<mjloggm ver="2.3"><GO type="169"/><UN n0="%E5%A4%AA%E3%81%8F%E3%81%AA%E3%81%84%E3%81%8A" n1="%E3%81%B5%E3%81%8B%E3%81%BF" n2="%70%69%6F%76%61" n3="%E3%82%84%E3%81%8D%E3%81%86%E3%81%A9%E3%82%93" dan="17,17,16,16" rate="2205,2207,2098,2060" sx="M,F,M,M"/><TAIKYOKU oya="0"/>

<Scene>
<INIT seed="0,0,0,0,5,34" ten="250,250,250,250" oya="0" hai0="38,79,74,117,132,62,88,72,22,73,102,25,16" hai1="95,108,86,96,98,134,97,10,90,1,9,63,101" hai2="18,24,44,78,5,85,48,82,70,28,93,42,106" hai3="53,119,61,58,92,68,104,21,131,112,19,4,33"/><T105/><D117/><U128/><E108/><V36/><F106/><W64/><G104/><T17/><D38/><U8/><E134/><V51/><F70/><W39/><G119/><T116/><D116/><U23/><E128/><V80/><F18/><W99/><G33/><T69/><D132/><U26/><E63/><V30/><F30/><W32/><G32/><T113/><D113/><U126/><E126/><V46/><F93/><W2/><G39/><T71/><D79/><U27/><E27/><V103/><F103/><W3/><G4/><T12/><D62/><U118/><E118/><V54/><F5/><W114/><G131/><T135/><D135/><U52/><E52/><V125/><F82/><W94/><G114/><T49/><D49/><U14/><E1/><V111/><F111/><W56/><G112/><T40/><D40/><U76/><E76/><V50/><REACH who="2" step="1"/><F125/><REACH who="2" ten="250,250,240,250" step="2"/><W75/><G68/><T124/><D124/><U6/><REACH who="1" step="1"/><E101/><REACH who="1" ten="250,240,240,250" step="2"/><V81/><F81/><W55/><G2/><T57/><D102/><U130/><E130/><V87/><F87/><W89/><G3/><T31/><D73/><U37/><E37/><V127/><F127/><W107/><G75/><T60/><D72/><U129/><E129/><V11/><F11/><W45/><G107/><T13/><D74/><U123/><E123/><V66/><F66/><W100/><G64/><T59/><D105/><U91/><E91/><V83/><F83/><W29/><G100/><T43/><D88/><U47/><E47/><V122/><F122/><W109/><G45/><T115/><D115/><U41/><E41/><RYUUKYOKU ba="0,2" sc="250,-15,240,15,240,15,250,-15" hai1="6,8,9,10,14,23,26,86,90,95,96,97,98" hai2="24,28,36,42,44,46,48,50,51,54,78,80,85" />
</Scene>
<Scene>
<INIT seed="1,1,2,2,0,16" ten="235,255,255,235" oya="1" hai0="59,68,96,47,125,118,102,15,75,86,121,26,29" hai1="80,94,117,45,65,8,57,2,14,78,58,54,39" hai2="70,82,49,38,28,62,104,92,116,20,9,10,37" hai3="55,25,4,52,120,134,122,31,23,128,93,40,89"/><U7/><E117/><V33/><F104/><W126/><G40/><T69/><D118/><U53/><E65/><V41/><F33/><W21/><G4/><T83/><D75/><N who="1" m="43103" /><E94/><V5/><F82/><W46/><G126/><T108/><D125/><U114/><E114/><V119/><F38/><W79/><G79/><T74/><D74/><U105/><E105/><V88/><F37/><W19/><G134/><T129/><D47/><U127/><E127/><V113/><F113/><W101/><G101/><T48/><D15/><U66/><E14/><V6/><F41/><W111/><G111/><T35/><D108/><U18/><E18/><V97/><F49/><N who="3" m="28727" /><G128/><T98/><D129/><U51/><E66/><V71/><F116/><W85/><G122/><T109/><D109/><U87/><E87/><V131/><F131/><W123/><G123/><T81/><D121/><U115/><E115/><V32/><F32/><W63/><G120/><T99/><D102/><U24/><E24/><V73/><F73/><W91/><G91/><T106/><D106/><U72/><E72/><V44/><F119/><W43/><G43/><T50/><D83/><U90/><E90/><V130/><F130/><W95/><G95/><T22/><D35/><U1/><E1/><V12/><F92/><W30/><G23/><T0/><D0/><U17/><E39/><V112/><F20/><W36/><G36/><T64/><D69/><U100/><E100/><V61/><F71/><W133/><G133/><T60/><D68/><U3/><E3/><V124/><F112/><W67/><G67/><T84/><D81/><RYUUKYOKU ba="1,2" sc="235,15,255,-15,255,-15,235,15" hai0="22,26,29,48,50,59,60,64,84,86,96,98,99" hai3="19,21,25,30,31,55,63,85,89,93" />
</Scene>
<Scene>
<INIT seed="2,2,2,2,2,71" ten="250,240,240,250" oya="2" hai0="67,20,13,93,91,1,6,83,108,63,55,62,24" hai1="43,99,78,120,64,59,16,61,8,18,33,106,21" hai2="98,116,80,26,48,29,9,101,40,118,38,130,114" hai3="84,123,94,87,100,69,107,77,109,89,70,104,92"/><V135/><F114/><W25/><G25/><T90/><D108/><U53/><E33/><V50/><F135/><W72/><G69/><T46/><D1/><U37/><E120/><V73/><F130/><W128/><G70/><T5/><D83/><U10/><E78/><V115/><F115/><W23/><G23/><T122/><D122/><U121/><E121/><V112/><F112/><W39/><G39/><T129/><D129/><U76/><E76/><V132/><F132/><W31/><G31/><T79/><D79/><U15/><E64/><V126/><F80/><N who="3" m="45095" /><G123/><T74/><D74/><U57/><E57/><V134/><F73/><W36/><G36/><T42/><D55/><U32/><E32/><V125/><F9/><W97/><G128/><T27/><D90/><U12/><E21/><N who="2" m="15567" /><F38/><W4/><G4/><T2/><D2/><U102/><E37/><V54/><F40/><AGARI ba="2,2" hai="8,10,12,15,16,18,40,43,53,59,61,99,102,106" machi="40" ten="40,2600,0" yaku="9,1,54,1" doraHai="71" who="1" fromWho="2" sc="250,0,240,52,240,-32,250,0" />
</Scene>
<Scene>
<INIT seed="3,0,0,2,5,132" ten="250,292,208,250" oya="3" hai0="93,103,117,83,127,130,81,110,124,72,4,104,99" hai1="11,70,34,2,68,86,101,98,38,46,128,23,58" hai2="126,12,33,30,18,63,39,120,29,37,116,78,125" hai3="7,47,64,77,113,131,50,107,25,15,71,66,21"/><W82/><G113/><T9/><D117/><U85/><E128/><V27/><F116/><W67/><G131/><T49/><D130/><U73/><E23/><N who="2" m="11719" /><F78/><W14/><G107/><T129/><D129/><U61/><E73/><V97/><F120/><W114/><G114/><T42/><D110/><U111/><E34/><V102/><F29/><W106/><G106/><T62/><D62/><U8/><E46/><V51/><F51/><W133/><G133/><T41/><D104/><U96/><E11/><V123/><F63/><W6/><G71/><T57/><D57/><U0/><E38/><V52/><F52/><N who="3" m="29791" /><G82/><N who="0" m="31243" /><D49/><U112/><E111/><V3/><F3/><W79/><G15/><N who="0" m="5543" /><D72/><U17/><E0/><V44/><F44/><W56/><G56/><T22/><D22/><U92/><E2/><V74/><F74/><W26/><G26/><T10/><D10/><U87/><E112/><V45/><F45/><W32/><G32/><T105/><D105/><U16/><E8/><V53/><F123/><W95/><G14/><T75/><D75/><U134/><E134/><V1/><F1/><W19/><G95/><T88/><D103/><N who="1" m="60807" /><E70/><V55/><F39/><W54/><G54/><N who="2" m="20489" /><F37/><W20/><G20/><T13/><D13/><U109/><E68/><V108/><F108/><W5/><AGARI ba="0,0" hai="5,6,7,19,21,25,64,66,67,77,79" m="29791" machi="5" ten="30,3000,0" yaku="8,1,54,1" doraHai="132" who="3" fromWho="3" sc="250,-10,292,-10,208,-10,250,30" />
</Scene>
<Scene>
<INIT seed="3,1,0,2,2,123" ten="240,282,198,280" oya="3" hai0="64,92,32,107,12,58,29,18,134,77,43,122,16" hai1="111,4,91,26,127,125,130,57,81,72,65,104,106" hai2="34,1,46,56,63,121,86,62,117,60,85,126,108" hai3="50,0,73,115,90,89,10,49,30,129,120,19,24"/><W25/><G120/><T96/><D122/><U94/><E4/><V11/><F117/><W97/><G73/><T20/><D134/><U114/><E26/><V66/><F34/><W80/><G115/><T6/><D107/><N who="1" m="41003" /><E57/><V75/><F75/><W23/><G129/><T15/><D77/><N who="1" m="44199" /><E65/><V8/><F126/><N who="1" m="48137" /><E114/><V135/><F135/><W110/><G0/><T47/><D6/><U113/><E113/><V5/><F121/><W116/><G116/><T124/><D124/><U131/><E111/><V27/><F108/><W84/><G110/><T36/><D32/><U61/><E61/><V2/><F27/><W112/><G112/><T100/><D29/><U103/><E103/><V35/><F35/><W31/><G10/><T17/><REACH who="0" step="1"/><D20/><REACH who="0" ten="230,282,198,280" step="2"/><U67/><E67/><V45/><F66/><W102/><G31/><T42/><D42/><U95/><E95/><V98/><F5/><W79/><G30/><T87/><D87/><AGARI ba="1,1" hai="87,91,94,130,131" m="48137,44199,41003" machi="87" ten="30,3900,0" yaku="18,1,34,2" doraHai="123" who="1" fromWho="0" sc="230,-42,282,52,198,0,280,0" />
</Scene>
<Scene>
<INIT seed="4,0,0,2,3,97" ten="188,334,198,280" oya="0" hai0="2,5,95,0,63,84,38,81,115,27,88,35,69" hai1="74,21,34,105,92,86,67,68,60,129,122,100,1" hai2="73,12,72,125,52,40,94,112,93,61,10,116,3" hai3="17,130,31,102,71,6,30,37,123,64,9,91,57"/><T96/><D38/><U111/><E1/><V127/><F3/><W49/><G37/><T113/><D35/><U25/><E122/><V106/><F106/><W42/><G123/><T22/><D69/><U99/><E111/><V41/><F112/><N who="0" m="43082" /><D63/><U87/><E74/><V14/><F116/><W108/><G108/><T43/><D43/><U124/><E129/><V114/><F114/><W44/><G71/><T15/><D15/><U8/><E124/><V85/><F61/><W76/><G130/><T11/><D2/><U78/><E78/><V53/><REACH who="2" step="1"/><F85/><REACH who="2" ten="188,334,188,280" step="2"/><W65/><G76/><N who="0" m="46119" /><D27/><U83/><E25/><V46/><F46/><W128/><G44/><T4/><D4/><U29/><E60/><V18/><F18/><W23/><G6/><T47/><D47/><U39/><E29/><V16/><F16/><W50/><G17/><T98/><D22/><U24/><E21/><V77/><F77/><W62/><G23/><T54/><D54/><U13/><E24/><V48/><F48/><W117/><G50/><T119/><D119/><U58/><E39/><V59/><F59/><W20/><G57/><T75/><D75/><U45/><E58/><V126/><F126/><W70/><G49/><T7/><D7/><U82/><E45/><V66/><F66/><W55/><G65/><T120/><D120/><U121/><E121/><V28/><F28/><W110/><G31/><T134/><D134/><U19/><E67/><V104/><F104/><W107/><G30/><T103/><D0/><U32/><E68/><V36/><F36/><W79/><G64/><T135/><D135/><RYUUKYOKU ba="0,1" sc="188,-10,334,-10,188,30,280,-10" hai2="10,12,14,40,41,52,53,72,73,93,94,125,127" />
</Scene>
<Scene>
<INIT seed="5,1,1,5,5,51" ten="178,324,218,270" oya="1" hai0="57,52,9,17,31,39,14,91,38,47,53,125,119" hai1="115,95,21,32,124,84,106,22,122,75,45,1,101" hai2="132,89,126,96,56,80,112,7,64,5,58,44,48" hai3="71,78,108,127,60,19,46,61,43,10,0,40,2"/><U4/><E32/><V107/><F132/><W100/><G108/><T87/><D119/><U99/><E122/><V28/><F126/><W42/><G127/><T49/><D125/><U6/><E124/><V33/><F33/><W129/><G46/><T111/><D31/><U76/><E45/><V12/><F28/><W88/><G78/><T25/><D25/><U37/><E37/><V55/><F107/><W3/><G100/><T15/><D15/><U102/><E102/><V34/><F34/><W26/><G129/><T50/><D111/><U20/><E1/><V65/><F112/><W134/><G134/><T29/><D29/><U36/><E36/><V73/><F73/><W118/><G118/><T83/><AGARI ba="1,1" hai="9,14,17,38,39,47,49,50,52,53,57,83,87,91" machi="83" ten="20,12000,2" yaku="0,1,7,1,25,2,52,2,54,1" doraHai="51" who="0" fromWho="0" sc="178,133,324,-61,218,-31,270,-31" />
</Scene>
<Scene>
<INIT seed="6,0,0,4,1,97" ten="311,263,187,239" oya="2" hai0="50,31,52,36,113,59,118,121,13,110,8,114,2" hai1="62,80,3,101,14,129,12,30,104,45,131,4,0" hai2="44,21,39,10,79,75,117,63,78,123,89,106,35" hai3="77,58,105,67,37,61,92,6,16,82,81,116,134"/><V128/><F35/><W95/><G105/><T20/><D110/><U1/><E30/><V33/><F33/><W47/><G116/><T38/><D121/><U124/><E124/><V125/><F117/><W103/><G6/><N who="0" m="1111" /><D118/><U133/><E133/><V68/><F123/><W122/><G134/><T49/><D49/><U88/><E45/><V18/><F10/><W99/><G122/><T111/><D111/><U43/><E43/><V100/><F75/><W24/><G37/><T46/><D46/><U15/><E4/><V83/><F125/><W5/><G5/><T57/><D57/><U9/><E9/><V19/><F19/><W127/><G127/><T70/><D70/><U11/><E11/><V29/><F29/><W28/><G47/><T132/><D132/><U91/><E62/><V22/><F22/><N who="3" m="13383" /><G28/><T126/><D126/><U40/><E40/><V107/><F44/><W26/><G26/><N who="0" m="16839" /><D13/><U73/><E73/><V120/><F39/><W90/><G77/><N who="2" m="29193" /><F120/><W96/><AGARI ba="0,0" hai="58,61,67,81,82,90,92,95,96,99,103" m="13383" machi="96" ten="30,4000,0" yaku="8,1,52,1,54,1" doraHai="97" who="3" fromWho="3" sc="311,-10,263,-10,187,-20,239,40" />
</Scene>
<Scene>
<INIT seed="7,0,0,0,2,54" ten="301,253,167,279" oya="3" hai0="12,131,44,115,65,66,117,94,98,109,88,123,5" hai1="133,2,90,75,50,84,68,31,104,0,27,3,13" hai2="53,67,81,18,20,91,135,39,125,55,15,42,52" hai3="38,59,49,79,26,129,122,22,111,6,77,8,4"/><W95/><G38/><T71/><D109/><U46/><E75/><V124/><F135/><W130/><G122/><T60/><D123/><U47/><E104/><V74/><F67/><W19/><G111/><T120/><D120/><U82/><E68/><V25/><F25/><W105/><G105/><T57/><D117/><U118/><E133/><V76/><REACH who="2" step="1"/><F91/><REACH who="2" ten="301,253,157,279" step="2"/><W96/><G130/><T58/><D131/><U11/><E118/><V132/><F132/><W30/><G129/><T64/><D71/><U103/><E103/><V92/><F92/><W24/><G24/><T107/><D107/><U83/><E83/><V87/><F87/><W23/><G95/><T127/><D66/><U14/><E90/><V72/><F72/><W34/><G96/><T45/><D65/><U33/><E84/><V63/><F63/><W106/><G106/><T48/><D60/><U116/><E82/><V108/><F108/><W78/><G26/><T113/><D64/><U35/><E116/><V41/><F41/><W43/><G43/><T119/><D119/><U100/><E100/><V10/><F10/><W99/><G99/><T85/><D98/><U29/><E11/><V28/><F28/><W51/><G30/><T56/><D85/><U21/><E31/><V80/><F80/><W97/><G97/><T73/><D73/><U128/><E128/><V16/><F16/><W112/><G19/><T37/><D88/><U70/><E27/><V69/><F69/><W32/><G8/><T61/><D94/><U40/><E70/><V36/><F36/><W89/><G89/><T114/><D37/><RYUUKYOKU ba="0,1" sc="301,-10,253,-10,157,30,279,-10" hai2="15,18,20,39,42,52,53,55,74,76,81,124,125" />
</Scene>
<Scene>
<INIT seed="8,1,1,0,3,66" ten="291,243,187,269" oya="0" hai0="83,132,27,60,25,3,49,106,126,112,0,108,116" hai1="31,71,89,73,119,37,11,59,115,47,95,9,46" hai2="109,44,93,97,124,42,125,53,56,17,113,34,107" hai3="20,4,70,87,2,65,133,88,94,68,91,16,40"/><T92/><D112/><U127/><E73/><V57/><F109/><W13/><G65/><T33/><D106/><U111/><E111/><V129/><F113/><W86/><G133/><T8/><D108/><U120/><E120/><V51/><F107/><W21/><G40/><T117/><D132/><U52/><E71/><V54/><F129/><W123/><G123/><T90/><D126/><N who="2" m="48746" /><F34/><W72/><G72/><T131/><D131/><U76/><E76/><V122/><F17/><W62/><G62/><T12/><D83/><U81/><E81/><V80/><F80/><W14/><G2/><N who="0" m="555" /><D49/><N who="1" m="31119" /><E37/><V103/><F122/><W55/><G55/><AGARI ba="1,1" hai="42,44,51,53,54,55,56,57,93,97,103" m="48746" machi="55" ten="30,1000,0" yaku="18,1" doraHai="66" who="2" fromWho="3" sc="291,0,243,0,187,23,269,-13" />
</Scene>
<Scene>
<INIT seed="9,0,0,3,2,36" ten="291,243,210,256" oya="1" hai0="61,63,121,77,115,67,66,19,120,80,54,0,98" hai1="127,76,131,40,42,109,71,130,33,108,14,28,86" hai2="100,30,74,16,102,113,32,94,20,17,38,46,134" hai3="26,34,68,29,73,9,21,11,23,53,105,89,37"/><U27/><E127/><V135/><F74/><W117/><G73/><N who="0" m="43055" /><D115/><U31/><E71/><V83/><F83/><W101/><G68/><T97/><D0/><U15/><E76/><V123/><F123/><N who="0" m="47178" /><D19/><N who="2" m="7242" /><F32/><W88/><G37/><T128/><D128/><N who="1" m="49195" /><E86/><V52/><F94/><W50/><G117/><T6/><D6/><U110/><E31/><V64/><F64/><N who="0" m="24618" /><D54/><U122/><E122/><V96/><F96/><AGARI ba="0,0" hai="61,63,96,97,98" m="24618,47178,43055" machi="96" ten="30,1000,0" yaku="13,1" doraHai="36" who="0" fromWho="2" sc="291,10,243,0,210,-10,256,0" owari="301,40.0,243,-16.0,200,-30.0,256,6.0" />
</Scene>
</mjloggm>