<mjloggm ver="2.3"><GO type="169"/><UN n0="%E5%A4%AA%E3%81%8F%E3%81%AA%E3%81%84%E3%81%8A" n1="%67%69%6A%79%75%74%75" n2="%E8%8A%8B%EF%BC%A0%EF%BC%90%EF%BC%98%E2%80%99" n3="%E3%83%96%E3%83%83%E3%83%91%E7%A5%9E" dan="17,16,16,17" rate="2132,2071,2075,2134" sx="M,M,M,M"/><TAIKYOKU oya="0"/>

<Scene>
<INIT seed="0,0,0,2,0,10" ten="250,250,250,250" oya="0" hai0="131,21,91,40,103,119,79,127,81,97,75,112,5" hai1="60,35,20,38,100,123,120,36,89,115,125,85,74" hai2="80,7,6,12,108,66,2,114,44,11,72,118,110" hai3="98,15,8,107,13,68,132,124,121,129,62,76,69"/><T9/><D119/><U59/><E35/><V77/><F114/><W1/><G1/><T30/><D112/><U29/><E74/><V133/><F118/><W31/><G132/><T73/><D127/><U109/><E115/><V63/><F133/><W42/><G124/><T106/><D131/><U135/><E125/><V122/><F122/><W54/><G129/><T78/><D40/><U70/><E70/><V90/><F90/><W57/><G121/><T3/><D91/><U32/><E135/><V50/><F7/><W128/><G128/><T51/><D51/><U22/><E100/><V83/><F2/><W49/><G31/><T16/><D30/><U56/><E32/><V102/><F102/><W130/><G130/><T96/><D96/><U17/><E29/><V117/><F117/><W94/><G107/><T55/><D55/><U26/><E22/><V58/><REACH who="2" step="1"/><F83/><REACH who="2" ten="250,250,240,250" step="2"/><W48/><G76/><T101/><D101/><U45/><E89/><V93/><F93/><W46/><G94/><T0/><D0/><U34/><E123/><V14/><F14/><W88/><G15/><T61/><D79/><U25/><E120/><V43/><AGARI ba="0,1" hai="6,11,12,43,44,50,58,63,66,72,77,80,108,110" machi="43" ten="30,4000,0" yaku="1,1,0,1,52,1,53,0" doraHai="10" doraHaiUra="65" who="2" fromWho="2" sc="250,-20,250,-10,240,50,250,-10" />
</Scene>
<Scene>
<INIT seed="1,0,0,2,4,57" ten="230,240,290,240" oya="1" hai0="78,2,117,55,41,71,123,12,93,47,87,108,67" hai1="91,126,52,39,32,22,105,68,21,45,8,63,118" hai2="115,58,79,28,7,100,103,88,29,1,121,104,14" hai3="25,107,33,64,27,128,69,135,112,95,48,80,18"/><U54/><E118/><V40/><F121/><W94/><G112/><T127/><D117/><U82/><E32/><V134/><F1/><W65/><G107/><T46/><D2/><U50/><E105/><V59/><F115/><W89/><G128/><T76/><D123/><U30/><E39/><V116/><F116/><W75/><G135/><T133/><D133/><U5/><E126/><V43/><F79/><W51/><G33/><T90/><D127/><U92/><E82/><V85/><F104/><W24/><G18/><T83/><D108/><U96/><E30/><N who="2" m="11883" /><F134/><W66/><G69/><T0/><D0/><U9/><E9/><N who="2" m="4415" /><F59/><W26/><N who="3" m="6656" /><DORA hai="131" /><W129/><G129/><T49/><D12/><N who="1" m="5135" /><E68/><V42/><F58/><AGARI ba="0,0" hai="21,22,45,50,52,54,58,63,91,92,96" m="5135" machi="58" ten="30,5800,0" yaku="8,1,52,1,54,1" doraHai="57,131" who="1" fromWho="2" sc="230,0,240,58,290,-58,240,0" />
</Scene>
<Scene>
<INIT seed="1,1,0,5,4,60" ten="230,298,232,240" oya="1" hai0="129,126,42,84,14,61,81,23,82,127,58,73,105" hai1="9,117,115,0,131,19,130,100,56,94,3,29,99" hai2="28,50,118,16,90,133,52,134,65,97,68,10,108" hai3="112,114,5,77,101,53,25,111,132,8,76,47,121"/><U86/><E117/><V27/><F118/><W41/><G121/><T2/><D2/><U51/><E115/><V124/><F108/><W113/><G111/><T37/><D105/><U62/><E29/><V107/><F124/><N who="0" m="47658" /><D129/><N who="1" m="49163" /><E51/><V36/><F36/><W17/><G132/><N who="2" m="50793" /><F68/><W44/><G101/><T32/><D32/><U34/><E34/><V49/><F65/><W64/><G64/><N who="0" m="38967" /><D73/><U12/><E86/><V110/><F110/><W1/><G53/><AGARI ba="1,0" hai="0,3,9,12,19,53,56,62,94,99,100" m="49163" machi="53" ten="30,1500,0" yaku="19,1" doraHai="60" who="1" fromWho="3" sc="230,0,298,18,232,0,240,-18" />
</Scene>
<Scene>
<INIT seed="1,2,0,3,3,84" ten="230,316,232,222" oya="1" hai0="119,124,81,8,21,79,102,23,53,90,45,105,48" hai1="50,121,49,34,82,120,55,39,126,129,111,131,97" hai2="117,20,132,5,41,27,43,133,108,75,89,122,115" hai3="100,109,69,101,4,104,40,19,113,3,106,65,35"/><U103/><E34/><V128/><F117/><W112/><G35/><T6/><D119/><U10/><E39/><V67/><F122/><W92/><G109/><T15/><D124/><U11/><E126/><V22/><F108/><W73/><G73/><T59/><D105/><U72/><E111/><V25/><F75/><W38/><G19/><T28/><D102/><U78/><E121/><V125/><F125/><W17/><G17/><T80/><D28/><U107/><E120/><V0/><F67/><W7/><G92/><T118/><D118/><U58/><REACH who="1" step="1"/><E49/><REACH who="1" ten="230,306,232,222" step="2"/><V12/><F115/><W99/><G38/><T71/><D71/><U51/><E51/><V31/><F133/><W98/><G69/><T95/><D45/><U52/><E52/><V57/><F132/><W63/><G112/><T36/><D36/><U93/><E93/><V114/><F114/><W14/><G113/><T86/><REACH who="0" step="1"/><D81/><REACH who="0" ten="220,306,232,222" step="2"/><U123/><E123/><V62/><F57/><W88/><G106/><T32/><D32/><U94/><E94/><V13/><F43/><W130/><G40/><T30/><D30/><U83/><E83/><V110/><F41/><W74/><G104/><T44/><D44/><U42/><E42/><V76/><F110/><W60/><G65/><T47/><D47/><U56/><E56/><V64/><F64/><W66/><G66/><T85/><AGARI ba="2,2" hai="6,8,15,21,23,48,53,59,79,80,85,86,90,95" machi="85" ten="20,8000,1" yaku="1,1,0,1,7,1,8,1,52,1,53,0" doraHai="84" doraHaiUra="135" who="0" fromWho="0" sc="220,106,306,-42,232,-22,222,-22" />
</Scene>
<Scene>
<INIT seed="2,0,0,1,3,135" ten="326,264,210,200" oya="2" hai0="87,105,66,103,132,120,26,113,67,72,39,50,52" hai1="109,33,13,2,93,49,78,119,41,61,48,27,60" hai2="125,77,130,115,40,95,10,76,0,22,4,91,5" hai3="8,84,71,18,74,92,96,68,37,51,89,70,55"/><V129/><F115/><W32/><G37/><T88/><D113/><U7/><E119/><V98/><F40/><W106/><G32/><T12/><D120/><U30/><E2/><V100/><F5/><W123/><G123/><T45/><D72/><U104/><E104/><V44/><F44/><W75/><G106/><T20/><D132/><U19/><E7/><V85/><F22/><W131/><G131/><N who="2" m="50185" /><F125/><W24/><G96/><T110/><D39/><U121/><E121/><V35/><F35/><W63/><G63/><T94/><D110/><U17/><E61/><V36/><F36/><W126/><G126/><T3/><D3/><U128/><E60/><V34/><F34/><W16/><G18/><T57/><D45/><U25/><E19/><V46/><F46/><W47/><REACH who="3" step="1"/><G8/><REACH who="3" ten="326,264,210,190" step="2"/><T82/><D105/><AGARI ba="0,1" hai="0,4,10,76,77,85,91,95,98,100,105" m="50185" machi="105" ten="30,1500,0" yaku="19,1" doraHai="135" who="2" fromWho="0" sc="326,-15,264,0,210,25,190,0" />
</Scene>
<Scene>
<INIT seed="2,1,0,1,0,110" ten="311,264,235,190" oya="2" hai0="12,51,19,58,114,130,22,25,94,0,26,106,9" hai1="113,44,32,30,98,99,14,20,100,89,4,78,6" hai2="40,35,128,45,31,55,86,37,74,116,96,109,125" hai3="112,85,97,41,129,84,135,68,101,134,3,71,90"/><V57/><F74/><W10/><G129/><T48/><D106/><U5/><E78/><V66/><F116/><W47/><G3/><T29/><D130/><U107/><E32/><V61/><F128/><W124/><G10/><T83/><D114/><U1/><E1/><V95/><F109/><W39/><G124/><T122/><D122/><U46/><E113/><V38/><F125/><W73/><G73/><T105/><D105/><U126/><E126/><V118/><F118/><W102/><G112/><T76/><D0/><U13/><E30/><V33/><F38/><W92/><G85/><N who="0" m="48359" /><D94/><U2/><E2/><V27/><F86/><W34/><G34/><T108/><D108/><U115/><E115/><V91/><REACH who="2" step="1"/><F35/><REACH who="2" ten="311,264,225,190" step="2"/><W93/><REACH who="3" step="1"/><G102/><REACH who="3" ten="311,264,225,180" step="2"/><T53/><D9/><N who="1" m="4263" /><E100/><V36/><F36/><W82/><G82/><T62/><D22/><U121/><E20/><V103/><F103/><W64/><G64/><AGARI ba="1,2" hai="27,31,33,37,40,45,55,57,61,64,66,91,95,96" machi="64" ten="40,2000,0" yaku="1,1,53,0" doraHai="110" doraHaiUra="131" who="2" fromWho="3" sc="311,0,264,0,225,43,180,-23" />
</Scene>
<Scene>
<INIT seed="2,2,0,1,1,36" ten="311,264,268,157" oya="2" hai0="129,22,43,76,42,130,84,44,66,26,73,122,86" hai1="8,41,72,53,48,62,19,68,47,32,79,90,77" hai2="35,133,12,51,34,21,80,17,81,91,111,104,97" hai3="58,69,37,70,49,109,98,61,107,4,119,89,105"/><V121/><F121/><W134/><G119/><T92/><D122/><U40/><E32/><V6/><F133/><W101/><G37/><T100/><D66/><U115/><E115/><V30/><F111/><W87/><G107/><T103/><D73/><U74/><E68/><V83/><F6/><W120/><G120/><T93/><D76/><N who="1" m="29259" /><E74/><V33/><F51/><W57/><G134/><T128/><D92/><U27/><E72/><V45/><F45/><W99/><G99/><N who="0" m="59503" /><D103/><U112/><E112/><V55/><F55/><W126/><G109/><T88/><D44/><U20/><E62/><V114/><F114/><W2/><G126/><T15/><D15/><N who="1" m="7655" /><E90/><V65/><F91/><W13/><G2/><T29/><D88/><U94/><E94/><V67/><F104/><W46/><G69/><T24/><D24/><U102/><E102/><V38/><F38/><W127/><G127/><T124/><D124/><U16/><AGARI ba="2,0" hai="16,20,27,40,41,47,48,53" m="7655,29259" machi="16" ten="30,7900,0" yaku="8,1,52,2,54,1" doraHai="36" who="1" fromWho="1" sc="311,-22,264,85,268,-41,157,-22" />
</Scene>
<Scene>
<INIT seed="3,0,0,2,0,6" ten="289,349,227,135" oya="3" hai0="94,53,23,89,99,26,17,76,51,2,128,95,120" hai1="87,10,8,5,127,106,60,45,85,35,103,74,115" hai2="61,14,25,78,41,19,108,73,67,129,91,121,11" hai3="112,133,90,54,118,39,116,36,70,29,34,101,102"/><W134/><G90/><T50/><D120/><U27/><E74/><V135/><F121/><W3/><G29/><T84/><D128/><U130/><E115/><V20/><F129/><W18/><G18/><T30/><D2/><U24/><E130/><V69/><F108/><W132/><G3/><T12/><D53/><U7/><E103/><N who="3" m="39434" /><G54/><T92/><D76/><U42/><E106/><V124/><F41/><W110/><G112/><T38/><D38/><N who="3" m="14377" /><G70/><T57/><D57/><U46/><E42/><V80/><F91/><W117/><G34/><T40/><D40/><U66/><E35/><V72/><F72/><W44/><G44/><T75/><D75/><U109/><E60/><V22/><F22/><W119/><N who="3" m="30208" /><DORA hai="107" /><W49/><G49/><N who="0" m="18443" /><D84/><U21/><E87/><V56/><F69/><W82/><G82/><T16/><D30/><U111/><E85/><V58/><F58/><W123/><G123/><T131/><D131/><U31/><E31/><V28/><F28/><W86/><G86/><T48/><N who="0" m="18451" /><T83/><DORA hai="97" /><D83/><U96/><E46/><V71/><F71/><W100/><N who="3" m="39442" /><W77/><DORA hai="68" /><G77/><T65/><D65/><U122/><E66/><V9/><F67/><W55/><G55/><T32/><D32/><U79/><E79/><V93/><F56/><W64/><G64/><T81/><D81/><U114/><E114/><V63/><F80/><W59/><G59/><T37/><D37/><U13/><E45/><V62/><F62/><W47/><G47/><T15/><D17/><N who="1" m="10415" /><E122/><V52/><F63/><W98/><G98/><T105/><D105/><RYUUKYOKU ba="0,0" sc="289,15,349,-15,227,-15,135,15" hai0="12,15,16,23,26,89,92,94,95,99" hai3="110,132,133,134" />
</Scene>
<Scene>
<INIT seed="3,1,0,1,1,17" ten="304,334,212,150" oya="3" hai0="116,66,71,26,41,107,27,104,97,60,82,46,106" hai1="120,28,113,87,48,92,63,78,19,20,45,69,56" hai2="131,109,50,53,68,8,96,49,93,70,124,6,79" hai3="34,114,64,128,36,33,42,65,32,59,31,40,58"/><W16/><G114/><T110/><D116/><U18/><E113/><V100/><F109/><W85/><G31/><T129/><D110/><U127/><E120/><V75/><F131/><W1/><G1/><T39/><D129/><U51/><E127/><V10/><F124/><W101/><G128/><T123/><D123/><U112/><E69/><V37/><F37/><W74/><G74/><T9/><D82/><N who="1" m="47575" /><E112/><V135/><F135/><W73/><G73/><T55/><D97/><U35/><E35/><V130/><F130/><W2/><G2/><T77/><D77/><U83/><E83/><V21/><F50/><N who="1" m="18985" /><E45/><V94/><F79/><W44/><G101/><T119/><D119/><U103/><E92/><V0/><F93/><W23/><G42/><T81/><D81/><U7/><E7/><V12/><F75/><W84/><G59/><T122/><D122/><U4/><E4/><V132/><F132/><W111/><G111/><T43/><D43/><U134/><E103/><V105/><F105/><W29/><G29/><T62/><REACH who="0" step="1"/><D9/><REACH who="0" ten="294,334,212,150" step="2"/><U91/><E134/><V125/><F10/><W80/><G58/><AGARI ba="1,1" hai="26,27,39,41,46,55,58,60,62,66,71,104,106,107" machi="58" ten="40,5200,0" yaku="1,1,2,1,53,1" doraHai="17" doraHaiUra="54" who="0" fromWho="3" sc="294,65,334,0,212,0,150,-55" />
</Scene>
<Scene>
<INIT seed="4,0,0,5,5,10" ten="359,334,212,95" oya="0" hai0="77,135,57,70,126,18,125,134,29,16,53,122,99" hai1="98,11,75,92,100,4,71,35,119,129,56,41,78" hai2="8,50,105,9,107,46,80,133,93,130,17,62,110" hai3="106,33,38,7,54,3,82,104,30,81,42,21,96"/><T48/><D122/><U45/><E119/><V36/><F110/><W89/><G33/><T111/><D70/><U47/><E71/><V68/><F36/><W101/><G104/><T97/><D111/><U118/><E118/><V128/><F133/><N who="0" m="50698" /><D29/><U13/><E35/><V83/><F105/><W117/><G117/><T59/><D77/><U91/><E129/><N who="2" m="49771" /><F107/><W34/><G34/><T64/><D64/><U115/><E115/><V124/><F124/><N who="0" m="47722" /><D59/><U20/><E78/><V72/><F72/><W24/><G38/><T114/><D114/><U52/><E75/><V37/><F68/><W127/><G127/><T121/><D121/><U116/><E116/><V14/><F46/><N who="1" m="17417" /><E41/><V49/><F37/><W76/><G42/><T131/><D131/><U15/><E100/><V58/><F58/><W113/><G113/><T1/><D1/><U112/><E112/><V31/><F31/><W0/><G54/><T120/><D120/><U61/><E20/><V32/><F32/><W51/><G51/><T132/><N who="0" m="50706" /><T25/><DORA hai="123" /><D25/><U109/><E109/><V108/><F50/><W22/><G22/><T19/><AGARI ba="0,0" hai="16,18,19,48,53,57,97,99" m="47722,50706" machi="19" ten="50,9600,0" yaku="20,1,18,1,54,1" doraHai="10,123" who="0" fromWho="0" sc="359,96,334,-32,212,-32,95,-32" />
</Scene>
<Scene>
<INIT seed="4,1,0,1,1,63" ten="455,302,180,63" oya="0" hai0="50,9,84,93,112,102,105,79,5,69,29,25,47" hai1="120,87,56,62,45,61,106,33,104,7,73,16,11" hai2="26,55,23,22,48,42,54,46,90,15,101,91,129" hai3="133,86,78,83,71,127,52,109,58,31,60,107,115"/><T81/><D69/><U18/><E33/><V88/><F129/><W72/><G109/><T53/><D112/><U130/><E73/><V111/><F111/><W3/><G3/><T108/><D108/><U4/><E120/><V121/><F121/><W103/><G115/><T74/><D105/><U122/><E122/><V97/><F15/><W100/><G127/><T64/><D64/><U67/><E130/><V39/><F39/><W66/><G133/><T116/><D116/><U77/><E45/><V123/><F123/><W51/><G31/><T65/><D65/><U41/><E41/><V68/><F68/><W12/><G107/><T19/><D19/><U85/><E67/><V70/><F70/><W95/><REACH who="3" step="1"/><G12/><REACH who="3" ten="455,302,180,53" step="2"/><T59/><D29/><U98/><E106/><V134/><F134/><W30/><G30/><T94/><D25/><U82/><E104/><V17/><REACH who="2" step="1"/><F22/><REACH who="2" ten="455,302,170,53" step="2"/><W34/><G34/><T117/><D117/><U13/><E13/><V99/><F99/><W37/><G37/><T20/><D20/><U113/><E98/><V38/><F38/><W43/><G43/><T80/><D9/><U132/><E11/><V21/><F21/><W118/><G118/><T49/><D5/><U0/><E4/><V10/><F10/><W124/><G124/><T75/><D75/><U35/><E7/><V57/><F57/><W27/><G27/><T119/><D119/><U131/><E56/><V44/><F44/><W135/><G135/><T6/><D6/><U32/><E132/><V40/><F40/><W8/><G8/><T1/><D74/><U96/><E131/><RYUUKYOKU ba="1,2" sc="455,-15,302,-15,170,15,53,15" hai2="17,23,26,42,46,48,54,55,88,90,91,97,101" hai3="51,52,58,60,66,71,72,78,83,86,95,100,103" />
</Scene>
<Scene>
<INIT seed="5,2,2,1,5,13" ten="440,287,185,68" oya="1" hai0="21,75,108,37,45,135,89,65,102,94,134,5,35" hai1="36,104,16,126,31,54,29,20,22,90,107,33,114" hai2="12,2,48,118,30,82,58,125,113,98,15,101,62" hai3="9,41,46,129,26,59,83,86,112,40,92,38,88"/><U99/><E36/><V103/><F2/><W123/><G123/><T27/><D108/><U49/><E33/><V117/><F117/><W128/><G41/><N who="0" m="22703" /><D75/><U55/><E114/><V4/><F118/><W70/><G70/><T77/><D77/><U53/><E126/><V80/><F125/><W43/><G43/><T67/><D5/><U51/><E107/><V64/><F113/><W84/><G112/><T68/><D102/><U17/><E104/><V119/><F119/><W3/><G26/><T97/><D68/><U78/><E78/><V127/><F127/><W60/><G9/><T87/><D87/><U110/><E110/><V28/><F48/><N who="1" m="18505" /><E99/><V96/><F96/><W76/><REACH who="3" step="1"/><G3/><REACH who="3" ten="440,287,185,58" step="2"/><T130/><D27/><N who="1" m="14735" /><E90/><V121/><F121/><W11/><G11/><T122/><D122/><U47/><E47/><V32/><F103/><W93/><G93/><T63/><D94/><U95/><E95/><V61/><F101/><W7/><G7/><T111/><D89/><U24/><AGARI ba="2,3" hai="16,22,24,29,31,53,54,55" m="14735,18505" machi="24" ten="30,11700,0" yaku="8,1,52,2,54,1" doraHai="13" who="1" fromWho="1" sc="440,-41,287,153,185,-41,58,-41" />
</Scene>
<Scene>
<INIT seed="5,3,0,0,5,37" ten="399,440,144,17" oya="1" hai0="59,99,82,75,30,49,101,122,89,60,64,61,56" hai1="124,57,71,7,130,3,44,107,98,55,120,68,38" hai2="21,106,132,102,17,33,22,77,67,12,29,42,114" hai3="11,6,27,112,66,51,105,4,121,45,40,125,128"/><U129/><E7/><V48/><F33/><W24/><G121/><T96/><D122/><U52/><E3/><V126/><F77/><W100/><G112/><T54/><D30/><U131/><E120/><V117/><F117/><W9/><G125/><T104/><D96/><U58/><E98/><V109/><F109/><W14/><G128/><T123/><D123/><U88/><E88/><V1/><F1/><W16/><G66/><T108/><D108/><U81/><E81/><V94/><F106/><W62/><G62/><T90/><D49/><N who="1" m="30959" /><E107/><V103/><F132/><W78/><G78/><T119/><D119/><U18/><E18/><V35/><F35/><W127/><G127/><T80/><D75/><U23/><E23/><V116/><F116/><W15/><G105/><T86/><D82/><U25/><E25/><V133/><F133/><W43/><G100/><T50/><D50/><N who="1" m="30999" /><E124/><V85/><F126/><W72/><G72/><T111/><D111/><U53/><E53/><V113/><F113/><W83/><G83/><T65/><D54/><U135/><E135/><V118/><F114/><W87/><G87/><T34/><D34/><U63/><E63/><V134/><F118/><W93/><G93/><T97/><D97/><U32/><E32/><V84/><F134/><W5/><REACH who="3" step="1"/><G43/><AGARI ba="3,0" hai="38,43,44,68,71,129,130,131" m="30999,30959" machi="43" ten="30,12000,1" yaku="19,1,34,2,52,1,54,1" doraHai="37" who="1" fromWho="3" sc="399,0,440,129,144,0,17,-129" owari="399,20.0,569,67.0,144,-26.0,-112,-61.0" />
</Scene>
</mjloggm>