<mjloggm ver="2.3"><GO type="193"/><UN n0="%68%6F%72%61%72%61%6E" n1="%6E%61%69%73%75%33%62%75" n2="%E5%A4%AA%E3%81%8F%E3%81%AA%E3%81%84%E3%81%8A" n3="%61%73%63%67%65%72%69%75" dan="11,12,8,12" rate="1754,1678,1667,1578" sx="M,M,M,M"/><TAIKYOKU oya="0"/>

<Scene>
<INIT seed="0,0,0,0,2,118" ten="250,250,250,250" oya="0" hai0="34,131,59,16,28,101,18,2,128,133,62,7,51" hai1="104,25,111,97,90,52,120,47,70,19,4,22,80" hai2="48,10,11,115,31,39,123,5,43,69,114,72,78" hai3="76,57,92,93,55,121,86,13,84,8,108,79,64"/><T119/><D119/><U36/><E70/><V100/><F69/><W66/><G108/><T35/><D101/><U6/><E104/><V56/><F100/><W89/><G121/><T71/><D71/><U102/><E111/><V73/><F31/><W49/><G86/><T126/><D126/><U12/><E102/><V125/><F123/><W106/><G92/><T75/><D75/><U98/><E36/><V99/><F99/><W46/><G106/><T124/><D124/><U61/><E120/><V83/><F72/><W53/><G55/><T9/><D51/><N who="1" m="28799" /><E4/><V14/><F125/><W82/><G93/><T116/><D116/><U81/><E81/><V50/><F39/><W67/><REACH who="3" step="1"/><G57/><REACH who="3" ten="250,250,250,240" step="2"/><T94/><D94/><N who="1" m="56535" /><E80/><V68/><F68/><W15/><G15/><T109/><D109/><U85/><E85/><V54/><F14/><W41/><G41/><T17/><D59/><U95/><E6/><AGARI ba="0,1" hai="6,8,13,46,49,53,64,66,67,76,79,82,84,89" machi="6" ten="40,2600,0" yaku="1,1,8,1,53,0" doraHai="118" doraHaiUra="29" who="3" fromWho="1" sc="250,0,250,-26,250,0,240,36" />
</Scene>
<Scene>
<INIT seed="1,0,0,3,1,58" ten="250,224,250,276" oya="1" hai0="39,57,102,81,110,131,104,3,92,108,83,100,16" hai1="2,120,82,79,30,77,65,11,17,71,112,105,8" hai2="67,26,130,48,97,122,126,36,115,47,123,93,56" hai3="42,10,66,64,37,46,84,0,124,86,12,113,76"/><U43/><E112/><V41/><F115/><W114/><G124/><T27/><D39/><U78/><E105/><V128/><F26/><W34/><G34/><T1/><D104/><U38/><E30/><V24/><F24/><W107/><G107/><T52/><D131/><N who="2" m="50218" /><F126/><W127/><G127/><T116/><D116/><U20/><E120/><N who="2" m="46123" /><F67/><W129/><G114/><T5/><D27/><U88/><E38/><V22/><F22/><W94/><G129/><T55/><D5/><U101/><E101/><N who="2" m="60591" /><F56/><W119/><G113/><T72/><D57/><U111/><E2/><V109/><F109/><W125/><G0/><T80/><D16/><U121/><E43/><V118/><F48/><W62/><G125/><T49/><D49/><U4/><E121/><V85/><F85/><W96/><G84/><T87/><D87/><U134/><E4/><V133/><F133/><W61/><G86/><T74/><D83/><U91/><E134/><V29/><F29/><W45/><G66/><T68/><D68/><U132/><E82/><V15/><F15/><W31/><G64/><T54/><D55/><U89/><E132/><V90/><F90/><W75/><G31/><T7/><D7/><U9/><E111/><V53/><F53/><W33/><G42/><T28/><D28/><U19/><E71/><V70/><F70/><W117/><G12/><T73/><D3/><U95/><E19/><V103/><F103/><W40/><G40/><T14/><D1/><U50/><E65/><V25/><F25/><W6/><G6/><T51/><D14/><N who="1" m="9271" /><E50/><V35/><F35/><W60/><G33/><RYUUKYOKU ba="0,0" sc="250,-15,224,15,250,15,276,-15" hai1="8,9,11,77,78,79,88,89,91,95" hai2="36,41,47,118" />
</Scene>
<Scene>
<INIT seed="1,1,0,2,0,3" ten="235,239,265,261" oya="1" hai0="30,104,133,98,46,114,60,105,67,56,0,127,71" hai1="80,131,43,92,63,2,75,82,125,10,121,57,29" hai2="31,112,128,110,9,132,36,102,7,47,120,12,135" hai3="6,27,97,48,99,89,106,81,76,5,65,101,32"/><U59/><E121/><V49/><F120/><W68/><G97/><T130/><D114/><U19/><E29/><V100/><F112/><W18/><G89/><T103/><D104/><U129/><E75/><V14/><F36/><W51/><G48/><T55/><D0/><U70/><E43/><V116/><F116/><W53/><G53/><T64/><D64/><U74/><E70/><V24/><F14/><W111/><G111/><T84/><D130/><N who="1" m="49675" /><E74/><V78/><F110/><W21/><G51/><T17/><D133/><N who="2" m="51274" /><F78/><W1/><G1/><T35/><D127/><U22/><E92/><V90/><F90/><W39/><G39/><T122/><D46/><U79/><E79/><V50/><F50/><W117/><G117/><T72/><D122/><U93/><E93/><V37/><F37/><W15/><G15/><T38/><D72/><U87/><E125/><V77/><F77/><W20/><G21/><T8/><D38/><U25/><E87/><V115/><F115/><W83/><G81/><N who="1" m="31338" /><E63/><V109/><F109/><W123/><G123/><T33/><D84/><U85/><E85/><V66/><F128/><W41/><G41/><T96/><D96/><U26/><E26/><V42/><F66/><W4/><G32/><AGARI ba="1,0" hai="7,9,12,24,31,32,42,47,49,100,102" m="51274" machi="32" ten="30,2000,0" yaku="20,1,52,1" doraHai="3" who="2" fromWho="3" sc="235,0,239,0,265,23,261,-23" />
</Scene>
<Scene>
<INIT seed="2,0,0,1,0,131" ten="235,239,288,238" oya="2" hai0="24,2,90,105,74,16,31,35,39,130,44,54,128" hai1="19,11,116,62,22,69,51,78,58,119,30,3,129" hai2="21,13,9,46,123,56,94,47,60,92,114,132,42" hai3="65,43,104,112,49,4,0,25,100,12,73,72,96"/><V85/><F123/><W125/><G112/><T17/><D105/><U127/><E69/><V102/><F114/><W122/><G125/><T71/><D71/><U63/><E78/><V33/><F33/><W111/><G122/><T91/><D74/><U52/><E127/><V5/><F132/><W53/><G111/><T101/><D101/><U113/><E30/><V82/><F21/><W109/><G0/><T34/><D34/><U135/><E113/><V76/><F102/><W7/><G109/><T108/><D108/><U59/><E129/><N who="0" m="49769" /><D2/><U117/><E135/><V81/><F81/><W115/><G115/><T103/><D103/><U45/><E3/><V57/><F57/><W8/><G7/><T10/><D10/><U107/><E107/><V86/><F86/><W23/><G65/><T133/><D133/><U50/><E11/><V36/><F47/><W70/><G43/><N who="0" m="22655" /><D54/><AGARI ba="0,0" hai="5,9,13,36,42,46,54,56,60,76,82,85,92,94" machi="54" ten="30,1500,0" yaku="7,1" doraHai="131" who="2" fromWho="0" sc="235,-15,239,0,288,15,238,0" />
</Scene>
<Scene>
<INIT seed="2,1,0,3,5,67" ten="220,239,303,238" oya="2" hai0="77,36,33,118,91,39,111,40,46,15,6,66,76" hai1="26,20,71,94,24,62,1,74,125,50,130,101,128" hai2="64,106,100,14,5,51,47,81,9,49,12,83,88" hai3="57,123,87,58,3,22,63,82,90,120,119,97,17"/><V95/><F64/><W103/><G3/><T98/><D33/><U37/><E74/><V109/><F109/><W114/><G119/><T25/><D111/><U35/><E37/><V126/><F126/><W11/><G11/><T27/><D118/><U30/><E1/><V38/><F38/><W112/><G58/><T44/><D66/><U113/><E113/><N who="3" m="43626" /><G17/><T133/><D133/><U124/><E50/><V131/><F131/><N who="1" m="50217" /><E94/><V61/><F61/><W43/><G22/><T23/><D6/><U78/><E78/><V56/><F56/><W31/><G43/><T85/><D36/><U13/><E101/><V79/><F14/><W34/><G31/><T117/><D98/><U135/><E13/><V2/><F2/><W4/><G34/><T104/><D104/><U107/><E107/><V29/><F29/><W93/><G4/><T84/><D46/><U41/><E41/><V96/><F79/><N who="3" m="46559" /><G57/><T108/><D117/><U115/><E115/><V92/><F106/><N who="3" m="63855" /><G63/><T105/><D108/><U60/><E60/><V73/><F73/><W7/><G7/><T53/><D15/><U132/><E62/><V54/><F49/><W8/><G8/><T69/><D27/><N who="1" m="16743" /><E71/><V110/><F110/><W89/><G93/><T65/><D53/><U59/><E59/><V116/><F116/><W70/><G70/><T121/><D69/><U18/><E35/><V28/><F28/><W16/><G16/><T55/><D65/><U134/><E18/><V19/><F19/><W129/><G129/><T48/><D39/><U80/><E80/><N who="2" m="30795" /><F95/><W45/><G45/><T21/><D40/><RYUUKYOKU ba="1,0" sc="220,-30,239,10,303,10,238,10" hai1="24,26,124,125,132,134,135" hai2="5,9,12,47,51,54,88,92,96,100" hai3="89,90,120,123" />
</Scene>
<Scene>
<INIT seed="2,2,0,3,0,128" ten="190,249,313,248" oya="2" hai0="119,49,35,57,30,80,67,114,106,24,77,59,23" hai1="20,91,25,50,10,44,11,87,76,22,117,131,28" hai2="88,32,5,111,1,21,68,13,69,37,99,48,31" hai3="105,97,55,52,56,133,0,34,33,90,29,73,129"/><V54/><F37/><W71/><G73/><T113/><D106/><U17/><E117/><V27/><F111/><W39/><G0/><T82/><D35/><U110/><E131/><V26/><F1/><W103/><G129/><T135/><D119/><U100/><E76/><V46/><F13/><W2/><G2/><T40/><D114/><U3/><E3/><V89/><F5/><W42/><G71/><T9/><D113/><U70/><E70/><V79/><F79/><W118/><G118/><T120/><D120/><U58/><E100/><V81/><F89/><W4/><G133/><T94/><D77/><U7/><E110/><V63/><F63/><W121/><G121/><T115/><D115/><U65/><E7/><V126/><F126/><W36/><G4/><T84/><D9/><U93/><E58/><V43/><F54/><W122/><G42/><T116/><D116/><U92/><E65/><V14/><F14/><W18/><G55/><T102/><D67/><U61/><E61/><V72/><F72/><W8/><G122/><T75/><D75/><U15/><E93/><N who="2" m="56743" /><F81/><W41/><G90/><T45/><D102/><U60/><REACH who="1" step="1"/><E60/><REACH who="1" ten="190,239,313,248" step="2"/><V38/><F68/><W53/><G103/><T66/><D66/><U78/><E78/><V95/><F95/><W83/><G105/><T85/><D94/><U109/><E109/><V130/><F69/><W123/><G56/><T6/><D59/><U98/><E98/><V64/><F64/><W134/><G97/><T16/><D57/><U124/><E124/><V108/><F130/><W74/><G123/><T132/><D6/><RYUUKYOKU ba="2,1" sc="190,-10,239,30,313,-10,248,-10" hai1="10,11,15,17,20,22,25,28,44,50,87,91,92" />
</Scene>
<Scene>
<INIT seed="3,3,1,1,0,89" ten="180,269,303,238" oya="3" hai0="39,16,1,38,77,73,117,132,23,118,120,13,134" hai1="78,110,109,68,42,119,22,33,9,12,69,30,25" hai2="36,10,55,63,121,100,18,43,86,95,66,49,108" hai3="4,54,59,32,7,107,104,41,14,127,48,34,15"/><W80/><G127/><T87/><D73/><U21/><E42/><V56/><F108/><N who="1" m="41577" /><E78/><V65/><F121/><W71/><G41/><T31/><D77/><U129/><E69/><V53/><F43/><W27/><G71/><T94/><D120/><U35/><E68/><V91/><F100/><W45/><G27/><T2/><D39/><U50/><E50/><V130/><F130/><W84/><G45/><T57/><D57/><U85/><E85/><V112/><F112/><W6/><G32/><N who="1" m="12362" /><E129/><V44/><F36/><W93/><G34/><T125/><D38/><U122/><E122/><V52/><F65/><W0/><G0/><N who="0" m="107" /><D87/><U135/><E21/><V37/><F37/><W76/><G104/><T62/><D62/><U60/><E60/><V105/><F105/><W3/><G3/><T99/><D125/><U90/><E90/><V17/><F17/><W88/><REACH who="3" step="1"/><G107/><REACH who="3" ten="180,269,303,228" step="2"/><T111/><D111/><U20/><E135/><N who="0" m="51753" /><D31/><U133/><E133/><V58/><F44/><W26/><G26/><T126/><D126/><U79/><E79/><V74/><F74/><AGARI ba="3,2" hai="4,6,7,14,15,48,54,59,74,76,80,84,88,93" machi="74" ten="40,7700,0" yaku="1,1,52,1,54,1,53,0" doraHai="89" doraHaiUra="124" who="3" fromWho="2" sc="180,0,269,0,303,-86,228,106" owari="180,-32.0,269,7.0,217,-18.0,334,43.0" />
</Scene>
</mjloggm>