<mjloggm ver="2.3"><GO type="169"/><UN n0="%74%6F%73%68%69%35%32%33" n1="%E5%A4%AA%E3%81%8F%E3%81%AA%E3%81%84%E3%81%8A" n2="%E3%81%8A%E3%81%91%E3%81%B5" n3="%E8%85%B9%E6%B8%9B%E3%81%A3%E3%81%9F%E3%81%8A" dan="16,18,16,16" rate="2073,2149,2056,2104" sx="M,M,M,M"/><TAIKYOKU oya="0"/>

<Scene>
<INIT seed="0,0,0,4,1,130" ten="250,250,250,250" oya="0" hai0="96,60,108,57,32,70,103,24,132,45,100,6,107" hai1="22,49,91,110,82,114,83,8,1,79,115,101,64" hai2="25,44,124,119,16,117,78,15,3,48,98,68,29" hai3="92,14,131,30,61,67,34,47,43,66,94,93,111"/><T104/><D6/><N who="1" m="1103" /><E101/><V2/><F68/><W88/><G131/><T33/><D70/><U69/><E110/><V54/><F78/><W122/><G111/><T105/><D108/><U40/><E91/><V72/><F98/><W120/><G14/><T116/><D116/><N who="2" m="44618" /><F72/><W0/><G0/><T80/><D80/><U31/><E64/><V97/><F97/><W23/><G34/><T36/><D103/><U99/><E99/><V113/><F124/><W102/><G102/><T19/><D45/><N who="1" m="25767" /><E69/><V127/><F113/><N who="1" m="43017" /><E79/><V42/><F127/><W65/><G61/><T9/><D36/><U73/><E73/><V55/><F2/><W71/><G71/><T76/><D76/><U123/><E123/><N who="3" m="47146" /><G88/><T125/><D125/><U46/><E46/><V17/><F3/><W129/><G129/><T50/><D96/><U4/><E4/><V121/><F121/><W20/><G30/><T74/><D100/><U90/><E90/><V38/><F38/><AGARI ba="0,0" hai="20,23,38,43,47,65,66,67,92,93,94" m="47146" machi="38" ten="40,1300,0" yaku="13,1" doraHai="130" who="3" fromWho="2" sc="250,0,250,0,250,-13,250,13" />
</Scene>
<Scene>
<INIT seed="1,0,0,1,1,71" ten="250,250,237,263" oya="1" hai0="67,96,90,117,42,48,119,60,80,109,29,20,84" hai1="8,45,68,72,59,106,11,111,34,94,118,135,122" hai2="36,4,105,6,15,47,54,63,22,46,57,19,70" hai3="21,102,131,107,10,130,26,32,91,129,52,5,40"/><U85/><E68/><V12/><F105/><W112/><G112/><T64/><D109/><U69/><E69/><V82/><F70/><W101/><G32/><T86/><D96/><U44/><E106/><V24/><F47/><W99/><G102/><T134/><D134/><U128/><E72/><V95/><F95/><W2/><G91/><T3/><D3/><U56/><E34/><V50/><F36/><W18/><G40/><T115/><D115/><U49/><E122/><V87/><F6/><W16/><REACH who="3" step="1"/><G52/><REACH who="3" ten="250,250,237,253" step="2"/><T75/><D64/><U30/><E135/><V38/><F38/><W116/><G116/><T0/><D42/><U89/><E118/><V17/><F4/><W132/><G132/><T31/><D67/><U35/><E35/><V61/><F61/><W55/><G55/><T103/><D60/><U110/><E49/><V9/><F63/><W88/><G88/><T23/><D48/><U1/><E89/><N who="2" m="51447" /><F57/><W28/><AGARI ba="0,1" hai="2,5,10,16,18,21,26,28,99,101,107,129,130,131" machi="28" ten="30,7900,0" yaku="1,1,0,1,19,1,54,1,53,0" doraHai="71" doraHaiUra="37" who="3" fromWho="3" sc="250,-20,250,-39,237,-20,253,89" />
</Scene>
<Scene>
<INIT seed="2,0,0,0,0,90" ten="230,211,217,342" oya="2" hai0="95,119,6,1,63,127,13,69,80,107,116,43,108" hai1="23,129,77,2,89,45,83,38,84,29,78,60,118" hai2="131,73,14,24,126,134,8,98,112,120,5,93,56" hai3="28,46,122,44,17,31,4,0,85,105,101,62,47"/><V53/><F73/><W79/><G122/><T51/><D107/><U50/><E118/><N who="0" m="45097" /><D1/><U15/><E2/><V102/><F120/><W49/><G0/><T75/><D127/><U113/><E113/><V115/><F126/><W55/><G4/><T39/><D39/><U86/><E129/><V19/><F131/><W70/><G17/><T3/><D3/><U104/><E104/><V92/><F134/><W132/><G132/><T99/><D108/><U72/><E38/><V10/><F93/><W20/><G20/><T133/><D133/><U91/><E60/><V18/><F18/><W66/><G101/><N who="0" m="60671" /><D63/><U37/><E37/><V114/><F24/><W12/><G12/><T7/><D13/><U76/><E72/><V30/><F30/><W100/><G100/><T96/><D96/><U57/><E15/><V35/><F35/><W117/><G105/><T16/><D16/><U109/><E109/><V25/><F25/><W42/><G117/><T21/><D21/><U67/><E23/><V87/><F5/><W64/><G31/><T111/><D69/><U81/><E29/><V52/><F10/><W11/><G11/><T94/><D94/><U97/><E97/><V36/><F36/><W54/><G28/><T128/><D128/><U130/><E130/><V34/><F34/><W88/><G70/><T41/><D111/><U33/><E33/><V103/><F103/><W125/><G125/><T110/><D110/><U65/><REACH who="1" step="1"/><E57/><REACH who="1" ten="230,201,217,342" step="2"/><V124/><F124/><W26/><G26/><T9/><D9/><U82/><E82/><V74/><F56/><W123/><G123/><RYUUKYOKU ba="0,1" sc="230,-10,201,30,217,-10,342,-10" hai1="45,50,65,67,76,77,78,81,83,84,86,89,91" />
</Scene>
<Scene>
<INIT seed="3,1,1,1,2,4" ten="220,231,207,332" oya="3" hai0="11,23,20,66,37,68,69,120,92,132,64,72,89" hai1="46,0,107,51,3,39,100,99,35,90,31,126,127" hai2="27,41,40,118,124,6,78,85,91,121,59,7,93" hai3="113,101,1,102,79,63,38,87,80,15,134,116,95"/><W94/><G113/><T56/><D37/><U10/><E39/><V21/><F118/><W18/><G1/><T71/><D72/><U131/><E131/><V110/><F124/><N who="1" m="47657" /><E90/><V42/><F110/><W36/><G116/><T115/><D132/><U61/><E61/><V65/><F78/><W57/><G134/><T49/><D115/><U60/><E60/><N who="2" m="38047" /><F121/><W84/><G38/><T81/><D81/><U34/><E31/><AGARI ba="1,1" hai="6,7,21,27,31,40,41,42,85,91,93" m="38047" machi="31" ten="30,1000,0" yaku="8,1" doraHai="4" who="2" fromWho="1" sc="220,0,231,-13,207,23,332,0" />
</Scene>
<Scene>
<INIT seed="4,0,0,5,3,69" ten="220,218,230,332" oya="0" hai0="9,51,11,126,87,31,50,38,104,14,36,47,37" hai1="33,28,49,129,44,71,34,68,79,75,102,3,57" hai2="19,124,121,128,113,81,112,65,23,89,76,45,53" hai3="125,120,74,85,61,6,73,106,13,90,130,41,7"/><T117/><D104/><U35/><E3/><V40/><F121/><W1/><G106/><T91/><D117/><U5/><E129/><V127/><F128/><W46/><G130/><T15/><D31/><U100/><E28/><V96/><F65/><W10/><G125/><N who="2" m="48201" /><F53/><W109/><G109/><T98/><D98/><U43/><E5/><V115/><F89/><W101/><G101/><T25/><D25/><U64/><E71/><V119/><F96/><W110/><G110/><T30/><D30/><U103/><E68/><V94/><F94/><W4/><G61/><T17/><D47/><U80/><E64/><V27/><F119/><W21/><G21/><T95/><REACH who="0" step="1"/><D126/><REACH who="0" ten="210,218,230,332" step="2"/><U60/><E33/><V67/><F115/><W116/><G116/><T111/><D111/><U122/><E122/><V131/><F113/><W24/><G24/><T70/><D70/><U135/><E34/><V0/><F112/><W97/><G97/><T72/><D72/><U134/><E35/><V114/><F131/><W52/><G120/><T63/><D63/><U78/><E60/><V42/><F45/><W123/><G123/><T32/><D32/><U83/><E57/><V56/><F114/><W132/><G74/><AGARI ba="0,1" hai="43,44,49,74,75,78,79,80,83,100,102,103,134,135" machi="74" ten="40,1300,0" yaku="9,1" doraHai="69" who="1" fromWho="3" sc="210,0,218,23,230,0,332,-13" />
</Scene>
<Scene>
<INIT seed="5,0,0,5,3,98" ten="210,241,230,319" oya="1" hai0="112,37,68,44,21,28,127,71,53,3,66,25,116" hai1="4,9,55,8,65,115,69,101,122,108,46,110,92" hai2="134,93,100,118,121,80,82,73,22,33,107,75,128" hai3="83,120,78,126,6,114,52,90,47,111,135,76,14"/><U86/><E122/><V2/><F33/><W1/><G111/><N who="1" m="42538" /><E115/><V31/><F2/><W7/><G120/><T32/><D3/><U131/><E131/><V15/><F121/><W17/><G114/><T79/><D116/><U27/><E27/><V129/><F118/><W87/><G1/><T123/><D123/><U49/><E4/><N who="3" m="1578" /><G135/><T40/><D112/><U54/><E54/><V23/><F107/><W132/><G126/><T89/><D127/><U0/><E0/><V109/><F109/><W36/><G36/><T26/><D53/><U70/><E86/><V50/><F50/><N who="3" m="28767" /><G132/><T12/><D32/><U77/><E77/><V104/><F134/><W42/><G42/><T51/><D79/><U11/><E65/><V19/><F104/><W45/><G45/><T125/><D66/><U39/><E39/><V30/><F75/><W58/><G58/><T133/><D37/><U119/><E119/><V5/><F73/><W74/><G74/><T67/><D125/><U103/><E92/><V88/><F93/><W117/><G117/><T106/><D133/><U16/><E16/><V85/><F5/><W102/><G76/><T124/><D124/><U81/><E81/><V59/><F82/><W43/><G43/><T41/><D40/><U91/><E91/><V34/><F80/><W56/><G56/><T38/><D89/><U57/><E57/><V63/><F59/><W95/><G78/><T29/><D41/><U113/><E113/><V94/><F88/><W84/><G84/><T18/><D38/><U64/><E64/><V130/><F130/><W10/><G83/><RYUUKYOKU ba="0,0" sc="210,-15,241,15,230,-15,319,15" hai1="8,9,11,46,49,55,69,70,101,103" hai3="10,14,17,87,90,95,102" />
</Scene>
<Scene>
<INIT seed="5,1,0,3,1,14" ten="195,256,215,334" oya="1" hai0="26,90,85,100,99,77,11,111,40,78,110,127,61" hai1="62,46,83,116,84,22,79,18,80,29,68,92,130" hai2="93,35,4,44,63,57,23,73,66,7,95,53,8" hai3="126,97,25,42,70,5,115,113,13,10,117,104,81"/><U114/><E116/><V105/><F105/><W86/><G117/><T47/><D127/><U28/><E114/><N who="3" m="43530" /><G126/><T50/><D110/><U37/><E130/><V122/><F35/><W9/><G70/><T98/><D111/><U55/><E92/><V109/><F73/><W88/><G42/><T64/><D26/><U96/><E96/><N who="0" m="36905" /><D100/><U102/><E102/><V59/><F109/><W1/><G25/><T82/><D11/><U75/><E37/><V54/><F23/><W87/><G87/><T69/><D69/><U134/><E134/><V119/><F119/><W71/><G71/><T112/><D112/><U48/><E62/><V123/><F8/><N who="3" m="4239" /><G1/><T131/><D131/><U32/><E68/><V36/><F36/><W132/><G132/><T52/><D64/><U49/><E32/><V12/><F66/><W39/><G39/><T120/><D120/><U38/><E38/><V101/><F101/><AGARI ba="1,0" hai="9,10,81,86,88,97,101,104" m="4239,43530" machi="101" ten="30,2000,0" yaku="15,1,54,1" doraHai="14" who="3" fromWho="2" sc="195,0,256,0,215,-23,334,23" />
</Scene>
<Scene>
<INIT seed="6,0,0,1,1,75" ten="195,256,192,357" oya="2" hai0="81,23,91,24,46,84,25,21,70,95,15,54,71" hai1="34,103,59,131,2,60,73,67,133,8,6,120,69" hai2="13,48,55,17,87,113,57,104,100,117,18,111,123" hai3="88,42,79,89,56,3,0,66,99,38,7,108,10"/><V135/><F123/><W129/><G108/><T29/><D15/><U93/><E34/><V118/><F111/><W9/><G129/><T30/><D95/><U28/><E131/><V51/><F135/><W31/><G31/><T132/><D132/><U102/><E133/><V115/><F104/><W40/><G66/><T11/><D11/><U49/><E73/><V121/><F121/><W41/><G56/><T86/><D86/><U127/><E120/><V106/><F106/><W126/><G126/><T125/><D125/><U1/><E127/><V22/><F100/><W19/><G38/><T116/><D116/><U35/><E2/><V112/><F51/><AGARI ba="0,0" hai="21,23,24,25,29,30,46,51,54,70,71,81,84,91" machi="51" ten="40,1300,0" yaku="9,1" doraHai="75" who="0" fromWho="2" sc="195,13,256,0,192,-13,357,0" />
</Scene>
<Scene>
<INIT seed="7,0,0,1,3,19" ten="208,256,179,357" oya="3" hai0="74,60,49,70,30,132,59,129,108,112,125,55,85" hai1="67,94,91,48,26,133,92,1,38,123,34,103,104" hai2="102,5,82,83,84,39,105,46,86,31,115,52,12" hai3="57,110,29,127,25,135,77,121,68,15,27,69,131"/><W95/><G121/><T7/><D74/><U50/><E94/><V93/><F115/><W47/><G131/><T8/><D112/><U42/><E67/><V63/><F105/><W128/><G128/><T18/><D129/><U62/><E62/><V72/><F72/><W41/><G127/><T6/><D125/><U87/><E1/><V113/><F113/><W117/><G117/><T58/><D70/><U4/><E4/><V20/><F39/><W37/><G77/><T88/><D30/><U122/><E48/><N who="2" m="28695" /><F63/><W66/><G135/><T106/><D132/><U111/><E38/><V96/><F5/><W80/><G80/><N who="2" m="30761" /><F12/><W21/><G15/><N who="0" m="7527" /><D106/><U36/><E36/><V109/><F109/><W114/><G114/><T51/><D108/><U45/><E111/><V73/><F73/><W134/><G134/><T11/><D7/><U120/><E133/><V33/><F33/><W61/><G110/><T56/><D6/><U43/><E34/><V76/><F76/><W79/><G79/><T64/><D51/><U54/><E104/><V81/><N who="2" m="30769" /><V53/><DORA hai="14" /><F53/><W126/><G126/><T90/><D49/><U75/><E75/><V107/><F107/><W9/><G37/><T124/><D55/><U13/><E54/><V32/><F32/><W98/><G61/><T101/><D60/><U17/><E122/><V44/><F44/><W99/><G47/><T16/><D124/><U10/><E123/><V2/><F2/><W35/><G35/><T71/><D71/><U116/><E120/><V100/><F100/><W97/><G69/><T89/><D101/><RYUUKYOKU ba="0,0" sc="208,-10,256,-10,179,30,357,-10" hai2="20,31,84,86,93,96,102" owari="198,-30.0,246,5.0,209,-19.0,347,44.0" />
</Scene>
</mjloggm>