<mjloggm ver="2.3"><GO type="41"/><UN n0="%E7%AA%93%E8%BE%BA%E3%83%9E%E3%83%BC%E3%82%AC%E3%83%AC%E3%83%83%E3%83%88" n1="%E5%A4%AA%E3%81%8F%E3%81%AA%E3%81%84%E3%81%8A" n2="%E7%94%B0%E4%B8%AD%E7%89%A1%E4%B8%B9%E9%A4%85" n3="%E3%81%82%E3%81%BD%E3%81%BD" dan="13,15,14,15" rate="1901,2039,1916,1985" sx="M,M,M,M"/><TAIKYOKU oya="0"/>

<Scene>
<INIT seed="0,0,0,2,5,45" ten="250,250,250,250" oya="0" hai0="103,90,68,67,13,71,102,8,4,134,6,62,95" hai1="133,86,21,28,106,122,1,38,61,117,120,22,65" hai2="27,126,19,76,31,83,58,105,5,94,69,108,100" hai3="109,25,80,26,50,44,47,124,111,92,57,98,96"/><T72/><D72/><U11/><E38/><V121/><F108/><N who="3" m="41547" /><G80/><T2/><D134/><U113/><E106/><V75/><F69/><W70/><G70/><T36/><D36/><U64/><E117/><V129/><F121/><W114/><G114/><T52/><D2/><U63/><E86/><V39/><F39/><W35/><G124/><T48/><D6/><U33/><E33/><V9/><F126/><W23/><G35/><T32/><D32/><U77/><E77/><V78/><F78/><W74/><G74/><T116/><D71/><U132/><E11/><V81/><F81/><W43/><G57/><T53/><D53/><U123/><E1/><V66/><F19/><W119/><G47/><T16/><D4/><U107/><E113/><V128/><F58/><W112/><G112/><T110/><D110/><U97/><E122/><V18/><F18/><W93/><G119/><T89/><D89/><U99/><E107/><V59/><F59/><W40/><G40/><T60/><D60/><U130/><REACH who="1" step="1"/><E28/><REACH who="1" ten="250,240,250,250" step="2"/><V37/><F76/><W88/><G23/><T127/><D116/><U84/><E84/><V49/><F105/><W118/><G118/><T3/><D3/><U87/><E87/><V41/><F75/><W85/><G85/><N who="0" m="52687" /><D127/><U10/><E10/><V51/><F9/><W115/><G115/><T15/><D15/><U131/><AGARI ba="0,1" hai="21,22,61,63,64,65,97,99,120,123,130,131,132,133" machi="131" ten="25,6400,0" yaku="1,1,0,1,22,2,53,0" doraHai="45" doraHaiUra="24" who="1" fromWho="1" sc="250,-32,240,74,250,-16,250,-16" />
</Scene>
<Scene>
<INIT seed="1,0,0,1,3,109" ten="218,314,234,234" oya="1" hai0="118,29,48,69,115,82,52,88,91,38,106,119,93" hai1="3,94,0,35,87,130,50,108,127,47,116,111,129" hai2="42,28,56,98,46,97,89,41,70,77,40,10,74" hai3="64,26,122,7,15,86,67,73,2,135,12,6,53"/><U110/><E116/><V68/><F28/><W58/><G73/><T84/><D38/><U23/><E35/><V27/><F27/><W51/><G122/><T75/><D69/><U45/><E127/><V25/><F25/><W78/><G2/><N who="1" m="554" /><E23/><V5/><F42/><W13/><G135/><T132/><D132/><U113/><E113/><V32/><F32/><W8/><G26/><T22/><D115/><U55/><E47/><V103/><F41/><W85/><G78/><T39/><D39/><U4/><E4/><N who="3" m="1578" /><G8/><T112/><D112/><U81/><E94/><V76/><F74/><W24/><G24/><T1/><D1/><U21/><E21/><V18/><F5/><W105/><G105/><T36/><D36/><U95/><E95/><V107/><F68/><W102/><G102/><T49/><D22/><U120/><E120/><V63/><F70/><W100/><G100/><T83/><D106/><U96/><E96/><V43/><F98/><W31/><G31/><T72/><D29/><U66/><E66/><AGARI ba="0,0" hai="12,13,15,51,53,58,64,66,67,85,86" m="1578" machi="66" ten="30,1000,0" yaku="8,1" doraHai="109" who="3" fromWho="1" sc="218,0,314,-10,234,0,234,10" />
</Scene>
<Scene>
<INIT seed="2,0,0,1,2,108" ten="218,304,234,244" oya="2" hai0="17,65,59,50,87,26,64,33,7,57,106,91,23" hai1="104,0,43,89,67,44,1,31,62,13,107,79,48" hai2="111,52,96,92,127,119,28,32,37,38,130,49,133" hai3="88,129,80,102,68,114,85,84,95,122,70,11,16"/><V131/><F119/><W86/><G122/><T45/><D106/><U66/><E79/><V116/><F116/><W117/><G117/><T82/><D33/><U4/><E31/><V126/><F111/><W99/><G129/><N who="2" m="49161" /><F28/><W101/><G68/><T115/><D7/><U69/><E67/><N who="0" m="25673" /><D115/><U46/><E89/><N who="2" m="55311" /><F32/><W30/><G30/><T124/><D124/><N who="2" m="47658" /><F133/><W42/><G70/><T39/><D39/><U134/><E134/><V105/><F105/><W97/><G42/><AGARI ba="0,0" hai="17,23,26,42,45,50,57,59,82,87,91" m="25673" machi="42" ten="30,1000,0" yaku="8,1" doraHai="108" who="0" fromWho="3" sc="218,10,304,0,234,0,244,-10" />
</Scene>
<Scene>
<INIT seed="3,0,0,0,5,106" ten="228,304,234,234" oya="3" hai0="35,103,68,115,134,80,47,50,123,22,92,8,120" hai1="31,67,102,78,88,135,77,7,61,58,38,122,33" hai2="16,81,15,25,93,23,113,119,53,56,130,96,18" hai3="70,107,11,86,55,117,132,104,52,6,3,76,40"/><W60/><G117/><T98/><D68/><U4/><E122/><V97/><F113/><W128/><G40/><T30/><D35/><U63/><E38/><V0/><F119/><W48/><G132/><T24/><D134/><U57/><E135/><V43/><F0/><W129/><G70/><T14/><D115/><U116/><E102/><V108/><F108/><W126/><G126/><T110/><D110/><U118/><E33/><V64/><F64/><W66/><G66/><T20/><D20/><U27/><E67/><V71/><F71/><W83/><G60/><T42/><REACH who="0" step="1"/><D80/><REACH who="0" ten="218,304,234,234" step="2"/><U124/><E118/><V82/><F81/><W41/><G107/><T65/><D65/><U91/><E116/><V2/><F82/><W59/><G104/><T131/><D131/><N who="3" m="50249" /><G55/><T46/><D46/><U109/><E109/><V114/><F43/><W133/><G41/><T44/><D44/><U21/><E21/><V51/><F114/><W5/><G133/><T95/><D95/><U69/><E69/><V17/><F130/><W9/><G3/><T28/><D28/><U79/><E31/><V1/><F25/><W49/><G49/><T87/><D87/><U19/><E63/><V12/><F23/><W121/><G121/><T36/><D36/><U39/><E39/><V29/><F29/><W75/><G86/><T127/><D127/><U10/><E124/><V85/><F2/><W112/><G112/><T45/><D45/><U105/><E61/><V125/><F1/><W62/><G62/><T34/><D34/><U100/><E105/><V13/><F125/><W73/><G73/><RYUUKYOKU ba="0,1" sc="218,10,304,-30,234,10,234,10" hai0="8,14,22,24,30,42,47,50,92,98,103,120,123" hai2="12,13,15,16,17,18,51,53,56,85,93,96,97" hai3="5,6,9,11,48,52,59,75,76,83" />
</Scene>
<Scene>
<INIT seed="3,1,1,5,5,116" ten="228,274,244,244" oya="3" hai0="120,133,10,90,49,46,78,25,35,110,72,87,126" hai1="17,103,108,91,55,135,30,45,63,36,131,92,33" hai2="8,96,124,75,61,107,109,21,42,28,105,69,95" hai3="121,85,106,67,112,32,82,47,6,54,27,14,53"/><W41/><G106/><T12/><D133/><U127/><E103/><V77/><F109/><W4/><G112/><T34/><D110/><U43/><E108/><V114/><F114/><W13/><G67/><T66/><D126/><U11/><E127/><V68/><F124/><W62/><G32/><T39/><D39/><U128/><E135/><V123/><F8/><W7/><G27/><T125/><D125/><U134/><E134/><V3/><F3/><W97/><G97/><T80/><D66/><U48/><E63/><V20/><F42/><W38/><G121/><T88/><D120/><U56/><E33/><V9/><F9/><W2/><G2/><T64/><D64/><U24/><E30/><V104/><F77/><W89/><G62/><T93/><D90/><U79/><E79/><V65/><F69/><W71/><G71/><T0/><D25/><U81/><E81/><V23/><F75/><W111/><REACH who="3" step="1"/><G111/><REACH who="3" ten="228,274,244,234" step="2"/><T57/><D0/><U19/><E24/><V44/><F123/><W113/><G113/><T1/><D1/><U115/><E115/><V5/><F104/><W50/><G50/><T118/><D118/><U84/><E128/><V51/><F105/><W26/><G26/><T31/><D31/><U130/><E131/><V70/><F28/><W15/><AGARI ba="1,2" hai="4,6,7,13,14,15,38,41,47,53,54,82,85,89" machi="15" ten="30,3000,0" yaku="1,1,0,1,53,0" doraHai="116" doraHaiUra="99" who="3" fromWho="3" sc="228,-11,274,-11,244,-11,234,53" />
</Scene>
<Scene>
<INIT seed="3,2,0,0,3,133" ten="217,263,233,287" oya="3" hai0="70,66,93,116,81,84,71,121,108,62,17,13,4" hai1="102,89,123,37,126,23,9,111,115,29,55,6,132" hai2="11,64,24,82,0,113,18,79,7,60,118,51,92" hai3="117,90,20,101,36,32,15,14,76,39,43,53,22"/><W120/><G32/><T2/><D121/><U109/><E37/><V88/><F113/><W42/><G120/><T77/><D116/><U129/><E102/><V28/><F18/><W135/><G101/><T19/><D108/><N who="1" m="41547" /><E55/><V128/><F128/><W26/><G135/><T25/><D25/><N who="1" m="16575" /><E89/><V97/><F51/><W69/><G26/><T125/><D125/><U78/><E78/><V107/><F107/><W72/><G90/><T33/><D33/><U54/><E54/><V27/><F28/><W106/><G53/><T74/><D71/><U103/><E103/><V63/><F118/><W38/><G117/><T130/><D130/><U46/><E46/><V91/><F91/><W131/><G131/><T41/><D41/><U119/><E129/><V8/><F8/><W87/><G39/><T44/><D44/><U48/><E48/><V100/><F100/><W94/><G94/><T21/><D74/><U5/><E119/><V16/><F63/><W98/><G72/><T127/><D127/><U80/><E80/><V68/><F16/><W30/><G76/><T124/><D19/><U45/><E45/><V50/><F50/><W134/><G134/><T40/><D124/><U31/><E126/><V73/><AGARI ba="2,0" hai="0,7,11,24,27,60,64,68,73,79,82,88,92,97" machi="73" ten="20,2700,0" yaku="0,1,7,1,54,1" doraHai="133" who="2" fromWho="2" sc="217,-9,263,-9,233,33,287,-15" />
</Scene>
<Scene>
<INIT seed="4,0,0,2,0,58" ten="208,254,266,272" oya="0" hai0="105,122,93,7,20,68,23,33,109,29,31,87,95" hai1="134,92,132,81,41,60,73,37,129,48,59,26,128" hai2="75,123,125,46,25,62,21,115,127,65,19,82,86" hai3="118,126,104,99,5,64,120,6,51,102,91,2,30"/><T112/><D122/><U36/><E92/><N who="0" m="35401" /><D105/><U67/><E26/><V113/><F123/><W45/><G120/><T119/><D68/><U44/><E81/><V101/><F101/><W43/><G118/><T32/><D119/><U47/><E73/><V135/><F46/><W69/><G30/><N who="0" m="11275" /><D87/><U133/><E36/><V40/><F135/><W74/><G74/><T114/><D7/><U17/><E17/><V50/><F40/><AGARI ba="0,0" hai="37,40,41,44,47,48,59,60,67,128,129,132,133,134" machi="40" ten="50,8000,1" yaku="20,1,34,3,52,1" doraHai="58" who="1" fromWho="2" sc="208,0,254,80,266,-80,272,0" />
</Scene>
<Scene>
<INIT seed="5,0,0,4,5,14" ten="208,334,186,272" oya="1" hai0="107,25,113,21,16,57,75,98,34,39,41,131,54" hai1="111,28,129,59,61,134,20,49,74,104,90,29,95" hai2="92,114,55,46,102,13,89,15,38,123,53,3,99" hai3="47,8,81,60,26,105,115,64,126,2,106,87,35"/><U76/><E104/><V11/><F123/><W128/><G115/><T7/><D113/><U101/><E101/><V93/><F114/><W133/><G128/><T6/><D131/><U72/><E129/><V124/><F124/><W31/><G126/><T108/><D108/><U44/><E111/><V132/><F132/><W22/><G133/><T63/><D75/><U5/><E134/><V19/><F3/><W24/><G47/><T110/><D110/><U51/><E5/><V91/><F102/><W79/><G8/><T62/><D62/><U77/><E72/><V65/><F65/><W0/><G106/><T68/><D68/><U86/><E74/><V78/><F78/><N who="1" m="30313" /><E20/><V1/><F1/><W135/><G105/><T48/><D39/><U37/><E37/><V94/><F13/><W67/><G67/><T27/><D27/><U42/><E51/><V18/><F18/><W32/><G135/><T50/><D34/><U23/><E23/><V36/><F93/><W83/><G83/><T10/><D107/><U30/><E30/><V121/><F121/><W56/><G35/><T66/><D98/><U45/><E45/><V97/><F38/><W52/><REACH who="3" step="1"/><G64/><AGARI ba="0,0" hai="28,29,42,44,49,59,61,64,86,90,95" m="30313" machi="64" ten="30,1500,0" yaku="8,1" doraHai="14" who="1" fromWho="3" sc="208,0,334,15,186,0,272,-15" />
</Scene>
<Scene>
<INIT seed="5,1,0,5,4,61" ten="208,349,186,257" oya="1" hai0="31,94,40,98,121,130,66,56,110,125,13,73,127" hai1="32,124,65,84,53,48,99,63,24,18,134,71,102" hai2="9,58,6,95,90,82,69,46,47,49,78,25,26" hai3="103,35,22,118,60,67,113,30,12,92,11,135,54"/><U88/><E134/><V27/><F69/><W20/><G135/><T4/><D73/><U62/><E124/><N who="0" m="47689" /><D110/><U5/><E5/><V105/><F105/><W77/><G113/><T96/><D31/><U14/><E63/><V132/><F132/><W104/><G77/><T16/><D4/><U28/><E48/><V122/><F122/><W39/><G39/><T131/><D40/><U117/><E117/><V91/><F58/><W51/><G118/><T1/><D1/><U7/><E7/><V111/><F111/><W80/><G104/><T68/><D68/><U70/><E53/><V64/><F64/><W59/><G80/><T115/><D115/><U79/><E79/><V19/><F19/><W123/><G123/><T0/><D0/><U119/><E119/><V44/><F49/><W120/><G120/><T100/><D121/><U86/><E71/><V50/><F95/><W15/><G35/><T87/><D87/><U21/><REACH who="1" step="1"/><E88/><REACH who="1" ten="208,339,186,257" step="2"/><V33/><F50/><W37/><G37/><T109/><D109/><U36/><E36/><V2/><REACH who="2" step="1"/><F33/><REACH who="2" ten="208,339,176,257" step="2"/><W8/><G51/><T85/><D94/><AGARI ba="1,2" hai="14,18,21,24,28,32,62,65,70,84,86,94,99,102" machi="94" ten="30,5800,0" yaku="1,1,7,1,52,1,53,0" doraHai="61" doraHaiUra="101" who="1" fromWho="0" sc="208,-61,339,81,176,0,257,0" />
</Scene>
<Scene>
<INIT seed="5,2,0,0,5,135" ten="147,420,176,257" oya="1" hai0="59,108,26,53,102,8,113,6,1,119,132,84,14" hai1="27,122,30,107,94,112,81,22,57,104,33,52,44" hai2="85,43,71,28,51,114,73,58,7,65,126,125,95" hai3="31,70,4,36,38,128,89,80,105,13,117,97,74"/><U103/><E122/><V55/><F73/><W75/><G70/><T5/><D119/><U18/><E112/><V42/><F28/><W99/><G31/><T35/><D132/><U19/><E44/><V17/><F7/><W41/><G41/><N who="2" m="15369" /><F17/><W98/><G4/><T120/><D120/><U115/><E115/><V127/><F114/><W78/><G13/><T45/><D113/><U68/><E68/><V116/><F116/><W82/><G117/><T101/><D108/><U83/><E107/><V67/><F71/><W72/><G128/><T39/><D45/><U21/><E104/><V124/><F124/><W34/><G34/><T110/><D39/><U49/><E33/><V118/><F118/><W77/><G38/><T131/><D110/><U61/><E49/><V91/><AGARI ba="2,0" hai="51,55,58,65,67,85,91,95,125,126,127" m="15369" machi="91" ten="40,8000,1" yaku="18,1,52,3" doraHai="135" who="2" fromWho="2" sc="147,-22,420,-42,176,86,257,-22" />
</Scene>
<Scene>
<INIT seed="6,0,0,4,4,87" ten="125,378,262,235" oya="2" hai0="96,51,55,50,43,4,106,62,128,47,12,126,82" hai1="118,61,21,83,29,49,77,122,27,85,17,131,98" hai2="86,14,134,69,97,3,92,46,88,78,52,60,6" hai3="120,75,108,59,127,100,107,5,7,117,70,95,63"/><V111/><F3/><W105/><G70/><T101/><D126/><U20/><E118/><V42/><F111/><W18/><G117/><T41/><D128/><U103/><E131/><V13/><F134/><W104/><G120/><T34/><D34/><U73/><E122/><V72/><F72/><W129/><G129/><T45/><D82/><U133/><E133/><V64/><F52/><W112/><G75/><T89/><D4/><U2/><E2/><V32/><F6/><W66/><G108/><T22/><D12/><U71/><E73/><V25/><F25/><W119/><G119/><T81/><D22/><U15/><E49/><V94/><F32/><W19/><G127/><T58/><D81/><U30/><E71/><V93/><F93/><W115/><G7/><T10/><D10/><U36/><E36/><V9/><F9/><W8/><G95/><T99/><D99/><U130/><E130/><V114/><F114/><N who="3" m="43563" /><G100/><T124/><D124/><U121/><E121/><V54/><F54/><W110/><G110/><T68/><D68/><U44/><E44/><V123/><F123/><W33/><G33/><T102/><D102/><U31/><E61/><V76/><F76/><W135/><G135/><T39/><D39/><U16/><E31/><V113/><F113/><W37/><G37/><T125/><D125/><U65/><E65/><V116/><F116/><W74/><G74/><T48/><REACH who="0" step="1"/><D89/><REACH who="0" ten="115,378,262,235" step="2"/><U40/><E103/><N who="2" m="60839" /><F78/><W67/><G5/><T24/><D24/><U109/><E109/><V35/><F35/><W53/><G8/><T11/><D11/><U84/><E98/><RYUUKYOKU ba="0,1" sc="115,10,378,-30,262,10,235,10" hai0="41,43,45,47,48,50,51,55,58,62,96,101,106" hai2="13,14,42,46,60,64,69,86,88,94" hai3="18,19,53,59,63,66,67,104,105,107" />
</Scene>
<Scene>
<INIT seed="6,1,1,3,3,21" ten="125,348,272,245" oya="2" hai0="73,71,27,3,41,25,130,91,23,42,120,113,134" hai1="80,129,44,83,6,95,1,122,118,128,92,123,69" hai2="124,133,24,7,26,20,55,65,96,107,38,85,13" hai3="121,50,28,72,70,56,111,9,97,117,108,39,52"/><V57/><F38/><W32/><G72/><T82/><D120/><N who="1" m="46123" /><E69/><V89/><F133/><W98/><G121/><T106/><D134/><U93/><E118/><V103/><F124/><W88/><G117/><T43/><D71/><U125/><E125/><V29/><F65/><W76/><G76/><T127/><D127/><U101/><E101/><V78/><F78/><W40/><G70/><T11/><D113/><U66/><E66/><V67/><F67/><W116/><G116/><T31/><D130/><N who="1" m="50283" /><E44/><V74/><F74/><W14/><G40/><T63/><D106/><U81/><E6/><V75/><F29/><W135/><G39/><T94/><D63/><U61/><E61/><V12/><F75/><W0/><G0/><AGARI ba="1,1" hai="0,1,80,81,83,92,93,95" m="50283,46123" machi="0" ten="40,8000,1" yaku="28,2,13,1,19,1" doraHai="21" who="1" fromWho="3" sc="125,0,348,93,272,0,245,-83" />
</Scene>
<Scene>
<INIT seed="7,0,0,5,5,37" ten="125,441,272,162" oya="3" hai0="38,16,46,105,31,1,25,12,128,65,106,34,74" hai1="98,85,64,88,68,55,24,11,90,63,94,14,73" hai2="61,87,132,71,7,92,8,104,126,118,49,50,91" hai3="18,80,52,135,84,119,58,13,89,39,110,28,131"/><W125/><G119/><T42/><D74/><U114/><E73/><V81/><F118/><W43/><G131/><T130/><D1/><U75/><E75/><V112/><F112/><W41/><G39/><T15/><D65/><U97/><E114/><V66/><F104/><W78/><G135/><T19/><D130/><U23/><E55/><V36/><F36/><W107/><G107/><T27/><D27/><U123/><E123/><V76/><F132/><W116/><G116/><T99/><D128/><U124/><E124/><V122/><F122/><W108/><G125/><T115/><D115/><U121/><E121/><V133/><F133/><W117/><G28/><T47/><D47/><U10/><E14/><V77/><F77/><W129/><G129/><T44/><D44/><U134/><E134/><V111/><F111/><N who="3" m="42539" /><G78/><T4/><D4/><U72/><E72/><V127/><F127/><W30/><G30/><T113/><D113/><U60/><E60/><V67/><F126/><W62/><G117/><T57/><D57/><U45/><E45/><V35/><F35/><W29/><G29/><T120/><D120/><U53/><E53/><V96/><F67/><W20/><AGARI ba="0,0" hai="13,18,20,41,43,52,58,62,80,84,89" m="42539" machi="20" ten="30,11700,0" yaku="10,1,52,2,54,1" doraHai="37" who="3" fromWho="3" sc="125,-39,441,-39,272,-39,162,117" />
</Scene>
<Scene>
<INIT seed="7,1,0,3,4,88" ten="86,402,233,279" oya="3" hai0="76,62,23,122,117,15,79,46,42,8,28,1,39" hai1="32,110,119,37,112,130,132,81,56,61,121,40,97" hai2="33,131,73,75,16,44,123,13,118,77,45,30,99" hai3="29,104,58,120,4,82,19,111,71,10,70,103,124"/><W67/><G120/><T95/><D122/><U78/><E121/><V6/><F123/><RYUUKYOKU type="kaze4" ba="1,0" sc="86,0,402,0,233,0,279,0" />
</Scene>
<Scene>
<INIT seed="7,2,0,0,3,116" ten="86,402,233,279" oya="3" hai0="13,58,71,69,25,76,79,72,110,84,8,102,0" hai1="109,63,35,16,48,45,120,11,131,114,38,91,37" hai2="31,108,118,32,78,85,14,130,27,33,98,124,127" hai3="17,1,19,68,59,47,133,30,125,20,49,115,51"/><W90/><G1/><T123/><D110/><U93/><E109/><V92/><F118/><W86/><G68/><T21/><D0/><U52/><E120/><V132/><F108/><W87/><G115/><T22/><D71/><U129/><E35/><N who="2" m="20991" /><F78/><W83/><G133/><T74/><D69/><U70/><E114/><V97/><F85/><W26/><G125/><N who="2" m="48201" /><F97/><W117/><G117/><T75/><D123/><U24/><E70/><V36/><F36/><W82/><G59/><T88/><D102/><U111/><E63/><V56/><F56/><W57/><G57/><T101/><D101/><U66/><E66/><V39/><F39/><W96/><G96/><T60/><D22/><N who="1" m="13383" /><E11/><V113/><F113/><W12/><G47/><T3/><D3/><U119/><E111/><V29/><F132/><W104/><G104/><T40/><D40/><U44/><E44/><V43/><F43/><W6/><G6/><N who="0" m="3223" /><D74/><U18/><E18/><N who="3" m="6666" /><G12/><T80/><D72/><U99/><E119/><V64/><F64/><W10/><G10/><T105/><D75/><U106/><E106/><V54/><F14/><W67/><G67/><N who="0" m="39319" /><D105/><U65/><E65/><V107/><F107/><W122/><G122/><T89/><D89/><AGARI ba="2,0" hai="20,26,30,49,51,82,83,86,87,89,90" m="6666" machi="89" ten="30,1500,0" yaku="8,1" doraHai="116" who="3" fromWho="0" sc="86,-21,402,0,233,0,279,21" />
</Scene>
<Scene>
<INIT seed="7,3,0,5,4,23" ten="65,402,233,300" oya="3" hai0="118,31,19,73,85,132,78,90,29,7,32,53,9" hai1="59,84,87,124,126,70,77,102,120,108,45,41,36" hai2="86,56,95,103,47,66,83,106,30,0,115,74,125" hai3="81,134,71,129,91,65,42,82,75,20,1,24,43"/><W37/><G1/><T135/><D78/><U6/><E108/><V133/><F133/><N who="0" m="51274" /><D73/><U105/><E120/><V62/><F125/><N who="1" m="48233" /><E70/><V123/><F123/><W33/><G33/><T61/><D90/><U49/><E6/><V68/><F68/><W94/><G134/><T98/><D61/><U51/><E77/><V64/><F115/><W54/><G75/><T79/><D53/><N who="1" m="32191" /><E36/><V80/><F0/><W114/><G37/><T122/><D98/><AGARI ba="3,0" hai="41,45,49,84,87,98,102,105" m="32191,48233" machi="98" ten="30,1000,0" yaku="18,1" doraHai="23" who="1" fromWho="0" sc="65,-19,402,19,233,0,300,0" owari="46,-45.0,421,52.0,233,-17.0,300,10.0" />
</Scene>
</mjloggm>