<mjloggm ver="2.3"><GO type="97"/><UN n0="%E6%97%A5%E5%A5%88%E6%A3%AE%E3%81%82%E3%82%80" n1="%E5%A4%AA%E3%81%8F%E3%81%AA%E3%81%84%E3%81%8A" n2="%4B%72%61%74%6F%73%2E%42" n3="%EF%BC%AB%EF%BC%A1%EF%BC%B0%EF%BC%B0%EF%BC%A1" dan="15,15,15,13" rate="2012,2059,1982,1819" sx="F,M,M,M"/><TAIKYOKU oya="0"/>

<Scene>
<INIT seed="0,0,0,5,4,65" ten="250,250,250,250" oya="0" hai0="99,42,92,98,126,19,80,24,28,18,32,47,6" hai1="119,22,60,112,130,29,85,4,15,110,26,2,20" hai2="7,74,37,87,59,0,57,46,95,89,78,73,81" hai3="12,122,44,100,90,35,27,82,118,107,134,66,56"/><T64/><D126/><U103/><E119/><V104/><F104/><W127/><G118/><T111/><D111/><U14/><E103/><V43/><REACH who="2" step="1"/><F74/><REACH who="2" ten="250,250,240,250" step="2"/><W108/><G107/><T39/><D6/><U53/><E4/><V9/><AGARI ba="0,1" hai="0,7,9,37,43,46,57,59,73,78,81,87,89,95" machi="9" ten="30,12000,2" yaku="1,1,2,1,0,1,25,2,53,1" doraHai="65" doraHaiUra="41" who="2" fromWho="2" sc="250,-60,250,-30,240,130,250,-30" />
</Scene>
<Scene>
<INIT seed="1,0,0,5,1,104" ten="190,220,370,220" oya="1" hai0="58,43,82,73,111,128,123,116,132,72,95,27,60" hai1="25,101,79,3,80,133,61,129,100,16,34,115,117" hai2="134,98,65,113,47,30,54,69,124,62,83,105,49" hai3="51,93,18,17,120,36,122,7,0,42,88,114,14"/><U75/><E117/><V106/><F124/><W66/><G36/><T22/><D116/><U1/><E115/><V52/><F113/><W121/><G114/><T97/><D111/><U135/><E129/><V31/><F134/><N who="1" m="51209" /><E61/><V119/><F119/><W96/><G66/><T21/><D132/><U29/><E16/><V56/><F83/><W40/><G0/><AGARI ba="0,0" hai="0,1,3,25,29,34,75,79,80,100,101" m="51209" machi="0" ten="30,2900,0" yaku="20,1,52,1" doraHai="104" who="1" fromWho="3" sc="190,0,220,29,370,0,220,-29" />
</Scene>
<Scene>
<INIT seed="1,1,0,1,4,102" ten="190,249,370,191" oya="1" hai0="45,108,133,113,67,29,15,107,75,119,115,19,116" hai1="61,76,1,127,134,12,55,40,96,98,27,109,59" hai2="60,58,18,125,63,99,24,91,82,53,26,39,14" hai3="47,101,35,21,10,131,22,120,128,70,105,66,43"/><U25/><E1/><V85/><F39/><N who="3" m="22015" /><G21/><T5/><D75/><U2/><E2/><V103/><F125/><W57/><G57/><T46/><D67/><U38/><E127/><V90/><F90/><W104/><G22/><T80/><D80/><U123/><E123/><V71/><F71/><W28/><G10/><T64/><D64/><U4/><E76/><V36/><F63/><N who="3" m="40287" /><G120/><T100/><D5/><U88/><E134/><V11/><F36/><W97/><G105/><AGARI ba="1,0" hai="11,14,18,24,26,53,58,60,82,85,91,99,103,105" machi="105" ten="30,2000,0" yaku="7,1,52,1" doraHai="102" who="2" fromWho="3" sc="190,0,249,0,370,23,191,-23" />
</Scene>
<Scene>
<INIT seed="2,0,0,0,2,3" ten="190,249,393,168" oya="2" hai0="100,4,12,50,21,117,69,129,125,60,17,134,119" hai1="104,91,95,120,133,63,43,41,46,84,105,34,89" hai2="107,114,111,85,118,15,82,86,22,127,13,47,53" hai3="77,25,87,37,121,32,23,75,135,64,2,67,76"/><V98/><F114/><W45/><G2/><T58/><D125/><U93/><E34/><V65/><F127/><W49/><G121/><T52/><D129/><U1/><E1/><V28/><F65/><W102/><G37/><T80/><D134/><U36/><E133/><V90/><F118/><N who="0" m="45066" /><D100/><U96/><E120/><V78/><F111/><W68/><G135/><T103/><D103/><U51/><E41/><V44/><F98/><W10/><G75/><T62/><D69/><U48/><REACH who="1" step="1"/><E63/><REACH who="1" ten="190,239,393,168" step="2"/><V74/><F107/><AGARI ba="0,1" hai="36,43,46,48,51,84,89,91,93,95,96,104,105,107" machi="107" ten="40,5200,0" yaku="1,1,2,1,53,1" doraHai="3" doraHaiUra="92" who="1" fromWho="2" sc="190,0,239,62,393,-52,168,0" />
</Scene>
<Scene>
<INIT seed="3,0,0,4,4,35" ten="190,301,341,168" oya="3" hai0="81,4,23,57,105,133,113,49,63,64,114,110,52" hai1="75,37,121,19,44,97,108,39,128,29,50,16,45" hai2="71,60,42,107,72,118,27,76,73,46,129,32,66" hai3="53,25,87,127,56,93,51,92,59,1,33,3,78"/><W62/><G127/><T7/><D110/><U82/><E121/><V31/><F118/><W79/><G33/><T109/><D109/><U99/><E108/><V104/><F129/><W41/><G41/><T24/><D105/><N who="2" m="40522" /><F76/><W48/><G25/><T36/><D36/><AGARI ba="0,0" hai="27,31,32,36,42,46,60,66,71,72,73" m="40522" machi="36" ten="30,2000,0" yaku="33,2" doraHai="35" who="2" fromWho="0" sc="190,-20,301,0,341,20,168,0" owari="170,-23.0,301,10.0,361,46.0,168,-33.0" />
</Scene>
</mjloggm>