<mjloggm ver="2.3"><GO type="97"/><UN n0="%E7%A9%BA%E6%B0%B4%E7%8C%AB" n1="%E5%81%BD%E4%B8%80" n2="%6D%6F%6F%6E%38" n3="%E5%A4%AA%E3%81%8F%E3%81%AA%E3%81%84%E3%81%8A" dan="16,14,13,14" rate="2057,1884,1866,2008" sx="M,M,M,M"/><TAIKYOKU oya="0"/>

<Scene>
<INIT seed="0,0,0,2,4,17" ten="250,250,250,250" oya="0" hai0="25,66,80,81,28,37,52,40,24,128,7,47,83" hai1="34,20,101,62,109,53,39,88,27,41,78,21,11" hai2="56,68,54,33,38,134,22,131,120,13,117,110,32" hai3="100,107,97,67,73,59,63,118,76,127,91,57,123"/><T23/><D128/><U43/><E109/><V51/><F38/><W125/><G118/><T16/><D7/><U82/><E101/><V94/><F68/><W105/><G123/><T2/><D2/><U65/><E53/><V89/><F120/><W19/><G107/><T35/><D66/><U31/><E11/><V133/><F117/><W46/><G46/><T49/><D83/><U106/><E106/><V10/><F110/><W64/><G91/><T130/><D130/><U3/><E3/><V70/><F131/><W95/><G105/><T102/><D102/><U85/><E78/><V129/><F70/><W58/><G19/><T18/><D18/><U0/><E0/><V116/><F129/><W98/><G98/><T42/><D42/><U108/><E108/><V36/><F116/><W50/><G50/><T122/><D122/><U86/><E86/><V12/><F36/><W75/><G67/><T77/><D77/><U112/><E112/><V9/><F33/><W72/><REACH who="3" step="1"/><G76/><REACH who="3" ten="250,250,250,240" step="2"/><T99/><D99/><U4/><E4/><V132/><F32/><W61/><G61/><T119/><D119/><U104/><E104/><V45/><F45/><AGARI ba="0,1" hai="16,23,24,25,28,35,37,40,45,47,49,52,80,81" machi="45" ten="30,11600,0" yaku="7,1,52,1,54,2" doraHai="17" who="0" fromWho="2" sc="250,126,250,0,250,-116,240,0" />
</Scene>
<Scene>
<INIT seed="0,1,0,3,5,1" ten="376,250,134,240" oya="0" hai0="92,36,98,106,85,34,130,82,90,107,31,59,87" hai1="12,50,100,19,2,79,54,115,25,30,35,27,64" hai2="14,101,132,122,127,62,70,89,67,103,48,49,65" hai3="131,110,4,60,105,6,66,118,42,37,134,40,38"/><T3/><D36/><U84/><E2/><V120/><F122/><W5/><G105/><N who="0" m="39947" /><D59/><U26/><E100/><V95/><F120/><W53/><G118/><T94/><D31/><U74/><E74/><V55/><F127/><W68/><G110/><T116/><D3/><U126/><E126/><V78/><F132/><W88/><G134/><T20/><D20/><U61/><E115/><V0/><F78/><W11/><G131/><T39/><D39/><U119/><E119/><V29/><F0/><W18/><G37/><T112/><D34/><U117/><E117/><V77/><F29/><W13/><G38/><T133/><D133/><U7/><E84/><V96/><F77/><W28/><G28/><T113/><D116/><U21/><E79/><V24/><F24/><W15/><G53/><T76/><D130/><U51/><E7/><V44/><F49/><W114/><G114/><T129/><D129/><U102/><E102/><AGARI ba="1,0" hai="76,82,85,87,90,92,94,98,102,112,113" m="39947" machi="102" ten="30,2900,0" yaku="34,2" doraHai="1" who="0" fromWho="1" sc="376,32,250,-32,134,0,240,0" />
</Scene>
<Scene>
<INIT seed="0,2,0,4,1,116" ten="408,218,134,240" oya="0" hai0="91,26,118,74,117,112,104,83,23,54,101,119,126" hai1="59,20,110,42,57,28,75,29,68,22,40,98,13" hai2="8,62,135,31,79,94,16,32,82,27,25,78,50" hai3="76,129,4,33,58,86,67,73,102,128,30,124,63"/><T61/><D112/><U122/><E68/><V1/><F135/><W7/><G73/><T36/><D36/><U69/><E75/><V88/><F62/><W52/><G124/><T103/><D126/><U18/><E69/><V81/><F1/><W97/><G67/><T89/><D104/><U14/><E110/><V24/><F32/><W96/><G30/><T131/><D131/><N who="3" m="50249" /><G33/><T21/><D74/><U53/><E98/><N who="3" m="37994" /><G102/><T84/><D91/><U115/><E115/><V10/><F31/><W133/><G133/><T11/><D11/><N who="2" m="4138" /><F50/><W45/><G45/><T9/><D9/><U113/><E113/><V47/><F47/><W51/><G63/><T48/><D61/><U19/><E53/><V56/><F56/><W114/><G114/><T108/><D108/><U34/><E34/><V49/><F49/><W71/><G71/><T72/><D72/><U65/><E65/><V105/><F105/><W35/><G35/><T92/><D48/><U66/><E66/><V3/><F3/><W55/><G55/><T125/><D54/><U99/><E99/><N who="2" m="57799" /><F16/><W43/><G43/><T100/><D125/><U0/><E0/><V111/><F111/><W85/><G85/><T5/><D84/><U90/><E90/><V2/><F2/><W6/><G86/><T17/><D119/><U123/><AGARI ba="2,0" hai="13,14,18,19,20,22,28,29,40,42,57,59,122,123" machi="123" ten="25,8000,1" yaku="0,1,22,2,52,2" doraHai="116" who="1" fromWho="1" sc="408,-42,218,86,134,-22,240,-22" />
</Scene>
<Scene>
<INIT seed="1,0,0,5,2,93" ten="366,304,112,218" oya="1" hai0="31,106,109,118,14,19,10,20,9,67,39,4,17" hai1="15,115,121,21,128,132,51,33,22,55,94,45,120" hai2="35,85,116,90,134,6,102,71,86,0,91,43,130" hai3="88,62,58,112,100,131,48,50,87,89,108,84,80"/><U125/><E115/><V44/><F35/><W3/><G112/><T57/><D39/><U96/><E33/><V12/><F71/><W124/><G3/><N who="0" m="159" /><D57/><U23/><E128/><V61/><F0/><W2/><G2/><T70/><D67/><U36/><E132/><V92/><F116/><W127/><G131/><T72/><D70/><U47/><E125/><N who="3" m="48202" /><G108/><T53/><D53/><U54/><E15/><V98/><F130/><W82/><G100/><T113/><D106/><U117/><E117/><V66/><F134/><W29/><G29/><T99/><D99/><U30/><E30/><V5/><F6/><W75/><G75/><T59/><D59/><U126/><E126/><V105/><F5/><W37/><G37/><T68/><D68/><U76/><E76/><V65/><F12/><W77/><G77/><T26/><D72/><U114/><E114/><V40/><F61/><W111/><G111/><T32/><D113/><U69/><E69/><V11/><F11/><W60/><G60/><T123/><D109/><U135/><E135/><V104/><F44/><W1/><G1/><T8/><D118/><U18/><E18/><N who="0" m="6665" /><D123/><U46/><E46/><V73/><F73/><W83/><G83/><T103/><D103/><U97/><E36/><V81/><REACH who="2" step="1"/><F105/><REACH who="2" ten="366,304,102,218" step="2"/><W49/><G49/><T95/><D32/><U24/><E121/><V52/><F52/><AGARI ba="0,1" hai="48,50,52,58,62,80,82,84,87,88,89" m="48202" machi="52" ten="30,3900,0" yaku="18,1,54,2" doraHai="93" who="3" fromWho="2" sc="366,0,304,0,102,-39,218,49" />
</Scene>
<Scene>
<INIT seed="2,0,0,3,2,13" ten="366,304,63,267" oya="2" hai0="11,100,16,54,18,30,10,107,67,83,117,52,55" hai1="56,42,38,48,0,131,73,93,64,17,21,46,121" hai2="97,74,124,12,65,25,109,31,63,68,88,132,14" hai3="79,80,116,53,75,26,76,96,98,9,34,29,89"/><V27/><F74/><W115/><G116/><T91/><D107/><U8/><E73/><V3/><F124/><W86/><G115/><T113/><D113/><U99/><E131/><V37/><F3/><W126/><G126/><T4/><D117/><U24/><E121/><V35/><F37/><W87/><G75/><T92/><D67/><U130/><E130/><V62/><F132/><W81/><G89/><T133/><D133/><U50/><E38/><V43/><F109/><W5/><REACH who="3" step="1"/><G53/><REACH who="3" ten="366,304,63,257" step="2"/><T112/><D52/><U71/><E71/><V22/><F43/><W120/><G120/><T123/><D54/><U82/><E64/><V66/><F88/><W60/><G60/><T84/><D55/><U20/><E42/><V1/><F97/><W7/><G7/><T104/><D123/><U101/><E99/><V51/><F51/><W85/><G85/><T49/><D49/><U61/><E50/><V105/><F1/><AGARI ba="0,1" hai="1,5,9,26,29,34,76,79,80,81,86,87,96,98" machi="1" ten="30,3900,0" yaku="1,1,7,1,9,1,53,0" doraHai="13" doraHaiUra="102" who="3" fromWho="2" sc="366,0,304,0,63,-39,257,49" />
</Scene>
<Scene>
<INIT seed="3,0,0,4,4,99" ten="366,304,24,306" oya="3" hai0="16,105,116,62,64,35,114,78,9,37,49,61,21" hai1="100,125,119,123,4,120,20,135,47,22,45,14,65" hai2="33,23,85,70,112,106,111,18,36,97,60,12,72" hai3="55,63,29,88,40,38,79,54,3,6,66,76,8"/><W122/><G122/><T7/><D116/><U131/><E119/><V86/><F36/><W11/><G29/><T110/><D37/><U115/><E115/><V95/><F72/><W75/><G11/><T89/><D35/><U74/><E74/><V15/><F33/><W0/><G0/><T56/><D114/><U129/><E135/><V132/><F112/><W102/><G79/><T91/><D105/><U27/><E125/><V19/><F132/><W34/><G34/><T1/><D78/><U43/><E65/><V52/><F106/><W83/><G88/><T24/><D110/><U13/><E100/><V41/><F111/><W51/><G51/><T127/><D127/><U92/><E92/><V94/><F41/><W84/><G84/><T124/><D124/><U39/><E47/><V42/><F70/><N who="3" m="42335" /><G102/><T82/><D82/><U59/><E59/><V81/><F42/><W103/><G103/><T2/><D2/><U46/><E45/><AGARI ba="0,0" hai="3,6,8,38,40,45,54,55,75,76,83" m="42335" machi="45" ten="30,1500,0" yaku="25,1" doraHai="99" who="3" fromWho="1" sc="366,0,304,-15,24,0,306,15" />
</Scene>
<Scene>
<INIT seed="3,1,0,5,0,104" ten="366,289,24,321" oya="3" hai0="0,86,103,110,78,93,115,117,106,8,131,122,125" hai1="119,135,12,108,61,100,71,14,2,63,41,70,44" hai2="134,133,25,34,85,1,72,32,20,33,109,90,69" hai3="57,87,9,92,22,97,107,55,47,35,4,3,88"/><W127/><G35/><N who="2" m="8961" /><V98/><DORA hai="17" /><F69/><W50/><G127/><T26/><D122/><U15/><E2/><V77/><F98/><W29/><G107/><T129/><D117/><U54/><E119/><V38/><F77/><W124/><G124/><T91/><D125/><U120/><E120/><V112/><F38/><W43/><G29/><T96/><D110/><U74/><E108/><V82/><F90/><W73/><G73/><T49/><D115/><U68/><E74/><V60/><F72/><W11/><G11/><T39/><D39/><U48/><E135/><N who="2" m="51723" /><F60/><W118/><G118/><T27/><D78/><U79/><E79/><N who="2" m="46303" /><F109/><W89/><G22/><T30/><D103/><U76/><E76/><V84/><F1/><W10/><G10/><T45/><D8/><U18/><E100/><V111/><F84/><W83/><REACH who="3" step="1"/><G57/><REACH who="3" ten="366,289,24,311" step="2"/><T59/><D59/><U7/><E7/><V130/><F111/><W80/><G80/><T23/><D106/><U64/><REACH who="1" step="1"/><E18/><REACH who="1" ten="366,279,24,311" step="2"/><N who="2" m="12439" /><F112/><W21/><G21/><T116/><D23/><U121/><E121/><V67/><F67/><W40/><AGARI ba="1,2" hai="3,4,9,40,43,47,50,55,83,87,88,89,92,97" machi="40" ten="30,6000,0" yaku="1,1,0,1,54,1,53,0" doraHai="104,17" doraHaiUra="13,53" who="3" fromWho="3" sc="366,-21,279,-21,24,-21,311,83" owari="345,15.0,258,-14.0,3,-50.0,394,49.0" />
</Scene>
</mjloggm>