<mjloggm ver="2.3"><GO type="169"/><UN n0="%E8%99%8E%E5%85%90%E6%9C%97" n1="%E9%96%A2%E7%99%BD%E5%A4%B1%E8%84%9A" n2="%E5%A4%AA%E3%81%8F%E3%81%AA%E3%81%84%E3%81%8A" n3="%E3%81%BE%E3%81%AA%E3%81%84%E3%81%9F%E3%82%88%E3%81%86%E3%81%98%E3%82%87" dan="18,16,17,16" rate="2146,2060,2149,2093" sx="M,F,M,M"/><TAIKYOKU oya="0"/>

<Scene>
<INIT seed="0,0,0,2,1,1" ten="250,250,250,250" oya="0" hai0="44,18,132,99,21,128,2,83,133,75,95,113,85" hai1="7,131,0,17,135,80,73,35,38,46,29,68,108" hai2="121,84,14,126,53,66,13,33,43,48,39,111,54" hai3="117,41,74,11,97,96,109,70,8,69,71,123,91"/><T51/><D113/><U4/><E68/><V56/><F121/><W67/><G117/><T62/><D75/><U59/><E59/><V24/><F111/><W65/><G74/><T20/><D2/><U114/><E108/><V52/><F126/><W86/><G109/><T58/><D128/><U120/><E120/><V81/><F39/><W130/><G41/><T89/><D18/><U28/><E38/><V55/><F43/><W87/><G91/><T47/><D133/><U42/><E42/><V98/><F66/><W60/><G70/><T119/><D132/><U93/><E46/><V92/><F33/><W72/><G72/><T34/><D34/><U79/><E135/><V100/><REACH who="2" step="1"/><F24/><REACH who="2" ten="250,250,240,250" step="2"/><W26/><G26/><T77/><D119/><U122/><E122/><V23/><F23/><N who="0" m="8778" /><D51/><U118/><E118/><V61/><F61/><W134/><G134/><T50/><D50/><U31/><E35/><V115/><F115/><W57/><G60/><T64/><AGARI ba="0,1" hai="44,47,58,62,64,77,83,85,89,95,99" m="8778" machi="64" ten="30,1500,0" yaku="8,1" doraHai="1" who="0" fromWho="0" sc="250,25,250,-5,240,-5,250,-5" />
</Scene>
<Scene>
<INIT seed="0,1,0,5,1,19" ten="275,245,235,245" oya="0" hai0="86,24,88,94,71,120,25,68,58,17,82,15,6" hai1="16,125,135,111,80,42,60,72,51,93,47,130,54" hai2="11,7,84,50,115,70,55,95,37,57,39,128,3" hai3="134,48,43,121,129,63,74,105,106,109,99,133,81"/><T35/><D120/><U104/><E104/><V97/><F115/><W117/><G117/><T61/><D6/><U23/><E111/><V33/><F33/><W9/><G109/><T124/><D124/><U41/><E125/><V79/><F70/><W29/><G63/><T83/><D71/><U28/><E28/><V21/><F128/><W52/><G43/><T1/><D1/><U49/><E130/><V118/><F118/><W77/><G129/><T100/><D68/><U89/><E135/><N who="3" m="51722" /><G29/><T45/><D45/><U32/><E32/><V26/><F79/><W73/><G73/><T103/><D83/><U85/><E60/><V20/><F84/><W107/><G9/><T40/><D40/><N who="1" m="24807" /><E72/><V62/><F50/><W101/><G121/><T78/><D35/><U67/><E67/><V96/><F96/><W69/><G69/><T34/><D34/><U59/><E80/><V36/><REACH who="2" step="1"/><F26/><AGARI ba="1,0" hai="16,23,26,41,42,51,54,59,85,89,93" m="24807" machi="26" ten="30,3900,0" yaku="8,1,52,1,54,1" doraHai="19" who="1" fromWho="2" sc="275,0,245,42,235,-42,245,0" />
</Scene>
<Scene>
<INIT seed="1,0,0,2,5,30" ten="275,287,193,245" oya="1" hai0="47,33,20,3,42,99,32,109,22,135,83,27,65" hai1="80,111,77,44,100,54,16,86,13,6,96,41,76" hai2="26,4,120,67,123,71,9,36,110,17,21,51,37" hai3="1,7,73,18,115,87,134,8,125,114,101,106,92"/><U12/><E111/><V98/><F110/><W29/><G73/><T39/><D109/><U35/><E35/><V68/><F51/><W45/><G29/><T72/><D65/><U48/><E12/><V66/><F98/><W128/><G45/><T31/><D135/><U131/><E131/><V127/><F127/><W15/><G125/><T50/><D3/><U124/><E124/><V132/><F132/><W112/><G134/><T108/><D108/><U5/><E76/><V89/><F89/><W69/><G69/><T40/><D99/><U84/><E84/><V91/><F91/><W126/><G126/><T105/><D105/><U59/><E100/><V117/><F117/><W14/><G128/><T53/><D22/><U82/><E82/><V23/><F26/><W58/><G58/><T19/><D19/><U97/><E97/><V11/><REACH who="2" step="1"/><F17/><REACH who="2" ten="275,287,183,245" step="2"/><W113/><G18/><T122/><D122/><U85/><E96/><V25/><F25/><W102/><G112/><T90/><D90/><U28/><E28/><V81/><F81/><W118/><G118/><T62/><D83/><U34/><E86/><V107/><F107/><W78/><G106/><T70/><D50/><N who="1" m="31191" /><E34/><V43/><F43/><W56/><G114/><T60/><D40/><U121/><E121/><V57/><F57/><W94/><G56/><N who="0" m="34831" /><D33/><U75/><E75/><V0/><F0/><W10/><G1/><T119/><D72/><U104/><E104/><V116/><F116/><W55/><G115/><T93/><D119/><U46/><E46/><V74/><F74/><W103/><G113/><T49/><D32/><RYUUKYOKU ba="0,1" sc="275,-15,287,15,183,15,245,-15" hai1="5,6,13,16,41,44,48,77,80,85" hai2="4,9,11,21,23,36,37,66,67,68,71,120,123" />
</Scene>
<Scene>
<INIT seed="1,1,1,5,1,122" ten="260,302,198,230" oya="1" hai0="108,116,48,128,58,102,134,34,43,68,56,94,18" hai1="24,126,47,127,119,62,25,113,22,114,109,80,79" hai2="7,91,70,9,77,96,37,46,14,120,81,29,87" hai3="40,16,76,39,89,21,74,121,30,83,35,107,84"/><U36/><E119/><V51/><F120/><W82/><G121/><T6/><D116/><U125/><E62/><V110/><F70/><W135/><G135/><T52/><D68/><U85/><E25/><V26/><F37/><W65/><G65/><T112/><D112/><U130/><E130/><V86/><F96/><W92/><G107/><T54/><D34/><U72/><E72/><V93/><F110/><W111/><G111/><T42/><D108/><U11/><E11/><V63/><F63/><W13/><G30/><T67/><D67/><U38/><E109/><V57/><F57/><W97/><G35/><T88/><D128/><U44/><E44/><V8/><F8/><W95/><REACH who="3" step="1"/><G97/><REACH who="3" ten="260,302,198,220" step="2"/><N who="0" m="57543" /><D134/><U124/><E124/><V71/><F71/><W133/><G133/><T105/><D105/><U132/><E132/><V66/><F66/><W104/><G104/><T69/><D69/><U50/><E114/><V129/><F129/><W106/><G106/><T2/><D2/><U101/><E113/><V3/><F3/><W4/><G4/><T19/><D6/><U115/><E115/><V5/><F7/><W59/><G59/><T0/><D0/><U99/><E99/><V27/><REACH who="2" step="1"/><F29/><REACH who="2" ten="260,302,188,220" step="2"/><W60/><G60/><T64/><D64/><U73/><E126/><V23/><F23/><W131/><G131/><T15/><D58/><U118/><E127/><V10/><F10/><W20/><G20/><T28/><D56/><U75/><E125/><V117/><F117/><W12/><G12/><T90/><D15/><U49/><E118/><V55/><AGARI ba="1,3" hai="5,9,14,26,27,46,51,55,77,81,86,87,91,93" machi="55" ten="20,8000,1" yaku="1,1,0,1,7,1,8,1,53,1" doraHai="122" doraHaiUra="78" who="2" fromWho="2" sc="260,-21,302,-41,188,113,220,-21" />
</Scene>
<Scene>
<INIT seed="2,0,0,2,3,118" ten="239,261,301,199" oya="2" hai0="38,30,44,52,94,22,59,13,134,108,103,39,19" hai1="36,128,123,111,125,18,78,65,47,32,102,93,106" hai2="77,57,64,91,26,96,55,122,24,113,121,132,72" hai3="2,112,45,33,114,99,53,127,4,28,29,97,12"/><V0/><F113/><N who="3" m="43627" /><G2/><T17/><D108/><U10/><E111/><V100/><F0/><W35/><G53/><T37/><D134/><U25/><E78/><V117/><F117/><W31/><G45/><T88/><D30/><U62/><E106/><V70/><F132/><W76/><G76/><T58/><D103/><U83/><E83/><V129/><F129/><W89/><G89/><T74/><D74/><U101/><E32/><N who="3" m="12362" /><G99/><T95/><D95/><U104/><E104/><V73/><F91/><W68/><G68/><T8/><D44/><U90/><E47/><V16/><F70/><W79/><G79/><T87/><REACH who="0" step="1"/><D52/><REACH who="0" ten="229,261,301,199" step="2"/><U81/><E101/><V109/><F109/><W71/><G97/><T124/><D124/><U56/><E102/><V69/><F96/><W60/><G127/><T115/><D115/><U40/><E125/><V105/><F100/><W11/><G31/><T131/><D131/><U66/><E93/><V7/><F105/><W6/><G29/><T84/><D84/><U92/><E92/><V20/><F72/><W27/><G28/><T119/><D119/><U63/><E128/><V9/><F55/><W23/><G60/><T82/><D82/><U61/><E81/><V14/><F73/><W3/><G6/><T116/><D116/><U34/><E34/><V67/><F7/><W120/><G4/><T85/><D85/><U46/><E46/><V98/><F98/><W80/><G80/><T130/><D130/><U75/><E75/><V41/><F77/><W48/><G48/><T86/><D86/><U54/><E54/><V43/><F43/><RYUUKYOKU ba="0,1" sc="229,30,261,-10,301,-10,199,-10" hai0="8,13,17,19,22,37,38,39,58,59,87,88,94" />
</Scene>
<Scene>
<INIT seed="3,1,1,3,2,3" ten="259,251,291,189" oya="3" hai0="63,120,107,53,37,81,34,118,24,17,2,91,92" hai1="15,13,32,113,135,134,41,87,5,62,55,26,40" hai2="78,94,119,98,35,51,130,124,117,23,75,9,101" hai3="52,121,58,27,133,84,83,68,86,66,45,29,105"/><W54/><G121/><T103/><D120/><U18/><E113/><V57/><F35/><W11/><G105/><T109/><D118/><U89/><E62/><V0/><F124/><W73/><G133/><N who="1" m="50698" /><E55/><V96/><F130/><W122/><G122/><T110/><D37/><U61/><E61/><V126/><F126/><W129/><G129/><T93/><D2/><U104/><E104/><V25/><F75/><W72/><G68/><T88/><D107/><U6/><E32/><V42/><F78/><W111/><G66/><T7/><D7/><N who="1" m="2571" /><E26/><V123/><F25/><W36/><G111/><T31/><D63/><U132/><E132/><V8/><F123/><W127/><G127/><T65/><D53/><U12/><E18/><V108/><F108/><W90/><G54/><T28/><D110/><U128/><E128/><V112/><F112/><W56/><G52/><T69/><D109/><U80/><AGARI ba="1,1" hai="12,13,15,40,41,80,87,89" m="2571,50698" machi="80" ten="40,8000,1" yaku="20,1,52,3" doraHai="3" who="1" fromWho="1" sc="259,-21,251,93,291,-21,189,-41" />
</Scene>
<Scene>
<INIT seed="4,0,0,3,1,110" ten="238,344,270,148" oya="0" hai0="64,37,22,63,71,113,116,131,2,115,13,70,14" hai1="46,102,111,58,6,78,130,90,98,93,129,28,27" hai2="56,40,0,125,76,81,3,43,74,123,95,72,80" hai3="85,104,11,134,50,83,79,100,19,112,96,121,101"/><T36/><D116/><U16/><E111/><V67/><F123/><W33/><G33/><T26/><D2/><U103/><E6/><V7/><F125/><W75/><G50/><T132/><D71/><U124/><E78/><V31/><F31/><W66/><G66/><T61/><D61/><U91/><E124/><V38/><F95/><W109/><G109/><T54/><D54/><U42/><E58/><V107/><F107/><W135/><G100/><T122/><D122/><U119/><E91/><V8/><F0/><W4/><G19/><N who="0" m="12639" /><D132/><N who="3" m="50729" /><G121/><T20/><D131/><N who="1" m="50187" /><E28/><V48/><F38/><N who="0" m="14954" /><D20/><N who="1" m="13703" /><E119/><V87/><F72/><W25/><G25/><T51/><D51/><AGARI ba="0,0" hai="42,46,51,90,93,98,102,103" m="13703,50187" machi="51" ten="30,2000,0" yaku="19,1,54,1" doraHai="110" who="1" fromWho="0" sc="238,-20,344,20,270,0,148,0" />
</Scene>
<Scene>
<INIT seed="5,0,0,1,2,28" ten="218,364,270,148" oya="1" hai0="53,86,32,67,51,5,120,85,17,52,119,112,84" hai1="111,38,27,125,20,54,133,63,115,121,4,64,22" hai2="70,96,45,57,68,135,105,50,107,123,101,65,104" hai3="25,92,49,61,89,13,59,82,21,79,100,56,108"/><U118/><E118/><V58/><F123/><W44/><G108/><T30/><D119/><U1/><E121/><V18/><F135/><W11/><G100/><T122/><D67/><U48/><E38/><V87/><F87/><W117/><G117/><T6/><D17/><U40/><E40/><V7/><F7/><N who="0" m="2570" /><D112/><U102/><E102/><V129/><F129/><W130/><G130/><T95/><D95/><U116/><E116/><V114/><F114/><W124/><G124/><T33/><D30/><U34/><E133/><V98/><F18/><N who="3" m="8511" /><G79/><T90/><D90/><U41/><E41/><V80/><F80/><W126/><G126/><T106/><D106/><U132/><E132/><V14/><F14/><W19/><G82/><T91/><D91/><U75/><E75/><V128/><F128/><W35/><G35/><N who="0" m="13387" /><D51/><U42/><E125/><V76/><F76/><W12/><G61/><T39/><D39/><U29/><E115/><V46/><F105/><W66/><G12/><T83/><D83/><U88/><E111/><V113/><F113/><W77/><G77/><T55/><AGARI ba="0,0" hai="52,53,55,84,85,86,120,122" m="13387,2570" machi="55" ten="40,12000,2" yaku="28,2,52,3,54,1" doraHai="28" who="0" fromWho="0" sc="218,120,364,-60,270,-30,148,-30" />
</Scene>
<Scene>
<INIT seed="6,0,0,4,0,41" ten="338,304,240,118" oya="2" hai0="101,35,88,15,24,115,58,47,70,91,18,17,19" hai1="45,93,124,0,48,62,102,133,90,107,129,78,83" hai2="22,103,28,120,31,68,132,69,76,131,135,84,99" hai3="97,55,108,54,134,56,1,119,79,26,11,75,29"/><V123/><F131/><W72/><G108/><T73/><D70/><N who="2" m="27242" /><F84/><W65/><G119/><T13/><D73/><U32/><E32/><V125/><F76/><W94/><G134/><N who="2" m="51241" /><F125/><W81/><G65/><T86/><D101/><U96/><E0/><V114/><F114/><W127/><G72/><T105/><D105/><U44/><E124/><V80/><F80/><W38/><G38/><T82/><D115/><U14/><E133/><V39/><F39/><W121/><G127/><T67/><D91/><U49/><E129/><V74/><F74/><W37/><G37/><T113/><D113/><U118/><E118/><V36/><F36/><W46/><G81/><T53/><D35/><U61/><E14/><N who="0" m="5129" /><D67/><U85/><E107/><N who="2" m="63999" /><F22/><W111/><G79/><T110/><D110/><U104/><E104/><V98/><F98/><W57/><G97/><T126/><D126/><U59/><E78/><V27/><F27/><W43/><G111/><T23/><D58/><U42/><E59/><V100/><F100/><W33/><G56/><T6/><D6/><U77/><E77/><V130/><F130/><W112/><G57/><T8/><D8/><U4/><E4/><V16/><F16/><W63/><G112/><T5/><D5/><U10/><E10/><V116/><F116/><W21/><G11/><T128/><D128/><U64/><E64/><V117/><F117/><W34/><G75/><T20/><D20/><U50/><E50/><AGARI ba="0,0" hai="17,18,19,23,24,47,50,53,82,86,88" m="5129" machi="50" ten="30,3900,0" yaku="8,1,52,1,54,1" doraHai="41" who="0" fromWho="1" sc="338,39,304,-39,240,0,118,0" />
</Scene>
<Scene>
<INIT seed="7,0,0,2,2,61" ten="377,265,240,118" oya="3" hai0="94,100,47,99,15,21,133,44,22,109,64,79,96" hai1="130,35,110,76,30,98,62,36,46,42,2,39,4" hai2="131,117,25,80,120,19,55,14,92,51,7,34,33" hai3="29,134,31,13,78,126,65,107,12,72,28,56,17"/><W123/><G123/><T27/><D109/><U119/><E110/><V102/><F117/><W125/><G107/><T93/><D133/><U82/><E130/><V50/><F131/><W37/><G37/><T88/><D64/><U121/><E121/><V115/><F120/><W95/><G134/><T129/><D129/><U70/><E36/><V32/><F115/><W104/><G104/><T24/><D79/><U103/><E30/><V74/><F7/><W116/><G116/><T18/><D15/><U113/><E35/><V124/><F124/><N who="3" m="47723" /><G95/><T127/><D127/><U75/><E113/><V48/><F25/><W38/><G38/><T106/><D106/><N who="1" m="63863" /><E62/><V128/><F128/><W54/><G65/><T71/><D71/><U105/><E105/><V108/><F108/><W0/><G0/><T26/><D26/><U11/><E119/><V114/><F114/><W111/><G111/><T101/><D101/><U112/><E112/><V1/><F1/><W8/><G13/><T118/><D118/><U77/><E77/><V20/><F102/><W122/><G122/><T49/><D49/><U89/><E89/><V135/><F135/><W68/><G68/><AGARI ba="0,0" hai="2,4,11,39,42,46,68,70,75,76,82" m="63863" machi="68" ten="30,3900,0" yaku="25,1,33,2" doraHai="61" who="1" fromWho="3" sc="377,0,265,39,240,0,118,-39" owari="377,48.0,304,10.0,240,-16.0,79,-42.0" />
</Scene>
</mjloggm>