<mjloggm ver="2.3"><GO type="41"/><UN n0="%E3%82%86%E3%81%8B%E3%81%93%E3%81%8D" n1="%E5%A4%AA%E3%81%8F%E3%81%AA%E3%81%84%E3%81%8A" n2="%E3%81%B2%E3%82%89%E3%81%A3%E3%81%95%E3%82%93" n3="%4C%44" dan="15,15,14,14" rate="1992,2050,2025,1974" sx="F,M,M,M"/><TAIKYOKU oya="0"/>

<Scene>
<INIT seed="0,0,0,4,3,101" ten="250,250,250,250" oya="0" hai0="22,106,82,89,42,123,79,77,118,52,0,38,58" hai1="55,54,40,33,34,48,119,53,104,70,120,126,16" hai2="67,116,95,80,88,93,19,112,131,68,75,41,135" hai3="13,115,128,9,81,72,57,61,98,4,17,14,49"/><T2/><D123/><U99/><E119/><V28/><F112/><W31/><G128/><T30/><D118/><U27/><E120/><V3/><F3/><W107/><G115/><T122/><D122/><U62/><E126/><V125/><F125/><W44/><G31/><T64/><D64/><U29/><E34/><V24/><F131/><W105/><G98/><T100/><D42/><U111/><E111/><V18/><F116/><W15/><G72/><T108/><D38/><U10/><E40/><V102/><F41/><W134/><G134/><T51/><D108/><U36/><E36/><V124/><F124/><W84/><G49/><T35/><D35/><U71/><E48/><V87/><F135/><W43/><G43/><T45/><D45/><U92/><E62/><V46/><F46/><W23/><G44/><T97/><D89/><U83/><E83/><V113/><F113/><W25/><G25/><T96/><D96/><U90/><REACH who="1" step="1"/><E104/><REACH who="1" ten="250,240,250,250" step="2"/><V20/><F80/><W1/><G107/><T129/><D129/><U8/><E8/><V12/><F68/><W91/><G105/><T47/><D47/><U117/><E117/><V26/><F67/><AGARI ba="0,1" hai="1,4,9,13,14,15,17,23,57,61,67,81,84,91" machi="67" ten="30,1000,0" yaku="7,1" doraHai="101" who="3" fromWho="2" sc="250,0,240,0,250,-10,250,20" />
</Scene>
<Scene>
<INIT seed="1,0,0,1,3,52" ten="250,240,240,270" oya="1" hai0="48,34,108,101,95,71,134,83,98,112,92,33,114" hai1="1,19,40,87,62,41,21,81,7,96,32,47,128" hai2="127,76,45,14,125,63,85,64,18,16,89,73,38" hai3="67,86,61,124,60,57,119,44,105,118,37,42,3"/><U46/><E32/><V13/><F73/><W110/><G105/><T104/><D134/><U68/><E128/><V126/><F76/><W132/><G3/><T72/><D71/><U100/><E1/><V30/><F30/><W133/><G86/><T102/><D108/><U130/><E7/><V43/><F14/><W79/><G110/><T58/><D104/><U39/><E130/><V77/><F77/><W70/><G79/><T51/><D58/><U90/><E68/><V117/><F13/><W2/><G2/><T5/><D83/><U88/><E62/><V82/><REACH who="2" step="1"/><F117/><REACH who="2" ten="250,240,230,270" step="2"/><N who="3" m="44555" /><G124/><T69/><D5/><U91/><E19/><V84/><F84/><W8/><G8/><T53/><D72/><U54/><E21/><V10/><F10/><W135/><G132/><T129/><D129/><U36/><REACH who="1" step="1"/><E54/><AGARI ba="0,1" hai="37,42,44,54,57,60,61,67,70,133,135" m="44555" machi="54" ten="30,7700,0" yaku="12,1,34,2,52,1" doraHai="52" who="3" fromWho="1" sc="250,0,240,-77,230,0,270,87" />
</Scene>
<Scene>
<INIT seed="2,0,0,1,4,69" ten="250,163,230,357" oya="2" hai0="55,54,2,67,60,107,108,127,121,3,35,61,93" hai1="34,7,44,24,134,62,114,31,122,29,32,90,65" hai2="46,97,70,113,110,59,66,19,100,128,101,81,120" hai3="49,41,125,12,20,11,13,51,64,79,92,4,57"/><V133/><F70/><W80/><G125/><T33/><D127/><U88/><E114/><V48/><F113/><W45/><G92/><T117/><D93/><U106/><E106/><V14/><F120/><W28/><G64/><T63/><D121/><U76/><E122/><V102/><F128/><W23/><G28/><T30/><D30/><U132/><E76/><V123/><F123/><W0/><G0/><T58/><D107/><U87/><E7/><V112/><F112/><W119/><G119/><T36/><D117/><U72/><E72/><V116/><F116/><W75/><G13/><T1/><D108/><U130/><E130/><V42/><F110/><W8/><G8/><T135/><D36/><U26/><E44/><V131/><F131/><W9/><G9/><T126/><D126/><U91/><REACH who="1" step="1"/><E87/><REACH who="1" ten="250,153,230,357" step="2"/><V99/><F133/><W56/><G75/><T105/><D105/><U84/><E84/><V118/><F118/><W124/><G124/><T68/><D135/><U52/><E52/><V82/><F66/><W73/><G73/><T94/><D55/><U16/><E16/><V15/><F19/><W10/><G45/><T40/><D54/><U17/><E17/><V104/><F104/><W86/><G86/><T37/><D67/><U47/><E47/><V78/><F78/><W27/><G79/><T83/><D40/><U95/><E95/><V89/><F42/><W50/><G41/><T98/><D94/><U71/><AGARI ba="0,1" hai="24,26,29,31,32,34,62,65,71,88,90,91,132,134" machi="71" ten="30,7900,0" yaku="1,1,0,1,9,1,54,1,53,0" doraHai="69" doraHaiUra="111" who="1" fromWho="1" sc="250,-20,153,89,230,-39,357,-20" />
</Scene>
<Scene>
<INIT seed="3,0,0,2,1,32" ten="230,242,191,337" oya="3" hai0="57,123,117,64,58,8,101,97,69,66,114,105,4" hai1="61,113,44,48,94,53,27,128,6,47,77,18,40" hai2="12,72,19,39,71,81,59,108,29,109,78,33,121" hai3="17,54,20,36,74,24,11,34,43,112,96,88,110"/><W5/><G112/><T51/><D114/><U10/><E113/><V82/><F71/><W89/><G74/><T84/><D123/><U127/><E128/><V14/><F39/><W21/><G34/><T130/><D117/><U120/><E120/><V83/><F121/><W106/><G21/><T100/><D130/><U115/><E115/><V50/><F33/><W13/><G54/><T26/><D101/><U9/><E127/><V62/><F29/><W70/><G70/><T35/><D66/><U92/><E77/><V28/><F28/><W118/><G118/><T93/><D105/><U119/><E119/><V76/><F50/><W41/><G110/><N who="2" m="42601" /><F72/><W37/><G37/><T67/><D84/><U102/><E102/><V73/><F73/><W52/><G52/><T16/><D69/><U90/><E61/><V15/><F19/><W38/><G38/><T87/><D87/><U122/><E122/><V0/><F0/><W85/><G36/><T56/><D51/><N who="1" m="27015" /><E6/><V65/><AGARI ba="0,0" hai="12,14,15,59,62,65,76,78,81,82,83" m="42601" machi="65" ten="40,1500,0" yaku="14,1" doraHai="32" who="2" fromWho="2" sc="230,-4,242,-4,191,15,337,-7" />
</Scene>
<Scene>
<INIT seed="4,0,0,4,4,102" ten="226,238,206,330" oya="0" hai0="54,20,1,122,109,101,130,69,87,85,24,53,74" hai1="124,86,111,97,110,45,133,76,67,77,116,70,105" hai2="112,83,91,100,52,25,114,31,61,135,17,39,127" hai3="18,42,73,66,131,96,80,30,11,3,128,90,37"/><T123/><D1/><U32/><E45/><V82/><F39/><W95/><G30/><T27/><D74/><U103/><E32/><V134/><F100/><W120/><G120/><T2/><D2/><U21/><E21/><V108/><F108/><N who="1" m="41513" /><E67/><V92/><F17/><W113/><G66/><T14/><D101/><U94/><E70/><V43/><F43/><W59/><G59/><T26/><D109/><U117/><E133/><N who="2" m="50699" /><F127/><W36/><G18/><T98/><D69/><U126/><E77/><V68/><F68/><W71/><G71/><T56/><D130/><U65/><E65/><V115/><F25/><W75/><G37/><T47/><D123/><U28/><E28/><V7/><F31/><W106/><G36/><T63/><D122/><U12/><E12/><V88/><F7/><W132/><G42/><T38/><D38/><U81/><E94/><V4/><F4/><W10/><G3/><T93/><D14/><U15/><E15/><V79/><F92/><W6/><G95/><T121/><D20/><U107/><E107/><V49/><F61/><W0/><G106/><T125/><D125/><AGARI ba="0,0" hai="76,81,86,97,103,105,116,117,124,125,126" m="41513" machi="125" ten="30,7700,0" yaku="18,1,34,2,52,1" doraHai="102" who="1" fromWho="0" sc="226,-77,238,77,206,0,330,0" />
</Scene>
<Scene>
<INIT seed="5,0,0,1,5,11" ten="149,315,206,330" oya="1" hai0="73,133,1,10,135,115,42,118,89,110,98,22,113" hai1="64,59,111,100,12,49,84,102,130,17,81,122,93" hai2="37,46,50,9,24,86,32,60,109,27,45,106,97" hai3="79,117,87,6,36,2,108,126,94,105,35,0,61"/><U107/><E107/><V127/><F109/><W43/><G105/><T104/><D42/><U39/><E39/><V99/><F37/><W31/><G108/><T38/><D22/><N who="1" m="11559" /><E122/><V57/><F32/><W23/><G126/><T21/><D38/><U55/><E130/><V54/><F127/><W68/><G23/><T48/><D21/><U20/><E111/><V13/><F106/><W16/><G68/><T123/><D48/><U78/><E64/><N who="2" m="38927" /><F86/><W70/><G70/><T18/><D123/><U124/><E124/><V4/><F46/><W132/><G61/><T88/><D118/><U128/><E128/><V120/><F120/><W116/><G87/><T103/><D110/><U44/><E44/><V82/><F82/><W28/><G36/><T63/><D63/><U119/><E119/><V3/><F3/><W74/><G0/><T129/><D129/><U52/><E55/><V77/><F77/><W53/><G79/><T58/><D58/><U83/><E83/><V69/><F69/><W85/><G2/><T62/><D62/><U26/><E93/><V90/><F45/><W114/><G94/><T71/><D73/><U76/><E76/><V134/><F54/><W66/><G74/><T80/><D71/><U95/><E95/><V91/><F50/><W112/><G53/><T25/><D80/><U131/><E131/><V51/><F51/><W14/><G116/><T101/><D103/><U15/><E26/><V92/><F27/><W30/><G117/><T19/><D25/><U34/><E34/><V72/><F72/><W5/><G66/><T121/><D121/><RYUUKYOKU ba="0,0" sc="149,-10,315,30,206,-10,330,-10" hai1="15,20,49,52,59,78,81,84,100,102" />
</Scene>
<Scene>
<INIT seed="5,1,0,5,4,71" ten="139,345,196,320" oya="1" hai0="130,37,115,45,78,55,90,73,110,32,41,66,20" hai1="123,74,29,107,59,27,16,104,124,68,106,52,108" hai2="134,62,86,89,69,9,2,96,25,76,111,56,117" hai3="75,125,14,82,24,128,30,114,61,5,23,0,33"/><U6/><E123/><V97/><F111/><W63/><G114/><T91/><D110/><U4/><E74/><V36/><F117/><W18/><G128/><T70/><D32/><U44/><E108/><V35/><F69/><W58/><G125/><T3/><D3/><U21/><E68/><V38/><F76/><W60/><G75/><T48/><D115/><U34/><E44/><V51/><F51/><W19/><G82/><N who="0" m="45391" /><D20/><U7/><E124/><V47/><F47/><W64/><REACH who="3" step="1"/><G19/><REACH who="3" ten="139,345,196,310" step="2"/><T1/><D130/><U80/><E80/><V119/><F119/><W67/><G67/><T28/><D28/><U31/><REACH who="1" step="1"/><E34/><REACH who="1" ten="139,335,196,310" step="2"/><V15/><F35/><W93/><G93/><T43/><D70/><U17/><E17/><V11/><F134/><W135/><G135/><T94/><D66/><U12/><E12/><V126/><F126/><W99/><G99/><T132/><D1/><U87/><E87/><V46/><F97/><W116/><G116/><T57/><D132/><U22/><E22/><V50/><F96/><W109/><G109/><T127/><D127/><U42/><E42/><V49/><F2/><W77/><G77/><T101/><D43/><U85/><E85/><V102/><F86/><W113/><G113/><T26/><D26/><U103/><E103/><V65/><F102/><W118/><G118/><T95/><D101/><U88/><E88/><V79/><F25/><W133/><G133/><T81/><D91/><U40/><E40/><V72/><F89/><W8/><AGARI ba="1,2" hai="0,5,8,14,18,23,24,30,33,58,60,61,63,64" machi="8" ten="30,7900,0" yaku="1,1,0,1,24,2,53,0" doraHai="71" doraHaiUra="129" who="3" fromWho="3" sc="139,-21,335,-40,196,-21,310,102" />
</Scene>
<Scene>
<INIT seed="6,0,0,2,1,53" ten="118,295,175,412" oya="2" hai0="49,63,62,106,78,30,88,25,42,94,68,92,47" hai1="101,46,80,70,121,56,27,90,39,21,103,24,15" hai2="65,85,58,1,59,4,28,10,110,41,51,37,52" hai3="125,81,120,71,87,74,13,99,60,96,57,14,69"/><V116/><F116/><W132/><G120/><T93/><D106/><U104/><E70/><V64/><F110/><W75/><G132/><T119/><D119/><U126/><E121/><V89/><F28/><W33/><G33/><T115/><D115/><U118/><E118/><V128/><F128/><W95/><G125/><T112/><D112/><U26/><E126/><V123/><F123/><W66/><G75/><T19/><D78/><U7/><E104/><V133/><F133/><W127/><G127/><T12/><D68/><U129/><E129/><V105/><F105/><W83/><G74/><T5/><D5/><U0/><E0/><V17/><F17/><W61/><G71/><T82/><D82/><U134/><E134/><V98/><F98/><W44/><G44/><T3/><D3/><U114/><E114/><V84/><F84/><W77/><G83/><T50/><D50/><U34/><E34/><V100/><F100/><W20/><G20/><T11/><REACH who="0" step="1"/><D88/><REACH who="0" ten="108,295,175,412" step="2"/><U130/><E130/><V113/><F113/><W43/><G77/><T135/><D135/><U91/><E91/><V76/><F76/><W38/><G81/><T108/><D108/><U31/><E90/><V86/><F86/><W48/><G87/><T73/><D73/><U45/><E80/><V29/><F85/><W40/><G99/><T9/><D9/><U124/><E124/><V18/><F89/><W23/><G96/><T35/><AGARI ba="0,1" hai="11,12,19,25,30,35,42,47,49,62,63,92,93,94" machi="35" ten="30,2000,0" yaku="1,1,0,1,53,0" doraHai="53" doraHaiUra="131" who="0" fromWho="0" sc="108,30,295,-5,175,-10,412,-5" />
</Scene>
<Scene>
<INIT seed="7,0,0,5,5,29" ten="138,290,165,407" oya="3" hai0="104,113,33,40,130,111,57,65,8,98,58,119,128" hai1="48,15,71,27,107,112,12,84,78,86,13,93,121" hai2="21,4,2,108,70,109,20,103,6,11,26,87,91" hai3="28,23,46,125,94,74,123,43,106,132,16,52,49"/><W101/><G123/><T41/><D119/><U131/><E107/><V25/><F70/><W90/><G74/><T54/><D111/><U9/><E121/><V120/><F120/><W61/><G125/><T64/><D8/><U77/><E71/><V14/><F103/><W47/><G132/><T95/><D104/><U7/><E112/><V110/><F87/><W81/><G106/><T122/><D122/><U39/><E39/><V35/><F91/><W80/><G101/><T62/><D113/><U17/><E131/><N who="0" m="50217" /><D95/><U133/><E133/><V102/><F102/><W67/><G28/><T34/><D98/><U66/><E66/><N who="0" m="25705" /><D58/><U0/><E93/><V117/><F117/><W68/><G94/><T32/><AGARI ba="0,0" hai="32,33,34,40,41,54,57,62" m="25705,50217" machi="32" ten="40,8000,1" yaku="19,1,52,3" doraHai="29" who="0" fromWho="0" sc="138,80,290,-20,165,-20,407,-40" owari="218,-18.0,270,7.0,145,-35.0,367,46.0" />
</Scene>
</mjloggm>