<mjloggm ver="2.3"><GO type="169"/><UN n0="%E8%8A%8B%EF%BC%A0%EF%BC%90%EF%BC%98%E2%80%99" n1="%E3%83%97%E3%83%AD%E3%82%B8%E3%83%A3%E3%83%B3%E6%B0%8F" n2="%E3%83%90%E3%83%B3%E3%83%96%E3%83%BC%E3%83%A1%E3%83%A2%E3%83%AA%E3%83%BC" n3="%E5%A4%AA%E3%81%8F%E3%81%AA%E3%81%84%E3%81%8A" dan="16,17,16,18" rate="2084,2172,2030,2191" sx="M,M,F,M"/><TAIKYOKU oya="0"/>

<Scene>
<INIT seed="0,0,0,0,0,30" ten="250,250,250,250" oya="0" hai0="37,13,67,101,121,104,38,36,45,57,113,4,99" hai1="105,17,110,20,115,56,116,69,76,96,86,3,29" hai2="79,23,34,89,47,31,52,130,127,63,128,43,120" hai3="27,35,97,5,131,40,108,39,51,95,53,75,44"/><T28/><D113/><U124/><E115/><V21/><F120/><W12/><G75/><T46/><D121/><U129/><E110/><V14/><F127/><W68/><G68/><T114/><D114/><U0/><E20/><V26/><F79/><W72/><G72/><T118/><D118/><U1/><E96/><V71/><F89/><W6/><G108/><T126/><D126/><U55/><E56/><N who="2" m="35207" /><F71/><W7/><G131/><N who="2" m="50217" /><F14/><W9/><G27/><T65/><D28/><U10/><E124/><V98/><F98/><W62/><G62/><T74/><D74/><U134/><E105/><V112/><F112/><W25/><G25/><T102/><D102/><U59/><E69/><V48/><AGARI ba="0,0" hai="21,23,26,31,34,43,47,48" m="50217,35207" machi="48" ten="30,4000,0" yaku="19,1,52,1,54,1" doraHai="30" who="2" fromWho="2" sc="250,-20,250,-10,250,40,250,-10" />
</Scene>
<Scene>
<INIT seed="1,0,0,4,3,132" ten="230,240,290,240" oya="1" hai0="82,33,59,47,7,60,79,53,125,14,16,124,50" hai1="29,52,41,104,78,86,10,54,127,103,121,74,30" hai2="68,113,99,105,4,73,134,34,23,61,9,0,97" hai3="114,12,69,100,46,128,22,6,48,85,107,83,71"/><U92/><E121/><V3/><F134/><W18/><G114/><T75/><D7/><U101/><E104/><V67/><F113/><W1/><G128/><T43/><REACH who="0" step="1"/><D33/><REACH who="0" ten="220,240,290,240" step="2"/><U51/><E74/><V106/><F73/><W28/><G6/><T19/><D19/><U126/><E30/><V130/><F4/><W72/><G28/><T5/><D5/><U24/><E29/><V40/><F34/><W25/><G72/><T55/><D55/><U133/><E54/><V90/><F3/><W37/><G1/><T95/><D95/><U21/><E52/><V122/><F0/><W38/><G18/><T81/><D81/><N who="1" m="47415" /><E92/><V77/><F105/><W2/><G2/><T91/><D91/><U102/><E133/><V26/><F90/><W94/><G94/><T66/><D66/><U118/><E118/><V98/><F67/><W89/><G107/><T80/><D80/><U109/><E109/><V45/><F106/><W119/><G83/><T63/><D63/><U36/><E102/><V93/><F61/><W32/><G100/><T96/><D96/><U84/><E101/><V8/><F97/><W87/><G119/><T17/><D17/><U65/><E103/><V129/><F98/><W111/><G32/><T123/><D123/><U39/><E65/><V131/><F93/><W108/><G111/><T13/><D13/><U76/><E76/><V62/><F77/><W31/><G108/><T58/><D58/><U70/><E70/><V15/><F99/><W116/><G116/><T115/><D115/><U11/><E24/><V56/><F122/><W49/><G69/><RYUUKYOKU ba="0,1" sc="220,30,240,-10,290,-10,240,-10" hai0="14,16,43,47,50,53,59,60,75,79,82,124,125" />
</Scene>
<Scene>
<INIT seed="2,1,1,2,0,80" ten="250,230,280,230" oya="2" hai0="78,95,20,123,34,90,36,33,58,71,60,121,19" hai1="26,133,32,113,73,65,13,4,43,53,102,57,23" hai2="70,12,101,27,67,54,46,48,17,96,29,64,110" hai3="135,129,81,22,132,30,52,126,41,116,76,44,40"/><V10/><F110/><W28/><G116/><T25/><D36/><U118/><E133/><N who="3" m="51274" /><G129/><T97/><D71/><U66/><E113/><V94/><REACH who="2" step="1"/><F70/><REACH who="2" ten="250,230,270,230" step="2"/><W131/><G131/><T3/><D3/><U55/><E118/><V108/><F108/><W84/><G126/><T21/><D78/><U45/><E32/><AGARI ba="1,2" hai="10,12,17,27,29,32,46,48,54,64,67,94,96,101" machi="32" ten="30,11600,0" yaku="1,1,7,1,53,2" doraHai="80" doraHaiUra="63" who="2" fromWho="1" sc="250,0,230,-119,270,139,230,0" />
</Scene>
<Scene>
<INIT seed="2,2,0,3,3,76" ten="250,111,409,230" oya="2" hai0="9,71,41,87,124,32,130,18,100,128,55,19,103" hai1="113,121,45,27,65,102,0,74,90,95,96,30,10" hai2="88,48,33,115,79,72,110,126,5,106,118,105,82" hai3="92,70,16,78,56,26,1,123,62,131,107,109,29"/><V36/><F118/><W112/><G123/><T122/><D122/><U125/><E121/><V133/><F115/><W83/><G107/><T129/><D71/><U11/><E113/><V97/><F36/><W117/><G117/><T98/><D32/><U31/><E125/><V47/><F33/><W38/><G112/><T53/><D124/><U77/><E65/><V61/><F126/><W116/><G116/><T67/><D67/><U68/><E68/><V44/><F110/><W51/><G1/><T86/><D41/><U17/><E31/><V6/><F133/><W84/><G38/><T34/><D34/><U40/><E102/><N who="0" m="38953" /><D98/><U58/><E58/><V80/><F61/><W99/><G70/><T22/><D9/><U8/><E0/><V75/><F44/><W54/><G131/><T50/><D19/><U49/><E17/><V89/><F6/><W46/><G109/><T3/><D3/><U35/><REACH who="1" step="1"/><E10/><REACH who="1" ten="250,101,409,230" step="2"/><V14/><F5/><W81/><G16/><T119/><D119/><U20/><E20/><V104/><F104/><W111/><G111/><T135/><D18/><U2/><E2/><V134/><F105/><W28/><G26/><T21/><D135/><U13/><E13/><V43/><F14/><W59/><G59/><N who="0" m="33207" /><D21/><U127/><E127/><V25/><F25/><W73/><G56/><T66/><D22/><U37/><E37/><V108/><F134/><W85/><G28/><T39/><D66/><U7/><E7/><V94/><F108/><W93/><G29/><T42/><D128/><U101/><E101/><N who="2" m="60599" /><F106/><W63/><G46/><T52/><D130/><RYUUKYOKU ba="2,1" sc="250,-15,101,15,409,15,230,-15" hai1="8,11,27,30,35,40,45,49,74,77,90,95,96" hai2="43,47,48,72,75,79,80,82,88,89" />
</Scene>
<Scene>
<INIT seed="2,3,1,2,5,126" ten="235,116,424,215" oya="2" hai0="94,103,95,71,17,70,61,132,63,83,113,119,44" hai1="11,10,45,77,87,112,43,131,129,4,58,107,110" hai2="65,50,27,0,111,37,66,86,57,133,55,7,98" hai3="125,121,124,48,26,32,6,39,41,12,102,84,134"/><V20/><F133/><W29/><G121/><T18/><D113/><U116/><E110/><V123/><F123/><W79/><G102/><T25/><D132/><U62/><E112/><V96/><F37/><W9/><G39/><T114/><D114/><U127/><E127/><V128/><F128/><N who="1" m="49225" /><E116/><V99/><F111/><W51/><G51/><T42/><D119/><U101/><E101/><V46/><F46/><N who="3" m="25679" /><G134/><T64/><D83/><AGARI ba="3,1" hai="6,9,12,26,29,32,79,83,84,124,125" m="25679" machi="83" ten="30,1000,0" yaku="25,1" doraHai="126" who="3" fromWho="0" sc="235,-19,116,0,424,0,215,29" />
</Scene>
<Scene>
<INIT seed="3,0,0,3,0,44" ten="216,116,424,244" oya="3" hai0="100,84,93,134,38,54,30,97,111,110,123,122,133" hai1="40,78,94,72,127,135,33,31,71,36,109,96,60" hai2="34,47,130,4,117,9,120,45,57,131,102,124,27" hai3="39,89,15,25,104,2,106,132,50,52,118,119,67"/><W83/><G2/><T55/><D38/><U20/><E94/><V74/><F74/><W79/><G39/><T8/><D30/><U43/><E31/><V86/><F117/><W125/><G67/><T28/><D8/><U112/><E33/><V80/><F124/><W91/><G125/><T81/><D55/><U95/><E78/><N who="2" m="46359" /><F102/><W115/><G115/><T18/><D54/><U108/><E20/><V51/><F120/><N who="0" m="46122" /><D18/><U53/><E95/><V14/><F57/><W85/><G132/><N who="0" m="50795" /><D28/><U90/><E135/><V19/><F27/><W88/><G25/><T101/><D101/><U62/><E127/><V26/><F26/><W16/><G119/><T21/><D21/><U76/><E53/><N who="2" m="29935" /><F47/><W121/><G118/><T42/><D42/><U64/><E40/><V17/><F34/><W113/><G113/><T61/><D61/><U66/><E60/><V128/><AGARI ba="0,0" hai="4,9,14,17,19,128,130,131" m="29935,46359" machi="128" ten="30,2000,0" yaku="19,1,52,1" doraHai="44" who="2" fromWho="2" sc="216,-5,116,-5,424,20,244,-10" />
</Scene>
<Scene>
<INIT seed="4,0,0,5,0,18" ten="211,111,444,234" oya="0" hai0="32,101,87,83,86,55,81,21,122,99,120,26,117" hai1="106,52,69,14,44,113,112,129,104,31,15,88,5" hai2="48,58,36,10,59,90,105,131,45,19,22,108,2" hai3="47,54,8,24,98,41,126,12,119,3,128,67,135"/><T57/><D32/><U50/><E69/><V37/><F108/><W34/><G119/><T134/><D117/><U80/><E129/><V132/><F132/><W89/><G67/><T115/><D134/><U102/><E31/><V51/><F131/><W97/><G3/><T114/><D57/><U77/><E77/><V68/><F68/><W130/><G54/><T65/><D55/><U121/><E121/><N who="0" m="46697" /><D65/><U30/><E30/><V73/><F73/><W63/><G63/><T53/><D53/><U13/><E5/><V76/><F76/><W56/><G56/><T7/><D7/><U94/><E80/><N who="0" m="30793" /><D21/><U72/><E72/><V70/><F70/><W9/><G34/><T96/><D26/><U25/><E25/><V75/><F75/><W92/><G24/><T61/><D61/><U125/><E125/><V27/><F105/><W127/><G135/><T64/><D64/><U124/><E124/><N who="3" m="47658" /><G9/><T43/><D43/><U66/><E66/><V118/><F59/><W29/><G29/><T35/><D35/><U85/><REACH who="1" step="1"/><E102/><REACH who="1" ten="211,101,444,234" step="2"/><V40/><F36/><N who="3" m="21927" /><G130/><T33/><D33/><U103/><E103/><V17/><F37/><W39/><G39/><T28/><D28/><U71/><E71/><V109/><F17/><W110/><G128/><T91/><D101/><U0/><E0/><V23/><F19/><W38/><G38/><T123/><D123/><U49/><E49/><V78/><F51/><W11/><G12/><T6/><D6/><U111/><E111/><V93/><F48/><W95/><G110/><T1/><D1/><U62/><E62/><V79/><F109/><RYUUKYOKU ba="0,1" sc="211,-15,101,15,444,-15,234,15" hai1="13,14,15,44,50,52,85,88,94,104,106,112,113" hai3="8,11,89,92,95,97,98" />
</Scene>
<Scene>
<INIT seed="5,1,1,1,1,87" ten="196,116,429,249" oya="1" hai0="88,117,79,23,124,59,108,19,41,75,38,26,71" hai1="37,1,91,129,7,102,44,13,52,50,118,24,128" hai2="107,31,125,89,130,109,119,134,69,103,30,100,83" hai3="120,111,6,25,105,47,96,8,57,40,116,135,43"/><U60/><E118/><V110/><F119/><W0/><G116/><T48/><D117/><RYUUKYOKU type="kaze4" ba="1,1" sc="196,0,116,0,429,0,249,0" />
</Scene>
<Scene>
<INIT seed="5,2,1,2,5,53" ten="196,116,429,249" oya="1" hai0="88,91,27,20,56,49,71,66,76,90,94,38,81" hai1="122,128,0,5,80,39,22,44,51,116,2,63,35" hai2="100,134,32,23,105,98,85,82,79,117,19,104,92" hai3="3,131,70,33,124,115,101,64,34,83,96,17,130"/><U118/><E39/><V87/><F117/><W78/><G3/><T7/><D38/><U6/><E35/><V26/><F134/><W95/><G115/><T135/><D71/><U4/><E122/><V57/><F32/><W60/><G124/><T37/><D37/><U89/><E128/><N who="3" m="49194" /><G17/><T12/><D135/><U25/><E63/><V121/><F121/><W132/><G132/><T133/><D133/><U50/><E50/><V42/><F42/><W113/><G113/><T99/><D12/><U114/><E114/><V43/><F43/><W14/><G14/><T86/><D7/><U30/><E2/><V29/><F29/><W73/><AGARI ba="2,1" hai="33,34,60,64,70,73,78,83,95,96,101" m="49194" machi="73" ten="30,1100,0" yaku="19,1" doraHai="53" who="3" fromWho="3" sc="196,-5,116,-7,429,-5,249,27" />
</Scene>
<Scene>
<INIT seed="6,0,0,4,5,13" ten="191,109,424,276" oya="2" hai0="40,134,19,107,111,66,48,46,65,100,9,43,0" hai1="105,88,130,63,10,95,60,52,97,14,113,47,93" hai2="61,35,82,37,8,115,102,106,81,20,135,33,126" hai3="44,67,18,3,15,41,1,22,23,31,21,51,87"/><V77/><F37/><W121/><G121/><T57/><D111/><U132/><E130/><V54/><F115/><W17/><G67/><T117/><D134/><U36/><E132/><V122/><F135/><W76/><G31/><T98/><D117/><U70/><E113/><V80/><F122/><W101/><G101/><T108/><D108/><U112/><E112/><V42/><F126/><W68/><G68/><T69/><D69/><U74/><E74/><V119/><F119/><W110/><G110/><T5/><D40/><U34/><E34/><V94/><F106/><W104/><G104/><T85/><D85/><U16/><E105/><V125/><F125/><W128/><G128/><T4/><D4/><U72/><E72/><V29/><F35/><W103/><G103/><T30/><D30/><U58/><E70/><V109/><F109/><W116/><G116/><T32/><D32/><U75/><E75/><V28/><F33/><W83/><G23/><T73/><D73/><U84/><E36/><V59/><F42/><W71/><G71/><T11/><D57/><U25/><E25/><AGARI ba="0,0" hai="1,3,15,17,18,21,22,25,41,44,51,76,83,87" machi="25" ten="30,3900,0" yaku="7,1,52,2" doraHai="13" who="3" fromWho="1" sc="191,0,109,-39,424,0,276,39" />
</Scene>
<Scene>
<INIT seed="7,0,0,3,0,93" ten="191,70,424,315" oya="3" hai0="68,98,124,54,89,117,55,64,119,25,57,96,2" hai1="78,60,110,122,59,99,11,40,128,51,0,134,107" hai2="6,5,121,66,106,12,71,3,75,86,22,114,52" hai3="65,103,46,7,67,36,73,38,83,26,69,44,24"/><W53/><G7/><T123/><D2/><U63/><E11/><V14/><F75/><W45/><G53/><T87/><D123/><U105/><E0/><V58/><F121/><W32/><G103/><T15/><D68/><U131/><E110/><V20/><F106/><W88/><G73/><T91/><D124/><U129/><E78/><V61/><F114/><W10/><G10/><T23/><D119/><U113/><E113/><V18/><F3/><W43/><G69/><T8/><D64/><U102/><E122/><V125/><F125/><W85/><G32/><T95/><D117/><U42/><E134/><V4/><F86/><W70/><G70/><T94/><D87/><U50/><E129/><V97/><F97/><W33/><G33/><T130/><D130/><U120/><E120/><V90/><F90/><W28/><G28/><T35/><D35/><U56/><REACH who="1" step="1"/><E102/><REACH who="1" ten="191,60,424,315" step="2"/><V111/><F111/><W80/><G80/><T127/><D127/><U116/><E116/><V30/><F30/><W79/><G79/><T104/><D104/><U118/><E118/><V19/><F4/><W48/><G48/><AGARI ba="0,1" hai="5,6,12,14,18,19,20,22,48,52,58,61,66,71" machi="48" ten="30,3900,0" yaku="7,1,9,1,54,1" doraHai="93" who="2" fromWho="3" sc="191,0,60,0,424,49,315,-39" owari="191,-21.0,60,-44.0,473,57.0,276,8.0" />
</Scene>
</mjloggm>