<mjloggm ver="2.3"><GO type="193"/><UN n0="%35%30%34%38" n1="%E5%A4%AA%E3%81%8F%E3%81%AA%E3%81%84%E3%81%8A" n2="%35%30%31%36" n3="%6E%63%62%6D" dan="12,7,11,12" rate="1695,1693,1585,1748" sx="M,M,M,M"/><TAIKYOKU oya="0"/>

<Scene>
<INIT seed="0,0,0,1,3,30" ten="250,250,250,250" oya="0" hai0="72,103,101,77,108,113,9,114,98,78,25,111,117" hai1="7,60,33,97,32,122,38,69,52,80,28,126,99" hai2="67,115,92,84,0,49,61,42,83,53,94,57,13" hai3="2,23,135,59,37,31,119,19,87,3,43,129,45"/><T6/><D117/><U5/><E38/><V85/><F115/><W64/><G119/><T82/><D78/><U105/><E122/><V55/><F0/><W66/><G135/><T107/><D103/><U68/><E126/><V71/><F84/><W121/><G121/><T26/><D26/><U16/><E80/><V40/><F13/><W29/><G129/><T15/><D25/><U63/><E28/><V24/><F24/><W56/><G87/><T1/><REACH who="0" step="1"/><D15/><REACH who="0" ten="240,250,250,250" step="2"/><U90/><E90/><V81/><F71/><W41/><G23/><T50/><D50/><U18/><E105/><V130/><F130/><W10/><G10/><T46/><D46/><U34/><E34/><V88/><F83/><W11/><G11/><T120/><D120/><U79/><E79/><V48/><F67/><W95/><G45/><T76/><D76/><U118/><E118/><V96/><F96/><W128/><G128/><T54/><D54/><AGARI ba="0,1" hai="5,7,16,18,32,33,52,54,60,63,68,69,97,99" machi="54" ten="25,12000,2" yaku="22,2,52,2,54,2" doraHai="30" who="1" fromWho="0" sc="240,-120,250,130,250,0,250,0" />
</Scene>
<Scene>
<INIT seed="1,0,0,1,5,1" ten="120,380,250,250" oya="1" hai0="74,122,25,49,12,68,121,64,127,48,90,42,96" hai1="135,61,7,82,45,8,72,134,56,80,29,11,27" hai2="76,50,73,118,104,13,69,66,53,88,6,62,28" hai3="20,4,124,99,83,126,108,100,44,92,115,59,26"/><U78/><E82/><V67/><F118/><W117/><G117/><T21/><D74/><U75/><E75/><V43/><F104/><W133/><G115/><T52/><D127/><U2/><E11/><V19/><F28/><W5/><G44/><T105/><D105/><U120/><E120/><N who="0" m="46185" /><D64/><U58/><E45/><V37/><F73/><W112/><G112/><T89/><D68/><U79/><E79/><V32/><F76/><W55/><G83/><T33/><D33/><U91/><E91/><V18/><F32/><W41/><G41/><T113/><D96/><U24/><E24/><V10/><F67/><W123/><G123/><T40/><D113/><U86/><E72/><V47/><F88/><N who="0" m="33898" /><D12/><U128/><E128/><V119/><F119/><W125/><G133/><N who="1" m="50698" /><E61/><V111/><F111/><W98/><G108/><T14/><D14/><U85/><E85/><V34/><F34/><AGARI ba="0,0" hai="2,7,8,27,29,34,56,58,78,80,86" m="50698" machi="34" ten="30,2900,0" yaku="20,1,52,1" doraHai="1" who="1" fromWho="2" sc="120,0,380,29,250,-29,250,0" />
</Scene>
<Scene>
<INIT seed="1,1,0,3,2,70" ten="120,409,221,250" oya="1" hai0="109,1,51,57,37,124,39,19,75,9,47,35,96" hai1="126,120,59,123,133,102,80,48,93,84,74,108,122" hai2="81,5,17,40,46,86,82,45,44,106,88,78,43" hai3="7,38,115,63,98,113,67,135,72,130,0,33,55"/><U76/><E59/><V91/><F106/><W3/><G55/><T42/><D35/><U100/><E48/><V50/><F5/><W21/><G21/><T125/><D75/><U87/><E133/><V6/><F6/><W31/><G3/><T49/><D109/><U85/><E108/><V22/><F82/><W58/><G130/><T112/><D112/><U118/><E118/><V41/><F41/><W83/><G135/><T29/><D29/><U28/><E28/><V15/><REACH who="2" step="1"/><F45/><REACH who="2" ten="120,409,211,250" step="2"/><W131/><G131/><T60/><D125/><U53/><E126/><V99/><F99/><W23/><G115/><T129/><D124/><U27/><E122/><V32/><F32/><W64/><G113/><T20/><D96/><U94/><E120/><V104/><F104/><W25/><G33/><T132/><D132/><U77/><E123/><V105/><F105/><W13/><G7/><T11/><D129/><U14/><E80/><V34/><F34/><W12/><G83/><T69/><D69/><U89/><E94/><V127/><F127/><W30/><G98/><T121/><D121/><U90/><E93/><V26/><F26/><W119/><G119/><T8/><D1/><U79/><E27/><V56/><F56/><W101/><G0/><T18/><D20/><U62/><E14/><V73/><F73/><W52/><G72/><T95/><D95/><U24/><E24/><V110/><F110/><W116/><G116/><T71/><D71/><U111/><E111/><V66/><F66/><W103/><G31/><T114/><D114/><U107/><E74/><V54/><F54/><RYUUKYOKU ba="1,1" sc="120,-10,409,-10,211,30,250,-10" hai2="15,17,22,40,43,44,46,50,78,81,86,88,91" />
</Scene>
<Scene>
<INIT seed="2,2,1,0,1,78" ten="110,399,241,240" oya="2" hai0="37,27,106,107,82,40,68,128,47,134,4,81,120" hai1="10,17,90,103,8,98,73,52,71,26,59,7,34" hai2="49,95,31,102,2,127,132,125,5,108,54,9,131" hai3="45,115,12,46,85,15,19,91,87,56,36,29,6"/><V53/><F108/><W101/><G115/><T60/><D120/><U66/><E73/><V32/><F132/><W93/><G36/><T123/><D123/><U88/><E71/><V63/><F131/><W38/><G38/><T35/><D134/><U111/><E66/><V58/><F32/><W104/><G29/><T13/><D13/><N who="1" m="5279" /><E34/><V39/><F31/><W51/><G6/><T114/><D114/><U126/><E111/><V16/><F39/><W42/><G104/><T83/><D128/><U74/><E74/><V77/><F77/><W33/><G33/><T110/><D4/><U62/><E126/><N who="2" m="48139" /><F102/><W80/><G101/><T48/><D48/><U70/><E70/><V100/><F100/><W64/><G46/><T65/><REACH who="0" step="1"/><D110/><REACH who="0" ten="100,399,241,240" step="2"/><U50/><E50/><V23/><F49/><W129/><G129/><T14/><D14/><N who="1" m="7383" /><E26/><N who="2" m="14695" /><F95/><AGARI ba="2,2" hai="52,59,62,88,90,95,98,103" m="7383,5279" machi="95" ten="30,3900,0" yaku="8,1,54,2" doraHai="78" who="1" fromWho="2" sc="100,0,399,65,241,-45,240,0" />
</Scene>
<Scene>
<INIT seed="3,0,0,2,4,60" ten="100,464,196,240" oya="3" hai0="44,86,80,107,105,103,3,69,50,76,8,6,25" hai1="58,93,32,131,124,110,132,72,79,39,11,88,66" hai2="95,84,37,30,21,75,31,23,68,119,104,22,118" hai3="57,122,100,91,96,34,28,111,52,108,135,106,87"/><W117/><G122/><T101/><D25/><U65/><E32/><V125/><F68/><W7/><G117/><T59/><D69/><U61/><E39/><V42/><F75/><W33/><G7/><T121/><D121/><U26/><E110/><N who="3" m="42026" /><G28/><T1/><D1/><U64/><E124/><V54/><F125/><W99/><G99/><T27/><D27/><U112/><E112/><V20/><F104/><W116/><G116/><T126/><D126/><U19/><E131/><V113/><F113/><W74/><G74/><T98/><D59/><U62/><E132/><V5/><F119/><W63/><G135/><T67/><D67/><N who="1" m="39351" /><E72/><V120/><F118/><W71/><G71/><T43/><D98/><N who="1" m="57639" /><E79/><V56/><F120/><W15/><G15/><T114/><D114/><U24/><E62/><V134/><F134/><W102/><G102/><T18/><D18/><U94/><E94/><AGARI ba="0,0" hai="33,34,52,57,63,87,91,94,96,100,106" m="42026" machi="94" ten="30,5800,0" yaku="14,1,10,1,54,1" doraHai="60" who="3" fromWho="1" sc="100,0,464,-58,196,0,240,58" />
</Scene>
<Scene>
<INIT seed="3,1,0,3,3,57" ten="100,406,196,298" oya="3" hai0="69,7,76,132,126,129,114,109,62,33,133,66,83" hai1="30,113,50,51,44,97,93,85,28,90,11,94,17" hai2="101,63,89,130,71,36,58,61,100,74,5,38,55" hai3="99,119,31,75,91,77,117,14,23,82,45,1,15"/><W53/><G1/><T9/><D109/><U25/><E113/><V8/><F74/><W37/><G119/><T43/><D114/><U42/><E51/><V54/><F130/><W60/><G117/><T35/><D35/><U21/><E11/><V22/><F38/><W41/><G31/><T95/><D95/><U124/><E124/><V13/><F36/><W80/><G23/><T115/><D115/><U3/><E3/><V20/><F101/><AGARI ba="1,0" hai="17,21,25,28,30,42,44,50,85,90,93,94,97,101" machi="101" ten="30,2000,0" yaku="7,1,8,1" doraHai="57" who="1" fromWho="2" sc="100,0,406,23,196,-23,298,0" owari="100,-40.0,429,53.0,173,-23.0,298,10.0" />
</Scene>
</mjloggm>