<mjloggm ver="2.3"><GO type="169"/><UN n0="%E5%A4%AA%E3%81%8F%E3%81%AA%E3%81%84%E3%81%8A" n1="%23%37%34%E5%A4%A7%E6%B2%BB%E9%83%8E" n2="%E4%B9%9D%E5%B0%BE%E7%99%BD%E7%8B%90" n3="%E3%83%AD%E3%83%AA%E3%83%BC%E3%82%BF%E3%81%AA%E7%84%BC%E8%82%89" dan="17,16,16,17" rate="2173,2104,2128,2091" sx="M,M,M,M"/><TAIKYOKU oya="0"/>

<Scene>
<INIT seed="0,0,0,2,0,4" ten="250,250,250,250" oya="0" hai0="37,52,81,115,93,66,70,19,51,14,26,15,91" hai1="87,131,5,128,96,9,89,23,109,112,75,103,20" hai2="45,49,113,98,135,133,88,42,54,27,100,97,73" hai3="31,53,127,17,30,129,126,102,22,48,65,18,111"/><T132/><D115/><U47/><E75/><V3/><F73/><W71/><G111/><T94/><D37/><U44/><E109/><V2/><F113/><W25/><G129/><N who="1" m="49738" /><E112/><V130/><F130/><W64/><G102/><T34/><D132/><N who="2" m="50762" /><F27/><W117/><G117/><T134/><D134/><U58/><E58/><V121/><F121/><W43/><G43/><T69/><D81/><N who="1" m="49391" /><E47/><V123/><F123/><W124/><G31/><T74/><D74/><U0/><E44/><V95/><F42/><W120/><G120/><T116/><D116/><U62/><E62/><V76/><F76/><W10/><G71/><T83/><D14/><U61/><E61/><V50/><F50/><W13/><REACH who="3" step="1"/><G30/><REACH who="3" ten="250,250,250,240" step="2"/><T106/><D69/><U29/><E29/><V1/><F100/><W118/><G118/><T32/><D70/><U16/><E16/><V90/><F90/><W6/><G6/><T60/><D91/><U59/><E59/><AGARI ba="0,1" hai="10,13,17,18,22,25,48,53,59,64,65,124,126,127" machi="59" ten="40,5200,0" yaku="1,1,18,1,52,1,53,0" doraHai="4" doraHaiUra="78" who="3" fromWho="1" sc="250,0,250,-52,250,0,240,62" />
</Scene>
<Scene>
<INIT seed="1,0,0,1,5,31" ten="250,198,250,302" oya="1" hai0="103,58,1,41,35,86,110,124,91,47,4,113,38" hai1="65,14,10,51,116,73,129,119,99,55,33,62,93" hai2="125,18,117,7,102,87,128,67,20,108,32,115,37" hai3="96,25,13,75,76,121,48,42,5,77,114,111,106"/><U59/><E73/><V54/><F117/><W70/><G70/><T16/><D113/><U126/><E126/><V80/><F115/><W130/><G114/><T44/><D124/><U49/><E129/><V26/><F125/><W56/><G121/><T28/><D110/><U50/><E33/><V40/><F128/><W29/><G111/><T81/><D103/><U6/><REACH who="1" step="1"/><E65/><REACH who="1" ten="250,188,250,302" step="2"/><V132/><F108/><W131/><G130/><T24/><D47/><U27/><E27/><V8/><F67/><W92/><G25/><T3/><D4/><U79/><E79/><V43/><F32/><W94/><G77/><T134/><D134/><U120/><E120/><V21/><F132/><W112/><G76/><T105/><D105/><U127/><E127/><V53/><F26/><W104/><G5/><T19/><REACH who="0" step="1"/><D58/><REACH who="0" ten="240,188,250,302" step="2"/><U9/><E9/><V109/><F7/><W85/><G56/><T39/><D39/><U97/><E97/><V78/><F37/><W0/><G96/><T15/><D15/><U89/><AGARI ba="0,2" hai="6,10,14,49,50,51,55,59,62,89,93,99,116,119" machi="89" ten="30,3000,0" yaku="1,1,0,1,53,0" doraHai="31" doraHaiUra="63" who="1" fromWho="1" sc="240,-10,188,50,250,-10,302,-10" />
</Scene>
<Scene>
<INIT seed="1,1,0,5,5,46" ten="230,238,240,292" oya="1" hai0="106,87,50,75,71,62,45,27,86,63,80,100,56" hai1="98,39,33,0,1,97,85,8,16,55,123,65,49" hai2="119,115,127,14,2,120,99,3,28,93,31,36,24" hai3="10,38,42,52,79,59,15,131,91,81,112,121,126"/><U58/><E123/><V44/><F120/><W60/><G112/><T64/><D75/><U61/><E33/><V94/><F119/><W34/><G34/><T132/><D132/><U95/><E39/><V67/><F127/><W41/><G126/><T18/><D106/><U21/><E85/><V48/><F115/><W92/><G121/><T113/><D113/><U17/><E17/><V117/><F117/><W7/><G131/><T12/><D27/><U19/><E19/><V51/><F67/><W78/><G38/><T110/><D100/><U47/><E8/><V54/><F36/><W35/><G35/><T11/><D110/><U103/><REACH who="1" step="1"/><E98/><REACH who="1" ten="230,228,240,292" step="2"/><V66/><F99/><N who="3" m="57759" /><G79/><T69/><D86/><AGARI ba="1,1" hai="7,10,15,41,42,52,59,60,78,81,86" m="57759" machi="86" ten="30,2000,0" yaku="8,1,54,1" doraHai="46" who="3" fromWho="0" sc="230,-23,228,0,240,0,292,33" />
</Scene>
<Scene>
<INIT seed="2,0,0,1,4,103" ten="207,228,240,325" oya="2" hai0="46,21,34,45,127,71,118,54,12,37,5,49,8" hai1="100,130,104,80,112,91,52,70,96,77,1,78,36" hai2="69,92,113,88,50,2,18,14,29,39,125,98,61" hai3="65,13,117,132,27,0,86,62,122,64,131,124,33"/><V35/><F113/><W56/><G0/><T129/><D34/><U97/><E1/><V23/><F39/><W32/><G122/><T72/><D72/><U24/><E36/><V116/><F116/><W83/><G117/><T22/><D118/><U41/><E41/><V115/><F115/><W30/><G132/><T57/><D71/><U11/><E11/><V42/><F125/><W51/><G131/><T81/><D129/><U7/><E112/><V47/><F2/><W95/><G124/><T67/><D127/><U120/><E7/><V6/><F6/><W102/><G13/><T60/><D37/><U85/><E70/><V128/><F128/><W121/><G121/><T63/><D46/><U43/><E43/><V55/><F29/><W4/><G4/><T79/><REACH who="0" step="1"/><D63/><REACH who="0" ten="197,228,240,325" step="2"/><U10/><E130/><V119/><F119/><W105/><G62/><T90/><D90/><U133/><E120/><V108/><F108/><W25/><G32/><T110/><D110/><U101/><E133/><V94/><F69/><W111/><G33/><T106/><D106/><U9/><E104/><V53/><F35/><W76/><G105/><T31/><D31/><U134/><E134/><V48/><F61/><W68/><G30/><T16/><D16/><U26/><E91/><N who="2" m="55583" /><F48/><W84/><G51/><T99/><D99/><AGARI ba="0,1" hai="14,18,23,42,47,50,53,55,88,94,99" m="55583" machi="99" ten="30,2900,0" yaku="8,1,54,1" doraHai="103" who="2" fromWho="0" sc="197,-29,228,0,240,39,325,0" />
</Scene>
<Scene>
<INIT seed="2,1,0,4,5,65" ten="168,228,279,325" oya="2" hai0="97,27,1,96,72,37,90,78,95,30,38,58,10" hai1="50,35,62,8,81,41,55,45,21,74,59,127,99" hai2="94,25,3,100,0,22,6,106,73,43,132,47,13" hai3="118,57,31,83,131,133,108,107,17,93,53,60,19"/><V102/><F73/><W46/><G107/><T42/><D58/><U124/><E35/><V68/><F68/><W32/><G118/><T71/><D71/><U109/><E109/><V134/><F106/><W135/><G108/><T44/><D38/><U121/><E121/><V126/><F126/><N who="1" m="48169" /><E8/><V26/><F13/><W77/><G131/><T87/><D27/><U86/><E74/><V54/><F54/><W92/><G46/><T128/><D30/><U80/><E21/><V2/><F6/><W125/><G125/><T110/><D128/><U66/><E99/><V69/><F69/><W105/><G105/><T20/><D20/><U84/><E84/><V130/><F130/><W70/><G70/><T14/><D110/><U36/><E86/><V122/><F122/><W52/><G53/><T49/><D49/><U103/><E103/><V4/><F4/><W89/><G31/><T79/><D79/><U113/><E113/><V114/><F114/><W48/><G32/><T24/><D24/><U115/><E115/><V39/><F26/><W117/><G117/><T85/><D85/><U40/><E40/><V28/><REACH who="2" step="1"/><F94/><REACH who="2" ten="168,228,269,325" step="2"/><W64/><G92/><T33/><D14/><U91/><E55/><V7/><F7/><W9/><G52/><T23/><D95/><U18/><E66/><V75/><F75/><W12/><G93/><T116/><D72/><U51/><E81/><V5/><F5/><W61/><G83/><T112/><D116/><U120/><E80/><V11/><F11/><W56/><G9/><T16/><D112/><U63/><E120/><V82/><F82/><RYUUKYOKU ba="1,1" sc="168,-10,228,-10,269,30,325,-10" hai2="0,2,3,22,25,28,39,43,47,100,102,132,134" />
</Scene>
<Scene>
<INIT seed="2,2,1,1,2,75" ten="158,218,299,315" oya="2" hai0="25,83,110,36,97,59,35,133,76,27,41,38,33" hai1="99,57,104,114,11,72,58,53,82,10,3,49,73" hai2="31,135,93,130,20,39,63,54,22,134,86,61,62" hai3="60,111,78,2,19,79,121,89,52,107,46,13,23"/><V77/><F39/><W37/><G107/><T109/><D133/><N who="2" m="50698" /><F130/><W119/><G119/><T50/><D97/><U68/><E68/><V16/><F31/><W102/><G121/><T4/><D4/><U44/><E114/><V1/><F1/><W9/><G111/><N who="0" m="42507" /><D25/><U80/><E3/><V96/><F22/><W12/><G102/><T34/><D27/><U17/><E99/><V81/><F54/><W113/><G2/><T47/><D59/><U108/><E104/><V71/><F71/><W32/><G32/><N who="0" m="8195" /><T14/><DORA hai="95" /><D14/><U101/><E101/><N who="2" m="60559" /><F63/><W21/><G113/><T69/><D69/><U30/><E108/><V94/><F94/><W6/><G37/><T100/><D100/><U85/><E30/><V132/><N who="2" m="50706" /><V129/><DORA hai="40" /><F129/><W87/><G23/><T24/><D24/><AGARI ba="2,1" hai="16,20,24,61,62,77,81,86" m="60559,50706" machi="24" ten="40,12000,1" yaku="20,1,52,2,54,1" doraHai="75,95,40" who="2" fromWho="0" sc="158,-126,218,0,299,136,315,0" />
</Scene>
<Scene>
<INIT seed="2,3,0,3,5,95" ten="32,218,435,315" oya="2" hai0="61,125,93,37,97,128,62,127,36,87,63,23,79" hai1="73,96,92,129,50,46,105,16,8,78,106,82,72" hai2="116,103,56,112,101,65,80,124,120,33,98,31,27" hai3="26,71,91,121,66,60,118,117,0,7,15,111,81"/><V13/><F120/><W85/><G121/><T76/><D128/><U109/><E73/><V11/><F116/><W9/><G111/><T100/><D23/><U64/><E109/><V30/><F124/><W104/><G26/><T108/><D108/><U83/><E83/><V135/><F135/><W29/><G29/><T25/><D25/><U58/><E129/><V131/><F131/><W44/><G0/><T28/><D28/><U75/><E75/><V32/><F112/><W47/><G47/><T132/><D132/><U4/><E58/><V107/><F80/><W22/><G22/><T21/><D21/><U17/><E64/><V53/><F65/><W99/><REACH who="3" step="1"/><G44/><REACH who="3" ten="32,218,435,305" step="2"/><T67/><D67/><U113/><E113/><V119/><F119/><W14/><G14/><T24/><D24/><U114/><E114/><V55/><F31/><W115/><G115/><T6/><D127/><U2/><E106/><V70/><F33/><W77/><G77/><T19/><D125/><U42/><REACH who="1" step="1"/><E105/><REACH who="1" ten="32,208,435,305" step="2"/><V89/><F107/><W45/><G45/><T12/><D79/><U38/><E38/><V49/><F32/><W54/><G54/><T130/><D130/><U122/><E122/><V18/><F53/><W43/><G43/><T39/><D37/><U35/><E35/><V68/><F55/><W41/><G41/><T10/><D39/><U123/><E123/><V34/><F34/><W40/><G40/><T94/><D36/><U102/><AGARI ba="3,2" hai="2,4,8,16,17,42,46,50,72,78,82,92,96,102" machi="102" ten="20,8000,1" yaku="1,1,0,1,7,1,52,1,54,1,53,0" doraHai="95" doraHaiUra="133" who="1" fromWho="1" sc="32,-23,208,109,435,-43,305,-23" />
</Scene>
<Scene>
<INIT seed="3,0,0,5,1,34" ten="9,317,392,282" oya="3" hai0="75,31,40,127,104,117,93,45,91,26,90,89,23" hai1="52,114,4,126,92,61,14,27,63,50,82,55,22" hai2="115,49,41,122,15,77,81,71,18,107,3,11,133" hai3="1,120,70,119,74,97,28,37,128,134,65,20,8"/><W78/><G120/><T56/><D117/><U112/><E126/><V105/><F115/><W109/><G119/><T46/><D104/><U60/><E82/><V38/><F71/><W35/><G35/><T99/><D75/><U94/><E114/><V124/><F124/><W66/><G109/><T125/><D56/><U42/><E112/><V72/><F122/><W73/><G128/><T98/><D125/><U118/><E118/><V96/><F96/><N who="0" m="36906" /><D127/><U48/><E42/><V101/><F101/><W21/><G134/><T76/><D76/><U85/><E14/><V13/><F49/><N who="1" m="19049" /><E4/><N who="2" m="1439" /><F133/><W54/><G37/><T67/><D67/><U58/><E85/><V57/><F57/><W102/><G78/><T132/><D132/><U6/><E6/><V80/><F80/><W25/><G70/><T9/><D9/><U36/><E36/><V116/><F116/><W83/><G73/><T17/><D40/><U87/><E58/><V19/><F13/><W100/><G74/><T5/><D5/><U10/><E10/><N who="2" m="6519" /><F19/><W68/><G68/><T106/><D106/><U43/><E43/><V44/><AGARI ba="0,0" hai="38,41,44,72,77,81,105,107" m="6519,1439" machi="44" ten="30,2000,0" yaku="25,1,52,1" doraHai="34" who="2" fromWho="2" sc="9,-5,317,-5,392,20,282,-10" />
</Scene>
<Scene>
<INIT seed="4,0,0,1,3,104" ten="4,312,412,272" oya="0" hai0="46,106,2,94,61,38,105,20,77,14,71,87,13" hai1="30,119,109,49,15,113,29,65,33,28,134,4,9" hai2="80,32,111,19,122,34,118,102,82,1,44,45,72" hai3="74,89,93,11,56,43,75,51,40,39,62,85,58"/><T115/><D2/><U86/><E119/><V95/><F118/><W26/><G39/><T128/><D115/><U23/><E113/><V25/><F122/><W54/><G26/><T0/><D0/><U22/><E109/><V88/><F111/><W98/><G11/><T73/><D73/><U116/><E116/><V135/><F135/><W100/><G40/><T36/><D71/><U5/><E134/><V57/><F1/><W81/><REACH who="3" step="1"/><G43/><REACH who="3" ten="4,312,412,262" step="2"/><T124/><D61/><U59/><E33/><V91/><F32/><W16/><G16/><T120/><D120/><U123/><E123/><V97/><F34/><W107/><G107/><T63/><D63/><N who="1" m="38143" /><E5/><V27/><F25/><W90/><G90/><T64/><D64/><AGARI ba="0,1" hai="51,54,56,58,62,64,74,75,81,85,89,93,98,100" machi="64" ten="30,7700,0" yaku="1,1,7,1,52,2,53,0" doraHai="104" doraHaiUra="126" who="3" fromWho="0" sc="4,-77,312,0,412,0,262,87" owari="-73,-57.0,312,-9.0,412,51.0,349,15.0" />
</Scene>
</mjloggm>