<mjloggm ver="2.3"><GO type="169" lobby="0"/><UN n0="%E3%83%A4%E3%82%AD%E3%83%B3" n1="%E5%A4%A9%E5%9F%8E%E5%B0%8F%E6%AC%A1%E9%83%8E" n2="%E5%A4%AA%E3%81%8F%E3%81%AA%E3%81%84%E3%81%8A" n3="%E3%81%A4%E3%81%B0%E3%81%8D%E3%81%A1%30%33" dan="16,16,18,16" rate="2136.98,2081.90,2229.77,2133.82" sx="M,M,F,M"/><TAIKYOKU oya="0"/>

<Scene>
<INIT seed="0,0,0,3,3,48" ten="250,250,250,250" oya="0" hai0="54,22,77,114,131,17,124,112,84,66,10,100,70" hai1="60,27,95,105,92,75,47,122,71,5,35,36,3" hai2="115,6,43,34,91,80,23,56,45,88,127,13,109" hai3="46,118,106,0,28,2,1,103,87,69,61,120,63"/><T125/><D100/><U78/><E122/><V20/><F34/><W128/><G118/><T90/><D77/><U55/><E105/><V72/><F115/><W38/><G120/><T116/><D116/><U21/><E35/><V126/><F109/><W99/><G128/><T30/><D131/><U132/><E132/><V85/><F72/><W58/><G87/><T15/><D70/><U26/><E71/><V98/><F56/><W65/><G28/><T49/><D66/><U86/><E86/><V31/><F6/><W81/><G81/><N who="0" m="49423" /><D30/><U113/><E113/><N who="0" m="43625" /><D22/><U52/><E60/><V94/><F31/><W40/><REACH who="3" step="1"/><G0/><REACH who="3" ten="250,250,250,240" step="2"/><T32/><D32/><U64/><E3/><V97/><F97/><W89/><G89/><T25/><D125/><U110/><E110/><V79/><F91/><W123/><G123/><T83/><D83/><U24/><E75/><V133/><F133/><W50/><G50/><T117/><D124/><U33/><E78/><V68/><F126/><W59/><G59/><T107/><D49/><U37/><E36/><V74/><F127/><W29/><G29/><T14/><D117/><U8/><E37/><V44/><F68/><W67/><AGARI ba="0,1" hai="1,2,38,40,46,58,61,63,65,67,69,99,103,106" machi="67" ten="20,5200,0" yaku="1,1,0,1,7,1,53,1" doraHai="48" doraHaiUra="39" who="3" fromWho="3" sc="250,-26,250,-13,250,-13,240,62" />
</Scene>
<Scene>
<INIT seed="1,0,0,5,1,48" ten="224,237,237,302" oya="1" hai0="46,102,64,66,4,101,29,60,23,81,27,54,134" hai1="7,67,57,124,20,25,107,117,3,38,2,52,89" hai2="42,39,108,50,90,56,59,123,62,74,98,95,105" hai3="63,68,76,126,40,92,120,132,97,0,33,13,122"/><U26/><E117/><V22/><F123/><W35/><G0/><T128/><D134/><U111/><E38/><V103/><F108/><W85/><G40/><T119/><D119/><U12/><E107/><V65/><F74/><W21/><G132/><T41/><D128/><U118/><E118/><V106/><F39/><W133/><G133/><T84/><D4/><U104/><E104/><V51/><F42/><W45/><G45/><T30/><D30/><U93/><E124/><V61/><F106/><W82/><G35/><T112/><D112/><U130/><E130/><V58/><F22/><W110/><G33/><T15/><D15/><U73/><E73/><V5/><F5/><W87/><G87/><T8/><D8/><N who="1" m="4127" /><E3/><V28/><F28/><W96/><G110/><T43/><D41/><U47/><E2/><V135/><F135/><W44/><G44/><T14/><D43/><U31/><E111/><V10/><F10/><W69/><G97/><T125/><D14/><U34/><E34/><V94/><F105/><W36/><G36/><T16/><D29/><U129/><E129/><V32/><F32/><W86/><G86/><T1/><D1/><U109/><E109/><V71/><REACH who="2" step="1"/><F62/><REACH who="2" ten="224,237,227,302" step="2"/><W131/><G131/><T127/><D60/><N who="1" m="38287" /><E20/><V75/><F75/><W116/><G116/><T113/><D125/><U79/><E31/><V18/><F18/><N who="3" m="10447" /><G126/><T9/><D127/><U77/><E25/><V53/><F53/><W6/><G6/><T37/><D37/><U72/><E26/><V11/><F11/><W100/><G63/><T49/><D9/><U99/><E72/><RYUUKYOKU ba="0,1" sc="224,-30,237,10,227,10,302,10" hai1="47,52,77,79,89,93,99" hai2="50,51,56,58,59,61,65,71,90,94,95,98,103" hai3="68,69,76,82,85,92,96,100,120,122" />
</Scene>
<Scene>
<INIT seed="1,1,1,4,3,117" ten="194,247,237,312" oya="1" hai0="45,54,94,8,19,85,81,99,66,134,110,114,122" hai1="44,120,16,20,130,107,83,15,91,92,128,105,111" hai2="72,23,96,6,33,43,123,48,28,98,112,55,76" hai3="64,2,58,93,77,52,131,22,132,26,63,73,37"/><U88/><E111/><V53/><F33/><W121/><G2/><T101/><D114/><U46/><E120/><V78/><F112/><W97/><G121/><T80/><D110/><U36/><E83/><V133/><F123/><W51/><G132/><T86/><D122/><U87/><E91/><V25/><F6/><W42/><G131/><N who="1" m="50218" /><E36/><V71/><F71/><W102/><G73/><T129/><D129/><U1/><E1/><V4/><F4/><W17/><G77/><N who="2" m="29801" /><F72/><W103/><G37/><T56/><D134/><U32/><E32/><V104/><F104/><AGARI ba="1,1" hai="15,16,20,44,46,87,88,92,104,105,107" m="50218" machi="104" ten="30,5800,0" yaku="19,1,54,2" doraHai="117" who="1" fromWho="2" sc="194,0,247,71,237,-61,312,0" />
</Scene>
<Scene>
<INIT seed="1,2,0,2,2,80" ten="194,318,176,312" oya="1" hai0="55,4,19,58,116,48,99,50,54,39,12,135,130" hai1="13,132,56,44,31,107,36,88,25,33,2,91,42" hai2="38,23,24,53,115,22,72,34,81,60,105,73,93" hai3="125,6,108,46,102,68,17,52,10,122,117,89,77"/><U16/><E107/><V63/><F105/><W113/><G68/><T59/><D116/><U120/><E120/><V28/><F38/><W94/><G113/><T41/><D135/><U3/><E132/><V83/><F115/><W90/><G125/><T71/><D130/><U103/><E103/><V14/><F34/><W40/><G108/><T110/><D4/><U0/><REACH who="1" step="1"/><E56/><REACH who="1" ten="194,308,176,312" step="2"/><V119/><F119/><W32/><G102/><T98/><D71/><U43/><E43/><V18/><F72/><W15/><G40/><T69/><D69/><U95/><E95/><V118/><F118/><W84/><G122/><T29/><D41/><U128/><E128/><V87/><F73/><W129/><G129/><T37/><D110/><U82/><E82/><V30/><F93/><W5/><G117/><T79/><D58/><U47/><E47/><V49/><F81/><N who="3" m="47151" /><G94/><T131/><D59/><U9/><AGARI ba="2,1" hai="0,2,3,9,13,16,25,31,33,36,42,44,88,91" machi="9" ten="30,12000,1" yaku="1,1,0,1,54,2,53,1" doraHai="80" doraHaiUra="11" who="1" fromWho="1" sc="194,-42,308,136,176,-42,312,-42" />
</Scene>
<Scene>
<INIT seed="1,3,0,2,4,88" ten="152,444,134,270" oya="1" hai0="42,10,38,3,74,79,59,93,5,94,44,28,104" hai1="4,91,47,57,51,36,98,1,119,90,27,106,23" hai2="130,113,11,8,41,124,85,15,107,99,96,63,82" hai3="6,16,70,80,43,111,37,45,89,76,110,127,129"/><U12/><E119/><V109/><F109/><N who="3" m="41483" /><G70/><T7/><D104/><U73/><E1/><V83/><F130/><W52/><G129/><T118/><D118/><U26/><E73/><V103/><F124/><W53/><G127/><T9/><D28/><U32/><E36/><V20/><F113/><W92/><G6/><T75/><D59/><U0/><E0/><V40/><F63/><W69/><G69/><T102/><D102/><U68/><E68/><V66/><F66/><W132/><G132/><T24/><D24/><U58/><E32/><V39/><F20/><W97/><G16/><T117/><D117/><U131/><E4/><V64/><F64/><W60/><G60/><T77/><D75/><AGARI ba="3,0" hai="37,43,45,52,53,75,76,80,89,92,97" m="41483" machi="75" ten="30,3900,0" yaku="14,1,52,1,54,1" doraHai="88" who="3" fromWho="0" sc="152,-48,444,0,134,0,270,48" />
</Scene>
<Scene>
<INIT seed="2,0,0,1,1,124" ten="104,444,134,318" oya="2" hai0="58,111,134,66,119,116,47,27,127,117,83,44,29" hai1="123,107,12,131,72,42,70,98,2,51,120,30,88" hai2="103,69,61,76,55,95,52,92,68,91,18,77,33" hai3="50,110,112,105,86,49,89,67,26,15,36,54,79"/><V80/><F33/><W39/><G105/><T132/><D83/><U73/><E2/><V25/><F69/><W100/><G100/><T133/><D27/><U17/><E70/><V87/><F68/><W130/><G67/><T90/><D90/><U32/><E30/><V109/><F109/><W59/><G79/><N who="2" m="30281" /><F61/><W11/><G110/><T1/><D29/><U35/><E32/><V113/><F113/><W56/><G112/><T106/><D1/><U10/><E35/><V96/><F80/><W97/><G97/><T128/><D106/><U101/><E73/><V62/><F62/><W5/><G26/><T135/><D111/><U104/><E72/><V60/><F60/><W41/><G41/><T57/><D135/><U85/><E107/><V125/><F125/><W122/><G122/><T24/><D127/><U71/><E71/><V0/><F0/><W74/><G74/><T7/><D7/><U19/><E104/><V21/><AGARI ba="0,0" hai="18,21,25,52,55,87,91,92,95,96,103" m="30281" machi="21" ten="30,3000,0" yaku="8,1,54,1" doraHai="124" who="2" fromWho="2" sc="104,-10,444,-10,134,30,318,-10" />
</Scene>
<Scene>
<INIT seed="2,1,0,4,4,90" ten="94,434,164,308" oya="2" hai0="49,35,62,99,112,101,24,123,16,27,121,132,97" hai1="106,92,84,125,15,93,117,31,76,59,78,5,67" hai2="98,46,21,88,122,102,128,133,28,20,131,108,104" hai3="65,70,83,103,134,40,109,3,116,86,47,73,19"/><V107/><F122/><W6/><G116/><T18/><D112/><U23/><E117/><V7/><F107/><W9/><G109/><T11/><D132/><U81/><E106/><V82/><F133/><W53/><G53/><T0/><D62/><N who="1" m="38367" /><E125/><V55/><F7/><W60/><G134/><T127/><D127/><U25/><E78/><V87/><F108/><W29/><G29/><T66/><D66/><U74/><E74/><V43/><F55/><W64/><G64/><T94/><D49/><U38/><E38/><N who="2" m="21879" /><F28/><W69/><G103/><T14/><D0/><U22/><E22/><V10/><F10/><AGARI ba="1,0" hai="5,10,15,23,25,31,76,81,84,92,93" m="38367" machi="10" ten="30,3900,0" yaku="8,1,52,2" doraHai="90" who="1" fromWho="2" sc="94,0,434,42,164,-42,308,0" />
</Scene>
<Scene>
<INIT seed="3,0,0,5,0,71" ten="94,476,122,308" oya="3" hai0="47,13,60,29,3,31,44,59,99,66,97,62,2" hai1="68,82,39,80,22,45,110,23,113,123,125,67,114" hai2="102,81,119,25,112,57,79,14,7,76,32,53,74" hai3="134,109,84,35,46,41,103,122,100,117,72,93,56"/><W30/><G117/><T124/><D124/><U50/><E123/><V37/><F119/><W94/><G72/><T51/><D13/><U40/><E110/><V85/><F112/><W91/><G122/><T21/><D21/><U116/><E116/><V78/><F102/><W75/><G75/><T6/><D6/><U16/><E125/><V96/><F96/><W52/><G134/><T115/><D115/><U90/><E23/><V34/><F37/><W27/><G94/><T104/><D104/><U105/><E105/><V64/><F64/><W133/><G109/><T129/><D129/><U126/><E126/><V9/><F74/><W128/><G133/><T98/><D60/><U24/><E50/><V63/><REACH who="2" step="1"/><F25/><REACH who="2" ten="94,476,112,308" step="2"/><W19/><G128/><T4/><D97/><U61/><E113/><V127/><F127/><W43/><G103/><T73/><D73/><U89/><E114/><V86/><F86/><W132/><G100/><T135/><D98/><U130/><E130/><V5/><F5/><W26/><G132/><T92/><D135/><U121/><E121/><V65/><F65/><W28/><G19/><T20/><D4/><U54/><E67/><V36/><F36/><W55/><G27/><N who="0" m="16615" /><D31/><U118/><E24/><V11/><F11/><W1/><G30/><T106/><D106/><U69/><E118/><V87/><F87/><W77/><G26/><T83/><D99/><U0/><E16/><V38/><F38/><W18/><G28/><T12/><D66/><U33/><E39/><V108/><F108/><W17/><G17/><T8/><D8/><U15/><E68/><RYUUKYOKU ba="0,1" sc="94,-10,476,-10,112,30,308,-10" hai2="7,9,14,32,34,53,57,63,76,78,79,81,85" />
</Scene>
<Scene>
<INIT seed="4,1,1,0,0,91" ten="84,466,142,298" oya="0" hai0="0,130,66,132,1,74,39,40,63,127,79,45,84" hai1="52,33,61,55,90,103,19,57,118,70,43,116,67" hai2="27,93,126,135,51,122,134,131,23,95,58,89,42" hai3="110,80,115,69,35,4,3,62,22,56,29,112,72"/><T60/><D74/><U24/><E103/><V11/><F122/><W73/><G110/><T75/><D75/><U30/><E43/><V107/><F107/><W38/><G38/><T94/><D127/><U53/><E70/><V9/><F126/><W49/><G35/><T113/><D113/><N who="3" m="43593" /><G4/><T125/><D125/><U97/><REACH who="1" step="1"/><E19/><REACH who="1" ten="84,456,142,298" step="2"/><V104/><F42/><W26/><G69/><T109/><D109/><U34/><E34/><V6/><F134/><W48/><G29/><T44/><D132/><U16/><E16/><V37/><F135/><W123/><G123/><T13/><D40/><U12/><E12/><V108/><F108/><W133/><G133/><T64/><D13/><U65/><E65/><V28/><F28/><W41/><G41/><T117/><D39/><U32/><E32/><V31/><F37/><W106/><G3/><T50/><D66/><U15/><E15/><V88/><F31/><W85/><G26/><T86/><D64/><U2/><E2/><V124/><F27/><W101/><G101/><T102/><D102/><U98/><E98/><V128/><F124/><W7/><G106/><T54/><D0/><U36/><E36/><V47/><F104/><W20/><G7/><T18/><D1/><U8/><E8/><V99/><F6/><W14/><G14/><T114/><D114/><U21/><E21/><V121/><F23/><W82/><G20/><T78/><D18/><U46/><E46/><V77/><F121/><W76/><G22/><T71/><D71/><U120/><E120/><V5/><F5/><W129/><G56/><T119/><D44/><RYUUKYOKU ba="1,2" sc="84,-10,456,30,142,-10,298,-10" hai1="24,30,33,52,53,55,57,61,67,90,97,116,118" />
</Scene>
<Scene>
<INIT seed="5,2,2,0,0,6" ten="74,486,132,288" oya="1" hai0="28,31,14,59,61,50,21,122,101,71,1,88,74" hai1="129,23,96,98,10,107,51,91,18,24,77,135,115" hai2="64,29,76,89,65,113,16,30,56,12,13,116,62" hai3="106,111,39,70,75,40,60,117,132,87,114,57,67"/><U44/><E77/><V97/><F116/><W73/><G111/><T2/><D74/><N who="3" m="28169" /><G87/><T133/><D101/><U7/><E115/><V26/><F76/><W119/><G106/><T63/><D50/><U22/><E107/><V112/><F65/><W5/><G5/><T43/><D43/><U4/><E4/><V55/><F64/><W58/><G132/><T41/><D41/><U108/><E135/><V126/><F126/><W130/><G130/><T68/><D133/><U54/><E129/><V95/><F13/><W19/><G19/><T94/><D122/><U118/><E108/><V35/><REACH who="2" step="1"/><F30/><REACH who="2" ten="74,486,122,288" step="2"/><W84/><G67/><T53/><D2/><U48/><E118/><V36/><F36/><W125/><G39/><T124/><D1/><U38/><E38/><V32/><F32/><W37/><G125/><T127/><D124/><U46/><E24/><V128/><F128/><W105/><G119/><T102/><D127/><U83/><E44/><V78/><F78/><W103/><G117/><T110/><D110/><U17/><E46/><V82/><F82/><W80/><G80/><T90/><D31/><U72/><E83/><V15/><F15/><W69/><G37/><T42/><D28/><U47/><E47/><V99/><F99/><W66/><G66/><T27/><D27/><U79/><E96/><V81/><F81/><W93/><G69/><T134/><D134/><U0/><E98/><V45/><F45/><W104/><G70/><T49/><D71/><U85/><E79/><V131/><F131/><W86/><G40/><T8/><D42/><U123/><E72/><RYUUKYOKU ba="2,3" sc="74,-10,486,-10,122,30,288,-10" hai2="12,16,26,29,35,55,56,62,89,95,97,112,113" />
</Scene>
<Scene>
<INIT seed="6,3,3,1,3,108" ten="64,476,152,278" oya="2" hai0="121,18,89,69,95,26,68,60,38,67,98,40,77" hai1="113,17,20,24,50,109,21,111,124,46,51,13,34" hai2="76,0,49,8,2,37,84,116,131,39,36,28,107" hai3="83,103,29,81,106,134,75,66,93,71,112,10,48"/><V25/><F116/><W94/><G29/><T87/><D121/><U123/><E34/><V85/><F107/><W118/><G10/><T33/><D38/><U86/><E123/><V45/><F131/><W57/><G48/><T5/><D40/><U22/><E124/><V59/><F59/><W125/><G66/><T90/><D5/><U78/><E51/><V82/><F84/><W129/><G71/><T3/><D3/><U11/><E24/><V9/><F9/><W119/><G57/><T70/><D77/><U54/><E78/><V122/><F122/><W117/><G125/><T23/><REACH who="0" step="1"/><D33/><REACH who="0" ten="54,476,152,278" step="2"/><U63/><E109/><V43/><REACH who="2" step="1"/><F8/><REACH who="2" ten="54,476,142,278" step="2"/><W114/><G119/><T91/><D91/><U1/><E11/><V27/><F27/><W44/><G118/><T130/><D130/><U74/><E111/><V31/><F31/><W72/><G117/><T7/><D7/><U104/><E1/><V47/><F47/><W97/><G44/><T101/><D101/><U100/><E100/><V126/><F126/><W105/><G129/><T52/><D52/><U132/><E54/><V65/><F65/><W92/><G103/><T30/><D30/><U35/><E46/><V12/><F12/><W110/><G110/><T64/><D64/><U61/><E13/><V19/><F19/><W128/><G128/><T42/><D42/><U135/><E17/><V127/><F127/><W14/><G14/><T115/><D115/><U41/><E113/><V56/><F56/><W99/><G114/><T88/><D88/><U96/><E41/><V58/><F58/><W15/><G112/><RYUUKYOKU ba="3,5" sc="54,15,476,-15,142,15,278,-15" hai0="18,23,26,60,67,68,69,70,87,89,90,95,98" hai2="0,2,25,28,36,37,39,43,45,49,76,82,85" />
</Scene>
<Scene>
<INIT seed="6,4,5,3,3,119" ten="69,461,157,263" oya="2" hai0="38,81,74,36,98,73,129,5,120,126,122,76,121" hai1="60,102,107,55,125,49,41,105,45,78,25,66,59" hai2="31,54,101,43,104,97,46,128,8,11,26,44,40" hai3="80,85,0,93,33,56,61,48,51,86,10,27,1"/><V114/><F114/><W96/><G33/><T34/><D126/><U106/><E125/><V19/><F128/><W71/><G71/><T133/><D129/><U13/><E78/><V89/><F54/><N who="3" m="33943" /><G0/><T28/><D133/><U16/><E25/><V103/><F89/><N who="3" m="55343" /><G1/><T84/><D5/><U124/><E124/><V87/><F87/><N who="3" m="33291" /><G80/><T18/><D98/><U100/><REACH who="1" step="1"/><E66/><REACH who="1" ten="69,451,157,263" step="2"/><V30/><F26/><W58/><G27/><N who="0" m="18719" /><D84/><U70/><E70/><V116/><F97/><W117/><G117/><T75/><D18/><U77/><E77/><V132/><F19/><W115/><G115/><T91/><D81/><U21/><AGARI ba="4,6" hai="13,16,21,41,45,49,55,59,60,100,102,105,106,107" machi="21" ten="30,4000,0" yaku="1,1,0,1,54,1,53,0" doraHai="119" doraHaiUra="111" who="1" fromWho="1" sc="69,-14,451,112,157,-24,263,-14" />
</Scene>
<Scene>
<INIT seed="7,0,0,4,0,75" ten="55,563,133,249" oya="3" hai0="128,106,17,85,39,121,103,49,31,13,134,120,97" hai1="60,96,123,25,21,82,73,47,46,104,135,61,1" hai2="48,9,119,51,114,101,33,72,110,74,20,70,90" hai3="117,19,130,127,83,2,30,0,125,111,126,43,22"/><W71/><G117/><T37/><D134/><U64/><E1/><V42/><F33/><W58/><G71/><T84/><D128/><U34/><E123/><V116/><F70/><W28/><G43/><T15/><D31/><N who="3" m="11817" /><G130/><T92/><D49/><U53/><E34/><V108/><F101/><W94/><G94/><T112/><D112/><U80/><E104/><V5/><F20/><W81/><G58/><T68/><D68/><U69/><E69/><V7/><F9/><W95/><G95/><T79/><D92/><U57/><E57/><V63/><F42/><W107/><G107/><T91/><D106/><U100/><E73/><V52/><F114/><W113/><G113/><T27/><D103/><U56/><E100/><V14/><F74/><W77/><G111/><T10/><D27/><U50/><E25/><V132/><F108/><W12/><G83/><T45/><D97/><U62/><E96/><V41/><F41/><W35/><G35/><T129/><D129/><U122/><E80/><V3/><F110/><W29/><G29/><T4/><D45/><U54/><E47/><V76/><F119/><W88/><G88/><T133/><D91/><U98/><E82/><V8/><F90/><W87/><AGARI ba="0,0" hai="0,2,12,19,22,77,81,87,125,126,127" m="11817" machi="87" ten="40,3900,0" yaku="18,1,52,1" doraHai="75" who="3" fromWho="3" sc="55,-13,563,-13,133,-13,249,39" />
</Scene>
<Scene>
<INIT seed="7,1,0,4,3,68" ten="42,550,120,288" oya="3" hai0="15,66,18,3,67,125,46,85,109,123,105,112,42" hai1="75,132,48,38,79,19,129,108,59,30,78,26,96" hai2="60,116,131,50,25,53,88,113,20,104,11,90,8" hai3="64,40,13,35,24,54,6,121,94,130,71,49,72"/><W135/><G72/><T89/><D109/><U124/><E108/><V100/><F116/><W65/><G121/><T93/><D123/><U98/><E19/><N who="2" m="12447" /><F104/><W110/><G110/><T73/><D3/><U92/><E75/><V4/><F113/><W119/><G119/><T37/><D73/><U63/><E63/><V91/><F131/><W33/><G135/><T0/><D0/><U43/><E98/><V99/><F60/><W118/><G118/><T14/><D105/><U57/><E59/><N who="2" m="33207" /><F4/><W97/><G71/><T36/><D112/><U87/><E92/><N who="2" m="56711" /><F100/><N who="3" m="60471" /><G35/><T5/><D125/><U61/><E26/><V115/><F115/><W134/><G33/><T23/><REACH who="0" step="1"/><D37/><REACH who="0" ten="32,550,120,288" step="2"/><U56/><E57/><V47/><F47/><N who="3" m="25831" /><G130/><T2/><D2/><U77/><E30/><V122/><F122/><W12/><G134/><T17/><D17/><U106/><E48/><V107/><F107/><W69/><G6/><T51/><D51/><U34/><E43/><V16/><F16/><W45/><G69/><T22/><D22/><U74/><E78/><V86/><F11/><AGARI ba="1,1" hai="5,11,14,15,18,23,36,42,46,66,67,85,89,93" machi="11" ten="40,2600,0" yaku="1,1,52,1,53,0" doraHai="68" doraHaiUra="117" who="0" fromWho="2" sc="32,39,550,0,120,-29,288,0" owari="71,-43.0,550,65.0,91,-31.0,288,9.0" />
</Scene>
</mjloggm>