<mjloggm ver="2.3"><GO type="97"/><UN n0="%73%75%6B%65%2E%63%6F%6D" n1="%E3%81%97%E3%81%BD" n2="%E3%81%B4%E3%81%A0%E3%82%80" n3="%E5%A4%AA%E3%81%8F%E3%81%AA%E3%81%84%E3%81%8A" dan="14,13,13,14" rate="2017,1855,1917,2010" sx="M,M,M,M"/><TAIKYOKU oya="0"/>

<Scene>
<INIT seed="0,0,0,3,2,57" ten="250,250,250,250" oya="0" hai0="115,89,90,52,128,51,119,46,131,1,135,97,61" hai1="67,59,78,93,28,95,2,108,105,94,72,112,24" hai2="113,107,83,6,30,37,96,10,54,33,13,121,66" hai3="64,23,5,77,126,65,62,49,31,92,38,43,114"/><T11/><D119/><U25/><E105/><V15/><F121/><W103/><G114/><T118/><D118/><U0/><E108/><V55/><F37/><W85/><G126/><T19/><D115/><U39/><E39/><V130/><F113/><W106/><G106/><T75/><D75/><U8/><E112/><V27/><F130/><N who="0" m="49706" /><D135/><U3/><E8/><V123/><F123/><W47/><G5/><N who="0" m="1455" /><D19/><U4/><E4/><V86/><F15/><W29/><G38/><T63/><D97/><U60/><E78/><V53/><F96/><W88/><G77/><T58/><D61/><U84/><E72/><V41/><F107/><W42/><G62/><T35/><D35/><U73/><E73/><V18/><F41/><AGARI ba="0,0" hai="41,46,51,52,58,63,89,90" m="1455,49706" machi="41" ten="30,5800,0" yaku="19,1,52,1,54,1" doraHai="57" who="0" fromWho="2" sc="250,58,250,0,250,-58,250,0" />
</Scene>
<Scene>
<INIT seed="0,1,0,4,1,56" ten="308,250,192,250" oya="0" hai0="64,71,60,41,96,89,116,44,129,67,114,110,77" hai1="30,133,49,128,19,106,25,90,7,87,81,105,91" hai2="53,1,132,134,36,13,127,4,23,122,11,65,82" hai3="124,27,3,117,66,10,112,126,73,85,6,61,111"/><T84/><D116/><U98/><E133/><N who="2" m="51307" /><F122/><W135/><G135/><T118/><D118/><U43/><E128/><V119/><F119/><W16/><G117/><T50/><D129/><U40/><E7/><V57/><F36/><W33/><G73/><T131/><D131/><U115/><E115/><V9/><F82/><W58/><G112/><T55/><D114/><U121/><E121/><V97/><F23/><N who="3" m="13799" /><G33/><T76/><D67/><U39/><E39/><V12/><F65/><W93/><G93/><T107/><D110/><U28/><E19/><N who="2" m="8591" /><F97/><W92/><G85/><T31/><D31/><U100/><E106/><V51/><F127/><N who="3" m="48683" /><G92/><T69/><D69/><U59/><E91/><V34/><F34/><W2/><G111/><T109/><D109/><U21/><E30/><V63/><F1/><AGARI ba="1,0" hai="1,2,3,6,10,58,61,66" m="48683,13799" machi="1" ten="30,3900,0" yaku="18,1,52,1,54,1" doraHai="56" who="3" fromWho="2" sc="308,0,250,0,192,-42,250,42" />
</Scene>
<Scene>
<INIT seed="1,0,0,1,1,120" ten="308,250,150,292" oya="1" hai0="13,97,29,115,37,118,131,3,130,11,52,109,69" hai1="100,14,68,47,90,73,133,76,84,30,81,110,103" hai2="101,83,87,2,35,66,57,17,72,127,64,62,31" hai3="125,42,22,4,93,50,8,5,98,27,49,82,79"/><U113/><E113/><V122/><F2/><W28/><G125/><T20/><D69/><U77/><E68/><V128/><F122/><W43/><G43/><T32/><D115/><U88/><E30/><V44/><F72/><W56/><G42/><T7/><D37/><U34/><E34/><V16/><F127/><W9/><G9/><T80/><D118/><U119/><E119/><V124/><F124/><W54/><G50/><T58/><D80/><N who="1" m="45071" /><E14/><V12/><F128/><W63/><G49/><N who="0" m="30991" /><D97/><U108/><E47/><V6/><F44/><W33/><G33/><T15/><D15/><U117/><E133/><V18/><F101/><N who="1" m="38985" /><E117/><V135/><F135/><W67/><G54/><T95/><D131/><U40/><E40/><V36/><F36/><W53/><G53/><T23/><D130/><U55/><E55/><N who="2" m="34111" /><F31/><W92/><G98/><T59/><D59/><U91/><AGARI ba="0,0" hai="77,81,84,88,90,91,108,110" m="38985,45071" machi="91" ten="40,12000,1" yaku="34,2,52,2,54,1" doraHai="120" who="1" fromWho="1" sc="308,-40,250,120,150,-40,292,-40" />
</Scene>
<Scene>
<INIT seed="1,1,0,0,2,61" ten="268,370,110,252" oya="1" hai0="32,96,83,133,8,112,62,114,64,31,50,58,49" hai1="85,47,94,28,81,29,1,4,98,11,91,100,21" hai2="119,74,95,7,134,73,2,27,87,26,118,59,13" hai3="34,122,78,20,65,92,116,22,113,117,99,123,52"/><U105/><E47/><V40/><F134/><W51/><G34/><T38/><D38/><U3/><E3/><V55/><F2/><W93/><G78/><T128/><D133/><U97/><REACH who="1" step="1"/><E21/><REACH who="1" ten="268,360,110,252" step="2"/><V25/><F119/><W125/><G22/><T67/><D8/><U66/><E66/><V89/><F118/><W30/><G65/><T101/><D128/><U90/><AGARI ba="1,1" hai="1,4,11,28,29,81,85,90,91,94,97,98,100,105" machi="90" ten="20,3900,0" yaku="1,1,0,1,7,1,53,0" doraHai="61" doraHaiUra="129" who="1" fromWho="1" sc="268,-14,360,52,110,-14,252,-14" />
</Scene>
<Scene>
<INIT seed="1,2,0,1,2,7" ten="254,412,96,238" oya="1" hai0="36,91,44,0,62,120,95,118,45,127,34,39,22" hai1="113,40,55,83,28,57,16,19,88,93,23,11,18" hai2="51,35,58,126,79,112,9,42,70,46,105,100,38" hai3="21,89,107,24,135,116,5,1,98,47,134,101,30"/><U103/><E113/><V124/><F35/><W61/><G116/><T53/><D34/><U108/><E40/><V86/><F100/><W75/><G75/><T115/><D118/><U69/><E69/><V49/><F70/><W48/><G61/><T60/><D115/><U37/><E37/><V125/><F112/><W114/><G114/><T121/><D22/><U68/><E68/><V25/><F105/><W10/><REACH who="3" step="1"/><G89/><REACH who="3" ten="254,412,96,228" step="2"/><T3/><D91/><U33/><E88/><V6/><F38/><W43/><AGARI ba="2,1" hai="1,5,10,21,24,30,43,47,48,98,101,107,134,135" machi="43" ten="30,7900,0" yaku="1,1,2,1,0,1,52,1,53,0" doraHai="7" doraHaiUra="109" who="3" fromWho="3" sc="254,-22,412,-41,96,-22,228,95" />
</Scene>
<Scene>
<INIT seed="2,0,0,5,5,14" ten="232,371,74,323" oya="2" hai0="94,38,80,65,95,129,4,9,111,19,81,18,132" hai1="24,49,96,40,86,73,46,16,101,6,87,98,76" hai2="99,123,15,124,127,114,100,61,128,108,131,79,122" hai3="121,63,56,64,69,11,75,13,126,36,78,83,50"/><V102/><F79/><W120/><G126/><N who="2" m="48169" /><F114/><W21/><G36/><T44/><D38/><U117/><E117/><V2/><F2/><W112/><G112/><T84/><D65/><U119/><E119/><V10/><F61/><W105/><G105/><T133/><D111/><U89/><E6/><V59/><F59/><W67/><G21/><T134/><D44/><U58/><E73/><V7/><F108/><W82/><G82/><N who="0" m="31851" /><D129/><N who="2" m="49738" /><F102/><W30/><G67/><T72/><D72/><U27/><E76/><V5/><F99/><W33/><G69/><T3/><D84/><U52/><E87/><V0/><F100/><W55/><G64/><T92/><AGARI ba="0,0" hai="3,4,9,18,19,92,94,95,132,133,134" m="31851" machi="92" ten="40,5200,0" yaku="20,1,52,2" doraHai="14" who="0" fromWho="0" sc="232,52,371,-13,74,-26,323,-13" />
</Scene>
<Scene>
<INIT seed="3,0,0,5,4,12" ten="284,358,48,310" oya="3" hai0="78,123,48,111,124,88,46,38,11,25,85,53,17" hai1="49,89,135,131,66,134,61,58,79,52,102,70,9" hai2="94,41,27,18,122,105,73,81,5,84,104,33,59" hai3="26,77,67,4,45,31,82,71,50,28,44,107,1"/><W15/><G107/><T34/><D123/><U47/><E102/><V20/><F122/><W16/><G71/><T125/><D111/><U2/><E79/><V19/><F33/><W64/><G1/><T60/><D38/><U23/><E23/><V109/><F109/><W7/><G7/><T6/><D78/><U132/><E89/><V57/><F5/><W68/><G4/><T95/><D60/><N who="1" m="40263" /><E2/><V29/><F41/><N who="3" m="24847" /><G68/><T83/><D95/><U72/><E9/><V103/><F73/><W80/><G45/><T32/><D25/><U115/><E131/><V63/><F105/><W65/><G26/><T43/><D43/><N who="1" m="24831" /><E72/><V101/><F104/><W106/><G106/><T114/><D114/><AGARI ba="0,0" hai="52,58,61,114,115,132,134,135" m="24831,40263" machi="114" ten="30,7700,0" yaku="20,1,34,2,54,1" doraHai="12" who="1" fromWho="0" sc="284,-77,358,77,48,0,310,0" owari="207,-19.0,435,53.0,48,-45.0,310,11.0" />
</Scene>
</mjloggm>