<mjloggm ver="2.3"><GO type="169"/><UN n0="%E2%98%85%E9%9B%80%E5%A8%98%E3%82%AF%E3%83%AC%E3%82%A2%E2%98%85" n1="%E3%81%AF%E3%81%90%E3%82%8C%E3%83%9F%E3%83%B3%E3%83%88" n2="%E5%A4%AA%E3%81%8F%E3%81%AA%E3%81%84%E3%81%8A" n3="%E6%94%AF%E5%80%89%E6%9B%9C%E5%AD%90" dan="16,16,17,16" rate="2109,2099,2198,2011" sx="F,F,M,F"/><TAIKYOKU oya="0"/>

<Scene>
<INIT seed="0,0,0,5,0,97" ten="250,250,250,250" oya="0" hai0="100,101,29,26,118,45,88,17,65,39,35,91,69" hai1="37,134,10,89,133,7,95,124,15,94,119,123,20" hai2="72,46,79,13,21,80,107,58,24,34,22,98,122" hai3="74,73,55,120,130,121,131,116,52,30,87,38,92"/><T5/><D118/><U114/><E119/><V23/><F122/><N who="3" m="47211" /><G38/><T59/><D69/><U2/><E123/><V56/><F46/><W14/><G30/><T33/><D33/><U51/><E37/><V19/><F34/><W93/><G14/><T90/><D5/><U66/><E124/><V31/><REACH who="2" step="1"/><F23/><REACH who="2" ten="250,250,240,250" step="2"/><W27/><G116/><T135/><D135/><U68/><E20/><V104/><F104/><W96/><G130/><T64/><D45/><U127/><E133/><V50/><F50/><W12/><G131/><T75/><D39/><U60/><E134/><V78/><F78/><W36/><G36/><T18/><D75/><U82/><E51/><V25/><F25/><W117/><G27/><T77/><D77/><U71/><E114/><V70/><F70/><W6/><G117/><T76/><D76/><U63/><E127/><V4/><F4/><W11/><G74/><T1/><D1/><U67/><E2/><V110/><F110/><W83/><G73/><T108/><D108/><U113/><E113/><V42/><F42/><W99/><G6/><T44/><D44/><U54/><E54/><N who="3" m="20522" /><G12/><T126/><D126/><U43/><E43/><V84/><F84/><AGARI ba="0,1" hai="7,10,15,60,63,66,67,68,71,82,84,89,94,95" machi="84" ten="40,1300,0" yaku="9,1" doraHai="97" who="1" fromWho="2" sc="250,0,250,23,240,-13,250,0" />
</Scene>
<Scene>
<INIT seed="1,0,0,3,0,113" ten="250,273,227,250" oya="1" hai0="69,77,20,86,3,55,61,119,22,129,80,75,14" hai1="54,6,24,31,0,47,49,82,105,33,115,125,130" hai2="92,88,66,94,101,58,32,68,52,7,26,12,43" hai3="46,15,124,64,4,109,73,25,72,103,118,76,71"/><U30/><E115/><V93/><F43/><W5/><G118/><T89/><D3/><U39/><E105/><V18/><F101/><W110/><G103/><T102/><D129/><U97/><E130/><V127/><F127/><W37/><G25/><T108/><D108/><N who="3" m="41577" /><G124/><T19/><D102/><U67/><E125/><V96/><F7/><N who="3" m="2635" /><G15/><T106/><D106/><U134/><E134/><V34/><F68/><W135/><G135/><T79/><D119/><U29/><E39/><V121/><F121/><W23/><G23/><T95/><D77/><U85/><E67/><V40/><F66/><W128/><G76/><T45/><D69/><U104/><E104/><V112/><F112/><W28/><G28/><T91/><D91/><U41/><E97/><V36/><F34/><W74/><G128/><T38/><D22/><U78/><REACH who="1" step="1"/><E41/><REACH who="1" ten="250,263,227,250" step="2"/><V59/><F40/><N who="3" m="22799" /><G64/><T1/><D38/><U120/><E120/><V133/><F36/><W16/><G71/><T131/><D131/><U35/><E35/><V117/><F133/><W65/><G65/><T27/><D1/><U2/><E2/><V51/><F117/><W57/><G72/><T62/><D75/><U84/><E84/><V9/><REACH who="2" step="1"/><F59/><REACH who="2" ten="250,263,217,250" step="2"/><W98/><G57/><T132/><D132/><U17/><E17/><V116/><F116/><W122/><G122/><T48/><D19/><U21/><E21/><V13/><F13/><W100/><G16/><N who="0" m="12679" /><D14/><U56/><E56/><V10/><F10/><AGARI ba="0,2" hai="0,6,10,24,29,30,31,33,47,49,54,78,82,85" machi="10" ten="40,3900,0" yaku="1,1,53,1" doraHai="113" doraHaiUra="81" who="1" fromWho="2" sc="250,0,263,59,217,-39,250,0" />
</Scene>
<Scene>
<INIT seed="1,1,0,2,2,74" ten="250,322,178,250" oya="1" hai0="125,53,120,6,59,60,48,131,40,89,116,85,50" hai1="56,76,70,20,36,24,11,95,1,12,102,29,13" hai2="101,9,122,87,114,112,79,133,128,5,135,62,23" hai3="99,46,10,130,92,67,7,68,26,94,117,69,84"/><U108/><E70/><V111/><F122/><W78/><G130/><T45/><D116/><U121/><E121/><V18/><F128/><W129/><G129/><T80/><D131/><U21/><E36/><V16/><F111/><W132/><G132/><N who="2" m="50761" /><F101/><W72/><G72/><T104/><D120/><U54/><E108/><V115/><F62/><W100/><G117/><T4/><D125/><U22/><E1/><N who="2" m="175" /><F23/><N who="1" m="8777" /><E11/><V77/><F87/><W75/><G10/><T31/><D104/><U126/><E126/><V110/><F110/><W71/><G84/><T35/><REACH who="0" step="1"/><D60/><REACH who="0" ten="240,322,178,250" step="2"/><U14/><E14/><V27/><F27/><AGARI ba="1,1" hai="4,6,27,31,35,40,45,48,50,53,59,80,85,89" machi="27" ten="40,8000,1" yaku="1,1,2,1,53,2" doraHai="74" doraHaiUra="44" who="0" fromWho="2" sc="240,93,322,0,178,-83,250,0" />
</Scene>
<Scene>
<INIT seed="2,0,0,4,4,70" ten="333,322,95,250" oya="2" hai0="21,106,94,4,29,117,69,116,75,111,100,54,126" hai1="108,25,91,88,0,17,130,80,40,121,72,51,62" hai2="73,46,74,58,65,12,104,52,123,56,13,97,119" hai3="64,76,44,129,95,16,47,93,79,85,31,41,33"/><V122/><F119/><N who="0" m="45642" /><D111/><U19/><E108/><V120/><F46/><W42/><G129/><T134/><D134/><U24/><E130/><V28/><F28/><W110/><G110/><T20/><D126/><U77/><E0/><V57/><F65/><W30/><G64/><T8/><D69/><U23/><E121/><V36/><F36/><W61/><G33/><T109/><D109/><U3/><E3/><V132/><F132/><W89/><G61/><T98/><D75/><U113/><E113/><V84/><F84/><W32/><G32/><T27/><D54/><U53/><E62/><V90/><F52/><W50/><G16/><T99/><D21/><U105/><E105/><V10/><F90/><W78/><REACH who="3" step="1"/><G93/><REACH who="3" ten="333,322,95,240" step="2"/><T115/><D94/><U133/><E133/><V81/><F81/><W66/><G66/><T11/><D4/><U55/><E19/><V38/><F122/><W103/><G103/><T9/><D115/><U59/><E25/><V15/><F120/><W101/><G101/><T128/><D128/><U26/><E26/><V2/><F123/><W1/><G1/><T96/><AGARI ba="0,1" hai="8,9,11,20,27,29,96,98,99,100,106" m="45642" machi="96" ten="40,1500,0" yaku="12,1" doraHai="70" who="0" fromWho="0" sc="333,25,322,-4,95,-7,240,-4" />
</Scene>
<Scene>
<INIT seed="3,0,0,2,5,36" ten="358,318,88,236" oya="3" hai0="77,58,107,3,131,68,35,56,8,5,47,32,111" hai1="81,59,103,98,97,113,110,71,119,46,69,125,104" hai2="16,127,2,33,70,120,124,20,86,75,106,74,102" hai3="6,126,91,112,115,9,15,101,90,62,123,11,109"/><W82/><G123/><T18/><D68/><U39/><E113/><V44/><F70/><W76/><G126/><N who="2" m="48169" /><F2/><W14/><G101/><T54/><D107/><U37/><E125/><V61/><F33/><W28/><G28/><T1/><D1/><U78/><E110/><V23/><F120/><W27/><G27/><T17/><D111/><U84/><E119/><V133/><F133/><W19/><G109/><T87/><D131/><U42/><E39/><V22/><F61/><W65/><G112/><T66/><D35/><U108/><E108/><V132/><F132/><W121/><G121/><T55/><D32/><U63/><REACH who="1" step="1"/><E97/><REACH who="1" ten="358,308,88,236" step="2"/><N who="2" m="61775" /><F86/><N who="3" m="48455" /><G115/><T72/><D87/><U4/><E4/><V95/><F75/><W49/><G49/><T122/><D5/><U60/><E60/><V43/><F74/><W130/><G130/><T41/><D72/><U116/><E116/><V10/><F95/><W7/><G7/><T52/><D122/><U13/><E13/><N who="2" m="9231" /><F10/><W25/><G25/><T38/><D8/><U0/><E0/><V88/><F88/><N who="3" m="33835" /><G62/><T57/><D3/><U114/><E114/><V48/><AGARI ba="0,1" hai="22,23,43,44,48" m="9231,61775,48169" machi="48" ten="30,4000,0" yaku="18,1,52,1,54,1" doraHai="36" who="2" fromWho="2" sc="358,-10,308,-10,88,50,236,-20" />
</Scene>
<Scene>
<INIT seed="4,0,0,2,2,53" ten="348,298,138,216" oya="0" hai0="68,62,117,116,67,124,12,25,88,118,123,14,13" hai1="75,82,125,43,80,119,54,101,87,111,98,112,95" hai2="11,78,91,7,9,129,20,130,31,114,35,126,81" hai3="94,56,34,2,21,39,128,47,86,4,73,23,120"/><T64/><D123/><U6/><E119/><V121/><F121/><W113/><G120/><T70/><D124/><U50/><E111/><V61/><F126/><W5/><G34/><T115/><D115/><U59/><E125/><V32/><F114/><W74/><G113/><T93/><D25/><U8/><E112/><V46/><F91/><W44/><G128/><N who="2" m="49257" /><F46/><W40/><G2/><T1/><D1/><U16/><E75/><N who="2" m="43231" /><F61/><W30/><G40/><T65/><D62/><U105/><E105/><V133/><F133/><W45/><G39/><T104/><D104/><U48/><E87/><AGARI ba="0,0" hai="12,13,14,64,65,67,68,70,87,88,93,116,117,118" machi="87" ten="50,9600,0" yaku="29,2,54,1" doraHai="53" who="0" fromWho="1" sc="348,96,298,-96,138,0,216,0" />
</Scene>
<Scene>
<INIT seed="4,1,0,4,3,39" ten="444,202,138,216" oya="0" hai0="18,107,21,60,35,130,24,109,94,70,91,134,104" hai1="77,89,51,15,54,14,73,23,31,41,131,81,25" hai2="125,105,128,63,52,3,8,7,68,13,69,87,71" hai3="37,117,53,133,6,33,86,83,42,29,74,122,10"/><T22/><D35/><U57/><E131/><V108/><F108/><W93/><G117/><T135/><D130/><U110/><E110/><V36/><F128/><W99/><G133/><T119/><D119/><U95/><REACH who="1" step="1"/><E41/><REACH who="1" ten="444,192,138,216" step="2"/><V102/><F125/><W113/><G42/><T120/><D109/><U78/><E78/><V67/><F36/><W28/><G37/><T101/><D135/><U61/><E61/><V96/><F3/><W132/><G132/><T72/><D60/><U55/><E55/><V84/><REACH who="2" step="1"/><F52/><REACH who="2" ten="444,192,128,216" step="2"/><W50/><G53/><T118/><D134/><U34/><E34/><V112/><F112/><W127/><G113/><T80/><D118/><U79/><E79/><V62/><F62/><W85/><G127/><T0/><D120/><U11/><E11/><V38/><F38/><W19/><G10/><T66/><D0/><U47/><E47/><V12/><F12/><W32/><G122/><T64/><D64/><U43/><E43/><V88/><F88/><W58/><G50/><T1/><D66/><U56/><E56/><AGARI ba="1,2" hai="7,8,13,56,63,67,68,69,71,84,87,96,102,105" machi="56" ten="40,1300,0" yaku="1,1,53,0" doraHai="39" doraHaiUra="46" who="2" fromWho="1" sc="444,0,192,-16,128,36,216,0" />
</Scene>
<Scene>
<INIT seed="5,0,0,5,4,42" ten="444,176,164,216" oya="1" hai0="51,22,135,72,118,101,68,20,6,107,67,125,133" hai1="108,25,123,96,100,69,128,7,90,59,9,62,77" hai2="29,76,109,10,102,75,11,93,130,21,2,66,0" hai3="83,114,97,52,78,117,27,44,54,48,92,88,84"/><U34/><E123/><V127/><F109/><W8/><G114/><T49/><D118/><U111/><E69/><V80/><F130/><W61/><G117/><T103/><D68/><U46/><E128/><V121/><F121/><W15/><G27/><T98/><D67/><U35/><E77/><V79/><F127/><W85/><G61/><T113/><D72/><U94/><E100/><V120/><F120/><W43/><G97/><T16/><D6/><AGARI ba="0,0" hai="6,8,15,43,44,48,52,54,78,83,84,85,88,92" machi="6" ten="30,12000,2" yaku="7,1,25,2,8,1,52,1,54,2" doraHai="42" who="3" fromWho="0" sc="444,-120,176,0,164,0,216,120" />
</Scene>
<Scene>
<INIT seed="6,0,0,5,3,119" ten="324,176,164,336" oya="2" hai0="56,77,27,44,29,83,58,108,50,115,69,34,63" hai1="46,47,110,88,132,92,104,86,73,14,71,133,120" hai2="75,32,116,31,93,10,1,79,72,97,11,127,103" hai3="20,111,100,26,130,98,117,19,0,51,33,57,48"/><V76/><F116/><W128/><G117/><T95/><D108/><U9/><E110/><V55/><F127/><W66/><G111/><T2/><D2/><U126/><E126/><V134/><F134/><N who="1" m="51817" /><E71/><V21/><F32/><W122/><G0/><T87/><D115/><U42/><E104/><V121/><F1/><W70/><G70/><T7/><D7/><N who="1" m="3391" /><E73/><V118/><F118/><W52/><G33/><T114/><D114/><U123/><E47/><V15/><F121/><W67/><G122/><T61/><D95/><U40/><E40/><V16/><F75/><W135/><G135/><T45/><D69/><U106/><E106/><V41/><F41/><W54/><G130/><T90/><D90/><U80/><E80/><V59/><F72/><W22/><G128/><T18/><D18/><U85/><E86/><V12/><F31/><N who="3" m="17879" /><G98/><T8/><D8/><N who="2" m="3114" /><F12/><N who="3" m="9319" /><G100/><T102/><D102/><U37/><AGARI ba="0,0" hai="37,42,46,85,88,92,120,123" m="3391,51817" machi="37" ten="30,7900,0" yaku="20,1,52,2,54,1" doraHai="119" who="1" fromWho="1" sc="324,-20,176,79,164,-39,336,-20" />
</Scene>
<Scene>
<INIT seed="7,0,0,5,1,50" ten="304,255,125,316" oya="3" hai0="30,116,39,19,76,68,43,23,125,65,82,132,120" hai1="60,106,77,87,49,4,52,101,53,102,27,112,67" hai2="99,90,28,38,61,114,56,128,124,94,70,121,85" hai3="96,111,98,95,81,130,24,12,29,80,78,36,21"/><W57/><G36/><T8/><D116/><U32/><E112/><V5/><F114/><W129/><G111/><T123/><D30/><U92/><E106/><V133/><F133/><W109/><G109/><T16/><D132/><U6/><E32/><V9/><F128/><N who="3" m="49259" /><G57/><T117/><D117/><U59/><E27/><V66/><F124/><W40/><G40/><T48/><D39/><U11/><E67/><V26/><F121/><W55/><G55/><T44/><D125/><U58/><E6/><V63/><F38/><W84/><G12/><T89/><D65/><U42/><E42/><V31/><F26/><W15/><G15/><T115/><D68/><U13/><E92/><V0/><REACH who="2" step="1"/><F99/><REACH who="2" ten="304,255,115,316" step="2"/><W1/><G96/><T14/><D115/><U105/><E105/><V74/><F74/><W62/><G98/><T75/><D120/><U20/><E20/><V113/><F113/><W104/><G21/><T10/><D123/><U107/><E107/><V110/><F110/><W71/><G104/><T22/><D22/><U126/><E126/><V3/><F3/><W79/><G1/><T47/><D23/><U64/><E64/><V18/><F18/><W108/><G108/><T7/><D19/><U91/><E91/><V122/><F122/><W34/><G24/><T86/><D75/><U118/><E118/><V46/><F46/><W131/><G131/><T33/><D33/><U134/><E134/><V83/><F83/><AGARI ba="0,1" hai="4,11,13,49,52,53,58,59,60,77,83,87,101,102" machi="83" ten="40,8000,1" yaku="8,1,52,2,54,1" doraHai="50" who="1" fromWho="2" sc="304,0,255,90,115,-80,316,0" owari="304,-10.0,345,44.0,35,-46.0,316,12.0" />
</Scene>
</mjloggm>