<mjloggm ver="2.3"><GO type="97"/><UN n0="%E4%B8%8D%E5%A4%9C%E5%9F%8E" n1="%68%65%69%7A" n2="%E5%A4%AA%E3%81%8F%E3%81%AA%E3%81%84%E3%81%8A" n3="%64%64%74" dan="13,14,15,13" rate="1928,1897,2058,1842" sx="F,M,M,M"/><TAIKYOKU oya="0"/>

<Scene>
<INIT seed="0,0,0,5,4,1" ten="250,250,250,250" oya="0" hai0="83,107,20,25,4,48,47,117,60,92,125,88,118" hai1="61,135,32,108,128,69,22,23,132,100,45,97,64" hai2="123,120,14,13,119,31,5,104,44,85,58,95,133" hai3="77,103,15,113,63,40,89,26,27,29,30,94,3"/><T57/><D107/><U91/><E32/><V84/><F104/><W130/><G3/><T134/><D83/><U106/><E108/><V7/><F133/><N who="1" m="51273" /><E128/><V56/><F44/><W51/><G130/><T9/><D134/><U90/><E45/><V49/><F31/><W39/><G39/><T54/><D125/><U43/><E43/><V50/><REACH who="2" step="1"/><F95/><REACH who="2" ten="250,250,240,250" step="2"/><W121/><G94/><T86/><D25/><U127/><E127/><V72/><F72/><W53/><G30/><T124/><D124/><U96/><E106/><V80/><F80/><W70/><G29/><T93/><D93/><U74/><E74/><V101/><F101/><W35/><G103/><T126/><D126/><U17/><E100/><V82/><F82/><W19/><G27/><T12/><REACH who="0" step="1"/><D20/><REACH who="0" ten="240,250,240,250" step="2"/><U6/><E22/><V37/><F37/><W28/><G26/><T41/><AGARI ba="0,2" hai="4,9,12,41,47,48,54,57,60,86,88,92,117,118" machi="41" ten="20,18000,2" yaku="1,1,2,1,0,1,7,1,52,1,54,1,53,0" doraHai="1" doraHaiUra="116" who="0" fromWho="0" sc="240,200,250,-60,240,-60,250,-60" />
</Scene>
<Scene>
<INIT seed="0,1,0,4,4,125" ten="440,190,180,190" oya="0" hai0="84,54,60,79,80,51,28,126,13,129,30,92,121" hai1="42,24,113,55,15,50,93,18,47,16,73,87,119" hai2="98,71,110,4,94,41,115,9,114,63,33,31,120" hai3="49,45,66,78,105,6,97,106,123,11,22,72,17"/><T96/><D126/><U77/><E73/><V7/><F120/><W34/><G34/><T100/><D121/><U14/><E119/><V76/><F76/><W104/><G123/><T108/><D60/><U52/><E113/><V69/><F41/><W95/><G66/><T133/><D133/><U89/><E77/><V130/><F33/><W83/><G6/><T38/><D38/><U112/><E112/><V81/><F81/><W88/><G11/><T37/><D37/><U70/><E70/><V8/><F31/><W25/><REACH who="3" step="1"/><G106/><REACH who="3" ten="440,190,180,180" step="2"/><T44/><D108/><U90/><E24/><V128/><F110/><W35/><G35/><T67/><D67/><U57/><E89/><V43/><F8/><W19/><G19/><N who="1" m="7210" /><E55/><AGARI ba="1,1" hai="17,22,25,45,49,55,72,78,83,88,95,97,104,105" machi="55" ten="30,3900,0" yaku="1,1,7,1,54,1,53,0" doraHai="125" doraHaiUra="124" who="3" fromWho="1" sc="440,0,190,-42,180,0,180,52" />
</Scene>
<Scene>
<INIT seed="1,0,0,0,4,109" ten="440,148,180,232" oya="1" hai0="125,9,111,107,23,68,106,55,32,15,99,57,119" hai1="4,66,25,82,13,104,129,84,72,45,47,85,64" hai2="60,65,48,130,0,132,37,73,69,6,96,91,41" hai3="1,31,78,70,116,127,53,59,75,77,76,18,90"/><U40/><E104/><V50/><F73/><W11/><G70/><T79/><D68/><U117/><E117/><V108/><F108/><W10/><G116/><T39/><D32/><U26/><E129/><V105/><F130/><W17/><G31/><T102/><D111/><U133/><E133/><V126/><F132/><W83/><G1/><T21/><D39/><U88/><E72/><V44/><F126/><W67/><G67/><T5/><D107/><U101/><E101/><V36/><F36/><W122/><G127/><T27/><D125/><U110/><E110/><V29/><F29/><W33/><G33/><T35/><D119/><U114/><E114/><V51/><F0/><W97/><G122/><T19/><D79/><N who="1" m="46175" /><E40/><V123/><F6/><W121/><G121/><T49/><D5/><U2/><E2/><V16/><F123/><W118/><G118/><T103/><D103/><U89/><E89/><V38/><F38/><W112/><G112/><T120/><D120/><U56/><E56/><V92/><F105/><W86/><G97/><T128/><D128/><U24/><E4/><V94/><F94/><W93/><G93/><T8/><D8/><N who="3" m="3113" /><G75/><T54/><D54/><U135/><E13/><V100/><F100/><W14/><G14/><T80/><D80/><N who="1" m="49191" /><E135/><V7/><F7/><W134/><G134/><T34/><D34/><U22/><E22/><V3/><F3/><W131/><G131/><T113/><D113/><U46/><AGARI ba="0,0" hai="24,25,26,45,46,47,64,66" m="49191,46175" machi="46" ten="30,3000,0" yaku="8,1,54,1" doraHai="109" who="1" fromWho="1" sc="440,-10,148,30,180,-10,232,-10" />
</Scene>
<Scene>
<INIT seed="1,1,0,4,4,21" ten="430,178,170,222" oya="1" hai0="32,53,17,74,24,65,50,66,49,52,57,95,2" hai1="7,133,28,23,1,45,31,102,115,135,92,105,63" hai2="26,62,96,46,22,90,128,122,91,4,16,126,78" hai3="123,127,9,0,80,29,109,59,48,75,112,88,99"/><U30/><E105/><V54/><F122/><W72/><G123/><T67/><D74/><U81/><E115/><V8/><F126/><W42/><G112/><T18/><D2/><U108/><E81/><V60/><F128/><W34/><G127/><T111/><D111/><U25/><E108/><V6/><F78/><W43/><G43/><T125/><D125/><U69/><E45/><V39/><F39/><W40/><G40/><T58/><D95/><U38/><E38/><V73/><F73/><W47/><G59/><T114/><D114/><U87/><E7/><N who="2" m="2603" /><F8/><W11/><G0/><T134/><D134/><N who="1" m="51211" /><E1/><V77/><F77/><W121/><G121/><T44/><D44/><U12/><E12/><V117/><F117/><W71/><G71/><T56/><D56/><U113/><E113/><V68/><F68/><W61/><G109/><T27/><D32/><U93/><E93/><N who="2" m="56375" /><F91/><W120/><G120/><T98/><D98/><N who="1" m="59719" /><E87/><V85/><F85/><W3/><G3/><T86/><D86/><U129/><E129/><V83/><F83/><W76/><G75/><T37/><D37/><U116/><E116/><V79/><F79/><W41/><G76/><T103/><D103/><U100/><E100/><V89/><F89/><W107/><G88/><T33/><D33/><U19/><E69/><V51/><AGARI ba="1,0" hai="16,22,26,46,51,54,60,62" m="56375,2603" machi="51" ten="30,4000,0" yaku="8,1,52,1,54,1" doraHai="21" who="2" fromWho="2" sc="430,-11,178,-21,170,43,222,-11" />
</Scene>
<Scene>
<INIT seed="2,0,0,1,4,17" ten="419,157,213,211" oya="2" hai0="132,129,119,131,87,61,102,50,0,67,95,135,122" hai1="89,19,110,113,18,27,42,22,81,108,2,65,7" hai2="130,107,70,69,94,111,44,79,34,109,92,57,63" hai3="14,126,35,29,100,104,8,30,64,5,90,78,97"/><V52/><F107/><W53/><G126/><T98/><D122/><U85/><E113/><V75/><F34/><W39/><G39/><T127/><D0/><U9/><E65/><V1/><F1/><W77/><G90/><T133/><D50/><U25/><REACH who="1" step="1"/><E42/><REACH who="1" ten="419,147,213,211" step="2"/><V84/><F130/><N who="0" m="49674" /><D119/><U11/><E11/><V96/><F111/><W32/><G64/><T93/><D67/><U20/><AGARI ba="0,1" hai="2,7,9,18,19,20,22,25,27,81,85,89,108,110" machi="20" ten="30,8000,1" yaku="1,1,0,1,9,1,52,2,53,0" doraHai="17" doraHaiUra="71" who="1" fromWho="1" sc="419,-20,147,90,213,-40,211,-20" />
</Scene>
<Scene>
<INIT seed="3,0,0,2,1,7" ten="399,237,173,191" oya="3" hai0="2,115,3,130,67,76,23,93,111,49,89,53,54" hai1="17,114,16,117,113,79,33,6,80,101,69,4,116" hai2="38,97,58,24,22,105,30,85,52,125,94,19,15" hai3="62,41,83,55,71,92,119,14,86,32,0,57,61"/><W70/><G0/><T126/><D115/><U8/><E69/><V13/><F38/><W99/><G119/><N who="1" m="45642" /><E33/><V35/><F125/><W84/><G32/><T73/><D126/><U124/><E124/><V121/><F121/><W131/><G41/><T64/><D2/><N who="1" m="23" /><E6/><V37/><F37/><W78/><G86/><T51/><D3/><U25/><E101/><V118/><F118/><W40/><G40/><T96/><D73/><N who="1" m="43119" /><E25/><V134/><F134/><W56/><G131/><T95/><D76/><U42/><E42/><V20/><F105/><W82/><G82/><T132/><D130/><U68/><E68/><V21/><F15/><W63/><G14/><T104/><D132/><U65/><E65/><V91/><REACH who="2" step="1"/><F97/><REACH who="2" ten="399,237,163,191" step="2"/><W9/><G71/><T39/><D104/><U48/><E48/><AGARI ba="0,1" hai="13,19,20,21,22,24,30,35,48,52,58,85,91,94" machi="48" ten="30,12000,2" yaku="1,1,2,1,7,1,25,2,54,1,53,0" doraHai="7" doraHaiUra="123" who="2" fromWho="1" sc="399,0,237,-120,163,130,191,0" owari="399,50.0,117,-38.0,293,9.0,191,-21.0" />
</Scene>
</mjloggm>