<mjloggm ver="2.3"><GO type="41"/><UN n0="%E9%BA%BB%E9%9B%80" n1="%E5%A4%AA%E3%81%8F%E3%81%AA%E3%81%84%E3%81%8A" n2="%74%6F%68%6B%61" n3="%E3%81%B1%E3%81%8F%E3%82%8A%E3%82%93%E3%81%93" dan="14,14,13,13" rate="1951,1971,1805,1936" sx="M,M,M,F"/><TAIKYOKU oya="0"/>

<Scene>
<INIT seed="0,0,0,0,2,19" ten="250,250,250,250" oya="0" hai0="7,120,60,103,88,15,49,18,113,119,34,100,133" hai1="59,54,41,76,93,75,116,28,17,82,87,13,94" hai2="21,125,47,69,61,134,38,52,85,71,12,30,53" hai3="91,51,37,78,68,32,121,104,3,14,77,127,10"/><T112/><D120/><U50/><E116/><V105/><F134/><W86/><G37/><T22/><D119/><U117/><E117/><V115/><F105/><W48/><G3/><T114/><D34/><U64/><E28/><V80/><F125/><W66/><G127/><T107/><D133/><U35/><E35/><V56/><F115/><W108/><G32/><T5/><D107/><U31/><E31/><V89/><F38/><W55/><G104/><T126/><D126/><U123/><E123/><V106/><F106/><W11/><G121/><T122/><D122/><U62/><E41/><V92/><F80/><W0/><G0/><T129/><D129/><U23/><REACH who="1" step="1"/><E75/><REACH who="1" ten="250,240,250,250" step="2"/><V6/><F30/><W101/><G68/><AGARI ba="0,1" hai="13,17,23,50,54,59,62,64,68,76,82,87,93,94" machi="68" ten="30,12000,2" yaku="1,1,2,1,7,1,52,1,53,2" doraHai="19" doraHaiUra="90" who="1" fromWho="3" sc="250,0,240,130,250,0,250,-120" />
</Scene>
<Scene>
<INIT seed="1,0,0,4,2,75" ten="250,370,250,130" oya="1" hai0="90,122,37,10,13,34,66,15,27,20,65,111,71" hai1="130,7,106,103,43,44,131,70,83,86,108,5,17" hai2="87,93,32,109,52,57,28,3,101,102,78,60,59" hai3="21,96,40,31,85,67,11,125,38,29,82,110,41"/><U0/><E70/><V132/><F3/><W133/><G125/><T74/><D111/><U92/><E106/><V2/><F109/><W79/><G133/><T33/><D74/><U127/><E108/><V135/><F2/><W76/><G110/><T9/><D37/><N who="1" m="21615" /><E0/><V98/><F32/><W99/><G67/><T39/><D39/><U128/><E127/><V49/><F28/><N who="3" m="10827" /><G38/><T121/><D90/><N who="1" m="51551" /><E17/><V118/><F98/><AGARI ba="0,0" hai="5,7,92,98,103,128,130,131" m="51551,21615" machi="98" ten="30,1500,0" yaku="19,1" doraHai="75" who="1" fromWho="2" sc="250,0,370,15,250,-15,130,0" />
</Scene>
<Scene>
<INIT seed="1,1,0,3,0,85" ten="250,385,235,130" oya="1" hai0="102,87,113,24,49,22,111,12,62,122,7,1,64" hai1="19,92,33,65,5,9,123,63,66,76,13,109,78" hai2="18,73,42,130,91,75,70,60,51,77,97,28,106" hai3="55,37,108,128,127,10,11,21,125,16,15,17,80"/><U116/><E123/><V110/><F28/><W35/><G37/><T41/><D111/><U25/><E116/><V38/><F130/><W126/><G35/><T45/><D113/><U118/><E118/><V52/><F18/><N who="3" m="10463" /><G55/><T88/><D122/><U27/><E109/><V59/><F77/><N who="1" m="29801" /><E33/><V74/><F74/><W121/><G80/><T56/><D1/><U20/><E92/><N who="2" m="56479" /><F106/><W14/><G121/><T53/><D102/><U2/><E2/><V34/><F34/><W117/><G108/><T32/><D32/><U96/><E96/><V8/><F8/><N who="3" m="3115" /><G117/><T69/><D12/><N who="1" m="5167" /><E63/><V26/><F26/><AGARI ba="1,0" hai="13,19,20,25,26,27,65,66" m="5167,29801" machi="26" ten="30,1500,0" yaku="8,1" doraHai="85" who="1" fromWho="2" sc="250,0,385,18,235,-18,130,0" />
</Scene>
<Scene>
<INIT seed="1,2,0,2,3,54" ten="250,403,217,130" oya="1" hai0="56,65,45,78,97,118,39,13,9,67,121,96,24" hai1="100,74,113,61,133,68,106,23,15,48,131,8,80" hai2="88,132,40,60,49,25,12,4,102,44,77,111,14" hai3="130,34,116,125,135,30,26,32,75,101,112,108,5"/><U42/><E113/><V41/><F111/><W51/><G51/><T87/><D118/><U115/><E115/><V46/><F77/><W95/><G95/><T37/><D121/><U70/><E106/><V99/><F25/><W117/><G101/><T124/><D124/><U103/><E23/><V57/><F132/><W50/><G50/><T52/><D39/><U0/><E0/><V17/><F4/><W76/><G5/><N who="0" m="3247" /><D37/><U105/><E105/><V20/><F88/><W29/><G112/><T134/><D45/><U122/><E122/><V86/><F86/><W79/><G125/><T92/><D134/><U83/><E133/><V114/><F46/><W16/><G135/><T6/><D6/><U58/><E74/><V38/><F14/><W43/><G43/><T66/><D24/><U93/><E42/><N who="2" m="24727" /><F38/><W35/><G108/><T123/><D123/><U91/><E15/><V36/><F36/><W69/><G69/><T18/><D18/><U22/><E70/><V107/><F107/><W62/><G130/><T63/><D78/><N who="3" m="29737" /><G62/><T89/><AGARI ba="2,0" hai="52,56,63,65,66,67,87,89,92,96,97" m="3247" machi="89" ten="30,4000,0" yaku="8,1,52,1,54,1" doraHai="54" who="0" fromWho="0" sc="250,46,403,-22,217,-12,130,-12" />
</Scene>
<Scene>
<INIT seed="2,0,0,0,1,14" ten="296,381,205,118" oya="2" hai0="110,116,32,75,106,112,57,100,7,132,18,66,73" hai1="11,103,124,28,48,121,62,58,113,104,27,115,55" hai2="4,89,60,98,35,105,111,1,64,68,97,56,99" hai3="78,107,88,10,123,134,54,39,77,19,120,70,23"/><V5/><F35/><W21/><G134/><T135/><D32/><U50/><E124/><V133/><F133/><N who="0" m="51274" /><D112/><U16/><E121/><V31/><F31/><W90/><G107/><T85/><D7/><U37/><E37/><V117/><F117/><W17/><G70/><T44/><D116/><U65/><E104/><V84/><F105/><W42/><G10/><T20/><D110/><U94/><E50/><V22/><F22/><W47/><G54/><T127/><D127/><U51/><E48/><V43/><F43/><W91/><G78/><T86/><D44/><U36/><E36/><V76/><F1/><W130/><G77/><T126/><D126/><U6/><E103/><V38/><F38/><W67/><G67/><T8/><D8/><U40/><E94/><V81/><F68/><W9/><G9/><T24/><D100/><U87/><E87/><N who="0" m="33289" /><D106/><U52/><E40/><V30/><F30/><W74/><G74/><T12/><D24/><U45/><E65/><V69/><F69/><W0/><G0/><T26/><D26/><U122/><E122/><V125/><F111/><W109/><G109/><T71/><D71/><U2/><REACH who="1" step="1"/><E28/><REACH who="1" ten="296,371,205,118" step="2"/><V25/><F125/><W96/><G39/><T34/><D34/><U128/><E128/><V80/><F81/><W101/><G42/><T102/><D102/><U61/><E61/><AGARI ba="0,1" hai="12,18,20,57,61,66,73,75" m="33289,51274" machi="61" ten="30,2000,0" yaku="20,1,52,1" doraHai="14" who="0" fromWho="1" sc="296,30,371,-20,205,0,118,0" />
</Scene>
<Scene>
<INIT seed="3,0,0,4,0,67" ten="326,351,205,118" oya="3" hai0="0,12,57,25,101,119,134,126,6,3,10,129,64" hai1="108,65,90,74,128,17,107,8,11,37,72,83,91" hai2="89,32,115,61,68,135,58,116,106,55,78,113,16" hai3="131,117,13,39,114,62,110,9,44,1,36,66,31"/><W84/><G117/><T47/><D119/><U50/><E37/><V77/><F116/><W97/><G114/><T29/><D134/><U48/><E107/><V21/><F115/><W125/><G1/><T54/><D126/><U105/><E105/><V99/><F32/><W71/><G125/><T26/><D129/><U51/><E65/><V24/><F135/><W76/><G131/><T52/><D101/><U33/><E33/><V46/><F46/><W94/><G31/><T103/><D103/><U70/><E128/><V19/><F106/><W127/><G127/><T14/><D3/><U2/><E2/><V22/><F68/><W132/><G132/><T111/><D111/><U28/><E28/><V73/><F73/><W63/><G63/><T122/><D122/><U49/><E49/><V56/><F56/><W82/><G44/><T23/><D26/><U81/><E108/><V42/><F42/><W92/><G110/><T120/><D120/><U100/><E100/><V112/><F112/><W102/><G94/><T41/><D64/><U4/><E4/><AGARI ba="0,0" hai="4,9,13,36,39,62,66,71,76,82,84,92,97,102" machi="4" ten="30,2900,0" yaku="7,1,52,1" doraHai="67" who="3" fromWho="1" sc="326,0,351,-29,205,0,118,29" />
</Scene>
<Scene>
<INIT seed="3,1,0,0,3,55" ten="326,322,205,147" oya="3" hai0="7,23,72,21,17,116,25,53,105,84,34,93,45" hai1="103,56,86,98,4,40,118,27,50,54,90,57,2" hai2="94,18,36,37,85,75,89,38,3,64,31,117,69" hai3="110,60,115,59,47,63,71,43,30,112,46,121,10"/><W20/><G10/><T81/><D116/><U109/><E118/><V73/><F31/><W49/><G30/><T58/><D105/><U83/><E109/><V28/><F28/><W33/><G20/><T35/><D72/><N who="2" m="27722" /><F18/><W127/><G33/><T101/><D7/><U42/><E27/><V74/><F117/><W79/><G79/><T133/><D133/><U130/><E130/><V131/><F64/><N who="3" m="41351" /><G110/><T82/><D23/><U106/><E2/><V6/><F6/><W52/><G127/><T95/><D45/><U76/><E4/><V62/><F62/><W39/><G121/><T108/><D108/><U91/><REACH who="1" step="1"/><E57/><REACH who="1" ten="326,312,205,147" step="2"/><V44/><F131/><W88/><G88/><AGARI ba="1,1" hai="40,42,50,54,56,76,83,86,88,90,91,98,103,106" machi="88" ten="40,8000,1" yaku="1,1,2,1,52,1,54,1,53,1" doraHai="55" doraHaiUra="96" who="1" fromWho="3" sc="326,0,312,93,205,0,147,-83" />
</Scene>
<Scene>
<INIT seed="4,0,0,4,5,5" ten="326,405,205,64" oya="0" hai0="29,55,17,47,99,129,119,97,78,11,64,0,6" hai1="19,107,103,63,109,50,15,126,131,23,49,33,124" hai2="38,24,72,101,32,92,110,65,104,81,94,62,123" hai3="96,134,43,80,76,57,54,36,30,8,73,120,18"/><T68/><D119/><U133/><E109/><V44/><F110/><W10/><G120/><T90/><D78/><U82/><E33/><V130/><F44/><W2/><G134/><T115/><D115/><U111/><E111/><V42/><F42/><W98/><G30/><T100/><D129/><U85/><E133/><V40/><F40/><W87/><G73/><T59/><D29/><U106/><E131/><V84/><F94/><W135/><G2/><T88/><D47/><U117/><E117/><V112/><F92/><W108/><G36/><T26/><D99/><N who="3" m="37929" /><G43/><T13/><D26/><U75/><E75/><V71/><F101/><W25/><G108/><T7/><D64/><U37/><E37/><V22/><F65/><W60/><G135/><T83/><D68/><U89/><E103/><V61/><F104/><N who="1" m="39977" /><E63/><V91/><F72/><W118/><G118/><T125/><D97/><U67/><E67/><V4/><F130/><W93/><G93/><T41/><D100/><U56/><E56/><V128/><F123/><W114/><G114/><T45/><D0/><U35/><E35/><V116/><F128/><W77/><G77/><T27/><D41/><U12/><E126/><V20/><F32/><W86/><G87/><N who="0" m="50303" /><D125/><U53/><E124/><V51/><F38/><W113/><G113/><T69/><D69/><U46/><E85/><V121/><F112/><W122/><G122/><T102/><D102/><U127/><E127/><V34/><F121/><W31/><G31/><T74/><D74/><U3/><E3/><V79/><F116/><W48/><G60/><N who="2" m="23145" /><F71/><W95/><G95/><RYUUKYOKU ba="0,0" sc="326,-10,405,-10,205,-10,64,30" hai3="8,10,18,25,48,54,57,76,80,86" />
</Scene>
<Scene>
<INIT seed="5,1,0,0,1,13" ten="316,395,195,94" oya="1" hai0="91,7,115,60,42,88,45,93,47,75,9,71,39" hai1="43,57,126,89,78,125,101,22,40,2,98,15,85" hai2="19,100,30,118,119,109,56,131,87,5,35,11,8" hai3="105,81,48,104,124,134,63,79,4,55,64,26,27"/><U67/><E2/><V82/><F100/><W77/><G134/><T130/><D115/><U6/><E78/><V72/><F109/><W37/><G124/><N who="1" m="47722" /><E67/><V97/><F131/><W31/><G37/><T32/><D130/><U84/><E57/><V50/><F72/><W65/><G4/><T76/><D32/><U54/><E54/><V129/><F129/><W92/><G92/><T25/><D47/><U20/><E85/><V24/><F97/><W111/><G111/><T74/><D25/><U128/><E128/><V44/><F56/><W14/><G14/><T38/><D38/><U69/><E69/><V107/><F11/><W36/><G36/><T21/><D75/><U62/><E62/><V135/><F107/><W51/><G63/><T116/><D116/><U29/><E29/><V106/><F135/><W117/><G31/><T46/><D60/><U112/><E112/><V96/><F106/><W16/><G81/><T94/><D76/><U99/><E6/><V120/><F96/><N who="1" m="36905" /><E101/><V114/><F120/><W59/><G59/><T123/><D7/><U90/><E90/><N who="2" m="51575" /><F5/><W1/><G1/><T86/><D91/><U18/><E22/><V34/><F34/><W108/><G108/><T80/><D21/><U0/><E0/><V12/><F114/><W121/><G55/><AGARI ba="1,0" hai="8,12,19,24,30,35,44,50,55,118,119" m="51575" machi="55" ten="30,2000,0" yaku="25,1,52,1" doraHai="13" who="2" fromWho="3" sc="316,0,395,0,195,23,94,-23" />
</Scene>
<Scene>
<INIT seed="6,0,0,5,1,88" ten="316,395,218,71" oya="2" hai0="8,44,125,99,11,1,28,90,121,12,34,71,111" hai1="65,75,53,126,63,32,35,13,124,129,81,62,21" hai2="135,102,101,46,86,60,47,118,19,0,78,64,38" hai3="91,123,85,104,55,108,10,113,18,31,76,82,57"/><V74/><F118/><W120/><G113/><T100/><D111/><U132/><E132/><V79/><F0/><W92/><G31/><T41/><D121/><U37/><E37/><V33/><F33/><W66/><G66/><T133/><D133/><U48/><E129/><V4/><F4/><W16/><G104/><T95/><D125/><N who="1" m="48235" /><E75/><V3/><F3/><W119/><G108/><T69/><D1/><U58/><E81/><V103/><F38/><W56/><G56/><T9/><D28/><U130/><E130/><V116/><F116/><W25/><G18/><T134/><D34/><N who="1" m="12843" /><E65/><V27/><F74/><W39/><G39/><T115/><D115/><U49/><E49/><V42/><F42/><W5/><G5/><T109/><D109/><U122/><E122/><V97/><F60/><W110/><G110/><T128/><D128/><U68/><E68/><V20/><F64/><W15/><G25/><T29/><D69/><U106/><E106/><V105/><F135/><W87/><REACH who="3" step="1"/><G119/><REACH who="3" ten="316,395,218,61" step="2"/><T50/><D71/><U36/><E36/><V96/><F105/><W30/><G30/><T107/><D29/><U73/><E58/><V61/><F19/><W84/><G84/><T14/><D134/><U112/><E112/><V59/><F86/><W52/><G52/><T98/><AGARI ba="0,1" hai="8,9,11,12,14,41,44,50,90,95,98,99,100,107" machi="98" ten="30,2000,0" yaku="0,1,52,1" doraHai="88" who="0" fromWho="0" sc="316,30,395,-5,218,-10,61,-5" />
</Scene>
<Scene>
<INIT seed="7,0,0,1,3,94" ten="346,390,208,56" oya="3" hai0="103,50,23,40,42,26,128,56,73,111,48,25,11" hai1="53,75,27,32,100,125,135,14,126,5,127,74,39" hai2="4,77,58,81,98,46,97,82,78,51,59,76,67" hai3="121,110,104,109,105,117,2,66,16,95,112,22,9"/><W20/><G121/><T90/><D111/><N who="3" m="42505" /><G117/><T124/><D73/><N who="1" m="27659" /><E135/><V12/><F67/><W35/><G35/><T131/><D124/><U18/><E39/><V80/><F4/><N who="3" m="1175" /><G112/><T114/><D114/><U71/><E71/><V107/><F12/><N who="3" m="9223" /><G66/><T55/><D103/><U45/><E100/><V102/><F102/><W113/><G113/><T13/><D40/><U91/><E32/><V99/><F107/><N who="3" m="41035" /><G95/><T93/><D93/><U70/><E70/><V7/><REACH who="2" step="1"/><F7/><REACH who="2" ten="346,390,198,56" step="2"/><W3/><G22/><T134/><D23/><U33/><E33/><V118/><F118/><W92/><G92/><T85/><D13/><U28/><E14/><V30/><F30/><W106/><N who="3" m="41043" /><W130/><DORA hai="17" /><G130/><T133/><D131/><U132/><E28/><V1/><F1/><AGARI ba="0,1" hai="1,3" m="41043,9223,1175,42505" machi="1" ten="50,9600,0" yaku="10,1,52,1,54,1" doraHai="94,17" who="3" fromWho="2" sc="346,0,390,0,198,-96,56,106" />
</Scene>
<Scene>
<INIT seed="7,1,0,4,3,21" ten="346,390,102,162" oya="3" hai0="6,115,102,62,50,51,59,80,0,72,11,67,48" hai1="55,88,109,29,20,22,8,99,25,104,85,9,52" hai2="41,108,84,1,114,53,107,63,66,3,16,12,126" hai3="105,123,14,30,42,43,40,91,124,131,83,118,64"/><W77/><G123/><T13/><D115/><U70/><E109/><V121/><F108/><W95/><G118/><T69/><D102/><U81/><E70/><V110/><F110/><W128/><G105/><T101/><D101/><U2/><E2/><V45/><F107/><W60/><G124/><T111/><D111/><U134/><E134/><V112/><F121/><W100/><G14/><T90/><D69/><U44/><E104/><V74/><F74/><W103/><G30/><T97/><D72/><U79/><E22/><V135/><F135/><W71/><G100/><T24/><D0/><U37/><E37/><V129/><F53/><N who="1" m="20553" /><E44/><V127/><F84/><W94/><G103/><T113/><D113/><N who="2" m="43626" /><F63/><W26/><G83/><T31/><D80/><U133/><E133/><V49/><F66/><W122/><G77/><T65/><D65/><U58/><E58/><V10/><F129/><N who="3" m="49739" /><G122/><T32/><D97/><U27/><E27/><V35/><F35/><W34/><G26/><T119/><REACH who="0" step="1"/><D90/><REACH who="0" ten="336,390,102,162" step="2"/><U86/><E99/><V7/><F7/><W98/><G91/><T76/><D76/><U54/><N who="1" m="20561" /><U38/><DORA hai="5" /><E38/><V15/><F15/><W36/><G98/><T89/><D89/><U92/><AGARI ba="1,1" hai="8,9,20,25,29,79,81,85,86,88,92" m="20561" machi="92" ten="30,12000,2" yaku="8,1,52,3,54,2" doraHai="21,5" who="1" fromWho="1" sc="336,-31,390,133,102,-31,162,-61" owari="305,11.0,523,62.0,71,-43.0,101,-30.0" />
</Scene>
</mjloggm>