<mjloggm ver="2.3"><GO type="169"/><UN n0="%E8%99%8E%E5%85%90%E6%9C%97" n1="%E5%A4%AA%E3%81%8F%E3%81%AA%E3%81%84%E3%81%8A" n2="%E3%81%B5%E3%81%83%E3%81%82" n3="%2D%72%6F%6E%2D" dan="18,17,16,16" rate="2138,2134,2058,2115" sx="M,M,M,M"/><TAIKYOKU oya="0"/>

<Scene>
<INIT seed="0,0,0,0,0,3" ten="250,250,250,250" oya="0" hai0="101,44,9,70,98,128,10,22,37,130,36,30,78" hai1="73,27,126,25,119,102,17,48,59,66,124,11,95" hai2="55,110,135,92,63,72,21,1,94,20,50,131,127" hai3="52,69,79,93,75,71,134,15,56,80,117,35,116"/><T65/><D78/><U105/><E119/><V14/><F1/><W51/><G134/><T45/><D65/><U34/><E73/><V129/><F72/><W104/><G104/><T53/><D70/><U132/><E105/><V91/><F135/><W13/><G35/><T18/><D30/><U108/><E132/><V112/><F112/><W60/><G93/><T0/><D53/><N who="1" m="32167" /><E34/><V90/><F63/><W85/><G75/><T83/><D83/><U46/><E66/><V89/><F110/><W23/><G13/><T76/><D76/><U99/><E46/><N who="2" m="28119" /><F127/><N who="1" m="48681" /><E108/><V107/><F107/><W24/><G15/><AGARI ba="0,0" hai="11,15,17,25,27,95,99,102" m="48681,32167" machi="15" ten="30,1000,0" yaku="18,1" doraHai="3" who="1" fromWho="3" sc="250,0,250,10,250,0,250,-10" />
</Scene>
<Scene>
<INIT seed="1,0,0,5,4,56" ten="250,260,250,240" oya="1" hai0="46,124,39,122,41,53,119,85,132,129,73,24,89" hai1="43,34,71,64,19,78,22,127,96,6,109,123,72" hai2="1,20,105,2,45,57,133,63,49,99,9,126,117" hai3="33,23,112,87,67,88,62,0,92,36,111,21,81"/><U104/><E123/><V40/><F117/><W110/><G33/><T102/><D119/><U80/><E34/><V29/><F133/><W10/><G112/><T69/><D69/><U114/><E114/><V115/><F115/><W90/><G36/><T131/><D122/><U68/><E127/><V37/><F126/><W97/><G10/><T4/><D124/><U75/><E75/><V44/><F9/><W18/><G0/><T82/><D132/><U51/><E6/><V100/><F29/><W106/><G106/><T91/><D102/><U120/><E120/><V101/><F101/><W35/><G35/><T98/><D73/><U28/><E28/><V93/><F20/><W47/><G47/><T94/><D4/><U52/><E43/><V54/><REACH who="2" step="1"/><F105/><REACH who="2" ten="250,260,240,240" step="2"/><W83/><G81/><T50/><REACH who="0" step="1"/><D24/><REACH who="0" ten="240,260,240,240" step="2"/><U15/><E104/><V59/><F59/><AGARI ba="0,2" hai="39,41,46,50,53,59,82,85,89,91,94,98,129,131" machi="59" ten="40,2600,0" yaku="1,1,2,1,53,0" doraHai="56" doraHaiUra="12" who="0" fromWho="2" sc="240,46,260,0,240,-26,240,0" />
</Scene>
<Scene>
<INIT seed="2,0,0,5,0,35" ten="286,260,214,240" oya="2" hai0="22,21,11,27,34,67,99,111,110,123,74,10,117" hai1="129,106,77,64,124,83,42,103,61,12,73,49,55" hai2="36,50,15,102,90,1,85,119,9,26,24,71,82" hai3="104,135,45,128,39,125,19,134,57,101,98,63,114"/><V2/><F119/><W17/><G128/><T68/><D74/><U70/><E129/><V0/><F36/><W65/><G125/><T97/><D68/><U56/><E124/><V88/><F71/><W72/><G72/><T47/><D67/><U126/><E126/><V18/><F102/><W32/><G32/><T25/><D47/><U62/><E12/><V14/><F50/><W23/><G114/><T109/><D117/><U105/><E103/><V6/><REACH who="2" step="1"/><F90/><REACH who="2" ten="286,260,204,240" step="2"/><W38/><G45/><T20/><D123/><U7/><E49/><V76/><F76/><W96/><G39/><T31/><REACH who="0" step="1"/><D27/><REACH who="0" ten="276,260,204,240" step="2"/><U75/><E70/><V86/><F86/><W91/><G38/><T113/><D113/><U95/><E73/><V87/><F87/><W4/><G96/><AGARI ba="0,2" hai="10,11,20,21,22,25,31,34,96,97,99,109,110,111" machi="96" ten="50,3200,0" yaku="1,1,14,1,53,0" doraHai="35" doraHaiUra="54" who="0" fromWho="3" sc="276,52,260,0,204,0,240,-32" />
</Scene>
<Scene>
<INIT seed="3,0,0,2,1,123" ten="328,260,204,208" oya="3" hai0="102,0,101,108,44,46,37,71,132,112,43,113,78" hai1="104,85,38,126,4,56,5,54,32,42,48,106,27" hai2="120,116,119,30,7,24,133,10,6,98,114,61,131" hai3="20,69,72,29,74,82,94,2,77,135,53,87,110"/><W14/><G2/><T36/><D0/><U31/><E126/><V33/><F114/><N who="0" m="44138" /><D78/><U67/><E67/><V64/><F120/><W86/><G135/><T19/><D71/><U13/><E85/><V76/><F133/><W65/><G53/><T35/><D132/><U81/><E81/><V97/><F131/><W75/><G69/><T91/><D35/><U18/><E106/><V25/><F76/><W92/><G65/><T11/><D91/><U84/><E104/><V109/><F109/><W95/><G14/><N who="0" m="7647" /><D108/><U66/><E66/><V80/><F80/><N who="3" m="47375" /><G29/><T51/><D37/><U118/><E118/><V103/><F25/><W50/><G20/><T57/><D57/><U52/><E84/><V115/><F115/><W93/><G50/><T39/><D36/><U124/><E124/><V47/><F47/><W17/><G17/><T21/><D21/><U83/><E83/><V88/><F119/><W90/><G110/><T70/><D70/><U60/><E38/><V63/><F116/><W41/><G41/><AGARI ba="0,0" hai="39,41,43,44,46,51,101,102" m="7647,44138" machi="41" ten="30,1000,0" yaku="11,1" doraHai="123" who="0" fromWho="3" sc="328,10,260,0,204,0,208,-10" />
</Scene>
<Scene>
<INIT seed="4,0,0,4,5,78" ten="338,260,204,198" oya="0" hai0="83,65,30,122,117,89,88,17,31,77,26,45,93" hai1="0,101,46,3,7,60,1,42,76,113,91,106,129" hai2="52,111,61,84,66,39,99,98,90,115,86,74,38" hai3="109,55,69,105,5,118,20,62,128,82,56,19,102"/><T16/><D117/><U13/><E129/><V81/><F111/><W48/><G118/><T40/><D122/><U33/><E33/><V125/><F125/><W121/><G128/><T47/><D65/><U70/><E76/><V85/><F115/><W123/><G109/><T95/><D40/><U127/><E127/><V18/><F74/><W23/><G5/><T79/><D26/><U135/><E135/><V126/><F126/><W41/><G102/><T132/><D132/><U25/><E113/><V119/><F119/><W29/><G105/><T96/><D96/><N who="2" m="36906" /><F39/><W9/><G29/><T71/><D71/><U32/><E106/><V59/><F38/><W107/><G107/><T100/><D100/><U114/><E101/><V28/><F28/><W104/><G104/><T11/><D11/><U68/><E114/><V124/><F124/><W80/><G9/><T134/><D134/><U21/><E32/><V14/><F66/><N who="3" m="41175" /><G41/><T72/><D72/><U94/><E68/><V43/><F43/><W54/><G55/><T63/><D63/><U116/><E60/><V44/><F44/><W110/><G110/><T57/><D57/><U10/><E70/><V2/><F2/><W103/><G103/><T58/><D58/><U12/><E116/><V53/><F53/><W22/><G19/><T120/><D120/><AGARI ba="0,0" hai="20,22,23,48,54,56,80,82,120,121,123" m="41175" machi="120" ten="30,3900,0" yaku="13,1,52,2" doraHai="78" who="3" fromWho="0" sc="338,-39,260,0,204,0,198,39" />
</Scene>
<Scene>
<INIT seed="5,0,0,1,0,89" ten="299,260,204,237" oya="1" hai0="111,94,82,38,18,74,76,7,48,63,102,34,83" hai1="128,56,22,58,8,62,103,120,80,15,52,97,54" hai2="29,100,0,36,84,49,75,101,73,24,95,11,61" hai3="107,69,26,67,37,68,122,108,41,10,59,106,60"/><U51/><E120/><V93/><F36/><W35/><G108/><T114/><D38/><U123/><E123/><V14/><F0/><W104/><G122/><T70/><D34/><U46/><E128/><V50/><F61/><W25/><G10/><T121/><D121/><U5/><E80/><V126/><F126/><W134/><G134/><T9/><D111/><U21/><REACH who="1" step="1"/><E46/><REACH who="1" ten="299,250,204,237" step="2"/><V40/><F75/><W12/><G69/><T1/><D70/><U2/><E2/><V96/><F73/><W124/><G68/><T39/><D74/><U131/><E131/><V133/><F133/><W3/><G3/><T77/><D1/><U99/><E99/><N who="2" m="59519" /><F40/><W44/><G124/><T129/><D129/><U105/><AGARI ba="0,1" hai="5,8,15,21,22,51,52,54,56,58,62,97,103,105" machi="105" ten="20,7800,0" yaku="1,1,0,1,7,1,54,1,53,0" doraHai="89" doraHaiUra="88" who="1" fromWho="1" sc="299,-26,250,88,204,-26,237,-26" />
</Scene>
<Scene>
<INIT seed="5,1,0,0,2,19" ten="273,338,178,211" oya="1" hai0="112,79,51,60,80,68,77,88,20,29,104,46,21" hai1="128,73,14,87,10,8,91,94,17,27,89,123,71" hai2="76,135,18,62,81,58,102,95,15,118,72,30,32" hai3="82,42,86,131,25,130,65,114,36,70,49,26,31"/><U24/><E123/><V61/><F118/><W116/><G114/><T93/><D104/><U13/><E128/><N who="3" m="49194" /><G116/><T41/><D112/><U48/><E71/><V99/><F135/><W85/><G49/><T3/><D3/><U115/><E115/><V111/><F111/><W103/><G26/><T124/><D29/><U109/><E109/><V39/><F39/><W2/><G2/><T117/><D117/><U45/><E73/><V127/><F127/><W75/><G103/><T107/><D107/><U1/><E1/><V11/><F62/><N who="3" m="40247" /><G75/><T9/><D124/><U56/><E56/><V57/><F57/><W78/><G86/><N who="0" m="48415" /><D68/><U121/><E121/><V110/><F110/><W37/><G42/><T113/><D113/><U106/><E106/><V38/><F38/><W134/><G134/><T66/><D77/><U34/><E34/><AGARI ba="1,0" hai="25,31,34,36,37,78,82,85" m="40247,49194" machi="34" ten="30,1000,0" yaku="19,1" doraHai="19" who="3" fromWho="1" sc="273,0,338,-13,178,0,211,13" />
</Scene>
<Scene>
<INIT seed="6,0,0,2,0,74" ten="273,325,178,224" oya="2" hai0="114,91,124,28,133,77,14,94,51,108,71,22,61" hai1="59,44,88,27,103,99,26,132,130,42,18,123,81" hai2="131,23,56,21,75,47,117,31,5,76,55,67,78" hai3="33,80,113,97,39,111,0,85,84,90,48,95,112"/><V86/><F117/><W66/><G39/><T60/><D108/><U32/><E132/><V121/><F121/><W89/><G33/><T104/><D104/><U45/><E123/><V29/><F131/><W126/><G66/><T13/><D124/><U68/><E68/><V20/><F75/><W69/><G69/><T115/><D133/><U65/><E130/><V4/><F67/><W43/><G0/><T70/><D51/><U8/><E32/><V2/><F47/><N who="3" m="25727" /><G126/><T9/><D28/><N who="2" m="10826" /><F2/><W83/><G111/><T57/><D57/><U125/><E125/><V35/><F86/><N who="3" m="52663" /><G113/><T134/><D134/><U73/><E73/><V58/><F35/><W106/><G106/><T46/><D71/><U110/><E110/><V101/><F101/><W34/><G34/><T16/><D70/><U116/><E116/><V41/><F41/><W30/><G30/><T129/><D129/><U122/><E122/><V96/><F96/><W24/><G112/><T11/><D115/><U100/><E65/><V19/><F58/><W93/><G24/><T64/><D114/><U37/><E59/><V118/><F118/><W50/><G50/><T127/><D127/><U82/><E45/><V62/><F19/><W12/><G12/><T53/><D14/><U79/><E37/><V25/><F25/><W52/><G52/><T102/><D64/><U87/><E27/><V128/><F128/><W6/><G6/><AGARI ba="0,0" hai="4,5,6,20,21,23,55,56,62,76,78" m="10826" machi="6" ten="30,5800,0" yaku="8,1,52,2" doraHai="74" who="2" fromWho="3" sc="273,0,325,0,178,58,224,-58" />
</Scene>
<Scene>
<INIT seed="6,1,0,2,4,133" ten="273,325,236,166" oya="2" hai0="37,20,90,39,132,47,18,62,0,125,9,108,8" hai1="96,131,124,41,120,60,58,26,97,68,115,46,50" hai2="101,10,110,102,33,54,31,67,127,121,59,42,103" hai3="49,65,17,100,53,77,40,13,79,63,84,113,22"/><V48/><F121/><W19/><G40/><T107/><D108/><U99/><E120/><V27/><F110/><W85/><G100/><T15/><D132/><U105/><E115/><V71/><F42/><W16/><G113/><T122/><D122/><U6/><E131/><V94/><F10/><W30/><G65/><T119/><D119/><U64/><E6/><V52/><F127/><W34/><G63/><T12/><D62/><U57/><E105/><V78/><F78/><N who="3" m="29707" /><G34/><T25/><D107/><U91/><E124/><V4/><F4/><W36/><G36/><T44/><D125/><U24/><E91/><V95/><F71/><W87/><G30/><T70/><D70/><U93/><E93/><V126/><F126/><W111/><G111/><T14/><D90/><U21/><REACH who="1" step="1"/><E26/><REACH who="1" ten="273,315,236,166" step="2"/><V135/><F135/><W23/><G13/><T123/><D15/><U51/><E51/><V83/><F83/><W5/><G5/><T92/><D123/><U45/><E45/><AGARI ba="1,1" hai="16,17,19,22,23,45,49,53,84,85,87" m="29707" machi="45" ten="30,2000,0" yaku="8,1,54,1" doraHai="133" who="3" fromWho="1" sc="273,0,315,-23,236,0,166,33" />
</Scene>
<Scene>
<INIT seed="7,0,0,3,4,78" ten="273,292,236,199" oya="3" hai0="34,131,12,7,18,59,47,93,79,87,68,13,85" hai1="27,94,118,26,109,107,46,36,14,77,48,127,73" hai2="24,23,113,37,111,80,122,54,121,133,0,50,71" hai3="128,84,132,58,100,92,104,96,20,120,74,22,16"/><W103/><G120/><N who="2" m="46185" /><F111/><W75/><G132/><T72/><D68/><U83/><E109/><V60/><F133/><W53/><G128/><T65/><D34/><U101/><E36/><V105/><F105/><W123/><G123/><T57/><D47/><U40/><E127/><V1/><F37/><W55/><G22/><N who="0" m="11591" /><D72/><U39/><E118/><V11/><F113/><W102/><G55/><T56/><D131/><U67/><E67/><N who="2" m="41447" /><F11/><W52/><G53/><T124/><D124/><U88/><E39/><V63/><F63/><W43/><G43/><T86/><D93/><U91/><E14/><V8/><F8/><W5/><G5/><T62/><D79/><U70/><E70/><V112/><F112/><W21/><G21/><T29/><D29/><U134/><E134/><V45/><F80/><W17/><G17/><AGARI ba="0,0" hai="0,1,17,23,24,45,50,54" m="41447,46185" machi="17" ten="30,1000,0" yaku="13,1" doraHai="78" who="2" fromWho="3" sc="273,0,292,0,236,10,199,-10" />
</Scene>
<Scene>
<INIT seed="8,0,0,5,5,57" ten="273,292,246,189" oya="0" hai0="18,97,61,31,43,106,75,53,100,4,25,86,59" hai1="123,91,16,129,51,29,135,73,23,28,105,60,30" hai2="10,44,113,109,0,6,66,80,35,49,19,37,26" hai3="21,33,67,92,79,5,133,103,15,93,112,11,98"/><T85/><D75/><U131/><E123/><V72/><F109/><W102/><G112/><T108/><D108/><U40/><E105/><V82/><F113/><W45/><G33/><T71/><D4/><U74/><E135/><V84/><F37/><W124/><G133/><T134/><D134/><U32/><E32/><V1/><F72/><W58/><G124/><T132/><D132/><U101/><E101/><N who="3" m="38410" /><G79/><T127/><D127/><U27/><E91/><V38/><F38/><W12/><G45/><T88/><D43/><U14/><E60/><V107/><F107/><W46/><G46/><T83/><D71/><U90/><E90/><V63/><F0/><W118/><G118/><T110/><D85/><U94/><E94/><N who="3" m="36458" /><G98/><T126/><D126/><U130/><E27/><V48/><F44/><AGARI ba="0,0" hai="14,16,23,28,29,30,40,44,51,73,74,129,130,131" machi="44" ten="50,3200,0" yaku="19,1,54,1" doraHai="57" who="1" fromWho="2" sc="273,0,292,32,246,-32,189,0" owari="273,7.0,324,43.0,214,-19.0,189,-31.0" />
</Scene>
</mjloggm>