<mjloggm ver="2.3"><GO type="169"/><UN n0="%E3%81%B6%E3%81%A1%E3%82%83%E3%82%89%E3%81%A6%E3%81%83" n1="%74%61%72%6F%6F" n2="%E5%86%92%E9%99%BA%E7%8E%8B%E3%83%8B%E3%82%A3%E3%83%88" n3="%E5%A4%AA%E3%81%8F%E3%81%AA%E3%81%84%E3%81%8A" dan="16,17,16,18" rate="2034,2200,2078,2184" sx="F,M,M,M"/><TAIKYOKU oya="0"/>

<Scene>
<INIT seed="0,0,0,3,1,96" ten="250,250,250,250" oya="0" hai0="88,15,77,130,8,55,37,104,75,46,2,117,107" hai1="108,111,52,76,31,19,128,9,45,5,83,23,62" hai2="18,33,35,81,129,67,109,82,7,74,42,68,13" hai3="3,21,47,63,30,115,113,70,10,11,32,14,53"/><T61/><D117/><U85/><E31/><V40/><F7/><N who="3" m="1407" /><G47/><T26/><D130/><U98/><E128/><V102/><F129/><W57/><G70/><T54/><D26/><U110/><E98/><V43/><F67/><W127/><G127/><T28/><D28/><U92/><E92/><V38/><F68/><W22/><G22/><T103/><D2/><U66/><E66/><V116/><F116/><W16/><G11/><T36/><D55/><U94/><E94/><V86/><F38/><W101/><G101/><T72/><D72/><U27/><E62/><V24/><F74/><W56/><G56/><T69/><D69/><U134/><E134/><V132/><F132/><W65/><G53/><T51/><D107/><U0/><E52/><V95/><F24/><AGARI ba="0,0" hai="14,16,21,24,30,32,57,63,65,113,115" m="1407" machi="24" ten="30,2000,0" yaku="24,1,54,1" doraHai="96" who="3" fromWho="2" sc="250,0,250,0,250,-20,250,20" />
</Scene>
<Scene>
<INIT seed="1,0,0,4,5,79" ten="250,250,230,270" oya="1" hai0="82,54,66,21,62,127,77,98,83,116,85,99,93" hai1="17,47,45,65,97,95,64,100,27,131,115,92,81" hai2="35,67,43,63,1,57,133,9,37,96,78,8,128" hai3="111,29,28,2,52,40,4,14,68,112,135,74,41"/><U124/><E115/><V102/><F35/><W33/><G112/><T42/><D127/><U0/><E0/><V5/><F8/><W91/><G68/><T22/><D116/><U12/><E124/><V59/><F133/><W30/><G74/><T50/><D42/><U46/><E131/><V26/><F128/><W114/><G114/><T20/><D93/><U60/><E27/><V113/><F113/><W80/><G2/><T55/><D55/><U101/><E60/><V11/><F11/><N who="3" m="4455" /><G33/><T34/><D34/><U89/><E101/><V18/><F18/><W71/><G71/><T118/><D118/><U94/><E94/><V119/><F26/><W36/><G36/><T125/><D125/><U15/><E15/><V108/><F108/><W117/><G111/><T6/><D6/><U31/><E31/><V53/><F119/><W61/><G135/><T23/><N who="0" m="5120" /><DORA hai="134" /><T24/><D24/><U72/><E17/><V49/><F43/><N who="3" m="16459" /><G117/><T70/><REACH who="0" step="1"/><D82/><REACH who="0" ten="240,250,230,270" step="2"/><U104/><E92/><V3/><F37/><W58/><G29/><T130/><D130/><U107/><E107/><V16/><F5/><W7/><G7/><T39/><D39/><U106/><E106/><V13/><REACH who="2" step="1"/><F78/><REACH who="2" ten="240,250,220,270" step="2"/><W51/><G30/><T32/><D32/><U122/><E12/><V48/><F48/><W105/><G51/><T121/><D121/><U56/><E122/><V123/><F123/><W73/><G28/><T84/><D84/><U88/><E72/><V86/><F86/><N who="3" m="50631" /><G73/><T75/><D75/><U132/><E132/><V109/><F109/><W120/><G120/><T129/><D129/><RYUUKYOKU ba="0,2" sc="240,10,250,-30,220,10,270,10" hai0="50,54,62,66,70,77,83,85,98,99" hai2="1,3,9,13,16,49,53,57,59,63,67,96,102" hai3="52,58,61,105" />
</Scene>
<Scene>
<INIT seed="2,1,2,5,2,46" ten="250,220,230,280" oya="2" hai0="3,47,65,119,129,77,35,99,92,123,125,53,9" hai1="101,1,6,44,63,39,29,50,30,104,59,48,105" hai2="0,82,124,74,95,118,32,71,84,93,106,79,8" hai3="90,88,22,109,2,17,19,131,127,42,25,117,54"/><V98/><F71/><W64/><G117/><T128/><D123/><U33/><E1/><V91/><F118/><W75/><G75/><T133/><D119/><U60/><E6/><V49/><F32/><W96/><G2/><T51/><D35/><U94/><E33/><V122/><F122/><W114/><G109/><T110/><D110/><U81/><E39/><V68/><F68/><W76/><G131/><N who="0" m="50251" /><D77/><U58/><E81/><V126/><F0/><W107/><G64/><T115/><D65/><U97/><E44/><V61/><F61/><W38/><G76/><T112/><D133/><U135/><E135/><V113/><F8/><W40/><G127/><N who="2" m="48681" /><F113/><W36/><G114/><T111/><D111/><U121/><E121/><V15/><F15/><W45/><G25/><T41/><D41/><U103/><E94/><V116/><F116/><W24/><G24/><T37/><D37/><U56/><E56/><V80/><F49/><W57/><G38/><T16/><D125/><U72/><E97/><V27/><F27/><W7/><G96/><T5/><D16/><U85/><E85/><V69/><F69/><W10/><G19/><T18/><D18/><U31/><E31/><V130/><F130/><W52/><G17/><T28/><D28/><U102/><E102/><AGARI ba="1,2" hai="74,79,80,82,84,91,93,95,98,102,106" m="48681" machi="102" ten="30,5800,0" yaku="18,1,34,2" doraHai="46" who="2" fromWho="1" sc="250,0,220,-61,230,81,280,0" /><AGARI ba="1,0" hai="3,5,9,47,51,53,92,99,102,112,115" m="50251" machi="102" ten="30,2000,0" yaku="19,1,52,1" doraHai="46" who="0" fromWho="1" sc="250,20,159,-20,311,0,280,0" />
</Scene>
<Scene>
<INIT seed="2,2,0,0,0,111" ten="270,139,311,280" oya="2" hai0="134,50,108,114,77,131,120,99,115,87,118,15,40" hai1="91,127,1,76,64,53,90,57,121,82,68,46,95" hai2="24,21,124,36,122,97,123,56,23,33,119,30,11" hai3="83,66,98,19,42,88,16,67,12,63,65,135,62"/><V7/><F36/><W79/><G135/><T58/><D134/><U17/><E1/><V73/><F73/><W128/><G128/><T81/><D120/><U85/><E121/><V94/><F119/><W32/><G32/><T54/><D131/><U3/><E3/><V51/><F124/><W41/><G79/><T71/><D108/><U43/><E127/><V31/><F23/><W49/><G19/><T34/><D34/><U38/><E17/><V70/><F70/><W6/><G6/><T80/><D71/><U104/><E104/><V107/><F107/><W117/><G117/><T25/><D118/><U133/><E133/><V59/><F31/><W20/><G49/><T48/><D81/><U101/><E101/><V84/><F84/><N who="3" m="50207" /><G98/><T22/><D99/><U92/><E92/><V18/><F51/><W72/><G72/><T27/><D15/><U28/><E28/><V109/><F109/><W106/><G106/><T89/><D77/><U37/><E37/><V13/><F123/><W74/><G74/><T86/><D86/><U26/><E26/><V102/><REACH who="2" step="1"/><F122/><REACH who="2" ten="270,139,301,280" step="2"/><W130/><G130/><T78/><D22/><U105/><E105/><V110/><F110/><W8/><G20/><T2/><D48/><U103/><E68/><V14/><AGARI ba="2,1" hai="7,11,13,14,18,21,24,30,33,56,59,94,97,102" machi="14" ten="20,12000,1" yaku="1,1,0,1,7,1,53,2" doraHai="111" doraHaiUra="10" who="2" fromWho="2" sc="270,-42,139,-42,301,136,280,-42" />
</Scene>
<Scene>
<INIT seed="2,3,0,1,1,129" ten="228,97,437,238" oya="2" hai0="56,14,68,94,120,29,122,116,93,97,18,21,47" hai1="63,59,64,113,58,77,75,110,55,125,70,109,101" hai2="98,49,33,17,52,87,40,96,1,62,134,95,69" hai3="74,111,10,11,83,61,117,32,103,126,84,119,67"/><V127/><F1/><W100/><G32/><T76/><D68/><U107/><E75/><V115/><F33/><W45/><G74/><T65/><D116/><U133/><E77/><V91/><F115/><W130/><G130/><T92/><D76/><U19/><E107/><V114/><F114/><W15/><G111/><N who="1" m="42506" /><E101/><V57/><F127/><W135/><G126/><T9/><D47/><U79/><E79/><V54/><F40/><W85/><G45/><T132/><D132/><U90/><E90/><V48/><F134/><W121/><G121/><T51/><D122/><U20/><E113/><V44/><F69/><W23/><G23/><T28/><D28/><U102/><E102/><V53/><F17/><W82/><G61/><N who="0" m="38055" /><D51/><N who="1" m="31103" /><E125/><V37/><F37/><W34/><G34/><T8/><D120/><U106/><E106/><V35/><F35/><W112/><G112/><T41/><D41/><U36/><E36/><V89/><F89/><W73/><G73/><T31/><D97/><U131/><E131/><V13/><F13/><W26/><G15/><N who="0" m="9439" /><D9/><U25/><E70/><V2/><F2/><W80/><G135/><AGARI ba="3,0" hai="19,20,25,59,63,64,133,135" m="31103,42506" machi="135" ten="30,3900,0" yaku="14,1,52,2" doraHai="129" who="1" fromWho="3" sc="228,0,97,48,437,0,238,-48" />
</Scene>
<Scene>
<INIT seed="3,0,0,3,4,97" ten="228,145,437,190" oya="3" hai0="24,11,50,118,66,132,22,116,127,28,120,53,65" hai1="131,76,45,115,68,57,105,74,13,52,125,89,12" hai2="38,62,135,85,101,30,20,108,48,32,8,6,25" hai3="91,119,82,107,102,43,109,128,21,110,16,93,100"/><W7/><G119/><T14/><D120/><U34/><E68/><V37/><F108/><N who="3" m="41579" /><G128/><T98/><D132/><U61/><E34/><V92/><F135/><W130/><G130/><T122/><D122/><U114/><E131/><V26/><F62/><W36/><G107/><T42/><D42/><U64/><E125/><V9/><F9/><W1/><G82/><T0/><D0/><U44/><E105/><V29/><F48/><W87/><G7/><T60/><D127/><U133/><E133/><V2/><F85/><W95/><G1/><T17/><D66/><U41/><E64/><V35/><F20/><W67/><G67/><T90/><D90/><U56/><E56/><V96/><AGARI ba="0,0" hai="2,6,8,25,26,29,30,32,35,37,38,92,96,101" machi="96" ten="30,4000,0" yaku="0,1,9,1,52,1" doraHai="97" who="2" fromWho="2" sc="228,-10,145,-10,437,40,190,-20" />
</Scene>
<Scene>
<INIT seed="4,0,0,4,3,35" ten="218,135,477,170" oya="0" hai0="84,101,126,13,51,87,95,22,49,7,102,34,56" hai1="90,53,80,96,112,65,131,66,76,119,1,62,118" hai2="25,99,69,133,64,123,130,85,67,86,36,63,110" hai3="82,92,41,71,26,10,43,94,107,4,111,109,60"/><T20/><D34/><U19/><E131/><V97/><F36/><W44/><G107/><T127/><D7/><U55/><E112/><V103/><F130/><W93/><G26/><T17/><D56/><U74/><E66/><V57/><F123/><W77/><G60/><T120/><D120/><U15/><E118/><V54/><F67/><W105/><G105/><T117/><D117/><U61/><E61/><V31/><F133/><W98/><G71/><T125/><D22/><U122/><E122/><V28/><F28/><W70/><G70/><T72/><D72/><U128/><E128/><V38/><F38/><W16/><G98/><N who="0" m="59615" /><D102/><U124/><E124/><V6/><F6/><W8/><G8/><T33/><D33/><U75/><E75/><V114/><F99/><W108/><G44/><T11/><D11/><U88/><E1/><V116/><F116/><W135/><G135/><T47/><D51/><U39/><E39/><V0/><F0/><W42/><G16/><T106/><D106/><U9/><E119/><V78/><F114/><W83/><REACH who="3" step="1"/><G77/><REACH who="3" ten="218,135,477,160" step="2"/><T14/><D14/><AGARI ba="0,1" hai="4,10,14,41,42,43,82,83,92,93,94,108,109,111" machi="14" ten="50,8000,1" yaku="1,1,2,1,29,2,53,0" doraHai="35" doraHaiUra="24" who="3" fromWho="0" sc="218,-80,135,0,477,0,160,90" />
</Scene>
<Scene>
<INIT seed="5,0,0,1,1,19" ten="138,135,477,250" oya="1" hai0="0,47,125,29,119,50,89,133,128,78,46,100,24" hai1="87,73,95,91,92,116,68,30,111,72,94,41,93" hai2="106,32,57,70,65,71,40,126,88,26,7,38,61" hai3="108,21,49,114,37,124,42,39,131,10,13,96,77"/><U83/><E68/><V120/><F106/><W99/><G108/><T113/><D119/><U127/><E41/><V56/><F120/><W104/><G77/><T17/><D0/><U129/><E30/><V84/><F7/><W35/><G35/><T109/><D109/><U123/><E123/><V43/><F26/><W74/><G74/><N who="1" m="28778" /><E111/><V12/><F32/><W62/><G62/><T3/><D3/><U112/><E116/><V101/><F101/><W48/><G104/><T110/><D17/><U34/><E34/><V28/><F28/><W8/><G42/><T80/><D110/><U130/><E112/><V82/><F12/><W59/><G59/><T2/><D113/><U25/><E25/><V15/><F15/><W5/><G13/><T20/><D2/><U75/><E127/><V1/><F126/><W60/><G124/><T135/><D125/><U6/><E6/><V54/><F40/><W134/><G5/><T117/><D117/><U107/><E107/><V121/><F121/><W67/><G114/><T23/><D100/><U16/><E16/><V36/><F1/><W76/><G39/><T63/><D63/><U55/><E55/><V31/><F31/><W79/><G37/><T132/><D89/><N who="1" m="51455" /><E75/><V81/><F38/><W85/><G60/><T22/><D47/><U58/><E58/><V4/><F43/><W115/><G115/><T122/><D122/><U44/><E44/><V64/><F36/><W86/><G67/><T27/><D27/><U11/><E11/><V66/><F65/><W103/><G8/><T98/><D98/><AGARI ba="0,0" hai="91,92,93,94,95,98,129,130" m="51455,28778" machi="98" ten="30,2900,0" yaku="34,2" doraHai="19" who="1" fromWho="0" sc="138,-29,135,29,477,0,250,0" />
</Scene>
<Scene>
<INIT seed="5,1,0,2,1,119" ten="109,164,477,250" oya="1" hai0="98,43,40,63,86,132,50,1,129,110,21,56,77" hai1="113,122,23,36,3,92,97,60,8,131,32,85,51" hai2="71,75,100,106,16,20,78,17,126,22,0,123,29" hai3="31,19,76,82,24,79,2,107,89,18,62,42,46"/><U117/><E36/><V101/><F71/><W67/><G107/><T109/><D132/><U66/><E32/><V44/><F0/><W90/><G2/><T135/><D129/><U59/><E117/><V74/><F123/><W96/><G76/><T72/><D135/><U26/><E131/><V58/><F29/><W39/><G89/><T111/><D1/><U15/><E3/><V14/><F58/><W112/><G112/><T94/><D72/><U34/><E34/><V53/><F53/><W114/><G114/><T88/><D21/><U47/><E85/><V95/><F44/><W45/><G45/><T133/><D133/><U83/><E83/><V33/><F95/><W25/><G90/><T55/><REACH who="0" step="1"/><D63/><REACH who="0" ten="99,164,477,250" step="2"/><U57/><E113/><V54/><F75/><W104/><G62/><T81/><AGARI ba="1,1" hai="40,43,50,55,56,77,81,86,88,94,98,109,110,111" machi="81" ten="40,8000,1" yaku="1,1,2,1,0,1,54,1,53,0" doraHai="119" doraHaiUra="65" who="0" fromWho="0" sc="99,93,164,-41,477,-21,250,-21" />
</Scene>
<Scene>
<INIT seed="6,0,0,2,3,1" ten="192,123,456,229" oya="2" hai0="13,47,68,97,32,35,132,44,81,95,92,90,23" hai1="118,65,102,38,0,26,133,2,127,78,108,101,12" hai2="74,45,39,77,53,69,86,87,71,129,29,106,28" hai3="60,46,113,66,76,25,27,14,10,121,124,61,51"/><V34/><F106/><W83/><G121/><T73/><D68/><U96/><E38/><V93/><F29/><W9/><G124/><T22/><D132/><U107/><E133/><V70/><F93/><W56/><G61/><T63/><D35/><U8/><E118/><V52/><F87/><N who="3" m="48615" /><G113/><T125/><D32/><U111/><E127/><V72/><F86/><W41/><G10/><T43/><D125/><U31/><E101/><V84/><F84/><W126/><G126/><T79/><D63/><U94/><E78/><V64/><F53/><W24/><G25/><T48/><D95/><U11/><E65/><V6/><F64/><W21/><G21/><T117/><D117/><U19/><E107/><V85/><F85/><W103/><G103/><T82/><D82/><U100/><E100/><V49/><F74/><W98/><G98/><T119/><D119/><U122/><E122/><V4/><F72/><W30/><G30/><T36/><REACH who="0" step="1"/><D13/><REACH who="0" ten="182,123,456,229" step="2"/><U58/><E0/><V33/><F70/><W128/><G128/><T40/><AGARI ba="0,1" hai="22,23,36,40,43,44,47,48,73,79,81,90,92,97" machi="40" ten="20,8000,1" yaku="1,1,2,1,0,1,7,1,53,1" doraHai="1" doraHaiUra="88" who="0" fromWho="0" sc="182,90,123,-20,456,-40,229,-20" />
</Scene>
<Scene>
<INIT seed="7,0,0,4,2,88" ten="272,103,416,209" oya="3" hai0="44,71,28,43,70,87,123,32,26,73,47,61,0" hai1="74,104,94,55,56,132,2,41,11,85,135,118,60" hai2="51,34,37,52,23,31,129,54,6,10,72,113,75" hai3="15,105,106,116,25,76,130,108,119,127,92,102,24"/><W98/><G15/><T90/><D73/><U20/><E104/><N who="3" m="40042" /><G24/><T19/><D123/><U101/><E74/><V46/><F23/><W22/><G22/><T117/><D117/><N who="3" m="45129" /><G25/><T109/><D0/><U45/><E118/><V33/><F31/><W107/><G130/><T39/><D109/><U9/><E2/><V13/><F52/><W40/><G40/><T124/><D124/><U112/><E112/><V4/><F54/><W91/><G127/><T100/><D100/><U131/><E131/><V14/><F6/><W35/><G35/><T8/><D47/><U65/><E55/><V125/><F14/><W36/><G36/><T29/><D29/><U110/><E110/><V82/><F37/><W89/><G108/><T79/><D79/><U120/><E120/><V114/><F13/><W96/><G76/><T99/><D8/><U126/><E126/><V16/><F10/><W133/><G91/><T21/><D32/><U5/><E20/><V17/><F34/><W84/><G133/><T103/><D28/><U57/><E57/><V48/><F4/><W12/><G12/><T121/><D121/><U93/><E11/><V134/><F33/><W50/><G50/><T80/><D61/><U128/><E128/><V59/><F129/><W68/><G68/><T30/><D30/><U111/><E111/><V83/><F51/><W49/><G49/><T67/><D67/><U42/><E9/><V122/><F48/><W63/><G63/><T27/><D27/><U86/><E42/><V78/><F134/><N who="1" m="51241" /><E5/><V77/><F125/><W38/><G107/><AGARI ba="0,0" hai="19,21,26,39,43,44,70,71,80,87,90,99,103,107" machi="107" ten="30,1000,0" yaku="7,1" doraHai="88" who="0" fromWho="3" sc="272,10,103,0,416,0,209,-10" owari="282,8.0,103,-40.0,416,52.0,199,-20.0" />
</Scene>
</mjloggm>