<mjloggm ver="2.3"><GO type="97"/><UN n0="%41%73%69%6D%6F%76" n1="%67%69%6E%34%35%25" n2="%E5%AE%85%E9%85%8D%E3%82%B3%E3%82%AE%E3%83%A3%E3%83%AB%EF%BC%99" n3="%E5%A4%AA%E3%81%8F%E3%81%AA%E3%81%84%E3%81%8A" dan="14,14,13,14" rate="1864,1879,1854,1981" sx="M,M,M,M"/><TAIKYOKU oya="0"/>

<Scene>
<INIT seed="0,0,0,3,2,77" ten="250,250,250,250" oya="0" hai0="60,1,19,52,96,4,124,5,109,34,38,132,33" hai1="18,86,83,72,128,97,68,90,58,0,9,93,127" hai2="51,27,95,103,15,112,125,48,80,119,116,61,110" hai3="100,98,130,59,94,131,107,56,2,29,21,88,67"/><T113/><D113/><U102/><BYE who="0" /><E68/><UN n0="%41%73%69%6D%6F%76" /><V10/><F112/><W36/><G36/><T134/><D38/><U20/><E128/><N who="3" m="49194" /><G2/><T114/><D114/><U62/><E127/><V118/><F125/><W55/><G67/><T11/><D124/><U123/><E123/><V44/><F110/><W63/><G56/><N who="0" m="34823" /><D109/><U108/><E108/><V43/><F61/><W71/><G71/><T75/><D75/><U82/><E72/><V24/><F51/><W26/><G107/><T121/><D121/><U32/><E32/><V6/><REACH who="2" step="1"/><F80/><REACH who="2" ten="250,250,240,250" step="2"/><W126/><G126/><T79/><D79/><U30/><E0/><V105/><F105/><W46/><G46/><T135/><D96/><AGARI ba="0,1" hai="6,10,15,24,27,43,44,48,95,96,103,116,118,119" machi="96" ten="40,2600,0" yaku="1,1,12,1,53,0" doraHai="77" doraHaiUra="35" who="2" fromWho="0" sc="250,-26,250,0,240,36,250,0" />
</Scene>
<Scene>
<INIT seed="1,0,0,4,2,18" ten="224,250,276,250" oya="1" hai0="107,60,89,134,58,118,45,46,38,8,102,11,99" hai1="119,17,81,54,10,63,84,50,109,36,76,111,27" hai2="106,61,114,73,44,42,95,131,98,120,105,4,40" hai3="127,68,31,93,43,100,3,91,22,92,75,41,67"/><U124/><E124/><V133/><F120/><W126/><G3/><T26/><D118/><U35/><E119/><V83/><F131/><W135/><G75/><T2/><D134/><U101/><E36/><V94/><F133/><W72/><G72/><T53/><D26/><U97/><E63/><V32/><F32/><W20/><G135/><T14/><D2/><U123/><E123/><V132/><F132/><W1/><G1/><T47/><D38/><U49/><E35/><V5/><F61/><N who="3" m="40047" /><G100/><T34/><D34/><U7/><E7/><V103/><F105/><W122/><G93/><T117/><D117/><U90/><E76/><V19/><F114/><W71/><G71/><T77/><D77/><U37/><E37/><V108/><F108/><N who="1" m="41545" /><E54/><V129/><F129/><W24/><G122/><T113/><D113/><U115/><E115/><V112/><F112/><W104/><G126/><T13/><REACH who="0" step="1"/><D89/><REACH who="0" ten="214,250,276,250" step="2"/><U66/><E10/><AGARI ba="0,1" hai="8,10,11,13,14,45,46,47,53,58,60,99,102,107" machi="10" ten="40,2600,0" yaku="1,1,2,1,53,0" doraHai="18" doraHaiUra="85" who="0" fromWho="1" sc="214,36,250,-26,276,0,250,0" />
</Scene>
<Scene>
<INIT seed="2,0,0,1,0,50" ten="250,224,276,250" oya="2" hai0="28,118,129,103,111,80,35,17,1,73,66,126,48" hai1="79,85,75,107,90,131,87,72,39,26,30,56,14" hai2="7,88,76,78,68,6,135,116,38,122,31,109,120" hai3="89,49,114,97,64,24,18,110,67,4,57,102,36"/><V98/><F68/><W128/><G36/><T46/><D1/><U94/><E39/><V40/><F116/><W100/><G110/><T42/><D118/><U0/><E0/><V41/><F109/><W29/><G128/><T77/><D111/><U32/><E131/><V104/><F135/><W10/><G114/><T133/><D133/><U125/><E125/><V58/><F31/><W44/><G18/><T96/><D129/><U130/><E130/><V45/><F41/><W124/><G124/><T15/><D126/><U2/><E2/><V115/><F115/><W65/><G57/><T20/><D66/><U27/><E107/><V134/><F134/><W99/><G89/><T33/><REACH who="0" step="1"/><D28/><REACH who="0" ten="240,224,276,250" step="2"/><U61/><E30/><V121/><F121/><W69/><G65/><T11/><D11/><U59/><E32/><V83/><F120/><W54/><G67/><T106/><AGARI ba="0,1" hai="15,17,20,33,35,42,46,48,73,77,80,96,103,106" machi="106" ten="20,2700,0" yaku="1,1,0,1,7,1,53,0" doraHai="50" doraHaiUra="23" who="0" fromWho="0" sc="240,37,224,-7,276,-13,250,-7" />
</Scene>
<Scene>
<INIT seed="3,0,0,0,2,76" ten="277,217,263,243" oya="3" hai0="34,115,49,33,50,1,91,54,6,11,128,118,29" hai1="101,85,47,65,61,102,41,133,114,26,73,15,5" hai2="93,96,89,131,18,80,36,116,104,46,81,9,43" hai3="103,64,27,39,44,117,38,60,130,126,23,30,83"/><W66/><G117/><T68/><D68/><U59/><E114/><V86/><F116/><W8/><G126/><T4/><D118/><U14/><E73/><V112/><F112/><W82/><G130/><T51/><D115/><U108/><E108/><V129/><F9/><W16/><G103/><T123/><D128/><N who="2" m="49226" /><F18/><W22/><G8/><T31/><D123/><U121/><E133/><V17/><F17/><W42/><G39/><T124/><D124/><U53/><E121/><V111/><F111/><W13/><G66/><T109/><D109/><U106/><E26/><V7/><F7/><W69/><AGARI ba="0,0" hai="13,16,22,23,27,30,38,42,44,60,64,69,82,83" machi="69" ten="20,12000,1" yaku="0,1,7,1,52,2,54,1" doraHai="76" who="3" fromWho="3" sc="277,-40,217,-40,263,-40,243,120" owari="237,4.0,177,-32.0,223,-18.0,363,46.0" />
</Scene>
</mjloggm>