<mjloggm ver="2.3"><GO type="169"/><UN n0="%E3%83%A4%E3%82%AD%E3%83%B3" n1="%E3%82%80%E3%83%BC%E3%82%80" n2="%E5%A4%AA%E3%81%8F%E3%81%AA%E3%81%84%E3%81%8A" n3="%40%E9%A6%AC%E6%9D%89%E5%AF%A7%E9%A6%99" dan="17,16,18,17" rate="2185,2042,2182,2171" sx="M,M,M,M"/><TAIKYOKU oya="0"/>

<Scene>
<INIT seed="0,0,0,4,0,17" ten="250,250,250,250" oya="0" hai0="5,64,38,19,131,9,115,79,127,52,123,81,132" hai1="27,101,100,13,28,76,25,97,119,92,12,102,111" hai2="2,36,35,110,49,41,108,74,37,78,32,1,62" hai3="0,11,117,135,57,120,51,4,90,15,8,59,39"/><T89/><D115/><U18/><E119/><V83/><F62/><W55/><G39/><N who="2" m="14921" /><F41/><W77/><G117/><T93/><D123/><U47/><E76/><V58/><F58/><W3/><G120/><T128/><D64/><U124/><E47/><V44/><F49/><W56/><G135/><T40/><D132/><U88/><E124/><V107/><F44/><W113/><G113/><T129/><D127/><U66/><E66/><V24/><F107/><W118/><G118/><T112/><D112/><U91/><E111/><N who="2" m="42539" /><F24/><W134/><G134/><T71/><D40/><U65/><E65/><V80/><F80/><W16/><G77/><T106/><D106/><U26/><E91/><V116/><F116/><W73/><G73/><T61/><D38/><U48/><E48/><V84/><F84/><W45/><REACH who="3" step="1"/><G90/><REACH who="3" ten="250,250,250,240" step="2"/><T69/><D89/><U133/><E133/><V31/><F74/><W99/><G99/><T53/><D79/><U14/><REACH who="1" step="1"/><E28/><REACH who="1" ten="250,240,250,240" step="2"/><V105/><F31/><W7/><G7/><T54/><D5/><U82/><E82/><V109/><F83/><W50/><G50/><T121/><D81/><U85/><E85/><V126/><F78/><W86/><G86/><T6/><D6/><U104/><E104/><V43/><F105/><W103/><G103/><T46/><D121/><U122/><E122/><V95/><F109/><W33/><G33/><T34/><D34/><U23/><AGARI ba="0,2" hai="12,13,14,18,23,25,26,27,88,92,97,100,101,102" machi="23" ten="40,8000,1" yaku="1,1,0,1,8,1,52,1,54,1,53,0" doraHai="17" doraHaiUra="60" who="1" fromWho="1" sc="250,-40,240,100,250,-20,240,-20" />
</Scene>
<Scene>
<INIT seed="1,0,0,0,5,27" ten="210,340,230,220" oya="1" hai0="97,122,2,96,102,119,7,22,45,21,64,124,49" hai1="26,10,89,105,132,59,69,94,30,41,104,111,79" hai2="31,66,114,37,24,120,43,17,70,129,131,8,71" hai3="16,115,40,86,29,62,73,55,90,32,34,61,117"/><U42/><E69/><V112/><F120/><W109/><G73/><T127/><D119/><U63/><E132/><V128/><F43/><W23/><G115/><N who="2" m="44073" /><F37/><W5/><G117/><T116/><D116/><U36/><E79/><V19/><F66/><W78/><G5/><T50/><D122/><U134/><E10/><V103/><F103/><W13/><G40/><T18/><D64/><U108/><E134/><V92/><F92/><W123/><G123/><T91/><D2/><U6/><E6/><V48/><F48/><W76/><G109/><N who="1" m="42058" /><E36/><V83/><F83/><W25/><G34/><T72/><D7/><U113/><E113/><V46/><F46/><W84/><G84/><T56/><D72/><U28/><E41/><V101/><F101/><W77/><REACH who="3" step="1"/><G55/><REACH who="3" ten="210,340,230,210" step="2"/><T107/><D124/><U135/><E42/><V47/><F129/><W95/><AGARI ba="0,1" hai="13,16,23,25,29,32,61,62,76,77,78,86,90,95" machi="95" ten="30,8000,1" yaku="1,1,2,1,0,1,52,1,54,1,53,0" doraHai="27" doraHaiUra="126" who="3" fromWho="3" sc="210,-20,340,-40,230,-20,210,90" />
</Scene>
<Scene>
<INIT seed="2,0,0,1,4,129" ten="190,300,210,300" oya="2" hai0="40,97,22,60,77,13,65,32,4,34,46,95,87" hai1="78,82,116,9,125,26,47,133,67,17,3,50,122" hai2="62,66,124,16,25,126,134,84,123,69,108,110,99" hai3="79,7,1,45,64,59,58,93,8,121,56,106,44"/><V81/><F123/><W28/><G106/><T27/><D4/><U0/><E116/><V31/><F99/><W92/><G121/><T128/><D128/><U131/><E131/><V80/><F134/><W12/><G1/><T100/><D13/><U103/><E133/><V90/><F81/><W75/><G64/><T102/><D77/><U37/><E125/><N who="2" m="48235" /><F16/><W15/><G28/><N who="0" m="17527" /><D87/><U120/><E103/><V107/><F107/><W91/><G15/><T115/><D115/><U42/><E67/><V76/><F76/><W18/><G7/><T29/><D29/><U6/><E50/><V96/><F96/><W117/><G117/><T43/><D102/><U88/><E0/><V24/><F24/><W118/><G118/><T20/><D20/><AGARI ba="0,0" hai="20,25,31,62,66,69,80,84,90,108,110" m="48235" machi="20" ten="30,1500,0" yaku="18,1" doraHai="129" who="2" fromWho="0" sc="190,-15,300,0,210,15,300,0" />
</Scene>
<Scene>
<INIT seed="2,1,0,2,0,35" ten="175,300,225,300" oya="2" hai0="68,34,64,71,125,43,102,39,79,86,127,32,101" hai1="65,103,15,49,14,33,21,85,94,106,82,78,45" hai2="134,121,51,62,59,131,73,47,115,118,99,42,76" hai3="30,70,132,124,27,92,66,88,4,89,122,24,111"/><V22/><F121/><W100/><G122/><T105/><D86/><U5/><E33/><N who="0" m="12905" /><D79/><U25/><E106/><V61/><F118/><W19/><G132/><T87/><D87/><U116/><E65/><V44/><F115/><W10/><G124/><N who="0" m="47691" /><D64/><U96/><E5/><V0/><F0/><W36/><G36/><T63/><D63/><U16/><REACH who="1" step="1"/><E116/><REACH who="1" ten="175,290,225,300" step="2"/><V93/><F134/><W120/><G4/><T98/><D105/><U97/><E97/><V20/><F99/><W55/><G66/><T7/><D7/><U26/><E26/><V81/><F131/><W69/><G27/><T107/><D102/><U28/><E28/><V17/><F17/><W23/><G24/><T67/><D67/><U72/><E72/><V135/><F135/><W3/><G19/><T12/><D12/><U110/><E110/><V54/><F73/><W56/><G30/><T8/><D107/><U48/><E48/><V117/><F117/><W6/><G100/><T114/><D101/><U37/><E37/><V41/><F51/><W83/><G111/><T84/><D98/><U9/><E9/><V50/><F50/><W52/><G10/><T123/><D123/><U57/><E57/><V31/><F59/><W38/><G56/><T2/><D84/><U1/><E1/><V40/><F31/><W108/><G3/><T90/><D114/><U112/><E112/><V129/><F129/><W58/><G58/><T11/><D2/><U109/><E109/><V77/><F62/><W29/><G108/><T104/><D104/><U91/><E91/><V46/><F61/><W130/><G130/><RYUUKYOKU ba="1,1" sc="175,-10,290,30,225,-10,300,-10" hai1="14,15,16,21,25,45,49,78,82,85,94,96,103" />
</Scene>
<Scene>
<INIT seed="3,2,1,0,1,74" ten="165,320,215,290" oya="3" hai0="24,133,18,126,23,80,127,25,84,78,68,88,60" hai1="0,13,129,48,121,55,4,87,1,105,43,53,6" hai2="122,83,52,2,113,134,108,73,26,58,90,14,22" hai3="117,45,21,38,76,92,81,96,130,93,47,33,65"/><W49/><G33/><T103/><D103/><U131/><E121/><V7/><F113/><W3/><G3/><T8/><D133/><U37/><E105/><V109/><F134/><W32/><G32/><T57/><D68/><U30/><E30/><V118/><F118/><W41/><G117/><T59/><D8/><N who="1" m="4247" /><E37/><V95/><F2/><W132/><G132/><T71/><D25/><U42/><E87/><V116/><F116/><W61/><G130/><N who="1" m="49674" /><E53/><V106/><F106/><W124/><G21/><T91/><D71/><U62/><E62/><N who="2" m="36167" /><F14/><W39/><G124/><N who="0" m="47659" /><D59/><N who="1" m="33255" /><E1/><V9/><F122/><W29/><G29/><T56/><D56/><U36/><E36/><V125/><F125/><W111/><G39/><T85/><D85/><U5/><E0/><V44/><F73/><W51/><G38/><T123/><D123/><U40/><AGARI ba="2,1" hai="4,5,40,42,43" m="33255,49674,4247" machi="40" ten="30,1100,0" yaku="19,1" doraHai="74" who="1" fromWho="1" sc="165,-5,320,27,215,-5,290,-7" />
</Scene>
<Scene>
<INIT seed="4,0,0,0,2,25" ten="160,347,210,283" oya="0" hai0="121,107,68,112,102,10,133,97,106,27,87,45,46" hai1="115,104,76,1,99,47,19,5,52,23,128,100,103" hai2="91,0,81,13,36,39,60,69,123,72,134,113,12" hai3="90,124,95,122,93,130,62,7,94,92,16,14,26"/><T125/><D121/><U43/><E128/><V57/><F123/><W63/><G122/><T33/><D112/><U59/><E115/><V49/><F0/><W79/><G130/><T135/><D125/><U120/><E100/><V119/><F113/><W70/><G124/><T132/><D68/><U32/><E32/><V37/><F134/><W110/><G110/><T61/><D61/><N who="3" m="23049" /><G70/><T38/><D10/><U114/><E76/><V8/><F119/><W111/><G79/><T53/><D38/><U127/><E127/><V65/><F8/><N who="3" m="4383" /><G111/><T85/><D107/><U6/><E1/><V30/><F72/><W29/><G29/><N who="0" m="19647" /><D53/><U82/><E114/><V24/><F69/><W41/><G41/><T22/><D22/><U88/><E120/><V118/><F118/><W58/><G58/><T51/><D51/><U50/><E59/><V129/><F49/><W83/><G83/><T11/><D11/><U42/><E42/><V28/><F129/><W9/><G9/><T56/><D56/><U31/><E43/><V48/><F48/><W75/><G95/><T98/><D46/><U18/><E31/><V126/><F126/><W101/><G94/><N who="0" m="58679" /><D45/><U74/><E74/><V64/><F64/><W40/><G93/><T34/><D34/><U21/><E21/><N who="2" m="15375" /><F30/><W108/><G108/><T35/><D35/><U4/><E23/><V71/><F71/><W17/><G75/><T77/><D77/><U66/><E66/><V89/><F81/><W3/><G3/><T2/><D2/><U54/><E54/><V86/><F89/><W67/><G90/><T131/><D131/><RYUUKYOKU ba="0,0" sc="160,10,347,10,210,10,283,-30" hai0="85,87,98,106,132,133,135" hai1="4,5,6,18,19,47,50,52,82,88,99,103,104" hai2="12,13,36,37,39,57,60,65,86,91" />
</Scene>
<Scene>
<INIT seed="4,1,0,0,1,35" ten="170,357,220,253" oya="0" hai0="135,11,25,95,55,100,77,94,19,56,114,18,110" hai1="108,81,90,86,133,17,24,71,134,29,64,33,15" hai2="61,34,1,97,84,104,22,66,124,26,60,49,78" hai3="80,8,20,76,85,131,125,113,119,103,3,54,5"/><T74/><D74/><U6/><E108/><V59/><F124/><W32/><G119/><T57/><D77/><U30/><E30/><V9/><F34/><W46/><G32/><T53/><D110/><U65/><E6/><V12/><F49/><W88/><G125/><T132/><D100/><U91/><E90/><V4/><F61/><W38/><G103/><T37/><D37/><U44/><E44/><V14/><F104/><W122/><G113/><T31/><D31/><U10/><REACH who="1" step="1"/><E71/><REACH who="1" ten="170,347,220,253" step="2"/><V109/><F109/><W63/><G46/><T98/><D114/><U16/><E16/><V36/><F4/><W43/><G5/><T50/><D132/><AGARI ba="1,1" hai="10,15,17,24,29,33,64,65,81,86,91,132,133,134" machi="132" ten="40,8000,1" yaku="1,1,20,1,53,2" doraHai="35" doraHaiUra="62" who="1" fromWho="0" sc="170,-83,347,93,220,0,253,0" />
</Scene>
<Scene>
<INIT seed="5,0,0,5,1,134" ten="87,440,220,253" oya="1" hai0="11,99,110,59,62,126,46,43,71,10,122,36,125" hai1="19,135,44,53,56,123,52,111,119,132,69,31,113" hai2="3,33,23,101,118,7,2,114,77,14,16,17,85" hai3="70,74,27,63,21,58,67,61,106,66,131,86,105"/><U79/><E119/><V54/><F118/><W90/><G74/><T78/><D78/><U40/><E123/><V94/><F33/><W72/><G72/><T98/><D110/><U73/><E69/><V9/><F114/><W107/><G131/><T112/><D71/><U37/><E31/><V76/><F2/><W129/><G129/><T45/><D112/><U120/><E120/><V48/><F17/><W18/><REACH who="3" step="1"/><G107/><REACH who="3" ten="87,440,220,243" step="2"/><T65/><D122/><U6/><E113/><V64/><F64/><W102/><G102/><T91/><D45/><U24/><E44/><V93/><F101/><W35/><G35/><T26/><D26/><U15/><E24/><V84/><F84/><W88/><G88/><T117/><D117/><U108/><E73/><V22/><F77/><W104/><G104/><T5/><D91/><U115/><E79/><V49/><F76/><W97/><G97/><T127/><REACH who="0" step="1"/><D11/><REACH who="0" ten="77,440,220,243" step="2"/><U68/><E115/><V81/><F9/><W128/><G128/><T25/><D25/><U30/><E111/><V83/><F85/><W109/><G109/><T0/><AGARI ba="0,2" hai="0,5,10,36,43,46,59,62,65,98,99,125,126,127" machi="0" ten="30,12000,2" yaku="1,1,0,1,18,1,52,3,53,0" doraHai="134" doraHaiUra="20" who="0" fromWho="0" sc="77,140,440,-60,220,-30,243,-30" />
</Scene>
<Scene>
<INIT seed="6,0,0,0,5,44" ten="217,380,190,213" oya="2" hai0="89,57,13,119,17,65,33,12,135,78,34,111,23" hai1="18,14,50,45,125,96,99,54,117,21,56,94,81" hai2="116,16,36,100,19,49,26,27,42,48,7,103,3" hai3="76,86,29,108,35,121,67,37,58,82,115,101,87"/><V64/><F116/><W110/><G37/><T72/><D111/><U4/><E117/><V70/><F36/><W102/><G35/><T51/><D119/><U122/><E122/><V134/><F70/><W53/><G67/><T30/><D72/><U5/><E125/><V2/><F64/><W123/><G29/><T8/><D78/><U120/><E81/><V9/><F42/><W74/><G58/><T132/><D89/><N who="1" m="55375" /><E120/><N who="3" m="46154" /><G53/><N who="0" m="31935" /><D65/><U80/><E80/><V114/><F114/><W90/><G115/><T91/><D91/><U69/><E69/><V60/><F60/><W71/><G71/><T47/><D47/><U92/><E45/><V25/><F134/><N who="0" m="51242" /><D30/><U131/><E131/><V83/><F83/><N who="3" m="49535" /><G74/><T52/><D52/><U107/><E107/><V112/><F112/><W63/><G63/><T24/><D24/><U129/><E129/><V113/><F113/><W97/><G102/><AGARI ba="0,0" hai="4,5,14,18,21,50,54,56,92,99,102" m="55375" machi="102" ten="30,2000,0" yaku="8,1,52,1" doraHai="44" who="1" fromWho="3" sc="217,0,380,20,190,0,213,-20" />
</Scene>
<Scene>
<INIT seed="7,0,0,5,4,5" ten="217,400,190,193" oya="3" hai0="81,13,12,48,11,28,100,71,24,14,21,103,54" hai1="62,33,128,68,43,112,6,109,17,124,78,106,29" hai2="134,101,56,111,105,92,41,75,49,77,121,70,82" hai3="27,110,47,85,97,94,108,120,38,60,1,66,9"/><W59/><G120/><T113/><D71/><U7/><E78/><V90/><F70/><W61/><G61/><T64/><D64/><U45/><E17/><V8/><F111/><N who="3" m="42539" /><G27/><T40/><D40/><U25/><E7/><V73/><F121/><W104/><G104/><T22/><D113/><U63/><E6/><V114/><F114/><W15/><G1/><T26/><D81/><U39/><E112/><V118/><F118/><W115/><G115/><T107/><D107/><U37/><E109/><V0/><F0/><W65/><G85/><T129/><D129/><U76/><E128/><V69/><F69/><W31/><G31/><N who="0" m="17807" /><D11/><U42/><E68/><V55/><F75/><W93/><G66/><T89/><D89/><U117/><E117/><V36/><F36/><W23/><G23/><T116/><D116/><U123/><E62/><V52/><F8/><W122/><G122/><T58/><AGARI ba="0,0" hai="12,13,14,22,26,28,48,54,58,100,103" m="17807" machi="58" ten="30,1100,0" yaku="8,1" doraHai="5" who="0" fromWho="0" sc="217,11,400,-3,190,-3,193,-5" owari="228,3.0,397,49.0,187,-31.0,188,-21.0" />
</Scene>
</mjloggm>