<mjloggm ver="2.3"><GO type="41"/><UN n0="%E5%85%AC%E5%A4%96%E5%8F%8E%E5%85%A5%E3%83%93%E3%83%90%E8%A6%8B%E5%8A%9B" n1="%E6%88%A6%E4%BA%89%54%49%4D%45" n2="%E4%B8%89%E9%99%B8%E6%B5%B7%E5%B2%B8" n3="%E5%A4%AA%E3%81%8F%E3%81%AA%E3%81%84%E3%81%8A" dan="15,13,17,15" rate="1989,1895,2063,2057" sx="M,M,M,M"/><TAIKYOKU oya="0"/>

<Scene>
<INIT seed="0,0,0,0,2,110" ten="250,250,250,250" oya="0" hai0="26,105,116,55,32,6,40,33,16,124,8,11,39" hai1="93,64,79,130,2,18,21,113,13,9,68,48,49" hai2="5,128,54,131,106,76,24,19,114,31,74,85,103" hai3="66,36,27,62,45,51,72,22,10,126,59,117,20"/><T115/><D105/><U88/><E79/><V84/><F19/><W61/><G117/><T25/><D116/><U15/><E2/><V30/><F5/><W135/><G72/><T99/><D124/><U81/><E81/><V134/><F31/><W97/><G126/><T89/><D115/><U70/><E130/><V129/><F134/><W83/><G135/><T69/><D69/><U125/><E125/><V101/><F114/><W35/><G36/><T78/><D78/><U67/><E70/><V50/><F74/><W98/><G83/><T44/><D55/><U107/><E107/><V75/><F75/><W29/><G61/><T111/><D26/><U1/><E1/><V47/><F76/><W52/><REACH who="3" step="1"/><G10/><REACH who="3" ten="250,250,250,240" step="2"/><T96/><D11/><U0/><E68/><V60/><F60/><W37/><G37/><T104/><D39/><U123/><E0/><V91/><F128/><W120/><G120/><T122/><D122/><U43/><E123/><V71/><F131/><W58/><G58/><T121/><D121/><U28/><E113/><V133/><F71/><W127/><G127/><T4/><D8/><U109/><E9/><V46/><F129/><W17/><G17/><T82/><D16/><U90/><E18/><V73/><F73/><W14/><G14/><T34/><D82/><U112/><E112/><V41/><F133/><W57/><G57/><T65/><D44/><U132/><E132/><V42/><F47/><W7/><G7/><T108/><D4/><U56/><E13/><V87/><F46/><W63/><G63/><T53/><D6/><U86/><E15/><RYUUKYOKU ba="0,1" sc="250,-10,250,-10,250,-10,240,30" hai3="20,22,27,29,35,45,51,52,59,62,66,97,98" />
</Scene>
<Scene>
<INIT seed="1,1,1,0,3,118" ten="240,240,240,270" oya="1" hai0="126,43,56,61,4,96,23,1,103,37,22,21,2" hai1="65,24,60,58,93,6,100,101,0,88,13,123,16" hai2="104,87,30,44,76,134,20,67,111,122,121,119,33" hai3="69,84,115,47,26,127,25,102,5,131,48,63,14"/><U49/><E123/><V113/><F20/><W107/><G115/><T117/><D117/><U97/><E0/><V12/><F12/><W109/><G109/><T74/><D74/><U62/><E6/><V66/><F87/><W45/><G127/><T31/><D126/><U46/><E60/><V36/><F67/><W64/><G131/><T70/><D70/><U32/><E32/><V79/><F79/><W90/><G102/><T27/><D2/><U120/><E120/><V73/><F66/><W130/><G107/><T3/><D3/><U98/><E24/><V75/><F76/><W29/><G130/><T91/><D91/><U86/><E101/><V128/><F44/><W110/><G110/><T129/><D129/><U77/><E100/><V7/><F30/><W83/><G29/><T114/><D114/><U34/><E34/><V52/><F7/><W89/><G89/><T82/><D82/><U105/><E105/><V19/><F19/><W38/><G38/><T59/><D56/><U92/><E92/><V106/><F106/><W125/><G125/><T10/><D43/><N who="1" m="24799" /><E77/><V18/><F18/><W133/><G45/><T68/><D37/><U71/><E71/><V112/><F113/><W41/><G133/><T17/><D17/><U78/><E78/><V80/><F75/><W35/><G35/><T8/><D68/><U94/><E94/><V9/><F80/><W132/><G132/><T85/><D10/><AGARI ba="1,1" hai="10,13,16,58,62,65,86,88,93,97,98" m="24799" machi="10" ten="30,5800,0" yaku="8,1,54,2" doraHai="118" who="1" fromWho="0" sc="240,-61,240,71,240,0,270,0" />
</Scene>
<Scene>
<INIT seed="1,2,0,2,2,45" ten="179,311,240,270" oya="1" hai0="107,131,105,11,27,120,93,54,5,38,23,28,33" hai1="70,42,111,51,113,16,31,121,91,132,56,98,13" hai2="128,97,114,34,61,2,46,102,101,43,49,129,74" hai3="126,52,130,21,40,17,125,115,58,4,76,64,48"/><U32/><E121/><V60/><F2/><W69/><G115/><T134/><D38/><U94/><E113/><V112/><F74/><W66/><G130/><N who="2" m="50281" /><F102/><W30/><G4/><T19/><D131/><U119/><E119/><V123/><F123/><W20/><G76/><T6/><D5/><U82/><E70/><V59/><F61/><W44/><G30/><T50/><D120/><U99/><E132/><V117/><F34/><W135/><G135/><T37/><D37/><U87/><E111/><V12/><F12/><W85/><G85/><T10/><D10/><N who="1" m="6199" /><E32/><V80/><F80/><W90/><G90/><T65/><D65/><U18/><E18/><V35/><F35/><W77/><G77/><T78/><D78/><N who="1" m="46551" /><E99/><V75/><F75/><W133/><G133/><T3/><D134/><U109/><E109/><V0/><F117/><W108/><G108/><T25/><REACH who="0" step="1"/><D93/><REACH who="0" ten="169,311,240,270" step="2"/><U22/><E42/><V83/><F83/><W26/><G64/><T106/><D106/><U55/><E31/><V68/><F0/><W72/><G66/><T15/><D15/><U8/><E8/><V116/><F116/><W67/><G67/><T110/><D110/><U96/><E96/><V24/><F114/><W9/><G9/><T39/><D39/><U88/><E22/><V41/><F112/><W29/><G69/><T122/><D122/><U79/><E79/><V100/><F68/><W36/><REACH who="3" step="1"/><G72/><REACH who="3" ten="169,311,240,260" step="2"/><T73/><D73/><U89/><AGARI ba="2,2" hai="51,55,56,88,89,91,94,98" m="46551,6199" machi="89" ten="30,11700,0" yaku="8,1,52,1,54,2" doraHai="45" who="1" fromWho="1" sc="169,-41,311,143,240,-41,260,-41" />
</Scene>
<Scene>
<INIT seed="1,3,0,3,5,118" ten="128,454,199,219" oya="1" hai0="82,31,6,2,52,74,3,96,26,48,43,39,77" hai1="70,132,22,114,42,13,19,25,81,112,94,16,79" hai2="29,124,7,107,128,69,88,111,105,104,53,83,11" hai3="4,64,84,15,127,0,106,51,76,72,108,55,100"/><U54/><E70/><V113/><F69/><W86/><G64/><T61/><D61/><U56/><E132/><V131/><F111/><W89/><G0/><T14/><D96/><U98/><E42/><V123/><F124/><W99/><G108/><T119/><D119/><U80/><E114/><V92/><F29/><W65/><G65/><T133/><D133/><U1/><E1/><V93/><F53/><W9/><G127/><T101/><D101/><U34/><E34/><V73/><F113/><W122/><G122/><T32/><D39/><U87/><E112/><V130/><F123/><W59/><REACH who="3" step="1"/><G89/><REACH who="3" ten="128,454,199,209" step="2"/><T134/><D134/><U129/><E79/><N who="2" m="44527" /><F88/><W78/><G78/><T120/><D120/><U27/><E87/><V37/><F37/><W24/><G24/><T57/><REACH who="0" step="1"/><D43/><REACH who="0" ten="118,454,199,209" step="2"/><U20/><E80/><AGARI ba="3,2" hai="4,9,15,51,55,59,72,76,80,84,86,99,100,106" machi="80" ten="40,2600,0" yaku="1,1,53,1" doraHai="118" doraHaiUra="44" who="3" fromWho="1" sc="118,0,454,-35,199,0,209,55" />
</Scene>
<Scene>
<INIT seed="2,0,0,0,1,54" ten="118,419,199,264" oya="2" hai0="12,86,58,71,100,64,42,110,105,91,77,81,70" hai1="109,57,21,90,135,52,16,25,49,112,7,84,94" hai2="1,46,59,31,128,119,74,32,60,22,78,51,20" hai3="24,83,108,45,10,69,41,37,92,125,122,5,97"/><V4/><F119/><W120/><G69/><T134/><D134/><U101/><E135/><V89/><F32/><W8/><G108/><T34/><D34/><U2/><E109/><V102/><F128/><W75/><G125/><T47/><D110/><U43/><E112/><V6/><F102/><W79/><G24/><T96/><D12/><U38/><E38/><V72/><F72/><W0/><REACH who="3" step="1"/><G10/><REACH who="3" ten="118,419,199,254" step="2"/><T76/><D71/><U124/><E124/><V127/><F127/><W26/><G26/><T65/><D70/><U126/><E126/><V27/><F22/><W93/><G93/><T44/><D47/><U15/><E25/><V68/><F68/><W98/><G98/><T36/><REACH who="0" step="1"/><D65/><REACH who="0" ten="108,419,199,254" step="2"/><U80/><E43/><V121/><F46/><W13/><G13/><T63/><AGARI ba="0,2" hai="36,42,44,58,63,64,76,77,81,86,91,96,100,105" machi="63" ten="30,8000,1" yaku="1,1,2,1,0,1,52,1,53,1" doraHai="54" doraHaiUra="61" who="0" fromWho="0" sc="108,100,419,-20,199,-40,254,-20" />
</Scene>
<Scene>
<INIT seed="3,0,0,5,0,119" ten="208,399,159,234" oya="3" hai0="133,88,53,1,72,106,69,91,84,124,87,65,123" hai1="96,126,15,62,101,13,43,31,118,77,17,45,33" hai2="95,71,98,61,10,18,111,8,97,99,63,50,46" hai3="28,121,74,115,24,51,34,57,3,16,128,78,132"/><W73/><G115/><T109/><D1/><U94/><E126/><V104/><F111/><W135/><G3/><T56/><D72/><U64/><E77/><V29/><F104/><W131/><G121/><T110/><D106/><U4/><E118/><V36/><F36/><W32/><G32/><T108/><D124/><U23/><E4/><V100/><F29/><W20/><G57/><T93/><D133/><N who="3" m="51273" /><G51/><T22/><D22/><U14/><E33/><V90/><F71/><W117/><G117/><T49/><D69/><U79/><E79/><V105/><F99/><W39/><G39/><T102/><D65/><U107/><E107/><V60/><REACH who="2" step="1"/><F18/><REACH who="2" ten="208,399,149,234" step="2"/><W70/><G70/><T129/><D110/><U134/><E31/><V38/><F38/><W0/><G0/><T25/><D109/><U44/><E134/><V19/><F19/><W26/><G73/><T7/><D108/><U35/><E35/><V130/><F130/><W112/><G112/><T55/><D129/><U66/><E66/><V30/><F30/><W80/><AGARI ba="0,1" hai="16,20,24,26,28,34,74,78,80,128,131" m="51273" machi="80" ten="30,3000,0" yaku="20,1,54,1" doraHai="119" who="3" fromWho="3" sc="208,-10,399,-10,149,-10,234,40" />
</Scene>
<Scene>
<INIT seed="3,1,0,1,5,5" ten="198,389,139,274" oya="3" hai0="26,64,36,66,114,108,95,129,38,80,132,16,51" hai1="13,109,81,94,115,103,122,124,104,45,21,17,3" hai2="18,96,135,128,4,120,98,117,102,58,118,44,34" hai3="130,133,37,99,69,2,33,87,74,43,27,92,12"/><W75/><G2/><T112/><D108/><U126/><E115/><N who="0" m="44073" /><D132/><U32/><E109/><V29/><F128/><W23/><G69/><T46/><D129/><U35/><E122/><V106/><F135/><W100/><G130/><T97/><D80/><U93/><E3/><V67/><F120/><W84/><G133/><T11/><D38/><U125/><E81/><V10/><F18/><W42/><G33/><N who="1" m="12874" /><E45/><V59/><F44/><W88/><G37/><T53/><D36/><U107/><E103/><V116/><F98/><W60/><G60/><T77/><D77/><U61/><E61/><V25/><REACH who="2" step="1"/><F67/><REACH who="2" ten="198,389,129,274" step="2"/><W48/><G99/><T83/><D66/><U65/><E65/><V1/><AGARI ba="1,1" hai="1,4,10,25,29,34,58,59,96,102,106,116,117,118" machi="1" ten="30,7900,0" yaku="1,1,2,1,0,1,52,1,53,0" doraHai="5" doraHaiUra="70" who="2" fromWho="2" sc="198,-21,389,-21,129,92,274,-40" />
</Scene>
<Scene>
<INIT seed="4,0,0,5,0,104" ten="177,368,221,234" oya="0" hai0="9,48,92,27,122,105,103,24,7,2,98,100,37" hai1="110,42,128,82,18,78,121,33,15,135,54,134,84" hai2="77,115,57,73,55,51,109,67,17,0,108,125,22" hai3="69,112,45,130,90,26,64,13,129,50,76,107,4"/><T61/><D37/><U127/><E33/><V10/><F115/><W106/><G112/><T39/><D39/><U40/><E121/><V31/><F125/><W102/><G76/><T12/><D122/><U133/><E110/><V87/><F31/><W68/><G90/><T36/><D36/><U123/><E123/><V47/><F87/><W29/><G13/><T97/><D2/><U99/><E99/><V65/><F0/><W132/><G4/><T101/><D103/><U126/><E54/><V60/><F10/><W11/><G11/><T62/><REACH who="0" step="1"/><D48/><REACH who="0" ten="167,368,221,234" step="2"/><U75/><E127/><V63/><F109/><W35/><G102/><T95/><D95/><U116/><E126/><V88/><F108/><W30/><G106/><T25/><AGARI ba="0,1" hai="7,9,12,24,25,27,61,62,92,97,98,100,101,105" machi="25" ten="30,12000,1" yaku="1,1,0,1,53,3" doraHai="104" doraHaiUra="20" who="0" fromWho="0" sc="167,130,368,-40,221,-40,234,-40" />
</Scene>
<Scene>
<INIT seed="4,1,0,2,3,111" ten="297,328,181,194" oya="0" hai0="66,65,43,67,88,39,60,124,121,45,71,128,6" hai1="90,93,17,5,7,53,61,118,1,64,119,101,47" hai2="2,114,113,13,51,70,106,0,46,126,41,86,33" hai3="94,91,32,100,131,29,133,130,105,132,11,117,14"/><T68/><D6/><U74/><E74/><V10/><F33/><W9/><G117/><T28/><D28/><U81/><E1/><V127/><F70/><N who="0" m="26666" /><D88/><U112/><E112/><N who="2" m="43115" /><F106/><W129/><G100/><T19/><D19/><U24/><E118/><V120/><F120/><W27/><G105/><T92/><D92/><U56/><E119/><V82/><F2/><W79/><G79/><T77/><D77/><U110/><E110/><V31/><F31/><W50/><G50/><T22/><D22/><N who="1" m="13391" /><E101/><V48/><F48/><W135/><REACH who="3" step="1"/><G14/><REACH who="3" ten="297,328,181,184" step="2"/><T40/><D121/><U30/><E81/><V109/><F0/><W69/><G69/><T102/><D102/><U97/><E30/><V63/><F109/><W85/><AGARI ba="1,1" hai="9,11,27,29,32,85,91,94,129,130,131,132,133,135" machi="85" ten="40,8000,1" yaku="1,1,0,1,19,1,20,1,53,0" doraHai="111" doraHaiUra="59" who="3" fromWho="3" sc="297,-41,328,-21,181,-21,184,93" />
</Scene>
<Scene>
<INIT seed="5,0,0,0,1,86" ten="256,307,160,277" oya="1" hai0="82,12,65,23,116,115,112,80,67,127,114,41,29" hai1="107,32,63,101,22,36,120,8,31,60,17,135,104" hai2="90,66,11,95,61,13,30,73,106,19,100,49,3" hai3="91,88,87,92,99,84,15,25,124,52,62,6,35"/><U34/><E120/><V57/><F73/><W46/><G124/><T27/><D116/><U94/><E135/><V123/><F123/><W85/><G35/><T38/><D127/><U109/><E109/><V47/><F3/><W126/><G126/><T76/><D12/><U68/><E36/><V24/><F106/><W70/><G25/><T55/><D55/><U9/><E68/><V54/><F100/><N who="3" m="60519" /><G70/><T7/><D7/><U44/><E44/><V117/><F117/><W43/><G43/><T121/><D121/><U108/><E108/><V42/><F24/><W75/><G75/><N who="0" m="43039" /><D82/><U122/><E122/><V118/><F118/><W130/><G130/><T111/><D111/><U26/><E34/><V129/><F129/><W51/><G62/><T33/><D33/><U59/><E104/><V21/><F30/><W77/><G77/><T71/><D71/><U20/><E32/><V110/><F110/><W28/><G28/><T58/><D58/><U14/><E107/><V45/><F21/><W133/><G133/><T131/><D131/><U128/><E128/><V93/><F93/><W69/><G69/><T2/><D2/><U53/><E60/><V98/><REACH who="2" step="1"/><F47/><AGARI ba="0,0" hai="23,27,29,38,41,47,65,67,112,114,115" m="43039" machi="47" ten="30,1000,0" yaku="15,1" doraHai="86" who="0" fromWho="2" sc="256,10,307,0,160,-10,277,0" />
</Scene>
<Scene>
<INIT seed="6,0,0,5,3,34" ten="266,307,150,277" oya="2" hai0="55,48,98,83,118,78,120,47,49,25,76,65,31" hai1="13,69,110,35,91,112,133,126,37,41,63,17,57" hai2="36,79,77,51,68,95,38,58,119,75,121,107,32" hai3="127,5,128,26,64,1,39,125,27,14,111,80,20"/><V54/><F107/><W7/><G39/><T109/><D120/><U90/><E35/><V123/><F32/><W10/><G64/><T30/><D109/><U24/><E69/><V104/><F104/><W3/><G80/><T115/><D118/><U106/><E106/><V46/><F95/><W94/><G94/><T82/><D98/><U44/><E110/><V70/><F79/><W0/><G111/><T8/><D65/><U15/><E133/><V72/><F77/><W66/><G66/><T28/><D8/><U101/><E101/><V74/><F119/><W59/><G59/><T40/><D115/><U131/><E112/><V23/><F23/><W116/><G116/><T29/><D25/><N who="3" m="9225" /><G20/><T113/><D113/><U85/><E24/><V53/><F75/><W42/><G42/><T122/><D122/><N who="2" m="46602" /><F74/><W134/><G134/><T50/><D40/><U11/><E15/><V73/><F73/><W92/><G92/><T21/><D21/><U117/><E117/><V108/><F72/><W60/><G60/><T99/><D99/><U19/><E19/><V105/><F105/><W97/><G97/><T89/><D31/><U9/><E9/><V100/><F100/><W102/><G102/><T56/><D47/><U135/><E135/><V71/><F108/><W4/><G128/><T18/><D89/><N who="1" m="33803" /><E131/><V12/><F12/><W33/><G33/><T67/><D30/><U81/><E81/><V130/><F130/><W124/><AGARI ba="0,0" hai="0,1,3,4,5,7,10,14,124,125,127" m="9225" machi="124" ten="40,12000,2" yaku="18,1,34,2,52,3" doraHai="34" who="3" fromWho="3" sc="266,-30,307,-30,150,-60,277,120" />
</Scene>
<Scene>
<INIT seed="7,0,0,1,5,73" ten="236,277,90,397" oya="3" hai0="106,11,114,69,16,33,27,100,25,82,48,15,57" hai1="99,121,86,26,109,68,19,50,88,135,133,112,41" hai2="34,1,42,84,43,12,78,128,122,49,38,83,110" hai3="72,65,77,7,92,66,2,18,35,117,53,21,107"/><W130/><G107/><T5/><D69/><U126/><E68/><V111/><F34/><W129/><G117/><T90/><D114/><U93/><E121/><V115/><F128/><N who="3" m="49259" /><G35/><T95/><D33/><U120/><E109/><V31/><F31/><W58/><G92/><T40/><D5/><U62/><E120/><V46/><F122/><W4/><G77/><T74/><D106/><U6/><E6/><N who="3" m="2090" /><G72/><T96/><D100/><N who="1" m="60527" /><E112/><V54/><F115/><W125/><G125/><T80/><D74/><U61/><E126/><V132/><F1/><W47/><G47/><N who="0" m="25703" /><D57/><U124/><E124/><V131/><F131/><W118/><G118/><T70/><D70/><U113/><E113/><V67/><F42/><W3/><G66/><T17/><D17/><U0/><E0/><V123/><F123/><W13/><G65/><T71/><D71/><U64/><E64/><V10/><F67/><W75/><G75/><T127/><D127/><U22/><E41/><V52/><F132/><N who="1" m="50761" /><E50/><AGARI ba="0,0" hai="2,3,13,18,21,50,53,58" m="2090,49259" machi="50" ten="30,1500,0" yaku="19,1" doraHai="73" who="3" fromWho="1" sc="236,0,277,-15,90,0,397,15" owari="236,-16.0,262,6.0,90,-41.0,412,51.0" />
</Scene>
</mjloggm>