<mjloggm ver="2.3"><GO type="169"/><UN n0="%E5%A4%AA%E3%81%8F%E3%81%AA%E3%81%84%E3%81%8A" n1="%E6%AF%94%E5%98%89%E7%A7%80%E4%BB%81" n2="%70%69%6F%76%61" n3="%E3%81%A1%E3%81%8F%E3%81%8D" dan="18,16,16,18" rate="2161,2136,2108,2164" sx="M,M,M,M"/><TAIKYOKU oya="0"/>

<Scene>
<INIT seed="0,0,0,4,1,47" ten="250,250,250,250" oya="0" hai0="108,18,135,86,91,79,68,8,54,133,65,105,111" hai1="75,31,93,129,1,128,101,17,72,48,116,71,90" hai2="52,58,84,22,20,69,38,29,104,107,94,96,41" hai3="63,103,25,55,35,115,26,30,134,19,42,53,74"/><T44/><D105/><U12/><E1/><V45/><F69/><W50/><G115/><T9/><D79/><U33/><E101/><V100/><F84/><W3/><G3/><T82/><D65/><U43/><E71/><V70/><F70/><W109/><G74/><T14/><D8/><U77/><E31/><V97/><F29/><W59/><G109/><N who="0" m="42059" /><D68/><U34/><E33/><V80/><F80/><W78/><G78/><T10/><D10/><U92/><E34/><V11/><F11/><W114/><G114/><T61/><D61/><U36/><E36/><V66/><F66/><W89/><G134/><T28/><D28/><U121/><E121/><V117/><F117/><W23/><G103/><T95/><D95/><U60/><E60/><V5/><F5/><W6/><G6/><T13/><D13/><U113/><E113/><V37/><F107/><W67/><REACH who="3" step="1"/><G89/><REACH who="3" ten="250,250,250,240" step="2"/><T123/><D123/><U27/><E77/><V98/><F100/><W83/><G83/><T40/><D54/><U87/><E116/><V62/><F52/><W132/><G132/><T118/><D118/><U32/><E75/><V46/><F104/><W49/><G49/><AGARI ba="0,1" hai="9,14,18,40,44,49,82,86,91,133,135" m="42059" machi="49" ten="30,5800,0" yaku="14,1,10,1,52,1" doraHai="47" who="0" fromWho="3" sc="250,68,250,0,250,0,240,-58" />
</Scene>
<Scene>
<INIT seed="0,1,0,3,5,37" ten="318,250,250,182" oya="0" hai0="75,97,122,24,3,102,106,131,86,23,98,79,53" hai1="7,50,107,87,93,56,31,19,58,89,64,60,54" hai2="18,55,69,67,113,104,108,33,65,14,1,17,124" hai3="109,84,43,78,135,41,105,40,123,22,110,82,30"/><T90/><D122/><U15/><E107/><V70/><F1/><W49/><G105/><T92/><D3/><U103/><E103/><V6/><F113/><W25/><G123/><T114/><D114/><U61/><E31/><V26/><F104/><W16/><G135/><T34/><D34/><U129/><E129/><V72/><F72/><W74/><G49/><T94/><D131/><U5/><REACH who="1" step="1"/><E61/><REACH who="1" ten="318,240,250,182" step="2"/><V4/><F33/><W88/><REACH who="3" step="1"/><G30/><REACH who="3" ten="318,240,250,172" step="2"/><T32/><D106/><U125/><E125/><V127/><F124/><W63/><G63/><T52/><D32/><U128/><E128/><V42/><F127/><W85/><G85/><T121/><D121/><U29/><E29/><V44/><F108/><W132/><G132/><T134/><D134/><U35/><E35/><V120/><F120/><W27/><G27/><T51/><D86/><U100/><E100/><V68/><F26/><W81/><AGARI ba="1,2" hai="16,22,25,40,41,43,74,78,81,82,84,88,109,110" machi="81" ten="30,12000,2" yaku="1,1,0,1,52,3,54,2,53,0" doraHai="37" doraHaiUra="48" who="3" fromWho="3" sc="318,-61,240,-31,250,-31,172,143" />
</Scene>
<Scene>
<INIT seed="1,0,0,1,4,76" ten="257,209,219,315" oya="1" hai0="18,27,19,13,91,83,124,89,123,23,77,67,7" hai1="73,8,2,115,35,45,98,133,53,103,135,125,20" hai2="34,4,63,26,86,94,12,50,47,129,114,52,128" hai3="72,10,74,110,55,30,107,121,56,78,40,16,109"/><U84/><E35/><V116/><F116/><W132/><G121/><T29/><D123/><U1/><E73/><V60/><F114/><W134/><G107/><T28/><D124/><U100/><E125/><V65/><F34/><W99/><G99/><T105/><D105/><U5/><E115/><V48/><F48/><N who="3" m="30823" /><G30/><T0/><D67/><U101/><E98/><V37/><F37/><W90/><G90/><N who="0" m="34315" /><D7/><U106/><E106/><V118/><F118/><W126/><G126/><T120/><D0/><U54/><E2/><V127/><F127/><W42/><G72/><T11/><D120/><U59/><E84/><AGARI ba="0,0" hai="11,13,18,19,23,27,28,29,77,83,84" m="34315" machi="84" ten="30,2000,0" yaku="8,1,52,1" doraHai="76" who="0" fromWho="1" sc="257,20,209,-20,219,0,315,0" />
</Scene>
<Scene>
<INIT seed="2,0,0,0,3,134" ten="277,189,219,315" oya="2" hai0="26,95,69,48,24,65,61,123,60,2,96,82,94" hai1="93,130,14,58,106,70,111,10,37,98,101,39,55" hai2="42,81,109,79,19,34,62,13,27,124,7,132,80" hai3="102,127,44,75,133,22,63,56,46,89,8,118,30"/><V1/><F132/><W67/><G133/><T57/><D123/><U92/><E70/><V32/><F109/><W12/><G75/><T59/><D2/><U121/><E121/><V6/><F42/><W114/><G118/><T54/><D82/><U112/><E112/><V4/><F1/><W108/><G108/><T51/><D94/><U9/><E130/><V113/><F113/><W135/><G114/><T77/><D77/><U38/><E111/><V73/><F27/><N who="0" m="10282" /><D69/><U21/><E21/><V110/><F110/><W72/><G72/><T5/><D5/><U16/><REACH who="1" step="1"/><E10/><REACH who="1" ten="277,179,219,315" step="2"/><V64/><F34/><W97/><G22/><T31/><D31/><U120/><E120/><V129/><F32/><W28/><G28/><T107/><D107/><U45/><E45/><V52/><F129/><W83/><G30/><T40/><D40/><U11/><E11/><V119/><F119/><W86/><G135/><T104/><D104/><U99/><E99/><V126/><F79/><W66/><G44/><T47/><D47/><U50/><AGARI ba="0,1" hai="9,14,16,37,38,39,50,55,58,92,93,98,101,106" machi="50" ten="30,4000,0" yaku="1,1,0,1,54,1,53,0" doraHai="134" doraHaiUra="78" who="1" fromWho="1" sc="277,-10,179,50,219,-20,315,-10" />
</Scene>
<Scene>
<INIT seed="3,0,0,1,2,8" ten="267,229,199,305" oya="3" hai0="24,45,69,117,107,38,37,119,97,47,58,27,118" hai1="28,102,104,126,85,74,106,98,48,114,96,5,90" hai2="53,52,134,100,89,93,130,21,13,18,0,108,125" hai3="84,68,105,62,115,57,87,109,15,116,50,65,75"/><W19/><G116/><T26/><D69/><U34/><E114/><V51/><F0/><W41/><G115/><T111/><D58/><U33/><E74/><V80/><F108/><W113/><G113/><T43/><D111/><U63/><E126/><V17/><F125/><W72/><G105/><T120/><D120/><U121/><E121/><V56/><F134/><W81/><G109/><T10/><D10/><U71/><E48/><N who="2" m="30759" /><F130/><W54/><G41/><T40/><D107/><U1/><E1/><V131/><F131/><W66/><G66/><T9/><D9/><U3/><E3/><V86/><F100/><W42/><G42/><T46/><D97/><U61/><E5/><V73/><F73/><W95/><G87/><T11/><D11/><U135/><E135/><V83/><F18/><W129/><G129/><T76/><D76/><U30/><E102/><V77/><F77/><W25/><G25/><T31/><D31/><U22/><E90/><V12/><F13/><W124/><G124/><T103/><D103/><U88/><E88/><V127/><F127/><W44/><G68/><T91/><D91/><U23/><E71/><V79/><F79/><N who="3" m="46143" /><G75/><T60/><D60/><U64/><E85/><V82/><F82/><W110/><G72/><T94/><D94/><U92/><E92/><V14/><F14/><W123/><G110/><T112/><D112/><U55/><E64/><V78/><F78/><W6/><G123/><T35/><D35/><U70/><E70/><V4/><F4/><W132/><G132/><T29/><D29/><U67/><E67/><V99/><F86/><RYUUKYOKU ba="0,0" sc="267,10,229,10,199,10,305,-30" hai0="24,26,27,37,38,40,43,45,46,47,117,118,119" hai1="22,23,28,30,33,34,55,61,63,96,98,104,106" hai2="12,17,21,51,52,80,83,89,93,99" />
</Scene>
<Scene>
<INIT seed="4,1,0,3,0,23" ten="277,239,209,275" oya="0" hai0="68,77,14,46,35,39,123,5,109,43,70,38,8" hai1="97,51,85,88,13,12,63,86,2,75,133,65,92" hai2="30,67,113,90,121,21,58,110,107,126,111,28,114" hai3="95,129,105,96,78,131,108,49,99,36,42,54,74"/><T98/><D123/><U32/><E75/><V87/><F121/><W69/><G108/><N who="2" m="41513" /><F107/><W17/><G69/><T130/><D109/><U40/><E2/><V104/><F104/><W81/><G105/><T47/><D130/><N who="3" m="49673" /><G17/><T94/><D77/><U76/><E32/><V102/><F102/><W56/><G95/><T91/><REACH who="0" step="1"/><D35/><REACH who="0" ten="267,239,209,275" step="2"/><U45/><E76/><V10/><F114/><W124/><G124/><T33/><D33/><U15/><REACH who="1" step="1"/><E133/><REACH who="1" ten="267,229,209,275" step="2"/><V101/><F126/><W37/><G78/><T132/><D132/><U25/><E25/><V31/><F113/><W60/><G74/><T59/><D59/><AGARI ba="1,2" hai="12,13,15,40,45,51,59,63,65,85,86,88,92,97" machi="59" ten="40,5200,0" yaku="1,1,8,1,54,1,53,0" doraHai="23" doraHaiUra="19" who="1" fromWho="0" sc="267,-55,229,75,209,0,275,0" />
</Scene>
<Scene>
<INIT seed="5,0,0,5,4,54" ten="212,304,209,275" oya="1" hai0="61,6,128,56,72,76,120,58,50,20,101,0,23" hai1="97,37,74,57,104,5,99,130,49,42,87,75,13" hai2="3,129,28,118,85,82,119,69,126,66,24,107,134" hai3="55,31,117,98,45,16,21,73,51,81,39,65,52"/><U12/><E37/><V106/><F3/><W131/><G131/><T27/><D128/><U132/><E130/><V64/><F129/><W60/><G117/><T116/><D116/><U36/><E36/><V110/><F110/><W123/><G123/><T1/><D101/><U38/><E38/><V133/><F126/><W19/><G39/><T109/><D109/><U43/><E132/><N who="2" m="50795" /><F119/><W84/><G73/><T26/><D120/><U17/><E104/><N who="2" m="39979" /><F69/><W112/><G55/><T11/><D0/><U122/><E122/><V96/><F96/><N who="1" m="36937" /><E75/><V89/><F118/><W47/><G98/><T4/><D4/><U7/><E74/><V92/><F92/><W33/><G33/><AGARI ba="0,0" hai="24,28,33,64,66,82,85,89" m="39979,50795" machi="33" ten="30,1000,0" yaku="20,1" doraHai="54" who="2" fromWho="3" sc="212,0,304,0,209,10,275,-10" />
</Scene>
<Scene>
<INIT seed="6,0,0,3,5,131" ten="212,304,219,265" oya="2" hai0="58,5,70,93,84,52,101,130,33,95,81,45,65" hai1="19,24,129,87,18,128,102,122,64,16,22,32,27" hai2="132,7,112,63,120,59,78,89,53,88,69,133,6" hai3="107,80,98,123,29,66,61,68,35,23,85,51,71"/><V34/><F120/><W44/><G123/><T60/><D33/><U86/><E64/><V11/><F34/><W21/><G71/><T118/><D130/><N who="1" m="50283" /><E122/><V54/><F69/><W94/><G107/><T15/><D118/><U127/><E127/><V46/><F78/><W57/><G68/><T17/><D5/><N who="2" m="1546" /><F11/><W135/><G35/><T79/><D101/><U47/><E102/><V41/><F54/><N who="3" m="30055" /><G29/><T110/><D110/><U67/><E67/><V109/><F109/><W124/><G124/><T82/><D82/><U25/><E32/><V50/><F112/><W38/><G38/><T126/><D126/><U55/><E22/><V48/><F63/><W39/><G39/><T3/><D3/><U97/><E97/><V74/><F74/><W28/><G28/><T42/><D70/><U13/><E13/><V76/><F76/><N who="3" m="46215" /><G135/><AGARI ba="0,0" hai="41,46,48,50,53,59,88,89,132,133,135" m="1546" machi="135" ten="30,12000,1" yaku="20,1,52,3,54,1" doraHai="131" who="2" fromWho="3" sc="212,0,304,0,219,120,265,-120" />
</Scene>
<Scene>
<INIT seed="6,1,0,5,0,4" ten="212,304,339,145" oya="2" hai0="3,26,56,13,20,18,42,39,131,63,71,130,102" hai1="132,73,10,110,0,133,100,66,80,92,115,91,112" hai2="101,109,93,116,111,33,16,79,125,37,44,59,77" hai3="40,107,106,99,61,51,23,113,129,105,48,134,62"/><V122/><F116/><W117/><G117/><T86/><D3/><U19/><E66/><V119/><F119/><W36/><G36/><T70/><D102/><U50/><E50/><V5/><F122/><W118/><G118/><T74/><D74/><U69/><E69/><V81/><F33/><W72/><G72/><T128/><D86/><N who="1" m="52343" /><E110/><V11/><F125/><W97/><G129/><T108/><D108/><N who="2" m="41546" /><F59/><W28/><G134/><N who="1" m="51818" /><E100/><V114/><F114/><N who="1" m="43561" /><E19/><V120/><F16/><W24/><G113/><T32/><D39/><U104/><E104/><V94/><F101/><W76/><G48/><T57/><D42/><U38/><E38/><V123/><F37/><W21/><G51/><T98/><D98/><U27/><E27/><V82/><F44/><W45/><G45/><T135/><D135/><U96/><E96/><V78/><F123/><W60/><G40/><T1/><D57/><U41/><E41/><V25/><F25/><W121/><G121/><T83/><D71/><U89/><E73/><V6/><F120/><W15/><G99/><T22/><D70/><U8/><E0/><N who="2" m="423" /><F6/><W31/><G106/><T52/><D1/><U14/><E14/><V47/><F47/><W103/><G107/><T43/><D43/><U58/><E58/><V65/><F65/><W64/><G64/><T17/><D32/><U124/><E124/><V12/><F12/><W34/><G15/><T88/><D130/><U84/><AGARI ba="1,0" hai="8,10,80,84,89" m="43561,51818,52343" machi="84" ten="40,8000,1" yaku="20,1,15,1,52,2" doraHai="4" who="1" fromWho="1" sc="212,-21,304,83,339,-41,145,-21" />
</Scene>
<Scene>
<INIT seed="7,0,0,2,4,80" ten="191,387,298,124" oya="3" hai0="22,90,43,9,128,19,33,113,116,57,24,123,89" hai1="67,83,93,110,66,133,68,104,42,69,124,78,27" hai2="2,103,97,45,63,64,48,10,115,15,8,99,76" hai3="117,81,84,127,35,92,79,40,58,109,61,71,88"/><W118/><G35/><T28/><D123/><U41/><E104/><V98/><F2/><W38/><G71/><T134/><D116/><U7/><E110/><V108/><F115/><W60/><G109/><T39/><D113/><U105/><E105/><V130/><F130/><W16/><G127/><T112/><D112/><U129/><E129/><V125/><F125/><W49/><G38/><T72/><D72/><U56/><E124/><V44/><F76/><W53/><G40/><T12/><D128/><U131/><E7/><V74/><F74/><W101/><G101/><T121/><D121/><U54/><E27/><V87/><F45/><W126/><G126/><T100/><D134/><U122/><E93/><V3/><F3/><W62/><REACH who="3" step="1"/><G16/><REACH who="3" ten="191,387,298,114" step="2"/><T18/><D100/><U6/><E69/><V107/><F108/><W52/><G52/><T23/><D33/><U85/><E68/><V102/><F103/><W132/><G132/><T31/><D39/><U14/><E54/><V47/><F102/><W135/><G135/><T94/><D43/><U120/><E42/><V111/><F111/><W11/><G11/><T5/><D31/><U20/><E41/><V25/><F107/><W17/><G17/><T37/><D37/><U21/><E133/><V95/><F8/><W119/><G119/><T77/><D28/><U91/><E131/><V29/><F29/><W13/><G13/><T106/><D106/><U32/><E122/><V30/><F30/><W114/><G114/><T36/><D36/><U96/><E120/><V51/><F15/><W50/><G50/><T65/><D12/><RYUUKYOKU ba="0,1" sc="191,-10,387,-10,298,-10,114,30" hai3="49,53,58,60,61,62,79,81,84,88,92,117,118" />
</Scene>
<Scene>
<INIT seed="7,1,1,5,4,128" ten="181,377,288,144" oya="3" hai0="19,30,67,98,96,66,37,31,16,23,89,34,29" hai1="0,120,88,43,92,87,17,86,113,109,10,112,62" hai2="13,68,57,52,61,79,53,20,106,2,95,5,90" hai3="33,75,32,123,38,70,129,71,126,64,134,132,36"/><W11/><G123/><T107/><D37/><N who="3" m="14441" /><G129/><T104/><D34/><N who="3" m="13417" /><G64/><N who="0" m="24619" /><D23/><U119/><E119/><V103/><F68/><N who="3" m="26155" /><G11/><T72/><D72/><U131/><E120/><V83/><F103/><W25/><G25/><T54/><D54/><U65/><E65/><V111/><F53/><W35/><N who="3" m="13425" /><W114/><DORA hai="127" /><G114/><T60/><D60/><U12/><E113/><V55/><F55/><W15/><G15/><T4/><D4/><U39/><E112/><V115/><F5/><W118/><G118/><T125/><D89/><U101/><E131/><V85/><F90/><W73/><G126/><T42/><D125/><U102/><E88/><V44/><F115/><W93/><G93/><T56/><D56/><U1/><E102/><V94/><F95/><W76/><G76/><T8/><D8/><U46/><E101/><V9/><F94/><W45/><G45/><T63/><D63/><U91/><E62/><V3/><F44/><W122/><G122/><T47/><D47/><U26/><E26/><V40/><F9/><W28/><G28/><T108/><D42/><U78/><E78/><V27/><F40/><W59/><G59/><T18/><D108/><U77/><E109/><V74/><F111/><W50/><G50/><T121/><D121/><U100/><E100/><V58/><F58/><W105/><G105/><AGARI ba="1,1" hai="16,18,19,29,30,31,96,98,104,105,107" m="24619" machi="105" ten="40,5200,0" yaku="28,2,54,1" doraHai="128,127" who="0" fromWho="3" sc="181,65,377,0,288,0,144,-55" owari="246,-15.0,377,47.0,288,9.0,89,-41.0" />
</Scene>
</mjloggm>