<mjloggm ver="2.3"><GO type="169"/><UN n0="%E5%A4%AA%E3%81%8F%E3%81%AA%E3%81%84%E3%81%8A" n1="%6D%61%63%6A%72" n2="%4B%E3%80%82" n3="%E3%81%B3%E3%82%8A%E3%81%B3%E3%82%8A%E2%98%86%E3%83%93%E3%83%AA%E3%83%BC" dan="16,16,16,18" rate="2072,2097,2127,2150" sx="M,M,M,M"/><TAIKYOKU oya="0"/>

<Scene>
<INIT seed="0,0,0,0,2,132" ten="250,250,250,250" oya="0" hai0="94,17,96,99,112,49,88,122,97,83,93,16,31" hai1="107,35,22,26,55,78,37,74,50,19,38,44,10" hai2="4,61,130,86,129,81,65,98,115,40,23,34,48" hai3="43,36,42,90,70,80,126,76,27,9,53,30,131"/><T119/><D122/><U46/><E107/><V85/><F34/><W95/><G70/><T116/><D112/><U110/><E110/><V135/><F115/><W121/><G121/><T72/><D31/><U100/><E100/><V52/><F135/><W103/><G103/><T68/><D68/><U111/><E111/><V7/><F40/><W109/><G109/><T25/><D119/><U45/><E35/><V92/><F23/><W14/><G131/><N who="2" m="50185" /><F65/><W41/><G53/><T127/><D116/><U13/><E74/><V63/><F63/><W128/><G128/><T1/><D1/><U125/><E78/><N who="2" m="46263" /><F86/><W102/><G36/><T3/><D3/><U5/><E38/><V64/><F61/><W106/><G43/><T28/><D49/><U73/><E73/><V123/><F64/><W108/><G42/><T79/><D127/><U77/><E77/><V2/><F2/><W18/><G108/><T118/><D118/><U124/><REACH who="1" step="1"/><E37/><REACH who="1" ten="250,240,250,250" step="2"/><V117/><F117/><W6/><G76/><T47/><D72/><U11/><E11/><V29/><F123/><W84/><G9/><T60/><D79/><U54/><E54/><V8/><F8/><N who="3" m="6471" /><G41/><T57/><D88/><U56/><AGARI ba="0,1" hai="5,10,13,19,22,26,44,45,46,50,55,56,124,125" machi="56" ten="30,7900,0" yaku="1,1,0,1,52,2,53,0" doraHai="132" doraHaiUra="66" who="1" fromWho="1" sc="250,-39,240,89,250,-20,250,-20" />
</Scene>
<Scene>
<INIT seed="1,0,0,4,4,120" ten="211,329,230,230" oya="1" hai0="74,62,98,51,47,13,94,96,43,58,131,29,135" hai1="83,130,89,124,114,4,85,15,128,87,14,100,50" hai2="44,12,21,61,46,32,16,134,70,33,105,24,79" hai3="92,48,10,93,129,116,36,101,67,27,37,56,34"/><U59/><E114/><V86/><F105/><W17/><G129/><N who="1" m="49770" /><E124/><V69/><F134/><W90/><G116/><T1/><D131/><U95/><E4/><V54/><F46/><W75/><G75/><T55/><D1/><U66/><E100/><V91/><F79/><W0/><G101/><T53/><D74/><U30/><E30/><V57/><F44/><W42/><G93/><T65/><D135/><U76/><E66/><V40/><F40/><W119/><G119/><T104/><D104/><U22/><E22/><V5/><F32/><W121/><G121/><T41/><D29/><U110/><E110/><V108/><F108/><W25/><G34/><T113/><D113/><U19/><E19/><V3/><F3/><W109/><G109/><T73/><D73/><U126/><E126/><V112/><F112/><W84/><G0/><T123/><D123/><U28/><E28/><V107/><F107/><W35/><G35/><T102/><D13/><U132/><E132/><V2/><F2/><W82/><G27/><T125/><D125/><U78/><E78/><V99/><F33/><W31/><G31/><T127/><D127/><U81/><E81/><V6/><F6/><W64/><G82/><T68/><REACH who="0" step="1"/><D98/><REACH who="0" ten="201,329,230,230" step="2"/><U9/><E15/><V103/><F12/><N who="3" m="7319" /><G25/><T8/><D8/><U39/><E14/><V38/><F5/><W72/><G72/><T77/><D77/><U49/><E9/><V26/><F26/><W20/><G20/><T115/><D115/><U88/><E76/><V71/><F99/><W106/><G106/><T11/><D11/><U60/><E85/><RYUUKYOKU ba="0,1" sc="201,30,329,-10,230,-10,230,-10" hai0="41,43,47,51,53,55,58,62,65,68,94,96,102" />
</Scene>
<Scene>
<INIT seed="2,1,1,0,0,22" ten="231,319,220,220" oya="2" hai0="38,17,10,112,58,23,33,134,52,69,78,46,60" hai1="13,97,39,11,86,70,123,100,95,116,122,48,124" hai2="42,34,83,98,36,59,127,68,7,85,103,32,55" hai3="130,132,99,82,131,2,67,5,72,105,41,101,128"/><V119/><F119/><W121/><G121/><T107/><D112/><U113/><E39/><V53/><F68/><W30/><G132/><T21/><D33/><U25/><E70/><V133/><F133/><W64/><G41/><T80/><D107/><U45/><E113/><V35/><F127/><W88/><G30/><T71/><D134/><U49/><E116/><V126/><F126/><W125/><G125/><T54/><D10/><U109/><E124/><V16/><F7/><W118/><G118/><T108/><D108/><U26/><E109/><V9/><F36/><W47/><G47/><T29/><D29/><U73/><E73/><V106/><F42/><W129/><G129/><T63/><D38/><U93/><E93/><V12/><REACH who="2" step="1"/><F59/><REACH who="2" ten="231,319,210,220" step="2"/><W111/><G111/><T102/><D69/><U66/><E122/><V56/><F56/><W114/><G114/><T50/><D71/><U92/><E123/><V40/><F40/><W37/><G37/><T84/><D102/><U4/><E45/><V96/><F96/><W62/><G101/><T24/><D23/><U51/><E66/><V135/><F135/><W43/><G67/><T0/><D0/><U6/><E4/><V19/><F19/><W117/><G5/><T75/><D75/><U87/><E87/><V120/><F120/><W65/><G72/><T77/><D63/><U94/><E86/><V3/><F3/><W110/><G2/><T115/><D115/><U27/><AGARI ba="1,2" hai="6,11,13,25,26,27,48,49,51,92,94,95,97,100" machi="27" ten="30,8000,1" yaku="0,1,8,1,52,3" doraHai="22" who="1" fromWho="1" sc="231,-21,319,103,210,-41,220,-21" />
</Scene>
<Scene>
<INIT seed="3,0,0,4,3,15" ten="210,422,169,199" oya="3" hai0="53,101,91,44,24,113,51,104,19,62,65,50,20" hai1="5,68,38,126,102,36,73,59,8,45,78,33,25" hai2="55,130,132,96,85,107,109,12,118,26,72,119,66" hai3="10,39,123,124,40,86,7,52,125,69,35,79,110"/><W16/><G123/><T23/><D113/><U56/><E68/><V88/><F72/><W2/><G69/><T42/><D104/><U58/><E126/><N who="3" m="48746" /><G35/><T97/><D91/><U9/><E102/><V115/><F115/><W94/><G110/><T90/><D90/><U0/><E78/><V89/><F109/><W22/><G52/><T41/><D50/><U67/><E67/><V3/><F3/><W30/><G30/><T75/><D75/><U31/><E73/><V37/><F37/><W100/><G100/><T111/><D111/><U83/><E45/><V120/><F66/><W82/><G94/><N who="0" m="58551" /><D23/><U76/><E36/><V95/><F55/><W84/><G82/><T133/><D133/><U11/><E38/><V103/><F120/><W32/><G32/><T49/><D49/><U6/><E0/><V128/><F132/><W92/><G92/><T28/><D28/><U116/><E83/><N who="2" m="49215" /><F26/><N who="3" m="14663" /><G79/><T17/><D65/><U105/><E76/><V108/><F108/><W70/><G70/><T57/><D42/><U74/><E74/><V18/><F95/><W71/><G71/><T87/><D87/><U46/><E105/><V14/><F89/><W29/><G29/><T81/><D81/><U34/><E33/><V1/><F119/><W21/><G21/><T13/><D24/><U129/><E116/><V54/><F118/><W121/><G121/><T63/><D63/><U99/><E99/><V114/><F114/><W135/><G135/><T27/><D27/><U48/><E25/><V117/><F117/><W112/><G112/><T127/><D127/><U98/><E34/><RYUUKYOKU ba="0,0" sc="210,15,422,-15,169,-15,199,15" hai0="13,17,19,20,41,44,51,53,57,62" hai3="2,7,10,39,40,84,86" />
</Scene>
<Scene>
<INIT seed="3,1,0,0,4,13" ten="225,407,154,214" oya="3" hai0="36,54,68,23,7,99,34,84,15,80,58,35,17" hai1="117,87,9,47,109,81,51,24,135,113,83,45,41" hai2="74,118,76,69,52,65,20,60,38,29,73,95,125" hai3="86,88,42,43,66,46,5,100,33,28,124,11,92"/><W56/><G56/><T122/><D122/><U98/><E113/><V48/><F118/><W63/><G124/><T50/><D36/><U67/><E117/><V79/><F38/><W31/><G33/><T26/><D68/><U72/><E109/><V75/><F125/><W131/><G131/><T101/><D7/><U77/><E135/><V132/><F132/><W2/><G43/><T10/><D10/><U123/><E123/><V0/><F0/><W27/><G27/><T21/><D99/><U78/><E67/><V115/><F95/><W85/><G100/><T25/><D101/><U70/><E70/><V108/><F108/><W133/><G133/><T61/><D61/><U121/><E121/><V94/><F94/><W44/><G44/><T104/><D104/><U119/><E119/><V37/><F37/><W96/><G63/><T55/><D55/><U105/><E9/><V90/><F90/><W1/><G66/><T89/><REACH who="0" step="1"/><D15/><REACH who="0" ten="215,407,154,214" step="2"/><U14/><E14/><V59/><F115/><W30/><G2/><T130/><D130/><U129/><E98/><V82/><F76/><W53/><G53/><T93/><D93/><U134/><E105/><V19/><REACH who="2" step="1"/><F29/><AGARI ba="1,1" hai="17,21,23,25,26,29,34,35,50,54,58,80,84,89" machi="29" ten="30,3900,0" yaku="1,1,7,1,52,1,53,0" doraHai="13" doraHaiUra="64" who="0" fromWho="2" sc="215,52,407,0,154,-42,214,0" />
</Scene>
<Scene>
<INIT seed="4,0,0,1,0,116" ten="267,407,112,214" oya="0" hai0="103,74,61,123,30,28,11,130,121,90,109,23,72" hai1="27,84,117,85,82,115,46,45,128,102,93,51,89" hai2="36,4,87,127,24,96,26,65,1,76,0,62,57" hai3="120,106,86,21,32,126,99,110,53,79,50,39,64"/><T135/><D103/><U112/><E117/><V41/><F127/><W113/><G110/><T7/><D61/><U111/><E111/><V114/><F114/><N who="1" m="43561" /><E128/><V129/><F129/><W33/><G39/><T83/><D130/><U48/><E27/><V15/><F96/><W134/><G99/><T104/><D104/><U17/><E17/><V105/><F105/><W5/><G106/><T12/><D109/><U100/><E51/><V95/><F36/><W118/><G50/><T97/><D135/><U52/><E46/><V8/><F41/><W108/><G108/><T68/><D68/><U9/><E9/><V10/><F1/><W60/><G60/><T131/><D131/><U55/><E55/><V70/><F70/><W133/><G134/><T124/><D124/><U66/><E66/><V35/><F35/><W3/><G126/><T98/><D30/><U92/><E92/><V43/><F43/><W78/><G133/><T77/><D74/><U69/><E69/><V6/><F95/><W101/><G118/><T34/><D34/><U63/><E63/><V132/><F132/><W81/><G33/><T73/><D72/><U22/><E22/><V75/><F75/><W18/><G32/><T44/><D44/><U49/><E49/><V38/><F38/><W40/><G113/><T80/><D28/><U2/><E2/><V58/><F58/><W91/><G3/><T88/><D23/><U16/><E16/><V25/><F25/><W56/><G21/><T59/><D59/><U67/><E67/><V119/><F119/><W94/><G56/><T14/><D73/><RYUUKYOKU ba="0,0" sc="267,-15,407,15,112,15,214,-15" hai1="45,48,52,82,84,85,89,93,100,102" hai2="0,4,6,8,10,15,24,26,57,62,65,76,87" />
</Scene>
<Scene>
<INIT seed="5,1,0,4,4,29" ten="252,422,127,199" oya="1" hai0="120,76,94,97,106,56,44,46,31,109,20,130,126" hai1="125,0,117,121,3,12,114,122,111,50,21,36,95" hai2="15,78,23,74,13,38,103,79,91,47,132,28,135" hai3="27,86,70,93,98,81,42,43,69,57,75,90,62"/><U25/><E36/><V33/><F103/><W104/><G70/><T116/><D109/><U83/><E83/><V87/><F38/><W22/><G69/><T61/><D116/><U18/><E95/><V55/><F47/><W84/><G75/><T2/><D2/><N who="1" m="555" /><E50/><V133/><F55/><W105/><G105/><T113/><D106/><U107/><E107/><V118/><F118/><W51/><G104/><T52/><D76/><N who="2" m="29226" /><F74/><W131/><G131/><T8/><D130/><U89/><E89/><V40/><F40/><N who="3" m="15403" /><G51/><T80/><D80/><U101/><E101/><V88/><F23/><W4/><G4/><T1/><D120/><U59/><E59/><V77/><N who="2" m="29234" /><V58/><DORA hai="112" /><F58/><W96/><G81/><T64/><D44/><U134/><E117/><V124/><F124/><W73/><G73/><T32/><D126/><U26/><E125/><V11/><F11/><W128/><G128/><T9/><D9/><N who="1" m="6415" /><E111/><V108/><F108/><W60/><G57/><T24/><D46/><U100/><E100/><V115/><F91/><W16/><G98/><T48/><D97/><U67/><E67/><V5/><F5/><W82/><G96/><T35/><D64/><U54/><E54/><V6/><F6/><W45/><G45/><T41/><D52/><U19/><E21/><V85/><F85/><W10/><G10/><T30/><D41/><U7/><E7/><V72/><F72/><W53/><G53/><T37/><D8/><U127/><E127/><V66/><F66/><W14/><G86/><T123/><D37/><U92/><E121/><V65/><F65/><RYUUKYOKU ba="1,0" sc="252,0,422,0,127,0,199,0" />
</Scene>
<Scene>
<INIT seed="6,2,0,1,4,126" ten="252,422,127,199" oya="2" hai0="1,75,103,13,62,113,28,84,121,110,34,88,66" hai1="15,39,45,47,128,76,40,70,106,109,104,90,116" hai2="21,59,8,48,115,107,65,56,79,112,120,101,16" hai3="67,132,18,32,52,35,135,9,134,50,31,77,91"/><V130/><F120/><W58/><G77/><T0/><D121/><U119/><E109/><V51/><F79/><W7/><G18/><T102/><D110/><U17/><E70/><V80/><F80/><W78/><G78/><T71/><D75/><U133/><E76/><V124/><F8/><W92/><G31/><T30/><D113/><N who="2" m="43594" /><F130/><W23/><G23/><T123/><D123/><U2/><E128/><V44/><F124/><W3/><REACH who="3" step="1"/><G67/><REACH who="3" ten="252,422,127,189" step="2"/><T99/><D30/><U33/><E17/><V93/><F107/><W125/><G125/><T85/><D28/><U53/><E104/><V81/><F81/><W36/><G36/><T41/><D66/><U60/><E39/><V86/><F65/><W129/><G129/><T95/><D34/><U74/><E33/><V97/><F86/><AGARI ba="2,1" hai="3,7,9,32,35,50,52,58,86,91,92,132,134,135" machi="86" ten="40,5200,0" yaku="1,1,20,1,54,1,53,0" doraHai="126" doraHaiUra="42" who="3" fromWho="2" sc="252,0,422,0,127,-58,189,68" />
</Scene>
<Scene>
<INIT seed="7,0,0,5,4,100" ten="252,422,69,257" oya="3" hai0="110,101,78,33,132,36,116,52,88,20,90,16,35" hai1="81,4,51,112,79,66,118,121,57,128,48,89,131" hai2="130,86,49,59,10,127,117,70,56,125,3,93,27" hai3="62,6,38,67,17,91,107,114,104,29,77,18,71"/><W82/><G38/><T0/><D110/><U65/><E121/><V42/><F117/><W2/><G114/><T96/><D116/><U74/><E118/><V53/><F27/><W113/><G113/><T72/><D0/><U85/><E4/><V54/><F10/><N who="3" m="2391" /><G91/><T97/><D36/><U44/><E112/><V63/><F3/><W64/><G18/><T95/><D132/><U120/><E120/><V1/><F1/><W129/><G17/><T76/><D52/><N who="1" m="31903" /><E74/><V45/><F86/><W69/><G29/><T5/><D5/><U34/><E34/><V122/><F93/><W106/><G129/><N who="1" m="49738" /><E89/><V68/><F130/><W84/><G77/><T124/><D124/><U133/><E133/><V13/><F13/><W43/><G67/><T11/><D11/><U99/><E99/><V111/><F111/><W28/><G64/><T103/><D72/><U9/><E9/><V31/><F31/><W94/><G28/><T134/><D134/><U47/><E47/><V15/><F15/><W75/><G75/><T19/><D20/><U22/><E22/><V26/><F26/><W80/><G84/><T25/><D25/><U58/><E58/><V46/><F122/><W39/><G71/><T24/><D24/><U123/><E123/><V61/><REACH who="2" step="1"/><F49/><REACH who="2" ten="252,422,59,257" step="2"/><W135/><G135/><T12/><D12/><U87/><E87/><V55/><F55/><AGARI ba="0,1" hai="44,48,55,65,66,79,81,85" m="49738,31903" machi="55" ten="30,2000,0" yaku="19,1,54,1" doraHai="100" who="1" fromWho="2" sc="252,0,422,30,59,-20,257,0" owari="252,-15.0,452,55.0,39,-46.0,257,6.0" />
</Scene>
</mjloggm>