<mjloggm ver="2.3"><GO type="169" lobby="0"/><UN n0="%E3%81%86%E3%81%8D%E3%81%A7%E3%82%93" n1="%E5%A4%AA%E3%81%8F%E3%81%AA%E3%81%84%E3%81%8A" n2="%E3%83%9F%E3%83%A9%E3%82%AF%E3%83%AB%E3%81%8A%E3%81%98%E3%81%95%E3%82%93" n3="%E3%81%B3%E3%82%8A%E3%81%B3%E3%82%8A%E2%98%86%E3%83%93%E3%83%AA%E3%83%BC" dan="16,17,17,18" rate="2045.69,2171.74,2170.12,2206.29" sx="M,M,M,M"/><TAIKYOKU oya="0"/>

<Scene>
<INIT seed="0,0,0,1,3,80" ten="250,250,250,250" oya="0" hai0="127,7,108,119,9,93,116,11,30,91,10,122,22" hai1="46,6,74,106,13,79,102,52,128,0,129,68,135" hai2="38,24,20,59,65,44,123,26,114,23,118,53,109" hai3="121,105,5,100,60,35,134,133,62,89,34,99,86"/><T55/><D122/><U98/><E68/><V115/><F123/><W54/><G5/><T47/><D127/><U45/><E0/><V63/><F109/><W67/><G121/><T95/><D108/><U90/><E135/><N who="3" m="51722" /><G54/><T87/><D7/><U33/><E33/><N who="3" m="12298" /><G67/><T1/><D1/><U97/><E74/><V40/><F118/><W113/><G113/><T14/><D95/><AGARI ba="0,0" hai="60,62,86,89,95,99,100,105" m="12298,51722" machi="95" ten="30,2000,0" yaku="20,1,52,1" doraHai="80" who="3" fromWho="0" sc="250,-20,250,0,250,0,250,20" />
</Scene>
<Scene>
<INIT seed="1,0,0,1,3,61" ten="230,250,250,270" oya="1" hai0="68,121,64,7,77,63,92,91,29,123,25,40,51" hai1="120,0,78,22,1,27,113,132,52,127,110,75,101" hai2="114,111,116,49,95,47,89,125,128,9,4,90,19" hai3="13,94,122,33,73,37,56,54,41,62,50,66,118"/><U12/><E120/><N who="0" m="46153" /><D77/><U5/><E113/><V72/><F116/><W6/><G122/><T43/><D7/><U28/><E101/><V107/><F107/><W30/><G73/><T8/><D8/><N who="1" m="4111" /><E78/><V84/><F72/><W96/><G118/><T135/><D135/><U10/><E52/><V74/><F74/><W117/><G117/><T81/><D81/><U24/><E75/><V88/><F114/><W71/><G6/><T46/><D51/><U126/><E132/><V85/><F111/><W80/><G80/><T11/><D11/><U21/><E110/><V97/><F125/><N who="1" m="47625" /><E10/><V36/><F9/><W103/><G13/><T32/><D46/><U48/><E48/><V53/><F49/><W93/><G37/><T23/><D23/><U55/><E55/><V16/><F53/><W57/><G41/><T133/><D133/><U98/><E98/><AGARI ba="0,0" hai="25,29,32,40,43,63,64,68,91,92,98" m="46153" machi="98" ten="30,2000,0" yaku="13,1,52,1" doraHai="61" who="0" fromWho="1" sc="230,20,250,-20,250,0,270,0" />
</Scene>
<Scene>
<INIT seed="2,0,0,3,2,13" ten="250,230,250,270" oya="2" hai0="45,41,84,7,133,75,6,73,21,108,40,3,23" hai1="97,102,124,119,98,85,76,135,19,34,79,59,68" hai2="126,107,35,122,37,57,89,129,80,17,33,61,11" hai3="100,22,81,111,43,87,106,1,72,92,46,2,31"/><V0/><F122/><W114/><G111/><T121/><D121/><U123/><E68/><V39/><F107/><W58/><G114/><T105/><D105/><U103/><E123/><V54/><F129/><W74/><G106/><T130/><D108/><U10/><E34/><V18/><F126/><W115/><G115/><T12/><D3/><U70/><E70/><V44/><F33/><W9/><G74/><T65/><D65/><U64/><E119/><V109/><F109/><W112/><G72/><T67/><D67/><U116/><E116/><V128/><F128/><W86/><G112/><T25/><D12/><N who="1" m="7575" /><E135/><V99/><F35/><W32/><G2/><T93/><D75/><U94/><E85/><V52/><F37/><W117/><G1/><T50/><D84/><U66/><E124/><V8/><F39/><W63/><G87/><T60/><D73/><U90/><E98/><V48/><F0/><W69/><G86/><T88/><D133/><U113/><E113/><V78/><F78/><N who="1" m="29737" /><E66/><V96/><F80/><W77/><G81/><T118/><D118/><U47/><E47/><V132/><F132/><W125/><G125/><T127/><D45/><U71/><E71/><V5/><F99/><W51/><G69/><T36/><D36/><U53/><E64/><V49/><F61/><AGARI ba="0,0" hai="53,59,61,90,94,97,102,103" m="29737,7575" machi="61" ten="30,2000,0" yaku="8,1,52,1" doraHai="13" who="1" fromWho="2" sc="250,0,230,20,250,-20,270,0" />
</Scene>
<Scene>
<INIT seed="3,0,0,1,0,26" ten="250,250,230,270" oya="3" hai0="95,88,72,25,58,20,1,66,68,2,132,55,8" hai1="92,36,74,93,52,84,110,21,41,118,75,0,23" hai2="125,3,67,64,122,126,96,16,77,117,24,48,63" hai3="30,76,71,97,70,108,82,90,6,43,61,65,13"/><W47/><G108/><T111/><D111/><U49/><E0/><V91/><F117/><W124/><G124/><T35/><D35/><U123/><E110/><V9/><F122/><W27/><G71/><T100/><D72/><U107/><E107/><V86/><F48/><W53/><G53/><T94/><D132/><U4/><E4/><V56/><F67/><W33/><G6/><T12/><D100/><U89/><E123/><V60/><F63/><W29/><G13/><T37/><D95/><U11/><E11/><V128/><F128/><W73/><G97/><N who="0" m="57543" /><D37/><U62/><E93/><V38/><F96/><W14/><G90/><T106/><D106/><U44/><E118/><V129/><F38/><W50/><REACH who="3" step="1"/><G14/><REACH who="3" ten="250,250,230,260" step="2"/><T116/><D116/><U112/><E89/><V103/><F91/><W42/><G42/><T133/><D68/><U22/><E41/><V46/><F126/><W121/><G121/><T57/><D55/><U81/><E52/><V135/><F125/><W18/><G18/><T109/><D12/><U32/><E62/><V127/><F60/><W131/><G131/><T31/><D109/><U5/><E5/><V99/><F129/><W114/><G114/><T134/><D134/><U39/><E112/><V69/><F135/><W87/><G87/><T28/><D133/><U45/><E84/><V120/><F86/><W7/><G7/><T40/><D40/><U51/><E75/><V102/><F127/><W10/><G10/><T98/><D8/><U80/><E74/><V19/><F9/><W101/><G101/><T83/><D1/><U104/><E80/><RYUUKYOKU ba="0,1" sc="250,-10,250,-10,230,-10,260,30" hai3="27,29,30,33,43,47,50,61,65,70,73,76,82" />
</Scene>
<Scene>
<INIT seed="3,1,1,0,3,131" ten="240,240,220,290" oya="3" hai0="28,107,135,16,71,24,39,9,44,43,110,133,55" hai1="74,36,87,94,85,81,4,48,3,78,26,42,77" hai2="125,61,100,103,45,112,86,106,73,101,53,68,93" hai3="19,7,134,105,82,15,30,56,0,6,25,116,111"/><W84/><G116/><T119/><D119/><U89/><E48/><V18/><F112/><W109/><G105/><T31/><D110/><N who="3" m="41993" /><G0/><T80/><D71/><U12/><E12/><V132/><F73/><W65/><G134/><N who="0" m="51211" /><D107/><U104/><E26/><V5/><F68/><W1/><G1/><T124/><D124/><U114/><E114/><V72/><F125/><W59/><G65/><T32/><D31/><U95/><E104/><V29/><F106/><W129/><G129/><T121/><D121/><U27/><E27/><V128/><F29/><W88/><G7/><T130/><D130/><U60/><E4/><V50/><F5/><W66/><G66/><T108/><D108/><U23/><E74/><V58/><F72/><W75/><G75/><T14/><D55/><U41/><E3/><V49/><F53/><W92/><G6/><T79/><D80/><U54/><E81/><V34/><F128/><W76/><G82/><T117/><D117/><U52/><E54/><V64/><F132/><W33/><G76/><AGARI ba="1,1" hai="9,14,16,24,28,32,39,43,44,76,79" m="51211" machi="76" ten="30,8000,1" yaku="20,1,52,3,54,1" doraHai="131" who="0" fromWho="3" sc="240,93,240,0,220,0,290,-83" />
</Scene>
<Scene>
<INIT seed="4,0,0,3,0,69" ten="333,240,220,207" oya="0" hai0="38,41,55,21,117,67,119,26,6,35,28,63,16" hai1="12,45,82,3,108,1,128,106,122,112,109,74,118" hai2="22,99,13,8,87,31,84,2,52,93,102,130,27" hai3="54,81,37,44,86,135,14,125,116,133,111,77,71"/><T58/><D6/><U48/><E106/><V92/><F130/><W113/><G111/><T107/><D107/><U73/><E12/><V110/><F110/><W47/><G71/><T49/><D41/><U46/><E48/><V57/><F93/><W9/><G116/><T24/><REACH who="0" step="1"/><D38/><REACH who="0" ten="323,240,220,207" step="2"/><U94/><E109/><V4/><REACH who="2" step="1"/><F2/><REACH who="2" ten="323,240,210,207" step="2"/><W43/><G135/><T7/><D7/><U34/><E3/><V91/><F91/><W59/><G133/><T89/><D89/><U104/><E1/><V25/><F25/><W70/><G113/><T18/><D18/><U83/><E108/><V0/><F0/><W30/><G125/><T98/><D98/><U105/><E112/><V127/><F127/><W20/><G30/><T19/><D19/><U53/><E105/><V121/><F121/><W115/><G115/><T76/><D76/><U80/><E104/><V114/><F114/><W32/><G77/><T50/><D50/><AGARI ba="0,2" hai="4,8,13,22,27,31,50,52,57,84,87,92,99,102" machi="50" ten="30,7700,0" yaku="1,1,7,1,8,1,54,1,53,0" doraHai="69" doraHaiUra="131" who="2" fromWho="0" sc="323,-77,240,0,210,97,207,0" />
</Scene>
<Scene>
<INIT seed="5,0,0,5,0,54" ten="246,240,307,207" oya="1" hai0="30,97,36,133,68,56,40,58,44,96,72,128,45" hai1="11,82,55,4,84,64,32,108,66,122,86,48,53" hai2="6,114,26,80,38,111,51,67,123,73,1,129,81" hai3="3,43,28,125,65,121,109,110,113,5,62,21,15"/><U18/><E122/><V41/><F51/><W57/><G121/><T69/><D72/><U39/><E39/><V49/><F49/><W130/><G3/><T100/><D30/><U37/><E37/><V92/><F92/><W31/><G43/><T75/><D75/><U24/><E108/><V90/><F90/><W17/><G113/><T22/><D22/><N who="1" m="13399" /><E32/><V33/><F81/><W127/><G5/><T105/><D133/><U16/><E4/><V118/><F6/><W63/><G130/><T98/><D128/><U71/><E71/><V79/><F129/><W12/><G12/><T47/><D36/><U131/><E55/><V25/><F38/><W78/><G78/><T115/><D40/><U99/><E99/><V46/><F79/><W29/><REACH who="3" step="1"/><G63/><REACH who="3" ten="246,240,307,197" step="2"/><T27/><D115/><U85/><E131/><V117/><F114/><W88/><G88/><T14/><D14/><N who="1" m="7263" /><E82/><V135/><F80/><W0/><G0/><T126/><D100/><U76/><E76/><V42/><F1/><W20/><G20/><T116/><D27/><U107/><E107/><V83/><F25/><W102/><G102/><T34/><D105/><U93/><E93/><V2/><F26/><W77/><G77/><T106/><D106/><U9/><E9/><V134/><F41/><W124/><AGARI ba="0,1" hai="15,17,21,28,29,31,57,62,65,109,110,124,125,127" machi="124" ten="40,8000,1" yaku="1,1,0,1,18,1,52,1,53,0" doraHai="54" doraHaiUra="89" who="3" fromWho="3" sc="246,-20,240,-40,307,-20,197,90" />
</Scene>
<Scene>
<INIT seed="6,0,0,2,5,47" ten="226,200,287,287" oya="2" hai0="30,105,119,71,70,99,75,89,13,10,44,102,50" hai1="49,109,42,98,56,41,124,100,31,126,15,8,110" hai2="35,86,128,28,120,87,66,73,32,95,103,116,21" hai3="67,9,93,76,81,130,52,115,20,19,108,122,25"/><V54/><F116/><W55/><G108/><N who="1" m="41578" /><E31/><V63/><F120/><W1/><G122/><T133/><D119/><U12/><E56/><V84/><F73/><W134/><G134/><T27/><D133/><U58/><E58/><V3/><F3/><W96/><G130/><T64/><D75/><U123/><E123/><V33/><F128/><W125/><G115/><T83/><D64/><U88/><E88/><V107/><F107/><W57/><G125/><N who="1" m="48234" /><E49/><V94/><F28/><W82/><G67/><T4/><D89/><U51/><E51/><V39/><F66/><W101/><G76/><T131/><D83/><U6/><E15/><V117/><F117/><W7/><G55/><T36/><D131/><U74/><E74/><V111/><F54/><W43/><G43/><T91/><D91/><U113/><E113/><V37/><F111/><W85/><G85/><T106/><D106/><AGARI ba="0,0" hai="6,8,12,41,42,98,100,106" m="48234,41578" machi="106" ten="30,1000,0" yaku="18,1" doraHai="47" who="1" fromWho="0" sc="226,-10,200,10,287,0,287,0" />
</Scene>
<Scene>
<INIT seed="7,0,0,2,4,93" ten="216,210,287,287" oya="3" hai0="79,120,5,12,111,73,43,63,76,115,54,126,119" hai1="94,104,81,114,31,15,95,65,110,109,72,96,53" hai2="107,20,26,62,69,105,10,6,117,129,116,78,34" hai3="29,106,11,121,128,55,99,127,42,103,68,35,7"/><W92/><G121/><T74/><D120/><U22/><E65/><V91/><F129/><W83/><G128/><T77/><D119/><U70/><E70/><V87/><F78/><W124/><G68/><T17/><D111/><N who="1" m="42507" /><E53/><V85/><F34/><W80/><G106/><T32/><D126/><N who="3" m="48169" /><G42/><T101/><D115/><U47/><E15/><V133/><F133/><W135/><G135/><T49/><D32/><U84/><E22/><V58/><F20/><W39/><G39/><T24/><D24/><U40/><E47/><V38/><F26/><N who="3" m="18871" /><G55/><T56/><D101/><N who="1" m="62503" /><E31/><V48/><F69/><W16/><G16/><T45/><REACH who="0" step="1"/><D5/><REACH who="0" ten="206,210,287,287" step="2"/><U131/><E131/><V98/><F6/><W1/><AGARI ba="0,1" hai="1,7,11,80,83,92,99,103" m="18871,48169" machi="1" ten="30,3000,0" yaku="18,1,52,1" doraHai="93" who="3" fromWho="3" sc="206,-10,210,-10,287,-10,287,40" owari="196,-30.0,200,-20.0,277,8.0,327,42.0" />
</Scene>
</mjloggm>