<mjloggm ver="2.3"><GO type="169"/><UN n0="%E5%A4%AA%E3%81%8F%E3%81%AA%E3%81%84%E3%81%8A" n1="%48%41%52%45%4D" n2="%6D%61%63%6A%72" n3="%E3%81%8F%E3%82%89%E3%81%8F%E3%82%89" dan="18,16,17,16" rate="2186,2082,2150,2093" sx="M,M,F,M"/><TAIKYOKU oya="0"/>

<Scene>
<INIT seed="0,0,0,1,2,133" ten="250,250,250,250" oya="0" hai0="55,124,99,78,72,127,44,51,107,17,19,109,1" hai1="122,15,6,22,43,28,60,97,81,111,84,12,2" hai2="8,129,63,45,41,73,83,27,132,89,101,74,105" hai3="20,88,134,47,90,82,71,110,103,96,53,5,7"/><T4/><D109/><U79/><E111/><V130/><F132/><W58/><G134/><T64/><D64/><U52/><E122/><V54/><F101/><W92/><G71/><T125/><D1/><U135/><E135/><V62/><F105/><W128/><G47/><T76/><D4/><U67/><E43/><V131/><F8/><W119/><G119/><T48/><D48/><U93/><E2/><V94/><F27/><W75/><G128/><T98/><D98/><U31/><E6/><V16/><F16/><N who="0" m="6218" /><D72/><U50/><E60/><V116/><F116/><W108/><G108/><T104/><D99/><U56/><E67/><V70/><F70/><W126/><G110/><T34/><D34/><U100/><REACH who="1" step="1"/><E31/><REACH who="1" ten="250,240,250,250" step="2"/><V40/><F63/><W123/><G5/><T80/><D80/><U11/><E11/><V87/><F83/><W102/><G7/><T36/><D36/><U29/><E29/><V32/><F62/><W57/><G82/><T35/><D35/><U13/><E13/><V61/><F32/><W118/><G118/><T120/><D120/><U69/><E69/><V95/><F61/><W121/><G121/><T18/><D18/><U30/><E30/><V14/><F14/><W114/><G123/><T113/><D113/><U38/><E38/><V106/><F129/><W21/><G114/><T68/><D68/><U65/><E65/><V3/><F3/><W46/><G53/><T25/><D25/><AGARI ba="0,1" hai="12,15,22,25,28,50,52,56,79,81,84,93,97,100" machi="25" ten="40,8000,1" yaku="1,1,8,1,54,1,53,1" doraHai="133" doraHaiUra="24" who="1" fromWho="0" sc="250,-80,240,90,250,0,250,0" />
</Scene>
<Scene>
<INIT seed="1,0,0,3,5,4" ten="170,330,250,250" oya="1" hai0="108,78,51,114,2,30,23,13,98,53,103,43,34" hai1="37,31,6,68,80,50,60,125,84,91,49,48,116" hai2="66,18,115,54,25,130,97,73,128,105,129,110,69" hai3="71,62,76,89,22,55,106,83,32,82,133,8,90"/><U122/><E122/><V52/><F73/><W132/><G32/><T92/><D114/><U24/><E116/><V131/><F128/><W67/><G22/><T46/><D2/><U0/><E37/><V109/><F115/><W20/><G20/><T113/><D113/><U36/><E36/><V26/><F66/><W102/><G55/><N who="2" m="21033" /><F69/><W15/><G106/><T74/><D108/><N who="2" m="41578" /><F18/><N who="3" m="8551" /><G102/><AGARI ba="0,0" hai="25,26,97,102,105,129,130,131" m="41578,21033" machi="102" ten="40,5200,0" yaku="19,1,14,1,54,1" doraHai="4" who="2" fromWho="3" sc="170,0,330,0,250,52,250,-52" />
</Scene>
<Scene>
<INIT seed="2,0,0,1,1,16" ten="170,330,302,198" oya="2" hai0="56,26,52,24,12,4,18,83,111,122,39,41,134" hai1="90,55,72,104,62,115,36,30,10,54,37,129,31" hai2="93,6,86,102,38,77,46,127,59,123,116,47,95" hai3="53,25,27,84,130,107,42,128,3,61,11,7,1"/><V21/><F116/><W109/><G107/><T78/><D122/><U9/><E115/><V80/><F123/><W63/><G42/><T105/><D105/><U65/><E104/><V88/><F127/><W135/><G109/><T14/><D111/><U51/><E90/><V92/><F102/><W110/><G110/><T60/><D134/><U91/><E91/><V97/><F6/><W108/><G108/><T117/><D117/><U19/><E72/><V5/><F5/><W45/><G84/><T68/><D68/><U100/><E100/><N who="2" m="60455" /><F38/><W23/><G135/><T131/><D131/><N who="3" m="50217" /><G3/><T49/><D39/><U64/><E129/><V13/><F59/><W82/><G27/><T87/><D12/><U0/><E19/><N who="2" m="10479" /><F95/><W121/><G82/><T50/><D4/><U125/><E125/><V103/><F103/><W124/><G124/><T79/><D79/><U33/><E33/><V69/><F69/><W17/><G121/><T133/><D133/><U2/><E51/><AGARI ba="0,0" hai="1,7,11,17,23,25,45,51,53,61,63" m="50217" machi="51" ten="30,2000,0" yaku="19,1,52,1" doraHai="16" who="3" fromWho="1" sc="170,0,330,-20,302,0,198,20" />
</Scene>
<Scene>
<INIT seed="3,0,0,4,3,39" ten="170,310,302,218" oya="3" hai0="98,94,15,58,66,35,18,113,82,105,104,30,88" hai1="29,120,100,101,134,110,4,12,112,77,37,63,10" hai2="56,59,92,65,8,55,51,68,132,9,85,131,11" hai3="44,73,41,83,130,13,93,42,20,61,114,97,48"/><W84/><G73/><T95/><D113/><U60/><E37/><V52/><F131/><W19/><G114/><T28/><D82/><U86/><E112/><V38/><F132/><W64/><G130/><T129/><D129/><U99/><E134/><V27/><F38/><W72/><G72/><T3/><D3/><U71/><E110/><V76/><F68/><W54/><G61/><N who="1" m="23626" /><E71/><V116/><F116/><W111/><G64/><T24/><D66/><U106/><E106/><V122/><F122/><W79/><G111/><T0/><D0/><U102/><E29/><V135/><F135/><W74/><G74/><T96/><D58/><U49/><E120/><V7/><F27/><W45/><G45/><T69/><D28/><U80/><E99/><V67/><F7/><W87/><G87/><T91/><REACH who="0" step="1"/><D69/><REACH who="0" ten="160,310,302,218" step="2"/><U89/><E77/><V126/><F76/><W57/><REACH who="3" step="1"/><G57/><REACH who="3" ten="160,310,302,208" step="2"/><T115/><D115/><U46/><E46/><N who="2" m="27767" /><F67/><W31/><G31/><T62/><D62/><U81/><E49/><V14/><F65/><W47/><G47/><T6/><D6/><U119/><E119/><V5/><F5/><W23/><G23/><AGARI ba="0,2" hai="15,18,23,24,30,35,88,91,94,95,96,98,104,105" machi="23" ten="30,12000,2" yaku="1,1,7,1,9,1,54,1,53,2" doraHai="39" doraHaiUra="90" who="0" fromWho="3" sc="160,140,310,0,302,0,208,-120" />
</Scene>
<Scene>
<INIT seed="4,0,0,1,5,128" ten="300,310,302,88" oya="0" hai0="28,100,23,106,56,104,44,120,33,45,57,30,88" hai1="60,119,63,127,130,15,22,111,75,66,99,108,102" hai2="9,26,107,27,69,82,71,1,126,13,85,49,96" hai3="90,110,40,42,135,94,48,74,46,47,134,103,16"/><T98/><D120/><U93/><E119/><V124/><F1/><W95/><G74/><T36/><D33/><U29/><E130/><V80/><F69/><W101/><G110/><T39/><D23/><U17/><E75/><V53/><F71/><W62/><G62/><T91/><D98/><U68/><E127/><V0/><F0/><W73/><G73/><T114/><REACH who="0" step="1"/><D100/><REACH who="0" ten="290,310,302,88" step="2"/><U7/><E29/><V112/><F96/><W51/><G90/><T77/><D77/><U4/><E111/><V125/><F125/><W84/><G84/><T97/><D97/><U58/><E108/><V129/><F85/><W86/><G86/><T78/><D78/><U52/><AGARI ba="0,1" hai="4,7,15,17,22,52,58,60,63,66,68,93,99,102" machi="52" ten="20,2700,0" yaku="0,1,7,1,54,1" doraHai="128" who="1" fromWho="1" sc="290,-13,310,37,302,-7,88,-7" />
</Scene>
<Scene>
<INIT seed="5,0,0,0,4,0" ten="277,347,295,81" oya="1" hai0="87,16,24,37,100,114,22,12,9,72,57,40,78" hai1="132,101,2,105,113,26,110,6,56,106,27,109,133" hai2="65,102,62,38,119,67,25,83,31,115,131,86,13" hai3="41,130,81,48,125,42,73,51,124,3,120,52,64"/><U77/><E77/><V79/><F119/><W76/><G3/><T96/><D114/><U128/><E113/><V53/><F115/><W33/><G33/><T99/><D72/><U23/><E128/><V69/><F131/><W85/><G130/><T32/><D32/><U75/><E75/><V68/><F38/><W17/><G17/><T29/><D57/><U44/><E56/><V103/><F53/><W60/><G120/><T111/><D111/><N who="1" m="42507" /><E44/><V118/><F118/><W15/><G15/><T108/><D108/><U91/><E91/><V127/><F127/><W71/><G73/><T92/><D96/><N who="1" m="61607" /><E106/><V11/><F65/><W61/><G76/><T39/><REACH who="0" step="1"/><D40/><REACH who="0" ten="267,347,295,81" step="2"/><N who="3" m="15465" /><G81/><AGARI ba="0,1" hai="9,12,16,22,24,29,37,39,78,81,87,92,99,100" machi="81" ten="40,5200,0" yaku="1,1,54,1,53,1" doraHai="0" doraHaiUra="89" who="0" fromWho="3" sc="267,62,347,0,295,0,81,-52" />
</Scene>
<Scene>
<INIT seed="6,0,0,3,4,68" ten="329,347,295,29" oya="2" hai0="66,51,122,85,43,105,29,86,61,33,95,74,31" hai1="117,133,6,71,126,8,90,121,103,91,13,42,58" hai2="106,99,2,75,76,118,15,130,120,132,54,45,107" hai3="134,113,81,25,35,23,67,78,18,59,3,49,47"/><V84/><F2/><W32/><G113/><T98/><D74/><U7/><E71/><V115/><F118/><W101/><G134/><T87/><D122/><U11/><E133/><V124/><F132/><W9/><G101/><N who="0" m="60639" /><D105/><U97/><E126/><V24/><F120/><W92/><G92/><T21/><D33/><U69/><E69/><V62/><F75/><W36/><G67/><T55/><D43/><U102/><E117/><V39/><F124/><W112/><G59/><N who="0" m="37183" /><D21/><U0/><E42/><V65/><F65/><W82/><G49/><T96/><D96/><U53/><E121/><V20/><F99/><W77/><G112/><T12/><D12/><U109/><E103/><V100/><F15/><W44/><G44/><AGARI ba="0,0" hai="29,31,44,51,55,85,86,87" m="37183,60639" machi="44" ten="30,1000,0" yaku="8,1" doraHai="68" who="0" fromWho="3" sc="329,10,347,0,295,0,29,-10" />
</Scene>
<Scene>
<INIT seed="7,0,0,1,3,14" ten="339,347,295,19" oya="3" hai0="130,17,6,49,10,76,45,128,121,47,58,7,54" hai1="24,67,126,16,109,85,84,46,40,11,110,48,91" hai2="112,129,122,42,89,37,18,88,117,73,62,39,135" hai3="104,95,134,123,20,133,59,119,26,90,27,56,125"/><W69/><G104/><T70/><D121/><U115/><E126/><V35/><F117/><W61/><G125/><T29/><D70/><U98/><E67/><V77/><F122/><W100/><G123/><T111/><D111/><U2/><E115/><V8/><F35/><W75/><G100/><T52/><D29/><U57/><E98/><V101/><F112/><W103/><G103/><T34/><D34/><U93/><E57/><V107/><F129/><N who="0" m="49770" /><D76/><U83/><E2/><V33/><F33/><W9/><G119/><T32/><D32/><U99/><E85/><V72/><F62/><W23/><G9/><T79/><D79/><U96/><E96/><V106/><F77/><W30/><G75/><T55/><D45/><U13/><E24/><V87/><F8/><W66/><G134/><T124/><D124/><U127/><E127/><V53/><F135/><W120/><G133/><T64/><D64/><U118/><E118/><V28/><F28/><W65/><G120/><T102/><D102/><AGARI ba="0,0" hai="11,13,16,40,46,48,83,84,91,93,99,102,109,110" machi="102" ten="30,3900,0" yaku="7,1,52,1,54,1" doraHai="14" who="1" fromWho="0" sc="339,-39,347,39,295,0,19,0" owari="300,10.0,386,48.0,295,-10.0,19,-48.0" />
</Scene>
</mjloggm>