<mjloggm ver="2.3"><GO type="169" lobby="0"/><UN n0="%E5%A4%AA%E3%81%8F%E3%81%AA%E3%81%84%E3%81%8A" n1="%E3%83%9F%E3%83%A9%E3%82%AF%E3%83%AB%E3%81%8A%E3%81%98%E3%81%95%E3%82%93" n2="%E3%81%B2%E3%81%BD%E3%81%8D%E3%82%88%E3%81%97" n3="%E2%99%AA%E3%83%A2%E3%83%8E%E3%82%AF%E3%83%AD" dan="17,17,18,18" rate="2177,2145,2172,2221" sx="M,M,M,F"/><TAIKYOKU oya="0"/>

<Scene>
<INIT seed="0,0,0,0,1,133" ten="250,250,250,250" oya="0" hai0="10,4,120,54,32,22,49,78,102,63,28,57,98" hai1="67,68,69,16,82,0,58,127,134,12,92,111,15" hai2="62,90,84,79,40,59,124,93,129,100,110,117,7" hai3="88,86,72,96,73,11,25,66,77,95,13,91,123"/><T35/><D120/><U122/><E0/><V2/><F110/><W48/><G123/><T115/><D115/><U94/><E122/><V101/><F129/><W39/><G39/><T56/><D78/><U18/><E111/><V65/><F117/><W105/><G77/><T5/><D22/><U43/><E43/><V3/><F124/><W34/><G66/><T75/><D75/><U81/><E58/><V38/><F2/><W64/><G64/><T113/><D113/><U30/><E67/><V17/><F79/><W29/><G48/><T128/><D128/><U52/><E30/><V60/><F60/><W99/><G99/><T126/><D126/><U112/><E112/><V89/><F89/><W41/><G41/><T87/><D87/><U121/><E121/><V132/><F132/><W76/><G76/><T70/><D70/><U33/><E134/><V21/><F7/><W61/><G61/><T23/><D23/><U119/><E33/><V44/><REACH who="2" step="1"/><F3/><REACH who="2" ten="250,250,240,250" step="2"/><W19/><REACH who="3" step="1"/><G105/><REACH who="3" ten="250,250,240,240" step="2"/><T31/><D63/><U36/><E119/><V42/><F42/><W130/><G130/><T9/><D54/><U50/><E127/><V125/><F125/><W24/><G24/><AGARI ba="0,2" hai="17,21,24,38,40,44,59,62,65,84,90,93,100,101" machi="24" ten="30,2000,0" yaku="1,1,7,1,53,0" doraHai="133" doraHaiUra="108" who="2" fromWho="3" sc="250,0,250,0,240,40,240,-20" />
</Scene>
<Scene>
<INIT seed="1,0,0,0,0,119" ten="250,250,280,220" oya="1" hai0="40,91,111,110,21,86,36,32,70,41,90,54,81" hai1="4,82,125,93,85,50,133,27,102,16,17,123,127" hai2="22,120,67,68,65,78,74,31,28,104,11,83,107" hai3="100,108,113,44,56,33,26,75,49,115,112,131,60"/><U10/><E133/><V14/><F120/><W117/><G75/><T135/><D32/><U18/><E50/><V23/><F68/><W58/><G108/><N who="0" m="41515" /><D70/><U106/><E106/><V122/><F122/><W6/><G131/><T95/><D135/><U114/><E114/><V129/><F129/><W84/><G117/><T53/><D21/><N who="1" m="13735" /><E123/><V37/><F37/><W61/><G6/><T94/><D94/><U71/><E71/><V62/><F104/><W121/><G121/><T105/><D105/><U42/><E42/><N who="0" m="16489" /><D36/><U66/><E66/><V97/><F67/><W45/><G100/><T38/><D38/><U55/><E55/><V87/><F65/><W116/><G116/><T7/><D7/><U59/><E59/><V88/><F31/><W51/><G112/><T9/><D9/><U24/><E24/><V48/><F28/><W92/><G26/><T12/><D12/><N who="1" m="5191" /><E127/><V124/><F124/><W80/><G33/><T69/><D69/><U96/><E125/><V1/><F1/><W19/><G92/><T29/><D29/><U73/><E73/><V76/><F74/><W15/><G19/><T64/><D64/><U99/><E99/><AGARI ba="0,0" hai="53,54,81,86,90,91,95,99" m="16489,41515" machi="99" ten="30,1000,0" yaku="14,1" doraHai="119" who="0" fromWho="1" sc="250,10,250,-10,280,0,220,0" />
</Scene>
<Scene>
<INIT seed="2,0,0,2,3,11" ten="260,240,280,220" oya="2" hai0="36,3,103,100,118,34,106,26,32,99,13,40,101" hai1="125,77,121,41,38,94,45,56,52,1,111,110,66" hai2="18,92,86,108,91,89,12,132,61,128,20,112,47" hai3="25,16,59,24,31,98,54,44,115,17,50,126,60"/><V83/><F128/><W65/><G126/><T43/><D3/><U28/><E1/><V76/><F132/><W116/><G116/><T80/><D118/><U127/><E28/><V37/><F112/><W23/><G115/><T64/><D80/><U69/><E94/><V53/><F108/><N who="1" m="41513" /><E77/><V135/><F135/><W81/><G81/><T51/><D32/><U87/><E87/><V0/><F0/><W78/><G78/><T114/><D34/><U90/><E90/><V2/><F2/><W63/><G98/><T4/><D100/><U72/><E72/><V15/><F37/><W96/><G96/><T109/><D101/><U107/><E107/><V62/><F76/><W79/><G79/><T21/><D99/><U133/><E133/><V131/><F131/><W67/><REACH who="3" step="1"/><G25/><REACH who="3" ten="260,240,280,210" step="2"/><T84/><D26/><U113/><E113/><V55/><F83/><W95/><G95/><T82/><D82/><U124/><E121/><V49/><F91/><W5/><G5/><T119/><D4/><U27/><E27/><N who="2" m="14743" /><F53/><W6/><G6/><T117/><D114/><U30/><E30/><V120/><F120/><W35/><G35/><T70/><D109/><U75/><E75/><V74/><F74/><W129/><G129/><T122/><D119/><U39/><E52/><V130/><F130/><W102/><G102/><T97/><D103/><U42/><E125/><V48/><F92/><W58/><AGARI ba="0,1" hai="16,17,23,24,31,44,50,54,58,59,60,63,65,67" machi="58" ten="20,12000,2" yaku="1,1,0,1,7,1,9,1,8,1,54,1,53,0" doraHai="11" doraHaiUra="105" who="3" fromWho="3" sc="260,-30,240,-30,280,-60,210,130" />
</Scene>
<Scene>
<INIT seed="3,0,0,4,3,0" ten="230,210,220,340" oya="3" hai0="116,7,32,113,98,99,109,33,60,57,14,3,130" hai1="104,65,125,12,103,115,27,66,72,4,30,86,24" hai2="40,92,124,77,64,55,88,105,108,18,63,100,76" hai3="29,59,41,48,81,17,21,56,35,93,126,101,133"/><W47/><G126/><T62/><D116/><U132/><E72/><V82/><F108/><W39/><G133/><T45/><D3/><U118/><E115/><V96/><F124/><W28/><G35/><T97/><D109/><U37/><E125/><V71/><F40/><W11/><G81/><T46/><D113/><U134/><E37/><V51/><F18/><W85/><G39/><T52/><D130/><U50/><E118/><V53/><F51/><W127/><G127/><T54/><D33/><U2/><E2/><V94/><F94/><W122/><G122/><T70/><D32/><U111/><E111/><V5/><F5/><W69/><G69/><T112/><D112/><U107/><E4/><V80/><F82/><W120/><G11/><N who="0" m="4479" /><D70/><U61/><E104/><V117/><F77/><W135/><G135/><T15/><D15/><U83/><E12/><V89/><F89/><N who="3" m="53423" /><G101/><T1/><D1/><U36/><E103/><V78/><F78/><W10/><G10/><T23/><D23/><U75/><E107/><V123/><F123/><W84/><G120/><T106/><D106/><U6/><E132/><V90/><F90/><W26/><G84/><T67/><D62/><U95/><E61/><V25/><F117/><W58/><AGARI ba="0,0" hai="17,21,26,28,29,41,47,48,56,58,59" m="53423" machi="58" ten="30,1500,0" yaku="8,1" doraHai="0" who="3" fromWho="3" sc="230,-5,210,-5,220,-5,340,15" />
</Scene>
<Scene>
<INIT seed="3,1,0,3,4,2" ten="225,205,215,355" oya="3" hai0="100,7,107,39,56,17,59,115,43,68,105,127,60" hai1="37,65,35,48,71,36,131,132,69,63,15,51,101" hai2="33,20,73,46,66,19,54,113,44,25,3,96,84" hai3="78,112,124,23,109,57,134,133,58,64,29,53,123"/><W28/><G112/><T114/><D127/><U86/><E35/><V76/><F73/><W5/><G123/><T67/><D17/><U22/><E101/><V106/><F3/><W82/><G124/><T85/><D85/><U74/><E74/><V108/><F108/><W88/><G109/><T21/><D21/><U10/><E22/><V70/><F54/><W16/><G64/><T38/><D7/><U26/><E26/><V130/><F130/><W83/><G5/><T93/><D93/><U75/><E75/><V80/><F113/><N who="0" m="43018" /><D100/><U120/><E86/><V122/><F122/><W45/><G78/><T102/><D102/><U121/><E131/><V9/><F96/><W13/><G82/><T31/><D31/><N who="3" m="11849" /><G134/><T94/><D94/><U125/><E125/><V52/><F106/><N who="0" m="40458" /><D43/><U24/><E24/><V111/><F111/><W87/><G133/><T129/><D129/><U116/><E132/><V104/><F104/><W55/><G55/><T62/><D68/><U90/><E69/><V8/><F70/><W77/><G77/><T34/><D34/><U97/><E71/><V42/><F33/><W81/><G83/><T92/><D92/><U40/><E121/><V1/><F1/><W18/><G18/><T91/><D91/><U89/><E90/><V41/><F42/><W61/><G61/><N who="0" m="23659" /><D67/><U110/><E65/><V98/><F66/><W49/><AGARI ba="1,0" hai="13,16,23,45,49,53,57,58,81,87,88" m="11849" machi="49" ten="30,6000,0" yaku="8,1,54,2" doraHai="2" who="3" fromWho="3" sc="225,-21,205,-21,215,-21,355,63" />
</Scene>
<Scene>
<INIT seed="3,2,0,2,2,88" ten="204,184,194,418" oya="3" hai0="114,30,47,18,97,25,7,101,29,130,48,16,84" hai1="112,61,68,121,53,73,120,26,12,76,80,131,56" hai2="3,2,4,44,42,129,102,111,5,55,45,60,98" hai3="33,104,23,65,11,63,134,58,109,83,110,72,51"/><W125/><G33/><T27/><D130/><U128/><E112/><V15/><F111/><N who="3" m="42507" /><G104/><T19/><D114/><U37/><E37/><V10/><F129/><N who="1" m="49737" /><E68/><V89/><F89/><W17/><G125/><T21/><D7/><U117/><E117/><V123/><F123/><N who="1" m="47177" /><E12/><V67/><F55/><W119/><G119/><T50/><D84/><U81/><E80/><V106/><F5/><W28/><G28/><T126/><D126/><U87/><E26/><V36/><REACH who="2" step="1"/><F45/><REACH who="2" ten="204,184,184,418" step="2"/><W93/><G65/><T34/><REACH who="0" step="1"/><D47/><REACH who="0" ten="194,184,184,418" step="2"/><U135/><E135/><V1/><F1/><W113/><G134/><T39/><D39/><U124/><E124/><V31/><F31/><W32/><G113/><T40/><D40/><U52/><E53/><V127/><F127/><W107/><G83/><T0/><D0/><U54/><E54/><V108/><F108/><W90/><G63/><T118/><D118/><U64/><E64/><V116/><F116/><W92/><G51/><T20/><D20/><U24/><E24/><V13/><F13/><W74/><G23/><T85/><D85/><AGARI ba="2,2" hai="52,56,61,73,76,81,85,87" m="47177,49737" machi="85" ten="30,2000,0" yaku="19,1,54,1" doraHai="88" who="1" fromWho="0" sc="194,-26,184,46,184,0,418,0" />
</Scene>
<Scene>
<INIT seed="4,0,0,3,5,13" ten="168,230,184,418" oya="0" hai0="60,53,111,109,103,75,130,80,112,104,101,6,121" hai1="44,26,91,128,3,28,56,88,2,134,64,8,73" hai2="99,22,106,55,93,95,51,42,70,15,36,43,78" hai3="45,11,59,87,49,0,117,108,16,127,63,31,76"/><T102/><D121/><U57/><E73/><V23/><F70/><W120/><G108/><N who="0" m="41547" /><D6/><U10/><E134/><V18/><F36/><W5/><G117/><T27/><D112/><U58/><E64/><V14/><F78/><W48/><G127/><T113/><D113/><U50/><E128/><V74/><F74/><W20/><G120/><T92/><D104/><U96/><E2/><V52/><F106/><W24/><G45/><T34/><D130/><U90/><E96/><V62/><F62/><W119/><G119/><T7/><D7/><U40/><REACH who="1" step="1"/><E3/><REACH who="1" ten="168,220,184,418" step="2"/><V77/><F77/><W30/><G76/><T47/><D75/><U33/><AGARI ba="0,1" hai="8,10,26,28,33,40,44,50,56,57,58,88,90,91" machi="33" ten="30,7900,0" yaku="1,1,2,1,0,1,54,1,53,0" doraHai="13" doraHaiUra="123" who="1" fromWho="1" sc="168,-39,220,89,184,-20,418,-20" />
</Scene>
<Scene>
<INIT seed="5,0,0,2,0,88" ten="129,309,164,398" oya="1" hai0="67,27,5,135,111,11,41,4,107,20,126,118,9" hai1="61,26,22,66,38,0,80,125,60,42,123,7,47" hai2="57,79,49,98,51,112,86,76,102,30,90,18,19" hai3="96,87,53,85,36,2,33,70,46,62,15,105,97"/><U58/><E123/><V14/><F112/><W23/><G33/><T24/><D107/><U28/><E125/><V122/><F30/><W50/><G2/><N who="0" m="151" /><D41/><U104/><E104/><V32/><F32/><W120/><G120/><T81/><D81/><U34/><E80/><V99/><F122/><W103/><G36/><T45/><D45/><U129/><E129/><V116/><F116/><W92/><G70/><T108/><D67/><U113/><E113/><V59/><F14/><W95/><G62/><T106/><D106/><U13/><E0/><V77/><F86/><W72/><G72/><T54/><D54/><U29/><E61/><V39/><F39/><W93/><G96/><T131/><D118/><U84/><E84/><N who="3" m="32330" /><G105/><T48/><D48/><N who="2" m="18506" /><F90/><W94/><G94/><T31/><D131/><U89/><E89/><V37/><F37/><W115/><G115/><T117/><D117/><U114/><E114/><V78/><N who="2" m="19456" /><DORA hai="124" /><V16/><F102/><W119/><G119/><T83/><D83/><U3/><E3/><V82/><F82/><W121/><G121/><T68/><D68/><U132/><E132/><V127/><F127/><W43/><G43/><T52/><D126/><U130/><E130/><V69/><F69/><W75/><G75/><T63/><D135/><U17/><REACH who="1" step="1"/><E29/><REACH who="1" ten="129,299,164,398" step="2"/><V134/><F134/><W1/><G1/><N who="0" m="431" /><D63/><U21/><E21/><V12/><F99/><W8/><G23/><T71/><D20/><U110/><E110/><V65/><F98/><W101/><G97/><T128/><D128/><U64/><E64/><V40/><F65/><W55/><G55/><RYUUKYOKU ba="0,1" sc="129,-15,299,15,164,-15,398,15" hai1="7,13,17,22,26,28,34,38,42,47,58,60,66" hai3="8,15,46,50,53,92,93,95,101,103" />
</Scene>
<Scene>
<INIT seed="5,1,1,3,0,36" ten="114,314,149,413" oya="1" hai0="80,99,133,110,16,78,86,39,56,23,13,127,134" hai1="66,94,73,35,3,132,122,109,21,44,41,60,48" hai2="103,7,75,111,128,34,79,38,28,53,8,25,46" hai3="120,31,108,135,93,113,121,15,70,126,18,105,71"/><U45/><E35/><V91/><F128/><W74/><G105/><T125/><D110/><U98/><E122/><V116/><F111/><W119/><G108/><T100/><D39/><U76/><E109/><V114/><F114/><W1/><G1/><T118/><D118/><U83/><E132/><N who="0" m="50793" /><D56/><U5/><E21/><V107/><F91/><W54/><G135/><T123/><D123/><U62/><E66/><V2/><F116/><W87/><G93/><AGARI ba="1,1" hai="13,16,23,78,80,86,93,99,100,125,127" m="50793" machi="93" ten="30,2000,0" yaku="20,1,54,1" doraHai="36" who="0" fromWho="3" sc="114,33,314,0,149,0,413,-23" />
</Scene>
<Scene>
<INIT seed="6,0,0,5,0,15" ten="147,314,149,390" oya="2" hai0="35,73,14,108,63,115,89,32,31,132,112,21,62" hai1="90,123,51,39,61,24,102,26,56,111,29,116,53" hai2="10,83,58,11,122,27,95,69,101,84,44,75,105" hai3="52,42,0,71,99,86,127,67,85,43,49,119,34"/><V41/><F69/><W98/><G119/><T40/><D108/><U94/><E116/><V23/><F122/><W18/><G34/><N who="0" m="12843" /><D73/><U33/><E111/><V81/><F105/><W103/><G0/><T128/><D40/><U97/><E39/><V120/><F120/><W16/><G127/><T80/><D128/><U100/><E123/><V72/><F72/><W9/><G67/><T5/><D132/><U88/><E90/><V19/><F58/><N who="3" m="33039" /><G71/><T134/><D134/><U3/><E3/><V87/><F75/><W70/><G70/><T79/><D89/><U22/><REACH who="1" step="1"/><E51/><REACH who="1" ten="147,304,149,390" step="2"/><N who="2" m="27023" /><F81/><W78/><G78/><T54/><D80/><U110/><E110/><V17/><F101/><W76/><G76/><T109/><D79/><U104/><E104/><V93/><F83/><W8/><G103/><T118/><D118/><U12/><E12/><N who="2" m="7327" /><F95/><W47/><G99/><T124/><D109/><U91/><E91/><V64/><F93/><W66/><G98/><T1/><D1/><U46/><E46/><V135/><F135/><W7/><G47/><T96/><D96/><U36/><E36/><V28/><F64/><W25/><G66/><T113/><D124/><U60/><E60/><V20/><F10/><W133/><G133/><T38/><D38/><U68/><E68/><V37/><F37/><W121/><G121/><T130/><D63/><U48/><E48/><V74/><F74/><W57/><G9/><N who="0" m="4399" /><D62/><U50/><E50/><V92/><F92/><W77/><G8/><T45/><D45/><U125/><E125/><V82/><F82/><W30/><G77/><T4/><D113/><RYUUKYOKU ba="0,1" sc="147,-15,304,15,149,15,390,-15" hai1="22,24,26,29,33,53,56,61,88,94,97,100,102" hai2="19,20,23,27,28,84,87" />
</Scene>
<Scene>
<INIT seed="6,1,1,3,5,7" ten="132,319,164,375" oya="2" hai0="34,44,133,33,24,63,130,5,131,128,58,84,100" hai1="47,109,39,59,110,25,119,79,95,107,21,102,37" hai2="132,46,62,55,127,83,125,14,31,81,97,28,85" hai3="42,126,123,38,108,36,17,40,20,113,114,19,51"/><V120/><F132/><W118/><G108/><T22/><D133/><U68/><E68/><V56/><F120/><W18/><G118/><T70/><D70/><U71/><E71/><V52/><F83/><W8/><G123/><T89/><D100/><U87/><E119/><V93/><F46/><W76/><G126/><N who="2" m="48137" /><F55/><W53/><G20/><T16/><D44/><U30/><E59/><V3/><F3/><W117/><G117/><T69/><D69/><U101/><E107/><V15/><F15/><N who="3" m="7399" /><G76/><T73/><D73/><U122/><E122/><V1/><F1/><W115/><G38/><T92/><REACH who="0" step="1"/><D5/><REACH who="0" ten="122,319,164,375" step="2"/><U121/><E47/><V4/><F4/><W82/><G113/><T9/><D9/><U66/><E102/><N who="2" m="60719" /><F14/><W135/><G135/><T106/><D106/><U0/><E0/><V80/><F80/><W48/><G82/><T41/><D41/><U90/><E121/><V98/><F98/><W99/><G99/><T32/><D32/><U104/><E104/><V43/><F43/><W78/><G115/><T29/><D29/><U134/><E30/><V75/><F75/><W116/><G114/><T96/><D96/><U11/><E134/><V45/><F45/><W49/><G116/><T27/><D27/><U13/><E25/><V26/><F26/><W12/><G42/><T112/><D112/><U129/><E13/><V105/><F105/><W111/><G40/><T6/><D6/><U74/><E74/><V77/><AGARI ba="1,2" hai="28,31,52,56,62,77,81,85" m="60719,48137" machi="77" ten="30,3000,0" yaku="18,1,54,1" doraHai="7" who="2" fromWho="2" sc="122,-11,319,-11,164,53,375,-11" />
</Scene>
<Scene>
<INIT seed="6,2,0,5,1,78" ten="111,308,217,364" oya="2" hai0="52,7,12,42,54,59,26,80,68,93,134,109,79" hai1="14,106,13,113,62,75,116,34,132,9,114,57,74" hai2="3,45,41,82,102,5,98,56,128,66,99,133,100" hai3="23,89,88,27,50,125,39,101,86,21,32,85,17"/><V87/><F128/><W36/><G32/><T110/><D68/><U117/><E34/><V71/><F71/><W19/><G125/><T10/><D134/><U73/><E106/><V129/><F129/><W124/><G124/><T30/><D42/><U25/><E25/><V46/><F3/><W118/><G118/><T22/><D93/><U53/><E132/><V38/><F5/><W126/><G126/><T37/><D37/><U20/><E20/><V127/><F127/><W29/><G101/><N who="2" m="39017" /><F38/><W18/><G21/><T55/><REACH who="0" step="1"/><D59/><REACH who="0" ten="101,308,217,364" step="2"/><U0/><E117/><V61/><F133/><W58/><G39/><T119/><D119/><U65/><E116/><V15/><F41/><W16/><G36/><T121/><D121/><U31/><E57/><V35/><F46/><W67/><G58/><T84/><AGARI ba="2,1" hai="7,10,12,22,26,30,52,54,55,79,80,84,109,110" machi="84" ten="30,7900,0" yaku="1,1,0,1,52,1,54,1,53,0" doraHai="78" doraHaiUra="64" who="0" fromWho="0" sc="101,95,308,-22,217,-41,364,-22" />
</Scene>
<Scene>
<INIT seed="7,0,0,5,1,22" ten="196,286,176,342" oya="3" hai0="97,88,52,50,127,112,120,134,49,130,4,59,1" hai1="31,76,21,82,51,116,27,30,94,60,53,57,81" hai2="23,100,74,101,104,15,119,126,17,46,26,40,99" hai3="45,55,25,9,16,69,103,129,36,102,86,3,121"/><W109/><G121/><T117/><D120/><U89/><E116/><V34/><F119/><W70/><G129/><T7/><D117/><U63/><E31/><V38/><F126/><W54/><G36/><T107/><D130/><U37/><E37/><V48/><F74/><W66/><G3/><T114/><D127/><U6/><E6/><N who="0" m="2089" /><D1/><U124/><E124/><V118/><F118/><W0/><G55/><T47/><D134/><U90/><E90/><V29/><REACH who="2" step="1"/><F101/><REACH who="2" ten="196,286,166,342" step="2"/><W91/><G102/><N who="0" m="62927" /><D88/><U62/><REACH who="1" step="1"/><E76/><REACH who="1" ten="196,276,166,342" step="2"/><V132/><F132/><W122/><G103/><T8/><D114/><U113/><E113/><V123/><F123/><W93/><G91/><T58/><D112/><U43/><E43/><V110/><F110/><W106/><G109/><T44/><D44/><U28/><E28/><V95/><F95/><W41/><G93/><T13/><D47/><U71/><E71/><V79/><F79/><W24/><G70/><T32/><D58/><U12/><E12/><V80/><F80/><W67/><G41/><T68/><D68/><U20/><E20/><V77/><F77/><W125/><G69/><T18/><D32/><U92/><E92/><V75/><F75/><W83/><G83/><T65/><D59/><U115/><E115/><V11/><F11/><W131/><G9/><T111/><D111/><U64/><E64/><V61/><F61/><W2/><G67/><T84/><D65/><U73/><E73/><V135/><F135/><W10/><G66/><T39/><D52/><U35/><E35/><V87/><F87/><AGARI ba="0,2" hai="21,27,30,51,53,57,60,62,63,81,82,87,89,94" machi="87" ten="40,5200,0" yaku="1,1,8,1,52,1,53,0" doraHai="22" doraHaiUra="14" who="1" fromWho="2" sc="196,0,276,72,166,-52,342,0" owari="196,-20.0,348,45.0,114,-39.0,342,14.0" />
</Scene>
</mjloggm>