<mjloggm ver="2.3"><GO type="41"/><UN n0="%68%69%72%6F%31%39%38%30" n1="%E5%A4%AA%E3%81%8F%E3%81%AA%E3%81%84%E3%81%8A" n2="%4B%2D%59%41%53" n3="%E2%88%91%28%E3%83%BB%CF%89%E3%83%BB%E3%83%8E%29%E3%83%8E" dan="14,15,15,13" rate="1873,2051,1976,1868" sx="M,M,M,F"/><TAIKYOKU oya="0"/>

<Scene>
<INIT seed="0,0,0,0,0,59" ten="250,250,250,250" oya="0" hai0="31,21,99,62,65,130,103,116,106,27,9,35,75" hai1="45,42,38,90,72,132,14,87,112,129,47,135,34" hai2="15,126,51,20,44,67,12,4,25,11,101,118,127" hai3="58,32,28,85,46,133,61,131,55,24,84,114,41"/><T91/><D116/><U10/><E34/><V18/><F118/><W52/><G114/><T83/><D130/><U79/><E129/><V8/><F67/><W108/><G108/><T105/><D9/><U22/><E112/><V1/><F101/><W66/><G131/><T3/><D3/><U94/><E22/><V98/><F98/><W5/><G5/><T121/><D121/><U111/><E111/><V48/><F48/><W117/><G117/><T122/><D122/><U123/><E123/><V54/><REACH who="2" step="1"/><F15/><REACH who="2" ten="250,250,240,250" step="2"/><W78/><G133/><T69/><D91/><U7/><E132/><V80/><F80/><W53/><REACH who="3" step="1"/><G78/><REACH who="3" ten="250,250,240,240" step="2"/><N who="0" m="44511" /><D21/><U43/><E135/><V56/><F56/><W86/><G86/><T97/><D97/><U96/><E96/><V37/><F37/><AGARI ba="0,2" hai="24,28,32,37,41,46,52,53,55,58,61,66,84,85" machi="37" ten="40,5200,0" yaku="1,1,52,1,54,1,53,0" doraHai="59" doraHaiUra="77" who="3" fromWho="2" sc="250,0,250,0,240,-52,240,72" />
</Scene>
<Scene>
<INIT seed="1,0,0,1,1,60" ten="250,250,188,312" oya="1" hai0="92,54,109,133,3,93,99,124,127,120,19,55,70" hai1="123,67,118,6,65,37,128,4,12,15,86,102,18" hai2="23,64,0,96,121,89,14,26,1,66,101,79,21" hai3="42,104,107,47,17,53,112,108,90,35,114,7,33"/><U13/><E123/><V103/><F121/><W61/><G7/><N who="1" m="2602" /><E37/><V98/><F79/><W50/><G108/><T34/><D34/><U125/><E118/><V116/><F116/><W73/><G73/><T20/><D70/><U24/><E125/><N who="0" m="48201" /><D3/><U63/><E128/><V48/><F89/><W83/><G35/><T132/><D120/><U75/><E75/><V51/><F14/><N who="1" m="5737" /><E102/><V78/><F78/><W94/><G33/><T5/><D5/><U129/><E129/><V32/><F32/><W43/><G107/><T38/><D38/><U22/><E63/><V49/><F49/><W58/><G104/><T30/><D30/><N who="1" m="17687" /><E86/><V117/><F26/><W29/><G83/><T25/><D109/><U72/><E72/><V131/><F117/><W36/><G43/><T88/><D93/><U40/><E40/><V113/><F131/><W81/><G81/><T68/><D68/><U52/><E52/><AGARI ba="0,0" hai="19,20,25,52,54,55,88,92,99,132,133" m="48201" machi="52" ten="30,3900,0" yaku="18,1,54,2" doraHai="60" who="0" fromWho="1" sc="250,39,250,-39,188,0,312,0" />
</Scene>
<Scene>
<INIT seed="2,0,0,4,5,11" ten="289,211,188,312" oya="2" hai0="78,97,32,19,112,104,57,56,76,106,49,17,84" hai1="67,30,86,60,92,74,70,58,29,124,13,121,18" hai2="109,133,23,40,108,107,16,132,95,59,24,25,50" hai3="68,5,115,55,77,9,114,0,119,135,113,129,98"/><V128/><F107/><W96/><G119/><T43/><D32/><U72/><E124/><V10/><F128/><W6/><G129/><T89/><D112/><U36/><E36/><V47/><F95/><W54/><G68/><T66/><D106/><U116/><E116/><V27/><F10/><W28/><G28/><T35/><D35/><U85/><E121/><V15/><F59/><W79/><G135/><AGARI ba="0,0" hai="15,16,23,24,25,27,40,47,50,108,109,132,133,135" machi="135" ten="50,9600,0" yaku="20,1,52,1,54,1" doraHai="11" who="2" fromWho="3" sc="289,0,211,0,188,96,312,-96" />
</Scene>
<Scene>
<INIT seed="2,1,0,4,3,120" ten="289,211,284,216" oya="2" hai0="31,24,73,32,48,49,126,50,62,71,72,10,51" hai1="90,96,18,12,82,4,76,109,70,30,106,37,83" hai2="105,2,55,103,36,63,39,60,77,42,19,0,61" hai3="92,57,7,84,108,46,112,67,17,121,134,25,52"/><V110/><F77/><W9/><G108/><T116/><D126/><U68/><E37/><V20/><F110/><W79/><G112/><T26/><D116/><U6/><E109/><V54/><F105/><W43/><G134/><T99/><D10/><U28/><E106/><V97/><F55/><W16/><G121/><T22/><N who="0" m="12800" /><DORA hai="132" /><T14/><D14/><U44/><E44/><V100/><F54/><W135/><G135/><T3/><D3/><U125/><E125/><V66/><F66/><W81/><G67/><T5/><D5/><N who="1" m="2155" /><E70/><V8/><F8/><W133/><G133/><T78/><D78/><U69/><E68/><V64/><F64/><W118/><G118/><T74/><D99/><U80/><E69/><V38/><F42/><W65/><G65/><T13/><D71/><U115/><E76/><V122/><F122/><W130/><G130/><T88/><D62/><U93/><E115/><V41/><F41/><W29/><G43/><T1/><D1/><U15/><E15/><V59/><F59/><W95/><G46/><T85/><D13/><U128/><E128/><V11/><F11/><AGARI ba="1,0" hai="11,12,18,28,30,80,82,83,90,93,96" m="2155" machi="11" ten="30,1000,0" yaku="8,1" doraHai="120,132" who="1" fromWho="2" sc="289,0,211,13,284,-13,216,0" />
</Scene>
<Scene>
<INIT seed="3,0,0,2,2,18" ten="289,224,271,216" oya="3" hai0="83,56,100,33,69,34,41,120,131,58,42,125,116" hai1="75,123,4,53,30,31,109,97,132,16,122,2,49" hai2="99,26,94,134,19,82,90,68,13,106,47,0,74" hai3="54,27,77,128,20,10,32,8,43,37,115,88,35"/><W78/><G115/><T86/><D100/><U89/><E75/><V52/><F0/><W23/><G128/><T60/><D86/><U17/><E4/><V80/><F68/><W24/><G54/><T121/><D83/><U92/><E2/><V110/><F134/><W95/><G43/><T45/><D45/><U79/><E132/><V50/><F110/><W61/><G37/><T25/><D25/><N who="3" m="9801" /><G35/><T135/><D135/><U117/><E109/><V126/><F126/><W93/><G32/><T36/><D60/><U14/><E117/><V51/><F106/><W85/><G61/><T59/><D69/><U6/><E79/><N who="3" m="30218" /><G95/><T105/><D105/><U40/><E40/><N who="2" m="24935" /><F26/><W76/><N who="3" m="30226" /><W12/><DORA hai="64" /><G10/><T65/><D65/><U96/><E122/><V70/><F70/><W62/><G62/><T1/><D1/><U44/><E123/><V111/><F74/><W119/><G119/><T104/><D104/><U98/><E31/><V71/><F111/><W3/><G3/><T5/><D116/><U11/><REACH who="1" step="1"/><E30/><REACH who="1" ten="289,214,271,216" step="2"/><V72/><F72/><W28/><G28/><T57/><D121/><U15/><E15/><V101/><F71/><W127/><G127/><T112/><D125/><U38/><E38/><V39/><F39/><W133/><G133/><T103/><D36/><U46/><E46/><N who="2" m="27767" /><F101/><W66/><G66/><T63/><D103/><U55/><E55/><V118/><F118/><W7/><AGARI ba="0,1" hai="7,8,12,20,23,85,88,93" m="30226,9801" machi="7" ten="40,12000,1" yaku="8,1,52,2,54,1" doraHai="18,64" who="3" fromWho="3" sc="289,-40,214,-40,271,-40,216,130" />
</Scene>
<Scene>
<INIT seed="3,1,0,4,0,57" ten="249,174,231,346" oya="3" hai0="123,109,116,132,55,60,59,34,28,7,87,127,95" hai1="63,62,4,54,104,26,100,22,135,83,131,51,5" hai2="25,80,107,40,69,11,85,50,48,29,46,53,9" hai3="66,38,14,68,77,32,101,24,114,0,79,33,72"/><W82/><G114/><T120/><D116/><U124/><E104/><V47/><F69/><W3/><G77/><T70/><D70/><U78/><E100/><V106/><F107/><W110/><G14/><T27/><D109/><U84/><E124/><V103/><F103/><W15/><G15/><T121/><D127/><U128/><E135/><V93/><F93/><W134/><G134/><T36/><D36/><U44/><E131/><V96/><F96/><W99/><G38/><T111/><D111/><U17/><E128/><V117/><F106/><N who="3" m="63807" /><G110/><T90/><D132/><U112/><E112/><V65/><F65/><W37/><G37/><T52/><REACH who="0" step="1"/><D7/><AGARI ba="1,0" hai="4,5,7,17,22,26,44,51,54,62,63,78,83,84" machi="7" ten="40,5200,0" yaku="8,1,52,2" doraHai="57" who="1" fromWho="0" sc="249,-55,174,55,231,0,346,0" />
</Scene>
<Scene>
<INIT seed="4,0,0,5,5,39" ten="194,229,231,346" oya="0" hai0="44,78,28,108,92,46,133,89,13,71,51,123,83" hai1="102,9,118,122,115,125,124,33,68,82,47,120,63" hai2="54,107,45,110,73,109,27,72,91,128,43,7,75" hai3="117,30,135,105,60,48,2,1,17,3,5,29,106"/><T55/><D71/><U97/><E33/><V114/><F114/><W129/><G117/><T116/><D123/><U65/><E118/><V56/><F128/><W19/><G129/><T99/><D116/><U93/><E115/><V59/><F107/><W36/><G135/><T20/><D133/><U98/><E82/><V66/><F7/><W81/><G36/><T32/><D108/><U70/><E70/><V8/><F8/><W49/><G81/><T10/><D32/><U58/><E68/><V74/><F66/><W62/><G3/><T90/><D28/><U84/><E84/><V34/><F91/><W127/><G5/><T77/><D20/><U6/><E98/><V61/><F59/><W88/><G88/><T26/><D26/><U112/><E112/><V22/><F34/><W94/><G94/><T52/><D89/><U37/><E37/><V111/><N who="2" m="18432" /><DORA hai="24" /><V38/><REACH who="2" step="1"/><F111/><REACH who="2" ten="194,229,221,346" step="2"/><W31/><G31/><AGARI ba="0,1" hai="22,27,31,38,43,45,54,56,61,109,110" m="18432" machi="31" ten="70,8000,1" yaku="1,1,2,1,52,2,53,0" doraHai="39,24" doraHaiUra="35,86" who="2" fromWho="3" sc="194,0,229,0,221,90,346,-80" />
</Scene>
<Scene>
<INIT seed="5,0,0,5,3,13" ten="194,229,311,266" oya="1" hai0="21,39,20,125,57,128,116,48,2,113,123,101,83" hai1="96,4,97,91,84,115,40,109,22,54,50,16,42" hai2="120,92,38,29,47,133,100,95,9,19,37,18,119" hai3="44,105,14,98,80,35,88,70,49,94,108,76,31"/><U79/><E115/><V62/><F119/><W89/><G70/><T41/><D2/><U77/><E4/><V6/><F120/><W27/><G108/><T61/><D39/><U25/><E109/><V72/><F72/><W90/><G105/><T0/><D0/><U46/><E97/><V59/><F133/><W103/><G14/><T55/><D116/><U5/><E5/><V112/><F29/><W11/><G11/><T114/><D123/><U8/><E96/><V28/><F28/><W32/><G32/><T30/><D128/><U34/><E34/><V7/><F112/><W68/><G68/><T73/><D125/><U52/><E8/><V106/><F106/><W45/><REACH who="3" step="1"/><G49/><REACH who="3" ten="194,229,311,256" step="2"/><T43/><D114/><U26/><E26/><V122/><F122/><W132/><G132/><T121/><D113/><U51/><E79/><V102/><F9/><W17/><G17/><T65/><D121/><U85/><E77/><V134/><F134/><W69/><G69/><T66/><D20/><U86/><REACH who="1" step="1"/><E91/><REACH who="1" ten="194,219,311,256" step="2"/><V107/><F107/><W64/><G64/><T110/><D66/><U60/><E60/><V1/><F62/><W24/><G24/><T23/><D65/><U74/><E74/><AGARI ba="0,2" hai="27,31,35,44,45,74,76,80,88,89,90,94,98,103" machi="74" ten="40,2600,0" yaku="1,1,54,1,53,0" doraHai="13" doraHaiUra="82" who="3" fromWho="1" sc="194,0,219,-26,311,0,256,46" />
</Scene>
<Scene>
<INIT seed="6,0,0,0,5,120" ten="194,193,311,302" oya="2" hai0="54,112,21,82,14,122,80,27,92,76,32,11,81" hai1="35,4,70,113,110,15,57,75,8,77,97,28,83" hai2="36,130,101,98,104,23,106,64,33,1,107,49,100" hai3="56,85,48,7,93,117,135,9,119,134,45,20,116"/><V12/><F1/><W94/><G85/><T68/><D32/><U2/><E70/><V38/><F33/><W65/><G20/><T51/><D68/><U90/><E113/><V103/><F130/><W79/><G79/><T41/><D112/><U34/><E110/><V71/><F49/><W29/><G29/><T46/><D122/><U53/><E28/><V22/><F98/><W24/><G24/><T87/><D92/><U47/><E15/><V109/><F109/><W66/><G56/><T37/><D37/><U127/><E127/><V73/><F73/><W124/><G124/><T39/><D39/><U111/><E47/><V91/><F91/><W132/><G7/><T114/><D54/><U19/><E19/><V108/><F108/><W62/><G9/><T6/><REACH who="0" step="1"/><D114/><REACH who="0" ten="184,193,311,302" step="2"/><U115/><E115/><V89/><F38/><W44/><G93/><T16/><AGARI ba="0,1" hai="6,11,14,16,21,27,41,46,51,76,80,81,82,87" machi="16" ten="20,16000,3" yaku="1,1,2,1,0,1,7,1,25,2,8,1,54,1,53,0" doraHai="120" doraHaiUra="55" who="0" fromWho="0" sc="184,170,193,-40,311,-80,302,-40" />
</Scene>
<Scene>
<INIT seed="7,0,0,4,5,112" ten="354,153,231,262" oya="3" hai0="100,67,16,81,5,86,37,21,47,122,29,13,7" hai1="103,39,82,51,124,126,73,4,15,120,96,132,33" hai2="113,116,133,109,32,72,30,12,43,25,106,6,130" hai3="118,26,101,77,105,57,111,31,108,23,24,2,74"/><W38/><G118/><T71/><D122/><U44/><E120/><V90/><F106/><W35/><G2/><T22/><D100/><U94/><E33/><V27/><F109/><N who="3" m="42059" /><G38/><T93/><D71/><U123/><E123/><V18/><F113/><W55/><G77/><T62/><D37/><U41/><E132/><V65/><F72/><W121/><G121/><T70/><D47/><U117/><E51/><V97/><F133/><W68/><G68/><T34/><D34/><U135/><E135/><V128/><F116/><W78/><G78/><T63/><D63/><U8/><E117/><V19/><F43/><W50/><G74/><T0/><D0/><U36/><E36/><V54/><F65/><W58/><G101/><T84/><D84/><U69/><E69/><V17/><F54/><W52/><G105/><T1/><D93/><U64/><E64/><V99/><F90/><W49/><G26/><T125/><D125/><U110/><E110/><V115/><F115/><W60/><G35/><T107/><D107/><U10/><E10/><N who="2" m="4183" /><F99/><W114/><G114/><T3/><D3/><U59/><E59/><V40/><F40/><W61/><AGARI ba="0,0" hai="23,24,31,49,50,52,55,57,58,60,61" m="42059" machi="61" ten="30,3000,0" yaku="10,1,54,1" doraHai="112" who="3" fromWho="3" sc="354,-10,153,-10,231,-10,262,30" />
</Scene>
<Scene>
<INIT seed="7,1,0,2,3,70" ten="344,143,221,292" oya="3" hai0="28,117,107,79,18,23,73,87,52,66,5,105,119" hai1="56,81,111,114,44,2,83,51,35,131,129,19,106" hai2="38,41,58,11,0,40,113,93,16,89,47,29,98" hai3="112,108,48,84,74,69,132,103,63,25,76,122,31"/><W82/><G122/><T20/><D73/><U4/><E111/><V92/><F113/><W72/><G112/><T62/><D119/><U3/><E106/><V59/><F29/><W124/><G108/><T118/><D118/><U60/><E114/><V46/><F93/><W43/><G124/><T32/><D117/><U100/><E35/><V96/><F96/><W133/><G103/><T61/><D32/><U94/><E19/><V116/><F116/><W49/><G69/><T126/><D126/><U68/><E68/><V36/><REACH who="2" step="1"/><F16/><REACH who="2" ten="344,143,211,292" step="2"/><W71/><G71/><T135/><D18/><U128/><E94/><V30/><F30/><W123/><G123/><T67/><D28/><U37/><E100/><V64/><F64/><W95/><G95/><T90/><D67/><U65/><E37/><V34/><F34/><N who="3" m="20847" /><G63/><T115/><D62/><U110/><E110/><V125/><F125/><W99/><G99/><T78/><D61/><U88/><E4/><AGARI ba="1,1" hai="0,4,11,36,38,40,41,46,47,58,59,89,92,98" machi="4" ten="40,8000,1" yaku="1,1,9,1,52,2,53,0" doraHai="70" doraHaiUra="14" who="2" fromWho="1" sc="344,0,143,-83,211,93,292,0" owari="344,45.0,60,-44.0,304,10.0,292,-11.0" />
</Scene>
</mjloggm>