<mjloggm ver="2.3"><GO type="41"/><UN n0="%74%2E%6D%69%6B%65" n1="%E5%A4%AA%E3%81%8F%E3%81%AA%E3%81%84%E3%81%8A" n2="%E3%82%82%E3%81%A3%E3%81%97%E3%83%BC" n3="%72%79%6F%6F" dan="16,14,15,14" rate="2004,2006,2011,1915" sx="M,M,M,M"/><TAIKYOKU oya="0"/>

<Scene>
<INIT seed="0,0,0,1,1,56" ten="250,250,250,250" oya="0" hai0="99,64,55,43,126,135,75,19,27,69,45,133,38" hai1="3,120,100,111,77,20,122,74,46,5,51,53,10" hai2="67,92,6,113,70,0,110,62,24,22,104,106,127" hai3="33,34,12,63,121,119,76,4,61,98,54,82,71"/><T72/><D126/><U29/><E111/><V14/><F113/><W50/><G119/><T36/><D36/><U88/><E100/><V47/><F110/><W128/><G71/><T90/><D55/><U89/><E77/><V68/><F127/><W16/><G4/><T66/><D66/><U41/><E74/><V87/><F0/><W58/><G121/><T85/><D99/><U86/><E89/><V132/><F70/><W40/><G40/><T96/><D96/><U79/><E79/><V125/><F125/><W117/><G117/><T118/><D118/><U57/><E29/><V15/><F132/><N who="0" m="50762" /><D27/><U13/><E20/><V97/><F87/><W103/><G128/><T102/><D19/><U134/><E3/><V83/><F83/><W112/><G33/><T31/><D31/><U60/><REACH who="1" step="1"/><E134/><REACH who="1" ten="250,240,250,250" step="2"/><V59/><F22/><W28/><G28/><T18/><D102/><U101/><E101/><V84/><F106/><W39/><G34/><T130/><D130/><U35/><E35/><V52/><F104/><W107/><G112/><T2/><D2/><U95/><AGARI ba="0,1" hai="5,10,13,41,46,51,53,57,60,86,88,95,120,122" machi="95" ten="20,8000,1" yaku="1,1,0,1,7,1,52,1,54,1,53,0" doraHai="56" doraHaiUra="26" who="1" fromWho="1" sc="250,-40,240,90,250,-20,250,-20" />
</Scene>
<Scene>
<INIT seed="1,0,0,5,3,39" ten="210,330,230,230" oya="1" hai0="59,97,44,51,1,108,42,18,67,111,91,133,92" hai1="72,16,12,13,10,74,75,128,104,123,94,4,103" hai2="80,25,28,110,100,14,32,15,93,45,81,86,54" hai3="62,95,65,84,9,134,49,26,33,47,121,24,31"/><U105/><E123/><V112/><F110/><W131/><G121/><T19/><D1/><U119/><E119/><V37/><F112/><W60/><G134/><T64/><D133/><U56/><E128/><V30/><F30/><W52/><G131/><T5/><D5/><U118/><E118/><V113/><F113/><W36/><G36/><T90/><D91/><U55/><E94/><V6/><F6/><W109/><G109/><N who="0" m="42059" /><D67/><U87/><E87/><V132/><F132/><W99/><G84/><T129/><D129/><U69/><E69/><V22/><F32/><W102/><G9/><T77/><D77/><U127/><E127/><V58/><F80/><W50/><G65/><T82/><D82/><U46/><E46/><V53/><F93/><W85/><G24/><T27/><D27/><U17/><E103/><V122/><F100/><W89/><REACH who="3" step="1"/><G50/><REACH who="3" ten="210,330,230,220" step="2"/><N who="0" m="26903" /><D64/><U126/><E126/><V66/><F122/><W88/><G88/><T61/><D61/><U8/><E4/><V76/><F66/><W48/><G48/><AGARI ba="0,1" hai="8,10,12,13,16,17,48,55,56,72,74,75,104,105" machi="48" ten="40,3900,0" yaku="9,1,54,1" doraHai="39" who="1" fromWho="3" sc="210,0,330,49,230,0,220,-39" />
</Scene>
<Scene>
<INIT seed="1,1,0,4,4,134" ten="210,379,230,181" oya="1" hai0="99,101,98,77,76,102,9,70,110,96,13,83,97" hai1="79,71,123,59,69,128,73,103,125,90,47,94,80" hai2="91,11,64,58,104,68,56,109,45,127,53,12,87" hai3="18,31,74,122,86,100,108,107,92,124,82,119,89"/><U113/><E123/><V118/><F118/><W132/><G31/><T65/><D70/><U81/><E113/><V135/><F104/><W32/><G32/><T8/><D65/><U1/><E1/><V20/><F135/><W112/><G132/><T14/><D83/><U66/><E128/><V67/><F109/><W46/><G122/><T24/><D24/><U41/><E103/><N who="0" m="39433" /><D110/><U106/><E106/><V54/><F20/><W33/><G33/><T42/><N who="0" m="25088" /><DORA hai="61" /><T95/><D42/><U75/><E94/><N who="2" m="54655" /><F127/><W39/><G100/><T36/><D95/><U37/><E125/><V5/><F68/><W44/><G107/><T10/><D36/><U7/><E7/><V2/><F2/><W38/><G108/><T121/><D121/><U34/><E34/><V131/><F131/><W116/><G112/><T16/><D16/><U117/><E117/><V6/><F6/><W105/><G105/><T129/><D129/><U15/><E15/><AGARI ba="1,0" hai="8,9,10,13,14,15,76,77" m="25088,39433" machi="15" ten="50,6400,0" yaku="28,2,8,1" doraHai="134,61" who="0" fromWho="1" sc="210,67,379,-67,230,0,181,0" />
</Scene>
<Scene>
<INIT seed="2,0,0,0,4,93" ten="277,312,230,181" oya="2" hai0="125,68,29,15,14,79,10,118,135,75,18,31,70" hai1="119,112,102,73,2,121,44,71,20,51,74,43,26" hai2="129,113,32,64,23,28,9,87,94,48,1,72,131" hai3="105,46,65,78,37,117,111,40,36,123,115,120,60"/><V47/><F113/><W114/><G78/><T134/><D79/><U16/><E112/><N who="3" m="43050" /><G105/><T126/><D75/><U81/><E119/><V88/><F72/><W4/><G4/><T109/><D125/><U45/><E121/><N who="3" m="46666" /><G117/><T38/><D38/><U66/><E2/><V53/><F64/><W132/><G132/><T13/><D126/><U67/><E102/><V99/><F32/><W61/><G111/><T86/><D118/><U128/><E128/><N who="2" m="49227" /><F1/><W59/><G61/><T133/><D86/><U107/><E74/><V30/><F9/><W83/><G83/><T3/><D109/><U130/><E130/><V27/><F87/><W98/><G98/><T8/><D18/><AGARI ba="0,0" hai="18,23,27,28,30,47,48,53,88,94,99" m="49227" machi="18" ten="30,5800,0" yaku="19,1,52,1,54,1" doraHai="93" who="2" fromWho="0" sc="277,-58,312,0,230,58,181,0" />
</Scene>
<Scene>
<INIT seed="2,1,0,5,5,75" ten="219,312,288,181" oya="2" hai0="76,107,112,118,115,24,4,2,89,116,31,103,39" hai1="71,62,16,132,67,81,83,109,12,27,22,87,104" hai2="129,108,55,120,126,122,74,123,106,37,119,53,73" hai3="105,91,19,1,50,111,128,18,23,94,32,117,130"/><V63/><F106/><W9/><G117/><N who="0" m="45163" /><D39/><U28/><E109/><V56/><F119/><W61/><G105/><T25/><D89/><U13/><E132/><V135/><F135/><W65/><G32/><T70/><D70/><U86/><E104/><V124/><F74/><W95/><G111/><T44/><D44/><U40/><E40/><V72/><F72/><W64/><G50/><T42/><D42/><U48/><E48/><N who="2" m="30759" /><F73/><W26/><G65/><T41/><D41/><U78/><REACH who="1" step="1"/><E28/><REACH who="1" ten="219,302,288,181" step="2"/><V100/><F108/><W101/><G128/><T110/><D110/><U96/><E96/><V68/><F37/><W30/><G130/><T15/><D107/><U14/><E14/><V57/><F129/><W66/><G30/><T3/><D15/><U47/><E47/><V51/><F100/><W85/><G101/><T21/><D103/><U59/><E59/><N who="2" m="33279" /><F68/><W58/><G1/><T88/><D3/><U131/><E131/><V114/><F114/><W20/><G26/><T125/><D25/><U113/><E113/><V36/><F36/><W49/><G58/><T54/><D115/><U84/><E84/><V93/><F93/><W99/><G49/><T29/><D112/><U92/><E92/><V77/><F57/><W127/><G94/><T79/><D31/><U35/><E35/><V46/><F46/><W82/><G95/><T90/><D2/><U33/><E33/><V80/><F63/><W10/><G61/><T0/><D0/><U69/><E69/><V133/><F133/><W38/><G38/><T121/><D29/><U5/><E5/><V8/><F8/><RYUUKYOKU ba="1,1" sc="219,-15,302,15,288,15,181,-15" hai1="12,13,16,22,27,62,67,71,78,81,83,86,87" hai2="77,80,120,122,123,124,126" />
</Scene>
<Scene>
<INIT seed="2,2,1,3,4,30" ten="204,317,303,166" oya="2" hai0="62,126,61,103,42,33,53,121,0,74,10,28,109" hai1="37,52,15,67,56,131,93,12,14,123,29,71,65" hai2="6,105,69,7,94,107,116,76,9,59,45,60,128" hai3="20,17,22,88,72,39,110,40,31,97,77,54,127"/><V63/><F116/><W66/><G66/><T27/><D121/><U132/><E37/><V32/><F128/><W11/><G77/><T48/><D74/><U4/><E131/><V85/><F69/><W64/><G72/><T43/><D126/><U38/><E38/><V135/><F135/><W98/><G64/><T68/><D68/><U83/><E132/><V90/><F76/><W44/><G127/><T34/><D103/><U8/><E123/><V129/><F129/><W113/><G113/><T58/><D109/><U49/><E83/><V89/><F45/><W125/><G125/><T84/><D84/><U81/><E81/><V104/><F32/><W101/><G54/><T73/><D73/><U51/><E29/><V111/><F111/><W16/><G31/><T86/><D86/><U21/><E71/><V1/><F6/><W99/><G11/><T50/><D34/><U106/><E106/><V112/><F112/><W87/><G110/><T124/><D124/><U75/><E75/><V115/><F115/><W122/><G122/><T82/><D82/><U23/><E93/><V118/><F118/><W130/><G130/><T133/><D133/><U108/><E108/><V57/><REACH who="2" step="1"/><F90/><REACH who="2" ten="204,317,293,166" step="2"/><W46/><G44/><T3/><D43/><U134/><E134/><V102/><F102/><W80/><G101/><T36/><D42/><U19/><E49/><V96/><F96/><W2/><G39/><T95/><D36/><U35/><E35/><V41/><F41/><W120/><G40/><T119/><D48/><U24/><E4/><V117/><F117/><W70/><G120/><RYUUKYOKU ba="2,2" sc="204,-10,317,-10,293,30,166,-10" hai2="1,7,9,57,59,60,63,85,89,94,104,105,107" />
</Scene>
<Scene>
<INIT seed="2,3,2,4,2,123" ten="194,307,323,156" oya="2" hai0="89,132,7,78,108,56,5,41,54,98,27,9,109" hai1="32,118,23,84,110,40,65,77,31,20,44,38,75" hai2="130,59,63,105,120,24,53,112,45,48,30,14,83" hai3="91,115,88,58,97,51,49,35,57,25,69,72,134"/><V68/><F120/><W73/><G69/><T124/><D124/><U36/><E118/><V10/><F112/><W106/><G115/><T111/><D132/><U116/><E116/><V60/><F105/><W47/><G134/><T107/><D78/><U8/><E65/><V133/><F133/><W135/><G135/><T29/><D41/><U28/><E38/><V2/><F2/><W82/><G35/><N who="0" m="20927" /><D9/><U16/><E75/><V50/><F130/><W126/><G126/><T11/><D11/><U131/><E131/><V104/><F104/><W64/><G25/><T55/><D55/><U76/><E32/><V0/><F0/><W86/><G106/><T102/><D89/><U71/><E71/><V39/><F39/><W96/><G64/><T119/><D119/><U15/><E77/><V3/><F3/><W26/><G26/><T37/><D37/><U125/><E125/><V80/><F68/><W43/><G51/><AGARI ba="3,2" hai="5,7,51,54,56,98,102,107,108,109,111" m="20927" machi="51" ten="30,7700,0" yaku="14,1,52,3" doraHai="123" who="0" fromWho="3" sc="194,106,307,0,323,0,156,-86" />
</Scene>
<Scene>
<INIT seed="3,0,0,3,2,55" ten="300,307,323,70" oya="3" hai0="125,2,29,94,19,110,117,79,11,10,97,56,58" hai1="100,57,9,7,101,105,73,112,82,106,5,53,30" hai2="115,104,124,77,120,90,13,68,107,64,39,78,16" hai3="35,49,96,40,132,14,131,6,3,109,15,114,24"/><W76/><G114/><T4/><D117/><U43/><E112/><V46/><F115/><W72/><G3/><T50/><D125/><U86/><E73/><V61/><F124/><W85/><G72/><T60/><D79/><U126/><E126/><V103/><F120/><W18/><G131/><T33/><D33/><U98/><E43/><V123/><F123/><W32/><G132/><T26/><D29/><U63/><E30/><V83/><F90/><W37/><G37/><T66/><D2/><U116/><E116/><V36/><F46/><W128/><G128/><T0/><D0/><U54/><E9/><V17/><F77/><W108/><G96/><T1/><D1/><U23/><E23/><V89/><F89/><W74/><G74/><T119/><D4/><U21/><E21/><V20/><F17/><W121/><G121/><T31/><D31/><U48/><E100/><V25/><F25/><W99/><G99/><T67/><D119/><U102/><E101/><V51/><F51/><W134/><G134/><T133/><D133/><U22/><E22/><V65/><F65/><W59/><G6/><T130/><D130/><U95/><E105/><V75/><REACH who="2" step="1"/><F103/><REACH who="2" ten="300,307,313,70" step="2"/><W84/><G76/><T122/><D122/><U111/><E102/><V70/><F70/><W87/><G24/><T81/><D26/><U12/><E5/><V44/><F44/><W80/><G80/><T92/><D81/><U71/><E7/><V28/><F28/><W93/><G18/><T69/><D19/><U8/><E82/><V127/><F127/><W129/><G129/><T91/><D69/><RYUUKYOKU ba="0,1" sc="300,-10,307,-10,313,30,70,-10" hai2="13,16,20,36,39,61,64,68,75,78,83,104,107" />
</Scene>
<Scene>
<INIT seed="4,1,1,0,1,93" ten="290,297,343,60" oya="0" hai0="106,100,125,65,85,64,55,20,119,10,94,4,116" hai1="127,46,97,27,36,76,67,70,43,47,24,11,38" hai2="135,132,115,0,120,68,8,40,60,48,12,6,108" hai3="9,72,112,23,126,96,61,44,103,75,84,74,131"/><T69/><D125/><U88/><E127/><V57/><F108/><W15/><G126/><T83/><D106/><U82/><E11/><V50/><F120/><W114/><G131/><T28/><D69/><U90/><E70/><V71/><F115/><W118/><G118/><T7/><D7/><U37/><E67/><V62/><F0/><W53/><G23/><T80/><D119/><U123/><E123/><V101/><F101/><W129/><G84/><T79/><D83/><U34/><E34/><V87/><F87/><W107/><G129/><T33/><D33/><U3/><E3/><V109/><F109/><W117/><G117/><T124/><D116/><U13/><E13/><V63/><F57/><W51/><REACH who="3" step="1"/><G61/><REACH who="3" ten="290,297,343,50" step="2"/><T45/><D124/><U110/><E110/><V5/><F71/><W89/><G89/><T26/><D10/><U86/><E90/><V121/><F68/><W21/><G21/><T113/><D113/><U102/><E76/><V81/><F121/><W134/><G134/><T41/><D4/><AGARI ba="1,2" hai="4,9,15,44,51,53,72,74,75,96,103,107,112,114" machi="4" ten="40,2600,0" yaku="1,1,52,1,53,0" doraHai="93" doraHaiUra="14" who="3" fromWho="0" sc="290,-29,297,0,343,0,50,49" />
</Scene>
<Scene>
<INIT seed="5,0,0,2,3,84" ten="261,297,343,99" oya="1" hai0="6,114,129,0,36,14,135,77,66,97,58,29,12" hai1="130,94,104,87,120,25,44,109,56,7,52,37,134" hai2="63,4,40,86,24,103,46,110,15,72,127,38,50" hai3="99,107,124,106,43,42,22,64,47,13,51,133,16"/><U76/><E120/><V65/><F110/><W10/><G133/><T73/><D36/><U98/><E134/><V41/><F72/><W39/><G124/><T95/><D114/><U69/><E69/><V75/><F75/><W1/><G64/><T57/><D29/><U125/><E125/><V111/><F111/><W55/><G42/><T31/><D31/><U71/><E71/><V18/><F127/><W85/><G99/><T17/><D0/><U102/><E109/><V123/><F123/><W92/><G1/><T74/><D58/><U121/><E121/><V131/><F131/><W59/><REACH who="3" step="1"/><G10/><REACH who="3" ten="261,297,343,89" step="2"/><T81/><D135/><U34/><E98/><V49/><F41/><W3/><G3/><T90/><D129/><U9/><E9/><V27/><F65/><W119/><G119/><T45/><D6/><U79/><E7/><V35/><F4/><W105/><G105/><T122/><D122/><U67/><E104/><V61/><F40/><W128/><G128/><T26/><D74/><U108/><E130/><V23/><F38/><W60/><G60/><T101/><D101/><U117/><E102/><V118/><F103/><W83/><G83/><T116/><D116/><U132/><E117/><V2/><F118/><W48/><G48/><T93/><D73/><U11/><E37/><V68/><F49/><W88/><AGARI ba="0,1" hai="13,16,22,39,43,47,51,55,59,85,88,92,106,107" machi="88" ten="30,12000,2" yaku="1,1,0,1,25,2,52,1,54,2,53,0" doraHai="84" doraHaiUra="5" who="3" fromWho="3" sc="261,-30,297,-60,343,-30,89,130" />
</Scene>
<Scene>
<INIT seed="6,0,0,4,1,56" ten="231,237,313,219" oya="2" hai0="103,128,37,84,125,4,110,48,36,79,29,38,74" hai1="101,1,92,83,81,42,44,109,119,34,94,77,133" hai2="49,58,18,129,68,32,85,28,10,105,130,57,65" hai3="102,78,115,71,87,17,25,13,6,96,11,53,16"/><V33/><F105/><W20/><G71/><T5/><D110/><U46/><E109/><V99/><F99/><W30/><G115/><T88/><D103/><U93/><E119/><V104/><F104/><W41/><G41/><T97/><D74/><U21/><E34/><V3/><F68/><W47/><G78/><T2/><D2/><U89/><E1/><V95/><F28/><W12/><G12/><T35/><D79/><U45/><E133/><V59/><F65/><W131/><G131/><N who="2" m="50185" /><F49/><W40/><G87/><T121/><D97/><N who="1" m="59575" /><E42/><V69/><F69/><W39/><REACH who="3" step="1"/><G53/><REACH who="3" ten="231,237,313,209" step="2"/><T75/><D128/><U60/><E77/><V55/><F55/><W24/><G24/><T31/><D75/><U0/><E0/><V73/><F73/><W86/><G86/><T19/><D121/><U111/><E111/><V108/><F108/><W72/><G72/><T135/><D135/><U132/><E132/><V70/><F70/><W76/><G76/><T120/><D120/><U52/><E52/><V9/><F3/><W61/><G61/><T116/><D116/><U112/><E60/><V100/><F85/><W134/><G134/><T107/><D84/><N who="1" m="52263" /><E112/><V62/><F62/><W90/><G90/><T127/><D88/><U27/><E27/><V123/><F123/><W98/><G98/><T64/><D107/><AGARI ba="0,1" hai="6,11,13,16,17,20,25,30,39,40,47,96,102,107" machi="107" ten="30,3900,0" yaku="1,1,7,1,54,1,53,0" doraHai="56" doraHaiUra="63" who="3" fromWho="0" sc="231,-39,237,0,313,0,209,49" />
</Scene>
<Scene>
<INIT seed="7,0,0,3,0,44" ten="192,237,313,258" oya="3" hai0="122,92,65,50,110,42,39,18,116,71,13,24,82" hai1="32,59,17,38,16,35,64,31,21,117,23,80,27" hai2="121,75,20,77,73,51,48,84,26,91,94,118,104" hai3="88,40,99,43,130,106,22,0,67,108,79,69,93"/><W103/><G0/><T105/><D110/><U128/><E38/><V95/><F118/><W90/><G108/><T56/><D105/><U2/><E80/><V109/><F109/><W83/><G130/><T85/><D122/><U134/><E64/><V6/><F104/><W14/><G90/><T70/><D116/><U29/><E59/><V112/><F112/><W123/><G123/><T30/><D39/><U89/><E89/><V74/><F121/><W47/><G67/><T46/><D92/><U113/><E117/><V120/><F120/><W8/><G22/><N who="1" m="8202" /><E113/><V66/><F66/><W4/><G69/><T3/><D3/><U9/><E128/><V133/><F133/><W60/><G60/><T19/><D56/><U33/><E134/><V107/><F107/><W96/><REACH who="3" step="1"/><G47/><REACH who="3" ten="192,237,313,248" step="2"/><T37/><D71/><U115/><E115/><V49/><F91/><W1/><G1/><T54/><D65/><U10/><E33/><V97/><F20/><W101/><G101/><T119/><D70/><U58/><E58/><V98/><F77/><W100/><G100/><T125/><D119/><U132/><E132/><V25/><F75/><AGARI ba="0,1" hai="4,8,14,40,43,75,79,83,88,93,96,99,103,106" machi="75" ten="30,11600,0" yaku="1,1,7,1,54,1,53,1" doraHai="44" doraHaiUra="78" who="3" fromWho="2" sc="192,0,237,0,313,-116,248,126" owari="192,-31.0,237,4.0,197,-20.0,374,47.0" />
</Scene>
</mjloggm>