<mjloggm ver="2.3"><GO type="193"/><UN n0="%E5%A4%AA%E3%81%8F%E3%81%AA%E3%81%84%E3%81%8A" n1="%6E%6A%72%75%65" n2="%E7%86%9F%E5%A5%B3%E5%A6%96%E7%B2%BE%6D%6B%6F%30" n3="%E5%9B%A0%E6%95%B0%E8%A7%A3%E4%BD%93" dan="12,12,13,12" rate="1902,1740,1782,1905" sx="M,M,M,F"/><TAIKYOKU oya="0"/>

<Scene>
<INIT seed="0,0,0,4,2,84" ten="250,250,250,250" oya="0" hai0="117,75,44,21,3,26,133,85,28,77,105,48,1" hai1="29,32,70,69,66,41,100,108,49,126,50,113,78" hai2="61,107,125,83,79,9,56,97,55,11,92,98,15" hai3="93,52,60,39,23,63,129,103,59,7,64,135,10"/><T110/><D117/><U53/><E113/><V17/><F125/><W6/><G39/><T81/><D105/><U67/><E126/><V86/><F107/><W104/><G104/><T47/><D133/><U65/><E108/><V4/><REACH who="2" step="1"/><F92/><REACH who="2" ten="250,250,240,250" step="2"/><W102/><G135/><T119/><D110/><U94/><E78/><V96/><F96/><W13/><G129/><T42/><D119/><U82/><E82/><V131/><F131/><W91/><G102/><T62/><D75/><U89/><E100/><V90/><F90/><W73/><G103/><T40/><REACH who="0" step="1"/><D62/><REACH who="0" ten="240,250,240,250" step="2"/><U101/><E32/><V127/><F127/><W120/><G73/><T54/><D54/><U123/><E123/><V18/><F18/><N who="3" m="10703" /><G120/><T72/><D72/><U111/><E111/><V58/><F58/><N who="3" m="36887" /><G10/><T34/><D34/><U87/><E101/><V16/><F16/><W45/><G45/><T122/><D122/><U37/><E37/><AGARI ba="0,2" hai="1,3,21,26,28,37,40,42,44,47,48,77,81,85" machi="37" ten="30,2900,0" yaku="1,1,7,1,53,0" doraHai="84" doraHaiUra="124" who="0" fromWho="1" sc="240,49,250,-29,240,0,250,0" />
</Scene>
<Scene>
<INIT seed="0,1,0,0,1,107" ten="289,221,240,250" oya="0" hai0="109,65,96,37,22,14,115,117,32,2,43,114,98" hai1="69,35,62,101,127,80,111,91,94,82,131,125,54" hai2="121,20,87,28,116,124,132,106,112,51,24,4,129" hai3="60,74,39,27,120,41,12,49,46,100,64,134,85"/><T53/><D117/><U105/><E111/><V71/><F51/><W23/><G100/><T122/><D122/><U81/><E131/><V36/><F87/><W45/><G120/><T48/><D2/><U113/><E113/><V123/><F28/><W99/><G99/><T18/><D32/><U90/><E35/><V89/><F24/><W33/><G33/><T66/><D109/><U42/><E42/><V88/><F20/><W63/><G74/><T78/><D78/><U108/><E108/><V119/><F4/><W31/><G85/><T58/><D115/><U52/><E105/><V38/><F89/><W55/><G134/><T93/><D114/><U17/><E101/><V56/><F56/><W34/><G34/><T70/><D70/><U75/><E91/><V97/><F97/><W126/><G126/><N who="1" m="48138" /><E17/><V104/><F88/><W83/><G83/><T110/><D110/><U16/><E69/><V0/><F0/><W77/><G77/><T102/><REACH who="0" step="1"/><D98/><REACH who="0" ten="279,221,240,250" step="2"/><U57/><E54/><V5/><F124/><W9/><REACH who="3" step="1"/><G64/><REACH who="3" ten="279,221,240,240" step="2"/><T118/><D118/><U3/><E3/><V130/><F119/><W40/><G40/><T103/><D103/><U25/><E82/><V135/><F112/><W8/><G8/><T95/><D95/><U15/><E25/><V128/><F71/><W67/><G67/><T44/><AGARI ba="1,2" hai="14,18,22,37,43,44,48,53,58,65,66,93,96,102" machi="44" ten="30,3000,0" yaku="1,1,0,1,53,0" doraHai="107" doraHaiUra="7" who="0" fromWho="0" sc="279,53,221,-11,240,-11,240,-11" />
</Scene>
<Scene>
<INIT seed="0,2,0,1,4,70" ten="332,210,229,229" oya="0" hai0="71,22,105,121,31,80,61,108,123,117,2,128,126" hai1="119,14,125,5,63,92,0,130,23,98,15,8,28" hai2="94,85,134,93,53,88,75,64,38,34,82,25,7" hai3="132,56,52,66,101,39,48,131,47,110,3,12,120"/><T35/><RYUUKYOKU type="yao9" ba="2,0" sc="332,0,210,0,229,0,229,0" hai0="2,22,31,35,61,71,80,105,108,117,121,123,126,128" />
</Scene>
<Scene>
<INIT seed="0,3,0,0,4,63" ten="332,210,229,229" oya="0" hai0="54,11,21,71,82,12,105,36,44,85,24,46,10" hai1="38,62,119,117,75,56,121,109,133,78,98,32,66" hai2="113,110,25,129,104,68,89,5,112,8,28,131,51" hai3="111,123,116,0,50,95,72,127,124,48,84,88,73"/><T61/><D105/><U18/><E121/><V45/><F104/><W33/><G116/><T70/><D70/><U101/><E133/><V90/><F68/><W135/><G0/><T57/><D71/><U65/><E38/><V108/><F90/><W55/><G33/><T39/><D39/><U76/><E32/><N who="2" m="20495" /><F89/><W86/><G123/><T115/><D115/><U120/><E120/><V35/><F51/><W96/><G135/><T128/><D128/><N who="2" m="49226" /><F45/><N who="0" m="17514" /><D12/><U74/><E109/><N who="2" m="42091" /><F35/><W107/><G111/><T20/><D36/><U23/><E75/><N who="3" m="28746" /><G107/><T31/><D85/><N who="3" m="32873" /><G55/><T59/><D82/><U106/><E74/><V27/><F27/><W77/><G77/><T26/><D59/><U13/><REACH who="1" step="1"/><E66/><REACH who="1" ten="332,200,229,229" step="2"/><V100/><F100/><W4/><G4/><T87/><D87/><U17/><E17/><AGARI ba="3,1" hai="10,11,17,20,21,24,26,31,54,57,61" m="17514" machi="17" ten="30,1500,0" yaku="8,1" doraHai="63" who="0" fromWho="1" sc="332,34,200,-24,229,0,229,0" />
</Scene>
<Scene>
<INIT seed="0,4,0,0,1,21" ten="366,176,229,229" oya="0" hai0="78,111,100,122,42,26,81,131,38,110,70,28,106" hai1="93,83,121,19,123,55,48,64,11,37,118,108,128" hai2="57,54,99,35,101,23,33,12,84,50,95,114,105" hai3="10,7,39,79,60,59,16,126,74,135,92,75,45"/><T49/><D122/><U73/><E118/><V29/><F114/><W104/><G104/><T61/><D131/><U88/><E128/><V107/><F107/><W85/><G135/><T116/><D116/><U15/><E108/><N who="0" m="41513" /><D38/><U9/><E37/><V51/><F51/><W27/><G126/><T34/><D100/><U25/><E64/><V71/><F71/><W46/><G39/><T24/><D106/><U0/><E0/><V58/><F58/><W63/><G63/><T44/><D28/><U31/><E11/><V132/><F132/><W68/><G68/><T43/><D43/><U22/><E73/><V72/><F72/><W134/><G134/><T76/><D34/><U129/><E129/><V82/><F82/><N who="3" m="47327" /><G75/><N who="0" m="43167" /><D78/><U102/><E102/><V8/><F23/><N who="3" m="13799" /><G74/><T14/><D14/><U96/><REACH who="1" step="1"/><E83/><REACH who="1" ten="366,166,229,229" step="2"/><V5/><F29/><W66/><G92/><T86/><D86/><U13/><E13/><AGARI ba="4,1" hai="7,10,13,45,46,59,60,66" m="13799,47327" machi="13" ten="30,3900,0" yaku="8,1,52,1,54,1" doraHai="21" who="3" fromWho="1" sc="366,0,166,-51,229,0,229,61" />
</Scene>
<Scene>
<INIT seed="1,0,0,5,5,135" ten="366,115,229,290" oya="1" hai0="77,48,104,74,131,19,72,125,115,80,20,98,90" hai1="112,18,25,58,93,71,70,128,28,79,22,3,13" hai2="86,132,65,16,39,33,47,129,63,10,55,110,123" hai3="102,8,36,5,113,45,23,37,85,106,114,68,52"/><U43/><E112/><V122/><F132/><W73/><G73/><T121/><D115/><U91/><E128/><V50/><F33/><W42/><G68/><T66/><D131/><U103/><E103/><V29/><F29/><W32/><G32/><T30/><D121/><U2/><E2/><V4/><F129/><W105/><G37/><T35/><D35/><U127/><E127/><V124/><F124/><W87/><G106/><T130/><D130/><U99/><E79/><V75/><F75/><W96/><G113/><T12/><D125/><U83/><E83/><V134/><F134/><W21/><G21/><T61/><D30/><U111/><E111/><V57/><F110/><W60/><G23/><T133/><D133/><U119/><E119/><V62/><F62/><W34/><G34/><T95/><D48/><U14/><E43/><V59/><F86/><W120/><G120/><T56/><D104/><U82/><E82/><V24/><F59/><W92/><G105/><T1/><D1/><U78/><E78/><V54/><F54/><W81/><G114/><T88/><D74/><U44/><E3/><V17/><F39/><W109/><G109/><T15/><D90/><U108/><E108/><V94/><F94/><W51/><G60/><T11/><D11/><U89/><E44/><V49/><F49/><W27/><G81/><T107/><D107/><U97/><E14/><AGARI ba="0,0" hai="12,14,15,19,20,56,61,66,72,77,80,88,95,98" machi="14" ten="30,2000,0" yaku="7,1,54,1" doraHai="135" who="0" fromWho="1" sc="366,20,115,-20,229,0,290,0" />
</Scene>
<Scene>
<INIT seed="2,0,0,5,4,100" ten="386,95,229,290" oya="2" hai0="47,85,69,65,36,1,91,19,5,57,87,14,116" hai1="89,7,39,120,119,66,83,102,123,16,93,32,103" hai2="10,44,37,53,76,77,104,46,73,25,95,11,113" hai3="2,108,128,132,29,84,72,28,106,98,55,26,86"/><V30/><F113/><W27/><G2/><T109/><D69/><U99/><E39/><V111/><F37/><W40/><G72/><T22/><D109/><U124/><E66/><V17/><F73/><W24/><G40/><T112/><D112/><U79/><E32/><V135/><F135/><W61/><G108/><T9/><D116/><U20/><E7/><V18/><F111/><W78/><G132/><T56/><D65/><U41/><E41/><V31/><F95/><W134/><G134/><T60/><D60/><U38/><E38/><V80/><F25/><W71/><G128/><T122/><D122/><U96/><E124/><V3/><F3/><W74/><G71/><T114/><D114/><U64/><E64/><V101/><F101/><W15/><G15/><T117/><D117/><U115/><E115/><V58/><F58/><N who="3" m="35039" /><G106/><T121/><D121/><U6/><E6/><V75/><F75/><W8/><G8/><T107/><D107/><U63/><E63/><V34/><F104/><W70/><G70/><T125/><D125/><U90/><E119/><V126/><F126/><W52/><G98/><T23/><D23/><U110/><E110/><V59/><F59/><W130/><G130/><T94/><D85/><U127/><E127/><V45/><F45/><W4/><G4/><T54/><D36/><U67/><E67/><V97/><F34/><W129/><G74/><T13/><D1/><U12/><E123/><V33/><F33/><W131/><G78/><T105/><D105/><U133/><E133/><V43/><F43/><W51/><G131/><T81/><D94/><RYUUKYOKU ba="0,0" sc="386,30,95,-10,229,-10,290,-10" hai0="5,9,13,14,19,22,47,54,56,57,81,87,91" />
</Scene>
<Scene>
<INIT seed="3,1,0,3,3,58" ten="416,85,219,280" oya="3" hai0="123,81,41,6,67,106,50,125,60,108,101,63,80" hai1="86,88,8,73,89,38,92,94,31,102,79,23,17" hai2="28,119,107,35,36,64,18,78,44,16,34,1,91" hai3="10,40,110,26,7,25,4,124,128,105,115,129,45"/><W20/><G105/><T100/><D123/><U75/><E38/><V83/><F119/><W87/><G115/><T111/><D125/><U12/><E31/><V135/><F107/><W21/><G124/><T72/><D6/><N who="3" m="2089" /><G87/><T57/><D63/><U30/><E30/><V66/><F1/><W46/><G110/><N who="0" m="42027" /><D72/><N who="1" m="27723" /><E23/><N who="3" m="8778" /><G40/><T37/><D37/><U56/><E17/><V19/><F135/><W14/><G14/><T54/><D41/><U82/><E12/><V127/><F127/><W69/><G10/><T112/><D112/><U62/><E8/><V24/><F35/><W134/><G134/><T0/><D0/><U103/><E56/><V77/><F36/><W47/><G69/><N who="0" m="42215" /><D106/><U131/><E62/><V27/><F44/><W70/><G70/><T11/><D11/><U109/><E109/><V13/><F13/><W43/><G43/><T2/><D2/><U130/><E130/><AGARI ba="1,0" hai="25,26,45,46,47,128,129,130" m="8778,2089" machi="130" ten="40,7700,0" yaku="28,2,19,1" doraHai="58" who="3" fromWho="1" sc="416,0,85,-80,219,0,280,80" />
</Scene>
<Scene>
<INIT seed="3,2,0,3,5,133" ten="416,5,219,360" oya="3" hai0="37,132,109,18,112,56,0,65,49,131,42,82,135" hai1="24,124,53,119,64,58,101,122,93,75,66,113,40" hai2="78,48,70,104,4,57,126,117,17,130,80,36,84" hai3="86,41,31,44,79,134,114,96,62,116,123,92,25"/><W2/><G123/><T72/><D0/><U74/><E24/><V108/><F117/><W32/><G116/><T52/><D109/><U7/><E7/><V60/><F104/><W22/><G114/><T59/><D112/><U23/><E23/><V39/><F4/><W3/><G32/><T10/><D131/><U110/><E101/><V118/><F17/><W35/><G35/><T76/><D37/><N who="2" m="14410" /><F78/><W95/><G134/><N who="0" m="51243" /><D42/><U97/><E93/><V11/><F11/><W6/><G62/><N who="0" m="38087" /><D18/><U21/><E97/><V83/><F84/><W28/><G28/><T54/><D54/><U98/><E98/><V63/><F80/><N who="3" m="47391" /><G3/><T20/><D20/><U12/><E12/><V128/><F83/><W81/><G2/><T67/><D67/><U94/><E94/><V103/><F103/><N who="3" m="60807" /><G6/><T87/><D10/><U85/><E85/><AGARI ba="2,0" hai="49,52,59,72,76,82,85,87" m="38087,51243" machi="85" ten="30,2000,0" yaku="20,1,54,1" doraHai="133" who="0" fromWho="1" sc="416,26,5,-26,219,0,360,0" owari="442,54.0,-21,-52.0,219,-18.0,360,16.0" />
</Scene>
</mjloggm>