<mjloggm ver="2.3"><GO type="97"/><UN n0="%E3%82%A2%E3%83%8A%E3%83%AD%E3%82%B0%E4%BB%99%E4%BA%BA" n1="%E5%A4%AA%E3%81%8F%E3%81%AA%E3%81%84%E3%81%8A" n2="%4D%61%6B%69%6D%75%72%61" n3="%E7%86%9F%E5%A5%B3%E5%A6%96%E7%B2%BE%6D%6B%6F%30" dan="14,13,13,13" rate="1835,2005,1807,1830" sx="M,M,M,M"/><TAIKYOKU oya="0"/>

<Scene>
<INIT seed="0,0,0,2,0,90" ten="250,250,250,250" oya="0" hai0="130,99,97,87,102,74,8,49,32,104,35,124,48" hai1="132,61,117,106,70,33,103,10,120,78,53,50,128" hai2="12,41,82,56,118,58,125,30,21,67,24,29,36" hai3="15,64,13,131,127,45,92,34,86,129,40,57,65"/><T23/><D74/><U123/><E117/><V60/><F125/><W3/><G34/><T84/><D124/><U112/><E33/><V98/><F118/><W62/><G3/><T1/><D1/><U76/><E106/><V26/><F36/><W80/><G65/><T108/><D130/><N who="3" m="49673" /><G127/><T18/><D8/><U79/><E128/><V54/><F12/><W107/><G107/><T71/><D71/><U72/><E72/><V5/><F5/><W39/><G80/><T69/><D69/><U25/><E103/><V22/><F41/><W135/><G135/><T111/><D35/><U88/><E25/><V94/><F82/><W9/><G9/><T95/><D32/><U114/><E10/><V110/><F110/><N who="0" m="42026" /><D87/><U81/><E132/><V100/><F56/><W75/><G75/><T46/><D84/><N who="1" m="50191" /><E61/><V109/><F109/><W17/><G17/><T93/><D46/><N who="1" m="27863" /><E70/><V115/><F115/><AGARI ba="0,0" hai="76,78,79,112,114,115,120,123" m="27863,50191" machi="115" ten="30,2000,0" yaku="11,1,54,1" doraHai="90" who="1" fromWho="2" sc="250,0,250,20,250,-20,250,0" />
</Scene>
<Scene>
<INIT seed="1,0,0,0,5,47" ten="250,270,230,250" oya="1" hai0="57,51,87,80,102,101,67,98,127,64,66,3,103" hai1="75,34,130,115,59,92,114,96,126,55,7,119,74" hai2="14,85,39,77,37,31,25,113,2,109,68,79,8" hai3="50,65,56,58,42,20,100,10,91,84,122,70,28"/><U12/><E119/><V61/><F109/><W69/><G122/><T53/><D3/><U72/><E34/><V81/><F2/><W125/><G125/><T90/><REACH who="0" step="1"/><D127/><REACH who="0" ten="240,270,230,250" step="2"/><U62/><E126/><V99/><F113/><W4/><G70/><T132/><D132/><U35/><E130/><V111/><F111/><W54/><G69/><T40/><D40/><U17/><E35/><V106/><F68/><W116/><G116/><T48/><D48/><U26/><E7/><V63/><F37/><W45/><G42/><T121/><D121/><U120/><E120/><V128/><F39/><W95/><G65/><T73/><D73/><U11/><REACH who="1" step="1"/><E26/><REACH who="1" ten="240,260,230,250" step="2"/><V5/><F128/><W108/><G108/><T9/><D9/><U117/><E117/><V22/><F5/><W44/><G10/><T133/><D133/><U107/><E107/><AGARI ba="0,2" hai="51,53,57,64,66,67,80,87,90,98,101,102,103,107" machi="107" ten="40,2600,0" yaku="1,1,52,1,53,0" doraHai="47" doraHaiUra="71" who="0" fromWho="1" sc="240,46,260,-26,230,0,250,0" />
</Scene>
<Scene>
<INIT seed="2,0,0,1,5,22" ten="286,234,230,250" oya="2" hai0="10,33,39,6,95,115,26,43,116,121,24,54,93" hai1="126,94,103,105,128,17,4,122,129,70,53,108,23" hai2="29,60,130,51,83,58,19,59,85,46,7,102,104" hai3="135,109,18,88,107,97,120,8,40,63,74,15,3"/><V48/><F130/><N who="1" m="50281" /><E70/><V21/><F104/><W65/><G120/><T81/><D121/><U73/><E73/><V55/><F102/><W106/><G74/><T30/><D115/><U92/><E122/><V62/><F7/><W1/><G135/><T119/><D81/><U79/><E79/><V2/><F2/><W44/><G109/><T36/><D54/><U25/><E108/><V5/><F5/><W49/><G107/><T71/><D71/><U76/><E76/><V124/><F124/><W123/><G106/><T35/><D43/><U111/><E111/><V114/><F114/><W91/><G123/><T96/><D10/><U13/><E126/><V132/><F132/><W127/><G127/><T45/><D6/><U69/><E69/><V50/><F29/><W131/><G131/><T57/><D57/><U112/><E53/><V16/><F21/><W64/><G64/><T78/><D78/><U84/><E112/><V98/><F98/><W72/><G72/><T38/><D45/><U87/><E105/><V0/><F0/><W61/><G61/><N who="2" m="23657" /><F59/><W75/><G75/><T47/><D47/><U37/><E37/><V86/><F83/><W27/><G1/><T68/><D68/><U82/><E103/><V12/><F12/><W66/><G3/><T9/><D9/><N who="1" m="4263" /><E82/><V118/><F118/><N who="0" m="45098" /><D96/><U80/><E80/><V100/><F100/><W56/><G66/><T41/><D41/><U67/><E67/><V89/><F58/><W42/><G42/><T28/><AGARI ba="0,0" hai="24,26,28,30,33,35,36,38,39,93,95" m="45098" machi="28" ten="40,5200,0" yaku="12,1,52,2" doraHai="22" who="0" fromWho="0" sc="286,52,234,-13,230,-26,250,-13" />
</Scene>
<Scene>
<INIT seed="3,0,0,1,4,29" ten="338,221,204,237" oya="3" hai0="57,31,90,26,77,98,8,35,37,60,99,91,121" hai1="135,88,129,34,131,41,40,108,21,83,19,33,115" hai2="13,10,25,72,50,87,109,7,28,46,132,49,54" hai3="55,59,126,38,53,43,89,114,120,112,118,100,110"/><W15/><G120/><T80/><D37/><U75/><E115/><V20/><F132/><W32/><G118/><T4/><D121/><U127/><E135/><V17/><F109/><W97/><G126/><T119/><D119/><U85/><E75/><V36/><F72/><W45/><G32/><N who="1" m="12394" /><E127/><V92/><F36/><W58/><G110/><T62/><D62/><U93/><E93/><V51/><F92/><W74/><G74/><T3/><D77/><U65/><E65/><V79/><F79/><W67/><G67/><T104/><D104/><U47/><E47/><V107/><F107/><W30/><G30/><T1/><D1/><U84/><E84/><V11/><F87/><W73/><G73/><T105/><D105/><U86/><E86/><V117/><F117/><W0/><G0/><T128/><D80/><U124/><E124/><V96/><F96/><W9/><G89/><T69/><D69/><U27/><E108/><V42/><F42/><W22/><G22/><T63/><D99/><U81/><E81/><V5/><F28/><W56/><G97/><T94/><D98/><U133/><E133/><V103/><F103/><W70/><G70/><T6/><D91/><U95/><E83/><V106/><F106/><W44/><G100/><T61/><D90/><U82/><E82/><V125/><F125/><W101/><G101/><T78/><D78/><U71/><E71/><V14/><AGARI ba="0,0" hai="5,7,10,11,13,14,17,20,25,46,49,50,51,54" machi="14" ten="20,5200,0" yaku="0,1,7,1,9,1,8,1" doraHai="29" who="2" fromWho="2" sc="338,-13,221,-13,204,52,237,-26" owari="325,42.0,208,-29.0,256,6.0,211,-19.0" />
</Scene>
</mjloggm>