<mjloggm ver="2.3"><GO type="169" lobby="0"/><UN n0="%E3%80%93%E6%9D%BE%E4%BA%95%EF%BC%A3%EF%BC%B3%E3%80%93" n1="%E5%A4%AA%E3%81%8F%E3%81%AA%E3%81%84%E3%81%8A" n2="%E3%81%9D%E3%82%8B%E3%81%BE%E3%81%A3%E3%81%8F" n3="%E3%81%B4%E3%81%AE" dan="18,18,16,16" rate="2196.37,2169.59,2036.64,2105.57" sx="M,F,M,M"/><TAIKYOKU oya="0"/>

<Scene>
<INIT seed="0,0,0,4,4,10" ten="250,250,250,250" oya="0" hai0="80,87,31,126,62,105,110,36,44,38,112,27,98" hai1="90,16,115,37,127,78,83,70,117,107,100,73,51" hai2="122,91,116,133,74,60,18,88,35,120,103,15,9" hai3="45,17,84,128,118,106,131,121,54,132,12,8,109"/><T23/><D112/><U57/><E117/><V75/><F35/><W6/><G118/><T11/><D126/><U102/><E37/><V7/><F116/><W114/><G106/><T49/><D110/><U67/><E127/><V130/><F103/><W29/><G114/><T86/><D86/><U50/><E115/><V111/><F111/><W52/><G109/><T42/><D62/><U43/><E70/><V79/><F60/><W94/><G132/><T55/><D98/><U30/><E30/><V129/><F133/><W113/><G29/><T5/><D105/><U32/><E32/><V125/><F18/><W33/><G33/><T46/><D46/><U101/><E107/><V92/><F125/><W53/><G121/><N who="2" m="46697" /><F79/><W1/><G45/><T25/><D25/><U48/><E43/><V39/><F39/><W14/><G113/><T4/><D4/><U135/><E135/><V104/><F104/><W19/><G94/><T82/><D82/><U47/><E47/><V64/><F64/><W81/><G1/><T24/><D24/><U134/><E134/><V76/><F76/><W71/><G71/><T68/><D68/><U3/><E3/><V22/><F22/><W97/><G97/><T85/><D42/><U89/><E16/><V2/><F2/><W28/><G28/><T63/><D80/><U56/><REACH who="1" step="1"/><E67/><REACH who="1" ten="250,240,250,250" step="2"/><V69/><F69/><W65/><G65/><T61/><D38/><U72/><E72/><N who="2" m="27691" /><F92/><W124/><G124/><T95/><D36/><U77/><E77/><V119/><F119/><W26/><G19/><T20/><D31/><U66/><E66/><RYUUKYOKU ba="0,1" sc="250,-15,240,15,250,15,250,-15" hai1="48,50,51,56,57,73,78,83,89,90,100,101,102" hai2="7,9,15,88,91,129,130" />
</Scene>
<Scene>
<INIT seed="1,1,1,1,2,84" ten="235,255,265,235" oya="1" hai0="52,53,76,88,118,125,72,1,110,5,48,10,134" hai1="92,22,68,25,17,130,91,45,117,31,60,79,18" hai2="56,108,12,69,2,7,78,135,75,101,82,71,94" hai3="102,81,114,83,49,37,36,100,113,80,55,129,122"/><U0/><E117/><V93/><F2/><W107/><G122/><T105/><D118/><U29/><E0/><V44/><F56/><W77/><G77/><T54/><D105/><U14/><E130/><V33/><F33/><W99/><G129/><T13/><D72/><U9/><E79/><V57/><F57/><W42/><G102/><T39/><D39/><U133/><E133/><V67/><F44/><W41/><G36/><T51/><D76/><U132/><E132/><V112/><F135/><W109/><G109/><T124/><D134/><U62/><E45/><V131/><F131/><W4/><G4/><T121/><D110/><U26/><E68/><V46/><F46/><W104/><G104/><T111/><D111/><U116/><E116/><V106/><F108/><W90/><G90/><T120/><D1/><U11/><E11/><N who="2" m="4223" /><F67/><W21/><G21/><T6/><D6/><U30/><REACH who="1" step="1"/><E26/><REACH who="1" ten="235,245,265,235" step="2"/><V61/><F69/><W8/><G8/><T20/><D121/><U74/><E74/><V58/><F71/><W119/><G119/><T95/><D120/><U86/><AGARI ba="1,2" hai="9,14,17,18,22,25,29,30,31,60,62,86,91,92" machi="86" ten="30,11700,0" yaku="1,1,0,1,8,1,52,1,53,0" doraHai="84" doraHaiUra="65" who="1" fromWho="1" sc="235,-40,245,140,265,-40,235,-40" />
</Scene>
<Scene>
<INIT seed="1,2,0,2,2,26" ten="195,385,225,195" oya="1" hai0="76,18,70,86,10,36,78,28,100,7,79,99,124" hai1="77,135,29,104,20,55,13,102,60,34,38,3,17" hai2="67,49,14,73,16,131,116,75,114,91,126,5,85" hai3="66,1,98,61,107,125,24,44,130,118,69,94,15"/><U22/><E38/><V27/><F116/><W96/><G1/><T97/><D70/><U81/><E3/><V129/><F67/><W62/><G118/><T71/><D71/><U40/><E135/><V52/><F126/><W83/><G125/><T35/><D124/><U80/><E34/><V19/><F5/><W23/><G130/><N who="2" m="49673" /><F114/><W32/><G44/><T115/><D115/><U65/><E40/><V92/><F27/><W47/><G47/><T45/><D18/><N who="2" m="6698" /><F14/><W21/><G15/><T95/><D10/><U105/><E65/><V120/><F120/><W48/><G66/><T127/><D7/><U12/><E17/><V37/><F37/><W56/><G24/><T117/><D127/><U123/><E123/><V53/><F53/><W108/><G69/><T101/><D117/><U90/><E55/><V46/><AGARI ba="2,0" hai="46,49,52,73,75,85,91,92" m="6698,49673" machi="46" ten="30,4000,0" yaku="19,1,54,2" doraHai="26" who="2" fromWho="2" sc="195,-12,385,-22,225,46,195,-12" />
</Scene>
<Scene>
<INIT seed="2,0,0,1,3,16" ten="183,363,271,183" oya="2" hai0="93,61,117,28,48,66,11,113,112,85,46,21,121" hai1="0,80,90,12,44,39,18,111,24,20,131,49,45" hai2="109,34,30,133,42,47,91,41,99,37,77,67,101" hai3="60,27,69,19,107,76,26,51,130,126,35,84,74"/><V92/><F133/><W38/><G38/><T97/><D121/><U135/><E0/><V58/><F42/><W128/><G126/><T3/><D117/><U105/><E105/><V55/><F77/><W129/><G107/><T83/><D3/><U125/><E125/><V132/><F132/><W25/><G74/><T108/><D11/><U40/><E135/><V13/><F13/><W124/><G124/><T15/><D108/><U102/><E102/><V79/><F79/><W127/><G127/><T5/><D5/><U87/><E111/><V103/><F109/><W10/><G51/><T72/><D72/><U106/><E106/><V94/><F67/><N who="3" m="41191" /><G35/><T1/><D1/><U119/><E131/><V115/><F115/><W23/><G10/><T29/><D113/><U32/><E119/><V120/><F120/><W104/><G104/><T52/><D112/><U75/><E75/><V22/><F34/><W86/><G76/><N who="0" m="46311" /><D61/><U118/><E118/><V114/><F114/><W57/><G57/><T73/><D66/><U68/><E68/><V36/><F36/><W4/><G4/><T95/><D73/><U78/><E78/><V31/><F103/><W64/><G64/><T17/><D95/><U8/><E32/><V88/><F101/><AGARI ba="0,0" hai="15,17,21,28,29,46,48,52,93,97,101" m="46311" machi="101" ten="30,3900,0" yaku="8,1,52,1,54,1" doraHai="16" who="0" fromWho="2" sc="183,39,363,0,271,-39,183,0" />
</Scene>
<Scene>
<INIT seed="3,0,0,0,5,128" ten="222,363,232,183" oya="3" hai0="48,118,46,97,101,55,71,31,52,90,113,37,61" hai1="8,60,34,11,85,115,109,7,91,106,28,65,33" hai2="105,135,122,44,72,121,35,70,68,134,17,14,116" hai3="19,74,2,24,133,16,1,124,129,123,99,13,6"/><W58/><G74/><T22/><D118/><U86/><E115/><V84/><F72/><W94/><G123/><N who="2" m="47113" /><F105/><W96/><G129/><T21/><D113/><U130/><E106/><V103/><F35/><W41/><G124/><T110/><D110/><U45/><E109/><V111/><F111/><W29/><G41/><T93/><D37/><U3/><E130/><V23/><F116/><W125/><G125/><T98/><D31/><U78/><E45/><V20/><F103/><W10/><G58/><N who="0" m="35015" /><D71/><N who="2" m="27178" /><F44/><W40/><G40/><T77/><D77/><U95/><E28/><V49/><F49/><W5/><G94/><AGARI ba="0,0" hai="21,22,46,48,55,90,93,94,97,98,101" m="35015" machi="94" ten="30,2000,0" yaku="8,1,54,1" doraHai="128" who="0" fromWho="3" sc="222,20,363,0,232,0,183,-20" />
</Scene>
<Scene>
<INIT seed="4,0,0,0,4,12" ten="242,363,232,163" oya="0" hai0="41,44,29,68,89,93,133,55,62,112,127,57,8" hai1="43,134,65,119,46,84,37,100,107,19,82,45,9" hai2="33,85,67,21,1,23,109,99,69,77,121,117,129" hai3="53,36,78,6,115,34,11,61,81,114,86,125,130"/><T118/><D118/><U76/><E119/><V30/><F1/><W70/><G130/><T104/><D104/><U50/><E134/><V91/><F117/><W25/><G125/><T97/><D133/><U3/><E65/><V13/><F109/><W31/><G36/><T80/><D127/><U102/><E107/><V126/><F121/><W10/><G53/><T47/><D112/><N who="3" m="43049" /><G6/><T132/><D132/><U128/><E128/><V49/><F129/><W59/><G59/><T101/><D68/><U48/><E37/><V122/><F67/><AGARI ba="0,0" hai="10,11,25,31,34,61,67,70,78,81,86" m="43049" machi="67" ten="30,1000,0" yaku="15,1" doraHai="12" who="3" fromWho="2" sc="242,0,363,0,232,-10,163,10" />
</Scene>
<Scene>
<INIT seed="5,0,0,5,1,82" ten="242,363,222,173" oya="1" hai0="34,6,4,68,8,98,126,73,123,0,35,51,44" hai1="66,64,53,124,46,27,24,103,74,13,56,52,121" hai2="72,129,102,75,122,105,131,128,57,23,96,115,40" hai3="65,113,112,25,116,91,133,130,107,109,87,108,12"/><U89/><E121/><V78/><F122/><W83/><G65/><N who="1" m="25194" /><E74/><V49/><F115/><N who="3" m="44107" /><G25/><N who="1" m="9802" /><E124/><V41/><F23/><W111/><G12/><T42/><D123/><U22/><E103/><V20/><F20/><W39/><G39/><T100/><D68/><U3/><E3/><V67/><F78/><N who="3" m="46583" /><G133/><T5/><D73/><N who="2" m="28234" /><F49/><W81/><G130/><N who="2" m="33281" /><V61/><AGARI ba="0,0" hai="40,41,57,61,67,96,102,105" m="33281,28234" machi="61" ten="50,3200,0" yaku="4,1,19,1" doraHai="82" who="2" fromWho="2" sc="242,-8,363,-16,222,32,173,-8" />
</Scene>
<Scene>
<INIT seed="6,0,0,2,5,40" ten="234,347,254,165" oya="2" hai0="67,39,88,101,70,6,25,7,89,43,31,132,52" hai1="23,30,47,76,41,87,77,49,110,120,71,125,117" hai2="51,121,27,131,62,15,48,115,103,56,93,81,32" hai3="135,127,61,109,130,84,113,63,1,95,8,54,16"/><V24/><F121/><W36/><G109/><T44/><D132/><U129/><E110/><V105/><F105/><W100/><G135/><T2/><D101/><U92/><E117/><V118/><F118/><W60/><G130/><T59/><D67/><U97/><E71/><V82/><F131/><W72/><G72/><T124/><D70/><U37/><E129/><V111/><F111/><W94/><G36/><T20/><D124/><U42/><E125/><V22/><F115/><W12/><G127/><T112/><D112/><U107/><E107/><V0/><F0/><W128/><G128/><T99/><D2/><U4/><E4/><V53/><F32/><W18/><G1/><T46/><D43/><U119/><E119/><V104/><F104/><W114/><G113/><T45/><D39/><U90/><E120/><V79/><F15/><W69/><G114/><T102/><D102/><N who="1" m="60711" /><E42/><V78/><F103/><W19/><G69/><T5/><D99/><U13/><E37/><V122/><F93/><W3/><G3/><T123/><D123/><U14/><E30/><N who="2" m="17687" /><F27/><W106/><G106/><T116/><D116/><U35/><E35/><V68/><F68/><W21/><G100/><T58/><D58/><U28/><E28/><V96/><F122/><W50/><G84/><T86/><D86/><U17/><E13/><V57/><F96/><W133/><G133/><T26/><D25/><U55/><E41/><V91/><F56/><W66/><G66/><T126/><D126/><U34/><E34/><V73/><F91/><W33/><G33/><T10/><D10/><U29/><E29/><RYUUKYOKU ba="0,0" sc="234,10,347,10,254,10,165,-30" hai0="5,6,7,20,26,31,44,45,46,52,59,88,89" hai1="14,17,23,47,49,55,76,77,87,90" hai2="48,51,53,57,62,73,78,79,81,82" />
</Scene>
<Scene>
<INIT seed="6,1,0,4,0,85" ten="244,357,264,135" oya="2" hai0="129,102,72,110,45,121,77,78,106,41,59,53,29" hai1="112,26,87,83,20,132,56,105,67,80,120,82,42" hai2="5,79,76,7,30,48,107,111,32,10,17,8,123" hai3="58,75,81,57,98,113,68,27,94,63,21,49,46"/><V66/><F107/><W131/><G131/><T74/><D121/><U22/><E105/><V13/><F66/><W2/><G2/><T133/><D110/><U117/><E117/><V55/><F123/><W64/><G113/><T108/><D108/><U44/><E112/><V1/><F111/><W14/><G14/><T115/><D115/><U99/><E99/><V3/><F30/><W116/><G81/><T134/><D29/><U73/><E73/><V9/><REACH who="2" step="1"/><F32/><REACH who="2" ten="244,357,254,135" step="2"/><W33/><G33/><T86/><D106/><U28/><E120/><V127/><F127/><W23/><G116/><T54/><D129/><U37/><E67/><V88/><F88/><W90/><G75/><T93/><D74/><U101/><E28/><V92/><F92/><W96/><G96/><T128/><D72/><U97/><E97/><V119/><F119/><W6/><G90/><T36/><D128/><U65/><E65/><V89/><F89/><W35/><G94/><T100/><D78/><U61/><E82/><V4/><F4/><W125/><G6/><T15/><D93/><U40/><E80/><V16/><F16/><W0/><G125/><T118/><D118/><U19/><E19/><V25/><F25/><W84/><G27/><T109/><D109/><U126/><E26/><V11/><F11/><W62/><G35/><T70/><D77/><U38/><E126/><V31/><F31/><W91/><G91/><T39/><D86/><U104/><E87/><V24/><F24/><W130/><G84/><T52/><D102/><U51/><E101/><V114/><F114/><W47/><G130/><RYUUKYOKU ba="1,1" sc="244,-10,357,-10,254,30,135,-10" hai2="1,3,5,7,8,9,10,13,17,48,55,76,79" />
</Scene>
<Scene>
<INIT seed="6,2,1,1,1,43" ten="234,347,284,125" oya="2" hai0="0,108,133,34,57,55,36,29,3,58,130,93,20" hai1="1,118,39,37,8,63,126,127,11,42,89,66,26" hai2="53,115,110,102,83,40,15,99,64,30,46,28,35" hai3="109,86,31,32,107,85,135,82,18,5,72,68,96"/><V91/><F64/><W54/><G68/><T105/><D105/><U75/><E118/><V90/><F15/><W76/><G5/><T56/><D108/><U21/><E75/><V88/><F110/><W124/><G32/><T97/><D34/><U10/><E1/><V14/><F83/><W117/><G31/><N who="2" m="11817" /><F35/><W95/><G117/><T22/><D133/><U123/><E123/><V47/><F115/><W52/><G109/><T51/><D36/><U111/><E111/><V41/><F14/><W24/><G135/><T65/><D130/><U25/><E25/><V122/><F122/><W103/><G124/><T45/><D20/><U9/><E9/><V61/><F61/><W23/><REACH who="3" step="1"/><G85/><REACH who="3" ten="234,347,284,115" step="2"/><T59/><D0/><U62/><E127/><V120/><F120/><W104/><G104/><T67/><D3/><U12/><E126/><V100/><F99/><W60/><G60/><T113/><D113/><U77/><E62/><V84/><F84/><W49/><G49/><T50/><D50/><U71/><E63/><V4/><F4/><W48/><G48/><T121/><D121/><U7/><E7/><V79/><F53/><W2/><G2/><T114/><D114/><U116/><E116/><V87/><F87/><W132/><G132/><T6/><D6/><U70/><E70/><V80/><F41/><W125/><G125/><T78/><D59/><U16/><E71/><V44/><F40/><W73/><G73/><T128/><D58/><U81/><E42/><V129/><F129/><W92/><G92/><T13/><D128/><U33/><E33/><V94/><F94/><RYUUKYOKU ba="2,2" sc="234,-15,347,-15,284,15,115,15" hai2="44,46,47,79,80,88,90,91,100,102" hai3="18,23,24,52,54,72,76,82,86,95,96,103,107" />
</Scene>
<Scene>
<INIT seed="6,3,2,2,3,67" ten="219,332,299,130" oya="2" hai0="90,30,92,40,20,75,115,82,13,128,51,88,78" hai1="70,87,56,84,134,109,99,112,114,42,35,8,86" hai2="50,65,126,34,22,52,48,47,122,66,33,19,111" hai3="16,2,133,7,117,125,74,77,1,101,37,3,127"/><V45/><F122/><W93/><G37/><T9/><D115/><N who="1" m="44075" /><E109/><V32/><F111/><W54/><G74/><T79/><D128/><U61/><E134/><V100/><F100/><W25/><G77/><T24/><D79/><U129/><E129/><V106/><F106/><W81/><G81/><T95/><D95/><U103/><E35/><V98/><F98/><W108/><G54/><T46/><REACH who="0" step="1"/><D92/><REACH who="0" ten="209,332,299,130" step="2"/><U59/><E99/><V5/><F126/><N who="3" m="48139" /><G108/><T71/><D71/><U94/><E70/><V14/><REACH who="2" step="1"/><F5/><AGARI ba="3,3" hai="5,9,13,20,24,30,40,46,51,75,78,82,88,90" machi="5" ten="30,3900,0" yaku="1,1,7,1,54,1,53,0" doraHai="67" doraHaiUra="15" who="0" fromWho="2" sc="209,78,332,0,299,-48,130,0" />
</Scene>
<Scene>
<INIT seed="7,0,0,1,2,62" ten="287,332,251,130" oya="3" hai0="22,76,8,54,103,120,106,51,97,52,0,53,99" hai1="81,100,111,36,72,68,135,69,37,6,129,45,43" hai2="41,128,32,47,101,126,65,112,90,64,61,102,75" hai3="123,115,30,60,15,63,119,56,118,9,34,21,132"/><W134/><G123/><T57/><D120/><U4/><E111/><V83/><F32/><W29/><G63/><T67/><D76/><U38/><E100/><N who="2" m="38507" /><F61/><W95/><G95/><T33/><D33/><U131/><E135/><N who="3" m="51754" /><G115/><T44/><D99/><U93/><E93/><V17/><F112/><W127/><G127/><T114/><D114/><U20/><E20/><V16/><F75/><W79/><G79/><T73/><D73/><U70/><E81/><V23/><F126/><W113/><G113/><T71/><D22/><U50/><E72/><V14/><F128/><AGARI ba="0,0" hai="4,6,36,37,38,43,45,50,68,69,70,128,129,131" machi="128" ten="50,1600,0" yaku="19,1" doraHai="62" who="1" fromWho="2" sc="287,0,332,16,251,-16,130,0" owari="287,9.0,348,44.0,235,-16.0,130,-37.0" />
</Scene>
</mjloggm>