<mjloggm ver="2.3"><GO type="169"/><UN n0="%E5%94%AF%E4%B8%98%E6%A9%98%E8%91%89" n1="%2D%72%6F%6E%2D" n2="%E5%A4%AA%E3%81%8F%E3%81%AA%E3%81%84%E3%81%8A" n3="%40%E9%A6%AC%E6%9D%89%E5%AF%A7%E9%A6%99" dan="16,17,18,17" rate="2105,2190,2179,2179" sx="F,M,M,M"/><TAIKYOKU oya="0"/>

<Scene>
<INIT seed="0,0,0,5,5,108" ten="250,250,250,250" oya="0" hai0="61,54,95,129,11,102,49,2,83,87,130,116,67" hai1="33,46,128,31,0,120,82,94,48,1,29,64,71" hai2="70,42,98,91,4,103,88,66,9,44,63,78,24" hai3="28,111,19,124,101,27,52,81,126,72,85,12,41"/><T110/><D116/><U34/><E120/><V86/><F24/><W76/><G111/><T131/><D110/><U123/><E123/><V121/><F121/><W114/><G41/><T69/><D102/><U89/><E128/><V113/><F113/><W119/><G119/><T80/><D95/><U21/><E64/><V59/><F70/><W51/><G101/><T15/><D2/><U109/><E71/><V100/><F100/><W65/><G65/><T45/><REACH who="0" step="1"/><D87/><REACH who="0" ten="240,250,250,250" step="2"/><U90/><E94/><V73/><F86/><W77/><G85/><T26/><D26/><U30/><E109/><V125/><F103/><W107/><G27/><T133/><D133/><U134/><E134/><V132/><F132/><W47/><G107/><T10/><D10/><U6/><E1/><V84/><F9/><W60/><G126/><T7/><AGARI ba="0,1" hai="7,11,15,45,49,54,61,67,69,80,83,129,130,131" machi="7" ten="30,6000,0" yaku="1,1,0,1,19,1,53,0" doraHai="108" doraHaiUra="17" who="0" fromWho="0" sc="240,70,250,-20,250,-20,250,-20" />
</Scene>
<Scene>
<INIT seed="0,1,0,5,3,100" ten="310,230,230,230" oya="0" hai0="111,27,63,0,47,51,109,106,60,72,38,118,126" hai1="75,43,2,108,22,135,89,127,31,21,52,88,32" hai2="92,61,14,128,48,3,105,10,120,101,7,112,54" hai3="19,107,59,65,56,35,114,104,95,125,77,68,81"/><T121/><D72/><U74/><E2/><V94/><F112/><W1/><G114/><T115/><D0/><U76/><E43/><V102/><F120/><W123/><G1/><T4/><D4/><U116/><E116/><V20/><F128/><W36/><G35/><T132/><D115/><U24/><E108/><N who="0" m="41545" /><D118/><U8/><E8/><V70/><F70/><W13/><G36/><T83/><D121/><U79/><E127/><V17/><F61/><W134/><G123/><T44/><D83/><U33/><E24/><V39/><F39/><W84/><G68/><T53/><D27/><U37/><E37/><V64/><F64/><W50/><G125/><T130/><D126/><U34/><E34/><V119/><F119/><W97/><G134/><T16/><D130/><U41/><E41/><V45/><REACH who="2" step="1"/><F102/><REACH who="2" ten="310,230,220,230" step="2"/><W66/><G65/><T40/><D132/><U122/><E122/><V49/><F49/><W98/><G50/><T87/><D63/><U86/><E135/><V26/><F26/><W25/><G25/><T82/><D60/><U46/><E31/><V9/><F9/><W57/><G66/><T42/><D38/><U124/><E124/><V15/><F15/><W80/><G13/><T103/><D103/><U30/><E30/><V28/><F28/><W11/><G11/><T12/><D51/><U67/><E67/><V78/><F78/><W99/><G77/><T71/><D12/><U113/><E113/><V110/><F110/><W90/><REACH who="3" step="1"/><G19/><REACH who="3" ten="310,230,220,220" step="2"/><T5/><D16/><U91/><E79/><V62/><F62/><W117/><G117/><T55/><D71/><RYUUKYOKU ba="1,2" sc="310,-15,230,-15,220,15,220,15" hai2="3,7,10,14,17,20,45,48,54,92,94,101,105" hai3="56,57,59,80,81,84,90,95,97,98,99,104,107" />
</Scene>
<Scene>
<INIT seed="1,2,2,0,4,7" ten="295,215,235,235" oya="1" hai0="54,1,102,108,36,98,14,3,122,112,37,22,111" hai1="119,63,67,73,130,107,84,88,99,115,113,47,106" hai2="100,105,75,86,24,55,11,125,20,120,56,32,77" hai3="76,21,33,131,127,71,95,97,9,13,29,92,123"/><U35/><E119/><V91/><F120/><W57/><G71/><T31/><D112/><U128/><E73/><V52/><F32/><W89/><G123/><T10/><D122/><U44/><E35/><V43/><F125/><W18/><G127/><T110/><D54/><U78/><E78/><V19/><F43/><W16/><G131/><N who="1" m="50218" /><E99/><V51/><F75/><W26/><G76/><T27/><D36/><U15/><E15/><N who="2" m="7679" /><F105/><N who="1" m="39945" /><E47/><V61/><F100/><W49/><G95/><N who="0" m="58719" /><D37/><U41/><E63/><V109/><F77/><W68/><G68/><T70/><D70/><U93/><E67/><N who="2" m="39335" /><F109/><W30/><G33/><T132/><D132/><U82/><E82/><N who="2" m="49623" /><F51/><AGARI ba="2,2" hai="41,44,51,84,88,93,113,115" m="39945,50218" machi="51" ten="30,2900,0" yaku="19,1,54,1" doraHai="7" who="1" fromWho="2" sc="295,0,215,55,235,-35,235,0" />
</Scene>
<Scene>
<INIT seed="1,3,0,5,1,116" ten="295,270,200,235" oya="1" hai0="91,114,40,89,28,65,94,118,13,123,129,29,45" hai1="112,34,96,115,27,11,1,124,107,131,58,8,2" hai2="93,5,23,110,102,100,51,66,95,19,103,113,79" hai3="122,104,38,86,126,121,71,21,130,72,132,54,4"/><U108/><E58/><V84/><F110/><W56/><G72/><T80/><D114/><N who="1" m="43563" /><E96/><V52/><F113/><W128/><G104/><T30/><D118/><U20/><E107/><V111/><F111/><W46/><G4/><T33/><D65/><U35/><E108/><V92/><F5/><W74/><G74/><T44/><D80/><U77/><E77/><V68/><F68/><W70/><G21/><T83/><D83/><U50/><E50/><V37/><F37/><W16/><G16/><T85/><D45/><U0/><E131/><N who="3" m="50218" /><G132/><T120/><D91/><U22/><E124/><V26/><F66/><W99/><G99/><T119/><D119/><U75/><E75/><V78/><REACH who="2" step="1"/><F84/><REACH who="2" ten="295,270,190,235" step="2"/><W18/><G86/><T7/><D7/><U98/><E98/><V17/><F17/><W14/><G126/><T39/><D39/><U25/><E11/><V63/><F63/><N who="3" m="36247" /><G71/><T43/><D85/><U60/><E8/><V62/><F62/><W88/><G70/><T117/><D117/><U106/><E60/><V90/><F90/><W10/><G88/><T76/><D89/><U31/><E106/><V57/><AGARI ba="3,1" hai="19,23,26,51,52,57,78,79,92,93,95,100,102,103" machi="57" ten="30,7900,0" yaku="1,1,0,1,8,1,54,1,53,0" doraHai="116" doraHaiUra="6" who="2" fromWho="2" sc="295,-23,270,-42,190,98,235,-23" />
</Scene>
<Scene>
<INIT seed="2,0,0,5,5,74" ten="272,228,288,212" oya="2" hai0="114,29,125,35,108,92,90,43,3,22,26,6,4" hai1="38,21,40,66,113,41,25,28,128,88,117,49,122" hai2="30,51,107,2,20,36,65,39,123,79,5,78,17" hai3="84,76,93,13,19,126,72,71,63,120,69,110,82"/><V60/><F123/><W124/><G120/><T127/><D43/><U119/><E122/><V133/><F107/><W91/><G110/><T52/><D114/><U73/><E113/><V102/><F102/><W46/><G46/><T8/><D6/><U44/><E128/><V59/><F30/><W10/><REACH who="3" step="1"/><G63/><REACH who="3" ten="272,228,288,202" step="2"/><T129/><D129/><U58/><E119/><V118/><F118/><W27/><G27/><T101/><D108/><U86/><E117/><V112/><F112/><W42/><G42/><T132/><D26/><U103/><E41/><V24/><F133/><W98/><G98/><T12/><D132/><U33/><E40/><V34/><F51/><W55/><G55/><T70/><D52/><U116/><E49/><V1/><F39/><W67/><G67/><T32/><D127/><AGARI ba="0,1" hai="10,13,19,69,71,72,76,82,84,91,93,124,126,127" machi="127" ten="40,5200,0" yaku="1,1,18,1,52,1,53,0" doraHai="74" doraHaiUra="16" who="3" fromWho="0" sc="272,-52,228,0,288,0,202,62" />
</Scene>
<Scene>
<INIT seed="3,0,0,5,3,20" ten="220,228,288,264" oya="3" hai0="45,125,93,47,73,135,130,75,15,23,19,9,131" hai1="22,58,68,92,31,91,86,76,61,48,1,52,12" hai2="41,82,122,32,88,124,113,63,46,40,10,51,26" hai3="77,30,6,64,103,5,96,71,105,121,16,0,119"/><W60/><G121/><T57/><D135/><U21/><E1/><V94/><F113/><W24/><G119/><T114/><D114/><U118/><E118/><V50/><F122/><W34/><G0/><T4/><D125/><U117/><E117/><V134/><F124/><W44/><G77/><T55/><D93/><U36/><E36/><V100/><F134/><W54/><G16/><T99/><D99/><U83/><E68/><V74/><F100/><W13/><G13/><T123/><D123/><U128/><E128/><N who="0" m="49193" /><D75/><U8/><E31/><V111/><F111/><W11/><G11/><T109/><D73/><U101/><E101/><V120/><F120/><W79/><G79/><T108/><D109/><U106/><E106/><V132/><F132/><W56/><G44/><T67/><D67/><U89/><E61/><AGARI ba="0,0" hai="5,6,24,30,34,54,56,60,61,64,71,96,103,105" machi="61" ten="30,11600,0" yaku="7,1,25,2,52,1" doraHai="20" who="3" fromWho="1" sc="220,0,228,-116,288,0,264,116" />
</Scene>
<Scene>
<INIT seed="3,1,0,4,0,77" ten="220,112,288,380" oya="3" hai0="42,134,114,99,117,128,93,129,86,17,4,33,100" hai1="106,121,85,91,97,15,23,40,135,12,107,31,1" hai2="87,103,118,46,60,55,3,95,76,22,113,71,80" hai3="101,78,123,64,119,83,37,24,102,109,48,108,52"/><W65/><G37/><T133/><D33/><U92/><E121/><V132/><F118/><W21/><G123/><T47/><D4/><U67/><E1/><V124/><F113/><W81/><G119/><T32/><D32/><U5/><E135/><N who="0" m="51721" /><D117/><U6/><E67/><N who="3" m="25674" /><G78/><T73/><D17/><U58/><E107/><V122/><F132/><W20/><G20/><T96/><D73/><U9/><E106/><V62/><F3/><W26/><G26/><T112/><D47/><U29/><E40/><V38/><F71/><W116/><G116/><T57/><D57/><U98/><E58/><V89/><F122/><W130/><G130/><N who="0" m="50283" /><D42/><U56/><E56/><V13/><F46/><N who="3" m="27671" /><G109/><T125/><D125/><U8/><REACH who="1" step="1"/><E23/><REACH who="1" ten="220,102,288,380" step="2"/><V28/><F22/><W18/><G108/><T61/><D61/><U54/><E54/><V110/><F55/><W84/><G84/><T72/><D72/><U36/><E36/><V51/><F38/><W104/><G104/><N who="0" m="63495" /><D86/><U50/><E50/><V66/><F51/><W88/><G21/><T68/><D68/><U82/><E82/><V75/><F110/><W30/><G83/><T94/><D94/><U0/><E0/><V74/><F74/><W11/><G81/><T44/><D44/><U90/><E90/><AGARI ba="1,1" hai="90,93,99,112,114" m="63495,50283,51721" machi="90" ten="30,7700,0" yaku="20,1,19,1,34,2" doraHai="77" who="0" fromWho="1" sc="220,90,102,-80,288,0,380,0" />
</Scene>
<Scene>
<INIT seed="4,0,0,5,1,94" ten="310,22,288,380" oya="0" hai0="91,73,52,27,125,3,82,46,19,38,81,130,99" hai1="95,23,76,126,127,128,90,86,22,40,132,105,68" hai2="21,37,89,96,93,65,75,45,131,135,124,79,110" hai3="32,51,29,62,98,18,8,74,57,113,30,36,5"/><T13/><D3/><U35/><E35/><V28/><F110/><W101/><G36/><T134/><D38/><U69/><E132/><V47/><F135/><W15/><G74/><T71/><D71/><U100/><E128/><V114/><F131/><W117/><G117/><T108/><D134/><U16/><E40/><V59/><F114/><W88/><G113/><T14/><D130/><U115/><E115/><V7/><F124/><N who="1" m="47657" /><E23/><V48/><F7/><W39/><G39/><T0/><D0/><U66/><E76/><V25/><F37/><W120/><G120/><T44/><D73/><U116/><E116/><V20/><F20/><W67/><G32/><T58/><D108/><U104/><E66/><V103/><F79/><W63/><G62/><N who="0" m="36167" /><D27/><N who="1" m="14791" /><E105/><V53/><F75/><W10/><G51/><T133/><D14/><U109/><E109/><V61/><REACH who="2" step="1"/><F89/><REACH who="2" ten="310,22,278,380" step="2"/><W78/><G78/><T54/><D133/><U50/><E50/><V6/><F6/><W34/><G34/><T92/><D125/><U111/><E111/><V112/><F112/><W49/><G49/><N who="0" m="28967" /><D46/><AGARI ba="0,1" hai="21,25,28,45,46,47,48,53,59,61,65,93,96,103" machi="46" ten="30,12000,2" yaku="1,1,7,1,25,2,8,1,52,1,53,1" doraHai="94" doraHaiUra="97" who="2" fromWho="0" sc="310,-120,22,0,278,130,380,0" />
</Scene>
<Scene>
<INIT seed="5,0,0,5,5,124" ten="190,22,408,380" oya="1" hai0="8,52,108,39,118,22,101,96,13,92,55,69,44" hai1="16,54,4,117,59,1,102,12,60,40,83,77,129" hai2="58,33,130,72,82,122,30,65,61,36,62,37,134" hai3="121,68,135,99,23,86,97,70,56,120,114,74,43"/><U51/><E117/><V84/><F122/><W126/><G74/><T85/><D69/><U64/><E102/><V80/><F134/><W133/><G43/><T131/><D39/><U46/><E1/><V9/><F33/><W20/><G86/><T79/><D22/><U98/><E98/><V66/><F30/><W111/><G56/><T106/><D106/><U35/><E35/><V116/><F116/><W27/><G27/><T104/><D104/><U28/><E28/><V48/><F48/><W123/><G123/><T45/><D101/><U112/><E112/><V17/><F72/><W2/><G2/><T110/><D96/><U50/><E4/><V119/><F119/><W128/><G126/><T15/><D110/><U75/><E129/><V91/><F130/><W103/><G103/><T10/><D108/><U100/><E100/><V41/><F41/><W88/><G111/><T38/><D38/><U71/><REACH who="1" step="1"/><E12/><REACH who="1" ten="190,12,408,380" step="2"/><V57/><F80/><W7/><G7/><N who="0" m="3231" /><D131/><U5/><E5/><V26/><F26/><W89/><G128/><T49/><D118/><U14/><E14/><AGARI ba="0,1" hai="9,14,17,36,37,57,58,61,62,65,66,82,84,91" machi="14" ten="40,1300,0" yaku="9,1" doraHai="124" who="2" fromWho="1" sc="190,0,12,-13,408,23,380,0" owari="190,-21.0,-1,-50.0,431,53.0,380,18.0" />
</Scene>
</mjloggm>