<mjloggm ver="2.3"><GO type="169"/><UN n0="%E6%9D%B1%E5%8D%97" n1="%E3%81%97%E3%82%85%E3%81%86%E3%81%A1%E3%82%83%E3%82%93%E2%99%AA" n2="%7A%6B%75%72%74" n3="%E5%A4%AA%E3%81%8F%E3%81%AA%E3%81%84%E3%81%8A" dan="17,16,17,18" rate="2168,2060,2158,2157" sx="M,M,M,M"/><TAIKYOKU oya="0"/>

<Scene>
<INIT seed="0,0,0,1,3,104" ten="250,250,250,250" oya="0" hai0="119,55,39,110,51,94,48,132,79,10,50,73,88" hai1="37,65,135,54,57,27,92,70,7,97,87,71,85" hai2="0,30,67,53,25,42,75,24,109,96,8,102,21" hai3="13,49,120,29,112,95,114,91,20,105,4,129,126"/><T116/><D39/><U113/><E37/><V131/><F109/><W66/><G105/><T93/><D132/><U99/><E135/><V106/><F131/><W2/><G129/><T58/><D110/><U76/><E113/><V78/><F42/><W35/><G66/><T134/><D134/><U52/><E7/><V133/><F133/><W56/><G126/><T43/><D94/><U6/><E6/><V44/><F67/><W74/><G120/><T60/><D10/><U36/><E36/><V82/><F25/><N who="3" m="18863" /><G56/><T47/><D50/><U107/><E107/><V15/><F0/><W122/><G49/><T90/><D60/><U18/><E71/><V61/><F44/><W84/><G122/><T1/><D1/><U12/><E27/><V11/><REACH who="2" step="1"/><F15/><REACH who="2" ten="250,250,240,250" step="2"/><W59/><G13/><T100/><D119/><U31/><E65/><V127/><F127/><W14/><G14/><T98/><REACH who="0" step="1"/><D116/><REACH who="0" ten="240,250,240,250" step="2"/><U19/><E70/><V62/><F62/><W103/><G2/><T17/><D17/><U111/><E18/><V33/><F33/><W41/><G4/><T130/><D130/><U83/><E19/><V101/><F101/><W124/><G103/><T117/><D117/><U3/><E31/><V22/><F22/><W89/><G20/><T40/><D40/><U68/><E3/><V28/><F28/><W81/><G41/><T80/><AGARI ba="0,2" hai="43,47,48,51,55,58,73,79,80,88,90,93,98,100" machi="80" ten="30,11700,0" yaku="1,1,0,1,52,1,54,1,53,0" doraHai="104" doraHaiUra="123" who="0" fromWho="0" sc="240,137,250,-39,240,-39,250,-39" />
</Scene>
<Scene>
<INIT seed="0,1,0,1,5,54" ten="377,211,201,211" oya="0" hai0="13,67,48,98,59,63,49,134,0,81,45,8,80" hai1="87,34,32,106,46,99,113,110,90,115,55,23,10" hai2="27,94,89,86,4,129,125,127,25,35,60,31,2" hai3="14,75,61,74,97,29,120,52,38,57,72,44,36"/><T22/><D0/><U131/><E110/><V83/><F129/><W20/><G120/><T96/><D134/><U103/><E131/><V47/><F27/><W30/><G97/><N who="0" m="37483" /><D22/><U56/><E46/><V62/><F2/><W9/><G20/><T108/><D108/><U105/><E106/><V73/><F4/><W15/><G15/><T119/><D119/><U122/><E10/><V69/><F47/><W85/><G85/><T114/><D114/><N who="1" m="43531" /><E23/><V135/><F135/><W26/><G44/><T51/><D45/><U16/><E16/><AGARI ba="1,0" hai="8,13,16,48,49,51,59,63,67,80,81" m="37483" machi="16" ten="30,5800,0" yaku="8,1,52,1,54,1" doraHai="54" who="0" fromWho="1" sc="377,61,211,-61,201,0,211,0" />
</Scene>
<Scene>
<INIT seed="0,2,0,2,4,87" ten="438,150,201,211" oya="0" hai0="11,97,106,59,40,27,53,32,71,85,21,110,64" hai1="42,78,82,1,61,83,67,98,34,31,92,90,19" hai2="8,80,129,38,6,37,39,49,56,84,54,26,132" hai3="122,95,58,133,93,45,107,100,18,89,2,81,124"/><T12/><D32/><U10/><E42/><V3/><F129/><W123/><G2/><T52/><D40/><U16/><E31/><V131/><F131/><W51/><G133/><T134/><D134/><U121/><E34/><V60/><F132/><W63/><G124/><T43/><D43/><U113/><E121/><N who="3" m="46090" /><G18/><T76/><D71/><U9/><E113/><V99/><F99/><N who="3" m="61855" /><G81/><N who="0" m="47271" /><D97/><U4/><E9/><V126/><F126/><W15/><G15/><T130/><D106/><U66/><E82/><V7/><F7/><W120/><G120/><T117/><D117/><U109/><E109/><V125/><F125/><W33/><G33/><T29/><D110/><U72/><REACH who="1" step="1"/><E66/><REACH who="1" ten="438,140,201,211" step="2"/><V41/><F41/><N who="3" m="25007" /><G89/><T105/><D130/><U118/><E118/><V102/><F102/><W35/><G35/><T74/><D105/><U88/><E88/><V79/><F38/><W5/><G5/><N who="0" m="3183" /><D74/><U101/><E101/><V77/><F37/><W50/><G95/><T91/><D91/><U14/><E14/><V70/><F39/><W24/><G93/><T128/><D128/><U44/><E44/><V17/><F3/><W36/><G36/><T73/><D73/><U20/><E20/><V135/><F135/><W62/><G24/><T86/><D86/><U111/><E111/><V55/><F26/><W68/><G68/><AGARI ba="2,1" hai="1,4,10,16,19,61,67,68,72,78,83,90,92,98" machi="68" ten="30,7700,0" yaku="1,1,7,1,52,1,54,1,53,0" doraHai="87" doraHaiUra="103" who="1" fromWho="3" sc="438,0,140,93,201,0,211,-83" />
</Scene>
<Scene>
<INIT seed="1,0,0,1,3,63" ten="438,233,201,128" oya="1" hai0="29,20,127,83,9,52,12,56,107,131,31,44,87" hai1="84,77,91,121,61,7,105,122,71,41,72,96,111" hai2="132,11,6,1,33,68,126,98,14,47,55,133,34" hai3="39,30,49,75,114,93,4,95,97,23,103,35,106"/><U27/><E41/><V53/><F126/><W38/><G114/><T58/><D107/><U135/><E7/><V124/><F124/><W18/><G75/><T125/><D131/><U13/><E13/><V64/><F98/><W26/><G4/><T116/><D116/><U119/><E119/><V73/><F73/><W117/><G117/><T81/><D44/><U89/><E89/><V130/><F130/><W109/><G109/><T45/><D45/><U115/><E115/><V46/><F1/><W123/><G123/><T48/><D58/><U28/><E111/><V24/><F47/><W10/><G10/><T19/><D83/><U66/><E135/><N who="2" m="51787" /><F46/><W54/><G38/><T99/><D99/><U101/><E72/><V79/><F79/><W88/><G39/><T50/><D50/><U78/><E121/><V43/><F43/><W102/><G106/><T67/><D127/><U94/><REACH who="1" step="1"/><E122/><REACH who="1" ten="438,223,201,128" step="2"/><V110/><F110/><W76/><G76/><N who="0" m="46503" /><D125/><U129/><E129/><V0/><F14/><W42/><G42/><T85/><D85/><U15/><E15/><V37/><F37/><W40/><G40/><T90/><D90/><U113/><E113/><V120/><F120/><W36/><G36/><T70/><D9/><U62/><E62/><N who="2" m="39959" /><F24/><N who="3" m="14455" /><G88/><T2/><D2/><U128/><E128/><V59/><F0/><W32/><G103/><T5/><D5/><U92/><E92/><V57/><F6/><W22/><G95/><T3/><D3/><U82/><E82/><V65/><F11/><W100/><G102/><T86/><D86/><U25/><E25/><V108/><F108/><RYUUKYOKU ba="0,1" sc="438,10,223,10,201,-30,128,10" hai0="12,19,20,29,31,48,52,56,67,70" hai1="27,28,61,66,71,77,78,84,91,94,96,101,105" hai3="22,26,30,32,35,49,54,93,97,100" />
</Scene>
<Scene>
<INIT seed="1,1,1,0,0,19" ten="448,233,171,138" oya="1" hai0="22,127,4,69,119,92,50,32,56,102,43,11,41" hai1="71,78,86,83,65,36,97,31,81,115,126,64,38" hai2="124,13,0,66,100,84,93,121,103,26,123,3,110" hai3="108,80,128,49,15,135,116,27,105,85,7,21,70"/><U98/><E115/><V58/><F110/><W48/><G105/><T101/><D32/><U68/><E86/><V88/><F124/><W104/><G104/><T10/><D69/><U120/><E126/><V16/><F26/><W132/><G70/><T53/><D119/><U130/><E31/><V23/><F103/><W72/><G72/><T90/><D102/><U118/><E118/><V55/><F66/><W79/><G116/><T59/><D101/><U75/><E75/><V95/><F95/><W42/><G108/><T30/><D59/><U44/><E44/><V99/><F99/><W89/><G128/><T12/><D11/><U91/><E91/><V133/><F100/><W111/><G111/><T73/><D73/><U82/><E82/><V33/><F33/><W18/><G89/><T37/><D37/><U8/><E8/><V51/><REACH who="2" step="1"/><F133/><REACH who="2" ten="448,233,161,138" step="2"/><W87/><G132/><T94/><D94/><U25/><E25/><V60/><F60/><W67/><G67/><T24/><D127/><U35/><E35/><V63/><F63/><W125/><G125/><T2/><D2/><AGARI ba="1,2" hai="0,2,3,13,16,23,51,55,58,84,88,93,121,123" machi="2" ten="40,12000,2" yaku="1,1,25,2,52,1,54,2,53,0" doraHai="19" doraHaiUra="107" who="2" fromWho="0" sc="448,-123,233,0,161,143,138,0" />
</Scene>
<Scene>
<INIT seed="2,0,0,4,5,30" ten="325,233,304,138" oya="2" hai0="8,117,130,65,43,9,22,60,82,57,59,98,32" hai1="86,15,131,133,51,28,40,10,71,101,96,18,48" hai2="55,7,38,116,1,115,106,123,44,127,88,39,114" hai3="63,76,42,19,109,74,77,37,81,83,73,85,67"/><V97/><F123/><W52/><G109/><T50/><D117/><U41/><E71/><V92/><F116/><W26/><G37/><T34/><D130/><U36/><E36/><V121/><F121/><W110/><G110/><T126/><D126/><U72/><E72/><V84/><F127/><W69/><G42/><T118/><D118/><U135/><E131/><V120/><F120/><W62/><G85/><T13/><D98/><U112/><E86/><V31/><F31/><W90/><G90/><T54/><D43/><U0/><E0/><V27/><F27/><W94/><G94/><T105/><D105/><U122/><E122/><V16/><F16/><W11/><G11/><T119/><D119/><U66/><E66/><V12/><F12/><W87/><G87/><T58/><D82/><U3/><E3/><V35/><F35/><W61/><REACH who="3" step="1"/><G52/><REACH who="3" ten="325,233,304,128" step="2"/><T56/><D8/><U100/><E101/><N who="2" m="62767" /><F39/><W5/><G5/><T14/><D14/><U2/><E2/><V107/><F107/><W80/><G80/><T95/><D95/><U33/><E41/><N who="2" m="22583" /><F55/><W108/><G108/><T132/><D9/><U128/><E128/><V53/><F53/><W29/><G29/><T125/><D125/><U99/><E40/><V24/><F7/><W93/><G93/><T113/><D54/><U102/><E10/><V75/><F1/><W78/><G78/><T21/><D13/><U70/><E28/><V23/><F75/><W124/><G124/><T89/><D89/><U17/><E102/><V104/><F104/><W68/><G68/><T4/><D4/><U64/><E100/><RYUUKYOKU ba="0,1" sc="325,-15,233,-15,304,15,128,15" hai2="23,24,84,88,92,114,115" hai3="19,26,61,62,63,67,69,73,74,76,77,81,83" />
</Scene>
<Scene>
<INIT seed="2,1,1,4,5,91" ten="310,218,319,143" oya="2" hai0="92,35,37,89,38,114,93,64,39,96,31,42,82" hai1="6,36,48,112,33,19,121,115,130,30,2,97,47" hai2="24,58,21,59,34,12,109,69,81,132,103,11,120" hai3="46,125,32,134,74,17,133,16,63,111,3,61,107"/><V29/><F120/><W8/><G32/><T13/><D114/><U119/><E119/><V123/><F69/><W127/><G74/><T117/><D117/><U106/><E121/><V25/><F123/><W100/><G111/><T113/><D113/><U88/><E36/><V56/><F132/><N who="3" m="50795" /><G46/><T101/><D64/><U18/><E115/><V49/><F109/><W76/><G76/><T78/><D13/><U83/><E112/><V14/><F81/><W85/><G85/><T118/><D118/><U90/><E130/><V54/><F103/><W104/><G3/><T51/><D51/><U55/><E2/><V70/><F70/><W72/><G72/><T75/><D42/><U40/><E6/><V129/><F129/><W22/><G8/><T110/><D110/><U95/><E106/><N who="3" m="40490" /><G100/><T73/><D73/><U66/><E33/><V94/><F11/><W44/><G44/><T71/><D71/><U7/><E7/><V68/><F68/><W62/><G22/><T50/><D35/><U45/><E47/><N who="2" m="27967" /><F34/><W126/><AGARI ba="1,1" hai="16,17,61,62,63,125,126,127" m="40490,50795" machi="126" ten="50,8000,1" yaku="28,2,18,1,20,1,54,1" doraHai="91" who="3" fromWho="3" sc="310,-21,218,-21,319,-41,143,93" />
</Scene>
<Scene>
<INIT seed="3,0,0,4,5,117" ten="289,197,278,236" oya="3" hai0="43,103,81,116,78,133,49,114,32,64,93,27,111" hai1="45,56,89,26,95,87,20,15,59,70,1,58,82" hai2="84,73,55,107,18,14,94,31,80,123,42,90,67" hai3="83,96,128,72,105,86,108,38,57,2,22,119,69"/><W52/><G119/><T37/><D116/><U77/><E70/><V110/><F107/><W99/><G69/><T51/><D64/><U16/><E1/><V118/><F118/><W34/><G34/><T113/><D37/><U61/><E45/><V21/><F67/><W19/><G38/><T39/><D39/><U24/><REACH who="1" step="1"/><E61/><REACH who="1" ten="289,187,278,236" step="2"/><V0/><F0/><W68/><G2/><T79/><D114/><U97/><AGARI ba="0,1" hai="15,16,20,24,26,56,58,59,77,82,87,89,95,97" machi="97" ten="30,8000,1" yaku="1,1,2,1,0,1,8,1,54,1,53,0" doraHai="117" doraHaiUra="121" who="1" fromWho="1" sc="289,-20,187,90,278,-20,236,-40" />
</Scene>
<Scene>
<INIT seed="4,0,0,1,4,72" ten="269,277,258,196" oya="0" hai0="104,133,29,109,84,11,8,76,65,115,75,53,117" hai1="37,83,121,20,44,111,17,103,0,9,57,21,71" hai2="118,31,124,2,38,14,13,78,116,56,51,94,47" hai3="100,85,32,1,39,86,35,110,131,23,74,81,60"/><T45/><D117/><N who="2" m="45162" /><F2/><W64/><G110/><T129/><D104/><U66/><E111/><V69/><F69/><W126/><G1/><T15/><D75/><U105/><E121/><V49/><F124/><W125/><G39/><T42/><D109/><U122/><E122/><V73/><F31/><W113/><G113/><T41/><D115/><U92/><E105/><V132/><F132/><W99/><G131/><T106/><D106/><U33/><E33/><N who="3" m="12874" /><G23/><T55/><D133/><U123/><E123/><V82/><F94/><N who="3" m="58487" /><G74/><T130/><D65/><U95/><E71/><V80/><F80/><W87/><G60/><T128/><D29/><U48/><E37/><V43/><F56/><W135/><G64/><T61/><D8/><U89/><E0/><V22/><F22/><W68/><G68/><T101/><D101/><U134/><E134/><V28/><F28/><W34/><G135/><T3/><D61/><N who="1" m="38191" /><E20/><V97/><F97/><W18/><G18/><T54/><D45/><U16/><E103/><V46/><F38/><W62/><G62/><T27/><D3/><U26/><E17/><V25/><F25/><W127/><N who="3" m="12882" /><W36/><DORA hai="59" /><G36/><T77/><D27/><U30/><E30/><V79/><F79/><AGARI ba="0,0" hai="79,81,85,86,87,125,126,127" m="58487,12882" machi="79" ten="50,3200,0" yaku="18,1,52,1" doraHai="72,59" who="3" fromWho="2" sc="269,0,277,0,258,-32,196,32" />
</Scene>
<Scene>
<INIT seed="5,0,0,5,0,61" ten="269,277,226,228" oya="1" hai0="113,105,26,124,15,126,14,100,134,43,96,28,107" hai1="13,83,63,78,30,91,94,46,117,72,27,82,120" hai2="81,112,45,51,121,95,24,67,62,127,18,44,42" hai3="108,99,92,75,10,119,88,73,109,54,104,65,11"/><U50/><E120/><V57/><F127/><N who="0" m="48682" /><D113/><U59/><E117/><V20/><F121/><W86/><G119/><T32/><D134/><U2/><E2/><V0/><F0/><W56/><G75/><T6/><D43/><U135/><E13/><N who="0" m="4617" /><D107/><U130/><E135/><V37/><F112/><W66/><G73/><T4/><AGARI ba="0,0" hai="4,6,26,28,32,96,100,105" m="4617,48682" machi="4" ten="30,1100,0" yaku="18,1" doraHai="61" who="0" fromWho="0" sc="269,11,277,-5,226,-3,228,-3" />
</Scene>
<Scene>
<INIT seed="6,0,0,3,1,9" ten="280,272,223,225" oya="2" hai0="38,68,92,51,88,109,112,52,62,43,30,3,119" hai1="105,81,134,64,133,82,95,49,115,126,48,113,80" hai2="91,120,98,4,10,89,22,56,19,66,31,26,128" hai3="67,32,77,58,90,85,114,0,29,47,121,78,1"/><V127/><F120/><W117/><G121/><T36/><D3/><U103/><E64/><V41/><F128/><W60/><G117/><T39/><D109/><U16/><E105/><V87/><F127/><W54/><G114/><N who="1" m="43530" /><E126/><V83/><F41/><W132/><G132/><N who="1" m="50794" /><E16/><V20/><F66/><W110/><G110/><T40/><D119/><U123/><E123/><V106/><F56/><W57/><G47/><T11/><D112/><U6/><E6/><V124/><F124/><W71/><G1/><T93/><D11/><U99/><AGARI ba="0,0" hai="48,49,80,81,82,95,99,103" m="50794,43530" machi="99" ten="40,2700,0" yaku="15,1,20,1" doraHai="9" who="1" fromWho="1" sc="280,-7,272,27,223,-13,225,-7" />
</Scene>
<Scene>
<INIT seed="7,0,0,0,2,64" ten="273,299,210,218" oya="3" hai0="47,112,52,121,10,90,3,101,70,28,60,35,68" hai1="49,103,134,111,58,106,16,74,133,73,98,14,75" hai2="105,89,71,77,48,81,93,0,56,7,97,125,117" hai3="32,12,108,85,11,50,131,44,127,92,86,17,91"/><W9/><G32/><T41/><D121/><U132/><E111/><V24/><F117/><W5/><G108/><T39/><D90/><U79/><E79/><V129/><F129/><W29/><G131/><T119/><D119/><U135/><E135/><V34/><F125/><W82/><G127/><T4/><D112/><U84/><E84/><V55/><F105/><W37/><G37/><T6/><D101/><U40/><E40/><V83/><F71/><W25/><G29/><T22/><D22/><N who="1" m="11543" /><E73/><V69/><F69/><W23/><G11/><N who="0" m="2463" /><D52/><AGARI ba="0,0" hai="49,52,58,74,75,98,103,106,132,133,134" m="11543" machi="52" ten="30,3900,0" yaku="20,1,54,2" doraHai="64" who="1" fromWho="0" sc="273,-39,299,39,210,0,218,0" owari="234,3.0,338,44.0,210,-29.0,218,-18.0" />
</Scene>
</mjloggm>