<mjloggm ver="2.3"><GO type="169"/><UN n0="%E3%83%A4%E3%82%AD%E3%83%B3" n1="%E5%A4%AA%E3%81%8F%E3%81%AA%E3%81%84%E3%81%8A" n2="%E3%81%94%E3%81%98%E3%82%83%E3%82%8B" n3="%E5%A5%88%E8%90%BD%E3%81%AE%E7%8E%8B" dan="17,17,18,17" rate="2142,2182,2248,2188" sx="M,M,M,M"/><TAIKYOKU oya="0"/>

<Scene>
<INIT seed="0,0,0,1,0,112" ten="250,250,250,250" oya="0" hai0="81,69,42,60,74,65,44,97,12,31,36,20,51" hai1="27,53,5,83,89,45,18,84,113,77,95,33,58" hai2="56,54,91,79,115,64,57,34,109,90,6,75,110" hai3="132,46,85,101,32,105,114,106,0,126,63,117,62"/><T21/><BYE who="1" /><D97/><U128/><E128/><V119/><F115/><W39/><G85/><T28/><D36/><U125/><E125/><V124/><F34/><UN n1="%E5%A4%AA%E3%81%8F%E3%81%AA%E3%81%84%E3%81%8A" /><W7/><G46/><T78/><REACH who="0" step="1"/><D21/><REACH who="0" ten="240,250,250,250" step="2"/><U102/><E113/><V133/><F124/><W120/><G39/><T49/><D49/><U104/><E33/><V3/><F110/><W17/><G114/><T73/><D73/><U80/><E84/><V37/><F37/><W23/><G23/><T11/><D11/><U123/><E123/><V48/><F75/><W15/><G32/><T59/><D59/><U55/><E58/><V135/><F109/><W10/><G120/><T19/><AGARI ba="0,1" hai="12,19,20,28,31,42,44,51,60,65,69,74,78,81" machi="19" ten="30,6000,0" yaku="1,1,0,1,53,1" doraHai="112" doraHaiUra="67" who="0" fromWho="0" sc="240,70,250,-20,250,-20,250,-20" />
</Scene>
<Scene>
<INIT seed="0,1,0,4,4,121" ten="310,230,230,230" oya="0" hai0="21,25,22,0,134,78,77,40,97,36,114,39,8" hai1="96,100,9,53,129,30,101,86,46,85,111,57,18" hai2="52,62,7,50,120,81,102,89,6,122,115,56,95" hai3="110,90,133,83,19,118,117,17,72,132,82,10,124"/><T4/><D114/><U123/><E123/><V88/><F115/><W14/><G124/><T28/><D134/><N who="3" m="51817" /><G110/><T109/><D109/><U130/><E30/><V125/><F125/><W58/><G58/><T79/><D40/><U67/><E67/><V76/><F122/><W2/><G2/><T31/><REACH who="0" step="1"/><D97/><REACH who="0" ten="300,230,230,230" step="2"/><U84/><E111/><V80/><F120/><W116/><G116/><T60/><D60/><U44/><E130/><V107/><F107/><W65/><G118/><T119/><D119/><U69/><E129/><V49/><F62/><W68/><G117/><T12/><D12/><U104/><E96/><V61/><F61/><W37/><G14/><T73/><D73/><U42/><E42/><V16/><F50/><W103/><G72/><T94/><D94/><U126/><E104/><V71/><F95/><W108/><G108/><T63/><D63/><U127/><E127/><V93/><F93/><W34/><G65/><T26/><AGARI ba="1,1" hai="0,4,8,21,22,25,26,28,31,36,39,77,78,79" machi="26" ten="30,18000,2" yaku="1,1,0,1,9,1,53,3" doraHai="121" doraHaiUra="75" who="0" fromWho="0" sc="300,193,230,-61,230,-61,230,-61" />
</Scene>
<Scene>
<INIT seed="0,2,0,3,4,100" ten="493,169,169,169" oya="0" hai0="134,5,12,118,18,57,25,113,10,59,111,103,53" hai1="89,68,52,17,0,44,95,112,73,32,55,51,14" hai2="123,126,38,133,58,132,82,92,130,74,6,8,135" hai3="39,13,45,28,79,60,96,102,99,88,41,76,108"/><T63/><D113/><U128/><E32/><V47/><F123/><W127/><G108/><T107/><D118/><U122/><E122/><V109/><F109/><W84/><G127/><T64/><D111/><U33/><E33/><V129/><F92/><W77/><G28/><T101/><D134/><U75/><E0/><V116/><F58/><W121/><G121/><T56/><D107/><U31/><E31/><V85/><F116/><W115/><G115/><T81/><D81/><U86/><E112/><V20/><F20/><W34/><G34/><T7/><D59/><U62/><E128/><N who="2" m="49259" /><F74/><W120/><G120/><T3/><D7/><U1/><E1/><N who="2" m="79" /><F47/><W16/><G60/><N who="0" m="35855" /><D3/><U66/><REACH who="1" step="1"/><E55/><REACH who="1" ten="493,159,169,169" step="2"/><V54/><F54/><W114/><G114/><T61/><D61/><U4/><E4/><V42/><F42/><W24/><G41/><T91/><D5/><U22/><AGARI ba="2,1" hai="14,17,22,44,51,52,62,66,68,73,75,86,89,95" machi="22" ten="20,5200,0" yaku="1,1,0,1,7,1,54,1,53,0" doraHai="100" doraHaiUra="37" who="1" fromWho="1" sc="493,-28,159,68,169,-15,169,-15" />
</Scene>
<Scene>
<INIT seed="1,0,0,1,4,10" ten="465,227,154,154" oya="1" hai0="12,15,130,67,4,86,43,9,46,50,114,18,19" hai1="131,42,115,64,14,111,126,108,119,73,110,103,121" hai2="94,76,88,70,128,90,8,71,53,122,49,51,89" hai3="37,129,5,44,52,41,47,48,78,27,57,28,3"/><U62/><E73/><V134/><F122/><W116/><G129/><T21/><D114/><U65/><E121/><V84/><F128/><W87/><G116/><T0/><D130/><U107/><E131/><V36/><F36/><W124/><G124/><T106/><D106/><U38/><E119/><V135/><F51/><W7/><G3/><T58/><D86/><U125/><E115/><V102/><F102/><W96/><G96/><T13/><REACH who="0" step="1"/><D21/><REACH who="0" ten="455,227,154,154" step="2"/><U113/><E113/><V118/><F118/><W133/><G87/><T69/><D69/><U25/><E125/><V68/><F76/><W1/><G78/><T95/><D95/><U61/><E126/><V34/><F34/><W104/><G104/><T59/><D59/><U26/><E107/><V74/><F74/><W80/><G80/><T16/><D16/><U63/><E108/><V45/><REACH who="2" step="1"/><F8/><REACH who="2" ten="455,227,144,154" step="2"/><W66/><G57/><T60/><AGARI ba="0,2" hai="0,4,9,12,13,15,18,19,43,46,50,58,60,67" machi="60" ten="30,12000,2" yaku="1,1,0,1,52,3,53,1" doraHai="10" doraHaiUra="2" who="0" fromWho="0" sc="455,140,227,-60,144,-30,154,-30" />
</Scene>
<Scene>
<INIT seed="2,0,0,5,3,43" ten="595,167,114,124" oya="2" hai0="117,5,9,105,13,32,54,125,10,21,28,122,56" hai1="55,99,23,80,118,110,96,135,15,18,20,17,115" hai2="130,31,59,14,12,60,131,89,127,38,6,113,69" hai3="94,93,77,47,61,120,74,112,91,109,95,22,85"/><V75/><F113/><W35/><G35/><T34/><D105/><U104/><E115/><V121/><F121/><W116/><G112/><T128/><D122/><U46/><E118/><V78/><F69/><W72/><G120/><T82/><D117/><U81/><E110/><V0/><F31/><W57/><G116/><T106/><D106/><U88/><E135/><V79/><F0/><W84/><G109/><T39/><D39/><U92/><E99/><V52/><F38/><W103/><G103/><T86/><D125/><U64/><E64/><V19/><F127/><W41/><G22/><T30/><D128/><N who="2" m="49194" /><F75/><W76/><G74/><T27/><D10/><U51/><E104/><V102/><F102/><W11/><G11/><T133/><D133/><U42/><E42/><V37/><F37/><W8/><G8/><T71/><D71/><U48/><E48/><V58/><F6/><W26/><G72/><T7/><D7/><U25/><AGARI ba="0,0" hai="15,17,18,20,23,25,46,51,55,80,81,88,92,96" machi="25" ten="20,8000,1" yaku="0,1,7,1,8,1,52,1,54,1" doraHai="43" who="1" fromWho="1" sc="595,-20,167,80,114,-40,124,-20" />
</Scene>
<Scene>
<INIT seed="3,0,0,0,2,74" ten="575,247,74,104" oya="3" hai0="92,25,75,31,125,13,4,79,7,132,119,100,21" hai1="108,51,67,46,59,99,49,68,80,10,98,56,70" hai2="102,8,135,124,55,23,85,69,52,30,38,118,19" hai3="123,109,105,32,122,133,86,29,48,112,41,42,93"/><W77/><G105/><T53/><D119/><U62/><E108/><V78/><F118/><W76/><G112/><T57/><D125/><U87/><E68/><V82/><F69/><W73/><G73/><T101/><D132/><U84/><E10/><V39/><F124/><W95/><G133/><T91/><D75/><U96/><E84/><V128/><F135/><W40/><G48/><N who="0" m="30887" /><D79/><N who="3" m="30281" /><G86/><N who="0" m="52343" /><D7/><U104/><E104/><V89/><F39/><W134/><G134/><T15/><D13/><U64/><E64/><V0/><F38/><W1/><G1/><T26/><D26/><U36/><E36/><V3/><F3/><W27/><G109/><T83/><D83/><U129/><E129/><V115/><F128/><W34/><G27/><T50/><D50/><U94/><E51/><V116/><F115/><W117/><G117/><T97/><D97/><U113/><E113/><V6/><F116/><W16/><G29/><T71/><D71/><U107/><E107/><V111/><F30/><W54/><G54/><T103/><D15/><U130/><E130/><V35/><F111/><W33/><G16/><T114/><D114/><U127/><E127/><V20/><F19/><W63/><G63/><T24/><D24/><U110/><E110/><V131/><F131/><W22/><G22/><N who="0" m="15799" /><D4/><U9/><E49/><V106/><F23/><AGARI ba="0,0" hai="21,23,100,101,103" m="15799,52343,30887" machi="23" ten="30,1000,0" yaku="8,1" doraHai="74" who="0" fromWho="2" sc="575,10,247,0,74,-10,104,0" />
</Scene>
<Scene>
<INIT seed="4,0,0,3,4,49" ten="585,247,64,104" oya="0" hai0="87,12,114,110,93,37,64,72,63,66,28,11,101" hai1="80,79,43,14,104,89,70,78,45,40,56,69,96" hai2="85,74,7,123,99,51,132,77,113,88,121,18,135" hai3="52,92,57,2,0,29,91,105,24,19,108,128,10"/><T15/><D72/><U3/><E3/><V111/><F7/><W103/><G108/><T62/><D37/><U42/><E45/><V50/><F111/><W90/><G128/><T82/><D110/><U71/><E14/><V75/><F51/><W117/><G117/><T36/><D36/><U106/><E56/><V34/><F34/><W127/><G127/><T6/><D28/><U25/><E25/><V112/><F18/><W83/><G83/><T35/><D35/><U118/><E118/><V48/><F48/><W53/><G105/><T8/><D114/><N who="2" m="44138" /><F99/><N who="3" m="59879" /><G2/><T1/><D1/><U98/><E98/><V120/><F50/><W76/><G0/><T107/><D63/><U102/><E106/><V95/><F77/><W73/><G57/><T16/><D107/><U81/><E79/><V59/><F59/><W4/><G76/><N who="0" m="46535" /><D62/><U129/><E78/><V44/><F44/><W67/><G29/><T22/><D11/><U109/><E109/><V21/><F21/><W133/><G10/><T100/><D100/><U68/><E70/><V134/><AGARI ba="0,0" hai="74,75,85,88,95,120,121,123,132,134,135" m="44138" machi="134" ten="50,8000,1" yaku="20,1,15,1,34,2,54,1" doraHai="49" who="2" fromWho="2" sc="585,-40,247,-20,64,80,104,-20" />
</Scene>
<Scene>
<INIT seed="5,0,0,1,1,97" ten="545,227,144,84" oya="1" hai0="125,135,55,94,81,90,19,109,53,0,67,96,31" hai1="35,47,132,9,80,52,72,110,18,123,92,6,134" hai2="36,17,38,133,79,131,58,107,117,25,121,45,37" hai3="124,106,59,44,71,33,127,56,95,115,1,46,102"/><U16/><E123/><V42/><F121/><W130/><G71/><T78/><D109/><U51/><E35/><V23/><F117/><W88/><G1/><T84/><D0/><N who="1" m="199" /><E92/><V103/><F131/><W93/><G33/><T26/><D67/><U2/><E2/><V54/><F133/><N who="1" m="51305" /><E110/><V41/><F79/><AGARI ba="0,0" hai="16,18,47,51,52,72,79,80" m="51305,199" machi="79" ten="30,5800,0" yaku="20,1,54,2" doraHai="97" who="1" fromWho="2" sc="545,0,227,58,144,-58,84,0" />
</Scene>
<Scene>
<INIT seed="5,1,0,4,2,106" ten="545,285,86,84" oya="1" hai0="80,100,7,6,31,104,88,121,54,73,99,76,95" hai1="119,20,34,45,15,103,85,70,43,50,112,94,134" hai2="30,84,53,2,60,13,24,113,18,110,79,32,0" hai3="78,37,49,47,93,69,90,38,19,82,61,105,107"/><U59/><E119/><V74/><F110/><W68/><G19/><T55/><D31/><U58/><E70/><V86/><F113/><W77/><G77/><T118/><D118/><U131/><E34/><V52/><F2/><W102/><G107/><T125/><D125/><U120/><E120/><V26/><F26/><W39/><G102/><T1/><D121/><U5/><E112/><V57/><F0/><W126/><G105/><T62/><D1/><U133/><E131/><V91/><F53/><N who="0" m="19978" /><D62/><U22/><E133/><V4/><F4/><W72/><G126/><T129/><D129/><U41/><E41/><V108/><F108/><W117/><G117/><T21/><D21/><N who="1" m="8299" /><E134/><V27/><F27/><W66/><G69/><T11/><D11/><N who="1" m="4591" /><E103/><V89/><F74/><W51/><REACH who="3" step="1"/><G47/><REACH who="3" ten="545,285,86,74" step="2"/><T128/><D128/><U116/><E116/><V83/><REACH who="2" step="1"/><F86/><AGARI ba="1,1" hai="37,38,39,49,51,61,66,68,72,78,82,86,90,93" machi="86" ten="40,5200,0" yaku="1,1,2,1,52,1,53,0" doraHai="106" doraHaiUra="33" who="3" fromWho="2" sc="545,0,285,0,86,-55,74,65" /><AGARI ba="1,0" hai="6,7,73,76,80,86,88,95,99,100,104" m="19978" machi="86" ten="30,3900,0" yaku="24,1,52,1,54,1" doraHai="106" who="0" fromWho="2" sc="545,39,285,0,31,-39,139,0" owari="584,68.0,285,9.0,-8,-51.0,139,-26.0" />
</Scene>
</mjloggm>