<mjloggm ver="2.3"><GO type="97"/><UN n0="%E9%B3%B3%E5%87%B0%E9%99%A2%E5%87%B6%E9%AD%94" n1="%E5%A4%AA%E3%81%8F%E3%81%AA%E3%81%84%E3%81%8A" n2="%E3%81%BE%E3%81%95%E3%81%95%EF%BD%9E%E3%82%93" n3="%E3%82%8A%E3%82%93%E3%81%8B%E3%83%BC%E3%82%93" dan="14,14,14,13" rate="1912,2016,1932,1934" sx="M,M,M,M"/><TAIKYOKU oya="0"/>

<Scene>
<INIT seed="0,0,0,0,0,62" ten="250,250,250,250" oya="0" hai0="52,112,82,133,124,118,89,12,85,114,84,25,22" hai1="111,3,109,107,125,102,122,47,16,28,59,106,31" hai2="20,32,116,132,64,10,53,78,95,43,80,11,120" hai3="96,100,72,34,90,86,14,54,92,130,105,13,26"/><T30/><D118/><U99/><E122/><V60/><F120/><W134/><G130/><T1/><D1/><U76/><E3/><V9/><F32/><W55/><G134/><T97/><D124/><U81/><E125/><V113/><F113/><W49/><G72/><T7/><D133/><U40/><E107/><V48/><F132/><W127/><G127/><T115/><D85/><N who="1" m="48295" /><E59/><N who="2" m="36895" /><F116/><W5/><G5/><T39/><D39/><N who="1" m="21919" /><E16/><V108/><F108/><AGARI ba="0,0" hai="28,31,99,102,106,108,109,111" m="21919,48295" machi="108" ten="30,1000,0" yaku="14,1" doraHai="62" who="1" fromWho="2" sc="250,0,250,10,250,-10,250,0" />
</Scene>
<Scene>
<INIT seed="1,0,0,1,4,49" ten="250,260,240,250" oya="1" hai0="8,34,37,101,31,2,91,6,93,40,114,15,112" hai1="133,4,56,90,79,16,54,86,45,74,122,106,135" hai2="53,129,48,78,65,83,87,47,12,82,81,77,89" hai3="71,51,61,1,132,117,20,10,38,50,67,120,39"/><U118/><E122/><V35/><F35/><W126/><G20/><T64/><D101/><U66/><E118/><V107/><F107/><W11/><G1/><T14/><D64/><U70/><E106/><V100/><F129/><W116/><G11/><T25/><D112/><U43/><E4/><V95/><F100/><W76/><G10/><T32/><D114/><U113/><E113/><V29/><F65/><W17/><G17/><T134/><D134/><N who="1" m="51211" /><E74/><V119/><F119/><N who="3" m="45643" /><G76/><N who="2" m="29289" /><F12/><W42/><G120/><T102/><D102/><U41/><E79/><V111/><F111/><W55/><G132/><T121/><D34/><U46/><E66/><V84/><F29/><W28/><G28/><T125/><D121/><U19/><E70/><V7/><F7/><W72/><G72/><T57/><D57/><U92/><E43/><V21/><F21/><W108/><G108/><T128/><D128/><U124/><E124/><V24/><F24/><W26/><G26/><T69/><D125/><U80/><E80/><V44/><F87/><W0/><G0/><T97/><D69/><U73/><E73/><V94/><F94/><W3/><G3/><T5/><REACH who="0" step="1"/><D6/><REACH who="0" ten="240,260,240,250" step="2"/><U33/><E33/><V52/><F44/><AGARI ba="0,1" hai="2,5,8,14,15,25,31,32,37,40,44,91,93,97" machi="44" ten="40,2600,0" yaku="1,1,2,1,53,0" doraHai="49" doraHaiUra="60" who="0" fromWho="2" sc="240,36,260,0,240,-26,250,0" />
</Scene>
<Scene>
<INIT seed="2,0,0,5,1,52" ten="276,260,214,250" oya="2" hai0="17,55,131,110,61,92,39,64,66,31,1,10,98" hai1="54,69,106,113,81,20,97,36,12,102,35,29,40" hai2="24,34,120,100,116,83,87,105,25,58,79,41,19" hai3="134,114,56,118,65,14,86,112,107,126,71,18,101"/><V135/><F120/><W49/><G118/><T15/><D39/><U60/><E113/><N who="3" m="43626" /><G71/><T76/><D110/><U63/><E81/><V30/><F116/><W9/><G134/><T89/><D76/><U128/><E128/><V109/><F135/><W50/><G126/><T108/><D108/><U115/><E115/><V129/><F129/><W37/><G37/><T96/><D131/><U119/><E119/><V90/><F109/><W42/><G42/><T74/><D74/><U38/><E40/><V84/><F41/><W5/><G86/><N who="0" m="52279" /><D1/><U16/><E63/><V11/><F105/><W0/><G101/><T75/><D31/><U22/><E22/><N who="2" m="15639" /><F100/><W3/><G107/><T73/><D75/><U59/><REACH who="1" step="1"/><E69/><REACH who="1" ten="276,250,214,250" step="2"/><V132/><F132/><W7/><G0/><T124/><D61/><U70/><E70/><V68/><F68/><W57/><G3/><T13/><D124/><U130/><E130/><V47/><F34/><W93/><G5/><T72/><D72/><U6/><E6/><V2/><F2/><W121/><G7/><T51/><D73/><U125/><E125/><V26/><F84/><W80/><G121/><T4/><D4/><U123/><E123/><V62/><F79/><W95/><G80/><T127/><D127/><U46/><E46/><V27/><F47/><W122/><G122/><T133/><D133/><U82/><E82/><V8/><F19/><W103/><G18/><T67/><D17/><U32/><E32/><V111/><F111/><W48/><G95/><T33/><D33/><U28/><E28/><V99/><F99/><W53/><G93/><RYUUKYOKU ba="0,1" sc="276,-15,250,15,214,15,250,-15" hai1="12,16,20,29,35,36,38,54,59,60,97,102,106" hai2="8,11,25,26,27,58,62,83,87,90" />
</Scene>
<Scene>
<INIT seed="2,1,1,0,5,85" ten="261,265,229,235" oya="2" hai0="126,62,88,104,64,68,35,127,2,63,52,125,114" hai1="79,49,73,84,0,119,107,76,87,86,25,115,34" hai2="30,89,24,117,6,82,96,116,78,9,102,110,44" hai3="120,46,12,77,132,27,71,61,80,16,90,67,11"/><V13/><F110/><W70/><G120/><T7/><D35/><U47/><E119/><V32/><F44/><W123/><G123/><T56/><D104/><U5/><E115/><V53/><F53/><W108/><G108/><T4/><D114/><U18/><E107/><V74/><REACH who="2" step="1"/><F89/><REACH who="2" ten="261,265,219,235" step="2"/><W99/><G90/><T128/><D128/><U135/><E47/><V69/><F69/><W51/><G70/><T15/><D88/><U14/><E79/><V118/><F118/><W50/><G46/><T40/><D40/><U93/><E76/><V38/><F38/><W60/><G71/><T112/><D112/><U54/><E54/><V28/><F28/><W129/><G67/><T65/><D65/><U98/><E135/><V81/><F81/><W133/><G80/><T97/><D127/><U101/><E98/><V41/><F41/><W105/><G77/><T22/><D97/><U92/><E101/><V33/><F33/><W106/><G129/><T17/><D126/><U23/><E34/><V100/><F100/><W94/><G132/><T58/><D125/><U39/><E39/><V131/><F131/><W31/><G133/><T21/><D68/><U55/><E55/><V72/><F72/><W48/><G99/><T37/><D37/><U122/><E73/><V1/><F1/><W10/><G31/><T42/><D42/><U59/><E0/><V134/><F134/><W3/><G3/><T95/><D2/><U121/><E121/><V57/><F57/><W111/><G111/><T124/><D124/><U130/><E122/><V75/><F75/><W43/><G43/><RYUUKYOKU ba="1,2" sc="261,-10,265,-10,219,30,235,-10" hai2="6,9,13,24,30,32,74,78,82,96,102,116,117" />
</Scene>
<Scene>
<INIT seed="2,2,2,2,0,121" ten="251,255,249,225" oya="2" hai0="68,134,85,67,108,3,28,135,73,37,105,31,13" hai1="87,39,33,82,114,57,104,36,130,22,38,131,123" hai2="100,93,45,42,127,74,79,34,69,132,49,91,86" hai3="116,10,94,24,27,126,81,12,52,128,72,53,59"/><V117/><F117/><W83/><G116/><T17/><D3/><U84/><E114/><V47/><F69/><W109/><G126/><T56/><D37/><U18/><E33/><V133/><F127/><W95/><G128/><N who="1" m="49194" /><E123/><V0/><F0/><W15/><G72/><T58/><D73/><U26/><E104/><V5/><F5/><W61/><G109/><T48/><D108/><U97/><E97/><V66/><F66/><W111/><G111/><T21/><D105/><U107/><E107/><V51/><F34/><W119/><G119/><T90/><D68/><U106/><E106/><V76/><F100/><W11/><G59/><N who="0" m="22571" /><D48/><U35/><E35/><V99/><F74/><W102/><REACH who="3" step="1"/><G102/><REACH who="3" ten="251,255,249,215" step="2"/><T32/><D67/><U54/><E82/><V96/><F133/><N who="0" m="50698" /><D32/><U1/><E1/><V8/><F132/><W125/><G125/><T63/><D63/><AGARI ba="2,3" hai="18,22,26,36,38,39,54,57,63,84,87" m="49194" machi="63" ten="40,1300,0" yaku="19,1" doraHai="121" who="1" fromWho="0" sc="251,-19,255,49,249,0,215,0" /><AGARI ba="2,0" hai="10,11,12,15,24,27,52,53,61,63,81,83,94,95" machi="63" ten="25,8000,1" yaku="1,1,22,2,8,1,54,1,53,0" doraHai="121" doraHaiUra="40" who="3" fromWho="0" sc="232,-80,304,0,249,0,215,80" />
</Scene>
<Scene>
<INIT seed="3,0,0,5,0,102" ten="152,304,249,295" oya="3" hai0="126,66,70,19,44,67,17,16,25,121,62,57,118" hai1="58,18,99,97,34,98,96,88,109,108,106,23,76" hai2="39,133,12,32,48,51,60,2,95,117,82,41,103" hai3="53,127,124,104,72,27,100,129,115,46,134,35,0"/><W132/><G72/><T5/><D121/><U92/><E34/><V130/><F2/><W85/><G0/><T112/><D118/><U54/><E76/><V7/><F117/><W125/><G115/><T43/><D112/><U111/><E106/><V22/><F32/><W77/><G129/><T15/><D126/><U68/><E68/><V59/><F130/><W73/><G73/><T11/><D25/><N who="1" m="14583" /><E99/><V47/><F133/><N who="3" m="51307" /><G100/><T113/><D113/><U64/><E64/><V69/><F82/><N who="3" m="47311" /><G104/><T42/><REACH who="0" step="1"/><D44/><REACH who="0" ten="142,304,249,295" step="2"/><U33/><E33/><V13/><F47/><W36/><G36/><T21/><D21/><U75/><E75/><V90/><F22/><W128/><G128/><T71/><D71/><U40/><E40/><V114/><F69/><W81/><G46/><T61/><AGARI ba="0,1" hai="5,11,15,16,17,19,42,43,57,61,62,66,67,70" machi="61" ten="30,4000,0" yaku="1,1,0,1,54,1,53,0" doraHai="102" doraHaiUra="105" who="0" fromWho="0" sc="142,50,304,-10,249,-10,295,-20" />
</Scene>
<Scene>
<INIT seed="4,0,0,0,0,97" ten="192,294,239,275" oya="0" hai0="110,30,72,51,14,76,116,80,43,53,115,106,88" hai1="92,65,61,96,107,104,109,2,126,101,36,15,32" hai2="17,135,52,4,47,98,127,87,82,75,93,64,33" hai3="131,63,91,34,84,31,48,111,73,45,118,81,102"/><T67/><D116/><U21/><E109/><V5/><F33/><W79/><G111/><T99/><D110/><U46/><E2/><V7/><F75/><W24/><G118/><T29/><D115/><U19/><E32/><V39/><F135/><W113/><G113/><T56/><D67/><U44/><E126/><V35/><F35/><W18/><G131/><T42/><D14/><U122/><E122/><V78/><F127/><W62/><G18/><T121/><D121/><U6/><E6/><V37/><F64/><W12/><G12/><T20/><D20/><U3/><E3/><V23/><F37/><W8/><G8/><T129/><D129/><U128/><E128/><V10/><F39/><W58/><G58/><T103/><REACH who="0" step="1"/><D88/><REACH who="0" ten="182,294,239,275" step="2"/><U13/><E13/><V134/><F134/><W71/><G102/><T16/><D16/><U132/><E132/><V70/><F70/><W124/><G124/><T117/><D117/><U77/><E19/><V54/><F10/><W123/><G71/><T94/><D94/><U25/><E92/><V1/><F1/><W38/><G123/><T28/><AGARI ba="0,1" hai="28,29,30,42,43,51,53,56,72,76,80,99,103,106" machi="28" ten="30,6000,0" yaku="1,1,0,1,52,1,53,0" doraHai="97" doraHaiUra="11" who="0" fromWho="0" sc="182,70,294,-20,239,-20,275,-20" />
</Scene>
<Scene>
<INIT seed="4,1,0,2,4,27" ten="252,274,219,255" oya="0" hai0="111,135,89,99,38,14,109,17,39,77,75,3,46" hai1="96,126,5,82,55,115,104,31,43,106,113,118,10" hai2="1,122,16,87,26,52,127,54,78,90,40,130,60" hai3="131,132,91,124,13,94,71,48,36,86,8,0,79"/><T95/><D3/><N who="1" m="319" /><E118/><V29/><F1/><W41/><G36/><T74/><D135/><U66/><E126/><V64/><F127/><W119/><G124/><T67/><D67/><U44/><E66/><V88/><F130/><W30/><G119/><T123/><D123/><U59/><E82/><V62/><F122/><W25/><G71/><T120/><D120/><U85/><E85/><V134/><F134/><W56/><G132/><T7/><D7/><U100/><E31/><V42/><F78/><W24/><G0/><T28/><D28/><U65/><E65/><V63/><F64/><W21/><G131/><T116/><D116/><U76/><E76/><V80/><F90/><W2/><G2/><T83/><D75/><U117/><E117/><V58/><F29/><W20/><G79/><T105/><D105/><N who="1" m="63623" /><E59/><N who="2" m="34919" /><F62/><W23/><G25/><T15/><D15/><U61/><E55/><V18/><F18/><N who="3" m="8487" /><G56/><T92/><D95/><U110/><E110/><N who="0" m="41993" /><D46/><AGARI ba="1,0" hai="20,21,23,24,30,41,46,48,86,91,94" m="8487" machi="46" ten="30,2000,0" yaku="8,1,52,1" doraHai="27" who="3" fromWho="0" sc="252,-23,274,0,219,0,255,23" />
</Scene>
<Scene>
<INIT seed="5,0,0,4,1,11" ten="229,274,219,278" oya="1" hai0="8,70,0,75,40,44,74,50,77,130,107,21,84" hai1="33,3,128,66,95,46,51,116,45,125,25,110,131" hai2="81,133,89,88,134,59,28,9,47,2,57,55,111" hai3="103,104,16,1,87,71,42,112,20,4,113,68,32"/><U65/><E116/><V99/><F111/><W82/><G32/><T49/><D107/><U56/><E3/><V91/><F28/><W67/><G42/><T83/><D70/><U17/><E110/><V38/><F2/><W23/><G23/><T120/><D120/><U96/><E125/><V69/><F69/><W61/><G68/><T35/><D130/><N who="1" m="49707" /><E56/><V63/><F9/><W102/><G4/><T86/><D35/><U90/><E17/><V94/><F59/><W101/><G1/><T119/><D119/><U34/><E46/><V24/><F24/><W39/><G39/><T7/><D74/><U129/><N who="1" m="49715" /><U109/><DORA hai="18" /><E109/><V6/><F6/><W124/><G104/><T106/><D106/><U13/><E13/><V93/><F81/><W31/><G31/><T22/><D50/><U5/><E5/><V78/><F78/><W43/><G43/><T127/><REACH who="0" step="1"/><D127/><REACH who="0" ten="219,274,219,278" step="2"/><U27/><E34/><V19/><F38/><W30/><G124/><T80/><D80/><U60/><E33/><V14/><F47/><W135/><G82/><T118/><D118/><U41/><E60/><V10/><REACH who="2" step="1"/><F94/><REACH who="2" ten="219,274,209,278" step="2"/><W54/><G71/><T85/><AGARI ba="0,2" hai="0,7,8,21,22,40,44,49,75,77,83,84,85,86" machi="85" ten="30,8000,1" yaku="1,1,0,1,52,2,53,1" doraHai="11,18" doraHaiUra="79,52" who="0" fromWho="0" sc="219,100,274,-40,209,-20,278,-20" owari="319,42.0,234,-17.0,189,-31.0,258,6.0" />
</Scene>
</mjloggm>