<mjloggm ver="2.3"><GO type="97"/><UN n0="%E5%A4%AA%E3%81%8F%E3%81%AA%E3%81%84%E3%81%8A" n1="%42%46%4D%56" n2="%E3%81%A1%E3%81%8F%E3%82%8F%E9%87%8E%E9%83%8E%E3%83%80%E3%83%A0%E5%A4%AA" n3="%E6%9D%B1%E9%87%8E%E3%81%AE%E3%83%89%E3%83%A4%E9%A1%94" dan="13,13,14,13" rate="1983,1861,1927,1930" sx="M,M,F,M"/><TAIKYOKU oya="0"/>

<Scene>
<INIT seed="0,0,0,2,1,125" ten="250,250,250,250" oya="0" hai0="96,134,9,95,23,46,45,15,36,50,10,30,129" hai1="73,18,112,5,81,48,66,109,88,83,114,107,4" hai2="8,41,39,56,35,121,100,54,124,119,108,47,99" hai3="130,118,127,77,55,17,12,131,82,87,115,14,21"/><T93/><D134/><U98/><E109/><V97/><F121/><W116/><G115/><N who="1" m="44074" /><E66/><V62/><F35/><W34/><G34/><T25/><D36/><U74/><E18/><V7/><F119/><W16/><G127/><T111/><D111/><U94/><E107/><V40/><F124/><W103/><G55/><T52/><D129/><N who="3" m="49161" /><G103/><T60/><D60/><U59/><E5/><V32/><F32/><W64/><G64/><T1/><D1/><U31/><E4/><V85/><F108/><W20/><AGARI ba="0,0" hai="12,14,16,17,20,21,77,82,87,116,118" m="49161" machi="20" ten="30,8000,1" yaku="19,1,52,3,54,1" doraHai="125" who="3" fromWho="3" sc="250,-40,250,-20,250,-20,250,80" />
</Scene>
<Scene>
<INIT seed="1,0,0,4,2,16" ten="210,230,230,330" oya="1" hai0="134,52,50,90,125,61,27,133,76,3,55,20,71" hai1="78,118,122,39,72,12,29,132,86,103,77,1,4" hai2="85,97,79,106,129,65,33,100,120,51,32,10,45" hai3="92,89,2,0,112,73,135,47,49,26,42,123,37"/><U110/><E103/><V59/><F129/><W93/><G123/><T102/><D3/><U69/><E86/><V18/><F120/><W48/><G112/><T44/><D125/><U17/><E77/><V87/><F87/><W9/><G73/><T66/><D76/><U46/><E78/><V130/><F130/><W34/><G135/><N who="0" m="51723" /><D102/><U109/><E46/><V91/><F79/><W126/><G126/><T25/><D90/><U124/><E29/><V74/><F74/><W11/><G37/><T54/><D27/><U111/><E17/><AGARI ba="0,0" hai="17,20,25,44,50,52,54,55,61,66,71" m="51723" machi="17" ten="30,3900,0" yaku="20,1,52,1,54,1" doraHai="16" who="0" fromWho="1" sc="210,39,230,-39,230,0,330,0" />
</Scene>
<Scene>
<INIT seed="2,0,0,2,2,50" ten="249,191,230,330" oya="2" hai0="14,118,38,92,91,48,36,71,116,90,9,121,110" hai1="54,44,135,70,32,87,34,113,64,56,52,95,10" hai2="31,97,80,51,101,85,98,61,93,125,83,78,74" hai3="75,129,28,131,7,109,88,104,49,100,63,119,55"/><V39/><F39/><N who="0" m="14890" /><D71/><U66/><E113/><V134/><F31/><W35/><G75/><T59/><D121/><U112/><E112/><V11/><F11/><W41/><G7/><N who="0" m="3391" /><D92/><U3/><E135/><V72/><F134/><W122/><G119/><N who="0" m="45611" /><D110/><U68/><E44/><V22/><F51/><W86/><G122/><T25/><D25/><U128/><E128/><V20/><F61/><W42/><G109/><T8/><D8/><U57/><E95/><N who="2" m="58559" /><F20/><W130/><G104/><T127/><D127/><U53/><E87/><N who="2" m="48535" /><F22/><W30/><G35/><N who="1" m="13354" /><E10/><V84/><F125/><W13/><G13/><T60/><D48/><U105/><E3/><V62/><F62/><W107/><G63/><T47/><D47/><U19/><E19/><V120/><F120/><W117/><G117/><T27/><D27/><U23/><E23/><V4/><F4/><W29/><G107/><T76/><D76/><U21/><E21/><V73/><F83/><N who="3" m="49247" /><G100/><AGARI ba="0,0" hai="72,73,74,84,85,93,98,100" m="48535,58559" machi="100" ten="30,12000,1" yaku="35,5" doraHai="50" who="2" fromWho="3" sc="249,0,191,0,230,120,330,-120" />
</Scene>
<Scene>
<INIT seed="2,1,0,5,2,85" ten="249,191,350,210" oya="2" hai0="87,16,129,100,68,35,37,36,49,38,89,110,67" hai1="66,32,57,46,105,60,116,79,134,102,21,72,132" hai2="30,41,44,83,91,125,65,73,56,26,128,101,9" hai3="54,2,124,104,70,64,120,92,42,123,81,40,82"/><V112/><F112/><W71/><G104/><T51/><D35/><U118/><E32/><V108/><F128/><W77/><G2/><T63/><D100/><U59/><E46/><V20/><F125/><W99/><G124/><T131/><D110/><U135/><E21/><V62/><F108/><W126/><G126/><T119/><D119/><U113/><E113/><V53/><F101/><W75/><G81/><N who="0" m="49391" /><D16/><U34/><E34/><V6/><F73/><W1/><G1/><T15/><D15/><U106/><E59/><V55/><F91/><W3/><G3/><T10/><D10/><U69/><E69/><V61/><F83/><W74/><G74/><T88/><D88/><U90/><E90/><V130/><F130/><AGARI ba="1,0" hai="36,37,38,49,51,63,67,68,129,130,131" m="49391" machi="130" ten="40,2600,0" yaku="19,1,52,1" doraHai="85" who="0" fromWho="2" sc="249,29,191,0,350,-29,210,0" />
</Scene>
<Scene>
<INIT seed="3,0,0,5,3,106" ten="278,191,321,210" oya="3" hai0="105,96,2,86,5,41,57,130,104,53,125,10,95" hai1="92,116,6,75,100,44,81,16,12,3,23,87,94" hai2="101,8,74,135,115,109,83,117,28,78,4,42,133" hai3="26,91,80,31,38,50,70,47,24,110,93,19,68"/><W27/><G38/><T122/><D122/><U77/><E116/><V40/><F117/><W108/><G80/><T123/><D123/><U45/><E45/><V17/><F115/><W37/><G37/><T107/><D41/><U88/><E44/><V73/><F101/><W84/><G19/><T51/><D125/><U58/><E58/><V46/><F109/><N who="3" m="42091" /><G31/><T121/><D121/><U29/><E29/><V113/><F113/><W7/><G7/><T118/><D118/><U64/><E64/><V102/><F102/><W128/><G128/><T11/><D130/><U132/><E132/><N who="2" m="50763" /><F28/><W21/><G21/><T111/><D111/><U69/><E69/><V60/><F60/><W52/><AGARI ba="0,0" hai="24,26,27,47,50,52,68,70,84,91,93" m="42091" machi="52" ten="30,6000,0" yaku="14,1,10,1,54,1" doraHai="106" who="3" fromWho="3" sc="278,-20,191,-20,321,-20,210,60" />
</Scene>
<Scene>
<INIT seed="3,1,0,0,2,55" ten="258,171,301,270" oya="3" hai0="82,84,79,73,34,107,85,19,128,5,2,91,124" hai1="83,21,1,10,33,135,100,54,49,93,77,50,109" hai2="28,103,89,53,9,131,3,97,13,76,44,66,70" hai3="115,26,46,95,110,36,120,98,122,6,118,7,60"/><W75/><G115/><T59/><D34/><U39/><E39/><V123/><F123/><W45/><G118/><T20/><D107/><U90/><E109/><V92/><F131/><W57/><G75/><T113/><D128/><U64/><E135/><V25/><F3/><W17/><G36/><T38/><D38/><U119/><E119/><V112/><F76/><W99/><G99/><T114/><D124/><U15/><E33/><V67/><F112/><N who="0" m="43114" /><D59/><U62/><E1/><V52/><F44/><N who="3" m="17003" /><G110/><T12/><D91/><U96/><E77/><V121/><F121/><W69/><G69/><T127/><D127/><U35/><E35/><V72/><F72/><W74/><G74/><T27/><D2/><U14/><E21/><N who="2" m="15407" /><F70/><W61/><G61/><T47/><D47/><N who="1" m="27967" /><E50/><V41/><F41/><W130/><G130/><T71/><D71/><U129/><E129/><V88/><F89/><N who="3" m="55663" /><G120/><T22/><D5/><U29/><E29/><AGARI ba="1,0" hai="12,19,20,22,27,29,73,79,82,84,85" m="43114" machi="29" ten="30,1000,0" yaku="11,1" doraHai="55" who="0" fromWho="1" sc="258,13,171,-13,301,0,270,0" owari="271,7.0,158,-34.0,301,40.0,270,-13.0" />
</Scene>
</mjloggm>