<mjloggm ver="2.3"><GO type="97"/><UN n0="%E3%81%A0%E3%82%8B%E3%81%BE%21%21" n1="%E3%81%BF%E3%82%84%E3%81%96%E3%81%8D" n2="%E5%A4%AA%E3%81%8F%E3%81%AA%E3%81%84%E3%81%8A" n3="%79%6D%68%73%72%77" dan="14,14,14,13" rate="1924,1828,1998,1861" sx="F,M,M,M"/><TAIKYOKU oya="0"/>

<Scene>
<INIT seed="0,0,0,3,2,69" ten="250,250,250,250" oya="0" hai0="37,64,83,46,78,21,49,122,30,44,4,130,123" hai1="73,0,85,95,16,15,75,71,98,68,60,82,89" hai2="79,104,7,100,56,102,93,18,17,23,87,3,81" hai3="126,47,13,36,91,6,67,10,114,9,59,132,35"/><T124/><D130/><U39/><E0/><V51/><F104/><W128/><G114/><T134/><D124/><U106/><E39/><V48/><F3/><W94/><G126/><T97/><D134/><U90/><E106/><V108/><F7/><W53/><G132/><T119/><D119/><U2/><E2/><V74/><F108/><W88/><G128/><T19/><D64/><U24/><E24/><N who="2" m="14447" /><F74/><W11/><G35/><T63/><D63/><U77/><E60/><V61/><F18/><W92/><G67/><T55/><D30/><U120/><E120/><V50/><F93/><W84/><G47/><T26/><D4/><U131/><E131/><V135/><F135/><W129/><G36/><T127/><D127/><U5/><E5/><V20/><F20/><W22/><G22/><T101/><D44/><U66/><E66/><AGARI ba="0,0" hai="48,50,51,56,61,66,79,81,87,100,102" m="14447" machi="66" ten="30,1000,0" yaku="8,1" doraHai="69" who="2" fromWho="1" sc="250,0,250,-10,250,10,250,0" />
</Scene>
<Scene>
<INIT seed="1,0,0,5,2,7" ten="250,240,260,250" oya="1" hai0="3,35,48,98,84,37,102,112,63,24,54,1,130" hai1="76,109,58,59,65,125,91,61,133,12,105,36,114" hai2="121,10,117,21,108,69,26,28,74,4,27,49,116" hai3="119,72,104,81,71,52,9,97,73,19,89,42,17"/><U34/><E114/><V132/><F69/><W134/><G71/><T67/><D112/><U50/><E105/><V8/><F74/><W90/><G42/><T120/><D120/><U60/><E36/><V32/><F49/><W123/><G123/><T18/><D130/><U14/><E34/><V83/><F83/><W57/><G119/><N who="2" m="45641" /><F121/><W96/><G134/><T40/><D84/><U44/><E133/><V88/><F88/><W25/><G104/><T80/><D80/><U135/><E135/><V15/><F132/><W87/><G73/><T46/><D18/><U99/><E76/><V56/><F56/><W20/><G72/><T62/><D62/><U38/><E38/><V51/><F51/><N who="3" m="30879" /><G89/><T82/><D82/><U75/><E75/><V95/><F95/><W86/><G86/><T70/><D24/><U64/><E99/><V5/><F108/><W47/><G47/><T113/><D113/><U129/><E109/><V110/><F110/><W106/><G106/><T68/><D68/><U79/><E79/><V66/><F66/><W55/><G55/><T115/><D115/><U128/><E91/><V11/><F4/><W94/><G81/><T118/><D118/><U124/><E44/><V126/><F126/><W2/><G97/><T30/><D30/><AGARI ba="0,0" hai="5,8,10,11,15,21,26,27,28,30,32" m="45641" machi="30" ten="30,8000,1" yaku="34,2,52,3" doraHai="7" who="2" fromWho="0" sc="250,-80,240,0,260,80,250,0" />
</Scene>
<Scene>
<INIT seed="2,0,0,1,5,115" ten="170,240,340,250" oya="2" hai0="87,26,104,64,54,75,41,89,48,112,105,79,56" hai1="71,55,113,124,114,92,116,57,32,2,81,118,98" hai2="117,0,106,61,30,6,16,76,130,44,27,70,94" hai3="127,77,11,1,91,42,38,100,109,101,50,135,128"/><V63/><F117/><W108/><G38/><T5/><D112/><U3/><E71/><V23/><F106/><W68/><G68/><T66/><D5/><U65/><E81/><V47/><F130/><W8/><G128/><T85/><D75/><U17/><E32/><V53/><F0/><W131/><G131/><T29/><D105/><U84/><E84/><V78/><F70/><W49/><G77/><N who="2" m="29801" /><F6/><W83/><G83/><T88/><D104/><U4/><E65/><V125/><F125/><W12/><G1/><T132/><D132/><U33/><E33/><V119/><F119/><W80/><G80/><T126/><D126/><U99/><E124/><V69/><F69/><W18/><G127/><T133/><D133/><U134/><E134/><V95/><F30/><W43/><G135/><T52/><D41/><U35/><E35/><V10/><F10/><W9/><G9/><T121/><D121/><U51/><E4/><V40/><F40/><W90/><G12/><T62/><D79/><U111/><E3/><V82/><F82/><W122/><G122/><T102/><D102/><U58/><E2/><V97/><F94/><W96/><REACH who="3" step="1"/><G96/><REACH who="3" ten="170,240,340,240" step="2"/><T46/><D87/><U45/><E99/><V73/><F73/><W14/><G14/><T123/><D123/><U19/><E116/><V28/><F97/><W120/><G120/><T36/><D36/><U129/><E118/><V103/><F103/><W25/><G25/><T31/><D26/><U110/><E129/><V7/><F27/><W20/><G20/><T15/><D15/><U13/><E13/><V60/><F23/><RYUUKYOKU ba="0,1" sc="170,-10,240,-10,340,-10,240,30" hai3="8,11,18,42,43,49,50,90,91,100,101,108,109" />
</Scene>
<Scene>
<INIT seed="3,1,1,1,1,25" ten="160,230,330,270" oya="3" hai0="77,109,74,52,37,19,111,49,18,95,70,75,83" hai1="71,14,10,132,69,119,121,34,21,31,11,53,20" hai2="2,133,50,96,124,120,65,30,72,115,22,80,88" hai3="56,29,89,123,107,7,135,16,8,87,0,114,43"/><W15/><G107/><T35/><D70/><U106/><E106/><V98/><F115/><W4/><G114/><T76/><D37/><U67/><E71/><V131/><F2/><W40/><G123/><T36/><D36/><U78/><E69/><V24/><F120/><W110/><G135/><T55/><D95/><U27/><E78/><N who="0" m="30313" /><D35/><U1/><E53/><N who="0" m="20553" /><D49/><U54/><E67/><V97/><F72/><N who="0" m="27690" /><D83/><U117/><E54/><V12/><F80/><W91/><G0/><T134/><D134/><U118/><E132/><V62/><F50/><W33/><G56/><T73/><D73/><U17/><E121/><V103/><F133/><W45/><G89/><T90/><D90/><U102/><E102/><V81/><F88/><W9/><G43/><T86/><D86/><U68/><E68/><V5/><F81/><W129/><G91/><T113/><D113/><U64/><E64/><V130/><F65/><W38/><G87/><T3/><D3/><U46/><E46/><V44/><F44/><W32/><G45/><T48/><D48/><U94/><E94/><V122/><F122/><W41/><G38/><T39/><D39/><U126/><E1/><V128/><F103/><W47/><G47/><T57/><D57/><U6/><E34/><N who="3" m="13418" /><G41/><T60/><D60/><U112/><E112/><V93/><F62/><W108/><G40/><T105/><D105/><U85/><E85/><V58/><F93/><W79/><G79/><T42/><D42/><U104/><E104/><V116/><F58/><W61/><G61/><T125/><D125/><U99/><E126/><V59/><F124/><RYUUKYOKU ba="1,1" sc="160,30,230,-10,330,-10,270,-10" hai0="18,19,109,111" owari="190,-31.0,220,-18.0,330,43.0,260,6.0" />
</Scene>
</mjloggm>