<mjloggm ver="2.3"><GO type="169"/><UN n0="%E5%A4%AA%E3%81%8F%E3%81%AA%E3%81%84%E3%81%8A" n1="%E3%83%87%E3%82%B8%E3%82%BF%E3%83%AB%E4%BB%99%E4%BA%BA" n2="%4E%4F%42%55%53%48%49" n3="%E3%82%BC%E3%83%B3%E3%83%84%E3%83%83%E3%83%91" dan="16,17,16,17" rate="2121,2143,2099,2197" sx="M,F,M,M"/><TAIKYOKU oya="0"/>

<Scene>
<INIT seed="0,0,0,1,2,99" ten="250,250,250,250" oya="0" hai0="9,59,47,127,98,90,69,63,14,49,39,114,51" hai1="133,128,130,93,31,126,53,23,62,43,81,41,83" hai2="117,15,17,58,100,110,7,0,13,44,42,35,74" hai3="48,103,61,45,11,1,20,64,123,6,115,75,29"/><T38/><D114/><U89/><E133/><V129/><F35/><W3/><G115/><T120/><D120/><U55/><E126/><V106/><F74/><W132/><G75/><T88/><D69/><U104/><E104/><V70/><F117/><W95/><G132/><T34/><D34/><U37/><E31/><V67/><F70/><W97/><G123/><T113/><D113/><U94/><E23/><V2/><F129/><W28/><G1/><T50/><D127/><U36/><E62/><V118/><F110/><W8/><G8/><T5/><D47/><U87/><E87/><V121/><F44/><W54/><REACH who="3" step="1"/><G20/><REACH who="3" ten="250,250,250,240" step="2"/><T85/><D98/><U77/><E89/><V108/><F2/><W101/><G101/><T112/><D112/><U109/><REACH who="1" step="1"/><E77/><REACH who="1" ten="250,240,250,240" step="2"/><V66/><F121/><W22/><G22/><T30/><D90/><U124/><E124/><V27/><F118/><W19/><G19/><T10/><D30/><U92/><E92/><V125/><F17/><W12/><G12/><T79/><D79/><U4/><E4/><V82/><F13/><W102/><G102/><T25/><D10/><U76/><E76/><V116/><F7/><W78/><G78/><T57/><D5/><U134/><E134/><V131/><F125/><W21/><G21/><T72/><D9/><U91/><E91/><V71/><F100/><W24/><G24/><T16/><D25/><U40/><E40/><V18/><F27/><W86/><G86/><T80/><D72/><U32/><E32/><V60/><F42/><W96/><G96/><T119/><D14/><U84/><E84/><RYUUKYOKU ba="0,2" sc="250,-15,240,15,250,-15,240,15" hai1="36,37,41,43,53,55,81,83,93,94,109,128,130" hai3="3,6,11,28,29,45,48,54,61,64,95,97,103" />
</Scene>
<Scene>
<INIT seed="1,1,2,4,5,70" ten="235,255,235,255" oya="1" hai0="75,50,121,47,1,81,77,33,64,114,52,9,91" hai1="107,56,26,90,12,30,31,101,115,69,135,117,27" hai2="95,76,125,86,110,60,72,35,87,106,10,133,93" hai3="127,85,89,109,78,55,54,123,22,25,18,32,41"/><U98/><E117/><V134/><F35/><W49/><G109/><T102/><D114/><U119/><E119/><V45/><F106/><W29/><G123/><T124/><D33/><U39/><E115/><V13/><F110/><W80/><G127/><T36/><D124/><U74/><E69/><V131/><F125/><W128/><G128/><T17/><D121/><U19/><E74/><V112/><F131/><W5/><G5/><T59/><D102/><U53/><E135/><N who="2" m="51723" /><F112/><W24/><G41/><T42/><D91/><U11/><E39/><V130/><F72/><W58/><REACH who="3" step="1"/><G55/><REACH who="3" ten="235,255,235,245" step="2"/><T63/><D1/><U37/><E53/><V68/><F130/><W6/><G6/><T57/><D9/><U94/><E11/><V99/><F10/><W120/><G120/><T111/><D111/><U83/><E107/><V16/><F93/><W61/><G61/><T4/><D4/><U67/><E94/><V62/><F60/><W3/><G3/><T97/><D17/><U7/><E19/><V96/><F16/><W40/><G40/><T104/><D104/><U46/><E7/><V116/><F116/><W71/><G71/><T23/><D23/><U92/><E92/><V73/><F68/><W100/><G100/><T113/><D113/><U15/><E101/><V34/><F95/><W2/><G2/><T51/><REACH who="0" step="1"/><D97/><REACH who="0" ten="225,255,235,245" step="2"/><U38/><E98/><V129/><F99/><W118/><G118/><T108/><D108/><U122/><E122/><V66/><F96/><W65/><G65/><T21/><D21/><U8/><E67/><V126/><F66/><W28/><G28/><RYUUKYOKU ba="1,4" sc="225,15,255,-15,235,-15,245,15" hai0="36,42,47,50,51,52,57,59,63,64,75,77,81" hai3="18,22,24,25,29,32,49,54,58,78,80,85,89" />
</Scene>
<Scene>
<INIT seed="2,2,4,2,2,22" ten="240,240,220,260" oya="2" hai0="121,50,106,75,16,111,28,92,48,58,9,95,77" hai1="18,31,4,20,27,3,29,120,127,104,107,83,103" hai2="71,52,59,65,94,112,89,60,130,47,19,39,38" hai3="87,0,79,113,45,2,86,7,6,12,17,40,123"/><V42/><F112/><W43/><G123/><T64/><D121/><U13/><E120/><V44/><F130/><W57/><G113/><T99/><D111/><U101/><E127/><V67/><F19/><W116/><G116/><T117/><D117/><U80/><E107/><V96/><F71/><W35/><G35/><T33/><D75/><U133/><E133/><V14/><F14/><W24/><G57/><T46/><D77/><U100/><E104/><V134/><F134/><W68/><G68/><T32/><D106/><U11/><REACH who="1" step="1"/><E31/><REACH who="1" ten="240,230,220,260" step="2"/><V115/><F115/><W53/><G0/><T135/><D28/><U128/><E128/><V110/><F110/><W1/><G2/><T126/><D126/><U74/><E74/><V30/><F30/><W37/><G1/><T105/><D105/><U114/><E114/><V102/><F102/><W132/><G132/><T49/><D135/><U34/><AGARI ba="2,5" hai="3,4,11,13,18,20,27,29,34,80,83,100,101,103" machi="34" ten="30,8000,1" yaku="1,1,0,1,24,2,52,1,53,0" doraHai="22" doraHaiUra="131" who="1" fromWho="1" sc="240,-22,230,136,220,-42,260,-22" />
</Scene>
<Scene>
<INIT seed="3,0,0,0,2,98" ten="218,366,178,238" oya="3" hai0="51,38,135,120,52,131,81,19,102,76,114,48,92" hai1="40,118,31,124,128,125,97,32,99,72,68,34,22" hai2="123,69,41,122,36,83,0,50,75,119,126,93,5" hai3="59,7,61,87,10,65,78,117,14,109,110,79,89"/><W129/><G117/><T70/><D120/><U133/><E118/><V116/><F69/><W62/><G129/><T24/><D38/><U96/><E68/><V127/><F0/><W13/><G13/><T56/><D70/><U90/><E72/><V84/><F5/><W86/><G62/><T54/><D131/><U111/><E128/><V60/><F60/><W73/><G73/><T132/><D114/><U94/><E40/><V12/><F12/><W71/><G71/><T91/><D24/><N who="1" m="16791" /><E111/><N who="3" m="42506" /><G86/><T108/><D108/><U105/><E133/><N who="0" m="51273" /><D19/><U58/><E105/><V49/><F75/><W55/><G65/><T130/><D130/><U29/><E29/><V30/><F30/><W27/><G27/><T101/><D81/><AGARI ba="0,0" hai="7,10,14,55,59,61,78,79,81,87,89" m="42506" machi="81" ten="30,2900,0" yaku="14,1,10,1" doraHai="98" who="3" fromWho="0" sc="218,-29,366,0,178,0,238,29" />
</Scene>
<Scene>
<INIT seed="3,1,0,5,2,70" ten="189,366,178,267" oya="3" hai0="82,66,99,60,125,13,37,19,115,3,53,92,21" hai1="63,135,55,59,56,42,45,121,73,91,33,62,85" hai2="51,131,101,96,49,29,130,122,10,20,94,87,105" hai3="34,28,112,18,48,16,83,89,74,17,78,128,44"/><W35/><G112/><T127/><D3/><U93/><E73/><V41/><F122/><W25/><G128/><T107/><D107/><U69/><E135/><V120/><F120/><W12/><G35/><T129/><D129/><N who="2" m="49162" /><F41/><W118/><G118/><T58/><D115/><U72/><E72/><V110/><F10/><W36/><G89/><T119/><D119/><U126/><E126/><N who="0" m="48137" /><D82/><U84/><E69/><V68/><F68/><W31/><G31/><T76/><D76/><U1/><E1/><V109/><F20/><W100/><G100/><N who="0" m="60519" /><D66/><U133/><E133/><V15/><F29/><W46/><G46/><T14/><D14/><U65/><E33/><V81/><F15/><W50/><REACH who="3" step="1"/><G12/><REACH who="3" ten="189,366,178,257" step="2"/><T38/><AGARI ba="1,1" hai="13,19,21,37,38,53,58,60" m="60519,48137" machi="38" ten="30,4000,0" yaku="18,1,52,2" doraHai="70" who="0" fromWho="0" sc="189,53,366,-11,178,-11,257,-21" />
</Scene>
<Scene>
<INIT seed="4,0,0,5,4,64" ten="242,355,167,236" oya="0" hai0="92,97,61,22,29,45,130,53,124,11,23,119,77" hai1="58,106,121,74,101,129,13,117,20,113,67,95,118" hai2="4,25,96,26,83,86,82,111,128,81,31,27,79" hai3="122,80,33,84,133,12,17,3,41,123,7,72,57"/><T14/><D119/><U8/><E106/><V109/><F128/><W60/><G33/><T108/><D130/><U98/><E129/><V5/><F31/><W127/><G72/><T59/><D124/><U116/><E121/><N who="3" m="46090" /><G127/><T134/><D134/><U85/><E74/><V102/><F86/><W54/><G133/><T88/><D108/><U51/><E20/><V131/><F79/><N who="3" m="46111" /><G3/><T6/><D77/><U1/><E85/><V76/><F76/><W52/><G41/><T65/><REACH who="0" step="1"/><D29/><REACH who="0" ten="232,355,167,236" step="2"/><U100/><E118/><V63/><F131/><W15/><G7/><T89/><D89/><U62/><E117/><V90/><F90/><W40/><G40/><T2/><D2/><U112/><E1/><V114/><F4/><W19/><G19/><T132/><D132/><U21/><E116/><V66/><F5/><W10/><G12/><T42/><D42/><U37/><E13/><V107/><REACH who="2" step="1"/><F114/><REACH who="2" ten="232,355,157,236" step="2"/><W50/><G54/><T110/><D110/><U120/><E112/><V49/><F49/><AGARI ba="0,2" hai="10,15,17,49,50,52,57,60" m="46111,46090" machi="49" ten="30,2000,0" yaku="13,1,54,1" doraHai="64" who="3" fromWho="2" sc="232,0,355,0,157,-20,236,40" /><AGARI ba="0,0" hai="6,11,14,22,23,45,49,53,59,61,65,88,92,97" machi="49" ten="40,12000,1" yaku="1,1,8,1,54,1,53,1" doraHai="64" doraHaiUra="0" who="0" fromWho="2" sc="232,120,355,0,137,-120,276,0" />
</Scene>
<Scene>
<INIT seed="4,1,0,0,4,86" ten="352,355,17,276" oya="0" hai0="79,74,53,50,8,33,17,132,107,61,126,91,115" hai1="96,94,87,7,20,66,133,26,27,80,63,114,102" hai2="21,23,130,58,95,117,75,93,43,89,71,40,14" hai3="28,36,135,22,60,131,106,82,98,13,68,34,73"/><T85/><D107/><U54/><E133/><V3/><F3/><W109/><G22/><T30/><D132/><U48/><E114/><V118/><F75/><W78/><G13/><T52/><D115/><U70/><E7/><V16/><F71/><W81/><G81/><N who="0" m="47295" /><D74/><U35/><E35/><V77/><F77/><W119/><G135/><T124/><D33/><U99/><E99/><V10/><F130/><W108/><G131/><T6/><D30/><U29/><E27/><V41/><F58/><W19/><G19/><T88/><D17/><U56/><E70/><V65/><F65/><W4/><G4/><T15/><D61/><U25/><E25/><V112/><F95/><W129/><G119/><N who="2" m="45577" /><F112/><W39/><G129/><T1/><D1/><U69/><E69/><V55/><F55/><N who="0" m="21066" /><D50/><U128/><E128/><V45/><F45/><W105/><G109/><T42/><D42/><U47/><E47/><V59/><F59/><W38/><G108/><T37/><D37/><U72/><E72/><V122/><F122/><W110/><G110/><T12/><D12/><U83/><E48/><V92/><F92/><W67/><REACH who="3" step="1"/><G98/><AGARI ba="1,0" hai="10,14,16,21,23,40,41,43,89,93,98" m="45577" machi="98" ten="30,3900,0" yaku="12,1,52,1,54,1" doraHai="86" who="2" fromWho="3" sc="352,0,355,0,17,42,276,-42" />
</Scene>
<Scene>
<INIT seed="5,0,0,2,4,12" ten="352,355,59,234" oya="1" hai0="134,62,46,28,16,2,37,116,130,10,43,30,34" hai1="87,22,1,14,98,19,111,113,86,135,76,24,66" hai2="17,52,74,101,31,121,6,95,13,57,61,0,45" hai3="119,11,64,100,103,99,80,48,75,79,125,109,35"/><U25/><E1/><V82/><F121/><W83/><G35/><T126/><D116/><U63/><E113/><V106/><F106/><W33/><G33/><T70/><D134/><U115/><E115/><V90/><F31/><W77/><G64/><T51/><D130/><U65/><E135/><V85/><F0/><W50/><G109/><T18/><D126/><U120/><E120/><V36/><F6/><W15/><G125/><T68/><D34/><U122/><E122/><V29/><F29/><W96/><G119/><T93/><D37/><U102/><E111/><V5/><F5/><W32/><G32/><T117/><D117/><U89/><E76/><V20/><F36/><W42/><G42/><T88/><D2/><U123/><E123/><V133/><F133/><W41/><G41/><T23/><D70/><U38/><E38/><V73/><REACH who="2" step="1"/><F45/><REACH who="2" ten="352,355,49,234" step="2"/><W84/><G103/><T39/><D39/><U3/><E3/><V47/><F47/><W44/><G44/><T110/><D110/><U104/><E104/><V94/><F94/><W67/><G67/><T128/><D46/><U21/><E66/><V97/><AGARI ba="0,1" hai="13,17,20,52,57,61,73,74,82,85,90,95,97,101" machi="97" ten="30,7900,0" yaku="1,1,0,1,52,1,54,1,53,0" doraHai="12" doraHaiUra="127" who="2" fromWho="2" sc="352,-20,355,-39,49,89,234,-20" />
</Scene>
<Scene>
<INIT seed="6,0,0,5,4,10" ten="332,316,138,214" oya="2" hai0="97,120,112,26,101,20,62,66,23,34,32,99,118" hai1="19,92,81,31,67,11,16,130,102,116,127,119,122" hai2="70,18,86,33,61,42,125,48,60,71,3,121,80" hai3="72,58,37,45,131,135,41,123,56,55,85,95,5"/><V103/><F121/><W54/><G72/><T113/><D120/><U94/><E122/><V15/><F3/><W14/><G123/><T21/><D118/><U22/><E130/><V93/><F33/><W52/><G131/><T63/><D26/><U82/><E127/><V28/><F28/><W126/><G126/><T109/><D109/><U44/><E67/><V12/><F125/><W9/><REACH who="3" step="1"/><G135/><REACH who="3" ten="332,316,138,204" step="2"/><T83/><D113/><U59/><E119/><V84/><F71/><W117/><G117/><T46/><D112/><U36/><E116/><V91/><F70/><W88/><AGARI ba="0,1" hai="5,9,14,37,41,45,52,54,55,56,58,85,88,95" machi="88" ten="30,8000,1" yaku="1,1,0,1,52,1,54,2,53,0" doraHai="10" doraHaiUra="74" who="3" fromWho="3" sc="332,-20,316,-20,138,-40,204,90" />
</Scene>
<Scene>
<INIT seed="7,0,0,5,3,11" ten="312,296,98,294" oya="3" hai0="38,119,50,91,15,121,107,19,98,30,24,27,18" hai1="84,130,129,13,92,46,109,118,28,34,85,97,40" hai2="16,44,65,124,42,86,132,68,74,22,117,4,125" hai3="96,66,112,104,99,7,59,82,32,90,76,51,49"/><W133/><G32/><T26/><D121/><U23/><E118/><V47/><F74/><W41/><G104/><T64/><D119/><U36/><E34/><V31/><F117/><W61/><G112/><T88/><D38/><U53/><E53/><V128/><F128/><N who="1" m="49257" /><E109/><V3/><F132/><W63/><G133/><T102/><D30/><U55/><E55/><V0/><F31/><W81/><G7/><T87/><D64/><U116/><E116/><V6/><F86/><N who="3" m="48423" /><G61/><T122/><D122/><U123/><E123/><V100/><F100/><W60/><G60/><T14/><D50/><N who="3" m="18953" /><G41/><T80/><REACH who="0" step="1"/><D91/><REACH who="0" ten="302,296,98,294" step="2"/><N who="1" m="55455" /><E28/><V110/><F110/><W62/><G62/><T135/><D135/><U1/><E1/><N who="2" m="587" /><F65/><W105/><G105/><T94/><D94/><U108/><E108/><V113/><F68/><W48/><G48/><T67/><D67/><U73/><E73/><V17/><F113/><W29/><G29/><T37/><D37/><U69/><E69/><V101/><F101/><W58/><G58/><T78/><D78/><U5/><E5/><N who="2" m="2155" /><F42/><W71/><G71/><T103/><D103/><U111/><E111/><V57/><F57/><W106/><G106/><T72/><D72/><U89/><E89/><V120/><F120/><W95/><G82/><T79/><D79/><U12/><E36/><V131/><F131/><W9/><G9/><T75/><D75/><U115/><E115/><V25/><F17/><AGARI ba="0,1" hai="14,15,17,18,19,24,26,27,80,87,88,98,102,107" machi="17" ten="40,8000,1" yaku="1,1,52,2,54,1,53,0" doraHai="11" doraHaiUra="126" who="0" fromWho="2" sc="302,90,296,0,98,-80,294,0" owari="392,49.0,296,10.0,18,-48.0,294,-11.0" />
</Scene>
</mjloggm>