<mjloggm ver="2.3"><GO type="169" lobby="0"/><UN n0="%E3%81%B4%E3%81%AE" n1="%7A%65%72%6F%52%58" n2="%E5%A4%AA%E3%81%8F%E3%81%AA%E3%81%84%E3%81%8A" n3="%E6%A1%9C%E4%BA%95%E3%82%A2%E3%82%BD%E3%82%B3" dan="16,16,18,17" rate="2081.96,2073.40,2239.66,2187.44" sx="M,M,F,M"/><TAIKYOKU oya="0"/>

<Scene>
<INIT seed="0,0,0,0,0,24" ten="250,250,250,250" oya="0" hai0="67,61,113,57,26,66,59,104,121,102,87,69,84" hai1="38,94,105,71,111,53,44,48,96,76,106,51,108" hai2="45,22,97,41,30,118,52,10,33,73,109,89,83" hai3="88,86,107,65,72,125,31,124,123,68,116,129,80"/><T64/><D113/><U100/><E38/><V23/><F109/><N who="1" m="42057" /><E71/><V14/><F118/><W79/><G116/><T58/><D121/><U34/><E34/><V40/><F33/><W55/><G123/><T90/><D87/><U117/><E117/><V16/><F73/><W49/><G129/><T127/><D127/><U135/><E135/><V101/><F101/><W43/><G43/><N who="2" m="16457" /><F30/><W93/><G65/><T60/><D69/><U95/><E76/><V91/><F97/><W56/><G68/><T3/><D3/><U112/><E112/><V131/><F131/><W12/><G107/><N who="1" m="40970" /><E51/><N who="2" m="28783" /><F91/><W78/><G78/><T114/><D114/><U122/><E122/><V132/><F132/><W39/><G39/><T0/><D0/><U19/><E19/><V54/><F54/><W11/><REACH who="3" step="1"/><G31/><REACH who="3" ten="250,250,250,240" step="2"/><T9/><D67/><U36/><E36/><V130/><F130/><W70/><G70/><T133/><D66/><U82/><E82/><V1/><F1/><W50/><G50/><T62/><D64/><U2/><E2/><V8/><F8/><W4/><AGARI ba="0,1" hai="4,11,12,49,55,56,72,79,80,86,88,93,124,125" machi="4" ten="30,4000,0" yaku="1,1,0,1,54,1,53,0" doraHai="24" doraHaiUra="120" who="3" fromWho="3" sc="250,-20,250,-10,250,-10,240,50" />
</Scene>
<Scene>
<INIT seed="1,0,0,5,5,88" ten="230,240,240,290" oya="1" hai0="77,30,5,4,10,7,121,113,28,102,54,90,129" hai1="116,9,130,55,95,125,17,64,63,119,104,2,49" hai2="73,131,51,8,53,40,99,11,71,18,1,6,74" hai3="123,46,57,106,87,70,27,128,36,117,52,50,60"/><U25/><E104/><V108/><F71/><W22/><G106/><T96/><D113/><U78/><E130/><V134/><F131/><W42/><G128/><T65/><D129/><U100/><E125/><V84/><F108/><W118/><G123/><T111/><D111/><U37/><E37/><V81/><F40/><W39/><G87/><T79/><D121/><U82/><E2/><V112/><F99/><W32/><G32/><T23/><D65/><U41/><E41/><V19/><F134/><W67/><REACH who="3" step="1"/><G39/><REACH who="3" ten="230,240,240,280" step="2"/><T94/><D96/><N who="1" m="59423" /><E119/><V135/><F84/><W48/><G48/><T35/><D35/><U86/><E116/><V45/><F51/><W126/><G126/><T80/><D4/><U76/><E49/><V59/><F6/><W3/><G3/><T92/><D5/><U61/><E86/><V56/><F1/><W68/><G68/><T15/><D7/><U72/><E72/><V34/><F73/><W43/><G43/><T20/><D77/><U0/><E0/><V31/><F74/><W120/><G120/><T91/><D79/><U62/><E78/><V107/><F107/><W85/><G85/><T29/><D80/><U109/><E82/><V133/><F81/><W75/><G75/><T110/><D110/><U89/><E76/><V105/><F105/><W114/><G114/><T97/><D97/><U69/><E109/><V122/><F112/><W127/><G127/><T101/><D101/><U58/><E69/><V21/><F122/><W33/><G33/><T47/><D102/><U14/><E89/><V24/><F34/><W124/><G124/><RYUUKYOKU ba="0,1" sc="230,-10,240,-10,240,-10,280,30" hai3="22,27,36,42,46,50,52,57,60,67,70,117,118" />
</Scene>
<Scene>
<INIT seed="2,1,1,0,3,17" ten="220,230,230,310" oya="2" hai0="59,7,93,78,28,4,87,111,37,34,13,104,68" hai1="50,124,8,62,132,12,21,23,65,52,30,98,102" hai2="134,114,89,95,53,116,24,81,70,106,129,125,73" hai3="54,86,123,80,103,88,20,49,110,121,108,29,135"/><V76/><F70/><W15/><G103/><T128/><D68/><U3/><E3/><V48/><F116/><W119/><G119/><T5/><D104/><U122/><E132/><V51/><F114/><W82/><G82/><T39/><D34/><U0/><E0/><V25/><F134/><W9/><G135/><T63/><D28/><U32/><E124/><V130/><F106/><W118/><G118/><T92/><D128/><N who="2" m="49258" /><F125/><W109/><G29/><T74/><D111/><U94/><E122/><V61/><F61/><W57/><REACH who="3" step="1"/><G20/><REACH who="3" ten="220,230,230,300" step="2"/><T112/><D112/><U101/><E30/><V27/><F53/><W26/><G26/><T2/><D74/><U16/><E102/><V69/><F69/><W18/><AGARI ba="1,2" hai="9,15,18,49,54,57,80,86,88,108,109,110,121,123" machi="18" ten="30,7900,0" yaku="1,1,0,1,14,1,54,1,53,0" doraHai="17" doraHaiUra="33" who="3" fromWho="3" sc="220,-21,230,-21,230,-40,300,102" />
</Scene>
<Scene>
<INIT seed="3,0,0,4,3,126" ten="199,209,190,402" oya="3" hai0="72,20,131,133,45,8,10,35,3,67,27,22,91" hai1="122,106,109,96,14,121,125,47,135,4,93,105,41" hai2="57,34,2,21,16,104,37,86,78,32,88,30,115" hai3="11,99,9,12,43,108,89,65,76,111,81,40,123"/><W84/><G65/><T102/><D72/><U28/><E125/><V0/><F115/><W59/><G59/><T71/><D102/><U24/><E109/><N who="3" m="42058" /><G123/><T39/><D71/><U36/><E135/><V80/><F37/><W19/><G11/><T31/><D67/><U100/><E122/><V51/><F104/><W15/><G15/><T83/><D39/><U7/><E121/><V107/><F107/><W75/><G99/><T124/><D45/><U58/><E4/><V63/><F2/><W50/><G50/><T116/><D133/><U120/><E120/><V42/><F0/><W87/><G87/><T26/><D124/><U92/><E106/><V17/><F51/><W117/><G117/><T118/><D3/><U64/><E7/><V70/><F57/><W134/><G134/><T110/><D110/><U73/><E73/><V128/><F86/><W56/><G56/><T49/><D49/><U79/><E14/><V52/><F63/><W38/><G38/><T5/><D118/><U48/><E64/><V130/><F70/><W74/><G74/><T18/><D116/><U33/><E58/><V129/><F129/><W127/><G127/><T55/><D131/><U77/><E36/><V54/><F130/><W94/><AGARI ba="0,0" hai="9,12,19,40,43,75,76,81,84,89,94" m="42058" machi="94" ten="30,3000,0" yaku="14,1,10,1" doraHai="126" who="3" fromWho="3" sc="199,-10,209,-10,190,-10,402,30" />
</Scene>
<Scene>
<INIT seed="3,1,0,0,2,9" ten="189,199,180,432" oya="3" hai0="70,30,38,47,59,33,119,80,64,74,72,76,133" hai1="56,104,8,48,81,135,24,36,89,52,26,91,1" hai2="127,40,93,124,25,99,27,110,132,61,123,31,125" hai3="120,58,5,44,129,39,69,53,109,51,57,86,22"/><W85/><G120/><T20/><D119/><U10/><E104/><V35/><F123/><W6/><G129/><T37/><D133/><U84/><E36/><V66/><F132/><W71/><G22/><T97/><D20/><U46/><E135/><V121/><F121/><W111/><G85/><T77/><D59/><N who="3" m="22537" /><G86/><T2/><D97/><U21/><E89/><N who="2" m="55727" /><F27/><N who="1" m="10281" /><E1/><V62/><F110/><N who="3" m="41995" /><G6/><T105/><D33/><U54/><E21/><V50/><F66/><W83/><G83/><T82/><D64/><U4/><E4/><V0/><F0/><W29/><G29/><T41/><D30/><U106/><E106/><V42/><F25/><W32/><G5/><T63/><D105/><U115/><E115/><V78/><F31/><W87/><G87/><T98/><D82/><U114/><E114/><V67/><F67/><W92/><G92/><T128/><D80/><U100/><E100/><V134/><F134/><W113/><G32/><T7/><D128/><U102/><E102/><V101/><F101/><W90/><G90/><T103/><D103/><U43/><E43/><N who="2" m="16427" /><F35/><W11/><G113/><T108/><D108/><U45/><E45/><V112/><F112/><W107/><G107/><T122/><D47/><U73/><E73/><V79/><F79/><W23/><G39/><T12/><D74/><U118/><E118/><V16/><F78/><W15/><G23/><T131/><D72/><U75/><E75/><V65/><F125/><W68/><G68/><T60/><D37/><U49/><AGARI ba="1,0" hai="8,10,46,48,49,52,54,56,81,84,91" m="10281" machi="49" ten="30,2000,0" yaku="8,1,54,1" doraHai="9" who="1" fromWho="1" sc="189,-6,199,23,180,-6,432,-11" />
</Scene>
<Scene>
<INIT seed="4,0,0,3,3,20" ten="183,222,174,421" oya="0" hai0="88,113,24,36,106,72,16,35,67,52,23,75,66" hai1="59,124,91,121,123,37,2,29,84,118,109,71,56" hai2="115,12,63,1,76,62,77,100,120,81,48,13,38" hai3="119,97,15,116,131,86,83,133,70,96,90,103,132"/><T55/><D36/><U102/><E118/><N who="3" m="45098" /><G70/><T127/><D106/><U44/><E109/><V112/><F38/><W101/><G15/><N who="2" m="5705" /><F1/><W28/><G28/><T43/><D35/><U34/><E2/><V6/><F6/><W104/><G131/><T39/><D75/><U4/><E4/><V33/><F33/><W51/><G51/><T78/><D72/><U95/><E71/><V126/><F100/><W46/><G46/><T135/><D78/><U98/><E124/><V130/><F48/><W128/><G128/><T11/><D127/><U22/><E34/><V17/><F130/><W53/><G53/><N who="0" m="20555" /><D39/><U87/><E123/><V134/><F120/><W27/><G27/><T8/><D43/><U30/><E121/><V85/><F76/><W69/><G69/><T107/><D107/><AGARI ba="0,0" hai="83,86,90,96,97,101,103,104,107,132,133" m="45098" machi="107" ten="30,2000,0" yaku="34,2" doraHai="20" who="3" fromWho="0" sc="183,-20,222,0,174,0,421,20" />
</Scene>
<Scene>
<INIT seed="5,0,0,5,5,0" ten="163,222,174,441" oya="1" hai0="55,14,125,61,108,75,66,67,41,20,109,98,102" hai1="93,36,35,92,131,27,63,15,119,37,123,11,122" hai2="128,45,116,44,101,90,135,96,111,120,42,114,10" hai3="56,32,59,57,91,19,3,25,52,33,82,88,112"/><U76/><E119/><V130/><F116/><W30/><G32/><T12/><D125/><U47/><E131/><N who="2" m="50219" /><F111/><W31/><G31/><T103/><D75/><U50/><E76/><V69/><F69/><W133/><G133/><T118/><D41/><U99/><E92/><N who="2" m="58503" /><F120/><W48/><G112/><T117/><D20/><U38/><E63/><V100/><F100/><W80/><G3/><T1/><D61/><U26/><E35/><V81/><F135/><W54/><G19/><T8/><D98/><U70/><E70/><V34/><F34/><W17/><G17/><T107/><D1/><U43/><E123/><V58/><F42/><W5/><G5/><T77/><D77/><U110/><E110/><V132/><F132/><W79/><G80/><T9/><REACH who="0" step="1"/><D55/><REACH who="0" ten="153,222,174,441" step="2"/><U21/><E21/><V106/><F114/><W62/><G56/><T94/><D94/><U49/><E122/><V124/><F58/><W89/><G89/><T113/><D113/><U40/><E40/><V68/><F90/><W24/><G24/><T39/><D39/><U85/><E36/><V65/><F68/><W78/><G78/><T71/><D71/><U115/><E37/><V86/><F124/><W22/><REACH who="3" step="1"/><G33/><REACH who="3" ten="153,222,174,431" step="2"/><T13/><D13/><U134/><E115/><V53/><F81/><W97/><G97/><T28/><D28/><U83/><E134/><V23/><F45/><W46/><G46/><T7/><D7/><N who="1" m="3583" /><E26/><V104/><F44/><W6/><G6/><T73/><D73/><AGARI ba="0,2" hai="22,25,30,48,52,54,57,59,62,73,79,82,88,91" machi="73" ten="30,8000,1" yaku="1,1,7,1,54,2,53,1" doraHai="0" doraHaiUra="16" who="3" fromWho="0" sc="153,-80,222,0,174,0,431,100" />
</Scene>
<Scene>
<INIT seed="6,0,0,3,5,119" ten="73,222,174,531" oya="2" hai0="113,6,47,89,55,29,38,63,49,68,25,120,7" hai1="82,60,48,1,117,0,27,59,58,56,134,67,40" hai2="64,116,5,44,91,130,71,39,128,123,84,133,18" hai3="92,10,43,126,57,31,37,52,14,45,13,23,79"/><V32/><F116/><W70/><G70/><T114/><D38/><U96/><E117/><V69/><F32/><W98/><G126/><T46/><D46/><U53/><E134/><V26/><F5/><W83/><G31/><T88/><D6/><U86/><E96/><V104/><F104/><W16/><G14/><T9/><D68/><U124/><E124/><V41/><F64/><W65/><G65/><T8/><D63/><N who="1" m="38399" /><E0/><V109/><F133/><W94/><G98/><T78/><D78/><N who="1" m="46423" /><E1/><V85/><F85/><W135/><G10/><T22/><D9/><U20/><E40/><V11/><F109/><W105/><G105/><T125/><D125/><U73/><E73/><V121/><F71/><W102/><G102/><T42/><D42/><U12/><E12/><N who="2" m="7455" /><F26/><W103/><G103/><T100/><D100/><U115/><E115/><V80/><F69/><W77/><G135/><T2/><REACH who="0" step="1"/><D120/><REACH who="0" ten="63,222,174,531" step="2"/><U30/><E58/><V131/><AGARI ba="0,1" hai="39,41,44,80,84,91,121,123,128,130,131" m="7455" machi="131" ten="30,6000,0" yaku="19,1,52,2" doraHai="119" who="2" fromWho="2" sc="63,-20,222,-20,174,70,531,-20" />
</Scene>
<Scene>
<INIT seed="6,1,0,0,3,85" ten="43,202,244,511" oya="2" hai0="49,43,11,83,112,113,81,126,41,84,48,35,32" hai1="109,70,38,86,63,97,121,46,67,64,45,24,118" hai2="116,94,1,106,87,74,17,19,111,72,68,80,58" hai3="114,115,103,65,10,129,66,7,2,31,73,54,120"/><V47/><F68/><W128/><G73/><T131/><D84/><U79/><E118/><V53/><F1/><W4/><G4/><T56/><D56/><U76/><E109/><V71/><F71/><W110/><G110/><T93/><D93/><U99/><E24/><V61/><F106/><W8/><G8/><T55/><D11/><U122/><E70/><V69/><F111/><W33/><G120/><T62/><D62/><U44/><E86/><V107/><F69/><W12/><G103/><T102/><D131/><U5/><E63/><V78/><F107/><W14/><G54/><T40/><D126/><U28/><E5/><V27/><F116/><W37/><G37/><T52/><REACH who="0" step="1"/><D40/><REACH who="0" ten="33,202,244,511" step="2"/><U105/><E105/><V100/><F61/><W60/><G60/><T91/><D91/><U16/><E122/><V30/><F58/><W133/><G65/><T3/><D3/><U26/><E121/><V90/><F90/><W50/><G66/><T6/><D6/><U75/><E67/><V127/><F127/><W130/><G2/><T98/><D98/><U13/><E97/><V51/><F94/><W88/><G88/><T34/><D34/><U0/><E99/><V123/><F123/><W104/><G128/><T108/><D108/><U96/><E96/><V18/><F87/><W135/><G129/><T125/><D125/><U29/><E64/><V119/><F119/><W101/><G130/><T9/><D9/><U39/><E76/><V23/><F78/><W92/><G92/><T95/><D95/><U20/><E0/><V77/><F77/><W57/><G104/><RYUUKYOKU ba="1,1" sc="33,30,202,-10,244,-10,511,-10" hai0="32,35,41,43,48,49,52,55,81,83,102,112,113" />
</Scene>
<Scene>
<INIT seed="7,2,1,0,5,83" ten="63,192,234,501" oya="3" hai0="20,71,46,130,72,52,31,123,73,54,57,59,93" hai1="119,78,40,97,8,9,110,116,64,62,132,42,51" hai2="56,58,22,125,0,107,79,44,114,67,104,1,47" hai3="34,35,135,115,86,124,128,122,13,12,133,112,30"/><W26/><G86/><T66/><D73/><U126/><E110/><V90/><F79/><W74/><G74/><T82/><D72/><U105/><E132/><N who="3" m="50762" /><G122/><T11/><D123/><U84/><E126/><V25/><F56/><N who="0" m="21578" /><D11/><N who="1" m="4171" /><E51/><V38/><F58/><W75/><G75/><T55/><D93/><U15/><E15/><N who="3" m="5706" /><G124/><T29/><D82/><N who="1" m="47191" /><E97/><V16/><F125/><W98/><G98/><T76/><D20/><U50/><E50/><V60/><F22/><N who="3" m="15703" /><G128/><T113/><D130/><U87/><E87/><V5/><F104/><W6/><G6/><T7/><D76/><U33/><E33/><AGARI ba="2,1" hai="33,34,35,112,115" m="15703,5706,50762" machi="33" ten="40,7700,0" yaku="20,1,34,2" doraHai="83" who="3" fromWho="1" sc="63,0,192,-83,234,0,501,93" owari="63,-44.0,109,-29.0,234,3.0,594,70.0" />
</Scene>
</mjloggm>