<mjloggm ver="2.3"><GO type="41"/><UN n0="%E4%BA%8C%E7%99%BE%E9%9A%8E%E5%A0%82%E4%BA%9C%E6%A8%B9" n1="%E5%A4%AA%E3%81%8F%E3%81%AA%E3%81%84%E3%81%8A" n2="%68%61%6D%6F%6E" n3="%6D%69%6E%74%69%61" dan="13,13,14,14" rate="1891,1945,1954,1901" sx="F,M,M,M"/><TAIKYOKU oya="0"/>

<Scene>
<INIT seed="0,0,0,3,4,64" ten="250,250,250,250" oya="0" hai0="104,79,12,55,58,48,69,76,57,135,94,2,24" hai1="90,1,40,63,112,22,11,111,87,34,109,85,116" hai2="102,30,71,77,14,59,32,65,44,101,84,42,82" hai3="75,33,97,36,98,124,9,125,26,117,62,92,19"/><T132/><D104/><U45/><E34/><V127/><F127/><W123/><G117/><T50/><D2/><U107/><E107/><V83/><F30/><W17/><G36/><T51/><D24/><U121/><E116/><V21/><F32/><W31/><G75/><T46/><D94/><U105/><E105/><V113/><F113/><W3/><G98/><T0/><D0/><U54/><E121/><V53/><F21/><W106/><G123/><T108/><D12/><U120/><E120/><V13/><F13/><W88/><G106/><T89/><D89/><U29/><E112/><V25/><F25/><W86/><G97/><T60/><D108/><N who="1" m="41547" /><E29/><V7/><F82/><W100/><G100/><T72/><D72/><U131/><E22/><V70/><F65/><W128/><G62/><N who="0" m="36159" /><D76/><U96/><E63/><N who="2" m="36335" /><F102/><W38/><G38/><T133/><D79/><U41/><E54/><V43/><F43/><W15/><G3/><T37/><D37/><U80/><E41/><V95/><F95/><W114/><G114/><T47/><D69/><U68/><E68/><V78/><F78/><W27/><G27/><T67/><AGARI ba="0,0" hai="46,47,48,50,51,58,60,67,132,133,135" m="36159" machi="67" ten="40,7800,0" yaku="20,1,34,2" doraHai="64" who="0" fromWho="0" sc="250,78,250,-26,250,-26,250,-26" />
</Scene>
<Scene>
<INIT seed="0,1,0,0,3,65" ten="328,224,224,224" oya="0" hai0="59,124,4,100,71,35,90,49,94,29,105,57,77" hai1="118,74,51,28,126,83,135,54,93,18,14,40,12" hai2="19,31,56,121,84,106,91,46,7,47,122,88,37" hai3="85,108,11,30,112,95,26,10,103,22,80,131,128"/><T16/><D124/><U42/><E118/><V64/><F106/><W34/><G112/><T20/><D4/><U127/><E135/><V38/><F31/><W53/><G108/><T25/><D77/><N who="1" m="44471" /><E28/><V115/><F115/><W116/><G116/><T44/><D71/><U23/><E93/><V99/><F7/><W62/><G34/><T73/><D73/><U102/><E14/><V60/><F99/><W2/><G2/><T1/><D1/><U133/><E102/><V3/><F3/><W41/><G41/><T98/><D105/><U66/><E66/><V0/><F0/><W104/><G104/><T89/><D59/><N who="1" m="33247" /><E133/><V17/><F84/><W69/><G95/><T50/><D57/><U13/><E13/><V43/><F47/><W52/><G103/><T119/><D119/><U86/><E86/><V81/><F38/><W134/><G134/><T125/><D125/><AGARI ba="1,0" hai="12,18,23,40,42,125,126,127" m="33247,44471" machi="125" ten="30,1000,0" yaku="18,1" doraHai="65" who="1" fromWho="0" sc="328,-13,224,13,224,0,224,0" />
</Scene>
<Scene>
<INIT seed="1,0,0,2,0,100" ten="315,237,224,224" oya="1" hai0="57,96,46,64,98,134,81,93,44,51,85,73,127" hai1="29,90,23,38,47,53,88,105,101,99,20,54,97" hai2="118,49,113,120,132,91,112,30,95,19,82,34,87" hai3="10,69,24,32,16,129,70,89,8,12,77,50,102"/><U25/><E20/><V1/><F1/><W135/><G77/><T15/><D134/><U27/><E27/><N who="2" m="18783" /><F118/><W130/><G135/><T39/><D127/><U110/><E110/><V131/><F132/><W2/><G102/><T75/><D39/><U36/><E97/><V109/><F120/><W80/><G69/><T21/><D98/><U11/><E11/><V28/><F28/><W58/><G70/><T55/><D46/><U43/><REACH who="1" step="1"/><E38/><REACH who="1" ten="315,227,224,224" step="2"/><V78/><F109/><W119/><G119/><T48/><D21/><U4/><E4/><V40/><F19/><W83/><G10/><T92/><D96/><U68/><E68/><V66/><F131/><W121/><G130/><T133/><D133/><U37/><E37/><V7/><F7/><W116/><G116/><T104/><D75/><U60/><E60/><V0/><F0/><W125/><G2/><T31/><D73/><U122/><E122/><V5/><F5/><W72/><G121/><T42/><D51/><U45/><E45/><V107/><F49/><W86/><G72/><T52/><D15/><U84/><E84/><V126/><F126/><W128/><G125/><T3/><D3/><U115/><E115/><V62/><F113/><W71/><G71/><T108/><D108/><U13/><E13/><V61/><F61/><W79/><G128/><T6/><D6/><U124/><E124/><V67/><F62/><W63/><G50/><T74/><D74/><U35/><E35/><V65/><F112/><W41/><G129/><T106/><D85/><U22/><E22/><V17/><F87/><W33/><G86/><RYUUKYOKU ba="0,1" sc="315,-10,227,30,224,-10,224,-10" hai1="23,25,29,36,43,47,53,54,88,90,99,101,105" />
</Scene>
<Scene>
<INIT seed="1,1,1,0,5,117" ten="305,257,214,214" oya="1" hai0="42,99,26,24,1,33,108,88,102,53,75,64,61" hai1="72,30,40,134,110,73,12,78,11,122,103,116,105" hai2="129,47,46,9,29,2,79,25,87,36,19,101,94" hai3="80,31,7,48,115,100,133,121,23,34,3,8,131"/><U128/><E116/><V27/><F129/><W0/><G115/><T15/><D108/><U68/><E68/><V112/><F112/><W104/><G104/><T49/><D1/><U43/><E128/><V125/><F125/><W55/><G100/><T14/><D42/><U41/><E134/><V92/><F36/><W127/><G131/><T76/><D88/><U130/><E130/><V21/><F2/><W66/><G66/><T62/><D62/><U5/><E110/><V98/><F9/><W69/><G69/><T38/><D38/><U118/><E118/><V84/><F84/><W119/><G119/><T89/><D89/><U85/><E30/><V51/><F51/><W22/><G127/><T126/><D126/><U113/><E113/><V82/><REACH who="2" step="1"/><F94/><REACH who="2" ten="305,257,204,214" step="2"/><W70/><G133/><T39/><D39/><U97/><REACH who="1" step="1"/><E122/><REACH who="1" ten="305,247,204,214" step="2"/><V10/><F10/><W107/><G121/><T13/><D33/><AGARI ba="1,3" hai="19,21,25,27,29,33,46,47,79,82,87,92,98,101" machi="33" ten="30,2000,0" yaku="1,1,7,1,53,0" doraHai="117" doraHaiUra="50" who="2" fromWho="0" sc="305,-23,247,0,204,53,214,0" />
</Scene>
<Scene>
<INIT seed="2,0,0,2,5,53" ten="282,247,257,214" oya="2" hai0="46,116,97,92,104,36,114,110,26,9,106,14,81" hai1="29,90,21,109,96,6,0,119,85,10,31,73,51" hai2="76,49,15,115,127,48,120,1,11,67,130,113,32" hai3="133,112,107,12,79,3,124,132,78,108,68,59,52"/><V8/><F120/><W25/><G3/><T80/><D116/><U93/><E119/><V40/><F127/><W2/><G2/><T50/><D114/><U134/><E73/><V34/><F130/><W4/><G124/><T18/><D36/><U30/><E109/><V105/><F105/><W20/><G108/><T111/><D110/><U69/><E69/><V122/><F122/><W41/><G68/><T38/><D38/><U102/><E134/><N who="3" m="51818" /><G107/><T88/><D111/><U77/><E77/><V43/><F76/><W125/><G125/><T22/><D106/><U87/><E51/><V45/><F67/><W66/><G66/><T86/><D97/><U100/><REACH who="1" step="1"/><E21/><REACH who="1" ten="282,237,257,214" step="2"/><V84/><F115/><W103/><G112/><T7/><REACH who="0" step="1"/><D104/><REACH who="0" ten="272,237,257,214" step="2"/><U60/><E60/><V55/><F113/><W75/><G75/><T91/><D91/><U47/><E47/><V129/><F45/><W61/><G103/><AGARI ba="0,2" hai="0,6,10,29,30,31,85,87,90,93,96,100,102,103" machi="103" ten="40,1300,0" yaku="1,1,53,0" doraHai="53" doraHaiUra="121" who="1" fromWho="3" sc="272,0,237,33,257,0,214,-13" />
</Scene>
<Scene>
<INIT seed="3,0,0,5,1,95" ten="272,270,257,201" oya="3" hai0="124,60,132,119,1,129,99,133,31,29,101,3,84" hai1="127,92,100,106,77,131,41,34,18,73,128,28,113" hai2="8,97,56,114,68,51,111,19,102,123,50,52,116" hai3="81,93,44,5,6,86,85,125,70,107,109,11,0"/><W66/><G107/><T61/><D84/><U120/><E113/><V89/><F68/><W57/><G81/><T14/><D119/><U98/><E120/><V7/><F114/><W59/><G70/><T130/><D14/><U47/><E127/><V112/><F116/><W22/><G125/><T103/><D124/><U23/><E34/><V118/><F118/><W80/><G44/><T117/><D117/><U69/><E69/><V75/><F75/><W76/><G109/><T55/><D55/><U26/><E28/><V20/><F112/><W24/><G6/><T35/><D35/><U72/><E106/><V39/><F39/><W67/><G59/><T45/><D45/><U115/><E115/><V94/><F111/><W38/><G38/><T134/><D133/><U63/><E63/><V62/><F123/><W82/><G57/><T65/><D65/><U126/><E126/><V10/><F102/><W2/><G2/><T17/><D17/><U71/><E71/><V40/><F40/><W58/><G58/><T49/><D49/><N who="2" m="18442" /><F7/><W110/><G93/><T88/><D88/><U42/><E42/><V4/><F4/><W43/><G43/><T33/><D33/><U104/><E104/><V21/><F21/><W90/><G110/><T16/><D16/><AGARI ba="0,0" hai="0,5,11,16,22,24,66,67,76,80,82,85,86,90" machi="16" ten="30,2900,0" yaku="7,1,54,1" doraHai="95" who="3" fromWho="0" sc="272,-29,270,0,257,0,201,29" />
</Scene>
<Scene>
<INIT seed="3,1,0,3,4,135" ten="243,270,257,230" oya="3" hai0="89,47,96,19,74,11,123,25,52,66,87,40,5" hai1="7,54,101,124,126,37,55,6,65,32,64,92,62" hai2="58,79,2,15,12,122,134,49,31,36,110,17,76" hai3="88,56,98,129,83,86,10,4,104,78,38,44,26"/><W33/><G129/><T71/><D123/><U59/><E32/><V30/><F2/><W97/><G33/><T63/><D74/><U43/><E65/><V128/><F36/><W28/><G56/><T8/><D96/><N who="1" m="59527" /><E43/><V125/><F134/><W35/><G104/><T51/><D5/><N who="1" m="1547" /><E37/><V120/><F128/><W53/><G78/><T132/><D132/><U130/><E130/><V109/><F58/><W24/><G24/><T81/><D40/><U82/><E82/><V60/><F49/><W111/><G111/><T91/><D91/><U61/><E61/><V67/><F67/><W16/><G16/><T131/><D131/><U102/><E102/><V3/><F3/><W117/><G117/><T75/><D75/><U99/><E99/><V72/><F72/><W1/><REACH who="3" step="1"/><G53/><REACH who="3" ten="243,270,257,220" step="2"/><T100/><REACH who="0" step="1"/><D100/><REACH who="0" ten="233,270,257,220" step="2"/><U106/><E106/><V77/><F122/><W23/><G23/><AGARI ba="1,2" hai="8,11,19,23,25,47,51,52,63,66,71,81,87,89" machi="23" ten="40,8000,1" yaku="1,1,2,1,54,1,53,1" doraHai="135" doraHaiUra="45" who="0" fromWho="3" sc="233,103,270,0,257,0,220,-83" />
</Scene>
<Scene>
<INIT seed="4,0,0,4,1,101" ten="336,270,257,137" oya="0" hai0="132,106,49,124,119,63,64,71,133,68,26,21,33" hai1="103,42,91,111,130,97,115,122,3,48,57,102,16" hai2="81,135,70,1,13,53,90,8,34,113,24,79,28" hai3="85,11,104,109,118,117,38,20,98,128,94,36,123"/><T69/><D33/><U134/><E111/><V65/><F113/><W114/><G11/><T50/><D21/><U89/><E122/><V100/><F135/><N who="0" m="51786" /><D26/><U105/><E3/><V19/><F70/><N who="0" m="27242" /><D106/><U54/><E134/><V88/><F65/><W78/><G20/><T4/><D4/><U107/><E115/><V84/><F100/><W14/><G114/><T15/><D15/><U56/><E130/><V95/><F1/><W110/><G14/><T129/><D129/><U67/><E42/><V120/><F120/><W47/><G123/><T80/><D80/><U2/><E2/><V17/><F53/><W6/><G6/><T131/><D131/><U74/><E74/><V72/><REACH who="2" step="1"/><F90/><REACH who="2" ten="336,270,247,137" step="2"/><W30/><G128/><T62/><D119/><U12/><E67/><V93/><F93/><W39/><G94/><T121/><D121/><U58/><E91/><V5/><AGARI ba="0,1" hai="5,8,13,17,19,24,28,34,72,79,81,84,88,95" machi="5" ten="20,5200,0" yaku="1,1,0,1,7,1,54,1,53,0" doraHai="101" doraHaiUra="92" who="2" fromWho="2" sc="336,-26,270,-13,247,62,137,-13" />
</Scene>
<Scene>
<INIT seed="5,0,0,0,1,58" ten="310,257,309,124" oya="1" hai0="59,70,53,119,76,89,32,85,97,110,40,18,86" hai1="74,64,105,56,33,125,62,8,27,13,36,80,116" hai2="1,78,65,49,130,126,131,104,106,108,82,72,21" hai3="11,120,12,5,68,50,31,28,107,77,46,117,55"/><U114/><E116/><V101/><F1/><W45/><G117/><T93/><D119/><U57/><E105/><V113/><F108/><W102/><G120/><T71/><D110/><U39/><E114/><V20/><F113/><W0/><G68/><T22/><D32/><U9/><E125/><V75/><F126/><W135/><G77/><T41/><D71/><U132/><E132/><V15/><F49/><W112/><G112/><T17/><D70/><U92/><E92/><V66/><F15/><W133/><G102/><T3/><D3/><U30/><E57/><V35/><F35/><W24/><G107/><T34/><D34/><U44/><E44/><V124/><F124/><W90/><G0/><T79/><D76/><U67/><E67/><V61/><F101/><W4/><G4/><T7/><D7/><U63/><E63/><V127/><F127/><W134/><G24/><N who="0" m="14415" /><D18/><U37/><REACH who="1" step="1"/><E13/><REACH who="1" ten="310,247,309,124" step="2"/><V94/><F66/><W69/><G69/><T47/><D47/><U123/><E123/><V96/><F104/><W26/><G45/><T10/><D59/><U100/><E100/><V103/><F106/><W73/><G26/><T91/><D93/><U43/><E43/><V81/><F61/><W6/><G133/><T95/><D41/><U128/><E128/><N who="2" m="49195" /><F65/><W87/><G134/><T111/><D40/><U109/><E109/><V122/><F122/><W54/><G46/><T83/><D111/><U129/><E129/><V88/><F103/><W84/><G135/><T52/><D95/><U19/><E19/><V42/><F42/><W99/><G5/><T29/><D29/><RYUUKYOKU ba="0,1" sc="310,-15,247,15,309,15,124,-15" hai1="8,9,27,30,33,36,37,39,56,62,64,74,80" hai2="20,21,72,75,78,81,82,88,94,96" />
</Scene>
<Scene>
<INIT seed="5,1,1,2,0,45" ten="295,262,324,109" oya="1" hai0="132,30,67,97,72,108,51,125,128,50,41,92,20" hai1="131,7,77,33,24,134,2,61,55,16,98,76,133" hai2="10,74,3,135,13,58,123,23,44,105,46,101,80" hai3="71,21,34,100,96,70,121,107,113,4,43,49,111"/><U22/><E131/><V114/><F123/><W38/><G38/><T6/><D108/><U47/><E33/><V26/><F135/><N who="1" m="51721" /><E98/><V126/><F126/><W106/><G121/><T82/><D132/><U117/><E117/><V63/><F3/><W40/><G111/><T5/><D125/><U81/><E81/><V79/><F114/><W85/><G34/><T9/><D128/><U64/><E7/><N who="0" m="2569" /><D72/><U48/><E2/><V35/><F35/><W1/><G4/><T68/><D68/><AGARI ba="1,1" hai="16,22,24,47,48,55,61,64,68,76,77" m="51721" machi="68" ten="30,5800,0" yaku="20,1,52,1,54,1" doraHai="45" who="1" fromWho="0" sc="295,-61,262,71,324,0,109,0" />
</Scene>
<Scene>
<INIT seed="5,2,0,1,5,38" ten="234,333,324,109" oya="1" hai0="115,11,119,64,96,60,95,68,97,4,104,24,6" hai1="0,34,7,46,5,83,74,21,31,40,30,110,59" hai2="106,73,82,28,9,45,72,56,41,131,26,17,10" hai3="135,94,66,1,43,29,19,89,52,93,20,101,53"/><U55/><E34/><V33/><F106/><W79/><G1/><T65/><D119/><U133/><E133/><V134/><F134/><W70/><G29/><T85/><D115/><U37/><E110/><V3/><F131/><W81/><G135/><T51/><D65/><U116/><E116/><V54/><F3/><W100/><G94/><T78/><D104/><U125/><E125/><V35/><F35/><W124/><G124/><T126/><D126/><U15/><E15/><V111/><F111/><W76/><G70/><T48/><D24/><U62/><E21/><V25/><F10/><W75/><G66/><T86/><D6/><U14/><E14/><V23/><F82/><W69/><G76/><T22/><D22/><U39/><E39/><V77/><F77/><W118/><G118/><T109/><D109/><U80/><E80/><V27/><F9/><W122/><G69/><T99/><D78/><N who="1" m="44503" /><E7/><V92/><F27/><W117/><G117/><T102/><D97/><U113/><E113/><V44/><F92/><W61/><G122/><T129/><D99/><U112/><E112/><V123/><F123/><W107/><G107/><T36/><D36/><U130/><E130/><V57/><F57/><W67/><G67/><T49/><REACH who="0" step="1"/><D129/><REACH who="0" ten="224,333,324,109" step="2"/><U98/><E98/><V13/><F25/><W120/><G120/><T132/><D132/><U127/><E127/><V8/><F33/><W58/><G100/><T88/><D88/><U18/><E18/><V42/><F26/><W12/><G101/><T105/><D105/><U90/><E90/><V91/><F91/><W47/><G89/><RYUUKYOKU ba="2,1" sc="224,15,333,15,324,-15,109,-15" hai0="4,11,48,49,51,60,64,68,85,86,95,96,102" hai1="0,5,30,31,37,40,46,55,59,62" />
</Scene>
<Scene>
<INIT seed="5,3,1,2,4,80" ten="239,348,309,94" oya="1" hai0="64,93,31,130,42,65,33,72,34,103,79,14,82" hai1="43,105,116,74,8,63,35,56,39,1,110,13,19" hai2="87,6,100,128,83,51,60,123,20,85,16,108,49" hai3="97,55,90,92,48,121,10,22,107,28,120,12,78"/><U81/><E116/><V36/><F36/><W99/><G78/><T62/><D130/><U0/><E105/><V4/><F108/><W86/><G120/><T77/><D42/><U45/><E35/><V88/><F123/><W133/><G121/><T111/><D111/><U21/><E110/><V75/><F75/><W119/><G119/><T134/><D134/><U127/><E127/><V23/><F100/><W2/><G2/><T114/><D114/><U132/><E132/><V26/><F128/><W50/><G50/><N who="2" m="18953" /><F60/><W117/><G117/><T71/><D79/><U112/><E112/><V5/><F85/><W9/><G9/><T18/><D31/><U94/><E74/><V68/><F68/><W124/><G124/><T53/><D53/><U84/><E94/><V95/><F23/><W125/><G125/><T52/><D52/><U32/><E32/><V131/><F131/><W104/><G133/><T67/><D65/><U118/><E21/><V38/><F38/><W29/><G107/><T40/><D67/><U126/><E126/><V24/><F24/><N who="3" m="16407" /><G29/><T129/><D40/><U61/><E118/><V122/><F122/><W41/><G41/><T54/><D54/><U113/><E113/><V47/><F95/><W73/><G73/><T69/><D69/><U91/><REACH who="1" step="1"/><E63/><REACH who="1" ten="239,338,309,94" step="2"/><V102/><F102/><W25/><G104/><T44/><D129/><U59/><E59/><V66/><F66/><AGARI ba="3,2" hai="0,1,8,13,19,39,43,45,56,61,66,81,84,91" machi="66" ten="30,11600,0" yaku="1,1,7,1,52,1,53,1" doraHai="80" doraHaiUra="7" who="1" fromWho="2" sc="239,0,338,145,309,-125,94,0" />
</Scene>
<Scene>
<INIT seed="5,4,0,4,0,134" ten="239,483,184,94" oya="1" hai0="99,54,73,58,57,14,122,92,31,10,126,8,5" hai1="107,28,93,29,124,90,44,0,128,4,50,133,12" hai2="74,135,43,98,91,23,13,65,131,55,76,19,25" hai3="6,32,110,132,48,27,22,109,86,94,67,38,30"/><U72/><E72/><V61/><F131/><W121/><G38/><T125/><D122/><U63/><E107/><V69/><F135/><W16/><G67/><T104/><D104/><U120/><E120/><V102/><F43/><W56/><G121/><T21/><D73/><U68/><E133/><V105/><F76/><W85/><G132/><T96/><D10/><U123/><E0/><V7/><F74/><W129/><G129/><T117/><D117/><U24/><E128/><V97/><F55/><W71/><G71/><T78/><D78/><U79/><E79/><V101/><F91/><W77/><G6/><T42/><D42/><U119/><E119/><V40/><F40/><W53/><G86/><T66/><D66/><U59/><E68/><V51/><F51/><W39/><G39/><T64/><D64/><U9/><E123/><V83/><F83/><W70/><G70/><T81/><D81/><U80/><E80/><V60/><F60/><W95/><G77/><T111/><D111/><U127/><E59/><N who="0" m="22537" /><D54/><N who="1" m="30023" /><E24/><V116/><F116/><W88/><REACH who="3" step="1"/><G95/><REACH who="3" ten="239,483,184,84" step="2"/><T17/><D92/><U113/><E93/><V3/><F105/><W1/><G1/><N who="0" m="47" /><D31/><U33/><E29/><V118/><F3/><W130/><G130/><T84/><D84/><U37/><E28/><V34/><F118/><W46/><G46/><T36/><D36/><U89/><E37/><V47/><F47/><W114/><G114/><T75/><D75/><U15/><E113/><V87/><F87/><W11/><G11/><T35/><D35/><U62/><E4/><V41/><F7/><W49/><G49/><RYUUKYOKU ba="4,1" sc="239,15,483,-15,184,-15,84,15" hai0="14,17,21,96,99,125,126" hai3="16,22,27,30,32,48,53,56,85,88,94,109,110" />
</Scene>
<Scene>
<INIT seed="6,5,1,4,5,129" ten="254,468,169,99" oya="2" hai0="52,69,116,17,18,92,64,102,16,91,73,40,96" hai1="13,48,105,15,12,44,35,124,6,2,43,67,130" hai2="33,117,121,5,100,78,59,38,23,66,61,42,82" hai3="3,7,107,112,56,25,14,75,30,84,29,72,94"/><V88/><F117/><W55/><G107/><T115/><D116/><U98/><E35/><V26/><F121/><W135/><G3/><T62/><D115/><U119/><E119/><V106/><F33/><W101/><G30/><T39/><D73/><U76/><E130/><V128/><F128/><W63/><G112/><T65/><D65/><U57/><E76/><V31/><F5/><W113/><G113/><T93/><D52/><U132/><E124/><V127/><F127/><W123/><G123/><T10/><D40/><U20/><E2/><V104/><F100/><W32/><G7/><T131/><D131/><U22/><E6/><V58/><F58/><W41/><G41/><T36/><REACH who="0" step="1"/><D10/><REACH who="0" ten="244,468,169,99" step="2"/><U8/><E8/><V54/><F54/><W9/><G72/><T49/><D49/><U134/><E67/><V85/><REACH who="2" step="1"/><F78/><REACH who="2" ten="244,468,159,99" step="2"/><W0/><G55/><T110/><D110/><U28/><E57/><V125/><F125/><W118/><G56/><T83/><D83/><U90/><E43/><V89/><F89/><W34/><G101/><T68/><D68/><U126/><E90/><V37/><F37/><W103/><G103/><T4/><D4/><U120/><E126/><V81/><F81/><W53/><G53/><T95/><D95/><U70/><E70/><V47/><AGARI ba="5,3" hai="23,26,31,38,42,47,59,61,66,82,85,88,104,106" machi="47" ten="30,6000,0" yaku="1,1,0,1,54,1,53,0" doraHai="129" doraHaiUra="51" who="2" fromWho="2" sc="244,-25,468,-25,159,105,99,-25" />
</Scene>
<Scene>
<INIT seed="6,6,0,3,0,121" ten="219,443,264,74" oya="2" hai0="70,113,66,9,5,92,109,87,65,76,130,60,37" hai1="20,62,102,44,132,86,72,83,89,118,115,99,6" hai2="57,94,10,134,69,4,53,78,79,77,16,46,1" hai3="122,116,105,75,120,90,56,84,82,35,28,64,80"/><V7/><F69/><W42/><G116/><T112/><D130/><U21/><E118/><V119/><F119/><W104/><G42/><T24/><D37/><U13/><E115/><N who="0" m="44105" /><D66/><U49/><E132/><V11/><F134/><W19/><G28/><T124/><D124/><U41/><E72/><V71/><F71/><W97/><G35/><T74/><D74/><U33/><E33/><V51/><F94/><W111/><G64/><T88/><D76/><U27/><E62/><V17/><REACH who="2" step="1"/><F46/><REACH who="2" ten="219,443,254,74" step="2"/><W0/><G120/><T85/><D24/><U18/><E27/><V25/><F25/><W59/><G122/><T101/><D101/><U63/><E102/><V106/><F106/><W73/><G104/><T123/><D123/><U23/><E44/><V45/><F45/><W8/><G105/><T93/><D93/><U98/><E83/><V133/><F133/><W22/><G82/><T47/><D47/><U48/><E41/><V30/><F30/><W12/><G80/><T110/><D87/><U32/><E86/><V108/><F108/><W131/><G84/><T50/><D50/><U103/><E48/><V14/><AGARI ba="6,1" hai="1,4,7,10,11,14,16,17,51,53,57,77,78,79" machi="14" ten="30,6000,0" yaku="1,1,0,1,54,1,53,0" doraHai="121" doraHaiUra="100" who="2" fromWho="2" sc="219,-26,443,-26,254,88,74,-26" />
</Scene>
<Scene>
<INIT seed="6,7,0,4,2,62" ten="193,417,342,48" oya="2" hai0="89,93,129,111,96,6,48,109,16,31,110,94,65" hai1="71,73,57,114,88,37,40,101,120,46,119,131,113" hai2="90,33,116,92,51,63,133,103,26,55,77,32,1" hai3="61,0,44,115,84,9,25,28,19,83,66,95,49"/><V104/><F116/><W52/><G115/><N who="1" m="44042" /><E119/><V108/><F1/><W60/><G66/><T27/><D129/><U2/><E2/><V20/><F108/><W30/><G95/><T56/><D6/><U3/><E3/><V132/><F77/><W87/><G84/><T123/><D123/><U124/><E131/><V98/><F63/><N who="3" m="24139" /><G0/><T135/><D135/><U54/><E71/><V112/><F112/><W21/><G9/><T11/><D94/><U7/><E7/><V128/><F128/><W91/><AGARI ba="7,0" hai="19,21,25,28,30,44,49,52,83,87,91" m="24139" machi="91" ten="30,2000,0" yaku="8,1,54,1" doraHai="62" who="3" fromWho="3" sc="193,-12,417,-12,342,-17,48,41" />
</Scene>
<Scene>
<INIT seed="7,0,0,2,4,0" ten="181,405,325,89" oya="3" hai0="13,23,132,29,52,5,63,135,98,24,62,48,45" hai1="53,100,92,97,1,15,84,35,121,77,43,38,104" hai2="71,36,93,79,22,27,96,19,128,122,25,111,56" hai3="49,61,39,8,3,31,113,115,69,55,32,117,57"/><W20/><G32/><T105/><D105/><U112/><E121/><V103/><F71/><W120/><G117/><T75/><D75/><U68/><E35/><V126/><F36/><W34/><G34/><T66/><D98/><U12/><E1/><V9/><F111/><W67/><G120/><T119/><D119/><U17/><E68/><V127/><F122/><W86/><G86/><T129/><D129/><U125/><E112/><N who="3" m="43082" /><G39/><T33/><D63/><U11/><E125/><V85/><F128/><W73/><G73/><T10/><REACH who="0" step="1"/><D33/><REACH who="0" ten="171,405,325,89" step="2"/><U59/><E97/><V44/><F127/><W109/><G109/><T26/><D26/><U81/><E53/><V74/><F74/><W4/><G20/><T130/><D130/><U91/><E81/><V124/><F124/><W123/><G123/><T28/><D28/><AGARI ba="0,1" hai="3,4,8,28,31,49,55,57,61,67,69" m="43082" machi="28" ten="30,2900,0" yaku="15,1,52,1" doraHai="0" who="3" fromWho="0" sc="171,-29,405,0,325,0,89,39" />
</Scene>
<Scene>
<INIT seed="7,1,0,4,0,42" ten="142,405,325,128" oya="3" hai0="73,32,78,134,53,30,124,70,129,14,102,17,27" hai1="38,130,132,4,118,61,106,93,6,90,40,68,111" hai2="56,122,57,15,44,29,8,101,84,133,9,100,67" hai3="11,98,72,120,75,13,36,51,96,89,79,43,69"/><W114/><G120/><T131/><D70/><U110/><E106/><V55/><F122/><W95/><G69/><T33/><D102/><U46/><E132/><V86/><F133/><W94/><G36/><T81/><D134/><U121/><E121/><V64/><F29/><W107/><G107/><T18/><D124/><U22/><E130/><N who="0" m="49673" /><D33/><U47/><E118/><V23/><F23/><W19/><G114/><T113/><D113/><U88/><E22/><V108/><F108/><W28/><G28/><T82/><D82/><U59/><E68/><V103/><F15/><W20/><G11/><N who="0" m="6367" /><D18/><U24/><E24/><V5/><F5/><W104/><G104/><T97/><D53/><U34/><E34/><V76/><F76/><W58/><G79/><T1/><D97/><U31/><E31/><V115/><F115/><W7/><G7/><T91/><D91/><U80/><E80/><V52/><F103/><W109/><G109/><T71/><D71/><U49/><E61/><V62/><F62/><W35/><G35/><T3/><AGARI ba="1,0" hai="1,3,27,30,32,73,78,81" m="6367,49673" machi="3" ten="30,1100,0" yaku="19,1" doraHai="42" who="0" fromWho="0" sc="142,14,405,-4,325,-4,128,-6" owari="156,-24.0,401,50.0,321,12.0,122,-38.0" />
</Scene>
</mjloggm>