<mjloggm ver="2.3"><GO type="169" lobby="0"/><UN n0="%E6%B0%97%E6%A5%BD%E3%81%AB%E6%89%93%E3%81%A4" n1="%6D%61%63%6A%72" n2="%E5%A4%AA%E3%81%8F%E3%81%AA%E3%81%84%E3%81%8A" n3="%E3%82%89%E3%81%84%E3%81%A1%E3%82%87%E3%81%86" dan="16,16,17,16" rate="2161.10,2071.04,2155.62,2065.57" sx="M,M,M,M"/><TAIKYOKU oya="0"/>

<Scene>
<INIT seed="0,0,0,2,3,64" ten="250,250,250,250" oya="0" hai0="0,133,57,72,112,129,80,122,47,33,44,56,1" hai1="60,43,58,128,71,70,3,91,38,105,66,9,40" hai2="124,130,42,108,89,115,18,26,111,84,114,98,132" hai3="28,17,99,49,120,48,14,13,45,94,53,104,34"/><T55/><D112/><N who="2" m="43050" /><F42/><N who="1" m="15913" /><E105/><V29/><F18/><W97/><G120/><T100/><D122/><U23/><E3/><V95/><F132/><W116/><G116/><T134/><D100/><U86/><E9/><V117/><F117/><W79/><G79/><T52/><D80/><U7/><E7/><V10/><F10/><W31/><G34/><T87/><D87/><U67/><E23/><N who="2" m="15583" /><F130/><W81/><G81/><T125/><D33/><U16/><E16/><V19/><F19/><W65/><G65/><N who="1" m="24586" /><E91/><V50/><F50/><W22/><G104/><T36/><D129/><U4/><E4/><V51/><F51/><W69/><G94/><T12/><D12/><U107/><E86/><V131/><F131/><W73/><G73/><T59/><D59/><U90/><E90/><V15/><F15/><W106/><G106/><T119/><D119/><U30/><E30/><V135/><F135/><W96/><G17/><T77/><D77/><U123/><E107/><V20/><F20/><W32/><G22/><T118/><D118/><U24/><E24/><V25/><F25/><W93/><G93/><T127/><REACH who="0" step="1"/><D36/><REACH who="0" ten="240,250,250,250" step="2"/><U109/><E128/><V82/><F82/><W75/><G32/><T126/><D126/><U39/><E123/><V85/><F124/><W110/><G13/><T27/><D27/><U41/><E38/><V102/><F102/><W88/><G14/><T35/><D35/><U83/><E83/><V46/><F84/><W5/><G75/><AGARI ba="0,1" hai="0,1,44,47,52,55,56,57,72,75,125,127,133,134" machi="75" ten="25,9600,0" yaku="1,1,22,2,54,1,53,0" doraHai="64" doraHaiUra="113" who="0" fromWho="3" sc="240,106,250,0,250,0,250,-96" />
</Scene>
<Scene>
<INIT seed="0,1,0,2,5,81" ten="346,250,250,154" oya="0" hai0="89,109,70,110,115,127,97,27,7,59,45,18,39" hai1="53,15,113,91,6,102,121,85,96,32,54,41,93" hai2="135,64,80,51,38,98,123,52,34,1,22,111,73" hai3="116,40,10,133,77,8,90,36,9,61,130,65,76"/><T29/><D115/><U0/><E121/><V107/><F123/><W24/><G116/><T82/><D70/><U33/><E113/><V56/><F34/><W55/><G130/><T114/><D114/><U2/><E41/><V74/><F38/><W48/><G133/><T84/><D127/><U62/><E32/><V50/><F1/><W112/><G112/><T72/><D7/><U4/><E33/><V46/><F135/><W25/><G40/><N who="0" m="22687" /><D72/><U101/><E2/><V26/><F111/><N who="0" m="42506" /><D59/><N who="1" m="35183" /><E0/><V132/><F132/><W69/><G36/><T95/><D18/><U134/><E134/><V57/><F64/><W119/><G119/><T44/><D44/><U37/><E37/><V13/><F73/><W12/><G12/><T19/><D19/><U103/><E54/><V43/><F57/><W125/><G125/><T71/><D71/><U5/><E15/><V66/><F13/><W92/><G25/><T106/><D106/><U108/><E108/><V120/><F66/><W28/><G24/><T126/><D126/><U87/><AGARI ba="1,0" hai="4,5,6,85,87,91,93,96,101,102,103" m="35183" machi="87" ten="40,5200,0" yaku="8,1,52,2" doraHai="81" who="1" fromWho="1" sc="346,-27,250,55,250,-14,154,-14" />
</Scene>
<Scene>
<INIT seed="1,0,0,4,5,8" ten="319,305,236,140" oya="1" hai0="10,60,53,64,58,94,6,111,101,26,115,110,102" hai1="76,109,9,50,92,57,44,74,17,69,56,113,12" hai2="75,28,83,71,81,31,34,65,127,46,32,131,27" hai3="128,38,90,117,47,123,73,79,91,23,95,7,55"/><U135/><E113/><V85/><F131/><W43/><G123/><T104/><D115/><U39/><E69/><V72/><F127/><W68/><G68/><T80/><D104/><U107/><E107/><V2/><F2/><W21/><G128/><T88/><D26/><U105/><E105/><V133/><F133/><W97/><G117/><T51/><D80/><U98/><E39/><V42/><F71/><W19/><G7/><T41/><D41/><U25/><E135/><V70/><F70/><W67/><G67/><T63/><D101/><U40/><E109/><N who="0" m="41481" /><D102/><U100/><E74/><V59/><F31/><W5/><G5/><T37/><D64/><U96/><E76/><V121/><F34/><W48/><G79/><T112/><D37/><U22/><REACH who="1" step="1"/><E98/><REACH who="1" ten="319,295,236,140" step="2"/><V14/><F75/><W86/><G73/><T24/><D112/><U78/><E78/><V77/><F72/><W124/><G124/><T1/><D24/><U103/><E103/><V119/><F27/><W114/><G114/><T84/><AGARI ba="0,1" hai="1,6,10,51,53,58,60,63,84,88,94" m="41481" machi="84" ten="30,2000,0" yaku="14,1,54,1" doraHai="8" who="0" fromWho="0" sc="319,30,295,-10,236,-5,140,-5" />
</Scene>
<Scene>
<INIT seed="2,0,0,1,0,98" ten="349,285,231,135" oya="2" hai0="79,102,83,132,87,26,32,30,7,39,41,67,127" hai1="131,51,133,94,80,62,107,38,33,95,108,13,25" hai2="47,20,31,21,54,85,73,135,15,106,68,93,16" hai3="100,57,1,77,118,59,92,88,36,124,96,119,123"/><V22/><F73/><W101/><G123/><T49/><D127/><U86/><E38/><V8/><F106/><W44/><G1/><T78/><D132/><U104/><E133/><V103/><F68/><W111/><G124/><T76/><D39/><U74/><E74/><V97/><F135/><W130/><G77/><T126/><D126/><U91/><E108/><V63/><F85/><W61/><G111/><T64/><D7/><U14/><E104/><V122/><F122/><W28/><G130/><T29/><D29/><U35/><E107/><V37/><F37/><W12/><G28/><T114/><D114/><U113/><E113/><V4/><F31/><W5/><G59/><T45/><REACH who="0" step="1"/><D102/><REACH who="0" ten="339,285,231,135" step="2"/><U42/><E131/><V55/><F63/><W129/><G129/><T69/><D69/><U10/><E62/><V0/><REACH who="2" step="1"/><F47/><REACH who="2" ten="339,285,221,135" step="2"/><W6/><G44/><T66/><AGARI ba="0,2" hai="26,30,32,41,45,49,64,66,67,76,78,79,83,87" machi="66" ten="30,4000,0" yaku="1,1,0,1,53,1" doraHai="98" doraHaiUra="46" who="0" fromWho="0" sc="339,60,285,-10,221,-20,135,-10" />
</Scene>
<Scene>
<INIT seed="3,0,0,1,2,0" ten="399,275,201,125" oya="3" hai0="26,12,92,65,33,3,116,110,93,123,78,55,61" hai1="16,108,127,27,40,128,30,79,21,41,7,39,15" hai2="103,2,43,106,102,10,119,24,62,5,112,114,134" hai3="135,69,86,74,45,49,64,63,36,115,1,107,94"/><W23/><G115/><T124/><D116/><U126/><E108/><V50/><F119/><W81/><G107/><T60/><D123/><U72/><E128/><V14/><F134/><W121/><G135/><T18/><D110/><U122/><E122/><V109/><F109/><W130/><G121/><T111/><D111/><U73/><E7/><V37/><F37/><W22/><G130/><T125/><D3/><U34/><E79/><V11/><F24/><W54/><G74/><N who="1" m="28778" /><E39/><V105/><F62/><W89/><G1/><T47/><D78/><U28/><E28/><V77/><F77/><W120/><G120/><T20/><D33/><U85/><E85/><V29/><F29/><W70/><G70/><T67/><D26/><U42/><E34/><V58/><F105/><W48/><G81/><T133/><D133/><U9/><E30/><V53/><F43/><W6/><G36/><T13/><D20/><U51/><E27/><V129/><F129/><W56/><REACH who="3" step="1"/><G6/><REACH who="3" ten="399,275,201,115" step="2"/><T80/><D80/><U8/><E126/><V75/><F75/><W118/><G118/><T31/><D124/><U59/><E127/><V95/><F106/><W88/><G88/><T97/><D125/><U44/><E59/><V4/><REACH who="2" step="1"/><F95/><REACH who="2" ten="399,275,191,115" step="2"/><W113/><G113/><AGARI ba="0,2" hai="2,4,5,10,11,14,50,53,58,102,103,112,113,114" machi="113" ten="40,8000,1" yaku="1,1,2,1,52,2,53,1" doraHai="0" doraHaiUra="32" who="2" fromWho="3" sc="399,0,275,0,191,100,115,-80" />
</Scene>
<Scene>
<INIT seed="4,0,0,0,5,59" ten="399,275,291,35" oya="0" hai0="85,42,32,124,18,9,113,41,121,66,105,133,52" hai1="115,83,14,58,38,39,89,122,135,45,75,37,79" hai2="118,126,49,101,96,23,4,81,103,53,117,91,70" hai3="56,62,94,119,111,55,17,40,104,108,73,102,3"/><T109/><D121/><U28/><E122/><V60/><F126/><W51/><G119/><N who="2" m="45577" /><F4/><W107/><G73/><T74/><D124/><U86/><E135/><V110/><F110/><W87/><G3/><T123/><D74/><U1/><E1/><V8/><F8/><W90/><G107/><T61/><D105/><U30/><E115/><V43/><F43/><W132/><G132/><T12/><D133/><U69/><E69/><V46/><F23/><W22/><G102/><N who="2" m="38921" /><F96/><W95/><G104/><T25/><D123/><U116/><E116/><V20/><F20/><W100/><G100/><T68/><D113/><U92/><E45/><V134/><F134/><W78/><G78/><T76/><D109/><U129/><E129/><V34/><F34/><W36/><G36/><T5/><D32/><U50/><E14/><V15/><F15/><W26/><REACH who="3" step="1"/><G95/><REACH who="3" ten="399,275,291,25" step="2"/><T130/><D130/><U48/><E38/><V65/><F91/><W120/><G120/><T67/><D76/><U84/><E37/><V63/><F81/><W6/><G6/><T106/><D5/><U10/><E39/><V93/><F93/><W72/><G72/><T125/><D106/><U29/><E75/><V77/><F77/><W24/><G24/><T97/><D25/><U27/><E27/><V99/><F99/><W13/><G13/><T33/><D97/><U82/><E92/><V16/><F16/><W114/><G114/><T21/><D18/><U88/><E79/><V57/><F46/><AGARI ba="0,1" hai="17,22,26,40,46,51,55,56,62,87,90,94,108,111" machi="46" ten="40,2600,0" yaku="1,1,52,1,53,0" doraHai="59" doraHaiUra="0" who="3" fromWho="2" sc="399,0,275,0,291,-26,25,36" />
</Scene>
<Scene>
<INIT seed="5,0,0,0,3,39" ten="399,275,265,61" oya="1" hai0="59,49,51,62,109,6,128,126,90,131,112,93,84" hai1="61,7,110,94,83,130,104,0,10,80,23,3,17" hai2="88,69,111,113,50,105,73,47,135,72,53,115,71" hai3="28,18,108,78,21,1,32,99,79,24,44,55,82"/><U41/><E104/><V9/><F111/><W38/><G108/><T30/><D109/><U133/><E110/><V29/><F105/><W106/><G1/><T134/><D112/><N who="2" m="43082" /><F135/><W119/><G119/><T125/><D6/><U124/><E133/><V121/><F121/><W66/><G66/><N who="0" m="39263" /><D30/><U81/><E130/><N who="0" m="49705" /><D134/><U56/><E124/><AGARI ba="0,0" hai="49,51,84,90,93,124,125,126" m="49705,39263" machi="124" ten="30,2000,0" yaku="18,1,19,1" doraHai="39" who="0" fromWho="1" sc="399,20,275,-20,265,0,61,0" />
</Scene>
<Scene>
<INIT seed="6,0,0,5,5,23" ten="419,255,265,61" oya="2" hai0="124,18,6,66,92,89,8,117,118,105,28,93,112" hai1="73,54,13,67,15,122,30,32,59,86,53,130,17" hai2="68,19,34,65,14,27,49,1,42,133,126,60,134" hai3="51,26,69,102,129,46,84,127,79,3,43,25,55"/><V81/><F1/><W101/><G3/><N who="0" m="95" /><D105/><U132/><E73/><V78/><F126/><W91/><G129/><T61/><D124/><U74/><E74/><N who="2" m="43223" /><F42/><W41/><G127/><T36/><D36/><U0/><E0/><V119/><F49/><N who="3" m="26847" /><G41/><T62/><D112/><U107/><E107/><V106/><F119/><N who="0" m="45578" /><D28/><U52/><E130/><V85/><F85/><W131/><G69/><N who="0" m="42191" /><D62/><N who="1" m="38367" /><E32/><V113/><F106/><W11/><G131/><T5/><D5/><U12/><E30/><N who="2" m="19807" /><F14/><W125/><G125/><T35/><D35/><U100/><E122/><V90/><F19/><W50/><G79/><T48/><D48/><N who="3" m="18473" /><G55/><T98/><D93/><U24/><E132/><N who="2" m="50795" /><F113/><W64/><G64/><T87/><D18/><U88/><E17/><V115/><F115/><W109/><G109/><T108/><D108/><U76/><E76/><V22/><F90/><W63/><G63/><T56/><D56/><U72/><E72/><V135/><F135/><W44/><G44/><T29/><D29/><U110/><E110/><V21/><AGARI ba="0,0" hai="21,22,60,65,68" m="50795,19807,43223" machi="21" ten="30,3000,0" yaku="20,1,52,1" doraHai="23" who="2" fromWho="2" sc="419,-10,255,-10,265,30,61,-10" />
</Scene>
<Scene>
<INIT seed="6,1,0,2,4,102" ten="409,245,295,51" oya="2" hai0="93,70,25,8,74,12,41,71,28,131,116,13,24" hai1="37,98,114,65,129,87,83,36,73,21,0,33,122" hai2="18,64,17,94,96,112,79,121,90,89,113,54,52" hai3="97,3,5,91,49,135,9,84,82,23,107,58,126"/><V66/><F121/><W125/><G135/><T104/><D104/><U34/><E0/><V118/><F79/><W27/><G49/><T7/><D131/><U22/><E73/><V128/><F128/><W62/><G62/><T105/><D105/><U124/><E129/><V42/><F42/><W10/><G58/><T20/><D74/><U134/><E114/><N who="2" m="44139" /><F118/><W95/><G9/><T26/><D116/><U123/><E124/><V40/><F40/><W117/><G117/><T14/><D41/><U50/><E134/><V120/><F120/><W119/><G119/><T11/><D93/><U16/><E65/><N who="2" m="25195" /><F90/><W111/><G111/><T1/><REACH who="0" step="1"/><D11/><REACH who="0" ten="399,245,295,51" step="2"/><U75/><E75/><V35/><F35/><W76/><REACH who="3" step="1"/><G107/><REACH who="3" ten="399,245,295,41" step="2"/><T85/><D85/><U59/><E87/><V103/><F96/><W44/><G44/><T72/><D72/><U46/><E46/><V15/><F54/><W69/><G69/><AGARI ba="1,2" hai="1,7,8,12,13,14,20,24,25,26,28,69,70,71" machi="69" ten="40,1300,0" yaku="1,1,53,0" doraHai="102" doraHaiUra="109" who="0" fromWho="3" sc="399,36,245,0,295,0,41,-16" />
</Scene>
<Scene>
<INIT seed="7,0,0,0,3,133" ten="435,245,295,25" oya="3" hai0="86,0,76,80,20,104,27,66,34,112,55,11,84" hai1="56,100,118,85,32,6,23,2,106,52,4,127,71" hai2="102,18,68,62,108,3,134,70,103,58,75,44,28" hai3="17,12,49,87,93,129,33,72,36,19,31,54,30"/><W8/><G129/><T90/><D112/><U125/><E32/><V77/><F108/><W50/><G36/><T45/><D34/><U10/><E71/><V38/><F28/><W121/><G121/><T107/><D66/><U24/><E118/><V14/><F3/><W95/><G72/><T73/><D0/><U25/><E6/><V46/><F134/><W41/><G33/><T128/><D128/><U13/><E2/><V126/><F75/><W113/><G113/><T78/><D11/><U130/><E130/><V37/><F77/><W88/><G95/><T81/><D90/><U61/><E85/><V110/><F110/><W79/><G79/><T40/><D55/><U22/><E22/><V99/><F68/><W21/><G41/><T69/><D69/><U105/><E24/><V53/><F70/><W65/><G65/><T123/><D123/><U60/><E60/><V115/><F115/><W39/><G39/><T117/><D117/><U132/><E132/><V89/><F38/><W5/><G19/><T92/><D92/><U74/><E74/><V131/><F131/><W135/><G135/><T15/><D15/><U1/><E1/><V7/><F18/><W35/><G35/><T83/><D83/><U111/><E111/><V64/><F64/><W9/><G9/><T43/><D73/><U16/><REACH who="1" step="1"/><E106/><REACH who="1" ten="435,235,295,25" step="2"/><N who="0" m="40489" /><D20/><U98/><AGARI ba="0,1" hai="4,10,13,16,23,25,52,56,61,98,100,105,125,127" machi="98" ten="30,12000,2" yaku="1,1,0,1,52,2,54,2,53,0" doraHai="133" doraHaiUra="82" who="1" fromWho="1" sc="435,-30,235,130,295,-30,25,-60" owari="405,50.0,365,17.0,265,-13.0,-35,-54.0" />
</Scene>
</mjloggm>