<mjloggm ver="2.3"><GO type="169"/><UN n0="%E3%81%AF%E3%81%AA%E3%81%B3" n1="%EF%BC%BC%28%EF%BC%BE%6F%EF%BC%BE%29%EF%BC%8F%E2%98%85" n2="%E3%83%87%E3%82%B8%E3%82%BF%E3%83%AB%E5%88%9D%E5%BF%83%E8%80%85" n3="%E5%A4%AA%E3%81%8F%E3%81%AA%E3%81%84%E3%81%8A" dan="16,18,16,17" rate="2101,2200,2087,2171" sx="M,M,M,M"/><TAIKYOKU oya="0"/>

<Scene>
<INIT seed="0,0,0,4,0,80" ten="250,250,250,250" oya="0" hai0="65,111,44,105,130,30,116,103,131,14,26,91,4" hai1="3,97,47,48,88,28,58,79,122,53,106,0,24" hai2="132,133,134,107,102,126,21,113,45,108,114,127,76" hai3="7,109,2,119,41,72,38,100,34,125,19,77,69"/><T43/><D116/><U93/><E122/><V135/><F108/><W54/><G69/><T112/><D112/><N who="2" m="43114" /><F45/><W22/><G34/><T6/><D65/><U18/><E106/><V110/><F110/><W121/><G100/><T98/><D111/><U17/><E79/><V57/><F57/><W71/><G54/><T13/><D4/><U11/><E47/><V56/><F56/><W49/><G49/><T50/><D91/><U85/><E97/><N who="2" m="61903" /><F21/><W81/><G71/><T118/><D118/><U96/><E96/><V29/><F29/><W20/><G121/><T117/><D117/><U89/><E89/><V40/><F40/><W83/><G22/><N who="0" m="15703" /><D6/><U87/><E87/><V67/><F67/><W74/><G7/><T27/><D27/><U86/><E86/><V25/><F25/><W128/><G109/><T37/><D37/><U115/><E115/><V84/><F135/><W12/><G119/><T95/><D105/><U63/><E63/><V10/><F10/><W55/><G38/><T124/><D124/><U90/><E11/><V101/><F101/><W9/><G125/><T92/><D92/><U64/><E64/><V104/><F104/><W52/><G9/><T120/><D120/><U59/><E90/><V8/><F8/><W1/><G1/><T60/><D60/><U66/><E0/><V70/><F70/><W51/><G2/><T73/><D73/><U78/><E3/><V15/><F15/><W39/><G39/><T129/><AGARI ba="0,0" hai="13,14,43,44,50,95,98,103,129,130,131" m="15703" machi="129" ten="30,1500,0" yaku="19,1" doraHai="80" who="0" fromWho="0" sc="250,15,250,-5,250,-5,250,-5" />
</Scene>
<Scene>
<INIT seed="0,1,0,4,2,60" ten="265,245,245,245" oya="0" hai0="109,34,76,119,85,74,78,67,121,93,47,45,135" hai1="116,59,54,15,12,118,50,120,88,1,105,25,13" hai2="21,72,134,33,130,123,113,8,87,20,41,65,3" hai3="5,64,104,49,100,57,132,115,52,39,80,75,129"/><T92/><D119/><U89/><E120/><V125/><F123/><W17/><G115/><T36/><D121/><U28/><E1/><V128/><F113/><W70/><G39/><T11/><D74/><U7/><E7/><N who="2" m="1151" /><F72/><W51/><G129/><N who="2" m="49769" /><F41/><W66/><G132/><T71/><D34/><U103/><E105/><V22/><F87/><W4/><G70/><T79/><D135/><U43/><E103/><V58/><F134/><W112/><G112/><T126/><D36/><U77/><E77/><V19/><F33/><W44/><G104/><T32/><D32/><U9/><E9/><V63/><F125/><W95/><G75/><T73/><D73/><U101/><E101/><V56/><F56/><W2/><G2/><T96/><D126/><U31/><E43/><V131/><N who="2" m="49777" /><V133/><DORA hai="90" /><F133/><W124/><G80/><T97/><D85/><U98/><E89/><V107/><F107/><W111/><G124/><T110/><D11/><U27/><E118/><V10/><F10/><W108/><G4/><T38/><D38/><U30/><E116/><V0/><F0/><W106/><G106/><T16/><D76/><U40/><E40/><V55/><F19/><W48/><G17/><T83/><D16/><U94/><AGARI ba="1,0" hai="12,13,15,25,27,28,30,31,50,54,59,88,94,98" machi="94" ten="40,8000,1" yaku="0,1,8,1,52,1,54,1" doraHai="60,90" who="1" fromWho="1" sc="265,-41,245,83,245,-21,245,-21" />
</Scene>
<Scene>
<INIT seed="1,0,0,5,2,124" ten="224,328,224,224" oya="1" hai0="38,121,133,91,4,36,88,24,64,11,104,65,13" hai1="83,6,33,111,21,72,52,32,26,8,77,70,109" hai2="89,125,60,68,85,93,31,12,48,102,43,74,126" hai3="115,1,92,0,113,50,2,67,132,18,17,34,66"/><U22/><E70/><V16/><F74/><W80/><G34/><T76/><D104/><U106/><E106/><V53/><F43/><W117/><G80/><T81/><D133/><U56/><E22/><V87/><F31/><W9/><G50/><T59/><D121/><U84/><E72/><V122/><F122/><W97/><G132/><T135/><D135/><U101/><E101/><V95/><F68/><W127/><G127/><N who="2" m="48649" /><F60/><W108/><G108/><N who="1" m="41546" /><E21/><N who="2" m="11399" /><F102/><W86/><G117/><T44/><D38/><U100/><E26/><V73/><F73/><W131/><G113/><T90/><D24/><U62/><E100/><V39/><F39/><W118/><G118/><T58/><D36/><U71/><E71/><V20/><F20/><W134/><G115/><T45/><D64/><U107/><E107/><V105/><F105/><W42/><G134/><T130/><D65/><U103/><E103/><V63/><F63/><W49/><G67/><T96/><D11/><U110/><E110/><V47/><F95/><W30/><G66/><T99/><D81/><U116/><E116/><V41/><F41/><W25/><G92/><T82/><D82/><U10/><E10/><V79/><F79/><W27/><G42/><T46/><D76/><U28/><E28/><V78/><F78/><W55/><G30/><T129/><D99/><AGARI ba="0,0" hai="47,48,53,85,87,89,93,99" m="11399,48649" machi="99" ten="30,2000,0" yaku="18,1,54,1" doraHai="124" who="2" fromWho="0" sc="224,-20,328,0,224,20,224,0" />
</Scene>
<Scene>
<INIT seed="2,0,0,3,0,40" ten="204,328,244,224" oya="2" hai0="95,91,58,107,18,1,7,17,85,111,48,49,109" hai1="70,101,26,9,63,30,103,93,47,99,129,98,115" hai2="13,34,41,60,43,10,4,2,119,97,45,81,54" hai3="127,56,87,89,52,66,22,86,39,31,51,53,75"/><V20/><F119/><W135/><G75/><T114/><D114/><U113/><E129/><V32/><F97/><W72/><G72/><T14/><D107/><U116/><E116/><V118/><F118/><W44/><G135/><T80/><D1/><U121/><E121/><V110/><F110/><N who="0" m="41994" /><D58/><U131/><E131/><V83/><F34/><W37/><G127/><T19/><D80/><U38/><E9/><AGARI ba="0,0" hai="7,9,14,17,18,19,48,49,85,91,95" m="41994" machi="9" ten="30,1000,0" yaku="14,1" doraHai="40" who="0" fromWho="1" sc="204,10,328,-10,244,0,224,0" />
</Scene>
<Scene>
<INIT seed="3,0,0,3,4,119" ten="214,318,244,224" oya="3" hai0="60,34,86,53,31,90,33,41,18,14,8,35,133" hai1="83,28,129,104,64,68,67,125,107,10,130,128,132" hai2="38,26,3,59,120,42,96,30,46,105,0,102,93" hai3="103,48,94,74,5,122,72,79,29,123,51,1,50"/><W20/><G1/><T2/><D133/><U27/><E132/><V134/><F134/><W19/><G5/><T16/><D41/><U62/><E125/><V22/><F120/><W15/><G29/><T126/><D126/><U75/><E67/><V52/><REACH who="2" step="1"/><F105/><REACH who="2" ten="214,318,234,224" step="2"/><W65/><G65/><T85/><D2/><U87/><E107/><V112/><F112/><W23/><G23/><T118/><D118/><U114/><E104/><V70/><F70/><W106/><G106/><T43/><D34/><U58/><E114/><V131/><F131/><W71/><G71/><T4/><D35/><U36/><E68/><V45/><F45/><W89/><G103/><T17/><D33/><U9/><E130/><V66/><F66/><W81/><REACH who="3" step="1"/><G74/><REACH who="3" ten="214,318,234,214" step="2"/><T124/><D124/><U55/><E75/><V69/><F69/><W6/><G6/><T111/><D4/><U80/><E64/><V63/><AGARI ba="0,2" hai="0,3,22,26,30,38,42,46,52,59,63,93,96,102" machi="63" ten="20,5200,0" yaku="1,1,0,1,7,1,54,1,53,0" doraHai="119" doraHaiUra="110" who="2" fromWho="2" sc="214,-13,318,-13,234,72,214,-26" />
</Scene>
<Scene>
<INIT seed="4,0,0,5,2,119" ten="201,305,306,188" oya="0" hai0="1,68,77,15,108,111,51,20,81,115,73,62,22" hai1="30,129,84,122,60,48,12,135,29,64,92,3,10" hai2="133,94,128,132,8,124,95,18,130,50,85,131,69" hai3="98,126,27,65,70,89,86,116,5,24,78,74,9"/><T75/><D1/><U31/><E3/><V25/><F69/><W32/><G116/><T113/><D51/><U110/><E110/><N who="0" m="42025" /><D73/><U21/><E135/><N who="2" m="51787" /><F85/><W2/><G126/><T93/><D93/><N who="2" m="35338" /><F50/><W4/><G98/><T52/><D68/><U88/><E129/><V82/><F82/><W106/><G106/><T6/><D6/><U36/><E48/><V49/><F49/><W42/><G42/><T121/><D121/><U39/><E122/><V99/><F99/><W17/><G5/><T127/><D127/><U16/><REACH who="1" step="1"/><E10/><REACH who="1" ten="201,295,306,188" step="2"/><V46/><F124/><W23/><G9/><T102/><D102/><U47/><E47/><V59/><F46/><W44/><G44/><T118/><D118/><U97/><E97/><V101/><F8/><W120/><G2/><T19/><D22/><U33/><E33/><V11/><F11/><W0/><G32/><T55/><D62/><U56/><AGARI ba="0,1" hai="12,16,21,29,30,31,36,39,56,60,64,84,88,92" machi="56" ten="30,8000,1" yaku="1,1,0,1,54,2,53,1" doraHai="119" doraHaiUra="57" who="1" fromWho="1" sc="201,-40,295,90,306,-20,188,-20" />
</Scene>
<Scene>
<INIT seed="5,0,0,1,0,83" ten="161,385,286,168" oya="1" hai0="26,116,98,95,32,61,120,109,4,88,118,33,29" hai1="49,114,16,11,42,62,130,0,15,76,40,67,23" hai2="132,77,80,9,71,124,101,94,47,128,60,117,108" hai3="66,96,59,129,127,93,87,65,73,81,91,13,38"/><U20/><E114/><V135/><F108/><W105/><G38/><T36/><D109/><U25/><E130/><V125/><F117/><W3/><G3/><T45/><D4/><U53/><E76/><V103/><F47/><W44/><G129/><T82/><D120/><U54/><E0/><V48/><F48/><W92/><G127/><N who="2" m="48713" /><F128/><W18/><G73/><T50/><D36/><U102/><E102/><N who="2" m="38923" /><F9/><N who="3" m="6447" /><G105/><T2/><D2/><U28/><E11/><V37/><F37/><W56/><G44/><T133/><D133/><U107/><E107/><V70/><F94/><N who="3" m="36459" /><G96/><T31/><D61/><U22/><E62/><V75/><F60/><W34/><G34/><T17/><D17/><U68/><E16/><V100/><F100/><W6/><G6/><T12/><D12/><U110/><E15/><V90/><F90/><W85/><G59/><T10/><D10/><U51/><E110/><V58/><F58/><W5/><G5/><T43/><REACH who="0" step="1"/><D82/><REACH who="0" ten="151,385,286,168" step="2"/><U52/><E51/><V134/><AGARI ba="0,1" hai="70,71,75,77,80,132,134,135" m="38923,48713" machi="134" ten="40,2700,0" yaku="20,1,18,1" doraHai="83" who="2" fromWho="2" sc="151,-7,385,-13,286,37,168,-7" />
</Scene>
<Scene>
<INIT seed="6,0,0,0,1,15" ten="144,372,323,161" oya="2" hai0="126,53,122,84,32,134,93,79,91,76,86,31,130" hai1="52,47,102,75,58,125,37,57,9,1,50,46,14" hai2="135,71,25,34,43,21,67,112,27,120,36,18,68" hai3="88,124,16,30,132,22,80,42,94,85,74,113,41"/><V64/><F120/><W60/><G132/><T35/><D122/><U13/><E75/><V23/><F135/><W98/><G124/><T69/><D134/><U108/><E125/><V28/><F112/><W73/><G30/><T6/><D126/><U3/><E108/><V19/><F43/><W72/><G113/><T8/><D69/><U115/><E115/><V101/><F101/><W65/><G60/><T100/><D130/><U109/><E109/><V127/><F127/><W131/><G65/><T117/><D117/><U118/><E118/><V29/><F36/><W105/><G105/><T123/><D123/><U83/><E102/><V99/><F99/><W26/><REACH who="3" step="1"/><G131/><REACH who="3" ten="144,372,323,151" step="2"/><T62/><D31/><U78/><E37/><V56/><F56/><W40/><G40/><T119/><D119/><U55/><E58/><V95/><F95/><W51/><G51/><T121/><D121/><U0/><E57/><V87/><F87/><W48/><G48/><T89/><D62/><U2/><E50/><V54/><F54/><W114/><G114/><T11/><D53/><U33/><E52/><V133/><F133/><W24/><G24/><T92/><REACH who="0" step="1"/><D100/><AGARI ba="0,1" hai="16,22,26,41,42,72,73,74,80,85,88,94,98,100" machi="100" ten="40,12000,2" yaku="1,1,52,1,54,2,53,2" doraHai="15" doraHaiUra="39" who="3" fromWho="0" sc="144,-120,372,0,323,0,151,130" />
</Scene>
<Scene>
<INIT seed="7,0,0,0,0,26" ten="24,372,323,281" oya="3" hai0="117,7,5,65,6,69,16,38,88,17,66,71,124" hai1="131,23,100,85,121,84,120,19,36,107,83,34,10" hai2="102,58,113,79,95,135,48,82,2,70,4,24,43" hai3="63,125,99,108,56,15,35,122,33,8,18,27,31"/><W127/><G122/><T75/><D124/><N who="3" m="47689" /><G99/><T49/><D117/><U77/><E34/><N who="3" m="12810" /><G56/><T0/><D0/><U32/><E32/><V91/><F70/><W109/><G63/><T114/><D49/><U14/><E36/><V42/><F102/><W76/><G76/><T86/><D38/><U133/><E133/><V118/><F135/><W112/><G112/><T93/><D75/><U116/><E116/><V115/><F118/><W106/><G106/><T50/><D50/><U53/><E53/><V126/><F126/><W61/><G61/><T64/><D114/><N who="2" m="43530" /><F58/><W101/><G101/><T11/><D11/><U129/><E10/><N who="2" m="2327" /><F48/><W87/><G87/><T132/><D132/><U92/><E85/><N who="2" m="52719" /><F24/><W29/><G27/><T22/><D71/><U44/><E107/><V94/><F94/><W90/><G90/><T98/><D69/><U37/><E92/><V52/><F52/><W39/><G39/><T119/><D119/><U68/><E100/><V123/><F123/><W13/><G13/><T97/><REACH who="0" step="1"/><D22/><REACH who="0" ten="14,372,323,281" step="2"/><U40/><E68/><V78/><F78/><W73/><G73/><AGARI ba="0,1" hai="42,43,73,79,82" m="52719,2327,43530" machi="73" ten="30,1000,0" yaku="15,1" doraHai="26" who="2" fromWho="3" sc="14,0,372,0,323,20,281,-10" owari="14,-49.0,372,48.0,343,14.0,271,-13.0" />
</Scene>
</mjloggm>