<mjloggm ver="2.3"><GO type="169"/><UN n0="%E5%A4%AA%E3%81%8F%E3%81%AA%E3%81%84%E3%81%8A" n1="%E8%B0%B7%E3%81%8F%E3%82%93" n2="%E3%82%BC%E3%83%B3%E3%83%84%E3%83%83%E3%83%91" n3="%41%70%70%6C%65%2A" dan="18,16,18,16" rate="2199,2068,2216,2041" sx="M,M,M,M"/><TAIKYOKU oya="0"/>

<Scene>
<INIT seed="0,0,0,3,1,124" ten="250,250,250,250" oya="0" hai0="71,125,91,8,81,9,48,131,89,26,123,112,84" hai1="74,50,53,67,122,73,32,90,43,115,6,70,12" hai2="128,49,25,132,113,40,111,92,117,110,37,77,127" hai3="95,7,100,82,129,83,42,57,130,69,10,80,109"/><T47/><D123/><U34/><E122/><V3/><F77/><W120/><G69/><T36/><D112/><U79/><E43/><V108/><F92/><W38/><G120/><T30/><D71/><U54/><E90/><V62/><F25/><W13/><G109/><T65/><D125/><U58/><E79/><V106/><F106/><W29/><G29/><T5/><D36/><U4/><E12/><V52/><F3/><W119/><G119/><T102/><D102/><U1/><E1/><V15/><F15/><W11/><G38/><T39/><D39/><U45/><E115/><V20/><F20/><W87/><G42/><T35/><D65/><U66/><E70/><V116/><F127/><W14/><G57/><T0/><D9/><U94/><E94/><V46/><F113/><W64/><G64/><T75/><D75/><U16/><E58/><N who="2" m="35143" /><F132/><W41/><G41/><T86/><D86/><U56/><E16/><V63/><F63/><W61/><G61/><T104/><D104/><U134/><E74/><V114/><F114/><W19/><REACH who="3" step="1"/><G87/><REACH who="3" ten="250,250,250,240" step="2"/><T126/><D126/><U101/><E73/><V2/><F37/><W17/><G17/><T55/><D84/><U28/><E28/><V44/><F44/><W18/><G18/><T133/><D47/><U107/><E6/><V33/><F33/><W118/><G118/><N who="2" m="45673" /><F2/><W96/><AGARI ba="0,1" hai="7,10,11,13,14,19,80,82,83,95,96,100,129,130" machi="96" ten="30,7900,0" yaku="1,1,0,1,52,2,53,0" doraHai="124" doraHaiUra="135" who="3" fromWho="3" sc="250,-39,250,-20,250,-20,240,89" />
</Scene>
<Scene>
<INIT seed="1,0,0,4,1,74" ten="211,230,230,329" oya="1" hai0="133,25,50,119,78,20,113,38,94,130,71,95,91" hai1="98,19,92,64,121,3,28,120,84,53,69,33,27" hai2="24,82,22,93,73,46,108,2,134,128,12,75,105" hai3="100,125,29,115,70,44,126,90,132,110,41,30,72"/><U99/><E3/><V66/><F108/><W48/><G115/><T101/><D119/><U122/><E69/><V0/><F105/><W58/><G70/><T83/><D113/><U13/><E64/><V5/><F66/><W11/><G110/><T17/><D38/><U79/><E53/><V57/><F57/><W45/><G100/><T116/><D116/><U106/><E106/><V65/><F65/><W60/><G132/><T86/><D71/><U109/><E109/><V34/><F46/><W15/><G90/><T47/><D133/><U8/><REACH who="1" step="1"/><E92/><REACH who="1" ten="211,220,230,329" step="2"/><V135/><F93/><W56/><G41/><N who="0" m="24943" /><D130/><U85/><E85/><V35/><F73/><W104/><G72/><T96/><D95/><U52/><E52/><V23/><F128/><W68/><G104/><T87/><D86/><U4/><E4/><V61/><F5/><W102/><G68/><T7/><D7/><U76/><E76/><AGARI ba="0,1" hai="17,20,25,76,78,83,87,91,94,96,101" m="24943" machi="76" ten="30,3900,0" yaku="8,1,52,2" doraHai="74" who="0" fromWho="1" sc="211,49,220,-39,230,0,329,0" />
</Scene>
<Scene>
<INIT seed="2,0,0,5,5,5" ten="260,181,230,329" oya="2" hai0="44,22,95,118,16,14,43,94,123,133,114,47,126" hai1="46,128,120,108,110,57,93,27,23,92,49,63,106" hai2="122,74,58,99,32,39,104,33,105,51,90,31,81" hai3="21,64,135,50,1,41,78,4,13,6,20,3,15"/><V42/><F122/><W38/><G38/><T59/><D123/><U9/><E106/><V88/><F39/><W119/><G78/><T35/><D114/><U121/><E128/><V0/><F0/><W25/><G64/><T28/><D133/><U103/><E121/><V116/><F116/><W65/><G65/><T97/><D118/><U124/><E120/><V62/><F32/><W107/><G107/><T17/><D126/><U87/><E124/><V12/><F33/><W70/><G119/><T71/><D71/><U125/><E125/><V10/><F31/><W8/><G70/><T53/><D35/><U66/><E87/><V84/><F74/><W60/><G60/><N who="0" m="35951" /><D28/><N who="1" m="17535" /><E9/><V7/><F42/><W37/><G37/><T79/><D79/><U91/><E91/><V129/><F51/><W80/><G80/><T19/><D94/><U56/><E56/><V76/><F129/><W75/><G75/><T134/><D134/><U26/><E26/><V55/><REACH who="2" step="1"/><F105/><REACH who="2" ten="260,181,220,329" step="2"/><W89/><G41/><T72/><D72/><U18/><E49/><V77/><F77/><W73/><G50/><N who="0" m="26911" /><D47/><U101/><E46/><V132/><F132/><W130/><G73/><T11/><D22/><U131/><E131/><V83/><F83/><W82/><G130/><T96/><D95/><U29/><E92/><V34/><F34/><W109/><G135/><T98/><AGARI ba="0,1" hai="11,14,16,17,19,96,97,98" m="26911,35951" machi="98" ten="30,4000,0" yaku="8,1,52,1,54,1" doraHai="5" who="0" fromWho="0" sc="260,50,181,-10,220,-20,329,-10" />
</Scene>
<Scene>
<INIT seed="3,0,0,3,5,36" ten="310,171,200,319" oya="3" hai0="16,103,121,69,66,119,21,30,124,23,113,15,126" hai1="56,108,57,35,3,34,55,25,45,19,85,130,129" hai2="107,117,78,41,43,4,72,24,64,96,92,118,65" hai3="106,102,52,5,95,83,48,39,89,97,88,133,87"/><W58/><G39/><T116/><D103/><U27/><E3/><V8/><F107/><W104/><G133/><T62/><D121/><U70/><E70/><V17/><F72/><W134/><G134/><T1/><D1/><U0/><E0/><V10/><F78/><W122/><G122/><T13/><D113/><U98/><E98/><V100/><F118/><W93/><G5/><T90/><D90/><U80/><E108/><V50/><F117/><W128/><G128/><N who="1" m="49258" /><E45/><V131/><F131/><W114/><G114/><T79/><D79/><N who="1" m="46239" /><E57/><V20/><F50/><W54/><G54/><T14/><D30/><U112/><E112/><V111/><F111/><W75/><G75/><T73/><D73/><U99/><E99/><AGARI ba="0,0" hai="48,52,58,83,87,88,89,93,95,97,99,102,104,106" machi="99" ten="30,5800,0" yaku="7,1,54,2" doraHai="36" who="3" fromWho="1" sc="310,0,171,-58,200,0,319,58" />
</Scene>
<Scene>
<INIT seed="3,1,0,3,5,74" ten="310,113,200,377" oya="3" hai0="8,1,88,115,113,9,5,42,112,36,107,119,117" hai1="131,126,21,43,50,19,24,102,75,30,121,59,70" hai2="78,25,58,23,95,114,69,64,120,109,116,67,134" hai3="6,71,86,2,45,49,33,82,4,77,92,129,130"/><W127/><G71/><T20/><D107/><U47/><E70/><V66/><F109/><W104/><G104/><T22/><D36/><U31/><E121/><V26/><F116/><N who="0" m="44618" /><D42/><U106/><E126/><V133/><F114/><W15/><G33/><T48/><D48/><U76/><E131/><N who="3" m="50186" /><G2/><N who="0" m="55" /><D88/><U124/><E124/><V89/><F69/><W97/><G15/><T40/><D40/><U37/><E106/><V96/><F120/><W73/><G73/><T93/><D93/><U3/><E102/><V16/><F25/><W57/><G57/><T83/><D83/><U52/><REACH who="1" step="1"/><E3/><REACH who="1" ten="310,103,200,377" step="2"/><V44/><F134/><W68/><G68/><T98/><D1/><U12/><E12/><V87/><F133/><W7/><G127/><T118/><D118/><U123/><E123/><V79/><F44/><W80/><G45/><T17/><D115/><U65/><E65/><V27/><F27/><W100/><G49/><T105/><D105/><U46/><E46/><V51/><F96/><W53/><G53/><AGARI ba="1,1" hai="16,23,26,51,53,58,64,66,67,78,79,87,89,95" machi="53" ten="40,8000,1" yaku="8,1,52,2,54,1" doraHai="74" who="2" fromWho="3" sc="310,0,103,0,200,93,377,-83" />
</Scene>
<Scene>
<INIT seed="4,0,0,5,2,44" ten="310,103,293,294" oya="0" hai0="32,1,64,18,79,103,52,7,26,5,120,47,128" hai1="112,49,87,50,104,81,98,27,30,125,22,80,8" hai2="63,68,97,113,119,2,12,109,74,91,40,67,59" hai3="41,3,90,4,51,89,108,70,31,42,94,10,45"/><T21/><D120/><U116/><E116/><V111/><F2/><W9/><G70/><T72/><D128/><U117/><E117/><V75/><F119/><W118/><G118/><T11/><D64/><U95/><E125/><V73/><F40/><W65/><G65/><T83/><D103/><U78/><E104/><V100/><F113/><W129/><G108/><T133/><D133/><U121/><E121/><V25/><F91/><W76/><G76/><T135/><D135/><U19/><E112/><V130/><F130/><W114/><G129/><T0/><D32/><U86/><E8/><V96/><F96/><W101/><G31/><T53/><D47/><U37/><E37/><V13/><F13/><W106/><G106/><T61/><D61/><U16/><E19/><V46/><F46/><W69/><G69/><T127/><D127/><U36/><E30/><V77/><F77/><W58/><G114/><T20/><D20/><U115/><E36/><V102/><F102/><W38/><G41/><T15/><D26/><U55/><E55/><V33/><F12/><W28/><G10/><AGARI ba="0,0" hai="0,1,5,7,10,11,15,18,21,52,53,72,79,83" machi="10" ten="40,3900,0" yaku="9,1,54,1" doraHai="44" who="0" fromWho="3" sc="310,39,103,0,293,0,294,-39" />
</Scene>
<Scene>
<INIT seed="4,1,0,3,3,49" ten="349,103,293,255" oya="0" hai0="31,90,2,128,85,96,108,114,66,122,38,34,99" hai1="62,40,127,84,121,102,86,80,5,53,14,41,15" hai2="36,113,39,89,61,63,37,60,72,59,112,82,78" hai3="24,106,120,117,0,124,70,123,134,44,67,25,100"/><T17/><D122/><N who="3" m="46633" /><G117/><T16/><D38/><U135/><E121/><V51/><REACH who="2" step="1"/><F89/><REACH who="2" ten="349,103,283,255" step="2"/><W6/><G134/><T91/><D90/><U130/><E135/><V28/><F28/><W75/><G124/><T81/><D31/><U54/><E127/><V107/><F107/><W35/><G106/><T119/><D91/><N who="1" m="51591" /><E130/><V110/><F110/><W27/><G35/><T73/><D128/><U118/><E118/><V21/><F21/><W4/><G100/><T33/><D108/><U55/><E102/><V129/><F129/><W50/><G0/><T74/><D2/><U11/><E15/><V22/><F22/><W125/><G125/><T126/><D126/><U7/><E86/><V1/><F1/><W104/><G75/><T88/><D119/><U8/><E8/><V77/><F77/><W19/><G104/><T12/><D12/><U32/><E32/><V79/><F79/><W43/><G19/><T94/><D34/><U57/><E7/><V46/><F46/><W132/><G132/><T58/><D33/><U116/><E116/><V29/><F29/><W69/><G6/><T115/><D74/><U83/><E83/><V71/><F71/><W95/><G4/><T20/><D73/><U45/><E45/><V10/><F10/><W105/><G105/><T64/><D81/><U13/><E13/><V9/><F9/><W133/><G133/><T52/><D20/><U103/><E103/><V76/><F76/><W47/><G47/><T111/><D111/><U98/><E98/><V109/><F109/><W101/><G69/><T87/><D96/><U97/><E97/><RYUUKYOKU ba="1,1" sc="349,-15,103,15,283,15,255,-15" hai1="5,11,14,40,41,53,54,55,57,62" hai2="36,37,39,51,59,60,61,63,72,78,82,112,113" />
</Scene>
<Scene>
<INIT seed="5,2,1,3,4,84" ten="334,118,298,240" oya="1" hai0="108,44,66,22,70,59,74,71,67,99,85,8,13" hai1="98,0,33,95,90,131,92,109,121,118,101,2,79" hai2="114,107,6,122,130,37,29,116,36,56,89,32,34" hai3="21,48,31,100,9,134,52,10,39,42,7,81,18"/><U4/><E121/><V128/><F122/><W115/><G31/><T46/><D74/><U23/><E118/><V113/><F116/><W20/><G134/><T60/><D108/><U110/><E33/><N who="2" m="12907" /><F29/><W26/><G39/><N who="2" m="14921" /><F6/><W38/><G115/><N who="2" m="44041" /><F56/><W117/><G117/><T12/><D59/><U51/><E131/><N who="2" m="50219" /><F89/><W123/><G123/><T1/><D1/><U54/><E23/><V106/><AGARI ba="2,1" hai="106,107" m="50219,44041,14921,12907" machi="106" ten="40,12000,2" yaku="28,2,15,1,11,1,19,1,31,2" doraHai="84" who="2" fromWho="2" sc="334,-32,118,-62,298,136,240,-32" />
</Scene>
<Scene>
<INIT seed="6,0,0,2,5,45" ten="302,56,434,208" oya="2" hai0="36,27,87,26,80,107,75,65,74,25,20,68,62" hai1="52,128,63,60,88,106,121,131,49,113,91,35,22" hai2="67,3,31,92,71,109,112,48,83,13,59,103,9" hai3="69,30,15,6,57,7,114,33,12,44,32,111,16"/><V79/><F112/><W41/><G69/><T130/><D36/><U110/><E35/><V78/><F71/><W90/><G111/><T82/><D107/><U72/><E110/><V28/><F3/><W55/><G114/><T95/><D130/><N who="1" m="49707" /><E106/><V100/><F109/><W17/><G90/><N who="1" m="34346" /><E72/><V118/><F118/><W89/><G89/><T47/><D95/><U18/><E113/><V133/><F133/><W135/><G135/><T84/><D47/><N who="1" m="27711" /><E121/><V19/><F92/><W120/><G120/><T8/><D75/><U125/><E125/><V77/><F83/><W58/><G32/><T1/><D74/><U98/><E98/><V124/><F124/><W61/><G33/><T108/><D108/><U43/><E43/><V50/><F103/><W134/><G134/><T37/><D80/><U53/><E53/><V85/><F100/><W46/><G41/><T115/><D82/><U123/><E123/><V94/><F94/><W73/><G73/><T104/><D104/><U64/><E64/><V81/><F81/><W86/><G55/><T34/><D115/><U24/><AGARI ba="0,0" hai="18,22,24,60,63" m="27711,34346,49707" machi="24" ten="30,7900,0" yaku="19,1,52,1,54,2" doraHai="45" who="1" fromWho="1" sc="302,-20,56,79,434,-39,208,-20" />
</Scene>
<Scene>
<INIT seed="7,0,0,3,1,103" ten="282,135,395,188" oya="3" hai0="29,87,66,122,30,77,33,12,69,134,46,81,59" hai1="114,38,113,70,5,67,85,61,2,22,132,78,119" hai2="107,32,7,45,11,9,17,91,75,98,62,97,13" hai3="89,73,64,121,0,54,135,92,31,105,65,35,131"/><W52/><G0/><T82/><D122/><U6/><E38/><V8/><F107/><W90/><G121/><T15/><D69/><U129/><E119/><V110/><F32/><W84/><G73/><T14/><D134/><U133/><E6/><V108/><F75/><W40/><G40/><T111/><D111/><U21/><E129/><V88/><F110/><W124/><G105/><T72/><D33/><U37/><E22/><N who="2" m="11567" /><F7/><W100/><G100/><T47/><D72/><U102/><E21/><V101/><F101/><W112/><G35/><T123/><D81/><U74/><E85/><V51/><F62/><W86/><G31/><N who="0" m="11787" /><D123/><U16/><E16/><V126/><F126/><W115/><G124/><T10/><D10/><U57/><E57/><V93/><F108/><W20/><G20/><T83/><D82/><U63/><E63/><AGARI ba="0,0" hai="12,14,15,46,47,59,63,66,77,83,87" m="11787" machi="63" ten="30,1000,0" yaku="8,1" doraHai="103" who="0" fromWho="1" sc="282,10,135,-10,395,0,188,0" owari="292,9.0,125,-37.0,395,49.0,188,-21.0" />
</Scene>
</mjloggm>