<mjloggm ver="2.3"><GO type="193"/><UN n0="%E3%83%A1%E3%82%A4%E3%83%81%E3%82%A4" n1="%68%69%72%6F%63%68%69%6E" n2="%E5%A4%AA%E3%81%8F%E3%81%AA%E3%81%84%E3%81%8A" n3="%E8%91%9B%E9%A4%85" dan="13,12,11,11" rate="1776,1763,1836,1845" sx="M,M,M,M"/><TAIKYOKU oya="0"/>

<Scene>
<INIT seed="0,0,0,4,2,20" ten="250,250,250,250" oya="0" hai0="39,86,61,72,128,103,121,117,45,57,22,101,81" hai1="42,49,69,112,105,27,100,77,108,96,15,124,91" hai2="8,127,74,76,32,133,87,123,129,66,0,25,118" hai3="84,2,21,7,82,95,107,83,33,73,70,53,23"/><T16/><D121/><U116/><E69/><V135/><F87/><W125/><G33/><T34/><D117/><U5/><E116/><V120/><F118/><W114/><G107/><T80/><D34/><U59/><E112/><V10/><F66/><W60/><G114/><T132/><D132/><N who="2" m="50762" /><F129/><W90/><G125/><T109/><D128/><U130/><E124/><V41/><F41/><W63/><G2/><T64/><D72/><U48/><E130/><V12/><F127/><W131/><G131/><T51/><D39/><U97/><E108/><V43/><F43/><W98/><G7/><T119/><D119/><U6/><E77/><V111/><F111/><W19/><G73/><T13/><D109/><U93/><E49/><V134/><F134/><W99/><G23/><T65/><D65/><U110/><E110/><V3/><F76/><N who="3" m="46151" /><G70/><T102/><REACH who="0" step="1"/><D86/><REACH who="0" ten="240,250,250,250" step="2"/><U55/><E42/><AGARI ba="0,1" hai="13,16,22,42,45,51,57,61,64,80,81,101,102,103" machi="42" ten="40,12000,1" yaku="1,1,2,1,8,1,54,1,53,1" doraHai="20" doraHaiUra="56" who="0" fromWho="1" sc="240,130,250,-120,250,0,250,0" />
</Scene>
<Scene>
<INIT seed="0,1,0,2,5,37" ten="370,130,250,250" oya="0" hai0="124,57,28,116,25,103,5,31,20,43,40,2,22" hai1="61,4,70,134,79,8,49,16,113,23,98,81,19" hai2="130,42,126,13,3,35,11,29,80,34,65,99,66" hai3="89,68,121,26,114,0,10,71,30,72,86,15,51"/><T100/><D116/><U59/><E113/><V94/><F3/><W125/><G114/><T64/><D124/><U21/><E134/><V106/><F106/><W133/><G125/><T120/><D120/><U32/><E70/><V9/><F126/><W73/><G0/><T41/><D2/><U82/><E32/><V119/><F119/><W131/><G133/><T115/><D5/><U123/><E98/><V132/><F132/><W62/><G62/><N who="0" m="37967" /><D115/><U1/><E123/><V87/><F130/><W48/><G131/><T91/><D91/><U67/><E49/><V56/><F29/><N who="0" m="11338" /><D25/><U77/><E23/><AGARI ba="1,0" hai="20,22,23,40,41,43,100,103" m="11338,37967" machi="23" ten="30,11600,0" yaku="8,1,52,3" doraHai="37" who="0" fromWho="1" sc="370,119,130,-119,250,0,250,0" />
</Scene>
<Scene>
<INIT seed="0,2,0,3,0,16" ten="489,11,250,250" oya="0" hai0="112,118,101,33,120,72,48,134,5,58,56,20,10" hai1="67,25,7,86,69,17,9,54,121,109,103,117,132" hai2="11,15,114,66,130,126,124,135,129,81,98,24,99" hai3="44,133,128,18,50,39,104,79,105,63,32,122,14"/><T21/><BYE who="1" /><D120/><U71/><E71/><V37/><F37/><W82/><G39/><T23/><D118/><U91/><E91/><V127/><F114/><W30/><G122/><T26/><D112/><U1/><E1/><V29/><F66/><W35/><G128/><N who="2" m="49257" /><F81/><W38/><G38/><T77/><D33/><U95/><E95/><V75/><F75/><W107/><G30/><T93/><D134/><U88/><E88/><V64/><F64/><W19/><G133/><T57/><D72/><U131/><E131/><V96/><F135/><W42/><G63/><T34/><D34/><U27/><E27/><V85/><F85/><W78/><G78/><T47/><D77/><U0/><E0/><V74/><F74/><W43/><G43/><T116/><D116/><U28/><E28/><V87/><F87/><W100/><G100/><T97/><D26/><U3/><E3/><V92/><F92/><W65/><G65/><T49/><REACH who="0" step="1"/><D47/><REACH who="0" ten="479,11,250,250" step="2"/><U106/><E106/><V22/><F127/><W102/><G107/><T108/><D108/><U55/><E55/><V45/><F45/><W123/><G105/><T13/><AGARI ba="2,1" hai="5,10,13,20,21,23,48,49,56,57,58,93,97,101" machi="13" ten="30,18000,2" yaku="1,1,0,1,8,1,52,3,53,0" doraHai="16" doraHaiUra="12" who="0" fromWho="0" sc="479,196,11,-62,250,-62,250,-62" owari="675,77.0,-51,-55.0,188,-1.0,188,-21.0" />
</Scene>
</mjloggm>