<mjloggm ver="2.3"><GO type="97"/><UN n0="%52%65%76%65" n1="%E5%A4%AA%E3%81%8F%E3%81%AA%E3%81%84%E3%81%8A" n2="%E3%81%AE%E3%81%81" n3="%6F%73%6B%62%E5%AE%B6%E9%9B%80%E5%A3%AB" dan="14,15,13,13" rate="1891,2036,1875,1841" sx="M,M,M,M"/><TAIKYOKU oya="0"/>

<Scene>
<INIT seed="0,0,0,0,5,115" ten="250,250,250,250" oya="0" hai0="47,87,40,56,133,42,128,2,135,88,5,27,36" hai1="92,13,76,95,46,77,109,102,9,121,119,12,50" hai2="26,14,103,65,6,45,91,106,67,29,74,30,90" hai3="96,17,131,51,97,100,38,57,118,11,105,34,114"/><T81/><D128/><U3/><E121/><V48/><F74/><W112/><G38/><T19/><D42/><U53/><E109/><V99/><F30/><W85/><G34/><T66/><D2/><U44/><E3/><V21/><F6/><W61/><G131/><T49/><D5/><U101/><E119/><V125/><F125/><W93/><G85/><T59/><D36/><U124/><E124/><V54/><F14/><W28/><G28/><T1/><D1/><U113/><E113/><V108/><F108/><W35/><G35/><T22/><REACH who="0" step="1"/><D66/><REACH who="0" ten="240,250,250,250" step="2"/><U71/><E53/><V41/><F67/><W122/><G114/><T18/><D18/><U20/><E9/><V84/><F65/><W62/><G17/><T7/><D7/><U80/><E71/><V82/><F54/><W63/><G11/><T60/><D60/><U83/><E50/><V24/><REACH who="2" step="1"/><F24/><REACH who="2" ten="240,250,240,250" step="2"/><W111/><G112/><T55/><D55/><U68/><E68/><V15/><F15/><W86/><G122/><T123/><D123/><U52/><E52/><V0/><F0/><W110/><G110/><T25/><D25/><U98/><E13/><V94/><F94/><W69/><G93/><T4/><D4/><U134/><E12/><V130/><F130/><W73/><G111/><T79/><D79/><AGARI ba="0,2" hai="21,26,29,41,45,48,79,82,84,90,91,99,103,106" machi="79" ten="30,2000,0" yaku="1,1,7,1,53,0" doraHai="115" doraHaiUra="129" who="2" fromWho="0" sc="240,-20,250,0,240,40,250,0" />
</Scene>
<Scene>
<INIT seed="1,0,0,2,3,125" ten="220,250,280,250" oya="1" hai0="46,81,72,38,89,21,67,71,48,74,113,78,90" hai1="117,100,98,83,107,92,104,66,11,124,108,111,134" hai2="39,69,50,126,65,34,18,35,8,31,25,47,95" hai3="59,52,13,122,123,43,53,132,0,94,44,85,116"/><U1/><E66/><V9/><F126/><W4/><G0/><T133/><D113/><U99/><E124/><V61/><F39/><W23/><G132/><T77/><D133/><U29/><E29/><V135/><F135/><W114/><G114/><T19/><D38/><U58/><E134/><V129/><F129/><W118/><G94/><T109/><D109/><N who="1" m="42059" /><E117/><N who="3" m="45162" /><G85/><T93/><D67/><U40/><E40/><V32/><F18/><N who="3" m="10703" /><G4/><T102/><D71/><U63/><E83/><V86/><F34/><W130/><G130/><T49/><D102/><U70/><E70/><V17/><F35/><W16/><G16/><T76/><D74/><U22/><E22/><V54/><F17/><W42/><G42/><T80/><D72/><U45/><E99/><V112/><F112/><W3/><G3/><T30/><D30/><U103/><E103/><V79/><REACH who="2" step="1"/><F95/><REACH who="2" ten="220,250,270,250" step="2"/><W105/><G105/><T131/><D131/><U41/><E92/><V57/><F57/><W75/><G59/><T119/><D119/><U82/><E107/><V97/><F97/><W5/><G123/><T33/><D33/><U115/><E115/><V73/><F73/><W62/><G75/><T60/><D93/><U10/><E58/><V24/><F24/><W84/><G122/><T106/><D106/><U56/><E56/><V28/><F28/><W121/><G121/><T20/><D60/><U15/><E63/><V14/><F14/><W128/><G62/><T87/><D19/><N who="1" m="8695" /><E1/><V55/><F55/><W7/><G52/><N who="0" m="29719" /><D49/><N who="1" m="26799" /><E11/><V37/><F37/><W101/><G128/><T27/><D27/><U26/><E26/><RYUUKYOKU ba="0,1" sc="220,10,250,10,270,10,250,-30" hai0="20,21,76,77,78,80,81,87,89,90" hai1="82,98,100,104" hai2="8,9,25,31,32,47,50,54,61,65,69,79,86" />
</Scene>
<Scene>
<INIT seed="1,1,1,1,5,86" ten="230,260,280,220" oya="1" hai0="92,22,125,103,66,88,14,25,130,18,129,113,73" hai1="23,101,4,83,48,127,112,118,94,17,76,19,1" hai2="95,46,0,77,106,52,68,55,57,124,49,80,26" hai3="2,33,93,100,58,39,29,15,42,126,85,71,12"/><U20/><E118/><V37/><F106/><W5/><G71/><T114/><D73/><U21/><E112/><V60/><F124/><W78/><G2/><T61/><D125/><U13/><E127/><V105/><F0/><W72/><G126/><T65/><D103/><U63/><E1/><V108/><F105/><W131/><G72/><T38/><D38/><U96/><E63/><V28/><F108/><W6/><G131/><N who="0" m="50187" /><D25/><U47/><E4/><V74/><F68/><W82/><G33/><T51/><D51/><U120/><E120/><V97/><F37/><W35/><G35/><T102/><D102/><U81/><E76/><V7/><F7/><W115/><G115/><N who="0" m="44043" /><D61/><U133/><E133/><V132/><F132/><W121/><G39/><T69/><D69/><U31/><E31/><V30/><REACH who="2" step="1"/><F26/><REACH who="2" ten="230,260,270,220" step="2"/><W79/><G5/><T40/><D40/><N who="1" m="24679" /><E19/><V123/><F123/><W110/><G6/><T16/><D18/><U43/><E43/><V24/><F24/><W116/><G42/><T91/><D92/><U111/><E111/><V87/><F87/><W10/><G85/><T9/><D9/><AGARI ba="1,2" hai="9,13,17,20,21,23,81,83,94,96,101" m="24679" machi="9" ten="30,1500,0" yaku="8,1" doraHai="86" who="1" fromWho="0" sc="230,-18,260,38,270,0,220,0" />
</Scene>
<Scene>
<INIT seed="1,2,0,4,4,98" ten="212,298,270,220" oya="1" hai0="85,46,22,6,44,45,41,88,111,107,57,81,127" hai1="93,50,16,101,115,102,25,68,21,43,39,131,69" hai2="109,52,66,24,67,112,17,30,10,48,89,56,54" hai3="123,72,94,15,84,63,58,132,113,103,92,79,33"/><U55/><E115/><V60/><F112/><W37/><G113/><T73/><D127/><U36/><E131/><V75/><F75/><W97/><G123/><T128/><D128/><U105/><E105/><V125/><F125/><W4/><G33/><T35/><D111/><U87/><E87/><V61/><F109/><W26/><G37/><T28/><D35/><U34/><E34/><V82/><F48/><W96/><G132/><T78/><D107/><U100/><E93/><V20/><F82/><N who="3" m="47199" /><G72/><T40/><D57/><U31/><E31/><V90/><F90/><N who="3" m="55319" /><G26/><T99/><D6/><U129/><E129/><V108/><F89/><W59/><G63/><T14/><D73/><U9/><E9/><AGARI ba="2,0" hai="4,9,15,58,59,94,97,103" m="55319,47199" machi="9" ten="30,2000,0" yaku="8,1,52,1" doraHai="98" who="3" fromWho="1" sc="212,0,298,-26,270,0,220,26" />
</Scene>
<Scene>
<INIT seed="2,0,0,2,0,114" ten="212,272,270,246" oya="2" hai0="73,15,101,78,9,126,118,105,18,59,25,91,96" hai1="71,42,56,134,12,43,57,26,102,32,30,31,39" hai2="2,124,45,100,85,107,110,50,95,24,29,16,123" hai3="10,84,38,83,62,58,88,21,1,127,129,92,0"/><V104/><F123/><W90/><G38/><T131/><D126/><U48/><E71/><V113/><F113/><W49/><G129/><T119/><D131/><U108/><E39/><V40/><F2/><W109/><G109/><T6/><D73/><U44/><E108/><V19/><F110/><W80/><G127/><T64/><D78/><U94/><E134/><V63/><F124/><W72/><G49/><T89/><D64/><U99/><E43/><V27/><F107/><W52/><G72/><T117/><D59/><U46/><E46/><V86/><F104/><W65/><G21/><AGARI ba="0,0" hai="6,9,15,18,21,25,89,91,96,101,105,117,118,119" machi="21" ten="40,8000,1" yaku="12,1,52,3" doraHai="114" who="0" fromWho="3" sc="212,80,272,0,270,0,246,-80" />
</Scene>
<Scene>
<INIT seed="3,0,0,4,5,129" ten="292,272,270,166" oya="3" hai0="40,119,26,47,60,27,41,102,91,72,132,106,62" hai1="46,2,48,30,110,114,13,29,99,1,66,117,50" hai2="116,85,11,86,24,84,21,92,88,71,18,54,128" hai3="36,73,81,89,32,20,76,8,104,15,3,127,64"/><W22/><G36/><T83/><D119/><U123/><E114/><V90/><F71/><W98/><G32/><T82/><D106/><U31/><E123/><V0/><F116/><W103/><G3/><T87/><D102/><U111/><E117/><V58/><F128/><W95/><G127/><T37/><D132/><U107/><E66/><V77/><F0/><N who="1" m="105" /><E13/><V133/><F133/><W67/><G64/><T16/><D41/><U42/><E99/><V5/><F77/><W101/><G101/><T17/><D17/><U100/><E107/><V75/><F75/><W118/><G67/><T130/><D130/><U68/><E68/><V57/><F57/><W122/><G122/><T135/><D135/><U80/><E80/><V35/><F35/><W39/><G39/><T9/><D27/><U6/><E6/><V78/><F78/><W38/><G38/><T134/><D134/><U53/><E100/><V121/><F121/><W120/><G120/><T44/><D44/><U45/><E30/><V108/><F108/><N who="1" m="41513" /><E29/><V55/><F55/><W113/><G113/><T49/><D37/><U61/><E31/><N who="2" m="17807" /><F5/><N who="3" m="3471" /><G118/><T23/><D9/><U25/><E25/><V65/><F65/><W69/><G69/><T126/><D126/><U70/><E70/><V94/><F86/><AGARI ba="0,0" hai="20,22,73,76,81,86,89,95,98,103,104" m="3471" machi="86" ten="30,1500,0" yaku="24,1" doraHai="129" who="3" fromWho="2" sc="292,0,272,0,270,-15,166,15" />
</Scene>
<Scene>
<INIT seed="3,1,0,3,1,14" ten="292,272,255,181" oya="3" hai0="95,1,63,28,76,26,74,121,3,70,128,33,81" hai1="13,86,115,82,89,35,22,12,102,31,29,18,62" hai2="93,30,45,87,67,135,105,129,111,116,66,23,88" hai3="106,125,56,80,59,90,39,57,25,64,10,98,2"/><W104/><G39/><T103/><D121/><U107/><E115/><V108/><F116/><W27/><G125/><T46/><D128/><U79/><E35/><V72/><F72/><W92/><G64/><T32/><D32/><U130/><E130/><V78/><F105/><W110/><G110/><N who="2" m="42025" /><F78/><W77/><G2/><T21/><D46/><U65/><E102/><V52/><F129/><W119/><G119/><T85/><D33/><U84/><E107/><V11/><F135/><W48/><G106/><T118/><D118/><U4/><E4/><V71/><F71/><W133/><G133/><T17/><D28/><U69/><REACH who="1" step="1"/><E13/><REACH who="1" ten="292,262,255,181" step="2"/><V122/><F122/><W112/><G112/><T117/><D117/><U6/><E6/><V131/><F131/><W73/><G104/><T41/><D70/><U20/><E20/><V124/><F124/><W75/><G75/><T91/><D1/><U50/><E50/><N who="2" m="28751" /><F11/><W123/><G123/><T134/><D3/><U83/><AGARI ba="1,1" hai="12,18,22,29,31,62,65,69,79,82,83,84,86,89" machi="83" ten="20,5200,0" yaku="1,1,0,1,7,1,52,1,53,0" doraHai="14" doraHaiUra="55" who="1" fromWho="1" sc="292,-14,262,65,255,-14,181,-27" owari="278,8.0,327,43.0,241,-16.0,154,-35.0" />
</Scene>
</mjloggm>