<mjloggm ver="2.3"><GO type="169" lobby="0"/><UN n0="%E3%82%80%E3%81%A8%E3%81%85%E3%83%BC" n1="%E5%A4%AA%E3%81%8F%E3%81%AA%E3%81%84%E3%81%8A" n2="%E6%B9%8A%E3%81%AE%E9%87%A3%E5%B8%AB" n3="%E2%98%85%E3%83%86%E3%82%AF%E3%83%8E%E3%83%8F%E3%82%A6%E3%82%B9%E2%98%85" dan="16,17,16,16" rate="2034.09,2163.12,2070.05,2021.76" sx="M,M,M,M"/><TAIKYOKU oya="0"/>

<Scene>
<INIT seed="0,0,0,0,0,20" ten="250,250,250,250" oya="0" hai0="55,10,122,102,74,49,51,34,2,57,90,129,47" hai1="31,104,27,103,14,82,125,133,37,94,75,99,54" hai2="121,119,26,6,28,64,29,126,88,134,91,85,101" hai3="56,112,45,43,71,135,46,7,38,87,106,65,76"/><T23/><D34/><U128/><E37/><V35/><F134/><W41/><G106/><T110/><D122/><U62/><E133/><V132/><F132/><W18/><G135/><T116/><D116/><U12/><E128/><V79/><F121/><W97/><G112/><T39/><D39/><U61/><E125/><V114/><F114/><W95/><G7/><T68/><D68/><U16/><E104/><V127/><F101/><W81/><G71/><T5/><D129/><U3/><E3/><V24/><F64/><W78/><G18/><T70/><D70/><U108/><E108/><V93/><F6/><W63/><G78/><T72/><D102/><U123/><E123/><V9/><F9/><W113/><G113/><T98/><D110/><U60/><E54/><V117/><F79/><W21/><G21/><T84/><D98/><U111/><E111/><V42/><F42/><N who="3" m="15883" /><G38/><T105/><D105/><U1/><E1/><V69/><F69/><W11/><G11/><T130/><D130/><U96/><E96/><V86/><F93/><W19/><G19/><T77/><D77/><U8/><E75/><V67/><F67/><W131/><G131/><T17/><D47/><U25/><E31/><V107/><F107/><W15/><G15/><T58/><D58/><U22/><E82/><V124/><F124/><W92/><G92/><N who="0" m="54343" /><D49/><U30/><E30/><V73/><F35/><W59/><G56/><T120/><D120/><U32/><E32/><V0/><F0/><W89/><AGARI ba="0,0" hai="45,46,59,63,65,76,81,87,89,95,97" m="15883" machi="89" ten="30,1100,0" yaku="8,1" doraHai="20" who="3" fromWho="3" sc="250,-5,250,-3,250,-3,250,11" />
</Scene>
<Scene>
<INIT seed="1,0,0,0,4,96" ten="245,247,247,261" oya="1" hai0="122,82,103,79,8,48,85,69,40,15,30,11,65" hai1="49,121,23,125,45,58,133,37,10,55,119,43,126" hai2="21,5,33,98,114,80,118,110,26,131,14,1,34" hai3="63,130,108,75,61,52,9,68,76,29,132,18,71"/><U4/><E121/><V129/><F118/><W12/><G130/><N who="2" m="49673" /><F80/><W66/><G132/><T135/><D135/><U3/><E133/><V36/><F36/><W77/><G75/><T38/><D38/><U74/><E119/><V123/><F123/><W86/><G108/><T116/><D116/><U13/><REACH who="1" step="1"/><E74/><REACH who="1" ten="245,237,247,261" step="2"/><V78/><F110/><W25/><G86/><N who="0" m="48479" /><D122/><U93/><E93/><V94/><F114/><W115/><G115/><T41/><D85/><U51/><E51/><V7/><F94/><W128/><G128/><T100/><D48/><U54/><E54/><V0/><F98/><W28/><G52/><T102/><D65/><U17/><AGARI ba="0,1" hai="3,4,10,13,17,23,37,43,45,49,55,58,125,126" machi="17" ten="30,6000,0" yaku="1,1,0,1,53,1" doraHai="96" doraHaiUra="39" who="1" fromWho="1" sc="245,-20,237,70,247,-20,261,-20" />
</Scene>
<Scene>
<INIT seed="1,1,0,5,2,5" ten="225,307,227,241" oya="1" hai0="26,14,44,35,124,3,100,109,87,126,115,0,96" hai1="72,61,67,71,93,74,63,128,79,64,82,110,123" hai2="1,94,90,98,85,18,53,49,27,52,31,58,11" hai3="76,78,42,38,36,135,97,116,41,83,88,34,43"/><U62/><E123/><V92/><F53/><W121/><G121/><T131/><D115/><U112/><E112/><V56/><F1/><W8/><G34/><T73/><D73/><U103/><E128/><V25/><F58/><W89/><G135/><T55/><D131/><U132/><E132/><V22/><F11/><W108/><G108/><T37/><D87/><U127/><E127/><N who="0" m="48681" /><D14/><U113/><E113/><V118/><F118/><W102/><G116/><T117/><D117/><U51/><E110/><V70/><F70/><W99/><G83/><T39/><D109/><U80/><E51/><V65/><F65/><W105/><G105/><T47/><D47/><U114/><E114/><V106/><F106/><W30/><G30/><N who="0" m="19927" /><D55/><U84/><E80/><V6/><F6/><W4/><G4/><T130/><D130/><U23/><E23/><V9/><F9/><W122/><G122/><T33/><D33/><U57/><REACH who="1" step="1"/><E63/><REACH who="1" ten="225,297,227,241" step="2"/><V129/><F129/><W81/><G81/><T60/><D60/><U86/><E86/><V50/><F50/><W24/><G38/><T28/><D39/><U75/><E75/><V20/><F98/><AGARI ba="1,1" hai="57,61,62,64,67,71,72,74,79,82,84,93,98,103" machi="98" ten="40,3900,0" yaku="1,1,53,1" doraHai="5" doraHaiUra="91" who="1" fromWho="2" sc="225,0,297,52,227,-42,241,0" />
</Scene>
<Scene>
<INIT seed="1,2,0,4,4,92" ten="225,349,185,241" oya="1" hai0="128,5,95,24,69,107,63,53,31,20,91,77,115" hai1="110,54,18,4,114,23,132,127,74,48,78,51,76" hai2="46,14,75,39,81,8,21,34,50,93,82,133,80" hai3="65,129,123,61,67,15,43,11,64,13,40,113,119"/><U72/><E114/><V70/><F70/><W89/><G123/><T111/><D107/><U87/><E4/><V9/><F39/><W10/><G113/><T79/><D115/><U49/><E132/><V35/><F133/><W22/><G129/><T97/><D111/><U19/><E127/><V102/><F75/><W135/><G135/><T17/><D128/><U16/><E110/><V122/><F122/><W124/><G124/><T96/><D5/><U29/><E54/><V117/><F117/><W116/><G61/><T100/><D31/><U37/><E37/><V62/><F62/><W56/><G56/><N who="0" m="35215" /><D69/><U101/><E101/><V32/><F21/><W33/><G89/><N who="0" m="55407" /><D79/><U36/><E36/><V125/><F125/><W121/><G33/><T83/><D77/><U30/><E78/><V42/><REACH who="2" step="1"/><F14/><REACH who="2" ten="225,349,175,241" step="2"/><W118/><G121/><T85/><D100/><U41/><E72/><V109/><F109/><W120/><G120/><T58/><D20/><U94/><E23/><V28/><F28/><W57/><G22/><T38/><D38/><U106/><E74/><V59/><F59/><W12/><G57/><T25/><D58/><U3/><E30/><V131/><F131/><W68/><REACH who="3" step="1"/><G68/><REACH who="3" ten="225,349,175,231" step="2"/><T1/><D25/><U105/><E29/><V47/><F47/><W86/><G86/><T60/><D24/><U88/><E87/><V55/><F55/><W112/><G112/><T27/><D85/><U52/><E52/><V7/><F7/><W66/><N who="3" m="16384" /><DORA hai="98" /><W90/><G90/><T0/><D91/><U104/><E88/><V108/><F108/><W134/><G134/><RYUUKYOKU ba="2,2" sc="225,-15,349,-15,175,15,231,15" hai2="8,9,32,34,35,42,46,50,80,81,82,93,102" hai3="10,11,12,13,15,40,43,116,118,119" />
</Scene>
<Scene>
<INIT seed="2,3,2,0,1,132" ten="210,334,190,246" oya="2" hai0="36,83,31,134,67,120,98,117,74,12,95,56,90" hai1="64,9,128,26,106,107,38,35,8,2,48,7,102" hai2="21,79,22,18,66,40,24,62,70,127,28,4,5" hai3="6,19,61,81,0,68,15,37,54,16,57,100,23"/><V130/><F127/><W118/><G118/><T76/><D120/><U96/><E128/><V109/><F130/><W51/><G37/><T126/><D134/><U121/><E121/><V99/><F79/><W71/><G100/><T105/><D36/><U53/><E38/><V115/><F115/><W93/><G6/><T97/><D126/><U131/><E131/><V104/><F40/><W112/><G0/><T45/><D45/><U11/><E107/><V84/><F84/><W30/><G30/><T42/><D42/><U91/><E91/><V94/><F104/><W135/><G135/><T43/><D43/><U86/><E86/><V92/><F109/><W58/><G81/><T133/><D133/><U20/><E64/><V10/><F10/><W17/><G112/><T108/><D108/><U129/><E35/><V41/><F41/><W78/><G78/><T113/><D113/><U119/><E119/><V69/><F70/><W122/><G122/><T110/><D110/><U82/><E82/><V47/><F47/><W25/><G93/><T13/><D31/><U123/><E123/><V34/><F34/><W50/><G19/><T33/><D33/><U1/><E1/><V85/><F85/><W89/><G89/><T72/><D72/><U55/><E129/><V3/><F3/><W39/><G39/><T29/><D29/><N who="1" m="17607" /><E55/><V44/><F44/><W101/><G101/><T111/><D111/><U32/><E32/><V114/><F114/><W46/><G46/><T65/><D117/><U124/><E124/><V116/><F116/><W103/><G71/><T75/><D75/><RYUUKYOKU ba="3,2" sc="210,-10,334,30,190,-10,246,-10" hai1="2,7,8,9,11,48,53,96,102,106" />
</Scene>
<Scene>
<INIT seed="3,4,2,5,0,16" ten="200,364,180,236" oya="3" hai0="45,131,114,127,15,86,22,63,87,50,29,123,58" hai1="21,46,101,93,73,103,10,80,85,69,23,26,116" hai2="7,53,4,90,132,32,66,129,135,125,134,59,51" hai3="88,113,108,42,71,13,112,126,121,82,43,96,89"/><W109/><G71/><T35/><D123/><U60/><E73/><V33/><F125/><W92/><G126/><T30/><D127/><U62/><E116/><V38/><F129/><W6/><G121/><T110/><D110/><N who="3" m="42601" /><G6/><N who="2" m="2089" /><F38/><W5/><G5/><T3/><D3/><U18/><E69/><V39/><F39/><W120/><G13/><T115/><D35/><N who="2" m="13386" /><F90/><W9/><G9/><T52/><D131/><U40/><E10/><V104/><F66/><W31/><G31/><T75/><D75/><U74/><E74/><V44/><F104/><W99/><G120/><T72/><D72/><U106/><E106/><V41/><F59/><W124/><G124/><T65/><D30/><N who="1" m="17743" /><E46/><V57/><F57/><W97/><G82/><T28/><D28/><U24/><E40/><AGARI ba="4,2" hai="40,41,44,51,53,132,134,135" m="13386,2089" machi="40" ten="40,1300,0" yaku="20,1" doraHai="16" who="2" fromWho="1" sc="200,0,364,-25,180,45,236,0" />
</Scene>
<Scene>
<INIT seed="4,0,0,3,1,121" ten="200,339,225,236" oya="0" hai0="101,23,49,7,128,70,42,72,44,105,76,0,82" hai1="4,75,92,127,54,62,88,53,107,27,100,13,106" hai2="129,73,78,31,29,22,102,39,109,20,83,96,115" hai3="47,36,34,37,11,8,12,81,89,17,112,24,84"/><T30/><D128/><U21/><E75/><V18/><F129/><W99/><G112/><T118/><D118/><U123/><E123/><V41/><F115/><W3/><G3/><T103/><D70/><U16/><E127/><V25/><F109/><W51/><G11/><T6/><D105/><U33/><E100/><V52/><F22/><W1/><G1/><T98/><D98/><N who="1" m="57607" /><E33/><V63/><F41/><W113/><G113/><T124/><D124/><U135/><E135/><V40/><F40/><W45/><G45/><T32/><D32/><U64/><E107/><V97/><F39/><W15/><G15/><T116/><D116/><U134/><E106/><V2/><F2/><W122/><G122/><T10/><REACH who="0" step="1"/><D7/><REACH who="0" ten="190,339,225,236" step="2"/><U125/><E125/><V95/><F97/><W58/><G34/><T66/><D66/><U108/><E134/><V9/><F96/><W85/><G99/><T131/><D131/><U57/><E108/><V91/><F102/><W111/><G111/><T35/><D35/><U69/><E69/><V28/><F95/><W26/><G37/><T38/><D38/><U94/><E94/><V132/><F132/><W77/><G36/><T67/><D67/><U119/><E119/><V50/><F83/><N who="3" m="49343" /><G58/><T110/><D110/><U55/><E4/><V114/><F114/><W61/><G61/><T43/><D43/><AGARI ba="0,1" hai="8,12,17,24,26,43,47,51,77,81,84" m="49343" machi="43" ten="30,1000,0" yaku="8,1" doraHai="121" who="3" fromWho="0" sc="190,-10,339,0,225,0,236,20" />
</Scene>
<Scene>
<INIT seed="5,0,0,4,0,45" ten="180,339,225,256" oya="1" hai0="17,103,90,40,46,132,87,79,27,8,77,82,15" hai1="83,88,112,109,59,74,84,14,93,61,2,122,97" hai2="133,47,114,113,117,70,16,13,64,80,11,25,128" hai3="126,56,53,106,100,37,30,58,75,1,72,5,104"/><U123/><E2/><V130/><F117/><W62/><G37/><T67/><D132/><U115/><E109/><V34/><F133/><W99/><G126/><T69/><D103/><U29/><E29/><N who="2" m="19759" /><F80/><W51/><G106/><T110/><D110/><U26/><E26/><V55/><F64/><W65/><REACH who="3" step="1"/><G30/><REACH who="3" ten="180,339,225,246" step="2"/><T4/><D69/><U48/><E122/><V33/><F70/><W96/><G96/><T9/><D67/><U125/><E123/><V32/><F32/><W31/><G31/><T42/><D42/><U135/><E125/><V134/><F33/><W52/><G52/><T7/><D7/><U63/><E97/><V131/><F134/><W118/><G118/><T107/><D107/><U86/><E135/><V105/><F105/><W24/><G24/><T85/><D85/><U50/><E86/><V43/><F55/><W92/><G92/><T28/><D28/><U94/><E93/><V6/><F6/><W95/><G95/><T76/><D27/><U121/><E94/><V60/><F60/><W36/><G36/><AGARI ba="0,1" hai="11,13,16,36,43,47,113,114,128,130,131" m="19759" machi="36" ten="40,2600,0" yaku="19,1,54,1" doraHai="45" who="2" fromWho="3" sc="180,0,339,0,225,36,246,-26" />
</Scene>
<Scene>
<INIT seed="6,0,0,5,5,121" ten="180,339,261,220" oya="2" hai0="53,41,0,47,91,38,58,45,130,88,2,54,14" hai1="115,134,35,117,127,15,107,46,133,105,131,21,50" hai2="78,75,28,122,99,92,57,65,126,18,116,76,6" hai3="80,109,85,32,96,93,29,19,8,69,90,86,51"/><V64/><F122/><W108/><G69/><T123/><D123/><U56/><E117/><V104/><F116/><W26/><G85/><T66/><D66/><U124/><E35/><V30/><F104/><N who="1" m="40009" /><E115/><V111/><F126/><N who="1" m="48169" /><E56/><V5/><F18/><W114/><G114/><T129/><D14/><U73/><E73/><V101/><F75/><W71/><G71/><T82/><D45/><U17/><E131/><N who="0" m="50185" /><D53/><AGARI ba="0,0" hai="15,17,21,46,50,53,133,134" m="48169,40009" machi="53" ten="30,1000,0" yaku="18,1" doraHai="121" who="1" fromWho="0" sc="180,-10,339,10,261,0,220,0" />
</Scene>
<Scene>
<INIT seed="7,0,0,5,4,83" ten="170,349,261,220" oya="3" hai0="31,4,71,102,3,114,8,96,115,107,50,2,11" hai1="1,10,123,38,17,66,84,46,111,13,97,68,100" hai2="18,27,26,52,34,75,58,48,39,36,16,81,95" hai3="42,30,49,53,132,98,23,101,110,125,51,99,76"/><W117/><G117/><T67/><D31/><U14/><E111/><V60/><F34/><W121/><G121/><T41/><D50/><U85/><E123/><V106/><F106/><W88/><G110/><T133/><D41/><U116/><E1/><V92/><F75/><W78/><G132/><T37/><D37/><U135/><E135/><V9/><F81/><W19/><G30/><T24/><D24/><N who="2" m="9258" /><F39/><W0/><G0/><T80/><D80/><U126/><E116/><V29/><F36/><W15/><G42/><T73/><D133/><U70/><E126/><V28/><F28/><W6/><G6/><T55/><D55/><U21/><E38/><V33/><F33/><W72/><G72/><T87/><D87/><U54/><E68/><V124/><F124/><W56/><G125/><T103/><D103/><U79/><E79/><V61/><F29/><W120/><G120/><T108/><D108/><U82/><E82/><V86/><F95/><W35/><G35/><T127/><D127/><U22/><E70/><V130/><F130/><W129/><G129/><T89/><D89/><U131/><E131/><V90/><F9/><W20/><G51/><T113/><D73/><U57/><E10/><V119/><F119/><W65/><G101/><T7/><REACH who="0" step="1"/><D115/><REACH who="0" ten="160,349,261,220" step="2"/><U109/><E100/><V43/><F43/><W93/><G23/><T64/><D64/><U47/><E22/><V69/><F69/><W62/><G99/><T74/><D74/><U40/><E21/><V118/><F118/><W134/><G134/><T63/><AGARI ba="0,1" hai="2,3,4,7,8,11,63,67,71,96,102,107,113,114" machi="63" ten="30,8000,1" yaku="1,1,0,1,9,1,23,2,53,0" doraHai="83" doraHaiUra="12" who="0" fromWho="0" sc="160,90,349,-20,261,-20,220,-40" owari="250,5.0,329,43.0,241,-16.0,180,-32.0" />
</Scene>
</mjloggm>