<mjloggm ver="2.3"><GO type="97"/><UN n0="%70%61%7A%69%6B%61" n1="%E5%A4%AA%E3%81%8F%E3%81%AA%E3%81%84%E3%81%8A" n2="%4E%2E%4B" n3="%E3%82%A4%E3%83%83%E3%83%86%E3%83%84" dan="14,15,14,13" rate="2038,2047,1950,1821" sx="M,M,M,M"/><TAIKYOKU oya="0"/>

<Scene>
<INIT seed="0,0,0,1,4,49" ten="250,250,250,250" oya="0" hai0="76,97,101,5,67,38,77,123,96,127,22,37,107" hai1="131,121,48,134,59,74,17,108,64,23,126,3,110" hai2="40,14,92,119,87,104,58,83,109,103,26,12,24" hai3="112,7,66,89,62,55,35,8,75,11,2,114,28"/><T29/><D123/><U79/><E121/><V78/><F119/><W34/><G75/><T54/><D67/><U115/><E3/><V20/><F104/><W133/><G133/><T71/><D71/><U81/><E134/><V95/><F109/><N who="1" m="42089" /><E131/><V56/><F40/><W116/><G116/><T65/><D65/><U46/><E126/><V130/><F130/><W135/><G135/><T91/><D127/><U100/><E115/><V44/><F44/><W128/><G128/><T43/><D5/><U25/><E100/><V42/><F42/><W84/><G34/><T19/><D43/><N who="1" m="24671" /><E64/><V47/><F47/><W30/><G30/><T57/><D29/><U99/><E59/><N who="2" m="22571" /><F26/><W60/><G11/><T45/><D45/><U82/><E82/><V69/><F69/><W21/><G35/><T52/><D38/><U51/><E51/><V68/><F68/><W70/><G60/><T113/><D37/><U124/><E124/><V33/><F33/><W106/><G106/><T93/><D113/><U61/><E61/><V102/><F102/><W6/><G6/><T27/><D54/><U80/><E80/><V18/><F103/><W86/><G86/><T1/><D1/><U15/><E99/><V111/><F111/><W13/><G2/><T16/><D19/><U32/><E32/><V0/><F0/><W36/><G36/><T90/><D90/><U120/><E120/><V73/><F73/><W105/><G105/><T41/><D41/><U10/><E25/><V85/><F85/><W39/><G39/><T118/><D118/><U117/><E117/><V98/><F98/><RYUUKYOKU ba="0,0" sc="250,10,250,10,250,10,250,-30" hai0="16,22,27,52,57,76,77,91,93,96,97,101,107" hai1="10,15,17,23,74,79,81" hai2="12,14,18,20,24,78,83,87,92,95" />
</Scene>
<Scene>
<INIT seed="0,1,0,4,2,120" ten="260,260,260,220" oya="0" hai0="130,81,67,62,112,50,105,2,57,78,98,71,100" hai1="75,102,63,91,128,103,21,66,116,82,131,99,19" hai2="55,129,8,45,70,43,135,58,94,107,86,104,64" hai3="59,54,85,106,5,32,48,33,40,28,68,80,114"/><T52/><D112/><U17/><E116/><V101/><F101/><W93/><G106/><T18/><D2/><U134/><E134/><V15/><F135/><W95/><G114/><T47/><D130/><N who="1" m="49707" /><E75/><V126/><F129/><W46/><G68/><T125/><D125/><U10/><E10/><V20/><F126/><W31/><G33/><T111/><D18/><N who="1" m="6667" /><E21/><V6/><F20/><W26/><G31/><T115/><D115/><U41/><E41/><V73/><F73/><W1/><G1/><T123/><D123/><U108/><E108/><V49/><F94/><W133/><G133/><T119/><D119/><U60/><E60/><N who="2" m="40199" /><F86/><W90/><REACH who="3" step="1"/><G5/><REACH who="3" ten="260,260,260,210" step="2"/><T36/><D71/><N who="1" m="42463" /><E99/><V121/><F121/><W72/><G72/><T9/><D36/><AGARI ba="1,1" hai="6,8,15,36,43,45,49,55,58,104,107" m="40199" machi="36" ten="30,1000,0" yaku="24,1" doraHai="120" who="2" fromWho="0" sc="260,-13,260,0,260,23,210,0" /><AGARI ba="1,0" hai="26,28,32,36,40,46,48,54,59,80,85,90,93,95" machi="36" ten="30,2000,0" yaku="1,1,7,1,53,0" doraHai="120" doraHaiUra="56" who="3" fromWho="0" sc="247,-20,260,0,283,0,210,20" />
</Scene>
<Scene>
<INIT seed="1,0,0,5,5,127" ten="227,260,283,230" oya="1" hai0="42,118,32,80,87,107,14,104,101,67,44,75,110" hai1="91,81,4,13,45,103,29,113,74,5,31,109,98" hai2="95,88,11,24,84,36,126,102,82,40,129,6,115" hai3="69,123,70,25,33,47,21,48,49,83,9,28,89"/><U133/><E113/><V93/><F115/><W78/><G123/><T105/><D118/><U35/><E35/><V131/><F126/><W114/><G114/><T52/><D32/><U39/><E133/><V86/><F40/><W65/><G49/><T41/><D67/><U106/><E109/><V100/><F36/><W8/><G89/><T56/><D110/><U116/><E116/><V125/><F125/><W58/><G69/><T68/><D68/><U77/><E4/><V30/><F95/><W53/><G70/><T54/><D75/><U97/><E5/><V23/><F100/><W134/><G134/><T99/><D14/><U20/><E97/><V92/><F102/><W108/><G108/><T38/><D42/><U15/><E39/><V59/><F59/><W94/><G94/><T50/><REACH who="0" step="1"/><D54/><REACH who="0" ten="217,260,283,230" step="2"/><U90/><E13/><V66/><F66/><W43/><G33/><T10/><D10/><U112/><E112/><V63/><F11/><W22/><G65/><T64/><D64/><U27/><E15/><V60/><F6/><W96/><G21/><T19/><D19/><U7/><E7/><V119/><F119/><W135/><G135/><T117/><D117/><U61/><E31/><V121/><F121/><W124/><G124/><T132/><D132/><U16/><E29/><V55/><F55/><W3/><G3/><T85/><D85/><U26/><E16/><V18/><F18/><W72/><G96/><T62/><D62/><N who="2" m="23594" /><F84/><W120/><G120/><T46/><D46/><U130/><E45/><V37/><F37/><W79/><G79/><AGARI ba="0,1" hai="38,41,44,50,52,56,79,80,87,99,101,104,105,107" machi="79" ten="30,3900,0" yaku="1,1,7,1,54,1,53,0" doraHai="127" doraHaiUra="1" who="0" fromWho="3" sc="217,49,260,0,283,0,230,-39" />
</Scene>
<Scene>
<INIT seed="2,0,0,4,2,55" ten="266,260,283,191" oya="2" hai0="65,87,97,82,54,78,51,117,10,80,57,111,58" hai1="91,105,15,75,44,18,114,98,13,11,88,28,60" hai2="6,26,122,17,42,104,47,48,67,134,77,38,101" hai3="40,24,76,126,50,127,95,123,73,19,56,93,102"/><V64/><F122/><W99/><G123/><T120/><D117/><U33/><E114/><V90/><F134/><W110/><G110/><T86/><D111/><U130/><E75/><V36/><F77/><W34/><G73/><T92/><D120/><U20/><E130/><V100/><F6/><W31/><G76/><N who="0" m="46343" /><D10/><U25/><E44/><V85/><F104/><W1/><G1/><T32/><D32/><U59/><E105/><V113/><F113/><W39/><G39/><T45/><D65/><N who="2" m="25162" /><F38/><W135/><G135/><T96/><D96/><U109/><E109/><V22/><F36/><W108/><G108/><T81/><D81/><AGARI ba="0,0" hai="17,22,26,42,47,48,81,85,90,100,101" m="25162" machi="81" ten="30,1500,0" yaku="8,1" doraHai="55" who="2" fromWho="0" sc="266,-15,260,0,283,15,191,0" />
</Scene>
<Scene>
<INIT seed="2,1,0,0,0,114" ten="251,260,298,191" oya="2" hai0="72,111,116,52,20,30,110,37,117,53,92,8,106" hai1="28,65,14,79,24,4,84,10,133,126,46,109,57" hai2="38,131,44,11,130,32,29,35,71,16,87,97,81" hai3="40,122,19,23,128,104,66,21,3,134,63,67,129"/><V108/><F71/><W25/><G3/><T7/><D72/><U55/><E109/><N who="0" m="41481" /><D106/><U90/><E126/><V36/><F108/><W76/><G122/><T124/><D124/><U85/><E133/><V69/><F69/><W42/><G134/><T6/><D37/><U120/><E120/><V93/><F29/><W18/><G104/><T118/><D92/><U50/><E79/><V135/><F135/><W102/><G102/><T101/><D101/><U68/><E68/><V125/><F125/><W123/><G123/><T39/><D39/><U1/><E1/><V75/><F75/><W41/><G76/><T49/><D8/><U107/><E107/><V119/><F119/><W61/><G42/><T127/><D127/><U47/><E65/><V89/><F35/><W33/><G33/><T22/><D53/><U45/><REACH who="1" step="1"/><E90/><REACH who="1" ten="251,250,298,191" step="2"/><V48/><F32/><AGARI ba="1,1" hai="4,10,14,24,28,32,45,46,47,50,55,57,84,85" machi="32" ten="40,2600,0" yaku="1,1,2,1,53,0" doraHai="114" doraHaiUra="103" who="1" fromWho="2" sc="251,0,250,39,298,-29,191,0" />
</Scene>
<Scene>
<INIT seed="3,0,0,1,2,41" ten="251,289,269,191" oya="3" hai0="121,61,81,33,74,91,71,101,123,94,37,67,2" hai1="25,134,16,126,21,105,131,52,19,27,103,7,90" hai2="65,84,56,6,14,79,127,47,99,135,35,83,32" hai3="13,111,12,29,70,46,95,31,112,114,60,80,76"/><W11/><G111/><T73/><D33/><U119/><E126/><V62/><F127/><W115/><G13/><T96/><D2/><U69/><E69/><V55/><F135/><W8/><G8/><T110/><D110/><U34/><E134/><V129/><F129/><W82/><G95/><T54/><D37/><U117/><E131/><V133/><F133/><W122/><G122/><T116/><D116/><N who="1" m="44619" /><E7/><V53/><F99/><W63/><G70/><T124/><D124/><U15/><E34/><V75/><F53/><W3/><G3/><T125/><D125/><U45/><E90/><V0/><F0/><W57/><G82/><T22/><D22/><U132/><E132/><V49/><F75/><W108/><G108/><T107/><D54/><U36/><E19/><V50/><F50/><W59/><G12/><T10/><D10/><U24/><E52/><V88/><REACH who="2" step="1"/><F79/><REACH who="2" ten="251,289,259,191" step="2"/><W68/><G68/><T43/><D73/><U5/><E36/><V78/><F78/><W120/><G120/><T130/><D130/><U77/><E77/><V28/><F28/><N who="3" m="10827" /><G76/><T106/><D123/><U26/><E105/><V20/><F20/><W102/><G102/><T44/><D121/><U9/><E103/><V39/><F39/><W86/><G11/><AGARI ba="0,1" hai="6,11,14,32,35,47,49,55,56,62,65,83,84,88" machi="11" ten="40,5200,0" yaku="1,1,52,1,54,1,53,0" doraHai="41" doraHaiUra="89" who="2" fromWho="3" sc="251,0,289,0,259,62,191,-52" owari="251,-15.0,289,9.0,321,42.0,139,-36.0" />
</Scene>
</mjloggm>