<mjloggm ver="2.3"><GO type="97"/><UN n0="%E5%A4%AA%E3%81%8F%E3%81%AA%E3%81%84%E3%81%8A" n1="%E3%81%B6%E3%83%BC%E3%81%B6%E3%83%BC%E3%81%8D%E3%82%85" n2="%52%65%64%74%72%65%65" n3="%52%41%44%49%41%4E%43%45" dan="13,14,13,15" rate="1944,1868,1819,1987" sx="M,M,M,M"/><TAIKYOKU oya="0"/>

<Scene>
<INIT seed="0,0,0,3,5,82" ten="250,250,250,250" oya="0" hai0="59,47,131,103,27,38,28,10,83,9,42,41,11" hai1="113,91,90,68,120,2,67,117,6,134,56,53,35" hai2="127,5,112,0,104,70,43,23,25,94,15,86,54" hai3="49,32,62,76,21,24,30,64,102,18,78,12,126"/><T13/><D131/><U111/><E117/><V58/><F104/><W81/><G126/><T93/><D42/><U130/><E120/><V119/><F70/><W92/><G49/><T40/><D40/><U14/><E35/><V121/><F112/><W55/><G55/><T39/><D39/><U17/><E2/><V69/><F0/><W89/><G102/><T74/><D59/><U118/><E6/><V132/><F69/><W34/><G34/><T85/><D74/><U100/><E100/><V96/><F127/><W71/><REACH who="3" step="1"/><G81/><REACH who="3" ten="250,250,250,240" step="2"/><T26/><D103/><U31/><E118/><V114/><F119/><W8/><G8/><T65/><D83/><U51/><E67/><V116/><F114/><W87/><AGARI ba="0,1" hai="12,18,21,24,30,32,62,64,71,76,78,87,89,92" machi="87" ten="20,5200,0" yaku="1,1,0,1,7,1,52,1,53,0" doraHai="82" doraHaiUra="52" who="3" fromWho="3" sc="250,-26,250,-13,250,-13,240,62" />
</Scene>
<Scene>
<INIT seed="1,0,0,1,3,49" ten="224,237,237,302" oya="1" hai0="53,73,120,104,60,50,61,90,13,17,9,112,93" hai1="116,83,55,125,10,26,31,12,127,39,23,43,65" hai2="122,51,2,94,108,3,15,29,28,84,110,27,57" hai3="68,69,78,103,45,80,135,92,117,18,71,4,22"/><U128/><E116/><V105/><F105/><W67/><G117/><T33/><D112/><U89/><E65/><V14/><F122/><W36/><G4/><T101/><D73/><U114/><E114/><V74/><F74/><W123/><G123/><T56/><D33/><U62/><E43/><V66/><F66/><W63/><G135/><T52/><D120/><U115/><E39/><V81/><F94/><W113/><G113/><T119/><D119/><U124/><E115/><V86/><F81/><W88/><G103/><T75/><D75/><U70/><E70/><V97/><F97/><W11/><G11/><T16/><D104/><U91/><E83/><V37/><F37/><W21/><G45/><N who="0" m="27727" /><D101/><U79/><E79/><V24/><F51/><W130/><G36/><T38/><D38/><U132/><E132/><V44/><F57/><W59/><G130/><T133/><D133/><U40/><E40/><V99/><F99/><W32/><G32/><T7/><D61/><U48/><E128/><V98/><F98/><AGARI ba="0,0" hai="7,9,13,16,17,53,56,60,90,93,98" m="27727" machi="98" ten="30,8000,1" yaku="8,1,52,2,54,2" doraHai="49" who="0" fromWho="2" sc="224,80,237,0,237,-80,302,0" />
</Scene>
<Scene>
<INIT seed="2,0,0,4,0,37" ten="304,237,157,302" oya="2" hai0="32,100,128,127,131,95,91,60,113,72,76,54,36" hai1="64,52,109,24,29,86,53,61,130,118,30,58,20" hai2="111,10,50,122,90,65,43,14,7,45,98,133,110" hai3="101,57,15,89,59,123,120,87,117,107,49,27,75"/><V48/><F122/><W92/><G117/><T83/><D113/><U80/><E118/><V93/><F133/><W2/><G2/><T81/><D32/><U79/><E130/><N who="0" m="49705" /><D36/><U99/><E109/><N who="2" m="41483" /><F65/><W126/><G27/><T35/><D35/><U33/><E33/><V121/><F121/><W68/><G68/><T28/><D28/><U5/><E5/><V21/><F21/><W42/><G75/><T82/><D100/><U3/><E3/><V78/><F78/><W69/><G69/><T77/><D127/><U46/><E46/><V112/><F50/><W124/><G15/><T4/><D4/><U8/><E8/><V6/><F6/><W62/><G101/><T71/><D77/><U34/><E34/><V31/><F31/><W108/><G107/><T9/><D9/><U41/><E30/><V103/><F103/><W26/><G26/><T85/><D71/><U51/><E51/><V84/><F84/><W0/><G0/><T25/><D25/><U44/><E44/><V116/><F116/><W105/><G105/><T18/><D18/><U114/><E114/><AGARI ba="0,0" hai="7,10,14,43,45,48,90,93,98,112,114" m="41483" machi="114" ten="30,5800,0" yaku="14,1,10,1,52,1" doraHai="37" who="2" fromWho="1" sc="304,0,237,-58,157,58,302,0" />
</Scene>
<Scene>
<INIT seed="2,1,0,5,4,83" ten="304,179,215,302" oya="2" hai0="31,111,14,55,37,0,62,4,134,127,6,34,92" hai1="30,108,106,45,17,67,99,29,3,24,109,60,56" hai2="1,35,27,91,105,107,66,28,125,123,78,52,114" hai3="89,68,74,133,93,48,86,18,57,118,97,49,110"/><V76/><F123/><W130/><G118/><T51/><D37/><U100/><E3/><V84/><F114/><W119/><G119/><T54/><D0/><U81/><E45/><V15/><F1/><W124/><G74/><T94/><D111/><U129/><E129/><V101/><F66/><W112/><G110/><T65/><D127/><U26/><E109/><V39/><F39/><W38/><G38/><T5/><D134/><U63/><E108/><V25/><F125/><W10/><G68/><T58/><D14/><U120/><E120/><V87/><F15/><N who="3" m="7543" /><G124/><T75/><D75/><U95/><E63/><V19/><F101/><N who="3" m="60591" /><G133/><T64/><D31/><U42/><E42/><V121/><F121/><W33/><G33/><T128/><D34/><U21/><E81/><V88/><F35/><W41/><G130/><T7/><D7/><U103/><E106/><V96/><F19/><W8/><G8/><T20/><D20/><U115/><E115/><V71/><F71/><W12/><G12/><T102/><D128/><U50/><E50/><V116/><F116/><W43/><G112/><T22/><D22/><U16/><REACH who="1" step="1"/><E103/><REACH who="1" ten="304,169,215,302" step="2"/><V9/><F9/><W90/><G49/><T32/><D102/><U40/><E40/><V122/><F122/><W36/><G36/><T132/><D132/><U104/><E104/><V82/><F82/><N who="3" m="49367" /><G90/><T73/><D51/><U61/><E61/><V131/><F131/><W69/><G69/><T47/><D62/><U46/><E46/><V113/><F113/><W59/><G41/><T80/><D47/><AGARI ba="1,1" hai="43,47,48,57,59" m="49367,60591,7543" machi="47" ten="30,2000,0" yaku="8,1,52,1" doraHai="83" who="3" fromWho="0" sc="304,-23,169,0,215,0,302,33" />
</Scene>
<Scene>
<INIT seed="3,0,0,1,1,58" ten="281,169,215,335" oya="3" hai0="57,15,4,55,65,50,72,83,46,69,43,108,36" hai1="8,54,62,77,63,38,12,96,37,88,84,31,22" hai2="122,123,74,82,132,27,71,23,80,61,97,113,66" hai3="106,53,59,11,30,56,10,21,127,79,14,112,107"/><W87/><G112/><T89/><D108/><U1/><E1/><V117/><F113/><W3/><G3/><T34/><D34/><U91/><E38/><V76/><F117/><W81/><G127/><T45/><D4/><U64/><E37/><V109/><F109/><W131/><G131/><T101/><D101/><U7/><E77/><V115/><F115/><W134/><G134/><T9/><D46/><U116/><E116/><V20/><F82/><W41/><G41/><T60/><D89/><U48/><E64/><V68/><F132/><W5/><G10/><T111/><D111/><U120/><E120/><V119/><F119/><W49/><G30/><T39/><D39/><U40/><E40/><V78/><F78/><W47/><G21/><T73/><D83/><U105/><E105/><V98/><F20/><W16/><G5/><T92/><D92/><U129/><E129/><V2/><F2/><W95/><G95/><T52/><D55/><U102/><E102/><V0/><F0/><W75/><G75/><T130/><D130/><U86/><E96/><V19/><REACH who="2" step="1"/><F71/><REACH who="2" ten="281,169,205,335" step="2"/><W25/><G81/><T85/><D85/><N who="1" m="32875" /><E22/><V126/><F126/><W118/><G87/><T6/><AGARI ba="0,1" hai="6,9,15,36,43,45,50,52,57,60,65,69,72,73" machi="6" ten="20,12000,2" yaku="0,1,7,1,24,2,52,1,54,1" doraHai="58" who="0" fromWho="0" sc="281,130,169,-30,205,-30,335,-60" owari="411,50.0,139,-36.0,175,-22.0,275,8.0" />
</Scene>
</mjloggm>