<mjloggm ver="2.3"><GO type="97"/><UN n0="%E5%A4%AA%E3%81%8F%E3%81%AA%E3%81%84%E3%81%8A" n1="%44%41%4E%54%45" n2="%E3%83%8B%E3%82%B7%E3%83%A0%E3%83%BC%E3%83%B3" n3="%E7%89%8C%E5%B1%B1%E5%85%AC%E9%96%8B%EF%BC%88%E7%AC%91%EF%BC%89" dan="14,15,15,14" rate="2022,2026,2022,1923" sx="M,M,M,M"/><TAIKYOKU oya="0"/>

<Scene>
<INIT seed="0,0,0,0,5,97" ten="250,250,250,250" oya="0" hai0="129,50,14,36,42,132,89,59,125,83,113,86,33" hai1="94,30,57,17,118,38,131,73,6,32,71,127,134" hai2="103,90,46,117,54,31,55,84,40,23,49,43,130" hai3="69,8,63,108,27,60,124,7,128,66,64,99,92"/><T47/><D113/><U95/><E71/><V41/><F130/><W112/><G128/><T87/><D129/><U96/><E131/><V48/><F117/><W107/><G124/><T58/><D125/><U12/><E127/><V15/><F103/><W26/><G107/><T75/><D132/><U79/><E38/><V101/><F101/><W21/><G108/><T44/><D33/><U106/><E6/><V19/><F31/><W111/><G111/><T13/><D75/><U93/><E106/><V53/><REACH who="2" step="1"/><F46/><REACH who="2" ten="250,250,240,250" step="2"/><W16/><G112/><T88/><D47/><U120/><E118/><V1/><F1/><W78/><G78/><T68/><D68/><U37/><E79/><V123/><F123/><W3/><G69/><T2/><D2/><U67/><E120/><V109/><F109/><W52/><G66/><T122/><D122/><U34/><E67/><V105/><F105/><W35/><G64/><T121/><D121/><U18/><E57/><N who="0" m="21513" /><D36/><U10/><E37/><V119/><F119/><W104/><G104/><T81/><AGARI ba="0,1" hai="13,14,42,44,50,81,83,86,87,88,89" m="21513" machi="81" ten="30,3000,0" yaku="8,1,54,1" doraHai="97" who="0" fromWho="0" sc="250,40,250,-10,240,-10,250,-10" />
</Scene>
<Scene>
<INIT seed="0,1,0,4,5,62" ten="290,240,230,240" oya="0" hai0="88,57,86,112,81,39,24,27,48,92,26,18,94" hai1="109,11,75,103,54,77,93,2,99,130,67,55,113" hai2="45,60,128,15,56,127,97,105,25,34,17,114,101" hai3="74,85,95,32,122,6,40,41,20,59,111,7,80"/><T116/><D116/><U70/><E109/><V66/><F114/><W108/><G74/><T89/><D112/><U119/><E113/><V65/><F128/><W129/><G129/><T3/><D39/><U13/><E130/><V19/><F127/><W9/><G32/><T53/><D3/><U14/><E119/><V72/><F72/><W79/><G122/><T133/><D133/><U91/><E2/><V47/><F65/><W36/><G20/><T16/><D81/><U51/><E77/><V107/><F107/><W8/><G59/><T98/><AGARI ba="1,0" hai="16,18,24,26,27,48,53,57,86,88,89,92,94,98" machi="98" ten="30,11700,0" yaku="0,1,8,1,54,2" doraHai="62" who="0" fromWho="0" sc="290,120,240,-40,230,-40,240,-40" />
</Scene>
<Scene>
<INIT seed="0,2,0,3,3,39" ten="410,200,190,200" oya="0" hai0="134,83,102,79,32,73,74,56,131,47,23,72,92" hai1="45,30,115,58,35,77,68,20,37,63,106,95,11" hai2="48,6,19,71,96,51,122,114,15,55,118,22,13" hai3="116,34,108,85,41,128,0,103,4,101,43,14,29"/><T78/><D32/><U135/><E106/><V16/><F122/><W76/><G128/><T97/><D131/><U50/><E35/><V125/><F71/><W93/><G108/><T110/><D134/><U9/><E68/><V130/><F114/><W5/><G0/><T94/><D110/><U109/><E37/><V26/><F130/><W82/><G34/><T91/><D56/><U52/><E109/><V59/><F118/><W100/><G29/><T123/><D23/><U17/><E30/><V119/><F119/><W70/><G70/><T120/><D47/><U105/><E105/><V7/><F125/><W65/><G65/><T84/><D79/><U3/><E135/><V1/><F1/><W53/><G116/><T126/><D126/><U54/><E115/><V24/><F96/><AGARI ba="2,0" hai="72,73,74,78,83,84,91,92,94,96,97,102,120,123" machi="96" ten="40,7700,0" yaku="34,3" doraHai="39" who="0" fromWho="2" sc="410,83,200,0,190,-83,200,0" />
</Scene>
<Scene>
<INIT seed="0,3,0,4,5,12" ten="493,200,107,200" oya="0" hai0="49,5,3,119,34,116,27,55,96,22,101,123,64" hai1="109,54,104,47,24,51,57,0,122,63,37,106,19" hai2="25,81,130,94,112,59,75,11,80,65,129,125,73" hai3="114,13,53,26,91,115,83,100,2,28,99,33,87"/><T44/><D123/><U78/><E122/><V85/><F11/><W84/><G2/><T105/><D34/><U9/><E37/><V4/><F4/><W82/><G53/><T56/><D5/><U14/><E0/><V7/><F7/><W50/><G50/><T18/><D3/><U95/><E109/><V110/><F25/><W90/><REACH who="3" step="1"/><G13/><REACH who="3" ten="493,200,107,190" step="2"/><T97/><D49/><U98/><E24/><V39/><F39/><W29/><G29/><T113/><D55/><U30/><E30/><V1/><F1/><W72/><G72/><T76/><D27/><U23/><E9/><V107/><F110/><W111/><G111/><T46/><D119/><U124/><E124/><V58/><F125/><W38/><G38/><T134/><D116/><U108/><E108/><V41/><F65/><W71/><G71/><T131/><D64/><U118/><E118/><V117/><F117/><W20/><G20/><T21/><D22/><U67/><REACH who="1" step="1"/><E78/><REACH who="1" ten="493,190,107,190" step="2"/><V10/><F129/><W132/><G132/><T103/><D76/><U135/><E135/><V128/><F128/><W17/><G17/><T61/><D134/><U88/><AGARI ba="3,2" hai="14,19,23,47,51,54,57,63,67,88,95,98,104,106" machi="88" ten="20,12000,2" yaku="1,1,0,1,7,1,52,1,54,1,53,1" doraHai="12" doraHaiUra="52" who="1" fromWho="1" sc="493,-63,190,149,107,-33,190,-33" />
</Scene>
<Scene>
<INIT seed="1,0,0,2,5,105" ten="430,339,74,157" oya="1" hai0="89,131,9,8,11,75,125,7,115,129,54,32,37" hai1="50,117,63,124,31,4,66,121,116,35,92,13,0" hai2="36,78,90,55,81,126,122,20,53,76,65,46,51" hai3="45,104,83,72,101,44,103,80,112,70,21,43,39"/><U67/><E121/><V33/><F33/><W57/><G70/><T68/><D115/><U26/><E0/><V41/><F122/><W27/><G112/><T49/><D68/><U58/><E124/><V74/><F126/><W99/><G103/><T102/><D37/><U23/><E67/><V88/><F65/><W113/><G113/><T62/><D32/><U30/><E92/><V96/><F76/><W19/><G72/><T14/><D125/><U25/><REACH who="1" step="1"/><E50/><REACH who="1" ten="430,329,74,157" step="2"/><V61/><F36/><W114/><G114/><T82/><D49/><U29/><E29/><V47/><F51/><W28/><G45/><T118/><D129/><U93/><E93/><V64/><F47/><W107/><G107/><T10/><D131/><U48/><E48/><V108/><F46/><W123/><G123/><T128/><D128/><U79/><E79/><V106/><F78/><W6/><G57/><T109/><D118/><U71/><E71/><V85/><F106/><W100/><G28/><T38/><D38/><U130/><E130/><V15/><F41/><W16/><G104/><T22/><D7/><U120/><E120/><V95/><F64/><W134/><G6/><T73/><D62/><U94/><E94/><V42/><F61/><W59/><G59/><T52/><D54/><U132/><E132/><V18/><F42/><W133/><G134/><T17/><D52/><U135/><E135/><V84/><F53/><W5/><G133/><T60/><D60/><U69/><E69/><V56/><F55/><W111/><G39/><T127/><D127/><U110/><E110/><V40/><F56/><RYUUKYOKU ba="0,1" sc="430,-10,329,30,74,-10,157,-10" hai1="4,13,23,25,26,30,31,35,58,63,66,116,117" />
</Scene>
<Scene>
<INIT seed="1,1,1,0,2,23" ten="420,359,64,147" oya="1" hai0="52,62,22,38,73,117,19,80,90,111,120,30,59" hai1="116,32,75,8,127,46,18,69,115,7,134,81,108" hai2="60,65,63,130,123,17,87,132,64,20,35,104,91" hai3="10,124,96,47,31,4,48,34,85,92,67,103,43"/><U119/><E69/><V44/><F123/><W86/><G124/><T121/><D117/><N who="1" m="45131" /><E46/><V72/><F72/><W49/><G67/><T56/><D111/><U55/><E81/><V129/><F35/><W114/><G114/><T122/><D38/><U57/><E75/><V28/><F28/><W26/><REACH who="3" step="1"/><G49/><REACH who="3" ten="420,359,64,137" step="2"/><T6/><D121/><U2/><E115/><V9/><F65/><W25/><G25/><T13/><D120/><U53/><E127/><V16/><F64/><W78/><G78/><T50/><D122/><U110/><E108/><V37/><F37/><W39/><G39/><T112/><D50/><U79/><E110/><V14/><F129/><W42/><G42/><T61/><D112/><U36/><E79/><V54/><F130/><W84/><G84/><T1/><D73/><U102/><E36/><V133/><F133/><W131/><G131/><T98/><D61/><U109/><E109/><V77/><F77/><W83/><G83/><T15/><D80/><U105/><E55/><V107/><F132/><W94/><G94/><T45/><D52/><U88/><E53/><V24/><F63/><W5/><G5/><T89/><D6/><U58/><E7/><V76/><F76/><W93/><G93/><T95/><D95/><U118/><E134/><V101/><F60/><W21/><G21/><T27/><D22/><U74/><E118/><V29/><F54/><W99/><G99/><T40/><D98/><U0/><E74/><V125/><F125/><W106/><G106/><T11/><D62/><U126/><E105/><V135/><F107/><W70/><G70/><RYUUKYOKU ba="1,2" sc="420,-10,359,-10,64,-10,137,30" hai3="4,10,26,31,34,43,47,48,85,86,92,96,103" />
</Scene>
<Scene>
<INIT seed="2,2,2,0,0,133" ten="410,349,54,167" oya="2" hai0="64,47,20,82,91,50,101,130,85,44,33,51,78" hai1="54,69,40,67,34,61,12,16,3,11,9,131,80" hai2="89,124,59,14,65,111,43,19,35,120,57,122,13" hai3="128,26,37,110,0,77,38,31,93,81,10,99,103"/><V112/><F112/><W58/><G128/><T60/><D33/><U95/><E34/><V92/><F35/><W5/><G110/><T63/><D130/><U118/><E131/><V2/><F2/><W83/><G83/><T125/><D101/><U126/><E118/><V107/><F107/><W28/><G58/><N who="2" m="22025" /><F65/><W87/><REACH who="3" step="1"/><G31/><REACH who="3" ten="410,349,54,157" step="2"/><T116/><D82/><U96/><E80/><V42/><F111/><W113/><G113/><T39/><D116/><U129/><E129/><V79/><F120/><W97/><G97/><T88/><D64/><U56/><E67/><V72/><F122/><W73/><G73/><T55/><D85/><U22/><E96/><N who="2" m="57359" /><F72/><W74/><G74/><T36/><D78/><U46/><E69/><V121/><F121/><W90/><G90/><T24/><D88/><U115/><E115/><V62/><F79/><W84/><G84/><T49/><D91/><U75/><E75/><V6/><F62/><W114/><G114/><T27/><D60/><U117/><E61/><V21/><F124/><W100/><G100/><T68/><D125/><U106/><E126/><V123/><F123/><W98/><G98/><T52/><D68/><U4/><E117/><V135/><F135/><W71/><G71/><T119/><D119/><U23/><E106/><V25/><F6/><W30/><G30/><T86/><D63/><U66/><E4/><V134/><F134/><W15/><G15/><AGARI ba="2,3" hai="13,14,15,19,21,25,42,43" m="57359,22025" machi="15" ten="30,1500,0" yaku="8,1" doraHai="133" who="2" fromWho="3" sc="410,0,349,0,54,51,157,-21" />
</Scene>
<Scene>
<INIT seed="2,3,0,1,2,77" ten="410,349,105,136" oya="2" hai0="99,7,101,15,10,32,78,47,54,88,16,41,30" hai1="85,133,34,119,18,121,23,80,0,61,106,9,135" hai2="29,120,60,39,70,44,115,38,5,73,24,50,68" hai3="75,43,111,107,92,26,112,3,4,127,95,52,6"/><V25/><F120/><W33/><G75/><T102/><D78/><N who="1" m="46231" /><E119/><V89/><F115/><W128/><G112/><T124/><D124/><U110/><E34/><V57/><F73/><W76/><G107/><T84/><D54/><U91/><E106/><V93/><F5/><W87/><G127/><T53/><D53/><U67/><E91/><V130/><F130/><W1/><G128/><T98/><D30/><U109/><E121/><V104/><F104/><W20/><G111/><N who="1" m="42506" /><E9/><V132/><F132/><W82/><G33/><T100/><D32/><U74/><E0/><V28/><F68/><W11/><G43/><T79/><D79/><U21/><E74/><V114/><F70/><W62/><G4/><T12/><D41/><U46/><E46/><V22/><F114/><W19/><G3/><T35/><D47/><U65/><E23/><N who="2" m="15391" /><F39/><W131/><REACH who="3" step="1"/><G131/><REACH who="3" ten="410,349,105,126" step="2"/><T40/><D40/><U48/><E135/><V69/><F38/><W17/><G17/><T71/><D35/><U108/><E133/><V49/><F44/><W36/><G36/><T125/><D125/><U126/><E126/><V64/><F69/><W134/><G134/><T45/><D45/><U8/><E108/><V56/><F56/><AGARI ba="3,1" hai="1,6,11,19,20,26,52,56,62,76,82,87,92,95" machi="56" ten="40,5200,0" yaku="1,1,52,1,54,1,53,0" doraHai="77" doraHaiUra="96" who="3" fromWho="2" sc="410,0,349,0,105,-61,126,71" />
</Scene>
<Scene>
<INIT seed="3,0,0,0,1,93" ten="410,349,44,197" oya="3" hai0="108,83,125,13,70,26,71,122,96,63,56,20,49" hai1="45,133,15,64,75,18,50,91,131,37,1,14,130" hai2="4,3,9,78,116,107,2,19,42,135,27,127,129" hai3="59,73,35,90,53,58,32,30,11,128,118,102,117"/><W79/><G128/><N who="1" m="49194" /><E133/><V54/><F42/><W132/><G132/><T134/><D122/><U89/><E1/><N who="2" m="11" /><F54/><W0/><G79/><T68/><D134/><U60/><E37/><V29/><F78/><W101/><G73/><T100/><D108/><U110/><E75/><V109/><F107/><W87/><G0/><T67/><D125/><U86/><E110/><V23/><F109/><W51/><G11/><T43/><D83/><N who="1" m="49375" /><E91/><V82/><F82/><W52/><G30/><N who="0" m="17735" /><D13/><U12/><E18/><V24/><F116/><W77/><G77/><T103/><D103/><U6/><E6/><V80/><F80/><W123/><G90/><T47/><D71/><N who="1" m="42375" /><E12/><N who="2" m="5159" /><F127/><W8/><G123/><T120/><D120/><U65/><E65/><V119/><F119/><W72/><G72/><T28/><D28/><U33/><E33/><N who="2" m="20671" /><F135/><W17/><G87/><T106/><D70/><U114/><E114/><V34/><F129/><W99/><G118/><T16/><D68/><U112/><E112/><V81/><F81/><W31/><G117/><T10/><D67/><U38/><E38/><V36/><F36/><W88/><G102/><T84/><D100/><U44/><E44/><V92/><F92/><N who="3" m="56711" /><G101/><T48/><D106/><U97/><E97/><V74/><F74/><W121/><G121/><T21/><D96/><U46/><E46/><V41/><F41/><AGARI ba="0,0" hai="14,15,41,45,50" m="42375,49375,49194" machi="41" ten="30,1000,0" yaku="19,1" doraHai="93" who="1" fromWho="2" sc="410,0,349,10,44,-10,197,0" owari="410,51.0,359,16.0,34,-47.0,197,-20.0" />
</Scene>
</mjloggm>