<mjloggm ver="2.3"><GO type="97"/><UN n0="%E5%A4%AA%E3%81%8F%E3%81%AA%E3%81%84%E3%81%8A" n1="%E3%82%A8%E3%82%AF%E3%82%B9%E3%82%AF" n2="%E7%9C%9F%E7%B4%85%E3%81%A3%E3%81%8F" n3="%E5%BC%81%E5%A4%A9" dan="14,15,15,14" rate="2035,1954,1942,1964" sx="M,M,F,M"/><TAIKYOKU oya="0"/>

<Scene>
<INIT seed="0,0,0,2,1,5" ten="250,250,250,250" oya="0" hai0="90,45,25,13,7,85,19,101,63,123,3,51,116" hai1="134,28,84,98,103,68,67,32,79,100,40,76,81" hai2="94,132,31,110,55,88,41,60,50,112,92,48,120" hai3="131,96,35,82,37,130,125,30,33,106,78,44,117"/><T2/><D123/><U89/><E32/><V70/><F120/><W83/><G117/><T24/><D116/><U91/><E28/><V46/><F112/><W62/><G125/><T95/><D2/><U27/><E27/><N who="0" m="10313" /><D3/><U56/><E68/><V59/><F31/><W65/><G30/><T43/><D7/><U114/><E67/><N who="2" m="39327" /><F70/><W124/><G124/><T18/><D63/><U42/><E56/><N who="2" m="32871" /><F132/><W108/><G108/><T69/><D69/><U12/><E12/><V61/><F61/><W21/><G21/><N who="0" m="11471" /><D19/><U74/><E42/><V36/><F36/><W72/><G83/><T119/><D119/><U97/><E40/><V86/><F110/><W8/><G44/><T66/><D66/><U128/><E134/><V29/><F29/><W80/><G80/><AGARI ba="0,0" hai="41,46,50,80,86,88,92,94" m="32871,39327" machi="80" ten="30,2000,0" yaku="8,1,54,1" doraHai="5" who="2" fromWho="3" sc="250,0,250,0,250,20,250,-20" />
</Scene>
<Scene>
<INIT seed="1,0,0,5,4,76" ten="250,250,270,230" oya="1" hai0="92,79,6,123,108,72,40,51,114,12,103,85,126" hai1="83,52,60,95,49,28,35,134,80,8,31,66,120" hai2="124,54,116,107,3,43,129,58,97,37,84,65,133" hai3="38,53,112,39,25,48,78,9,128,7,44,101,88"/><U1/><E120/><V19/><F3/><W29/><G112/><T55/><D114/><U130/><E35/><V34/><F116/><W10/><G128/><T98/><D123/><U50/><E1/><V122/><F122/><W106/><G78/><T20/><D108/><U63/><E130/><V27/><F129/><W18/><G18/><N who="0" m="10311" /><D72/><U96/><E134/><V26/><F65/><W68/><G68/><T75/><D75/><U11/><E49/><V41/><F133/><W36/><G106/><T81/><D126/><U115/><E115/><V45/><F41/><W74/><G101/><T5/><D40/><U17/><E66/><V111/><F111/><W30/><G74/><T15/><D15/><N who="1" m="7399" /><E11/><V90/><F34/><W71/><G71/><T14/><D14/><U33/><E33/><V87/><F124/><W56/><G56/><AGARI ba="0,0" hai="5,6,51,55,56,79,81,85,92,98,103" m="10311" machi="56" ten="30,2000,0" yaku="8,1,52,1" doraHai="76" who="0" fromWho="3" sc="250,20,250,0,270,0,230,-20" />
</Scene>
<Scene>
<INIT seed="2,0,0,4,3,62" ten="270,250,270,210" oya="2" hai0="135,49,98,133,74,86,108,90,82,79,94,113,85" hai1="134,25,3,51,16,55,91,65,109,89,72,10,9" hai2="47,115,57,23,80,13,63,92,123,88,14,120,117" hai3="37,131,130,111,132,36,53,118,0,42,106,45,71"/><V93/><F115/><W27/><G106/><T41/><D41/><U81/><E72/><V50/><F117/><W77/><G0/><T32/><D32/><U68/><E3/><V101/><F120/><W6/><G6/><T110/><D49/><U97/><E109/><N who="0" m="42089" /><D113/><U121/><E121/><V83/><F123/><W73/><G111/><T78/><D78/><U4/><E4/><V46/><F101/><W124/><G118/><T70/><D70/><U87/><E134/><AGARI ba="0,0" hai="74,79,82,85,86,90,94,98,133,134,135" m="42089" machi="134" ten="30,7700,0" yaku="20,1,14,1,34,2" doraHai="62" who="0" fromWho="1" sc="270,77,250,-77,270,0,210,0" />
</Scene>
<Scene>
<INIT seed="3,0,0,5,0,89" ten="347,173,270,210" oya="3" hai0="43,85,97,35,123,17,81,18,51,95,117,82,61" hai1="115,30,78,63,121,5,96,66,79,24,69,129,62" hai2="116,10,131,126,37,65,45,120,130,11,44,127,25" hai3="77,128,118,71,19,70,122,132,105,29,114,3,88"/><W124/><RYUUKYOKU type="yao9" ba="0,0" sc="347,0,173,0,270,0,210,0" hai3="3,19,29,70,71,77,88,105,114,118,122,124,128,132" />
</Scene>
<Scene>
<INIT seed="3,1,0,5,0,0" ten="347,173,270,210" oya="3" hai0="120,28,85,129,101,125,20,31,106,56,98,118,99" hai1="127,44,103,51,133,100,49,83,95,1,46,91,74" hai2="134,37,90,88,68,119,89,86,96,10,77,40,3" hai3="93,72,109,4,64,135,114,21,15,126,6,54,117"/><W70/><G114/><T105/><D120/><U50/><E1/><V110/><F119/><W33/><G33/><T35/><D118/><U94/><E133/><V65/><F134/><W80/><G117/><T122/><D122/><U92/><E127/><V67/><F110/><W84/><G135/><T57/><D125/><U102/><E74/><V41/><F96/><W104/><G104/><T43/><D129/><U16/><E83/><V13/><F3/><W32/><G32/><T81/><D43/><N who="2" m="16458" /><F68/><W107/><G107/><T45/><D45/><U115/><E91/><N who="2" m="23299" /><V27/><DORA hai="130" /><F27/><W82/><G72/><T112/><D35/><U5/><E115/><V18/><F37/><W87/><G70/><T60/><D112/><U39/><E39/><V14/><F14/><W2/><G2/><T29/><D99/><U36/><E36/><V42/><F42/><W30/><G64/><T71/><D106/><U11/><REACH who="1" step="1"/><E5/><REACH who="1" ten="347,163,270,210" step="2"/><N who="3" m="2154" /><G126/><T9/><D81/><AGARI ba="1,1" hai="10,13,18,65,67,77,81,86" m="23299,16458" machi="81" ten="40,2600,0" yaku="8,1,54,1" doraHai="0,130" who="2" fromWho="0" sc="347,-29,163,0,270,39,210,0" owari="318,42.0,163,-34.0,309,11.0,210,-19.0" />
</Scene>
</mjloggm>