<mjloggm ver="2.3"><GO type="169"/><UN n0="%50%72%6F%66%2E%47%33" n1="%79%61%6D%61%74%61" n2="%E5%A4%AA%E3%81%8F%E3%81%AA%E3%81%84%E3%81%8A" n3="%E3%83%87%E3%82%B8%E3%82%BF%E3%83%AB%E4%BB%99%E4%BA%BA" dan="16,16,17,17" rate="2025,2009,2143,2148" sx="M,M,M,F"/><TAIKYOKU oya="0"/>

<Scene>
<INIT seed="0,0,0,2,0,92" ten="250,250,250,250" oya="0" hai0="110,94,63,76,131,43,105,98,88,59,39,118,1" hai1="41,14,74,35,113,69,29,99,51,42,60,135,100" hai2="72,16,106,11,44,73,86,83,33,45,64,53,37" hai3="46,48,28,40,54,21,30,77,22,7,26,82,127"/><T84/><D118/><U81/><E35/><V13/><F106/><W132/><G127/><T101/><D1/><U52/><E29/><V32/><F64/><W12/><G132/><T125/><D125/><U126/><E126/><V25/><F45/><W123/><G123/><T134/><D134/><U102/><E102/><V112/><F112/><W133/><G133/><T38/><D131/><U2/><E2/><V0/><F0/><W129/><G129/><T95/><D110/><U27/><E27/><V116/><F116/><W56/><G7/><T90/><D43/><U68/><E68/><V96/><F96/><W19/><G28/><T80/><D90/><U87/><E74/><V115/><F115/><W79/><REACH who="3" step="1"/><G82/><REACH who="3" ten="250,250,250,240" step="2"/><T78/><D95/><U3/><E113/><V8/><F83/><W119/><G119/><T122/><D122/><U17/><E135/><V97/><F16/><W108/><G108/><T104/><D104/><U55/><E81/><V24/><F72/><W4/><G4/><T6/><D6/><U36/><E17/><V103/><F73/><W114/><G114/><T61/><D78/><U93/><E3/><V111/><F111/><W15/><G15/><T75/><D61/><AGARI ba="0,1" hai="12,19,21,22,26,30,40,46,48,54,56,61,77,79" machi="61" ten="30,7700,0" yaku="1,1,7,1,8,1,53,1" doraHai="92" doraHaiUra="58" who="3" fromWho="0" sc="250,-77,250,0,250,0,240,87" />
</Scene>
<Scene>
<INIT seed="1,0,0,0,1,59" ten="173,250,250,327" oya="1" hai0="79,126,100,11,27,74,85,36,73,40,8,49,18" hai1="35,87,108,37,58,114,72,29,119,105,50,134,90" hai2="12,127,52,81,80,86,135,118,113,25,92,75,120" hai3="51,94,0,62,82,111,55,3,96,41,9,98,47"/><U17/><E119/><V61/><F118/><W68/><G111/><T6/><D36/><U2/><E114/><V128/><F120/><W95/><G82/><T43/><D100/><U38/><E72/><V22/><F113/><W131/><G131/><T14/><D126/><U63/><E105/><V10/><F128/><W83/><G83/><T78/><D27/><U130/><E130/><V116/><F116/><W33/><G33/><T26/><D26/><U133/><E2/><V88/><F127/><W7/><G3/><T76/><D85/><U106/><E106/><V102/><F135/><N who="1" m="51721" /><E108/><V57/><F102/><W101/><G98/><T91/><D91/><U132/><E132/><V45/><F45/><W53/><REACH who="3" step="1"/><G95/><REACH who="3" ten="173,250,250,317" step="2"/><T104/><D104/><U65/><E35/><V46/><F75/><W110/><G110/><T13/><D73/><U71/><E29/><N who="2" m="17591" /><F46/><W16/><G16/><AGARI ba="0,1" hai="10,12,16,52,57,61,80,81,86,88,92" m="17591" machi="16" ten="30,8000,1" yaku="8,1,52,1,54,3" doraHai="59" who="2" fromWho="3" sc="173,0,250,0,250,90,317,-80" />
</Scene>
<Scene>
<INIT seed="2,0,0,5,5,30" ten="173,250,340,237" oya="2" hai0="130,39,111,121,61,44,94,50,117,38,35,45,114" hai1="97,6,36,112,83,46,32,62,56,131,18,37,16" hai2="33,106,1,119,29,20,102,123,100,27,104,132,88" hai3="76,70,49,48,40,14,4,105,63,13,43,118,96"/><V133/><F123/><W8/><G118/><T107/><D121/><U87/><E112/><V68/><F119/><W2/><G76/><T51/><D94/><U80/><E6/><V90/><F68/><W41/><G70/><T93/><D93/><U15/><E18/><V3/><F20/><W66/><G66/><T55/><D107/><N who="2" m="41002" /><F100/><W28/><G63/><T9/><D9/><U26/><E83/><V82/><F102/><W47/><G28/><T67/><D35/><U126/><E97/><V74/><F74/><W86/><G86/><T110/><D117/><U89/><E46/><V95/><F82/><W98/><G105/><T128/><D114/><U64/><E126/><V115/><F115/><W109/><G47/><T19/><D19/><U11/><REACH who="1" step="1"/><E131/><REACH who="1" ten="173,240,340,237" step="2"/><N who="0" m="50217" /><D38/><U113/><E113/><V84/><F90/><W12/><G98/><T7/><D39/><U99/><E99/><V124/><F124/><W108/><REACH who="3" step="1"/><G96/><REACH who="3" ten="173,240,340,227" step="2"/><T122/><D122/><U10/><E10/><V25/><F84/><W91/><G91/><T120/><D120/><U42/><E42/><V72/><F88/><W5/><G5/><T24/><D7/><U71/><E71/><V53/><F72/><W54/><G54/><T22/><D55/><U81/><E81/><V135/><F53/><W134/><G134/><T0/><D44/><U116/><E116/><V85/><F85/><W73/><G73/><T59/><D45/><U78/><E78/><V34/><F95/><W58/><G58/><T60/><D59/><U69/><E69/><V31/><AGARI ba="0,2" hai="1,3,25,27,29,31,33,34,132,133,135" m="41002" machi="31" ten="40,12000,1" yaku="20,1,23,1,52,2" doraHai="30" who="2" fromWho="2" sc="173,-40,240,-40,340,140,227,-40" />
</Scene>
<Scene>
<INIT seed="2,1,0,1,1,88" ten="133,200,480,187" oya="2" hai0="4,67,69,57,96,0,39,133,120,35,125,89,1" hai1="7,83,123,15,99,105,128,118,27,62,108,8,38" hai2="104,41,124,20,61,14,36,32,74,107,30,11,9" hai3="5,50,52,134,43,81,114,28,119,60,115,110,12"/><V80/><F36/><W112/><G119/><T109/><D57/><U79/><E118/><V37/><F37/><W90/><G28/><T56/><D89/><U103/><E38/><V82/><F41/><W102/><G102/><T132/><D56/><U91/><E123/><V101/><F124/><W19/><G5/><T131/><D96/><U93/><E108/><V117/><F117/><W16/><G110/><T25/><D25/><U76/><E128/><V49/><F49/><W2/><G2/><T70/><D67/><U97/><E62/><V126/><F126/><W53/><G134/><T13/><D13/><U31/><REACH who="1" step="1"/><E83/><REACH who="1" ten="133,190,480,187" step="2"/><V33/><F61/><W95/><G81/><T40/><D39/><U66/><E66/><V54/><F80/><W44/><G60/><T85/><D109/><U34/><AGARI ba="1,1" hai="7,8,15,27,31,34,76,79,91,93,97,99,103,105" machi="34" ten="20,5200,0" yaku="1,1,0,1,7,1,52,1,53,0" doraHai="88" doraHaiUra="63" who="1" fromWho="1" sc="133,-14,190,65,480,-27,187,-14" />
</Scene>
<Scene>
<INIT seed="3,0,0,5,0,119" ten="119,255,453,173" oya="3" hai0="8,113,125,104,19,87,102,12,115,88,0,114,74" hai1="59,44,37,14,80,67,48,41,96,9,50,93,4" hai2="68,73,127,122,3,135,69,25,132,38,15,47,31" hai3="77,13,43,110,33,58,99,112,34,124,120,27,54"/><W111/><G120/><T130/><D74/><U30/><E30/><V6/><F73/><W78/><G112/><T22/><D130/><U5/><E5/><V103/><F103/><W57/><G43/><T133/><D125/><U121/><E121/><V108/><F108/><N who="3" m="41515" /><G124/><T76/><D133/><N who="2" m="51274" /><F15/><W92/><G13/><T107/><D76/><N who="3" m="29289" /><G27/><T118/><D118/><U109/><E109/><V70/><F127/><W28/><G28/><T75/><D75/><U123/><E123/><V134/><F134/><W18/><G18/><T63/><D63/><U46/><E80/><V90/><F122/><W71/><G71/><T81/><REACH who="0" step="1"/><D102/><REACH who="0" ten="109,255,453,173" step="2"/><U100/><E37/><V89/><F38/><W17/><G17/><T95/><D95/><U106/><E106/><V83/><F83/><W117/><G117/><T10/><D10/><U52/><REACH who="1" step="1"/><E67/><REACH who="1" ten="109,245,453,173" step="2"/><V60/><F31/><W21/><G34/><T32/><D32/><U11/><E11/><V2/><F6/><AGARI ba="0,2" hai="0,6,8,12,19,22,81,87,88,104,107,113,114,115" machi="6" ten="40,5200,0" yaku="1,1,11,1,54,1,53,0" doraHai="119" doraHaiUra="51" who="0" fromWho="2" sc="109,72,245,0,453,-52,173,0" />
</Scene>
<Scene>
<INIT seed="4,0,0,2,5,20" ten="181,245,401,173" oya="0" hai0="115,64,86,108,56,99,71,27,92,24,91,29,48" hai1="70,120,18,19,135,11,65,75,38,0,9,55,82" hai2="21,10,30,13,130,44,31,8,1,103,133,80,32" hai3="16,52,42,129,128,105,51,100,43,79,61,50,46"/><T59/><D71/><U25/><E120/><V69/><F69/><W96/><G79/><T26/><D115/><U36/><E70/><V106/><F106/><W102/><G102/><T126/><D126/><U74/><E65/><V94/><F32/><W127/><G127/><T49/><D108/><U57/><E0/><V37/><F1/><W119/><G119/><T93/><D29/><U88/><E18/><V45/><F133/><W111/><G111/><T41/><D41/><U109/><E75/><V131/><F80/><W3/><G3/><T132/><D132/><U53/><E53/><V72/><F72/><W122/><G122/><T33/><D33/><U5/><E5/><V110/><F110/><W12/><G61/><N who="0" m="37927" /><D59/><U104/><E104/><V107/><F107/><W66/><G66/><T121/><D121/><U124/><E124/><V116/><F116/><W54/><G42/><T81/><D92/><U62/><E74/><V114/><F114/><W125/><G125/><T113/><D113/><U67/><E135/><V40/><F45/><W17/><G43/><T89/><AGARI ba="0,0" hai="24,26,27,48,49,81,86,89,91,93,99" m="37927" machi="89" ten="30,11700,0" yaku="8,1,52,3" doraHai="20" who="0" fromWho="0" sc="181,117,245,-39,401,-39,173,-39" />
</Scene>
<Scene>
<INIT seed="4,1,0,2,3,89" ten="298,206,362,134" oya="0" hai0="87,116,44,14,113,93,108,54,10,77,123,117,110" hai1="104,12,17,7,30,1,80,85,106,55,115,5,43" hai2="0,13,82,114,50,88,57,3,91,47,18,112,135" hai3="4,53,63,59,109,56,81,72,46,41,126,119,9"/><T38/><D123/><U99/><E43/><N who="2" m="24959" /><F135/><W129/><G119/><T84/><D113/><N who="2" m="43626" /><F57/><W125/><G109/><N who="0" m="42091" /><D84/><U118/><E30/><V42/><F42/><W40/><G129/><T71/><D71/><U35/><E35/><V49/><F49/><W90/><G59/><T133/><D133/><U111/><E111/><V24/><F24/><W75/><G41/><N who="0" m="22583" /><D54/><U127/><E118/><V45/><F45/><W48/><G75/><T76/><D76/><U130/><E130/><V94/><F82/><W101/><G72/><T34/><D34/><U8/><E115/><V122/><F122/><W21/><G21/><T100/><D77/><U31/><E31/><V15/><F91/><W36/><G101/><T61/><D61/><U103/><E55/><V62/><F62/><W58/><G56/><T39/><D39/><U98/><E127/><V131/><F131/><W16/><G63/><T27/><D27/><U69/><E69/><V73/><F73/><W83/><G83/><T124/><D124/><U65/><E65/><V32/><F32/><W33/><G33/><T20/><D20/><U6/><E99/><N who="2" m="57799" /><F13/><N who="3" m="7215" /><G126/><T86/><D117/><U51/><E51/><V120/><F120/><W19/><G125/><T97/><D116/><U70/><E70/><V79/><F79/><W23/><G81/><T105/><D105/><U96/><E96/><V128/><F128/><W25/><G90/><T64/><D64/><U29/><E106/><V74/><F74/><W66/><G66/><T52/><D52/><U60/><E60/><V2/><F2/><W107/><G107/><T26/><D26/><RYUUKYOKU ba="1,0" sc="298,10,206,-30,362,10,134,10" hai0="10,14,86,87,93,97,100" hai2="0,3,15,18" hai3="4,19,23,25,36,40,46,48,53,58" />
</Scene>
<Scene>
<INIT seed="4,2,0,4,0,118" ten="308,176,372,144" oya="0" hai0="81,121,18,68,74,60,25,84,29,26,13,40,22" hai1="14,52,73,35,39,76,46,11,124,131,82,31,110" hai2="135,90,99,78,44,114,51,6,67,91,45,75,66" hai3="89,134,98,113,117,125,37,61,49,19,16,64,95"/><T63/><D121/><U71/><E110/><V59/><F114/><W41/><G117/><T80/><D40/><U43/><E71/><V47/><F135/><W5/><G113/><T107/><D107/><U111/><E111/><V50/><F6/><W10/><G37/><T86/><D74/><U24/><E131/><V127/><F127/><W126/><G134/><T2/><D2/><U123/><E124/><N who="3" m="47722" /><G49/><N who="2" m="18441" /><F75/><W1/><G41/><T34/><D25/><U42/><E42/><V87/><F99/><W116/><G116/><T57/><D68/><AGARI ba="2,0" hai="1,5,10,16,19,61,64,68,89,95,98" m="47722" machi="68" ten="30,2000,0" yaku="18,1,54,1" doraHai="118" who="3" fromWho="0" sc="308,-26,176,0,372,0,144,26" />
</Scene>
<Scene>
<INIT seed="5,0,0,4,0,110" ten="282,176,372,170" oya="1" hai0="30,84,11,8,64,5,124,65,51,12,85,108,81" hai1="21,129,27,75,126,46,94,80,88,105,34,54,91" hai2="17,69,82,125,78,37,50,29,107,77,45,76,9" hai3="96,2,23,98,83,103,15,1,127,128,130,10,20"/><U97/><E34/><V93/><F107/><W49/><G83/><T68/><D108/><U25/><E105/><V22/><F69/><W100/><G49/><T63/><D124/><U13/><E126/><V58/><F37/><W120/><G127/><T57/><D30/><U24/><E129/><V41/><F125/><W39/><G15/><T122/><D122/><U42/><E54/><V134/><F134/><W33/><G33/><T106/><D106/><U61/><E61/><V131/><F131/><W40/><G10/><T26/><D26/><U56/><E56/><V102/><F58/><W52/><G40/><T31/><D31/><U55/><E55/><V73/><F9/><W48/><G48/><T71/><D64/><U59/><E59/><V118/><F29/><W115/><G52/><T90/><D51/><N who="1" m="27095" /><E75/><V0/><F0/><W113/><REACH who="3" step="1"/><G39/><REACH who="3" ten="282,176,372,160" step="2"/><T89/><REACH who="0" step="1"/><D8/><REACH who="0" ten="272,176,372,160" step="2"/><U112/><E80/><AGARI ba="0,2" hai="5,11,12,57,63,65,68,71,80,81,84,85,89,90" machi="80" ten="30,8000,1" yaku="1,1,2,1,7,1,9,1,53,1" doraHai="110" doraHaiUra="3" who="0" fromWho="1" sc="272,100,176,-80,372,0,160,0" />
</Scene>
<Scene>
<INIT seed="6,0,0,3,2,31" ten="372,96,372,160" oya="2" hai0="90,123,71,35,19,115,29,86,53,47,20,113,104" hai1="133,39,127,46,83,118,65,132,107,76,50,14,15" hai2="64,40,69,130,59,23,117,135,51,9,67,100,111" hai3="95,125,42,98,128,131,122,30,114,8,6,24,87"/><V32/><F117/><W120/><G87/><T93/><D123/><U61/><E118/><V99/><F32/><N who="3" m="20551" /><G42/><T45/><D71/><U75/><E39/><V1/><F69/><W92/><G92/><T110/><D110/><U10/><E107/><V0/><F111/><W126/><G95/><T94/><D104/><U26/><E26/><V54/><F135/><N who="1" m="51785" /><E127/><N who="3" m="48650" /><G98/><T16/><D35/><U5/><E5/><V105/><F130/><N who="3" m="49707" /><G114/><T82/><D113/><U77/><E77/><V49/><F40/><W88/><G88/><T109/><D115/><U21/><E21/><V80/><F23/><W37/><G37/><T56/><D109/><U41/><E10/><V116/><F116/><W48/><G48/><N who="0" m="30759" /><D93/><U28/><E28/><V129/><F129/><W17/><G17/><N who="0" m="6731" /><D94/><U97/><E97/><V55/><F9/><W44/><G44/><T57/><D57/><AGARI ba="0,0" hai="14,15,41,46,50,57,61,65,75,76,83" m="51785" machi="57" ten="30,1000,0" yaku="20,1" doraHai="31" who="1" fromWho="0" sc="372,-10,96,10,372,0,160,0" />
</Scene>
<Scene>
<INIT seed="7,0,0,3,1,115" ten="362,106,372,160" oya="3" hai0="126,101,53,77,63,130,112,57,10,35,12,27,16" hai1="29,60,117,100,114,7,2,118,17,45,59,82,131" hai2="106,64,9,41,93,11,113,69,0,58,98,73,36" hai3="84,26,110,1,75,4,31,72,121,70,116,108,15"/><W39/><G70/><T21/><D112/><U96/><E114/><V3/><F113/><W128/><G39/><T13/><D126/><U55/><E29/><V48/><F73/><W120/><G128/><T24/><D130/><U33/><E33/><V125/><F106/><W132/><G132/><T50/><D101/><U66/><E131/><V135/><F125/><W61/><G61/><T105/><D105/><U28/><E28/><V103/><F135/><W89/><G1/><T97/><D97/><U122/><E122/><N who="3" m="47210" /><G15/><T123/><D123/><U85/><E2/><V14/><F69/><W111/><G4/><N who="0" m="3143" /><D35/><U78/><E7/><V95/><F95/><N who="3" m="54695" /><G116/><N who="1" m="44650" /><E17/><V40/><F3/><W47/><G47/><N who="0" m="27871" /><D77/><U74/><E74/><V49/><F0/><W62/><G62/><T5/><D5/><U67/><E45/><V38/><F38/><W104/><G104/><AGARI ba="0,0" hai="55,59,60,66,67,78,82,85,96,100,104" m="44650" machi="104" ten="30,7700,0" yaku="12,1,52,3" doraHai="115" who="1" fromWho="3" sc="362,0,106,77,372,0,160,-77" owari="362,16.0,183,-22.0,372,48.0,83,-42.0" />
</Scene>
</mjloggm>