<mjloggm ver="2.3"><GO type="169" lobby="0"/><UN n0="%E3%81%8A%E5%8F%A3%E3%83%81%E3%83%A3%E3%83%83%E3%82%AF%E6%BA%80%E8%B2%AB" n1="%48%65%72%6D%61%6E%6E" n2="%E5%A4%AA%E3%81%8F%E3%81%AA%E3%81%84%E3%81%8A" n3="%E3%81%94%E3%81%98%E3%82%83%E3%82%8B" dan="16,17,18,19" rate="2022.75,2111.75,2183.21,2234.03" sx="F,M,M,M"/><TAIKYOKU oya="0"/>

<Scene>
<INIT seed="0,0,0,5,4,41" ten="250,250,250,250" oya="0" hai0="96,42,14,43,111,10,58,68,64,21,31,90,110" hai1="36,89,126,9,7,20,17,40,135,0,128,119,6" hai2="61,27,72,124,84,18,67,26,15,13,4,46,120" hai3="29,132,123,2,24,48,77,88,69,107,81,83,79"/><T33/><D68/><U133/><E119/><V16/><F72/><W19/><G69/><T97/><D33/><U30/><E89/><V62/><F120/><W98/><G2/><T57/><D21/><U73/><E73/><V39/><F124/><W78/><G123/><T92/><D31/><U101/><E101/><V125/><F125/><W65/><G65/><T55/><D64/><U74/><E126/><V117/><F117/><W129/><G129/><T100/><D58/><U116/><E74/><V11/><F84/><W3/><G3/><T118/><D118/><U102/><E102/><V109/><F109/><N who="0" m="41482" /><D57/><U115/><E116/><V12/><F27/><W66/><G66/><T91/><D55/><U108/><E30/><V122/><F122/><W86/><G29/><T93/><D91/><U5/><E128/><V28/><F13/><W23/><G48/><T94/><D93/><U130/><E130/><V63/><F67/><W53/><G53/><T87/><D97/><U127/><E127/><V103/><F15/><W104/><G98/><T70/><D70/><U1/><E1/><V37/><F28/><W35/><G35/><T60/><D60/><U59/><E0/><V22/><F26/><W47/><G24/><T75/><D75/><U82/><E108/><V34/><F34/><W76/><G23/><T105/><D94/><U131/><E131/><V8/><F22/><W134/><G78/><T95/><D92/><U44/><E20/><V80/><F62/><W54/><G79/><T85/><D87/><U32/><E32/><V50/><F61/><W113/><G77/><RYUUKYOKU ba="0,0" sc="250,30,250,-10,250,-10,250,-10" hai0="10,14,42,43,85,90,95,96,100,105" />
</Scene>
<Scene>
<INIT seed="0,1,0,3,4,63" ten="280,240,240,240" oya="0" hai0="52,67,79,26,102,129,133,114,5,80,47,104,77" hai1="66,84,17,110,4,94,6,50,22,82,124,12,116" hai2="74,103,37,34,13,135,131,117,10,126,57,51,11" hai3="0,105,15,111,122,101,32,20,3,107,92,60,81"/><T72/><D79/><U2/><E116/><V91/><F37/><W19/><G32/><T28/><D114/><U109/><E124/><V30/><F74/><W108/><G81/><T125/><D5/><U73/><E2/><V56/><F103/><W18/><G92/><T14/><D14/><U65/><E73/><V61/><F126/><W99/><G122/><T88/><D125/><U33/><E33/><V41/><F117/><W95/><G19/><T93/><D133/><U55/><E94/><V31/><F135/><W119/><G119/><T86/><D129/><U45/><E110/><N who="3" m="42026" /><G60/><T68/><D26/><U16/><E17/><V29/><F131/><W70/><G70/><T98/><D28/><U71/><E109/><V120/><F120/><W75/><G75/><T40/><D52/><U46/><E71/><V59/><F34/><W97/><G107/><T1/><D1/><U44/><E4/><V89/><F61/><W96/><G96/><T123/><D123/><U128/><E6/><N who="2" m="3287" /><F11/><W39/><G39/><N who="0" m="21919" /><D68/><U64/><E128/><V87/><F87/><W112/><G112/><T113/><D113/><U127/><E127/><V9/><F9/><W90/><AGARI ba="1,0" hai="0,3,15,18,20,90,95,97,99,101,105" m="42026" machi="90" ten="30,1100,0" yaku="14,1" doraHai="63" who="3" fromWho="3" sc="280,-6,240,-4,240,-4,240,14" />
</Scene>
<Scene>
<INIT seed="1,0,0,5,3,114" ten="274,236,236,254" oya="1" hai0="120,20,129,4,70,92,58,22,123,73,79,84,56" hai1="97,16,33,24,96,9,71,60,59,121,25,0,19" hai2="113,5,103,29,119,100,32,11,21,74,65,55,122" hai3="80,31,8,81,51,6,42,115,105,82,14,17,49"/><U132/><E121/><N who="0" m="46665" /><D70/><U35/><E71/><V13/><F122/><W46/><G115/><T133/><D73/><U131/><E132/><V99/><F113/><W54/><G105/><T68/><D68/><U112/><E112/><V72/><F65/><W135/><G135/><T15/><D22/><U109/><E109/><V28/><F32/><W89/><G31/><T18/><D4/><U95/><E131/><V47/><F103/><W107/><G107/><T87/><D129/><U110/><E110/><V77/><F77/><W101/><G101/><T30/><D30/><U52/><E97/><V90/><F90/><W37/><G37/><T27/><D15/><U116/><E116/><V106/><F29/><W111/><G111/><T36/><D36/><U88/><E24/><V85/><F85/><W127/><G127/><T69/><D69/><U64/><E64/><V75/><F119/><W118/><G118/><T7/><D7/><N who="1" m="1255" /><E19/><V53/><REACH who="2" step="1"/><F47/><REACH who="2" ten="274,236,226,254" step="2"/><N who="3" m="28031" /><G89/><N who="0" m="53287" /><D133/><U63/><E60/><V40/><F40/><W1/><G1/><T12/><D87/><U86/><E86/><V57/><F57/><W26/><G80/><T10/><D79/><U102/><E102/><V39/><F39/><W43/><G43/><T93/><D93/><U98/><E96/><V62/><F62/><W41/><G41/><T3/><D3/><U124/><E124/><V34/><F34/><W66/><G66/><T23/><D58/><U117/><E117/><V83/><F83/><W48/><G48/><T104/><D56/><U128/><E128/><V67/><F67/><W61/><G61/><T91/><D91/><RYUUKYOKU ba="0,1" sc="274,-30,236,10,226,10,254,10" hai1="16,25,33,35,52,59,63,88,95,98" hai2="5,11,13,21,28,53,55,72,74,75,99,100,106" hai3="6,8,14,17,26,42,46,49,81,82" />
</Scene>
<Scene>
<INIT seed="1,1,1,3,1,86" ten="244,246,236,264" oya="1" hai0="2,63,73,70,76,91,50,16,55,27,22,135,44" hai1="26,68,60,120,89,36,40,20,31,65,75,33,1" hai2="25,93,81,41,3,4,48,56,61,82,51,74,117" hai3="54,134,122,101,52,127,5,114,113,105,99,9,87"/><U58/><E120/><V128/><F117/><W0/><G122/><T43/><D2/><U12/><E75/><V29/><F128/><W45/><G134/><T106/><D106/><U57/><E1/><V14/><F3/><W59/><G127/><T88/><D135/><U13/><E40/><V38/><F38/><W119/><G119/><T102/><D102/><U69/><E36/><V111/><F111/><W109/><G109/><T35/><D35/><U94/><E57/><V129/><F129/><W130/><G130/><T132/><D132/><U34/><E12/><V18/><F4/><W92/><G45/><T72/><D72/><U131/><E131/><V104/><F104/><W6/><G6/><T100/><D100/><U46/><E46/><V39/><F39/><W97/><G87/><T17/><D17/><U110/><E110/><V64/><F74/><W42/><G42/><T24/><D24/><U21/><E13/><V115/><F115/><W107/><G107/><T15/><D27/><U7/><E7/><V80/><F41/><W37/><G37/><T62/><D43/><U95/><E95/><V47/><F47/><W118/><G118/><T98/><D98/><N who="1" m="57679" /><E34/><V123/><F123/><W133/><G133/><T125/><D125/><U112/><E112/><V67/><F93/><W108/><G108/><T49/><D70/><U32/><E32/><V78/><F56/><W83/><G83/><N who="0" m="45455" /><D50/><U66/><E69/><V28/><F81/><W121/><G121/><T23/><D23/><U96/><E96/><V124/><F124/><W77/><G114/><T84/><D84/><RYUUKYOKU ba="1,1" sc="244,15,246,15,236,-15,264,-15" hai0="15,16,22,44,49,55,62,63,88,91" hai1="20,21,26,31,33,58,60,65,66,68" />
</Scene>
<Scene>
<INIT seed="1,2,1,1,1,82" ten="259,261,221,249" oya="1" hai0="2,64,91,46,87,121,63,77,51,5,132,62,108" hai1="99,90,102,14,106,35,10,11,19,96,98,61,120" hai2="125,21,133,117,4,134,33,72,43,78,116,128,20" hai3="84,110,94,42,119,15,73,111,115,65,118,124,105"/><U71/><E120/><V88/><F33/><W70/><G115/><T52/><D121/><U7/><E35/><V109/><F4/><W59/><G73/><T22/><D77/><U57/><E71/><V34/><F34/><W18/><G105/><T131/><D108/><N who="3" m="41513" /><G42/><T67/><D132/><N who="2" m="50794" /><F109/><W29/><G29/><T101/><D101/><U40/><E40/><V1/><F1/><W126/><G70/><T45/><D2/><U12/><REACH who="1" step="1"/><E90/><REACH who="1" ten="259,251,221,249" step="2"/><V0/><F43/><W68/><G68/><T30/><D131/><U107/><E107/><V112/><F128/><W24/><G119/><T41/><D41/><U56/><E56/><V114/><F117/><W6/><G118/><T44/><D44/><U122/><E122/><V3/><F116/><W74/><G59/><T85/><D46/><U36/><E36/><V97/><F114/><W48/><G126/><T93/><D64/><AGARI ba="2,2" hai="7,10,11,12,14,19,57,61,64,96,98,99,102,106" machi="64" ten="30,5800,0" yaku="1,1,7,1,53,1" doraHai="82" doraHaiUra="13" who="1" fromWho="0" sc="259,-64,251,84,221,0,249,0" />
</Scene>
<Scene>
<INIT seed="1,3,0,5,2,25" ten="195,335,221,249" oya="1" hai0="54,5,67,57,120,96,64,80,128,58,60,61,63" hai1="132,34,83,23,24,0,126,93,70,10,109,98,90" hai2="87,59,40,62,13,2,121,7,36,112,41,81,117" hai3="108,14,73,79,130,119,127,124,6,123,65,4,125"/><U134/><E34/><V46/><F121/><W22/><G65/><N who="0" m="25163" /><D5/><N who="3" m="2153" /><G79/><T100/><D80/><U113/><E70/><V115/><F117/><W116/><G73/><T89/><D100/><U11/><E113/><N who="2" m="43595" /><F41/><W135/><G123/><T9/><D9/><U99/><E0/><V111/><F111/><W86/><G86/><T31/><D128/><U74/><E109/><V85/><F2/><W68/><G68/><T49/><D120/><U66/><E66/><N who="2" m="39263" /><F81/><W44/><G44/><N who="0" m="27943" /><D89/><U29/><E83/><V45/><F45/><W82/><G82/><T106/><D96/><U35/><E99/><V129/><F129/><W18/><G108/><T21/><D106/><U72/><E98/><V92/><F92/><W32/><G130/><T131/><D131/><U78/><E93/><V1/><F1/><W84/><G84/><T102/><D102/><U91/><E91/><V28/><F87/><W50/><G50/><T88/><D88/><U69/><E90/><V55/><F85/><W33/><G135/><T19/><D19/><U51/><E74/><V38/><F38/><W16/><G18/><T104/><D104/><U26/><E72/><V122/><F122/><W17/><G17/><T97/><D97/><U52/><E132/><V71/><F71/><W118/><AGARI ba="3,0" hai="14,16,22,32,33,116,118,119,124,125,127" m="2153" machi="118" ten="40,8000,1" yaku="12,1,18,1,34,2,54,1" doraHai="25" who="3" fromWho="3" sc="195,-23,335,-43,221,-23,249,89" />
</Scene>
<Scene>
<INIT seed="2,0,0,1,3,40" ten="172,292,198,338" oya="2" hai0="108,10,102,39,48,74,134,86,70,125,83,34,44" hai1="19,36,88,97,103,118,75,51,122,1,112,11,6" hai2="130,115,123,73,18,38,22,12,129,59,0,41,76" hai3="106,8,55,116,46,47,128,119,99,4,25,29,79"/><V23/><F123/><W24/><G79/><T27/><D74/><U35/><E36/><V64/><F115/><W21/><G128/><N who="2" m="49257" /><F0/><W135/><G135/><T133/><D70/><U80/><E112/><V85/><F73/><W77/><G77/><T53/><D125/><U93/><E118/><V104/><F104/><W121/><G121/><T111/><D102/><U31/><E122/><V69/><F69/><W120/><G120/><T105/><D105/><U98/><E75/><V94/><F64/><W15/><G119/><T91/><D39/><U42/><E19/><V14/><F59/><W3/><G116/><T57/><D57/><U26/><E80/><N who="2" m="47239" /><F94/><W43/><G3/><T66/><D66/><U81/><E81/><V62/><F62/><W78/><G78/><T72/><D72/><U56/><E103/><V52/><F52/><W54/><G43/><T132/><REACH who="0" step="1"/><D10/><REACH who="0" ten="162,292,198,338" step="2"/><U131/><E131/><V90/><F38/><W17/><G106/><T89/><D89/><U87/><REACH who="1" step="1"/><E56/><REACH who="1" ten="162,282,198,338" step="2"/><V9/><F90/><W95/><G17/><T68/><D68/><U107/><E107/><V84/><F18/><W61/><G29/><AGARI ba="0,2" hai="27,29,34,44,48,53,83,86,91,108,111,132,133,134" machi="29" ten="50,6400,0" yaku="1,1,20,1,52,1,53,0" doraHai="40" doraHaiUra="33" who="0" fromWho="3" sc="162,84,282,0,198,0,338,-64" />
</Scene>
<Scene>
<INIT seed="3,0,0,2,0,62" ten="246,282,198,274" oya="3" hai0="112,106,124,123,63,61,126,96,10,21,127,101,75" hai1="129,60,121,50,20,104,42,100,102,58,105,114,130" hai2="11,52,9,44,85,17,33,31,2,41,18,110,95" hai3="35,27,83,64,84,70,7,45,94,122,55,14,3"/><W49/><G122/><T39/><D123/><U97/><E114/><V4/><F110/><W69/><G3/><T98/><D112/><U80/><E121/><V103/><F11/><W91/><G70/><T109/><D109/><U82/><E20/><V118/><F118/><W115/><G115/><T29/><D10/><U30/><E30/><V73/><F73/><W34/><G27/><N who="0" m="16623" /><D39/><U86/><E50/><V81/><F31/><W32/><G7/><T128/><D128/><N who="1" m="49259" /><E42/><V88/><F33/><W37/><G37/><T133/><D133/><U13/><E13/><V19/><F52/><W47/><G14/><T15/><D15/><U135/><E86/><V120/><F120/><W12/><G12/><T22/><D22/><U125/><E125/><V132/><F132/><W79/><G47/><T93/><D75/><U51/><E51/><V65/><F44/><W43/><G43/><T66/><D63/><U111/><E135/><V56/><F41/><W25/><G25/><T119/><D119/><U46/><E46/><V71/><F71/><W0/><G0/><T26/><D26/><U76/><E111/><V23/><F23/><W72/><REACH who="3" step="1"/><G69/><REACH who="3" ten="246,282,198,264" step="2"/><T68/><D68/><U53/><E76/><V8/><F8/><W131/><G131/><T90/><D127/><U116/><E116/><V92/><F2/><W1/><G1/><T77/><D77/><U57/><E58/><V99/><F4/><W117/><G117/><T40/><D40/><U36/><E36/><V24/><F24/><W87/><G87/><T67/><D61/><U5/><E5/><V107/><F9/><RYUUKYOKU ba="0,1" sc="246,0,282,0,198,0,264,0" hai0="66,67,90,93,96,98,101,106,124,126" hai1="53,57,60,80,82,97,100,102,104,105" hai2="17,18,19,56,65,81,85,88,92,95,99,103,107" hai3="32,34,35,45,49,55,64,72,79,83,84,91,94" />
</Scene>
<Scene>
<INIT seed="3,1,1,4,0,128" ten="246,282,198,264" oya="3" hai0="126,36,80,32,116,54,84,89,55,23,90,21,73" hai1="0,31,98,135,43,82,112,131,96,133,22,130,72" hai2="57,109,61,104,17,12,101,52,28,74,63,83,38" hai3="124,40,103,20,16,11,129,8,59,117,45,60,49"/><W121/><G117/><T66/><D32/><U132/><E112/><V34/><F38/><W67/><G121/><T24/><D36/><U5/><E43/><V1/><F1/><W111/><G129/><N who="1" m="49162" /><E5/><V102/><F109/><W77/><G111/><T78/><D126/><U91/><E0/><V39/><F39/><W33/><G33/><T107/><D107/><U68/><E68/><V27/><F104/><W114/><G114/><T113/><D116/><U2/><E2/><V15/><F63/><W37/><G124/><T87/><D66/><U46/><E46/><V97/><F97/><N who="1" m="37481" /><E91/><V105/><F105/><W9/><G103/><T119/><D119/><U76/><E22/><V4/><F4/><W50/><REACH who="3" step="1"/><G77/><REACH who="3" ten="246,282,198,254" step="2"/><T44/><D78/><N who="1" m="44359" /><E31/><V94/><F102/><W51/><G51/><T127/><D113/><U18/><E18/><V10/><F101/><W118/><G118/><T64/><D127/><U42/><E42/><V29/><F29/><W79/><G79/><AGARI ba="1,2" hai="76,79,132,133,135" m="44359,37481,49162" machi="79" ten="40,12000,2" yaku="20,1,19,1,34,2,52,3" doraHai="128" who="1" fromWho="3" sc="246,0,282,143,198,0,254,-123" />
</Scene>
<Scene>
<INIT seed="4,0,0,4,3,3" ten="246,425,198,131" oya="0" hai0="67,29,15,28,99,109,128,30,66,116,126,8,60" hai1="81,22,50,13,112,40,131,47,119,80,129,18,73" hai2="43,71,1,89,114,124,24,72,57,14,26,93,12" hai3="101,91,133,55,135,51,70,78,7,127,83,110,118"/><T63/><D116/><U103/><E119/><V130/><F71/><W79/><G118/><T104/><D126/><U38/><E112/><V92/><F1/><W87/><G70/><T16/><D128/><N who="1" m="49227" /><E103/><V17/><F130/><W27/><G127/><T113/><D113/><U65/><E65/><V97/><F72/><W19/><G110/><T46/><D109/><U31/><E31/><V44/><F114/><W37/><G37/><T77/><D77/><N who="1" m="44079" /><E81/><V82/><F82/><W54/><G101/><T84/><D84/><U42/><E42/><V59/><F124/><W58/><G55/><T76/><D76/><U48/><AGARI ba="0,0" hai="13,18,22,38,40,47,48,50" m="44079,49227" machi="48" ten="30,1100,0" yaku="19,1" doraHai="3" who="1" fromWho="1" sc="246,-5,425,11,198,-3,131,-3" />
</Scene>
<Scene>
<INIT seed="5,0,0,0,4,3" ten="241,436,195,128" oya="1" hai0="39,5,102,110,41,78,131,114,72,74,42,85,37" hai1="89,31,1,53,36,58,46,127,118,17,24,67,126" hai2="88,28,59,81,13,113,61,128,14,20,99,54,98" hai3="117,79,66,65,49,75,16,73,0,33,32,95,25"/><U29/><E118/><V6/><F128/><W94/><G117/><T51/><D102/><U122/><E122/><V86/><F113/><W121/><G0/><T43/><D110/><U27/><E1/><V30/><F14/><W100/><G121/><T57/><D131/><U8/><E67/><V52/><F54/><W45/><G100/><T60/><D51/><U104/><E104/><V90/><F90/><W80/><G75/><T7/><D114/><U23/><E89/><V70/><F70/><W125/><G125/><T130/><D130/><U44/><E8/><N who="2" m="4247" /><F20/><W84/><G33/><T15/><D15/><U109/><E109/><V69/><F69/><W12/><G32/><T71/><D71/><U108/><E108/><V64/><F64/><N who="3" m="24683" /><G25/><T48/><D74/><U133/><E133/><V34/><F34/><W119/><G73/><T4/><D72/><U18/><E23/><V103/><F103/><W101/><G101/><T19/><D19/><U97/><E53/><V2/><F2/><W62/><G62/><T63/><D39/><U112/><E36/><V38/><F38/><W50/><G119/><T134/><D134/><U135/><E135/><V111/><F111/><W92/><G45/><T82/><D37/><U96/><E112/><V40/><F40/><W35/><G35/><T123/><D123/><U55/><E55/><AGARI ba="0,0" hai="4,5,7,41,42,43,48,55,57,60,63,78,82,85" machi="55" ten="40,8000,1" yaku="8,1,52,3" doraHai="3" who="0" fromWho="1" sc="241,80,436,-80,195,0,128,0" />
</Scene>
<Scene>
<INIT seed="6,0,0,2,2,76" ten="321,356,195,128" oya="2" hai0="26,86,24,104,36,135,38,15,4,63,6,9,44" hai1="69,37,77,27,14,119,83,8,19,110,87,56,11" hai2="75,54,92,5,124,93,114,68,66,90,32,103,7" hai3="95,98,111,49,82,65,81,106,23,70,31,57,123"/><V71/><F32/><W84/><G111/><T30/><D104/><U97/><E110/><V125/><F75/><W29/><G123/><T21/><D4/><N who="2" m="1610" /><F66/><W109/><G109/><T18/><D44/><U116/><E69/><V128/><F114/><W67/><G106/><T72/><D72/><U89/><E37/><V61/><F103/><N who="3" m="60895" /><G70/><N who="2" m="26665" /><F90/><W73/><G73/><T45/><D45/><U51/><E8/><V118/><F118/><W99/><G99/><T115/><D115/><U0/><E0/><V58/><F128/><W50/><G84/><T16/><D86/><U113/><E113/><V17/><F17/><N who="0" m="6762" /><D63/><U20/><E97/><V1/><F1/><W120/><G120/><T22/><D38/><U105/><E105/><V43/><F43/><W10/><G10/><T101/><D101/><U39/><E39/><V2/><F2/><W62/><G67/><T134/><D36/><U102/><E102/><V48/><F61/><W91/><G91/><T96/><D96/><U41/><E119/><V13/><F13/><W12/><G12/><T127/><D127/><AGARI ba="0,0" hai="48,54,58,92,93,124,125,127" m="26665,1610" machi="127" ten="30,1500,0" yaku="18,1" doraHai="76" who="2" fromWho="0" sc="321,-15,356,0,195,15,128,0" />
</Scene>
<Scene>
<INIT seed="6,1,0,4,3,11" ten="306,356,210,128" oya="2" hai0="84,7,119,3,72,81,92,21,86,1,62,134,59" hai1="65,57,116,90,24,35,120,8,41,103,123,53,37" hai2="44,130,12,121,49,61,67,80,104,58,135,97,4" hai3="34,51,40,2,50,111,124,132,82,60,26,125,83"/><V63/><F121/><N who="1" m="46665" /><E116/><V55/><F135/><W98/><G132/><T16/><D72/><U85/><E65/><V94/><F130/><W118/><G118/><T6/><D3/><U73/><E73/><V36/><F104/><W5/><G111/><T115/><D1/><U129/><E103/><V89/><F36/><W20/><G34/><T22/><D22/><U131/><E8/><N who="2" m="4103" /><F63/><W127/><G2/><T128/><D115/><U47/><E24/><V91/><F80/><W110/><G5/><T74/><D74/><U70/><E70/><V88/><AGARI ba="1,0" hai="44,49,55,58,61,67,88,89,91,94,97" m="4103" machi="88" ten="30,6000,0" yaku="8,1,52,1,54,1" doraHai="11" who="2" fromWho="2" sc="306,-21,356,-21,210,63,128,-21" />
</Scene>
<Scene>
<INIT seed="6,2,0,5,2,58" ten="285,335,273,107" oya="2" hai0="57,110,109,29,17,66,85,97,44,115,91,15,28" hai1="131,127,35,21,95,134,33,47,34,113,38,73,0" hai2="53,43,67,27,16,119,84,14,50,63,104,114,86" hai3="75,26,39,45,129,132,71,54,135,40,78,24,101"/><V117/><F104/><W72/><G101/><T105/><D97/><U69/><RYUUKYOKU type="yao9" ba="2,0" sc="285,0,335,0,273,0,107,0" hai1="0,21,33,34,35,38,47,69,73,95,113,127,131,134" />
</Scene>
<Scene>
<INIT seed="6,3,0,3,2,93" ten="285,335,273,107" oya="2" hai0="42,54,55,8,90,110,17,30,78,67,105,117,28" hai1="22,7,122,3,118,125,123,14,45,40,15,95,126" hai2="113,72,84,31,26,104,65,97,71,44,56,50,101" hai3="106,98,96,60,61,132,91,38,119,43,9,12,134"/><V83/><F113/><W4/><G119/><T58/><D42/><U51/><E118/><V128/><F128/><W116/><G116/><T49/><D78/><U25/><E3/><V82/><F72/><W88/><G43/><T41/><D110/><U47/><E95/><V13/><F13/><N who="1" m="4617" /><E45/><V108/><F56/><W29/><G29/><T94/><D105/><U124/><E7/><V24/><F108/><W86/><G38/><T6/><D17/><AGARI ba="3,0" hai="17,22,25,40,47,51,122,123,124,125,126" m="4617" machi="17" ten="40,1300,0" yaku="18,1" doraHai="93" who="1" fromWho="0" sc="285,-22,335,22,273,0,107,0" />
</Scene>
<Scene>
<INIT seed="7,0,0,4,5,132" ten="263,357,273,107" oya="3" hai0="12,40,50,45,95,21,33,51,37,48,3,84,10" hai1="124,66,27,82,112,4,28,5,89,116,36,76,105" hai2="70,125,101,11,41,25,102,15,30,130,134,7,78" hai3="135,113,111,74,1,29,69,96,87,119,9,23,88"/><W93/><G119/><T14/><D33/><U128/><E105/><V75/><F70/><W24/><G74/><T108/><D108/><U123/><E123/><V79/><F134/><W73/><G73/><T77/><D21/><U85/><E36/><V38/><F130/><W99/><G135/><T103/><D103/><U26/><E128/><V91/><F125/><W131/><G131/><T20/><D20/><U115/><E124/><V8/><F38/><W0/><G111/><T34/><D34/><U16/><E116/><V42/><F75/><W46/><G113/><N who="1" m="43594" /><E66/><V19/><F91/><W92/><G69/><T60/><D60/><U31/><E16/><V120/><F120/><W67/><G67/><T65/><D65/><U17/><E17/><V63/><F63/><W127/><G127/><T107/><D95/><N who="1" m="54703" /><E27/><V71/><F71/><W62/><G62/><T47/><D47/><U98/><E98/><V53/><F30/><N who="1" m="11305" /><E26/><V72/><F25/><W58/><G58/><T80/><REACH who="0" step="1"/><D107/><REACH who="0" ten="253,357,273,107" step="2"/><U59/><E59/><V118/><F118/><W117/><G117/><T57/><D57/><U104/><E104/><V6/><F102/><W94/><G46/><T126/><D126/><U110/><E110/><V100/><F100/><N who="3" m="60423" /><G9/><T114/><D114/><U35/><E35/><V121/><F121/><W106/><G106/><T55/><D55/><U61/><E61/><V43/><F53/><W97/><G97/><T83/><D83/><U32/><E32/><V122/><F122/><W56/><G56/><T90/><D90/><U49/><E82/><V2/><F11/><W109/><G109/><RYUUKYOKU ba="0,1" sc="253,15,357,-15,273,-15,107,15" hai0="3,10,12,14,37,40,45,48,50,51,77,80,84" hai3="0,1,23,24,29,87,88,93,94,99" />
</Scene>
<Scene>
<INIT seed="7,1,1,4,2,8" ten="268,342,258,122" oya="3" hai0="20,44,37,12,27,106,55,76,80,116,74,110,4" hai1="60,65,97,114,128,78,119,64,40,47,99,58,125" hai2="120,14,118,72,24,0,73,129,13,29,57,88,52" hai3="75,6,70,15,71,39,7,134,91,45,103,126,31"/><W63/><G75/><T92/><D106/><U123/><E123/><V93/><F118/><W10/><G126/><T2/><D110/><U23/><E125/><V11/><F0/><W9/><G134/><T38/><D38/><U86/><E119/><V26/><F120/><W89/><G103/><T49/><D2/><U21/><E64/><V35/><F129/><W94/><G31/><T30/><D37/><U46/><E114/><V48/><F24/><W34/><G34/><T135/><D135/><U79/><E128/><V98/><F14/><W102/><G102/><T42/><D92/><U41/><E86/><V59/><F59/><W112/><G112/><T54/><REACH who="0" step="1"/><D116/><REACH who="0" ten="258,342,258,122" step="2"/><U109/><E109/><V101/><F101/><W127/><G127/><T66/><D66/><U32/><E65/><V33/><F33/><W107/><G107/><T124/><D124/><U130/><E32/><V100/><F100/><W133/><G133/><T111/><D111/><U81/><E130/><V56/><F56/><W17/><G7/><AGARI ba="1,2" hai="7,11,13,26,29,35,48,52,57,72,73,88,93,98" machi="7" ten="30,7700,0" yaku="7,1,52,1,54,2" doraHai="8" who="2" fromWho="3" sc="258,0,342,0,258,100,122,-80" owari="258,-14.0,342,14.0,358,46.0,42,-46.0" />
</Scene>
</mjloggm>