<mjloggm ver="2.3"><GO type="169"/><UN n0="%E3%81%A7%E3%81%93%E3%81%98" n1="%E2%98%85%E3%83%86%E3%82%AF%E3%83%8E%E3%83%8F%E3%82%A6%E3%82%B9%E2%98%85" n2="%E3%83%9E%E3%83%9E%E3%81%94%E9%A3%AF%E3%81%BE%E3%81%A0%EF%BC%9F" n3="%E5%A4%AA%E3%81%8F%E3%81%AA%E3%81%84%E3%81%8A" dan="17,16,17,17" rate="2141,2009,2234,2177" sx="M,M,M,M"/><TAIKYOKU oya="0"/>

<Scene>
<INIT seed="0,0,0,2,3,100" ten="250,250,250,250" oya="0" hai0="57,103,9,121,118,69,131,106,128,8,23,49,73" hai1="115,10,99,72,85,5,93,47,113,102,61,83,6" hai2="32,4,81,114,51,0,109,17,35,71,20,120,29" hai3="60,86,22,134,40,101,132,1,105,119,24,36,18"/><T62/><D118/><U129/><E129/><N who="0" m="49737" /><D121/><U75/><E61/><V25/><F51/><W124/><G119/><T30/><D73/><U70/><E70/><V95/><F81/><W65/><G1/><T7/><D69/><U27/><E27/><N who="2" m="14735" /><F95/><W52/><G124/><T96/><D49/><U42/><E6/><V135/><F71/><W107/><G86/><T74/><D74/><U31/><E31/><N who="2" m="19567" /><F120/><W45/><G65/><N who="0" m="39119" /><D7/><U130/><E130/><V123/><F123/><W88/><G88/><T33/><D33/><U46/><E46/><V89/><F35/><W64/><G64/><T16/><D30/><U117/><E117/><V59/><F59/><N who="3" m="34919" /><G101/><T19/><D19/><U48/><E115/><V79/><F29/><W125/><G125/><T38/><D38/><U112/><E112/><V13/><F4/><W44/><G45/><T82/><D82/><U91/><E113/><V21/><F114/><W90/><G90/><T110/><D110/><U15/><AGARI ba="0,0" hai="5,10,15,42,47,48,72,75,83,85,91,93,99,102" machi="15" ten="20,1500,0" yaku="0,1,7,1" doraHai="100" who="1" fromWho="1" sc="250,-7,250,15,250,-4,250,-4" />
</Scene>
<Scene>
<INIT seed="1,0,0,0,1,68" ten="243,265,246,246" oya="1" hai0="102,91,33,26,40,114,72,98,49,8,121,74,61" hai1="135,86,2,58,130,104,84,133,131,70,103,55,19" hai2="66,53,14,12,34,37,108,0,29,27,11,96,18" hai3="120,75,82,67,57,4,115,35,31,73,119,124,101"/><U32/><E70/><V78/><F108/><W110/><G120/><T109/><D114/><U62/><E32/><V117/><F117/><W90/><G115/><T41/><D109/><U95/><E104/><V3/><F66/><W21/><G110/><T92/><D121/><U93/><E2/><V100/><F78/><W42/><G124/><T111/><D111/><U83/><E19/><V24/><F37/><W127/><G127/><T87/><D8/><U45/><E45/><V88/><F24/><W46/><G119/><T81/><D61/><U60/><E103/><V36/><F36/><W30/><G4/><T54/><D33/><U107/><E107/><V126/><F126/><W71/><G101/><T13/><D26/><U132/><E62/><V129/><F129/><N who="1" m="49161" /><E84/><V1/><F14/><W20/><G71/><T76/><D13/><U106/><E106/><V105/><F53/><W44/><G35/><T99/><D99/><U59/><E58/><V23/><REACH who="2" step="1"/><F88/><AGARI ba="0,0" hai="55,59,60,83,86,88,93,95,132,133,135" m="49161" machi="88" ten="40,7700,0" yaku="20,1,19,1,54,1" doraHai="68" who="1" fromWho="2" sc="243,0,265,77,246,-77,246,0" />
</Scene>
<Scene>
<INIT seed="1,1,0,1,0,123" ten="243,342,169,246" oya="1" hai0="9,112,68,8,125,103,45,73,88,133,82,107,100" hai1="87,96,14,51,122,28,32,42,16,97,77,90,64" hai2="25,69,57,94,4,95,41,121,111,67,44,98,20" hai3="76,24,128,71,52,39,86,7,50,66,23,10,11"/><U18/><E77/><V12/><F121/><W126/><G39/><T85/><D112/><U131/><E64/><V1/><F1/><W70/><G126/><T62/><D125/><U43/><E18/><V46/><F69/><W48/><G128/><T63/><D133/><U27/><E131/><V13/><F95/><W130/><G130/><T30/><D73/><U38/><E38/><V106/><F106/><W40/><G40/><T22/><D45/><U33/><E32/><V31/><F46/><W119/><G119/><T120/><D120/><U78/><E78/><V83/><F83/><W81/><G48/><T99/><D103/><U134/><E134/><V29/><F29/><W89/><G76/><T19/><D30/><U47/><E43/><V58/><F4/><W79/><G79/><T116/><D116/><U2/><E2/><V105/><F105/><W21/><G10/><T17/><D17/><U93/><REACH who="1" step="1"/><E122/><REACH who="1" ten="243,332,169,246" step="2"/><V102/><F67/><W104/><G66/><T59/><D68/><U0/><E0/><V60/><F13/><W54/><G71/><T26/><D63/><U72/><E72/><V49/><F12/><W56/><G70/><T129/><REACH who="0" step="1"/><D129/><REACH who="0" ten="233,332,169,246" step="2"/><U101/><E101/><V53/><REACH who="2" step="1"/><F57/><REACH who="2" ten="233,332,159,246" step="2"/><W118/><G56/><T80/><D80/><U65/><E65/><AGARI ba="1,3" hai="8,9,19,22,26,59,62,65,82,85,88,99,100,107" machi="65" ten="30,3900,0" yaku="1,1,7,1,54,1,53,0" doraHai="123" doraHaiUra="113" who="0" fromWho="1" sc="233,72,332,-42,159,0,246,0" />
</Scene>
<Scene>
<INIT seed="2,0,0,3,2,79" ten="305,290,159,246" oya="2" hai0="100,7,28,101,10,106,32,84,122,37,0,57,115" hai1="71,8,99,69,67,5,65,86,114,17,94,103,19" hai2="110,1,64,87,76,39,14,38,66,25,33,18,75" hai3="34,62,93,134,30,82,116,97,45,51,119,80,118"/><V40/><F1/><W9/><G134/><T124/><D115/><U6/><E114/><V77/><F75/><W126/><G126/><T95/><D122/><U90/><E69/><V60/><F110/><W42/><G9/><T102/><D37/><U13/><E71/><V89/><F64/><W104/><G104/><T43/><D124/><U73/><E73/><V53/><F53/><W72/><G72/><T123/><D123/><U111/><E111/><V74/><F25/><W63/><G30/><T130/><D130/><U70/><E70/><V47/><F33/><W35/><G35/><T15/><D43/><U36/><E36/><V81/><F38/><W4/><G4/><N who="1" m="1642" /><E17/><V131/><F131/><W46/><G46/><T91/><D106/><U128/><E128/><V26/><F26/><W98/><G34/><T20/><D57/><U68/><E68/><V121/><F121/><W31/><G31/><T24/><D100/><U27/><E27/><V58/><REACH who="2" step="1"/><F74/><REACH who="2" ten="305,290,149,246" step="2"/><W135/><G135/><T55/><D55/><U52/><E52/><V50/><F50/><W105/><G62/><T22/><D20/><AGARI ba="0,1" hai="14,18,20,39,40,47,58,60,66,76,77,81,87,89" machi="20" ten="30,5800,0" yaku="1,1,7,1,52,1,53,0" doraHai="79" doraHaiUra="88" who="2" fromWho="0" sc="305,-58,290,0,149,68,246,0" />
</Scene>
<Scene>
<INIT seed="2,1,0,3,1,131" ten="247,290,217,246" oya="2" hai0="82,88,17,34,22,18,87,36,44,48,61,41,135" hai1="115,71,109,45,105,104,125,108,15,103,122,124,114" hai2="4,5,7,76,126,70,91,23,97,81,40,26,73" hai3="95,28,113,90,3,117,67,13,39,123,1,0,112"/><V99/><F70/><W133/><G123/><T53/><D34/><U110/><E71/><V11/><F126/><N who="1" m="48745" /><E45/><V102/><F40/><W66/><G117/><T27/><D61/><U51/><E51/><V101/><F11/><W79/><G39/><T74/><D74/><U55/><E55/><V19/><REACH who="2" step="1"/><F91/><REACH who="2" ten="247,290,207,246" step="2"/><W58/><G90/><T89/><D89/><U31/><E122/><V30/><F30/><W14/><G28/><T107/><D107/><N who="1" m="41035" /><E103/><AGARI ba="1,1" hai="4,5,7,19,23,26,73,76,81,97,99,101,102,103" machi="103" ten="40,2000,0" yaku="1,1,53,0" doraHai="131" doraHaiUra="130" who="2" fromWho="1" sc="247,0,290,-23,207,33,246,0" />
</Scene>
<Scene>
<INIT seed="2,2,0,0,4,60" ten="247,267,240,246" oya="2" hai0="34,10,124,134,44,110,130,6,106,18,112,28,103" hai1="69,52,8,129,25,2,29,75,32,27,93,104,128" hai2="37,66,83,47,11,13,31,45,49,94,48,97,50" hai3="116,118,84,21,91,56,115,58,114,99,133,9,89"/><V22/><F37/><W80/><G133/><T1/><D112/><N who="3" m="43049" /><G9/><T5/><D44/><U15/><E104/><V111/><F111/><W3/><G3/><T71/><D134/><U19/><E75/><V87/><F66/><W55/><G21/><T95/><D110/><U126/><E69/><V82/><F22/><W78/><G58/><T131/><D95/><U77/><E77/><N who="2" m="46543" /><F31/><W30/><G30/><T68/><D124/><U17/><E126/><V135/><F135/><W70/><G70/><N who="0" m="26667" /><D6/><U119/><E119/><N who="3" m="45610" /><G99/><N who="0" m="61823" /><D18/><U36/><E36/><V79/><F11/><W40/><G40/><T125/><D125/><U23/><E2/><V43/><F43/><W24/><G24/><AGARI ba="2,0" hai="1,5,10,24,28,34,130,131" m="61823,26667" machi="24" ten="30,1000,0" yaku="23,1" doraHai="60" who="0" fromWho="3" sc="247,16,267,0,240,0,246,-16" />
</Scene>
<Scene>
<INIT seed="3,0,0,0,4,97" ten="263,267,240,230" oya="3" hai0="50,104,62,81,55,59,73,48,99,95,36,8,10" hai1="53,34,37,100,63,129,45,106,14,83,42,92,18" hai2="125,111,114,41,69,60,33,21,102,126,49,25,0" hai3="85,68,108,9,3,127,27,89,116,11,19,17,35"/><W5/><G116/><T65/><D36/><U6/><E106/><V26/><F0/><W28/><G68/><T128/><D104/><U120/><E34/><V39/><F39/><W32/><G127/><T74/><D128/><U15/><E129/><V123/><F111/><W30/><G108/><T88/><D50/><U29/><E29/><N who="3" m="11370" /><G89/><T96/><D96/><U1/><E83/><V130/><F69/><W40/><G85/><T112/><D112/><U122/><E1/><V94/><F114/><W93/><G93/><T31/><D31/><U23/><E6/><V110/><F94/><W57/><G57/><T103/><D74/><U119/><E15/><V13/><F110/><W7/><G40/><T121/><D121/><U71/><E119/><V101/><F123/><W47/><G47/><N who="0" m="28063" /><D73/><U76/><E76/><V16/><F130/><W54/><G54/><T115/><D115/><U133/><E133/><V72/><F72/><W46/><G46/><T135/><D135/><U90/><E71/><V131/><F131/><W52/><G52/><T132/><D132/><U24/><E122/><V61/><F126/><W105/><G105/><T91/><D91/><U43/><E90/><V4/><F125/><W86/><G86/><AGARI ba="0,0" hai="8,10,59,62,65,81,86,88,95,99,103" m="28063" machi="86" ten="30,3900,0" yaku="8,1,52,1,54,1" doraHai="97" who="0" fromWho="3" sc="263,39,267,0,240,0,230,-39" />
</Scene>
<Scene>
<INIT seed="4,0,0,2,1,101" ten="302,267,240,191" oya="0" hai0="17,79,100,49,87,95,38,51,56,16,114,123,106" hai1="112,33,90,2,128,41,62,92,35,85,83,86,19" hai2="18,89,63,125,31,12,97,9,48,36,32,59,57" hai3="15,122,88,22,71,64,113,25,50,54,131,118,76"/><T11/><D123/><U61/><E2/><V3/><F36/><W91/><G118/><T60/><D38/><U77/><E128/><V109/><F3/><W24/><G131/><T115/><D79/><U46/><E33/><V13/><F109/><W72/><G122/><T40/><D87/><U94/><E35/><V99/><F125/><W116/><G116/><T10/><D95/><U75/><E19/><N who="0" m="7241" /><D11/><U4/><E4/><V73/><F73/><W74/><G113/><N who="0" m="43019" /><D10/><U58/><E112/><V0/><F9/><W44/><G15/><T126/><D40/><U29/><E29/><V23/><F13/><W39/><G39/><T78/><D78/><U53/><E62/><V45/><F12/><W104/><G76/><T65/><D126/><U93/><REACH who="1" step="1"/><E75/><REACH who="1" ten="302,257,240,191" step="2"/><V27/><F31/><W119/><G72/><T7/><D7/><U68/><E68/><V102/><F0/><W69/><G71/><T1/><D1/><U135/><E135/><V133/><F133/><W98/><G74/><T70/><D70/><U6/><E6/><V67/><F32/><W121/><G119/><T110/><D110/><U129/><E129/><V21/><F18/><W124/><G121/><T82/><D82/><U66/><E66/><V14/><F67/><W134/><G124/><T28/><D28/><U107/><E107/><V30/><F30/><N who="3" m="17687" /><G134/><T81/><D81/><U26/><E26/><V117/><F27/><W42/><G25/><T103/><D106/><U34/><E34/><V84/><F117/><W5/><G5/><T52/><D65/><U20/><E20/><V105/><F23/><RYUUKYOKU ba="0,1" sc="302,15,257,15,240,-15,191,-15" hai0="49,51,52,56,60,100,103" hai1="41,46,53,58,61,77,83,85,86,90,92,93,94" />
</Scene>
<Scene>
<INIT seed="4,1,1,1,0,103" ten="317,272,225,176" oya="0" hai0="112,91,67,114,108,106,14,129,28,73,69,16,7" hai1="80,100,110,37,24,95,55,31,81,90,135,104,121" hai2="128,5,98,46,94,82,119,88,47,33,59,1,84" hai3="93,20,18,27,99,36,101,32,21,9,78,4,124"/><T70/><D73/><U41/><E110/><V40/><F33/><W23/><G36/><T65/><D108/><U79/><E80/><V107/><F128/><W60/><G124/><T26/><D129/><U64/><E64/><N who="0" m="24649" /><D7/><U35/><E135/><V43/><F119/><W34/><G60/><T115/><D91/><U48/><E41/><N who="2" m="15947" /><F107/><W92/><G78/><T56/><D56/><U22/><E37/><V2/><F1/><W113/><G113/><T6/><D6/><U97/><E121/><V116/><F2/><W131/><G131/><T62/><D62/><U133/><E133/><V25/><F5/><W8/><G34/><N who="0" m="20759" /><D106/><U45/><E35/><V30/><F116/><W130/><G130/><T109/><D109/><U52/><E79/><V0/><F0/><W61/><G61/><T54/><D54/><U58/><E81/><V76/><F59/><W96/><G32/><T117/><D117/><U134/><E134/><V66/><F66/><W120/><G120/><T3/><D3/><U74/><E74/><V126/><F25/><W42/><G42/><T51/><D51/><N who="1" m="31007" /><E104/><V13/><F46/><W105/><G105/><T111/><D111/><U118/><E118/><V49/><F47/><W87/><G4/><T15/><D15/><U11/><E11/><AGARI ba="1,1" hai="11,14,16,69,70,112,114,115" m="20759,24649" machi="11" ten="30,2900,0" yaku="15,1,54,1" doraHai="103" who="0" fromWho="1" sc="317,42,272,-32,225,0,176,0" />
</Scene>
<Scene>
<INIT seed="4,2,0,1,2,90" ten="359,240,225,176" oya="0" hai0="109,73,34,89,14,68,59,65,1,114,82,55,27" hai1="20,101,107,51,87,2,49,93,66,45,62,99,95" hai2="108,100,44,64,124,26,131,22,7,58,112,135,28" hai3="31,86,11,117,104,5,96,33,41,23,12,126,9"/><T30/><BYE who="2" /><D1/><U76/><E2/><V71/><F71/><W106/><G117/><T127/><D114/><U130/><E130/><V15/><F15/><W118/><G118/><T46/><D127/><U115/><E115/><V105/><F105/><W77/><G126/><T83/><D109/><U125/><E125/><V35/><F35/><W70/><G70/><T122/><D122/><U6/><E6/><V84/><F84/><W16/><G41/><T103/><D103/><U24/><E51/><V32/><F32/><W19/><G96/><T98/><D73/><U120/><E120/><V10/><F10/><W60/><G60/><T8/><D46/><U97/><E87/><V78/><F78/><W3/><G77/><T52/><D65/><U94/><E76/><V79/><F79/><W69/><G69/><T36/><D36/><U17/><E99/><V91/><F91/><W132/><G132/><T92/><D68/><U74/><E74/><V38/><F38/><W42/><G42/><T72/><D72/><U128/><E128/><V67/><F67/><W50/><G50/><T102/><D102/><U0/><E0/><V57/><F57/><W18/><G86/><T4/><REACH who="0" step="1"/><D55/><REACH who="0" ten="349,240,225,176" step="2"/><N who="1" m="30127" /><E107/><V110/><F110/><W47/><G47/><T13/><D13/><U113/><E113/><V53/><F53/><W134/><G106/><T111/><D111/><U21/><E101/><V88/><F88/><W29/><G104/><T48/><AGARI ba="2,1" hai="4,8,14,27,30,34,48,52,59,82,83,89,92,98" machi="48" ten="20,12000,1" yaku="1,1,0,1,7,1,52,1,54,1,53,0" doraHai="90" doraHaiUra="121" who="0" fromWho="0" sc="349,136,240,-42,225,-42,176,-42" />
</Scene>
<Scene>
<INIT seed="4,3,0,2,5,48" ten="485,198,183,134" oya="0" hai0="52,132,93,99,14,111,10,91,121,82,24,90,102" hai1="113,75,36,108,54,13,41,118,124,23,109,5,45" hai2="21,127,25,128,50,9,59,30,39,94,89,103,17" hai3="49,130,92,58,84,80,28,56,117,125,68,43,96"/><T32/><D121/><U72/><E118/><V8/><F8/><W22/><G117/><T11/><D132/><U55/><E124/><V107/><F107/><W62/><G125/><T34/><D111/><U73/><E113/><V0/><F0/><W120/><G130/><T81/><D32/><U47/><E45/><V131/><F131/><W3/><G3/><T40/><D40/><U110/><REACH who="1" step="1"/><E23/><REACH who="1" ten="485,188,183,134" step="2"/><V6/><F6/><W38/><G22/><T123/><D123/><U74/><N who="1" m="18944" /><DORA hai="18" /><U69/><E69/><V114/><F114/><W135/><G68/><T77/><D34/><U87/><E87/><V20/><F20/><W105/><G84/><T51/><D11/><AGARI ba="3,1" hai="5,11,13,36,41,47,54,55,108,109,110" m="18944" machi="11" ten="80,8000,1" yaku="1,1,52,2,53,1" doraHai="48,18" doraHaiUra="71,26" who="1" fromWho="0" sc="485,-89,188,99,183,0,134,0" />
</Scene>
<Scene>
<INIT seed="5,0,0,4,2,120" ten="396,287,183,134" oya="1" hai0="18,51,74,107,87,48,73,135,100,121,50,63,89" hai1="79,80,22,5,131,83,47,32,42,6,0,124,46" hai2="65,112,26,82,69,37,114,101,91,4,39,122,86" hai3="43,19,93,55,62,130,102,106,21,20,2,134,90"/><U64/><E32/><V92/><F92/><W108/><G2/><T94/><D121/><U12/><E0/><V24/><F24/><W33/><G33/><T40/><D135/><UN n2="%E3%83%9E%E3%83%9E%E3%81%94%E9%A3%AF%E3%81%BE%E3%81%A0%EF%BC%9F" /><U133/><E133/><V44/><F122/><W38/><G134/><T125/><D125/><U60/><E83/><V17/><F101/><W111/><G130/><T71/><D40/><U53/><E53/><V78/><F78/><W25/><G106/><T72/><D18/><U56/><E47/><V123/><F4/><W45/><G102/><T16/><D16/><U75/><E131/><V84/><F84/><W128/><G128/><T109/><D109/><U8/><E22/><N who="2" m="13647" /><F44/><W14/><G21/><T23/><D23/><U1/><E124/><V67/><F123/><W35/><G14/><T117/><D117/><U95/><E95/><V10/><F10/><W116/><G116/><T41/><D41/><U28/><E28/><V9/><F9/><W118/><G35/><T11/><D11/><U29/><E29/><V81/><F81/><W57/><REACH who="3" step="1"/><G118/><REACH who="3" ten="396,287,183,124" step="2"/><T70/><D100/><U119/><E119/><V7/><F7/><W104/><G104/><T27/><D107/><U15/><REACH who="1" step="1"/><E6/><REACH who="1" ten="396,277,183,124" step="2"/><V76/><F82/><W85/><AGARI ba="0,2" hai="19,20,25,38,43,45,55,57,62,85,90,93,108,111" machi="85" ten="20,12000,2" yaku="1,1,0,1,7,1,52,2,53,1" doraHai="120" doraHaiUra="52" who="3" fromWho="3" sc="396,-30,277,-60,183,-30,124,140" />
</Scene>
<Scene>
<INIT seed="6,0,0,5,4,83" ten="366,217,153,264" oya="2" hai0="130,12,106,120,108,65,31,15,75,109,85,88,132" hai1="86,135,47,119,54,76,115,128,73,28,44,49,126" hai2="124,9,104,53,11,36,79,77,56,113,33,60,1" hai3="72,38,70,43,82,97,13,50,87,52,22,58,134"/><V125/><F104/><W114/><G70/><T0/><D75/><U17/><E119/><V62/><F36/><W51/><G72/><T68/><D120/><U118/><E118/><V14/><F33/><W8/><G134/><T7/><D106/><U116/><E116/><V3/><F113/><W102/><G114/><T42/><D0/><N who="2" m="74" /><F14/><W67/><G67/><T78/><D132/><U10/><E73/><V131/><F131/><W18/><G38/><T21/><D78/><N who="2" m="29706" /><F56/><W48/><G43/><T100/><D42/><U91/><E76/><V133/><F53/><W45/><G58/><T46/><D46/><U57/><E135/><V127/><F127/><W117/><G22/><T19/><D130/><U64/><E128/><V90/><F90/><N who="3" m="51575" /><G117/><T99/><D21/><U16/><E115/><V94/><F133/><W24/><G24/><T35/><D35/><U40/><E126/><N who="2" m="48747" /><F94/><AGARI ba="0,0" hai="8,13,18,45,48,50,51,52,94,97,102" m="51575" machi="94" ten="30,7700,0" yaku="25,1,8,1,52,1,54,1" doraHai="83" who="3" fromWho="2" sc="366,0,217,0,153,-77,264,77" />
</Scene>
<Scene>
<INIT seed="7,0,0,5,3,10" ten="366,217,76,341" oya="3" hai0="117,86,33,54,72,62,6,96,105,118,134,83,20" hai1="98,28,133,112,74,42,4,127,79,129,122,107,18" hai2="113,52,48,43,78,21,37,47,63,7,32,114,56" hai3="92,125,35,93,65,39,97,67,110,5,69,77,95"/><W84/><G39/><T16/><D33/><U27/><E122/><V71/><F21/><W82/><G35/><T68/><D72/><U59/><E42/><V116/><F78/><W108/><G125/><T120/><D120/><U103/><E127/><V8/><F32/><W89/><G5/><T0/><D134/><U25/><E4/><V14/><REACH who="2" step="1"/><F116/><REACH who="2" ten="366,217,66,341" step="2"/><W29/><G29/><T45/><D117/><U11/><E28/><V85/><F85/><W58/><G69/><T26/><D86/><U90/><E74/><V99/><F99/><N who="3" m="57743" /><G58/><T13/><D96/><U38/><E59/><V104/><F104/><W130/><BYE who="2" /><G130/><T131/><D105/><U22/><E98/><V88/><F88/><N who="3" m="55527" /><G93/><T119/><D68/><U123/><E107/><V34/><F34/><W75/><G75/><T102/><D131/><U57/><E129/><V60/><F60/><W124/><G124/><T128/><D128/><U70/><E133/><V94/><F94/><W111/><AGARI ba="0,1" hai="65,67,77,82,84,108,110,111" m="55527,57743" machi="111" ten="30,3000,0" yaku="10,1,54,1" doraHai="10" who="3" fromWho="3" sc="366,-10,217,-10,66,-10,341,40" owari="356,16.0,207,-19.0,56,-44.0,381,47.0" />
</Scene>
</mjloggm>