<mjloggm ver="2.3"><GO type="169"/><UN n0="%E6%A1%9C%E7%8C%AB" n1="%E5%A4%AA%E3%81%8F%E3%81%AA%E3%81%84%E3%81%8A" n2="%E2%98%85%E3%82%86%E3%83%BC%E2%98%86" n3="%E3%83%90%E3%83%AB%E3%81%B0%E3%82%8B" dan="16,17,17,16" rate="2063,2129,2189,2004" sx="F,M,M,M"/><TAIKYOKU oya="0"/>

<Scene>
<INIT seed="0,0,0,3,5,123" ten="250,250,250,250" oya="0" hai0="98,101,132,52,74,87,76,129,36,127,3,135,26" hai1="13,38,51,1,10,125,109,90,102,79,77,95,78" hai2="41,59,106,110,8,85,133,21,46,20,47,64,54" hai3="81,55,120,65,56,84,118,80,75,82,48,30,117"/><T33/><D36/><U50/><E38/><V112/><F106/><W111/><G120/><T44/><D3/><U9/><E125/><V29/><F64/><W107/><G107/><T15/><D74/><U72/><E72/><V122/><F122/><W73/><G30/><T31/><D127/><U23/><E102/><V5/><F112/><W14/><G65/><T4/><D129/><U119/><E119/><V63/><F133/><N who="0" m="51274" /><D76/><U92/><E109/><V53/><F110/><W57/><G111/><T40/><D87/><N who="1" m="52319" /><E1/><V121/><F29/><W126/><G126/><T128/><D128/><U134/><E134/><V115/><F115/><W67/><G75/><T71/><D71/><U97/><E23/><V94/><F54/><W58/><G73/><T108/><D108/><U124/><E10/><V88/><F121/><W19/><G84/><T45/><D40/><U89/><E124/><V25/><F25/><W116/><REACH who="3" step="1"/><G67/><REACH who="3" ten="250,250,250,240" step="2"/><T43/><D43/><U32/><E32/><V27/><F41/><W61/><G61/><T16/><D4/><AGARI ba="0,1" hai="4,9,13,50,51,77,78,79,89,95,97" m="52319" machi="4" ten="30,1000,0" yaku="8,1" doraHai="123" who="1" fromWho="0" sc="250,-10,250,20,250,0,240,0" />
</Scene>
<Scene>
<INIT seed="1,0,0,0,5,38" ten="240,270,250,240" oya="1" hai0="112,115,75,128,54,127,123,73,79,72,85,95,118" hai1="119,5,110,84,34,102,74,105,65,29,44,16,42" hai2="8,78,70,10,37,121,67,97,33,13,82,124,90" hai3="129,89,117,23,58,12,125,32,36,76,96,64,20"/><U71/><E119/><V30/><F37/><W126/><G32/><T134/><D118/><U45/><E74/><N who="0" m="28777" /><D54/><U50/><E5/><V103/><F90/><W55/><G76/><T6/><D6/><U47/><E110/><V57/><F57/><W39/><G64/><T98/><D123/><U2/><E2/><V35/><F13/><W46/><G129/><T21/><D21/><U9/><E84/><V19/><F19/><W4/><G20/><T80/><D128/><U18/><E45/><V122/><F124/><W62/><G117/><T52/><D127/><U99/><E47/><V25/><F35/><W106/><G106/><T111/><D52/><U101/><E101/><V91/><F91/><W60/><G60/><T86/><D111/><U113/><E113/><N who="0" m="43593" /><D134/><U120/><E120/><V61/><F8/><W107/><G126/><T100/><AGARI ba="0,0" hai="75,79,80,85,86,95,98,100" m="43593,28777" machi="100" ten="30,2000,0" yaku="34,2" doraHai="38" who="0" fromWho="0" sc="240,20,270,-10,250,-5,240,-5" />
</Scene>
<Scene>
<INIT seed="2,0,0,3,5,43" ten="260,260,245,235" oya="2" hai0="133,104,87,71,20,128,64,101,52,116,127,32,98" hai1="135,69,115,38,129,4,31,60,23,37,35,123,5" hai2="85,39,6,29,82,81,47,80,92,40,1,90,89" hai3="100,8,65,16,25,130,84,112,95,102,94,14,51"/><V117/><F117/><W36/><G36/><T74/><D116/><U119/><E119/><V19/><F29/><W13/><G130/><T62/><D74/><U15/><E115/><V55/><F19/><W59/><G112/><T9/><D128/><U96/><E129/><V120/><F120/><W131/><G131/><T105/><D133/><U12/><E135/><V110/><F110/><W66/><G25/><T3/><D127/><U107/><E123/><V61/><F6/><W21/><G66/><T70/><D87/><U17/><E5/><V79/><F1/><W121/><G121/><T11/><D71/><U2/><E15/><V103/><F103/><N who="3" m="39467" /><G84/><T44/><D105/><U41/><E96/><V106/><F106/><W99/><G99/><T22/><D32/><U91/><E107/><V113/><F113/><W73/><G73/><T26/><D3/><U109/><E109/><V42/><F42/><W126/><G126/><T132/><D132/><U48/><E41/><V83/><REACH who="2" step="1"/><F92/><REACH who="2" ten="260,260,235,235" step="2"/><W67/><G95/><T49/><D22/><U57/><E2/><V72/><F72/><W108/><G94/><T54/><D54/><U53/><E23/><V24/><F24/><W30/><G30/><AGARI ba="0,1" hai="9,11,20,26,30,44,49,52,62,64,70,98,101,104" machi="30" ten="30,3900,0" yaku="7,1,52,1,54,1" doraHai="43" who="0" fromWho="3" sc="260,49,260,0,235,0,235,-39" />
</Scene>
<Scene>
<INIT seed="3,0,0,2,1,57" ten="309,260,235,196" oya="3" hai0="106,89,54,64,66,27,46,61,115,28,62,84,26" hai1="37,88,13,56,83,10,111,116,22,20,92,42,72" hai2="86,31,67,114,59,121,105,34,8,107,15,65,21" hai3="94,68,117,35,120,50,60,30,108,78,3,1,36"/><W74/><G120/><T45/><D106/><U32/><E32/><V133/><F34/><W49/><G117/><T14/><D115/><U112/><E112/><V4/><F114/><W134/><G134/><T53/><D14/><U85/><E116/><V23/><F133/><W103/><G36/><T70/><D46/><U135/><E135/><V55/><F107/><W126/><G126/><T91/><D45/><U9/><E111/><V24/><F105/><W19/><G19/><T109/><D109/><U87/><E72/><V127/><F127/><W123/><G123/><T12/><D12/><U81/><E37/><V76/><F121/><W131/><G131/><T80/><D89/><N who="1" m="51391" /><E42/><V29/><F76/><W63/><G68/><T25/><D28/><U48/><E81/><V79/><F79/><W52/><G78/><T58/><AGARI ba="0,0" hai="25,26,27,53,54,58,61,62,64,66,70,80,84,91" machi="58" ten="30,4000,0" yaku="0,1,52,2" doraHai="57" who="0" fromWho="0" sc="309,40,260,-10,235,-10,196,-20" />
</Scene>
<Scene>
<INIT seed="4,0,0,2,1,6" ten="349,250,225,176" oya="0" hai0="30,112,109,68,115,69,85,130,44,57,31,37,19" hai1="65,10,22,41,60,25,80,28,33,61,105,64,24" hai2="12,36,114,21,40,110,84,94,73,11,56,128,42" hai3="38,113,58,122,90,124,67,107,104,77,123,48,119"/><T0/><D109/><U103/><E41/><V101/><F73/><W20/><G38/><T18/><D0/><U62/><E80/><V133/><F110/><W46/><G77/><T16/><D57/><U43/><E43/><V127/><F36/><W88/><G119/><T125/><D85/><U91/><E91/><V87/><F114/><N who="0" m="43562" /><D130/><U55/><E55/><V98/><F133/><W1/><G1/><T78/><D78/><U5/><E103/><V27/><F127/><W74/><G74/><T66/><D66/><U111/><E105/><V83/><F56/><W131/><G124/><T51/><D37/><U29/><REACH who="1" step="1"/><E111/><REACH who="1" ten="349,240,225,176" step="2"/><V63/><F83/><W39/><G113/><T132/><D125/><U75/><E75/><V79/><F40/><W9/><G107/><T95/><D95/><U135/><E135/><V86/><F42/><W52/><G104/><T54/><D132/><U2/><AGARI ba="0,1" hai="2,5,10,22,24,25,28,29,33,60,61,62,64,65" machi="2" ten="30,7900,0" yaku="1,1,0,1,52,1,53,1" doraHai="6" doraHaiUra="32" who="1" fromWho="1" sc="349,-39,240,89,225,-20,176,-20" />
</Scene>
<Scene>
<INIT seed="5,0,0,2,2,99" ten="310,329,205,156" oya="1" hai0="35,53,76,80,48,19,82,89,37,55,62,0,77" hai1="28,27,66,81,57,60,75,6,116,54,84,119,112" hai2="52,110,58,30,95,129,93,74,133,3,70,115,94" hai3="18,118,122,71,91,103,25,109,4,41,90,8,43"/><U64/><E75/><V5/><F70/><W39/><G71/><T86/><D37/><U85/><E112/><V87/><F74/><W134/><G122/><T15/><D35/><U56/><E6/><V38/><F38/><W65/><G65/><T7/><D0/><U105/><E105/><V44/><F110/><W32/><G134/><T40/><D7/><U135/><E135/><V63/><F115/><W47/><G43/><T131/><D131/><U16/><E16/><V51/><F129/><W9/><G118/><T102/><D102/><U31/><E31/><V78/><F133/><W96/><G109/><T29/><D29/><U46/><E46/><V42/><F30/><W14/><G32/><T111/><D111/><U17/><E17/><V36/><F36/><W125/><G125/><T97/><D97/><U21/><E84/><V61/><F61/><W117/><G117/><T100/><D100/><U24/><E24/><V12/><F3/><W50/><G39/><T59/><D40/><U83/><E83/><N who="2" m="47607" /><F95/><N who="3" m="58783" /><G25/><T101/><D80/><U69/><E69/><V73/><F73/><W26/><G26/><T104/><D104/><U121/><E121/><V92/><F92/><W79/><G79/><T72/><D101/><U132/><E132/><V128/><F128/><W68/><G68/><T1/><D1/><U124/><E124/><V23/><F23/><W34/><G34/><T11/><D72/><U126/><E126/><V20/><F20/><W106/><G106/><T107/><D107/><U114/><E114/><V67/><F42/><W49/><G49/><T10/><D10/><AGARI ba="0,0" hai="5,10,12,44,51,52,58,63,67,93,94" m="47607" machi="10" ten="30,3900,0" yaku="6,1,8,1,54,1" doraHai="99" who="2" fromWho="0" sc="310,-39,329,0,205,39,156,0" />
</Scene>
<Scene>
<INIT seed="6,0,0,1,0,123" ten="271,329,244,156" oya="2" hai0="87,38,48,44,76,17,47,0,129,1,81,102,33" hai1="75,89,14,53,73,10,65,12,39,127,97,28,111" hai2="74,58,79,63,86,52,106,88,55,56,62,49,77" hai3="20,22,61,112,13,105,122,64,117,36,126,43,121"/><V134/><F106/><W124/><G117/><T96/><D33/><U128/><E39/><V16/><F74/><W32/><G20/><T41/><D129/><U35/><E111/><V25/><F134/><W131/><G105/><T42/><REACH who="0" step="1"/><D17/><REACH who="0" ten="261,329,244,156" step="2"/><U59/><E128/><V94/><F49/><W78/><G131/><T8/><D8/><U31/><E10/><V5/><F5/><W104/><G32/><T120/><D120/><U132/><E35/><V34/><F34/><W116/><G121/><T9/><D9/><U24/><E31/><V19/><F19/><W91/><G122/><T95/><AGARI ba="0,1" hai="0,1,38,41,42,44,47,48,76,81,87,95,96,102" machi="95" ten="20,2700,0" yaku="1,1,0,1,7,1,53,0" doraHai="123" doraHaiUra="67" who="0" fromWho="0" sc="261,37,329,-7,244,-13,156,-7" />
</Scene>
<Scene>
<INIT seed="7,0,0,2,2,18" ten="298,322,231,149" oya="3" hai0="24,113,59,124,75,69,65,93,46,72,79,49,27" hai1="121,119,54,55,99,39,2,21,32,117,132,41,73" hai2="78,80,47,40,110,87,76,23,107,103,4,77,88" hai3="48,105,68,135,42,86,122,83,115,3,91,38,95"/><W127/><G38/><T19/><D69/><U8/><E121/><V35/><F35/><W64/><G105/><T10/><D124/><U128/><E32/><V71/><F71/><W5/><G122/><T13/><D113/><U33/><E33/><V15/><F110/><W16/><G127/><T7/><D93/><U26/><E73/><V43/><F107/><W62/><G115/><T96/><D96/><U133/><E128/><V130/><F130/><W129/><G135/><N who="1" m="51786" /><E99/><V108/><F108/><W1/><G129/><T58/><D72/><U104/><E104/><V111/><F111/><W102/><G5/><T66/><D75/><U109/><E109/><V85/><F103/><W94/><G94/><T100/><D100/><U123/><E123/><V118/><F118/><N who="1" m="45065" /><E41/><V89/><F47/><W82/><G42/><T131/><D131/><U50/><E39/><V11/><REACH who="2" step="1"/><F23/><REACH who="2" ten="298,322,221,149" step="2"/><W97/><G82/><AGARI ba="0,1" hai="4,11,15,40,43,76,77,78,80,82,85,87,88,89" machi="82" ten="40,8000,1" yaku="1,1,2,1,9,1,8,1,54,1,53,0" doraHai="18" doraHaiUra="125" who="2" fromWho="3" sc="298,0,322,0,221,90,149,-80" owari="298,-10.0,322,42.0,311,11.0,69,-43.0" />
</Scene>
</mjloggm>