<mjloggm ver="2.3"><GO type="169" lobby="0"/><UN n0="%E5%A4%AA%E3%81%8F%E3%81%AA%E3%81%84%E3%81%8A" n1="%E4%BB%AE%E3%81%A7%E3%81%99" n2="%E3%82%B7%E3%83%AA%E3%82%A6%E3%82%B9%E3%80%82" n3="%70%69%79%6F%65%6D%6F%6E" dan="18,17,16,16" rate="2163.19,2080.51,2048.97,2046.79" sx="F,M,M,M"/><TAIKYOKU oya="0"/>

<Scene>
<INIT seed="0,0,0,3,0,23" ten="250,250,250,250" oya="0" hai0="112,70,35,25,114,66,31,55,5,77,13,47,56" hai1="105,85,110,124,16,10,40,79,24,121,115,125,82" hai2="88,46,89,33,43,94,122,59,86,22,126,7,36" hai3="93,8,129,83,64,116,71,30,39,2,104,132,76"/><T14/><D77/><U68/><E121/><V38/><F122/><W95/><G116/><T26/><D47/><U127/><E105/><V4/><F33/><W128/><G104/><T27/><D35/><U32/><E110/><V34/><F34/><W107/><G107/><T98/><D31/><U52/><E68/><V63/><F126/><W11/><G39/><T123/><D123/><U54/><E40/><V92/><F36/><W106/><G106/><T69/><D98/><U45/><E115/><V118/><F118/><W3/><G30/><T65/><D70/><U12/><E45/><V48/><F38/><W103/><G103/><T109/><D109/><U19/><E32/><V53/><F22/><AGARI ba="0,0" hai="10,12,16,19,22,24,52,54,79,82,85,124,125,127" machi="22" ten="40,8000,1" yaku="18,1,52,1,54,2" doraHai="23" who="1" fromWho="2" sc="250,0,250,80,250,-80,250,0" />
</Scene>
<Scene>
<INIT seed="1,0,0,5,5,27" ten="250,330,170,250" oya="1" hai0="21,80,0,117,64,124,9,12,24,83,23,7,133" hai1="31,51,72,49,15,111,68,77,123,97,96,32,40" hai2="66,6,90,74,100,95,43,131,56,86,62,70,59" hai3="108,14,114,106,2,130,57,60,85,105,81,38,91"/><U120/><E68/><V41/><F74/><W94/><G38/><T126/><D64/><U28/><E15/><V3/><F131/><W29/><G130/><T18/><D117/><U13/><E13/><V30/><F100/><W10/><G2/><T110/><D80/><U4/><E4/><V89/><F43/><W47/><G47/><T87/><D87/><U17/><E17/><V128/><F128/><W92/><G114/><T63/><D63/><U5/><E5/><V82/><F41/><W44/><G44/><T69/><D83/><U45/><E111/><V26/><F6/><W55/><G108/><T42/><D42/><U79/><E40/><V35/><F3/><W116/><G116/><T84/><D84/><AGARI ba="0,0" hai="26,30,35,56,59,62,66,70,82,84,86,89,90,95" machi="84" ten="30,2000,0" yaku="7,1,52,1" doraHai="27" who="2" fromWho="0" sc="250,-20,330,0,170,20,250,0" />
</Scene>
<Scene>
<INIT seed="2,0,0,5,4,133" ten="230,330,190,250" oya="2" hai0="65,15,102,118,16,37,35,79,95,22,72,119,32" hai1="110,85,96,74,114,131,111,106,86,46,59,3,42" hai2="45,125,29,20,54,76,55,98,130,100,2,4,112" hai3="6,28,68,82,39,117,73,51,84,91,10,27,97"/><V36/><F112/><W57/><G39/><T77/><D37/><U122/><E114/><V13/><F130/><W12/><G117/><N who="0" m="44555" /><D65/><U61/><E74/><V19/><F76/><N who="0" m="29258" /><D72/><U123/><E3/><V75/><F75/><W23/><G68/><T1/><D1/><U67/><E96/><AGARI ba="0,0" hai="15,16,22,32,35,95,96,102" m="29258,44555" machi="96" ten="30,2000,0" yaku="12,1,54,1" doraHai="133" who="0" fromWho="1" sc="230,20,330,-20,190,0,250,0" />
</Scene>
<Scene>
<INIT seed="3,0,0,2,0,75" ten="250,310,190,250" oya="3" hai0="26,67,22,106,125,111,129,78,87,108,83,5,97" hai1="27,24,127,91,59,117,70,29,53,0,25,124,123" hai2="100,95,40,134,66,11,94,63,30,13,14,118,17" hai3="52,82,31,90,79,112,8,49,47,81,85,68,133"/><W42/><G112/><T41/><D125/><U104/><E123/><V2/><F118/><W55/><G68/><T48/><D129/><U56/><E0/><V44/><F2/><W45/><G133/><T131/><D131/><U64/><E70/><V110/><F110/><N who="0" m="42026" /><D5/><U132/><E132/><V51/><F134/><W18/><G31/><N who="0" m="17879" /><D67/><U80/><E29/><V122/><F122/><W34/><G34/><T86/><D41/><U61/><E117/><V36/><F30/><W1/><G47/><T21/><D48/><U62/><E104/><V32/><F32/><W6/><G18/><T12/><D12/><U99/><E27/><V101/><F36/><W84/><AGARI ba="0,0" hai="1,6,8,42,45,49,52,55,79,81,82,84,85,90" machi="84" ten="20,7800,0" yaku="0,1,7,1,52,1,54,1" doraHai="75" who="3" fromWho="3" sc="250,-26,310,-26,190,-26,250,78" />
</Scene>
<Scene>
<INIT seed="3,1,0,3,2,57" ten="224,284,164,328" oya="3" hai0="121,59,105,93,26,126,94,64,134,85,6,97,39" hai1="100,61,51,21,80,44,63,109,30,22,62,41,53" hai2="23,99,18,71,34,0,27,56,133,66,38,108,28" hai3="87,81,72,15,20,35,42,58,25,45,14,70,102"/><W46/><G72/><T36/><D121/><U92/><E109/><V79/><F108/><W114/><G35/><T119/><D119/><U106/><E106/><V31/><F38/><W24/><G70/><T50/><D6/><U125/><E125/><V48/><F71/><W9/><G102/><T82/><D126/><U107/><E107/><V120/><F133/><W1/><G1/><T98/><D134/><U110/><E110/><V67/><F120/><W19/><G46/><T128/><D128/><U84/><E41/><V89/><F79/><W40/><G40/><T8/><D8/><U132/><E132/><V13/><F0/><W12/><G58/><T74/><D74/><U116/><E30/><V88/><F31/><W101/><G101/><T37/><D26/><U75/><E75/><V118/><F118/><W112/><G114/><T117/><D117/><U65/><E65/><V7/><F7/><W16/><G15/><T69/><D69/><U127/><E127/><V122/><F122/><W111/><G111/><T91/><D105/><U130/><E130/><V115/><F115/><W131/><G112/><T54/><D64/><U113/><E113/><V96/><F67/><W76/><G131/><T29/><D29/><U55/><E53/><V49/><F49/><AGARI ba="1,0" hai="9,12,14,16,19,20,24,25,42,45,49,76,81,87" machi="49" ten="30,5800,0" yaku="7,1,8,1,54,1" doraHai="57" who="3" fromWho="2" sc="224,0,284,0,164,-61,328,61" />
</Scene>
<Scene>
<INIT seed="3,2,0,4,1,29" ten="224,284,103,389" oya="3" hai0="74,132,97,82,109,78,27,76,48,49,13,70,83" hai1="110,17,98,0,73,81,86,77,25,65,31,67,47" hai2="87,94,85,3,116,66,59,15,72,92,134,19,42" hai3="7,43,105,96,6,99,63,103,127,131,4,35,60"/><W8/><G127/><T38/><D38/><U111/><E0/><V26/><F72/><W126/><G96/><T11/><D70/><U115/><E115/><V100/><F116/><W23/><G35/><T14/><D109/><U61/><E47/><V2/><F134/><W129/><G8/><T56/><D132/><U21/><E98/><V79/><F42/><W39/><G23/><T101/><D27/><U28/><E73/><V62/><F26/><W128/><G126/><T52/><D49/><U112/><E112/><V91/><F100/><W69/><G69/><T9/><D9/><U93/><E93/><V1/><F79/><W58/><G58/><T50/><D50/><U46/><E46/><AGARI ba="2,0" hai="4,6,7,39,43,46,60,63,99,103,105,128,129,131" machi="46" ten="50,2400,0" yaku="19,1" doraHai="29" who="3" fromWho="1" sc="224,0,284,-30,103,0,389,30" />
</Scene>
<Scene>
<INIT seed="3,3,0,1,0,117" ten="224,254,103,419" oya="3" hai0="57,37,44,25,62,45,60,133,24,41,3,50,49" hai1="17,135,111,5,121,9,8,108,35,23,18,106,127" hai2="15,93,118,75,4,1,47,12,85,79,13,0,120" hai3="28,40,126,2,112,20,14,27,58,109,26,70,36"/><W122/><G112/><T90/><D3/><U73/><E73/><V32/><F75/><W74/><G74/><T113/><D133/><U123/><E106/><V130/><F118/><W31/><G70/><T96/><D113/><U134/><E35/><V91/><F79/><W98/><G2/><T48/><D96/><U77/><E77/><V52/><F130/><W124/><G98/><T97/><D90/><U29/><E29/><V39/><F32/><W100/><G100/><T115/><D97/><U71/><E71/><V84/><F84/><W101/><G101/><T56/><D24/><N who="1" m="14447" /><E18/><V43/><F1/><W69/><G69/><T99/><D25/><U105/><E105/><V34/><F34/><W102/><G26/><T68/><D99/><U76/><E76/><V30/><F30/><W54/><G27/><T131/><D115/><U33/><E33/><V119/><F119/><W38/><G28/><T42/><D131/><U116/><E127/><V86/><F86/><W11/><G31/><T83/><D83/><U6/><E116/><V81/><F81/><W129/><G129/><T63/><D68/><U78/><E78/><V21/><F21/><W51/><G124/><T59/><AGARI ba="3,0" hai="37,41,42,44,45,48,49,50,56,57,59,60,62,63" machi="59" ten="30,12000,2" yaku="0,1,35,6" doraHai="117" who="0" fromWho="0" sc="224,129,254,-33,103,-33,419,-63" />
</Scene>
<Scene>
<INIT seed="4,0,0,5,2,97" ten="353,221,70,356" oya="0" hai0="118,68,101,43,71,58,67,34,41,59,61,73,79" hai1="69,70,117,74,47,25,102,103,112,119,72,87,126" hai2="130,100,13,93,115,57,32,4,99,110,3,92,90" hai3="116,80,36,54,63,78,77,29,75,8,27,24,46"/><T122/><D34/><U9/><E47/><V60/><F110/><W52/><G116/><T107/><D118/><U76/><E25/><V82/><F32/><W135/><G77/><T132/><D122/><U95/><E9/><V104/><F115/><W35/><G135/><T64/><D132/><U20/><E20/><V55/><F130/><W48/><G24/><T28/><D28/><U108/><E108/><V42/><F3/><W124/><G124/><T127/><D127/><U53/><E53/><V22/><F42/><W30/><G30/><T120/><D120/><U12/><E12/><V16/><REACH who="2" step="1"/><F4/><REACH who="2" ten="353,221,60,356" step="2"/><W37/><G35/><T96/><D43/><U14/><E112/><V5/><F5/><W65/><G36/><T23/><D41/><U91/><E117/><V88/><F88/><W62/><G37/><T45/><D79/><U129/><E76/><V49/><F49/><W10/><G78/><T11/><D61/><U21/><E91/><V44/><F44/><W131/><G63/><T2/><D45/><U31/><E119/><V18/><F18/><W121/><G46/><T56/><D2/><U125/><E129/><V109/><F109/><W26/><G62/><T113/><D113/><U33/><E33/><V134/><F134/><W19/><G131/><T0/><D0/><U133/><E133/><V7/><F7/><W123/><G121/><T84/><D67/><U83/><E126/><V38/><F38/><W94/><G65/><T81/><D64/><U39/><E39/><V85/><AGARI ba="0,1" hai="13,16,22,55,57,60,82,85,90,92,93,99,100,104" machi="85" ten="30,7900,0" yaku="1,1,0,1,52,1,54,1,53,0" doraHai="97" doraHaiUra="114" who="2" fromWho="2" sc="353,-39,221,-20,60,89,356,-20" />
</Scene>
<Scene>
<INIT seed="5,0,0,2,4,97" ten="314,201,149,336" oya="1" hai0="131,69,55,79,88,94,106,45,47,9,107,113,5" hai1="99,115,3,0,62,8,52,56,110,46,2,15,92" hai2="64,93,102,17,91,120,96,67,112,84,122,65,51" hai3="21,32,30,12,80,33,11,28,43,35,48,108,6"/><U101/><E115/><V128/><F128/><W20/><G80/><T111/><D111/><U127/><E127/><V98/><F98/><W135/><G48/><T132/><D69/><U125/><E125/><V134/><F134/><W129/><G43/><T119/><D119/><U50/><E110/><V90/><F112/><W26/><G108/><T76/><D113/><U25/><E25/><V81/><F90/><W78/><G78/><T34/><D34/><U124/><E124/><V38/><F38/><W16/><G129/><T95/><D131/><U53/><REACH who="1" step="1"/><E0/><REACH who="1" ten="314,191,149,336" step="2"/><V29/><F29/><N who="3" m="11371" /><G135/><T18/><D132/><U87/><E87/><V72/><F72/><W57/><G57/><T105/><D47/><U114/><E114/><V4/><F4/><AGARI ba="0,1" hai="2,3,4,8,15,46,50,52,53,56,62,92,99,101" machi="4" ten="30,11600,0" yaku="1,1,7,1,52,1,54,1,53,0" doraHai="97" doraHaiUra="83" who="1" fromWho="2" sc="314,0,191,126,149,-116,336,0" />
</Scene>
<Scene>
<INIT seed="5,1,0,0,1,42" ten="314,317,33,336" oya="1" hai0="29,53,9,103,100,90,5,13,14,123,77,109,41" hai1="68,89,112,79,31,28,76,87,119,93,66,11,57" hai2="19,49,67,48,3,38,1,82,135,106,132,39,55" hai3="61,59,80,63,25,45,43,40,70,73,122,2,134"/><U92/><E119/><V81/><F67/><W74/><G122/><T24/><D109/><U116/><E116/><V60/><F60/><W127/><G2/><T113/><D123/><U36/><E68/><V69/><F69/><W56/><G70/><T99/><D113/><U71/><E71/><V96/><F96/><W131/><G80/><T88/><D77/><U6/><E36/><V47/><F55/><W17/><G127/><T114/><D114/><U72/><E93/><V105/><REACH who="2" step="1"/><F19/><REACH who="2" ten="314,317,23,336" step="2"/><W86/><G17/><T23/><D53/><U95/><E66/><V101/><F101/><W34/><G61/><T18/><D100/><U104/><E112/><V32/><F32/><W58/><G63/><T35/><REACH who="0" step="1"/><D41/><REACH who="0" ten="304,317,23,336" step="2"/><U7/><E72/><V10/><F10/><W52/><G40/><T75/><D75/><U98/><E11/><V128/><F128/><W85/><G43/><T15/><D15/><U121/><E121/><V51/><F51/><W78/><G73/><T16/><D16/><U50/><E50/><V27/><F27/><W54/><G25/><T84/><D84/><U111/><E87/><V46/><AGARI ba="1,2" hai="1,3,38,39,46,47,48,49,81,82,105,106,132,135" machi="46" ten="25,12000,2" yaku="1,1,0,1,22,2,52,2,53,0" doraHai="42" doraHaiUra="8" who="2" fromWho="2" sc="304,-31,317,-61,23,143,336,-31" />
</Scene>
<Scene>
<INIT seed="6,0,0,4,0,16" ten="273,256,166,305" oya="2" hai0="19,118,131,3,12,94,83,101,62,102,10,81,112" hai1="32,93,108,41,117,46,124,98,82,29,106,58,52" hai2="36,73,71,128,69,18,54,107,11,14,49,89,27" hai3="45,116,51,67,43,31,53,95,109,2,91,23,5"/><V129/><F36/><W104/><G109/><T115/><D131/><N who="2" m="50250" /><F107/><W125/><G104/><T126/><D126/><U100/><E108/><V103/><F103/><N who="0" m="39434" /><D118/><U34/><E124/><V22/><F73/><W48/><G116/><T119/><D119/><U134/><E134/><V28/><F89/><W90/><G125/><T113/><D94/><U42/><E117/><V68/><F68/><W13/><G2/><T75/><D75/><U120/><E120/><V85/><F85/><W24/><G67/><T111/><D111/><U44/><E82/><N who="0" m="31241" /><D62/><U0/><E106/><V7/><F7/><W63/><G95/><T15/><D15/><U35/><E0/><AGARI ba="0,0" hai="0,3,10,12,19,112,113,115" m="31241,39434" machi="0" ten="40,1300,0" yaku="15,1" doraHai="16" who="0" fromWho="1" sc="273,13,256,-13,166,0,305,0" />
</Scene>
<Scene>
<INIT seed="7,0,0,2,0,65" ten="286,243,166,305" oya="3" hai0="23,57,76,124,33,121,49,128,67,62,71,118,5" hai1="95,45,126,75,13,26,96,90,19,31,129,115,32" hai2="51,92,69,78,103,133,4,63,79,47,77,64,131" hai3="84,83,134,91,48,52,74,39,87,98,30,29,112"/><W54/><G39/><T109/><D109/><U11/><E129/><V99/><F131/><W10/><G112/><T1/><D128/><U38/><E115/><V107/><F133/><W7/><G134/><T81/><D118/><U14/><E126/><V119/><F119/><W123/><G74/><T120/><D33/><U116/><E116/><V42/><REACH who="2" step="1"/><F4/><REACH who="2" ten="286,243,156,305" step="2"/><W50/><G7/><T3/><D5/><U46/><E75/><V25/><F25/><W108/><G108/><T12/><D124/><U72/><E72/><V102/><F102/><W18/><G123/><T89/><D121/><U130/><E130/><V16/><F16/><W110/><G18/><T80/><D120/><U68/><E13/><V70/><F70/><W44/><G110/><T15/><D15/><U93/><E68/><V105/><AGARI ba="0,1" hai="42,47,51,63,64,69,77,78,79,92,99,103,105,107" machi="105" ten="30,4000,0" yaku="1,1,0,1,52,1,53,0" doraHai="65" doraHaiUra="8" who="2" fromWho="2" sc="286,-10,243,-10,156,50,305,-20" />
</Scene>
<Scene>
<INIT seed="8,0,0,3,2,110" ten="276,233,206,285" oya="0" hai0="134,69,40,1,102,91,90,103,126,70,0,82,48" hai1="117,76,59,128,55,118,45,116,13,52,10,121,119" hai2="56,63,85,24,44,89,98,125,43,14,81,123,17" hai3="41,132,58,84,129,23,7,73,19,16,33,49,3"/><T111/><D40/><U61/><E121/><V60/><F123/><W51/><G73/><T86/><D48/><N who="3" m="18505" /><G33/><T93/><D111/><U74/><E128/><V32/><F125/><W11/><G129/><T53/><D53/><N who="1" m="34031" /><E45/><V108/><F108/><W50/><G3/><T83/><D126/><U112/><N who="1" m="29696" /><DORA hai="127" /><U106/><E106/><V113/><F113/><W36/><G36/><T130/><D130/><U94/><E112/><V104/><F56/><W78/><G7/><T54/><D54/><U62/><E62/><V66/><F66/><W135/><G11/><T64/><D134/><N who="3" m="51241" /><G23/><T30/><D64/><U29/><E29/><V79/><F79/><W21/><G21/><T38/><D30/><U20/><E20/><V109/><F109/><W42/><G58/><T4/><D38/><U87/><E74/><V131/><F131/><W2/><G2/><T88/><D1/><U115/><E115/><V114/><F114/><W26/><G26/><T22/><D22/><U122/><E122/><V71/><F71/><W77/><G77/><T124/><D124/><U92/><E76/><V120/><F120/><W99/><G99/><N who="0" m="57767" /><D70/><U39/><E39/><V12/><F24/><W133/><G133/><T28/><D69/><U68/><E68/><V80/><F32/><W15/><G15/><N who="2" m="5673" /><F17/><N who="3" m="6731" /><G50/><T37/><D37/><U6/><E87/><V105/><F80/><AGARI ba="0,0" hai="41,42,78,80,84" m="6731,51241,18505" machi="80" ten="30,2000,0" yaku="20,1,54,1" doraHai="110,127" who="3" fromWho="2" sc="276,0,233,0,206,-20,285,20" owari="276,8.0,233,-17.0,186,-31.0,305,40.0" />
</Scene>
</mjloggm>