<mjloggm ver="2.3"><GO type="225"/><UN n0="%E5%A4%AA%E3%81%8F%E3%81%AA%E3%81%84%E3%81%8A" n1="%EF%BC%8A%E7%B4%85%E7%83%8F%EF%BC%8A" n2="%73%6B%79%6F%6F%6F" n3="%E3%82%B7%E3%83%9F%E3%83%AA%E3%82%B9%EF%BC%94" dan="16,16,16,16" rate="2093,2124,2059,2042" sx="M,F,M,F"/><TAIKYOKU oya="0"/>

<Scene>
<INIT seed="0,0,0,5,0,69" ten="250,250,250,250" oya="0" hai0="43,7,35,74,8,6,18,71,113,107,124,14,119" hai1="70,31,13,54,121,77,22,59,4,129,63,104,114" hai2="45,82,36,48,12,127,67,89,64,96,58,49,72" hai3="40,73,94,134,85,120,108,130,111,99,115,102,16"/><T87/><D74/><U103/><E121/><V26/><F127/><W122/><G40/><T105/><D71/><U15/><E129/><V52/><F26/><W78/><G16/><T106/><D119/><U61/><E77/><V9/><F72/><W60/><G60/><T33/><D113/><U86/><E86/><N who="2" m="50391" /><F36/><W117/><G117/><T135/><D124/><U41/><E41/><N who="2" m="24623" /><F96/><W133/><G115/><T29/><D43/><U100/><E104/><V24/><F24/><W11/><G11/><T38/><D38/><U83/><E70/><V32/><F32/><W28/><G28/><T47/><D29/><U98/><E98/><V132/><F132/><N who="3" m="50795" /><G73/><T101/><D135/><U34/><E34/><V81/><F81/><N who="3" m="47287" /><G130/><T92/><D33/><U112/><E112/><V27/><F27/><W75/><G75/><T50/><D35/><U79/><E114/><V39/><F39/><W19/><G19/><AGARI ba="0,0" hai="9,12,19,49,52,58,64,67" m="24623,50391" machi="19" ten="30,2000,0" yaku="8,1,54,1" doraHai="69" who="2" fromWho="3" sc="250,0,250,0,250,20,250,-20" />
</Scene>
<Scene>
<INIT seed="1,0,0,5,5,7" ten="250,250,270,230" oya="1" hai0="58,36,43,26,34,110,3,60,93,2,37,131,23" hai1="105,115,39,70,33,76,104,132,0,41,86,57,5" hai2="79,61,91,90,44,84,94,12,108,32,122,119,55" hai3="46,109,75,89,82,13,80,42,52,1,133,69,123"/><U107/><E115/><V62/><F32/><W16/><G69/><T19/><D110/><U129/><E70/><V59/><F119/><W68/><G68/><T9/><D131/><U100/><E33/><V73/><F122/><W106/><G106/><T18/><D34/><U30/><E30/><V116/><F116/><W53/><G133/><T130/><D130/><U87/><E129/><V103/><F108/><W64/><G1/><T50/><D93/><U24/><E24/><V124/><F124/><W112/><G112/><T49/><D3/><U25/><E25/><V77/><F73/><W11/><G109/><T128/><D128/><U99/><E57/><V6/><F103/><W98/><G64/><T127/><D127/><U114/><E87/><V48/><F61/><W17/><G123/><T102/><D102/><U101/><E101/><V10/><REACH who="2" step="1"/><F91/><REACH who="2" ten="250,250,260,230" step="2"/><W135/><G75/><T22/><D60/><U63/><E63/><V92/><F92/><W29/><G135/><T28/><D28/><U72/><E132/><V21/><F21/><W95/><G29/><T134/><D23/><U71/><E72/><V67/><AGARI ba="0,1" hai="6,10,12,44,48,55,59,62,67,77,79,84,90,94" machi="67" ten="20,12000,2" yaku="1,1,0,1,7,1,8,1,52,1,53,1" doraHai="7" doraHaiUra="83" who="2" fromWho="2" sc="250,-30,250,-60,260,130,230,-30" />
</Scene>
<Scene>
<INIT seed="2,0,0,5,5,118" ten="220,190,390,200" oya="2" hai0="96,66,100,58,102,125,33,129,124,40,107,75,2" hai1="64,22,79,41,62,25,94,13,12,78,47,91,39" hai2="55,31,106,126,59,10,123,69,32,46,17,14,20" hai3="113,77,23,87,128,35,3,63,122,34,15,74,6"/><V24/><F69/><W61/><G74/><T89/><D2/><U132/><E132/><V112/><F106/><W119/><G119/><T90/><D75/><U56/><E12/><V115/><F46/><W92/><G113/><T48/><D33/><U133/><E13/><V11/><F126/><N who="0" m="48746" /><D129/><U37/><E37/><V16/><F123/><W52/><G122/><T21/><D102/><U88/><E133/><V67/><F67/><W103/><G3/><T8/><D8/><U121/><E121/><V81/><F81/><N who="3" m="47535" /><G35/><T70/><D21/><U98/><REACH who="1" step="1"/><E91/><REACH who="1" ten="220,180,390,200" step="2"/><V104/><F115/><W28/><G128/><T53/><D90/><U45/><E45/><V131/><F112/><W43/><G15/><T36/><D89/><U38/><E38/><V4/><F131/><W99/><G6/><T101/><D36/><U72/><E72/><V0/><F11/><W18/><G34/><T42/><D100/><U71/><E71/><V51/><F17/><AGARI ba="0,1" hai="17,22,25,39,41,47,56,62,64,78,79,88,94,98" machi="17" ten="30,3900,0" yaku="1,1,7,1,54,1,53,0" doraHai="118" doraHaiUra="111" who="1" fromWho="2" sc="220,0,180,49,390,-39,200,0" />
</Scene>
<Scene>
<INIT seed="3,0,0,5,2,55" ten="220,229,351,200" oya="3" hai0="61,1,64,45,5,127,12,99,86,53,100,98,68" hai1="80,90,24,62,17,16,101,65,104,78,82,7,49" hai2="30,37,130,40,95,50,81,114,63,59,58,74,121" hai3="14,123,115,76,108,132,51,10,97,25,88,26,21"/><W125/><G123/><T44/><D1/><U22/><E7/><V47/><F121/><W119/><G115/><T75/><D75/><U57/><E104/><V2/><F114/><W13/><G119/><T83/><D127/><U117/><E101/><V18/><F2/><W56/><G125/><T85/><D53/><U42/><E117/><V72/><F130/><W19/><G132/><T28/><D28/><N who="1" m="17431" /><E78/><V128/><F30/><W129/><G129/><T36/><D36/><U66/><E66/><V87/><F95/><N who="3" m="56551" /><G76/><T122/><D122/><U52/><E42/><V91/><F128/><W133/><G133/><T15/><D98/><U110/><E110/><V9/><F63/><W29/><G108/><T34/><D34/><U135/><E135/><V131/><F131/><W92/><G92/><T106/><D86/><N who="1" m="50503" /><E82/><V112/><F112/><W39/><G39/><T113/><D113/><U126/><E126/><V46/><F37/><W120/><G120/><T134/><D134/><U0/><E0/><V116/><F116/><W102/><G102/><T38/><D38/><U84/><E84/><V70/><F87/><W8/><G29/><T111/><D111/><U32/><E32/><V33/><F33/><W103/><G103/><T77/><D5/><U89/><E89/><V3/><F3/><W93/><G93/><T27/><D106/><U11/><E11/><N who="3" m="4138" /><G26/><T35/><D27/><U67/><E67/><V105/><F105/><W60/><G51/><T54/><D35/><U48/><E48/><V43/><F50/><W96/><G96/><T23/><D99/><U118/><E118/><RYUUKYOKU ba="0,0" sc="220,-15,229,15,351,-15,200,15" hai1="16,17,49,52,57,62,65" hai3="13,14,19,21,25,56,60" />
</Scene>
<Scene>
<INIT seed="3,1,0,3,4,47" ten="205,244,336,215" oya="3" hai0="78,11,122,58,3,129,34,41,18,27,107,24,46" hai1="50,61,131,63,108,123,32,31,13,4,57,97,100" hai2="111,21,125,106,33,105,55,82,92,103,96,36,73" hai3="101,6,132,23,133,66,112,9,91,128,67,135,124"/><W86/><G112/><T49/><D122/><U98/><E123/><V79/><F33/><W28/><G101/><T52/><D107/><U93/><E108/><V68/><F36/><W14/><G124/><T127/><D127/><U35/><E131/><V113/><F68/><W30/><G128/><T25/><D129/><U99/><E99/><V19/><F113/><W80/><G28/><T54/><D78/><U75/><E75/><V114/><F125/><W116/><G116/><T88/><D34/><U64/><E31/><V37/><F37/><W8/><G8/><T83/><D3/><U85/><E85/><V62/><F114/><W76/><G76/><T72/><D72/><U5/><E5/><V77/><F111/><W43/><G43/><T90/><D83/><U29/><E29/><V94/><F77/><W71/><G71/><T102/><D102/><U119/><E119/><V95/><F105/><W10/><G10/><T104/><D104/><U0/><E0/><V110/><F110/><W65/><G30/><T60/><D41/><U39/><E39/><V2/><F2/><W1/><G1/><T26/><N who="0" m="6144" /><DORA hai="121" /><T130/><D130/><U118/><E118/><V84/><F106/><W17/><G67/><T69/><D69/><U81/><E35/><V16/><F73/><W44/><G44/><T22/><D11/><N who="1" m="4327" /><E32/><V70/><F70/><W7/><G9/><T87/><D87/><U20/><E20/><V115/><F115/><W126/><G126/><T40/><D40/><U109/><E100/><V53/><F21/><W38/><G38/><T51/><D60/><RYUUKYOKU ba="1,0" sc="205,15,244,-15,336,-15,215,15" hai0="18,22,46,49,51,52,54,58,88,90" hai3="6,7,14,17,23,65,66,80,86,91,132,133,135" />
</Scene>
<Scene>
<INIT seed="3,2,0,0,0,38" ten="220,229,321,230" oya="3" hai0="128,70,68,12,23,116,43,71,15,131,85,44,8" hai1="111,109,91,28,69,74,103,36,45,79,114,53,117" hai2="118,78,132,127,40,67,65,126,14,83,33,46,25" hai3="134,22,104,9,81,31,113,42,92,90,115,34,10"/><W58/><G104/><T1/><D116/><U98/><E117/><V18/><F132/><W49/><G34/><T101/><D101/><U66/><E114/><V108/><F108/><N who="1" m="41545" /><E28/><N who="2" m="19599" /><F118/><W82/><G134/><T39/><D85/><U96/><E74/><N who="2" m="43479" /><F18/><W84/><G115/><T63/><D63/><N who="1" m="40159" /><E79/><V13/><F14/><W61/><G113/><T135/><D135/><U107/><E96/><V75/><F13/><W122/><G122/><T129/><D23/><U29/><E29/><V2/><F2/><W87/><G92/><T27/><D27/><U50/><E91/><V0/><F0/><W64/><G31/><T94/><D94/><U4/><E4/><AGARI ba="2,0" hai="1,4,8,12,15,39,43,44,68,70,71,128,129,131" machi="4" ten="50,3200,0" yaku="19,1,52,1" doraHai="38" who="0" fromWho="1" sc="220,38,229,-38,321,0,230,0" owari="258,6.0,191,-31.0,321,42.0,230,-17.0" />
</Scene>
</mjloggm>