<mjloggm ver="2.3"><GO type="169" lobby="0"/><UN n0="%E3%82%A2%E3%83%8B%E3%82%AA%E3%83%B3" n1="%E5%A4%AA%E3%81%8F%E3%81%AA%E3%81%84%E3%81%8A" n2="%E6%9D%B1%E5%8D%97" n3="%E3%81%92%E3%82%93%E3%81%9F%E3%82%8D" dan="17,17,17,16" rate="2118,2167,2099,2114" sx="F,M,M,M"/><TAIKYOKU oya="0"/>

<Scene>
<INIT seed="0,0,0,5,4,37" ten="250,250,250,250" oya="0" hai0="119,112,80,93,33,87,30,50,102,79,86,46,75" hai1="132,11,71,114,21,89,74,108,122,17,95,26,13" hai2="62,58,5,51,82,133,6,28,57,2,76,52,64" hai3="121,14,96,12,31,44,42,117,43,56,94,81,103"/><T24/><D119/><U3/><E122/><V7/><F133/><W41/><G121/><T16/><D112/><U73/><E71/><V22/><F28/><W123/><G123/><T40/><D102/><U77/><E132/><V97/><F97/><W78/><G117/><T0/><D0/><U54/><E114/><V25/><F2/><W116/><G116/><T67/><D67/><U55/><E108/><V36/><F36/><W34/><G44/><T63/><D63/><U4/><E77/><V69/><F69/><W92/><G92/><T130/><D130/><U10/><E74/><V111/><F111/><W91/><G34/><T100/><D100/><U27/><E73/><V101/><F101/><W18/><G31/><T47/><D93/><U53/><REACH who="1" step="1"/><E11/><REACH who="1" ten="250,240,250,250" step="2"/><V66/><F76/><W70/><G70/><T90/><D75/><U49/><E49/><V98/><F82/><W38/><G38/><T84/><D79/><U68/><E68/><V85/><F85/><AGARI ba="0,1" hai="3,4,10,13,17,21,26,27,53,54,55,85,89,95" machi="85" ten="40,1300,0" yaku="1,1,53,0" doraHai="37" doraHaiUra="129" who="1" fromWho="2" sc="250,0,240,23,250,-13,250,0" />
</Scene>
<Scene>
<INIT seed="1,0,0,1,3,23" ten="250,263,237,250" oya="1" hai0="51,26,36,47,28,56,69,81,6,94,4,133,76" hai1="20,106,130,78,70,101,46,29,62,39,54,52,96" hai2="57,33,12,75,134,34,89,129,80,92,95,126,118" hai3="88,48,2,86,50,73,107,87,84,93,125,1,15"/><U10/><E130/><V119/><F129/><W44/><G73/><T43/><D69/><U63/><E78/><V71/><F71/><W61/><G107/><T59/><D133/><U90/><E10/><V0/><F0/><W100/><G125/><T58/><D94/><U67/><E90/><V82/><F134/><W102/><G2/><T31/><D36/><U38/><E63/><V113/><F57/><W91/><G1/><T121/><D121/><U115/><E115/><V131/><F131/><W24/><G61/><T5/><D31/><U9/><E9/><V72/><F12/><W8/><G24/><T53/><D53/><U37/><REACH who="1" step="1"/><E46/><REACH who="1" ten="250,253,237,250" step="2"/><V104/><F89/><W103/><G91/><T45/><D47/><U42/><E42/><V19/><F113/><W108/><G108/><T7/><D43/><U122/><E122/><V60/><F60/><W64/><G64/><T68/><D45/><U41/><E41/><V97/><F126/><W3/><G3/><T21/><D76/><U83/><E83/><V22/><F80/><W13/><G50/><T110/><D81/><U74/><E74/><V111/><F82/><W11/><G11/><T105/><D5/><U17/><E17/><V14/><F111/><W65/><G65/><T117/><D110/><U27/><AGARI ba="0,1" hai="20,27,29,37,38,39,52,54,62,67,70,96,101,106" machi="27" ten="40,12000,1" yaku="1,1,0,1,52,1,54,1,53,0" doraHai="23" doraHaiUra="116" who="1" fromWho="1" sc="250,-40,253,130,237,-40,250,-40" />
</Scene>
<Scene>
<INIT seed="1,1,0,1,5,120" ten="210,383,197,210" oya="1" hai0="0,8,74,28,123,126,52,101,43,114,18,104,25" hai1="129,27,103,33,108,7,81,44,77,124,75,4,78" hai2="90,134,16,64,19,6,100,118,69,111,66,102,42" hai3="15,17,85,135,132,84,94,56,38,47,128,131,26"/><U87/><E129/><N who="3" m="49738" /><G26/><T83/><D123/><U110/><E124/><V105/><F118/><W50/><G38/><T35/><D114/><U65/><E103/><V98/><F134/><N who="3" m="51243" /><G56/><T68/><D68/><U112/><E112/><V54/><F42/><N who="3" m="24951" /><G94/><T10/><D83/><N who="1" m="47607" /><E65/><V122/><F122/><W55/><G55/><T117/><D74/><U70/><E70/><V34/><F54/><W37/><G37/><T79/><D52/><U31/><E44/><V40/><F40/><W58/><G58/><T88/><D117/><U5/><E5/><V119/><F119/><W130/><N who="3" m="49746" /><W86/><DORA hai="99" /><G86/><T95/><D43/><U125/><E7/><V1/><F6/><W45/><G45/><T61/><D25/><U49/><E4/><V11/><F69/><W116/><G116/><T107/><D107/><U3/><E49/><V93/><F105/><W97/><G97/><T82/><D104/><U22/><E33/><V133/><F34/><W92/><G92/><T53/><D35/><U9/><E27/><V20/><F133/><W59/><G59/><T2/><D95/><U121/><E121/><V41/><F41/><W115/><G115/><T30/><D53/><U23/><E31/><V80/><F66/><W57/><G57/><T36/><D28/><U72/><E72/><V24/><F64/><W89/><G89/><T113/><D88/><U46/><E75/><V60/><F90/><W106/><G106/><T63/><D30/><U91/><E91/><V32/><F32/><W14/><G14/><T96/><D36/><U71/><E71/><V13/><F24/><RYUUKYOKU ba="1,0" sc="210,-10,383,-10,197,-10,210,30" hai3="15,17,84,85" />
</Scene>
<Scene>
<INIT seed="2,2,0,5,4,58" ten="200,373,187,240" oya="2" hai0="52,68,83,51,75,60,118,69,98,44,132,91,26" hai1="126,120,22,61,1,101,107,31,100,116,63,103,50" hai2="33,27,36,46,23,114,12,53,48,130,45,6,57" hai3="133,89,28,72,0,64,79,129,54,97,99,127,62"/><V110/><F114/><W24/><G0/><T18/><D132/><U9/><E116/><V14/><F130/><W32/><G133/><T37/><D118/><U96/><E126/><V8/><F110/><W21/><G129/><T67/><D69/><U117/><E117/><V42/><F33/><W49/><G127/><T77/><D98/><U70/><E120/><V122/><F122/><W88/><G72/><T93/><D93/><U95/><E70/><V3/><REACH who="2" step="1"/><F46/><REACH who="2" ten="200,373,177,240" step="2"/><W115/><G32/><T56/><D44/><U4/><E107/><V123/><F123/><W134/><G115/><T43/><D91/><U121/><E121/><V74/><F74/><W125/><G134/><T86/><D75/><U66/><E100/><V29/><AGARI ba="2,1" hai="3,6,8,12,14,23,27,29,36,42,45,48,53,57" machi="29" ten="20,3900,0" yaku="1,1,0,1,7,1,53,0" doraHai="58" doraHaiUra="81" who="2" fromWho="2" sc="200,-15,373,-15,177,55,240,-15" />
</Scene>
<Scene>
<INIT seed="2,3,0,4,4,100" ten="185,358,232,225" oya="2" hai0="54,124,89,10,134,77,29,12,63,11,94,70,114" hai1="88,34,81,60,96,14,102,76,73,84,122,62,24" hai2="109,46,118,43,68,71,32,4,53,18,91,9,132" hai3="125,97,115,21,80,116,48,52,57,107,58,19,36"/><V130/><F118/><W15/><G116/><T61/><D114/><U111/><E111/><V28/><F109/><W103/><G115/><T26/><D124/><U72/><E122/><V113/><F113/><W75/><G36/><T105/><D134/><U117/><E117/><V41/><F132/><W31/><G125/><T7/><D77/><U25/><E14/><V30/><F130/><W49/><G31/><T16/><D105/><N who="1" m="63687" /><E72/><V17/><F91/><W27/><G27/><N who="1" m="10314" /><E34/><V121/><F121/><W78/><G48/><T50/><D70/><U56/><E56/><AGARI ba="3,0" hai="15,19,21,49,52,56,57,58,75,78,80,97,103,107" machi="56" ten="30,3900,0" yaku="7,1,52,1,54,1" doraHai="100" who="3" fromWho="1" sc="185,0,358,-48,232,0,225,48" />
</Scene>
<Scene>
<INIT seed="3,0,0,5,1,49" ten="185,310,232,273" oya="3" hai0="17,8,102,103,53,60,64,73,125,127,3,39,131" hai1="50,54,0,88,84,110,70,98,13,95,58,79,122" hai2="6,108,35,67,97,115,116,118,42,133,16,30,5" hai3="89,81,20,63,11,77,96,87,2,134,1,114,100"/><W22/><G114/><T27/><D73/><U40/><E122/><V24/><F42/><W104/><G134/><T93/><D39/><U43/><E0/><V130/><F67/><W28/><G11/><T76/><D76/><U91/><E70/><V41/><F41/><W85/><G22/><T129/><D27/><U23/><E79/><V29/><F97/><W126/><G126/><N who="0" m="48139" /><D17/><N who="1" m="10671" /><E110/><V37/><F37/><W107/><G107/><T52/><D8/><U83/><AGARI ba="0,0" hai="40,43,50,54,58,83,84,88,91,95,98" m="10671" machi="83" ten="30,4000,0" yaku="8,1,52,1,54,1" doraHai="49" who="1" fromWho="1" sc="185,-10,310,40,232,-10,273,-20" />
</Scene>
<Scene>
<INIT seed="4,0,0,0,2,14" ten="175,350,222,253" oya="0" hai0="56,87,20,66,83,79,47,0,6,106,73,53,18" hai1="93,107,61,32,68,35,89,95,88,15,31,13,34" hai2="23,50,9,70,72,54,63,102,45,29,30,134,26" hai3="117,65,52,67,3,97,71,5,133,85,4,17,12"/><T109/><D106/><U115/><E107/><V58/><F72/><W123/><G3/><T92/><D109/><U125/><E31/><V43/><F134/><W78/><G117/><T76/><D66/><N who="3" m="25097" /><G71/><T131/><D131/><U44/><E68/><V2/><F102/><W48/><G123/><T74/><D47/><U118/><E118/><V90/><F70/><W21/><G133/><T120/><D120/><U86/><E61/><V99/><F9/><W108/><G108/><T60/><D79/><U105/><E105/><V112/><F2/><W36/><G36/><T132/><D132/><U121/><E121/><V77/><F77/><W37/><G37/><T98/><D6/><U113/><E44/><V39/><F112/><N who="1" m="43081" /><E125/><V130/><F130/><W10/><G97/><AGARI ba="0,0" hai="13,15,32,34,35,86,88,89,93,95,97" m="43081" machi="97" ten="40,5200,0" yaku="15,1,11,1,54,1" doraHai="14" who="1" fromWho="3" sc="175,0,350,52,222,0,253,-52" />
</Scene>
<Scene>
<INIT seed="5,0,0,3,0,39" ten="175,402,222,201" oya="1" hai0="73,72,91,12,99,82,80,51,68,28,37,5,77" hai1="126,43,109,53,123,21,105,15,3,38,93,89,61" hai2="31,121,20,119,79,36,129,132,86,45,40,88,74" hai3="122,135,97,55,117,92,44,59,128,7,87,83,115"/><U94/><E123/><V54/><F121/><W78/><G117/><T29/><D37/><U130/><E105/><V0/><F119/><W120/><G115/><T58/><D68/><U34/><E34/><V127/><F0/><W56/><G135/><T67/><D99/><U69/><E3/><V60/><F132/><W30/><G128/><T35/><D35/><U63/><E130/><V84/><F129/><W11/><G30/><T4/><D4/><U57/><E126/><V101/><F101/><W18/><G18/><T111/><D111/><U47/><E109/><V42/><F74/><W110/><G110/><T16/><D5/><U112/><E112/><V124/><F36/><W90/><G44/><T33/><D33/><U6/><E89/><V95/><F127/><W1/><REACH who="3" step="1"/><G59/><REACH who="3" ten="175,402,222,191" step="2"/><T19/><D19/><U22/><E57/><N who="2" m="34871" /><F45/><W65/><G65/><T125/><D125/><U46/><E46/><V71/><F71/><W75/><G75/><T23/><D67/><U96/><E47/><V13/><F124/><W76/><G76/><T64/><D64/><U85/><E69/><V106/><F106/><W100/><G100/><T107/><D107/><U133/><E133/><V66/><F66/><W24/><G24/><T26/><D26/><U98/><E6/><V116/><F116/><W41/><G41/><T114/><D114/><U9/><E43/><V8/><F31/><W10/><G10/><T104/><D104/><U113/><E9/><V2/><F8/><W81/><G81/><T32/><D72/><U102/><E113/><V62/><F79/><W48/><AGARI ba="0,1" hai="1,7,11,48,55,56,78,83,87,90,92,97,120,122" machi="48" ten="20,5200,0" yaku="1,1,5,1,0,1,7,1,53,0" doraHai="39" doraHaiUra="14" who="3" fromWho="3" sc="175,-13,402,-26,222,-13,191,62" />
</Scene>
<Scene>
<INIT seed="6,0,0,5,4,122" ten="162,376,209,253" oya="2" hai0="68,11,2,85,5,71,131,63,113,65,127,91,25" hai1="87,109,23,129,82,19,110,3,48,12,18,4,79" hai2="102,21,96,27,22,81,119,54,103,36,51,86,130" hai3="29,77,89,72,16,52,46,49,74,105,97,39,125"/><V92/><F36/><W69/><G69/><T124/><D113/><U120/><E120/><V42/><F119/><W6/><G125/><T93/><D131/><U123/><E123/><V75/><F75/><W115/><G39/><T95/><D25/><U108/><E129/><V14/><F42/><W1/><G29/><T9/><D9/><U38/><E38/><V132/><F132/><W56/><G115/><T101/><D71/><U128/><E128/><V67/><F67/><W70/><G70/><T47/><D47/><U60/><E60/><V126/><F126/><W44/><G1/><T64/><D64/><U80/><E48/><V15/><F103/><W20/><G6/><T111/><D111/><U32/><E32/><V112/><F112/><W26/><G77/><T73/><D73/><U43/><E43/><V31/><F22/><W35/><G35/><T58/><D68/><U50/><E50/><V66/><F66/><W100/><G44/><T10/><D10/><U0/><E4/><V17/><F31/><W34/><G34/><T55/><REACH who="0" step="1"/><D65/><REACH who="0" ten="152,376,209,253" step="2"/><U88/><E109/><V134/><F130/><W7/><G46/><T133/><D133/><U59/><E108/><V114/><F114/><W76/><G72/><T8/><D8/><U57/><E110/><V37/><F134/><W45/><G45/><T104/><D104/><U53/><E0/><V98/><F37/><W13/><G26/><T61/><D61/><U117/><E3/><V106/><F51/><W116/><G49/><T84/><D84/><U83/><E87/><V33/><F86/><W99/><G74/><RYUUKYOKU ba="0,1" sc="152,30,376,-10,209,-10,253,-10" hai0="2,5,11,55,58,63,85,91,93,95,101,124,127" />
</Scene>
<Scene>
<INIT seed="7,1,1,4,5,100" ten="182,366,199,243" oya="3" hai0="14,127,25,60,10,8,128,115,71,26,116,43,68" hai1="91,121,61,29,11,27,126,80,132,95,59,96,16" hai2="49,7,5,81,78,114,36,66,52,51,109,24,56" hai3="87,0,23,82,38,32,124,85,73,22,131,84,1"/><W19/><G38/><T65/><D116/><U99/><E121/><V67/><F36/><W9/><G32/><T63/><D43/><U75/><E126/><V123/><F109/><W20/><G124/><T18/><D127/><U98/><E132/><V69/><F123/><W92/><G131/><T113/><D128/><U129/><E129/><V33/><F114/><N who="0" m="43530" /><D8/><U89/><E75/><V119/><F119/><W90/><G73/><T40/><D40/><U2/><E2/><V117/><F117/><W76/><REACH who="3" step="1"/><G87/><REACH who="3" ten="182,366,199,233" step="2"/><T111/><D111/><U21/><E98/><V112/><F112/><W12/><AGARI ba="1,2" hai="0,1,9,12,19,20,22,23,76,82,84,85,90,92" machi="12" ten="30,6000,0" yaku="1,1,2,1,0,1,53,0" doraHai="100" doraHaiUra="50" who="3" fromWho="3" sc="182,-21,366,-21,199,-21,233,83" />
</Scene>
<Scene>
<INIT seed="7,2,0,1,2,26" ten="161,345,178,316" oya="3" hai0="131,38,61,48,107,86,17,47,129,7,108,54,115" hai1="44,62,101,57,9,104,56,39,79,94,19,58,64" hai2="33,45,87,95,93,112,106,12,35,119,125,34,4" hai3="53,120,42,105,113,114,84,74,69,77,76,103,73"/><W66/><G120/><T75/><D107/><U28/><E104/><V118/><F106/><W6/><G42/><N who="0" m="22999" /><D108/><U122/><E122/><V37/><F37/><W85/><G6/><T130/><D75/><N who="3" m="28681" /><G53/><T90/><D115/><N who="3" m="44041" /><G66/><T23/><D7/><U116/><E79/><N who="3" m="30282" /><G69/><T100/><D61/><U27/><E116/><V110/><F110/><W15/><G15/><N who="0" m="9663" /><D100/><U36/><E36/><V25/><F112/><W30/><G30/><T24/><D24/><U41/><E19/><V109/><F25/><W121/><G121/><T59/><D86/><U60/><E60/><V13/><F87/><N who="3" m="33355" /><G105/><T111/><D111/><U126/><E9/><V52/><F109/><W89/><G89/><T134/><D134/><U29/><E29/><V67/><F67/><W11/><G103/><T124/><D124/><U80/><E126/><V102/><F125/><W70/><G70/><T133/><D133/><U99/><E80/><V96/><F12/><W91/><G91/><T32/><D32/><AGARI ba="2,0" hai="27,28,32,39,41,44,56,57,58,62,64,94,99,101" machi="32" ten="30,2000,0" yaku="7,1,52,1" doraHai="26" who="1" fromWho="0" sc="161,-26,345,26,178,0,316,0" owari="135,-36.0,371,46.0,178,-22.0,316,12.0" />
</Scene>
</mjloggm>