<mjloggm ver="2.3"><GO type="169"/><UN n0="%E5%A4%AA%E3%81%8F%E3%81%AA%E3%81%84%E3%81%8A" n1="%4D%49%40%34%32%38" n2="%40%E9%A6%AC%E6%9D%89%E5%AF%A7%E9%A6%99" n3="%E3%82%BC%E3%83%B3%E3%83%84%E3%83%83%E3%83%91" dan="18,16,17,19" rate="2203,2056,2144,2252" sx="M,M,M,M"/><TAIKYOKU oya="0"/>

<Scene>
<INIT seed="0,0,0,3,2,66" ten="250,250,250,250" oya="0" hai0="126,130,62,10,119,9,28,77,32,75,95,3,97" hai1="105,134,123,114,68,132,38,59,6,104,13,61,55" hai2="87,96,35,14,133,117,60,16,50,46,118,8,27" hai3="131,74,82,56,7,124,120,36,40,73,80,112,11"/><T103/><D119/><N who="2" m="45578" /><F133/><N who="1" m="51305" /><E38/><V34/><F96/><W52/><G112/><T109/><D32/><N who="2" m="12330" /><F87/><W102/><G131/><T108/><D28/><U127/><E123/><V67/><F27/><W113/><G113/><T58/><D130/><U18/><E114/><V33/><N who="2" m="12338" /><V121/><DORA hai="48" /><F121/><W26/><G124/><T115/><D115/><U51/><E127/><V64/><F60/><W37/><G102/><T5/><D126/><U41/><E6/><V23/><F8/><W65/><G65/><T76/><D10/><N who="1" m="6455" /><E41/><AGARI ba="0,0" hai="14,16,23,41,46,50,64,67" m="12338,45578" machi="41" ten="40,2600,0" yaku="12,1,54,1" doraHai="66,48" who="2" fromWho="1" sc="250,0,250,-26,250,26,250,0" />
</Scene>
<Scene>
<INIT seed="1,0,0,1,5,28" ten="250,224,276,250" oya="1" hai0="87,31,16,67,108,69,76,46,97,52,115,73,1" hai1="12,90,20,96,9,116,26,8,85,111,104,49,44" hai2="78,3,106,34,32,5,132,135,29,47,17,10,122" hai3="62,21,134,71,60,75,13,114,25,91,105,72,56"/><U98/><E116/><V40/><F106/><W127/><G114/><T126/><D115/><U54/><E104/><V119/><F119/><W112/><G112/><T64/><D1/><U107/><E107/><V11/><F29/><W23/><G105/><T81/><D108/><U83/><E111/><V55/><F55/><W19/><G127/><T6/><D6/><U133/><E133/><N who="2" m="51275" /><F122/><W15/><G134/><T80/><D126/><U89/><E89/><V22/><F11/><W95/><G71/><T99/><D31/><U102/><E102/><V109/><F78/><W38/><G38/><T2/><D2/><U125/><E125/><V39/><F109/><W45/><G45/><T101/><D101/><U124/><E124/><V121/><F121/><W103/><G103/><T42/><D16/><N who="1" m="12551" /><E9/><V118/><F118/><W93/><G56/><T61/><D67/><U63/><E63/><V7/><F7/><AGARI ba="0,0" hai="7,8,12,44,49,54,83,85,90,96,98" m="12551" machi="7" ten="30,2900,0" yaku="8,1,54,1" doraHai="28" who="1" fromWho="2" sc="250,0,224,29,276,-29,250,0" />
</Scene>
<Scene>
<INIT seed="1,1,0,5,4,46" ten="250,253,247,250" oya="1" hai0="130,126,81,55,27,43,76,36,96,31,107,119,123" hai1="54,58,127,39,121,82,134,131,38,32,1,78,47" hai2="80,85,17,64,102,7,103,6,115,45,49,25,16" hai3="88,30,0,93,37,104,13,92,109,4,113,5,12"/><U34/><E121/><V83/><F64/><W108/><G104/><T135/><D119/><U95/><E1/><V8/><F115/><W122/><G37/><T51/><D123/><U112/><E112/><V60/><F60/><W101/><G122/><T110/><D110/><N who="3" m="42601" /><G113/><T57/><D126/><U100/><E127/><V75/><F75/><W61/><G30/><T86/><D130/><U65/><E65/><V72/><F72/><W94/><G101/><N who="2" m="38409" /><F25/><W87/><G61/><T2/><D2/><U114/><E131/><V99/><F99/><W67/><G67/><T29/><D135/><U14/><E134/><V63/><F63/><W42/><G42/><T22/><D107/><U53/><E114/><V18/><F8/><N who="3" m="4111" /><G0/><T116/><D116/><U28/><E39/><V111/><F111/><W33/><G33/><T24/><D96/><N who="1" m="59423" /><E34/><V3/><F3/><W48/><G13/><T40/><REACH who="0" step="1"/><D36/><REACH who="0" ten="240,253,247,250" step="2"/><U26/><E38/><V128/><F128/><W69/><G69/><T74/><D74/><U73/><E73/><V21/><F85/><W23/><G87/><T90/><D90/><U10/><E78/><V19/><F83/><W133/><G88/><T77/><D77/><U71/><E82/><V120/><F80/><W105/><G105/><T44/><D44/><U106/><E47/><V62/><F120/><W97/><G133/><T84/><D84/><U20/><E106/><V9/><F45/><W89/><G97/><T59/><D59/><U15/><E58/><V66/><N who="2" m="4096" /><DORA hai="129" /><V125/><F125/><W118/><G89/><T68/><D68/><U11/><E71/><RYUUKYOKU ba="1,1" sc="240,30,253,-10,247,-10,250,-10" hai0="22,24,27,29,31,40,43,51,55,57,76,81,86" />
</Scene>
<Scene>
<INIT seed="2,2,1,2,5,50" ten="270,243,237,240" oya="2" hai0="25,47,35,17,82,15,134,19,52,51,26,107,111" hai1="60,4,104,48,70,133,8,86,34,39,43,3,101" hai2="124,105,89,127,90,132,56,42,54,55,72,12,113" hai3="2,75,9,80,88,24,68,84,57,78,66,103,87"/><V79/><F105/><W99/><G68/><T38/><D107/><U61/><E34/><V22/><F113/><W115/><G115/><T16/><D111/><U0/><E39/><V114/><F114/><W93/><G24/><N who="0" m="9323" /><D38/><U76/><E3/><V73/><F42/><W125/><G125/><N who="2" m="48201" /><F132/><W23/><G23/><N who="0" m="11679" /><D35/><U117/><E70/><V53/><F56/><W62/><G9/><T28/><D134/><U14/><E133/><V30/><F30/><W5/><G5/><T40/><D28/><U102/><E104/><V13/><F79/><W49/><G2/><T27/><N who="0" m="9331" /><T63/><DORA hai="74" /><D82/><N who="1" m="47431" /><E0/><V64/><F64/><W116/><G116/><T1/><D1/><U96/><E117/><V85/><F90/><W6/><G6/><T118/><D118/><U110/><E110/><V7/><F13/><W91/><G91/><T119/><D119/><U94/><E102/><V131/><F131/><W71/><REACH who="3" step="1"/><G103/><REACH who="3" ten="270,243,237,230" step="2"/><T20/><D20/><U33/><E33/><V41/><F22/><W46/><G46/><AGARI ba="2,2" hai="4,8,14,43,46,48,60,61,94,96,101" m="47431" machi="46" ten="30,3900,0" yaku="25,1,8,1,52,1" doraHai="50,74" who="1" fromWho="3" sc="270,0,243,65,237,0,230,-45" />
</Scene>
<Scene>
<INIT seed="3,0,0,2,4,52" ten="270,308,237,185" oya="3" hai0="7,45,14,46,112,3,36,119,96,23,121,83,115" hai1="17,4,53,67,38,33,56,126,6,79,25,77,94" hai2="15,8,51,111,20,91,118,106,11,29,98,58,59" hai3="102,18,30,28,80,39,70,114,84,75,13,44,109"/><W97/><G114/><N who="0" m="43563" /><D121/><U65/><E38/><V103/><F118/><W87/><G70/><T54/><D119/><U82/><E126/><V37/><F37/><W120/><G120/><T22/><D3/><U101/><E33/><V92/><F111/><W63/><G109/><T42/><D96/><N who="1" m="59543" /><E17/><V35/><F35/><W72/><G84/><T19/><D83/><U66/><E25/><N who="2" m="16551" /><F106/><W26/><G30/><T64/><D64/><U2/><E2/><V105/><F105/><W129/><G129/><T73/><D7/><N who="1" m="2603" /><E82/><V95/><F51/><AGARI ba="0,0" hai="51,53,56,65,66,67,77,79" m="2603,59543" machi="51" ten="30,2000,0" yaku="8,1,52,1" doraHai="52" who="1" fromWho="2" sc="270,0,308,20,237,-20,185,0" />
</Scene>
<Scene>
<INIT seed="4,0,0,0,1,10" ten="270,328,217,185" oya="0" hai0="111,85,88,44,94,41,6,57,114,81,49,90,21" hai1="22,101,127,106,38,108,71,12,20,109,0,47,67" hai2="103,102,28,122,80,53,126,130,62,119,110,27,24" hai3="95,18,131,19,77,51,39,134,52,32,107,2,89"/><T11/><D114/><U63/><E0/><V60/><F122/><W58/><G134/><T25/><D111/><U113/><E113/><V23/><F110/><W78/><G131/><T133/><D133/><U76/><E76/><V83/><F130/><W82/><G107/><T96/><D57/><U117/><E117/><V7/><F119/><W65/><G39/><T72/><D72/><U135/><E135/><V112/><F112/><W14/><G2/><T42/><D49/><U91/><E127/><V15/><F126/><W13/><G32/><T79/><D44/><U17/><E101/><N who="2" m="38411" /><F27/><W43/><G43/><T129/><D129/><U84/><E106/><V26/><F26/><W100/><G100/><T99/><D99/><U34/><E34/><V35/><F35/><W30/><G30/><T66/><D66/><U98/><E98/><V16/><F7/><W45/><G82/><N who="2" m="31273" /><F53/><W74/><G74/><T87/><D96/><U50/><E38/><V1/><F1/><W33/><G33/><T104/><D79/><N who="3" m="30217" /><G19/><N who="0" m="12479" /><D104/><U55/><E108/><V118/><F118/><W97/><G18/><T93/><D81/><N who="1" m="49551" /><E109/><V105/><F105/><W124/><G124/><T56/><D41/><U37/><E37/><V75/><F75/><W46/><G46/><T123/><D42/><U69/><E69/><V59/><F59/><W29/><G29/><T4/><D123/><U68/><E68/><V54/><F54/><W120/><G120/><T92/><D56/><U132/><E132/><V40/><F40/><W36/><G36/><T9/><D93/><U61/><E61/><AGARI ba="0,0" hai="13,14,45,51,52,58,61,65,89,95,97" m="30217" machi="61" ten="30,7700,0" yaku="8,1,52,2,54,1" doraHai="10" who="3" fromWho="1" sc="270,0,328,-77,217,0,185,77" />
</Scene>
<Scene>
<INIT seed="5,0,0,4,0,44" ten="270,251,217,262" oya="1" hai0="22,97,92,101,85,4,30,119,53,8,107,18,16" hai1="133,84,31,38,128,50,88,134,43,135,93,15,98" hai2="91,0,123,59,100,36,116,76,21,10,112,24,74" hai3="89,72,3,103,82,35,48,127,40,77,37,51,57"/><U39/><E31/><V86/><F36/><W125/><G35/><T17/><D119/><U108/><E128/><V62/><F116/><W105/><G3/><T29/><D22/><U73/><E73/><V11/><F123/><W32/><G32/><T49/><D107/><U104/><E108/><V83/><F112/><W130/><G130/><T69/><D69/><U14/><E39/><V34/><F34/><W131/><G131/><T41/><D41/><U55/><E43/><V7/><F100/><W45/><G89/><T79/><D79/><U42/><E42/><V90/><F11/><W78/><G78/><T110/><D85/><U109/><E38/><V9/><F9/><W60/><G103/><T80/><D80/><N who="1" m="49159" /><E104/><V52/><REACH who="2" step="1"/><F74/><REACH who="2" ten="270,251,207,262" step="2"/><W47/><G105/><T106/><D106/><U66/><E109/><V132/><F132/><W70/><G70/><T65/><D110/><U113/><E113/><V19/><AGARI ba="0,1" hai="0,7,10,19,21,24,52,59,62,76,83,86,90,91" machi="19" ten="20,5200,0" yaku="1,1,0,1,7,1,54,1,53,0" doraHai="44" doraHaiUra="96" who="2" fromWho="2" sc="270,-13,251,-26,207,62,262,-13" />
</Scene>
<Scene>
<INIT seed="6,0,0,5,2,124" ten="257,225,269,249" oya="2" hai0="75,106,130,0,101,128,42,93,74,81,6,59,76" hai1="107,65,22,23,87,103,66,88,80,20,55,28,96" hai2="56,52,89,116,78,1,123,82,49,132,83,36,117" hai3="64,44,17,50,99,31,15,10,47,38,4,71,100"/><V95/><F123/><W102/><G31/><T115/><D59/><U13/><E28/><V62/><F36/><W25/><G38/><T51/><D51/><U30/><E30/><V113/><F1/><W69/><G71/><T54/><D54/><U16/><REACH who="1" step="1"/><E55/><REACH who="1" ten="257,215,269,249" step="2"/><V12/><F52/><N who="3" m="29767" /><G69/><T33/><D33/><U110/><E110/><V92/><F117/><W5/><G64/><AGARI ba="0,1" hai="13,16,20,22,23,64,65,66,80,87,88,96,103,107" machi="64" ten="40,8000,1" yaku="1,1,54,2,53,1" doraHai="124" doraHaiUra="77" who="1" fromWho="3" sc="257,0,215,90,269,0,249,-80" />
</Scene>
<Scene>
<INIT seed="7,0,0,3,0,128" ten="257,305,269,169" oya="3" hai0="18,16,113,44,129,10,52,7,71,36,55,117,58" hai1="93,74,20,13,87,105,59,83,9,26,33,0,12" hai2="14,19,134,47,62,29,53,42,116,123,45,114,43" hai3="25,67,61,38,11,28,120,66,54,37,90,111,95"/><W24/><G120/><T17/><D117/><U103/><E33/><V81/><F116/><W122/><G122/><T27/><D71/><U104/><E74/><V68/><F123/><W8/><G111/><T40/><D129/><U100/><E0/><V57/><F68/><W56/><G38/><T126/><D126/><U101/><E93/><V69/><F69/><W121/><G37/><T39/><D39/><U49/><E104/><V133/><F29/><W99/><G121/><T92/><D113/><U89/><E105/><V85/><F114/><W80/><G80/><T96/><D27/><N who="3" m="10313" /><G28/><T5/><D58/><U48/><E59/><V110/><F110/><W94/><G95/><T88/><REACH who="0" step="1"/><D5/><REACH who="0" ten="247,305,269,169" step="2"/><N who="1" m="3119" /><E13/><AGARI ba="0,1" hai="7,10,13,16,17,18,36,40,44,52,55,88,92,96" machi="13" ten="40,8000,1" yaku="1,1,54,3,53,1" doraHai="128" doraHaiUra="2" who="0" fromWho="1" sc="247,90,305,-80,269,0,169,0" owari="337,43.0,225,-17.0,269,7.0,169,-33.0" />
</Scene>
</mjloggm>