<mjloggm ver="2.3"><GO type="97"/><UN n0="%E5%A4%AA%E3%81%8F%E3%81%AA%E3%81%84%E3%81%8A" n1="%E3%82%AB%E3%83%B3%E3%83%87%E3%83%B3%E3%83%A4%E3%83%9E%E3%83%8D%E3%82%B3" n2="%73%68%61%6E%6B%61%72" n3="%62%69%67%77%61%76%65" dan="14,14,16,15" rate="2033,1921,1970,2027" sx="M,F,M,M"/><TAIKYOKU oya="0"/>

<Scene>
<INIT seed="0,0,0,3,2,84" ten="250,250,250,250" oya="0" hai0="107,12,4,57,32,101,90,53,91,9,121,63,27" hai1="105,24,129,67,109,8,87,97,78,55,22,3,49" hai2="14,28,26,52,29,93,37,118,100,30,75,38,85" hai3="25,70,96,132,80,82,40,98,61,94,123,50,116"/><T127/><D121/><U86/><E129/><V72/><F118/><W11/><G116/><T128/><D128/><U76/><E109/><V122/><F122/><W111/><G111/><T18/><D127/><U33/><E33/><V10/><F26/><W17/><G132/><T65/><D53/><U69/><E69/><V56/><F75/><W114/><G114/><T7/><D7/><U120/><E120/><V15/><F72/><W2/><G2/><T39/><D39/><U117/><E117/><V79/><F100/><W21/><G123/><T60/><D60/><U43/><E105/><V133/><F133/><W5/><G5/><T71/><D57/><U66/><E8/><V130/><F15/><W48/><G70/><T16/><D4/><U126/><E97/><V115/><F115/><W44/><G11/><T45/><D45/><N who="1" m="28079" /><E43/><V106/><F106/><W110/><G110/><T104/><D104/><U131/><E3/><V0/><F0/><W102/><G98/><N who="0" m="61879" /><D18/><N who="1" m="12375" /><E131/><V99/><F130/><W1/><G1/><T108/><D108/><U73/><E73/><V68/><F68/><W31/><G17/><T20/><D9/><U64/><E126/><V19/><F38/><W36/><G61/><T81/><D81/><U83/><E87/><V42/><F37/><W59/><G36/><T41/><D41/><U51/><E51/><N who="2" m="30751" /><F42/><W135/><G135/><T95/><D95/><U88/><AGARI ba="0,0" hai="64,66,67,76,78,83,86,88" m="12375,28079" machi="88" ten="30,4000,0" yaku="8,1,52,1,54,1" doraHai="84" who="1" fromWho="1" sc="250,-20,250,40,250,-10,250,-10" />
</Scene>
<Scene>
<INIT seed="1,0,0,4,4,86" ten="230,290,240,240" oya="1" hai0="15,58,55,77,31,0,66,122,28,118,18,41,112" hai1="110,8,80,39,129,99,120,94,100,70,51,25,19" hai2="34,102,33,26,50,98,107,20,106,90,116,22,23" hai3="109,14,104,54,65,21,3,128,93,105,69,134,53"/><U17/><E120/><V87/><F116/><W95/><G3/><T62/><D118/><U96/><E39/><V88/><F107/><W4/><G134/><T131/><D112/><U1/><E70/><V67/><F67/><W40/><G128/><T114/><D114/><U68/><E68/><V89/><F50/><W29/><G109/><T60/><D131/><U46/><E129/><V48/><F48/><W117/><G117/><T47/><D0/><U119/><E119/><V61/><F61/><W59/><G69/><T73/><D122/><U44/><E1/><V97/><F97/><W74/><G74/><T121/><D121/><U115/><E115/><V63/><F63/><W125/><G125/><T71/><D77/><U132/><E132/><V6/><F6/><W82/><G105/><T2/><D73/><U91/><E110/><V30/><REACH who="2" step="1"/><F34/><REACH who="2" ten="230,290,230,240" step="2"/><W72/><G4/><T49/><REACH who="0" step="1"/><D2/><REACH who="0" ten="220,290,230,240" step="2"/><U11/><E99/><V12/><F12/><W103/><G14/><T124/><D124/><U78/><E96/><V83/><AGARI ba="0,2" hai="20,22,23,26,30,33,83,87,88,89,90,98,102,106" machi="83" ten="30,12000,2" yaku="1,1,0,1,52,3,54,1,53,1" doraHai="86" doraHaiUra="79" who="2" fromWho="2" sc="220,-30,290,-60,230,140,240,-30" />
</Scene>
<Scene>
<INIT seed="2,0,0,5,4,1" ten="190,230,370,210" oya="2" hai0="130,81,84,91,36,39,74,94,124,73,65,83,14" hai1="62,3,88,8,135,60,63,42,72,105,85,12,37" hai2="38,55,100,90,40,6,109,106,28,11,120,61,50" hai3="129,78,68,22,18,23,114,19,0,70,121,119,103"/><V59/><F120/><W95/><G121/><T33/><D33/><U26/><E72/><N who="0" m="27753" /><D14/><U89/><E105/><V86/><F38/><W17/><G119/><T118/><D65/><U9/><E135/><V99/><F109/><W82/><G114/><T111/><D39/><U29/><E3/><V20/><F40/><W96/><G0/><T49/><D49/><U128/><E128/><V79/><F79/><W13/><G129/><T116/><D36/><U10/><E37/><V56/><F20/><W48/><G48/><T98/><D130/><U52/><E42/><V27/><F28/><W75/><REACH who="3" step="1"/><G18/><REACH who="3" ten="190,230,370,200" step="2"/><T93/><D111/><U134/><E134/><V133/><F133/><W45/><G45/><T102/><D124/><U47/><E12/><AGARI ba="0,1" hai="12,13,17,19,22,23,68,70,75,78,82,95,96,103" machi="12" ten="30,3900,0" yaku="1,1,7,1,9,1,53,0" doraHai="1" doraHaiUra="21" who="3" fromWho="1" sc="190,0,230,-39,370,0,200,49" />
</Scene>
<Scene>
<INIT seed="3,0,0,1,2,87" ten="190,191,370,249" oya="3" hai0="64,126,56,59,29,53,127,27,106,102,71,133,115" hai1="0,45,78,41,62,128,21,15,89,119,121,33,91" hai2="93,81,40,9,10,43,88,86,82,14,134,17,84" hai3="22,46,34,80,98,67,107,54,116,30,125,37,129"/><W1/><G116/><T42/><D133/><U20/><E33/><V92/><F134/><W16/><G1/><T25/><D115/><U117/><E121/><V97/><F9/><W124/><G67/><T112/><D112/><U51/><E0/><V100/><F81/><W122/><G122/><T104/><D42/><U73/><E128/><V7/><F7/><W60/><G129/><T72/><D72/><U35/><E35/><V61/><F61/><W110/><G110/><T11/><D11/><U28/><E62/><V50/><F50/><W38/><G80/><T39/><D39/><U135/><E135/><V79/><AGARI ba="0,0" hai="10,14,17,40,43,79,82,84,86,88,92,93,97,100" machi="79" ten="20,8000,1" yaku="0,1,7,1,8,1,52,1,54,1" doraHai="87" who="2" fromWho="2" sc="190,-20,191,-20,370,80,249,-40" owari="170,-33.0,171,-23.0,450,55.0,209,1.0" />
</Scene>
</mjloggm>