<mjloggm ver="2.3"><GO type="169"/><UN n0="%E3%83%96%E3%83%83%E3%83%91%E7%A5%9E" n1="%E3%81%B5%E3%81%8A%E3%82%93" n2="%E5%A4%AA%E3%81%8F%E3%81%AA%E3%81%84%E3%81%8A" n3="%E3%81%84%E3%81%97%E3%81%97%E3%82%93%49%44%E7%B4%9B%E5%A4%B1" dan="17,16,17,17" rate="2141,2038,2141,2089" sx="M,M,M,M"/><TAIKYOKU oya="0"/>

<Scene>
<INIT seed="0,0,0,0,4,114" ten="250,250,250,250" oya="0" hai0="72,53,111,113,133,115,6,94,37,51,107,71,93" hai1="110,0,38,132,68,106,126,30,122,59,97,21,76" hai2="36,14,60,63,89,91,9,81,66,98,75,135,28" hai3="49,39,32,79,15,82,74,17,101,127,29,55,12"/><T99/><D37/><U90/><E76/><V24/><F36/><W118/><G39/><T22/><D72/><U69/><E90/><V130/><F130/><W116/><G101/><T46/><D71/><U13/><E97/><V43/><F135/><W84/><G127/><T112/><D133/><U3/><E59/><V52/><F43/><W124/><G124/><T125/><D125/><U117/><E3/><V58/><F75/><W20/><G15/><T73/><D73/><U44/><E44/><V18/><F98/><W134/><G134/><T62/><D111/><U1/><E21/><V129/><F129/><W120/><G120/><T123/><D123/><U103/><E0/><V78/><F78/><W85/><G85/><T19/><D6/><U102/><E110/><V54/><F81/><W42/><G42/><T4/><D4/><U95/><E122/><V26/><F26/><W5/><G5/><T7/><D7/><U119/><E1/><V10/><F10/><W45/><REACH who="3" step="1"/><G74/><REACH who="3" ten="250,250,250,240" step="2"/><T8/><D112/><U131/><E38/><V108/><F108/><W25/><AGARI ba="0,1" hai="12,17,20,25,29,32,45,49,55,79,82,84,116,118" machi="25" ten="30,8000,1" yaku="1,1,2,1,0,1,52,2,53,0" doraHai="114" doraHaiUra="35" who="3" fromWho="3" sc="250,-40,250,-20,250,-20,240,90" />
</Scene>
<Scene>
<INIT seed="1,0,0,0,5,90" ten="210,230,230,330" oya="1" hai0="46,41,32,23,3,132,130,87,38,13,39,45,129" hai1="27,120,89,0,116,8,48,6,107,9,94,108,112" hai2="17,76,7,66,77,126,123,42,115,61,96,4,51" hai3="29,62,20,63,79,35,65,36,57,118,2,133,88"/><U12/><E112/><V44/><F123/><W15/><G2/><T119/><D119/><U10/><E120/><V74/><F115/><W24/><G36/><T21/><D32/><U28/><E116/><V37/><F126/><W83/><G118/><T103/><D3/><U91/><E107/><V124/><F124/><W33/><G133/><T127/><D127/><U25/><E108/><V113/><F113/><W18/><G63/><T22/><D132/><U128/><E128/><V56/><F17/><W26/><G88/><T5/><D103/><U31/><E48/><V1/><F74/><W135/><G135/><T11/><D87/><U93/><E0/><V14/><F1/><W117/><G117/><T97/><D97/><N who="1" m="57519" /><E12/><V67/><F37/><W92/><G92/><T81/><D81/><U54/><E54/><V73/><F73/><W86/><G26/><N who="1" m="9738" /><E6/><V110/><F110/><W99/><G99/><AGARI ba="0,0" hai="8,9,10,28,31,91,94,99" m="9738,57519" machi="99" ten="30,5800,0" yaku="8,1,52,2" doraHai="90" who="1" fromWho="3" sc="210,0,230,58,230,0,330,-58" />
</Scene>
<Scene>
<INIT seed="1,1,0,2,2,37" ten="210,288,230,272" oya="1" hai0="39,78,76,38,130,128,30,80,98,73,58,90,91" hai1="12,52,125,49,102,121,110,46,8,23,108,85,109" hai2="116,103,93,105,21,13,77,71,107,95,26,57,43" hai3="36,83,3,1,104,82,70,42,32,100,129,20,111"/><U44/><E125/><V51/><F71/><W27/><G82/><T7/><D7/><U33/><E33/><V55/><F116/><W86/><G32/><T134/><D134/><U65/><E121/><V15/><F77/><W89/><G70/><T0/><D0/><U63/><E102/><V132/><F132/><W60/><G60/><T41/><D30/><U88/><E23/><V34/><F34/><W18/><G111/><T11/><D11/><U72/><E72/><V64/><F64/><W123/><G123/><T81/><D58/><N who="1" m="33039" /><E63/><V114/><F114/><W56/><G56/><T99/><REACH who="0" step="1"/><D73/><REACH who="0" ten="200,288,230,272" step="2"/><U54/><E65/><V120/><F120/><W59/><G59/><T92/><D92/><N who="1" m="54287" /><E54/><V101/><F55/><W25/><G3/><T117/><D117/><U17/><AGARI ba="1,1" hai="8,12,17,44,46,108,109,110" m="54287,33039" machi="17" ten="30,11700,0" yaku="14,1,10,1,54,2" doraHai="37" who="1" fromWho="1" sc="200,-40,288,130,230,-40,272,-40" />
</Scene>
<Scene>
<INIT seed="1,2,0,3,3,67" ten="160,418,190,232" oya="1" hai0="12,53,50,17,61,8,134,135,19,77,27,90,40" hai1="15,72,63,104,68,81,34,113,62,85,87,131,103" hai2="99,110,101,0,43,58,83,86,22,32,76,119,5" hai3="38,65,117,57,133,2,47,42,80,66,92,18,10"/><U48/><E113/><V94/><F119/><W70/><G117/><T64/><D40/><U11/><E34/><V7/><F32/><W1/><G133/><T52/><D77/><U91/><E131/><V78/><F110/><W118/><G118/><T97/><D97/><U106/><E72/><V114/><F114/><W79/><G92/><T33/><D90/><U120/><E120/><V126/><F126/><W93/><G93/><T46/><D53/><U121/><E121/><V84/><F0/><W20/><G57/><T112/><D112/><U54/><E87/><V105/><F43/><W44/><G44/><T3/><D3/><U56/><E103/><V109/><F109/><W25/><G70/><T102/><D102/><U4/><REACH who="1" step="1"/><E48/><REACH who="1" ten="160,408,190,232" step="2"/><V74/><F86/><W36/><G36/><T130/><D130/><U6/><E6/><V111/><F111/><W55/><G38/><T31/><REACH who="0" step="1"/><D19/><REACH who="0" ten="150,408,190,232" step="2"/><U88/><E88/><N who="2" m="53511" /><F76/><W96/><G79/><T16/><D16/><U59/><E59/><AGARI ba="2,2" hai="8,12,17,27,31,33,46,50,52,59,61,64,134,135" machi="59" ten="40,2600,0" yaku="1,1,54,1,53,0" doraHai="67" doraHaiUra="122" who="0" fromWho="1" sc="150,52,408,-32,190,0,232,0" />
</Scene>
<Scene>
<INIT seed="2,0,0,0,2,37" ten="202,376,190,232" oya="2" hai0="113,97,33,98,95,18,62,106,25,74,35,117,71" hai1="10,48,50,34,104,46,31,52,60,36,64,68,6" hai2="21,27,110,15,115,82,66,30,13,107,81,116,70" hai3="111,7,94,102,20,47,96,45,1,42,57,28,100"/><V132/><F116/><W131/><G111/><T61/><D74/><U89/><E104/><V126/><F115/><W3/><G131/><T65/><D113/><U130/><E130/><V108/><F107/><W14/><G102/><T122/><D122/><U79/><E79/><V11/><F126/><W134/><G134/><T99/><D117/><U44/><E36/><V91/><F132/><W75/><G75/><T17/><D106/><U54/><E89/><V93/><F70/><W16/><G28/><T9/><D62/><U118/><E118/><V103/><F66/><W112/><G112/><T67/><D65/><U119/><E119/><V23/><F103/><W24/><G57/><T128/><D128/><U72/><E72/><V73/><F23/><W51/><G7/><T77/><D77/><U125/><E125/><V0/><F0/><W124/><G124/><T88/><D9/><U55/><E31/><V83/><F73/><W5/><G5/><T121/><D121/><U133/><E34/><V58/><F58/><W90/><G24/><T92/><D98/><U41/><REACH who="1" step="1"/><E133/><REACH who="1" ten="202,366,190,232" step="2"/><V43/><F110/><W135/><G135/><T40/><D35/><U78/><E78/><V101/><F108/><W123/><G123/><T56/><D33/><U38/><E38/><V105/><F105/><W32/><G32/><T84/><D88/><U12/><AGARI ba="0,1" hai="6,10,12,41,44,46,48,50,52,54,55,60,64,68" machi="12" ten="20,8000,1" yaku="1,1,0,1,7,1,52,1,54,1,53,0" doraHai="37" doraHaiUra="29" who="1" fromWho="1" sc="202,-20,366,90,190,-40,232,-20" />
</Scene>
<Scene>
<INIT seed="3,0,0,5,5,123" ten="182,456,150,212" oya="3" hai0="37,133,100,87,105,75,13,77,34,110,101,0,6" hai1="48,26,73,129,61,33,60,93,64,99,126,124,106" hai2="58,8,17,25,125,10,92,118,132,12,135,113,50" hai3="86,32,65,19,43,1,96,67,62,35,102,49,131"/><W111/><G1/><T4/><D34/><U52/><E73/><V41/><F118/><W114/><G114/><T74/><D37/><U84/><E84/><V130/><F113/><W55/><G43/><T82/><D0/><U95/><E129/><V30/><F130/><W127/><G131/><T76/><D133/><N who="2" m="51274" /><F125/><N who="1" m="48233" /><E106/><V51/><F92/><N who="1" m="35401" /><E99/><V120/><F120/><W70/><G127/><T91/><D105/><U31/><E64/><V27/><F10/><W9/><G86/><T116/><D116/><U72/><E72/><V7/><F41/><W88/><G67/><T112/><D112/><U59/><AGARI ba="0,0" hai="26,31,33,48,52,59,60,61" m="35401,48233" machi="59" ten="30,2000,0" yaku="18,1,54,1" doraHai="123" who="1" fromWho="1" sc="182,-5,456,20,150,-5,212,-10" />
</Scene>
<Scene>
<INIT seed="4,0,0,4,1,108" ten="177,476,145,202" oya="0" hai0="24,17,1,84,19,46,93,60,56,124,68,0,105" hai1="63,118,132,76,31,14,97,57,49,3,13,78,123" hai2="99,130,26,82,23,110,106,21,15,51,129,58,102" hai3="33,35,54,100,5,87,25,43,7,114,72,128,28"/><T86/><D105/><U113/><E3/><V29/><F110/><W107/><G72/><T64/><D124/><U109/><E118/><V112/><F82/><W16/><G43/><T59/><D0/><U11/><E123/><V37/><F37/><W47/><G35/><T122/><D1/><U81/><E132/><V39/><F39/><W83/><G128/><N who="2" m="49257" /><F51/><W98/><G114/><T131/><D131/><U67/><E14/><V79/><F79/><W4/><G47/><T32/><D122/><U45/><E31/><V55/><F15/><W101/><G54/><T95/><D46/><U36/><E113/><V18/><F112/><W6/><N who="3" m="1536" /><DORA hai="80" /><W65/><G65/><T20/><D32/><U27/><E67/><V96/><F96/><W90/><REACH who="3" step="1"/><G101/><REACH who="3" ten="177,476,145,192" step="2"/><T88/><REACH who="0" step="1"/><D19/><AGARI ba="0,1" hai="16,19,25,28,33,83,87,90,98,100,107" m="1536" machi="19" ten="50,8000,1" yaku="1,1,2,1,52,1,54,1,53,0" doraHai="108,80" doraHaiUra="133,42" who="3" fromWho="0" sc="177,-80,476,0,145,0,192,90" />
</Scene>
<Scene>
<INIT seed="5,0,0,0,4,122" ten="97,476,145,282" oya="1" hai0="66,44,129,131,18,12,54,2,90,134,11,41,94" hai1="60,115,14,86,6,68,113,135,117,9,50,126,121" hai2="32,108,124,84,114,29,120,93,76,0,64,79,118" hai3="72,59,35,100,52,85,109,99,10,24,57,110,104"/><U20/><E121/><V47/><F120/><W19/><G72/><T87/><D134/><U43/><E117/><V27/><F0/><W48/><G59/><T116/><D116/><U39/><E39/><V103/><F118/><W65/><G65/><T37/><D66/><U46/><E135/><V83/><F124/><W53/><G53/><T97/><D2/><U112/><E126/><V128/><F128/><W42/><G42/><T28/><D28/><U102/><E102/><V1/><F1/><W106/><G106/><T74/><D74/><U38/><E38/><V22/><F64/><W69/><G69/><T30/><D30/><U62/><E68/><V91/><F114/><W31/><REACH who="3" step="1"/><G85/><REACH who="3" ten="97,476,145,272" step="2"/><T80/><REACH who="0" step="1"/><D54/><REACH who="0" ten="87,476,145,272" step="2"/><N who="1" m="30039" /><E115/><V119/><F119/><W3/><G3/><T125/><D125/><U26/><E113/><V107/><F29/><W73/><G73/><T40/><D40/><U17/><E112/><V82/><F32/><W132/><G132/><T63/><D63/><U88/><E43/><V133/><F133/><W77/><G77/><AGARI ba="0,2" hai="11,12,18,37,41,44,77,80,87,90,94,97,129,131" machi="77" ten="40,2600,0" yaku="1,1,53,1" doraHai="122" doraHaiUra="13" who="0" fromWho="3" sc="87,46,476,0,145,0,272,-26" />
</Scene>
<Scene>
<INIT seed="6,0,0,5,2,114" ten="133,476,145,246" oya="2" hai0="53,82,121,116,130,104,20,111,57,35,28,69,95" hai1="58,47,4,16,5,29,115,98,81,97,27,52,125" hai2="23,24,32,108,123,84,36,79,59,88,22,80,62" hai3="12,42,17,2,49,51,55,10,74,113,41,100,75"/><V107/><F123/><W19/><G2/><T18/><D121/><U34/><E115/><V60/><F36/><W78/><G100/><T40/><D111/><U38/><E125/><V9/><F107/><W64/><G64/><T120/><D120/><U102/><E81/><V8/><F108/><W39/><G39/><T48/><D104/><U109/><E109/><V76/><F32/><W91/><G113/><T73/><D69/><U132/><E132/><V87/><F76/><W21/><G75/><T68/><D68/><U72/><E72/><V83/><F23/><W63/><G63/><T129/><D40/><N who="3" m="15465" /><G74/><T25/><D95/><U77/><E77/><V7/><F7/><W93/><G55/><T106/><D106/><U50/><E4/><V90/><F79/><W96/><G78/><T99/><D99/><U85/><E5/><V70/><F70/><W31/><G31/><T110/><D110/><U14/><E85/><V118/><F118/><W0/><G0/><T67/><D67/><U133/><E102/><V112/><F112/><W105/><G105/><T13/><D82/><U43/><E133/><V119/><F119/><W128/><G128/><N who="0" m="49259" /><D73/><U26/><E26/><AGARI ba="0,0" hai="10,12,17,19,21,26,49,51,91,93,96" m="15465" machi="26" ten="30,1000,0" yaku="8,1" doraHai="114" who="3" fromWho="1" sc="133,0,476,-10,145,0,246,10" />
</Scene>
<Scene>
<INIT seed="7,0,0,0,3,60" ten="133,466,145,256" oya="3" hai0="105,91,96,24,11,129,19,134,43,77,66,25,58" hai1="98,40,74,47,116,108,110,118,41,27,51,73,119" hai2="68,37,128,48,20,65,70,22,36,64,123,45,56" hai3="100,17,50,44,99,0,62,122,21,61,38,63,30"/><W39/><G0/><T83/><D129/><U92/><E27/><V102/><F102/><W67/><G122/><T132/><D43/><U114/><E40/><N who="2" m="24615" /><F20/><W59/><G38/><N who="2" m="14953" /><F22/><W7/><G39/><T29/><D66/><N who="2" m="25706" /><F128/><W115/><G7/><T75/><D58/><U86/><E86/><V111/><F123/><W10/><G115/><T87/><D11/><U90/><E114/><V121/><F121/><W9/><G30/><T16/><D96/><U5/><E5/><V88/><F88/><W35/><G35/><N who="0" m="20903" /><D25/><U126/><E126/><V33/><F33/><W1/><G1/><T42/><D42/><U85/><E98/><V117/><F117/><W112/><G112/><T4/><D4/><U113/><E113/><V71/><F111/><AGARI ba="0,0" hai="41,47,51,73,74,85,90,92,108,110,111,116,118,119" machi="111" ten="50,1600,0" yaku="12,1" doraHai="60" who="1" fromWho="2" sc="133,0,466,16,145,-16,256,0" owari="133,-27.0,482,58.0,129,-37.0,256,6.0" />
</Scene>
</mjloggm>