<mjloggm ver="2.3"><GO type="169" lobby="0"/><UN n0="%4C%49%54%48%49%55%4D" n1="%E5%A4%AA%E3%81%8F%E3%81%AA%E3%81%84%E3%81%8A" n2="%E5%94%90%E6%8F%9A%E5%A4%A7%E5%A5%BD%E3%81%8D" n3="%E3%83%AA%E3%83%95%E3%83%AC%E3%82%AF%E3%83%86%E3%82%A3%E3%82%A2" dan="16,18,16,17" rate="2084.73,2232.70,2115.18,2153.04" sx="F,F,M,F"/><TAIKYOKU oya="0"/>

<Scene>
<INIT seed="0,0,0,4,2,118" ten="250,250,250,250" oya="0" hai0="68,9,108,110,47,72,111,45,39,75,1,4,78" hai1="131,66,100,58,83,32,119,13,92,60,94,129,11" hai2="130,26,31,112,85,16,79,117,84,122,96,128,5" hai3="40,15,90,67,121,14,36,41,17,57,87,28,65"/><T21/><D68/><U22/><E32/><V123/><F5/><W25/><G36/><T10/><D21/><U19/><E119/><V134/><F117/><W101/><G101/><T127/><D127/><U93/><E100/><V35/><F112/><W103/><G103/><T6/><D78/><U62/><E83/><V2/><F2/><W37/><G37/><T77/><D77/><U69/><REACH who="1" step="1"/><E22/><REACH who="1" ten="250,240,250,250" step="2"/><V7/><F134/><W98/><G90/><T132/><D132/><U49/><E49/><V106/><F79/><W73/><G73/><N who="0" m="28235" /><D39/><U86/><E86/><V107/><F84/><W20/><G87/><T24/><D24/><U12/><E12/><AGARI ba="0,1" hai="1,4,6,9,10,12,45,47,108,110,111" m="28235" machi="12" ten="40,3900,0" yaku="14,1,10,1" doraHai="118" who="0" fromWho="1" sc="250,49,240,-39,250,0,250,0" />
</Scene>
<Scene>
<INIT seed="0,1,0,2,0,32" ten="299,201,250,250" oya="0" hai0="98,62,50,101,4,71,97,122,78,96,37,121,120" hai1="106,73,80,110,38,34,7,24,125,61,81,22,59" hai2="64,92,20,123,119,39,17,43,129,111,27,86,108" hai3="102,42,67,35,70,93,31,88,99,46,95,29,83"/><T113/><D37/><U87/><E38/><V15/><F123/><W47/><G83/><T52/><D78/><U28/><E106/><V3/><F3/><W19/><G35/><T112/><D101/><U103/><E103/><V12/><F129/><W133/><G133/><T85/><D85/><U14/><E110/><N who="2" m="42027" /><F119/><W65/><G19/><T5/><D62/><U44/><E125/><V0/><F0/><W90/><G102/><T130/><D71/><U127/><E44/><N who="2" m="23679" /><F64/><W11/><G11/><T25/><D25/><U36/><E127/><V100/><F86/><W48/><G47/><T60/><D60/><U114/><E87/><V134/><F134/><W105/><G105/><T118/><D118/><U45/><E45/><V124/><F124/><W18/><G18/><T131/><D52/><U49/><E36/><V26/><F26/><W79/><G79/><T6/><D50/><U128/><E49/><V76/><F76/><W30/><REACH who="3" step="1"/><G70/><REACH who="3" ten="299,201,250,240" step="2"/><T69/><D69/><U94/><E34/><V1/><F100/><W56/><G56/><T109/><D109/><U63/><E59/><V84/><F17/><W126/><G126/><T115/><AGARI ba="1,1" hai="4,5,6,96,97,98,112,113,115,120,121,122,130,131" machi="115" ten="50,48000,5" yakuman="40" doraHai="32" who="0" fromWho="0" sc="299,493,201,-161,250,-161,240,-161" />
</Scene>
<Scene>
<INIT seed="0,2,0,3,0,32" ten="792,40,89,79" oya="0" hai0="134,65,16,67,31,6,69,70,77,39,61,21,28" hai1="130,56,123,58,45,26,119,22,9,68,97,14,103" hai2="24,47,19,55,114,35,49,43,74,131,79,78,44" hai3="20,109,40,104,60,117,34,57,51,52,88,132,91"/><T80/><D134/><U29/><E123/><V113/><F131/><W127/><G117/><T112/><D112/><U72/><E119/><V5/><F5/><W116/><G34/><T63/><D39/><U83/><E68/><V23/><F35/><W25/><G116/><T98/><D98/><U11/><E130/><V76/><REACH who="2" step="1"/><F74/><REACH who="2" ten="792,40,79,79" step="2"/><W64/><G132/><T84/><D6/><U30/><E72/><V62/><F62/><W87/><G127/><T71/><D71/><U75/><E75/><V100/><F100/><W90/><G109/><T107/><D107/><U86/><E103/><V7/><F7/><W118/><G104/><T41/><D41/><U8/><E30/><V85/><F85/><W2/><G2/><T13/><AGARI ba="2,1" hai="13,16,21,28,31,61,63,65,67,69,70,77,80,84" machi="13" ten="20,7800,0" yaku="0,1,7,1,9,1,54,1" doraHai="32" who="0" fromWho="0" sc="792,94,40,-28,79,-28,79,-28" />
</Scene>
<Scene>
<INIT seed="0,3,0,5,1,23" ten="886,12,51,51" oya="0" hai0="129,13,39,18,123,45,15,9,50,73,63,131,33" hai1="8,84,98,121,134,87,7,64,31,20,124,101,19" hai2="135,111,38,26,16,48,65,105,74,60,4,40,79" hai3="10,46,69,119,11,92,1,67,49,130,59,75,128"/><T93/><D123/><U57/><E121/><V43/><F105/><W80/><G69/><T77/><D39/><U115/><E31/><V83/><F38/><W133/><G119/><T0/><D63/><N who="1" m="37999" /><E134/><V5/><F135/><W108/><G108/><T112/><D112/><U28/><E115/><V55/><F111/><W91/><G80/><T107/><D107/><U70/><E70/><V54/><F4/><W32/><G32/><T21/><D33/><U35/><E35/><V47/><F5/><W68/><G68/><T126/><D0/><N who="1" m="103" /><E19/><V127/><F127/><W114/><G1/><T100/><D126/><U106/><E106/><V17/><F43/><W56/><G114/><T94/><D100/><U125/><E125/><V22/><F17/><W110/><G110/><T89/><D77/><U97/><E124/><V3/><F3/><W44/><G75/><T37/><D73/><U42/><E42/><V76/><F76/><W82/><G82/><T25/><D37/><U12/><E12/><V95/><F95/><W102/><G102/><T104/><D104/><N who="1" m="63535" /><E98/><V41/><F41/><W51/><G133/><T96/><D93/><U27/><E87/><V71/><AGARI ba="3,0" hai="16,22,26,40,47,48,54,55,60,65,71,74,79,83" machi="71" ten="20,5200,0" yaku="0,1,7,1,52,1,54,1" doraHai="23" who="2" fromWho="2" sc="886,-29,12,-16,51,61,51,-16" owari="857,95.0,-4,-50.0,112,-9.0,35,-36.0" />
</Scene>
</mjloggm>