<mjloggm ver="2.3"><GO type="97"/><UN n0="%E3%81%82%E3%81%8D%E3%81%B0%E3%82%93" n1="%E6%9F%B3%E9%9B%AA" n2="%E5%A4%AA%E3%81%8F%E3%81%AA%E3%81%84%E3%81%8A" n3="%49%76%65%72%73%6F%6E" dan="14,15,14,13" rate="1944,1991,2051,1875" sx="M,F,M,M"/><TAIKYOKU oya="0"/>

<Scene>
<INIT seed="0,0,0,3,0,50" ten="250,250,250,250" oya="0" hai0="17,104,100,2,39,15,58,91,35,56,126,28,62" hai1="66,22,16,95,47,134,85,49,131,72,59,27,75" hai2="8,107,130,121,133,60,76,80,90,32,13,97,78" hai3="127,74,71,68,112,84,40,63,96,123,115,26,3"/><T70/><D2/><U30/><E131/><V4/><F121/><W111/><G74/><T67/><D39/><U113/><E134/><V105/><F32/><W1/><G123/><T11/><D126/><U20/><E113/><V53/><F133/><W37/><G127/><T61/><D61/><U44/><E75/><V110/><F130/><W106/><G112/><T38/><D38/><U99/><E72/><V77/><F110/><W52/><G115/><T83/><D83/><U92/><E85/><V36/><F36/><W94/><G1/><T55/><D91/><U122/><E122/><V42/><F42/><W31/><G111/><T114/><D114/><U125/><E125/><V102/><F107/><W119/><G3/><T51/><D28/><U86/><E86/><V19/><F4/><W117/><G119/><T45/><REACH who="0" step="1"/><D35/><REACH who="0" ten="240,250,250,250" step="2"/><U118/><E118/><V41/><F90/><W9/><G117/><T29/><D29/><U33/><E33/><V48/><F80/><W64/><G71/><T73/><D73/><U57/><E66/><V81/><F81/><W82/><G37/><T135/><D135/><U120/><E120/><V98/><F60/><W54/><G106/><T69/><D69/><U6/><E95/><V103/><F77/><W7/><G68/><T43/><D43/><N who="1" m="24735" /><E92/><N who="2" m="58663" /><F41/><W93/><G40/><T87/><D87/><U21/><E99/><AGARI ba="0,1" hai="11,15,17,45,51,55,56,58,62,67,70,99,100,104" machi="99" ten="40,3900,0" yaku="1,1,52,1,53,0" doraHai="50" doraHaiUra="23" who="0" fromWho="1" sc="240,49,250,-39,250,0,250,0" />
</Scene>
<Scene>
<INIT seed="0,1,0,2,5,4" ten="289,211,250,250" oya="0" hai0="16,95,71,124,59,48,60,97,11,0,72,3,115" hai1="91,122,29,107,101,74,13,81,62,92,25,56,66" hai2="127,63,17,8,22,67,123,134,58,99,125,128,12" hai3="52,26,44,113,9,2,19,32,70,116,24,119,100"/><T76/><D115/><U126/><E122/><V54/><F123/><W49/><G113/><T42/><D124/><N who="2" m="47690" /><F134/><W20/><G70/><T85/><D72/><U53/><E126/><V28/><F128/><W31/><G100/><T121/><D121/><U37/><E37/><V108/><F108/><W102/><G102/><T110/><D110/><U133/><E133/><V111/><F111/><W73/><G73/><T61/><D71/><U34/><E74/><V93/><F28/><W6/><REACH who="3" step="1"/><G26/><REACH who="3" ten="289,211,250,240" step="2"/><T50/><D0/><U68/><E101/><N who="2" m="60655" /><F67/><W43/><G43/><T87/><D3/><U109/><E109/><V47/><F47/><W35/><G35/><T46/><D76/><U38/><E107/><V129/><F129/><W51/><G51/><T30/><D50/><U88/><E38/><V105/><F105/><W57/><G57/><T84/><D59/><U117/><E117/><V82/><F82/><W5/><G5/><T78/><D78/><U120/><E120/><V18/><F58/><W33/><G33/><T132/><D132/><U98/><E81/><V106/><F106/><W41/><G41/><T7/><D7/><U75/><E75/><V39/><F39/><W40/><G40/><T21/><D30/><U64/><E64/><V89/><F89/><W104/><G104/><T114/><D114/><U65/><E91/><V27/><F63/><W45/><G45/><T94/><D61/><N who="1" m="35983" /><E66/><V36/><F36/><W15/><AGARI ba="1,1" hai="2,6,9,15,19,20,24,31,32,44,49,52,116,119" machi="15" ten="20,12000,2" yaku="1,1,0,1,7,1,24,2,52,1,54,1,53,0" doraHai="4" doraHaiUra="79" who="3" fromWho="3" sc="289,-61,211,-31,250,-31,240,133" />
</Scene>
<Scene>
<INIT seed="1,0,0,4,2,36" ten="228,180,219,373" oya="1" hai0="60,6,27,56,128,4,57,105,102,74,54,67,92" hai1="101,127,17,120,61,0,59,51,40,89,133,37,113" hai2="96,104,98,10,84,18,24,47,100,75,106,83,118" hai3="33,131,26,35,66,21,81,97,132,77,129,70,12"/><U29/><E0/><V48/><F118/><W93/><G132/><T55/><D74/><U1/><E1/><V5/><F75/><W62/><G12/><T16/><D105/><U65/><E120/><V109/><F109/><W28/><G81/><T86/><D67/><U3/><E3/><V44/><F24/><W64/><G77/><T80/><D128/><N who="3" m="49225" /><G66/><T23/><D92/><U22/><E113/><V2/><F18/><W52/><G52/><T15/><D102/><AGARI ba="0,0" hai="21,26,28,33,35,62,64,70,93,97,102" m="49225" machi="102" ten="30,1000,0" yaku="19,1" doraHai="36" who="3" fromWho="0" sc="228,-10,180,0,219,0,373,10" />
</Scene>
<Scene>
<INIT seed="2,0,0,1,2,96" ten="218,180,219,383" oya="2" hai0="39,20,120,28,19,52,17,127,14,43,21,107,29" hai1="100,130,26,37,7,129,69,50,122,57,63,40,74" hai2="16,61,116,102,84,111,5,68,27,98,55,25,76" hai3="132,114,24,82,18,123,34,110,103,73,30,60,118"/><V1/><F116/><W131/><G123/><T83/><D120/><U64/><E74/><V41/><F41/><W104/><G118/><T88/><D107/><U117/><E122/><V15/><F111/><W0/><G110/><T106/><D106/><U42/><E117/><V56/><F68/><W32/><G0/><T113/><D113/><U45/><E7/><V54/><F1/><W36/><G32/><T134/><D43/><N who="1" m="22767" /><E26/><V31/><F5/><W6/><G36/><T92/><D83/><U2/><E100/><V109/><F109/><W81/><G114/><T95/><D92/><U59/><E2/><V67/><F76/><W70/><G132/><T38/><D134/><U89/><E89/><V124/><F84/><W87/><G131/><N who="1" m="50186" /><E59/><V13/><F13/><W79/><G18/><T49/><D39/><U80/><E80/><V101/><F27/><W112/><G6/><T115/><D38/><U85/><E85/><V90/><F90/><W93/><G93/><T46/><D115/><U72/><E72/><V126/><F25/><W75/><G112/><T22/><D127/><N who="2" m="48682" /><F31/><N who="0" m="11850" /><D19/><U35/><E35/><V121/><F121/><W97/><G82/><T58/><D46/><U71/><E71/><V53/><F98/><AGARI ba="0,0" hai="14,17,20,21,22,49,52,58,88,95,98" m="11850" machi="98" ten="30,3900,0" yaku="8,1,54,2" doraHai="96" who="0" fromWho="2" sc="218,39,180,0,219,-39,383,0" />
</Scene>
<Scene>
<INIT seed="3,0,0,4,2,41" ten="257,180,180,383" oya="3" hai0="90,34,124,46,120,31,88,40,13,36,70,114,39" hai1="65,8,58,43,16,68,61,112,81,19,20,30,103" hai2="127,23,47,57,107,7,93,24,105,21,117,64,52" hai3="72,38,63,42,1,17,122,76,133,92,113,37,59"/><W44/><G122/><T121/><D70/><U49/><E112/><V26/><F117/><W79/><G1/><T27/><D114/><U60/><E103/><V14/><F127/><W67/><G113/><T73/><D73/><U55/><E81/><V82/><F82/><W56/><G133/><T83/><D124/><U98/><E98/><V106/><F93/><W2/><G2/><T18/><D39/><U116/><E116/><V12/><F64/><W50/><G72/><T48/><D36/><N who="3" m="13929" /><G17/><T126/><D126/><U95/><E95/><V62/><F47/><N who="3" m="25975" /><G92/><T5/><D5/><U29/><E8/><V94/><F94/><W74/><G76/><T134/><D134/><U75/><E75/><V132/><F132/><W51/><G79/><T69/><D69/><U123/><E123/><V96/><F96/><W84/><G84/><T131/><D131/><U15/><E19/><V118/><F118/><W3/><G3/><T99/><D90/><U33/><E33/><V25/><REACH who="2" step="1"/><F7/><REACH who="2" ten="257,180,170,383" step="2"/><W4/><G4/><T11/><D99/><U104/><REACH who="1" step="1"/><E104/><REACH who="1" ten="257,170,170,383" step="2"/><V130/><F130/><W78/><G74/><T71/><D121/><U80/><E80/><V54/><F54/><N who="3" m="30055" /><G78/><T66/><D120/><U53/><E53/><V77/><F77/><W135/><G135/><T35/><D66/><U86/><E86/><V22/><AGARI ba="0,2" hai="12,14,21,22,23,24,25,26,52,57,62,105,106,107" machi="22" ten="40,8000,1" yaku="1,1,0,1,29,2,54,1,53,0" doraHai="41" doraHaiUra="87" who="2" fromWho="2" sc="257,-20,170,-20,170,100,383,-40" owari="237,-16.0,150,-35.0,270,7.0,343,44.0" />
</Scene>
</mjloggm>