<mjloggm ver="2.3"><GO type="225"/><UN n0="%61%6B%62%70%6C%75%73" n1="%E3%83%81%E3%83%A3%E3%82%AA%E3%83%AA" n2="%E5%A4%AA%E3%81%8F%E3%81%AA%E3%81%84%E3%81%8A" n3="%E2%98%85%E9%9B%80%E5%A8%98%E3%82%AF%E3%83%AC%E3%82%A2%E2%98%85" dan="16,16,16,16" rate="2107,2116,2095,2053" sx="M,M,M,F"/><TAIKYOKU oya="0"/>

<Scene>
<INIT seed="0,0,0,0,1,25" ten="250,250,250,250" oya="0" hai0="11,85,15,86,73,74,41,94,111,90,97,32,51" hai1="38,62,113,117,44,118,49,82,27,19,71,59,100" hai2="58,102,35,83,13,75,91,23,31,125,26,106,105" hai3="114,122,135,76,39,70,21,18,20,40,52,36,80"/><T6/><D32/><U7/><E113/><V1/><F125/><W22/><G114/><T64/><D64/><U81/><E100/><V8/><F58/><W110/><G70/><T101/><D111/><U65/><E7/><N who="2" m="1135" /><F102/><W124/><G110/><T116/><D116/><U107/><E107/><V28/><F28/><W131/><G124/><T128/><D128/><U96/><E96/><V5/><F5/><W4/><G131/><T84/><REACH who="0" step="1"/><D101/><REACH who="0" ten="240,250,250,250" step="2"/><U53/><E118/><V56/><F35/><W67/><G135/><T88/><D88/><U133/><E133/><V42/><F91/><W54/><G122/><T9/><D9/><U92/><E117/><V47/><F23/><W3/><G22/><T123/><D123/><U12/><E65/><V108/><F108/><W121/><G21/><T78/><D78/><U77/><E77/><V87/><F106/><W109/><G109/><T130/><D130/><U104/><E104/><V61/><F105/><W29/><G67/><T89/><D89/><U55/><E71/><V0/><F26/><N who="3" m="14615" /><G121/><T14/><D14/><U93/><E27/><V2/><F13/><W24/><G3/><T30/><D30/><U132/><E132/><V10/><F10/><W60/><G76/><T45/><AGARI ba="0,1" hai="6,11,15,41,45,51,73,74,84,85,86,90,94,97" machi="45" ten="30,6000,0" yaku="1,1,0,1,53,1" doraHai="25" doraHaiUra="37" who="0" fromWho="0" sc="240,70,250,-20,250,-20,250,-20" />
</Scene>
<Scene>
<INIT seed="0,1,0,5,1,116" ten="310,230,230,230" oya="0" hai0="73,117,98,69,93,76,58,39,68,32,94,60,20" hai1="70,9,112,61,121,87,24,89,45,101,122,109,79" hai2="130,33,81,123,36,86,59,131,37,97,57,55,100" hai3="110,107,50,132,111,23,135,120,104,8,13,2,19"/><T11/><D117/><U124/><E79/><N who="2" m="46399" /><F33/><W12/><G50/><T82/><D32/><U83/><E109/><N who="3" m="41482" /><G2/><T118/><D118/><U40/><E124/><V22/><F22/><W6/><G120/><T108/><D39/><N who="2" m="14922" /><F55/><W10/><G23/><T53/><D108/><U1/><E112/><V5/><F5/><W75/><G75/><T47/><D47/><U14/><E1/><V133/><F133/><AGARI ba="1,0" hai="6,8,10,12,13,19,104,107,132,133,135" m="41482" machi="133" ten="30,2000,0" yaku="20,1,14,1" doraHai="116" who="3" fromWho="2" sc="310,0,230,0,230,-23,230,23" />
</Scene>
<Scene>
<INIT seed="1,0,0,1,0,106" ten="310,230,207,253" oya="1" hai0="108,67,107,60,99,93,24,21,113,89,95,44,81" hai1="124,102,71,77,111,122,14,61,85,32,104,125,51" hai2="110,115,100,3,38,10,22,15,129,101,26,117,17" hai3="16,103,40,90,50,78,92,1,65,87,56,105,9"/><U20/><E32/><V116/><F38/><W82/><G65/><T57/><D108/><U70/><E122/><V19/><F101/><W12/><G1/><T47/><D113/><U76/><E51/><V114/><F100/><W48/><G105/><T74/><D107/><U46/><E46/><V29/><F110/><W39/><G103/><N who="0" m="60911" /><D81/><N who="1" m="47271" /><E61/><V31/><F129/><W97/><REACH who="3" step="1"/><G56/><REACH who="3" ten="310,230,207,243" step="2"/><T58/><D58/><U63/><E111/><V126/><F3/><W66/><G66/><T123/><D123/><U109/><E109/><V6/><F126/><W54/><G54/><T91/><D67/><U18/><E102/><V37/><F37/><W27/><G27/><T112/><D57/><U73/><E104/><V59/><F59/><W62/><G62/><T36/><D60/><U96/><E63/><V75/><F114/><W45/><AGARI ba="0,1" hai="9,12,16,39,40,45,48,50,78,82,87,90,92,97" machi="45" ten="30,7900,0" yaku="1,1,0,1,54,1,53,1" doraHai="106" doraHaiUra="68" who="3" fromWho="3" sc="310,-20,230,-39,207,-20,243,89" />
</Scene>
<Scene>
<INIT seed="2,0,0,2,4,1" ten="290,191,187,332" oya="2" hai0="131,119,104,55,91,43,14,49,108,77,98,50,41" hai1="76,109,74,53,44,2,63,31,62,127,117,10,46" hai2="9,102,6,54,111,72,96,130,42,120,114,129,28" hai3="100,3,97,30,48,38,84,27,134,82,110,15,90"/><V126/><F120/><W68/><G3/><T56/><D108/><U133/><E117/><V121/><F121/><W94/><G110/><T99/><D119/><U25/><E133/><V47/><F111/><W26/><G38/><T83/><D131/><N who="2" m="50186" /><F114/><W87/><G68/><T12/><D104/><U70/><E70/><V5/><F72/><W66/><G66/><T113/><D113/><U22/><E127/><V132/><F132/><W4/><G134/><T52/><D12/><U13/><E109/><V88/><F126/><W112/><G112/><T95/><D99/><U35/><E74/><V51/><F28/><W107/><G30/><T64/><D64/><U7/><E76/><V61/><F9/><N who="3" m="4519" /><G107/><T115/><D115/><U125/><E125/><V89/><F61/><N who="1" m="23049" /><E53/><V29/><F29/><W81/><G48/><T19/><D77/><AGARI ba="0,0" hai="26,27,77,81,82,84,87,90,94,97,100" m="4519" machi="77" ten="30,2000,0" yaku="8,1,52,1" doraHai="1" who="3" fromWho="0" sc="290,-20,191,0,187,0,332,20" />
</Scene>
<Scene>
<INIT seed="3,0,0,1,4,103" ten="270,191,187,352" oya="3" hai0="49,131,5,40,32,72,101,64,50,43,54,46,114" hai1="115,18,29,48,105,75,99,11,130,89,102,38,16" hai2="30,100,111,113,13,22,98,118,134,123,62,31,80" hai3="129,87,3,81,92,104,97,4,88,135,37,9,121"/><W27/><G37/><T128/><D32/><U7/><E38/><V34/><F118/><W96/><G121/><T2/><D72/><U14/><E75/><V53/><F113/><W21/><G135/><T127/><D101/><U28/><E130/><N who="0" m="49705" /><D5/><U24/><E29/><N who="2" m="10763" /><F34/><W35/><G35/><T26/><D26/><U82/><E48/><V107/><F107/><W120/><G104/><T70/><D2/><U8/><E8/><V65/><F134/><W119/><G119/><T125/><D114/><U25/><E25/><V94/><F123/><W76/><G120/><T44/><D50/><U67/><E115/><V93/><F111/><W106/><G106/><T0/><D46/><U47/><E47/><V42/><F42/><W71/><G129/><T116/><D0/><U77/><E89/><V132/><F132/><W36/><G36/><T126/><D116/><U1/><E67/><V90/><F65/><W73/><G71/><T51/><D51/><U109/><E109/><V56/><F80/><W66/><G66/><T19/><D19/><AGARI ba="0,0" hai="3,4,9,19,21,27,73,76,81,87,88,92,96,97" machi="19" ten="30,2900,0" yaku="7,1,54,1" doraHai="103" who="3" fromWho="0" sc="270,-29,191,0,187,0,352,29" owari="241,4.0,191,-21.0,187,-31.0,381,48.0" />
</Scene>
</mjloggm>