<mjloggm ver="2.3"><GO type="169" lobby="0"/><UN n0="%E5%A4%AA%E3%81%8F%E3%81%AA%E3%81%84%E3%81%8A" n1="%E5%B8%B8%E7%A3%90%E7%B7%9A%E7%89%B9%E5%88%A5%E5%BF%AB%E9%80%9F" n2="%4C%49%54%48%49%55%4D" n3="%E7%99%BD%E4%BA%95%E9%BB%92%E5%AD%90" dan="18,17,17,17" rate="2161.54,2098.91,2108.99,2131.37" sx="F,M,F,F"/><TAIKYOKU oya="0"/>

<Scene>
<INIT seed="0,0,0,0,5,88" ten="250,250,250,250" oya="0" hai0="119,135,65,32,132,11,26,101,69,116,86,55,82" hai1="130,125,103,94,23,57,29,24,126,106,113,87,7" hai2="73,18,52,84,20,102,12,66,79,4,40,46,63" hai3="38,74,97,107,117,15,111,61,93,104,33,31,64"/><T58/><D101/><U99/><E130/><V9/><F73/><W96/><G117/><T41/><D41/><U50/><E113/><V122/><F122/><W71/><G38/><T80/><D65/><U115/><E115/><V42/><F102/><N who="3" m="62543" /><G111/><T72/><D69/><U39/><E39/><V70/><F79/><W110/><G15/><T100/><D100/><U129/><E129/><V51/><REACH who="2" step="1"/><F84/><REACH who="2" ten="250,250,240,250" step="2"/><W92/><G110/><T78/><D119/><U6/><E87/><V2/><AGARI ba="0,1" hai="2,4,9,12,18,20,40,42,46,51,52,63,66,70" machi="2" ten="20,12000,2" yaku="1,1,2,1,0,1,7,1,54,1,53,1" doraHai="88" doraHaiUra="16" who="2" fromWho="2" sc="250,-60,250,-30,240,130,250,-30" />
</Scene>
<Scene>
<INIT seed="1,0,0,4,3,104" ten="190,220,370,220" oya="1" hai0="7,24,9,1,58,74,83,73,108,86,116,80,92" hai1="36,56,64,30,32,54,69,124,17,111,22,100,78" hai2="19,60,76,133,96,21,112,107,63,81,117,62,128" hai3="38,95,18,16,122,85,87,11,134,65,109,15,91"/><U23/><E36/><V28/><F117/><W43/><G122/><T49/><D116/><U33/><E100/><V71/><F128/><W97/><G109/><T67/><D108/><U0/><E0/><V51/><F133/><W42/><G134/><T102/><D24/><U77/><E111/><V25/><F112/><W8/><G65/><T13/><D1/><U103/><E30/><V123/><F123/><W84/><G38/><T10/><D10/><U99/><E23/><V127/><F127/><W114/><G114/><T75/><D86/><U50/><E124/><V93/><F107/><W115/><G115/><T41/><D67/><U3/><E3/><V113/><F113/><W132/><G132/><T6/><D6/><U4/><E4/><V37/><F37/><W120/><G120/><T34/><D34/><U40/><E40/><V27/><F71/><W72/><G72/><T131/><D131/><U89/><E89/><V29/><F51/><W129/><G129/><T20/><D20/><U52/><E54/><V135/><F135/><W45/><G45/><T35/><D35/><U106/><E64/><V125/><F125/><W68/><G68/><T105/><D105/><U118/><E69/><V79/><F25/><W66/><G66/><T82/><D58/><U12/><REACH who="1" step="1"/><E118/><REACH who="1" ten="190,210,370,220" step="2"/><V59/><F28/><W119/><G119/><T44/><D102/><U98/><E98/><V90/><F29/><W94/><G94/><T61/><D92/><U26/><E26/><V88/><F93/><W57/><G43/><T39/><D39/><U110/><E110/><V47/><F27/><RYUUKYOKU ba="0,1" sc="190,15,210,15,370,-15,220,-15" hai0="7,9,13,41,44,49,61,73,74,75,80,82,83" hai1="12,17,22,32,33,50,52,56,77,78,99,103,106" />
</Scene>
<Scene>
<INIT seed="1,1,1,0,3,19" ten="205,225,355,205" oya="1" hai0="108,80,101,70,10,135,51,69,4,127,81,31,8" hai1="53,59,107,2,20,86,49,25,12,9,46,106,0" hai2="39,36,61,7,30,56,72,60,75,45,128,35,33" hai3="119,5,21,116,126,63,130,92,76,88,115,110,64"/><U121/><E121/><V87/><F128/><W102/><G115/><T32/><D101/><U118/><E118/><V90/><F7/><W40/><G130/><T113/><D113/><U62/><E86/><V105/><F105/><W73/><G110/><T17/><D108/><U14/><E106/><V48/><F39/><W83/><G126/><T29/><D127/><U22/><E107/><V23/><F36/><W120/><G102/><T95/><D95/><U124/><E124/><V114/><F114/><W98/><G120/><T79/><D135/><U123/><E123/><V117/><F117/><N who="3" m="45131" /><G40/><T122/><D51/><U28/><E20/><V96/><F96/><W68/><G5/><T71/><D122/><U54/><REACH who="1" step="1"/><E14/><REACH who="1" ten="205,215,355,205" step="2"/><V103/><F23/><AGARI ba="1,2" hai="21,23,63,64,68,73,76,83,88,92,98" m="45131" machi="23" ten="30,7700,0" yaku="12,1,52,2,54,1" doraHai="19" who="3" fromWho="2" sc="205,0,215,0,355,-80,205,100" />
</Scene>
<Scene>
<INIT seed="2,0,0,0,3,22" ten="205,215,275,305" oya="2" hai0="95,37,68,79,66,49,12,5,103,102,92,29,60" hai1="33,78,80,51,112,87,97,54,39,25,69,38,21" hai2="134,43,128,81,44,76,58,106,104,118,84,125,19" hai3="40,32,105,57,62,82,83,27,129,94,15,133,2"/><V100/><F118/><W24/><G105/><T45/><D37/><U127/><E112/><V86/><F134/><W122/><G2/><T48/><D79/><U111/><E33/><V36/><F128/><W59/><G122/><T115/><D115/><U85/><E69/><V72/><F125/><W63/><G133/><T75/><D75/><U30/><E127/><V41/><F41/><W42/><G32/><T117/><D117/><U88/><E97/><V114/><F114/><W4/><G129/><T107/><D29/><U34/><E34/><V120/><F120/><W131/><G131/><T14/><D107/><U101/><E101/><V93/><F58/><N who="3" m="22027" /><G94/><T109/><D109/><U28/><E111/><V130/><F130/><W132/><G132/><T65/><D5/><U96/><E96/><V9/><F9/><N who="3" m="4519" /><G42/><T20/><D68/><U64/><E64/><V52/><F19/><W70/><G70/><T71/><D71/><U17/><E38/><V61/><F61/><N who="3" m="23051" /><G40/><T116/><D60/><U121/><E39/><V126/><F126/><W53/><G53/><T108/><D116/><U16/><E17/><V89/><F52/><W55/><G55/><T123/><D108/><U135/><E135/><V8/><F8/><W7/><G7/><T77/><D123/><U113/><E121/><V74/><REACH who="2" step="1"/><F100/><REACH who="2" ten="205,215,265,305" step="2"/><W119/><G119/><T26/><D103/><U90/><E113/><V46/><F46/><W110/><G110/><T50/><D45/><N who="1" m="28015" /><E78/><V124/><F124/><W10/><G10/><T3/><D77/><U47/><E47/><V18/><F18/><W1/><G1/><RYUUKYOKU ba="0,1" sc="205,-30,215,10,265,10,305,10" hai1="16,21,25,28,30,80,85,87,88,90" hai2="36,43,44,72,74,76,81,84,86,89,93,104,106" hai3="24,27,82,83" />
</Scene>
<Scene>
<INIT seed="2,1,1,2,3,34" ten="175,225,275,315" oya="2" hai0="57,131,0,77,13,75,61,108,65,102,36,45,2" hai1="6,103,19,29,49,92,43,104,71,30,37,116,82" hai2="128,72,99,118,21,44,41,114,26,47,81,38,113" hai3="18,40,115,95,89,88,126,110,42,105,97,79,51"/><V129/><F118/><W122/><G122/><T84/><D75/><U35/><E104/><V96/><F44/><W91/><G110/><T39/><D108/><U53/><E71/><V73/><F96/><W52/><G105/><T111/><D111/><U133/><E116/><V134/><F99/><W31/><G126/><T5/><D131/><N who="2" m="50250" /><F134/><W50/><G79/><T124/><D124/><U16/><E6/><V127/><F127/><W112/><G31/><T132/><D102/><U10/><E43/><N who="3" m="16426" /><G18/><T3/><D45/><U93/><E37/><V70/><F70/><W107/><G107/><T64/><D64/><U76/><E103/><V119/><F119/><W32/><G32/><T9/><REACH who="0" step="1"/><D132/><REACH who="0" ten="165,225,275,315" step="2"/><U11/><E133/><V125/><F125/><W100/><G115/><T17/><D17/><U68/><E16/><N who="2" m="12583" /><F73/><W33/><G112/><T83/><AGARI ba="1,2" hai="0,2,3,5,9,13,36,39,57,61,65,77,83,84" machi="83" ten="40,12000,2" yaku="1,1,0,1,52,3,53,1" doraHai="34" doraHaiUra="59" who="0" fromWho="0" sc="165,143,225,-31,275,-61,315,-31" />
</Scene>
<Scene>
<INIT seed="3,0,0,0,1,92" ten="308,194,214,284" oya="3" hai0="29,76,82,79,114,31,75,50,4,100,98,32,34" hai1="128,16,112,103,45,116,10,15,89,90,129,127,69" hai2="80,111,9,62,46,1,133,124,99,70,2,78,44" hai3="20,125,95,134,11,86,73,24,71,81,17,49,88"/><W27/><G71/><T123/><D123/><U36/><E112/><V87/><F111/><W122/><G122/><T109/><D109/><U38/><E69/><V39/><F133/><W58/><G134/><T22/><D114/><U68/><E68/><V107/><F124/><W135/><G125/><T0/><D76/><U57/><E127/><V42/><F44/><W64/><G135/><T51/><D32/><U56/><E116/><V7/><F1/><W131/><G131/><N who="1" m="50250" /><E103/><V83/><F83/><W21/><G11/><T97/><D34/><U115/><E115/><V108/><F108/><W101/><G73/><T118/><D118/><U18/><E18/><V91/><F107/><W25/><G20/><T120/><D120/><U72/><E72/><V55/><F70/><W54/><G64/><T130/><D130/><U121/><E121/><V84/><F99/><AGARI ba="0,0" hai="17,21,24,25,27,49,54,58,81,86,88,95,99,101" machi="99" ten="40,7700,0" yaku="8,1,52,1,54,1" doraHai="92" who="3" fromWho="2" sc="308,0,194,0,214,-77,284,77" />
</Scene>
<Scene>
<INIT seed="3,1,0,1,1,63" ten="308,194,137,361" oya="3" hai0="14,29,10,51,71,126,90,31,58,49,133,9,3" hai1="74,6,23,99,97,37,104,106,113,116,54,111,46" hai2="41,47,117,2,86,91,16,124,85,78,13,8,52" hai3="1,48,0,93,123,96,95,110,7,22,92,76,21"/><W125/><G123/><T121/><D121/><U20/><E113/><V56/><F117/><W127/><G125/><T32/><D71/><U69/><E74/><V82/><F124/><W84/><G127/><T17/><D126/><U40/><E69/><V38/><F2/><W88/><G110/><T94/><D133/><U24/><E111/><V43/><F43/><W28/><G76/><T75/><D75/><U59/><E116/><V65/><F65/><W15/><G48/><T83/><D83/><U73/><E73/><V87/><REACH who="2" step="1"/><F78/><REACH who="2" ten="308,194,127,361" step="2"/><W4/><G1/><T42/><D42/><U64/><E64/><V112/><F112/><W105/><G0/><T50/><D3/><U44/><E40/><V12/><F12/><W129/><G15/><T108/><D108/><U39/><E39/><V100/><F100/><W118/><G118/><T114/><D114/><U101/><E37/><V26/><F26/><W27/><G27/><T18/><D14/><U81/><E24/><V67/><F67/><W45/><G4/><T109/><D109/><U61/><E6/><V35/><F35/><W107/><G7/><T53/><D32/><U79/><E79/><V115/><F115/><W77/><G77/><T55/><D55/><U102/><E81/><V19/><F19/><W98/><G21/><AGARI ba="1,1" hai="20,21,23,44,46,54,59,61,97,99,101,102,104,106" machi="21" ten="40,1300,0" yaku="9,1" doraHai="63" who="1" fromWho="3" sc="308,0,194,26,127,0,361,-16" />
</Scene>
<Scene>
<INIT seed="4,0,0,1,5,57" ten="308,220,127,345" oya="0" hai0="4,34,11,67,116,130,121,55,23,1,118,63,66" hai1="93,29,81,5,105,52,112,72,60,125,44,107,104" hai2="109,71,10,124,111,8,77,74,75,21,54,53,132" hai3="90,92,113,95,103,30,106,14,28,2,36,78,87"/><T37/><D121/><U135/><E135/><V48/><F132/><W26/><G2/><T50/><D34/><U89/><E125/><V128/><F124/><W56/><G36/><T12/><D37/><U38/><E112/><V99/><F128/><W69/><G69/><T129/><D23/><U51/><E5/><V49/><F21/><W70/><G70/><N who="0" m="42335" /><D1/><U85/><E29/><V45/><F71/><W13/><G106/><T98/><D98/><U9/><E9/><V35/><F99/><N who="3" m="59903" /><G113/><T46/><D67/><U3/><E3/><V119/><F35/><W100/><G78/><T102/><D102/><U16/><E38/><V83/><F119/><W73/><G73/><T7/><D7/><U6/><E6/><V58/><REACH who="2" step="1"/><F75/><REACH who="2" ten="308,220,117,345" step="2"/><W25/><G30/><T101/><D101/><U17/><E72/><V110/><AGARI ba="0,1" hai="8,10,45,48,49,53,54,58,74,77,83,109,110,111" machi="110" ten="30,7900,0" yaku="1,1,2,1,0,1,53,1" doraHai="57" doraHaiUra="41" who="2" fromWho="2" sc="308,-39,220,-20,117,89,345,-20" />
</Scene>
<Scene>
<INIT seed="5,0,0,1,0,108" ten="269,200,206,325" oya="1" hai0="67,37,23,93,68,106,83,12,118,111,113,99,87" hai1="35,55,133,78,7,88,57,17,110,96,72,43,132" hai2="52,45,51,131,97,92,101,9,21,80,60,6,103" hai3="119,79,112,64,73,1,41,19,49,4,54,109,32"/><U90/><E35/><V34/><F34/><W25/><G109/><T107/><D111/><U42/><E110/><V84/><F131/><W102/><G41/><N who="1" m="15370" /><E7/><V115/><F60/><W86/><G73/><T14/><D37/><U121/><E121/><V50/><F50/><W65/><G102/><T105/><D118/><U117/><E117/><V95/><F21/><W58/><G119/><T33/><D33/><U38/><E38/><V44/><F115/><W125/><G112/><T13/><D113/><U69/><E69/><V63/><F63/><W76/><G125/><T39/><D39/><U15/><E96/><V123/><F123/><W8/><G86/><T128/><D128/><U36/><E36/><V98/><F44/><W77/><REACH who="3" step="1"/><G19/><REACH who="3" ten="269,200,206,315" step="2"/><T82/><D87/><U75/><E75/><V85/><REACH who="2" step="1"/><F80/><REACH who="2" ten="269,200,196,315" step="2"/><W48/><G48/><T29/><D83/><U46/><E46/><V61/><F61/><W24/><G24/><T56/><D82/><U53/><E72/><V47/><F47/><W122/><G122/><T27/><D27/><U100/><E78/><V81/><F81/><W71/><G71/><T22/><D68/><U2/><E57/><V134/><F134/><W20/><G20/><T31/><D23/><N who="1" m="11711" /><E133/><V124/><F124/><W30/><AGARI ba="0,2" hai="1,4,8,25,30,32,49,54,58,64,65,76,77,79" machi="30" ten="30,4000,0" yaku="1,1,0,1,53,1" doraHai="108" doraHaiUra="26" who="3" fromWho="3" sc="269,-10,200,-20,196,-10,315,60" />
</Scene>
<Scene>
<INIT seed="6,0,0,0,0,18" ten="259,180,186,375" oya="2" hai0="12,64,91,111,23,42,24,32,81,30,117,82,121" hai1="115,108,80,19,20,9,35,105,74,39,97,99,109" hai2="5,43,83,114,6,118,57,59,127,102,101,33,79" hai3="25,106,4,132,7,1,34,125,50,14,126,26,88"/><V15/><F118/><W52/><G106/><T85/><D111/><U55/><E35/><V87/><F33/><W119/><G119/><T44/><D117/><U70/><E39/><V31/><F127/><N who="3" m="48651" /><G132/><T84/><D121/><U71/><E115/><V113/><F31/><N who="3" m="19823" /><G1/><T48/><D64/><U129/><E9/><N who="2" m="4527" /><F6/><W103/><G103/><N who="2" m="39433" /><F43/><W95/><G14/><T29/><D12/><U112/><E105/><V98/><F98/><N who="3" m="57703" /><G26/><T47/><D32/><U41/><E109/><V92/><F92/><W28/><G28/><N who="0" m="17439" /><D47/><AGARI ba="0,0" hai="4,7,47,50,52" m="57703,19823,48651" machi="47" ten="30,3900,0" yaku="18,1,54,2" doraHai="18" who="3" fromWho="0" sc="259,-39,180,0,186,0,375,39" />
</Scene>
<Scene>
<INIT seed="7,0,0,3,1,77" ten="220,180,186,414" oya="3" hai0="27,2,80,11,34,16,21,50,3,106,32,9,118" hai1="18,88,92,103,49,123,129,62,63,66,99,6,35" hai2="46,87,110,73,0,59,133,54,41,7,10,97,75" hai3="125,19,37,58,126,26,94,113,132,22,61,90,78"/><W124/><G37/><T14/><D106/><U127/><E123/><V95/><F110/><W4/><G132/><T96/><D96/><U104/><E35/><N who="0" m="13353" /><D80/><U116/><E116/><V114/><F114/><W68/><G113/><T86/><D86/><U12/><E129/><V70/><F70/><W51/><G4/><N who="0" m="3431" /><D50/><U55/><E127/><V33/><F133/><W56/><G78/><T67/><D67/><U117/><E6/><V122/><F33/><W64/><G51/><T71/><D71/><U29/><E29/><V57/><F122/><W98/><AGARI ba="0,0" hai="19,22,26,56,58,61,64,68,90,94,98,124,125,126" machi="98" ten="30,3000,0" yaku="0,1,18,1" doraHai="77" who="3" fromWho="3" sc="220,-10,180,-10,186,-10,414,30" owari="210,1.0,170,-33.0,176,-22.0,444,54.0" />
</Scene>
</mjloggm>