<mjloggm ver="2.3"><GO type="169"/><UN n0="%E3%81%99%E3%81%9F%E3%83%BC%E3%82%89%E3%81%84%E3%81%A8%E3%81%B3%E3%83%BC" n1="%E3%81%BE%E3%81%AA%E3%81%84%E3%81%9F%E3%82%88%E3%81%86%E3%81%98%E3%82%87" n2="%E3%82%82%E3%81%A3%E3%81%97%E3%83%BC" n3="%E5%A4%AA%E3%81%8F%E3%81%AA%E3%81%84%E3%81%8A" dan="16,16,16,17" rate="2074,2090,2037,2197" sx="F,M,M,M"/><TAIKYOKU oya="0"/>

<Scene>
<INIT seed="0,0,0,3,5,3" ten="250,250,250,250" oya="0" hai0="32,117,127,72,21,114,6,4,100,123,8,2,101" hai1="49,45,129,42,60,75,104,33,133,84,97,0,57" hai2="7,125,126,62,132,89,109,134,30,128,74,38,23" hai3="46,13,98,41,85,130,11,115,93,48,56,119,105"/><T67/><D72/><U96/><E75/><V118/><F74/><W76/><G119/><T17/><D117/><U103/><E33/><V37/><F118/><W22/><G115/><T71/><D114/><U58/><E129/><V121/><F121/><W73/><G130/><T99/><D123/><U94/><E133/><N who="2" m="51307" /><F128/><W122/><G122/><T18/><D32/><U28/><E28/><V51/><F109/><W87/><G105/><T19/><D127/><N who="2" m="48650" /><F62/><W80/><G22/><T106/><D101/><U47/><E60/><V16/><F30/><W82/><G56/><T9/><D67/><U69/><E57/><V86/><F51/><W108/><G108/><T64/><D64/><U44/><E58/><V53/><F53/><W113/><G113/><T124/><D124/><U31/><E49/><V29/><F29/><W24/><G24/><T52/><D71/><U36/><E69/><V34/><F34/><W111/><G111/><T120/><D52/><U83/><E31/><V70/><F70/><W20/><G20/><T5/><D120/><U95/><E104/><V78/><F78/><W131/><G131/><T1/><REACH who="0" step="1"/><D21/><REACH who="0" ten="240,250,250,250" step="2"/><U112/><E112/><V92/><F23/><W26/><G73/><T107/><D107/><U79/><E103/><V66/><F66/><W10/><G46/><T88/><D88/><U25/><E45/><V39/><F89/><W55/><G55/><T61/><D61/><U77/><E47/><V110/><F110/><W43/><G76/><N who="1" m="29258" /><E44/><V15/><F39/><W50/><G48/><T59/><D59/><U81/><E36/><V102/><F38/><RYUUKYOKU ba="0,1" sc="240,30,250,-10,250,-10,250,-10" hai0="1,2,4,5,6,8,9,17,18,19,99,100,106" />
</Scene>
<Scene>
<INIT seed="0,1,1,0,2,47" ten="270,240,240,240" oya="0" hai0="133,86,3,71,39,53,35,78,94,88,18,73,95" hai1="0,117,38,43,130,85,21,89,104,17,98,56,135" hai2="64,63,90,23,72,106,46,96,122,100,134,16,121" hai3="120,59,108,125,44,4,10,32,29,102,60,8,67"/><T118/><D118/><U49/><E117/><V45/><F134/><W82/><G108/><T77/><D39/><U69/><E0/><V112/><F112/><W26/><G125/><T80/><D35/><U41/><E69/><V103/><F100/><W114/><G114/><T127/><D71/><U37/><E135/><V68/><F72/><W9/><G120/><T115/><D133/><U30/><E30/><V28/><F28/><W58/><G102/><T1/><D115/><U40/><E104/><V111/><F111/><W126/><G126/><T66/><D66/><U97/><E130/><V110/><F110/><W31/><G31/><T50/><D127/><U101/><E101/><V75/><F75/><W128/><G128/><T119/><D119/><U92/><E38/><V62/><F62/><W74/><G44/><T24/><D78/><U7/><E7/><V91/><F122/><W2/><REACH who="3" step="1"/><G59/><REACH who="3" ten="270,240,240,230" step="2"/><T131/><D131/><U107/><E56/><V83/><F121/><W61/><G61/><T116/><D116/><U123/><E123/><V76/><F46/><W52/><G52/><T81/><D1/><U93/><E40/><V12/><F45/><W51/><G51/><T57/><REACH who="0" step="1"/><D3/><REACH who="0" ten="260,240,240,230" step="2"/><U55/><E37/><V113/><F113/><W36/><G36/><T79/><D79/><AGARI ba="1,3" hai="2,4,8,9,10,26,29,32,58,60,67,74,79,82" machi="79" ten="40,1300,0" yaku="1,1,53,0" doraHai="47" doraHaiUra="65" who="3" fromWho="0" sc="260,-16,240,0,240,0,230,46" />
</Scene>
<Scene>
<INIT seed="1,0,0,4,2,9" ten="244,240,240,276" oya="1" hai0="49,62,14,117,100,25,112,47,35,107,19,28,90" hai1="105,2,98,55,53,4,74,17,108,130,64,129,58" hai2="93,60,88,85,66,27,63,70,11,36,122,16,48" hai3="95,113,81,119,69,68,32,10,110,22,99,33,124"/><U106/><E74/><V61/><F122/><W109/><G113/><T114/><D117/><U51/><E64/><V13/><F36/><W92/><G119/><T15/><D90/><U50/><E108/><N who="3" m="41578" /><G124/><T80/><D80/><U59/><E98/><V38/><F38/><W135/><G135/><T26/><D62/><U67/><E67/><V52/><REACH who="2" step="1"/><F27/><REACH who="2" ten="244,240,230,276" step="2"/><W97/><G68/><T1/><D25/><U123/><E123/><V76/><F76/><W128/><G69/><T73/><D26/><U127/><E127/><V8/><F8/><W118/><G10/><T125/><D125/><U131/><E131/><V75/><F75/><W126/><G128/><T121/><D73/><U3/><E4/><V43/><F43/><W39/><G39/><T83/><D121/><U86/><E129/><V120/><F120/><W31/><G118/><T37/><D37/><U42/><E42/><V71/><F71/><W89/><G126/><T104/><D114/><U57/><E130/><V6/><F6/><W111/><G111/><T78/><D78/><U20/><E2/><V46/><AGARI ba="0,1" hai="11,13,16,46,48,52,60,61,63,66,70,85,88,93" machi="46" ten="20,16000,3" yaku="1,1,0,1,7,1,52,1,54,3,53,3" doraHai="9" doraHaiUra="56" who="2" fromWho="2" sc="244,-40,240,-80,230,170,276,-40" />
</Scene>
<Scene>
<INIT seed="2,0,0,3,1,111" ten="204,160,400,236" oya="2" hai0="114,79,29,61,56,41,12,127,128,17,49,118,83" hai1="28,94,47,27,46,0,11,85,101,76,44,6,68" hai2="38,133,132,3,122,116,87,43,86,109,88,26,45" hai3="113,65,54,92,70,64,112,39,18,75,135,40,22"/><V10/><F116/><W108/><G75/><T50/><D118/><U67/><E68/><V84/><F122/><W115/><G108/><T51/><D128/><U30/><E67/><V71/><F109/><W120/><G120/><T32/><D127/><U52/><E27/><V25/><F71/><W48/><G135/><N who="2" m="51785" /><F88/><W102/><G40/><T2/><D2/><U105/><E105/><V23/><F23/><W90/><G39/><T107/><D107/><U89/><E101/><V60/><F60/><W82/><G82/><T124/><D124/><U16/><E76/><V20/><F20/><W97/><G102/><T81/><D32/><U74/><E74/><V57/><F57/><N who="3" m="32967" /><G70/><T7/><D83/><U34/><E34/><V13/><F3/><W110/><G110/><T129/><D81/><U99/><E99/><V104/><F104/><W73/><G73/><T24/><D56/><U35/><E35/><V98/><F98/><W21/><G21/><T4/><D61/><U59/><REACH who="1" step="1"/><E16/><AGARI ba="0,0" hai="10,13,16,25,26,38,43,45,84,86,87" m="51785" machi="16" ten="30,2900,0" yaku="20,1,54,1" doraHai="111" who="2" fromWho="1" sc="204,0,160,-29,400,29,236,0" />
</Scene>
<Scene>
<INIT seed="2,1,0,1,3,40" ten="204,131,429,236" oya="2" hai0="94,123,88,23,49,2,125,44,54,9,84,104,113" hai1="7,98,19,110,77,131,115,70,68,119,128,121,3" hai2="32,96,0,134,57,62,99,59,17,102,41,90,38" hai3="83,91,80,65,69,118,86,79,124,130,6,63,100"/><V29/><F0/><W75/><G118/><T129/><D113/><U71/><E77/><V39/><F134/><W132/><G132/><T87/><D123/><U133/><E133/><V74/><F74/><W105/><G124/><T95/><D104/><U103/><E115/><V11/><F90/><W135/><G135/><T58/><D125/><U51/><E119/><V48/><F29/><W33/><G130/><N who="1" m="49706" /><E110/><V67/><F32/><W10/><G33/><T46/><D129/><U109/><E109/><V126/><F126/><W61/><G61/><T120/><D120/><U8/><E121/><V28/><F28/><W55/><G55/><T116/><D116/><U92/><E51/><V111/><F111/><W53/><G53/><T114/><D114/><U127/><E127/><V12/><F99/><W1/><G100/><T22/><D2/><U5/><E5/><V81/><F81/><W47/><REACH who="3" step="1"/><G105/><REACH who="3" ten="204,131,429,226" step="2"/><T42/><D54/><U31/><E103/><V4/><F102/><W15/><G15/><T93/><D42/><U37/><E3/><V106/><F41/><W14/><G14/><T27/><D27/><U26/><E26/><V30/><F12/><W101/><G101/><T34/><D34/><U35/><E35/><V117/><F106/><W97/><G97/><T107/><D107/><U13/><E98/><V24/><F96/><W56/><G56/><T21/><D58/><U50/><E70/><V85/><F59/><W112/><G112/><T82/><D49/><U76/><E68/><V52/><F117/><W73/><G73/><T20/><N who="0" m="5120" /><DORA hai="18" /><T60/><D60/><RYUUKYOKU ba="1,1" sc="204,-10,131,-10,429,-10,226,30" hai3="1,6,10,47,63,65,69,75,79,80,83,86,91" />
</Scene>
<Scene>
<INIT seed="3,2,1,0,4,1" ten="194,121,419,256" oya="3" hai0="109,132,48,21,31,102,18,55,29,71,118,47,62" hai1="103,7,114,33,11,106,87,77,122,100,34,19,3" hai2="53,101,8,84,130,76,116,65,5,104,35,129,82" hai3="83,59,133,56,52,17,112,24,51,128,25,72,40"/><W22/><G112/><T6/><D118/><U74/><E114/><V66/><F116/><W115/><G115/><T50/><D109/><U124/><E122/><V68/><F35/><W27/><G128/><N who="2" m="49257" /><F53/><W134/><G40/><T117/><D117/><U111/><E74/><V98/><F68/><W0/><G0/><AGARI ba="2,1" hai="0,5,8,65,66,76,82,84,98,101,104" m="49257" machi="0" ten="30,2000,0" yaku="19,1,52,1" doraHai="1" who="2" fromWho="3" sc="194,0,121,0,419,36,256,-26" />
</Scene>
<Scene>
<INIT seed="4,0,0,5,5,39" ten="194,121,455,230" oya="0" hai0="0,44,26,50,135,106,43,24,64,79,69,75,115" hai1="94,119,101,109,31,15,87,10,42,112,17,28,34" hai2="134,73,113,130,77,19,66,124,117,108,25,53,37" hai3="27,2,95,107,54,116,89,18,36,55,96,132,40"/><T98/><D0/><U47/><E109/><V126/><F66/><W103/><G116/><T85/><D75/><U7/><E119/><V88/><F53/><W67/><G2/><T84/><D135/><U30/><E112/><V80/><F19/><W60/><G132/><T1/><D1/><U56/><E56/><V99/><F25/><W72/><G72/><T45/><D115/><U9/><E34/><V59/><F59/><W105/><G105/><T114/><D114/><U83/><E9/><V90/><F37/><W49/><G36/><T102/><D84/><U125/><E125/><N who="2" m="48235" /><F113/><W62/><G62/><T65/><D69/><U13/><E13/><V8/><F8/><W100/><G107/><T86/><D86/><U104/><E104/><V128/><F117/><W121/><G121/><T52/><D65/><U129/><E17/><V6/><F134/><W23/><G40/><T92/><D64/><U35/><E42/><V4/><F108/><W57/><G67/><T133/><D133/><U61/><E61/><V76/><F76/><W123/><G123/><T110/><D110/><U120/><E120/><V51/><F51/><W93/><G93/><T11/><D11/><U78/><E35/><V91/><F99/><W82/><G82/><N who="0" m="47327" /><D106/><U81/><E81/><V58/><F73/><W12/><G12/><T70/><D70/><U16/><E7/><V74/><F6/><W33/><G33/><T48/><AGARI ba="0,0" hai="24,26,43,44,45,48,50,52,92,98,102" m="47327" machi="48" ten="30,6000,0" yaku="8,1,52,1,54,1" doraHai="39" who="0" fromWho="0" sc="194,60,121,-20,455,-20,230,-20" />
</Scene>
<Scene>
<INIT seed="4,1,0,1,3,135" ten="254,101,435,210" oya="0" hai0="15,81,3,104,28,45,11,36,130,92,51,103,95" hai1="76,37,54,26,62,21,64,60,68,59,86,126,65" hai2="61,56,48,83,18,39,50,128,79,94,49,40,33" hai3="131,114,27,41,17,101,47,72,2,108,29,22,107"/><T34/><D36/><U98/><E37/><V52/><F33/><W75/><G108/><T132/><D3/><U23/><E98/><V16/><F128/><W91/><G2/><T97/><D132/><U4/><E4/><V109/><F109/><W70/><G70/><T116/><D116/><U53/><E76/><V5/><F5/><W57/><G131/><T88/><D130/><U120/><E86/><N who="2" m="48511" /><F39/><W46/><G114/><T69/><D69/><U8/><E8/><V10/><F40/><W111/><G111/><T119/><D119/><U20/><E120/><V73/><F73/><W85/><G107/><T66/><D66/><U43/><E26/><V67/><F94/><W102/><G72/><T58/><D58/><U80/><E43/><V1/><F1/><W96/><G75/><T118/><D118/><U110/><E80/><V63/><F10/><W19/><G41/><T134/><D134/><U13/><E110/><V42/><F42/><W38/><G38/><T122/><D122/><U12/><E12/><V89/><F89/><W99/><G102/><T7/><D34/><U87/><E13/><V35/><F35/><W71/><G71/><T44/><D28/><U32/><E87/><V112/><F112/><W31/><G31/><T133/><D133/><U123/><E32/><V115/><F115/><W127/><G101/><T125/><D81/><U93/><E123/><V24/><F24/><W117/><G27/><T105/><D104/><U6/><E93/><V14/><F14/><W124/><G117/><T100/><D95/><U84/><E68/><V30/><F30/><RYUUKYOKU ba="1,0" sc="254,-10,101,-10,435,30,210,-10" hai2="16,18,48,49,50,52,56,61,63,67" />
</Scene>
<Scene>
<INIT seed="5,2,0,3,3,59" ten="244,91,465,200" oya="1" hai0="134,17,119,36,21,32,75,104,71,103,46,88,108" hai1="33,35,28,109,61,40,121,49,76,106,23,131,84" hai2="24,129,52,20,55,19,16,83,67,117,12,62,113" hai3="105,3,5,70,77,54,50,1,116,48,56,132,107"/><U0/><E106/><V58/><F117/><W10/><G70/><T92/><D32/><U57/><E121/><V128/><F113/><W37/><G37/><T4/><D71/><U45/><E0/><V72/><F72/><W74/><G116/><T125/><D4/><U127/><E131/><N who="2" m="50251" /><F83/><W78/><G132/><T63/><D75/><U133/><E133/><V68/><F68/><W95/><G95/><T94/><D103/><U34/><E127/><V96/><F96/><W66/><G66/><T31/><D104/><U6/><E6/><V135/><F135/><W100/><G100/><T122/><D36/><U27/><E109/><V30/><F19/><W39/><G39/><T102/><D108/><U126/><E126/><V80/><F80/><W81/><G77/><T44/><D102/><U22/><E22/><AGARI ba="2,0" hai="12,16,20,22,24,30,52,55,58,62,67" m="50251" machi="22" ten="30,7700,0" yaku="19,1,52,1,54,2" doraHai="59" who="2" fromWho="1" sc="244,0,91,-83,465,83,200,0" />
</Scene>
<Scene>
<INIT seed="6,0,0,1,5,101" ten="244,8,548,200" oya="2" hai0="85,47,4,73,133,45,11,26,94,53,29,52,62" hai1="74,32,22,43,2,124,79,126,39,0,76,131,119" hai2="114,70,35,6,1,18,9,129,21,37,30,57,20" hai3="61,59,10,13,48,107,96,46,88,81,117,112,110"/><V55/><F70/><W100/><G117/><T115/><D73/><U78/><E22/><V40/><F129/><W24/><G110/><T93/><D115/><U87/><E87/><V50/><F114/><W28/><G112/><T23/><D133/><U15/><E15/><V51/><F37/><W25/><G81/><T42/><D45/><U98/><E98/><V128/><F128/><W36/><G36/><T64/><D93/><U68/><E43/><V63/><F35/><W3/><G3/><T104/><D104/><U89/><E89/><V27/><F40/><W71/><G71/><T132/><D132/><U83/><E83/><V118/><F118/><W130/><G130/><T44/><D44/><U16/><E16/><V91/><F91/><W17/><G88/><T58/><D94/><U134/><E76/><V121/><F121/><W90/><G90/><T135/><D135/><U31/><E31/><V82/><F82/><W116/><G116/><T113/><D85/><U99/><E99/><V109/><F109/><W103/><G103/><T38/><D113/><U67/><E67/><V95/><F95/><W106/><G106/><T7/><D7/><U125/><E79/><V69/><F69/><W65/><REACH who="3" step="1"/><G28/><REACH who="3" ten="244,8,548,190" step="2"/><T12/><AGARI ba="0,1" hai="4,11,12,23,26,29,38,42,47,52,53,58,62,64" machi="12" ten="20,2700,0" yaku="0,1,7,1,54,1" doraHai="101" who="0" fromWho="0" sc="244,37,8,-7,548,-13,190,-7" />
</Scene>
<Scene>
<INIT seed="7,0,0,3,5,33" ten="281,1,535,183" oya="3" hai0="124,101,65,30,121,82,16,130,69,73,2,48,26" hai1="123,114,4,64,83,19,93,88,7,74,107,94,13" hai2="106,50,58,63,14,71,42,113,109,55,78,62,12" hai3="75,5,119,66,59,128,0,72,105,60,49,117,15"/><W23/><G105/><T103/><D121/><U32/><E13/><V122/><F106/><W51/><G128/><T47/><D130/><U89/><E19/><V61/><F109/><W77/><G15/><T133/><D2/><U11/><E11/><V41/><F78/><W76/><G23/><T37/><D37/><U1/><E7/><V31/><F31/><W38/><G38/><T110/><D133/><U67/><E4/><V36/><F122/><W99/><G99/><T34/><D124/><U68/><E83/><V96/><F96/><W54/><G77/><T97/><D65/><U57/><E57/><V80/><F80/><W102/><G102/><T79/><D110/><U95/><E32/><V127/><F127/><W43/><G43/><T18/><D69/><U85/><E123/><V92/><F92/><W118/><G76/><T100/><D97/><U81/><E68/><V129/><F129/><W90/><G90/><T112/><D112/><U70/><E70/><V86/><F71/><W104/><G104/><T35/><D35/><U9/><E114/><V20/><F113/><W27/><G27/><T3/><D3/><U40/><E40/><V132/><F42/><W84/><G84/><T108/><D108/><U98/><E93/><V45/><F86/><W46/><REACH who="3" step="1"/><G51/><REACH who="3" ten="281,1,535,173" step="2"/><T91/><D91/><U21/><E64/><V6/><F20/><W126/><G126/><T25/><D26/><U28/><E81/><V131/><F131/><W17/><G17/><T135/><D18/><U44/><E44/><V111/><F111/><W22/><G22/><T87/><D47/><RYUUKYOKU ba="0,1" sc="281,-10,1,-10,535,-10,173,30" hai3="0,5,46,49,54,59,60,66,72,75,117,118,119" owari="271,7.0,-9,-51.0,535,64.0,203,-20.0" />
</Scene>
</mjloggm>