<mjloggm ver="2.3"><GO type="41"/><UN n0="%E6%B1%90%E8%8F%AF%E5%88%9D%E6%B5%81%E4%B9%83" n1="%E3%82%88%E3%81%8A%E3%81%96%E3%82%93" n2="%E5%A4%AA%E3%81%8F%E3%81%AA%E3%81%84%E3%81%8A" n3="%E7%84%A1%E5%AD%A6%E7%A5%96%E5%85%83" dan="15,15,13,13" rate="2009,1969,1945,1880" sx="M,M,M,M"/><TAIKYOKU oya="0"/>

<Scene>
<INIT seed="0,0,0,4,2,22" ten="250,250,250,250" oya="0" hai0="73,61,95,125,66,37,127,123,26,98,31,34,48" hai1="44,115,19,18,33,97,49,11,87,119,83,96,42" hai2="76,135,55,4,101,28,89,57,45,15,59,122,6" hai3="84,17,124,93,35,47,5,108,104,131,14,2,77"/><T69/><D123/><U107/><E119/><V117/><F122/><W109/><G104/><T99/><D37/><U36/><E115/><V27/><F117/><W50/><G131/><T106/><D73/><U63/><E33/><V88/><F135/><W134/><G134/><T111/><D48/><U130/><E130/><V116/><F116/><W79/><G35/><T129/><D129/><U9/><E36/><V92/><F76/><W110/><G124/><T58/><D58/><U39/><E39/><V7/><F15/><W25/><G2/><T38/><D38/><U85/><E107/><V113/><F113/><W46/><G46/><T133/><D133/><U72/><E72/><V118/><F118/><W102/><G5/><T41/><D41/><U24/><E63/><V1/><F1/><W80/><G80/><T82/><D82/><U10/><E85/><V121/><F121/><W8/><G25/><T13/><D13/><U60/><E60/><N who="2" m="35903" /><F59/><W103/><G103/><N who="0" m="62839" /><D111/><U56/><E56/><V100/><F45/><W75/><G75/><T62/><D61/><U132/><E132/><V112/><F112/><W23/><G8/><T114/><D114/><U52/><E42/><V71/><F71/><W91/><REACH who="3" step="1"/><G102/><AGARI ba="0,0" hai="26,31,34,62,66,69,95,99,102,125,127" m="62839" machi="102" ten="30,2900,0" yaku="25,1,52,1" doraHai="22" who="0" fromWho="3" sc="250,29,250,0,250,0,250,-29" />
</Scene>
<Scene>
<INIT seed="0,1,0,2,1,79" ten="279,250,250,221" oya="0" hai0="67,77,35,100,6,78,73,53,118,32,98,0,39" hai1="45,74,57,59,13,29,126,110,71,10,105,20,17" hai2="8,22,111,96,33,72,69,4,132,41,66,55,50" hai3="134,75,37,91,40,64,89,14,80,95,84,62,109"/><T88/><D118/><U16/><E71/><V101/><F33/><W124/><G109/><T26/><D78/><U52/><E105/><V94/><F72/><W129/><G129/><T12/><D67/><U114/><E74/><V1/><F111/><W113/><G113/><T43/><D12/><U18/><E110/><V25/><F132/><W5/><G134/><T21/><D53/><U38/><E114/><V46/><F66/><W56/><G40/><T36/><D36/><U99/><E126/><V87/><F69/><W86/><G37/><T27/><D27/><U60/><E29/><V54/><REACH who="2" step="1"/><F87/><REACH who="2" ten="279,250,240,221" step="2"/><W133/><G133/><T7/><D35/><U9/><E38/><V122/><F122/><W97/><G75/><T128/><D32/><U107/><E9/><V31/><AGARI ba="1,1" hai="1,4,8,22,25,31,41,46,50,54,55,94,96,101" machi="31" ten="20,2700,0" yaku="1,1,0,1,7,1,53,0" doraHai="79" doraHaiUra="11" who="2" fromWho="2" sc="279,-14,250,-8,240,40,221,-8" />
</Scene>
<Scene>
<INIT seed="1,0,0,2,5,128" ten="265,242,280,213" oya="1" hai0="68,83,70,91,104,55,57,36,105,65,56,49,98" hai1="80,22,34,54,123,29,134,71,64,74,6,26,110" hai2="10,102,61,20,58,86,119,51,52,122,131,96,25" hai3="97,88,23,117,101,129,69,24,92,0,99,27,130"/><U125/><E123/><V132/><F122/><W108/><G69/><T16/><D36/><U95/><E6/><V32/><F119/><W46/><G108/><T115/><D115/><U44/><E110/><V63/><F131/><N who="3" m="50187" /><G0/><T2/><D2/><U133/><E125/><V66/><F32/><W11/><G117/><T12/><D105/><U93/><E64/><V67/><F10/><W59/><G11/><T124/><D124/><U42/><E71/><V33/><F33/><W85/><G99/><T73/><D73/><U109/><E109/><V90/><F96/><W1/><G1/><T118/><D118/><U30/><E30/><V35/><F102/><W41/><G23/><T48/><D104/><U9/><E9/><V116/><F35/><W47/><G59/><T84/><D98/><U106/><E106/><V94/><F116/><W3/><G3/><T111/><D111/><U8/><E8/><V77/><F77/><W5/><G5/><T135/><D65/><N who="2" m="24586" /><F132/><N who="1" m="50793" /><E34/><V112/><F112/><W17/><G17/><AGARI ba="0,0" hai="17,20,25,51,52,58,61,63,86,90,94" m="24586" machi="17" ten="30,2000,0" yaku="8,1,54,1" doraHai="128" who="2" fromWho="3" sc="265,0,242,0,280,20,213,-20" />
</Scene>
<Scene>
<INIT seed="2,0,0,0,1,118" ten="265,242,300,193" oya="2" hai0="85,16,102,70,92,39,134,76,32,95,15,42,35" hai1="52,104,44,4,120,60,114,109,74,51,113,49,64" hai2="38,18,33,83,47,135,125,54,112,94,46,91,11" hai3="1,123,28,17,127,25,72,30,53,129,36,55,14"/><V103/><F112/><W99/><G72/><T63/><D134/><U0/><E104/><V101/><F33/><W132/><G36/><T131/><D131/><U56/><E74/><V84/><F135/><W122/><G1/><T107/><D107/><U13/><E0/><V121/><F125/><W7/><G7/><T8/><D95/><U48/><E4/><V108/><F108/><W128/><G132/><T119/><D119/><U12/><E13/><N who="2" m="7487" /><F121/><N who="3" m="46091" /><G99/><T78/><D78/><U87/><E12/><V43/><F38/><W59/><G127/><T6/><D6/><U3/><E3/><V2/><F2/><W79/><G79/><T22/><D76/><U66/><E87/><N who="2" m="52607" /><F43/><W93/><G93/><T5/><D92/><U80/><E80/><V86/><F86/><W73/><G73/><T40/><D85/><U90/><E90/><N who="2" m="51487" /><F46/><W21/><G30/><T10/><D39/><U117/><E120/><V124/><F124/><W115/><G59/><T50/><D40/><U37/><E117/><V89/><F89/><W130/><G115/><N who="1" m="44042" /><E109/><V111/><F111/><W34/><AGARI ba="0,0" hai="14,17,21,25,28,34,53,55,128,129,130" m="46091" machi="34" ten="40,8000,1" yaku="19,1,52,3" doraHai="118" who="3" fromWho="3" sc="265,-20,242,-20,300,-40,193,80" />
</Scene>
<Scene>
<INIT seed="3,0,0,4,5,67" ten="245,222,260,273" oya="3" hai0="88,5,81,125,114,82,9,0,80,50,98,83,26" hai1="121,8,1,96,36,35,97,13,128,100,53,104,54" hai2="131,99,66,45,65,57,55,107,21,84,124,79,60" hai3="74,126,87,68,4,27,48,11,25,12,109,134,127"/><W59/><G74/><T91/><D125/><N who="3" m="47625" /><G134/><T7/><D7/><U115/><E121/><V29/><F124/><W24/><G109/><T20/><D114/><U23/><E115/><V95/><F131/><W86/><G68/><T6/><D6/><U41/><E35/><V46/><F107/><W77/><G77/><T89/><D50/><U111/><E128/><V90/><F65/><W22/><G22/><T47/><D47/><U52/><E111/><V64/><F64/><W94/><G94/><T69/><D69/><U71/><E71/><V40/><F66/><W31/><G31/><T120/><D120/><U56/><E1/><V102/><F40/><W116/><G116/><T63/><D63/><U113/><E113/><V112/><F112/><W14/><G14/><T2/><D2/><U3/><E3/><V42/><F42/><W58/><G58/><T130/><D130/><U93/><E23/><V106/><REACH who="2" step="1"/><F79/><REACH who="2" ten="245,222,250,273" step="2"/><W119/><G119/><T85/><REACH who="0" step="1"/><D98/><REACH who="0" ten="235,222,250,273" step="2"/><U73/><E96/><V117/><F117/><W76/><G76/><T30/><AGARI ba="0,2" hai="0,5,9,20,26,30,80,81,82,83,85,88,89,91" machi="30" ten="30,7900,0" yaku="1,1,2,1,0,1,54,1,53,0" doraHai="67" doraHaiUra="135" who="0" fromWho="0" sc="235,99,222,-20,250,-20,273,-39" />
</Scene>
<Scene>
<INIT seed="4,0,0,5,2,66" ten="334,202,230,234" oya="0" hai0="131,42,67,85,48,40,100,62,108,87,79,33,69" hai1="3,64,105,101,5,99,103,121,14,127,52,75,37" hai2="90,80,56,128,130,116,109,92,47,50,43,16,8" hai3="15,54,89,23,124,118,19,28,107,125,88,61,114"/><T76/><D33/><U20/><E37/><V35/><F35/><W63/><G107/><T73/><D73/><U17/><E75/><V45/><F109/><W26/><G118/><T82/><D108/><U133/><E121/><V113/><F116/><W21/><G114/><T98/><D131/><N who="2" m="50218" /><F113/><W27/><G27/><T111/><D111/><U57/><E64/><V84/><F47/><W91/><REACH who="3" step="1"/><G54/><REACH who="3" ten="334,202,230,224" step="2"/><T97/><D40/><U11/><E127/><AGARI ba="0,1" hai="15,19,21,23,26,28,61,63,88,89,91,124,125,127" machi="127" ten="40,8000,1" yaku="1,1,2,1,18,1,54,1,53,0" doraHai="66" doraHaiUra="29" who="3" fromWho="1" sc="334,0,202,-80,230,0,224,90" />
</Scene>
<Scene>
<INIT seed="5,0,0,1,2,120" ten="334,122,230,314" oya="1" hai0="59,47,46,75,84,76,44,24,5,132,35,131,20" hai1="61,49,108,118,31,112,123,51,128,130,72,58,96" hai2="111,107,45,110,125,124,89,16,70,77,63,109,50" hai3="11,52,116,43,36,88,67,90,57,38,6,87,115"/><U95/><E123/><V7/><F107/><W13/><G43/><T17/><D75/><U103/><E72/><V3/><F77/><W48/><G90/><T119/><D119/><U41/><E118/><V100/><F100/><W74/><G74/><T29/><D132/><U40/><E112/><V135/><F135/><W23/><G23/><T92/><D131/><N who="1" m="50219" /><E31/><V37/><F37/><W86/><G86/><T73/><D5/><U55/><E108/><V32/><F32/><W80/><G115/><T68/><D68/><U85/><E85/><V69/><F89/><W127/><G127/><N who="2" m="48713" /><F63/><W4/><G4/><T18/><D18/><U8/><E8/><N who="2" m="2175" /><F16/><W129/><G129/><T113/><D17/><U62/><E62/><V102/><F102/><W104/><G104/><T97/><D29/><U12/><E12/><V105/><F105/><W10/><G10/><T53/><D35/><U33/><E33/><V99/><F99/><W126/><G126/><T15/><D97/><U9/><E9/><V133/><F133/><W19/><G19/><T27/><D15/><U26/><E26/><V14/><F14/><W71/><G116/><T121/><D27/><U0/><E0/><V93/><F93/><W98/><G98/><T101/><D24/><U117/><E117/><V79/><F79/><W81/><G81/><T30/><D76/><U83/><E83/><V39/><F39/><W64/><G13/><T25/><D25/><U42/><AGARI ba="0,0" hai="40,41,42,49,51,55,58,61,95,96,103" m="50219" machi="42" ten="30,1500,0" yaku="19,1" doraHai="120" who="1" fromWho="1" sc="334,-5,122,15,230,-5,314,-5" />
</Scene>
<Scene>
<INIT seed="5,1,0,4,3,4" ten="329,137,225,309" oya="1" hai0="32,47,134,125,126,111,12,57,45,128,35,38,64" hai1="18,117,124,72,133,114,120,63,127,81,60,73,118" hai2="84,23,16,82,67,101,37,98,29,43,91,34,90" hai3="119,97,122,31,83,25,96,11,15,44,62,94,75"/><U69/><E120/><V78/><F67/><W19/><G122/><T2/><D111/><U85/><E69/><V89/><F34/><W33/><G119/><N who="1" m="45578" /><E18/><V70/><F70/><W49/><G62/><N who="1" m="23594" /><E133/><V14/><F29/><W130/><G130/><T36/><D134/><U27/><E27/><V42/><REACH who="2" step="1"/><F37/><REACH who="2" ten="329,137,215,309" step="2"/><W50/><G31/><T105/><D38/><U112/><E112/><V116/><F116/><W61/><G33/><T65/><D36/><U52/><E114/><V76/><F76/><W5/><G50/><T20/><D35/><U92/><E124/><V123/><F123/><W59/><G49/><T10/><D32/><U88/><E127/><V103/><F103/><W30/><G30/><T6/><D65/><U58/><E72/><V21/><F21/><W55/><G75/><T22/><D22/><U77/><E73/><V41/><F41/><W108/><G108/><T74/><D20/><U56/><E77/><V86/><F86/><W54/><G97/><T115/><D64/><U106/><E52/><V8/><F8/><W131/><G55/><T28/><D115/><U68/><E68/><V80/><F80/><W102/><G54/><T51/><D74/><U66/><E66/><V9/><F9/><W135/><G11/><T39/><D10/><U100/><E81/><V79/><F79/><W40/><G83/><T53/><D53/><U13/><E13/><V71/><F71/><W95/><G15/><T107/><D12/><U109/><E109/><V121/><F121/><W17/><G135/><T24/><D126/><U46/><E46/><N who="0" m="17417" /><D125/><U0/><E0/><RYUUKYOKU ba="1,1" sc="329,-15,137,15,215,15,309,-15" hai1="56,58,85,88,92,100,106" hai2="14,16,23,42,43,78,82,84,89,90,91,98,101" />
</Scene>
<Scene>
<INIT seed="5,2,1,4,3,97" ten="314,152,230,294" oya="1" hai0="100,17,87,26,58,98,21,65,28,60,102,96,92" hai1="110,47,37,33,133,38,126,31,103,41,35,44,108" hai2="3,56,50,23,122,79,76,105,120,6,95,130,57" hai3="18,48,12,34,51,49,54,107,127,70,0,2,129"/><U72/><E126/><V68/><F68/><W83/><G107/><T85/><D17/><U113/><E133/><V73/><F105/><AGARI ba="2,1" hai="21,26,28,58,60,65,85,87,92,96,98,100,102,105" machi="105" ten="30,8000,1" yaku="7,1,25,2,52,2" doraHai="97" who="0" fromWho="2" sc="314,96,152,0,230,-86,294,0" />
</Scene>
<Scene>
<INIT seed="6,0,0,0,5,57" ten="410,152,144,294" oya="2" hai0="21,67,105,63,7,20,103,117,41,102,33,95,115" hai1="18,2,31,39,61,131,30,62,35,58,79,74,91" hai2="25,26,54,112,19,116,8,6,15,97,1,78,10" hai3="14,86,77,3,50,24,13,123,120,106,111,122,47"/><V17/><F116/><W22/><G111/><T71/><D33/><U99/><E39/><V64/><F112/><W52/><G106/><T65/><D115/><U121/><E2/><V34/><F64/><W55/><G3/><T46/><D117/><U23/><E79/><V92/><F78/><W93/><G55/><T45/><D67/><U27/><E74/><V84/><F84/><W132/><G132/><T94/><D7/><U87/><E121/><V135/><F135/><W0/><G0/><T134/><D134/><U88/><E131/><V70/><F70/><W83/><REACH who="3" step="1"/><G93/><REACH who="3" ten="410,152,144,284" step="2"/><T75/><D95/><N who="1" m="56831" /><E35/><V130/><F130/><W43/><G43/><T107/><D94/><N who="1" m="54559" /><E58/><V113/><F113/><W85/><G85/><T76/><D41/><U104/><E104/><V81/><F34/><W38/><G38/><T118/><D118/><U114/><E114/><V16/><F81/><W73/><G73/><T60/><D75/><U68/><E68/><V128/><F128/><W96/><G96/><T69/><D71/><U9/><E31/><AGARI ba="0,1" hai="13,14,22,24,31,47,50,52,77,83,86,120,122,123" machi="31" ten="40,5200,0" yaku="1,1,54,1,53,1" doraHai="57" doraHaiUra="82" who="3" fromWho="1" sc="410,0,152,-52,144,0,284,62" />
</Scene>
<Scene>
<INIT seed="7,0,0,1,0,48" ten="410,100,144,346" oya="3" hai0="94,41,104,57,78,76,22,54,99,79,60,23,24" hai1="1,2,72,43,114,115,112,86,83,101,51,111,20" hai2="121,33,93,31,91,62,89,102,73,5,126,98,16" hai3="47,92,118,14,4,123,19,49,96,15,75,87,26"/><W110/><G75/><T131/><D104/><U34/><E34/><V59/><F73/><W65/><G65/><T50/><D131/><U67/><E72/><V66/><F5/><W42/><G123/><T39/><D39/><U129/><E111/><V17/><F121/><W106/><G4/><T36/><D36/><U10/><E67/><V105/><F126/><W116/><G87/><T113/><D113/><U81/><E101/><V125/><F125/><W84/><G84/><T27/><D23/><U46/><E129/><V80/><F80/><W128/><G128/><T30/><D27/><U18/><E10/><V35/><F91/><W132/><G132/><T124/><D124/><U69/><E69/><V127/><F127/><W53/><G110/><T71/><D71/><U85/><E85/><V52/><F66/><W119/><G106/><T103/><D41/><U58/><E58/><V56/><F56/><W90/><G42/><T55/><D55/><U100/><E100/><V3/><F3/><W11/><G26/><T6/><D6/><U7/><E7/><V82/><F82/><W64/><G64/><T68/><D68/><U38/><E38/><V9/><F31/><W108/><G108/><T25/><D24/><U120/><E120/><V29/><F29/><W70/><G70/><T122/><D122/><U61/><E61/><AGARI ba="0,0" hai="22,25,30,50,54,57,60,61,76,78,79,94,99,103" machi="61" ten="40,2600,0" yaku="8,1,52,1" doraHai="48" who="0" fromWho="1" sc="410,26,100,-26,144,0,346,0" owari="436,54.0,74,-43.0,144,-26.0,346,15.0" />
</Scene>
</mjloggm>