<mjloggm ver="2.3"><GO type="169"/><UN n0="%E5%A4%AA%E3%81%8F%E3%81%AA%E3%81%84%E3%81%8A" n1="%E4%B8%B8%E5%8A%A9" n2="%E3%81%BE%E3%81%A4%E3%82%86%E3%81%8D" n3="%70%70%67%75%6E" dan="18,17,16,16" rate="2182,2146,2065,2058" sx="M,M,M,M"/><TAIKYOKU oya="0"/>

<Scene>
<INIT seed="0,0,0,4,0,49" ten="250,250,250,250" oya="0" hai0="10,102,14,135,15,76,73,11,107,110,69,62,131" hai1="2,6,75,8,106,0,97,118,88,101,54,121,72" hai2="41,21,125,53,61,4,78,77,128,91,56,116,123" hai3="26,100,81,39,122,48,129,20,103,63,1,42,95"/><T109/><D135/><U32/><E118/><V43/><F123/><W28/><G39/><T45/><D131/><U83/><E121/><V67/><F128/><W104/><G129/><T33/><D33/><U44/><E32/><V64/><F116/><W99/><G122/><T60/><D45/><U96/><E2/><V89/><F4/><W113/><G113/><T117/><D117/><U24/><E24/><V87/><F21/><W111/><G1/><T90/><D90/><U94/><REACH who="1" step="1"/><E83/><REACH who="1" ten="250,240,250,250" step="2"/><V82/><F125/><W126/><G81/><N who="0" m="45199" /><D14/><U18/><E18/><V68/><F78/><W47/><G126/><T59/><D15/><U7/><E7/><V124/><F124/><W35/><G35/><T86/><D109/><U30/><E30/><V36/><F77/><W105/><G111/><T115/><D110/><U134/><E134/><V79/><F79/><W23/><G26/><T12/><D12/><U19/><E19/><V58/><F82/><W93/><G28/><T31/><D31/><U37/><E37/><V74/><F36/><W65/><G20/><T13/><D13/><U80/><E80/><V85/><F74/><W22/><G23/><T29/><D29/><U71/><E71/><V52/><F61/><W98/><REACH who="3" step="1"/><G22/><REACH who="3" ten="250,240,250,240" step="2"/><T66/><D10/><U133/><E133/><V84/><F87/><W25/><G25/><T50/><D11/><U108/><E108/><V34/><F34/><W57/><AGARI ba="0,2" hai="42,47,48,57,63,65,93,95,98,99,100,103,104,105" machi="57" ten="20,5200,0" yaku="1,1,0,1,7,1,9,1,53,0" doraHai="49" doraHaiUra="16" who="3" fromWho="3" sc="250,-26,240,-13,250,-13,240,72" />
</Scene>
<Scene>
<INIT seed="1,0,0,4,2,33" ten="224,227,237,312" oya="1" hai0="97,96,5,11,45,92,6,103,80,112,90,100,77" hai1="3,85,60,59,35,128,23,82,13,25,18,126,44" hai2="109,34,121,79,0,55,7,66,91,104,67,31,61" hai3="73,16,32,102,9,120,12,39,36,131,30,56,46"/><U22/><E126/><V58/><F121/><W52/><G120/><T76/><D112/><U63/><E128/><V87/><F104/><W54/><G73/><T83/><D45/><U105/><E105/><V88/><F79/><W107/><G131/><T50/><D50/><U20/><E3/><V21/><F34/><W17/><G17/><T19/><BYE who="3" /><D19/><U122/><E122/><V2/><F7/><W72/><G72/><N who="0" m="43015" /><D11/><UN n3="%70%70%67%75%6E" /><U1/><E1/><V49/><F67/><W123/><G123/><T27/><D27/><U74/><E74/><V93/><F109/><W119/><G119/><T101/><D5/><U10/><E35/><V42/><F42/><W115/><G115/><T89/><D6/><U106/><E106/><V65/><F65/><W71/><G71/><T135/><D135/><U15/><E15/><V130/><F130/><W8/><G9/><T70/><D70/><U110/><E44/><V95/><F21/><W68/><G68/><T108/><D108/><U98/><E98/><N who="0" m="37993" /><D92/><U133/><E133/><V84/><REACH who="2" step="1"/><F31/><REACH who="2" ten="224,227,227,312" step="2"/><W28/><G30/><T132/><D132/><U114/><E110/><V116/><F116/><W51/><G107/><T4/><D4/><N who="1" m="3271" /><E114/><V40/><F40/><W118/><G118/><T78/><D78/><N who="1" m="46295" /><E23/><V81/><F81/><W94/><G28/><T14/><D14/><U43/><E22/><V37/><F37/><W111/><G32/><T24/><D24/><U127/><E43/><V124/><F124/><W47/><G111/><T75/><AGARI ba="0,1" hai="75,77,83,89,90,100,101,103" m="37993,43015" machi="75" ten="30,8000,1" yaku="35,5" doraHai="33" who="0" fromWho="0" sc="224,90,227,-40,227,-20,312,-20" />
</Scene>
<Scene>
<INIT seed="2,0,0,1,1,32" ten="314,187,207,292" oya="2" hai0="74,0,115,55,83,109,112,97,133,81,44,61,92" hai1="14,57,15,116,17,34,70,111,31,1,93,85,110" hai2="66,87,42,3,102,73,23,54,90,125,13,21,91" hai3="38,129,56,108,99,119,134,122,12,77,84,49,94"/><V103/><F73/><W118/><G122/><T53/><D0/><U11/><E70/><V126/><F42/><W26/><G38/><T62/><D109/><N who="1" m="41483" /><E116/><V10/><F66/><W88/><G108/><T59/><D133/><U100/><E57/><V30/><F3/><W63/><G134/><T4/><D4/><N who="1" m="1423" /><E85/><V20/><F30/><W45/><G129/><T18/><D18/><U51/><E51/><V113/><F113/><W131/><G131/><T101/><D44/><U33/><E93/><V24/><F24/><W39/><G39/><T120/><D120/><U127/><E100/><N who="2" m="38443" /><F87/><W6/><G26/><T124/><D124/><N who="2" m="47722" /><F54/><W86/><G118/><T106/><D106/><U19/><E127/><V7/><AGARI ba="0,0" hai="7,10,13,20,21,23,90,91" m="47722,38443" machi="7" ten="40,2100,0" yaku="18,1" doraHai="32" who="2" fromWho="2" sc="314,-7,187,-7,207,21,292,-7" />
</Scene>
<Scene>
<INIT seed="2,1,0,4,4,3" ten="307,180,228,285" oya="2" hai0="20,19,27,128,69,71,84,16,77,129,87,104,10" hai1="0,9,134,83,99,26,21,12,1,65,82,120,53" hai2="127,97,46,22,13,14,108,56,39,123,109,105,107" hai3="34,89,54,126,64,95,45,28,74,102,5,122,115"/><V78/><F123/><W86/><G122/><T11/><D104/><U92/><E120/><V118/><F118/><W60/><G74/><T6/><D77/><U52/><E134/><V88/><F78/><W31/><G126/><T106/><D106/><U67/><E1/><V2/><F2/><W8/><G115/><T49/><D49/><U62/><E0/><V112/><F112/><W125/><G125/><T51/><D51/><U111/><E111/><N who="2" m="42571" /><F127/><W41/><G54/><N who="1" m="21098" /><E82/><V58/><F107/><W124/><G102/><T66/><D66/><N who="1" m="25099" /><E62/><V18/><F13/><W117/><G34/><T100/><D100/><N who="1" m="60519" /><E83/><V63/><F63/><W94/><G95/><T7/><D27/><U113/><E113/><V72/><F72/><W37/><G117/><T133/><REACH who="0" step="1"/><D20/><REACH who="0" ten="297,180,228,285" step="2"/><U75/><E75/><V59/><F105/><W33/><G124/><T57/><D57/><U25/><E21/><V93/><F39/><W48/><G37/><T47/><D47/><AGARI ba="1,1" hai="14,18,22,46,47,56,58,59,88,93,97" m="42571" machi="47" ten="30,5800,0" yaku="14,1,10,1,54,1" doraHai="3" who="2" fromWho="0" sc="297,-61,180,0,228,71,285,0" />
</Scene>
<Scene>
<INIT seed="2,2,0,4,1,42" ten="236,180,299,285" oya="2" hai0="10,105,12,15,111,118,34,108,21,26,113,134,125" hai1="32,110,25,9,114,23,63,69,98,66,48,47,92" hai2="45,116,60,64,62,83,97,106,5,70,82,119,22" hai3="115,85,55,58,122,20,126,8,18,44,79,94,40"/><V124/><F124/><W29/><G122/><T27/><D105/><U74/><E114/><V56/><F5/><W87/><G126/><T71/><D71/><U37/><E110/><N who="0" m="42025" /><D125/><U28/><E74/><V99/><F119/><W49/><G115/><T31/><D113/><U19/><E37/><V100/><F116/><W38/><G29/><N who="0" m="19775" /><D118/><U84/><E84/><V81/><F99/><W36/><G8/><T76/><D76/><U2/><E2/><V93/><F22/><W107/><G107/><T112/><D112/><U54/><E9/><V68/><F106/><W130/><G130/><T16/><D15/><U33/><REACH who="1" step="1"/><E28/><REACH who="1" ten="236,170,299,285" step="2"/><V59/><REACH who="2" step="1"/><F45/><REACH who="2" ten="236,170,289,285" step="2"/><W78/><G44/><T24/><D24/><U133/><E133/><AGARI ba="2,2" hai="10,12,16,21,26,31,133,134" m="19775,42025" machi="133" ten="30,7700,0" yaku="14,1,34,2,54,1" doraHai="42" who="0" fromWho="1" sc="236,103,170,-83,289,0,285,0" />
</Scene>
<Scene>
<INIT seed="3,0,0,5,3,103" ten="339,87,289,285" oya="3" hai0="70,73,46,107,92,72,65,104,39,15,26,32,56" hai1="58,83,105,63,110,113,20,130,108,9,55,35,74" hai2="57,79,119,25,71,37,91,41,48,76,22,123,122" hai3="18,94,84,120,4,80,12,40,97,44,87,19,49"/><W98/><G120/><N who="2" m="46121" /><F71/><W114/><G114/><T82/><D92/><U10/><E35/><V42/><F37/><W52/><G84/><T21/><D15/><U90/><E113/><V96/><F119/><W125/><G125/><T50/><D21/><U85/><E74/><N who="0" m="28777" /><D82/><U17/><E105/><V8/><F8/><N who="3" m="4103" /><G40/><N who="2" m="15465" /><F96/><N who="3" m="36971" /><G94/><T81/><D81/><U5/><E130/><V28/><F91/><AGARI ba="0,0" hai="18,19,44,49,52,80,87,91" m="36971,4103" machi="91" ten="30,2900,0" yaku="8,1,54,1" doraHai="103" who="3" fromWho="2" sc="339,0,87,0,289,-29,285,29" />
</Scene>
<Scene>
<INIT seed="3,1,0,2,2,3" ten="339,87,260,314" oya="3" hai0="89,1,123,25,74,133,117,49,8,48,58,85,118" hai1="40,135,52,53,83,96,112,131,115,22,32,7,108" hai2="71,113,68,18,0,101,37,34,128,41,67,105,106" hai3="23,95,16,88,70,33,78,60,127,11,59,4,50"/><W90/><G70/><N who="2" m="26665" /><F18/><W126/><G33/><T17/><D123/><U5/><E32/><V45/><F101/><W30/><G30/><T15/><D74/><U79/><E40/><V129/><F67/><N who="3" m="39327" /><G50/><T97/><D133/><U21/><E96/><V44/><F113/><N who="1" m="43593" /><E83/><V42/><F34/><W82/><G95/><T29/><D1/><U80/><E79/><V6/><F42/><W63/><G63/><T100/><D48/><U75/><E80/><V24/><F45/><W116/><G116/><T92/><D49/><U9/><E75/><V27/><F27/><N who="3" m="14823" /><G82/><T87/><D58/><U109/><E131/><N who="2" m="50251" /><F24/><W93/><G93/><T61/><D61/><U64/><E9/><AGARI ba="1,0" hai="0,6,9,37,41,44,105,106" m="50251,26665" machi="9" ten="30,3900,0" yaku="19,1,23,1,52,1" doraHai="3" who="2" fromWho="1" sc="339,0,87,-42,260,42,314,0" />
</Scene>
<Scene>
<INIT seed="4,0,0,1,5,61" ten="339,45,302,314" oya="0" hai0="3,30,110,0,66,65,64,40,45,46,89,49,43" hai1="52,134,21,38,98,13,87,35,6,131,11,132,128" hai2="36,84,56,58,95,116,59,123,53,104,41,7,39" hai3="33,83,101,102,22,15,88,44,17,130,37,18,50"/><T113/><D113/><U57/><E38/><V8/><F104/><W71/><G33/><T105/><D105/><U121/><E35/><V14/><F123/><W34/><G34/><T12/><D110/><U63/><E87/><V74/><F74/><W9/><G37/><T90/><D30/><U24/><E98/><V112/><F112/><W92/><G83/><T60/><D60/><U48/><E121/><V29/><F116/><W103/><G71/><T19/><D3/><U68/><E68/><V127/><F29/><W10/><G18/><T75/><D0/><U124/><E63/><V97/><F84/><W4/><G4/><T32/><D75/><U73/><E73/><V1/><F1/><W100/><G130/><T51/><D32/><U54/><E54/><V27/><F27/><W122/><G122/><T118/><D118/><U111/><E111/><V120/><F120/><W31/><G31/><T16/><D19/><U126/><E21/><AGARI ba="0,0" hai="12,16,21,40,43,45,46,49,51,64,65,66,89,90" machi="21" ten="40,18000,2" yaku="9,1,8,1,52,3,54,1" doraHai="61" who="0" fromWho="1" sc="339,180,45,-180,302,0,314,0" owari="519,63.0,-135,-64.0,302,-10.0,314,11.0" />
</Scene>
</mjloggm>