<mjloggm ver="2.3"><GO type="169" lobby="0"/><UN n0="%E3%81%99%E3%81%9A%E3%82%81%E3%82%AF%E3%83%AC%E3%82%A4%E3%82%B8%E3%83%BC" n1="%E3%82%B2%E3%82%AA%E3%83%AB%E3%82%B2%E3%83%8F%E3%82%B8%39%34" n2="%E5%A4%AA%E3%81%8F%E3%81%AA%E3%81%84%E3%81%8A" n3="%44%65%78%69%63" dan="17,16,17,16" rate="2172.73,2026.59,2180.36,2051.11" sx="M,M,M,M"/><TAIKYOKU oya="0"/>

<Scene>
<INIT seed="0,0,0,4,2,92" ten="250,250,250,250" oya="0" hai0="49,81,13,64,134,2,25,114,131,74,14,108,43" hai1="133,68,96,76,80,44,112,10,16,87,69,30,95" hai2="5,70,115,105,60,90,94,106,82,19,101,55,63" hai3="50,93,17,121,103,57,83,85,126,0,102,8,71"/><T122/><D122/><U72/><E133/><V21/><F115/><W100/><G71/><T24/><D114/><U116/><E112/><V7/><F82/><W128/><G121/><T58/><D2/><U36/><E30/><V53/><F101/><W75/><G128/><T110/><D131/><U33/><E33/><V37/><F37/><W61/><G126/><T27/><D134/><U127/><E72/><V39/><F39/><W104/><G75/><T47/><D64/><U29/><E29/><V15/><F106/><W118/><G118/><T120/><D120/><U97/><E127/><V11/><F105/><W28/><G104/><T88/><D58/><U46/><E116/><V113/><F113/><W31/><G50/><T4/><D4/><N who="2" m="1610" /><F70/><W62/><G0/><T89/><D74/><U109/><E109/><N who="0" m="42089" /><D81/><U123/><E123/><V98/><F11/><W56/><G31/><T124/><D124/><U107/><E36/><V9/><F9/><W48/><G28/><T26/><N who="0" m="6144" /><DORA hai="65" /><T38/><D38/><U18/><E68/><V32/><F32/><W40/><G8/><T54/><D43/><U1/><E69/><V23/><F23/><W99/><G17/><T52/><D54/><AGARI ba="0,0" hai="15,19,21,53,54,55,60,63,90,94,98" m="1610" machi="54" ten="30,2000,0" yaku="8,1,52,1" doraHai="92,65" who="2" fromWho="0" sc="250,-20,250,0,250,20,250,0" />
</Scene>
<Scene>
<INIT seed="1,0,0,1,2,99" ten="230,250,270,250" oya="1" hai0="20,53,116,67,40,48,3,51,15,102,118,23,64" hai1="126,17,39,131,63,86,35,9,56,133,80,75,110" hai2="108,8,21,89,47,38,27,130,58,6,117,10,103" hai3="120,101,111,19,82,107,65,127,70,26,91,31,12"/><U96/><E75/><V5/><F117/><W52/><G111/><T46/><D3/><U16/><E39/><V129/><F108/><W119/><G127/><T68/><D68/><U134/><E110/><V18/><F89/><W83/><G119/><T41/><D15/><N who="1" m="7279" /><E35/><V44/><F58/><W7/><G120/><T94/><D53/><N who="1" m="34191" /><E126/><V14/><F103/><W55/><G7/><T106/><D94/><U121/><E121/><V61/><F61/><W69/><G69/><T1/><D1/><U71/><E71/><V87/><F87/><W43/><G43/><T112/><D112/><U37/><E37/><V22/><F38/><W13/><G70/><T0/><D0/><U11/><E131/><N who="2" m="50187" /><F22/><W24/><G65/><T54/><D54/><U36/><E36/><V92/><F92/><W79/><G107/><T104/><D46/><U25/><E96/><V34/><F34/><W81/><G55/><T30/><D30/><U42/><E42/><V73/><F73/><W29/><G52/><T33/><D33/><U32/><E32/><V72/><F72/><W115/><G31/><T105/><D106/><U123/><E123/><V113/><F113/><W135/><G29/><T2/><D2/><AGARI ba="0,0" hai="2,5,6,8,10,14,18,21,27,44,47" m="50187" machi="2" ten="30,1000,0" yaku="19,1" doraHai="99" who="2" fromWho="0" sc="230,-10,250,0,270,10,250,0" />
</Scene>
<Scene>
<INIT seed="2,0,0,1,4,119" ten="220,250,280,250" oya="2" hai0="18,105,12,32,55,60,7,50,76,37,52,61,73" hai1="120,43,10,94,59,134,17,102,84,100,5,68,31" hai2="103,66,62,46,53,71,15,54,14,40,91,90,65" hai3="107,130,108,23,115,1,96,38,74,3,30,13,57"/><V9/><F103/><W85/><G74/><T89/><D37/><U21/><E68/><V24/><F24/><W34/><G38/><T98/><D32/><U44/><E31/><V88/><F65/><W67/><G107/><T41/><D7/><U101/><E134/><V126/><F126/><W49/><G96/><T95/><D105/><U47/><E59/><V78/><F78/><W27/><G67/><T131/><D131/><U82/><E120/><V93/><F93/><W58/><G57/><T124/><D124/><U42/><E94/><V132/><F132/><W114/><G85/><T2/><D2/><N who="3" m="521" /><G49/><T81/><D41/><N who="1" m="15371" /><E10/><V97/><F97/><W99/><G99/><T121/><D121/><U48/><E5/><V113/><F113/><N who="3" m="43019" /><G58/><T109/><D109/><U69/><E48/><V135/><F135/><W86/><G86/><T25/><D25/><N who="1" m="14511" /><E69/><V79/><F79/><AGARI ba="0,0" hai="44,47,79,82,84,100,101,102" m="14511,15371" machi="79" ten="30,1000,0" yaku="8,1" doraHai="119" who="1" fromWho="2" sc="220,0,250,10,280,-10,250,0" />
</Scene>
<Scene>
<INIT seed="3,0,0,4,2,128" ten="220,260,270,250" oya="3" hai0="45,4,101,109,100,51,94,23,129,87,2,103,61" hai1="91,10,22,53,47,33,86,25,120,9,59,24,62" hai2="19,112,121,17,104,56,0,43,20,74,31,32,82" hai3="110,21,54,79,3,38,63,69,124,111,16,92,98"/><W37/><G3/><T117/><D109/><N who="3" m="41481" /><G79/><T90/><D117/><U130/><E130/><V78/><F112/><W49/><G124/><T102/><D129/><U85/><E120/><V81/><F0/><W115/><G115/><T123/><D123/><U71/><E71/><V135/><F121/><W39/><G69/><T14/><D2/><U52/><E33/><V44/><F104/><W93/><G63/><T107/><D107/><U84/><E91/><V134/><F81/><W65/><G65/><T40/><D61/><U131/><E131/><V116/><F116/><W36/><G98/><T55/><N who="0" m="25600" /><DORA hai="95" /><T83/><D40/><U11/><REACH who="1" step="1"/><E22/><REACH who="1" ten="220,250,270,250" step="2"/><V133/><F32/><W118/><G118/><T5/><D94/><U132/><E132/><V127/><F127/><W89/><G89/><T108/><D108/><U57/><E57/><V48/><F56/><W122/><G122/><T72/><D72/><U76/><E76/><V119/><F119/><W42/><G21/><T70/><D70/><U29/><E29/><V46/><F46/><W113/><G113/><T75/><D75/><U18/><E18/><AGARI ba="0,1" hai="4,5,14,18,23,45,51,55,83,87,90" m="25600" machi="18" ten="50,1600,0" yaku="8,1" doraHai="128,95" who="0" fromWho="1" sc="220,26,250,-16,270,0,250,0" />
</Scene>
<Scene>
<INIT seed="4,0,0,1,5,6" ten="246,234,270,250" oya="0" hai0="131,98,28,74,133,35,95,109,37,52,67,21,54" hai1="123,90,128,108,85,84,101,110,59,46,71,34,14" hai2="13,15,125,23,80,48,88,44,27,65,135,130,58" hai3="79,89,36,8,32,70,29,86,24,78,41,42,25"/><T75/><D35/><U31/><E71/><V38/><F38/><W62/><G25/><T11/><D37/><U1/><E1/><V99/><F130/><W18/><G41/><T96/><D131/><U129/><E123/><V20/><F135/><W122/><G122/><T19/><D133/><U104/><E34/><V111/><F111/><W64/><G42/><T50/><D75/><U76/><E31/><V94/><F125/><W17/><G36/><T63/><D74/><U77/><E59/><V43/><F80/><W68/><G68/><T127/><D96/><U40/><E14/><V113/><F113/><W2/><G18/><T53/><D127/><U72/><E46/><V57/><F23/><W33/><G33/><T92/><D92/><U118/><E40/><V30/><REACH who="2" step="1"/><F58/><REACH who="2" ten="246,234,260,250" step="2"/><W66/><G70/><T102/><D109/><U39/><E39/><V82/><F82/><W112/><G112/><T73/><D73/><U69/><E72/><V22/><F22/><W49/><G32/><T116/><D116/><U61/><E118/><V0/><F0/><W55/><G2/><T16/><D21/><U12/><E108/><V81/><F81/><W105/><G78/><T45/><D28/><U83/><E110/><V5/><F5/><W10/><G79/><T91/><D19/><U4/><E129/><V9/><F9/><W51/><G8/><T119/><D119/><U115/><E128/><V114/><F114/><W132/><G10/><T124/><D124/><U134/><E115/><V106/><F106/><W117/><G89/><T3/><D3/><U26/><E76/><RYUUKYOKU ba="0,1" sc="246,-10,234,-10,260,30,250,-10" hai2="13,15,20,27,30,43,44,48,57,65,88,94,99" />
</Scene>
<Scene>
<INIT seed="5,1,1,5,0,53" ten="236,224,290,240" oya="1" hai0="128,25,71,21,99,135,116,121,9,78,2,127,40" hai1="31,70,0,84,50,89,69,85,109,37,45,83,15" hai2="27,57,32,72,94,58,26,6,66,87,107,77,86" hai3="20,76,67,22,101,63,81,12,42,59,13,90,56"/><U62/><E0/><V117/><F107/><W18/><G101/><T51/><D116/><U103/><E37/><V28/><F117/><W41/><G90/><T23/><D71/><U30/><E109/><V130/><F130/><W133/><G133/><T104/><D78/><U16/><E103/><V131/><F131/><W61/><G20/><T92/><D104/><U54/><E70/><V73/><F6/><W98/><G98/><T60/><D135/><U106/><E106/><V79/><F66/><W126/><G12/><T105/><D105/><U11/><E85/><V36/><F36/><W91/><G91/><T119/><D2/><U38/><E38/><V122/><F94/><W95/><G95/><T7/><D92/><U5/><E5/><V120/><F28/><W82/><G126/><T125/><D7/><U39/><E39/><V33/><AGARI ba="1,1" hai="26,27,32,33,57,58,72,73,77,79,86,87,120,122" machi="33" ten="25,8000,1" yaku="0,1,22,2,52,2" doraHai="53" who="2" fromWho="2" sc="236,-21,224,-41,290,93,240,-21" />
</Scene>
<Scene>
<INIT seed="6,0,0,1,1,33" ten="215,183,383,219" oya="2" hai0="68,82,15,0,57,40,112,83,94,113,76,124,120" hai1="109,67,61,3,58,116,96,97,37,4,50,24,63" hai2="90,70,108,93,133,128,52,80,71,125,74,89,54" hai3="43,17,132,46,27,107,104,117,29,114,115,28,42"/><V19/><F133/><W10/><G117/><T56/><D68/><U7/><E37/><V85/><F128/><W38/><G43/><T92/><D120/><U32/><E116/><V77/><F125/><W95/><G132/><T5/><D40/><U130/><E130/><V12/><F108/><W25/><G95/><N who="0" m="36395" /><D15/><U87/><E109/><V101/><F101/><W48/><G48/><T36/><D36/><U121/><E121/><V72/><F90/><W110/><G110/><T53/><D53/><U13/><E3/><V14/><F74/><W81/><G81/><N who="0" m="30731" /><D76/><U60/><E87/><V69/><REACH who="2" step="1"/><F14/><REACH who="2" ten="215,183,373,219" step="2"/><N who="3" m="7383" /><G25/><T2/><D124/><U129/><E129/><V91/><F91/><W65/><G27/><T103/><D103/><U18/><E24/><V23/><AGARI ba="0,1" hai="12,19,23,52,54,69,70,71,72,77,80,85,89,93" machi="23" ten="30,6000,0" yaku="1,1,0,1,54,1,53,0" doraHai="33" doraHaiUra="134" who="2" fromWho="2" sc="215,-20,183,-20,373,70,219,-20" />
</Scene>
<Scene>
<INIT seed="6,1,0,5,1,26" ten="195,163,443,199" oya="2" hai0="76,68,74,72,49,46,18,120,16,129,107,25,19" hai1="58,82,52,66,96,5,101,29,80,42,23,65,56" hai2="12,125,39,103,87,17,113,88,118,41,36,45,79" hai3="77,57,43,131,124,4,128,127,99,98,50,130,75"/><V81/><F118/><W84/><G4/><T27/><D120/><U67/><E42/><V62/><F113/><W11/><G11/><T24/><D107/><U47/><E5/><V69/><F125/><N who="3" m="48203" /><G43/><T22/><D68/><U105/><E47/><V70/><F103/><W100/><G50/><T104/><D104/><U44/><E44/><V73/><F39/><W110/><G57/><T64/><D129/><U132/><E132/><V90/><F62/><W133/><G110/><T97/><D97/><N who="3" m="36873" /><G75/><T3/><D3/><U108/><E108/><V14/><F73/><W106/><G106/><T95/><D64/><U53/><E58/><V38/><F38/><W112/><G112/><T102/><D74/><U123/><E123/><V15/><F17/><W40/><G40/><N who="0" m="24775" /><D72/><U119/><E119/><V59/><F59/><W55/><G55/><T51/><D51/><U86/><E86/><V0/><F0/><W111/><G111/><T114/><D114/><U126/><E126/><V13/><F13/><W35/><G35/><T37/><D37/><U93/><E105/><V20/><F20/><W1/><G1/><T89/><D19/><U92/><E53/><V135/><F70/><W21/><G21/><T94/><D18/><U6/><E6/><V28/><F69/><W34/><G34/><T48/><D48/><N who="1" m="30727" /><E93/><V85/><F36/><W2/><G2/><T63/><D63/><U109/><E109/><V121/><F121/><W91/><G77/><T10/><D76/><U83/><E23/><V54/><F79/><W7/><G7/><T134/><D22/><U61/><E61/><RYUUKYOKU ba="1,0" sc="195,-10,163,30,443,-10,199,-10" hai1="29,65,66,67,80,82,83,92,96,101" />
</Scene>
<Scene>
<INIT seed="7,2,0,5,5,44" ten="185,193,433,189" oya="3" hai0="0,110,56,33,7,26,60,45,127,129,8,10,95" hai1="77,32,94,39,98,52,28,9,82,125,115,120,66" hai2="112,19,49,88,37,106,47,111,16,107,13,123,3" hai3="87,61,24,46,100,105,97,5,72,68,21,62,18"/><W122/><G72/><T30/><D110/><U124/><E120/><V48/><F3/><W96/><G122/><T12/><D129/><U76/><E115/><V57/><F123/><W90/><G68/><T117/><D127/><N who="1" m="48715" /><E39/><V133/><F111/><W131/><G131/><T108/><D108/><U14/><E66/><V17/><F112/><W50/><G96/><T116/><D95/><U74/><E76/><V25/><F133/><W102/><G5/><T15/><D45/><U63/><E28/><V70/><F70/><W67/><G100/><T128/><D128/><U80/><E32/><V36/><F25/><W86/><G67/><T135/><D135/><U81/><E63/><V1/><F1/><W103/><G103/><T113/><D113/><U23/><E23/><V118/><F118/><W83/><G87/><T4/><D0/><U92/><E52/><AGARI ba="2,0" hai="18,21,24,46,50,52,61,62,83,86,90,97,102,105" machi="52" ten="30,5800,0" yaku="7,1,52,1,54,1" doraHai="44" who="3" fromWho="1" sc="185,0,193,-64,433,0,189,64" /><AGARI ba="2,0" hai="4,7,8,10,12,15,26,30,33,52,56,60,116,117" machi="52" ten="30,3900,0" yaku="7,1,9,1,54,1" doraHai="44" who="0" fromWho="1" sc="185,39,129,-39,433,0,253,0" />
</Scene>
<Scene>
<INIT seed="7,3,0,4,3,39" ten="224,90,433,253" oya="3" hai0="114,74,63,47,113,86,2,55,124,72,125,53,102" hai1="69,45,9,59,46,35,134,54,20,132,78,27,80" hai2="66,106,99,50,122,91,30,93,100,56,103,43,87" hai3="79,41,36,85,123,88,25,82,58,115,11,64,49"/><W130/><G130/><T17/><D2/><U57/><E69/><V15/><F122/><W0/><G123/><T71/><D102/><U75/><E35/><V60/><F30/><W126/><G115/><N who="0" m="44043" /><D86/><U110/><E110/><V5/><F106/><W24/><G126/><N who="0" m="48747" /><D17/><U128/><E128/><V19/><F5/><W31/><G36/><T65/><D47/><U76/><E9/><N who="2" m="6639" /><F87/><W116/><G116/><T48/><D48/><U10/><E10/><V3/><F3/><W90/><G0/><T32/><D32/><U129/><E129/><V18/><F18/><W120/><G11/><T16/><D16/><U34/><E34/><V118/><F118/><W67/><G120/><T28/><D28/><U109/><E109/><V21/><F21/><N who="3" m="15759" /><G25/><T111/><D111/><U81/><E20/><V94/><F94/><W95/><G41/><T26/><D26/><U104/><E104/><V70/><F43/><W89/><G95/><T97/><D97/><U83/><E27/><V7/><F7/><W92/><G92/><T14/><D14/><U135/><E75/><AGARI ba="3,0" hai="53,55,63,65,71,72,74,75" m="48747,44043" machi="75" ten="40,5200,0" yaku="15,1,11,1,18,1" doraHai="39" who="0" fromWho="1" sc="224,61,90,-61,433,0,253,0" owari="285,9.0,29,-47.0,433,53.0,253,-15.0" />
</Scene>
</mjloggm>