<mjloggm ver="2.3"><GO type="169"/><UN n0="%E3%82%84%E3%81%8D%E3%81%86%E3%81%A9%E3%82%93" n1="%E5%A4%AA%E3%81%8F%E3%81%AA%E3%81%84%E3%81%8A" n2="%E5%86%97%E8%AB%87%E7%AC%91%E6%AD%A2%EF%BC%81" n3="%4D%49%40%34%32%38" dan="16,17,16,16" rate="2026,2200,2017,2032" sx="M,M,M,M"/><TAIKYOKU oya="0"/>

<Scene>
<INIT seed="0,0,0,3,1,128" ten="250,250,250,250" oya="0" hai0="13,86,34,28,57,108,1,135,0,39,122,106,8" hai1="90,99,21,121,77,124,83,50,62,64,7,3,60" hai2="26,123,29,18,43,113,44,114,98,47,94,36,45" hai3="56,19,61,12,10,14,84,58,11,72,110,120,63"/><T25/><D122/><U75/><E121/><V107/><F123/><W80/><G72/><T31/><D106/><U71/><E124/><V82/><F107/><W73/><G73/><T74/><D74/><U67/><E50/><V133/><F18/><W111/><G120/><T51/><D39/><U66/><E21/><V119/><F82/><W126/><G126/><T30/><D86/><U46/><E46/><V134/><F119/><W38/><G38/><T6/><D57/><U87/><E99/><V105/><F105/><W15/><G111/><T92/><D51/><U101/><E101/><N who="2" m="60631" /><F43/><W116/><G116/><T89/><D92/><U76/><E62/><N who="3" m="23562" /><G110/><T20/><D89/><U100/><E100/><V117/><F36/><W52/><G52/><T131/><D108/><U4/><E76/><V5/><F117/><W68/><G68/><T93/><D93/><U32/><E32/><N who="2" m="20535" /><F5/><N who="3" m="3151" /><G15/><T130/><D34/><U22/><E7/><V55/><F55/><W23/><G23/><T125/><D125/><U27/><E4/><V91/><F91/><AGARI ba="0,0" hai="11,14,19,56,58,80,84,91" m="3151,23562" machi="91" ten="30,1000,0" yaku="8,1" doraHai="128" who="3" fromWho="2" sc="250,0,250,0,250,-10,250,10" />
</Scene>
<Scene>
<INIT seed="1,0,0,2,2,56" ten="250,250,240,260" oya="1" hai0="131,24,73,51,115,52,103,86,134,121,60,53,70" hai1="129,111,55,79,88,119,61,96,35,104,116,14,21" hai2="108,93,72,19,16,78,48,130,124,42,133,10,118" hai3="69,47,74,40,114,80,22,120,107,23,95,127,122"/><U90/><E35/><V11/><F118/><W83/><G107/><T20/><D73/><U135/><E79/><V132/><F130/><W128/><G114/><T99/><D115/><U15/><E129/><V32/><F32/><W123/><G128/><T85/><D131/><U59/><E135/><N who="2" m="51787" /><F108/><W109/><G109/><T66/><D134/><U34/><E34/><V98/><F124/><W36/><G127/><T117/><D117/><U68/><E111/><V50/><F78/><W8/><G8/><N who="2" m="3113" /><F72/><W3/><G3/><T87/><D121/><U84/><E119/><V58/><F42/><W94/><G69/><T9/><D9/><U101/><E116/><V43/><F43/><W64/><G64/><T13/><D13/><U62/><E21/><V12/><F58/><W1/><G1/><T65/><D65/><U6/><E6/><V71/><F71/><W97/><G74/><T18/><REACH who="0" step="1"/><D51/><REACH who="0" ten="240,250,240,260" step="2"/><N who="2" m="19498" /><F12/><W31/><G120/><T2/><D2/><U29/><E15/><V100/><AGARI ba="0,1" hai="16,19,93,98,100" m="19498,3113,51787" machi="100" ten="30,2000,0" yaku="20,1,54,1" doraHai="56" who="2" fromWho="2" sc="240,-5,250,-10,240,30,260,-5" />
</Scene>
<Scene>
<INIT seed="2,0,0,1,4,122" ten="235,240,270,255" oya="2" hai0="21,64,93,46,80,3,29,7,124,115,2,47,100" hai1="1,73,75,4,65,53,18,117,27,92,130,35,94" hai2="86,43,9,52,0,116,22,81,105,19,118,66,88" hai3="61,39,85,60,108,59,57,24,82,107,77,74,26"/><V76/><F105/><W113/><G107/><T106/><D115/><U99/><E117/><V132/><F66/><W125/><G39/><T8/><D106/><U72/><E130/><V30/><F30/><W97/><G113/><T67/><D2/><U96/><E65/><V68/><F68/><W28/><G125/><T135/><D124/><U103/><E53/><V119/><F43/><W14/><G74/><T134/><D67/><U25/><E35/><V112/><F112/><W111/><G97/><N who="0" m="59439" /><D64/><U54/><E54/><V11/><F132/><N who="0" m="50730" /><D80/><U32/><E32/><V17/><F0/><W102/><G102/><T23/><D29/><U89/><E18/><V31/><F76/><W36/><G36/><T41/><D47/><U58/><E58/><N who="3" m="22026" /><G14/><T5/><D5/><U109/><E4/><V49/><F31/><W45/><G45/><T133/><N who="0" m="50738" /><T50/><AGARI ba="0,0" hai="3,7,8,21,23,41,46,50" m="50738,59439" machi="50" ten="40,2700,0" yaku="4,1,20,1" doraHai="122" who="0" fromWho="0" sc="235,27,240,-7,270,-13,255,-7" />
</Scene>
<Scene>
<INIT seed="3,0,0,3,2,88" ten="262,233,257,248" oya="3" hai0="73,24,47,63,70,9,1,103,6,33,61,125,17" hai1="32,69,83,109,127,82,18,8,133,25,26,81,76" hai2="34,38,44,58,116,45,131,102,105,72,96,66,0" hai3="54,27,53,95,119,112,40,2,41,104,132,100,19"/><W111/><G112/><T67/><D73/><U65/><E109/><V98/><F116/><W31/><G119/><T126/><D61/><U113/><E113/><V39/><F0/><W28/><G2/><T22/><D103/><U106/><E106/><V23/><F34/><W35/><G104/><T60/><D60/><U77/><E69/><V90/><F72/><W85/><G111/><T71/><D47/><U7/><E133/><V84/><F131/><W120/><G120/><T94/><D71/><U10/><E127/><N who="0" m="48649" /><D33/><U56/><E32/><V115/><F98/><N who="3" m="59487" /><G132/><T99/><D99/><U87/><E65/><V114/><F115/><W5/><G5/><T128/><D128/><U12/><E56/><V117/><F117/><W124/><G35/><T91/><D91/><U48/><E48/><V13/><F114/><W4/><G4/><T118/><D118/><U49/><E49/><V15/><F39/><W78/><G124/><T97/><D97/><U50/><E50/><V74/><F74/><W122/><G122/><T108/><D108/><U37/><E37/><V68/><F68/><W92/><G78/><T16/><D17/><U36/><E36/><V75/><F75/><W89/><G31/><T11/><D11/><U86/><REACH who="1" step="1"/><E83/><REACH who="1" ten="262,223,257,248" step="2"/><V59/><F38/><W55/><G28/><T3/><D70/><U52/><E52/><N who="3" m="13314" /><W135/><DORA hai="20" /><G135/><T123/><D123/><U30/><E30/><V130/><F130/><W42/><G42/><T64/><D64/><U46/><E46/><V80/><F45/><W14/><G27/><T21/><D24/><U62/><E62/><RYUUKYOKU ba="0,1" sc="262,-15,223,15,257,-15,248,15" hai1="7,8,10,12,18,25,26,76,77,81,82,86,87" hai3="14,19,40,41,85,89,92" />
</Scene>
<Scene>
<INIT seed="3,1,1,5,0,67" ten="247,238,242,263" oya="3" hai0="94,121,104,113,68,54,3,70,112,42,88,102,46" hai1="106,87,114,56,85,37,55,60,66,91,29,119,84" hai2="128,22,35,50,30,96,47,81,78,95,52,97,127" hai3="1,23,110,99,115,21,117,129,62,90,103,135,83"/><W131/><G115/><N who="0" m="44107" /><D121/><U6/><E114/><V109/><F109/><W65/><G117/><T122/><D122/><U100/><E37/><V132/><F132/><W20/><G1/><T5/><D102/><U123/><E123/><V82/><F35/><W76/><G135/><T57/><D104/><U32/><E119/><V86/><F127/><W43/><G43/><T72/><D72/><U16/><E6/><V0/><F0/><W12/><G90/><T45/><D5/><U98/><E32/><V40/><F128/><N who="3" m="49227" /><G12/><T36/><D46/><U59/><E29/><V79/><F95/><N who="3" m="58879" /><G110/><T44/><D45/><U101/><E101/><V7/><F7/><W10/><G10/><T26/><D26/><U13/><E91/><V125/><F125/><W24/><G24/><T74/><D74/><U4/><E4/><V8/><F8/><W48/><G48/><N who="0" m="30919" /><D3/><U38/><E38/><V34/><F34/><W116/><G116/><T39/><D39/><U73/><E73/><V69/><F40/><W134/><G134/><T9/><D9/><U105/><E105/><V19/><F30/><W28/><G28/><T93/><D93/><U75/><E75/><V118/><F118/><W63/><G65/><T15/><D15/><U61/><REACH who="1" step="1"/><E85/><AGARI ba="1,1" hai="20,21,23,62,63,76,83,85" m="58879,49227" machi="85" ten="30,1500,0" yaku="19,1" doraHai="67" who="3" fromWho="1" sc="247,0,238,-18,242,0,263,28" /><AGARI ba="1,0" hai="36,42,44,68,70,85,88,94" m="30919,44107" machi="85" ten="30,7700,0" yaku="11,1,52,2,54,1" doraHai="67" who="0" fromWho="1" sc="247,77,220,-77,242,0,291,0" />
</Scene>
<Scene>
<INIT seed="3,2,0,0,5,105" ten="324,143,242,291" oya="3" hai0="114,120,111,46,131,123,88,7,89,21,101,15,110" hai1="19,40,62,53,42,115,23,24,107,133,97,92,69" hai2="135,87,81,118,71,13,0,58,85,128,28,70,109" hai3="55,63,29,12,103,78,112,75,11,64,31,34,49"/><W8/><G112/><T4/><D101/><U86/><E115/><V47/><F0/><W82/><G103/><T56/><D114/><U36/><E133/><V126/><F118/><W132/><G132/><T17/><D46/><U25/><E107/><V96/><F135/><W84/><G34/><T45/><D45/><U59/><E69/><V57/><F28/><W3/><G3/><T33/><D33/><U26/><E86/><V73/><F96/><W14/><G14/><T79/><D79/><U50/><E36/><V30/><F30/><W102/><G102/><T6/><D131/><U91/><REACH who="1" step="1"/><E50/><REACH who="1" ten="324,133,242,291" step="2"/><V61/><F71/><W43/><G84/><T72/><D72/><U124/><E124/><V130/><F126/><W68/><G43/><AGARI ba="2,1" hai="19,23,24,25,26,40,42,43,53,59,62,91,92,97" machi="43" ten="40,8000,1" yaku="1,1,25,2,8,1,53,0" doraHai="105" doraHaiUra="83" who="1" fromWho="3" sc="324,0,133,96,242,0,291,-86" />
</Scene>
<Scene>
<INIT seed="4,0,0,3,1,46" ten="324,229,242,205" oya="0" hai0="130,63,29,124,126,38,93,85,97,74,92,131,67" hai1="60,21,122,70,111,20,134,59,30,132,125,42,37" hai2="54,17,100,55,72,52,78,58,79,11,73,135,0" hai3="104,112,32,48,94,2,96,28,24,115,90,76,121"/><T71/><D38/><U119/><E111/><V44/><F135/><N who="1" m="51753" /><E122/><V88/><F100/><W80/><G2/><T75/><D29/><U66/><E119/><V19/><F44/><W86/><G121/><T10/><D85/><U87/><E125/><N who="0" m="48233" /><D10/><U34/><E37/><V81/><F58/><W26/><G26/><T68/><D68/><U118/><E118/><V114/><F114/><W108/><G108/><T9/><D9/><U84/><E42/><V33/><F33/><W18/><G18/><T4/><D4/><U57/><E34/><V6/><F88/><W35/><G35/><T8/><D8/><U5/><E5/><V45/><F45/><W22/><G32/><T95/><D97/><U51/><E70/><V106/><F106/><W107/><REACH who="3" step="1"/><G48/><REACH who="3" ten="324,229,242,195" step="2"/><T105/><D105/><AGARI ba="0,1" hai="22,24,28,76,80,86,90,94,96,104,105,107,112,115" machi="105" ten="40,2600,0" yaku="1,1,2,1,53,0" doraHai="46" doraHaiUra="65" who="3" fromWho="0" sc="324,-26,229,0,242,0,195,36" />
</Scene>
<Scene>
<INIT seed="5,0,0,1,3,66" ten="298,229,242,231" oya="1" hai0="24,92,65,8,47,101,1,79,76,64,14,62,9" hai1="12,126,2,48,16,108,105,93,70,22,128,119,111" hai2="73,86,18,95,90,110,120,39,130,53,51,23,135" hai3="4,67,100,124,91,19,134,36,6,123,45,0,71"/><U55/><E119/><V132/><F110/><N who="1" m="42025" /><E105/><V63/><F73/><W52/><G123/><T27/><D1/><U59/><E2/><V131/><F39/><W42/><G100/><T29/><D47/><U43/><E128/><N who="2" m="49195" /><F63/><W133/><G124/><T87/><D65/><U37/><E126/><V34/><F34/><W97/><G19/><T106/><D106/><U35/><E35/><V3/><F3/><W60/><G0/><T57/><D8/><U98/><E37/><V25/><F120/><W31/><G31/><T11/><D11/><U99/><E43/><V89/><F89/><W88/><G52/><T75/><D75/><U44/><E44/><AGARI ba="0,0" hai="18,23,25,44,51,53,86,90,95,132,135" m="49195" machi="44" ten="30,1000,0" yaku="19,1" doraHai="66" who="2" fromWho="1" sc="298,0,229,-10,242,10,231,0" />
</Scene>
<Scene>
<INIT seed="6,0,0,4,2,113" ten="298,219,252,231" oya="2" hai0="132,87,66,112,30,90,41,88,106,15,131,74,9" hai1="48,85,25,99,105,92,128,107,13,2,76,17,115" hai2="56,69,124,26,39,4,135,127,129,116,63,70,73" hai3="23,97,24,103,51,81,43,34,59,108,82,14,125"/><V29/><F73/><W45/><G108/><T12/><D74/><U60/><E2/><V33/><F39/><W50/><G125/><N who="2" m="48201" /><F135/><W83/><G34/><T110/><D110/><U121/><E115/><V101/><F129/><W32/><G32/><T62/><D106/><U123/><E128/><V95/><F4/><W126/><G126/><T84/><D131/><U22/><E60/><V11/><F11/><W40/><G14/><T86/><D112/><U6/><E48/><V134/><F134/><W38/><G59/><N who="0" m="37215" /><D132/><U65/><E65/><N who="2" m="39143" /><F116/><W52/><G38/><T130/><D130/><U18/><E6/><V42/><F42/><W72/><G72/><T120/><D120/><N who="1" m="46155" /><E76/><V79/><F79/><W118/><G118/><T122/><D122/><U64/><E64/><V54/><F54/><W31/><REACH who="3" step="1"/><G50/><REACH who="3" ten="298,219,252,221" step="2"/><T55/><D15/><U7/><E7/><V47/><F47/><W5/><G5/><T61/><D12/><U53/><E13/><V27/><F27/><W133/><G133/><T49/><D49/><U67/><E25/><V94/><F101/><W91/><G91/><T10/><D88/><U16/><E67/><V21/><F33/><W80/><N who="3" m="20480" /><DORA hai="8" /><W102/><G102/><T111/><D90/><U109/><E109/><V89/><F89/><W28/><G28/><T68/><D111/><U46/><E46/><V119/><F119/><W1/><G1/><T114/><D30/><U19/><E19/><V57/><F57/><W36/><G36/><T104/><D114/><U100/><E18/><V77/><F77/><W75/><G75/><T0/><D0/><RYUUKYOKU ba="0,1" sc="298,-15,219,-15,252,15,221,15" hai2="21,26,29,69,70,94,95" hai3="23,24,31,40,43,45,51,52,97,103" />
</Scene>
<Scene>
<INIT seed="6,1,1,5,2,76" ten="283,204,267,236" oya="2" hai0="80,82,97,112,56,35,125,116,133,134,63,47,74" hai1="43,85,37,13,3,39,72,110,21,16,118,108,38" hai2="83,61,124,26,44,126,78,11,94,2,71,81,28" hai3="7,40,132,57,98,27,17,100,4,91,68,48,67"/><V51/><F94/><N who="3" m="58455" /><G68/><T102/><D74/><U65/><E118/><V59/><F71/><W73/><G73/><T54/><D35/><U64/><E72/><V45/><F78/><W120/><G132/><N who="0" m="50795" /><D112/><U87/><E3/><V99/><F99/><W62/><G120/><T93/><D125/><N who="2" m="48234" /><F11/><W86/><G27/><T127/><D127/><U101/><E101/><V69/><F69/><W33/><G33/><T15/><D116/><U10/><E43/><N who="2" m="24991" /><F45/><N who="3" m="25639" /><G17/><T89/><D47/><U75/><E75/><V119/><F2/><W96/><G96/><N who="0" m="57391" /><D15/><U0/><E0/><V77/><F77/><W30/><G30/><T31/><D31/><U105/><E105/><AGARI ba="1,1" hai="54,56,63,80,82,97,102,105" m="57391,50795" machi="105" ten="30,3900,0" yaku="20,1,52,2" doraHai="76" who="0" fromWho="1" sc="283,52,204,-42,267,0,236,0" />
</Scene>
<Scene>
<INIT seed="7,0,0,5,2,119" ten="335,162,267,236" oya="3" hai0="90,58,66,19,72,92,124,18,34,13,123,102,101" hai1="78,98,8,109,82,35,113,95,42,23,29,97,2" hai2="28,65,91,54,128,57,118,81,39,125,70,112,103" hai3="22,41,33,53,26,100,132,131,36,121,87,63,76"/><W84/><G33/><T31/><D72/><U99/><E113/><V12/><F118/><W27/><G121/><T120/><D31/><U11/><E109/><V115/><F39/><W30/><G131/><T5/><D34/><U75/><E35/><V79/><F103/><W15/><G132/><T21/><D5/><U108/><E108/><V93/><F128/><W117/><G117/><T17/><D124/><U32/><E32/><V126/><F28/><W47/><G27/><T24/><D123/><U43/><E2/><V61/><F12/><W0/><G0/><T7/><D7/><U68/><E68/><V133/><F133/><W37/><G37/><T83/><D83/><U62/><E62/><V111/><F111/><W60/><G100/><N who="0" m="38507" /><D13/><U48/><E95/><V45/><F115/><W52/><G15/><T3/><D3/><U127/><E127/><V110/><F110/><W96/><G96/><N who="0" m="57367" /><D120/><U71/><E71/><V134/><F112/><W40/><G40/><T25/><D21/><U38/><E38/><V67/><F134/><W59/><REACH who="3" step="1"/><G76/><REACH who="3" ten="335,162,267,226" step="2"/><T74/><D74/><U135/><E135/><V88/><F125/><W49/><G49/><T89/><D89/><U56/><E42/><V46/><F126/><W55/><G55/><T104/><D104/><U107/><E107/><V114/><F114/><W106/><G106/><T129/><D129/><U50/><E50/><V86/><F91/><W80/><G80/><T73/><D73/><U4/><E43/><V116/><F116/><W44/><G44/><T105/><D105/><U6/><E75/><N who="2" m="43263" /><F54/><W51/><G51/><RYUUKYOKU ba="0,1" sc="335,10,162,-30,267,10,226,10" hai0="17,18,19,24,25,58,66" hai2="45,46,57,61,65,67,70,86,88,93" hai3="22,26,30,36,41,47,52,53,59,60,63,84,87" />
</Scene>
<Scene>
<INIT seed="7,1,1,5,3,98" ten="345,132,277,236" oya="3" hai0="16,93,106,75,63,96,32,58,7,42,60,132,76" hai1="35,108,99,2,78,29,129,112,48,26,89,65,40" hai2="117,124,72,50,47,82,41,109,134,64,88,97,11" hai3="23,45,94,91,73,37,30,8,118,105,125,104,110"/><W49/><G118/><T62/><D32/><U5/><E108/><V55/><F109/><W39/><G110/><T22/><D106/><U119/><E119/><V18/><F117/><W66/><G73/><T116/><D116/><U133/><E112/><V69/><F134/><W24/><G125/><T79/><D132/><U113/><E133/><V127/><F64/><W3/><G66/><T86/><D75/><U122/><E113/><V100/><F69/><W115/><G115/><T6/><D42/><U43/><E122/><V131/><F41/><W87/><G3/><T38/><D58/><U126/><E126/><V123/><F123/><W10/><G104/><T68/><D38/><U33/><E129/><V74/><F131/><W28/><G28/><T31/><D31/><U67/><E33/><V77/><F72/><W80/><G105/><T14/><D68/><U101/><E78/><N who="0" m="29737" /><D86/><U15/><E2/><V51/><F124/><W56/><G56/><T9/><D9/><N who="3" m="3689" /><G39/><T25/><D25/><U61/><E89/><AGARI ba="1,1" hai="6,7,14,16,22,60,62,63,89,93,96" m="29737" machi="89" ten="30,2000,0" yaku="8,1,54,1" doraHai="98" who="0" fromWho="1" sc="345,33,132,-23,277,0,236,0" owari="378,47.0,109,-39.0,277,8.0,236,-16.0" />
</Scene>
</mjloggm>