<mjloggm ver="2.3"><GO type="137"/><UN n0="%E4%B9%9D%E6%BE%84%E5%8D%9A%E5%A3%AB" n1="%41%67%31%30%37" n2="%E5%A4%AA%E3%81%8F%E3%81%AA%E3%81%84%E3%81%8A" n3="%E9%A2%A8%E8%A6%8B%EF%BC%A0%E5%B9%BD%E9%A6%99" dan="9,13,12,12" rate="1519,1756,1889,1695" sx="F,M,M,F"/><TAIKYOKU oya="0"/>

<Scene>
<INIT seed="0,0,0,5,4,36" ten="250,250,250,250" oya="0" hai0="23,73,88,22,6,125,86,91,74,118,64,121,105" hai1="53,15,94,68,8,76,95,7,72,32,135,80,35" hai2="89,87,46,9,44,69,59,19,119,130,48,58,12" hai3="18,82,29,116,65,50,11,5,134,56,2,30,10"/><T112/><D118/><U38/><E135/><V106/><F119/><W129/><G116/><T126/><D121/><U66/><E38/><V104/><F69/><W127/><G134/><T43/><D112/><U98/><E94/><V1/><F130/><W27/><G129/><T3/><D105/><U24/><E53/><V63/><F1/><W17/><G127/><N who="0" m="48651" /><D64/><U14/><E14/><V102/><F102/><W113/><G113/><T97/><D97/><U81/><E81/><N who="2" m="49391" /><F46/><W107/><G107/><N who="2" m="41001" /><F63/><W4/><G82/><N who="0" m="49239" /><D91/><U51/><E51/><V40/><F40/><W20/><G65/><T57/><D57/><U16/><E66/><V70/><F70/><W120/><G56/><T132/><D132/><U83/><E83/><V54/><AGARI ba="0,0" hai="9,12,19,44,48,54,58,59" m="41001,49391" machi="54" ten="30,1100,0" yaku="25,1" doraHai="36" who="2" fromWho="2" sc="250,-5,250,-3,250,11,250,-3" />
</Scene>
<Scene>
<INIT seed="1,0,0,0,2,12" ten="245,247,261,247" oya="1" hai0="65,25,73,109,124,117,74,94,42,20,0,88,48" hai1="69,110,53,61,70,17,78,90,22,54,32,2,41" hai2="28,9,99,75,89,81,55,6,29,132,127,77,21" hai3="108,4,103,104,52,80,24,97,44,107,18,76,31"/><U50/><E2/><V100/><F132/><W36/><G108/><T118/><D109/><U84/><E110/><V3/><F127/><W72/><G107/><T58/><D0/><U38/><E32/><V93/><F55/><W101/><G103/><T130/><D124/><U131/><E131/><V39/><F39/><W95/><G4/><T67/><D130/><U71/><E78/><V128/><F128/><W120/><G120/><T56/><D56/><U106/><E106/><V8/><F8/><W37/><G95/><T15/><D15/><U82/><E38/><V96/><REACH who="2" step="1"/><F21/><REACH who="2" ten="245,247,251,247" step="2"/><W66/><G66/><T113/><D113/><U40/><E40/><V64/><F64/><W1/><G36/><T13/><D67/><U59/><E41/><V14/><F14/><W83/><G37/><T62/><D118/><U116/><E116/><V122/><F122/><W102/><G44/><T85/><D117/><U129/><E129/><V121/><F121/><W5/><G52/><T86/><D13/><U115/><E115/><V34/><F34/><W112/><G112/><T123/><D123/><U125/><E125/><V57/><F57/><W126/><G126/><T98/><D42/><U23/><REACH who="1" step="1"/><E17/><REACH who="1" ten="245,237,251,247" step="2"/><V79/><F79/><W33/><G18/><T111/><D111/><U30/><E30/><V26/><F26/><W68/><G76/><T114/><D114/><U49/><E49/><V135/><F135/><W47/><G47/><AGARI ba="0,2" hai="22,23,47,50,53,54,59,61,69,70,71,82,84,90" machi="47" ten="40,7700,0" yaku="1,1,53,2" doraHai="12" doraHaiUra="51" who="1" fromWho="3" sc="245,0,237,97,251,0,247,-77" />
</Scene>
<Scene>
<INIT seed="1,1,0,2,5,11" ten="245,334,251,170" oya="1" hai0="10,70,68,72,6,17,30,7,31,59,109,106,65" hai1="120,76,39,27,131,132,80,28,61,53,93,32,73" hai2="1,25,123,43,44,89,114,121,48,97,34,92,51" hai3="134,16,102,4,47,24,111,118,38,29,75,12,82"/><U95/><E120/><V46/><F1/><W36/><G118/><T87/><D72/><U64/><E132/><V55/><REACH who="2" step="1"/><F114/><REACH who="2" ten="245,334,241,170" step="2"/><W71/><G111/><T91/><D109/><U81/><E131/><V127/><F127/><W9/><G134/><T77/><D106/><U37/><E39/><V56/><F56/><W86/><G71/><T54/><D70/><U66/><E37/><V57/><F57/><W14/><G75/><T42/><D68/><U107/><E107/><V84/><F84/><W119/><G119/><T35/><D59/><U83/><E83/><V69/><F69/><W60/><G47/><T0/><D87/><U79/><E81/><V88/><F88/><W133/><G133/><T135/><D91/><U45/><E79/><V23/><F23/><W40/><G102/><T108/><D0/><U101/><E101/><V18/><F18/><W99/><G99/><T19/><D17/><U8/><E8/><V94/><F94/><W116/><G116/><T125/><D19/><U78/><E78/><V15/><F15/><W49/><G36/><T22/><D77/><U67/><REACH who="1" step="1"/><E61/><REACH who="1" ten="245,324,241,170" step="2"/><V3/><F3/><W58/><G38/><T124/><D124/><U62/><E62/><V100/><F100/><W13/><G60/><T74/><D135/><U113/><E113/><V5/><F5/><W63/><G63/><T20/><D125/><U126/><E126/><V2/><F2/><W21/><G4/><T130/><D6/><U98/><E98/><V104/><F104/><W122/><G122/><T110/><D7/><U26/><E26/><V50/><F50/><AGARI ba="1,2" hai="27,28,32,45,50,53,64,66,67,73,76,80,93,95" machi="50" ten="40,7700,0" yaku="1,1,6,1,53,1" doraHai="11" doraHaiUra="105" who="1" fromWho="2" sc="245,0,324,100,241,-80,170,0" />
</Scene>
<Scene>
<INIT seed="1,2,0,4,4,11" ten="245,424,161,170" oya="1" hai0="86,79,93,3,68,109,92,64,1,123,67,94,135" hai1="118,32,23,24,77,47,57,69,53,22,113,39,63" hai2="25,46,105,90,58,42,34,50,120,16,52,18,108" hai3="115,8,29,72,21,36,132,88,71,78,15,54,13"/><U127/><E118/><V122/><F105/><W43/><G115/><T131/><D109/><U83/><E113/><V59/><F108/><W9/><G132/><T76/><D131/><U66/><E127/><V40/><F34/><W31/><G72/><T44/><D135/><U73/><E32/><V134/><F134/><W98/><G71/><T119/><D119/><U114/><E114/><V12/><F120/><W65/><G78/><T35/><D35/><U10/><E10/><N who="2" m="6167" /><F122/><W30/><G65/><T38/><D123/><U95/><E95/><V19/><F90/><W45/><G21/><T37/><D86/><U61/><REACH who="1" step="1"/><E24/><REACH who="1" ten="245,414,161,170" step="2"/><V20/><F19/><W104/><G54/><T87/><D68/><U128/><E128/><V112/><F112/><W5/><G104/><T110/><D110/><U49/><E49/><V133/><F133/><W70/><G70/><T106/><D106/><U33/><E33/><V60/><F59/><W111/><G111/><T102/><D38/><U2/><E2/><V81/><F81/><W17/><REACH who="3" step="1"/><G31/><REACH who="3" ten="245,414,161,160" step="2"/><T96/><D37/><U124/><E124/><V107/><F107/><W91/><G91/><N who="0" m="53375" /><D79/><U75/><E75/><V129/><F129/><W6/><G6/><T4/><D76/><U103/><E103/><V97/><F97/><W56/><G56/><T101/><D4/><U48/><E48/><V99/><F99/><W84/><G84/><T130/><D96/><U85/><E85/><V14/><F25/><W55/><G55/><AGARI ba="2,2" hai="14,18,20,40,42,46,50,52,55,58,60" m="6167" machi="55" ten="30,8000,1" yaku="8,1,52,2,54,2" doraHai="11" who="2" fromWho="3" sc="245,0,414,0,161,106,160,-86" />
</Scene>
<Scene>
<INIT seed="2,0,0,0,3,132" ten="245,414,267,74" oya="2" hai0="56,78,83,42,84,116,81,110,134,23,67,123,90" hai1="125,121,10,4,13,43,0,108,106,117,92,105,28" hai2="94,124,64,126,103,130,131,39,22,76,135,33,66" hai3="120,49,38,97,62,25,36,48,52,3,107,17,122"/><V100/><F33/><W63/><G3/><T128/><D110/><U29/><E121/><V1/><F1/><W87/><G122/><T133/><D123/><U16/><E117/><V102/><F39/><W88/><G120/><T85/><D128/><N who="2" m="49194" /><F135/><N who="0" m="51722" /><D116/><U73/><E73/><V86/><F22/><W46/><G49/><T40/><D23/><U70/><E108/><V115/><F115/><W104/><G36/><T96/><D96/><U71/><E43/><V12/><F12/><W79/><G38/><T109/><D109/><U45/><E45/><V51/><F51/><W114/><G114/><T7/><D7/><U101/><E105/><V37/><F37/><W32/><G79/><T34/><D34/><U127/><E106/><V91/><F76/><W26/><G26/><T89/><D78/><U61/><E101/><V80/><F80/><W55/><G55/><T69/><D69/><N who="1" m="26123" /><E92/><V41/><F41/><W9/><G32/><T95/><D95/><U111/><E61/><AGARI ba="0,0" hai="40,42,56,61,67,81,83,84,85,89,90" m="51722" machi="61" ten="30,1000,0" yaku="20,1" doraHai="132" who="0" fromWho="1" sc="245,10,414,-10,267,0,74,0" />
</Scene>
<Scene>
<INIT seed="3,0,0,4,1,78" ten="255,404,267,74" oya="3" hai0="134,127,20,101,113,89,57,112,65,36,81,60,116" hai1="58,93,43,111,37,39,45,16,33,46,34,95,1" hai2="135,84,47,41,64,13,28,0,7,109,18,48,96" hai3="63,129,97,2,42,55,22,59,74,30,91,119,121"/><W125/><G121/><T44/><D116/><U51/><E111/><V108/><F135/><W14/><G119/><T27/><D134/><U6/><E33/><V3/><F28/><W24/><G125/><T130/><D127/><U35/><E34/><V126/><F126/><W17/><G129/><T131/><D101/><U115/><E35/><V98/><F64/><W12/><G2/><N who="2" m="553" /><F7/><W9/><G74/><T118/><D118/><U83/><E115/><N who="0" m="44105" /><D36/><U11/><E83/><V79/><F79/><W87/><G42/><T23/><D44/><U85/><E58/><V70/><F84/><W132/><G132/><T40/><D40/><U77/><E77/><V103/><F103/><W102/><G9/><T19/><D23/><U53/><E39/><V10/><F70/><W123/><G123/><T31/><D31/><U133/><E133/><V25/><F25/><W32/><G32/><T66/><D66/><U117/><E117/><V68/><F68/><W104/><REACH who="3" step="1"/><G30/><REACH who="3" ten="255,404,267,64" step="2"/><T71/><D71/><U82/><REACH who="1" step="1"/><E16/><REACH who="1" ten="255,394,267,64" step="2"/><V67/><F109/><W15/><G15/><T62/><D131/><U128/><E128/><V120/><F108/><W124/><G124/><T4/><D130/><U52/><E52/><V61/><F120/><W99/><G99/><T75/><D65/><U106/><E106/><V100/><F96/><W94/><AGARI ba="0,2" hai="12,14,17,22,24,55,59,63,87,91,94,97,102,104" machi="94" ten="20,3900,0" yaku="1,1,0,1,7,1,53,0" doraHai="78" doraHaiUra="26" who="3" fromWho="3" sc="255,-13,394,-13,267,-13,64,59" />
</Scene>
<Scene>
<INIT seed="3,1,0,4,5,17" ten="242,381,254,123" oya="3" hai0="134,82,119,7,16,131,84,71,15,64,26,109,2" hai1="37,11,63,113,103,53,92,88,44,29,72,124,74" hai2="38,19,105,125,83,73,66,35,42,13,47,95,1" hai3="57,110,20,3,102,51,106,91,126,86,52,85,65"/><W104/><G126/><T70/><D64/><U87/><E124/><V46/><F125/><W67/><G110/><T108/><D119/><U90/><E113/><V23/><F105/><W135/><G135/><T60/><D60/><U14/><E103/><V69/><F1/><W76/><G3/><T32/><D134/><U54/><E29/><V122/><F122/><W4/><G4/><T117/><D117/><U12/><E12/><V6/><F35/><W123/><G123/><T118/><D118/><U31/><E31/><V56/><F69/><W79/><G106/><T9/><D26/><U94/><E63/><V50/><F6/><W112/><G112/><T129/><D32/><U111/><E111/><N who="0" m="42569" /><D84/><U25/><E25/><V96/><F73/><W130/><G130/><N who="0" m="49675" /><D82/><U89/><E37/><V27/><F83/><W115/><G115/><T34/><D34/><U49/><E54/><V30/><F66/><W114/><G114/><T18/><D18/><U68/><E68/><V5/><F5/><W48/><G104/><T22/><AGARI ba="1,0" hai="2,7,9,15,16,22,70,71" m="49675,42569" machi="22" ten="30,7900,0" yaku="14,1,19,1,52,1,54,1" doraHai="17" who="0" fromWho="0" sc="242,82,381,-21,254,-21,123,-40" />
</Scene>
<Scene>
<INIT seed="4,0,0,0,1,36" ten="324,360,233,83" oya="0" hai0="37,30,74,25,16,38,27,2,93,77,90,92,102" hai1="76,54,6,57,31,124,135,10,64,132,103,26,96" hai2="116,130,80,122,133,131,109,52,110,4,19,21,11" hai3="7,128,53,39,101,0,43,70,114,58,51,17,126"/><T111/><D111/><N who="2" m="42506" /><F80/><W71/><G101/><T108/><D2/><N who="1" m="343" /><E124/><V121/><F52/><W62/><G17/><T49/><D108/><U3/><E3/><N who="2" m="415" /><F133/><N who="1" m="51273" /><E76/><V118/><F122/><W119/><G7/><T81/><D102/><U61/><E64/><V85/><F85/><W83/><G0/><T50/><D37/><U104/><E26/><N who="2" m="14655" /><F121/><W56/><G83/><T107/><D38/><U66/><E66/><V44/><F44/><N who="3" m="23679" /><G126/><T18/><D107/><U106/><E106/><V99/><F99/><W82/><G82/><T117/><D117/><AGARI ba="0,0" hai="116,117,118,130,131" m="14655,415,42506" machi="117" ten="30,3900,0" yaku="12,1,34,2" doraHai="36" who="2" fromWho="0" sc="324,-39,360,0,233,39,83,0" />
</Scene>
<Scene>
<INIT seed="5,0,0,0,0,89" ten="285,360,272,83" oya="1" hai0="121,18,82,88,124,113,71,13,11,122,70,106,62" hai1="131,114,7,53,55,9,120,99,73,27,112,49,108" hai2="60,24,119,56,74,115,40,93,64,21,96,20,109" hai3="0,107,47,38,87,79,34,59,72,30,39,52,28"/><U37/><E120/><N who="0" m="46185" /><D106/><U12/><E108/><V105/><F109/><W94/><G107/><T68/><D113/><N who="1" m="43627" /><E131/><V5/><F119/><W25/><G0/><T45/><D124/><U35/><E73/><V103/><F115/><W111/><G111/><T41/><D62/><U98/><E37/><V4/><F74/><W2/><G2/><T48/><D82/><U83/><E83/><V44/><F105/><W54/><G30/><T95/><D71/><U17/><E35/><V19/><REACH who="2" step="1"/><F21/><REACH who="2" ten="285,360,262,83" step="2"/><W58/><G72/><T8/><D8/><N who="1" m="6279" /><E27/><V86/><F86/><AGARI ba="0,1" hai="11,13,18,41,45,48,68,70,86,88,95" m="46185" machi="86" ten="30,3900,0" yaku="13,1,52,1,54,1" doraHai="89" who="0" fromWho="2" sc="285,49,360,0,262,-39,83,0" />
</Scene>
<Scene>
<INIT seed="6,0,0,0,5,68" ten="334,360,223,83" oya="2" hai0="102,54,127,3,114,1,85,9,78,91,63,65,57" hai1="25,47,21,69,92,35,2,31,93,33,90,87,51" hai2="43,17,48,108,118,115,131,36,74,133,86,81,6" hai3="134,13,45,79,130,123,71,38,125,53,40,109,88"/><V7/><F118/><W37/><G123/><T67/><D127/><U20/><E69/><V44/><F115/><W52/><G125/><T119/><D114/><U80/><E2/><V106/><F106/><W121/><G79/><T19/><D78/><U4/><E4/><V46/><F74/><W83/><G121/><T107/><D107/><U135/><E135/><V34/><F34/><W22/><G134/><T77/><D77/><U104/><E104/><V95/><F133/><W111/><G83/><T14/><D102/><U5/><E5/><V70/><F70/><W116/><G116/><T103/><D103/><U73/><E35/><V49/><F131/><W96/><G130/><T98/><D98/><U41/><REACH who="1" step="1"/><E73/><REACH who="1" ten="334,350,223,83" step="2"/><V112/><F112/><W76/><G71/><T50/><D119/><U42/><E42/><V28/><F6/><W97/><G111/><T132/><D132/><U11/><E11/><V0/><F108/><W26/><G109/><T55/><D1/><U29/><E29/><V18/><F28/><W12/><G22/><AGARI ba="0,1" hai="20,21,22,25,31,33,41,47,51,80,87,90,92,93" machi="22" ten="40,1300,0" yaku="1,1,53,0" doraHai="68" doraHaiUra="56" who="1" fromWho="3" sc="334,0,350,23,223,0,83,-13" />
</Scene>
<Scene>
<INIT seed="7,0,0,0,0,131" ten="334,373,223,70" oya="3" hai0="70,113,86,80,3,63,100,89,11,74,66,50,112" hai1="124,44,31,65,54,121,132,123,57,28,62,94,88" hai2="17,43,84,83,25,51,29,1,32,134,12,96,7" hai3="76,58,69,107,104,101,2,85,52,59,40,36,6"/><W10/><G69/><T110/><D110/><U67/><E124/><V103/><F134/><W75/><G101/><T41/><D100/><U120/><E132/><V48/><F43/><W73/><G85/><T13/><D3/><U115/><E115/><N who="0" m="44105" /><D41/><U37/><E37/><V5/><F5/><W127/><G127/><T128/><D50/><U23/><E23/><N who="2" m="11687" /><F83/><W133/><G133/><T71/><D128/><U98/><REACH who="1" step="1"/><E44/><REACH who="1" ten="334,363,223,70" step="2"/><V55/><F55/><W18/><G18/><N who="0" m="8511" /><D74/><U102/><E102/><V78/><F51/><W81/><G73/><T118/><D118/><U9/><E9/><V72/><F84/><W14/><G14/><T125/><D125/><U119/><E119/><V15/><F78/><W64/><G64/><AGARI ba="0,1" hai="28,31,54,57,62,64,65,67,88,94,98,120,121,123" machi="64" ten="40,8000,1" yaku="1,1,54,1,53,3" doraHai="131" doraHaiUra="117" who="1" fromWho="3" sc="334,0,363,90,223,0,70,-80" owari="334,13.0,453,56.0,223,-18.0,-10,-51.0" />
</Scene>
</mjloggm>