<mjloggm ver="2.3"><GO type="97"/><UN n0="%E2%80%BB%34%33%33%E2%80%BB" n1="%E5%A5%88%E8%89%AF%E5%A4%A7%E5%92%8C%28%5E%5E%29" n2="%6B%61%74%61%67%61%74%61" n3="%E5%A4%AA%E3%81%8F%E3%81%AA%E3%81%84%E3%81%8A" dan="15,14,14,15" rate="1952,1940,1896,2064" sx="M,M,M,M"/><TAIKYOKU oya="0"/>

<Scene>
<INIT seed="0,0,0,5,0,74" ten="250,250,250,250" oya="0" hai0="73,103,40,62,12,33,71,11,123,4,76,72,46" hai1="24,50,5,98,133,81,113,64,0,28,18,22,14" hai2="39,1,17,6,100,130,126,8,52,19,9,134,41" hai3="135,108,57,92,61,129,59,70,89,132,55,68,15"/><T25/><D123/><U128/><E64/><V122/><F122/><W66/><G108/><T90/><D103/><U20/><E20/><V54/><F126/><W102/><G102/><T10/><D90/><U105/><E113/><V60/><F130/><W96/><G129/><T45/><D45/><U23/><E105/><V58/><F134/><N who="3" m="51243" /><G15/><T85/><D11/><U35/><E133/><V67/><F9/><W13/><G13/><T109/><D109/><U38/><E38/><V121/><F121/><W117/><G117/><T78/><D73/><U3/><E50/><AGARI ba="0,0" hai="50,55,57,59,61,66,68,70,89,92,96" m="51243" machi="50" ten="30,1000,0" yaku="20,1" doraHai="74" who="3" fromWho="1" sc="250,0,250,-10,250,0,250,10" />
</Scene>
<Scene>
<INIT seed="1,0,0,5,5,108" ten="250,240,250,260" oya="1" hai0="133,31,120,60,123,127,33,3,50,73,24,104,16" hai1="65,129,91,62,21,132,76,99,26,57,45,4,79" hai2="37,121,8,77,105,10,44,93,72,98,95,7,42" hai3="66,109,20,17,80,18,12,71,14,27,81,38,30"/><U32/><E32/><V41/><F121/><W85/><G38/><T124/><D104/><U125/><E125/><N who="0" m="48201" /><D60/><U56/><E132/><V23/><F42/><W2/><G2/><T122/><D50/><U29/><E129/><V53/><F8/><W107/><G107/><T100/><D100/><U87/><E99/><V117/><F117/><W59/><G71/><T75/><D3/><U35/><E4/><V13/><F23/><N who="3" m="15743" /><G109/><T61/><D61/><U131/><E131/><V96/><F53/><W47/><G47/><T43/><D43/><U39/><E35/><V52/><F105/><W89/><G59/><T106/><D106/><U90/><E90/><N who="2" m="55351" /><F77/><W112/><G112/><T78/><D78/><U134/><E134/><V34/><F72/><N who="0" m="27722" /><D16/><U19/><E19/><V48/><F34/><W28/><G66/><T116/><D133/><U64/><E64/><V67/><F37/><W5/><G5/><T0/><D0/><U92/><REACH who="1" step="1"/><E57/><REACH who="1" ten="250,230,250,260" step="2"/><V113/><F67/><W84/><G28/><T94/><D116/><U128/><E128/><V119/><F119/><W15/><G18/><T88/><D123/><U103/><E103/><V54/><F113/><W111/><G111/><T126/><D126/><U115/><E115/><V36/><F36/><W22/><G17/><T9/><D9/><U118/><E118/><V69/><F69/><W86/><G89/><AGARI ba="0,1" hai="7,10,13,41,44,48,52,54,89,95,98" m="55351" machi="89" ten="30,2000,0" yaku="8,1,54,1" doraHai="108" who="2" fromWho="3" sc="250,0,230,0,250,30,260,-20" />
</Scene>
<Scene>
<INIT seed="2,0,0,5,4,76" ten="250,230,280,240" oya="2" hai0="89,81,70,10,110,80,6,42,77,129,26,96,69" hai1="57,93,14,130,88,56,7,118,22,68,28,83,79" hai2="134,107,60,3,54,47,48,52,55,35,108,115,29" hai3="4,30,97,114,63,74,13,1,112,51,61,105,82"/><V113/><F107/><W38/><G38/><T132/><D129/><U2/><E118/><V106/><F3/><W46/><G1/><T16/><D42/><U31/><E2/><V73/><F73/><W104/><G30/><N who="1" m="11306" /><E68/><V109/><F106/><N who="3" m="41067" /><G97/><T43/><D43/><U119/><E119/><V90/><F90/><W15/><G74/><T126/><D70/><U59/><E130/><V12/><F12/><N who="3" m="4683" /><G4/><T8/><D69/><U9/><E22/><V65/><F29/><W62/><G82/><T39/><D39/><U21/><E21/><V91/><F35/><W71/><G71/><T121/><D6/><U67/><E67/><V66/><F91/><W92/><G92/><T58/><D89/><U78/><E93/><V23/><F66/><W125/><G125/><T64/><D126/><U120/><E120/><V131/><F23/><W53/><G46/><T36/><D121/><U94/><E94/><V41/><F131/><W116/><G116/><T100/><D36/><U40/><E40/><V27/><F27/><W122/><G122/><T99/><D64/><U127/><E127/><V103/><F103/><W44/><G44/><T0/><D100/><U75/><E75/><V72/><F72/><W123/><G123/><T45/><D0/><U133/><E133/><V117/><F134/><W18/><G18/><T87/><D16/><U102/><E102/><V101/><F101/><W84/><G84/><AGARI ba="0,0" hai="7,9,14,56,57,59,78,79,83,84,88" m="11306" machi="84" ten="30,3900,0" yaku="8,1,52,1,54,1" doraHai="76" who="1" fromWho="3" sc="250,0,230,39,280,0,240,-39" />
</Scene>
<Scene>
<INIT seed="3,0,0,3,0,93" ten="250,269,280,201" oya="3" hai0="120,135,75,81,118,50,66,3,29,112,100,114,37" hai1="16,31,126,78,119,67,9,30,21,59,53,48,61" hai2="92,88,125,12,4,40,123,85,89,36,101,63,27" hai3="71,49,113,62,84,25,54,2,94,60,105,108,87"/><W8/><G113/><T134/><D3/><U132/><E126/><V73/><F125/><W110/><G105/><T128/><D66/><U52/><E132/><N who="0" m="50729" /><D50/><U104/><E104/><V26/><F101/><W33/><G2/><T65/><D65/><U74/><E119/><V90/><F73/><W127/><G127/><T46/><D29/><N who="1" m="10763" /><E74/><V102/><F123/><W57/><G33/><T24/><D100/><U55/><E78/><V70/><F40/><W86/><G25/><N who="2" m="9225" /><F36/><W109/><G8/><T131/><D24/><N who="1" m="14375" /><E9/><N who="2" m="4135" /><F70/><W13/><G13/><T17/><D17/><U82/><E82/><N who="2" m="49207" /><F63/><N who="3" m="24107" /><G71/><T38/><D120/><U35/><E35/><V91/><F102/><W18/><G18/><T5/><D118/><U69/><E69/><V107/><F107/><W124/><G124/><T28/><D5/><U68/><E68/><V72/><F72/><W45/><G94/><AGARI ba="0,0" hai="89,90,91,92,94" m="49207,4135,9225" machi="94" ten="30,2000,0" yaku="8,1,54,1" doraHai="93" who="2" fromWho="3" sc="250,0,269,0,280,20,201,-20" owari="250,-15.0,269,7.0,300,40.0,181,-32.0" />
</Scene>
</mjloggm>