<mjloggm ver="2.3"><GO type="169"/><UN n0="%E3%81%84%E3%81%A1%E3%81%8B%E3%82%8F%E2%99%AA" n1="%E5%A4%AA%E3%81%8F%E3%81%AA%E3%81%84%E3%81%8A" n2="%E3%83%8F%E3%83%94%E3%83%8A%E5%90%8D%E6%8E%9B%E4%B8%81" n3="%E6%94%AF%E5%80%89%E6%9B%9C%E5%AD%90" dan="16,18,16,16" rate="2106,2164,2082,2034" sx="M,M,M,F"/><TAIKYOKU oya="0"/>

<Scene>
<INIT seed="0,0,0,0,3,12" ten="250,250,250,250" oya="0" hai0="117,42,83,14,48,127,5,26,88,122,50,81,53" hai1="9,130,76,133,112,109,124,36,62,13,65,59,92" hai2="17,15,34,44,123,67,56,37,125,6,121,95,19" hai3="32,51,77,30,70,111,89,22,99,116,33,135,101"/><T80/><D127/><U105/><E105/><V31/><F125/><W38/><G116/><T60/><D117/><U98/><E124/><V3/><F3/><W66/><G38/><T4/><D60/><U128/><E36/><V71/><F71/><W16/><G89/><T7/><D42/><U132/><E76/><V74/><F74/><W0/><G0/><T18/><D26/><U115/><E109/><V54/><F67/><W1/><G1/><T46/><D48/><U45/><E45/><V131/><F131/><N who="1" m="50217" /><E92/><V86/><F31/><W35/><G77/><T58/><D58/><U79/><E98/><V49/><F34/><W61/><G51/><T23/><D122/><U94/><E94/><V93/><F121/><W78/><G78/><T102/><D102/><U100/><E100/><V110/><F123/><W10/><G111/><T40/><D40/><U73/><E79/><V8/><F110/><W85/><G85/><AGARI ba="0,0" hai="4,5,7,14,18,23,46,50,53,80,81,83,85,88" machi="85" ten="40,7700,0" yaku="8,1,52,1,54,1" doraHai="12" who="0" fromWho="3" sc="250,77,250,0,250,0,250,-77" />
</Scene>
<Scene>
<INIT seed="0,1,0,5,0,87" ten="327,250,250,173" oya="0" hai0="15,74,49,69,125,58,76,5,128,31,54,114,84" hai1="107,60,101,94,131,79,32,77,56,129,113,4,73" hai2="104,120,26,90,1,36,85,89,95,122,135,19,30" hai3="63,50,13,51,130,66,123,43,52,98,134,65,8"/><T127/><D69/><U93/><E32/><V81/><F104/><W6/><G134/><T67/><D58/><U111/><E111/><V24/><F135/><W118/><G118/><T133/><D67/><N who="3" m="25609" /><G130/><N who="1" m="49674" /><E113/><V72/><F36/><W108/><G108/><T16/><D74/><U33/><E33/><V57/><F1/><W38/><G38/><T100/><D5/><U96/><E4/><V102/><F102/><W105/><G105/><T91/><D31/><U53/><E73/><V88/><F57/><N who="3" m="35239" /><G123/><T71/><D76/><AGARI ba="1,0" hai="53,56,60,76,77,79,93,94,96,101,107" m="49674" machi="76" ten="30,1000,0" yaku="19,1" doraHai="87" who="1" fromWho="0" sc="327,-13,250,13,250,0,173,0" />
</Scene>
<Scene>
<INIT seed="1,0,0,2,3,31" ten="314,263,250,173" oya="1" hai0="107,67,76,30,62,115,52,7,134,117,13,116,75" hai1="132,126,24,109,124,100,73,55,44,113,17,122,8" hai2="63,11,23,9,99,129,86,127,91,50,112,2,27" hai3="118,80,43,68,14,37,36,35,72,26,108,47,33"/><U20/><E122/><V51/><F127/><N who="1" m="48681" /><E113/><V119/><F129/><W41/><G108/><T97/><D115/><U32/><E73/><V60/><F112/><W59/><G118/><T45/><D134/><U64/><E132/><V1/><F99/><W84/><G68/><T83/><D30/><N who="1" m="19527" /><E109/><V22/><F27/><W120/><G120/><T65/><D116/><U54/><E64/><V88/><REACH who="2" step="1"/><F86/><REACH who="2" ten="314,263,240,173" step="2"/><W92/><G84/><T95/><D117/><AGARI ba="0,1" hai="1,2,9,11,22,23,50,51,60,63,88,91,117,119" machi="117" ten="25,8000,1" yaku="1,1,2,1,22,2,54,1,53,0" doraHai="31" doraHaiUra="135" who="2" fromWho="0" sc="314,-80,263,0,240,90,173,0" />
</Scene>
<Scene>
<INIT seed="2,0,0,5,1,72" ten="234,263,330,173" oya="2" hai0="47,127,63,42,54,115,44,98,111,11,75,29,77" hai1="124,10,19,51,4,58,88,8,82,61,128,64,62" hai2="121,130,13,23,92,36,87,53,95,93,110,28,80" hai3="101,43,125,108,9,81,69,5,34,118,109,122,50"/><V120/><F130/><W6/><G118/><T31/><D115/><U59/><E124/><V73/><F110/><N who="3" m="42603" /><G122/><T30/><D111/><U24/><E128/><V46/><F73/><W52/><G69/><T99/><D127/><U133/><E133/><V103/><F103/><W123/><G123/><T86/><D75/><U132/><E51/><V38/><F38/><W85/><G125/><T55/><D11/><U71/><E132/><V105/><F105/><W129/><G129/><T40/><D63/><U14/><E62/><V67/><F67/><W100/><G34/><T113/><D29/><U112/><E112/><V49/><F36/><W21/><G21/><T2/><D2/><U119/><E119/><V0/><F0/><N who="3" m="167" /><G43/><T20/><D20/><U74/><E24/><V18/><REACH who="2" step="1"/><F28/><REACH who="2" ten="234,263,320,173" step="2"/><W94/><G100/><T35/><D113/><U84/><E74/><V68/><F68/><W102/><G101/><T33/><D86/><U66/><E64/><V106/><F106/><W89/><G102/><T60/><D60/><U70/><E71/><V56/><F56/><N who="3" m="32791" /><G6/><T17/><REACH who="0" step="1"/><D17/><REACH who="0" ten="224,263,320,173" step="2"/><U83/><E19/><V91/><AGARI ba="0,2" hai="13,18,23,46,49,53,80,87,91,92,93,95,120,121" machi="91" ten="30,6000,0" yaku="1,1,0,1,53,1" doraHai="72" doraHaiUra="45" who="2" fromWho="2" sc="224,-20,263,-20,320,80,173,-20" />
</Scene>
<Scene>
<INIT seed="2,1,0,3,0,76" ten="204,243,400,153" oya="2" hai0="128,34,96,38,123,69,64,28,77,102,62,124,86" hai1="40,61,94,66,21,6,103,101,73,132,65,130,88" hai2="135,93,110,44,115,24,84,74,82,14,85,20,118" hai3="9,113,3,26,22,59,17,106,87,18,90,48,25"/><V37/><F115/><W11/><G113/><T129/><D124/><U78/><E132/><V119/><F135/><W33/><G106/><N who="0" m="63815" /><D38/><U60/><E130/><N who="0" m="50281" /><D86/><U98/><E40/><V32/><F32/><W43/><G3/><T19/><D19/><U46/><E6/><V100/><F14/><W57/><G33/><T111/><D77/><U109/><E109/><V105/><F84/><W81/><G25/><N who="0" m="18703" /><D123/><U67/><E46/><V23/><F85/><W127/><G127/><T15/><D15/><U75/><E21/><V7/><F44/><N who="3" m="25631" /><G17/><T47/><D47/><U122/><E122/><V55/><F37/><W120/><G120/><T41/><D41/><U72/><REACH who="1" step="1"/><E78/><REACH who="1" ten="204,233,400,153" step="2"/><V54/><F119/><W97/><G11/><T121/><D121/><U30/><E30/><V131/><F118/><W27/><G9/><T63/><D111/><U79/><E79/><V68/><F110/><W42/><G42/><T99/><D99/><U114/><E114/><V104/><F131/><W117/><G117/><T83/><D83/><U50/><E50/><V4/><F82/><W8/><G8/><T116/><D116/><U56/><E56/><V107/><F20/><N who="3" m="13591" /><G97/><T52/><D63/><AGARI ba="1,1" hai="60,61,63,65,66,67,72,73,75,88,94,98,101,103" machi="63" ten="50,3200,0" yaku="1,1,54,1,53,0" doraHai="76" doraHaiUra="112" who="1" fromWho="0" sc="204,-35,233,45,400,0,153,0" />
</Scene>
<Scene>
<INIT seed="3,0,0,4,3,107" ten="169,278,400,153" oya="3" hai0="110,84,70,127,14,2,120,56,15,9,21,78,60" hai1="31,28,0,90,94,43,41,16,10,105,115,128,83" hai2="73,96,124,37,36,118,17,5,44,72,111,71,80" hai3="91,51,22,8,130,121,1,68,116,89,45,133,92"/><W23/><G121/><T58/><D58/><U39/><E105/><V48/><F118/><W11/><G116/><T52/><D70/><U81/><E115/><V46/><F71/><W114/><G114/><T7/><D127/><U104/><E104/><V97/><F5/><W62/><G130/><T66/><D110/><U123/><E123/><V108/><F17/><W79/><G133/><T35/><D35/><U109/><E109/><N who="2" m="42059" /><F124/><W32/><G32/><T61/><D120/><U29/><E128/><V74/><F80/><N who="1" m="30793" /><E39/><N who="2" m="14923" /><F46/><W53/><G79/><T129/><D129/><U95/><E0/><V113/><F113/><W59/><G68/><T117/><D117/><U67/><E67/><V3/><F3/><W64/><G89/><T54/><D2/><U98/><E94/><V26/><F26/><W82/><G82/><N who="0" m="47191" /><D61/><U77/><E77/><V38/><F38/><W6/><REACH who="3" step="1"/><G11/><REACH who="3" ten="169,278,400,143" step="2"/><T106/><D9/><U30/><E10/><V100/><F100/><W40/><G40/><AGARI ba="0,1" hai="40,44,48,72,73,74,96,97" m="14923,42059" machi="40" ten="40,8000,1" yaku="14,1,52,3" doraHai="107" who="2" fromWho="3" sc="169,0,278,0,400,90,143,-80" />
</Scene>
<Scene>
<INIT seed="4,0,0,4,1,13" ten="169,278,490,63" oya="0" hai0="5,72,93,37,92,84,2,16,78,15,125,66,63" hai1="73,130,24,26,75,18,116,28,128,101,129,43,86" hai2="59,110,89,62,105,87,51,6,100,135,25,48,45" hai3="91,121,133,103,39,70,79,94,57,40,50,111,123"/><T65/><D37/><U64/><E116/><V77/><F110/><W52/><G111/><T117/><D125/><U109/><E109/><V31/><F6/><W67/><G133/><T98/><D72/><N who="1" m="27723" /><E101/><V20/><F77/><W4/><G103/><N who="0" m="60871" /><D2/><U82/><E64/><V30/><F135/><W7/><G79/><T58/><D5/><U55/><E43/><V42/><F100/><W12/><G12/><T46/><D46/><U113/><E113/><V11/><F11/><W90/><G4/><T49/><D49/><U104/><E104/><V131/><F105/><W8/><G7/><T99/><D117/><U88/><E55/><N who="2" m="34175" /><F51/><W29/><G8/><N who="0" m="6247" /><D84/><U34/><E26/><V32/><F25/><W3/><G3/><T27/><D27/><U81/><E18/><V1/><F48/><W96/><G29/><T124/><D124/><U114/><E114/><V44/><F45/><N who="3" m="23711" /><G121/><T23/><D23/><U60/><E60/><V22/><F31/><W74/><G123/><T80/><D80/><AGARI ba="0,0" hai="24,28,34,80,81,82,86,88,128,129,130" m="27723" machi="80" ten="40,2600,0" yaku="19,1,54,1" doraHai="13" who="1" fromWho="0" sc="169,-26,278,26,490,0,63,0" />
</Scene>
<Scene>
<INIT seed="5,0,0,2,4,71" ten="143,304,490,63" oya="1" hai0="60,25,24,75,118,34,1,90,131,57,76,96,79" hai1="93,3,62,10,5,19,46,53,83,13,125,102,42" hai2="108,38,43,40,87,119,39,97,116,9,127,68,77" hai3="20,126,31,51,123,65,128,23,84,32,70,49,91"/><U12/><E125/><V89/><F68/><W59/><G123/><T73/><D1/><U18/><E83/><V58/><F108/><W112/><G126/><T52/><D131/><U55/><E3/><V100/><F127/><W41/><G128/><T15/><D118/><U2/><E2/><V72/><F58/><W86/><G112/><T56/><D34/><U94/><E5/><V8/><F77/><N who="0" m="29770" /><D73/><U22/><E62/><V14/><F72/><W135/><G70/><T106/><D106/><U37/><REACH who="1" step="1"/><E102/><REACH who="1" ten="143,294,490,63" step="2"/><V6/><F100/><W98/><G135/><T4/><D4/><U133/><E133/><V44/><F6/><W26/><G91/><T67/><D75/><U110/><E110/><V45/><F89/><W61/><G61/><N who="0" m="35975" /><D15/><U47/><E47/><V99/><F14/><W95/><G26/><T11/><D11/><U35/><E35/><V134/><F134/><W122/><G32/><T104/><D104/><U50/><E50/><V33/><F33/><W64/><G51/><T17/><D24/><U132/><E132/><V109/><F109/><W92/><G49/><T115/><D115/><U117/><E117/><V130/><F130/><W78/><G122/><T74/><D74/><U101/><E101/><V69/><F119/><W28/><G20/><N who="0" m="13455" /><D90/><U80/><E80/><V124/><F116/><W16/><G23/><T27/><D27/><U54/><AGARI ba="0,1" hai="10,12,13,18,19,22,37,42,46,53,54,55,93,94" machi="54" ten="30,6000,0" yaku="1,1,0,1,52,1,53,0" doraHai="71" doraHaiUra="29" who="1" fromWho="1" sc="143,-20,294,70,490,-20,63,-20" />
</Scene>
<Scene>
<INIT seed="5,1,0,4,4,107" ten="123,364,470,43" oya="1" hai0="7,50,44,6,70,131,60,112,19,47,41,108,120" hai1="95,92,10,109,63,86,59,73,82,115,79,101,13" hai2="33,124,1,3,113,100,114,118,8,54,126,30,116" hai3="78,27,76,85,117,51,46,2,89,28,42,18,35"/><U40/><E115/><N who="2" m="44043" /><F100/><W74/><G117/><N who="2" m="45161" /><F54/><W32/><G32/><T97/><D120/><U65/><E109/><V121/><F121/><W110/><G110/><T94/><D131/><U119/><E119/><V91/><F91/><W87/><G2/><N who="2" m="521" /><F8/><W45/><G85/><T68/><D108/><U15/><E40/><V23/><F23/><W133/><G89/><T67/><D112/><U39/><E39/><V25/><AGARI ba="1,0" hai="25,30,33,124,126" m="521,45161,44043" machi="25" ten="40,8000,1" yaku="15,1,11,1,23,1,34,2" doraHai="107" who="2" fromWho="2" sc="123,-21,364,-41,470,83,43,-21" />
</Scene>
<Scene>
<INIT seed="6,0,0,2,5,7" ten="102,323,553,22" oya="2" hai0="48,123,52,127,19,68,56,25,63,11,3,49,77" hai1="132,109,90,100,50,51,66,130,39,131,46,27,95" hai2="108,47,4,54,10,31,6,57,30,35,1,71,110" hai3="105,74,64,91,80,111,75,134,45,22,67,122,119"/><V103/><F71/><W73/><G119/><T87/><D127/><U125/><E109/><N who="2" m="42091" /><F47/><W14/><G111/><T84/><D123/><U93/><E125/><V133/><F103/><W94/><G122/><T28/><D68/><U41/><E132/><V15/><F133/><W42/><G134/><T34/><D77/><U121/><E121/><V85/><F85/><W38/><G105/><T129/><D129/><N who="1" m="49163" /><E66/><V78/><F78/><W65/><G80/><T24/><D24/><U102/><E27/><V33/><F15/><W37/><G37/><T5/><D19/><U88/><E102/><V126/><F6/><W17/><REACH who="3" step="1"/><G67/><REACH who="3" ten="102,323,553,12" step="2"/><T8/><D49/><U104/><E104/><V96/><F126/><W118/><G118/><T106/><D48/><U89/><E93/><V79/><F33/><W112/><G112/><T58/><D106/><U32/><E32/><V2/><F35/><W83/><G83/><T86/><D63/><U16/><E39/><V98/><F79/><W62/><G62/><T114/><D114/><U43/><E51/><N who="2" m="30943" /><F2/><W21/><G21/><T115/><D34/><U20/><E50/><V124/><F124/><W59/><G59/><T69/><D56/><U99/><E46/><V92/><F92/><W26/><G26/><T0/><D115/><U36/><E36/><V23/><F23/><W82/><G82/><T81/><D81/><U53/><E20/><V18/><F1/><W29/><G29/><T107/><D107/><U55/><E95/><V76/><F30/><W97/><AGARI ba="0,1" hai="14,17,22,38,42,45,64,65,73,74,75,91,94,97" machi="97" ten="30,4000,0" yaku="1,1,0,1,53,1" doraHai="7" doraHaiUra="9" who="3" fromWho="3" sc="102,-10,323,-10,553,-20,12,50" />
</Scene>
<Scene>
<INIT seed="7,0,0,2,2,87" ten="92,313,533,62" oya="3" hai0="36,120,53,49,114,72,84,45,128,85,96,88,47" hai1="4,106,121,9,10,71,91,38,35,109,41,76,118" hai2="57,63,30,127,89,92,24,110,133,134,116,52,0" hai3="43,108,31,75,129,18,55,39,1,64,59,40,22"/><W62/><G75/><T58/><D72/><U66/><E91/><V90/><F110/><W70/><G108/><T21/><D120/><U56/><E56/><V26/><F116/><W81/><G129/><T3/><D3/><U68/><E10/><V17/><F0/><W117/><G117/><T33/><D33/><U80/><E9/><V131/><F131/><W124/><G1/><T111/><D111/><U60/><E80/><V113/><F113/><W51/><G124/><T32/><D32/><U15/><E15/><V102/><F127/><W19/><G81/><N who="0" m="49167" /><D36/><U44/><E76/><V82/><F82/><W77/><G77/><T2/><D2/><U8/><E8/><V7/><F7/><W27/><REACH who="3" step="1"/><G40/><REACH who="3" ten="92,313,533,52" step="2"/><T112/><D128/><U99/><E109/><V14/><F134/><W103/><G103/><T42/><D42/><U5/><E118/><V93/><F133/><W61/><G61/><T122/><D122/><U79/><E121/><V65/><F102/><W67/><G67/><T115/><D85/><U86/><E86/><N who="2" m="52279" /><F65/><W98/><G98/><T78/><D96/><U83/><E99/><N who="2" m="57783" /><F30/><W107/><G107/><T125/><D78/><U105/><E105/><V23/><AGARI ba="0,1" hai="14,17,23,24,26,52,57,63" m="57783,52279" machi="23" ten="30,7900,0" yaku="8,1,52,2,54,1" doraHai="87" who="2" fromWho="2" sc="92,-20,313,-20,533,89,52,-39" owari="72,-33.0,293,9.0,622,73.0,13,-49.0" />
</Scene>
</mjloggm>