<mjloggm ver="2.3"><GO type="169" lobby="0"/><UN n0="%E5%A4%AA%E3%81%8F%E3%81%AA%E3%81%84%E3%81%8A" n1="%7A%65%72%6F%52%58" n2="%E3%81%82%E3%82%8A%E3%81%8A%E3%81%A8" n3="%E3%81%A0%E3%81%84%E3%81%A0%E3%81%84" dan="17,17,17,17" rate="2168,2149,2135,2085" sx="M,M,M,M"/><TAIKYOKU oya="0"/>

<Scene>
<INIT seed="0,0,0,1,4,77" ten="250,250,250,250" oya="0" hai0="120,114,12,15,118,64,87,9,23,52,13,60,135" hai1="71,104,123,94,63,130,81,92,54,121,38,73,90" hai2="47,66,14,57,127,85,49,7,65,108,86,80,55" hai3="22,21,28,62,132,89,20,125,19,53,79,97,11"/><T76/><D120/><U29/><E104/><V128/><F108/><W51/><G125/><T116/><D114/><U32/><E38/><V69/><F127/><W61/><G79/><T78/><D135/><U134/><E134/><V30/><F69/><W41/><G41/><T110/><D110/><U48/><E130/><V4/><F128/><W105/><G132/><T126/><D126/><U2/><E2/><V122/><F30/><W106/><G28/><T45/><D23/><U35/><E92/><V103/><F103/><W58/><G11/><T113/><D113/><U42/><E42/><V5/><F122/><W25/><G105/><T24/><D24/><U1/><E1/><V34/><F34/><W74/><G74/><T102/><D102/><U95/><E95/><V124/><F86/><W37/><G37/><T26/><D26/><U119/><E119/><V56/><F14/><W109/><G106/><T93/><D9/><U67/><E35/><V111/><F111/><W50/><G109/><T36/><D36/><U68/><E68/><V0/><F0/><W82/><G25/><T101/><D118/><U131/><E29/><V44/><F124/><W33/><G33/><T129/><D129/><U133/><E32/><V112/><F112/><W8/><G97/><N who="0" m="59567" /><D116/><U43/><E131/><V117/><F117/><W31/><G31/><T100/><D100/><U91/><E133/><V72/><F72/><W75/><G75/><T3/><D3/><U115/><E123/><V10/><F10/><W59/><G8/><T39/><D39/><U99/><E121/><V40/><F40/><RYUUKYOKU ba="0,0" sc="250,0,250,0,250,0,250,0" />
</Scene>
<Scene>
<INIT seed="1,1,0,0,0,119" ten="250,250,250,250" oya="1" hai0="113,63,65,4,121,109,82,110,43,118,19,8,120" hai1="84,15,60,34,85,104,66,25,39,52,31,86,98" hai2="64,44,123,79,107,94,62,18,130,103,127,70,3" hai3="72,101,30,28,17,55,27,129,95,69,89,131,114"/><U83/><E39/><V22/><F107/><W47/><G69/><N who="0" m="42175" /><D43/><U124/><E124/><V112/><F127/><W54/><G72/><T32/><D32/><U59/><E15/><V87/><F3/><W41/><G101/><T132/><D118/><U56/><E104/><V13/><F130/><N who="3" m="49675" /><G17/><T90/><D19/><U51/><REACH who="1" step="1"/><E98/><REACH who="1" ten="250,240,250,250" step="2"/><V50/><F112/><W102/><G114/><T125/><D125/><U2/><E2/><V9/><F103/><W12/><G12/><N who="0" m="5127" /><D113/><U16/><E16/><V105/><F105/><W116/><G116/><T23/><D132/><U7/><E7/><V40/><F9/><W126/><G126/><T81/><D110/><U75/><E75/><V96/><F13/><W57/><G102/><T1/><D1/><U100/><E100/><V93/><F18/><W73/><G73/><T99/><D109/><U74/><E74/><V67/><F70/><W46/><G27/><T71/><D71/><U111/><E111/><V24/><F24/><W14/><G14/><T117/><D117/><U0/><E0/><V38/><F38/><W6/><G6/><T91/><D99/><U33/><E33/><V35/><F96/><W48/><G30/><T92/><D23/><U97/><E97/><V36/><F22/><W21/><G21/><T11/><D11/><U20/><E20/><V108/><F35/><W61/><G28/><T80/><D92/><U76/><AGARI ba="1,1" hai="25,31,34,51,52,56,59,60,66,76,83,84,85,86" machi="76" ten="20,7800,0" yaku="1,1,0,1,7,1,54,1,53,0" doraHai="119" doraHaiUra="5" who="1" fromWho="1" sc="250,-27,240,91,250,-27,250,-27" />
</Scene>
<Scene>
<INIT seed="1,2,0,1,0,74" ten="223,331,223,223" oya="1" hai0="60,66,38,121,77,131,123,67,72,20,101,104,119" hai1="6,26,8,135,37,79,114,21,55,39,107,25,120" hai2="30,118,34,134,31,105,78,28,36,85,90,128,53" hai3="47,94,99,71,109,126,23,24,127,122,13,68,82"/><U3/><E120/><N who="0" m="46153" /><D119/><U46/><E114/><V4/><F118/><W83/><G122/><T48/><D38/><U76/><E107/><V75/><F34/><W40/><G13/><T80/><D131/><U5/><E5/><V69/><F69/><W92/><G109/><T132/><D132/><U18/><E135/><V22/><F134/><W88/><G68/><N who="0" m="42055" /><D67/><U29/><E39/><V65/><F65/><W7/><G71/><T73/><D48/><U63/><E63/><V15/><F36/><W1/><G1/><T0/><D0/><U91/><E91/><V2/><F2/><W17/><G7/><T50/><D50/><U58/><E58/><V35/><F35/><W108/><G108/><T61/><D61/><U81/><E81/><V42/><F105/><W70/><G70/><T113/><D113/><U102/><E102/><V12/><F4/><W106/><G106/><T86/><D20/><U87/><E87/><V10/><F22/><W33/><G33/><T115/><D115/><U97/><E97/><AGARI ba="2,0" hai="72,73,77,80,86,97,101,104" m="42055,46153" machi="97" ten="30,2000,0" yaku="13,1,52,1" doraHai="74" who="0" fromWho="1" sc="223,26,331,-26,223,0,223,0" />
</Scene>
<Scene>
<INIT seed="2,0,0,0,0,47" ten="249,305,223,223" oya="2" hai0="90,133,17,36,40,15,8,121,24,86,62,119,118" hai1="127,117,1,7,73,110,82,50,129,135,11,84,79" hai2="6,103,75,14,100,107,32,43,87,35,44,26,39" hai3="134,71,68,52,77,91,51,112,72,88,37,89,95"/><V5/><F75/><W38/><G134/><T132/><D121/><U105/><E117/><N who="0" m="44553" /><D62/><U97/><E135/><N who="0" m="51785" /><D24/><U2/><E110/><V96/><F103/><W104/><G104/><T33/><D33/><U58/><E129/><V122/><F122/><W56/><G112/><T131/><D131/><U45/><E127/><V10/><F5/><W28/><G28/><T80/><D40/><U0/><E58/><V55/><F26/><W94/><G94/><T67/><D67/><U70/><E70/><V31/><F31/><W64/><G95/><T23/><D36/><U101/><REACH who="1" step="1"/><E73/><REACH who="1" ten="249,295,223,223" step="2"/><V114/><F114/><W27/><G71/><T113/><D113/><U83/><E83/><V123/><F123/><W111/><G111/><T78/><D8/><U108/><E108/><V57/><REACH who="2" step="1"/><F87/><REACH who="2" ten="249,295,213,223" step="2"/><W3/><G72/><T74/><D74/><U60/><E60/><AGARI ba="0,2" hai="6,10,14,32,35,39,43,44,55,57,60,96,100,107" machi="60" ten="30,12000,1" yaku="1,1,2,1,7,1,53,2" doraHai="47" doraHaiUra="30" who="2" fromWho="1" sc="249,0,295,-120,213,140,223,0" />
</Scene>
<Scene>
<INIT seed="2,1,0,2,3,6" ten="249,175,353,223" oya="2" hai0="130,135,53,105,91,123,28,103,21,16,8,0,89" hai1="41,118,87,33,104,124,134,45,74,40,63,69,78" hai2="96,9,110,106,133,46,58,67,95,109,68,114,113" hai3="93,55,30,48,66,43,77,88,125,37,13,56,71"/><V26/><F106/><W18/><G30/><T49/><D123/><U44/><E87/><V83/><F68/><W86/><G125/><T82/><D130/><U85/><E85/><V32/><F83/><W3/><G3/><T59/><D135/><U11/><E104/><V108/><F133/><W80/><G71/><T81/><D28/><U52/><E33/><V42/><F26/><W19/><G66/><T25/><D103/><U35/><E35/><V2/><F32/><W62/><G37/><T127/><D105/><U60/><E134/><V129/><F129/><W128/><G128/><T100/><D100/><U72/><E69/><V132/><F132/><W115/><G115/><T111/><D127/><U79/><E124/><V112/><F67/><W34/><G34/><T7/><REACH who="0" step="1"/><D111/><REACH who="0" ten="239,175,353,223" step="2"/><U65/><E118/><V14/><F2/><W92/><G77/><T10/><D10/><U76/><E72/><V27/><F27/><W47/><REACH who="3" step="1"/><G19/><REACH who="3" ten="239,175,353,213" step="2"/><T17/><D17/><U54/><E74/><V122/><F122/><W31/><G31/><T12/><D12/><U117/><E78/><V94/><F114/><W116/><G116/><T50/><D50/><U4/><E117/><V38/><F113/><W70/><G70/><T23/><D23/><AGARI ba="1,2" hai="13,18,23,43,47,48,55,56,62,80,86,88,92,93" machi="23" ten="30,7700,0" yaku="1,1,7,1,8,1,54,1,53,0" doraHai="6" doraHaiUra="107" who="3" fromWho="0" sc="239,-80,175,0,353,0,213,100" />
</Scene>
<Scene>
<INIT seed="3,0,0,5,3,101" ten="159,175,353,313" oya="3" hai0="4,70,31,69,124,35,10,106,71,132,92,34,61" hai1="93,76,53,66,80,88,78,38,82,27,41,79,90" hai2="107,20,122,48,77,65,0,16,81,125,32,133,95" hai3="55,30,63,94,17,46,59,74,113,64,114,83,26"/><W45/><G17/><T3/><D124/><U97/><E38/><V91/><F125/><W52/><G113/><T25/><D132/><U84/><E41/><V86/><F32/><W109/><G114/><T62/><D35/><U1/><E1/><V129/><F0/><W126/><G126/><T108/><D108/><U111/><E66/><V135/><F129/><W68/><G109/><T29/><D29/><U18/><E53/><V24/><F65/><W128/><G128/><T127/><D127/><U21/><REACH who="1" step="1"/><E111/><REACH who="1" ten="159,165,353,313" step="2"/><V57/><F122/><W39/><G55/><T50/><D50/><U119/><E119/><V130/><F130/><W40/><G39/><T51/><D51/><U47/><E47/><V121/><F121/><W22/><G40/><T44/><D44/><U89/><E89/><V118/><F118/><W120/><G120/><T87/><D62/><U42/><E42/><V37/><F37/><W7/><G46/><T115/><D115/><U49/><E49/><V33/><F48/><W36/><G36/><T116/><D116/><U102/><E102/><V23/><F91/><W110/><G45/><T104/><D61/><U100/><E100/><V13/><F133/><W72/><G110/><T73/><D3/><U15/><E15/><V123/><F13/><W9/><G64/><T98/><D71/><U99/><E99/><V85/><F135/><W43/><G68/><T103/><D70/><U56/><E56/><V96/><F57/><W8/><G43/><T54/><D69/><U19/><E19/><V58/><F58/><W14/><G59/><T105/><D54/><RYUUKYOKU ba="0,1" sc="159,-10,165,30,353,-10,313,-10" hai1="18,21,27,76,78,79,80,82,84,88,90,93,97" />
</Scene>
<Scene>
<INIT seed="4,1,1,5,4,17" ten="149,195,343,303" oya="0" hai0="94,6,41,89,117,74,83,36,105,131,11,113,70" hai1="33,54,133,10,23,56,107,27,86,21,19,79,87" hai2="78,9,51,52,50,132,97,91,114,3,73,90,134" hai3="43,7,24,77,46,104,61,18,48,31,0,110,128"/><T101/><D117/><U119/><E119/><V40/><F40/><W96/><G110/><T99/><D70/><U26/><E33/><V58/><F114/><W29/><G77/><N who="0" m="44471" /><D113/><U66/><E107/><V2/><F51/><W135/><G128/><T63/><D63/><N who="1" m="38247" /><E133/><N who="2" m="51307" /><F9/><W76/><G76/><T53/><D53/><U25/><E79/><V98/><F78/><W125/><G43/><T71/><D71/><U115/><E115/><V116/><F73/><W45/><G61/><T129/><D41/><U67/><E67/><V112/><F112/><W44/><G48/><T49/><D49/><U127/><E127/><V60/><F60/><W100/><G125/><T20/><D36/><U55/><E10/><V8/><F8/><W68/><G68/><T123/><D123/><U69/><E69/><V5/><F5/><W111/><G7/><T109/><D109/><U30/><E26/><V75/><F75/><W120/><G111/><T62/><D62/><U1/><E1/><N who="2" m="11" /><F116/><W42/><G0/><T4/><D11/><U126/><E126/><V13/><F13/><W14/><G135/><T95/><D4/><U65/><E65/><V57/><F57/><W93/><G42/><T102/><D6/><U124/><E124/><V34/><F34/><W15/><G15/><T103/><D105/><U82/><E82/><V38/><F38/><W118/><G104/><T64/><D64/><U37/><E37/><V80/><F80/><W72/><G118/><T59/><D59/><U16/><E30/><V39/><F39/><W81/><G29/><T85/><D20/><U108/><E108/><RYUUKYOKU ba="1,1" sc="149,10,195,10,343,10,303,-30" hai0="85,89,94,95,99,101,102,103,129,131" hai1="16,19,21,23,25,27,54,55,86,87" hai2="50,52,58,90,91,97,98" />
</Scene>
<Scene>
<INIT seed="4,2,1,3,4,93" ten="159,205,353,273" oya="0" hai0="132,97,36,55,49,43,24,29,111,52,88,99,0" hai1="135,112,3,115,104,37,17,27,71,106,56,10,32" hai2="117,131,41,128,69,101,92,80,98,50,68,65,78" hai3="16,96,66,23,19,90,54,61,21,6,48,110,62"/><T45/><D0/><U75/><E71/><V51/><F117/><W102/><G6/><T94/><D132/><U77/><E37/><V119/><F119/><W30/><G90/><T20/><D111/><U44/><E135/><V59/><F41/><W108/><G108/><T14/><D14/><N who="1" m="7383" /><E3/><V67/><F67/><W85/><G85/><N who="0" m="52495" /><D36/><U63/><E44/><V47/><F47/><W5/><G5/><T28/><D28/><N who="1" m="19487" /><E77/><V15/><F15/><W124/><G30/><T70/><D70/><U34/><E75/><V11/><F11/><W25/><G110/><T83/><D83/><U46/><E46/><V39/><F39/><W12/><G66/><T31/><D31/><U87/><E87/><V74/><F51/><W114/><G62/><T125/><D125/><U1/><E34/><V100/><F50/><W18/><G61/><T40/><D40/><U2/><E2/><V84/><F59/><W122/><G124/><T126/><D126/><U9/><E9/><V8/><F8/><W91/><G48/><T95/><D95/><U33/><E33/><V64/><F64/><W118/><G118/><T121/><D121/><U22/><E22/><V134/><F134/><W105/><G122/><T60/><D43/><U57/><E1/><V13/><F68/><W35/><G12/><T109/><D109/><U130/><E57/><AGARI ba="2,1" hai="20,24,29,45,49,52,55,57,60,97,99" m="52495" machi="57" ten="30,12000,1" yaku="8,1,52,2,54,2" doraHai="93" who="0" fromWho="1" sc="159,136,205,-126,353,0,273,0" />
</Scene>
<Scene>
<INIT seed="4,3,0,1,4,47" ten="295,79,353,273" oya="0" hai0="63,18,66,60,135,96,115,117,24,132,121,81,88" hai1="124,50,2,77,27,55,1,70,71,108,52,107,83" hai2="30,46,64,7,119,56,104,23,122,112,99,51,19" hai3="94,131,35,53,127,22,13,34,54,130,12,67,44"/><T92/><D121/><U49/><E107/><V114/><F122/><W93/><G44/><T9/><D117/><U74/><E108/><V20/><F119/><W102/><G102/><T8/><D115/><N who="2" m="44074" /><F7/><W43/><G43/><T78/><D24/><U133/><E133/><N who="0" m="51273" /><D18/><U5/><E124/><V58/><F30/><W79/><G79/><T89/><D89/><U85/><E74/><V100/><F64/><W82/><G67/><T109/><D109/><U128/><E128/><V45/><F45/><W90/><G90/><T57/><D63/><U75/><E75/><AGARI ba="3,0" hai="8,9,57,60,66,75,78,81,88,92,96" m="51273" machi="75" ten="30,2900,0" yaku="20,1,54,1" doraHai="47" who="0" fromWho="1" sc="295,38,79,-38,353,0,273,0" />
</Scene>
<Scene>
<INIT seed="4,4,0,4,1,122" ten="333,41,353,273" oya="0" hai0="22,8,71,89,51,33,123,80,96,124,108,20,53" hai1="37,104,19,60,134,57,18,31,47,26,83,112,61" hai2="102,46,38,43,17,13,69,52,58,79,128,84,90" hai3="130,3,6,56,132,78,74,100,5,98,9,42,73"/><T72/><D123/><U62/><E104/><V94/><F69/><W114/><G114/><T40/><D33/><U81/><E134/><V7/><F128/><W103/><G103/><T111/><D71/><U34/><E112/><V105/><F79/><W125/><G125/><T77/><D124/><U55/><E37/><V97/><F7/><W10/><G130/><T109/><D40/><U92/><E47/><V49/><F105/><W91/><G91/><T44/><D8/><U50/><REACH who="1" step="1"/><E92/><AGARI ba="4,0" hai="20,22,44,51,53,72,77,80,89,92,96,108,109,111" machi="92" ten="40,12000,1" yaku="10,1,52,3" doraHai="122" who="0" fromWho="1" sc="333,132,41,-132,353,0,273,0" owari="465,57.0,-91,-59.0,353,15.0,273,-13.0" />
</Scene>
</mjloggm>