<mjloggm ver="2.3"><GO type="41"/><UN n0="%73%6F%75%6A%69%6E%6E" n1="%E5%A4%AA%E3%81%8F%E3%81%AA%E3%81%84%E3%81%8A" n2="%63%61%7A%61%69%6E" n3="%E3%81%93%E3%81%86%E3%82%89%E3%82%93%E3%80%82" dan="13,15,15,15" rate="1819,2027,1980,1958" sx="M,M,M,M"/><TAIKYOKU oya="0"/>

<Scene>
<INIT seed="0,0,0,2,2,97" ten="250,250,250,250" oya="0" hai0="80,39,113,127,6,63,131,125,118,67,66,128,50" hai1="87,110,133,52,29,73,38,25,12,91,4,9,15" hai2="54,129,102,49,124,28,86,10,107,92,36,84,0" hai3="44,75,106,120,94,103,99,61,27,121,8,58,119"/><T35/><D35/><U32/><E38/><V78/><F28/><W62/><G75/><T53/><D80/><U104/><E73/><V70/><F36/><W43/><G119/><T111/><D6/><U130/><E104/><V69/><F129/><N who="0" m="49738" /><D118/><U88/><E130/><V41/><F41/><W108/><G108/><T23/><D23/><U109/><E133/><V71/><F107/><W72/><G72/><T51/><D39/><U126/><E126/><N who="0" m="48137" /><D113/><U89/><E15/><V83/><F124/><W37/><G106/><T33/><D33/><U101/><E87/><V114/><F114/><W93/><G8/><T48/><D111/><N who="1" m="42507" /><E52/><V115/><F115/><W135/><G120/><T95/><D95/><U26/><E26/><V16/><F86/><W65/><G93/><T90/><D90/><U17/><E4/><V112/><F112/><W96/><G27/><T30/><D30/><U134/><E134/><V74/><F74/><W77/><G135/><T55/><D63/><U31/><E31/><V60/><F60/><W40/><G62/><T1/><D1/><U24/><E25/><V5/><F92/><W100/><G94/><T123/><D123/><U68/><E32/><V82/><F82/><W105/><G37/><T117/><D117/><U11/><E11/><V3/><F3/><W46/><G121/><T42/><D42/><U7/><E7/><V34/><F34/><W19/><G40/><T85/><D85/><U98/><E29/><V81/><F81/><W59/><G43/><T20/><D20/><U56/><E9/><V22/><F0/><W64/><G105/><RYUUKYOKU ba="0,0" sc="250,30,250,-10,250,-10,250,-10" hai0="48,50,51,53,55,66,67" />
</Scene>
<Scene>
<INIT seed="0,1,0,4,2,98" ten="280,240,240,240" oya="0" hai0="80,108,36,95,131,35,9,118,39,10,119,122,110" hai1="63,37,82,111,41,88,58,87,42,126,112,45,14" hai2="84,53,59,44,107,100,43,65,125,48,5,62,27" hai3="135,85,23,116,12,15,97,99,7,11,56,132,0"/><T16/><D35/><U105/><E105/><V127/><F84/><W96/><G116/><N who="0" m="44587" /><D80/><U25/><E111/><N who="0" m="42537" /><D95/><U86/><E126/><N who="2" m="48139" /><F27/><W76/><G56/><T109/><N who="0" m="42545" /><T52/><DORA hai="89" /><D122/><U83/><E112/><V74/><F5/><W92/><G23/><T120/><D120/><U134/><E134/><N who="3" m="51242" /><G76/><T57/><D131/><U26/><E14/><N who="3" m="5162" /><G85/><T115/><D115/><U61/><E41/><V94/><F107/><W17/><G17/><T54/><D16/><U69/><E69/><V133/><F133/><W19/><G19/><T130/><D130/><U68/><E68/><V67/><F74/><W18/><G18/><T60/><D54/><U73/><E73/><V128/><F128/><W40/><G40/><T46/><D46/><U28/><E26/><V22/><F22/><W79/><G79/><T8/><AGARI ba="1,0" hai="8,9,10,36,39,52,57,60" m="42545,44587" machi="8" ten="50,9600,0" yaku="14,1,10,1,54,1" doraHai="98,89" who="0" fromWho="0" sc="280,99,240,-33,240,-33,240,-33" />
</Scene>
<Scene>
<INIT seed="0,2,0,5,0,28" ten="379,207,207,207" oya="0" hai0="128,42,32,39,23,16,116,126,12,118,60,81,130" hai1="87,10,51,0,76,55,120,38,96,115,133,33,53" hai2="122,108,49,40,132,36,104,69,127,15,3,64,63" hai3="73,95,88,75,24,56,112,46,97,90,78,89,92"/><T7/><D39/><U93/><E120/><V70/><F122/><W30/><G112/><T5/><D60/><U65/><E38/><V102/><F132/><W45/><G56/><T59/><D81/><U35/><E65/><V111/><F15/><W124/><G124/><T131/><D59/><U6/><E133/><V11/><F49/><W52/><G90/><T66/><D66/><U18/><E115/><V27/><F27/><W1/><G1/><T79/><D79/><U37/><E37/><V110/><F127/><W80/><G73/><T100/><D42/><U67/><E67/><V105/><F70/><W86/><REACH who="3" step="1"/><G52/><REACH who="3" ten="379,207,207,197" step="2"/><T72/><D126/><U77/><E55/><V119/><F119/><N who="0" m="45610" /><D72/><U41/><E53/><V54/><F54/><W68/><G68/><T82/><D100/><U129/><E0/><V107/><F3/><W84/><G84/><T114/><D82/><U99/><E87/><V14/><F102/><W25/><G25/><T31/><D114/><U123/><E123/><V50/><F50/><W71/><G71/><T58/><D58/><U19/><E51/><V44/><REACH who="2" step="1"/><F107/><REACH who="2" ten="379,207,197,197" step="2"/><W9/><G9/><T43/><D43/><U103/><E10/><V8/><F8/><W83/><G83/><T26/><AGARI ba="2,2" hai="5,7,12,16,23,26,31,32,128,130,131" m="45610" machi="26" ten="40,12000,1" yaku="19,1,34,2,52,1,54,1" doraHai="28" who="0" fromWho="0" sc="379,146,207,-42,197,-42,197,-42" />
</Scene>
<Scene>
<INIT seed="0,3,0,2,1,7" ten="525,165,155,155" oya="0" hai0="26,24,122,121,6,82,103,76,2,105,9,48,108" hai1="42,75,53,113,69,129,109,123,1,79,52,101,114" hai2="102,50,59,134,127,60,126,35,37,54,133,47,61" hai3="94,15,68,107,0,31,5,57,18,3,88,96,62"/><T116/><D116/><U98/><E123/><V23/><F23/><W111/><G107/><T46/><D122/><U118/><E118/><V72/><F102/><W27/><G68/><T93/><D121/><U100/><E69/><V21/><F21/><W115/><G111/><T112/><D112/><N who="1" m="43115" /><E109/><V106/><F72/><W73/><G73/><T29/><D105/><U80/><E129/><V19/><F19/><W104/><G104/><T110/><D103/><N who="1" m="39499" /><E1/><V56/><F35/><W39/><G39/><T77/><D110/><U38/><E98/><V55/><F106/><W45/><G45/><AGARI ba="3,0" hai="38,42,45,52,53,75,79,80" m="39499,43115" machi="45" ten="30,2000,0" yaku="11,1,54,1" doraHai="7" who="1" fromWho="3" sc="525,0,165,29,155,0,155,-29" />
</Scene>
<Scene>
<INIT seed="1,0,0,2,4,67" ten="525,194,155,126" oya="1" hai0="3,20,69,106,120,114,105,6,116,28,104,43,132" hai1="26,9,113,10,30,23,2,1,80,40,131,57,74" hai2="64,95,87,107,58,81,59,77,84,65,62,24,108" hai3="93,0,48,4,117,13,36,133,119,54,110,70,56"/><U27/><E40/><V16/><F107/><W25/><G0/><N who="1" m="106" /><E57/><V49/><F108/><W12/><G36/><T125/><D43/><U37/><E80/><V89/><F49/><W92/><G133/><T50/><D132/><U118/><E74/><V7/><F7/><W14/><G110/><T99/><D50/><U86/><E86/><V21/><REACH who="2" step="1"/><F59/><REACH who="2" ten="525,194,145,126" step="2"/><W66/><G4/><T17/><D105/><U31/><E37/><V34/><F34/><W79/><G119/><T32/><D116/><U52/><E118/><V88/><F88/><W18/><G117/><T44/><D6/><U134/><E134/><V91/><F91/><W111/><G79/><T97/><D32/><N who="1" m="20567" /><E113/><V19/><F19/><W8/><G111/><T38/><D114/><U121/><E121/><V29/><F29/><W61/><REACH who="3" step="1"/><G8/><REACH who="3" ten="525,194,145,116" step="2"/><T71/><D120/><U60/><E9/><V100/><F100/><W55/><G55/><AGARI ba="0,2" hai="16,21,24,55,58,62,64,65,77,81,84,87,89,95" machi="55" ten="30,7700,0" yaku="1,1,7,1,8,1,54,1,53,0" doraHai="67" doraHaiUra="135" who="2" fromWho="3" sc="525,0,194,0,145,97,116,-77" />
</Scene>
<Scene>
<INIT seed="2,0,0,1,4,71" ten="525,194,242,39" oya="2" hai0="122,105,5,84,47,11,114,130,112,108,27,123,48" hai1="67,115,75,53,109,133,128,10,51,54,99,77,106" hai2="117,49,19,74,135,121,91,24,94,17,39,95,16" hai3="80,21,44,72,18,79,43,62,55,52,14,23,110"/><V96/><F117/><W82/><G110/><T4/><D105/><U69/><E115/><V12/><F121/><W98/><G82/><T56/><D56/><U127/><E69/><V15/><F135/><W129/><G129/><T107/><D107/><U70/><E70/><V6/><F74/><W41/><G62/><T45/><D48/><U31/><E67/><V86/><F39/><W22/><G98/><T68/><D84/><U63/><E31/><V103/><F49/><W7/><G7/><T58/><D68/><U28/><E28/><V40/><F40/><W13/><G13/><T134/><D58/><U1/><E75/><V36/><F36/><W113/><G113/><T2/><D27/><U131/><E77/><V101/><F101/><W92/><G92/><T66/><D66/><U0/><E109/><V73/><F73/><W104/><G104/><T61/><D61/><U83/><E83/><V26/><F12/><W116/><G116/><T119/><D119/><U38/><E38/><V34/><F34/><W88/><G88/><T100/><D100/><N who="1" m="62751" /><E133/><V93/><F93/><W85/><G72/><T78/><D78/><U124/><E63/><V97/><F97/><W46/><G41/><T37/><D134/><U125/><E54/><N who="3" m="20522" /><G43/><T64/><D37/><U59/><E1/><V76/><F76/><W90/><G79/><T8/><D108/><U57/><E57/><V126/><F103/><W89/><G89/><T3/><REACH who="0" step="1"/><D130/><REACH who="0" ten="515,194,242,39" step="2"/><U33/><E128/><V102/><F102/><W42/><G42/><T120/><D120/><U87/><E131/><V30/><F96/><RYUUKYOKU ba="0,1" sc="515,15,194,-15,242,-15,39,15" hai0="2,3,4,5,8,11,45,47,64,112,114,122,123" hai3="14,18,21,22,23,44,46,80,85,90" />
</Scene>
<Scene>
<INIT seed="3,1,1,1,5,72" ten="530,179,227,54" oya="3" hai0="71,62,109,63,105,67,122,130,108,111,59,50,126" hai1="125,33,41,46,28,8,92,91,0,123,78,22,25" hai2="86,16,83,114,12,61,121,101,97,5,87,104,135" hai3="88,112,37,93,65,47,38,107,17,34,85,49,6"/><W19/><G107/><T117/><D105/><U18/><E123/><V9/><F114/><W118/><G112/><T84/><D122/><U113/><E113/><V20/><F61/><W69/><G118/><T81/><D117/><U68/><E125/><V94/><F121/><W80/><G34/><T57/><D126/><U24/><E68/><V35/><F35/><W60/><G6/><T31/><D130/><U53/><E53/><V66/><F66/><W64/><G64/><N who="0" m="41367" /><D31/><U3/><E8/><V29/><F29/><W110/><G110/><T134/><D134/><U120/><E120/><V32/><F32/><W98/><G17/><T103/><D103/><U106/><E106/><V54/><F54/><W115/><G19/><T30/><D30/><U116/><E116/><V39/><F39/><W15/><G15/><T90/><D50/><U36/><REACH who="1" step="1"/><E78/><REACH who="1" ten="530,169,227,54" step="2"/><N who="2" m="46455" /><F104/><W127/><G127/><T43/><D43/><U76/><E76/><V48/><F135/><W10/><G10/><T2/><D2/><U132/><E132/><V131/><F131/><W128/><G128/><T82/><D111/><U56/><E56/><V1/><F9/><W99/><G115/><T26/><D109/><U52/><E52/><V70/><F70/><W100/><REACH who="3" step="1"/><G99/><AGARI ba="1,2" hai="0,3,18,22,24,25,28,33,36,41,46,91,92,99" machi="99" ten="30,3900,0" yaku="1,1,7,1,53,1" doraHai="72" doraHaiUra="89" who="1" fromWho="3" sc="530,0,169,62,227,0,54,-42" />
</Scene>
<Scene>
<INIT seed="4,0,0,3,4,101" ten="530,231,227,12" oya="0" hai0="22,104,14,86,56,112,95,9,19,7,61,83,99" hai1="35,60,62,40,33,3,79,15,11,98,63,76,109" hai2="43,100,93,0,124,116,129,1,119,132,57,54,21" hai3="74,24,115,103,65,114,82,44,113,16,91,120,20"/><T48/><D48/><U66/><E109/><V78/><F132/><W81/><G120/><T106/><D112/><N who="3" m="28673" /><W6/><DORA hai="25" /><G6/><T85/><D85/><U4/><E40/><V55/><F129/><W64/><G74/><T41/><D41/><U53/><E98/><V121/><F121/><W125/><G125/><T118/><D118/><N who="2" m="45098" /><F124/><W123/><G123/><T39/><D39/><U58/><E3/><V34/><F34/><W67/><G44/><T70/><D70/><U117/><E117/><V27/><F78/><W38/><G38/><T80/><D80/><N who="3" m="30825" /><G103/><T42/><D42/><U46/><E33/><V50/><F55/><W128/><G91/><T30/><D30/><U17/><E35/><V92/><F43/><W8/><G128/><T87/><D87/><U28/><E4/><V73/><F73/><W23/><G23/><T2/><D95/><N who="2" m="36426" /><F100/><W97/><G97/><T18/><D99/><U29/><E46/><V126/><F126/><W107/><G8/><T84/><D84/><U12/><E79/><V52/><F54/><W71/><G71/><T72/><D72/><U133/><E76/><V49/><F49/><W59/><G59/><T108/><D2/><U105/><E58/><V69/><F69/><W110/><G110/><T131/><D108/><U10/><E53/><V26/><F26/><W96/><G96/><T89/><D131/><U47/><E47/><V134/><F134/><W135/><G135/><T13/><D19/><AGARI ba="0,0" hai="0,1,19,21,27,50,52,57" m="36426,45098" machi="19" ten="30,2000,0" yaku="12,1,54,1" doraHai="101,25" who="2" fromWho="0" sc="530,-20,231,0,227,20,12,0" />
</Scene>
<Scene>
<INIT seed="5,0,0,1,5,95" ten="510,231,247,12" oya="1" hai0="108,97,44,82,25,111,13,24,92,11,94,20,123" hai1="105,59,63,27,88,69,52,29,4,115,1,110,107" hai2="16,34,56,12,54,98,3,78,2,77,127,90,121" hai3="22,48,46,28,10,99,9,14,62,86,15,93,45"/><U101/><E69/><V91/><F121/><W35/><G35/><T112/><D123/><U84/><E115/><V83/><F34/><W18/><G62/><T120/><D120/><U73/><E73/><V0/><F127/><W85/><G28/><T67/><D112/><U117/><E117/><V100/><F78/><W50/><G22/><T128/><D111/><U131/><E110/><V55/><F77/><W130/><G130/><T61/><D128/><U103/><E131/><V109/><F83/><W72/><G72/><T89/><D108/><U114/><E114/><V64/><F64/><W53/><G53/><T51/><D82/><U102/><E4/><V36/><F36/><W33/><G33/><T75/><D75/><U70/><E1/><V66/><F66/><W42/><G93/><T125/><D94/><U19/><E70/><V6/><F6/><W79/><G79/><T60/><D125/><U23/><REACH who="1" step="1"/><E29/><REACH who="1" ten="510,221,247,12" step="2"/><V81/><F109/><W118/><G118/><T26/><D67/><U87/><E87/><V80/><F3/><W17/><REACH who="3" step="1"/><G42/><REACH who="3" ten="510,221,247,2" step="2"/><N who="0" m="24983" /><D61/><U119/><E119/><V37/><F55/><W68/><G68/><T43/><D60/><U39/><E39/><V57/><F37/><W135/><G135/><T74/><D43/><U106/><E106/><V47/><F54/><W124/><G124/><T133/><D74/><U126/><E126/><V8/><F2/><W65/><G65/><T129/><D133/><U38/><E38/><V116/><F0/><W96/><AGARI ba="0,2" hai="9,10,14,15,17,18,45,46,48,50,85,86,96,99" machi="96" ten="25,16000,3" yaku="1,1,0,1,22,2,8,1,52,2,53,2" doraHai="95" doraHaiUra="5" who="3" fromWho="3" sc="510,-40,221,-80,247,-40,2,180" />
</Scene>
<Scene>
<INIT seed="6,0,0,2,2,87" ten="470,141,207,182" oya="2" hai0="102,58,70,109,8,88,104,97,113,31,51,86,76" hai1="19,47,131,80,44,60,83,29,120,67,15,7,72" hai2="16,48,96,121,22,135,53,127,73,4,21,62,59" hai3="132,38,122,9,128,45,129,35,103,85,82,54,81"/><V94/><F121/><W114/><G35/><T40/><D109/><U91/><E120/><V34/><F135/><W69/><G122/><T28/><D70/><U65/><E131/><V115/><F115/><W106/><G132/><T14/><D113/><U32/><E7/><V107/><F127/><W57/><G69/><T63/><D76/><U123/><E123/><V49/><F34/><W133/><G133/><T108/><D108/><U41/><E72/><V11/><F73/><W101/><G114/><T56/><D56/><U118/><E118/><V95/><F107/><W134/><G134/><T125/><D125/><U0/><E0/><V79/><F79/><W39/><G9/><T1/><D1/><U111/><E111/><V92/><F96/><W36/><G45/><T43/><D51/><U100/><E100/><V27/><REACH who="2" step="1"/><F22/><REACH who="2" ten="470,141,197,182" step="2"/><W64/><G106/><T98/><D104/><U12/><E32/><V74/><F74/><W50/><G129/><T75/><D75/><U30/><E41/><V46/><F46/><W25/><G128/><T124/><D124/><U20/><E20/><V26/><F26/><W37/><G85/><T89/><D40/><U13/><E47/><V55/><F55/><W119/><G25/><T24/><D43/><U42/><E44/><V6/><F6/><W5/><G54/><T66/><D24/><U61/><E42/><V105/><F105/><W18/><G5/><T33/><D97/><U93/><E65/><V2/><AGARI ba="0,1" hai="2,4,11,16,21,27,48,49,53,59,62,92,94,95" machi="2" ten="30,6000,0" yaku="1,1,0,1,54,1,53,0" doraHai="87" doraHaiUra="84" who="2" fromWho="2" sc="470,-20,141,-20,197,70,182,-20" />
</Scene>
<Scene>
<INIT seed="6,1,0,3,2,122" ten="450,121,267,162" oya="2" hai0="113,134,129,48,118,108,53,7,132,49,64,15,41" hai1="0,87,40,73,38,115,121,75,74,127,120,84,110" hai2="70,104,65,105,61,95,58,107,117,12,26,81,34" hai3="114,66,20,33,86,50,111,103,29,23,18,56,78"/><V133/><F117/><W51/><G103/><T97/><D118/><U30/><E0/><V28/><F133/><N who="0" m="51306" /><D113/><U17/><E30/><V10/><F95/><W135/><G114/><T79/><D79/><U45/><E115/><V37/><F81/><W76/><G135/><T44/><D129/><U123/><E127/><V4/><REACH who="2" step="1"/><F37/><REACH who="2" ten="450,121,257,162" step="2"/><W24/><G76/><T125/><D125/><U102/><E102/><V82/><F82/><W59/><G78/><T89/><D64/><U101/><E101/><V11/><F11/><W54/><G66/><T112/><D112/><U99/><E99/><V88/><F88/><W36/><G36/><T39/><D89/><U126/><E126/><V93/><F93/><W96/><G96/><T22/><D97/><U92/><E92/><V100/><F100/><W94/><G94/><T2/><D39/><U128/><E128/><V55/><F55/><W77/><G54/><T47/><D2/><U83/><E83/><V90/><F90/><W46/><G77/><T124/><D124/><U43/><E87/><V62/><F62/><W14/><G86/><T72/><D72/><U8/><E84/><V109/><F109/><W91/><G111/><T52/><D108/><U31/><E110/><V119/><F119/><W3/><G91/><T6/><D53/><U69/><E38/><V68/><AGARI ba="1,1" hai="4,10,12,26,28,34,58,61,65,68,70,104,105,107" machi="68" ten="40,3900,0" yaku="1,1,0,1,53,0" doraHai="122" doraHaiUra="130" who="2" fromWho="2" sc="450,-14,121,-14,257,52,162,-14" />
</Scene>
<Scene>
<INIT seed="6,2,0,3,4,95" ten="436,107,309,148" oya="2" hai0="35,114,32,60,44,85,113,11,106,84,73,66,116" hai1="92,1,126,38,75,47,10,15,6,87,43,123,42" hai2="131,33,48,132,31,46,88,24,78,65,63,9,109" hai3="3,55,103,127,34,51,133,57,98,99,94,0,56"/><V54/><F132/><W96/><G133/><T93/><D73/><U19/><E75/><V102/><F131/><W37/><G34/><T81/><D106/><U29/><E126/><V120/><F120/><W30/><G127/><T121/><D121/><U58/><E123/><V91/><F109/><W7/><G37/><T69/><D93/><U8/><E29/><V118/><F118/><W22/><G57/><T4/><D85/><U50/><E58/><V41/><F78/><W17/><G30/><T82/><D44/><U110/><E110/><V68/><F9/><W74/><G74/><T25/><D82/><U124/><E124/><V59/><REACH who="2" step="1"/><F102/><REACH who="2" ten="436,107,299,148" step="2"/><W122/><G122/><T45/><D116/><U72/><E72/><V28/><F28/><W80/><G103/><T83/><D11/><U27/><E8/><V90/><F90/><W77/><G77/><T71/><D4/><U117/><E117/><V108/><F108/><W5/><G7/><T76/><D76/><U107/><E6/><V134/><F134/><W115/><G5/><T2/><D2/><U97/><E1/><V61/><AGARI ba="2,1" hai="24,31,33,41,46,48,54,59,61,63,65,68,88,91" machi="61" ten="20,7800,0" yaku="1,1,0,1,7,1,54,1,53,0" doraHai="95" doraHaiUra="135" who="2" fromWho="2" sc="436,-28,107,-28,299,94,148,-28" />
</Scene>
<Scene>
<INIT seed="6,3,0,0,1,26" ten="408,79,393,120" oya="2" hai0="111,110,91,2,29,97,64,46,53,25,0,92,52" hai1="34,72,28,131,98,118,117,120,71,67,60,94,62" hai2="65,88,66,68,108,127,10,133,119,37,113,39,124" hai3="93,105,17,101,51,12,8,134,7,75,55,3,19"/><V38/><F119/><W45/><G75/><T100/><D111/><U80/><E131/><V125/><F133/><W1/><G134/><T126/><D110/><U54/><E120/><V47/><F113/><W77/><G77/><T6/><D64/><N who="2" m="24682" /><F68/><W41/><G105/><T90/><D126/><U115/><E115/><V56/><F108/><W86/><G41/><T24/><D24/><U84/><E72/><V21/><F10/><W70/><G70/><T102/><D2/><U76/><E34/><V59/><F88/><N who="0" m="33834" /><D0/><U114/><E114/><V15/><F15/><W87/><G1/><T61/><D6/><U132/><E132/><V128/><F21/><W35/><G35/><T57/><D46/><U40/><E40/><N who="2" m="22927" /><F128/><W20/><G19/><T135/><D135/><U44/><E117/><V130/><F130/><W96/><AGARI ba="3,0" hai="3,7,8,12,17,20,45,51,55,86,87,93,96,101" machi="96" ten="30,1100,0" yaku="0,1" doraHai="26" who="3" fromWho="3" sc="408,-6,79,-6,393,-8,120,20" />
</Scene>
<Scene>
<INIT seed="7,0,0,4,3,62" ten="402,73,385,140" oya="3" hai0="135,14,36,133,97,53,24,113,112,43,108,110,98" hai1="79,89,0,90,4,86,31,118,3,71,38,132,87" hai2="57,51,123,131,84,35,47,127,126,125,22,23,48" hai3="2,19,121,25,105,18,39,7,100,111,80,73,10"/><W102/><G39/><T103/><D36/><U70/><E38/><V85/><F35/><W60/><G121/><T26/><D53/><U41/><E41/><V122/><F131/><W81/><G111/><T94/><D14/><U124/><E31/><V12/><F57/><W58/><G73/><T13/><D13/><U21/><E79/><V106/><F106/><W46/><G46/><T6/><D6/><U72/><E72/><V34/><F34/><W55/><G25/><N who="0" m="9835" /><D43/><U104/><E104/><V114/><F114/><N who="0" m="44138" /><D98/><U68/><E21/><N who="2" m="7691" /><F12/><W82/><REACH who="3" step="1"/><G105/><REACH who="3" ten="402,73,385,130" step="2"/><T52/><D110/><U16/><E118/><V65/><F47/><W119/><G119/><T42/><D108/><U107/><E107/><V44/><F44/><W92/><G92/><T75/><D75/><U76/><E124/><V15/><F123/><W115/><G115/><T29/><D29/><U77/><E132/><V74/><F74/><W101/><AGARI ba="0,1" hai="2,7,10,18,19,55,58,60,80,81,82,100,101,102" machi="101" ten="30,6000,0" yaku="1,1,0,1,53,1" doraHai="62" doraHaiUra="54" who="3" fromWho="3" sc="402,-20,73,-20,385,-20,130,70" />
</Scene>
<Scene>
<INIT seed="7,1,0,4,1,60" ten="382,53,365,200" oya="3" hai0="128,69,50,31,134,78,44,77,48,101,89,21,26" hai1="111,120,49,87,106,30,66,115,19,10,125,17,72" hai2="70,82,135,92,116,95,13,81,52,11,107,119,2" hai3="109,84,56,75,96,38,29,91,103,98,110,45,41"/><W118/><G75/><T32/><D69/><U88/><E111/><V7/><F135/><W85/><G118/><T68/><D134/><U90/><E120/><V1/><F107/><W5/><G5/><T62/><D32/><U74/><E106/><V15/><F11/><W121/><G121/><T59/><D68/><U64/><E30/><V86/><F86/><W105/><G96/><T43/><D101/><U67/><E115/><V23/><F23/><W9/><G9/><T65/><D128/><U112/><E112/><V131/><F52/><W94/><G29/><T113/><D113/><U129/><E129/><V4/><F70/><W16/><G84/><T27/><D27/><U6/><E125/><V39/><F39/><W126/><G126/><T53/><D89/><U12/><E90/><V80/><F80/><W117/><G117/><T54/><D48/><U132/><E132/><V104/><F104/><W97/><G97/><T123/><D123/><U83/><REACH who="1" step="1"/><E49/><REACH who="1" ten="382,43,365,200" step="2"/><V124/><F131/><W36/><G110/><T42/><D50/><U24/><E24/><V3/><F124/><W127/><G109/><T122/><D122/><U33/><E33/><V63/><F3/><W133/><G127/><T57/><D78/><U99/><E99/><V40/><F40/><W100/><G41/><T37/><D77/><U58/><E58/><V22/><F22/><W130/><G133/><T102/><D43/><U108/><E108/><V46/><F46/><W93/><G45/><T35/><D35/><U8/><E8/><V71/><F71/><W0/><G130/><T114/><D114/><RYUUKYOKU ba="1,1" sc="382,-15,43,15,365,15,200,-15" hai1="6,10,12,17,19,64,66,67,72,74,83,87,88" hai2="1,2,4,7,13,15,63,81,82,92,95,116,119" owari="367,17.0,58,-44.0,390,48.0,185,-21.0" />
</Scene>
</mjloggm>