<mjloggm ver="2.3"><GO type="169"/><UN n0="%E3%80%93%E7%89%87%E5%B2%A1%E5%84%AA%E5%B8%8C%E3%80%93" n1="%E5%A4%AA%E3%81%8F%E3%81%AA%E3%81%84%E3%81%8A" n2="%E3%81%84%E3%81%97%E3%81%97%E3%82%93%49%44%E7%B4%9B%E5%A4%B1" n3="%28%2A%C2%B4%33%EF%BD%80%2A%29" dan="16,18,16,16" rate="2018,2189,2113,2036" sx="F,M,M,F"/><TAIKYOKU oya="0"/>

<Scene>
<INIT seed="0,0,0,0,1,74" ten="250,250,250,250" oya="0" hai0="55,2,135,113,72,17,19,84,130,133,86,62,110" hai1="66,51,20,89,56,33,108,111,42,119,122,95,116" hai2="38,23,77,78,10,104,65,129,32,53,37,76,4" hai3="41,8,61,0,125,39,34,88,44,22,14,45,82"/><T28/><D113/><U50/><E33/><V85/><F32/><W64/><G34/><T123/><D123/><U112/><E20/><V126/><F104/><W80/><G125/><T127/><D72/><U124/><E95/><V97/><F126/><W30/><G45/><T103/><D127/><U99/><E99/><V46/><F65/><W54/><G54/><T128/><D2/><U71/><E89/><V105/><F129/><N who="0" m="49770" /><D28/><U121/><E124/><V57/><F85/><N who="0" m="32874" /><D103/><U63/><E112/><V109/><F109/><N who="1" m="42057" /><E42/><V3/><F23/><W96/><G0/><T67/><D55/><N who="1" m="31871" /><E50/><V100/><REACH who="2" step="1"/><F46/><REACH who="2" ten="250,250,240,250" step="2"/><W12/><G22/><T94/><D110/><U101/><E122/><V115/><F115/><W47/><G47/><T107/><D107/><U49/><E121/><V31/><F31/><W79/><G30/><T75/><D135/><U87/><E87/><V18/><F18/><W5/><G5/><T68/><D133/><U70/><E66/><V52/><F52/><W81/><G8/><T83/><D75/><U73/><E73/><V16/><F16/><W58/><G14/><T120/><D19/><U24/><E119/><V15/><F15/><W106/><G12/><T98/><D17/><U1/><E116/><V9/><F9/><W27/><G106/><T7/><D120/><U92/><E1/><V131/><F131/><W26/><G26/><T36/><D67/><U132/><E24/><V29/><F29/><W91/><G27/><T118/><D118/><U117/><E117/><V48/><AGARI ba="0,1" hai="3,4,10,37,38,48,53,57,76,77,78,97,100,105" machi="48" ten="30,8000,1" yaku="1,1,0,1,52,3,53,0" doraHai="74" doraHaiUra="43" who="2" fromWho="2" sc="250,-40,250,-20,240,90,250,-20" />
</Scene>
<Scene>
<INIT seed="1,0,0,0,2,79" ten="210,230,330,230" oya="1" hai0="1,98,14,30,107,78,80,3,44,133,43,16,10" hai1="116,74,5,106,112,127,130,125,65,89,23,73,120" hai2="38,40,12,61,76,53,101,91,100,59,113,84,111" hai3="105,32,124,85,129,117,134,2,110,26,49,64,97"/><U51/><E120/><V109/><F113/><W66/><G2/><T58/><D30/><U103/><E65/><V33/><F33/><W123/><G123/><T56/><D133/><U7/><E112/><V18/><F76/><W128/><G117/><T131/><D131/><U96/><E116/><V8/><F40/><W122/><G122/><T118/><D118/><U104/><E130/><V19/><F38/><W31/><G134/><T27/><D27/><U81/><E23/><V94/><REACH who="2" step="1"/><F19/><REACH who="2" ten="210,230,320,230" step="2"/><W35/><G128/><T70/><D78/><U45/><E127/><V21/><F21/><W60/><G32/><T52/><D43/><U57/><E125/><V15/><F15/><W68/><G35/><T41/><D14/><U93/><E73/><V29/><F29/><W13/><G31/><T82/><D41/><U77/><E57/><V87/><F87/><W86/><G86/><T63/><D70/><U62/><E74/><V24/><F24/><W39/><G85/><T72/><D72/><U20/><E20/><V47/><F47/><W126/><G68/><T34/><D44/><U121/><E121/><V9/><F9/><W22/><G22/><T95/><D34/><U25/><E25/><V69/><F69/><W11/><G26/><T50/><D16/><U17/><E17/><V4/><F4/><W119/><G124/><T48/><D10/><U92/><E5/><V42/><F42/><W83/><G11/><T108/><D1/><U71/><E7/><V67/><F67/><W114/><G126/><T37/><D3/><U115/><E115/><V75/><F75/><RYUUKYOKU ba="0,1" sc="210,-10,230,-10,320,30,230,-10" hai2="8,12,18,53,59,61,84,91,94,100,101,109,111" />
</Scene>
<Scene>
<INIT seed="2,1,1,4,2,105" ten="200,220,350,220" oya="2" hai0="66,127,40,107,69,60,93,135,62,113,91,96,79" hai1="120,17,55,7,115,45,116,19,104,99,20,49,70" hai2="58,10,59,64,89,68,92,72,90,125,73,100,128" hai3="88,74,53,126,124,83,95,71,35,8,46,56,14"/><V119/><F119/><W98/><G35/><T102/><D113/><U21/><E116/><V103/><F68/><W15/><G71/><T67/><D127/><N who="3" m="48681" /><G46/><T42/><D135/><U80/><E115/><V65/><F125/><W30/><G30/><T108/><D79/><U3/><E70/><V6/><F92/><W24/><G24/><T133/><D108/><U26/><E120/><V39/><F10/><W101/><G8/><T23/><D133/><U11/><E80/><V36/><REACH who="2" step="1"/><F6/><REACH who="2" ten="200,220,340,220" step="2"/><W28/><G28/><T109/><D109/><U13/><E104/><V22/><F22/><W50/><G101/><T122/><D102/><U111/><E111/><V82/><F82/><W129/><G129/><AGARI ba="1,2" hai="36,39,58,59,64,65,72,73,89,90,100,103,128,129" machi="129" ten="25,12000,1" yaku="1,1,22,2,52,2,53,0" doraHai="105" doraHaiUra="131" who="2" fromWho="3" sc="200,0,220,0,340,143,220,-123" />
</Scene>
<Scene>
<INIT seed="2,2,0,2,5,74" ten="200,220,483,97" oya="2" hai0="29,113,24,100,91,35,51,0,41,117,99,60,53" hai1="123,19,66,32,95,57,43,135,111,28,65,61,34" hai2="20,63,58,59,77,93,8,47,68,12,125,14,22" hai3="87,122,85,7,42,115,36,21,128,9,78,132,114"/><V37/><F68/><W23/><G122/><T6/><D113/><N who="3" m="43017" /><G132/><T89/><D117/><U15/><E135/><V30/><F125/><W104/><G104/><T31/><D31/><U121/><E111/><V40/><F93/><W83/><G128/><T39/><D39/><U105/><E105/><V98/><F98/><W52/><G87/><T2/><D41/><U45/><E66/><V108/><F108/><W82/><G82/><T10/><D60/><U88/><E28/><V3/><F3/><N who="3" m="255" /><G52/><T129/><D129/><U76/><E76/><V50/><F77/><W38/><G38/><T70/><D70/><U56/><E56/><V109/><F109/><W1/><G1/><T119/><D0/><U64/><E65/><V130/><F130/><W26/><G26/><T55/><D55/><U72/><E72/><V81/><F37/><W49/><G49/><T96/><D96/><N who="1" m="57447" /><E45/><AGARI ba="2,0" hai="21,23,36,42,45,78,83,85" m="255,43017" machi="45" ten="30,2000,0" yaku="11,1,52,1" doraHai="74" who="3" fromWho="1" sc="200,0,220,-26,483,0,97,26" />
</Scene>
<Scene>
<INIT seed="3,0,0,0,1,131" ten="200,194,483,123" oya="3" hai0="109,96,40,103,66,102,95,2,18,98,56,50,91" hai1="68,94,64,130,55,106,114,20,32,132,5,38,89" hai2="73,42,1,123,51,99,133,19,13,41,111,8,10" hai3="54,6,75,36,30,28,118,127,14,12,113,35,26"/><W53/><G36/><T107/><D2/><U105/><E32/><V100/><F73/><W86/><G75/><T88/><D109/><U33/><E33/><V104/><F111/><W9/><G118/><T122/><D122/><U23/><E114/><V63/><F123/><W134/><G113/><T115/><D115/><U72/><E72/><V112/><F112/><W84/><G127/><T47/><REACH who="0" step="1"/><D18/><REACH who="0" ten="190,194,483,123" step="2"/><U87/><E130/><V44/><F1/><W79/><G6/><T101/><D101/><U21/><E5/><V125/><F19/><W110/><G110/><T116/><D116/><U22/><E132/><V129/><F100/><W93/><G35/><T78/><D78/><U0/><E0/><V70/><F133/><W71/><G79/><T77/><D77/><U121/><E121/><V27/><F129/><W80/><G134/><T11/><D11/><U120/><E120/><V81/><F10/><W37/><G9/><T49/><D49/><U16/><E38/><V82/><F8/><W126/><G37/><T67/><D67/><U57/><E64/><V60/><F51/><W74/><G126/><T135/><D135/><U3/><E3/><V7/><F125/><W4/><G4/><T62/><AGARI ba="0,1" hai="40,47,50,56,62,66,88,91,95,96,98,102,103,107" machi="62" ten="30,4000,0" yaku="1,1,0,1,54,1,53,0" doraHai="131" doraHaiUra="17" who="0" fromWho="0" sc="190,50,194,-10,483,-10,123,-20" />
</Scene>
<Scene>
<INIT seed="4,0,0,4,2,108" ten="240,184,473,103" oya="0" hai0="99,82,123,10,22,94,106,19,31,11,54,116,49" hai1="65,28,23,124,51,48,52,58,67,27,85,88,1" hai2="129,33,122,128,12,135,8,5,26,80,47,74,127" hai3="71,105,68,114,131,43,45,50,6,20,126,7,111"/><T42/><D116/><U3/><E124/><V41/><F122/><W62/><G111/><T14/><D123/><U69/><E51/><V75/><F127/><W117/><G126/><T125/><D125/><U39/><E39/><V38/><F135/><W61/><G117/><T2/><D2/><U55/><E55/><V0/><F12/><W37/><G105/><T72/><D106/><U66/><REACH who="1" step="1"/><E69/><REACH who="1" ten="240,174,473,103" step="2"/><V18/><F38/><W89/><G50/><T130/><D54/><U9/><E9/><V78/><F8/><W59/><G59/><T24/><D49/><U109/><E109/><V36/><F36/><W95/><G68/><T93/><D11/><U13/><E13/><V84/><F0/><W70/><G70/><T77/><D130/><U133/><E133/><V81/><F129/><W44/><G71/><T73/><D42/><U17/><E17/><V92/><F18/><W16/><G131/><T56/><D56/><U97/><E97/><V32/><F41/><W121/><G121/><T46/><D46/><U102/><E102/><V96/><F47/><W57/><G57/><T79/><D99/><U34/><E34/><V104/><F33/><W101/><G101/><T4/><D4/><N who="3" m="1577" /><G44/><T90/><D90/><U119/><E119/><V87/><F5/><W35/><G35/><T118/><D118/><U110/><E110/><V113/><F32/><W76/><G45/><T112/><D77/><U40/><E40/><V91/><F128/><W120/><G76/><T60/><D79/><U100/><E100/><V83/><F78/><W15/><G43/><T29/><D29/><RYUUKYOKU ba="0,1" sc="240,-10,174,30,473,-10,103,-10" hai1="1,3,23,27,28,48,52,58,65,66,67,85,88" />
</Scene>
<Scene>
<INIT seed="5,1,1,1,5,13" ten="230,204,463,93" oya="1" hai0="101,93,86,56,97,106,128,112,67,81,129,90,65" hai1="33,37,94,57,0,46,134,26,105,15,17,11,78" hai2="49,127,72,40,7,98,82,100,50,116,84,120,125" hai3="38,70,45,91,85,44,24,103,16,10,123,75,96"/><U22/><E105/><V32/><F116/><W28/><G70/><T76/><D112/><U88/><E134/><V135/><F120/><W52/><G75/><T102/><D102/><U5/><E78/><V89/><F32/><W35/><G123/><T110/><D110/><U36/><E46/><V60/><F135/><W114/><G114/><T109/><D109/><U30/><E57/><V79/><F7/><W3/><G3/><T66/><REACH who="0" step="1"/><D56/><REACH who="0" ten="220,204,463,93" step="2"/><U95/><REACH who="1" step="1"/><E95/><REACH who="1" ten="220,194,463,93" step="2"/><V117/><F125/><W118/><G118/><T108/><D108/><U58/><E58/><V61/><F127/><W25/><G44/><T14/><D14/><U9/><E9/><V55/><F117/><W63/><G10/><T130/><D130/><U119/><E119/><V113/><F113/><W74/><G45/><T77/><D77/><U51/><E51/><V115/><F50/><W19/><G38/><T99/><AGARI ba="1,3" hai="65,66,67,76,81,86,90,93,97,99,101,106,128,129" machi="99" ten="30,2000,0" yaku="1,1,0,1,53,0" doraHai="13" doraHaiUra="68" who="0" fromWho="0" sc="220,53,194,-11,463,-6,93,-6" />
</Scene>
<Scene>
<INIT seed="6,0,0,2,3,32" ten="273,183,457,87" oya="2" hai0="85,103,22,111,6,116,100,94,82,58,73,76,66" hai1="78,16,27,64,96,52,121,31,107,93,38,13,37" hai2="43,20,17,91,57,63,112,72,92,61,19,114,133" hai3="128,50,125,46,124,69,132,30,122,95,67,75,130"/><V119/><F119/><W87/><G75/><T117/><D111/><U8/><E107/><V29/><F72/><W11/><G122/><T83/><D6/><U5/><E121/><V129/><F29/><W26/><G11/><T106/><D22/><U99/><E64/><V101/><F101/><W71/><G87/><T84/><D58/><U79/><E37/><V131/><F43/><N who="3" m="24927" /><G95/><T90/><D66/><U127/><E38/><V2/><F2/><W15/><G15/><T102/><D106/><U70/><E70/><N who="3" m="26634" /><G26/><T28/><D28/><U36/><E36/><V77/><F77/><AGARI ba="0,0" hai="73,76,77,82,83,84,85,90,94,100,102,103,116,117" machi="77" ten="40,5200,0" yaku="34,3" doraHai="32" who="0" fromWho="2" sc="273,52,183,0,457,-52,87,0" />
</Scene>
<Scene>
<INIT seed="7,0,0,3,1,70" ten="325,183,405,87" oya="3" hai0="126,109,98,129,21,39,51,107,58,9,2,135,46" hai1="115,53,56,31,25,105,66,35,96,24,3,43,122" hai2="106,133,102,110,127,38,33,40,55,36,16,83,74" hai3="91,118,99,125,112,15,34,131,123,87,89,113,6"/><W85/><G34/><T71/><D109/><U45/><E122/><V54/><F110/><W75/><G123/><T76/><D71/><U78/><E3/><V7/><F33/><W124/><G118/><T72/><D21/><U29/><E115/><N who="3" m="44106" /><G6/><T62/><D2/><U81/><E66/><V11/><F102/><W80/><G15/><T20/><D20/><U94/><E105/><V64/><F106/><W59/><G131/><T61/><D129/><U23/><E56/><V49/><F64/><W90/><G59/><T130/><D58/><U63/><E63/><V1/><F11/><W12/><G12/><T111/><D9/><U0/><E0/><V95/><F7/><W93/><G75/><T19/><D72/><U52/><E78/><V103/><F74/><W68/><G68/><T47/><D76/><U108/><E108/><V67/><F1/><W42/><G42/><T84/><D111/><U117/><E117/><V48/><F40/><W8/><G8/><T18/><D130/><U121/><E121/><V128/><F128/><W37/><G37/><T100/><D39/><U30/><E30/><V60/><F38/><W92/><AGARI ba="0,0" hai="80,85,87,89,90,91,92,93,99,124,125" m="44106" machi="92" ten="30,6000,0" yaku="15,1,34,2" doraHai="70" who="3" fromWho="3" sc="325,-20,183,-20,405,-20,87,60" />
</Scene>
<Scene>
<INIT seed="7,1,0,5,4,26" ten="305,163,385,147" oya="3" hai0="118,64,122,22,124,81,60,30,32,50,6,90,36" hai1="87,37,128,61,83,73,135,15,127,46,28,98,7" hai2="52,48,103,113,132,108,70,45,29,71,82,42,97" hai3="125,85,119,93,112,96,55,44,53,3,66,99,18"/><W123/><G123/><T59/><D36/><U91/><E135/><V110/><F29/><W34/><G119/><T2/><D118/><U68/><E128/><V111/><F132/><W67/><G3/><T51/><D122/><U117/><E117/><V104/><F113/><W14/><G112/><T126/><D32/><U95/><E127/><N who="0" m="48681" /><D6/><U38/><E73/><V25/><F25/><W92/><G34/><T58/><D2/><U109/><E109/><V102/><F102/><N who="3" m="60679" /><G125/><T114/><D114/><U4/><E28/><V77/><REACH who="2" step="1"/><F42/><REACH who="2" ten="305,163,375,147" step="2"/><W39/><G39/><T86/><D59/><U20/><E38/><V16/><F16/><W106/><G106/><T9/><D9/><U100/><E37/><V69/><F69/><W105/><G105/><T41/><D41/><U74/><E68/><V0/><F0/><W131/><G131/><T94/><D30/><U56/><E56/><V116/><F116/><W24/><G24/><T5/><D5/><U10/><E4/><V72/><AGARI ba="1,1" hai="45,48,52,70,71,72,77,82,97,103,104,108,110,111" machi="72" ten="30,4000,0" yaku="1,1,0,1,54,1,53,0" doraHai="26" doraHaiUra="57" who="2" fromWho="2" sc="305,-11,163,-11,375,53,147,-21" owari="294,9.0,152,-25.0,428,53.0,126,-37.0" />
</Scene>
</mjloggm>