<mjloggm ver="2.3"><GO type="225"/><UN n0="%E3%81%BF%E3%81%BF%E3%81%9A" n1="%E3%81%84%E3%81%97%E3%81%97%E3%82%93%49%44%E7%B4%9B%E5%A4%B1" n2="%E5%8F%8D%E9%99%BD%E5%AD%90%E3%81%95%E3%82%93" n3="%E5%A4%AA%E3%81%8F%E3%81%AA%E3%81%84%E3%81%8A" dan="17,17,16,16" rate="2210,2132,2056,2084" sx="M,M,M,M"/><TAIKYOKU oya="0"/>

<Scene>
<INIT seed="0,0,0,3,4,67" ten="250,250,250,250" oya="0" hai0="76,78,134,3,18,14,36,113,11,88,8,75,95" hai1="31,6,10,126,68,97,58,41,0,43,71,104,33" hai2="16,15,65,94,44,60,47,27,125,100,25,52,127" hai3="99,74,103,123,89,55,17,108,83,73,56,69,4"/><T72/><D113/><U118/><E58/><N who="2" m="34887" /><F65/><W106/><G108/><T86/><D36/><U40/><E118/><V61/><F61/><W77/><G123/><T45/><D134/><U39/><E126/><N who="2" m="48139" /><F100/><W54/><G4/><T85/><D45/><N who="2" m="17482" /><F94/><W121/><G121/><T112/><D112/><U12/><E39/><V135/><F135/><W38/><G38/><T22/><D3/><U19/><E104/><V35/><F35/><W107/><G107/><T57/><D57/><U37/><E97/><V26/><F26/><W80/><G56/><T9/><REACH who="0" step="1"/><D86/><REACH who="0" ten="240,250,250,250" step="2"/><U130/><E37/><V62/><F62/><W48/><G74/><AGARI ba="0,1" hai="8,9,11,14,18,22,72,74,75,76,78,85,88,95" machi="74" ten="40,7700,0" yaku="1,1,2,1,54,1,53,0" doraHai="67" doraHaiUra="53" who="0" fromWho="3" sc="240,87,250,0,250,0,250,-77" />
</Scene>
<Scene>
<INIT seed="0,1,0,2,3,113" ten="327,250,250,173" oya="0" hai0="58,128,40,125,134,86,49,75,85,114,90,102,19" hai1="10,61,14,63,1,53,39,48,34,73,76,117,89" hai2="44,96,15,9,72,45,46,68,131,20,57,0,52" hai3="83,33,69,51,3,108,36,81,111,110,93,129,54"/><T16/><D114/><U64/><E39/><V31/><F72/><W56/><G3/><T30/><D75/><U124/><E1/><V24/><F68/><W130/><G33/><T32/><D125/><U127/><E34/><V116/><F0/><W120/><G120/><T74/><D74/><U50/><E117/><V107/><F131/><N who="3" m="50187" /><G36/><T2/><D2/><U80/><E89/><V37/><F116/><W55/><G69/><T106/><D128/><U41/><E41/><V47/><F37/><W21/><G93/><T132/><D102/><U84/><E73/><V26/><F26/><W112/><G112/><T95/><D106/><U66/><E50/><V23/><F23/><W22/><G55/><N who="0" m="32111" /><D40/><U133/><E133/><N who="0" m="51305" /><D85/><U91/><E127/><V104/><F96/><W17/><G22/><T27/><AGARI ba="1,0" hai="16,19,27,30,32,86,90,95" m="51305,32111" machi="27" ten="30,3000,0" yaku="20,1,54,1" doraHai="113" who="0" fromWho="0" sc="327,33,250,-11,250,-11,173,-11" />
</Scene>
<Scene>
<INIT seed="0,2,0,2,3,94" ten="360,239,239,162" oya="0" hai0="79,109,71,73,53,58,7,134,13,95,52,26,28" hai1="11,43,41,27,33,68,120,125,75,121,54,130,64" hai2="135,129,48,114,37,80,46,8,117,62,81,101,19" hai3="77,92,104,107,82,57,22,38,2,18,132,36,131"/><T98/><D71/><U32/><E75/><V69/><F114/><W6/><G6/><T106/><D106/><U49/><E11/><V23/><F37/><W108/><G2/><T88/><D134/><U66/><E27/><V123/><F135/><W124/><G132/><T85/><D73/><U56/><E32/><V67/><F123/><N who="1" m="47177" /><E33/><V97/><F129/><W84/><G131/><T39/><D39/><U50/><E130/><V47/><F8/><W72/><G36/><T3/><D3/><U96/><E96/><V15/><F117/><W93/><G38/><T9/><D109/><U86/><E86/><V111/><F111/><W35/><G35/><T70/><D70/><U61/><E125/><V116/><F116/><W16/><G108/><T91/><D79/><U24/><E24/><V128/><F128/><W5/><G5/><T55/><D26/><U102/><E102/><V40/><REACH who="2" step="1"/><F47/><REACH who="2" ten="360,239,229,162" step="2"/><W90/><G124/><T12/><D28/><U63/><E50/><V87/><F87/><W74/><G74/><T118/><D118/><U76/><E76/><V21/><F21/><W4/><G22/><T42/><D9/><U60/><E60/><V29/><F29/><W44/><G72/><T34/><D85/><U105/><E105/><AGARI ba="2,1" hai="15,19,23,40,46,48,62,67,69,80,81,97,101,105" machi="105" ten="30,7700,0" yaku="1,1,7,1,52,1,53,1" doraHai="94" doraHaiUra="103" who="2" fromWho="1" sc="360,0,239,-83,229,93,162,0" />
</Scene>
<Scene>
<INIT seed="1,0,0,1,1,127" ten="360,156,322,162" oya="1" hai0="1,66,39,130,37,24,60,120,21,121,30,123,79" hai1="117,94,2,102,77,36,40,31,99,42,47,52,81" hai2="74,91,12,17,45,69,112,34,55,96,125,7,111" hai3="49,114,124,85,109,18,19,6,33,62,51,75,98"/><U119/><E2/><V76/><F34/><W89/><G75/><T126/><D126/><U38/><E31/><V108/><F125/><W133/><G114/><T73/><D1/><U72/><REACH who="1" step="1"/><E52/><REACH who="1" ten="360,146,322,162" step="2"/><V23/><F112/><W122/><G124/><T103/><D121/><U106/><E106/><V115/><F115/><W50/><G122/><T83/><D120/><U132/><E132/><V15/><F111/><W43/><G133/><T104/><D123/><U3/><E3/><V107/><F108/><W84/><G109/><T26/><D104/><U10/><E10/><V63/><F107/><W25/><G43/><T5/><D30/><U57/><E57/><V135/><F135/><W113/><G113/><T29/><D29/><U16/><E16/><V95/><F55/><W93/><G6/><T64/><D64/><U118/><E118/><V9/><F7/><W48/><G18/><T101/><D66/><U86/><E86/><V54/><F9/><W44/><G19/><T65/><D65/><U27/><E27/><V129/><F17/><W134/><G134/><T87/><D24/><U56/><E56/><V131/><F54/><N who="3" m="29959" /><G62/><T53/><D5/><U70/><E70/><V90/><F63/><W116/><G116/><T4/><D4/><U80/><E80/><V61/><F61/><W128/><G84/><T8/><D87/><U71/><E71/><V58/><F69/><W0/><G0/><T28/><D26/><U46/><AGARI ba="0,1" hai="36,38,40,42,46,47,72,77,81,94,99,102,117,119" machi="46" ten="30,11700,0" yaku="1,1,0,1,9,1,53,1" doraHai="127" doraHaiUra="92" who="1" fromWho="1" sc="360,-39,146,127,322,-39,162,-39" />
</Scene>
<Scene>
<INIT seed="1,1,0,4,2,113" ten="321,273,283,123" oya="1" hai0="41,75,118,62,54,70,123,16,11,36,50,132,115" hai1="82,128,72,19,121,14,93,89,66,120,90,71,51" hai2="0,131,52,102,69,59,119,77,39,31,38,84,42" hai3="2,33,101,135,56,104,130,106,26,81,3,18,73"/><U107/><E107/><N who="3" m="41002" /><G18/><T49/><D75/><U29/><E128/><V114/><F131/><W20/><G20/><T48/><D115/><U17/><E29/><V98/><F114/><W105/><G56/><N who="0" m="35095" /><D16/><U125/><E71/><V15/><F0/><W21/><G21/><T112/><D11/><U60/><E51/><V37/><F69/><W108/><G130/><T110/><D112/><U10/><E17/><V129/><F129/><W91/><G91/><T65/><D123/><U116/><E90/><V92/><F31/><N who="3" m="19703" /><G108/><T47/><D110/><U76/><E89/><V109/><F109/><W111/><G111/><T87/><D87/><U32/><E19/><V43/><F15/><W94/><G94/><T68/><D132/><U97/><E93/><V12/><F12/><W8/><G8/><T55/><D70/><U86/><E86/><V24/><F24/><W45/><G135/><T122/><D122/><U44/><E120/><V28/><F28/><W99/><G45/><T46/><D65/><U88/><E66/><V6/><F6/><W126/><G126/><T80/><D80/><U30/><E82/><V7/><F7/><W124/><G124/><T23/><D23/><U96/><E121/><V13/><F13/><W25/><G25/><T4/><D68/><U134/><E125/><V95/><F95/><W85/><G85/><T27/><D47/><U61/><E134/><V100/><F100/><W127/><G127/><T22/><D46/><U133/><E133/><V35/><F84/><W57/><G57/><T79/><D50/><U63/><E14/><V5/><F59/><RYUUKYOKU ba="1,0" sc="321,-10,273,-10,283,-10,123,30" hai3="2,3,73,81,99,101,105" />
</Scene>
<Scene>
<INIT seed="2,2,0,0,2,10" ten="311,263,273,153" oya="2" hai0="24,58,80,89,41,114,100,48,61,108,23,86,59" hai1="123,116,84,8,77,53,83,69,4,121,105,45,11" hai2="6,72,76,92,38,52,109,43,54,128,64,70,124" hai3="28,85,88,36,37,22,15,35,33,93,21,0,27"/><V67/><F6/><W74/><G74/><T18/><D114/><U129/><E116/><V73/><F76/><W26/><G0/><T119/><D108/><U90/><E69/><V78/><F78/><W57/><G57/><T95/><D119/><U62/><E129/><V34/><F34/><W46/><G15/><T111/><D111/><U103/><E103/><V110/><F92/><W96/><G96/><N who="0" m="59423" /><D61/><U25/><E105/><V104/><F104/><W44/><G44/><AGARI ba="2,0" hai="18,23,24,41,44,48,58,59,80,86,89" m="59423" machi="44" ten="30,1000,0" yaku="8,1" doraHai="10" who="0" fromWho="3" sc="311,16,263,0,273,0,153,-16" />
</Scene>
<Scene>
<INIT seed="3,0,0,3,1,84" ten="327,263,273,137" oya="3" hai0="131,124,129,92,96,1,64,27,56,71,4,134,63" hai1="6,57,41,93,107,47,97,115,43,76,86,52,22" hai2="125,77,42,135,48,112,61,99,59,120,18,60,72" hai3="110,36,38,85,121,127,113,70,32,68,128,37,133"/><W34/><G85/><T19/><D124/><U83/><E115/><V53/><F112/><W114/><G121/><T101/><D134/><U75/><E6/><V109/><F125/><W79/><G79/><T66/><D1/><U11/><E11/><V16/><F135/><W87/><G87/><T119/><D4/><U25/><E47/><V50/><F109/><W90/><G110/><T74/><D74/><U26/><E107/><V15/><F120/><W40/><G127/><T35/><D119/><U88/><E75/><V95/><F77/><W73/><G73/><T123/><D123/><U116/><E116/><V98/><F72/><W102/><G133/><T31/><D19/><N who="2" m="7210" /><F15/><W100/><G37/><T8/><D8/><U7/><E7/><V28/><F28/><W3/><G40/><N who="1" m="15434" /><E22/><V82/><F82/><W39/><G39/><T104/><D92/><U126/><E126/><V14/><F14/><W51/><G51/><AGARI ba="0,0" hai="25,26,51,52,57,76,83,86,88,93,97" m="15434" machi="51" ten="30,7700,0" yaku="8,1,52,1,54,2" doraHai="84" who="1" fromWho="3" sc="327,0,263,77,273,0,137,-77" owari="327,13.0,340,44.0,273,-13.0,60,-44.0" />
</Scene>
</mjloggm>