<mjloggm ver="2.3"><GO type="193"/><UN n0="%67%78%69%6A%78" n1="%E5%8F%AA%E4%BB%8A%E7%B7%B4%E7%BF%92%E4%B8%AD" n2="%E9%AD%94%E6%B3%95%E3%81%AE%E3%83%8F%E3%82%B3%E3%83%BC%E3%83%B3" n3="%E5%A4%AA%E3%81%8F%E3%81%AA%E3%81%84%E3%81%8A" dan="10,12,11,5" rate="1622,1770,1525,1597" sx="M,M,M,M"/><TAIKYOKU oya="0"/>

<Scene>
<INIT seed="0,0,0,5,2,135" ten="250,250,250,250" oya="0" hai0="11,60,97,65,15,67,83,25,94,35,17,5,32" hai1="115,73,129,58,23,69,52,70,53,75,125,77,0" hai2="85,64,71,76,45,56,133,28,29,27,36,48,61" hai3="16,2,68,116,49,110,100,111,78,123,127,118,124"/><T122/><D122/><U90/><E115/><V117/><F133/><W104/><G68/><T55/><D83/><U10/><E0/><V130/><F117/><N who="3" m="45163" /><G2/><T132/><D132/><U43/><E43/><V24/><F130/><W8/><G123/><T81/><D81/><U26/><E129/><V57/><F36/><W84/><G49/><T108/><D108/><N who="3" m="41513" /><G78/><T13/><D25/><U91/><E10/><V7/><F7/><W128/><G128/><T39/><D39/><U41/><E41/><V87/><F71/><W98/><G84/><T88/><D55/><U112/><E112/><V31/><F56/><W72/><G72/><T96/><D97/><U126/><E58/><V42/><REACH who="2" step="1"/><F76/><REACH who="2" ten="250,250,240,250" step="2"/><W44/><G44/><T33/><REACH who="0" step="1"/><D60/><REACH who="0" ten="240,250,240,250" step="2"/><U107/><E77/><V99/><F99/><W103/><G103/><T21/><AGARI ba="0,2" hai="5,11,13,15,17,21,32,33,35,65,67,88,94,96" machi="21" ten="30,11700,0" yaku="1,1,2,1,0,1,54,1,53,0" doraHai="135" doraHaiUra="101" who="0" fromWho="0" sc="240,137,250,-39,240,-39,250,-39" />
</Scene>
<Scene>
<INIT seed="0,1,0,0,3,10" ten="377,211,201,211" oya="0" hai0="5,100,2,7,113,125,108,68,56,79,13,25,89" hai1="83,127,116,61,99,98,111,64,90,48,122,73,26" hai2="31,128,33,71,27,95,6,20,49,11,63,102,69" hai3="55,45,104,30,8,60,117,74,96,36,106,123,84"/><T41/><D68/><U52/><E116/><V118/><F128/><W50/><G74/><T65/><D113/><U14/><E122/><V103/><F118/><W115/><G117/><T66/><D125/><U134/><E127/><V101/><F49/><W119/><G115/><T53/><D79/><U51/><E134/><V129/><F129/><W44/><G123/><T17/><D108/><U110/><E111/><V107/><F95/><W12/><G30/><T42/><D2/><U80/><E110/><V131/><F131/><W88/><G96/><T124/><D124/><U47/><E26/><V15/><F20/><W93/><G119/><T32/><D100/><U23/><E51/><V126/><F126/><W92/><G92/><T0/><D41/><U109/><E109/><V86/><F86/><W114/><G114/><T81/><D42/><U38/><E38/><V120/><F120/><W21/><G21/><T39/><D39/><U130/><E130/><V4/><F4/><N who="0" m="1610" /><D0/><U135/><E135/><V54/><F107/><W35/><G35/><T16/><D32/><U94/><E73/><V70/><F54/><W18/><G36/><T87/><D25/><U19/><E98/><V75/><REACH who="2" step="1"/><F75/><REACH who="2" ten="377,211,191,211" step="2"/><W132/><G132/><T22/><D17/><U40/><E40/><V28/><F28/><W77/><G44/><T67/><D67/><AGARI ba="1,1" hai="6,11,15,27,31,33,63,67,69,70,71,101,102,103" machi="67" ten="40,8000,1" yaku="1,1,52,1,53,3" doraHai="10" doraHaiUra="97" who="2" fromWho="0" sc="377,-83,211,0,191,93,211,0" />
</Scene>
<Scene>
<INIT seed="1,0,0,4,5,58" ten="294,211,284,211" oya="1" hai0="126,27,103,106,131,85,101,46,49,40,112,79,34" hai1="18,121,45,95,102,21,119,48,7,15,132,84,57" hai2="98,62,22,12,9,16,67,135,83,105,37,61,109" hai3="23,92,19,108,97,39,52,66,91,24,38,13,99"/><U80/><E121/><V11/><F37/><W74/><G74/><T93/><D112/><U122/><E119/><V77/><F135/><W125/><G108/><T87/><D131/><U127/><E122/><V63/><F109/><W88/><G125/><T25/><D126/><U14/><E132/><V114/><F114/><W124/><G124/><T120/><D120/><U96/><E127/><V113/><F113/><W129/><G129/><T78/><D106/><U133/><E133/><V4/><F105/><W90/><G66/><T73/><D34/><U32/><E32/><V5/><F98/><W107/><G107/><T111/><D111/><U60/><E7/><N who="2" m="2635" /><F67/><W104/><G104/><T31/><D73/><U3/><E3/><V110/><F110/><W10/><G52/><T42/><D31/><U118/><E118/><V115/><F115/><W72/><G72/><T26/><D49/><U69/><E69/><V128/><F128/><W100/><REACH who="3" step="1"/><G99/><REACH who="3" ten="294,211,284,201" step="2"/><T35/><D35/><U17/><E48/><V76/><F83/><W89/><N who="3" m="22528" /><DORA hai="75" /><W117/><G117/><T82/><D46/><U8/><E45/><V30/><F30/><AGARI ba="0,1" hai="10,13,19,23,24,30,38,39,92,97,100" m="22528" machi="30" ten="50,3200,0" yaku="1,1,54,1,53,0" doraHai="58,75" doraHaiUra="65,116" who="3" fromWho="2" sc="294,0,211,0,284,-32,201,42" />
</Scene>
<Scene>
<INIT seed="2,0,0,3,4,42" ten="294,211,252,243" oya="2" hai0="69,75,135,1,134,34,67,128,62,86,74,26,43" hai1="92,98,106,54,130,49,111,31,18,101,132,53,115" hai2="112,87,25,58,28,51,121,52,70,71,104,89,68" hai3="57,117,85,83,29,8,12,110,123,65,81,48,0"/><V97/><F121/><W9/><G123/><T59/><D1/><U19/><E115/><V109/><F112/><W45/><G117/><T17/><D128/><U40/><E130/><V91/><F109/><W13/><G110/><T36/><D86/><U30/><E111/><V77/><F104/><W50/><G29/><N who="0" m="19767" /><D17/><U131/><E131/><V126/><F126/><W66/><G0/><T127/><D127/><U129/><E132/><N who="0" m="50729" /><D59/><U10/><E129/><V124/><F124/><W55/><G12/><T44/><AGARI ba="0,0" hai="36,43,44,62,67,69,74,75" m="50729,19767" machi="44" ten="30,4000,0" yaku="20,1,23,1,52,1" doraHai="42" who="0" fromWho="0" sc="294,40,211,-10,252,-20,243,-10" />
</Scene>
<Scene>
<INIT seed="3,0,0,0,3,103" ten="334,201,232,233" oya="3" hai0="4,85,53,28,108,12,38,131,130,18,78,56,71" hai1="61,60,90,106,24,22,55,52,101,25,46,116,10" hai2="125,44,14,11,68,121,100,112,122,29,97,51,6" hai3="105,54,86,115,59,120,31,126,0,89,39,109,134"/><W21/><G120/><N who="2" m="46185" /><F29/><W70/><G115/><T96/><D38/><U40/><E116/><V110/><F68/><W113/><G113/><T16/><D71/><U104/><E10/><V81/><F112/><W72/><G72/><T37/><D37/><U17/><E90/><V133/><F81/><W127/><G70/><T82/><D96/><U41/><E101/><V123/><N who="2" m="46193" /><V50/><DORA hai="65" /><F133/><W9/><G39/><T57/><D108/><U87/><E87/><V111/><F44/><W83/><G134/><T8/><D28/><U7/><E7/><V99/><F99/><W92/><G109/><N who="2" m="41481" /><F125/><N who="3" m="47627" /><G105/><AGARI ba="0,0" hai="6,11,14,50,51,97,100,105" m="41481,46193" machi="105" ten="40,5200,0" yaku="13,1,14,1,52,1" doraHai="103,65" who="2" fromWho="3" sc="334,0,201,0,232,52,233,-52" owari="334,44.0,201,-20.0,284,8.0,181,-32.0" />
</Scene>
</mjloggm>