<mjloggm ver="2.3"><GO type="169"/><UN n0="%E7%8B%AC%E6%AD%A9" n1="%EF%BC%AD%EF%BD%92%EF%BC%8E%E4%BA%9C%E7%A9%BA%E9%96%93" n2="%E5%A4%AA%E3%81%8F%E3%81%AA%E3%81%84%E3%81%8A" n3="%E2%84%83%2D%75%74%65" dan="17,16,17,17" rate="2169,2060,2178,2107" sx="M,M,M,M"/><TAIKYOKU oya="0"/>

<Scene>
<INIT seed="0,0,0,0,0,43" ten="250,250,250,250" oya="0" hai0="51,47,4,132,30,75,95,111,119,5,128,107,62" hai1="122,124,33,79,45,38,135,112,123,12,81,13,41" hai2="77,70,76,1,78,8,61,26,74,28,96,89,32" hai3="29,99,39,49,105,60,125,2,37,57,42,54,21"/><T131/><D107/><U23/><E33/><V46/><F74/><W44/><G2/><T63/><D75/><U34/><E34/><V129/><F129/><N who="0" m="49738" /><D119/><U36/><E124/><V92/><F46/><W69/><G125/><T134/><D30/><U116/><E135/><N who="0" m="51753" /><D95/><U52/><E116/><V18/><F1/><W0/><G0/><T55/><D111/><U65/><E112/><V71/><F61/><AGARI ba="0,0" hai="4,5,47,51,55,61,62,63" m="51753,49738" machi="61" ten="30,5800,0" yaku="19,1,20,1,52,1" doraHai="43" who="0" fromWho="2" sc="250,58,250,0,250,-58,250,0" />
</Scene>
<Scene>
<INIT seed="0,1,0,2,5,75" ten="308,250,192,250" oya="0" hai0="110,13,24,68,99,104,29,23,77,8,61,57,40" hai1="38,121,62,102,91,55,21,58,132,97,16,18,7" hai2="12,54,134,114,120,48,42,126,89,130,64,30,10" hai3="39,37,87,5,86,26,46,108,96,94,79,9,128"/><T51/><D68/><U14/><E38/><V74/><F114/><W106/><G106/><T73/><D110/><U133/><E121/><V115/><F115/><W78/><G108/><T53/><D104/><U20/><E7/><V34/><F120/><W80/><G128/><T70/><D99/><U11/><E91/><V4/><F130/><W19/><G46/><T67/><D40/><U56/><E56/><V95/><F74/><W124/><G124/><T105/><D105/><U129/><E129/><V116/><F126/><W82/><G19/><T0/><D0/><U41/><E41/><V52/><F134/><N who="1" m="51817" /><E18/><V31/><F64/><W88/><G26/><T69/><D69/><U81/><E81/><V76/><F116/><W93/><G93/><AGARI ba="1,0" hai="11,14,16,20,21,55,58,62,93,97,102" m="51817" machi="93" ten="30,2000,0" yaku="20,1,54,1" doraHai="75" who="1" fromWho="3" sc="308,0,250,23,192,0,250,-23" />
</Scene>
<Scene>
<INIT seed="1,0,0,1,1,46" ten="308,273,192,227" oya="1" hai0="122,56,116,64,124,132,100,128,126,127,125,133,118" hai1="115,22,74,1,44,32,48,58,110,8,79,11,45" hai2="89,104,70,50,78,108,95,54,13,57,49,129,76" hai3="85,52,55,3,98,101,80,109,28,88,0,7,120"/><U5/><E32/><V12/><F104/><W117/><G120/><T119/><D124/><U16/><E115/><V71/><F108/><W33/><G109/><T134/><D100/><U41/><E110/><V103/><F129/><W68/><G68/><T6/><D6/><U105/><E105/><V96/><F70/><W90/><G90/><T87/><D87/><U62/><E45/><V9/><F71/><W47/><G117/><T36/><D36/><U37/><E11/><V10/><F103/><W27/><G7/><T18/><D18/><U114/><E114/><V31/><F31/><W97/><G97/><T34/><D34/><U81/><E62/><V73/><F73/><W75/><G75/><T99/><D99/><U40/><E40/><V30/><F30/><W59/><G47/><T94/><D94/><U92/><E92/><V111/><F111/><W135/><G135/><T106/><D106/><U102/><E102/><V61/><F78/><W14/><G14/><N who="2" m="5737" /><F76/><W35/><G35/><T83/><D83/><U121/><E121/><V23/><F23/><W69/><G69/><T77/><D77/><U60/><E60/><V26/><F26/><W123/><G123/><T131/><D122/><U43/><E43/><V91/><F89/><W2/><REACH who="3" step="1"/><G59/><REACH who="3" ten="308,273,192,217" step="2"/><T82/><D82/><U20/><E16/><V67/><F67/><W86/><G86/><T4/><D4/><U15/><E1/><V113/><F113/><W53/><G53/><T42/><D42/><U93/><E93/><AGARI ba="0,1" hai="0,2,3,27,28,33,52,55,80,85,88,93,98,101" machi="93" ten="40,8000,1" yaku="1,1,54,2,53,1" doraHai="46" doraHaiUra="21" who="3" fromWho="1" sc="308,0,273,-80,192,0,217,90" />
</Scene>
<Scene>
<INIT seed="2,0,0,3,2,87" ten="308,193,192,307" oya="2" hai0="46,117,69,67,27,14,114,126,31,8,115,97,131" hai1="101,21,70,78,11,127,22,33,18,113,53,104,23" hai2="25,100,15,5,38,106,68,34,41,49,43,54,132" hai3="99,47,73,83,16,24,120,80,129,128,90,44,79"/><V103/><F68/><W20/><G120/><T71/><D117/><U9/><E70/><V89/><F132/><W26/><G26/><T7/><D131/><N who="3" m="50249" /><G80/><T86/><D126/><U85/><E33/><V56/><F38/><W119/><G119/><T32/><D71/><U84/><E127/><V134/><F134/><W93/><AGARI ba="0,0" hai="16,20,24,44,47,73,79,83,90,93,99" m="50249" machi="93" ten="30,4000,0" yaku="19,1,52,1,54,1" doraHai="87" who="3" fromWho="3" sc="308,-10,193,-10,192,-20,307,40" />
</Scene>
<Scene>
<INIT seed="3,0,0,3,3,36" ten="298,183,172,347" oya="3" hai0="95,26,58,129,82,78,47,40,87,99,5,126,18" hai1="86,0,76,51,52,132,102,11,133,101,64,30,123" hai2="13,96,110,75,21,130,67,125,65,93,7,103,80" hai3="8,108,42,100,134,66,124,106,3,117,16,62,49"/><W14/><G117/><T44/><D129/><U15/><E123/><V53/><F130/><W23/><G134/><N who="1" m="51818" /><E0/><V41/><F110/><W109/><G124/><T74/><D126/><U84/><E64/><V92/><F125/><W71/><G106/><T90/><D5/><N who="1" m="3567" /><E30/><V4/><F75/><W118/><G118/><T98/><D58/><N who="1" m="33055" /><E84/><V29/><F29/><W34/><G34/><T60/><D60/><U85/><E85/><V46/><F67/><W69/><G69/><T97/><D47/><U128/><E128/><V2/><F65/><W70/><G70/><T24/><REACH who="0" step="1"/><D18/><REACH who="0" ten="288,183,172,347" step="2"/><U54/><E54/><V115/><F53/><W35/><G16/><T121/><D121/><U45/><E45/><V79/><F4/><W68/><G68/><T1/><D1/><U83/><AGARI ba="0,1" hai="76,83,86,101,102" m="33055,3567,51818" machi="83" ten="30,2000,0" yaku="20,1,54,1" doraHai="36" who="1" fromWho="1" sc="288,-5,183,30,172,-5,347,-10" />
</Scene>
<Scene>
<INIT seed="4,0,0,2,5,11" ten="283,213,167,337" oya="0" hai0="121,16,13,119,36,91,33,118,58,25,102,100,113" hai1="27,88,1,71,103,17,65,6,56,120,128,0,72" hai2="45,53,114,34,80,30,108,130,62,81,132,14,105" hai3="10,38,124,104,46,31,24,29,5,92,122,134,75"/><T66/><D36/><U67/><E72/><V86/><F108/><W59/><G104/><T3/><D3/><U40/><E120/><V48/><F105/><W57/><G134/><T101/><D121/><U89/><E40/><V41/><F132/><W26/><G122/><T54/><D66/><U69/><E56/><V70/><F114/><W125/><G75/><T126/><D113/><U20/><E128/><V42/><F130/><W96/><G46/><T78/><D78/><U15/><E103/><V109/><F109/><W19/><G38/><T77/><D77/><U123/><E123/><V87/><F34/><W61/><G19/><T18/><D91/><U28/><E0/><V111/><F111/><W93/><G10/><T74/><D74/><U39/><E39/><V97/><F30/><W37/><G37/><T23/><D126/><U4/><E4/><V133/><F133/><W129/><G5/><T22/><REACH who="0" step="1"/><D33/><REACH who="0" ten="273,213,167,337" step="2"/><N who="1" m="20639" /><E65/><V95/><F70/><N who="1" m="26633" /><E67/><V94/><F41/><W76/><G76/><T32/><D32/><U115/><E115/><V117/><F42/><W127/><G127/><T51/><AGARI ba="0,1" hai="13,16,18,22,23,25,51,54,58,100,101,102,118,119" machi="51" ten="30,11700,0" yaku="1,1,0,1,52,1,54,1,53,0" doraHai="11" doraHaiUra="2" who="0" fromWho="0" sc="273,127,213,-39,167,-39,337,-39" />
</Scene>
<Scene>
<INIT seed="4,1,0,5,1,119" ten="400,174,128,298" oya="0" hai0="132,20,135,105,129,113,41,77,126,130,59,56,87" hai1="102,83,131,78,0,124,109,127,120,115,64,60,89" hai2="43,27,97,25,51,101,106,9,134,53,10,45,33" hai3="84,46,110,73,39,94,32,28,114,36,79,91,98"/><T67/><D105/><U123/><E0/><V122/><F134/><N who="0" m="51242" /><D20/><U24/><E24/><V50/><F122/><N who="1" m="46633" /><E109/><V44/><REACH who="2" step="1"/><F25/><REACH who="2" ten="400,174,118,298" step="2"/><W52/><G110/><T49/><D113/><U76/><E115/><V29/><AGARI ba="1,1" hai="9,10,27,29,33,43,44,45,50,51,53,97,101,106" machi="29" ten="30,7900,0" yaku="1,1,2,1,0,1,53,1" doraHai="119" doraHaiUra="96" who="2" fromWho="2" sc="400,-40,174,-21,118,92,298,-21" />
</Scene>
<Scene>
<INIT seed="5,0,0,3,3,64" ten="360,153,210,277" oya="1" hai0="16,5,120,21,36,131,8,1,39,59,76,27,112" hai1="119,46,47,44,28,22,73,79,63,58,75,32,127" hai2="111,105,71,93,17,67,35,83,19,60,126,132,113" hai3="128,57,95,24,50,33,34,85,134,52,13,125,29"/><U90/><E119/><V77/><F111/><W10/><G134/><T133/><D133/><U48/><E32/><V110/><F110/><W123/><G123/><T23/><D120/><U41/><E127/><V122/><F132/><W45/><G125/><T25/><D131/><U12/><E90/><V115/><F105/><W55/><G128/><T65/><D112/><N who="2" m="43082" /><F122/><W130/><G130/><T0/><D76/><U106/><E106/><V61/><F126/><W15/><G34/><T69/><D59/><U3/><E3/><V118/><F118/><W31/><G31/><T11/><D65/><U43/><E79/><V78/><F35/><W54/><G15/><T37/><D69/><U62/><E73/><N who="2" m="43439" /><F78/><W89/><REACH who="3" step="1"/><G45/><REACH who="3" ten="360,153,210,267" step="2"/><N who="1" m="16906" /><E75/><V116/><F116/><W104/><G104/><T38/><D37/><U102/><E43/><V98/><F61/><N who="1" m="23049" /><E58/><V18/><F60/><W14/><G14/><T66/><D66/><U96/><E28/><V26/><F67/><W7/><AGARI ba="0,1" hai="7,10,13,24,29,33,50,52,54,55,57,85,89,95" machi="7" ten="20,5200,0" yaku="1,1,0,1,7,1,54,1,53,0" doraHai="64" doraHaiUra="135" who="3" fromWho="3" sc="360,-13,153,-26,210,-13,267,62" />
</Scene>
<Scene>
<INIT seed="6,0,0,2,5,23" ten="347,127,197,329" oya="2" hai0="2,91,114,101,28,34,6,16,84,135,36,60,59" hai1="58,130,66,48,119,97,43,62,33,10,12,38,40" hai2="39,65,93,132,27,55,116,82,9,25,15,99,78" hai3="31,56,30,50,21,26,131,104,110,88,8,3,102"/><V14/><F116/><W17/><G110/><T52/><D36/><U19/><E119/><V124/><F39/><W112/><G131/><T129/><D129/><U20/><E130/><V13/><F132/><W120/><G120/><T24/><D135/><U53/><E38/><V51/><F124/><W100/><G104/><T68/><D68/><U133/><E133/><V123/><F65/><W70/><G70/><T95/><D114/><U128/><E128/><V18/><F123/><W103/><G112/><T4/><D2/><U49/><E33/><V113/><F113/><W87/><G3/><T83/><D16/><U125/><E125/><V5/><F82/><N who="3" m="49271" /><G8/><T7/><D101/><U115/><E115/><V11/><F14/><W1/><G1/><T86/><REACH who="0" step="1"/><D6/><REACH who="0" ten="337,127,197,329" step="2"/><U105/><E105/><V29/><F29/><W41/><G56/><T0/><D0/><U85/><E85/><V69/><F69/><W35/><G35/><T118/><D118/><U80/><E80/><V111/><F111/><W134/><G134/><T63/><D63/><U94/><E40/><V46/><F78/><AGARI ba="0,1" hai="4,7,24,28,34,52,59,60,78,83,84,86,91,95" machi="78" ten="30,7700,0" yaku="1,1,7,1,52,1,54,1,53,0" doraHai="23" doraHaiUra="126" who="0" fromWho="2" sc="337,87,127,0,197,-77,329,0" />
</Scene>
<Scene>
<INIT seed="7,0,0,3,4,83" ten="424,127,120,329" oya="3" hai0="130,53,114,89,73,5,108,59,105,82,28,56,37" hai1="93,98,102,129,72,35,113,79,94,7,127,75,14" hai2="134,77,110,2,22,109,118,85,27,81,20,26,9" hai3="58,51,76,132,65,133,3,106,90,71,18,44,123"/><W104/><G123/><T92/><D37/><U54/><E35/><V40/><F118/><W95/><G76/><T69/><D69/><U91/><E7/><V0/><F134/><N who="3" m="51819" /><G71/><T1/><D114/><U49/><E113/><V122/><F122/><W97/><G3/><T60/><D130/><U84/><E14/><V48/><F40/><N who="3" m="24967" /><G18/><T80/><D108/><U88/><E129/><V8/><F48/><W125/><G125/><T15/><D105/><N who="1" m="63703" /><E54/><V57/><F57/><W86/><G97/><T11/><D73/><N who="1" m="28235" /><E49/><V107/><F107/><W52/><G65/><N who="0" m="39047" /><D28/><U66/><E66/><V103/><F103/><W42/><G42/><T68/><D1/><U4/><E4/><V25/><F0/><W33/><G33/><T6/><D68/><U23/><E23/><V111/><REACH who="2" step="1"/><F2/><REACH who="2" ten="424,127,110,329" step="2"/><W100/><G100/><T36/><D36/><U74/><E127/><V47/><F47/><W121/><G121/><T43/><D43/><U50/><E50/><AGARI ba="0,1" hai="50,52,58,86,90,95,104,106" m="24967,51819" machi="50" ten="30,5800,0" yaku="20,1,52,1,54,1" doraHai="83" who="3" fromWho="1" sc="424,0,127,-58,110,0,329,68" />
</Scene>
<Scene>
<INIT seed="7,1,0,4,3,74" ten="424,69,110,397" oya="3" hai0="31,93,54,15,65,56,94,68,71,95,134,2,4" hai1="84,21,42,0,72,114,83,47,28,9,6,75,48" hai2="92,117,51,39,111,133,79,57,112,125,40,103,127" hai3="44,5,102,30,106,78,37,32,76,24,130,124,108"/><W119/><G119/><T118/><D118/><U97/><E97/><N who="2" m="59815" /><F117/><W115/><G115/><T25/><D2/><U1/><E114/><V67/><F112/><W132/><G5/><T82/><D134/><U120/><E120/><V89/><F111/><W73/><G132/><T45/><D82/><U27/><E1/><V116/><F116/><W100/><G76/><T77/><D77/><U122/><E122/><V87/><F133/><W62/><G62/><T10/><D45/><U19/><E28/><V53/><F67/><W7/><G7/><T11/><D11/><U80/><E80/><N who="2" m="49383" /><F79/><AGARI ba="1,0" hai="0,6,9,19,21,27,42,47,48,72,75,79,83,84" machi="79" ten="30,2000,0" yaku="7,1,52,1" doraHai="74" who="1" fromWho="2" sc="424,0,69,23,110,-23,397,0" owari="424,52.0,92,-31.0,87,-41.0,397,20.0" />
</Scene>
</mjloggm>