<mjloggm ver="2.3"><GO type="129"/><UN n0="%E3%81%8B%E3%81%82%E3%81%AE%E3%82%93" n1="%E5%A4%AA%E3%81%8F%E3%81%AA%E3%81%84%E3%81%8A" n2="%E9%97%87%E5%8F%A3%E5%B4%A9%E5%AD%90" n3="%E6%83%B3%E5%BD%B1%E7%9C%9F%E5%BF%83" dan="10,8,7,11" rate="1493,1651,1561,1566" sx="M,M,F,F"/><TAIKYOKU oya="0"/>

<Scene>
<INIT seed="0,0,0,3,0,1" ten="250,250,250,250" oya="0" hai0="95,90,103,26,3,36,98,82,2,56,80,11,0" hai1="17,44,87,58,130,113,19,70,92,55,47,76,20" hai2="65,104,106,93,110,7,31,52,40,134,64,21,14" hai3="126,78,75,100,129,133,119,42,63,60,61,116,57"/><T131/><D36/><U101/><E70/><V88/><F40/><W105/><G133/><T22/><D131/><U102/><E130/><V111/><F31/><W121/><G129/><T51/><D3/><U114/><E114/><V35/><F35/><W9/><G126/><T8/><D2/><U39/><E113/><V115/><F115/><W135/><G135/><T118/><D118/><U123/><E123/><V28/><F28/><W37/><G121/><T34/><D34/><U29/><E29/><V120/><F120/><W132/><G132/><T127/><D127/><U108/><E108/><N who="2" m="41515" /><F134/><W96/><G116/><T79/><D0/><U10/><E10/><N who="2" m="4447" /><F21/><W46/><G119/><T91/><D22/><U27/><E19/><V53/><F65/><W33/><G33/><T15/><D26/><U50/><E39/><V4/><F4/><W49/><G37/><T68/><D68/><U62/><E62/><V69/><F64/><W77/><G75/><T67/><D11/><U99/><REACH who="1" step="1"/><E102/><REACH who="1" ten="250,240,250,250" step="2"/><V112/><F69/><W59/><REACH who="3" step="1"/><G9/><REACH who="3" ten="250,240,250,240" step="2"/><T128/><D8/><U16/><E16/><V73/><F112/><W41/><G41/><T30/><D128/><U117/><E117/><V45/><F73/><W94/><G94/><T81/><D95/><U124/><E124/><V107/><F45/><W122/><G122/><T83/><D30/><U66/><E66/><V84/><AGARI ba="0,2" hai="52,53,84,88,93,104,106,107" m="4447,41515" machi="84" ten="40,8000,1" yaku="14,1,52,1,54,2" doraHai="1" who="2" fromWho="2" sc="250,-40,240,-20,250,100,240,-20" />
</Scene>
<Scene>
<INIT seed="1,0,0,3,0,127" ten="210,220,350,220" oya="1" hai0="101,134,52,39,3,111,13,76,133,87,49,90,70" hai1="32,12,93,132,84,121,66,54,45,10,57,6,44" hai2="123,2,22,99,68,92,56,36,16,40,64,55,75" hai3="37,80,29,18,47,7,104,95,46,74,100,24,33"/><U126/><E121/><V62/><F2/><W9/><G37/><T71/><D39/><U114/><E114/><V129/><F75/><W5/><G5/><T23/><D3/><U26/><E126/><V77/><F77/><W96/><G104/><T125/><D71/><U69/><E132/><N who="0" m="50793" /><D70/><U48/><E69/><V65/><F123/><W21/><G74/><T91/><D125/><U34/><E66/><V131/><F36/><W25/><REACH who="3" step="1"/><G80/><REACH who="3" ten="210,220,350,210" step="2"/><N who="0" m="47495" /><D101/><U61/><E26/><N who="2" m="14663" /><F68/><W63/><G63/><T102/><D102/><U43/><REACH who="1" step="1"/><E45/><REACH who="1" ten="210,210,350,210" step="2"/><V82/><F40/><W53/><G53/><T51/><D52/><U112/><E112/><V86/><F82/><W106/><G106/><T85/><D111/><U116/><E116/><V97/><F86/><W59/><G59/><T79/><D85/><U31/><E31/><V88/><F97/><W108/><G108/><T19/><D79/><U20/><E20/><V122/><F122/><W110/><G110/><T11/><D23/><U98/><E98/><V67/><AGARI ba="0,2" hai="55,56,62,64,65,67,88,92,99,129,131" m="14663" machi="67" ten="30,8000,1" yaku="25,1,52,2,54,2" doraHai="127" who="2" fromWho="2" sc="210,-20,210,-40,350,100,210,-20" />
</Scene>
<Scene>
<INIT seed="2,0,0,3,1,5" ten="190,170,450,190" oya="2" hai0="106,52,57,73,78,120,67,98,58,62,33,71,37" hai1="93,6,12,85,123,135,29,11,28,50,109,84,66" hai2="25,94,125,69,80,21,41,92,77,118,89,40,130" hai3="14,116,74,79,3,95,44,114,36,61,65,39,111"/><V75/><F69/><W83/><G3/><T63/><D120/><U131/><E123/><V97/><F118/><W16/><G116/><T132/><D132/><U70/><E135/><V87/><F125/><W13/><G111/><T56/><D37/><U2/><E109/><V0/><F0/><W53/><G114/><T68/><D33/><U108/><E108/><V72/><F130/><W32/><G32/><T17/><D106/><U34/><E131/><V128/><F128/><W81/><G81/><T1/><D1/><U129/><E129/><V31/><REACH who="2" step="1"/><F72/><REACH who="2" ten="190,170,440,190" step="2"/><W23/><G95/><T64/><D73/><U54/><E2/><V35/><F35/><W90/><G90/><AGARI ba="0,1" hai="21,25,31,40,41,75,77,80,87,89,90,92,94,97" machi="90" ten="30,2900,0" yaku="1,1,7,1,53,0" doraHai="5" doraHaiUra="119" who="2" fromWho="3" sc="190,0,170,0,440,39,190,-29" />
</Scene>
<Scene>
<INIT seed="2,1,0,2,2,49" ten="190,170,479,161" oya="2" hai0="55,135,129,42,71,97,87,89,117,85,2,110,13" hai1="102,95,41,72,78,40,107,28,118,96,51,74,75" hai2="9,32,36,99,104,68,26,63,83,37,80,43,120" hai3="57,18,127,60,6,79,94,113,114,133,65,119,46"/><V73/><F120/><W121/><G121/><T56/><D71/><U5/><E118/><V50/><F50/><W130/><G119/><T22/><D117/><U31/><E5/><V21/><F9/><W76/><G127/><T124/><D124/><U111/><E111/><V134/><F83/><W103/><G133/><T105/><D135/><U122/><E122/><V131/><F21/><W0/><G130/><T54/><D2/><U14/><E14/><V64/><F43/><W112/><G0/><T52/><D129/><U15/><E15/><V123/><F131/><W3/><G3/><T77/><D105/><U1/><E1/><V101/><F123/><W61/><G6/><T7/><D42/><U23/><E78/><N who="2" m="44111" /><F134/><W86/><G18/><N who="0" m="10575" /><D110/><U8/><E8/><V19/><F19/><W27/><G27/><T98/><D7/><U47/><E41/><V12/><F12/><W24/><G24/><T126/><D77/><U108/><E108/><V44/><F44/><W100/><G61/><N who="0" m="35975" /><D126/><U128/><E128/><V88/><F88/><N who="3" m="53527" /><G46/><T84/><D89/><U62/><E62/><V125/><F125/><W53/><G65/><T48/><D48/><U92/><E31/><AGARI ba="1,0" hai="26,31,32,36,37,63,64,68,99,101,104" m="44111" machi="31" ten="30,5800,0" yaku="25,1,33,2" doraHai="49" who="2" fromWho="1" sc="190,0,170,-61,479,61,161,0" />
</Scene>
<Scene>
<INIT seed="2,2,0,3,3,45" ten="190,109,540,161" oya="2" hai0="13,67,112,24,119,15,130,115,96,2,110,125,20" hai1="34,21,61,41,74,0,1,60,85,75,71,22,52" hai2="81,11,56,83,65,88,48,109,12,64,97,30,93" hai3="111,92,47,63,78,38,94,123,120,118,84,91,5"/><V104/><F104/><W68/><G118/><T98/><D2/><U73/><E34/><V59/><F30/><W69/><G111/><T117/><D110/><U29/><E41/><V10/><F109/><W108/><G108/><T54/><D125/><U131/><E131/><V86/><F83/><W80/><G68/><T35/><D35/><U6/><E6/><N who="2" m="3159" /><F97/><N who="0" m="37482" /><D130/><U107/><E107/><V121/><F11/><W58/><G69/><T46/><D67/><N who="2" m="25674" /><F121/><W79/><G5/><T90/><D90/><U76/><E1/><V26/><F26/><W62/><G120/><T50/><D15/><U124/><E0/><V82/><F56/><W44/><G123/><T102/><D13/><U8/><E8/><V70/><F70/><W128/><G128/><T32/><D32/><U37/><E37/><V14/><F14/><W9/><G38/><T72/><D102/><U89/><E124/><V87/><F87/><W53/><G9/><T19/><D72/><U105/><E105/><V122/><F122/><W23/><G23/><T25/><D115/><U33/><E71/><V95/><F82/><W3/><G3/><T27/><D112/><U113/><E113/><V116/><F116/><N who="0" m="44618" /><D19/><U129/><E129/><V40/><F40/><W99/><G62/><T17/><AGARI ba="2,0" hai="17,20,24,25,27,46,50,54" m="44618,37482" machi="17" ten="30,2000,0" yaku="12,1,52,1" doraHai="45" who="0" fromWho="0" sc="190,26,109,-7,540,-12,161,-7" />
</Scene>
<Scene>
<INIT seed="3,0,0,2,5,107" ten="216,102,528,154" oya="3" hai0="82,96,112,9,106,101,38,40,17,2,84,51,72" hai1="63,73,131,123,102,74,97,93,126,53,114,95,10" hai2="60,66,115,61,67,86,31,92,87,89,75,24,88" hai3="111,109,98,129,122,6,64,12,81,117,128,33,119"/><W135/><G64/><T36/><D36/><U28/><E123/><V54/><F115/><W85/><G98/><T35/><D112/><U77/><E114/><V132/><F132/><W41/><G33/><T118/><D118/><U78/><E28/><V127/><F127/><W121/><G41/><T48/><D35/><U26/><E26/><V59/><F75/><N who="1" m="28681" /><E10/><V29/><F54/><W116/><G6/><T104/><D17/><U45/><E45/><V39/><F39/><W14/><G135/><T130/><D84/><U15/><E15/><V79/><F24/><W47/><G47/><N who="0" m="23959" /><D106/><N who="1" m="63823" /><E63/><V68/><F79/><N who="1" m="30217" /><E53/><V49/><F49/><W105/><G105/><T23/><D130/><N who="3" m="50281" /><G14/><T58/><D23/><U3/><E3/><V133/><F133/><W80/><G12/><T34/><D34/><U22/><E22/><V100/><F100/><W8/><G8/><T76/><D58/><U7/><E7/><AGARI ba="0,0" hai="2,7,9,48,51,72,76,82,96,101,104" m="23959" machi="7" ten="30,2000,0" yaku="25,1,52,1" doraHai="107" who="0" fromWho="1" sc="216,20,102,-20,528,0,154,0" owari="236,4.0,82,-42.0,528,63.0,154,-25.0" />
</Scene>
</mjloggm>