<mjloggm ver="2.3"><GO type="169" lobby="0"/><UN n0="%E3%81%84%E3%81%97%E3%81%97%E3%82%93%49%44%E7%B4%9B%E5%A4%B1" n1="%E5%A4%AA%E3%81%8F%E3%81%AA%E3%81%84%E3%81%8A" n2="%E3%81%A8%E3%83%BC%E3%82%84%E3%82%93" n3="%E8%BF%91%E3%82%AA%E3%83%AA%E5%85%9A" dan="16,18,16,16" rate="2111.97,2185.37,2137.91,2008.46" sx="M,M,M,M"/><TAIKYOKU oya="0"/>

<Scene>
<INIT seed="0,0,0,0,0,34" ten="250,250,250,250" oya="0" hai0="101,105,17,24,53,110,83,71,35,102,49,22,62" hai1="99,79,113,80,116,0,72,74,28,27,132,9,44" hai2="117,37,65,50,76,51,66,95,126,61,3,36,85" hai3="10,2,128,92,93,100,29,45,11,25,4,129,26"/><T97/><D110/><U43/><E116/><V41/><F117/><W6/><G45/><T121/><D121/><U109/><E109/><V103/><F126/><W57/><G57/><T54/><D102/><U122/><E122/><V47/><F3/><W32/><G100/><T120/><D120/><U67/><E132/><V42/><F76/><W130/><REACH who="3" step="1"/><G26/><REACH who="3" ten="250,250,250,240" step="2"/><T119/><D101/><U58/><E58/><V30/><F103/><W135/><G135/><T55/><D24/><U69/><E44/><V98/><F47/><W87/><G87/><T5/><D119/><U118/><E27/><V112/><F85/><W81/><G81/><T19/><D97/><U8/><E99/><V64/><F37/><W88/><G88/><T21/><D105/><U14/><E80/><V48/><F36/><W124/><G124/><T18/><D83/><U59/><E59/><V60/><F42/><W73/><G73/><T7/><D49/><U20/><E118/><V107/><F41/><W106/><G106/><T16/><D35/><U12/><E72/><V63/><F107/><W108/><G108/><T52/><D22/><U1/><E20/><V96/><F98/><W134/><G134/><T68/><D21/><U77/><E74/><V82/><F82/><W89/><G89/><T78/><D78/><U33/><E33/><V127/><F127/><W15/><AGARI ba="0,1" hai="2,4,6,10,11,15,25,29,32,92,93,128,129,130" machi="15" ten="30,7900,0" yaku="1,1,0,1,19,1,52,1,53,0" doraHai="34" doraHaiUra="38" who="3" fromWho="3" sc="250,-39,250,-20,250,-20,240,89" />
</Scene>
<Scene>
<INIT seed="1,0,0,5,5,17" ten="211,230,230,329" oya="1" hai0="97,13,26,81,128,43,101,112,66,6,30,87,44" hai1="55,27,76,90,82,72,79,132,127,124,84,130,5" hai2="20,21,109,54,51,52,102,10,78,42,86,92,126" hai3="95,15,64,68,63,70,65,107,83,28,23,85,60"/><U62/><E5/><V77/><F126/><N who="1" m="48169" /><E27/><V67/><F109/><W125/><G107/><T74/><D112/><U36/><E36/><V120/><F120/><W39/><G125/><T98/><D74/><U117/><E62/><V40/><F67/><W113/><G113/><T38/><D128/><U115/><E55/><N who="2" m="21035" /><F10/><W93/><G39/><T46/><D66/><U12/><E12/><V18/><F18/><W8/><G23/><N who="2" m="8777" /><F86/><W129/><G129/><T53/><D6/><U119/><E130/><V88/><F102/><W1/><G1/><T45/><D13/><U47/><E115/><V131/><F131/><W94/><G28/><T2/><D2/><U48/><E72/><V31/><F31/><W104/><G104/><T58/><D38/><U80/><E84/><N who="2" m="52231" /><F51/><W103/><G103/><T110/><D110/><U4/><E48/><V41/><AGARI ba="0,0" hai="40,41,42,77,78" m="52231,8777,21035" machi="41" ten="30,12000,2" yaku="8,1,52,3,54,2" doraHai="17" who="2" fromWho="2" sc="211,-30,230,-60,230,120,329,-30" />
</Scene>
<Scene>
<INIT seed="2,0,0,5,0,80" ten="181,170,350,299" oya="2" hai0="65,81,132,107,57,71,68,7,40,105,85,102,49" hai1="30,123,114,47,109,119,117,82,12,19,116,41,73" hai2="64,101,39,113,115,98,61,122,56,58,17,103,14" hai3="135,79,54,129,21,77,97,99,108,59,63,133,131"/><V72/><F39/><W118/><G21/><T104/><D132/><N who="3" m="50761" /><G118/><T66/><D102/><U128/><E114/><V100/><F72/><W74/><G108/><T43/><D7/><U38/><E109/><V127/><F122/><W45/><G45/><T106/><N who="0" m="27136" /><DORA hai="62" /><T5/><D5/><U90/><E123/><V121/><F127/><W22/><G22/><T67/><D57/><U11/><E128/><N who="3" m="49226" /><G74/><T34/><D34/><U95/><E30/><V91/><F121/><W87/><G79/><T35/><D35/><U120/><E120/><V33/><F33/><W46/><G46/><T20/><D20/><U6/><E73/><V130/><F130/><W69/><G69/><T60/><D71/><U124/><E47/><V25/><F25/><W51/><G51/><T28/><D28/><U3/><E117/><V2/><F58/><W125/><G125/><T76/><D49/><U10/><E124/><V111/><F111/><W94/><G77/><T4/><REACH who="0" step="1"/><D4/><REACH who="0" ten="171,170,350,299" step="2"/><N who="1" m="3175" /><E116/><V70/><F70/><W16/><G16/><T134/><D134/><U18/><E119/><V27/><F115/><W8/><G8/><T31/><D31/><U55/><E19/><V0/><F113/><W44/><G44/><T78/><D78/><U96/><E18/><V15/><F56/><W29/><G29/><T86/><D86/><U92/><E10/><V23/><F23/><W88/><AGARI ba="0,1" hai="54,59,63,87,88,94,97,99" m="49226,50761" machi="88" ten="40,8000,1" yaku="20,1,19,1,52,1,54,1" doraHai="80,62" who="3" fromWho="3" sc="171,-20,170,-20,350,-40,299,90" />
</Scene>
<Scene>
<INIT seed="3,0,0,4,4,115" ten="151,150,310,389" oya="3" hai0="73,61,92,3,82,58,34,114,106,133,32,93,85" hai1="42,6,79,40,14,81,125,53,66,127,83,31,28" hai2="112,87,5,105,10,35,11,98,4,15,55,24,124" hai3="18,43,72,75,132,108,103,38,52,110,111,47,19"/><W17/><G103/><T109/><D106/><U20/><E66/><V2/><F112/><W64/><G64/><T91/><D114/><U39/><E39/><V59/><F124/><N who="1" m="47689" /><E53/><V88/><F35/><W80/><G132/><T45/><D133/><U44/><E44/><V71/><F71/><W121/><G121/><T116/><D3/><U118/><E81/><V86/><F24/><W100/><G100/><T126/><D126/><U23/><E6/><V104/><F98/><W101/><G101/><T97/><D45/><U13/><E23/><V68/><F87/><W119/><G119/><T67/><D116/><U96/><E96/><V49/><REACH who="2" step="1"/><F68/><REACH who="2" ten="151,150,300,389" step="2"/><W89/><G89/><T21/><D34/><U0/><E118/><V50/><F50/><W102/><G102/><T41/><D32/><U95/><E79/><V22/><F22/><W76/><G75/><T7/><D73/><U63/><E20/><V51/><F51/><W9/><G9/><T99/><D21/><U12/><E31/><V130/><F130/><W117/><G117/><T107/><D99/><U74/><E28/><V1/><F1/><W78/><G78/><T120/><D97/><U94/><E0/><V113/><F113/><W54/><AGARI ba="0,1" hai="17,18,19,38,43,47,52,54,72,76,80,108,110,111" machi="54" ten="40,12000,1" yaku="0,1,14,1,10,1,54,1" doraHai="115" who="3" fromWho="3" sc="151,-40,150,-40,300,-40,389,130" />
</Scene>
<Scene>
<INIT seed="3,1,0,2,0,93" ten="111,110,260,519" oya="3" hai0="0,13,86,108,2,61,77,78,106,3,23,15,110" hai1="72,102,24,20,56,122,80,135,51,64,9,70,112" hai2="58,1,95,97,85,87,84,69,49,28,115,76,90" hai3="83,52,39,42,89,125,41,6,5,88,130,8,36"/><W27/><G130/><T47/><D106/><U66/><E112/><V7/><F69/><W10/><G125/><T81/><D78/><U25/><E122/><V98/><F115/><W91/><G27/><T40/><D61/><U128/><E70/><V62/><F28/><W53/><G91/><T117/><D117/><U113/><E113/><V57/><F7/><W123/><REACH who="3" step="1"/><G83/><REACH who="3" ten="111,110,260,509" step="2"/><T92/><D81/><U31/><E25/><V100/><F1/><W133/><G133/><T22/><D3/><U60/><E135/><V29/><F29/><W35/><G35/><T44/><D2/><U104/><E128/><V26/><F26/><W129/><G129/><T17/><D0/><U46/><E80/><V21/><F21/><W45/><G45/><T54/><D47/><U75/><E46/><V107/><F76/><W11/><G11/><T105/><D77/><U103/><E9/><V12/><F12/><W121/><AGARI ba="1,1" hai="5,6,8,10,36,39,41,42,52,53,88,89,121,123" machi="121" ten="25,18000,2" yaku="1,1,0,1,22,2,54,2,53,0" doraHai="93" doraHaiUra="74" who="3" fromWho="3" sc="111,-61,110,-61,260,-61,509,193" />
</Scene>
<Scene>
<INIT seed="3,2,0,4,4,122" ten="50,49,199,702" oya="3" hai0="47,3,73,23,49,21,110,9,81,43,18,70,132" hai1="22,92,46,4,114,66,16,35,84,95,50,130,61" hai2="41,109,28,14,120,131,100,68,69,60,39,135,87" hai3="96,101,125,59,104,25,127,123,128,31,97,129,30"/><W63/><G123/><T44/><D132/><U36/><E114/><V117/><F100/><W99/><G104/><T29/><D70/><U51/><E35/><V52/><F87/><W112/><G101/><T93/><D29/><U13/><E130/><N who="3" m="50282" /><G112/><T121/><D121/><U26/><E36/><V1/><F28/><N who="3" m="10795" /><G25/><T7/><D110/><U82/><E4/><V89/><F89/><W71/><G71/><T108/><D108/><U77/><E26/><V79/><F79/><W53/><AGARI ba="2,0" hai="53,59,63,96,97,99,125,127" m="10795,50282" machi="53" ten="40,2100,0" yaku="19,1" doraHai="122" who="3" fromWho="3" sc="50,-9,49,-9,199,-9,702,27" />
</Scene>
<Scene>
<INIT seed="3,3,0,4,0,114" ten="41,40,190,729" oya="3" hai0="113,57,90,100,36,53,4,125,8,44,66,92,74" hai1="49,35,133,126,109,93,22,15,56,108,30,85,63" hai2="9,96,81,7,65,97,26,115,80,106,124,129,89" hai3="18,25,73,128,14,122,116,88,11,24,112,33,83"/><W110/><G122/><T72/><D113/><U95/><E133/><V52/><F115/><W75/><G112/><T40/><D66/><N who="1" m="39271" /><E35/><V41/><F41/><W103/><G128/><T16/><D100/><U70/><E70/><V2/><F65/><W58/><G103/><T19/><D125/><U3/><E3/><V17/><F129/><W119/><G110/><N who="1" m="42602" /><E126/><V21/><F124/><W120/><G120/><T77/><D72/><U20/><E49/><V134/><F134/><W111/><G111/><T99/><D74/><U47/><E47/><V1/><F1/><W0/><G75/><T130/><D77/><U131/><E131/><V54/><F106/><W5/><G58/><T64/><D64/><U39/><E39/><V29/><F29/><N who="3" m="19623" /><G25/><T87/><D130/><U51/><E51/><V59/><F54/><W55/><G55/><T82/><D53/><U10/><E30/><V62/><F97/><W43/><G43/><T118/><D57/><U86/><E86/><V68/><F68/><W45/><G45/><T23/><D44/><U127/><E127/><V13/><F2/><W135/><G135/><T132/><D87/><U60/><E60/><V61/><F62/><W37/><G37/><T50/><D36/><U31/><E31/><V48/><F48/><W46/><G46/><T28/><D132/><U12/><E85/><V123/><F123/><W107/><G107/><T104/><D28/><U38/><E38/><V6/><F6/><W98/><G73/><T27/><D50/><U94/><E15/><V71/><F71/><W32/><G32/><T84/><D40/><RYUUKYOKU ba="3,0" sc="41,-15,40,15,190,15,729,-15" hai1="10,12,20,22,93,94,95" hai2="7,9,13,17,21,26,52,59,61,80,81,89,96" />
</Scene>
<Scene>
<INIT seed="4,4,0,0,2,33" ten="26,55,205,714" oya="0" hai0="58,30,72,101,108,128,90,105,132,98,8,57,134" hai1="71,56,9,114,62,76,93,99,50,46,109,29,124" hai2="51,120,12,81,10,94,34,123,100,25,47,129,27" hai3="55,133,38,116,102,52,66,126,40,84,61,13,26"/><T110/><D72/><U36/><E109/><N who="0" m="42089" /><D128/><U42/><E124/><V117/><F117/><W103/><G116/><T97/><D30/><U24/><E76/><V119/><F119/><W106/><G126/><T43/><D43/><U35/><E114/><V111/><F129/><W91/><G133/><N who="0" m="51307" /><D8/><U92/><E9/><V15/><F34/><W77/><G77/><T63/><D63/><U18/><E18/><V2/><F111/><W83/><G40/><T87/><D98/><U45/><E99/><V85/><F15/><W41/><G106/><T68/><D68/><U69/><E69/><V131/><F131/><W21/><G41/><T1/><D1/><U107/><E107/><V49/><F2/><W130/><G13/><T0/><D0/><U31/><E31/><V28/><F51/><W125/><G38/><T70/><D70/><U44/><E71/><V54/><F27/><W82/><G125/><T89/><D89/><U60/><E60/><V78/><F25/><W39/><G39/><T59/><D59/><U19/><E36/><V23/><F28/><N who="3" m="17487" /><G130/><T37/><D37/><U17/><E42/><V22/><F22/><W65/><G61/><T121/><D121/><U80/><E62/><V5/><F23/><W67/><G83/><T7/><D7/><U104/><E80/><AGARI ba="4,0" hai="57,58,80,87,90,97,101,105" m="51307,42089" machi="80" ten="30,2900,0" yaku="10,1,20,1" doraHai="33" who="0" fromWho="1" sc="26,41,55,-41,205,0,714,0" />
</Scene>
<Scene>
<INIT seed="4,5,0,3,5,126" ten="67,14,205,714" oya="0" hai0="90,19,62,21,81,49,78,60,18,29,131,12,121" hai1="25,124,14,46,51,9,122,113,30,71,98,63,13" hai2="15,87,123,7,83,41,89,135,110,3,40,76,54" hai3="77,102,85,70,28,106,61,104,75,37,10,42,36"/><T47/><D121/><U52/><E122/><V59/><F3/><W16/><G28/><T20/><D29/><U4/><E124/><V96/><F110/><W55/><G75/><T17/><D90/><U44/><E113/><V48/><F123/><W108/><G108/><T84/><D131/><U95/><E71/><V67/><F67/><W93/><G104/><T33/><D33/><U57/><E13/><V43/><F135/><W92/><G106/><T26/><D19/><U2/><E2/><V24/><F24/><W114/><G114/><T119/><D119/><U64/><E46/><V69/><F69/><W38/><G42/><AGARI ba="5,0" hai="12,17,18,20,21,26,42,47,49,60,62,78,81,84" machi="42" ten="30,2900,0" yaku="7,1,8,1" doraHai="126" who="0" fromWho="3" sc="67,44,14,0,205,0,714,-44" />
</Scene>
<Scene>
<INIT seed="4,6,0,0,5,89" ten="111,14,205,670" oya="0" hai0="40,87,131,24,19,118,15,0,16,109,91,75,61" hai1="64,37,88,17,45,108,106,120,116,34,65,12,36" hai2="20,113,50,133,54,93,71,72,27,1,30,70,42" hai3="53,25,46,11,56,110,135,49,119,33,66,7,38"/><T127/><D118/><U83/><E116/><V132/><F72/><W122/><G119/><T105/><D0/><U2/><E108/><V44/><F1/><W78/><G110/><T57/><D105/><U73/><E120/><V35/><F113/><W85/><G122/><T102/><D102/><U100/><E2/><V90/><F35/><W14/><G135/><N who="2" m="51785" /><F54/><W41/><G66/><T52/><D75/><U134/><E34/><V84/><AGARI ba="6,0" hai="20,27,30,42,44,50,70,71,84,90,93" m="51785" machi="84" ten="30,2000,0" yaku="20,1,52,1" doraHai="89" who="2" fromWho="2" sc="111,-16,14,-11,205,38,670,-11" />
</Scene>
<Scene>
<INIT seed="5,0,0,0,1,14" ten="95,3,243,659" oya="1" hai0="17,43,112,83,66,3,57,41,88,134,123,44,74" hai1="11,35,97,67,101,1,12,73,52,48,118,39,34" hai2="19,5,81,113,100,71,79,7,55,84,25,47,94" hai3="115,103,62,108,68,77,104,93,59,85,2,4,106"/><U33/><E118/><V133/><F71/><W87/><G68/><T75/><D3/><U8/><E39/><V45/><F133/><W56/><G108/><T40/><D134/><U65/><E73/><V31/><F113/><W9/><G115/><T69/><D69/><U107/><E1/><V16/><F45/><W38/><G38/><T120/><D112/><U54/><E11/><V15/><F31/><W49/><G59/><T124/><D124/><U92/><E107/><V126/><F126/><W61/><G104/><T20/><D44/><U10/><E8/><N who="2" m="4511" /><F5/><W13/><G106/><T26/><D66/><U114/><E114/><V96/><F25/><W109/><G109/><T135/><D57/><U105/><E105/><V78/><F79/><W131/><G2/><T117/><D117/><U119/><E119/><V80/><F81/><W122/><G131/><T76/><D135/><U30/><E30/><V116/><F116/><W24/><G24/><T28/><D75/><U99/><E99/><V42/><F42/><W86/><G77/><T21/><D123/><U36/><E36/><V22/><F22/><W46/><G122/><T110/><D120/><U130/><E130/><V89/><F78/><W6/><G6/><T91/><D110/><U132/><E132/><V102/><F100/><W98/><G56/><T95/><REACH who="0" step="1"/><D95/><REACH who="0" ten="85,3,243,659" step="2"/><U0/><E0/><V53/><F47/><W60/><REACH who="3" step="1"/><G85/><REACH who="3" ten="85,3,243,649" step="2"/><T121/><D121/><U127/><E127/><V64/><F64/><N who="1" m="24649" /><E48/><V51/><F51/><W58/><G58/><T129/><D129/><U111/><E111/><V50/><F50/><RYUUKYOKU ba="0,2" sc="85,0,3,0,243,0,649,0" hai0="17,20,21,26,28,40,41,43,74,76,83,88,91" hai1="10,12,33,34,35,52,54,92,97,101" hai2="16,19,53,55,80,84,89,94,96,102" hai3="4,9,13,46,49,60,61,62,86,87,93,98,103" />
</Scene>
<Scene>
<INIT seed="5,1,2,1,3,74" ten="85,3,243,649" oya="1" hai0="29,78,118,104,46,57,70,35,121,94,1,39,123" hai1="109,14,87,28,27,52,110,132,119,25,16,44,115" hai2="90,5,81,76,92,26,84,9,83,30,53,18,73" hai3="89,135,80,102,48,72,85,79,50,86,103,91,69"/><U98/><E119/><V105/><F105/><W125/><G69/><T31/><D104/><U21/><E115/><V56/><F83/><W133/><G50/><T82/><D70/><U43/><E132/><N who="3" m="50762" /><G48/><T42/><D1/><U45/><E98/><V34/><F18/><W54/><G54/><T13/><D94/><U8/><E87/><N who="3" m="33290" /><G125/><T113/><D118/><U116/><E116/><V24/><F24/><W129/><G129/><T75/><D113/><U10/><E10/><V111/><F111/><N who="1" m="42505" /><E43/><V93/><F93/><W51/><G51/><T126/><D126/><U120/><E120/><N who="0" m="46153" /><D35/><N who="1" m="20879" /><E52/><V130/><F130/><W61/><G61/><T3/><D3/><U41/><E41/><V117/><F117/><W67/><G67/><T4/><D42/><U20/><E20/><V64/><F64/><W77/><G77/><T32/><D78/><U58/><E58/><V2/><F53/><W6/><G6/><AGARI ba="1,2" hai="6,8,14,16,21,27,44,45" m="20879,42505" machi="6" ten="30,2900,0" yaku="10,1,54,1" doraHai="74" who="1" fromWho="3" sc="85,0,3,52,243,0,649,-32" />
</Scene>
<Scene>
<INIT seed="5,2,0,1,2,32" ten="85,55,243,617" oya="1" hai0="122,89,73,84,31,10,75,13,128,92,49,44,112" hai1="11,36,79,24,78,72,82,7,41,57,76,123,58" hai2="108,124,120,70,71,55,14,23,106,66,103,111,68" hai3="118,83,110,25,45,5,62,22,115,107,113,96,93"/><U50/><E123/><V97/><F120/><W29/><G107/><T69/><D122/><U19/><E24/><V86/><F124/><W56/><G110/><T114/><D69/><U101/><E101/><V26/><F14/><W81/><G45/><T17/><D31/><U100/><E100/><V3/><F66/><N who="3" m="39239" /><G5/><T20/><D128/><U33/><E19/><V74/><F74/><W127/><G127/><T80/><D114/><N who="3" m="43529" /><G118/><T133/><D112/><U99/><E99/><V135/><F135/><W60/><G60/><T21/><D133/><U67/><E33/><V8/><F55/><W2/><G2/><T104/><D104/><U102/><E102/><AGARI ba="2,0" hai="22,25,29,81,83,93,96,102" m="43529,39239" machi="102" ten="30,2000,0" yaku="25,1,15,1" doraHai="32" who="3" fromWho="1" sc="85,0,55,-26,243,0,617,26" />
</Scene>
<Scene>
<INIT seed="6,0,0,4,3,58" ten="85,29,243,643" oya="2" hai0="71,130,15,34,120,94,135,70,122,20,82,102,116" hai1="32,95,33,55,23,127,87,112,19,66,96,124,16" hai2="3,51,76,40,123,56,86,21,119,121,129,126,74" hai3="114,49,93,88,8,100,26,72,5,65,68,7,27"/><V30/><F119/><W0/><G72/><T44/><D34/><U97/><E66/><V14/><F3/><W105/><G114/><T41/><D116/><U92/><E112/><V54/><F74/><W10/><G49/><T104/><D104/><U28/><E87/><V53/><F40/><W13/><G100/><T1/><D1/><U62/><E28/><V37/><F37/><W73/><G105/><T75/><D82/><U98/><E55/><V47/><F129/><W110/><G73/><T48/><D75/><U2/><E2/><V50/><F126/><N who="1" m="48169" /><E23/><V36/><F36/><W80/><G80/><T57/><D20/><U85/><E85/><V18/><F30/><W113/><G113/><T106/><D130/><U132/><E62/><V79/><REACH who="2" step="1"/><F86/><REACH who="2" ten="85,29,233,643" step="2"/><W12/><G0/><T91/><D41/><U17/><E132/><V59/><F59/><W67/><G110/><T64/><D57/><U25/><E25/><N who="3" m="9226" /><G68/><T78/><D71/><U35/><AGARI ba="0,1" hai="16,17,19,32,33,35,92,95,96,97,98" m="48169" machi="35" ten="50,12000,2" yaku="29,2,28,2,18,1,54,1" doraHai="58" who="1" fromWho="1" sc="85,-30,29,130,233,-60,643,-30" />
</Scene>
<Scene>
<INIT seed="7,0,0,5,3,3" ten="55,159,173,613" oya="3" hai0="74,97,118,111,85,54,126,38,0,47,71,125,113" hai1="77,15,29,13,36,46,117,80,60,4,25,105,100" hai2="89,62,32,53,109,101,104,115,34,42,37,95,75" hai3="112,68,106,76,131,120,18,98,132,87,72,43,127"/><W49/><G68/><T61/><D0/><U45/><E105/><V114/><F109/><W121/><G18/><T48/><D74/><U10/><E100/><V16/><F75/><W23/><G23/><T119/><D85/><U135/><E135/><V67/><F53/><W73/><G49/><T8/><D97/><U108/><E108/><V84/><F16/><W96/><G43/><T24/><D24/><U82/><E117/><V26/><F42/><W14/><G14/><T79/><D79/><U28/><E60/><V50/><F50/><W69/><G69/><T93/><D93/><U83/><E36/><V22/><F37/><W58/><G58/><T35/><D8/><N who="1" m="4231" /><E77/><V56/><F101/><W65/><G65/><T12/><D12/><U99/><E99/><V31/><F104/><W59/><G59/><N who="0" m="33223" /><D35/><U6/><E25/><V91/><F89/><W81/><G132/><T94/><D94/><U2/><E2/><V51/><F51/><W78/><G131/><T33/><D33/><U123/><E123/><V103/><F103/><W57/><G57/><T110/><D71/><U11/><E11/><V27/><F34/><W39/><G39/><T40/><D61/><U66/><E66/><V19/><AGARI ba="0,0" hai="19,22,26,27,31,32,56,62,67,84,91,95,114,115" machi="19" ten="30,1100,0" yaku="0,1" doraHai="3" who="2" fromWho="2" sc="55,-3,159,-3,173,11,613,-5" owari="52,-45.0,156,-24.0,184,-2.0,608,71.0" />
</Scene>
</mjloggm>