<mjloggm ver="2.3"><GO type="169"/><UN n0="%E3%83%87%E3%82%B8%E3%82%BF%E3%83%AB%E4%BB%99%E4%BA%BA" n1="%E5%A4%AA%E3%81%8F%E3%81%AA%E3%81%84%E3%81%8A" n2="%E3%81%82%E3%81%A4%E3%81%82%E3%81%A4%E6%B9%AF%E8%B1%86%E8%85%90" n3="%49%47%41" dan="17,17,18,16" rate="2123,2153,2240,2120" sx="F,M,M,M"/><TAIKYOKU oya="0"/>

<Scene>
<INIT seed="0,0,0,3,0,128" ten="250,250,250,250" oya="0" hai0="106,27,102,107,0,96,75,116,30,115,80,46,28" hai1="126,63,50,39,73,68,57,133,43,20,26,17,53" hai2="49,120,38,34,81,11,100,125,60,118,54,24,92" hai3="109,127,67,62,135,37,42,22,82,33,9,29,91"/><T97/><D116/><U90/><E126/><V51/><F120/><W56/><G127/><T4/><D115/><U94/><E73/><V35/><F125/><W48/><G109/><T88/><D46/><N who="1" m="25951" /><E68/><V111/><F38/><W16/><G37/><T70/><D70/><U104/><E104/><V7/><F60/><W3/><G135/><T89/><D4/><U58/><E39/><V117/><F81/><W112/><G112/><T129/><D0/><U132/><E57/><V2/><F111/><W13/><G33/><T55/><D129/><U36/><E36/><V41/><F41/><W101/><G101/><T131/><D131/><U6/><E6/><V31/><F35/><W65/><G65/><T83/><D27/><U99/><AGARI ba="0,0" hai="17,20,26,53,58,63,90,94,99,132,133" m="25951" machi="99" ten="30,4000,0" yaku="25,1,52,2" doraHai="128" who="1" fromWho="1" sc="250,-20,250,40,250,-10,250,-10" />
</Scene>
<Scene>
<INIT seed="1,0,0,5,3,52" ten="230,290,240,240" oya="1" hai0="28,50,72,89,96,115,23,95,68,57,124,78,71" hai1="51,36,47,38,13,104,39,5,73,123,109,1,29" hai2="14,76,110,131,79,83,37,53,60,6,59,105,100" hai3="112,130,67,32,99,27,87,25,134,24,84,114,91"/><U43/><E123/><V17/><F110/><W74/><G74/><T135/><D115/><U94/><E104/><V3/><F37/><W106/><G130/><T80/><D135/><U9/><E73/><V30/><F30/><W128/><G128/><T129/><D129/><U77/><E77/><V113/><F131/><W20/><G134/><T54/><REACH who="0" step="1"/><D124/><REACH who="0" ten="220,290,240,240" step="2"/><U81/><E109/><V120/><F113/><W132/><G132/><T63/><D63/><U16/><E29/><V46/><F60/><W33/><G114/><T97/><D97/><U64/><E64/><V82/><F120/><W62/><G112/><T121/><D121/><U0/><E81/><V118/><F83/><W11/><G62/><T45/><D45/><U42/><E94/><V56/><F46/><W41/><G67/><T107/><D107/><U18/><REACH who="1" step="1"/><E43/><REACH who="1" ten="220,280,240,240" step="2"/><V4/><F82/><W102/><G41/><T93/><D93/><U117/><E117/><V44/><F118/><W8/><G106/><T66/><D66/><U58/><E58/><V133/><F59/><W92/><G92/><T126/><D126/><U101/><E101/><V90/><F56/><W7/><G102/><T111/><D111/><U49/><E49/><V127/><F100/><W88/><G91/><T34/><D34/><U125/><E125/><V69/><F105/><W15/><G33/><T35/><D35/><U21/><E21/><V108/><F127/><W122/><G32/><T116/><D116/><U31/><E31/><V48/><F48/><W103/><G122/><T61/><D61/><U65/><E65/><V2/><F108/><RYUUKYOKU ba="0,2" sc="220,15,280,15,240,-15,240,-15" hai0="23,28,50,54,57,68,71,72,78,80,89,95,96" hai1="0,1,5,9,13,16,18,36,38,39,42,47,51" />
</Scene>
<Scene>
<INIT seed="1,1,2,3,4,90" ten="235,295,225,225" oya="1" hai0="122,120,65,115,16,77,108,26,50,121,14,71,41" hai1="101,27,7,51,52,125,88,68,31,49,21,11,106" hai2="118,40,119,113,133,57,22,103,46,15,92,91,109" hai3="25,85,80,6,66,61,28,112,64,55,74,123,124"/><U84/><E68/><V82/><F109/><W54/><G112/><T24/><D108/><U47/><E125/><V29/><F103/><W59/><G74/><T12/><D115/><U127/><E127/><V72/><F57/><W94/><G124/><T19/><D77/><U78/><E78/><V76/><F113/><W8/><G123/><T97/><D97/><U33/><E106/><V117/><F133/><W56/><G25/><N who="0" m="9835" /><D65/><U4/><E101/><V36/><F29/><W45/><G28/><T58/><D71/><U37/><E37/><V30/><F30/><W81/><G45/><N who="0" m="25903" /><D58/><N who="1" m="33039" /><E11/><V95/><REACH who="2" step="1"/><F91/><REACH who="2" ten="235,295,215,225" step="2"/><N who="3" m="53615" /><G66/><T102/><D102/><U100/><E100/><V38/><F38/><W89/><G89/><T1/><D1/><U83/><E33/><V86/><F86/><W32/><G32/><T70/><D70/><U13/><E13/><AGARI ba="1,3" hai="12,13,14,16,19,120,121,122" m="25903,9835" machi="13" ten="40,2600,0" yaku="13,1,54,1" doraHai="90" who="0" fromWho="1" sc="235,59,295,-29,215,0,225,0" />
</Scene>
<Scene>
<INIT seed="2,0,0,3,3,129" ten="294,266,215,225" oya="2" hai0="112,44,80,133,125,29,21,17,30,56,111,73,82" hai1="6,78,81,57,62,104,76,39,123,89,1,63,42" hai2="75,110,72,52,70,26,18,58,85,131,95,126,11" hai3="33,114,51,96,59,69,83,124,41,12,0,38,109"/><V55/><F70/><W46/><G0/><T28/><D112/><U64/><E104/><V61/><F131/><W24/><G69/><T132/><D111/><U45/><E123/><V130/><F130/><W71/><G71/><T100/><D100/><U66/><E1/><V99/><F126/><W101/><G124/><T93/><D125/><U102/><E102/><V88/><F110/><W113/><G109/><T118/><D118/><U36/><E6/><V53/><F75/><W105/><G83/><T77/><D82/><U7/><E7/><V120/><F72/><W8/><G24/><T68/><D68/><U79/><E39/><V15/><F120/><W3/><G33/><T107/><D107/><U134/><E134/><N who="0" m="51817" /><D93/><U13/><E13/><V87/><F26/><W25/><G25/><N who="0" m="14511" /><D56/><U34/><E34/><V4/><REACH who="2" step="1"/><F18/><REACH who="2" ten="294,266,205,225" step="2"/><W97/><G113/><T50/><D30/><U92/><E76/><V122/><F122/><W2/><G114/><T74/><D73/><U117/><E117/><V84/><AGARI ba="0,1" hai="4,11,15,52,53,55,58,61,84,85,87,88,95,99" machi="84" ten="30,18000,2" yaku="1,1,0,1,8,1,54,2,53,1" doraHai="129" doraHaiUra="94" who="2" fromWho="2" sc="294,-60,266,-60,205,190,225,-60" />
</Scene>
<Scene>
<INIT seed="2,1,0,3,1,132" ten="234,206,395,165" oya="2" hai0="50,34,99,68,93,115,109,98,44,55,103,16,3" hai1="14,91,131,20,113,43,42,41,76,82,53,127,105" hai2="51,135,19,69,80,84,46,35,124,75,117,88,11" hai3="118,123,119,134,102,4,40,87,0,22,120,114,29"/><V33/><F117/><N who="3" m="44555" /><G102/><T9/><D115/><U81/><E105/><V130/><F69/><W24/><G87/><T125/><D109/><U54/><E113/><V47/><F135/><W62/><G62/><T65/><D34/><U18/><E131/><V122/><F122/><N who="3" m="46635" /><G40/><T21/><D99/><U57/><E127/><V107/><F107/><W116/><N who="3" m="44563" /><W39/><DORA hai="71" /><G39/><T48/><D125/><U112/><E112/><V8/><F124/><W77/><G77/><T129/><D129/><U23/><E91/><V12/><F130/><W97/><G97/><T30/><D65/><U5/><E5/><V104/><F104/><W108/><G114/><T95/><D68/><U15/><E76/><V26/><F75/><W28/><G134/><T66/><D66/><U121/><E121/><V85/><F47/><W83/><G83/><N who="1" m="31754" /><E57/><V70/><F70/><W60/><G60/><T52/><D95/><U13/><E18/><V72/><F72/><W2/><G108/><T59/><D93/><U61/><E61/><V110/><F110/><W86/><G86/><T31/><D103/><U101/><E101/><V128/><F128/><W96/><G96/><T73/><D98/><U38/><E38/><V92/><F84/><W106/><G106/><T89/><D89/><U64/><E64/><V1/><F92/><W56/><G56/><T94/><D94/><U67/><E67/><V7/><F85/><W90/><G90/><T100/><D100/><U17/><E17/><V10/><F88/><W79/><G79/><T63/><D73/><U78/><E78/><V74/><F74/><RYUUKYOKU ba="1,0" sc="234,-10,206,30,395,-10,165,-10" hai1="13,14,15,20,23,41,42,43,53,54" />
</Scene>
<Scene>
<INIT seed="3,2,0,4,4,122" ten="224,236,385,155" oya="3" hai0="109,114,65,81,105,13,5,106,82,72,3,96,79" hai1="111,39,9,71,46,67,34,135,128,23,15,121,116" hai2="69,133,38,91,57,110,0,29,80,30,16,12,95" hai3="19,89,70,88,8,11,2,55,58,18,45,130,42"/><W129/><G70/><T14/><D114/><U84/><E121/><V75/><F69/><W36/><G11/><T54/><D82/><U41/><E34/><V56/><F0/><W60/><G19/><T132/><D65/><U17/><E135/><V35/><F38/><W63/><G63/><T66/><D66/><U125/><E125/><V49/><F133/><W104/><G104/><T86/><D132/><U73/><E73/><V20/><F35/><W100/><G100/><T97/><D72/><U33/><E33/><V120/><F120/><W102/><G102/><T44/><D106/><U62/><E128/><N who="3" m="49258" /><G18/><T27/><D27/><U28/><E116/><V50/><F30/><W83/><G83/><T108/><D3/><U47/><E28/><V112/><F29/><W76/><G76/><T25/><D25/><U98/><E9/><V123/><F123/><W53/><G55/><T78/><D78/><U101/><E101/><V74/><F80/><W77/><G77/><T52/><D105/><U10/><E10/><V40/><F16/><W1/><G1/><T103/><D103/><U4/><E17/><V119/><F12/><N who="0" m="4714" /><D5/><AGARI ba="2,0" hai="2,5,8,36,42,45,53,58,60,88,89" m="49258" machi="5" ten="30,2900,0" yaku="19,1,54,1" doraHai="122" who="3" fromWho="0" sc="224,-35,236,0,385,0,155,35" />
</Scene>
<Scene>
<INIT seed="3,3,0,5,3,26" ten="189,236,385,190" oya="3" hai0="23,8,9,56,86,84,99,92,44,80,45,20,7" hai1="37,90,82,13,14,19,31,63,62,34,124,30,57" hai2="12,15,42,67,2,71,106,105,65,104,38,16,135" hai3="3,95,131,77,1,103,74,41,79,123,18,39,98"/><W25/><G123/><T128/><D128/><U64/><E37/><V48/><F2/><W130/><G41/><T93/><D56/><U76/><E124/><V28/><F38/><W21/><G39/><T115/><D115/><U133/><E133/><V126/><F15/><W27/><G27/><T108/><D108/><U94/><E34/><V109/><F109/><W129/><REACH who="3" step="1"/><G74/><REACH who="3" ten="189,236,385,180" step="2"/><T54/><D7/><U85/><E63/><V78/><F42/><W107/><G107/><T6/><D6/><U117/><E117/><V134/><F104/><W69/><G69/><T0/><D0/><AGARI ba="3,1" hai="0,1,3,18,21,25,77,79,95,98,103,129,130,131" machi="0" ten="50,9600,0" yaku="1,1,19,1,53,1" doraHai="26" doraHaiUra="89" who="3" fromWho="0" sc="189,-105,236,0,385,0,180,115" />
</Scene>
<Scene>
<INIT seed="3,4,0,3,4,7" ten="84,236,385,295" oya="3" hai0="29,57,129,99,33,59,77,12,41,108,87,117,109" hai1="104,2,32,17,123,97,115,86,110,22,90,27,61" hai2="47,69,113,20,71,15,3,88,91,135,65,81,8" hai3="44,120,133,128,36,51,66,23,60,134,118,56,45"/><W30/><G118/><T28/><D117/><U95/><E115/><V105/><F105/><W26/><G120/><T58/><D129/><U49/><E123/><V116/><F113/><W37/><G128/><T13/><D99/><U76/><E2/><V68/><F116/><W83/><G83/><T89/><D77/><U96/><E110/><V112/><F112/><W4/><G4/><T100/><D100/><U130/><E130/><V85/><F3/><W53/><REACH who="3" step="1"/><G45/><REACH who="3" ten="84,236,385,285" step="2"/><T82/><D109/><U73/><E104/><V103/><F47/><W80/><G80/><T84/><D108/><U106/><E106/><V127/><F81/><W78/><G78/><T19/><D41/><U42/><E76/><V119/><F119/><W126/><G126/><T11/><D33/><U67/><E32/><V50/><F127/><W124/><G124/><T111/><D111/><U1/><E73/><V24/><F71/><W132/><AGARI ba="4,1" hai="23,26,30,36,37,44,51,53,56,60,66,132,133,134" machi="132" ten="30,18000,2" yaku="1,1,0,1,20,1,53,3" doraHai="7" doraHaiUra="131" who="3" fromWho="3" sc="84,-64,236,-64,385,-64,285,202" />
</Scene>
<Scene>
<INIT seed="3,5,0,0,1,102" ten="20,172,321,487" oya="3" hai0="5,46,53,51,131,7,133,73,44,6,68,98,30" hai1="48,121,69,96,41,108,77,26,75,104,33,87,45" hai2="54,82,106,107,113,129,1,89,21,132,32,60,74" hai3="78,35,25,3,59,119,115,109,99,61,27,34,127"/><W0/><G119/><T80/><D133/><U67/><E121/><V18/><F32/><W81/><G115/><T111/><D131/><U72/><E108/><V36/><F1/><W23/><G109/><T38/><D111/><U42/><E42/><V101/><F113/><W13/><G13/><T123/><D123/><U47/><E47/><V93/><F36/><W17/><G99/><T95/><D68/><U126/><E126/><V31/><F31/><W14/><G127/><T117/><D117/><U64/><E87/><V65/><F101/><W15/><G15/><T103/><D30/><N who="1" m="19671" /><E77/><N who="2" m="44343" /><F65/><W11/><G34/><T71/><D71/><U85/><E67/><V100/><F100/><W37/><G37/><T90/><D38/><N who="1" m="21687" /><E85/><V28/><F28/><W128/><G128/><T4/><N who="0" m="1024" /><DORA hai="12" /><T16/><D73/><N who="1" m="28235" /><E48/><V122/><F122/><W94/><G35/><T55/><D80/><U39/><E39/><V124/><F54/><W79/><G3/><T66/><D66/><U20/><E20/><V52/><F21/><W125/><G0/><T130/><D130/><U110/><E110/><V116/><F52/><N who="3" m="34023" /><G125/><T49/><REACH who="0" step="1"/><D90/><REACH who="0" ten="10,172,321,487" step="2"/><U120/><E120/><V114/><F129/><W84/><G78/><T70/><D70/><U134/><E134/><V57/><F132/><W43/><G79/><T10/><D10/><U76/><E76/><V56/><F89/><N who="3" m="53543" /><G11/><T9/><D9/><U22/><E69/><V112/><F116/><W63/><G81/><T118/><D118/><U88/><E64/><V58/><F124/><W92/><G92/><T83/><D83/><U2/><E2/><RYUUKYOKU ba="5,1" sc="10,30,172,-10,321,-10,487,-10" hai0="16,44,46,49,51,53,55,95,98,103" />
</Scene>
<Scene>
<INIT seed="4,6,1,1,2,53" ten="40,162,311,477" oya="0" hai0="111,69,109,96,124,65,50,21,56,85,64,110,41" hai1="15,127,48,57,24,52,19,83,133,35,11,89,73" hai2="70,54,0,87,103,47,4,88,94,46,45,99,95" hai3="121,114,86,113,135,30,12,93,106,7,23,118,79"/><T107/><D124/><U36/><E36/><V68/><REACH who="2" step="1"/><F54/><REACH who="2" ten="40,162,301,477" step="2"/><W100/><G121/><T108/><N who="0" m="27648" /><DORA hai="134" /><T17/><D69/><U42/><E52/><V97/><F97/><W33/><G135/><T62/><D65/><U112/><E133/><V10/><AGARI ba="6,2" hai="0,4,10,45,46,47,68,70,87,88,94,95,99,103" machi="10" ten="30,12000,2" yaku="21,2,0,1,54,1,53,2" doraHai="53,134" doraHaiUra="6,81" who="2" fromWho="2" sc="40,-66,162,-36,301,158,477,-36" owari="-26,-53.0,126,-27.0,459,56.0,441,24.0" />
</Scene>
</mjloggm>