<mjloggm ver="2.3"><GO type="169"/><UN n0="%31%38%31" n1="%E5%A4%AA%E3%81%8F%E3%81%AA%E3%81%84%E3%81%8A" n2="%E3%83%95%E3%83%AA%E3%83%86%E3%83%B3" n3="%E9%96%A2%E7%99%BD%E5%A4%B1%E8%84%9A" dan="16,17,16,17" rate="2035,2185,2087,2160" sx="M,M,M,M"/><TAIKYOKU oya="0"/>

<Scene>
<INIT seed="0,0,0,3,5,31" ten="250,250,250,250" oya="0" hai0="72,126,32,0,69,109,55,64,78,97,49,116,38" hai1="53,10,42,83,28,90,76,61,9,68,125,71,63" hai2="113,79,81,96,11,103,108,24,6,94,44,15,114" hai3="65,27,16,30,127,128,106,41,124,86,85,120,130"/><T122/><RYUUKYOKU type="yao9" ba="0,0" sc="250,0,250,0,250,0,250,0" hai0="0,32,38,49,55,64,69,72,78,97,109,116,122,126" />
</Scene>
<Scene>
<INIT seed="0,1,0,0,1,80" ten="250,250,250,250" oya="0" hai0="109,66,19,51,20,30,82,65,53,10,95,44,63" hai1="113,56,104,27,71,121,52,76,90,8,79,58,89" hai2="17,117,94,49,77,21,133,41,122,74,129,46,83" hai3="11,18,120,112,36,39,75,135,102,81,16,115,105"/><T2/><D109/><U86/><E121/><V84/><F122/><W78/><G120/><T85/><D95/><U70/><E104/><V26/><F129/><W110/><G110/><T1/><D1/><U116/><E116/><V124/><F117/><W23/><G135/><T73/><D73/><U93/><E113/><V25/><F133/><W97/><G11/><T22/><D2/><U68/><E8/><V88/><F124/><W47/><G18/><T48/><D48/><U100/><E100/><V40/><REACH who="2" step="1"/><F26/><REACH who="2" ten="250,250,240,250" step="2"/><W28/><G115/><T125/><D125/><U107/><E27/><V32/><F32/><W91/><G112/><T72/><D30/><U62/><E107/><V15/><F15/><W134/><G28/><T67/><D72/><U127/><E127/><V60/><F60/><W111/><G111/><T50/><D63/><U64/><REACH who="1" step="1"/><E90/><REACH who="1" ten="250,240,240,250" step="2"/><V43/><AGARI ba="1,2" hai="17,21,25,40,41,43,46,49,74,77,83,84,88,94" machi="43" ten="20,8000,1" yaku="1,1,0,1,7,1,52,1,54,1,53,0" doraHai="80" doraHaiUra="101" who="2" fromWho="2" sc="250,-41,240,-21,240,103,250,-21" />
</Scene>
<Scene>
<INIT seed="1,0,0,4,5,74" ten="209,219,343,229" oya="1" hai0="39,83,67,51,115,104,75,11,134,94,117,38,28" hai1="0,47,111,44,89,128,63,119,72,54,40,29,114" hai2="131,37,126,46,57,14,60,59,133,23,97,129,87" hai3="35,53,103,34,81,4,2,100,92,62,27,52,25"/><U98/><E119/><V45/><F126/><W17/><G2/><T64/><D115/><U58/><E114/><V66/><F97/><W107/><G107/><T109/><D117/><U88/><E72/><V36/><F87/><W9/><G4/><T32/><D104/><U68/><E0/><V22/><F14/><W71/><G71/><T20/><D32/><U82/><E128/><N who="2" m="49227" /><F23/><W31/><G62/><T130/><D130/><U30/><E68/><N who="2" m="42055" /><F22/><W124/><G124/><T48/><D94/><N who="1" m="56647" /><E111/><V80/><F80/><W79/><G9/><T132/><D109/><U19/><E19/><V1/><F1/><W93/><G17/><T127/><D127/><U49/><E47/><N who="2" m="17931" /><F133/><W121/><G81/><T112/><D112/><U101/><E101/><V108/><F108/><W96/><G96/><T123/><D75/><U65/><E65/><V50/><F59/><W105/><G105/><T33/><D28/><U84/><AGARI ba="0,0" hai="29,30,40,44,49,54,58,63,82,84,89" m="56647" machi="84" ten="30,3000,0" yaku="8,1,54,1" doraHai="74" who="1" fromWho="1" sc="209,-10,219,30,343,-10,229,-10" />
</Scene>
<Scene>
<INIT seed="1,1,0,2,4,33" ten="199,249,333,219" oya="1" hai0="112,135,121,3,118,74,43,12,8,83,16,101,25" hai1="40,125,91,55,47,11,114,75,96,103,78,57,115" hai2="19,89,26,56,10,113,92,119,49,73,37,67,122" hai3="108,124,107,72,82,0,23,35,51,24,81,22,38"/><U65/><E125/><V70/><F37/><W97/><G124/><T45/><D112/><U62/><E75/><V39/><F39/><W117/><G38/><N who="0" m="21751" /><D118/><U123/><E123/><V80/><F122/><W28/><G117/><T77/><D121/><U60/><E78/><V6/><F113/><W42/><G108/><T27/><D101/><U110/><E110/><V7/><F70/><W41/><G0/><T105/><D105/><U15/><E91/><V61/><F119/><W132/><G132/><T66/><D66/><U53/><E40/><V93/><F49/><W100/><G41/><T59/><D59/><U29/><E29/><V13/><F73/><W64/><G64/><T20/><D135/><U84/><E84/><N who="2" m="50311" /><F26/><W63/><G63/><T86/><D86/><U120/><E120/><V106/><F106/><W76/><REACH who="3" step="1"/><G82/><REACH who="3" ten="199,249,333,209" step="2"/><T102/><D102/><U4/><E62/><V99/><F93/><W131/><G131/><T127/><D127/><U95/><REACH who="1" step="1"/><E65/><REACH who="1" ten="199,239,333,209" step="2"/><V17/><F67/><W18/><G18/><T87/><D87/><U133/><E133/><V2/><F61/><W58/><G58/><T48/><D48/><AGARI ba="1,2" hai="4,11,15,47,48,53,55,57,60,95,96,103,114,115" machi="48" ten="40,2000,0" yaku="1,1,53,0" doraHai="33" doraHaiUra="31" who="1" fromWho="0" sc="199,-23,239,43,333,0,209,0" />
</Scene>
<Scene>
<INIT seed="1,2,0,0,4,33" ten="176,282,333,209" oya="1" hai0="116,23,72,124,115,76,56,93,80,24,98,59,87" hai1="19,12,90,91,34,54,14,69,49,120,32,79,135" hai2="25,62,113,58,11,67,82,102,133,89,16,18,9" hai3="44,48,53,36,122,65,57,10,41,45,68,47,73"/><U30/><E120/><V125/><F125/><W31/><G73/><T92/><D115/><U15/><E69/><V109/><F109/><W104/><G104/><T2/><D116/><U123/><E123/><V40/><F133/><W39/><G31/><T6/><D124/><U3/><E135/><V108/><F108/><W96/><G96/><T86/><D72/><U129/><E129/><V78/><F113/><W83/><G83/><T7/><D87/><U106/><E106/><V71/><F102/><W75/><G75/><T35/><D35/><U77/><E19/><V117/><F117/><W101/><G101/><T97/><D2/><U13/><E13/><V27/><F78/><W63/><G10/><N who="2" m="3593" /><F40/><N who="3" m="22559" /><G122/><T60/><D60/><U8/><E30/><V0/><F0/><W37/><G47/><T110/><D110/><U107/><E107/><V131/><F71/><W126/><G126/><T4/><D97/><U64/><E3/><V88/><F131/><W5/><G5/><T100/><REACH who="0" step="1"/><D92/><REACH who="0" ten="166,282,333,209" step="2"/><U51/><E8/><V112/><F112/><W95/><G95/><T42/><D42/><U94/><E94/><V52/><F82/><W50/><AGARI ba="2,1" hai="36,37,41,45,48,50,53,57,63,65,68" m="22559" machi="50" ten="30,12000,2" yaku="24,1,35,5" doraHai="33" who="3" fromWho="3" sc="166,-32,282,-62,333,-32,209,136" />
</Scene>
<Scene>
<INIT seed="2,0,0,3,1,109" ten="134,220,301,345" oya="2" hai0="99,28,79,18,98,49,21,23,128,38,131,59,124" hai1="77,67,36,20,125,17,104,8,70,48,134,45,33" hai2="15,6,51,26,83,123,101,113,50,89,54,76,90" hai3="122,72,5,2,31,32,103,16,14,115,34,35,60"/><V56/><F123/><W29/><G72/><T68/><D38/><U105/><E33/><V0/><F0/><W88/><G103/><T111/><D68/><U132/><E36/><V73/><F101/><W126/><G60/><T74/><D111/><U86/><E125/><V69/><F69/><W52/><G52/><N who="0" m="32143" /><D124/><U96/><E8/><V120/><F120/><W114/><G88/><T11/><D11/><U130/><E130/><N who="0" m="49705" /><D79/><U117/><E117/><V94/><F76/><W87/><G87/><T62/><D74/><U121/><E121/><V112/><F73/><W91/><G91/><T100/><D28/><N who="3" m="10825" /><G122/><T78/><D78/><U39/><E39/><V10/><F51/><W127/><G127/><T22/><D62/><U40/><E77/><V24/><F83/><W19/><G126/><T25/><D99/><U75/><E75/><V65/><F90/><W27/><G27/><T102/><D102/><U80/><E96/><V92/><F65/><W30/><G30/><T85/><D85/><U55/><E67/><V57/><F57/><W9/><G19/><T64/><D64/><U46/><E70/><V82/><F82/><W107/><G107/><AGARI ba="0,0" hai="18,21,22,23,25,98,100,107" m="49705,32143" machi="107" ten="30,2000,0" yaku="19,1,54,1" doraHai="109" who="0" fromWho="3" sc="134,20,220,0,301,0,345,-20" />
</Scene>
<Scene>
<INIT seed="3,0,0,4,2,130" ten="154,220,301,325" oya="3" hai0="5,50,134,95,135,65,45,123,125,92,118,42,37" hai1="1,3,67,91,108,101,38,26,116,43,126,93,73" hai2="129,82,54,52,21,35,128,120,83,121,113,85,66" hai3="107,114,23,10,106,36,30,34,102,122,86,2,109"/><W60/><G114/><T100/><D123/><N who="2" m="47178" /><F35/><W133/><G122/><T46/><D118/><U124/><E73/><V7/><F113/><W6/><G36/><T31/><D31/><U97/><E116/><V32/><F32/><W61/><G34/><T105/><D65/><U28/><E108/><V19/><F7/><W115/><G115/><T55/><D5/><U90/><E67/><V24/><F66/><W40/><G40/><T27/><D27/><U131/><E131/><N who="2" m="50251" /><F83/><W68/><G68/><T64/><D64/><U76/><E3/><V88/><AGARI ba="0,0" hai="19,21,24,52,54,82,85,88" m="50251,47178" machi="88" ten="30,7900,0" yaku="13,1,19,1,54,2" doraHai="130" who="2" fromWho="2" sc="154,-20,220,-20,301,79,325,-39" />
</Scene>
<Scene>
<INIT seed="4,0,0,1,4,119" ten="134,200,380,286" oya="0" hai0="91,86,28,135,37,88,40,130,63,21,76,56,107" hai1="59,19,7,117,70,23,41,25,96,2,92,15,64" hai2="126,78,47,20,101,8,33,109,120,75,99,38,51" hai3="72,35,125,128,116,114,44,69,48,112,34,113,87"/><T106/><D76/><U45/><E117/><V102/><F33/><W73/><G116/><T42/><D130/><U6/><E70/><V11/><F38/><W27/><G69/><T95/><D135/><U81/><E2/><V122/><F109/><W133/><G133/><T58/><D37/><U36/><E81/><V105/><F102/><W71/><G71/><T124/><D124/><U93/><E15/><V1/><F20/><W67/><G67/><T115/><D115/><U61/><REACH who="1" step="1"/><E92/><REACH who="1" ten="134,190,380,286" step="2"/><V65/><F1/><W50/><G125/><T90/><D107/><U74/><E74/><V22/><F75/><W29/><G128/><T110/><D106/><U79/><E79/><V98/><F78/><W84/><G73/><T66/><D110/><U127/><E127/><V103/><F105/><W123/><G72/><T83/><D58/><U89/><AGARI ba="0,1" hai="6,7,19,23,25,36,41,45,59,61,64,89,93,96" machi="89" ten="20,5200,0" yaku="1,1,0,1,7,1,53,1" doraHai="119" doraHaiUra="54" who="1" fromWho="1" sc="134,-26,190,62,380,-13,286,-13" />
</Scene>
<Scene>
<INIT seed="5,0,0,0,2,6" ten="108,252,367,273" oya="1" hai0="123,73,20,79,0,93,70,59,46,104,109,106,54" hai1="135,39,128,18,78,52,125,122,126,66,13,82,103" hai2="86,21,96,63,3,83,23,121,130,108,38,26,17" hai3="76,44,67,132,98,5,114,48,68,61,91,50,112"/><U119/><E122/><V14/><F108/><W90/><G76/><T105/><D109/><U129/><E119/><V110/><F110/><W111/><G111/><T102/><D123/><U53/><E39/><V99/><F121/><W55/><G132/><T27/><D70/><U34/><E34/><V75/><F75/><W31/><G31/><T49/><D0/><U62/><E103/><V133/><F130/><N who="1" m="50281" /><E135/><V124/><F133/><W7/><G50/><T80/><D93/><U33/><E33/><V84/><F3/><W40/><G40/><T4/><D4/><N who="3" m="1609" /><G98/><T22/><D22/><N who="1" m="11599" /><E66/><V57/><F38/><W88/><G68/><T85/><D73/><N who="1" m="43343" /><E62/><V127/><F63/><W64/><G61/><T25/><D102/><U120/><E120/><V29/><F86/><W101/><G101/><T15/><D15/><U9/><E9/><V12/><F84/><W81/><G81/><T94/><D94/><U71/><E71/><V11/><F83/><W30/><G30/><T41/><REACH who="0" step="1"/><D20/><REACH who="0" ten="98,252,367,273" step="2"/><U107/><E107/><V134/><F21/><W28/><G28/><T69/><D69/><U117/><E117/><V36/><F29/><W42/><G67/><T10/><D10/><U58/><E58/><V2/><F11/><W32/><G64/><T8/><D8/><U24/><E24/><V89/><F26/><W65/><G65/><T35/><D35/><U87/><E87/><V47/><F57/><N who="3" m="32999" /><G32/><T131/><D131/><U118/><E118/><V113/><F134/><W56/><G56/><T116/><D116/><U100/><E100/><V51/><F23/><W95/><G95/><RYUUKYOKU ba="0,1" sc="98,10,252,10,367,-30,273,10" hai0="25,27,41,46,49,54,59,79,80,85,104,105,106" hai1="52,53,125,126" hai3="42,44,88,90,91,112,114" />
</Scene>
<Scene>
<INIT seed="5,1,1,4,0,79" ten="108,262,337,283" oya="1" hai0="5,103,114,84,31,20,93,78,97,47,94,77,125" hai1="59,83,51,116,36,131,75,129,42,120,109,82,124" hai2="38,101,123,4,54,14,48,111,134,18,88,119,10" hai3="90,13,40,108,130,19,104,49,70,115,32,41,63"/><U26/><E120/><V102/><F123/><W67/><G108/><T127/><D5/><U1/><E116/><V12/><F111/><W66/><G66/><T61/><D47/><N who="1" m="24007" /><E109/><V121/><F119/><W122/><G122/><T118/><D61/><U113/><E75/><V58/><F134/><W2/><G2/><T112/><D20/><U135/><E1/><V33/><F33/><W85/><G104/><T68/><D31/><U81/><E26/><V96/><F38/><W56/><G32/><T95/><D68/><U132/><E113/><N who="0" m="43625" /><D118/><U44/><E59/><V71/><F71/><W55/><G115/><T34/><D34/><U73/><E73/><V62/><F121/><W39/><G39/><T50/><D50/><U8/><E8/><N who="2" m="4103" /><F48/><W43/><G130/><N who="1" m="49674" /><E124/><N who="0" m="47689" /><D84/><U91/><E91/><V65/><F65/><W105/><G40/><AGARI ba="1,1" hai="40,44,51,81,82,83,132,135" m="49674,24007" machi="40" ten="30,11600,0" yaku="19,1,52,3" doraHai="79" who="1" fromWho="3" sc="108,0,262,129,337,0,283,-119" />
</Scene>
<Scene>
<INIT seed="5,2,0,2,3,98" ten="108,391,337,164" oya="1" hai0="120,14,77,15,29,2,59,55,5,57,129,38,28" hai1="8,118,45,105,67,121,7,43,76,114,108,9,40" hai2="13,44,135,4,85,91,127,49,48,130,53,16,79" hai3="31,10,36,116,95,83,12,37,61,3,73,112,74"/><U111/><E121/><V26/><F127/><W86/><G3/><T113/><D38/><U50/><E118/><V88/><F130/><W25/><G116/><T18/><D129/><U62/><E105/><V0/><F135/><W102/><G112/><T63/><D113/><U115/><E76/><V119/><F0/><W131/><G131/><T70/><D70/><N who="1" m="42359" /><E9/><N who="2" m="4263" /><F119/><W100/><G37/><T24/><D120/><U22/><E22/><N who="2" m="13639" /><F49/><W107/><G36/><T75/><D2/><N who="1" m="119" /><E40/><V33/><F33/><W101/><G107/><T54/><D75/><U30/><E30/><V35/><F35/><W94/><G74/><T97/><D77/><U52/><E43/><V81/><AGARI ba="2,0" hai="44,48,53,79,81,85,88,91" m="13639,4263" machi="81" ten="30,4000,0" yaku="8,1,54,2" doraHai="98" who="2" fromWho="2" sc="108,-12,391,-22,337,46,164,-12" />
</Scene>
<Scene>
<INIT seed="6,0,0,5,4,102" ten="96,369,383,152" oya="2" hai0="28,100,118,32,57,80,84,41,95,114,64,99,119" hai1="120,70,78,67,27,48,14,10,58,62,106,7,68" hai2="63,82,21,45,51,91,36,129,111,37,76,130,26" hai3="131,127,135,16,54,74,77,47,56,20,81,126,69"/><V122/><F122/><W73/><G69/><T90/><D41/><U8/><E106/><V93/><F63/><W52/><G135/><T15/><D114/><U9/><E120/><V125/><F125/><N who="3" m="47627" /><G131/><N who="2" m="50185" /><F91/><W89/><G89/><T88/><D64/><U104/><E104/><V6/><F93/><W49/><G54/><T30/><D32/><U0/><E78/><V40/><F6/><W42/><G81/><T46/><D46/><U12/><E27/><V59/><F59/><W72/><G77/><T3/><D3/><U98/><E98/><V113/><F111/><W103/><G103/><T33/><D33/><U108/><E108/><V38/><F113/><W107/><G107/><N who="0" m="63903" /><D15/><U39/><E70/><V71/><F71/><W92/><G92/><T13/><D13/><U121/><E121/><V115/><F115/><W50/><G72/><T55/><D55/><U109/><E109/><V44/><F44/><W86/><G86/><N who="0" m="52631" /><D57/><U101/><E101/><V94/><F45/><W75/><G75/><T134/><D134/><U110/><E110/><V66/><F40/><W123/><G123/><T85/><D85/><U25/><E68/><V133/><F66/><W61/><G61/><T112/><D112/><U34/><E67/><V4/><F133/><W96/><G96/><T87/><D87/><U128/><E128/><V24/><F26/><AGARI ba="0,0" hai="16,20,26,42,47,49,50,52,56,73,74" m="47627" machi="26" ten="30,3900,0" yaku="18,1,54,2" doraHai="102" who="3" fromWho="2" sc="96,0,369,0,383,-39,152,39" />
</Scene>
<Scene>
<INIT seed="7,0,0,1,4,98" ten="96,369,344,191" oya="3" hai0="108,111,120,60,110,93,54,18,81,87,7,17,58" hai1="97,124,11,90,38,106,9,76,68,28,43,22,26" hai2="131,20,53,89,19,73,34,40,32,69,104,128,59" hai3="67,71,13,126,86,121,75,29,56,35,77,64,107"/><W132/><G121/><T88/><D120/><U24/><E68/><V15/><F73/><W45/><G107/><T52/><D7/><U1/><E124/><V10/><F69/><W30/><G75/><T12/><D12/><U100/><E76/><V23/><F40/><W118/><G118/><T119/><D119/><U130/><E130/><N who="2" m="49707" /><F89/><W2/><G2/><T8/><D8/><U5/><E11/><N who="2" m="6655" /><F104/><W39/><G132/><T135/><D135/><U101/><E101/><V123/><F123/><W102/><G102/><T99/><REACH who="0" step="1"/><D54/><REACH who="0" ten="86,369,344,191" step="2"/><U92/><E5/><V25/><F53/><W62/><G13/><T78/><AGARI ba="0,1" hai="17,18,52,58,60,78,81,87,88,93,99,108,110,111" machi="78" ten="30,8000,1" yaku="1,1,2,1,0,1,54,2,53,0" doraHai="98" doraHaiUra="47" who="0" fromWho="0" sc="86,90,369,-20,344,-20,191,-40" owari="176,-22.0,349,45.0,324,12.0,151,-35.0" />
</Scene>
</mjloggm>