<mjloggm ver="2.3"><GO type="225"/><UN n0="%46%4C%41%4D%45" n1="%E3%81%A8%E3%81%84%E3%81%A4%E3%81%BE%E3%81%99%E3%81%9F%E3%81%81%E2%99%AA" n2="%43%41%4E%43%45%4C" n3="%E5%A4%AA%E3%81%8F%E3%81%AA%E3%81%84%E3%81%8A" dan="16,16,16,17" rate="2129,2138,2045,2141" sx="M,M,F,M"/><TAIKYOKU oya="0"/>

<Scene>
<INIT seed="0,0,0,4,1,131" ten="250,250,250,250" oya="0" hai0="2,95,118,45,101,103,0,66,36,41,54,133,47" hai1="129,126,26,42,71,65,92,128,116,14,88,114,17" hai2="121,130,76,73,27,49,51,132,32,119,19,123,31" hai3="107,4,87,102,21,48,70,77,12,52,62,43,79"/><T64/><D95/><U97/><E116/><V55/><F130/><N who="1" m="50281" /><E42/><V135/><F119/><W5/><G43/><T34/><D118/><U122/><E122/><V40/><F40/><W86/><G107/><T29/><D29/><U100/><E126/><V115/><F115/><W112/><G112/><T39/><D41/><U105/><E114/><V63/><F19/><N who="3" m="10471" /><G70/><T69/><D54/><U50/><E50/><V108/><F108/><W81/><G102/><T68/><REACH who="0" step="1"/><D34/><REACH who="0" ten="240,250,250,250" step="2"/><U127/><E127/><V30/><F30/><W85/><G62/><T110/><D110/><U80/><E80/><N who="2" m="45071" /><F63/><W58/><G81/><T1/><D1/><U10/><E65/><V24/><F55/><W60/><G60/><T120/><D120/><N who="2" m="46154" /><F27/><W104/><G104/><T99/><D99/><N who="1" m="57735" /><E26/><V7/><F7/><AGARI ba="0,1" hai="4,5,7,48,52,58,77,79,85,86,87" m="10471" machi="7" ten="30,2000,0" yaku="8,1,54,1" doraHai="131" who="3" fromWho="2" sc="240,0,250,0,250,-20,250,30" />
</Scene>
<Scene>
<INIT seed="1,0,0,0,3,73" ten="240,250,230,280" oya="1" hai0="22,4,116,53,17,49,46,2,111,12,117,108,23" hai1="69,106,71,101,91,88,103,55,78,38,81,79,109" hai2="123,92,6,129,59,56,72,120,102,96,28,24,21" hai3="50,20,0,66,130,80,100,132,52,85,5,27,82"/><U10/><E38/><V107/><F129/><W51/><G130/><T47/><D23/><U7/><E109/><N who="0" m="42057" /><D47/><U115/><E115/><V31/><F72/><W15/><G0/><T42/><D42/><U77/><E55/><V26/><F6/><W93/><G132/><T118/><D4/><U76/><E69/><V98/><F123/><W87/><G66/><T114/><D2/><U25/><E71/><V58/><F120/><W19/><G100/><N who="1" m="38474" /><E106/><V95/><REACH who="2" step="1"/><F98/><REACH who="2" ten="240,250,220,280" step="2"/><W39/><G5/><T36/><D36/><U126/><E126/><V33/><AGARI ba="0,1" hai="21,24,26,28,31,33,56,58,59,92,95,96,102,107" machi="33" ten="30,4000,0" yaku="1,1,2,1,0,1,53,0" doraHai="73" doraHaiUra="65" who="2" fromWho="2" sc="240,-10,250,-20,220,50,280,-10" />
</Scene>
<Scene>
<INIT seed="2,0,0,2,1,19" ten="230,230,270,270" oya="2" hai0="42,16,96,65,9,55,125,118,28,112,13,81,47" hai1="37,114,58,38,48,17,107,134,76,26,27,106,4" hai2="86,101,52,95,51,98,75,131,2,80,122,135,105" hai3="72,133,120,15,110,130,103,1,14,116,64,84,71"/><V6/><F122/><W50/><G120/><T63/><D112/><U113/><E76/><V35/><F35/><W104/><G116/><T33/><D118/><U74/><E74/><V119/><F119/><W11/><G72/><T46/><D125/><U85/><E85/><V56/><F135/><W123/><G123/><T132/><D132/><U69/><E69/><V79/><F131/><W57/><G71/><T111/><D111/><U77/><E77/><V91/><F6/><W0/><G133/><T82/><D55/><U124/><E4/><V10/><F10/><W29/><G29/><T43/><D96/><U59/><E134/><V70/><F70/><W24/><G24/><T30/><D33/><U20/><E124/><V21/><F2/><W18/><G110/><T34/><D34/><U8/><E8/><V41/><F41/><W128/><G84/><T3/><D3/><U40/><E40/><N who="0" m="15401" /><D30/><U109/><E109/><V68/><F68/><W99/><G15/><T93/><D93/><U36/><E48/><V108/><F108/><W90/><G50/><T45/><D28/><U54/><E54/><V60/><F51/><W73/><G73/><T83/><D63/><U94/><E94/><V121/><F121/><W78/><G0/><T102/><D102/><U23/><E38/><V5/><F5/><W32/><G1/><T67/><AGARI ba="0,0" hai="9,13,16,45,46,47,65,67,81,82,83" m="15401" machi="67" ten="40,2700,0" yaku="8,1,54,1" doraHai="19" who="0" fromWho="0" sc="230,27,230,-7,270,-13,270,-7" />
</Scene>
<Scene>
<INIT seed="3,0,0,4,1,73" ten="257,223,257,263" oya="3" hai0="135,25,38,108,21,95,18,78,42,83,2,15,22" hai1="28,76,107,34,55,20,49,51,103,26,27,92,64" hai2="52,104,122,118,66,59,123,43,124,74,14,98,86" hai3="60,102,48,81,109,89,117,45,94,23,128,90,121"/><W8/><G121/><N who="2" m="46089" /><F118/><W47/><G117/><T79/><D2/><U131/><E107/><V24/><F124/><W57/><G128/><T33/><D33/><U61/><E131/><V50/><F74/><W119/><G119/><T113/><D108/><U12/><E12/><V91/><F43/><W56/><G109/><T72/><D135/><U112/><E112/><V133/><F133/><W63/><G8/><T115/><D42/><U44/><E51/><V53/><F66/><W54/><G23/><T105/><D38/><U114/><E114/><N who="0" m="43529" /><D105/><U110/><E110/><V58/><F14/><W10/><G10/><T65/><D65/><U84/><E103/><N who="2" m="62583" /><F24/><W96/><G81/><N who="0" m="45255" /><D95/><U1/><E1/><V100/><F100/><W4/><G4/><T106/><D106/><U82/><E92/><N who="2" m="54391" /><F53/><W126/><G126/><T77/><D83/><U0/><E0/><V3/><F3/><W13/><G13/><T93/><D93/><U9/><E9/><V36/><F36/><W75/><G75/><T70/><D70/><U29/><REACH who="1" step="1"/><E64/><REACH who="1" ten="257,213,257,263" step="2"/><V85/><F85/><W80/><G48/><T46/><D46/><AGARI ba="0,1" hai="46,50,52,58,59" m="54391,62583,46089" machi="46" ten="30,2000,0" yaku="13,1,54,1" doraHai="73" who="2" fromWho="0" sc="257,-20,213,0,257,30,263,0" />
</Scene>
<Scene>
<INIT seed="4,0,0,0,0,96" ten="237,213,287,263" oya="0" hai0="24,67,120,114,101,102,74,9,90,89,46,115,111" hai1="48,63,65,132,27,57,37,92,73,119,56,18,54" hai2="15,31,35,30,107,49,103,4,16,85,40,77,58" hai3="36,28,122,133,10,5,125,39,60,53,66,21,59"/><T80/><D67/><U106/><E106/><V91/><F77/><W38/><G133/><T17/><D120/><U82/><E37/><V72/><F72/><W93/><G125/><T8/><D46/><U98/><E132/><V7/><F107/><W130/><G130/><T45/><D45/><U70/><E119/><V71/><F71/><W55/><G122/><T94/><D111/><U34/><E73/><V127/><F103/><N who="0" m="39434" /><D24/><U61/><E82/><N who="2" m="49591" /><F127/><W78/><G78/><N who="0" m="44119" /><D17/><U52/><E18/><V123/><F123/><W135/><G135/><T117/><D117/><U95/><REACH who="1" step="1"/><E98/><REACH who="1" ten="237,203,287,263" step="2"/><V13/><F16/><W26/><G93/><T81/><D81/><U75/><E75/><V118/><F118/><W50/><G38/><T112/><D90/><U47/><E47/><V86/><F7/><W2/><G39/><T116/><D116/><U108/><E108/><V84/><F4/><W22/><G36/><T87/><AGARI ba="0,1" hai="8,9,87,89,94,112,114,115" m="44119,39434" machi="87" ten="40,12000,1" yaku="15,1,52,3" doraHai="96" who="0" fromWho="0" sc="237,130,203,-40,287,-40,263,-40" owari="367,47.0,163,-34.0,247,5.0,223,-18.0" />
</Scene>
</mjloggm>