<mjloggm ver="2.3"><GO type="41"/><UN n0="%6D%69%6E%74" n1="%E5%A4%AA%E3%81%8F%E3%81%AA%E3%81%84%E3%81%8A" n2="%E3%81%98%E3%82%87%E3%83%BC%E3%81%A1%EF%BC%91%EF%BC%92%EF%BC%90%EF%BC%99" n3="%E7%86%8A%E3%82%AB%E3%83%AC%E3%83%BC" dan="15,15,13,14" rate="2001,2035,1909,1850" sx="F,M,M,F"/><TAIKYOKU oya="0"/>

<Scene>
<INIT seed="0,0,0,4,2,81" ten="250,250,250,250" oya="0" hai0="52,45,102,95,76,127,11,28,24,29,26,2,100" hai1="49,103,64,74,46,97,107,123,99,4,5,116,131" hai2="135,86,0,75,42,8,16,126,72,70,39,90,34" hai3="41,77,17,1,87,125,96,43,79,61,59,105,20"/><T58/><D127/><U134/><E123/><V132/><F70/><W120/><G120/><T31/><D45/><U115/><E116/><V44/><F34/><W106/><G125/><T57/><D76/><U89/><E74/><V133/><F126/><W35/><G35/><T69/><D69/><U6/><E131/><V3/><F3/><W67/><G1/><T68/><D68/><U12/><E134/><V30/><F30/><W13/><G106/><T101/><D2/><U25/><E115/><V63/><F63/><W104/><G104/><T84/><D11/><U22/><E64/><V80/><F0/><W48/><G105/><T54/><D95/><U40/><E97/><V19/><REACH who="2" step="1"/><F8/><REACH who="2" ten="250,250,240,250" step="2"/><W56/><G61/><T88/><D58/><U98/><E22/><V118/><F118/><W60/><G60/><N who="0" m="35879" /><D54/><U15/><E46/><V92/><F92/><W94/><G56/><T114/><D114/><U113/><E113/><V78/><F78/><W50/><G59/><T55/><D55/><U130/><E107/><V129/><F129/><W14/><G77/><T21/><D21/><U83/><E130/><V73/><AGARI ba="0,1" hai="16,19,39,42,44,72,73,75,80,86,90,132,133,135" machi="73" ten="40,12000,2" yaku="1,1,0,1,20,1,52,1,54,1,53,1" doraHai="81" doraHaiUra="82" who="2" fromWho="2" sc="250,-60,250,-30,240,130,250,-30" />
</Scene>
<Scene>
<INIT seed="1,0,0,5,3,121" ten="190,220,370,220" oya="1" hai0="131,115,20,92,82,61,94,116,2,78,125,40,96" hai1="45,117,63,60,118,29,21,81,102,8,85,39,79" hai2="22,99,66,83,72,7,90,67,47,109,48,98,132" hai3="0,9,57,113,14,49,77,108,114,59,95,88,31"/><U15/><E102/><V56/><F132/><W38/><G38/><T107/><D2/><U36/><E118/><V84/><F7/><W62/><G0/><T106/><D40/><U101/><E117/><V74/><F74/><W18/><G31/><T33/><D33/><U65/><E101/><V54/><F72/><W4/><G4/><T87/><D20/><U42/><E39/><V41/><F22/><W25/><G25/><T71/><D71/><U43/><E43/><V124/><F124/><W104/><G104/><T119/><D61/><U105/><E105/><V6/><F6/><W80/><G108/><T50/><D50/><U122/><E122/><V112/><F112/><W133/><G49/><T12/><D12/><U44/><E44/><V1/><F1/><W128/><G128/><T55/><D55/><U16/><REACH who="1" step="1"/><E65/><REACH who="1" ten="190,210,370,220" step="2"/><N who="2" m="24587" /><F109/><W120/><G120/><T126/><D119/><U24/><AGARI ba="0,1" hai="8,15,16,21,24,29,36,42,45,60,63,79,81,85" machi="24" ten="30,11700,0" yaku="1,1,0,1,54,1,53,1" doraHai="121" doraHaiUra="76" who="1" fromWho="1" sc="190,-39,210,127,370,-39,220,-39" />
</Scene>
<Scene>
<INIT seed="1,1,0,4,0,89" ten="151,337,331,181" oya="1" hai0="49,48,128,91,90,76,44,61,20,51,78,132,16" hai1="57,55,63,47,26,82,116,21,84,2,14,121,102" hai2="113,123,59,106,4,29,103,105,115,52,1,12,62" hai3="65,28,67,74,134,11,124,53,5,118,56,0,27"/><U120/><E2/><V9/><F123/><W15/><G74/><T122/><D122/><U43/><E116/><V88/><F29/><W86/><G118/><T80/><D132/><U83/><E102/><V127/><F127/><W94/><G134/><T130/><D44/><U77/><E14/><V45/><F103/><W8/><G124/><T68/><D61/><U96/><E83/><V133/><F133/><W87/><G0/><T109/><D68/><U60/><E96/><V81/><F45/><W24/><G24/><T6/><D6/><U46/><E63/><V79/><F1/><W23/><G11/><T31/><D31/><U126/><E46/><V3/><F3/><W112/><G112/><N who="2" m="43081" /><F79/><W73/><G73/><T98/><D109/><U111/><E111/><V36/><F36/><W50/><G86/><AGARI ba="1,0" hai="4,9,12,52,59,62,81,86,88,105,106" m="43081" machi="86" ten="30,3900,0" yaku="11,1,54,2" doraHai="89" who="2" fromWho="3" sc="151,0,337,0,331,42,181,-42" />
</Scene>
<Scene>
<INIT seed="2,0,0,0,4,70" ten="151,337,373,139" oya="2" hai0="135,67,66,108,82,94,65,81,77,115,38,126,55" hai1="18,24,91,128,32,71,57,34,109,69,10,99,125" hai2="92,61,53,96,90,43,101,103,41,98,21,9,36" hai3="100,111,107,62,60,20,49,17,59,122,16,95,29"/><V134/><F134/><W79/><G111/><T37/><D115/><U114/><E114/><V22/><F9/><W84/><G122/><T14/><D135/><U23/><E109/><V89/><F36/><W46/><G107/><T133/><D133/><U131/><E125/><V50/><F61/><W25/><G60/><T117/><D108/><U15/><E57/><V105/><F41/><W129/><G129/><N who="1" m="49738" /><E99/><V52/><F43/><W116/><G116/><T47/><D117/><U78/><E78/><V26/><F22/><W75/><G75/><T127/><D14/><U118/><E91/><V58/><REACH who="2" step="1"/><F53/><REACH who="2" ten="151,337,363,139" step="2"/><N who="3" m="29879" /><G100/><T2/><D2/><U112/><E118/><V6/><F6/><W4/><G4/><T51/><D94/><U30/><E112/><V19/><AGARI ba="0,1" hai="19,21,26,50,52,58,89,90,92,96,98,101,103,105" machi="19" ten="20,7800,0" yaku="1,1,0,1,7,1,54,1,53,0" doraHai="70" doraHaiUra="1" who="2" fromWho="2" sc="151,-26,337,-26,363,88,139,-26" />
</Scene>
<Scene>
<INIT seed="2,1,0,2,4,93" ten="125,311,451,113" oya="2" hai0="88,42,32,46,6,131,7,83,114,5,82,86,71" hai1="115,10,85,72,102,17,110,54,37,76,44,56,128" hai2="30,21,36,61,129,26,103,2,25,18,91,98,118" hai3="27,12,66,74,123,34,45,23,92,38,51,80,39"/><V69/><F36/><W62/><G123/><T20/><D71/><U63/><E115/><V43/><F2/><W65/><G34/><T134/><D114/><U4/><E110/><V8/><F43/><W89/><G12/><T53/><D134/><U40/><E128/><V79/><F79/><W60/><G60/><T49/><D131/><U101/><E17/><V35/><F129/><W130/><G130/><T126/><D126/><U31/><E31/><V16/><F118/><W120/><G120/><T127/><D127/><U41/><E41/><V109/><F109/><W9/><G9/><T81/><D32/><U116/><E116/><V97/><F8/><W55/><G74/><T122/><D122/><U48/><E72/><V133/><F18/><W135/><G66/><T52/><REACH who="0" step="1"/><D20/><REACH who="0" ten="115,311,451,113" step="2"/><U1/><E37/><V87/><F133/><W111/><G135/><T90/><D90/><U70/><E70/><V119/><F119/><W75/><G111/><T95/><AGARI ba="1,1" hai="5,6,7,42,46,49,52,53,81,82,83,86,88,95" machi="95" ten="30,8000,1" yaku="1,1,0,1,8,1,54,2,53,0" doraHai="93" doraHaiUra="132" who="0" fromWho="0" sc="115,93,311,-21,451,-41,113,-21" />
</Scene>
<Scene>
<INIT seed="3,0,0,5,0,109" ten="208,290,410,92" oya="3" hai0="21,32,75,98,86,59,55,106,85,84,112,119,11" hai1="105,90,134,29,14,123,42,2,82,46,1,107,71" hai2="108,93,114,131,58,38,24,53,34,74,63,113,118" hai3="10,115,33,25,91,94,76,30,61,18,128,81,116"/><W69/><G116/><T125/><D32/><U35/><E14/><V47/><F74/><W56/><G128/><T110/><D119/><U40/><E90/><V66/><F118/><W17/><G69/><T36/><D36/><N who="1" m="21767" /><E42/><V133/><F108/><W60/><G115/><T120/><D120/><U15/><E15/><V23/><F34/><W27/><G18/><T4/><D110/><U43/><E43/><V67/><F67/><W41/><G41/><T64/><D75/><U97/><E82/><V89/><F38/><W5/><G56/><T39/><D39/><U126/><E123/><V129/><F133/><W78/><G78/><T44/><D64/><U54/><E54/><V51/><F129/><W88/><G91/><T73/><D73/><U121/><E71/><V13/><F13/><W122/><G122/><T111/><D111/><U12/><E12/><V95/><F95/><W124/><G124/><T37/><D125/><U102/><E121/><V57/><F57/><W62/><G17/><T50/><D21/><U52/><E52/><V132/><F131/><W96/><G33/><T104/><D98/><N who="1" m="61655" /><E126/><V130/><F130/><W49/><G49/><T31/><D31/><U103/><E134/><V79/><F132/><W92/><G30/><T26/><D26/><AGARI ba="0,0" hai="1,2,26,29,35,97,103,107" m="61655,21767" machi="26" ten="30,2000,0" yaku="33,2" doraHai="109" who="1" fromWho="0" sc="208,-20,290,20,410,0,92,0" />
</Scene>
<Scene>
<INIT seed="4,0,0,1,4,124" ten="188,310,410,92" oya="0" hai0="66,49,37,101,106,63,6,116,52,14,10,125,18" hai1="104,69,68,32,84,70,120,33,133,55,102,72,105" hai2="23,114,5,97,3,100,94,22,31,118,74,57,90" hai3="44,7,115,77,42,47,131,59,76,8,128,89,87"/><T24/><D116/><U29/><E120/><V134/><F74/><W91/><G115/><T12/><D125/><U28/><E72/><V40/><F114/><W65/><G65/><T99/><D37/><U96/><E133/><V38/><F118/><W117/><G117/><T88/><D24/><U129/><E84/><V58/><F134/><W103/><G103/><T36/><D36/><U95/><E55/><V98/><F38/><N who="3" m="21591" /><G47/><T21/><D63/><U113/><E113/><V123/><F40/><W67/><G67/><T64/><REACH who="0" step="1"/><D88/><REACH who="0" ten="178,310,410,92" step="2"/><U81/><E81/><V43/><F90/><N who="3" m="34315" /><G59/><AGARI ba="0,1" hai="6,10,12,14,18,21,49,52,59,64,66,99,101,106" machi="59" ten="30,5800,0" yaku="1,1,7,1,54,1,53,0" doraHai="124" doraHaiUra="126" who="0" fromWho="3" sc="178,68,310,0,410,0,92,-58" />
</Scene>
<Scene>
<INIT seed="4,1,0,1,5,2" ten="246,310,410,34" oya="0" hai0="98,89,26,49,79,118,121,0,120,111,135,92,47" hai1="19,22,6,105,3,39,31,90,23,104,81,97,117" hai2="128,68,132,114,122,100,54,126,44,5,110,123,38" hai3="45,76,112,57,61,56,13,131,88,115,77,21,82"/><T103/><D118/><U124/><E117/><V52/><F100/><W72/><G77/><T35/><D135/><U119/><E119/><V27/><F27/><W125/><G131/><T74/><D111/><U108/><E39/><V71/><F110/><W95/><G125/><T48/><D0/><U67/><E108/><V106/><F106/><W62/><G45/><T30/><D49/><U1/><E124/><V43/><F126/><W50/><G50/><T127/><D127/><U34/><E67/><V12/><F128/><W116/><G116/><T9/><D9/><U28/><E34/><V4/><F12/><W33/><G33/><T11/><D11/><U41/><E41/><V109/><F109/><W107/><G107/><T42/><REACH who="0" step="1"/><D89/><REACH who="0" ten="236,310,410,34" step="2"/><U93/><E1/><V78/><F132/><W29/><G88/><T96/><D96/><U91/><E91/><V7/><F78/><W73/><G95/><T20/><D20/><U87/><E23/><V80/><F122/><W14/><G73/><T40/><D40/><U58/><E105/><V64/><F123/><W101/><G101/><T55/><D55/><U24/><E104/><V134/><F134/><W51/><G51/><T102/><D102/><U36/><E97/><V75/><F64/><W53/><G21/><T129/><D129/><U85/><E93/><V60/><F60/><W69/><G69/><T94/><D94/><U10/><E87/><V66/><F66/><N who="3" m="39207" /><G29/><N who="1" m="11338" /><E36/><V46/><F68/><W17/><G17/><T15/><D15/><U86/><E85/><V32/><F71/><W16/><G16/><T25/><D25/><RYUUKYOKU ba="1,1" sc="236,10,310,10,410,-30,34,10" hai0="26,30,35,42,47,48,74,79,92,98,103,120,121" hai1="3,6,10,19,22,24,58,81,86,90" hai3="13,14,53,57,62,72,76,82,112,115" />
</Scene>
<Scene>
<INIT seed="4,2,1,1,0,82" ten="246,320,380,44" oya="0" hai0="74,124,132,61,34,30,76,120,50,118,27,88,73" hai1="38,58,97,54,101,47,32,26,33,98,104,95,91" hai2="36,43,70,17,78,3,67,107,20,94,56,8,100" hai3="15,83,6,21,29,46,109,75,85,129,84,64,41"/><T93/><D120/><U40/><REACH who="1" step="1"/><E26/><REACH who="1" ten="246,310,380,44" step="2"/><V23/><F70/><W117/><G117/><T135/><D118/><U130/><E130/><V90/><F107/><W125/><G129/><T4/><D124/><U63/><AGARI ba="2,2" hai="32,33,38,40,47,54,58,63,91,95,97,98,101,104" machi="63" ten="20,5200,0" yaku="21,2,0,1,7,1,53,0" doraHai="82" doraHaiUra="0" who="1" fromWho="1" sc="246,-28,310,78,380,-15,44,-15" />
</Scene>
<Scene>
<INIT seed="5,0,0,4,2,26" ten="218,388,365,29" oya="1" hai0="112,99,107,58,77,25,124,20,42,18,23,63,103" hai1="94,84,12,53,88,97,113,129,66,24,68,64,41" hai2="76,3,55,15,95,11,102,114,128,47,89,70,6" hai3="61,49,29,130,67,35,91,2,116,85,59,38,48"/><U31/><E113/><V27/><F70/><W80/><G38/><T33/><D112/><U56/><E129/><V62/><F76/><W111/><G130/><T69/><D124/><U34/><E41/><V119/><F114/><W8/><G116/><T46/><D69/><U120/><E120/><V36/><F128/><W65/><G111/><T19/><D77/><U13/><E68/><V10/><F119/><W121/><G121/><T16/><D33/><U125/><E125/><V86/><F102/><W50/><G67/><T44/><D42/><U9/><E97/><V37/><F27/><W100/><G100/><T73/><D73/><U7/><REACH who="1" step="1"/><E13/><REACH who="1" ten="218,378,365,29" step="2"/><V30/><F3/><W134/><G134/><T98/><D98/><U123/><E123/><V108/><F108/><W60/><G35/><T0/><D0/><U5/><E5/><V75/><F75/><W79/><G2/><T14/><REACH who="0" step="1"/><D19/><REACH who="0" ten="208,378,365,29" step="2"/><U81/><E81/><V57/><F6/><W43/><G43/><T21/><D21/><U106/><E106/><V93/><F10/><W90/><G8/><T78/><D78/><U22/><E22/><V110/><F11/><W28/><REACH who="3" step="1"/><G61/><AGARI ba="0,2" hai="7,9,12,24,31,34,53,56,61,64,66,84,88,94" machi="61" ten="30,11600,0" yaku="1,1,7,1,52,1,54,1,53,0" doraHai="26" doraHaiUra="117" who="1" fromWho="3" sc="208,0,378,136,365,0,29,-116" owari="208,-19.0,514,61.0,365,17.0,-87,-59.0" />
</Scene>
</mjloggm>