<mjloggm ver="2.3"><GO type="169"/><UN n0="%E5%A4%AA%E3%81%8F%E3%81%AA%E3%81%84%E3%81%8A" n1="%E3%81%AF%E3%81%90%E3%82%8C%E3%83%9F%E3%83%B3%E3%83%88" n2="%E5%AF%82%E5%A4%9C%E9%9C%BD%E6%9C%88" n3="%6D%61%63%6A%72" dan="17,16,16,16" rate="2158,2061,2126,2114" sx="M,F,M,M"/><TAIKYOKU oya="0"/>

<Scene>
<INIT seed="0,0,0,3,2,19" ten="250,250,250,250" oya="0" hai0="71,66,104,22,98,122,59,92,100,75,10,96,25" hai1="40,79,115,62,107,64,44,30,54,103,58,116,8" hai2="38,61,52,121,77,63,82,129,85,128,70,17,42" hai3="3,76,101,87,12,68,29,124,18,106,94,37,53"/><T81/><D122/><U60/><E116/><V126/><F121/><W72/><G3/><T23/><D71/><U109/><E109/><V89/><F126/><W31/><G124/><T131/><D131/><N who="2" m="50250" /><F70/><W125/><G125/><T118/><D118/><U50/><E115/><V108/><F108/><W88/><G37/><T133/><D133/><U5/><E79/><V84/><F38/><W14/><G68/><T112/><D112/><U9/><E5/><V91/><F42/><W34/><G34/><T13/><D75/><U78/><E78/><V11/><F52/><W114/><G114/><T36/><D36/><U123/><E123/><V110/><F110/><W47/><G47/><T67/><D81/><U135/><E135/><V117/><F117/><W65/><G65/><T49/><D49/><U41/><E40/><V55/><F55/><W6/><G53/><T102/><D59/><U74/><E74/><V69/><F69/><W33/><G33/><T26/><D26/><U4/><E4/><V7/><F17/><W35/><G18/><T48/><D48/><U2/><E2/><N who="2" m="503" /><F77/><W90/><G6/><T119/><D119/><U83/><E30/><V130/><N who="2" m="50258" /><V73/><DORA hai="105" /><F73/><W127/><G127/><T97/><D67/><U80/><E64/><V120/><F120/><W132/><G132/><T113/><D66/><U93/><E62/><V51/><F51/><W43/><G43/><T56/><D113/><U45/><E45/><V32/><F32/><W24/><G31/><T111/><D111/><U46/><E46/><V27/><F27/><W99/><G35/><RYUUKYOKU ba="0,0" sc="250,-10,250,-10,250,30,250,-10" hai2="61,63,82,84,85,89,91" />
</Scene>
<Scene>
<INIT seed="1,1,0,2,1,19" ten="240,240,280,240" oya="1" hai0="24,80,78,86,133,107,31,17,111,120,66,46,110" hai1="8,43,53,18,124,28,69,77,34,59,60,29,73" hai2="95,56,122,48,51,131,99,45,5,79,121,116,26" hai3="65,134,70,39,15,10,12,16,21,82,88,2,87"/><U57/><E69/><V119/><F131/><W94/><G39/><T32/><D107/><U103/><E124/><V128/><F128/><W71/><G2/><T118/><D118/><U75/><E43/><V112/><F5/><W91/><G134/><T40/><D133/><U67/><E103/><V41/><F112/><W113/><G113/><T61/><D120/><U58/><E34/><V20/><F79/><W96/><REACH who="3" step="1"/><G65/><REACH who="3" ten="240,240,280,230" step="2"/><T123/><D123/><U108/><E67/><V74/><F121/><W4/><AGARI ba="1,1" hai="4,10,12,15,16,21,70,71,82,87,88,91,94,96" machi="4" ten="20,12000,2" yaku="1,1,2,1,0,1,7,1,52,1,54,2,53,0" doraHai="19" doraHaiUra="42" who="3" fromWho="3" sc="240,-31,240,-61,280,-31,230,133" />
</Scene>
<Scene>
<INIT seed="2,0,0,1,4,117" ten="209,179,249,363" oya="2" hai0="22,54,19,114,135,98,9,93,30,76,112,11,4" hai1="94,131,18,90,97,50,118,21,31,42,86,47,129" hai2="38,119,55,77,102,132,78,106,43,83,37,69,127" hai3="62,28,56,60,15,41,61,12,13,17,82,58,5"/><V57/><F119/><W123/><G28/><T88/><D135/><U25/><E118/><V64/><F132/><W1/><G41/><T104/><D104/><U65/><E65/><V68/><F127/><W113/><G113/><T49/><D76/><U66/><E66/><V101/><F78/><W7/><G1/><T3/><D11/><U40/><E40/><V115/><F115/><W24/><G82/><T125/><D30/><U111/><E111/><V70/><F64/><W109/><G109/><T75/><D75/><U20/><REACH who="1" step="1"/><E97/><REACH who="1" ten="209,169,249,363" step="2"/><V67/><F67/><W79/><G7/><T33/><D125/><U32/><E32/><V91/><F43/><W0/><G5/><T85/><D98/><U46/><E46/><V23/><F70/><W130/><G56/><T29/><D33/><U35/><E35/><V116/><F69/><W14/><G58/><T72/><D29/><U121/><E121/><V124/><F68/><W6/><G6/><T27/><REACH who="0" step="1"/><D72/><REACH who="0" ten="199,169,249,363" step="2"/><U45/><E45/><AGARI ba="0,2" hai="3,4,9,19,22,27,45,49,54,85,88,93,112,114" machi="45" ten="30,8000,1" yaku="1,1,2,1,7,1,54,1,53,1" doraHai="117" doraHaiUra="51" who="0" fromWho="1" sc="199,100,169,-80,249,0,363,0" />
</Scene>
<Scene>
<INIT seed="3,0,0,2,5,40" ten="299,89,249,363" oya="3" hai0="5,113,74,64,122,6,1,35,50,62,73,12,111" hai1="13,25,58,69,101,103,16,119,31,135,88,48,99" hai2="53,84,68,47,80,65,71,82,38,63,112,128,129" hai3="67,132,96,51,46,2,26,60,98,22,81,42,115"/><W131/><G115/><T4/><D122/><U27/><E69/><V24/><F112/><W49/><G2/><T55/><D113/><U8/><E135/><V39/><F24/><N who="1" m="9289" /><E119/><V14/><F14/><W127/><G132/><T94/><D35/><U90/><E31/><V118/><F118/><W19/><G127/><T43/><D1/><U32/><E32/><V93/><F93/><W10/><G131/><N who="2" m="50249" /><F71/><W9/><G81/><N who="2" m="31337" /><F84/><W116/><G116/><T76/><D12/><U11/><E8/><V56/><F47/><W45/><G9/><T108/><D94/><N who="1" m="58615" /><E103/><V7/><F7/><W23/><G23/><T59/><D76/><U3/><E3/><V87/><F87/><W72/><G10/><T66/><D74/><U79/><E79/><V37/><F37/><W33/><G72/><T15/><D15/><U20/><E11/><V21/><F21/><W57/><REACH who="3" step="1"/><G33/><REACH who="3" ten="299,89,249,353" step="2"/><T17/><D73/><U124/><E124/><V120/><F120/><W41/><AGARI ba="0,1" hai="19,22,26,41,42,45,46,49,51,57,60,67,96,98" machi="41" ten="20,24000,3" yaku="1,1,2,1,0,1,7,1,9,1,8,1,52,2,53,0" doraHai="40" doraHaiUra="30" who="3" fromWho="3" sc="299,-80,89,-80,249,-80,353,250" />
</Scene>
<Scene>
<INIT seed="3,1,0,5,0,71" ten="219,9,169,603" oya="3" hai0="134,117,84,60,129,49,79,34,81,24,1,39,123" hai1="10,22,121,102,59,56,64,110,28,35,13,135,0" hai2="2,68,46,133,6,76,113,63,44,125,106,42,62" hai3="8,18,66,103,54,37,40,111,14,50,131,73,94"/><W75/><G131/><T109/><D123/><U3/><E121/><V132/><F106/><W31/><G111/><T11/><D117/><U99/><E110/><V70/><F76/><W105/><G105/><T17/><D109/><U130/><E130/><V128/><F128/><W25/><G66/><T69/><D129/><U108/><E108/><V85/><F85/><W114/><G114/><T101/><D101/><U33/><E135/><N who="2" m="51787" /><F113/><W4/><G40/><T58/><D134/><U47/><E47/><N who="2" m="17963" /><F125/><W61/><G61/><N who="2" m="23049" /><F6/><W126/><G4/><T72/><D84/><U89/><E89/><V116/><F2/><W97/><G126/><T29/><D1/><N who="1" m="587" /><E64/><V57/><F116/><W27/><G73/><T51/><D69/><N who="2" m="26730" /><F57/><N who="1" m="22089" /><E22/><V74/><F42/><W30/><G75/><AGARI ba="1,0" hai="74,75" m="26730,23049,17963,51787" machi="75" ten="40,5200,0" yaku="28,2,20,1" doraHai="71" who="2" fromWho="3" sc="219,0,9,0,169,55,603,-55" />
</Scene>
<Scene>
<INIT seed="4,0,0,2,1,46" ten="219,9,224,548" oya="0" hai0="79,74,64,86,128,43,134,124,0,15,132,66,58" hai1="112,32,95,54,45,90,109,131,123,49,12,6,104" hai2="17,135,110,125,73,133,107,103,55,126,85,68,89" hai3="19,99,77,63,14,41,16,67,9,75,25,108,27"/><T59/><D0/><U115/><E123/><V70/><F73/><W122/><G108/><T48/><D74/><U7/><E109/><V22/><F110/><W94/><G122/><T56/><D124/><N who="2" m="47722" /><F55/><W29/><G41/><T78/><D128/><U69/><E104/><V1/><F1/><W39/><G39/><T81/><D78/><U118/><E118/><V21/><F103/><W2/><G2/><T38/><D38/><U117/><E117/><V62/><F107/><W4/><G77/><T26/><D26/><U44/><E131/><V20/><F17/><W51/><G51/><T53/><D43/><U33/><E69/><N who="2" m="26731" /><F62/><W10/><G75/><T11/><D134/><N who="2" m="51210" /><F22/><W129/><G129/><T98/><D132/><U60/><E60/><V34/><F34/><N who="1" m="13417" /><E44/><V80/><AGARI ba="0,0" hai="20,21,80,85,89" m="51210,26731,47722" machi="80" ten="40,2700,0" yaku="18,1,20,1" doraHai="46" who="2" fromWho="2" sc="219,-13,9,-7,224,27,548,-7" />
</Scene>
<Scene>
<INIT seed="5,0,0,5,1,57" ten="206,2,251,541" oya="1" hai0="134,107,56,81,14,10,121,0,86,44,21,130,133" hai1="45,43,104,72,69,55,126,50,47,37,96,85,13" hai2="117,64,129,75,67,59,105,79,28,2,9,108,127" hai3="39,31,76,34,66,19,6,29,20,16,99,46,94"/><U73/><E69/><V106/><F117/><W8/><G76/><T90/><D107/><U84/><E126/><V131/><F108/><W116/><G34/><T25/><D0/><U70/><E70/><V93/><F28/><W124/><G124/><T1/><D1/><U71/><E71/><V109/><F109/><W115/><G66/><N who="2" m="25129" /><F59/><W78/><G78/><T100/><D100/><U52/><E13/><V112/><F112/><W102/><G115/><T89/><D130/><N who="2" m="49674" /><F127/><W68/><G68/><T32/><D32/><U83/><E55/><V122/><F93/><W128/><G116/><T97/><D121/><U33/><E33/><V53/><F53/><W51/><G29/><N who="0" m="17583" /><D44/><U88/><E85/><V17/><F122/><W135/><G31/><T27/><D27/><U103/><AGARI ba="0,0" hai="37,43,45,47,50,52,72,73,83,84,88,96,103,104" machi="103" ten="30,6000,0" yaku="0,1,54,2" doraHai="57" who="1" fromWho="1" sc="206,-20,2,60,251,-20,541,-20" />
</Scene>
<Scene>
<INIT seed="5,1,0,4,3,115" ten="186,62,231,521" oya="1" hai0="36,135,4,40,77,90,133,105,114,96,106,29,83" hai1="109,3,10,134,130,55,86,66,75,46,95,100,13" hai2="124,125,101,127,119,18,92,68,126,60,44,48,52" hai3="85,112,117,116,99,7,110,25,67,50,19,6,17"/><U97/><E75/><V129/><F129/><W118/><G110/><T0/><D114/><U74/><E74/><V49/><F119/><W78/><G112/><T73/><D29/><U12/><E130/><V89/><F101/><W82/><G67/><T11/><D90/><U107/><E109/><V103/><F103/><W58/><G99/><T16/><D16/><N who="3" m="6217" /><G25/><T24/><D24/><U93/><E66/><N who="2" m="41031" /><F18/><W57/><G50/><T5/><D5/><AGARI ba="1,0" hai="5,6,7,57,58,78,82,85,116,117,118" m="6217" machi="5" ten="40,8000,1" yaku="12,1,52,3,54,1" doraHai="115" who="3" fromWho="0" sc="186,-83,62,0,231,0,521,83" />
</Scene>
<Scene>
<INIT seed="6,0,0,1,1,131" ten="103,62,231,604" oya="2" hai0="121,37,75,60,114,34,48,135,133,54,50,116,7" hai1="25,17,118,74,42,95,46,49,9,59,12,102,122" hai2="112,22,108,2,100,105,134,58,20,40,69,3,62" hai3="123,71,36,63,24,16,70,98,53,73,76,61,44"/><V78/><F69/><W126/><G76/><T10/><D34/><U82/><E118/><V38/><F78/><W128/><G73/><T67/><D75/><U101/><E122/><V119/><F119/><W27/><G98/><T77/><D116/><U90/><E74/><V4/><F112/><W72/><G72/><T57/><D121/><U5/><E82/><V47/><F108/><W51/><G36/><T107/><D107/><U65/><E25/><V96/><F4/><W79/><G79/><T55/><D37/><U29/><E29/><V130/><F130/><W89/><G123/><T132/><D77/><U103/><E65/><V110/><F110/><W0/><G0/><N who="0" m="359" /><D114/><U43/><E5/><V23/><F2/><W117/><G126/><T8/><D8/><U83/><E83/><V88/><F3/><W68/><G117/><T41/><D41/><U13/><E12/><V109/><F88/><W86/><G128/><T66/><D50/><U28/><E28/><V35/><F35/><W127/><G127/><T18/><D18/><U104/><E104/><V32/><F32/><W15/><G61/><T97/><D97/><U80/><E80/><V106/><F106/><W39/><G63/><T93/><D93/><U64/><E64/><N who="2" m="38999" /><F109/><W87/><G87/><T33/><D33/><U91/><E59/><AGARI ba="0,0" hai="48,54,55,57,59,60,66,67,132,133,135" m="359" machi="59" ten="30,7700,0" yaku="20,1,52,3" doraHai="131" who="0" fromWho="1" sc="103,77,62,-77,231,0,604,0" owari="180,-22.0,-15,-52.0,231,3.0,604,71.0" />
</Scene>
</mjloggm>