<mjloggm ver="2.3"><GO type="41"/><UN n0="%E3%81%93%E3%81%93%E3%81%82%E3%83%BC%E3%82%93" n1="%E3%83%9E%E3%82%B9%E3%82%A2%E3%83%94%E3%83%BC%E3%83%AB" n2="%E5%A4%AA%E3%81%8F%E3%81%AA%E3%81%84%E3%81%8A" n3="%52%65%3A%6B%6F%75" dan="14,14,15,14" rate="1868,1903,2026,1866" sx="M,M,M,M"/><TAIKYOKU oya="0"/>

<Scene>
<INIT seed="0,0,0,4,4,102" ten="250,250,250,250" oya="0" hai0="4,47,10,11,96,68,76,59,121,26,20,25,13" hai1="106,105,135,30,52,3,113,21,125,117,80,124,92" hai2="2,50,66,87,32,64,131,91,29,122,12,133,46" hai3="41,22,98,18,103,110,53,83,114,134,40,19,60"/><T55/><D68/><U78/><E117/><V123/><F2/><W129/><G114/><T33/><D33/><U93/><E3/><V39/><F39/><W97/><G110/><T8/><D121/><U120/><E120/><V14/><F122/><W56/><G129/><T23/><D76/><U57/><E113/><V1/><F1/><W67/><G134/><T54/><D96/><N who="3" m="36969" /><G103/><T36/><D36/><U132/><E30/><V24/><F123/><W35/><G35/><T73/><D73/><N who="1" m="43087" /><E21/><V15/><F131/><W85/><G67/><T81/><D81/><U61/><E93/><V37/><F37/><W95/><G95/><T101/><D101/><U74/><E92/><V126/><F133/><N who="1" m="51273" /><E74/><V107/><F87/><W84/><G84/><T112/><D112/><U104/><AGARI ba="0,0" hai="52,57,61,104,105,106,124,125" m="51273,43087" machi="104" ten="40,8000,1" yaku="20,1,52,3,54,1" doraHai="102" who="1" fromWho="1" sc="250,-40,250,80,250,-20,250,-20" />
</Scene>
<Scene>
<INIT seed="1,0,0,4,0,14" ten="210,330,230,230" oya="1" hai0="96,95,98,49,124,33,80,29,3,103,117,19,11" hai1="131,52,44,57,28,67,125,81,128,25,54,56,1" hai2="106,102,71,99,88,77,51,2,109,130,8,92,134" hai3="10,59,74,127,94,82,7,38,12,73,79,41,48"/><U15/><E1/><V21/><F71/><W42/><G127/><T75/><D117/><U16/><E125/><V40/><F109/><W121/><G121/><T4/><D124/><U108/><E108/><V91/><F130/><N who="1" m="49705" /><E81/><V105/><F134/><W65/><G94/><T17/><D33/><N who="1" m="20623" /><E67/><V69/><F69/><W101/><G74/><T31/><D31/><U60/><E44/><N who="2" m="25991" /><F106/><W64/><G101/><T62/><D29/><U93/><E93/><V58/><F105/><W85/><G73/><T26/><D26/><U18/><E15/><V126/><F2/><W23/><G38/><T24/><D24/><U115/><E115/><V61/><F126/><W86/><G86/><T45/><D62/><AGARI ba="0,0" hai="16,18,52,54,56,57,60,62" m="20623,49705" machi="62" ten="30,12000,1" yaku="19,1,52,2,54,2" doraHai="14" who="1" fromWho="0" sc="210,-120,330,120,230,0,230,0" />
</Scene>
<Scene>
<INIT seed="1,1,0,1,0,24" ten="90,450,230,230" oya="1" hai0="120,132,106,70,7,96,61,63,30,40,10,75,102" hai1="108,32,21,76,50,103,121,91,14,45,97,93,81" hai2="74,101,122,80,92,65,111,23,37,104,113,129,2" hai3="110,4,107,109,13,69,115,26,18,95,48,126,89"/><U5/><E121/><V31/><F65/><W78/><G107/><T105/><D63/><U94/><E32/><V34/><F23/><W112/><G69/><T54/><D54/><U135/><E135/><V62/><F62/><W85/><G78/><T28/><D40/><U79/><E108/><N who="3" m="41578" /><G126/><T38/><D38/><U131/><E131/><V125/><F92/><W86/><G86/><T8/><D8/><N who="1" m="4367" /><E81/><V60/><F60/><W0/><G26/><T41/><D41/><N who="1" m="24879" /><E21/><V16/><F80/><W29/><G0/><T58/><D70/><U56/><E56/><V57/><F57/><W114/><G4/><T33/><D75/><U134/><E134/><V12/><F2/><W90/><G48/><T77/><D77/><U87/><AGARI ba="1,0" hai="76,79,87,91,93,94,97,103" m="24879,4367" machi="87" ten="30,1500,0" yaku="8,1" doraHai="24" who="1" fromWho="1" sc="90,-6,450,18,230,-6,230,-6" />
</Scene>
<Scene>
<INIT seed="1,2,0,2,0,109" ten="84,468,224,224" oya="1" hai0="78,73,24,34,120,55,22,126,75,100,114,2,104" hai1="98,27,35,46,26,58,30,117,102,115,131,81,3" hai2="99,110,111,82,74,133,67,33,101,23,7,54,113" hai3="95,28,9,43,71,25,119,38,57,15,49,83,32"/><U85/><E117/><V122/><F122/><W0/><G71/><T61/><D120/><U56/><E3/><V86/><F33/><W11/><G119/><T129/><D2/><U50/><E131/><V36/><F36/><W84/><G0/><T76/><D129/><U8/><E115/><V14/><F67/><W45/><G95/><T6/><D6/><U42/><E26/><V66/><F66/><W103/><G103/><T79/><D34/><U118/><E8/><V48/><F74/><W134/><G134/><T93/><D104/><U65/><E65/><V37/><F37/><W60/><G38/><T64/><D55/><U77/><REACH who="1" step="1"/><E118/><REACH who="1" ten="84,458,224,224" step="2"/><V94/><F113/><W135/><G135/><T125/><D114/><U70/><E70/><V47/><F133/><W40/><G15/><T5/><D125/><U108/><E108/><V44/><F110/><W62/><G9/><T130/><D126/><U124/><E124/><V39/><F111/><W63/><G11/><T132/><D130/><U41/><E41/><V13/><F7/><W89/><G43/><T51/><D5/><U87/><E87/><V69/><F69/><W105/><REACH who="3" step="1"/><G105/><AGARI ba="2,1" hai="27,30,35,42,46,50,56,58,77,81,85,98,102,105" machi="105" ten="30,2900,0" yaku="1,1,7,1,53,0" doraHai="109" doraHaiUra="88" who="1" fromWho="3" sc="84,0,458,45,224,0,224,-35" />
</Scene>
<Scene>
<INIT seed="1,3,0,5,1,53" ten="84,503,224,189" oya="1" hai0="29,119,118,36,12,115,37,82,49,112,84,33,89" hai1="87,100,14,75,47,99,134,102,44,4,55,52,122" hai2="92,45,18,1,10,23,40,17,24,20,109,124,130" hai3="25,114,111,81,113,83,69,30,11,126,34,98,16"/><U58/><E122/><V65/><F109/><W76/><G126/><T57/><D12/><U108/><E75/><V133/><F124/><W103/><G69/><T91/><D29/><U50/><E108/><V95/><F133/><W110/><G111/><T121/><D33/><U51/><E134/><V7/><F65/><W125/><G125/><T21/><D21/><U2/><E2/><V117/><F130/><W22/><G11/><T26/><D26/><U123/><E123/><V8/><F8/><W31/><G31/><T128/><D121/><U39/><E39/><V79/><F79/><W43/><G43/><T90/><D49/><N who="1" m="28711" /><E87/><V38/><REACH who="2" step="1"/><F117/><REACH who="2" ten="84,503,214,189" step="2"/><W132/><G110/><T104/><D128/><U74/><E74/><V131/><F131/><W9/><G132/><T68/><D118/><U129/><E129/><V105/><F105/><W71/><G9/><T93/><D104/><U46/><E99/><V80/><F80/><W62/><G76/><T96/><D82/><U72/><E72/><V106/><F106/><N who="3" m="63863" /><G83/><T59/><D119/><U135/><E135/><V78/><F78/><W19/><G81/><T15/><D96/><U97/><E97/><V67/><F67/><N who="3" m="41463" /><G22/><T27/><D115/><AGARI ba="3,1" hai="16,19,25,30,34,113,114,115" m="41463,63863" machi="115" ten="30,2000,0" yaku="25,1,54,1" doraHai="53" who="3" fromWho="0" sc="84,-29,503,0,214,0,189,39" />
</Scene>
<Scene>
<INIT seed="2,0,0,0,0,90" ten="55,503,214,228" oya="2" hai0="52,130,83,94,76,4,38,15,39,58,131,122,114" hai1="54,71,133,128,115,31,92,110,20,134,85,25,35" hai2="42,82,67,40,135,6,73,19,132,27,123,100,65" hai3="14,23,44,127,98,124,119,120,75,88,89,107,45"/><V70/><F123/><W17/><G120/><T93/><D114/><U46/><E71/><V116/><F116/><W43/><G119/><T51/><D122/><U16/><E115/><V64/><F70/><W68/><G75/><N who="0" m="43423" /><D4/><U57/><E110/><V63/><F6/><W78/><G68/><T28/><D28/><U9/><E128/><N who="0" m="49193" /><D15/><U26/><E46/><N who="3" m="18026" /><G78/><T11/><D11/><U86/><E9/><V37/><F37/><AGARI ba="0,0" hai="37,38,39,51,52,58,93,94" m="49193,43423" machi="37" ten="30,7700,0" yaku="19,1,52,2,54,1" doraHai="90" who="0" fromWho="2" sc="55,77,503,0,214,-77,228,0" />
</Scene>
<Scene>
<INIT seed="3,0,0,4,5,13" ten="132,503,137,228" oya="3" hai0="68,26,21,36,78,93,107,123,19,1,120,101,76" hai1="92,49,133,66,28,30,15,135,6,95,79,90,98" hai2="70,57,103,20,109,67,110,111,75,46,22,91,117" hai3="43,97,17,81,126,58,121,11,29,69,33,96,14"/><W12/><G121/><T89/><D68/><U63/><E79/><V84/><F117/><W53/><G126/><T37/><D1/><U119/><E119/><V104/><F75/><W16/><G69/><T39/><D101/><U61/><E49/><V77/><F70/><W32/><G43/><T60/><D107/><U10/><E61/><N who="2" m="38319" /><F77/><W35/><G29/><T99/><D78/><U38/><E38/><V50/><F103/><W25/><G25/><T5/><D5/><U86/><E63/><V113/><F104/><W73/><G81/><T125/><D76/><U44/><E44/><V128/><F113/><W7/><G73/><T124/><REACH who="0" step="1"/><D60/><REACH who="0" ten="122,503,137,228" step="2"/><U0/><E0/><V114/><F114/><W55/><G7/><T72/><D72/><U8/><E6/><V51/><F128/><W41/><G41/><T24/><D24/><U56/><E135/><V132/><F132/><W116/><G116/><T100/><D100/><U23/><E133/><V88/><F91/><W64/><G64/><T105/><D105/><U83/><E66/><V102/><F102/><W9/><G53/><T85/><D85/><U4/><E86/><V3/><F3/><W18/><REACH who="3" step="1"/><G17/><REACH who="3" ten="122,503,137,218" step="2"/><T82/><D82/><U87/><E83/><N who="2" m="49183" /><F111/><W31/><G31/><T27/><D27/><U122/><E30/><V80/><F80/><W115/><G115/><T52/><D52/><U48/><E28/><V71/><F110/><W118/><G118/><T129/><D129/><U74/><E122/><AGARI ba="0,2" hai="19,21,26,36,37,39,89,93,99,120,122,123,124,125" machi="122" ten="50,3200,0" yaku="1,1,52,1,53,0" doraHai="13" doraHaiUra="2" who="0" fromWho="1" sc="122,52,503,-32,137,0,218,0" />
</Scene>
<Scene>
<INIT seed="4,0,0,3,5,57" ten="174,471,137,218" oya="0" hai0="76,78,29,56,81,101,113,111,63,3,107,96,95" hai1="58,61,82,75,16,132,59,68,18,131,71,92,52" hai2="120,21,45,9,118,87,31,8,86,123,80,128,22" hai3="1,5,37,89,38,84,60,103,64,24,90,110,122"/><T28/><D3/><U85/><E75/><V99/><F99/><W106/><G110/><T77/><D111/><U115/><E131/><V17/><F45/><W83/><G90/><T127/><D127/><U109/><E109/><V102/><F102/><W0/><G122/><T105/><D113/><U44/><E71/><V6/><F128/><W133/><G133/><T67/><REACH who="0" step="1"/><D81/><REACH who="0" ten="164,471,137,218" step="2"/><U23/><E82/><V126/><F126/><W114/><G0/><T48/><D48/><U98/><E115/><V47/><F80/><W124/><G114/><T121/><D121/><U119/><E119/><V20/><F120/><W2/><G2/><T117/><D117/><U10/><E132/><V73/><F123/><W41/><G124/><T65/><D65/><U116/><E116/><V30/><F118/><W15/><G1/><T134/><D134/><U26/><E68/><V53/><F73/><W108/><G108/><T54/><D54/><N who="1" m="34007" /><E44/><V19/><F47/><W12/><G64/><T88/><D88/><N who="1" m="55559" /><E10/><V129/><F129/><W125/><G125/><T7/><D7/><U62/><E85/><V72/><F72/><W70/><G84/><T51/><D51/><U27/><E27/><V55/><F6/><W35/><G5/><T49/><D49/><U100/><E100/><V135/><F135/><W43/><G103/><T40/><D40/><U42/><E42/><V39/><F86/><W69/><G43/><T93/><D93/><U34/><E34/><V14/><F87/><N who="3" m="50431" /><G41/><T79/><N who="0" m="19456" /><DORA hai="66" /><T13/><D13/><U11/><E11/><V33/><F8/><W4/><G4/><RYUUKYOKU ba="0,1" sc="164,15,471,15,137,-15,218,-15" hai0="28,29,56,63,67,95,96,101,105,107" hai1="16,18,23,26,52,59,62" />
</Scene>
<Scene>
<INIT seed="4,1,1,2,2,49" ten="179,486,122,203" oya="0" hai0="104,110,47,114,3,17,91,97,74,39,16,60,103" hai1="128,76,12,105,100,29,32,95,6,1,42,50,8" hai2="31,129,65,63,73,58,30,90,15,38,23,131,133" hai3="18,14,53,80,24,116,118,132,44,9,52,40,101"/><T75/><D3/><U72/><E105/><V121/><F121/><W83/><G132/><T67/><D114/><U84/><E72/><V22/><F38/><W123/><G123/><T126/><D126/><U26/><E128/><N who="2" m="49227" /><F73/><W46/><G24/><T64/><D64/><U87/><E1/><V89/><F133/><W130/><G130/><T55/><D110/><U108/><E108/><V25/><F30/><W102/><G40/><T109/><D109/><U56/><E76/><V125/><F125/><W70/><G14/><T37/><D37/><U111/><E111/><V113/><F113/><W7/><G7/><T33/><D33/><U107/><E107/><V112/><F112/><W10/><G18/><AGARI ba="1,1" hai="15,18,22,23,25,31,58,63,65,89,90" m="49227" machi="18" ten="30,1000,0" yaku="19,1" doraHai="49" who="2" fromWho="3" sc="179,0,486,0,122,23,203,-13" />
</Scene>
<Scene>
<INIT seed="5,0,0,5,5,79" ten="179,486,145,190" oya="1" hai0="95,109,38,71,86,42,63,33,93,125,81,45,94" hai1="117,7,46,123,102,68,133,91,30,58,74,105,23" hai2="0,50,119,96,15,121,98,72,13,131,57,12,80" hai3="88,48,122,65,92,21,19,3,76,130,111,17,64"/><U25/><E117/><V69/><F119/><W14/><G111/><T73/><D33/><U28/><E123/><V120/><F69/><W49/><G130/><T85/><D109/><U52/><E74/><V115/><F0/><W75/><G3/><T35/><D35/><U56/><E68/><V118/><F118/><W10/><G76/><T34/><D34/><U107/><E133/><V113/><F131/><W8/><G75/><T59/><D125/><U89/><E7/><V36/><F36/><W99/><G8/><T134/><D134/><U5/><E5/><V6/><F6/><W110/><G110/><T54/><D71/><U132/><E132/><V43/><F72/><W67/><G122/><N who="2" m="47209" /><F43/><W32/><REACH who="3" step="1"/><G32/><REACH who="3" ten="179,486,145,180" step="2"/><T16/><D73/><U103/><E107/><V37/><F113/><W116/><G116/><T101/><D101/><U126/><E105/><V18/><F115/><W129/><G129/><T24/><REACH who="0" step="1"/><D81/><REACH who="0" ten="169,486,145,180" step="2"/><U124/><E124/><V90/><F80/><W9/><G9/><T82/><D82/><U66/><E126/><V104/><F104/><W2/><G2/><T22/><AGARI ba="0,2" hai="16,22,24,38,42,45,54,59,63,85,86,93,94,95" machi="22" ten="30,4000,0" yaku="1,1,0,1,54,1,53,0" doraHai="79" doraHaiUra="108" who="0" fromWho="0" sc="169,60,486,-20,145,-10,180,-10" />
</Scene>
<Scene>
<INIT seed="6,0,0,2,4,87" ten="229,466,135,170" oya="2" hai0="9,77,125,104,108,82,111,94,134,25,31,126,98" hai1="114,95,66,23,92,115,106,11,121,0,123,35,62" hai2="102,22,96,36,39,89,128,52,37,33,81,118,129" hai3="65,99,32,100,1,74,47,73,44,4,64,26,107"/><V113/><F118/><W38/><G47/><T17/><D104/><U133/><E106/><N who="2" m="63815" /><F33/><W93/><G93/><T88/><D134/><U60/><E35/><V130/><F113/><N who="1" m="43017" /><E133/><V41/><F22/><W29/><G65/><T103/><D9/><U20/><E0/><V45/><F52/><W61/><G61/><N who="1" m="23658" /><E11/><V70/><F70/><W131/><G64/><T40/><D40/><U3/><E66/><V63/><F63/><W116/><G131/><N who="2" m="33537" /><V67/><DORA hai="27" /><F67/><W30/><G30/><T122/><D122/><N who="1" m="46603" /><E3/><V19/><F19/><W13/><G13/><T119/><D17/><U24/><E20/><V53/><F53/><W124/><G124/><N who="0" m="47723" /><D119/><U79/><E79/><V80/><F80/><W78/><G78/><T55/><D55/><U56/><E56/><V71/><F71/><W51/><G116/><T112/><D112/><U34/><E34/><V2/><F2/><W10/><G51/><T49/><D49/><U110/><E110/><V85/><AGARI ba="0,0" hai="36,37,39,41,45,81,85,89" m="33537,63815" machi="85" ten="40,3900,0" yaku="19,1,52,1" doraHai="87,27" who="2" fromWho="2" sc="229,-13,466,-13,135,39,170,-13" />
</Scene>
<Scene>
<INIT seed="6,1,0,2,1,82" ten="216,453,174,157" oya="2" hai0="120,53,130,3,33,117,111,28,6,125,112,13,94" hai1="73,102,63,79,60,36,135,85,68,50,0,77,131" hai2="4,124,96,71,122,42,133,109,30,110,12,56,113" hai3="61,21,92,90,35,41,5,27,81,39,37,20,78"/><V57/><F122/><W132/><G132/><T31/><D53/><U22/><E135/><V66/><F133/><W126/><G126/><T97/><D94/><U2/><E36/><V108/><F30/><W83/><G35/><T19/><D97/><U58/><E131/><V52/><F124/><W72/><G83/><T99/><D99/><U16/><E68/><V40/><F96/><W100/><G100/><T46/><D46/><U44/><E73/><V49/><F113/><W1/><G61/><N who="1" m="23626" /><E0/><V69/><F66/><W48/><G48/><T67/><D67/><U86/><E2/><V75/><F75/><W23/><G27/><N who="0" m="18687" /><D125/><U7/><E7/><V134/><F134/><W107/><G107/><T129/><D111/><U116/><E58/><N who="2" m="22635" /><F4/><W29/><G29/><T11/><D117/><U8/><E8/><V76/><F12/><W65/><G65/><T103/><D120/><U25/><E102/><V93/><F93/><W62/><G62/><T15/><D103/><U17/><E17/><V115/><F115/><W88/><G90/><T114/><D19/><U9/><E9/><V54/><F76/><N who="1" m="29257" /><E116/><V43/><F49/><W118/><G118/><T10/><D28/><U127/><E127/><V84/><F84/><N who="3" m="52231" /><G41/><AGARI ba="1,0" hai="16,22,25,41,44,50,85,86" m="29257,23626" machi="41" ten="30,7700,0" yaku="8,1,52,2,54,1" doraHai="82" who="1" fromWho="3" sc="216,0,453,80,174,0,157,-80" />
</Scene>
<Scene>
<INIT seed="7,0,0,1,0,12" ten="216,533,174,77" oya="3" hai0="126,22,106,75,109,28,58,111,8,34,103,5,38" hai1="10,57,18,102,125,67,69,72,11,9,90,98,120" hai2="84,40,15,79,104,133,20,88,96,65,44,4,1" hai3="35,17,85,107,114,60,32,124,78,14,52,37,25"/><W31/><G114/><T116/><D38/><U129/><E120/><V108/><F108/><W24/><G124/><T87/><D87/><U128/><E69/><V82/><F133/><W27/><G107/><T47/><D58/><U56/><E72/><V94/><F104/><W80/><G37/><T7/><D47/><U105/><E125/><V123/><F123/><W41/><G41/><T127/><D103/><U48/><E90/><V59/><F1/><W119/><G119/><T39/><D39/><U66/><E18/><N who="2" m="10335" /><F4/><W23/><REACH who="3" step="1"/><G31/><REACH who="3" ten="216,533,174,67" step="2"/><T62/><D28/><U21/><E105/><V81/><F40/><W95/><G95/><T112/><D106/><U76/><E129/><V115/><F115/><W54/><G54/><T55/><D55/><U68/><E128/><V70/><F70/><W42/><G42/><T93/><D93/><U135/><E135/><V49/><F82/><W134/><G134/><T13/><D112/><U33/><E68/><V131/><F131/><W50/><G50/><T45/><D116/><U99/><E48/><V30/><F30/><W51/><G51/><T6/><D126/><U53/><E53/><N who="2" m="32175" /><F44/><W64/><G64/><AGARI ba="0,1" hai="64,65,79,81,84,88,94,96" m="32175,10335" machi="64" ten="30,3900,0" yaku="8,1,52,1,54,1" doraHai="12" who="2" fromWho="3" sc="216,0,533,0,174,49,67,-39" owari="216,-18.0,533,63.0,223,2.0,28,-47.0" />
</Scene>
</mjloggm>