<mjloggm ver="2.3"><GO type="193"/><UN n0="%E3%81%97%E3%81%87%E3%81%84%E3%81%88%E3%81%99" n1="%E5%A4%AA%E3%81%8F%E3%81%AA%E3%81%84%E3%81%8A" n2="%6F%61%6B%68%69%6C%6C%73" n3="%E3%81%82%E3%81%8B%E3%81%97%E3%82%84" dan="13,11,12,11" rate="1768,1838,1633,1566" sx="M,M,M,M"/><TAIKYOKU oya="0"/>

<Scene>
<INIT seed="0,0,0,3,1,135" ten="250,250,250,250" oya="0" hai0="82,109,55,2,53,119,124,88,78,111,121,56,40" hai1="134,98,90,112,47,92,26,24,28,116,34,6,86" hai2="66,79,63,8,133,120,30,106,4,62,23,93,60" hai3="75,72,103,108,37,126,41,10,125,19,15,87,96"/><T38/><D121/><U77/><E116/><V81/><F106/><W7/><G108/><N who="0" m="41547" /><D119/><U114/><E134/><V61/><F120/><W31/><G31/><T84/><D2/><U80/><E6/><V42/><F133/><W122/><G122/><T68/><D68/><U51/><REACH who="1" step="1"/><E26/><REACH who="1" ten="250,240,250,250" step="2"/><N who="2" m="16735" /><F42/><AGARI ba="0,1" hai="24,28,34,42,47,51,77,80,86,90,92,98,112,114" machi="42" ten="40,2600,0" yaku="1,1,53,1" doraHai="135" doraHaiUra="39" who="1" fromWho="2" sc="250,0,240,36,250,-26,250,0" />
</Scene>
<Scene>
<INIT seed="1,0,0,3,4,32" ten="250,276,224,250" oya="1" hai0="23,46,34,43,102,20,28,33,13,84,70,126,56" hai1="57,108,130,1,87,51,41,86,9,6,66,35,94" hai2="25,90,72,0,124,121,2,125,31,106,38,78,30" hai3="16,36,40,128,21,95,77,109,7,39,71,111,52"/><U113/><E113/><V68/><F121/><W22/><G71/><T47/><D126/><N who="2" m="48746" /><F90/><W69/><G69/><T50/><D70/><U67/><E35/><N who="2" m="20943" /><F31/><W89/><G128/><T59/><D102/><U75/><E75/><V29/><F29/><W27/><G77/><T37/><D28/><U123/><E123/><V49/><F106/><W114/><G114/><T63/><D34/><U85/><E130/><V14/><F68/><W120/><G120/><T64/><D33/><U105/><E105/><V76/><F38/><W119/><G119/><T10/><D50/><U116/><E116/><V18/><F49/><W115/><G115/><T53/><D47/><U62/><E108/><N who="3" m="41546" /><G40/><T92/><D53/><U11/><E11/><N who="2" m="6495" /><F72/><W15/><G7/><T61/><D56/><U129/><E129/><V26/><F26/><W3/><G3/><AGARI ba="0,0" hai="0,2,3,76,78" m="6495,20943,48746" machi="3" ten="30,7700,0" yaku="18,1,52,3" doraHai="32" who="2" fromWho="3" sc="250,0,276,0,224,77,250,-77" />
</Scene>
<Scene>
<INIT seed="2,0,0,2,0,102" ten="250,276,301,173" oya="2" hai0="131,45,107,89,15,52,11,17,134,72,112,99,38" hai1="5,23,24,21,42,130,88,3,12,110,0,53,34" hai2="108,20,14,68,62,75,78,114,27,2,126,77,86" hai3="87,55,63,113,25,32,93,26,94,46,28,49,111"/><V80/><F114/><W101/><G113/><T22/><D112/><U124/><E42/><V43/><F2/><N who="1" m="553" /><E88/><V70/><F126/><W106/><G106/><T10/><D72/><U67/><E53/><V35/><F35/><W8/><G111/><T37/><D134/><U127/><E67/><V6/><F108/><W60/><G25/><T103/><D131/><U61/><E61/><V44/><F62/><W98/><G8/><T31/><D89/><U97/><E97/><V74/><F78/><W104/><G104/><T16/><D11/><N who="1" m="4207" /><E110/><V59/><F59/><W73/><G73/><T123/><D123/><U133/><E133/><V29/><F75/><W30/><G28/><T4/><D31/><N who="1" m="19815" /><E130/><V84/><F86/><W71/><G71/><T56/><D45/><U9/><E9/><V119/><F119/><W18/><G60/><T109/><D109/><U76/><E76/><V100/><F100/><W132/><G132/><T57/><D57/><U122/><E122/><V13/><F74/><W39/><G39/><T47/><D47/><U40/><E40/><V7/><F70/><W128/><G63/><T65/><D65/><U69/><E69/><V117/><F68/><W125/><G128/><T118/><D118/><U135/><E135/><V33/><F117/><W115/><G115/><T64/><D64/><U66/><E66/><V129/><F129/><W79/><G79/><T96/><D96/><U83/><E83/><V50/><F33/><W19/><G125/><AGARI ba="0,0" hai="21,23,124,125,127" m="19815,4207,553" machi="125" ten="30,3900,0" yaku="18,1,34,2" doraHai="102" who="1" fromWho="3" sc="250,0,276,39,301,0,173,-39" />
</Scene>
<Scene>
<INIT seed="3,0,0,1,3,28" ten="250,315,301,134" oya="3" hai0="47,35,100,54,113,59,87,106,55,0,135,6,16" hai1="34,111,133,15,74,85,123,25,48,67,10,99,116" hai2="41,122,13,105,84,3,127,109,118,20,24,125,27" hai3="30,128,9,76,36,1,33,98,68,102,2,11,49"/><W112/><G68/><T8/><D135/><U37/><E123/><V107/><F118/><W17/><G36/><T19/><D113/><U110/><E74/><V80/><F3/><W71/><G112/><T65/><D106/><U69/><E37/><V57/><F122/><W89/><G76/><T88/><D100/><U97/><E133/><V130/><F130/><W29/><G128/><T53/><D35/><U83/><E116/><V72/><F72/><W95/><G71/><T86/><D86/><U92/><E48/><V132/><F132/><W91/><G33/><T129/><D129/><U38/><E38/><V52/><F41/><W14/><G49/><T31/><D31/><N who="1" m="19823" /><E92/><V51/><F13/><W39/><G39/><T134/><D134/><U117/><E117/><V108/><F107/><W90/><REACH who="3" step="1"/><G1/><REACH who="3" ten="250,315,301,124" step="2"/><T73/><D73/><U103/><E69/><V61/><F51/><W18/><G18/><T50/><D65/><U78/><E67/><V40/><F105/><W131/><G131/><T77/><D77/><U70/><E70/><V7/><F7/><AGARI ba="0,1" hai="2,7,9,11,14,17,29,30,89,90,91,95,98,102" machi="7" ten="40,2000,0" yaku="1,1,53,0" doraHai="28" doraHaiUra="79" who="3" fromWho="2" sc="250,0,315,0,301,-20,124,30" />
</Scene>
<Scene>
<INIT seed="3,1,0,4,1,0" ten="250,315,281,154" oya="3" hai0="4,51,120,59,21,52,122,71,134,2,24,12,33" hai1="75,94,78,32,135,89,99,64,76,129,42,11,90" hai2="41,80,18,31,82,95,45,81,48,74,83,44,5" hai3="47,63,109,70,79,104,35,72,26,92,46,65,121"/><W66/><G121/><T29/><D134/><U131/><E135/><V106/><F106/><W17/><G109/><T84/><D71/><U85/><E32/><V1/><F74/><W97/><G66/><T25/><D2/><U133/><E133/><V50/><N who="2" m="20992" /><DORA hai="54" /><V73/><F73/><W22/><G79/><T49/><D49/><U6/><E75/><V28/><F95/><W34/><G72/><T3/><D3/><N who="1" m="479" /><E42/><V102/><F102/><W124/><G124/><T20/><D84/><U8/><E64/><V112/><F112/><W30/><G34/><T62/><D4/><U9/><E78/><V101/><F101/><N who="3" m="62511" /><G92/><T61/><D33/><U118/><E76/><V132/><F132/><W37/><G37/><T19/><D12/><AGARI ba="1,0" hai="12,17,22,26,30,35,46,47,63,65,70" m="62511" machi="12" ten="30,1500,0" yaku="25,1" doraHai="0,54" who="3" fromWho="0" sc="250,-18,315,0,281,0,154,18" />
</Scene>
<Scene>
<INIT seed="3,2,0,5,0,36" ten="232,315,281,172" oya="3" hai0="107,18,42,103,10,40,117,25,68,130,88,76,61" hai1="125,132,23,111,75,120,24,33,77,95,86,84,19" hai2="87,131,110,15,52,4,90,134,81,79,20,74,129" hai3="1,21,27,14,3,64,104,121,17,22,98,115,31"/><W16/><G121/><T57/><D117/><U2/><E120/><V67/><F110/><W49/><G64/><T53/><D76/><U96/><E111/><V99/><F134/><W38/><G38/><T65/><D130/><U122/><E122/><V6/><F67/><W26/><G104/><T119/><D119/><U105/><E2/><N who="3" m="522" /><G49/><T58/><D68/><U109/><E105/><V69/><F69/><W5/><G98/><T35/><D35/><U9/><E132/><V82/><F99/><W7/><G115/><T8/><D107/><U37/><E37/><V63/><F15/><W0/><N who="3" m="530" /><W41/><DORA hai="97" /><G41/><T70/><D70/><U34/><E109/><V91/><F20/><AGARI ba="2,0" hai="5,7,14,16,17,20,21,22,26,27,31" m="530" machi="20" ten="40,18000,2" yaku="35,5,54,1" doraHai="36,97" who="3" fromWho="2" sc="232,0,315,0,281,-186,172,186" owari="232,-17.0,315,12.0,95,-40.0,358,45.0" />
</Scene>
</mjloggm>