<mjloggm ver="2.3"><GO type="169" lobby="0"/><UN n0="%E3%82%A8%E3%83%88%E3%81%BA%E3%83%B3" n1="%E5%A4%AA%E3%81%8F%E3%81%AA%E3%81%84%E3%81%8A" n2="%E3%81%AD%E3%81%98%E3%81%BE%E3%81%8D%E9%B3%A5%E2%88%AE" n3="%68%61%67%69%31%30%32%39" dan="16,18,16,16" rate="2161.64,2222.27,2088.64,2004.49" sx="F,F,M,M"/><TAIKYOKU oya="0"/>

<Scene>
<INIT seed="0,0,0,0,4,55" ten="250,250,250,250" oya="0" hai0="23,117,6,99,129,48,40,134,128,27,74,85,25" hai1="108,135,102,82,103,105,64,28,73,20,34,71,77" hai2="81,91,68,21,2,13,18,126,52,12,113,7,57" hai3="29,92,42,56,26,33,70,11,118,58,127,30,54"/><T94/><D74/><U76/><E20/><V60/><F113/><W32/><G70/><T5/><D117/><U84/><E34/><V95/><F126/><W96/><G118/><T16/><D134/><U125/><E28/><V89/><F68/><W86/><G42/><T37/><D37/><U122/><E64/><V65/><F2/><W14/><G127/><T121/><D121/><U41/><E41/><V87/><F7/><W123/><G123/><T72/><D72/><U66/><E66/><V1/><F1/><W9/><G86/><T119/><D119/><U61/><E61/><V100/><F100/><W4/><G54/><T0/><D85/><U22/><E22/><V67/><F13/><W47/><G47/><N who="0" m="25703" /><D0/><U43/><E43/><V63/><F63/><W51/><G51/><T45/><D45/><U88/><E71/><V131/><F131/><N who="0" m="50250" /><D25/><U39/><E39/><V46/><F46/><W59/><G11/><T111/><D111/><U80/><E122/><V78/><REACH who="2" step="1"/><F91/><AGARI ba="0,0" hai="5,6,16,23,27,91,94,99" m="50250,25703" machi="91" ten="30,2900,0" yaku="19,1,54,1" doraHai="55" who="0" fromWho="2" sc="250,29,250,0,250,-29,250,0" />
</Scene>
<Scene>
<INIT seed="0,1,0,4,5,125" ten="279,250,221,250" oya="0" hai0="24,110,8,44,61,2,29,111,86,102,0,129,71" hai1="17,88,98,65,109,45,58,100,42,27,122,123,77" hai2="80,55,34,94,13,64,89,35,33,130,37,31,49" hai3="23,90,66,75,10,74,50,36,6,16,91,67,22"/><T124/><D124/><U82/><E109/><N who="0" m="41481" /><D102/><U83/><E65/><V114/><F37/><W76/><G36/><T112/><D112/><U79/><E58/><V72/><F114/><W78/><G50/><T3/><D44/><U53/><E53/><V15/><F64/><W70/><G10/><T85/><D129/><U43/><E45/><V11/><F31/><W38/><G38/><T41/><D41/><U120/><E43/><V105/><F105/><W113/><G113/><T106/><D106/><U63/><E42/><V108/><F108/><W9/><G9/><T28/><D28/><U14/><E100/><V18/><F15/><W40/><G40/><T117/><D117/><U5/><E14/><V51/><F80/><W20/><G20/><N who="0" m="15495" /><D8/><U97/><E122/><V19/><F19/><W87/><G70/><T12/><D12/><U127/><E17/><V21/><F11/><W69/><G69/><T57/><D71/><U54/><E127/><V95/><F72/><W116/><G16/><T46/><D46/><U62/><E120/><V93/><F89/><W73/><G73/><T52/><AGARI ba="1,0" hai="0,2,3,52,57,61,85,86" m="15495,41481" machi="52" ten="40,7800,0" yaku="14,1,10,1,54,1" doraHai="125" who="0" fromWho="0" sc="279,81,250,-27,221,-27,250,-27" />
</Scene>
<Scene>
<INIT seed="0,2,0,4,3,17" ten="360,223,194,223" oya="0" hai0="32,95,99,123,131,53,39,77,70,26,104,83,76" hai1="47,73,54,37,9,109,111,118,44,100,10,4,88" hai2="122,86,65,1,52,103,5,114,12,64,21,102,7" hai3="97,30,27,24,43,60,116,36,71,68,13,57,126"/><T35/><D123/><U69/><E73/><V6/><F122/><W81/><G116/><T101/><D131/><U46/><E118/><V2/><F114/><W3/><G3/><T45/><D70/><U85/><E69/><V130/><F130/><W67/><G81/><T8/><D77/><U98/><E37/><V87/><F12/><W92/><G27/><T125/><D125/><U128/><E54/><V91/><F91/><W124/><G13/><T135/><D135/><U106/><E128/><V134/><F134/><W42/><G68/><T56/><D8/><U38/><E38/><V62/><F62/><W75/><G75/><T72/><D26/><U16/><E16/><V74/><F74/><W22/><G71/><T127/><D127/><N who="3" m="48681" /><G36/><T117/><D117/><U55/><E55/><V80/><F80/><W34/><G34/><T18/><D18/><U78/><E78/><V129/><F129/><W19/><G19/><T66/><D66/><U59/><E4/><V29/><F29/><W89/><AGARI ba="2,0" hai="22,24,30,42,43,57,60,67,89,92,97" m="48681" machi="89" ten="30,2000,0" yaku="18,1,52,1" doraHai="17" who="3" fromWho="3" sc="360,-12,223,-7,194,-7,223,26" />
</Scene>
<Scene>
<INIT seed="1,0,0,3,5,101" ten="348,216,187,249" oya="1" hai0="49,29,9,69,63,79,94,36,111,10,96,84,67" hai1="4,75,16,71,92,52,58,21,114,93,26,108,12" hai2="89,117,20,35,126,51,1,23,19,80,124,66,99" hai3="30,127,62,76,88,86,130,17,32,112,55,109,15"/><U31/><E114/><V135/><F35/><W85/><G112/><T25/><D36/><U42/><E71/><V133/><F1/><W106/><G106/><T22/><D111/><U0/><E75/><V44/><F66/><W105/><G105/><T59/><D69/><U115/><E42/><N who="2" m="24983" /><F117/><W81/><G109/><T121/><D121/><U34/><E115/><V118/><F118/><W122/><G122/><T83/><REACH who="0" step="1"/><D49/><REACH who="0" ten="338,216,187,249" step="2"/><N who="1" m="30991" /><E108/><V61/><F133/><W45/><G130/><T28/><D28/><U102/><E102/><AGARI ba="0,1" hai="9,10,22,25,29,59,63,67,79,83,84,94,96,102" machi="102" ten="30,12000,2" yaku="1,1,7,1,25,2,8,1,53,1" doraHai="101" doraHaiUra="54" who="0" fromWho="1" sc="338,130,216,-120,187,0,249,0" />
</Scene>
<Scene>
<INIT seed="2,0,0,0,3,24" ten="468,96,187,249" oya="2" hai0="130,70,112,111,75,131,50,128,80,77,96,69,55" hai1="79,106,114,25,42,18,88,4,15,71,28,113,21" hai2="81,103,134,23,8,123,118,56,74,0,27,46,10" hai3="54,44,48,84,22,38,94,127,129,124,40,82,133"/><V26/><F123/><W97/><G129/><T120/><D112/><U107/><E71/><V5/><F118/><W59/><G133/><T33/><D33/><U72/><E42/><V30/><F134/><W105/><G105/><T41/><D120/><U35/><E107/><V119/><F119/><W7/><G7/><T98/><D41/><U62/><E106/><V47/><F103/><W45/><G45/><T6/><D6/><U125/><E62/><V11/><F74/><W2/><G22/><T90/><D111/><U51/><E51/><V63/><F81/><W57/><G57/><T110/><D110/><U37/><E37/><V13/><F27/><W14/><G14/><T60/><D90/><U68/><E68/><N who="0" m="26217" /><D60/><U12/><E88/><V52/><REACH who="2" step="1"/><F10/><REACH who="2" ten="468,96,177,249" step="2"/><W86/><G82/><T122/><D122/><U16/><E72/><V102/><F102/><W66/><G127/><T61/><D75/><U19/><E125/><V73/><F73/><W89/><G124/><T126/><D126/><U117/><E117/><V135/><F135/><W92/><G92/><T85/><D131/><U93/><E93/><V3/><F3/><W87/><G2/><T9/><D9/><N who="1" m="4135" /><E79/><V1/><F1/><W53/><G94/><T49/><D130/><U31/><E114/><V58/><F58/><W108/><G59/><N who="0" m="35071" /><D128/><U67/><E113/><V34/><F34/><W132/><G108/><T65/><D65/><U121/><E67/><V29/><F29/><N who="1" m="11337" /><E121/><V20/><F20/><W64/><G66/><T76/><D76/><U109/><E109/><V43/><F43/><W36/><G40/><RYUUKYOKU ba="0,1" sc="468,10,96,10,177,10,249,-30" hai0="49,50,77,80,85,96,98" hai1="15,16,18,19,21,25,35" hai2="0,5,8,11,13,23,26,30,46,47,52,56,63" />
</Scene>
<Scene>
<INIT seed="2,1,1,3,2,128" ten="478,106,187,219" oya="2" hai0="134,12,68,66,127,56,46,132,15,87,3,80,71" hai1="63,81,21,44,97,96,84,29,20,78,103,70,19" hai2="122,5,52,133,64,125,14,120,0,65,34,47,73" hai3="51,129,60,119,92,25,135,41,58,40,61,90,88"/><V53/><F34/><W67/><G119/><T38/><D3/><U126/><E126/><V123/><F73/><W116/><G116/><T83/><D127/><U42/><E70/><V85/><F125/><W17/><G129/><T98/><D98/><U28/><E63/><V35/><F35/><W49/><G61/><T10/><D56/><U50/><E21/><V106/><F0/><W31/><G17/><T22/><D22/><U99/><REACH who="1" step="1"/><E103/><REACH who="1" ten="478,96,187,219" step="2"/><V104/><F120/><W109/><G60/><T107/><D68/><U30/><E30/><V101/><F101/><W95/><G31/><T79/><D71/><U72/><E72/><V45/><F123/><W121/><G121/><T75/><D66/><U118/><E118/><V100/><F65/><W74/><G67/><T76/><D10/><U117/><E117/><V112/><F64/><W93/><G74/><T27/><D27/><AGARI ba="1,2" hai="19,20,27,28,29,42,44,50,78,81,84,96,97,99" machi="27" ten="40,2600,0" yaku="1,1,8,1,53,0" doraHai="128" doraHaiUra="6" who="1" fromWho="0" sc="478,-29,96,49,187,0,219,0" />
</Scene>
<Scene>
<INIT seed="3,0,0,1,5,120" ten="449,145,187,219" oya="3" hai0="110,34,45,29,12,47,5,7,69,132,16,116,85" hai1="111,61,130,22,35,82,52,46,49,59,70,40,54" hai2="123,38,39,106,74,41,51,96,95,117,88,62,92" hai3="91,26,133,67,71,19,90,57,107,101,0,113,114"/><W32/><G0/><T2/><D69/><U3/><E35/><V63/><F74/><W14/><G57/><T50/><D116/><U9/><E130/><V43/><F117/><W53/><G53/><T121/><D121/><U126/><E126/><V135/><F106/><W65/><G133/><T31/><D132/><U11/><E3/><V8/><F135/><W58/><G58/><T119/><D119/><U94/><E70/><V84/><F8/><N who="3" m="6599" /><G90/><T28/><D34/><U105/><E105/><V87/><F123/><W99/><G91/><T64/><D64/><U125/><E54/><V23/><F23/><W83/><G83/><T112/><D112/><U33/><E33/><V21/><F21/><W100/><G100/><T4/><D2/><U102/><E82/><V78/><F78/><W36/><G36/><T108/><D85/><U76/><E76/><V18/><F88/><W129/><G67/><T98/><D98/><U109/><E22/><V124/><F96/><W75/><G75/><T127/><D127/><U93/><E125/><V37/><F124/><W128/><G114/><T81/><D81/><U30/><E102/><V25/><F51/><W56/><G56/><T42/><D47/><U122/><E122/><V134/><F134/><W104/><G104/><T68/><D68/><U20/><E93/><V89/><F89/><W15/><G113/><T97/><D97/><U118/><E94/><V27/><F39/><W77/><G77/><T6/><N who="0" m="1024" /><DORA hai="1" /><T13/><D13/><U60/><E118/><V103/><F103/><W17/><G15/><T24/><D12/><RYUUKYOKU ba="0,0" sc="449,15,145,-15,187,15,219,-15" hai0="16,24,28,29,31,42,45,50,108,110" hai2="18,25,27,37,38,41,43,62,63,84,87,92,95" />
</Scene>
<Scene>
<INIT seed="4,1,0,3,4,59" ten="464,130,202,204" oya="0" hai0="99,5,78,120,38,132,44,75,1,43,104,86,28" hai1="17,106,66,71,20,52,42,2,40,23,101,26,29" hai2="10,49,105,72,7,108,61,73,48,6,98,124,64" hai3="135,81,77,62,69,54,133,4,134,130,24,79,11"/><T115/><D120/><U76/><E2/><V50/><F108/><W128/><G24/><T18/><D115/><U8/><E8/><V96/><F124/><W67/><G54/><T125/><D125/><U122/><E122/><V30/><F30/><W103/><G103/><T107/><D18/><U89/><E76/><V41/><F41/><W9/><G79/><T70/><D28/><U126/><E126/><V127/><F127/><W88/><G88/><T25/><D25/><U21/><E106/><V22/><F22/><W15/><REACH who="3" step="1"/><G9/><REACH who="3" ten="464,130,202,194" step="2"/><N who="0" m="2223" /><D86/><AGARI ba="1,1" hai="4,11,15,62,67,69,77,81,86,128,130,133,134,135" machi="86" ten="40,5200,0" yaku="1,1,20,1,52,1,53,0" doraHai="59" doraHaiUra="116" who="3" fromWho="0" sc="464,-55,130,0,202,0,194,65" />
</Scene>
<Scene>
<INIT seed="5,0,0,2,0,62" ten="409,130,202,259" oya="1" hai0="30,49,112,105,52,119,32,17,120,35,113,124,71" hai1="58,65,79,13,54,100,5,67,10,25,78,101,86" hai2="2,63,47,40,94,102,87,89,42,117,18,9,134" hai3="98,36,75,103,130,74,31,91,61,21,118,106,27"/><U15/><E25/><V50/><F117/><W107/><G107/><T48/><D105/><U132/><E132/><V44/><F134/><W59/><G36/><T133/><D119/><U92/><E15/><V83/><F63/><W37/><G37/><T116/><D116/><U66/><E86/><V80/><F102/><N who="1" m="39529" /><E92/><V99/><F99/><W111/><G91/><T3/><D71/><U1/><E1/><V6/><F18/><W73/><G118/><T11/><D3/><U82/><E82/><V76/><F76/><W114/><G114/><T56/><D120/><U90/><E90/><V127/><F127/><W129/><REACH who="3" step="1"/><G111/><REACH who="3" ten="409,130,202,249" step="2"/><T55/><D133/><U0/><E0/><V81/><F94/><W57/><G57/><T97/><D113/><U123/><E123/><V20/><F89/><W53/><AGARI ba="0,1" hai="21,27,31,53,59,61,73,74,75,98,103,106,129,130" machi="53" ten="40,2700,0" yaku="1,1,0,1,53,0" doraHai="62" doraHaiUra="64" who="3" fromWho="3" sc="409,-7,130,-13,202,-7,249,37" />
</Scene>
<Scene>
<INIT seed="6,0,0,1,0,111" ten="402,117,195,286" oya="2" hai0="34,53,57,70,120,18,114,97,116,25,35,42,74" hai1="121,10,96,105,55,108,7,9,20,110,14,100,49" hai2="11,69,30,31,135,39,61,77,6,41,12,102,101" hai3="107,56,54,113,89,81,84,83,131,2,78,67,128"/><V85/><F135/><W134/><G2/><T68/><D120/><U33/><E33/><V126/><F126/><W1/><G1/><T19/><D74/><U118/><E118/><V112/><F39/><W63/><G107/><T129/><D116/><U115/><E121/><V125/><F125/><W4/><G4/><T3/><D3/><U82/><E10/><V62/><F41/><W106/><G106/><T40/><D97/><U46/><E20/><V38/><F38/><W92/><G134/><T94/><D94/><U51/><E82/><N who="2" m="47311" /><F112/><W50/><G113/><T75/><D75/><U90/><E115/><V23/><F69/><W26/><G26/><T44/><D129/><N who="3" m="49737" /><G78/><T48/><D42/><U16/><E7/><V98/><F98/><W87/><G84/><T127/><D127/><U124/><E124/><V76/><F76/><W133/><G133/><T5/><D5/><U52/><REACH who="1" step="1"/><E90/><REACH who="1" ten="402,107,195,286" step="2"/><V22/><F22/><W8/><G8/><T28/><D35/><U45/><AGARI ba="0,1" hai="9,14,16,45,46,49,51,52,55,96,100,105,108,110" machi="45" ten="20,12000,2" yaku="1,1,2,1,0,1,7,1,9,1,54,2,53,0" doraHai="111" doraHaiUra="59" who="1" fromWho="1" sc="402,-30,107,130,195,-60,286,-30" />
</Scene>
<Scene>
<INIT seed="7,0,0,5,0,124" ten="372,237,135,256" oya="3" hai0="12,78,54,8,85,38,48,42,17,111,66,31,116" hai1="97,2,60,16,56,113,82,115,110,45,11,65,61" hai2="133,36,88,29,104,18,37,47,55,112,57,84,131" hai3="68,22,20,13,4,121,92,49,128,40,80,14,51"/><W132/><G68/><T19/><D111/><U33/><E33/><V125/><F104/><W50/><G121/><T117/><D31/><U21/><E110/><V23/><F125/><W58/><G132/><T86/><D66/><U52/><E82/><V102/><F112/><N who="1" m="43081" /><E97/><V41/><F133/><W73/><G128/><T79/><D42/><U39/><E39/><V7/><F7/><W72/><G92/><T24/><D38/><U108/><E108/><V127/><F127/><W134/><G134/><T3/><D3/><U28/><E28/><V100/><F37/><W114/><G114/><T122/><D122/><U9/><E2/><V120/><F29/><W63/><G40/><T15/><D24/><N who="1" m="14375" /><E45/><V10/><F10/><N who="3" m="4295" /><G73/><T26/><D26/><U46/><E46/><V44/><F44/><W64/><G72/><T81/><D117/><U119/><E119/><V94/><F120/><W118/><G118/><T89/><D116/><U83/><E83/><V6/><F6/><W74/><G74/><T129/><D85/><U71/><AGARI ba="0,0" hai="9,11,52,56,60,61,65,71" m="14375,43081" machi="71" ten="30,4000,0" yaku="15,1,54,2" doraHai="124" who="1" fromWho="1" sc="372,-10,237,40,135,-10,256,-20" owari="362,45.0,277,8.0,125,-37.0,236,-16.0" />
</Scene>
</mjloggm>