<mjloggm ver="2.3"><GO type="169" lobby="0"/><UN n0="%E3%83%8A%E3%82%AC%E3%83%A4%E3%83%9E" n1="%E5%AF%9B%E3%83%94%E3%82%A8%E3%83%AD" n2="%E5%A4%AA%E3%81%8F%E3%81%AA%E3%81%84%E3%81%8A" n3="%E8%B6%85%E3%83%92%E3%83%A2%E3%83%AA%E3%83%AD" dan="16,16,18,18" rate="2079.26,2135.94,2242.52,2184.25" sx="M,M,F,M"/><TAIKYOKU oya="0"/>

<Scene>
<INIT seed="0,0,0,3,2,81" ten="250,250,250,250" oya="0" hai0="59,11,3,129,77,42,49,36,79,100,112,117,16" hai1="69,113,33,53,95,23,0,34,50,116,92,130,8" hai2="20,65,83,121,114,107,115,133,1,9,29,97,80" hai3="89,87,44,96,123,128,39,45,6,64,30,37,72"/><T90/><D112/><U63/><E113/><V40/><F121/><W22/><G128/><T109/><D117/><U101/><E116/><V21/><F40/><W4/><G72/><T61/><D129/><U122/><E130/><V71/><F71/><W57/><G123/><T26/><D36/><U82/><E23/><V125/><F65/><W91/><G39/><T5/><D109/><U17/><E82/><V43/><F43/><W135/><G135/><T134/><D134/><U126/><E126/><V127/><F133/><W12/><G37/><T67/><D100/><U31/><E31/><V78/><F9/><W86/><G96/><T46/><REACH who="0" step="1"/><D90/><REACH who="0" ten="240,250,250,250" step="2"/><U54/><E101/><V132/><F132/><W51/><G91/><T75/><D75/><U55/><E122/><V124/><F124/><W2/><G89/><T73/><D73/><U28/><E50/><V70/><F115/><W85/><G51/><T104/><D104/><U24/><E63/><V41/><F114/><W14/><G2/><T35/><D35/><U38/><E33/><V94/><F1/><W98/><G6/><T60/><D60/><U76/><E38/><V119/><F125/><W102/><G4/><T32/><D32/><U68/><E0/><V88/><F127/><W74/><G74/><T13/><D13/><N who="1" m="7335" /><E76/><V18/><F78/><W106/><G12/><T58/><D58/><U118/><E118/><V108/><F119/><W19/><G14/><T105/><D105/><U84/><E68/><V131/><F131/><W47/><G106/><T27/><D27/><U99/><E69/><V15/><F70/><RYUUKYOKU ba="0,1" sc="240,30,250,-10,250,-10,250,-10" hai0="3,5,11,16,26,42,46,49,59,61,67,77,79" />
</Scene>
<Scene>
<INIT seed="0,1,1,1,3,53" ten="270,240,240,240" oya="0" hai0="86,131,1,110,111,13,87,67,26,36,130,122,129" hai1="14,47,7,93,56,112,5,127,40,30,105,124,109" hai2="27,79,135,97,45,66,88,68,17,59,54,73,118" hai3="72,116,18,46,48,126,89,70,29,55,80,103,107"/><T38/><D1/><U23/><E105/><V24/><F135/><W113/><G126/><N who="1" m="48170" /><E112/><V101/><F118/><W4/><G113/><T61/><D13/><U76/><E76/><V16/><F68/><W128/><G128/><T99/><D99/><U119/><E119/><V120/><F120/><W28/><G116/><T90/><D26/><N who="2" m="9770" /><F73/><W82/><G70/><T25/><D25/><N who="1" m="16703" /><E109/><N who="0" m="41481" /><D122/><U33/><E33/><V57/><F79/><W81/><G72/><T41/><D41/><U8/><E93/><N who="2" m="56487" /><F101/><W100/><G107/><T64/><D64/><U115/><E115/><V134/><F66/><W19/><G4/><T43/><D43/><U77/><E77/><V69/><F69/><W125/><G125/><T34/><D34/><U96/><E7/><V42/><F42/><W52/><G89/><T102/><D102/><U31/><E96/><V114/><F114/><W35/><G35/><T50/><D50/><N who="1" m="26983" /><E31/><N who="3" m="11850" /><G100/><T11/><D11/><U104/><E104/><V0/><F0/><W117/><G103/><T84/><D90/><U71/><E71/><AGARI ba="1,1" hai="36,38,61,67,71,84,86,87,129,130,131" m="41481" machi="71" ten="40,7700,0" yaku="19,1,14,1,10,1" doraHai="53" who="0" fromWho="1" sc="270,90,240,-80,240,0,240,0" />
</Scene>
<Scene>
<INIT seed="0,2,0,2,4,18" ten="360,160,240,240" oya="0" hai0="125,52,120,24,11,130,19,59,0,102,74,80,13" hai1="87,93,61,131,26,25,83,134,29,43,36,110,33" hai2="22,106,95,122,70,38,39,53,21,123,68,94,69" hai3="84,48,117,126,96,63,30,72,115,34,27,2,17"/><T57/><D120/><N who="2" m="46122" /><F53/><W56/><G126/><T92/><D125/><U62/><E110/><V82/><F82/><W15/><G115/><T20/><D0/><U85/><E131/><V111/><F106/><W116/><G72/><T97/><D130/><U44/><E134/><V6/><F6/><W133/><G2/><T50/><D74/><U65/><E65/><V91/><F91/><W101/><G133/><T77/><D77/><U118/><E118/><V5/><F5/><W46/><G84/><T100/><D80/><U135/><E135/><V75/><F75/><W54/><G96/><T49/><D102/><U88/><REACH who="1" step="1"/><E26/><REACH who="1" ten="360,150,240,240" step="2"/><V58/><F111/><W132/><G132/><T14/><D11/><U41/><E41/><V51/><F70/><W121/><G121/><T99/><D99/><U28/><E28/><V37/><F69/><W7/><G116/><T66/><D66/><U47/><E47/><V16/><F68/><W32/><G117/><T4/><D4/><U108/><E108/><V124/><F124/><W60/><G7/><T23/><D23/><U31/><E31/><V81/><F22/><W127/><G127/><T55/><AGARI ba="2,1" hai="13,14,19,20,24,49,50,52,55,57,59,92,97,100" machi="55" ten="30,12000,1" yaku="0,1,9,1,8,1,52,1,54,1" doraHai="18" who="0" fromWho="0" sc="360,136,150,-42,240,-42,240,-42" />
</Scene>
<Scene>
<INIT seed="0,3,0,0,3,4" ten="496,108,198,198" oya="0" hai0="81,58,99,71,48,95,109,91,103,47,7,68,132" hai1="19,130,117,93,134,115,73,74,119,44,24,46,40" hai2="135,78,55,9,129,67,128,92,31,17,53,79,86" hai3="2,65,64,11,114,20,105,56,38,21,124,12,122"/><T110/><D58/><U100/><E115/><V82/><F135/><W61/><G124/><T54/><D132/><U87/><E134/><V90/><F31/><W76/><G122/><T3/><D7/><U108/><E108/><N who="0" m="41577" /><D3/><U63/><E130/><V106/><F67/><W60/><G38/><T23/><D23/><U28/><E19/><V113/><F113/><W101/><G2/><T88/><D81/><U22/><E63/><V120/><F120/><W85/><G114/><T59/><D47/><U6/><E6/><V49/><F82/><W97/><G76/><T41/><D41/><U14/><E46/><V32/><F79/><W96/><G85/><T25/><D25/><U89/><E73/><V42/><F78/><W18/><REACH who="3" step="1"/><G97/><REACH who="3" ten="496,108,198,188" step="2"/><T51/><D51/><N who="1" m="27015" /><E74/><V116/><F49/><W50/><G50/><T27/><D27/><U34/><E24/><V83/><F86/><W127/><G127/><T13/><D13/><U5/><E14/><V35/><F129/><W75/><G75/><T118/><D118/><U123/><E87/><V62/><F116/><W125/><G125/><T133/><D133/><U131/><E117/><V57/><F128/><W33/><G33/><T43/><D43/><U37/><E34/><V36/><F42/><W121/><G121/><T107/><D91/><U111/><E89/><V1/><F1/><W70/><AGARI ba="3,1" hai="11,12,18,20,21,56,60,61,64,65,70,96,101,105" machi="70" ten="20,8000,1" yaku="1,1,0,1,7,1,52,1,53,1" doraHai="4" doraHaiUra="66" who="3" fromWho="3" sc="496,-43,108,-23,198,-23,188,99" />
</Scene>
<Scene>
<INIT seed="1,0,0,4,2,13" ten="453,85,175,287" oya="1" hai0="16,12,121,51,102,99,79,67,29,131,9,74,68" hai1="123,73,93,24,84,126,62,55,124,40,0,97,100" hai2="66,35,130,65,110,129,52,44,58,118,31,48,71" hai3="63,81,10,17,28,128,132,98,91,19,109,72,133"/><U88/><E123/><V60/><F31/><W89/><G109/><T82/><D131/><N who="2" m="50186" /><F35/><W69/><G128/><T34/><D121/><U53/><E73/><V39/><F110/><W26/><G10/><T106/><D51/><U90/><E0/><V1/><F1/><W96/><G96/><T115/><D115/><U104/><E40/><N who="2" m="22559" /><F65/><N who="3" m="41151" /><G72/><T64/><REACH who="0" step="1"/><D68/><REACH who="0" ten="443,85,175,287" step="2"/><U85/><E62/><N who="2" m="40407" /><F118/><W111/><G111/><T7/><D7/><U15/><E124/><V103/><F103/><W94/><G132/><T114/><D114/><U4/><E126/><V56/><F60/><W32/><G133/><T95/><D95/><U5/><E104/><V77/><F77/><W127/><G127/><T113/><D113/><U8/><E4/><V27/><F27/><AGARI ba="0,1" hai="9,12,16,27,29,34,64,67,74,79,82,99,102,106" machi="27" ten="40,5200,0" yaku="1,1,52,1,54,1,53,0" doraHai="13" doraHaiUra="86" who="0" fromWho="2" sc="443,62,85,0,175,-52,287,0" />
</Scene>
<Scene>
<INIT seed="2,0,0,5,1,50" ten="505,85,123,287" oya="2" hai0="73,134,17,131,46,113,0,66,39,74,58,59,6" hai1="27,22,84,102,114,29,118,86,130,108,31,13,55" hai2="32,25,126,10,128,123,49,37,70,60,105,117,7" hai3="34,9,26,83,76,78,48,51,88,75,135,100,62"/><V95/><F123/><W64/><G135/><T89/><D113/><U91/><E118/><V71/><F117/><W24/><G78/><T69/><D134/><U90/><E114/><V2/><F37/><W23/><G9/><T63/><D131/><U109/><E130/><V112/><F128/><W11/><G11/><T35/><D35/><U45/><E102/><V116/><F116/><W92/><G100/><T77/><D89/><N who="1" m="33803" /><E31/><V82/><F105/><W56/><G34/><T87/><D87/><U1/><E1/><V96/><F112/><W72/><G72/><T132/><D132/><U111/><E13/><V120/><F120/><W68/><G68/><T5/><D73/><U101/><E101/><V44/><F82/><W52/><G23/><T81/><D17/><U103/><E103/><V57/><F95/><W30/><G30/><T14/><D14/><U107/><E107/><V21/><F32/><W121/><G121/><T67/><D67/><U8/><E8/><V80/><F80/><W79/><G79/><T40/><D5/><U129/><E129/><V53/><F96/><W12/><G12/><T65/><D65/><U119/><E119/><V38/><F38/><W20/><G64/><T18/><D18/><U36/><E36/><V106/><F106/><W54/><G20/><T104/><D104/><U41/><E41/><N who="2" m="24719" /><F71/><W98/><REACH who="3" step="1"/><G62/><REACH who="3" ten="505,85,123,277" step="2"/><T85/><D74/><U122/><E122/><V99/><F70/><W133/><G133/><T61/><D61/><U47/><E108/><V115/><F115/><W124/><G124/><T93/><D63/><U110/><E110/><RYUUKYOKU ba="0,1" sc="505,-10,85,-10,123,-10,277,30" hai3="24,26,48,51,52,54,56,75,76,83,88,92,98" />
</Scene>
<Scene>
<INIT seed="3,1,1,0,1,94" ten="495,75,113,307" oya="3" hai0="93,135,58,122,49,17,133,134,109,8,87,73,66" hai1="83,33,74,76,81,89,118,31,92,35,53,104,91" hai2="23,60,108,9,82,24,48,128,50,68,37,45,115" hai3="6,77,67,123,106,130,30,15,78,110,57,42,114"/><W65/><G130/><T103/><D73/><U71/><E104/><V95/><F115/><W97/><G114/><T88/><D122/><U72/><E118/><V10/><F128/><W124/><G124/><T120/><D120/><U102/><E71/><V116/><F116/><W99/><G123/><T47/><D109/><U84/><E102/><V44/><F108/><W129/><G129/><T101/><D58/><U36/><E36/><V52/><F37/><W28/><G110/><T22/><D8/><U54/><E72/><V70/><F82/><W0/><G0/><T121/><D66/><N who="3" m="25097" /><G106/><T75/><D75/><U39/><E39/><V46/><F60/><W127/><G127/><T3/><D3/><U96/><REACH who="1" step="1"/><E31/><REACH who="1" ten="495,65,113,307" step="2"/><N who="3" m="11818" /><G42/><N who="0" m="24823" /><D121/><U80/><E80/><V51/><F68/><W29/><G29/><T131/><D131/><U21/><E21/><V4/><F23/><W18/><G6/><T20/><D20/><U19/><E19/><V132/><F4/><W14/><G57/><T85/><D22/><U41/><E41/><V43/><F70/><W56/><G56/><T27/><D17/><U113/><E113/><V32/><F43/><W55/><G55/><AGARI ba="1,2" hai="33,35,53,54,55,74,76,81,83,84,89,91,92,96" machi="55" ten="40,2600,0" yaku="1,1,52,1,53,0" doraHai="94" doraHaiUra="5" who="1" fromWho="3" sc="495,0,65,49,113,0,307,-29" />
</Scene>
<Scene>
<INIT seed="4,0,0,2,4,14" ten="495,114,113,278" oya="0" hai0="103,135,46,66,76,17,44,45,101,42,93,132,134" hai1="59,18,114,94,16,96,29,61,60,90,7,95,112" hai2="107,58,5,67,22,75,4,119,71,91,133,21,24" hai3="82,10,26,3,48,89,68,121,97,40,51,118,54"/><T77/><D42/><U20/><E7/><V43/><F71/><W56/><G118/><T53/><D66/><N who="1" m="39199" /><E61/><V122/><F122/><W108/><G108/><T57/><D17/><N who="1" m="6763" /><E95/><V130/><F4/><W50/><G68/><T41/><D41/><U125/><E125/><V15/><F43/><W11/><G121/><T70/><D70/><U2/><E2/><V78/><F5/><W52/><G3/><T84/><D93/><U33/><E33/><V92/><F92/><N who="3" m="56463" /><G40/><T72/><D72/><U27/><E112/><V124/><F124/><W28/><G82/><N who="0" m="47175" /><D77/><U86/><E114/><V63/><F78/><W55/><G56/><T126/><D126/><U64/><E64/><V1/><F58/><W99/><G99/><AGARI ba="0,0" hai="20,27,29,86,90,94,96,99" m="6763,39199" machi="99" ten="30,8000,1" yaku="8,1,52,3,54,1" doraHai="14" who="1" fromWho="3" sc="495,0,114,80,113,0,278,-80" />
</Scene>
<Scene>
<INIT seed="5,0,0,5,4,109" ten="495,194,113,198" oya="1" hai0="78,65,118,53,82,43,47,40,10,37,30,41,35" hai1="134,52,88,92,38,105,101,76,6,117,72,15,28" hai2="102,33,60,13,42,123,112,98,0,124,106,86,50" hai3="20,113,17,16,83,95,19,3,99,80,128,71,55"/><U135/><E117/><V85/><F123/><W23/><G71/><T133/><D118/><U129/><E129/><V119/><F119/><W75/><G3/><T108/><D108/><U91/><E38/><V31/><F0/><W84/><G128/><T44/><D133/><N who="1" m="50699" /><E28/><V18/><F124/><W104/><G104/><T26/><D65/><U57/><E105/><V70/><F42/><W59/><G75/><T126/><D126/><U12/><E76/><V111/><F50/><N who="3" m="31223" /><G113/><T74/><D53/><U125/><E72/><V58/><F111/><W114/><G114/><T116/><D116/><U93/><E101/><V89/><F112/><W46/><G46/><T77/><D77/><U51/><E125/><V103/><F103/><N who="3" m="60927" /><G80/><T14/><D44/><U122/><E122/><V68/><F33/><W127/><G127/><T96/><D96/><N who="1" m="57351" /><E6/><AGARI ba="0,0" hai="6,10,14,26,30,35,37,40,41,43,47,74,78,82" machi="6" ten="30,1000,0" yaku="7,1" doraHai="109" who="0" fromWho="1" sc="495,10,194,-10,113,0,198,0" />
</Scene>
<Scene>
<INIT seed="6,0,0,5,0,37" ten="505,184,113,198" oya="2" hai0="24,68,84,105,78,63,94,79,49,118,124,80,23" hai1="115,16,18,9,99,91,70,93,51,38,6,30,15" hai2="112,54,96,27,102,127,28,108,14,48,35,31,56" hai3="39,44,2,89,3,123,132,42,19,133,21,116,134"/><V7/><F112/><W83/><G116/><T43/><D105/><U111/><E38/><V4/><F127/><W40/><G123/><T129/><D124/><U5/><E70/><V11/><F108/><W45/><G89/><T92/><D118/><U10/><E111/><V90/><F31/><W77/><G21/><T64/><D79/><U52/><E30/><V25/><F25/><W71/><G19/><T101/><D129/><U109/><E109/><V97/><F90/><W32/><G71/><T60/><D60/><U50/><E115/><V58/><F7/><W81/><G32/><T62/><D62/><U114/><E114/><V8/><F8/><W47/><G39/><T1/><D1/><N who="3" m="9" /><G77/><T13/><D13/><N who="1" m="5303" /><E50/><V65/><REACH who="2" step="1"/><F102/><REACH who="2" ten="505,184,103,198" step="2"/><W135/><G135/><T117/><D101/><U26/><E26/><V98/><F98/><W107/><G107/><T34/><D117/><U113/><E113/><V12/><F12/><W22/><G22/><T69/><D24/><U36/><E36/><V53/><F53/><W131/><G131/><T87/><D23/><U130/><E130/><V126/><F126/><W103/><G103/><T75/><D34/><U122/><E122/><V85/><F85/><W76/><G76/><T0/><D0/><U73/><E73/><V128/><F128/><W20/><G20/><T82/><D75/><U67/><E67/><V106/><F106/><W125/><G125/><T88/><D84/><U95/><E95/><V41/><F41/><AGARI ba="0,1" hai="40,41,42,44,45,47,81,83,132,133,134" m="9" machi="41" ten="40,12000,2" yaku="28,2,20,1,52,3" doraHai="37" who="3" fromWho="2" sc="505,0,184,0,103,-120,198,130" owari="505,61.0,184,-22.0,-17,-52.0,328,13.0" />
</Scene>
</mjloggm>