<mjloggm ver="2.3"><GO type="169"/><UN n0="%70%61%75%73%65" n1="%E5%A4%AA%E3%81%8F%E3%81%AA%E3%81%84%E3%81%8A" n2="%78%72%63%35%32%34%32%38" n3="%45%6B%69%62%65%6E" dan="16,16,16,16" rate="2091,2082,2134,2076" sx="F,M,M,M"/><TAIKYOKU oya="0"/>

<Scene>
<INIT seed="0,0,0,4,0,121" ten="250,250,250,250" oya="0" hai0="66,25,63,91,17,34,131,129,61,67,11,81,19" hai1="40,106,95,114,57,73,124,47,29,30,33,83,41" hai2="44,113,99,7,13,54,8,101,112,24,100,39,26" hai3="75,50,96,28,46,132,92,71,111,126,85,119,53"/><T104/><D104/><U82/><E106/><V1/><F101/><W78/><G71/><T16/><D11/><U15/><E33/><V62/><F1/><W32/><G119/><T102/><D102/><U127/><E114/><V48/><F39/><W2/><G2/><T76/><D91/><U90/><E57/><V51/><F62/><W88/><G75/><T108/><D108/><U77/><E15/><V58/><F112/><W37/><G37/><T36/><D36/><N who="1" m="21895" /><E83/><V79/><F79/><W120/><G111/><T22/><D34/><U35/><E41/><V80/><F80/><W135/><G120/><T123/><D123/><U125/><E35/><V23/><F23/><W93/><G126/><T18/><D63/><U42/><E42/><V105/><REACH who="2" step="1"/><F113/><REACH who="2" ten="250,250,240,250" step="2"/><W87/><G78/><T59/><REACH who="0" step="1"/><D67/><REACH who="0" ten="240,250,240,250" step="2"/><U55/><E125/><V68/><F68/><W130/><G32/><T133/><D133/><U14/><E124/><V52/><AGARI ba="0,2" hai="7,8,13,24,26,44,48,51,52,54,58,99,100,105" machi="52" ten="20,5200,0" yaku="1,1,0,1,7,1,54,1,53,0" doraHai="121" doraHaiUra="122" who="2" fromWho="2" sc="240,-26,250,-13,240,72,250,-13" />
</Scene>
<Scene>
<INIT seed="1,0,0,4,1,118" ten="214,237,312,237" oya="1" hai0="92,62,48,55,58,99,71,135,66,100,12,81,37" hai1="108,130,106,82,54,63,22,131,16,129,104,125,84" hai2="0,10,35,15,19,60,1,26,64,76,30,77,95" hai3="59,57,24,101,3,88,49,65,68,2,128,23,90"/><U56/><E125/><V14/><F95/><W127/><G127/><T18/><D135/><U42/><E42/><V124/><F124/><W25/><G101/><T111/><D111/><U91/><REACH who="1" step="1"/><E108/><REACH who="1" ten="214,227,312,237" step="2"/><V102/><F102/><W85/><G128/><T32/><D37/><U120/><E120/><V96/><F0/><W61/><G2/><T46/><D32/><U53/><E53/><V6/><F1/><W27/><G3/><T105/><D105/><U8/><E8/><V73/><F10/><W51/><G23/><T39/><D39/><U112/><E112/><V134/><F35/><W79/><G68/><T113/><D113/><U4/><E4/><V11/><F6/><W34/><G34/><T87/><D71/><U13/><AGARI ba="0,1" hai="13,16,22,54,56,63,82,84,91,104,106,129,130,131" machi="13" ten="30,12000,1" yaku="1,1,0,1,19,1,54,1,53,1" doraHai="118" doraHaiUra="52" who="1" fromWho="1" sc="214,-40,227,130,312,-40,237,-40" />
</Scene>
<Scene>
<INIT seed="1,1,0,4,0,4" ten="174,357,272,197" oya="1" hai0="34,12,11,67,123,83,44,29,105,80,128,78,95" hai1="39,103,45,120,93,111,20,24,102,112,1,38,18" hai2="37,110,130,104,133,87,82,115,40,0,100,109,125" hai3="13,47,132,116,2,32,23,91,106,79,86,28,68"/><U16/><E120/><V55/><F0/><W85/><G68/><T17/><D105/><U3/><E112/><V108/><F115/><W64/><G64/><T62/><D123/><U96/><E111/><V97/><F125/><W127/><G106/><T134/><D128/><U129/><E129/><V69/><F130/><W46/><G2/><T118/><D118/><U89/><E1/><V7/><F7/><W19/><G127/><T113/><D113/><U59/><E3/><V66/><F133/><W15/><G132/><T63/><D134/><U14/><E59/><V124/><F124/><W119/><G15/><T114/><D114/><U56/><E56/><V99/><F55/><W92/><G79/><T90/><D44/><U71/><E71/><V35/><F35/><W21/><G85/><T117/><D117/><N who="3" m="45129" /><G23/><T101/><D67/><U135/><E135/><V53/><F53/><W41/><G41/><T94/><D34/><U5/><E5/><V49/><F66/><W75/><G75/><T48/><D78/><U122/><E122/><V42/><F69/><W36/><G36/><T65/><D65/><U22/><REACH who="1" step="1"/><E39/><REACH who="1" ten="174,347,272,197" step="2"/><V88/><F37/><W54/><G47/><T121/><D121/><U33/><E33/><V74/><F109/><W26/><G46/><T9/><D63/><U57/><E57/><V60/><F110/><W52/><AGARI ba="1,1" hai="13,19,21,26,28,32,52,54,86,91,92" m="45129" machi="52" ten="30,2000,0" yaku="12,1,54,1" doraHai="4" who="3" fromWho="3" sc="174,-6,347,-11,272,-6,197,33" />
</Scene>
<Scene>
<INIT seed="2,0,0,0,0,9" ten="168,336,266,230" oya="2" hai0="35,109,62,79,115,34,10,88,85,106,73,0,2" hai1="57,132,68,58,64,59,65,42,15,18,67,84,80" hai2="16,39,30,23,29,7,6,96,43,123,50,97,12" hai3="33,128,121,82,48,38,107,40,63,77,120,118,135"/><V92/><F123/><W20/><G33/><T76/><D106/><U69/><E132/><V22/><F39/><W105/><G118/><T1/><D115/><U61/><E42/><V83/><F83/><W90/><G135/><T108/><D62/><U110/><E110/><N who="0" m="42601" /><D73/><U4/><E4/><N who="2" m="1579" /><F92/><W131/><G38/><T71/><D71/><U5/><E5/><V101/><F101/><W111/><G90/><T41/><D41/><U72/><E72/><V114/><F114/><W11/><G63/><T28/><D10/><U99/><E99/><N who="2" m="37963" /><F23/><W122/><G20/><T19/><D19/><U21/><REACH who="1" step="1"/><E61/><REACH who="1" ten="168,326,266,230" step="2"/><V54/><F43/><W102/><G111/><T37/><D37/><U129/><E129/><V51/><F51/><W113/><G48/><T49/><D49/><U130/><E130/><V36/><F36/><W53/><G40/><T95/><D35/><U104/><E104/><V134/><F134/><W70/><G113/><T14/><D34/><U78/><AGARI ba="0,1" hai="15,18,21,57,58,59,64,65,67,68,69,78,80,84" machi="78" ten="30,4000,0" yaku="1,1,0,1,52,1,53,0" doraHai="9" doraHaiUra="93" who="1" fromWho="1" sc="168,-10,326,50,266,-20,230,-10" />
</Scene>
<Scene>
<INIT seed="3,0,0,1,5,61" ten="158,376,246,220" oya="3" hai0="106,29,87,35,73,5,101,2,54,67,9,12,31" hai1="41,14,102,103,134,82,78,124,22,110,133,84,127" hai2="7,115,34,65,0,94,10,79,1,15,71,30,3" hai3="33,91,27,40,86,69,100,92,63,135,60,96,74"/><W114/><G74/><T11/><D73/><U50/><E41/><V105/><F115/><W20/><G114/><T66/><D54/><U28/><E50/><V55/><F55/><W32/><G135/><N who="1" m="51722" /><E28/><V98/><F79/><W97/><G40/><T8/><D8/><U64/><E110/><V99/><F94/><W37/><G37/><T68/><D68/><U75/><E22/><V56/><F56/><W104/><G63/><T4/><D87/><U46/><E14/><V107/><F99/><W44/><G44/><T77/><D77/><N who="1" m="44351" /><E46/><V76/><F76/><W95/><G60/><T93/><D106/><U25/><E25/><N who="2" m="18767" /><F15/><W88/><REACH who="3" step="1"/><G69/><REACH who="3" ten="158,376,246,210" step="2"/><T26/><D31/><AGARI ba="0,1" hai="20,27,31,32,33,86,88,91,92,95,96,97,100,104" machi="31" ten="30,11600,0" yaku="1,1,2,1,7,1,54,1,53,0" doraHai="61" doraHaiUra="53" who="3" fromWho="0" sc="158,-116,376,0,246,0,210,126" />
</Scene>
<Scene>
<INIT seed="3,1,0,5,2,80" ten="42,376,246,336" oya="3" hai0="48,55,56,13,82,49,7,88,57,4,1,113,127" hai1="15,21,65,81,79,32,16,78,69,98,102,46,107" hai2="73,3,116,114,135,94,59,50,77,27,24,10,62" hai3="123,38,85,105,130,45,35,132,134,31,52,28,23"/><W5/><G105/><T103/><D1/><U25/><E46/><V106/><F114/><W129/><G5/><T0/><D0/><U42/><E42/><V37/><F106/><W104/><G104/><T58/><D113/><U119/><E119/><V125/><F37/><W66/><G66/><T118/><D118/><U17/><E81/><V126/><F135/><N who="3" m="51755" /><G123/><T54/><D127/><U29/><E17/><V133/><F116/><W71/><G71/><T53/><D103/><U76/><E76/><V91/><F133/><W72/><G72/><T86/><REACH who="0" step="1"/><D13/><REACH who="0" ten="32,376,246,336" step="2"/><U112/><E112/><V51/><F3/><W11/><G129/><T6/><AGARI ba="1,1" hai="4,6,7,48,49,53,54,55,56,57,58,82,86,88" machi="6" ten="40,16000,3" yaku="1,1,2,1,0,1,29,2,8,1,52,1,54,1,53,1" doraHai="80" doraHaiUra="84" who="0" fromWho="0" sc="32,173,376,-41,246,-41,336,-81" />
</Scene>
<Scene>
<INIT seed="4,0,0,4,0,68" ten="205,335,205,255" oya="0" hai0="116,112,82,0,3,72,78,135,104,5,62,45,122" hai1="80,12,110,38,130,42,28,34,39,106,125,108,73" hai2="47,26,31,74,44,101,40,58,11,33,131,22,129" hai3="7,88,99,100,53,60,56,1,61,111,79,16,4"/><T132/><D122/><U63/><E12/><V18/><F74/><W84/><G111/><N who="1" m="42538" /><E63/><V52/><F101/><W87/><G79/><T86/><D116/><U59/><E59/><V71/><F71/><W93/><G1/><T92/><D104/><U20/><E20/><V121/><F121/><W55/><G84/><T114/><D62/><U117/><E117/><V102/><F102/><W30/><G30/><T70/><D70/><U54/><E54/><V21/><F11/><W50/><G16/><T24/><D24/><N who="1" m="18695" /><E42/><V95/><F95/><N who="3" m="58495" /><G61/><T96/><D45/><AGARI ba="0,0" hai="4,7,45,50,53,55,56,60,87,88,93" m="58495" machi="45" ten="30,2000,0" yaku="8,1,54,1" doraHai="68" who="3" fromWho="0" sc="205,-20,335,0,205,0,255,20" />
</Scene>
<Scene>
<INIT seed="5,0,0,5,2,56" ten="185,335,205,275" oya="1" hai0="79,119,23,104,46,58,126,2,48,82,114,89,21" hai1="99,27,28,120,127,19,25,36,8,3,86,30,73" hai2="95,118,113,44,53,87,59,11,88,107,75,47,49" hai3="24,51,92,103,131,121,67,106,31,13,93,14,64"/><U83/><E120/><V124/><F118/><W90/><G121/><T57/><D104/><U132/><E36/><V98/><F124/><W18/><G131/><T133/><D119/><U116/><E116/><V134/><F134/><W60/><G67/><T22/><D126/><U32/><E127/><V100/><F113/><W42/><G106/><T71/><D71/><U112/><E112/><V109/><F109/><W55/><G42/><T34/><D34/><U111/><E132/><V20/><F11/><W77/><G77/><T110/><D110/><U10/><E111/><V122/><F122/><W80/><G80/><T5/><D133/><U108/><E108/><V70/><F70/><W1/><G1/><T66/><D114/><U128/><E128/><V76/><REACH who="2" step="1"/><F20/><REACH who="2" ten="185,335,195,275" step="2"/><W94/><G103/><T12/><D23/><U123/><E123/><V130/><F130/><W65/><G90/><T97/><D22/><U39/><E8/><V43/><F43/><W62/><G64/><T81/><D66/><U54/><E10/><V7/><F7/><W40/><G65/><T125/><D125/><U15/><E32/><V41/><F41/><W135/><G40/><N who="0" m="24647" /><D5/><U33/><E33/><V35/><F35/><W85/><G135/><T16/><D79/><U84/><E39/><V26/><F26/><W68/><G24/><T74/><D21/><U63/><E25/><V37/><F37/><W91/><G68/><T38/><D38/><U129/><E27/><V0/><F0/><W117/><G117/><T9/><D2/><U72/><E3/><V4/><F4/><W61/><G13/><RYUUKYOKU ba="0,1" sc="185,-10,335,-10,195,30,275,-10" hai2="44,47,49,53,59,75,76,87,88,95,98,100,107" />
</Scene>
<Scene>
<INIT seed="6,1,1,5,3,89" ten="175,325,225,265" oya="2" hai0="21,66,131,93,24,76,125,3,70,52,20,115,55" hai1="111,39,130,86,5,123,50,56,6,17,102,9,120" hai2="11,48,10,129,7,22,23,72,82,44,12,92,38" hai3="28,85,134,35,15,57,73,33,78,18,71,80,79"/><V77/><F38/><W67/><G71/><T60/><D115/><U104/><E39/><V45/><F129/><W96/><G134/><T69/><D131/><U32/><E32/><V36/><F36/><W81/><G28/><T128/><D128/><U0/><E130/><V132/><F132/><W74/><G85/><T2/><D125/><U68/><E68/><V83/><F82/><W25/><G25/><T1/><D70/><U37/><E37/><V64/><F64/><W58/><G96/><T62/><D62/><U43/><E111/><V94/><F44/><W126/><G126/><T112/><D112/><U109/><E109/><V127/><F127/><W53/><G67/><T90/><D76/><U117/><E117/><V91/><F10/><W113/><G113/><T87/><REACH who="0" step="1"/><D20/><REACH who="0" ten="165,325,225,265" step="2"/><U30/><E120/><V116/><F116/><W47/><G33/><T54/><D54/><U61/><E61/><V133/><F133/><W119/><G35/><T101/><D101/><U41/><E102/><V59/><F59/><W118/><G47/><T42/><D42/><U97/><E43/><V46/><F46/><W99/><G58/><T65/><D65/><U107/><E41/><N who="2" m="24623" /><F91/><W108/><G108/><T110/><D110/><U75/><E56/><V27/><F23/><N who="3" m="11743" /><G57/><T63/><D63/><U26/><E123/><V103/><F103/><W40/><G53/><T34/><D34/><U100/><E100/><V106/><F106/><W31/><G40/><T8/><D8/><U4/><E104/><V49/><F49/><W124/><G124/><T95/><D95/><U105/><E105/><RYUUKYOKU ba="1,2" sc="165,15,325,-15,225,15,265,-15" hai0="1,2,3,21,24,52,55,60,66,69,87,90,93" hai2="7,11,12,22,27,72,77,83,92,94" />
</Scene>
<Scene>
<INIT seed="6,2,2,4,2,78" ten="180,310,240,250" oya="2" hai0="13,77,16,74,41,17,93,46,83,118,7,86,40" hai1="9,29,35,113,89,3,15,18,1,64,8,73,10" hai2="28,76,67,131,60,115,44,125,36,92,101,91,56" hai3="121,69,0,110,25,47,45,130,68,14,19,55,81"/><V96/><F115/><W22/><G0/><N who="1" m="74" /><E89/><V6/><F125/><W129/><G110/><T32/><D32/><U135/><E64/><V2/><F131/><N who="3" m="50187" /><G121/><T23/><D118/><U70/><E73/><V62/><F60/><W100/><G100/><T52/><D7/><U95/><E95/><V80/><F28/><W126/><G126/><T103/><D17/><U43/><E43/><N who="0" m="16457" /><D74/><U48/><E48/><V124/><F44/><N who="3" m="16971" /><G55/><T30/><D30/><U104/><E104/><V133/><F36/><W34/><G81/><T90/><D103/><U65/><E65/><V75/><F124/><W85/><G85/><N who="0" m="52431" /><D46/><U87/><E87/><V111/><F111/><W61/><G61/><T59/><D59/><U27/><E70/><V123/><F123/><W82/><G82/><T63/><D63/><U49/><E49/><V127/><F127/><W99/><G99/><T57/><D57/><U79/><E79/><V98/><F98/><W94/><G94/><T102/><D102/><U116/><E116/><V128/><F128/><W53/><G34/><T112/><D112/><U120/><E113/><V50/><F50/><W42/><G42/><T39/><D39/><U107/><E107/><V66/><F101/><W97/><G97/><T132/><D132/><U33/><E120/><V108/><F133/><W4/><G53/><AGARI ba="2,2" hai="13,16,23,52,53,77,83,86" m="52431,16457" machi="53" ten="30,7700,0" yaku="8,1,52,1,54,2" doraHai="78" who="0" fromWho="3" sc="180,103,310,0,240,0,250,-83" />
</Scene>
<Scene>
<INIT seed="7,0,0,2,4,26" ten="283,310,240,167" oya="3" hai0="55,129,69,76,38,43,28,124,1,79,126,128,59" hai1="132,102,45,133,8,42,71,20,36,118,65,39,111" hai2="68,18,34,88,29,90,87,21,46,50,52,105,51" hai3="84,56,22,35,13,123,122,27,70,116,101,93,33"/><W41/><G70/><T62/><D1/><U15/><E111/><V125/><F105/><W7/><G116/><T60/><D28/><U5/><E118/><V58/><F68/><W74/><G74/><T80/><D79/><U81/><E102/><V3/><F3/><W113/><G113/><T32/><D32/><U63/><E81/><V82/><F125/><N who="0" m="48234" /><D80/><U86/><E86/><V12/><F34/><W64/><G41/><T119/><D76/><U112/><E112/><V103/><F103/><W67/><G33/><T104/><D104/><U40/><E20/><V83/><F29/><N who="3" m="17655" /><G35/><T0/><D0/><U31/><E31/><V109/><F109/><W48/><G122/><T130/><D119/><U94/><E94/><N who="2" m="54559" /><F90/><N who="3" m="53447" /><G101/><T49/><D69/><U10/><E10/><V14/><F14/><W120/><G123/><T75/><D75/><U44/><AGARI ba="0,0" hai="5,8,15,36,39,40,42,44,45,63,65,71,132,133" machi="44" ten="30,2000,0" yaku="0,1,9,1" doraHai="26" who="1" fromWho="1" sc="283,-5,310,20,240,-5,167,-10" owari="278,8.0,330,42.0,235,-16.0,157,-34.0" />
</Scene>
</mjloggm>