<mjloggm ver="2.3"><GO type="193"/><UN n0="%E5%A4%AA%E3%81%8F%E3%81%AA%E3%81%84%E3%81%8A" n1="%E4%B9%85%E9%81%A0%E3%81%A1%E3%82%83%E3%82%93%EF%BC%88%E2%98%86%EF%BC%89" n2="%64%6F%70%61%69%70%61%69" n3="%CE%95%CE%93%EF%BC%92" dan="11,11,13,13" rate="1817,1687,1728,1724" sx="M,F,M,M"/><TAIKYOKU oya="0"/>

<Scene>
<INIT seed="0,0,0,0,3,81" ten="250,250,250,250" oya="0" hai0="52,67,133,114,108,73,122,129,57,119,35,26,38" hai1="24,19,86,104,53,124,80,131,43,84,87,16,45" hai2="0,112,111,27,70,30,25,5,99,41,97,34,63" hai3="51,9,32,13,98,96,88,18,64,116,12,44,37"/><T113/><RYUUKYOKU type="yao9" ba="0,0" sc="250,0,250,0,250,0,250,0" hai0="26,35,38,52,57,67,73,108,113,114,119,122,129,133" />
</Scene>
<Scene>
<INIT seed="0,1,0,3,4,90" ten="250,250,250,250" oya="0" hai0="101,61,45,71,18,117,3,52,39,118,125,70,85" hai1="25,14,6,56,50,106,35,112,31,111,119,53,13" hai2="10,60,23,49,81,128,79,109,124,114,58,41,30" hai3="72,24,116,46,83,88,66,73,22,1,104,51,27"/><T87/><D3/><U59/><E106/><V54/><F114/><W47/><G116/><T107/><D107/><U74/><E119/><V64/><F124/><W38/><G104/><T127/><D101/><U5/><E74/><V108/><F128/><W129/><G1/><T94/><D118/><U92/><E112/><V96/><F10/><W89/><G129/><T15/><D117/><U36/><E36/><V28/><F96/><W42/><G66/><T69/><D39/><U4/><E111/><V132/><F132/><W130/><G130/><T122/><D122/><U110/><E110/><N who="2" m="42603" /><F23/><W21/><G72/><T20/><D94/><U11/><E59/><N who="2" m="36895" /><F41/><W121/><G121/><T131/><D131/><U12/><REACH who="1" step="1"/><E11/><REACH who="1" ten="250,240,250,250" step="2"/><V44/><F44/><W75/><G46/><T126/><D45/><U97/><E97/><V32/><F32/><W103/><G38/><T76/><D76/><U43/><E43/><V63/><F63/><W80/><G73/><AGARI ba="1,1" hai="28,30,49,54,58,73,79,81" m="36895,42603" machi="73" ten="30,1000,0" yaku="14,1" doraHai="90" who="2" fromWho="3" sc="250,0,240,0,250,23,250,-13" />
</Scene>
<Scene>
<INIT seed="1,0,0,2,2,56" ten="250,240,273,237" oya="1" hai0="129,54,35,131,53,7,38,63,101,26,126,1,89" hai1="128,30,9,119,2,102,51,124,84,69,10,55,72" hai2="33,20,103,130,94,74,134,39,52,115,87,58,25" hai3="18,24,14,16,93,34,17,123,132,100,95,71,68"/><U50/><E119/><V121/><F121/><W105/><G123/><T13/><D38/><U81/><E69/><V127/><F39/><W83/><G132/><T5/><D101/><U99/><E128/><N who="0" m="49225" /><D1/><U78/><E124/><V113/><F74/><W22/><G83/><T122/><D122/><U67/><E30/><V79/><F33/><W40/><G40/><T82/><D126/><U60/><E72/><V125/><F134/><W73/><G73/><T110/><D110/><U27/><E27/><V6/><F6/><N who="0" m="2058" /><D13/><U48/><E2/><V77/><F130/><W107/><G34/><T32/><D26/><U109/><E109/><V104/><F104/><W70/><G100/><T62/><D82/><U112/><E112/><N who="2" m="43083" /><F103/><W120/><G120/><T15/><D89/><U37/><E37/><V114/><N who="2" m="43091" /><V41/><DORA hai="76" /><F41/><W57/><G57/><N who="0" m="35119" /><D15/><U75/><E75/><V3/><F3/><W0/><G0/><T43/><D43/><U80/><E80/><N who="2" m="47503" /><F94/><W12/><G22/><T88/><D88/><U92/><E55/><V21/><F79/><W19/><G24/><T86/><D86/><U46/><E46/><V47/><F47/><W111/><G111/><T108/><D108/><U42/><E42/><V106/><F106/><N who="3" m="40459" /><G19/><T23/><D23/><N who="2" m="8778" /><F25/><W135/><G135/><T116/><D116/><U49/><E49/><AGARI ba="0,0" hai="49,52,58,125,127" m="8778,47503,43091" machi="49" ten="40,5200,0" yaku="11,1,52,1,54,1" doraHai="56,76" who="2" fromWho="1" sc="250,0,240,-52,273,52,237,0" />
</Scene>
<Scene>
<INIT seed="2,0,0,0,0,134" ten="250,188,325,237" oya="2" hai0="18,125,38,101,61,129,47,86,74,42,30,91,93" hai1="106,75,35,3,120,111,116,124,45,5,87,68,66" hai2="56,82,96,119,78,7,85,76,103,40,23,32,83" hai3="39,130,105,104,11,29,2,98,107,122,52,58,17"/><V6/><F119/><W128/><G122/><T63/><D129/><N who="3" m="49769" /><G39/><T71/><D74/><U115/><E116/><V65/><F32/><W100/><G29/><T50/><D30/><U27/><E115/><V34/><F34/><W46/><G46/><T57/><D101/><U8/><E106/><V36/><F23/><W89/><G89/><T95/><D71/><U108/><E75/><V28/><F28/><W92/><G2/><T72/><D72/><U73/><E73/><V112/><F112/><W70/><G70/><T53/><D125/><U37/><E37/><V60/><F40/><W67/><G67/><T117/><D117/><U114/><E114/><V90/><F36/><W48/><G17/><T121/><D121/><U77/><E120/><V10/><F10/><AGARI ba="0,0" hai="10,11,48,52,58,92,98,100,104,105,107" m="49769" machi="10" ten="40,2600,0" yaku="19,1,54,1" doraHai="134" who="3" fromWho="2" sc="250,0,188,0,325,-26,237,26" />
</Scene>
<Scene>
<INIT seed="3,0,0,2,3,89" ten="250,188,299,263" oya="3" hai0="49,12,91,57,126,98,52,80,29,63,8,33,5" hai1="73,110,117,35,54,109,42,75,19,128,61,20,133" hai2="6,58,105,82,67,0,48,108,107,83,131,69,101" hai3="102,30,28,127,32,43,66,104,7,77,21,111,34"/><W24/><G77/><T103/><D126/><U72/><E35/><V14/><F108/><N who="1" m="41577" /><E42/><V115/><F115/><W120/><G111/><T55/><D33/><U90/><E128/><V135/><F135/><W56/><G120/><T76/><D29/><U31/><E133/><V59/><F131/><W36/><G127/><T99/><D91/><U93/><E31/><V45/><F105/><W88/><G36/><T118/><D118/><U22/><E117/><V3/><F3/><W2/><G43/><T79/><D80/><U85/><E19/><V44/><F0/><W70/><G70/><T4/><D4/><U15/><E15/><V37/><F37/><W86/><G104/><T100/><D98/><U13/><E13/><V97/><F69/><W119/><G119/><T68/><D68/><U116/><E116/><V39/><F39/><W94/><G102/><N who="0" m="38955" /><D99/><U23/><E23/><V84/><F82/><W124/><G124/><T78/><D78/><U129/><E129/><V16/><F6/><W46/><G46/><AGARI ba="0,0" hai="5,8,12,46,49,52,55,57,63,76,79" m="38955" machi="46" ten="30,2000,0" yaku="8,1,54,1" doraHai="89" who="0" fromWho="3" sc="250,20,188,0,299,0,263,-20" />
</Scene>
<Scene>
<INIT seed="4,0,0,3,2,19" ten="270,188,299,243" oya="0" hai0="48,52,68,126,127,40,13,84,117,108,116,49,54" hai1="124,16,33,79,99,22,15,1,90,58,7,39,65" hai2="66,77,70,104,38,20,112,92,130,69,53,132,134" hai3="61,59,63,105,115,56,60,37,110,27,34,88,18"/><T89/><D68/><N who="2" m="26218" /><F112/><W21/><G110/><T25/><D108/><U97/><E39/><V93/><F104/><W36/><G34/><T82/><D13/><U94/><E33/><V51/><F38/><W100/><G115/><T46/><D25/><U0/><E124/><N who="0" m="47657" /><D49/><U23/><E79/><V9/><F9/><W8/><G105/><T125/><N who="0" m="47665" /><T98/><DORA hai="24" /><D98/><U109/><E109/><V10/><F10/><W128/><G100/><T30/><D30/><U133/><E133/><N who="2" m="51307" /><F130/><W111/><G111/><T83/><D83/><U17/><E65/><V50/><F20/><W81/><G128/><T102/><D102/><U14/><E58/><N who="2" m="33079" /><F66/><W5/><G36/><N who="0" m="21767" /><D54/><U64/><E64/><V4/><F51/><W107/><G37/><T106/><D106/><U123/><E123/><V73/><F4/><W101/><G101/><T43/><D43/><U41/><E41/><V72/><F77/><W2/><REACH who="3" step="1"/><G107/><REACH who="3" ten="270,188,299,233" step="2"/><T28/><D28/><U31/><E31/><V78/><F78/><W85/><AGARI ba="0,1" hai="2,5,8,18,21,27,56,59,60,61,63,81,85,88" machi="85" ten="30,8000,1" yaku="1,1,2,1,0,1,52,1,54,1,53,0" doraHai="19,24" doraHaiUra="118,91" who="3" fromWho="3" sc="270,-40,188,-20,299,-20,233,90" owari="230,-17.0,168,-33.0,279,8.0,323,42.0" />
</Scene>
</mjloggm>