<mjloggm ver="2.3"><GO type="169"/><UN n0="%E5%86%92%E9%99%BA%E7%8E%8B%E3%83%8B%E3%82%A3%E3%83%88" n1="%E5%A4%AA%E3%81%8F%E3%81%AA%E3%81%84%E3%81%8A" n2="%E3%81%B3%E3%82%8A%E3%81%B3%E3%82%8A%E2%98%86%E3%83%93%E3%83%AA%E3%83%BC" n3="%E5%B7%9D%E4%BA%95" dan="16,17,17,16" rate="2074,2159,2142,2033" sx="M,M,M,M"/><TAIKYOKU oya="0"/>

<Scene>
<INIT seed="0,0,0,2,1,16" ten="250,250,250,250" oya="0" hai0="91,121,36,5,119,61,84,52,101,87,10,6,122" hai1="85,58,14,21,102,79,86,18,25,118,109,89,66" hai2="123,38,135,116,45,40,106,59,124,49,27,22,88" hai3="132,46,129,35,37,55,19,48,75,68,3,97,94"/><T8/><D36/><U65/><E118/><V42/><F123/><W78/><G78/><T67/><D119/><U56/><E109/><V28/><F106/><W114/><G114/><T92/><D101/><U83/><E102/><V26/><F116/><W80/><G80/><T20/><D122/><U15/><E66/><V95/><F124/><W13/><G75/><T81/><D121/><U134/><E134/><V33/><F135/><W41/><G132/><T17/><D67/><U130/><E130/><V90/><F42/><W2/><G35/><T71/><D71/><U126/><E126/><V104/><F104/><W63/><G129/><T60/><D10/><U29/><E65/><V82/><F82/><W120/><G63/><T9/><D8/><U77/><E14/><V69/><F69/><W127/><G68/><T105/><D9/><N who="1" m="6511" /><E79/><V96/><F59/><W0/><G127/><T50/><D105/><U133/><E133/><V98/><F38/><W99/><G120/><T43/><D43/><U51/><E51/><V47/><F47/><W76/><G76/><N who="0" m="46119" /><D6/><U110/><E110/><V34/><REACH who="2" step="1"/><F27/><REACH who="2" ten="250,250,240,250" step="2"/><W131/><G131/><T1/><D1/><U54/><E25/><V72/><F72/><W103/><G2/><T57/><D5/><U93/><E83/><V125/><F125/><W111/><G111/><T117/><D117/><U12/><E77/><V64/><F64/><W128/><G128/><T62/><D62/><U53/><E93/><AGARI ba="0,1" hai="22,26,28,33,34,40,45,49,88,90,93,95,96,98" machi="93" ten="40,8000,1" yaku="1,1,9,1,52,1,54,1,53,0" doraHai="16" doraHaiUra="113" who="2" fromWho="1" sc="250,0,250,-80,240,90,250,0" />
</Scene>
<Scene>
<INIT seed="1,0,0,1,0,59" ten="250,170,330,250" oya="1" hai0="96,23,50,107,51,77,120,24,135,102,105,80,106" hai1="115,68,9,74,17,93,123,64,38,42,19,127,126" hai2="108,14,48,26,110,16,84,33,39,94,116,128,95" hai3="27,73,121,3,15,125,79,10,103,12,45,47,18"/><U49/><E123/><V81/><F39/><W88/><G121/><T76/><D120/><U109/><E115/><V66/><F116/><W97/><G3/><T104/><D135/><U32/><E32/><V114/><F114/><W56/><G125/><N who="1" m="47626" /><E74/><V54/><F128/><W119/><G119/><T87/><REACH who="0" step="1"/><D77/><REACH who="0" ten="240,170,330,250" step="2"/><U133/><E133/><V20/><F110/><W22/><G79/><T58/><D58/><U0/><E109/><V89/><F108/><W25/><G56/><T13/><D13/><U52/><E0/><V46/><F66/><W1/><G1/><T99/><D99/><U55/><E64/><V70/><F70/><W122/><G122/><T91/><D91/><U117/><E68/><V90/><F90/><W98/><G88/><T2/><D2/><U75/><E117/><V28/><AGARI ba="0,1" hai="14,16,20,26,28,33,46,48,54,81,84,89,94,95" machi="28" ten="30,2000,0" yaku="0,1,54,1" doraHai="59" who="2" fromWho="2" sc="240,-5,170,-10,330,30,250,-5" />
</Scene>
<Scene>
<INIT seed="2,0,0,3,3,113" ten="235,160,360,245" oya="2" hai0="89,84,121,111,19,109,63,37,24,81,46,94,44" hai1="1,28,110,99,3,86,105,43,76,120,12,128,122" hai2="101,40,95,77,104,93,72,15,64,114,53,115,56" hai3="4,134,59,49,102,32,23,119,78,106,135,117,21"/><V55/><F104/><W39/><G39/><T7/><D121/><N who="1" m="46699" /><E110/><N who="0" m="41993" /><D7/><U131/><E43/><V52/><F40/><W97/><G32/><T83/><D63/><U60/><E28/><V45/><F45/><N who="0" m="17514" /><D37/><U30/><E30/><V42/><F42/><W16/><G78/><T57/><D57/><U91/><E60/><N who="2" m="37895" /><F77/><W103/><G4/><T74/><D74/><U25/><E25/><V9/><F72/><W124/><G103/><T29/><D19/><U36/><E36/><V112/><F112/><W50/><G124/><T14/><D14/><U5/><E76/><V18/><F115/><W79/><G79/><T90/><D89/><U75/><E75/><V66/><F114/><W96/><G96/><T123/><D123/><U107/><E12/><V100/><F66/><W68/><G68/><T58/><D58/><U48/><E48/><N who="3" m="18538" /><G59/><T17/><D17/><U108/><E108/><V35/><F35/><AGARI ba="0,0" hai="24,29,35,81,83,84,90,94" m="17514,41993" machi="35" ten="30,1000,0" yaku="14,1" doraHai="113" who="0" fromWho="2" sc="235,10,160,0,360,-10,245,0" />
</Scene>
<Scene>
<INIT seed="3,0,0,4,0,51" ten="245,160,350,245" oya="3" hai0="105,0,86,68,19,37,55,104,78,11,50,65,94" hai1="29,7,100,63,36,96,16,82,4,128,15,119,74" hai2="24,90,108,107,41,45,52,49,47,53,84,111,118" hai3="57,89,59,83,109,116,126,87,85,91,129,127,97"/><W72/><G116/><T79/><D37/><U75/><E36/><V131/><F107/><W10/><G72/><T43/><D43/><U132/><E119/><V120/><F118/><W102/><G10/><T66/><D104/><U123/><E123/><V112/><F120/><W42/><G42/><T48/><D105/><U23/><E128/><V76/><F112/><W115/><G115/><T64/><D50/><U117/><E117/><V92/><F131/><W134/><G129/><T113/><D113/><U30/><E132/><V71/><F71/><W32/><G32/><T33/><D33/><U8/><E63/><V95/><F24/><W98/><G134/><T103/><D68/><U40/><E40/><V2/><F2/><W61/><G109/><N who="2" m="42057" /><F76/><W56/><G61/><T106/><D106/><U110/><E110/><V80/><F53/><W44/><G44/><T5/><D19/><U88/><E74/><V13/><F13/><W81/><REACH who="3" step="1"/><G102/><REACH who="3" ten="245,160,350,235" step="2"/><T70/><D70/><U73/><E73/><V54/><F41/><W133/><G133/><T22/><D103/><U60/><E60/><V121/><F121/><W130/><G130/><T77/><D22/><U125/><E75/><V46/><F46/><W93/><G93/><T20/><D20/><U135/><E135/><V21/><F21/><W14/><G14/><T12/><D0/><U17/><E23/><V6/><F47/><W1/><G1/><T62/><D62/><U34/><E34/><V18/><F45/><W39/><G39/><T38/><D38/><U69/><E69/><V101/><F101/><W28/><G28/><RYUUKYOKU ba="0,1" sc="245,-10,160,-10,350,-10,235,30" hai3="56,57,59,81,83,85,87,89,91,97,98,126,127" />
</Scene>
<Scene>
<INIT seed="3,1,1,2,4,6" ten="235,150,340,265" oya="3" hai0="55,112,35,17,116,30,68,74,103,65,67,97,128" hai1="106,40,117,53,100,42,39,135,75,88,89,109,101" hai2="41,113,7,8,1,104,82,16,27,52,48,80,111" hai3="24,105,120,115,66,37,45,123,20,107,50,3,15"/><W22/><G115/><T43/><D74/><U21/><E75/><V44/><F113/><W92/><G37/><T46/><D112/><U51/><E109/><V19/><F104/><W133/><G66/><T124/><D55/><U77/><E135/><V33/><F111/><W131/><G133/><T14/><D116/><U129/><E129/><V23/><F33/><W126/><G131/><T125/><D128/><U102/><E106/><V63/><REACH who="2" step="1"/><F19/><REACH who="2" ten="235,150,330,265" step="2"/><W134/><G134/><T94/><D125/><U108/><E108/><V78/><F78/><W72/><G126/><T85/><D124/><U99/><E77/><V96/><F96/><W119/><G105/><T29/><D35/><U18/><E117/><V47/><F47/><W13/><G107/><T2/><D46/><N who="1" m="27895" /><E99/><V9/><F9/><W130/><G130/><T38/><D17/><U69/><E18/><V60/><F60/><W54/><G119/><T86/><D97/><U59/><E21/><V84/><F84/><W34/><G34/><T83/><D86/><U118/><E118/><V87/><F87/><W79/><G72/><T98/><D85/><U57/><E101/><V58/><AGARI ba="1,2" hai="1,7,8,16,23,27,41,44,48,52,58,63,80,82" machi="58" ten="30,8000,1" yaku="1,1,0,1,52,1,54,2,53,0" doraHai="6" doraHaiUra="110" who="2" fromWho="2" sc="235,-21,150,-21,330,103,265,-41" />
</Scene>
<Scene>
<INIT seed="4,0,0,1,4,100" ten="214,129,433,224" oya="0" hai0="95,101,117,105,55,131,18,87,79,41,24,14,122" hai1="123,25,27,82,42,23,97,129,119,127,45,5,84" hai2="108,36,132,92,9,67,32,78,111,76,83,21,44" hai3="63,106,99,10,57,33,130,43,49,94,35,135,40"/><T0/><D0/><U8/><E123/><V2/><F32/><W4/><G130/><T89/><D122/><U102/><E119/><V125/><F125/><W7/><G135/><T124/><D117/><U110/><E110/><V85/><F132/><W15/><G4/><T39/><D124/><U107/><E129/><V53/><F67/><W50/><G50/><T62/><D131/><U1/><E127/><V75/><F21/><W68/><G68/><T28/><D41/><U72/><E23/><V16/><F53/><W38/><G38/><T81/><D39/><U104/><E104/><V34/><F34/><W48/><G48/><T69/><D55/><U128/><E128/><V91/><F78/><W54/><G40/><T65/><D18/><U116/><E116/><V12/><F2/><W56/><G43/><T13/><D24/><U73/><E73/><V70/><F70/><W113/><G113/><T118/><D28/><U71/><E71/><V93/><F93/><W46/><G46/><T90/><D118/><U134/><E134/><V98/><F75/><W88/><REACH who="3" step="1"/><G106/><REACH who="3" ten="214,129,433,214" step="2"/><T30/><D105/><U52/><E42/><N who="2" m="22599" /><F111/><W61/><G61/><T126/><D126/><U58/><E45/><V66/><F108/><W86/><G86/><T19/><D87/><U115/><E115/><V96/><F96/><W22/><G22/><T120/><D65/><AGARI ba="0,1" hai="7,10,15,33,35,49,54,56,57,63,65,88,94,99" machi="65" ten="30,3900,0" yaku="1,1,7,1,54,1,53,0" doraHai="100" doraHaiUra="17" who="3" fromWho="0" sc="214,-39,129,0,433,0,214,49" />
</Scene>
<Scene>
<INIT seed="5,0,0,3,0,91" ten="175,129,433,263" oya="1" hai0="92,11,7,130,61,48,87,3,32,38,59,52,79" hai1="31,36,5,117,110,114,28,83,134,105,2,44,27" hai2="67,62,121,120,35,68,96,88,127,64,60,112,71" hai3="89,86,107,113,6,46,66,12,72,22,74,82,94"/><U49/><E117/><V98/><F35/><W47/><G113/><T101/><D32/><U50/><E105/><V15/><F112/><W115/><G115/><T4/><D38/><U29/><E114/><V116/><F116/><W95/><G107/><T0/><D130/><U63/><E134/><V30/><F30/><W43/><G72/><T75/><D75/><U51/><E110/><V103/><F127/><W70/><G74/><T40/><D79/><U39/><E83/><V125/><F125/><W34/><G34/><T109/><D109/><U80/><E80/><V53/><F53/><W10/><G70/><T111/><D111/><U16/><E63/><V106/><F15/><W69/><G69/><T122/><D122/><U55/><E36/><V19/><F19/><W57/><G22/><T24/><D24/><U58/><E2/><V124/><F124/><W131/><G131/><T99/><D87/><U45/><E5/><V54/><F54/><W126/><G126/><T1/><REACH who="0" step="1"/><D4/><REACH who="0" ten="165,129,433,263" step="2"/><U119/><E119/><V33/><F33/><W13/><G13/><T25/><D25/><U135/><E135/><V9/><F121/><W21/><G21/><T78/><D78/><U77/><E77/><V90/><F120/><W8/><G8/><T81/><D81/><U23/><E39/><V102/><F9/><W108/><G108/><T84/><D84/><U17/><E17/><V118/><F118/><W128/><G128/><T37/><D37/><U132/><E132/><V20/><F20/><W76/><G76/><T73/><D73/><U93/><E16/><V56/><F71/><RYUUKYOKU ba="0,1" sc="165,15,129,-15,433,15,263,-15" hai0="0,1,3,7,11,40,48,52,59,61,92,99,101" hai2="56,60,62,64,67,68,88,90,96,98,102,103,106" />
</Scene>
<Scene>
<INIT seed="6,1,1,1,1,1" ten="180,114,448,248" oya="2" hai0="17,67,65,134,85,122,0,33,127,39,102,31,86" hai1="71,23,114,135,80,74,78,68,37,109,120,5,16" hai2="66,105,21,110,113,87,69,57,50,46,38,73,3" hai3="101,45,119,25,55,56,111,40,6,97,77,104,30"/><V4/><F73/><W89/><G111/><T116/><D39/><U61/><E109/><V72/><F72/><W29/><G119/><T58/><D0/><U9/><E114/><V63/><F110/><W32/><G30/><T49/><D116/><U92/><E135/><V54/><F105/><W75/><G89/><T15/><D134/><U8/><E120/><V100/><F113/><W24/><G24/><T125/><D102/><U90/><E37/><V59/><F100/><W132/><G132/><T34/><D122/><U26/><E61/><V118/><F118/><W88/><G75/><T28/><D58/><U60/><E60/><V44/><F21/><W121/><G77/><T107/><D49/><U7/><E9/><V130/><F130/><W126/><G121/><T36/><D36/><U94/><E94/><V47/><F87/><W106/><G104/><T82/><D15/><U42/><E42/><N who="2" m="22615" /><F59/><W62/><G88/><T12/><D12/><U131/><E131/><V108/><F108/><W53/><G53/><T10/><D10/><AGARI ba="1,1" hai="3,4,10,46,47,50,54,57,63,66,69" m="22615" machi="10" ten="30,2900,0" yaku="24,1,52,1" doraHai="1" who="2" fromWho="0" sc="180,-32,114,0,448,42,248,0" />
</Scene>
<Scene>
<INIT seed="6,2,0,4,2,37" ten="148,114,490,248" oya="2" hai0="95,125,126,76,97,4,124,60,10,12,62,42,89" hai1="96,49,121,40,81,71,68,63,25,106,90,92,122" hai2="39,43,111,56,87,134,7,98,57,116,27,127,34" hai3="75,84,108,73,79,72,115,105,130,59,85,20,17"/><V101/><F116/><W45/><G108/><T118/><D118/><U91/><E106/><V15/><F111/><W80/><G105/><T3/><D76/><U131/><E131/><V24/><F127/><W55/><G130/><T29/><D29/><U52/><E25/><V1/><F1/><W18/><G115/><T123/><D123/><N who="1" m="47115" /><E63/><V69/><F27/><W36/><G84/><T107/><D107/><U100/><E40/><V5/><F43/><W113/><G113/><T58/><D58/><N who="1" m="33039" /><E81/><V112/><F24/><W120/><G120/><T117/><D117/><U109/><E109/><V93/><F112/><W104/><G104/><T35/><D35/><U102/><E91/><V88/><F34/><W110/><G110/><T31/><D31/><U50/><E50/><V74/><F88/><W2/><G2/><T19/><REACH who="0" step="1"/><D42/><REACH who="0" ten="138,114,490,248" step="2"/><U77/><E77/><V129/><F57/><W13/><G79/><T82/><D82/><U119/><E119/><V70/><F56/><W135/><G80/><T14/><D14/><U6/><E6/><V44/><F7/><W9/><G59/><T11/><AGARI ba="2,1" hai="3,4,10,11,12,19,60,62,89,95,97,124,125,126" machi="11" ten="40,5200,0" yaku="1,1,0,1,18,1,53,0" doraHai="37" doraHaiUra="28" who="0" fromWho="0" sc="138,68,114,-15,490,-28,248,-15" />
</Scene>
<Scene>
<INIT seed="7,0,0,1,2,19" ten="206,99,462,233" oya="3" hai0="40,127,26,37,94,6,69,10,91,130,16,42,57" hai1="93,46,124,132,3,106,78,65,7,134,51,89,55" hai2="122,98,76,52,0,75,128,131,62,116,53,109,12" hai3="31,41,9,77,97,35,100,121,49,125,50,103,27"/><W72/><G121/><T22/><D69/><U111/><E111/><V8/><F0/><W88/><G125/><T85/><D127/><U83/><E124/><V120/><F109/><W66/><G66/><T102/><D37/><U32/><E32/><V95/><F116/><W28/><G9/><T21/><D130/><N who="2" m="49706" /><F76/><W15/><G15/><N who="0" m="5591" /><D102/><U90/><E106/><V117/><F75/><W80/><G31/><N who="0" m="17871" /><D57/><U4/><E65/><V126/><F117/><W113/><G113/><T71/><D71/><U115/><E115/><V79/><F79/><W123/><G123/><T84/><D85/><U64/><E64/><V73/><F73/><W135/><G135/><T30/><D30/><U119/><E119/><V87/><F87/><W17/><G100/><T11/><D11/><U29/><E29/><V67/><F126/><W54/><G41/><T39/><D39/><U74/><E3/><V101/><F53/><W99/><G99/><T70/><D70/><U25/><E25/><AGARI ba="0,0" hai="16,22,25,40,42,84,91,94" m="17871,5591" machi="25" ten="30,7700,0" yaku="8,1,52,2,54,1" doraHai="19" who="0" fromWho="1" sc="206,77,99,-77,462,0,233,0" owari="283,8.0,22,-48.0,462,57.0,233,-17.0" />
</Scene>
</mjloggm>