<mjloggm ver="2.3"><GO type="169"/><UN n0="%6E%69%6A%69" n1="%E5%A4%AA%E3%81%8F%E3%81%AA%E3%81%84%E3%81%8A" n2="%70%61%75%73%65" n3="%E3%82%AA%E3%83%A9%E3%82%B4%E3%83%B3%E3%82%AF%E3%82%A8%E3%82%B9%EF%BD%94" dan="16,16,16,16" rate="2046,2093,2105,2142" sx="F,M,F,M"/><TAIKYOKU oya="0"/>

<Scene>
<INIT seed="0,0,0,5,1,104" ten="250,250,250,250" oya="0" hai0="113,3,11,15,84,49,101,32,98,108,118,19,78" hai1="111,25,102,110,99,135,116,90,115,58,134,95,42" hai2="83,52,67,131,103,38,119,10,51,62,89,6,75" hai3="127,50,39,126,41,48,28,88,81,121,69,70,2"/><T68/><D68/><N who="3" m="26217" /><G28/><T94/><D32/><U16/><E42/><V36/><F119/><W73/><G2/><T43/><D118/><U92/><E116/><V125/><F131/><W40/><G88/><T8/><D113/><U35/><E58/><V86/><F125/><N who="3" m="47627" /><G121/><T132/><D132/><N who="1" m="50731" /><E115/><V72/><F103/><W9/><G9/><N who="0" m="6639" /><D3/><U46/><E46/><V64/><F38/><W45/><G41/><T4/><D4/><U23/><E35/><V59/><F36/><W65/><G65/><T18/><D18/><U93/><E90/><V82/><F82/><W66/><G66/><T60/><D60/><U17/><E17/><V124/><F124/><W37/><G37/><T114/><D114/><U30/><E30/><V76/><F76/><AGARI ba="0,0" hai="39,40,45,48,50,73,76,81" m="47627,26217" machi="76" ten="30,2000,0" yaku="18,1,52,1" doraHai="104" who="3" fromWho="2" sc="250,0,250,0,250,-20,250,20" />
</Scene>
<Scene>
<INIT seed="1,0,0,3,2,76" ten="250,250,230,270" oya="1" hai0="112,135,22,38,24,75,114,117,129,2,47,94,84" hai1="71,120,124,103,36,30,64,27,25,4,13,101,21" hai2="28,134,32,53,5,43,88,55,7,95,107,9,74" hai3="70,60,33,8,119,122,96,87,51,86,10,0,16"/><U72/><E120/><V58/><F107/><W91/><G33/><T77/><D2/><U82/><E36/><V66/><F134/><W59/><G122/><T19/><D117/><U56/><E71/><V128/><F74/><W106/><G70/><T109/><D75/><U63/><E124/><V73/><F73/><W42/><G0/><T35/><D35/><U110/><E110/><V41/><F128/><W98/><G106/><T83/><D129/><U49/><E49/><V17/><F28/><W127/><G127/><T123/><D123/><U15/><E27/><V68/><F68/><W57/><G119/><T40/><D109/><U131/><E131/><V115/><F32/><W54/><G86/><T50/><D135/><U133/><E133/><V108/><F108/><W61/><G61/><T67/><D94/><U78/><REACH who="1" step="1"/><E4/><REACH who="1" ten="250,240,230,270" step="2"/><V11/><F5/><W132/><G51/><T80/><D50/><U126/><E126/><V3/><F7/><W44/><G132/><T29/><D38/><U130/><E130/><V52/><F115/><W18/><G60/><T118/><D118/><U65/><E65/><V104/><F66/><W1/><G42/><T31/><D67/><U113/><E113/><V20/><F43/><W46/><G54/><T62/><D114/><U93/><E93/><V121/><F41/><W23/><G46/><T102/><D62/><U81/><E81/><V45/><F121/><W12/><G44/><T48/><D80/><U26/><E26/><N who="2" m="14607" /><F45/><W111/><G111/><T69/><D69/><U89/><E89/><V85/><F104/><W92/><G91/><RYUUKYOKU ba="0,1" sc="250,-10,240,30,230,-10,270,-10" hai1="13,15,21,25,30,56,63,64,72,78,82,101,103" />
</Scene>
<Scene>
<INIT seed="1,1,1,4,5,45" ten="240,270,220,260" oya="1" hai0="87,56,40,122,129,107,22,97,131,75,120,1,19" hai1="64,7,39,92,99,125,16,43,57,6,104,35,44" hai2="105,68,42,78,25,109,118,103,69,91,2,119,116" hai3="34,46,106,83,76,88,90,54,101,133,5,38,94"/><U96/><E35/><V41/><F2/><W33/><G133/><T30/><D75/><U61/><E125/><V60/><F91/><W93/><G5/><T110/><D1/><U111/><E111/><V72/><F25/><W121/><G121/><N who="0" m="46699" /><D30/><U47/><E47/><V31/><F31/><W124/><G124/><T98/><D110/><U81/><E81/><V58/><F78/><W52/><G106/><T4/><D4/><U79/><E79/><V67/><F72/><W130/><G130/><N who="0" m="49675" /><D107/><U128/><E128/><V117/><F109/><W113/><G113/><T17/><D87/><U37/><E37/><V108/><F108/><W12/><G38/><T51/><D19/><U0/><E0/><V9/><F116/><W70/><G33/><T71/><D71/><U36/><E36/><V135/><F68/><W15/><G70/><T66/><D66/><U102/><REACH who="1" step="1"/><E16/><REACH who="1" ten="240,260,220,260" step="2"/><V24/><F118/><W112/><G34/><T115/><D115/><U27/><E27/><V29/><F24/><W73/><G112/><T126/><D126/><U114/><E114/><V59/><F119/><W50/><G76/><T132/><D132/><U20/><E20/><V77/><F135/><W80/><G83/><T18/><D18/><U82/><E82/><V86/><F117/><W53/><G80/><T23/><D17/><U32/><E32/><V13/><F29/><W10/><G73/><T55/><D22/><U134/><E134/><V100/><F77/><W14/><G14/><T123/><D23/><U48/><E48/><V85/><F13/><W65/><G15/><T127/><D123/><RYUUKYOKU ba="1,2" sc="240,-10,260,30,220,-10,260,-10" hai1="6,7,39,43,44,57,61,64,92,96,99,102,104" />
</Scene>
<Scene>
<INIT seed="1,2,2,4,3,15" ten="230,290,210,250" oya="1" hai0="16,30,59,91,44,74,70,65,123,88,119,89,121" hai1="29,25,81,114,39,13,2,19,50,56,38,112,84" hai2="42,102,124,113,6,23,128,86,58,125,14,134,49" hai3="104,76,43,10,101,95,5,72,68,78,85,21,106"/><U33/><E2/><V41/><F134/><W54/><G68/><T34/><D119/><U83/><E39/><V120/><F120/><N who="0" m="46154" /><D74/><U11/><E38/><V98/><F128/><W97/><G43/><T46/><D70/><U61/><E50/><V82/><F113/><W47/><G21/><T122/><D122/><U20/><E33/><V48/><F48/><W110/><G72/><T103/><D103/><U8/><E8/><N who="2" m="4375" /><F23/><W99/><G110/><T67/><D59/><U94/><E94/><N who="2" m="58711" /><F125/><W17/><G104/><T111/><D111/><U73/><E73/><V126/><F126/><W118/><G106/><T18/><D30/><U37/><E37/><V90/><F124/><W129/><G10/><T28/><D28/><U71/><E71/><V80/><F80/><W105/><G105/><T107/><D107/><U12/><E12/><V127/><F127/><W26/><G129/><T62/><D34/><U131/><E131/><V31/><F31/><W115/><G118/><T4/><D4/><U40/><E40/><V22/><F22/><W79/><G5/><T64/><D62/><U130/><E130/><V93/><F82/><W66/><G115/><T9/><D9/><U3/><E81/><V55/><AGARI ba="2,2" hai="41,42,49,55,58,86,90,93" m="58711,4375" machi="55" ten="30,1100,0" yaku="8,1" doraHai="15" who="2" fromWho="2" sc="230,-5,290,-7,210,37,250,-5" />
</Scene>
<Scene>
<INIT seed="2,0,0,3,3,127" ten="225,283,247,245" oya="2" hai0="118,133,24,22,122,98,9,2,87,28,111,12,77" hai1="15,35,74,32,23,0,90,123,30,69,14,16,18" hai2="131,107,112,115,39,21,33,126,89,109,4,26,11" hai3="92,42,66,52,83,55,29,40,10,46,61,63,48"/><V31/><F39/><N who="3" m="21791" /><G10/><T58/><D122/><U94/><E69/><V13/><F107/><W70/><G92/><T104/><D118/><U129/><E74/><V103/><F103/><W116/><G83/><T64/><D2/><U37/><E37/><V78/><F78/><W132/><G29/><T49/><D111/><U93/><E0/><V8/><F89/><W25/><G25/><T80/><D133/><U81/><E123/><V113/><F126/><W51/><G132/><T57/><D64/><U106/><E106/><V60/><F60/><N who="3" m="40263" /><G42/><T5/><D104/><U34/><E30/><V38/><F109/><W97/><G97/><T84/><D98/><U43/><E43/><V128/><F38/><W120/><G120/><T41/><D84/><U65/><E81/><V135/><F135/><W3/><G3/><T75/><D75/><U121/><E121/><V99/><F99/><W130/><G116/><T7/><D7/><U125/><E125/><V59/><F59/><N who="3" m="33159" /><G130/><N who="2" m="49705" /><F11/><W117/><G117/><T72/><D72/><U108/><E90/><V54/><F54/><W79/><G79/><T45/><AGARI ba="0,0" hai="5,9,12,22,24,28,41,45,49,57,58,77,80,87" machi="45" ten="30,7900,0" yaku="0,1,25,2,8,1" doraHai="127" who="0" fromWho="0" sc="225,79,283,-20,247,-39,245,-20" />
</Scene>
<Scene>
<INIT seed="3,0,0,3,1,26" ten="304,263,208,225" oya="3" hai0="126,40,22,133,95,47,39,124,123,101,31,41,98" hai1="44,49,37,82,52,30,38,79,56,63,111,6,35" hai2="88,117,51,3,17,91,80,113,83,42,76,5,25" hai3="1,114,102,106,2,85,65,125,8,81,103,121,53"/><W50/><G121/><T73/><D73/><U99/><E111/><V18/><F117/><W7/><G114/><T68/><D68/><U10/><E99/><V128/><F113/><W9/><G125/><N who="0" m="48235" /><D41/><U58/><E35/><V24/><F128/><W69/><G106/><T75/><D75/><U132/><E132/><V15/><F3/><W120/><G120/><T135/><D123/><U48/><E48/><V107/><F107/><W78/><G65/><T27/><AGARI ba="0,0" hai="22,27,31,39,40,47,95,98,101,133,135" m="48235" machi="27" ten="30,2000,0" yaku="18,1,52,1" doraHai="26" who="0" fromWho="0" sc="304,20,263,-5,208,-5,225,-10" />
</Scene>
<Scene>
<INIT seed="4,0,0,0,1,130" ten="324,258,203,215" oya="0" hai0="66,81,47,117,13,114,36,29,90,7,14,53,84" hai1="30,119,76,98,22,5,39,46,37,52,55,65,25" hai2="15,28,56,26,126,12,4,135,107,64,63,23,97" hai3="113,116,100,11,67,112,19,51,103,124,105,108,104"/><T9/><D117/><U82/><E119/><V68/><F126/><W1/><G116/><T60/><D114/><N who="3" m="44137" /><G124/><T57/><D29/><U127/><E127/><V40/><F40/><W38/><G38/><T109/><D109/><U27/><E65/><V59/><F4/><N who="3" m="1423" /><G108/><T70/><D70/><U131/><E131/><V106/><F135/><W78/><G78/><T122/><D122/><U58/><E5/><V21/><F107/><N who="3" m="41035" /><G67/><T31/><D36/><U101/><E27/><V44/><F44/><W34/><G34/><T118/><D118/><U99/><E55/><V115/><F115/><W33/><G33/><T77/><D31/><U75/><E46/><V6/><F6/><W95/><G95/><T120/><D120/><U50/><REACH who="1" step="1"/><E98/><REACH who="1" ten="324,248,203,215" step="2"/><V0/><F97/><W133/><G133/><T43/><D47/><U94/><AGARI ba="0,1" hai="22,25,30,37,39,50,52,58,75,76,82,94,99,101" machi="94" ten="20,8000,1" yaku="1,1,2,1,0,1,7,1,54,1,53,0" doraHai="130" doraHaiUra="3" who="1" fromWho="1" sc="324,-40,248,90,203,-20,215,-20" />
</Scene>
<Scene>
<INIT seed="5,0,0,1,3,23" ten="284,338,183,195" oya="1" hai0="32,63,1,88,78,128,108,21,84,67,110,42,113" hai1="132,20,96,38,79,87,60,102,130,92,57,123,28" hai2="6,118,4,120,101,13,47,12,0,36,77,68,116" hai3="24,80,37,107,126,103,133,16,117,18,65,58,26"/><U111/><E123/><V106/><F120/><W3/><G37/><T49/><D32/><U69/><E38/><V27/><F68/><W40/><G3/><T25/><D1/><U33/><E33/><V72/><F6/><W100/><G107/><T104/><D104/><U9/><E69/><V46/><F101/><N who="3" m="38987" /><G133/><T11/><D11/><U7/><E132/><V76/><F106/><W86/><G126/><T59/><D78/><U50/><E130/><V14/><F36/><W70/><G70/><T45/><D113/><U44/><E111/><V34/><F4/><W85/><G40/><T112/><D112/><U56/><E79/><V97/><F97/><W121/><G117/><T29/><REACH who="0" step="1"/><D128/><REACH who="0" ten="274,338,183,195" step="2"/><U129/><E129/><V35/><F0/><W62/><G121/><T134/><D134/><U15/><E9/><V99/><F72/><W125/><G125/><T2/><D2/><U95/><E7/><V19/><F76/><N who="3" m="46215" /><G86/><T52/><D52/><U127/><E87/><V122/><F77/><W81/><G81/><AGARI ba="0,1" hai="21,25,29,42,45,49,59,63,67,81,84,88,108,110" machi="81" ten="30,8000,1" yaku="1,1,7,1,52,1,54,1,53,1" doraHai="23" doraHaiUra="41" who="0" fromWho="3" sc="274,90,338,0,183,0,195,-80" />
</Scene>
<Scene>
<INIT seed="6,0,0,1,3,105" ten="364,338,183,115" oya="2" hai0="77,98,34,111,35,42,135,132,31,83,17,26,75" hai1="11,92,102,67,44,78,80,14,117,40,23,128,133" hai2="81,72,10,0,115,59,3,93,121,39,37,54,29" hai3="107,43,25,60,123,79,90,84,28,112,126,100,64"/><V89/><F121/><W116/><G116/><T125/><D111/><U91/><E117/><V32/><F115/><W71/><G123/><T12/><D125/><U1/><E1/><V129/><F129/><W61/><G126/><T74/><D98/><U48/><E128/><V18/><F29/><W119/><G119/><T76/><D42/><U106/><E133/><N who="0" m="51273" /><D34/><U55/><E67/><V6/><F32/><N who="3" m="20495" /><G112/><T124/><D124/><U33/><E33/><V109/><F109/><W87/><G43/><T56/><D56/><U62/><E23/><V21/><F0/><W69/><G79/><N who="0" m="30283" /><D83/><U114/><E114/><V94/><F81/><W41/><G41/><T97/><D97/><N who="1" m="59687" /><E106/><V46/><F46/><W15/><G107/><T82/><D82/><U68/><E68/><V52/><F39/><W63/><G71/><T65/><D65/><U58/><E78/><V50/><F37/><W99/><G64/><T57/><D57/><U7/><E80/><V2/><F54/><W53/><G69/><T70/><D70/><U47/><E47/><V8/><F52/><W4/><G53/><T96/><D96/><U16/><E91/><V22/><F89/><W51/><G90/><T86/><D86/><U130/><E130/><V131/><F131/><W85/><G84/><T27/><D27/><U13/><E13/><V9/><F59/><W120/><G120/><T88/><D88/><U101/><E101/><V24/><F2/><W122/><G122/><T66/><D66/><U95/><E95/><V45/><F3/><W30/><G87/><T110/><D110/><U36/><E36/><RYUUKYOKU ba="0,0" sc="364,15,338,15,183,-15,115,-15" hai0="12,17,26,31,35,74,75" hai1="7,11,14,16,40,44,48,55,58,62" />
</Scene>
<Scene>
<INIT seed="7,1,0,0,2,37" ten="379,353,168,100" oya="3" hai0="68,17,106,67,33,131,42,35,64,111,20,32,110" hai1="9,86,55,15,73,112,126,84,116,29,118,61,43" hai2="121,3,4,52,103,16,1,23,102,22,27,108,28" hai3="12,25,104,14,128,94,57,134,50,11,135,13,19"/><W65/><G104/><T119/><D106/><U7/><E73/><V117/><F108/><W113/><G113/><T44/><D119/><N who="1" m="45611" /><E29/><V56/><F117/><W38/><G38/><T99/><D99/><U133/><E112/><V70/><F70/><W93/><G128/><T124/><D131/><U91/><E126/><V105/><F121/><W26/><G11/><T122/><D122/><U53/><E133/><N who="3" m="50698" /><G19/><T49/><D124/><U101/><E101/><V6/><F3/><W39/><G39/><T130/><D130/><U107/><E107/><V127/><F127/><W125/><G125/><T79/><D79/><U8/><E8/><V46/><F1/><W76/><G76/><T51/><D51/><U132/><E132/><V115/><F115/><W40/><G65/><T30/><D30/><U109/><E109/><V95/><F105/><W85/><G85/><N who="1" m="32874" /><E91/><V69/><F28/><W98/><G98/><T87/><D110/><U74/><E74/><V59/><F103/><W31/><G31/><T41/><D111/><U71/><E71/><V45/><F102/><W100/><G100/><T114/><D68/><U89/><E89/><V36/><F69/><W2/><G2/><T123/><D114/><U24/><E9/><V129/><F129/><W120/><G120/><T92/><D123/><U66/><E66/><V18/><F18/><W47/><G57/><T81/><D67/><U21/><E7/><V82/><F4/><W60/><G60/><T58/><D64/><U77/><E61/><V10/><F6/><W83/><G83/><T80/><D81/><U78/><E78/><RYUUKYOKU ba="1,0" sc="379,-10,353,-10,168,-10,100,30" hai3="12,13,14,25,26,40,47,50,93,94" />
</Scene>
<Scene>
<INIT seed="7,2,0,2,5,32" ten="369,343,158,130" oya="3" hai0="69,87,76,109,98,63,95,33,64,122,2,65,74" hai1="15,79,120,90,3,125,20,12,78,10,7,6,17" hai2="92,108,112,128,72,25,52,129,104,30,100,88,60" hai3="41,83,35,42,127,94,68,134,82,67,130,121,116"/><W40/><G121/><T50/><D2/><U135/><E120/><V89/><F72/><W80/><G116/><T96/><D33/><U53/><E135/><V81/><F108/><W62/><G134/><T110/><D122/><U99/><E125/><V1/><F1/><W45/><G127/><T61/><D74/><U31/><E31/><V101/><F81/><W106/><G106/><T26/><D26/><U102/><E90/><N who="2" m="34923" /><F92/><W56/><G130/><N who="2" m="50281" /><F104/><W85/><G35/><T113/><D95/><U124/><E124/><V29/><F112/><W123/><G123/><T4/><D113/><U9/><REACH who="1" step="1"/><E53/><REACH who="1" ten="369,333,158,130" step="2"/><V36/><F30/><W86/><G94/><AGARI ba="2,1" hai="3,6,7,9,10,12,15,17,20,78,79,94,99,102" machi="94" ten="30,7700,0" yaku="1,1,2,1,7,1,52,1,53,0" doraHai="32" doraHaiUra="71" who="1" fromWho="3" sc="369,0,333,93,158,0,130,-83" owari="369,17.0,426,52.0,158,-24.0,47,-45.0" />
</Scene>
</mjloggm>