<mjloggm ver="2.3"><GO type="41"/><UN n0="%50%69%6E" n1="%E5%A4%AA%E3%81%8F%E3%81%AA%E3%81%84%E3%81%8A" n2="%73%75%62%74%65%72" n3="%E3%81%8F%E3%81%BE%E5%A4%AA%E9%99%BD" dan="14,14,14,13" rate="1955,2022,1927,1829" sx="M,M,M,M"/><TAIKYOKU oya="0"/>

<Scene>
<INIT seed="0,0,0,4,4,90" ten="250,250,250,250" oya="0" hai0="131,44,100,104,13,37,126,43,85,40,20,113,70" hai1="26,88,17,60,94,109,101,122,15,73,127,105,23" hai2="83,3,96,86,87,21,61,6,62,52,5,132,55" hai3="114,66,50,95,1,135,77,78,117,124,28,80,65"/><T82/><D70/><U72/><E122/><V49/><F132/><W67/><G114/><T19/><D113/><U115/><E115/><V120/><F120/><W76/><G1/><T91/><D131/><U97/><E109/><V128/><F128/><W63/><G117/><T107/><D126/><U79/><E127/><V45/><F21/><W119/><G119/><T24/><D43/><U41/><E41/><V12/><F3/><W11/><G124/><T22/><REACH who="0" step="1"/><D100/><REACH who="0" ten="240,250,250,250" step="2"/><U7/><E79/><N who="2" m="46463" /><F96/><W18/><G78/><T8/><D8/><U129/><E129/><V93/><F12/><W112/><G11/><T68/><D68/><U56/><E15/><V57/><F62/><W58/><G76/><T30/><AGARI ba="0,1" hai="13,19,20,22,24,30,37,40,44,82,85,91,104,107" machi="30" ten="20,7800,0" yaku="1,1,0,1,7,1,53,1" doraHai="90" doraHaiUra="39" who="0" fromWho="0" sc="240,88,250,-26,250,-26,250,-26" />
</Scene>
<Scene>
<INIT seed="0,1,0,5,5,102" ten="328,224,224,224" oya="0" hai0="135,55,96,43,104,35,130,73,58,59,74,133,33" hai1="99,118,29,86,28,114,71,120,38,119,77,50,117" hai2="14,126,101,4,75,47,27,24,11,78,23,106,57" hai3="60,45,67,122,1,41,46,53,22,91,124,17,68"/><T105/><D96/><U69/><E38/><V66/><F126/><W8/><G124/><T127/><D55/><U132/><E120/><V2/><F78/><W100/><G122/><T129/><REACH who="0" step="1"/><D127/><REACH who="0" ten="318,224,224,224" step="2"/><U82/><E118/><V32/><F75/><W108/><G53/><T115/><D115/><U63/><E117/><V93/><F66/><W36/><G67/><T112/><D112/><U92/><E119/><V37/><F37/><W134/><G36/><T128/><D128/><U107/><E114/><V121/><F121/><W26/><G41/><AGARI ba="1,1" hai="33,35,41,43,58,59,73,74,104,105,129,130,133,135" machi="41" ten="25,12000,1" yaku="1,1,22,2,52,2,53,0" doraHai="102" doraHaiUra="18" who="0" fromWho="3" sc="318,133,224,0,224,0,224,-123" />
</Scene>
<Scene>
<INIT seed="0,2,0,0,3,61" ten="451,224,224,101" oya="0" hai0="39,119,25,9,45,75,113,102,20,95,131,63,4" hai1="126,64,5,72,112,73,120,69,44,23,116,106,81" hai2="7,47,55,92,85,29,89,8,28,42,70,12,3" hai3="16,66,2,115,57,24,41,30,100,58,127,83,62"/><T33/><D33/><U32/><E120/><V93/><F70/><W77/><G2/><T135/><D75/><U104/><E23/><V26/><F55/><W54/><G115/><T6/><D113/><U109/><E112/><V132/><F132/><W133/><G133/><T78/><D135/><U114/><E114/><V11/><F26/><W105/><G127/><T53/><D119/><U43/><E126/><V36/><REACH who="2" step="1"/><F93/><REACH who="2" ten="451,224,214,101" step="2"/><W117/><G117/><T84/><D131/><U10/><E69/><V1/><F1/><W56/><G54/><T31/><D39/><U108/><E116/><V71/><F71/><W98/><G41/><T40/><D40/><U74/><E43/><V59/><F59/><W90/><G57/><T91/><D102/><U82/><E44/><V76/><F76/><W49/><G56/><T68/><D78/><U21/><E106/><V118/><F118/><W18/><G77/><T0/><D68/><U35/><E104/><V67/><F67/><W97/><G66/><T65/><D6/><AGARI ba="2,1" hai="3,6,7,8,11,12,28,29,36,42,47,85,89,92" machi="6" ten="30,2000,0" yaku="1,1,7,1,53,0" doraHai="61" doraHaiUra="111" who="2" fromWho="0" sc="451,-26,224,0,214,36,101,0" />
</Scene>
<Scene>
<INIT seed="1,0,0,0,1,115" ten="425,224,250,101" oya="1" hai0="128,11,101,44,94,95,6,91,82,33,41,107,124" hai1="83,88,29,14,77,99,100,110,67,113,59,17,1" hai2="53,93,48,68,103,117,62,80,63,23,54,129,28" hai3="122,5,120,47,12,60,3,126,125,87,26,55,76"/><U133/><E113/><V40/><F80/><W39/><G3/><T24/><D107/><U132/><E1/><V104/><F104/><W96/><G96/><T78/><D101/><U16/><E29/><V56/><F103/><W61/><G26/><T20/><D33/><U102/><E110/><V51/><F93/><W114/><G114/><T92/><D128/><U18/><E14/><V21/><F28/><W119/><G61/><T84/><D124/><N who="3" m="47721" /><G119/><T81/><D6/><U106/><E102/><V98/><F98/><W37/><G60/><T45/><D11/><U134/><E67/><V73/><F73/><W97/><G97/><T25/><D41/><U35/><E35/><V112/><F112/><W15/><G55/><T32/><D32/><U34/><E34/><V42/><F68/><W90/><G76/><T72/><REACH who="0" step="1"/><D25/><REACH who="0" ten="415,224,250,101" step="2"/><U36/><E106/><V43/><F129/><W64/><G5/><T131/><D131/><U74/><E100/><V65/><F21/><W4/><G4/><T105/><D105/><U135/><E135/><V8/><F23/><W57/><G122/><T0/><D0/><U58/><E36/><V52/><F8/><W71/><G120/><T70/><D70/><U116/><E116/><V31/><F31/><AGARI ba="0,1" hai="20,24,31,44,45,72,78,81,82,84,91,92,94,95" machi="31" ten="40,1300,0" yaku="1,1,53,0" doraHai="115" doraHaiUra="118" who="0" fromWho="2" sc="415,23,224,0,250,-13,101,0" />
</Scene>
<Scene>
<INIT seed="2,0,0,3,2,76" ten="438,224,237,101" oya="2" hai0="117,44,102,72,41,63,77,49,13,52,85,28,111" hai1="83,12,37,133,70,42,45,131,27,36,91,20,48" hai2="39,107,53,100,126,61,31,71,98,97,15,18,5" hai3="119,6,104,33,23,32,17,81,120,0,90,92,128"/><V89/><F126/><W67/><G119/><T74/><D117/><U95/><E70/><V106/><F39/><W56/><G120/><T84/><D111/><U86/><E131/><V123/><F123/><W134/><G104/><T99/><D74/><U135/><E12/><V88/><F31/><W58/><G128/><T4/><D72/><U66/><E66/><V29/><F29/><W80/><G134/><T132/><D28/><U1/><E1/><V60/><F5/><W109/><G109/><T114/><D132/><N who="1" m="50763" /><E95/><V2/><F2/><W11/><G32/><T79/><D114/><U96/><E96/><V87/><F71/><W10/><G10/><T51/><D63/><U3/><E3/><V54/><F87/><W57/><G67/><T75/><D75/><U16/><AGARI ba="0,0" hai="16,20,27,36,37,42,45,48,83,86,91" m="50763" machi="16" ten="30,4000,0" yaku="20,1,52,1,54,1" doraHai="76" who="1" fromWho="1" sc="438,-10,224,40,237,-20,101,-10" />
</Scene>
<Scene>
<INIT seed="3,0,0,5,2,61" ten="428,264,217,91" oya="3" hai0="22,56,108,55,64,63,99,23,58,101,91,128,50" hai1="93,68,81,15,112,131,34,79,114,33,47,2,113" hai2="65,107,124,94,26,84,74,78,125,60,41,54,40" hai3="86,130,119,32,98,31,110,62,67,20,36,46,51"/><W44/><G119/><T30/><D128/><U126/><E2/><V11/><F107/><W129/><G36/><T121/><D108/><U27/><E131/><N who="3" m="50186" /><G110/><T42/><D121/><U35/><E126/><N who="2" m="48747" /><F74/><W8/><G98/><T28/><D91/><U5/><E68/><V97/><F11/><W127/><G127/><T132/><D132/><U105/><E105/><V89/><F54/><N who="3" m="30055" /><G46/><T123/><D123/><U57/><E47/><V88/><F26/><N who="3" m="16839" /><G8/><T52/><D42/><U106/><E106/><V14/><F14/><W3/><G3/><T4/><D4/><U59/><E27/><V92/><F78/><W117/><G117/><T70/><D30/><U49/><E5/><V71/><AGARI ba="0,0" hai="40,41,60,65,71,84,88,89,92,94,97" m="48747" machi="71" ten="30,4000,0" yaku="18,1,52,1,54,1" doraHai="61" who="2" fromWho="2" sc="428,-10,264,-10,217,40,91,-20" />
</Scene>
<Scene>
<INIT seed="4,0,0,4,1,114" ten="418,254,257,71" oya="0" hai0="0,53,126,81,103,116,121,20,12,75,90,27,44" hai1="58,119,43,33,47,73,134,52,96,68,83,54,11" hai2="105,71,4,1,62,72,35,24,84,48,25,21,60" hai3="39,110,120,40,80,74,100,31,49,46,38,22,92"/><T67/><D121/><U109/><E109/><V15/><F105/><W124/><G110/><T26/><D0/><U118/><E33/><V88/><F72/><W7/><G120/><T95/><D67/><U5/><E68/><V56/><F1/><W104/><G124/><T50/><D126/><U77/><E96/><V113/><F113/><W135/><G135/><T111/><D111/><U82/><E82/><V94/><F35/><W102/><G104/><T76/><D103/><U112/><E112/><V36/><F36/><W37/><G7/><T98/><D12/><U19/><E19/><V130/><F71/><W87/><G74/><T106/><D106/><U32/><E32/><V108/><F130/><W99/><G102/><T9/><D9/><U61/><E54/><N who="2" m="31815" /><F108/><W63/><G63/><N who="2" m="24105" /><F21/><W2/><G2/><T85/><D75/><U128/><E128/><V97/><F97/><W23/><REACH who="3" step="1"/><G31/><REACH who="3" ten="418,254,257,61" step="2"/><T70/><D70/><U16/><E134/><V93/><F4/><W59/><G59/><T14/><D116/><U123/><E123/><V55/><F15/><W51/><G51/><T79/><D79/><AGARI ba="0,1" hai="22,23,37,38,39,40,46,49,79,80,87,92,99,100" machi="79" ten="40,1300,0" yaku="1,1,53,0" doraHai="114" doraHaiUra="29" who="3" fromWho="0" sc="418,-13,254,0,257,0,61,23" />
</Scene>
<Scene>
<INIT seed="5,0,0,0,2,81" ten="405,254,257,84" oya="1" hai0="7,79,135,80,49,10,128,44,52,115,16,31,21" hai1="51,131,109,129,118,99,112,134,73,74,25,125,107" hai2="2,57,37,95,32,69,62,6,105,126,55,66,93" hai3="132,124,41,61,120,24,106,101,63,60,56,133,1"/><U86/><E25/><V100/><F32/><W68/><G1/><T34/><D31/><U43/><E118/><V84/><F6/><W33/><G120/><T121/><D34/><U88/><E112/><V122/><F2/><W91/><G124/><T75/><D121/><U111/><E51/><V59/><F122/><W54/><G91/><T119/><D115/><U12/><E12/><V72/><F72/><N who="1" m="27753" /><E43/><V40/><F59/><W89/><G89/><T92/><D119/><U78/><E125/><V36/><F105/><W77/><G77/><T5/><D10/><U98/><E78/><V14/><F14/><W130/><G130/><N who="1" m="49674" /><E134/><N who="3" m="51818" /><G41/><T94/><D135/><U85/><E85/><V39/><F126/><W48/><G24/><T64/><D128/><U96/><E107/><V70/><F40/><W35/><G106/><T29/><D29/><U90/><E90/><V83/><F100/><W113/><G101/><T117/><D117/><U110/><E99/><V71/><REACH who="2" step="1"/><F66/><REACH who="2" ten="405,254,247,84" step="2"/><N who="3" m="41031" /><G33/><T82/><D64/><U17/><E17/><V97/><F97/><W46/><G35/><T87/><D5/><U76/><E76/><AGARI ba="0,1" hai="36,37,39,55,57,62,69,70,71,76,83,84,93,95" machi="76" ten="50,3200,0" yaku="1,1,52,1,53,0" doraHai="81" doraHaiUra="15" who="2" fromWho="1" sc="405,0,254,-32,247,42,84,0" />
</Scene>
<Scene>
<INIT seed="6,0,0,2,0,104" ten="405,222,289,84" oya="2" hai0="18,134,13,94,25,70,69,58,92,2,66,130,135" hai1="60,79,57,119,97,127,120,128,55,81,90,133,52" hai2="84,14,98,3,80,38,82,43,71,33,49,111,107" hai3="122,62,117,85,116,24,132,28,76,9,20,51,72"/><V34/><F38/><W48/><G122/><T10/><D2/><U40/><E119/><V11/><F71/><N who="0" m="27146" /><D25/><U53/><E120/><V114/><F3/><W21/><G132/><N who="0" m="50731" /><D130/><U6/><E133/><V1/><F1/><W56/><G9/><T36/><D36/><U102/><E128/><V65/><F65/><W45/><G21/><T50/><D50/><U46/><E127/><V15/><F98/><W31/><G31/><T29/><D29/><U73/><E6/><V68/><F68/><W88/><G76/><T115/><D115/><U61/><E90/><V78/><F107/><W109/><G109/><T77/><D77/><U123/><E123/><V105/><F105/><W110/><G110/><T131/><D131/><U86/><E86/><V89/><F111/><W113/><G113/><T27/><D27/><U44/><E61/><AGARI ba="0,0" hai="10,13,18,58,61,66,92,94" m="50731,27146" machi="61" ten="30,1000,0" yaku="20,1" doraHai="104" who="0" fromWho="1" sc="405,10,222,-10,289,0,84,0" />
</Scene>
<Scene>
<INIT seed="7,0,0,3,4,134" ten="415,212,289,84" oya="3" hai0="34,115,121,61,99,93,18,68,92,49,48,63,30" hai1="76,22,10,77,127,38,45,36,35,41,20,43,52" hai2="56,40,2,3,31,117,51,118,42,103,86,47,87" hai3="32,128,83,69,33,91,54,17,39,88,95,81,64"/><W66/><G39/><T98/><D121/><U72/><E35/><V6/><F103/><W46/><G128/><T101/><D115/><U90/><E10/><V132/><F31/><W23/><G32/><T8/><D34/><U58/><E90/><N who="3" m="34346" /><G33/><T111/><D111/><U107/><E107/><V114/><F56/><W108/><G108/><T110/><D110/><U16/><E127/><V0/><F6/><W80/><G69/><T79/><D30/><U1/><E1/><V27/><F27/><N who="3" m="14831" /><G95/><T89/><D79/><U25/><E72/><V59/><F132/><W11/><G11/><T122/><D122/><U109/><E109/><V7/><F114/><W55/><G46/><T104/><D104/><U71/><E71/><V106/><F59/><W62/><G62/><N who="0" m="23563" /><D68/><U37/><E20/><V84/><F106/><W53/><AGARI ba="0,0" hai="53,54,55,64,66,80,81,83" m="14831,34346" machi="53" ten="40,3900,0" yaku="8,1,54,1" doraHai="134" who="3" fromWho="3" sc="415,-13,212,-13,289,-13,84,39" />
</Scene>
<Scene>
<INIT seed="7,1,0,2,2,126" ten="402,199,276,123" oya="3" hai0="11,101,82,117,135,12,76,48,49,114,100,50,113" hai1="75,47,71,13,99,109,116,46,86,78,90,131,79" hai2="8,52,23,134,83,102,128,42,68,40,125,60,66" hai3="74,9,61,56,69,5,30,93,4,88,0,18,123"/><W55/><G123/><T28/><D28/><U27/><E109/><V53/><F125/><W111/><G74/><T20/><D20/><U96/><E71/><V16/><F102/><W51/><G111/><T122/><D122/><U34/><E116/><V37/><F37/><W129/><G30/><T59/><D117/><U54/><E75/><V14/><F128/><W118/><G118/><T63/><D135/><U132/><E132/><V43/><F83/><W2/><G129/><T98/><D98/><N who="1" m="37419" /><E34/><V38/><F134/><W25/><G0/><T103/><D82/><N who="1" m="49495" /><E131/><V39/><F39/><W62/><G2/><T92/><D76/><N who="1" m="29227" /><E27/><V3/><F38/><W70/><G70/><T91/><D91/><U94/><E94/><V17/><REACH who="2" step="1"/><F3/><REACH who="2" ten="402,199,266,123" step="2"/><W112/><G112/><N who="0" m="43115" /><D92/><U73/><E73/><V95/><F95/><W87/><G69/><T115/><D115/><U84/><E84/><V65/><F65/><W21/><REACH who="3" step="1"/><G9/><REACH who="3" ten="402,199,266,113" step="2"/><T22/><D11/><U104/><E104/><V45/><F45/><W57/><G57/><T127/><D127/><U10/><E47/><V33/><F33/><W72/><G72/><T89/><D103/><U64/><E46/><V108/><F108/><W1/><G1/><T41/><D101/><U85/><E10/><V15/><AGARI ba="1,2" hai="8,14,15,16,17,23,40,42,43,52,53,60,66,68" machi="15" ten="30,7900,0" yaku="1,1,0,1,54,2,53,0" doraHai="126" doraHaiUra="119" who="2" fromWho="2" sc="402,-21,199,-21,266,102,113,-40" owari="381,48.0,178,-22.0,368,17.0,73,-43.0" />
</Scene>
</mjloggm>