<mjloggm ver="2.3"><GO type="169"/><UN n0="%E3%82%82%E3%81%A3%E3%81%97%E3%83%BC" n1="%E5%A4%AA%E3%81%8F%E3%81%AA%E3%81%84%E3%81%8A" n2="%E3%82%B9%E3%82%BF%E3%83%BC%E3%83%93%E3%83%83%E3%83%81" n3="%E3%82%BC%E3%83%B3%E3%83%84%E3%83%83%E3%83%91" dan="16,17,16,19" rate="2129,2179,2126,2277" sx="M,M,M,M"/><TAIKYOKU oya="0"/>

<Scene>
<INIT seed="0,0,0,1,5,75" ten="250,250,250,250" oya="0" hai0="28,63,12,2,135,125,34,19,98,96,33,9,115" hai1="1,89,43,16,71,24,46,59,131,15,93,5,82" hai2="72,127,37,90,78,41,103,120,21,30,8,81,129" hai3="101,31,7,106,84,17,108,94,86,51,4,56,87"/><T110/><D115/><U122/><E122/><V53/><F120/><W107/><G108/><T57/><D2/><U76/><E71/><V121/><F121/><W36/><G36/><T25/><D125/><U54/><E131/><V114/><F114/><W113/><G113/><T123/><D123/><U105/><E105/><V38/><F129/><W68/><G68/><T40/><D135/><U95/><E24/><V58/><F103/><W22/><G31/><T128/><D128/><U134/><E134/><V26/><F127/><W18/><G107/><T130/><D130/><U45/><E5/><N who="3" m="2122" /><G106/><T10/><D110/><U69/><E69/><V83/><F8/><W118/><G118/><T60/><D34/><U91/><E1/><V66/><F66/><W64/><G101/><T111/><D111/><U52/><E43/><V32/><F32/><W133/><G133/><T29/><D29/><U67/><E67/><V73/><F41/><W88/><G51/><T104/><D9/><N who="1" m="6255" /><E95/><V13/><F13/><N who="3" m="9519" /><G18/><T119/><D119/><U0/><E0/><V23/><F23/><W70/><G70/><T100/><D100/><U102/><E102/><V65/><F65/><W42/><G42/><T97/><D40/><U44/><E93/><V79/><F90/><N who="1" m="34313" /><E59/><V48/><AGARI ba="0,0" hai="21,26,30,37,38,48,53,58,72,73,78,79,81,83" machi="48" ten="20,8000,1" yaku="0,1,7,1,9,1,52,2" doraHai="75" who="2" fromWho="2" sc="250,-40,250,-20,250,80,250,-20" />
</Scene>
<Scene>
<INIT seed="1,0,0,2,3,134" ten="210,230,330,230" oya="1" hai0="15,12,30,40,115,94,51,124,24,46,13,108,119" hai1="130,76,78,33,100,105,102,118,69,103,34,104,35" hai2="3,58,92,65,47,73,85,87,45,8,81,133,55" hai3="44,111,54,86,41,99,127,91,2,83,62,42,109"/><U36/><E118/><V60/><F133/><W120/><G2/><T70/><D119/><U49/><E36/><V101/><F73/><W22/><G120/><T68/><D115/><U121/><E121/><V64/><F3/><W123/><G123/><T71/><D108/><U89/><E130/><V20/><F8/><W129/><G129/><T14/><N who="0" m="3072" /><DORA hai="95" /><T96/><D124/><U80/><E49/><V77/><F20/><W38/><G41/><T74/><D74/><U116/><E116/><V43/><F47/><W0/><G0/><T5/><D5/><U75/><E69/><V48/><REACH who="2" step="1"/><F87/><REACH who="2" ten="210,230,320,230" step="2"/><W10/><G10/><T117/><D117/><U135/><E135/><V11/><F11/><W88/><G22/><T56/><D56/><U112/><E112/><V132/><F132/><W57/><REACH who="3" step="1"/><G127/><REACH who="3" ten="210,230,320,220" step="2"/><T128/><D128/><U27/><E34/><V1/><F1/><W53/><G53/><T25/><REACH who="0" step="1"/><D30/><REACH who="0" ten="200,230,320,220" step="2"/><U50/><E75/><V110/><F110/><W72/><G72/><T67/><D67/><U107/><E35/><V84/><F84/><W79/><G79/><T19/><D19/><U17/><E17/><V131/><F131/><W122/><G122/><T32/><D32/><U39/><E76/><V29/><F29/><W63/><G63/><T28/><D28/><U16/><E78/><V37/><F37/><W82/><G82/><T4/><D4/><U113/><E39/><V6/><F6/><W125/><G125/><T7/><D7/><U90/><E33/><V114/><F114/><W23/><G23/><T52/><D52/><U59/><E113/><RYUUKYOKU ba="0,3" sc="200,10,230,-30,320,10,220,10" hai0="24,25,40,46,51,68,70,71,94,96" hai2="43,45,48,55,58,60,64,65,77,81,85,92,101" hai3="38,42,44,54,57,62,83,86,88,91,99,109,111" />
</Scene>
<Scene>
<INIT seed="2,1,3,3,5,93" ten="210,200,330,230" oya="2" hai0="69,40,112,134,16,115,35,3,17,95,103,47,41" hai1="28,39,73,92,25,33,89,88,117,34,65,77,48" hai2="14,44,56,10,1,128,6,52,63,124,122,98,61" hai3="114,42,15,127,62,120,79,12,50,18,9,97,111"/><V129/><F122/><W54/><G111/><T64/><D3/><U84/><E117/><V101/><F124/><W87/><G127/><T130/><D35/><U22/><E39/><V107/><F44/><W0/><G0/><T123/><D123/><U21/><E65/><V53/><F1/><W135/><G135/><T106/><D106/><U131/><E131/><N who="2" m="50251" /><F53/><W43/><G114/><T74/><D130/><U132/><E132/><V58/><F58/><W102/><G62/><AGARI ba="1,3" hai="6,10,14,52,56,61,62,63,98,101,107" m="50251" machi="62" ten="30,5800,0" yaku="19,1,52,1,54,1" doraHai="93" who="2" fromWho="3" sc="210,0,200,0,330,91,230,-61" />
</Scene>
<Scene>
<INIT seed="2,2,0,5,1,134" ten="210,200,421,169" oya="2" hai0="127,73,31,122,51,53,13,22,76,1,24,63,74" hai1="124,8,48,49,2,34,80,67,78,117,95,120,90" hai2="101,123,118,133,81,84,4,57,19,115,46,25,65" hai3="113,104,70,54,37,41,66,36,116,126,60,83,96"/><V47/><F123/><W14/><G14/><T52/><D122/><U75/><E120/><V111/><F118/><W55/><G83/><T89/><D1/><U43/><E117/><V21/><F115/><W12/><G12/><T56/><D76/><U50/><E34/><V112/><F112/><W38/><G96/><T114/><D114/><U106/><E106/><V23/><F133/><W15/><G15/><T72/><D13/><U129/><E129/><V121/><F4/><W0/><G0/><T100/><D100/><U87/><E67/><V59/><F121/><W27/><G27/><T86/><D127/><U35/><E35/><V105/><F105/><W102/><G104/><T110/><D110/><U128/><E128/><V39/><F101/><W107/><G107/><T29/><D29/><U97/><E124/><V108/><F39/><W109/><G102/><T93/><REACH who="0" step="1"/><D74/><REACH who="0" ten="200,200,421,169" step="2"/><U18/><E18/><V33/><F19/><W69/><G113/><T82/><D82/><U64/><E75/><V58/><F81/><W10/><G116/><T135/><D135/><U103/><E103/><V32/><F111/><W79/><G79/><T26/><D26/><U91/><E78/><V132/><F25/><W6/><G109/><T119/><D119/><U131/><E131/><V62/><F108/><W17/><G126/><T45/><AGARI ba="2,1" hai="22,24,31,45,51,52,53,56,63,72,73,86,89,93" machi="45" ten="20,8000,1" yaku="1,1,0,1,7,1,54,1,53,1" doraHai="134" doraHaiUra="85" who="0" fromWho="0" sc="200,96,200,-22,421,-42,169,-22" />
</Scene>
<Scene>
<INIT seed="3,0,0,2,3,85" ten="296,178,379,147" oya="3" hai0="76,24,126,3,0,20,99,7,21,15,107,118,68" hai1="54,28,127,40,102,121,19,125,17,27,25,79,89" hai2="56,106,8,104,82,49,34,114,120,36,9,67,135" hai3="115,110,100,33,109,101,61,71,18,134,31,124,51"/><W98/><G115/><T35/><D68/><U92/><E121/><V60/><F36/><W131/><G33/><T74/><D74/><U22/><E40/><V5/><F114/><W73/><G73/><T53/><D76/><U65/><E65/><V1/><F34/><W95/><G31/><T52/><D118/><U77/><E102/><V11/><F135/><W41/><G134/><T97/><D35/><U81/><E54/><V48/><F120/><W91/><G131/><T12/><D126/><N who="1" m="48139" /><E81/><V86/><F106/><W96/><G124/><T116/><D116/><U70/><E70/><V87/><F104/><W78/><G78/><N who="1" m="29706" /><E27/><V132/><F132/><W64/><G18/><T133/><D133/><U66/><E66/><V44/><F82/><W108/><REACH who="3" step="1"/><G98/><AGARI ba="0,0" hai="17,19,22,25,28,89,92,98" m="29706,48139" machi="98" ten="30,2000,0" yaku="18,1,52,1" doraHai="85" who="1" fromWho="3" sc="296,0,178,20,379,0,147,-20" />
</Scene>
<Scene>
<INIT seed="4,0,0,1,0,28" ten="296,198,379,127" oya="0" hai0="18,50,10,77,64,54,84,34,24,37,108,38,58" hai1="41,132,49,88,51,9,80,94,2,101,71,35,114" hai2="73,104,26,120,27,113,93,99,109,122,95,63,81" hai3="118,117,130,91,53,29,43,106,16,11,13,126,21"/><T67/><D108/><U62/><E132/><V86/><F109/><W65/><G106/><T105/><D105/><U6/><E35/><V40/><F113/><W22/><G43/><T3/><D38/><U74/><E114/><V15/><F40/><W47/><G65/><T89/><D77/><U68/><E101/><V72/><F63/><W42/><G130/><T61/><D37/><U123/><E123/><V135/><F135/><W17/><G126/><T69/><D67/><U83/><E83/><V133/><F133/><W107/><G107/><T44/><D3/><U4/><E4/><V124/><F104/><W98/><G53/><T76/><D76/><U48/><E41/><V115/><F115/><W90/><G29/><T131/><D131/><U128/><E128/><V23/><F124/><W111/><G111/><T85/><D34/><U102/><E62/><V127/><F127/><W39/><G11/><T121/><D121/><U52/><E52/><V8/><F23/><W70/><G70/><T20/><D10/><U82/><E102/><V56/><F8/><W78/><G78/><T1/><D1/><U57/><E57/><V134/><F56/><W59/><G59/><T116/><D116/><U79/><REACH who="1" step="1"/><E80/><REACH who="1" ten="296,188,379,127" step="2"/><V31/><F81/><W66/><G66/><T129/><D129/><U96/><AGARI ba="0,1" hai="2,6,9,48,49,51,68,71,74,79,82,88,94,96" machi="96" ten="30,8000,1" yaku="1,1,2,1,0,1,54,1,53,1" doraHai="28" doraHaiUra="7" who="1" fromWho="1" sc="296,-40,188,90,379,-20,127,-20" />
</Scene>
<Scene>
<INIT seed="5,0,0,1,1,45" ten="256,278,359,107" oya="1" hai0="82,126,58,114,43,67,66,64,60,120,27,31,17" hai1="13,40,71,63,53,118,84,54,22,123,39,110,52" hai2="59,68,78,97,83,37,24,122,132,107,80,76,34" hai3="20,3,131,75,51,73,42,101,14,28,129,55,12"/><U15/><E123/><V23/><F68/><W125/><G3/><T4/><D120/><U87/><E118/><V119/><F37/><W7/><G101/><T103/><D4/><U102/><E110/><V49/><F122/><W74/><G42/><T62/><D114/><U77/><E102/><V46/><F34/><W116/><G125/><T29/><D126/><U117/><E117/><V21/><F119/><W94/><G116/><T100/><D43/><U93/><E77/><V89/><F107/><W128/><G94/><T2/><D2/><U16/><E93/><N who="2" m="56495" /><F59/><W90/><G90/><T65/><D82/><N who="2" m="31274" /><F132/><W35/><G35/><T44/><D44/><U56/><E71/><V111/><F111/><W11/><G28/><N who="0" m="10827" /><D62/><U10/><E40/><N who="2" m="24775" /><F23/><AGARI ba="0,0" hai="17,23,27,58,60,64,65,66,67,100,103" m="10827" machi="23" ten="30,1000,0" yaku="8,1" doraHai="45" who="0" fromWho="2" sc="256,10,278,0,359,-10,107,0" />
</Scene>
<Scene>
<INIT seed="6,0,0,3,0,6" ten="266,278,349,107" oya="2" hai0="125,63,78,53,34,29,88,14,8,73,74,3,104" hai1="22,35,107,124,43,4,20,70,111,105,50,36,75" hai2="116,106,87,84,59,31,119,81,90,15,96,77,2" hai3="102,46,38,130,103,55,110,89,39,72,133,52,123"/><V33/><F2/><W0/><G0/><T109/><D109/><U26/><E111/><V122/><F122/><W99/><G110/><T94/><D104/><U98/><E75/><V17/><F31/><W135/><G99/><T32/><D3/><U127/><E70/><V86/><F33/><W58/><G46/><T57/><D125/><N who="1" m="48203" /><E36/><V42/><F42/><W115/><G58/><T101/><D101/><N who="1" m="62647" /><E4/><V80/><F59/><W108/><G108/><T28/><D78/><U92/><E107/><V7/><F7/><W97/><G97/><T120/><D120/><U76/><E76/><V79/><F15/><W23/><G123/><T51/><D63/><U21/><E92/><V93/><F17/><W118/><G72/><T12/><D32/><U10/><E10/><V134/><F134/><W9/><G23/><T60/><D60/><U49/><E43/><V114/><F114/><W113/><G89/><T64/><D64/><U68/><E68/><V47/><F47/><W56/><G56/><T19/><D14/><U11/><E11/><V5/><F5/><W71/><G71/><T54/><D54/><U85/><E85/><V18/><F18/><W69/><G69/><T132/><D132/><U1/><E1/><V40/><F40/><W121/><G121/><T117/><D117/><U91/><E91/><V112/><F112/><W45/><G45/><T27/><D29/><AGARI ba="0,0" hai="20,21,22,26,29,35,49,50" m="62647,48203" machi="29" ten="30,1000,0" yaku="18,1" doraHai="6" who="1" fromWho="0" sc="266,-10,278,10,349,0,107,0" />
</Scene>
<Scene>
<INIT seed="7,0,0,3,4,126" ten="256,288,349,107" oya="3" hai0="103,111,58,76,88,0,33,32,2,102,51,95,119" hai1="70,65,47,15,78,4,54,66,116,53,41,1,120" hai2="44,14,134,12,94,130,45,19,80,60,112,125,121" hai3="27,127,22,105,109,7,37,98,91,20,16,77,43"/><W8/><G127/><T104/><D111/><U21/><E120/><V97/><F112/><W46/><G109/><T39/><D119/><U132/><E1/><V59/><F134/><W68/><G68/><T100/><D104/><U84/><E132/><V31/><F31/><W38/><G77/><T52/><D39/><U117/><E78/><V93/><F80/><W89/><G38/><T10/><D76/><U71/><E84/><V123/><F19/><W69/><G69/><N who="1" m="26122" /><E21/><V83/><F83/><W118/><G118/><N who="1" m="45674" /><E15/><V56/><F125/><W64/><G64/><N who="1" m="24682" /><E4/><V75/><F75/><W131/><G131/><T106/><D106/><U82/><E82/><V25/><F130/><W26/><G105/><T23/><D23/><U48/><AGARI ba="0,0" hai="41,47,48,53,54" m="24682,45674,26122" machi="48" ten="40,5200,0" yaku="12,1,34,2" doraHai="126" who="1" fromWho="1" sc="256,-13,288,52,349,-13,107,-26" owari="243,-16.0,340,44.0,336,14.0,81,-42.0" />
</Scene>
</mjloggm>