<mjloggm ver="2.3"><GO type="97"/><UN n0="%E3%81%A6%E3%81%A3%E3%81%8E%E3%82%85" n1="%E5%A4%AA%E3%81%8F%E3%81%AA%E3%81%84%E3%81%8A" n2="%E7%8E%8B%E4%B8%8B%E4%B8%83%E6%AD%A6%E6%B5%B7" n3="%E3%81%B6%E3%81%9F%E3%81%95%E3%82%93%EF%BC%91%EF%BC%99%EF%BC%98%EF%BC%92" dan="15,14,15,15" rate="1916,2018,1993,1980" sx="M,M,F,M"/><TAIKYOKU oya="0"/>

<Scene>
<INIT seed="0,0,0,3,2,34" ten="250,250,250,250" oya="0" hai0="63,54,64,30,72,120,122,78,89,81,102,27,135" hai1="32,6,93,18,68,41,38,12,79,80,113,75,37" hai2="56,13,76,46,77,40,24,10,43,69,105,21,57" hai3="58,42,14,8,31,84,107,94,59,4,119,61,112"/><T88/><D135/><U71/><E32/><V106/><F69/><W92/><G107/><T49/><D102/><U99/><E113/><V36/><F106/><W25/><G112/><T83/><D83/><U2/><E6/><V0/><F105/><W47/><G119/><T65/><D65/><U62/><E2/><V48/><F0/><W129/><G129/><T55/><D55/><U130/><E130/><V16/><F40/><W114/><G114/><T15/><D15/><U86/><E75/><V29/><F36/><W26/><G26/><T90/><D54/><U74/><E74/><V132/><F132/><W85/><G94/><T22/><REACH who="0" step="1"/><D49/><REACH who="0" ten="240,250,250,250" step="2"/><U110/><E12/><V117/><F117/><W125/><G125/><T9/><D9/><U87/><E80/><V28/><F77/><W73/><G73/><T91/><N who="0" m="23040" /><DORA hai="33" /><T101/><D101/><U97/><E79/><V124/><F76/><W95/><G95/><T44/><D44/><U67/><E93/><V7/><F124/><W100/><G100/><T11/><D11/><U98/><E67/><V70/><F70/><AGARI ba="0,1" hai="22,27,30,63,64,70,72,78,81,120,122" m="23040" machi="70" ten="50,9600,0" yaku="1,1,54,1,53,1" doraHai="34,33" doraHaiUra="20,103" who="0" fromWho="2" sc="240,106,250,0,250,-96,250,0" />
</Scene>
<Scene>
<INIT seed="0,1,0,1,3,109" ten="346,250,154,250" oya="0" hai0="4,106,133,93,105,96,7,31,25,63,19,112,87" hai1="48,9,30,124,131,2,134,76,44,108,46,99,47" hai2="61,117,51,32,81,111,80,38,43,98,13,6,62" hai3="110,40,85,41,45,116,20,71,90,132,78,77,120"/><T21/><D133/><U68/><E68/><V104/><F111/><W58/><G71/><T129/><D129/><U42/><E108/><V121/><F121/><W23/><G110/><T114/><D4/><U107/><E131/><V5/><F32/><W0/><G0/><T79/><D7/><U115/><E134/><V72/><F72/><W53/><G132/><T135/><D135/><U16/><E124/><V89/><F38/><W119/><G120/><T122/><D122/><U70/><E70/><V27/><F27/><W24/><G119/><T123/><D123/><U39/><E30/><V15/><F117/><W126/><G126/><T18/><D63/><N who="2" m="24074" /><F104/><W69/><G69/><T125/><D125/><U36/><E76/><V57/><F98/><W128/><G128/><T83/><D105/><U26/><E2/><V92/><F92/><W56/><G53/><T55/><D55/><U67/><E67/><V86/><F80/><W101/><G101/><T33/><D106/><U127/><E127/><V74/><F74/><W103/><G103/><T52/><D52/><U34/><E107/><V75/><F75/><W100/><G100/><T118/><D118/><U84/><E99/><V59/><F5/><W82/><G116/><T28/><D28/><U113/><E36/><V54/><F6/><W102/><G102/><T65/><D65/><U88/><E34/><V10/><F43/><W73/><G41/><T60/><D60/><U17/><E39/><V37/><F37/><W14/><G40/><T130/><D130/><U29/><E42/><V22/><F54/><W94/><G73/><RYUUKYOKU ba="1,0" sc="346,0,250,0,154,0,250,0" />
</Scene>
<Scene>
<INIT seed="1,2,0,2,3,70" ten="346,250,154,250" oya="1" hai0="114,103,0,87,81,80,10,32,83,116,41,86,35" hai1="89,25,12,84,53,134,110,42,56,75,94,101,4" hai2="9,57,105,43,128,65,130,7,28,132,60,121,133" hai3="36,44,5,23,40,67,63,118,74,106,93,100,37"/><U21/><E75/><V1/><F105/><W78/><G118/><T91/><D114/><U15/><E134/><N who="2" m="51819" /><F121/><W38/><G93/><T129/><D129/><N who="2" m="49770" /><F43/><W27/><G5/><T117/><D103/><U29/><E110/><V6/><F6/><W71/><G23/><T104/><D104/><U2/><E42/><V122/><F122/><W3/><G27/><T46/><D0/><U16/><E101/><V95/><F95/><W79/><G79/><T113/><D10/><N who="1" m="4167" /><E2/><V8/><F8/><W92/><G92/><T19/><D113/><U52/><E56/><V76/><F76/><W123/><G3/><T99/><D99/><U127/><E127/><V59/><F28/><W98/><REACH who="3" step="1"/><G123/><REACH who="3" ten="346,250,154,240" step="2"/><T126/><D116/><U34/><E34/><V82/><F82/><AGARI ba="2,1" hai="36,37,38,40,44,63,67,71,74,78,82,98,100,106" machi="82" ten="40,16000,3" yaku="1,1,2,1,33,3,52,3,53,0" doraHai="70" doraHaiUra="33" who="3" fromWho="2" sc="346,0,250,0,154,-166,240,176" owari="346,15.0,250,-15.0,-12,-51.0,416,51.0" />
</Scene>
</mjloggm>