<mjloggm ver="2.3"><GO type="41"/><UN n0="%53%6F%79%69" n1="%E5%A4%AA%E3%81%8F%E3%81%AA%E3%81%84%E3%81%8A" n2="%E3%82%8A%E3%82%8D%E3%83%BC%E3%82%93%E3%81%A1" n3="%E5%A4%89%E3%81%AA%E5%A5%B4" dan="14,15,14,13" rate="1977,2027,1835,1828" sx="M,M,M,M"/><TAIKYOKU oya="0"/>

<Scene>
<INIT seed="0,0,0,1,4,76" ten="250,250,250,250" oya="0" hai0="39,133,36,49,48,27,6,0,109,34,130,83,87" hai1="106,100,104,45,82,75,59,51,77,115,25,114,28" hai2="116,16,55,53,69,110,14,50,126,23,98,31,111" hai3="24,57,105,84,46,79,5,86,90,71,66,73,124"/><T8/><D133/><U91/><E59/><V85/><F69/><W93/><G71/><T129/><D109/><U1/><E1/><V63/><F116/><W30/><G5/><T44/><D48/><U42/><E91/><V32/><F126/><W125/><G46/><T127/><D127/><N who="3" m="48713" /><G105/><T7/><D6/><U131/><E131/><N who="0" m="50185" /><D27/><U118/><E118/><V41/><F98/><W112/><G112/><N who="1" m="43050" /><E100/><V78/><F41/><W97/><G73/><T117/><D34/><AGARI ba="0,0" hai="25,28,34,42,45,51,75,77,82,104,106" m="43050" machi="34" ten="30,2000,0" yaku="11,1,52,1" doraHai="76" who="1" fromWho="0" sc="250,-20,250,20,250,0,250,0" />
</Scene>
<Scene>
<INIT seed="1,0,0,4,3,48" ten="230,270,250,250" oya="1" hai0="15,86,72,29,41,34,93,98,40,102,53,127,21" hai1="133,68,45,50,31,57,0,13,89,96,49,19,52" hai2="61,125,119,32,69,35,14,129,7,16,73,51,46" hai3="43,20,105,81,126,134,66,90,54,38,85,114,70"/><U5/><E68/><V6/><F119/><W80/><G114/><T42/><D127/><U115/><E115/><V37/><F37/><W64/><G105/><T100/><D72/><U62/><E133/><V76/><F125/><W2/><G126/><T55/><D34/><U120/><E120/><V88/><F129/><W83/><G134/><T95/><D86/><U94/><E31/><V11/><F76/><W92/><G2/><T106/><D106/><U128/><E128/><V118/><F73/><W28/><G70/><T4/><D29/><U84/><E0/><V113/><F113/><W135/><G38/><T108/><D108/><U17/><E5/><V56/><F69/><W33/><G43/><T78/><D78/><U25/><E25/><V117/><F117/><W44/><G33/><T8/><REACH who="0" step="1"/><D21/><REACH who="0" ten="220,270,250,250" step="2"/><U130/><E130/><V22/><F118/><W36/><G135/><T77/><D77/><U131/><E131/><V30/><F35/><W59/><G36/><T58/><D58/><N who="1" m="33047" /><E84/><V67/><F32/><W75/><G44/><T12/><D12/><U9/><E13/><V107/><F30/><W99/><G75/><T103/><D103/><U60/><E57/><V116/><F116/><W23/><G85/><T18/><D18/><N who="1" m="6667" /><E9/><V1/><F11/><W71/><G23/><T111/><D111/><U91/><E91/><V79/><F88/><W109/><G90/><T24/><D24/><U132/><E132/><V26/><F26/><W3/><G109/><T112/><D112/><U124/><E124/><V123/><F123/><W47/><G20/><T74/><D74/><RYUUKYOKU ba="0,1" sc="220,15,270,15,250,-15,250,-15" hai0="4,8,15,40,41,42,53,55,93,95,98,100,102" hai1="45,49,60,62,89,94,96" />
</Scene>
<Scene>
<INIT seed="1,1,1,1,3,13" ten="235,285,235,235" oya="1" hai0="73,5,7,106,57,49,66,16,20,41,54,17,125" hai1="80,122,101,3,128,81,60,69,35,27,59,55,116" hai2="95,83,115,88,40,32,124,70,15,25,18,43,34" hai3="121,105,114,8,91,109,86,74,111,75,47,72,1"/><U94/><E122/><V129/><F70/><W63/><G1/><T113/><D73/><U93/><E116/><V134/><F115/><W29/><G114/><T22/><D106/><U71/><E3/><V30/><F134/><W48/><G121/><T38/><D113/><U119/><E119/><V108/><F129/><W133/><G105/><T123/><D38/><U77/><E128/><V58/><F124/><W132/><G63/><N who="0" m="38255" /><D125/><U6/><E6/><N who="0" m="2057" /><D41/><U9/><E9/><V45/><F108/><N who="3" m="41547" /><G29/><T26/><D123/><U37/><E37/><V10/><F34/><W21/><G8/><T56/><D26/><U79/><E69/><V2/><F83/><N who="3" m="49631" /><G21/><AGARI ba="1,1" hai="16,17,20,21,22,49,54,56" m="2057,38255" machi="21" ten="30,7700,0" yaku="8,1,52,2,54,1" doraHai="13" who="0" fromWho="3" sc="235,90,285,0,235,0,235,-80" />
</Scene>
<Scene>
<INIT seed="2,0,0,0,2,95" ten="325,285,235,155" oya="2" hai0="12,55,82,102,96,0,10,56,130,132,121,1,72" hai1="39,125,16,79,58,94,41,103,18,61,42,90,54" hai2="107,14,77,93,45,98,49,36,97,64,27,51,86" hai3="6,24,70,75,50,74,59,47,116,33,123,22,2"/><V80/><F107/><W117/><G123/><T127/><D121/><U29/><E125/><V71/><F36/><W126/><G70/><T37/><D37/><U57/><E29/><V124/><F124/><W31/><G126/><T11/><D127/><U65/><E79/><V4/><F71/><W114/><G114/><T87/><D72/><U83/><E83/><V113/><F64/><W40/><G33/><T128/><D11/><U106/><E103/><V78/><F113/><W62/><G6/><T60/><D132/><U43/><E106/><V5/><F77/><W100/><G2/><T68/><D68/><U34/><E34/><V115/><F115/><W73/><REACH who="3" step="1"/><G100/><REACH who="3" ten="325,285,235,145" step="2"/><T7/><D130/><U88/><E39/><V66/><F4/><W3/><G3/><T19/><D7/><U76/><E76/><V118/><F118/><W52/><AGARI ba="0,1" hai="22,24,31,40,47,50,52,59,62,73,74,75,116,117" machi="52" ten="30,12000,2" yaku="1,1,0,1,54,1,53,3" doraHai="95" doraHaiUra="104" who="3" fromWho="3" sc="325,-30,285,-30,235,-60,145,130" />
</Scene>
<Scene>
<INIT seed="3,0,0,2,5,12" ten="295,255,175,275" oya="3" hai0="80,16,114,92,93,60,37,104,47,90,85,81,135" hai1="19,71,4,13,32,28,23,66,2,7,63,18,42" hai2="51,87,75,52,74,106,64,128,1,27,69,116,0" hai3="96,43,54,78,89,11,88,124,6,41,103,111,9"/><W99/><G124/><T57/><D104/><U91/><E42/><V65/><F106/><W77/><G54/><T133/><D114/><U48/><E2/><V130/><F116/><W29/><G29/><T97/><D37/><U127/><E127/><V35/><F69/><W33/><G33/><T24/><D47/><U44/><E91/><V58/><F87/><W112/><G112/><T22/><D135/><U56/><E71/><V83/><F0/><W10/><G111/><T125/><D125/><U53/><E32/><V86/><F1/><W113/><G113/><T62/><D133/><U121/><E121/><V122/><F122/><W126/><G126/><T20/><D22/><N who="1" m="11599" /><E28/><V45/><F27/><AGARI ba="0,0" hai="4,7,19,23,27,44,48,53,56,63,66" m="11599" machi="27" ten="30,3900,0" yaku="8,1,52,2" doraHai="12" who="1" fromWho="2" sc="295,0,255,39,175,-39,275,0" />
</Scene>
<Scene>
<INIT seed="4,0,0,3,4,135" ten="295,294,136,275" oya="0" hai0="101,51,90,82,95,59,48,130,118,99,133,122,125" hai1="6,92,66,57,40,24,110,81,74,116,11,114,77" hai2="86,12,30,129,105,9,115,80,134,98,50,120,127" hai3="79,15,47,73,22,91,104,108,1,16,83,121,52"/><T126/><D118/><U19/><E116/><V38/><F38/><W4/><G108/><T103/><D133/><U10/><E110/><V49/><F134/><W119/><G119/><T18/><D130/><U65/><E40/><V46/><F129/><W131/><G131/><T28/><D122/><U85/><E114/><V102/><F120/><W62/><G104/><N who="0" m="63551" /><D28/><U75/><E75/><V89/><F115/><W23/><G121/><T109/><D109/><U100/><E57/><V123/><F123/><W2/><G4/><T111/><D111/><U94/><E74/><V32/><F30/><W53/><G23/><T56/><D82/><U63/><E100/><V36/><F32/><W117/><G117/><T132/><D103/><U124/><E66/><V71/><F71/><W70/><G70/><T64/><D132/><U8/><E6/><V21/><F21/><W37/><G91/><T54/><D18/><U60/><E92/><V34/><F34/><W17/><G17/><T78/><D78/><U35/><E94/><V106/><F106/><W88/><G88/><T113/><D113/><U72/><E72/><V39/><F49/><N who="0" m="19018" /><D64/><U41/><E35/><V20/><F20/><W45/><G79/><T7/><D7/><U43/><E19/><V13/><F39/><W128/><G83/><T55/><D55/><U112/><E112/><V58/><F36/><W68/><G128/><T31/><D31/><U97/><E77/><V84/><F102/><W69/><G37/><T26/><D26/><U42/><E24/><V67/><F67/><W29/><G29/><T5/><D5/><RYUUKYOKU ba="0,0" sc="295,0,294,0,136,0,275,0" />
</Scene>
<Scene>
<INIT seed="5,1,0,0,4,13" ten="295,294,136,275" oya="1" hai0="112,16,90,65,21,27,54,135,62,93,114,134,77" hai1="29,98,59,10,122,86,51,116,35,50,111,11,96" hai2="37,84,64,73,6,1,47,72,42,53,80,78,108" hai3="121,105,92,18,4,75,95,100,91,0,109,117,57"/><U107/><E122/><V22/><F108/><W36/><G109/><T70/><D77/><U15/><E111/><V101/><F64/><W115/><G121/><T126/><D54/><U38/><E38/><V2/><F101/><W71/><G36/><T74/><D74/><U61/><E116/><V88/><F72/><W113/><G71/><T30/><D30/><U55/><E35/><V60/><F22/><W33/><G75/><T85/><REACH who="0" step="1"/><D126/><REACH who="0" ten="285,294,136,275" step="2"/><U39/><E29/><V103/><F78/><W9/><G117/><T104/><D104/><U67/><E107/><V66/><F73/><W69/><G105/><T127/><D127/><U87/><E55/><V32/><F53/><W123/><G123/><T20/><D20/><U110/><E110/><V130/><F130/><W83/><G33/><T133/><AGARI ba="1,1" hai="16,21,27,62,65,70,85,90,93,112,114,133,134,135" machi="133" ten="40,12000,2" yaku="1,1,0,1,20,1,52,1,54,1,53,1" doraHai="13" doraHaiUra="12" who="0" fromWho="0" sc="285,133,294,-61,136,-31,275,-31" />
</Scene>
<Scene>
<INIT seed="6,0,0,0,5,92" ten="418,233,105,244" oya="2" hai0="6,128,29,32,59,41,85,130,7,11,39,26,87" hai1="78,70,13,23,53,31,75,89,16,64,120,127,50" hai2="34,135,67,30,5,49,15,18,51,45,25,38,124" hai3="20,65,94,121,28,79,43,119,24,103,96,0,106"/><V133/><F5/><N who="0" m="1546" /><D11/><U46/><E127/><V44/><F124/><W42/><G119/><T37/><D59/><U110/><E110/><V80/><F38/><N who="0" m="14346" /><D41/><U112/><E112/><V47/><F67/><W8/><G121/><T97/><D97/><U66/><E120/><V17/><F80/><W58/><G106/><T109/><D109/><U129/><E70/><V134/><REACH who="2" step="1"/><F15/><REACH who="2" ten="418,233,95,244" step="2"/><W52/><G65/><T82/><D82/><U101/><E66/><V61/><F61/><W62/><G0/><T115/><D115/><U104/><E64/><V118/><F118/><W113/><G113/><T99/><D130/><U48/><E129/><V9/><F9/><W108/><G108/><T122/><D128/><U126/><E126/><V33/><F33/><W14/><G79/><T98/><D122/><U54/><E78/><V123/><F123/><W22/><G22/><T86/><D32/><U12/><E12/><V55/><F55/><W95/><G95/><T68/><D68/><U76/><E76/><V27/><F27/><W71/><G71/><T84/><D26/><U3/><E13/><V69/><F69/><W88/><G14/><T132/><D132/><U90/><E53/><V4/><F4/><W81/><G8/><T111/><D111/><U10/><E10/><V93/><F93/><W125/><G125/><T91/><D91/><U40/><E89/><V60/><F60/><W73/><G88/><T131/><D131/><U63/><E90/><V1/><F1/><W72/><G81/><T102/><D102/><U21/><E101/><V107/><F107/><W36/><G36/><RYUUKYOKU ba="0,1" sc="418,-15,233,-15,95,15,244,15" hai2="17,18,25,30,34,44,45,47,49,51,133,134,135" hai3="20,24,28,42,43,52,58,62,72,73,94,96,103" />
</Scene>
<Scene>
<INIT seed="6,1,1,2,0,118" ten="403,218,110,259" oya="2" hai0="65,45,31,74,59,42,6,81,114,29,110,99,11" hai1="64,17,104,101,79,19,76,77,49,89,124,73,68" hai2="135,34,52,120,113,10,23,129,25,43,69,102,127" hai3="26,5,121,111,44,60,71,86,40,75,54,97,70"/><V66/><F34/><W63/><G75/><T22/><D110/><U67/><E73/><V117/><F43/><W62/><G5/><T98/><D31/><U46/><E124/><V132/><F102/><W24/><G97/><T131/><D131/><U28/><E28/><V122/><F66/><N who="1" m="25129" /><E104/><V130/><F69/><W134/><G111/><T90/><D114/><U27/><E68/><V20/><F52/><W50/><G86/><T85/><D74/><U112/><E112/><V105/><F105/><W126/><G126/><T61/><D22/><N who="1" m="13775" /><E101/><V100/><F100/><W123/><G134/><N who="2" m="51241" /><F127/><W82/><G82/><T39/><D29/><U2/><E2/><AGARI ba="1,1" hai="2,6,11,39,42,45,59,61,65,81,85,90,98,99" machi="2" ten="30,1000,0" yaku="7,1" doraHai="118" who="0" fromWho="1" sc="403,23,218,-13,110,0,259,0" />
</Scene>
<Scene>
<INIT seed="7,0,0,1,4,76" ten="426,205,110,259" oya="3" hai0="27,22,105,35,51,115,52,64,47,38,0,120,11" hai1="123,135,78,15,110,30,18,72,70,97,42,7,73" hai2="17,96,56,39,98,84,95,121,45,92,68,23,19" hai3="117,25,58,63,132,99,3,44,57,26,9,21,77"/><W59/><G117/><T85/><D120/><U74/><E123/><V54/><F121/><W118/><G118/><T50/><D105/><U106/><E110/><V94/><F68/><W40/><G3/><T104/><D104/><U5/><E70/><V33/><F33/><W55/><G9/><T61/><D38/><U28/><E42/><V112/><F112/><W13/><G99/><T126/><D115/><U130/><E78/><V46/><F39/><W89/><G132/><T34/><D126/><U109/><E109/><V66/><F66/><W4/><G77/><T60/><D60/><U1/><E1/><V20/><F84/><W128/><G128/><T69/><D51/><U122/><E122/><V48/><F98/><W111/><G111/><T102/><D102/><U31/><E130/><V16/><REACH who="2" step="1"/><F96/><REACH who="2" ten="426,205,100,259" step="2"/><W134/><G134/><T90/><D0/><U91/><E135/><V29/><F29/><W101/><G101/><T87/><D11/><U12/><E106/><V71/><F71/><W81/><G63/><T24/><D24/><U49/><E97/><V129/><F129/><W108/><G26/><T100/><D87/><U86/><E30/><V103/><F103/><W82/><G25/><T75/><D75/><U131/><E131/><V32/><F32/><W116/><G108/><T43/><D43/><U65/><E31/><V2/><F2/><W62/><G116/><T67/><D67/><U8/><E65/><V127/><F127/><W133/><G62/><T93/><D100/><U83/><E28/><AGARI ba="0,1" hai="22,27,28,34,35,47,50,52,61,64,69,85,90,93" machi="28" ten="30,2000,0" yaku="7,1,54,1" doraHai="76" who="0" fromWho="1" sc="426,30,205,-20,100,0,259,0" owari="456,55.0,185,-21.0,100,-40.0,259,6.0" />
</Scene>
</mjloggm>