<mjloggm ver="2.3"><GO type="169"/><UN n0="%E3%81%BE%EF%BD%9E%E3%81%9A%E2%99%AA%E2%98%86" n1="%E5%A4%AA%E3%81%8F%E3%81%AA%E3%81%84%E3%81%8A" n2="%E3%82%B9%E3%83%BC%E3%83%8B" n3="%E3%83%AD%E3%83%AA%E3%83%BC%E3%82%BF%E3%81%AA%E7%84%BC%E8%82%89" dan="16,18,16,17" rate="2006,2141,2063,2097" sx="F,M,M,M"/><TAIKYOKU oya="0"/>

<Scene>
<INIT seed="0,0,0,0,2,98" ten="250,250,250,250" oya="0" hai0="112,59,104,35,117,102,88,55,10,116,64,23,52" hai1="38,73,26,82,11,69,51,28,85,48,50,12,56" hai2="77,74,57,24,97,91,109,72,49,5,9,135,113" hai3="93,103,90,33,3,123,107,131,0,96,86,127,60"/><T100/><D35/><U120/><E120/><V42/><F113/><W18/><G33/><T32/><D32/><U108/><E69/><V79/><F135/><W134/><G123/><T4/><D112/><U46/><E73/><V121/><F121/><W129/><G134/><T6/><D64/><U54/><E108/><V106/><F109/><W122/><G122/><T66/><D66/><U37/><E37/><V81/><F24/><W124/><G60/><T111/><D111/><U27/><E38/><V17/><F17/><W22/><G0/><T31/><D104/><U78/><E28/><V83/><F42/><W94/><G3/><T65/><D65/><U92/><E92/><N who="3" m="35434" /><G18/><T125/><D125/><N who="3" m="48201" /><G22/><T118/><D55/><U110/><E110/><V75/><F91/><W47/><G47/><T84/><D23/><U25/><REACH who="1" step="1"/><E46/><REACH who="1" ten="250,240,250,250" step="2"/><V105/><F75/><W58/><G58/><T80/><D31/><U63/><E63/><V44/><F44/><W34/><G34/><T99/><D99/><U19/><AGARI ba="0,1" hai="11,12,19,25,26,27,48,50,51,54,56,78,82,85" machi="19" ten="30,4000,0" yaku="1,1,0,1,8,1,53,0" doraHai="98" doraHaiUra="61" who="1" fromWho="1" sc="250,-20,240,50,250,-10,250,-10" />
</Scene>
<Scene>
<INIT seed="1,0,0,0,2,64" ten="230,290,240,240" oya="1" hai0="47,90,1,61,91,2,67,31,96,73,45,99,72" hai1="66,20,4,121,23,56,3,78,83,34,21,25,63" hai2="102,43,37,19,55,38,15,16,89,44,135,54,107" hai3="70,82,81,95,128,52,112,36,24,76,114,120,87"/><U29/><E121/><V74/><F38/><W49/><G36/><T129/><D67/><U46/><E46/><V32/><F32/><W97/><G120/><T101/><D61/><U85/><E3/><V50/><F135/><W0/><G0/><T111/><D31/><U27/><REACH who="1" step="1"/><E4/><REACH who="1" ten="230,280,240,240" step="2"/><V9/><F37/><W109/><G109/><T124/><D111/><U58/><E58/><V28/><F44/><W57/><G128/><T117/><D129/><U17/><AGARI ba="0,1" hai="17,20,21,23,25,27,29,34,56,63,66,78,83,85" machi="17" ten="20,3900,0" yaku="1,1,0,1,7,1,53,0" doraHai="64" doraHaiUra="131" who="1" fromWho="1" sc="230,-13,280,49,240,-13,240,-13" />
</Scene>
<Scene>
<INIT seed="1,1,0,5,0,130" ten="217,329,227,227" oya="1" hai0="124,65,47,110,68,113,66,52,6,96,60,49,26" hai1="61,7,42,3,38,97,86,15,87,50,70,89,36" hai2="82,71,39,10,118,119,12,54,31,107,62,2,20" hai3="122,116,22,114,55,92,32,112,29,9,129,72,115"/><U132/><E3/><V91/><F2/><W120/><G72/><T76/><D113/><U35/><E35/><V123/><F107/><W84/><G55/><T23/><D110/><U37/><E97/><V43/><F123/><N who="3" m="47147" /><G84/><T4/><D124/><U18/><E7/><V74/><F39/><W58/><G92/><T8/><D76/><U34/><E34/><V80/><F43/><W117/><G58/><T33/><D33/><U131/><E131/><V53/><F80/><W133/><G129/><T111/><D111/><U105/><E105/><V64/><F54/><W78/><G78/><T99/><D66/><U100/><E100/><V125/><F125/><W48/><G48/><T104/><D104/><U83/><E86/><V128/><F128/><W5/><G22/><T127/><D127/><U25/><E50/><V81/><F53/><W27/><G133/><T109/><D109/><U93/><E132/><V95/><F82/><W88/><G88/><T30/><REACH who="0" step="1"/><D6/><REACH who="0" ten="207,329,227,227" step="2"/><U121/><E70/><V126/><F126/><W67/><G67/><T69/><D69/><U24/><E83/><V59/><F71/><W1/><AGARI ba="1,1" hai="1,5,9,27,29,32,112,114,115,116,117" m="47147" machi="1" ten="40,5200,0" yaku="23,1,34,2" doraHai="130" who="3" fromWho="3" sc="207,-14,329,-27,227,-14,227,65" />
</Scene>
<Scene>
<INIT seed="2,0,0,4,5,131" ten="193,302,213,292" oya="2" hai0="65,111,79,16,12,83,75,74,118,52,77,56,40" hai1="92,67,119,8,120,91,29,45,66,58,3,5,2" hai2="82,13,97,64,21,112,80,99,117,96,50,63,81" hai3="11,27,78,125,61,44,38,48,76,103,109,0,116"/><V6/><F117/><W10/><G116/><T14/><D118/><U114/><E119/><RYUUKYOKU type="kaze4" ba="0,0" sc="193,0,302,0,213,0,292,0" />
</Scene>
<Scene>
<INIT seed="2,1,0,3,1,12" ten="193,302,213,292" oya="2" hai0="57,112,20,86,119,124,26,80,43,48,64,36,3" hai1="81,79,30,111,100,4,38,77,42,126,47,15,110" hai2="131,129,23,56,109,65,24,8,78,104,10,85,122" hai3="91,51,72,135,113,1,98,76,61,9,117,123,121"/><V69/><F69/><W125/><G117/><T128/><D119/><U87/><E126/><V74/><F74/><W88/><G125/><T70/><D124/><U11/><E100/><V73/><F73/><W118/><G118/><T31/><D3/><U127/><E127/><V0/><F104/><W95/><G113/><T52/><D128/><N who="2" m="49226" /><F122/><W82/><G135/><T58/><D112/><U34/><E77/><V46/><F0/><W96/><G61/><T90/><D43/><U134/><E134/><V19/><F46/><W37/><G37/><T105/><D36/><U32/><REACH who="1" step="1"/><E30/><REACH who="1" ten="193,292,213,292" step="2"/><V102/><F102/><W83/><G123/><T2/><D105/><U41/><E41/><V84/><F109/><AGARI ba="1,1" hai="4,11,15,32,34,38,42,47,79,81,87,109,110,111" machi="109" ten="40,2600,0" yaku="1,1,14,1,53,0" doraHai="12" doraHaiUra="106" who="1" fromWho="2" sc="193,0,292,39,213,-29,292,0" />
</Scene>
<Scene>
<INIT seed="3,0,0,0,5,48" ten="193,331,184,292" oya="3" hai0="42,105,121,71,34,36,58,20,54,134,70,59,13" hai1="21,129,112,64,120,19,7,28,87,17,39,95,65" hai2="33,35,8,135,5,125,124,12,66,131,62,26,14" hai3="46,102,63,91,53,22,51,110,130,133,84,98,99"/><W24/><G133/><T68/><D34/><U109/><E120/><V45/><F45/><W118/><G118/><T86/><D121/><U30/><E112/><V76/><F76/><W114/><G114/><T128/><D105/><U115/><E115/><V79/><F79/><W101/><G130/><T18/><D128/><U15/><E39/><V29/><F131/><W32/><G32/><T81/><D134/><U106/><E106/><V74/><F74/><W117/><G117/><T89/><D42/><U16/><E129/><V72/><F72/><W73/><G73/><T52/><REACH who="0" step="1"/><D36/><REACH who="0" ten="183,331,184,292" step="2"/><U10/><E109/><V113/><F35/><W61/><G110/><T92/><D92/><U88/><E21/><V78/><F113/><W55/><G101/><T40/><D40/><U77/><E77/><V80/><F135/><W97/><G102/><T25/><D25/><U75/><E75/><V100/><F100/><W38/><G38/><T56/><AGARI ba="0,1" hai="13,18,20,52,54,56,58,59,68,70,71,81,86,89" machi="56" ten="40,8000,1" yaku="1,1,0,1,52,2,54,1,53,0" doraHai="48" doraHaiUra="111" who="0" fromWho="0" sc="183,90,331,-20,184,-20,292,-40" />
</Scene>
<Scene>
<INIT seed="4,0,0,3,2,44" ten="273,311,164,252" oya="0" hai0="21,124,89,92,14,4,28,102,108,52,24,120,67" hai1="72,95,96,107,59,134,40,2,121,130,69,1,42" hai2="129,17,111,78,19,38,132,70,3,34,114,131,35" hai3="100,66,75,93,77,79,109,27,119,86,25,55,18"/><T5/><D120/><U22/><E121/><V125/><F78/><W126/><G119/><T64/><D108/><U97/><E69/><V41/><F41/><W10/><G109/><T106/><D124/><U45/><E72/><V103/><F103/><W127/><G66/><T85/><D102/><U115/><E107/><V9/><F9/><W57/><G75/><T133/><D106/><U116/><E116/><V54/><F54/><W76/><G126/><T90/><D133/><U11/><E134/><V82/><F82/><W128/><G127/><T99/><D64/><U123/><E123/><V63/><F63/><W135/><G128/><T113/><D113/><U118/><E118/><V71/><F71/><W7/><G135/><T87/><D67/><U58/><E22/><V37/><F37/><W122/><G122/><T98/><D52/><U23/><E23/><V6/><F38/><W26/><G18/><T36/><D36/><U0/><E11/><N who="2" m="2527" /><F70/><W74/><G74/><T31/><D31/><U50/><E115/><V20/><F114/><W83/><G93/><T13/><D13/><U81/><E81/><V73/><F73/><W110/><G100/><T112/><D112/><U39/><E130/><N who="2" m="49675" /><F132/><W8/><G110/><T62/><D62/><U47/><REACH who="1" step="1"/><E95/><REACH who="1" ten="273,301,164,252" step="2"/><V91/><F125/><W80/><G10/><N who="0" m="4423" /><D5/><U30/><E30/><V49/><F111/><W33/><G7/><T104/><D104/><U65/><E65/><V61/><F34/><W94/><G33/><T60/><D28/><U43/><E43/><V12/><F35/><W53/><G8/><T105/><D105/><RYUUKYOKU ba="0,1" sc="273,-10,301,30,164,-10,252,-10" hai1="0,1,2,39,40,42,45,47,50,58,59,96,97" />
</Scene>
<Scene>
<INIT seed="5,1,1,5,0,6" ten="263,331,154,242" oya="1" hai0="110,107,54,46,67,30,25,111,117,79,11,126,133" hai1="50,130,102,52,39,53,24,68,88,114,65,33,0" hai2="43,75,106,9,14,69,120,82,66,10,26,80,62" hai3="71,86,108,70,131,23,60,78,129,22,92,44,55"/><U84/><E0/><V49/><F106/><W115/><G108/><T124/><D107/><U32/><E39/><V40/><F120/><W81/><G115/><T51/><D79/><U48/><E114/><V61/><F26/><W56/><G44/><T64/><D117/><U7/><E7/><V121/><F121/><W95/><G95/><T4/><D133/><U27/><E102/><V20/><F20/><N who="3" m="7723" /><G92/><T100/><D100/><U123/><E123/><V41/><F14/><W76/><G76/><T8/><D64/><U101/><E101/><V21/><F21/><W93/><G93/><T83/><D83/><U38/><E38/><V3/><F3/><W59/><G59/><T112/><D67/><U47/><E65/><V18/><F18/><W105/><G105/><T63/><D63/><U12/><E12/><V15/><F15/><W36/><G36/><T128/><D4/><U116/><E68/><V19/><F19/><W34/><G34/><N who="0" m="20815" /><D112/><U132/><E27/><V89/><F75/><W58/><G58/><T5/><D5/><U99/><E24/><V118/><F118/><W37/><G37/><T97/><D97/><U94/><E116/><V16/><F16/><W2/><G2/><T122/><D122/><U90/><E33/><V35/><F35/><W96/><G96/><T113/><D113/><U103/><E32/><V87/><F82/><W134/><G134/><T17/><D17/><U42/><E132/><V98/><F98/><W125/><G125/><T1/><D1/><U72/><E99/><V119/><F119/><W28/><G28/><T85/><D111/><RYUUKYOKU ba="1,1" sc="263,-10,331,-10,154,-10,242,30" hai3="55,56,60,70,71,78,81,86,129,131" />
</Scene>
<Scene>
<INIT seed="6,2,1,1,2,92" ten="253,321,144,272" oya="2" hai0="84,24,76,74,32,45,41,46,98,44,0,77,134" hai1="6,80,117,66,101,27,51,94,78,60,34,73,126" hai2="119,29,35,48,7,118,91,53,16,70,99,36,18" hai3="68,116,21,22,89,31,55,56,121,115,90,102,109"/><V93/><F36/><W123/><G68/><T69/><D69/><U11/><E117/><V20/><F70/><W131/><G116/><T8/><D74/><U71/><E126/><V88/><F7/><W1/><G1/><T112/><D112/><U105/><E51/><V108/><F108/><W25/><G109/><T113/><D113/><U58/><E58/><V10/><F35/><W54/><G115/><T30/><D41/><U49/><E49/><V12/><F29/><W132/><G102/><T38/><D38/><U57/><E57/><N who="2" m="32935" /><F119/><W106/><G106/><T33/><D33/><U111/><E111/><V130/><F130/><W62/><G131/><T100/><D84/><U42/><E42/><V83/><F118/><W125/><G125/><T85/><D85/><U133/><E105/><V3/><F3/><W15/><G123/><T110/><D110/><U28/><E133/><V79/><F79/><W87/><G132/><T120/><D134/><U107/><E107/><V26/><F83/><W122/><G121/><T65/><D120/><U128/><E128/><V40/><F40/><W82/><G122/><T4/><REACH who="0" step="1"/><D65/><REACH who="0" ten="243,321,144,272" step="2"/><U104/><E66/><V61/><F61/><W103/><G62/><T39/><D39/><U75/><E60/><V64/><F64/><W81/><G55/><T5/><D5/><U135/><E71/><V43/><F43/><W67/><G54/><T17/><D17/><U59/><E135/><V63/><F63/><W37/><G67/><T23/><D23/><N who="1" m="15487" /><E75/><V14/><F14/><W47/><G15/><T50/><D50/><U9/><E34/><RYUUKYOKU ba="2,2" sc="243,15,321,-15,144,15,272,-15" hai0="0,4,8,24,30,32,44,45,46,76,77,98,100" hai2="10,12,16,18,20,26,88,91,93,99" />
</Scene>
<Scene>
<INIT seed="6,3,2,3,3,44" ten="258,306,159,257" oya="2" hai0="122,105,111,119,103,72,51,68,1,42,35,131,30" hai1="23,63,104,46,87,93,133,5,82,97,13,94,67" hai2="50,2,60,112,66,125,121,69,101,33,116,78,54" hai3="88,7,39,57,84,100,3,48,90,110,4,29,6"/><V92/><F2/><W114/><G39/><T108/><RYUUKYOKU type="yao9" ba="3,2" sc="258,0,306,0,159,0,257,0" hai0="1,30,35,42,51,68,72,103,105,108,111,119,122,131" />
</Scene>
<Scene>
<INIT seed="6,4,2,0,3,45" ten="258,306,159,257" oya="2" hai0="16,80,102,92,35,11,116,133,49,5,72,99,106" hai1="37,75,111,127,69,101,20,34,85,56,23,76,126" hai2="18,86,29,57,120,118,26,36,94,96,130,63,48" hai3="8,6,33,0,55,95,24,71,73,131,90,134,83"/><V14/><F36/><W135/><G71/><T103/><D35/><U113/><E111/><V40/><F120/><W129/><G55/><T88/><D133/><N who="3" m="50697" /><G83/><T13/><D116/><U27/><E69/><V22/><F118/><W58/><G58/><T82/><D103/><U51/><E37/><V25/><F130/><N who="3" m="49675" /><G73/><T125/><D72/><U115/><E75/><V79/><F79/><W112/><G112/><N who="1" m="43082" /><E101/><N who="2" m="60567" /><F86/><N who="3" m="52695" /><G24/><T124/><D80/><U66/><E76/><V114/><F114/><W44/><G44/><T4/><D82/><U46/><E85/><V30/><F40/><W93/><G93/><T43/><D5/><U3/><E3/><V61/><F48/><W105/><G33/><T21/><D49/><U97/><E97/><V41/><F41/><W17/><G17/><T81/><D43/><N who="1" m="25055" /><E34/><V70/><F70/><W84/><G84/><T50/><D50/><U110/><E110/><V68/><F68/><W98/><G98/><T54/><D81/><U121/><E121/><V7/><F7/><W91/><G91/><T60/><D106/><AGARI ba="4,2" hai="0,6,8,105,106" m="52695,49675,50697" machi="106" ten="30,2000,0" yaku="20,1,19,1" doraHai="45" who="3" fromWho="0" sc="258,-32,306,0,159,0,257,52" />
</Scene>
<Scene>
<INIT seed="7,0,0,2,3,27" ten="226,306,159,309" oya="3" hai0="109,104,84,57,42,112,106,80,16,24,124,51,48" hai1="85,63,110,96,4,29,125,25,53,108,65,83,54" hai2="50,69,71,11,6,73,31,133,78,82,21,14,131" hai3="121,37,9,128,101,113,22,40,8,32,20,98,2"/><W39/><G32/><T74/><D74/><U46/><E125/><V68/><F133/><W129/><G121/><T81/><D124/><U34/><E4/><V44/><F131/><N who="3" m="50251" /><G113/><T55/><D109/><U132/><E132/><V91/><F91/><W72/><G72/><T12/><D112/><U122/><E122/><V116/><F116/><W92/><G40/><T100/><D100/><U41/><E96/><V10/><F10/><N who="3" m="4203" /><G2/><T3/><D3/><U99/><E99/><V7/><F7/><W97/><G97/><T52/><D42/><U95/><E95/><V127/><F127/><W118/><G118/><T87/><D24/><U111/><E83/><V62/><F62/><W26/><G20/><T19/><D57/><U126/><E85/><V107/><F107/><W70/><G70/><T35/><D35/><U105/><E105/><V38/><F38/><W17/><AGARI ba="0,0" hai="17,22,26,37,39,92,98,101" m="4203,50251" machi="17" ten="30,1500,0" yaku="19,1" doraHai="27" who="3" fromWho="3" sc="226,-5,306,-5,159,-5,309,15" owari="221,-18.0,301,10.0,154,-35.0,324,43.0" />
</Scene>
</mjloggm>