<mjloggm ver="2.3"><GO type="169"/><UN n0="%E3%83%9D%E3%83%B3%E5%8A%A9" n1="%E3%82%A2%E3%83%87%E3%82%A3%E3%83%AA%E3%82%B7%E3%82%A2" n2="%E5%AF%82%E5%A4%9C%E9%9C%BD%E6%9C%88" n3="%E5%A4%AA%E3%81%8F%E3%81%AA%E3%81%84%E3%81%8A" dan="16,17,16,17" rate="2115,2172,2137,2149" sx="M,F,M,M"/><TAIKYOKU oya="0"/>

<Scene>
<INIT seed="0,0,0,1,5,5" ten="250,250,250,250" oya="0" hai0="101,71,69,45,21,6,102,82,105,41,17,56,38" hai1="126,114,26,115,87,31,42,108,90,39,63,33,12" hai2="96,57,120,55,16,36,25,134,79,119,75,13,133" hai3="4,83,111,74,100,128,67,1,49,66,44,112,132"/><T91/><D6/><U51/><E108/><V0/><F0/><W125/><G112/><N who="1" m="43050" /><E126/><V32/><F36/><W94/><G111/><T109/><D109/><U113/><E113/><V86/><F120/><W30/><G125/><T107/><D56/><U73/><E73/><V85/><F119/><W81/><G30/><T89/><D102/><U14/><E39/><V131/><F131/><W18/><G128/><T8/><D101/><U92/><E63/><V27/><F96/><W65/><G132/><N who="2" m="50793" /><F75/><W116/><G116/><T121/><D121/><U62/><E62/><N who="2" m="36159" /><F79/><W127/><G127/><T78/><D71/><U118/><E118/><V50/><F50/><W76/><G76/><T24/><D69/><U104/><E104/><V98/><F98/><N who="3" m="59479" /><G74/><T20/><D107/><U2/><E2/><V37/><F37/><W15/><G1/><T97/><D97/><U59/><E59/><V80/><F32/><W130/><G130/><T68/><D68/><U70/><E70/><V34/><F34/><W47/><G47/><AGARI ba="0,0" hai="12,14,26,31,33,42,47,51,87,90,92" m="43050" machi="47" ten="30,1000,0" yaku="11,1" doraHai="5" who="1" fromWho="3" sc="250,0,250,10,250,0,250,-10" />
</Scene>
<Scene>
<INIT seed="1,0,0,4,2,50" ten="250,260,250,240" oya="1" hai0="122,75,124,70,125,123,116,113,88,102,8,126,117" hai1="34,43,11,0,115,3,20,85,44,35,98,89,65" hai2="121,30,96,27,60,36,120,31,48,91,6,119,29" hai3="9,1,19,13,134,104,95,24,59,39,92,56,46"/><U21/><E115/><V110/><F36/><W67/><G104/><T105/><D70/><U86/><E65/><V42/><F119/><N who="0" m="45642" /><D8/><U53/><E98/><V93/><F110/><W87/><G134/><T47/><D47/><U51/><E43/><V14/><F60/><W4/><G24/><T108/><D108/><U62/><E62/><V45/><REACH who="2" step="1"/><F27/><REACH who="2" ten="250,260,240,240" step="2"/><W97/><G39/><T130/><D113/><U71/><E71/><V69/><F69/><W77/><G67/><T5/><D124/><U22/><E86/><V52/><F52/><W17/><G87/><T25/><D25/><U111/><E111/><V37/><F37/><W26/><G26/><T74/><D126/><U15/><E0/><V100/><F100/><W118/><G1/><T12/><D102/><U132/><E3/><V128/><F128/><W106/><G118/><T28/><D130/><U68/><E68/><V10/><AGARI ba="0,1" hai="6,10,14,29,30,31,42,45,48,91,93,96,120,121" machi="10" ten="30,2000,0" yaku="1,1,0,1,53,0" doraHai="50" doraHaiUra="135" who="2" fromWho="2" sc="250,-5,260,-10,240,30,240,-5" />
</Scene>
<Scene>
<INIT seed="2,0,0,2,1,15" ten="245,250,270,235" oya="2" hai0="78,86,38,8,101,32,92,2,54,96,132,82,48" hai1="120,13,102,108,41,4,45,30,111,119,28,42,19" hai2="72,5,100,81,66,113,87,62,91,20,23,63,60" hai3="22,17,123,97,12,130,89,124,133,43,51,29,69"/><V49/><F113/><W67/><G123/><T80/><D38/><U85/><E119/><V31/><F72/><W88/><G124/><T75/><D32/><U24/><E120/><V65/><F5/><W84/><G130/><T27/><D132/><U35/><E30/><V26/><F100/><W59/><G133/><T56/><D27/><U90/><E102/><V61/><N who="2" m="15872" /><DORA hai="95" /><V3/><F3/><W134/><G134/><T93/><D2/><U104/><E104/><V135/><F135/><W55/><G69/><T77/><REACH who="0" step="1"/><D8/><REACH who="0" ten="235,250,270,235" step="2"/><U70/><E24/><N who="2" m="16775" /><F49/><W40/><G67/><T109/><D109/><U122/><E35/><V83/><F83/><N who="3" m="49183" /><G29/><AGARI ba="0,1" hai="23,26,29,65,66,81,87,91" m="16775,15872" machi="29" ten="40,2000,0" yaku="8,1" doraHai="15,95" who="2" fromWho="3" sc="235,0,250,0,270,30,235,-20" />
</Scene>
<Scene>
<INIT seed="2,1,0,1,1,57" ten="235,250,300,215" oya="2" hai0="87,15,72,97,89,117,118,63,19,92,109,5,119" hai1="7,66,132,53,121,88,44,35,81,79,43,86,24" hai2="100,122,21,46,9,126,48,84,101,10,62,70,76" hai3="112,123,71,105,69,26,52,67,23,114,50,103,99"/><V60/><F122/><W124/><G123/><T65/><D72/><U115/><E115/><N who="3" m="44074" /><G124/><T30/><D109/><U61/><E121/><V58/><F70/><W113/><N who="3" m="44082" /><W106/><DORA hai="133" /><G106/><T78/><D30/><U96/><E132/><V39/><F126/><W12/><G12/><T98/><D78/><U64/><E7/><V20/><F39/><W95/><G105/><T6/><D6/><U8/><E8/><N who="2" m="3179" /><F76/><W29/><G67/><T82/><D5/><U49/><E35/><V41/><F84/><W90/><G103/><N who="2" m="39497" /><F58/><AGARI ba="1,0" hai="23,26,29,50,52,58,69,71,90,95,99" m="44082" machi="58" ten="40,2600,0" yaku="11,1,54,1" doraHai="57,133" who="3" fromWho="2" sc="235,0,250,0,300,-29,215,29" />
</Scene>
<Scene>
<INIT seed="3,0,0,1,5,105" ten="235,250,271,244" oya="3" hai0="86,1,41,80,57,78,18,124,133,42,108,90,98" hai1="15,17,100,32,131,107,77,58,34,51,9,82,25" hai2="97,5,12,84,81,29,69,83,23,22,134,128,7" hai3="94,114,20,72,104,115,126,50,45,27,10,2,113"/><W38/><G104/><T36/><D1/><U33/><E131/><V130/><F69/><W4/><G126/><T14/><D124/><U8/><E8/><V3/><F134/><W96/><G38/><T40/><D133/><U103/><E25/><V53/><F97/><W19/><G72/><T21/><D108/><U79/><E107/><V127/><F127/><W52/><REACH who="3" step="1"/><G114/><REACH who="3" ten="235,250,271,234" step="2"/><T26/><D36/><U62/><E51/><V73/><F73/><W61/><G61/><T87/><D98/><U68/><E68/><V85/><F130/><W6/><G6/><T59/><REACH who="0" step="1"/><D26/><REACH who="0" ten="225,250,271,234" step="2"/><U123/><E123/><V46/><F128/><W121/><G121/><T39/><D39/><U60/><E60/><V102/><F3/><W89/><AGARI ba="0,2" hai="2,4,10,19,20,27,45,50,52,89,94,96,113,115" machi="89" ten="20,12000,1" yaku="1,1,0,1,7,1,54,1,53,1" doraHai="105" doraHaiUra="0" who="3" fromWho="3" sc="225,-40,250,-40,271,-40,234,140" />
</Scene>
<Scene>
<INIT seed="3,1,0,0,5,57" ten="185,210,231,374" oya="3" hai0="104,32,124,120,126,25,19,54,119,85,51,135,111" hai1="6,3,50,131,24,5,82,78,55,133,95,117,109" hai2="107,12,121,127,26,2,16,123,69,47,41,1,101" hai3="68,17,106,67,29,7,23,11,99,110,73,20,0"/><W97/><G73/><T113/><D104/><U63/><E109/><V21/><F127/><W105/><G110/><T80/><D119/><U40/><E133/><V102/><F69/><W81/><G81/><T44/><D111/><U98/><E131/><V34/><F34/><W94/><G29/><T89/><D120/><N who="2" m="46154" /><F12/><W42/><G42/><T45/><D135/><U76/><E117/><V115/><F115/><W74/><G74/><T61/><D113/><U37/><E24/><V27/><F27/><W72/><G72/><T100/><D100/><N who="2" m="38506" /><F107/><W75/><G75/><T38/><D32/><U93/><E3/><V49/><AGARI ba="1,0" hai="1,2,16,21,26,41,47,49" m="38506,46154" machi="49" ten="30,2000,0" yaku="13,1,54,1" doraHai="57" who="2" fromWho="2" sc="185,-6,210,-6,231,23,374,-11" />
</Scene>
<Scene>
<INIT seed="4,0,0,4,4,0" ten="179,204,254,363" oya="0" hai0="133,94,33,36,52,27,24,99,98,12,120,132,63" hai1="104,28,16,110,128,101,29,51,6,64,111,56,117" hai2="41,100,39,46,49,107,73,34,118,18,87,22,122" hai3="97,75,20,95,86,84,102,91,123,66,129,42,7"/><T68/><D36/><U23/><E117/><V67/><F73/><W83/><G129/><T60/><D120/><U103/><E128/><V11/><F122/><W114/><G123/><T54/><D12/><U134/><E134/><N who="0" m="51817" /><D33/><U21/><E6/><V74/><F74/><W58/><G114/><T105/><D105/><U19/><E51/><V44/><F34/><W15/><G42/><T93/><D68/><U126/><E56/><V109/><F67/><W81/><G75/><T96/><D93/><U38/><E64/><V26/><F109/><W1/><G1/><T116/><D94/><U5/><E5/><V125/><F118/><W78/><G20/><T127/><D127/><U37/><REACH who="1" step="1"/><E104/><REACH who="1" ten="179,194,254,363" step="2"/><V62/><F49/><W55/><G66/><T45/><D116/><U71/><E71/><V119/><F107/><W85/><G7/><T50/><D63/><U113/><E113/><V3/><F62/><W82/><G58/><AGARI ba="0,1" hai="24,27,45,50,52,54,58,60,96,98,99" m="51817" machi="58" ten="30,2900,0" yaku="20,1,54,1" doraHai="0" who="0" fromWho="3" sc="179,39,194,0,254,0,363,-29" />
</Scene>
<Scene>
<INIT seed="4,1,0,4,0,49" ten="218,194,254,334" oya="0" hai0="129,23,127,32,121,27,92,122,123,5,78,22,42" hai1="111,83,60,52,62,31,71,131,109,2,82,67,9" hai2="120,39,3,101,25,86,66,77,75,33,8,90,46" hai3="88,47,117,94,125,106,48,124,89,54,30,73,108"/><T63/><D129/><U26/><E131/><V110/><F110/><W19/><G108/><T55/><D127/><N who="3" m="48713" /><G117/><T113/><D113/><U4/><E109/><V41/><F101/><W14/><G106/><T64/><D42/><U70/><E111/><V38/><F120/><W16/><G73/><T74/><D5/><U51/><E62/><V40/><F66/><W58/><G30/><T6/><D6/><U118/><E71/><V115/><F115/><W45/><G19/><T24/><D32/><U17/><E17/><V0/><F77/><W132/><G132/><T133/><D133/><U76/><E118/><V126/><F75/><W44/><G94/><T93/><D78/><U100/><E100/><V80/><F8/><AGARI ba="1,0" hai="8,14,16,44,45,47,48,54,58,88,89" m="48713" machi="8" ten="30,7700,0" yaku="18,1,52,1,54,2" doraHai="49" who="3" fromWho="2" sc="218,0,194,0,254,-80,334,80" />
</Scene>
<Scene>
<INIT seed="5,0,0,4,3,100" ten="218,194,174,414" oya="1" hai0="95,53,31,42,1,64,76,0,99,94,74,8,2" hai1="26,56,58,111,102,103,38,98,63,122,21,17,72" hai2="16,19,57,90,4,15,127,86,107,20,75,101,49" hai3="62,70,91,109,33,23,41,84,73,24,13,14,93"/><U54/><E122/><V129/><F75/><W130/><G109/><T18/><D42/><U51/><E38/><V12/><F127/><W105/><G33/><T134/><D134/><U124/><E124/><V88/><F129/><W5/><G73/><T121/><D121/><U123/><E123/><V82/><F4/><W35/><G35/><T132/><D132/><U43/><E72/><V96/><F49/><W39/><G105/><T44/><D64/><U71/><E71/><V83/><F57/><W106/><G106/><T97/><D31/><U125/><E125/><V133/><F133/><W22/><G130/><T69/><D69/><U92/><E111/><V40/><F40/><W6/><G39/><T81/><D53/><N who="1" m="34191" /><E43/><V113/><F113/><W118/><G118/><T78/><D78/><U116/><E116/><V45/><F45/><W61/><G41/><T32/><D44/><U117/><E117/><V115/><F115/><W59/><G70/><T30/><D30/><U47/><E58/><V80/><F90/><AGARI ba="0,0" hai="17,21,26,47,51,54,90,92,98,102,103" m="34191" machi="90" ten="30,2900,0" yaku="25,1,8,1" doraHai="100" who="1" fromWho="2" sc="218,0,194,29,174,-29,414,0" />
</Scene>
<Scene>
<INIT seed="5,1,0,3,4,118" ten="218,223,145,414" oya="1" hai0="53,67,94,135,52,36,26,77,88,107,113,64,133" hai1="90,119,104,48,39,70,2,122,41,74,84,46,103" hai2="55,56,86,99,127,106,12,92,7,134,82,117,100" hai3="42,10,30,6,89,69,40,97,65,72,111,130,3"/><U108/><E119/><V60/><F117/><W19/><G111/><T76/><D107/><U47/><E108/><V129/><F129/><W51/><G72/><T61/><D36/><U79/><E70/><V62/><F134/><N who="0" m="51210" /><D113/><U16/><E2/><V4/><F127/><W126/><G126/><T14/><D14/><U21/><E122/><V15/><F106/><W98/><G130/><T78/><D26/><U131/><E131/><V24/><F24/><W85/><G30/><T43/><D43/><U121/><E121/><V38/><F38/><W120/><G120/><T71/><D64/><U124/><E124/><V13/><REACH who="2" step="1"/><F60/><REACH who="2" ten="218,223,135,414" step="2"/><W96/><G69/><T87/><AGARI ba="1,1" hai="52,53,61,67,71,76,77,78,87,88,94" m="51210" machi="87" ten="30,4000,0" yaku="20,1,54,2" doraHai="118" who="0" fromWho="0" sc="218,53,223,-21,135,-11,414,-11" />
</Scene>
<Scene>
<INIT seed="6,0,0,2,2,12" ten="271,202,124,403" oya="2" hai0="61,128,107,27,41,117,99,68,23,92,26,104,75" hai1="0,49,108,85,24,11,21,86,31,19,93,15,7" hai2="96,28,30,78,103,84,76,105,42,59,111,113,10" hai3="102,74,82,115,101,67,38,45,125,87,2,53,134"/><V35/><F111/><W131/><G2/><T80/><D128/><U121/><E108/><V5/><F113/><W127/><G74/><T130/><D130/><U51/><E121/><V118/><F118/><W122/><G131/><T77/><D117/><U6/><E6/><V9/><F9/><W43/><G122/><T8/><D27/><U4/><E4/><V16/><F35/><W106/><G115/><T129/><D129/><U109/><E109/><V40/><F59/><W62/><G134/><T65/><D41/><U56/><E93/><N who="2" m="58767" /><F5/><W135/><G53/><T54/><D54/><U29/><E29/><N who="2" m="11371" /><F105/><W79/><G135/><T94/><D8/><U3/><E3/><V110/><F110/><W18/><G106/><T88/><D94/><U83/><E56/><V33/><F33/><W55/><G55/><T112/><D112/><U91/><REACH who="1" step="1"/><E86/><REACH who="1" ten="271,192,124,403" step="2"/><V97/><F97/><W126/><G87/><T1/><D1/><U70/><E70/><V46/><F84/><W20/><G127/><T72/><D72/><U13/><E13/><N who="2" m="7223" /><F46/><W114/><G45/><T57/><D68/><U17/><E17/><AGARI ba="0,1" hai="17,23,26,57,61,65,75,77,80,88,92,99,104,107" machi="17" ten="30,3900,0" yaku="7,1,52,1,54,1" doraHai="12" who="0" fromWho="1" sc="271,49,192,-39,124,0,403,0" />
</Scene>
<Scene>
<INIT seed="7,0,0,3,2,88" ten="320,153,124,403" oya="3" hai0="78,20,117,40,124,97,5,32,36,99,6,29,8" hai1="131,96,59,53,14,91,70,39,89,21,69,103,105" hai2="58,127,15,26,3,94,98,74,111,1,82,128,47" hai3="44,60,54,48,63,122,102,43,109,75,33,80,112"/><W119/><G122/><T28/><D32/><U42/><E131/><V7/><F111/><W93/><G119/><T22/><D117/><U130/><E130/><V12/><F128/><W118/><G118/><T18/><D124/><U87/><E42/><V101/><F127/><W64/><G33/><T45/><D5/><U95/><E39/><V23/><F58/><W106/><G106/><T50/><D36/><U115/><E115/><V31/><F47/><W46/><G112/><T92/><D97/><U104/><E104/><V68/><F68/><W0/><G0/><T133/><D78/><U81/><E21/><V57/><F57/><W55/><G109/><T41/><D41/><U126/><E14/><V71/><F71/><W2/><G2/><T108/><D133/><U120/><E120/><V100/><F100/><W129/><G129/><T114/><D114/><U11/><E11/><V56/><F1/><W65/><G75/><T17/><D108/><U37/><E37/><V35/><F35/><W132/><G132/><T113/><D113/><U24/><E24/><V9/><REACH who="2" step="1"/><F56/><REACH who="2" ten="320,153,114,403" step="2"/><W123/><G123/><T13/><D6/><U72/><E126/><V90/><F90/><W116/><G116/><T107/><D107/><U84/><E72/><V67/><F67/><W83/><G64/><T51/><D51/><AGARI ba="0,1" hai="51,53,59,69,70,81,84,87,89,91,95,96,103,105" machi="51" ten="30,2000,0" yaku="7,1,52,1" doraHai="88" who="1" fromWho="0" sc="320,-20,153,30,114,0,403,0" owari="300,10.0,183,-22.0,114,-39.0,403,51.0" />
</Scene>
</mjloggm>