<mjloggm ver="2.3"><GO type="169"/><UN n0="%E3%82%AF%E3%83%A9" n1="%E5%8F%8D%E9%99%BD%E5%AD%90%E3%81%95%E3%82%93" n2="%E5%A4%AA%E3%81%8F%E3%81%AA%E3%81%84%E3%81%8A" n3="%E3%82%BC%E3%83%B3%E3%83%84%E3%83%83%E3%83%91" dan="17,16,17,19" rate="2134,2109,2154,2254" sx="M,M,M,M"/><TAIKYOKU oya="0"/>

<Scene>
<INIT seed="0,0,0,3,4,59" ten="250,250,250,250" oya="0" hai0="133,84,98,63,75,30,2,20,9,60,70,68,116" hai1="65,29,123,101,69,81,36,120,83,0,114,28,72" hai2="33,43,21,40,130,71,103,37,50,49,90,80,121" hai3="102,26,86,56,135,77,134,48,67,129,107,24,32"/><T61/><D75/><U53/><E0/><V34/><F121/><W19/><G107/><T42/><D116/><U97/><E36/><V124/><F71/><W7/><G102/><T8/><D42/><U106/><E114/><V82/><F103/><W11/><G77/><T51/><D133/><U127/><E127/><V39/><F21/><W96/><G96/><T55/><D98/><U16/><E53/><V13/><F13/><W73/><G73/><T109/><D109/><U3/><E3/><V17/><F17/><W14/><G86/><T35/><D35/><U38/><E38/><V25/><F25/><W15/><G48/><T118/><D118/><U93/><E93/><V95/><F95/><W117/><G56/><T5/><D9/><U64/><E72/><V52/><F90/><W23/><G67/><T76/><D20/><U4/><E4/><V27/><F27/><N who="3" m="10283" /><G117/><T89/><D30/><U94/><E94/><V128/><REACH who="2" step="1"/><F52/><REACH who="2" ten="250,250,240,250" step="2"/><W44/><G32/><T66/><D66/><U1/><E69/><V112/><F112/><W18/><G44/><T108/><D89/><U100/><E1/><V125/><AGARI ba="0,1" hai="33,34,37,39,40,43,49,50,80,82,124,125,128,130" machi="125" ten="25,6400,0" yaku="1,1,0,1,22,2,53,0" doraHai="59" doraHaiUra="41" who="2" fromWho="2" sc="250,-32,250,-16,240,74,250,-16" />
</Scene>
<Scene>
<INIT seed="1,0,0,1,5,16" ten="218,234,314,234" oya="1" hai0="114,61,22,32,53,42,48,9,20,34,88,91,79" hai1="40,33,107,55,82,92,94,127,93,135,69,90,1" hai2="26,101,117,76,75,109,74,57,12,71,95,21,23" hai3="50,102,116,85,123,2,7,24,70,89,58,8,52"/><U6/><E69/><V41/><F117/><W18/><G123/><T39/><D114/><U134/><E107/><V106/><F71/><W15/><G116/><T128/><D128/><U87/><E33/><V126/><F41/><W125/><G125/><T38/><D79/><U35/><E35/><V129/><F106/><W56/><G70/><T86/><D9/><N who="1" m="2255" /><E40/><V81/><F126/><W64/><G102/><T27/><D61/><U28/><E127/><V59/><F129/><W119/><G119/><T97/><D97/><U133/><E55/><V118/><F118/><W72/><G72/><T17/><D91/><N who="1" m="51703" /><E28/><V99/><F75/><W54/><G64/><T14/><D42/><U49/><E49/><V122/><F122/><W68/><G68/><T63/><D34/><U47/><E47/><V60/><F60/><W113/><G113/><T0/><D63/><U44/><E44/><V103/><F103/><W45/><G54/><T124/><D0/><U67/><E67/><V37/><F37/><W104/><G104/><T131/><D32/><U112/><E112/><V105/><F105/><W25/><G56/><N who="0" m="32807" /><D124/><U3/><E3/><V111/><F12/><W121/><G121/><T80/><D131/><U43/><E43/><V5/><F5/><W100/><G100/><T62/><D62/><U66/><E66/><V46/><F46/><W77/><G77/><T65/><D65/><U96/><AGARI ba="0,0" hai="90,92,93,94,96,133,134,135" m="51703,2255" machi="96" ten="30,1500,0" yaku="20,1" doraHai="16" who="1" fromWho="1" sc="218,-5,234,15,314,-5,234,-5" />
</Scene>
<Scene>
<INIT seed="1,1,0,0,2,70" ten="213,249,309,229" oya="1" hai0="48,109,72,77,88,91,112,125,104,126,128,115,99" hai1="57,20,18,71,65,122,108,87,84,80,81,110,124" hai2="86,11,34,121,78,2,74,37,96,107,5,10,98" hai3="116,30,67,66,14,24,69,94,29,129,100,82,31"/><U52/><E122/><V47/><F121/><W7/><G129/><T58/><D58/><U55/><E71/><V35/><F86/><N who="1" m="32809" /><E65/><V75/><F11/><W97/><G116/><T53/><D53/><N who="1" m="20555" /><E57/><V92/><F96/><W93/><G82/><N who="0" m="45351" /><D48/><U44/><E44/><V101/><F92/><W16/><G69/><T6/><D6/><U85/><E85/><V62/><F62/><W134/><G134/><T117/><D128/><U1/><E1/><V120/><F120/><W76/><G76/><T111/><D117/><U132/><E132/><V68/><F68/><W61/><G61/><T17/><D17/><U3/><E3/><V103/><F103/><W39/><G39/><T56/><D56/><U59/><E59/><V64/><F64/><N who="3" m="24619" /><G94/><N who="0" m="56775" /><D91/><U33/><E33/><N who="2" m="12299" /><F78/><W26/><G7/><T36/><D36/><U22/><E124/><N who="0" m="47721" /><D104/><U73/><E73/><V113/><F74/><W40/><G40/><T25/><D25/><N who="1" m="14487" /><E22/><AGARI ba="1,0" hai="14,16,22,24,26,29,30,31,93,97,100" m="24619" machi="22" ten="30,2000,0" yaku="8,1,54,1" doraHai="70" who="3" fromWho="1" sc="213,0,249,-23,309,0,229,23" />
</Scene>
<Scene>
<INIT seed="2,0,0,3,5,93" ten="213,226,309,252" oya="2" hai0="47,75,104,77,45,5,96,119,22,72,84,62,111" hai1="98,106,105,133,29,2,53,50,35,61,0,108,94" hai2="102,134,65,115,19,125,135,87,83,51,85,132,82" hai3="66,42,8,118,69,11,21,57,52,32,126,14,114"/><V12/><F115/><W25/><G118/><T71/><D119/><U13/><E108/><V79/><F125/><W44/><G126/><T41/><D111/><U123/><E123/><V34/><F34/><W55/><G114/><T112/><D112/><U117/><E133/><V107/><F65/><W121/><G121/><T60/><D5/><U3/><E117/><V74/><F51/><W1/><G32/><T38/><D47/><U91/><E61/><V15/><F19/><W81/><G1/><T80/><D62/><U129/><E129/><V101/><F74/><W36/><G69/><T24/><D60/><U116/><E116/><V86/><F107/><W46/><G66/><T122/><D71/><U97/><E13/><N who="2" m="5195" /><F79/><W37/><G81/><AGARI ba="0,0" hai="81,82,83,85,86,87,101,102,132,134,135" m="5195" machi="81" ten="40,7700,0" yaku="28,2,20,1" doraHai="93" who="2" fromWho="3" sc="213,0,226,0,309,77,252,-77" />
</Scene>
<Scene>
<INIT seed="2,1,0,4,5,1" ten="213,226,386,175" oya="2" hai0="78,113,42,48,12,56,44,58,128,29,88,110,119" hai1="40,65,30,94,117,107,39,51,37,55,71,100,53" hai2="109,49,15,23,17,60,133,102,34,127,134,103,16" hai3="70,22,26,85,3,18,99,84,11,8,83,76,105"/><V87/><F34/><W4/><G70/><T21/><D113/><U0/><E107/><V121/><F121/><W6/><G105/><T90/><D110/><U75/><E75/><V126/><F109/><W45/><G99/><T77/><D128/><U2/><E117/><V98/><F60/><W61/><G61/><T52/><D119/><U27/><E55/><V63/><F63/><W108/><G108/><T131/><D131/><U66/><E2/><V95/><F87/><W31/><G45/><T13/><D13/><U67/><E71/><V74/><F74/><W47/><G47/><T104/><D104/><U24/><E0/><V14/><F49/><W72/><REACH who="3" step="1"/><G31/><REACH who="3" ten="213,226,386,165" step="2"/><T7/><D29/><U28/><E28/><V82/><F103/><W97/><G97/><T80/><D44/><U135/><E30/><V5/><F102/><W64/><G64/><T59/><D48/><U46/><E39/><V19/><F98/><W123/><G123/><T93/><D42/><U50/><E37/><V118/><F118/><W112/><G112/><T129/><D129/><U92/><E100/><V69/><F69/><W79/><G79/><T101/><D78/><U32/><E32/><V106/><F106/><W38/><G38/><T25/><D77/><U57/><E135/><V89/><F133/><W54/><G54/><T20/><D52/><U33/><E33/><V96/><F134/><W124/><G124/><T10/><D101/><U86/><E86/><N who="2" m="50391" /><F127/><W116/><G116/><T81/><D58/><U132/><E132/><V91/><F126/><W36/><G36/><T35/><D59/><RYUUKYOKU ba="1,1" sc="213,-30,226,10,386,10,165,10" hai1="24,27,40,46,50,51,53,57,65,66,67,92,94" hai2="5,14,15,16,17,19,23,91,95,96" hai3="3,4,6,8,11,18,22,26,72,76,83,84,85" />
</Scene>
<Scene>
<INIT seed="2,2,1,4,1,79" ten="183,236,396,175" oya="2" hai0="36,28,125,59,107,41,67,69,74,62,13,2,122" hai1="32,16,78,121,113,126,37,120,127,4,94,133,1" hai2="102,64,42,101,130,46,5,88,112,70,38,106,105" hai3="24,104,89,65,60,43,97,132,85,118,93,117,26"/><V25/><F112/><W135/><G43/><T128/><D122/><N who="1" m="47211" /><E37/><V30/><F130/><W44/><G44/><T124/><D2/><U119/><E113/><V39/><F5/><W54/><G54/><T50/><D128/><U47/><E119/><V29/><F39/><W34/><G117/><T23/><D74/><U7/><E32/><V20/><F29/><W111/><G111/><T6/><D107/><U18/><E47/><V83/><F105/><W48/><G48/><T53/><D28/><U33/><E33/><V10/><F10/><W99/><G118/><T68/><D6/><N who="1" m="2091" /><E1/><V19/><F30/><N who="3" m="19783" /><G26/><T100/><D100/><U56/><E56/><V91/><F106/><W116/><G116/><T82/><D69/><U86/><E133/><N who="3" m="51274" /><G104/><T8/><D8/><U21/><E21/><V31/><F31/><W9/><G9/><T61/><D23/><U58/><E58/><AGARI ba="2,1" hai="58,60,65,85,89,93,97,99" m="51274,19783" machi="58" ten="30,1000,0" yaku="20,1" doraHai="79" who="3" fromWho="1" sc="183,0,236,-16,396,0,175,26" />
</Scene>
<Scene>
<INIT seed="3,0,0,5,0,45" ten="183,220,396,201" oya="3" hai0="27,26,16,114,1,5,132,70,74,6,61,21,125" hai1="96,97,93,101,19,48,82,4,113,108,18,73,43" hai2="75,54,107,38,80,91,40,14,98,34,42,67,66" hai3="69,106,57,78,53,2,133,13,112,100,126,11,3"/><W8/><G112/><T47/><D74/><U110/><E113/><V68/><F34/><W56/><G69/><T50/><D114/><U30/><E4/><V122/><F122/><W109/><G78/><T12/><D132/><U123/><E123/><V87/><F75/><W129/><G106/><T102/><D125/><U99/><E30/><V85/><F38/><W52/><G100/><T127/><D127/><U44/><E101/><V84/><F107/><W59/><G126/><T71/><D102/><U20/><E93/><N who="2" m="56639" /><F68/><W46/><G46/><T76/><D76/><N who="1" m="44303" /><E20/><V104/><F104/><W128/><G13/><T115/><D115/><U55/><E43/><N who="2" m="16427" /><F80/><W72/><G72/><T28/><D71/><U41/><E41/><V117/><F117/><W105/><G105/><T130/><D1/><N who="3" m="9" /><G133/><T37/><D37/><U33/><E33/><V92/><F92/><W62/><G62/><T89/><D61/><U7/><E7/><N who="0" m="2569" /><D70/><U103/><E103/><V86/><N who="2" m="21504" /><DORA hai="131" /><V124/><F124/><W17/><G17/><T60/><D60/><U135/><E135/><V81/><F81/><W58/><N who="3" m="14336" /><DORA hai="9" /><W49/><G128/><T31/><D130/><U35/><E35/><V111/><F67/><W83/><G83/><T120/><D120/><U88/><E88/><V121/><F121/><W118/><G129/><T95/><D89/><U10/><E10/><V0/><F0/><W23/><G8/><T90/><D90/><U22/><E22/><V64/><F64/><W51/><G11/><T94/><D21/><U25/><E25/><V77/><F77/><W36/><G23/><RYUUKYOKU ba="0,0" sc="183,-10,220,30,396,-10,201,-10" hai1="18,19,44,48,55,96,97,99,108,110" />
</Scene>
<Scene>
<INIT seed="4,1,0,4,2,111" ten="173,250,386,191" oya="0" hai0="88,101,89,94,53,64,71,50,49,4,74,28,17" hai1="100,123,105,95,110,26,69,35,5,127,77,46,80" hai2="120,44,130,6,73,131,96,75,115,32,113,86,33" hai3="68,85,79,76,37,29,7,97,134,91,132,118,92"/><T125/><D74/><N who="2" m="28170" /><F120/><W93/><G37/><T56/><D125/><U63/><E110/><V0/><F86/><W43/><G68/><T24/><D4/><U40/><E123/><V55/><F96/><W21/><G43/><T72/><D72/><N who="1" m="43047" /><E95/><V20/><F20/><W99/><G7/><T31/><D71/><U11/><E127/><V8/><F55/><W133/><G29/><N who="0" m="11339" /><D64/><N who="1" m="41119" /><E26/><V106/><F44/><W119/><G21/><N who="0" m="13359" /><D50/><U52/><E52/><V39/><F106/><W3/><G3/><T58/><D58/><U12/><E12/><V129/><F39/><W23/><G23/><T15/><D15/><U109/><E109/><V135/><F135/><W18/><G18/><T114/><D114/><AGARI ba="1,0" hai="0,6,8,32,33,113,114,115,129,130,131" m="28170" machi="114" ten="40,12000,2" yaku="15,1,19,1,23,1,52,3" doraHai="111" who="2" fromWho="0" sc="173,-123,250,0,386,123,191,0" />
</Scene>
<Scene>
<INIT seed="5,0,0,0,2,27" ten="50,250,509,191" oya="1" hai0="29,25,43,129,51,126,81,77,35,67,36,57,104" hai1="56,1,50,87,40,41,55,123,3,92,76,82,72" hai2="120,89,70,53,20,78,54,30,118,84,24,90,86" hai3="18,91,45,102,119,96,98,2,9,62,64,117,10"/><U93/><E123/><V8/><F120/><W6/><G91/><T83/><D129/><U46/><E41/><V42/><F118/><N who="3" m="45067" /><G45/><T74/><D126/><U60/><REACH who="1" step="1"/><E72/><REACH who="1" ten="50,240,509,191" step="2"/><V95/><F42/><W85/><G85/><T80/><D36/><U125/><E125/><V23/><F86/><W71/><G102/><T32/><D43/><U65/><E65/><V47/><F84/><W107/><G107/><T105/><D104/><U11/><E11/><V63/><F8/><W108/><G108/><T21/><D105/><U68/><E68/><V15/><F70/><W14/><AGARI ba="0,1" hai="2,6,9,10,14,18,62,64,71,96,98" m="45067" machi="14" ten="30,1100,0" yaku="12,1" doraHai="27" who="3" fromWho="3" sc="50,-3,240,-5,509,-3,191,21" />
</Scene>
<Scene>
<INIT seed="6,0,0,2,2,65" ten="47,235,506,212" oya="2" hai0="83,7,30,122,13,32,111,35,63,49,40,4,23" hai1="75,58,21,99,92,89,15,25,52,41,121,87,14" hai2="113,109,0,73,8,96,72,9,79,106,59,1,45" hai3="76,67,3,44,55,22,6,120,107,5,112,100,104"/><V62/><F45/><W37/><G120/><T43/><D111/><U10/><E75/><V39/><F39/><W33/><G33/><T103/><D122/><U70/><E121/><V117/><F96/><W81/><G67/><T17/><D103/><U95/><E70/><V46/><F46/><W71/><G71/><T64/><D83/><U47/><E10/><V2/><F59/><W48/><G37/><T77/><D77/><U124/><E124/><V90/><F90/><W86/><G112/><T128/><D128/><U116/><E116/><V68/><F62/><W115/><G115/><T101/><D101/><N who="1" m="60647" /><E47/><V108/><F1/><W129/><G129/><T29/><D49/><N who="1" m="30991" /><E41/><V91/><F8/><W110/><G110/><T133/><D43/><U11/><E11/><V16/><F9/><W24/><G3/><T130/><D40/><U84/><E84/><V74/><F74/><W102/><G107/><T57/><D130/><U20/><E20/><V31/><F106/><W54/><G54/><T19/><D35/><U132/><E132/><V123/><F0/><W125/><G125/><T36/><D133/><U118/><E118/><V98/><F2/><W27/><G104/><T82/><D36/><U61/><E61/><V135/><F113/><W50/><G50/><T60/><D60/><U66/><E66/><V94/><F109/><W93/><G102/><T69/><D32/><U97/><E97/><V88/><F108/><W38/><G38/><T56/><D69/><U26/><E26/><N who="3" m="9770" /><G22/><T18/><D64/><U119/><E119/><V28/><F117/><W127/><G127/><RYUUKYOKU ba="0,0" sc="47,-15,235,15,506,-15,212,15" hai1="14,15,21,25,87,89,95" hai3="5,6,44,48,55,76,81,86,93,100" />
</Scene>
<Scene>
<INIT seed="7,1,0,1,5,64" ten="32,250,491,227" oya="3" hai0="70,87,53,12,116,119,18,24,57,98,97,55,45" hai1="127,47,40,51,41,65,22,27,58,0,39,74,4" hai2="102,13,126,25,17,63,96,123,84,95,31,16,104" hai3="76,2,34,124,91,133,122,59,128,77,115,7,107"/><W72/><RYUUKYOKU type="yao9" ba="1,0" sc="32,0,250,0,491,0,227,0" hai3="2,7,34,59,72,76,77,91,107,115,122,124,128,133" />
</Scene>
<Scene>
<INIT seed="7,2,0,0,3,9" ten="32,250,491,227" oya="3" hai0="96,16,71,104,59,93,92,22,123,29,97,49,57" hai1="133,0,81,107,130,112,55,26,102,58,86,77,63" hai2="95,89,46,110,124,103,74,69,2,118,25,84,6" hai3="24,8,111,129,106,66,21,126,44,131,40,4,42"/><W132/><G106/><T76/><D123/><U83/><E0/><V90/><F110/><W41/><G66/><T134/><D134/><U99/><E133/><V54/><F118/><W33/><G132/><T28/><D76/><U1/><E1/><V85/><F74/><W18/><G33/><T78/><D78/><U122/><E122/><V113/><F69/><W121/><G121/><T20/><D104/><U39/><E39/><V11/><F113/><W61/><G61/><T72/><D72/><U30/><E130/><N who="3" m="49674" /><G126/><T105/><D105/><U27/><E112/><V79/><F124/><W60/><G60/><T135/><D135/><U45/><E30/><V10/><F79/><W116/><G116/><T52/><D71/><U87/><E45/><V31/><F103/><W47/><G111/><T50/><REACH who="0" step="1"/><D16/><REACH who="0" ten="22,250,491,227" step="2"/><U64/><E77/><V94/><F6/><W32/><G32/><T125/><D125/><U35/><E35/><V75/><F75/><W19/><G19/><T100/><D100/><U114/><E107/><V43/><F2/><AGARI ba="2,1" hai="2,4,8,18,21,24,40,41,42,44,47" m="49674" machi="2" ten="30,1500,0" yaku="19,1" doraHai="9" who="3" fromWho="2" sc="22,0,250,0,491,-21,227,31" />
</Scene>
<Scene>
<INIT seed="7,3,0,3,1,76" ten="22,250,470,258" oya="3" hai0="109,113,100,16,112,57,21,60,122,47,46,36,78" hai1="32,45,24,97,75,123,118,132,102,64,134,90,5" hai2="29,74,4,20,51,31,105,99,124,50,56,8,93" hai3="17,49,70,88,23,44,28,39,27,22,7,103,87"/><W13/><G70/><T133/><D109/><U82/><E123/><V92/><F74/><W91/><G39/><T135/><D122/><U126/><E126/><V6/><F124/><W94/><G7/><T73/><D100/><U84/><E118/><V69/><F69/><W95/><G103/><T129/><D129/><U68/><E5/><V59/><F105/><W41/><REACH who="3" step="1"/><G91/><REACH who="3" ten="22,250,470,248" step="2"/><T63/><D36/><U67/><E68/><V117/><F4/><W54/><G54/><T86/><D135/><N who="1" m="51755" /><E75/><V125/><F6/><W11/><G11/><T131/><D73/><U114/><E114/><V42/><F8/><W55/><G55/><T18/><D131/><U110/><E110/><V1/><F125/><W43/><G43/><T10/><D133/><U62/><E67/><V71/><F42/><W25/><G25/><T72/><D72/><U66/><E66/><V79/><F71/><W30/><G30/><T19/><D112/><U65/><E65/><V12/><F29/><W89/><G89/><T106/><D113/><U121/><E121/><V119/><F31/><W83/><AGARI ba="3,1" hai="13,17,22,23,27,28,41,44,49,83,87,88,94,95" machi="83" ten="20,18000,2" yaku="1,1,0,1,7,1,8,1,52,1,54,1,53,0" doraHai="76" doraHaiUra="52" who="3" fromWho="3" sc="22,-63,250,-63,470,-63,248,199" owari="-41,-54.0,187,-21.0,407,21.0,447,54.0" />
</Scene>
</mjloggm>