<mjloggm ver="2.3"><GO type="41"/><UN n0="%E3%81%8B%E3%81%96%E3%81%B0%E3%81%AA" n1="%E3%83%A1%E3%82%AC%E3%83%9D%E3%83%AA%E3%82%B9" n2="%E3%81%88%E3%81%BF%E3%82%8A%E3%81%82%E3%81%AE" n3="%E5%A4%AA%E3%81%8F%E3%81%AA%E3%81%84%E3%81%8A" dan="14,13,14,15" rate="1929,1970,2030,2048" sx="M,M,M,M"/><TAIKYOKU oya="0"/>

<Scene>
<INIT seed="0,0,0,3,1,17" ten="250,250,250,250" oya="0" hai0="121,21,83,56,132,86,1,36,99,23,75,65,106" hai1="39,37,18,93,110,54,2,84,131,116,114,102,47" hai2="15,13,25,105,5,55,44,129,135,40,34,74,96" hai3="12,107,97,66,126,130,115,87,76,133,16,20,80"/><T104/><D121/><U22/><E116/><V51/><F74/><W78/><G115/><T11/><D36/><U120/><E114/><V57/><F135/><W77/><G133/><T59/><D75/><U62/><E120/><V46/><F129/><W73/><G130/><T31/><D56/><U72/><E131/><V48/><F46/><W128/><G128/><T113/><D31/><U14/><E2/><V29/><F5/><W68/><G126/><T79/><D113/><U124/><E124/><V49/><F49/><W53/><G73/><T4/><D132/><U58/><E110/><V60/><F48/><W43/><G43/><T19/><D19/><U35/><E35/><V125/><F125/><W61/><REACH who="3" step="1"/><G53/><REACH who="3" ten="250,250,250,240" step="2"/><T134/><D134/><U33/><E72/><V95/><F105/><W45/><G45/><T6/><D104/><U123/><E47/><V27/><F40/><W32/><G32/><T28/><D106/><U92/><E33/><V63/><F44/><W3/><G3/><T109/><D1/><U88/><REACH who="1" step="1"/><E123/><REACH who="1" ten="250,240,250,240" step="2"/><V94/><F34/><W71/><G71/><T24/><D109/><U7/><E7/><V10/><F57/><W52/><G52/><T91/><D6/><U42/><E42/><V103/><F55/><W118/><G118/><T101/><D4/><U85/><E85/><V9/><F96/><AGARI ba="0,2" hai="14,18,22,37,39,54,58,62,84,88,92,93,96,102" machi="96" ten="40,5200,0" yaku="1,1,52,1,54,1,53,0" doraHai="17" doraHaiUra="122" who="1" fromWho="2" sc="250,0,240,72,250,-52,240,0" />
</Scene>
<Scene>
<INIT seed="1,0,0,4,2,95" ten="250,312,198,240" oya="1" hai0="130,50,91,58,29,6,128,133,98,16,121,88,78" hai1="65,79,1,100,122,47,72,39,60,53,101,51,42" hai2="102,40,104,84,20,106,61,27,8,117,25,2,120" hai3="59,81,4,36,68,87,41,74,30,24,13,9,22"/><U124/><E122/><V135/><F117/><W62/><G74/><T44/><D133/><U64/><E1/><V110/><F120/><W103/><G68/><T115/><D115/><U26/><E124/><V112/><F135/><W97/><G36/><T0/><D78/><U75/><E26/><V14/><F2/><W99/><G41/><N who="0" m="24847" /><D29/><U126/><E126/><V35/><F35/><W85/><G103/><T17/><D91/><U37/><E37/><V89/><F40/><W33/><G33/><T71/><D71/><U70/><E65/><V90/><F112/><W46/><G46/><T19/><D58/><N who="1" m="33087" /><E79/><V54/><F25/><W92/><G92/><N who="0" m="56583" /><D121/><U127/><E127/><V63/><F89/><N who="3" m="51375" /><G87/><T80/><D0/><U18/><E18/><V73/><F90/><W82/><G82/><T83/><D6/><U66/><E66/><AGARI ba="0,0" hai="4,9,13,22,24,30,59,62,66,97,99" m="51375" machi="66" ten="30,3900,0" yaku="8,1,52,2" doraHai="95" who="3" fromWho="1" sc="250,0,312,-39,198,0,240,39" />
</Scene>
<Scene>
<INIT seed="2,0,0,4,4,39" ten="250,273,198,279" oya="2" hai0="10,4,114,7,22,16,107,99,64,119,61,97,109" hai1="86,19,2,25,8,0,98,11,49,105,58,3,24" hai2="94,96,76,53,89,34,6,130,12,15,13,38,45" hai3="44,87,32,134,81,69,118,95,104,124,91,62,30"/><V55/><F34/><W71/><G118/><T70/><D114/><U50/><E86/><V47/><F130/><W129/><G104/><T115/><D115/><U122/><E122/><V106/><F6/><W48/><G129/><T27/><D109/><U120/><E120/><V111/><F111/><W132/><G124/><T79/><D119/><U102/><E50/><V78/><F106/><W72/><G32/><T37/><D37/><U127/><E127/><V126/><F126/><W84/><G30/><T121/><D121/><U33/><E33/><V65/><F65/><W125/><G72/><T110/><D110/><U68/><E68/><V23/><F23/><W60/><G60/><T77/><D7/><U28/><E28/><V82/><F76/><N who="3" m="46119" /><G62/><T88/><D99/><U54/><E19/><V83/><F83/><W108/><G125/><T29/><D29/><U100/><REACH who="1" step="1"/><E102/><REACH who="1" ten="250,263,198,279" step="2"/><V35/><F35/><W93/><G108/><T56/><D16/><U9/><AGARI ba="0,1" hai="0,2,3,8,9,11,24,25,49,54,58,98,100,105" machi="9" ten="40,5200,0" yaku="1,1,2,1,0,1,53,0" doraHai="39" doraHaiUra="80" who="1" fromWho="1" sc="250,-13,263,62,198,-26,279,-13" />
</Scene>
<Scene>
<INIT seed="3,0,0,0,5,104" ten="237,325,172,266" oya="3" hai0="33,40,36,112,132,26,92,76,83,55,15,43,125" hai1="4,115,126,131,90,130,84,94,108,62,100,103,56" hai2="105,17,65,14,80,8,88,135,123,109,114,6,10" hai3="7,61,122,116,121,111,110,45,128,25,18,9,63"/><W38/><G116/><T11/><D125/><U98/><E115/><V117/><F114/><W119/><G119/><T51/><D112/><U66/><E126/><V30/><F117/><W29/><G18/><T44/><D132/><U49/><E108/><N who="3" m="41514" /><G128/><N who="1" m="49194" /><E4/><V39/><F109/><W127/><G127/><T37/><D43/><U133/><E133/><V99/><F135/><W118/><G118/><T21/><D33/><U93/><E49/><V75/><F39/><W12/><G38/><T19/><D92/><U69/><E103/><V107/><F65/><W35/><G45/><T50/><D37/><U13/><E13/><V48/><F30/><W124/><G124/><T0/><D0/><U60/><E60/><AGARI ba="0,0" hai="7,9,12,25,29,35,60,61,63,121,122" m="41514" machi="60" ten="30,2900,0" yaku="14,1,10,1" doraHai="104" who="3" fromWho="1" sc="237,0,325,-29,172,0,266,29" />
</Scene>
<Scene>
<INIT seed="3,1,0,5,4,44" ten="237,296,172,295" oya="3" hai0="65,104,54,114,97,10,7,66,16,47,130,5,111" hai1="37,100,17,25,77,58,117,85,103,106,125,74,23" hai2="69,80,99,8,55,53,133,38,30,15,18,24,46" hai3="81,39,115,113,92,86,73,50,122,57,128,3,56"/><W101/><G39/><T71/><D111/><U76/><E74/><V27/><F69/><W131/><G3/><T40/><D130/><N who="3" m="49705" /><G122/><T70/><D114/><N who="3" m="43529" /><G73/><T20/><D66/><U62/><E37/><V129/><F133/><W72/><G72/><T109/><D109/><U45/><E125/><V14/><F129/><W108/><G108/><T123/><D123/><U121/><E121/><V79/><F99/><N who="3" m="59623" /><G50/><T60/><D71/><U91/><E117/><V98/><F98/><W64/><G64/><T89/><D54/><N who="1" m="34135" /><E106/><V13/><F38/><W105/><G105/><T84/><D104/><U110/><E110/><V75/><F53/><W22/><G22/><T78/><D97/><U19/><E45/><V42/><F42/><W120/><G120/><T132/><D47/><U107/><E107/><V94/><F55/><W102/><G102/><N who="1" m="38954" /><E17/><V2/><F46/><W6/><G6/><T93/><D16/><U112/><E112/><V52/><F52/><W119/><G119/><T34/><D5/><U4/><E4/><V126/><F2/><W90/><AGARI ba="1,0" hai="56,57,81,86,90" m="59623,43529,49705" machi="90" ten="30,1500,0" yaku="19,1" doraHai="44" who="3" fromWho="3" sc="237,-6,296,-6,172,-6,295,18" />
</Scene>
<Scene>
<INIT seed="3,2,0,1,1,116" ten="231,290,166,313" oya="3" hai0="135,115,6,37,83,129,21,117,120,15,91,88,76" hai1="125,7,8,126,48,60,42,22,28,41,3,103,74" hai2="40,45,97,110,50,124,12,24,35,105,59,71,16" hai3="26,84,33,127,121,2,72,80,9,11,65,134,89"/><W100/><G72/><T66/><D117/><U13/><E74/><V113/><F71/><W73/><G73/><T82/><D37/><U77/><E77/><V61/><F113/><W94/><G65/><T81/><D135/><U58/><E103/><V130/><F110/><W132/><G127/><N who="1" m="48650" /><E48/><V112/><F112/><W79/><G100/><T5/><D115/><U25/><E3/><V133/><F130/><W107/><G107/><T119/><D76/><U98/><E98/><V108/><F108/><W19/><G2/><T96/><D129/><U54/><AGARI ba="2,0" hai="7,8,13,22,25,28,41,42,54,58,60" m="48650" machi="54" ten="30,1100,0" yaku="18,1" doraHai="116" who="1" fromWho="1" sc="231,-5,290,17,166,-5,313,-7" />
</Scene>
<Scene>
<INIT seed="4,0,0,4,0,87" ten="226,307,161,306" oya="0" hai0="18,64,55,114,6,119,63,44,69,104,109,21,27" hai1="54,66,26,19,115,49,99,14,8,77,65,43,47" hai2="82,80,88,133,101,132,59,29,30,85,11,42,0" hai3="32,89,103,15,68,22,113,31,4,79,124,13,90"/><T126/><D119/><U3/><E3/><V56/><F101/><W38/><G38/><T20/><D114/><U96/><E115/><V58/><F42/><W36/><G36/><T25/><D126/><U41/><E77/><V112/><F112/><W84/><G68/><T128/><D128/><U33/><E33/><V110/><F110/><W75/><G113/><T92/><D104/><U123/><E123/><V116/><F116/><W17/><G75/><T122/><D122/><U107/><E107/><V1/><F82/><N who="3" m="47199" /><G32/><T125/><D125/><U100/><E26/><V83/><F83/><W9/><G124/><T53/><D6/><U60/><E100/><V91/><F91/><N who="3" m="34827" /><G103/><T134/><D134/><N who="2" m="51818" /><F0/><W93/><G93/><T67/><D92/><U71/><E96/><V35/><F35/><W46/><G46/><T78/><D44/><U131/><E131/><V97/><F97/><W98/><G98/><T57/><D109/><U34/><E34/><V86/><F86/><W23/><G31/><T121/><D121/><U108/><E99/><V16/><F1/><W76/><G76/><T120/><D78/><U105/><E108/><V130/><F130/><W40/><G40/><T70/><D120/><U95/><E105/><V12/><AGARI ba="0,0" hai="11,12,16,29,30,56,58,59,80,85,88" m="51818" machi="12" ten="40,8000,1" yaku="20,1,52,1,54,2" doraHai="87" who="2" fromWho="2" sc="226,-40,307,-20,161,80,306,-20" />
</Scene>
<Scene>
<INIT seed="5,0,0,5,0,70" ten="186,287,241,286" oya="1" hai0="81,110,11,86,18,118,45,7,15,2,51,117,125" hai1="99,35,89,49,107,90,46,66,25,36,93,74,123" hai2="77,94,111,40,59,60,13,80,72,23,115,55,116" hai3="6,124,41,17,53,24,73,108,78,132,79,44,69"/><U32/><E123/><V100/><F111/><W84/><G108/><T127/><D110/><U96/><E74/><V29/><F116/><W37/><G69/><T120/><D120/><U5/><E5/><V128/><F128/><W65/><G65/><T14/><D14/><U88/><E36/><V48/><F115/><W105/><G105/><T12/><D12/><U134/><E134/><V39/><F100/><W31/><G73/><T131/><D131/><U76/><E76/><V68/><F94/><W121/><G121/><T43/><D2/><U9/><E66/><V114/><F114/><W75/><G75/><T20/><D20/><U63/><E63/><V22/><F13/><W87/><G6/><T103/><D18/><U98/><E9/><V28/><F28/><W50/><G17/><T42/><D103/><U16/><E107/><V67/><F29/><W30/><G132/><T112/><D42/><U109/><E109/><V126/><F126/><N who="0" m="48138" /><D112/><U61/><E35/><V119/><F119/><W106/><G106/><T57/><D57/><U19/><E32/><V26/><F26/><W82/><G124/><T130/><D130/><U91/><E25/><V129/><F129/><W92/><G24/><T113/><D113/><U52/><E61/><V47/><AGARI ba="0,0" hai="22,23,39,40,47,48,55,59,60,67,68,72,77,80" machi="47" ten="30,7900,0" yaku="0,1,24,2,52,1" doraHai="70" who="2" fromWho="2" sc="186,-20,287,-39,241,79,286,-20" />
</Scene>
<Scene>
<INIT seed="6,0,0,5,2,65" ten="166,248,320,266" oya="2" hai0="126,129,66,43,62,122,6,130,105,123,59,73,45" hai1="20,117,13,55,99,119,70,64,118,18,38,133,54" hai2="95,1,74,35,40,93,108,100,83,82,94,8,21" hai3="61,90,0,51,37,125,128,75,69,11,30,32,79"/><V68/><F35/><W29/><G37/><N who="0" m="21743" /><D73/><U112/><E112/><V131/><F108/><W47/><G75/><T39/><D105/><U10/><E38/><V42/><F100/><W3/><G79/><T81/><D81/><U34/><E34/><V12/><F131/><N who="0" m="50186" /><D6/><U67/><E133/><V80/><F74/><W89/><G128/><T104/><D104/><U7/><E99/><V85/><F85/><W116/><G32/><T60/><D126/><U41/><E41/><V91/><F91/><W24/><G125/><T106/><D106/><U97/><E97/><V56/><F1/><W44/><G89/><T19/><D19/><U98/><E98/><V72/><F21/><W107/><G90/><T113/><D113/><U114/><E114/><V77/><F77/><W53/><G3/><T87/><D87/><U111/><E111/><V48/><F72/><W96/><G96/><T4/><D4/><U132/><E132/><V57/><F8/><W14/><G0/><T5/><D5/><U134/><E134/><V121/><F12/><W103/><G107/><T110/><D110/><U36/><E36/><V50/><F121/><N who="0" m="46090" /><D60/><U109/><E109/><V25/><F83/><W15/><G61/><T27/><D27/><U135/><E135/><V115/><F94/><W63/><G24/><T31/><D31/><U52/><E7/><V124/><F115/><W88/><G30/><T17/><D39/><U23/><E10/><V28/><F28/><W16/><G29/><T102/><D102/><U84/><E84/><V9/><F9/><N who="3" m="6223" /><G103/><T49/><D17/><U78/><E78/><RYUUKYOKU ba="0,0" sc="166,30,248,-10,320,-10,266,-10" hai0="49,59,62,66" />
</Scene>
<Scene>
<INIT seed="7,1,0,0,1,69" ten="196,238,310,256" oya="3" hai0="33,42,60,13,95,124,125,37,133,77,129,114,19" hai1="111,14,58,25,10,86,28,89,9,119,118,116,5" hai2="43,75,82,0,2,22,105,61,106,34,48,11,15" hai3="91,128,29,100,83,51,53,63,49,109,112,30,98"/><W71/><G112/><T65/><D133/><U32/><E10/><V70/><F34/><W104/><G128/><T134/><D134/><U21/><E58/><V93/><F0/><W4/><G109/><T131/><D33/><U87/><E111/><V36/><F22/><W44/><G4/><T122/><D122/><U96/><E32/><V127/><F93/><AGARI ba="1,0" hai="5,9,14,21,25,28,86,87,89,93,96,116,118,119" machi="93" ten="40,1300,0" yaku="12,1" doraHai="69" who="1" fromWho="2" sc="196,0,238,16,310,-16,256,0" />
</Scene>
<Scene>
<INIT seed="8,0,0,0,1,55" ten="196,254,294,256" oya="0" hai0="125,87,103,70,10,58,7,90,0,46,51,133,96" hai1="89,100,62,63,81,95,80,43,127,35,23,83,121" hai2="48,41,27,86,75,122,114,104,115,106,53,5,129" hai3="92,134,84,130,24,37,1,50,19,3,61,42,120"/><T60/><D125/><U91/><E35/><V126/><F122/><W40/><G37/><T74/><D74/><U102/><E121/><V112/><F75/><W14/><G120/><T65/><D133/><U4/><E127/><V39/><F5/><W33/><G33/><T110/><D110/><U128/><E128/><V56/><F126/><W49/><G1/><T26/><D26/><U123/><E123/><V118/><F118/><W12/><G3/><T71/><D87/><U21/><E4/><V69/><F129/><W18/><G130/><T44/><D90/><N who="1" m="34315" /><E43/><V78/><F27/><W99/><G134/><T6/><D6/><U20/><E95/><V98/><F69/><W54/><G84/><T73/><D73/><U8/><E8/><V22/><F22/><N who="3" m="13407" /><G61/><AGARI ba="0,0" hai="20,21,23,61,62,63,80,81,83,100,102" m="34315" machi="61" ten="40,5200,0" yaku="28,2,8,1" doraHai="55" who="1" fromWho="3" sc="196,0,254,52,294,0,256,-52" owari="196,-30.0,306,41.0,294,9.0,204,-20.0" />
</Scene>
</mjloggm>