<mjloggm ver="2.3"><GO type="193"/><UN n0="%E3%81%82%E3%81%84%EF%BC%92%E4%B8%96" n1="%E5%A4%AA%E3%81%8F%E3%81%AA%E3%81%84%E3%81%8A" n2="%34%34%31%36%E5%AD%AB%E6%82%9F%E7%A9%BA" n3="%4D%70%6C%61%79%65%72" dan="12,11,13,12" rate="1634,1728,1772,1737" sx="M,M,M,M"/><TAIKYOKU oya="0"/>

<Scene>
<INIT seed="0,0,0,1,3,119" ten="250,250,250,250" oya="0" hai0="120,18,11,98,63,22,51,109,14,61,95,30,40" hai1="114,42,23,76,55,131,104,67,75,47,10,82,111" hai2="99,117,85,79,20,4,70,107,54,65,33,16,105" hai3="48,29,53,45,94,86,59,128,12,9,21,132,125"/><T87/><D109/><U89/><E104/><V41/><F33/><W69/><G69/><T68/><D68/><U77/><E67/><V134/><F134/><W24/><G125/><T90/><D120/><U5/><E111/><V91/><F117/><W19/><G128/><T60/><D40/><U32/><E32/><V97/><F4/><W130/><G130/><T135/><D135/><U78/><E131/><V100/><F79/><W2/><G132/><T0/><D0/><U92/><E55/><V96/><F41/><W52/><G2/><T129/><D129/><U50/><E23/><V93/><F54/><W7/><G7/><T1/><D51/><U66/><E66/><V26/><REACH who="2" step="1"/><F100/><REACH who="2" ten="250,250,240,250" step="2"/><W101/><G101/><T124/><D124/><U121/><E77/><V123/><F123/><W80/><G94/><T83/><D1/><U108/><E78/><V113/><F113/><W49/><G80/><T15/><D83/><U25/><E121/><V64/><F64/><W126/><G126/><T57/><D95/><U133/><E114/><V74/><F74/><W116/><G116/><T106/><D106/><U35/><E133/><V88/><F88/><W127/><G127/><T31/><D98/><N who="1" m="57615" /><E35/><V110/><F110/><W6/><G6/><T3/><D3/><N who="1" m="319" /><E108/><V43/><F43/><W13/><G13/><T44/><D15/><U122/><E122/><V38/><F38/><W118/><G118/><T46/><D90/><U81/><E82/><V115/><F115/><W36/><G36/><T17/><D87/><AGARI ba="0,1" hai="9,12,19,21,24,29,45,48,49,52,53,59,86,87" machi="87" ten="40,2600,0" yaku="8,1,54,1" doraHai="119" who="3" fromWho="0" sc="250,-26,250,0,240,0,250,36" />
</Scene>
<Scene>
<INIT seed="1,0,0,5,5,67" ten="224,250,240,286" oya="1" hai0="66,73,124,121,35,62,101,18,39,79,131,118,87" hai1="75,129,24,117,53,93,49,51,111,54,14,42,32" hai2="82,30,19,11,134,83,36,122,46,21,15,3,59" hai3="94,123,104,100,109,58,29,96,89,52,28,84,91"/><U50/><E117/><V110/><F122/><W106/><G123/><T25/><D121/><U34/><E75/><V27/><F110/><W43/><G43/><T48/><D39/><U74/><E74/><V80/><F134/><W6/><G6/><T44/><D118/><U20/><E42/><V9/><F36/><W97/><G109/><T33/><D73/><U55/><E111/><V130/><F130/><W2/><G2/><T105/><D35/><U68/><E68/><V126/><F126/><W90/><G106/><T45/><D18/><U85/><E14/><V5/><F46/><W23/><G90/><T64/><D48/><U125/><E129/><V99/><REACH who="2" step="1"/><F59/><REACH who="2" ten="224,250,230,286" step="2"/><W26/><G29/><T12/><D124/><U116/><E125/><V1/><F1/><W16/><G97/><AGARI ba="0,1" hai="3,5,9,11,15,19,21,27,30,80,82,83,97,99" machi="97" ten="40,1300,0" yaku="1,1,53,0" doraHai="67" doraHaiUra="102" who="2" fromWho="3" sc="224,0,250,0,230,23,286,-13" />
</Scene>
<Scene>
<INIT seed="2,0,0,3,1,119" ten="224,250,253,273" oya="2" hai0="17,122,59,26,14,22,97,124,51,37,72,58,45" hai1="54,50,43,85,24,81,29,75,114,49,98,0,134" hai2="62,67,70,41,111,123,125,131,129,55,64,86,25" hai3="12,32,93,117,118,84,90,57,27,63,104,101,34"/><V61/><F86/><W60/><G104/><T109/><D72/><U39/><E114/><V1/><F1/><W110/><G101/><T7/><D109/><U135/><E0/><V46/><F25/><W35/><G110/><T23/><D37/><U18/><E75/><V19/><F19/><W105/><G105/><T83/><D124/><U91/><E18/><V107/><F107/><W20/><G12/><T15/><D15/><U33/><E98/><V79/><F79/><W108/><G108/><T28/><D7/><U56/><E39/><N who="2" m="21823" /><F111/><W87/><G63/><T78/><D97/><U106/><E106/><V5/><F5/><W48/><G48/><T2/><D122/><U89/><E89/><V66/><F123/><W112/><G112/><T16/><D2/><U115/><E115/><V8/><F8/><W132/><G132/><N who="1" m="50730" /><E43/><V133/><F133/><W9/><G9/><T130/><D28/><U11/><E11/><V40/><F125/><W74/><G74/><T65/><D83/><U21/><E49/><V103/><F103/><W120/><G87/><T52/><D78/><U53/><E53/><V121/><F121/><W128/><G128/><N who="2" m="49225" /><F40/><W92/><G120/><T3/><D130/><U100/><E100/><V94/><F94/><W71/><G93/><T113/><D3/><U10/><E10/><V95/><F95/><W4/><G4/><T68/><D113/><U99/><E99/><V47/><F47/><W30/><G71/><T76/><D76/><U116/><E33/><V42/><F42/><W6/><G6/><T31/><D31/><U126/><E126/><RYUUKYOKU ba="0,0" sc="224,0,250,0,253,0,273,0" hai0="14,16,17,22,23,26,45,51,52,58,59,65,68" hai1="21,24,29,50,54,56,81,85,91,116" hai2="55,61,62,64,66,67,70" hai3="20,27,30,32,34,35,57,60,84,90,92,117,118" />
</Scene>
<Scene>
<INIT seed="2,1,0,4,3,101" ten="224,250,253,273" oya="2" hai0="120,22,32,133,8,73,12,42,6,135,54,38,36" hai1="110,31,59,44,97,1,89,58,75,82,16,130,91" hai2="78,122,90,95,129,24,105,3,49,47,134,64,93" hai3="33,26,63,94,53,123,71,102,76,41,18,28,40"/><V85/><F122/><W109/><G123/><T86/><D73/><U65/><E1/><V119/><F119/><W107/><G107/><T124/><D32/><U113/><E113/><V117/><F117/><W25/><G109/><T21/><D120/><U61/><E110/><V106/><F3/><W84/><G76/><T27/><D22/><U55/><E31/><V74/><F64/><W19/><G102/><T132/><D42/><U37/><E130/><V4/><F4/><W80/><G94/><T69/><D124/><U81/><E75/><V125/><F24/><W46/><G71/><T57/><D86/><U126/><E126/><V128/><F47/><W48/><G63/><T111/><D111/><U43/><E16/><V96/><F49/><W52/><G19/><N who="0" m="12735" /><D69/><U66/><E66/><V79/><F125/><W131/><G131/><N who="2" m="50249" /><F134/><N who="0" m="34306" /><T17/><DORA hai="62" /><D17/><U10/><E10/><V45/><F45/><W51/><G84/><T118/><D118/><U114/><E114/><V70/><F70/><W121/><G80/><T23/><D23/><U108/><E108/><V11/><F11/><W15/><G121/><T77/><D77/><N who="2" m="29194" /><F74/><W116/><G25/><T88/><D88/><AGARI ba="1,0" hai="85,88,90,93,95,96,105,106" m="29194,50249" machi="88" ten="30,18000,2" yaku="19,1,34,2,52,2,54,1" doraHai="101,62" who="2" fromWho="0" sc="224,-183,250,0,253,183,273,0" />
</Scene>
<Scene>
<INIT seed="2,2,0,5,1,130" ten="41,250,436,273" oya="2" hai0="101,69,89,13,43,14,67,102,106,54,7,30,36" hai1="122,58,77,32,109,2,38,53,28,87,103,74,84" hai2="17,113,123,45,35,115,125,19,40,88,44,56,126" hai3="116,5,105,98,135,63,52,22,24,20,66,15,132"/><V1/><F123/><W108/><G116/><T82/><D30/><U4/><E103/><V79/><F1/><W60/><G108/><T65/><D106/><U25/><E38/><V48/><F35/><W33/><G33/><T47/><D69/><U93/><E109/><V94/><F79/><W118/><G118/><T95/><D82/><U96/><E122/><V23/><F45/><W99/><G105/><T27/><D27/><U51/><E74/><V81/><F81/><W80/><G80/><T72/><D102/><U10/><REACH who="1" step="1"/><E77/><REACH who="1" ten="41,240,436,273" step="2"/><V111/><F111/><W55/><G5/><T121/><D72/><U21/><E21/><V31/><F23/><W59/><G15/><T104/><D121/><U107/><E107/><V85/><F31/><W64/><G24/><T37/><D104/><U57/><E57/><AGARI ba="2,1" hai="20,22,52,55,57,59,60,63,64,66,98,99,132,135" machi="57" ten="25,8000,1" yaku="22,2,52,2,54,1" doraHai="130" who="3" fromWho="1" sc="41,0,240,-86,436,0,273,96" />
</Scene>
<Scene>
<INIT seed="3,0,0,4,3,109" ten="41,154,436,369" oya="3" hai0="134,102,114,62,27,95,121,71,28,107,120,60,31" hai1="49,5,8,12,11,35,83,19,9,88,72,32,99" hai2="44,76,1,96,67,73,59,87,108,115,75,3,104" hai3="132,34,126,103,97,37,61,79,16,40,24,93,131"/><W124/><G79/><T77/><D134/><U86/><E72/><V6/><F108/><W29/><G132/><T63/><D77/><U47/><E99/><V117/><F117/><W23/><G131/><T54/><D27/><U122/><E122/><V119/><F119/><W101/><G101/><T51/><D95/><U7/><E7/><V30/><F115/><W89/><G61/><T116/><D116/><U55/><REACH who="1" step="1"/><E9/><REACH who="1" ten="41,144,436,369" step="2"/><V94/><F6/><W33/><G37/><T25/><D25/><U48/><E48/><V52/><F75/><W111/><G111/><T123/><D123/><U39/><E39/><V113/><F73/><W4/><G4/><T17/><D17/><U38/><E38/><V45/><F96/><W41/><G34/><T127/><D127/><N who="3" m="48681" /><G103/><T13/><D13/><AGARI ba="0,1" hai="5,8,11,12,13,19,32,35,47,49,55,83,86,88" machi="13" ten="30,8000,1" yaku="1,1,7,1,25,2,54,1,53,0" doraHai="109" doraHaiUra="20" who="1" fromWho="0" sc="41,-80,144,90,436,0,369,0" /><AGARI ba="0,0" hai="13,16,23,24,29,33,40,41,89,93,97" m="48681" machi="13" ten="30,2900,0" yaku="18,1,54,1" doraHai="109" who="3" fromWho="0" sc="-39,-29,234,0,436,0,369,29" owari="-68,-57.0,234,-17.0,436,54.0,398,20.0" />
</Scene>
</mjloggm>