<mjloggm ver="2.3"><GO type="169"/><UN n0="%E7%8B%AC%E6%AD%A9" n1="%E2%98%85%E9%9B%80%E5%A8%98%E3%82%AF%E3%83%AC%E3%82%A2%E2%98%85" n2="%E8%8A%8B%EF%BC%A0%EF%BC%90%EF%BC%98%E2%80%99" n3="%E5%A4%AA%E3%81%8F%E3%81%AA%E3%81%84%E3%81%8A" dan="17,16,16,17" rate="2183,2103,2079,2162" sx="M,F,M,M"/><TAIKYOKU oya="0"/>

<Scene>
<INIT seed="0,0,0,5,5,28" ten="250,250,250,250" oya="0" hai0="126,114,1,23,42,82,120,18,21,135,29,102,117" hai1="68,96,41,0,110,51,124,104,62,107,54,115,99" hai2="73,108,59,31,19,72,106,109,30,80,131,77,81" hai3="128,25,83,130,43,3,2,89,103,7,16,60,37"/><T100/><D120/><U69/><E0/><V49/><F106/><W36/><G103/><T15/><D114/><U53/><E41/><V76/><F131/><N who="3" m="50219" /><G60/><T95/><D1/><N who="3" m="9" /><G7/><T34/><D117/><U132/><E62/><V121/><F121/><W105/><G105/><T97/><D126/><U17/><E124/><V64/><F19/><W90/><G43/><T98/><D135/><U66/><E66/><V116/><F116/><W24/><G83/><T112/><D82/><U38/><E107/><V46/><F64/><W63/><G63/><T70/><D70/><U93/><E104/><V101/><F101/><W32/><G16/><T27/><D112/><U6/><E17/><V86/><F108/><W20/><G20/><T88/><D42/><U87/><E6/><V52/><F109/><W111/><G111/><T113/><D113/><U13/><E110/><V56/><F72/><W45/><G45/><T48/><D48/><U35/><E51/><V5/><F5/><W44/><G44/><T11/><D102/><U9/><E115/><V74/><F74/><W33/><G24/><T57/><D57/><U12/><E68/><V58/><AGARI ba="0,0" hai="30,31,46,49,52,56,58,59,73,76,77,80,81,86" machi="58" ten="30,2000,0" yaku="0,1,54,1" doraHai="28" who="2" fromWho="2" sc="250,-10,250,-5,250,20,250,-5" />
</Scene>
<Scene>
<INIT seed="1,0,0,5,2,56" ten="240,245,270,245" oya="1" hai0="79,3,16,8,29,49,43,19,98,6,86,46,126" hai1="39,44,45,7,47,102,70,112,24,67,34,83,59" hai2="129,37,27,58,73,60,26,105,117,21,76,130,40" hai3="35,23,33,28,17,65,114,72,127,93,75,52,2"/><U4/><E112/><V80/><F117/><W0/><G114/><T13/><D126/><U84/><E102/><V97/><F37/><W38/><G38/><T111/><D111/><U63/><E39/><V77/><F40/><W106/><G106/><T78/><D29/><U30/><REACH who="1" step="1"/><E70/><REACH who="1" ten="240,235,270,245" step="2"/><V22/><F130/><W55/><G127/><T100/><D3/><U42/><E42/><V134/><F129/><W109/><G2/><T125/><D125/><U53/><E53/><V18/><F134/><W68/><G52/><T31/><D31/><U133/><E133/><V110/><F110/><W91/><G55/><T11/><D11/><U99/><E99/><V88/><F105/><W71/><G71/><T103/><D103/><U90/><AGARI ba="0,1" hai="4,7,24,30,34,44,45,47,59,63,67,83,84,90" machi="90" ten="30,12000,1" yaku="1,1,0,1,52,1,53,2" doraHai="56" doraHaiUra="1" who="1" fromWho="1" sc="240,-40,235,130,270,-40,245,-40" />
</Scene>
<Scene>
<INIT seed="1,1,0,4,5,101" ten="200,365,230,205" oya="1" hai0="73,58,55,22,31,16,41,74,49,131,100,56,34" hai1="108,43,125,72,25,93,135,77,24,5,87,106,19" hai2="127,7,14,8,98,94,15,71,18,20,102,85,23" hai3="47,118,107,50,3,67,132,36,57,61,75,28,53"/><U95/><E72/><V26/><F127/><W120/><G120/><T76/><D131/><U104/><E5/><V0/><F71/><W123/><G123/><T29/><D34/><U99/><E43/><V115/><F115/><W51/><G75/><T129/><D129/><U39/><E39/><V42/><F42/><W128/><G3/><T38/><D74/><U13/><E125/><V96/><F85/><W82/><G128/><T119/><D119/><U32/><E135/><V1/><REACH who="2" step="1"/><F98/><REACH who="2" ten="200,365,220,205" step="2"/><W60/><G118/><T40/><D40/><U126/><E126/><V90/><F90/><W124/><G124/><T110/><D41/><U64/><E99/><V11/><F11/><W111/><G36/><T81/><D38/><U2/><E87/><V70/><F70/><W65/><G132/><T88/><D88/><U91/><E91/><V35/><F35/><W83/><G111/><T68/><D68/><U54/><E32/><V37/><F37/><W122/><G122/><T80/><D110/><U10/><E10/><V66/><F66/><W69/><G65/><T92/><D81/><U86/><E108/><V21/><F21/><W44/><G82/><T33/><D33/><U133/><E133/><V17/><AGARI ba="1,1" hai="0,1,7,8,14,15,17,18,20,23,26,94,96,102" machi="17" ten="20,2700,0" yaku="1,1,0,1,7,1,53,0" doraHai="101" doraHaiUra="130" who="2" fromWho="2" sc="200,-8,365,-14,220,40,205,-8" />
</Scene>
<Scene>
<INIT seed="2,0,0,3,5,61" ten="192,351,260,197" oya="2" hai0="75,3,25,11,87,85,99,47,132,12,39,72,84" hai1="111,53,31,40,30,103,118,112,49,59,100,102,120" hai2="4,42,113,101,70,127,125,60,63,88,98,76,46" hai3="51,5,66,15,68,128,121,24,92,54,108,135,90"/><V41/><F113/><W129/><G121/><T34/><D3/><U116/><E112/><V8/><F76/><W134/><G108/><T73/><D132/><N who="3" m="50729" /><G24/><T114/><D114/><U133/><E133/><V58/><F70/><W10/><G68/><T27/><D34/><U56/><E111/><V0/><F63/><W14/><G14/><T119/><D119/><U48/><E120/><V89/><F42/><W67/><G92/><T97/><D47/><U124/><E124/><N who="2" m="47691" /><F98/><W69/><G90/><T43/><D43/><U26/><E40/><V107/><F101/><W65/><G69/><T7/><REACH who="0" step="1"/><D39/><REACH who="0" ten="182,351,260,197" step="2"/><U16/><E116/><V13/><F0/><W22/><G22/><T28/><D28/><U2/><E2/><V33/><F33/><W109/><G109/><T94/><D94/><U86/><E118/><V105/><F105/><W95/><G95/><T18/><D18/><U57/><E16/><V82/><F107/><W6/><G6/><T74/><N who="0" m="18432" /><DORA hai="79" /><T81/><D81/><U62/><E30/><V38/><F82/><W52/><G54/><AGARI ba="0,1" hai="4,8,13,38,41,46,54,58,60,88,89" m="47691" machi="54" ten="30,2900,0" yaku="18,1,54,1" doraHai="61,79" who="2" fromWho="3" sc="182,0,351,0,260,39,197,-29" />
</Scene>
<Scene>
<INIT seed="2,1,0,1,0,1" ten="182,351,299,168" oya="2" hai0="15,106,52,44,122,124,92,68,4,18,11,116,30" hai1="95,134,90,132,97,63,10,131,46,17,91,0,20" hai2="21,49,74,51,133,112,76,130,9,104,111,23,108" hai3="6,81,69,87,100,43,32,61,107,114,126,110,71"/><V3/><F112/><W96/><G114/><T16/><D68/><U12/><E131/><V99/><F130/><W67/><G110/><N who="2" m="42025" /><F133/><N who="1" m="51305" /><E63/><V117/><F117/><W120/><G120/><T123/><D106/><U84/><E46/><V34/><F34/><W78/><G126/><T115/><D115/><U64/><E64/><V73/><F104/><W38/><G32/><T22/><D116/><U86/><E91/><V119/><F119/><W93/><G107/><T103/><D124/><U37/><E37/><V35/><F35/><W53/><G53/><T66/><D66/><U2/><E2/><V105/><F105/><W88/><G71/><T65/><D65/><U129/><E129/><V33/><F33/><W102/><REACH who="3" step="1"/><G6/><AGARI ba="1,0" hai="0,6,10,12,17,20,84,86,90,95,97" m="51305" machi="6" ten="30,2000,0" yaku="20,1,52,1" doraHai="1" who="1" fromWho="3" sc="182,0,351,23,299,0,168,-23" />
</Scene>
<Scene>
<INIT seed="3,0,0,2,1,43" ten="182,374,299,145" oya="3" hai0="68,47,127,6,92,132,51,10,3,114,103,12,32" hai1="17,62,121,11,4,95,109,90,70,46,126,87,129" hai2="15,118,101,34,40,54,112,79,52,108,19,59,16" hai3="91,36,48,58,71,5,72,25,73,8,28,66,20"/><W89/><G36/><T98/><D127/><U0/><E121/><V84/><F112/><W99/><G71/><T94/><D114/><U77/><E126/><V22/><F118/><W105/><G105/><T27/><D68/><U24/><E77/><V100/><F34/><W69/><G69/><T76/><D132/><U124/><E124/><V18/><F40/><W56/><G66/><T45/><D76/><U57/><E70/><V113/><F113/><W86/><G99/><N who="0" m="59879" /><D3/><U88/><E109/><V50/><F108/><W63/><G48/><T116/><D116/><U21/><E129/><V9/><F54/><W131/><G131/><T7/><D32/><U106/><E106/><V83/><F19/><W120/><G120/><T111/><D27/><AGARI ba="0,0" hai="9,15,16,18,22,27,50,52,59,79,83,84,100,101" machi="27" ten="30,7700,0" yaku="7,1,8,1,54,2" doraHai="43" who="2" fromWho="0" sc="182,-77,374,0,299,77,145,0" />
</Scene>
<Scene>
<INIT seed="4,0,0,2,2,90" ten="105,374,376,145" oya="0" hai0="122,113,50,24,96,1,78,71,133,118,53,60,126" hai1="83,14,3,130,48,115,18,29,59,37,86,103,97" hai2="54,84,104,98,10,39,131,123,7,85,88,87,25" hai3="8,111,55,9,0,49,26,33,61,75,40,63,32"/><T112/><D1/><U124/><E3/><V108/><F108/><W16/><G111/><T36/><D78/><U82/><E37/><V45/><F123/><W91/><G75/><T30/><D118/><U134/><E29/><V72/><F72/><W101/><G101/><T17/><D122/><U62/><E48/><N who="2" m="28943" /><F104/><W67/><G40/><T135/><D36/><U68/><E68/><V65/><F39/><W127/><G127/><T31/><D96/><U11/><E124/><V19/><F131/><W27/><G0/><T76/><D76/><U41/><E41/><V5/><F65/><W52/><G67/><N who="0" m="41447" /><D17/><U56/><E18/><V57/><F57/><W21/><G33/><T28/><D24/><N who="3" m="9257" /><G32/><T34/><D34/><U13/><E59/><V15/><F25/><N who="3" m="14503" /><G55/><T22/><D22/><U106/><E106/><V116/><F116/><W64/><G64/><T121/><D121/><U100/><E56/><V102/><F102/><W128/><G128/><T109/><D109/><U110/><E100/><V79/><F79/><W38/><G38/><T20/><D20/><U80/><E103/><V107/><F107/><W125/><G125/><T77/><D126/><U43/><E130/><V35/><F35/><W70/><G70/><T93/><D77/><U51/><E110/><V73/><F73/><W119/><G119/><T66/><D66/><U99/><E62/><N who="3" m="23562" /><G91/><T58/><D93/><AGARI ba="0,0" hai="5,7,10,15,19,84,85,87,88,93,98" m="28943" machi="93" ten="30,3900,0" yaku="8,1,52,1,54,1" doraHai="90" who="2" fromWho="0" sc="105,-39,374,0,376,39,145,0" />
</Scene>
<Scene>
<INIT seed="5,0,0,2,3,5" ten="66,374,415,145" oya="1" hai0="2,82,79,37,24,125,44,15,43,46,65,60,110" hai1="129,61,96,35,106,81,108,111,1,98,114,83,124" hai2="126,9,12,94,11,95,118,87,88,99,80,75,7" hai3="119,63,55,6,97,8,59,53,42,131,67,51,68"/><U30/><E1/><V100/><F126/><W28/><G131/><T39/><D125/><U69/><E124/><V36/><F36/><W115/><G115/><T121/><D121/><U73/><E114/><V66/><F118/><W74/><G74/><T4/><D110/><N who="1" m="42027" /><E129/><V50/><F66/><W40/><G119/><T29/><D2/><U85/><E73/><V33/><F33/><W38/><G28/><T71/><D44/><U52/><E106/><V128/><F128/><W48/><G97/><T93/><D93/><U123/><E83/><V109/><F109/><W20/><G20/><T34/><D15/><U77/><E123/><V133/><F133/><W23/><G23/><T104/><D4/><U0/><E0/><V107/><F11/><W16/><G16/><T132/><D132/><U18/><E18/><V22/><F75/><W70/><G8/><T86/><REACH who="0" step="1"/><D104/><REACH who="0" ten="56,374,415,145" step="2"/><U76/><E81/><V72/><F72/><W21/><G6/><T103/><D103/><U113/><E113/><V90/><F107/><W54/><G21/><T112/><D112/><U27/><E35/><V13/><F100/><W89/><G89/><T19/><D19/><U130/><E130/><V58/><F22/><W45/><G42/><T64/><D64/><U14/><E14/><N who="2" m="5439" /><F95/><W31/><G31/><T26/><D26/><U47/><E27/><V62/><F13/><W92/><G92/><T101/><D101/><U122/><E30/><V57/><F12/><W134/><G134/><T91/><D91/><U49/><E122/><V84/><F90/><W120/><G120/><T105/><D105/><RYUUKYOKU ba="0,1" sc="56,15,374,-15,415,-15,145,15" hai0="24,29,34,37,39,43,46,60,65,71,79,82,86" hai3="38,40,45,48,51,53,54,55,59,63,67,68,70" />
</Scene>
<Scene>
<INIT seed="6,1,1,2,0,117" ten="71,359,400,160" oya="2" hai0="32,88,124,47,118,96,72,59,57,94,56,111,107" hai1="63,128,110,4,67,112,12,44,101,122,135,73,65" hai2="127,125,17,7,28,109,98,14,8,95,36,114,34" hai3="85,46,52,31,49,76,58,27,3,84,134,9,62"/><V5/><F36/><W130/><G130/><T69/><D118/><U119/><E119/><V10/><F114/><W68/><G68/><T48/><D32/><U80/><E110/><V16/><F109/><W104/><G104/><T91/><D111/><U15/><E112/><V61/><F61/><W60/><G134/><T100/><D69/><U54/><E4/><V55/><F55/><W64/><G76/><T70/><D70/><U6/><E6/><V78/><F78/><W102/><G102/><T90/><D72/><U92/><E73/><V113/><F113/><W0/><G62/><T22/><D124/><N who="2" m="47690" /><F28/><W132/><G132/><T75/><D75/><U71/><E54/><V126/><F34/><W115/><G115/><T30/><D107/><U116/><E63/><V66/><F66/><W108/><G108/><T45/><REACH who="0" step="1"/><D48/><REACH who="0" ten="61,359,400,160" step="2"/><U38/><E71/><V106/><F106/><W43/><G64/><T77/><D77/><U26/><E38/><V51/><F51/><W2/><REACH who="3" step="1"/><G9/><REACH who="3" ten="61,359,400,150" step="2"/><T37/><D37/><U86/><E67/><V35/><F126/><W11/><G11/><T105/><D105/><U25/><E65/><V133/><F133/><W50/><G50/><T18/><D18/><U53/><E135/><V39/><F39/><W42/><G42/><T24/><AGARI ba="1,3" hai="22,24,30,45,47,56,57,59,88,90,91,94,96,100" machi="24" ten="40,8000,1" yaku="1,1,0,1,8,1,54,1,53,0" doraHai="117" doraHaiUra="82" who="0" fromWho="0" sc="61,113,359,-21,400,-41,150,-21" />
</Scene>
<Scene>
<INIT seed="7,0,0,5,3,25" ten="174,338,359,129" oya="3" hai0="44,61,63,53,40,111,77,42,37,128,21,22,88" hai1="105,75,70,5,57,96,1,133,99,60,104,113,101" hai2="35,14,95,126,89,11,80,110,12,135,69,129,26" hai3="119,97,23,2,100,43,54,92,79,38,20,122,84"/><W17/><G122/><T86/><D111/><U16/><E75/><V94/><F110/><W131/><G119/><T115/><D128/><U72/><E72/><V50/><F69/><W130/><G2/><T112/><D77/><U18/><E70/><V59/><F129/><N who="3" m="49163" /><G54/><T123/><D123/><U109/><E109/><V15/><F35/><W48/><G38/><T90/><D53/><U3/><E113/><N who="0" m="43593" /><D40/><U33/><E33/><V102/><F11/><W91/><G79/><T7/><D7/><U62/><E133/><V66/><F66/><W71/><G71/><T118/><D90/><U51/><E51/><V41/><F41/><W29/><G29/><T31/><D118/><U120/><E120/><V56/><F50/><W103/><G17/><T52/><D31/><U73/><E18/><V127/><F135/><W121/><G121/><T106/><D106/><U0/><E16/><V19/><F19/><W46/><G100/><T8/><D8/><U68/><E68/><V39/><F102/><W34/><G34/><T49/><D63/><U108/><E60/><V132/><F132/><W9/><G9/><T93/><D61/><U47/><E108/><V114/><F114/><W116/><G116/><T4/><D4/><U74/><E5/><V125/><F39/><W45/><G45/><AGARI ba="0,0" hai="21,22,37,42,44,45,49,52,86,88,93" m="43593" machi="45" ten="30,7700,0" yaku="15,1,11,1,54,2" doraHai="25" who="0" fromWho="3" sc="174,77,338,0,359,0,129,-77" owari="251,-15.0,338,14.0,359,46.0,52,-45.0" />
</Scene>
</mjloggm>