<mjloggm ver="2.3"><GO type="193"/><UN n0="%E3%82%A4%E3%82%B1%E3%83%AC%E3%83%B3" n1="%E6%A5%B5%E3%82%81%E3%82%8B" n2="%E5%A4%AA%E3%81%8F%E3%81%AA%E3%81%84%E3%81%8A" n3="%53%41%59%55" dan="13,12,11,9" rate="1798,1627,1738,1313" sx="F,M,M,F"/><TAIKYOKU oya="0"/>

<Scene>
<INIT seed="0,0,0,5,0,55" ten="250,250,250,250" oya="0" hai0="45,13,112,122,7,107,54,28,97,30,84,17,121" hai1="111,89,132,80,57,79,124,109,62,32,90,126,71" hai2="15,44,4,31,8,21,116,50,100,63,64,27,19" hai3="47,117,113,52,108,82,87,119,42,94,23,101,92"/><T73/><D112/><U69/><E32/><V61/><F116/><W66/><G113/><T5/><D73/><U20/><E132/><V65/><F100/><W81/><G119/><T98/><D122/><U9/><E9/><V83/><F83/><W0/><G117/><T24/><D121/><U12/><E12/><V133/><F133/><W105/><G0/><T102/><D98/><U75/><E20/><V99/><F99/><W68/><G108/><N who="1" m="41546" /><E71/><V3/><F65/><W48/><G68/><T130/><D130/><U18/><E18/><V91/><F91/><N who="1" m="34825" /><E69/><V104/><F104/><W43/><G66/><AGARI ba="0,0" hai="57,62,66,75,79,80,124,126" m="34825,41546" machi="66" ten="30,2000,0" yaku="14,1,52,1" doraHai="55" who="1" fromWho="3" sc="250,0,250,20,250,0,250,-20" />
</Scene>
<Scene>
<INIT seed="1,0,0,5,1,58" ten="250,270,250,230" oya="1" hai0="70,30,112,92,0,130,120,5,99,51,59,13,94" hai1="132,82,20,111,96,35,39,45,119,95,121,116,16" hai2="11,1,3,23,65,84,107,8,78,98,72,2,60" hai3="44,87,7,6,101,124,25,19,97,91,12,88,74"/><U123/><E35/><V52/><F72/><W57/><G74/><T134/><D120/><U135/><E82/><V10/><F23/><W38/><G124/><T46/><D112/><U109/><E45/><V26/><F26/><W56/><G38/><T14/><D70/><U4/><E4/><V34/><F34/><W42/><G42/><T108/><D108/><N who="1" m="41547" /><E95/><V61/><F52/><W102/><G44/><T77/><D77/><U28/><E28/><V40/><F40/><W9/><G25/><T31/><D134/><N who="1" m="51243" /><E96/><V93/><F107/><W118/><G118/><N who="1" m="45098" /><E39/><V104/><F104/><W89/><G87/><T54/><D130/><U100/><E100/><V21/><F84/><W55/><G57/><T69/><D69/><U22/><E22/><V53/><F21/><W127/><G127/><T62/><D0/><U114/><E114/><V43/><F10/><W85/><G85/><T110/><D110/><U32/><E32/><V24/><F11/><W66/><G66/><T128/><D128/><U86/><E86/><V48/><F8/><W27/><G27/><AGARI ba="0,0" hai="16,20,27,121,123" m="45098,51243,41547" machi="27" ten="40,18000,2" yaku="14,1,10,1,20,1,34,2,54,1" doraHai="58" who="1" fromWho="3" sc="250,0,270,180,250,0,230,-180" />
</Scene>
<Scene>
<INIT seed="1,1,0,1,3,100" ten="250,450,250,50" oya="1" hai0="94,32,76,9,81,75,43,49,30,35,60,99,17" hai1="63,135,48,67,46,127,104,29,131,110,79,71,8" hai2="15,83,91,56,22,54,120,7,73,61,89,115,124" hai3="31,114,2,133,85,118,24,25,92,134,86,51,11"/><U111/><E79/><V117/><F120/><W19/><G114/><T98/><D75/><U125/><E29/><V113/><F117/><W38/><G38/><T84/><D60/><U12/><E131/><V88/><F124/><N who="1" m="47689" /><E135/><V59/><F59/><W70/><G70/><T102/><D99/><U18/><E104/><V52/><F54/><AGARI ba="1,0" hai="8,12,18,46,48,54,63,67,71,110,111" m="47689" machi="54" ten="30,1500,0" yaku="18,1" doraHai="100" who="1" fromWho="2" sc="250,0,450,18,250,-18,50,0" />
</Scene>
<Scene>
<INIT seed="1,2,0,5,1,100" ten="250,468,232,50" oya="1" hai0="48,70,44,36,92,11,79,82,19,133,120,109,38" hai1="50,68,49,87,132,107,75,40,56,52,95,77,113" hai2="81,31,28,96,51,71,85,104,131,15,112,88,89" hai3="130,118,103,37,102,47,63,90,57,93,134,24,74"/><U117/><E113/><V4/><F112/><W76/><G24/><T65/><D120/><U73/><E117/><V59/><F71/><W122/><G122/><T91/><D109/><U25/><E68/><V116/><F116/><W1/><G1/><T2/><D133/><U23/><E40/><V26/><F131/><W20/><G118/><T98/><D70/><U94/><E132/><V106/><F4/><W3/><G3/><T121/><D121/><U27/><E107/><V41/><F15/><W124/><G134/><T78/><D65/><U62/><E75/><V101/><F104/><W10/><G20/><T9/><D78/><U105/><E105/><V14/><F14/><W80/><G10/><T135/><D135/><U72/><E27/><V18/><F89/><W53/><G124/><T123/><D123/><U17/><E94/><V34/><F31/><W125/><G125/><T97/><D9/><U84/><E73/><V64/><F18/><W114/><G114/><T99/><D36/><U128/><E128/><V86/><F86/><W45/><G37/><T39/><D39/><U129/><E129/><V32/><F64/><W13/><G13/><T69/><D69/><U67/><E72/><V5/><F5/><W60/><G130/><T35/><D35/><U8/><E77/><V119/><F119/><W0/><G0/><T58/><D58/><BYE who="0" /><U61/><E67/><V54/><REACH who="2" step="1"/><F41/><REACH who="2" ten="250,468,222,50" step="2"/><W108/><G108/><T22/><D22/><AGARI ba="2,1" hai="22,26,28,32,34,51,54,59,81,85,88,96,101,106" machi="22" ten="30,8000,1" yaku="1,1,2,1,7,1,52,1,54,1,53,0" doraHai="100" doraHaiUra="42" who="2" fromWho="0" sc="250,-86,468,0,222,96,50,0" />
</Scene>
<Scene>
<INIT seed="2,0,0,2,4,67" ten="164,468,318,50" oya="2" hai0="131,6,7,33,106,84,24,98,16,123,70,30,13" hai1="31,108,110,41,134,135,85,57,48,132,103,18,117" hai2="90,104,34,77,111,17,133,8,99,115,53,29,35" hai3="46,22,14,20,93,125,88,129,47,75,94,87,61"/><V89/><F115/><W12/><G75/><T95/><D95/><U121/><E117/><V37/><F37/><W78/><G78/><T120/><D120/><U40/><E103/><V73/><F73/><W23/><G129/><T42/><D42/><U68/><E68/><V52/><F77/><W81/><G125/><T71/><D71/><U11/><E121/><V26/><F35/><W109/><G109/><N who="1" m="42090" /><E31/><V0/><F111/><W60/><G94/><T63/><D63/><U5/><E18/><V116/><F116/><W50/><G81/><T49/><D49/><U55/><E85/><V4/><F133/><W130/><G130/><T3/><D3/><AGARI ba="0,0" hai="3,5,11,40,41,48,55,57,132,134,135" m="42090" machi="3" ten="40,2600,0" yaku="20,1,14,1" doraHai="67" who="1" fromWho="0" sc="164,-26,468,26,318,0,50,0" />
</Scene>
<Scene>
<INIT seed="3,0,0,1,0,59" ten="138,494,318,50" oya="3" hai0="53,64,67,110,108,2,88,90,101,4,24,114,116" hai1="49,1,74,30,127,85,133,95,25,58,83,18,40" hai2="84,26,29,113,27,60,47,77,73,35,61,79,51" hai3="122,23,9,81,16,11,3,132,76,20,31,50,46"/><W0/><G122/><T130/><D130/><U126/><E74/><V21/><F113/><W106/><G106/><T15/><D15/><U87/><E1/><V44/><F73/><W93/><G3/><T115/><D115/><U70/><E70/><V98/><F98/><W124/><G31/><T42/><D42/><U55/><E133/><V112/><F112/><W71/><G71/><T134/><D134/><U121/><E121/><V78/><F84/><W52/><G132/><T94/><D94/><U128/><E128/><V39/><F39/><W19/><G93/><T68/><D68/><U118/><E118/><V7/><F7/><W65/><G65/><T38/><D38/><U97/><E83/><V32/><F47/><W125/><G76/><T75/><D75/><U123/><E18/><V14/><F14/><W17/><G17/><T41/><D41/><U86/><BYE who="3" /><E40/><V89/><F89/><W102/><G102/><T119/><D119/><U80/><E123/><V8/><F8/><W12/><G12/><T66/><D66/><U131/><E131/><V135/><F135/><W54/><G54/><T62/><D62/><U103/><E80/><V56/><F56/><W13/><G13/><T107/><D107/><U82/><E82/><V72/><F72/><W104/><G104/><T111/><D111/><U28/><E25/><V63/><REACH who="2" step="1"/><F27/><REACH who="2" ten="138,494,308,50" step="2"/><W100/><G100/><T69/><D69/><U6/><E6/><V117/><F117/><W120/><G120/><T10/><D10/><U105/><E97/><V34/><F34/><W92/><G92/><T37/><D37/><RYUUKYOKU ba="0,1" sc="138,-10,494,-10,308,30,50,-10" hai2="21,26,29,32,35,44,51,60,61,63,77,78,79" owari="128,-27.0,494,59.0,338,14.0,40,-46.0" />
</Scene>
</mjloggm>