<mjloggm ver="2.3"><GO type="193"/><UN n0="%E5%A4%AA%E3%81%8F%E3%81%AA%E3%81%84%E3%81%8A" n1="%42%65%65%72" n2="%E3%81%8A%E3%81%A7%E5%AD%90" n3="%E3%83%96%E3%82%A4%E3%83%A8%E3%83%B3%E3%82%BA" dan="5,12,13,12" rate="1570,1782,1814,1693" sx="M,M,F,M"/><TAIKYOKU oya="0"/>

<Scene>
<INIT seed="0,0,0,3,2,116" ten="250,250,250,250" oya="0" hai0="88,111,21,10,76,64,12,19,98,9,24,86,77" hai1="22,47,48,56,95,105,87,65,72,1,122,0,109" hai2="125,70,117,129,74,13,120,62,102,99,79,90,135" hai3="7,81,115,3,66,37,113,50,59,130,131,100,127"/><T8/><D111/><U61/><E105/><V80/><F117/><W119/><G37/><T52/><D64/><U28/><E72/><V33/><F33/><W97/><G119/><T85/><D98/><U121/><E109/><V101/><F135/><W71/><G81/><N who="0" m="49231" /><D85/><U60/><E60/><V29/><F129/><N who="3" m="49163" /><G71/><T132/><D132/><U124/><E124/><V11/><F125/><W134/><G127/><T91/><D91/><U104/><E104/><V128/><F29/><W54/><G134/><T107/><D107/><U42/><E87/><V94/><F128/><W114/><G66/><T5/><D5/><U110/><E110/><V2/><F2/><W69/><G69/><T53/><D24/><U83/><E95/><V73/><F73/><W14/><G3/><T4/><D4/><U133/><E133/><V36/><F36/><W78/><G78/><AGARI ba="0,0" hai="8,9,10,12,19,21,52,53,76,77,78" m="49231" machi="78" ten="30,5800,0" yaku="8,1,54,2" doraHai="116" who="0" fromWho="3" sc="250,58,250,0,250,0,250,-58" />
</Scene>
<Scene>
<INIT seed="0,1,0,3,2,22" ten="308,250,250,192" oya="0" hai0="98,83,7,114,107,19,65,112,52,45,87,38,90" hai1="58,59,106,30,109,85,57,17,23,51,15,64,25" hai2="40,77,124,82,80,91,10,86,54,68,132,101,39" hai3="53,46,12,89,97,43,8,49,93,73,67,72,5"/><T116/><D116/><U55/><E106/><V110/><F68/><W113/><G113/><T121/><D121/><U88/><E109/><V47/><F132/><W126/><G126/><T135/><D135/><U32/><REACH who="1" step="1"/><E64/><REACH who="1" ten="308,240,250,192" step="2"/><V34/><F110/><W70/><G70/><T104/><D65/><U108/><E108/><V2/><F124/><W84/><G67/><T29/><D104/><U78/><E78/><V48/><F34/><W79/><G79/><T66/><D66/><U50/><E50/><V6/><F101/><W95/><REACH who="3" step="1"/><G43/><REACH who="3" ten="308,240,250,182" step="2"/><T11/><D112/><U27/><E27/><V14/><F77/><W117/><G117/><T24/><D114/><U115/><E115/><V74/><F74/><W118/><G118/><T63/><D24/><U3/><E3/><V61/><F2/><W100/><AGARI ba="1,2" hai="5,8,12,46,49,53,72,73,84,89,93,95,97,100" machi="100" ten="20,2700,0" yaku="1,1,0,1,7,1,53,0" doraHai="22" doraHaiUra="76" who="3" fromWho="3" sc="308,-14,240,-8,250,-8,182,50" />
</Scene>
<Scene>
<INIT seed="1,0,0,3,5,71" ten="294,232,242,232" oya="1" hai0="107,78,35,123,111,61,118,49,60,75,85,18,59" hai1="48,7,26,129,110,0,119,77,76,8,36,84,1" hai2="101,24,66,25,74,100,103,23,44,11,114,113,135" hai3="109,17,14,39,63,37,89,80,16,130,126,21,29"/><U117/><E129/><V57/><F74/><W12/><G130/><T67/><D107/><U40/><E1/><V131/><F131/><W81/><G109/><T58/><D118/><U47/><E110/><V127/><F127/><W96/><G126/><T86/><D111/><U92/><E26/><V69/><F69/><W28/><G63/><T95/><D35/><U93/><E48/><V4/><F135/><W120/><G96/><T50/><D123/><U70/><E70/><V20/><F44/><W13/><G120/><T3/><D3/><U65/><E65/><V42/><F42/><W133/><G133/><T46/><D75/><U121/><E121/><V55/><F66/><W98/><G98/><T128/><D128/><U87/><E87/><N who="0" m="33289" /><D78/><U38/><E76/><V134/><F134/><W102/><G102/><T15/><D95/><U6/><E36/><N who="3" m="13898" /><G89/><T108/><D46/><U2/><E119/><V94/><F94/><W132/><G132/><T124/><D108/><U83/><REACH who="1" step="1"/><E117/><REACH who="1" ten="294,222,242,232" step="2"/><V90/><F25/><W5/><G5/><T116/><D116/><U73/><E73/><V33/><F24/><W22/><G28/><T122/><D124/><U68/><E68/><V106/><F4/><W30/><G29/><T97/><D122/><U52/><E52/><V53/><F55/><W51/><G51/><T125/><D125/><U27/><E27/><V82/><F53/><W10/><G30/><T45/><D45/><U79/><E79/><V88/><F57/><W64/><G64/><N who="0" m="38935" /><D97/><U9/><AGARI ba="0,1" hai="0,2,6,7,8,9,38,40,47,77,83,84,92,93" machi="9" ten="30,11700,0" yaku="1,1,0,1,9,1,52,1,53,0" doraHai="71" doraHaiUra="104" who="1" fromWho="1" sc="294,-39,222,127,242,-39,232,-39" />
</Scene>
<Scene>
<INIT seed="1,1,0,3,5,26" ten="255,349,203,193" oya="1" hai0="97,49,32,129,16,79,131,10,76,31,99,103,9" hai1="62,47,24,35,100,14,22,57,1,2,132,90,19" hai2="45,61,15,7,123,124,122,69,3,118,80,29,51" hai3="39,6,120,133,105,64,67,104,20,121,60,82,85"/><U33/><E132/><V65/><F118/><W4/><G39/><T21/><D49/><U17/><E100/><V88/><F124/><W30/><G133/><T34/><D21/><U95/><E47/><V98/><F3/><W72/><G72/><T125/><D103/><U43/><E43/><V107/><F107/><W91/><G67/><T92/><D92/><U23/><E2/><V40/><F98/><W46/><G46/><T112/><D16/><U135/><E1/><V116/><F116/><W102/><G105/><T68/><D68/><U108/><E135/><V83/><F83/><W127/><G127/><T114/><REACH who="0" step="1"/><D125/><REACH who="0" ten="245,349,203,193" step="2"/><U128/><E19/><V110/><F110/><W13/><G6/><T94/><D94/><U54/><E108/><V52/><F80/><W12/><G4/><T41/><D41/><U56/><E23/><V74/><F7/><W119/><G119/><T86/><D86/><U73/><E73/><V53/><F74/><W96/><G12/><T18/><D18/><U75/><E75/><V113/><F15/><W77/><G77/><T58/><D58/><U36/><E14/><V48/><F40/><W109/><G109/><T0/><D0/><U50/><E57/><V44/><F45/><W71/><REACH who="3" step="1"/><G13/><REACH who="3" ten="245,349,203,183" step="2"/><T130/><D130/><U70/><E128/><V84/><F69/><W87/><G87/><T27/><D27/><AGARI ba="1,2" hai="20,27,30,60,64,71,82,85,91,96,102,104,120,121" machi="27" ten="40,5200,0" yaku="1,1,52,1,53,1" doraHai="26" doraHaiUra="81" who="3" fromWho="0" sc="245,-55,349,0,203,0,183,75" />
</Scene>
<Scene>
<INIT seed="2,0,0,1,2,123" ten="190,349,203,258" oya="2" hai0="32,14,4,35,97,45,132,63,6,93,51,40,78" hai1="101,86,52,96,76,95,22,90,1,125,41,42,47" hai2="48,2,8,85,105,57,119,28,121,116,75,80,109" hai3="27,30,53,124,82,62,111,3,66,65,55,100,9"/><V49/><F105/><W23/><G124/><T81/><D132/><U21/><E125/><V94/><F121/><W36/><G36/><T17/><D63/><U102/><E1/><V129/><F28/><W74/><G100/><T128/><D128/><U38/><E76/><V61/><F129/><W67/><G111/><T87/><D35/><U34/><E34/><V10/><F109/><W113/><G113/><T20/><REACH who="0" step="1"/><D32/><REACH who="0" ten="180,349,203,258" step="2"/><U72/><E38/><V134/><F134/><W16/><G62/><T37/><D37/><U29/><E29/><V91/><F119/><W33/><G9/><T56/><D56/><U122/><E122/><V15/><F116/><W39/><G3/><T71/><D71/><U126/><E126/><V130/><F130/><W115/><G115/><T98/><D98/><U44/><E96/><V43/><F2/><W31/><G39/><T110/><D110/><U5/><E22/><V12/><F8/><W92/><G31/><T133/><D133/><U103/><E21/><V135/><F10/><W84/><G74/><T13/><D13/><U50/><E72/><V68/><F135/><W64/><G33/><T88/><AGARI ba="0,1" hai="4,6,14,17,20,40,45,51,78,81,87,88,93,97" machi="88" ten="20,8000,1" yaku="1,1,0,1,7,1,8,1,54,1,53,0" doraHai="123" doraHaiUra="131" who="0" fromWho="0" sc="180,90,349,-20,203,-40,258,-20" />
</Scene>
<Scene>
<INIT seed="3,0,0,4,5,74" ten="270,329,163,238" oya="3" hai0="102,85,47,37,8,131,4,109,125,112,114,36,83" hai1="88,11,32,49,20,33,98,129,97,108,9,34,25" hai2="15,60,63,29,65,35,66,96,12,43,2,62,24" hai3="42,59,118,17,76,31,86,56,52,77,91,67,10"/><W84/><G118/><T113/><D109/><U135/><E108/><V64/><F2/><W117/><G117/><T120/><D120/><U82/><E135/><V28/><F43/><W89/><G42/><T95/><D125/><U101/><E129/><V14/><F96/><W58/><G31/><AGARI ba="0,0" hai="12,14,15,24,28,29,31,35,60,62,63,64,65,66" machi="31" ten="50,3200,0" yaku="29,2" doraHai="74" who="2" fromWho="3" sc="270,0,329,0,163,32,238,-32" owari="270,7.0,329,42.0,195,-30.0,206,-19.0" />
</Scene>
</mjloggm>