<mjloggm ver="2.3"><GO type="169" lobby="0"/><UN n0="%E5%A4%AA%E3%81%8F%E3%81%AA%E3%81%84%E3%81%8A" n1="%E6%B0%97%E6%A5%BD%E3%81%AB%E6%89%93%E3%81%A4" n2="%E3%81%98%E3%82%83%E3%82%80%E2%99%AD" n3="%EF%BC%BC%28%EF%BC%BE%6F%EF%BC%BE%29%EF%BC%8F%E2%98%85" dan="17,16,16,18" rate="2171.83,2143.60,2047.74,2210.02" sx="M,M,M,M"/><TAIKYOKU oya="0"/>

<Scene>
<INIT seed="0,0,0,5,4,95" ten="250,250,250,250" oya="0" hai0="49,113,39,21,12,62,24,27,40,78,79,0,129" hai1="83,33,17,28,126,31,23,48,20,58,102,98,87" hai2="82,16,70,18,56,73,128,64,123,85,120,7,100" hai3="37,53,130,50,60,84,5,26,55,59,3,10,4"/><T22/><D0/><U66/><E126/><V81/><F7/><W96/><G37/><T8/><D39/><U76/><E33/><V132/><F132/><W32/><G130/><T36/><D36/><U127/><E127/><V75/><F70/><W91/><G5/><T52/><D113/><U25/><E23/><N who="0" m="8713" /><D62/><U13/><E13/><V104/><F128/><W131/><G131/><T108/><D40/><U38/><E38/><V124/><F124/><W118/><G118/><T11/><D129/><U19/><E31/><V2/><F2/><W74/><G74/><T77/><D108/><U105/><REACH who="1" step="1"/><E66/><REACH who="1" ten="250,240,250,250" step="2"/><V41/><F64/><W103/><G32/><T99/><D11/><U6/><E6/><V63/><F120/><W43/><G26/><T72/><D12/><U67/><E67/><V115/><F123/><W69/><G10/><T93/><D8/><U111/><E111/><V106/><F115/><W86/><G4/><T15/><D15/><U54/><AGARI ba="0,1" hai="17,19,20,25,28,48,54,58,76,83,87,98,102,105" machi="54" ten="30,4000,0" yaku="1,1,0,1,52,1,53,0" doraHai="95" doraHaiUra="42" who="1" fromWho="1" sc="250,-20,240,50,250,-10,250,-10" />
</Scene>
<Scene>
<INIT seed="1,0,0,3,0,88" ten="230,290,240,240" oya="1" hai0="42,34,68,91,9,123,90,129,85,103,113,116,84" hai1="43,48,31,130,44,16,35,58,98,126,2,61,25" hai2="104,11,89,101,106,63,13,102,36,118,75,128,132" hai3="4,39,55,127,134,82,79,107,56,45,78,100,124"/><U81/><E126/><V77/><F118/><W59/><G134/><T66/><D116/><U99/><E130/><V8/><F36/><W33/><G33/><T117/><D117/><U49/><E2/><V92/><F132/><W38/><G4/><T131/><D34/><U60/><E81/><V76/><F63/><W122/><G122/><T47/><D113/><U6/><E6/><V41/><F41/><W135/><G135/><T21/><D103/><U10/><E49/><V29/><F29/><W46/><G100/><T70/><D9/><U19/><E61/><V22/><F22/><W37/><G107/><T87/><D21/><U23/><E10/><V40/><F40/><W52/><G39/><T71/><D66/><N who="1" m="39191" /><E35/><V111/><F128/><N who="0" m="49226" /><D123/><U1/><E1/><V110/><F104/><W119/><G119/><T65/><D65/><U50/><E48/><AGARI ba="0,0" hai="42,47,48,68,70,71,84,85,87,90,91" m="49226" machi="48" ten="40,1300,0" yaku="19,1" doraHai="88" who="0" fromWho="1" sc="230,13,290,-13,240,0,240,0" />
</Scene>
<Scene>
<INIT seed="2,0,0,5,4,34" ten="243,277,240,240" oya="2" hai0="58,109,133,132,118,52,105,77,129,71,41,37,26" hai1="11,64,55,119,63,40,49,29,17,87,57,39,69" hai2="7,134,10,110,62,23,30,80,76,108,113,112,81" hai3="22,21,48,6,84,99,89,36,96,2,106,47,33"/><V13/><F134/><N who="0" m="51818" /><D105/><U121/><E119/><V24/><F62/><W44/><G33/><T3/><D77/><U42/><E121/><V82/><REACH who="2" step="1"/><F76/><REACH who="2" ten="243,277,230,240" step="2"/><W59/><G106/><T131/><D118/><U127/><E63/><V66/><F66/><W90/><G36/><T0/><D37/><U116/><E64/><V126/><F126/><W135/><G135/><T86/><D129/><U124/><E39/><V114/><AGARI ba="0,1" hai="7,10,13,23,24,30,80,81,82,108,110,112,113,114" machi="114" ten="40,3900,0" yaku="1,1,0,1,53,0" doraHai="34" doraHaiUra="31" who="2" fromWho="2" sc="243,-13,277,-13,230,49,240,-13" />
</Scene>
<Scene>
<INIT seed="2,1,0,1,2,58" ten="230,264,279,227" oya="2" hai0="100,116,102,4,75,91,21,7,80,41,126,134,95" hai1="17,86,130,96,99,16,123,47,61,27,43,30,135" hai2="8,111,64,13,106,87,36,82,40,105,104,124,69" hai3="24,38,57,70,118,28,89,5,68,83,26,120,55"/><V39/><F124/><W76/><G118/><T2/><D2/><U101/><E135/><V125/><F125/><W62/><G120/><T49/><D126/><U132/><E132/><V81/><F40/><W119/><G119/><T14/><D134/><U53/><E123/><V113/><F113/><W127/><G127/><T129/><D116/><U29/><E130/><V63/><F111/><W35/><G38/><T56/><D129/><U10/><E86/><V44/><F44/><W93/><G5/><T31/><D75/><U46/><E10/><V108/><F108/><W94/><G26/><N who="0" m="16847" /><D80/><U88/><E27/><V84/><F82/><W18/><G18/><T71/><D71/><U110/><E110/><V79/><REACH who="2" step="1"/><F84/><REACH who="2" ten="230,264,269,227" step="2"/><W15/><G83/><T128/><D128/><U65/><E43/><V12/><F12/><W37/><G15/><T3/><D14/><U97/><E47/><V52/><F52/><W121/><G55/><T78/><D41/><U66/><E46/><V131/><F131/><W6/><G121/><T107/><D3/><U109/><E109/><V115/><F115/><W23/><G37/><T45/><D45/><U20/><E53/><V122/><F122/><W92/><G24/><T54/><D54/><U112/><E112/><V77/><F77/><W133/><G76/><T48/><D78/><U25/><E25/><V60/><F60/><W32/><G62/><T22/><D49/><U42/><E61/><V85/><F85/><W34/><G133/><T98/><D48/><U90/><E42/><V1/><F1/><W117/><G117/><T50/><D50/><RYUUKYOKU ba="1,1" sc="230,-10,264,-10,269,30,227,-10" hai2="8,13,36,39,63,64,69,79,81,87,104,105,106" />
</Scene>
<Scene>
<INIT seed="2,2,1,0,1,41" ten="220,254,299,217" oya="2" hai0="87,32,2,34,116,117,4,92,59,114,123,14,31" hai1="11,84,54,52,47,50,21,102,64,85,17,89,82" hai2="133,120,39,67,49,110,111,71,43,119,122,69,12" hai3="65,60,90,124,131,130,45,29,86,78,135,104,1"/><V27/><F119/><N who="0" m="45642" /><D114/><U44/><E102/><V74/><F74/><W24/><G104/><T23/><D123/><N who="2" m="47146" /><F12/><W129/><G1/><T56/><D2/><U128/><E128/><V33/><F133/><W88/><G135/><T112/><D112/><U28/><E64/><V38/><F27/><W134/><G134/><T109/><D4/><U62/><E84/><V126/><F33/><W100/><G100/><T25/><D109/><N who="2" m="41482" /><F126/><W83/><G124/><T0/><D0/><U97/><E97/><V127/><F127/><W55/><G65/><T48/><D14/><N who="1" m="7391" /><E28/><V93/><F93/><W106/><G106/><T80/><D92/><U42/><E21/><V75/><F75/><W96/><G96/><T95/><D95/><U121/><E121/><V13/><F13/><W61/><G24/><T37/><D32/><U132/><E132/><V15/><F15/><W35/><G29/><T73/><D73/><U118/><E118/><V26/><F26/><W40/><G35/><T72/><D72/><U81/><E81/><V20/><F20/><W22/><G22/><T79/><D34/><U107/><E107/><V57/><F57/><N who="3" m="34879" /><G61/><T94/><D31/><U115/><E115/><V68/><F67/><W99/><G99/><T101/><D23/><U16/><E16/><V113/><F113/><W8/><G8/><T3/><D25/><U98/><E98/><V36/><F49/><AGARI ba="2,1" hai="40,45,49,78,83,86,88,90,129,130,131" m="34879" machi="49" ten="30,3900,0" yaku="19,1,52,1,54,1" doraHai="41" who="3" fromWho="2" sc="220,0,254,0,299,-45,217,55" />
</Scene>
<Scene>
<INIT seed="3,0,0,5,5,19" ten="220,254,254,272" oya="3" hai0="92,115,117,33,48,24,103,110,78,67,109,34,82" hai1="15,79,95,30,13,132,118,97,130,87,25,111,7" hai2="59,60,80,69,45,81,84,61,46,63,70,71,94" hai3="38,56,127,36,52,6,102,125,50,51,83,86,123"/><W112/><G123/><T23/><D117/><U9/><E118/><V14/><F14/><W62/><G112/><T64/><D115/><U0/><E111/><N who="0" m="42505" /><D48/><N who="3" m="18473" /><G102/><T49/><D49/><U39/><E39/><V18/><F18/><W89/><G6/><T68/><D92/><U88/><E132/><V57/><F94/><W120/><G120/><T10/><D10/><U91/><E79/><V32/><F32/><N who="0" m="12394" /><D68/><U72/><E9/><V65/><F84/><W76/><G38/><T119/><D103/><U107/><E87/><V20/><F20/><W122/><G36/><T105/><D105/><U134/><E107/><V4/><F4/><W42/><G122/><T98/><D98/><U29/><E97/><V66/><REACH who="2" step="1"/><F61/><REACH who="2" ten="220,254,244,272" step="2"/><W31/><G62/><T133/><D119/><U104/><E7/><V43/><F43/><W22/><G42/><T100/><D23/><U54/><E95/><V101/><F101/><W47/><G22/><T55/><D100/><U129/><E15/><V113/><F113/><W135/><G86/><T116/><D116/><U44/><E13/><V28/><F28/><W73/><G31/><T93/><D93/><U53/><E29/><V3/><F3/><W8/><G8/><T106/><D106/><U75/><E30/><V35/><F35/><W41/><G41/><T114/><D114/><U58/><E104/><V17/><F17/><W121/><G121/><T126/><D24/><U131/><E0/><V1/><F1/><W124/><G89/><T40/><D40/><U96/><E88/><V128/><F128/><W21/><G21/><T27/><D27/><RYUUKYOKU ba="0,1" sc="220,-10,254,-10,244,30,272,-10" hai2="45,46,57,59,60,63,65,66,69,70,71,80,81" />
</Scene>
<Scene>
<INIT seed="4,1,1,2,2,114" ten="210,244,274,262" oya="0" hai0="61,44,73,17,82,77,81,99,83,0,16,53,110" hai1="79,107,34,129,103,111,60,58,96,102,133,27,90" hai2="15,120,6,116,10,62,105,11,45,23,39,51,69" hai3="26,56,54,87,8,41,113,128,31,80,33,97,98"/><T24/><D0/><U89/><E111/><V101/><F120/><W47/><G113/><T28/><D110/><U134/><E129/><V36/><F23/><W94/><G128/><T85/><D99/><U125/><E125/><V117/><F101/><W37/><G8/><T68/><D68/><U132/><E79/><V50/><F105/><W2/><G2/><T91/><D82/><U86/><E102/><V130/><F130/><W65/><G65/><T122/><D122/><U106/><E106/><V74/><F74/><W21/><G33/><T126/><D126/><U93/><E89/><V76/><F76/><W42/><G41/><T49/><REACH who="0" step="1"/><D61/><REACH who="0" ten="200,244,274,262" step="2"/><U66/><REACH who="1" step="1"/><E34/><AGARI ba="1,2" hai="16,17,24,28,34,44,49,53,73,77,81,83,85,91" machi="34" ten="30,11600,0" yaku="1,1,2,1,7,1,54,1,53,0" doraHai="114" doraHaiUra="4" who="0" fromWho="1" sc="200,139,244,-119,274,0,262,0" />
</Scene>
<Scene>
<INIT seed="4,2,0,1,0,68" ten="339,125,274,262" oya="0" hai0="16,30,135,44,49,126,73,21,96,62,4,23,125" hai1="97,50,78,15,69,105,124,103,11,129,35,34,119" hai2="89,61,106,80,123,19,60,82,32,92,39,75,71" hai3="0,55,66,116,130,28,42,77,2,74,33,70,115"/><T29/><D73/><U132/><E119/><V6/><F106/><W52/><G116/><T13/><D135/><U95/><E132/><V7/><F32/><W36/><G115/><T9/><D62/><U58/><E124/><N who="0" m="47721" /><D96/><U109/><E129/><V88/><F75/><W67/><G130/><T100/><D100/><U93/><E69/><V43/><F19/><W40/><G74/><T120/><D120/><U86/><E109/><V121/><F92/><W76/><G70/><T22/><D49/><U85/><E85/><V45/><F71/><W47/><G33/><T37/><D44/><U91/><E78/><V26/><F26/><W94/><G94/><T10/><D37/><U57/><E105/><V17/><F45/><W102/><G47/><T98/><D98/><U48/><E48/><V65/><F43/><W83/><G102/><T53/><D53/><U1/><E1/><AGARI ba="2,0" hai="1,4,9,10,13,16,21,22,23,29,30" m="47721" machi="1" ten="30,11600,0" yaku="18,1,34,2,54,1" doraHai="68" who="0" fromWho="1" sc="339,122,125,-122,274,0,262,0" />
</Scene>
<Scene>
<INIT seed="4,3,0,0,0,116" ten="461,3,274,262" oya="0" hai0="109,119,94,48,122,80,32,135,115,131,58,100,99" hai1="41,18,120,20,77,88,113,6,83,27,126,129,55" hai2="2,28,95,84,53,1,61,79,118,130,65,46,87" hai3="71,85,97,54,75,134,66,89,117,69,15,124,82"/><T72/><D119/><U93/><E126/><V98/><F118/><W30/><G117/><T78/><D32/><U123/><E129/><V106/><F106/><W127/><G134/><T90/><D135/><U9/><E41/><V86/><F28/><W73/><G30/><T67/><D131/><U42/><E42/><V45/><F79/><W81/><G97/><T111/><D115/><U108/><E108/><N who="0" m="41545" /><D122/><U60/><E113/><V133/><F130/><W12/><G54/><N who="0" m="32071" /><D67/><U110/><E110/><V70/><F133/><W76/><G66/><T68/><D68/><N who="3" m="26185" /><G75/><T63/><D63/><U47/><E83/><V101/><REACH who="2" step="1"/><F53/><REACH who="2" ten="461,3,264,262" step="2"/><W91/><G76/><T38/><D78/><U102/><E77/><V16/><F16/><W11/><G73/><T44/><D72/><U8/><E102/><V34/><F34/><W112/><G112/><T92/><D100/><U50/><E60/><V5/><F5/><W24/><G127/><T0/><D90/><U23/><E23/><V39/><F39/><W51/><G124/><T40/><D38/><U19/><E19/><V121/><F121/><W17/><G91/><T35/><D35/><U26/><E26/><V114/><F114/><W10/><G24/><T52/><D52/><U105/><E105/><V64/><F64/><W103/><G103/><T57/><D40/><U125/><E125/><V33/><F33/><W7/><G51/><T43/><D43/><U59/><E47/><AGARI ba="3,1" hai="1,2,45,46,47,61,65,70,84,86,87,95,98,101" machi="47" ten="40,1300,0" yaku="1,1,53,0" doraHai="116" doraHaiUra="31" who="2" fromWho="1" sc="461,0,3,-22,264,32,262,0" owari="461,56.0,-19,-52.0,296,10.0,262,-14.0" />
</Scene>
</mjloggm>