<mjloggm ver="2.3"><GO type="169" lobby="0"/><UN n0="%E4%B8%83%E3%83%84%E7%9B%AE%E7%8E%89" n1="%E3%83%8A%E3%82%AC%E3%83%A4%E3%83%9E" n2="%E5%A4%A9%E5%B2%A9%E6%88%B8" n3="%E5%A4%AA%E3%81%8F%E3%81%AA%E3%81%84%E3%81%8A" dan="17,16,16,18" rate="2125.55,2129.79,2198.40,2249.00" sx="M,M,M,F"/><TAIKYOKU oya="0"/>

<Scene>
<INIT seed="0,0,0,4,3,89" ten="250,250,250,250" oya="0" hai0="0,46,51,95,9,44,21,98,25,105,91,116,70" hai1="124,24,96,117,68,109,54,106,17,73,127,122,13" hai2="57,99,90,56,59,61,135,2,80,52,71,10,40" hai3="45,69,31,108,82,26,39,64,129,93,72,28,32"/><T101/><D116/><U66/><E117/><V132/><F71/><W83/><G108/><T86/><D70/><U8/><E122/><V111/><F111/><W20/><G72/><T88/><D91/><U16/><E73/><V18/><F40/><W30/><G129/><T41/><D46/><U114/><E109/><V37/><F37/><W112/><G112/><T49/><D9/><U120/><E120/><V85/><F99/><W134/><G134/><N who="2" m="51241" /><F18/><W74/><G32/><T81/><D0/><U12/><E114/><V67/><F67/><W50/><G39/><T133/><D133/><U94/><E106/><V7/><AGARI ba="0,0" hai="2,7,10,52,56,57,59,61,80,85,90" m="51241" machi="7" ten="30,2000,0" yaku="20,1,54,1" doraHai="89" who="2" fromWho="2" sc="250,-10,250,-5,250,20,250,-5" />
</Scene>
<Scene>
<INIT seed="1,0,0,3,3,124" ten="240,245,270,245" oya="1" hai0="71,53,116,44,8,100,51,30,97,67,105,13,3" hai1="17,118,62,25,119,32,86,89,129,103,110,112,0" hai2="127,88,122,5,40,29,106,76,63,19,126,79,87" hai3="61,57,83,104,26,70,60,95,111,18,9,31,93"/><U42/><E112/><V92/><F122/><W41/><G104/><T6/><D116/><U50/><E0/><V81/><F106/><W107/><G107/><T90/><D30/><U52/><E103/><V1/><F29/><W21/><G111/><T12/><D71/><U36/><E110/><V117/><F117/><W4/><G41/><T15/><D67/><U59/><E32/><V98/><F40/><W99/><G83/><T125/><D125/><N who="2" m="47626" /><F63/><W68/><G18/><T10/><REACH who="0" step="1"/><D90/><REACH who="0" ten="230,245,270,245" step="2"/><U54/><E118/><V56/><F88/><W14/><G70/><T27/><D27/><U69/><E119/><V43/><F79/><W58/><G68/><T75/><D75/><U102/><E69/><V128/><F76/><W135/><G135/><T38/><D38/><U65/><E36/><V37/><F37/><W130/><G31/><T91/><D91/><U2/><E89/><V96/><F81/><W73/><G73/><T133/><D133/><U7/><E25/><V49/><F96/><W123/><G99/><T85/><D85/><U78/><E86/><V33/><F87/><W35/><G26/><T55/><D55/><U34/><E52/><V82/><F82/><W64/><G64/><T48/><D48/><U114/><E50/><V23/><F49/><W24/><G24/><T94/><D94/><U46/><E54/><V11/><F92/><W20/><G95/><T131/><D131/><U72/><E129/><V109/><F128/><W47/><G130/><T120/><D120/><U113/><E72/><V132/><F98/><W134/><G123/><T84/><D84/><RYUUKYOKU ba="0,1" sc="230,30,245,-10,270,-10,245,-10" hai0="3,6,8,10,12,13,15,44,51,53,97,100,105" />
</Scene>
<Scene>
<INIT seed="2,1,1,0,2,109" ten="260,235,260,235" oya="2" hai0="100,101,68,76,97,91,3,25,73,70,106,11,85" hai1="121,120,89,104,78,33,65,108,67,129,119,5,105" hai2="12,82,86,56,16,20,54,10,28,79,114,88,9" hai3="21,99,131,102,61,32,134,94,60,2,36,116,51"/><V90/><F114/><W27/><G116/><T14/><D3/><U113/><E119/><V19/><F28/><W8/><G36/><T6/><D101/><U66/><E108/><V71/><F71/><W46/><G32/><T4/><D4/><U118/><E118/><V30/><F30/><W52/><G134/><T29/><D76/><U84/><E33/><V125/><F125/><W83/><G131/><T103/><D103/><U130/><E78/><V44/><F44/><W41/><G83/><T49/><D49/><U58/><E5/><V40/><F40/><W55/><G8/><N who="2" m="3177" /><F19/><N who="3" m="12735" /><G2/><T81/><REACH who="0" step="1"/><D73/><REACH who="0" ten="250,235,260,235" step="2"/><U72/><E72/><V107/><F107/><W115/><G115/><T127/><D127/><U77/><E113/><V128/><F128/><N who="1" m="49257" /><E77/><V39/><F39/><W53/><AGARI ba="1,2" hai="41,46,51,52,53,55,60,61,94,99,102" m="12735" machi="53" ten="30,2000,0" yaku="8,1,54,1" doraHai="109" who="3" fromWho="3" sc="250,-6,235,-6,260,-11,235,43" />
</Scene>
<Scene>
<INIT seed="3,0,0,2,1,37" ten="244,229,249,278" oya="3" hai0="24,72,77,26,119,123,133,81,4,14,90,121,134" hai1="113,79,84,99,49,5,109,39,117,92,53,124,88" hai2="135,45,91,18,74,16,56,70,116,42,15,22,76" hai3="65,95,63,61,13,52,120,82,87,8,21,17,83"/><W130/><G120/><N who="0" m="46155" /><D4/><U115/><E109/><V128/><F116/><W7/><G130/><T68/><D68/><U75/><E117/><V20/><F128/><W73/><G73/><T96/><D14/><U122/><E122/><V107/><F135/><N who="0" m="51722" /><D26/><U35/><E124/><V105/><F70/><W10/><G10/><T23/><D24/><U85/><E35/><V106/><F56/><N who="3" m="34951" /><G63/><T38/><D38/><U129/><E129/><V89/><F76/><W102/><G65/><T30/><D23/><U59/><E5/><V48/><REACH who="2" step="1"/><F74/><REACH who="2" ten="244,229,239,278" step="2"/><W31/><G31/><T64/><D30/><U118/><E79/><V41/><F41/><W62/><G62/><T19/><D64/><U110/><E75/><V27/><AGARI ba="0,1" hai="15,16,18,20,22,27,42,45,48,89,91,105,106,107" machi="27" ten="30,8000,1" yaku="1,1,0,1,52,1,54,1,53,1" doraHai="37" doraHaiUra="11" who="2" fromWho="2" sc="244,-20,229,-20,239,90,278,-40" />
</Scene>
<Scene>
<INIT seed="4,0,0,5,4,10" ten="224,209,329,238" oya="0" hai0="94,22,73,42,130,87,65,35,62,81,37,119,47" hai1="96,38,64,105,80,75,121,131,117,43,85,76,44" hai2="29,83,114,40,95,112,48,5,118,101,20,134,110" hai3="0,127,84,16,27,6,18,69,24,13,33,55,98"/><T106/><D106/><U115/><E117/><V51/><F110/><W124/><G69/><T52/><D35/><U133/><E121/><V45/><F118/><W86/><G98/><T88/><D119/><U66/><E131/><V71/><F71/><W12/><G55/><T19/><D130/><U74/><E133/><V108/><F108/><W93/><G33/><T14/><D73/><U104/><E115/><N who="2" m="44075" /><F134/><W82/><G93/><T125/><D125/><N who="3" m="48201" /><G6/><T61/><D65/><U120/><E120/><V126/><F126/><W78/><G86/><T1/><D1/><U46/><E46/><V109/><F109/><W7/><G7/><T107/><D107/><U36/><E36/><V99/><F5/><W30/><G0/><T59/><D81/><U89/><E75/><V123/><F83/><W77/><G77/><T8/><D8/><U103/><REACH who="1" step="1"/><E105/><REACH who="1" ten="224,199,329,238" step="2"/><V91/><F123/><W11/><G30/><T4/><REACH who="0" step="1"/><D4/><REACH who="0" ten="214,199,329,238" step="2"/><U56/><E56/><V92/><F45/><W50/><G50/><AGARI ba="0,2" hai="14,19,22,37,42,47,50,52,59,61,62,87,88,94" machi="50" ten="30,24000,3" yaku="1,1,2,1,7,1,25,2,52,1,54,2,53,0" doraHai="10" doraHaiUra="122" who="0" fromWho="3" sc="214,260,199,0,329,0,238,-240" owari="474,57.0,199,-20.0,329,13.0,-2,-50.0" />
</Scene>
</mjloggm>