<mjloggm ver="2.3"><GO type="169"/><UN n0="%E5%A4%AA%E3%81%8F%E3%81%AA%E3%81%84%E3%81%8A" n1="%4E%69%65%6C" n2="%E3%83%AD%E3%83%AA%E3%83%BC%E3%82%BF%E3%81%AA%E7%84%BC%E8%82%89" n3="%E6%9C%88%E5%8D%83%E4%B8%80%E5%A4%9C" dan="17,16,17,16" rate="2183,2021,2118,2057" sx="M,M,M,F"/><TAIKYOKU oya="0"/>

<Scene>
<INIT seed="0,0,0,4,3,135" ten="250,250,250,250" oya="0" hai0="109,86,130,104,121,134,35,106,98,21,26,105,119" hai1="55,116,67,33,99,92,16,57,76,43,36,127,6" hai2="64,132,34,84,70,75,111,126,62,18,1,74,82" hai3="29,13,72,94,95,24,80,97,4,73,54,25,79"/><T112/><D121/><U87/><E116/><V113/><F132/><W11/><G73/><T8/><D134/><U28/><E6/><V37/><F37/><W89/><G29/><T12/><D119/><U78/><E67/><V120/><F120/><W42/><G42/><T91/><D112/><U93/><E28/><V22/><F34/><W96/><REACH who="3" step="1"/><G54/><REACH who="3" ten="250,250,250,240" step="2"/><T58/><D35/><U39/><E55/><V125/><F113/><W85/><G85/><T81/><D130/><U48/><E43/><V0/><F75/><W7/><G7/><T129/><D129/><U63/><E87/><V107/><F74/><W66/><G66/><T20/><D109/><U50/><E39/><V128/><F111/><W61/><G61/><T122/><D122/><U17/><E36/><V52/><F128/><W32/><G32/><T10/><D98/><U27/><E33/><V123/><F123/><W15/><G15/><T47/><D12/><U71/><E63/><V88/><F52/><W103/><AGARI ba="0,1" hai="4,11,13,24,25,72,79,80,89,94,95,96,97,103" machi="103" ten="20,5200,0" yaku="1,1,0,1,7,1,53,1" doraHai="135" doraHaiUra="5" who="3" fromWho="3" sc="250,-26,250,-13,250,-13,240,62" />
</Scene>
<Scene>
<INIT seed="1,0,0,3,5,50" ten="224,237,237,302" oya="1" hai0="88,90,98,127,1,118,63,108,112,16,25,119,38" hai1="24,92,60,69,44,55,78,97,125,6,72,101,129" hai2="68,94,105,47,56,22,75,30,35,89,19,124,40" hai3="53,28,76,77,130,116,121,59,49,132,96,103,64"/><U62/><E125/><V80/><F124/><W131/><G121/><T93/><D112/><U84/><E129/><N who="3" m="49162" /><G132/><T82/><D127/><U54/><E72/><V51/><F68/><W107/><G116/><T39/><D1/><U27/><E69/><V33/><F105/><W91/><G28/><T85/><D108/><U32/><E6/><V65/><F30/><W10/><G10/><T106/><D106/><U114/><E114/><V87/><F65/><W52/><G64/><T8/><D63/><N who="1" m="24107" /><E32/><V42/><F42/><W66/><G91/><T36/><REACH who="0" step="1"/><D25/><REACH who="0" ten="214,237,237,302" step="2"/><N who="1" m="9803" /><E44/><V109/><F109/><W48/><G66/><T83/><D83/><AGARI ba="0,1" hai="54,55,78,83,84,92,97,101" m="9803,24107" machi="83" ten="30,5800,0" yaku="8,1,52,2" doraHai="50" who="1" fromWho="0" sc="214,-58,237,68,237,0,302,0" />
</Scene>
<Scene>
<INIT seed="1,1,0,4,2,115" ten="156,305,237,302" oya="1" hai0="51,33,0,21,6,52,107,56,67,132,46,120,108" hai1="68,111,84,32,16,34,92,117,89,64,85,20,62" hai2="59,36,45,100,105,76,103,133,49,112,135,114,42" hai3="66,12,18,11,65,30,124,71,4,15,98,123,116"/><U128/><E117/><V83/><F59/><W39/><G123/><T50/><D33/><U63/><E128/><V82/><F49/><W79/><G39/><T54/><D107/><U22/><E111/><V90/><F90/><W8/><G116/><T78/><D108/><U61/><E22/><V95/><F95/><W31/><G124/><T88/><D120/><U131/><E131/><V28/><F28/><W9/><G79/><T106/><D106/><U14/><E61/><V37/><F76/><W47/><G47/><T87/><D132/><U118/><E118/><V73/><F105/><W101/><G71/><T58/><D78/><U91/><REACH who="1" step="1"/><E63/><REACH who="1" ten="156,295,237,302" step="2"/><V55/><F133/><W96/><G9/><T122/><D122/><U104/><E104/><V77/><F135/><W53/><G8/><T24/><D67/><U17/><E17/><V93/><F114/><W3/><G18/><T119/><D119/><U109/><E109/><V70/><F112/><W29/><G65/><T57/><D6/><U97/><E97/><V44/><F36/><W126/><G66/><T81/><D0/><U25/><E25/><V94/><F37/><W27/><G27/><T60/><D60/><U26/><E26/><V5/><F5/><W74/><G98/><T69/><D69/><U130/><E130/><V35/><F70/><W1/><G96/><T10/><D10/><U80/><AGARI ba="1,1" hai="14,16,20,32,34,62,64,68,80,84,85,89,91,92" machi="80" ten="20,7800,0" yaku="1,1,0,1,7,1,54,1,53,0" doraHai="115" doraHaiUra="43" who="1" fromWho="1" sc="156,-27,295,91,237,-27,302,-27" />
</Scene>
<Scene>
<INIT seed="1,2,0,5,3,98" ten="129,386,210,275" oya="1" hai0="94,69,123,83,33,120,29,126,100,27,93,48,108" hai1="60,59,97,107,31,112,46,0,87,36,101,74,77" hai2="8,122,53,22,67,111,44,127,99,92,3,7,109" hai3="11,80,82,9,41,79,30,45,68,20,26,50,78"/><U5/><E112/><V71/><F122/><N who="0" m="46634" /><D69/><U55/><E31/><V2/><F2/><W61/><G68/><T106/><D108/><N who="2" m="41546" /><F127/><W84/><REACH who="3" step="1"/><G61/><REACH who="3" ten="129,386,210,265" step="2"/><T114/><D114/><U81/><E60/><V56/><F71/><W90/><G90/><T117/><D126/><U32/><E77/><V38/><F67/><W64/><G64/><T102/><D117/><U28/><E32/><V51/><F22/><W103/><G103/><N who="0" m="39467" /><D106/><U73/><E107/><V47/><F38/><W43/><G43/><T85/><D48/><U19/><E36/><V119/><F119/><W25/><G25/><T13/><D13/><U75/><E0/><V14/><F3/><W57/><G57/><T39/><D39/><U95/><E59/><V125/><F125/><W132/><G132/><T124/><D124/><U115/><E115/><V134/><F134/><W18/><G18/><T24/><D27/><U104/><E104/><V23/><F56/><W129/><G129/><T128/><D128/><U89/><E46/><V65/><F47/><W70/><G70/><T133/><D133/><U96/><E89/><AGARI ba="2,1" hai="24,29,33,83,85,89,93,94" m="39467,46634" machi="89" ten="30,7700,0" yaku="13,1,52,3" doraHai="98" who="0" fromWho="1" sc="129,93,386,-83,210,0,265,0" />
</Scene>
<Scene>
<INIT seed="2,0,0,5,3,63" ten="222,303,210,265" oya="2" hai0="122,119,102,58,87,4,5,80,135,130,28,38,73" hai1="14,36,107,62,17,128,54,2,41,68,11,31,10" hai2="131,16,115,94,78,56,110,6,51,23,83,61,39" hai3="21,43,100,19,65,91,57,48,22,112,64,127,60"/><V114/><F39/><W117/><G117/><T27/><D122/><U118/><E118/><V59/><F110/><W20/><G127/><T52/><D119/><U99/><E128/><V46/><F131/><W116/><G116/><T90/><D130/><U93/><E107/><V70/><F6/><W84/><G100/><T77/><D102/><U76/><E76/><V44/><F94/><W72/><G72/><T82/><D38/><U24/><E41/><V121/><F121/><W3/><G3/><T133/><D135/><U34/><E36/><V108/><F108/><W26/><G112/><T101/><D101/><U13/><E2/><V8/><F8/><W15/><G26/><T12/><D12/><U55/><E62/><V113/><F70/><W126/><G126/><T125/><D133/><U32/><E68/><V71/><F71/><W35/><G35/><T120/><D120/><U79/><E79/><V106/><F106/><W69/><G69/><T7/><D125/><U45/><E45/><V29/><F29/><W75/><G75/><T88/><D90/><U134/><E34/><V47/><F51/><W37/><G37/><T0/><D0/><U18/><REACH who="1" step="1"/><E134/><REACH who="1" ten="222,293,210,265" step="2"/><V86/><REACH who="2" step="1"/><F61/><REACH who="2" ten="222,293,200,265" step="2"/><W98/><G60/><T67/><D73/><U40/><E40/><V95/><F95/><W85/><G43/><T109/><D109/><U81/><E81/><V53/><F53/><W42/><G42/><T105/><D52/><U74/><E74/><V92/><F92/><N who="3" m="56607" /><G48/><T96/><D105/><U89/><AGARI ba="0,2" hai="10,11,13,14,17,18,24,31,32,54,55,89,93,99" machi="89" ten="20,5200,0" yaku="1,1,0,1,7,1,9,1,53,0" doraHai="63" doraHaiUra="104" who="1" fromWho="1" sc="222,-13,293,72,200,-26,265,-13" />
</Scene>
<Scene>
<INIT seed="3,0,0,0,3,130" ten="209,365,174,252" oya="3" hai0="88,74,65,54,1,31,85,42,41,64,3,5,76" hai1="125,110,30,45,82,119,59,86,126,2,24,34,56" hai2="94,72,78,115,26,102,40,81,13,62,17,122,128" hai3="7,118,95,117,104,21,112,61,87,37,132,93,11"/><W131/><G112/><T116/><D116/><U92/><E110/><V114/><F122/><W15/><G104/><T20/><D74/><U8/><E119/><V14/><F128/><W90/><G131/><T80/><D3/><U101/><E45/><V70/><F40/><N who="0" m="15466" /><D1/><U103/><E8/><V53/><F26/><W18/><G37/><T49/><D5/><U75/><E75/><V135/><F135/><W134/><G61/><T46/><D76/><U52/><E2/><V19/><F14/><N who="3" m="5503" /><G93/><T108/><D108/><U25/><E25/><AGARI ba="0,0" hai="20,25,31,46,49,54,64,65,80,85,88" m="15466" machi="25" ten="30,2000,0" yaku="8,1,54,1" doraHai="130" who="0" fromWho="1" sc="209,20,365,-20,174,0,252,0" />
</Scene>
<Scene>
<INIT seed="4,0,0,1,4,12" ten="229,345,174,252" oya="0" hai0="81,83,122,57,52,60,18,91,98,78,121,1,73" hai1="128,26,70,59,86,104,42,13,123,11,53,114,108" hai2="118,96,88,17,7,85,48,64,103,41,66,113,50" hai3="69,105,16,56,44,47,94,25,126,38,133,51,24"/><T43/><D1/><U71/><E108/><V76/><F113/><W2/><G105/><T87/><D43/><U100/><E123/><V97/><F7/><W46/><G2/><T15/><REACH who="0" step="1"/><D98/><REACH who="0" ten="219,345,174,252" step="2"/><U111/><E42/><V23/><F41/><W125/><G38/><T21/><AGARI ba="0,1" hai="15,18,21,52,57,60,73,78,81,83,87,91,121,122" machi="21" ten="20,18000,2" yaku="1,1,2,1,0,1,7,1,52,1,54,1,53,0" doraHai="12" doraHaiUra="124" who="0" fromWho="0" sc="219,190,345,-60,174,-60,252,-60" />
</Scene>
<Scene>
<INIT seed="4,1,0,4,2,121" ten="409,285,114,192" oya="0" hai0="77,122,114,48,24,37,64,54,71,45,6,98,43" hai1="83,112,108,74,89,46,56,32,36,16,72,11,8" hai2="73,38,81,30,53,31,26,80,50,9,128,60,99" hai3="41,127,84,68,94,35,47,129,10,117,85,100,19"/><T1/><D122/><U96/><E108/><V39/><F128/><W97/><G117/><T119/><D119/><U51/><E32/><V3/><F60/><W123/><G123/><T28/><D114/><U105/><E36/><V62/><F62/><W103/><G68/><T22/><D77/><U33/><E33/><V44/><F99/><W5/><G35/><T18/><D98/><U107/><E107/><V57/><F38/><W13/><G127/><T55/><D71/><U61/><E105/><V52/><F73/><W132/><G132/><T86/><D64/><U4/><E4/><V70/><F70/><W58/><G58/><T65/><D65/><U92/><E112/><V40/><F53/><W109/><G100/><T102/><D102/><U106/><E106/><V34/><REACH who="2" step="1"/><F31/><REACH who="2" ten="409,285,104,192" step="2"/><W0/><G129/><T2/><D54/><U75/><E75/><V29/><F29/><W87/><G109/><T63/><D63/><U82/><E74/><V79/><F79/><W120/><G120/><T66/><D66/><U116/><E72/><V118/><F118/><W113/><G113/><T12/><D86/><U133/><E116/><V125/><F125/><W126/><G126/><T14/><D37/><U131/><E131/><V20/><F20/><W95/><G85/><T17/><D55/><U88/><E96/><V15/><F15/><W110/><G110/><T76/><D76/><U78/><E78/><V67/><F67/><W134/><G134/><T42/><D14/><U93/><E61/><V23/><F23/><N who="3" m="11759" /><G94/><T25/><D12/><N who="1" m="7175" /><E92/><V111/><F111/><W21/><G21/><RYUUKYOKU ba="1,1" sc="409,-15,285,-15,104,15,192,15" hai2="3,9,26,30,34,39,40,44,50,52,57,80,81" hai3="0,5,10,41,47,84,87,95,97,103" />
</Scene>
<Scene>
<INIT seed="5,2,1,4,0,65" ten="394,270,119,207" oya="1" hai0="100,16,52,74,96,91,26,28,121,25,70,60,5" hai1="127,108,7,104,134,2,61,11,10,73,120,41,72" hai2="102,40,122,103,115,118,85,125,29,84,67,23,43" hai3="133,13,87,110,123,135,62,128,36,113,106,3,24"/><U97/><E120/><V56/><F122/><W77/><G36/><T46/><D121/><U9/><E127/><V89/><F118/><W12/><G3/><T57/><D74/><U17/><E134/><V42/><F125/><W38/><G38/><T15/><D5/><U55/><E108/><V132/><F132/><W81/><G106/><T59/><D70/><U18/><E41/><V119/><F119/><W64/><G110/><T99/><D46/><U32/><E32/><V0/><F0/><W92/><G123/><T19/><D91/><U130/><E130/><V95/><F115/><W116/><G113/><T124/><D124/><U93/><E104/><V50/><F85/><W69/><G128/><T49/><D19/><U114/><E114/><V101/><F67/><W58/><G116/><T79/><D79/><U48/><E61/><V37/><F37/><W126/><G126/><T82/><D82/><U4/><E72/><V39/><F39/><W44/><G69/><T14/><D14/><U27/><E73/><V8/><F8/><W75/><G75/><T80/><D80/><U31/><E31/><V66/><F66/><W107/><G107/><T54/><D28/><U71/><E71/><V1/><F1/><W47/><G133/><T105/><D96/><U83/><E83/><V90/><F90/><W98/><G135/><T112/><D112/><U129/><E129/><V131/><F131/><W30/><G12/><T76/><D76/><U20/><E2/><V111/><F111/><W22/><G13/><T117/><D117/><U51/><E18/><V68/><F29/><RYUUKYOKU ba="2,1" sc="394,15,270,-15,119,-15,207,15" hai0="15,16,25,26,49,52,54,57,59,60,99,100,105" hai3="22,24,30,44,47,58,62,64,77,81,87,92,98" />
</Scene>
<Scene>
<INIT seed="6,3,1,5,3,98" ten="409,255,104,222" oya="2" hai0="99,68,112,56,134,92,53,84,95,102,123,97,106" hai1="16,108,35,130,33,45,55,113,111,104,96,22,25" hai2="41,58,0,29,24,15,31,135,27,23,6,13,121" hai3="126,132,11,57,17,63,100,30,103,4,40,91,81"/><V107/><F107/><W114/><G132/><T70/><D123/><U101/><E113/><V1/><F41/><W82/><G126/><T37/><D37/><U116/><E116/><V64/><F121/><W42/><G114/><T86/><D112/><U80/><E130/><V67/><F58/><W62/><G30/><T119/><D134/><U74/><E74/><V120/><F120/><W7/><G17/><T52/><D119/><U118/><E118/><V46/><F46/><W44/><G44/><T87/><D106/><U79/><E79/><V18/><F135/><W8/><G57/><T50/><D53/><U72/><E80/><V61/><F61/><W133/><G133/><T83/><D83/><U90/><E72/><V125/><F125/><W34/><REACH who="3" step="1"/><G91/><REACH who="3" ten="409,255,104,212" step="2"/><T131/><D131/><U60/><E90/><V3/><F67/><W12/><G12/><N who="2" m="4681" /><F64/><W48/><G48/><T109/><D109/><U36/><E111/><V39/><F39/><W43/><G43/><T122/><D122/><U75/><E108/><V51/><F51/><W38/><G38/><T129/><D129/><U20/><E36/><V71/><F71/><W124/><G124/><T49/><D50/><U21/><E45/><V28/><F6/><W77/><G77/><T26/><D70/><U65/><E65/><V14/><AGARI ba="3,2" hai="0,1,3,14,18,23,24,27,28,29,31" m="4681" machi="14" ten="40,12000,1" yaku="35,5" doraHai="98" who="2" fromWho="2" sc="409,-43,255,-43,104,149,212,-43" />
</Scene>
<Scene>
<INIT seed="6,4,0,1,4,17" ten="366,212,253,169" oya="2" hai0="21,122,2,76,68,3,93,110,118,91,130,12,46" hai1="89,42,33,43,133,95,104,60,80,85,65,4,73" hai2="87,71,106,58,131,50,115,92,90,15,69,135,113" hai3="117,94,111,82,6,99,8,10,5,25,24,128,48"/><V22/><F106/><W61/><G117/><T44/><D110/><U116/><E133/><V124/><F135/><W120/><G120/><T88/><D122/><U101/><E116/><V125/><F131/><W41/><G128/><T40/><D118/><U84/><E33/><V9/><F22/><W77/><G111/><T97/><D68/><N who="2" m="26186" /><F58/><W119/><G119/><T63/><D130/><U13/><E73/><V27/><F50/><W114/><G114/><N who="2" m="43529" /><F27/><W72/><G61/><T132/><D132/><U66/><E104/><V108/><F108/><W18/><G24/><T19/><D63/><U0/><E60/><V52/><F52/><W107/><G107/><T14/><D46/><U30/><E43/><V127/><F127/><W16/><G25/><T79/><D44/><U55/><E42/><V64/><F64/><W126/><G126/><T23/><D40/><U102/><E55/><V75/><F75/><W57/><G41/><T123/><D123/><U47/><E47/><V83/><F83/><W20/><G48/><T1/><D23/><U37/><E66/><V39/><F39/><W100/><G20/><T105/><D105/><U109/><E65/><V56/><F56/><W134/><G57/><T45/><D45/><U36/><E37/><V81/><F81/><W54/><G54/><T70/><D70/><U49/><E36/><V59/><F59/><W29/><G134/><T28/><D21/><U129/><E49/><V96/><F96/><W74/><G74/><T7/><D97/><U103/><E129/><V26/><F26/><W11/><G29/><T51/><D28/><RYUUKYOKU ba="4,0" sc="366,-15,212,-15,253,15,169,15" hai2="9,15,87,90,92,124,125" hai3="5,6,8,10,11,16,18,72,77,82,94,99,100" />
</Scene>
<Scene>
<INIT seed="6,5,0,2,3,131" ten="351,197,268,184" oya="2" hai0="54,36,42,26,106,134,95,109,98,102,51,80,79" hai1="45,82,34,75,28,22,64,27,48,70,120,52,122" hai2="119,123,53,9,68,112,33,44,67,83,10,2,101" hai3="43,113,117,97,8,49,93,129,15,81,100,30,124"/><V125/><F33/><W4/><G117/><T60/><D109/><U0/><E0/><V6/><F119/><W91/><G129/><T46/><D134/><U11/><E11/><V55/><F123/><N who="1" m="47145" /><E64/><V62/><F125/><W38/><G124/><T88/><D26/><N who="1" m="18711" /><E70/><V111/><F111/><W118/><G118/><T1/><D1/><U114/><E114/><V128/><F128/><W77/><G113/><T50/><D60/><U110/><E110/><V17/><F101/><W3/><G30/><T105/><D102/><U7/><E7/><V13/><F112/><W23/><G38/><T5/><D5/><U56/><E82/><V132/><F132/><W89/><G3/><T69/><D69/><U65/><E65/><V92/><F83/><W41/><G23/><T66/><D66/><U133/><E133/><V135/><F135/><W74/><REACH who="3" step="1"/><G49/><REACH who="3" ten="351,197,268,174" step="2"/><T86/><D51/><U85/><E48/><N who="2" m="28807" /><F2/><W24/><G24/><T35/><D35/><U87/><E45/><AGARI ba="5,1" hai="36,42,45,46,50,54,79,80,86,88,95,98,105,106" machi="45" ten="30,2000,0" yaku="7,1,54,1" doraHai="131" who="0" fromWho="1" sc="351,45,197,-35,268,0,174,0" />
</Scene>
<Scene>
<INIT seed="7,0,0,3,2,14" ten="396,162,268,174" oya="3" hai0="72,31,113,30,50,94,69,68,135,83,57,54,88" hai1="5,112,116,3,51,42,23,95,25,86,82,44,36" hai2="100,97,29,41,98,28,78,27,117,133,84,111,79" hai3="134,105,122,32,66,37,43,114,127,48,33,55,131"/><W120/><G105/><T40/><D135/><U126/><E112/><V24/><F133/><W130/><G134/><T9/><D113/><U93/><E126/><V35/><F111/><W60/><G114/><T103/><D103/><U91/><E116/><V38/><F117/><W10/><G10/><T7/><D40/><U110/><E110/><V16/><F41/><W8/><G8/><T81/><D68/><U12/><E3/><V53/><F53/><W61/><G32/><T76/><D69/><U47/><E12/><V58/><F58/><N who="3" m="33127" /><G33/><T45/><D83/><U22/><E5/><V67/><F38/><W34/><G34/><T17/><D17/><U62/><E62/><N who="3" m="24170" /><G66/><T59/><D59/><U125/><E125/><V89/><F67/><W90/><G90/><T52/><D54/><U119/><E119/><V77/><F89/><W49/><G37/><T70/><D57/><U20/><REACH who="1" step="1"/><E25/><REACH who="1" ten="396,152,268,174" step="2"/><V101/><F27/><W19/><G127/><T1/><D70/><U4/><E4/><V26/><F24/><W18/><G120/><T118/><D118/><U128/><E128/><N who="3" m="49194" /><G122/><T56/><D56/><U46/><E46/><AGARI ba="0,1" hai="18,19,43,46,49" m="49194,24170,33127" machi="46" ten="30,5800,0" yaku="19,1,52,2" doraHai="14" who="3" fromWho="1" sc="396,0,152,-58,268,0,174,68" />
</Scene>
<Scene>
<INIT seed="7,1,0,5,4,76" ten="396,94,268,242" oya="3" hai0="8,79,67,45,114,84,107,121,33,32,85,48,24" hai1="26,134,44,58,90,54,106,88,50,9,69,102,117" hai2="108,118,101,11,91,63,10,87,119,100,5,81,34" hai3="28,17,132,38,129,109,96,42,93,71,68,40,133"/><W122/><G122/><T123/><D107/><U25/><E117/><V22/><F34/><W56/><G28/><T110/><D110/><U6/><E134/><N who="3" m="51818" /><G129/><T127/><D67/><U89/><E69/><N who="3" m="26698" /><G109/><T55/><D8/><U52/><E102/><V15/><F108/><W30/><G30/><T115/><D127/><U2/><REACH who="1" step="1"/><E106/><REACH who="1" ten="396,84,268,242" step="2"/><V1/><F101/><N who="3" m="60559" /><G38/><T66/><D121/><U35/><E35/><V36/><F100/><W47/><G47/><T130/><D123/><U37/><E37/><V16/><F36/><W23/><G56/><T18/><D33/><U59/><E59/><V64/><F11/><W46/><G46/><T19/><D32/><U128/><E128/><V111/><F111/><W112/><G112/><T53/><D130/><U97/><E97/><V103/><F103/><W86/><G86/><T94/><D84/><U65/><E65/><V31/><F31/><W13/><AGARI ba="1,1" hai="13,17,23,40,42" m="60559,26698,51818" machi="13" ten="30,1500,0" yaku="20,1" doraHai="76" who="3" fromWho="3" sc="396,-6,84,-6,268,-6,242,28" />
</Scene>
<Scene>
<INIT seed="7,2,0,2,2,30" ten="390,78,262,270" oya="3" hai0="75,0,89,111,44,48,8,34,109,71,92,7,83" hai1="77,63,94,123,35,91,130,100,93,79,55,125,127" hai2="119,21,45,96,66,81,58,107,122,113,110,41,85" hai3="20,106,31,46,86,6,38,74,70,61,1,13,104"/><W78/><G74/><T12/><D34/><U128/><E55/><V28/><F110/><W67/><G1/><T43/><D71/><U131/><E63/><N who="2" m="38263" /><F107/><W80/><G6/><T88/><D0/><U95/><E35/><V47/><F119/><W120/><G120/><T82/><D89/><U115/><E123/><V3/><F3/><W76/><G76/><N who="1" m="29258" /><E100/><V50/><F122/><W17/><REACH who="3" step="1"/><G31/><REACH who="3" ten="390,78,262,260" step="2"/><T16/><D7/><U118/><E118/><V87/><F113/><W97/><G97/><T42/><D75/><U19/><E19/><V25/><F96/><W98/><G98/><N who="0" m="57607" /><D111/><U65/><E65/><V18/><F28/><W53/><G53/><N who="0" m="29831" /><D109/><U40/><E40/><AGARI ba="2,1" hai="13,17,20,38,40,46,61,67,70,78,80,86,104,106" machi="40" ten="40,2000,0" yaku="1,1,53,0" doraHai="30" doraHaiUra="133" who="3" fromWho="1" sc="390,0,78,-26,262,0,260,36" /><AGARI ba="2,0" hai="8,12,16,40,42,43,82,83" m="29831,57607" machi="40" ten="30,3900,0" yaku="8,1,54,2" doraHai="30" who="0" fromWho="1" sc="390,39,52,-39,262,0,296,0" />
</Scene>
<Scene>
<INIT seed="7,3,0,3,5,102" ten="429,13,262,296" oya="3" hai0="36,30,57,25,19,0,82,85,55,2,33,125,108" hai1="106,42,91,27,40,8,100,107,15,88,22,29,44" hai2="5,87,53,95,37,115,48,76,111,104,75,97,62" hai3="39,54,3,24,101,7,69,103,133,50,12,116,60"/><W9/><G116/><T73/><D108/><U21/><E100/><N who="2" m="62479" /><F37/><W80/><G133/><T135/><D36/><U118/><E118/><V83/><F62/><W47/><G39/><T52/><D73/><U1/><E1/><V43/><F43/><W120/><G120/><T64/><D135/><U65/><E65/><V114/><F5/><W31/><G3/><T6/><D125/><U84/><E84/><V32/><F32/><W38/><G38/><T23/><D64/><U46/><E27/><V14/><F14/><W89/><G69/><T129/><D129/><U123/><E29/><V121/><F48/><W98/><G60/><T119/><D119/><U128/><E15/><V122/><F53/><W90/><G80/><T17/><D55/><U126/><E8/><V96/><F111/><W72/><G72/><T66/><D66/><U20/><E20/><V68/><F68/><W51/><G51/><T67/><D67/><U92/><E92/><V11/><F11/><W105/><REACH who="3" step="1"/><G103/><REACH who="3" ten="429,13,262,286" step="2"/><T10/><D2/><U58/><E58/><V93/><F75/><W127/><G127/><T112/><D82/><U130/><REACH who="1" step="1"/><E126/><REACH who="1" ten="429,3,262,286" step="2"/><V45/><F95/><W94/><G94/><T35/><D0/><U28/><E28/><V99/><F93/><W132/><G132/><T113/><D30/><U109/><E109/><V71/><F71/><W13/><G13/><T18/><D57/><U124/><E124/><V26/><F83/><W4/><G4/><T34/><D6/><U61/><E61/><V49/><F87/><W59/><G59/><T63/><D85/><U81/><E81/><RYUUKYOKU ba="3,2" sc="429,-15,3,15,262,-15,286,15" hai1="21,22,40,42,44,46,88,91,106,107,123,128,130" hai3="7,9,12,24,31,47,50,54,89,90,98,101,105" />
</Scene>
<Scene>
<INIT seed="7,4,2,4,4,36" ten="414,18,247,301" oya="3" hai0="99,48,78,8,86,84,60,14,11,69,71,74,75" hai1="85,63,61,120,118,44,115,116,16,83,6,4,98" hai2="54,88,134,57,62,114,130,121,89,131,65,82,111" hai3="90,59,35,81,23,97,58,96,108,113,64,9,28"/><W87/><G35/><T70/><D60/><U91/><E120/><V129/><F111/><W21/><G108/><T56/><D99/><N who="3" m="37961" /><G113/><T135/><D135/><U49/><E115/><V95/><F114/><W17/><G28/><T12/><D56/><N who="3" m="21545" /><G64/><T40/><D78/><U18/><E98/><N who="2" m="57703" /><F134/><W109/><G109/><T66/><D66/><U104/><E104/><V73/><F121/><W50/><G50/><T31/><D31/><U22/><E118/><V0/><F0/><W68/><G68/><T51/><D71/><U80/><E116/><V122/><F122/><W43/><G43/><AGARI ba="4,2" hai="8,11,12,14,40,43,48,51,69,70,74,75,84,86" machi="43" ten="25,6400,0" yaku="22,2,52,2" doraHai="36" who="0" fromWho="3" sc="414,96,18,0,247,0,301,-76" owari="510,60.0,18,-48.0,247,5.0,225,-17.0" />
</Scene>
</mjloggm>