<mjloggm ver="2.3"><GO type="169"/><UN n0="%68%61%79%61%74%6F%E2%98%86" n1="%E6%9A%97%E3%81%84%E7%AC%A6" n2="%E5%A4%AA%E3%81%8F%E3%81%AA%E3%81%84%E3%81%8A" n3="%EF%BC%BC%28%EF%BC%BE%6F%EF%BC%BE%29%EF%BC%8F%E2%98%85" dan="17,16,17,18" rate="2132,2027,2156,2197" sx="M,M,M,M"/><TAIKYOKU oya="0"/>

<Scene>
<INIT seed="0,0,0,1,5,13" ten="250,250,250,250" oya="0" hai0="49,59,134,36,17,87,65,125,14,116,97,2,74" hai1="102,19,42,131,43,105,135,92,99,47,95,82,72" hai2="0,34,77,93,113,27,50,129,94,40,18,85,41" hai3="100,109,26,56,24,101,103,62,127,45,88,91,55"/><T83/><D2/><U133/><E43/><V76/><F0/><W1/><G1/><T16/><D36/><U8/><E72/><V35/><F113/><W118/><G118/><T66/><D74/><U104/><E82/><V81/><F129/><W112/><G112/><T57/><D116/><U64/><E64/><N who="0" m="24681" /><D125/><U31/><E31/><V58/><F77/><W86/><G127/><T119/><D119/><U111/><E131/><V23/><F35/><W84/><G109/><T3/><D3/><U107/><E111/><V44/><F34/><W78/><G78/><N who="0" m="46583" /><D134/><N who="1" m="51211" /><E95/><V53/><REACH who="2" step="1"/><F41/><REACH who="2" ten="250,250,240,250" step="2"/><W96/><G45/><T68/><D68/><U114/><E47/><V117/><F117/><W63/><G96/><T30/><D30/><U71/><E42/><V11/><F11/><W28/><G28/><T130/><D130/><U37/><E71/><V29/><F29/><W121/><G121/><T128/><D128/><U89/><E114/><V106/><F106/><W90/><REACH who="3" step="1"/><G63/><AGARI ba="0,1" hai="18,23,27,40,44,50,53,58,63,76,81,85,93,94" machi="63" ten="30,8000,1" yaku="1,1,7,1,8,1,52,1,53,1" doraHai="13" doraHaiUra="46" who="2" fromWho="3" sc="250,0,250,0,240,90,250,-80" />
</Scene>
<Scene>
<INIT seed="1,0,0,3,1,54" ten="250,250,330,170" oya="1" hai0="49,97,123,26,75,130,36,38,87,27,53,43,1" hai1="121,7,88,118,89,105,37,46,91,132,95,47,33" hai2="41,55,124,128,96,11,50,21,93,100,72,24,125" hai3="10,81,127,110,20,117,116,42,71,3,28,84,107"/><U30/><E105/><V98/><F72/><W39/><G107/><T32/><D75/><U66/><E7/><V104/><F41/><W106/><G106/><T82/><D1/><U122/><E118/><V131/><F11/><W73/><G71/><T6/><D123/><U113/><E37/><V18/><F98/><W16/><G110/><T94/><D6/><U57/><E113/><V14/><F24/><W134/><G134/><T74/><D74/><U44/><E132/><V2/><F2/><W112/><G112/><T8/><D8/><U86/><E30/><V126/><REACH who="2" step="1"/><F104/><REACH who="2" ten="250,250,320,170" step="2"/><W135/><G73/><T19/><D43/><U0/><E0/><V13/><F13/><W45/><G135/><T90/><D26/><U17/><E33/><V70/><F70/><W133/><G133/><T68/><D68/><U114/><E114/><V101/><F101/><W67/><G3/><T69/><D69/><U119/><E119/><V79/><F79/><W31/><G10/><T115/><D115/><U76/><E122/><V35/><F35/><W78/><G117/><T58/><D130/><U83/><E121/><V92/><F92/><W15/><G116/><T60/><D36/><U111/><E111/><V108/><F108/><W52/><G39/><T25/><D38/><U22/><E95/><V129/><F129/><W29/><G42/><T12/><D32/><U4/><E4/><V61/><F61/><W99/><G99/><T48/><D25/><N who="1" m="14543" /><E76/><V34/><F34/><W62/><G78/><N who="0" m="46551" /><D12/><U23/><E23/><AGARI ba="0,1" hai="19,23,27,48,49,53,58,60,90,94,97" m="46551" machi="23" ten="30,3900,0" yaku="25,1,8,1,52,1" doraHai="54" who="0" fromWho="1" sc="250,49,250,-39,320,0,170,0" />
</Scene>
<Scene>
<INIT seed="2,0,0,1,1,85" ten="299,211,320,170" oya="2" hai0="17,108,31,32,67,126,112,95,68,50,81,99,52" hai1="93,22,133,21,25,82,58,98,44,62,53,113,36" hai2="30,48,104,132,86,1,4,33,15,26,20,105,66" hai3="11,76,72,19,46,37,74,123,125,78,127,47,70"/><V55/><F132/><W109/><G70/><T131/><D112/><U120/><E133/><V54/><F66/><W115/><G123/><T40/><D40/><U84/><E113/><V60/><F60/><W79/><G115/><T61/><D131/><U134/><E134/><V118/><F118/><W42/><G109/><T28/><D126/><N who="3" m="48137" /><G47/><T83/><D108/><U129/><E129/><V13/><F55/><W56/><G56/><T111/><D111/><U27/><E36/><V100/><F86/><W122/><G122/><T0/><D0/><U6/><E6/><V38/><F38/><W24/><G24/><N who="1" m="9290" /><E44/><N who="2" m="27911" /><F15/><AGARI ba="0,0" hai="11,15,19,37,42,46,72,74,76,78,79" m="48137" machi="15" ten="30,1000,0" yaku="18,1" doraHai="85" who="3" fromWho="2" sc="299,0,211,0,320,-10,170,10" />
</Scene>
<Scene>
<INIT seed="3,0,0,5,2,98" ten="299,211,310,180" oya="3" hai0="57,133,75,108,72,117,77,109,96,63,16,120,134" hai1="73,25,89,41,53,114,74,24,102,54,129,44,113" hai2="19,11,47,95,121,6,39,20,49,79,32,132,35" hai3="17,122,13,90,14,31,83,107,26,4,105,93,131"/><W21/><G122/><T55/><D120/><U48/><E129/><V101/><F121/><W110/><G131/><T67/><D117/><U34/><E89/><V118/><F39/><W38/><G38/><T119/><D119/><U111/><E111/><N who="0" m="42569" /><D96/><U60/><E34/><V104/><F104/><W0/><G110/><T66/><D77/><U58/><E74/><N who="0" m="28201" /><D16/><U10/><E73/><V106/><F106/><W135/><G107/><T76/><D76/><U45/><E10/><V115/><F79/><W9/><G105/><T124/><D124/><U28/><E28/><V52/><F118/><W116/><G116/><T42/><D42/><U50/><E114/><V99/><F115/><W127/><G127/><T128/><D128/><U40/><E113/><V87/><F87/><W92/><G135/><AGARI ba="0,0" hai="55,57,63,66,67,133,134,135" m="28201,42569" machi="135" ten="40,2600,0" yaku="20,1,14,1" doraHai="98" who="0" fromWho="3" sc="299,26,211,0,310,0,180,-26" />
</Scene>
<Scene>
<INIT seed="4,0,0,2,1,75" ten="325,211,310,154" oya="0" hai0="107,59,115,133,44,130,11,63,57,40,42,20,30" hai1="121,7,69,21,9,56,14,31,17,54,113,126,78" hai2="6,120,123,105,98,110,82,43,46,41,53,83,102" hai3="94,106,65,128,68,131,112,67,29,114,50,111,117"/><T99/><D115/><N who="3" m="44073" /><G106/><T96/><D133/><U18/><E69/><V70/><F110/><W13/><G111/><T66/><D130/><N who="3" m="49705" /><G29/><T52/><D107/><U62/><E113/><V49/><F70/><W76/><G117/><T72/><D72/><U88/><E126/><V101/><F101/><W100/><G68/><T4/><D20/><U51/><E121/><V97/><F97/><N who="3" m="59447" /><G13/><N who="0" m="5351" /><D30/><U19/><E31/><V3/><F123/><W45/><G76/><T79/><D79/><U32/><E32/><V71/><F71/><W33/><G33/><T38/><D38/><U93/><E78/><V26/><F120/><W116/><G116/><T37/><D37/><U10/><E10/><V87/><F26/><W118/><G118/><T81/><D81/><U15/><REACH who="1" step="1"/><E62/><REACH who="1" ten="325,201,310,154" step="2"/><V36/><F105/><W28/><G28/><T64/><D63/><U119/><E119/><V60/><F60/><W122/><G122/><T47/><D64/><U8/><E8/><V132/><F132/><W127/><G127/><T34/><D66/><U22/><E22/><V58/><F3/><W39/><G39/><T91/><D34/><U124/><E124/><V80/><F36/><W48/><G48/><T5/><D5/><U103/><E103/><V135/><F6/><W35/><G35/><T61/><D61/><U27/><E27/><V90/><F135/><W84/><G67/><T12/><D12/><U109/><E109/><V73/><F73/><W129/><G65/><T92/><D91/><U77/><E77/><V134/><F134/><W1/><N who="3" m="49713" /><W108/><DORA hai="24" /><G108/><T0/><D0/><RYUUKYOKU ba="0,1" sc="325,-10,201,30,310,-10,154,-10" hai1="7,9,14,15,17,18,19,21,51,54,56,88,93" />
</Scene>
<Scene>
<INIT seed="5,1,1,2,3,102" ten="315,231,300,144" oya="1" hai0="70,114,100,1,96,107,118,63,34,125,86,14,74" hai1="59,95,122,79,39,124,84,36,121,104,113,0,17" hai2="13,75,133,57,119,28,99,18,32,15,116,43,8" hai3="54,25,132,128,103,81,41,67,61,109,105,49,60"/><U108/><E0/><V126/><F75/><W98/><G109/><T117/><D14/><U33/><E33/><V76/><F126/><W30/><G132/><T131/><D86/><U78/><E59/><V37/><F133/><W80/><G41/><T97/><D125/><U91/><E124/><V3/><F76/><N who="1" m="29225" /><E36/><V90/><F3/><W44/><G128/><T23/><D131/><U48/><E39/><V24/><F57/><W56/><REACH who="3" step="1"/><G61/><REACH who="3" ten="315,231,300,134" step="2"/><T134/><D63/><U111/><E48/><V52/><F43/><W51/><G51/><T110/><D110/><N who="1" m="42027" /><E17/><V46/><F37/><W55/><G55/><T93/><D134/><U47/><E47/><V127/><F127/><W87/><G87/><T16/><D117/><U35/><E35/><AGARI ba="1,2" hai="25,30,35,44,49,54,56,60,67,80,81,98,103,105" machi="35" ten="30,3900,0" yaku="1,1,7,1,52,1,53,0" doraHai="102" doraHaiUra="69" who="3" fromWho="1" sc="315,0,231,-42,300,0,134,62" />
</Scene>
<Scene>
<INIT seed="6,0,0,0,0,19" ten="315,189,300,196" oya="2" hai0="122,94,116,23,5,101,96,32,131,48,77,130,87" hai1="65,18,67,124,6,126,60,33,26,85,127,125,21" hai2="25,40,29,114,105,102,0,123,69,70,45,84,104" hai3="31,100,28,88,14,12,92,98,51,16,80,58,72"/><V22/><F123/><W109/><G109/><T121/><D32/><U83/><N who="1" m="31744" /><DORA hai="132" /><U37/><E37/><V3/><F114/><W90/><G14/><T120/><D116/><U93/><E6/><V82/><F69/><W118/><G118/><T111/><D5/><U79/><E33/><V59/><F70/><W56/><G72/><T49/><D111/><U7/><E7/><V134/><F59/><N who="3" m="22571" /><G51/><T103/><D103/><U89/><E60/><V107/><F102/><W63/><G63/><T20/><D49/><U27/><E26/><V91/><REACH who="2" step="1"/><F134/><REACH who="2" ten="315,189,290,196" step="2"/><W99/><G100/><T128/><D48/><AGARI ba="0,1" hai="0,3,22,25,29,40,45,48,82,84,91,104,105,107" machi="48" ten="40,18000,2" yaku="1,1,2,1,52,1,53,3" doraHai="19,132" doraHaiUra="76,34" who="2" fromWho="0" sc="315,-180,189,0,290,190,196,0" />
</Scene>
<Scene>
<INIT seed="6,1,0,0,4,121" ten="135,189,480,196" oya="2" hai0="110,106,34,83,63,11,132,19,14,65,102,27,97" hai1="74,5,133,117,55,76,30,56,114,135,38,99,2" hai2="115,125,66,44,90,80,16,49,45,23,127,57,4" hai3="40,25,77,89,33,28,122,58,73,37,61,36,46"/><V24/><F115/><W6/><G122/><T0/><D132/><N who="1" m="50763" /><E38/><V48/><F4/><W112/><G112/><T29/><D83/><N who="1" m="45463" /><E117/><V60/><F127/><W43/><G6/><T108/><REACH who="0" step="1"/><D0/><REACH who="0" ten="125,189,480,196" step="2"/><U67/><E114/><V10/><F125/><W109/><G73/><T104/><D104/><U42/><E42/><V118/><F118/><W113/><G43/><T130/><D130/><U47/><E30/><V116/><F116/><W15/><G28/><T101/><D101/><U22/><E2/><V128/><F128/><W93/><G40/><T12/><D12/><U129/><E129/><V98/><F80/><W18/><G15/><T95/><D95/><U59/><E5/><V107/><F107/><W131/><G93/><T35/><D35/><U82/><E82/><V21/><F24/><W81/><G25/><T52/><D52/><U86/><E67/><V84/><F66/><W134/><G33/><T50/><D50/><N who="1" m="29151" /><E99/><V7/><F98/><W39/><G134/><T103/><D103/><U126/><E126/><V78/><F7/><W17/><G131/><T51/><D51/><U68/><E86/><V20/><F49/><W85/><G113/><T94/><D94/><U120/><E120/><V105/><F48/><W87/><G39/><T3/><D3/><U32/><E32/><V88/><F84/><W9/><G37/><T13/><D13/><U91/><E91/><V26/><F88/><W62/><G36/><T69/><AGARI ba="1,1" hai="11,14,19,27,29,34,63,65,69,97,102,106,108,110" machi="69" ten="20,12000,2" yaku="1,1,0,1,7,1,25,2,52,2,53,0" doraHai="121" doraHaiUra="54" who="0" fromWho="0" sc="125,133,189,-31,480,-61,196,-31" />
</Scene>
<Scene>
<INIT seed="7,0,0,0,1,2" ten="258,158,419,165" oya="3" hai0="58,23,21,82,132,19,124,55,45,4,10,134,15" hai1="71,73,39,121,49,94,74,106,80,40,100,84,46" hai2="59,62,60,85,52,44,115,12,123,103,70,53,61" hai3="57,27,17,91,78,77,37,109,34,72,133,129,33"/><W38/><G133/><N who="0" m="51307" /><D124/><U90/><E71/><V135/><F135/><W98/><G129/><T87/><D45/><U108/><E108/><V83/><F115/><W14/><G109/><T29/><D29/><U107/><E121/><V117/><F117/><W64/><G38/><T28/><D28/><U63/><E63/><N who="2" m="36327" /><F70/><W92/><G37/><T67/><D67/><U3/><E3/><V6/><F103/><W18/><G27/><T54/><D58/><U48/><E107/><V116/><F116/><W11/><G18/><T22/><D19/><U120/><E120/><V76/><F123/><W126/><G126/><T31/><D31/><U93/><E74/><V86/><F86/><W30/><G30/><T79/><AGARI ba="0,0" hai="4,10,15,21,22,23,54,55,79,82,87" m="51307" machi="79" ten="30,2000,0" yaku="20,1,52,1" doraHai="2" who="0" fromWho="0" sc="258,20,158,-5,419,-5,165,-10" owari="278,8.0,153,-35.0,414,51.0,155,-24.0" />
</Scene>
</mjloggm>