<mjloggm ver="2.3"><GO type="193"/><UN n0="%67%6F%6C%66%5F%69%6E" n1="%E8%8A%B1%E8%83%8C" n2="%6F%74%6F%73%61%6E" n3="%E5%A4%AA%E3%81%8F%E3%81%AA%E3%81%84%E3%81%8A" dan="13,10,12,8" rate="1788,1276,1650,1679" sx="M,F,M,M"/><TAIKYOKU oya="0"/>

<Scene>
<INIT seed="0,0,0,4,5,123" ten="250,250,250,250" oya="0" hai0="17,18,10,88,93,76,91,130,104,42,26,31,74" hai1="120,33,90,101,95,81,15,46,113,25,121,110,102" hai2="109,71,45,64,19,59,56,12,106,133,96,52,86" hai3="65,100,21,70,57,44,122,27,83,28,0,87,92"/><T7/><D130/><U30/><E15/><V39/><F133/><W77/><G122/><T129/><D104/><U13/><E13/><V118/><F118/><W61/><G0/><T99/><D129/><U79/><E46/><V68/><F109/><W84/><G44/><T135/><D135/><U35/><E35/><V6/><F6/><W3/><G3/><T62/><D42/><U43/><E43/><V66/><F86/><N who="3" m="48495" /><G70/><T127/><D127/><U116/><E116/><V80/><F80/><W75/><G75/><T112/><D112/><U47/><E113/><V134/><F96/><AGARI ba="0,0" hai="21,27,28,57,61,65,84,87,92,96,100" m="48495" machi="96" ten="30,2000,0" yaku="25,1,8,1" doraHai="123" who="3" fromWho="2" sc="250,0,250,0,250,-20,250,20" />
</Scene>
<Scene>
<INIT seed="1,0,0,5,5,131" ten="250,250,230,270" oya="1" hai0="100,67,62,38,119,6,128,48,104,135,73,106,133" hai1="123,132,76,63,115,52,83,29,86,17,110,61,16" hai2="99,55,112,122,35,87,70,43,51,9,33,42,23" hai3="107,44,10,85,53,88,45,117,80,5,20,113,19"/><U15/><E123/><V102/><F122/><W95/><G113/><T27/><D128/><U37/><E115/><V18/><F112/><W1/><G107/><T93/><D119/><U57/><E37/><V105/><F70/><W2/><G117/><T12/><D38/><U94/><E63/><V24/><F87/><W41/><G53/><T30/><D73/><U68/><E94/><V66/><F66/><W74/><G2/><T0/><D48/><U98/><E68/><V82/><F82/><W28/><G28/><T127/><D0/><U114/><E98/><V34/><REACH who="2" step="1"/><F9/><REACH who="2" ten="250,250,220,270" step="2"/><W46/><G74/><T97/><D127/><U129/><E114/><V13/><F13/><W124/><G124/><T125/><D125/><U126/><E15/><V7/><F7/><W49/><G80/><T39/><D12/><AGARI ba="0,1" hai="1,5,10,12,19,20,41,44,45,46,49,85,88,95" machi="12" ten="30,2000,0" yaku="7,1,54,1" doraHai="131" who="3" fromWho="0" sc="250,-20,250,0,220,0,270,30" />
</Scene>
<Scene>
<INIT seed="2,0,0,3,5,5" ten="230,250,220,300" oya="2" hai0="73,123,79,107,118,133,75,105,122,16,14,101,40" hai1="69,51,3,0,22,48,112,132,31,84,71,30,117" hai2="135,77,60,37,52,108,39,87,56,96,93,55,85" hai3="2,124,18,6,49,32,92,57,90,130,99,106,19"/><V4/><F135/><W58/><G32/><T12/><D40/><U24/><E117/><V1/><F1/><W116/><G116/><T82/><D133/><U26/><E112/><V68/><F4/><W80/><G124/><T67/><D118/><U131/><E84/><V42/><F96/><W10/><G130/><T20/><D67/><U9/><E132/><V66/><F77/><W45/><G106/><T41/><D41/><U8/><REACH who="1" step="1"/><E131/><REACH who="1" ten="230,240,220,300" step="2"/><V44/><F87/><W121/><G121/><T7/><D73/><U76/><E76/><V127/><F85/><W134/><G134/><T36/><D123/><U109/><E109/><V43/><F93/><W91/><G80/><T61/><D122/><U102/><E102/><V34/><F34/><W94/><G94/><T97/><D97/><U95/><E95/><V54/><F108/><W62/><G90/><T81/><D36/><U129/><E129/><V115/><F115/><W25/><G91/><T64/><D82/><U17/><E17/><V63/><F127/><W111/><G111/><T28/><D7/><U120/><E120/><V72/><F72/><W13/><G92/><T98/><D28/><U70/><E70/><V126/><F126/><W104/><G99/><T47/><D107/><U113/><E113/><V125/><F125/><W21/><G104/><T29/><D29/><U83/><E83/><V53/><N who="2" m="13312" /><DORA hai="119" /><V59/><F59/><W15/><G57/><T89/><D47/><U110/><E110/><V100/><F100/><W88/><G58/><T74/><D74/><U86/><E86/><V50/><F42/><RYUUKYOKU ba="0,1" sc="230,-15,240,15,220,15,300,-15" hai1="0,3,8,9,22,24,26,30,31,48,51,69,71" hai2="37,39,43,44,50,56,60,63,66,68" />
</Scene>
<Scene>
<INIT seed="2,1,1,4,3,55" ten="215,255,235,285" oya="2" hai0="5,69,96,28,25,104,23,133,89,58,7,57,41" hai1="70,92,12,78,100,109,126,93,116,53,62,103,0" hai2="124,46,79,48,73,129,111,51,118,135,76,77,29" hai3="52,108,15,84,17,86,81,85,75,20,106,39,128"/><V10/><F118/><W113/><G106/><T59/><D69/><U123/><E116/><V30/><F111/><W121/><G121/><T83/><D104/><U88/><E123/><V3/><F129/><W35/><G35/><T11/><D133/><U66/><E109/><V115/><F135/><W130/><G108/><T16/><D41/><U68/><E0/><V90/><F115/><W97/><G39/><T61/><D61/><U65/><E12/><V107/><F124/><W87/><G113/><T1/><D1/><U82/><E126/><V56/><F107/><W6/><G6/><T43/><D43/><U105/><E103/><V95/><F73/><W112/><G112/><T127/><D127/><U4/><E4/><V119/><F10/><W63/><G97/><T32/><D32/><U131/><E131/><N who="3" m="50218" /><G75/><T54/><D54/><U132/><E132/><V94/><F119/><W34/><G34/><T37/><D37/><U91/><E53/><V22/><F3/><W125/><G125/><T2/><D2/><U122/><E122/><V64/><F64/><W31/><G31/><T98/><D98/><N who="1" m="59463" /><E105/><V80/><F94/><W45/><G86/><N who="0" m="50399" /><D96/><N who="1" m="57383" /><E65/><V117/><F80/><W24/><G15/><AGARI ba="1,1" hai="5,7,11,15,16,23,25,28,57,58,59" m="50399" machi="15" ten="30,8000,1" yaku="8,1,52,3,54,1" doraHai="55" who="0" fromWho="3" sc="215,93,255,0,235,0,285,-83" />
</Scene>
<Scene>
<INIT seed="3,0,0,5,0,17" ten="308,255,235,202" oya="3" hai0="112,2,32,5,90,119,71,57,93,1,23,67,76" hai1="110,121,39,80,29,94,107,120,47,34,81,86,117" hai2="19,20,115,75,35,15,135,61,134,54,100,124,129" hai3="72,69,132,53,126,99,103,43,98,14,79,33,113"/><W105/><G113/><T96/><D71/><U63/><E39/><V122/><F115/><W40/><G69/><T4/><D32/><U13/><E121/><V51/><F122/><W127/><G33/><T109/><D119/><U16/><E120/><V9/><F75/><W77/><G132/><T62/><D109/><U66/><E117/><V84/><F35/><W56/><G98/><T118/><D112/><U91/><E110/><V7/><F61/><N who="3" m="35983" /><G14/><T60/><D118/><U89/><E47/><V31/><F31/><W26/><G26/><T106/><D76/><N who="3" m="29257" /><G72/><T8/><D106/><U92/><E107/><V46/><F100/><W130/><G130/><T21/><D62/><U111/><E111/><V70/><F70/><W41/><G41/><T83/><REACH who="0" step="1"/><D83/><REACH who="0" ten="298,255,235,202" step="2"/><U87/><E34/><V104/><F104/><W65/><G65/><T48/><D48/><U101/><E101/><V22/><F124/><W125/><AGARI ba="0,1" hai="40,43,99,103,105,125,126,127" m="29257,35983" machi="125" ten="40,2100,0" yaku="18,1" doraHai="17" who="3" fromWho="3" sc="298,-7,255,-7,235,-7,202,31" />
</Scene>
<Scene>
<INIT seed="3,1,0,4,5,4" ten="291,248,228,233" oya="3" hai0="70,124,129,112,40,31,33,71,96,54,116,98,94" hai1="6,25,86,68,117,35,120,20,121,128,81,36,9" hai2="87,55,62,1,125,66,56,111,102,45,127,108,104" hai3="8,64,75,24,11,135,97,72,21,130,2,119,101"/><W52/><G119/><T12/><D116/><U30/><E121/><V74/><F1/><W32/><G32/><T42/><D124/><N who="2" m="47690" /><F74/><W99/><G64/><T65/><D129/><U82/><E117/><V48/><F104/><W103/><G130/><T34/><D112/><U107/><E120/><V95/><F102/><W105/><G135/><T17/><D54/><U19/><E107/><V114/><F95/><W22/><G2/><T113/><D113/><U63/><E36/><V123/><F87/><W109/><G109/><N who="2" m="42057" /><F114/><W89/><G89/><T132/><D132/><U133/><E133/><V131/><F123/><W13/><G13/><T41/><D94/><U38/><E38/><V93/><F93/><W67/><G67/><T14/><D65/><U60/><E68/><N who="0" m="26153" /><D17/><U53/><E53/><V122/><F122/><W73/><G52/><T80/><D31/><U18/><E86/><V79/><F79/><W59/><G59/><T83/><D80/><U85/><E85/><V15/><F15/><N who="0" m="5674" /><D83/><U134/><E134/><V5/><F5/><W100/><G105/><T39/><D39/><U118/><E118/><V110/><N who="2" m="42065" /><V44/><DORA hai="0" /><F131/><W78/><G78/><T3/><D3/><N who="1" m="223" /><E128/><V10/><F10/><N who="3" m="3627" /><G24/><T88/><D88/><U90/><E90/><V47/><AGARI ba="1,0" hai="44,45,47,48,55,56,62,66" m="42065,47690" machi="47" ten="50,8000,1" yaku="18,1,14,1,34,2" doraHai="4,0" who="2" fromWho="2" sc="291,-21,248,-21,228,83,233,-41" owari="270,7.0,227,-17.0,311,41.0,192,-31.0" />
</Scene>
</mjloggm>