<mjloggm ver="2.3"><GO type="169"/><UN n0="%E7%8B%AC%E6%AD%A9" n1="%70%61%75%73%65" n2="%61%6C%66%73%70%72%33%32" n3="%E5%A4%AA%E3%81%8F%E3%81%AA%E3%81%84%E3%81%8A" dan="16,16,16,16" rate="2134,2104,2084,2081" sx="M,F,M,M"/><TAIKYOKU oya="0"/>

<Scene>
<INIT seed="0,0,0,1,5,66" ten="250,250,250,250" oya="0" hai0="38,18,122,132,115,3,22,5,13,117,91,116,90" hai1="65,2,106,71,97,124,133,46,10,85,19,57,101" hai2="84,82,9,21,59,14,87,23,73,58,109,40,67" hai3="50,126,11,20,6,108,111,72,93,15,94,26,74"/><T96/><D122/><U51/><E133/><V120/><F120/><W114/><G114/><T103/><D115/><U35/><E35/><V86/><F109/><N who="3" m="42059" /><G126/><T43/><D132/><U7/><E124/><V107/><F107/><W69/><G50/><T68/><D68/><U98/><E98/><V79/><F40/><W83/><G69/><T112/><D112/><U28/><E28/><V64/><F64/><W135/><G135/><T0/><D43/><U102/><E102/><V89/><F73/><N who="3" m="28267" /><G83/><T49/><D38/><U105/><E71/><V78/><F82/><W34/><G34/><T63/><D49/><U88/><E19/><AGARI ba="0,0" hai="6,11,15,19,20,26,93,94" m="28267,42059" machi="19" ten="30,1000,0" yaku="14,1" doraHai="66" who="3" fromWho="1" sc="250,0,250,-10,250,0,250,10" />
</Scene>
<Scene>
<INIT seed="1,0,0,5,3,36" ten="250,240,250,260" oya="1" hai0="16,75,110,8,91,82,113,133,117,81,124,47,108" hai1="25,101,65,5,11,17,126,78,29,109,22,40,69" hai2="9,97,35,95,58,18,39,71,41,83,130,4,38" hai3="99,86,102,49,122,80,43,85,129,64,132,111,53"/><U3/><E126/><V52/><F71/><W118/><G122/><T33/><D33/><U135/><E135/><V90/><F35/><W13/><G132/><T34/><D34/><U72/><E109/><V131/><F18/><W76/><G111/><T106/><D106/><U105/><E65/><V24/><F24/><W2/><G2/><T59/><D133/><U112/><E69/><V15/><F83/><W21/><G129/><N who="2" m="49161" /><F41/><W94/><G118/><T119/><D124/><U87/><E112/><V93/><F95/><W128/><G128/><T116/><D113/><U67/><E40/><V68/><F68/><W66/><G43/><T12/><D82/><U134/><E17/><V62/><AGARI ba="0,0" hai="4,9,15,38,39,52,58,62,90,93,97" m="49161" machi="62" ten="30,2000,0" yaku="19,1,54,1" doraHai="36" who="2" fromWho="2" sc="250,-5,240,-10,250,20,260,-5" />
</Scene>
<Scene>
<INIT seed="2,0,0,0,2,117" ten="245,230,270,255" oya="2" hai0="60,22,96,111,79,63,31,41,75,24,46,58,59" hai1="13,66,122,125,44,10,56,49,32,53,90,88,61" hai2="19,132,11,54,110,114,116,129,43,104,123,25,85" hai3="36,108,80,34,99,69,37,103,38,98,107,70,51"/><V57/><F114/><W0/><G51/><T52/><D111/><U89/><E125/><V68/><F116/><W8/><G108/><T81/><D96/><U127/><E127/><V95/><F68/><W47/><G34/><T15/><D15/><U74/><E74/><V33/><F104/><W26/><G26/><T5/><D5/><U93/><E32/><V135/><F110/><W1/><G98/><T4/><D4/><U23/><E23/><N who="2" m="13567" /><F43/><N who="3" m="23015" /><G80/><T67/><D46/><U86/><REACH who="1" step="1"/><E122/><REACH who="1" ten="245,220,270,255" step="2"/><V84/><F33/><W131/><G8/><T28/><REACH who="0" step="1"/><D41/><REACH who="0" ten="235,220,270,255" step="2"/><U45/><E45/><V42/><F42/><W55/><G1/><T72/><D72/><U30/><E30/><AGARI ba="0,2" hai="22,24,28,30,31,52,58,59,60,63,67,75,79,81" machi="30" ten="30,3900,0" yaku="1,1,7,1,54,1,53,0" doraHai="117" doraHaiUra="124" who="0" fromWho="1" sc="235,59,220,-39,270,0,255,0" />
</Scene>
<Scene>
<INIT seed="3,0,0,5,1,92" ten="294,181,270,255" oya="3" hai0="77,38,67,24,130,122,44,80,52,79,32,0,57" hai1="132,102,89,118,22,3,27,81,100,94,54,95,74" hai2="60,26,86,103,68,13,131,43,129,125,35,135,121" hai3="127,28,62,39,14,21,23,66,31,34,97,53,96"/><W69/><G39/><T119/><D0/><U88/><E3/><V113/><F113/><W105/><G127/><T117/><D122/><U11/><E132/><V45/><F125/><W106/><G53/><T104/><D104/><U48/><E11/><V71/><F135/><W29/><G34/><T49/><D130/><N who="2" m="49674" /><F60/><W123/><G123/><T9/><D9/><U93/><E118/><V8/><F103/><N who="1" m="39465" /><E81/><V85/><F26/><W111/><G111/><T30/><D79/><U37/><E74/><V72/><F72/><W78/><G78/><T126/><D126/><U98/><E37/><N who="2" m="21743" /><F35/><W112/><G112/><T65/><D65/><U25/><E22/><V90/><F86/><W2/><G2/><T51/><D38/><U61/><E61/><V76/><F76/><W6/><G21/><T64/><D64/><U128/><E128/><V16/><F121/><W107/><REACH who="3" step="1"/><G23/><REACH who="3" ten="294,181,270,245" step="2"/><T20/><D32/><U84/><E94/><AGARI ba="0,1" hai="8,13,16,68,71,85,90,94" m="21743,49674" machi="94" ten="30,2000,0" yaku="19,1,54,1" doraHai="92" who="2" fromWho="1" sc="294,0,181,-20,270,30,245,0" />
</Scene>
<Scene>
<INIT seed="4,0,0,1,2,119" ten="294,161,300,245" oya="0" hai0="30,63,97,47,40,59,27,70,19,74,96,61,28" hai1="92,72,20,81,44,77,120,31,86,100,60,45,82" hai2="117,87,17,22,83,18,118,29,67,1,108,122,85" hai3="90,11,125,66,55,116,26,88,62,131,56,57,33"/><T79/><D79/><U43/><E60/><V129/><F108/><W121/><G116/><N who="2" m="44649" /><F1/><W126/><G131/><T8/><D74/><U2/><E2/><V0/><F0/><W50/><G11/><T107/><D70/><U15/><E120/><V37/><F37/><W64/><G64/><T78/><D78/><U103/><E92/><V101/><F101/><W94/><G121/><T110/><D110/><U95/><E95/><V109/><F129/><W35/><G90/><T14/><D107/><U39/><E45/><V127/><F109/><W99/><REACH who="3" step="1"/><G26/><REACH who="3" ten="294,161,300,235" step="2"/><T32/><D30/><U114/><E114/><V76/><F67/><W16/><G16/><T49/><D61/><U34/><E31/><V38/><F122/><W69/><G69/><T84/><D84/><U23/><E86/><V123/><F123/><W24/><G24/><T106/><D106/><U48/><E77/><V9/><F87/><W115/><G115/><T6/><D19/><U111/><E111/><V75/><F9/><W10/><G10/><T3/><D3/><U12/><E72/><V25/><F75/><W13/><G13/><T112/><D112/><U41/><E12/><V93/><F18/><W113/><G113/><T4/><D4/><U58/><E15/><V91/><F17/><W46/><G46/><T102/><D102/><U128/><E44/><V80/><F76/><W134/><G134/><T132/><D132/><U36/><E128/><V98/><F29/><W124/><AGARI ba="0,1" hai="33,35,50,55,56,57,62,66,88,94,99,124,125,126" machi="124" ten="30,12000,2" yaku="1,1,0,1,18,1,54,1,53,3" doraHai="119" doraHaiUra="135" who="3" fromWho="3" sc="294,-60,161,-30,300,-30,235,130" />
</Scene>
<Scene>
<INIT seed="5,0,0,5,3,110" ten="234,131,270,365" oya="1" hai0="5,80,131,91,99,27,77,94,28,44,104,16,36" hai1="15,72,119,47,40,126,42,112,26,66,122,48,78" hai2="2,19,38,7,55,85,134,56,6,124,59,108,8" hai3="117,84,129,53,107,35,21,123,135,92,70,9,87"/><U57/><E122/><V96/><F108/><W74/><G35/><T82/><D131/><U73/><E119/><V20/><F38/><W100/><G70/><T101/><D5/><U25/><E126/><V120/><F120/><W68/><G68/><T22/><D36/><U116/><E116/><V98/><F7/><W1/><G21/><T121/><D44/><U11/><E42/><V95/><F134/><W97/><G117/><T90/><D121/><U32/><E112/><V49/><F59/><W118/><G118/><T132/><D132/><U51/><E32/><V102/><F124/><W63/><G123/><T106/><D82/><U64/><E72/><V114/><F102/><W3/><G135/><T61/><D61/><U103/><E103/><V79/><F114/><W4/><G74/><T43/><D43/><U13/><E78/><V60/><F60/><W58/><G129/><T89/><REACH who="0" step="1"/><D28/><REACH who="0" ten="224,131,270,365" step="2"/><U23/><E47/><V69/><F49/><W17/><G4/><T50/><D50/><U93/><E40/><V81/><F6/><W45/><G45/><T76/><D76/><U62/><E48/><V39/><F79/><W41/><G41/><T46/><D46/><U52/><E51/><V65/><F39/><W133/><G133/><T88/><N who="0" m="22528" /><DORA hai="54" /><T83/><D83/><U12/><E62/><V109/><F81/><W125/><G63/><T37/><D37/><U130/><E130/><V111/><F109/><W34/><G125/><T33/><D33/><U30/><E30/><V127/><F111/><W113/><G100/><T86/><AGARI ba="0,1" hai="16,22,27,77,80,86,94,99,101,104,106" m="22528" machi="86" ten="40,8000,1" yaku="1,1,0,1,54,2,53,0" doraHai="110,54" doraHaiUra="31,67" who="0" fromWho="0" sc="224,90,131,-40,270,-20,365,-20" />
</Scene>
<Scene>
<INIT seed="6,0,0,5,5,80" ten="314,91,250,345" oya="2" hai0="25,122,19,28,41,47,104,59,110,125,79,121,45" hai1="126,129,96,16,14,36,73,111,88,48,52,15,60" hai2="20,24,123,34,75,118,8,31,132,83,44,17,69" hai3="116,11,23,90,2,112,33,5,85,70,119,9,124"/><V63/><F118/><W22/><G70/><T51/><D110/><U49/><E36/><V120/><F132/><W6/><G33/><T105/><D125/><U74/><E111/><V4/><F44/><W100/><G100/><T26/><D79/><U109/><E109/><V81/><F81/><W61/><G61/><T84/><D59/><N who="1" m="34919" /><E73/><V55/><F75/><W102/><G102/><T78/><D47/><U21/><E74/><V62/><F83/><W57/><G57/><T64/><D64/><U30/><E129/><V92/><F92/><W130/><G130/><T53/><D105/><U95/><E126/><V108/><F108/><W134/><G124/><T82/><D104/><U97/><E30/><V3/><F63/><W89/><G134/><T39/><D39/><U91/><E15/><N who="2" m="9279" /><F55/><W106/><G106/><T115/><D53/><U58/><E58/><V68/><F62/><W46/><G46/><T131/><D131/><U117/><E117/><V35/><F35/><W101/><G116/><T114/><D122/><AGARI ba="0,0" hai="3,4,8,24,31,34,68,69,120,122,123" m="9279" machi="122" ten="30,1500,0" yaku="24,1" doraHai="80" who="2" fromWho="0" sc="314,-15,91,0,250,15,345,0" />
</Scene>
<Scene>
<INIT seed="6,1,0,1,2,29" ten="299,91,265,345" oya="2" hai0="132,84,46,47,69,61,77,19,79,41,54,8,0" hai1="120,134,129,107,74,131,17,48,35,125,64,18,112" hai2="71,91,63,75,21,92,38,55,117,57,15,42,59" hai3="115,86,111,37,119,43,78,30,60,123,6,66,87"/><V85/><F117/><W58/><G119/><T34/><D132/><U26/><E120/><V95/><F75/><W110/><G123/><T98/><D98/><U52/><E134/><V89/><F71/><W9/><G30/><T22/><D34/><U102/><E74/><V39/><F42/><W68/><G68/><T13/><D69/><U25/><E112/><V33/><F33/><W7/><G7/><T62/><D46/><U83/><E64/><V97/><F21/><W73/><G115/><T108/><D108/><U101/><E83/><V99/><F15/><W121/><G121/><T24/><D0/><U36/><E36/><V126/><F126/><W109/><G73/><T103/><D103/><N who="1" m="39435" /><E107/><V113/><F113/><W40/><G78/><T130/><D130/><N who="1" m="49675" /><E125/><V16/><F85/><W122/><G122/><T1/><D1/><U104/><E104/><V67/><REACH who="2" step="1"/><F16/><REACH who="2" ten="299,91,255,345" step="2"/><N who="1" m="6249" /><E35/><V23/><F23/><W51/><G37/><T53/><D84/><U65/><E65/><V116/><F116/><W5/><G87/><T10/><D13/><U80/><E80/><V4/><F4/><W20/><G5/><T45/><D19/><U100/><N who="1" m="39443" /><U127/><DORA hai="128" /><E127/><V27/><F27/><N who="1" m="10249" /><E52/><V44/><F44/><W88/><G40/><T72/><D72/><U106/><E106/><V133/><F133/><W105/><G105/><T90/><D24/><U50/><AGARI ba="1,1" hai="48,50" m="10249,6249,49675,39443" machi="50" ten="40,8000,1" yaku="28,2,19,1,54,1" doraHai="29,128" who="1" fromWho="1" sc="299,-21,91,93,255,-41,345,-21" />
</Scene>
<Scene>
<INIT seed="7,0,0,2,3,33" ten="278,184,214,324" oya="3" hai0="68,86,120,3,79,0,83,89,82,94,133,101,28" hai1="5,123,43,14,60,40,18,90,116,35,125,72,25" hai2="8,91,23,102,51,130,75,127,81,63,95,26,64" hai3="19,99,124,59,62,4,98,114,66,34,76,122,22"/><W61/><G122/><T2/><D120/><U41/><E123/><V65/><F127/><W55/><G34/><T126/><D126/><U96/><E72/><V54/><F130/><W20/><G124/><T10/><D68/><U1/><E125/><V117/><F117/><W49/><G114/><T17/><D28/><U21/><E116/><V119/><F119/><W93/><G4/><T132/><D101/><U105/><E60/><N who="3" m="23146" /><G66/><T108/><D108/><U74/><E74/><V121/><F121/><W47/><G76/><T104/><D104/><U113/><E113/><V135/><F75/><W73/><G73/><T13/><D79/><U58/><E58/><V30/><F81/><W78/><G78/><T103/><D103/><U131/><E131/><V45/><F102/><N who="3" m="60751" /><G99/><T56/><D56/><U27/><E105/><V111/><F111/><W84/><G84/><T110/><D110/><U44/><E35/><V36/><F36/><W77/><G77/><T100/><D100/><U87/><E96/><V129/><F129/><W69/><G69/><T53/><D53/><U31/><E31/><V7/><F63/><N who="3" m="36351" /><G19/><T70/><D70/><U85/><E44/><V37/><F37/><W97/><G97/><T88/><D89/><U92/><E85/><N who="2" m="52719" /><F135/><AGARI ba="0,0" hai="0,2,3,10,13,17,82,83,86,88,94,132,133,135" machi="135" ten="50,8000,1" yaku="20,1,52,3,54,1" doraHai="33" who="0" fromWho="2" sc="278,80,184,0,214,-80,324,0" owari="358,47.0,184,-22.0,134,-37.0,324,12.0" />
</Scene>
</mjloggm>