<mjloggm ver="2.3"><GO type="41"/><UN n0="%E3%81%82%E3%82%8A%E3%81%9C%E3%81%8A" n1="%53%4F%42%41%43%4F" n2="%E5%A4%AA%E3%81%8F%E3%81%AA%E3%81%84%E3%81%8A" n3="%6C%61%6E%31%32%33" dan="15,14,14,13" rate="1998,1914,2012,1909" sx="M,M,M,M"/><TAIKYOKU oya="0"/>

<Scene>
<INIT seed="0,0,0,0,0,8" ten="250,250,250,250" oya="0" hai0="60,77,31,53,59,134,71,46,86,0,42,111,105" hai1="54,120,3,83,125,129,4,108,81,49,58,100,68" hai2="22,39,19,116,21,30,70,76,95,44,74,1,47" hai3="25,106,50,96,18,13,7,123,128,38,69,61,85"/><T122/><D122/><U135/><E68/><V14/><F116/><W16/><G38/><T34/><D134/><U88/><E120/><V117/><F117/><W75/><G75/><T27/><D105/><U101/><E135/><V133/><F133/><W79/><G123/><T103/><D103/><U63/><E129/><V6/><F70/><W97/><G69/><T73/><D73/><U119/><E119/><V93/><F1/><W121/><G121/><T126/><D126/><U28/><E125/><V87/><F6/><W131/><G61/><T32/><D111/><U66/><E108/><V91/><F39/><W94/><G50/><T55/><D0/><U12/><E3/><V9/><F74/><W124/><G124/><T11/><D34/><U84/><E28/><V114/><F114/><W35/><G106/><T41/><D71/><U90/><E90/><N who="2" m="53471" /><F76/><W113/><G113/><T89/><D77/><U17/><E83/><V15/><F30/><N who="3" m="19919" /><G79/><T115/><D115/><U37/><E4/><N who="2" m="3367" /><F22/><N who="3" m="11535" /><G18/><T107/><D107/><U118/><E37/><V56/><F56/><W57/><G7/><T99/><D59/><N who="1" m="37247" /><E118/><V112/><F112/><W109/><G57/><T127/><D127/><U45/><E58/><V110/><F110/><W92/><G109/><T24/><D32/><U20/><AGARI ba="0,0" hai="12,17,20,45,49,54,81,84,88,100,101" m="37247" machi="20" ten="30,4000,0" yaku="8,1,52,1,54,1" doraHai="8" who="1" fromWho="1" sc="250,-20,250,40,250,-10,250,-10" />
</Scene>
<Scene>
<INIT seed="1,0,0,1,5,4" ten="230,290,240,240" oya="1" hai0="14,86,34,54,114,83,112,126,36,50,40,56,32" hai1="8,59,71,68,80,103,22,97,121,35,132,18,102" hai2="118,87,130,135,72,128,110,61,122,81,52,46,41" hai3="67,90,57,96,64,7,49,21,47,53,62,69,117"/><U42/><E121/><V55/><F122/><W17/><G117/><T51/><D126/><U93/><E132/><V37/><F118/><W99/><G7/><T116/><D116/><U31/><E42/><V129/><F135/><W95/><G67/><T133/><D133/><U13/><E80/><V82/><F110/><W134/><G134/><T106/><D106/><U38/><E38/><V28/><F28/><W78/><G78/><T113/><D36/><U48/><E35/><V58/><F72/><W109/><G109/><T63/><D40/><U77/><E77/><V73/><F73/><W94/><G69/><T43/><D43/><U100/><E71/><V11/><F11/><W75/><G75/><T29/><D29/><U15/><E68/><V2/><F2/><W123/><G123/><T125/><D125/><U39/><E39/><V44/><REACH who="2" step="1"/><F87/><REACH who="2" ten="230,290,230,240" step="2"/><W115/><G115/><T9/><D114/><U92/><E31/><V19/><F19/><W108/><G108/><T91/><D113/><U23/><E22/><V33/><F33/><W6/><G6/><N who="0" m="3383" /><D112/><U98/><E8/><V76/><F76/><W16/><G21/><T24/><D34/><U27/><E103/><AGARI ba="0,1" hai="16,17,47,49,53,57,62,64,90,94,95,96,99,103" machi="103" ten="30,3900,0" yaku="7,1,8,1,54,1" doraHai="4" who="3" fromWho="1" sc="230,0,290,-39,230,0,240,49" />
</Scene>
<Scene>
<INIT seed="2,0,0,4,4,38" ten="230,251,230,289" oya="2" hai0="114,37,16,77,15,9,11,64,36,5,32,111,98" hai1="24,40,82,131,90,125,87,0,95,126,134,43,50" hai2="117,84,135,119,128,59,102,49,48,54,68,118,33" hai3="83,101,17,66,110,105,23,89,41,78,39,4,96"/><V133/><F33/><W94/><G110/><T8/><D32/><U80/><E0/><V31/><F31/><W45/><G66/><T12/><D111/><U122/><E122/><V115/><F102/><W55/><G55/><T120/><D120/><U7/><E7/><V127/><F84/><W25/><G4/><T88/><D114/><U1/><E1/><V61/><F115/><W121/><G121/><T51/><D77/><U62/><E62/><V116/><F116/><W99/><G83/><T28/><D28/><U123/><E123/><V67/><F128/><W92/><REACH who="3" step="1"/><G78/><REACH who="3" ten="230,251,230,279" step="2"/><T113/><D113/><U79/><E131/><V47/><F127/><N who="1" m="48649" /><E134/><V18/><F18/><W30/><G30/><T35/><D16/><U69/><E79/><V2/><F2/><W104/><AGARI ba="0,1" hai="17,23,25,39,41,45,89,92,94,96,99,101,104,105" machi="104" ten="30,4000,0" yaku="1,1,0,1,52,1,53,0" doraHai="38" doraHaiUra="109" who="3" fromWho="3" sc="230,-10,251,-10,230,-20,279,50" />
</Scene>
<Scene>
<INIT seed="3,0,0,5,3,75" ten="220,241,210,329" oya="3" hai0="64,87,47,126,125,123,118,84,25,1,74,115,14" hai1="67,8,89,79,0,65,96,112,124,61,23,135,63" hai2="77,37,22,17,85,128,58,93,45,107,34,101,12" hai3="39,105,28,38,36,30,62,111,102,130,19,103,92"/><W71/><G105/><T83/><D1/><U15/><E0/><V127/><F127/><N who="0" m="48650" /><D123/><U20/><E124/><V129/><F34/><W98/><G130/><N who="2" m="50281" /><F58/><W5/><G5/><T81/><D64/><U120/><E120/><V95/><F107/><W13/><G111/><T44/><D25/><U82/><E112/><V106/><F106/><W78/><G71/><T122/><D122/><U50/><E135/><V66/><F66/><N who="1" m="25097" /><E50/><V4/><F4/><W80/><G62/><N who="1" m="23562" /><E96/><V100/><F37/><W24/><G103/><N who="2" m="39497" /><F45/><N who="0" m="17482" /><D74/><U110/><E110/><V73/><F73/><W90/><G102/><T70/><D70/><U132/><E132/><V72/><F72/><W113/><G113/><T11/><D115/><U99/><E99/><V54/><F54/><W88/><G90/><T116/><D87/><N who="1" m="48607" /><E89/><V43/><F43/><W60/><G60/><T26/><D84/><U41/><E41/><V35/><F35/><W18/><G13/><T94/><D14/><U40/><E40/><V76/><F85/><W27/><G30/><T51/><D51/><U97/><E97/><V49/><F49/><W104/><G104/><T16/><D118/><U114/><E114/><V33/><F33/><W133/><G133/><T131/><D116/><U9/><E15/><V108/><F108/><W3/><G3/><T48/><D131/><U69/><E69/><V31/><F31/><W52/><G28/><T7/><D48/><U57/><E57/><V68/><F68/><W32/><G32/><T121/><D121/><U59/><E59/><V21/><F21/><AGARI ba="0,0" hai="8,9,20,21,23" m="48607,23562,25097" machi="21" ten="30,2000,0" yaku="8,1,52,1" doraHai="75" who="1" fromWho="2" sc="220,0,241,20,210,-20,329,0" />
</Scene>
<Scene>
<INIT seed="4,0,0,1,0,131" ten="220,261,190,329" oya="0" hai0="114,109,35,100,17,11,56,78,32,115,73,106,3" hai1="33,119,86,9,124,4,40,129,105,27,12,47,59" hai2="39,113,110,65,80,71,88,2,54,81,62,50,128" hai3="121,91,92,104,8,43,98,133,126,96,57,90,0"/><T6/><D56/><U63/><E105/><V64/><F110/><W5/><G126/><T111/><D17/><U14/><E124/><V95/><F128/><W30/><G121/><T26/><D78/><U67/><E119/><V74/><F113/><N who="0" m="43018" /><D73/><U10/><E129/><V25/><F74/><W45/><G57/><T1/><D100/><U20/><E33/><N who="0" m="12873" /><D26/><U24/><E20/><V125/><F25/><W102/><G30/><T101/><D101/><U123/><E123/><V15/><F125/><W75/><G75/><T31/><D31/><U103/><E103/><V70/><F65/><W68/><G68/><T60/><D60/><U79/><E79/><V89/><F71/><W118/><G118/><T116/><D116/><U53/><E86/><V117/><F117/><W34/><G34/><T76/><D76/><U127/><E127/><V99/><F64/><W28/><G28/><T134/><D106/><U23/><E23/><V87/><F62/><W94/><G104/><T112/><N who="0" m="43026" /><T52/><DORA hai="46" /><D52/><U135/><E135/><V61/><F54/><W130/><G133/><T120/><D120/><U108/><E108/><N who="0" m="41545" /><D3/><U72/><E72/><V48/><F2/><W44/><G130/><T55/><D55/><U93/><E53/><V19/><F61/><W84/><G43/><T51/><D51/><N who="1" m="27111" /><E93/><N who="2" m="54431" /><F70/><W66/><G66/><T69/><D69/><U29/><E29/><V85/><F19/><AGARI ba="0,0" hai="4,9,10,12,14,19,24,27,59,63,67" m="27111" machi="19" ten="30,2000,0" yaku="8,1,52,1" doraHai="131,46" who="1" fromWho="2" sc="220,0,261,20,190,-20,329,0" />
</Scene>
<Scene>
<INIT seed="5,0,0,3,4,35" ten="220,281,170,329" oya="1" hai0="95,4,45,124,123,52,105,29,17,16,50,48,127" hai1="106,112,65,135,51,26,71,103,133,70,114,119,99" hai2="61,24,93,54,125,39,37,128,69,55,134,0,83" hai3="19,89,66,33,6,107,129,20,57,130,91,116,81"/><U121/><E121/><V40/><F83/><W13/><G33/><T87/><D123/><U47/><E119/><V53/><F93/><W76/><G107/><T79/><D105/><U73/><E26/><V97/><F97/><W58/><G116/><T94/><D4/><U120/><E120/><V38/><F24/><W44/><G44/><T64/><D64/><U14/><E14/><V34/><F34/><W113/><G113/><N who="1" m="43626" /><E73/><V118/><F0/><W100/><G100/><T67/><D67/><U62/><E47/><N who="2" m="23951" /><F118/><W63/><G58/><N who="0" m="33031" /><D29/><U68/><E51/><V109/><F109/><W15/><G6/><T82/><D127/><U85/><E85/><V110/><F110/><W104/><G15/><T8/><D124/><U3/><E3/><V72/><F72/><N who="3" m="43143" /><G104/><T41/><D8/><U122/><E122/><V59/><F125/><W78/><G78/><T132/><D132/><AGARI ba="0,0" hai="62,65,68,70,71,99,103,106,132,133,135" m="43626" machi="132" ten="30,5800,0" yaku="20,1,15,1,23,1" doraHai="35" who="1" fromWho="0" sc="220,-58,281,58,170,0,329,0" />
</Scene>
<Scene>
<INIT seed="5,1,0,3,0,44" ten="162,339,170,329" oya="1" hai0="72,68,133,76,6,11,67,74,33,75,60,85,94" hai1="108,38,39,5,61,12,73,29,124,19,35,116,135" hai2="111,99,89,53,77,63,78,118,91,9,119,117,21" hai3="125,120,96,80,90,127,23,52,49,103,134,121,0"/><U130/><E130/><V131/><F111/><W4/><G23/><T93/><D133/><U37/><E135/><V30/><F131/><W86/><G4/><T95/><D33/><U92/><E116/><V20/><F9/><W10/><G10/><T32/><D32/><U114/><E114/><V28/><F63/><W112/><G0/><T8/><D76/><N who="2" m="29290" /><F53/><W79/><G134/><T102/><D102/><U113/><E113/><V51/><F99/><W66/><G66/><T24/><D24/><U1/><E124/><N who="3" m="47690" /><G79/><T34/><D34/><U64/><E108/><V27/><F27/><W58/><G112/><T57/><D85/><U115/><E73/><V83/><F83/><W15/><G15/><T70/><REACH who="0" step="1"/><D6/><REACH who="0" ten="152,339,170,329" step="2"/><U56/><E115/><V47/><F28/><W126/><N who="3" m="47698" /><W17/><DORA hai="2" /><G17/><T105/><D105/><AGARI ba="1,1" hai="49,52,58,80,86,90,96,103,105,120,121" m="47698" machi="105" ten="40,5200,0" yaku="18,1,52,1,54,1" doraHai="44,2" who="3" fromWho="0" sc="152,-55,339,0,170,0,329,65" />
</Scene>
<Scene>
<INIT seed="6,0,0,1,1,42" ten="97,339,170,394" oya="2" hai0="109,39,61,96,47,124,67,125,35,85,93,102,0" hai1="14,76,9,110,57,30,38,119,114,66,95,133,128" hai2="120,48,126,94,64,80,6,1,90,70,52,46,103" hai3="40,37,130,10,41,20,71,135,4,97,100,127,73"/><V32/><F120/><W104/><G71/><T77/><D0/><U107/><E119/><V49/><F32/><W50/><G135/><T75/><D35/><U27/><E110/><V105/><F126/><W121/><G73/><T78/><D39/><U134/><E107/><V56/><F80/><W28/><G121/><T13/><D13/><U123/><E123/><V23/><F23/><W33/><G127/><N who="0" m="48715" /><D109/><U62/><E38/><V87/><F70/><W2/><G20/><T99/><D47/><U11/><E114/><V44/><F64/><W122/><G50/><T63/><D67/><U111/><E111/><V112/><F112/><W45/><G41/><T115/><D63/><U82/><E95/><V21/><F21/><W22/><G22/><T24/><D24/><U16/><E128/><V29/><F29/><W53/><G53/><T19/><D61/><U86/><REACH who="1" step="1"/><E9/><REACH who="1" ten="97,329,170,394" step="2"/><V55/><F105/><W12/><G122/><T18/><D115/><U65/><E65/><V51/><F103/><W69/><G130/><T118/><D118/><U31/><E31/><V129/><F129/><W34/><G28/><T106/><D75/><U3/><E3/><V54/><REACH who="2" step="1"/><F56/><REACH who="2" ten="97,329,160,394" step="2"/><W89/><G69/><T59/><D59/><U43/><E43/><V5/><F5/><W25/><G104/><T79/><D19/><U36/><E36/><V108/><F108/><W83/><G4/><T7/><D7/><U58/><E58/><V92/><F92/><W113/><G113/><T81/><D18/><U116/><E116/><V88/><F88/><AGARI ba="0,2" hai="77,78,79,81,85,88,93,96,99,102,106" m="48715" machi="88" ten="30,7700,0" yaku="18,1,34,2,54,1" doraHai="42" who="0" fromWho="2" sc="97,97,329,0,160,-77,394,0" />
</Scene>
<Scene>
<INIT seed="7,0,0,0,4,4" ten="194,329,83,394" oya="3" hai0="64,76,96,17,78,21,120,114,108,130,103,74,115" hai1="43,37,72,42,84,6,55,124,38,47,30,54,15" hai2="113,97,12,8,106,123,7,119,102,66,121,11,127" hai3="71,56,45,14,107,73,1,85,95,83,59,39,52"/><W100/><G1/><T104/><D108/><U22/><E72/><V116/><F66/><W91/><G71/><T41/><D120/><N who="2" m="46154" /><F97/><N who="3" m="61839" /><G14/><N who="0" m="9399" /><D130/><U58/><E124/><V77/><F77/><N who="3" m="44463" /><G52/><T31/><D31/><U2/><E84/><V109/><F102/><W61/><G61/><T33/><D33/><U131/><E131/><V111/><F106/><W125/><G125/><T89/><D64/><U87/><E87/><V23/><F127/><W134/><G134/><T36/><D104/><U118/><E118/><N who="2" m="45099" /><F23/><W28/><G28/><T81/><D103/><U51/><E2/><V98/><F98/><W82/><G82/><T135/><D96/><U24/><E37/><V128/><F128/><W48/><G48/><T90/><D36/><U19/><E38/><V70/><F70/><W67/><G67/><T92/><D81/><U16/><E6/><V62/><F62/><W35/><G35/><T0/><D0/><U10/><E30/><V29/><F29/><W86/><G86/><T99/><D99/><U34/><E34/><V57/><F57/><W65/><G65/><T105/><D105/><U75/><E75/><V32/><F32/><W133/><G133/><T132/><D135/><U26/><E26/><V27/><F27/><W126/><G126/><T101/><D132/><U5/><E5/><V50/><F50/><AGARI ba="0,0" hai="10,15,16,19,22,24,42,43,47,50,51,54,55,58" machi="50" ten="30,7700,0" yaku="7,1,8,1,52,1,54,1" doraHai="4" who="1" fromWho="2" sc="194,0,329,77,83,-77,394,0" owari="194,-21.0,406,51.0,6,-49.0,394,19.0" />
</Scene>
</mjloggm>