<mjloggm ver="2.3"><GO type="169"/><UN n0="%E4%B8%80%E6%96%B9%E9%80%9A%E8%A1%8C" n1="%E3%81%82%E3%81%AE%E3%81%88%E3%81%B3%E3%81%95%E3%81%88" n2="%E3%81%94%E3%81%98%E3%82%83%E3%82%8B" n3="%E5%A4%AA%E3%81%8F%E3%81%AA%E3%81%84%E3%81%8A" dan="16,16,17,18" rate="2161,2056,2162,2195" sx="M,F,M,M"/><TAIKYOKU oya="0"/>

<Scene>
<INIT seed="0,0,0,0,3,70" ten="250,250,250,250" oya="0" hai0="24,108,129,67,89,118,99,20,134,82,122,48,26" hai1="46,12,94,102,51,73,47,18,4,1,45,58,14" hai2="121,50,22,72,6,63,123,61,36,78,68,0,43" hai3="115,29,54,66,55,15,120,2,133,103,10,25,33"/><T105/><D122/><U132/><E73/><V91/><F22/><W32/><G115/><T56/><D118/><U109/><E1/><V65/><F91/><W74/><G74/><T16/><D129/><U127/><E109/><V85/><F85/><W69/><G120/><T17/><D134/><U88/><E132/><V124/><F61/><W49/><G133/><T53/><D108/><U71/><E71/><V110/><F50/><W76/><G76/><T128/><D128/><U93/><E127/><V59/><F59/><W81/><G81/><T3/><D3/><U101/><E93/><V19/><F19/><W80/><G80/><T87/><D67/><U135/><E135/><V39/><F124/><W116/><G116/><T60/><D105/><U27/><E27/><N who="0" m="10281" /><D20/><N who="1" m="11335" /><E58/><V126/><F126/><W83/><G2/><T130/><D130/><U86/><E51/><V112/><F112/><W113/><G113/><T5/><D5/><U97/><E97/><V111/><F111/><W11/><G11/><AGARI ba="0,0" hai="4,11,14,45,46,47,86,88,94,101,102" m="11335" machi="11" ten="30,2000,0" yaku="8,1,54,1" doraHai="70" who="1" fromWho="3" sc="250,0,250,20,250,0,250,-20" />
</Scene>
<Scene>
<INIT seed="1,0,0,5,1,92" ten="250,270,250,230" oya="1" hai0="101,7,76,29,117,45,107,94,57,11,35,82,97" hai1="64,87,0,103,91,109,17,80,37,36,25,50,131" hai2="111,67,89,99,69,113,42,1,43,105,77,84,93" hai3="110,54,118,5,2,24,112,121,125,44,85,78,79"/><U122/><E122/><V96/><F1/><W28/><G121/><T53/><D117/><U135/><E0/><V22/><F111/><W127/><G112/><T61/><D35/><U86/><E135/><V26/><F113/><W49/><G110/><T15/><D29/><U60/><E109/><V55/><F69/><W34/><G118/><T128/><D128/><U129/><E50/><V20/><F67/><W102/><G102/><T41/><D107/><U46/><E103/><V126/><F126/><N who="3" m="48139" /><G85/><T32/><D32/><U9/><E87/><V47/><F77/><N who="3" m="29195" /><G5/><T132/><D132/><U33/><E9/><V10/><F10/><W27/><G27/><T70/><D70/><U30/><E17/><N who="2" m="12559" /><F105/><W68/><G68/><T88/><D76/><U39/><REACH who="1" step="1"/><E46/><REACH who="1" ten="250,260,250,230" step="2"/><V114/><F114/><W19/><G2/><T3/><D3/><U72/><E72/><V73/><F73/><W75/><G19/><T59/><D101/><U74/><E74/><AGARI ba="0,1" hai="24,28,34,44,49,54,74,75" m="29195,48139" machi="74" ten="30,1000,0" yaku="18,1" doraHai="92" who="3" fromWho="1" sc="250,0,260,-10,250,0,230,20" />
</Scene>
<Scene>
<INIT seed="2,0,0,2,2,103" ten="250,250,250,250" oya="2" hai0="130,47,124,16,13,56,21,6,35,48,55,32,127" hai1="51,18,135,68,81,19,92,104,4,31,85,73,91" hai2="11,65,5,79,123,28,80,101,57,45,34,98,66" hai3="129,58,117,9,134,8,30,40,119,87,78,17,84"/><V82/><F123/><W94/><G30/><T39/><D130/><U76/><E68/><V75/><F82/><W33/><G33/><T50/><D39/><U71/><E71/><V74/><F74/><W43/><G129/><T0/><D0/><U36/><E36/><V99/><F45/><W38/><G38/><T106/><D6/><U131/><E131/><V109/><F109/><W96/><G134/><T42/><REACH who="0" step="1"/><D106/><REACH who="0" ten="240,250,250,250" step="2"/><U122/><E4/><V108/><F108/><W102/><G117/><T41/><D41/><U24/><E122/><V52/><F34/><AGARI ba="0,1" hai="13,16,21,32,34,35,42,47,48,50,55,56,124,127" machi="34" ten="40,2600,0" yaku="1,1,54,1,53,0" doraHai="103" doraHaiUra="100" who="0" fromWho="2" sc="240,36,250,0,250,-26,250,0" />
</Scene>
<Scene>
<INIT seed="3,0,0,2,2,65" ten="276,250,224,250" oya="3" hai0="25,9,122,89,96,48,7,77,134,112,98,18,127" hai1="124,31,47,64,102,71,42,61,83,33,49,44,130" hai2="107,1,15,105,116,111,36,19,2,40,67,50,92" hai3="108,29,119,131,90,101,133,55,118,115,35,59,32"/><W100/><G115/><T45/><D122/><U27/><E130/><V13/><F116/><W94/><G131/><T41/><D112/><U62/><E124/><V30/><F30/><W82/><G82/><T6/><D127/><U20/><E102/><V10/><F36/><W51/><G133/><T38/><D134/><U28/><E83/><V86/><F111/><W84/><G108/><T75/><D48/><U11/><E11/><V103/><F105/><W12/><G35/><T114/><D114/><U87/><E87/><V93/><F107/><W46/><G46/><T76/><D89/><U43/><E61/><V106/><F106/><W128/><G128/><T4/><D75/><U72/><E72/><V53/><F40/><W125/><G125/><T21/><REACH who="0" step="1"/><D9/><REACH who="0" ten="266,250,224,250" step="2"/><U14/><E49/><V110/><F10/><W68/><G118/><T132/><D132/><U99/><E42/><V129/><F50/><W63/><G119/><T8/><D8/><U58/><E43/><V60/><F110/><W24/><G100/><T37/><D37/><U52/><E99/><AGARI ba="0,1" hai="4,6,7,18,21,25,38,41,45,76,77,96,98,99" machi="99" ten="40,8000,1" yaku="1,1,53,3" doraHai="65" doraHaiUra="0" who="0" fromWho="1" sc="266,90,250,-80,224,0,250,0" />
</Scene>
<Scene>
<INIT seed="4,0,0,2,4,125" ten="356,170,224,250" oya="0" hai0="71,62,39,66,86,67,2,41,127,78,123,101,6" hai1="21,27,23,52,33,25,109,81,92,55,63,103,91" hai2="87,94,133,83,80,45,119,106,57,13,53,102,22" hai3="18,85,59,114,100,108,110,4,49,44,12,121,34"/><T5/><D123/><U47/><E33/><V60/><F133/><W90/><G34/><T19/><D127/><U28/><E109/><V43/><F119/><W132/><G100/><T128/><D128/><U122/><E122/><V118/><F106/><W26/><G121/><T117/><D117/><U50/><E81/><V82/><F118/><W75/><G75/><T130/><D130/><U58/><E103/><V74/><F74/><W112/><G26/><T124/><D124/><U126/><E126/><V64/><F64/><W79/><G4/><T30/><D30/><U14/><E14/><V111/><F111/><W96/><G96/><T120/><D120/><U134/><E134/><V1/><F1/><W68/><G68/><T113/><D113/><N who="3" m="43625" /><G79/><T65/><D101/><U89/><REACH who="1" step="1"/><E92/><REACH who="1" ten="356,160,224,250" step="2"/><V35/><F35/><W9/><G132/><T115/><D115/><U42/><E42/><V17/><F102/><W97/><G108/><T84/><D41/><U104/><E104/><V54/><F94/><W76/><G110/><T8/><D2/><U31/><AGARI ba="0,1" hai="21,23,25,27,28,31,47,50,52,55,58,63,89,91" machi="31" ten="20,12000,2" yaku="1,1,0,1,7,1,9,1,8,1,54,1,53,0" doraHai="125" doraHaiUra="95" who="1" fromWho="1" sc="356,-60,160,130,224,-30,250,-30" />
</Scene>
<Scene>
<INIT seed="5,0,0,5,5,90" ten="296,290,194,220" oya="1" hai0="52,62,21,2,93,0,80,29,103,120,84,69,4" hai1="72,100,97,5,33,47,117,61,40,132,81,36,133" hai2="45,60,95,76,31,68,85,130,89,42,112,35,10" hai3="49,91,44,65,82,94,22,32,67,107,28,124,122"/><U23/><E33/><V78/><F130/><W34/><G107/><T15/><D120/><U55/><E117/><V102/><F112/><W110/><G122/><T66/><D103/><U128/><E128/><V17/><F102/><W19/><G110/><T50/><D93/><N who="1" m="58415" /><E23/><V74/><F31/><W101/><G124/><T70/><D70/><U77/><E55/><V39/><F35/><W105/><G82/><T127/><D127/><U104/><E104/><V92/><F74/><W53/><G101/><T113/><D113/><U3/><E61/><V9/><F68/><W135/><G105/><T108/><D108/><U129/><E129/><V75/><F75/><W18/><G34/><T54/><D54/><U88/><E88/><V41/><F60/><W83/><G83/><T43/><D43/><U30/><E30/><V59/><F59/><W46/><G32/><T56/><D29/><U27/><E27/><V131/><F131/><W123/><G123/><T79/><REACH who="0" step="1"/><D21/><REACH who="0" ten="286,290,194,220" step="2"/><U116/><E116/><V14/><F42/><W1/><G22/><T64/><D64/><U99/><E99/><V96/><F96/><W118/><G28/><T7/><D7/><U73/><E5/><V20/><REACH who="2" step="1"/><F95/><REACH who="2" ten="286,290,184,220" step="2"/><W71/><G94/><T25/><D25/><U126/><E126/><V109/><F109/><W63/><G118/><T8/><AGARI ba="0,2" hai="0,2,4,8,15,50,52,56,62,66,69,79,80,84" machi="8" ten="30,4000,0" yaku="1,1,0,1,54,1,53,0" doraHai="90" doraHaiUra="87" who="0" fromWho="0" sc="286,60,290,-20,184,-10,220,-10" />
</Scene>
<Scene>
<INIT seed="6,0,0,3,4,50" ten="346,270,174,210" oya="2" hai0="31,55,89,135,48,27,28,37,80,15,73,45,86" hai1="39,129,20,62,7,128,35,23,29,119,103,36,60" hai2="54,22,85,99,2,5,4,121,75,30,114,42,65" hai3="72,71,52,3,125,26,78,21,127,63,94,105,17"/><V87/><F75/><W77/><G105/><T100/><D135/><U118/><E29/><V104/><F121/><W122/><G3/><T111/><D111/><U57/><E7/><V98/><F2/><W34/><G122/><T38/><D73/><U43/><E103/><V76/><F42/><W83/><G77/><T67/><D31/><U117/><E43/><V92/><F104/><W109/><G109/><T93/><D67/><U97/><E97/><V64/><F114/><W8/><G34/><T110/><D110/><U59/><REACH who="1" step="1"/><E119/><REACH who="1" ten="346,260,174,210" step="2"/><V16/><F30/><W91/><G125/><T115/><D100/><U53/><E53/><V41/><F41/><W46/><G127/><T131/><D115/><U66/><E66/><N who="2" m="25707" /><F4/><W95/><G52/><T116/><D55/><U51/><E51/><V24/><F5/><W120/><G120/><T88/><D48/><U10/><E10/><V112/><F112/><W69/><G8/><T18/><D28/><U14/><E14/><V82/><F54/><W96/><G63/><T123/><D15/><U33/><AGARI ba="0,1" hai="20,23,33,35,36,39,57,59,60,62,117,118,128,129" machi="33" ten="25,6400,0" yaku="1,1,0,1,22,2,53,0" doraHai="50" doraHaiUra="13" who="1" fromWho="1" sc="346,-16,260,74,174,-32,210,-16" />
</Scene>
<Scene>
<INIT seed="7,0,0,2,3,72" ten="330,334,142,194" oya="3" hai0="101,22,82,96,0,134,91,50,12,87,88,25,132" hai1="120,73,119,3,94,97,66,89,13,115,18,8,46" hai2="124,15,20,17,77,93,59,37,1,83,62,107,55" hai3="69,125,131,57,53,23,24,34,127,75,79,29,98"/><W111/><G69/><T109/><D109/><U49/><E120/><V122/><F107/><W92/><G111/><T114/><D0/><U128/><E73/><V27/><F1/><W135/><G135/><N who="0" m="51755" /><D114/><U110/><E110/><V133/><F133/><W47/><G47/><T36/><D36/><U30/><E128/><V16/><F122/><W51/><G131/><T44/><D12/><U112/><E66/><V33/><F37/><W39/><G39/><T5/><D5/><U80/><E30/><V68/><F124/><N who="3" m="47691" /><G34/><T32/><D32/><U2/><E119/><V116/><F116/><W104/><G104/><N who="0" m="63527" /><D82/><U105/><E80/><V65/><F93/><W63/><G75/><T64/><D87/><U74/><E74/><V76/><F83/><W81/><G51/><T126/><D64/><U84/><E84/><V48/><F33/><W43/><G43/><N who="0" m="24863" /><D126/><U6/><E105/><V9/><AGARI ba="0,0" hai="9,15,16,17,20,27,48,55,59,62,65,68,76,77" machi="9" ten="20,8000,1" yaku="0,1,7,1,52,2,54,1" doraHai="72" who="2" fromWho="2" sc="330,-20,334,-20,142,80,194,-40" owari="310,11.0,314,42.0,222,-18.0,154,-35.0" />
</Scene>
</mjloggm>