<mjloggm ver="2.3"><GO type="97"/><UN n0="%61%6E%70%61%6E%30%32" n1="%E3%81%B4%E3%81%AE%E3%81%97" n2="%E5%A4%AA%E3%81%8F%E3%81%AA%E3%81%84%E3%81%8A" n3="%E6%98%BC%E9%A3%AF%EF%BC%A0%E4%BD%95%E9%A3%9F%E3%81%86" dan="14,13,15,16" rate="1867,1844,2051,2099" sx="M,M,M,F"/><TAIKYOKU oya="0"/>

<Scene>
<INIT seed="0,0,0,3,5,133" ten="250,250,250,250" oya="0" hai0="105,135,132,68,46,29,15,54,52,24,74,13,82" hai1="21,49,22,33,123,112,96,108,127,72,85,104,45" hai2="134,93,3,41,125,99,102,76,66,126,131,81,62" hai3="106,120,12,114,128,117,32,17,67,71,10,124,79"/><T58/><D105/><U61/><E123/><V80/><F3/><W119/><G79/><T37/><D68/><U101/><E72/><V23/><F134/><N who="0" m="51242" /><D74/><U57/><E33/><V55/><F131/><W25/><G106/><T109/><D82/><U50/><E112/><V84/><F41/><W89/><G67/><T98/><D98/><U11/><E108/><V94/><F55/><N who="0" m="21034" /><D58/><U18/><E85/><V87/><F23/><W95/><G71/><T107/><D107/><U73/><E73/><V1/><F1/><W28/><G120/><T35/><D109/><U59/><E11/><V16/><F93/><W14/><G128/><T97/><D97/><U31/><E31/><V75/><F75/><W69/><G69/><T39/><D46/><U91/><E45/><V0/><F0/><W121/><G114/><T5/><D5/><U20/><E18/><V122/><F16/><W42/><G95/><T88/><D88/><U129/><E91/><V115/><F115/><W77/><G89/><T83/><D83/><U86/><E86/><V111/><F111/><W8/><G119/><T40/><D40/><U53/><E129/><V64/><F122/><W48/><G121/><T70/><D70/><U118/><E118/><V63/><F81/><W78/><G117/><T30/><D30/><U65/><E50/><V27/><F87/><W7/><G42/><T90/><D90/><U9/><E9/><V26/><F66/><W44/><G44/><T113/><D113/><U56/><E56/><N who="2" m="36935" /><F63/><W4/><G48/><T100/><D100/><U47/><E47/><V103/><F103/><RYUUKYOKU ba="0,0" sc="250,10,250,10,250,10,250,-30" hai0="13,15,24,29,35,37,39" hai1="20,21,22,49,53,57,59,61,65,96,101,104,127" hai2="26,27,76,80,84,94,99,102,125,126" />
</Scene>
<Scene>
<INIT seed="0,1,0,4,2,61" ten="260,260,260,220" oya="0" hai0="0,46,7,45,80,30,86,107,58,25,83,132,78" hai1="79,28,51,105,133,88,21,108,11,53,134,69,92" hai2="52,77,39,64,36,29,72,123,84,6,93,122,127" hai3="98,38,65,75,66,73,14,42,82,104,111,19,22"/><T37/><D132/><U102/><E79/><V49/><F6/><W12/><G111/><T103/><D37/><U56/><E108/><V50/><F29/><W40/><G104/><T35/><D0/><U114/><E114/><V41/><F72/><W13/><G38/><N who="2" m="14377" /><F93/><W23/><G98/><T5/><D83/><U47/><E69/><V63/><F84/><W4/><G4/><T71/><D71/><U15/><E102/><V81/><F81/><W100/><G82/><T55/><D107/><U109/><E105/><V31/><F31/><W67/><G100/><T34/><D34/><U48/><E109/><V110/><F77/><W17/><G12/><T33/><D33/><U76/><E76/><V131/><F110/><W20/><G20/><T124/><D103/><U99/><E28/><V8/><F8/><W26/><G26/><T16/><D124/><U74/><E74/><AGARI ba="1,0" hai="13,14,17,19,22,23,40,42,65,66,67,73,74,75" machi="74" ten="40,8000,1" yaku="9,1,52,3" doraHai="61" who="3" fromWho="1" sc="260,0,260,-83,260,0,220,83" />
</Scene>
<Scene>
<INIT seed="1,0,0,0,1,83" ten="260,177,260,303" oya="1" hai0="71,50,114,106,118,61,40,94,73,72,66,13,27" hai1="123,127,96,81,113,126,116,86,107,117,85,63,76" hai2="124,68,14,53,31,130,62,88,6,3,129,42,33" hai3="135,24,8,111,46,99,128,122,45,49,5,41,103"/><U78/><E63/><V95/><F124/><N who="1" m="47657" /><E123/><V110/><F110/><W18/><G111/><T20/><D118/><N who="1" m="45675" /><E113/><V91/><F3/><W65/><G128/><N who="2" m="49257" /><F42/><W119/><G135/><T35/><D114/><U51/><E51/><V26/><F95/><W54/><G119/><T32/><D106/><U115/><E115/><V9/><F53/><W104/><G122/><T79/><D94/><U80/><E107/><V70/><F62/><W1/><G65/><T75/><D79/><N who="1" m="30251" /><E96/><V52/><F52/><W98/><G99/><T84/><D84/><AGARI ba="0,0" hai="80,81,84,85,86" m="30251,45675,47657" machi="84" ten="40,24000,3" yaku="28,2,18,1,34,2,52,3" doraHai="83" who="1" fromWho="0" sc="260,-240,177,240,260,0,303,0" />
</Scene>
<Scene>
<INIT seed="1,1,0,1,3,64" ten="20,417,260,303" oya="1" hai0="90,78,122,106,99,107,66,2,130,32,91,0,26" hai1="86,121,129,133,119,39,79,17,117,82,34,72,68" hai2="105,50,114,36,44,73,87,120,77,97,108,103,123" hai3="28,9,113,111,31,92,37,94,13,80,42,57,22"/><U102/><E17/><V41/><F108/><W49/><G113/><T5/><D130/><U65/><E102/><V100/><F114/><W60/><G111/><T88/><D122/><U128/><E86/><V96/><F87/><W58/><G37/><T43/><D43/><U38/><E34/><V101/><F101/><W14/><G80/><T75/><D66/><U24/><E24/><V84/><F84/><W81/><G81/><T71/><D71/><U25/><E25/><V126/><F126/><W85/><G42/><T4/><D75/><U89/><E89/><V47/><F77/><W6/><G49/><T69/><D78/><U29/><E29/><N who="3" m="11338" /><G85/><T62/><D99/><U61/><E121/><V53/><REACH who="2" step="1"/><F73/><REACH who="2" ten="20,417,250,303" step="2"/><W46/><G94/><AGARI ba="1,1" hai="36,41,44,47,50,53,94,96,97,100,103,105,120,123" machi="94" ten="30,3900,0" yaku="1,1,2,1,7,1,53,0" doraHai="64" doraHaiUra="11" who="2" fromWho="3" sc="20,0,417,0,250,52,303,-42" />
</Scene>
<Scene>
<INIT seed="2,0,0,0,0,128" ten="20,417,302,261" oya="2" hai0="80,93,111,14,7,102,64,74,71,2,53,30,127" hai1="65,107,82,18,132,25,37,109,60,36,105,134,40" hai2="100,81,41,58,70,1,121,20,118,0,11,77,114" hai3="76,55,31,115,43,27,15,35,16,101,32,108,130"/><V86/><F121/><W34/><G108/><T122/><D111/><U87/><E109/><V92/><F70/><W52/><G130/><T22/><D122/><U120/><E120/><V96/><F118/><W78/><G115/><T125/><D71/><U45/><E37/><V4/><F114/><W94/><G43/><T33/><D64/><U133/><E18/><V88/><F41/><W84/><G78/><N who="0" m="44119" /><D53/><U49/><E25/><V61/><F20/><W17/><G76/><T90/><D102/><U135/><E49/><V21/><F21/><W51/><G55/><T116/><D116/><U112/><N who="1" m="34304" /><DORA hai="44" /><U13/><E13/><V10/><F10/><W124/><G124/><N who="0" m="47691" /><D2/><U85/><E112/><V126/><F126/><W113/><G113/><T75/><D75/><U106/><E82/><V73/><F11/><W48/><G48/><T123/><D123/><U56/><AGARI ba="0,0" hai="36,40,45,56,60,65,85,87,105,106,107" m="34304" machi="56" ten="70,12000,2" yaku="0,1,20,1,52,4" doraHai="128,44" who="1" fromWho="1" sc="20,-30,417,120,302,-60,261,-30" owari="-10,-51.0,537,64.0,242,4.0,231,-17.0" />
</Scene>
</mjloggm>