<mjloggm ver="2.3"><GO type="193"/><UN n0="%28%EF%BF%A3%E3%83%AD%EF%BF%A3%EF%BC%9B%29" n1="%E5%A4%AA%E3%81%8F%E3%81%AA%E3%81%84%E3%81%8A" n2="%E3%82%86%E3%81%9A%E7%B4%85%E8%8C%B6%E3%82%92%E7%9F%A5%E3%82%8B%E8%80%85" n3="%72%65%44" dan="12,11,12,11" rate="1839,1711,2126,1633" sx="M,M,M,M"/><TAIKYOKU oya="0"/>

<Scene>
<INIT seed="0,0,0,1,3,64" ten="250,250,250,250" oya="0" hai0="15,53,128,47,101,123,105,12,33,45,28,78,81" hai1="135,29,117,72,75,112,55,31,102,30,120,22,9" hai2="109,52,95,60,1,24,49,42,119,96,86,34,26" hai3="16,19,132,133,63,39,67,5,46,27,71,131,115"/><T88/><D123/><U103/><E120/><V122/><F122/><W21/><G115/><T116/><D116/><U2/><E117/><V126/><F119/><W91/><G5/><T113/><D113/><U17/><E112/><V107/><F109/><W114/><G131/><T108/><D128/><U90/><E135/><N who="3" m="51786" /><G114/><T130/><D130/><U43/><E43/><V13/><F1/><W69/><G91/><T57/><D105/><U110/><E110/><V129/><F129/><W121/><G121/><T18/><D108/><U80/><E55/><V68/><F126/><W6/><G6/><T41/><D101/><U14/><E75/><V59/><F34/><W84/><G19/><T118/><D33/><U134/><E134/><V51/><F107/><W74/><G84/><T99/><D28/><U106/><E106/><V36/><F86/><W111/><G74/><T11/><D118/><U38/><E38/><V66/><F13/><W83/><G83/><T124/><D124/><U104/><E104/><V3/><F3/><W48/><G39/><T94/><D78/><U93/><E80/><V10/><F10/><W70/><G111/><T97/><D81/><U56/><E72/><V40/><F36/><W7/><G7/><T73/><D73/><U23/><E2/><V25/><F96/><W54/><AGARI ba="0,0" hai="16,21,27,46,48,54,63,67,69,70,71" m="51786" machi="54" ten="30,8000,1" yaku="20,1,52,3,54,1" doraHai="64" who="3" fromWho="3" sc="250,-40,250,-20,250,-20,250,80" />
</Scene>
<Scene>
<INIT seed="1,0,0,4,3,23" ten="210,230,230,330" oya="1" hai0="45,86,123,20,62,109,33,135,64,51,114,10,69" hai1="6,24,47,38,27,84,75,77,102,133,50,78,131" hai2="81,11,39,0,18,46,125,44,124,83,59,107,120" hai3="48,8,119,126,76,100,121,14,112,58,32,92,82"/><U127/><E38/><V117/><F120/><W106/><G121/><T3/><D123/><U80/><E102/><V115/><F117/><W19/><G112/><T67/><D114/><U15/><E131/><V54/><F115/><W110/><G110/><T66/><D33/><U5/><E127/><N who="2" m="48715" /><F107/><W130/><G130/><T118/><D118/><U35/><E35/><V25/><F0/><W103/><G119/><T12/><D109/><U37/><E37/><V73/><F39/><W132/><G32/><T63/><D135/><U113/><E113/><V90/><F81/><W74/><G132/><T99/><D99/><U79/><E133/><V31/><F11/><W55/><G126/><T22/><D3/><U29/><E29/><V128/><F128/><W36/><G36/><T134/><D86/><U7/><E15/><V70/><F70/><W116/><G106/><T95/><D95/><U65/><E65/><V9/><F9/><W98/><G116/><T85/><D85/><U21/><E75/><V96/><F73/><W71/><G71/><T52/><D134/><U43/><REACH who="1" step="1"/><E21/><REACH who="1" ten="210,220,230,330" step="2"/><N who="2" m="13495" /><F31/><W89/><AGARI ba="0,1" hai="8,14,19,48,55,58,74,76,82,89,92,98,100,103" machi="89" ten="20,1500,0" yaku="0,1,7,1" doraHai="23" who="3" fromWho="3" sc="210,-4,220,-7,230,-4,330,25" />
</Scene>
<Scene>
<INIT seed="2,0,0,4,0,112" ten="206,213,226,355" oya="2" hai0="79,77,29,109,73,86,9,91,13,72,19,21,82" hai1="30,2,98,106,16,34,36,120,39,115,121,101,132" hai2="14,94,24,20,23,100,81,45,38,68,51,105,26" hai3="65,99,92,50,61,37,130,80,75,69,1,55,127"/><V32/><F105/><W74/><G130/><T76/><REACH who="0" step="1"/><D109/><REACH who="0" ten="196,213,226,355" step="2"/><U27/><E115/><V40/><F32/><W122/><G122/><N who="1" m="47210" /><E132/><V89/><F68/><W78/><G127/><T83/><D83/><U85/><E2/><V46/><F81/><W88/><G1/><T71/><D71/><U56/><E85/><V15/><F100/><W95/><G37/><T134/><D134/><U62/><E16/><N who="2" m="12295" /><F38/><W108/><G108/><T12/><D12/><U129/><E129/><V44/><F14/><W8/><G95/><T3/><D3/><U10/><E10/><V84/><F15/><W60/><G8/><T35/><D35/><U33/><E33/><V53/><F40/><W87/><G61/><T49/><D49/><U11/><E11/><V63/><F63/><W117/><G117/><T7/><D7/><U97/><E97/><V118/><F118/><W125/><G125/><T0/><D0/><U6/><E6/><V107/><F107/><W123/><G123/><T104/><D104/><U47/><E47/><AGARI ba="0,1" hai="47,50,55,60,65,69,74,75,78,80,87,88,92,99" machi="47" ten="30,2000,0" yaku="7,1,54,1" doraHai="112" who="3" fromWho="1" sc="196,0,213,-20,226,0,355,30" />
</Scene>
<Scene>
<INIT seed="3,0,0,0,4,55" ten="196,193,226,385" oya="3" hai0="57,127,1,90,70,96,59,61,84,31,112,13,88" hai1="132,16,80,129,103,85,2,91,83,62,46,102,58" hai2="107,101,21,35,125,116,120,77,53,37,38,67,12" hai3="8,108,54,28,124,121,44,110,81,72,109,106,79"/><W9/><G121/><T25/><D1/><U130/><E2/><V64/><F35/><W135/><G106/><T24/><D127/><U114/><E114/><V100/><F77/><W27/><G124/><T5/><D112/><U41/><E132/><V126/><F120/><W32/><G135/><T3/><D3/><U113/><E113/><V49/><F116/><W29/><G28/><T133/><D133/><U115/><E115/><V117/><F117/><W119/><G119/><T40/><D40/><U97/><E83/><V92/><F107/><W26/><G27/><T48/><D70/><U63/><E63/><V30/><F30/><W68/><G68/><T87/><D31/><U78/><E78/><V86/><F86/><N who="0" m="32810" /><D61/><U43/><E16/><V34/><F37/><W14/><G14/><T0/><D0/><U105/><E102/><V95/><F101/><W42/><G54/><N who="0" m="31943" /><D5/><U23/><E23/><V99/><F21/><W15/><G15/><T60/><D13/><U75/><E75/><V20/><F12/><W11/><G11/><T17/><D17/><U98/><E98/><V93/><F99/><W65/><G65/><N who="0" m="39071" /><D90/><U47/><E41/><V111/><F126/><W45/><G45/><T73/><D73/><U128/><REACH who="1" step="1"/><E43/><REACH who="1" ten="196,183,226,385" step="2"/><V74/><F125/><W134/><G134/><T69/><D69/><U39/><E39/><AGARI ba="0,1" hai="8,9,26,29,32,39,42,44,72,79,81,108,109,110" machi="39" ten="40,3900,0" yaku="14,1,10,1" doraHai="55" who="3" fromWho="1" sc="196,0,183,-39,226,0,385,49" owari="196,-20.0,144,-36.0,226,3.0,434,53.0" />
</Scene>
</mjloggm>