<mjloggm ver="2.3"><GO type="97"/><UN n0="%E5%A4%AA%E3%81%8F%E3%81%AA%E3%81%84%E3%81%8A" n1="%E6%8E%A8%E5%AE%9A%62%6B%6B" n2="%52%6F%6F%72" n3="%E3%82%AB%E3%82%B2%E3%83%9E%E3%83%AB" dan="14,14,14,14" rate="2001,1974,1902,1888" sx="M,M,M,M"/><TAIKYOKU oya="0"/>

<Scene>
<INIT seed="0,0,0,0,1,80" ten="250,250,250,250" oya="0" hai0="100,82,86,85,46,44,89,94,6,113,108,118,126" hai1="114,72,41,123,7,56,67,57,92,121,122,131,74" hai2="2,43,93,76,68,84,11,17,78,119,135,111,95" hai3="24,99,4,90,107,104,22,124,16,25,130,34,51"/><T116/><D113/><U36/><E131/><V133/><F68/><W70/><G70/><T49/><D6/><U37/><E114/><V53/><F43/><W28/><G130/><T73/><D73/><N who="1" m="28267" /><E41/><V62/><F119/><W32/><G124/><T127/><D108/><U14/><E14/><N who="2" m="7391" /><F111/><W128/><G128/><T18/><D18/><U106/><E92/><V19/><F2/><W97/><G4/><T81/><D100/><U96/><E7/><V52/><F19/><W9/><G9/><T35/><D35/><U88/><E88/><N who="2" m="53383" /><F95/><W71/><G71/><T40/><D94/><U27/><E27/><V31/><F31/><W45/><G34/><T63/><D116/><U54/><E106/><V60/><F135/><W117/><G117/><T1/><D118/><U109/><E109/><V102/><F102/><W87/><G107/><T10/><D1/><U59/><E96/><V8/><F133/><W0/><G0/><T61/><D10/><U120/><E67/><V58/><F8/><W50/><G104/><T20/><D20/><U42/><E42/><V33/><F33/><W105/><G105/><T83/><D89/><U103/><E103/><V75/><F75/><W112/><G112/><T29/><D29/><U21/><E21/><V132/><F132/><W15/><G25/><T13/><D40/><U79/><E79/><N who="2" m="30251" /><F62/><W47/><G45/><T125/><D46/><U129/><E129/><V48/><F48/><N who="3" m="18475" /><G47/><T55/><D13/><U66/><E123/><V69/><F69/><W38/><G38/><N who="1" m="14954" /><E66/><AGARI ba="0,0" hai="52,53,58,60,66" m="30251,53383,7391" machi="66" ten="30,7700,0" yaku="8,1,52,1,54,2" doraHai="80" who="2" fromWho="1" sc="250,0,250,-77,250,77,250,0" />
</Scene>
<Scene>
<INIT seed="1,0,0,4,1,108" ten="250,173,327,250" oya="1" hai0="71,85,52,35,46,83,106,77,124,114,51,82,103" hai1="95,58,34,123,72,79,31,81,130,128,41,68,100" hai2="107,2,45,63,14,121,92,65,43,97,30,109,70" hai3="75,134,25,3,94,53,11,96,0,21,62,90,49"/><U9/><E68/><V13/><F2/><W132/><G75/><T86/><D71/><U50/><E123/><V57/><F121/><W126/><G126/><T42/><D35/><U117/><E117/><V87/><F107/><W89/><G62/><T38/><D124/><U36/><E9/><V1/><F1/><W74/><G74/><T88/><D114/><U4/><E4/><V80/><F109/><W116/><G116/><T69/><D69/><U60/><E50/><N who="2" m="26943" /><F30/><W104/><G104/><T7/><D7/><U98/><E31/><V119/><F70/><W113/><G113/><T19/><D19/><U133/><E133/><N who="3" m="51306" /><G90/><T54/><REACH who="0" step="1"/><D38/><REACH who="0" ten="240,173,327,250" step="2"/><U28/><E34/><V15/><F119/><W61/><G11/><T37/><D37/><U16/><E28/><V12/><F80/><W56/><G61/><T44/><D44/><U131/><E36/><V17/><F63/><W33/><G33/><T99/><AGARI ba="0,1" hai="42,46,51,52,54,77,82,83,85,86,88,99,103,106" machi="99" ten="30,7900,0" yaku="1,1,0,1,54,2,53,0" doraHai="108" doraHaiUra="66" who="0" fromWho="0" sc="240,89,173,-39,327,-20,250,-20" />
</Scene>
<Scene>
<INIT seed="2,0,0,2,1,84" ten="329,134,307,230" oya="2" hai0="133,65,22,112,25,79,73,48,63,127,105,104,12" hai1="3,98,71,54,97,80,13,85,103,101,72,90,107" hai2="116,19,93,44,76,0,125,130,128,81,36,108,124" hai3="10,1,89,78,4,29,21,31,122,34,47,56,83"/><V121/><F121/><W110/><G122/><T126/><D112/><U66/><E3/><V68/><F68/><W61/><G110/><T6/><D133/><U49/><E71/><V9/><F108/><W30/><G34/><T46/><D79/><U95/><E66/><V16/><F116/><W53/><G89/><T5/><D73/><U113/><E113/><V87/><F93/><W131/><G131/><N who="2" m="50217" /><F0/><W59/><G47/><T135/><D135/><U67/><E67/><V7/><F7/><N who="0" m="2570" /><D12/><U57/><E13/><N who="2" m="7215" /><F19/><W132/><G132/><T109/><D109/><U60/><E60/><V88/><F76/><W102/><G102/><T52/><D63/><U51/><E51/><V62/><F62/><W82/><G59/><T14/><D65/><U27/><E27/><V33/><F33/><W37/><G37/><T111/><D111/><U119/><REACH who="1" step="1"/><E72/><REACH who="1" ten="329,124,307,230" step="2"/><V39/><F39/><W32/><G32/><T129/><D129/><U99/><E99/><V2/><F2/><W106/><G106/><T35/><D14/><U134/><E134/><V8/><F8/><W117/><G117/><AGARI ba="0,1" hai="49,54,57,80,85,90,95,97,98,101,103,107,117,119" machi="117" ten="40,5200,0" yaku="1,1,52,1,53,1" doraHai="84" doraHaiUra="91" who="1" fromWho="3" sc="329,0,124,62,307,0,230,-52" />
</Scene>
<Scene>
<INIT seed="3,0,0,3,1,97" ten="329,186,307,178" oya="3" hai0="115,98,86,85,13,47,49,56,58,123,61,37,108" hai1="121,105,48,92,23,55,95,112,104,14,22,78,70" hai2="10,0,9,88,101,125,76,116,44,111,110,20,67" hai3="6,1,4,71,79,69,127,118,40,33,74,66,122"/><W132/><G122/><T100/><D123/><U68/><E112/><V84/><F116/><W54/><G118/><T52/><D115/><U87/><E121/><V36/><F67/><W3/><G33/><T90/><D108/><U57/><E70/><V12/><F76/><W43/><G66/><N who="0" m="39207" /><D37/><U135/><E135/><V103/><F125/><W128/><G79/><T7/><D100/><U130/><E68/><N who="3" m="26186" /><G74/><T16/><D7/><N who="3" m="2601" /><G127/><T51/><D98/><U91/><E130/><V28/><F0/><N who="3" m="75" /><G132/><T41/><D90/><N who="1" m="53343" /><E78/><V93/><F9/><AGARI ba="0,0" hai="9,13,16,41,47,49,51,52,58,85,86" m="39207" machi="9" ten="30,3900,0" yaku="8,1,54,2" doraHai="97" who="0" fromWho="2" sc="329,39,186,0,307,-39,178,0" owari="368,46.0,186,-21.0,268,7.0,178,-32.0" />
</Scene>
</mjloggm>