<mjloggm ver="2.3"><GO type="169" lobby="0"/><UN n0="%E6%82%A0%E9%9B%85" n1="%E3%83%9A%E3%83%81%E3%83%A7%E3%83%BC%E3%83%AA%E3%83%B3" n2="%E5%A4%AA%E3%81%8F%E3%81%AA%E3%81%84%E3%81%8A" n3="%70%65%72%6F%32" dan="16,17,18,16" rate="2077.84,2164.51,2236.36,2058.40" sx="M,M,F,M"/><TAIKYOKU oya="0"/>

<Scene>
<INIT seed="0,0,0,5,0,92" ten="250,250,250,250" oya="0" hai0="67,4,13,50,101,132,109,131,73,133,106,10,95" hai1="74,78,43,108,111,124,86,83,76,114,119,32,33" hai2="110,69,8,99,25,45,12,16,19,9,80,61,81" hai3="7,14,71,94,27,44,47,63,46,103,123,82,128"/><T107/><D73/><U89/><E119/><V104/><F110/><N who="1" m="42025" /><E124/><V79/><F45/><W122/><G82/><T55/><D109/><U91/><E114/><V17/><F25/><W116/><G116/><T64/><D131/><U84/><E43/><V0/><F0/><W24/><G128/><T120/><D120/><N who="3" m="46121" /><G63/><T125/><D125/><U68/><E68/><V15/><F19/><W40/><G71/><T38/><D38/><U59/><E59/><V58/><F69/><W18/><G7/><T85/><D64/><U49/><E49/><V117/><F117/><W54/><G54/><T135/><D67/><U57/><E57/><V70/><F70/><W34/><G34/><N who="1" m="13418" /><E74/><V77/><F58/><W97/><G40/><T28/><D50/><U56/><E56/><V39/><F61/><W75/><G75/><T87/><D55/><U112/><E112/><V62/><F62/><W5/><G5/><T90/><D28/><U22/><E22/><AGARI ba="0,0" hai="14,18,22,24,27,44,46,47,94,97,103" m="46121" machi="22" ten="30,2000,0" yaku="13,1,52,1" doraHai="92" who="3" fromWho="1" sc="250,0,250,-20,250,0,250,20" />
</Scene>
<Scene>
<INIT seed="1,0,0,4,1,44" ten="250,230,250,270" oya="1" hai0="20,45,41,73,119,38,7,93,99,86,127,3,48" hai1="97,21,14,120,124,52,53,133,115,87,77,56,17" hai2="66,91,51,88,103,61,40,42,134,126,33,65,67" hai3="16,24,74,6,92,18,59,63,47,108,112,2,27"/><U122/><E115/><V111/><F33/><W35/><G112/><T19/><D73/><U36/><E36/><V76/><F111/><W129/><G74/><T31/><D119/><U100/><E124/><V78/><F126/><W22/><G129/><T125/><D31/><U101/><E133/><V60/><F134/><W104/><G104/><T81/><D3/><U71/><E71/><V23/><F103/><W29/><G47/><T58/><D7/><U98/><E120/><V26/><F26/><W75/><G75/><T131/><D131/><U62/><E122/><V123/><F123/><W113/><G113/><T4/><D4/><U32/><E32/><V25/><F25/><W50/><G50/><T70/><D70/><U109/><E109/><V116/><F23/><W46/><G46/><T69/><D69/><U80/><E53/><V5/><F5/><W12/><G108/><T15/><D58/><U128/><REACH who="1" step="1"/><E128/><REACH who="1" ten="250,220,250,270" step="2"/><V130/><F130/><W107/><G2/><T82/><D38/><U132/><E132/><V135/><F135/><W79/><G35/><T85/><D125/><U72/><E72/><V39/><F39/><W64/><G6/><T106/><D127/><U105/><E105/><V37/><F37/><W114/><G107/><T1/><D106/><U83/><E83/><N who="0" m="31753" /><D1/><U68/><E68/><V49/><F67/><W118/><G114/><T28/><D28/><U121/><E121/><V43/><F40/><W57/><G29/><T13/><D13/><U34/><E34/><V117/><AGARI ba="0,1" hai="42,43,49,51,60,61,65,66,76,78,88,91,116,117" machi="117" ten="25,12000,2" yaku="0,1,22,2,52,2,54,1" doraHai="44" who="2" fromWho="2" sc="250,-30,220,-60,250,130,270,-30" />
</Scene>
<Scene>
<INIT seed="2,0,0,1,2,2" ten="220,160,380,240" oya="2" hai0="80,67,14,27,43,110,129,60,108,114,46,127,56" hai1="79,51,76,106,96,69,16,36,92,104,113,22,102" hai2="98,135,20,112,13,61,125,12,48,121,120,84,64" hai3="75,6,11,18,44,23,49,24,39,1,65,25,45"/><V15/><F112/><W86/><G75/><T99/><D114/><U91/><E113/><V130/><F130/><W54/><G65/><T30/><D129/><U47/><E69/><V74/><F74/><W57/><G86/><T124/><D80/><U50/><E36/><V122/><F125/><N who="0" m="48202" /><D99/><U62/><E62/><V71/><F135/><W97/><G97/><T32/><D14/><U85/><E106/><V41/><F98/><W26/><REACH who="3" step="1"/><G39/><AGARI ba="0,0" hai="27,30,32,39,43,46,56,60,67,108,110" m="48202" machi="39" ten="30,1000,0" yaku="18,1" doraHai="2" who="0" fromWho="3" sc="220,10,160,0,380,0,240,-10" />
</Scene>
<Scene>
<INIT seed="3,0,0,4,5,83" ten="230,160,380,230" oya="3" hai0="116,2,18,110,71,91,22,75,86,67,57,66,36" hai1="59,49,29,105,107,104,118,74,0,101,19,130,85" hai2="39,42,20,102,87,31,94,73,69,106,119,51,38" hai3="98,11,61,46,7,41,9,79,99,15,111,47,112"/><W17/><G112/><T89/><D116/><U88/><E74/><V6/><F119/><W28/><G111/><T109/><D75/><U60/><E0/><V10/><F73/><W132/><G132/><T21/><D71/><U121/><E121/><V16/><F69/><W30/><G79/><T26/><D36/><U62/><E130/><V125/><F31/><W129/><G61/><T68/><D68/><U72/><E72/><V54/><F106/><W43/><G129/><T134/><D2/><U120/><E120/><V14/><F42/><W63/><G63/><T70/><D70/><U131/><E131/><V97/><F125/><W133/><G133/><T4/><D4/><U52/><E101/><V53/><F53/><W44/><G41/><T81/><D134/><U50/><E118/><V33/><F33/><W135/><G43/><T84/><D57/><U40/><E29/><V128/><F87/><W13/><G135/><T100/><D100/><U108/><E108/><N who="0" m="41577" /><D21/><U24/><E40/><V37/><F128/><W122/><G122/><T5/><D5/><U124/><E62/><V35/><F35/><W32/><G32/><T117/><D117/><U55/><E55/><V8/><REACH who="2" step="1"/><F6/><REACH who="2" ten="230,160,370,230" step="2"/><W78/><G78/><T113/><D113/><U95/><REACH who="1" step="1"/><E124/><REACH who="1" ten="230,150,370,230" step="2"/><V64/><F64/><W56/><G56/><AGARI ba="0,2" hai="8,10,14,16,20,37,38,39,51,54,56,94,97,102" machi="56" ten="40,5200,0" yaku="1,1,54,1,53,1" doraHai="83" doraHaiUra="92" who="2" fromWho="3" sc="230,0,150,0,370,72,230,-52" />
</Scene>
<Scene>
<INIT seed="4,0,0,3,1,99" ten="230,150,442,178" oya="0" hai0="111,67,26,71,22,29,23,9,43,31,2,88,35" hai1="83,50,38,30,81,58,113,55,21,117,68,123,86" hai2="116,128,75,12,18,10,11,27,0,64,13,70,28" hai3="47,118,17,34,61,20,115,72,132,109,100,32,92"/><T16/><D43/><U59/><E123/><V57/><F75/><W90/><G118/><T96/><D111/><U25/><E68/><V62/><F116/><W93/><G115/><T41/><D41/><U54/><E117/><V73/><F73/><W77/><G109/><T5/><D71/><U102/><E113/><V60/><F128/><W63/><G132/><T85/><D67/><U65/><E38/><V133/><F0/><W114/><G114/><T112/><D112/><U4/><E4/><V82/><F82/><W48/><G77/><T121/><D121/><U46/><E65/><V126/><F133/><W94/><G72/><T49/><D96/><U131/><E131/><V108/><F126/><W119/><G119/><T95/><D31/><U14/><E14/><V45/><F45/><W110/><G110/><T7/><D7/><U36/><E36/><V130/><F130/><W129/><G129/><T105/><D105/><U76/><E83/><V135/><F135/><W125/><G125/><T107/><D107/><U80/><E80/><V101/><F108/><W97/><G32/><T124/><D124/><U84/><E84/><V51/><F51/><W56/><G34/><T127/><D127/><U87/><E87/><V24/><F28/><W37/><G37/><T78/><D78/><U53/><REACH who="1" step="1"/><E102/><REACH who="1" ten="230,140,442,178" step="2"/><V52/><F101/><W40/><G100/><T44/><D16/><AGARI ba="0,1" hai="10,11,12,13,16,18,24,27,52,57,60,62,64,70" machi="16" ten="30,7700,0" yaku="7,1,9,1,54,2" doraHai="99" who="2" fromWho="0" sc="230,-77,140,0,442,87,178,0" />
</Scene>
<Scene>
<INIT seed="5,0,0,3,1,83" ten="153,140,529,178" oya="1" hai0="40,1,5,99,117,49,77,11,34,8,61,131,67" hai1="103,89,70,22,76,124,17,118,65,92,110,105,10" hai2="132,43,120,9,126,82,47,111,58,3,6,98,25" hai3="15,134,121,90,2,100,33,109,52,35,66,85,75"/><U31/><E118/><V127/><F111/><W133/><G75/><T36/><D117/><U57/><E70/><V46/><F120/><W125/><G2/><T24/><D36/><U64/><E110/><V80/><F132/><N who="3" m="50795" /><G121/><T53/><D40/><U102/><E76/><V116/><F116/><W63/><G109/><T78/><D131/><U42/><E42/><V39/><F47/><W71/><G100/><N who="1" m="38442" /><E105/><V112/><F98/><W101/><G101/><T14/><D99/><N who="1" m="57743" /><E124/><N who="2" m="47659" /><F112/><W20/><G125/><T93/><D93/><U72/><E72/><V18/><F58/><N who="3" m="35271" /><G66/><N who="1" m="25706" /><E57/><V73/><F73/><W91/><G71/><T29/><D78/><U123/><E123/><V68/><F68/><W79/><G79/><T106/><D77/><U96/><E96/><V4/><F3/><W74/><G74/><T114/><D106/><U81/><E81/><V87/><F80/><N who="3" m="49447" /><G91/><T44/><D114/><U30/><E10/><V107/><F9/><W38/><G38/><T130/><D8/><U37/><E37/><V41/><F107/><W7/><G7/><T62/><D1/><U13/><AGARI ba="0,0" hai="13,17,22,30,31" m="25706,57743,38442" machi="13" ten="30,1500,0" yaku="8,1" doraHai="83" who="1" fromWho="1" sc="153,-5,140,15,529,-5,178,-5" />
</Scene>
<Scene>
<INIT seed="5,1,0,5,2,81" ten="148,155,524,173" oya="1" hai0="91,117,36,5,87,24,62,0,57,50,26,73,131" hai1="9,58,74,34,38,101,128,53,28,123,111,93,107" hai2="29,23,96,130,72,76,66,68,14,116,18,115,21" hai3="92,42,13,40,71,16,45,134,80,85,90,10,113"/><U83/><E123/><V98/><F116/><W11/><G134/><T132/><D36/><U3/><E38/><V118/><F118/><W129/><G129/><T39/><D39/><U120/><E120/><V56/><F68/><W47/><G71/><T44/><D73/><U65/><E65/><V100/><F130/><W112/><G10/><T89/><D132/><U60/><E128/><V49/><F72/><W106/><G106/><T99/><D117/><U67/><E107/><V61/><F76/><W37/><REACH who="3" step="1"/><G92/><REACH who="3" ten="148,155,524,163" step="2"/><N who="0" m="56719" /><D131/><U63/><E9/><V114/><F114/><W127/><G127/><T12/><D0/><U125/><E125/><V15/><F115/><W97/><G97/><T78/><D5/><U84/><E93/><V41/><F96/><W6/><G6/><T46/><D12/><U1/><E1/><V122/><F122/><W133/><G133/><T121/><D121/><U105/><E3/><V17/><F98/><W95/><G95/><T52/><D24/><U27/><E105/><V102/><F15/><W108/><G108/><T48/><D26/><U33/><E111/><V30/><F14/><W94/><G94/><T86/><D78/><U59/><E101/><V110/><F110/><W82/><G82/><T69/><D69/><U109/><E109/><V103/><F103/><W43/><G43/><N who="0" m="24607" /><D91/><U31/><E27/><V88/><F102/><W64/><G64/><AGARI ba="1,1" hai="46,50,52,57,62,64,86,87" m="24607,56719" machi="64" ten="30,7700,0" yaku="8,1,52,2,54,1" doraHai="81" who="0" fromWho="3" sc="148,90,155,0,524,0,163,-80" />
</Scene>
<Scene>
<INIT seed="6,0,0,5,0,86" ten="238,155,524,83" oya="2" hai0="53,34,28,131,96,75,108,82,81,99,17,67,23" hai1="35,61,26,29,15,50,105,113,14,18,1,116,24" hai2="56,98,27,7,72,6,91,5,38,54,64,16,62" hai3="129,121,90,124,135,102,88,119,69,85,66,0,68"/><V21/><F72/><W25/><G121/><T110/><D67/><U70/><E116/><V101/><F38/><W52/><G119/><T112/><D34/><U132/><E1/><V126/><F126/><W74/><G74/><T20/><D28/><U107/><E113/><V134/><F134/><W58/><G135/><T41/><D41/><U31/><E132/><V125/><F125/><W94/><G129/><T42/><D42/><U92/><E50/><V22/><F22/><W40/><G124/><T11/><D11/><U120/><E120/><V60/><F101/><W4/><G40/><T115/><D75/><U100/><E61/><N who="2" m="35991" /><F64/><W123/><G123/><T49/><D23/><U12/><E70/><V9/><F9/><W122/><G122/><T103/><D103/><U93/><E18/><V10/><F10/><W89/><G66/><T104/><D17/><U55/><E55/><V3/><F3/><W51/><G4/><T109/><D20/><U32/><E100/><V37/><F37/><W106/><G0/><T128/><D104/><AGARI ba="0,0" hai="12,14,15,24,26,29,31,32,35,92,93,104,105,107" machi="104" ten="40,1300,0" yaku="9,1" doraHai="86" who="1" fromWho="0" sc="238,-13,155,13,524,0,83,0" />
</Scene>
<Scene>
<INIT seed="7,0,0,2,0,65" ten="225,168,524,83" oya="3" hai0="0,18,63,127,46,87,7,88,75,102,62,31,107" hai1="4,82,48,134,60,14,104,83,71,93,131,122,89" hai2="1,81,22,28,115,42,119,92,20,124,125,90,9" hai3="25,16,53,100,19,45,117,67,94,95,98,54,50"/><W101/><G117/><T15/><D75/><U66/><E104/><V84/><F119/><W57/><G67/><T121/><D121/><U56/><E122/><V91/><F115/><W64/><G64/><T30/><D7/><U2/><E2/><V26/><F42/><W6/><G6/><T35/><D0/><U12/><E134/><V105/><F105/><W51/><REACH who="3" step="1"/><G25/><REACH who="3" ten="225,168,524,73" step="2"/><T106/><D127/><U47/><E131/><V73/><F125/><W112/><G112/><T17/><D107/><U69/><E4/><V103/><F124/><W52/><G52/><T118/><D106/><U68/><E12/><V59/><F26/><W70/><G70/><T85/><D15/><U78/><E14/><V116/><F116/><W33/><G33/><T29/><D35/><U55/><REACH who="1" step="1"/><E78/><REACH who="1" ten="225,158,524,73" step="2"/><V11/><F1/><W58/><G58/><T10/><D118/><U109/><E109/><V96/><F59/><W44/><G44/><T34/><D34/><U113/><E113/><V80/><F11/><W32/><G32/><T114/><D10/><U39/><E39/><V43/><F9/><W40/><G40/><T79/><D46/><U130/><E130/><V13/><F43/><W41/><G41/><T72/><D79/><U129/><E129/><V36/><F36/><W8/><G8/><T135/><D114/><U86/><AGARI ba="0,2" hai="47,48,55,56,60,66,68,69,71,82,83,86,89,93" machi="86" ten="30,12000,2" yaku="1,1,0,1,52,3,53,2" doraHai="65" doraHaiUra="76" who="1" fromWho="1" sc="225,-30,158,140,524,-30,73,-60" owari="195,-20.0,298,10.0,494,59.0,13,-49.0" />
</Scene>
</mjloggm>