<mjloggm ver="2.3"><GO type="169" lobby="0"/><UN n0="%E3%80%93%E4%BD%90%E5%A4%A9%E3%81%95%E3%82%93%E3%80%93" n1="%E9%87%8E%E3%80%85%E5%AE%AE%E6%82%A0%E5%A4%AA" n2="%E5%A4%AA%E3%81%8F%E3%81%AA%E3%81%84%E3%81%8A" n3="%E6%80%96%E3%81%8F%E3%81%AA%E3%81%84%E3%81%8A" dan="16,16,18,18" rate="2107.21,2075.35,2231.40,2201.88" sx="F,M,F,M"/><TAIKYOKU oya="0"/>

<Scene>
<INIT seed="0,0,0,0,1,46" ten="250,250,250,250" oya="0" hai0="135,130,93,114,51,33,110,99,43,23,12,14,41" hai1="59,63,28,34,129,68,67,75,21,5,103,13,121" hai2="76,133,106,124,57,112,116,102,131,44,77,26,8" hai3="80,65,111,25,85,73,9,125,24,4,104,48,58"/><T53/><D114/><U113/><E75/><V100/><F112/><W89/><G104/><T74/><D33/><U118/><E113/><V40/><F133/><W84/><G125/><T86/><D74/><U72/><E118/><V64/><F116/><W81/><G111/><T117/><D117/><U79/><E121/><V109/><F109/><W3/><G73/><T126/><D110/><U70/><E129/><V107/><F26/><W62/><REACH who="3" step="1"/><G48/><REACH who="3" ten="250,250,250,240" step="2"/><T123/><D126/><U47/><E72/><V101/><F124/><W55/><G55/><T38/><D130/><U35/><E63/><V71/><F107/><W95/><G95/><T120/><D120/><U115/><E115/><V132/><F106/><W42/><G42/><T22/><D123/><U20/><E67/><V37/><F131/><W18/><G18/><T90/><D135/><U56/><E28/><V19/><F132/><W39/><G39/><T11/><D38/><U1/><E5/><V15/><F64/><W83/><G83/><T119/><D119/><U98/><E35/><V94/><F94/><W87/><G87/><T0/><D86/><U2/><E34/><V7/><F7/><W127/><G127/><T128/><D128/><U96/><E98/><V6/><F6/><W82/><G82/><T10/><D41/><U108/><E96/><V61/><F37/><W27/><G27/><T17/><D43/><U134/><E108/><V97/><F97/><W52/><G52/><T29/><D29/><U32/><E134/><V69/><F40/><W36/><G36/><T16/><D0/><U66/><E32/><RYUUKYOKU ba="0,1" sc="250,15,250,-15,250,-15,240,15" hai0="10,11,12,14,16,17,22,23,51,53,90,93,99" hai3="3,4,9,24,25,58,62,65,80,81,84,85,89" />
</Scene>
<Scene>
<INIT seed="0,1,1,2,3,35" ten="265,235,235,255" oya="0" hai0="67,75,43,57,19,111,73,116,131,55,54,13,21" hai1="40,86,105,26,9,78,98,20,82,103,7,109,81" hai2="66,68,63,4,60,79,3,104,100,48,64,24,32" hai3="30,133,84,58,53,27,121,129,101,0,114,51,1"/><T120/><D120/><U52/><E109/><V118/><F118/><W76/><G114/><T128/><D116/><U90/><E40/><V6/><F79/><W115/><G115/><T124/><D111/><U65/><E65/><V12/><F12/><W5/><G5/><T50/><D124/><U119/><E119/><V59/><F48/><W28/><G101/><T72/><D67/><U44/><E44/><V47/><F47/><W18/><G18/><T89/><D43/><U62/><E62/><V125/><F125/><W37/><G37/><T16/><D89/><U93/><E52/><V15/><F15/><W99/><G99/><T102/><D102/><U45/><E45/><V85/><F85/><W49/><G49/><T91/><D55/><U69/><E69/><V23/><F3/><N who="3" m="1099" /><G27/><T135/><D135/><U14/><REACH who="1" step="1"/><E78/><REACH who="1" ten="265,225,235,255" step="2"/><V95/><F63/><W80/><G133/><T117/><D117/><U25/><E25/><V94/><F24/><W92/><G53/><T22/><D91/><U106/><E106/><V34/><F104/><W8/><G76/><T17/><REACH who="0" step="1"/><D13/><REACH who="0" ten="255,225,235,255" step="2"/><U33/><E33/><V61/><F34/><W46/><G46/><T112/><D112/><U97/><E97/><V10/><F32/><W122/><G122/><T83/><D83/><U39/><E39/><V110/><F110/><W70/><G80/><T132/><D132/><U96/><E96/><V77/><F77/><W56/><G121/><T127/><D127/><U31/><AGARI ba="1,3" hai="7,9,14,20,26,31,81,82,86,90,93,98,103,105" machi="31" ten="20,2700,0" yaku="1,1,0,1,7,1,53,0" doraHai="35" doraHaiUra="134" who="1" fromWho="1" sc="255,-14,225,60,235,-8,255,-8" />
</Scene>
<Scene>
<INIT seed="1,0,0,2,5,111" ten="241,285,227,247" oya="1" hai0="55,114,125,5,6,71,35,93,70,38,54,52,9" hai1="36,119,14,29,95,51,44,69,56,34,18,82,94" hai2="40,73,103,108,2,41,64,98,81,113,47,19,20" hai3="30,122,78,79,85,89,13,134,39,102,135,129,43"/><U45/><E69/><V105/><F2/><W76/><G122/><T75/><D38/><U60/><E36/><V131/><F108/><W4/><G30/><T106/><D106/><U115/><E119/><V3/><F3/><W88/><G43/><T118/><D75/><U133/><E34/><V65/><F131/><W107/><G39/><T83/><D35/><U8/><E29/><V117/><F117/><W46/><G46/><T48/><D118/><U11/><E115/><V126/><F126/><W124/><G13/><T62/><D114/><U112/><E112/><V121/><F121/><W33/><G4/><T130/><D83/><U99/><E82/><V128/><F128/><W42/><G42/><T0/><D6/><U109/><E133/><N who="3" m="50698" /><G33/><T66/><D71/><U25/><E11/><V127/><F127/><W92/><G89/><T28/><D125/><U31/><E45/><V91/><F41/><W72/><G124/><T23/><D93/><U77/><E77/><V86/><F113/><W110/><G110/><T21/><D130/><U84/><E31/><V100/><F100/><W1/><G1/><T16/><D28/><U24/><E95/><V123/><F123/><W57/><G57/><T50/><REACH who="0" step="1"/><D23/><REACH who="0" ten="231,285,227,247" step="2"/><U15/><E109/><V68/><F68/><W59/><G129/><T90/><D90/><U7/><E94/><V49/><REACH who="2" step="1"/><F73/><REACH who="2" ten="231,285,217,247" step="2"/><W97/><G72/><T63/><D63/><U74/><E60/><V37/><F37/><W12/><G102/><T27/><AGARI ba="0,2" hai="0,5,9,16,21,27,48,50,52,54,55,62,66,70" machi="27" ten="30,8000,1" yaku="1,1,0,1,54,2,53,1" doraHai="111" doraHaiUra="17" who="0" fromWho="0" sc="231,100,285,-40,217,-20,247,-20" />
</Scene>
<Scene>
<INIT seed="2,0,0,0,4,106" ten="331,245,197,227" oya="2" hai0="105,120,42,84,104,33,73,2,7,72,13,37,30" hai1="95,80,103,35,119,81,69,75,112,25,100,18,108" hai2="67,26,122,36,70,123,121,90,96,114,83,109,22" hai3="93,98,46,71,54,76,99,48,124,49,133,82,68"/><V126/><F114/><W56/><G133/><T53/><D13/><U14/><E69/><V88/><F36/><W74/><G124/><T135/><D53/><U43/><E119/><V39/><F39/><W116/><G116/><T31/><D135/><U66/><E66/><V8/><F126/><W51/><G99/><T9/><D31/><U89/><E43/><V87/><F109/><W125/><G125/><T21/><D21/><U129/><E35/><V44/><F44/><W60/><REACH who="3" step="1"/><G46/><REACH who="3" ten="331,245,197,217" step="2"/><T20/><D120/><U127/><E127/><V40/><F96/><W107/><G107/><T91/><D104/><U5/><E108/><V94/><F122/><W17/><G17/><T62/><D105/><U79/><E18/><V128/><F123/><W23/><G23/><T57/><D20/><U131/><E112/><V102/><F121/><W65/><G65/><T16/><D16/><U29/><E129/><V32/><F128/><W38/><G38/><T34/><D34/><U4/><E131/><V6/><F32/><W86/><G86/><T77/><D33/><U19/><E19/><V0/><F22/><W12/><G12/><T134/><D134/><U132/><E14/><V52/><F67/><W15/><G15/><T27/><D37/><U41/><E132/><V58/><F87/><W11/><G11/><T85/><D9/><U47/><E47/><V3/><F8/><W63/><G63/><T117/><D117/><U101/><E29/><V61/><F61/><W118/><G118/><T59/><D30/><U55/><E25/><V50/><F26/><W92/><G92/><RYUUKYOKU ba="0,1" sc="331,-10,245,-10,197,-10,217,30" hai3="48,49,51,54,56,60,68,71,74,76,82,93,98" />
</Scene>
<Scene>
<INIT seed="3,1,1,2,2,103" ten="321,235,187,247" oya="3" hai0="131,88,104,117,105,96,69,40,24,55,91,129,34" hai1="47,72,32,90,1,44,18,41,52,49,107,25,99" hai2="14,71,6,126,43,45,94,83,17,7,110,12,4" hai3="30,112,85,125,46,87,21,122,53,42,65,38,64"/><W5/><G112/><T86/><D117/><U120/><E120/><V118/><F118/><W35/><G122/><T115/><D69/><U3/><E72/><V59/><F71/><W16/><G125/><T26/><D40/><U77/><E77/><V56/><F126/><W33/><G5/><T68/><D68/><U54/><E54/><V62/><F110/><W100/><G100/><T8/><D115/><U73/><E73/><V127/><F127/><W20/><G53/><T111/><D111/><U123/><E123/><V119/><F119/><W76/><G30/><T50/><D8/><U66/><E66/><V128/><F128/><N who="0" m="49226" /><D96/><U116/><E116/><V92/><F83/><W11/><G11/><T132/><D132/><U121/><E90/><N who="0" m="34345" /><D86/><U89/><E121/><V58/><F62/><W114/><G114/><T93/><D93/><U19/><E89/><V84/><F84/><W97/><G97/><T75/><D75/><U130/><E130/><V95/><REACH who="2" step="1"/><F17/><REACH who="2" ten="321,235,177,247" step="2"/><W61/><G16/><T60/><D60/><U98/><E19/><V28/><F28/><W29/><G29/><N who="0" m="19751" /><D26/><U31/><E18/><V0/><F0/><W79/><G61/><T67/><D67/><U39/><E3/><V102/><F102/><W113/><G113/><T106/><D106/><U63/><E1/><V2/><F2/><W27/><G27/><T124/><D124/><U74/><E74/><V134/><F134/><W135/><G135/><T51/><D105/><U13/><E107/><V22/><F22/><W82/><G64/><T109/><D109/><U78/><E63/><V36/><AGARI ba="1,2" hai="4,6,7,12,14,36,43,45,56,58,59,92,94,95" machi="36" ten="40,12000,2" yaku="1,1,5,1,0,1,29,2,53,2" doraHai="103" doraHaiUra="10" who="2" fromWho="2" sc="321,-31,235,-31,177,143,247,-61" />
</Scene>
<Scene>
<INIT seed="4,0,0,4,5,20" ten="290,204,320,186" oya="0" hai0="65,122,80,117,97,44,59,35,63,118,68,21,132" hai1="71,64,120,95,88,2,99,31,98,115,46,121,123" hai2="27,36,103,38,14,28,75,129,85,32,101,105,86" hai3="40,83,34,94,7,125,26,42,89,12,72,81,102"/><T106/><D122/><U133/><E2/><V134/><F75/><W45/><G125/><T50/><D132/><U53/><E133/><V49/><F134/><W55/><G102/><T127/><D127/><U10/><E31/><V112/><F112/><W9/><G72/><T96/><D35/><U126/><E126/><V61/><F129/><W92/><G92/><T51/><D106/><U13/><E115/><V110/><F110/><W84/><G42/><T107/><D107/><U108/><E108/><V66/><F49/><W29/><REACH who="3" step="1"/><G55/><REACH who="3" ten="290,204,320,176" step="2"/><T33/><D117/><U111/><E111/><V48/><F101/><W30/><G30/><T23/><D118/><U70/><E53/><V113/><F113/><W58/><G58/><T5/><D59/><U116/><E116/><V90/><F103/><W67/><G67/><T47/><D65/><U4/><E64/><V78/><F28/><W82/><G82/><T124/><D80/><U104/><E104/><V1/><F66/><W15/><G15/><T93/><D93/><U77/><E99/><V79/><F14/><W11/><G11/><T16/><D96/><U69/><E46/><V87/><F105/><W62/><G62/><T73/><D97/><U19/><REACH who="1" step="1"/><E77/><REACH who="1" ten="290,194,320,176" step="2"/><V24/><F79/><W109/><G109/><T0/><D47/><U8/><E8/><V41/><F78/><W74/><G74/><T22/><D73/><U3/><E3/><V37/><F1/><W91/><G91/><T135/><D135/><U39/><E39/><AGARI ba="0,2" hai="7,9,12,26,29,34,39,40,45,81,83,84,89,94" machi="39" ten="30,3900,0" yaku="1,1,7,1,52,1,53,0" doraHai="20" doraHaiUra="60" who="3" fromWho="1" sc="290,0,194,-39,320,0,176,59" />
</Scene>
<Scene>
<INIT seed="5,0,0,0,4,32" ten="290,155,320,235" oya="1" hai0="81,111,30,95,78,12,93,59,25,3,122,13,23" hai1="49,77,45,98,105,37,34,63,66,94,112,73,109" hai2="67,114,117,64,31,43,39,100,106,108,118,53,128" hai3="51,0,97,72,131,102,10,26,21,6,103,76,54"/><U119/><E119/><V107/><F31/><W20/><G131/><T85/><D111/><U22/><E34/><V55/><F100/><W19/><G76/><T29/><D122/><U7/><E109/><V104/><F108/><W47/><G72/><T56/><D3/><U35/><E35/><V9/><F9/><W92/><G21/><T24/><D24/><U96/><E105/><V57/><F128/><W134/><G134/><T2/><D2/><U36/><E37/><V125/><F125/><W121/><REACH who="3" step="1"/><G103/><REACH who="3" ten="290,155,320,225" step="2"/><T75/><D75/><U82/><E22/><V69/><F117/><W124/><G124/><T38/><D78/><U71/><E112/><V14/><F114/><W70/><G70/><T28/><D23/><U127/><E127/><V60/><F69/><W115/><G115/><T86/><D30/><U135/><E135/><V99/><F118/><W18/><G18/><T65/><D29/><U8/><E36/><V1/><F39/><W129/><G129/><T11/><D28/><U5/><E5/><V88/><F88/><W40/><G40/><T132/><D132/><U123/><E123/><AGARI ba="0,1" hai="0,6,10,19,20,26,47,51,54,92,97,102,121,123" machi="123" ten="40,5200,0" yaku="1,1,52,1,53,1" doraHai="32" doraHaiUra="15" who="3" fromWho="1" sc="290,0,155,-52,320,0,225,62" />
</Scene>
<Scene>
<INIT seed="6,0,0,3,0,120" ten="290,103,320,287" oya="2" hai0="99,56,7,40,61,35,127,125,50,29,46,116,53" hai1="73,106,13,100,76,115,67,89,44,54,38,68,20" hai2="64,24,128,84,103,26,39,75,23,11,63,1,0" hai3="123,2,36,49,96,18,27,66,51,95,86,8,65"/><V34/><F75/><W133/><G36/><T108/><D7/><U58/><E115/><V101/><F39/><W83/><G2/><T28/><D108/><U119/><E119/><V92/><F128/><W31/><G133/><T42/><D116/><U114/><E114/><V105/><F105/><W5/><G123/><T111/><D111/><U33/><E33/><V9/><F34/><W118/><G118/><T79/><D79/><U17/><E106/><V93/><F84/><W104/><G31/><T10/><D10/><U85/><E100/><V70/><F23/><N who="3" m="13815" /><G8/><T98/><D42/><U78/><E73/><V77/><F77/><N who="3" m="46447" /><G5/><T112/><D112/><U132/><E132/><V91/><F63/><W21/><G21/><T107/><D107/><U134/><E134/><V3/><F3/><W94/><G94/><T22/><D35/><U124/><E124/><N who="0" m="47689" /><D29/><U87/><E87/><V55/><F92/><W71/><G71/><T69/><D69/><U25/><E25/><AGARI ba="0,0" hai="22,25,28,40,46,50,53,56,61,98,99" m="47689" machi="25" ten="30,1000,0" yaku="18,1" doraHai="120" who="0" fromWho="1" sc="290,10,103,-10,320,0,287,0" />
</Scene>
<Scene>
<INIT seed="7,0,0,2,2,133" ten="300,93,320,287" oya="3" hai0="48,21,12,65,93,7,88,123,43,51,27,14,106" hai1="80,61,91,35,128,113,75,118,101,60,41,134,111" hai2="9,38,71,53,23,55,29,103,132,62,40,44,82" hai3="3,109,122,57,83,85,58,79,67,116,10,26,63"/><W130/><G116/><T107/><D123/><U110/><E35/><V0/><F132/><W68/><G122/><T115/><D115/><U47/><E101/><V28/><F103/><W117/><G117/><T105/><D65/><U13/><E13/><V131/><F131/><W39/><G130/><T19/><D43/><U121/><E91/><V124/><F124/><W108/><G39/><T97/><REACH who="0" step="1"/><D14/><REACH who="0" ten="290,93,320,287" step="2"/><U30/><E75/><V6/><F40/><W76/><G26/><T17/><D17/><U74/><E30/><V69/><F29/><W77/><G3/><T15/><D15/><U8/><E74/><V86/><F28/><W52/><G10/><AGARI ba="0,1" hai="7,10,12,19,21,27,48,51,88,93,97,105,106,107" machi="10" ten="40,2600,0" yaku="1,1,54,1,53,0" doraHai="133" doraHaiUra="73" who="0" fromWho="3" sc="290,36,93,0,320,0,287,-26" owari="326,43.0,93,-41.0,320,12.0,261,-14.0" />
</Scene>
</mjloggm>