<mjloggm ver="2.3"><GO type="169" lobby="0"/><UN n0="%E3%81%B3%E3%82%8A%E3%81%B3%E3%82%8A%E2%98%86%E3%83%93%E3%83%AA%E3%83%BC" n1="%E3%83%80%E3%83%9E%E3%83%86%E3%83%B3" n2="%E3%82%AA%E3%82%BA%E3%82%B0%E3%83%AB%E3%83%BC%E3%83%97" n3="%E5%A4%AA%E3%81%8F%E3%81%AA%E3%81%84%E3%81%8A" dan="18,16,16,18" rate="2256.27,2103.61,2122.90,2176.20" sx="M,M,M,M"/><TAIKYOKU oya="0"/>

<Scene>
<INIT seed="0,0,0,1,4,31" ten="250,250,250,250" oya="0" hai0="51,10,76,82,67,70,56,66,108,75,72,113,78" hai1="96,43,48,102,29,22,91,120,63,93,33,7,12" hai2="83,117,135,61,14,55,109,94,119,88,41,6,60" hai3="0,37,9,69,46,49,112,50,134,42,11,107,114"/><T2/><D113/><U23/><E120/><V131/><F135/><W64/><G107/><T116/><D116/><N who="2" m="44618" /><F131/><W84/><G84/><T122/><D122/><U40/><E63/><V47/><F109/><W87/><G87/><T52/><D108/><U121/><E121/><V59/><F83/><W71/><G0/><T80/><REACH who="0" step="1"/><D70/><REACH who="0" ten="240,250,250,250" step="2"/><U97/><E40/><V38/><F6/><AGARI ba="0,1" hai="2,6,10,51,52,56,66,67,72,75,76,78,80,82" machi="6" ten="40,12000,1" yaku="1,1,2,1,9,1,54,1,53,0" doraHai="31" doraHaiUra="85" who="0" fromWho="2" sc="240,130,250,0,250,-120,250,0" />
</Scene>
<Scene>
<INIT seed="0,1,0,0,5,84" ten="370,250,130,250" oya="0" hai0="73,86,18,2,35,25,64,88,92,119,93,33,104" hai1="38,10,107,37,9,20,115,19,123,40,66,28,97" hai2="7,68,113,72,24,99,58,12,27,118,122,130,103" hai3="48,96,41,45,21,76,100,53,29,133,70,134,1"/><T74/><D119/><U4/><E123/><V26/><F68/><W95/><G70/><T61/><D104/><U57/><E28/><V3/><F72/><W46/><G1/><T30/><D2/><U112/><E40/><V94/><F118/><W43/><G76/><T85/><D35/><U108/><E108/><V49/><F122/><W14/><G29/><T77/><D18/><U65/><E10/><V34/><F3/><W81/><G81/><T120/><D120/><U124/><E124/><V135/><F113/><N who="1" m="43593" /><E97/><V114/><F114/><W126/><G126/><T54/><D54/><U36/><E107/><V17/><F135/><N who="3" m="51723" /><G46/><T55/><D55/><U90/><E90/><V56/><F130/><W69/><G69/><T109/><D109/><U89/><E89/><V16/><F34/><W42/><G42/><T0/><D0/><N who="1" m="135" /><E57/><N who="2" m="22123" /><F49/><W8/><G21/><T67/><D93/><U87/><E87/><V5/><F17/><AGARI ba="1,0" hai="8,14,17,41,43,45,48,53,95,96,100" m="51723" machi="17" ten="30,1000,0" yaku="20,1" doraHai="84" who="3" fromWho="2" sc="370,0,250,0,130,-13,250,13" />
</Scene>
<Scene>
<INIT seed="1,0,0,0,3,43" ten="370,250,117,263" oya="1" hai0="9,128,15,60,69,57,26,36,78,126,75,105,108" hai1="127,114,35,101,30,38,82,22,77,58,44,7,91" hai2="121,118,62,102,46,40,93,19,80,73,72,117,17" hai3="10,32,119,74,132,47,5,79,14,112,92,13,42"/><U63/><E114/><V45/><F121/><W41/><G112/><T49/><D105/><U51/><E101/><V12/><F80/><W131/><G32/><T116/><D36/><U130/><E35/><V113/><F62/><W90/><G132/><T96/><D116/><U71/><E127/><V134/><F113/><W34/><G34/><T125/><D69/><U109/><E130/><V39/><F134/><W66/><G131/><T3/><D128/><U29/><E7/><V110/><F110/><W0/><G66/><T16/><D3/><U2/><E2/><V61/><F61/><W11/><G119/><T68/><D68/><U27/><E109/><V99/><F118/><W56/><G56/><T89/><D108/><U124/><E124/><N who="0" m="47721" /><D26/><U55/><E91/><V81/><F117/><W4/><G0/><T135/><D135/><U54/><E71/><V53/><F81/><W111/><G111/><T120/><D120/><U20/><E38/><V18/><REACH who="2" step="1"/><F12/><REACH who="2" ten="370,250,107,263" step="2"/><W133/><G133/><T33/><D60/><U86/><REACH who="1" step="1"/><E22/><REACH who="1" ten="370,240,107,263" step="2"/><V122/><F122/><W115/><G115/><T94/><D33/><U28/><AGARI ba="0,2" hai="20,27,28,29,30,44,51,54,55,58,63,77,82,86" machi="28" ten="20,18000,2" yaku="1,1,2,1,0,1,7,1,8,1,52,1,53,0" doraHai="43" doraHaiUra="129" who="1" fromWho="1" sc="370,-60,240,200,107,-60,263,-60" />
</Scene>
<Scene>
<INIT seed="1,1,0,1,2,6" ten="310,440,47,203" oya="1" hai0="107,23,13,128,115,59,36,51,67,29,2,97,62" hai1="111,52,26,46,96,34,61,55,66,49,112,118,25" hai2="73,134,54,100,109,4,135,90,19,43,126,5,15" hai3="123,41,7,84,16,53,39,18,93,129,79,20,132"/><U31/><E118/><V71/><F73/><W101/><G123/><T76/><D115/><U114/><E111/><V130/><F71/><W57/><G132/><N who="2" m="50729" /><F109/><W22/><G129/><T8/><D36/><U117/><E117/><V70/><F70/><W89/><G7/><N who="2" m="2633" /><F130/><W38/><G101/><T68/><D128/><U110/><E110/><V35/><F100/><W72/><G72/><T9/><D2/><U91/><E25/><V77/><F77/><W10/><G79/><T64/><D76/><U58/><REACH who="1" step="1"/><E66/><REACH who="1" ten="310,430,47,203" step="2"/><V94/><F126/><W103/><G39/><T104/><D67/><U124/><E124/><V125/><F125/><W82/><G38/><T12/><D64/><U78/><E78/><V81/><F81/><W28/><G82/><T69/><D69/><U45/><E45/><V105/><F105/><W98/><G57/><T116/><D59/><U102/><E102/><V85/><F35/><W108/><G108/><T80/><D68/><U86/><E86/><V11/><F43/><W88/><G41/><T37/><D116/><U50/><E50/><V33/><F33/><W106/><G106/><T0/><D51/><U120/><E120/><V121/><F121/><W119/><G119/><T1/><D37/><U74/><E74/><V127/><F127/><W122/><G122/><T131/><D107/><U30/><E30/><V44/><F44/><W40/><G40/><T87/><D104/><U92/><AGARI ba="1,1" hai="26,31,34,46,49,52,55,58,61,91,92,96,112,114" machi="92" ten="30,11700,0" yaku="1,1,0,1,54,1,53,1" doraHai="6" doraHaiUra="42" who="1" fromWho="1" sc="310,-40,430,130,47,-40,203,-40" />
</Scene>
<Scene>
<INIT seed="1,2,0,1,0,18" ten="270,560,7,163" oya="1" hai0="47,112,98,42,127,3,94,16,15,1,37,33,12" hai1="131,31,122,28,7,61,17,87,32,54,25,75,134" hai2="45,66,67,5,93,40,30,35,58,9,85,102,126" hai3="116,118,99,77,73,71,52,36,34,20,123,57,48"/><U59/><E122/><V63/><F126/><W64/><G34/><T117/><D112/><U84/><E75/><V49/><F35/><W43/><G123/><T69/><D117/><N who="3" m="45161" /><G99/><T50/><D127/><U108/><E131/><V27/><F67/><W86/><G73/><T4/><D33/><U124/><E124/><V46/><F46/><N who="3" m="23911" /><G20/><T106/><D69/><U14/><E134/><V8/><F5/><W120/><G120/><T80/><D4/><U55/><E108/><V107/><F107/><W79/><G86/><T74/><D98/><U88/><E7/><V114/><F114/><W51/><G51/><T92/><D50/><U89/><E31/><V135/><F135/><W81/><G81/><T0/><D80/><U21/><E87/><V104/><F104/><W13/><G13/><T39/><D74/><U91/><REACH who="1" step="1"/><E84/><REACH who="1" ten="270,550,7,163" step="2"/><V53/><F85/><W111/><G111/><T125/><D125/><U128/><E128/><V26/><F26/><W22/><G77/><T11/><D15/><U129/><E129/><V121/><F121/><W23/><G79/><T44/><D12/><U109/><E109/><V78/><F78/><W95/><G95/><T100/><D94/><U68/><E68/><V2/><F2/><W60/><AGARI ba="2,1" hai="22,23,48,52,57,60,64,71" m="23911,45161" machi="60" ten="30,8000,1" yaku="24,1,12,1,52,2,54,1" doraHai="18" who="3" fromWho="3" sc="270,-22,550,-42,7,-22,163,96" owari="248,-15.0,508,61.0,-15,-52.0,259,6.0" />
</Scene>
</mjloggm>