<mjloggm ver="2.3"><GO type="169" lobby="0"/><UN n0="%E6%82%A0%E9%9B%85" n1="%E3%83%8E%E3%83%B3%E3%83%A9%E3%82%B9%E6%89%93%E6%B3%95" n2="%E5%A4%AA%E3%81%8F%E3%81%AA%E3%81%84%E3%81%8A" n3="%E5%B7%9D%E4%BA%95" dan="16,16,18,16" rate="2037.85,2073.67,2202.96,2038.63" sx="M,M,F,M"/><TAIKYOKU oya="0"/>

<Scene>
<INIT seed="0,0,0,1,5,80" ten="250,250,250,250" oya="0" hai0="126,13,51,102,20,49,74,120,79,133,122,0,71" hai1="55,11,36,110,123,46,107,84,97,82,10,21,111" hai2="63,59,96,78,113,90,22,69,127,83,121,73,112" hai3="103,64,18,109,24,124,67,66,70,61,58,14,81"/><T23/><D0/><U88/><E123/><V53/><F121/><W62/><G124/><T45/><D71/><U7/><E21/><V34/><F34/><W134/><G134/><T68/><D68/><U47/><E36/><V76/><F127/><W94/><G109/><N who="1" m="41482" /><E55/><V32/><F32/><W92/><G66/><T29/><D126/><U99/><E10/><V77/><F69/><W114/><G114/><T54/><D133/><U19/><E19/><V115/><F22/><W135/><G135/><T93/><D23/><U65/><E65/><V95/><AGARI ba="0,0" hai="53,59,63,73,76,77,78,83,90,95,96,112,113,115" machi="95" ten="40,1500,0" yaku="0,1" doraHai="80" who="2" fromWho="2" sc="250,-7,250,-4,250,15,250,-4" />
</Scene>
<Scene>
<INIT seed="1,0,0,4,4,122" ten="243,246,265,246" oya="1" hai0="32,72,92,79,11,39,6,15,52,61,49,22,42" hai1="88,12,28,46,70,102,106,33,43,107,118,54,34" hai2="81,7,69,100,120,4,91,99,135,16,132,111,121" hai3="50,19,56,96,74,57,128,104,35,134,97,68,27"/><U20/><E118/><V94/><F69/><W124/><G68/><T59/><D32/><U13/><E70/><V66/><F66/><W60/><G74/><T112/><D112/><U65/><E65/><V25/><F7/><W71/><G128/><T55/><D72/><U26/><E33/><V17/><F4/><W53/><G124/><T95/><D79/><U63/><E12/><V80/><F25/><W8/><G134/><N who="2" m="51241" /><F111/><W58/><G71/><T21/><D42/><U3/><E3/><V0/><F0/><W18/><G104/><T82/><D82/><N who="2" m="31850" /><F100/><W110/><G110/><T48/><D39/><U116/><E102/><V113/><F113/><W78/><G78/><T98/><D61/><U76/><E116/><V125/><F125/><W30/><G57/><T87/><D87/><U24/><E76/><V105/><F105/><W90/><G90/><N who="0" m="55575" /><D95/><U101/><E101/><V45/><F45/><AGARI ba="0,0" hai="6,11,15,21,22,45,48,49,52,55,59" m="55575" machi="45" ten="30,2000,0" yaku="8,1,54,1" doraHai="122" who="0" fromWho="2" sc="243,20,246,0,265,-20,246,0" />
</Scene>
<Scene>
<INIT seed="2,0,0,4,0,70" ten="263,246,245,246" oya="2" hai0="109,55,64,116,92,96,32,99,22,135,15,134,35" hai1="107,39,26,87,23,125,75,41,31,28,54,68,24" hai2="29,12,72,73,133,121,10,117,77,40,25,37,67" hai3="115,9,18,104,34,14,6,62,128,36,5,46,1"/><V114/><F121/><W63/><G104/><T118/><D64/><U21/><E75/><V16/><F117/><W17/><G115/><T45/><D96/><U82/><E125/><V42/><F114/><W74/><G128/><T110/><D55/><U69/><E107/><V19/><F133/><N who="0" m="50698" /><D45/><U126/><E126/><V122/><F122/><W97/><G34/><N who="0" m="12843" /><D99/><U2/><E2/><V111/><F67/><W129/><G129/><T65/><D92/><U33/><E33/><V108/><F19/><W47/><G74/><N who="2" m="28777" /><F77/><W127/><G127/><T66/><D66/><U124/><E124/><V49/><F49/><W81/><G81/><T56/><D56/><U58/><E39/><V50/><F50/><W98/><G1/><T84/><D84/><U76/><REACH who="1" step="1"/><E41/><REACH who="1" ten="263,236,245,246" step="2"/><V53/><F37/><W112/><G112/><T132/><D132/><U95/><E95/><V38/><F38/><W52/><G36/><T119/><D65/><U79/><E79/><V57/><F42/><W106/><G106/><T27/><D15/><U30/><E30/><AGARI ba="0,1" hai="22,27,30,109,110,116,118,119" m="12843,50698" machi="30" ten="40,8000,1" yaku="12,1,20,1,34,2" doraHai="70" who="0" fromWho="1" sc="263,90,236,-80,245,0,246,0" />
</Scene>
<Scene>
<INIT seed="3,0,0,1,3,70" ten="353,156,245,246" oya="3" hai0="125,89,25,10,129,6,110,59,94,79,134,114,92" hai1="18,82,71,15,63,102,120,123,128,107,81,54,40" hai2="75,45,93,60,91,90,113,133,35,101,97,87,112" hai3="5,26,76,33,104,119,43,86,29,47,69,121,34"/><W117/><G121/><T67/><D125/><U108/><E128/><V106/><F35/><W118/><G33/><T99/><D129/><U122/><E108/><V96/><F60/><W11/><G69/><T85/><D110/><U61/><E40/><V41/><F75/><W21/><G21/><T3/><D134/><U37/><E37/><V20/><F20/><W28/><G28/><T32/><D114/><U52/><E107/><V100/><F133/><W109/><G109/><T0/><D79/><U7/><E102/><V30/><F30/><W23/><G23/><T17/><D32/><U31/><E31/><V127/><F127/><W42/><G42/><T14/><D25/><U2/><E2/><V62/><F62/><W9/><G104/><T24/><D24/><U53/><E7/><V55/><F55/><W57/><G57/><T88/><D6/><U132/><E132/><V80/><REACH who="2" step="1"/><F101/><REACH who="2" ten="353,156,235,246" step="2"/><W19/><G9/><T13/><D10/><U84/><E84/><V111/><F111/><W12/><G86/><T105/><D85/><U64/><REACH who="1" step="1"/><E63/><REACH who="1" ten="353,146,235,246" step="2"/><V36/><AGARI ba="0,2" hai="36,41,45,80,87,90,91,93,96,97,100,106,112,113" machi="36" ten="20,5200,0" yaku="1,1,0,1,7,1,52,1,53,0" doraHai="70" doraHaiUra="48" who="2" fromWho="2" sc="353,-13,146,-13,235,72,246,-26" />
</Scene>
<Scene>
<INIT seed="4,0,0,1,0,77" ten="340,133,307,220" oya="0" hai0="59,49,132,80,96,58,105,16,44,93,55,131,4" hai1="107,72,2,29,122,83,75,89,14,7,114,15,97" hai2="123,65,22,79,3,91,70,53,48,9,109,24,78" hai3="35,20,26,108,42,110,39,126,95,61,18,28,63"/><T82/><D105/><U6/><E122/><V17/><F109/><W104/><G104/><T43/><D132/><U134/><E134/><V51/><F123/><W23/><G42/><T84/><D131/><U98/><E107/><V33/><F33/><W120/><G39/><T40/><D4/><U47/><E47/><V119/><F119/><W101/><G120/><T103/><D58/><U45/><E45/><V73/><F73/><W106/><G63/><T116/><D116/><U67/><E114/><V85/><F70/><W5/><G106/><T99/><D99/><U69/><E89/><V54/><F65/><W94/><G95/><T37/><D43/><U30/><E2/><V124/><F124/><W56/><G5/><T127/><D127/><U12/><E12/><V57/><F9/><W74/><G74/><T81/><D16/><U66/><REACH who="1" step="1"/><E69/><REACH who="1" ten="340,123,307,220" step="2"/><V71/><F71/><W68/><G68/><T8/><D8/><U88/><E88/><AGARI ba="0,1" hai="37,40,44,49,55,59,80,81,82,84,88,93,96,103" machi="88" ten="30,12000,1" yaku="7,1,52,3,54,1" doraHai="77" who="0" fromWho="1" sc="340,130,123,-120,307,0,220,0" />
</Scene>
<Scene>
<INIT seed="4,1,0,4,1,80" ten="470,3,307,220" oya="0" hai0="89,94,48,125,83,43,110,9,66,72,52,79,20" hai1="6,88,14,65,100,111,61,32,70,119,71,47,78" hai2="12,120,34,37,124,64,116,96,113,117,15,44,85" hai3="10,3,0,16,115,134,58,98,56,107,41,95,67"/><T45/><D125/><U135/><E119/><N who="2" m="45643" /><F120/><W75/><G107/><T39/><D110/><U55/><E111/><V29/><F124/><W82/><G41/><T30/><D66/><U26/><E135/><V25/><F113/><W8/><G134/><T112/><D112/><U76/><E100/><V99/><F64/><W102/><G115/><T104/><D104/><U118/><E71/><V81/><F37/><W1/><G67/><T27/><D9/><U131/><E118/><V53/><F44/><W49/><G49/><T13/><D13/><N who="2" m="5194" /><F53/><W84/><G75/><T123/><D123/><U101/><E131/><V90/><AGARI ba="1,0" hai="25,29,34,81,85,90,96,99" m="5194,45643" machi="90" ten="30,2000,0" yaku="12,1,52,1" doraHai="80" who="2" fromWho="2" sc="470,-11,3,-6,307,23,220,-6" owari="459,56.0,-3,-50.0,330,13.0,214,-19.0" />
</Scene>
</mjloggm>