<mjloggm ver="2.3"><GO type="169"/><UN n0="%E5%A4%AA%E3%81%8F%E3%81%AA%E3%81%84%E3%81%8A" n1="%E5%86%97%E8%AB%87%E7%AC%91%E6%AD%A2%EF%BC%81" n2="%6E%69%6A%69" n3="%E5%8F%AF%E7%87%83%E6%80%A7%E9%AB%98%E5%9C%A7%E3%82%AC%E3%82%B9" dan="17,16,16,18" rate="2184,2140,2065,2250" sx="M,M,F,M"/><TAIKYOKU oya="0"/>

<Scene>
<INIT seed="0,0,0,4,1,110" ten="250,250,250,250" oya="0" hai0="58,1,98,94,115,123,100,81,26,65,132,106,125" hai1="126,108,17,76,49,127,38,84,75,21,56,50,64" hai2="13,33,95,111,8,70,69,44,30,105,99,97,114" hai3="102,10,48,22,6,34,9,122,107,42,20,129,25"/><T24/><D123/><U46/><E75/><V119/><F111/><W92/><G107/><T29/><D1/><U59/><E108/><V86/><F119/><W2/><G122/><T36/><D36/><U47/><E84/><V133/><F105/><W135/><G135/><T60/><D132/><U45/><E76/><V12/><F133/><W113/><G129/><T37/><D37/><U116/><E38/><V131/><F131/><W103/><G10/><T109/><D109/><U4/><E4/><V82/><F30/><W61/><G61/><T80/><D125/><N who="1" m="47627" /><E116/><V74/><F33/><W55/><G42/><T23/><D115/><U88/><E88/><V121/><F74/><W87/><G34/><T5/><D5/><U28/><E28/><V43/><F121/><W71/><G71/><T62/><D106/><U85/><E85/><V16/><F97/><W120/><G120/><T57/><REACH who="0" step="1"/><D26/><REACH who="0" ten="240,250,250,250" step="2"/><U39/><E39/><V15/><F15/><W51/><G113/><T67/><AGARI ba="0,1" hai="23,24,29,57,58,60,62,65,67,80,81,94,98,100" machi="67" ten="20,24000,3" yaku="1,1,2,1,0,1,7,1,9,1,25,2,8,1,53,2" doraHai="110" doraHaiUra="54" who="0" fromWho="0" sc="240,250,250,-80,250,-80,250,-80" />
</Scene>
<Scene>
<INIT seed="0,1,0,1,1,30" ten="490,170,170,170" oya="0" hai0="10,120,100,52,34,58,71,95,53,88,63,72,119" hai1="5,42,23,37,27,16,56,134,93,3,90,130,13" hai2="21,26,60,38,51,35,68,127,86,111,73,89,64" hai3="17,83,87,50,105,44,116,115,7,80,29,79,77"/><T104/><D120/><U124/><E124/><V36/><F73/><W102/><G115/><T22/><D119/><U135/><E135/><V117/><F127/><W133/><G116/><T85/><D72/><U103/><E103/><V19/><F117/><W113/><G113/><T24/><D71/><U123/><E123/><V81/><F111/><W122/><G122/><T43/><D43/><U84/><E134/><V92/><F35/><W107/><G133/><T82/><D10/><U118/><E118/><V131/><F131/><W49/><G102/><T2/><D2/><U67/><E3/><V96/><REACH who="2" step="1"/><F51/><REACH who="2" ten="490,170,160,170" step="2"/><W110/><G110/><T97/><D34/><U25/><E130/><V129/><F129/><W45/><G49/><T18/><D104/><U39/><E37/><V9/><F9/><W0/><G50/><T112/><D112/><U94/><E39/><V126/><F126/><W121/><G107/><T75/><D75/><U76/><E42/><V61/><F61/><W14/><G105/><T12/><D24/><U128/><E128/><V65/><F65/><AGARI ba="1,1" hai="12,18,22,52,53,58,63,65,82,85,88,95,97,100" machi="65" ten="30,11600,0" yaku="7,1,8,1,54,2" doraHai="30" who="0" fromWho="2" sc="490,129,170,0,160,-119,170,0" />
</Scene>
<Scene>
<INIT seed="0,2,0,2,4,11" ten="619,170,41,170" oya="0" hai0="7,37,9,21,113,121,75,128,46,17,1,105,52" hai1="43,78,120,100,82,25,90,101,112,8,84,33,32" hai2="4,114,50,67,31,45,127,99,83,87,118,18,53" hai3="26,44,66,68,24,59,97,89,76,109,110,58,81"/><T54/><D121/><U6/><E120/><V116/><F114/><W74/><G44/><T134/><D113/><U88/><E43/><V13/><F127/><W41/><G41/><N who="0" m="22831" /><D105/><U34/><E112/><V95/><F67/><W103/><G89/><T10/><D10/><U93/><E25/><V51/><F31/><W102/><G68/><T119/><D119/><U96/><REACH who="1" step="1"/><E90/><REACH who="1" ten="619,160,41,170" step="2"/><N who="2" m="51583" /><F116/><W126/><G26/><T57/><D134/><U49/><E49/><N who="2" m="28847" /><F118/><W106/><G24/><T115/><D115/><U77/><E77/><V135/><F135/><W30/><G30/><T48/><D48/><U92/><E92/><V94/><F94/><W117/><G117/><T91/><D91/><U15/><AGARI ba="2,1" hai="6,8,15,32,33,34,78,82,84,88,93,96,100,101" machi="15" ten="30,7900,0" yaku="1,1,0,1,52,1,54,1,53,0" doraHai="11" doraHaiUra="131" who="1" fromWho="1" sc="619,-41,160,95,41,-22,170,-22" />
</Scene>
<Scene>
<INIT seed="1,0,0,0,3,73" ten="578,255,19,148" oya="1" hai0="92,24,36,76,14,86,116,32,100,34,60,107,56" hai1="48,81,3,87,121,82,47,112,110,23,29,12,91" hai2="96,17,84,40,101,13,118,61,31,78,5,18,105" hai3="115,39,63,43,67,132,1,58,33,42,85,108,80"/><U46/><E121/><V114/><F118/><W104/><G115/><T68/><D116/><U19/><E112/><V74/><F114/><W64/><G1/><T57/><D36/><U28/><E3/><V11/><F74/><W135/><G33/><T45/><D45/><U90/><E110/><V111/><F111/><W10/><G104/><T125/><D125/><U51/><E47/><V117/><F117/><W99/><G99/><N who="0" m="61855" /><D14/><U8/><E8/><V69/><F31/><W128/><G108/><T2/><D34/><U88/><E51/><V27/><F27/><W127/><G127/><T72/><D72/><U7/><E7/><V22/><F40/><W122/><G122/><T93/><D93/><U83/><E87/><V134/><F134/><N who="3" m="51243" /><G10/><T71/><D71/><U106/><E106/><V79/><F84/><W0/><G0/><T130/><D130/><U4/><E4/><V26/><REACH who="2" step="1"/><F5/><REACH who="2" ten="578,255,9,148" step="2"/><W129/><G128/><T77/><D24/><U20/><E20/><V131/><F131/><W16/><G129/><T113/><D86/><U53/><AGARI ba="0,1" hai="12,19,23,28,29,46,48,53,81,82,83,88,90,91" machi="53" ten="30,6000,0" yaku="0,1,8,1,54,1" doraHai="73" who="1" fromWho="1" sc="578,-20,255,70,9,-20,148,-20" owari="558,65.0,325,13.0,-11,-51.0,128,-27.0" />
</Scene>
</mjloggm>