<mjloggm ver="2.3"><GO type="169" lobby="0"/><UN n0="%43%52%41%57%4C" n1="%E5%A4%AA%E3%81%8F%E3%81%AA%E3%81%84%E3%81%8A" n2="%E3%83%92%E3%82%B2%E3%83%AD%E3%83%B3%E3%82%B0" n3="%43%4F%52%41%4C" dan="16,18,17,16" rate="2033.85,2171.48,2096.34,2064.57" sx="M,M,M,M"/><TAIKYOKU oya="0"/>

<Scene>
<INIT seed="0,0,0,4,3,98" ten="250,250,250,250" oya="0" hai0="75,122,109,47,117,3,8,96,135,25,44,53,40" hai1="30,43,1,20,59,49,120,114,88,14,116,39,91" hai2="13,71,9,81,48,87,112,76,102,56,34,69,65" hai3="64,29,72,108,74,70,41,21,62,2,63,77,52"/><T80/><D122/><U17/><E120/><V134/><F112/><W105/><G2/><T101/><D117/><U16/><E116/><V36/><F36/><W37/><G105/><T86/><D75/><U125/><E1/><V85/><F34/><W119/><G119/><T15/><D3/><U83/><E114/><V133/><F87/><W110/><G77/><T66/><D135/><N who="2" m="51722" /><F102/><W4/><G4/><T6/><D109/><N who="3" m="42089" /><G37/><T129/><D129/><U84/><E125/><V18/><F48/><W124/><G41/><T113/><D113/><U103/><E39/><V10/><F9/><W104/><G104/><T68/><D40/><U90/><E103/><V42/><F42/><W123/><G124/><T121/><D121/><U115/><E115/><V79/><F76/><W23/><G123/><T12/><D86/><U67/><E30/><V28/><F28/><W132/><G132/><T7/><D80/><U92/><E92/><V5/><F5/><W0/><G0/><T46/><D8/><U61/><REACH who="1" step="1"/><E17/><REACH who="1" ten="250,240,250,250" step="2"/><V97/><F97/><W19/><G29/><T111/><D111/><U106/><E106/><V107/><F107/><W95/><G95/><T54/><D96/><U38/><E38/><V32/><F32/><W27/><G23/><T127/><D127/><U22/><E22/><V82/><F82/><W94/><G94/><T26/><D6/><U89/><E89/><V11/><F11/><W126/><G126/><T55/><D7/><U73/><E73/><V24/><F10/><W128/><G128/><T78/><D101/><U58/><E58/><AGARI ba="0,1" hai="19,21,27,52,58,62,63,64,70,72,74" m="42089" machi="58" ten="30,2000,0" yaku="14,1,54,1" doraHai="98" who="3" fromWho="1" sc="250,0,240,-20,250,0,250,30" />
</Scene>
<Scene>
<INIT seed="1,0,0,4,1,17" ten="250,220,250,280" oya="1" hai0="67,116,32,70,123,37,14,108,4,44,111,122,114" hai1="59,54,26,110,86,7,72,126,100,75,130,109,131" hai2="81,94,9,68,106,134,2,56,87,39,15,52,25" hai3="95,42,73,1,0,89,46,125,12,10,60,88,74"/><U83/><E7/><V76/><F106/><W85/><G125/><T98/><D32/><U22/><E100/><V79/><F68/><W103/><G103/><T97/><D116/><U49/><E126/><V27/><F39/><W6/><G60/><N who="0" m="40295" /><D114/><U45/><E45/><V20/><F2/><W121/><G121/><N who="0" m="46091" /><D4/><U104/><E104/><V107/><F107/><W61/><G61/><T99/><D14/><U113/><E113/><V90/><F134/><W11/><G0/><T8/><D8/><U101/><E101/><V63/><F81/><W129/><G129/><N who="1" m="49162" /><E86/><V71/><F71/><W133/><G133/><T127/><D127/><U58/><E58/><V16/><REACH who="2" step="1"/><F27/><REACH who="2" ten="250,220,240,280" step="2"/><W29/><G1/><T132/><D132/><U34/><E83/><V124/><F124/><W55/><G95/><T51/><D37/><U69/><E69/><V115/><F115/><W135/><G135/><T28/><D111/><N who="1" m="42507" /><E34/><V53/><F53/><W43/><G55/><N who="0" m="30183" /><D108/><U24/><E24/><V84/><F84/><W13/><G85/><T80/><D80/><U33/><E33/><V118/><F118/><W40/><G74/><T78/><D98/><U93/><E93/><V105/><F105/><W47/><G73/><T57/><D97/><U38/><E38/><V30/><AGARI ba="0,1" hai="9,15,16,20,25,30,52,56,63,76,79,87,90,94" machi="30" ten="20,12000,2" yaku="1,1,0,1,7,1,8,1,52,1,54,2,53,0" doraHai="17" doraHaiUra="119" who="2" fromWho="2" sc="250,-30,220,-60,240,130,280,-30" />
</Scene>
<Scene>
<INIT seed="2,0,0,4,0,45" ten="220,160,370,250" oya="2" hai0="63,30,5,38,88,107,86,74,42,73,123,91,133" hai1="132,113,118,14,99,98,56,1,55,7,87,62,85" hai2="111,82,130,22,57,0,90,76,52,33,4,6,18" hai3="37,8,100,59,48,21,75,2,66,61,135,34,23"/><V24/><F130/><W109/><G75/><T119/><D123/><U105/><E118/><V83/><F33/><W12/><G37/><T13/><D107/><U39/><E113/><V117/><F117/><W101/><G34/><T25/><D119/><U10/><E132/><V126/><F126/><W102/><G2/><T67/><D133/><U58/><E39/><V96/><F0/><W15/><G109/><T124/><D124/><U27/><E27/><V3/><F3/><W128/><G128/><T80/><D38/><U28/><E28/><V134/><F111/><W116/><G116/><T93/><D42/><U79/><E105/><V70/><F70/><W11/><G135/><T54/><D54/><U47/><E47/><V16/><F18/><N who="3" m="8455" /><G48/><T49/><D49/><N who="1" m="30831" /><E1/><V71/><F71/><W125/><G125/><T77/><D13/><U97/><E79/><V131/><F131/><W115/><G115/><T72/><D5/><AGARI ba="0,0" hai="5,11,15,21,23,59,61,66,100,101,102" m="8455" machi="5" ten="30,1000,0" yaku="8,1" doraHai="45" who="3" fromWho="0" sc="220,-10,160,0,370,0,250,10" />
</Scene>
<Scene>
<INIT seed="3,0,0,3,0,83" ten="210,160,370,260" oya="3" hai0="131,34,6,126,105,87,70,104,113,85,5,115,68" hai1="134,77,73,100,24,30,135,46,118,120,130,93,16" hai2="60,28,13,31,86,132,47,33,37,121,56,44,39" hai3="79,62,61,36,119,88,133,128,54,129,103,89,9"/><W91/><G119/><T11/><D34/><U51/><E120/><V0/><F0/><W4/><G36/><T12/><D131/><N who="3" m="50249" /><G133/><N who="1" m="50698" /><E130/><V112/><F132/><W108/><G108/><T50/><D50/><U2/><E2/><V19/><F112/><N who="0" m="43082" /><D126/><U92/><E118/><V110/><F110/><W116/><G116/><T15/><D15/><U127/><E127/><V97/><F121/><W109/><G109/><T98/><D5/><U81/><E100/><V66/><F97/><W17/><G17/><T114/><N who="0" m="43090" /><T65/><DORA hai="63" /><D65/><U27/><E16/><V72/><F72/><W80/><G54/><T38/><D38/><U25/><E30/><N who="2" m="11307" /><F33/><W99/><G4/><T125/><D125/><U45/><E45/><V64/><F39/><W40/><G9/><T59/><D59/><U57/><E57/><V124/><F37/><W75/><G40/><AGARI ba="0,0" hai="24,25,27,40,46,51,73,77,81,92,93" m="50698" machi="40" ten="30,1000,0" yaku="20,1" doraHai="83,63" who="1" fromWho="3" sc="210,0,160,10,370,0,260,-10" />
</Scene>
<Scene>
<INIT seed="4,0,0,5,0,11" ten="210,170,370,250" oya="0" hai0="12,15,58,64,29,101,78,51,82,21,3,134,120" hai1="34,28,39,132,90,123,91,130,114,13,100,118,128" hai2="108,30,104,42,92,33,74,47,23,46,81,26,60" hai3="124,86,48,117,113,110,24,98,4,109,9,99,115"/><T40/><D120/><U20/><E123/><V16/><F104/><W83/><G117/><T14/><D3/><U56/><E118/><V27/><F108/><N who="3" m="41579" /><G24/><N who="0" m="16527" /><D134/><U32/><E39/><V6/><F6/><W59/><G59/><T121/><D121/><U116/><E116/><V44/><F60/><W25/><G25/><T0/><D0/><U53/><E100/><V54/><F92/><W17/><G48/><T96/><D96/><U62/><E132/><V87/><F54/><W77/><G17/><T2/><D2/><U85/><E114/><N who="3" m="43530" /><G124/><T75/><D75/><U18/><E91/><V55/><F74/><W102/><G102/><T22/><D101/><U94/><REACH who="1" step="1"/><E28/><REACH who="1" ten="210,160,370,250" step="2"/><V135/><F135/><W7/><G99/><T52/><D64/><U67/><E67/><V45/><F55/><W31/><G31/><T63/><D40/><U105/><E105/><V43/><N who="2" m="11264" /><DORA hai="1" /><V38/><REACH who="2" step="1"/><F38/><REACH who="2" ten="210,160,360,250" step="2"/><W131/><G98/><T68/><D52/><U36/><E36/><V10/><F10/><W112/><G112/><T72/><D63/><U79/><E79/><AGARI ba="0,2" hai="16,23,26,27,30,33,42,43,79,81,87" m="11264" machi="79" ten="50,3200,0" yaku="1,1,54,1,53,0" doraHai="11,1" doraHaiUra="95,57" who="2" fromWho="1" sc="210,0,160,-32,360,52,250,0" />
</Scene>
<Scene>
<INIT seed="5,0,0,3,2,8" ten="210,128,412,250" oya="1" hai0="86,110,108,27,106,17,28,100,79,35,85,52,130" hai1="49,88,33,70,20,29,25,65,125,113,38,32,61" hai2="102,68,45,75,128,12,11,134,87,90,124,31,126" hai3="82,23,2,114,53,58,91,129,92,76,101,60,59"/><U84/><E38/><V56/><F68/><W16/><G2/><T131/><D100/><U66/><E113/><V69/><F69/><W10/><G114/><T63/><D106/><U116/><E116/><V118/><F75/><W1/><G101/><T39/><D39/><U95/><E125/><V5/><F102/><W51/><G1/><T22/><D108/><U121/><E121/><V119/><F128/><N who="0" m="49194" /><D110/><U13/><E66/><V40/><F56/><W99/><G129/><T132/><D79/><U54/><REACH who="1" step="1"/><E13/><REACH who="1" ten="210,118,412,250" step="2"/><V3/><F12/><W9/><G59/><AGARI ba="0,1" hai="20,25,29,32,33,49,54,59,61,65,70,84,88,95" machi="59" ten="30,12000,1" yaku="1,1,2,1,7,1,54,1,53,1" doraHai="8" doraHaiUra="47" who="1" fromWho="3" sc="210,0,118,130,412,0,250,-120" />
</Scene>
<Scene>
<INIT seed="5,1,0,3,4,9" ten="210,248,412,130" oya="1" hai0="34,1,67,69,58,37,85,4,120,128,132,123,18" hai1="82,94,83,109,87,117,102,79,12,48,111,106,17" hai2="38,77,103,112,24,84,23,40,86,14,42,99,61" hai3="31,104,16,70,74,135,78,54,65,72,98,124,115"/><U122/><E122/><N who="0" m="46633" /><D69/><U90/><E117/><V105/><F112/><W21/><G115/><T88/><D37/><U80/><E48/><V41/><F38/><W108/><G108/><N who="1" m="41546" /><E17/><V39/><F39/><W32/><G135/><T131/><D34/><U45/><E45/><V20/><F77/><W68/><G124/><T11/><D132/><U134/><E134/><V46/><F46/><W27/><G54/><T52/><D67/><U15/><E79/><V22/><F24/><W75/><G78/><T113/><D18/><U0/><E0/><V56/><REACH who="2" step="1"/><F14/><REACH who="2" ten="210,248,402,130" step="2"/><N who="1" m="5161" /><E106/><V30/><F30/><W97/><G31/><T76/><D76/><U29/><E29/><V71/><F71/><W101/><G32/><T49/><D113/><U44/><E44/><V51/><F51/><W59/><G70/><T130/><D130/><U129/><E129/><V116/><F116/><W62/><G68/><T119/><D119/><U96/><AGARI ba="1,1" hai="80,82,83,87,90,94,96,102" m="5161,41546" machi="96" ten="30,11700,0" yaku="10,1,52,3" doraHai="9" who="1" fromWho="1" sc="210,-40,248,130,402,-40,130,-40" />
</Scene>
<Scene>
<INIT seed="5,2,0,3,0,82" ten="170,378,362,90" oya="1" hai0="69,86,72,7,96,11,29,37,36,21,73,58,77" hai1="4,13,23,14,91,27,94,100,51,133,12,97,56" hai2="10,47,108,95,45,65,105,24,87,44,43,110,40" hai3="78,125,74,52,76,131,18,46,31,120,89,116,128"/><U90/><E133/><V135/><F105/><W42/><G120/><T60/><D69/><U111/><E111/><V62/><F135/><W93/><G116/><T101/><D73/><U103/><E4/><V26/><F10/><W9/><G125/><T117/><D72/><U39/><E39/><V34/><F110/><W124/><G124/><T107/><D117/><U109/><E109/><V6/><F6/><W132/><G31/><T59/><D21/><U17/><REACH who="1" step="1"/><E103/><REACH who="1" ten="170,368,362,90" step="2"/><V41/><F108/><W127/><G132/><T114/><D36/><U49/><E49/><V53/><F34/><W129/><G127/><T67/><D37/><U48/><E48/><V30/><F43/><W123/><G42/><T83/><D114/><U79/><E79/><V118/><F41/><W8/><G78/><T119/><D119/><U92/><E92/><V70/><F40/><W112/><G112/><T102/><D102/><U126/><E126/><V68/><F95/><W25/><G76/><T55/><D77/><U63/><E63/><V84/><F118/><W19/><G74/><T130/><D101/><U1/><E1/><V85/><F62/><W20/><G93/><T115/><D60/><U61/><E61/><V3/><F3/><W64/><G131/><T66/><D130/><U80/><E80/><V54/><F70/><W71/><G71/><T98/><D83/><U134/><E134/><V104/><F68/><W2/><G2/><T106/><D7/><U22/><E22/><V5/><F5/><W38/><G129/><T81/><D115/><U75/><E75/><V121/><F104/><RYUUKYOKU ba="2,1" sc="170,-10,368,30,362,-10,90,-10" hai1="12,13,14,17,23,27,51,56,90,91,94,97,100" />
</Scene>
<Scene>
<INIT seed="5,3,1,3,2,92" ten="160,398,352,80" oya="1" hai0="47,134,61,131,5,12,19,72,104,53,3,14,16" hai1="111,108,29,69,80,7,51,66,38,15,101,45,102" hai2="28,42,22,127,6,32,90,114,36,93,73,105,65" hai3="81,97,89,91,135,125,103,126,83,10,8,124,50"/><U21/><E38/><V60/><F105/><W30/><G30/><T94/><D104/><U57/><E69/><V115/><F73/><W116/><G50/><N who="0" m="28895" /><D3/><U95/><E80/><N who="3" m="30794" /><G116/><T44/><D72/><U20/><E29/><V88/><F6/><W26/><G26/><T84/><D131/><U58/><E7/><V37/><F32/><W107/><G10/><N who="0" m="4175" /><D134/><U63/><E58/><V106/><F106/><W77/><G8/><T120/><D120/><U23/><E15/><V119/><F119/><W46/><G46/><T112/><D112/><N who="2" m="43050" /><F127/><N who="3" m="32515" /><W25/><DORA hai="35" /><G25/><T49/><D61/><U56/><E56/><N who="2" m="36999" /><F42/><W48/><G48/><T41/><D14/><U1/><E1/><V98/><F90/><AGARI ba="3,1" hai="16,19,41,44,49,84,90,94" m="4175,28895" machi="90" ten="30,2000,0" yaku="8,1,54,1" doraHai="92,35" who="0" fromWho="2" sc="160,39,398,0,352,-29,80,0" />
</Scene>
<Scene>
<INIT seed="6,0,0,0,1,108" ten="199,398,323,80" oya="2" hai0="51,14,29,87,44,69,53,114,115,117,50,107,128" hai1="91,97,131,58,6,116,109,4,62,16,66,83,8" hai2="68,11,24,22,7,3,0,67,112,2,60,79,110" hai3="126,118,13,34,70,12,101,121,17,23,129,123,20"/><V38/><F38/><W94/><G70/><T40/><D107/><U49/><E109/><V135/><F110/><W74/><G118/><T127/><D69/><U45/><E131/><V61/><F135/><W5/><G74/><T106/><D106/><U103/><E116/><V18/><F79/><W78/><G78/><T122/><D117/><U92/><E16/><V19/><F61/><W57/><G34/><T65/><D122/><U55/><E8/><V130/><F130/><W9/><G129/><T119/><D128/><U96/><E83/><V64/><F64/><W42/><G42/><T32/><D65/><U56/><E56/><V73/><F73/><W59/><G126/><T1/><D1/><U21/><E21/><V76/><F76/><W39/><G39/><T41/><D119/><U77/><E77/><V43/><F43/><W25/><G123/><T33/><D127/><U48/><E48/><V120/><F120/><W105/><G105/><AGARI ba="0,0" hai="4,6,45,49,55,58,62,66,91,92,96,97,103,105" machi="105" ten="30,1000,0" yaku="7,1" doraHai="108" who="1" fromWho="3" sc="199,0,398,10,323,0,80,-10" />
</Scene>
<Scene>
<INIT seed="7,0,0,4,1,34" ten="199,408,323,70" oya="3" hai0="132,0,64,57,2,60,92,56,120,25,118,33,87" hai1="84,36,123,58,88,99,73,93,100,124,32,96,103" hai2="86,59,51,54,114,110,37,113,38,75,127,133,71" hai3="106,119,16,6,35,1,15,72,21,45,129,77,12"/><W89/><G119/><T70/><D132/><U44/><E123/><V23/><F75/><W116/><G106/><T8/><D120/><U41/><E73/><V24/><F110/><W111/><G116/><T67/><D118/><U65/><E32/><V109/><F109/><W66/><G35/><T126/><D126/><U13/><E124/><V74/><F74/><W78/><G111/><T108/><D108/><U125/><E125/><V128/><F127/><W42/><G66/><T19/><D70/><U18/><E65/><V14/><F71/><W62/><G62/><T50/><D33/><U7/><E7/><V81/><F128/><W53/><G53/><T4/><D50/><U46/><E58/><V76/><F14/><N who="3" m="9367" /><G89/><T134/><D134/><U85/><E46/><V47/><F133/><W115/><G115/><T83/><D19/><U20/><E103/><V98/><F98/><W122/><G122/><T30/><D30/><U39/><E36/><V117/><F117/><W26/><G26/><T91/><D25/><U9/><E20/><V40/><REACH who="2" step="1"/><F37/><REACH who="2" ten="199,408,313,70" step="2"/><N who="3" m="21711" /><G129/><T17/><D17/><AGARI ba="0,1" hai="17,23,24,38,40,47,51,54,59,76,81,86,113,114" machi="17" ten="40,1300,0" yaku="1,1,53,0" doraHai="34" doraHaiUra="11" who="2" fromWho="0" sc="199,-13,408,0,313,23,70,0" owari="186,-21.0,408,50.0,336,14.0,70,-43.0" />
</Scene>
</mjloggm>