<mjloggm ver="2.3"><GO type="169"/><UN n0="%E9%89%84%E9%A2%A8%E5%B0%91%E5%A5%B3" n1="%E3%82%AB%E3%83%95%E3%83%99%E3%83%81" n2="%E5%A4%AA%E3%81%8F%E3%81%AA%E3%81%84%E3%81%8A" n3="%E3%83%AF%E3%82%A4%E3%83%AB%E3%83%89" dan="16,16,17,16" rate="2115,2240,2190,2149" sx="F,M,M,M"/><TAIKYOKU oya="0"/>

<Scene>
<INIT seed="0,0,0,4,3,71" ten="250,250,250,250" oya="0" hai0="127,99,69,8,131,76,60,59,75,50,61,24,68" hai1="67,121,111,109,86,79,118,63,98,106,73,52,23" hai2="91,56,100,117,42,35,87,26,7,97,46,12,33" hai3="5,1,120,29,30,130,15,89,114,36,110,6,10"/><T41/><D75/><U40/><E118/><V21/><F117/><W107/><G107/><T128/><D76/><U74/><E121/><V104/><F56/><W115/><G120/><T18/><D99/><U3/><E3/><V78/><F78/><W96/><G110/><T122/><D122/><U25/><E40/><V37/><F12/><W53/><G130/><N who="0" m="49707" /><D127/><U34/><E34/><V85/><F7/><W9/><G53/><N who="0" m="32183" /><D41/><U101/><E67/><V88/><F87/><W133/><G133/><T105/><D105/><U90/><E79/><V124/><F124/><W77/><G77/><T32/><D8/><U16/><E109/><V22/><F22/><W27/><G30/><N who="0" m="19527" /><D18/><U62/><E111/><V57/><F57/><W132/><G132/><T135/><D135/><U4/><E4/><V129/><F129/><W13/><G1/><T45/><D45/><U92/><REACH who="1" step="1"/><E52/><REACH who="1" ten="250,240,250,250" step="2"/><V39/><F33/><W44/><G5/><T43/><D43/><U126/><E126/><V2/><F35/><W64/><G6/><T0/><D0/><U113/><E113/><V125/><F125/><W119/><G115/><T80/><D80/><U20/><E20/><V108/><F108/><W103/><G114/><T54/><D54/><U49/><E49/><V112/><F112/><W66/><G66/><T72/><D72/><AGARI ba="0,1" hai="16,23,25,62,63,72,73,74,86,90,92,98,101,106" machi="72" ten="40,2600,0" yaku="1,1,54,1,53,0" doraHai="71" doraHaiUra="48" who="1" fromWho="0" sc="250,-26,240,36,250,0,250,0" />
</Scene>
<Scene>
<INIT seed="1,0,0,3,5,72" ten="224,276,250,250" oya="1" hai0="97,117,19,67,15,47,0,33,68,44,36,51,108" hai1="22,48,32,66,29,129,11,10,50,23,88,100,13" hai2="92,8,60,101,42,83,105,123,71,99,98,128,126" hai3="112,38,12,59,24,35,41,9,104,5,54,85,17"/><U109/><E129/><V20/><F123/><W96/><G112/><T107/><D117/><U45/><E109/><V64/><F128/><W87/><G41/><T56/><D0/><U86/><E32/><V46/><F126/><W116/><G38/><T31/><D108/><U115/><E100/><V79/><F8/><N who="1" m="3113" /><E66/><V3/><F20/><W1/><G116/><T65/><D36/><U133/><E133/><V82/><F3/><W130/><G130/><T113/><D113/><U94/><E115/><V81/><F98/><W119/><G119/><T93/><D107/><U74/><E74/><V4/><F4/><W6/><G6/><T106/><D106/><U18/><E45/><V95/><REACH who="2" step="1"/><F79/><REACH who="2" ten="224,276,240,250" step="2"/><W124/><G124/><T55/><D33/><U49/><E23/><V76/><F76/><W52/><G96/><T58/><D31/><AGARI ba="0,1" hai="13,18,22,29,31,48,49,50,86,88,94" m="3113" machi="31" ten="30,2900,0" yaku="8,1,54,1" doraHai="72" who="1" fromWho="0" sc="224,-29,276,39,240,0,250,0" />
</Scene>
<Scene>
<INIT seed="1,1,0,0,4,116" ten="195,315,240,250" oya="1" hai0="9,127,50,63,16,110,36,82,67,10,81,111,31" hai1="75,49,33,57,14,124,115,58,43,104,73,91,85" hai2="62,117,106,83,98,4,42,37,65,69,108,24,17" hai3="94,132,52,89,120,96,34,21,53,6,26,125,28"/><U103/><E33/><V15/><F117/><W134/><G6/><T95/><D36/><U123/><E123/><V32/><F108/><W55/><G125/><T44/><D31/><U128/><E124/><V79/><F4/><W30/><G120/><T1/><D127/><U101/><E115/><V8/><F42/><W129/><G129/><T122/><D1/><U130/><E104/><V25/><F37/><W135/><REACH who="3" step="1"/><G34/><REACH who="3" ten="195,315,240,240" step="2"/><T90/><D122/><U12/><E128/><V59/><F32/><W41/><G41/><T87/><D110/><U118/><E43/><V60/><F106/><W102/><G102/><T2/><D111/><U84/><E101/><V72/><REACH who="2" step="1"/><F98/><REACH who="2" ten="195,315,230,240" step="2"/><W35/><G35/><T11/><D2/><U88/><E130/><V93/><F93/><W80/><G80/><T0/><D0/><U3/><E118/><V112/><F112/><W97/><G97/><T51/><D95/><U78/><E3/><V56/><F56/><W109/><G109/><T20/><D81/><U77/><E103/><V133/><F133/><W68/><G68/><T40/><D40/><U19/><E57/><V107/><F107/><W70/><G70/><T121/><D121/><U27/><E58/><V71/><F71/><W22/><G22/><T114/><D82/><U126/><E126/><V74/><F74/><W46/><G46/><T131/><D44/><U54/><E75/><V38/><F38/><W105/><G105/><T76/><D20/><U92/><E73/><V48/><F48/><W64/><G64/><AGARI ba="1,2" hai="8,15,17,24,25,59,60,62,64,65,69,72,79,83" machi="64" ten="30,2000,0" yaku="1,1,7,1,53,0" doraHai="116" doraHaiUra="100" who="2" fromWho="3" sc="195,0,315,0,230,43,240,-23" />
</Scene>
<Scene>
<INIT seed="2,0,0,5,2,18" ten="195,315,273,217" oya="2" hai0="101,15,121,114,8,133,5,94,10,76,73,74,45" hai1="99,52,105,106,31,60,0,26,97,34,64,107,115" hai2="88,118,131,28,100,1,13,127,42,85,92,55,135" hai3="66,98,58,7,50,59,110,113,128,17,40,67,62"/><V49/><F118/><W9/><G110/><T87/><D121/><U4/><E115/><V86/><F1/><W6/><G113/><T75/><D114/><U24/><E24/><V125/><F135/><W132/><G132/><T120/><D120/><U83/><E83/><V46/><F131/><W70/><G128/><T91/><D133/><U32/><E32/><V47/><F28/><W57/><G67/><T43/><D101/><U81/><E81/><V44/><F100/><W123/><G123/><T112/><D112/><U30/><E30/><V126/><F13/><W3/><G7/><T77/><REACH who="0" step="1"/><D8/><REACH who="0" ten="185,315,273,217" step="2"/><U109/><E109/><V104/><F104/><W2/><G9/><T56/><D56/><U21/><E106/><V63/><F86/><W89/><G58/><AGARI ba="0,1" hai="42,44,46,47,49,55,58,63,85,88,92,125,126,127" machi="58" ten="40,3900,0" yaku="18,1,54,1" doraHai="18" who="2" fromWho="3" sc="185,0,315,0,273,49,217,-39" />
</Scene>
<Scene>
<INIT seed="2,1,0,5,3,23" ten="185,315,322,178" oya="2" hai0="124,118,42,112,27,24,111,94,109,13,37,62,92" hai1="6,65,50,40,113,86,114,120,99,122,101,80,57" hai2="2,66,55,0,125,78,89,117,96,58,133,31,1" hai3="95,69,29,15,16,59,129,32,22,90,106,8,107"/><V110/><F117/><W116/><G69/><T39/><D112/><U72/><E6/><V103/><F133/><W54/><G116/><T91/><D118/><U28/><E28/><V45/><F125/><W30/><G129/><T46/><D124/><U61/><E72/><V60/><F78/><W135/><G135/><T36/><D13/><U126/><E40/><V130/><F130/><W4/><G32/><T84/><D92/><N who="1" m="58599" /><E50/><V48/><F110/><N who="0" m="41994" /><D62/><U26/><E26/><AGARI ba="1,0" hai="24,26,27,36,37,39,42,46,84,91,94" m="41994" machi="26" ten="30,7700,0" yaku="14,1,52,3" doraHai="23" who="0" fromWho="1" sc="185,80,315,-80,322,0,178,0" />
</Scene>
<Scene>
<INIT seed="3,0,0,5,0,57" ten="265,235,322,178" oya="3" hai0="70,77,21,38,117,120,6,131,32,76,22,101,129" hai1="69,65,80,96,35,42,63,66,126,112,108,30,40" hai2="46,0,115,78,64,107,34,83,123,11,9,91,68" hai3="52,26,72,28,53,110,125,90,48,49,24,50,56"/><W67/><G72/><T134/><D120/><U3/><E112/><V23/><F115/><W118/><G118/><T93/><D117/><U43/><E108/><V105/><F34/><W103/><G110/><T20/><D38/><U60/><E126/><V73/><F123/><W82/><G125/><T100/><D32/><U54/><E3/><V122/><F122/><W74/><G103/><N who="0" m="39499" /><D6/><U18/><E54/><V81/><F23/><W87/><G74/><T127/><D127/><U89/><E18/><V2/><F46/><W37/><G37/><T16/><D93/><N who="1" m="56367" /><E69/><V135/><F135/><W13/><G13/><T15/><D70/><U29/><E35/><V59/><F68/><W102/><G102/><T27/><D134/><U71/><E71/><V45/><F2/><W114/><G114/><T94/><D94/><U7/><E80/><V99/><F0/><W133/><G133/><T14/><D27/><N who="3" m="10281" /><G28/><N who="1" m="10858" /><E7/><V109/><F109/><W10/><G10/><N who="0" m="6231" /><D15/><U75/><E75/><V79/><F73/><W116/><G116/><T51/><D51/><U58/><E58/><V119/><F119/><W88/><G90/><T62/><D129/><U128/><E128/><V33/><F33/><W130/><G130/><T47/><D131/><U132/><E132/><V1/><F1/><W113/><G113/><T39/><D39/><U106/><E106/><V61/><F105/><W121/><G121/><T92/><D92/><U84/><E84/><V95/><F107/><W111/><G111/><T55/><D47/><U8/><E8/><N who="2" m="3147" /><F45/><W31/><G31/><T124/><D124/><U97/><E97/><RYUUKYOKU ba="0,0" sc="265,0,235,0,322,0,178,0" hai0="20,21,22,55,62,76,77" hai1="40,42,43,60,63,65,66" hai2="59,61,64,78,79,81,83,91,95,99" hai3="48,49,50,52,53,56,67,82,87,88" />
</Scene>
<Scene>
<INIT seed="3,1,0,5,1,117" ten="265,235,322,178" oya="3" hai0="104,78,59,88,94,4,92,102,98,62,82,73,34" hai1="3,43,118,31,6,19,132,93,96,116,105,9,48" hai2="70,2,89,79,29,36,130,86,17,45,113,103,74" hai3="35,99,129,46,0,22,122,69,133,128,21,56,90"/><W87/><G69/><T109/><D34/><U10/><E132/><V112/><F70/><W68/><G68/><T20/><D109/><U32/><E105/><V53/><F2/><W76/><G35/><T15/><D4/><U52/><E43/><V39/><F29/><W8/><G133/><T123/><D94/><U121/><E121/><V49/><F130/><N who="3" m="50283" /><G46/><T25/><D15/><U7/><E19/><V26/><F103/><W40/><G40/><T23/><D123/><U97/><E31/><V60/><F60/><W85/><G56/><T125/><D125/><U134/><E32/><V24/><F39/><W64/><G64/><T16/><D23/><N who="3" m="8713" /><G122/><T50/><D50/><U100/><E97/><V58/><F36/><W75/><G75/><T37/><D37/><U61/><E61/><V42/><F74/><W14/><G0/><T84/><D62/><U127/><E134/><V41/><F41/><W115/><G115/><T5/><D5/><U44/><REACH who="1" step="1"/><E127/><REACH who="1" ten="265,225,322,178" step="2"/><V27/><F42/><W111/><G111/><T114/><D114/><U1/><AGARI ba="1,1" hai="1,3,6,7,9,10,44,48,52,93,96,100,116,118" machi="1" ten="30,8000,1" yaku="1,1,2,1,0,1,9,1,54,1,53,0" doraHai="117" doraHaiUra="38" who="1" fromWho="1" sc="265,-21,225,93,322,-21,178,-41" />
</Scene>
<Scene>
<INIT seed="4,0,0,4,2,124" ten="244,318,301,137" oya="0" hai0="123,83,74,38,75,62,65,111,90,86,32,69,42" hai1="99,79,9,10,17,95,119,49,80,5,73,45,108" hai2="134,118,30,70,26,113,85,16,68,44,102,125,96" hai3="110,77,130,29,91,54,81,103,84,24,112,126,104"/><T76/><D123/><U105/><E108/><V37/><F125/><W27/><G126/><T7/><D111/><U39/><E119/><V41/><F118/><W2/><G2/><T131/><D32/><U101/><E39/><V72/><F72/><W66/><G110/><T36/><D75/><U87/><E17/><V71/><F113/><W40/><G112/><T8/><D42/><U107/><E73/><V50/><F134/><W59/><G66/><T12/><REACH who="0" step="1"/><D131/><REACH who="0" ten="234,318,301,137" step="2"/><U88/><E107/><V11/><F41/><W78/><G40/><T93/><AGARI ba="0,1" hai="7,8,12,36,38,62,65,69,74,76,83,86,90,93" machi="93" ten="20,7800,0" yaku="1,1,2,1,0,1,7,1,53,0" doraHai="124" doraHaiUra="55" who="0" fromWho="0" sc="234,88,318,-26,301,-26,137,-26" />
</Scene>
<Scene>
<INIT seed="4,1,0,5,4,55" ten="322,292,275,111" oya="0" hai0="24,21,75,104,76,33,119,125,42,54,58,133,116" hai1="88,120,98,122,18,97,22,1,19,112,84,9,57" hai2="87,77,111,73,59,10,85,31,62,35,28,6,4" hai3="78,17,67,66,64,79,124,114,71,12,43,26,7"/><T101/><D33/><U25/><E112/><V50/><F111/><W83/><G71/><T134/><D42/><U107/><E98/><V40/><F73/><W106/><G106/><T128/><D128/><U93/><E57/><V29/><F35/><W95/><G114/><T60/><D125/><U8/><E8/><V48/><F77/><W51/><G124/><T41/><D41/><U65/><E65/><N who="2" m="39135" /><F10/><W89/><G26/><T53/><D53/><U109/><E109/><V80/><F40/><W135/><G135/><N who="0" m="51723" /><D101/><U36/><E36/><V94/><F94/><W45/><G7/><N who="2" m="2601" /><F80/><W102/><G102/><T113/><D104/><U68/><E68/><V131/><F131/><W15/><G83/><N who="0" m="45471" /><D113/><U63/><E107/><V108/><F108/><W20/><REACH who="3" step="1"/><G15/><REACH who="3" ten="322,292,275,101" step="2"/><T37/><D37/><U3/><E3/><V123/><F123/><W82/><G82/><T115/><D115/><U23/><E1/><V44/><F29/><AGARI ba="1,1" hai="21,24,29,54,58,60,116,119" m="45471,51723" machi="29" ten="30,2900,0" yaku="20,1,52,1" doraHai="55" who="0" fromWho="2" sc="322,42,292,0,275,-32,101,0" />
</Scene>
<Scene>
<INIT seed="4,2,0,1,1,64" ten="364,292,243,101" oya="0" hai0="118,47,91,63,113,70,82,99,60,122,28,18,121" hai1="25,23,110,106,125,86,22,133,83,128,24,120,81" hai2="109,93,119,2,85,17,50,102,8,48,51,58,56" hai3="100,19,74,27,68,134,1,5,52,14,76,67,116"/><T95/><D118/><U38/><E120/><V54/><F119/><W126/><G116/><T104/><D113/><U45/><E110/><V57/><F109/><W62/><G134/><T46/><D104/><U71/><E71/><V65/><F65/><W123/><G126/><T37/><D37/><U31/><E133/><V98/><F85/><W11/><G123/><T114/><D114/><U21/><E125/><V7/><REACH who="2" step="1"/><F17/><REACH who="2" ten="364,292,233,101" step="2"/><W89/><G74/><T12/><D122/><U6/><E86/><V96/><F96/><W29/><G76/><T79/><D121/><U88/><E128/><V41/><F41/><W10/><G100/><T4/><D18/><U44/><E6/><V15/><F15/><W16/><G89/><T49/><D12/><U92/><E25/><V33/><F33/><W78/><G78/><T61/><D4/><U34/><E34/><V36/><F36/><W135/><G135/><T101/><D101/><U26/><E38/><V69/><F69/><W66/><G19/><T73/><D79/><U94/><E26/><V75/><F75/><W87/><G87/><T40/><D73/><U32/><E32/><V115/><F115/><W117/><G117/><T42/><D82/><U124/><E83/><V39/><F39/><W132/><G132/><T30/><D70/><U97/><E81/><V9/><F9/><W0/><G66/><T55/><D42/><U80/><E124/><V13/><F13/><W129/><G129/><T130/><D130/><U43/><E80/><V112/><F112/><W107/><G1/><T103/><D103/><U131/><E131/><RYUUKYOKU ba="2,1" sc="364,15,292,-15,233,15,101,-15" hai0="28,30,40,46,47,49,55,60,61,63,91,95,99" hai2="2,7,8,48,50,51,54,56,57,58,93,98,102" />
</Scene>
<Scene>
<INIT seed="4,3,1,5,4,47" ten="379,277,248,86" oya="0" hai0="105,100,13,32,71,82,68,59,135,23,40,24,86" hai1="8,107,55,111,126,43,28,16,131,44,46,67,58" hai2="52,7,128,78,110,106,85,51,42,64,57,95,63" hai3="134,4,37,30,11,49,88,112,90,87,72,124,132"/><T119/><D119/><U116/><E116/><V61/><F110/><W26/><G37/><T18/><D135/><N who="3" m="51753" /><G72/><T69/><D40/><U14/><E111/><V2/><F106/><W20/><G112/><T92/><D105/><U94/><E107/><V101/><F128/><W35/><G124/><T25/><D32/><U6/><E126/><V81/><F2/><N who="3" m="407" /><G35/><T104/><D104/><U54/><E131/><V41/><F7/><W1/><G1/><T17/><D59/><U76/><E76/><V27/><F27/><W98/><G98/><T93/><D100/><U5/><E28/><V83/><F83/><W89/><G87/><T65/><D65/><U33/><E67/><V38/><F38/><W121/><G121/><T0/><D0/><U74/><E74/><V21/><F21/><W48/><AGARI ba="3,1" hai="20,26,30,48,49,88,89,90" m="407,51753" machi="48" ten="40,8000,1" yaku="20,1,52,2,54,1" doraHai="47" who="3" fromWho="3" sc="379,-43,277,-23,248,-23,86,99" />
</Scene>
<Scene>
<INIT seed="5,0,0,3,3,113" ten="336,254,225,185" oya="1" hai0="11,46,27,55,126,47,101,130,4,6,76,24,97" hai1="66,134,129,61,118,25,128,103,56,125,16,133,50" hai2="62,1,71,29,122,96,52,3,127,58,28,30,32" hai3="81,132,37,70,120,39,10,68,60,114,80,104,74"/><U131/><E118/><V124/><F122/><W110/><G120/><T45/><D130/><U115/><E115/><V35/><F71/><W105/><G110/><T86/><D126/><N who="2" m="48170" /><F96/><W59/><G114/><T41/><D41/><U85/><E125/><V69/><F69/><W63/><G10/><T19/><D55/><U43/><E103/><V0/><AGARI ba="0,0" hai="0,1,3,28,29,30,32,35,52,58,62" m="48170" machi="0" ten="40,2700,0" yaku="18,1,54,1" doraHai="113" who="2" fromWho="2" sc="336,-7,254,-13,225,27,185,-7" />
</Scene>
<Scene>
<INIT seed="6,0,0,1,5,65" ten="329,241,252,178" oya="2" hai0="17,101,73,78,95,92,20,74,96,64,54,32,57" hai1="11,103,121,25,53,44,50,31,132,37,35,19,28" hai2="123,62,126,39,100,77,75,130,109,110,86,47,85" hai3="94,79,113,63,13,23,128,99,89,42,97,91,114"/><V107/><F123/><W98/><G128/><T81/><D32/><U124/><E121/><V0/><F0/><W88/><G42/><T48/><D64/><U46/><E124/><V5/><F5/><W108/><G108/><N who="2" m="41577" /><F62/><W10/><G79/><T93/><D74/><U127/><E127/><V18/><F126/><W29/><G63/><T51/><D51/><U68/><E68/><V80/><F130/><W83/><G83/><T22/><D22/><U2/><E132/><V90/><F18/><W118/><G118/><T41/><D41/><U61/><E103/><V12/><F12/><AGARI ba="0,0" hai="12,17,20,48,54,57,73,78,81,92,93,95,96,101" machi="12" ten="30,1000,0" yaku="7,1" doraHai="65" who="0" fromWho="2" sc="329,10,241,0,252,-10,178,0" />
</Scene>
<Scene>
<INIT seed="7,0,0,1,3,55" ten="339,241,242,178" oya="3" hai0="100,110,126,69,85,92,65,7,77,88,34,54,84" hai1="30,81,73,3,0,19,116,49,20,90,64,101,60" hai2="98,118,10,32,131,89,35,15,57,75,4,40,36" hai3="52,45,104,17,38,8,125,109,33,68,130,105,115"/><W71/><G115/><T46/><D34/><U47/><E30/><V2/><F118/><W106/><G33/><T129/><D110/><U39/><E39/><V120/><F131/><W82/><G109/><T113/><D113/><U51/><E101/><V91/><F120/><W86/><G130/><T97/><D129/><U50/><E116/><V14/><F75/><W119/><G119/><T31/><D31/><U87/><E73/><V27/><F36/><W108/><G108/><T107/><D126/><U56/><REACH who="1" step="1"/><E47/><REACH who="1" ten="339,231,242,178" step="2"/><V78/><F35/><W61/><G125/><T94/><D46/><U124/><E124/><V96/><F32/><W13/><G38/><T28/><D28/><U114/><E114/><V128/><F128/><W102/><G102/><T22/><D100/><U127/><E127/><V103/><F103/><W21/><G21/><T37/><D22/><U24/><AGARI ba="0,1" hai="0,3,19,20,24,49,50,51,56,60,64,81,87,90" machi="24" ten="30,4000,0" yaku="1,1,0,1,52,1,53,0" doraHai="55" doraHaiUra="5" who="1" fromWho="1" sc="339,-10,231,50,242,-10,178,-20" owari="329,43.0,281,8.0,232,-17.0,158,-34.0" />
</Scene>
</mjloggm>