<mjloggm ver="2.3"><GO type="169"/><UN n0="%E6%A1%82%E3%83%92%E3%83%8A%E3%82%AE%E3%82%AF" n1="%E5%88%BB%E5%AD%90%E5%B8%82%E6%B0%91" n2="%E5%9B%9B%E6%AE%B5" n3="%E5%A4%AA%E3%81%8F%E3%81%AA%E3%81%84%E3%81%8A" dan="16,16,16,16" rate="2079,2054,2082,2101" sx="F,M,M,M"/><TAIKYOKU oya="0"/>

<Scene>
<INIT seed="0,0,0,4,4,74" ten="250,250,250,250" oya="0" hai0="47,117,26,8,120,3,30,27,6,104,128,33,38" hai1="112,87,111,92,79,49,54,29,40,43,71,16,101" hai2="129,113,81,31,53,110,67,14,133,48,69,35,85" hai3="36,10,119,108,72,11,83,37,106,94,23,18,118"/><T97/><D117/><U98/><E71/><V73/><F73/><W41/><G106/><T134/><D27/><U34/><E111/><V90/><F113/><W1/><G108/><T59/><D59/><U103/><E112/><V2/><F2/><W22/><G94/><T58/><D58/><U25/><E103/><V9/><F110/><W5/><G10/><T115/><D115/><U32/><E32/><V125/><F133/><W63/><G63/><T7/><D7/><U116/><E116/><V76/><F129/><W135/><G135/><T107/><D134/><U82/><REACH who="1" step="1"/><E16/><REACH who="1" ten="250,240,250,250" step="2"/><N who="2" m="8271" /><F69/><W95/><G18/><T126/><D33/><U66/><E66/><V75/><F35/><W132/><G132/><T91/><D120/><U39/><E39/><V127/><F67/><W24/><G36/><T65/><D38/><U20/><E20/><V68/><F68/><W64/><G64/><T86/><D65/><U57/><AGARI ba="0,1" hai="25,29,34,40,43,49,54,57,79,82,87,92,98,101" machi="57" ten="20,8000,1" yaku="1,1,0,1,7,1,52,1,53,1" doraHai="74" doraHaiUra="80" who="1" fromWho="1" sc="250,-40,240,90,250,-20,250,-20" />
</Scene>
<Scene>
<INIT seed="1,0,0,1,3,73" ten="210,330,230,230" oya="1" hai0="64,22,48,38,65,26,106,44,31,15,42,110,71" hai1="113,54,97,116,105,94,78,63,109,24,86,70,126" hai2="125,127,14,59,25,92,123,132,84,58,7,99,33" hai3="47,13,53,34,2,130,32,52,96,30,17,100,121"/><U75/><E116/><V41/><F123/><W119/><G121/><T80/><D106/><U50/><E113/><V101/><F41/><W37/><G2/><T20/><D110/><U55/><E75/><V29/><F132/><W21/><G119/><T4/><D71/><U102/><E109/><V83/><F7/><W77/><G130/><T18/><D38/><U87/><E126/><N who="2" m="48139" /><F14/><W40/><G77/><AGARI ba="0,0" hai="25,29,33,58,59,77,83,84,92,99,101" m="48139" machi="77" ten="30,2000,0" yaku="18,1,52,1" doraHai="73" who="2" fromWho="3" sc="210,0,330,0,230,20,230,-20" />
</Scene>
<Scene>
<INIT seed="2,0,0,0,3,37" ten="210,330,250,210" oya="2" hai0="82,109,101,18,122,52,42,72,29,5,10,104,87" hai1="74,6,7,20,39,23,96,41,53,8,94,120,102" hai2="34,90,4,0,69,107,54,49,129,45,113,50,64" hai3="77,76,70,124,38,114,119,75,93,32,103,21,134"/><V30/><F113/><W2/><RYUUKYOKU type="yao9" ba="0,0" sc="210,0,330,0,250,0,210,0" hai3="2,21,32,38,70,75,76,77,93,103,114,119,124,134" />
</Scene>
<Scene>
<INIT seed="2,1,0,3,4,133" ten="210,330,250,210" oya="2" hai0="70,27,108,73,35,42,47,119,92,36,48,88,51" hai1="89,65,0,22,113,28,17,43,10,37,29,58,111" hai2="1,79,123,57,112,15,77,99,106,62,121,130,63" hai3="69,116,105,26,55,66,129,18,90,109,83,117,68"/><V95/><F1/><W124/><G105/><T13/><D73/><U102/><E102/><V76/><F112/><W12/><G26/><T4/><D70/><U128/><E113/><V30/><F106/><W78/><G90/><T118/><D108/><U87/><E111/><V56/><F130/><W54/><G109/><T24/><D4/><U16/><E128/><V72/><F72/><W21/><G129/><T38/><D13/><N who="1" m="7223" /><E43/><V60/><F30/><W107/><G107/><T135/><D135/><U82/><E37/><N who="0" m="14441" /><D51/><U61/><E0/><V122/><REACH who="2" step="1"/><F15/><AGARI ba="1,0" hai="15,17,22,28,29,58,61,65,82,87,89" m="7223" machi="15" ten="30,2000,0" yaku="8,1,54,1" doraHai="133" who="1" fromWho="2" sc="210,0,330,23,250,-23,210,0" />
</Scene>
<Scene>
<INIT seed="3,0,0,2,4,54" ten="210,353,227,210" oya="3" hai0="135,78,70,34,48,10,62,5,88,116,46,115,102" hai1="128,40,93,72,42,127,97,30,28,106,50,129,119" hai2="107,113,6,49,121,31,0,132,14,87,60,63,21" hai3="33,99,124,32,66,84,38,19,111,39,55,1,126"/><W18/><G1/><T67/><D116/><U122/><E72/><V68/><F113/><W41/><G66/><T103/><D135/><U69/><E106/><V82/><F107/><W47/><G111/><T76/><D115/><U59/><E69/><V7/><F132/><W43/><G99/><T53/><D34/><U26/><E122/><V114/><F0/><W83/><G55/><T91/><D76/><U120/><E127/><N who="3" m="48682" /><G41/><T95/><D78/><U96/><E120/><V134/><F68/><W23/><G39/><T131/><D131/><U24/><E93/><V27/><F134/><W89/><G19/><T2/><REACH who="0" step="1"/><D91/><REACH who="0" ten="200,353,227,210" step="2"/><U13/><E119/><V64/><F114/><W73/><G73/><T85/><AGARI ba="0,1" hai="2,5,10,46,48,53,62,67,70,85,88,95,102,103" machi="85" ten="20,8000,1" yaku="1,1,2,1,0,1,7,1,54,1,53,0" doraHai="54" doraHaiUra="133" who="0" fromWho="0" sc="200,90,353,-20,227,-20,210,-40" />
</Scene>
<Scene>
<INIT seed="4,0,0,2,3,61" ten="290,333,207,170" oya="0" hai0="97,131,32,52,112,65,107,31,123,29,129,121,6" hai1="68,56,33,27,78,16,130,8,24,42,103,25,44" hai2="13,72,127,83,30,93,95,43,71,18,47,10,106" hai3="91,94,116,38,125,14,85,102,37,64,21,15,105"/><T67/><D112/><U74/><E68/><V35/><F106/><W100/><G116/><T80/><D6/><U53/><E103/><N who="3" m="39466" /><G105/><T81/><D97/><U124/><E124/><V84/><F72/><W60/><G37/><T77/><D107/><U63/><E130/><N who="0" m="49673" /><D52/><U19/><E33/><V17/><F127/><W92/><G38/><T62/><D62/><U87/><E74/><V7/><F71/><W86/><G125/><T1/><D1/><U111/><E111/><V109/><F109/><W120/><G120/><N who="0" m="46155" /><D32/><U39/><REACH who="1" step="1"/><E8/><REACH who="1" ten="290,323,207,170" step="2"/><V58/><F10/><W117/><G117/><T90/><D90/><U75/><E75/><V122/><F35/><W36/><G91/><T126/><D126/><U50/><E50/><V115/><F122/><W118/><G36/><T76/><D76/><U89/><E89/><V98/><F115/><W23/><G118/><T132/><D132/><U22/><E22/><V4/><F98/><W40/><G23/><T110/><D110/><U45/><E45/><V59/><F47/><W54/><G21/><T134/><D134/><U88/><E88/><V79/><F79/><W5/><G86/><N who="0" m="48399" /><D81/><AGARI ba="0,1" hai="16,19,24,25,27,39,42,44,53,56,63,78,81,87" machi="81" ten="40,5200,0" yaku="1,1,54,1,53,1" doraHai="61" doraHaiUra="55" who="1" fromWho="0" sc="290,-52,323,62,207,0,170,0" />
</Scene>
<Scene>
<INIT seed="5,0,0,5,1,115" ten="238,385,207,170" oya="1" hai0="134,14,110,89,102,130,66,61,131,11,51,15,135" hai1="26,77,132,42,5,74,13,30,88,71,108,103,112" hai2="22,81,79,84,37,10,86,60,87,106,113,18,41" hai3="35,50,124,128,72,8,129,56,116,20,31,96,127"/><U17/><E71/><V104/><F113/><W25/><G72/><T122/><D102/><U93/><E103/><V52/><F10/><W117/><G96/><T99/><D110/><U118/><E42/><V16/><F41/><W97/><G97/><T63/><D51/><U9/><E132/><N who="0" m="50729" /><D61/><U1/><E108/><V33/><F33/><W120/><G120/><T90/><D99/><U27/><E112/><V23/><F37/><W49/><G8/><T70/><D15/><U85/><E30/><V75/><F23/><W100/><G100/><T38/><D38/><U0/><E0/><V40/><F40/><W53/><G35/><T101/><D101/><U111/><E111/><V48/><F60/><W76/><G76/><T44/><D44/><U107/><E107/><V109/><F109/><W36/><G36/><T121/><D89/><U34/><E34/><V69/><F69/><W123/><G123/><N who="0" m="47115" /><D90/><U47/><E47/><V73/><F73/><W125/><G50/><T32/><D32/><U24/><E74/><V78/><F78/><W114/><G114/><T133/><N who="0" m="50737" /><T83/><DORA hai="21" /><D83/><U92/><E77/><V55/><F48/><W91/><G91/><T94/><D94/><U105/><E105/><V12/><F106/><W29/><G29/><T54/><D54/><N who="2" m="20522" /><F104/><W3/><G3/><T65/><D65/><U80/><E93/><V39/><F39/><W45/><G45/><T59/><D70/><U28/><E92/><V82/><F82/><W43/><G43/><T98/><D98/><U57/><E80/><V68/><F68/><W6/><G6/><AGARI ba="0,0" hai="6,11,14,59,63,66,130,131" m="47115,50737" machi="6" ten="50,6400,0" yaku="6,1,20,1,13,1" doraHai="115,21" who="0" fromWho="3" sc="238,64,385,0,207,0,170,-64" />
</Scene>
<Scene>
<INIT seed="6,0,0,1,4,1" ten="302,385,207,106" oya="2" hai0="89,16,70,104,124,34,47,26,21,110,132,61,82" hai1="14,57,25,65,60,113,123,63,80,105,22,43,91" hai2="129,8,13,35,130,62,107,69,75,20,53,101,108" hai3="39,28,51,86,17,116,12,2,15,125,37,56,66"/><V90/><F35/><W11/><G116/><T109/><D104/><U87/><E105/><V111/><F75/><W77/><G125/><T74/><D124/><U97/><E113/><V44/><F20/><W119/><G119/><T131/><D131/><N who="2" m="50186" /><F90/><W68/><G2/><T128/><D128/><U10/><E123/><V50/><F101/><W38/><G28/><T72/><D34/><U122/><E122/><V114/><F107/><W9/><G68/><T41/><D132/><U3/><E3/><V121/><F121/><W7/><G66/><T24/><D24/><U118/><E118/><V67/><F114/><W84/><REACH who="3" step="1"/><G77/><REACH who="3" ten="302,385,207,96" step="2"/><T81/><D89/><U78/><E91/><V99/><F99/><W27/><G27/><T88/><D26/><U58/><E97/><V115/><F115/><W103/><G103/><T133/><D110/><U6/><E25/><V135/><F135/><W93/><G93/><T102/><D109/><U71/><E71/><V117/><F117/><W59/><G59/><T31/><D70/><U54/><E78/><V4/><AGARI ba="0,1" hai="4,8,13,44,50,53,62,67,69,108,111" m="50186" machi="4" ten="30,3000,0" yaku="19,1,52,1" doraHai="1" who="2" fromWho="2" sc="302,-10,385,-10,207,40,96,-10" />
</Scene>
<Scene>
<INIT seed="6,1,0,5,5,88" ten="292,375,247,86" oya="2" hai0="99,78,108,34,70,94,112,52,91,62,111,48,28" hai1="2,104,37,44,73,107,127,85,0,74,18,20,82" hai2="22,42,117,126,6,113,92,56,1,40,72,41,55" hai3="9,123,14,61,95,83,98,50,119,10,38,116,30"/><V87/><F72/><W8/><G123/><T66/><D112/><U102/><E127/><V133/><F117/><W109/><G38/><T51/><D78/><U39/><E18/><V101/><F126/><W13/><G109/><T134/><D134/><U49/><E20/><V21/><F113/><W17/><G30/><T19/><D48/><U131/><E49/><V79/><F133/><W24/><G83/><T36/><D36/><U125/><E85/><V3/><F3/><W33/><G33/><T115/><D115/><U100/><E125/><V57/><F6/><W31/><G61/><T130/><D130/><U128/><E82/><N who="2" m="47583" /><F1/><W59/><G31/><T65/><D65/><U16/><E16/><V105/><F105/><W86/><G86/><T67/><D67/><U89/><E89/><V15/><F15/><W124/><G124/><T54/><D54/><U35/><E44/><V114/><F114/><W93/><G24/><T129/><D129/><U97/><E97/><N who="2" m="59559" /><F57/><W69/><G69/><T46/><REACH who="0" step="1"/><D19/><REACH who="0" ten="282,375,247,86" step="2"/><U25/><E128/><V118/><F118/><W135/><G135/><T53/><D53/><U106/><E131/><V27/><F27/><AGARI ba="1,1" hai="27,28,34,46,51,52,62,66,70,91,94,99,108,111" machi="27" ten="40,5200,0" yaku="1,1,52,1,54,1,53,0" doraHai="88" doraHaiUra="32" who="0" fromWho="2" sc="282,65,375,0,247,-55,86,0" />
</Scene>
<Scene>
<INIT seed="7,0,0,4,0,100" ten="347,375,192,86" oya="3" hai0="10,120,86,43,109,47,73,135,107,23,88,122,60" hai1="11,85,4,103,25,28,102,5,44,15,42,38,87" hai2="72,94,113,92,82,21,29,81,51,93,0,124,57" hai3="89,1,105,97,84,69,33,70,40,13,130,14,49"/><W52/><G1/><T112/><D109/><U37/><E37/><V115/><F0/><W79/><G33/><T2/><D73/><U53/><E4/><V17/><F29/><W133/><G40/><T30/><D112/><N who="2" m="43082" /><F72/><W45/><G133/><T46/><D107/><U114/><E114/><V134/><F124/><W16/><G130/><T129/><D129/><U83/><E53/><N who="2" m="31935" /><F134/><W12/><G79/><T8/><D135/><U118/><E118/><V121/><F121/><W66/><G66/><T108/><D108/><U34/><E87/><V96/><F96/><W18/><G70/><T63/><D2/><U117/><E117/><V22/><F22/><W41/><G69/><T48/><D120/><U74/><E74/><V125/><F125/><W104/><G41/><T71/><D71/><U131/><E131/><V58/><F58/><W50/><G50/><N who="0" m="26975" /><D122/><U98/><E98/><V54/><F54/><W65/><G65/><T6/><D6/><U20/><E20/><V110/><F110/><W95/><REACH who="3" step="1"/><G97/><REACH who="3" ten="347,375,192,76" step="2"/><T111/><D111/><U80/><E80/><V55/><F55/><W128/><G128/><T35/><D48/><U67/><E67/><V56/><F56/><W62/><G62/><T39/><D60/><U78/><AGARI ba="0,1" hai="5,11,15,25,28,34,38,42,44,78,83,85,102,103" machi="78" ten="20,1500,0" yaku="0,1,7,1" doraHai="100" who="1" fromWho="1" sc="347,-4,375,25,192,-4,76,-7" owari="343,14.0,400,50.0,188,-21.0,69,-43.0" />
</Scene>
</mjloggm>