<mjloggm ver="2.3"><GO type="225"/><UN n0="%4D%49%40%34%32%38" n1="%E3%81%BF%E3%81%BF%E3%81%9A" n2="%E5%85%88%E2%99%80%E7%94%9F" n3="%E5%A4%AA%E3%81%8F%E3%81%AA%E3%81%84%E3%81%8A" dan="16,17,17,16" rate="2108,2200,2150,2075" sx="M,M,F,M"/><TAIKYOKU oya="0"/>

<Scene>
<INIT seed="0,0,0,0,2,117" ten="250,250,250,250" oya="0" hai0="82,78,20,100,12,27,58,38,104,59,132,91,31" hai1="103,86,49,85,9,47,119,26,99,44,28,29,22" hai2="13,77,84,18,34,66,75,70,21,72,122,105,128" hai3="96,88,61,15,25,43,8,87,32,40,39,11,33"/><T95/><D38/><U54/><E119/><V50/><F34/><W3/><G3/><T120/><D132/><U124/><E124/><V10/><F105/><W135/><G135/><T68/><D68/><U116/><E116/><V37/><F37/><W55/><G96/><T45/><D45/><U52/><E28/><V118/><F118/><W106/><G106/><T24/><D12/><U101/><E9/><V56/><F128/><W0/><G0/><T112/><D112/><U14/><E14/><V80/><F122/><W94/><G11/><T102/><D120/><U130/><E130/><V83/><F83/><W127/><G127/><T113/><D113/><U53/><E101/><N who="0" m="39017" /><D27/><U123/><E123/><V126/><F126/><W30/><G33/><T131/><D104/><U92/><REACH who="1" step="1"/><E47/><REACH who="1" ten="250,240,250,250" step="2"/><V65/><F10/><W74/><G8/><T110/><D131/><U69/><E69/><V7/><F70/><W64/><G15/><T81/><D110/><U109/><E109/><V79/><F7/><W90/><G30/><T17/><D31/><U51/><E51/><V60/><F50/><W115/><G39/><T111/><D111/><U36/><E36/><V107/><F107/><W41/><G115/><T6/><D6/><U97/><E97/><V93/><F13/><W2/><G2/><T19/><D19/><U129/><E129/><V121/><F18/><W89/><G25/><T4/><D4/><U1/><E1/><V16/><F16/><W48/><G32/><T125/><D125/><U134/><E134/><V73/><F121/><W46/><G46/><T63/><D17/><RYUUKYOKU ba="0,1" sc="250,-10,240,30,250,-10,250,-10" hai1="22,26,29,44,49,52,53,54,85,86,92,99,103" />
</Scene>
<Scene>
<INIT seed="1,1,1,3,0,72" ten="240,270,240,240" oya="1" hai0="87,62,118,105,55,121,99,45,92,94,1,93,32" hai1="119,125,28,102,24,54,117,8,15,96,120,37,63" hai2="17,134,23,91,111,131,64,49,89,46,97,26,47" hai3="12,67,113,103,65,61,13,25,135,95,76,114,80"/><U104/><E120/><V83/><F111/><W101/><G135/><T10/><D118/><U116/><E37/><V106/><F134/><W22/><G114/><T48/><D32/><U36/><E36/><V38/><F131/><W6/><G113/><T123/><D62/><U127/><E54/><V34/><F34/><W44/><G44/><T53/><D53/><U84/><E84/><V112/><F112/><W41/><G41/><T100/><REACH who="0" step="1"/><D87/><REACH who="0" ten="230,270,240,240" step="2"/><U19/><REACH who="1" step="1"/><E63/><REACH who="1" ten="230,260,240,240" step="2"/><V79/><F38/><W124/><G61/><T18/><D18/><U21/><AGARI ba="1,3" hai="8,15,19,21,24,28,96,102,104,116,117,119,125,127" machi="21" ten="40,7800,0" yaku="1,1,2,1,0,1,53,0" doraHai="72" doraHaiUra="74" who="1" fromWho="1" sc="230,-27,260,111,240,-27,240,-27" />
</Scene>
<Scene>
<INIT seed="1,2,0,0,1,25" ten="203,371,213,213" oya="1" hai0="121,65,81,109,3,27,115,129,69,53,36,80,102" hai1="1,120,132,78,15,24,29,90,55,64,96,73,135" hai2="75,34,72,88,52,94,31,8,99,77,62,18,37" hai3="30,13,5,98,16,130,45,128,93,21,70,38,56"/><U110/><E120/><V122/><F122/><W84/><G70/><T123/><D115/><U7/><E1/><V87/><F37/><W134/><G134/><N who="1" m="51242" /><E64/><V47/><F99/><W104/><G5/><T54/><D36/><U68/><E68/><V124/><F124/><W66/><G104/><T133/><D102/><U10/><E110/><V28/><F34/><W107/><G107/><T83/><D3/><U26/><E55/><V108/><F108/><W12/><G84/><T14/><D14/><U103/><E90/><V43/><F75/><W74/><G74/><T86/><D109/><U79/><E26/><V33/><F33/><W101/><G12/><T20/><D133/><U106/><E73/><V95/><F72/><W111/><G111/><T92/><D129/><U100/><E103/><V51/><F77/><W125/><G125/><T105/><D65/><U114/><E114/><V59/><F95/><W126/><G126/><T41/><D105/><U6/><E6/><V67/><F67/><W117/><G117/><T97/><D69/><U44/><E44/><V49/><F62/><N who="3" m="38215" /><G45/><T40/><D121/><U118/><E118/><V127/><F127/><W91/><G101/><N who="0" m="60583" /><D123/><U2/><E2/><V116/><F116/><W57/><G57/><T61/><D61/><U76/><E79/><V22/><F8/><N who="3" m="6183" /><G38/><T60/><D60/><U11/><E11/><V17/><F22/><AGARI ba="2,0" hai="7,10,15,22,24,29,76,78,96,100,106" m="51242" machi="22" ten="30,2900,0" yaku="20,1,52,1" doraHai="25" who="1" fromWho="2" sc="203,0,371,35,213,-35,213,0" />
</Scene>
<Scene>
<INIT seed="1,3,0,3,3,93" ten="203,406,178,213" oya="1" hai0="77,103,9,52,124,85,97,119,12,14,76,74,60" hai1="57,113,96,86,98,134,61,120,71,118,130,21,75" hai2="35,25,95,10,19,7,34,8,131,91,68,82,43" hai3="0,78,110,38,112,37,55,129,40,58,116,62,45"/><U127/><E113/><V59/><F68/><W109/><G0/><T106/><D119/><U108/><E75/><V94/><F131/><W72/><G78/><T135/><D74/><U41/><E118/><V56/><F43/><W3/><G3/><T65/><D124/><U73/><E73/><V107/><F107/><W23/><G72/><T67/><D135/><U89/><E120/><V28/><F35/><W104/><G104/><T87/><D14/><U33/><E33/><V48/><F82/><W6/><G6/><T46/><D76/><U115/><E71/><V54/><F19/><W84/><G116/><T51/><D77/><U88/><E115/><V15/><F10/><W11/><G11/><T79/><D79/><U27/><E127/><V100/><F100/><W30/><G112/><T31/><D31/><N who="1" m="17903" /><E134/><V66/><REACH who="2" step="1"/><F91/><REACH who="2" ten="203,406,168,213" step="2"/><W80/><G129/><T32/><D32/><U102/><E130/><V5/><F5/><W133/><G133/><T24/><D24/><U17/><E102/><V64/><F64/><W44/><G80/><T83/><D83/><N who="1" m="49247" /><E108/><V50/><F50/><W16/><G110/><T2/><D106/><U99/><E41/><V132/><F132/><W101/><G109/><T92/><D65/><N who="1" m="39087" /><E17/><V81/><F81/><W63/><G16/><N who="0" m="8207" /><D2/><U29/><E29/><V39/><F39/><W114/><G114/><T36/><D36/><U70/><E70/><V121/><F121/><W126/><G37/><T1/><D1/><U20/><E20/><V18/><F18/><W122/><G122/><T4/><D4/><U26/><E89/><V69/><F69/><AGARI ba="3,1" hai="46,51,52,60,67,69,85,87,92,97,103" m="8207" machi="69" ten="30,7700,0" yaku="6,1,52,1,54,2" doraHai="93" who="0" fromWho="2" sc="203,96,406,0,168,-86,213,0" />
</Scene>
<Scene>
<INIT seed="2,0,0,0,4,64" ten="299,406,82,213" oya="2" hai0="37,73,120,4,125,11,51,127,75,91,38,61,57" hai1="15,116,30,13,47,34,94,82,56,45,80,132,18" hai2="14,84,63,129,3,115,100,6,76,131,68,113,121" hai3="12,90,16,87,5,44,59,1,43,102,58,7,8"/><V49/><F3/><W0/><G102/><T22/><D120/><U36/><E116/><V53/><F121/><W135/><G135/><T134/><D134/><U86/><E132/><V108/><F100/><W29/><G29/><T39/><D51/><U118/><E34/><V52/><F108/><W119/><G119/><T101/><D101/><U19/><E30/><V24/><F24/><W42/><G1/><N who="0" m="399" /><D22/><U17/><E118/><V60/><F6/><N who="3" m="2059" /><G0/><T88/><D88/><N who="1" m="53527" /><E36/><V92/><F14/><N who="1" m="5129" /><E56/><N who="3" m="21546" /><G44/><AGARI ba="0,0" hai="17,18,19,44,45,47,80,82" m="5129,53527" machi="44" ten="30,2000,0" yaku="8,1,54,1" doraHai="64" who="1" fromWho="3" sc="299,0,406,20,82,0,213,-20" />
</Scene>
<Scene>
<INIT seed="3,0,0,1,1,42" ten="299,426,82,193" oya="3" hai0="119,110,48,27,132,112,111,7,73,22,84,40,120" hai1="131,32,93,59,4,49,113,74,64,53,85,2,69" hai2="31,104,81,83,45,15,39,118,95,134,121,36,51" hai3="43,23,90,101,105,126,128,117,82,103,80,44,29"/><W102/><G117/><T77/><D73/><U114/><E74/><V30/><F118/><W86/><G126/><T28/><D119/><U20/><E32/><V55/><F104/><W135/><G135/><T87/><D120/><U9/><E131/><V66/><F134/><W72/><G128/><T129/><D129/><U34/><E34/><V68/><F121/><W75/><G105/><T79/><D132/><U94/><E94/><V97/><F39/><W124/><G124/><T88/><D7/><U106/><E106/><V33/><F36/><W122/><G122/><T98/><D98/><U109/><E109/><N who="0" m="41481" /><D112/><U37/><E37/><V65/><F33/><W57/><G57/><T10/><D10/><U63/><E20/><V130/><F130/><W11/><G11/><T47/><D87/><U35/><E35/><V8/><F68/><W60/><G60/><T78/><D78/><U14/><E2/><V125/><F125/><W21/><G80/><AGARI ba="0,0" hai="22,27,28,40,47,48,77,79,80,84,88" m="41481" machi="80" ten="30,3900,0" yaku="14,1,52,1,54,1" doraHai="42" who="0" fromWho="3" sc="299,39,426,0,82,0,193,-39" owari="338,14.0,426,53.0,82,-42.0,154,-25.0" />
</Scene>
</mjloggm>