<mjloggm ver="2.3"><GO type="169"/><UN n0="%EF%BC%8A%E7%B4%85%E7%83%8F%EF%BC%8A" n1="%E5%8F%AF%E7%87%83%E6%80%A7%E9%AB%98%E5%9C%A7%E3%82%AC%E3%82%B9" n2="%E5%A4%AA%E3%81%8F%E3%81%AA%E3%81%84%E3%81%8A" n3="%E3%82%B9%E3%82%BF%E3%83%BC%E3%83%93%E3%83%83%E3%83%81" dan="16,17,17,16" rate="2140,2248,2144,2136" sx="F,M,M,M"/><TAIKYOKU oya="0"/>

<Scene>
<INIT seed="0,0,0,0,4,74" ten="250,250,250,250" oya="0" hai0="51,35,85,21,50,116,64,108,68,43,31,11,122" hai1="71,14,47,0,38,72,132,60,134,1,9,30,69" hai2="78,42,105,13,99,16,109,65,75,22,63,123,107" hai3="2,111,86,48,5,84,18,131,97,77,118,40,101"/><T19/><D116/><U12/><E30/><V6/><F123/><W8/><G118/><T15/><D122/><U106/><E106/><V23/><F109/><W82/><G111/><T54/><D68/><U46/><E72/><V128/><F128/><W4/><G131/><T133/><D108/><U115/><E115/><V112/><F112/><W61/><G5/><T87/><D64/><U96/><E96/><V113/><F113/><W56/><G18/><T83/><D133/><N who="1" m="51307" /><E60/><V80/><F42/><W37/><G48/><T24/><D43/><N who="1" m="22903" /><E47/><V95/><F23/><W45/><G97/><T66/><D66/><U124/><E124/><V57/><REACH who="2" step="1"/><F6/><REACH who="2" ten="250,250,240,250" step="2"/><W27/><G27/><T29/><D35/><U100/><E71/><V55/><F55/><W25/><G25/><T98/><D54/><U20/><E69/><V93/><F93/><W67/><REACH who="3" step="1"/><G101/><AGARI ba="0,1" hai="13,16,22,57,63,65,75,78,80,95,99,101,105,107" machi="101" ten="30,7700,0" yaku="1,1,7,1,52,1,54,1,53,0" doraHai="74" doraHaiUra="44" who="2" fromWho="3" sc="250,0,250,0,240,87,250,-77" />
</Scene>
<Scene>
<INIT seed="1,0,0,1,4,105" ten="250,250,327,173" oya="1" hai0="82,52,101,27,9,24,5,41,88,61,33,69,29" hai1="56,131,16,39,125,126,42,67,79,75,13,58,99" hai2="50,49,11,19,55,116,91,71,1,114,4,113,12" hai3="65,21,124,25,31,117,15,70,111,76,109,23,43"/><U108/><E131/><V90/><F116/><W20/><G124/><N who="1" m="47722" /><E99/><V48/><F71/><W80/><G117/><T36/><D101/><U59/><E108/><V129/><F129/><W83/><G43/><T68/><D27/><U86/><E86/><V72/><F55/><W37/><G37/><T120/><D120/><U51/><E39/><V118/><F118/><W0/><G0/><T26/><D26/><U6/><E6/><V112/><REACH who="2" step="1"/><F72/><REACH who="2" ten="250,250,317,173" step="2"/><W64/><G70/><T7/><D69/><U122/><E122/><V34/><F34/><W97/><G111/><T35/><D35/><U107/><E107/><V121/><F121/><W8/><G109/><T78/><D68/><U66/><E42/><V3/><F3/><W28/><G64/><T38/><D41/><U115/><E115/><V135/><F135/><W22/><G65/><T104/><D33/><U62/><E66/><V89/><F89/><W84/><G28/><T40/><D29/><U96/><E96/><V47/><F47/><W85/><G97/><T73/><D73/><U92/><E92/><V87/><F87/><W74/><REACH who="3" step="1"/><G83/><REACH who="3" ten="250,250,317,163" step="2"/><T110/><D82/><N who="1" m="45439" /><E51/><V94/><F94/><W77/><G77/><T132/><D38/><U2/><E2/><V123/><F123/><W10/><G10/><AGARI ba="0,2" hai="10,13,16,56,58,59,62,67" m="45439,47722" machi="10" ten="30,5800,0" yaku="18,1,52,1,54,1" doraHai="105" who="1" fromWho="3" sc="250,0,250,78,317,0,163,-58" /><AGARI ba="0,0" hai="1,4,10,11,12,19,48,49,50,90,91,112,113,114" machi="10" ten="50,3200,0" yaku="1,1,11,1,53,0" doraHai="105" doraHaiUra="17" who="2" fromWho="3" sc="250,0,328,0,317,32,105,-32" />
</Scene>
<Scene>
<INIT seed="1,1,0,2,0,38" ten="250,328,349,73" oya="1" hai0="102,87,95,70,56,126,134,106,73,79,75,15,68" hai1="1,99,118,46,25,16,67,84,127,31,64,109,28" hai2="120,65,53,116,11,57,97,42,94,10,13,52,104" hai3="121,111,105,82,49,62,48,80,100,128,19,45,89"/><U27/><E118/><V32/><F116/><W129/><G121/><T133/><D15/><U101/><E1/><V41/><F120/><W123/><G123/><T35/><D35/><U24/><E127/><V88/><F32/><W78/><G62/><T108/><D56/><U125/><E125/><V12/><F104/><W22/><G111/><T39/><D126/><U130/><E130/><V93/><F65/><W3/><G3/><T40/><D108/><U77/><E109/><V0/><F0/><W110/><G110/><T5/><D5/><U132/><E132/><N who="0" m="50793" /><D106/><U91/><E77/><V18/><F93/><W20/><G100/><T36/><D36/><U58/><E46/><V135/><F135/><W71/><G105/><T54/><D54/><N who="2" m="21098" /><F57/><W83/><G71/><T112/><D112/><U59/><E59/><V6/><AGARI ba="1,0" hai="6,10,11,12,13,18,41,42,88,94,97" m="21098" machi="6" ten="30,8000,1" yaku="8,1,52,2,54,2" doraHai="38" who="2" fromWho="2" sc="250,-21,328,-41,349,83,73,-21" />
</Scene>
<Scene>
<INIT seed="2,0,0,4,4,14" ten="229,287,432,52" oya="2" hai0="20,26,96,41,102,52,47,110,74,11,129,13,132" hai1="68,134,17,45,78,101,64,9,49,122,59,63,65" hai2="31,46,37,28,119,25,120,77,76,3,40,91,84" hai3="130,33,123,126,36,87,15,5,30,93,39,67,107"/><V51/><F120/><W24/><G107/><T86/><D74/><U95/><E122/><V22/><F119/><W133/><G123/><T4/><D110/><U105/><E105/><V57/><F3/><W118/><G118/><T83/><D129/><U108/><E108/><V97/><F97/><W85/><G133/><T131/><D131/><U38/><E134/><V80/><F37/><W103/><G130/><T10/><D132/><U60/><E78/><N who="2" m="30315" /><F57/><W53/><G126/><T56/><D11/><U71/><E101/><V72/><F72/><W81/><G67/><T70/><D70/><U73/><E73/><V2/><F2/><W1/><G53/><T12/><D12/><U44/><E95/><V113/><F113/><W55/><G55/><T112/><D112/><U128/><E128/><V125/><F125/><W109/><G109/><T75/><D75/><U88/><E88/><V54/><F40/><W32/><G1/><T121/><D121/><U62/><E9/><V92/><F92/><W50/><G33/><T69/><D69/><N who="1" m="42119" /><E17/><AGARI ba="0,0" hai="17,22,25,28,31,46,51,54,80,84,91" m="30315" machi="17" ten="30,2900,0" yaku="8,1,52,1" doraHai="14" who="2" fromWho="1" sc="229,0,287,-29,432,29,52,0" />
</Scene>
<Scene>
<INIT seed="2,1,0,5,3,102" ten="229,258,461,52" oya="2" hai0="40,85,26,126,106,134,135,81,56,77,14,91,39" hai1="70,127,34,129,64,52,82,123,54,37,107,20,8" hai2="108,117,115,66,88,114,53,76,100,28,15,90,12" hai3="6,130,84,27,21,5,75,3,79,87,24,23,128"/><V80/><F117/><W62/><G62/><T50/><D126/><U63/><E34/><V51/><F66/><W72/><REACH who="3" step="1"/><G79/><REACH who="3" ten="229,258,461,42" step="2"/><N who="0" m="46271" /><D134/><U71/><E127/><V116/><F76/><W96/><G96/><T22/><D77/><U7/><E123/><V69/><F115/><W132/><G132/><T48/><D135/><U113/><E113/><V0/><F114/><W16/><G16/><T93/><D39/><U104/><E37/><V18/><F18/><W124/><G124/><T105/><D91/><U101/><E101/><V73/><F88/><W121/><G121/><T133/><D133/><U68/><E129/><V32/><F100/><W43/><G43/><T38/><D38/><U11/><E82/><V120/><F80/><W78/><G78/><T83/><D83/><U2/><E68/><V131/><F69/><W89/><G89/><T86/><D50/><U59/><E71/><V112/><F120/><W99/><G99/><T46/><D48/><U9/><E70/><V29/><F112/><W47/><G47/><T110/><D40/><U45/><E45/><V42/><F42/><W61/><G61/><T1/><D46/><U35/><E63/><V119/><F131/><W13/><G13/><T94/><D14/><U98/><E98/><V65/><F12/><W19/><G19/><T4/><D1/><AGARI ba="1,1" hai="1,3,5,6,21,23,24,27,72,75,84,87,128,130" machi="1" ten="25,3200,0" yaku="1,1,22,2,53,0" doraHai="102" doraHaiUra="111" who="3" fromWho="0" sc="229,-35,258,0,461,0,42,45" />
</Scene>
<Scene>
<INIT seed="3,0,0,0,1,135" ten="194,258,461,87" oya="3" hai0="93,55,9,101,112,96,30,47,6,68,40,82,43" hai1="4,134,33,85,91,110,109,62,121,23,24,61,102" hai2="18,31,66,75,125,1,89,8,12,103,105,122,95" hai3="11,35,97,81,98,13,21,133,73,115,111,100,106"/><W74/><G115/><T14/><D68/><U60/><E121/><V92/><F75/><W3/><G35/><T117/><D117/><U5/><E33/><V2/><F122/><W76/><G133/><T38/><D112/><U15/><E102/><V36/><F36/><W114/><G114/><T124/><D30/><U84/><E134/><V27/><F66/><W83/><G3/><T67/><D67/><U7/><E15/><V22/><F125/><W87/><G21/><T116/><D116/><U104/><E104/><V65/><F65/><W26/><G26/><T50/><D124/><U94/><REACH who="1" step="1"/><E84/><REACH who="1" ten="194,248,461,87" step="2"/><V42/><F105/><N who="3" m="63631" /><G13/><T126/><D126/><U108/><E108/><V69/><F103/><N who="3" m="62839" /><G11/><T32/><D32/><U49/><E49/><V132/><F132/><W37/><G37/><T45/><D38/><U46/><E46/><V131/><F12/><W78/><G111/><T123/><D123/><U63/><N who="1" m="15360" /><DORA hai="29" /><U53/><E53/><V99/><F8/><W58/><G58/><T86/><REACH who="0" step="1"/><D47/><REACH who="0" ten="184,248,461,87" step="2"/><U130/><E130/><V16/><F131/><W0/><G0/><T127/><D127/><U52/><E52/><V90/><F1/><W70/><G70/><T80/><D80/><U64/><E64/><V41/><F2/><W88/><G78/><AGARI ba="0,2" hai="6,9,14,40,43,45,50,55,78,82,86,93,96,101" machi="78" ten="30,3900,0" yaku="1,1,7,1,8,1,53,0" doraHai="135,29" doraHaiUra="17,59" who="0" fromWho="3" sc="184,59,248,0,461,0,87,-39" />
</Scene>
<Scene>
<INIT seed="4,0,0,0,4,124" ten="243,248,461,48" oya="0" hai0="126,80,98,114,121,20,14,94,27,112,78,12,128" hai1="61,66,108,23,2,8,11,16,30,64,93,7,134" hai2="48,43,26,38,73,75,120,62,79,84,60,91,58" hai3="37,92,135,77,118,51,103,116,53,3,5,15,49"/><T95/><D121/><U9/><E108/><V105/><F120/><W32/><G37/><T13/><D126/><U69/><E134/><V21/><F105/><W44/><G32/><T83/><D98/><U132/><E132/><V19/><F38/><W42/><G135/><T0/><D0/><U81/><E81/><N who="0" m="31305" /><D78/><U101/><E66/><V31/><F79/><W41/><G77/><T55/><D55/><U24/><E101/><V50/><F75/><W65/><G3/><T72/><D72/><U122/><E93/><N who="0" m="35337" /><D27/><U28/><E122/><V99/><F99/><W88/><G65/><T131/><D20/><U33/><E28/><V63/><F73/><W87/><G103/><T127/><D127/><U59/><E69/><V123/><F123/><W36/><G36/><T117/><D117/><U85/><E85/><V104/><F104/><W40/><REACH who="3" step="1"/><G49/><REACH who="3" ten="243,248,461,38" step="2"/><T111/><D111/><U35/><E35/><V90/><F48/><W74/><G74/><T17/><D17/><U89/><E89/><V100/><F100/><W71/><G71/><T70/><D70/><U57/><E57/><V29/><F58/><W56/><G56/><T52/><D52/><U113/><E59/><V68/><F68/><W39/><G39/><T18/><D18/><U4/><E64/><V25/><F19/><W102/><G102/><T67/><D67/><U109/><E109/><V97/><F91/><W119/><G119/><T125/><D125/><U129/><E16/><V106/><F90/><W86/><G86/><T34/><D34/><U115/><E33/><N who="2" m="20655" /><F84/><W96/><G96/><T107/><D107/><RYUUKYOKU ba="0,1" sc="243,15,248,-15,461,-15,38,15" hai0="12,13,14,112,114,128,131" hai3="5,15,40,41,42,44,51,53,87,88,92,116,118" />
</Scene>
<Scene>
<INIT seed="4,1,1,1,4,52" ten="258,233,446,53" oya="0" hai0="113,65,2,129,68,117,134,20,36,94,72,92,101" hai1="27,9,122,45,119,105,130,127,8,115,63,18,43" hai2="51,75,14,21,24,55,3,76,71,84,93,82,120" hai3="80,53,17,49,56,58,41,132,74,100,90,87,23"/><T59/><D117/><U15/><E119/><V85/><F120/><W48/><G132/><T107/><D72/><U35/><E122/><V111/><F3/><W40/><G74/><T106/><D36/><U50/><E105/><V16/><F111/><W70/><G70/><T10/><D134/><U125/><E130/><V69/><F75/><W47/><G100/><T61/><D129/><U91/><E115/><V4/><F4/><W89/><G89/><T79/><D79/><U104/><E104/><V103/><F24/><W126/><G126/><N who="1" m="48138" /><E63/><V124/><F124/><W37/><G37/><T42/><D113/><U109/><E91/><N who="2" m="53487" /><F103/><W64/><G64/><T102/><D42/><U81/><E81/><V44/><F71/><W95/><G80/><T131/><D131/><U30/><E109/><V96/><F69/><W57/><REACH who="3" step="1"/><G41/><REACH who="3" ten="258,233,446,43" step="2"/><T116/><D68/><U11/><AGARI ba="1,2" hai="8,9,11,15,18,27,30,35,43,45,50" m="48138" machi="11" ten="30,1100,0" yaku="18,1" doraHai="52" who="1" fromWho="1" sc="258,-6,233,34,446,-4,43,-4" />
</Scene>
<Scene>
<INIT seed="5,0,0,4,4,42" ten="252,267,442,39" oya="1" hai0="105,104,50,90,70,131,112,45,21,107,55,97,59" hai1="85,87,108,132,40,81,47,48,17,25,119,125,5" hai2="11,26,110,95,134,68,102,28,6,74,30,71,60" hai3="106,37,49,57,101,83,109,118,23,115,82,123,32"/><U89/><E119/><V114/><F110/><W63/><G37/><T3/><D3/><U130/><E108/><V78/><F74/><W12/><G32/><T22/><D70/><U93/><E130/><V56/><F78/><W53/><G109/><T67/><D131/><U18/><E132/><V52/><F134/><W127/><G115/><T36/><D112/><U135/><E135/><V20/><F114/><W27/><G127/><T66/><D36/><U39/><E125/><V62/><F30/><W111/><G111/><T99/><D99/><U13/><E39/><V33/><F33/><W54/><G123/><T133/><D133/><U113/><E25/><V100/><F95/><W31/><G118/><T24/><D21/><U34/><E34/><V35/><F35/><W10/><G101/><T4/><D4/><U14/><E113/><V79/><F79/><W84/><G106/><T8/><D8/><N who="1" m="4239" /><E14/><N who="2" m="5495" /><F71/><W91/><G83/><T88/><D97/><U73/><E73/><V41/><F68/><W80/><G82/><T65/><REACH who="0" step="1"/><D59/><REACH who="0" ten="242,267,442,39" step="2"/><U129/><E129/><V116/><F56/><W126/><G126/><T72/><D72/><U92/><E92/><V77/><F20/><W0/><G0/><T61/><D61/><U64/><E64/><V86/><F60/><W38/><G38/><T16/><AGARI ba="0,1" hai="16,22,24,45,50,55,65,66,67,88,90,104,105,107" machi="16" ten="40,8000,1" yaku="1,1,0,1,52,1,54,2,53,0" doraHai="42" doraHaiUra="1" who="0" fromWho="0" sc="242,90,267,-40,442,-20,39,-20" />
</Scene>
<Scene>
<INIT seed="6,0,0,1,2,68" ten="332,227,422,19" oya="2" hai0="101,112,44,86,119,118,1,34,25,43,120,88,33" hai1="121,42,31,36,11,87,49,63,114,53,0,75,81" hai2="107,116,8,54,99,37,74,5,65,61,100,15,110" hai3="14,47,19,52,104,96,46,72,10,130,127,115,35"/><V26/><F116/><W76/><G35/><T73/><D73/><U135/><E31/><V103/><F74/><W20/><G130/><T55/><D120/><U18/><E114/><V57/><F110/><W133/><G133/><T79/><D1/><U78/><E135/><V21/><F100/><W131/><G131/><T24/><D101/><U132/><E132/><V98/><F98/><W48/><G127/><T106/><D106/><U13/><E121/><V97/><F97/><W93/><G104/><T122/><D122/><U108/><E108/><V91/><F91/><W66/><G66/><T32/><D55/><U23/><E63/><V134/><F134/><W80/><G115/><T129/><D79/><U94/><E0/><V92/><F37/><W60/><G60/><T59/><D59/><U89/><E42/><V51/><F107/><W95/><G47/><T85/><D129/><U22/><E36/><V67/><REACH who="2" step="1"/><F61/><REACH who="2" ten="332,227,412,19" step="2"/><W16/><REACH who="3" step="1"/><G96/><REACH who="3" ten="332,227,412,9" step="2"/><T62/><D62/><U58/><AGARI ba="0,2" hai="11,13,18,22,23,49,53,58,75,78,81,87,89,94" machi="58" ten="20,1500,0" yaku="0,1,7,1" doraHai="68" who="1" fromWho="1" sc="332,-4,227,35,412,-7,9,-4" />
</Scene>
<Scene>
<INIT seed="7,0,0,4,2,105" ten="328,262,405,5" oya="3" hai0="40,6,56,98,38,60,43,119,48,36,42,13,101" hai1="20,70,57,75,35,16,82,55,69,135,32,62,88" hai2="108,8,2,46,102,15,61,0,18,89,73,107,80" hai3="68,85,122,25,97,5,14,21,27,28,117,103,84"/><W125/><G68/><T63/><D119/><U1/><E1/><V11/><F108/><W116/><G122/><T23/><D6/><U39/><E39/><N who="0" m="14889" /><D13/><U10/><E10/><V59/><F46/><W41/><G125/><T53/><D98/><U79/><E135/><V45/><F45/><W54/><G41/><N who="0" m="15979" /><D23/><U51/><E88/><V83/><F83/><W126/><G126/><T86/><D86/><N who="3" m="33385" /><G117/><T74/><D101/><U120/><E120/><V91/><F107/><W129/><G116/><T65/><D74/><U30/><E30/><V92/><F73/><W76/><G129/><T114/><D114/><U133/><E133/><V106/><F106/><W104/><G54/><T7/><D7/><U19/><E19/><V109/><F109/><W134/><G134/><T29/><D29/><U58/><E35/><V131/><F131/><W22/><G76/><T17/><D17/><U81/><E81/><V31/><F31/><N who="3" m="17839" /><G5/><T112/><D112/><U71/><E32/><V12/><F80/><W50/><G14/><T100/><D100/><U52/><E71/><V111/><F111/><W124/><G124/><T132/><D132/><U67/><E55/><N who="2" m="34047" /><F2/><W121/><G121/><T99/><D99/><U34/><E34/><V123/><F123/><W87/><N who="3" m="33393" /><W24/><DORA hai="110" /><G24/><AGARI ba="0,0" hai="16,20,24,51,52,57,58,62,67,69,70,75,79,82" machi="24" ten="30,7700,0" yaku="7,1,52,1,54,2" doraHai="105,110" who="1" fromWho="3" sc="328,0,262,77,405,0,5,-77" owari="328,-7.0,339,14.0,405,50.0,-72,-57.0" />
</Scene>
</mjloggm>