<mjloggm ver="2.3"><GO type="97"/><UN n0="%E3%81%84%E3%81%9E%E3%81%99%E3%82%8D" n1="%E9%A3%9B%E6%9C%AB%E6%AD%A6%E5%BF%97" n2="%E5%A4%AA%E3%81%8F%E3%81%AA%E3%81%84%E3%81%8A" n3="%E7%A5%9E%E6%A7%98%E3%81%BA%E3%83%AC" dan="14,16,13,13" rate="1917,2099,1977,1890" sx="M,M,M,M"/><TAIKYOKU oya="0"/>

<Scene>
<INIT seed="0,0,0,0,1,119" ten="250,250,250,250" oya="0" hai0="134,43,95,130,45,97,15,31,104,16,57,26,105" hai1="132,36,14,77,114,1,89,46,7,34,0,50,124" hai2="29,69,23,86,58,122,54,133,102,55,101,75,47" hai3="107,94,51,78,98,74,13,59,9,106,63,6,88"/><T11/><D134/><U79/><E114/><V72/><F69/><W5/><G5/><T42/><D42/><U99/><E34/><V40/><F133/><W115/><G115/><T67/><D130/><U49/><E132/><V109/><F109/><W73/><G51/><T10/><D10/><U56/><E124/><V128/><F128/><W84/><G84/><T38/><D57/><U81/><E36/><V126/><F126/><W18/><G6/><T85/><D85/><U65/><E0/><V92/><F29/><W8/><G8/><T20/><REACH who="0" step="1"/><D67/><REACH who="0" ten="240,250,250,250" step="2"/><U39/><E39/><V96/><F58/><W28/><G78/><T121/><D121/><U17/><E1/><V117/><F122/><W52/><REACH who="3" step="1"/><G28/><REACH who="3" ten="240,250,250,240" step="2"/><T30/><D30/><U21/><E77/><V108/><F86/><W53/><G53/><T83/><D83/><U111/><E65/><V66/><F66/><W110/><G110/><T68/><D68/><U100/><E111/><V48/><F108/><W131/><G131/><T60/><D60/><U35/><E79/><V112/><F112/><W123/><G123/><T118/><D118/><U37/><E37/><V91/><F117/><W113/><G113/><T70/><D70/><U4/><E50/><V22/><F55/><W27/><G27/><T24/><D24/><U127/><E49/><V3/><F54/><W64/><G64/><T135/><D135/><U25/><E25/><V82/><F82/><W116/><G116/><T76/><D76/><U90/><E35/><V62/><F62/><W41/><G41/><T19/><D19/><U93/><E127/><RYUUKYOKU ba="0,2" sc="240,15,250,-15,250,-15,240,15" hai0="11,15,16,20,26,31,38,43,45,95,97,104,105" hai3="9,13,18,52,59,63,73,74,88,94,98,106,107" />
</Scene>
<Scene>
<INIT seed="0,1,2,1,3,65" ten="255,235,235,255" oya="0" hai0="116,17,134,103,85,80,10,97,4,130,120,104,114" hai1="56,28,58,108,66,49,111,53,1,109,64,122,71" hai2="81,73,110,90,93,126,62,7,32,52,102,133,86" hai3="41,31,112,123,57,72,36,128,125,95,29,27,107"/><T23/><D120/><U92/><E92/><V19/><F32/><W91/><G107/><T2/><D116/><U46/><E28/><V69/><F110/><W88/><G112/><T16/><D114/><U70/><E1/><V47/><F126/><W21/><G72/><T129/><D134/><U117/><E117/><V54/><F133/><W12/><G125/><T25/><REACH who="0" step="1"/><D17/><REACH who="0" ten="245,235,235,255" step="2"/><U121/><E121/><V0/><F19/><W59/><G123/><T13/><D13/><U11/><E122/><V6/><F0/><W131/><G12/><T45/><D45/><U98/><E11/><V33/><F47/><W68/><G128/><T22/><D22/><U84/><E84/><V79/><F86/><W8/><G131/><T61/><D61/><U67/><E98/><V96/><F62/><W113/><G113/><T87/><D87/><U50/><E50/><V77/><F96/><W94/><G36/><T18/><D18/><U100/><E100/><V39/><F102/><W24/><G8/><T78/><AGARI ba="1,3" hai="2,4,10,16,23,25,78,80,85,97,103,104,129,130" machi="78" ten="30,11700,0" yaku="1,1,0,1,54,1,53,1" doraHai="65" doraHaiUra="83" who="0" fromWho="0" sc="245,150,235,-40,235,-40,255,-40" />
</Scene>
<Scene>
<INIT seed="0,2,0,3,1,108" ten="395,195,195,215" oya="0" hai0="105,33,98,71,131,117,92,70,41,121,46,129,54" hai1="36,34,25,120,115,85,95,56,22,116,49,90,57" hai2="80,42,58,124,65,3,84,135,55,107,11,23,114" hai3="44,6,126,60,53,82,122,88,51,21,86,77,7"/><T119/><D105/><U127/><E120/><V32/><F32/><W67/><G122/><T66/><D121/><U38/><E34/><V99/><F42/><W47/><G126/><T19/><D33/><U2/><E127/><V29/><F124/><W16/><G47/><T100/><D54/><U81/><E2/><V132/><F65/><W9/><G9/><T133/><D133/><U63/><E116/><V74/><F74/><W112/><G77/><T43/><D43/><U69/><E69/><V76/><F29/><W68/><REACH who="3" step="1"/><G112/><REACH who="3" ten="395,195,195,205" step="2"/><T31/><D119/><U17/><E115/><V24/><F114/><W4/><G4/><T104/><D117/><U73/><E38/><V12/><F11/><W30/><G30/><T64/><D31/><U123/><E36/><V10/><F10/><W134/><G134/><T35/><D19/><U37/><E37/><V18/><F135/><W28/><G28/><T97/><D71/><U109/><E123/><V40/><F132/><W26/><AGARI ba="2,1" hai="6,7,16,21,26,44,51,53,60,67,68,82,86,88" machi="26" ten="20,8000,1" yaku="1,1,0,1,7,1,54,2,53,0" doraHai="108" doraHaiUra="128" who="3" fromWho="3" sc="395,-42,195,-22,195,-22,205,96" />
</Scene>
<Scene>
<INIT seed="1,0,0,3,0,43" ten="353,173,173,301" oya="1" hai0="64,87,28,82,130,40,131,81,135,20,22,63,85" hai1="96,57,116,9,36,21,79,88,15,7,14,69,42" hai2="70,44,115,24,41,95,118,111,112,123,19,10,31" hai3="53,117,120,129,8,2,39,18,103,13,83,4,59"/><U52/><E116/><V110/><F118/><W72/><G117/><T121/><D121/><U16/><E69/><V51/><F123/><W102/><G120/><T113/><D113/><N who="2" m="43594" /><F70/><W101/><G129/><N who="0" m="49163" /><D135/><U99/><E79/><V125/><F125/><W122/><G122/><T49/><D28/><U0/><E0/><V133/><F133/><W56/><G39/><T25/><D25/><U106/><E106/><V104/><F104/><W38/><G38/><T1/><D1/><U50/><E36/><V90/><F19/><W107/><G107/><T26/><D26/><U35/><E35/><N who="2" m="20967" /><F10/><W3/><G3/><T27/><D27/><U34/><E34/><V62/><F62/><W61/><G56/><N who="0" m="36967" /><D49/><U30/><E30/><V94/><F94/><W17/><G2/><T47/><D40/><U66/><E42/><V45/><F45/><W5/><G18/><T86/><D47/><U132/><E132/><V23/><F23/><AGARI ba="0,0" hai="20,22,23,81,82,85,86,87" m="36967,49163" machi="23" ten="30,1000,0" yaku="19,1" doraHai="43" who="0" fromWho="2" sc="353,10,173,0,173,-10,301,0" />
</Scene>
<Scene>
<INIT seed="2,0,0,2,2,21" ten="363,173,163,301" oya="2" hai0="130,104,40,11,105,65,116,9,78,97,128,125,88" hai1="89,23,85,108,0,62,84,2,34,63,25,135,118" hai2="24,51,67,64,109,54,37,76,19,75,117,106,121" hai3="46,99,70,66,26,111,81,13,68,33,15,56,3"/><V60/><F121/><W132/><G3/><T101/><D125/><U93/><E135/><V86/><F117/><W18/><G132/><T30/><D40/><U96/><E108/><V29/><F37/><W8/><G111/><T7/><D78/><U83/><E34/><V39/><F39/><W48/><G99/><T42/><D42/><U45/><E118/><V20/><F106/><W27/><G33/><T5/><D105/><U43/><E84/><V91/><F109/><W53/><G81/><T28/><D65/><N who="2" m="25162" /><F75/><W102/><G102/><T58/><D58/><U94/><E2/><V50/><F76/><W110/><G110/><T134/><D134/><U119/><E0/><V126/><F126/><W115/><G115/><T35/><D116/><U98/><E119/><V123/><F123/><W1/><G1/><T120/><D120/><U17/><E94/><N who="2" m="54647" /><F29/><W77/><G77/><T32/><D104/><U124/><E124/><V22/><F22/><N who="3" m="11615" /><G68/><T14/><D101/><U69/><E69/><V72/><F72/><W87/><G87/><T16/><D97/><U49/><E98/><V95/><F95/><W36/><G36/><T82/><D82/><U52/><E43/><V74/><F74/><W44/><G70/><T41/><D41/><U31/><E31/><V92/><F92/><W127/><G127/><T107/><D107/><U113/><E113/><V55/><F60/><N who="3" m="38151" /><G46/><T71/><D71/><U129/><E129/><V133/><F133/><W80/><G80/><T38/><D130/><U6/><E6/><AGARI ba="0,0" hai="6,8,13,26,27,44,48,53" m="38151,11615" machi="6" ten="30,3900,0" yaku="8,1,52,2" doraHai="21" who="3" fromWho="1" sc="363,0,173,-39,163,0,301,39" />
</Scene>
<Scene>
<INIT seed="3,0,0,2,2,120" ten="363,134,163,340" oya="3" hai0="131,101,63,19,13,56,123,7,10,124,27,126,134" hai1="45,54,97,76,115,58,92,110,79,105,23,78,34" hai2="40,51,36,22,74,24,41,2,113,89,84,66,71" hai3="15,5,86,117,9,95,106,14,68,121,87,44,12"/><W73/><G106/><T70/><D123/><U130/><E115/><V1/><F113/><W52/><G73/><T75/><D75/><U21/><E110/><V98/><F74/><W60/><G121/><T104/><D70/><U32/><E130/><V3/><F36/><W127/><G117/><T108/><D131/><U42/><E105/><V55/><F98/><W114/><G114/><T65/><D134/><U16/><E23/><V48/><F66/><W81/><G127/><N who="0" m="48683" /><D108/><U72/><E72/><V128/><F71/><W25/><G25/><T62/><D101/><U37/><E34/><V64/><F64/><W61/><G68/><N who="0" m="42039" /><D104/><U82/><E32/><V0/><F0/><W11/><G15/><T111/><D111/><U94/><E97/><V49/><F55/><W91/><G44/><T59/><D63/><U30/><E30/><V47/><F128/><W46/><G46/><T99/><D99/><U39/><E39/><V116/><F116/><W69/><G52/><T107/><D107/><U100/><E82/><V125/><F125/><W53/><G53/><T26/><D26/><U119/><E100/><V96/><F96/><W83/><G69/><T43/><D43/><U90/><E119/><V18/><F47/><W33/><G33/><T35/><D35/><U118/><E118/><V57/><F57/><W8/><G5/><T20/><AGARI ba="0,0" hai="7,10,13,19,20,27,56,59" m="42039,48683" machi="20" ten="30,1100,0" yaku="18,1" doraHai="120" who="0" fromWho="0" sc="363,11,134,-3,163,-3,340,-5" owari="374,47.0,131,-37.0,160,-24.0,335,14.0" />
</Scene>
</mjloggm>