<mjloggm ver="2.3"><GO type="169"/><UN n0="%E3%81%AF%E3%81%90%E3%82%8C%E3%83%9F%E3%83%B3%E3%83%88" n1="%E5%A4%AA%E3%81%8F%E3%81%AA%E3%81%84%E3%81%8A" n2="%E3%82%8A%E3%81%86%E3%82%8A%E3%81%86" n3="%EF%BC%8A%E7%B4%85%E7%83%8F%EF%BC%8A" dan="16,17,16,16" rate="2091,2154,2033,2153" sx="F,M,M,F"/><TAIKYOKU oya="0"/>

<Scene>
<INIT seed="0,0,0,1,0,129" ten="250,250,250,250" oya="0" hai0="64,71,37,106,3,63,113,99,17,94,75,98,7" hai1="13,88,126,80,77,28,125,14,86,124,15,55,4" hai2="10,133,84,121,50,108,8,69,92,111,66,87,68" hai3="105,51,115,26,74,18,100,34,104,21,2,109,30"/><T78/><D113/><U19/><E28/><V38/><F38/><W56/><G115/><T24/><D37/><U49/><E4/><V47/><F66/><W81/><G2/><T29/><D106/><U62/><E62/><V95/><F50/><W135/><G109/><T120/><D120/><U102/><E102/><V9/><F47/><W57/><G100/><T52/><D17/><U72/><E72/><V82/><F82/><W53/><G57/><T27/><D75/><U117/><E117/><V65/><F65/><W16/><G18/><T11/><D78/><U123/><E123/><V6/><F6/><W33/><G33/><T45/><D94/><U12/><E77/><V20/><F20/><W119/><G119/><T22/><REACH who="0" step="1"/><D27/><REACH who="0" ten="240,250,250,250" step="2"/><U5/><E5/><V93/><F121/><W0/><G104/><T96/><D96/><U83/><E83/><V91/><F91/><W132/><G105/><T131/><D131/><U103/><E103/><V32/><F111/><W73/><G81/><T89/><D89/><U40/><E40/><V118/><F108/><W39/><G39/><T23/><D23/><U79/><E79/><V128/><F128/><W58/><G74/><T48/><AGARI ba="0,1" hai="3,7,11,22,24,29,45,48,52,63,64,71,98,99" machi="48" ten="30,11700,0" yaku="1,1,0,1,54,1,53,1" doraHai="129" doraHaiUra="44" who="0" fromWho="0" sc="240,127,250,-39,250,-39,250,-39" />
</Scene>
<Scene>
<INIT seed="0,1,0,4,0,93" ten="367,211,211,211" oya="0" hai0="30,68,105,64,34,78,86,28,74,121,131,102,3" hai1="75,106,6,55,114,48,97,109,24,44,43,12,101" hai2="67,123,85,60,125,5,1,54,98,100,134,38,66" hai3="81,119,56,27,70,120,112,32,23,61,103,115,69"/><T127/><D121/><U57/><E109/><V19/><F38/><W118/><G120/><T17/><D131/><U47/><E114/><V128/><F128/><W51/><G32/><T26/><D127/><U8/><E75/><V129/><F129/><W79/><G103/><T18/><D3/><U126/><E126/><V15/><F134/><W65/><G112/><T62/><D74/><U50/><REACH who="1" step="1"/><E24/><REACH who="1" ten="367,201,211,211" step="2"/><V113/><F113/><W117/><G115/><T41/><D30/><U40/><E40/><V2/><F125/><W77/><G117/><T110/><D41/><U122/><E122/><V25/><F25/><W76/><G119/><T80/><REACH who="0" step="1"/><D110/><REACH who="0" ten="357,201,211,211" step="2"/><U49/><E49/><V7/><F123/><W108/><G108/><T116/><D116/><U14/><E14/><V52/><F15/><W42/><G118/><T20/><D20/><U90/><E90/><V21/><F21/><W16/><G42/><T53/><D53/><U45/><AGARI ba="1,2" hai="6,8,12,43,44,45,47,48,50,55,57,97,101,106" machi="45" ten="30,4000,0" yaku="1,1,0,1,52,1,53,0" doraHai="93" doraHaiUra="124" who="1" fromWho="1" sc="357,-21,201,63,211,-11,211,-11" />
</Scene>
<Scene>
<INIT seed="1,0,0,3,0,3" ten="336,264,200,200" oya="1" hai0="102,37,120,27,91,53,46,82,85,75,34,95,88" hai1="17,79,78,49,117,90,56,118,84,69,130,0,104" hai2="45,48,36,93,51,96,5,92,52,18,9,57,23" hai3="21,44,24,12,98,76,133,16,20,62,107,1,43"/><U29/><E69/><V58/><F36/><W125/><G76/><T123/><D102/><U19/><E104/><V80/><F80/><W14/><G1/><T67/><D67/><U87/><E0/><V50/><F50/><W7/><G133/><T71/><D71/><U89/><E29/><V122/><F122/><W106/><G125/><T132/><D132/><U2/><E2/><V64/><F64/><W30/><G62/><T70/><D70/><U4/><E130/><V108/><F108/><W41/><G98/><T110/><D110/><U31/><E31/><V116/><F116/><W111/><G111/><T131/><D131/><U6/><E49/><V60/><F51/><W25/><G43/><T68/><D68/><U32/><REACH who="1" step="1"/><E56/><REACH who="1" ten="336,254,200,200" step="2"/><V13/><F58/><W99/><G107/><T128/><D123/><U77/><E77/><V74/><F74/><W38/><G106/><T42/><D120/><U10/><E10/><V61/><F57/><W65/><G30/><T101/><D128/><U8/><E8/><V40/><F40/><W114/><G41/><T115/><D75/><U59/><E59/><V94/><REACH who="2" step="1"/><F96/><REACH who="2" ten="336,254,190,200" step="2"/><W121/><G99/><T113/><D42/><U63/><E63/><V81/><F81/><W83/><G83/><T119/><D82/><U109/><E109/><V127/><F127/><W86/><G121/><T97/><D97/><U126/><E126/><V22/><F22/><W39/><G21/><T124/><D124/><U33/><AGARI ba="0,2" hai="4,6,17,19,32,33,78,79,84,87,89,90,117,118" machi="33" ten="25,18000,2" yaku="1,1,0,1,22,2,52,2,53,0" doraHai="3" doraHaiUra="129" who="1" fromWho="1" sc="336,-60,254,200,190,-60,200,-60" />
</Scene>
<Scene>
<INIT seed="1,1,0,5,0,123" ten="276,454,130,140" oya="1" hai0="78,114,44,91,95,102,122,0,89,31,14,59,117" hai1="45,130,108,57,10,20,81,47,103,110,93,64,12" hai2="15,46,35,6,9,68,74,23,96,63,38,113,80" hai3="109,118,65,42,43,29,53,83,50,77,72,48,98"/><U101/><E130/><V87/><F35/><W62/><G118/><T18/><D0/><U51/><E20/><V28/><F113/><W55/><G29/><T27/><D117/><U2/><E2/><V71/><F74/><W61/><G98/><T70/><D122/><U19/><E81/><V30/><F96/><W100/><G100/><T40/><D70/><U133/><E133/><V54/><F71/><W1/><G1/><T115/><D78/><U107/><E107/><V11/><F11/><W124/><G124/><T17/><D59/><U135/><E135/><V36/><F36/><W37/><G37/><T106/><D106/><U119/><E119/><V33/><F33/><W82/><G77/><T69/><D69/><U56/><E93/><V34/><F34/><W90/><G90/><T76/><D76/><U25/><E25/><V129/><F129/><W131/><G131/><T13/><D102/><N who="1" m="38923" /><E64/><V41/><F23/><W24/><G24/><T125/><D125/><U104/><E104/><V112/><F112/><W88/><G88/><T7/><D27/><U39/><E39/><V26/><F26/><W97/><G97/><T8/><D31/><U126/><E126/><V75/><F75/><W58/><G72/><T105/><D105/><U60/><E60/><V120/><F120/><W85/><G85/><T99/><D91/><U132/><E132/><V94/><F94/><W66/><G58/><N who="1" m="22634" /><E51/><V116/><F116/><W134/><G134/><T21/><REACH who="0" step="1"/><D7/><REACH who="0" ten="266,454,130,140" step="2"/><U92/><E45/><N who="2" m="23735" /><F68/><W3/><G3/><T84/><D84/><U121/><E121/><V111/><F46/><RYUUKYOKU ba="1,1" sc="266,15,454,-15,130,-15,140,15" hai0="8,13,14,17,18,21,40,44,89,95,99,114,115" hai3="42,43,48,50,53,55,61,62,65,66,82,83,109" />
</Scene>
<Scene>
<INIT seed="2,2,1,5,1,14" ten="281,439,115,155" oya="2" hai0="49,15,24,50,17,63,1,132,109,96,124,77,60" hai1="21,83,44,131,33,105,76,9,115,66,118,57,128" hai2="18,35,102,6,122,40,80,74,61,67,73,62,36" hai3="56,34,22,69,100,113,98,72,41,99,94,129,114"/><V78/><F122/><W123/><G72/><T110/><D1/><U10/><E33/><V130/><F35/><W92/><G69/><T117/><D132/><U3/><E118/><V135/><F135/><W88/><G34/><T31/><D124/><U126/><E115/><N who="3" m="44042" /><G41/><T28/><D77/><U134/><E105/><V20/><F6/><W106/><G56/><T29/><D96/><U30/><E134/><V2/><F2/><W13/><G123/><T58/><D24/><N who="1" m="16655" /><E44/><V112/><F74/><W23/><G129/><N who="1" m="49738" /><E3/><V48/><F130/><W108/><G108/><N who="0" m="41579" /><D117/><U16/><E126/><V90/><F112/><W42/><G42/><T79/><D79/><U11/><E66/><V59/><F36/><W8/><G106/><T39/><D39/><U19/><E57/><V121/><F121/><W26/><G26/><T116/><D116/><U0/><E0/><V54/><F40/><W95/><G95/><T25/><D25/><U4/><E4/><AGARI ba="2,1" hai="4,8,13,22,23,88,92,94,98,99,100" m="44042" machi="4" ten="30,2000,0" yaku="11,1,54,1" doraHai="14" who="3" fromWho="1" sc="281,0,439,-26,115,0,155,36" />
</Scene>
<Scene>
<INIT seed="3,0,0,4,2,73" ten="281,413,115,191" oya="3" hai0="18,30,123,81,48,134,102,117,54,17,35,68,44" hai1="101,116,130,107,91,58,53,131,14,15,39,66,19" hai2="59,36,8,76,34,112,32,64,28,56,82,67,60" hai3="65,121,24,88,6,51,74,45,110,85,43,37,128"/><W98/><G121/><T4/><D123/><U132/><E39/><V118/><F36/><W27/><G74/><T9/><D134/><U16/><E132/><V20/><F112/><W125/><G128/><N who="1" m="49194" /><E116/><V75/><F118/><W31/><G125/><T97/><D68/><U86/><E66/><V70/><F70/><W7/><G98/><T135/><D117/><U41/><E41/><V126/><F8/><W29/><G65/><T109/><D109/><U124/><E124/><V77/><F126/><W122/><G122/><T71/><D71/><U33/><E33/><V55/><F67/><W11/><G110/><T1/><D135/><U22/><E101/><V69/><F69/><W52/><G27/><T105/><REACH who="0" step="1"/><D81/><REACH who="0" ten="271,413,115,191" step="2"/><N who="1" m="49615" /><E107/><V63/><REACH who="2" step="1"/><F77/><REACH who="2" ten="271,413,105,191" step="2"/><W49/><G37/><T10/><D10/><U12/><E22/><V96/><F96/><W61/><G11/><T92/><D92/><U133/><E133/><V100/><F100/><W0/><G0/><T90/><D90/><U84/><E84/><V95/><F95/><W114/><G88/><T119/><D119/><U87/><E87/><V78/><F78/><W42/><G85/><T50/><D50/><AGARI ba="0,2" hai="12,14,15,16,19,50,53,58" m="49615,49194" machi="50" ten="30,2000,0" yaku="19,1,54,1" doraHai="73" who="1" fromWho="0" sc="271,-20,413,40,105,0,191,0" />
</Scene>
<Scene>
<INIT seed="4,0,0,0,2,134" ten="251,453,105,191" oya="0" hai0="99,122,85,46,19,124,81,103,118,117,28,58,25" hai1="78,47,101,69,38,90,92,132,127,41,94,7,60" hai2="42,14,86,76,72,56,87,121,128,10,59,9,62" hai3="17,113,31,8,135,77,83,55,126,34,84,63,115"/><T15/><D122/><U67/><E132/><V22/><F121/><W64/><G135/><T102/><D103/><U75/><E127/><V43/><F72/><W45/><G31/><T13/><D13/><U29/><E29/><V82/><F128/><W27/><G34/><T123/><D46/><U12/><E101/><V4/><F22/><W109/><G109/><T1/><D58/><U2/><E12/><V95/><F59/><W51/><G126/><T30/><D1/><U33/><E90/><V100/><F10/><W36/><G36/><T3/><D3/><U73/><E33/><V66/><F87/><W108/><G108/><T35/><D123/><U50/><E73/><V68/><F68/><W89/><G77/><T52/><D30/><U11/><E50/><V71/><F71/><W98/><G98/><AGARI ba="0,0" hai="4,9,14,42,43,56,62,66,76,82,86,95,98,100" machi="98" ten="40,1300,0" yaku="8,1" doraHai="134" who="2" fromWho="3" sc="251,0,453,0,105,13,191,-13" />
</Scene>
<Scene>
<INIT seed="5,0,0,5,1,63" ten="251,453,118,178" oya="1" hai0="125,116,115,74,100,32,15,73,13,50,47,71,22" hai1="0,58,117,6,36,67,112,59,81,107,54,88,43" hai2="19,130,33,64,124,69,118,11,46,53,90,76,24" hai3="103,51,72,97,41,89,38,10,109,35,120,134,131"/><U29/><E117/><V113/><F118/><W80/><G109/><T14/><D32/><U25/><E107/><V56/><F76/><W48/><G120/><T111/><D111/><U108/><E108/><V28/><F130/><W132/><G35/><T5/><D125/><U119/><E119/><V23/><F124/><W31/><G31/><T57/><D115/><U110/><E110/><V44/><F113/><W60/><G131/><T99/><D71/><U77/><E112/><V9/><F69/><W98/><G10/><T82/><D116/><U42/><E36/><V86/><F9/><W8/><G8/><T37/><D5/><U62/><E6/><V65/><F46/><W133/><G60/><T26/><D82/><U4/><E4/><V92/><F44/><N who="3" m="23607" /><G72/><T106/><D57/><U104/><E104/><V129/><F129/><W95/><G80/><T84/><D84/><N who="1" m="50191" /><E77/><V21/><F11/><W61/><G61/><T66/><D37/><U94/><E94/><AGARI ba="0,0" hai="48,51,89,94,95,97,98,103,132,133,134" m="23607" machi="94" ten="30,1000,0" yaku="20,1" doraHai="63" who="3" fromWho="1" sc="251,0,453,-10,118,0,178,10" />
</Scene>
<Scene>
<INIT seed="6,0,0,0,3,79" ten="251,443,118,188" oya="2" hai0="51,77,25,13,70,60,38,122,125,132,112,113,68" hai1="90,37,9,35,73,12,87,115,3,104,80,72,15" hai2="48,23,33,6,47,78,95,24,17,128,109,133,22" hai3="50,55,29,28,75,89,102,93,126,16,42,0,30"/><V57/><F133/><W27/><G75/><T64/><D38/><U84/><E37/><V63/><F128/><W118/><G118/><T127/><D132/><U67/><E35/><V114/><F114/><N who="0" m="44138" /><D122/><U2/><E104/><V111/><F33/><W74/><G0/><T44/><D25/><U41/><E115/><V49/><F6/><W19/><G74/><T108/><D13/><U52/><E41/><V39/><F39/><W123/><G123/><T69/><D77/><U18/><E67/><V103/><F23/><W106/><G42/><N who="0" m="24983" /><D108/><U117/><E117/><V10/><F10/><W76/><G76/><T4/><D4/><U34/><E34/><V88/><F103/><W110/><G110/><N who="2" m="41993" /><F47/><W11/><G11/><T40/><D40/><U61/><E2/><V32/><F78/><W130/><G130/><T59/><AGARI ba="0,0" hai="59,60,64,68,69,70,125,127" m="24983,44138" machi="59" ten="40,5200,0" yaku="15,1,34,2" doraHai="79" who="0" fromWho="0" sc="251,52,443,-13,118,-26,188,-13" />
</Scene>
<Scene>
<INIT seed="7,0,0,4,2,73" ten="303,430,92,175" oya="3" hai0="5,28,77,114,26,54,115,31,122,95,45,59,40" hai1="9,50,7,47,119,105,68,78,101,1,94,38,2" hai2="86,92,72,10,4,100,126,20,79,27,123,118,24" hai3="23,36,61,85,113,51,71,60,103,99,14,57,62"/><W84/><G36/><T83/><D122/><U25/><E68/><V39/><F39/><W128/><G71/><T135/><D95/><U90/><E119/><V111/><F111/><W75/><G75/><T69/><D69/><U6/><E38/><V87/><F118/><W15/><G113/><T67/><D67/><U117/><E117/><V65/><F65/><W0/><G0/><T43/><D5/><U89/><E78/><V30/><F126/><W76/><G128/><T102/><D102/><U41/><E25/><V55/><F123/><W74/><G74/><T11/><D11/><U80/><E80/><V125/><F125/><W116/><G116/><T97/><D97/><U127/><E127/><V130/><F55/><N who="3" m="31999" /><G23/><T131/><D131/><U19/><E19/><V18/><F130/><W35/><G35/><T107/><D107/><U64/><E64/><V49/><F49/><W96/><G85/><T3/><D3/><U12/><E6/><V91/><F100/><W53/><G53/><T98/><D98/><N who="3" m="37417" /><G103/><T108/><D115/><U22/><E105/><V48/><F72/><W112/><G112/><T133/><D54/><U42/><E2/><V58/><F58/><W106/><G106/><T124/><D59/><U37/><E101/><V129/><F129/><W46/><G46/><T120/><D45/><N who="1" m="25911" /><E1/><V21/><F48/><W66/><G66/><T13/><D124/><U104/><E104/><V70/><F70/><W56/><G56/><T63/><D114/><U34/><E34/><V8/><F4/><W110/><G61/><T17/><D120/><U33/><E33/><RYUUKYOKU ba="0,0" sc="303,-10,430,-10,92,30,175,-10" hai2="8,10,18,20,21,24,27,30,79,86,87,91,92" owari="293,9.0,420,52.0,122,-38.0,165,-23.0" />
</Scene>
</mjloggm>