<mjloggm ver="2.3"><GO type="169"/><UN n0="%73%65%69%79%61%6A%70%35" n1="%E5%A4%AA%E3%81%8F%E3%81%AA%E3%81%84%E3%81%8A" n2="%E5%94%90%E6%8F%9A%E5%A4%A7%E5%A5%BD%E3%81%8D" n3="%E3%82%B1%E3%82%BA" dan="16,17,17,16" rate="2133,2188,2192,2103" sx="M,M,M,M"/><TAIKYOKU oya="0"/>

<Scene>
<INIT seed="0,0,0,2,4,78" ten="250,250,250,250" oya="0" hai0="123,93,7,6,117,115,14,54,105,109,52,99,131" hai1="33,125,64,79,119,63,22,24,35,130,61,81,113" hai2="114,43,71,0,87,128,101,96,132,59,46,29,44" hai3="80,135,76,82,4,69,17,73,106,72,108,133,62"/><T121/><D117/><U98/><E119/><V28/><F71/><W32/><G32/><T9/><D115/><U8/><E113/><V84/><F0/><W56/><G69/><T27/><D105/><U134/><E125/><V112/><F128/><W91/><G4/><T5/><D131/><U86/><E130/><V60/><F132/><N who="3" m="50763" /><G106/><T20/><D109/><U68/><E134/><V120/><F120/><W107/><G107/><T127/><D127/><U94/><E63/><V13/><F13/><W90/><G108/><T88/><D123/><U85/><E8/><V70/><F70/><W38/><G38/><T55/><D121/><U118/><E85/><V51/><F114/><W57/><G57/><T66/><D66/><U34/><E118/><V103/><F112/><W50/><G50/><T102/><D102/><N who="2" m="38922" /><F96/><W12/><G72/><T110/><D110/><U10/><E10/><V39/><F39/><W26/><G26/><T37/><D37/><U16/><REACH who="1" step="1"/><E35/><REACH who="1" ten="250,240,250,250" step="2"/><V122/><F122/><W95/><G73/><T100/><REACH who="0" step="1"/><D100/><AGARI ba="0,1" hai="16,22,24,33,34,61,64,68,79,81,86,94,98,100" machi="100" ten="30,8000,1" yaku="1,1,2,1,7,1,52,1,54,1,53,0" doraHai="78" doraHaiUra="3" who="1" fromWho="0" sc="250,-80,240,90,250,0,250,0" />
</Scene>
<Scene>
<INIT seed="1,0,0,2,2,54" ten="170,330,250,250" oya="1" hai0="36,2,117,63,85,18,77,92,95,34,64,72,84" hai1="128,62,35,42,51,87,3,98,30,37,124,107,23" hai2="90,78,26,27,8,70,89,21,81,103,67,83,55" hai3="116,74,5,13,40,121,82,91,7,14,96,12,22"/><U132/><E3/><V65/><F103/><W86/><G121/><T76/><D117/><U41/><E35/><V68/><F55/><W61/><G74/><T113/><D34/><U11/><E37/><V28/><F21/><W104/><G116/><T48/><D113/><U109/><E11/><V106/><F106/><W125/><G125/><T58/><D2/><U20/><E124/><V108/><F108/><W39/><G39/><T69/><D36/><U56/><E132/><V29/><REACH who="2" step="1"/><F8/><REACH who="2" ten="170,330,240,250" step="2"/><W9/><G40/><T101/><D101/><U127/><E23/><V79/><AGARI ba="0,1" hai="26,27,28,29,65,67,68,70,78,79,81,83,89,90" machi="79" ten="25,8000,1" yaku="1,1,2,1,0,1,22,2,53,0" doraHai="54" doraHaiUra="53" who="2" fromWho="2" sc="170,-20,330,-40,240,90,250,-20" />
</Scene>
<Scene>
<INIT seed="2,0,0,3,4,31" ten="150,290,330,230" oya="2" hai0="122,62,1,105,135,69,113,71,66,14,54,7,55" hai1="126,115,59,114,65,95,52,109,101,81,23,92,98" hai2="35,57,38,15,47,29,77,25,103,26,90,72,58" hai3="110,124,74,0,40,107,39,11,44,100,18,43,53"/><V83/><F103/><W17/><G124/><T32/><D122/><U41/><E126/><V22/><F15/><W134/><G134/><T91/><D113/><U20/><E109/><V27/><F90/><W116/><G116/><T64/><D105/><U93/><E41/><V51/><F38/><W119/><G119/><T37/><D135/><U133/><E133/><V97/><F97/><W128/><G40/><T33/><D37/><U16/><E65/><V21/><F26/><W12/><G128/><T89/><D14/><U70/><E70/><V36/><F36/><W2/><G74/><T82/><D82/><U19/><E81/><V63/><F63/><W88/><G110/><T5/><REACH who="0" step="1"/><D62/><REACH who="0" ten="140,290,330,230" step="2"/><N who="1" m="36199" /><E115/><V96/><F96/><W102/><G107/><T73/><D73/><U118/><E114/><V129/><F129/><W28/><G2/><AGARI ba="0,1" hai="1,2,5,7,32,33,54,55,64,66,69,71,89,91" machi="2" ten="25,12000,2" yaku="1,1,22,2,52,2,53,2" doraHai="31" doraHaiUra="84" who="0" fromWho="3" sc="140,130,290,0,330,0,230,-120" />
</Scene>
<Scene>
<INIT seed="3,0,0,2,2,8" ten="270,290,330,110" oya="3" hai0="109,25,108,93,111,47,63,94,71,82,42,133,95" hai1="135,26,125,49,52,15,120,90,132,88,16,39,46" hai2="74,12,92,83,44,69,60,3,61,101,21,110,65" hai3="72,76,78,22,28,85,81,104,51,17,128,35,34"/><W118/><G104/><T123/><D123/><U19/><E120/><V13/><F3/><W106/><G106/><T23/><D133/><N who="1" m="51275" /><E125/><V32/><F32/><W122/><G122/><T84/><D71/><U113/><E113/><V79/><F110/><W100/><G100/><T102/><D63/><U96/><E39/><V62/><F44/><W4/><G118/><T129/><D102/><U2/><E2/><V40/><F40/><W91/><G128/><T89/><D129/><U64/><E64/><V126/><F126/><W45/><G4/><T117/><D117/><U37/><E37/><V73/><F73/><W97/><G97/><T36/><REACH who="0" step="1"/><D82/><REACH who="0" ten="260,290,330,110" step="2"/><U18/><E26/><V57/><F69/><W121/><G121/><T20/><D20/><N who="1" m="11295" /><E90/><V9/><F21/><W48/><G78/><T86/><D86/><U43/><E43/><V119/><F119/><W98/><G98/><T70/><D70/><U24/><E24/><V55/><F101/><W7/><G72/><T124/><D124/><U130/><E130/><V87/><F74/><W6/><G76/><T29/><AGARI ba="0,1" hai="23,25,29,36,42,47,84,89,93,94,95,108,109,111" machi="29" ten="30,4000,0" yaku="1,1,0,1,14,1,53,0" doraHai="8" doraHaiUra="75" who="0" fromWho="0" sc="260,50,290,-10,330,-10,110,-20" />
</Scene>
<Scene>
<INIT seed="4,0,0,4,3,116" ten="310,280,320,90" oya="0" hai0="21,74,19,125,59,101,83,55,117,118,108,14,70" hai1="29,121,88,104,120,41,67,11,95,42,99,46,114" hai2="38,98,33,94,71,45,92,130,8,126,16,57,51" hai3="22,17,75,135,30,124,115,93,13,40,23,10,44"/><T54/><D70/><U109/><E109/><V9/><F71/><W133/><G75/><T106/><D125/><U77/><E114/><V36/><F33/><W68/><G68/><T113/><D113/><U102/><E67/><V110/><F110/><W72/><G72/><T37/><D37/><U61/><E61/><V105/><F126/><W48/><G124/><T91/><D108/><U89/><E29/><V119/><F105/><W69/><G69/><T31/><D31/><U18/><E77/><V43/><F119/><W97/><G115/><T25/><D25/><U12/><E42/><V79/><F79/><W34/><G34/><T111/><D111/><U56/><E56/><V132/><F130/><W6/><G30/><T3/><D3/><U32/><E32/><V47/><F132/><W85/><G85/><T103/><D55/><U127/><E127/><V63/><F8/><W50/><G50/><T128/><D128/><U1/><E1/><V84/><F84/><W80/><G80/><T100/><D106/><U64/><E64/><V73/><F73/><W82/><G82/><T96/><D74/><U90/><REACH who="1" step="1"/><E104/><REACH who="1" ten="310,270,320,90" step="2"/><V4/><F63/><W134/><REACH who="3" step="1"/><G6/><REACH who="3" ten="310,270,320,80" step="2"/><T81/><D118/><U24/><E24/><V27/><F4/><W7/><G7/><T15/><D117/><U49/><AGARI ba="0,2" hai="11,12,18,41,46,49,88,89,90,95,99,102,120,121" machi="49" ten="30,8000,1" yaku="1,1,0,1,52,2,54,1,53,0" doraHai="116" doraHaiUra="112" who="1" fromWho="1" sc="310,-40,270,100,320,-20,80,-20" />
</Scene>
<Scene>
<INIT seed="5,0,0,0,1,94" ten="270,370,300,60" oya="1" hai0="67,118,77,126,3,74,25,104,21,93,69,17,11" hai1="0,133,112,115,26,97,51,14,58,64,62,20,54" hai2="45,100,105,72,129,102,53,70,19,38,131,99,40" hai3="42,13,43,96,84,8,110,127,12,68,60,120,123"/><U134/><E0/><V49/><F72/><W27/><G110/><T80/><D118/><U114/><E14/><V78/><F78/><W37/><G127/><T7/><D126/><U125/><E125/><V106/><F70/><W29/><G84/><T95/><D104/><U18/><REACH who="1" step="1"/><E97/><REACH who="1" ten="270,360,300,60" step="2"/><N who="2" m="61583" /><F19/><W121/><G12/><T130/><D130/><N who="2" m="49674" /><F53/><W79/><G79/><T4/><D7/><U116/><E116/><V35/><F35/><W24/><G24/><T122/><D122/><U33/><E33/><V135/><F135/><W128/><G128/><T34/><D34/><U10/><E10/><V117/><F117/><W57/><G96/><T132/><D132/><U107/><E107/><V15/><F15/><W90/><G90/><T109/><D109/><U61/><E61/><V83/><F83/><W52/><G68/><AGARI ba="0,1" hai="18,20,26,51,54,58,62,64,68,112,114,115,133,134" machi="68" ten="40,3900,0" yaku="1,1,15,1,53,0" doraHai="94" doraHaiUra="85" who="1" fromWho="3" sc="270,0,360,49,300,0,60,-39" />
</Scene>
<Scene>
<INIT seed="5,1,0,5,0,52" ten="270,409,300,21" oya="1" hai0="28,135,71,72,8,55,75,63,23,106,96,50,77" hai1="90,113,125,49,22,10,14,109,18,114,4,54,93" hai2="81,30,53,1,117,79,17,2,61,35,29,112,5" hai3="130,101,103,70,37,76,68,86,25,88,127,129,104"/><U46/><E125/><V19/><F117/><W26/><G37/><T11/><D135/><U123/><E109/><V102/><F102/><W124/><G76/><T66/><D106/><U78/><E123/><V98/><F98/><N who="3" m="61495" /><G103/><T56/><D96/><U69/><E69/><V48/><F61/><W85/><G85/><T3/><D3/><U73/><E73/><V133/><F133/><W100/><G68/><T41/><D75/><U83/><E78/><V62/><F62/><W107/><G70/><T131/><D131/><N who="3" m="50185" /><G25/><T15/><D41/><U51/><E83/><V116/><F116/><W47/><G47/><T45/><D71/><U92/><E51/><V34/><F1/><W33/><G33/><T89/><D72/><U12/><REACH who="1" step="1"/><E90/><REACH who="1" ten="270,399,300,21" step="2"/><V60/><F79/><W74/><G74/><T6/><D77/><U94/><AGARI ba="1,1" hai="4,10,12,14,18,22,46,49,54,92,93,94,113,114" machi="94" ten="30,6000,0" yaku="1,1,2,1,0,1,53,0" doraHai="52" doraHaiUra="38" who="1" fromWho="1" sc="270,-21,399,73,300,-21,21,-21" />
</Scene>
<Scene>
<INIT seed="5,2,0,0,4,88" ten="249,472,279,0" oya="1" hai0="11,56,61,37,123,5,44,28,73,38,92,130,134" hai1="17,87,119,43,112,81,18,49,78,9,128,31,109" hai2="121,77,2,74,129,62,41,15,42,55,30,57,107" hai3="19,45,97,126,3,85,133,4,36,13,0,122,21"/><U115/><E119/><V14/><F107/><W99/><G122/><T124/><D73/><U80/><E128/><V6/><F121/><W132/><G126/><T110/><D130/><U89/><E109/><V114/><F129/><W71/><G71/><T100/><D110/><U108/><E108/><V96/><F30/><W48/><G36/><T69/><D124/><U82/><E31/><V60/><F114/><N who="1" m="43561" /><E9/><V117/><F117/><W47/><G47/><T40/><D134/><N who="3" m="51817" /><G85/><T111/><D111/><U7/><E7/><V63/><F96/><N who="3" m="36939" /><G4/><T67/><D123/><U27/><E27/><V24/><F24/><W12/><G12/><T23/><D100/><U106/><E106/><V59/><F2/><W102/><G102/><T70/><D37/><U39/><E39/><V131/><F131/><W72/><G72/><T90/><D23/><U79/><E79/><V75/><F6/><W68/><G68/><T52/><D28/><U51/><E43/><AGARI ba="2,0" hai="0,3,13,19,21,43,45,48" m="36939,51817" machi="43" ten="30,1000,0" yaku="20,1" doraHai="88" who="3" fromWho="1" sc="249,0,472,-16,279,0,0,16" />
</Scene>
<Scene>
<INIT seed="6,0,0,3,1,39" ten="249,456,279,16" oya="2" hai0="119,133,90,43,109,53,36,115,134,87,52,47,131" hai1="23,104,121,124,107,17,20,65,94,116,1,83,128" hai2="105,62,79,29,95,61,24,38,92,0,72,91,35" hai3="59,66,70,123,98,81,44,37,2,64,9,106,129"/><V101/><F0/><W127/><G123/><T25/><D119/><U31/><E116/><V120/><F120/><W57/><G129/><T118/><D118/><U46/><E121/><V71/><F38/><W68/><G127/><T96/><D109/><U103/><E1/><V75/><F61/><W55/><G81/><T42/><D131/><U122/><E122/><V73/><F79/><W32/><G32/><T22/><D115/><U10/><E128/><V3/><F3/><W86/><G86/><T27/><D96/><U69/><E69/><N who="3" m="26730" /><G9/><T99/><D99/><U40/><E65/><N who="3" m="25194" /><G2/><T89/><D42/><U41/><E83/><V33/><F33/><W77/><G77/><T14/><D14/><U7/><E31/><V74/><F74/><W54/><G98/><T130/><D130/><U135/><E94/><V11/><F11/><W132/><G106/><T76/><D76/><U85/><E85/><V50/><F105/><W102/><G102/><T84/><D84/><U108/><E103/><V88/><F101/><W80/><G80/><N who="0" m="49383" /><D90/><U13/><E108/><V6/><F6/><W82/><G82/><T113/><D113/><U26/><E107/><V12/><F12/><W126/><G126/><T117/><D117/><U30/><E104/><V8/><F8/><W100/><G100/><T21/><D21/><U60/><E124/><V18/><F18/><W4/><G4/><T97/><D97/><U111/><E111/><V34/><F34/><W16/><G16/><N who="0" m="12487" /><D27/><U28/><E26/><V58/><F24/><W48/><G132/><AGARI ba="0,0" hai="36,43,47,52,53,132,133,134" m="12487,49383" machi="132" ten="30,7700,0" yaku="20,1,52,1,54,2" doraHai="39" who="0" fromWho="3" sc="249,77,456,0,279,0,16,-77" owari="326,13.0,456,55.0,279,-12.0,-61,-56.0" />
</Scene>
</mjloggm>