<mjloggm ver="2.3"><GO type="225"/><UN n0="%E3%83%9A%E3%83%81%E3%83%A7%E3%83%BC%E3%83%AA%E3%83%B3" n1="%E3%82%B2%E3%83%AB%E3%83%8B%E3%82%AB" n2="%E8%B6%85%E3%82%B5%E3%82%A4%E3%83%A4%E4%BA%BA%EF%BC%93" n3="%E5%A4%AA%E3%81%8F%E3%81%AA%E3%81%84%E3%81%8A" dan="17,17,16,17" rate="2149,2154,2074,2147" sx="M,M,M,M"/><TAIKYOKU oya="0"/>

<Scene>
<INIT seed="0,0,0,1,1,84" ten="250,250,250,250" oya="0" hai0="25,11,17,87,80,95,39,74,47,71,12,88,100" hai1="29,128,36,81,94,90,110,32,78,103,79,118,108" hai2="8,4,38,59,124,75,86,99,0,48,82,97,69" hai3="83,54,105,66,76,112,134,121,42,102,35,133,31"/><T72/><D71/><U63/><E36/><V91/><F69/><W58/><G112/><T45/><D74/><U96/><E29/><V60/><F124/><W40/><G66/><T37/><D72/><U34/><E63/><V68/><F38/><W19/><G121/><T44/><REACH who="0" step="1"/><D25/><REACH who="0" ten="240,250,250,250" step="2"/><U120/><E120/><V62/><F75/><W56/><G133/><T1/><D1/><U46/><E118/><V115/><F115/><W65/><G134/><T109/><D109/><U77/><E108/><V14/><F68/><W61/><G35/><T106/><D106/><U107/><E110/><V50/><F0/><W27/><G105/><T125/><D125/><U49/><E32/><V101/><F62/><W122/><G27/><T131/><D131/><U18/><E34/><V13/><F13/><W52/><G61/><T51/><D51/><N who="2" m="19498" /><F101/><W73/><G102/><T20/><D20/><U9/><E128/><V43/><F43/><W30/><G42/><T113/><D113/><U67/><E107/><V127/><F127/><W23/><G40/><T10/><D10/><U93/><E9/><V41/><F41/><W57/><G122/><T135/><D135/><U98/><E49/><V16/><F4/><W6/><G6/><T114/><D114/><U53/><E46/><V2/><F2/><W85/><G73/><T129/><D129/><U111/><E111/><V3/><F3/><W28/><G65/><AGARI ba="0,1" hai="8,14,16,59,60,65,82,86,91,97,99" m="19498" machi="65" ten="30,3900,0" yaku="8,1,52,1,54,1" doraHai="84" who="2" fromWho="3" sc="240,0,250,0,250,49,250,-39" />
</Scene>
<Scene>
<INIT seed="1,0,0,5,3,74" ten="240,250,299,211" oya="1" hai0="67,100,62,50,129,113,72,57,24,32,104,2,80" hai1="16,133,88,132,48,131,12,118,84,1,86,41,7" hai2="3,52,11,119,42,102,107,40,130,49,89,6,109" hai3="9,103,58,38,15,33,101,56,114,94,97,35,111"/><U120/><E118/><V76/><F119/><W135/><G114/><T87/><D113/><U127/><E120/><V123/><F123/><W61/><G38/><T37/><D37/><U43/><E131/><V115/><F115/><W91/><G111/><T108/><D2/><U95/><E127/><V73/><F130/><W71/><G135/><N who="1" m="51786" /><E86/><V64/><F64/><W5/><G71/><T124/><D72/><U8/><E48/><V77/><F109/><W28/><G56/><T112/><D112/><U63/><E63/><V55/><F73/><W23/><G23/><AGARI ba="0,0" hai="1,7,8,12,16,23,41,43,84,88,95" m="51786" machi="23" ten="30,5800,0" yaku="20,1,54,2" doraHai="74" who="1" fromWho="3" sc="240,0,250,58,299,0,211,-58" />
</Scene>
<Scene>
<INIT seed="1,1,0,0,5,93" ten="240,308,299,153" oya="1" hai0="0,19,103,53,116,112,90,69,71,75,26,51,82" hai1="120,32,61,119,83,128,67,122,95,25,49,76,56" hai2="43,97,118,81,48,72,133,21,57,4,33,74,11" hai3="88,37,62,125,41,60,92,20,117,79,121,129,58"/><U54/><E119/><V28/><F33/><W131/><G121/><T2/><D112/><U10/><E128/><N who="3" m="49226" /><G117/><T101/><D116/><U135/><E135/><V105/><F118/><W6/><G125/><T52/><D75/><U77/><E10/><V24/><F133/><W123/><G123/><T130/><D130/><U22/><E32/><V100/><F81/><W114/><G114/><T17/><D90/><U109/><E109/><V14/><REACH who="2" step="1"/><F57/><REACH who="2" ten="240,308,289,153" step="2"/><W84/><G58/><T47/><D82/><U5/><E83/><V16/><F16/><W13/><G79/><T63/><D26/><U1/><E76/><V87/><F87/><W38/><G6/><T91/><D47/><AGARI ba="1,1" hai="4,11,14,21,24,28,43,47,48,72,74,97,100,105" machi="47" ten="40,2600,0" yaku="1,1,52,1,53,0" doraHai="93" doraHaiUra="50" who="2" fromWho="0" sc="240,-29,308,0,289,39,153,0" />
</Scene>
<Scene>
<INIT seed="2,0,0,3,4,10" ten="211,308,328,153" oya="2" hai0="118,88,63,56,79,115,14,19,9,57,48,78,36" hai1="125,104,106,33,73,99,93,24,43,11,50,116,105" hai2="90,32,91,82,53,120,135,76,35,29,81,108,30" hai3="38,61,67,72,8,55,40,22,46,49,111,102,69"/><V129/><F120/><W97/><G111/><T123/><D36/><U4/><E73/><V1/><F1/><W83/><G22/><T77/><D115/><U114/><E114/><V7/><F7/><W133/><G133/><T51/><D123/><U70/><E70/><V89/><F135/><W98/><G8/><T42/><D118/><U45/><E116/><V117/><F117/><W126/><G126/><T47/><D51/><U66/><E66/><V92/><F92/><W28/><G28/><T54/><D57/><U127/><E24/><V85/><F129/><W131/><G131/><T86/><D78/><U113/><E33/><V110/><F53/><W6/><G6/><T13/><D13/><U3/><REACH who="1" step="1"/><E113/><REACH who="1" ten="211,298,328,153" step="2"/><V128/><F128/><W27/><G27/><T87/><D87/><U23/><E23/><V26/><F81/><AGARI ba="0,1" hai="9,14,19,42,47,48,54,56,63,77,79,81,86,88" machi="81" ten="30,7700,0" yaku="7,1,8,1,52,1,54,1" doraHai="10" who="0" fromWho="2" sc="211,87,298,0,328,-77,153,0" />
</Scene>
<Scene>
<INIT seed="3,0,0,4,4,50" ten="298,298,251,153" oya="3" hai0="32,70,41,90,83,57,10,55,24,91,48,14,117" hai1="113,85,18,125,11,53,47,26,56,49,132,80,105" hai2="102,128,33,71,3,43,58,30,67,96,44,120,61" hai3="103,74,116,4,16,72,126,95,118,2,9,124,87"/><W133/><G133/><T23/><D117/><N who="3" m="45161" /><G16/><N who="0" m="12391" /><D70/><U69/><E69/><V15/><F120/><W25/><G25/><T5/><D32/><U112/><E105/><V130/><F3/><W86/><G103/><T108/><D108/><U121/><E121/><V66/><F15/><W29/><G29/><T35/><D35/><U54/><E132/><V82/><F82/><W129/><G129/><T115/><D115/><U17/><E125/><N who="3" m="48234" /><G95/><T75/><D75/><AGARI ba="0,0" hai="2,4,9,72,74,75,86,87" m="48234,45161" machi="75" ten="40,2000,0" yaku="18,1" doraHai="50" who="3" fromWho="0" sc="298,-20,298,0,251,0,153,20" />
</Scene>
<Scene>
<INIT seed="3,1,0,5,2,63" ten="278,298,251,173" oya="3" hai0="81,126,2,105,47,75,3,121,41,48,54,131,100" hai1="110,118,34,5,68,76,69,89,85,109,64,6,14" hai2="32,10,56,119,4,29,36,38,95,106,28,67,44" hai3="91,13,21,120,26,133,94,114,79,84,9,49,130"/><W50/><G120/><T87/><D121/><U125/><E125/><V108/><F106/><W42/><G114/><T74/><D126/><U57/><E34/><V107/><F107/><W53/><G130/><T112/><D131/><U135/><E76/><V39/><F119/><W116/><G116/><T99/><D112/><U82/><E135/><V103/><F44/><W66/><G133/><T77/><REACH who="0" step="1"/><D41/><REACH who="0" ten="268,298,251,173" step="2"/><U111/><E118/><V113/><F113/><W27/><G79/><T35/><D35/><U30/><E30/><V15/><F108/><W128/><G128/><T8/><D8/><N who="1" m="4367" /><E6/><V62/><REACH who="2" step="1"/><F32/><REACH who="2" ten="268,298,241,173" step="2"/><W96/><G42/><T12/><D12/><U132/><E132/><V93/><F93/><W31/><G26/><T7/><D7/><U102/><E102/><V43/><F43/><W17/><G66/><T78/><D78/><U33/><E33/><V92/><F92/><W20/><G9/><T127/><D127/><U65/><E65/><V23/><F23/><W1/><G1/><AGARI ba="1,2" hai="1,2,3,47,48,54,74,75,77,81,87,99,100,105" machi="1" ten="40,1300,0" yaku="1,1,53,0" doraHai="63" doraHaiUra="61" who="0" fromWho="3" sc="268,36,298,0,241,0,173,-16" owari="304,40.0,298,10.0,241,-16.0,157,-34.0" />
</Scene>
</mjloggm>