<mjloggm ver="2.3"><GO type="169"/><UN n0="%E5%A4%AA%E3%81%8F%E3%81%AA%E3%81%84%E3%81%8A" n1="%E5%94%90%E6%8F%9A%E5%A4%A7%E5%A5%BD%E3%81%8D" n2="%E3%82%BC%E3%83%B3%E3%83%84%E3%83%83%E3%83%91" n3="%E3%81%BE%E3%81%AA%E3%81%84%E3%81%9F%E3%82%88%E3%81%86%E3%81%98%E3%82%87" dan="18,17,17,16" rate="2172,2182,2083,2152" sx="M,M,M,M"/><TAIKYOKU oya="0"/>

<Scene>
<INIT seed="0,0,0,5,4,89" ten="250,250,250,250" oya="0" hai0="93,124,122,118,68,1,64,9,120,80,76,44,79" hai1="111,38,6,22,96,62,73,95,81,0,50,121,42" hai2="110,133,107,16,49,78,74,8,13,98,123,20,14" hai3="88,52,77,45,82,29,103,70,94,117,99,112,26"/><T55/><D118/><U91/><E121/><V36/><F110/><W59/><G112/><T85/><D124/><U113/><E111/><V17/><F133/><W67/><G117/><T27/><D79/><U66/><E113/><V34/><F36/><W86/><G70/><T30/><D68/><U128/><E128/><V134/><F134/><W35/><G45/><T15/><D64/><U54/><E0/><V116/><F116/><W46/><G46/><T3/><D3/><U106/><E6/><V104/><F34/><W132/><G67/><T71/><D71/><U57/><E106/><V102/><F123/><W4/><G4/><T97/><D1/><U33/><E33/><V7/><F49/><W60/><REACH who="3" step="1"/><G132/><REACH who="3" ten="250,250,250,240" step="2"/><T129/><D44/><U126/><E126/><V41/><F7/><W56/><G56/><T65/><D65/><U28/><E66/><V115/><F115/><W53/><G53/><T19/><D55/><U47/><E38/><V84/><F41/><W105/><G105/><T109/><D109/><U40/><E40/><V108/><F108/><W131/><G131/><T63/><D129/><U32/><E42/><V48/><F107/><W92/><G92/><T11/><D120/><U10/><E47/><V90/><F74/><W25/><G25/><T130/><D27/><N who="1" m="18463" /><E73/><V58/><F58/><W83/><G83/><T39/><D122/><U69/><E81/><N who="2" m="49423" /><F78/><AGARI ba="0,1" hai="26,29,35,52,59,60,77,78,82,86,88,94,99,103" machi="78" ten="40,8000,1" yaku="1,1,52,1,54,2,53,0" doraHai="89" doraHaiUra="125" who="3" fromWho="2" sc="250,0,250,0,250,-80,240,90" />
</Scene>
<Scene>
<INIT seed="1,0,0,3,1,68" ten="250,250,170,330" oya="1" hai0="32,118,87,107,43,103,100,55,117,106,28,13,69" hai1="64,123,12,9,17,7,124,63,33,42,129,82,8" hai2="61,34,20,2,85,80,31,27,135,30,52,65,47" hai3="37,44,131,134,88,21,77,71,11,25,35,75,60"/><U23/><E123/><V15/><F135/><W50/><G35/><T121/><D69/><U109/><E33/><V4/><F2/><W83/><G134/><T91/><D43/><U101/><E124/><V22/><F4/><W132/><G132/><T126/><D13/><U45/><E129/><V116/><F116/><W120/><G120/><T51/><D28/><U84/><E101/><N who="0" m="38985" /><D51/><U5/><E109/><V111/><F111/><W125/><G131/><T78/><D55/><U127/><E127/><V93/><F93/><W66/><G11/><T99/><D32/><U54/><E54/><V16/><F65/><W72/><G37/><T115/><D126/><U48/><E5/><V39/><F39/><W97/><G21/><T112/><D78/><U0/><E0/><V46/><F31/><W76/><G25/><T3/><D3/><U96/><E96/><V6/><F6/><W59/><G71/><T18/><D18/><U38/><E38/><V1/><F1/><W81/><G125/><T110/><D110/><U98/><E98/><V40/><F40/><W53/><G97/><T67/><D121/><U108/><E108/><V119/><F119/><N who="0" m="45578" /><D67/><U36/><E36/><V79/><REACH who="2" step="1"/><F34/><REACH who="2" ten="250,250,160,330" step="2"/><W58/><G66/><T89/><D107/><U70/><REACH who="1" step="1"/><E7/><REACH who="1" ten="250,240,160,330" step="2"/><V113/><F113/><W10/><G53/><T128/><D115/><U29/><E29/><V14/><F14/><W94/><G10/><T95/><D112/><U49/><E49/><V62/><F62/><W105/><G50/><T19/><D128/><U90/><AGARI ba="0,2" hai="8,9,12,17,23,42,45,48,63,64,70,82,84,90" machi="90" ten="20,3900,0" yaku="1,1,0,1,7,1,53,0" doraHai="68" doraHaiUra="133" who="1" fromWho="1" sc="250,-13,240,59,160,-13,330,-13" />
</Scene>
<Scene>
<INIT seed="1,1,0,4,3,35" ten="237,299,147,317" oya="1" hai0="53,59,43,111,22,36,102,115,63,112,29,133,52" hai1="94,20,91,89,85,5,8,23,3,4,50,38,77" hai2="68,105,109,34,106,19,120,134,67,60,98,54,39" hai3="86,30,122,18,15,24,46,27,100,51,127,7,76"/><U116/><E38/><V132/><F109/><W73/><G73/><T62/><D102/><U101/><E116/><V40/><F120/><W108/><G122/><T84/><D84/><U69/><E69/><V14/><F34/><W107/><G108/><T66/><D111/><U11/><E77/><V58/><F98/><W55/><G127/><T16/><D29/><U2/><E101/><V10/><F106/><W88/><G76/><T119/><D119/><U93/><E50/><V56/><F105/><W125/><G125/><T48/><D133/><U95/><E95/><V128/><F128/><W126/><G126/><T49/><D36/><U28/><E28/><V81/><F81/><W6/><G107/><T117/><D43/><U33/><E33/><V123/><F123/><W57/><G100/><T118/><D118/><U130/><E130/><V42/><F58/><W74/><G74/><T21/><D117/><U61/><E61/><V92/><F92/><N who="3" m="54295" /><G46/><T0/><D66/><U13/><E13/><V82/><F82/><W114/><G114/><T12/><D0/><U96/><AGARI ba="1,0" hai="2,3,4,5,8,11,20,23,85,89,91,93,94,96" machi="96" ten="20,12000,1" yaku="0,1,7,1,9,1,52,2" doraHai="35" who="1" fromWho="1" sc="237,-41,299,123,147,-41,317,-41" />
</Scene>
<Scene>
<INIT seed="1,2,0,3,4,82" ten="196,422,106,276" oya="1" hai0="66,7,122,84,89,0,39,49,18,113,74,65,110" hai1="2,76,86,20,19,88,79,27,131,81,24,130,92" hai2="64,6,103,97,94,102,29,106,101,135,83,54,134" hai3="119,114,50,4,45,46,52,71,116,48,132,91,68"/><U10/><E27/><V98/><F64/><W8/><G91/><T26/><D39/><U126/><E126/><V85/><F54/><N who="3" m="29975" /><G8/><T59/><D113/><U56/><E56/><V32/><F6/><W13/><G13/><T107/><D74/><U5/><REACH who="1" step="1"/><E76/><REACH who="1" ten="196,412,106,276" step="2"/><N who="2" m="46311" /><F32/><W38/><G114/><T37/><D59/><U41/><E41/><V62/><F29/><W61/><G68/><T47/><D26/><U75/><AGARI ba="2,1" hai="2,5,10,19,20,24,75,79,81,86,88,92,130,131" machi="75" ten="30,12000,1" yaku="1,1,0,1,52,1,54,1,53,1" doraHai="82" doraHaiUra="34" who="1" fromWho="1" sc="196,-42,412,136,106,-42,276,-42" />
</Scene>
<Scene>
<INIT seed="1,3,0,5,4,67" ten="154,548,64,234" oya="1" hai0="133,15,106,118,14,119,75,47,54,38,89,7,42" hai1="69,120,112,52,124,31,24,26,111,102,116,73,53" hai2="127,2,108,0,97,56,134,101,80,65,86,29,60" hai3="17,79,76,68,21,84,94,23,88,126,135,103,81"/><U121/><E73/><V70/><F108/><W36/><G36/><T64/><D75/><U1/><E1/><V96/><F127/><W22/><G126/><T44/><D106/><U59/><E124/><V25/><F134/><W4/><G4/><T34/><D34/><U19/><E116/><V49/><F97/><W78/><G135/><T46/><D133/><U85/><E111/><V100/><F100/><W30/><G30/><T5/><D64/><U125/><E125/><V105/><F49/><W48/><G103/><T93/><D38/><U10/><E102/><V3/><F56/><W123/><G123/><T109/><D42/><U130/><E59/><V110/><F110/><W92/><G17/><T62/><D109/><U113/><E31/><V43/><F43/><W9/><G9/><T40/><D40/><U98/><E10/><V28/><REACH who="2" step="1"/><F25/><REACH who="2" ten="154,548,54,234" step="2"/><W107/><G107/><T132/><D132/><U82/><E98/><V104/><F104/><W91/><G48/><T63/><D118/><U115/><E115/><V32/><F32/><W6/><G92/><T16/><D119/><U55/><E113/><V27/><F27/><W35/><G35/><T129/><D93/><U45/><E112/><V71/><F71/><W117/><G68/><T8/><D46/><U41/><E45/><V95/><F95/><W12/><G117/><T58/><D47/><U37/><E69/><V74/><F74/><W77/><G94/><T99/><D44/><U13/><E26/><V33/><F33/><W128/><G128/><T83/><D129/><U114/><E130/><V87/><F87/><RYUUKYOKU ba="3,1" sc="154,-15,548,-15,54,15,234,15" hai2="0,2,3,28,29,60,65,70,80,86,96,101,105" hai3="6,12,21,22,23,76,77,78,79,81,84,88,91" />
</Scene>
<Scene>
<INIT seed="2,4,1,0,5,20" ten="139,533,69,249" oya="2" hai0="43,126,12,92,91,102,30,29,65,40,36,88,118" hai1="3,53,25,76,9,99,130,77,114,13,72,73,122" hai2="0,26,121,38,133,21,1,87,83,11,44,7,123" hai3="110,128,79,57,23,54,55,93,59,27,67,135,39"/><V81/><F133/><W8/><G39/><T100/><D126/><U18/><E114/><V31/><F0/><W24/><G110/><T37/><D65/><U16/><E130/><V84/><F38/><W106/><G106/><T15/><REACH who="0" step="1"/><D92/><REACH who="0" ten="129,533,69,249" step="2"/><U108/><E108/><V52/><F83/><W94/><G67/><T34/><D34/><U70/><E122/><V28/><F28/><W80/><G93/><T75/><D75/><U48/><E72/><V120/><REACH who="2" step="1"/><F81/><REACH who="2" ten="129,533,59,249" step="2"/><W49/><G80/><T45/><D45/><U105/><E73/><V58/><F58/><W112/><G57/><T63/><D63/><U32/><E70/><V90/><F90/><W69/><G59/><T85/><D85/><U51/><E77/><V95/><F95/><W42/><G94/><T96/><D96/><U50/><E76/><V4/><F4/><W111/><G79/><T46/><D46/><U113/><E99/><V10/><F10/><W98/><G8/><T117/><AGARI ba="4,3" hai="12,15,29,30,36,37,40,43,88,91,100,102,117,118" machi="117" ten="25,8000,1" yaku="1,1,0,1,22,2,54,1,53,0" doraHai="20" doraHaiUra="129" who="0" fromWho="0" sc="129,122,533,-24,59,-44,249,-24" />
</Scene>
<Scene>
<INIT seed="3,0,0,3,0,66" ten="251,509,15,225" oya="3" hai0="57,129,87,82,17,107,67,51,99,102,1,25,100" hai1="63,81,62,83,95,42,77,23,130,79,135,88,34" hai2="40,52,9,96,80,13,38,86,60,31,89,35,18" hai3="53,74,14,65,93,125,54,115,75,15,120,64,29"/><W114/><G93/><T19/><D1/><U110/><E34/><V119/><F119/><W123/><REACH who="3" step="1"/><G29/><REACH who="3" ten="251,509,15,215" step="2"/><T28/><D28/><U41/><E95/><V22/><F31/><W70/><G70/><T78/><D129/><U134/><E130/><V32/><F38/><W98/><G98/><T36/><D36/><U49/><E135/><V24/><F40/><W58/><G58/><T113/><D57/><U94/><E134/><V104/><F104/><W72/><G72/><T8/><D99/><U73/><E94/><V10/><F96/><W61/><G61/><T124/><D107/><U47/><E73/><V133/><F133/><W5/><G5/><T121/><D100/><U26/><E41/><V16/><REACH who="2" step="1"/><F10/><REACH who="2" ten="251,509,5,215" step="2"/><W6/><G6/><T122/><D8/><U90/><E42/><V131/><F131/><W3/><G3/><T117/><D117/><U0/><E0/><V30/><F30/><W105/><G105/><T45/><D102/><U48/><E49/><V128/><F128/><W2/><G2/><T76/><D51/><U106/><E48/><V97/><F97/><W33/><G33/><T116/><D116/><U101/><E106/><V127/><F127/><AGARI ba="0,2" hai="14,15,53,54,64,65,74,75,114,115,120,123,125,127" machi="127" ten="25,12000,1" yaku="1,1,22,2,53,2" doraHai="66" doraHaiUra="108" who="3" fromWho="2" sc="251,0,509,0,5,-120,215,140" owari="251,-15.0,509,61.0,-115,-62.0,355,16.0" />
</Scene>
</mjloggm>