<mjloggm ver="2.3"><GO type="193"/><UN n0="%E3%82%BF%E3%82%AA%CF%80%CF%80" n1="%E3%83%89%E3%83%A9%35%E3%82%93%E5%8D%B1%E6%A9%9F%E4%B8%80%E7%99%BA" n2="%79%63%66%64%62" n3="%E5%A4%AA%E3%81%8F%E3%81%AA%E3%81%84%E3%81%8A" dan="13,11,14,12" rate="1791,1595,1793,1950" sx="M,M,M,M"/><TAIKYOKU oya="0"/>

<Scene>
<INIT seed="0,0,0,1,4,3" ten="250,250,250,250" oya="0" hai0="129,19,59,122,10,81,113,127,30,96,83,13,119" hai1="52,48,87,68,132,33,74,105,36,126,114,23,93" hai2="133,73,64,43,135,130,16,24,79,44,51,37,32" hai3="21,54,134,65,46,86,75,66,62,7,103,17,95"/><T45/><D119/><U41/><E105/><V120/><F120/><W88/><G75/><T15/><D122/><U71/><E74/><V98/><F98/><W58/><G134/><N who="2" m="51209" /><F64/><W110/><G110/><T115/><D127/><U56/><E33/><V18/><F130/><W131/><G131/><T97/><D129/><U121/><E121/><V5/><F51/><N who="3" m="29047" /><G103/><T28/><D59/><U49/><E114/><N who="0" m="43529" /><D45/><U69/><E126/><V89/><F89/><W1/><G1/><T107/><D19/><U90/><E36/><V61/><F61/><W9/><G9/><T26/><D10/><U57/><E41/><V102/><F102/><W128/><G128/><T111/><D26/><U6/><E132/><V78/><F5/><W22/><G22/><T38/><D38/><U63/><E6/><V20/><F32/><W70/><G70/><T31/><D107/><U53/><E23/><N who="2" m="13415" /><F73/><W12/><G66/><AGARI ba="0,0" hai="48,49,52,53,56,57,63,66,68,69,71,87,90,93" machi="66" ten="40,2600,0" yaku="9,1,54,1" doraHai="3" who="1" fromWho="3" sc="250,0,250,26,250,0,250,-26" />
</Scene>
<Scene>
<INIT seed="1,0,0,3,1,95" ten="250,276,250,224" oya="1" hai0="43,134,16,23,77,67,70,33,3,85,25,135,109" hai1="127,20,83,9,68,38,60,126,62,132,69,82,75" hai2="72,100,15,106,117,13,121,1,40,35,14,41,119" hai3="104,79,11,44,124,64,131,2,118,46,112,21,128"/><U96/><E38/><V28/><F121/><W89/><G112/><T108/><D43/><U91/><E9/><V114/><F1/><W18/><G104/><T103/><D70/><U12/><E132/><N who="0" m="50729" /><D67/><U94/><E75/><V92/><F72/><W29/><G79/><T37/><D37/><U111/><E111/><N who="0" m="42569" /><D77/><U34/><E68/><V31/><F106/><W27/><G124/><N who="1" m="47658" /><E69/><V55/><F114/><W76/><G76/><T97/><D85/><U105/><E105/><V74/><F74/><W48/><G64/><T73/><D73/><U22/><E34/><V49/><F35/><W71/><G71/><T0/><D33/><U19/><E22/><V42/><F117/><W17/><G118/><T53/><D53/><U63/><AGARI ba="0,0" hai="12,19,20,60,62,63,82,83,91,94,96" m="47658" machi="63" ten="30,3000,0" yaku="18,1,52,1" doraHai="95" who="1" fromWho="1" sc="250,-10,276,30,250,-10,224,-10" />
</Scene>
<Scene>
<INIT seed="1,1,0,3,3,124" ten="240,306,240,214" oya="1" hai0="55,29,63,73,103,9,123,28,80,31,115,96,118" hai1="97,134,57,51,17,83,109,58,100,34,128,77,76" hai2="54,101,117,33,50,15,64,84,56,108,82,81,105" hai3="19,38,129,46,75,69,36,3,113,116,61,71,8"/><U94/><E34/><V30/><F117/><W78/><G113/><T107/><D118/><U79/><E134/><V99/><F108/><W132/><G116/><T126/><D115/><U53/><E109/><V25/><F84/><W0/><G132/><T2/><D123/><U68/><E68/><V67/><F15/><W122/><G122/><T6/><D126/><U66/><E128/><V18/><F18/><W24/><G24/><T44/><D73/><U89/><E66/><V1/><F1/><W106/><G19/><T20/><D80/><U119/><E17/><V4/><F4/><W114/><G114/><T42/><D63/><U22/><E22/><V60/><REACH who="2" step="1"/><F67/><REACH who="2" ten="240,306,230,214" step="2"/><W23/><G3/><T48/><REACH who="0" step="1"/><D42/><REACH who="0" ten="230,306,230,214" step="2"/><U74/><E119/><V104/><F104/><W121/><G106/><T35/><D35/><U87/><E74/><V135/><F135/><W98/><G75/><T12/><D12/><U10/><E10/><V26/><F26/><AGARI ba="1,2" hai="2,6,9,20,26,28,29,31,44,48,55,96,103,107" machi="26" ten="40,1300,0" yaku="1,1,53,0" doraHai="124" doraHaiUra="133" who="0" fromWho="2" sc="230,36,306,0,230,-16,214,0" />
</Scene>
<Scene>
<INIT seed="2,0,0,3,5,96" ten="266,306,214,214" oya="2" hai0="36,124,84,112,99,77,48,32,43,50,13,23,132" hai1="91,105,101,109,123,42,30,133,126,29,16,86,90" hai2="75,62,53,60,130,22,39,11,27,40,59,7,80" hai3="87,117,85,6,47,0,107,10,100,54,125,97,25"/><V41/><F130/><W111/><G117/><T31/><D32/><U8/><E109/><V94/><F39/><W71/><G111/><T93/><D112/><U88/><E123/><V81/><F94/><W5/><G125/><T110/><D110/><U108/><E108/><V119/><F119/><W73/><G73/><T121/><D124/><U116/><E133/><V51/><F75/><W64/><G5/><T69/><D121/><U61/><E61/><V9/><F7/><W122/><G122/><T104/><D132/><U83/><E126/><V34/><F34/><W20/><G64/><T65/><D104/><U35/><E42/><N who="2" m="16491" /><F60/><W74/><G74/><T38/><D69/><U131/><E131/><V114/><F114/><W72/><G72/><T57/><D48/><U66/><E66/><V2/><F2/><W67/><G67/><T4/><D65/><U19/><E35/><V115/><F115/><W70/><G70/><T3/><D3/><U45/><E45/><V37/><F37/><W1/><G1/><T68/><D68/><U82/><E116/><V58/><F58/><W52/><G71/><T128/><D128/><U106/><E8/><N who="2" m="3147" /><F62/><W113/><G113/><T15/><D15/><U56/><E56/><V135/><F135/><W24/><G24/><T33/><D33/><U28/><E106/><V78/><F78/><W79/><G47/><T49/><D38/><U129/><E105/><V127/><F127/><W102/><G79/><T89/><D36/><U17/><E129/><V118/><F118/><W26/><G107/><T92/><D43/><U95/><E83/><RYUUKYOKU ba="0,0" sc="266,-15,306,15,214,15,214,-15" hai1="16,17,19,28,29,30,82,86,88,90,91,95,101" hai2="22,27,51,53,59,80,81" />
</Scene>
<Scene>
<INIT seed="2,1,0,3,3,55" ten="251,321,229,199" oya="2" hai0="115,21,61,88,63,9,59,123,129,91,41,48,93" hai1="40,94,16,79,128,76,47,45,117,20,28,14,71" hai2="102,64,53,96,57,30,110,36,2,87,124,135,116" hai3="5,72,121,29,90,98,84,13,105,119,80,31,39"/><V86/><F116/><W17/><G119/><T103/><D115/><U25/><E71/><V104/><F36/><W8/><G121/><T92/><D123/><U22/><E128/><V82/><F2/><W38/><G72/><T10/><D129/><U127/><E127/><V118/><F118/><W62/><G62/><T32/><D32/><U42/><E94/><V43/><F124/><W51/><G51/><T35/><D35/><U15/><E15/><V37/><F135/><W58/><G58/><T33/><D33/><U111/><E111/><V24/><F110/><W12/><G39/><T101/><D21/><U89/><E89/><N who="0" m="34377" /><D41/><N who="1" m="15979" /><E117/><V95/><F64/><W75/><G38/><T18/><D48/><U112/><E112/><V131/><F131/><W126/><G75/><T130/><D130/><U122/><E122/><V120/><F120/><W23/><REACH who="3" step="1"/><G126/><REACH who="3" ten="251,321,229,189" step="2"/><T132/><D132/><U74/><E74/><V26/><F37/><W52/><G52/><N who="0" m="34023" /><D63/><U56/><E56/><V66/><F66/><W109/><G109/><T49/><D49/><U78/><AGARI ba="1,1" hai="14,16,20,22,25,28,45,47,76,78,79" m="15979" machi="78" ten="30,2000,0" yaku="8,1,54,1" doraHai="55" who="1" fromWho="1" sc="251,-6,321,33,229,-11,189,-6" />
</Scene>
<Scene>
<INIT seed="3,0,0,3,0,71" ten="245,354,218,183" oya="3" hai0="127,90,3,38,83,9,114,30,23,33,100,112,29" hai1="31,93,75,70,85,57,98,80,132,122,72,18,123" hai2="21,63,113,53,104,119,2,64,49,44,58,76,26" hai3="99,74,54,101,134,125,67,34,92,27,81,5,14"/><W25/><G134/><T20/><D38/><U124/><E70/><V105/><F113/><N who="0" m="43626" /><D100/><U0/><E0/><V133/><F119/><W94/><G125/><T78/><D90/><U10/><E124/><V128/><F133/><W47/><G67/><T126/><D83/><U77/><E132/><V117/><F128/><W88/><G74/><T52/><D52/><U108/><E108/><V66/><F117/><W50/><G81/><T35/><D78/><U13/><E31/><N who="0" m="11785" /><D3/><U45/><E57/><V97/><F2/><W1/><G1/><T115/><D9/><U116/><E45/><V87/><F97/><W41/><G54/><T48/><N who="0" m="43634" /><T40/><DORA hai="95" /><D40/><U69/><E116/><V89/><F76/><W103/><G34/><N who="0" m="12811" /><D48/><U42/><E42/><V32/><F32/><W61/><G61/><T79/><D79/><U107/><E69/><V16/><REACH who="2" step="1"/><F64/><REACH who="2" ten="245,354,208,183" step="2"/><W56/><G56/><T11/><D11/><U62/><E10/><V110/><F110/><W12/><G5/><T60/><D60/><U8/><E62/><V130/><F130/><W84/><REACH who="3" step="1"/><G103/><REACH who="3" ten="245,354,208,173" step="2"/><T59/><D59/><U55/><E75/><V131/><F131/><W86/><G86/><T36/><D36/><U24/><E72/><V129/><F129/><W15/><AGARI ba="0,2" hai="12,14,15,25,27,41,47,50,84,88,92,94,99,101" machi="15" ten="30,18000,2" yaku="1,1,0,1,8,1,52,1,54,1,53,1" doraHai="71,95" doraHaiUra="96,28" who="3" fromWho="3" sc="245,-60,354,-60,208,-60,173,200" owari="185,-21.0,294,9.0,148,-35.0,373,47.0" />
</Scene>
</mjloggm>