<mjloggm ver="2.3"><GO type="169"/><UN n0="%E5%A4%AA%E3%81%8F%E3%81%AA%E3%81%84%E3%81%8A" n1="%E3%81%84%E3%81%A1%E3%81%8B%E3%82%8F%E2%99%AA" n2="%E3%83%B4%E3%81%81%E3%81%AB%E3%82%89%E3%81%82%E3%81%84%E3%81%99" n3="%E5%8F%A4%E6%B8%85%E6%B0%B4%E5%87%9B" dan="18,17,16,17" rate="2153,2131,2048,2120" sx="M,M,M,F"/><TAIKYOKU oya="0"/>

<Scene>
<INIT seed="0,0,0,1,0,18" ten="250,250,250,250" oya="0" hai0="130,134,105,49,66,60,71,31,39,65,119,96,83" hai1="44,108,68,26,131,51,72,76,58,52,2,32,10" hai2="50,24,59,121,75,85,127,20,115,27,34,90,17" hai3="95,107,111,135,25,19,45,82,69,13,1,0,128"/><T64/><D119/><U28/><E68/><V54/><F121/><W98/><G107/><T103/><D39/><U56/><E108/><V123/><F127/><W7/><G111/><T16/><D130/><U116/><E131/><V55/><F123/><W29/><G69/><T30/><D134/><U73/><E116/><V104/><F115/><W88/><G135/><T61/><D83/><U9/><E73/><V89/><F104/><W33/><G128/><T133/><D133/><U113/><E113/><V78/><F75/><W132/><G132/><T35/><D49/><U47/><E47/><V118/><F118/><W91/><G45/><T4/><D4/><U63/><E58/><V122/><F122/><W77/><G91/><T42/><D42/><U14/><E2/><V62/><F34/><W40/><G7/><T87/><D87/><U5/><E72/><V125/><F125/><W41/><G40/><T129/><D129/><U93/><E93/><V124/><F124/><W110/><G41/><T53/><D16/><U23/><E76/><V114/><F114/><W48/><G48/><T8/><D8/><U97/><E97/><V79/><F27/><W36/><G36/><T99/><D99/><U109/><E10/><V80/><REACH who="2" step="1"/><F90/><REACH who="2" ten="250,250,240,250" step="2"/><W3/><G110/><T117/><D117/><U38/><E109/><V81/><F81/><W70/><G82/><T46/><D35/><U86/><E32/><V102/><F102/><W12/><G33/><T120/><D120/><U74/><E74/><V126/><F126/><W43/><G88/><T92/><D105/><U21/><E26/><RYUUKYOKU ba="0,1" sc="250,-10,250,-10,240,30,250,-10" hai2="17,20,24,50,54,55,59,62,78,79,80,85,89" />
</Scene>
<Scene>
<INIT seed="1,1,1,0,5,73" ten="240,240,270,240" oya="1" hai0="59,24,86,67,97,46,93,62,11,89,74,51,122" hai1="95,17,84,45,81,32,111,55,61,77,7,27,78" hai2="18,15,103,133,94,25,80,107,6,52,38,82,117" hai3="131,90,132,3,88,70,5,104,26,22,101,44,39"/><U21/><E32/><V102/><F117/><W12/><G70/><T109/><D109/><U47/><E111/><V16/><F38/><W91/><G3/><T10/><D74/><U96/><E7/><V72/><F107/><W79/><G132/><T42/><D122/><U31/><E31/><V49/><F133/><W60/><G131/><T34/><D34/><U127/><E127/><V118/><F118/><W112/><G60/><T54/><D24/><U56/><REACH who="1" step="1"/><E78/><REACH who="1" ten="240,230,270,240" step="2"/><V63/><F72/><W43/><G79/><T114/><D114/><U2/><E2/><V64/><F6/><W0/><G0/><T4/><D4/><U124/><E124/><V20/><F18/><W68/><G112/><T99/><D67/><U14/><E14/><V115/><F15/><W19/><G5/><T135/><D135/><U126/><E126/><V116/><F116/><W65/><G12/><T13/><D13/><U9/><E9/><AGARI ba="1,2" hai="9,10,11,42,46,51,54,59,62,86,89,93,97,99" machi="9" ten="40,1300,0" yaku="8,1" doraHai="73" who="0" fromWho="1" sc="240,36,230,-16,270,0,240,0" />
</Scene>
<Scene>
<INIT seed="2,0,0,5,5,78" ten="276,214,270,240" oya="2" hai0="89,9,23,134,40,37,52,31,90,18,108,51,106" hai1="77,93,15,58,54,116,74,72,94,131,98,110,35" hai2="17,124,57,53,7,32,86,33,14,34,113,88,120" hai3="130,47,73,2,79,126,76,16,123,56,60,22,71"/><V100/><F120/><W45/><G2/><T26/><D106/><U87/><E35/><V125/><F113/><W5/><G5/><T118/><D108/><U21/><E116/><V8/><F100/><W25/><G71/><T30/><D118/><U29/><E110/><V84/><F84/><W62/><G123/><T91/><D134/><U101/><E131/><V103/><F103/><W83/><G130/><T24/><D9/><U19/><E29/><N who="0" m="10761" /><D37/><U127/><E127/><N who="2" m="48715" /><F7/><W75/><G126/><T81/><D40/><U107/><E107/><V115/><F115/><W80/><G62/><T114/><D114/><U49/><E77/><V44/><F44/><W129/><G129/><T43/><D43/><U128/><REACH who="1" step="1"/><E128/><REACH who="1" ten="276,204,270,240" step="2"/><V133/><F133/><W112/><REACH who="3" step="1"/><G112/><REACH who="3" ten="276,204,270,230" step="2"/><T36/><D36/><U95/><E95/><N who="2" m="54679" /><F34/><W104/><G104/><T69/><D69/><U111/><E111/><V119/><F119/><W28/><G28/><T99/><D99/><U46/><E46/><V10/><F10/><W135/><G135/><T92/><D92/><U64/><E64/><AGARI ba="0,2" hai="16,22,25,45,47,56,60,64,73,75,76,79,80,83" machi="64" ten="30,12000,2" yaku="1,1,7,1,9,1,52,2,54,1,53,1" doraHai="78" doraHaiUra="13" who="3" fromWho="1" sc="276,0,204,-120,270,0,230,140" />
</Scene>
<Scene>
<INIT seed="3,0,0,2,1,2" ten="276,84,270,370" oya="3" hai0="40,12,121,108,93,7,95,31,122,97,34,90,20" hai1="101,88,24,62,89,113,61,75,54,86,110,128,38" hai2="133,15,96,39,116,94,105,84,48,43,104,10,73" hai3="1,30,76,102,47,53,130,56,46,79,49,60,21"/><W66/><G130/><T126/><D108/><U112/><E38/><V80/><F116/><W85/><G1/><T72/><D72/><U63/><E75/><V18/><F133/><W82/><G102/><T45/><D126/><U114/><E110/><V13/><F39/><W92/><G92/><T19/><D7/><U28/><E101/><V106/><F73/><W4/><G79/><T127/><D127/><U27/><E128/><V35/><F35/><W129/><G129/><T32/><D93/><U57/><E24/><V65/><F65/><W51/><G4/><T123/><REACH who="0" step="1"/><D31/><REACH who="0" ten="266,84,270,370" step="2"/><U17/><E17/><V91/><F15/><W33/><G33/><T98/><D98/><U52/><E89/><V135/><F135/><W103/><G103/><T5/><D5/><U37/><E37/><AGARI ba="0,1" hai="12,19,20,32,34,37,40,45,90,95,97,121,122,123" machi="37" ten="40,1300,0" yaku="1,1,53,0" doraHai="2" doraHaiUra="26" who="0" fromWho="1" sc="266,23,84,-13,270,0,370,0" />
</Scene>
<Scene>
<INIT seed="4,0,0,0,4,130" ten="289,71,270,370" oya="0" hai0="49,77,66,62,21,103,110,74,88,79,83,33,64" hai1="119,98,32,52,48,70,15,118,81,27,12,42,99" hai2="19,30,101,73,112,114,38,23,80,82,35,131,0" hai3="97,11,93,65,100,54,126,41,72,96,121,34,2"/><T50/><D33/><U76/><E70/><V135/><F131/><W122/><G72/><T37/><D37/><U13/><E42/><V9/><F38/><W106/><G34/><T36/><D36/><U57/><E118/><V95/><F35/><W24/><G24/><T105/><D110/><U94/><E119/><V134/><F30/><W3/><G126/><T39/><D39/><U58/><E58/><V59/><F59/><W31/><G31/><T46/><D79/><U87/><E98/><N who="2" m="59615" /><F9/><W128/><G41/><T20/><D50/><U29/><REACH who="1" step="1"/><E13/><REACH who="1" ten="289,61,270,370" step="2"/><N who="2" m="9711" /><F0/><W8/><G3/><T69/><D69/><U25/><E25/><V111/><F111/><W40/><G2/><T44/><D44/><U43/><E43/><V16/><F16/><W7/><G40/><T14/><D46/><U129/><E129/><V4/><F4/><W127/><G7/><T71/><D71/><U91/><AGARI ba="0,1" hai="12,15,27,29,32,48,52,57,76,81,87,91,94,99" machi="91" ten="20,8000,1" yaku="1,1,0,1,7,1,54,1,53,1" doraHai="130" doraHaiUra="90" who="1" fromWho="1" sc="289,-40,61,90,270,-20,370,-20" />
</Scene>
<Scene>
<INIT seed="5,0,0,3,1,25" ten="249,151,250,350" oya="1" hai0="89,15,14,91,103,97,44,129,109,68,29,19,20" hai1="119,74,113,108,58,98,87,5,66,127,26,48,43" hai2="8,78,99,61,56,55,125,1,46,32,84,52,90" hai3="18,54,28,9,64,35,0,122,60,73,133,22,2"/><U45/><E74/><V105/><F125/><W3/><G122/><T33/><D109/><U115/><E119/><V92/><F32/><W75/><G35/><T82/><D68/><U51/><E127/><V53/><F105/><W134/><G28/><T13/><D129/><U4/><E87/><V17/><F1/><W101/><G54/><T86/><D91/><U16/><E98/><V6/><F6/><W79/><G9/><T94/><REACH who="0" step="1"/><D44/><REACH who="0" ten="239,151,250,350" step="2"/><U107/><E108/><V27/><F46/><W93/><G133/><T49/><D49/><U126/><E126/><V31/><F78/><W106/><G79/><T72/><D72/><U11/><E115/><V121/><F121/><W110/><G75/><T41/><D41/><U81/><E113/><V83/><F61/><W7/><G134/><T50/><D50/><U39/><E51/><V88/><F56/><W30/><G60/><T131/><D131/><U70/><E70/><V12/><F55/><W24/><G73/><T116/><D116/><U38/><E48/><V132/><F132/><W37/><G110/><T135/><D135/><U114/><E114/><V85/><F85/><W65/><G37/><T118/><D118/><U124/><E124/><V34/><AGARI ba="0,1" hai="8,12,17,27,31,34,52,53,83,84,88,90,92,99" machi="34" ten="20,8000,1" yaku="0,1,7,1,52,1,54,2" doraHai="25" who="2" fromWho="2" sc="239,-20,151,-40,250,90,350,-20" />
</Scene>
<Scene>
<INIT seed="6,0,0,2,1,71" ten="219,111,340,330" oya="2" hai0="122,30,62,123,115,84,1,76,106,131,121,32,60" hai1="37,89,48,17,125,2,34,105,112,124,98,92,109" hai2="14,114,35,101,70,38,31,103,99,22,6,39,10" hai3="78,96,104,23,77,45,59,130,81,63,97,7,4"/><V79/><F70/><W68/><G68/><T50/><D1/><U91/><E2/><V21/><F79/><N who="3" m="30219" /><G104/><T46/><D106/><U133/><E34/><V52/><F114/><W120/><G120/><T25/><D115/><U57/><E109/><V100/><F99/><N who="3" m="37963" /><G130/><T27/><D131/><U69/><E69/><V56/><F35/><W0/><G0/><T75/><D75/><U73/><E73/><V74/><F74/><W47/><G81/><T61/><D27/><U55/><E112/><V126/><F126/><N who="1" m="48745" /><E133/><V5/><F5/><N who="3" m="2123" /><G23/><T9/><D9/><U33/><E105/><V13/><F22/><W12/><G12/><T85/><REACH who="0" step="1"/><D76/><REACH who="0" ten="209,111,340,330" step="2"/><U16/><E91/><V129/><F129/><W36/><G36/><T110/><D110/><U15/><E33/><V118/><F118/><W102/><G102/><T90/><D90/><U40/><E15/><V95/><F14/><W86/><G86/><T88/><D88/><U80/><E80/><V72/><F72/><W132/><G132/><T128/><D128/><U18/><E18/><V127/><F127/><W41/><G41/><AGARI ba="0,1" hai="25,30,32,41,46,50,60,61,62,84,85,121,122,123" machi="41" ten="50,3200,0" yaku="1,1,53,1" doraHai="71" doraHaiUra="29" who="0" fromWho="3" sc="209,42,111,0,340,0,330,-32" />
</Scene>
<Scene>
<INIT seed="7,0,0,2,4,26" ten="251,111,340,298" oya="3" hai0="78,30,64,23,126,9,101,62,1,13,90,17,65" hai1="55,112,123,5,131,84,60,67,35,46,51,47,37" hai2="85,96,57,2,27,66,20,16,53,104,91,89,4" hai3="3,119,63,98,127,45,25,43,105,107,70,48,102"/><W82/><G119/><T110/><D110/><U128/><E5/><V10/><F66/><W100/><G3/><T44/><D126/><U94/><E35/><V8/><F8/><W18/><G127/><T97/><D78/><U54/><E84/><V34/><F34/><W50/><G82/><T132/><D132/><U38/><E94/><V24/><F24/><W125/><G125/><T19/><D90/><U49/><E123/><V61/><REACH who="2" step="1"/><F85/><REACH who="2" ten="251,111,330,298" step="2"/><W108/><G108/><T86/><D44/><U15/><E15/><V117/><F117/><W21/><G45/><T72/><D62/><U11/><E11/><V133/><F133/><W116/><G116/><T114/><D97/><U0/><E0/><V122/><F122/><W92/><G63/><T124/><D101/><AGARI ba="0,1" hai="2,4,10,16,20,27,53,57,61,89,91,96,101,104" machi="101" ten="40,2600,0" yaku="1,1,54,1,53,0" doraHai="26" doraHaiUra="118" who="2" fromWho="0" sc="251,-26,111,0,330,36,298,0" owari="225,-17.0,111,-39.0,366,46.0,298,10.0" />
</Scene>
</mjloggm>