<mjloggm ver="2.3"><GO type="169"/><UN n0="%E3%81%BE%E3%81%8A%E3%82%89%E3%82%93" n1="%E3%81%94%E3%81%98%E3%82%83%E3%82%8B" n2="%59%48%56%48" n3="%E5%A4%AA%E3%81%8F%E3%81%AA%E3%81%84%E3%81%8A" dan="16,17,16,18" rate="2082,2171,2089,2192" sx="F,M,F,M"/><TAIKYOKU oya="0"/>

<Scene>
<INIT seed="0,0,0,3,1,69" ten="250,250,250,250" oya="0" hai0="38,87,122,32,109,36,90,89,21,67,56,11,53" hai1="22,51,8,41,103,27,12,50,83,81,62,47,72" hai2="132,15,96,64,118,73,68,128,121,13,25,16,105" hai3="4,82,123,30,65,2,34,127,33,39,133,98,86"/><T40/><D122/><U70/><E103/><V20/><F121/><W14/><G2/><T124/><D32/><U58/><E70/><V43/><F73/><W94/><G65/><T79/><D67/><U126/><E126/><V35/><F128/><W117/><G117/><T92/><D79/><U129/><E129/><V130/><F130/><W19/><G4/><T26/><D40/><U60/><E51/><V114/><F114/><W76/><G127/><T107/><D107/><U91/><E72/><V66/><F132/><W49/><G133/><T100/><D100/><U101/><E101/><V61/><F66/><W23/><G123/><T3/><D124/><U1/><E1/><V6/><F118/><W104/><G104/><T106/><D106/><U42/><E42/><V10/><F43/><W135/><G135/><T57/><D57/><U45/><E45/><V134/><F134/><W48/><G39/><T29/><D109/><U9/><E9/><V52/><F105/><W116/><G116/><T85/><D11/><U119/><E119/><V37/><F96/><W115/><G115/><T95/><D3/><U28/><E91/><V111/><F37/><W113/><G113/><T108/><D108/><U71/><E71/><V77/><F77/><W88/><REACH who="3" step="1"/><G33/><REACH who="3" ten="250,250,250,240" step="2"/><T99/><D99/><U59/><E62/><AGARI ba="0,1" hai="21,26,29,36,38,53,56,62,85,87,89,90,92,95" machi="62" ten="30,11600,0" yaku="7,1,9,1,52,2" doraHai="69" who="0" fromWho="1" sc="250,126,250,-116,250,0,240,0" />
</Scene>
<Scene>
<INIT seed="0,1,0,1,3,37" ten="376,134,250,240" oya="0" hai0="133,84,16,4,7,70,66,104,113,12,20,2,102" hai1="24,82,57,107,109,118,40,54,81,53,75,71,95" hai2="29,27,63,60,43,14,58,130,50,79,51,0,135" hai3="35,62,52,92,101,131,44,32,123,18,128,15,85"/><T83/><D113/><U120/><E107/><V87/><F0/><W38/><G123/><T39/><D39/><U17/><E71/><V105/><F105/><W46/><G46/><T8/><D133/><U97/><E120/><V74/><F74/><W25/><G25/><T10/><D104/><U129/><E118/><V65/><F135/><W3/><G3/><T36/><D36/><U49/><E129/><N who="3" m="49738" /><G38/><T88/><D102/><U93/><E109/><V122/><F122/><W94/><G85/><T28/><D28/><U73/><E73/><V86/><F130/><W80/><G80/><T126/><D126/><U110/><E110/><V23/><F14/><W96/><G92/><T100/><D100/><U67/><E67/><V116/><F116/><W72/><G72/><T61/><REACH who="0" step="1"/><D20/><REACH who="0" ten="366,134,250,240" step="2"/><U55/><E75/><V59/><F79/><W47/><G32/><T45/><D45/><U41/><E97/><V21/><F23/><N who="3" m="11743" /><G35/><T121/><D121/><U125/><E125/><V64/><F51/><W26/><G44/><AGARI ba="1,1" hai="21,27,29,43,44,50,58,59,60,63,64,65,86,87" machi="44" ten="40,5200,0" yaku="9,1,8,1,52,1" doraHai="37" who="2" fromWho="3" sc="366,0,134,0,250,65,240,-55" />
</Scene>
<Scene>
<INIT seed="1,0,0,5,4,21" ten="366,134,315,185" oya="1" hai0="79,68,25,43,61,51,53,60,81,123,49,121,103" hai1="135,72,109,1,101,99,115,7,134,116,120,50,113" hai2="47,17,55,127,9,73,30,95,6,8,104,107,32" hai3="33,108,3,40,102,38,19,122,84,39,71,59,130"/><U45/><E116/><V66/><F73/><W77/><G71/><T97/><D43/><U64/><E64/><V12/><F127/><W29/><G122/><N who="0" m="46603" /><D25/><U56/><E120/><V91/><F66/><W82/><G3/><T22/><D22/><U89/><E72/><V126/><F126/><W54/><G108/><T23/><D23/><U75/><E75/><V14/><F32/><W34/><G130/><T5/><D68/><U28/><E56/><V85/><F30/><W86/><G102/><T129/><D129/><U37/><E37/><V125/><F125/><W58/><G19/><T31/><D31/><U132/><E89/><V100/><F100/><W20/><G20/><T74/><D5/><U96/><E109/><V111/><F111/><W78/><G40/><T11/><D11/><N who="1" m="2543" /><E28/><V76/><F76/><W18/><G29/><T70/><D70/><U48/><E99/><V10/><F10/><W0/><G0/><T87/><D74/><U94/><E48/><N who="0" m="18505" /><D53/><AGARI ba="0,0" hai="45,50,53,94,96,101,113,115,132,134,135" m="2543" machi="53" ten="30,1500,0" yaku="20,1" doraHai="21" who="1" fromWho="0" sc="366,-15,134,15,315,0,185,0" />
</Scene>
<Scene>
<INIT seed="1,1,0,5,5,21" ten="351,149,315,185" oya="1" hai0="48,88,18,35,90,131,99,135,75,57,78,66,32" hai1="109,121,16,132,124,43,97,27,70,28,7,62,102" hai2="77,36,117,5,40,54,59,63,127,60,112,69,52" hai3="119,56,100,39,114,134,47,120,84,128,80,68,2"/><U94/><E121/><V89/><F77/><W106/><RYUUKYOKU type="yao9" ba="1,0" sc="351,0,149,0,315,0,185,0" hai3="2,39,47,56,68,80,84,100,106,114,119,120,128,134" />
</Scene>
<Scene>
<INIT seed="1,2,0,2,2,112" ten="351,149,315,185" oya="1" hai0="111,44,117,11,100,132,70,114,20,105,17,77,130" hai1="69,5,74,94,68,99,53,32,55,57,31,80,47" hai2="67,107,84,124,108,127,125,15,16,22,83,87,104" hai3="52,102,103,10,40,66,86,63,43,101,0,38,82"/><U25/><E5/><V36/><F36/><W96/><G96/><T37/><D70/><U33/><E33/><V118/><F108/><W58/><G38/><T98/><D114/><U97/><E47/><V128/><F128/><W126/><G126/><T119/><D130/><U64/><E53/><V19/><F67/><W106/><G106/><N who="2" m="40489" /><F118/><W91/><G0/><T134/><D11/><U60/><E99/><V45/><F45/><W88/><G10/><T129/><D77/><U73/><E69/><V9/><F83/><W120/><G120/><T3/><D3/><U35/><E80/><V6/><F19/><W78/><G66/><T48/><D37/><U90/><REACH who="1" step="1"/><E32/><REACH who="1" ten="351,139,315,185" step="2"/><V34/><F34/><W116/><G116/><T21/><D129/><U28/><E28/><V39/><F39/><W54/><G54/><T12/><D111/><U131/><E131/><V41/><F41/><AGARI ba="2,1" hai="40,41,43,52,58,63,78,82,86,88,91,101,102,103" machi="41" ten="40,5200,0" yaku="8,1,54,2" doraHai="112" who="3" fromWho="2" sc="351,0,139,0,315,-58,185,68" />
</Scene>
<Scene>
<INIT seed="2,0,0,5,0,87" ten="351,139,257,253" oya="2" hai0="126,48,26,23,8,46,41,16,65,50,132,135,36" hai1="81,93,55,124,68,37,28,77,95,75,94,134,131" hai2="64,106,62,22,1,84,58,89,110,12,52,53,43" hai3="51,10,44,70,101,107,0,61,86,30,129,111,57"/><V109/><F106/><W92/><G111/><N who="2" m="42505" /><F1/><W20/><G129/><T15/><D65/><U121/><E68/><V113/><F113/><W69/><G107/><T98/><D126/><U3/><E3/><V102/><F102/><W17/><G30/><T24/><D24/><U2/><E2/><V79/><F79/><W112/><G112/><T6/><REACH who="0" step="1"/><D98/><REACH who="0" ten="341,139,257,253" step="2"/><U83/><E124/><V128/><F128/><W29/><G70/><T38/><D38/><U125/><E37/><V25/><F43/><W119/><G69/><T105/><D105/><U13/><E125/><V118/><F118/><W27/><G119/><T97/><D97/><U91/><E131/><V116/><F116/><W33/><G27/><T21/><D21/><U120/><E120/><V103/><F103/><W7/><G20/><T115/><D115/><U99/><E121/><V45/><F45/><W74/><G44/><T104/><D104/><U130/><E130/><V18/><F25/><W34/><G101/><T72/><D72/><U56/><E99/><V67/><F64/><W100/><G74/><T80/><D80/><AGARI ba="0,1" hai="12,18,22,52,53,58,62,67,80,84,89" m="42505" machi="80" ten="30,11600,0" yaku="14,1,10,1,52,1,54,1" doraHai="87" who="2" fromWho="0" sc="341,-116,139,0,257,126,253,0" />
</Scene>
<Scene>
<INIT seed="2,1,0,4,1,86" ten="225,139,383,253" oya="2" hai0="34,1,128,95,83,27,4,110,33,13,54,55,66" hai1="132,49,43,2,19,71,52,108,102,117,70,82,5" hai2="7,101,134,24,97,114,121,45,87,58,103,73,96" hai3="17,75,15,116,23,88,63,14,44,16,61,105,29"/><V78/><F121/><W89/><G116/><T3/><D66/><U106/><E117/><V10/><F114/><W6/><G75/><T77/><D128/><U122/><E122/><V25/><F73/><W67/><G105/><T76/><D110/><U81/><E43/><V21/><F134/><W85/><G6/><T48/><D13/><U72/><E108/><V12/><F58/><N who="3" m="37303" /><G63/><T118/><D118/><U111/><E111/><V9/><F45/><W39/><G39/><T42/><D42/><U125/><E132/><V59/><F59/><W100/><G100/><N who="2" m="38473" /><F10/><N who="3" m="6231" /><G44/><T64/><D64/><U56/><E72/><V104/><F104/><W26/><G85/><T91/><D4/><U124/><E5/><V11/><F11/><AGARI ba="1,0" hai="11,15,17,23,26,29,88,89" m="6231,37303" machi="11" ten="30,8000,1" yaku="8,1,52,2,54,2" doraHai="86" who="3" fromWho="2" sc="225,0,139,0,383,-83,253,83" />
</Scene>
<Scene>
<INIT seed="3,0,0,3,3,32" ten="225,139,300,336" oya="3" hai0="3,77,6,91,61,81,25,12,102,92,88,76,58" hai1="93,54,52,112,119,87,97,47,125,113,36,14,55" hai2="104,120,13,39,7,33,5,8,59,34,49,60,44" hai3="64,116,45,124,121,94,20,24,10,1,132,114,89"/><W48/><G121/><T86/><D102/><U28/><E125/><V18/><F120/><W26/><G116/><T75/><D75/><U105/><E105/><V84/><F104/><W100/><G114/><T135/><D135/><U128/><E119/><V131/><F39/><W40/><G124/><T0/><D12/><U46/><E128/><V57/><F131/><W42/><G132/><T41/><D6/><U62/><E28/><V129/><F129/><W123/><G64/><T63/><D63/><U16/><E87/><V37/><F37/><W110/><G100/><T74/><D41/><U126/><E126/><V115/><F115/><W50/><G110/><T23/><D91/><N who="1" m="55487" /><E36/><V95/><F34/><W17/><G123/><T56/><D76/><U134/><E134/><V53/><F33/><W65/><G65/><T70/><D70/><U122/><E122/><V80/><F95/><W118/><G118/><T66/><D58/><N who="1" m="35167" /><E113/><V101/><F101/><W4/><G26/><T130/><D130/><U15/><E15/><V9/><F9/><W133/><G133/><T21/><D21/><N who="1" m="11415" /><E112/><V85/><F85/><W99/><REACH who="3" step="1"/><G50/><REACH who="3" ten="225,139,300,326" step="2"/><T68/><D68/><U2/><E2/><V73/><F49/><W106/><G106/><T22/><REACH who="0" step="1"/><D23/><REACH who="0" ten="215,139,300,326" step="2"/><U79/><E79/><V98/><F60/><W78/><G78/><T35/><D35/><U72/><E72/><V127/><F73/><W117/><G117/><T19/><AGARI ba="0,2" hai="0,3,19,22,25,56,61,66,74,77,81,86,88,92" machi="19" ten="20,12000,2" yaku="1,1,0,1,7,1,52,2,54,1,53,1" doraHai="32" doraHaiUra="82" who="0" fromWho="0" sc="215,140,139,-30,300,-30,326,-60" />
</Scene>
<Scene>
<INIT seed="4,0,0,3,2,86" ten="355,109,270,266" oya="0" hai0="19,116,30,98,9,39,46,132,64,3,125,54,118" hai1="21,7,123,76,77,131,12,56,70,24,4,110,6" hai2="107,89,49,65,121,2,55,44,127,82,27,75,81" hai3="0,67,50,126,104,99,94,59,105,66,87,58,108"/><T78/><D30/><U119/><E70/><V115/><F2/><W72/><G108/><T102/><D64/><U26/><E110/><V11/><F121/><W117/><G72/><T111/><D78/><U41/><E123/><V34/><F107/><W45/><G0/><T47/><D111/><U33/><E119/><V112/><F65/><W48/><G117/><T84/><D47/><U16/><E131/><V25/><F127/><W83/><G126/><T101/><D125/><U106/><E106/><V90/><F11/><W10/><G10/><T95/><D102/><U85/><E41/><V62/><F62/><W135/><G135/><T74/><D74/><U42/><E42/><V120/><F120/><W134/><G134/><T130/><D132/><U80/><E33/><V40/><F40/><W114/><G114/><N who="2" m="43561" /><F34/><W18/><G67/><T57/><D46/><U35/><E35/><V129/><F129/><W23/><G66/><T14/><D39/><U63/><REACH who="1" step="1"/><E76/><REACH who="1" ten="355,99,270,266" step="2"/><N who="2" m="44191" /><F82/><W22/><G83/><T97/><D130/><U1/><E1/><V96/><F96/><N who="0" m="36970" /><D3/><U53/><AGARI ba="0,1" hai="4,6,7,12,16,21,24,26,53,56,63,77,80,85" machi="53" ten="30,7900,0" yaku="1,1,0,1,8,1,54,1,53,0" doraHai="86" doraHaiUra="124" who="1" fromWho="1" sc="355,-39,99,89,270,-20,266,-20" />
</Scene>
<Scene>
<INIT seed="5,0,0,2,4,16" ten="316,188,250,246" oya="1" hai0="109,88,73,124,130,82,76,99,91,116,49,114,24" hai1="72,39,64,60,57,95,50,89,112,61,59,10,121" hai2="11,127,65,101,13,36,29,77,107,83,38,86,71" hai3="28,81,96,131,106,70,42,47,113,85,132,41,8"/><U31/><E39/><V27/><F127/><W22/><G70/><T18/><D116/><U62/><E121/><V94/><F107/><W74/><G74/><T80/><D109/><U102/><E72/><V14/><F71/><W133/><G113/><T30/><D114/><U3/><E112/><V120/><F120/><W93/><G106/><T92/><D124/><U97/><E3/><V105/><F105/><W115/><G115/><T40/><D18/><U104/><E10/><V20/><F65/><W111/><G8/><T55/><D40/><U33/><E33/><V68/><F68/><W67/><G67/><T58/><D82/><U5/><E5/><V9/><F101/><N who="3" m="60559" /><G47/><T79/><D79/><U51/><E31/><V2/><F2/><W32/><G32/><T134/><D134/><N who="3" m="51817" /><G131/><T43/><D43/><U66/><REACH who="1" step="1"/><E60/><REACH who="1" ten="316,178,250,246" step="2"/><V17/><F94/><W78/><G111/><T123/><D123/><U90/><E90/><V19/><AGARI ba="0,1" hai="9,11,13,14,17,19,20,27,29,36,38,77,83,86" machi="19" ten="20,5200,0" yaku="0,1,7,1,9,1,52,1" doraHai="16" who="2" fromWho="2" sc="316,-13,178,-26,250,62,246,-13" />
</Scene>
<Scene>
<INIT seed="6,0,0,1,4,23" ten="303,152,312,233" oya="2" hai0="134,127,79,72,52,88,117,61,122,102,60,14,48" hai1="54,74,73,12,106,42,47,112,110,37,10,94,27" hai2="2,59,16,80,8,119,120,133,41,6,7,104,66" hai3="85,26,115,31,124,116,98,83,95,34,103,1,40"/><V43/><F119/><W35/><G116/><T96/><D122/><U45/><E106/><V89/><F120/><W4/><G124/><T121/><D121/><U71/><E110/><V126/><F104/><W3/><G40/><T108/><D117/><U57/><E71/><V63/><F126/><W131/><G131/><T17/><D108/><U67/><E112/><V123/><F123/><W86/><G115/><T51/><D127/><U84/><E67/><V128/><F128/><W25/><G4/><T82/><D51/><U39/><E47/><V114/><F114/><W20/><G86/><T101/><D134/><U129/><E37/><V109/><F109/><W90/><REACH who="3" step="1"/><G35/><REACH who="3" ten="303,152,312,223" step="2"/><T32/><D32/><U11/><E129/><V46/><F43/><W36/><G36/><T38/><D38/><U135/><E135/><V81/><F133/><W58/><G58/><N who="0" m="33031" /><D72/><U44/><E74/><V78/><F7/><W18/><AGARI ba="0,1" hai="1,3,18,20,25,26,31,34,83,85,90,95,98,103" machi="18" ten="20,8000,1" yaku="1,1,0,1,7,1,52,2,53,0" doraHai="23" doraHaiUra="130" who="3" fromWho="3" sc="303,-20,152,-20,312,-40,223,90" />
</Scene>
<Scene>
<INIT seed="7,0,0,2,0,42" ten="283,132,272,313" oya="3" hai0="38,45,24,95,17,97,116,30,40,16,53,89,8" hai1="118,60,68,33,69,106,28,92,4,124,61,36,79" hai2="93,127,107,84,115,110,6,11,51,41,78,9,35" hai3="62,125,132,117,75,134,29,25,20,104,46,120,98"/><W58/><G120/><T131/><D131/><U5/><E106/><V90/><F110/><W10/><G117/><T113/><D116/><U19/><E118/><V102/><F35/><W15/><G75/><T123/><D123/><U67/><E79/><V18/><F115/><W108/><G125/><T128/><D128/><U83/><E83/><V74/><F127/><W21/><G108/><T133/><D113/><U57/><E124/><V43/><F18/><N who="3" m="8567" /><G46/><T12/><D133/><N who="3" m="51305" /><G98/><T111/><D111/><U48/><E36/><V14/><F9/><W86/><G86/><T130/><D130/><U31/><E19/><V85/><F85/><W76/><G76/><T70/><D17/><U71/><E33/><V22/><F22/><N who="3" m="15543" /><G104/><T54/><REACH who="0" step="1"/><D70/><REACH who="0" ten="273,132,272,313" step="2"/><U91/><E31/><V87/><F84/><W47/><G47/><T82/><D82/><U0/><E28/><V37/><F37/><W64/><AGARI ba="0,1" hai="20,21,58,62,64" m="15543,51305,8567" machi="64" ten="30,1500,0" yaku="20,1" doraHai="42" who="3" fromWho="3" sc="273,-5,132,-5,272,-5,313,25" owari="268,7.0,127,-37.0,267,-13.0,338,43.0" />
</Scene>
</mjloggm>