<mjloggm ver="2.3"><GO type="41"/><UN n0="%E5%A4%AA%E3%81%8F%E3%81%AA%E3%81%84%E3%81%8A" n1="%E3%82%B7%E3%83%A9%E3%82%AB%E3%83%AF" n2="%E2%86%91%E3%81%93%E3%81%AE%E4%BA%BA%E7%A2%BA%E5%A4%89" n3="%54%61%63%6B" dan="15,14,13,13" rate="2055,1819,1924,1841" sx="M,M,M,M"/><TAIKYOKU oya="0"/>

<Scene>
<INIT seed="0,0,0,2,0,49" ten="250,250,250,250" oya="0" hai0="135,7,21,3,24,102,0,79,128,97,8,108,65" hai1="126,122,22,23,123,16,43,46,124,12,48,121,45" hai2="86,67,110,53,80,10,58,62,94,70,109,78,4" hai3="19,112,14,33,42,51,59,28,132,39,99,88,83"/><T47/><D128/><U5/><E5/><V26/><F26/><W6/><G132/><T95/><D135/><U120/><N who="1" m="31232" /><DORA hai="117" /><U114/><E114/><V118/><F118/><W105/><G105/><T30/><D108/><N who="2" m="41578" /><F94/><W85/><G39/><T77/><D3/><U127/><E46/><V113/><F113/><W116/><G116/><T44/><REACH who="0" step="1"/><D65/><REACH who="0" ten="240,250,250,250" step="2"/><U66/><E66/><V81/><F67/><W82/><G112/><T64/><D64/><U1/><E1/><V52/><F70/><W125/><G6/><T72/><D72/><U87/><REACH who="1" step="1"/><E87/><REACH who="1" ten="240,240,250,250" step="2"/><V13/><F86/><W36/><G85/><T92/><D92/><U25/><E25/><V107/><F107/><W68/><G82/><T56/><D56/><U55/><E55/><V74/><F53/><W2/><G2/><T76/><AGARI ba="0,2" hai="0,7,8,21,24,30,44,47,76,77,79,95,97,102" machi="76" ten="30,12000,1" yaku="1,1,0,1,53,3" doraHai="49,117" doraHaiUra="73,11" who="0" fromWho="0" sc="240,140,240,-40,250,-40,250,-40" />
</Scene>
<Scene>
<INIT seed="0,1,0,3,4,84" ten="380,200,210,210" oya="0" hai0="2,50,98,96,27,119,65,19,112,121,57,113,132" hai1="48,77,117,129,25,126,4,92,51,116,21,81,106" hai2="111,78,60,109,105,72,93,63,38,59,110,134,56" hai3="76,108,36,73,54,91,115,83,5,100,103,69,130"/><T33/><D121/><U35/><E35/><V62/><F105/><W11/><G115/><T118/><D2/><U61/><E106/><V102/><F38/><W87/><G130/><T53/><D65/><U124/><E4/><V99/><F134/><W9/><G69/><T82/><D132/><U41/><E61/><V37/><F37/><W15/><G108/><T1/><D1/><U12/><E12/><V104/><REACH who="2" step="1"/><F93/><REACH who="2" ten="380,200,200,210" step="2"/><W123/><G36/><T89/><D113/><U45/><E92/><V20/><F20/><W40/><G123/><T39/><D39/><U88/><E129/><V49/><F49/><W22/><G22/><N who="0" m="13791" /><D112/><U8/><E51/><V114/><F114/><W125/><G11/><T131/><D131/><U90/><E8/><V26/><F26/><W24/><G24/><T32/><D32/><U42/><E117/><V58/><F58/><W29/><G9/><T80/><D33/><U128/><E116/><V16/><F16/><W14/><G5/><T7/><D7/><U85/><E128/><V94/><F94/><W86/><G15/><T66/><D118/><U68/><E68/><V13/><F13/><W0/><G14/><T28/><D119/><U97/><E42/><V133/><F133/><W6/><G40/><T70/><D70/><U44/><E44/><V107/><F107/><W18/><G18/><T135/><D135/><U122/><E122/><V79/><F79/><W3/><G76/><T127/><D50/><U71/><E71/><V120/><F120/><W10/><G6/><T74/><D57/><U31/><E77/><V23/><F23/><RYUUKYOKU ba="1,1" sc="380,-15,200,15,200,15,210,-15" hai1="21,25,31,41,45,48,81,85,88,90,97,124,126" hai2="56,59,60,62,63,72,78,99,102,104,109,110,111" />
</Scene>
<Scene>
<INIT seed="1,2,1,0,1,125" ten="365,215,215,195" oya="1" hai0="102,80,7,97,130,63,74,36,118,111,121,79,106" hai1="84,73,6,69,122,119,34,107,82,58,90,123,16" hai2="29,0,49,38,43,89,75,23,30,129,27,13,51" hai3="116,96,117,33,101,115,55,44,92,133,99,2,112"/><U40/><E34/><V17/><F0/><W61/><G2/><T20/><D36/><U86/><E69/><V1/><F1/><W64/><G33/><T105/><D7/><U41/><E107/><V24/><F75/><W37/><G37/><T28/><D118/><U10/><E73/><V93/><F38/><W9/><G9/><T3/><D3/><U108/><E119/><N who="3" m="45642" /><G133/><T5/><D5/><U100/><E100/><V14/><F43/><W128/><G99/><T109/><D63/><U15/><E6/><V39/><F39/><W12/><G12/><T53/><D53/><U56/><E108/><V114/><F114/><W78/><G78/><T26/><D106/><U22/><E10/><V47/><F13/><W31/><G31/><T104/><D105/><U54/><E58/><V88/><F14/><W87/><G87/><T4/><D4/><U48/><REACH who="1" step="1"/><E86/><REACH who="1" ten="365,205,215,195" step="2"/><V132/><F47/><W67/><G112/><T77/><D111/><U76/><E76/><V59/><F59/><N who="3" m="35071" /><G44/><T126/><D109/><U70/><E70/><V110/><F110/><W11/><G11/><T21/><D79/><U135/><E135/><V46/><F132/><W91/><G101/><T42/><D102/><U94/><E94/><V71/><F93/><W8/><G8/><T35/><D104/><U66/><E66/><N who="3" m="25130" /><G115/><T65/><D74/><U98/><E98/><V52/><F46/><W45/><G45/><T134/><D97/><U113/><E113/><V103/><F103/><W57/><G57/><T19/><D134/><U62/><E62/><V81/><F71/><W124/><G124/><RYUUKYOKU ba="2,2" sc="365,-15,205,15,215,-15,195,15" hai1="15,16,22,40,41,48,54,56,82,84,90,122,123" hai3="91,92,96,128" />
</Scene>
<Scene>
<INIT seed="1,3,2,5,3,127" ten="350,220,200,210" oya="1" hai0="72,131,81,74,102,88,83,129,34,15,62,101,10" hai1="23,63,123,28,97,18,20,50,77,53,126,35,44" hai2="32,67,110,21,36,93,117,124,112,8,130,61,66" hai3="92,106,40,109,116,114,27,120,132,57,39,12,71"/><U86/><E126/><V5/><F32/><W3/><RYUUKYOKU type="yao9" ba="3,2" sc="350,0,220,0,200,0,210,0" hai3="3,12,27,39,40,57,71,92,106,109,114,116,120,132" />
</Scene>
<Scene>
<INIT seed="1,4,2,4,2,29" ten="350,220,200,210" oya="1" hai0="50,94,15,42,82,58,14,45,33,107,27,65,89" hai1="119,70,78,37,110,52,46,30,73,123,36,79,99" hai2="95,20,83,113,44,74,134,105,43,28,47,100,55" hai3="8,2,80,10,51,102,108,121,19,59,133,23,85"/><U7/><E119/><V93/><F105/><W122/><G133/><T125/><D107/><U75/><E123/><V38/><F134/><W49/><G2/><T67/><D125/><U6/><E30/><V116/><F116/><W130/><G130/><T48/><D82/><U26/><E26/><V97/><F113/><W124/><G124/><T1/><D1/><U115/><E46/><V16/><F28/><W103/><G108/><T128/><D27/><U87/><E87/><V63/><F74/><W21/><G59/><T86/><D33/><U11/><E11/><V41/><F83/><W64/><G64/><N who="0" m="24651" /><D128/><U126/><E126/><V90/><F63/><W25/><G121/><T18/><D18/><U76/><E70/><V118/><F118/><W72/><G72/><N who="1" m="27722" /><E99/><V0/><F0/><W69/><G23/><T62/><D50/><N who="3" m="18953" /><G69/><T129/><D129/><U12/><E12/><N who="2" m="9223" /><F38/><N who="1" m="14953" /><E115/><V32/><F47/><W13/><G122/><T35/><D15/><U40/><E40/><V66/><F43/><W111/><G111/><T77/><D14/><U84/><E110/><V54/><F41/><W53/><G53/><N who="2" m="19977" /><F44/><W131/><G131/><T9/><D9/><N who="3" m="3689" /><G13/><T71/><D71/><U3/><E52/><V114/><F114/><W91/><AGARI ba="4,2" hai="19,21,25,80,85,91,102,103" m="3689,18953" machi="91" ten="30,1100,0" yaku="8,1" doraHai="29" who="3" fromWho="3" sc="350,-7,220,-9,200,-7,210,43" />
</Scene>
<Scene>
<INIT seed="2,0,0,1,4,90" ten="343,211,193,253" oya="2" hai0="43,115,98,14,106,93,7,55,18,121,102,35,135" hai1="27,21,59,19,105,26,34,13,50,6,49,1,68" hai2="44,12,81,112,77,62,39,8,48,127,61,133,56" hai3="104,99,109,87,134,125,25,118,131,66,83,32,119"/><V20/><F112/><W37/><G37/><T45/><D115/><U100/><E68/><V4/><F39/><W5/><G5/><T107/><D35/><U130/><E100/><V113/><F113/><W33/><G131/><T123/><D7/><U114/><E105/><V79/><F133/><W85/><G134/><T108/><D135/><U72/><E72/><V82/><F127/><W36/><G36/><T42/><D108/><U65/><E114/><V69/><F69/><W10/><G10/><T110/><D110/><U51/><E130/><V67/><F20/><W9/><G9/><T17/><D55/><U47/><E34/><V40/><REACH who="2" step="1"/><F62/><REACH who="2" ten="343,211,183,253" step="2"/><W22/><G22/><T73/><D123/><U103/><E21/><V16/><F16/><W92/><G125/><T126/><D121/><U94/><E19/><V52/><F52/><W29/><G33/><T41/><D126/><U28/><E28/><V91/><F91/><W0/><G109/><T129/><D129/><U78/><E78/><AGARI ba="0,1" hai="4,8,12,40,44,48,56,61,67,77,78,79,81,82" machi="78" ten="40,3900,0" yaku="1,1,8,1,53,0" doraHai="90" doraHaiUra="120" who="2" fromWho="1" sc="343,0,211,-39,183,49,253,0" />
</Scene>
<Scene>
<INIT seed="2,1,0,2,0,117" ten="343,172,232,253" oya="2" hai0="124,64,111,76,116,20,63,71,42,10,105,5,93" hai1="96,38,12,35,69,52,50,44,4,32,61,85,47" hai2="88,125,128,37,58,9,0,73,17,1,120,89,15" hai3="133,104,113,121,11,123,67,33,122,16,114,86,21"/><V82/><F120/><W22/><G104/><T43/><D105/><U100/><E85/><V119/><F119/><W30/><G67/><T65/><D116/><U127/><E127/><V25/><F125/><W60/><G60/><T28/><D124/><U99/><E99/><V98/><F128/><W46/><G46/><T107/><D107/><U40/><E12/><V39/><F58/><W91/><G133/><T14/><D111/><U23/><E4/><V51/><F51/><W103/><G103/><T56/><D76/><U49/><E23/><V95/><F25/><N who="3" m="18639" /><G91/><T66/><D93/><U29/><E29/><V79/><REACH who="2" step="1"/><F89/><REACH who="2" ten="343,172,222,253" step="2"/><W36/><G36/><AGARI ba="1,1" hai="0,1,9,15,17,36,37,39,73,79,82,88,95,98" machi="36" ten="40,7700,0" yaku="1,1,2,1,54,1,53,0" doraHai="117" doraHaiUra="53" who="2" fromWho="3" sc="343,0,172,0,222,90,253,-80" />
</Scene>
<Scene>
<INIT seed="2,2,0,5,4,36" ten="343,172,312,173" oya="2" hai0="96,12,48,77,18,115,41,71,34,49,86,57,68" hai1="123,72,97,9,131,120,82,110,42,106,107,124,26" hai2="31,51,0,6,58,70,33,29,20,109,114,94,99" hai3="112,27,88,101,28,54,43,84,38,80,78,135,121"/><V83/><F70/><W66/><G66/><T93/><D34/><U46/><E110/><V85/><F33/><W25/><G121/><T5/><D5/><U128/><E26/><V59/><F114/><W92/><G135/><T64/><D115/><U32/><E32/><V19/><F109/><W108/><G108/><T2/><D2/><U17/><E17/><V87/><F0/><W75/><G112/><T125/><D125/><U74/><E9/><V117/><F6/><W3/><G54/><T118/><D71/><U53/><E53/><N who="2" m="32063" /><F59/><W95/><G3/><T102/><D68/><U67/><E67/><V50/><F50/><W21/><G38/><T55/><D64/><U30/><E30/><N who="2" m="11275" /><F83/><W91/><G101/><T65/><D118/><U105/><E82/><V44/><F44/><W90/><G27/><T1/><D1/><U134/><E97/><V122/><F122/><N who="1" m="46633" /><E42/><V13/><F117/><W47/><G75/><N who="1" m="28714" /><E46/><V79/><F79/><W11/><G11/><N who="0" m="6431" /><D65/><U15/><E15/><V133/><F133/><W62/><G62/><N who="0" m="36159" /><D41/><U45/><E45/><V73/><F73/><W40/><G47/><T129/><D48/><U35/><E35/><V37/><F37/><W39/><G39/><T111/><D49/><U14/><E14/><V69/><F69/><W100/><G92/><T98/><D111/><U89/><E134/><V61/><F61/><W10/><G10/><T116/><D116/><U126/><E89/><AGARI ba="2,0" hai="13,19,20,85,87,89,94,99" m="11275,32063" machi="89" ten="30,1500,0" yaku="8,1" doraHai="36" who="2" fromWho="1" sc="343,0,172,-21,312,21,173,0" />
</Scene>
<Scene>
<INIT seed="2,3,0,5,1,75" ten="343,151,333,173" oya="2" hai0="111,15,64,6,26,20,101,1,55,105,19,28,37" hai1="70,92,87,17,131,72,99,42,69,38,96,40,34" hai2="108,32,79,98,88,100,21,102,71,18,76,123,113" hai3="53,51,94,81,97,27,74,124,13,122,7,10,56"/><V112/><F123/><W11/><G124/><T0/><D37/><U133/><E17/><V23/><F71/><W73/><G27/><T68/><D111/><U2/><E42/><V47/><F32/><W54/><G122/><T24/><D24/><U39/><E40/><V104/><F108/><W30/><G30/><T77/><D55/><U35/><E92/><V29/><F47/><W63/><G81/><T61/><D77/><U95/><E95/><V4/><F4/><W116/><G116/><T83/><D83/><U25/><E25/><V43/><F43/><W135/><G135/><T86/><D86/><U65/><E65/><V93/><F102/><W12/><G54/><T14/><D6/><U109/><E87/><V78/><F29/><W31/><G63/><T5/><D5/><U22/><E22/><V103/><F103/><W45/><G56/><T66/><D66/><U107/><E96/><V90/><F90/><W110/><G110/><T118/><D118/><U125/><E99/><V33/><F33/><W121/><G31/><T52/><D52/><U84/><E84/><V120/><F120/><W91/><G121/><T3/><D19/><AGARI ba="3,0" hai="7,10,11,12,13,19,45,51,53,73,74,91,94,97" machi="19" ten="30,1000,0" yaku="7,1" doraHai="75" who="3" fromWho="0" sc="343,-19,151,0,333,0,173,19" />
</Scene>
<Scene>
<INIT seed="3,0,0,5,2,133" ten="324,151,333,192" oya="3" hai0="113,110,131,132,22,12,25,72,43,97,46,87,13" hai1="130,86,62,80,34,4,66,26,5,129,16,83,74" hai2="101,124,11,39,3,0,93,52,8,92,112,57,54" hai3="38,17,82,84,96,47,117,125,116,7,99,91,70"/><W36/><G70/><T18/><D72/><U56/><E74/><V61/><F39/><W35/><G35/><T55/><D132/><U63/><E34/><V105/><F112/><W68/><G68/><T15/><D113/><U76/><E83/><V1/><F105/><W121/><G121/><T115/><D110/><U88/><E76/><V14/><F11/><W103/><G7/><T107/><D131/><N who="1" m="50187" /><E63/><V94/><F124/><W59/><G125/><T71/><D71/><U33/><E33/><V40/><F40/><W123/><G123/><T109/><D109/><U27/><E27/><V23/><F23/><AGARI ba="0,0" hai="4,5,16,23,26,56,62,66,80,86,88" m="50187" machi="23" ten="30,3900,0" yaku="19,1,54,2" doraHai="133" who="1" fromWho="2" sc="324,0,151,39,333,-39,192,0" />
</Scene>
<Scene>
<INIT seed="4,0,0,4,3,122" ten="324,190,294,192" oya="0" hai0="63,53,125,10,88,64,73,121,3,37,28,96,132" hai1="116,102,86,119,80,104,41,36,120,94,34,90,92" hai2="48,51,2,79,115,55,110,13,128,68,38,30,40" hai3="62,127,105,67,71,118,123,109,76,65,4,61,100"/><T95/><D121/><U75/><E41/><V11/><F110/><W130/><G123/><T45/><D73/><U97/><E36/><V1/><F68/><W81/><G118/><T19/><D125/><U12/><E12/><V58/><F128/><W111/><G130/><T70/><D132/><U23/><E23/><V72/><F115/><W26/><G4/><T31/><D3/><U84/><E34/><V69/><F69/><W5/><G5/><T54/><D37/><U131/><E131/><V112/><F112/><W114/><G114/><T78/><D78/><N who="1" m="44127" /><E120/><V21/><F38/><W74/><G26/><T134/><D134/><U66/><E66/><V117/><F117/><W87/><G87/><N who="1" m="33322" /><E116/><V124/><F1/><W24/><G24/><T59/><D45/><U126/><E126/><V39/><F2/><W106/><G127/><T22/><D10/><U57/><E57/><V60/><F124/><W8/><G8/><T17/><D17/><U56/><E56/><V25/><F39/><W98/><G106/><T91/><D91/><U0/><E0/><V29/><F29/><N who="0" m="11338" /><D70/><AGARI ba="0,0" hai="61,62,65,67,70,71,74,76,81,98,100,105,109,111" machi="70" ten="30,12000,2" yaku="7,1,9,1,23,2,52,2" doraHai="122" who="3" fromWho="0" sc="324,-120,190,0,294,0,192,120" />
</Scene>
<Scene>
<INIT seed="5,0,0,3,1,10" ten="204,190,294,312" oya="1" hai0="26,108,34,46,32,49,75,121,88,25,104,19,35" hai1="71,101,6,110,99,111,120,50,86,14,63,77,31" hai2="83,3,52,68,59,20,37,60,89,44,16,9,106" hai3="27,107,67,55,98,96,112,36,30,73,45,116,128"/><U38/><E38/><V124/><F106/><W7/><G128/><T40/><D108/><N who="1" m="41515" /><E120/><V61/><F124/><W23/><G67/><T2/><D2/><U8/><E50/><V76/><F89/><W42/><G73/><T1/><D1/><U11/><E63/><V87/><F3/><W58/><G112/><T135/><D121/><U13/><E71/><V82/><F9/><W39/><G39/><T93/><D104/><U12/><E86/><V109/><F109/><W100/><G116/><T123/><D123/><U15/><E77/><V24/><F83/><W41/><G96/><T127/><D75/><U81/><E81/><V57/><F68/><W72/><G42/><T53/><D127/><U122/><E122/><V48/><F37/><W129/><G129/><T54/><D135/><U95/><E31/><V0/><F0/><W130/><G130/><T4/><D4/><AGARI ba="0,0" hai="4,6,8,11,12,13,14,15,95,99,101" m="41515" machi="4" ten="30,12000,1" yaku="10,1,52,4" doraHai="10" who="1" fromWho="0" sc="204,-120,190,120,294,0,312,0" />
</Scene>
<Scene>
<INIT seed="5,1,0,0,0,15" ten="84,310,294,312" oya="1" hai0="89,119,128,25,118,102,34,42,49,37,85,12,36" hai1="10,135,0,65,22,101,9,74,24,91,77,72,70" hai2="48,54,32,20,33,106,130,87,103,73,111,68,3" hai3="17,29,55,2,31,50,132,104,115,113,56,127,47"/><U28/><E135/><V11/><F111/><W80/><G2/><T116/><D128/><U45/><E101/><V35/><F73/><W92/><G104/><T7/><D102/><U53/><E74/><V82/><F68/><W76/><G92/><T41/><D7/><U94/><E77/><V4/><F130/><W30/><G132/><T5/><D5/><U26/><E72/><V86/><F106/><W63/><G127/><T58/><D12/><U79/><E79/><V84/><F103/><W23/><G80/><T60/><D34/><U109/><E0/><V57/><REACH who="2" step="1"/><F20/><REACH who="2" ten="84,310,284,312" step="2"/><W13/><REACH who="3" step="1"/><G76/><AGARI ba="1,1" hai="3,4,11,32,33,35,48,54,57,76,82,84,86,87" machi="76" ten="40,2600,0" yaku="1,1,2,1,53,0" doraHai="15" doraHaiUra="100" who="2" fromWho="3" sc="84,0,310,0,284,39,312,-29" />
</Scene>
<Scene>
<INIT seed="6,0,0,5,0,23" ten="84,310,323,283" oya="2" hai0="26,57,117,90,115,129,27,5,41,21,22,104,42" hai1="69,40,131,68,60,36,50,81,101,130,48,76,61" hai2="52,34,89,9,43,29,74,108,119,109,126,25,4" hai3="91,120,58,70,49,112,124,7,118,15,80,6,46"/><V125/><F74/><W3/><G118/><T78/><D104/><U111/><E101/><V103/><F119/><W13/><G70/><N who="1" m="27242" /><E81/><V121/><F121/><W106/><G124/><N who="2" m="47721" /><F43/><N who="0" m="16394" /><D117/><U84/><E84/><V127/><F103/><W83/><G106/><T39/><D39/><U122/><E76/><V67/><F67/><W110/><G120/><T79/><D115/><U10/><E10/><V31/><F89/><W123/><G110/><N who="2" m="42601" /><F52/><W45/><G112/><T65/><D129/><N who="1" m="49163" /><E122/><V107/><F107/><W64/><G64/><T92/><D5/><U47/><E111/><V88/><F88/><W18/><G91/><T99/><D65/><U56/><E56/><V98/><F98/><W32/><G58/><T19/><D57/><U37/><E37/><V24/><F127/><W16/><G49/><AGARI ba="0,0" hai="36,40,47,48,49,50,60,61" m="49163,27242" machi="49" ten="30,3900,0" yaku="19,1,34,2" doraHai="23" who="1" fromWho="3" sc="84,0,310,39,323,0,283,-39" />
</Scene>
<Scene>
<INIT seed="7,0,0,3,1,47" ten="84,349,323,244" oya="3" hai0="79,45,69,1,71,102,49,124,11,77,114,70,58" hai1="21,89,115,98,5,135,126,123,83,3,24,36,62" hai2="66,6,92,17,59,130,88,34,74,2,78,72,19" hai3="84,18,9,37,122,44,121,14,16,107,118,42,119"/><W99/><G84/><T87/><D102/><U93/><E36/><V26/><F130/><W61/><G61/><T106/><D106/><U7/><E115/><V55/><F66/><W131/><G131/><T95/><D124/><U104/><E126/><V73/><F78/><W113/><G113/><T23/><D114/><U103/><E123/><V117/><F117/><W10/><G118/><T75/><D75/><U60/><E135/><V68/><F68/><W90/><G119/><T133/><D133/><U35/><E35/><V82/><F82/><W31/><G31/><T33/><D33/><U12/><E3/><V28/><F2/><W56/><G56/><T25/><D58/><U29/><E104/><V67/><F6/><N who="1" m="2057" /><E12/><V57/><F67/><W65/><G65/><T85/><D1/><U20/><E21/><V38/><F38/><W80/><G107/><T96/><D11/><U125/><E125/><V63/><F59/><W50/><G37/><T127/><D127/><U48/><E48/><V15/><F15/><N who="3" m="7279" /><G122/><T111/><D111/><U129/><E129/><V128/><REACH who="2" step="1"/><F128/><REACH who="2" ten="84,349,313,244" step="2"/><W64/><G64/><T132/><D132/><U4/><E4/><V134/><F134/><W101/><G121/><T81/><D79/><U0/><E0/><V116/><F116/><W30/><G80/><T76/><D77/><U97/><E83/><V112/><F112/><W108/><G108/><T46/><D76/><U54/><E98/><AGARI ba="0,1" hai="17,19,26,28,34,55,57,63,72,73,74,88,92,98" machi="98" ten="40,5200,0" yaku="1,1,54,1,53,1" doraHai="47" doraHaiUra="22" who="2" fromWho="1" sc="84,0,349,-52,313,62,244,0" owari="84,-42.0,297,10.0,375,48.0,244,-16.0" />
</Scene>
</mjloggm>