<mjloggm ver="2.3"><GO type="97"/><UN n0="%E5%A4%AA%E3%81%8F%E3%81%AA%E3%81%84%E3%81%8A" n1="%E3%81%8A%E3%81%A3%E3%81%8F%E3%82%93%E2%99%AA%E2%98%86" n2="%E3%83%84%E3%82%AB%E3%83%B3%E3%82%B3%E3%83%95%E5%A4%A7%E4%BD%90" n3="%E3%83%81%E3%83%BC%E3%83%94%E3%83%B3" dan="14,15,13,14" rate="2020,1978,1856,1910" sx="M,M,M,M"/><TAIKYOKU oya="0"/>

<Scene>
<INIT seed="0,0,0,5,2,2" ten="250,250,250,250" oya="0" hai0="131,23,19,6,128,93,8,107,55,46,94,70,35" hai1="49,15,91,117,12,30,51,97,122,28,95,54,41" hai2="9,71,61,81,78,50,79,119,130,56,115,59,58" hai3="126,68,48,4,20,62,135,85,53,27,65,127,1"/><T7/><D107/><U76/><E122/><V113/><F119/><W104/><G104/><T22/><D35/><U34/><E117/><V38/><F38/><W114/><G114/><T77/><D70/><U3/><E3/><V116/><F116/><W108/><G108/><T21/><D77/><U73/><E73/><V17/><F130/><N who="0" m="49706" /><D19/><U105/><E105/><V25/><F79/><W124/><G85/><T47/><D55/><U110/><E110/><V57/><F50/><W118/><G118/><T10/><D47/><N who="1" m="25839" /><E76/><V33/><F71/><W83/><G83/><T36/><D46/><N who="1" m="28023" /><E34/><V102/><F113/><W32/><G32/><T16/><D36/><U45/><E45/><V125/><F115/><W43/><G43/><T18/><D18/><U52/><E52/><V24/><F33/><W92/><G92/><N who="0" m="35435" /><D16/><U111/><E111/><V90/><F102/><W99/><G53/><T112/><D112/><U89/><E89/><V29/><F29/><AGARI ba="0,0" hai="12,15,28,29,30,91,95,97" m="28023,25839" machi="29" ten="30,1000,0" yaku="8,1" doraHai="2" who="1" fromWho="2" sc="250,0,250,10,250,-10,250,0" />
</Scene>
<Scene>
<INIT seed="1,0,0,3,5,55" ten="250,260,240,250" oya="1" hai0="12,78,109,19,24,121,126,111,129,6,43,90,128" hai1="74,9,18,101,7,132,47,13,93,36,112,125,63" hai2="96,88,133,61,120,44,108,49,48,10,21,89,131" hai3="41,33,64,39,17,94,77,65,72,130,119,113,42"/><U103/><E74/><V25/><F120/><W115/><G33/><T34/><D78/><U70/><E112/><V45/><F108/><N who="0" m="41546" /><D43/><U31/><E36/><V71/><F71/><W32/><G32/><T102/><D102/><U58/><E47/><N who="2" m="17995" /><F133/><W14/><G39/><T57/><D90/><N who="2" m="34922" /><F96/><W53/><G130/><N who="0" m="50283" /><D121/><U67/><E70/><V59/><F131/><W110/><G110/><T68/><D68/><U85/><E132/><V40/><F10/><W114/><G119/><T1/><D1/><U3/><E31/><N who="2" m="17839" /><F40/><W62/><G42/><T84/><D84/><U124/><E85/><V5/><F5/><W69/><G41/><T4/><D126/><N who="1" m="48747" /><E93/><V11/><F11/><AGARI ba="0,0" hai="3,7,9,11,13,18,58,63,67,101,103" m="48747" machi="11" ten="30,2900,0" yaku="18,1,52,1" doraHai="55" who="1" fromWho="2" sc="250,0,260,29,240,-29,250,0" />
</Scene>
<Scene>
<INIT seed="1,1,0,0,5,66" ten="250,289,211,250" oya="1" hai0="123,98,50,53,59,86,7,40,103,12,116,11,0" hai1="68,37,2,120,95,110,78,36,57,70,113,34,89" hai2="58,108,93,130,32,99,77,13,112,72,119,6,62" hai3="135,25,54,100,49,9,131,117,15,114,41,27,64"/><U87/><E78/><V45/><F119/><W129/><G114/><T14/><D116/><U39/><E120/><V56/><F32/><W1/><G1/><T125/><D123/><U4/><E113/><V21/><F112/><W8/><G117/><T42/><D125/><U97/><E34/><V134/><F134/><W17/><G135/><T133/><D133/><U51/><E110/><V79/><F108/><W73/><G73/><T121/><D121/><U71/><E57/><V80/><F79/><W38/><G100/><T44/><D86/><U46/><E4/><V52/><F130/><N who="3" m="49675" /><G64/><T33/><D33/><U61/><E2/><V128/><F128/><W30/><G27/><T18/><D18/><U65/><REACH who="1" step="1"/><E87/><REACH who="1" ten="250,279,211,250" step="2"/><V74/><F72/><W23/><G38/><T118/><D118/><U124/><E124/><V76/><F77/><W104/><G41/><AGARI ba="1,1" hai="36,37,39,41,46,51,61,65,68,70,71,89,95,97" machi="41" ten="40,12000,1" yaku="1,1,52,3,53,1" doraHai="66" doraHaiUra="47" who="1" fromWho="3" sc="250,0,279,133,211,0,250,-123" />
</Scene>
<Scene>
<INIT seed="1,2,0,0,1,109" ten="250,412,211,127" oya="1" hai0="98,89,134,27,106,117,34,86,130,133,40,90,69" hai1="92,47,129,41,66,81,23,88,45,118,19,104,50" hai2="21,107,36,44,75,87,99,11,96,53,64,97,79" hai3="8,80,49,33,62,39,46,71,22,17,24,93,32"/><U15/><E104/><V103/><F75/><W56/><G39/><T84/><D69/><U110/><E66/><V29/><F64/><W94/><G71/><T6/><D117/><U111/><E81/><V101/><F11/><W12/><G33/><T115/><D6/><U38/><E118/><V121/><F121/><W132/><G32/><T83/><D40/><U61/><E61/><V35/><F35/><W74/><G74/><T60/><D60/><U126/><E126/><V124/><F107/><W131/><G131/><T127/><D127/><U52/><REACH who="1" step="1"/><E129/><REACH who="1" ten="250,402,211,127" step="2"/><V59/><F124/><W10/><G132/><T31/><D130/><U73/><E73/><V78/><F101/><W125/><G125/><T0/><D133/><U123/><E123/><V76/><F103/><W13/><G80/><T113/><D134/><U18/><E18/><V135/><F135/><W67/><G93/><T14/><D106/><U26/><E26/><V3/><F29/><W72/><G94/><T119/><D119/><U105/><E105/><V95/><F95/><W55/><REACH who="3" step="1"/><G72/><REACH who="3" ten="250,402,211,117" step="2"/><T112/><D83/><U57/><E57/><V82/><F82/><W16/><G16/><T43/><D31/><U128/><E128/><V65/><F65/><W37/><G37/><T7/><D113/><U108/><E108/><V20/><F36/><W100/><G100/><T68/><D112/><U77/><E77/><V116/><F78/><W42/><G42/><T102/><D115/><U30/><E30/><V91/><F76/><W9/><AGARI ba="2,2" hai="8,9,10,12,13,17,22,24,46,49,55,56,62,67" machi="9" ten="30,7900,0" yaku="1,1,0,1,8,1,53,1" doraHai="109" doraHaiUra="63" who="3" fromWho="3" sc="250,-22,402,-41,211,-22,117,105" />
</Scene>
<Scene>
<INIT seed="2,0,0,0,3,21" ten="228,361,189,222" oya="2" hai0="65,116,47,108,64,5,89,113,106,132,126,12,38" hai1="14,26,31,115,72,48,97,117,36,93,125,98,11" hai2="66,3,127,60,73,121,134,2,71,13,44,22,0" hai3="119,91,32,101,25,129,61,53,7,57,80,87,30"/><V78/><F121/><W35/><G119/><T8/><D113/><U67/><E36/><V102/><F102/><W40/><G129/><T19/><D106/><U85/><E72/><V124/><F134/><W88/><G101/><T59/><D132/><U76/><E67/><V15/><F44/><W105/><G105/><T100/><D100/><U51/><E117/><V86/><F73/><W62/><G40/><T50/><D116/><U77/><E115/><V90/><F78/><W27/><G7/><T83/><D38/><U123/><E123/><V104/><F104/><W107/><G107/><T45/><D108/><U54/><E77/><V6/><F6/><W49/><G91/><T37/><D37/><U9/><E76/><V24/><F124/><W23/><G23/><T33/><D33/><U52/><E85/><V94/><REACH who="2" step="1"/><F127/><REACH who="2" ten="228,361,179,222" step="2"/><W118/><REACH who="3" step="1"/><G118/><REACH who="3" ten="228,361,179,212" step="2"/><T16/><D126/><U18/><E125/><V131/><F131/><W92/><G92/><T34/><D5/><U56/><E93/><V43/><F43/><W41/><G41/><T55/><D89/><U20/><E9/><V95/><F95/><W114/><G114/><T63/><D8/><U128/><E128/><V79/><F79/><W70/><G70/><T96/><D83/><U99/><E54/><V120/><F120/><W17/><G17/><AGARI ba="0,2" hai="0,2,3,13,15,17,22,24,60,66,71,86,90,94" machi="17" ten="40,3900,0" yaku="1,1,52,1,53,0" doraHai="21" doraHaiUra="109" who="2" fromWho="3" sc="228,0,361,0,179,59,212,-39" />
</Scene>
<Scene>
<INIT seed="2,1,0,0,4,118" ten="228,361,238,173" oya="2" hai0="94,82,17,54,113,69,93,114,132,83,37,124,6" hai1="35,9,76,27,60,51,84,110,21,127,53,19,134" hai2="30,41,115,91,78,24,26,74,104,86,108,34,8" hai3="68,15,62,99,42,3,56,61,126,105,50,31,4"/><V129/><F104/><W103/><G126/><T36/><D69/><U44/><E35/><V52/><F115/><W7/><G3/><T48/><D6/><U13/><E110/><V66/><F66/><W121/><G121/><T2/><D2/><U89/><E76/><V101/><F101/><W85/><G31/><T79/><D124/><U92/><E127/><V100/><F100/><W116/><G116/><T107/><D107/><U5/><E134/><V38/><F8/><W28/><G28/><T71/><D71/><U18/><E60/><V133/><F133/><W12/><G68/><T125/><D125/><U20/><E20/><V33/><F74/><W112/><G62/><T45/><D132/><U111/><E111/><V119/><F119/><W88/><G112/><T32/><D32/><U72/><E72/><V106/><F78/><W49/><G50/><T70/><D70/><U47/><E47/><V98/><F108/><W102/><G102/><T96/><D79/><U40/><E40/><V10/><F106/><W39/><G39/><T128/><D48/><U97/><E97/><V75/><F41/><W73/><G73/><T65/><D65/><U29/><AGARI ba="1,0" hai="5,9,13,18,19,21,27,29,44,51,53,84,89,92" machi="29" ten="20,2700,0" yaku="0,1,7,1,8,1" doraHai="118" who="1" fromWho="1" sc="228,-8,361,30,238,-14,173,-8" />
</Scene>
<Scene>
<INIT seed="3,0,0,2,3,55" ten="220,391,224,165" oya="3" hai0="121,43,15,19,21,12,119,58,17,80,56,109,129" hai1="94,130,96,49,127,25,16,78,112,110,7,11,39" hai2="1,47,135,71,9,79,108,101,13,65,122,51,61" hai3="76,128,102,0,46,87,26,69,68,60,81,132,103"/><W32/><G0/><T62/><D121/><U37/><E112/><V8/><F1/><W123/><G123/><T18/><D119/><U115/><E78/><V98/><F122/><W70/><G132/><T134/><D134/><U106/><E106/><V66/><F135/><W28/><G128/><T84/><D129/><U124/><E115/><V20/><F66/><W33/><G33/><T74/><D74/><U38/><E49/><V27/><F79/><W133/><G133/><T90/><D109/><U3/><E110/><V40/><F108/><W29/><G29/><T14/><D43/><U111/><E111/><V92/><F13/><N who="0" m="5226" /><D58/><U30/><E16/><AGARI ba="0,0" hai="8,9,16,20,27,40,47,51,61,65,71,92,98,101" machi="16" ten="30,2000,0" yaku="7,1,54,1" doraHai="55" who="2" fromWho="1" sc="220,0,391,-20,224,20,165,0" owari="220,-18.0,371,47.0,244,4.0,165,-33.0" />
</Scene>
</mjloggm>