<mjloggm ver="2.3"><GO type="169"/><UN n0="%E3%81%9F%E3%81%98%E3%81%BE%E3%81%AA%E3%81%BF" n1="%61%6E%62%79%33" n2="%E5%A4%AA%E3%81%8F%E3%81%AA%E3%81%84%E3%81%8A" n3="%48%41%52%45%4D" dan="16,17,17,16" rate="2132,2052,2180,2093" sx="F,M,M,M"/><TAIKYOKU oya="0"/>

<Scene>
<INIT seed="0,0,0,2,3,51" ten="250,250,250,250" oya="0" hai0="125,54,90,123,98,94,93,11,16,74,42,84,122" hai1="99,52,108,19,104,2,28,33,121,127,78,66,80" hai2="1,20,130,38,75,43,81,23,113,57,14,37,40" hai3="35,18,41,21,63,47,70,12,71,86,60,72,131"/><T62/><D74/><U112/><E2/><V96/><F1/><W109/><G72/><T58/><D42/><U100/><E121/><V103/><F113/><W0/><G0/><T97/><D125/><U119/><E119/><V101/><F130/><W25/><G131/><T116/><D116/><U135/><E127/><V132/><F132/><W102/><G109/><T9/><D9/><U50/><E108/><V3/><F3/><W8/><G102/><T126/><D126/><U27/><E135/><V129/><F129/><W83/><G35/><T64/><D64/><U120/><E120/><V65/><F65/><W29/><G71/><T134/><D134/><U48/><E112/><V115/><F14/><W117/><G70/><T53/><D53/><U32/><E32/><V4/><F4/><W24/><G24/><T114/><D114/><U110/><E110/><V5/><F5/><W46/><G46/><T34/><D34/><U91/><E66/><V61/><F43/><W6/><G29/><T30/><D30/><U85/><E19/><V22/><F40/><W15/><G25/><T76/><D76/><U56/><E78/><V128/><F115/><W107/><G107/><T44/><D44/><U69/><E69/><V59/><F75/><W95/><G117/><T111/><D111/><U31/><E31/><V39/><F128/><W79/><REACH who="3" step="1"/><G95/><REACH who="3" ten="250,250,250,240" step="2"/><N who="0" m="54727" /><D123/><U106/><E104/><V77/><F103/><W55/><G55/><T92/><D122/><U133/><E133/><V82/><F101/><W68/><G68/><T124/><D124/><U17/><E106/><V67/><F67/><RYUUKYOKU ba="0,1" sc="250,15,250,-15,250,-15,240,15" hai0="11,16,54,58,62,92,93,94,97,98" hai3="6,8,12,15,18,21,41,47,60,63,79,83,86" />
</Scene>
<Scene>
<INIT seed="0,1,1,0,3,119" ten="265,235,235,255" oya="0" hai0="26,98,116,105,47,66,108,93,67,10,128,12,36" hai1="56,11,127,68,117,25,123,63,21,48,90,22,3" hai2="132,95,70,31,94,32,35,121,29,104,24,114,46" hai3="34,133,100,54,51,86,80,50,6,16,109,59,49"/><T83/><D116/><U28/><E117/><V118/><F118/><W76/><G34/><T99/><D128/><U115/><E127/><V13/><F104/><W2/><G133/><T1/><D1/><U110/><E110/><V8/><F114/><W7/><G109/><T14/><D108/><U102/><E102/><V131/><F70/><W97/><G2/><T69/><D69/><U77/><E77/><V45/><F132/><W78/><G78/><T79/><D105/><U27/><E68/><V30/><F131/><W107/><REACH who="3" step="1"/><G16/><REACH who="3" ten="265,235,235,245" step="2"/><T38/><D12/><U4/><E3/><V17/><F35/><W120/><G120/><T9/><D26/><U23/><E123/><V81/><F121/><W5/><AGARI ba="1,2" hai="5,6,7,49,50,51,54,59,76,80,86,97,100,107" machi="5" ten="30,4000,0" yaku="1,1,0,1,53,1" doraHai="119" doraHaiUra="52" who="3" fromWho="3" sc="265,-21,235,-11,235,-11,245,63" />
</Scene>
<Scene>
<INIT seed="1,0,0,5,4,25" ten="244,224,224,308" oya="1" hai0="45,90,73,133,39,19,125,117,101,51,113,49,104" hai1="128,94,42,103,4,109,33,63,13,46,102,12,86" hai2="89,22,97,44,98,135,124,87,78,17,74,115,132" hai3="68,100,67,21,92,85,112,60,76,24,37,131,1"/><U105/><E105/><V64/><F124/><W70/><G112/><T122/><D73/><U114/><E114/><V62/><F44/><W130/><G37/><T34/><D113/><U69/><E33/><V28/><F74/><W53/><G1/><T14/><D125/><U5/><E69/><V57/><F78/><W61/><G76/><T118/><D133/><N who="2" m="51274" /><F115/><W99/><G85/><T15/><D122/><U116/><E116/><V31/><F98/><W50/><G61/><T36/><D101/><U11/><E63/><V54/><F97/><W111/><G111/><T134/><D104/><U129/><E109/><V32/><F32/><W72/><G72/><T77/><D77/><U38/><E86/><V40/><F40/><W3/><G3/><T81/><D134/><U7/><E94/><N who="2" m="54591" /><F64/><W93/><G93/><T20/><D34/><U88/><E88/><V83/><F83/><W58/><G70/><T79/><D90/><U65/><E65/><V52/><F54/><W30/><AGARI ba="0,0" hai="21,24,30,50,53,58,60,67,68,92,99,100,130,131" machi="30" ten="30,2000,0" yaku="0,1,52,1" doraHai="25" who="3" fromWho="3" sc="244,-5,224,-10,224,-5,308,20" />
</Scene>
<Scene>
<INIT seed="2,0,0,3,5,29" ten="239,214,219,328" oya="2" hai0="50,125,47,95,12,127,107,111,69,110,19,9,100" hai1="53,68,98,13,113,0,80,124,6,121,114,104,120" hai2="81,26,56,57,101,64,70,83,71,73,94,2,46" hai3="93,79,58,77,78,34,16,11,130,129,119,41,10"/><V22/><F2/><W65/><G119/><T44/><D69/><U36/><E53/><V67/><F46/><W117/><G117/><T45/><D107/><U91/><E68/><V92/><F101/><W39/><G93/><T126/><D50/><U18/><E36/><V102/><F102/><W97/><G97/><AGARI ba="0,0" hai="9,12,19,44,45,47,95,97,100,110,111,125,126,127" machi="97" ten="50,1600,0" yaku="18,1" doraHai="29" who="0" fromWho="3" sc="239,16,214,0,219,0,328,-16" />
</Scene>
<Scene>
<INIT seed="3,0,0,4,3,105" ten="255,214,219,312" oya="3" hai0="54,116,44,68,61,24,55,98,6,130,13,23,100" hai1="106,19,21,77,122,2,108,107,47,36,20,59,38" hai2="114,65,109,96,52,12,104,45,7,113,10,78,71" hai3="124,120,92,90,134,28,51,91,84,67,57,56,58"/><W5/><G120/><T41/><D116/><U64/><E2/><V48/><F109/><W88/><G124/><T102/><D130/><U115/><E77/><V15/><F78/><W42/><G134/><T111/><D100/><U89/><E47/><V125/><F125/><W37/><G37/><T74/><D74/><U8/><E8/><V53/><F53/><W101/><G5/><T110/><D68/><U30/><E59/><V66/><F12/><W63/><G28/><T83/><D83/><U82/><E30/><V94/><F104/><W118/><G118/><T132/><D132/><U129/><E82/><V70/><F70/><W39/><G39/><T135/><D135/><U121/><E89/><V99/><F99/><W133/><G133/><T22/><D61/><U128/><E19/><V75/><F75/><W34/><G34/><T95/><D111/><U60/><E108/><V126/><F126/><W9/><G9/><T76/><D76/><U43/><E60/><V73/><F73/><W112/><G112/><T72/><D72/><U33/><E33/><V35/><F35/><W26/><G26/><T79/><D79/><U62/><E62/><N who="2" m="40375" /><F66/><W117/><G117/><T18/><D6/><U50/><E64/><V123/><F123/><W31/><G31/><N who="0" m="17815" /><D110/><U4/><E4/><V3/><F3/><W25/><G25/><T1/><D1/><U93/><E115/><V69/><F69/><N who="3" m="42239" /><G101/><T32/><D32/><U87/><E93/><V29/><F29/><W27/><G27/><T49/><AGARI ba="0,0" hai="13,18,23,41,44,49,54,55,95,98,102" m="17815" machi="49" ten="30,1100,0" yaku="8,1" doraHai="105" who="0" fromWho="0" sc="255,11,214,-3,219,-3,312,-5" />
</Scene>
<Scene>
<INIT seed="4,0,0,0,1,38" ten="266,211,216,307" oya="0" hai0="61,75,70,122,115,91,59,123,73,5,57,11,66" hai1="25,106,80,27,40,128,78,35,52,98,135,111,100" hai2="15,125,39,104,105,50,90,86,44,18,16,31,117" hai3="120,110,76,24,85,13,22,7,127,87,19,129,124"/><T34/><D34/><U67/><E111/><V33/><F39/><W21/><G110/><T53/><D115/><U119/><E119/><V88/><F117/><W74/><G129/><T108/><D108/><U102/><E102/><V1/><F1/><W79/><G120/><T130/><D130/><U26/><E128/><V103/><F125/><N who="3" m="48203" /><G7/><T8/><D70/><U116/><E116/><V9/><F18/><N who="3" m="12343" /><G74/><T93/><D75/><U118/><E118/><V131/><F131/><W58/><G58/><T65/><D73/><U133/><E35/><V55/><F103/><W114/><G114/><T10/><D5/><U77/><E67/><V12/><F12/><W95/><G95/><T83/><D83/><U41/><E52/><V72/><F72/><W71/><G71/><T48/><REACH who="0" step="1"/><D66/><REACH who="0" ten="256,211,216,307" step="2"/><U68/><E68/><V84/><F33/><W121/><G121/><T89/><D89/><U132/><E80/><V47/><F88/><W42/><G79/><AGARI ba="0,1" hai="25,26,27,40,41,77,78,79,98,100,106,132,133,135" machi="79" ten="50,6400,0" yaku="20,1,52,2" doraHai="38" who="1" fromWho="3" sc="256,0,211,74,216,0,307,-64" />
</Scene>
<Scene>
<INIT seed="5,0,0,5,2,27" ten="256,285,216,243" oya="1" hai0="76,16,31,117,23,48,38,99,25,59,108,102,41" hai1="69,36,37,95,18,50,66,60,134,89,40,107,75" hai2="121,42,96,80,113,106,22,110,128,77,0,94,51" hai3="132,8,52,100,103,62,111,84,2,19,56,88,46"/><U74/><E107/><V93/><F110/><W17/><G111/><T14/><D117/><U78/><E134/><V125/><F121/><W104/><G104/><T30/><D108/><U47/><E18/><N who="3" m="6666" /><G2/><T92/><D38/><U116/><E116/><V11/><F128/><W12/><G132/><T101/><D76/><U133/><E133/><V79/><F125/><W135/><G46/><N who="0" m="25679" /><D102/><N who="3" m="38953" /><G135/><T43/><D43/><U98/><E78/><V82/><F106/><W63/><G63/><T32/><D32/><U72/><AGARI ba="0,0" hai="36,37,40,47,50,60,66,69,72,74,75,89,95,98" machi="72" ten="30,1500,0" yaku="0,1" doraHai="27" who="1" fromWho="1" sc="256,-5,285,15,216,-5,243,-5" />
</Scene>
<Scene>
<INIT seed="5,1,0,5,0,114" ten="251,300,211,238" oya="1" hai0="129,87,75,98,54,2,49,25,1,133,37,41,66" hai1="47,132,112,22,67,52,117,27,101,84,91,72,106" hai2="62,73,46,35,48,13,15,29,16,115,8,82,45" hai3="78,131,28,38,119,123,60,93,12,24,51,17,95"/><U32/><E112/><V23/><F115/><W64/><G123/><T128/><D75/><U76/><E32/><V30/><F62/><W109/><G38/><T7/><D133/><U127/><E67/><V6/><F35/><W121/><G109/><T34/><D66/><U118/><E132/><V120/><F120/><W92/><G121/><T14/><D41/><U21/><E21/><V43/><REACH who="2" step="1"/><F46/><REACH who="2" ten="251,300,201,238" step="2"/><W44/><G131/><T74/><D128/><U100/><E47/><V130/><F130/><W33/><G119/><T86/><D129/><U3/><E117/><V55/><F55/><W36/><G36/><T31/><D37/><U18/><E52/><V70/><F70/><W90/><G60/><T5/><D54/><U96/><E118/><V11/><F11/><W135/><G64/><T104/><D49/><U69/><E69/><V0/><F0/><W83/><G135/><T61/><D2/><U77/><E3/><V88/><F88/><W42/><G90/><T65/><D1/><U108/><E91/><V10/><F10/><W94/><N who="3" m="23552" /><DORA hai="116" /><W79/><REACH who="3" step="1"/><G83/><REACH who="3" ten="251,300,201,228" step="2"/><T126/><D34/><U134/><E134/><V110/><F110/><W50/><G50/><T124/><D65/><U20/><E108/><V107/><F107/><W125/><G125/><T39/><D61/><U4/><E106/><V80/><F80/><W58/><G58/><T68/><D39/><U57/><E57/><V105/><F105/><W97/><G97/><T59/><D104/><U56/><E96/><V71/><F71/><W89/><G89/><T81/><D124/><U63/><E127/><RYUUKYOKU ba="1,2" sc="251,-15,300,-15,201,15,228,15" hai2="6,8,13,15,16,23,29,30,43,45,48,73,82" hai3="12,17,24,28,33,42,44,51,78,79" />
</Scene>
<Scene>
<INIT seed="6,2,2,4,1,81" ten="236,285,216,243" oya="2" hai0="17,98,64,51,102,109,47,43,114,118,127,42,103" hai1="113,87,107,3,1,56,133,66,27,117,11,80,32" hai2="93,115,75,45,110,33,58,39,128,40,86,121,57" hai3="0,132,95,8,85,99,122,65,119,129,71,49,14"/><V36/><F121/><W52/><G119/><T83/><D109/><U101/><E117/><V120/><F120/><W116/><G116/><T69/><D118/><U105/><E56/><V19/><F75/><W35/><G35/><T79/><D114/><U13/><E66/><V100/><F33/><W77/><G0/><T61/><D127/><U22/><E113/><V50/><F115/><W37/><G37/><T124/><D124/><U24/><E133/><V84/><F110/><W29/><G29/><T10/><D43/><U108/><E108/><V44/><F128/><W126/><G129/><T106/><D102/><U62/><E62/><V111/><F111/><W68/><G126/><T82/><D82/><U63/><E63/><V23/><F100/><N who="3" m="60543" /><G132/><T112/><D112/><U31/><E27/><V28/><F28/><W97/><G97/><T134/><D134/><U38/><E38/><V130/><F130/><W9/><G122/><T131/><D131/><U12/><E12/><V20/><F93/><W104/><G104/><T70/><D17/><N who="1" m="10543" /><E1/><V72/><F72/><W41/><G65/><T67/><D67/><U74/><E74/><V60/><F19/><N who="3" m="8647" /><G9/><T46/><D10/><U48/><E101/><V54/><F23/><W55/><G71/><T53/><D70/><U73/><E73/><V25/><F39/><W34/><G34/><T88/><D69/><U91/><E3/><V16/><REACH who="2" step="1"/><F60/><REACH who="2" ten="236,285,206,243" step="2"/><W5/><G5/><T26/><D61/><U21/><E32/><V92/><F92/><W30/><G68/><T135/><D135/><U2/><E31/><V59/><AGARI ba="2,3" hai="16,20,25,36,40,44,45,50,54,57,58,59,84,86" machi="59" ten="30,18000,2" yaku="1,1,5,1,0,1,52,2,54,1,53,0" doraHai="81" doraHaiUra="76" who="2" fromWho="2" sc="236,-62,285,-62,206,216,243,-62" />
</Scene>
<Scene>
<INIT seed="6,3,0,5,1,51" ten="174,223,422,181" oya="2" hai0="20,73,31,75,86,76,71,43,88,1,95,40,58" hai1="66,131,44,13,53,63,133,69,89,98,10,126,119" hai2="35,52,122,114,128,102,127,12,91,15,104,101,62" hai3="85,22,59,39,67,61,55,121,92,107,4,68,118"/><V29/><F122/><W78/><G107/><T117/><D1/><U28/><E119/><V96/><F102/><W41/><G121/><T32/><D71/><U27/><E131/><V74/><F74/><W6/><G118/><T65/><D117/><U26/><E126/><V130/><F127/><W135/><G135/><T46/><D32/><U24/><E133/><V99/><F114/><W82/><G92/><T80/><D73/><U106/><E44/><V50/><F62/><W94/><G94/><T100/><D46/><U16/><E89/><V8/><F96/><W3/><G3/><T72/><D72/><U33/><REACH who="1" step="1"/><E53/><REACH who="1" ten="174,213,422,181" step="2"/><V64/><F91/><W110/><G110/><T23/><D100/><AGARI ba="3,1" hai="10,13,16,24,26,27,28,33,63,66,69,98,100,106" machi="100" ten="40,8000,1" yaku="1,1,2,1,25,2,54,1,53,0" doraHai="51" doraHaiUra="113" who="1" fromWho="0" sc="174,-89,213,99,422,0,181,0" />
</Scene>
<Scene>
<INIT seed="7,0,0,4,4,8" ten="85,312,422,181" oya="3" hai0="54,111,98,120,121,123,114,90,12,19,44,74,35" hai1="117,38,62,97,16,20,48,83,78,133,2,64,61" hai2="14,130,53,69,32,131,10,124,47,49,45,23,36" hai3="116,95,33,101,106,56,132,3,112,43,40,110,113"/><W5/><G116/><T84/><D74/><U103/><E117/><V91/><F32/><W21/><G110/><T126/><D35/><U6/><E133/><V87/><F69/><W4/><G33/><T92/><D111/><U29/><E38/><V89/><F124/><W109/><G109/><T134/><D126/><U30/><E48/><N who="2" m="28815" /><F23/><W68/><G68/><T119/><D119/><U94/><E6/><N who="3" m="2666" /><G106/><T55/><D134/><U82/><E2/><V60/><F60/><W57/><G3/><T100/><D114/><N who="3" m="44137" /><G21/><T128/><D128/><N who="2" m="49194" /><F87/><W73/><G73/><T59/><D44/><U27/><E62/><V118/><F36/><W86/><G132/><T28/><D28/><U135/><E135/><V51/><F51/><W66/><G66/><T70/><D70/><U11/><E11/><V99/><F99/><N who="3" m="59647" /><G86/><T115/><D115/><U13/><E27/><V85/><F85/><W7/><G7/><T72/><D72/><U104/><E104/><V105/><F105/><W127/><G127/><T107/><D120/><U39/><E39/><V41/><F118/><W18/><G18/><AGARI ba="0,0" hai="10,14,18,41,47,49,89,91" m="49194,28815" machi="18" ten="30,2000,0" yaku="19,1,52,1" doraHai="8" who="2" fromWho="3" sc="85,0,312,0,422,20,181,-20" owari="85,-41.0,312,11.0,442,54.0,161,-24.0" />
</Scene>
</mjloggm>