<mjloggm ver="2.3"><GO type="169" lobby="0"/><UN n0="%E3%83%97%E3%83%AD%E3%82%B8%E3%83%A3%E3%83%B3%E6%B0%8F" n1="%E6%A3%92%E8%A7%92" n2="%E6%98%A5%E6%97%A5%E3%81%8B%E3%82%8C%E3%82%93" n3="%E5%A4%AA%E3%81%8F%E3%81%AA%E3%81%84%E3%81%8A" dan="16,18,16,18" rate="2095.44,2169.04,2018.26,2240.16" sx="M,M,F,F"/><TAIKYOKU oya="0"/>

<Scene>
<INIT seed="0,0,0,4,5,81" ten="250,250,250,250" oya="0" hai0="18,83,106,26,105,99,36,124,50,33,45,58,30" hai1="48,9,19,60,68,115,15,57,70,98,34,93,113" hai2="75,73,91,12,123,134,11,122,7,59,42,111,130" hai3="10,74,3,133,41,67,84,56,129,8,80,72,109"/><T32/><D124/><U54/><E34/><V96/><F134/><W79/><G133/><T4/><D4/><U64/><REACH who="1" step="1"/><E68/><REACH who="1" ten="250,240,250,250" step="2"/><V127/><F127/><W46/><G109/><T38/><D33/><U131/><E131/><V62/><F130/><W51/><G129/><T44/><D32/><U125/><E125/><V20/><F111/><W86/><G72/><T76/><D36/><U104/><E104/><V49/><F75/><W114/><G114/><T24/><D38/><U28/><E28/><V14/><F73/><W69/><G69/><T47/><D30/><U121/><E121/><V63/><F123/><W77/><G74/><T23/><D106/><U82/><E82/><V85/><F122/><W132/><G132/><T126/><D126/><U16/><E16/><V66/><F96/><W120/><G120/><T29/><D105/><U2/><E2/><V118/><F118/><W87/><G3/><T31/><D99/><U135/><E135/><V13/><F62/><N who="3" m="38343" /><G80/><T22/><D18/><U40/><E40/><V89/><F42/><W61/><G61/><T107/><D107/><U35/><E35/><V43/><F43/><W78/><AGARI ba="0,1" hai="8,10,41,46,51,77,78,79,84,86,87" m="38343" machi="78" ten="30,7900,0" yaku="8,1,52,3" doraHai="81" who="3" fromWho="3" sc="250,-39,240,-20,250,-20,250,89" />
</Scene>
<Scene>
<INIT seed="1,0,0,2,1,3" ten="211,220,230,339" oya="1" hai0="78,2,31,116,112,49,65,72,22,77,38,130,68" hai1="109,132,10,106,76,99,69,117,115,25,50,8,93" hai2="121,111,11,81,37,58,97,82,48,0,92,23,44" hai3="13,80,79,15,98,126,128,47,27,33,59,125,66"/><U110/><E117/><V62/><F121/><W124/><G128/><T90/><D38/><U131/><E115/><V83/><F37/><W94/><G47/><T122/><D130/><U85/><E69/><V119/><F119/><W103/><G66/><T52/><D112/><U21/><E50/><V6/><F111/><N who="1" m="42505" /><E132/><V118/><F118/><W1/><G59/><T101/><D116/><U95/><E106/><V135/><F23/><W30/><REACH who="3" step="1"/><G1/><REACH who="3" ten="211,220,230,329" step="2"/><T28/><D65/><U29/><E131/><V105/><F135/><W113/><G113/><T51/><D2/><U133/><E133/><V86/><F58/><W129/><G129/><T12/><D68/><U16/><E29/><V61/><F105/><W34/><G34/><T71/><D71/><U108/><E108/><V56/><F56/><W60/><G60/><T114/><D31/><U43/><E43/><V134/><F134/><W19/><G19/><T75/><D28/><U84/><E95/><V24/><F62/><W53/><G53/><T32/><D52/><U88/><E99/><V26/><F61/><W89/><G89/><T35/><D90/><U57/><E57/><V18/><F18/><W14/><G14/><T41/><D12/><U123/><E123/><V91/><REACH who="2" step="1"/><F97/><REACH who="2" ten="211,220,220,329" step="2"/><W73/><AGARI ba="0,2" hai="13,15,27,30,33,73,79,80,94,98,103,124,125,126" machi="73" ten="30,4000,0" yaku="1,1,0,1,18,1,53,0" doraHai="3" doraHaiUra="36" who="3" fromWho="3" sc="211,-10,220,-20,220,-10,329,60" />
</Scene>
<Scene>
<INIT seed="2,0,0,5,1,121" ten="201,200,210,389" oya="2" hai0="100,35,130,37,8,105,80,69,59,56,88,42,135" hai1="4,27,10,110,81,44,15,123,55,68,13,89,75" hai2="132,129,5,24,52,127,111,48,6,71,103,97,30" hai3="1,112,25,50,93,29,20,3,91,74,76,57,36"/><V108/><F71/><W77/><G36/><T62/><D130/><U134/><E68/><V11/><F129/><W104/><G104/><T43/><D135/><U67/><E134/><V84/><F132/><W60/><G112/><T7/><D35/><U0/><E67/><V102/><F84/><N who="3" m="52455" /><G3/><T18/><D18/><U63/><E27/><V70/><F70/><W65/><G1/><T26/><D26/><U126/><E126/><V66/><F66/><W116/><G74/><T73/><D69/><U114/><E114/><V128/><F128/><W90/><G116/><T107/><D59/><U85/><E75/><V101/><F97/><W115/><G115/><T96/><D105/><U98/><E98/><V133/><F127/><W2/><G2/><T54/><D37/><U94/><E94/><V61/><F61/><W64/><G64/><T86/><REACH who="0" step="1"/><D73/><REACH who="0" ten="191,200,210,389" step="2"/><U45/><E123/><V53/><F133/><W119/><G57/><T72/><D72/><U39/><E39/><V87/><F87/><W22/><G25/><T40/><D40/><U51/><E44/><N who="2" m="27655" /><F53/><W47/><G47/><T28/><D28/><U78/><E45/><V125/><F125/><W120/><G29/><T109/><D109/><N who="2" m="42058" /><F11/><W23/><G120/><T49/><D49/><U38/><E51/><V95/><F95/><W34/><G50/><T31/><D31/><U16/><E110/><V99/><F99/><W9/><G9/><T32/><D32/><AGARI ba="0,1" hai="5,6,24,30,32,101,102,103" m="42058,27655" machi="32" ten="30,18000,2" yaku="14,1,10,1,52,3,54,1" doraHai="121" who="2" fromWho="0" sc="191,-180,200,0,210,190,389,0" />
</Scene>
<Scene>
<INIT seed="2,1,0,4,1,127" ten="11,200,400,389" oya="2" hai0="63,99,58,71,13,87,57,16,48,46,91,54,51" hai1="27,19,120,101,102,23,74,31,32,78,89,59,131" hai2="84,86,44,9,95,2,26,93,76,116,75,36,56" hai3="73,119,117,69,64,123,0,72,110,126,105,45,122"/><V88/><F116/><N who="3" m="44619" /><G45/><T100/><D71/><U83/><E120/><N who="3" m="46122" /><G126/><T70/><D70/><U33/><E33/><V96/><F75/><N who="3" m="28747" /><G0/><T67/><D99/><U24/><E89/><V118/><F118/><W65/><G69/><T80/><D100/><U92/><E92/><V121/><F121/><W109/><G105/><T20/><REACH who="0" step="1"/><D46/><REACH who="0" ten="1,200,400,389" step="2"/><U35/><E102/><V6/><F96/><W39/><G39/><T14/><D14/><U90/><E101/><V47/><F36/><W8/><G8/><T103/><D103/><U38/><E38/><V112/><F112/><W94/><G94/><T42/><D42/><U132/><E59/><V62/><F93/><W49/><G49/><AGARI ba="1,1" hai="13,16,20,48,49,51,54,57,58,63,67,80,87,91" machi="49" ten="30,12000,2" yaku="1,1,7,1,8,1,54,1,53,2" doraHai="127" doraHaiUra="52" who="0" fromWho="3" sc="1,133,200,0,400,0,389,-123" />
</Scene>
<Scene>
<INIT seed="3,0,0,0,4,95" ten="134,200,400,266" oya="3" hai0="15,133,48,26,28,20,72,4,2,118,114,29,105" hai1="52,16,1,92,127,45,108,85,17,53,10,117,0" hai2="119,39,37,14,27,40,49,90,30,86,57,80,24" hai3="112,81,131,59,120,47,77,5,124,111,33,130,129"/><W66/><G120/><T44/><D105/><U104/><E104/><V135/><F119/><W34/><G112/><T88/><D72/><U78/><E117/><V110/><F135/><W36/><G124/><T126/><D118/><U83/><E127/><V3/><F3/><W62/><G5/><T76/><D76/><U134/><E134/><V35/><F110/><W97/><G111/><T115/><D133/><U132/><E108/><V101/><F101/><W43/><REACH who="3" step="1"/><G97/><REACH who="3" ten="134,200,400,256" step="2"/><T7/><D126/><U32/><E132/><V31/><F39/><W109/><G109/><T51/><D114/><U102/><E0/><V87/><F37/><W69/><G69/><T8/><D115/><U46/><E1/><V123/><F123/><W58/><G58/><T89/><D2/><U18/><E32/><V107/><F57/><W65/><G65/><T63/><D4/><U98/><E10/><V103/><F35/><W6/><G6/><T84/><D7/><U19/><N who="1" m="4608" /><DORA hai="79" /><U122/><E122/><V42/><F31/><W68/><G68/><T61/><D29/><U41/><REACH who="1" step="1"/><E46/><REACH who="1" ten="134,190,400,256" step="2"/><V99/><F30/><W73/><AGARI ba="0,2" hai="33,34,36,43,47,59,62,66,73,77,81,129,130,131" machi="73" ten="30,12000,1" yaku="1,1,0,1,19,1,52,1,53,1" doraHai="95,79" doraHaiUra="75,67" who="3" fromWho="3" sc="134,-40,190,-40,400,-40,256,140" />
</Scene>
<Scene>
<INIT seed="3,1,0,4,0,128" ten="94,150,360,396" oya="3" hai0="29,31,3,5,64,124,38,73,97,67,134,12,120" hai1="18,78,52,39,99,116,74,44,98,129,45,58,131" hai2="90,46,53,94,54,122,36,15,110,121,33,37,11" hai3="47,68,19,111,28,65,22,81,86,34,75,48,59"/><W88/><G75/><T70/><D73/><U63/><E116/><V102/><F33/><W76/><G68/><T85/><D38/><U55/><E18/><V80/><F110/><W9/><G34/><T119/><D3/><U89/><E74/><V91/><F102/><W79/><G28/><T4/><D124/><U118/><E78/><V135/><F135/><W61/><G111/><T107/><D120/><U7/><E7/><V117/><F117/><W112/><G112/><T20/><D119/><U115/><E118/><V2/><F2/><W57/><G57/><T32/><D32/><U133/><E115/><V10/><F80/><W77/><G9/><T43/><D43/><U40/><E89/><V87/><F94/><W92/><G92/><T17/><D70/><U14/><E14/><V49/><F15/><N who="3" m="9599" /><G77/><T21/><D12/><U24/><E24/><V96/><F10/><W104/><G104/><T0/><D0/><U105/><E105/><V62/><F11/><W26/><G26/><T83/><D107/><U69/><E69/><V66/><F122/><W71/><G71/><T56/><D56/><U6/><E6/><V13/><F121/><W35/><G35/><T103/><D4/><U132/><E99/><V106/><F96/><W84/><G84/><T113/><D85/><U130/><E98/><V108/><F87/><W25/><G25/><T23/><D97/><U50/><AGARI ba="1,0" hai="39,40,44,45,50,52,55,58,63,129,130,131,132,133" machi="50" ten="40,16000,3" yaku="0,1,19,1,34,3,52,2,54,1" doraHai="128" who="1" fromWho="1" sc="94,-41,150,163,360,-41,396,-81" />
</Scene>
<Scene>
<INIT seed="4,0,0,3,4,57" ten="53,313,319,315" oya="0" hai0="31,117,134,60,49,1,16,74,3,88,58,39,61" hai1="26,17,77,111,36,18,12,99,86,63,113,42,34" hai2="37,84,48,118,52,69,68,0,119,23,114,67,126" hai3="112,78,97,94,56,25,106,19,54,123,87,13,40"/><T9/><D74/><U93/><E111/><V107/><F107/><W6/><G112/><T85/><D117/><N who="2" m="44554" /><F0/><W120/><G40/><T95/><D134/><U51/><E36/><V32/><F32/><W44/><G44/><T27/><D39/><U38/><E38/><V72/><F72/><W101/><G6/><T50/><D3/><U59/><E34/><V110/><F37/><W20/><G25/><T104/><D104/><U132/><E113/><V28/><F110/><W62/><REACH who="3" step="1"/><G94/><REACH who="3" ten="53,313,319,305" step="2"/><T124/><D124/><U55/><E132/><V43/><F114/><W10/><G10/><T129/><D129/><U128/><E26/><V29/><F43/><W92/><G92/><T15/><D1/><U73/><E42/><V81/><F126/><W66/><G66/><T116/><D116/><U130/><E130/><V91/><F67/><W83/><AGARI ba="0,1" hai="13,19,20,54,56,62,78,83,87,97,101,106,120,123" machi="83" ten="30,4000,0" yaku="1,1,0,1,52,1,53,0" doraHai="57" doraHaiUra="122" who="3" fromWho="3" sc="53,-20,313,-10,319,-10,305,50" />
</Scene>
<Scene>
<INIT seed="5,0,0,5,1,65" ten="33,303,309,355" oya="1" hai0="104,11,17,120,10,68,27,61,127,34,94,101,82" hai1="57,111,113,99,5,15,20,92,55,97,117,110,60" hai2="63,19,46,81,37,7,132,8,87,76,102,114,38" hai3="96,80,86,66,89,129,9,122,130,108,116,62,134"/><U83/><BYE who="0" /><E117/><V3/><F132/><W58/><G108/><T77/><D77/><U21/><E113/><V125/><F125/><W32/><G122/><T50/><D50/><U91/><E83/><V123/><F123/><W103/><G32/><T59/><D59/><U42/><E42/><V22/><F114/><W14/><G134/><T79/><D79/><U30/><E99/><V13/><F102/><W72/><G72/><T16/><D16/><N who="1" m="10271" /><E5/><V84/><F46/><W90/><G90/><T23/><D23/><U18/><E30/><V51/><F51/><W112/><G116/><T43/><D43/><U88/><E91/><V44/><F44/><W128/><G112/><T115/><D115/><U71/><E71/><V4/><F4/><W135/><G135/><T64/><D64/><U39/><E39/><V118/><F118/><W48/><G48/><T26/><D26/><AGARI ba="0,0" hai="18,21,26,55,57,60,88,92,97,110,111" m="10271" machi="26" ten="30,5800,0" yaku="25,1,54,2" doraHai="65" who="1" fromWho="0" sc="33,-58,303,58,309,0,355,0" owari="-25,-53.0,361,46.0,309,-9.0,355,16.0" />
</Scene>
</mjloggm>