<mjloggm ver="2.3"><GO type="169" lobby="0"/><UN n0="%E3%82%82%E3%81%97%E3%83%A9%E3%82%B9%E3%81%A7" n1="%E5%A4%AA%E3%81%8F%E3%81%AA%E3%81%84%E3%81%8A" n2="%E3%82%AA%E3%82%BA%E3%82%B0%E3%83%AB%E3%83%BC%E3%83%97" n3="%E5%90%A0%E3%81%88%E3%82%8B%E5%BD%A1%E2%98%86" dan="16,18,16,16" rate="2076.69,2231.85,2093.40,2104.29" sx="M,F,M,M"/><TAIKYOKU oya="0"/>

<Scene>
<INIT seed="0,0,0,2,2,1" ten="250,250,250,250" oya="0" hai0="62,69,12,105,113,106,78,102,128,0,32,94,31" hai1="87,6,57,23,66,100,123,122,55,80,4,79,130" hai2="90,104,107,98,25,3,43,34,88,91,44,93,9" hai3="30,28,97,15,71,103,67,129,13,81,124,19,109"/><T84/><D0/><U61/><E130/><V68/><F68/><W85/><G129/><T112/><D128/><U39/><E39/><V56/><F34/><W111/><G124/><T82/><D94/><U49/><E100/><V77/><F25/><W74/><G74/><T54/><D106/><U35/><E35/><V114/><F77/><N who="3" m="46255" /><G67/><N who="0" m="41207" /><D12/><N who="3" m="4681" /><G19/><T7/><D54/><U20/><E123/><V120/><F114/><W117/><G71/><T121/><D121/><U17/><E122/><V73/><F73/><W10/><G10/><T40/><D40/><U38/><E38/><V89/><F56/><W110/><G117/><T60/><D60/><U45/><E23/><V127/><F127/><W41/><G41/><T65/><D65/><U108/><E108/><N who="3" m="27650" /><W116/><DORA hai="5" /><G116/><T63/><D63/><U22/><E20/><V75/><F75/><W29/><G29/><T64/><D64/><U118/><E118/><V8/><F120/><W21/><G21/><T70/><D70/><U72/><E72/><V36/><REACH who="2" step="1"/><F3/><REACH who="2" ten="250,250,240,250" step="2"/><W125/><G125/><T101/><D113/><U132/><E132/><V16/><F16/><W46/><G46/><T76/><D112/><U14/><AGARI ba="0,1" hai="4,6,14,17,22,45,49,55,57,61,66,79,80,87" machi="14" ten="20,8000,1" yaku="0,1,7,1,8,1,52,2" doraHai="1,5" who="1" fromWho="1" sc="250,-40,250,90,240,-20,250,-20" />
</Scene>
<Scene>
<INIT seed="1,0,0,1,4,83" ten="210,340,220,230" oya="1" hai0="27,75,95,16,94,68,88,110,14,61,66,78,47" hai1="130,86,127,24,57,133,72,38,67,63,93,117,92" hai2="105,19,59,65,119,90,99,76,108,56,41,126,122" hai3="128,84,54,107,34,32,82,5,89,23,60,9,48"/><U28/><E117/><V62/><F122/><W104/><G128/><T10/><D110/><U13/><E72/><V98/><F119/><W42/><G42/><T4/><D75/><U50/><E38/><V91/><F108/><W35/><G23/><T36/><D78/><U43/><E130/><V12/><F126/><W25/><G60/><T118/><D118/><U17/><E127/><V22/><F76/><W0/><REACH who="3" step="1"/><G25/><REACH who="3" ten="210,340,220,220" step="2"/><T106/><D27/><U81/><E43/><V103/><F41/><W20/><G20/><T96/><D36/><U33/><E50/><V29/><F29/><W44/><AGARI ba="0,1" hai="0,5,9,32,34,35,44,48,54,82,84,89,104,107" machi="44" ten="30,7900,0" yaku="1,1,0,1,52,1,53,1" doraHai="83" doraHaiUra="85" who="3" fromWho="3" sc="210,-20,340,-39,220,-20,220,89" />
</Scene>
<Scene>
<INIT seed="2,0,0,0,1,81" ten="190,301,200,309" oya="2" hai0="25,91,26,78,19,42,17,67,132,82,86,107,59" hai1="70,30,68,43,87,80,125,52,40,115,92,74,31" hai2="103,3,55,65,101,16,119,41,8,121,24,113,104" hai3="84,105,133,12,106,112,97,109,23,6,62,38,127"/><V47/><F121/><W110/><G127/><T116/><D107/><U89/><E115/><V66/><F119/><W130/><G130/><T71/><D116/><U32/><E125/><V117/><F113/><W122/><G112/><T10/><D71/><U90/><E74/><V123/><F117/><W88/><G122/><T134/><D42/><N who="1" m="15915" /><E32/><V14/><F123/><W96/><G38/><T9/><D134/><U100/><E70/><V98/><F103/><W61/><G133/><T58/><D132/><U129/><E68/><V64/><F55/><W111/><G105/><T2/><D2/><U37/><E37/><V51/><F3/><W53/><G53/><T69/><D69/><U33/><E33/><V45/><F45/><W60/><G106/><T18/><D78/><U28/><E129/><V44/><F44/><W50/><G50/><T4/><D4/><U46/><E100/><V22/><REACH who="2" step="1"/><F66/><REACH who="2" ten="190,301,190,309" step="2"/><W57/><G109/><T73/><D67/><U85/><E46/><V126/><F126/><W99/><G111/><T72/><D72/><U39/><E39/><V95/><F95/><N who="3" m="54663" /><G110/><T102/><D102/><U77/><E52/><V131/><F131/><W83/><G83/><T56/><REACH who="0" step="1"/><D73/><REACH who="0" ten="180,301,190,309" step="2"/><U29/><N who="1" m="7168" /><DORA hai="49" /><U5/><E5/><AGARI ba="0,2" hai="5,8,14,16,22,24,41,47,51,64,65,98,101,104" machi="5" ten="30,12000,1" yaku="1,1,7,1,54,1,53,2" doraHai="81,49" doraHaiUra="114,63" who="2" fromWho="1" sc="180,0,301,-120,190,140,309,0" />
</Scene>
<Scene>
<INIT seed="2,1,0,1,1,86" ten="180,181,330,309" oya="2" hai0="83,131,98,44,51,132,124,84,62,1,128,10,3" hai1="25,77,100,55,119,50,126,47,135,22,96,0,66" hai2="61,122,4,123,8,81,110,102,71,11,78,46,5" hai3="21,37,90,32,18,39,16,19,53,29,125,79,117"/><V67/><F102/><W115/><G117/><T49/><D124/><U34/><E119/><V26/><F26/><W104/><G104/><T52/><D132/><U93/><E0/><V89/><F110/><W114/><G125/><T63/><D98/><U76/><E126/><V23/><F23/><W2/><G2/><T87/><D10/><U57/><E34/><V133/><F133/><W88/><G79/><T20/><D20/><U116/><E116/><V42/><F11/><W134/><G32/><T94/><D94/><U15/><E15/><V129/><F5/><W101/><G101/><T12/><D44/><U45/><E135/><V103/><F103/><W97/><G97/><T35/><D83/><U60/><REACH who="1" step="1"/><E47/><REACH who="1" ten="180,171,330,309" step="2"/><V85/><F129/><W121/><G134/><T91/><D35/><U56/><E56/><V41/><F41/><W36/><G121/><T33/><D33/><U106/><E106/><V113/><F113/><N who="3" m="43019" /><G53/><T14/><REACH who="0" step="1"/><D52/><REACH who="0" ten="170,171,330,309" step="2"/><U17/><AGARI ba="1,2" hai="17,22,25,45,50,55,57,60,66,76,77,93,96,100" machi="17" ten="20,8000,1" yaku="1,1,0,1,7,1,8,1,53,1" doraHai="86" doraHaiUra="54" who="1" fromWho="1" sc="170,-21,171,103,330,-41,309,-21" />
</Scene>
<Scene>
<INIT seed="3,0,0,0,4,29" ten="149,274,289,288" oya="3" hai0="26,104,64,6,63,37,101,36,135,125,44,113,23" hai1="28,115,123,8,45,77,39,79,56,18,71,94,109" hai2="97,96,27,78,46,122,130,17,2,114,93,110,65" hai3="76,118,105,111,4,60,3,0,81,33,91,57,9"/><W10/><G118/><T66/><D113/><U70/><E115/><V51/><F2/><W100/><G111/><T1/><D135/><U20/><E123/><V75/><F110/><W85/><G33/><T54/><D125/><U34/><E109/><V119/><F114/><W132/><G132/><T74/><D64/><U55/><E8/><V21/><F119/><W72/><G100/><T12/><D74/><U82/><E94/><V13/><F122/><W16/><G105/><T14/><D1/><U41/><E28/><V80/><F130/><W84/><G3/><T47/><D47/><U127/><E127/><V42/><F65/><W24/><G91/><T124/><D124/><U99/><E99/><V90/><F97/><W134/><G134/><T69/><D101/><U43/><E43/><V25/><AGARI ba="0,0" hai="13,17,21,25,27,42,46,51,75,78,80,90,93,96" machi="25" ten="30,1100,0" yaku="0,1" doraHai="29" who="2" fromWho="2" sc="149,-3,274,-3,289,11,288,-5" />
</Scene>
<Scene>
<INIT seed="4,0,0,4,0,71" ten="146,271,300,283" oya="0" hai0="117,66,62,99,9,108,135,73,42,134,74,19,90" hai1="128,110,41,8,79,104,20,52,112,60,101,131,115" hai2="68,27,39,89,31,64,0,30,29,28,12,84,43" hai3="116,132,51,106,4,81,69,7,94,113,57,125,46"/><T6/><D117/><U105/><E110/><V49/><F0/><W102/><G116/><T48/><D19/><U53/><E79/><V70/><F64/><W119/><G119/><T59/><D108/><U38/><E8/><V114/><F49/><W126/><G69/><T93/><D42/><U82/><E82/><V36/><F12/><W65/><G106/><N who="1" m="41066" /><E101/><V130/><F130/><N who="1" m="49705" /><E20/><V103/><F103/><W18/><G81/><T33/><D33/><U56/><E53/><V88/><F43/><W10/><G113/><N who="1" m="43594" /><E41/><V35/><F114/><W122/><G102/><T95/><D95/><U26/><E26/><V1/><F1/><W77/><G10/><T34/><D34/><U14/><E14/><V45/><F45/><W86/><G46/><T5/><D48/><U80/><E80/><V75/><F75/><W98/><G51/><T50/><D50/><U15/><E15/><V87/><F70/><W47/><G77/><T91/><D91/><U32/><E32/><V129/><F68/><W92/><G47/><T21/><D21/><U37/><AGARI ba="0,0" hai="37,38,52,56,60" m="43594,49705,41066" machi="37" ten="40,12000,2" yaku="19,1,15,1,11,1,52,2,54,1" doraHai="71" who="1" fromWho="1" sc="146,-60,271,120,300,-30,283,-30" />
</Scene>
<Scene>
<INIT seed="5,0,0,1,1,81" ten="86,391,270,253" oya="1" hai0="120,124,12,49,31,129,41,8,70,4,115,0,96" hai1="69,43,56,13,38,64,122,88,32,51,78,101,7" hai2="33,34,72,45,6,3,121,80,65,73,85,66,54" hai3="95,119,76,39,48,60,25,9,93,58,29,35,110"/><U1/><E122/><V61/><F121/><W130/><G110/><T98/><D120/><U77/><E32/><V90/><F3/><W26/><G39/><T128/><D70/><U5/><E1/><V63/><F6/><W18/><G130/><T112/><D41/><U102/><E69/><V103/><F103/><N who="1" m="39433" /><E38/><V62/><F45/><W123/><G123/><T20/><D49/><U99/><E64/><V50/><F33/><W131/><G131/><N who="0" m="50251" /><D98/><U118/><E118/><V127/><F34/><W87/><G119/><T107/><D96/><U126/><E126/><V83/><F127/><W21/><G48/><T17/><D107/><U125/><E125/><V97/><F97/><W100/><G100/><T36/><D36/><U24/><E24/><V116/><F116/><W133/><G133/><T92/><D92/><N who="1" m="56711" /><E56/><V40/><F40/><W16/><G18/><T135/><D124/><U11/><E5/><V67/><REACH who="2" step="1"/><F83/><REACH who="2" ten="86,391,260,253" step="2"/><W74/><G35/><T23/><D135/><U111/><E111/><V27/><F27/><AGARI ba="0,1" hai="0,4,8,12,17,20,23,27,31,112,115" m="50251" machi="27" ten="30,3900,0" yaku="19,1,34,2" doraHai="81" who="0" fromWho="2" sc="86,49,391,0,260,-39,253,0" />
</Scene>
<Scene>
<INIT seed="6,0,0,0,1,29" ten="135,391,221,253" oya="2" hai0="56,13,16,108,109,135,36,119,118,125,57,44,87" hai1="134,23,128,41,65,50,74,6,81,0,19,24,75" hai2="77,85,38,12,30,17,45,28,120,49,95,25,86" hai3="99,58,7,78,61,52,100,71,55,18,105,117,133"/><V115/><F38/><W54/><G133/><T42/><D87/><U122/><E65/><V98/><F120/><W34/><G117/><N who="0" m="44555" /><D13/><U114/><E134/><V11/><F115/><W4/><G71/><T35/><D16/><U31/><E114/><V15/><F77/><W83/><G34/><T72/><D72/><U121/><E128/><V43/><F15/><W62/><G18/><T123/><D135/><U104/><E104/><V111/><F30/><W8/><G62/><T132/><D132/><U53/><E81/><V110/><F110/><N who="0" m="42602" /><D123/><U51/><E19/><V46/><F46/><W67/><REACH who="3" step="1"/><G8/><REACH who="3" ten="135,391,221,243" step="2"/><T22/><D22/><U59/><E23/><N who="2" m="15423" /><F111/><W106/><G106/><T47/><D35/><U88/><E121/><V68/><F68/><W60/><G60/><T94/><D94/><U26/><E122/><V91/><AGARI ba="0,1" hai="11,12,17,43,45,49,85,86,91,95,98" m="15423" machi="91" ten="30,1500,0" yaku="8,1" doraHai="29" who="2" fromWho="2" sc="135,-5,391,-5,221,25,243,-5" />
</Scene>
<Scene>
<INIT seed="6,1,0,5,5,61" ten="130,386,246,238" oya="2" hai0="4,59,14,131,105,9,39,12,84,117,90,94,116" hai1="36,32,48,26,37,21,20,129,87,115,75,23,135" hai2="15,73,107,8,27,69,41,92,132,114,83,96,53" hai3="121,127,71,7,126,5,72,33,30,43,62,91,3"/><V123/><F107/><W101/><G121/><T22/><D105/><U88/><E75/><V64/><F123/><W102/><G72/><T31/><D39/><U42/><E115/><V13/><F41/><W95/><G43/><T28/><D131/><U108/><E108/><V111/><F114/><W19/><G19/><T54/><D117/><U133/><E129/><V81/><F111/><W112/><G112/><T119/><D119/><U56/><E32/><V82/><F73/><W98/><G30/><T57/><D57/><U78/><E78/><V63/><F132/><N who="1" m="50761" /><E26/><V2/><F27/><W35/><G35/><T1/><D1/><U6/><E6/><N who="3" m="2058" /><G33/><T86/><D86/><U103/><E103/><V52/><F2/><W65/><G3/><T49/><REACH who="0" step="1"/><D116/><REACH who="0" ten="120,386,246,238" step="2"/><U125/><E56/><V16/><REACH who="2" step="1"/><F15/><REACH who="2" ten="120,386,236,238" step="2"/><W80/><G126/><T45/><D45/><N who="1" m="25655" /><E125/><V44/><F44/><W106/><G127/><T100/><D100/><AGARI ba="1,2" hai="8,13,16,52,53,63,64,69,81,82,83,92,96,100" machi="100" ten="40,12000,1" yaku="1,1,52,1,54,2,53,1" doraHai="61" doraHaiUra="66" who="2" fromWho="0" sc="120,-123,386,0,236,143,238,0" owari="-3,-50.0,386,48.0,379,18.0,238,-16.0" />
</Scene>
</mjloggm>