<mjloggm ver="2.3"><GO type="169"/><UN n0="%6D%61%63%6A%72" n1="%6E%69%6A%69" n2="%E3%80%93%E3%81%84%E3%81%A1%E3%81%AF%E3%82%89%E3%80%93" n3="%E5%A4%AA%E3%81%8F%E3%81%AA%E3%81%84%E3%81%8A" dan="16,16,17,17" rate="2117,2077,2159,2145" sx="M,F,M,M"/><TAIKYOKU oya="0"/>

<Scene>
<INIT seed="0,0,0,3,1,104" ten="250,250,250,250" oya="0" hai0="133,74,30,101,25,69,41,53,98,42,124,80,15" hai1="109,3,71,45,40,39,92,7,76,95,8,82,87" hai2="68,65,20,112,17,70,66,99,135,129,111,56,16" hai3="78,77,85,9,18,35,131,110,121,38,26,34,81"/><T13/><D69/><U114/><E71/><V51/><F112/><W10/><G38/><T105/><D133/><U119/><E119/><V21/><F135/><W43/><G43/><T28/><D124/><U22/><E114/><V93/><F129/><W54/><G131/><T63/><D41/><U72/><E109/><V46/><F111/><W84/><G110/><T132/><D42/><U130/><E130/><V115/><F115/><W107/><G107/><T19/><D132/><U62/><E87/><V122/><F122/><W106/><G106/><T127/><D127/><U91/><E91/><V61/><F66/><W83/><G121/><T33/><D28/><U27/><E62/><V12/><F51/><W37/><G37/><T86/><D19/><AGARI ba="0,0" hai="3,7,8,19,22,27,39,40,45,72,76,82,92,95" machi="19" ten="30,7700,0" yaku="7,1,25,2,52,1" doraHai="104" who="1" fromWho="0" sc="250,-77,250,77,250,0,250,0" />
</Scene>
<Scene>
<INIT seed="1,0,0,0,0,112" ten="173,327,250,250" oya="1" hai0="83,57,29,88,76,104,132,95,91,43,68,23,73" hai1="106,102,16,62,126,15,70,118,26,67,119,6,103" hai2="107,37,3,125,44,69,31,63,71,117,30,86,21" hai3="96,75,82,11,55,52,84,5,65,116,1,79,81"/><U93/><E106/><V110/><F3/><W13/><G65/><T38/><D68/><U72/><E72/><V61/><F107/><W58/><G116/><T22/><D104/><U105/><E105/><V121/><F121/><W2/><G96/><T97/><D132/><U41/><E126/><V39/><F86/><W47/><G47/><T50/><D29/><U33/><E41/><V8/><F21/><W130/><G130/><T134/><D134/><U48/><E48/><V45/><F8/><W123/><G123/><T60/><D38/><U135/><E135/><V108/><F125/><W78/><REACH who="3" step="1"/><G55/><REACH who="3" ten="173,327,250,240" step="2"/><T19/><D43/><U7/><E67/><V133/><F133/><W51/><AGARI ba="0,1" hai="1,2,5,11,13,51,52,58,75,78,79,81,82,84" machi="51" ten="20,8000,1" yaku="1,1,2,1,0,1,7,1,54,1,53,0" doraHai="112" doraHaiUra="56" who="3" fromWho="3" sc="173,-20,327,-40,250,-20,240,90" />
</Scene>
<Scene>
<INIT seed="2,0,0,2,4,134" ten="153,287,230,330" oya="2" hai0="40,38,4,79,95,46,117,104,111,126,135,74,17" hai1="53,48,75,9,33,11,21,128,13,34,39,113,47" hai2="133,18,16,71,132,72,56,106,93,58,3,15,112" hai3="32,103,12,129,92,99,10,22,120,27,28,83,5"/><V127/><F106/><W98/><G129/><T36/><D104/><U57/><E75/><V96/><F71/><W80/><G120/><T107/><D107/><U89/><E113/><V29/><F3/><W105/><REACH who="3" step="1"/><G32/><REACH who="3" ten="153,287,230,320" step="2"/><T78/><D117/><U37/><E33/><V115/><F115/><W102/><AGARI ba="0,1" hai="5,10,12,22,27,28,80,83,92,98,99,102,103,105" machi="102" ten="20,5200,0" yaku="1,1,2,1,0,1,7,1,53,0" doraHai="134" doraHaiUra="108" who="3" fromWho="3" sc="153,-13,287,-13,230,-26,320,62" />
</Scene>
<Scene>
<INIT seed="3,0,0,3,2,119" ten="140,274,204,382" oya="3" hai0="82,57,108,23,5,133,98,113,39,127,121,129,18" hai1="95,67,66,122,42,26,86,60,46,87,63,1,21" hai2="58,75,43,53,85,74,65,69,104,38,17,48,90" hai3="134,9,109,37,101,62,131,7,24,2,117,0,83"/><W120/><G37/><T72/><D39/><U14/><E1/><V35/><F35/><W4/><G101/><T61/><D108/><U96/><E14/><V16/><F104/><W40/><G40/><T84/><D72/><U22/><E86/><V44/><F75/><W100/><G100/><T116/><D116/><U80/><E21/><V10/><F10/><W11/><G117/><T94/><D127/><U76/><E66/><V97/><F97/><W34/><G83/><T52/><D133/><U112/><E112/><V56/><F56/><W93/><G93/><T77/><D129/><U27/><E27/><V126/><F74/><W64/><G131/><T70/><D70/><U54/><E54/><V68/><F126/><W88/><G134/><T103/><D113/><U3/><E3/><V78/><F78/><W20/><G109/><T25/><REACH who="0" step="1"/><D5/><REACH who="0" ten="130,274,204,382" step="2"/><U12/><E67/><V91/><F69/><W105/><G64/><T55/><D55/><U31/><E42/><V19/><F85/><W45/><G7/><T50/><D50/><U106/><E87/><V89/><F65/><W114/><G4/><T118/><D118/><U102/><E63/><V51/><REACH who="2" step="1"/><F68/><REACH who="2" ten="130,274,194,382" step="2"/><W8/><G114/><T128/><D128/><U13/><E60/><AGARI ba="0,2" hai="16,17,19,38,43,44,48,51,53,58,60,89,90,91" machi="60" ten="40,5200,0" yaku="1,1,2,1,54,1,53,0" doraHai="119" doraHaiUra="92" who="2" fromWho="1" sc="130,0,274,-52,194,72,382,0" />
</Scene>
<Scene>
<INIT seed="4,0,0,5,2,68" ten="130,222,266,382" oya="0" hai0="116,99,123,110,72,3,29,35,37,135,130,126,15" hai1="39,108,120,67,8,82,2,92,19,111,81,50,38" hai2="113,97,33,16,75,36,45,105,43,41,17,80,30" hai3="52,49,71,6,51,22,12,132,134,122,9,90,129"/><T28/><RYUUKYOKU type="yao9" ba="0,0" sc="130,0,222,0,266,0,382,0" hai0="3,15,28,29,35,37,72,99,110,116,123,126,130,135" />
</Scene>
<Scene>
<INIT seed="4,1,0,0,0,17" ten="130,222,266,382" oya="0" hai0="4,114,47,34,108,62,118,85,70,50,42,125,133" hai1="111,18,39,40,101,73,52,67,36,103,112,126,57" hai2="122,30,53,58,8,107,93,51,7,23,88,100,65" hai3="1,19,121,29,43,33,97,76,134,77,3,82,2"/><T113/><D34/><U22/><E73/><V49/><F122/><W79/><G121/><T78/><D4/><U106/><E111/><V20/><F65/><W80/><G134/><T32/><D32/><U81/><E67/><V124/><F124/><W123/><G123/><T31/><D31/><U71/><E71/><V98/><F49/><W41/><G97/><T54/><D78/><U99/><E126/><V9/><F30/><W128/><G128/><T12/><D125/><U11/><E11/><V102/><F9/><W119/><G119/><T72/><D72/><U135/><E135/><V131/><F131/><W66/><G66/><N who="0" m="41303" /><D133/><U75/><E101/><V84/><REACH who="2" step="1"/><F102/><REACH who="2" ten="130,222,256,382" step="2"/><W104/><G29/><T129/><D129/><U48/><E36/><V110/><F110/><W0/><G33/><T95/><D108/><U55/><E39/><V89/><F89/><W90/><G90/><N who="0" m="53711" /><D118/><U15/><E48/><V27/><F27/><W63/><G63/><T96/><D12/><AGARI ba="1,1" hai="7,8,12,20,23,51,53,58,84,88,93,98,100,107" machi="12" ten="30,8000,1" yaku="1,1,7,1,52,2,54,1,53,0" doraHai="17" doraHaiUra="105" who="2" fromWho="0" sc="130,-83,222,0,256,93,382,0" />
</Scene>
<Scene>
<INIT seed="5,0,0,5,4,131" ten="47,222,349,382" oya="1" hai0="10,121,69,28,103,0,62,82,46,73,100,30,118" hai1="52,2,128,22,89,38,125,23,93,67,111,126,127" hai2="1,61,105,51,90,13,71,76,79,129,26,95,39" hai3="110,130,133,54,18,74,113,77,115,3,66,86,132"/><U87/><E38/><V99/><F1/><W97/><G3/><T49/><D118/><U8/><E111/><V35/><F39/><W21/><G110/><T134/><D121/><U59/><E67/><V92/><F129/><W19/><G130/><T108/><D108/><U83/><E128/><V119/><F119/><W70/><G74/><T37/><D69/><U4/><REACH who="1" step="1"/><E83/><REACH who="1" ten="47,212,349,382" step="2"/><V42/><F71/><W91/><G66/><T43/><D62/><AGARI ba="0,1" hai="2,4,8,22,23,52,59,62,87,89,93,125,126,127" machi="62" ten="40,12000,1" yaku="1,1,2,1,18,1,54,1,53,1" doraHai="131" doraHaiUra="6" who="1" fromWho="0" sc="47,-120,212,130,349,0,382,0" owari="-73,-57.0,342,-6.0,349,15.0,382,48.0" />
</Scene>
</mjloggm>