<mjloggm ver="2.3"><GO type="169"/><UN n0="%E3%82%82%E3%81%A3%E3%81%97%E3%83%BC" n1="%2D%72%6F%6E%2D" n2="%7A%6B%75%72%74" n3="%E5%A4%AA%E3%81%8F%E3%81%AA%E3%81%84%E3%81%8A" dan="16,17,17,17" rate="2084,2146,2186,2144" sx="M,M,M,M"/><TAIKYOKU oya="0"/>

<Scene>
<INIT seed="0,0,0,1,0,75" ten="250,250,250,250" oya="0" hai0="55,125,35,27,57,31,80,0,95,72,91,16,62" hai1="21,65,68,32,89,2,5,38,9,84,23,44,110" hai2="109,37,1,107,81,39,126,18,41,26,71,11,20" hai3="33,118,34,119,22,36,54,8,25,92,48,101,129"/><T29/><D0/><U59/><E32/><V56/><F71/><W10/><G36/><T99/><D125/><U82/><E110/><V14/><F109/><W100/><G129/><T78/><REACH who="0" step="1"/><D35/><REACH who="0" ten="240,250,250,250" step="2"/><U3/><E3/><V67/><F126/><W104/><G34/><T15/><D15/><U42/><REACH who="1" step="1"/><E59/><REACH who="1" ten="240,240,250,250" step="2"/><V74/><F1/><W28/><G33/><T40/><D40/><U116/><E116/><V63/><F41/><W123/><G119/><T115/><D115/><U113/><E113/><V17/><F56/><W124/><G118/><T52/><D52/><U85/><E85/><V60/><F74/><W53/><G124/><T106/><D106/><U134/><E134/><V117/><F107/><W12/><G104/><T46/><D46/><U121/><E121/><V122/><F122/><W97/><G123/><T51/><D51/><U19/><E19/><V86/><F117/><W6/><G48/><T88/><D88/><U87/><E87/><V114/><F114/><W47/><G47/><T76/><D76/><U128/><E128/><V4/><F18/><W58/><G58/><T69/><D69/><U61/><AGARI ba="0,2" hai="2,5,9,21,23,38,42,44,61,65,68,82,84,89" machi="61" ten="30,2000,0" yaku="1,1,0,1,53,0" doraHai="75" doraHaiUra="132" who="1" fromWho="1" sc="240,-10,240,40,250,-5,250,-5" />
</Scene>
<Scene>
<INIT seed="1,0,0,5,1,90" ten="230,280,245,245" oya="1" hai0="30,39,51,42,68,36,78,116,69,50,66,20,46" hai1="35,115,60,85,73,45,91,1,89,106,77,71,92" hai2="7,9,52,15,126,113,110,128,94,37,17,88,81" hai3="23,103,27,40,41,11,25,82,63,53,38,98,133"/><U118/><E1/><V100/><F37/><N who="0" m="14410" /><D20/><U21/><E45/><V22/><F113/><W130/><G133/><T117/><D30/><U121/><E121/><V132/><F132/><W2/><G130/><T107/><D107/><U112/><E21/><V47/><F128/><W75/><G38/><N who="0" m="21847" /><D78/><U29/><E118/><N who="0" m="45673" /><D66/><U32/><E106/><V33/><F33/><W102/><G75/><T76/><D76/><U124/><E77/><V58/><F100/><W97/><G82/><T48/><AGARI ba="0,0" hai="48,50,51,68,69" m="45673,21847,14410" machi="48" ten="40,2700,0" yaku="34,2" doraHai="90" who="0" fromWho="0" sc="230,27,280,-13,245,-7,245,-7" />
</Scene>
<Scene>
<INIT seed="2,0,0,0,3,79" ten="257,267,238,238" oya="2" hai0="8,48,47,135,46,65,28,84,132,109,17,129,100" hai1="68,87,134,35,118,92,123,30,14,54,13,12,66" hai2="49,1,111,104,42,80,120,126,43,93,20,115,52" hai3="53,24,5,57,117,62,130,44,91,131,76,83,19"/><V59/><F104/><W9/><G117/><T108/><D28/><U82/><E118/><V33/><F33/><W32/><G91/><T15/><D100/><U112/><E112/><V90/><F120/><W78/><G44/><N who="0" m="16939" /><D129/><N who="3" m="49161" /><G83/><T29/><D29/><U96/><E123/><V105/><F105/><W4/><G32/><T23/><D65/><U89/><E134/><N who="0" m="51241" /><D48/><U39/><E39/><V103/><F115/><W22/><G4/><N who="0" m="3463" /><D84/><U50/><E66/><V7/><F103/><W101/><G101/><T31/><D31/><U27/><E68/><V107/><F107/><W81/><G81/><T116/><D116/><U61/><E61/><V73/><F80/><W56/><G56/><T67/><D67/><U69/><E69/><V74/><F74/><W86/><G86/><T21/><D21/><U133/><E133/><V88/><F73/><W0/><AGARI ba="0,0" hai="0,5,9,19,22,24,53,57,62,76,78" m="49161" machi="0" ten="30,1100,0" yaku="19,1" doraHai="79" who="3" fromWho="3" sc="257,-3,267,-3,238,-5,238,11" />
</Scene>
<Scene>
<INIT seed="3,0,0,4,3,40" ten="254,264,233,249" oya="3" hai0="35,52,16,24,66,75,4,0,76,44,10,108,96" hai1="80,23,92,64,94,82,99,21,100,121,12,111,97" hai2="116,119,31,37,2,114,32,7,79,54,30,72,51" hai3="55,88,74,38,126,59,49,15,39,77,104,3,134"/><W27/><G3/><T113/><D108/><U69/><E121/><V90/><F114/><W65/><G104/><T6/><D113/><U93/><E111/><V42/><F90/><W11/><G126/><T34/><D6/><U98/><E64/><V127/><F127/><W62/><G134/><T87/><D75/><U112/><E69/><V73/><F42/><W120/><G120/><T19/><D66/><U61/><E61/><V9/><F37/><W13/><G27/><T123/><D123/><U20/><E112/><V68/><F68/><W106/><G106/><T45/><D96/><U125/><E125/><V102/><F102/><W71/><G15/><T57/><D35/><U130/><E100/><V28/><F32/><W81/><REACH who="3" step="1"/><G88/><REACH who="3" ten="254,264,233,239" step="2"/><T46/><D24/><U86/><E130/><V1/><F1/><W122/><G122/><T131/><D131/><U8/><E86/><V33/><F33/><W70/><G70/><T58/><D34/><U56/><E56/><V25/><F25/><W133/><G133/><T47/><D58/><U109/><E109/><V85/><F85/><W132/><G132/><T50/><N who="0" m="11264" /><DORA hai="43" /><T110/><REACH who="0" step="1"/><D110/><REACH who="0" ten="244,264,233,239" step="2"/><U22/><N who="1" m="5120" /><DORA hai="41" /><U17/><AGARI ba="0,2" hai="8,12,17,80,82,92,93,94,97,98,99" m="5120" machi="17" ten="50,8000,1" yaku="4,1,0,1,29,2,8,1" doraHai="40,43,41" who="1" fromWho="1" sc="244,-20,264,100,233,-20,239,-40" />
</Scene>
<Scene>
<INIT seed="4,0,0,1,1,34" ten="224,364,213,199" oya="0" hai0="127,55,63,69,21,130,16,110,108,65,83,43,66" hai1="89,126,79,103,12,118,117,119,56,95,38,41,114" hai2="35,2,24,0,57,104,78,18,92,124,77,61,113" hai3="120,100,11,47,97,4,7,58,31,88,128,94,62"/><T86/><D43/><U75/><E126/><V20/><F104/><W73/><G73/><T27/><D127/><U125/><E125/><V72/><F124/><W112/><G112/><T39/><D39/><U6/><E103/><V135/><F113/><W59/><G128/><T96/><D130/><U45/><E114/><V101/><F35/><W67/><G120/><T26/><D96/><U102/><E102/><V70/><F70/><W74/><G74/><T91/><D66/><U28/><E28/><V84/><F72/><W15/><G31/><T22/><REACH who="0" step="1"/><D55/><REACH who="0" ten="214,364,213,199" step="2"/><U9/><E38/><V36/><F36/><W60/><G100/><T64/><D64/><U8/><E41/><V98/><F135/><W129/><G129/><T82/><D82/><U99/><E99/><V53/><REACH who="2" step="1"/><F84/><REACH who="2" ten="214,364,203,199" step="2"/><W134/><G134/><T105/><D105/><U123/><E75/><V32/><F32/><W19/><REACH who="3" step="1"/><G47/><REACH who="3" ten="214,364,203,189" step="2"/><T71/><D71/><U133/><E45/><V13/><F13/><W10/><G10/><T33/><D33/><U87/><E9/><V1/><AGARI ba="0,3" hai="0,1,2,18,20,24,53,57,61,77,78,92,98,101" machi="1" ten="30,12000,2" yaku="1,1,0,1,52,3,53,1" doraHai="34" doraHaiUra="23" who="2" fromWho="2" sc="214,-60,364,-30,203,150,189,-30" />
</Scene>
<Scene>
<INIT seed="5,0,0,2,2,81" ten="154,334,353,159" oya="1" hai0="125,97,34,21,3,41,22,91,50,70,78,115,94" hai1="85,27,92,4,23,89,112,53,88,26,95,107,39" hai2="96,109,104,9,55,129,56,79,36,63,93,69,105" hai3="30,7,37,20,40,99,135,73,2,48,123,65,33"/><U24/><E107/><V16/><F109/><W118/><G123/><T72/><D34/><U87/><E112/><V66/><F36/><W12/><G73/><T44/><D115/><U28/><E39/><V35/><F35/><W47/><G135/><T58/><D70/><U57/><E4/><V13/><F79/><W6/><G118/><T132/><D3/><U122/><E122/><V80/><F80/><W119/><G119/><T52/><D132/><U114/><E114/><V61/><REACH who="2" step="1"/><F129/><REACH who="2" ten="154,334,343,159" step="2"/><W1/><G37/><T83/><REACH who="0" step="1"/><D125/><REACH who="0" ten="144,334,343,159" step="2"/><U8/><REACH who="1" step="1"/><E8/><REACH who="1" ten="144,324,343,159" step="2"/><V75/><F75/><W42/><G33/><T108/><D108/><U11/><E11/><V121/><F121/><W19/><G2/><T76/><D76/><U131/><E131/><V5/><F5/><W74/><G1/><T46/><D46/><U54/><E54/><V60/><F60/><AGARI ba="0,3" hai="21,22,41,44,50,52,58,60,72,78,83,91,94,97" machi="60" ten="30,3900,0" yaku="1,1,7,1,54,1,53,0" doraHai="81" doraHaiUra="15" who="0" fromWho="2" sc="144,69,324,0,343,-39,159,0" /><AGARI ba="0,0" hai="23,24,26,27,28,53,57,60,85,87,88,89,92,95" machi="60" ten="30,18000,2" yaku="1,1,7,1,9,1,8,1,52,2,54,1,53,0" doraHai="81" doraHaiUra="15" who="1" fromWho="2" sc="213,0,324,180,304,-180,159,0" />
</Scene>
<Scene>
<INIT seed="5,1,0,2,3,101" ten="213,504,124,159" oya="1" hai0="52,25,42,114,125,80,129,13,83,34,68,11,56" hai1="95,51,31,35,104,71,8,89,24,43,59,46,60" hai2="92,73,28,94,98,85,88,70,61,78,74,108,2" hai3="106,67,119,116,113,77,50,84,72,48,23,109,115"/><U105/><E8/><V36/><F2/><W86/><G109/><T79/><D68/><U39/><E71/><V7/><F36/><W0/><G0/><T124/><D114/><N who="3" m="43529" /><G67/><T45/><D129/><U21/><E35/><V127/><F108/><W120/><G120/><T118/><D118/><N who="3" m="45097" /><G106/><T133/><D133/><U38/><E38/><V40/><F127/><N who="0" m="48714" /><D34/><U126/><E39/><V69/><F7/><W134/><G134/><T44/><D25/><U111/><E111/><V30/><F40/><W130/><G130/><T135/><D135/><U122/><E122/><V132/><F132/><W3/><G3/><T76/><D76/><U93/><E126/><V117/><F117/><W63/><G63/><N who="0" m="36231" /><D42/><U17/><E31/><V54/><F70/><W91/><G23/><T6/><D83/><U90/><E95/><V29/><F78/><W81/><G72/><AGARI ba="1,0" hai="6,11,13,44,45,72,79,80" m="36231,48714" machi="72" ten="30,2000,0" yaku="18,1,54,1" doraHai="101" who="0" fromWho="3" sc="213,23,504,0,124,0,159,-23" />
</Scene>
<Scene>
<INIT seed="6,0,0,0,5,121" ten="236,504,124,136" oya="2" hai0="110,67,19,3,63,58,83,93,68,132,73,80,53" hai1="118,117,89,109,5,46,30,25,131,13,127,119,6" hai2="76,97,62,37,59,9,94,47,27,87,34,49,33" hai3="100,74,82,75,18,114,96,84,26,22,45,102,130"/><V123/><F123/><W91/><G130/><T8/><D132/><U56/><E46/><V105/><F37/><W15/><G114/><T65/><D65/><U88/><E131/><V17/><F105/><W21/><G45/><T79/><D83/><U24/><E127/><V122/><F122/><W112/><G112/><T69/><D69/><U101/><E56/><V64/><F33/><W116/><G116/><T14/><D3/><U40/><E40/><V54/><F34/><W85/><G85/><T106/><D106/><U32/><E101/><V50/><F50/><W92/><REACH who="3" step="1"/><G102/><REACH who="3" ten="236,504,124,126" step="2"/><T55/><D73/><U70/><E118/><V134/><F134/><W38/><G38/><T43/><D43/><U44/><E44/><V60/><F60/><W7/><G7/><T20/><D63/><U48/><E6/><V12/><F27/><W39/><G39/><T86/><D86/><U2/><E25/><V120/><F120/><W98/><G98/><T51/><D51/><U28/><E24/><V129/><F129/><W1/><G1/><T104/><D79/><U16/><E2/><V107/><F107/><W29/><AGARI ba="0,1" hai="15,18,21,22,26,29,74,75,82,84,91,92,96,100" machi="29" ten="20,2700,0" yaku="1,1,0,1,7,1,53,0" doraHai="121" doraHaiUra="125" who="3" fromWho="3" sc="236,-7,504,-7,124,-13,126,37" />
</Scene>
<Scene>
<INIT seed="7,0,0,2,4,13" ten="229,497,111,163" oya="3" hai0="74,26,31,77,14,69,38,109,81,15,57,85,19" hai1="40,33,6,108,45,54,124,66,76,64,102,120,22" hai2="41,71,103,29,27,72,12,89,79,34,122,91,32" hai3="126,58,60,84,131,1,3,65,100,17,93,55,47"/><W50/><G131/><T98/><D109/><U107/><E66/><V127/><F71/><W46/><G126/><T130/><D69/><U37/><E22/><V97/><F127/><W95/><G3/><T112/><D38/><U0/><E54/><V61/><F122/><W51/><G1/><T42/><D42/><U9/><E108/><V10/><F34/><W68/><G100/><T92/><D130/><U104/><E120/><V52/><F41/><W115/><G115/><T59/><D112/><U119/><E119/><V56/><F79/><W24/><G84/><T80/><D80/><U16/><E16/><V20/><F32/><W99/><G99/><T134/><D134/><U135/><E135/><V87/><F87/><W8/><G68/><T18/><D85/><U73/><E124/><V7/><REACH who="2" step="1"/><F72/><REACH who="2" ten="229,497,101,163" step="2"/><W129/><G129/><T101/><D77/><U21/><E21/><V2/><F2/><W30/><G30/><T111/><D31/><U28/><E64/><V88/><F88/><W86/><G86/><T23/><D74/><U113/><E113/><V82/><F82/><W96/><G96/><T114/><D81/><N who="1" m="45199" /><E102/><V117/><F117/><W118/><G118/><T62/><D114/><U128/><E128/><V78/><F78/><W123/><G123/><T67/><D111/><U70/><E70/><V25/><F25/><AGARI ba="0,1" hai="0,6,9,25,28,33,37,40,45,104,107" m="45199" machi="25" ten="30,3900,0" yaku="25,1,33,2" doraHai="13" who="1" fromWho="2" sc="229,0,497,49,101,-39,163,0" owari="229,3.0,546,65.0,62,-44.0,163,-24.0" />
</Scene>
</mjloggm>