<mjloggm ver="2.3"><GO type="169" lobby="0"/><UN n0="%E3%81%82%E3%81%A4%E3%81%82%E3%81%A4%E6%B9%AF%E8%B1%86%E8%85%90" n1="%E3%82%B3%E3%83%8F%E3%83%AB%E3%82%B9%E3%82%BF%E3%83%BC" n2="%73%70%6F%69%6C%65%64" n3="%E5%A4%AA%E3%81%8F%E3%81%AA%E3%81%84%E3%81%8A" dan="17,16,17,18" rate="2102.68,2077.12,2105.37,2234.60" sx="M,F,M,F"/><TAIKYOKU oya="0"/>

<Scene>
<INIT seed="0,0,0,0,0,68" ten="250,250,250,250" oya="0" hai0="26,34,2,23,135,94,44,105,51,96,60,1,61" hai1="14,114,66,132,8,30,59,15,54,88,13,10,19" hai2="56,92,24,110,12,4,91,130,128,73,18,53,57" hai3="112,82,93,102,87,78,120,46,76,21,131,108,113"/><T52/><D105/><U106/><E106/><V86/><F73/><W5/><G5/><T89/><D34/><U90/><E114/><N who="3" m="44138" /><G46/><T74/><D74/><U70/><E132/><V115/><F115/><W125/><G21/><T63/><REACH who="0" step="1"/><D135/><REACH who="0" ten="240,250,250,250" step="2"/><U83/><E83/><V41/><F128/><W98/><G131/><T118/><D118/><U84/><E84/><V103/><F130/><W6/><G87/><T58/><D58/><U7/><E59/><V27/><F57/><W127/><G82/><T29/><AGARI ba="0,1" hai="1,2,23,26,29,44,51,52,60,61,63,89,94,96" machi="29" ten="30,11700,0" yaku="1,1,0,1,54,1,53,1" doraHai="68" doraHaiUra="47" who="0" fromWho="0" sc="240,127,250,-39,250,-39,250,-39" />
</Scene>
<Scene>
<INIT seed="0,1,0,5,0,3" ten="367,211,211,211" oya="0" hai0="112,109,90,72,8,20,123,131,37,132,36,86,61" hai1="95,98,68,74,4,100,121,111,116,133,77,85,83" hai2="117,30,87,115,73,124,76,108,7,38,57,125,33" hai3="41,104,0,119,99,35,63,64,14,101,130,91,19"/><T81/><D123/><U26/><E116/><V56/><F115/><W17/><G119/><T15/><D112/><U114/><E121/><V84/><F117/><W2/><G130/><T120/><D131/><U28/><E114/><V23/><F33/><W80/><G41/><T106/><D120/><U93/><E68/><V49/><F38/><W96/><G35/><T62/><D106/><U39/><E39/><V29/><F108/><W71/><G19/><T27/><D132/><U118/><E111/><V52/><F56/><W65/><G64/><T89/><D109/><U94/><E133/><V34/><F34/><W107/><G80/><T129/><D129/><U70/><E70/><V75/><F7/><W126/><G126/><N who="2" m="48745" /><F23/><W88/><G0/><T113/><D113/><U78/><E118/><V58/><F58/><W45/><G2/><T5/><D72/><N who="2" m="27722" /><F76/><W44/><G44/><T66/><D37/><U24/><E4/><V42/><F42/><W25/><G45/><T79/><D36/><U48/><E77/><V13/><F13/><W6/><G25/><T103/><D103/><U11/><E24/><V51/><F51/><W40/><G40/><T9/><D9/><U105/><E26/><V53/><F53/><W127/><G127/><T46/><D46/><U10/><E48/><V32/><F32/><W18/><G6/><T122/><D122/><U67/><E11/><V135/><F135/><W43/><G43/><T69/><D62/><U97/><E10/><V60/><F60/><W54/><G63/><T92/><D92/><U82/><E78/><V12/><F12/><RYUUKYOKU ba="1,0" sc="367,15,211,-15,211,15,211,-15" hai0="5,8,15,20,27,61,66,69,79,81,86,89,90" hai2="29,30,49,52,57,84,87" />
</Scene>
<Scene>
<INIT seed="0,2,0,3,1,0" ten="382,196,226,196" oya="0" hai0="80,35,65,1,135,116,42,96,47,2,39,84,122" hai1="66,34,7,28,9,24,129,5,101,92,81,6,59" hai2="121,49,115,17,93,117,52,55,18,109,85,56,71" hai3="10,37,72,48,64,112,51,104,45,40,21,124,54"/><T127/><D122/><U20/><E129/><V69/><F115/><W74/><G112/><T123/><D123/><U105/><E105/><V68/><F121/><W25/><G104/><T77/><D116/><U14/><E34/><V113/><F113/><W31/><G124/><T94/><D127/><U102/><E81/><V8/><F117/><W26/><G64/><T97/><D135/><U15/><E15/><V41/><F41/><W120/><G120/><T13/><D35/><U118/><E118/><V90/><F109/><W29/><G10/><T30/><D30/><U83/><E83/><V89/><F8/><W38/><G48/><T60/><D13/><U110/><E110/><V91/><F91/><W53/><G38/><T75/><D75/><U78/><E78/><V87/><REACH who="2" step="1"/><F55/><REACH who="2" ten="382,196,216,196" step="2"/><W86/><G53/><T128/><D128/><U125/><E125/><V119/><F119/><W44/><REACH who="3" step="1"/><G86/><REACH who="3" ten="382,196,216,186" step="2"/><T73/><D84/><U88/><E66/><V12/><F12/><W57/><G57/><T82/><D65/><U76/><E59/><V43/><F43/><W62/><G62/><T134/><D60/><U103/><E76/><V107/><F107/><W70/><G70/><T95/><D77/><U22/><E22/><AGARI ba="2,2" hai="21,22,25,26,29,31,37,40,44,45,51,54,72,74" machi="22" ten="30,7700,0" yaku="1,1,7,1,9,1,53,1" doraHai="0" doraHaiUra="46" who="3" fromWho="1" sc="382,0,196,-83,216,0,186,103" />
</Scene>
<Scene>
<INIT seed="1,0,0,2,4,31" ten="382,113,216,289" oya="1" hai0="74,77,103,106,123,97,115,126,43,50,87,62,14" hai1="98,134,85,86,78,34,109,55,33,93,91,29,70" hai2="71,73,133,24,68,81,30,101,120,104,102,132,131" hai3="17,111,65,94,80,36,64,96,130,119,12,122,32"/><U13/><E70/><V28/><F120/><W83/><G122/><T60/><D123/><U95/><E134/><N who="2" m="51819" /><F131/><W25/><G36/><T118/><D115/><U79/><E109/><V48/><F48/><W15/><G130/><T2/><D2/><U47/><E29/><N who="2" m="11371" /><F24/><W18/><G25/><T69/><D118/><U10/><E47/><V61/><F61/><W99/><G111/><T9/><D126/><U92/><E55/><V23/><F23/><W0/><G0/><T129/><D74/><U121/><E121/><V40/><F40/><W66/><G119/><T27/><D27/><U67/><E67/><V20/><F20/><W4/><G66/><T117/><D117/><U11/><E98/><N who="2" m="61495" /><F102/><W124/><G124/><T125/><D125/><U53/><E53/><V107/><F107/><W19/><G19/><T84/><D69/><U76/><E13/><V22/><F22/><W52/><G52/><T114/><D129/><U128/><E128/><V1/><F1/><W21/><G21/><T26/><D26/><U105/><E105/><V37/><F37/><W135/><G135/><T16/><D62/><U82/><REACH who="1" step="1"/><E86/><REACH who="1" ten="382,103,216,289" step="2"/><V127/><F127/><W51/><G65/><T88/><D60/><U35/><AGARI ba="0,1" hai="10,11,33,34,35,76,78,79,82,85,91,92,93,95" machi="35" ten="40,24000,3" yaku="1,1,2,1,0,1,29,2,52,3,53,0" doraHai="31" doraHaiUra="113" who="1" fromWho="1" sc="382,-80,103,250,216,-80,289,-80" />
</Scene>
<Scene>
<INIT seed="1,1,0,0,2,125" ten="302,353,136,209" oya="1" hai0="3,12,102,17,133,113,104,84,54,131,90,44,101" hai1="77,62,103,45,10,57,14,134,70,33,35,51,97" hai2="129,24,2,94,87,121,37,105,93,0,69,36,72" hai3="26,25,5,82,73,56,1,21,86,7,74,8,89"/><U111/><E70/><V117/><F117/><W13/><G5/><T126/><D3/><U52/><E134/><V81/><F121/><W92/><G1/><T91/><D113/><U58/><E58/><V67/><F105/><W9/><G9/><T106/><D126/><U18/><E77/><V75/><F24/><W112/><G112/><T19/><D133/><U85/><E85/><V116/><F116/><W68/><G68/><T79/><D79/><U32/><E111/><V34/><F34/><W30/><G56/><T80/><D104/><U96/><REACH who="1" step="1"/><E103/><REACH who="1" ten="302,343,136,209" step="2"/><V28/><F69/><W122/><G122/><T76/><D76/><U48/><E48/><V60/><F87/><W127/><G127/><T42/><D91/><U88/><E88/><V39/><F75/><W98/><G74/><T114/><D114/><U46/><E46/><V23/><F72/><W59/><G73/><T63/><D106/><U95/><E95/><V78/><F93/><W66/><G59/><N who="0" m="35319" /><D101/><U22/><E22/><V115/><F37/><W38/><G38/><T130/><D102/><U16/><E16/><V55/><F39/><W64/><G86/><T11/><D44/><U47/><E47/><V99/><F36/><W124/><G124/><T65/><D65/><AGARI ba="1,1" hai="10,14,18,32,33,35,45,51,52,57,62,65,96,97" machi="65" ten="40,3900,0" yaku="1,1,54,1,53,0" doraHai="125" doraHaiUra="110" who="1" fromWho="0" sc="302,-42,343,52,136,0,209,0" />
</Scene>
<Scene>
<INIT seed="1,2,0,3,4,57" ten="260,395,136,209" oya="1" hai0="89,93,83,23,56,114,51,101,71,1,6,104,95" hai1="27,129,100,54,21,133,61,37,111,45,81,65,120" hai2="132,32,29,73,38,102,52,107,19,49,46,85,58" hai3="82,34,103,97,126,112,60,72,119,110,28,4,98"/><U0/><E120/><V14/><F73/><W33/><G112/><T41/><D71/><U64/><E0/><V13/><F132/><W40/><G40/><T47/><D114/><U30/><E133/><V106/><F102/><W48/><G4/><T9/><D104/><U12/><E129/><V124/><F124/><W128/><G48/><T122/><D122/><U116/><E116/><V22/><F14/><W44/><G44/><T87/><D101/><U17/><E100/><V25/><F38/><W75/><G103/><T66/><REACH who="0" step="1"/><D23/><REACH who="0" ten="250,395,136,209" step="2"/><U134/><E134/><V63/><REACH who="2" step="1"/><F85/><REACH who="2" ten="250,395,126,209" step="2"/><W50/><G75/><T62/><AGARI ba="2,2" hai="1,6,9,41,47,51,56,62,66,83,87,89,93,95" machi="62" ten="30,7900,0" yaku="1,1,2,1,0,1,52,1,53,0" doraHai="57" doraHaiUra="31" who="0" fromWho="0" sc="250,105,395,-41,126,-22,209,-22" />
</Scene>
<Scene>
<INIT seed="2,0,0,2,4,9" ten="355,354,104,187" oya="2" hai0="38,43,122,95,72,109,92,77,96,58,100,107,120" hai1="0,70,105,22,56,128,40,44,116,132,41,119,14" hai2="126,115,63,79,123,3,26,34,13,31,90,66,54" hai3="10,78,81,102,23,52,88,30,33,7,19,32,118"/><V111/><F123/><N who="0" m="47146" /><D58/><U61/><E0/><V27/><F79/><W98/><G118/><T57/><D57/><U75/><E75/><V73/><F73/><W106/><G30/><T59/><D59/><U11/><E70/><V83/><F3/><W101/><G101/><T74/><D43/><U48/><E105/><V114/><F126/><W5/><G52/><T21/><D21/><U8/><E41/><V133/><F133/><W42/><G42/><T117/><D38/><U47/><E47/><V67/><F27/><W93/><G5/><T46/><D46/><U103/><E103/><V6/><F54/><W69/><G69/><T2/><D2/><U71/><E71/><V84/><F111/><W55/><G55/><T134/><D109/><U36/><E36/><V4/><F4/><W124/><G124/><T82/><D134/><U1/><E1/><V108/><F108/><W51/><G51/><T127/><D127/><U129/><E132/><V125/><F125/><W86/><G10/><T18/><D18/><N who="1" m="10583" /><E11/><V80/><F80/><W60/><G60/><T35/><D35/><U45/><E8/><N who="2" m="4247" /><F66/><W16/><G7/><T121/><N who="0" m="47154" /><T113/><DORA hai="28" /><D113/><U53/><E45/><V76/><F114/><W24/><REACH who="3" step="1"/><G19/><REACH who="3" ten="355,354,104,177" step="2"/><T17/><D17/><U12/><E119/><V89/><F115/><W15/><G15/><T135/><D135/><U130/><E116/><V49/><F49/><W97/><AGARI ba="0,1" hai="16,23,24,32,33,78,81,86,88,93,97,98,102,106" machi="97" ten="20,12000,2" yaku="1,1,0,1,7,1,52,2,54,2,53,0" doraHai="9,28" doraHaiUra="39,112" who="3" fromWho="3" sc="355,-30,354,-30,104,-60,177,130" />
</Scene>
<Scene>
<INIT seed="3,0,0,4,1,59" ten="325,324,44,307" oya="3" hai0="35,117,64,45,135,9,82,6,40,97,124,96,30" hai1="4,12,112,109,122,47,3,116,46,27,88,7,129" hai2="41,38,55,128,130,134,5,39,32,98,54,111,61" hai3="76,102,85,93,17,62,36,0,25,119,79,118,43"/><W10/><G36/><N who="2" m="13865" /><F32/><W50/><G0/><T126/><D117/><U72/><E122/><V74/><F74/><W84/><G118/><T120/><D120/><U48/><E116/><V23/><F5/><W123/><G123/><T99/><D135/><U1/><E72/><V20/><F41/><W33/><G119/><T101/><D82/><U110/><E112/><V65/><F98/><N who="3" m="59727" /><G33/><T125/><D64/><U114/><E114/><V108/><F134/><W34/><G34/><T67/><D67/><U19/><E129/><N who="2" m="49771" /><F23/><N who="3" m="13551" /><G10/><T21/><D35/><U22/><E3/><V63/><F20/><W52/><G43/><T89/><D101/><U57/><E1/><V132/><F132/><W131/><G131/><T87/><D9/><U31/><E4/><V69/><F63/><W133/><G133/><T42/><D6/><U77/><E7/><V68/><F68/><W37/><G37/><T29/><D21/><U90/><E31/><N who="0" m="11785" /><D45/><U28/><E47/><V53/><AGARI ba="0,0" hai="53,54,55,61,65,69,108,111" m="49771,13865" machi="53" ten="40,8000,1" yaku="19,1,34,2,52,1" doraHai="59" who="2" fromWho="2" sc="325,-20,324,-20,44,80,307,-40" />
</Scene>
<Scene>
<INIT seed="4,0,0,2,5,16" ten="305,304,124,267" oya="0" hai0="105,12,103,92,72,66,44,2,5,129,128,131,20" hai1="23,101,82,32,68,112,110,29,120,134,1,8,77" hai2="54,56,17,79,117,80,116,34,108,36,38,65,90" hai3="86,25,113,53,21,75,118,107,22,19,40,106,111"/><T50/><D72/><U71/><E120/><V70/><F34/><W85/><G118/><N who="2" m="45673" /><F90/><W30/><G75/><T7/><D105/><U43/><E110/><V39/><F108/><W4/><G111/><T102/><D66/><U127/><E127/><V57/><F17/><W88/><G113/><T13/><D2/><U91/><E112/><V24/><F24/><W104/><G40/><T48/><D92/><U119/><E119/><V122/><F122/><W60/><G4/><N who="0" m="1611" /><D20/><U95/><E101/><N who="0" m="38409" /><D44/><U27/><E32/><V125/><F125/><W126/><G126/><T35/><D35/><U6/><E134/><V78/><F78/><W58/><REACH who="3" step="1"/><G88/><REACH who="3" ten="305,304,124,257" step="2"/><T76/><D76/><U51/><E43/><V123/><F79/><W62/><G62/><T10/><D10/><U9/><E8/><V124/><F124/><W15/><AGARI ba="0,1" hai="15,19,21,22,25,30,53,58,60,85,86,104,106,107" machi="15" ten="30,7900,0" yaku="1,1,0,1,52,2,53,0" doraHai="16" doraHaiUra="63" who="3" fromWho="3" sc="305,-39,304,-20,124,-20,257,89" />
</Scene>
<Scene>
<INIT seed="5,0,0,0,4,44" ten="266,284,104,346" oya="1" hai0="85,129,43,84,30,122,134,80,72,8,11,123,71" hai1="21,89,75,97,132,67,14,127,0,73,3,63,119" hai2="58,65,106,130,118,105,98,18,135,115,7,88,69" hai3="24,46,15,60,86,31,40,76,59,90,5,45,34"/><U35/><E119/><V109/><F118/><W33/><G33/><T113/><D71/><U107/><E132/><V102/><F109/><W92/><G76/><T124/><D72/><U39/><E127/><V57/><F135/><W95/><G95/><T66/><D66/><U36/><E89/><V131/><F115/><W108/><G108/><T22/><D113/><U54/><E54/><V81/><F106/><W27/><G27/><N who="0" m="16759" /><D124/><U53/><E53/><V32/><F32/><W133/><G133/><T28/><D134/><U48/><E35/><V91/><F7/><W125/><G125/><T87/><D28/><U112/><E112/><V114/><F114/><W100/><G100/><T64/><D64/><U78/><E78/><V93/><F18/><W38/><G46/><T41/><D80/><U16/><E39/><V55/><F69/><W1/><G1/><T126/><D129/><N who="2" m="49162" /><F81/><W101/><G101/><T19/><D126/><U103/><E36/><V17/><F17/><W6/><REACH who="3" step="1"/><G15/><REACH who="3" ten="266,284,104,336" step="2"/><N who="0" m="7655" /><D11/><U99/><E3/><V56/><F105/><W111/><G111/><T77/><D77/><U96/><E0/><V13/><F13/><W37/><G37/><T74/><D74/><U52/><E75/><V50/><F65/><AGARI ba="0,1" hai="5,6,24,31,34,38,40,45,59,60,65,86,90,92" machi="65" ten="30,2000,0" yaku="1,1,7,1,53,0" doraHai="44" doraHaiUra="49" who="3" fromWho="2" sc="266,0,284,0,104,-20,336,30" />
</Scene>
<Scene>
<INIT seed="6,0,0,4,0,127" ten="266,284,84,366" oya="2" hai0="113,22,54,63,13,120,67,11,70,58,92,45,118" hai1="52,119,24,75,53,12,0,88,18,21,124,79,25" hai2="84,38,130,9,71,48,33,96,30,68,28,57,1" hai3="36,133,91,37,105,56,73,134,62,122,104,35,126"/><V90/><F38/><N who="3" m="14955" /><G122/><T95/><D120/><U111/><E0/><V46/><F57/><W83/><G35/><T55/><D113/><U112/><E119/><V117/><F117/><W135/><G126/><T116/><D116/><U99/><E124/><V64/><F96/><W72/><G91/><T8/><D118/><U86/><E112/><V89/><F1/><W39/><G39/><T4/><D22/><U51/><E99/><V26/><F28/><W19/><G19/><T74/><D74/><N who="3" m="28777" /><G83/><T32/><D32/><U7/><E111/><V49/><F9/><W80/><G80/><T41/><D11/><N who="1" m="4223" /><E75/><V61/><F71/><W81/><G81/><T101/><D101/><U44/><E79/><V31/><F31/><W123/><G123/><T14/><D14/><N who="1" m="9431" /><E53/><AGARI ba="0,0" hai="53,56,62,104,105,133,134,135" m="28777,14955" machi="53" ten="40,1300,0" yaku="20,1" doraHai="127" who="3" fromWho="1" sc="266,0,284,-13,84,0,366,13" />
</Scene>
<Scene>
<INIT seed="7,0,0,4,5,124" ten="266,271,84,379" oya="3" hai0="6,20,40,4,2,121,1,44,134,119,97,135,65" hai1="54,92,56,128,29,72,11,80,112,66,88,23,74" hai2="45,5,53,31,116,127,46,101,63,125,50,83,117" hai3="57,133,62,25,90,71,15,70,104,100,41,35,102"/><W42/><G133/><N who="0" m="50699" /><D119/><U3/><E112/><V93/><F101/><W99/><G100/><T69/><D121/><U27/><E128/><V79/><F31/><W37/><G90/><T123/><D123/><U21/><E66/><V12/><F93/><W113/><G113/><T85/><D85/><U22/><E80/><V9/><F63/><W61/><G15/><T55/><D55/><U86/><E72/><V89/><F46/><W51/><G51/><N who="0" m="27015" /><D20/><U82/><E74/><V91/><F91/><W59/><G25/><T129/><D129/><U48/><REACH who="1" step="1"/><E82/><REACH who="1" ten="266,261,84,379" step="2"/><V106/><F106/><W120/><G104/><T115/><D115/><U49/><E49/><V122/><F122/><W73/><G73/><T110/><D110/><U98/><E98/><V39/><F39/><W34/><G99/><T94/><D2/><U16/><E16/><V13/><F13/><W78/><G37/><T126/><D126/><U103/><E103/><V96/><F96/><W77/><G102/><N who="0" m="60727" /><D1/><U109/><E109/><V87/><F125/><W81/><G120/><T75/><D75/><U47/><E47/><V38/><F38/><W33/><G81/><T28/><D28/><U111/><E111/><V7/><F127/><W52/><G61/><AGARI ba="0,1" hai="4,6,61,65,69" m="60727,27015,50699" machi="61" ten="30,1000,0" yaku="20,1" doraHai="124" who="0" fromWho="3" sc="266,20,261,0,84,0,379,-10" owari="286,9.0,261,-14.0,84,-42.0,369,47.0" />
</Scene>
</mjloggm>