<mjloggm ver="2.3"><GO type="97"/><UN n0="%6E%6F%6B%69%72%61" n1="%E6%98%A5%E5%8E%9F" n2="%E3%81%AA%E3%82%81%E3%81%91" n3="%E5%A4%AA%E3%81%8F%E3%81%AA%E3%81%84%E3%81%8A" dan="15,15,14,15" rate="2004,1949,1912,2051" sx="M,M,M,M"/><TAIKYOKU oya="0"/>

<Scene>
<INIT seed="0,0,0,2,5,127" ten="250,250,250,250" oya="0" hai0="57,39,3,78,28,79,52,99,88,44,125,133,87" hai1="81,116,10,74,35,43,91,25,26,121,73,109,113" hai2="0,112,55,36,56,62,122,75,34,69,124,30,84" hai3="13,119,92,131,67,104,114,80,101,64,60,118,12"/><T115/><D3/><U20/><E121/><V108/><F75/><W128/><G114/><T95/><D115/><U106/><E116/><N who="3" m="44586" /><G104/><T15/><D125/><U70/><E109/><V98/><F112/><W18/><G80/><T58/><D58/><U31/><E70/><V90/><F124/><W83/><G83/><N who="0" m="49279" /><D28/><U59/><E106/><V23/><F36/><W123/><G123/><T2/><D2/><U29/><E43/><V93/><F34/><W111/><G111/><T97/><D39/><U33/><E113/><V9/><F108/><W4/><G4/><T76/><D44/><U96/><E20/><V47/><F47/><W120/><G120/><T63/><D133/><U8/><E59/><V105/><F23/><N who="3" m="11719" /><G13/><T11/><D95/><U45/><E45/><V46/><F46/><W6/><G6/><AGARI ba="0,0" hai="6,11,15,52,57,63,76,78,79,97,99" m="49279" machi="6" ten="30,5800,0" yaku="8,1,54,2" doraHai="127" who="0" fromWho="3" sc="250,58,250,0,250,0,250,-58" />
</Scene>
<Scene>
<INIT seed="0,1,0,5,1,46" ten="308,250,250,192" oya="0" hai0="48,26,100,89,19,129,111,105,113,60,40,80,93" hai1="36,56,114,50,34,121,101,127,106,28,11,17,9" hai2="117,65,6,13,86,16,120,67,81,22,109,30,79" hai3="54,108,103,125,104,43,69,38,33,82,134,42,14"/><T29/><D113/><U126/><E121/><V55/><F120/><W37/><G33/><T74/><D105/><U47/><E36/><N who="3" m="13930" /><G14/><T78/><D100/><U1/><E1/><V71/><F109/><W70/><G82/><T61/><D111/><U63/><E114/><V75/><F117/><W87/><G87/><T18/><D129/><U97/><E17/><V12/><F71/><N who="3" m="27147" /><G103/><T130/><D130/><U72/><E72/><V62/><F30/><W77/><G77/><T123/><D123/><U10/><E28/><V66/><F75/><W85/><G85/><T91/><D91/><U27/><E27/><N who="2" m="14791" /><F6/><W94/><G94/><T64/><D19/><U68/><E68/><V24/><F24/><W57/><G104/><T95/><D18/><U107/><E34/><V135/><F135/><W21/><G21/><T32/><D89/><U92/><E107/><V45/><F45/><W90/><G90/><T8/><D8/><U25/><E25/><V88/><F79/><W83/><G83/><T59/><D61/><U41/><REACH who="1" step="1"/><E106/><REACH who="1" ten="308,240,250,192" step="2"/><V51/><F13/><W0/><G0/><T132/><D132/><U128/><E128/><V76/><F12/><W84/><G108/><T44/><AGARI ba="1,1" hai="26,29,32,40,44,48,59,60,64,74,78,80,93,95" machi="44" ten="30,3000,0" yaku="0,1,52,1" doraHai="46" who="0" fromWho="0" sc="308,43,240,-11,250,-11,192,-11" />
</Scene>
<Scene>
<INIT seed="0,2,0,5,3,78" ten="351,229,239,181" oya="0" hai0="101,43,61,81,121,31,42,76,3,129,21,20,103" hai1="92,26,51,109,10,86,116,127,17,9,95,41,11" hai2="23,69,48,85,49,30,100,5,15,118,84,14,16" hai3="83,132,65,104,2,18,25,96,114,50,57,102,99"/><T113/><D3/><U46/><E116/><V39/><F39/><W0/><G114/><T93/><D113/><U130/><E109/><V60/><F118/><W34/><G132/><T37/><D121/><U107/><E107/><V59/><F69/><W45/><G99/><T124/><D129/><U105/><E105/><V66/><F30/><W111/><G111/><T108/><D108/><U80/><E127/><V87/><F100/><W73/><G65/><T72/><D124/><U44/><E44/><V27/><F15/><W24/><G57/><T74/><D74/><U64/><E64/><V82/><F82/><W68/><G68/><T77/><D77/><N who="1" m="46351" /><E130/><V56/><F56/><W88/><G25/><T36/><D61/><U67/><E67/><V40/><F40/><W13/><G24/><T8/><D8/><AGARI ba="2,0" hai="5,8,14,16,23,27,48,49,59,60,66,84,85,87" machi="8" ten="40,2600,0" yaku="8,1,54,1" doraHai="78" who="2" fromWho="0" sc="351,-32,229,0,239,32,181,0" />
</Scene>
<Scene>
<INIT seed="1,0,0,0,4,48" ten="319,229,271,181" oya="1" hai0="118,32,12,85,102,7,43,28,113,115,26,89,49" hai1="123,24,55,14,46,97,62,2,116,95,106,107,35" hai2="74,100,13,38,132,82,34,80,114,33,84,117,31" hai3="20,61,112,22,79,81,17,90,108,40,125,25,50"/><U75/><E123/><V15/><F117/><W39/><G112/><T127/><D118/><U69/><E2/><V59/><F38/><W86/><G108/><T109/><D109/><U99/><E75/><V73/><F100/><W54/><G125/><T52/><D127/><U4/><E116/><V58/><F31/><W128/><G128/><T23/><D102/><U126/><E126/><V0/><F0/><W88/><G39/><T94/><D43/><U67/><E97/><V27/><F27/><N who="3" m="14735" /><G61/><T51/><D51/><U10/><E24/><V96/><F96/><W122/><G40/><T57/><D7/><U104/><E35/><V42/><F42/><W119/><G122/><T111/><D111/><U53/><REACH who="1" step="1"/><E46/><REACH who="1" ten="319,219,271,181" step="2"/><V72/><F72/><W1/><G1/><T121/><D121/><U44/><E44/><V110/><F110/><W16/><G119/><T9/><D115/><U65/><E65/><V64/><F114/><W101/><G101/><AGARI ba="0,1" hai="4,10,14,53,55,62,67,69,95,99,101,104,106,107" machi="101" ten="40,12000,1" yaku="1,1,52,2,53,1" doraHai="48" doraHaiUra="60" who="1" fromWho="3" sc="319,0,219,130,271,0,181,-120" />
</Scene>
<Scene>
<INIT seed="1,1,0,0,4,98" ten="319,349,271,61" oya="1" hai0="40,108,57,66,16,104,33,52,116,11,121,106,76" hai1="53,42,80,92,91,122,51,87,126,123,69,36,65" hai2="23,64,88,120,35,55,130,68,63,20,50,49,14" hai3="103,89,5,13,125,94,74,6,12,79,4,26,73"/><U72/><E126/><V8/><F35/><W132/><G125/><T7/><D116/><U0/><E0/><V17/><F120/><W48/><G132/><T100/><D33/><U101/><E69/><V37/><F37/><W32/><G48/><T117/><D117/><U107/><E65/><V99/><F130/><W70/><G70/><T78/><D121/><U10/><E10/><V113/><F113/><W111/><G111/><T112/><D108/><U129/><E42/><V34/><F34/><W2/><G2/><T114/><D40/><U93/><E36/><V24/><F99/><W118/><G118/><T105/><D66/><U27/><E93/><V59/><F88/><W58/><G58/><T67/><D67/><U60/><E27/><V43/><REACH who="2" step="1"/><F24/><REACH who="2" ten="319,349,261,61" step="2"/><W41/><G26/><T3/><D114/><U102/><E129/><V135/><F135/><W19/><G32/><T127/><D112/><U29/><E123/><V86/><F86/><W133/><G133/><T62/><D127/><U110/><E122/><V71/><F71/><W54/><G89/><T30/><D30/><U83/><E29/><V61/><F61/><W56/><G74/><T44/><D44/><AGARI ba="1,1" hai="8,14,17,20,23,43,44,49,50,55,59,63,64,68" machi="44" ten="40,2600,0" yaku="1,1,53,1" doraHai="98" doraHaiUra="39" who="2" fromWho="0" sc="319,-29,349,0,261,39,61,0" />
</Scene>
<Scene>
<INIT seed="2,0,0,3,3,40" ten="290,349,300,61" oya="2" hai0="28,44,67,95,102,7,56,42,117,21,55,85,32" hai1="96,71,75,90,62,14,52,110,114,115,29,22,63" hai2="51,9,23,77,20,98,6,49,93,79,76,125,84" hai3="19,65,60,48,83,34,43,108,131,116,129,25,118"/><V106/><F106/><W111/><G83/><T134/><D32/><U30/><E75/><V26/><F125/><W119/><G19/><T64/><D117/><U15/><E110/><N who="3" m="42026" /><G25/><T109/><D109/><U1/><E1/><V133/><F133/><W24/><G24/><T54/><D134/><U124/><E124/><V113/><F113/><W12/><G12/><T11/><D28/><U126/><E126/><V112/><F84/><W27/><G27/><T18/><D21/><U53/><E22/><V69/><F69/><N who="3" m="42151" /><G34/><T88/><D18/><U68/><E96/><V38/><F38/><W39/><G48/><T91/><D102/><U41/><E90/><V86/><F86/><W121/><G121/><T78/><D78/><U89/><E89/><V61/><F112/><W0/><G0/><T4/><D4/><U33/><E41/><V92/><F23/><W57/><G57/><T80/><D91/><U123/><E33/><V59/><F93/><W36/><G36/><T101/><D101/><U74/><E74/><V73/><F73/><W135/><G135/><T107/><D107/><U100/><E100/><V37/><F37/><W82/><G82/><T97/><D97/><U94/><E94/><V66/><F20/><W127/><G127/><T8/><D80/><U5/><E5/><V120/><F120/><AGARI ba="0,0" hai="14,15,29,30,52,53,62,63,68,71,114,115,120,123" machi="120" ten="25,3200,0" yaku="22,2,54,1" doraHai="40" who="1" fromWho="2" sc="290,0,349,32,300,-32,61,0" />
</Scene>
<Scene>
<INIT seed="3,0,0,2,5,47" ten="290,381,268,61" oya="3" hai0="21,13,77,104,114,103,18,92,91,43,107,121,6" hai1="106,2,16,75,79,90,26,10,36,72,0,59,110" hai2="62,111,52,30,28,22,118,119,20,102,124,128,120" hai3="125,51,98,38,112,34,87,41,8,88,113,37,53"/><W61/><G34/><T17/><D121/><U93/><E110/><V64/><F120/><W3/><G98/><T60/><D6/><U96/><E36/><V1/><F1/><W122/><G122/><T76/><D43/><U135/><E135/><V9/><F102/><W86/><G61/><T27/><D114/><U134/><E134/><V133/><F9/><W31/><G31/><T126/><D126/><U67/><E75/><V73/><F73/><W71/><G71/><T39/><D39/><U55/><E67/><V40/><F40/><W46/><G125/><T108/><D108/><U82/><E106/><V74/><F74/><W11/><G37/><T15/><D107/><U99/><E99/><V80/><F80/><W23/><G23/><N who="0" m="11711" /><D104/><U42/><E42/><V5/><F52/><W117/><G117/><T100/><D60/><N who="1" m="35967" /><E10/><N who="3" m="3626" /><G3/><T101/><D27/><U89/><E89/><V56/><F128/><W78/><G78/><T69/><D69/><U57/><E57/><V130/><F5/><W105/><G105/><T45/><D45/><U35/><E35/><V97/><F130/><W94/><G87/><AGARI ba="0,0" hai="13,18,21,76,77,87,91,92,100,101,103" m="11711" machi="87" ten="30,1000,0" yaku="8,1" doraHai="47" who="0" fromWho="3" sc="290,10,381,0,268,0,61,-10" owari="300,10.0,381,48.0,268,-13.0,51,-45.0" />
</Scene>
</mjloggm>