<mjloggm ver="2.3"><GO type="41"/><UN n0="%E5%A4%AA%E3%81%8F%E3%81%AA%E3%81%84%E3%81%8A" n1="%E3%82%B4%E3%83%AB%E3%82%B4%31%35" n2="%69%69%63%68%69%6B%6F%32" n3="%E7%88%B6%E3%81%A1%E3%82%83%E3%82%93%E8%A6%8B%E3%81%A6%E3%82%8B%EF%BC%9F" dan="15,14,14,15" rate="2013,1971,1820,1965" sx="M,M,M,F"/><TAIKYOKU oya="0"/>

<Scene>
<INIT seed="0,0,0,2,2,9" ten="250,250,250,250" oya="0" hai0="135,5,102,44,7,103,73,125,0,110,17,123,67" hai1="111,51,21,8,6,122,61,134,1,116,121,83,57" hai2="10,74,117,38,97,89,82,91,115,90,46,99,63" hai3="45,60,71,53,62,20,129,120,33,70,19,130,72"/><T43/><D123/><U23/><E116/><V56/><F117/><W31/><G72/><T14/><D67/><U12/><E134/><V113/><F38/><W69/><G31/><T105/><D73/><U35/><E35/><V79/><F46/><W54/><G33/><T119/><D119/><U104/><E104/><V98/><REACH who="2" step="1"/><F10/><REACH who="2" ten="250,250,240,250" step="2"/><W100/><G120/><T64/><D44/><U42/><E122/><V66/><AGARI ba="0,1" hai="56,63,66,74,79,82,89,90,91,97,98,99,113,115" machi="66" ten="30,4000,0" yaku="1,1,2,1,0,1,53,0" doraHai="9" doraHaiUra="29" who="2" fromWho="2" sc="250,-20,250,-10,240,50,250,-10" />
</Scene>
<Scene>
<INIT seed="1,0,0,1,4,54" ten="230,240,290,240" oya="1" hai0="0,53,135,48,128,113,127,19,86,124,74,68,93" hai1="34,56,38,73,51,28,109,130,122,75,46,83,9" hai2="35,5,103,123,91,40,1,119,45,64,133,125,16" hai3="42,97,78,17,32,59,27,118,69,25,55,21,65"/><U20/><E34/><V31/><F123/><W18/><G118/><T114/><D74/><U58/><E122/><V70/><F119/><W87/><G42/><T81/><D0/><U44/><E38/><V11/><F103/><W79/><G65/><T29/><D29/><U39/><E130/><V7/><F133/><W37/><G69/><T112/><D135/><U36/><E9/><V24/><F125/><N who="0" m="48202" /><D68/><U66/><E66/><V94/><F70/><W72/><G72/><T8/><D93/><U63/><E63/><V14/><F64/><W120/><G37/><T132/><D132/><U4/><E4/><V61/><F61/><W57/><G120/><T105/><D105/><U95/><E95/><V67/><F67/><W126/><G126/><T10/><D128/><U115/><E83/><V43/><F45/><W13/><G97/><T100/><D100/><U108/><E20/><N who="2" m="11287" /><F5/><W110/><G110/><T3/><D3/><U106/><E28/><V62/><F62/><W90/><G32/><T107/><D107/><U77/><E106/><V92/><F92/><N who="3" m="54367" /><G27/><T49/><D19/><U12/><E12/><V101/><F101/><W104/><G104/><T26/><D26/><U41/><E41/><V134/><F134/><W116/><G116/><T84/><D48/><U52/><E51/><V88/><F91/><W47/><G25/><T6/><D6/><U50/><E50/><V22/><F22/><W99/><G21/><T98/><D113/><U15/><E115/><V60/><F60/><W80/><G17/><T129/><D112/><U117/><E117/><V111/><F111/><RYUUKYOKU ba="0,0" sc="230,-10,240,-10,290,30,240,-10" hai2="1,7,11,24,31,35,40,43,88,94" />
</Scene>
<Scene>
<INIT seed="2,1,0,3,2,61" ten="220,230,320,230" oya="2" hai0="81,122,50,109,117,97,54,86,48,102,71,0,82" hai1="75,103,7,40,12,1,135,133,78,129,95,64,27" hai2="17,100,121,63,60,88,130,18,26,89,115,110,84" hai3="104,126,62,9,77,99,13,118,73,80,39,44,116"/><V114/><F121/><W59/><G126/><T33/><D122/><U106/><E106/><V2/><F2/><W38/><G38/><T123/><D123/><U87/><E1/><V19/><F100/><W76/><G76/><T119/><D0/><U65/><E75/><V41/><F41/><W30/><G30/><T16/><D33/><U49/><E27/><V21/><F130/><W46/><G46/><T32/><D32/><U83/><E129/><V105/><F105/><W34/><G34/><T124/><D71/><U43/><E103/><V94/><F115/><W22/><G22/><T113/><D113/><U111/><E95/><N who="2" m="54663" /><F114/><W67/><G99/><T5/><D5/><U51/><E111/><V90/><F110/><W68/><G104/><N who="0" m="63567" /><D109/><U125/><E125/><V132/><F132/><N who="1" m="50761" /><E7/><V101/><F101/><W10/><G68/><T35/><D35/><U25/><E25/><V56/><F63/><W11/><REACH who="3" step="1"/><G13/><REACH who="3" ten="220,230,320,220" step="2"/><T120/><D124/><U96/><E96/><N who="2" m="57423" /><F90/><W37/><G37/><T91/><D120/><U128/><E128/><V31/><F31/><W52/><G52/><AGARI ba="1,1" hai="17,18,19,21,26,52,56,60" m="57423,54663" machi="52" ten="30,11600,0" yaku="25,1,8,1,54,2" doraHai="61" who="2" fromWho="3" sc="220,0,230,0,320,129,220,-119" />
</Scene>
<Scene>
<INIT seed="2,2,0,4,4,80" ten="220,230,449,101" oya="2" hai0="110,56,66,81,109,114,103,79,58,52,73,27,21" hai1="101,69,45,8,31,132,85,70,28,99,4,124,89" hai2="131,39,26,93,113,71,9,126,104,96,54,95,74" hai3="64,98,24,88,82,15,55,51,47,84,100,123,37"/><V0/><F71/><W1/><G123/><T13/><D114/><U44/><E132/><V133/><F113/><W57/><G1/><T48/><D103/><U46/><E124/><V117/><F117/><W34/><G15/><T36/><D36/><U120/><E120/><V78/><F39/><W63/><G34/><T60/><REACH who="0" step="1"/><D13/><REACH who="0" ten="210,230,449,101" step="2"/><U19/><E70/><V94/><F126/><W90/><G37/><T12/><D12/><U75/><E69/><V128/><F133/><W50/><G50/><T40/><D40/><U105/><E4/><V35/><F0/><W33/><G33/><T76/><D76/><U5/><E5/><V122/><F122/><W119/><G119/><T86/><D86/><U68/><E68/><V115/><F9/><W3/><G3/><T14/><D14/><U108/><E8/><V129/><F115/><W17/><G24/><T107/><D107/><U127/><E127/><V30/><F104/><W20/><G20/><T125/><D125/><U62/><E75/><V61/><F96/><W102/><G17/><AGARI ba="2,1" hai="17,21,27,48,52,56,58,60,66,73,79,81,109,110" machi="17" ten="40,5200,0" yaku="1,1,54,1,53,1" doraHai="80" doraHaiUra="23" who="0" fromWho="3" sc="210,68,230,0,449,0,101,-58" />
</Scene>
<Scene>
<INIT seed="3,0,0,2,1,57" ten="278,230,449,43" oya="3" hai0="23,129,76,73,79,123,88,9,107,29,71,4,63" hai1="62,67,6,70,108,105,21,53,32,19,11,18,125" hai2="7,40,59,81,91,101,104,114,75,86,55,24,132" hai3="84,52,134,127,83,54,37,131,109,117,103,15,49"/><W20/><G117/><T8/><D123/><U56/><E32/><V1/><F114/><W46/><G37/><T39/><D39/><U115/><E115/><V64/><F40/><W111/><G134/><T35/><D107/><U135/><E125/><V102/><F132/><W44/><G127/><T14/><D129/><U33/><E33/><V10/><F104/><W128/><G103/><T98/><D35/><U90/><E135/><V17/><F64/><W124/><G124/><T82/><D79/><U110/><E105/><V77/><F24/><W61/><G20/><T26/><D9/><U60/><E90/><V47/><F47/><W66/><G15/><T3/><D3/><U41/><E41/><V92/><F17/><W87/><G83/><T65/><D98/><U38/><E38/><V97/><F75/><W118/><G118/><T50/><D50/><AGARI ba="0,0" hai="1,7,10,50,55,59,77,81,86,91,92,97,101,102" machi="50" ten="30,1000,0" yaku="7,1" doraHai="57" who="2" fromWho="0" sc="278,-10,230,0,449,10,43,0" />
</Scene>
<Scene>
<INIT seed="4,0,0,1,5,131" ten="268,230,459,43" oya="0" hai0="7,10,80,132,56,123,93,30,4,29,66,71,115" hai1="5,44,88,41,60,23,105,113,96,28,45,99,17" hai2="27,58,83,26,72,129,122,32,121,69,106,108,124" hai3="50,98,114,107,111,24,101,110,75,104,21,16,90"/><T119/><D123/><U40/><E5/><V112/><F26/><W47/><G107/><T48/><D119/><U117/><E117/><V135/><F27/><W128/><G128/><T15/><D115/><U9/><E9/><V0/><F58/><W85/><G114/><T65/><D71/><U87/><E28/><N who="0" m="10857" /><D7/><U38/><E113/><V133/><F83/><W20/><G20/><T1/><D1/><U8/><E8/><V73/><F73/><W94/><REACH who="3" step="1"/><G75/><REACH who="3" ten="268,230,459,33" step="2"/><T25/><D10/><U89/><E105/><V126/><F72/><W63/><G63/><T55/><D4/><U22/><E60/><V49/><F106/><W67/><G67/><T43/><D66/><U6/><E6/><V118/><F118/><W120/><G120/><T46/><D65/><U14/><E23/><V52/><F32/><W53/><AGARI ba="0,1" hai="16,21,24,47,50,53,85,90,94,98,101,104,110,111" machi="53" ten="20,5200,0" yaku="1,1,0,1,7,1,54,1,53,0" doraHai="131" doraHaiUra="57" who="3" fromWho="3" sc="268,-26,230,-13,459,-13,33,62" />
</Scene>
<Scene>
<INIT seed="5,0,0,5,3,63" ten="242,217,446,95" oya="1" hai0="48,60,26,105,38,58,90,78,103,35,82,3,55" hai1="85,23,32,36,95,2,102,80,21,20,77,17,91" hai2="46,30,14,126,49,135,124,97,1,59,16,94,25" hai3="31,112,4,122,115,118,37,29,28,93,76,117,42"/><U5/><E32/><V15/><F1/><W7/><G76/><T27/><D38/><U84/><E36/><V64/><F135/><W41/><G93/><T74/><D3/><U53/><E2/><V6/><F6/><N who="3" m="2091" /><G37/><T134/><D134/><U43/><E5/><V61/><F14/><W81/><G81/><T130/><D130/><U96/><E43/><N who="3" m="16394" /><G122/><T19/><D35/><U9/><E9/><V114/><F114/><AGARI ba="0,0" hai="28,29,31,112,114,115,117,118" m="16394,2091" machi="114" ten="40,5200,0" yaku="28,2,15,1" doraHai="63" who="3" fromWho="2" sc="242,0,217,0,446,-52,95,52" />
</Scene>
<Scene>
<INIT seed="6,0,0,3,2,12" ten="242,217,394,147" oya="2" hai0="113,72,2,92,102,68,107,84,10,44,75,77,133" hai1="41,121,81,20,94,24,100,108,67,106,87,105,57" hai2="126,6,134,22,93,66,116,3,117,127,15,53,49" hai3="88,14,59,58,37,80,99,86,131,16,98,46,114"/><V11/><F66/><W62/><G131/><T122/><D68/><U28/><E41/><V64/><F64/><W29/><G29/><T109/><D44/><U56/><E108/><V54/><F134/><W18/><G114/><T23/><D23/><U89/><E121/><V1/><F93/><W85/><G37/><T25/><D25/><U50/><E57/><N who="3" m="21514" /><G46/><T123/><D10/><U112/><E112/><V21/><F49/><W129/><G129/><T76/><D2/><N who="2" m="522" /><F6/><W78/><G62/><T103/><D113/><U95/><E95/><V115/><F11/><N who="3" m="6239" /><G18/><T69/><D69/><U83/><E81/><AGARI ba="0,0" hai="78,80,81,85,86,88,98,99" m="6239,21514" machi="81" ten="30,7700,0" yaku="8,1,52,1,54,2" doraHai="12" who="3" fromWho="1" sc="242,0,217,-77,394,0,147,77" />
</Scene>
<Scene>
<INIT seed="7,0,0,2,4,6" ten="242,140,394,224" oya="3" hai0="90,1,92,134,11,101,8,130,51,104,89,44,3" hai1="132,33,118,59,68,79,36,71,19,111,94,42,115" hai2="55,74,22,20,49,102,98,50,38,24,43,15,45" hai3="95,2,63,135,37,122,27,67,93,121,103,18,96"/><W97/><G37/><T119/><D119/><U13/><E111/><V66/><F74/><W70/><G2/><T124/><D3/><U114/><E33/><V120/><F120/><W4/><G4/><T16/><D1/><U131/><E118/><V34/><F66/><W54/><G135/><T58/><D104/><U61/><E132/><V46/><F38/><W75/><G75/><T23/><D134/><U109/><E79/><V126/><F126/><W73/><G73/><T100/><D58/><U14/><E109/><V25/><F34/><W53/><G53/><N who="0" m="29927" /><D130/><U5/><E131/><V80/><F80/><W78/><G78/><T108/><D124/><U81/><E42/><V21/><F15/><W40/><G40/><T47/><D47/><U72/><E36/><V133/><F133/><W87/><G87/><N who="0" m="52287" /><D90/><U88/><E72/><V83/><F83/><W106/><G106/><T56/><D56/><U64/><E81/><V112/><F112/><W0/><G0/><T84/><D84/><U69/><E5/><V99/><F102/><N who="0" m="39530" /><D108/><U77/><E77/><V82/><F82/><W127/><G127/><T30/><D30/><U10/><REACH who="1" step="1"/><E13/><AGARI ba="0,0" hai="8,11,13,16,23" m="39530,52287,29927" machi="13" ten="30,7700,0" yaku="8,1,52,2,54,1" doraHai="6" who="0" fromWho="1" sc="242,77,140,-77,394,0,224,0" owari="319,12.0,63,-44.0,394,50.0,224,-18.0" />
</Scene>
</mjloggm>