<mjloggm ver="2.3"><GO type="169"/><UN n0="%6E%69%6A%69" n1="%E9%AD%94%E7%8E%8B%E3%81%93%E3%81%A3%E3%81%BA%E3%81%B1%E3%82%93" n2="%E3%81%AF%E3%81%90%E3%82%8C%E3%83%9F%E3%83%B3%E3%83%88" n3="%E5%A4%AA%E3%81%8F%E3%81%AA%E3%81%84%E3%81%8A" dan="17,16,16,18" rate="2097,2047,2117,2168" sx="M,M,F,M"/><TAIKYOKU oya="0"/>

<Scene>
<INIT seed="0,0,0,1,3,111" ten="250,250,250,250" oya="0" hai0="34,96,14,50,83,54,15,36,58,51,132,122,24" hai1="88,38,27,89,93,69,13,41,126,86,59,49,29" hai2="112,82,129,3,124,16,6,114,26,102,47,33,45" hai3="123,135,103,22,70,43,95,8,42,134,130,118,71"/><T5/><D36/><U57/><E69/><N who="3" m="26122" /><G118/><T115/><D122/><U52/><E126/><V78/><F124/><W61/><G123/><T120/><D120/><U11/><E38/><V106/><F129/><W105/><G105/><T25/><D132/><N who="3" m="50729" /><G130/><T2/><D2/><U80/><E41/><V1/><F33/><W64/><G22/><T62/><D34/><U67/><E67/><V116/><F116/><W10/><G103/><T0/><D0/><U4/><E59/><V81/><F102/><W66/><G95/><T31/><D31/><U60/><E60/><V73/><F106/><W44/><G61/><T20/><D83/><U92/><REACH who="1" step="1"/><E89/><REACH who="1" ten="250,240,250,250" step="2"/><V28/><F47/><W76/><G42/><T68/><D68/><U55/><E55/><V113/><F45/><W121/><G121/><T97/><D62/><U56/><E56/><V53/><F53/><W99/><G64/><T19/><D54/><U75/><E75/><V65/><F65/><W117/><G66/><T9/><D58/><U119/><E119/><V100/><F100/><W127/><G127/><T18/><D51/><U98/><E98/><V39/><F39/><W128/><G117/><T77/><D50/><U107/><E107/><V46/><F46/><W94/><G128/><T7/><D96/><U63/><E63/><V84/><F73/><W17/><G44/><T74/><D97/><U101/><E101/><V32/><F82/><W109/><G43/><T110/><D74/><U87/><E87/><V79/><F79/><W12/><G76/><T35/><D77/><U40/><E40/><V108/><F78/><RYUUKYOKU ba="0,1" sc="250,-10,240,30,250,-10,250,-10" hai1="4,11,13,27,29,49,52,57,80,86,88,92,93" />
</Scene>
<Scene>
<INIT seed="1,1,1,2,4,113" ten="240,270,240,240" oya="1" hai0="21,47,117,104,77,124,83,58,123,56,112,121,5" hai1="69,91,86,132,102,88,8,68,134,119,126,89,103" hai2="16,55,79,94,110,96,22,49,71,84,72,17,26" hai3="62,108,41,12,95,115,97,31,135,57,27,63,14"/><U59/><E119/><V2/><F71/><N who="1" m="27209" /><E59/><V70/><F70/><W38/><G115/><T93/><D104/><U34/><E34/><V111/><F2/><W107/><G107/><T40/><D112/><U125/><E86/><V10/><F72/><W1/><G1/><T67/><D124/><N who="1" m="47723" /><E8/><V28/><F79/><W127/><G62/><T60/><D117/><U39/><E39/><V48/><F84/><W105/><G38/><T20/><D93/><U76/><E76/><V53/><F48/><W42/><G105/><T18/><D5/><U54/><E54/><N who="2" m="20491" /><F49/><W131/><G57/><T25/><D58/><U78/><E78/><V4/><F4/><W52/><G52/><T87/><REACH who="0" step="1"/><D21/><REACH who="0" ten="230,270,240,240" step="2"/><U75/><E75/><V106/><F106/><W61/><G127/><T0/><D0/><U7/><E7/><V33/><F33/><W122/><G61/><T32/><D32/><U130/><E130/><V101/><F10/><W66/><G131/><T73/><D73/><U50/><E50/><AGARI ba="1,2" hai="18,20,25,40,47,50,56,60,67,77,83,87,121,123" machi="50" ten="40,2600,0" yaku="1,1,53,1" doraHai="113" doraHaiUra="82" who="0" fromWho="1" sc="230,49,270,-29,240,0,240,0" />
</Scene>
<Scene>
<INIT seed="2,0,0,2,1,30" ten="279,241,240,240" oya="2" hai0="15,53,25,58,129,21,99,3,16,49,14,40,117" hai1="52,65,10,48,68,105,7,54,107,108,73,84,98" hai2="4,133,1,70,103,18,11,22,46,2,12,82,115" hai3="131,79,26,74,92,41,106,29,91,55,83,34,32"/><V31/><F70/><W113/><G106/><T23/><D3/><U44/><E73/><V120/><F120/><W114/><G131/><T122/><D122/><U13/><E108/><V77/><F115/><N who="3" m="44043" /><G41/><T9/><D129/><U81/><E98/><V36/><F133/><W17/><G17/><T8/><D117/><U66/><E54/><V135/><F135/><W87/><G55/><T19/><D40/><U37/><E37/><V126/><F126/><W20/><AGARI ba="0,0" hai="20,26,29,32,34,74,79,83,87,91,92" m="44043" machi="20" ten="30,4000,0" yaku="11,1,52,2" doraHai="30" who="3" fromWho="3" sc="279,-10,241,-10,240,-20,240,40" />
</Scene>
<Scene>
<INIT seed="3,0,0,0,5,71" ten="269,231,220,280" oya="3" hai0="117,28,84,29,133,30,46,81,122,85,134,108,74" hai1="1,111,16,102,54,6,58,8,68,42,49,93,105" hai2="38,43,2,75,73,47,18,106,23,66,59,118,35" hai3="121,40,12,88,41,65,3,91,60,104,67,39,20"/><W63/><G3/><T25/><D122/><U87/><E105/><V128/><F35/><W61/><G104/><T96/><D117/><U101/><E68/><V80/><F118/><W51/><G121/><T45/><D108/><U24/><E111/><V130/><F106/><W34/><G34/><T5/><D5/><U10/><E42/><N who="3" m="16490" /><G51/><T52/><D25/><U77/><E77/><V62/><F2/><W135/><G135/><N who="0" m="51723" /><D45/><U97/><E87/><V32/><F32/><W50/><G50/><N who="0" m="28759" /><D96/><U90/><REACH who="1" step="1"/><E24/><REACH who="1" ten="269,221,220,280" step="2"/><N who="2" m="14455" /><F80/><W82/><G82/><T70/><D70/><U37/><E37/><V27/><F27/><W124/><G39/><T114/><D114/><U79/><E79/><AGARI ba="0,1" hai="28,29,30,74,79,81,84,85" m="28759,51723" machi="79" ten="30,2000,0" yaku="20,1,54,1" doraHai="71" who="0" fromWho="1" sc="269,30,221,-20,220,0,280,0" />
</Scene>
<Scene>
<INIT seed="4,0,0,2,2,57" ten="299,201,220,280" oya="0" hai0="9,96,82,45,68,5,41,99,43,112,15,3,111" hai1="102,48,123,113,16,7,11,29,40,89,122,6,77" hai2="60,120,83,38,114,8,65,53,17,1,117,108,79" hai3="10,19,24,118,58,101,106,75,121,84,0,54,100"/><T93/><D68/><U61/><E102/><V67/><F108/><W134/><G75/><T42/><D111/><U87/><E77/><V103/><F120/><W27/><G118/><T26/><D112/><U107/><E107/><V2/><F117/><W34/><G121/><T73/><D99/><U88/><E29/><V92/><F38/><W59/><G134/><T115/><D115/><U80/><E113/><V13/><F114/><W86/><G0/><T133/><D133/><U126/><E126/><V55/><F1/><W130/><G10/><T52/><D26/><U35/><E35/><V44/><F2/><W135/><G34/><T105/><D105/><U128/><E128/><V98/><F44/><W85/><G135/><T119/><D119/><U50/><E123/><V110/><F110/><W36/><G36/><N who="0" m="21735" /><D52/><U129/><E122/><V28/><F28/><W64/><G130/><T22/><D15/><U72/><E72/><V69/><REACH who="2" step="1"/><F65/><REACH who="2" ten="299,201,210,280" step="2"/><W71/><G64/><T12/><D3/><U95/><E129/><V70/><F70/><W116/><G71/><T46/><D46/><U97/><E40/><V56/><F56/><W31/><G59/><T14/><D41/><U90/><E6/><V132/><F132/><W39/><G116/><T49/><D42/><U23/><E7/><V37/><F37/><W66/><G39/><T30/><D5/><U125/><E125/><V94/><F94/><W32/><G106/><T25/><D93/><U33/><E95/><V91/><F91/><W81/><G66/><T20/><D30/><U131/><E90/><V63/><F63/><RYUUKYOKU ba="0,1" sc="299,-10,201,-10,210,30,280,-10" hai2="8,13,17,53,55,60,67,69,79,83,92,98,103" />
</Scene>
<Scene>
<INIT seed="5,1,1,3,3,105" ten="289,191,240,270" oya="1" hai0="86,128,116,91,7,60,34,70,102,77,131,104,126" hai1="68,9,10,49,121,103,22,100,118,135,76,42,32" hai2="122,40,69,81,124,0,59,1,14,134,6,56,80" hai3="8,71,62,55,66,53,17,41,92,96,94,58,78"/><U28/><E32/><V27/><F122/><W43/><G78/><T119/><D34/><U24/><E121/><V54/><F69/><W133/><G133/><T117/><D7/><U112/><E135/><V4/><F134/><W33/><G33/><T129/><D60/><U67/><E118/><V64/><F40/><N who="3" m="15435" /><G71/><T130/><D70/><U93/><E76/><V83/><F27/><W73/><G73/><T39/><D39/><U16/><E112/><V109/><F109/><W72/><G72/><T2/><D2/><U12/><E68/><V35/><F35/><W115/><G115/><T106/><D126/><U30/><E67/><V57/><F64/><W95/><G96/><N who="0" m="61511" /><D77/><U111/><E111/><V65/><F65/><W45/><G45/><T75/><D130/><U29/><E10/><V101/><F101/><W44/><BYE who="1" /><G44/><T123/><D106/><U31/><E31/><V125/><F54/><W127/><G127/><N who="2" m="48713" /><F14/><AGARI ba="1,1" hai="8,14,17,53,55,58,62,66,92,94,95" m="15435" machi="14" ten="30,1000,0" yaku="8,1" doraHai="105" who="3" fromWho="2" sc="289,0,191,0,240,-13,270,23" />
</Scene>
<Scene>
<INIT seed="6,0,0,1,1,64" ten="289,191,227,293" oya="2" hai0="109,18,92,42,17,130,68,73,107,104,58,60,30" hai1="123,15,54,133,34,82,24,47,49,134,12,32,135" hai2="122,108,80,83,26,55,40,111,52,21,23,36,121" hai3="37,85,14,100,76,22,126,118,91,57,66,31,41"/><V38/><REACH who="2" step="1"/><F26/><REACH who="2" ten="289,191,217,293" step="2"/><N who="3" m="16855" /><G118/><T84/><D130/><U39/><E39/><V90/><F90/><W46/><G91/><T112/><D112/><U94/><E94/><V132/><F132/><W44/><G37/><T35/><D92/><U110/><E110/><V13/><F13/><W74/><G14/><T127/><D109/><U43/><E43/><AGARI ba="0,1" hai="21,23,36,38,40,43,52,55,80,83,108,111,121,122" machi="43" ten="25,12000,1" yaku="21,2,22,2,54,1,53,0" doraHai="64" doraHaiUra="72" who="2" fromWho="1" sc="289,0,191,-120,217,130,293,0" />
</Scene>
<Scene>
<INIT seed="6,1,0,2,0,23" ten="289,71,347,293" oya="2" hai0="104,79,57,93,78,11,96,70,103,18,62,61,32" hai1="123,8,88,105,37,94,65,116,95,36,126,34,89" hai2="87,102,119,47,44,21,66,120,128,76,46,51,49" hai3="10,117,130,45,56,52,58,15,92,90,69,29,111"/><V68/><F120/><W91/><G117/><T39/><D39/><U14/><E14/><V106/><F119/><UN n1="%E9%AD%94%E7%8E%8B%E3%81%93%E3%81%A3%E3%81%BA%E3%81%B1%E3%82%93" /><W67/><G111/><T72/><D72/><U86/><E8/><V20/><F128/><W4/><G130/><T132/><D132/><U40/><E105/><V3/><F3/><W121/><G121/><T82/><D70/><U63/><E116/><V112/><F112/><W124/><G124/><T83/><D32/><U9/><E123/><V24/><F106/><W12/><G29/><T77/><D104/><U109/><E109/><V50/><F102/><W114/><G114/><T17/><D11/><U99/><E9/><V28/><F68/><W19/><G69/><T118/><D118/><U0/><E0/><V26/><F66/><W71/><G71/><T110/><D110/><U64/><E126/><V125/><F125/><W100/><G100/><T41/><D41/><U43/><E99/><V135/><F135/><W115/><G67/><T25/><D61/><U5/><E63/><V31/><F87/><N who="3" m="52319" /><G91/><T134/><D134/><U6/><E86/><V74/><F74/><W129/><G129/><T33/><D33/><U108/><E108/><V101/><F101/><W84/><G84/><T54/><D17/><U16/><REACH who="1" step="1"/><E34/><REACH who="1" ten="289,61,347,293" step="2"/><V75/><F75/><W122/><G122/><T7/><D7/><U13/><E13/><V1/><F1/><W60/><G60/><T80/><D77/><AGARI ba="1,1" hai="20,21,24,26,28,31,44,46,47,49,50,51,76,77" machi="77" ten="40,12000,1" yaku="9,1,8,1,52,2" doraHai="23" who="2" fromWho="0" sc="289,-123,61,0,347,133,293,0" />
</Scene>
<Scene>
<INIT seed="6,2,0,5,0,49" ten="166,61,480,293" oya="2" hai0="61,41,93,67,112,106,109,130,57,122,6,115,63" hai1="24,39,78,77,89,47,83,31,107,110,132,126,64" hai2="99,98,18,20,87,22,28,62,81,32,96,26,72" hai3="54,91,71,75,51,85,55,133,101,68,124,48,11"/><V52/><F72/><W44/><G75/><T8/><D106/><U118/><E107/><V70/><F70/><W114/><G133/><T9/><D109/><U5/><E110/><V38/><F38/><W134/><G134/><T3/><D122/><U4/><E132/><V102/><F32/><W103/><G124/><T104/><D104/><U13/><E126/><V84/><F102/><W123/><G123/><T128/><D41/><U120/><E120/><V100/><F100/><W46/><G114/><N who="0" m="43563" /><D93/><U17/><E118/><V2/><F2/><W119/><G119/><T23/><D23/><U58/><E47/><V73/><F73/><W29/><G29/><T125/><D63/><U65/><E39/><V42/><F42/><W16/><G71/><T19/><D125/><U37/><E37/><V97/><F97/><W56/><G68/><T33/><D33/><U108/><E108/><V25/><F81/><N who="3" m="49583" /><G56/><AGARI ba="2,0" hai="18,20,22,25,26,28,52,56,62,84,87,96,98,99" machi="56" ten="40,7700,0" yaku="8,1,52,1,54,1" doraHai="49" who="2" fromWho="3" sc="166,0,61,0,480,83,293,-83" />
</Scene>
<Scene>
<INIT seed="6,3,0,5,4,83" ten="166,61,563,210" oya="2" hai0="73,89,67,96,48,127,15,40,31,56,104,108,66" hai1="78,129,107,85,61,69,112,116,68,126,19,63,131" hai2="81,86,60,27,90,1,80,2,46,55,44,39,100" hai3="109,47,5,88,57,103,79,16,8,9,94,134,128"/><V50/><F100/><W36/><G109/><T12/><D108/><U59/><E116/><V72/><F60/><W74/><G134/><T6/><D73/><U58/><E107/><V76/><REACH who="2" step="1"/><F27/><REACH who="2" ten="166,61,553,210" step="2"/><W111/><G103/><T87/><D127/><U64/><E126/><V133/><F133/><W24/><G24/><T121/><D121/><U113/><E78/><V130/><F130/><N who="1" m="49673" /><E19/><V23/><F23/><W21/><G21/><T93/><D6/><U62/><E85/><V51/><F51/><W54/><G79/><T120/><D120/><U25/><E25/><V10/><F10/><W26/><G8/><T106/><D87/><U7/><E7/><V52/><F52/><W119/><G54/><T105/><D48/><U95/><E63/><V132/><F132/><W17/><G5/><T35/><D35/><U124/><E124/><V99/><F99/><W18/><G18/><T114/><D96/><U65/><E95/><V20/><F20/><W125/><G94/><T110/><D93/><U102/><E102/><V43/><AGARI ba="3,1" hai="1,2,39,43,44,46,50,55,72,76,80,81,86,90" machi="43" ten="30,12000,1" yaku="1,1,0,1,52,1,53,2" doraHai="83" doraHaiUra="33" who="2" fromWho="2" sc="166,-43,61,-43,553,139,210,-43" />
</Scene>
<Scene>
<INIT seed="6,4,0,0,0,55" ten="123,18,692,167" oya="2" hai0="47,76,64,48,132,68,103,89,17,102,134,22,92" hai1="12,44,15,57,105,5,2,114,36,62,100,7,70" hai2="130,107,32,118,28,129,106,86,1,109,50,3,27" hai3="108,24,99,18,20,94,10,131,30,13,126,46,119"/><V83/><F118/><W45/><G108/><T33/><D33/><U9/><E70/><V39/><F39/><W66/><G119/><T112/><D76/><U113/><E100/><V52/><F109/><W87/><G126/><T71/><D112/><N who="1" m="43115" /><E105/><V38/><F38/><W133/><G133/><N who="0" m="51307" /><D64/><N who="1" m="38991" /><E7/><V128/><F106/><W96/><G131/><T111/><D111/><U26/><E26/><V127/><F107/><W51/><G66/><T25/><D71/><U104/><E104/><V88/><F127/><W11/><G11/><T29/><D68/><U67/><E67/><V124/><F124/><W53/><G46/><AGARI ba="4,0" hai="1,3,27,28,32,46,50,52,83,86,88,128,129,130" machi="46" ten="40,7700,0" yaku="19,1,54,2" doraHai="55" who="2" fromWho="3" sc="123,0,18,0,692,89,167,-89" />
</Scene>
<Scene>
<INIT seed="6,5,0,2,3,72" ten="123,18,781,78" oya="2" hai0="101,124,87,27,119,4,118,5,92,109,134,86,32" hai1="52,111,58,39,40,19,17,78,77,64,99,95,1" hai2="122,33,100,104,135,28,9,62,12,113,105,22,108" hai3="11,30,90,31,42,3,93,14,46,130,69,76,128"/><V6/><F122/><W63/><G3/><T55/><D109/><U83/><E111/><V48/><F108/><W47/><G76/><N who="1" m="29290" /><E1/><V73/><F73/><W38/><G47/><T74/><D74/><U88/><E39/><V66/><F135/><W96/><G69/><T26/><D134/><U51/><E40/><V85/><F113/><W34/><G63/><T65/><D65/><U114/><E114/><V20/><F48/><W103/><G103/><T107/><D107/><U8/><E64/><V71/><F85/><W10/><G10/><T68/><D68/><U80/><E8/><V116/><F116/><W94/><G94/><T41/><D41/><U49/><E51/><V53/><F53/><W106/><G106/><T129/><D32/><U18/><AGARI ba="5,0" hai="17,18,19,49,52,58,80,83,88,95,99" m="29290" machi="18" ten="30,12000,2" yaku="8,1,52,3,54,2" doraHai="72" who="1" fromWho="1" sc="123,-35,18,135,781,-65,78,-35" />
</Scene>
<Scene>
<INIT seed="7,0,0,3,4,44" ten="88,153,716,43" oya="3" hai0="26,130,27,19,115,127,70,79,17,62,72,78,66" hai1="67,77,51,97,41,134,63,45,129,80,109,33,103" hai2="95,94,65,56,9,74,121,11,104,75,15,135,123" hai3="24,32,126,131,106,87,118,42,83,18,120,23,85"/><W122/><G118/><T21/><D127/><U91/><E109/><V48/><F104/><W68/><G106/><T7/><D130/><U73/><E33/><V81/><F135/><W117/><G117/><T61/><D72/><N who="2" m="27690" /><F81/><W116/><G116/><T25/><D115/><U49/><E134/><V71/><F71/><W54/><G68/><T1/><D1/><U58/><E91/><V128/><F128/><W132/><G132/><T125/><D125/><U64/><E64/><V16/><F11/><W40/><G126/><T101/><D101/><U110/><E110/><V82/><F82/><W111/><G111/><T108/><D108/><U99/><E99/><V96/><F96/><W124/><G124/><T102/><D102/><U114/><E114/><V86/><F86/><W113/><G113/><T5/><D70/><U84/><E73/><V14/><F14/><W89/><G131/><T59/><D62/><U13/><E13/><V36/><F36/><W76/><G32/><T28/><D28/><U8/><E8/><V3/><F3/><W39/><G54/><T119/><D119/><U69/><E69/><V34/><F34/><W37/><G37/><T10/><D10/><U107/><E129/><V90/><F90/><W60/><G60/><T98/><D98/><U47/><E41/><N who="3" m="15978" /><G39/><T38/><D38/><U46/><AGARI ba="0,0" hai="45,46,47,49,51,58,63,67,77,80,84,97,103,107" machi="46" ten="30,4000,0" yaku="0,1,52,2" doraHai="44" who="1" fromWho="1" sc="88,-10,153,40,716,-10,43,-20" owari="78,-32.0,193,-1.0,706,81.0,23,-48.0" />
</Scene>
</mjloggm>