<mjloggm ver="2.3"><GO type="169"/><UN n0="%E3%83%A4%E3%82%AD%E3%83%B3" n1="%E5%A4%AA%E3%81%8F%E3%81%AA%E3%81%84%E3%81%8A" n2="%6E%69%6A%69" n3="%68%65%61%72%74%73%40" dan="17,16,16,16" rate="2131,2094,2068,2066" sx="M,M,F,M"/><TAIKYOKU oya="0"/>

<Scene>
<INIT seed="0,0,0,0,1,71" ten="250,250,250,250" oya="0" hai0="49,17,15,10,113,105,6,74,101,34,120,75,29" hai1="118,65,115,91,99,39,56,61,50,35,119,123,102" hai2="107,89,40,129,57,2,16,125,53,62,112,97,47" hai3="127,78,24,55,94,116,68,83,7,31,37,30,73"/><T27/><D113/><U132/><E123/><V95/><F2/><W41/><G116/><T38/><D120/><U109/><E35/><V1/><F1/><W72/><G127/><T134/><D134/><U90/><E132/><V131/><F112/><W110/><G94/><T88/><D38/><U76/><E115/><V48/><F125/><W86/><G110/><T32/><D32/><U59/><E109/><V64/><F107/><W96/><G55/><T19/><D19/><U128/><E128/><V46/><REACH who="2" step="1"/><F16/><REACH who="2" ten="250,250,240,250" step="2"/><W98/><G7/><T69/><D17/><U18/><E18/><V42/><F42/><W117/><G41/><T106/><D105/><U84/><E118/><V58/><F58/><W122/><G117/><T87/><D69/><U3/><E56/><V52/><F52/><W130/><G68/><T25/><D25/><U85/><E59/><V0/><F0/><W121/><G24/><T77/><D106/><U51/><E3/><V135/><F135/><W23/><G121/><T79/><D27/><U4/><E4/><V108/><F108/><W28/><G122/><T12/><D6/><U8/><E119/><V14/><F14/><W126/><G126/><T111/><D15/><U70/><E70/><V26/><F26/><W82/><G30/><T60/><D29/><U11/><E11/><V13/><F13/><W44/><G31/><T92/><D12/><U54/><E54/><V66/><F66/><W93/><G28/><T36/><D10/><U63/><E8/><V124/><F124/><W133/><G133/><T100/><D111/><U9/><E9/><RYUUKYOKU ba="0,1" sc="250,-10,250,-10,240,30,250,-10" hai2="40,46,47,48,53,57,62,64,89,95,97,129,131" />
</Scene>
<Scene>
<INIT seed="1,1,1,0,1,38" ten="240,240,270,240" oya="1" hai0="109,51,106,29,103,31,87,134,110,116,73,41,77" hai1="62,82,117,91,39,53,113,37,4,132,18,50,22" hai2="78,105,9,60,119,69,63,61,81,1,5,133,28" hai3="93,27,32,75,56,97,70,42,54,6,21,84,85"/><U135/><E117/><V13/><F105/><W2/><G75/><T46/><D73/><U48/><E113/><V49/><F119/><W130/><G130/><T16/><D116/><U34/><E34/><V40/><F133/><N who="1" m="51273" /><E4/><V25/><F1/><W26/><G70/><T66/><D66/><U58/><E82/><V20/><F69/><W83/><G32/><T86/><D106/><U112/><E91/><V33/><F33/><W10/><G42/><T59/><D103/><U76/><E76/><V65/><F65/><W30/><G26/><T122/><D134/><U35/><E35/><V124/><F124/><W129/><G83/><T72/><D72/><U94/><E94/><V126/><F126/><W79/><G79/><T121/><D59/><N who="1" m="33207" /><E48/><V36/><F36/><W15/><G2/><T127/><D127/><U104/><E104/><V24/><F24/><W100/><REACH who="3" step="1"/><G129/><REACH who="3" ten="240,240,270,230" step="2"/><T96/><D77/><U88/><E112/><V89/><F78/><W80/><G80/><T111/><D122/><U99/><E37/><V68/><F81/><W47/><G47/><T64/><D121/><U0/><E0/><V118/><F118/><W92/><G92/><T98/><D111/><U45/><E45/><N who="2" m="25767" /><F68/><W120/><G120/><T101/><D110/><U114/><E39/><V107/><F107/><W11/><G11/><T57/><D109/><U90/><E114/><V102/><F9/><W7/><G7/><T55/><D46/><U44/><E44/><V8/><F5/><W12/><G12/><T108/><D108/><U128/><E128/><V95/><F13/><W131/><G131/><RYUUKYOKU ba="1,2" sc="240,-10,240,-10,270,-10,230,30" hai3="6,10,15,21,27,30,54,56,84,85,93,97,100" />
</Scene>
<Scene>
<INIT seed="2,2,2,5,0,21" ten="230,230,260,260" oya="2" hai0="48,28,38,90,25,128,31,4,59,133,34,117,46" hai1="85,9,94,115,119,69,89,95,36,96,120,113,131" hai2="13,20,17,127,62,14,126,123,5,43,16,47,32" hai3="72,74,30,42,111,53,121,6,83,12,76,98,124"/><V122/><F62/><W23/><G121/><T114/><D114/><U100/><E36/><V116/><F32/><W75/><G42/><T49/><D38/><U108/><E69/><V67/><F67/><W84/><G124/><N who="2" m="47657" /><F5/><W26/><G111/><T105/><D4/><U135/><E9/><N who="2" m="6191" /><F116/><W65/><G65/><T51/><D117/><U91/><E119/><V24/><F14/><W1/><G1/><T58/><D31/><U57/><E108/><V60/><F60/><W93/><G53/><T99/><D28/><U78/><E120/><V18/><F18/><W44/><G44/><T22/><D46/><U64/><E64/><V27/><F27/><W11/><REACH who="3" step="1"/><G72/><REACH who="3" ten="230,230,260,250" step="2"/><T52/><D52/><U134/><E113/><V73/><F73/><W39/><G39/><AGARI ba="2,3" hai="17,20,24,39,43,47,122,123" m="6191,47657" machi="39" ten="30,5800,0" yaku="18,1,52,1,54,1" doraHai="21" who="2" fromWho="3" sc="230,0,230,0,260,94,250,-64" />
</Scene>
<Scene>
<INIT seed="2,3,0,0,0,7" ten="230,230,354,186" oya="2" hai0="70,29,85,61,82,48,5,127,87,24,110,44,78" hai1="50,108,51,57,118,123,3,14,84,28,73,45,27" hai2="115,22,75,39,116,6,131,34,16,58,30,91,121" hai3="15,66,23,62,88,96,55,102,9,1,59,128,64"/><V13/><F75/><W100/><G128/><T95/><D110/><U124/><E118/><V71/><F71/><W69/><G1/><T40/><D127/><U8/><E73/><V86/><F39/><W46/><G69/><T43/><D5/><U42/><E108/><V103/><F116/><W101/><G23/><T77/><D70/><U89/><E124/><V12/><F121/><W112/><G112/><T94/><D61/><U132/><E3/><V83/><F103/><W111/><G111/><T81/><REACH who="0" step="1"/><D43/><REACH who="0" ten="220,230,354,186" step="2"/><U19/><E123/><V93/><F6/><N who="3" m="3511" /><G46/><T18/><D18/><U76/><E19/><V133/><F16/><W49/><G62/><T114/><D114/><U92/><E45/><V26/><F115/><W120/><G120/><T0/><D0/><U65/><E42/><V135/><F131/><W53/><G53/><T21/><AGARI ba="3,1" hai="21,24,29,40,44,48,77,78,81,82,85,87,94,95" machi="21" ten="20,8000,1" yaku="1,1,0,1,7,1,9,1,8,1,53,0" doraHai="7" doraHaiUra="98" who="0" fromWho="0" sc="220,99,230,-23,354,-43,186,-23" />
</Scene>
<Scene>
<INIT seed="3,0,0,3,0,113" ten="319,207,311,163" oya="3" hai0="72,130,37,82,109,104,22,57,26,51,3,85,97" hai1="65,17,90,133,112,131,84,24,4,88,98,41,16" hai2="42,75,9,7,5,35,66,110,120,39,62,129,13" hai3="50,86,32,15,135,123,118,36,29,18,108,134,79"/><W115/><G115/><T40/><D37/><U116/><E112/><V19/><F35/><W83/><G123/><T67/><D72/><U54/><E133/><N who="3" m="50698" /><G36/><T106/><D3/><U95/><E131/><V91/><F75/><W43/><G108/><T59/><D130/><U44/><E65/><V89/><F110/><W49/><G43/><T73/><D73/><U99/><E4/><V122/><F129/><W128/><G128/><T8/><D8/><U11/><E54/><V20/><F5/><W125/><G125/><T12/><D12/><U10/><E116/><V96/><F42/><W68/><G68/><T33/><D33/><U107/><E107/><V92/><F39/><W45/><G45/><T46/><D109/><U48/><E99/><V127/><F127/><W80/><G80/><T69/><D69/><U76/><E76/><V64/><F64/><W53/><G53/><T52/><D67/><U102/><E102/><V25/><REACH who="2" step="1"/><F89/><REACH who="2" ten="319,207,301,163" step="2"/><W27/><G118/><T111/><D40/><U105/><E90/><V81/><F81/><W77/><G77/><T101/><D111/><U6/><E6/><V87/><F87/><W31/><G31/><T74/><D74/><U2/><E84/><V114/><F114/><W38/><G38/><T103/><D85/><U23/><E88/><V28/><F28/><W71/><G86/><T124/><D82/><U93/><E41/><V119/><F119/><W121/><G83/><T61/><D124/><U126/><E126/><V55/><F55/><W94/><G79/><T60/><D52/><U78/><E78/><V56/><AGARI ba="0,1" hai="7,9,13,19,20,25,56,62,66,91,92,96,120,122" machi="56" ten="30,7900,0" yaku="1,1,5,1,0,1,53,1" doraHai="113" doraHaiUra="63" who="2" fromWho="2" sc="319,-20,207,-20,301,89,163,-39" />
</Scene>
<Scene>
<INIT seed="4,0,0,0,1,55" ten="299,187,390,124" oya="0" hai0="38,7,75,90,126,79,96,76,18,8,27,65,87" hai1="78,21,74,56,20,93,120,84,22,100,64,86,62" hai2="26,121,67,12,36,33,63,110,130,104,59,46,116" hai3="34,102,88,1,39,30,40,70,3,83,97,45,131"/><T29/><D38/><U44/><E120/><V41/><F104/><W99/><G131/><T132/><D18/><U61/><E44/><V89/><F121/><W11/><G70/><T66/><D96/><U16/><E74/><V48/><F130/><W60/><G99/><T43/><D43/><U19/><E100/><V5/><F110/><W31/><G34/><T106/><D106/><U37/><E37/><V127/><F116/><W47/><G47/><T123/><D123/><U95/><E78/><V13/><F5/><W92/><G60/><T28/><D126/><U69/><E69/><V14/><F127/><W23/><G23/><T122/><D122/><U53/><E64/><V135/><F135/><W80/><G80/><T32/><D29/><U134/><E134/><V103/><F103/><W57/><G57/><T82/><D132/><U81/><E81/><V0/><F0/><W129/><G129/><T112/><D112/><U105/><E105/><V49/><F33/><W125/><G125/><T119/><D119/><U107/><E107/><V118/><F118/><W2/><REACH who="3" step="1"/><G11/><REACH who="3" ten="299,187,390,114" step="2"/><T109/><D109/><U51/><E62/><V72/><F63/><W113/><G113/><T6/><D8/><U101/><E61/><V25/><F67/><W50/><G50/><T15/><D66/><U71/><E71/><V77/><F48/><W94/><G94/><N who="1" m="35850" /><E101/><V68/><F68/><W73/><G73/><N who="0" m="43279" /><D65/><U98/><E98/><V42/><F72/><W54/><G54/><T10/><D75/><U91/><E84/><AGARI ba="0,1" hai="1,2,3,30,31,39,40,45,83,84,88,92,97,102" machi="84" ten="40,2600,0" yaku="1,1,54,1,53,0" doraHai="55" doraHaiUra="117" who="3" fromWho="1" sc="299,0,187,-26,390,0,114,36" />
</Scene>
<Scene>
<INIT seed="5,0,0,0,5,78" ten="299,161,390,150" oya="1" hai0="37,11,8,19,96,18,52,38,97,86,74,104,120" hai1="24,5,29,14,127,107,25,57,68,111,47,45,17" hai2="82,102,124,32,133,105,41,15,63,93,23,85,73" hai3="83,53,90,119,126,77,128,0,95,80,46,54,59"/><U28/><E68/><V108/><F32/><W9/><G126/><T20/><D74/><U58/><E107/><V113/><F73/><W6/><G128/><T109/><D109/><U3/><E127/><V91/><F124/><W36/><G119/><T4/><D120/><U76/><E111/><V71/><F105/><W114/><G114/><T99/><D104/><U1/><E76/><V84/><F102/><W118/><G118/><T51/><D86/><U64/><E5/><V50/><F108/><W65/><G65/><T130/><D130/><U135/><E135/><V67/><F133/><W60/><G77/><T117/><D117/><U27/><E3/><V10/><F23/><W132/><G132/><T98/><D98/><U116/><E1/><V12/><F113/><W106/><G106/><T72/><D72/><U112/><E112/><V100/><F100/><W7/><G7/><T40/><D40/><U103/><E103/><V122/><F122/><W55/><G36/><T121/><D121/><U131/><E131/><V31/><F31/><N who="1" m="11849" /><E116/><V115/><F115/><W13/><G0/><T62/><D4/><U39/><E39/><V110/><F110/><W66/><G46/><N who="1" m="17418" /><E64/><V75/><F75/><W101/><G101/><T88/><D38/><U61/><E61/><V92/><F63/><W2/><G2/><T87/><D62/><U69/><E69/><V129/><F67/><W134/><REACH who="3" step="1"/><G134/><REACH who="3" ten="299,161,390,140" step="2"/><T81/><D37/><U35/><E35/><V30/><F129/><W33/><G33/><T21/><D20/><AGARI ba="0,1" hai="14,17,20,24,25,27,57,58" m="17418,11849" machi="20" ten="30,1500,0" yaku="8,1" doraHai="78" who="1" fromWho="0" sc="299,-15,161,25,390,0,140,0" />
</Scene>
<Scene>
<INIT seed="5,1,0,0,1,61" ten="284,186,390,140" oya="1" hai0="11,121,124,118,20,9,101,56,71,112,86,75,12" hai1="17,130,33,114,29,134,48,88,107,93,129,116,50" hai2="32,30,26,24,92,52,1,109,105,122,67,74,58" hai3="6,59,25,95,94,64,4,49,2,85,40,10,68"/><U43/><E116/><V119/><F74/><W96/><G68/><T41/><D75/><U103/><E114/><V16/><F1/><W120/><G120/><T60/><D118/><U70/><E70/><V55/><F105/><W57/><G25/><T27/><D71/><U111/><E134/><V90/><F122/><W31/><G31/><T21/><D121/><U76/><E111/><V87/><F109/><W8/><G85/><T7/><D112/><U54/><E76/><V0/><F0/><W89/><G95/><T46/><D101/><U14/><E107/><V44/><F44/><W18/><G18/><T132/><D124/><U84/><E103/><V69/><F69/><W81/><G81/><T34/><D132/><U79/><E79/><V82/><F82/><W15/><G64/><N who="0" m="38919" /><D34/><U73/><E73/><V125/><F125/><W99/><G99/><T126/><D86/><U42/><E33/><V117/><F117/><W123/><G123/><T98/><D98/><U66/><E29/><V36/><F119/><W80/><G80/><T83/><D83/><U23/><E66/><V22/><F36/><W5/><G5/><T38/><D27/><U78/><E78/><V28/><F28/><W77/><G77/><T113/><D113/><U63/><E63/><V3/><F3/><W106/><G106/><T62/><D62/><U45/><REACH who="1" step="1"/><E43/><REACH who="1" ten="284,176,390,140" step="2"/><V35/><F35/><W65/><G65/><T135/><D135/><U115/><E115/><V19/><F32/><W128/><G40/><T53/><D126/><U110/><E110/><V47/><F30/><W108/><G108/><RYUUKYOKU ba="1,1" sc="284,-10,176,30,390,-10,140,-10" hai1="14,17,23,42,45,48,50,54,84,88,93,129,130" />
</Scene>
<Scene>
<INIT seed="5,2,1,2,3,111" ten="274,206,380,130" oya="1" hai0="97,78,20,19,35,107,45,63,114,125,37,99,39" hai1="61,58,27,9,30,7,94,4,52,18,33,68,82" hai2="62,91,48,113,1,57,84,54,128,36,103,41,100" hai3="123,74,60,86,75,69,10,43,96,0,50,104,34"/><U55/><E68/><V16/><F1/><W64/><G123/><T66/><D35/><U124/><E124/><V42/><F128/><W28/><G86/><T13/><D125/><U89/><E82/><V70/><F70/><W130/><G50/><T119/><D119/><U15/><REACH who="1" step="1"/><E55/><REACH who="1" ten="274,196,380,130" step="2"/><V59/><F54/><W40/><G130/><T129/><D129/><U116/><E116/><V22/><F113/><W81/><G81/><T29/><D114/><U95/><E95/><V79/><F41/><W51/><G43/><T72/><D107/><U31/><E31/><V17/><F42/><W26/><G40/><T109/><D29/><U67/><E67/><V90/><F36/><W24/><G104/><T87/><D66/><U44/><E44/><V101/><F62/><W118/><G118/><T122/><D63/><U56/><E56/><V11/><F57/><W98/><G69/><T53/><D53/><U112/><E112/><V5/><F59/><W14/><G60/><T76/><D45/><U8/><E8/><V105/><F11/><W12/><G28/><T73/><D37/><U83/><E83/><V131/><F131/><W80/><G80/><T127/><D39/><U92/><E92/><V117/><F117/><W126/><G64/><T132/><D127/><U46/><E46/><V110/><F105/><W2/><G126/><T21/><D73/><U3/><E3/><V106/><F106/><W32/><G51/><T120/><D72/><U25/><E25/><V65/><F48/><W6/><G10/><T77/><D77/><U71/><E71/><V134/><F79/><RYUUKYOKU ba="2,2" sc="274,-15,196,15,380,-15,130,15" hai1="4,7,9,15,18,27,30,33,52,58,61,89,94" hai3="0,2,6,12,14,24,26,32,34,74,75,96,98" />
</Scene>
<Scene>
<INIT seed="5,3,2,2,3,96" ten="259,211,365,145" oya="1" hai0="106,128,105,31,21,6,11,74,102,135,20,47,5" hai1="129,65,34,40,14,44,97,51,104,63,120,69,113" hai2="0,88,117,98,18,94,131,15,130,22,73,80,36" hai3="75,124,72,54,100,122,12,103,58,62,25,126,3"/><U87/><E120/><V41/><F0/><W114/><G122/><T10/><D74/><N who="3" m="28201" /><G3/><T43/><D135/><U26/><E113/><V45/><F117/><W67/><G114/><T78/><D78/><U1/><E1/><V121/><F121/><W107/><G107/><T79/><D79/><U118/><E118/><V48/><F73/><W134/><G25/><T70/><D70/><U115/><E115/><V35/><F35/><W33/><G33/><T9/><D128/><N who="2" m="49194" /><F80/><W59/><G12/><T111/><D111/><U8/><E129/><V23/><F36/><W4/><G4/><T93/><D106/><U53/><E87/><V90/><F90/><W110/><G110/><T119/><D105/><U82/><E82/><V109/><F109/><W116/><G116/><T86/><D86/><U68/><E34/><V30/><F30/><W81/><G81/><T29/><D29/><U133/><E133/><V50/><F50/><N who="3" m="31063" /><G134/><T61/><D31/><U42/><E69/><V49/><F49/><W66/><G66/><T60/><D119/><U76/><E76/><V85/><F85/><W7/><G7/><N who="0" m="2571" /><D60/><U38/><E38/><V83/><F83/><W57/><G57/><T89/><D61/><U46/><E46/><V84/><F84/><W127/><AGARI ba="3,2" hai="59,62,67,100,103,124,126,127" m="31063,28201" machi="127" ten="40,5200,0" yaku="18,1,52,2" doraHai="96" who="3" fromWho="3" sc="259,-16,211,-29,365,-16,145,81" />
</Scene>
<Scene>
<INIT seed="6,0,0,4,4,125" ten="243,182,349,226" oya="2" hai0="94,17,106,121,9,29,31,37,39,111,112,80,44" hai1="120,78,77,8,53,108,52,43,68,104,22,88,54" hai2="69,89,36,128,57,130,32,10,30,49,127,61,119" hai3="124,101,122,12,133,33,76,71,58,14,23,97,117"/><V115/><F36/><W55/><G122/><T26/><D106/><U19/><E108/><V62/><F119/><W84/><G117/><T116/><D116/><U7/><E68/><V91/><F127/><W85/><G71/><T46/><D121/><U2/><E120/><V66/><F115/><W65/><G33/><T64/><D64/><U45/><E104/><V109/><F109/><W98/><G65/><T96/><D111/><U50/><REACH who="1" step="1"/><E88/><REACH who="1" ten="243,172,349,226" step="2"/><V34/><F89/><W75/><G124/><T83/><D94/><U110/><E110/><V1/><F91/><W63/><G98/><T93/><D93/><U18/><E18/><V99/><F99/><W79/><G97/><T42/><D96/><U131/><E131/><V28/><F69/><W47/><G101/><T38/><D112/><U135/><E135/><V21/><F130/><W72/><G133/><T56/><D17/><U25/><AGARI ba="0,1" hai="2,7,8,19,22,25,43,45,50,52,53,54,77,78" machi="25" ten="30,4000,0" yaku="1,1,0,1,54,1,53,0" doraHai="125" doraHaiUra="105" who="1" fromWho="1" sc="243,-10,172,50,349,-20,226,-10" />
</Scene>
<Scene>
<INIT seed="7,0,0,3,2,22" ten="233,222,329,216" oya="3" hai0="40,87,61,35,64,32,126,90,135,73,80,134,25" hai1="38,123,99,58,97,69,84,46,10,125,72,18,83" hai2="68,112,124,129,102,31,117,43,52,98,71,6,51" hai3="42,118,2,37,5,12,28,82,0,4,21,91,77"/><W50/><G118/><T120/><D120/><U14/><E123/><V127/><F117/><W115/><G115/><T24/><D40/><U105/><E69/><V47/><F112/><W63/><G37/><T67/><D73/><U130/><E72/><V13/><F129/><W11/><G91/><T59/><D67/><U131/><E125/><N who="2" m="48203" /><F31/><W27/><G63/><T92/><D126/><U36/><E58/><V75/><F75/><W111/><G111/><T122/><D122/><U78/><E46/><V128/><F128/><N who="1" m="49193" /><E105/><N who="2" m="63703" /><F43/><W34/><G4/><T30/><D80/><U89/><E99/><V54/><F54/><W9/><G9/><AGARI ba="0,0" hai="6,9,13,47,51,52,68,71" m="63703,48203" machi="9" ten="30,2000,0" yaku="18,1,54,1" doraHai="22" who="2" fromWho="3" sc="233,0,222,0,329,20,216,-20" owari="233,3.0,222,-18.0,349,45.0,196,-30.0" />
</Scene>
</mjloggm>