<mjloggm ver="2.3"><GO type="169" lobby="0"/><UN n0="%4B%E3%80%82" n1="%E6%A1%9C%E4%BA%95%E3%82%A2%E3%82%BD%E3%82%B3" n2="%E5%9F%BA%E7%A4%8E%E8%AB%96" n3="%E5%A4%AA%E3%81%8F%E3%81%AA%E3%81%84%E3%81%8A" dan="17,17,17,18" rate="2203.39,2184.55,2173.73,2233.09" sx="M,M,M,F"/><TAIKYOKU oya="0"/>

<Scene>
<INIT seed="0,0,0,3,3,117" ten="250,250,250,250" oya="0" hai0="115,83,30,127,85,37,50,76,54,31,26,114,18" hai1="70,74,62,119,42,1,73,27,29,106,99,16,129" hai2="81,61,86,22,63,44,60,112,120,15,118,77,97" hai3="107,39,135,128,19,131,75,4,33,111,113,126,95"/><T78/><D37/><U66/><E1/><V90/><F112/><N who="0" m="43050" /><D78/><U40/><E119/><V2/><F118/><W100/><G4/><T67/><D67/><U116/><E116/><V103/><F2/><W91/><G75/><T10/><D54/><U125/><E73/><V55/><F77/><W101/><G39/><T108/><D50/><U45/><E74/><V53/><F44/><W87/><G113/><T80/><D80/><U57/><E57/><V102/><F120/><W14/><G107/><T36/><D36/><U52/><E42/><V71/><F71/><W43/><G43/><T65/><D65/><U51/><E40/><V93/><F102/><W46/><G46/><T88/><D88/><U49/><E49/><V11/><REACH who="2" step="1"/><F22/><REACH who="2" ten="250,250,240,250" step="2"/><W121/><G101/><T6/><D76/><U72/><E45/><V94/><F94/><W134/><G100/><T59/><D83/><U84/><E70/><V109/><F109/><W47/><G111/><T82/><D108/><U56/><E106/><V130/><F130/><W98/><G131/><T89/><D82/><U12/><E129/><V123/><F123/><W3/><G121/><T122/><D122/><U133/><E72/><V58/><F58/><W38/><G47/><T105/><D59/><U7/><E56/><V23/><F23/><W5/><G95/><T20/><D105/><U41/><E66/><V132/><F132/><W24/><G134/><T25/><D20/><U13/><E133/><V34/><F34/><W21/><G135/><T28/><D89/><U9/><E41/><V69/><F69/><W68/><G128/><RYUUKYOKU ba="0,1" sc="250,-10,250,-10,240,30,250,-10" hai2="11,15,53,55,60,61,63,81,86,90,93,97,103" />
</Scene>
<Scene>
<INIT seed="1,1,1,2,1,114" ten="240,240,270,240" oya="1" hai0="70,133,126,121,38,24,62,104,27,58,26,117,90" hai1="9,112,40,1,132,71,22,35,127,3,124,113,95" hai2="103,115,0,116,72,89,76,43,13,57,123,128,98" hai3="32,14,82,5,109,50,69,19,134,41,30,78,48"/><U47/><E71/><V125/><F0/><W97/><G69/><T4/><D70/><U106/><E106/><V51/><F123/><W73/><G109/><T39/><D104/><U28/><E35/><V74/><F115/><W11/><G134/><T34/><D34/><U61/><E132/><V122/><F122/><W79/><G41/><T60/><D133/><U135/><E135/><V42/><F74/><W66/><G66/><T86/><D121/><U37/><E61/><V118/><F72/><W83/><G97/><T31/><D31/><U120/><E120/><V130/><F76/><W93/><G93/><T2/><D126/><N who="1" m="48171" /><E3/><V68/><F68/><W80/><G80/><T75/><D75/><U101/><E95/><N who="2" m="56687" /><F103/><W23/><G30/><T59/><D2/><U49/><E37/><V18/><F125/><W84/><REACH who="3" step="1"/><G32/><REACH who="3" ten="240,240,270,230" step="2"/><T15/><D38/><U96/><E96/><V10/><F43/><W99/><G99/><T77/><D39/><U46/><E101/><V105/><F105/><W12/><AGARI ba="1,2" hai="5,11,12,14,19,23,48,50,73,78,79,82,83,84" machi="12" ten="20,2700,0" yaku="1,1,0,1,7,1,53,0" doraHai="114" doraHaiUra="52" who="3" fromWho="3" sc="240,-8,240,-14,270,-8,230,50" />
</Scene>
<Scene>
<INIT seed="2,0,0,2,4,0" ten="232,226,262,280" oya="2" hai0="49,43,89,130,74,45,20,75,123,92,97,117,135" hai1="28,7,44,59,30,51,40,110,76,11,15,128,124" hai2="69,65,71,95,10,98,1,116,38,26,34,107,96" hai3="62,90,48,119,82,24,88,29,131,91,105,66,94"/><V100/><F116/><W60/><G119/><T14/><D123/><U129/><E110/><V61/><F38/><W134/><G105/><T53/><D117/><U16/><E124/><V55/><F55/><W86/><G134/><T106/><D135/><U93/><E76/><V132/><F132/><W57/><G131/><N who="1" m="50250" /><E59/><V83/><F83/><W85/><G48/><T54/><D130/><U67/><E67/><V31/><F71/><W42/><G42/><T47/><D106/><U113/><E93/><V19/><F19/><W22/><REACH who="3" step="1"/><G62/><REACH who="3" ten="232,226,262,270" step="2"/><T104/><D104/><U37/><E51/><V12/><F1/><W80/><G80/><T58/><D43/><U18/><E113/><V122/><F122/><W36/><G36/><T63/><D47/><U108/><E108/><V127/><F127/><W17/><G17/><AGARI ba="0,1" hai="7,11,15,16,17,18,28,30,37,40,44" m="50250" machi="17" ten="30,3900,0" yaku="19,1,52,1,54,1" doraHai="0" who="1" fromWho="3" sc="232,0,226,49,262,0,270,-39" />
</Scene>
<Scene>
<INIT seed="3,0,0,4,1,86" ten="232,275,262,231" oya="3" hai0="18,104,64,85,93,21,5,90,122,47,56,17,133" hai1="87,129,69,41,77,2,13,23,15,60,68,36,131" hai2="82,50,114,48,38,61,96,11,132,57,42,100,51" hai3="118,14,101,80,102,109,89,106,95,12,63,70,111"/><W40/><G118/><T67/><D122/><U128/><E2/><V76/><F114/><W65/><G40/><T119/><D119/><U117/><E117/><V98/><F132/><W91/><G80/><T44/><D104/><U46/><E77/><V52/><F11/><W43/><G43/><T49/><D133/><U8/><E87/><V28/><F28/><W125/><G125/><T97/><D5/><N who="1" m="3215" /><E60/><V113/><F113/><W4/><G106/><T34/><D34/><U19/><AGARI ba="0,0" hai="15,19,23,36,41,46,68,69,128,129,131" m="3215" machi="19" ten="40,1500,0" yaku="19,1" doraHai="86" who="1" fromWho="1" sc="232,-4,275,15,262,-4,231,-7" />
</Scene>
<Scene>
<INIT seed="4,0,0,5,5,64" ten="228,290,258,224" oya="0" hai0="90,69,59,57,4,10,65,94,58,109,95,47,40" hai1="117,67,76,5,26,97,108,51,32,78,116,68,73" hai2="110,24,53,82,104,30,119,85,84,81,79,2,129" hai3="130,29,20,66,134,126,103,18,44,92,17,120,55"/><T42/><D109/><U80/><E78/><V99/><F110/><W14/><G134/><T115/><D115/><U132/><E51/><V49/><F2/><W37/><G130/><T34/><D34/><U54/><E54/><V72/><F129/><W48/><G126/><T107/><D107/><U87/><E87/><V38/><F38/><W23/><G120/><T114/><D114/><U6/><E6/><V131/><F131/><W9/><G37/><T71/><D65/><U27/><E27/><V45/><F119/><W28/><G66/><T124/><D124/><U7/><E7/><V25/><F72/><W83/><G83/><T11/><D11/><U43/><E43/><V70/><F70/><W12/><REACH who="3" step="1"/><G9/><REACH who="3" ten="228,290,258,214" step="2"/><T62/><D62/><N who="1" m="40055" /><E132/><V88/><REACH who="2" step="1"/><F30/><REACH who="2" ten="228,290,248,214" step="2"/><W35/><G35/><T101/><D69/><U33/><E33/><V98/><F98/><AGARI ba="0,2" hai="12,14,17,18,20,23,28,29,44,48,55,92,98,103" machi="98" ten="40,5200,0" yaku="1,1,9,1,8,1,53,0" doraHai="64" doraHaiUra="125" who="3" fromWho="2" sc="228,0,290,0,248,-52,214,72" />
</Scene>
<Scene>
<INIT seed="5,0,0,4,1,94" ten="228,290,196,286" oya="1" hai0="132,25,91,23,101,61,122,62,3,44,95,11,30" hai1="45,104,110,133,9,129,27,127,43,17,14,120,13" hai2="60,105,46,93,39,47,33,118,89,112,90,0,56" hai3="128,63,49,114,4,126,29,34,65,81,121,7,15"/><U134/><E120/><V107/><F118/><W80/><G121/><T68/><D122/><U92/><E104/><V82/><F0/><W135/><G34/><T130/><D130/><U26/><E129/><V10/><F33/><W16/><G128/><T71/><D132/><N who="1" m="50795" /><E127/><V84/><F10/><W67/><G135/><T21/><D101/><U124/><E124/><V53/><F112/><W69/><G126/><T37/><D37/><N who="1" m="21743" /><E110/><V58/><F58/><W99/><G29/><T19/><D44/><U72/><E72/><V54/><F47/><W32/><G32/><T79/><D79/><U31/><E31/><V76/><F90/><W18/><G49/><T36/><D36/><U59/><E59/><V125/><F125/><W103/><G114/><T42/><D42/><U24/><E92/><V50/><REACH who="2" step="1"/><F39/><REACH who="2" ten="228,290,186,286" step="2"/><W8/><G67/><T85/><D71/><U74/><E9/><V40/><F40/><W131/><G131/><T41/><D41/><U57/><E57/><V78/><F78/><W66/><G65/><T51/><D68/><U109/><E109/><V5/><F5/><W88/><G7/><T20/><D3/><U48/><E17/><V123/><F123/><W52/><G52/><T70/><D70/><U117/><E117/><V38/><F38/><W96/><G18/><T2/><D2/><U119/><E119/><V83/><F83/><W75/><G4/><T115/><D115/><U77/><E77/><V108/><F108/><W64/><G64/><T102/><D19/><U73/><E48/><V6/><F6/><W116/><G116/><T106/><D51/><RYUUKYOKU ba="0,1" sc="228,-15,290,15,186,15,286,-15" hai1="13,14,24,26,27,73,74" hai2="46,50,53,54,56,60,76,82,84,89,93,105,107" />
</Scene>
<Scene>
<INIT seed="5,1,1,0,0,109" ten="213,305,201,271" oya="1" hai0="11,131,87,45,13,100,84,67,99,25,22,19,102" hai1="53,96,49,21,76,118,48,27,93,28,59,77,23" hai2="101,18,95,61,46,4,79,108,38,40,126,73,120" hai3="92,58,66,125,98,78,127,42,88,7,51,121,106"/><U85/><E118/><V91/><F108/><W86/><G121/><T130/><D67/><U70/><E70/><V20/><F120/><W55/><G7/><T26/><D45/><U37/><E37/><V33/><F33/><W74/><G42/><T43/><D43/><U57/><E23/><V112/><F101/><N who="3" m="62775" /><G66/><T71/><D71/><U60/><E85/><V103/><F103/><N who="0" m="39466" /><D99/><U30/><E30/><V65/><F4/><W111/><G111/><T104/><D104/><U47/><E93/><V115/><F126/><N who="3" m="48139" /><G78/><N who="1" m="30314" /><E96/><V50/><F38/><W129/><G129/><N who="0" m="49163" /><D26/><U35/><E35/><V41/><F41/><W124/><G124/><T14/><D14/><U110/><E110/><V24/><F79/><W64/><G64/><T134/><D134/><U135/><E135/><V81/><F73/><AGARI ba="1,1" hai="51,55,58,73,74,86,88,92" m="48139,62775" machi="73" ten="30,2000,0" yaku="18,1,54,1" doraHai="109" who="3" fromWho="2" sc="213,0,305,0,201,-23,271,33" />
</Scene>
<Scene>
<INIT seed="6,0,0,3,2,50" ten="213,305,178,304" oya="2" hai0="118,43,24,76,90,55,116,114,45,100,16,27,117" hai1="37,95,103,38,8,53,94,127,13,70,84,72,135" hai2="74,12,4,108,132,3,79,128,35,47,23,122,0" hai3="85,39,29,48,49,14,58,62,26,64,129,66,21"/><V83/><F122/><W7/><G39/><T130/><D114/><U134/><E72/><V115/><F115/><W92/><G129/><T102/><D130/><U111/><E111/><V106/><F128/><W61/><G7/><T121/><D121/><U9/><E70/><V133/><F108/><W60/><G14/><T126/><D126/><U75/><E75/><V52/><F35/><W63/><G64/><T46/><D76/><U110/><E110/><V96/><F106/><W5/><G5/><T123/><D123/><U104/><E104/><V6/><F96/><W69/><G69/><T65/><D65/><U11/><E13/><V31/><F31/><W80/><G92/><N who="1" m="35370" /><E84/><V124/><F124/><W54/><G66/><T77/><D90/><AGARI ba="0,0" hai="21,26,29,48,49,54,58,60,61,62,63,80,85,90" machi="90" ten="40,2600,0" yaku="8,1,52,1" doraHai="50" who="3" fromWho="0" sc="213,-26,305,0,178,0,304,26" />
</Scene>
<Scene>
<INIT seed="7,0,0,3,2,117" ten="187,305,178,330" oya="3" hai0="54,78,105,121,118,3,58,39,95,10,112,40,102" hai1="17,100,75,127,135,56,101,111,132,63,6,9,87" hai2="119,126,67,21,30,82,16,28,83,47,31,15,12" hai3="34,14,27,33,71,52,99,86,43,90,36,70,134"/><W11/><G134/><N who="1" m="51242" /><E111/><V45/><F119/><W129/><G129/><T38/><D95/><U93/><E75/><V72/><F126/><W18/><G99/><T98/><D54/><U66/><E127/><V74/><F67/><W60/><G36/><T55/><D58/><U64/><E17/><N who="2" m="10407" /><F74/><W69/><G43/><T108/><D98/><U5/><E66/><V115/><F72/><W97/><G97/><T133/><D102/><N who="1" m="39531" /><E9/><N who="2" m="6255" /><F115/><W2/><G2/><T37/><D112/><U68/><E68/><V44/><AGARI ba="0,0" hai="28,30,31,44,45,47,82,83" m="6255,10407" machi="44" ten="30,2000,0" yaku="8,1,54,1" doraHai="117" who="2" fromWho="2" sc="187,-5,305,-5,178,20,330,-10" owari="182,-32.0,300,10.0,198,-20.0,320,42.0" />
</Scene>
</mjloggm>