<mjloggm ver="2.3"><GO type="169" lobby="0"/><UN n0="%E3%81%B2%E3%81%BD%E3%81%8D%E3%82%88%E3%81%97" n1="%E6%B0%97%E6%A5%BD%E3%81%AB%E6%89%93%E3%81%A4" n2="%E3%81%94%E3%81%98%E3%82%83%E3%82%8B" n3="%E5%A4%AA%E3%81%8F%E3%81%AA%E3%81%84%E3%81%8A" dan="18,16,19,17" rate="2184.17,2161.26,2302.68,2181.15" sx="M,M,M,M"/><TAIKYOKU oya="0"/>

<Scene>
<INIT seed="0,0,0,4,1,40" ten="250,250,250,250" oya="0" hai0="117,41,129,123,91,61,121,39,84,29,0,93,130" hai1="34,13,43,10,2,65,45,111,16,81,98,83,75" hai2="17,120,22,99,74,47,77,37,52,73,32,64,53" hai3="88,21,42,59,6,12,7,104,114,103,20,124,56"/><T127/><D0/><U89/><E111/><V9/><F32/><W71/><G71/><T118/><D29/><U100/><E34/><V131/><F120/><N who="0" m="46154" /><D61/><U18/><E65/><V105/><F9/><W15/><G114/><T94/><D41/><U76/><E2/><V1/><F1/><W58/><G124/><T102/><D39/><U128/><E128/><N who="0" m="49257" /><D127/><U60/><E60/><V51/><F131/><W19/><G42/><T44/><D44/><U50/><E18/><V109/><F37/><W27/><G19/><T106/><D106/><U36/><E36/><V87/><F47/><W24/><G58/><T8/><D8/><U135/><E43/><V113/><F105/><W63/><G104/><T30/><D30/><U108/><E50/><V28/><F51/><W26/><G63/><T95/><D102/><U92/><E45/><V125/><F28/><W69/><G103/><T90/><D84/><N who="1" m="50319" /><E10/><V82/><F17/><W107/><G107/><T49/><D49/><U14/><E16/><V86/><F125/><W96/><G69/><T68/><D68/><U46/><E46/><V133/><F64/><W4/><G59/><T134/><D134/><U54/><E135/><V112/><F133/><W80/><G56/><T110/><D110/><U101/><E108/><V25/><F109/><W3/><G3/><T57/><D57/><U66/><E66/><V31/><F31/><W70/><G70/><T97/><D97/><N who="1" m="59431" /><E54/><V5/><F52/><W79/><G21/><T119/><AGARI ba="0,0" hai="90,91,93,94,95,117,118,119" m="49257,46154" machi="119" ten="50,12000,1" yaku="28,2,19,1,34,2" doraHai="40" who="0" fromWho="0" sc="250,120,250,-40,250,-40,250,-40" />
</Scene>
<Scene>
<INIT seed="0,1,0,2,1,95" ten="370,210,210,210" oya="0" hai0="50,123,104,69,53,91,64,4,63,37,55,32,8" hai1="111,2,126,35,135,107,22,131,80,57,45,56,125" hai2="119,82,96,88,77,89,15,48,38,102,81,74,21" hai3="10,31,105,9,67,128,71,106,73,7,129,34,78"/><T83/><D32/><U94/><E35/><V122/><F38/><W5/><G73/><T127/><D127/><N who="1" m="48651" /><E2/><V13/><F122/><W58/><G71/><T124/><D124/><U16/><E111/><V47/><F119/><W98/><G78/><T101/><D37/><U14/><E107/><V116/><F116/><W112/><G34/><T117/><D117/><U118/><E118/><V6/><F82/><W52/><G67/><T36/><D36/><U79/><E135/><V65/><F65/><W75/><G75/><T76/><D91/><U85/><E45/><V18/><F13/><W51/><G31/><T59/><D55/><U68/><E68/><V26/><F26/><W41/><G41/><T84/><D123/><U27/><E131/><N who="3" m="50250" /><G112/><T33/><D33/><U132/><E132/><V115/><F6/><N who="3" m="2059" /><G106/><T40/><D104/><U93/><E27/><V46/><F115/><W134/><G134/><T114/><D114/><U23/><E22/><V87/><F74/><W110/><G110/><T24/><D24/><U100/><E93/><N who="2" m="58639" /><F46/><W113/><G113/><T130/><D130/><U108/><E108/><V0/><F0/><W133/><G133/><T54/><D69/><U86/><E23/><V25/><F25/><W103/><AGARI ba="1,0" hai="9,10,51,52,58,98,103,105" m="2059,50250" machi="103" ten="30,4000,0" yaku="19,1,52,1,54,1" doraHai="95" who="3" fromWho="3" sc="370,-21,210,-11,210,-11,210,43" />
</Scene>
<Scene>
<INIT seed="1,0,0,5,1,34" ten="349,199,199,253" oya="1" hai0="10,24,69,3,77,120,96,42,107,135,82,111,94" hai1="83,22,71,91,79,113,103,52,54,5,78,36,60" hai2="47,98,41,101,27,121,124,48,122,20,110,125,68" hai3="18,70,63,51,31,65,74,85,37,73,112,11,76"/><U92/><E113/><V131/><F68/><W64/><G37/><T119/><D111/><U88/><E36/><V4/><F110/><W126/><G112/><T133/><D69/><U75/><E78/><V81/><F81/><W38/><G38/><T99/><D24/><U90/><E5/><V2/><F131/><W104/><G104/><T43/><D119/><U89/><E103/><V26/><F26/><W72/><G65/><T102/><D120/><U57/><E71/><V129/><F129/><W44/><G31/><T95/><D107/><U39/><E39/><V13/><F13/><W106/><G106/><T66/><D66/><U117/><E117/><V86/><F86/><W16/><G126/><N who="2" m="48745" /><F98/><W33/><G33/><T30/><D30/><U109/><E109/><V6/><F101/><W87/><G76/><T40/><D82/><U46/><E22/><V56/><F56/><W118/><G118/><T9/><D77/><U35/><E35/><V49/><F49/><W59/><G70/><T84/><D84/><U105/><E105/><V97/><F97/><W12/><REACH who="3" step="1"/><G18/><REACH who="3" ten="349,199,199,243" step="2"/><T23/><D102/><U14/><E79/><V8/><F122/><W0/><G0/><T116/><D3/><U123/><E123/><V127/><F127/><W32/><G32/><T1/><D1/><U7/><E75/><V115/><F121/><W45/><G45/><T53/><D116/><U21/><E46/><V55/><F115/><W58/><G58/><T67/><D67/><N who="1" m="39311" /><E83/><V134/><F47/><W114/><G114/><T62/><D95/><U61/><N who="1" m="23040" /><DORA hai="130" /><U80/><E92/><RYUUKYOKU ba="0,1" sc="349,-10,199,-10,199,-10,243,30" hai3="11,12,16,44,51,59,63,64,72,73,74,85,87" />
</Scene>
<Scene>
<INIT seed="2,1,1,3,4,127" ten="339,189,189,273" oya="2" hai0="69,25,0,2,98,45,59,22,7,114,67,31,108" hai1="132,5,65,56,134,117,13,24,9,68,100,76,118" hai2="93,72,128,133,23,80,1,34,21,86,129,53,37" hai3="57,71,103,96,4,91,70,83,90,17,109,102,89"/><V88/><F34/><W6/><G109/><T107/><D108/><U60/><E76/><V46/><F1/><W99/><G83/><T125/><D59/><U38/><E38/><V52/><F133/><N who="1" m="51305" /><E100/><N who="3" m="38442" /><G57/><T28/><D98/><N who="3" m="37417" /><G17/><N who="0" m="12495" /><D67/><N who="1" m="39303" /><E24/><V18/><F37/><W123/><G123/><T124/><D45/><U15/><E13/><V64/><F64/><W51/><G51/><T61/><D61/><AGARI ba="1,1" hai="5,9,15,61,65,68,117,118" m="39303,51305" machi="61" ten="30,1000,0" yaku="20,1" doraHai="127" who="1" fromWho="0" sc="339,-13,189,23,189,0,273,0" />
</Scene>
<Scene>
<INIT seed="3,0,0,5,4,83" ten="326,212,189,273" oya="3" hai0="114,29,86,50,46,58,8,14,25,122,9,22,60" hai1="70,108,116,134,95,135,26,79,81,41,39,124,35" hai2="51,61,55,2,123,67,66,10,97,120,21,38,49" hai3="1,92,106,30,115,76,3,87,91,42,113,18,119"/><W133/><G119/><T20/><D122/><U100/><E116/><V111/><F2/><W54/><G106/><T44/><D114/><U7/><E108/><V110/><F10/><W101/><G101/><T45/><D50/><U104/><E124/><V62/><F21/><W127/><G127/><T96/><D96/><N who="1" m="61447" /><E70/><V84/><F97/><W88/><G30/><T28/><D86/><U27/><E7/><V65/><F84/><W47/><G133/><N who="1" m="50698" /><E35/><V31/><F31/><W74/><G18/><N who="0" m="10327" /><D29/><U12/><E12/><V73/><F73/><W0/><G54/><AGARI ba="0,0" hai="8,9,22,25,28,44,45,46,54,58,60" m="10327" machi="54" ten="30,1000,0" yaku="8,1" doraHai="83" who="0" fromWho="3" sc="326,10,212,0,189,0,273,-10" />
</Scene>
<Scene>
<INIT seed="4,0,0,3,3,89" ten="336,212,189,263" oya="0" hai0="26,51,66,126,55,42,6,96,94,18,80,1,90" hai1="67,109,69,95,98,0,70,97,122,112,111,93,92" hai2="24,20,60,46,11,3,133,48,19,33,40,34,16" hai3="88,101,107,62,2,65,104,71,29,56,15,45,64"/><T106/><D126/><U120/><E67/><V72/><F72/><W13/><G2/><T43/><D66/><U53/><E0/><V76/><F133/><W79/><G79/><T31/><D106/><U57/><E57/><V75/><F75/><W35/><G45/><T127/><D127/><U114/><REACH who="1" step="1"/><E95/><REACH who="1" ten="336,202,189,263" step="2"/><V47/><F3/><W132/><G56/><N who="0" m="32895" /><D1/><U61/><E61/><V68/><F60/><W123/><G62/><T54/><D80/><U58/><E58/><V121/><F68/><W25/><G71/><T102/><D94/><U5/><E5/><V74/><F121/><W22/><G123/><T37/><D6/><U84/><E84/><V78/><F74/><W116/><G64/><T32/><D96/><U14/><E14/><V63/><F63/><W52/><G13/><T41/><D26/><U105/><E105/><V28/><F47/><W131/><G65/><T118/><D37/><U36/><E36/><V8/><F34/><W77/><G107/><T113/><D32/><U130/><E130/><V4/><F4/><W81/><G104/><T49/><D49/><U128/><E128/><V9/><REACH who="2" step="1"/><F33/><REACH who="2" ten="336,202,179,263" step="2"/><W82/><G35/><T100/><D113/><U38/><E38/><V30/><F30/><W86/><G29/><T117/><D31/><U119/><E119/><V21/><F21/><W134/><G116/><T108/><D117/><U50/><E50/><V59/><F59/><W85/><G22/><T115/><D118/><U7/><E7/><V27/><F27/><W124/><G25/><T44/><D115/><U12/><E12/><V103/><F103/><RYUUKYOKU ba="0,2" sc="336,-15,202,15,179,15,263,-15" hai1="53,69,70,92,93,97,98,109,111,112,114,120,122" hai2="8,9,11,16,19,20,24,28,40,46,48,76,78" />
</Scene>
<Scene>
<INIT seed="5,1,2,1,3,1" ten="321,217,194,248" oya="1" hai0="49,72,106,97,21,88,42,114,69,77,103,98,102" hai1="18,112,17,104,134,131,95,55,27,90,37,86,118" hai2="12,65,119,66,23,109,10,79,48,15,4,125,74" hai3="47,99,32,2,9,45,16,76,63,67,89,126,28"/><U53/><E118/><V29/><F119/><W7/><G126/><T75/><D69/><U13/><E112/><V108/><F125/><W101/><G76/><T111/><D21/><N who="1" m="13743" /><E134/><V87/><F74/><W19/><G89/><T3/><D3/><U24/><E37/><V132/><F132/><W30/><G47/><T120/><D111/><U81/><E104/><V129/><F129/><W35/><G45/><T122/><D49/><U11/><E131/><V110/><F48/><W8/><G30/><T130/><D130/><U128/><E128/><V38/><F38/><W135/><G135/><T22/><D114/><U124/><E124/><V113/><F113/><W117/><G117/><T31/><D106/><U14/><E24/><V34/><F34/><W26/><G8/><T46/><D72/><U68/><E68/><V71/><F71/><N who="3" m="42495" /><G35/><T91/><D75/><U100/><E14/><V36/><F36/><W60/><G60/><T82/><D120/><U54/><E100/><V73/><F73/><W80/><G80/><AGARI ba="1,2" hai="11,13,18,53,54,55,80,81,86,90,95" m="13743" machi="80" ten="30,1500,0" yaku="8,1" doraHai="1" who="1" fromWho="3" sc="321,0,217,38,194,0,248,-18" />
</Scene>
<Scene>
<INIT seed="5,2,0,0,1,57" ten="321,255,194,230" oya="1" hai0="10,109,32,45,25,116,18,121,53,44,76,98,106" hai1="112,48,113,101,107,9,82,118,133,74,8,89,55" hai2="14,69,130,24,115,87,6,94,126,15,60,46,120" hai3="71,93,5,4,51,47,56,100,80,67,97,68,38"/><U132/><E118/><V40/><F120/><W99/><G38/><T110/><D32/><U41/><E41/><V96/><F130/><W125/><G125/><T131/><D106/><U12/><E107/><V108/><F108/><W23/><G80/><T65/><D76/><N who="1" m="44311" /><E101/><V81/><F126/><W11/><G23/><T16/><D53/><U13/><E89/><V63/><F69/><W103/><G56/><T122/><D98/><U119/><E119/><V127/><F127/><W39/><G39/><T34/><D34/><U31/><E31/><V86/><F115/><N who="1" m="44105" /><E13/><N who="2" m="4619" /><F6/><W17/><G5/><T22/><D116/><U61/><E61/><N who="2" m="23627" /><F24/><W92/><G4/><T0/><D110/><U114/><N who="1" m="44113" /><U123/><DORA hai="1" /><E123/><V35/><F35/><W43/><G67/><T117/><D65/><U91/><E91/><N who="2" m="55391" /><F81/><W129/><G129/><T3/><D109/><U88/><E12/><AGARI ba="2,0" hai="11,12,17,43,47,51,68,71,92,93,97,99,100,103" machi="12" ten="40,1300,0" yaku="9,1" doraHai="57,1" who="3" fromWho="1" sc="321,0,255,-19,194,0,230,19" />
</Scene>
<Scene>
<INIT seed="6,0,0,5,2,68" ten="321,236,194,249" oya="2" hai0="100,103,9,111,121,22,17,131,126,88,129,27,10" hai1="31,49,70,123,14,101,45,48,92,60,120,62,47" hai2="102,55,71,4,5,35,65,134,41,127,19,25,91" hai3="1,89,128,15,105,34,36,46,81,0,53,84,61"/><V57/><F127/><W52/><G34/><T20/><D111/><U50/><E31/><V21/><F134/><W83/><G105/><T16/><D88/><U112/><E92/><V104/><F35/><W13/><G128/><N who="0" m="49227" /><D121/><N who="1" m="46667" /><E14/><V99/><F41/><W67/><G36/><T66/><D66/><N who="1" m="41287" /><E101/><N who="0" m="38985" /><D126/><U130/><E112/><V117/><F117/><W119/><G119/><T59/><D59/><U11/><E130/><V94/><F65/><W12/><G83/><T82/><D82/><U3/><E62/><V24/><F71/><W98/><G98/><T33/><D33/><U73/><E73/><V37/><F37/><W124/><G124/><T54/><D54/><U90/><E90/><V75/><F75/><W85/><G85/><T43/><D22/><U8/><E3/><V58/><F24/><W26/><G26/><T106/><D20/><U76/><E76/><V93/><F104/><W132/><G1/><T87/><D27/><U97/><E97/><N who="2" m="57535" /><F57/><W28/><G0/><T86/><D87/><U69/><E69/><V77/><F77/><W113/><G84/><T2/><D86/><U125/><E125/><V110/><F110/><W95/><G89/><T72/><D72/><U135/><E135/><V39/><F39/><W74/><G132/><T38/><D106/><U116/><E116/><V79/><F79/><W7/><G74/><T133/><D133/><U56/><E56/><V18/><F19/><N who="0" m="7242" /><D2/><U51/><N who="1" m="12800" /><DORA hai="44" /><U32/><E32/><V118/><F118/><W63/><G95/><T80/><D80/><U23/><E23/><V29/><F18/><W122/><G122/><RYUUKYOKU ba="0,0" sc="321,10,236,10,194,10,249,-30" hai0="9,10,38,43" hai1="8,11,45,47" hai2="4,5,21,25,29,55,58,94,99,102" />
</Scene>
<Scene>
<INIT seed="6,1,0,3,0,113" ten="331,246,204,219" oya="2" hai0="1,73,109,74,20,79,15,78,28,59,12,44,115" hai1="13,69,83,14,52,133,95,57,31,10,64,26,116" hai2="121,85,98,4,92,19,6,81,3,123,18,32,45" hai3="90,93,125,47,132,33,60,94,99,63,135,5,84"/><V22/><F32/><W82/><G33/><T48/><D109/><U53/><E133/><N who="3" m="51274" /><G125/><T97/><D1/><U119/><E83/><V8/><F4/><W43/><G5/><T39/><D59/><U56/><E95/><N who="3" m="36362" /><G99/><T75/><D39/><AGARI ba="1,0" hai="39,43,47,60,63,82,84,90" m="36362,51274" machi="39" ten="30,1000,0" yaku="20,1" doraHai="113" who="3" fromWho="0" sc="331,-13,246,0,204,0,219,13" />
</Scene>
<Scene>
<INIT seed="7,0,0,3,0,100" ten="318,246,204,232" oya="3" hai0="46,28,63,40,5,75,12,93,98,88,107,102,71" hai1="124,84,113,21,78,47,104,119,31,35,103,29,41" hai2="83,110,1,67,68,91,52,77,105,36,34,50,131" hai3="16,24,54,128,10,80,96,133,23,30,38,121,64"/><W6/><G121/><T135/><D28/><U4/><E113/><V15/><F1/><W132/><G38/><T51/><D75/><U9/><E124/><V45/><F110/><W114/><G114/><T81/><D135/><N who="3" m="51785" /><G64/><T17/><D5/><U8/><E35/><V3/><F3/><N who="3" m="351" /><G128/><T111/><D111/><U11/><E119/><V55/><F36/><W59/><G80/><T0/><D0/><U22/><E4/><V61/><F34/><W18/><G96/><T125/><D125/><U7/><E7/><V120/><F131/><W126/><G126/><T92/><D71/><U118/><E118/><V95/><F120/><W57/><G57/><T129/><D63/><AGARI ba="0,0" hai="16,18,23,24,30,54,59,63" m="351,51785" machi="63" ten="30,2900,0" yaku="20,1,54,1" doraHai="100" who="3" fromWho="0" sc="318,-29,246,0,204,0,232,29" />
</Scene>
<Scene>
<INIT seed="7,1,0,5,3,50" ten="289,246,204,261" oya="3" hai0="25,119,114,19,78,8,46,73,17,109,41,40,12" hai1="49,68,53,97,101,29,85,79,32,55,51,110,84" hai2="76,99,62,89,69,95,1,121,58,88,44,35,52" hai3="45,28,9,103,6,18,7,47,81,72,92,60,117"/><W108/><G117/><T10/><D109/><U34/><E110/><V118/><F118/><W48/><G108/><T11/><D119/><U59/><E68/><V67/><F121/><W63/><G28/><T70/><D70/><U36/><E36/><V33/><F1/><W71/><G72/><T135/><D135/><U74/><E74/><V80/><F44/><W66/><G81/><T64/><D73/><U82/><E85/><V111/><F111/><W15/><G63/><T39/><D64/><U105/><REACH who="1" step="1"/><E29/><REACH who="1" ten="289,236,204,261" step="2"/><V120/><F120/><W83/><G71/><T43/><D39/><U38/><E38/><V0/><F0/><W125/><G125/><T98/><D114/><U122/><E122/><V61/><F89/><W106/><G103/><T13/><D78/><U77/><E77/><V127/><F127/><W113/><G113/><T116/><D98/><U96/><E96/><V16/><F16/><N who="0" m="6218" /><D116/><U5/><E5/><V107/><F107/><W128/><G7/><T56/><D25/><U126/><E126/><V54/><F54/><W26/><G26/><T3/><D3/><U87/><E87/><AGARI ba="1,1" hai="33,35,52,58,61,62,67,69,76,80,87,88,95,99" machi="87" ten="30,7700,0" yaku="7,1,52,1,54,2" doraHai="50" who="2" fromWho="1" sc="289,0,236,-80,204,90,261,0" />
</Scene>
<Scene>
<INIT seed="8,0,0,0,0,105" ten="289,156,294,261" oya="0" hai0="15,123,71,34,129,68,7,134,86,40,23,9,62" hai1="97,87,113,132,39,33,17,107,30,75,60,5,25" hai2="94,12,80,79,103,70,108,4,122,46,98,38,8" hai3="73,99,6,118,41,90,42,126,111,95,57,14,13"/><T58/><D123/><U44/><E132/><V76/><F122/><W128/><G111/><T91/><D129/><U77/><E5/><V53/><F108/><W54/><G73/><T48/><D34/><U110/><E110/><V93/><F70/><W85/><G128/><T18/><D134/><U72/><E113/><V22/><F38/><W125/><G118/><T114/><D114/><U65/><E17/><V52/><F93/><W84/><G126/><T3/><D40/><N who="3" m="15465" /><G125/><T29/><D29/><U119/><E119/><V133/><F133/><W89/><G6/><T120/><D48/><U26/><E26/><V27/><F46/><W28/><G28/><T74/><D74/><U101/><E44/><V45/><F45/><W83/><G85/><T117/><D117/><U31/><E30/><N who="2" m="17783" /><F80/><W67/><G67/><T16/><D18/><U69/><E39/><V96/><F98/><W51/><AGARI ba="0,0" hai="13,14,51,54,57,83,84,89,90,95,99" m="15465" machi="51" ten="30,1100,0" yaku="8,1" doraHai="105" who="3" fromWho="3" sc="289,-5,156,-3,294,-3,261,11" />
</Scene>
<Scene>
<INIT seed="9,0,0,1,1,77" ten="284,153,291,272" oya="1" hai0="27,33,126,133,125,120,109,112,132,49,8,0,26" hai1="30,31,79,41,74,50,65,9,103,124,80,127,63" hai2="95,129,116,66,119,47,40,59,13,98,16,110,69" hai3="104,62,118,134,52,37,18,107,121,48,89,57,53"/><U131/><E131/><V34/><F110/><W71/><G121/><T14/><D112/><U10/><E103/><V45/><F34/><W20/><G37/><T51/><D109/><U56/><E30/><V82/><F69/><W75/><G75/><T3/><D33/><U43/><E31/><V84/><F129/><W58/><G134/><N who="0" m="51819" /><D120/><U87/><E74/><V22/><F59/><W25/><G118/><N who="2" m="45097" /><F66/><W73/><G73/><T114/><D114/><U86/><E86/><V36/><F40/><W100/><G100/><T101/><D51/><U130/><E130/><V91/><F36/><W39/><G39/><T122/><D49/><U106/><E106/><V60/><F60/><W128/><G128/><T54/><D54/><U15/><E9/><V19/><F19/><W17/><G71/><T72/><D72/><U46/><REACH who="1" step="1"/><E43/><REACH who="1" ten="284,143,291,272" step="2"/><V78/><AGARI ba="0,1" hai="13,16,22,45,47,78,82,84,91,95,98" m="45097" machi="78" ten="30,4000,0" yaku="16,1,52,1,54,1" doraHai="77" who="2" fromWho="2" sc="284,-10,143,-20,291,50,272,-10" owari="274,7.0,123,-38.0,341,45.0,262,-14.0" />
</Scene>
</mjloggm>