<mjloggm ver="2.3"><GO type="169"/><UN n0="%E5%A4%AA%E3%81%8F%E3%81%AA%E3%81%84%E3%81%8A" n1="%E3%82%B9%E3%83%91%E3%83%BC%E3%82%AF%E3%82%B9" n2="%E3%81%91%E3%82%93%31%39%37%30" n3="%E3%81%92%E3%82%93%E3%81%9F%E3%82%8D" dan="17,17,16,16" rate="2146,2150,2139,2104" sx="M,F,M,M"/><TAIKYOKU oya="0"/>

<Scene>
<INIT seed="0,0,0,2,2,90" ten="250,250,250,250" oya="0" hai0="135,29,31,118,134,7,88,130,26,66,115,47,132" hai1="34,116,33,128,51,83,99,60,75,62,126,96,114" hai2="1,52,105,110,32,18,40,129,3,80,122,12,104" hai3="25,71,46,58,93,107,78,17,65,13,57,21,92"/><T102/><D118/><U50/><E116/><V36/><F32/><W14/><G107/><T123/><D123/><U35/><E83/><V6/><F122/><W67/><G78/><T8/><D115/><U2/><E2/><V55/><F40/><W112/><G112/><T27/><D102/><U117/><E114/><V56/><F36/><W10/><G71/><T98/><D66/><N who="3" m="25097" /><G46/><T19/><D47/><U69/><E117/><V54/><F56/><N who="3" m="21611" /><G14/><N who="0" m="5407" /><D130/><U108/><E69/><V81/><F129/><W124/><G124/><T84/><D98/><N who="1" m="37419" /><E128/><V20/><F6/><AGARI ba="0,0" hai="6,10,13,17,21,25,92,93" m="21611,25097" machi="6" ten="30,3900,0" yaku="8,1,52,2" doraHai="90" who="3" fromWho="2" sc="250,0,250,0,250,-39,250,39" />
</Scene>
<Scene>
<INIT seed="1,0,0,5,0,80" ten="250,250,211,289" oya="1" hai0="123,6,103,27,44,10,56,88,15,37,4,40,130" hai1="62,39,106,22,74,94,50,32,92,93,53,45,114" hai2="97,118,96,82,116,125,122,79,52,49,81,2,100" hai3="131,48,28,70,26,42,57,43,47,20,30,134,90"/><U16/><E32/><V101/><F2/><W19/><G70/><T17/><D130/><U3/><E114/><V107/><F122/><W25/><G134/><T119/><D123/><U126/><E106/><V0/><F0/><W112/><G112/><T24/><D119/><U8/><E74/><V65/><F65/><W33/><G131/><T117/><D117/><U64/><E126/><V120/><F125/><W66/><G42/><T69/><D69/><U29/><E39/><V113/><F120/><W46/><G46/><T95/><D103/><U128/><E128/><V76/><F113/><W14/><G90/><T38/><D38/><U110/><E110/><V102/><F49/><W7/><G7/><T31/><D56/><N who="1" m="36935" /><E3/><V55/><REACH who="2" step="1"/><F102/><REACH who="2" ten="250,250,201,289" step="2"/><W98/><G66/><T91/><D91/><U18/><E8/><V51/><F51/><W35/><G57/><T11/><D11/><U1/><E1/><V23/><F23/><W84/><G98/><T129/><D129/><U115/><E115/><V60/><F60/><W87/><AGARI ba="0,1" hai="14,19,20,25,26,28,30,33,35,43,47,48,84,87" machi="87" ten="30,7900,0" yaku="0,1,9,1,52,2" doraHai="80" who="3" fromWho="3" sc="250,-20,250,-39,201,-20,289,89" />
</Scene>
<Scene>
<INIT seed="2,0,0,5,3,56" ten="230,211,181,378" oya="2" hai0="1,103,98,105,39,122,82,27,48,88,6,22,37" hai1="21,58,115,9,106,112,79,52,120,114,110,77,4" hai2="128,63,3,64,65,131,49,91,13,53,60,46,97" hai3="2,130,102,135,72,61,8,59,47,36,54,14,57"/><V75/><F3/><W84/><G72/><T121/><D48/><U25/><E106/><V86/><F75/><W124/><G2/><T74/><D6/><U90/><E90/><V30/><F97/><W10/><G130/><N who="2" m="49705" /><F30/><W38/><G135/><T67/><D1/><U51/><E110/><V109/><F13/><W89/><G124/><T7/><D7/><U94/><E120/><V26/><F26/><W95/><G102/><T12/><D12/><U129/><E129/><V111/><F91/><W32/><G32/><T5/><D5/><U83/><E94/><V44/><F44/><W41/><G36/><T17/><D39/><U107/><E107/><V93/><F93/><W125/><G125/><T62/><D37/><U92/><E92/><V104/><F86/><W0/><G0/><T69/><REACH who="0" step="1"/><D74/><REACH who="0" ten="220,211,181,378" step="2"/><U50/><E112/><V127/><F127/><W96/><G14/><T132/><D132/><U117/><E115/><V34/><F34/><W40/><G38/><T68/><D68/><U31/><E114/><V66/><F104/><W19/><G8/><T18/><D18/><U119/><E9/><V23/><F23/><W11/><G10/><T15/><D15/><U73/><E4/><V118/><F118/><W70/><G11/><T81/><D81/><U123/><E123/><V55/><F55/><W24/><G19/><T76/><D76/><U101/><E77/><V126/><F126/><W35/><G35/><T134/><D134/><U45/><E101/><V33/><F33/><W113/><G113/><T29/><D29/><U20/><E20/><V71/><F71/><RYUUKYOKU ba="0,1" sc="220,10,211,10,181,10,378,-30" hai0="17,22,27,62,67,69,82,88,98,103,105,121,122" hai1="21,25,31,45,50,51,52,58,73,79,83,117,119" hai2="46,49,53,60,63,64,65,66,109,111" />
</Scene>
<Scene>
<INIT seed="2,1,1,4,5,74" ten="230,221,191,348" oya="2" hai0="42,58,54,112,134,16,53,4,103,2,120,127,34" hai1="84,14,21,36,9,27,13,10,35,121,99,78,56" hai2="117,73,28,40,88,15,37,50,0,59,43,85,98" hai3="119,125,104,44,46,29,113,19,129,57,123,45,17"/><V132/><F0/><W33/><G104/><T94/><D120/><U52/><E36/><V91/><F73/><W92/><G123/><T31/><D112/><U101/><E35/><V124/><F117/><W48/><G125/><T47/><D31/><U55/><E121/><V72/><F72/><W69/><G119/><T11/><D34/><U114/><E114/><V89/><F37/><W95/><G69/><T128/><D127/><U106/><E14/><V86/><F124/><W118/><G118/><T122/><D122/><U71/><E71/><V25/><F132/><W135/><G113/><T83/><D134/><U65/><E65/><V75/><F75/><W39/><G135/><T79/><D128/><U20/><E20/><N who="2" m="15399" /><F15/><W115/><G115/><T110/><D110/><U70/><E70/><V105/><F105/><W133/><G39/><T66/><D66/><U24/><E24/><V18/><F18/><W61/><G133/><T60/><D16/><N who="3" m="6217" /><G33/><T76/><D54/><U97/><E13/><V12/><F12/><W82/><G29/><T77/><D83/><N who="1" m="47223" /><E106/><V87/><F98/><N who="1" m="37385" /><E101/><V5/><F5/><W108/><G108/><T3/><D3/><U23/><E55/><AGARI ba="1,1" hai="40,43,50,55,59,85,86,87,88,89,91" m="15399" machi="55" ten="30,2900,0" yaku="8,1,54,1" doraHai="74" who="2" fromWho="1" sc="230,0,221,-32,191,42,348,0" />
</Scene>
<Scene>
<INIT seed="2,2,0,3,0,68" ten="230,189,233,348" oya="2" hai0="90,59,18,49,89,135,16,5,56,132,79,23,12" hai1="106,52,76,48,128,70,57,60,41,78,32,10,66" hai2="72,95,77,69,99,31,25,3,116,123,55,24,8" hai3="134,29,96,2,80,75,130,36,61,51,1,62,85"/><V50/><F69/><W65/><G75/><T112/><D112/><U100/><E32/><V117/><F123/><W131/><G29/><T113/><D113/><U14/><E128/><N who="3" m="49194" /><G134/><N who="0" m="51243" /><D79/><U114/><E114/><V81/><F25/><W39/><G51/><T83/><D5/><U120/><E120/><V40/><F40/><W0/><G96/><T84/><D49/><U98/><REACH who="1" step="1"/><E41/><REACH who="1" ten="230,179,233,348" step="2"/><V71/><F117/><W87/><G61/><T88/><D18/><AGARI ba="2,1" hai="10,14,18,48,52,57,60,66,70,76,78,98,100,106" machi="18" ten="30,7700,0" yaku="1,1,2,1,7,1,54,1,53,0" doraHai="68" doraHaiUra="124" who="1" fromWho="0" sc="230,-83,179,93,233,0,348,0" />
</Scene>
<Scene>
<INIT seed="3,0,0,2,5,115" ten="147,272,233,348" oya="3" hai0="75,118,8,7,12,83,50,78,107,93,30,123,26" hai1="20,55,38,27,69,14,32,124,70,60,109,28,74" hai2="102,85,116,29,133,5,18,135,65,61,67,127,117" hai3="45,111,121,63,108,125,96,82,103,10,95,80,0"/><W37/><G121/><T47/><D107/><U114/><E38/><V57/><F5/><W53/><G125/><T100/><D123/><U21/><E114/><V101/><F127/><W132/><G132/><N who="2" m="50761" /><F29/><W44/><G37/><T34/><D100/><N who="2" m="38506" /><F85/><W122/><G122/><T56/><D93/><U131/><E28/><V62/><F18/><W54/><G0/><T91/><D56/><AGARI ba="0,0" hai="56,57,61,62,65,67,116,117" m="38506,50761" machi="56" ten="30,3900,0" yaku="20,1,52,2" doraHai="115" who="2" fromWho="0" sc="147,-39,272,0,233,39,348,0" />
</Scene>
<Scene>
<INIT seed="4,0,0,0,4,103" ten="108,272,272,348" oya="0" hai0="118,94,132,95,42,46,120,89,76,82,52,49,75" hai1="16,19,84,22,14,26,47,130,92,124,44,79,6" hai2="63,86,112,119,98,71,66,36,135,61,100,21,93" hai3="90,31,74,18,28,9,62,27,7,64,48,126,128"/><T80/><D120/><U4/><E130/><V106/><F36/><W13/><G74/><T88/><D118/><U25/><E124/><V5/><F119/><W72/><G72/><T102/><D132/><U117/><E117/><V69/><F135/><W3/><G126/><T99/><D82/><N who="1" m="47199" /><E92/><V127/><F127/><W91/><G128/><T134/><D134/><U65/><E65/><V133/><F133/><W123/><G123/><T8/><D8/><N who="1" m="6215" /><E26/><V125/><F125/><W23/><G48/><T15/><D15/><U11/><E11/><V33/><F5/><AGARI ba="0,0" hai="4,5,6,19,22,25,44,47" m="6215,47199" machi="5" ten="30,2000,0" yaku="8,1,54,1" doraHai="103" who="1" fromWho="2" sc="108,0,272,20,272,-20,348,0" />
</Scene>
<Scene>
<INIT seed="5,0,0,2,4,0" ten="108,292,252,348" oya="1" hai0="22,17,73,54,123,30,25,47,122,70,60,53,84" hai1="46,87,124,134,51,118,36,121,90,130,85,50,119" hai2="16,23,99,76,2,59,108,29,6,61,112,86,7" hai3="11,65,13,45,104,26,56,102,37,8,109,74,40"/><U128/><E121/><N who="0" m="46089" /><D73/><U41/><E124/><V113/><F108/><W34/><G74/><T94/><D47/><U57/><E85/><V111/><F111/><W5/><G109/><T63/><D30/><U116/><E134/><V19/><F99/><W4/><G104/><T89/><D63/><U33/><E33/><V24/><F76/><W31/><G102/><T107/><D107/><U100/><E100/><V66/><F86/><W21/><G65/><AGARI ba="0,0" hai="17,22,25,53,54,60,65,70,84,89,94" m="46089" machi="65" ten="30,1000,0" yaku="13,1" doraHai="0" who="0" fromWho="3" sc="108,10,292,0,252,0,348,-10" />
</Scene>
<Scene>
<INIT seed="6,0,0,2,1,53" ten="118,292,252,338" oya="2" hai0="12,116,102,125,19,11,83,42,92,131,129,63,10" hai1="82,127,115,49,47,135,119,1,99,46,80,41,61" hai2="32,87,66,123,133,65,118,67,23,28,26,35,48" hai3="134,107,6,45,101,7,69,113,71,124,5,33,104"/><V0/><F123/><W56/><G33/><T120/><D120/><U44/><E119/><V20/><F118/><W27/><G113/><T52/><D116/><U90/><E1/><V93/><F0/><W2/><G2/><T68/><D42/><U39/><E115/><V8/><F133/><W78/><G78/><T70/><D125/><U4/><E4/><V89/><F8/><W40/><G124/><T100/><D83/><U76/><E127/><V106/><F106/><W43/><G134/><T85/><D11/><U88/><E135/><V36/><F36/><W74/><G74/><T59/><D85/><N who="1" m="48263" /><E39/><V15/><REACH who="2" step="1"/><F48/><REACH who="2" ten="118,292,242,338" step="2"/><W84/><G107/><T60/><D60/><U75/><E61/><V86/><F86/><W72/><G104/><T91/><D70/><U110/><E75/><V37/><F37/><W103/><G72/><T109/><D68/><U54/><E110/><V105/><F105/><W21/><G84/><N who="0" m="52327" /><D109/><U30/><E49/><V126/><F126/><W96/><G71/><T130/><AGARI ba="0,1" hai="10,12,19,52,59,63,100,102,129,130,131" m="52327" machi="130" ten="30,4000,0" yaku="19,1,52,1,54,1" doraHai="53" who="0" fromWho="0" sc="118,50,292,-10,242,-20,338,-10" />
</Scene>
<Scene>
<INIT seed="7,0,0,1,1,97" ten="168,282,222,328" oya="3" hai0="12,38,123,23,121,58,73,26,9,63,29,118,135" hai1="46,62,119,95,112,86,120,133,24,25,44,65,116" hai2="79,125,61,103,30,89,37,11,87,117,55,57,98" hai3="83,96,1,6,3,69,101,60,82,4,47,92,85"/><W59/><G69/><T56/><D135/><U52/><E120/><V68/><F117/><W40/><G3/><T80/><D118/><N who="1" m="45099" /><E112/><V7/><F37/><W27/><G1/><T71/><D38/><U8/><E133/><V0/><F125/><W100/><G100/><T108/><D108/><U15/><E86/><V41/><F41/><W31/><G47/><N who="1" m="17962" /><E95/><V91/><F30/><W53/><G40/><T18/><D71/><N who="1" m="42423" /><E52/><V5/><F68/><W104/><G104/><T130/><D130/><U109/><E109/><V42/><F42/><W99/><G99/><T34/><D58/><U77/><E77/><V54/><F7/><AGARI ba="0,0" hai="7,8,15,24,25" m="42423,17962,45099" machi="7" ten="30,1000,0" yaku="12,1" doraHai="97" who="1" fromWho="2" sc="168,0,282,10,222,-10,328,0" owari="168,-33.0,292,9.0,212,-19.0,328,43.0" />
</Scene>
</mjloggm>