<mjloggm ver="2.3"><GO type="233"/><UN n0="%4E%49%53%48%49" n1="%E5%A4%AA%E3%81%8F%E3%81%AA%E3%81%84%E3%81%8A" n2="%2D%61%76%61%74%61%72%2D" n3="%E3%81%A1%E3%81%8F%E3%81%8D" dan="16,18,17,18" rate="2037,2156,2129,2150" sx="M,M,M,M"/><TAIKYOKU oya="0"/>

<Scene>
<INIT seed="0,0,0,1,2,45" ten="250,250,250,250" oya="0" hai0="82,17,44,84,76,73,57,55,28,100,66,60,90" hai1="128,77,4,21,123,103,42,15,120,93,81,70,105" hai2="54,114,117,116,23,80,39,108,111,24,124,118,13" hai3="35,86,12,25,36,27,52,104,75,38,89,3,49"/><T14/><D28/><U113/><E70/><V6/><F39/><W72/><G3/><T95/><D100/><U101/><E105/><V47/><F80/><W26/><G35/><T61/><D44/><U11/><E128/><V91/><F91/><W87/><G104/><T65/><D61/><U131/><E131/><V59/><F47/><W8/><G75/><T22/><AGARI ba="0,0" hai="14,17,22,55,57,60,65,66,73,76,82,84,90,95" machi="22" ten="20,2100,0" yaku="0,1,7,1" doraHai="45" who="0" fromWho="0" sc="250,21,250,-7,250,-7,250,-7" />
</Scene>
<Scene>
<INIT seed="0,1,0,0,3,71" ten="271,243,243,243" oya="0" hai0="129,72,102,118,11,55,92,22,79,80,66,74,75" hai1="125,58,18,69,93,37,54,3,105,120,52,121,44" hai2="132,47,14,126,103,17,9,135,0,99,1,62,64" hai3="91,119,65,59,87,4,30,40,53,83,51,114,94"/><T56/><D118/><U41/><E105/><V134/><F47/><W85/><G119/><T13/><D129/><U60/><E3/><V113/><F113/><W104/><G114/><T107/><D66/><N who="1" m="41159" /><E18/><V89/><F89/><W124/><G104/><T12/><D107/><U73/><E93/><N who="2" m="58863" /><F126/><W123/><G124/><T81/><D81/><U100/><E100/><V115/><F115/><W98/><G123/><N who="1" m="47178" /><E73/><V76/><F76/><W48/><G65/><T90/><D102/><U21/><E21/><V29/><F29/><W20/><G4/><T101/><D101/><U116/><E125/><V35/><F35/><W133/><G133/><T106/><D22/><U84/><E84/><V49/><F49/><N who="3" m="31151" /><G40/><T42/><D106/><U50/><E54/><V23/><F23/><W122/><G122/><T25/><D75/><U96/><E96/><V68/><AGARI ba="1,0" hai="0,1,9,14,17,62,64,68,132,134,135" m="58863" machi="68" ten="30,1100,0" yaku="20,1" doraHai="71" who="2" fromWho="2" sc="271,-6,243,-4,243,14,243,-4" />
</Scene>
<Scene>
<INIT seed="1,0,0,1,5,91" ten="265,239,257,239" oya="1" hai0="41,124,46,87,38,77,110,92,18,95,107,89,122" hai1="68,10,109,1,47,54,120,39,96,29,97,65,75" hai2="16,28,83,32,113,6,78,73,105,63,20,21,34" hai3="80,36,94,14,4,104,37,81,49,61,55,11,48"/><U129/><E120/><V86/><F105/><W132/><G104/><T69/><D107/><U33/><E75/><V23/><F113/><W62/><G132/><T7/><D69/><U56/><E33/><V88/><F6/><W79/><G37/><T130/><D122/><U27/><E129/><V127/><F127/><W42/><G36/><T25/><D130/><U17/><E109/><V119/><F119/><W121/><G121/><T70/><D110/><U31/><E68/><V118/><F118/><W58/><G80/><T19/><D70/><U102/><E65/><V59/><F28/><W100/><G48/><T116/><D7/><U98/><E1/><V82/><REACH who="2" step="1"/><F16/><REACH who="2" ten="265,239,247,239" step="2"/><W93/><G4/><T3/><D18/><U64/><E29/><V123/><F123/><W131/><G131/><T51/><D124/><U12/><E31/><V114/><F114/><W24/><G24/><T66/><D25/><U52/><E27/><V45/><F45/><W5/><G5/><T108/><D19/><U85/><E47/><V106/><F106/><W99/><G11/><T72/><D116/><U0/><E10/><V43/><F43/><W126/><G126/><T53/><D41/><U76/><E17/><V125/><F125/><W74/><G14/><T15/><D15/><U112/><E112/><V35/><F35/><W71/><G42/><T22/><D46/><U57/><E12/><V84/><F84/><W50/><G74/><T44/><D72/><U9/><E9/><V30/><F30/><W117/><G117/><T40/><D40/><U103/><E85/><V135/><F135/><RYUUKYOKU ba="0,1" sc="265,-10,239,-10,247,30,239,-10" hai2="20,21,23,32,34,59,63,73,78,82,83,86,88" />
</Scene>
<Scene>
<INIT seed="2,1,1,4,4,127" ten="255,229,277,229" oya="2" hai0="56,23,15,101,89,48,120,106,121,38,114,113,100" hai1="67,42,94,98,84,130,88,0,96,133,32,81,18" hai2="70,17,62,47,75,99,28,9,126,107,53,30,35" hai3="82,2,39,110,21,134,72,76,55,34,13,74,45"/><V92/><F75/><W12/><G34/><T132/><D38/><U123/><E32/><V29/><F107/><W14/><G2/><T118/><D48/><U8/><E133/><V91/><F126/><W93/><G134/><T103/><D56/><U102/><E123/><N who="0" m="47177" /><D23/><U97/><E42/><V109/><F35/><W125/><G125/><T66/><D15/><U40/><E40/><V95/><F70/><W119/><G74/><T44/><D44/><U73/><E67/><V54/><F62/><W108/><G119/><T128/><D66/><U68/><E68/><V4/><F17/><W3/><G3/><T6/><D6/><U77/><E130/><V79/><F47/><W135/><G135/><T41/><D41/><U36/><E36/><V122/><F122/><W86/><G21/><T26/><D132/><U24/><E24/><V10/><F79/><W25/><G25/><T124/><D26/><U50/><E50/><V129/><F129/><W117/><G117/><T104/><D128/><U11/><E11/><V90/><F109/><W59/><G45/><T37/><D37/><U52/><E52/><N who="2" m="20075" /><F4/><W63/><G39/><T22/><D118/><U105/><E0/><V60/><F60/><W80/><G110/><T31/><D124/><U57/><E57/><V5/><F5/><W20/><G108/><T87/><D114/><U16/><E18/><V7/><F7/><W83/><G20/><T71/><D113/><U61/><E61/><V1/><F1/><W64/><G55/><T49/><D71/><U115/><E115/><V51/><F51/><W111/><G111/><RYUUKYOKU ba="1,1" sc="255,-30,229,10,277,10,229,10" hai1="8,16,73,77,81,84,88,94,96,97,98,102,105" hai2="9,10,28,29,30,90,91,92,95,99" hai3="12,13,14,59,63,64,72,76,80,82,83,86,93" />
</Scene>
<Scene>
<INIT seed="2,2,1,0,5,29" ten="225,239,287,239" oya="2" hai0="69,115,53,4,45,42,109,56,54,76,101,8,3" hai1="40,13,23,1,31,30,135,21,125,121,126,130,50" hai2="18,28,127,25,65,120,11,88,81,39,72,111,46" hai3="96,22,59,73,134,83,64,48,36,62,124,82,117"/><V129/><F120/><W98/><G117/><T34/><D69/><U24/><E40/><V9/><F65/><W118/><G118/><T0/><D115/><U66/><E50/><V41/><F127/><N who="1" m="48649" /><E66/><V12/><F129/><W116/><G36/><T97/><D0/><U132/><E1/><V93/><F111/><W85/><G116/><T33/><D76/><U55/><E55/><V87/><F72/><W26/><G124/><T94/><D109/><U60/><E60/><V38/><F9/><W63/><G134/><N who="1" m="51242" /><E121/><V92/><F39/><W131/><G131/><T79/><D79/><U78/><E78/><V44/><REACH who="2" step="1"/><F46/><REACH who="2" ten="225,239,277,239" step="2"/><W90/><G73/><T110/><D110/><U7/><E130/><V105/><F105/><W102/><G64/><T104/><D104/><U133/><E133/><V114/><F114/><W89/><G59/><T74/><D74/><U19/><E7/><V71/><F71/><W20/><G63/><T75/><D75/><U86/><E86/><V52/><F52/><W108/><G62/><T2/><D54/><U95/><E95/><V27/><F27/><W16/><G85/><T37/><D2/><U107/><E107/><V106/><F106/><W122/><G108/><T61/><AGARI ba="2,2" hai="3,4,8,33,34,37,42,45,53,56,61,94,97,101" machi="61" ten="20,5200,0" yaku="0,1,7,1,52,2" doraHai="29" who="0" fromWho="0" sc="225,78,239,-15,277,-28,239,-15" />
</Scene>
<Scene>
<INIT seed="3,0,0,5,5,83" ten="303,224,249,224" oya="3" hai0="21,51,112,38,4,71,82,76,50,86,28,102,41" hai1="0,108,104,74,35,75,5,12,49,19,7,126,26" hai2="46,94,90,97,84,3,36,114,13,131,70,1,64" hai3="54,98,68,110,48,67,59,72,107,118,129,37,45"/><W78/><G118/><T56/><D71/><U23/><E104/><V43/><F114/><W127/><G129/><T79/><D102/><U92/><E108/><V18/><F131/><W93/><G127/><T100/><D100/><U16/><E126/><V85/><F64/><W2/><G107/><T96/><D96/><U17/><E49/><V81/><F70/><W52/><G2/><T20/><D38/><U101/><E74/><V27/><F27/><W31/><G110/><T40/><D4/><N who="1" m="1611" /><E75/><V66/><F66/><W106/><G106/><T113/><D28/><N who="1" m="19863" /><E92/><V119/><F119/><W10/><G10/><T34/><D82/><U77/><E77/><V61/><F61/><N who="3" m="40047" /><G31/><T11/><D79/><U65/><E101/><V60/><F60/><W122/><G122/><T8/><D76/><U6/><E65/><V42/><F43/><N who="3" m="22767" /><G54/><T109/><D109/><U55/><E55/><V15/><F81/><N who="3" m="45255" /><G93/><T25/><D113/><U32/><E32/><V99/><F94/><W80/><G80/><T73/><D34/><U121/><E121/><V133/><F90/><W47/><G47/><T123/><D112/><U39/><E39/><V95/><F95/><W91/><G91/><T111/><D123/><U9/><AGARI ba="0,0" hai="0,6,9,12,16,17,19,23" m="19863,1611" machi="9" ten="30,12000,2" yaku="24,1,35,5,54,1" doraHai="83" who="1" fromWho="1" sc="303,-30,224,120,249,-30,224,-60" />
</Scene>
<Scene>
<INIT seed="4,0,0,0,5,122" ten="273,344,219,164" oya="0" hai0="132,105,23,124,125,77,58,121,73,41,51,131,11" hai1="71,34,65,116,89,100,32,9,38,6,85,101,94" hai2="0,69,18,93,87,119,67,16,90,30,102,8,115" hai3="55,114,57,84,107,5,66,130,3,80,123,83,20"/><T98/><D121/><U112/><E38/><V128/><F69/><W91/><G123/><T28/><D132/><U74/><E74/><V63/><F119/><W15/><G107/><T35/><D131/><U95/><E116/><V44/><F128/><W86/><G130/><T62/><D35/><U33/><E112/><V40/><F115/><W103/><G114/><T72/><D77/><U111/><E111/><V81/><F30/><W56/><G103/><N who="0" m="62711" /><D11/><U39/><E39/><V36/><F0/><W14/><G66/><T129/><D129/><U2/><E94/><V1/><F102/><W113/><G113/><T134/><D134/><U108/><E108/><V42/><F40/><W97/><G97/><T31/><D51/><U106/><E106/><V117/><F117/><W26/><G3/><T104/><D41/><U10/><E10/><V13/><F1/><W127/><G5/><T49/><D49/><U4/><E4/><V21/><F63/><W110/><G110/><T12/><D104/><U133/><E133/><V24/><F67/><W82/><G82/><T37/><D37/><U43/><E43/><V48/><F36/><W92/><G80/><AGARI ba="0,0" hai="8,13,16,18,21,24,42,44,48,80,81,87,90,93" machi="80" ten="40,2600,0" yaku="8,1,54,1" doraHai="122" who="2" fromWho="3" sc="273,0,344,0,219,26,164,-26" />
</Scene>
<Scene>
<INIT seed="5,0,0,2,0,88" ten="273,344,245,138" oya="1" hai0="19,31,102,13,33,116,95,111,75,29,41,90,35" hai1="3,134,52,22,61,0,86,21,120,25,96,59,11" hai2="50,16,99,124,34,42,115,8,2,36,80,125,103" hai3="60,24,81,70,58,114,98,47,67,44,94,105,17"/><U55/><E120/><V130/><F34/><W132/><G114/><T63/><D75/><U49/><E134/><V62/><F36/><W18/><G132/><T106/><D106/><U109/><E109/><V23/><F8/><W72/><G105/><T7/><D102/><U133/><E133/><V131/><F2/><W119/><G119/><T118/><D7/><U20/><E86/><V10/><F10/><W89/><G70/><T107/><D107/><U127/><E127/><N who="2" m="48715" /><F80/><W117/><G117/><T6/><D6/><U84/><E11/><V9/><F9/><W45/><REACH who="3" step="1"/><G24/><REACH who="3" ten="273,344,245,128" step="2"/><T121/><D118/><U82/><E25/><V40/><F115/><W56/><G56/><T104/><D104/><U101/><E0/><V78/><F130/><W12/><G12/><T5/><D13/><U128/><E3/><V85/><F131/><W65/><G65/><T79/><D116/><U76/><E128/><V64/><F64/><W77/><AGARI ba="0,1" hai="17,18,44,45,47,58,60,67,72,77,81,89,94,98" machi="77" ten="30,4000,0" yaku="1,1,0,1,52,1,53,0" doraHai="88" doraHaiUra="4" who="3" fromWho="3" sc="273,-10,344,-20,245,-10,128,50" />
</Scene>
<Scene>
<INIT seed="6,0,0,3,5,95" ten="263,324,235,178" oya="2" hai0="1,79,31,126,11,58,28,54,32,100,34,118,111" hai1="6,75,93,21,98,80,35,14,99,17,121,120,3" hai2="50,43,18,105,27,59,36,117,113,4,51,108,112" hai3="123,0,64,94,67,15,122,89,10,76,61,78,62"/><V7/><F105/><W16/><G0/><T128/><D111/><U84/><E35/><N who="0" m="13353" /><D58/><U115/><E75/><V69/><F69/><W82/><G123/><N who="1" m="47178" /><E115/><V97/><F117/><W37/><G37/><T46/><D54/><U24/><E3/><V96/><F36/><W102/><G122/><T22/><D46/><U60/><E93/><V114/><F108/><W65/><G102/><T57/><D100/><U52/><E14/><V107/><F107/><W39/><G39/><T38/><D57/><N who="1" m="34855" /><E6/><N who="2" m="2091" /><F59/><W81/><G82/><T74/><D79/><AGARI ba="0,0" hai="17,21,24,79,80,84,98,99" m="34855,47178" machi="79" ten="30,7700,0" yaku="13,1,52,2,54,1" doraHai="95" who="1" fromWho="0" sc="263,-77,324,77,235,0,178,0" />
</Scene>
<Scene>
<INIT seed="7,0,0,0,2,40" ten="186,401,235,178" oya="3" hai0="91,15,67,127,8,86,111,13,27,82,95,88,10" hai1="129,21,83,99,109,53,112,110,106,43,0,11,4" hai2="126,85,17,68,108,73,75,124,60,25,80,45,87" hai3="79,28,31,70,5,117,23,29,48,7,56,133,84"/><W33/><G70/><T18/><D111/><U32/><E32/><V102/><F102/><W49/><G33/><T116/><D116/><U103/><E112/><V89/><F108/><W135/><G117/><T62/><D27/><U100/><E129/><V76/><F68/><W92/><G23/><T132/><D127/><N who="2" m="48682" /><F60/><W115/><G115/><T30/><D30/><U3/><E3/><V14/><F25/><W12/><G12/><T72/><D72/><U52/><E21/><N who="2" m="11447" /><F45/><W107/><G107/><T51/><D132/><N who="3" m="50761" /><G56/><N who="0" m="37319" /><D51/><N who="3" m="19529" /><G79/><N who="0" m="46431" /><D95/><AGARI ba="0,0" hai="73,75,76,80,85,87,89,95" m="11447,48682" machi="95" ten="30,1000,0" yaku="18,1" doraHai="40" who="2" fromWho="0" sc="186,-10,401,0,235,10,178,0" owari="176,-32.0,401,49.0,245,5.0,178,-22.0" />
</Scene>
</mjloggm>