<mjloggm ver="2.3"><GO type="97"/><UN n0="%E5%A4%AA%E3%81%8F%E3%81%AA%E3%81%84%E3%81%8A" n1="%E3%82%A4%E3%82%BA%E3%83%9F%E3%83%B3" n2="%E6%B8%85%E9%A2%A8%E3%80%82" n3="%53%69%6F" dan="14,15,14,13" rate="2009,1988,1937,1851" sx="M,M,M,M"/><TAIKYOKU oya="0"/>

<Scene>
<INIT seed="0,0,0,2,4,51" ten="250,250,250,250" oya="0" hai0="41,114,129,37,33,92,38,91,109,104,26,81,116" hai1="5,65,100,88,8,119,17,105,6,78,2,66,68" hai2="118,42,25,117,130,47,103,7,125,106,74,102,77" hai3="39,12,75,59,29,67,86,1,107,132,55,101,131"/><T135/><D116/><U127/><E119/><V124/><F7/><W98/><G1/><T93/><D114/><U44/><E6/><V76/><F25/><W53/><G75/><T56/><D104/><U99/><E127/><V121/><F42/><W120/><G39/><T35/><D41/><U11/><E78/><V52/><F52/><W134/><G120/><T123/><D123/><U96/><E68/><V0/><F47/><W21/><G131/><T30/><D129/><U19/><E19/><V79/><F0/><W50/><G67/><T83/><D135/><N who="3" m="51753" /><G86/><T48/><D35/><U24/><E44/><V61/><F61/><N who="3" m="36079" /><G12/><T22/><D37/><U69/><E69/><V84/><F77/><W40/><G40/><T126/><D38/><U36/><E36/><V18/><F18/><W72/><G21/><T45/><D33/><U111/><E11/><V34/><F34/><W16/><G72/><T87/><D126/><U57/><E65/><V31/><F31/><W90/><G16/><T43/><D109/><U108/><E66/><V80/><F121/><W27/><G27/><T112/><D112/><U62/><E17/><V133/><F133/><W15/><G15/><T4/><D4/><U94/><E24/><V128/><F74/><W58/><G29/><T89/><REACH who="0" step="1"/><D56/><REACH who="0" ten="240,250,250,250" step="2"/><U115/><E115/><V32/><F32/><W73/><G73/><T63/><D63/><U122/><E122/><V95/><F106/><W71/><G71/><T10/><D10/><U9/><E8/><V97/><F125/><W23/><G23/><T110/><D110/><N who="1" m="42027" /><E62/><V70/><F124/><RYUUKYOKU ba="0,1" sc="240,10,250,10,250,-30,250,10" hai0="22,26,30,43,45,48,81,83,87,89,91,92,93" hai1="2,5,9,57,88,94,96,99,100,105" hai3="50,55,58,90,98,101,107" />
</Scene>
<Scene>
<INIT seed="0,1,1,3,4,42" ten="250,260,220,260" oya="0" hai0="130,110,83,78,99,16,108,124,61,88,126,128,114" hai1="109,49,113,5,36,75,50,127,123,32,52,73,56" hai2="112,133,45,129,111,100,17,97,93,98,117,3,30" hai3="13,70,82,55,33,106,58,37,38,23,11,116,101"/><T8/><D114/><U134/><E5/><V115/><F3/><W120/><G33/><T35/><D35/><U22/><E22/><V91/><F117/><W41/><G70/><T51/><D61/><U7/><E7/><V77/><F111/><N who="0" m="42538" /><D51/><U29/><E29/><V24/><F129/><N who="0" m="49770" /><D8/><U119/><E32/><V103/><F133/><W107/><G116/><T63/><D63/><U92/><E119/><V68/><F77/><W25/><G37/><T46/><D16/><U66/><E36/><V122/><F122/><W60/><G13/><T67/><D67/><U118/><E118/><V34/><F68/><W94/><G11/><T65/><D65/><U89/><E123/><V121/><F121/><W0/><G120/><T28/><D28/><U90/><E113/><V20/><F91/><W71/><G23/><T74/><D46/><U6/><E66/><V15/><REACH who="2" step="1"/><F45/><REACH who="2" ten="250,260,210,260" step="2"/><W96/><G71/><T40/><D40/><U12/><E109/><V26/><F26/><W18/><G25/><T80/><D80/><U79/><E56/><V85/><F85/><W86/><G82/><T27/><D27/><U135/><E135/><V39/><F39/><W87/><G86/><T54/><D54/><U21/><E52/><V44/><F44/><W62/><G87/><T64/><D64/><U1/><E134/><V84/><F84/><W95/><G0/><T105/><D88/><U2/><E90/><V47/><F47/><W43/><G38/><T14/><D14/><U104/><E89/><V102/><F102/><AGARI ba="1,2" hai="74,78,83,99,102,105,124,126" m="49770,42538" machi="102" ten="40,18000,2" yaku="14,1,10,1,19,1,23,1,34,2" doraHai="42" who="0" fromWho="2" sc="250,203,260,0,210,-183,260,0" />
</Scene>
<Scene>
<INIT seed="0,2,0,2,1,62" ten="453,260,27,260" oya="0" hai0="22,131,11,80,112,124,25,66,77,93,84,76,96" hai1="122,31,16,43,83,99,69,123,21,4,72,15,45" hai2="129,103,130,26,41,48,126,111,37,10,30,100,24" hai3="17,7,81,119,3,127,19,104,60,118,54,28,44"/><T109/><D112/><U88/><E69/><V120/><F37/><W116/><G104/><T107/><D107/><U12/><E72/><V58/><F111/><W97/><G28/><T50/><D124/><U34/><E34/><V134/><F120/><W98/><G127/><T40/><D131/><U67/><E31/><V57/><F134/><W105/><G81/><T35/><D35/><U33/><E33/><V101/><F126/><W110/><G7/><T75/><D75/><U79/><E79/><V9/><F41/><W2/><G3/><T18/><D109/><U53/><E53/><V39/><F48/><W14/><G2/><T82/><D11/><U74/><E74/><V52/><F39/><W20/><G110/><T86/><D66/><U115/><E67/><V92/><F92/><W108/><G105/><T5/><D5/><U85/><E99/><V114/><F114/><W132/><G98/><T95/><D96/><U94/><E94/><V128/><F52/><W106/><G97/><T51/><D51/><U68/><E68/><V71/><F71/><W59/><G106/><T47/><AGARI ba="2,0" hai="18,22,25,40,47,50,76,77,80,82,84,86,93,95" machi="47" ten="30,6000,0" yaku="0,1,9,1,8,1" doraHai="62" who="0" fromWho="0" sc="453,66,260,-22,27,-22,260,-22" />
</Scene>
<Scene>
<INIT seed="0,3,0,4,3,127" ten="519,238,5,238" oya="0" hai0="29,39,120,62,113,88,20,101,78,100,43,128,35" hai1="50,40,4,91,118,5,106,57,51,85,94,3,1" hai2="86,103,27,89,134,92,119,105,84,13,21,9,42" hai3="73,102,41,108,61,48,44,126,135,76,117,87,74"/><T90/><D120/><U116/><E106/><V132/><F119/><W10/><G117/><T60/><D113/><U24/><E118/><V31/><F42/><W32/><G126/><T56/><D35/><U75/><E75/><V8/><F105/><W63/><G135/><N who="2" m="51753" /><F103/><W69/><G32/><T2/><D2/><U109/><E116/><V67/><F67/><W38/><G102/><T58/><D78/><U112/><E112/><V15/><F84/><W46/><G87/><T12/><D43/><U47/><E109/><V52/><F52/><W45/><G108/><T123/><D39/><U34/><E1/><V96/><F96/><W11/><G76/><T49/><D49/><U59/><E3/><V19/><F13/><W107/><G107/><T64/><D123/><U18/><E34/><AGARI ba="3,0" hai="8,9,15,19,21,27,31,34,86,89,92" m="51753" machi="34" ten="30,1000,0" yaku="20,1" doraHai="127" who="2" fromWho="1" sc="519,0,238,-19,5,19,238,0" />
</Scene>
<Scene>
<INIT seed="1,0,0,5,4,75" ten="519,219,24,238" oya="1" hai0="102,71,62,122,130,15,50,55,38,23,5,134,25" hai1="112,86,107,41,83,131,76,20,46,60,98,34,97" hai2="1,45,42,127,53,56,90,31,135,114,29,28,117" hai3="17,82,6,61,33,59,95,81,12,54,100,63,11"/><U101/><E34/><V96/><F114/><W68/><G33/><T66/><D130/><U39/><E131/><V132/><F117/><W14/><G68/><T111/><D111/><U124/><E112/><V80/><F1/><W2/><G2/><T116/><D116/><U133/><E133/><V129/><F129/><W85/><G63/><T22/><D134/><N who="2" m="51242" /><F127/><W16/><G6/><T4/><D122/><U58/><E124/><V128/><F128/><W104/><G104/><T126/><D126/><U125/><E125/><V3/><F3/><W78/><G82/><T30/><D38/><U21/><REACH who="1" step="1"/><E97/><REACH who="1" ten="519,209,24,238" step="2"/><V52/><F96/><N who="3" m="59423" /><G11/><T65/><D23/><U32/><E32/><V91/><F80/><W43/><G43/><T120/><D22/><U73/><E73/><V92/><F92/><W69/><G69/><T108/><D71/><U109/><E109/><V0/><F0/><W67/><G67/><AGARI ba="0,1" hai="20,21,39,41,46,58,60,67,76,83,86,98,101,107" machi="67" ten="30,11600,0" yaku="1,1,7,1,52,1,53,1" doraHai="75" doraHaiUra="70" who="1" fromWho="3" sc="519,0,209,126,24,0,238,-116" />
</Scene>
<Scene>
<INIT seed="1,1,0,3,4,47" ten="519,335,24,122" oya="1" hai0="26,106,64,16,4,3,77,116,7,40,13,36,37" hai1="130,113,89,91,76,23,27,81,71,131,29,105,46" hai2="12,114,79,32,80,96,43,67,31,135,5,100,44" hai3="34,112,133,41,65,97,24,48,110,30,82,14,92"/><U70/><E105/><V51/><F114/><W123/><G112/><T53/><D116/><U134/><E113/><V125/><F125/><W99/><G123/><T132/><D106/><U9/><E134/><V94/><F135/><W127/><G133/><T104/><D104/><U107/><E107/><V126/><F126/><W78/><G127/><T87/><D132/><U129/><E9/><V62/><F32/><W98/><G110/><T103/><D103/><U15/><E15/><V60/><F31/><W19/><G65/><T118/><D118/><U119/><E119/><V33/><F33/><W54/><G41/><T88/><D64/><U101/><E101/><V0/><F0/><W45/><G82/><T21/><D77/><U8/><E8/><V38/><F38/><W95/><G78/><T57/><D3/><U1/><E46/><V6/><F12/><W109/><G109/><T75/><D75/><N who="1" m="43167" /><E1/><V83/><F83/><W72/><G72/><T61/><D40/><U120/><E120/><V124/><F124/><W73/><G73/><T49/><D37/><U56/><E56/><V55/><F43/><W74/><G74/><T85/><D36/><U50/><E50/><V52/><F55/><W115/><REACH who="3" step="1"/><G115/><REACH who="3" ten="519,335,24,112" step="2"/><T122/><D122/><U39/><E39/><V121/><F121/><W84/><G84/><T117/><D85/><U66/><E66/><V93/><F93/><W69/><G69/><AGARI ba="1,1" hai="23,27,29,69,70,71,89,91,129,130,131" m="43167" machi="69" ten="40,2000,0" yaku="19,1" doraHai="47" who="1" fromWho="3" sc="519,0,335,33,24,0,112,-23" />
</Scene>
<Scene>
<INIT seed="1,2,0,3,5,62" ten="519,368,24,89" oya="1" hai0="117,109,119,18,8,50,41,56,32,76,120,12,116" hai1="58,92,88,73,112,69,132,77,15,133,48,86,80" hai2="49,101,27,68,46,102,104,60,13,59,123,95,66" hai3="36,10,29,4,54,22,105,11,26,85,42,81,90"/><U100/><E69/><V129/><F129/><W63/><G105/><T17/><D32/><U70/><E70/><V115/><F115/><W113/><G11/><T128/><D128/><U0/><E0/><V98/><F123/><W74/><G113/><T65/><D120/><U55/><E112/><V30/><F13/><W135/><G74/><T37/><D109/><U64/><E15/><V21/><F68/><W23/><G135/><T82/><D37/><U110/><E110/><V130/><F130/><W24/><G42/><T122/><D122/><U99/><REACH who="1" step="1"/><E64/><REACH who="1" ten="519,358,24,89" step="2"/><V2/><F2/><W114/><G114/><T45/><D65/><U126/><E126/><V125/><F125/><W14/><G36/><T40/><D119/><U52/><E52/><V131/><F131/><W89/><G54/><N who="0" m="31831" /><D117/><U9/><E9/><V57/><F57/><W107/><G14/><T16/><D116/><U33/><E33/><V134/><F134/><W106/><G10/><T61/><D8/><U51/><E51/><V20/><F20/><W6/><G4/><T83/><D12/><U44/><E44/><V124/><F124/><W84/><G6/><T7/><D7/><U38/><E38/><V103/><REACH who="2" step="1"/><F104/><AGARI ba="2,1" hai="48,55,58,73,77,80,86,88,92,99,100,104,132,133" machi="104" ten="40,12000,1" yaku="1,1,24,2,54,1,53,0" doraHai="62" doraHaiUra="1" who="1" fromWho="2" sc="519,0,358,136,24,-126,89,0" owari="519,62.0,494,29.0,-102,-60.0,89,-31.0" />
</Scene>
</mjloggm>