<mjloggm ver="2.3"><GO type="169" lobby="0"/><UN n0="%E3%81%B5%E3%81%8B%E3%81%BF" n1="%E5%A4%AA%E3%81%8F%E3%81%AA%E3%81%84%E3%81%8A" n2="%4C%49%54%48%49%55%4D" n3="%E3%81%98%E3%82%83%E3%82%80%E2%99%AD" dan="16,18,16,16" rate="2055.37,2240.26,2094.93,2033.13" sx="F,F,F,M"/><TAIKYOKU oya="0"/>

<Scene>
<INIT seed="0,0,0,4,1,29" ten="250,250,250,250" oya="0" hai0="40,48,110,61,102,121,50,84,111,106,24,3,133" hai1="79,67,39,25,37,47,113,65,112,33,73,42,45" hai2="120,116,56,71,27,58,117,0,6,11,43,108,32" hai3="46,68,15,94,107,95,127,60,72,129,118,105,16"/><T85/><D121/><U69/><E79/><V115/><F71/><W57/><G118/><N who="2" m="45673" /><F120/><W87/><G72/><T75/><D75/><U123/><E73/><V109/><F43/><W20/><G129/><T62/><D3/><U76/><E76/><V30/><F115/><W93/><G127/><T128/><D128/><U26/><E42/><V52/><F58/><W125/><G68/><T2/><D2/><U83/><E69/><V35/><F35/><W78/><G46/><T9/><D40/><U99/><E99/><V82/><F82/><W89/><G78/><T55/><D133/><U23/><E83/><V81/><F81/><W74/><G74/><T1/><D106/><U86/><E86/><V98/><F98/><W135/><G135/><T14/><D84/><U101/><E123/><V34/><F34/><W10/><G125/><T132/><D85/><U17/><E33/><V104/><F104/><W122/><G122/><T38/><D132/><U59/><E59/><V4/><F4/><N who="3" m="3527" /><G105/><T53/><D38/><U100/><E39/><V63/><AGARI ba="0,0" hai="0,6,11,27,30,32,52,56,63,108,109" m="45673" machi="63" ten="30,4000,0" yaku="12,1,52,1,54,1" doraHai="29" who="2" fromWho="2" sc="250,-20,250,-10,250,40,250,-10" />
</Scene>
<Scene>
<INIT seed="1,0,0,0,1,38" ten="230,240,290,240" oya="1" hai0="42,48,124,72,113,99,53,52,81,119,117,22,114" hai1="135,31,13,60,39,0,21,55,71,74,24,116,73" hai2="29,63,10,89,26,68,66,58,18,32,62,77,121" hai3="94,133,75,20,110,25,96,102,125,79,69,70,122"/><U1/><E116/><N who="0" m="44617" /><D22/><U35/><E55/><N who="0" m="21065" /><D99/><U95/><E95/><V120/><F77/><W127/><G122/><T104/><D81/><U126/><E13/><V131/><F131/><W129/><G129/><T34/><D72/><N who="1" m="27755" /><E21/><V115/><F115/><N who="0" m="44042" /><D34/><U98/><E98/><V109/><F32/><W91/><G79/><T123/><D104/><U92/><E92/><V64/><F10/><W4/><G4/><T47/><D124/><U57/><E126/><V17/><F18/><W67/><G75/><T132/><D132/><U36/><E135/><V27/><F17/><W78/><G133/><T7/><D7/><U6/><E6/><V43/><F26/><W16/><G78/><T105/><D105/><U101/><E101/><V100/><F27/><W108/><G102/><T12/><D12/><U11/><E11/><V107/><F107/><W90/><G125/><T118/><N who="0" m="44625" /><T15/><DORA hai="8" /><D15/><U45/><E1/><V30/><F100/><W56/><G91/><T80/><D80/><U61/><E0/><V46/><F29/><W14/><G25/><T28/><D28/><U76/><E76/><V111/><F30/><W44/><G127/><T83/><D83/><U87/><E24/><V85/><F89/><W2/><G2/><T9/><D9/><U37/><E31/><V134/><F85/><W51/><G96/><T19/><D19/><U50/><E87/><V93/><F134/><W59/><G94/><T5/><D5/><U3/><E3/><V49/><F93/><W84/><G84/><T33/><D33/><U106/><E35/><V65/><F65/><RYUUKYOKU ba="0,0" sc="230,15,240,-15,290,15,240,-15" hai0="42,47,48,123" hai2="43,46,49,58,62,63,64,66,68,109,111,120,121" />
</Scene>
<Scene>
<INIT seed="2,1,0,1,2,10" ten="245,225,305,225" oya="2" hai0="100,71,120,130,73,75,7,42,86,97,23,66,12" hai1="80,76,109,38,126,15,18,39,118,2,49,62,20" hai2="47,131,45,1,48,129,125,88,56,63,8,77,34" hai3="25,101,26,133,52,83,9,4,69,114,102,121,6"/><V108/><F125/><W50/><G121/><T85/><D120/><U22/><E118/><V33/><F77/><W127/><G127/><T82/><D130/><N who="2" m="49674" /><F108/><W44/><G133/><T81/><D42/><U24/><E126/><V36/><F36/><W46/><G69/><T74/><D66/><U3/><E109/><V135/><F135/><W21/><G114/><T92/><D71/><U112/><E112/><V29/><F88/><W90/><G46/><N who="2" m="17417" /><F48/><W59/><G44/><T61/><D61/><U55/><E49/><V53/><F29/><W40/><G40/><T28/><D85/><U98/><E39/><V51/><F51/><W0/><G102/><T13/><D82/><U68/><E38/><V37/><F37/><W65/><G101/><T70/><D70/><U117/><E68/><V64/><F64/><W16/><G65/><T123/><D123/><U105/><E80/><V72/><F72/><W110/><G110/><T107/><D81/><U60/><E76/><V5/><AGARI ba="1,0" hai="1,5,8,33,34,53,56,63" m="17417,49674" machi="5" ten="30,1500,0" yaku="19,1" doraHai="10" who="2" fromWho="2" sc="245,-6,225,-6,305,18,225,-6" />
</Scene>
<Scene>
<INIT seed="2,2,0,0,0,99" ten="239,219,323,219" oya="2" hai0="118,14,101,74,11,105,68,94,112,24,122,111,18" hai1="41,33,57,97,2,123,128,116,46,51,107,126,32" hai2="55,84,132,1,115,44,10,63,106,129,67,77,70" hai3="81,135,22,103,113,64,110,12,38,49,15,72,19"/><V65/><F115/><W16/><G38/><T127/><D112/><U3/><E116/><V86/><F132/><W75/><G135/><T100/><D122/><U78/><E78/><V121/><F121/><W61/><G113/><T47/><D105/><U62/><E123/><V13/><F129/><W82/><G49/><T27/><D68/><U96/><E128/><V60/><F1/><W71/><G110/><T28/><D74/><U54/><E126/><V53/><F106/><W6/><G6/><T36/><D111/><U4/><E96/><V117/><F117/><W50/><G50/><T0/><D127/><U5/><E5/><V104/><F104/><W17/><G103/><N who="0" m="39499" /><D0/><U92/><E107/><V131/><F131/><W79/><G22/><N who="0" m="15479" /><D36/><U87/><E3/><V43/><F77/><AGARI ba="2,0" hai="12,15,16,17,19,61,64,71,72,75,77,79,81,82" machi="77" ten="40,2600,0" yaku="9,1,54,1" doraHai="99" who="3" fromWho="2" sc="239,0,219,0,323,-32,219,32" />
</Scene>
<Scene>
<INIT seed="3,0,0,4,0,89" ten="239,219,291,251" oya="3" hai0="37,113,28,71,23,47,18,39,38,78,15,83,119" hai1="32,17,36,68,97,29,19,77,30,61,88,48,3" hai2="102,129,133,93,99,59,81,72,76,126,114,13,57" hai3="74,111,0,125,53,70,86,6,44,40,118,108,55"/><W27/><G118/><T12/><D119/><U92/><E36/><V34/><F114/><W75/><G125/><T1/><D71/><U62/><E3/><V67/><F133/><W58/><G70/><T96/><D1/><U109/><E109/><N who="3" m="42058" /><G27/><T33/><D113/><U122/><E122/><V116/><F116/><W43/><G86/><T127/><D127/><U107/><E107/><V117/><F117/><W35/><G35/><T4/><D28/><N who="1" m="10859" /><E32/><V95/><F129/><W69/><G69/><T26/><D33/><U132/><E68/><V100/><F34/><W60/><G6/><T7/><D96/><U63/><E132/><V56/><F126/><W79/><G0/><T82/><D82/><U16/><E48/><V24/><F24/><W120/><G120/><T9/><D4/><U134/><E134/><V104/><F67/><N who="3" m="39319" /><G79/><AGARI ba="0,0" hai="16,17,19,61,62,63,77,79,88,92,97" m="10859" machi="79" ten="40,8000,1" yaku="8,1,52,1,54,2" doraHai="89" who="1" fromWho="3" sc="239,0,219,80,291,0,251,-80" />
</Scene>
<Scene>
<INIT seed="4,0,0,3,1,81" ten="239,299,291,171" oya="0" hai0="77,86,30,41,51,99,91,131,72,34,65,17,104" hai1="60,73,11,24,100,61,71,62,53,48,3,89,128" hai2="46,75,32,0,38,63,101,84,57,47,2,123,54" hai3="22,98,35,52,50,85,27,69,8,5,126,117,42"/><T129/><D65/><U59/><E73/><V23/><F75/><W107/><G117/><T88/><D34/><U130/><E100/><V105/><F32/><W25/><G126/><T119/><D30/><U121/><E24/><V93/><F123/><W74/><G74/><T97/><D119/><U95/><E71/><V122/><F122/><W132/><G132/><T78/><D17/><U20/><E121/><V16/><F105/><W10/><G69/><T96/><D41/><U112/><E20/><V94/><F38/><W124/><G124/><T45/><D104/><U111/><E111/><V125/><F125/><W56/><G42/><N who="0" m="25015" /><D72/><U108/><E108/><V12/><F0/><W106/><G35/><T6/><D6/><U79/><E3/><V28/><F28/><W18/><G25/><T83/><D77/><U127/><E79/><V109/><F2/><W87/><G8/><T49/><D49/><U44/><E11/><V29/><F29/><W116/><G116/><T43/><D43/><N who="1" m="24607" /><E127/><V7/><F7/><W36/><G36/><T1/><D1/><U80/><E130/><AGARI ba="0,0" hai="78,83,86,88,91,96,97,99,129,130,131" m="25015" machi="130" ten="30,5800,0" yaku="19,1,52,1,54,1" doraHai="81" who="0" fromWho="1" sc="239,58,299,-58,291,0,171,0" />
</Scene>
<Scene>
<INIT seed="4,1,0,3,2,38" ten="297,241,291,171" oya="0" hai0="36,55,17,91,87,75,114,3,15,53,26,1,49" hai1="66,59,23,4,34,33,50,67,119,46,111,2,35" hai2="133,43,96,74,69,39,128,63,118,124,22,25,83" hai3="40,123,102,8,121,30,113,10,29,130,20,37,80"/><T47/><D75/><U104/><E111/><V6/><F133/><W12/><G113/><T42/><D114/><U125/><E119/><V84/><F128/><W0/><G102/><T126/><D26/><U41/><E104/><V62/><F124/><W110/><G110/><T88/><D126/><U65/><E125/><V13/><F118/><W85/><G130/><T31/><D31/><N who="3" m="11785" /><G0/><T99/><D99/><U14/><E2/><V82/><F96/><W108/><G108/><T64/><D64/><U105/><E105/><V76/><F69/><W7/><G20/><T5/><D5/><U95/><E95/><V57/><F6/><W135/><G135/><T56/><D55/><U93/><E93/><V70/><F70/><W18/><G7/><T19/><D91/><U134/><E134/><V131/><F131/><W28/><G28/><T100/><D100/><U71/><E71/><V60/><F25/><W11/><G37/><T61/><D19/><U116/><E116/><V89/><F13/><W52/><G52/><T51/><D1/><U68/><E68/><V73/><F22/><W9/><G121/><T106/><D3/><U101/><E101/><V92/><F57/><W97/><G97/><T112/><D106/><U77/><E59/><V129/><F129/><W24/><G24/><T94/><D112/><U78/><REACH who="1" step="1"/><E23/><AGARI ba="1,0" hai="15,17,23,36,42,47,49,51,53,56,61,87,88,94" machi="23" ten="30,5800,0" yaku="7,1,52,1,54,1" doraHai="38" who="0" fromWho="1" sc="297,61,241,-61,291,0,171,0" />
</Scene>
<Scene>
<INIT seed="4,2,0,5,0,73" ten="358,180,291,171" oya="0" hai0="18,59,57,45,35,36,108,81,65,17,54,61,115" hai1="124,24,30,88,99,29,48,14,74,127,20,98,58" hai2="120,39,16,85,132,33,27,11,118,78,110,83,72" hai3="77,104,38,46,64,90,63,66,82,1,84,69,60"/><T13/><D35/><U105/><E74/><V9/><F120/><W12/><G1/><T107/><D107/><U5/><E105/><V123/><F123/><W116/><G104/><T47/><D115/><U121/><E121/><V87/><F110/><W31/><G31/><T56/><D108/><U111/><E111/><V67/><F132/><W79/><G116/><T41/><D18/><U133/><E30/><V62/><F118/><W6/><G6/><T37/><D81/><U26/><E26/><V89/><F39/><W131/><G131/><T55/><D17/><U96/><E133/><V100/><F100/><W117/><G12/><T43/><D13/><U76/><E88/><V15/><F9/><W126/><G126/><N who="1" m="48170" /><E58/><AGARI ba="2,0" hai="36,37,41,43,45,47,54,55,56,57,58,59,61,65" machi="58" ten="40,18000,2" yaku="9,1,35,6" doraHai="73" who="0" fromWho="1" sc="358,186,180,-186,291,0,171,0" owari="544,65.0,-6,-51.0,291,9.0,171,-23.0" />
</Scene>
</mjloggm>