<mjloggm ver="2.3"><GO type="97"/><UN n0="%73%61%6C%74%79%64%6F%67" n1="%68%61%69%72%2D%61%6D%61" n2="%E5%A4%AA%E3%81%8F%E3%81%AA%E3%81%84%E3%81%8A" n3="%64%6F%6C%6C%61%72" dan="13,13,15,14" rate="1879,1843,2051,1900" sx="M,M,M,M"/><TAIKYOKU oya="0"/>

<Scene>
<INIT seed="0,0,0,5,3,69" ten="250,250,250,250" oya="0" hai0="79,76,63,87,104,65,72,33,107,17,52,66,96" hai1="129,125,4,105,67,40,35,135,103,11,53,134,7" hai2="71,54,36,86,26,82,99,93,38,27,73,70,41" hai3="28,80,120,9,30,117,19,98,59,119,25,108,92"/><T20/><D33/><U83/><E35/><V49/><F73/><W115/><G115/><T31/><D31/><U1/><E125/><V89/><F71/><W23/><G108/><T24/><D107/><U2/><E129/><V109/><F70/><W57/><G120/><T60/><D72/><U75/><E67/><N who="0" m="25609" /><D104/><U112/><E112/><V48/><F109/><W85/><G119/><T18/><D96/><N who="1" m="61671" /><E53/><V132/><F132/><N who="1" m="50729" /><E40/><V39/><F41/><W128/><G128/><T46/><D87/><U97/><E97/><V102/><REACH who="2" step="1"/><F48/><REACH who="2" ten="250,250,240,250" step="2"/><W22/><G117/><T78/><D17/><U81/><E75/><V68/><F68/><W10/><G10/><AGARI ba="0,1" hai="1,2,4,7,10,11,81,83" m="50729,61671" machi="10" ten="30,1000,0" yaku="20,1" doraHai="69" who="1" fromWho="3" sc="250,0,250,20,240,0,250,-10" />
</Scene>
<Scene>
<INIT seed="1,0,0,2,4,105" ten="250,270,240,240" oya="1" hai0="107,87,134,122,54,121,41,6,80,101,104,29,53" hai1="33,85,69,77,61,43,106,115,1,128,103,26,111" hai2="112,22,50,71,79,58,44,132,19,30,127,91,18" hai3="125,34,11,59,17,31,119,37,3,131,126,23,90"/><U57/><E1/><V113/><F71/><W38/><G131/><T25/><D41/><U12/><E115/><N who="2" m="44107" /><F132/><W64/><G119/><T129/><D6/><U93/><E128/><V109/><F109/><W63/><G34/><T84/><D129/><U114/><E114/><V123/><F123/><N who="0" m="47114" /><D134/><U97/><E111/><V60/><F127/><N who="3" m="48651" /><G31/><T135/><D135/><U2/><E2/><V21/><F79/><W49/><G90/><N who="0" m="51463" /><D87/><U9/><E43/><N who="2" m="24863" /><F91/><W56/><G3/><T45/><D45/><U68/><E77/><V62/><F30/><W96/><G11/><T83/><D83/><U51/><E51/><V75/><F75/><W66/><G96/><N who="0" m="61479" /><D107/><U94/><E106/><V86/><F86/><W88/><G88/><T100/><D100/><U89/><E69/><V27/><F58/><W39/><G17/><T118/><D118/><U82/><E68/><V46/><F46/><W47/><G23/><AGARI ba="0,0" hai="23,25,29,53,54" m="61479,51463,47114" machi="23" ten="30,1000,0" yaku="13,1" doraHai="105" who="0" fromWho="3" sc="250,10,270,0,240,0,240,-10" />
</Scene>
<Scene>
<INIT seed="2,0,0,3,3,26" ten="260,270,240,230" oya="2" hai0="61,97,128,57,68,64,85,45,126,116,76,122,15" hai1="54,113,50,32,31,75,81,12,6,52,58,29,44" hai2="114,22,110,66,24,69,39,41,5,124,23,72,48" hai3="4,10,84,104,102,7,49,109,2,96,1,40,92"/><V62/><F114/><W59/><G109/><T14/><D122/><U55/><E32/><V67/><F72/><W36/><G36/><T11/><D116/><U95/><E113/><V117/><F117/><W98/><G84/><T111/><D111/><U135/><E135/><V132/><F110/><W77/><G77/><T74/><D74/><U105/><E105/><V101/><F132/><W129/><G129/><T119/><D119/><U91/><E75/><V118/><F118/><W73/><G73/><T0/><D0/><U53/><E81/><V56/><F124/><W19/><G19/><T13/><D128/><U134/><E58/><V125/><F125/><W89/><G7/><T112/><D112/><U94/><E134/><V133/><F133/><W9/><G9/><T3/><D3/><U70/><E70/><V90/><F101/><W80/><G80/><N who="0" m="47239" /><D68/><U93/><E91/><V18/><F5/><W107/><G107/><T16/><D126/><U60/><E60/><V65/><F90/><W88/><G2/><T27/><D27/><U33/><REACH who="1" step="1"/><E33/><REACH who="1" ten="260,260,240,230" step="2"/><V63/><F63/><W37/><G89/><T83/><D83/><U34/><E34/><V35/><F35/><W103/><G103/><T8/><D8/><AGARI ba="0,1" hai="6,8,12,29,31,44,50,52,53,54,55,93,94,95" machi="8" ten="40,12000,2" yaku="1,1,8,1,52,2,54,1,53,1" doraHai="26" doraHaiUra="43" who="1" fromWho="0" sc="260,-120,260,130,240,0,230,0" />
</Scene>
<Scene>
<INIT seed="3,0,0,3,0,51" ten="140,390,240,230" oya="3" hai0="88,105,116,83,76,93,110,112,77,3,94,114,80" hai1="8,17,6,120,108,126,12,11,67,40,99,43,10" hai2="130,55,48,132,2,118,109,82,111,22,70,36,123" hai3="56,129,128,101,54,85,89,25,58,90,32,53,106"/><W38/><G38/><T16/><D3/><U127/><E120/><V71/><F118/><W63/><G106/><T62/><D62/><U44/><E108/><N who="2" m="41547" /><F123/><W39/><G101/><T81/><D16/><U134/><E134/><V57/><F132/><W92/><G39/><T74/><D110/><U24/><E67/><V27/><F130/><N who="3" m="50283" /><G89/><T75/><D116/><U45/><E6/><V124/><F124/><N who="1" m="47657" /><E99/><V131/><F131/><W35/><G25/><T100/><D112/><U98/><E98/><V66/><F36/><W104/><G104/><T26/><D26/><U15/><E24/><V13/><F2/><W31/><G31/><T86/><D114/><U69/><E69/><V119/><F119/><W21/><G21/><T79/><D79/><U4/><E4/><V30/><F66/><W28/><G28/><T33/><D33/><U103/><E103/><V64/><F64/><W73/><G73/><T133/><D133/><U23/><E15/><V113/><F113/><W34/><G34/><T1/><D1/><U84/><E84/><V29/><F29/><W46/><G46/><AGARI ba="0,0" hai="8,10,11,12,17,23,40,43,44,45,46" m="47657" machi="46" ten="30,1000,0" yaku="18,1" doraHai="51" who="1" fromWho="3" sc="140,0,390,10,240,0,230,-10" owari="140,-36.0,400,50.0,240,4.0,220,-18.0" />
</Scene>
</mjloggm>