<mjloggm ver="2.3"><GO type="41"/><UN n0="%E3%81%AF%E3%81%90%E3%82%8C%E3%83%9F%E3%83%B3%E3%83%88" n1="%EF%BC%B3%E3%83%9E" n2="%E3%81%82%E3%81%BD%E3%81%BD" n3="%E5%A4%AA%E3%81%8F%E3%81%AA%E3%81%84%E3%81%8A" dan="15,13,14,15" rate="2048,1873,1949,2025" sx="F,M,M,M"/><TAIKYOKU oya="0"/>

<Scene>
<INIT seed="0,0,0,3,0,66" ten="250,250,250,250" oya="0" hai0="57,39,92,94,93,61,84,133,125,2,109,99,3" hai1="78,106,0,69,128,118,101,71,102,46,124,10,110" hai2="70,130,38,122,35,131,17,28,27,44,72,5,79" hai3="9,30,56,83,24,33,11,40,50,91,80,76,90"/><T121/><D39/><U105/><E118/><V98/><F122/><W18/><G40/><T123/><D109/><U75/><E110/><V7/><F98/><W34/><G34/><T77/><D133/><U15/><E0/><V32/><F17/><W51/><G18/><T100/><D125/><U115/><E46/><V81/><F35/><W49/><G56/><T111/><D111/><U64/><E64/><V74/><F7/><W107/><G107/><T21/><D123/><U89/><E128/><V88/><F72/><W96/><G80/><T13/><D121/><U6/><E75/><V42/><F5/><W47/><G47/><T22/><D3/><U48/><E78/><V120/><F120/><W86/><REACH who="3" step="1"/><G96/><REACH who="3" ten="250,250,250,240" step="2"/><T62/><D57/><U67/><E106/><V43/><F42/><W29/><G29/><T68/><D99/><U112/><E105/><V14/><F88/><AGARI ba="0,1" hai="9,11,24,30,33,49,50,51,76,83,86,88,90,91" machi="88" ten="40,5200,0" yaku="1,1,54,1,53,1" doraHai="66" doraHaiUra="20" who="3" fromWho="2" sc="250,0,250,0,250,-52,240,62" />
</Scene>
<Scene>
<INIT seed="1,0,0,1,3,133" ten="250,250,198,302" oya="1" hai0="65,104,27,82,128,126,36,12,44,105,70,59,129" hai1="17,114,124,28,91,125,101,45,7,25,110,117,37" hai2="41,49,74,50,103,88,123,68,72,80,93,95,16" hai3="76,111,34,52,90,116,122,107,24,84,11,100,53"/><U35/><E117/><V75/><F68/><W87/><G122/><T58/><D82/><U79/><E114/><V62/><F123/><W46/><G116/><T22/><D12/><U51/><E37/><V121/><F121/><W47/><G111/><T23/><D70/><U61/><E7/><V69/><F103/><W21/><G34/><T77/><D77/><U98/><E91/><V2/><F2/><W67/><G67/><T1/><D1/><U9/><E79/><V38/><F38/><W32/><G32/><T33/><D33/><U55/><E110/><V5/><F5/><W20/><G11/><T108/><D108/><U6/><E17/><V134/><F134/><W92/><G107/><N who="0" m="41035" /><D65/><U118/><E118/><V132/><F132/><W115/><G100/><T15/><D15/><U3/><REACH who="1" step="1"/><E61/><REACH who="1" ten="250,240,198,302" step="2"/><V14/><F62/><W18/><G115/><T113/><D113/><U89/><E89/><V13/><F69/><W4/><G4/><T10/><D36/><U29/><E29/><V120/><F120/><W40/><G76/><T66/><D128/><U86/><E86/><V99/><F80/><W60/><G84/><T48/><D129/><U94/><AGARI ba="0,1" hai="3,6,9,25,28,35,45,51,55,94,98,101,124,125" machi="94" ten="30,11700,0" yaku="1,1,0,1,52,2,53,0" doraHai="133" doraHaiUra="64" who="1" fromWho="1" sc="250,-39,240,127,198,-39,302,-39" />
</Scene>
<Scene>
<INIT seed="1,1,0,1,4,40" ten="211,367,159,263" oya="1" hai0="49,27,78,11,61,51,38,133,71,124,8,86,85" hai1="22,75,29,60,10,57,96,116,82,32,72,121,53" hai2="135,64,89,105,2,134,70,17,131,74,42,59,25" hai3="118,117,52,107,67,19,23,92,37,30,7,5,16"/><U33/><E116/><N who="3" m="44650" /><G107/><T48/><D38/><U80/><E121/><V13/><F2/><W93/><G37/><T44/><D133/><U127/><E33/><V87/><F74/><W102/><G67/><T63/><D124/><U94/><E32/><V1/><F1/><W129/><G129/><T21/><D44/><U39/><E39/><V88/><F70/><W28/><G52/><T58/><D71/><U76/><E127/><V26/><F105/><W99/><G92/><T34/><D34/><U112/><E112/><V83/><F42/><W101/><G101/><T46/><D46/><U108/><E10/><N who="0" m="3625" /><D78/><U130/><E130/><V125/><F131/><W3/><G19/><N who="0" m="12735" /><D61/><U14/><E75/><V47/><F125/><W95/><G95/><T55/><AGARI ba="1,0" hai="48,49,51,55,58,63,85,86" m="12735,3625" machi="55" ten="30,1100,0" yaku="8,1" doraHai="40" who="0" fromWho="0" sc="211,14,367,-6,159,-4,263,-4" />
</Scene>
<Scene>
<INIT seed="2,0,0,2,2,26" ten="225,361,155,259" oya="2" hai0="8,46,31,43,86,127,49,95,32,54,17,109,116" hai1="34,126,0,97,96,85,39,5,75,11,15,55,121" hai2="38,57,62,108,52,122,3,83,29,76,79,111,133" hai3="135,123,42,117,27,45,92,70,19,106,110,120,132"/><V16/><F3/><W89/><G106/><T99/><D109/><N who="2" m="42058" /><F38/><N who="3" m="21719" /><G70/><T61/><D127/><U51/><E39/><V58/><F122/><W59/><G59/><T20/><D116/><U40/><E75/><V21/><F29/><W68/><G68/><T48/><D61/><U22/><E40/><V71/><F71/><W50/><G50/><T73/><D73/><U63/><E63/><V64/><F133/><N who="3" m="51275" /><G117/><T100/><D32/><U93/><E34/><V35/><F35/><W84/><G110/><T47/><D8/><U1/><E126/><V134/><F83/><W98/><G98/><T66/><D66/><U60/><E60/><N who="2" m="37903" /><F134/><W69/><G69/><T91/><D31/><U65/><E65/><V102/><F102/><W107/><G107/><T10/><D10/><U131/><E11/><V115/><F115/><W24/><G19/><T114/><D114/><U112/><E112/><V94/><F94/><W44/><G44/><T77/><D100/><U67/><E93/><V28/><F28/><W113/><G113/><T18/><D20/><U37/><E22/><V41/><F41/><W130/><G123/><T81/><AGARI ba="0,0" hai="17,18,43,46,47,48,49,54,77,81,86,91,95,99" machi="81" ten="30,2000,0" yaku="0,1,8,1" doraHai="26" who="0" fromWho="0" sc="225,20,361,-5,155,-10,259,-5" />
</Scene>
<Scene>
<INIT seed="3,0,0,0,5,102" ten="245,356,145,254" oya="3" hai0="38,46,21,87,100,106,66,60,43,82,25,124,134" hai1="90,125,91,104,111,47,12,80,89,10,5,35,110" hai2="0,78,41,30,15,85,126,93,77,49,19,61,83" hai3="129,117,6,39,58,64,84,79,11,4,45,48,67"/><W120/><G120/><T69/><D124/><U53/><E35/><V131/><F0/><W18/><G117/><T55/><D134/><U24/><E125/><V9/><F126/><W99/><G129/><T57/><D100/><U42/><E53/><V32/><F131/><W59/><G39/><T14/><D14/><U113/><E113/><V119/><F119/><W127/><G127/><T114/><D114/><U27/><E104/><V1/><F1/><W81/><G99/><T118/><D118/><U74/><E74/><V50/><F61/><W29/><G29/><T26/><D21/><U8/><E8/><V40/><F93/><W31/><G31/><T116/><D106/><U95/><E80/><V23/><F32/><W65/><G18/><T132/><D132/><U52/><E52/><V13/><F77/><W16/><G16/><T20/><D20/><U63/><E63/><V96/><F96/><W68/><G68/><T86/><D86/><U28/><E28/><V73/><F73/><W22/><G22/><T109/><D109/><N who="1" m="41483" /><E95/><V44/><F30/><W7/><REACH who="3" step="1"/><G11/><REACH who="3" ten="245,356,145,244" step="2"/><T107/><D116/><U98/><E98/><V51/><F41/><AGARI ba="0,1" hai="4,6,7,41,45,48,58,59,64,65,67,79,81,84" machi="41" ten="40,7700,0" yaku="1,1,2,1,8,1,53,0" doraHai="102" doraHaiUra="123" who="3" fromWho="2" sc="245,0,356,0,145,-77,244,87" />
</Scene>
<Scene>
<INIT seed="3,1,0,3,3,40" ten="245,356,68,331" oya="3" hai0="134,94,130,119,80,43,38,42,0,45,24,92,9" hai1="74,32,70,66,135,69,109,104,57,108,68,46,84" hai2="6,121,83,115,111,18,125,23,71,54,60,36,98" hai3="3,29,114,86,90,118,132,123,127,35,16,106,97"/><W17/><G123/><T61/><D119/><U20/><E74/><V93/><F111/><N who="1" m="42569" /><E32/><V107/><F107/><W51/><G118/><T53/><D130/><U129/><E104/><V79/><F121/><W1/><G114/><T96/><D134/><U65/><E84/><V13/><F115/><W99/><G132/><T72/><D43/><U39/><E135/><V49/><F36/><W33/><G127/><T27/><D92/><U89/><E20/><V101/><F125/><W34/><G29/><T91/><D53/><U5/><E5/><V2/><F2/><W8/><G51/><T100/><D61/><N who="1" m="38063" /><E89/><V82/><F6/><W85/><G106/><T22/><D22/><U10/><E10/><V30/><F30/><W116/><G116/><T64/><D64/><U120/><E120/><V67/><REACH who="2" step="1"/><F79/><REACH who="2" ten="245,356,58,331" step="2"/><W4/><G1/><T52/><D38/><U31/><E31/><V133/><F133/><W7/><G7/><T103/><D0/><U11/><E129/><V14/><F14/><W76/><G17/><T73/><D27/><U88/><E66/><V41/><F41/><W21/><G16/><T102/><D24/><U81/><E70/><V95/><F95/><W78/><G78/><T47/><D94/><U50/><E69/><V131/><F131/><W75/><G76/><T59/><D42/><U37/><E68/><V44/><AGARI ba="1,1" hai="13,18,23,44,49,54,60,67,71,82,83,93,98,101" machi="44" ten="20,8000,1" yaku="1,1,0,1,7,1,52,1,53,1" doraHai="40" doraHaiUra="15" who="2" fromWho="2" sc="245,-21,356,-21,58,93,331,-41" />
</Scene>
<Scene>
<INIT seed="4,0,0,5,4,114" ten="224,335,151,290" oya="0" hai0="56,32,64,6,1,96,88,0,21,42,60,11,14" hai1="112,17,5,121,18,47,119,57,8,77,132,101,71" hai2="52,2,93,135,134,10,33,12,29,62,61,110,80" hai3="25,45,13,67,54,41,28,98,86,3,117,103,99"/><T58/><D32/><U4/><E121/><V55/><F110/><W51/><G3/><T63/><D42/><U23/><E71/><V130/><F2/><W39/><G117/><T30/><D1/><U78/><E101/><V107/><F107/><W74/><G74/><T127/><D127/><U72/><E72/><V38/><F38/><W90/><G67/><T73/><D73/><U126/><E47/><V91/><F130/><W122/><G122/><T129/><D129/><U69/><E69/><V27/><F80/><W118/><G118/><T50/><D50/><U82/><E119/><V59/><F61/><W44/><G13/><T84/><D96/><U35/><E35/><V43/><F43/><W106/><G103/><T123/><D123/><U76/><E132/><V111/><F111/><W31/><G106/><T104/><D104/><U9/><E82/><V22/><F33/><W49/><G39/><T95/><D0/><U81/><E81/><V53/><F135/><W16/><G31/><T102/><D102/><U113/><E57/><N who="0" m="22121" /><D64/><U131/><E131/><V48/><F134/><W100/><G100/><T46/><D46/><U37/><E37/><V92/><F62/><W83/><REACH who="3" step="1"/><G28/><REACH who="3" ten="224,335,151,280" step="2"/><T66/><D66/><U87/><E113/><V36/><F36/><W75/><G75/><T128/><D128/><U68/><E112/><V116/><F116/><W20/><AGARI ba="0,1" hai="16,20,25,41,44,45,49,51,54,83,86,90,98,99" machi="20" ten="30,8000,1" yaku="1,1,0,1,8,1,54,1,53,1" doraHai="114" doraHaiUra="19" who="3" fromWho="3" sc="224,-40,335,-20,151,-20,280,90" />
</Scene>
<Scene>
<INIT seed="5,0,0,1,3,30" ten="184,315,131,370" oya="1" hai0="93,134,41,109,32,122,101,94,64,36,107,39,53" hai1="130,66,100,95,46,92,111,58,117,78,116,0,68" hai2="34,75,83,3,31,103,115,15,45,132,127,19,126" hai3="55,135,42,77,76,59,1,43,57,99,12,63,23"/><U4/><E68/><V48/><F3/><W8/><G135/><T81/><D122/><U120/><E120/><V26/><F132/><W10/><G1/><T113/><D134/><U16/><E111/><V71/><F71/><W114/><G114/><T54/><D109/><U73/><E130/><V2/><F2/><W37/><G37/><T85/><D64/><U22/><E73/><V104/><F115/><W121/><G121/><T129/><D41/><N who="3" m="15369" /><G99/><T49/><D49/><U28/><E78/><N who="3" m="30314" /><G59/><T38/><D129/><U112/><E28/><V6/><F6/><W70/><G70/><T35/><D107/><U106/><E106/><V128/><F128/><W118/><G118/><T91/><D113/><U52/><E112/><V50/><F83/><W61/><G61/><T9/><D9/><U65/><E0/><V133/><F75/><W90/><G90/><T56/><D101/><U51/><E4/><V69/><F69/><W79/><G79/><T80/><D80/><U88/><E116/><V14/><F133/><W110/><G110/><T62/><REACH who="0" step="1"/><D54/><REACH who="0" ten="174,315,131,370" step="2"/><U84/><E117/><V131/><F131/><W119/><G119/><T24/><D24/><N who="1" m="14407" /><E46/><V21/><F45/><W29/><G8/><T44/><D44/><U96/><AGARI ba="0,1" hai="51,52,58,65,66,84,88,92,95,96,100" m="14407" machi="96" ten="30,11700,0" yaku="8,1,54,3" doraHai="30" who="1" fromWho="1" sc="174,-39,315,127,131,-39,370,-39" />
</Scene>
<Scene>
<INIT seed="5,1,0,2,0,30" ten="135,442,92,331" oya="1" hai0="65,36,22,106,0,16,7,52,70,58,110,112,29" hai1="72,88,28,124,125,5,61,23,103,134,31,38,47" hai2="13,102,25,108,32,17,3,130,6,55,121,20,46" hai3="53,92,83,33,15,87,123,97,41,35,135,4,99"/><U98/><E72/><V104/><F121/><W109/><G123/><T59/><D110/><U8/><E61/><V62/><F108/><W122/><G109/><T19/><D36/><U50/><E38/><V2/><F102/><W132/><G122/><T11/><D106/><U76/><E76/><V71/><F104/><W90/><G41/><T66/><D112/><U1/><E23/><V96/><F96/><W64/><G64/><T12/><D70/><U117/><E117/><V56/><F71/><W54/><G4/><T84/><D59/><U80/><E103/><V57/><F46/><W75/><G15/><T86/><D29/><U18/><E18/><V39/><F39/><W14/><G14/><T63/><D86/><N who="1" m="50247" /><E98/><N who="3" m="37386" /><G92/><T119/><D119/><U60/><E60/><V45/><F45/><W69/><G75/><T10/><REACH who="0" step="1"/><D84/><REACH who="0" ten="125,442,92,331" step="2"/><U118/><E118/><V27/><F57/><W40/><G69/><T93/><D93/><U44/><E31/><N who="2" m="19567" /><F27/><AGARI ba="1,1" hai="0,7,10,11,12,16,19,22,27,52,58,63,65,66" machi="27" ten="30,7700,0" yaku="1,1,7,1,54,2,53,0" doraHai="30" doraHaiUra="85" who="0" fromWho="2" sc="125,90,442,0,92,-80,331,0" />
</Scene>
<Scene>
<INIT seed="6,0,0,3,5,28" ten="215,442,12,331" oya="2" hai0="13,7,71,52,5,17,32,116,100,31,129,63,35" hai1="93,91,125,2,69,95,88,86,73,120,66,106,51" hai2="60,43,128,12,109,130,27,121,122,103,6,118,78" hai3="105,96,53,54,0,4,46,72,83,23,1,134,42"/><V8/><F103/><W80/><G134/><T98/><D129/><N who="2" m="49770" /><F43/><W10/><G1/><T33/><D116/><U38/><E106/><V82/><F118/><W9/><G9/><T112/><D112/><U29/><E38/><V133/><F60/><W126/><G126/><T97/><D31/><U49/><E125/><V110/><F82/><W30/><G105/><T3/><D3/><U55/><E73/><V45/><F45/><W34/><G96/><T18/><D18/><U59/><E2/><V87/><F87/><W117/><G23/><T123/><D123/><N who="2" m="47114" /><F78/><N who="3" m="44103" /><G117/><T135/><D135/><U74/><E74/><V22/><F133/><W115/><G115/><T81/><D81/><U84/><E120/><V41/><F41/><W131/><G83/><T58/><D71/><U68/><E66/><V127/><F127/><W124/><G131/><T39/><D39/><U44/><E29/><AGARI ba="0,0" hai="6,8,12,22,27,29,109,110" m="47114,49770" machi="29" ten="30,5800,0" yaku="19,1,34,2" doraHai="28" who="2" fromWho="1" sc="215,0,442,-58,12,58,331,0" />
</Scene>
<Scene>
<INIT seed="6,1,0,4,2,60" ten="215,384,70,331" oya="2" hai0="71,94,105,33,59,123,29,82,107,54,58,45,44" hai1="96,42,85,132,73,120,78,93,87,113,36,22,69" hai2="126,2,35,67,110,99,114,16,56,91,135,47,72" hai3="27,134,118,11,19,7,112,89,84,131,26,115,125"/><V38/><F35/><W68/><G118/><T12/><D71/><U31/><E132/><V18/><F2/><N who="3" m="503" /><G68/><T24/><D123/><U8/><E113/><N who="3" m="43594" /><G134/><T128/><D128/><U86/><E73/><V76/><F114/><W77/><G131/><T121/><D121/><U97/><E120/><V49/><F135/><W28/><G125/><T70/><D70/><U95/><E69/><V39/><F126/><W92/><G77/><T75/><D59/><U101/><E78/><V109/><F76/><W74/><G74/><T48/><D94/><U127/><E127/><V119/><F119/><W1/><G1/><T81/><D12/><U66/><E36/><N who="2" m="13867" /><F72/><W34/><G26/><T46/><REACH who="0" step="1"/><D75/><REACH who="0" ten="205,384,70,331" step="2"/><U30/><E93/><N who="2" m="56767" /><F56/><W3/><G3/><T116/><D116/><U117/><E117/><V100/><F100/><W37/><G92/><T9/><D9/><U122/><E8/><V65/><F47/><W25/><G25/><T5/><D5/><U90/><E122/><V20/><F49/><W133/><G37/><T55/><D55/><U13/><E101/><V61/><F61/><W64/><G133/><T98/><D98/><U57/><E97/><V41/><F41/><W21/><G27/><T17/><D17/><N who="2" m="6762" /><F20/><W79/><G21/><T40/><D40/><U102/><E42/><V53/><F53/><W63/><G63/><T51/><D51/><U124/><E124/><V14/><F14/><W106/><G19/><T15/><D15/><U50/><E13/><V23/><F23/><W0/><G0/><T10/><D10/><U130/><E22/><V108/><AGARI ba="1,1" hai="65,67,108,109,110" m="6762,56767,13867" machi="108" ten="40,12000,1" yaku="5,1,10,1,52,2,54,1" doraHai="60" who="2" fromWho="2" sc="205,-41,384,-41,70,133,331,-41" />
</Scene>
<Scene>
<INIT seed="6,2,0,1,4,61" ten="164,343,203,290" oya="2" hai0="120,47,80,109,73,44,113,12,31,60,115,18,38" hai1="86,28,72,95,7,8,24,91,116,9,21,83,1" hai2="49,102,107,23,59,51,15,43,37,30,76,121,97" hai3="135,85,81,52,26,90,10,101,55,40,67,56,25"/><V123/><F37/><W94/><G135/><T108/><D120/><U64/><E9/><V92/><F76/><W127/><G127/><T93/><D31/><U134/><E134/><V124/><F124/><W125/><G125/><T58/><D93/><U4/><E4/><V57/><F107/><W16/><G40/><T65/><D108/><U99/><E72/><V3/><F3/><W0/><G0/><T63/><D109/><U104/><E104/><V11/><F123/><W66/><G101/><T27/><D27/><N who="3" m="10249" /><G94/><T36/><D36/><U87/><E83/><V2/><F2/><W34/><G34/><T118/><D118/><U114/><E114/><N who="0" m="43529" /><D38/><U32/><E32/><V98/><F23/><W48/><G55/><N who="0" m="33887" /><D80/><U111/><E111/><V130/><F30/><W105/><G105/><T128/><D73/><U14/><E1/><V42/><F121/><W71/><G71/><N who="0" m="42431" /><D128/><U33/><E33/><V106/><F130/><W96/><G96/><T133/><D133/><U13/><E116/><V39/><F39/><W41/><G41/><N who="2" m="15369" /><F106/><W122/><G122/><T89/><D89/><U110/><E110/><V46/><F98/><W70/><G70/><T119/><D119/><U79/><E79/><V78/><F78/><W77/><G77/><T84/><D84/><U35/><E35/><V62/><F102/><W75/><G75/><T82/><D82/><U129/><E129/><V22/><F92/><W5/><G5/><T112/><N who="0" m="43537" /><T6/><DORA hai="54" /><D6/><U17/><E7/><V131/><F97/><W74/><G74/><T29/><D29/><U50/><E28/><RYUUKYOKU ba="2,0" sc="164,15,343,-15,203,-15,290,15" hai0="12,18,44,47" hai3="10,16,48,52,56,66,67,81,85,90" />
</Scene>
<Scene>
<INIT seed="7,3,0,0,0,111" ten="179,328,188,305" oya="3" hai0="99,35,94,116,107,101,85,100,19,89,132,57,20" hai1="103,49,50,4,15,109,7,104,105,121,133,27,128" hai2="82,134,6,11,61,74,45,59,52,40,60,54,41" hai3="64,51,84,32,126,76,43,129,16,83,112,73,91"/><W37/><G32/><T36/><D116/><U125/><E109/><V56/><F134/><W47/><G112/><T31/><D36/><U113/><E121/><V130/><F130/><W9/><G129/><T53/><D132/><U108/><E133/><V86/><F74/><W5/><G126/><T66/><D66/><U26/><E128/><V75/><F75/><W77/><G64/><T55/><D101/><U2/><E2/><V46/><F41/><W123/><G123/><T102/><D102/><U71/><E108/><V110/><F40/><W135/><G135/><T106/><D106/><U44/><E71/><V98/><F98/><W18/><G37/><T3/><D3/><U69/><E69/><V131/><F110/><W92/><G76/><T78/><D57/><U70/><E70/><V13/><F131/><W88/><G91/><AGARI ba="3,0" hai="6,11,13,45,46,52,54,56,59,60,61,82,86,91" machi="91" ten="30,7700,0" yaku="7,1,9,1,8,1,54,1" doraHai="111" who="2" fromWho="3" sc="179,0,328,0,188,86,305,-86" owari="179,-32.0,328,43.0,274,7.0,219,-18.0" />
</Scene>
</mjloggm>