<mjloggm ver="2.3"><GO type="97"/><UN n0="%E3%81%98%E3%82%83%E3%82%80%CE%B2" n1="%68%6F%6F%73%61" n2="%E5%A4%AA%E3%81%8F%E3%81%AA%E3%81%84%E3%81%8A" n3="%63%61%6D%70%61%6E%79" dan="15,13,15,14" rate="2085,1849,2061,1835" sx="M,M,M,M"/><TAIKYOKU oya="0"/>

<Scene>
<INIT seed="0,0,0,3,2,46" ten="250,250,250,250" oya="0" hai0="47,62,15,66,105,78,31,102,124,63,6,103,133" hai1="109,81,57,122,3,14,32,86,17,117,92,89,11" hai2="52,123,128,120,97,72,55,131,132,5,127,30,115" hai3="42,95,65,108,24,104,1,70,64,9,71,100,10"/><T45/><D78/><U49/><E122/><N who="2" m="46635" /><F115/><W77/><G104/><T59/><D31/><U35/><E117/><V53/><F72/><W54/><G77/><T48/><D133/><U79/><E109/><V69/><F69/><W134/><G108/><T16/><D6/><U38/><E38/><V67/><F67/><W0/><G134/><T130/><D130/><N who="2" m="49706" /><F132/><W94/><G42/><T125/><D125/><U13/><E3/><V51/><F127/><W119/><G24/><T91/><D124/><U82/><E82/><V116/><F116/><W41/><G41/><T33/><D33/><U110/><E110/><V50/><F30/><W88/><G119/><T118/><D118/><U36/><E36/><V60/><F60/><W85/><G71/><T29/><D29/><U34/><E34/><V44/><F5/><W58/><G70/><T75/><D75/><U114/><E114/><V4/><F4/><W93/><G0/><T28/><D28/><U106/><E106/><V135/><F135/><W61/><G1/><T25/><D105/><U43/><E14/><V76/><F76/><W26/><G26/><T40/><D25/><U126/><E126/><V99/><F44/><W73/><G73/><T27/><D27/><U19/><E19/><V74/><F74/><W8/><G100/><T18/><D63/><U22/><E22/><V87/><F87/><W56/><G65/><T7/><D45/><U113/><E113/><V107/><F107/><W39/><G39/><T129/><D129/><U98/><E43/><V121/><N who="2" m="46643" /><V83/><DORA hai="23" /><F83/><W80/><G80/><RYUUKYOKU ba="0,0" sc="250,-30,250,10,250,10,250,10" hai1="11,13,17,32,35,49,57,79,81,86,89,92,98" hai2="50,51,52,53,55,97,99" hai3="8,9,10,54,56,58,61,64,85,88,93,94,95" />
</Scene>
<Scene>
<INIT seed="1,1,0,3,1,62" ten="220,260,260,260" oya="1" hai0="32,103,61,70,29,33,84,125,124,101,49,114,18" hai1="88,77,106,131,112,86,41,93,134,14,97,10,118" hai2="38,58,47,7,81,3,63,2,45,111,71,126,44" hai3="48,11,108,109,66,67,17,78,104,55,87,79,54"/><U132/><E118/><V60/><F111/><N who="3" m="42571" /><G104/><T75/><D75/><U51/><E112/><V89/><F126/><N who="0" m="48746" /><D114/><U65/><E131/><V113/><F113/><W25/><G55/><T8/><D84/><U94/><E106/><V123/><F123/><W34/><G34/><N who="0" m="13419" /><D49/><U30/><E30/><V35/><F35/><W76/><G87/><T116/><D29/><U9/><E65/><N who="3" m="24586" /><G11/><T39/><D39/><U115/><E115/><V119/><F38/><W129/><G129/><T133/><D116/><U68/><E68/><V83/><F71/><W37/><G37/><T31/><D31/><U4/><E10/><V24/><F119/><W59/><G17/><T26/><D8/><U91/><REACH who="1" step="1"/><E77/><REACH who="1" ten="220,250,260,260" step="2"/><V46/><F2/><W43/><G43/><T20/><D133/><U98/><E98/><V100/><F3/><W13/><G13/><T90/><D70/><U40/><E40/><V82/><F24/><AGARI ba="1,1" hai="24,25,48,54,59,76,78,79" m="24586,42571" machi="24" ten="40,8000,1" yaku="14,1,52,3" doraHai="62" who="3" fromWho="2" sc="220,0,250,0,260,-83,260,93" />
</Scene>
<Scene>
<INIT seed="2,0,0,1,4,87" ten="220,250,177,353" oya="2" hai0="34,128,90,116,99,114,31,49,132,117,24,65,64" hai1="58,69,30,89,27,36,73,17,95,47,52,46,120" hai2="25,124,59,92,44,118,35,103,53,51,21,9,125" hai3="45,60,127,96,8,66,121,5,61,91,22,32,88"/><V13/><F118/><N who="0" m="45674" /><D114/><U16/><E120/><V28/><F35/><W119/><G32/><T15/><D132/><U86/><E73/><V20/><F20/><W75/><G75/><T82/><D128/><U131/><E131/><V4/><F103/><W134/><G121/><T100/><D49/><U107/><E107/><V57/><REACH who="2" step="1"/><F92/><REACH who="2" ten="220,250,167,353" step="2"/><W1/><G119/><T67/><D100/><U7/><E69/><V39/><F39/><W80/><G134/><T101/><D101/><U63/><E7/><V113/><F113/><W26/><G127/><AGARI ba="0,1" hai="4,9,13,21,25,28,44,51,53,57,59,124,125,127" machi="127" ten="40,7700,0" yaku="1,1,18,1,53,1" doraHai="87" doraHaiUra="40" who="2" fromWho="3" sc="220,0,250,0,167,87,353,-77" />
</Scene>
<Scene>
<INIT seed="2,1,0,5,1,32" ten="220,250,254,276" oya="2" hai0="51,115,114,112,54,19,88,48,71,120,24,2,55" hai1="43,59,87,102,62,79,49,70,39,8,81,118,86" hai2="42,82,99,124,60,113,11,3,123,35,104,69,91" hai3="61,7,117,25,17,67,29,6,37,47,93,109,36"/><V50/><F123/><W98/><G117/><T128/><D120/><U38/><E118/><V30/><F113/><W44/><G109/><T9/><D71/><U126/><E126/><V95/><F124/><W33/><G17/><T14/><D128/><U34/><E34/><V16/><F104/><W41/><G44/><T52/><D2/><U18/><E102/><V105/><F105/><W4/><G37/><T116/><D116/><U12/><E38/><V84/><F30/><W21/><G33/><T94/><REACH who="0" step="1"/><D24/><REACH who="0" ten="210,250,254,276" step="2"/><U83/><E70/><V22/><F69/><W135/><G135/><T1/><D1/><U110/><E110/><V53/><F3/><W46/><G46/><T101/><D101/><U85/><E39/><V78/><F35/><W31/><G31/><T73/><D73/><U68/><E68/><V72/><F72/><W108/><G108/><T20/><D20/><U107/><E107/><V5/><F22/><W58/><G6/><T10/><D10/><U96/><E96/><AGARI ba="1,1" hai="9,14,19,48,51,52,54,55,88,94,96,112,114,115" machi="96" ten="50,12000,2" yaku="1,1,54,2,53,3" doraHai="32" doraHaiUra="111" who="0" fromWho="1" sc="210,133,250,-123,254,0,276,0" />
</Scene>
<Scene>
<INIT seed="3,0,0,2,5,3" ten="343,127,254,276" oya="3" hai0="14,105,23,0,134,20,56,41,62,47,98,34,9" hai1="13,39,38,53,129,117,83,25,45,6,37,32,2" hai2="120,70,42,8,128,132,123,67,36,77,35,21,93" hai3="79,104,108,125,16,58,76,110,111,22,66,61,46"/><W82/><G104/><T50/><D34/><U60/><E117/><V127/><F35/><W94/><G125/><T71/><D71/><U122/><E122/><V49/><F127/><W133/><G133/><T99/><D134/><U89/><E129/><V48/><F132/><W119/><G119/><T68/><D68/><U103/><E103/><V131/><F77/><W101/><G46/><T17/><D0/><U96/><E96/><V81/><F81/><W84/><G101/><T26/><D23/><U114/><E114/><V112/><F21/><W91/><G94/><T4/><D105/><U57/><E45/><N who="2" m="23751" /><F93/><W100/><G100/><T109/><D109/><U118/><E118/><V12/><F12/><AGARI ba="0,0" hai="12,16,22,58,61,66,76,79,82,84,91,108,110,111" machi="12" ten="40,7700,0" yaku="14,1,10,1,54,1" doraHai="3" who="3" fromWho="2" sc="343,0,127,0,254,-77,276,77" owari="343,14.0,127,-37.0,177,-22.0,353,45.0" />
</Scene>
</mjloggm>