<mjloggm ver="2.3"><GO type="169" lobby="0"/><UN n0="%E3%82%86%E3%82%86" n1="%E3%83%A1%E3%83%81%E3%83%AB%E3%82%B0%E3%83%AA%E3%83%BC%E3%83%B3" n2="%E5%A4%AA%E3%81%8F%E3%81%AA%E3%81%84%E3%81%8A" n3="%E5%8F%A4%E6%B8%85%E6%B0%B4%E5%87%9B" dan="16,16,18,17" rate="2074.75,2074.90,2227.02,2118.26" sx="M,M,F,F"/><TAIKYOKU oya="0"/>

<Scene>
<INIT seed="0,0,0,1,3,94" ten="250,250,250,250" oya="0" hai0="73,5,68,110,111,83,33,115,123,2,43,104,13" hai1="59,41,21,90,39,36,121,64,103,50,54,26,55" hai2="112,61,46,51,65,24,37,126,57,113,80,132,6" hai3="8,53,116,72,134,75,128,102,29,48,49,99,10"/><T9/><D123/><U127/><E121/><V131/><F6/><W130/><G116/><T45/><D68/><U88/><E127/><V23/><F126/><W62/><G29/><T85/><D115/><U32/><E32/><V67/><F132/><W87/><G134/><T92/><D104/><U86/><E64/><V71/><F131/><W40/><G62/><T129/><D129/><U76/><E41/><N who="2" m="22831" /><F80/><W81/><G40/><T96/><D73/><U42/><E42/><V119/><F119/><W95/><G48/><T70/><D70/><U117/><E117/><V52/><F67/><W74/><G130/><T18/><D33/><U35/><E35/><V0/><F0/><W93/><G128/><T77/><D2/><U17/><E76/><V44/><F44/><W14/><G95/><T4/><D4/><U84/><E103/><V118/><F118/><W28/><G28/><AGARI ba="0,0" hai="23,24,28,51,52,57,61,65,71,112,113" m="22831" machi="28" ten="30,2000,0" yaku="24,1,54,1" doraHai="94" who="2" fromWho="3" sc="250,0,250,0,250,20,250,-20" />
</Scene>
<Scene>
<INIT seed="1,0,0,5,1,87" ten="250,250,270,230" oya="1" hai0="61,29,47,122,69,25,24,48,44,26,81,98,51" hai1="92,10,17,103,52,39,42,59,135,58,108,118,16" hai2="96,128,131,70,95,124,38,18,54,99,4,49,133" hai3="55,14,126,0,107,19,75,119,110,32,77,132,86"/><U8/><E118/><V56/><F38/><W35/><G107/><T114/><D114/><U33/><E33/><V66/><F4/><W6/><G75/><T7/><D7/><U45/><E135/><V88/><F133/><W129/><G132/><T22/><D122/><U30/><E30/><V68/><F124/><W73/><G73/><T20/><D81/><U106/><E106/><V27/><F96/><W71/><G71/><T84/><D84/><U80/><E80/><V134/><F134/><W74/><G74/><T91/><D69/><U101/><E108/><V23/><REACH who="2" step="1"/><F66/><REACH who="2" ten="250,250,260,230" step="2"/><W11/><G126/><T65/><D98/><U83/><E39/><V21/><F21/><W123/><G6/><T100/><D22/><U13/><E8/><V31/><F31/><W62/><G11/><T102/><D20/><U125/><E125/><V78/><F78/><W117/><G77/><T76/><D76/><U5/><E5/><V116/><F116/><W28/><G28/><T1/><D29/><U130/><E10/><V12/><F12/><W41/><G14/><T2/><D2/><U72/><E13/><V15/><F15/><W115/><G0/><T82/><D1/><U109/><E109/><V36/><F36/><W97/><G110/><T120/><D120/><U112/><E17/><V104/><F104/><W53/><G19/><T43/><D65/><U50/><E16/><V94/><F94/><W93/><G117/><T9/><D9/><U63/><E92/><V57/><F57/><N who="3" m="35119" /><G119/><T85/><D26/><U3/><E3/><V113/><F113/><W37/><G115/><RYUUKYOKU ba="0,1" sc="250,-10,250,-10,260,30,230,-10" hai2="18,23,27,49,54,56,68,70,88,95,99,128,131" />
</Scene>
<Scene>
<INIT seed="2,1,1,1,2,82" ten="240,240,290,220" oya="2" hai0="135,117,106,65,123,71,101,74,7,27,91,28,57" hai1="132,92,127,20,113,1,24,120,31,42,60,75,121" hai2="90,116,119,23,8,98,128,45,76,50,38,63,95" hai3="52,9,10,58,104,129,6,13,16,40,44,105,66"/><V78/><F128/><W72/><G66/><T130/><D123/><N who="1" m="47179" /><E113/><V14/><F38/><W3/><G72/><T5/><D74/><U48/><E75/><V100/><F119/><W111/><G129/><T17/><D130/><U49/><E132/><V103/><F116/><W59/><G111/><T64/><D17/><U133/><E133/><V68/><F23/><W83/><G83/><T131/><D131/><U22/><E1/><V11/><F11/><W115/><G115/><T53/><D135/><U62/><E127/><V109/><F109/><W36/><REACH who="3" step="1"/><G59/><REACH who="3" ten="240,240,290,210" step="2"/><T97/><D117/><U4/><E92/><V32/><F95/><W30/><G30/><T67/><D71/><U61/><E42/><V25/><F68/><W96/><G96/><T69/><D69/><U85/><E85/><V107/><F98/><W93/><G93/><T37/><D67/><U29/><E4/><V18/><F107/><W51/><AGARI ba="1,2" hai="3,6,9,10,13,16,36,40,44,51,52,58,104,105" machi="51" ten="20,8000,1" yaku="1,1,0,1,7,1,54,2,53,0" doraHai="82" doraHaiUra="126" who="3" fromWho="3" sc="240,-21,240,-21,290,-41,210,103" />
</Scene>
<Scene>
<INIT seed="3,0,0,2,3,10" ten="219,219,249,313" oya="3" hai0="122,111,121,113,54,6,116,27,99,12,52,127,93" hai1="62,17,48,56,9,39,78,19,133,72,1,3,41" hai2="33,84,87,115,21,79,61,30,88,90,58,71,40" hai3="44,16,32,74,5,13,28,94,51,132,73,2,119"/><W82/><G119/><T80/><D116/><U83/><E133/><V76/><F115/><W50/><G2/><T85/><D113/><U101/><E101/><V63/><F33/><W91/><G5/><T110/><D127/><U98/><E98/><V89/><F40/><W123/><G123/><T37/><D37/><U26/><E48/><V108/><F108/><N who="0" m="41514" /><D27/><U65/><E26/><N who="2" m="16719" /><F71/><W112/><G132/><T81/><D122/><U38/><E1/><V29/><F29/><W107/><G107/><T25/><D25/><U49/><E49/><V4/><F4/><W66/><G51/><T46/><D46/><N who="1" m="23863" /><E39/><V22/><F22/><W69/><G32/><T117/><D121/><U24/><E24/><V34/><F34/><W15/><G28/><T11/><D117/><U35/><E35/><V45/><F45/><W96/><G112/><T86/><D81/><U53/><E83/><V42/><F42/><W7/><G82/><T18/><D6/><U14/><E3/><V47/><F47/><W23/><G69/><T102/><D86/><N who="2" m="32810" /><F63/><W114/><G114/><T109/><N who="0" m="41522" /><T124/><DORA hai="8" /><D124/><U67/><E62/><V130/><F130/><W68/><G68/><T20/><D20/><U92/><E72/><V126/><F126/><W100/><G23/><T0/><D0/><U103/><E78/><AGARI ba="0,0" hai="11,12,18,52,54,78,80,85,93,99,102" m="41522" machi="78" ten="40,8000,1" yaku="14,1,52,2,54,1" doraHai="10,8" who="0" fromWho="1" sc="219,80,219,-80,249,0,313,0" />
</Scene>
<Scene>
<INIT seed="4,0,0,5,5,99" ten="299,139,249,313" oya="0" hai0="21,97,12,38,87,42,102,31,8,69,78,40,5" hai1="62,17,108,94,16,61,65,116,119,92,112,41,88" hai2="82,133,34,91,93,51,11,121,50,110,128,43,74" hai3="73,115,14,79,95,81,118,9,75,22,67,107,56"/><T90/><D69/><U80/><E108/><V135/><F110/><W106/><G118/><T35/><D35/><U30/><E30/><V37/><F121/><W64/><G75/><T7/><D7/><U27/><E41/><V122/><F122/><W33/><G33/><T85/><D78/><U101/><E112/><V48/><F34/><W130/><G130/><T134/><D134/><N who="2" m="51210" /><F11/><W54/><G22/><T52/><D85/><N who="1" m="50215" /><E119/><V13/><F13/><W132/><G132/><T114/><D114/><U58/><E116/><V71/><F71/><W23/><G23/><T57/><D38/><U6/><E6/><V120/><F128/><W36/><G36/><T46/><D46/><U29/><E62/><V32/><F32/><W77/><G115/><T111/><D111/><U129/><E129/><V98/><F120/><W104/><G79/><T45/><D45/><U89/><E92/><V105/><F105/><W72/><G95/><N who="0" m="58687" /><D31/><U83/><E83/><V18/><F82/><W0/><G73/><T131/><D131/><U2/><E2/><V109/><F109/><W19/><G0/><T28/><D28/><U123/><E123/><V84/><F74/><W60/><AGARI ba="0,0" hai="9,14,19,54,56,60,64,67,72,77,81,104,106,107" machi="60" ten="30,1100,0" yaku="0,1" doraHai="99" who="3" fromWho="3" sc="299,-5,139,-3,249,-3,313,11" />
</Scene>
<Scene>
<INIT seed="5,0,0,3,0,42" ten="294,136,246,324" oya="1" hai0="22,18,83,125,29,119,62,35,19,86,17,30,38" hai1="120,2,20,109,58,66,31,92,135,105,25,45,70" hai2="59,113,0,74,54,81,57,93,82,16,118,6,23" hai3="91,122,116,46,76,12,44,95,67,106,33,10,84"/><U32/><E120/><V71/><F71/><W56/><G33/><T80/><D119/><U43/><E105/><V49/><F118/><W117/><G106/><T41/><D35/><U96/><E2/><V78/><F113/><W7/><G122/><T99/><D125/><U102/><E70/><V134/><F134/><W87/><G117/><T114/><D114/><U36/><E135/><V126/><F126/><W52/><G67/><T115/><D115/><U111/><REACH who="1" step="1"/><E32/><REACH who="1" ten="294,126,246,324" step="2"/><V3/><F3/><W5/><G116/><T97/><D22/><U128/><E128/><V100/><F0/><W72/><G10/><T79/><D99/><U53/><E53/><V51/><F54/><W75/><G52/><T132/><D97/><U50/><E50/><V4/><F49/><W65/><G65/><T48/><D132/><U110/><E110/><V88/><F51/><W26/><G75/><T103/><D48/><U89/><E89/><V63/><F88/><W130/><G72/><T21/><D21/><U131/><E131/><V112/><F112/><W37/><G91/><T55/><D55/><U90/><E90/><V104/><F104/><W28/><G130/><T64/><D64/><U24/><E24/><V15/><F74/><W8/><G26/><T127/><D127/><U11/><E11/><V129/><F129/><W121/><G8/><T108/><D108/><U47/><E47/><V85/><F57/><W60/><G46/><T124/><D124/><U9/><E9/><V14/><F59/><W98/><G56/><T69/><D69/><U101/><E101/><V73/><F100/><RYUUKYOKU ba="0,1" sc="294,-10,126,30,246,-10,324,-10" hai1="20,25,31,36,43,45,58,66,92,96,102,109,111" />
</Scene>
<Scene>
<INIT seed="5,1,1,1,5,85" ten="284,156,236,314" oya="1" hai0="124,74,79,135,67,60,109,4,131,126,73,69,62" hai1="35,130,110,122,75,50,95,49,47,46,64,96,84" hai2="42,123,113,93,2,82,103,133,101,41,76,127,33" hai3="80,13,70,106,0,81,98,10,57,129,99,34,28"/><U43/><E75/><V54/><F123/><W100/><G70/><T87/><D109/><U17/><E122/><V132/><F2/><W38/><G38/><T8/><D135/><N who="2" m="51786" /><F33/><W105/><G0/><T5/><D131/><U77/><E35/><V118/><F118/><W121/><G121/><T24/><D24/><U78/><E130/><V48/><F127/><N who="0" m="48682" /><D62/><U39/><E110/><V115/><F42/><W37/><G37/><T55/><D55/><N who="1" m="30135" /><E39/><V72/><F41/><W29/><G57/><T19/><D19/><U3/><E3/><V128/><F128/><W134/><G34/><T27/><D27/><U51/><E64/><V58/><F93/><W61/><G106/><T92/><D5/><U52/><E84/><V20/><F20/><W7/><G129/><T15/><D92/><U86/><E86/><V94/><F94/><W107/><G105/><T120/><D120/><U104/><E17/><V111/><F111/><W125/><G125/><T16/><D4/><U66/><E66/><V88/><F72/><W68/><G134/><T1/><D1/><U21/><E21/><V36/><F36/><W112/><G7/><T71/><D69/><U31/><E31/><V116/><F116/><W40/><G29/><T14/><D15/><U22/><E22/><V6/><F6/><W45/><G28/><T32/><D32/><U89/><E104/><V102/><F76/><W114/><G107/><T56/><D71/><U53/><E43/><V90/><F82/><AGARI ba="1,1" hai="8,14,16,56,60,67,73,74,79,82,87" m="48682" machi="82" ten="30,2000,0" yaku="18,1,54,1" doraHai="85" who="0" fromWho="2" sc="284,33,156,0,236,-23,314,0" />
</Scene>
<Scene>
<INIT seed="6,0,0,5,3,8" ten="317,156,213,314" oya="2" hai0="41,69,13,39,28,51,43,104,55,24,84,3,38" hai1="1,112,93,71,91,119,114,2,59,16,105,85,113" hai2="27,14,15,110,126,125,32,60,46,62,17,66,77" hai3="108,107,63,73,48,133,45,130,123,87,49,40,97"/><V117/><F117/><W0/><G73/><T34/><D3/><U23/><E71/><V22/><F77/><W50/><G0/><T47/><D104/><U109/><E109/><V74/><F74/><W90/><G108/><T116/><D69/><U72/><E72/><V12/><F110/><W9/><G123/><T118/><D84/><U33/><E33/><V42/><F32/><W37/><G130/><T82/><D82/><U129/><E105/><V7/><F7/><W65/><G133/><T57/><D13/><N who="1" m="9615" /><E119/><N who="0" m="45609" /><D43/><U96/><E129/><V102/><F102/><W100/><G9/><T81/><D81/><N who="1" m="49583" /><E59/><V103/><F103/><AGARI ba="0,0" hai="1,2,93,96,103,112,113,114" m="49583,9615" machi="103" ten="30,3900,0" yaku="15,1,52,1,54,1" doraHai="8" who="1" fromWho="2" sc="317,0,156,39,213,-39,314,0" />
</Scene>
<Scene>
<INIT seed="7,0,0,4,3,24" ten="317,195,174,314" oya="3" hai0="99,106,56,68,60,66,113,133,46,58,123,45,109" hai1="17,31,98,120,94,64,112,115,41,135,16,114,52" hai2="22,20,3,103,119,95,55,63,86,110,75,96,125" hai3="12,0,5,74,7,131,43,29,1,38,48,102,71"/><W47/><G71/><T54/><D123/><U18/><E120/><V83/><F119/><W49/><G74/><T101/><D109/><U97/><E135/><V26/><F110/><W65/><G65/><T130/><D133/><U70/><E41/><V89/><F125/><W73/><G73/><T90/><D130/><U40/><E40/><V107/><F3/><W105/><G131/><T69/><D113/><U4/><E4/><V117/><F117/><W127/><G127/><T53/><D90/><N who="1" m="55511" /><E98/><V80/><F75/><W128/><G128/><T76/><D76/><U9/><E9/><V14/><F14/><W42/><G29/><T11/><D11/><U72/><E72/><V91/><F91/><W23/><G12/><T124/><D124/><U93/><E93/><V6/><F6/><W8/><G23/><T15/><D15/><U35/><E52/><V67/><F55/><W111/><G111/><T21/><D69/><U122/><E122/><V36/><F36/><W57/><G43/><T51/><D21/><U118/><E118/><V88/><F89/><W78/><G78/><T132/><D132/><U84/><E84/><V10/><F10/><N who="3" m="2343" /><G57/><T82/><D82/><U87/><E87/><V81/><REACH who="2" step="1"/><F26/><REACH who="2" ten="317,195,164,314" step="2"/><W62/><G38/><T28/><D54/><U79/><E79/><V34/><F34/><W129/><G129/><T61/><D53/><U100/><E100/><V44/><F44/><W39/><G62/><T104/><D60/><N who="1" m="40199" /><E35/><V59/><AGARI ba="0,1" hai="20,22,59,63,67,80,81,83,86,88,95,96,103,107" machi="59" ten="30,12000,2" yaku="1,1,0,1,54,1,53,3" doraHai="24" doraHaiUra="77" who="2" fromWho="2" sc="317,-30,195,-30,164,130,314,-60" />
</Scene>
<Scene>
<INIT seed="8,0,0,4,3,3" ten="287,165,294,254" oya="0" hai0="103,14,84,119,64,70,94,86,100,45,114,134,43" hai1="55,79,39,104,33,44,61,101,56,53,62,15,40" hai2="78,95,24,127,31,8,120,1,22,73,85,117,68" hai3="21,112,91,128,115,10,5,72,0,37,4,82,48"/><T132/><D119/><U81/><E33/><V42/><F120/><W90/><G37/><T2/><D114/><U60/><E55/><V88/><F68/><W34/><G34/><T23/><D2/><U49/><E15/><V57/><F117/><W65/><G65/><T71/><D64/><U19/><E19/><V12/><F1/><W76/><G128/><T30/><D71/><U87/><E104/><V74/><F127/><W110/><G110/><T108/><D70/><U99/><E99/><V93/><F42/><W83/><G21/><T54/><D108/><U52/><E101/><N who="0" m="38985" /><D54/><U50/><REACH who="1" step="1"/><E62/><REACH who="1" ten="287,155,294,254" step="2"/><V63/><F12/><W35/><G35/><T123/><D123/><U20/><E20/><V113/><F63/><W129/><G115/><T89/><D14/><U36/><E36/><V124/><F113/><W98/><G112/><T58/><D23/><U109/><E109/><V29/><F22/><W80/><G98/><T105/><D105/><U107/><E107/><V46/><F31/><W25/><G0/><T126/><D30/><U11/><E11/><V67/><F8/><W59/><G10/><T77/><D132/><U102/><E102/><V122/><F29/><W51/><G25/><T130/><D134/><U106/><E106/><V116/><F24/><W7/><G129/><T69/><D130/><U38/><E38/><V28/><F28/><W96/><G96/><T118/><D118/><U6/><E6/><V92/><F116/><W97/><G97/><T75/><D43/><U135/><E135/><V66/><F122/><W47/><G7/><T125/><D125/><RYUUKYOKU ba="0,1" sc="287,-10,155,30,294,-10,254,-10" hai1="39,40,44,49,50,52,53,56,60,61,79,81,87" />
</Scene>
<Scene>
<INIT seed="9,1,1,5,3,88" ten="277,185,284,244" oya="1" hai0="26,11,49,6,105,81,32,52,124,131,107,30,99" hai1="10,28,25,118,15,58,67,76,114,75,135,134,119" hai2="79,36,60,113,89,111,94,66,109,44,117,8,125" hai3="2,31,27,33,9,53,82,92,14,70,42,20,93"/><U35/><E76/><V77/><F8/><W39/><G70/><T106/><D81/><U90/><E75/><V78/><F117/><N who="1" m="44553" /><E90/><V54/><F125/><W87/><G39/><T115/><D115/><U120/><E58/><V59/><F113/><W72/><G72/><T103/><D124/><U126/><E67/><V108/><F36/><W5/><G42/><T55/><D131/><U91/><E91/><V40/><F40/><W128/><G128/><T86/><D86/><U127/><E114/><V22/><F44/><W64/><G64/><T123/><D123/><U12/><E120/><V65/><REACH who="2" step="1"/><F22/><REACH who="2" ten="277,185,274,244" step="2"/><W96/><G33/><T71/><D71/><U13/><E10/><V38/><F38/><W133/><G20/><T98/><D11/><U97/><E97/><AGARI ba="1,2" hai="54,59,60,65,66,77,78,79,89,94,97,108,109,111" machi="97" ten="50,6400,0" yaku="1,1,52,1,53,1" doraHai="88" doraHaiUra="84" who="2" fromWho="1" sc="277,0,185,-67,274,87,244,0" owari="277,8.0,118,-38.0,361,46.0,244,-16.0" />
</Scene>
</mjloggm>