<mjloggm ver="2.3"><GO type="193"/><UN n0="%E5%A4%AA%E3%81%8F%E3%81%AA%E3%81%84%E3%81%8A" n1="%E3%82%B3%E3%83%AF%E3%83%A2%E3%83%86%E7%94%B7" n2="%61%73%61%6D%69" n3="%E5%A4%A9%E5%8F%A2%E9%9B%B2" dan="3,13,12,12" rate="1601,1826,1647,1823" sx="M,M,F,M"/><TAIKYOKU oya="0"/>

<Scene>
<INIT seed="0,0,0,0,0,123" ten="250,250,250,250" oya="0" hai0="119,64,28,99,21,96,27,19,34,122,46,82,41" hai1="105,114,135,38,109,127,36,76,98,89,79,0,24" hai2="94,90,29,37,54,92,85,117,14,111,52,101,57" hai3="13,124,108,2,50,7,30,53,68,3,48,115,33"/><T11/><D122/><U18/><E0/><V31/><F37/><W133/><G115/><T58/><D119/><U97/><E114/><V43/><F117/><W51/><G68/><T102/><D82/><U35/><E18/><V25/><F43/><W104/><G104/><T63/><D11/><U69/><E89/><V106/><F106/><W103/><G103/><T78/><D78/><U10/><E10/><V80/><F111/><W126/><G108/><T95/><D96/><U91/><E109/><V132/><F132/><W121/><G121/><T6/><D6/><U75/><E76/><V110/><F110/><W26/><G133/><T118/><D118/><U62/><E91/><V56/><F14/><W129/><G129/><T93/><D93/><U16/><E97/><V116/><F116/><W40/><G40/><T74/><D74/><U39/><E16/><V4/><F4/><W22/><G53/><T131/><D131/><U67/><E135/><V88/><F101/><W71/><G71/><T32/><REACH who="0" step="1"/><D19/><REACH who="0" ten="240,250,250,250" step="2"/><U112/><E112/><V66/><F80/><W42/><G42/><T59/><D59/><U107/><E98/><V45/><F66/><W125/><REACH who="3" step="1"/><G22/><REACH who="3" ten="240,250,250,240" step="2"/><T1/><D1/><U134/><E134/><V8/><F8/><AGARI ba="0,2" hai="2,3,7,8,13,26,30,33,48,50,51,124,125,126" machi="8" ten="50,6400,0" yaku="1,1,2,1,18,1,53,0" doraHai="123" doraHaiUra="60" who="3" fromWho="2" sc="240,0,250,0,250,-64,240,84" />
</Scene>
<Scene>
<INIT seed="1,0,0,3,0,26" ten="240,250,186,324" oya="1" hai0="11,50,89,126,13,130,84,134,60,3,117,63,16" hai1="51,1,111,17,81,124,8,100,99,67,102,36,132" hai2="73,135,34,44,53,95,57,20,123,23,68,25,9" hai3="47,76,70,6,64,104,56,77,92,110,114,22,30"/><U45/><E132/><V127/><F123/><W27/><G104/><T35/><D35/><U107/><E36/><V78/><F127/><W21/><G114/><T66/><D117/><U96/><E124/><V118/><F135/><W54/><G110/><T74/><D74/><U32/><E111/><V122/><F122/><W116/><G116/><T33/><D33/><U29/><E67/><V5/><F118/><W55/><G6/><T58/><D134/><U71/><E71/><V106/><F106/><W69/><G47/><T90/><D126/><U125/><E81/><V72/><F68/><W0/><G0/><T79/><D130/><U65/><E65/><V46/><F95/><W41/><G41/><T93/><D3/><U88/><E125/><V109/><F109/><W43/><G43/><T98/><D79/><U119/><E119/><V83/><F34/><W82/><G70/><T52/><D66/><U15/><E1/><V80/><F9/><W10/><G10/><T133/><D133/><U42/><E88/><V101/><F5/><W85/><G69/><T12/><D12/><U37/><E37/><V62/><F101/><W108/><G108/><T39/><D39/><U14/><E14/><V86/><F20/><W61/><G21/><T2/><D2/><U18/><E18/><V59/><F57/><W38/><G38/><T112/><D112/><U128/><E128/><V94/><F94/><AGARI ba="0,0" hai="11,13,16,50,52,58,60,63,84,89,90,93,94,98" machi="94" ten="30,7700,0" yaku="7,1,8,1,54,2" doraHai="26" who="0" fromWho="2" sc="240,77,250,0,186,-77,324,0" />
</Scene>
<Scene>
<INIT seed="2,0,0,4,0,100" ten="317,250,109,324" oya="2" hai0="115,29,38,65,127,28,133,35,84,86,24,121,17" hai1="132,58,72,2,34,77,51,125,11,57,12,122,79" hai2="95,14,105,102,55,123,68,53,118,6,18,90,99" hai3="135,50,96,94,78,27,109,97,119,101,87,103,82"/><V37/><F123/><W74/><G119/><T62/><D121/><U15/><E122/><V39/><F68/><W116/><G116/><T47/><D115/><U54/><E34/><V26/><F6/><W129/><G135/><T8/><D133/><U48/><E132/><V85/><F118/><W61/><G61/><T64/><D127/><U42/><E125/><V134/><F134/><W110/><G27/><T88/><D29/><U25/><E25/><V30/><F39/><W117/><G50/><T80/><D62/><U13/><E72/><V67/><F37/><W124/><G117/><T16/><D84/><U107/><E107/><V104/><F67/><W59/><G59/><T3/><D3/><U70/><E70/><V22/><REACH who="2" step="1"/><F105/><REACH who="2" ten="317,250,99,324" step="2"/><N who="3" m="63655" /><G124/><T7/><D65/><U36/><E36/><V33/><AGARI ba="0,1" hai="14,18,22,26,30,33,53,55,85,90,95,99,102,104" machi="33" ten="20,12000,1" yaku="1,1,0,1,7,1,52,1,53,1" doraHai="100" doraHaiUra="92" who="2" fromWho="2" sc="317,-40,250,-40,99,130,324,-40" />
</Scene>
<Scene>
<INIT seed="2,1,0,3,1,35" ten="277,210,229,284" oya="2" hai0="125,98,30,24,119,36,45,120,108,54,92,2,127" hai1="124,123,113,28,70,82,4,68,107,39,104,78,89" hai2="115,9,5,57,48,106,46,77,34,32,90,49,122" hai3="1,84,130,12,83,19,76,14,37,81,0,26,129"/><V99/><F122/><W69/><G69/><N who="1" m="26730" /><E89/><V133/><F115/><W96/><G37/><T25/><D120/><U58/><E123/><V66/><F133/><W126/><G126/><N who="0" m="48139" /><D108/><U132/><E58/><V47/><F77/><W72/><G26/><T43/><D119/><U16/><E16/><V13/><F66/><W22/><G96/><T51/><D2/><U128/><E113/><V52/><F57/><W59/><G12/><T86/><D86/><U53/><E53/><V56/><F56/><W118/><G59/><N who="0" m="33247" /><D30/><U79/><E132/><V73/><F73/><W121/><G121/><T31/><D31/><U71/><E79/><V27/><F27/><W135/><G118/><T65/><D65/><U8/><E28/><V80/><F106/><N who="1" m="40489" /><E39/><V41/><REACH who="2" step="1"/><F99/><REACH who="2" ten="277,210,219,284" step="2"/><W60/><G135/><T42/><D24/><U3/><N who="1" m="26738" /><U101/><DORA hai="6" /><E124/><V111/><F111/><W44/><G44/><T67/><D25/><U93/><E101/><V110/><F110/><W103/><G103/><T62/><D45/><U55/><E55/><V20/><F20/><W94/><G76/><T85/><D98/><U105/><E128/><V50/><F50/><W29/><G130/><T75/><D36/><U23/><E23/><V112/><F112/><W61/><G129/><T10/><D75/><N who="1" m="43359" /><E105/><V40/><F40/><W134/><G134/><T64/><D64/><U102/><E102/><V95/><F95/><W100/><G94/><T114/><D92/><U74/><E74/><V11/><F11/><W91/><G72/><T131/><D131/><U109/><E93/><V63/><F63/><RYUUKYOKU ba="1,1" sc="277,-15,210,15,219,15,284,-15" hai1="3,4,8,109" hai2="5,9,13,32,34,41,46,47,48,49,52,80,90" />
</Scene>
<Scene>
<INIT seed="2,2,1,5,2,104" ten="262,225,234,269" oya="2" hai0="120,48,17,22,0,51,135,45,14,72,57,92,44" hai1="31,30,123,9,65,7,108,130,43,3,132,99,76" hai2="10,90,61,89,122,40,66,67,6,96,94,16,39" hai3="56,49,20,18,127,78,101,70,63,62,47,113,1"/><V98/><F122/><W112/><G1/><T11/><D120/><U36/><E123/><V117/><F117/><W71/><G127/><T115/><D115/><N who="3" m="44105" /><G101/><T119/><D119/><U73/><E132/><V37/><F40/><N who="3" m="24807" /><G78/><T107/><D107/><U23/><E130/><V105/><F66/><N who="3" m="39239" /><G63/><T54/><D135/><U5/><E5/><V116/><F116/><W97/><G97/><T64/><D0/><U114/><E114/><V125/><F125/><W102/><G102/><T21/><D72/><U4/><E4/><V59/><F6/><W91/><G91/><T93/><D64/><U13/><E65/><V82/><F82/><W80/><G80/><T50/><D50/><U131/><E99/><V15/><F105/><W109/><G109/><T28/><D57/><U111/><E131/><V69/><F69/><W68/><G20/><N who="0" m="7787" /><D28/><N who="1" m="10795" /><E23/><V25/><F25/><W79/><G79/><T24/><D24/><U19/><E19/><AGARI ba="2,1" hai="18,19,68,70,71" m="39239,24807,44105" machi="19" ten="40,1300,0" yaku="11,1" doraHai="104" who="3" fromWho="1" sc="262,0,225,-19,234,0,269,29" />
</Scene>
<Scene>
<INIT seed="3,0,0,3,3,133" ten="262,206,234,298" oya="3" hai0="23,36,22,48,46,127,60,100,28,120,92,62,89" hai1="31,19,21,123,101,9,55,63,40,61,73,38,104" hai2="64,25,58,44,10,134,107,30,80,17,2,6,59" hai3="78,130,14,65,84,67,39,102,118,117,4,115,71"/><W26/><G39/><T33/><D120/><U69/><E73/><V54/><F107/><W18/><G115/><T129/><D36/><U95/><E123/><V50/><F134/><W5/><G130/><T112/><D129/><U105/><E63/><N who="0" m="24105" /><D33/><U16/><E31/><V27/><F64/><W97/><G26/><N who="0" m="16471" /><D127/><U122/><E122/><V91/><F17/><W96/><G71/><T85/><D112/><U24/><E38/><V103/><F103/><W15/><G84/><T124/><D124/><U41/><E69/><V90/><F27/><W49/><G78/><T0/><D0/><U132/><E132/><V128/><F128/><W82/><G82/><T98/><D23/><U20/><E9/><V3/><F3/><W108/><G49/><T135/><D135/><U111/><E105/><V47/><F59/><W121/><G121/><T13/><D13/><N who="1" m="9231" /><E104/><V113/><F113/><W34/><G34/><T131/><D131/><U51/><E61/><V126/><F126/><W12/><G18/><T11/><D11/><U93/><E111/><V74/><F74/><W125/><G125/><T37/><D37/><U75/><E75/><V106/><F106/><W88/><G108/><T53/><D85/><U68/><E68/><V35/><F80/><W8/><G118/><T77/><D77/><U110/><E110/><V119/><F119/><W116/><G117/><T79/><D79/><U99/><E95/><V81/><F81/><W72/><G72/><T109/><D109/><U7/><E7/><N who="3" m="2634" /><G116/><T70/><D70/><U45/><AGARI ba="0,0" hai="19,21,24,40,41,45,51,55,93,99,101" m="9231" machi="45" ten="30,2000,0" yaku="8,1,54,1" doraHai="133" who="1" fromWho="1" sc="262,-5,206,20,234,-5,298,-10" />
</Scene>
<Scene>
<INIT seed="4,0,0,3,5,55" ten="257,226,229,288" oya="0" hai0="135,99,5,86,110,116,64,104,32,82,19,35,67" hai1="25,50,95,31,3,40,41,131,1,4,37,128,129" hai2="11,16,10,98,103,57,65,8,43,59,75,114,91" hai3="106,6,133,85,30,74,79,44,12,0,52,29,42"/><T115/><D116/><U39/><E4/><V89/><F75/><W101/><G133/><T66/><D135/><U36/><E95/><N who="2" m="58847" /><F114/><W45/><G74/><T84/><D5/><U46/><REACH who="1" step="1"/><E40/><REACH who="1" ten="257,216,229,288" step="2"/><V70/><F43/><W97/><G42/><T121/><D115/><U7/><E7/><V123/><F123/><W105/><G0/><T47/><D121/><U48/><E48/><V113/><F113/><W77/><G106/><T9/><D104/><U13/><E13/><V108/><F108/><W126/><G12/><T87/><D110/><U22/><AGARI ba="0,1" hai="1,3,22,25,31,36,37,39,41,46,50,128,129,131" machi="22" ten="40,5200,0" yaku="1,1,0,1,19,1,53,0" doraHai="55" doraHaiUra="15" who="1" fromWho="1" sc="257,-26,216,62,229,-13,288,-13" />
</Scene>
<Scene>
<INIT seed="5,0,0,3,4,61" ten="231,278,216,275" oya="1" hai0="47,134,102,101,12,82,89,35,20,75,83,65,77" hai1="41,15,2,96,93,104,74,73,25,128,133,56,114" hai2="132,64,85,13,130,100,86,39,119,33,26,30,107" hai3="3,79,103,135,46,88,97,105,45,84,37,106,124"/><U95/><E2/><V110/><F119/><W32/><G32/><T76/><D35/><U6/><E104/><V10/><F110/><W42/><G135/><T113/><D134/><U67/><E133/><V72/><F132/><W109/><G109/><T43/><D113/><U18/><E41/><V22/><F130/><W111/><G111/><T40/><D89/><U115/><E128/><V108/><F108/><W116/><G3/><T90/><D90/><U62/><E6/><V81/><F39/><W29/><G116/><T66/><D20/><U125/><E125/><V91/><F72/><W126/><G79/><T70/><D12/><U27/><E95/><V48/><F33/><W120/><G120/><T123/><D70/><U57/><E57/><V49/><F86/><W17/><G29/><T14/><D14/><U34/><E34/><V0/><F0/><W44/><G17/><T21/><D21/><U121/><E121/><V55/><F55/><W69/><G69/><T31/><D31/><U52/><E74/><V19/><F64/><W16/><G106/><T99/><D123/><U63/><E73/><V92/><REACH who="2" step="1"/><F107/><REACH who="2" ten="231,278,206,275" step="2"/><W87/><G87/><T23/><D75/><U78/><E78/><V9/><F9/><W117/><G117/><T53/><D53/><U5/><E67/><V131/><F131/><W50/><G37/><T8/><D8/><U36/><E36/><V71/><F71/><W24/><G42/><T54/><D54/><U118/><E118/><V28/><F28/><W127/><G84/><N who="0" m="48199" /><D77/><U38/><E38/><V98/><AGARI ba="0,1" hai="10,13,19,22,26,30,48,49,81,85,91,92,98,100" machi="98" ten="30,4000,0" yaku="1,1,0,1,8,1,53,0" doraHai="61" doraHaiUra="51" who="2" fromWho="2" sc="231,-10,278,-20,206,50,275,-10" />
</Scene>
<Scene>
<INIT seed="6,0,0,4,0,131" ten="221,258,256,265" oya="2" hai0="9,115,2,44,22,47,121,48,116,101,127,111,50" hai1="89,128,59,103,36,53,19,98,16,1,88,68,60" hai2="90,72,75,78,96,31,77,67,97,35,41,134,40" hai3="83,120,8,64,133,105,82,32,38,132,54,42,106"/><V99/><F134/><N who="3" m="51819" /><G120/><T69/><D69/><U71/><E1/><V51/><F67/><W130/><G130/><T61/><D121/><U123/><E36/><V124/><F124/><W28/><G64/><T3/><D111/><U58/><E123/><V5/><F5/><W87/><G8/><T6/><D127/><U33/><E33/><V10/><F10/><W11/><G11/><T86/><D115/><U102/><E128/><V30/><F35/><W80/><G54/><T118/><D101/><U91/><E98/><V65/><F65/><W112/><G112/><T125/><D125/><U117/><E117/><N who="0" m="45161" /><D61/><U7/><E7/><V66/><F66/><W93/><G42/><N who="2" m="16489" /><F90/><N who="3" m="53471" /><G38/><T56/><D56/><N who="1" m="21547" /><E53/><V76/><F51/><N who="0" m="19498" /><D3/><U12/><E60/><V37/><F37/><W85/><G28/><AGARI ba="0,0" hai="28,30,31,72,75,76,77,78,96,97,99" m="16489" machi="28" ten="40,3900,0" yaku="28,2" doraHai="131" who="2" fromWho="3" sc="221,0,258,0,256,39,265,-39" />
</Scene>
<Scene>
<INIT seed="6,1,0,3,4,6" ten="221,258,295,226" oya="2" hai0="34,59,23,50,24,44,110,35,134,12,28,63,96" hai1="4,132,56,48,111,126,64,93,125,124,105,97,25" hai2="109,54,83,1,67,40,71,77,80,120,78,84,99" hai3="10,68,122,82,11,107,101,106,130,20,73,65,103"/><V119/><F120/><W113/><G122/><T75/><D75/><U46/><E111/><V123/><F119/><W127/><G113/><T104/><D110/><U86/><E105/><V90/><F123/><W37/><G37/><T26/><D134/><U36/><E36/><V98/><F109/><W57/><G68/><T17/><D104/><U41/><E132/><V55/><F1/><W100/><G130/><T14/><D96/><N who="2" m="36906" /><F71/><W58/><G127/><T115/><D115/><U53/><E64/><V72/><F40/><W88/><G107/><T70/><D70/><U9/><E25/><V129/><F129/><W133/><G133/><T121/><D121/><U89/><E97/><V21/><F67/><W39/><G39/><T114/><D114/><U112/><E112/><V5/><F5/><W29/><G106/><T118/><D118/><U62/><E4/><V31/><F72/><W19/><G29/><T76/><D76/><N who="2" m="29290" /><F83/><W95/><G73/><T7/><D7/><U8/><AGARI ba="1,0" hai="8,9,41,46,48,53,56,62,86,89,93,124,125,126" machi="8" ten="40,8000,1" yaku="0,1,18,1,52,2" doraHai="6" who="1" fromWho="1" sc="221,-21,258,83,295,-41,226,-21" owari="200,-30.0,341,44.0,254,5.0,205,-19.0" />
</Scene>
</mjloggm>