<mjloggm ver="2.3"><GO type="169"/><UN n0="%E5%A4%AA%E3%81%8F%E3%81%AA%E3%81%84%E3%81%8A" n1="%70%69%6F%76%61" n2="%E3%83%87%E3%82%B8%E3%82%BF%E3%83%AB%E4%BB%99%E4%BA%BA" n3="%33%E6%9C%88%33%E6%97%A5" dan="17,16,17,16" rate="2211,2093,2171,2055" sx="M,M,F,M"/><TAIKYOKU oya="0"/>

<Scene>
<INIT seed="0,0,0,2,1,71" ten="250,250,250,250" oya="0" hai0="128,11,108,69,28,5,111,107,129,125,120,66,41" hai1="99,17,15,63,53,31,1,20,90,32,2,118,100" hai2="130,104,88,12,42,19,9,109,96,115,29,72,113" hai3="114,89,51,60,39,94,0,44,123,80,83,75,36"/><T52/><D120/><U110/><E118/><V76/><F130/><N who="0" m="50282" /><D107/><U117/><E117/><V7/><F109/><N who="0" m="42058" /><D125/><U40/><E110/><V27/><F42/><W24/><G114/><T70/><D41/><U47/><E90/><V23/><F72/><W62/><G0/><N who="0" m="423" /><D66/><U92/><E63/><V18/><F76/><W26/><G123/><T34/><D52/><U93/><E53/><V77/><F77/><W98/><G60/><T85/><D85/><U58/><E58/><V6/><F104/><W65/><G62/><T33/><D28/><U84/><E84/><V81/><F115/><W78/><G65/><T13/><D13/><U35/><E31/><V46/><F113/><W127/><G127/><T86/><D86/><U22/><E40/><V134/><F29/><W131/><G131/><T50/><D50/><U48/><E48/><V4/><F12/><W91/><G75/><T116/><D116/><U45/><E15/><V57/><F57/><W133/><G51/><T38/><D38/><U54/><E54/><V10/><F46/><W87/><G39/><T97/><D97/><U74/><E74/><V59/><F96/><W82/><G44/><T112/><D112/><U64/><E64/><V3/><F59/><W121/><G36/><T79/><D79/><U119/><E119/><V124/><F124/><W132/><G78/><T49/><D49/><U106/><E106/><V8/><F6/><W122/><G122/><T105/><D105/><U55/><E99/><V73/><F4/><W21/><G121/><T68/><AGARI ba="0,0" hai="33,34,68,69,70" m="423,42058,50282" machi="68" ten="40,12000,1" yaku="19,1,14,1,10,1,23,1" doraHai="71" who="0" fromWho="0" sc="250,120,250,-40,250,-40,250,-40" />
</Scene>
<Scene>
<INIT seed="0,1,0,2,2,135" ten="370,210,210,210" oya="0" hai0="128,124,30,31,22,58,49,74,104,43,48,116,113" hai1="76,119,117,17,47,129,109,28,103,88,62,9,121" hai2="25,70,87,55,102,39,92,13,72,118,4,68,81" hai3="78,71,101,52,120,66,112,37,82,123,1,56,96"/><T20/><D116/><U18/><E121/><N who="3" m="46666" /><G1/><T32/><D113/><U27/><E109/><V134/><F118/><W80/><G37/><T35/><D74/><U5/><E129/><V59/><F39/><W65/><G112/><T61/><D104/><U125/><E103/><V38/><F38/><W91/><G91/><T45/><D128/><U29/><E76/><V42/><F134/><W73/><G80/><T8/><D8/><U105/><E105/><V86/><F42/><W133/><G71/><T50/><D43/><U99/><E47/><V132/><F72/><W67/><G133/><T10/><D10/><U69/><E69/><V19/><F132/><W131/><G131/><T3/><D3/><U51/><E9/><V11/><F70/><W127/><G127/><T79/><D79/><U23/><E125/><V12/><F68/><W44/><G44/><T7/><D45/><U40/><E117/><V21/><F13/><W77/><G77/><T60/><D7/><U15/><E5/><V97/><REACH who="2" step="1"/><F81/><REACH who="2" ten="370,210,200,210" step="2"/><W53/><G56/><T98/><D58/><U34/><E119/><V26/><F26/><W95/><AGARI ba="1,1" hai="52,53,65,66,67,73,78,82,95,96,101" m="46666" machi="95" ten="30,2000,0" yaku="13,1,54,1" doraHai="135" who="3" fromWho="3" sc="370,-11,210,-6,200,-6,210,33" />
</Scene>
<Scene>
<INIT seed="1,0,0,4,1,119" ten="359,204,194,243" oya="1" hai0="45,53,124,13,70,44,128,50,51,103,40,69,27" hai1="28,116,77,97,84,98,3,29,131,85,18,42,105" hai2="11,41,118,39,9,95,94,48,32,7,107,43,5" hai3="52,112,113,88,57,30,93,47,56,110,8,104,99"/><U33/><E116/><V34/><F107/><W72/><G72/><T62/><D103/><U58/><E3/><V121/><F118/><W35/><G110/><T23/><D124/><U25/><E131/><V15/><F48/><W12/><G104/><T90/><D128/><U78/><E42/><V65/><F65/><W61/><G47/><T71/><D90/><U19/><E105/><V101/><F15/><W82/><G82/><T134/><D13/><U127/><E25/><V6/><F6/><W24/><REACH who="3" step="1"/><G57/><REACH who="3" ten="359,204,194,233" step="2"/><T108/><D108/><U38/><E58/><V16/><F39/><W115/><G115/><T67/><D134/><U4/><E38/><V55/><F95/><W79/><G79/><T60/><D60/><U68/><E127/><V133/><F94/><W109/><G109/><T46/><D45/><U49/><E49/><V132/><F132/><W117/><G117/><T135/><D135/><U64/><E78/><V83/><F133/><W21/><G21/><T92/><D92/><U59/><E59/><V63/><F83/><W1/><G1/><T26/><D23/><U54/><E77/><V106/><F106/><W10/><G10/><T96/><D70/><U126/><E126/><V86/><F63/><W2/><G2/><T37/><D69/><U111/><E68/><V73/><F73/><W120/><G120/><T125/><D125/><U31/><E111/><V0/><F121/><W130/><G130/><T89/><D37/><U66/><E33/><V75/><F34/><W129/><G129/><T102/><D71/><U81/><E81/><V114/><F0/><RYUUKYOKU ba="0,1" sc="359,-10,204,-10,194,-10,233,30" hai3="8,12,24,30,35,52,56,61,88,93,99,112,113" />
</Scene>
<Scene>
<INIT seed="2,1,1,4,3,105" ten="349,194,184,263" oya="2" hai0="45,37,90,123,21,20,62,23,106,77,44,93,67" hai1="91,75,35,79,40,66,33,54,1,82,118,59,8" hai2="130,32,71,29,51,12,31,104,72,27,52,18,95" hai3="131,113,108,116,36,134,100,55,73,115,2,64,42"/><V87/><F104/><W68/><RYUUKYOKU type="yao9" ba="1,1" sc="349,0,194,0,184,0,263,0" hai3="2,36,42,55,64,68,73,100,108,113,115,116,131,134" />
</Scene>
<Scene>
<INIT seed="2,2,1,3,3,81" ten="349,194,184,263" oya="2" hai0="101,21,49,46,40,52,67,108,128,115,9,96,24" hai1="100,56,94,113,11,17,72,79,97,54,0,18,104" hai2="103,95,2,126,25,89,13,69,68,92,84,57,44" hai3="73,42,65,33,48,124,32,76,105,85,110,114,102"/><V12/><F2/><W1/><G1/><T63/><D115/><U51/><E113/><V71/><F126/><W16/><G114/><T117/><D108/><U70/><E70/><V27/><F57/><W130/><G110/><T91/><D128/><U122/><E122/><V60/><F60/><W121/><G73/><T87/><D117/><U10/><E10/><V99/><F44/><W28/><G65/><T127/><D9/><U82/><REACH who="1" step="1"/><E104/><REACH who="1" ten="349,184,184,263" step="2"/><V62/><REACH who="2" step="1"/><F62/><REACH who="2" ten="349,184,174,263" step="2"/><W77/><G121/><T132/><D63/><U116/><E116/><V109/><F109/><W30/><G105/><T74/><D127/><U5/><AGARI ba="2,3" hai="0,5,11,17,18,51,54,56,72,79,82,94,97,100" machi="5" ten="30,2000,0" yaku="1,1,0,1,53,0" doraHai="81" doraHaiUra="61" who="1" fromWho="1" sc="349,-7,184,56,174,-12,263,-7" />
</Scene>
<Scene>
<INIT seed="3,0,0,1,1,45" ten="342,240,162,256" oya="3" hai0="62,64,8,110,30,20,19,135,71,27,42,109,56" hai1="118,90,119,34,60,2,32,124,65,1,99,107,21" hai2="48,13,68,87,50,128,74,95,102,79,120,115,100" hai3="37,92,105,54,73,23,114,85,18,0,44,94,112"/><W40/><G73/><T108/><D135/><U83/><E21/><V59/><F68/><W72/><G72/><T76/><D76/><U131/><E131/><V101/><F128/><W130/><G105/><T63/><D42/><U24/><E124/><V111/><F115/><W104/><G104/><T80/><D80/><U91/><E83/><N who="2" m="47615" /><F74/><W125/><G130/><T93/><D93/><U16/><E91/><V116/><F116/><N who="1" m="44585" /><E16/><V70/><F70/><W55/><G0/><N who="1" m="106" /><E24/><V52/><F120/><W61/><G125/><T123/><D123/><U17/><E17/><V12/><F111/><W127/><G127/><T89/><D89/><U84/><E99/><V5/><F95/><W129/><G129/><T88/><D88/><U6/><E6/><V133/><F133/><W58/><G85/><T103/><D103/><U49/><E107/><V15/><F5/><W14/><G114/><T86/><D86/><U38/><E38/><V33/><F33/><W47/><REACH who="3" step="1"/><G112/><REACH who="3" ten="342,240,162,246" step="2"/><T3/><D109/><U4/><E84/><V41/><F41/><W113/><G113/><T25/><D110/><U28/><E90/><V26/><F26/><W78/><G78/><T43/><D108/><U29/><E34/><V96/><F96/><W57/><G57/><T11/><D3/><U10/><E32/><V121/><F121/><W39/><G39/><T31/><D43/><U81/><E81/><V134/><F134/><W7/><G7/><T35/><D31/><U53/><E28/><V98/><F98/><W69/><G69/><T126/><D126/><U66/><E29/><V51/><AGARI ba="0,1" hai="12,13,15,48,50,51,52,59,100,101,102" m="47615" machi="51" ten="40,12000,2" yaku="5,1,8,1,52,3,54,1" doraHai="45" who="2" fromWho="2" sc="342,-30,240,-30,162,130,246,-60" />
</Scene>
<Scene>
<INIT seed="4,0,0,0,0,13" ten="312,210,292,186" oya="0" hai0="54,124,40,105,42,127,90,101,133,72,56,26,19" hai1="21,88,10,24,114,135,117,84,94,34,3,15,45" hai2="63,85,83,20,58,60,7,74,93,61,30,123,82" hai3="55,76,122,99,119,32,120,44,75,65,78,64,113"/><T98/><D72/><U1/><E117/><V46/><F123/><N who="3" m="47147" /><G119/><T110/><D133/><U41/><E34/><V28/><F7/><W112/><G32/><T96/><D110/><U22/><E114/><N who="3" m="44138" /><G99/><T48/><D96/><U132/><E132/><V29/><F74/><W23/><G23/><N who="0" m="13695" /><D90/><U92/><E92/><V134/><F134/><W4/><G4/><T62/><D62/><U107/><E107/><V35/><F35/><W31/><G31/><T118/><D118/><U37/><E135/><V97/><F20/><W108/><G108/><T38/><D38/><U8/><E22/><V116/><F116/><W0/><G0/><T36/><D36/><U129/><E129/><V6/><F6/><W91/><G91/><T57/><D57/><U103/><E103/><V49/><F58/><W89/><G89/><T25/><D25/><U39/><E39/><V100/><F85/><W27/><G27/><T109/><D109/><U16/><E8/><V66/><F66/><N who="3" m="25707" /><G75/><T52/><D54/><AGARI ba="0,0" hai="28,29,30,46,49,54,60,61,63,82,83,93,97,100" machi="54" ten="40,1300,0" yaku="8,1" doraHai="13" who="2" fromWho="0" sc="312,-13,210,0,292,13,186,0" />
</Scene>
<Scene>
<INIT seed="5,0,0,2,3,18" ten="299,210,305,186" oya="1" hai0="104,75,107,74,72,128,123,25,99,28,8,27,67" hai1="91,66,69,89,102,114,61,20,43,71,117,46,5" hai2="127,106,101,45,51,52,3,76,97,48,122,21,132" hai3="22,7,121,63,32,16,62,88,29,56,131,79,135"/><U80/><E117/><V133/><F3/><W113/><G121/><T37/><D37/><U59/><E114/><V68/><F68/><W129/><G113/><T41/><D123/><U130/><E130/><N who="3" m="49674" /><G135/><N who="2" m="51785" /><F122/><W82/><G7/><T53/><D128/><U19/><E5/><V111/><F76/><W124/><G124/><T44/><D67/><U34/><E34/><V100/><F100/><W92/><G29/><T120/><D120/><U0/><E0/><V73/><F73/><N who="3" m="43375" /><G56/><T24/><D8/><U118/><E118/><V33/><F33/><W6/><G6/><T26/><D99/><U13/><E102/><V85/><F85/><N who="3" m="52239" /><G32/><T125/><D125/><U47/><E47/><V119/><F119/><W116/><G116/><T14/><D28/><U70/><REACH who="1" step="1"/><E80/><REACH who="1" ten="299,200,305,186" step="2"/><V38/><F127/><W40/><G40/><T30/><D41/><U95/><E95/><V64/><F45/><W86/><G86/><T81/><D81/><U55/><E55/><V39/><F52/><W11/><G11/><T50/><D74/><U112/><E112/><V78/><F101/><W103/><G103/><T77/><D72/><U108/><E108/><V49/><F64/><W35/><G35/><T96/><D75/><U12/><E12/><AGARI ba="0,1" hai="12,16,22,62,63" m="52239,43375,49674" machi="12" ten="30,7700,0" yaku="19,1,52,1,54,2" doraHai="18" who="3" fromWho="1" sc="299,0,200,-77,305,0,186,87" />
</Scene>
<Scene>
<INIT seed="6,0,0,4,4,76" ten="299,123,305,273" oya="2" hai0="5,69,32,115,46,64,26,86,30,113,123,53,21" hai1="77,105,117,20,101,57,16,49,74,27,108,90,106" hai2="129,132,79,52,28,114,121,13,135,66,97,131,3" hai3="43,81,91,99,65,15,96,42,39,48,120,36,58"/><V29/><F3/><W38/><G120/><T87/><D123/><U37/><E37/><V107/><F79/><W111/><G111/><T7/><D69/><U125/><E108/><V71/><F121/><W116/><G116/><T1/><D64/><U14/><E125/><V130/><F114/><N who="0" m="43530" /><D32/><U19/><E117/><V102/><F13/><W67/><G15/><T73/><D73/><U126/><E126/><V68/><F29/><W4/><G4/><N who="0" m="1611" /><D1/><U59/><E90/><V70/><F28/><W47/><G43/><T118/><D118/><U54/><E101/><V50/><REACH who="2" step="1"/><F66/><REACH who="2" ten="299,123,295,273" step="2"/><W134/><G65/><T92/><D30/><U124/><E124/><V45/><AGARI ba="0,1" hai="45,50,52,68,70,71,97,102,107,129,130,131,132,135" machi="45" ten="40,12000,1" yaku="1,1,2,1,0,1,19,1,54,1,53,0" doraHai="76" doraHaiUra="109" who="2" fromWho="2" sc="299,-40,123,-40,295,130,273,-40" />
</Scene>
<Scene>
<INIT seed="6,1,0,5,5,88" ten="259,83,425,233" oya="2" hai0="24,4,27,86,123,131,110,6,51,130,91,93,3" hai1="66,35,20,13,71,119,125,76,112,50,72,107,134" hai2="69,39,92,60,0,61,84,47,85,94,132,34,52" hai3="38,79,36,99,118,46,67,33,65,23,56,63,127"/><V30/><F0/><W117/><G33/><T64/><D110/><U80/><E13/><V103/><F132/><W44/><G79/><T62/><D123/><U14/><E119/><V106/><F106/><W124/><G23/><T19/><D51/><U101/><E112/><V77/><F103/><W2/><G99/><T113/><D113/><U109/><E109/><V15/><F69/><W121/><G2/><T126/><D126/><U73/><E125/><N who="3" m="48202" /><G121/><T16/><D27/><U114/><E114/><V102/><F30/><W90/><G90/><T41/><D41/><U104/><E134/><V57/><F34/><W78/><G78/><T25/><D25/><U10/><E35/><V68/><F102/><W5/><G5/><N who="0" m="2155" /><D24/><U111/><E20/><V75/><F75/><W133/><G133/><T98/><D98/><U53/><E111/><V115/><F115/><W59/><G59/><N who="0" m="36959" /><D3/><U70/><E73/><V58/><F68/><W83/><G65/><T135/><D135/><U31/><E31/><V120/><F120/><W11/><G38/><T48/><D19/><U54/><E66/><N who="2" m="39183" /><F15/><W116/><G36/><T87/><D16/><U42/><E107/><V82/><F39/><W128/><G118/><T96/><D48/><U7/><E104/><V45/><F85/><W18/><G117/><T89/><D87/><U108/><E108/><V1/><F1/><W55/><G63/><T37/><D37/><U22/><E101/><V17/><F17/><W49/><G18/><T43/><D43/><U26/><E42/><V21/><F61/><W95/><G116/><T8/><D8/><RYUUKYOKU ba="1,0" sc="259,30,83,-10,425,-10,233,-10" hai0="86,89,91,93,96,130,131" />
</Scene>
<Scene>
<INIT seed="7,2,0,1,4,113" ten="289,73,415,223" oya="3" hai0="82,87,98,41,36,32,96,135,9,15,38,110,14" hai1="124,11,29,125,84,45,79,73,92,64,80,83,3" hai2="2,23,42,61,65,132,39,60,126,66,7,119,33" hai3="117,118,131,51,0,1,35,102,46,28,55,69,75"/><W58/><G69/><T48/><D110/><U72/><E64/><V50/><F33/><W76/><G102/><T8/><D32/><U59/><E59/><V123/><F39/><W34/><G75/><T100/><D135/><U21/><E21/><V12/><F119/><W44/><G76/><N who="0" m="46535" /><D38/><U127/><E29/><V40/><F2/><W128/><G58/><T18/><D36/><U85/><E11/><V56/><F132/><W97/><G97/><N who="0" m="37483" /><D100/><U52/><E3/><V116/><F56/><W47/><G47/><N who="0" m="25711" /><D15/><U57/><E45/><V49/><F116/><W99/><G99/><T101/><D101/><U107/><E107/><V13/><F7/><W27/><G51/><T121/><D121/><U93/><E57/><V53/><F23/><AGARI ba="2,0" hai="8,9,14,18,23" m="25711,37483,46535" machi="23" ten="30,1000,0" yaku="8,1" doraHai="113" who="0" fromWho="2" sc="289,16,73,0,415,-16,223,0" owari="305,11.0,73,-43.0,399,50.0,223,-18.0" />
</Scene>
</mjloggm>