<mjloggm ver="2.3"><GO type="41"/><UN n0="%E3%81%B0%E3%83%BC%E3%82%8D%E3%83%BC%2E" n1="%E5%A4%AA%E3%81%8F%E3%81%AA%E3%81%84%E3%81%8A" n2="%6D%6F%74%6F%79%61" n3="%E3%82%AA%E3%83%83%E3%82%AD%E3%83%BC%E3%83%8A%E2%99%AA" dan="14,15,14,15" rate="1930,2040,1912,1918" sx="F,M,M,F"/><TAIKYOKU oya="0"/>

<Scene>
<INIT seed="0,0,0,5,0,11" ten="250,250,250,250" oya="0" hai0="92,39,1,44,117,71,17,89,51,55,121,90,53" hai1="7,98,28,70,58,12,134,118,24,84,86,45,115" hai2="129,94,5,14,64,37,34,0,19,93,111,65,123" hai3="60,108,29,114,61,127,126,96,125,81,91,41,25"/><T131/><D117/><U63/><E70/><V80/><F123/><W9/><G114/><T38/><D121/><U100/><E118/><V57/><F37/><W46/><G108/><T105/><D71/><U15/><E134/><V112/><F112/><W59/><G9/><T43/><D105/><U2/><E2/><V62/><F34/><W135/><G135/><T87/><D1/><U33/><E45/><V73/><F111/><W66/><G61/><T22/><D131/><U113/><E84/><V72/><F129/><W27/><G29/><T85/><D39/><U107/><E115/><V56/><F5/><W120/><G120/><T124/><D38/><U13/><E113/><V52/><F0/><W102/><G81/><T4/><D4/><U67/><REACH who="1" step="1"/><E86/><REACH who="1" ten="250,240,250,250" step="2"/><V23/><F73/><W77/><G77/><T10/><D124/><U42/><E42/><V76/><REACH who="2" step="1"/><F64/><REACH who="2" ten="250,240,240,250" step="2"/><W110/><G66/><T49/><D43/><U95/><E95/><V101/><F101/><W26/><G102/><T16/><D92/><U30/><E30/><V132/><F132/><W78/><G41/><T99/><D53/><U130/><E130/><V36/><F36/><W122/><G125/><T128/><D128/><U106/><E106/><V40/><F40/><W47/><G126/><T104/><D104/><U18/><E18/><V97/><F97/><W35/><G96/><T116/><D99/><U69/><E69/><V31/><F31/><W20/><G127/><T133/><D17/><U21/><E21/><V103/><F103/><W83/><G20/><T8/><D133/><U119/><E119/><RYUUKYOKU ba="0,2" sc="250,-15,240,15,240,15,250,-15" hai1="7,12,13,15,24,28,33,58,63,67,98,100,107" hai2="14,19,23,52,56,57,62,65,72,76,80,93,94" />
</Scene>
<Scene>
<INIT seed="1,1,2,5,5,19" ten="235,255,255,235" oya="1" hai0="23,107,87,114,39,116,13,57,120,69,48,85,67" hai1="91,47,44,28,109,37,29,32,118,52,54,53,42" hai2="27,134,131,31,77,122,132,58,59,129,9,124,11" hai3="117,115,46,84,68,100,33,76,45,97,20,18,63"/><U4/><E118/><V38/><F38/><W41/><G115/><T96/><D69/><U56/><E109/><V127/><F122/><W105/><G117/><T0/><D0/><U80/><E4/><V74/><F74/><W12/><G33/><T128/><D116/><U75/><E32/><N who="2" m="20607" /><F77/><W108/><G108/><T51/><D120/><U95/><E47/><V5/><F58/><W2/><G2/><T1/><D1/><U72/><E56/><V34/><F34/><W26/><G26/><T113/><D39/><U79/><REACH who="1" step="1"/><E75/><REACH who="1" ten="235,245,255,235" step="2"/><V125/><F59/><W15/><G45/><T81/><D57/><U82/><E82/><V92/><F92/><W89/><G68/><T24/><D81/><U66/><E66/><V65/><F65/><W99/><G63/><T135/><D67/><U17/><E17/><V30/><F30/><W112/><G46/><T16/><D114/><U50/><E50/><V126/><F126/><W88/><G112/><T55/><D113/><U62/><E62/><V93/><F93/><N who="3" m="56495" /><G41/><T71/><D71/><U10/><E10/><N who="2" m="3595" /><F5/><W98/><G18/><T123/><D51/><U130/><E130/><AGARI ba="1,3" hai="124,125,127,129,130,131,132,134" m="3595,20607" machi="130" ten="40,12000,2" yaku="30,2,18,1,19,1,34,2" doraHai="19" who="2" fromWho="1" sc="235,0,245,-123,255,153,235,0" />
</Scene>
<Scene>
<INIT seed="2,0,0,0,3,102" ten="235,122,408,235" oya="2" hai0="45,17,79,69,129,85,9,39,50,93,134,121,29" hai1="44,128,10,34,60,6,27,76,110,103,122,13,23" hai2="31,125,35,65,47,130,41,120,3,132,66,42,38" hai3="22,14,48,15,58,84,28,112,97,78,92,124,67"/><V55/><F120/><W12/><G124/><T59/><D69/><U8/><E110/><V83/><F3/><W118/><G118/><T91/><D121/><U46/><E122/><V95/><F125/><W80/><G112/><T115/><D115/><U70/><E34/><V107/><F130/><W5/><G5/><T113/><D129/><U89/><E128/><V32/><F132/><W101/><G48/><T98/><D134/><U87/><E76/><V114/><F114/><W21/><REACH who="3" step="1"/><G28/><REACH who="3" ten="235,122,408,225" step="2"/><T73/><D113/><U0/><E6/><V26/><F31/><W77/><G77/><T86/><D29/><U94/><E0/><V133/><F133/><W63/><AGARI ba="0,1" hai="12,14,15,21,22,58,63,67,78,80,84,92,97,101" machi="63" ten="30,8000,1" yaku="1,1,0,1,8,1,53,2" doraHai="102" doraHaiUra="18" who="3" fromWho="3" sc="235,-20,122,-20,408,-40,225,90" />
</Scene>
<Scene>
<INIT seed="3,0,0,2,5,95" ten="215,102,368,315" oya="3" hai0="63,21,67,34,66,127,113,36,79,114,48,80,50" hai1="6,43,78,62,81,53,77,31,104,56,5,32,72" hai2="86,84,16,35,115,75,57,41,64,131,92,33,112" hai3="1,8,91,15,135,102,88,110,13,74,37,68,29"/><W19/><G68/><T22/><D34/><U97/><E43/><V89/><F75/><W47/><G74/><T30/><D36/><U87/><E32/><V28/><F131/><W40/><G1/><T106/><D106/><U128/><E128/><V12/><F41/><W58/><G135/><T17/><D127/><U101/><E31/><V71/><F71/><W105/><G29/><T126/><D126/><U65/><E78/><V46/><F46/><W61/><G110/><T55/><D30/><U24/><E24/><V107/><F107/><W120/><G120/><T27/><D114/><U18/><E18/><V14/><F14/><W0/><G0/><T25/><D113/><U20/><E20/><V130/><F130/><W111/><G111/><T70/><D66/><U3/><E3/><V103/><F103/><W52/><REACH who="3" step="1"/><G15/><REACH who="3" ten="215,102,368,305" step="2"/><T122/><D122/><U60/><REACH who="1" step="1"/><E72/><REACH who="1" ten="215,92,368,305" step="2"/><V45/><F112/><W51/><G51/><T59/><D50/><U98/><E98/><AGARI ba="0,2" hai="8,13,19,37,40,47,52,58,61,88,91,98,102,105" machi="98" ten="40,12000,1" yaku="1,1,52,1,54,2,53,0" doraHai="95" doraHaiUra="82" who="3" fromWho="1" sc="215,0,92,-120,368,0,305,140" owari="215,-18.0,-28,-53.0,368,17.0,445,54.0" />
</Scene>
</mjloggm>