<mjloggm ver="2.3"><GO type="129"/><UN n0="%E5%A4%AA%E3%81%8F%E3%81%AA%E3%81%84%E3%81%8A" n1="%E3%83%99%E3%83%AA%E3%83%BC%E3%83%A1%E3%83%AD%E3%83%B3" n2="%E3%81%B6%E3%82%93%E3%81%94%E3%82%8D%E3%81%86" n3="%66%65%7A%EF%BD%9A" dan="12,13,13,13" rate="1907,1756,1765,1677" sx="M,F,M,M"/><TAIKYOKU oya="0"/>

<Scene>
<INIT seed="0,0,0,5,3,111" ten="250,250,250,250" oya="0" hai0="107,61,10,112,66,73,32,79,100,48,78,44,17" hai1="81,18,24,29,71,56,135,62,4,118,89,11,58" hai2="31,110,124,104,90,76,93,14,50,80,15,98,134" hai3="125,43,97,46,36,94,119,83,87,55,96,40,47"/><T99/><D112/><U6/><E118/><V35/><F110/><W16/><G119/><T22/><D32/><U122/><E122/><V123/><F123/><W39/><G125/><T2/><D73/><U117/><E117/><V28/><F124/><W42/><G42/><T21/><D10/><U126/><E126/><V3/><F3/><W82/><G55/><T30/><D2/><U45/><E135/><V8/><F134/><W131/><G131/><T74/><D30/><U9/><E45/><V1/><F1/><W114/><G114/><T127/><D127/><U65/><E18/><V59/><F104/><W38/><G38/><T23/><D74/><U19/><E19/><V95/><F93/><W54/><G54/><T26/><D79/><U27/><E27/><V108/><F108/><W132/><G132/><T12/><D78/><U113/><E113/><V64/><F35/><W102/><G87/><T53/><REACH who="0" step="1"/><D26/><REACH who="0" ten="240,250,250,250" step="2"/><U25/><E29/><V5/><F28/><W103/><REACH who="3" step="1"/><G16/><REACH who="3" ten="240,250,250,240" step="2"/><T69/><AGARI ba="0,2" hai="12,17,21,22,23,44,48,53,61,66,69,99,100,107" machi="69" ten="20,12000,1" yaku="1,1,2,1,0,1,7,1,53,1" doraHai="111" doraHaiUra="13" who="0" fromWho="0" sc="240,140,250,-40,250,-40,240,-40" />
</Scene>
<Scene>
<INIT seed="0,1,0,2,4,112" ten="380,210,210,200" oya="0" hai0="86,39,118,27,114,16,8,128,70,17,19,92,50" hai1="53,72,101,67,85,103,26,113,88,75,32,123,73" hai2="91,4,6,29,60,15,99,52,102,11,13,100,35" hai3="130,45,77,58,97,57,80,106,14,63,94,51,46"/><T30/><D118/><U21/><E113/><V109/><F35/><W7/><G106/><T81/><D39/><U43/><E32/><V18/><F29/><W93/><G130/><T133/><D114/><U110/><E123/><V104/><F109/><W74/><G51/><T47/><D70/><U121/><E121/><V76/><F76/><W98/><G7/><T33/><D128/><U61/><E43/><V64/><F104/><W68/><G14/><T134/><D92/><U117/><E110/><V20/><F6/><W59/><G68/><T89/><REACH who="0" step="1"/><D8/><REACH who="0" ten="370,210,210,200" step="2"/><U115/><E115/><V120/><F120/><W56/><G94/><T124/><D124/><U55/><E117/><V95/><REACH who="2" step="1"/><F52/><AGARI ba="1,1" hai="16,17,19,27,30,33,47,50,52,81,86,89,133,134" machi="52" ten="40,12000,1" yaku="1,1,54,2,53,1" doraHai="112" doraHaiUra="48" who="0" fromWho="2" sc="370,133,210,0,210,-123,200,0" />
</Scene>
<Scene>
<INIT seed="0,2,0,4,5,135" ten="503,210,87,200" oya="0" hai0="58,128,24,115,47,5,89,127,74,111,67,10,23" hai1="37,49,50,120,88,30,40,41,134,101,122,86,113" hai2="104,90,51,46,119,70,57,71,116,7,108,42,39" hai3="62,61,22,48,110,4,78,87,53,32,129,8,92"/><T118/><D118/><N who="2" m="45098" /><F7/><W130/><G32/><T52/><D115/><U98/><E113/><V97/><F90/><N who="3" m="53343" /><G78/><T26/><D74/><U36/><E134/><V3/><F3/><N who="3" m="31" /><G22/><T95/><D128/><N who="3" m="49257" /><G110/><T68/><D111/><U82/><E30/><V81/><F81/><W117/><G117/><T14/><D68/><N who="2" m="26154" /><F97/><W94/><G94/><T106/><D106/><U112/><E112/><V84/><F84/><W99/><G99/><T102/><D102/><U55/><E36/><V35/><F35/><W107/><G107/><T125/><D67/><U76/><E37/><V63/><F104/><W105/><G105/><T64/><D64/><U72/><E76/><V25/><F25/><W126/><G126/><N who="0" m="48139" /><D47/><AGARI ba="2,0" hai="47,48,53,61,62" m="49257,31,53343" machi="47" ten="30,1000,0" yaku="19,1" doraHai="135" who="3" fromWho="0" sc="503,-16,210,0,87,0,200,16" />
</Scene>
<Scene>
<INIT seed="1,0,0,3,4,70" ten="487,210,87,216" oya="1" hai0="91,118,61,54,123,110,65,1,34,76,121,43,92" hai1="134,93,59,6,74,127,45,50,33,77,128,4,22" hai2="60,83,27,101,104,115,8,84,5,111,106,3,86" hai3="24,67,85,103,109,32,120,107,37,2,96,39,122"/><U48/><E134/><V55/><F111/><W133/><G2/><T68/><D118/><U41/><E33/><V18/><F115/><W13/><G133/><T12/><D1/><U135/><E135/><V56/><F84/><W72/><G72/><T42/><D34/><U71/><E71/><V57/><F57/><W31/><G109/><T46/><D76/><U89/><E128/><V80/><F83/><W131/><G131/><T16/><D110/><U38/><E127/><V105/><F106/><W69/><G85/><N who="0" m="52335" /><D54/><U116/><E116/><V95/><F18/><W17/><G17/><T21/><D46/><U94/><E77/><V26/><F105/><W10/><G13/><T108/><D108/><U73/><E22/><V129/><F129/><W117/><G10/><T124/><D124/><U28/><E28/><V20/><F104/><W15/><G15/><T75/><D75/><U35/><E35/><V25/><F95/><W119/><G119/><T36/><D36/><N who="3" m="13897" /><G117/><T9/><D9/><U100/><E100/><V87/><F101/><W66/><G66/><T130/><D130/><U99/><E73/><V79/><F86/><W132/><G132/><T11/><D11/><U81/><E74/><V40/><F40/><W126/><G126/><T125/><D125/><U88/><E81/><V47/><F47/><W113/><G113/><T0/><D0/><U102/><E102/><V44/><F44/><W82/><G82/><T53/><D53/><N who="1" m="32167" /><E38/><V62/><F62/><AGARI ba="0,0" hai="24,31,32,62,67,69,96,103,107,120,122" m="13897" machi="62" ten="30,8000,1" yaku="25,1,23,1,52,3" doraHai="70" who="3" fromWho="2" sc="487,0,210,0,87,-80,216,80" />
</Scene>
<Scene>
<INIT seed="2,0,0,0,1,64" ten="487,210,7,296" oya="2" hai0="7,57,47,86,111,127,20,76,34,36,75,67,14" hai1="121,89,6,124,133,73,79,17,33,128,102,53,126" hai2="87,9,58,123,120,4,104,12,51,10,2,70,84" hai3="48,109,63,125,81,105,83,22,65,25,15,19,88"/><V93/><F70/><W82/><G105/><T30/><D34/><U77/><E33/><V71/><F104/><W99/><G109/><T24/><D111/><U117/><E117/><V129/><F129/><W23/><G125/><N who="1" m="48234" /><E128/><V118/><F118/><W114/><G114/><T78/><D127/><U56/><E121/><V131/><F71/><W132/><G132/><T46/><D75/><U130/><E133/><V60/><F131/><W68/><G48/><T39/><D39/><U96/><E130/><V72/><F51/><W134/><G134/><T100/><D100/><U31/><E89/><V1/><F72/><W116/><G116/><T92/><D36/><U97/><E6/><V135/><F135/><W28/><REACH who="3" step="1"/><G99/><REACH who="3" ten="487,210,7,286" step="2"/><N who="1" m="37962" /><E102/><V13/><F123/><W90/><AGARI ba="0,1" hai="15,19,22,23,25,28,63,65,68,81,82,83,88,90" machi="90" ten="30,8000,1" yaku="1,1,0,1,52,1,54,1,53,1" doraHai="64" doraHaiUra="61" who="3" fromWho="3" sc="487,-20,210,-20,7,-40,286,90" owari="467,56.0,190,-21.0,-33,-53.0,376,18.0" />
</Scene>
</mjloggm>