<mjloggm ver="2.3"><GO type="169"/><UN n0="%E3%83%87%E3%82%B8%E3%82%BF%E3%83%AB%E4%BB%99%E4%BA%BA" n1="%E5%A4%AA%E3%81%8F%E3%81%AA%E3%81%84%E3%81%8A" n2="%E5%A4%A9%E5%9F%8E%E5%B0%8F%E6%AC%A1%E9%83%8E" n3="%6E%69%6A%69" dan="18,17,16,16" rate="2188,2147,2036,2084" sx="F,M,M,M"/><TAIKYOKU oya="0"/>

<Scene>
<INIT seed="0,0,0,1,0,91" ten="250,250,250,250" oya="0" hai0="67,27,81,132,82,38,74,72,62,34,66,11,95" hai1="10,25,79,48,89,105,92,55,78,101,45,15,7" hai2="113,125,135,104,71,75,56,40,8,106,80,121,99" hai3="65,122,98,96,20,118,107,49,59,111,73,70,2"/><T115/><D38/><U128/><E128/><V88/><F71/><W5/><G73/><T6/><D115/><U133/><E133/><V77/><F40/><W21/><G70/><T87/><D132/><U18/><E101/><V41/><F41/><W60/><G107/><N who="2" m="41001" /><F56/><W35/><G35/><T43/><D43/><U61/><E105/><V120/><F8/><W102/><G5/><T76/><D27/><U108/><E108/><V53/><F53/><W32/><G111/><T23/><D23/><N who="1" m="13559" /><E61/><V69/><F69/><W68/><G32/><T52/><D34/><U110/><E110/><V109/><F135/><W50/><G2/><T86/><D11/><U14/><E14/><V134/><F134/><W114/><G114/><T1/><D6/><U97/><AGARI ba="0,0" hai="7,10,15,45,48,55,78,79,89,92,97" m="13559" machi="97" ten="30,2000,0" yaku="8,1,52,1" doraHai="91" who="1" fromWho="1" sc="250,-10,250,20,250,-5,250,-5" />
</Scene>
<Scene>
<INIT seed="1,0,0,5,5,121" ten="240,270,245,245" oya="1" hai0="11,126,62,51,85,39,2,69,115,134,21,76,40" hai1="104,89,50,87,48,60,28,107,54,96,59,105,77" hai2="111,72,78,73,67,93,55,114,117,10,30,61,46" hai3="75,14,79,32,52,106,100,103,53,41,124,110,109"/><U26/><E77/><V37/><F117/><W56/><G32/><T129/><D115/><U42/><E96/><V7/><F114/><W15/><G124/><T1/><D126/><U36/><E36/><V23/><F78/><W123/><G123/><T95/><D39/><U127/><E127/><V12/><F93/><W82/><G41/><T71/><D129/><U108/><E42/><V33/><F33/><W128/><G128/><T101/><D21/><U94/><REACH who="1" step="1"/><E108/><REACH who="1" ten="240,260,245,245" step="2"/><N who="3" m="41578" /><G106/><T130/><D130/><U119/><E119/><V102/><F111/><W3/><G3/><T49/><D76/><U74/><E74/><V84/><F73/><W91/><G91/><T34/><D40/><U97/><E97/><V116/><F72/><W58/><G103/><T35/><D101/><U90/><E90/><V83/><F102/><W0/><G100/><T131/><D131/><U5/><E5/><V18/><F7/><W92/><G0/><T24/><D2/><U66/><E66/><V68/><F67/><W13/><G92/><T27/><D95/><U133/><E133/><V9/><F116/><W4/><G4/><T31/><D134/><U132/><E132/><V118/><F118/><W17/><G17/><T44/><D1/><U125/><E125/><V70/><F18/><W98/><G98/><T25/><D34/><AGARI ba="0,1" hai="26,28,34,48,50,54,59,60,87,89,94,104,105,107" machi="34" ten="40,2000,0" yaku="1,1,53,0" doraHai="121" doraHaiUra="135" who="1" fromWho="0" sc="240,-20,260,30,245,0,245,0" />
</Scene>
<Scene>
<INIT seed="1,1,0,2,2,92" ten="220,290,245,245" oya="1" hai0="133,103,108,117,42,72,80,63,98,58,77,81,65" hai1="82,11,1,40,30,67,48,99,123,54,41,101,106" hai2="129,46,38,51,121,8,128,132,84,91,12,55,22" hai3="39,25,114,61,62,125,17,14,31,56,73,19,100"/><U15/><E123/><V134/><F121/><W32/><G73/><T64/><D117/><U7/><E67/><V36/><F22/><W124/><G39/><N who="2" m="14889" /><F91/><W89/><G114/><T70/><D133/><N who="2" m="51306" /><F84/><W29/><G100/><T60/><D108/><U88/><E30/><V87/><F87/><W127/><G29/><T37/><D81/><U9/><E82/><V5/><AGARI ba="1,0" hai="5,8,12,46,51,55,128,129" m="51306,14889" machi="5" ten="40,1500,0" yaku="20,1" doraHai="92" who="2" fromWho="2" sc="220,-5,290,-8,245,18,245,-5" />
</Scene>
<Scene>
<INIT seed="2,0,0,2,2,13" ten="215,282,263,240" oya="2" hai0="114,84,96,77,34,67,85,9,78,39,90,50,45" hai1="46,80,20,27,63,73,64,82,4,26,49,95,31" hai2="6,132,101,105,2,131,53,93,25,66,102,5,3" hai3="32,100,110,29,121,59,130,99,57,86,54,47,69"/><V10/><F105/><W60/><G69/><T36/><D34/><U15/><E73/><V71/><F132/><W43/><G121/><T89/><D114/><U74/><E74/><V14/><F131/><W8/><G130/><T75/><D67/><U83/><E95/><V94/><F14/><W128/><G128/><T124/><D124/><U92/><E92/><V7/><F25/><W97/><G29/><T62/><D62/><U33/><E15/><V24/><F24/><W30/><G30/><T55/><D75/><U106/><E106/><V91/><F53/><W125/><G32/><T79/><D96/><U111/><E4/><V41/><F41/><W51/><G8/><T38/><REACH who="0" step="1"/><D9/><REACH who="0" ten="205,282,263,240" step="2"/><U56/><E111/><V37/><F10/><W28/><G110/><T87/><AGARI ba="0,1" hai="36,38,39,45,50,55,77,78,79,84,85,87,89,90" machi="87" ten="40,8000,1" yaku="1,1,2,1,0,1,29,2,53,0" doraHai="13" doraHaiUra="98" who="0" fromWho="0" sc="205,90,282,-20,263,-40,240,-20" />
</Scene>
<Scene>
<INIT seed="3,0,0,3,3,57" ten="295,262,223,220" oya="3" hai0="74,26,43,59,118,107,66,89,45,71,86,106,108" hai1="31,112,25,14,37,123,132,54,6,15,104,65,119" hai2="131,128,124,56,61,73,23,100,78,76,80,114,135" hai3="0,88,29,102,33,20,46,93,19,90,75,103,28"/><W44/><G75/><T120/><D118/><U2/><E37/><V113/><F124/><W133/><G0/><T105/><D74/><U81/><E104/><V62/><F135/><W67/><G133/><T77/><D120/><U70/><E132/><V87/><F100/><N who="3" m="38443" /><G33/><T134/><D134/><U18/><E123/><V48/><F73/><W117/><G117/><T1/><D77/><U92/><E81/><V98/><F98/><N who="3" m="57639" /><G90/><T85/><D71/><U5/><E2/><V22/><F48/><W32/><G32/><T127/><D1/><U38/><E70/><V122/><F122/><W99/><G99/><T68/><D68/><U7/><E38/><V111/><F80/><W101/><G67/><T4/><D66/><U96/><E65/><V129/><F87/><W64/><G64/><T69/><D69/><U95/><E112/><V126/><F131/><W41/><N who="3" m="38451" /><W94/><DORA hai="58" /><G94/><T130/><D130/><U35/><E119/><V27/><F128/><W83/><G83/><T79/><D107/><U39/><E39/><V121/><F129/><W82/><G82/><T11/><D89/><U116/><E116/><V72/><F72/><W21/><G41/><T10/><D43/><U110/><E95/><V91/><F121/><W16/><G28/><T3/><D3/><U51/><E92/><V47/><F114/><W63/><G63/><T115/><D106/><U109/><E96/><V17/><F113/><W13/><G29/><T55/><D105/><U125/><E31/><V84/><F91/><W9/><G9/><T50/><D115/><U60/><E35/><RYUUKYOKU ba="0,0" sc="295,-10,262,-10,223,-10,220,30" hai3="13,16,19,20,21,44,46" />
</Scene>
<Scene>
<INIT seed="3,1,0,0,1,18" ten="285,252,213,250" oya="3" hai0="125,124,51,86,95,77,20,38,16,127,6,71,41" hai1="109,43,56,28,78,114,96,39,72,82,60,11,2" hai2="97,25,91,26,87,0,107,70,108,99,55,31,102" hai3="129,85,47,27,119,64,54,115,5,111,17,128,21"/><W40/><G119/><T69/><D6/><N who="1" m="1495" /><E114/><V58/><F70/><W52/><G115/><T19/><D19/><U94/><E28/><V84/><F0/><W49/><G5/><T122/><D38/><U30/><E30/><V32/><F108/><W133/><G111/><T112/><D122/><U76/><E76/><V73/><F73/><W105/><G105/><T14/><D112/><U100/><E109/><V123/><F123/><W110/><G110/><T80/><D95/><U42/><E42/><V65/><F25/><W63/><G85/><T88/><D77/><U135/><E56/><V29/><F29/><W118/><G133/><T4/><D4/><U120/><E60/><V1/><F1/><W116/><G116/><T9/><D9/><U67/><E67/><V83/><F65/><W131/><G118/><T92/><D80/><U74/><E74/><V90/><F97/><W101/><G101/><T121/><D121/><U126/><E120/><V134/><F134/><W15/><G27/><T34/><D34/><U68/><E135/><V46/><F46/><AGARI ba="1,0" hai="14,16,20,41,46,51,69,71,86,88,92,124,125,127" machi="46" ten="40,8000,1" yaku="18,1,52,1,54,2" doraHai="18" who="0" fromWho="2" sc="285,83,252,0,213,-83,250,0" />
</Scene>
<Scene>
<INIT seed="4,0,0,0,5,106" ten="368,252,130,250" oya="0" hai0="107,6,86,85,103,124,49,93,57,80,35,135,28" hai1="74,92,52,134,112,63,34,4,65,58,84,53,21" hai2="8,119,81,62,5,126,95,75,15,29,133,31,120" hai3="19,26,30,70,78,2,69,113,98,47,39,94,89"/><T132/><D6/><U55/><E34/><V96/><F120/><W51/><G39/><T117/><D117/><U110/><E110/><V105/><F105/><W16/><G2/><T77/><D28/><U60/><E134/><N who="0" m="51241" /><D35/><U37/><E37/><V59/><F133/><W46/><G113/><T45/><D57/><N who="1" m="37103" /><E74/><V36/><F36/><W56/><G78/><T90/><D124/><U122/><E122/><V79/><F126/><W25/><G69/><T109/><D109/><U82/><E112/><V3/><F3/><W7/><G7/><T118/><D118/><U101/><E4/><V116/><F116/><W40/><G70/><T99/><D49/><U42/><E42/><V76/><F76/><W87/><G47/><AGARI ba="0,0" hai="45,47,77,80,85,86,90,93,99,103,107" m="51241" machi="47" ten="30,1500,0" yaku="20,1" doraHai="106" who="0" fromWho="3" sc="368,15,252,0,130,0,250,-15" />
</Scene>
<Scene>
<INIT seed="4,1,0,5,3,100" ten="383,252,130,235" oya="0" hai0="70,114,88,81,78,19,54,132,41,133,95,50,64" hai1="119,98,87,82,129,94,76,105,49,83,40,46,10" hai2="96,120,118,123,34,134,61,63,33,85,57,101,53" hai3="35,23,48,69,4,112,72,31,6,131,109,11,39"/><T18/><D41/><U26/><E129/><V68/><F134/><N who="0" m="51818" /><D114/><U93/><E119/><V17/><F118/><W89/><G69/><T16/><D64/><U128/><E128/><V38/><F38/><W55/><G72/><N who="0" m="43207" /><D70/><U21/><E83/><V60/><F85/><W103/><G39/><T102/><D102/><U110/><E110/><V42/><F42/><W62/><G109/><T73/><D73/><U75/><E75/><V113/><F113/><W111/><G103/><T37/><D37/><U130/><E130/><V7/><F68/><W115/><G131/><T13/><D13/><U9/><E105/><V104/><F120/><W15/><G111/><T27/><D27/><U121/><E121/><V86/><F123/><W44/><G112/><T1/><D1/><U22/><E93/><V117/><F117/><W58/><G15/><T14/><D14/><U97/><E97/><V2/><F2/><W99/><G99/><N who="0" m="57831" /><D18/><U125/><E26/><V30/><F7/><W80/><G4/><T28/><D28/><U24/><E24/><V12/><F30/><W65/><G6/><T92/><D92/><U79/><E94/><V84/><F33/><W71/><G35/><T29/><D29/><U126/><E40/><V127/><F34/><W36/><G71/><T77/><D77/><U56/><E79/><V91/><F12/><W66/><G36/><T3/><D3/><U47/><E76/><V45/><F17/><W74/><G31/><T124/><D124/><U43/><E125/><V67/><F127/><W5/><G115/><T108/><D108/><U51/><E126/><RYUUKYOKU ba="1,0" sc="383,30,252,-10,130,-10,235,-10" hai0="16,19,50,54" />
</Scene>
<Scene>
<INIT seed="4,2,0,4,0,117" ten="413,242,120,225" oya="0" hai0="85,34,116,44,130,120,72,13,69,133,25,28,3" hai1="96,48,122,19,20,129,42,57,111,50,76,15,74" hai2="8,51,18,5,38,95,41,107,39,9,110,128,47" hai3="55,77,11,127,105,63,33,54,37,90,92,7,99"/><T89/><D3/><U101/><E111/><V22/><F110/><W79/><G37/><T75/><D116/><U10/><E129/><V86/><F107/><W14/><G33/><T114/><D130/><U49/><E122/><V112/><F128/><W115/><G127/><T46/><D69/><U134/><E134/><V35/><F35/><W16/><G115/><T43/><D120/><U81/><E57/><V0/><F112/><W64/><G105/><T2/><D2/><U23/><REACH who="1" step="1"/><E42/><REACH who="1" ten="413,232,120,225" step="2"/><V109/><F109/><W121/><G121/><T84/><D133/><U126/><E126/><V119/><F119/><W12/><G77/><T24/><D43/><U71/><E71/><V78/><F78/><W40/><G79/><T93/><D114/><U124/><E124/><V29/><F41/><W52/><G40/><T21/><D46/><U58/><E58/><V103/><F47/><W91/><G90/><T73/><D44/><U60/><E60/><V135/><F135/><W70/><REACH who="3" step="1"/><G55/><REACH who="3" ten="413,232,120,215" step="2"/><T26/><D89/><U88/><E88/><V6/><F38/><W132/><G132/><T67/><D34/><U94/><AGARI ba="2,2" hai="10,15,19,20,23,48,49,50,74,76,81,94,96,101" machi="94" ten="30,2000,0" yaku="1,1,0,1,53,0" doraHai="117" doraHaiUra="61" who="1" fromWho="1" sc="413,-12,232,46,120,-7,215,-7" />
</Scene>
<Scene>
<INIT seed="5,0,0,3,3,119" ten="401,278,113,208" oya="1" hai0="113,63,68,38,46,40,98,32,133,131,111,72,134" hai1="86,49,25,22,112,52,11,47,64,12,132,121,135" hai2="105,93,51,101,16,26,44,85,114,60,128,80,41" hai3="104,8,42,39,120,20,36,125,6,2,130,129,118"/><U48/><E112/><V103/><F128/><W88/><G104/><T57/><D131/><N who="3" m="50185" /><G118/><T3/><D72/><U124/><E124/><V45/><F105/><W91/><G125/><T7/><D32/><U28/><E64/><V94/><F114/><W76/><G76/><T74/><D74/><U90/><E49/><V69/><F103/><W97/><G42/><T59/><D113/><U123/><E135/><N who="0" m="51721" /><D111/><U33/><E33/><V34/><F34/><W107/><G20/><T81/><D81/><N who="1" m="49487" /><E132/><V24/><F69/><W79/><G79/><T14/><D3/><U78/><E78/><V37/><F101/><N who="3" m="62895" /><G120/><T126/><D126/><U71/><E71/><V70/><F70/><W53/><G53/><T50/><D38/><AGARI ba="0,0" hai="2,6,8,36,38,39,88,91" m="62895,50185" machi="38" ten="30,2000,0" yaku="19,1,54,1" doraHai="119" who="3" fromWho="0" sc="401,-20,278,0,113,0,208,20" />
</Scene>
<Scene>
<INIT seed="6,0,0,1,4,9" ten="381,278,113,228" oya="2" hai0="56,123,104,43,110,119,52,132,97,126,75,23,89" hai1="71,98,26,59,134,24,38,67,50,70,68,120,58" hai2="83,20,17,109,35,108,113,93,42,100,53,103,122" hai3="60,1,41,64,0,40,112,92,37,85,115,84,51"/><V45/><F122/><W99/><G37/><T127/><D75/><U66/><E38/><V30/><F113/><N who="3" m="43595" /><G84/><T15/><D123/><U22/><E120/><V116/><F116/><W61/><G85/><T91/><D43/><N who="3" m="16457" /><G51/><T125/><D119/><U65/><E134/><V105/><F105/><W12/><G60/><N who="0" m="35847" /><D132/><U124/><E124/><V55/><F83/><W135/><G135/><T19/><D110/><N who="2" m="42602" /><F30/><W5/><G5/><T90/><D104/><U48/><E98/><AGARI ba="0,0" hai="15,19,23,89,90,91,97,98,125,126,127" m="35847" machi="98" ten="40,5200,0" yaku="18,1,52,1,54,1" doraHai="9" who="0" fromWho="1" sc="381,52,278,-52,113,0,228,0" />
</Scene>
<Scene>
<INIT seed="7,0,0,4,3,94" ten="433,226,113,228" oya="3" hai0="1,70,104,109,99,100,5,16,2,17,81,71,88" hai1="37,6,64,56,130,118,33,63,15,79,113,11,77" hai2="67,119,14,101,53,31,23,85,126,47,40,42,49" hai3="54,7,39,90,120,131,86,9,60,19,35,45,20"/><W12/><G35/><T27/><D109/><U75/><E33/><V92/><F126/><W129/><G120/><T116/><D116/><U48/><E37/><V107/><F119/><W74/><G74/><T29/><D16/><U21/><E118/><V93/><F107/><W121/><G121/><T133/><D17/><U25/><E75/><V114/><F114/><W91/><G39/><T62/><D133/><U108/><E108/><V58/><F92/><W26/><G90/><T127/><D127/><U103/><E113/><V82/><F14/><W73/><G73/><T110/><D110/><U80/><E130/><V57/><F57/><W83/><G60/><T55/><D5/><U46/><E103/><V84/><F84/><W122/><G122/><T41/><D41/><N who="1" m="24655" /><E80/><V38/><F38/><W28/><REACH who="3" step="1"/><G7/><REACH who="3" ten="433,226,113,218" step="2"/><T115/><D88/><U32/><E32/><V66/><F66/><W24/><G24/><T52/><D62/><U89/><E89/><V135/><F135/><W76/><G76/><T51/><D27/><U97/><E77/><V4/><F4/><W65/><G65/><T87/><D115/><U72/><E79/><N who="2" m="46303" /><F67/><W95/><G95/><T105/><D104/><U98/><E72/><V134/><F134/><W128/><G128/><T111/><D105/><U117/><E117/><V106/><F93/><W125/><G125/><T123/><D123/><U112/><E112/><V132/><F132/><W43/><G43/><N who="2" m="16425" /><F106/><W34/><G34/><T13/><D111/><U3/><E25/><N who="2" m="16831" /><F101/><W30/><G30/><T50/><D100/><U102/><E102/><V96/><F96/><RYUUKYOKU ba="0,1" sc="433,-30,226,10,113,10,218,10" hai1="3,6,11,15,21,56,63,64,97,98" hai2="47,49,53,58" hai3="9,12,19,20,26,28,45,54,83,86,91,129,131" />
</Scene>
<Scene>
<INIT seed="7,1,1,4,0,49" ten="403,236,123,228" oya="3" hai0="134,26,29,74,46,19,34,71,83,35,120,66,114" hai1="129,16,133,15,98,99,69,73,113,111,43,58,103" hai2="112,41,101,108,11,24,27,87,110,3,82,54,67" hai3="30,97,28,95,88,130,39,17,0,91,56,33,117"/><W22/><G39/><T118/><D19/><U48/><E111/><V96/><F112/><W2/><G117/><T20/><D20/><U72/><E69/><V42/><F67/><W100/><G130/><T5/><D118/><U93/><E113/><V59/><F108/><W38/><G38/><T127/><D46/><U70/><E70/><V18/><F110/><W25/><G28/><T64/><D5/><U13/><E129/><V53/><F3/><W62/><G0/><T76/><D64/><U51/><E133/><V68/><F68/><W126/><G126/><T116/><D127/><U21/><E15/><N who="2" m="7551" /><F59/><W94/><G2/><T89/><D89/><U123/><E123/><V106/><F106/><W57/><G94/><T31/><D116/><U102/><E58/><V50/><F96/><W131/><G56/><T63/><D120/><U135/><E135/><V124/><F101/><W92/><G92/><T12/><D12/><U119/><E119/><V121/><F124/><W10/><G131/><T115/><D134/><U40/><E73/><V44/><F121/><W80/><G80/><T107/><D107/><U36/><E72/><V79/><F41/><N who="1" m="15945" /><E36/><V125/><F125/><W90/><G10/><T86/><D74/><U65/><E65/><V81/><F81/><W55/><G100/><N who="1" m="38442" /><E99/><V32/><F32/><W84/><G97/><T78/><D115/><U61/><E98/><V128/><F128/><W37/><G37/><T9/><D9/><U105/><E105/><V7/><F7/><W104/><G104/><T14/><D114/><U77/><E93/><V6/><F6/><RYUUKYOKU ba="1,1" sc="403,-15,236,-15,123,15,228,15" hai2="24,27,42,44,50,53,54,79,82,87" hai3="17,22,25,30,33,55,57,62,84,88,90,91,95" />
</Scene>
<Scene>
<INIT seed="7,2,1,3,5,19" ten="388,221,138,243" oya="3" hai0="109,96,67,77,0,29,134,75,65,73,9,112,126" hai1="32,119,122,43,39,15,47,54,51,115,108,18,71" hai2="11,12,45,33,120,114,101,130,81,27,107,118,6" hai3="83,14,103,62,97,40,20,90,80,21,10,125,95"/><W1/><G1/><T25/><D109/><U2/><E108/><V105/><F101/><W53/><G40/><T66/><D77/><U110/><E110/><V88/><F118/><W57/><G125/><T59/><D59/><U100/><E122/><V58/><F114/><W79/><G103/><T46/><D46/><U8/><E32/><V99/><F130/><W41/><G41/><T34/><D96/><U72/><E72/><V37/><F120/><W16/><G80/><T17/><D112/><U49/><E115/><V78/><F58/><W102/><G102/><T3/><D126/><U48/><E71/><V89/><F37/><W104/><G104/><T61/><D61/><U87/><E119/><V68/><F68/><W7/><G7/><T55/><D55/><U132/><E132/><V38/><F38/><W92/><G92/><T121/><D134/><U42/><E2/><V5/><F45/><W35/><G35/><T4/><D121/><U44/><E100/><V63/><F63/><W76/><G76/><T36/><D36/><U84/><E39/><V13/><F33/><W93/><G93/><T133/><D133/><U135/><E135/><V131/><F131/><W94/><G94/><T74/><D0/><U106/><E106/><N who="2" m="40459" /><F27/><W50/><G62/><T127/><D127/><U22/><E8/><N who="2" m="4111" /><F99/><W129/><G129/><T85/><D85/><AGARI ba="2,1" hai="10,14,16,20,21,50,53,57,79,83,85,90,95,97" machi="85" ten="30,12000,1" yaku="7,1,8,1,52,2,54,1" doraHai="19" who="3" fromWho="0" sc="388,-126,221,0,138,0,243,136" owari="262,6.0,221,-18.0,138,-36.0,379,48.0" />
</Scene>
</mjloggm>