<mjloggm ver="2.3"><GO type="169"/><UN n0="%E8%8A%8B%EF%BC%A0%EF%BC%90%EF%BC%98%E2%80%99" n1="%E5%86%97%E8%AB%87%E7%AC%91%E6%AD%A2%EF%BC%81" n2="%E5%A4%AA%E3%81%8F%E3%81%AA%E3%81%84%E3%81%8A" n3="%E3%81%AA%E3%83%BC%E3%81%8B%E3%82%80" dan="16,16,17,17" rate="2072,2031,2163,2136" sx="M,M,M,M"/><TAIKYOKU oya="0"/>

<Scene>
<INIT seed="0,0,0,0,5,81" ten="250,250,250,250" oya="0" hai0="105,62,40,25,115,118,129,3,13,77,86,87,11" hai1="97,121,102,90,26,0,80,57,71,122,12,23,68" hai2="16,47,4,1,9,15,130,10,124,92,56,5,18" hai3="119,38,134,24,42,106,74,132,91,131,72,101,7"/><T103/><D115/><U37/><E0/><V128/><F124/><W33/><G7/><T6/><D118/><U48/><E37/><V110/><F110/><W94/><G119/><T113/><D113/><U53/><E12/><N who="2" m="5167" /><F47/><W14/><G14/><T35/><D77/><U84/><E71/><V17/><F56/><W85/><G42/><T79/><D79/><U82/><E68/><V111/><F92/><W28/><G38/><T108/><D40/><U36/><E36/><V20/><F111/><W8/><G8/><T54/><D108/><U43/><E43/><V133/><F133/><N who="3" m="51307" /><G131/><AGARI ba="0,0" hai="1,4,10,15,16,17,18,20,128,130,131" m="5167" machi="131" ten="30,7700,0" yaku="19,1,34,2,54,1" doraHai="81" who="2" fromWho="3" sc="250,0,250,0,250,77,250,-77" />
</Scene>
<Scene>
<INIT seed="1,0,0,2,3,74" ten="250,250,327,173" oya="1" hai0="96,80,107,94,72,1,68,57,73,39,12,38,91" hai1="108,109,123,101,29,95,28,55,54,41,66,19,36" hai2="6,117,79,13,83,130,47,21,81,43,59,34,17" hai3="18,105,89,121,61,14,31,4,88,33,45,120,20"/><U115/><E123/><V24/><F117/><W100/><G45/><T85/><D68/><U122/><E122/><V8/><F130/><W58/><G121/><T49/><D1/><U113/><E66/><V111/><F111/><N who="1" m="42569" /><E41/><V40/><F34/><W77/><G120/><T3/><D3/><U119/><E36/><V22/><F59/><W69/><G4/><T125/><D125/><U64/><E64/><V30/><F47/><W92/><G69/><T7/><D73/><U133/><E119/><V37/><F37/><W46/><G46/><T97/><D97/><N who="1" m="59583" /><E19/><V103/><F103/><W10/><G105/><T116/><D116/><U26/><E133/><V44/><F44/><W52/><G33/><T48/><D48/><U82/><E82/><V75/><REACH who="2" step="1"/><F83/><REACH who="2" ten="250,250,317,173" step="2"/><W0/><G100/><N who="0" m="62855" /><D57/><U112/><E29/><V134/><F134/><W98/><G31/><T71/><D71/><U70/><E70/><V67/><F67/><W99/><G0/><AGARI ba="0,1" hai="0,6,8,13,17,21,22,24,30,40,43,75,79,81" machi="0" ten="30,3900,0" yaku="1,1,7,1,52,1,53,0" doraHai="74" doraHaiUra="102" who="2" fromWho="3" sc="250,0,250,0,317,49,173,-39" />
</Scene>
<Scene>
<INIT seed="2,0,0,5,5,134" ten="250,250,366,134" oya="2" hai0="2,107,24,83,26,38,28,125,6,54,52,10,116" hai1="128,17,71,47,132,70,88,64,69,105,126,101,3" hai2="112,99,81,102,76,114,18,103,57,41,4,130,67" hai3="50,111,135,42,15,32,33,124,133,92,9,72,29"/><V120/><F120/><W117/><G72/><T86/><D107/><U123/><E3/><V94/><F130/><W46/><G117/><T74/><D74/><U121/><E132/><N who="3" m="50762" /><G29/><T58/><D38/><U122/><E128/><V20/><F4/><N who="3" m="3495" /><G111/><T93/><D116/><U35/><E35/><N who="3" m="13386" /><G92/><T108/><D108/><U113/><E101/><V84/><F103/><W66/><G66/><T40/><D93/><U82/><E105/><V13/><REACH who="2" step="1"/><F41/><REACH who="2" ten="250,250,356,134" step="2"/><W73/><G73/><T53/><D40/><U129/><E129/><V39/><F39/><W8/><G8/><T5/><D5/><U49/><E122/><V23/><F23/><W91/><G91/><T78/><D10/><U7/><E7/><V11/><F11/><W48/><G50/><T110/><D6/><U25/><E88/><V118/><F118/><W34/><G34/><T14/><D110/><U104/><E121/><V55/><F55/><W95/><G95/><T45/><D54/><U37/><E37/><V85/><F85/><W21/><G21/><T119/><D86/><U77/><E49/><V80/><F80/><W27/><G27/><T31/><D53/><U36/><E25/><V79/><F79/><W44/><G44/><T19/><D45/><U22/><E47/><V63/><AGARI ba="0,1" hai="13,18,20,57,63,67,76,81,84,94,99,102,112,114" machi="63" ten="30,3000,0" yaku="1,1,0,1,53,0" doraHai="134" doraHaiUra="87" who="2" fromWho="2" sc="250,-10,250,-10,356,40,134,-10" />
</Scene>
<Scene>
<INIT seed="2,1,0,3,2,100" ten="240,240,396,124" oya="2" hai0="126,73,21,30,109,44,37,82,56,94,49,104,113" hai1="62,27,108,121,114,105,116,124,72,115,45,31,52" hai2="81,117,65,46,90,60,8,128,86,120,87,20,23" hai3="102,17,63,92,19,130,39,0,6,76,58,107,74"/><V110/><F120/><W36/><G130/><T85/><D113/><U55/><E116/><V38/><F117/><W50/><G50/><T123/><D123/><U112/><E72/><V66/><F128/><W91/><G6/><T18/><D37/><U10/><E121/><V111/><F8/><W71/><G71/><T70/><D70/><U119/><E119/><V134/><F134/><W79/><G0/><T54/><D73/><U33/><E124/><V84/><F38/><W24/><G39/><T16/><D126/><U26/><E10/><V80/><F46/><W135/><G36/><T11/><D104/><U47/><E105/><V28/><F28/><W103/><G135/><T98/><D11/><U78/><E78/><N who="3" m="29738" /><G107/><T129/><D129/><U75/><E75/><V41/><F41/><W29/><G29/><T15/><D30/><U99/><E31/><V96/><F96/><N who="3" m="57375" /><G74/><T53/><D18/><N who="3" m="6665" /><G24/><T43/><D109/><N who="2" m="41482" /><F60/><W1/><G1/><T14/><D14/><U12/><E12/><V118/><F118/><W48/><G48/><T13/><D13/><U131/><E131/><V64/><F90/><W7/><G7/><T125/><D125/><U9/><E108/><V95/><F95/><W42/><G42/><T132/><D132/><U101/><E62/><V133/><F133/><W88/><G88/><N who="0" m="51255" /><D56/><U3/><E3/><V32/><F32/><W57/><G57/><T40/><D43/><U69/><E33/><V25/><F25/><N who="1" m="9225" /><E69/><V67/><N who="2" m="16384" /><DORA hai="5" /><V61/><F61/><W22/><G58/><T34/><D34/><U89/><E114/><V106/><F106/><RYUUKYOKU ba="1,0" sc="240,15,240,-15,396,15,124,-15" hai0="15,16,21,40,44,49,53,54,94,98" hai2="20,23,80,81,84,86,87" />
</Scene>
<Scene>
<INIT seed="2,2,0,2,2,5" ten="255,225,411,109" oya="2" hai0="67,56,51,1,39,27,8,92,47,113,71,121,95" hai1="115,54,53,52,20,98,108,40,85,125,100,48,14" hai2="94,46,99,72,2,104,87,88,7,116,133,101,129" hai3="3,4,69,78,44,114,124,112,21,43,83,50,42"/><V89/><F116/><W131/><G69/><T118/><D121/><U75/><E75/><V18/><F72/><W38/><G124/><T65/><D113/><U77/><E115/><V63/><F129/><W61/><G61/><N who="0" m="40431" /><D27/><U60/><E125/><V16/><F133/><W55/><G131/><T73/><D73/><U76/><E108/><V12/><F2/><W26/><G43/><N who="0" m="23039" /><D65/><U102/><E60/><V19/><F63/><W90/><G90/><T109/><D109/><U105/><E100/><V91/><REACH who="2" step="1"/><F46/><REACH who="2" ten="255,225,401,109" step="2"/><W41/><G112/><T35/><D118/><U79/><E40/><V64/><F64/><W68/><G114/><T11/><D1/><U74/><E74/><V59/><F59/><W24/><G42/><T23/><D35/><U62/><E62/><V66/><F66/><W117/><G117/><T57/><D56/><U93/><E48/><V34/><F34/><W13/><G3/><T132/><D132/><U49/><E49/><V29/><F29/><W127/><G127/><T30/><D30/><U120/><E120/><V45/><F45/><W107/><G41/><T106/><D57/><U70/><E70/><V82/><F82/><W17/><G68/><T32/><D32/><U28/><E28/><V33/><F33/><W134/><G134/><T96/><D51/><U110/><E110/><V25/><F25/><W58/><G26/><T15/><D15/><U31/><E31/><V128/><F128/><W130/><G130/><T86/><D106/><U126/><E126/><V37/><F37/><W9/><G107/><T10/><D95/><U22/><E14/><RYUUKYOKU ba="2,1" sc="255,-15,225,15,401,15,109,-15" hai1="20,22,52,53,54,76,77,79,85,93,98,102,105" hai2="7,12,16,18,19,87,88,89,91,94,99,101,104" />
</Scene>
<Scene>
<INIT seed="2,3,1,5,3,119" ten="240,240,416,94" oya="2" hai0="32,3,111,1,78,91,44,33,92,16,53,99,13" hai1="23,129,110,103,113,41,45,127,30,35,89,101,67" hai2="19,37,26,63,61,55,65,15,98,132,62,75,66" hai3="100,17,97,107,31,51,52,28,40,131,68,88,117"/><V10/><F75/><W85/><G117/><T96/><D111/><U43/><E113/><V125/><F37/><W79/><G40/><T64/><D64/><N who="2" m="24682" /><F132/><W48/><G68/><T94/><D78/><U133/><E110/><V56/><F125/><W83/><G48/><T8/><D53/><U80/><E35/><V4/><F98/><W90/><G17/><T105/><D105/><U29/><E133/><V122/><F122/><W84/><G79/><T14/><D44/><U71/><E71/><V81/><F81/><W109/><G109/><T21/><D32/><U93/><E67/><V11/><F11/><W87/><G131/><T72/><D33/><U74/><E129/><V0/><F0/><W120/><G120/><T102/><REACH who="0" step="1"/><D72/><REACH who="0" ten="230,240,416,94" step="2"/><U12/><E45/><V106/><F106/><W54/><G54/><T18/><AGARI ba="3,2" hai="1,3,8,13,14,16,18,21,91,92,94,96,99,102" machi="18" ten="20,12000,2" yaku="1,1,2,1,0,1,7,1,54,1,53,1" doraHai="119" doraHaiUra="7" who="0" fromWho="0" sc="230,149,240,-33,416,-63,94,-33" />
</Scene>
<Scene>
<INIT seed="3,0,0,3,1,26" ten="379,207,353,61" oya="3" hai0="77,37,86,99,0,15,63,114,126,20,113,49,90" hai1="98,120,47,103,135,23,43,31,112,96,10,18,22" hai2="71,51,133,28,100,40,92,42,11,110,17,33,76" hai3="85,61,19,65,62,97,109,107,24,124,66,32,129"/><W115/><G115/><T93/><D37/><U35/><E112/><V7/><F71/><W8/><G124/><T45/><D0/><U2/><E120/><V9/><F110/><W102/><G129/><T78/><D126/><U82/><E135/><V128/><F133/><W48/><G109/><T57/><D114/><U27/><E23/><V131/><F76/><W116/><G116/><T34/><D34/><U134/><E134/><V74/><F74/><W101/><G101/><T54/><D113/><U68/><E68/><V130/><F17/><W121/><G121/><T6/><D86/><U64/><E64/><V4/><F100/><W36/><G36/><T127/><D127/><U108/><E103/><V117/><F117/><W94/><G48/><T16/><REACH who="0" step="1"/><D6/><REACH who="0" ten="369,207,353,61" step="2"/><U67/><E108/><V12/><F33/><W52/><G85/><T60/><D60/><U123/><E123/><V53/><F4/><W30/><G62/><T70/><D70/><U104/><E35/><V72/><F7/><W69/><G66/><AGARI ba="0,1" hai="15,16,20,45,49,54,57,63,66,77,78,90,93,99" machi="66" ten="30,8000,1" yaku="1,1,7,1,8,1,54,1,53,1" doraHai="26" doraHaiUra="89" who="0" fromWho="3" sc="369,90,207,0,353,0,61,-80" owari="459,56.0,207,-19.0,353,15.0,-19,-52.0" />
</Scene>
</mjloggm>