<mjloggm ver="2.3"><GO type="97"/><UN n0="%E5%A4%AA%E3%81%8F%E3%81%AA%E3%81%84%E3%81%8A" n1="%61%65%72%69%74%68%35%33" n2="%E3%81%86%E3%81%AB%E3%82%87%E3%82%89%EF%BD%9E" n3="%E3%83%95%E3%82%A7%E3%83%AB%E3%83%8A%E3%83%B3%E3%83%89" dan="14,14,15,14" rate="2024,1943,1953,1934" sx="M,F,M,M"/><TAIKYOKU oya="0"/>

<Scene>
<INIT seed="0,0,0,1,4,75" ten="250,250,250,250" oya="0" hai0="111,9,66,40,15,55,96,86,113,0,80,93,31" hai1="84,105,57,125,43,6,101,5,78,95,109,64,19" hai2="115,114,77,134,12,32,90,81,37,132,23,83,68" hai3="10,49,42,67,35,62,123,48,89,70,17,133,122"/><T131/><D113/><N who="2" m="43018" /><F68/><W129/><G133/><N who="2" m="51305" /><F37/><W119/><G119/><T52/><D131/><U112/><E125/><V100/><F32/><W65/><G129/><T34/><D0/><U56/><E109/><V98/><F23/><W24/><G67/><T18/><D66/><U85/><E112/><V73/><F12/><N who="3" m="7319" /><G42/><T41/><D111/><U91/><E105/><N who="2" m="63639" /><F83/><W22/><G35/><T127/><D127/><U39/><E39/><V2/><F90/><W116/><G89/><N who="0" m="55343" /><D34/><U107/><E107/><V53/><F53/><N who="0" m="20554" /><D31/><U103/><E19/><V118/><F2/><W26/><G116/><AGARI ba="0,0" hai="73,77,81,116,118" m="63639,51305,43018" machi="116" ten="40,8000,1" yaku="20,1,23,1,34,2,52,1" doraHai="75" who="2" fromWho="3" sc="250,0,250,0,250,80,250,-80" />
</Scene>
<Scene>
<INIT seed="1,0,0,2,2,57" ten="250,250,330,170" oya="1" hai0="62,70,61,28,44,112,132,52,26,130,73,77,4" hai1="131,29,63,90,3,53,21,33,124,115,107,72,114" hai2="5,133,117,36,134,50,93,55,98,125,68,64,6" hai3="108,40,32,78,109,82,42,25,7,92,69,23,75"/><U101/><E72/><V110/><F117/><W66/><G32/><T86/><D112/><U128/><E3/><V38/><F125/><W122/><G122/><T79/><D130/><N who="1" m="49707" /><E33/><V0/><F0/><W48/><G7/><T31/><D132/><N who="2" m="50794" /><F110/><N who="3" m="42603" /><G92/><T119/><D119/><U95/><E124/><V13/><F68/><W135/><G135/><T105/><D105/><U106/><E101/><N who="2" m="60623" /><F64/><W111/><N who="3" m="42611" /><W37/><DORA hai="104" /><G48/><N who="0" m="28679" /><D70/><U116/><E106/><V88/><F88/><W102/><G102/><T16/><D73/><U14/><E107/><V10/><F6/><W127/><G37/><T80/><D4/><U76/><E116/><V123/><F123/><W11/><G127/><T56/><D79/><U35/><E76/><V19/><F19/><N who="3" m="12543" /><G11/><T118/><D118/><U51/><E35/><V41/><F41/><W39/><G39/><T84/><D77/><U22/><E115/><V120/><F120/><W54/><G54/><T126/><D126/><U47/><E114/><V34/><F34/><W45/><G45/><AGARI ba="0,0" hai="5,10,13,36,38,45,50,55" m="60623,50794" machi="45" ten="30,1000,0" yaku="20,1" doraHai="57,104" who="2" fromWho="3" sc="250,0,250,0,330,10,170,-10" />
</Scene>
<Scene>
<INIT seed="2,0,0,1,5,35" ten="250,250,340,160" oya="2" hai0="94,121,4,33,1,82,119,40,75,134,71,114,73" hai1="105,39,99,67,66,86,8,56,59,34,7,47,92" hai2="19,80,20,12,3,46,112,126,15,63,100,43,88" hai3="30,41,109,25,128,6,107,111,123,95,37,93,22"/><V57/><F112/><W51/><G107/><T120/><D94/><U101/><E34/><V0/><F126/><W131/><G37/><T21/><D21/><U16/><E67/><V102/><F100/><W118/><G118/><T70/><D114/><U14/><E66/><V129/><F102/><W130/><G123/><N who="0" m="47179" /><D40/><U44/><E7/><V87/><F129/><W23/><G6/><T108/><D119/><U13/><E13/><V48/><F12/><W29/><G51/><T24/><D108/><N who="3" m="41545" /><G41/><T72/><D82/><U125/><E125/><V135/><F135/><W9/><G9/><N who="0" m="2191" /><D134/><U74/><E74/><V17/><F17/><W113/><G113/><T38/><D38/><U55/><E39/><V69/><F69/><W64/><G64/><AGARI ba="0,0" hai="0,3,15,19,20,43,46,48,57,63,64,80,87,88" machi="64" ten="30,11600,0" yaku="7,1,52,2,54,1" doraHai="35" who="2" fromWho="3" sc="250,0,250,0,340,116,160,-116" />
</Scene>
<Scene>
<INIT seed="2,1,0,1,0,72" ten="250,250,456,44" oya="2" hai0="5,8,99,41,74,34,88,64,79,37,117,22,82" hai1="52,86,33,7,134,84,46,120,91,53,62,45,100" hai2="128,51,94,10,36,103,109,81,111,121,11,67,131" hai3="127,107,39,17,60,135,1,35,28,70,124,40,9"/><V0/><F121/><W97/><G17/><T95/><D117/><U106/><E120/><V83/><F36/><W48/><G48/><T21/><D34/><U102/><E134/><V57/><F57/><W23/><G23/><T14/><REACH who="0" step="1"/><D64/><REACH who="0" ten="240,250,456,44" step="2"/><U4/><E33/><V49/><F67/><W65/><G135/><T32/><D32/><U73/><E73/><V27/><F111/><W43/><G9/><T77/><D77/><U54/><E62/><V85/><F109/><W25/><G1/><T63/><D63/><U38/><E38/><V31/><F11/><W12/><G12/><T93/><D93/><N who="1" m="54503" /><E106/><V87/><F10/><W104/><G43/><T98/><D98/><U122/><E122/><V108/><F108/><W133/><G133/><T26/><D26/><U13/><E13/><V78/><F131/><W101/><REACH who="3" step="1"/><G107/><REACH who="3" ten="240,250,456,34" step="2"/><T76/><D76/><U89/><E4/><V6/><F128/><W112/><G112/><T123/><D123/><U129/><E7/><V24/><F6/><W3/><G3/><T2/><D2/><U114/><E129/><V56/><F0/><W68/><G68/><T44/><AGARI ba="1,2" hai="5,8,14,21,22,37,41,44,74,79,82,88,95,99" machi="44" ten="30,7900,0" yaku="1,1,0,1,52,1,54,1,53,0" doraHai="72" doraHaiUra="119" who="0" fromWho="0" sc="240,102,250,-21,456,-40,34,-21" />
</Scene>
<Scene>
<INIT seed="3,0,0,4,2,125" ten="342,229,416,13" oya="3" hai0="87,108,97,68,133,57,124,21,51,44,29,48,3" hai1="81,25,90,83,8,16,14,102,19,76,110,55,117" hai2="118,50,60,11,56,101,52,13,79,41,54,70,6" hai3="128,123,45,94,130,2,115,114,26,88,66,75,119"/><W73/><G119/><T23/><D68/><U1/><E110/><V39/><F118/><W27/><G123/><T42/><D3/><U18/><E1/><V72/><F101/><W84/><G2/><T92/><D124/><U99/><E117/><V5/><F72/><W12/><G66/><T120/><D108/><U43/><E43/><V64/><F79/><W78/><G45/><T74/><D74/><U59/><E25/><V9/><F54/><W4/><G78/><T96/><D133/><U61/><E81/><V67/><F67/><W104/><G104/><T15/><D120/><U0/><E0/><V126/><F126/><W93/><G12/><T106/><D106/><U37/><E37/><V89/><F89/><W131/><G4/><T63/><D51/><U134/><E134/><V86/><F86/><W40/><G40/><T132/><D132/><U49/><E61/><V53/><F53/><W95/><G84/><T113/><D113/><N who="3" m="43017" /><G88/><T116/><D116/><U46/><E59/><V121/><F121/><W85/><G85/><T77/><D77/><U36/><E36/><V30/><F30/><W32/><G27/><T109/><D109/><U122/><E76/><V58/><F58/><W71/><G71/><T34/><D57/><U28/><E28/><AGARI ba="0,0" hai="26,28,32,73,75,93,94,95,128,130,131" m="43017" machi="28" ten="40,12000,1" yaku="19,1,52,3" doraHai="125" who="3" fromWho="1" sc="342,0,229,-120,416,0,13,120" />
</Scene>
<Scene>
<INIT seed="3,1,0,3,0,56" ten="342,109,416,133" oya="3" hai0="10,80,60,47,128,88,78,63,42,29,129,16,5" hai1="74,135,54,35,61,76,11,86,90,23,22,40,28" hai2="107,96,113,58,112,34,134,92,67,70,14,64,26" hai3="130,25,13,50,2,121,62,132,41,111,82,38,69"/><W45/><G2/><N who="0" m="311" /><D29/><U9/><E135/><V114/><F134/><W27/><G132/><T120/><D120/><U33/><E74/><V89/><F107/><W95/><G121/><T12/><D88/><U68/><E76/><V36/><F36/><W98/><G130/><N who="0" m="50283" /><D47/><U87/><E40/><V39/><F39/><W18/><G82/><T51/><D51/><U49/><E49/><V66/><F70/><W84/><G38/><T1/><D42/><U7/><E7/><V97/><F14/><W101/><G84/><N who="1" m="32298" /><E90/><V124/><F124/><W8/><REACH who="3" step="1"/><G111/><REACH who="3" ten="342,109,416,123" step="2"/><T123/><D1/><U72/><E72/><V6/><F112/><W37/><G37/><T21/><D123/><U19/><E68/><V83/><F114/><W104/><G104/><T55/><D55/><U57/><E35/><V30/><F113/><W85/><G85/><AGARI ba="1,1" hai="12,16,21,60,63,78,80,85" m="50283,311" machi="85" ten="30,7700,0" yaku="19,1,52,2,54,1" doraHai="56" who="0" fromWho="3" sc="342,90,109,0,416,0,123,-80" owari="432,53.0,109,-29.0,416,22.0,43,-46.0" />
</Scene>
</mjloggm>