<mjloggm ver="2.3"><GO type="41"/><UN n0="%3F%3F%3F%3F%3F%3F%3F" n1="%E5%BE%8B%E5%AD%90%50" n2="%E4%BA%AC%E3%81%9F%E3%82%8D%E3%83%BC" n3="%E5%A4%AA%E3%81%8F%E3%81%AA%E3%81%84%E3%81%8A" dan="14,14,14,14" rate="1805,1945,1916,1982" sx="M,M,M,M"/><TAIKYOKU oya="0"/>

<Scene>
<INIT seed="0,0,0,3,4,127" ten="250,250,250,250" oya="0" hai0="129,6,55,14,115,62,36,87,71,98,29,38,102" hai1="121,130,73,53,69,86,124,68,76,95,94,88,81" hai2="41,118,9,113,107,91,101,12,56,5,117,63,132" hai3="134,126,44,105,99,78,75,3,15,23,1,79,33"/><T66/><D115/><U60/><E121/><V16/><F41/><W39/><G33/><T89/><D29/><U72/><E124/><V83/><F113/><W25/><G126/><T40/><D55/><U111/><E111/><V4/><F132/><W108/><G108/><T47/><D129/><U112/><E112/><V109/><F109/><W27/><G27/><T122/><D6/><U35/><E35/><V64/><F101/><W67/><G67/><T131/><D14/><U114/><E114/><V20/><F107/><W51/><G39/><T49/><D131/><U70/><E130/><V57/><F57/><W74/><G15/><T30/><D30/><U19/><E95/><V0/><REACH who="2" step="1"/><F5/><REACH who="2" ten="250,250,240,250" step="2"/><W65/><G105/><T106/><REACH who="0" step="1"/><D122/><REACH who="0" ten="240,250,240,250" step="2"/><U100/><E53/><V28/><F28/><W93/><G134/><T96/><D96/><U13/><E70/><V125/><F125/><W48/><G99/><T24/><D24/><U135/><E69/><V116/><F116/><W61/><G25/><T43/><D43/><U103/><E68/><V8/><F8/><W22/><G22/><T59/><D59/><U21/><E135/><V54/><F54/><W90/><G23/><T50/><D50/><U46/><E21/><V82/><F82/><AGARI ba="0,2" hai="36,38,40,47,49,62,66,71,82,87,89,98,102,106" machi="82" ten="30,5800,0" yaku="1,1,7,1,53,1" doraHai="127" doraHaiUra="85" who="0" fromWho="2" sc="240,78,250,0,240,-58,250,0" />
</Scene>
<Scene>
<INIT seed="0,1,0,3,4,96" ten="318,250,182,250" oya="0" hai0="52,123,18,91,7,31,93,37,34,79,111,1,126" hai1="30,98,71,128,54,118,90,53,0,81,55,135,42" hai2="115,66,122,102,39,116,22,100,17,85,73,72,9" hai3="112,67,84,40,6,117,68,101,49,121,124,119,130"/><T23/><D123/><U99/><E118/><V134/><F39/><W120/><G6/><T64/><D37/><U44/><E71/><V76/><F9/><W27/><G27/><T24/><D64/><U16/><E0/><V38/><F38/><W106/><G84/><T104/><D104/><U108/><E30/><V56/><F85/><W86/><G86/><T14/><D79/><U5/><E5/><V43/><F43/><W114/><G106/><T62/><D126/><U45/><E135/><V50/><F134/><W88/><G88/><T113/><D113/><N who="3" m="43625" /><G101/><T95/><D91/><U35/><E16/><V63/><F116/><N who="3" m="44619" /><G124/><T28/><D28/><U61/><E35/><V94/><F122/><N who="3" m="47211" /><G130/><T20/><D20/><U57/><E128/><V13/><F115/><W36/><G36/><T80/><D80/><U110/><E90/><V26/><F26/><W75/><G75/><T12/><D12/><U29/><E81/><V51/><F73/><W74/><G74/><T46/><D95/><U11/><E29/><V107/><F107/><W131/><G131/><T4/><D93/><U109/><E11/><V70/><F94/><W89/><G89/><T48/><D1/><U129/><E129/><V92/><F92/><W83/><G83/><T87/><D87/><U60/><E99/><V2/><F2/><W15/><G15/><T78/><D78/><U19/><E98/><V77/><F72/><W58/><G68/><T10/><D7/><U21/><E21/><V69/><F69/><W25/><G25/><T65/><D34/><U132/><E19/><V103/><F70/><RYUUKYOKU ba="1,0" sc="318,-10,250,-10,182,30,250,-10" hai2="13,17,22,50,51,56,63,66,76,77,100,102,103" />
</Scene>
<Scene>
<INIT seed="1,2,0,4,4,10" ten="308,240,212,240" oya="1" hai0="24,5,19,55,34,60,130,18,0,81,23,113,79" hai1="134,121,40,115,90,62,20,84,71,29,92,6,61" hai2="51,98,101,111,4,66,12,50,86,87,107,7,21" hai3="106,102,9,132,123,89,65,16,100,25,38,73,96"/><U77/><E121/><V133/><F111/><W33/><G123/><T64/><D130/><U80/><E115/><V30/><F133/><W94/><G38/><T131/><D34/><U17/><E134/><V26/><F66/><W52/><G73/><T74/><D131/><U95/><E71/><V63/><F63/><W2/><G65/><T41/><D41/><U36/><E29/><V44/><F51/><W8/><G132/><T45/><D0/><U46/><E6/><V109/><F109/><W13/><G106/><T69/><D5/><U27/><REACH who="1" step="1"/><E92/><REACH who="1" ten="308,230,212,240" step="2"/><V128/><F128/><W129/><G129/><T56/><D113/><U88/><E88/><V47/><F4/><W67/><G89/><T48/><REACH who="0" step="1"/><D18/><REACH who="0" ten="298,230,212,240" step="2"/><U78/><E78/><V83/><F7/><W122/><G16/><T57/><AGARI ba="2,2" hai="19,23,24,45,48,55,56,57,60,64,69,74,79,81" machi="57" ten="30,7900,0" yaku="1,1,2,1,0,1,53,1" doraHai="10" doraHaiUra="105" who="0" fromWho="0" sc="298,105,230,-41,212,-22,240,-22" />
</Scene>
<Scene>
<INIT seed="2,0,0,4,4,70" ten="403,189,190,218" oya="2" hai0="63,97,6,105,5,120,130,122,134,39,32,23,35" hai1="47,19,73,113,24,83,40,116,43,118,127,59,107" hai2="74,50,16,30,131,15,104,27,48,90,65,17,8" hai3="53,76,29,56,106,0,67,96,129,45,69,80,84"/><V121/><F121/><W115/><G0/><T54/><D39/><U64/><E113/><V21/><F74/><W31/><G115/><T61/><D134/><U133/><E133/><V13/><F104/><W103/><G129/><T95/><D130/><U101/><E127/><V102/><F102/><W60/><REACH who="3" step="1"/><G45/><REACH who="3" ten="403,189,190,208" step="2"/><T12/><D122/><U25/><E47/><V81/><F131/><W4/><G4/><T55/><D120/><U10/><E118/><V58/><F65/><W34/><G34/><T99/><D32/><U57/><E64/><V41/><F41/><W51/><AGARI ba="0,1" hai="29,31,51,53,56,60,67,69,76,80,84,96,103,106" machi="51" ten="20,2700,0" yaku="1,1,0,1,7,1,53,0" doraHai="70" doraHaiUra="9" who="3" fromWho="3" sc="403,-7,189,-7,190,-13,208,37" />
</Scene>
<Scene>
<INIT seed="3,0,0,2,4,68" ten="396,182,177,245" oya="3" hai0="52,60,128,105,2,13,48,104,122,10,97,30,11" hai1="71,96,100,14,134,4,43,28,117,25,54,12,45" hai2="85,88,23,64,73,81,34,108,61,113,87,125,18" hai3="16,115,111,37,120,110,80,77,55,89,58,24,119"/><W130/><G120/><T101/><D128/><U39/><E71/><V8/><F34/><W75/><G119/><T76/><D30/><U44/><E117/><V95/><F73/><W98/><G115/><T3/><D76/><U41/><E54/><V62/><F113/><W51/><G130/><T17/><D60/><U20/><E4/><V84/><F125/><W132/><G132/><T5/><D122/><U70/><E70/><V40/><F108/><N who="3" m="41515" /><G37/><T92/><D2/><U126/><E126/><V127/><F127/><W133/><G133/><T56/><AGARI ba="0,0" hai="3,5,10,11,13,17,48,52,56,92,97,101,104,105" machi="56" ten="20,2700,0" yaku="0,1,7,1,54,1" doraHai="68" who="0" fromWho="0" sc="396,27,182,-7,177,-7,245,-13" />
</Scene>
<Scene>
<INIT seed="4,0,0,4,3,9" ten="423,175,170,232" oya="0" hai0="15,115,26,79,58,106,118,1,93,40,21,81,13" hai1="124,131,7,98,35,128,2,47,44,63,19,27,46" hai2="71,133,126,77,17,8,83,104,42,97,45,3,117" hai3="107,116,25,111,84,32,50,119,20,11,86,28,89"/><T43/><D115/><U121/><E121/><V109/><F71/><W24/><G111/><T82/><D106/><U5/><E124/><V102/><F109/><W123/><G107/><T16/><D1/><U41/><E41/><N who="0" m="15945" /><D118/><U88/><E63/><V99/><F126/><W91/><G123/><T103/><D58/><U39/><E39/><N who="2" m="21727" /><F17/><W36/><G36/><T105/><D105/><U74/><E74/><N who="2" m="43447" /><F97/><W94/><G50/><T108/><D108/><U78/><E78/><V76/><F76/><W30/><REACH who="3" step="1"/><G11/><REACH who="3" ten="423,175,170,222" step="2"/><T62/><D62/><U48/><E48/><V14/><F104/><W134/><G134/><T96/><D79/><U18/><E131/><V72/><F8/><W12/><G12/><AGARI ba="0,1" hai="12,13,15,16,21,26,81,82,93,96,103" m="15945" machi="12" ten="30,12000,1" yaku="8,1,52,3,54,1" doraHai="9" who="0" fromWho="3" sc="423,130,175,0,170,0,222,-120" />
</Scene>
<Scene>
<INIT seed="4,1,0,4,0,97" ten="553,175,170,102" oya="0" hai0="6,90,32,105,112,37,25,11,49,54,133,29,102" hai1="52,48,65,95,111,31,56,68,129,135,121,98,120" hai2="24,15,64,130,118,47,122,99,126,13,76,17,109" hai3="132,30,62,72,124,131,81,75,113,26,66,91,88"/><T12/><D37/><U87/><E111/><V103/><F109/><W74/><G113/><T104/><D133/><U58/><E135/><V38/><F122/><W5/><G132/><T42/><D42/><U18/><E31/><V9/><F64/><W20/><G131/><T89/><D112/><U4/><E4/><V119/><F130/><W2/><G124/><T45/><D105/><U16/><E129/><V35/><F76/><W85/><G5/><T59/><D59/><U70/><E87/><V101/><F126/><W60/><G2/><T110/><D110/><U44/><E70/><V116/><F99/><W1/><G1/><T63/><D63/><N who="1" m="38135" /><E68/><V84/><F84/><W107/><G107/><T57/><D104/><U128/><E128/><V83/><F83/><W94/><REACH who="3" step="1"/><G66/><REACH who="3" ten="553,175,170,92" step="2"/><T7/><D7/><U3/><E3/><V80/><F80/><W73/><N who="3" m="18432" /><DORA hai="27" /><W108/><G108/><T106/><D106/><U115/><E115/><V36/><F116/><W92/><G92/><T0/><D0/><U33/><E121/><V51/><F118/><W53/><G53/><T134/><D6/><U78/><E120/><V123/><F119/><W8/><G8/><T41/><D134/><U117/><E117/><V10/><F123/><W19/><G19/><T23/><D11/><U86/><E18/><V100/><F9/><W96/><AGARI ba="1,1" hai="20,26,30,60,62,81,85,88,91,94,96" m="18432" machi="96" ten="60,8000,1" yaku="1,1,0,1,52,1,54,1,53,0" doraHai="97,27" doraHaiUra="43,34" who="3" fromWho="3" sc="553,-41,175,-21,170,-21,92,93" />
</Scene>
<Scene>
<INIT seed="5,0,0,1,3,84" ten="512,154,149,185" oya="1" hai0="85,3,0,28,114,46,58,98,56,92,108,123,107" hai1="50,34,76,95,125,20,75,134,83,5,101,135,128" hai2="80,124,16,89,129,59,24,110,53,130,29,48,109" hai3="67,30,113,97,111,31,90,38,115,106,112,57,100"/><U94/><E34/><V131/><F124/><W15/><G111/><T60/><D108/><U68/><E68/><V19/><F110/><W81/><G38/><T4/><D114/><U21/><E125/><V14/><F109/><W33/><G33/><T47/><D28/><U105/><E5/><V102/><F102/><W132/><G132/><N who="1" m="50730" /><E50/><V69/><F69/><W61/><REACH who="3" step="1"/><G15/><REACH who="3" ten="512,154,149,175" step="2"/><T74/><D123/><U10/><E128/><V18/><F14/><W126/><G126/><T86/><D3/><U79/><E10/><V70/><F70/><W36/><G36/><T78/><D0/><U99/><E79/><V42/><F42/><W66/><G66/><T26/><D26/><U55/><E55/><V116/><F116/><W9/><G9/><T120/><D78/><U7/><E7/><V88/><F80/><W37/><G37/><T104/><D4/><U11/><E11/><V118/><F118/><W93/><G93/><AGARI ba="0,1" hai="20,21,75,76,83,93,94,95,99,101,105" m="50730" machi="93" ten="30,1500,0" yaku="20,1" doraHai="84" who="1" fromWho="3" sc="512,0,154,25,149,0,175,-15" />
</Scene>
<Scene>
<INIT seed="5,1,0,5,0,129" ten="512,179,149,160" oya="1" hai0="51,133,21,52,78,64,31,15,23,86,89,97,85" hai1="92,7,88,115,41,33,130,135,26,100,1,60,94" hai2="67,114,58,16,5,96,47,36,54,84,110,32,119" hai3="105,29,91,120,118,93,27,81,134,69,106,12,95"/><U9/><E130/><V112/><F5/><W44/><G120/><T42/><D133/><U62/><E115/><N who="2" m="44075" /><F119/><W49/><G69/><T128/><D64/><U79/><E79/><V13/><F32/><W38/><G118/><T131/><D42/><U28/><E135/><V61/><F110/><W117/><G38/><T10/><D128/><U80/><E41/><N who="2" m="22951" /><F84/><N who="0" m="32362" /><D78/><U18/><E80/><V113/><N who="2" m="44083" /><V90/><DORA hai="19" /><F90/><W35/><G91/><T109/><D109/><U83/><E83/><V30/><F30/><W73/><G81/><T101/><D31/><U68/><E68/><V75/><F96/><W116/><G116/><T25/><D25/><U56/><E100/><V39/><F39/><W121/><G117/><T17/><D101/><U53/><E18/><V66/><F75/><W87/><G73/><T127/><D127/><U102/><E102/><V82/><F82/><W104/><G87/><T45/><D131/><U132/><E132/><V55/><F67/><W40/><G134/><T3/><D3/><U74/><E74/><V59/><F59/><W124/><G124/><T43/><D89/><U71/><REACH who="1" step="1"/><E88/><REACH who="1" ten="512,169,149,160" step="2"/><V125/><F125/><W2/><G29/><T34/><D97/><U46/><E46/><V107/><F107/><W72/><G44/><T20/><D34/><U123/><E123/><V4/><F4/><W11/><G121/><T70/><D70/><U6/><E6/><V57/><F58/><W63/><G105/><T14/><D43/><U76/><E76/><V50/><F50/><W108/><G49/><T122/><D122/><U37/><E37/><RYUUKYOKU ba="1,1" sc="512,10,169,10,149,10,160,-30" hai0="10,14,15,17,20,21,23,45,51,52" hai1="1,7,9,26,28,33,53,56,60,62,71,92,94" hai2="13,16,54,55,57,61,66" />
</Scene>
<Scene>
<INIT seed="5,2,1,5,2,46" ten="522,179,159,130" oya="1" hai0="33,3,36,97,114,128,66,18,118,9,123,28,105" hai1="83,129,127,69,47,14,23,1,113,103,53,41,98" hai2="100,62,79,32,10,39,16,88,93,59,68,131,78" hai3="87,86,134,76,124,43,7,0,56,17,31,13,51"/><U94/><E1/><V91/><F68/><W19/><G124/><T29/><D66/><U64/><E127/><V8/><F32/><W57/><G134/><T132/><D97/><U26/><E129/><V58/><F39/><W24/><G0/><T15/><D105/><U95/><E113/><V122/><F122/><W49/><G7/><T20/><D36/><U120/><E120/><V73/><F131/><W74/><G74/><T106/><D106/><U11/><E53/><N who="2" m="34127" /><F73/><W101/><G101/><T82/><D82/><U75/><E64/><V30/><F30/><W80/><G87/><T89/><D89/><N who="2" m="34378" /><F59/><W38/><G38/><T60/><D114/><U111/><E111/><V92/><F100/><W6/><G57/><T45/><D118/><U71/><E75/><V67/><F67/><W116/><G56/><T96/><D45/><U21/><E71/><V112/><F112/><W48/><G116/><T50/><D60/><U117/><E69/><V84/><F84/><W115/><G115/><T61/><D61/><U40/><E117/><V110/><F110/><W25/><G43/><T35/><D132/><U37/><E41/><V135/><F135/><W125/><G125/><T119/><D119/><U85/><E85/><V70/><F70/><W34/><REACH who="3" step="1"/><G25/><REACH who="3" ten="522,179,159,120" step="2"/><T107/><D123/><U109/><E26/><V126/><F126/><W65/><G65/><T99/><D128/><U90/><E109/><V22/><F79/><W77/><G77/><T130/><D130/><U63/><E37/><V54/><F78/><W121/><G121/><T44/><D3/><U42/><E103/><RYUUKYOKU ba="2,2" sc="522,-10,179,-10,159,-10,120,30" hai3="6,13,17,19,24,31,34,48,49,51,76,80,86" />
</Scene>
<Scene>
<INIT seed="6,3,2,3,1,91" ten="512,169,149,150" oya="2" hai0="12,60,55,126,66,133,29,122,21,90,97,46,50" hai1="32,7,47,131,43,68,86,85,74,124,83,8,31" hai2="61,14,134,92,121,115,135,26,123,17,72,80,75" hai3="108,98,20,132,78,84,65,62,27,117,33,82,79"/><V49/><F26/><W5/><G108/><T99/><D133/><N who="2" m="50698" /><F115/><W51/><G117/><T106/><D126/><U102/><E68/><V11/><F49/><W119/><G119/><T53/><D122/><N who="2" m="46602" /><F80/><W36/><G36/><T39/><D39/><U89/><E124/><V101/><F61/><W93/><G132/><T127/><D127/><U38/><E31/><V128/><F128/><W15/><G33/><T70/><D99/><AGARI ba="3,2" hai="11,14,17,72,75,92,99,101" m="46602,50698" machi="99" ten="30,2900,0" yaku="20,1,52,1" doraHai="91" who="2" fromWho="0" sc="512,-38,169,0,149,58,150,0" />
</Scene>
<Scene>
<INIT seed="6,4,0,5,4,2" ten="474,169,207,150" oya="2" hai0="24,13,11,42,20,85,91,77,38,51,1,3,100" hai1="82,89,54,32,127,105,65,109,123,122,118,107,119" hai2="43,55,48,87,33,117,112,72,60,129,71,59,96" hai3="58,4,10,31,61,125,128,19,9,17,52,103,76"/><V121/><F72/><W15/><G125/><T34/><D38/><U102/><E32/><V53/><F33/><W97/><G128/><T126/><D100/><U92/><E65/><N who="2" m="41383" /><F87/><W46/><G31/><T6/><D34/><U120/><E127/><V14/><F96/><W86/><G46/><T132/><D132/><U93/><E54/><V98/><F98/><W113/><G113/><T28/><D77/><U110/><E82/><V29/><F14/><W49/><G61/><T84/><D84/><N who="1" m="52263" /><E93/><V22/><F22/><W75/><G75/><T37/><D37/><U66/><E66/><V73/><F29/><W35/><G35/><T8/><D8/><U36/><E36/><V95/><F95/><N who="3" m="58815" /><G10/><T124/><D124/><U26/><E26/><V94/><F94/><W78/><G78/><T50/><D126/><U131/><E131/><V41/><F73/><W68/><G68/><T44/><D50/><U21/><E21/><V74/><F74/><W18/><G18/><T57/><D57/><U130/><E130/><V16/><F16/><W27/><G27/><T88/><D91/><U133/><E133/><V56/><F129/><W64/><G64/><T30/><D30/><U111/><E102/><V108/><F112/><W63/><G63/><T7/><D1/><U12/><E12/><V39/><F108/><N who="1" m="27649" /><U62/><DORA hai="5" /><E62/><V134/><F134/><W106/><G106/><AGARI ba="4,0" hai="105,106,107,118,119,120,122,123" m="27649,52263" machi="106" ten="50,6400,0" yaku="13,1,34,2" doraHai="2,5" who="1" fromWho="3" sc="474,0,169,76,207,0,150,-76" />
</Scene>
<Scene>
<INIT seed="7,0,0,1,3,81" ten="474,245,207,74" oya="3" hai0="6,50,32,116,75,60,130,73,59,126,118,11,119" hai1="127,91,49,111,47,133,124,43,40,105,134,128,114" hai2="10,51,109,21,34,121,30,72,5,8,0,123,66" hai3="17,92,74,107,89,83,80,4,131,70,55,99,12"/><W13/><G70/><T57/><D130/><U20/><E111/><V82/><F66/><W125/><G131/><T104/><D32/><U35/><E35/><V41/><F109/><W86/><G125/><N who="1" m="48202" /><E128/><V54/><F41/><W64/><G64/><T24/><D104/><U98/><E114/><V76/><F34/><W117/><G117/><T36/><D36/><U95/><E105/><V84/><F10/><N who="3" m="4167" /><G74/><T112/><D24/><U100/><E100/><V56/><REACH who="2" step="1"/><F72/><REACH who="2" ten="474,245,197,74" step="2"/><W31/><G107/><T108/><D108/><U39/><E20/><V15/><F15/><W33/><G33/><T45/><D126/><U120/><E120/><V115/><F115/><W46/><G31/><T122/><D112/><U68/><E68/><V44/><F44/><AGARI ba="0,1" hai="39,40,43,44,47,49,91,95,98,133,134" m="48202" machi="44" ten="30,1000,0" yaku="18,1" doraHai="81" who="1" fromWho="2" sc="474,0,245,20,197,-10,74,0" owari="474,57.0,265,7.0,187,-21.0,74,-43.0" />
</Scene>
</mjloggm>