<mjloggm ver="2.3"><GO type="169"/><UN n0="%E5%AF%BE%E5%AD%90%E3%81%AE%E7%8E%8B%E6%A7%98" n1="%6B%6E%6A%31%30%35%30" n2="%E5%A4%AA%E3%81%8F%E3%81%AA%E3%81%84%E3%81%8A" n3="%4D%2E%42%65%61%6D" dan="17,16,17,17" rate="2125,2051,2157,2113" sx="M,M,M,M"/><TAIKYOKU oya="0"/>

<Scene>
<INIT seed="0,0,0,5,3,9" ten="250,250,250,250" oya="0" hai0="116,73,112,128,109,36,33,62,132,106,115,35,76" hai1="89,3,88,37,122,48,120,57,105,81,26,41,10" hai2="78,99,67,6,97,75,74,7,91,56,108,87,44" hai3="1,104,60,135,84,101,94,21,25,20,52,2,133"/><T19/><RYUUKYOKU type="yao9" ba="0,0" sc="250,0,250,0,250,0,250,0" hai0="19,33,35,36,62,73,76,106,109,112,115,116,128,132" />
</Scene>
<Scene>
<INIT seed="0,1,0,2,4,3" ten="250,250,250,250" oya="0" hai0="52,94,66,81,14,108,129,53,56,35,100,59,117" hai1="95,115,75,104,54,29,11,61,23,83,55,24,36" hai2="18,109,13,43,80,2,91,90,68,99,103,96,47" hai3="50,107,135,19,22,82,71,98,15,87,51,30,70"/><T60/><D117/><U127/><E104/><V9/><F68/><W64/><G135/><T130/><D35/><U16/><E36/><V111/><F2/><W122/><G122/><T79/><D100/><U113/><E127/><V63/><F63/><W88/><G30/><T78/><D94/><U57/><E95/><V84/><F91/><W5/><G71/><T132/><D132/><U124/><E124/><V101/><F101/><W32/><G32/><T28/><D28/><U38/><E38/><V26/><F26/><W69/><G69/><T31/><D31/><U112/><E83/><V17/><F17/><W131/><G131/><N who="0" m="50187" /><D108/><N who="2" m="41546" /><F103/><W21/><G21/><T62/><D14/><N who="1" m="7263" /><E75/><V41/><F41/><W120/><G120/><T48/><D81/><U6/><E54/><N who="0" m="21097" /><D79/><U34/><E34/><V133/><F133/><W25/><G107/><T125/><D78/><U134/><E134/><V49/><AGARI ba="1,0" hai="9,13,18,43,47,49,80,84,90,96,99" m="41546" machi="49" ten="30,1100,0" yaku="14,1" doraHai="3" who="2" fromWho="2" sc="250,-6,250,-4,250,14,250,-4" />
</Scene>
<Scene>
<INIT seed="1,0,0,3,0,41" ten="244,246,264,246" oya="1" hai0="28,132,60,123,54,84,30,4,32,69,57,87,93" hai1="40,14,75,89,133,81,128,48,103,39,134,108,77" hai2="102,119,110,76,13,37,17,72,106,12,121,2,92" hai3="79,131,88,96,46,111,16,127,120,49,117,29,45"/><U80/><E39/><V114/><F121/><W64/><G120/><T109/><D123/><U82/><E14/><V50/><F37/><W55/><G111/><T1/><D109/><U71/><E71/><V36/><F36/><W70/><G131/><T10/><D132/><N who="1" m="50795" /><E108/><V61/><F2/><W99/><G79/><T5/><D5/><U129/><E103/><V19/><F110/><W26/><G127/><T100/><D69/><U126/><E126/><V125/><F125/><W104/><G104/><T68/><D68/><U86/><E48/><V98/><F119/><W113/><G113/><T51/><D32/><U42/><E42/><V8/><F114/><W74/><G74/><T115/><D115/><U21/><E21/><V6/><F61/><W65/><G70/><T83/><D60/><U56/><E56/><V47/><F106/><W122/><G29/><T33/><D33/><U34/><E40/><V9/><F72/><W116/><G122/><T23/><D23/><U73/><E34/><V22/><F76/><AGARI ba="0,0" hai="73,75,76,77,80,81,82,86,89,128,129" m="50795" machi="76" ten="30,5800,0" yaku="20,1,34,2" doraHai="41" who="1" fromWho="2" sc="244,0,246,58,264,-58,246,0" />
</Scene>
<Scene>
<INIT seed="1,1,0,2,1,121" ten="244,304,206,246" oya="1" hai0="0,37,86,109,70,91,106,92,19,107,23,97,47" hai1="24,89,71,33,84,54,110,4,32,55,39,103,74" hai2="14,78,124,56,93,30,98,65,16,46,57,88,44" hai3="113,69,72,76,11,28,59,105,102,8,50,27,45"/><U127/><E74/><V77/><F124/><W122/><G69/><T67/><D0/><U90/><E71/><V81/><F30/><W7/><G122/><T125/><D125/><U73/><E73/><V36/><F36/><W35/><G113/><T40/><D109/><U85/><E39/><V2/><F2/><W21/><G105/><T26/><D67/><U123/><E103/><V99/><F99/><W34/><G102/><T95/><D70/><U22/><E4/><V114/><F114/><W1/><G11/><T5/><D5/><U42/><E42/><V15/><F15/><W64/><G76/><N who="2" m="29289" /><F81/><W82/><G82/><T120/><D120/><U111/><E123/><V104/><F104/><W61/><REACH who="3" step="1"/><G72/><REACH who="3" ten="244,304,206,236" step="2"/><T117/><D117/><U101/><E101/><AGARI ba="1,1" hai="19,23,26,37,40,47,86,91,92,95,97,101,106,107" machi="101" ten="30,1000,0" yaku="7,1" doraHai="121" who="0" fromWho="1" sc="244,23,304,-13,206,0,236,0" />
</Scene>
<Scene>
<INIT seed="2,0,0,5,0,130" ten="267,291,206,236" oya="2" hai0="72,90,15,0,77,98,95,121,115,47,116,17,21" hai1="93,11,1,111,32,28,63,84,124,80,14,85,102" hai2="9,113,60,127,91,51,71,117,94,133,2,35,88" hai3="66,132,50,40,78,74,53,48,37,64,23,8,65"/><V52/><F117/><W70/><G8/><T67/><D121/><U104/><E1/><V123/><F123/><W6/><G6/><T68/><D115/><U49/><E104/><V45/><F113/><W46/><G23/><T92/><D0/><U122/><E122/><V54/><F35/><W36/><G78/><T101/><D116/><U3/><E3/><V82/><F127/><W24/><G24/><T112/><D112/><U120/><E120/><V13/><F2/><W22/><G22/><T125/><D125/><U27/><E124/><V62/><F133/><W20/><G20/><T16/><D47/><U118/><E118/><V99/><F71/><W97/><G97/><T73/><D17/><U100/><E63/><V75/><F54/><W96/><G96/><T126/><D126/><U81/><E49/><V19/><F75/><W44/><G74/><T39/><D39/><N who="3" m="14921" /><G132/><T12/><D12/><U55/><E93/><V41/><F41/><W56/><G56/><T29/><D29/><U110/><E55/><V87/><AGARI ba="0,0" hai="9,13,19,45,51,52,60,62,82,87,88,91,94,99" machi="87" ten="30,18000,2" yaku="0,1,25,2,8,1,54,2" doraHai="130" who="2" fromWho="2" sc="267,-60,291,-60,206,180,236,-60" />
</Scene>
<Scene>
<INIT seed="2,1,0,5,1,33" ten="207,231,386,176" oya="2" hai0="8,42,130,41,43,62,82,35,51,108,92,17,53" hai1="105,46,122,28,124,69,107,30,59,132,81,87,72" hai2="117,89,133,103,24,57,75,50,131,106,55,12,113" hai3="26,39,31,99,125,23,98,48,100,44,34,79,119"/><V76/><F117/><W104/><G119/><T90/><D130/><U49/><E69/><V29/><F113/><W5/><G125/><T96/><D108/><U20/><E72/><V40/><F131/><W88/><G39/><T56/><D35/><U21/><E124/><V6/><F133/><W129/><G129/><T110/><D110/><U114/><E59/><V127/><F127/><W13/><G79/><T4/><D17/><U102/><E122/><V11/><F40/><W64/><G64/><T47/><REACH who="0" step="1"/><D82/><REACH who="0" ten="197,231,386,176" step="2"/><U111/><E111/><V118/><F118/><W97/><G34/><T95/><D95/><U61/><E81/><V7/><F106/><W93/><G5/><T134/><D134/><U73/><E105/><V71/><F6/><W10/><G104/><T78/><D78/><U86/><E107/><V63/><F76/><W68/><G93/><T18/><D18/><U126/><E132/><V60/><F7/><W52/><G31/><T135/><D135/><U83/><E30/><V58/><F29/><W101/><G101/><T27/><D27/><U116/><E28/><V15/><F24/><W37/><G100/><T77/><D77/><U45/><E102/><V36/><F103/><W19/><G26/><T32/><D32/><U85/><E83/><V128/><F128/><W22/><G19/><T121/><D121/><U112/><E126/><V115/><F89/><W120/><G88/><T16/><D16/><U3/><E116/><V123/><F123/><W74/><G120/><T2/><AGARI ba="1,1" hai="2,4,8,41,42,43,47,51,53,56,62,90,92,96" machi="2" ten="20,8000,1" yaku="1,1,0,1,7,1,52,1,53,1" doraHai="33" doraHaiUra="54" who="0" fromWho="0" sc="197,93,231,-21,386,-41,176,-21" />
</Scene>
<Scene>
<INIT seed="3,0,0,2,5,116" ten="290,210,345,155" oya="3" hai0="80,94,135,109,64,22,12,9,73,79,15,1,18" hai1="27,39,72,130,92,121,61,56,111,123,51,41,102" hai2="46,37,91,119,40,74,82,19,24,99,125,48,62" hai3="107,32,81,6,68,38,85,84,14,86,108,71,20"/><W8/><G32/><T131/><D109/><U31/><E72/><V21/><F119/><W129/><G107/><T33/><D135/><U134/><E39/><V117/><F117/><W43/><G129/><T5/><D131/><U106/><E106/><V52/><F125/><W95/><G108/><T4/><D64/><U87/><E134/><V88/><F99/><W54/><G81/><T120/><D94/><U16/><E130/><V11/><F62/><W67/><G54/><T104/><D104/><U127/><E127/><V96/><F96/><W112/><G112/><T0/><D33/><U69/><E69/><V17/><F74/><W35/><G35/><T76/><D76/><U30/><E111/><V44/><REACH who="2" step="1"/><F82/><REACH who="2" ten="290,210,335,155" step="2"/><W57/><G85/><T49/><D80/><U58/><E87/><V90/><F90/><W65/><G84/><T55/><D73/><U28/><E61/><V124/><F124/><W36/><G86/><T29/><D79/><U93/><E102/><V118/><F118/><W122/><G95/><T78/><D78/><U77/><E93/><V75/><F75/><W103/><G103/><T2/><D29/><U23/><E92/><V70/><F70/><W89/><G89/><T59/><D120/><U7/><E77/><V83/><F83/><W25/><G122/><T105/><REACH who="0" step="1"/><D105/><REACH who="0" ten="280,210,335,155" step="2"/><U63/><E123/><V110/><F110/><W47/><G68/><T26/><D26/><U128/><E121/><V114/><F114/><W132/><G71/><T101/><D101/><U113/><E113/><V10/><F10/><AGARI ba="0,2" hai="0,1,2,4,5,9,10,12,15,18,22,49,55,59" machi="10" ten="40,2600,0" yaku="1,1,53,1" doraHai="116" doraHaiUra="13" who="0" fromWho="2" sc="280,46,210,0,335,-26,155,0" />
</Scene>
<Scene>
<INIT seed="4,0,0,4,3,107" ten="326,210,309,155" oya="0" hai0="119,37,85,58,76,95,115,86,93,130,121,112,27" hai1="105,134,60,22,61,122,13,113,31,124,120,133,81" hai2="57,125,90,43,38,39,118,6,68,117,128,69,98" hai3="66,103,17,92,80,36,88,131,24,16,41,109,132"/><T123/><D37/><N who="2" m="13834" /><F6/><W29/><G109/><T71/><D58/><U62/><E105/><V42/><F98/><W70/><G131/><T74/><D71/><N who="2" m="27210" /><F90/><W104/><G132/><T55/><D55/><U78/><E31/><V34/><F34/><W108/><G108/><T12/><D12/><U7/><E7/><V46/><F128/><W40/><G80/><N who="0" m="45079" /><D27/><U114/><E22/><V3/><F3/><W91/><G104/><T110/><D130/><U100/><E100/><V5/><F5/><W65/><G103/><T89/><D110/><U59/><E13/><V1/><F1/><W15/><G36/><T84/><D119/><N who="2" m="45578" /><F125/><W77/><G77/><T64/><D95/><U99/><E99/><V20/><F20/><N who="3" m="15495" /><G70/><T21/><D21/><U135/><E124/><V127/><F127/><W63/><G15/><T53/><D93/><U26/><E26/><V33/><F33/><W0/><G0/><T51/><D89/><N who="3" m="34377" /><G92/><T35/><D35/><U32/><E32/><V11/><F11/><W83/><G83/><T50/><D86/><U79/><E81/><V49/><F57/><N who="3" m="37103" /><G66/><T10/><D64/><U9/><E9/><V56/><F56/><W94/><G94/><T82/><D10/><U75/><E59/><V54/><AGARI ba="0,0" hai="42,43,46,49,54" m="45578,27210,13834" machi="54" ten="40,5200,0" yaku="12,1,34,2" doraHai="107" who="2" fromWho="2" sc="326,-26,210,-13,309,52,155,-13" />
</Scene>
<Scene>
<INIT seed="5,0,0,5,2,5" ten="300,197,361,142" oya="1" hai0="86,85,23,15,89,79,105,115,50,131,4,56,21" hai1="83,127,109,34,35,19,71,12,47,53,98,22,75" hai2="73,65,95,52,2,123,91,64,114,99,129,36,10" hai3="27,42,72,63,68,96,82,62,39,9,41,87,54"/><U119/><E119/><V100/><F123/><W59/><G72/><T55/><D115/><U45/><E71/><V124/><F36/><W101/><G39/><T67/><D131/><U8/><E127/><V92/><F73/><W84/><G68/><T46/><D105/><U3/><E109/><V0/><F124/><W28/><G63/><N who="0" m="38375" /><D79/><U97/><E75/><V128/><F114/><W117/><G117/><T76/><D76/><U133/><E83/><V49/><F64/><W121/><G121/><T103/><D103/><U78/><E78/><V69/><F65/><W40/><G82/><N who="0" m="49335" /><D86/><U60/><E133/><V113/><F69/><W70/><G70/><T25/><D25/><U33/><E47/><N who="2" m="27711" /><F2/><W107/><G87/><T20/><D4/><U14/><E3/><V120/><F120/><W102/><G84/><T66/><D66/><U132/><E132/><V135/><F113/><W29/><G102/><T13/><AGARI ba="0,0" hai="13,15,20,21,23,46,50,55" m="49335,38375" machi="13" ten="30,1100,0" yaku="8,1" doraHai="5" who="0" fromWho="0" sc="300,11,197,-5,361,-3,142,-3" />
</Scene>
<Scene>
<INIT seed="6,0,0,0,0,88" ten="311,192,358,139" oya="2" hai0="111,48,116,67,29,7,100,121,63,112,39,86,92" hai1="52,56,125,66,33,46,99,132,101,105,79,9,117" hai2="19,87,106,75,103,43,31,118,127,95,5,4,65" hai3="73,90,97,68,83,30,82,38,62,8,81,40,120"/><V64/><F118/><W113/><G120/><T119/><D121/><U10/><E33/><V27/><F75/><W20/><G73/><T124/><D39/><U24/><E132/><V58/><F127/><W104/><G113/><T50/><D111/><U61/><E125/><V25/><F43/><W34/><G20/><T26/><D7/><U102/><E117/><N who="0" m="45129" /><D112/><U11/><E79/><V37/><F37/><W126/><G126/><T98/><D124/><U85/><E85/><V54/><F106/><W51/><G38/><T15/><D15/><U18/><E102/><V96/><F87/><W28/><G8/><T45/><D45/><U14/><E24/><N who="2" m="9291" /><F19/><W115/><G34/><N who="0" m="20791" /><D86/><U17/><E17/><V42/><F31/><W36/><G36/><T122/><D122/><U123/><E123/><V128/><F42/><W57/><G115/><T47/><D47/><U135/><E135/><V1/><F1/><W110/><G110/><T109/><D109/><U76/><E76/><V71/><F71/><AGARI ba="0,0" hai="48,50,63,67,71,92,98,100" m="20791,45129" machi="71" ten="30,2000,0" yaku="12,1,52,1" doraHai="88" who="0" fromWho="2" sc="311,20,192,0,358,-20,139,0" />
</Scene>
<Scene>
<INIT seed="7,0,0,3,1,7" ten="331,192,338,139" oya="3" hai0="23,67,56,80,6,128,72,37,24,131,108,101,16" hai1="55,35,117,69,20,41,43,89,116,39,4,3,27" hai2="95,106,109,12,50,0,83,1,99,11,49,51,61" hai3="57,19,122,120,53,66,47,62,118,2,84,42,9"/><W123/><G118/><N who="1" m="45674" /><E69/><V15/><F109/><W97/><G97/><T134/><D108/><U107/><E107/><V26/><F106/><W45/><G84/><T18/><D37/><U90/><E35/><V112/><F112/><W29/><G29/><N who="0" m="17567" /><D6/><U70/><E70/><V25/><F0/><W58/><G19/><T98/><D134/><U63/><E39/><V71/><F1/><W64/><G9/><T129/><D67/><N who="3" m="25641" /><G2/><T93/><D56/><N who="1" m="35231" /><E4/><N who="2" m="3175" /><F71/><W10/><G10/><T126/><D126/><U75/><E75/><V130/><F130/><W30/><G30/><T32/><D32/><U85/><E3/><V111/><F111/><W78/><G78/><AGARI ba="0,0" hai="16,18,72,78,80,93,98,101,128,129,131" m="17567" machi="78" ten="30,2000,0" yaku="19,1,54,1" doraHai="7" who="0" fromWho="3" sc="331,20,192,0,338,0,139,-20" owari="351,45.0,192,-21.0,338,14.0,119,-38.0" />
</Scene>
</mjloggm>