<mjloggm ver="2.3"><GO type="41"/><UN n0="%6D%61%73%61%2E" n1="%E5%A4%AA%E3%81%8F%E3%81%AA%E3%81%84%E3%81%8A" n2="%E9%A2%A8%E9%9B%B2" n3="%E3%83%95%E3%82%A9%E3%83%AB%E3%83%AA" dan="14,15,14,13" rate="1841,2046,1937,1823" sx="M,M,M,M"/><TAIKYOKU oya="0"/>

<Scene>
<INIT seed="0,0,0,0,2,97" ten="250,250,250,250" oya="0" hai0="7,80,66,54,86,32,110,19,92,93,68,131,41" hai1="134,109,25,87,51,69,124,129,37,49,23,88,4" hai2="83,22,98,105,57,74,101,64,107,35,30,90,38" hai3="6,111,21,115,99,65,29,48,55,26,17,45,14"/><T33/><D41/><U102/><E37/><V13/><F38/><W104/><G115/><T79/><D7/><U126/><E69/><V82/><F35/><W42/><G65/><T122/><D122/><U121/><E121/><V39/><F39/><W119/><G119/><T112/><D112/><U2/><E109/><V106/><F64/><W0/><G111/><T81/><D110/><U78/><E78/><V130/><F130/><W9/><G104/><T28/><D131/><U128/><E134/><V8/><F57/><W117/><G117/><T73/><D28/><N who="1" m="17471" /><E129/><V16/><F74/><W44/><G99/><T63/><D32/><U67/><E67/><V118/><F118/><W53/><REACH who="3" step="1"/><G45/><REACH who="3" ten="250,250,250,240" step="2"/><T75/><D33/><AGARI ba="0,1" hai="0,6,9,14,17,21,26,29,33,42,44,48,53,55" machi="33" ten="30,12000,2" yaku="1,1,2,1,7,1,24,2,53,1" doraHai="97" doraHaiUra="5" who="3" fromWho="0" sc="250,-120,250,0,250,0,240,130" />
</Scene>
<Scene>
<INIT seed="1,0,0,1,4,2" ten="130,250,250,370" oya="1" hai0="10,29,31,130,102,55,125,123,20,37,104,75,23" hai1="76,34,84,86,5,98,60,121,47,14,119,105,77" hai2="88,62,114,94,1,129,28,19,30,124,56,118,8" hai3="122,101,43,92,95,71,35,115,133,22,97,21,131"/><U87/><E34/><V59/><F118/><W110/><G35/><T66/><D123/><U78/><E119/><V39/><F39/><W40/><G122/><T83/><D125/><U25/><E121/><V9/><F124/><W90/><G71/><T38/><D130/><U17/><E60/><V45/><F129/><W58/><G131/><T116/><D116/><U91/><E47/><V80/><F80/><W52/><G115/><T63/><D38/><U100/><E25/><V126/><F126/><W68/><G68/><T48/><D37/><U74/><E74/><V50/><F56/><W128/><G128/><T42/><D42/><N who="3" m="15913" /><G110/><T54/><D54/><U135/><E135/><V15/><F114/><W67/><G67/><T12/><D102/><U93/><REACH who="1" step="1"/><E5/><REACH who="1" ten="130,240,250,370" step="2"/><V18/><F45/><W4/><G4/><T134/><D104/><U64/><E64/><V57/><F50/><N who="3" m="30999" /><G133/><T65/><D134/><U120/><E120/><V85/><F57/><W7/><G7/><T16/><D66/><U79/><N who="1" m="19456" /><DORA hai="41" /><U46/><E46/><V111/><F111/><W13/><G13/><T61/><D75/><U11/><AGARI ba="0,1" hai="11,14,17,84,86,87,91,93,98,100,105" m="19456" machi="11" ten="40,7800,0" yaku="1,1,0,1,53,1" doraHai="2,41" doraHaiUra="6,108" who="1" fromWho="1" sc="130,-26,240,88,250,-26,370,-26" />
</Scene>
<Scene>
<INIT seed="1,1,0,5,5,12" ten="104,328,224,344" oya="1" hai0="65,129,100,102,45,132,103,52,122,58,76,112,41" hai1="69,110,36,101,15,19,86,21,54,60,133,134,71" hai2="35,42,127,20,11,117,47,55,18,119,126,84,9" hai3="93,0,38,79,124,24,67,92,7,91,131,63,135"/><U125/><E36/><V1/><F35/><W40/><G79/><T77/><D112/><U114/><E114/><V82/><F55/><W31/><G131/><T53/><D129/><U14/><E101/><V26/><F117/><W44/><G124/><N who="2" m="47657" /><F1/><W50/><G135/><N who="1" m="51722" /><E125/><V34/><F34/><W66/><G0/><T89/><D132/><U39/><E39/><N who="2" m="21983" /><F119/><W118/><G7/><T98/><D122/><U61/><E110/><V94/><F94/><W49/><G67/><T81/><D65/><N who="1" m="41127" /><E86/><V2/><F2/><W96/><G93/><T83/><D98/><U29/><E29/><V22/><F22/><W113/><G113/><T111/><D111/><U33/><E33/><V57/><F57/><W90/><G118/><T120/><D120/><U4/><E71/><V130/><F130/><W104/><G104/><T123/><D123/><U51/><E61/><V116/><F116/><W88/><G38/><T64/><D64/><U37/><E37/><V115/><F115/><W48/><G49/><T25/><D25/><N who="1" m="14527" /><E4/><V95/><F95/><W108/><G50/><N who="0" m="26927" /><D53/><U5/><E5/><V121/><F121/><W75/><G108/><T80/><D89/><AGARI ba="1,0" hai="9,11,18,20,26,82,84,89" m="21983,47657" machi="89" ten="30,2000,0" yaku="18,1,52,1" doraHai="12" who="2" fromWho="0" sc="104,-23,328,0,224,23,344,0" />
</Scene>
<Scene>
<INIT seed="2,0,0,4,5,113" ten="81,328,247,344" oya="2" hai0="42,91,51,125,117,135,110,31,70,80,56,27,14" hai1="11,38,18,55,8,128,54,122,22,118,21,82,5" hai2="0,75,116,97,63,50,34,40,13,73,2,7,74" hai3="129,20,120,111,124,49,35,16,90,23,19,88,24"/><V46/><F34/><W72/><G120/><T132/><D70/><U10/><E38/><V112/><F112/><W101/><G72/><T108/><D91/><U60/><E122/><V102/><F63/><W64/><G35/><T85/><D85/><U86/><E128/><V47/><F116/><W39/><G39/><T78/><D78/><N who="1" m="46423" /><E118/><V1/><F47/><W53/><G129/><T103/><D103/><U93/><E5/><V84/><F84/><W68/><G111/><N who="0" m="42539" /><D80/><U119/><E119/><V25/><F25/><W43/><G101/><T109/><D117/><U9/><E93/><V106/><REACH who="2" step="1"/><F13/><REACH who="2" ten="81,328,237,344" step="2"/><W126/><G24/><T62/><D109/><U81/><E60/><V57/><F57/><W100/><G68/><T52/><D14/><N who="1" m="7519" /><E81/><V94/><F94/><W48/><G126/><T76/><D76/><U12/><E12/><V89/><F89/><W44/><G88/><T79/><D79/><U4/><E4/><AGARI ba="0,1" hai="0,1,2,4,7,40,46,50,73,74,75,97,102,106" machi="4" ten="50,2400,0" yaku="1,1,53,0" doraHai="113" doraHaiUra="17" who="2" fromWho="1" sc="81,0,328,-24,237,34,344,0" />
</Scene>
<Scene>
<INIT seed="2,1,0,1,3,94" ten="81,304,271,344" oya="2" hai0="35,52,28,115,81,12,70,99,45,15,58,26,39" hai1="107,57,73,127,76,2,91,92,84,97,96,101,6" hai2="56,67,44,36,29,104,30,33,109,48,63,41,75" hai3="121,22,24,130,79,61,129,9,32,95,16,102,50"/><V120/><F75/><W42/><G121/><T13/><D70/><U66/><E2/><V82/><F120/><W111/><G79/><T98/><D115/><U72/><E6/><V103/><F109/><W105/><G105/><T21/><D45/><U19/><E19/><V17/><F33/><W114/><G111/><T122/><D122/><U62/><REACH who="1" step="1"/><E127/><REACH who="1" ten="81,294,271,344" step="2"/><V78/><F17/><W53/><G16/><T5/><D39/><U106/><E106/><V55/><F78/><W14/><G114/><T54/><D54/><U108/><E108/><V90/><F104/><W3/><G53/><T117/><D117/><U93/><E93/><V20/><F103/><W46/><G95/><T59/><D59/><U65/><E65/><V100/><F100/><W43/><G102/><T77/><D5/><U131/><E131/><V74/><F90/><W85/><G3/><T40/><D35/><U112/><E112/><V88/><F74/><W10/><G32/><T38/><D40/><U31/><E31/><V51/><F30/><W47/><G43/><T7/><D7/><U110/><E110/><V37/><F29/><W27/><G42/><T64/><D64/><U123/><E123/><V125/><F125/><W80/><G130/><T89/><D89/><U87/><E87/><V8/><F88/><W119/><G85/><N who="0" m="48303" /><D38/><U34/><E34/><V18/><F37/><W135/><G129/><T124/><D124/><U25/><E25/><N who="2" m="14487" /><F36/><W23/><G27/><T0/><D0/><U116/><E116/><V60/><F82/><AGARI ba="1,1" hai="57,62,66,72,73,76,82,84,91,92,96,97,101,107" machi="82" ten="40,5200,0" yaku="1,1,52,2,53,0" doraHai="94" doraHaiUra="68" who="1" fromWho="2" sc="81,0,294,65,271,-55,344,0" />
</Scene>
<Scene>
<INIT seed="3,0,0,4,2,50" ten="81,359,216,344" oya="3" hai0="40,99,2,130,23,17,111,92,75,64,128,8,43" hai1="59,87,134,84,91,26,71,58,95,112,46,118,13" hai2="133,65,83,29,41,63,34,62,51,12,108,79,124" hai3="85,52,30,93,104,4,44,127,68,1,73,33,57"/><W3/><G104/><T42/><D75/><U132/><E112/><V109/><F133/><N who="1" m="51305" /><E71/><V102/><F34/><W11/><G68/><T110/><D64/><U19/><E118/><V25/><F124/><W119/><G119/><T24/><D8/><N who="1" m="6567" /><E26/><V131/><F102/><W117/><G117/><T31/><D2/><U10/><E10/><V70/><F131/><W107/><G107/><T47/><D47/><U20/><E20/><V5/><F25/><W89/><G73/><T82/><D82/><N who="1" m="49559" /><E46/><V37/><F29/><W54/><G127/><T7/><D7/><U98/><E87/><V69/><F5/><W120/><G120/><T81/><D81/><U38/><E38/><V56/><F12/><W129/><G129/><N who="0" m="49771" /><D31/><U60/><E60/><V18/><F18/><W126/><G126/><T0/><D0/><U103/><AGARI ba="0,0" hai="58,59,95,98,103" m="49559,6567,51305" machi="103" ten="30,1100,0" yaku="20,1" doraHai="50" who="1" fromWho="1" sc="81,-3,359,11,216,-3,344,-5" />
</Scene>
<Scene>
<INIT seed="4,0,0,5,2,20" ten="78,370,213,339" oya="0" hai0="33,122,79,35,36,50,64,3,134,82,40,39,62" hai1="29,86,91,8,102,129,111,131,54,46,61,96,75" hai2="13,56,14,97,59,76,119,25,49,88,126,41,133" hai3="66,45,135,93,99,51,73,112,30,6,116,120,90"/><T132/><D3/><U34/><E111/><V42/><F133/><N who="0" m="51306" /><D122/><U4/><E75/><V22/><F126/><W55/><G116/><T95/><D95/><U67/><E46/><V31/><F119/><W80/><G112/><T53/><D35/><U21/><E54/><V84/><F76/><W128/><G128/><N who="1" m="49226" /><E34/><V32/><F97/><W121/><G6/><T108/><D33/><U130/><E130/><V58/><F32/><W115/><G115/><T27/><D27/><N who="1" m="16623" /><E86/><V69/><F69/><W26/><G66/><T10/><D10/><U109/><E109/><V94/><F49/><W81/><G135/><T9/><D9/><U12/><E91/><V110/><F110/><W78/><REACH who="3" step="1"/><G81/><REACH who="3" ten="78,370,213,329" step="2"/><T17/><D108/><U72/><E67/><V87/><REACH who="2" step="1"/><F84/><REACH who="2" ten="78,370,203,329" step="2"/><W113/><G113/><T98/><D17/><U105/><E72/><V118/><F118/><W47/><G47/><N who="0" m="27871" /><D98/><U57/><E96/><V15/><AGARI ba="0,2" hai="13,14,15,22,25,31,41,42,56,58,59,87,88,94" machi="15" ten="30,8000,1" yaku="1,1,0,1,8,1,52,1,54,1,53,0" doraHai="20" doraHaiUra="28" who="2" fromWho="2" sc="78,-40,370,-20,203,100,329,-20" />
</Scene>
<Scene>
<INIT seed="5,0,0,1,1,79" ten="38,350,303,309" oya="1" hai0="17,47,71,35,33,90,129,64,100,114,131,127,91" hai1="107,70,128,15,4,3,32,109,86,51,6,60,134" hai2="118,120,87,61,9,11,24,69,111,20,80,97,106" hai3="130,18,105,34,85,30,96,99,102,76,95,37,45"/><U133/><E107/><V59/><F69/><W103/><G34/><T74/><D74/><U14/><BYE who="0" /><E32/><V49/><F120/><W19/><G30/><T84/><D84/><U104/><E104/><V94/><F106/><W13/><G130/><T54/><D54/><U52/><E128/><V41/><F111/><W78/><G37/><T29/><D29/><U2/><E109/><V16/><F49/><W98/><G45/><T121/><D121/><U39/><E39/><V26/><F26/><W38/><G38/><T62/><D62/><U113/><E113/><V75/><F41/><W31/><G31/><T5/><D5/><N who="1" m="2155" /><E86/><V115/><F75/><W81/><G18/><T110/><D110/><U0/><E60/><V67/><F118/><W10/><REACH who="3" step="1"/><G98/><REACH who="3" ten="38,350,303,299" step="2"/><T89/><D89/><AGARI ba="0,1" hai="10,13,19,76,78,81,85,89,95,96,99,102,103,105" machi="89" ten="30,7700,0" yaku="1,1,2,1,7,1,52,1,53,0" doraHai="79" doraHaiUra="42" who="3" fromWho="0" sc="38,-77,350,0,303,0,299,87" owari="-39,-54.0,350,15.0,303,-10.0,386,49.0" />
</Scene>
</mjloggm>