<mjloggm ver="2.3"><GO type="169" lobby="0"/><UN n0="%70%65%72%6F%32" n1="%E3%81%B4%E3%81%AE" n2="%E6%98%A5%E6%97%A5%E3%81%8B%E3%82%8C%E3%82%93" n3="%E5%A4%AA%E3%81%8F%E3%81%AA%E3%81%84%E3%81%8A" dan="16,16,16,18" rate="2065.78,2147.24,2041.06,2236.88" sx="M,M,F,F"/><TAIKYOKU oya="0"/>

<Scene>
<INIT seed="0,0,0,2,5,67" ten="250,250,250,250" oya="0" hai0="29,68,112,31,48,44,135,116,51,24,11,90,131" hai1="49,23,105,94,5,80,128,124,122,127,66,59,1" hai2="129,100,62,32,110,103,42,15,22,70,78,79,53" hai3="18,113,33,2,8,76,34,86,52,132,93,123,27"/><T126/><D116/><U82/><E105/><V65/><F32/><W92/><G113/><T13/><D112/><U7/><E122/><V25/><F129/><W36/><G36/><T37/><D135/><U61/><E128/><V57/><F110/><W56/><G132/><T99/><D131/><U119/><E119/><V87/><F42/><W43/><G43/><T102/><D126/><N who="1" m="48171" /><E94/><V39/><F39/><W10/><G123/><T107/><D68/><N who="1" m="42063" /><E23/><V95/><F15/><W54/><G33/><T108/><D108/><U104/><E104/><V98/><F100/><W85/><G34/><T84/><D37/><U47/><E59/><V38/><F87/><W120/><G56/><T134/><D134/><U125/><E125/><V130/><F38/><W46/><G85/><T30/><D24/><U35/><E35/><V6/><F6/><N who="1" m="2057" /><E1/><V50/><REACH who="2" step="1"/><F130/><REACH who="2" ten="250,250,240,250" step="2"/><W77/><G120/><T58/><D84/><U75/><E75/><V72/><F72/><W133/><G86/><T19/><D102/><U115/><E115/><V73/><F73/><W69/><G133/><T81/><D13/><U3/><E3/><V45/><F45/><W83/><G46/><T97/><D44/><U26/><E26/><V21/><F21/><W71/><G27/><T28/><D99/><U101/><E101/><V74/><F74/><W118/><G2/><T111/><D97/><U0/><E0/><V12/><F12/><W40/><G118/><T109/><D111/><U89/><E89/><V63/><F63/><W64/><G40/><AGARI ba="0,1" hai="40,47,49,80,82" m="2057,42063,48171" machi="40" ten="30,2000,0" yaku="18,1,52,1" doraHai="67" who="1" fromWho="3" sc="250,0,250,30,240,0,250,-20" />
</Scene>
<Scene>
<INIT seed="1,0,0,1,1,117" ten="250,280,240,230" oya="1" hai0="15,131,54,90,55,106,128,108,89,125,134,87,105" hai1="22,104,85,82,91,61,56,62,77,127,39,99,20" hai2="49,59,114,66,73,100,17,9,79,103,112,6,23" hai3="83,101,132,74,123,69,33,11,12,35,19,48,133"/><U68/><E39/><V109/><F109/><W67/><G101/><T57/><D108/><U8/><E127/><V124/><F124/><W111/><G111/><T45/><D125/><U5/><E68/><V16/><F79/><N who="3" m="44535" /><G48/><T38/><D134/><N who="3" m="51817" /><G123/><T25/><D25/><U72/><E104/><V36/><F36/><W63/><AGARI ba="0,0" hai="11,12,19,33,35,63,67,69" m="51817,44535" machi="63" ten="30,1100,0" yaku="20,1" doraHai="117" who="3" fromWho="3" sc="250,-3,280,-5,240,-3,230,11" />
</Scene>
<Scene>
<INIT seed="2,0,0,4,4,20" ten="247,275,237,241" oya="2" hai0="114,85,128,95,63,15,60,36,83,27,61,92,3" hai1="19,41,104,29,12,118,84,28,112,71,24,113,54" hai2="39,122,79,50,56,76,74,102,4,2,16,133,21" hai3="101,64,14,53,65,100,86,110,89,116,62,52,49"/><V30/><F39/><W22/><G116/><T78/><D36/><U126/><E118/><V91/><F122/><W7/><G110/><T111/><D114/><U135/><E104/><V33/><F133/><W120/><G120/><T23/><D3/><U70/><E135/><V124/><F102/><N who="3" m="39531" /><G62/><T131/><D111/><U123/><E123/><V96/><F124/><W81/><G53/><T18/><REACH who="0" step="1"/><D15/><REACH who="0" ten="237,275,237,241" step="2"/><U130/><E113/><V0/><F0/><W9/><G22/><T48/><D48/><U32/><E112/><V117/><F117/><W11/><G9/><T13/><D13/><U75/><E12/><V46/><F2/><W66/><G14/><T97/><D97/><U40/><E126/><V82/><F4/><W58/><G11/><T51/><D51/><U106/><E106/><V69/><F50/><W109/><G109/><T94/><AGARI ba="0,1" hai="18,23,27,60,61,63,78,83,85,92,94,95,128,131" machi="94" ten="40,5200,0" yaku="1,1,0,1,52,1,53,0" doraHai="20" doraHaiUra="43" who="0" fromWho="0" sc="237,62,275,-13,237,-26,241,-13" />
</Scene>
<Scene>
<INIT seed="3,0,0,4,2,45" ten="299,262,211,228" oya="3" hai0="22,63,13,64,20,14,126,44,109,15,8,104,113" hai1="108,76,78,66,105,74,54,129,38,88,29,95,56" hai2="118,97,127,67,33,60,11,79,122,37,58,31,73" hai3="1,82,53,102,121,52,48,84,87,46,131,43,59"/><W28/><G121/><T128/><D113/><U116/><E105/><V47/><F118/><W65/><G1/><T39/><D104/><U83/><E38/><V93/><F122/><W68/><G131/><T30/><D126/><U115/><E115/><V51/><F127/><W114/><G114/><T61/><D109/><U112/><E112/><V94/><F37/><W57/><G102/><T7/><D128/><U55/><E108/><V10/><F94/><W96/><G96/><T70/><D61/><U35/><E129/><V21/><F33/><W135/><G135/><T134/><D134/><U75/><E116/><V80/><F31/><W3/><G3/><T24/><REACH who="0" step="1"/><D22/><REACH who="0" ten="289,262,211,228" step="2"/><U106/><E106/><V90/><REACH who="2" step="1"/><F21/><REACH who="2" ten="289,262,201,228" step="2"/><W130/><G130/><T123/><D123/><U2/><E35/><V120/><F120/><W27/><G28/><T42/><AGARI ba="0,2" hai="7,8,13,14,15,20,24,30,39,42,44,63,64,70" machi="42" ten="30,4000,0" yaku="1,1,0,1,53,1" doraHai="45" doraHaiUra="0" who="0" fromWho="0" sc="289,60,262,-10,201,-10,228,-20" />
</Scene>
<Scene>
<INIT seed="4,0,0,5,0,115" ten="349,252,191,208" oya="0" hai0="33,18,121,105,61,11,6,10,132,68,94,29,42" hai1="12,104,66,65,75,130,70,48,51,96,14,108,27" hai2="39,97,85,31,30,110,99,120,102,23,122,100,21" hai3="67,73,63,4,86,60,106,107,7,49,15,111,38"/><T131/><D105/><U87/><E75/><V134/><F39/><W22/><G73/><T43/><D121/><U91/><E130/><V118/><F85/><W3/><G38/><T81/><D132/><U127/><E127/><V125/><F125/><W37/><G37/><T8/><D6/><U5/><E108/><V2/><F2/><W24/><G3/><T54/><D81/><U52/><E70/><V126/><F126/><W124/><G111/><T69/><D18/><U128/><E128/><V98/><F110/><W9/><G7/><T95/><D131/><U58/><E104/><V35/><F35/><W16/><G124/><T57/><D29/><U36/><E36/><V117/><REACH who="2" step="1"/><F99/><REACH who="2" ten="349,252,181,208" step="2"/><W47/><G86/><T46/><D33/><U114/><E96/><V88/><F88/><W0/><G0/><T1/><D1/><U90/><E91/><V123/><F123/><W129/><G129/><T62/><D68/><U74/><E90/><V32/><F32/><W76/><G76/><T40/><REACH who="0" step="1"/><D46/><REACH who="0" ten="339,252,181,208" step="2"/><U109/><E109/><V80/><F80/><W133/><G133/><AGARI ba="0,2" hai="21,23,30,31,97,98,100,102,117,118,120,122,133,134" machi="133" ten="25,8000,1" yaku="1,1,22,2,52,2,53,0" doraHai="115" doraHaiUra="71" who="2" fromWho="3" sc="339,0,252,0,181,100,208,-80" />
</Scene>
<Scene>
<INIT seed="5,0,0,2,1,42" ten="339,252,281,128" oya="1" hai0="117,121,20,43,118,129,135,36,44,57,17,10,23" hai1="83,78,81,113,32,37,59,71,63,64,28,3,5" hai2="24,34,11,87,123,29,65,104,1,68,128,103,26" hai3="86,12,99,73,51,132,48,74,60,46,92,130,115"/><U16/><E113/><V126/><F123/><W55/><G115/><T127/><D121/><U109/><E109/><V18/><F126/><W88/><G130/><T19/><D135/><U47/><E83/><V122/><F122/><W35/><G35/><T124/><D129/><U49/><E32/><V61/><F128/><W50/><G132/><T94/><D94/><U54/><E28/><V111/><F111/><W125/><G125/><N who="0" m="48203" /><D57/><U76/><E16/><N who="0" m="6217" /><D10/><N who="1" m="2367" /><E81/><V53/><F53/><W131/><G131/><T90/><D90/><U77/><E77/><V38/><F38/><W45/><G12/><T58/><D58/><U69/><E69/><V33/><F87/><W106/><G60/><T70/><D70/><U15/><E15/><V22/><F1/><W101/><REACH who="3" step="1"/><G50/><REACH who="3" ten="339,252,281,118" step="2"/><T9/><D118/><U62/><E62/><V56/><F33/><W112/><G112/><T13/><D117/><U134/><E134/><V110/><F110/><W98/><G98/><T102/><D102/><U67/><E67/><V116/><F103/><W80/><G80/><T0/><D0/><U8/><E8/><V114/><F11/><W120/><G120/><T30/><D13/><U79/><E37/><V96/><F116/><W14/><G14/><T82/><D9/><U7/><E7/><V2/><F2/><W105/><G105/><T108/><D82/><U133/><E133/><V97/><F104/><W89/><G89/><T75/><D108/><U95/><E95/><V31/><F114/><W93/><G93/><T100/><D100/><U25/><E25/><V85/><F26/><W39/><G39/><RYUUKYOKU ba="0,1" sc="339,-15,252,15,281,-15,118,15" hai1="47,49,54,59,63,64,71,76,78,79" hai3="45,46,48,51,55,73,74,86,88,92,99,101,106" />
</Scene>
<Scene>
<INIT seed="5,1,1,2,3,86" ten="324,267,266,133" oya="1" hai0="108,54,90,25,14,133,21,42,76,135,74,31,114" hai1="109,128,63,121,88,10,125,70,34,111,124,71,3" hai2="49,57,62,19,50,2,67,27,119,82,122,120,87" hai3="115,28,118,8,39,59,73,132,75,96,64,129,83"/><U79/><E121/><V127/><F2/><W5/><G39/><T81/><D114/><U72/><E128/><V105/><F105/><W45/><G115/><T123/><D123/><U16/><E34/><V104/><F104/><W6/><G28/><T91/><D108/><N who="1" m="41547" /><E79/><V52/><F119/><W38/><G129/><T18/><D42/><U131/><E72/><V102/><F102/><W15/><G118/><T12/><D54/><U7/><E131/><V65/><F127/><N who="1" m="48713" /><E63/><V13/><F27/><W23/><G75/><T89/><REACH who="0" step="1"/><D12/><REACH who="0" ten="314,267,266,133" step="2"/><U47/><E47/><V77/><F120/><W43/><G15/><T80/><D80/><U130/><E130/><V99/><F122/><W20/><G83/><T40/><D40/><U85/><E16/><V35/><F35/><AGARI ba="1,2" hai="14,18,21,25,31,35,74,76,81,89,90,91,133,135" machi="35" ten="40,8000,1" yaku="1,1,52,3,53,0" doraHai="86" doraHaiUra="66" who="0" fromWho="2" sc="314,103,267,0,266,-83,133,0" />
</Scene>
<Scene>
<INIT seed="6,0,0,1,0,68" ten="417,267,183,133" oya="2" hai0="61,11,69,107,72,30,118,132,112,123,122,73,14" hai1="23,63,41,131,43,31,99,104,121,105,15,53,124" hai2="133,96,95,56,115,70,35,92,28,120,47,86,134" hai3="106,75,18,103,81,58,114,80,12,98,108,46,83"/><V126/><F70/><W93/><G108/><T42/><D107/><U119/><E121/><V135/><F120/><W94/><G75/><T3/><D132/><U39/><E119/><V21/><F115/><W16/><G114/><T13/><D30/><U60/><E99/><V102/><F126/><W84/><G58/><T109/><D42/><U78/><E78/><V24/><F47/><W48/><G84/><T129/><D109/><U17/><E31/><V57/><F35/><W91/><G91/><AGARI ba="0,0" hai="21,24,28,56,57,86,91,92,95,96,102,133,134,135" machi="91" ten="40,2000,0" yaku="20,1" doraHai="68" who="2" fromWho="3" sc="417,0,267,0,183,20,133,-20" />
</Scene>
<Scene>
<INIT seed="6,1,0,5,3,10" ten="417,267,203,113" oya="2" hai0="48,109,86,19,51,18,64,33,110,46,125,22,3" hai1="99,29,28,85,120,6,117,21,62,59,44,9,20" hai2="69,60,38,119,53,72,56,30,25,83,23,0,97" hai3="8,63,50,14,108,4,2,15,93,70,107,118,68"/><V114/><F119/><W74/><G118/><T130/><D3/><U31/><E117/><V35/><F0/><W16/><G108/><T131/><D33/><U61/><E120/><V121/><F121/><W75/><G107/><T1/><D1/><U52/><E99/><V76/><F38/><W104/><G104/><T27/><D64/><U73/><E73/><V126/><F114/><W37/><G37/><T113/><D113/><U87/><E44/><V100/><F126/><W66/><G68/><T81/><D125/><U132/><E132/><V98/><F69/><W116/><G116/><T95/><D95/><U49/><E49/><V101/><REACH who="2" step="1"/><F35/><REACH who="2" ten="417,267,193,113" step="2"/><W42/><G2/><T12/><D109/><U111/><E111/><V106/><F106/><W105/><G105/><T80/><D110/><U36/><E36/><V77/><F77/><W71/><G71/><T57/><D130/><U133/><E133/><V47/><F47/><W13/><G93/><T82/><D131/><U79/><E79/><V91/><F91/><W123/><G123/><T128/><D128/><U55/><E59/><V45/><F45/><W124/><G124/><T54/><D46/><U78/><E78/><V90/><F90/><W115/><G115/><T103/><D103/><AGARI ba="1,1" hai="23,25,30,53,56,60,72,76,83,97,98,100,101,103" machi="103" ten="40,12000,1" yaku="1,1,53,3" doraHai="10" doraHaiUra="96" who="2" fromWho="0" sc="417,-123,267,0,193,133,113,0" />
</Scene>
<Scene>
<INIT seed="6,2,0,5,3,7" ten="294,267,326,113" oya="2" hai0="70,41,40,133,110,1,26,121,64,39,34,78,134" hai1="116,28,80,29,60,19,104,84,99,51,93,4,72" hai2="55,102,37,0,33,77,66,82,38,43,135,30,56" hai3="90,15,71,117,48,87,22,32,2,54,83,58,126"/><V8/><F135/><N who="0" m="51722" /><D1/><U96/><E116/><V79/><F102/><W94/><G117/><T86/><D121/><U36/><E36/><V42/><F66/><W100/><G2/><T81/><D110/><U89/><E72/><V44/><F79/><W74/><G32/><T125/><D125/><U3/><E104/><V76/><F76/><W16/><G126/><T73/><D86/><U85/><E3/><V132/><F132/><W59/><G71/><T113/><D113/><U103/><E4/><V46/><F30/><N who="1" m="11881" /><E103/><V127/><F33/><W112/><G112/><T27/><D34/><U115/><E115/><V45/><F127/><W25/><G74/><T114/><D114/><U11/><E60/><V131/><F131/><W108/><G108/><T14/><D14/><N who="1" m="7647" /><E51/><V105/><F105/><W47/><REACH who="3" step="1"/><G15/><REACH who="3" ten="294,267,326,103" step="2"/><T91/><D70/><U17/><E17/><V50/><F0/><W21/><G21/><T101/><D26/><U106/><E106/><V68/><F68/><W95/><G95/><T130/><D27/><U52/><E93/><V24/><F24/><W128/><G128/><T75/><D130/><U23/><E23/><V12/><F12/><W98/><AGARI ba="2,1" hai="16,22,25,47,48,54,58,59,83,87,90,94,98,100" machi="98" ten="30,12000,2" yaku="1,1,0,1,8,1,54,1,53,2" doraHai="7" doraHaiUra="53" who="3" fromWho="3" sc="294,-32,267,-32,326,-62,103,136" />
</Scene>
<Scene>
<INIT seed="7,0,0,5,4,92" ten="262,235,264,239" oya="3" hai0="99,132,9,102,34,117,91,129,52,44,8,100,19" hai1="45,10,53,1,6,84,35,110,109,66,2,5,61" hai2="7,74,3,124,70,98,127,123,71,73,78,62,26" hai3="21,20,103,81,120,31,77,37,116,111,56,48,25"/><W27/><G120/><T128/><D117/><U30/><E84/><V106/><F123/><W135/><G116/><T41/><D34/><U133/><E133/><V63/><F26/><W18/><G37/><T39/><D132/><U29/><E53/><V118/><F118/><W16/><G135/><T95/><D52/><U83/><E45/><V69/><F7/><W17/><G111/><N who="1" m="42506" /><E83/><V115/><F3/><N who="1" m="1033" /><E61/><N who="2" m="23051" /><F115/><W87/><G103/><T33/><D33/><U51/><E66/><V93/><F106/><W14/><G14/><T121/><D121/><U4/><E51/><V49/><F49/><W32/><G32/><T76/><D76/><U55/><E55/><AGARI ba="0,0" hai="16,17,18,20,21,25,27,31,48,55,56,77,81,87" machi="55" ten="40,3900,0" yaku="8,1,54,1" doraHai="92" who="3" fromWho="1" sc="262,0,235,-39,264,0,239,39" />
</Scene>
<Scene>
<INIT seed="7,1,0,2,3,69" ten="262,196,264,278" oya="3" hai0="130,76,120,40,26,51,42,45,53,20,32,117,31" hai1="126,41,79,95,8,82,62,4,81,49,112,55,61" hai2="97,58,122,37,56,103,87,125,10,9,11,64,2" hai3="28,91,65,44,72,29,19,23,99,127,67,115,47"/><W60/><G72/><T92/><D120/><U34/><E126/><V78/><F125/><W114/><G127/><T57/><D117/><U94/><E112/><N who="3" m="43050" /><G99/><T106/><D130/><U118/><E118/><V43/><F122/><W86/><G29/><T121/><D121/><U96/><E34/><V70/><F2/><W12/><G28/><T111/><D106/><U88/><E41/><V90/><F78/><W113/><N who="3" m="43058" /><W35/><DORA hai="107" /><G35/><T108/><D32/><U30/><E30/><V129/><F129/><W22/><G22/><T80/><D92/><U84/><E95/><V0/><F0/><W104/><G104/><T102/><D102/><U3/><REACH who="1" step="1"/><E82/><REACH who="1" ten="262,186,264,278" step="2"/><V77/><F43/><W52/><G52/><T18/><D40/><U46/><AGARI ba="1,1" hai="3,4,8,46,49,55,61,62,79,81,84,88,94,96" machi="46" ten="20,8000,1" yaku="1,1,2,1,0,1,7,1,54,1,53,0" doraHai="69,107" doraHaiUra="131,100" who="1" fromWho="1" sc="262,-21,186,93,264,-21,278,-41" />
</Scene>
<Scene>
<INIT seed="8,0,0,5,3,70" ten="241,279,243,237" oya="0" hai0="117,78,95,45,57,109,126,135,123,56,124,25,94" hai1="86,75,121,39,73,72,42,134,101,113,31,93,118" hai2="14,69,24,23,8,29,91,38,55,99,18,17,13" hai3="66,36,5,98,41,74,127,92,48,20,84,106,21"/><T105/><D123/><U108/><E31/><V62/><F38/><W131/><G74/><T107/><D78/><U119/><E108/><V11/><F69/><W49/><G106/><N who="0" m="40459" /><D25/><U82/><E121/><V59/><F91/><W3/><G66/><T16/><D16/><U65/><E65/><V33/><REACH who="2" step="1"/><F99/><REACH who="2" ten="241,279,233,237" step="2"/><W60/><G98/><T110/><D135/><U80/><E134/><V116/><F116/><N who="1" m="44585" /><E113/><V76/><F76/><W96/><G96/><T30/><D117/><U0/><E39/><V4/><F4/><W67/><G5/><T77/><D77/><U6/><E6/><V115/><F115/><W114/><G36/><T125/><D30/><U46/><E101/><V9/><AGARI ba="0,1" hai="8,9,11,13,14,17,18,23,24,29,33,55,59,62" machi="9" ten="20,5200,0" yaku="1,1,0,1,7,1,53,1" doraHai="70" doraHaiUra="52" who="2" fromWho="2" sc="241,-26,279,-13,233,62,237,-13" />
</Scene>
<Scene>
<INIT seed="9,0,0,3,1,93" ten="215,266,295,224" oya="1" hai0="53,120,113,47,64,124,42,15,69,0,115,77,2" hai1="23,8,1,134,79,99,112,127,17,52,97,44,72" hai2="25,133,94,117,62,3,92,67,121,7,102,55,63" hai3="82,126,10,109,32,75,50,5,40,86,78,24,61"/><U85/><E112/><V91/><F117/><W122/><G122/><T11/><D120/><U96/><E72/><V108/><F108/><W37/><G109/><T16/><D124/><U59/><E127/><V83/><F121/><W39/><G126/><T130/><D77/><U84/><E134/><V30/><F133/><W38/><G61/><T119/><D130/><U65/><E79/><V90/><F3/><N who="3" m="319" /><G50/><T43/><D119/><U110/><E110/><V111/><F7/><W29/><G86/><N who="1" m="33386" /><E1/><V54/><F111/><W125/><G125/><T89/><D0/><U95/><E8/><V105/><F105/><W12/><G12/><T128/><D2/><U60/><E44/><AGARI ba="0,0" hai="24,29,32,37,38,39,40,44,75,78,82" m="319" machi="44" ten="30,3900,0" yaku="25,1,33,2" doraHai="93" who="3" fromWho="1" sc="215,0,266,-39,295,0,224,39" />
</Scene>
<Scene>
<INIT seed="10,0,0,2,1,108" ten="215,227,295,263" oya="2" hai0="69,71,90,9,129,53,92,128,20,16,80,121,17" hai1="131,37,6,38,99,5,130,102,96,39,64,30,66" hai2="112,28,111,27,75,43,95,15,89,87,50,110,0" hai3="79,45,24,63,132,98,116,26,93,106,104,125,85"/><V86/><F112/><W23/><G116/><T14/><D121/><U127/><E127/><V2/><F75/><W58/><G45/><T91/><D80/><U22/><E22/><N who="2" m="15479" /><F86/><W81/><G132/><T40/><D40/><U78/><E30/><V105/><F105/><W8/><G8/><T123/><D53/><U10/><E78/><V65/><F65/><N who="1" m="25193" /><E10/><V101/><F101/><W109/><G24/><N who="0" m="14343" /><D123/><U114/><E114/><V61/><F61/><W33/><G125/><T62/><D62/><U100/><E100/><V73/><F15/><W12/><G12/><T84/><D91/><U113/><E113/><V126/><F73/><W31/><G109/><N who="2" m="41481" /><F126/><W117/><G63/><T77/><D77/><U42/><E102/><V57/><F57/><W70/><G58/><T35/><D35/><U3/><E3/><V133/><F133/><W82/><G33/><T119/><D119/><U135/><E135/><V18/><F18/><W55/><G117/><T74/><D74/><U44/><E99/><V21/><F21/><W47/><G23/><T120/><D120/><U41/><E96/><V48/><F43/><N who="1" m="16393" /><E44/><V7/><F7/><AGARI ba="0,0" hai="5,6,7,37,38,39,130,131" m="16393,25193" machi="7" ten="40,2600,0" yaku="28,2" doraHai="108" who="1" fromWho="2" sc="215,0,227,26,295,-26,263,0" />
</Scene>
<Scene>
<INIT seed="11,0,0,1,3,19" ten="215,253,269,263" oya="3" hai0="105,14,99,132,48,95,104,84,70,81,71,7,32" hai1="29,74,53,79,78,52,47,3,87,62,33,80,17" hai2="21,115,128,110,76,43,4,49,60,69,88,58,125" hai3="46,97,123,6,44,28,102,35,2,121,34,135,41"/><W93/><G135/><T20/><D132/><U64/><E3/><V107/><F107/><W13/><G2/><T113/><D32/><U75/><E33/><V22/><F110/><W9/><G46/><T67/><D113/><U38/><E29/><V116/><F115/><W51/><REACH who="3" step="1"/><G28/><REACH who="3" ten="215,253,269,253" step="2"/><T100/><D104/><U91/><E47/><V90/><F128/><W50/><G50/><T45/><D105/><U85/><E38/><V119/><F49/><W122/><AGARI ba="0,1" hai="6,9,13,34,35,41,44,51,93,97,102,121,122,123" machi="122" ten="30,12000,1" yaku="1,1,0,1,53,3" doraHai="19" doraHaiUra="117" who="3" fromWho="3" sc="215,-40,253,-40,269,-40,253,130" owari="175,-32.0,213,-19.0,229,3.0,383,48.0" />
</Scene>
</mjloggm>