<mjloggm ver="2.3"><GO type="169"/><UN n0="%E3%81%AA%E3%81%BE%E3%81%AF%E3%81%92%E3%83%AA%E3%83%BC%E3%83%81%E2%98%86" n1="%E3%81%AF%E3%82%89%E3%81%BA%E3%81%93%E3%83%AA%E3%82%B0%E3%83%AB" n2="%E6%88%A6%E5%8A%9B%E5%A4%96%E3%83%9D%E3%83%BC%E3%82%AF%E2%99%82" n3="%E5%A4%AA%E3%81%8F%E3%81%AA%E3%81%84%E3%81%8A" dan="17,16,16,18" rate="2057,2084,2043,2169" sx="M,F,M,M"/><TAIKYOKU oya="0"/>

<Scene>
<INIT seed="0,0,0,5,4,64" ten="250,250,250,250" oya="0" hai0="30,54,71,104,5,40,81,84,56,1,79,59,27" hai1="66,106,16,2,114,120,21,116,101,76,63,26,90" hai2="36,135,48,103,31,109,115,99,70,130,86,95,111" hai3="88,121,102,126,23,78,22,13,110,62,6,14,8"/><T0/><D104/><U131/><E131/><V94/><F36/><W7/><G110/><N who="2" m="41993" /><F115/><W119/><G119/><T98/><D40/><U123/><E116/><V45/><F130/><W118/><G118/><T73/><D71/><U37/><E37/><V57/><F57/><W51/><G126/><T43/><D43/><U29/><E2/><V41/><F31/><W12/><G121/><T117/><D117/><U134/><E134/><V83/><F95/><W39/><G39/><T11/><D98/><U60/><E76/><N who="2" m="46439" /><F135/><W127/><G127/><T122/><D122/><U69/><E114/><V128/><F128/><W9/><G78/><T38/><D38/><U82/><E29/><V113/><F113/><W3/><G102/><T47/><D1/><U32/><E32/><V15/><F15/><W107/><G107/><T55/><D73/><U124/><E124/><V42/><F42/><W125/><G125/><T19/><D19/><U97/><REACH who="1" step="1"/><E60/><REACH who="1" ten="250,240,250,250" step="2"/><V34/><F34/><W46/><G62/><T65/><D0/><U49/><E49/><V133/><F133/><W91/><G3/><T35/><D30/><U17/><E17/><V61/><F61/><W112/><G112/><T20/><D35/><U75/><E75/><V33/><F33/><W89/><REACH who="3" step="1"/><G14/><REACH who="3" ten="250,240,250,240" step="2"/><T68/><D79/><U18/><E18/><V129/><F129/><W28/><G28/><T58/><D27/><U25/><E25/><V74/><F74/><W67/><G67/><T108/><D65/><U93/><E93/><V132/><F132/><W77/><G77/><T96/><D108/><U50/><E50/><RYUUKYOKU ba="0,2" sc="250,-30,240,10,250,10,240,10" hai1="16,21,26,63,66,69,82,90,97,101,106,120,123" hai2="41,45,48,70,94,99,103" hai3="6,7,8,9,12,13,22,23,46,51,88,89,91" />
</Scene>
<Scene>
<INIT seed="1,1,2,5,2,117" ten="220,250,260,250" oya="1" hai0="75,86,100,72,34,21,77,39,55,113,8,108,71" hai1="128,110,95,6,58,45,27,85,51,22,109,88,68" hai2="101,52,60,53,3,118,84,5,38,122,62,42,41" hai3="30,74,24,112,11,65,73,10,13,31,126,61,129"/><U121/><E68/><V9/><F118/><W102/><G112/><T40/><D34/><U115/><E115/><V81/><F101/><W33/><G126/><T93/><D113/><U80/><E6/><V49/><F122/><W78/><G129/><T97/><D71/><U15/><E128/><V134/><F134/><W50/><G31/><T1/><D108/><N who="1" m="41579" /><E121/><V116/><F116/><W82/><G102/><T130/><D130/><U7/><E58/><V2/><F38/><W25/><G25/><T125/><D125/><U133/><E133/><V44/><F3/><W35/><G35/><T32/><D32/><U12/><E7/><V64/><F53/><W16/><G50/><T67/><D67/><U14/><E95/><V48/><F49/><W119/><G119/><T70/><D70/><U120/><E120/><V104/><F104/><W107/><G107/><T66/><D93/><U57/><E57/><V0/><F0/><W114/><G114/><T79/><D66/><U92/><E92/><V23/><F23/><W98/><G11/><T47/><D8/><U135/><E135/><V96/><F96/><W87/><REACH who="3" step="1"/><G98/><REACH who="3" ten="220,250,260,240" step="2"/><T28/><D97/><U83/><E51/><V37/><F37/><W106/><G106/><T90/><D39/><U132/><E132/><V123/><F123/><W94/><G94/><T91/><D100/><U46/><E80/><V105/><F105/><W56/><AGARI ba="1,3" hai="10,13,16,24,30,33,56,61,65,73,74,78,82,87" machi="56" ten="20,5200,0" yaku="1,1,0,1,7,1,54,1,53,0" doraHai="117" doraHaiUra="69" who="3" fromWho="3" sc="220,-14,250,-27,260,-14,240,85" />
</Scene>
<Scene>
<INIT seed="2,0,0,3,0,58" ten="206,223,246,325" oya="2" hai0="120,40,0,36,72,65,49,10,86,70,97,76,106" hai1="105,19,53,57,132,79,17,35,41,50,90,11,111" hai2="39,2,29,98,84,47,112,82,48,21,92,73,129" hai3="131,27,62,88,104,85,43,30,55,133,102,118,108"/><V128/><F2/><W101/><G118/><T134/><D120/><U130/><E111/><V14/><F73/><W122/><G122/><T63/><D49/><U94/><E132/><V37/><F112/><W100/><G108/><T123/><D86/><U59/><E105/><V32/><F32/><W15/><G133/><T124/><D123/><U68/><E68/><V78/><F129/><W80/><G131/><T95/><D134/><U56/><E35/><V22/><F22/><N who="3" m="15735" /><G104/><T61/><D124/><U23/><E79/><V69/><F69/><W20/><G43/><T116/><D116/><U87/><E130/><V25/><F14/><W12/><G20/><T46/><D106/><U66/><E41/><V54/><REACH who="2" step="1"/><F128/><REACH who="2" ten="206,223,236,325" step="2"/><W9/><G9/><T8/><D0/><U91/><E11/><V99/><F99/><W71/><G71/><T16/><D8/><U89/><E23/><V125/><F125/><W103/><N who="3" m="25600" /><DORA hai="75" /><W135/><G135/><T117/><D117/><U1/><E1/><V42/><F42/><W107/><G107/><T28/><D10/><U34/><E34/><V74/><F74/><W115/><G115/><T119/><D40/><U6/><E66/><V81/><F81/><W7/><G7/><T77/><D65/><U4/><E6/><V26/><F26/><W45/><G12/><T51/><D119/><U13/><E4/><V5/><F5/><W67/><G15/><T114/><D70/><U113/><E113/><V44/><F44/><W24/><G24/><T31/><D114/><U60/><E13/><V52/><F52/><W96/><G55/><RYUUKYOKU ba="0,1" sc="206,-10,223,-10,236,30,325,-10" hai2="21,25,29,37,39,47,48,54,78,82,84,92,98" />
</Scene>
<Scene>
<INIT seed="2,1,1,3,4,35" ten="196,213,266,315" oya="2" hai0="134,30,122,38,5,8,63,59,23,81,104,44,107" hai1="17,53,78,42,25,39,99,135,76,41,60,18,111" hai2="64,90,103,2,101,96,34,31,21,89,56,117,61" hai3="1,48,112,0,13,83,93,65,36,100,130,29,102"/><V16/><F117/><W120/><G120/><T121/><D134/><U127/><E135/><V69/><F103/><W115/><G36/><T94/><D94/><U20/><E111/><V105/><F56/><W12/><G130/><T49/><D38/><U62/><E127/><V70/><F69/><W87/><G29/><T55/><D81/><U71/><E71/><V72/><F72/><W68/><G48/><T109/><D109/><U85/><E99/><V125/><F2/><N who="3" m="1131" /><G93/><T46/><D122/><U51/><E39/><V22/><F22/><W126/><G126/><T95/><D121/><U52/><E85/><V77/><F77/><N who="3" m="46575" /><G65/><T15/><D95/><U88/><E51/><V106/><F106/><W98/><G68/><T110/><D110/><U108/><E108/><V27/><REACH who="2" step="1"/><F125/><REACH who="2" ten="196,213,256,315" step="2"/><W4/><G100/><T3/><D107/><U82/><E20/><V123/><F123/><W40/><G102/><T74/><D104/><U45/><E76/><V116/><F116/><W28/><G115/><T6/><D74/><U86/><E78/><V24/><AGARI ba="1,2" hai="16,21,24,27,31,34,61,64,70,89,90,96,101,105" machi="24" ten="20,18000,2" yaku="1,1,0,1,7,1,25,2,54,1,53,0" doraHai="35" doraHaiUra="73" who="2" fromWho="2" sc="196,-61,213,-61,256,203,315,-61" />
</Scene>
<Scene>
<INIT seed="2,2,0,4,0,96" ten="135,152,459,254" oya="2" hai0="18,65,102,124,131,9,73,67,40,85,62,8,113" hai1="71,105,103,39,128,90,25,127,81,89,97,17,121" hai2="109,83,112,68,36,119,49,98,61,19,106,59,110" hai3="31,42,87,38,104,56,15,10,63,75,126,78,111"/><V4/><F119/><W72/><G104/><T13/><D73/><U55/><E39/><V22/><F112/><W14/><G111/><N who="2" m="42505" /><F36/><W84/><G126/><T70/><D113/><U57/><E71/><V44/><F68/><W54/><G31/><T120/><D120/><U69/><E69/><V23/><F83/><W76/><G72/><T28/><D124/><U100/><E127/><V80/><F80/><W32/><G32/><T74/><D74/><U35/><E121/><V130/><F4/><N who="3" m="3399" /><G38/><T5/><D131/><U133/><E133/><V34/><F34/><W47/><G75/><T91/><D28/><U60/><E128/><V16/><F130/><W33/><G33/><T107/><D67/><U115/><E115/><V0/><F0/><W2/><G2/><T52/><D40/><U66/><E66/><N who="2" m="39231" /><F98/><W82/><G82/><T77/><D70/><U53/><E35/><V43/><F106/><W7/><G78/><T108/><D77/><U88/><E81/><V1/><F1/><W12/><G76/><T46/><D107/><U58/><E105/><V125/><F125/><W24/><G7/><T117/><D5/><U101/><E97/><V50/><F50/><N who="3" m="26999" /><G87/><T3/><D3/><U21/><E60/><V94/><F94/><W6/><G84/><T132/><D85/><U116/><E116/><V37/><F37/><W26/><G6/><T92/><D117/><U99/><E99/><V123/><F123/><W11/><G11/><T64/><D108/><U95/><E95/><V114/><F114/><W129/><G129/><T134/><D92/><U20/><E20/><AGARI ba="2,0" hai="16,19,20,22,23,43,44,49" m="39231,42505" machi="20" ten="30,11600,0" yaku="6,1,14,1,10,1,54,1" doraHai="96" who="2" fromWho="1" sc="135,0,152,-122,459,122,254,0" />
</Scene>
<Scene>
<INIT seed="2,3,0,4,4,122" ten="135,30,581,254" oya="2" hai0="103,59,61,39,55,83,70,74,8,67,109,46,91" hai1="79,75,100,89,40,131,104,65,90,73,101,120,102" hai2="7,125,129,66,60,94,68,56,106,36,4,49,130" hai3="9,10,58,26,57,24,25,128,21,93,38,86,64"/><V32/><F106/><W13/><G38/><T97/><D8/><N who="3" m="3177" /><G128/><N who="2" m="49257" /><F32/><W78/><G64/><T85/><D74/><U72/><E131/><V34/><F34/><W22/><G13/><T87/><D87/><U14/><E120/><V92/><F125/><W41/><G41/><T16/><D16/><U112/><E112/><V29/><F29/><W6/><G6/><N who="2" m="2089" /><F36/><W117/><G117/><T18/><D18/><U51/><E65/><V84/><F84/><W62/><G78/><T37/><D39/><U110/><E14/><V3/><F3/><W2/><G2/><T42/><D67/><U111/><E40/><V54/><AGARI ba="3,0" hai="49,54,56,60,66,68,92,94" m="2089,49257" machi="54" ten="30,1500,0" yaku="19,1" doraHai="122" who="2" fromWho="2" sc="135,-8,30,-8,581,24,254,-8" />
</Scene>
<Scene>
<INIT seed="2,4,0,2,1,70" ten="127,22,605,246" oya="2" hai0="7,118,57,101,99,102,43,6,117,59,58,127,9" hai1="1,12,10,120,114,67,28,113,134,42,3,46,47" hai2="91,44,98,122,115,2,14,133,36,129,34,71,81" hai3="61,93,21,97,22,20,126,63,18,41,74,119,29"/><V130/><F122/><W60/><G119/><N who="0" m="45579" /><D127/><U132/><E120/><V13/><F115/><N who="1" m="44041" /><E67/><V109/><F71/><W82/><G126/><T103/><D43/><U50/><E28/><V8/><F34/><W65/><G41/><T55/><D55/><U49/><E12/><V73/><F73/><W123/><G123/><T51/><D51/><N who="1" m="19467" /><E10/><V111/><F2/><N who="1" m="521" /><E42/><N who="2" m="22599" /><F14/><W26/><G74/><T85/><D85/><U56/><E56/><V76/><F76/><W96/><G65/><T77/><D77/><U124/><E124/><V45/><F45/><AGARI ba="4,0" hai="45,46,47,132,134" m="521,19467,44041" machi="45" ten="40,2600,0" yaku="28,2" doraHai="70" who="1" fromWho="2" sc="127,0,22,38,605,-38,246,0" />
</Scene>
<Scene>
<INIT seed="3,0,0,4,5,106" ten="127,60,567,246" oya="3" hai0="27,52,76,64,48,107,13,1,57,71,39,51,7" hai1="55,119,109,115,90,41,77,10,129,63,23,11,126" hai2="122,18,46,113,121,70,118,110,111,62,124,98,134" hai3="32,34,117,44,112,53,91,84,78,93,35,37,132"/><W103/><G117/><T133/><D107/><U120/><E109/><N who="2" m="41483" /><F134/><W105/><G112/><T42/><D1/><U67/><E126/><V29/><F29/><W56/><G132/><T89/><D133/><U135/><E135/><V17/><F124/><W131/><G131/><T81/><D89/><U79/><E129/><V108/><F108/><W128/><G128/><T95/><D95/><U45/><E120/><N who="2" m="46187" /><F98/><W22/><G78/><N who="1" m="29706" /><E115/><V74/><F74/><W101/><G105/><T38/><D27/><U97/><E119/><V73/><F73/><W5/><G5/><T68/><D7/><U104/><E104/><V54/><F113/><W6/><G6/><T15/><D13/><U8/><E55/><V12/><F12/><W72/><G72/><T75/><D15/><U4/><E23/><V33/><F33/><W83/><G22/><T9/><D9/><U26/><E26/><V99/><F118/><W61/><REACH who="3" step="1"/><G93/><REACH who="3" ten="127,60,567,236" step="2"/><T28/><D75/><U125/><E4/><V114/><F114/><W127/><G127/><T82/><D76/><U16/><E125/><V65/><F99/><W80/><G80/><T40/><D82/><U21/><E97/><V123/><F123/><W130/><G130/><T58/><D81/><U49/><E21/><V66/><F66/><W88/><G88/><T102/><D64/><U0/><E90/><V14/><F65/><W92/><G92/><T43/><D28/><U59/><E0/><V19/><F19/><AGARI ba="0,1" hai="8,10,11,16,19,41,45,49,59,63,67" m="29706" machi="19" ten="30,2000,0" yaku="8,1,54,1" doraHai="106" who="1" fromWho="2" sc="127,0,60,30,567,-20,236,0" />
</Scene>
<Scene>
<INIT seed="4,0,0,2,1,83" ten="127,90,547,236" oya="0" hai0="66,75,39,7,30,22,120,37,72,32,123,87,79" hai1="33,34,108,28,82,56,92,104,42,90,3,84,111" hai2="81,49,89,5,124,19,116,52,13,45,126,41,57" hai3="101,117,62,35,135,99,15,14,64,58,113,27,114"/><T106/><D106/><U67/><E104/><V46/><F116/><W43/><G117/><T40/><D32/><U1/><E42/><V65/><F65/><W85/><G135/><T11/><D66/><U70/><E70/><V0/><F0/><W132/><G132/><T54/><D54/><U105/><E105/><V47/><F5/><W125/><G125/><N who="2" m="48233" /><F89/><W4/><G43/><T119/><D119/><U9/><E34/><V103/><F81/><W63/><G63/><T94/><D30/><U86/><E33/><V26/><F26/><W102/><G4/><T95/><D22/><U68/><E68/><V59/><F103/><W50/><G102/><T16/><D16/><U17/><E28/><V60/><F60/><W96/><G27/><T71/><D71/><U69/><E69/><V23/><F59/><W122/><G35/><T109/><D7/><U44/><E44/><V18/><F18/><W128/><G64/><T110/><D40/><U80/><E17/><V8/><F41/><W97/><G62/><T31/><D31/><U100/><E9/><AGARI ba="0,0" hai="8,9,13,19,23,45,46,47,49,52,57" m="48233" machi="9" ten="30,2000,0" yaku="18,1,54,1" doraHai="83" who="2" fromWho="1" sc="127,0,90,-20,547,20,236,0" />
</Scene>
<Scene>
<INIT seed="5,0,0,2,4,135" ten="127,70,567,236" oya="1" hai0="125,73,116,7,62,38,80,118,0,71,4,22,66" hai1="19,91,102,43,106,41,70,92,25,77,133,123,86" hai2="45,120,72,42,17,87,33,53,90,67,79,29,84" hai3="85,127,6,122,15,5,39,57,37,32,10,114,31"/><U13/><E133/><V113/><F120/><W3/><G122/><T126/><D38/><U81/><E70/><V52/><F72/><W35/><G114/><T109/><D109/><U48/><E123/><V2/><F2/><W97/><G97/><T94/><D94/><U1/><E1/><V34/><F113/><W28/><G85/><T128/><D128/><U56/><E25/><V75/><F75/><W64/><G64/><T26/><D73/><U95/><E106/><V40/><F67/><W16/><G57/><T49/><D80/><U119/><E119/><V104/><F104/><W76/><G76/><T61/><D49/><U14/><E102/><V101/><F101/><W36/><G127/><N who="0" m="48651" /><D61/><U11/><E14/><V117/><F117/><N who="0" m="45162" /><D0/><U103/><E103/><V50/><F50/><W132/><G132/><T27/><D27/><U99/><REACH who="1" step="1"/><E95/><REACH who="1" ten="127,60,567,236" step="2"/><V68/><F68/><W88/><G3/><T107/><D107/><U121/><E121/><V111/><F111/><W63/><G15/><T55/><D55/><AGARI ba="0,1" hai="11,13,19,41,43,48,55,56,77,81,86,91,92,99" machi="55" ten="40,3900,0" yaku="1,1,8,1,53,0" doraHai="135" doraHaiUra="59" who="1" fromWho="0" sc="127,-39,60,49,567,0,236,0" />
</Scene>
<Scene>
<INIT seed="5,1,0,1,5,125" ten="88,109,567,236" oya="1" hai0="48,15,135,65,0,124,112,120,93,28,133,102,89" hai1="17,101,52,20,31,41,123,21,63,6,37,62,129" hai2="55,35,57,11,40,54,47,22,109,5,29,13,42" hai3="4,115,127,99,111,68,61,104,1,67,8,34,107"/><U90/><E123/><V132/><F109/><W32/><G111/><T82/><D0/><U131/><E6/><V117/><F117/><W91/><G127/><T27/><D124/><U119/><E119/><V106/><F106/><N who="3" m="40491" /><G91/><T79/><D120/><U12/><E101/><V46/><F132/><N who="0" m="50762" /><D112/><U3/><E3/><V92/><F35/><N who="3" m="13355" /><G99/><N who="0" m="59759" /><D65/><U51/><E37/><V80/><F80/><W78/><G78/><T7/><D48/><U73/><E41/><N who="2" m="15979" /><F92/><W38/><G115/><T64/><D64/><U113/><E113/><V14/><F55/><W70/><G70/><T43/><D43/><U10/><E73/><V72/><F72/><W75/><G75/><N who="0" m="43391" /><D89/><U58/><E90/><V116/><F116/><W16/><G16/><T53/><D53/><U36/><E36/><AGARI ba="1,0" hai="1,4,8,36,38,61,67,68" m="13355,40491" machi="36" ten="30,2000,0" yaku="33,2" doraHai="125" who="3" fromWho="1" sc="88,0,109,-23,567,0,236,23" />
</Scene>
<Scene>
<INIT seed="6,0,0,4,2,9" ten="88,86,567,259" oya="2" hai0="62,72,127,129,98,27,125,42,60,91,110,101,113" hai1="80,66,76,43,121,102,4,38,8,46,109,15,68" hai2="100,114,115,85,13,23,67,92,20,124,118,134,133" hai3="73,44,96,59,14,106,93,78,25,71,70,33,119"/><V47/><F118/><W5/><G119/><T130/><D110/><U112/><E109/><V29/><F124/><N who="0" m="47690" /><D72/><U105/><E112/><N who="2" m="43051" /><F67/><W89/><G106/><N who="0" m="63799" /><D113/><U128/><E128/><N who="0" m="49257" /><D42/><U99/><E121/><V81/><F47/><W48/><G59/><T126/><N who="0" m="47698" /><T19/><DORA hai="123" /><D91/><U111/><E111/><V31/><F13/><W135/><G14/><T36/><D36/><U16/><E66/><V104/><F104/><W90/><G90/><T24/><D24/><U10/><E68/><V6/><F6/><W3/><G71/><T87/><D87/><U55/><E55/><V1/><F1/><W22/><G70/><T64/><D64/><U26/><E26/><V17/><F17/><W30/><G3/><T54/><D54/><U97/><E97/><N who="2" m="59431" /><F31/><W107/><G30/><T18/><D18/><U49/><E38/><V0/><F0/><W63/><G25/><T21/><AGARI ba="0,0" hai="19,21,27,60,62" m="49257,63799,47698" machi="21" ten="50,3200,0" yaku="18,1,19,1" doraHai="9,123" who="0" fromWho="0" sc="88,32,86,-8,567,-16,259,-8" />
</Scene>
<Scene>
<INIT seed="7,0,0,4,3,58" ten="120,78,551,251" oya="3" hai0="65,46,119,62,130,121,2,70,107,75,45,89,11" hai1="101,112,59,82,40,80,10,50,32,55,132,73,51" hai2="18,39,117,125,81,1,116,133,13,15,57,60,4" hai3="22,108,25,21,85,19,99,30,36,42,28,27,71"/><W129/><G71/><T66/><D121/><U3/><E112/><V44/><F1/><W128/><G85/><T111/><D111/><U90/><E132/><V79/><F133/><W63/><G99/><T100/><D75/><U64/><E32/><V118/><F125/><W83/><G83/><T38/><D119/><U0/><E101/><V104/><F104/><W92/><G92/><T35/><D38/><U109/><E109/><V91/><F91/><W12/><G36/><T7/><D66/><U84/><E64/><V72/><F4/><W34/><G42/><T56/><D35/><U48/><E40/><V17/><F39/><W87/><G87/><T26/><D26/><U105/><E105/><V54/><F44/><W106/><G106/><T52/><D130/><N who="3" m="50281" /><G63/><T127/><D127/><U68/><E68/><V14/><AGARI ba="0,0" hai="13,14,15,17,18,54,57,60,72,79,81,116,117,118" machi="14" ten="40,2700,0" yaku="0,1,52,1" doraHai="58" who="2" fromWho="2" sc="120,-7,78,-7,551,27,251,-13" owari="113,-29.0,71,-43.0,578,68.0,238,4.0" />
</Scene>
</mjloggm>