<mjloggm ver="2.3"><GO type="225"/><UN n0="%E9%9D%92%E5%B1%B1%E5%AD%A6%E9%99%A2%EF%BC%94%E5%B9%B4" n1="%E8%80%81%E9%A6%AC" n2="%E5%A4%AA%E3%81%8F%E3%81%AA%E3%81%84%E3%81%8A" n3="%E3%82%AF%E3%83%9E%E3%83%89" dan="18,16,16,16" rate="2292,2096,2086,2093" sx="M,M,M,M"/><TAIKYOKU oya="0"/>

<Scene>
<INIT seed="0,0,0,2,3,129" ten="250,250,250,250" oya="0" hai0="61,36,120,2,10,39,130,46,76,91,0,125,32" hai1="68,58,42,13,51,88,80,87,71,6,101,73,109" hai2="40,78,33,89,124,92,65,134,34,105,100,43,63" hai3="110,99,64,112,28,90,118,108,56,50,93,37,82"/><T98/><D120/><U70/><E109/><V27/><F78/><W94/><G37/><T23/><D32/><U75/><E101/><V35/><F124/><W59/><G112/><T14/><D125/><U29/><E29/><V116/><F116/><W84/><G118/><T128/><D76/><U38/><E38/><V111/><F111/><N who="3" m="42539" /><G28/><T31/><D61/><U72/><E42/><V52/><F27/><W48/><G94/><T12/><D98/><U15/><REACH who="1" step="1"/><E6/><REACH who="1" ten="250,240,250,250" step="2"/><V122/><F43/><W79/><G64/><T3/><D39/><U74/><N who="1" m="18432" /><DORA hai="9" /><U7/><E7/><V96/><F40/><W103/><G103/><T114/><D114/><U132/><E132/><V41/><F41/><W131/><G131/><T60/><D31/><U81/><E81/><V102/><F65/><W97/><G97/><T20/><D130/><U69/><N who="1" m="17408" /><DORA hai="18" /><U126/><E126/><V115/><F115/><W8/><G82/><T123/><D128/><U83/><E83/><V133/><F100/><W95/><G99/><T121/><D36/><U57/><E57/><N who="2" m="35239" /><F102/><W19/><G59/><T4/><D123/><U5/><E5/><V54/><F122/><W77/><G56/><T53/><D4/><U85/><E85/><V67/><F96/><W104/><G93/><T26/><D121/><U86/><E86/><V22/><F92/><W16/><G95/><T44/><D44/><U62/><E62/><V106/><F133/><W107/><G84/><T135/><D135/><U21/><E21/><V127/><F134/><W47/><G47/><T1/><N who="0" m="0" /><DORA hai="117" /><T24/><D46/><RYUUKYOKU ba="0,1" sc="250,-10,240,30,250,-10,250,-10" hai1="13,15,51,58,80,87,88" />
</Scene>
<Scene>
<INIT seed="1,1,1,4,0,77" ten="240,270,240,240" oya="1" hai0="85,2,48,122,92,103,41,83,106,67,46,60,113" hai1="18,63,38,45,16,43,104,134,118,37,78,132,131" hai2="44,13,30,14,128,17,93,107,6,9,50,58,57" hai3="7,39,84,1,42,129,23,88,31,35,68,24,59"/><U55/><E118/><V64/><F107/><W86/><G68/><T12/><D2/><U53/><E104/><V76/><F128/><W121/><G129/><T25/><D113/><U20/><E131/><V3/><F30/><W51/><G121/><T105/><D122/><U22/><E78/><V111/><F111/><W130/><G130/><T101/><D25/><U123/><E123/><V135/><F135/><N who="1" m="51753" /><E38/><V80/><F93/><W74/><G74/><T100/><D92/><U8/><E8/><V36/><F64/><W82/><G39/><T89/><REACH who="0" step="1"/><D12/><REACH who="0" ten="230,270,240,240" step="2"/><N who="1" m="9223" /><E63/><V133/><F3/><W125/><G1/><T27/><D27/><AGARI ba="1,2" hai="18,22,27,37,43,45,53,55" m="9223,51753" machi="27" ten="30,2900,0" yaku="20,1,54,1" doraHai="77" who="1" fromWho="0" sc="230,-32,270,52,240,0,240,0" />
</Scene>
<Scene>
<INIT seed="1,2,0,5,2,107" ten="198,322,240,240" oya="1" hai0="40,116,83,36,108,71,100,46,70,10,128,132,59" hai1="117,4,135,90,109,53,15,61,49,32,101,96,80" hai2="33,8,29,120,102,87,65,25,112,27,23,119,19" hai3="77,64,99,76,92,20,111,5,28,86,63,73,44"/><U41/><E117/><V21/><F119/><W85/><G111/><T133/><D116/><U17/><E32/><V103/><F120/><W93/><G5/><T98/><D108/><U45/><E109/><V72/><F112/><W94/><G44/><T78/><D59/><U81/><E4/><V105/><F105/><W30/><G99/><T58/><D128/><U0/><E0/><V69/><F72/><W97/><G97/><T125/><D125/><U26/><E26/><V62/><F8/><W47/><G47/><T42/><D58/><U122/><E122/><V11/><F11/><W52/><G52/><T95/><D42/><U106/><E135/><N who="0" m="51785" /><D10/><U38/><E61/><V22/><F87/><AGARI ba="2,0" hai="36,40,46,70,71,78,83,87,95,98,100" m="51785" machi="87" ten="30,1000,0" yaku="20,1" doraHai="107" who="0" fromWho="2" sc="198,16,322,0,240,-16,240,0" />
</Scene>
<Scene>
<INIT seed="2,0,0,1,4,10" ten="214,322,224,240" oya="2" hai0="20,101,43,1,47,117,81,102,84,33,64,21,54" hai1="29,96,5,92,56,30,34,100,108,57,67,25,94" hai2="14,134,63,83,80,59,93,27,71,53,75,46,45" hai3="39,13,32,11,126,19,61,79,133,128,69,36,87"/><V129/><F129/><W28/><G128/><T31/><D1/><U4/><E108/><V135/><F71/><W26/><G133/><N who="2" m="50697" /><F27/><W97/><G126/><T49/><D117/><U78/><E78/><N who="2" m="44127" /><F83/><W132/><G132/><T68/><D33/><U65/><E30/><V91/><F14/><W48/><G87/><AGARI ba="0,0" hai="45,46,53,59,63,87,91,93" m="44127,50697" machi="87" ten="30,1500,0" yaku="20,1" doraHai="10" who="2" fromWho="3" sc="214,0,322,0,224,15,240,-15" />
</Scene>
<Scene>
<INIT seed="2,1,0,2,0,24" ten="214,322,239,225" oya="2" hai0="61,43,88,135,105,17,91,2,1,127,10,22,48" hai1="55,118,124,83,9,98,66,65,119,121,16,116,113" hai2="7,111,32,23,99,68,71,49,129,133,100,70,67" hai3="123,56,21,36,50,64,59,19,38,110,130,69,4"/><V52/><F32/><W95/><G123/><T74/><D105/><U62/><E113/><V102/><F7/><W109/><G130/><T29/><D74/><U63/><E124/><V14/><F67/><W0/><G0/><T108/><D127/><U117/><E121/><V87/><F129/><W126/><G4/><T85/><D108/><N who="3" m="41577" /><G126/><T75/><D75/><U57/><E117/><V3/><F3/><W93/><G69/><T94/><D135/><U112/><E112/><V79/><F111/><W107/><G107/><T26/><D61/><U47/><E98/><V5/><F133/><W80/><G80/><T72/><D72/><U86/><E47/><V134/><F134/><W31/><G31/><T77/><D77/><U25/><E63/><V30/><F5/><W76/><G76/><T44/><REACH who="0" step="1"/><D91/><REACH who="0" ten="204,322,239,225" step="2"/><U73/><E73/><V78/><F78/><W28/><G38/><T54/><D54/><U101/><E55/><V82/><F79/><W106/><G36/><T92/><D92/><U128/><E128/><V39/><F39/><W97/><G106/><T96/><D96/><U46/><E119/><V60/><F60/><W20/><G97/><T11/><D11/><U40/><E9/><V81/><F99/><W53/><G95/><T90/><D90/><U103/><E118/><V58/><F81/><W37/><G93/><T115/><D115/><U41/><E83/><V18/><F82/><W13/><G37/><T84/><D84/><U8/><E86/><V132/><F87/><W122/><G122/><T12/><AGARI ba="1,1" hai="1,2,10,12,17,22,26,29,43,44,48,85,88,94" machi="12" ten="30,8000,1" yaku="1,1,0,1,52,1,54,1,53,1" doraHai="24" doraHaiUra="42" who="0" fromWho="0" sc="204,93,322,-21,239,-41,225,-21" />
</Scene>
<Scene>
<INIT seed="3,0,0,1,4,18" ten="297,301,198,204" oya="3" hai0="108,5,29,60,76,62,124,69,3,73,78,77,15" hai1="87,112,32,74,36,98,1,66,43,133,6,20,111" hai2="35,115,53,134,63,92,50,99,39,109,101,52,132" hai3="128,34,122,116,85,90,125,130,103,64,118,30,23"/><W56/><G34/><T94/><D73/><U110/><E32/><V19/><F115/><W106/><G122/><T44/><D3/><U24/><E74/><V21/><F109/><N who="1" m="41481" /><E133/><N who="2" m="51307" /><F39/><W71/><G71/><T28/><D108/><U10/><E112/><V51/><F35/><W107/><G125/><T2/><D2/><U86/><E66/><V114/><F114/><W54/><G64/><T47/><D69/><U67/><E67/><V65/><F65/><W0/><G0/><T61/><D94/><U126/><E126/><V120/><F120/><W89/><G103/><T7/><D124/><U93/><E43/><V83/><F83/><N who="3" m="49343" /><G90/><T46/><D15/><U42/><E42/><V75/><F75/><W79/><G79/><T41/><D41/><U45/><E45/><V31/><F31/><AGARI ba="0,0" hai="5,7,28,29,31,44,46,47,60,61,62,76,77,78" machi="31" ten="50,8000,1" yaku="29,2,28,2,8,1" doraHai="18" who="0" fromWho="2" sc="297,80,301,0,198,-80,204,0" owari="377,48.0,301,10.0,118,-38.0,204,-20.0" />
</Scene>
</mjloggm>