<mjloggm ver="2.3"><GO type="97"/><UN n0="%72%69%6B%75%64%61%79%6F" n1="%E3%83%B4%E3%81%81%E3%81%AB%E3%82%89%E3%81%82%E3%81%84%E3%81%99" n2="%E5%A4%AA%E3%81%8F%E3%81%AA%E3%81%84%E3%81%8A" n3="%54%2E%53%48%49%4F%4E%4F" dan="14,15,14,14" rate="1884,2009,2019,1939" sx="M,M,M,M"/><TAIKYOKU oya="0"/>

<Scene>
<INIT seed="0,0,0,2,5,134" ten="250,250,250,250" oya="0" hai0="52,65,129,80,119,50,91,26,102,94,92,67,44" hai1="100,101,68,98,10,1,22,121,32,109,62,12,126" hai2="118,13,81,45,2,104,125,112,0,85,130,41,38" hai3="46,49,79,37,90,114,47,30,61,40,69,54,64"/><T97/><D119/><U75/><E121/><V93/><F112/><W132/><G79/><T131/><D26/><U107/><E75/><V117/><F104/><W73/><G73/><T87/><REACH who="0" step="1"/><D80/><REACH who="0" ten="240,250,250,250" step="2"/><U78/><E1/><V111/><F81/><W14/><G132/><T39/><D39/><U108/><E108/><V83/><F83/><W115/><G14/><T35/><D35/><U7/><E12/><V127/><F13/><W6/><G37/><T72/><D72/><U33/><E32/><V63/><F111/><W84/><G114/><T25/><D25/><U28/><E33/><V99/><F0/><W116/><G115/><T120/><D120/><U19/><E109/><V122/><F2/><W105/><G116/><T56/><D56/><U77/><E68/><V34/><F34/><W58/><G69/><T42/><D42/><U89/><E107/><V5/><F122/><W59/><G58/><T16/><D16/><U3/><E19/><V27/><F27/><W113/><G59/><T21/><D21/><U23/><E22/><V71/><F117/><W82/><G40/><T95/><D95/><U70/><E23/><V51/><F118/><W110/><G105/><T55/><D55/><U96/><E3/><V48/><F38/><W128/><G54/><T20/><D20/><U15/><E28/><V66/><F71/><W106/><G30/><T29/><D29/><U17/><E70/><V86/><F41/><W43/><G106/><T103/><D103/><U9/><E17/><V24/><F24/><W11/><G113/><T133/><D133/><U4/><E100/><RYUUKYOKU ba="0,1" sc="240,30,250,-10,250,-10,250,-10" hai0="44,50,52,65,67,87,91,92,94,97,102,129,131" />
</Scene>
<Scene>
<INIT seed="0,1,1,2,3,31" ten="270,240,240,240" oya="0" hai0="130,7,72,96,106,131,80,97,108,51,24,42,61" hai1="90,98,49,134,120,110,83,114,103,67,52,99,91" hai2="43,57,135,75,35,39,104,33,126,69,22,4,71" hai3="10,11,109,50,73,54,34,77,18,113,123,60,92"/><T9/><D24/><U17/><E114/><V102/><F57/><W25/><G113/><T105/><D61/><U124/><E120/><V94/><F94/><W88/><G123/><T100/><D42/><U1/><E1/><V41/><F22/><N who="3" m="13527" /><G34/><N who="2" m="12809" /><F43/><W26/><G109/><T78/><D51/><U64/><E110/><V112/><F112/><W128/><G73/><T62/><D62/><U45/><E134/><V29/><F29/><W133/><G133/><T84/><D9/><U12/><E124/><V65/><F65/><N who="1" m="25161" /><E103/><V115/><F115/><W68/><G68/><N who="2" m="26185" /><F135/><W93/><G128/><N who="0" m="49195" /><D7/><U40/><E40/><V89/><F89/><N who="1" m="33801" /><E83/><V81/><F4/><W66/><G92/><T121/><D121/><U76/><E76/><N who="2" m="44191" /><F126/><W27/><G77/><T74/><D108/><U127/><E127/><V107/><F102/><AGARI ba="1,1" hai="72,74,78,80,84,96,97,100,102,105,106" m="49195" machi="102" ten="30,5800,0" yaku="19,1,34,2" doraHai="31" who="0" fromWho="2" sc="270,71,240,0,240,-61,240,0" />
</Scene>
<Scene>
<INIT seed="0,2,0,3,1,74" ten="341,240,179,240" oya="0" hai0="132,95,52,90,44,100,57,34,46,104,1,79,117" hai1="18,121,133,122,98,36,55,125,50,14,96,27,68" hai2="75,66,25,131,6,8,20,12,13,54,39,124,48" hai3="24,112,29,128,134,45,38,76,118,89,67,123,114"/><T80/><D117/><U62/><E36/><V58/><F39/><W109/><G67/><T60/><D34/><U69/><E133/><V91/><F124/><W5/><G45/><T70/><D1/><U65/><E69/><V97/><F131/><W35/><G89/><T86/><D132/><U92/><E125/><V77/><F66/><W93/><G93/><T28/><D28/><U37/><E27/><V129/><F129/><W110/><G76/><T33/><D33/><U94/><E37/><V82/><F97/><W17/><G5/><T49/><D70/><U21/><E94/><V88/><REACH who="2" step="1"/><F13/><REACH who="2" ten="341,240,169,240" step="2"/><W127/><G24/><T115/><D115/><U3/><E96/><V120/><F120/><W31/><G112/><T9/><D104/><U113/><E113/><V7/><F7/><W107/><G29/><AGARI ba="2,1" hai="6,8,12,20,25,29,48,54,58,75,77,82,88,91" machi="29" ten="30,12000,2" yaku="1,1,7,1,52,1,54,1,53,2" doraHai="74" doraHaiUra="85" who="2" fromWho="3" sc="341,0,240,0,169,136,240,-126" />
</Scene>
<Scene>
<INIT seed="1,0,0,1,0,99" ten="341,240,305,114" oya="1" hai0="15,84,63,70,46,44,118,31,129,105,7,87,81" hai1="13,24,104,114,101,21,5,58,20,10,25,134,97" hai2="32,83,102,126,133,127,128,80,86,17,69,35,98" hai3="4,3,132,106,72,121,6,74,9,61,73,116,75"/><U56/><E114/><V111/><F69/><W112/><N who="3" m="18944" /><DORA hai="68" /><W43/><G6/><T71/><D105/><U124/><E124/><N who="2" m="47659" /><F111/><W131/><G61/><T82/><D118/><U0/><E134/><V55/><F133/><W90/><G90/><T30/><D129/><U38/><E38/><V36/><F128/><W33/><G132/><T14/><D63/><U77/><E77/><N who="2" m="46351" /><F36/><W26/><G131/><T64/><D64/><U29/><REACH who="1" step="1"/><E0/><REACH who="1" ten="341,230,305,114" step="2"/><V8/><F35/><W79/><G112/><T50/><D7/><U19/><AGARI ba="0,1" hai="5,10,13,19,20,21,24,25,29,56,58,97,101,104" machi="19" ten="20,12000,1" yaku="1,1,2,1,0,1,7,1,52,1,53,0" doraHai="99,68" doraHaiUra="47,37" who="1" fromWho="1" sc="341,-40,230,130,305,-40,114,-40" />
</Scene>
<Scene>
<INIT seed="1,1,0,2,5,110" ten="301,360,265,74" oya="1" hai0="56,74,3,77,54,90,24,70,132,95,58,104,20" hai1="89,67,69,47,84,99,36,14,4,7,73,16,129" hai2="49,45,29,17,51,71,127,113,87,75,39,96,44" hai3="109,1,122,68,37,27,115,9,112,50,22,121,2"/><U126/><E73/><V93/><F75/><W101/><G50/><T26/><D104/><U11/><E129/><V118/><F118/><W76/><G101/><T94/><D70/><U83/><E126/><V102/><F71/><W133/><G68/><T46/><D132/><U130/><E130/><V52/><F127/><W131/><G76/><T19/><D3/><N who="3" m="1033" /><G37/><T86/><D74/><U72/><E72/><V5/><F39/><W100/><G100/><T12/><D77/><U81/><E81/><V62/><F5/><W35/><G131/><T40/><D94/><U106/><E67/><V13/><F29/><N who="3" m="19903" /><G133/><T116/><D116/><U128/><E69/><V88/><F62/><W92/><G92/><T6/><D6/><U117/><E128/><V61/><F61/><W30/><G109/><T33/><D33/><U103/><E117/><V120/><F120/><N who="3" m="46187" /><G9/><T23/><D23/><U97/><E97/><V64/><F64/><W28/><G22/><T134/><D134/><U108/><E108/><V125/><F125/><W65/><G65/><T0/><D0/><U119/><E119/><V59/><F49/><W31/><AGARI ba="1,0" hai="28,30,31,112,115" m="46187,19903,1033" machi="31" ten="40,8000,1" yaku="34,2,52,2" doraHai="110" who="3" fromWho="3" sc="301,-21,360,-41,265,-21,74,83" />
</Scene>
<Scene>
<INIT seed="2,0,0,1,2,32" ten="280,319,244,157" oya="2" hai0="67,88,79,25,60,106,50,34,26,66,46,122,54" hai1="30,123,81,111,13,58,125,97,91,112,70,48,10" hai2="55,23,120,118,75,51,5,45,131,33,115,59,17" hai3="92,107,1,116,101,52,134,18,41,105,126,0,15"/><V20/><F120/><W14/><G116/><T22/><D122/><U47/><E123/><V44/><F118/><W40/><G18/><T3/><D106/><N who="3" m="40457" /><G92/><T57/><D34/><U80/><E70/><V74/><F33/><W89/><G89/><T2/><D79/><U56/><E112/><V65/><F115/><W87/><G87/><T132/><D132/><U76/><E125/><V53/><F131/><W127/><G101/><T117/><D117/><U21/><E111/><V82/><F5/><W31/><G31/><T133/><D133/><U104/><E104/><V110/><F110/><W124/><G134/><T28/><D66/><U35/><E35/><V12/><F82/><N who="1" m="31849" /><E76/><V83/><F83/><W102/><G102/><T72/><D72/><U121/><E121/><V27/><F65/><W49/><G49/><T113/><D113/><U99/><E21/><V94/><F94/><W130/><G130/><T8/><D8/><U11/><E30/><V6/><F45/><W4/><G4/><T7/><D7/><N who="1" m="3295" /><E11/><V114/><F114/><W71/><G71/><T62/><D62/><U95/><E99/><V119/><F119/><W64/><G64/><T38/><D38/><U68/><E68/><V63/><REACH who="2" step="1"/><F6/><REACH who="2" ten="280,319,234,157" step="2"/><W61/><G61/><T73/><D73/><U85/><E85/><V109/><F109/><W96/><G96/><T36/><D36/><U42/><AGARI ba="0,1" hai="42,47,48,56,58,91,95,97" m="3295,31849" machi="42" ten="30,1100,0" yaku="8,1" doraHai="32" who="1" fromWho="1" sc="280,-3,319,21,234,-5,157,-3" />
</Scene>
<Scene>
<INIT seed="3,0,0,1,4,75" ten="277,340,229,154" oya="3" hai0="109,40,34,106,86,120,118,25,101,78,84,39,100" hai1="115,64,49,123,23,90,108,102,128,0,107,8,19" hai2="61,73,7,63,45,60,10,87,56,29,97,89,125" hai3="80,53,6,15,12,9,27,103,95,91,66,88,35"/><W126/><G126/><T50/><D39/><U21/><E123/><V72/><F125/><W96/><G35/><T13/><D13/><U69/><E115/><V58/><F29/><W4/><G66/><T36/><D36/><U17/><E128/><V28/><F28/><W37/><G37/><T2/><D2/><U92/><E108/><V83/><F45/><W135/><G135/><T38/><D38/><U77/><E77/><V1/><F97/><W116/><G116/><T98/><D120/><U14/><E102/><V132/><F132/><W99/><G27/><T48/><D50/><U42/><E107/><V43/><F43/><W44/><G80/><N who="0" m="47127" /><D48/><U52/><E42/><V47/><F47/><W133/><G133/><T41/><D25/><U68/><E64/><V71/><F71/><W26/><G26/><T134/><D34/><U65/><E65/><V32/><F32/><W5/><G91/><T57/><D57/><N who="1" m="32911" /><E21/><V20/><F20/><W110/><G15/><T122/><D134/><U124/><E124/><V79/><REACH who="2" step="1"/><F72/><REACH who="2" ten="277,340,219,154" step="2"/><W114/><G110/><T51/><D40/><U76/><E69/><V104/><F104/><W18/><G114/><T16/><D41/><U127/><E68/><V22/><F22/><W113/><G113/><T81/><D122/><U33/><E127/><V30/><F30/><W3/><G3/><T121/><D121/><U54/><E33/><V94/><AGARI ba="0,1" hai="1,7,10,56,58,60,61,63,73,79,83,87,89,94" machi="94" ten="30,4000,0" yaku="1,1,0,1,52,1,53,0" doraHai="75" doraHaiUra="62" who="2" fromWho="2" sc="277,-10,340,-10,219,50,154,-20" owari="267,-13.0,330,43.0,269,7.0,134,-37.0" />
</Scene>
</mjloggm>