<mjloggm ver="2.3"><GO type="169" lobby="0"/><UN n0="%E3%81%84%E3%81%97%E3%81%97%E3%82%93%49%44%E7%B4%9B%E5%A4%B1" n1="%E3%83%87%E3%82%B8%E3%82%BF%E3%83%AB%E4%BB%99%E4%BA%BA" n2="%67%69%6A%79%75%74%75" n3="%E5%A4%AA%E3%81%8F%E3%81%AA%E3%81%84%E3%81%8A" dan="17,19,16,18" rate="2162.56,2254.71,2043.94,2241.37" sx="M,F,M,F"/><TAIKYOKU oya="0"/>

<Scene>
<INIT seed="0,0,0,5,5,39" ten="250,250,250,250" oya="0" hai0="123,68,108,21,107,6,62,117,116,56,75,29,127" hai1="106,20,57,67,77,41,79,113,33,7,130,101,40" hai2="111,86,98,38,34,23,126,91,63,93,32,11,8" hai3="58,9,24,133,50,81,121,59,89,112,70,105,134"/><T87/><D75/><U132/><E33/><V125/><F38/><W27/><G112/><T71/><D107/><U46/><E113/><V30/><F23/><W13/><G70/><T104/><D104/><U78/><E132/><N who="3" m="50794" /><G105/><T124/><D123/><U18/><E7/><V128/><F111/><W2/><G2/><T19/><D6/><U100/><E130/><V85/><F128/><W49/><G49/><T51/><D29/><U25/><E106/><V1/><F1/><W82/><G121/><T5/><D5/><U66/><E46/><V109/><F109/><W83/><G89/><T72/><D72/><U114/><E114/><V26/><F34/><W12/><G50/><T84/><D51/><U119/><E119/><N who="0" m="45641" /><D71/><U92/><E100/><V120/><F120/><W53/><G53/><N who="0" m="34063" /><D68/><U97/><E67/><V131/><F131/><W103/><G103/><T115/><D115/><U99/><E97/><V10/><REACH who="2" step="1"/><F63/><AGARI ba="0,0" hai="18,20,25,40,41,57,63,66,77,78,79,92,99,101" machi="63" ten="40,5200,0" yaku="8,1,52,2" doraHai="39" who="1" fromWho="2" sc="250,0,250,52,250,-52,250,0" />
</Scene>
<Scene>
<INIT seed="1,0,0,5,0,109" ten="250,302,198,250" oya="1" hai0="78,3,69,2,71,112,35,46,135,87,111,8,108" hai1="38,89,133,66,17,100,54,101,117,91,90,47,45" hai2="6,98,15,128,50,121,1,49,104,131,79,134,95" hai3="77,97,48,24,10,130,51,125,61,82,20,99,25"/><U115/><E117/><V7/><F121/><W44/><G125/><T132/><D35/><U127/><E127/><V12/><F104/><W22/><G130/><N who="2" m="49705" /><F79/><W55/><G61/><T13/><D46/><U9/><E66/><V120/><F120/><W105/><G10/><T85/><D78/><U83/><E38/><V93/><F134/><N who="0" m="51242" /><D13/><N who="2" m="5194" /><F1/><N who="0" m="10" /><D112/><U28/><E115/><V92/><F98/><W116/><G116/><T70/><D8/><U75/><E9/><V33/><F33/><W94/><G22/><T36/><D36/><U114/><E114/><V56/><F56/><W122/><G20/><T110/><AGARI ba="0,0" hai="69,70,71,85,87,108,110,111" m="10,51242" machi="110" ten="50,8000,1" yaku="28,2,14,1,20,1" doraHai="109" who="0" fromWho="0" sc="250,80,302,-40,198,-20,250,-20" />
</Scene>
<Scene>
<INIT seed="2,0,0,5,4,35" ten="330,262,178,230" oya="2" hai0="41,112,13,125,31,50,57,123,4,21,19,42,59" hai1="22,77,130,111,82,101,98,88,40,48,49,38,97" hai2="28,18,72,56,17,92,24,37,20,128,58,90,133" hai3="3,55,64,78,14,74,100,36,34,85,96,45,32"/><V94/><F37/><W10/><G64/><T0/><D112/><U118/><E118/><V124/><F72/><W134/><G85/><T132/><D123/><U6/><E111/><V65/><F128/><W61/><G134/><T84/><D132/><U30/><E130/><V105/><F133/><W99/><G61/><T89/><D125/><U126/><E126/><V25/><F124/><W5/><G14/><T44/><D42/><U108/><E108/><V54/><F105/><W93/><G96/><T120/><D120/><U114/><E114/><V115/><F115/><W67/><G67/><T27/><D4/><U131/><E131/><V46/><F46/><W135/><G135/><T16/><D0/><U23/><E6/><V107/><F107/><W119/><G119/><T63/><D63/><U7/><E7/><V80/><F65/><W39/><G39/><T103/><D103/><U122/><E101/><V9/><F80/><N who="3" m="45143" /><G55/><T2/><D2/><U53/><E82/><V70/><F70/><W95/><G93/><N who="2" m="35945" /><F90/><W106/><G95/><N who="0" m="54695" /><D19/><N who="2" m="7178" /><F24/><W117/><G117/><T71/><D71/><U91/><E91/><V33/><F33/><W68/><G68/><T79/><D79/><U75/><E88/><V73/><F73/><W52/><G52/><T29/><D29/><U15/><E77/><V104/><F104/><W102/><G100/><T129/><D129/><U60/><E75/><V12/><F54/><W26/><G26/><T127/><D127/><U76/><E53/><V69/><F69/><W110/><G110/><T113/><D113/><U51/><E38/><V62/><F62/><RYUUKYOKU ba="0,0" sc="330,10,262,-30,178,10,230,10" hai0="13,16,21,27,31,41,44,50,57,59" hai2="9,12,20,25,28,56,58" hai3="3,5,10,32,34,36,45,99,102,106" />
</Scene>
<Scene>
<INIT seed="2,1,0,0,3,101" ten="340,232,188,240" oya="2" hai0="94,10,51,8,114,15,19,44,71,82,69,79,81" hai1="99,113,112,85,31,89,5,17,6,43,0,60,73" hai2="87,16,9,125,29,118,23,109,103,64,3,25,26" hai3="84,32,105,126,18,80,4,63,59,115,95,35,13"/><V86/><F118/><W37/><G37/><T46/><D114/><U93/><E73/><V53/><F64/><W88/><G4/><T108/><D108/><U104/><E31/><V97/><F109/><W34/><G126/><T132/><D132/><U96/><E43/><V20/><F125/><W129/><G129/><T62/><D71/><U133/><E133/><V54/><F9/><W22/><G115/><T124/><D124/><U135/><E135/><V121/><F3/><W42/><G42/><T27/><D27/><U28/><E28/><V119/><F121/><W77/><G105/><T75/><D82/><U117/><E117/><V134/><F119/><W2/><G2/><T128/><D128/><U11/><E6/><V56/><F134/><W40/><G40/><T49/><D94/><U67/><E17/><V61/><REACH who="2" step="1"/><F53/><REACH who="2" ten="340,232,178,240" step="2"/><W66/><REACH who="3" step="1"/><G34/><REACH who="3" ten="340,232,178,230" step="2"/><T65/><D10/><U21/><E113/><V12/><F12/><W41/><G41/><T47/><AGARI ba="1,2" hai="8,15,19,44,46,47,49,51,62,65,69,75,79,81" machi="47" ten="30,1100,0" yaku="0,1" doraHai="101" who="0" fromWho="0" sc="340,34,232,-4,178,-6,230,-4" />
</Scene>
<Scene>
<INIT seed="3,0,0,3,1,62" ten="374,228,172,226" oya="3" hai0="108,134,71,97,109,99,107,3,38,19,35,90,102" hai1="9,0,127,58,27,121,53,106,18,59,67,120,6" hai2="77,37,96,92,126,44,81,79,60,70,42,32,87" hai3="122,75,50,93,46,115,43,13,74,24,100,101,54"/><W23/><G122/><T86/><D38/><U132/><E106/><V8/><F32/><W91/><G115/><T125/><D35/><U4/><E132/><V129/><F129/><W45/><G13/><T116/><D3/><U39/><E39/><V16/><F126/><W56/><G75/><T30/><D30/><U5/><E127/><V82/><F8/><W34/><G74/><T63/><D125/><U130/><E130/><V28/><F28/><N who="3" m="17439" /><G34/><T119/><D99/><U47/><E0/><V89/><F16/><W68/><G68/><T55/><D134/><U12/><E27/><V40/><F40/><W135/><G135/><T49/><D19/><U83/><E83/><V73/><F70/><W65/><G65/><T110/><D71/><U31/><E31/><V114/><REACH who="2" step="1"/><F60/><REACH who="2" ten="374,228,162,226" step="2"/><N who="3" m="35863" /><G46/><N who="0" m="28087" /><D63/><N who="1" m="38399" /><E121/><V2/><F2/><W11/><G11/><T133/><D133/><U66/><E120/><V10/><F10/><W113/><G113/><AGARI ba="0,1" hai="37,42,44,73,77,79,81,82,87,89,92,96,113,114" machi="113" ten="40,2600,0" yaku="1,1,53,1" doraHai="62" doraHaiUra="88" who="2" fromWho="3" sc="374,0,228,0,162,36,226,-26" />
</Scene>
<Scene>
<INIT seed="4,0,0,1,5,133" ten="374,228,198,200" oya="0" hai0="106,65,92,115,108,121,56,69,107,73,33,7,22" hai1="81,90,46,21,60,103,94,51,59,87,44,80,0" hai2="112,4,8,55,113,102,111,134,20,27,75,9,100" hai3="48,123,12,120,105,91,117,77,88,19,126,58,24"/><T104/><D121/><N who="3" m="46665" /><G117/><T118/><D118/><U122/><E0/><V135/><F75/><W18/><G105/><T47/><D33/><U89/><E122/><V52/><F111/><W84/><G24/><T101/><D69/><U110/><E110/><V79/><F79/><W131/><G131/><T96/><D108/><U130/><E130/><V66/><F66/><W29/><G29/><T71/><D71/><U68/><E68/><V83/><F83/><N who="3" m="47215" /><G19/><T28/><D73/><U119/><E119/><V95/><F27/><W23/><G126/><T61/><D115/><U124/><E124/><V85/><F4/><W36/><G36/><T35/><D35/><U74/><E21/><V6/><F6/><W40/><G58/><T62/><D7/><U38/><E38/><V76/><F76/><W16/><G18/><T93/><D62/><U132/><E74/><V99/><F20/><W72/><G72/><T30/><D22/><U5/><E5/><V3/><F3/><W42/><G42/><T26/><D26/><U116/><E116/><V32/><F32/><W57/><G57/><T49/><REACH who="0" step="1"/><D93/><REACH who="0" ten="364,228,198,200" step="2"/><N who="1" m="54463" /><E60/><V10/><F112/><W34/><G34/><T127/><D127/><U78/><E94/><V125/><F125/><W13/><G13/><T15/><D15/><U114/><E81/><V43/><F113/><W129/><G129/><T70/><D70/><U128/><E80/><V54/><F95/><W25/><G25/><T67/><D67/><U64/><E64/><V82/><F135/><W39/><G12/><T17/><D17/><U97/><E128/><V63/><F134/><RYUUKYOKU ba="0,1" sc="364,30,228,-10,198,-10,200,-10" hai0="28,30,47,49,56,61,65,92,96,101,104,106,107" />
</Scene>
<Scene>
<INIT seed="4,1,1,0,5,125" ten="394,218,188,190" oya="0" hai0="15,89,98,27,24,31,1,90,124,65,19,23,77" hai1="34,37,85,133,109,74,30,55,7,18,52,128,6" hai2="9,75,10,4,44,33,96,102,91,25,117,53,11" hai3="127,38,118,101,12,68,105,61,115,97,80,95,42"/><T116/><D116/><U121/><E74/><V51/><F75/><W114/><G118/><T20/><D1/><U54/><E121/><V108/><F117/><W88/><G127/><T66/><D124/><U41/><E109/><V57/><F108/><W73/><G38/><T13/><D77/><U132/><E18/><V22/><F33/><W79/><G42/><T82/><D98/><U111/><E111/><V130/><F91/><W39/><G39/><T67/><D82/><U8/><E85/><V107/><F130/><W43/><G43/><T48/><D48/><U56/><E56/><V81/><F81/><W70/><G12/><AGARI ba="1,1" hai="12,13,15,19,20,23,24,27,31,65,66,67,89,90" machi="12" ten="40,2000,0" yaku="8,1" doraHai="125" who="0" fromWho="3" sc="394,33,218,0,188,0,190,-23" />
</Scene>
<Scene>
<INIT seed="4,2,0,1,0,80" ten="427,218,188,167" oya="0" hai0="36,3,42,77,94,76,6,35,111,64,63,88,47" hai1="128,51,65,113,104,62,40,83,38,126,29,7,73" hai2="67,118,109,92,43,129,20,110,74,117,45,5,53" hai3="44,87,1,97,132,55,112,93,81,66,49,21,48"/><T106/><D106/><U120/><E120/><V27/><F74/><W24/><G1/><T59/><D35/><U28/><E104/><V58/><F67/><W122/><G122/><T72/><D111/><U79/><E128/><V86/><F5/><W98/><G112/><T17/><D72/><U90/><E113/><V11/><F11/><W96/><G132/><T91/><D91/><U133/><E133/><V131/><F86/><W70/><G70/><T107/><D107/><U56/><E126/><V82/><F92/><W39/><G39/><T125/><D125/><U75/><E75/><V103/><F82/><W19/><G66/><T26/><D26/><U115/><E115/><V2/><F103/><W41/><G93/><T54/><D17/><U108/><E108/><N who="2" m="41579" /><F2/><W95/><G95/><T69/><D6/><U33/><E90/><V71/><F71/><W10/><G10/><T123/><D3/><U85/><E7/><V61/><F20/><W134/><G134/><T89/><D89/><U99/><E73/><V124/><F27/><W57/><REACH who="3" step="1"/><G98/><REACH who="3" ten="427,218,188,157" step="2"/><T105/><D105/><U127/><E99/><V32/><F124/><W25/><G25/><T8/><D8/><U22/><E127/><V121/><F121/><W46/><G46/><T23/><D123/><U116/><E38/><N who="2" m="21751" /><F32/><W84/><G84/><N who="0" m="52487" /><D23/><U13/><E33/><V14/><F14/><W37/><G37/><T78/><D69/><U9/><E22/><V60/><F61/><W68/><G68/><T31/><D64/><U52/><E65/><V102/><F131/><W119/><G119/><N who="2" m="45577" /><F129/><W100/><G100/><RYUUKYOKU ba="2,1" sc="427,10,218,-30,188,10,157,10" hai0="31,36,42,47,54,59,63,76,77,78" hai2="53,58,60,102" hai3="19,21,24,41,44,48,49,55,57,81,87,96,97" />
</Scene>
<Scene>
<INIT seed="4,3,1,0,2,16" ten="437,188,198,167" oya="0" hai0="38,21,92,135,96,85,28,110,76,129,30,52,9" hai1="134,32,25,132,79,89,106,29,48,124,75,128,71" hai2="55,65,82,126,81,118,78,116,94,61,91,131,80" hai3="10,37,107,83,59,104,120,0,115,130,15,114,19"/><T122/><D122/><U13/><E106/><V1/><F1/><W66/><G37/><T17/><D38/><U113/><E71/><V72/><F55/><W43/><G43/><T23/><D129/><U73/><E128/><V34/><F34/><W67/><G130/><T8/><D135/><N who="1" m="51755" /><E124/><V47/><F47/><W111/><G111/><T35/><D35/><U2/><E2/><V87/><F131/><W101/><G120/><T20/><D110/><U62/><E62/><V84/><F126/><W123/><G123/><T121/><D121/><U95/><E79/><V90/><REACH who="2" step="1"/><F94/><REACH who="2" ten="437,188,188,167" step="2"/><W3/><G3/><T88/><D52/><U54/><E113/><V24/><F24/><W45/><G0/><T133/><D133/><U93/><E93/><V103/><F103/><W105/><G101/><T97/><D97/><N who="1" m="57583" /><E13/><V74/><F74/><W64/><G45/><AGARI ba="3,2" hai="25,29,32,45,48,54,73,75" m="57583,51755" machi="45" ten="30,1000,0" yaku="20,1" doraHai="16" who="1" fromWho="3" sc="437,0,188,39,188,0,167,-19" />
</Scene>
<Scene>
<INIT seed="5,0,0,5,3,36" ten="437,227,188,148" oya="1" hai0="112,51,48,34,6,74,70,43,106,135,7,132,33" hai1="37,16,4,118,27,66,67,87,41,19,35,3,69" hai2="84,76,60,96,114,125,94,123,23,77,57,30,97" hai3="89,122,59,11,109,82,110,105,68,5,22,102,130"/><U54/><E118/><V50/><F123/><W111/><G122/><T65/><D106/><U73/><E73/><V116/><F116/><W134/><G68/><T93/><D74/><U31/><E54/><V8/><F125/><W126/><G126/><T46/><D112/><U103/><E87/><V62/><F114/><W14/><G130/><T1/><D93/><U99/><E4/><N who="0" m="1577" /><D1/><U133/><E3/><V61/><F8/><W18/><G134/><N who="0" m="51243" /><D48/><U92/><E133/><V72/><F72/><W121/><G121/><T85/><D85/><U58/><E69/><V79/><F84/><W108/><G108/><T107/><D107/><U113/><E113/><V40/><F94/><W42/><G105/><T78/><D78/><U83/><E83/><V124/><F124/><W95/><G82/><T24/><D24/><U63/><REACH who="1" step="1"/><E67/><REACH who="1" ten="437,217,188,148" step="2"/><N who="2" m="39311" /><F97/><W119/><G119/><T26/><D70/><U52/><E52/><V117/><F96/><W28/><G109/><T128/><D65/><U38/><E38/><V127/><F117/><W44/><G110/><T32/><D128/><U0/><E0/><V131/><F127/><W101/><G111/><T53/><D53/><U56/><E56/><V129/><F129/><W25/><G59/><T100/><D46/><AGARI ba="0,1" hai="16,19,27,31,35,37,41,46,58,63,66,92,99,103" machi="46" ten="40,7700,0" yaku="1,1,52,1,54,1,53,0" doraHai="36" doraHaiUra="115" who="1" fromWho="0" sc="437,-77,217,87,188,0,148,0" />
</Scene>
<Scene>
<INIT seed="5,1,0,5,3,0" ten="360,304,188,148" oya="1" hai0="88,102,130,60,113,73,69,35,98,95,45,78,87" hai1="26,67,17,48,128,2,59,62,84,42,91,94,135" hai2="64,14,37,47,74,20,77,125,107,5,103,90,33" hai3="72,120,34,86,53,92,55,121,80,56,131,11,99"/><U117/><E117/><V57/><F33/><W106/><G34/><T38/><D35/><U10/><E135/><V122/><F122/><W31/><G31/><T61/><D38/><U7/><E128/><V93/><F125/><W81/><G131/><T111/><D130/><U97/><E42/><V105/><F103/><W104/><G11/><T39/><D39/><U110/><E110/><V30/><F47/><W85/><G56/><T52/><D111/><U32/><E48/><V13/><F37/><W68/><G92/><T127/><D127/><U41/><E41/><V112/><F74/><W1/><G72/><T8/><D113/><U79/><E17/><V46/><F77/><W101/><G1/><T44/><D8/><U115/><E115/><V3/><F3/><W70/><G101/><T123/><D123/><U133/><E133/><V124/><F124/><W58/><G58/><T100/><D100/><U15/><E2/><V51/><F112/><W43/><G43/><T24/><D69/><U19/><E32/><V28/><F107/><W118/><REACH who="3" step="1"/><G99/><REACH who="3" ten="360,304,188,138" step="2"/><T12/><D98/><U25/><E19/><N who="2" m="10351" /><F30/><W9/><G9/><T96/><D102/><U49/><E49/><V83/><F51/><W66/><G66/><T22/><D61/><U76/><E97/><V75/><F28/><W119/><AGARI ba="1,1" hai="53,55,68,70,80,81,85,86,104,106,118,119,120,121" machi="119" ten="25,12000,2" yaku="1,1,0,1,22,2,53,2" doraHai="0" doraHaiUra="82" who="3" fromWho="3" sc="360,-31,304,-61,188,-31,138,133" />
</Scene>
<Scene>
<INIT seed="6,0,0,4,2,37" ten="329,243,157,271" oya="2" hai0="25,57,61,1,89,95,130,56,133,15,91,26,108" hai1="47,98,38,65,23,110,127,50,131,59,109,7,77" hai2="112,80,128,74,27,17,43,90,117,60,45,22,114" hai3="100,28,126,83,94,97,101,46,14,33,84,85,118"/><V39/><F117/><W16/><G118/><T132/><D1/><U102/><E131/><V55/><F128/><W11/><G126/><T88/><D130/><U3/><E127/><V125/><F125/><W115/><G115/><N who="2" m="44073" /><F74/><W71/><G71/><T21/><D108/><U8/><E77/><V96/><F80/><W113/><G113/><T81/><D81/><U36/><E23/><V12/><F60/><W62/><G62/><T48/><D95/><U42/><E36/><V111/><F55/><W13/><G83/><T24/><D48/><U30/><E30/><V4/><F111/><W6/><G101/><T99/><D99/><U58/><E58/><V124/><F124/><W92/><G92/><T103/><D103/><U40/><E65/><V73/><F73/><W0/><G46/><T31/><D57/><U29/><E29/><V51/><F96/><W121/><G121/><T10/><D133/><U9/><E59/><V5/><F90/><W66/><G66/><N who="0" m="39207" /><D132/><U82/><E82/><V2/><F2/><W18/><G85/><T75/><D75/><U19/><E98/><V35/><F39/><W105/><G84/><T129/><D129/><U70/><E102/><V120/><F120/><W116/><G116/><T20/><D31/><AGARI ba="0,0" hai="4,5,12,17,22,27,31,35,43,45,51" m="44073" machi="31" ten="30,2900,0" yaku="15,1,52,1" doraHai="37" who="2" fromWho="0" sc="329,-29,243,0,157,29,271,0" />
</Scene>
<Scene>
<INIT seed="6,1,0,2,1,37" ten="300,243,186,271" oya="2" hai0="74,30,33,50,32,110,3,36,75,23,52,72,94" hai1="14,39,69,5,77,86,12,13,106,92,95,47,43" hai2="64,26,18,28,129,102,114,31,63,15,25,66,16" hai3="120,124,21,104,121,123,118,57,107,24,89,6,58"/><V122/><F122/><W62/><G118/><T87/><D3/><U45/><E106/><V55/><F114/><W112/><G124/><T34/><D36/><U29/><E69/><V22/><F129/><W135/><G135/><T125/><D110/><U59/><E5/><V103/><F55/><W20/><G6/><T81/><D125/><U83/><E29/><V1/><F1/><W98/><G112/><T109/><D109/><U111/><E111/><V2/><F2/><W108/><G108/><T119/><D119/><U19/><E19/><V53/><F53/><N who="3" m="34095" /><G58/><T126/><D126/><U128/><E128/><V134/><F134/><W35/><G21/><T11/><D11/><U79/><E59/><N who="2" m="36991" /><F66/><W78/><G35/><T96/><D30/><N who="2" m="11306" /><F26/><W113/><G113/><T44/><D23/><AGARI ba="1,0" hai="15,16,18,22,23,25,102,103" m="11306,36991" machi="23" ten="30,2900,0" yaku="8,1,54,1" doraHai="37" who="2" fromWho="0" sc="300,-32,243,0,186,32,271,0" />
</Scene>
<Scene>
<INIT seed="6,2,0,0,5,28" ten="268,243,218,271" oya="2" hai0="63,125,49,75,38,20,94,104,4,33,76,24,3" hai1="73,116,66,42,81,129,0,122,68,51,2,102,40" hai2="134,106,71,19,78,115,23,16,57,126,39,35,84" hai3="111,128,50,36,21,44,95,52,32,55,17,69,121"/><V124/><F71/><W26/><G111/><T118/><D104/><U89/><E116/><V131/><F106/><W112/><G121/><T30/><D38/><U90/><E122/><V133/><F39/><W43/><G69/><T59/><D75/><U87/><E73/><V7/><F115/><W80/><G128/><T120/><D76/><U97/><E129/><V62/><F131/><W79/><G112/><T58/><D120/><U107/><E90/><V29/><F7/><W98/><G32/><T101/><D118/><U64/><E42/><V48/><F48/><W117/><G36/><T27/><D125/><N who="2" m="48234" /><F84/><N who="3" m="48159" /><G117/><T61/><D49/><U67/><E68/><V60/><F78/><W103/><AGARI ba="2,0" hai="17,21,26,43,44,50,52,55,95,98,103" m="48159" machi="103" ten="30,2000,0" yaku="8,1,54,1" doraHai="28" who="3" fromWho="3" sc="268,-7,243,-7,218,-12,271,26" />
</Scene>
<Scene>
<INIT seed="7,0,0,2,2,28" ten="261,236,206,297" oya="3" hai0="108,83,36,67,60,44,114,11,71,65,2,76,116" hai1="106,94,133,63,89,58,31,74,73,22,40,57,27" hai2="129,48,51,61,39,118,77,55,105,59,13,119,102" hai3="96,87,109,130,42,34,95,135,49,43,70,68,18"/><W25/><G130/><T26/><D108/><U123/><E106/><V115/><F129/><W0/><G0/><T19/><D116/><N who="2" m="44586" /><F77/><W4/><G4/><T47/><D114/><U110/><E110/><V117/><F102/><W21/><G109/><T97/><D67/><U121/><E133/><V113/><F105/><W91/><G135/><T3/><D97/><U53/><E40/><V125/><N who="2" m="44594" /><V24/><DORA hai="134" /><F13/><W79/><G34/><T32/><D47/><U124/><E74/><V75/><F24/><W111/><G111/><T128/><D44/><U20/><E73/><V50/><F75/><W45/><G43/><T56/><D36/><U112/><E20/><V33/><F33/><W17/><G17/><T9/><D71/><U62/><E112/><N who="2" m="43083" /><F39/><W66/><G79/><T101/><D128/><U69/><E89/><V93/><F93/><W100/><G66/><T84/><D3/><U64/><E94/><AGARI ba="0,0" hai="18,21,25,42,45,49,68,70,87,91,94,95,96,100" machi="94" ten="30,1500,0" yaku="7,1" doraHai="28,134" who="3" fromWho="1" sc="261,0,236,-15,206,0,297,15" owari="261,6.0,221,-18.0,206,-29.0,312,41.0" />
</Scene>
</mjloggm>