<mjloggm ver="2.3"><GO type="169"/><UN n0="%E5%AF%BE%E5%AD%90%E3%81%AE%E7%8E%8B%E6%A7%98" n1="%E9%A2%A8%E8%BB%8A%E3%81%AE%E7%B5%B5%E7%90%86%E5%AD%90" n2="%E5%88%BB%E5%AD%90%E5%B8%82%E6%B0%91" n3="%E5%A4%AA%E3%81%8F%E3%81%AA%E3%81%84%E3%81%8A" dan="17,17,16,17" rate="2131,2132,2129,2158" sx="M,F,M,M"/><TAIKYOKU oya="0"/>

<Scene>
<INIT seed="0,0,0,4,3,92" ten="250,250,250,250" oya="0" hai0="0,12,134,135,18,82,89,80,58,93,1,95,35" hai1="8,96,126,38,123,47,115,4,98,62,84,63,130" hai2="110,114,37,116,78,94,83,59,41,29,109,128,113" hai3="111,103,121,61,81,3,28,99,132,66,27,79,25"/><T51/><D35/><U129/><E123/><V64/><F29/><W42/><G3/><T104/><D104/><U39/><E126/><V14/><F14/><W5/><G121/><T30/><D30/><U71/><E115/><V124/><F41/><W15/><G111/><T122/><D122/><U32/><E32/><V90/><F37/><N who="1" m="13833" /><E47/><V60/><F128/><N who="1" m="49257" /><E84/><N who="2" m="48247" /><F116/><W118/><G118/><T127/><D127/><U87/><E87/><N who="2" m="52575" /><F124/><W76/><G42/><T85/><D1/><N who="1" m="15" /><E71/><V105/><F105/><W74/><G28/><T67/><D0/><U55/><E55/><V77/><F77/><W36/><G79/><T9/><D82/><U88/><E88/><V17/><F17/><W7/><G7/><T13/><D13/><U57/><E57/><V112/><F112/><W117/><G117/><T6/><D6/><U101/><E101/><V106/><F106/><W70/><G15/><T91/><D80/><U34/><E34/><V31/><F31/><W56/><G5/><T23/><D9/><U52/><E52/><V133/><F133/><W49/><G132/><T65/><D135/><U26/><E26/><V20/><F20/><W107/><G36/><T2/><D2/><U68/><E68/><V120/><F120/><W19/><G19/><T22/><D134/><U50/><E50/><V10/><F10/><W72/><G49/><T53/><D23/><U43/><E43/><V108/><AGARI ba="0,0" hai="59,60,64,108,109,110,113,114" m="52575,48247" machi="108" ten="30,1100,0" yaku="14,1" doraHai="92" who="2" fromWho="2" sc="250,-5,250,-3,250,11,250,-3" />
</Scene>
<Scene>
<INIT seed="1,0,0,3,4,81" ten="245,247,261,247" oya="1" hai0="104,60,48,92,128,78,107,51,122,57,133,109,83" hai1="1,33,79,39,6,118,59,126,26,23,38,43,45" hai2="54,68,90,112,49,84,113,77,66,65,15,71,63" hai3="46,42,132,27,74,76,67,69,127,20,99,52,36"/><U34/><E118/><V86/><F77/><W61/><G132/><T114/><D114/><N who="2" m="44138" /><F90/><W14/><G127/><T5/><D133/><U89/><E39/><V32/><F32/><W56/><G99/><T105/><D128/><U110/><E79/><V21/><F66/><W80/><G14/><T97/><D109/><U131/><E126/><V35/><F35/><W2/><G2/><T88/><D5/><U0/><E131/><V10/><F21/><W70/><REACH who="3" step="1"/><G67/><REACH who="3" ten="245,247,261,237" step="2"/><T72/><REACH who="0" step="1"/><D122/><REACH who="0" ten="235,247,261,237" step="2"/><U120/><E120/><V44/><F71/><W117/><G117/><T62/><D62/><U108/><E108/><V37/><F37/><W135/><G135/><T7/><D7/><AGARI ba="0,2" hai="7,10,15,44,49,54,63,65,68,84,86" m="44138" machi="7" ten="30,3900,0" yaku="11,1,52,2" doraHai="81" who="2" fromWho="0" sc="235,-39,247,0,261,59,237,0" />
</Scene>
<Scene>
<INIT seed="2,0,0,4,3,101" ten="196,247,320,237" oya="2" hai0="47,49,56,87,54,20,86,7,21,74,134,12,104" hai1="18,75,6,62,41,92,77,31,64,89,79,33,98" hai2="124,10,34,25,30,67,2,102,53,93,27,39,35" hai3="96,63,50,130,100,106,15,109,91,66,83,48,116"/><V40/><F67/><W36/><G116/><T78/><D134/><U51/><E6/><V45/><F53/><W38/><G109/><T113/><D113/><U65/><E65/><V3/><F124/><W129/><G15/><T121/><D121/><U114/><E114/><V115/><F115/><W107/><G83/><T82/><D104/><N who="3" m="39977" /><G91/><T103/><D103/><U120/><E120/><V127/><F127/><W95/><G50/><T19/><D7/><U110/><E110/><V37/><F10/><W85/><G48/><T23/><REACH who="0" step="1"/><D56/><REACH who="0" ten="186,247,320,237" step="2"/><U17/><E75/><V76/><F102/><W4/><G4/><T118/><D118/><U122/><E122/><V26/><F2/><W28/><G100/><T55/><D55/><U11/><E41/><V14/><F3/><W46/><G66/><T69/><D69/><U71/><E71/><V32/><F40/><W133/><G133/><T42/><D42/><U52/><E52/><V24/><F34/><W131/><G131/><T80/><D80/><U16/><E33/><V97/><F32/><W125/><G129/><T9/><AGARI ba="0,1" hai="9,12,19,20,21,23,47,49,54,74,78,82,86,87" machi="9" ten="30,2000,0" yaku="1,1,0,1,53,0" doraHai="101" doraHaiUra="112" who="0" fromWho="0" sc="186,30,247,-5,320,-10,237,-5" />
</Scene>
<Scene>
<INIT seed="3,0,0,3,0,43" ten="216,242,310,232" oya="3" hai0="48,72,111,132,78,37,44,114,105,29,20,108,30" hai1="81,75,33,35,107,74,103,14,39,64,88,28,95" hai2="124,8,46,134,120,12,90,66,55,71,32,4,102" hai3="16,92,91,36,131,52,96,119,77,89,76,7,100"/><W63/><G119/><T65/><D105/><U0/><E0/><V113/><F32/><W54/><G36/><T56/><D37/><U97/><E39/><V47/><F113/><W121/><G121/><T93/><D132/><U126/><E126/><V5/><F102/><W50/><G7/><T18/><D114/><U34/><E64/><V122/><F124/><W49/><G131/><T40/><D93/><U21/><E81/><V127/><F127/><W67/><G77/><T13/><D78/><U42/><E42/><V80/><F5/><W133/><G76/><T61/><REACH who="0" step="1"/><D72/><REACH who="0" ten="206,242,310,232" step="2"/><U79/><E79/><V125/><F134/><W87/><G133/><T26/><D26/><U9/><E75/><V123/><F125/><W104/><G89/><T15/><D15/><U51/><E74/><V62/><F55/><W85/><G87/><AGARI ba="0,1" hai="4,8,12,46,47,62,66,71,80,87,90,120,122,123" machi="87" ten="40,5200,0" yaku="13,1,52,2" doraHai="43" who="2" fromWho="3" sc="206,0,242,0,310,62,232,-52" />
</Scene>
<Scene>
<INIT seed="4,0,0,1,2,132" ten="206,242,372,180" oya="0" hai0="127,100,11,113,29,27,49,39,65,7,73,89,123" hai1="17,0,20,72,18,71,107,63,108,119,111,102,54" hai2="79,26,23,135,92,115,90,53,33,64,2,59,57" hai3="30,10,34,16,3,21,43,122,60,47,86,13,66"/><T129/><D123/><U61/><E72/><V6/><F33/><W78/><G122/><T48/><D39/><U106/><E0/><V25/><F135/><W28/><G34/><T87/><D73/><U76/><E76/><V35/><F79/><W109/><G109/><T44/><D113/><U117/><E20/><V133/><F6/><W121/><G121/><T41/><D129/><U95/><E95/><V69/><F2/><W56/><G3/><T36/><D100/><U15/><E15/><V12/><F69/><W97/><G97/><T104/><D104/><U62/><E102/><V5/><F64/><W19/><G78/><T128/><D65/><U94/><E94/><V32/><F59/><W83/><G83/><T74/><D74/><U118/><E54/><V67/><F53/><W84/><G28/><T42/><D128/><U85/><E85/><V130/><F23/><W93/><G30/><T125/><D42/><U46/><E46/><V80/><F12/><W105/><G93/><N who="0" m="54463" /><D11/><U99/><E99/><V110/><F92/><W40/><G105/><N who="1" m="39946" /><E71/><V116/><F35/><W68/><G68/><T55/><D55/><U24/><E24/><V103/><F26/><N who="3" m="14631" /><G43/><T112/><D7/><U38/><E38/><V98/><F5/><W75/><G75/><T37/><D37/><U114/><E114/><V124/><F32/><W51/><AGARI ba="0,0" hai="10,13,19,40,47,51,56,60,66,84,86" m="14631" machi="51" ten="30,2000,0" yaku="8,1,54,1" doraHai="132" who="3" fromWho="3" sc="206,-10,242,-5,372,-5,180,20" />
</Scene>
<Scene>
<INIT seed="5,0,0,0,2,81" ten="196,237,367,200" oya="1" hai0="77,126,109,111,1,119,101,25,24,80,82,56,115" hai1="50,64,14,105,95,103,6,10,127,5,74,12,76" hai2="40,9,17,100,15,97,72,67,8,124,26,42,33" hai3="70,19,73,52,66,62,110,123,85,116,4,128,22"/><U13/><E105/><V47/><F72/><W57/><G110/><T88/><D119/><U90/><E103/><V44/><F67/><W53/><G123/><T84/><D1/><U114/><E64/><V3/><F124/><W43/><G73/><T37/><D37/><U61/><E61/><V68/><F68/><W46/><G116/><T89/><D56/><U118/><E118/><V36/><F33/><W134/><G134/><T93/><D25/><U99/><E114/><V54/><F26/><W2/><G128/><T27/><D27/><U102/><E127/><V18/><F54/><W59/><G2/><T45/><D45/><U104/><E74/><V21/><F17/><W39/><G4/><T122/><D24/><U135/><E76/><V71/><F3/><W106/><G106/><T86/><D126/><U0/><E135/><V51/><F71/><W58/><REACH who="3" step="1"/><G85/><REACH who="3" ten="196,237,367,190" step="2"/><N who="0" m="48271" /><D122/><U87/><E6/><V34/><F34/><W121/><G121/><T7/><D7/><U32/><E32/><V49/><F36/><W55/><G55/><T63/><D63/><U31/><E31/><V11/><F11/><W120/><G120/><T75/><D115/><U94/><E104/><AGARI ba="0,1" hai="8,9,15,18,21,40,42,44,47,49,51,97,100,104" machi="104" ten="30,2000,0" yaku="7,1,9,1" doraHai="81" who="2" fromWho="1" sc="196,0,237,-20,367,30,190,0" />
</Scene>
<Scene>
<INIT seed="6,0,0,3,3,28" ten="196,217,397,190" oya="2" hai0="80,11,110,62,45,12,111,123,122,97,29,53,60" hai1="43,113,68,59,125,40,119,51,76,96,54,72,87" hai2="126,88,55,6,102,106,63,19,31,65,101,79,17" hai3="116,108,70,91,103,20,71,38,118,134,5,30,2"/><V13/><F79/><W3/><G38/><T128/><D80/><U109/><E68/><V120/><F55/><W22/><G103/><T86/><D86/><U92/><E109/><N who="0" m="41481" /><D97/><U18/><E119/><V83/><F126/><W135/><G108/><T50/><D29/><U14/><E113/><V57/><F120/><N who="0" m="46122" /><D12/><U27/><E125/><V8/><F31/><W42/><G30/><T132/><D11/><N who="1" m="6495" /><E27/><V82/><F106/><W127/><G127/><T32/><D32/><U44/><E44/><V34/><F34/><W77/><G77/><T48/><D132/><N who="3" m="50729" /><G42/><N who="0" m="24631" /><D128/><U112/><E112/><V124/><F124/><W130/><G130/><T15/><D15/><U94/><E72/><V7/><F7/><W114/><G114/><T35/><D35/><U78/><E92/><V37/><F37/><W10/><G91/><T61/><D50/><U121/><E121/><V39/><F39/><W90/><G90/><T41/><D41/><N who="1" m="15947" /><E87/><N who="2" m="50295" /><F83/><W73/><G73/><T0/><D0/><N who="3" m="41" /><G5/><T33/><D33/><U107/><E107/><V16/><AGARI ba="0,0" hai="6,8,13,16,17,19,57,63,65,101,102" m="50295" machi="16" ten="30,6000,0" yaku="8,1,54,2" doraHai="28" who="2" fromWho="2" sc="196,-20,217,-20,397,60,190,-20" />
</Scene>
<Scene>
<INIT seed="6,1,0,0,1,110" ten="176,197,457,170" oya="2" hai0="129,65,91,30,111,77,19,57,83,59,22,74,39" hai1="126,0,6,85,108,31,1,62,61,115,122,26,44" hai2="16,24,47,104,98,75,12,68,67,109,92,53,79" hai3="66,73,40,125,99,107,128,46,118,123,64,34,135"/><V114/><F104/><W56/><G73/><T20/><D111/><U133/><E108/><V113/><F24/><W70/><G34/><T21/><D39/><U112/><E133/><V93/><F109/><W117/><G99/><T10/><D129/><U82/><E126/><V37/><F67/><W71/><G107/><T49/><D30/><U38/><E122/><V9/><F68/><N who="3" m="26155" /><G123/><T13/><D65/><N who="3" m="25193" /><G125/><T36/><D36/><U105/><E105/><V116/><F116/><N who="3" m="44651" /><G135/><T51/><D91/><N who="1" m="51639" /><E6/><V76/><F37/><N who="3" m="21775" /><G56/><T2/><D2/><N who="1" m="1131" /><E44/><V42/><F42/><W28/><G28/><T18/><D18/><U33/><E38/><V89/><F92/><W72/><G72/><T23/><N who="0" m="5632" /><DORA hai="127" /><T106/><D106/><U101/><E101/><V29/><F29/><W8/><G8/><T55/><REACH who="0" step="1"/><D59/><REACH who="0" ten="166,197,457,170" step="2"/><U119/><E119/><V45/><F16/><W4/><G4/><T102/><D102/><U87/><E31/><V97/><F89/><W58/><G58/><T80/><D80/><U130/><E130/><AGARI ba="1,1" hai="128,130" m="21775,44651,25193,26155" machi="130" ten="40,8000,1" yaku="34,2,52,2" doraHai="110,127" who="3" fromWho="1" sc="166,0,197,-83,457,0,170,93" />
</Scene>
<Scene>
<INIT seed="7,0,0,2,3,66" ten="166,114,457,263" oya="3" hai0="47,126,40,104,74,78,64,14,2,121,11,43,124" hai1="107,96,81,87,115,76,88,70,127,95,5,86,98" hai2="41,42,102,93,113,24,56,83,72,65,21,6,125" hai3="94,49,3,0,9,48,82,92,110,84,134,54,122"/><W36/><G122/><T26/><D121/><U13/><E70/><V105/><F105/><W91/><G36/><N who="0" m="21895" /><D43/><U128/><E5/><V35/><F113/><W33/><G33/><T39/><D39/><U133/><E13/><V60/><F125/><N who="0" m="48234" /><D104/><U44/><E44/><V85/><F6/><W61/><G134/><T109/><D109/><U10/><E10/><V16/><F72/><W63/><G110/><T52/><D64/><U130/><E127/><V111/><F35/><W80/><G9/><T79/><D74/><N who="1" m="43159" /><E115/><V19/><F19/><W129/><G129/><N who="1" m="49770" /><E133/><V112/><F112/><W37/><G37/><T75/><D75/><U108/><E108/><V135/><F135/><W123/><G123/><T59/><D26/><U29/><E29/><V8/><F8/><W118/><G54/><T22/><D22/><U45/><E45/><V69/><F69/><W38/><G38/><T100/><D2/><U120/><E120/><V117/><F117/><W7/><G7/><N who="0" m="3455" /><D100/><AGARI ba="0,0" hai="86,87,88,95,96,98,100,107" m="49770,43159" machi="100" ten="30,7700,0" yaku="19,1,34,2,54,1" doraHai="66" who="1" fromWho="0" sc="166,-77,114,77,457,0,263,0" owari="89,-41.0,191,-21.0,457,56.0,263,6.0" />
</Scene>
</mjloggm>