<mjloggm ver="2.3"><GO type="193"/><UN n0="%E4%B8%80%E3%83%8E%E7%80%AC%E5%85%AD%E6%89%8B" n1="%E5%A4%AA%E3%81%8F%E3%81%AA%E3%81%84%E3%81%8A" n2="%73%68%65%6E%39%39%39" n3="%28%E3%83%BB%5F%E3%83%BB%29" dan="11,12,12,11" rate="1775,1916,1781,1598" sx="M,M,M,M"/><TAIKYOKU oya="0"/>

<Scene>
<INIT seed="0,0,0,4,0,9" ten="250,250,250,250" oya="0" hai0="40,46,79,23,54,65,12,26,89,50,80,21,71" hai1="59,34,28,13,112,91,63,97,3,70,122,109,32" hai2="2,31,78,15,117,95,29,88,82,111,41,94,83" hai3="133,77,69,101,113,110,51,114,103,84,48,61,104"/><T134/><D134/><U7/><E122/><V93/><F2/><W128/><G133/><T66/><D71/><U14/><E70/><V38/><F111/><W67/><G110/><T75/><D89/><U22/><E109/><V6/><F38/><W106/><G128/><T27/><D23/><U33/><E112/><V10/><F41/><W68/><G77/><T16/><D65/><U8/><E28/><V1/><F1/><W64/><G84/><T55/><REACH who="0" step="1"/><D66/><REACH who="0" ten="240,250,250,250" step="2"/><U44/><E22/><V25/><F117/><W99/><G99/><T37/><D37/><U30/><E97/><V85/><REACH who="2" step="1"/><F25/><AGARI ba="0,1" hai="12,16,21,25,26,27,40,46,50,54,55,75,79,80" machi="25" ten="40,7700,0" yaku="1,1,52,1,54,1,53,0" doraHai="9" doraHaiUra="102" who="0" fromWho="2" sc="240,87,250,0,250,-77,250,0" />
</Scene>
<Scene>
<INIT seed="0,1,0,4,3,87" ten="327,250,173,250" oya="0" hai0="12,14,117,126,102,128,85,97,113,42,95,94,26" hai1="63,37,57,17,86,76,50,13,91,68,40,58,33" hai2="11,2,45,118,51,134,99,25,61,22,116,131,81" hai3="24,111,112,52,20,5,129,130,105,73,49,44,27"/><T54/><D117/><N who="2" m="45162" /><F81/><W43/><G105/><T41/><D113/><U103/><E33/><V69/><F134/><W93/><G73/><T56/><D128/><N who="3" m="49257" /><G112/><T31/><D126/><U127/><E127/><V39/><F131/><W125/><G125/><T36/><D36/><U60/><E103/><V70/><F39/><W79/><G79/><T92/><D41/><U72/><E72/><V122/><F122/><W132/><G132/><T29/><D42/><U82/><E37/><V55/><F61/><N who="1" m="23625" /><E76/><V119/><N who="2" m="45170" /><V83/><DORA hai="135" /><F83/><W114/><G114/><T23/><D31/><U46/><E68/><N who="2" m="26219" /><F99/><W100/><G111/><T84/><D85/><U7/><E7/><N who="2" m="1527" /><F25/><W65/><G5/><T30/><D30/><U10/><AGARI ba="1,0" hai="10,13,17,40,46,50,57,58,82,86,91" m="23625" machi="10" ten="30,2000,0" yaku="8,1,52,1" doraHai="87,135" who="1" fromWho="1" sc="327,-11,250,23,173,-6,250,-6" />
</Scene>
<Scene>
<INIT seed="1,0,0,3,0,45" ten="316,273,167,244" oya="1" hai0="9,89,35,135,130,78,14,81,92,69,120,56,110" hai1="36,123,11,115,76,124,24,48,83,113,119,42,98" hai2="99,12,3,126,131,50,51,57,91,1,122,41,21" hai3="121,61,16,90,132,47,106,31,133,19,108,4,101"/><U44/><E123/><V79/><F122/><W77/><G121/><T58/><D120/><RYUUKYOKU type="kaze4" ba="0,0" sc="316,0,273,0,167,0,244,0" />
</Scene>
<Scene>
<INIT seed="1,1,0,3,2,25" ten="316,273,167,244" oya="1" hai0="32,55,94,135,44,99,106,95,119,39,91,75,34" hai1="35,50,30,102,108,10,59,12,54,105,60,29,72" hai2="28,83,121,42,109,100,107,62,87,37,134,84,112" hai3="115,27,61,81,80,79,64,22,40,127,66,68,133"/><U46/><E72/><V130/><F121/><W26/><G115/><T14/><D119/><U0/><E0/><V20/><F109/><W41/><G127/><T104/><D75/><U13/><E108/><V9/><F130/><W7/><G133/><T118/><D118/><U74/><E74/><V63/><F134/><W82/><G79/><T98/><D135/><U1/><E1/><V116/><F116/><W31/><G7/><T17/><D39/><U122/><E122/><V21/><F112/><W3/><G3/><T58/><D44/><U11/><E35/><V103/><F107/><W52/><G66/><T57/><D106/><U88/><E102/><N who="2" m="38955" /><F37/><W69/><G69/><T49/><D58/><U117/><E105/><V96/><F96/><W124/><G124/><T97/><D104/><U131/><E131/><V70/><F70/><W128/><G128/><T110/><D110/><U38/><E38/><V120/><F120/><W125/><G125/><T15/><D99/><U5/><E117/><V92/><F9/><W56/><REACH who="3" step="1"/><G27/><REACH who="3" ten="316,273,167,234" step="2"/><T6/><D6/><N who="1" m="3159" /><E88/><V67/><F67/><AGARI ba="1,1" hai="5,11,13,29,30,46,50,54,59,60,67" m="3159" machi="67" ten="30,5800,0" yaku="8,1,52,2" doraHai="25" who="1" fromWho="2" sc="316,0,273,71,167,-61,234,0" />
</Scene>
<Scene>
<INIT seed="1,2,0,2,1,60" ten="316,344,106,234" oya="1" hai0="34,9,35,8,113,36,41,19,105,55,43,109,114" hai1="37,3,11,90,101,88,103,108,127,20,133,111,62" hai2="91,56,120,121,95,128,94,97,96,118,115,131,104" hai3="26,0,87,57,4,22,53,81,54,112,93,59,27"/><U44/><E133/><V25/><F56/><W58/><G112/><T50/><D105/><U38/><E127/><V102/><F25/><W85/><G0/><T116/><D116/><U71/><E20/><V106/><F118/><W68/><G4/><T124/><D124/><U119/><E119/><V40/><F40/><W123/><G68/><T16/><D109/><N who="1" m="42059" /><E3/><V83/><F115/><N who="0" m="44042" /><D36/><N who="1" m="13931" /><E11/><N who="0" m="4169" /><D50/><U107/><E44/><V13/><F13/><W33/><G123/><N who="2" m="47177" /><F83/><W134/><G134/><T30/><D55/><U14/><E14/><V126/><F126/><W7/><G7/><T100/><D100/><N who="1" m="38475" /><E107/><AGARI ba="2,0" hai="91,94,95,96,97,102,104,106,107,128,131" m="47177" machi="107" ten="30,2000,0" yaku="34,2" doraHai="60" who="2" fromWho="1" sc="316,0,344,-26,106,26,234,0" />
</Scene>
<Scene>
<INIT seed="2,0,0,1,0,61" ten="316,318,132,234" oya="2" hai0="58,103,93,25,76,39,51,79,85,105,49,82,117" hai1="131,30,73,24,66,88,86,28,59,13,92,35,83" hai2="114,100,122,72,106,22,101,17,128,52,16,42,33" hai3="71,74,60,78,109,45,127,21,104,19,11,15,1"/><V10/><F122/><W116/><G104/><T102/><D39/><U126/><E131/><V55/><F33/><W37/><G116/><T69/><D69/><U50/><E126/><V97/><F114/><W41/><G127/><T134/><D105/><U47/><E30/><V80/><F128/><W4/><G109/><T57/><D117/><U14/><E73/><V44/><F72/><W77/><REACH who="3" step="1"/><G74/><REACH who="3" ten="316,318,132,224" step="2"/><T133/><D133/><U89/><E83/><V68/><F68/><W91/><G91/><T38/><D134/><U121/><E89/><V70/><F70/><W29/><G29/><T53/><D82/><U84/><E121/><V94/><F80/><W27/><G27/><T119/><D25/><U108/><E108/><V113/><F113/><W8/><G8/><T20/><D119/><U120/><E120/><V129/><F129/><W56/><G56/><T7/><D57/><U65/><E59/><V130/><F130/><W112/><G112/><T48/><D58/><U123/><E123/><V18/><F10/><W6/><G6/><T98/><D7/><U81/><E81/><V5/><F5/><W111/><G111/><T12/><D102/><N who="2" m="39530" /><F106/><W26/><G26/><T124/><D124/><U62/><E28/><V118/><F118/><W9/><G9/><T96/><D103/><U110/><E110/><V46/><F22/><W32/><G32/><T75/><D20/><U115/><E35/><V31/><F31/><W95/><G95/><T64/><D93/><U54/><E92/><V67/><F67/><AGARI ba="0,1" hai="1,4,11,15,19,21,37,41,45,60,67,71,77,78" machi="67" ten="40,2600,0" yaku="1,1,52,1,53,0" doraHai="61" doraHaiUra="125" who="3" fromWho="2" sc="316,0,318,0,132,-26,224,36" />
</Scene>
<Scene>
<INIT seed="3,0,0,4,5,45" ten="316,318,106,260" oya="3" hai0="75,93,96,55,0,112,79,1,92,4,64,89,76" hai1="18,53,123,3,124,102,103,114,81,104,98,50,17" hai2="119,107,5,78,111,21,82,47,42,52,120,25,126" hai3="37,20,69,130,80,14,72,26,116,38,73,6,128"/><W19/><G69/><T46/><D75/><U100/><E114/><V113/><F113/><W99/><G116/><T2/><D112/><U83/><E123/><V7/><F120/><W58/><G99/><T44/><D64/><U105/><E3/><V109/><F119/><W90/><G58/><T61/><D4/><U11/><E124/><V33/><F107/><W35/><G73/><T40/><D40/><U12/><E18/><V131/><F131/><N who="3" m="50219" /><G35/><T32/><D32/><U51/><E51/><N who="2" m="28799" /><F42/><W101/><G101/><N who="0" m="60551" /><D0/><U91/><E105/><V110/><F33/><W30/><G6/><T68/><D68/><U63/><E63/><V49/><F126/><W84/><G72/><T29/><D1/><U8/><E8/><V41/><F25/><W106/><G106/><T74/><D2/><U85/><E81/><V108/><F21/><W122/><G122/><T125/><D125/><U16/><E17/><V121/><N who="2" m="28160" /><DORA hai="62" /><V59/><F121/><W70/><G70/><T118/><D74/><U132/><E132/><V10/><F10/><W28/><G26/><T57/><D118/><U127/><E127/><V27/><F27/><W86/><G86/><N who="0" m="52407" /><D29/><AGARI ba="0,0" hai="14,19,20,28,29,30,37,38,80,84,90" m="50219" machi="29" ten="30,1500,0" yaku="19,1" doraHai="45,62" who="3" fromWho="0" sc="316,-15,318,0,106,0,260,15" />
</Scene>
<Scene>
<INIT seed="3,1,0,0,5,60" ten="301,318,106,275" oya="3" hai0="112,67,30,25,9,111,43,119,37,22,36,100,70" hai1="91,75,114,123,93,64,71,135,31,52,76,40,68" hai2="46,82,105,121,69,126,66,134,95,58,18,109,51" hai3="6,104,3,90,55,42,88,17,12,97,115,8,110"/><W129/><G115/><T128/><D112/><U87/><E114/><V44/><F105/><W16/><G129/><T26/><D119/><U89/><E123/><V27/><F18/><W96/><G110/><T122/><D122/><U29/><E135/><V125/><F27/><W102/><G42/><T14/><D111/><U19/><E40/><V57/><F95/><W83/><G90/><T101/><D128/><U124/><E124/><N who="2" m="47723" /><F121/><W117/><G117/><T33/><D36/><U62/><E71/><V74/><F74/><W106/><G55/><T79/><D79/><U63/><E75/><V39/><F82/><W118/><G118/><T59/><D70/><U116/><E116/><V108/><F134/><W32/><G32/><T86/><D86/><U10/><E76/><V2/><F2/><W11/><G17/><T120/><D120/><U49/><E62/><N who="2" m="40151" /><F109/><W127/><G127/><T1/><D1/><U4/><E89/><V20/><F20/><W99/><REACH who="3" step="1"/><G102/><REACH who="3" ten="301,318,106,265" step="2"/><T98/><D101/><U133/><E19/><V130/><F130/><W81/><G81/><T41/><D100/><U65/><E133/><V7/><F7/><W84/><AGARI ba="1,1" hai="3,6,8,11,12,16,83,84,88,96,97,99,104,106" machi="84" ten="30,12000,1" yaku="1,1,0,1,54,2,53,1" doraHai="60" doraHaiUra="34" who="3" fromWho="3" sc="301,-41,318,-41,106,-41,265,133" owari="260,-14.0,277,8.0,65,-43.0,398,49.0" />
</Scene>
</mjloggm>