<mjloggm ver="2.3"><GO type="97"/><UN n0="%E4%B8%80%E6%B0%97%E8%B2%AB%E5%BE%B9" n1="%E5%A4%AA%E3%81%8F%E3%81%AA%E3%81%84%E3%81%8A" n2="%E3%81%95%E3%82%80%E3%81%8A" n3="%44%65%65%70%2D%4F%6E%65" dan="15,13,15,14" rate="1954,1961,2033,1965" sx="M,M,M,M"/><TAIKYOKU oya="0"/>

<Scene>
<INIT seed="0,0,0,4,5,66" ten="250,250,250,250" oya="0" hai0="109,110,2,91,130,94,127,80,114,135,102,47,77" hai1="3,86,132,30,17,128,15,87,9,58,49,98,84" hai2="7,70,41,133,74,6,28,63,1,79,61,56,20" hai3="16,67,75,19,57,116,8,111,112,119,121,83,71"/><T42/><D114/><U27/><E128/><V96/><F41/><W120/><G112/><T33/><D2/><U65/><E132/><V29/><F96/><W72/><BYE who="2" /><G111/><N who="0" m="42507" /><D135/><U43/><E3/><V73/><F73/><N who="3" m="28235" /><G57/><T62/><D33/><U129/><E129/><V38/><F38/><W134/><G134/><UN n2="%E3%81%95%E3%82%80%E3%81%8A" /><T101/><D127/><U113/><E113/><V97/><F97/><W14/><G19/><T99/><D130/><U59/><E98/><V60/><F1/><W123/><G83/><T126/><D62/><AGARI ba="0,0" hai="8,14,16,62,67,71,116,119,120,121,123" m="28235" machi="62" ten="40,5200,0" yaku="13,1,52,1,54,1" doraHai="66" who="3" fromWho="0" sc="250,-52,250,0,250,0,250,52" />
</Scene>
<Scene>
<INIT seed="1,0,0,4,2,134" ten="198,250,250,302" oya="1" hai0="96,66,41,19,57,72,16,127,95,132,129,106,115" hai1="33,14,123,97,56,114,121,77,92,91,100,4,49" hai2="90,1,119,104,81,52,122,103,39,69,15,60,70" hai3="94,24,45,82,48,85,117,84,46,79,47,32,35"/><U113/><E33/><V55/><F1/><W13/><G117/><T78/><D115/><U50/><E77/><V128/><F39/><W76/><G13/><T109/><D127/><U18/><E4/><V10/><F119/><W28/><G35/><T21/><D109/><U89/><E114/><V83/><F122/><W111/><G111/><T62/><D132/><U2/><E2/><V102/><F128/><W107/><G107/><T5/><D129/><U74/><E74/><V125/><F125/><W130/><G130/><T8/><D106/><U64/><E113/><V126/><F126/><W29/><G29/><T133/><D133/><U26/><E26/><V58/><F104/><W0/><G0/><T23/><D41/><U40/><E123/><V43/><F43/><W112/><G112/><T65/><D72/><U86/><E121/><V110/><F110/><W37/><G37/><T12/><D78/><U31/><E31/><V71/><F55/><W11/><G11/><T7/><D66/><U9/><E40/><V3/><F3/><W53/><REACH who="3" step="1"/><G94/><REACH who="3" ten="198,250,250,292" step="2"/><T54/><D8/><U59/><E92/><V120/><F120/><W27/><G27/><N who="0" m="14759" /><D65/><U108/><E64/><V51/><F15/><W30/><G30/><T25/><D25/><U63/><E108/><V36/><F10/><W38/><G38/><T101/><AGARI ba="0,1" hai="5,7,12,19,23,54,57,62,95,96,101" m="14759" machi="101" ten="30,2000,0" yaku="8,1,54,1" doraHai="134" who="0" fromWho="0" sc="198,30,250,-10,250,-5,292,-5" />
</Scene>
<Scene>
<INIT seed="2,0,0,3,4,110" ten="228,240,245,287" oya="2" hai0="125,8,36,21,105,99,69,31,20,75,59,16,94" hai1="55,52,53,124,40,108,114,120,98,129,7,74,5" hai2="37,72,11,88,63,109,47,30,134,48,44,2,57" hai3="35,92,9,12,80,79,83,126,76,93,102,70,54"/><V95/><F72/><W73/><G126/><T131/><D69/><U49/><E108/><V1/><F30/><W113/><G70/><T84/><D75/><U23/><E74/><V19/><F109/><W87/><G35/><T33/><D36/><U112/><E124/><V91/><F37/><W26/><G26/><T86/><D125/><U4/><E129/><V27/><F47/><W29/><G29/><T25/><D105/><U82/><E120/><V78/><F78/><W22/><G22/><T77/><D131/><U119/><E119/><V10/><F2/><W135/><G135/><T133/><D133/><U89/><E23/><N who="2" m="13823" /><F1/><W58/><G102/><T43/><D43/><U104/><E104/><V107/><F107/><W97/><G97/><T32/><D77/><U42/><E42/><N who="2" m="24599" /><F134/><W103/><G103/><T68/><D68/><U106/><E106/><V118/><F118/><W38/><G38/><T117/><D117/><U13/><E13/><V64/><F91/><W85/><G73/><T50/><D8/><U3/><E3/><V56/><F57/><W81/><G81/><T100/><D33/><U127/><E127/><V61/><F61/><N who="3" m="36055" /><G113/><T62/><D32/><U41/><E41/><V123/><F123/><W24/><G24/><N who="0" m="14343" /><D50/><U0/><E0/><V115/><F115/><W17/><AGARI ba="0,0" hai="9,12,17,76,79,80,83,85,87,92,93" m="36055" machi="17" ten="30,1100,0" yaku="8,1" doraHai="110" who="3" fromWho="3" sc="228,-3,240,-3,245,-5,287,11" />
</Scene>
<Scene>
<INIT seed="3,0,0,4,3,22" ten="225,237,240,298" oya="3" hai0="38,52,83,126,65,100,81,120,18,42,66,103,121" hai1="88,2,131,109,51,25,92,71,86,8,14,55,53" hai2="124,56,115,122,23,74,37,43,73,13,97,40,28" hai3="135,35,68,19,96,11,49,47,17,78,6,75,3"/><W39/><G68/><T87/><D126/><U76/><E71/><V79/><F115/><W59/><G35/><T117/><D117/><U102/><E2/><V20/><F124/><W95/><G135/><T32/><D32/><U27/><E109/><V125/><F125/><W41/><G59/><T4/><D4/><N who="1" m="3335" /><E131/><V46/><F43/><W112/><G49/><T34/><D34/><U85/><E102/><V67/><F79/><W24/><G24/><N who="1" m="9290" /><E51/><V60/><F122/><W134/><G134/><T58/><D38/><U0/><E0/><V127/><F127/><W21/><G21/><T9/><D42/><U30/><E30/><V77/><F77/><W72/><G72/><T61/><D121/><U62/><E62/><V33/><F33/><W5/><G5/><T57/><D120/><U26/><N who="1" m="9298" /><U12/><DORA hai="45" /><E12/><V90/><F28/><W70/><G70/><T36/><D36/><U84/><E76/><V15/><F15/><W128/><G128/><T118/><D103/><U133/><E133/><V54/><F23/><W107/><G107/><T69/><D100/><U99/><AGARI ba="0,0" hai="53,55,84,85,86,88,92,99" m="9298,3335" machi="99" ten="40,12000,2" yaku="8,1,52,4,54,1" doraHai="22,45" who="1" fromWho="1" sc="225,-30,237,120,240,-30,298,-60" owari="195,-30.0,357,45.0,210,-19.0,238,4.0" />
</Scene>
</mjloggm>