<mjloggm ver="2.3"><GO type="169"/><UN n0="%2D%61%76%61%74%61%72%2D" n1="%E3%81%A1%E3%82%85%E3%82%93%E3%81%A9" n2="%E5%A4%AA%E3%81%8F%E3%81%AA%E3%81%84%E3%81%8A" n3="%68%65%61%72%74%73%40" dan="17,16,18,16" rate="2137,2051,2214,2034" sx="M,M,M,M"/><TAIKYOKU oya="0"/>

<Scene>
<INIT seed="0,0,0,1,2,132" ten="250,250,250,250" oya="0" hai0="74,68,57,95,79,6,77,62,17,41,104,108,84" hai1="67,5,116,88,63,8,82,83,20,38,60,121,30" hai2="58,23,127,98,106,25,113,100,81,59,119,80,93" hai3="72,0,11,40,37,94,51,3,85,4,110,1,107"/><T65/><D104/><U10/><E121/><V50/><F113/><W39/><G107/><T36/><D74/><U70/><E116/><V69/><F69/><W21/><G21/><T76/><D108/><U99/><E38/><V120/><F120/><W123/><G123/><T31/><D31/><U97/><E63/><V131/><F119/><W35/><G94/><T44/><D6/><U125/><E125/><V49/><F131/><W32/><G85/><T128/><D128/><U56/><E70/><V7/><F7/><W71/><G51/><N who="2" m="19465" /><F127/><W75/><G110/><T33/><D33/><N who="3" m="12873" /><G40/><T12/><D68/><U55/><E67/><V15/><F15/><W46/><G71/><T87/><REACH who="0" step="1"/><D95/><REACH who="0" ten="240,250,250,250" step="2"/><U54/><E5/><V112/><F106/><W134/><G134/><T124/><D124/><U86/><E30/><N who="2" m="17727" /><F112/><W28/><G28/><T126/><D126/><U24/><E82/><AGARI ba="0,1" hai="58,59,80,81,82,93,98,100" m="17727,19465" machi="82" ten="30,1000,0" yaku="8,1" doraHai="132" who="2" fromWho="1" sc="240,0,250,-10,250,20,250,0" />
</Scene>
<Scene>
<INIT seed="1,0,0,3,5,29" ten="240,240,270,250" oya="1" hai0="63,70,24,94,97,68,51,60,128,105,76,86,56" hai1="45,36,32,130,96,71,1,4,10,7,112,120,110" hai2="20,78,118,6,72,132,119,111,65,19,8,83,102" hai3="42,47,81,80,0,30,92,35,127,16,123,87,84"/><U90/><E120/><V74/><F111/><W15/><G123/><T125/><D105/><U52/><E112/><V33/><F132/><W91/><G127/><T13/><D125/><U61/><E110/><V17/><F102/><W27/><G0/><T109/><D109/><U77/><E77/><V46/><F65/><W122/><G122/><T131/><D86/><U103/><E7/><V121/><F121/><W48/><REACH who="3" step="1"/><G84/><REACH who="3" ten="240,240,270,240" step="2"/><T50/><D128/><U79/><E130/><V58/><F74/><W99/><G99/><T28/><D97/><U23/><E96/><V108/><F108/><W89/><G89/><T62/><D131/><U64/><E90/><V100/><F72/><W67/><G67/><T59/><D76/><U11/><E79/><V117/><F78/><W93/><G93/><T41/><D94/><U12/><E1/><V107/><F118/><W129/><G129/><T21/><D68/><U18/><E103/><V114/><F100/><W126/><G126/><T82/><D70/><U66/><E66/><V104/><F117/><W39/><G39/><T98/><D98/><U73/><E73/><V49/><F119/><W115/><G115/><T34/><D82/><U14/><E36/><V95/><F114/><W75/><G75/><T26/><D13/><U116/><E116/><V55/><F95/><W134/><G134/><T38/><D38/><U133/><E133/><V2/><F83/><W5/><G5/><T9/><D24/><U135/><E135/><V44/><F2/><W22/><AGARI ba="0,1" hai="15,16,22,27,30,35,42,47,48,80,81,87,91,92" machi="22" ten="20,8000,1" yaku="1,1,0,1,7,1,52,1,54,1,53,0" doraHai="29" doraHaiUra="69" who="3" fromWho="3" sc="240,-20,240,-40,270,-20,240,90" />
</Scene>
<Scene>
<INIT seed="2,0,0,1,1,21" ten="220,200,250,330" oya="2" hai0="70,41,8,108,85,78,48,6,63,32,24,22,9" hai1="62,35,52,126,61,134,109,40,96,5,31,47,29" hai2="119,54,89,124,105,3,27,115,36,69,55,106,118" hai3="93,19,84,103,83,53,16,73,122,82,12,95,1"/><V68/><F3/><W43/><G1/><T25/><D22/><U26/><E109/><V14/><F36/><W94/><G73/><T101/><D32/><U123/><E123/><V65/><F115/><W74/><G74/><T20/><D20/><U100/><E126/><V111/><F14/><W104/><G122/><T67/><D108/><U133/><E5/><V87/><F111/><W38/><G19/><T98/><D8/><U18/><E18/><V99/><F124/><W79/><G53/><T56/><D70/><U114/><E31/><V10/><F10/><W76/><G38/><T135/><D135/><N who="1" m="51723" /><E114/><V11/><F11/><N who="3" m="6175" /><G43/><T92/><D41/><U86/><E86/><V57/><F87/><N who="3" m="48583" /><G104/><T72/><D48/><N who="1" m="28703" /><E40/><V121/><F121/><W30/><G30/><T13/><D72/><U42/><E42/><V33/><F69/><W45/><G45/><T34/><D34/><U129/><E129/><V60/><F68/><W117/><G117/><T127/><D127/><U81/><E81/><AGARI ba="0,0" hai="6,9,13,24,25,56,63,67,78,81,85,92,98,101" machi="81" ten="40,5200,0" yaku="8,1,52,2" doraHai="21" who="0" fromWho="1" sc="220,52,200,-52,250,0,330,0" />
</Scene>
<Scene>
<INIT seed="3,0,0,5,4,39" ten="272,148,250,330" oya="3" hai0="28,56,108,20,54,79,37,6,120,134,3,93,81" hai1="12,32,57,19,44,110,130,109,45,122,72,99,112" hai2="14,15,2,78,71,34,52,67,51,23,29,128,69" hai3="46,94,132,107,118,91,115,119,41,25,13,61,22"/><W68/><G107/><T9/><D37/><U21/><E122/><V97/><F2/><W36/><G132/><T105/><D105/><U48/><E112/><V135/><F78/><W123/><G123/><T77/><D134/><U18/><E32/><V82/><F135/><W64/><G115/><T27/><D120/><U87/><E72/><V80/><F97/><W73/><G13/><T92/><D79/><U76/><E130/><V63/><F69/><W127/><G73/><T8/><D8/><U131/><E99/><V7/><F34/><W4/><G4/><T17/><D28/><U16/><E131/><V5/><F128/><W70/><G70/><T124/><D124/><U125/><E125/><V62/><F62/><W116/><G127/><T102/><D102/><U89/><E76/><V95/><F5/><W100/><G100/><T66/><D66/><U106/><E106/><V88/><F14/><W30/><REACH who="3" step="1"/><G119/><REACH who="3" ten="272,148,250,320" step="2"/><T10/><D6/><U104/><E104/><V47/><F7/><W0/><G0/><T85/><D3/><U33/><E110/><V38/><F15/><W24/><G24/><T31/><D108/><U1/><E109/><V111/><F111/><W65/><G65/><T83/><D27/><U117/><E1/><V133/><F133/><W103/><G103/><T121/><D121/><U96/><E117/><V11/><F71/><W42/><G42/><T101/><D101/><U26/><E26/><V49/><F67/><W43/><G43/><T84/><D9/><U75/><E12/><V35/><F11/><W74/><G74/><T53/><D10/><RYUUKYOKU ba="0,1" sc="272,-10,148,-10,250,-10,320,30" hai3="22,25,30,36,41,46,61,64,68,91,94,116,118" />
</Scene>
<Scene>
<INIT seed="3,1,1,2,2,131" ten="262,138,240,350" oya="3" hai0="62,123,9,64,69,67,102,39,50,37,71,113,72" hai1="16,130,109,92,66,3,51,77,26,107,132,57,11" hai2="10,121,28,61,122,110,6,112,87,111,44,52,34" hai3="36,79,106,65,81,124,7,47,8,63,33,127,14"/><W20/><G33/><T17/><D72/><U96/><E107/><V0/><F112/><W46/><G106/><T129/><D102/><U84/><E130/><V25/><F87/><W18/><G81/><T103/><D103/><U101/><E109/><N who="2" m="41483" /><F44/><W85/><G85/><T56/><D17/><U4/><E77/><V126/><F61/><W116/><G79/><T83/><D9/><U97/><E84/><V78/><F52/><W128/><G128/><T74/><D83/><U19/><E132/><V90/><F90/><W41/><G46/><T98/><D98/><U73/><E73/><V53/><F53/><W54/><G54/><T133/><D133/><U86/><E86/><V108/><F78/><W35/><G35/><T135/><D135/><U13/><E97/><V68/><F68/><W60/><G116/><T105/><D105/><U93/><E51/><V24/><F108/><W43/><G43/><T75/><D50/><U70/><E70/><V42/><F42/><W49/><G49/><T115/><D129/><U99/><E3/><V114/><F114/><W76/><G76/><T15/><D62/><N who="3" m="23593" /><G65/><T91/><D74/><U40/><E40/><V31/><F126/><W58/><G58/><T125/><D56/><U82/><E82/><V32/><AGARI ba="1,1" hai="0,6,10,24,25,28,31,32,34,121,122" m="41483" machi="32" ten="30,7900,0" yaku="14,1,23,1,34,2" doraHai="131" who="2" fromWho="2" sc="262,-21,138,-21,240,92,350,-40" />
</Scene>
<Scene>
<INIT seed="4,0,0,2,3,66" ten="241,117,332,310" oya="0" hai0="120,131,53,62,29,56,113,5,123,36,108,114,87" hai1="85,76,95,83,0,84,60,81,32,105,125,86,119" hai2="78,73,46,94,68,91,4,26,1,132,133,55,47" hai3="39,96,93,17,57,64,71,3,134,19,104,72,111"/><T115/><D5/><U61/><E32/><V100/><F100/><W127/><G104/><T130/><D29/><U122/><E0/><V80/><F55/><W52/><G72/><T112/><D87/><U106/><E122/><N who="0" m="46633" /><D113/><U22/><E119/><V118/><F118/><W117/><G117/><T70/><D36/><U44/><E44/><V21/><F4/><W116/><G116/><T58/><D108/><U101/><E22/><V40/><F1/><W67/><G39/><T48/><D70/><U41/><E41/><V121/><F68/><W33/><G3/><T35/><D35/><U23/><E23/><V109/><F109/><W79/><G33/><T90/><D90/><N who="1" m="53719" /><E61/><V24/><F121/><W74/><G71/><T43/><D43/><U124/><E60/><V50/><F26/><W10/><G74/><T49/><D49/><U28/><E28/><V128/><F24/><W25/><G25/><T34/><D34/><U65/><E65/><AGARI ba="0,0" hai="48,53,56,58,62,65,112,114,115,130,131" m="46633" machi="65" ten="40,7700,0" yaku="15,1,34,2" doraHai="66" who="0" fromWho="1" sc="241,77,117,-77,332,0,310,0" />
</Scene>
<Scene>
<INIT seed="4,1,0,0,1,3" ten="318,40,332,310" oya="0" hai0="135,88,89,129,82,46,109,23,58,84,26,101,79" hai1="45,71,49,35,97,67,93,128,8,32,76,55,103" hai2="124,66,117,111,92,47,95,50,13,90,114,41,54" hai3="15,12,7,31,63,44,61,132,118,106,83,10,120"/><T56/><D129/><U125/><E128/><V19/><F111/><W2/><G118/><T6/><D109/><U64/><E125/><V18/><F124/><W37/><G106/><T99/><D135/><U108/><E76/><V78/><F117/><W25/><G132/><T53/><D46/><U74/><E74/><V86/><F114/><W91/><G120/><T110/><D110/><U24/><E108/><V34/><F34/><W51/><G37/><T133/><D56/><U60/><E67/><V42/><F66/><W48/><G2/><T121/><D121/><U21/><REACH who="1" step="1"/><E8/><REACH who="1" ten="318,30,332,310" step="2"/><V5/><F78/><W81/><G61/><T29/><D133/><U102/><E102/><V72/><F72/><W131/><G63/><T77/><D77/><U38/><E38/><V0/><F90/><W98/><G131/><T70/><D89/><U116/><E116/><V33/><F50/><W62/><G62/><T4/><D79/><U112/><E112/><V122/><F122/><W94/><G48/><N who="0" m="31015" /><D70/><U69/><E69/><V115/><F115/><W96/><G51/><T119/><D119/><U130/><E130/><V22/><F42/><W36/><G36/><T17/><D101/><U107/><E107/><V73/><F41/><W75/><G75/><T100/><D100/><U134/><E134/><V87/><F73/><W68/><G68/><T20/><D99/><U57/><E57/><V52/><F54/><W9/><G98/><T126/><D126/><U40/><E40/><V80/><F52/><W16/><G44/><T59/><D59/><U27/><E27/><AGARI ba="1,1" hai="4,6,17,20,23,26,27,29,82,84,88" m="31015" machi="27" ten="30,11600,0" yaku="8,1,52,2,54,1" doraHai="3" who="0" fromWho="1" sc="318,129,30,-119,332,0,310,0" owari="447,55.0,-89,-59.0,332,13.0,310,-9.0" />
</Scene>
</mjloggm>