<mjloggm ver="2.3"><GO type="97"/><UN n0="%E5%A4%AA%E3%81%8F%E3%81%AA%E3%81%84%E3%81%8A" n1="%E3%83%9A%E3%83%AB%E3%82%B7%E3%83%A3%E7%B5%A8%E6%AF%AF" n2="%53%68%69%6E%31%31%31%31" n3="%E3%80%93%E3%82%A2%E3%83%AB%E3%83%9F%E3%82%B0%E3%83%A9%E3%82%B9%E3%80%93" dan="13,14,13,13" rate="2007,1875,1861,1858" sx="M,M,M,M"/><TAIKYOKU oya="0"/>

<Scene>
<INIT seed="0,0,0,1,5,31" ten="250,250,250,250" oya="0" hai0="12,103,65,15,40,41,27,78,18,71,130,30,14" hai1="118,51,11,52,19,83,43,85,50,66,123,32,37" hai2="116,86,75,5,80,124,105,73,107,102,0,90,67" hai3="93,128,55,63,16,69,122,101,95,129,119,49,24"/><T117/><D117/><U125/><E123/><V62/><F124/><W57/><G119/><T113/><D113/><U33/><E118/><V46/><F116/><W84/><G122/><T4/><D130/><N who="3" m="50281" /><G101/><T10/><D78/><U112/><E112/><V91/><F46/><N who="3" m="28087" /><G69/><T97/><D65/><U25/><E37/><V132/><F132/><W108/><G108/><T20/><D71/><U94/><E43/><V64/><F64/><N who="3" m="39023" /><G84/><T96/><D96/><U59/><E66/><V17/><F17/><W47/><G47/><T82/><D82/><U72/><E125/><V21/><F21/><AGARI ba="0,0" hai="16,21,24,93,95" m="39023,28087,50281" machi="21" ten="30,2000,0" yaku="19,1,54,1" doraHai="31" who="3" fromWho="2" sc="250,0,250,0,250,-20,250,20" />
</Scene>
<Scene>
<INIT seed="1,0,0,4,5,82" ten="250,250,230,270" oya="1" hai0="0,58,134,111,103,123,46,45,108,48,22,100,119" hai1="101,20,66,40,72,13,41,120,10,121,7,127,93" hai2="28,73,61,113,37,131,24,6,102,107,49,114,71" hai3="109,115,19,125,133,59,78,9,110,35,14,18,31"/><U75/><E127/><V27/><F49/><W132/><G78/><T30/><D0/><U12/><E121/><V85/><F85/><W129/><G59/><T38/><D38/><U87/><E120/><V47/><F131/><W91/><G91/><T116/><D123/><U29/><E66/><N who="2" m="41423" /><F6/><N who="3" m="3383" /><G129/><T74/><D74/><U88/><E101/><V128/><F24/><N who="3" m="18919" /><G125/><T62/><D62/><U5/><E29/><V53/><F53/><W21/><G115/><T84/><D84/><U50/><E20/><V76/><F128/><W36/><G36/><T4/><D22/><U86/><E72/><V122/><F122/><W106/><G106/><T81/><D58/><U118/><E75/><V65/><F65/><W60/><G60/><T63/><D63/><U39/><E118/><V97/><F76/><W79/><G79/><T64/><D64/><U104/><E39/><V15/><F73/><W68/><G68/><T8/><D116/><U77/><E104/><V52/><F52/><W3/><G3/><T56/><D119/><U43/><E50/><V26/><F26/><N who="3" m="14647" /><G19/><T51/><D48/><U99/><E77/><V117/><F117/><W105/><G105/><T42/><D51/><U16/><E12/><V34/><F15/><W90/><G90/><T57/><D46/><U92/><E87/><V44/><F44/><W94/><G94/><T33/><D45/><U124/><E124/><V17/><F17/><W1/><G1/><T32/><D42/><AGARI ba="0,0" hai="27,28,34,37,42,47,97,102,107,113,114" m="41423" machi="42" ten="30,2000,0" yaku="25,1,23,1" doraHai="82" who="2" fromWho="0" sc="250,-20,250,0,230,20,270,0" />
</Scene>
<Scene>
<INIT seed="2,0,0,3,3,23" ten="230,250,250,270" oya="2" hai0="72,32,79,59,37,52,66,12,62,55,24,125,96" hai1="90,88,40,74,4,129,38,121,126,13,83,135,117" hai2="131,119,0,124,21,128,94,49,22,99,25,16,53" hai3="39,76,36,61,101,54,109,57,14,112,81,75,42"/><V103/><F119/><W116/><G116/><T80/><D37/><U107/><E117/><V58/><F0/><W41/><G101/><T8/><D125/><U132/><E121/><V70/><F70/><W133/><G109/><T43/><D43/><U106/><E38/><V1/><F1/><W77/><G76/><T98/><D98/><U63/><E40/><V60/><F124/><W45/><G133/><N who="1" m="51274" /><E4/><V28/><F49/><W10/><G112/><T87/><D72/><U7/><E126/><V6/><F6/><W35/><G35/><T108/><D96/><U19/><E7/><V65/><F53/><W114/><G114/><T15/><D108/><U47/><E47/><V18/><F18/><W20/><G20/><T51/><D8/><U17/><E63/><V97/><REACH who="2" step="1"/><F99/><REACH who="2" ten="230,250,240,270" step="2"/><W123/><G123/><T11/><D55/><U71/><E19/><V91/><F91/><N who="1" m="34857" /><E71/><V105/><F105/><N who="1" m="39945" /><E17/><V104/><F104/><W122/><G122/><T56/><REACH who="0" step="1"/><D11/><REACH who="0" ten="220,250,240,270" step="2"/><U31/><E74/><V130/><F130/><W115/><G115/><T120/><D120/><U5/><E129/><V67/><F67/><W48/><G41/><T110/><D110/><U34/><E5/><AGARI ba="0,2" hai="5,10,14,36,39,42,45,48,54,57,61,75,77,81" machi="5" ten="30,1000,0" yaku="7,1" doraHai="23" who="3" fromWho="1" sc="220,0,250,-10,240,0,270,30" />
</Scene>
<Scene>
<INIT seed="3,0,0,3,0,59" ten="220,240,240,300" oya="3" hai0="56,18,107,87,117,37,38,3,20,30,42,46,96" hai1="98,1,29,41,51,15,110,44,24,84,71,133,76" hai2="73,34,11,101,14,0,49,7,95,60,43,88,72" hai3="126,58,89,114,31,68,100,52,86,4,116,120,35"/><W94/><G68/><T23/><D117/><U112/><E1/><V36/><F34/><W26/><G116/><T32/><D3/><U127/><E71/><V124/><F36/><W80/><G120/><T104/><D38/><U65/><E112/><V27/><F124/><W22/><G114/><T78/><D32/><U111/><E127/><V129/><F129/><W109/><G109/><N who="1" m="41482" /><E133/><V130/><F130/><W77/><G4/><T92/><D30/><U125/><E125/><V69/><F101/><W61/><G126/><T8/><D8/><U9/><E98/><V91/><F91/><W10/><G10/><T79/><D23/><N who="1" m="15519" /><E65/><V132/><F132/><W119/><G119/><T85/><D79/><U118/><E118/><V108/><F108/><W12/><G35/><T28/><D28/><U128/><E128/><V131/><F131/><W50/><G12/><T105/><D78/><U63/><E76/><V5/><F27/><W67/><G100/><T83/><D83/><U99/><E84/><V70/><F70/><W2/><G2/><T66/><D66/><U19/><E99/><V102/><F102/><W17/><G31/><T134/><D134/><U75/><E75/><V121/><F121/><W64/><G50/><T74/><D74/><AGARI ba="0,0" hai="17,22,26,52,58,61,64,67,74,77,80,86,89,94" machi="74" ten="30,5800,0" yaku="7,1,52,1,54,1" doraHai="59" who="3" fromWho="0" sc="220,-58,240,0,240,0,300,58" owari="162,-34.0,240,4.0,240,-16.0,358,46.0" />
</Scene>
</mjloggm>