<mjloggm ver="2.3"><GO type="41"/><UN n0="%E7%B7%91%E9%BE%8D%E8%99%8E" n1="%E3%82%BF%E3%83%BC%E3%83%AB%EF%BC%91%EF%BC%90%EF%BD%8D%EF%BD%87" n2="%E5%A4%AA%E3%81%8F%E3%81%AA%E3%81%84%E3%81%8A" n3="%6E%61%75%73%69%6B%61" dan="13,15,15,13" rate="1819,1965,2033,1893" sx="M,M,M,M"/><TAIKYOKU oya="0"/>

<Scene>
<INIT seed="0,0,0,3,0,88" ten="250,250,250,250" oya="0" hai0="60,49,58,114,132,45,76,35,85,71,13,14,122" hai1="17,95,54,126,75,131,120,9,43,104,89,119,50" hai2="19,81,112,80,90,62,127,68,48,34,91,67,47" hai3="20,133,1,28,124,36,46,57,130,103,100,83,63"/><T109/><D35/><U61/><E119/><V7/><F112/><W125/><G1/><T4/><D114/><U129/><E120/><V65/><F34/><W23/><G83/><T33/><D122/><U27/><E104/><V107/><F107/><W78/><G78/><T86/><D33/><U8/><E75/><V69/><F7/><W44/><G36/><T79/><D71/><U25/><E126/><V92/><F127/><W98/><G130/><N who="1" m="49674" /><E43/><V41/><F19/><W31/><G133/><T22/><D132/><U30/><E61/><V116/><F116/><W108/><G108/><T96/><D109/><U32/><E17/><V42/><F62/><W37/><G37/><T2/><D2/><U66/><E66/><V38/><F38/><W55/><G124/><T12/><D4/><U77/><E77/><N who="0" m="29769" /><D22/><U6/><E27/><V111/><F111/><W70/><G70/><T113/><D113/><U10/><E6/><V118/><F118/><W11/><G11/><T3/><D3/><U5/><E5/><V53/><F69/><W82/><G125/><T64/><D96/><N who="1" m="57455" /><E10/><V29/><F68/><W16/><G23/><T52/><AGARI ba="0,0" hai="12,13,14,45,49,52,58,60,64,85,86" m="29769" machi="52" ten="30,3000,0" yaku="8,1,54,1" doraHai="88" who="0" fromWho="0" sc="250,30,250,-10,250,-10,250,-10" />
</Scene>
<Scene>
<INIT seed="0,1,0,3,4,5" ten="280,240,240,240" oya="0" hai0="43,82,107,9,63,36,16,84,92,80,120,122,64" hai1="15,105,8,108,19,14,28,97,110,1,26,104,34" hai2="58,73,38,102,130,27,115,116,109,52,75,32,135" hai3="111,48,91,78,100,117,103,124,112,46,55,65,114"/><T126/><D107/><U76/><E76/><V62/><F115/><W12/><G111/><N who="1" m="42538" /><E1/><V44/><F109/><W118/><G124/><T70/><D126/><U31/><E97/><V86/><F102/><W18/><G65/><T29/><D122/><U30/><E15/><V35/><F35/><W129/><G78/><T89/><D120/><U0/><E105/><V60/><F60/><W101/><G129/><T61/><D29/><N who="1" m="11371" /><E104/><V66/><F130/><W47/><G47/><T57/><D43/><U74/><E74/><V13/><F13/><W133/><G91/><T98/><D36/><U54/><E54/><V87/><F73/><W119/><REACH who="3" step="1"/><G133/><REACH who="3" ten="280,240,240,230" step="2"/><T10/><D70/><U90/><E90/><V51/><F135/><W83/><G83/><N who="0" m="31787" /><D64/><U72/><E72/><V77/><F75/><W131/><G131/><T96/><D57/><U88/><E88/><V113/><F77/><W56/><G56/><T20/><D98/><U59/><E0/><V22/><F66/><W24/><G24/><N who="0" m="14343" /><D84/><U68/><E59/><V95/><F86/><W42/><G42/><T94/><D94/><U4/><E68/><V67/><F87/><W79/><G79/><T128/><D128/><U85/><E85/><V39/><F95/><W93/><G93/><T50/><D50/><U11/><E4/><V33/><F51/><W106/><G106/><T134/><D134/><U41/><E41/><V6/><F39/><W99/><G99/><T121/><D121/><U17/><E17/><V40/><F67/><W2/><G2/><T123/><D123/><U7/><E7/><V71/><F6/><RYUUKYOKU ba="1,1" sc="280,10,240,10,240,-30,230,10" hai0="9,10,61,63,89,92,96" hai1="8,11,14,19,26,31,34" hai3="12,18,46,48,55,100,101,103,112,114,117,118,119" />
</Scene>
<Scene>
<INIT seed="0,2,1,3,4,91" ten="290,250,210,240" oya="0" hai0="28,66,127,79,110,82,36,53,73,44,54,129,81" hai1="24,70,64,40,13,120,123,23,93,63,15,55,34" hai2="22,0,60,80,42,106,109,135,41,37,31,90,92" hai3="19,99,59,114,76,33,18,84,10,116,38,104,77"/><T58/><D28/><U39/><E34/><V130/><F106/><W103/><G38/><T118/><D118/><U12/><E39/><V112/><F112/><W113/><G116/><T85/><D129/><U8/><E40/><V21/><F0/><W2/><G33/><T49/><D127/><U43/><E43/><V30/><F130/><W65/><G76/><T52/><D36/><U74/><E74/><V75/><F109/><W89/><G77/><T29/><D29/><U97/><E55/><V98/><F135/><W47/><G47/><T117/><D117/><U71/><E70/><V131/><F131/><W9/><G10/><T83/><D110/><U56/><E71/><V4/><F4/><W1/><G19/><T35/><D35/><U46/><E46/><V6/><F6/><W78/><G78/><T100/><D100/><U27/><E8/><V128/><F128/><W124/><G124/><T125/><D125/><U17/><REACH who="1" step="1"/><E27/><REACH who="1" ten="290,240,210,240" step="2"/><N who="2" m="16751" /><F42/><W69/><G69/><T134/><D73/><U72/><E72/><V50/><F37/><W121/><G9/><T11/><D11/><U51/><E51/><V14/><F50/><W126/><G126/><T26/><D26/><U3/><E3/><V111/><F41/><W67/><G2/><T105/><D134/><U68/><E68/><V107/><F75/><W88/><G1/><T45/><D45/><U86/><E86/><V96/><F111/><W102/><G84/><T87/><D87/><U108/><E108/><V7/><F7/><W61/><G67/><T95/><D79/><U132/><E132/><V62/><F62/><RYUUKYOKU ba="2,2" sc="290,-10,240,30,210,-10,240,-10" hai1="12,13,15,17,23,24,56,63,64,93,97,120,123" />
</Scene>
<Scene>
<INIT seed="1,3,2,1,1,64" ten="280,270,200,230" oya="1" hai0="109,5,107,4,34,14,52,20,69,110,2,9,134" hai1="76,132,86,114,17,41,50,93,106,120,118,80,10" hai2="98,58,91,97,70,28,123,121,25,27,112,29,125" hai3="32,95,131,53,22,100,83,48,57,24,51,99,130"/><U124/><E120/><V43/><F43/><W61/><G32/><T84/><D107/><U42/><E118/><V128/><F58/><W54/><G83/><T129/><D134/><U35/><E114/><V56/><F56/><W75/><G75/><T79/><D69/><U11/><E35/><V119/><F119/><W39/><G39/><T72/><D72/><U36/><E36/><V71/><F91/><W45/><REACH who="3" step="1"/><G51/><REACH who="3" ten="280,270,200,220" step="2"/><T113/><D113/><U13/><E132/><V21/><F112/><W47/><G47/><T7/><D34/><U67/><E80/><V127/><REACH who="2" step="1"/><F21/><REACH who="2" ten="280,270,190,220" step="2"/><W68/><G68/><T96/><D20/><U135/><E135/><V6/><F6/><W85/><G85/><T133/><D96/><U73/><E86/><V94/><F94/><W90/><G90/><T81/><D2/><U8/><E93/><V12/><F12/><W63/><G63/><T1/><D1/><U59/><E13/><V66/><F66/><W65/><G65/><T62/><D133/><U3/><E67/><V55/><F55/><W18/><AGARI ba="3,4" hai="18,22,24,45,48,53,54,57,61,95,99,100,130,131" machi="18" ten="30,2000,0" yaku="1,1,0,1,53,0" doraHai="64" doraHaiUra="30" who="3" fromWho="3" sc="280,-8,270,-13,190,-8,220,69" />
</Scene>
<Scene>
<INIT seed="2,0,0,0,2,67" ten="272,257,182,289" oya="2" hai0="113,93,20,85,89,37,112,90,7,6,118,19,115" hai1="45,23,125,107,119,9,99,43,98,121,18,111,135" hai2="35,91,83,126,80,11,122,5,14,71,41,127,123" hai3="47,62,34,105,58,61,73,102,96,13,15,39,88"/><V117/><F117/><W63/><G34/><T56/><D37/><U36/><E119/><V52/><F35/><W59/><G73/><T57/><D118/><U1/><E121/><N who="2" m="46091" /><F41/><W124/><G124/><N who="2" m="47657" /><F91/><W134/><G134/><T32/><D32/><U104/><E111/><V68/><F52/><W110/><G110/><T97/><D57/><U109/><E135/><V75/><F75/><W94/><G47/><T77/><D77/><U16/><E109/><V17/><F5/><W128/><G39/><T25/><REACH who="0" step="1"/><D56/><REACH who="0" ten="262,257,182,289" step="2"/><U50/><E36/><V49/><F49/><W46/><G59/><T22/><D22/><U44/><E125/><V8/><F8/><W21/><G46/><T3/><D3/><U2/><E23/><V116/><F116/><W60/><G21/><T31/><D31/><U108/><E108/><V76/><F76/><W70/><G58/><T78/><D78/><U74/><E74/><V10/><F10/><W4/><G4/><T114/><N who="0" m="28672" /><DORA hai="103" /><T65/><D65/><U81/><E9/><V38/><F38/><W100/><G63/><T27/><D27/><U132/><E132/><V48/><F48/><W69/><G62/><T129/><D129/><U120/><E120/><V106/><F106/><W92/><G128/><T30/><D30/><U84/><E50/><V24/><F24/><W53/><G105/><T33/><D33/><U26/><E26/><V87/><F87/><W0/><G61/><T64/><D64/><U55/><E84/><V12/><F12/><W28/><G60/><T54/><D54/><U29/><E29/><V95/><F14/><RYUUKYOKU ba="0,1" sc="262,30,257,-10,182,-10,289,-10" hai0="6,7,19,20,25,85,89,90,93,97" />
</Scene>
<Scene>
<INIT seed="3,1,1,4,4,45" ten="292,247,172,279" oya="3" hai0="48,112,25,129,104,42,21,22,125,122,93,19,18" hai1="26,20,40,127,69,105,10,94,77,59,8,13,35" hai2="68,124,90,108,57,64,85,31,91,36,11,60,92" hai3="29,101,113,96,87,72,32,50,80,81,0,71,109"/><W98/><G113/><T97/><D104/><U27/><E105/><V33/><F36/><W86/><G0/><T23/><D129/><U118/><E69/><V117/><F117/><W56/><G71/><T16/><D122/><U28/><E118/><V46/><F108/><W34/><G72/><T55/><D125/><U132/><E132/><V1/><F124/><W4/><G4/><T39/><D42/><U76/><E127/><V114/><F114/><W123/><G123/><T126/><D39/><U131/><E131/><V75/><F75/><W103/><G56/><N who="0" m="32871" /><D126/><U15/><E94/><V99/><F46/><W5/><G5/><T30/><D112/><U110/><E110/><V130/><F130/><W111/><G29/><T43/><D43/><U82/><E40/><V47/><F47/><W66/><G66/><T51/><D51/><AGARI ba="1,1" hai="32,34,50,51,80,81,86,87,96,98,101,103,109,111" machi="51" ten="25,9600,0" yaku="22,2,52,2" doraHai="45" who="3" fromWho="0" sc="292,-99,247,0,172,0,279,109" />
</Scene>
<Scene>
<INIT seed="3,2,0,4,5,27" ten="193,247,172,388" oya="3" hai0="87,16,119,71,104,59,113,121,125,8,120,82,102" hai1="3,94,66,73,41,83,97,132,96,43,39,14,31" hai2="105,56,98,5,4,131,23,35,106,76,86,44,122" hai3="128,75,18,22,42,101,40,80,112,9,63,95,24"/><W134/><G112/><T133/><D104/><U53/><E3/><V1/><F35/><W38/><G38/><T57/><D71/><U88/><E132/><V54/><F131/><W29/><G134/><T93/><D133/><U85/><E66/><V48/><F122/><W72/><G128/><T79/><D125/><U30/><E39/><V13/><F1/><W69/><G69/><T70/><D70/><U34/><E34/><V32/><F32/><W135/><G135/><T107/><D107/><U99/><E73/><V15/><F106/><W2/><G2/><T49/><D119/><U55/><E83/><N who="2" m="47463" /><F105/><W92/><G63/><T45/><D113/><U116/><E116/><V62/><F98/><W25/><G9/><T11/><D11/><U67/><E67/><N who="2" m="39367" /><F23/><W60/><G75/><T110/><D110/><U12/><E43/><V111/><F111/><W52/><G72/><T124/><D124/><U100/><E41/><N who="3" m="15978" /><G80/><T89/><D102/><U68/><E68/><V114/><F114/><W46/><G101/><T50/><D50/><U91/><E91/><V103/><F103/><W58/><G46/><T37/><D37/><U33/><E33/><V129/><F129/><W78/><G78/><T20/><D8/><U19/><E100/><V108/><F108/><W21/><AGARI ba="2,0" hai="18,21,22,24,25,29,52,58,60,92,95" m="15978" machi="21" ten="30,6000,0" yaku="8,1,52,1,54,1" doraHai="27" who="3" fromWho="3" sc="193,-22,247,-22,172,-22,388,66" />
</Scene>
<Scene>
<INIT seed="3,3,0,5,5,128" ten="171,225,150,454" oya="3" hai0="15,11,27,37,101,41,95,77,71,126,98,70,122" hai1="7,55,29,57,99,69,23,13,42,48,111,35,85" hai2="83,68,56,63,112,26,120,109,5,100,76,3,89" hai3="106,18,46,104,131,114,127,31,124,105,82,36,66"/><W93/><G114/><T116/><D126/><N who="3" m="48169" /><G66/><T60/><D122/><U9/><E69/><V107/><F112/><W58/><G131/><T79/><D116/><U65/><E65/><V49/><F120/><W84/><G31/><T108/><D108/><U4/><E111/><V47/><F109/><W78/><G36/><T134/><D134/><U102/><E35/><V103/><F68/><W73/><G46/><T53/><D71/><U54/><E85/><V51/><F89/><N who="3" m="53415" /><G18/><T44/><D27/><U90/><E42/><V33/><F33/><W2/><G58/><T62/><D70/><U94/><E102/><V67/><F26/><W10/><G10/><T8/><D8/><U119/><E119/><V39/><F39/><W59/><G59/><T61/><REACH who="0" step="1"/><D53/><REACH who="0" ten="161,225,150,454" step="2"/><U20/><E55/><V132/><F67/><W30/><G30/><T34/><D34/><U21/><REACH who="1" step="1"/><E29/><REACH who="1" ten="161,215,150,454" step="2"/><V130/><F130/><W19/><G19/><AGARI ba="3,2" hai="11,15,19,37,41,44,60,61,62,77,79,95,98,101" machi="19" ten="40,2600,0" yaku="1,1,53,1" doraHai="128" doraHaiUra="88" who="0" fromWho="3" sc="161,55,215,0,150,0,454,-35" /><AGARI ba="3,0" hai="4,7,9,13,19,20,21,23,48,54,57,90,94,99" machi="19" ten="40,8000,1" yaku="1,1,2,1,8,1,53,1" doraHai="128" doraHaiUra="88" who="1" fromWho="3" sc="216,0,215,80,150,0,419,-80" />
</Scene>
<Scene>
<INIT seed="4,0,0,4,5,0" ten="216,295,150,339" oya="0" hai0="65,42,110,7,21,115,70,55,14,12,52,97,36" hai1="61,46,38,53,135,121,2,30,118,26,83,25,79" hai2="107,11,48,63,51,132,124,81,96,45,91,60,86" hai3="27,111,84,71,120,8,22,18,119,100,17,58,87"/><T85/><D36/><U133/><E121/><V128/><F124/><W117/><G120/><T44/><D115/><U72/><E118/><V114/><F114/><W41/><G71/><T76/><D110/><U66/><E2/><V4/><F128/><W113/><G111/><T102/><D65/><U80/><E83/><V24/><F132/><W127/><G113/><T19/><D70/><U54/><E26/><V75/><F75/><W47/><G127/><T10/><D97/><U104/><E104/><V103/><F24/><W32/><G32/><T31/><D102/><U34/><E46/><V15/><REACH who="2" step="1"/><F51/><REACH who="2" ten="216,295,140,339" step="2"/><W35/><G119/><T50/><D31/><U131/><E131/><V59/><F59/><W112/><G58/><T57/><D57/><N who="1" m="37167" /><E38/><V88/><F88/><W134/><G112/><T74/><D74/><U39/><E39/><V29/><F29/><W89/><G117/><T90/><D76/><U37/><E37/><V105/><F105/><W16/><G100/><T43/><D43/><AGARI ba="0,1" hai="4,11,15,43,45,48,60,63,81,86,91,96,103,107" machi="43" ten="30,7700,0" yaku="1,1,7,1,52,1,53,1" doraHai="0" doraHaiUra="95" who="2" fromWho="0" sc="216,-77,295,0,140,87,339,0" />
</Scene>
<Scene>
<INIT seed="5,0,0,0,3,79" ten="139,295,227,339" oya="1" hai0="44,7,129,91,84,21,6,5,95,134,106,81,16" hai1="20,14,42,2,82,87,34,60,13,100,41,122,104" hai2="103,80,37,119,18,112,105,120,73,126,101,96,49" hai3="1,68,28,47,27,43,53,17,128,26,83,62,35"/><U52/><E122/><V12/><F120/><W88/><G128/><T39/><D129/><U135/><E2/><V63/><F119/><W67/><G1/><T30/><D106/><U23/><E34/><V115/><F37/><W72/><G26/><T50/><D134/><U51/><E104/><V32/><F32/><W55/><G17/><T110/><D30/><U109/><E135/><V45/><F126/><W61/><G61/><T66/><D39/><U58/><E100/><V38/><F38/><W3/><G88/><T77/><D66/><N who="1" m="39191" /><E109/><V90/><F63/><W56/><G3/><T116/><D110/><U76/><E14/><V133/><F133/><W93/><G93/><T9/><D116/><U74/><E74/><V111/><F111/><W117/><G117/><T108/><D108/><U0/><E0/><V121/><F121/><W92/><G92/><T11/><D77/><U46/><E23/><V132/><F132/><W85/><G72/><T48/><D95/><U57/><E46/><V130/><F130/><W118/><G118/><T25/><D50/><U99/><E99/><V86/><F73/><W70/><G35/><T22/><D22/><U89/><E76/><V131/><F131/><W59/><G27/><T33/><D33/><U125/><E125/><V102/><F96/><W54/><G28/><T15/><D11/><U124/><E124/><V19/><F105/><W31/><G31/><T94/><D94/><U40/><E40/><AGARI ba="0,0" hai="5,6,7,9,15,16,21,25,40,44,48,81,84,91" machi="40" ten="30,7700,0" yaku="7,1,8,1,52,1,54,1" doraHai="79" who="0" fromWho="1" sc="139,77,295,-77,227,0,339,0" />
</Scene>
<Scene>
<INIT seed="6,0,0,4,2,126" ten="216,218,227,339" oya="2" hai0="39,53,125,4,104,99,85,119,100,108,111,24,45" hai1="96,97,106,78,94,80,46,67,27,109,75,124,107" hai2="57,113,18,12,32,117,98,112,73,56,86,105,93" hai3="71,102,79,15,66,70,43,41,10,101,5,55,76"/><V131/><F117/><W82/><G71/><T72/><D108/><U133/><E109/><V20/><F73/><W35/><G35/><T81/><D111/><U29/><E124/><V1/><F1/><W62/><G55/><T130/><D125/><U65/><E65/><V64/><F32/><W3/><G3/><T40/><D24/><U95/><E67/><V120/><F120/><W36/><G36/><T134/><D119/><U116/><E46/><V89/><F64/><W8/><G8/><T103/><D103/><N who="1" m="60823" /><E116/><V9/><F9/><W0/><G15/><T59/><D134/><U58/><E58/><V48/><F131/><W25/><G25/><T60/><D4/><U42/><E42/><V23/><F23/><W19/><G19/><T88/><REACH who="0" step="1"/><D72/><REACH who="0" ten="206,218,227,339" step="2"/><U33/><E27/><V34/><F34/><W91/><G5/><T54/><D54/><U52/><E52/><V114/><F114/><W11/><G0/><T16/><D16/><U50/><E33/><V118/><F118/><W51/><G43/><T110/><D110/><U129/><E29/><V84/><F113/><W83/><G41/><T87/><D87/><U74/><E133/><V77/><F86/><W121/><G11/><T31/><D31/><U26/><E26/><V68/><F112/><W6/><G10/><T44/><D44/><U69/><E75/><V30/><F30/><W92/><G6/><T61/><D61/><U49/><E69/><V127/><F68/><W115/><G62/><T22/><D22/><U13/><E13/><N who="2" m="9295" /><F127/><W90/><G70/><T63/><D63/><U122/><E74/><RYUUKYOKU ba="0,1" sc="206,30,218,-10,227,-10,339,-10" hai0="39,40,45,53,59,60,81,85,88,99,100,104,130" />
</Scene>
<Scene>
<INIT seed="7,1,1,3,3,101" ten="236,208,217,329" oya="3" hai0="75,108,31,45,26,128,79,66,87,127,83,18,10" hai1="59,96,78,25,122,8,22,89,77,126,81,85,60" hai2="41,62,43,28,94,93,53,50,95,15,1,88,63" hai3="13,68,47,36,54,51,30,119,72,5,40,86,105"/><W11/><G72/><T23/><D128/><U44/><E122/><V117/><F117/><W134/><G119/><T102/><D108/><U124/><E44/><N who="2" m="27847" /><F1/><W12/><G30/><T120/><D127/><U99/><E8/><V46/><F28/><W70/><G105/><T82/><D120/><U29/><E126/><V76/><F76/><W3/><G134/><T104/><D45/><U16/><E29/><V58/><F46/><W90/><G13/><T114/><D114/><U112/><E112/><V129/><F129/><W123/><G123/><T100/><D100/><U49/><E49/><V32/><F32/><W64/><G64/><T42/><D42/><N who="2" m="15882" /><F15/><W48/><G36/><T116/><D66/><U20/><E20/><V55/><F62/><W37/><G37/><T113/><D113/><U27/><E27/><V71/><F71/><W69/><G3/><T107/><D102/><U14/><E14/><V121/><F121/><W4/><G5/><T21/><D10/><U111/><E111/><V57/><F57/><W52/><REACH who="3" step="1"/><G48/><REACH who="3" ten="236,208,217,319" step="2"/><T98/><D116/><U34/><E34/><V84/><AGARI ba="1,2" hai="55,58,63,84,88,93,94,95" m="15882,27847" machi="84" ten="30,2000,0" yaku="8,1,54,1" doraHai="101" who="2" fromWho="2" sc="236,-6,208,-6,217,43,319,-11" owari="230,-17.0,202,-30.0,260,6.0,308,41.0" />
</Scene>
</mjloggm>