<mjloggm ver="2.3"><GO type="169" lobby="0"/><UN n0="%E3%81%98%E3%81%9A%E3%83%BC" n1="%E5%A4%AA%E3%81%8F%E3%81%AA%E3%81%84%E3%81%8A" n2="%E3%81%B3%E3%82%8A%E3%81%B3%E3%82%8A%E2%98%86%E3%83%93%E3%83%AA%E3%83%BC" n3="%E3%81%84%E3%81%97%E3%81%97%E3%82%93%49%44%E7%B4%9B%E5%A4%B1" dan="16,18,19,17" rate="2134.83,2218.39,2243.08,2166.10" sx="M,F,M,M"/><TAIKYOKU oya="0"/>

<Scene>
<INIT seed="0,0,0,1,4,98" ten="250,250,250,250" oya="0" hai0="1,50,69,95,38,41,33,134,103,20,40,126,72" hai1="68,102,118,105,8,7,91,46,92,127,56,66,99" hai2="116,101,107,3,31,96,67,12,65,53,128,81,17" hai3="43,108,122,124,113,34,94,89,62,24,123,132,77"/><T104/><D69/><U80/><E118/><V115/><F115/><W82/><G113/><T100/><D33/><U86/><E127/><V106/><F3/><W30/><G124/><T131/><D1/><U135/><E135/><V19/><F116/><W13/><G132/><T70/><D134/><U4/><E68/><V18/><F128/><W78/><G108/><T36/><D70/><U84/><E46/><V76/><F107/><W27/><G43/><T2/><D126/><U52/><E66/><V111/><F111/><W49/><G78/><T63/><D2/><U16/><E86/><V55/><F31/><W21/><G13/><T42/><D104/><U129/><E129/><V133/><F133/><W87/><G49/><T5/><D72/><U88/><E91/><V54/><REACH who="2" step="1"/><F12/><REACH who="2" ten="250,250,240,250" step="2"/><W60/><G123/><T14/><D131/><U58/><E105/><V10/><F10/><W25/><G122/><T9/><D14/><N who="1" m="7239" /><E56/><V29/><F29/><W47/><G27/><T97/><D38/><U45/><E45/><V117/><F117/><W35/><G47/><T6/><D36/><U32/><E32/><V51/><F51/><AGARI ba="0,1" hai="4,7,51,52,58,80,84,88,92,99,102" m="7239" machi="51" ten="30,8000,1" yaku="8,1,52,1,54,3" doraHai="98" who="1" fromWho="2" sc="250,0,250,90,240,-80,250,0" />
</Scene>
<Scene>
<INIT seed="1,0,0,1,2,74" ten="250,340,160,250" oya="1" hai0="39,104,12,130,72,33,0,57,63,11,42,24,13" hai1="122,31,26,126,98,118,21,89,49,37,9,121,125" hai2="96,79,7,99,100,22,108,5,25,70,54,87,17" hai3="123,50,35,75,91,44,73,48,105,116,68,2,71"/><U29/><E37/><V60/><F108/><W66/><G35/><T101/><D130/><U53/><E118/><V107/><F99/><W43/><G2/><T41/><D0/><U133/><E133/><V109/><F109/><W20/><G105/><T67/><D72/><U6/><E98/><V46/><F70/><W36/><G116/><T81/><D39/><U14/><E89/><V69/><F69/><W124/><G75/><T93/><D104/><U128/><E128/><V1/><F1/><W16/><G73/><T106/><D106/><U117/><E117/><V3/><F3/><W64/><G123/><N who="1" m="47114" /><E53/><V83/><REACH who="2" step="1"/><F46/><REACH who="2" ten="250,340,150,250" step="2"/><W58/><G71/><T114/><D57/><AGARI ba="0,1" hai="5,7,17,22,25,54,57,60,79,83,87,96,100,107" machi="57" ten="40,5200,0" yaku="1,1,2,1,52,1,53,0" doraHai="74" doraHaiUra="135" who="2" fromWho="0" sc="250,-52,340,0,150,62,250,0" />
</Scene>
<Scene>
<INIT seed="2,0,0,5,5,119" ten="198,340,212,250" oya="2" hai0="105,120,5,12,85,131,34,16,31,25,123,42,116" hai1="86,83,99,64,49,51,18,115,43,126,29,79,77" hai2="44,9,14,46,59,1,95,135,48,72,92,132,70" hai3="133,60,63,90,111,4,73,36,98,37,55,22,124"/><V3/><F70/><W104/><G73/><T128/><D105/><U118/><E118/><V65/><F72/><W134/><G111/><T102/><D102/><U45/><E115/><V61/><F3/><W94/><G104/><T32/><D116/><U66/><E126/><V57/><F1/><W58/><G124/><T24/><D42/><U33/><E33/><V52/><F135/><N who="3" m="51723" /><G4/><T23/><D5/><U10/><E29/><V53/><F132/><W113/><G113/><T107/><D85/><U26/><E77/><V0/><F0/><W130/><G130/><N who="0" m="49707" /><D107/><U8/><E99/><V13/><F13/><W80/><G80/><T21/><D25/><U81/><E81/><V54/><F59/><N who="3" m="34943" /><G22/><T11/><D23/><N who="1" m="13687" /><E10/><V91/><F46/><W84/><G84/><T108/><D108/><U103/><E8/><V67/><F67/><AGARI ba="0,0" hai="36,37,58,63,67,90,94,98" m="34943,51723" machi="67" ten="30,1000,0" yaku="20,1" doraHai="119" who="3" fromWho="2" sc="198,0,340,0,212,-10,250,10" />
</Scene>
<Scene>
<INIT seed="3,0,0,0,2,22" ten="198,340,202,260" oya="3" hai0="47,13,111,12,81,17,84,69,107,29,51,127,103" hai1="94,104,6,32,63,61,90,70,115,65,113,134,62" hai2="77,41,50,119,44,130,82,40,2,33,31,132,92" hai3="95,131,100,68,8,53,46,97,72,36,3,79,21"/><W49/><G68/><T45/><D69/><U19/><E104/><V14/><F119/><W56/><G131/><T7/><D111/><U91/><E32/><V109/><F2/><W93/><G72/><T106/><D127/><U59/><E134/><V26/><F109/><W78/><G93/><T123/><D123/><U129/><E129/><V0/><F0/><W88/><G100/><T60/><D60/><U117/><E117/><V5/><F130/><W86/><G97/><T1/><D1/><U15/><E6/><V80/><F132/><W23/><G3/><T66/><D66/><U11/><E63/><V37/><F92/><W30/><G8/><T38/><D38/><U71/><E91/><V73/><F82/><W28/><G23/><T83/><D103/><U120/><E120/><V52/><F37/><W48/><G36/><T74/><D74/><U43/><E43/><V18/><REACH who="2" step="1"/><F5/><REACH who="2" ten="198,340,192,260" step="2"/><W114/><G114/><T57/><D7/><U96/><E71/><V98/><F98/><W101/><G101/><T25/><D83/><U125/><E125/><V105/><F105/><W122/><G122/><T42/><D81/><U126/><E126/><V135/><F135/><W55/><G30/><T20/><D29/><U124/><E124/><V112/><F112/><W99/><G99/><T24/><D107/><U110/><E110/><V118/><F118/><W85/><G85/><T64/><D84/><U128/><E128/><V102/><F102/><W75/><G75/><T108/><D106/><U9/><E113/><V4/><F4/><W89/><G89/><T87/><D108/><RYUUKYOKU ba="0,1" sc="198,-15,340,-15,192,15,260,15" hai2="14,18,26,31,33,40,41,44,50,52,73,77,80" hai3="21,28,46,48,49,53,55,56,78,79,86,88,95" />
</Scene>
<Scene>
<INIT seed="3,1,1,3,4,135" ten="183,325,207,275" oya="3" hai0="83,119,65,106,46,116,67,13,29,9,87,94,71" hai1="18,98,16,58,56,47,88,112,21,2,125,93,42" hai2="0,120,121,99,59,57,97,108,102,96,126,91,39" hai3="26,30,134,113,14,62,75,72,117,105,92,81,5"/><W25/><G105/><T133/><D106/><U1/><E112/><V111/><F0/><W45/><G117/><T74/><D133/><U51/><E125/><V54/><F39/><W86/><G113/><T84/><D74/><U15/><E2/><V53/><F91/><W73/><G134/><T35/><D46/><U109/><E1/><V114/><F114/><W85/><G62/><T100/><D29/><U17/><E109/><N who="2" m="42059" /><F102/><W130/><G130/><T110/><D110/><U123/><E123/><N who="2" m="47179" /><F126/><W4/><G92/><T129/><D94/><U22/><E17/><V6/><F6/><W104/><G104/><T11/><D100/><U68/><E68/><V43/><F43/><W63/><G86/><T20/><D129/><U128/><E128/><V8/><F8/><W95/><G95/><T7/><D71/><U76/><E76/><V40/><F40/><W41/><G63/><T55/><D7/><U48/><E51/><V90/><F90/><W12/><G5/><T78/><D78/><U28/><E28/><V115/><F115/><W33/><G4/><T80/><D119/><U103/><REACH who="1" step="1"/><E103/><REACH who="1" ten="183,315,207,275" step="2"/><V132/><F132/><W34/><G30/><T32/><D116/><U77/><E77/><V19/><F19/><W50/><G50/><T38/><D38/><U118/><E118/><V44/><F44/><W49/><G49/><T24/><D83/><U124/><E124/><V69/><F69/><W60/><G45/><T10/><D80/><U36/><E36/><V82/><F82/><W79/><G81/><T66/><D35/><U52/><E52/><AGARI ba="1,2" hai="52,53,54,57,59,96,97,99" m="47179,42059" machi="52" ten="40,8000,1" yaku="28,2,14,1,13,1,54,1" doraHai="135" who="2" fromWho="1" sc="183,0,315,-83,207,103,275,0" />
</Scene>
<Scene>
<INIT seed="4,0,0,0,0,125" ten="183,232,310,275" oya="0" hai0="57,32,23,66,130,4,43,91,120,110,22,20,9" hai1="55,47,102,51,129,31,112,3,42,60,68,106,133" hai2="83,36,45,27,30,34,61,134,96,81,1,98,2" hai3="41,123,94,16,113,135,101,24,87,118,99,132,19"/><T54/><D120/><U59/><E3/><V11/><F134/><W14/><G118/><T44/><D32/><U103/><E133/><N who="3" m="51274" /><G123/><T77/><D66/><U5/><E106/><V69/><F2/><W95/><G41/><T67/><D67/><U52/><E68/><V63/><F69/><W97/><G87/><T10/><D110/><U71/><E71/><V46/><F98/><W127/><G127/><T18/><D77/><U35/><E5/><V84/><F96/><W21/><G113/><T82/><D82/><U108/><E108/><V104/><F104/><N who="3" m="63535" /><G99/><T107/><D107/><U80/><E112/><V76/><F83/><W33/><G33/><T124/><D124/><U17/><E80/><V100/><F100/><W89/><G89/><T126/><D91/><U37/><E103/><V53/><F36/><W109/><G109/><T105/><D105/><U8/><E102/><V13/><F81/><W85/><G85/><T25/><D126/><U6/><E35/><V58/><F84/><W70/><G70/><T48/><D4/><U7/><E37/><V111/><F76/><W92/><G14/><N who="0" m="7511" /><D25/><U128/><E42/><V75/><F111/><W73/><G73/><T39/><D9/><U38/><E38/><V116/><F75/><W79/><G79/><T28/><D28/><AGARI ba="0,0" hai="16,19,21,24,28,92,94,95" m="63535,51274" machi="28" ten="30,2000,0" yaku="20,1,54,1" doraHai="125" who="3" fromWho="0" sc="183,-20,232,0,310,0,275,20" />
</Scene>
<Scene>
<INIT seed="5,0,0,5,3,117" ten="163,232,310,295" oya="1" hai0="65,94,95,73,20,36,103,123,109,3,96,21,57" hai1="22,81,63,80,60,41,33,10,24,61,90,2,97" hai2="7,28,13,107,49,71,44,116,128,14,99,70,115" hai3="106,122,113,30,0,79,35,78,86,87,55,121,119"/><U92/><E33/><V85/><F116/><W15/><G0/><T43/><D73/><U118/><E118/><V34/><F128/><W66/><G119/><T83/><D109/><U29/><REACH who="1" step="1"/><E41/><REACH who="1" ten="163,222,310,295" step="2"/><V131/><F131/><W5/><G35/><T58/><D43/><U101/><E101/><V124/><F34/><W4/><G113/><T37/><D103/><U52/><E52/><V40/><F40/><W68/><G55/><T47/><D65/><U98/><E98/><V69/><F99/><W108/><G66/><T32/><D32/><U82/><E82/><V26/><F115/><W12/><G108/><T31/><D96/><U125/><E125/><V54/><F124/><W111/><G111/><T114/><D83/><U105/><E105/><V17/><F107/><W130/><G106/><T19/><D114/><U88/><E88/><V72/><F54/><W67/><G67/><T9/><D37/><U100/><E100/><V76/><F76/><W16/><G130/><T46/><D36/><U129/><E129/><V84/><F71/><W110/><G110/><T53/><D53/><U48/><E48/><V77/><F70/><W126/><G68/><T39/><D39/><U112/><E112/><V59/><F69/><W6/><G126/><T50/><D50/><U23/><E23/><V42/><F49/><W74/><G79/><T93/><D21/><U27/><E27/><V133/><F77/><W45/><G78/><T135/><D20/><U25/><E25/><V18/><F42/><W102/><G102/><T11/><D95/><U75/><E75/><V62/><F72/><RYUUKYOKU ba="0,1" sc="163,-10,222,30,310,-10,295,-10" hai1="2,10,22,24,29,60,61,63,80,81,90,92,97" />
</Scene>
<Scene>
<INIT seed="5,1,1,1,5,27" ten="153,252,300,285" oya="1" hai0="109,63,12,76,122,29,117,64,17,9,92,87,128" hai1="81,24,126,47,131,105,31,71,34,56,70,1,101" hai2="107,10,73,8,20,48,80,82,127,83,46,125,15" hai3="132,58,39,36,84,35,110,74,69,54,21,75,59"/><U38/><E56/><V60/><F107/><W45/><G35/><T61/><D117/><U93/><E93/><V114/><F73/><W124/><G110/><T116/><D109/><U49/><E126/><N who="2" m="48139" /><F114/><W99/><G69/><T37/><D116/><U96/><E131/><V129/><F129/><W119/><G59/><T32/><D128/><U67/><E1/><V65/><F20/><W6/><G58/><T88/><D37/><U51/><E81/><V86/><F86/><W94/><G84/><T0/><D122/><U62/><E70/><N who="2" m="42279" /><F15/><W100/><G75/><T135/><D135/><U50/><REACH who="1" step="1"/><E38/><REACH who="1" ten="153,242,300,285" step="2"/><V97/><F83/><W30/><G39/><T55/><D0/><U4/><E4/><V53/><F82/><W57/><G6/><T113/><D113/><U11/><E11/><V43/><F80/><W133/><G36/><T98/><D9/><U115/><E115/><V3/><F3/><W13/><G124/><T89/><D92/><U18/><E18/><V77/><F8/><W28/><G94/><T66/><D17/><U102/><E102/><V44/><F10/><W95/><G100/><T111/><D111/><U23/><E23/><V103/><F103/><W112/><G95/><T52/><D87/><U14/><E14/><V19/><F19/><W104/><G13/><T33/><D12/><U106/><E106/><V123/><F97/><W108/><G99/><T16/><D98/><U42/><AGARI ba="1,2" hai="24,31,34,42,47,49,50,51,62,67,71,96,101,105" machi="42" ten="20,18000,2" yaku="1,1,0,1,7,1,25,2,52,1,53,0" doraHai="27" doraHaiUra="68" who="1" fromWho="1" sc="153,-61,242,203,300,-61,285,-61" />
</Scene>
<Scene>
<INIT seed="5,2,0,4,0,38" ten="92,445,239,224" oya="1" hai0="29,3,1,126,77,112,40,99,28,103,111,121,118" hai1="57,30,53,127,70,135,86,56,82,19,85,93,2" hai2="68,16,63,94,7,73,35,36,5,59,79,0,100" hai3="80,87,42,75,71,78,10,74,129,131,25,133,58"/><U15/><E70/><V84/><F35/><W66/><G71/><T65/><D118/><U17/><E2/><V109/><F109/><W120/><G120/><T89/><D111/><U14/><E127/><V37/><F68/><W101/><G133/><T67/><D126/><U6/><E135/><V97/><F73/><W43/><G101/><T122/><D103/><U11/><E30/><V102/><F0/><W95/><G10/><T39/><D39/><U108/><E108/><V105/><F36/><W88/><G75/><T115/><D99/><U55/><E93/><V26/><F37/><W50/><G25/><T49/><D49/><N who="1" m="30767" /><E14/><V34/><F102/><W125/><G125/><T8/><D8/><U128/><E128/><N who="3" m="49226" /><G50/><T98/><D98/><U107/><E107/><V44/><F34/><W116/><G116/><T114/><D115/><U48/><E86/><V51/><F105/><W83/><G95/><T12/><D12/><U91/><AGARI ba="2,0" hai="6,11,15,17,19,48,55,57,82,85,91" m="30767" machi="91" ten="30,1500,0" yaku="8,1" doraHai="38" who="1" fromWho="1" sc="92,-7,445,21,239,-7,224,-7" />
</Scene>
<Scene>
<INIT seed="5,3,0,5,4,35" ten="85,466,232,217" oya="1" hai0="13,110,81,53,19,18,97,71,86,73,83,46,67" hai1="114,10,39,101,32,99,61,63,96,74,104,85,111" hai2="23,130,105,5,80,128,26,64,129,103,82,9,108" hai3="11,28,66,38,15,123,87,49,122,135,88,78,56"/><U91/><E74/><V50/><F108/><W89/><G38/><T133/><D110/><U8/><E111/><V60/><F50/><W98/><G135/><T41/><D133/><U34/><E39/><V58/><F103/><W100/><G28/><T29/><D29/><U24/><E114/><V69/><F105/><W45/><G78/><T1/><D97/><U31/><E34/><V51/><F51/><W131/><G131/><T42/><D67/><U16/><E96/><V30/><REACH who="2" step="1"/><F69/><REACH who="2" ten="85,466,222,217" step="2"/><W107/><G107/><T0/><D71/><U47/><E104/><V118/><F118/><W119/><G49/><T55/><D73/><U95/><E101/><V79/><F79/><W7/><G100/><T115/><D115/><U112/><E112/><V43/><F43/><W84/><G119/><T70/><D70/><U93/><E91/><V27/><F27/><W77/><G89/><T65/><D46/><U6/><E24/><V17/><F17/><W102/><G88/><T3/><D65/><U72/><E16/><N who="0" m="6185" /><D86/><U33/><E85/><V21/><F21/><W92/><G87/><T59/><D59/><U132/><E47/><V125/><F125/><W94/><G45/><T14/><D42/><U124/><E72/><V113/><F113/><W134/><G134/><T75/><D75/><U109/><E132/><V126/><F126/><W4/><G84/><T12/><D41/><U54/><E124/><V127/><F127/><W37/><G98/><T90/><D90/><U116/><E109/><V120/><F120/><W25/><G123/><T106/><D106/><U121/><E116/><RYUUKYOKU ba="3,1" sc="85,15,466,-15,222,15,217,-15" hai0="0,1,3,12,13,14,53,55,81,83" hai2="5,9,23,26,30,58,60,64,80,82,128,129,130" />
</Scene>
<Scene>
<INIT seed="6,4,1,4,4,65" ten="100,451,237,202" oya="2" hai0="31,134,46,87,105,73,123,24,12,7,81,49,126" hai1="22,28,77,37,96,115,59,113,44,6,41,68,9" hai2="35,18,16,30,118,135,43,92,20,94,109,128,62" hai3="34,48,75,98,110,107,8,119,45,132,120,63,71"/><V82/><F118/><W79/><G119/><T39/><D123/><U14/><E68/><V53/><F128/><W97/><G120/><T19/><D105/><U86/><E96/><V131/><F131/><W74/><G110/><T56/><D73/><U124/><E124/><V1/><F1/><W102/><G132/><T127/><D134/><U130/><E130/><V69/><F135/><W55/><G34/><T66/><D39/><U40/><E40/><V13/><F109/><W91/><G79/><T121/><D121/><U64/><E64/><V32/><F43/><W26/><G26/><T42/><D56/><U67/><E67/><V99/><F30/><W4/><G71/><T38/><D38/><U125/><E59/><N who="2" m="35183" /><F69/><W54/><G63/><T5/><D66/><U3/><E125/><V72/><F72/><W106/><G55/><T2/><D2/><U11/><E28/><V61/><F61/><W104/><G91/><T36/><D36/><U10/><E115/><V93/><F99/><W0/><G107/><T50/><D50/><U78/><E113/><V95/><F35/><W58/><REACH who="3" step="1"/><G45/><REACH who="3" ten="100,451,237,192" step="2"/><T111/><D111/><U88/><E44/><V90/><F32/><W60/><G60/><T23/><D127/><U117/><E117/><V27/><F90/><W17/><G17/><T51/><D126/><U70/><E88/><V52/><F18/><W116/><G116/><T76/><D51/><U85/><E70/><V84/><F52/><W29/><G29/><T33/><AGARI ba="4,2" hai="5,7,12,19,23,24,31,33,42,46,49,76,81,87" machi="33" ten="20,1500,0" yaku="0,1,7,1" doraHai="65" who="0" fromWho="0" sc="100,47,451,-8,237,-11,192,-8" />
</Scene>
<Scene>
<INIT seed="7,0,0,5,1,75" ten="147,443,226,184" oya="3" hai0="111,44,61,41,62,57,25,73,70,118,104,125,131" hai1="66,38,109,13,5,71,80,22,87,116,29,96,60" hai2="35,24,112,67,16,47,95,102,91,133,36,76,78" hai3="110,37,101,92,6,79,7,20,135,97,86,123,26"/><W107/><G123/><T33/><D118/><U30/><E109/><V23/><F112/><W14/><G110/><T115/><D111/><U82/><E38/><V128/><F128/><W64/><G37/><T68/><D115/><U126/><E116/><V50/><F36/><W46/><G135/><T129/><D104/><U21/><E126/><V17/><F35/><W119/><G119/><T132/><D73/><U43/><E43/><V40/><F102/><W45/><G64/><N who="0" m="38959" /><D33/><U117/><E96/><V56/><F133/><W106/><G106/><T134/><D25/><U124/><E124/><V69/><F69/><N who="0" m="26730" /><D125/><U90/><E117/><V74/><F74/><W42/><G107/><T9/><D9/><U59/><E71/><V98/><F17/><W88/><G101/><T58/><D44/><U130/><E130/><N who="0" m="49673" /><D41/><U72/><E60/><AGARI ba="0,0" hai="16,23,24,40,47,50,56,60,67,76,78,91,95,98" machi="60" ten="40,8000,1" yaku="8,1,52,2,54,1" doraHai="75" who="2" fromWho="1" sc="147,0,443,-80,226,80,184,0" owari="147,-35.0,363,46.0,306,11.0,184,-22.0" />
</Scene>
</mjloggm>