<mjloggm ver="2.3"><GO type="97"/><UN n0="%E8%AA%AD%E3%82%81%E3%81%BE%E3%81%9B%E3%82%93" n1="%75%64%70%5F%64%75%63%6B" n2="%CE%B4%D0%BE%D1%8F%D1%8F%D1%83%22" n3="%E5%A4%AA%E3%81%8F%E3%81%AA%E3%81%84%E3%81%8A" dan="14,15,14,13" rate="1824,2023,1916,1969" sx="M,M,M,M"/><TAIKYOKU oya="0"/>

<Scene>
<INIT seed="0,0,0,3,5,11" ten="250,250,250,250" oya="0" hai0="73,22,61,32,50,116,102,125,6,47,28,40,134" hai1="89,106,77,105,54,13,80,20,135,16,14,7,36" hai2="21,31,133,95,115,53,9,1,109,15,92,12,68" hai3="69,112,2,57,43,38,26,10,117,111,127,59,56"/><T39/><D116/><U119/><E119/><V55/><F115/><W63/><G117/><T48/><D73/><U18/><E7/><V104/><F104/><W118/><G118/><T84/><D32/><U107/><E36/><V46/><F68/><W75/><G112/><T76/><D134/><U51/><E89/><V33/><F33/><W97/><G75/><T42/><D125/><U72/><E135/><V90/><F133/><W108/><G97/><T123/><D123/><U87/><E72/><V82/><F109/><N who="3" m="42059" /><G26/><T30/><D102/><U131/><E131/><V3/><F82/><W74/><G74/><T35/><D61/><U19/><REACH who="1" step="1"/><E20/><REACH who="1" ten="250,240,250,250" step="2"/><V67/><F21/><W114/><G114/><T81/><D6/><U4/><E4/><V64/><F90/><W103/><G38/><T86/><D22/><U128/><E128/><V27/><F9/><W93/><G10/><T129/><D35/><U49/><E49/><V0/><F0/><W8/><G8/><T41/><D39/><U44/><AGARI ba="0,1" hai="13,14,16,18,19,44,51,54,77,80,87,105,106,107" machi="44" ten="40,8000,1" yaku="1,1,0,1,52,2,54,1,53,0" doraHai="11" doraHaiUra="88" who="1" fromWho="1" sc="250,-40,240,90,250,-20,250,-20" />
</Scene>
<Scene>
<INIT seed="1,0,0,5,3,92" ten="210,330,230,230" oya="1" hai0="124,72,34,126,102,50,18,30,13,110,117,14,74" hai1="100,61,71,77,67,12,56,133,104,66,85,16,78" hai2="83,1,134,48,80,91,59,46,90,43,127,39,37" hai3="70,38,11,121,120,109,57,5,114,79,106,40,97"/><U52/><E133/><V69/><F1/><N who="3" m="431" /><G57/><T19/><D117/><U122/><E122/><V53/><F134/><W84/><G84/><T25/><D102/><U32/><E32/><V112/><F112/><W60/><G79/><T24/><D74/><U7/><E7/><V132/><F132/><W0/><G0/><T27/><D72/><U9/><E67/><V113/><F127/><N who="0" m="48682" /><D110/><U8/><E8/><V103/><F113/><W63/><G63/><T62/><D62/><U123/><E123/><V3/><F3/><W99/><G99/><T88/><D88/><U101/><E85/><V2/><F2/><W81/><G81/><T35/><D50/><U130/><E130/><V6/><F103/><N who="3" m="62831" /><G114/><T10/><D30/><U55/><E104/><V87/><F6/><W135/><G109/><T33/><D10/><U42/><E42/><V21/><F83/><W129/><G129/><T23/><D23/><U128/><E128/><V82/><F82/><W118/><G118/><T115/><D115/><U125/><E125/><V44/><F90/><W58/><G135/><T4/><D4/><U119/><E119/><V45/><F21/><W89/><G89/><T93/><D93/><U36/><E36/><V31/><F31/><W51/><G51/><T108/><D108/><U49/><E71/><V64/><F37/><W68/><G68/><T26/><N who="0" m="6656" /><DORA hai="116" /><T41/><D41/><U76/><E66/><V73/><REACH who="2" step="1"/><F73/><REACH who="2" ten="210,330,220,230" step="2"/><W20/><G20/><T22/><D22/><U105/><E105/><V47/><F47/><AGARI ba="0,1" hai="9,12,16,47,49,52,55,56,61,76,77,78,100,101" machi="47" ten="40,7700,0" yaku="8,1,54,2" doraHai="92,116" who="1" fromWho="2" sc="210,0,330,87,220,-77,230,0" />
</Scene>
<Scene>
<INIT seed="1,1,0,3,3,69" ten="210,417,143,230" oya="1" hai0="44,131,66,71,55,72,0,98,28,134,107,75,133" hai1="115,43,123,125,12,51,85,117,109,36,23,116,93" hai2="70,86,76,129,61,67,114,111,77,1,135,45,81" hai3="110,42,26,127,9,82,126,79,94,53,59,87,104"/><U88/><E36/><V52/><F129/><W105/><G110/><T101/><D0/><U103/><E115/><V96/><F114/><W65/><G65/><T112/><D112/><U56/><E123/><V132/><F1/><W130/><G130/><T108/><D108/><U121/><E121/><V118/><F111/><W90/><G42/><T27/><D131/><U50/><E103/><V106/><F77/><W30/><G9/><T10/><D10/><U92/><E109/><V122/><F122/><W8/><G8/><T91/><D91/><U54/><E125/><N who="3" m="47626" /><G53/><T83/><D55/><U80/><E117/><V84/><F84/><N who="3" m="52551" /><G59/><T99/><D99/><U63/><E116/><V5/><F118/><W100/><G100/><T46/><D46/><N who="1" m="25951" /><E63/><V14/><F5/><W38/><G38/><T15/><D44/><U113/><E113/><V29/><F14/><W102/><G102/><T120/><D15/><U13/><E13/><V41/><F41/><W24/><G24/><T25/><D120/><U78/><E78/><V11/><F11/><W119/><G119/><T58/><D27/><U21/><E21/><AGARI ba="1,0" hai="21,26,30,79,82,87,104,105" m="52551,47626" machi="21" ten="30,1000,0" yaku="18,1" doraHai="69" who="3" fromWho="1" sc="210,0,417,-13,143,0,230,13" />
</Scene>
<Scene>
<INIT seed="2,0,0,4,4,46" ten="210,404,143,243" oya="2" hai0="123,18,86,15,96,117,51,28,98,77,19,101,88" hai1="38,31,125,21,59,6,29,85,99,45,122,47,70" hai2="55,118,71,62,110,67,83,0,27,74,79,129,13" hai3="53,72,43,61,20,92,22,60,131,134,39,3,17"/><V130/><F0/><W93/><G72/><T108/><D123/><U23/><E70/><V1/><F118/><W91/><G3/><T25/><D117/><U63/><E6/><V120/><F1/><W42/><G131/><T106/><D77/><U9/><E9/><V112/><F112/><W40/><G39/><T33/><D108/><U75/><E75/><V124/><F120/><W135/><G53/><T56/><D98/><U94/><E122/><V37/><F110/><W2/><G2/><T34/><D34/><U26/><E85/><V76/><F76/><W127/><G127/><T52/><D15/><U69/><E69/><V126/><F13/><N who="3" m="9263" /><G22/><T133/><D133/><N who="3" m="50697" /><G93/><AGARI ba="0,0" hai="18,19,25,28,33,51,52,56,86,88,93,96,101,106" machi="93" ten="30,7700,0" yaku="7,1,52,1,54,2" doraHai="46" who="0" fromWho="3" sc="210,77,404,0,143,0,243,-77" />
</Scene>
<Scene>
<INIT seed="3,0,0,5,0,24" ten="287,404,143,166" oya="3" hai0="54,57,110,108,123,106,92,79,113,27,39,36,127" hai1="16,76,43,8,0,126,128,64,31,40,14,132,129" hai2="121,115,125,1,30,11,9,56,135,28,65,75,34" hai3="98,18,87,131,80,134,104,13,20,105,5,112,71"/><W10/><G112/><T4/><D123/><U68/><E0/><V37/><F75/><W97/><G71/><T59/><D106/><U111/><E111/><V89/><F37/><W53/><G131/><N who="1" m="50250" /><E132/><V78/><F78/><W101/><G134/><T19/><D113/><U52/><E126/><V72/><F72/><W49/><G98/><T74/><D127/><U70/><E31/><N who="2" m="11819" /><F115/><W66/><G66/><T124/><D124/><U116/><E116/><V118/><F125/><W15/><G104/><T23/><D4/><U44/><E76/><V42/><F121/><W119/><G119/><T41/><D79/><U73/><E73/><V86/><F118/><W69/><G69/><N who="1" m="26730" /><E64/><V103/><F34/><W2/><G2/><T100/><D74/><U117/><E117/><V99/><F1/><W38/><G38/><T25/><D41/><U102/><E102/><V82/><F42/><W3/><G3/><T22/><D100/><U29/><E29/><V130/><F135/><W32/><G32/><T7/><D92/><U96/><E96/><V109/><F109/><W77/><G49/><AGARI ba="0,0" hai="8,14,16,40,43,44,49,52" m="26730,50250" machi="49" ten="30,3900,0" yaku="19,1,54,2" doraHai="24" who="1" fromWho="3" sc="287,0,404,39,143,0,166,-39" owari="287,9.0,443,54.0,143,-26.0,127,-37.0" />
</Scene>
</mjloggm>