<mjloggm ver="2.3"><GO type="169"/><UN n0="%E3%81%B9%E3%81%A3%E3%81%93%E3%83%BC%E2%99%AA" n1="%53%45%4C%45%43%54%2A" n2="%E5%A4%AA%E3%81%8F%E3%81%AA%E3%81%84%E3%81%8A" n3="%E7%9C%9F%E9%BE%8D%E2%80%A6" dan="16,16,17,16" rate="2067,2128,2163,2037" sx="F,M,M,F"/><TAIKYOKU oya="0"/>

<Scene>
<INIT seed="0,0,0,5,5,34" ten="250,250,250,250" oya="0" hai0="88,69,67,43,134,97,3,126,22,115,65,121,79" hai1="76,9,51,85,99,110,75,42,44,8,23,113,125" hai2="95,40,27,14,58,112,20,77,109,119,10,49,70" hai3="106,66,132,19,129,94,64,80,91,4,60,107,25"/><T47/><D121/><U61/><E110/><V127/><F112/><W90/><G132/><T92/><D115/><U103/><E75/><V124/><F70/><W59/><G129/><T7/><D134/><U130/><E125/><N who="2" m="48203" /><F109/><W15/><G106/><T71/><D126/><U54/><E113/><V123/><F123/><W118/><G118/><T86/><D71/><U24/><E130/><V57/><F119/><W36/><G36/><T114/><D114/><U41/><E76/><V72/><F95/><W35/><G107/><T105/><D69/><U68/><E85/><V6/><F40/><W78/><G35/><T122/><D122/><U102/><E68/><V37/><F37/><W98/><G25/><T38/><D22/><U56/><E42/><V16/><F49/><W18/><G66/><T32/><D32/><U133/><E133/><V28/><F28/><W120/><G120/><T93/><D105/><U1/><E1/><N who="2" m="335" /><F27/><W128/><G128/><T100/><REACH who="0" step="1"/><D79/><REACH who="0" ten="240,250,250,250" step="2"/><U74/><E23/><V89/><F77/><W82/><G78/><T81/><D81/><U46/><E74/><V13/><F72/><W17/><G82/><T5/><D5/><U104/><E104/><V50/><F20/><W111/><G111/><T131/><D131/><U45/><E9/><AGARI ba="0,1" hai="3,7,9,38,43,47,65,67,86,88,92,93,97,100" machi="9" ten="40,7700,0" yaku="1,1,52,1,54,1,53,0" doraHai="34" doraHaiUra="30" who="0" fromWho="1" sc="240,87,250,-77,250,0,250,0" />
</Scene>
<Scene>
<INIT seed="0,1,0,5,4,39" ten="327,173,250,250" oya="0" hai0="115,124,90,53,106,38,68,83,126,121,122,134,21" hai1="72,30,15,48,112,73,81,8,80,58,22,62,10" hai2="113,91,4,133,45,78,55,109,57,104,50,49,130" hai3="87,123,96,75,61,71,125,25,94,9,111,51,84"/><T116/><D106/><U60/><E112/><V26/><F113/><W77/><G111/><T128/><D115/><U131/><E131/><V97/><F109/><W59/><G125/><T103/><D103/><U41/><E73/><V74/><F130/><W37/><G37/><T98/><D128/><U16/><E72/><V40/><F133/><W120/><G71/><T44/><D116/><U42/><E48/><V92/><F104/><W3/><G25/><T14/><D68/><U65/><E62/><V17/><F4/><W43/><G75/><T18/><D134/><U47/><E47/><V67/><F67/><W99/><G3/><T52/><D53/><U69/><E69/><V107/><F107/><W86/><G9/><N who="1" m="3690" /><E30/><V20/><F74/><W76/><G99/><T24/><D38/><U27/><E27/><V88/><F78/><W19/><G19/><T35/><D121/><U95/><E95/><V54/><F54/><N who="3" m="34039" /><G120/><T114/><D122/><U34/><E34/><V117/><F117/><W108/><G108/><T102/><D114/><U11/><N who="1" m="3698" /><U119/><DORA hai="110" /><E119/><V0/><F0/><W129/><G129/><T105/><D35/><U85/><E81/><V100/><AGARI ba="1,0" hai="17,20,26,40,45,49,50,55,57,88,91,92,97,100" machi="100" ten="20,8000,1" yaku="0,1,7,1,8,1,52,1,54,1" doraHai="39,110" who="2" fromWho="2" sc="327,-41,173,-21,250,83,250,-21" />
</Scene>
<Scene>
<INIT seed="1,0,0,5,1,4" ten="286,152,333,229" oya="1" hai0="120,64,33,121,21,32,126,81,51,27,12,39,22" hai1="44,97,95,52,110,50,107,19,9,69,77,123,20" hai2="15,46,108,78,96,75,58,88,129,133,45,83,101" hai3="98,71,99,5,79,74,23,62,13,14,111,56,0"/><U47/><E69/><V87/><F108/><W3/><G71/><T132/><D39/><U128/><E107/><V68/><F68/><W70/><G70/><T135/><D64/><U130/><E123/><N who="0" m="47177" /><D51/><U49/><E110/><V30/><F129/><N who="1" m="49769" /><E77/><V92/><F133/><N who="0" m="51274" /><D81/><U103/><E9/><V115/><F115/><W104/><G104/><T29/><D126/><U28/><E28/><V124/><F124/><W86/><G74/><T119/><D119/><U125/><E125/><V11/><F30/><W80/><G111/><T61/><D61/><U106/><E106/><N who="2" m="63783" /><F58/><W53/><G99/><T54/><D54/><U38/><E38/><V105/><F105/><W43/><G98/><T94/><D94/><U18/><E20/><N who="0" m="7785" /><D12/><U66/><E66/><V134/><F134/><W10/><G43/><AGARI ba="0,0" hai="18,19,43,44,47,49,50,52,95,97,103" m="49769" machi="43" ten="30,2900,0" yaku="19,1,54,1" doraHai="4" who="1" fromWho="3" sc="286,0,152,29,333,0,229,-29" />
</Scene>
<Scene>
<INIT seed="1,1,0,0,3,123" ten="286,181,333,200" oya="1" hai0="58,26,59,94,130,112,21,88,128,15,71,53,54" hai1="98,13,113,85,92,67,40,72,55,17,131,97,23" hai2="132,29,95,27,116,49,2,118,50,133,122,70,38" hai3="83,56,114,1,9,90,43,32,69,44,75,20,79"/><U16/><E72/><V89/><F38/><W51/><G114/><T77/><D71/><U39/><E113/><V66/><F2/><W57/><G69/><T96/><D77/><U87/><E131/><N who="0" m="50217" /><D15/><U125/><E125/><V24/><F122/><W0/><G32/><T78/><D78/><U107/><E107/><V81/><F81/><W7/><G0/><T121/><D121/><U35/><E35/><V46/><F66/><W109/><G90/><T102/><D102/><U52/><E67/><V124/><F70/><W129/><G129/><T31/><D112/><U64/><E64/><V74/><F74/><W19/><G109/><T6/><D6/><U33/><E33/><V8/><F8/><W18/><G19/><T61/><D58/><U126/><E126/><V25/><F124/><W28/><G28/><T4/><D4/><U37/><E13/><AGARI ba="1,0" hai="1,7,9,13,18,20,43,44,51,56,57,75,79,83" machi="13" ten="30,1000,0" yaku="7,1" doraHai="123" who="3" fromWho="1" sc="286,0,181,-13,333,0,200,13" />
</Scene>
<Scene>
<INIT seed="2,0,0,1,2,128" ten="286,168,333,213" oya="2" hai0="65,39,119,10,13,59,120,57,31,88,92,95,16" hai1="87,6,62,80,46,28,125,94,76,56,106,97,82" hai2="112,86,107,130,99,45,7,77,23,9,20,66,124" hai3="89,5,116,49,100,126,122,25,115,14,42,8,135"/><V83/><F112/><W29/><G122/><T75/><D75/><U118/><E106/><V30/><F130/><W40/><G116/><T3/><D120/><U47/><E118/><V21/><F124/><W90/><G126/><T111/><D39/><U18/><E125/><V17/><F66/><W2/><G100/><T51/><D119/><U32/><E6/><V73/><F45/><W91/><G115/><T24/><D3/><U15/><E82/><V131/><F131/><W43/><G2/><T129/><D129/><U108/><E108/><V54/><F54/><W58/><G58/><N who="0" m="22027" /><D111/><U127/><E127/><V81/><F30/><W85/><G49/><T132/><D132/><U109/><E109/><V101/><F17/><W38/><G38/><T50/><D65/><N who="1" m="39111" /><E32/><V19/><F19/><W114/><G114/><T53/><D92/><U117/><E28/><V133/><F133/><W110/><G110/><T113/><D53/><U102/><E117/><V11/><REACH who="2" step="1"/><F7/><REACH who="2" ten="286,168,323,213" step="2"/><W103/><G135/><T41/><D113/><U44/><E44/><V72/><F72/><W0/><G29/><T52/><D52/><U1/><E47/><V63/><F63/><W105/><G5/><T12/><D31/><U74/><E46/><V60/><F60/><W34/><G43/><T123/><D41/><U70/><E74/><V22/><N who="2" m="5120" /><DORA hai="96" /><V121/><F121/><W55/><G55/><T78/><D123/><U134/><E18/><V33/><F33/><W79/><G42/><T69/><D16/><U4/><E134/><V71/><F71/><W67/><G40/><T35/><D69/><RYUUKYOKU ba="0,1" sc="286,-10,168,-10,323,30,213,-10" hai2="9,11,73,77,81,83,86,99,101,107" />
</Scene>
<Scene>
<INIT seed="2,1,1,4,3,85" ten="276,158,353,203" oya="2" hai0="29,102,44,125,37,71,119,21,127,6,17,118,16" hai1="8,13,34,52,99,19,65,30,82,122,112,89,77" hai2="75,35,68,87,70,106,105,50,51,78,2,60,134" hai3="1,11,28,69,83,14,31,62,116,49,98,120,24"/><V66/><F2/><W54/><G120/><T38/><D71/><U48/><E112/><V61/><F35/><W114/><G116/><N who="0" m="44587" /><D102/><U0/><E65/><V133/><F75/><W132/><G132/><N who="2" m="50793" /><F78/><W74/><G114/><T129/><D6/><U40/><E40/><V22/><F22/><W57/><G1/><T36/><D129/><U64/><E64/><N who="2" m="40967" /><F87/><W113/><G113/><T90/><D44/><U92/><E122/><V97/><F97/><W32/><G28/><T23/><D29/><U94/><E0/><V123/><F123/><W95/><G74/><T5/><D23/><U126/><E34/><V39/><F39/><W4/><G83/><T91/><D5/><U46/><E30/><V59/><F70/><W124/><G69/><T42/><D42/><U103/><E82/><V73/><F73/><W63/><REACH who="3" step="1"/><G124/><REACH who="3" ten="276,158,353,193" step="2"/><N who="0" m="47691" /><D17/><U56/><E126/><V107/><AGARI ba="1,2" hai="50,51,59,61,66,105,106,107" m="40967,50793" machi="107" ten="40,2100,0" yaku="20,1" doraHai="85" who="2" fromWho="2" sc="276,-8,158,-8,353,44,193,-8" />
</Scene>
<Scene>
<INIT seed="2,2,0,2,5,124" ten="268,150,397,185" oya="2" hai0="22,66,105,13,115,91,40,26,80,122,18,29,97" hai1="100,30,45,134,104,125,112,117,89,62,38,127,14" hai2="118,77,35,76,64,94,54,99,36,111,7,16,107" hai3="133,15,32,56,60,46,65,81,19,2,3,67,41"/><V68/><F118/><W83/><G32/><T110/><D122/><U44/><E30/><V11/><F35/><W101/><G133/><T130/><D115/><U86/><E100/><V23/><F36/><W8/><G101/><T135/><D135/><U108/><E14/><N who="2" m="5503" /><F68/><W24/><G24/><T123/><D123/><U131/><E62/><V47/><F64/><W90/><G67/><T0/><D0/><U61/><E61/><V58/><F47/><W25/><G25/><T27/><D66/><U114/><E86/><V28/><F107/><W78/><G90/><T92/><D105/><U128/><E89/><N who="2" m="55759" /><F28/><W70/><G70/><T42/><D29/><U49/><E104/><V37/><F37/><W82/><REACH who="3" step="1"/><G78/><REACH who="3" ten="268,150,397,175" step="2"/><T121/><D121/><U95/><E134/><V87/><F77/><W33/><G33/><T1/><D91/><U116/><E38/><AGARI ba="2,1" hai="2,3,8,15,19,38,41,46,56,60,65,81,82,83" machi="38" ten="40,1300,0" yaku="1,1,53,0" doraHai="124" doraHaiUra="51" who="3" fromWho="1" sc="268,0,150,-19,397,0,175,29" />
</Scene>
<Scene>
<INIT seed="3,0,0,3,4,5" ten="268,131,397,204" oya="3" hai0="123,67,13,70,27,127,78,107,24,59,91,20,61" hai1="84,11,72,83,113,85,66,106,35,57,133,94,3" hai2="98,9,129,102,110,4,69,44,46,114,31,132,125" hai3="80,75,47,16,100,25,112,58,60,77,134,81,62"/><W92/><G112/><T118/><D118/><U42/><E106/><V28/><F114/><W21/><G134/><T105/><D123/><U38/><E35/><V26/><F69/><W130/><G130/><T122/><D122/><U76/><E113/><V2/><F129/><W52/><G81/><T99/><D127/><U23/><E133/><V32/><F132/><W53/><G47/><T108/><D78/><U68/><E68/><V36/><F125/><W55/><REACH who="3" step="1"/><G58/><REACH who="3" ten="268,131,397,194" step="2"/><T101/><D59/><U104/><E57/><V103/><F46/><W89/><G89/><T93/><D91/><U22/><E83/><V126/><F44/><W97/><AGARI ba="0,1" hai="16,21,25,52,53,55,60,62,75,77,80,92,97,100" machi="97" ten="30,11700,0" yaku="1,1,0,1,54,2,53,0" doraHai="5" doraHaiUra="34" who="3" fromWho="3" sc="268,-39,131,-39,397,-39,194,127" />
</Scene>
<Scene>
<INIT seed="3,1,0,3,0,65" ten="229,92,358,321" oya="3" hai0="26,122,89,61,92,11,119,114,77,63,44,95,68" hai1="54,96,113,40,50,102,64,22,108,51,129,70,6" hai2="78,125,98,75,133,134,126,107,112,17,131,1,18" hai3="28,62,31,16,90,34,72,67,128,103,7,45,109"/><W76/><G128/><T14/><D122/><U69/><E113/><V116/><F1/><W110/><G7/><T37/><D119/><U93/><E6/><V49/><F116/><W74/><G103/><T47/><D114/><U5/><E5/><V106/><F112/><W56/><G45/><T8/><D77/><U12/><E64/><V33/><F33/><W3/><G3/><T25/><D14/><U13/><E108/><N who="3" m="41578" /><G90/><T2/><D2/><U104/><E104/><V73/><F49/><W91/><G91/><T111/><D111/><U79/><E79/><V71/><F78/><W83/><G72/><T19/><D89/><U97/><E97/><V58/><F98/><W80/><G83/><T52/><D37/><U121/><E121/><V21/><F131/><W10/><G34/><T59/><D92/><U20/><E129/><V23/><F58/><W29/><G10/><T55/><D95/><U46/><E22/><V38/><F38/><W24/><G31/><T35/><D59/><U99/><E99/><V85/><F85/><W100/><G100/><T86/><D35/><U82/><E82/><V48/><F48/><W132/><G132/><T94/><D94/><U135/><E135/><V130/><F130/><W66/><G66/><T120/><D86/><U15/><REACH who="1" step="1"/><E20/><AGARI ba="1,0" hai="16,20,24,28,29,56,62,67,74,76,80" m="41578" machi="20" ten="30,5800,0" yaku="14,1,10,1,54,1" doraHai="65" who="3" fromWho="1" sc="229,0,92,-61,358,0,321,61" />
</Scene>
<Scene>
<INIT seed="3,2,0,2,4,4" ten="229,31,358,382" oya="3" hai0="97,24,29,118,22,102,81,13,17,63,49,113,74" hai1="68,7,50,132,32,27,73,80,76,82,77,66,47" hai2="79,128,14,71,3,37,20,40,55,0,11,21,39" hai3="88,95,26,108,124,72,103,115,64,33,116,10,67"/><W56/><G116/><T112/><D118/><U127/><E127/><V60/><F128/><W84/><G115/><N who="0" m="44107" /><D63/><U8/><E132/><V114/><F114/><W85/><G72/><T59/><D74/><U94/><E94/><V1/><F79/><W89/><G124/><T86/><D49/><U133/><E133/><V48/><F40/><W53/><G103/><T30/><D59/><U123/><E123/><V19/><F60/><W87/><G108/><T109/><D109/><U129/><E129/><V135/><F71/><W117/><G117/><T58/><D58/><U99/><E99/><V35/><F35/><W41/><G41/><T38/><D38/><U75/><E66/><V12/><F135/><W70/><G70/><T122/><D122/><U52/><E68/><V96/><F96/><W126/><G126/><T9/><D86/><U18/><E18/><V15/><F21/><W44/><G44/><T83/><D30/><U43/><E43/><V61/><F61/><W107/><G107/><AGARI ba="2,0" hai="9,13,17,22,24,29,81,83,97,102,107" m="44107" machi="107" ten="30,2000,0" yaku="11,1,52,1" doraHai="4" who="0" fromWho="3" sc="229,26,31,0,358,0,382,-26" />
</Scene>
<Scene>
<INIT seed="4,0,0,2,4,93" ten="255,31,358,356" oya="0" hai0="130,71,114,94,39,107,2,124,81,85,86,76,91" hai1="51,55,14,115,50,68,113,16,58,21,135,26,80" hai2="44,73,8,83,42,11,106,122,118,110,88,133,101" hai3="1,103,18,112,74,77,28,95,132,57,52,65,10"/><T123/><D71/><U79/><E68/><V0/><F110/><W43/><G65/><T30/><D39/><U40/><E135/><V127/><F122/><W125/><G28/><T104/><D2/><U23/><E40/><V67/><F67/><W38/><G132/><T24/><D123/><U4/><E51/><V75/><F133/><W5/><G112/><T61/><D114/><N who="1" m="43531" /><E4/><V48/><F127/><W13/><G125/><T36/><D36/><U53/><E53/><V111/><F111/><W121/><G121/><T69/><D124/><U47/><E58/><V99/><F118/><W49/><G43/><T84/><D69/><U19/><E80/><V78/><F0/><W27/><G38/><T41/><D41/><U60/><E79/><V105/><F75/><W32/><G74/><T117/><D61/><AGARI ba="0,0" hai="14,16,19,21,23,26,47,50,55,60,61" m="43531" machi="61" ten="30,3900,0" yaku="15,1,11,1,54,1" doraHai="93" who="1" fromWho="0" sc="255,-39,31,39,358,0,356,0" />
</Scene>
<Scene>
<INIT seed="5,0,0,0,1,112" ten="216,70,358,356" oya="1" hai0="8,103,66,63,29,81,39,106,23,25,33,115,132" hai1="13,67,82,84,12,61,9,30,42,95,40,75,102" hai2="20,100,93,114,104,130,1,76,18,108,51,125,79" hai3="83,5,46,78,119,86,90,80,91,43,135,127,134"/><U126/><E75/><V7/><F108/><W71/><G71/><T94/><D39/><U28/><E126/><V110/><F110/><W57/><G57/><T74/><D115/><U15/><E9/><V116/><F114/><W92/><G5/><T124/><D132/><N who="3" m="50729" /><G46/><T107/><D124/><U56/><E95/><V24/><F125/><W77/><G43/><N who="1" m="16426" /><E102/><V88/><F130/><W68/><G68/><T19/><D74/><U41/><N who="1" m="16434" /><U21/><DORA hai="97" /><E21/><V2/><F2/><W64/><G64/><T53/><D81/><N who="3" m="31305" /><G127/><T70/><D8/><U89/><AGARI ba="0,0" hai="12,13,15,28,30,56,61,67,82,84,89" m="16434" machi="89" ten="40,2100,0" yaku="8,1" doraHai="112,97" who="1" fromWho="1" sc="216,-7,70,21,358,-7,356,-7" />
</Scene>
<Scene>
<INIT seed="5,1,0,0,2,129" ten="209,91,351,349" oya="1" hai0="105,5,4,36,26,115,24,15,10,89,56,48,95" hai1="81,85,114,11,118,23,72,67,133,94,120,134,1" hai2="135,124,76,101,78,117,27,20,50,77,63,110,30" hai3="62,107,3,132,70,102,17,29,106,74,99,113,42"/><U52/><E118/><V66/><F117/><W126/><G17/><T45/><D105/><U22/><E120/><V58/><F110/><W130/><G130/><T73/><D73/><U109/><E72/><V7/><F124/><W49/><G126/><T98/><D115/><U111/><E67/><V65/><F135/><N who="1" m="51721" /><E114/><V100/><F7/><W97/><G74/><T128/><D128/><U43/><E43/><V33/><F66/><W83/><G42/><N who="0" m="24631" /><D36/><U51/><E94/><V31/><F33/><W39/><G39/><T35/><D35/><U90/><E11/><V86/><F86/><W53/><G107/><T122/><D122/><U125/><E1/><V123/><F123/><W13/><G3/><T21/><D4/><U46/><E125/><V37/><F37/><W68/><G106/><T41/><D41/><U47/><E47/><V91/><F65/><W32/><G32/><T34/><D34/><U79/><E79/><V2/><F77/><W121/><G121/><T104/><D104/><U92/><E81/><V61/><F76/><W96/><G83/><T55/><D21/><AGARI ba="1,0" hai="21,22,23,46,51,52,85,90,92,109,111" m="51721" machi="21" ten="30,12000,1" yaku="20,1,52,3,54,1" doraHai="129" who="1" fromWho="0" sc="209,-123,91,123,351,0,349,0" />
</Scene>
<Scene>
<INIT seed="5,2,0,0,0,131" ten="86,214,351,349" oya="1" hai0="86,71,122,28,66,36,40,79,56,48,113,100,94" hai1="124,81,93,91,72,123,41,53,96,63,97,50,1" hai2="42,11,134,78,119,107,99,60,25,84,38,101,0" hai3="35,85,34,89,65,103,126,92,76,44,8,88,74"/><U75/><E123/><V133/><F119/><W4/><G126/><T43/><D122/><U135/><E1/><V70/><F25/><W110/><G110/><T62/><D113/><U69/><E124/><V51/><F51/><W31/><G65/><T82/><D36/><U57/><E81/><V30/><F30/><W106/><G89/><T95/><D71/><U125/><E125/><V3/><F78/><W77/><G31/><T6/><D6/><U15/><E15/><V112/><F84/><W128/><G128/><T121/><D121/><U64/><E135/><N who="2" m="51723" /><F112/><W105/><G76/><T54/><D28/><U120/><E120/><V17/><F70/><W32/><G77/><T102/><D40/><U2/><E2/><V68/><F68/><W87/><G74/><T45/><REACH who="0" step="1"/><D43/><REACH who="0" ten="76,214,351,349" step="2"/><U130/><E130/><V22/><F42/><W46/><G4/><T104/><D104/><U80/><E41/><V59/><F38/><W26/><G106/><T132/><D132/><U14/><E69/><V21/><F3/><W18/><G105/><T20/><D20/><U33/><E33/><V73/><F0/><W13/><G32/><T55/><D55/><U114/><E53/><N who="2" m="33903" /><F73/><W47/><G35/><T83/><D83/><U108/><E80/><V49/><F49/><W37/><G37/><T115/><D115/><U24/><E50/><V90/><F22/><W7/><G34/><T116/><D116/><U29/><E75/><V27/><F11/><W58/><G8/><T19/><D19/><U109/><E109/><V23/><F21/><W9/><G9/><T117/><D117/><RYUUKYOKU ba="2,1" sc="76,15,214,-15,351,15,349,-15" hai0="45,48,54,56,62,66,79,82,86,94,95,100,102" hai2="17,23,27,90,99,101,107" />
</Scene>
<Scene>
<INIT seed="6,3,1,0,5,24" ten="91,199,366,334" oya="2" hai0="28,6,9,50,45,79,134,72,82,54,7,37,98" hai1="71,38,92,73,53,30,43,29,130,46,2,126,107" hai2="124,115,32,68,104,120,112,90,62,129,94,123,76" hai3="109,97,114,47,108,103,3,132,31,86,74,125,48"/><V16/><F104/><W39/><G3/><T83/><D134/><U81/><E107/><V100/><F32/><W122/><G39/><T44/><D98/><U55/><E71/><V26/><F76/><W80/><G122/><T51/><D82/><U84/><E130/><V105/><F129/><W23/><G74/><T119/><D119/><U40/><E40/><V12/><F124/><W89/><G125/><T69/><D69/><U1/><E126/><V36/><F36/><W91/><G132/><T133/><D133/><U20/><E92/><V93/><F26/><W113/><G91/><T110/><D110/><U99/><E99/><N who="2" m="61599" /><F62/><W49/><G97/><T88/><D88/><U96/><E96/><N who="2" m="57399" /><F68/><W19/><G103/><T57/><D37/><U18/><E73/><V5/><F5/><W87/><G47/><T127/><D127/><U15/><E2/><V70/><F70/><W128/><G128/><T131/><D131/><U61/><E1/><V52/><F52/><W101/><G101/><T106/><D106/><U42/><E42/><V78/><F78/><W111/><G87/><T63/><D6/><U11/><E55/><V35/><F94/><W14/><G48/><T66/><D45/><U33/><E33/><V4/><F35/><W67/><G49/><T10/><D7/><N who="1" m="3583" /><E53/><V95/><F4/><W64/><G31/><T59/><D28/><U34/><E34/><V22/><F95/><W58/><G58/><T116/><REACH who="0" step="1"/><D116/><REACH who="0" ten="81,199,366,334" step="2"/><U121/><E46/><V41/><F123/><W118/><G118/><T17/><D17/><U135/><E18/><V85/><F16/><RYUUKYOKU ba="3,2" sc="81,15,199,-15,366,-15,334,15" hai0="9,10,44,50,51,54,57,59,63,66,72,79,83" hai3="14,19,23,64,67,80,86,89,108,109,111,113,114" />
</Scene>
<Scene>
<INIT seed="7,4,2,4,3,39" ten="96,184,351,349" oya="3" hai0="107,99,10,64,28,81,63,80,128,33,2,59,0" hai1="25,26,53,69,102,104,22,71,32,49,11,52,43" hai2="40,65,125,68,24,130,36,61,5,30,126,37,70" hai3="75,31,93,12,84,114,89,95,124,127,21,121,1"/><W87/><G121/><T76/><D128/><U106/><E32/><N who="2" m="20551" /><F130/><W7/><G75/><T103/><D80/><U119/><E11/><V134/><F134/><W47/><G114/><T98/><D98/><U101/><E49/><V57/><F5/><W74/><G74/><T115/><D115/><U6/><E6/><V108/><F108/><W135/><G135/><T35/><D35/><U62/><E62/><N who="2" m="39991" /><F40/><W111/><G111/><T94/><D10/><U16/><E22/><V42/><F42/><W122/><G122/><T83/><D83/><U41/><E16/><V15/><F15/><W118/><G118/><AGARI ba="4,2" hai="25,26,41,43,52,53,69,71,101,102,104,106,118,119" machi="118" ten="25,8000,1" yaku="22,2,52,2,54,1" doraHai="39" who="1" fromWho="3" sc="96,0,184,112,351,0,349,-92" owari="96,-40.0,296,10.0,351,44.0,257,-14.0" />
</Scene>
</mjloggm>