<mjloggm ver="2.3"><GO type="169"/><UN n0="%68%61%67%69%31%30%32%39" n1="%E5%A4%AA%E3%81%8F%E3%81%AA%E3%81%84%E3%81%8A" n2="%E3%81%84%E3%81%97%E3%81%97%E3%82%93%49%44%E7%B4%9B%E5%A4%B1" n3="%E3%81%82%E3%81%A4%E3%81%82%E3%81%A4%E6%B9%AF%E8%B1%86%E8%85%90" dan="16,17,16,17" rate="2084,2181,2089,2170" sx="M,M,M,M"/><TAIKYOKU oya="0"/>

<Scene>
<INIT seed="0,0,0,2,0,82" ten="250,250,250,250" oya="0" hai0="106,102,11,71,29,44,57,47,103,59,24,92,80" hai1="91,79,97,96,132,125,122,21,113,100,28,62,18" hai2="117,89,2,98,109,121,65,35,53,69,130,15,6" hai3="127,72,27,16,32,110,31,20,36,55,41,119,0"/><T64/><D92/><U52/><E122/><V81/><F2/><W107/><G119/><T54/><D103/><U84/><E125/><V87/><F35/><W25/><G107/><T101/><D101/><U133/><E28/><V66/><F121/><W118/><G118/><T3/><D57/><N who="1" m="35111" /><E79/><V95/><F117/><W108/><G127/><T93/><D93/><N who="1" m="54503" /><E100/><V68/><F109/><N who="3" m="42091" /><G0/><T123/><D123/><U94/><E113/><V12/><F130/><W37/><G72/><T67/><D67/><N who="2" m="25610" /><F6/><W60/><G41/><T131/><D131/><U129/><E129/><V42/><F42/><W99/><G99/><N who="0" m="61791" /><D59/><AGARI ba="0,0" hai="16,20,25,27,31,32,36,37,55,59,60" m="42091" machi="59" ten="30,2000,0" yaku="14,1,54,1" doraHai="82" who="3" fromWho="0" sc="250,-20,250,0,250,0,250,20" />
</Scene>
<Scene>
<INIT seed="1,0,0,2,2,31" ten="230,250,250,270" oya="1" hai0="119,39,49,45,109,77,97,84,47,130,120,94,13" hai1="113,14,23,24,34,36,21,51,10,116,5,122,111" hai2="16,76,96,65,134,54,93,4,95,81,11,53,100" hai3="52,87,37,110,57,69,71,33,103,42,41,121,38"/><U107/><E36/><N who="3" m="13930" /><G103/><T132/><D119/><U62/><E107/><V82/><F134/><W74/><G87/><T114/><D114/><U124/><E116/><V27/><F65/><W123/><G33/><T68/><D68/><N who="3" m="26185" /><G74/><T86/><D109/><U131/><E113/><V92/><F82/><W6/><G6/><T63/><D132/><U59/><E122/><N who="3" m="46602" /><G110/><T26/><D120/><U20/><E111/><V118/><F118/><W108/><G108/><T60/><D13/><U8/><E8/><V67/><F67/><W117/><G117/><T129/><D26/><U101/><E101/><V7/><F7/><W9/><G9/><T61/><D39/><U22/><E34/><V2/><F27/><W12/><G12/><T126/><D77/><U30/><E22/><V102/><F16/><W79/><G79/><T128/><D84/><U43/><E21/><V72/><REACH who="2" step="1"/><F102/><REACH who="2" ten="230,250,240,270" step="2"/><W40/><G40/><N who="0" m="24743" /><D130/><U56/><E131/><V64/><F64/><W80/><G80/><T125/><D129/><U25/><E25/><V115/><F115/><W58/><G58/><T46/><D128/><U135/><E56/><V48/><F48/><AGARI ba="0,1" hai="41,42,48,52,57" m="46602,26185,13930" machi="48" ten="40,5200,0" yaku="34,2,54,1" doraHai="31" who="3" fromWho="2" sc="230,0,250,0,240,-52,270,62" />
</Scene>
<Scene>
<INIT seed="2,0,0,2,3,1" ten="230,250,188,332" oya="2" hai0="56,12,55,13,109,127,88,70,83,108,33,101,96" hai1="29,123,103,46,98,126,45,66,76,2,116,35,43" hai2="120,73,117,65,25,34,60,114,72,94,44,15,31" hai3="132,24,85,129,82,16,91,50,135,92,21,62,17"/><V104/><F117/><W49/><G129/><T47/><D70/><U112/><E116/><V20/><F120/><W36/><G36/><T87/><D33/><U9/><E112/><V28/><F104/><W122/><G122/><T128/><D128/><U61/><E123/><V125/><F114/><W89/><G62/><N who="0" m="36127" /><D47/><U10/><E76/><V14/><F125/><W124/><G124/><T131/><D127/><U37/><E46/><V107/><F107/><W86/><REACH who="3" step="1"/><G17/><REACH who="3" ten="230,250,188,322" step="2"/><T134/><D131/><U58/><E126/><V102/><F60/><W19/><G19/><T99/><D134/><AGARI ba="0,1" hai="16,21,24,49,50,82,85,86,89,91,92,132,134,135" machi="134" ten="40,5200,0" yaku="1,1,20,1,54,1,53,0" doraHai="1" doraHaiUra="111" who="3" fromWho="0" sc="230,-52,250,0,188,0,322,62" />
</Scene>
<Scene>
<INIT seed="3,0,0,0,3,102" ten="178,250,188,384" oya="3" hai0="127,61,110,116,71,94,50,60,66,13,69,15,58" hai1="88,133,95,108,101,38,25,64,16,85,59,105,106" hai2="8,114,12,45,129,19,125,48,33,11,39,112,92" hai3="86,52,70,123,117,89,77,73,36,57,31,6,30"/><W132/><G123/><T79/><D116/><U43/><E108/><V55/><F125/><W49/><G117/><T27/><D110/><U100/><E133/><V14/><F33/><W2/><G132/><T47/><D127/><U51/><E38/><V120/><F120/><W20/><G70/><T115/><D115/><U130/><E130/><V131/><F39/><W32/><G32/><T97/><D79/><U26/><E100/><V113/><REACH who="2" step="1"/><F92/><REACH who="2" ten="178,250,178,384" step="2"/><W3/><G36/><T75/><D71/><U34/><E34/><V96/><F96/><W17/><G31/><T134/><D134/><U121/><E121/><V68/><F68/><W109/><G30/><T46/><D69/><U122/><E122/><V103/><F103/><W107/><G109/><T42/><D94/><U54/><E101/><V5/><AGARI ba="0,1" hai="5,8,11,12,14,19,45,48,55,112,113,114,129,131" machi="5" ten="40,2700,0" yaku="1,1,0,1,53,0" doraHai="102" doraHaiUra="84" who="2" fromWho="2" sc="178,-7,250,-7,178,37,384,-13" />
</Scene>
<Scene>
<INIT seed="4,0,0,4,4,96" ten="171,243,215,371" oya="0" hai0="63,114,128,16,78,120,4,14,91,39,32,6,7" hai1="85,102,100,71,27,92,35,103,97,1,21,57,129" hai2="40,17,50,67,47,36,99,9,46,89,54,73,28" hai3="61,95,122,98,43,109,118,20,66,108,38,55,119"/><T34/><D39/><U106/><E71/><V79/><F28/><W69/><G20/><T123/><D78/><U131/><E1/><V101/><F67/><W25/><G25/><T3/><D63/><U64/><E35/><N who="0" m="13353" /><D91/><N who="1" m="53359" /><E57/><V81/><F89/><W5/><G95/><T117/><D117/><U84/><E64/><V135/><F135/><W15/><G98/><T124/><D124/><U10/><E10/><V45/><F45/><W133/><G43/><T110/><D128/><N who="1" m="49227" /><E84/><V82/><F79/><W11/><G66/><T76/><D76/><U42/><E42/><V13/><F73/><W75/><G69/><T23/><D114/><U31/><AGARI ba="0,0" hai="21,27,31,97,100,102,103,106" m="49227,53359" machi="31" ten="30,7900,0" yaku="19,1,52,3" doraHai="96" who="1" fromWho="1" sc="171,-39,243,79,215,-20,371,-20" />
</Scene>
<Scene>
<INIT seed="5,0,0,1,5,111" ten="132,322,195,351" oya="1" hai0="37,53,79,52,121,65,99,95,94,67,13,43,56" hai1="105,64,66,26,19,73,16,2,98,41,31,85,18" hai2="68,29,62,6,58,69,48,104,4,112,92,128,101" hai3="21,130,50,91,42,70,15,28,57,54,124,108,102"/><U103/><E73/><V22/><F104/><W20/><G108/><T132/><D121/><U55/><E2/><V75/><F75/><W34/><G70/><T72/><D132/><U118/><E118/><V23/><F69/><W10/><G124/><T129/><D129/><U12/><E41/><V80/><F68/><W74/><G74/><T127/><D127/><U122/><E122/><V39/><F39/><W9/><G130/><T134/><D134/><U133/><E133/><V90/><F128/><W38/><G34/><T89/><D43/><U3/><E3/><V8/><F80/><W36/><G102/><T25/><D37/><U81/><E55/><V60/><F101/><W110/><G110/><T45/><D25/><U117/><E12/><V32/><F32/><W61/><G38/><T96/><D45/><U116/><E66/><V63/><F58/><W131/><G36/><T17/><D79/><U78/><REACH who="1" step="1"/><E64/><REACH who="1" ten="132,312,195,351" step="2"/><V123/><F123/><W47/><G15/><T87/><D72/><U82/><E82/><V1/><F1/><W35/><G131/><T97/><D53/><U76/><E76/><V40/><F40/><W51/><G42/><T120/><D120/><U86/><E86/><V114/><F114/><W11/><G54/><T59/><D87/><U27/><E27/><V100/><F112/><W125/><G125/><T135/><D135/><U7/><E7/><V33/><F6/><W46/><G47/><T93/><D89/><U30/><E30/><V107/><F29/><W0/><G91/><T77/><D77/><U113/><E113/><V84/><F90/><RYUUKYOKU ba="0,1" sc="132,-10,312,30,195,-10,351,-10" hai1="16,18,19,26,31,78,81,85,98,103,105,116,117" />
</Scene>
<Scene>
<INIT seed="5,1,1,0,2,101" ten="122,342,185,341" oya="1" hai0="4,39,82,130,22,88,110,15,119,120,127,66,23" hai1="80,11,13,7,118,99,134,43,9,59,0,33,28" hai2="95,29,46,42,18,53,72,45,27,35,112,40,57" hai3="117,133,52,91,31,63,54,108,19,50,86,20,102"/><U56/><E118/><V38/><F72/><W123/><G108/><T77/><D119/><U21/><E134/><V30/><F112/><W8/><G117/><T84/><D110/><U94/><E43/><V78/><F78/><W83/><G123/><T135/><D39/><U14/><E80/><V109/><F109/><W68/><G133/><T71/><D135/><U103/><E33/><V97/><F18/><W51/><G68/><T5/><D120/><U115/><E115/><V121/><F30/><W17/><G102/><T6/><D130/><U93/><E93/><V131/><F131/><W124/><G124/><T69/><D127/><U65/><E65/><V12/><F12/><N who="3" m="7303" /><G31/><T32/><D32/><U79/><E79/><V37/><F121/><W55/><G63/><T81/><D66/><U96/><E96/><V104/><F104/><W1/><G1/><T132/><D132/><U26/><REACH who="1" step="1"/><E0/><REACH who="1" ten="122,332,185,341" step="2"/><V62/><F95/><W58/><G51/><T129/><D129/><U126/><E126/><V36/><F97/><W113/><G113/><T107/><D77/><U41/><E41/><V24/><F38/><W76/><G76/><T44/><D82/><U122/><E122/><V100/><F37/><W98/><G98/><T49/><D81/><U48/><E48/><V34/><F36/><W2/><G2/><T67/><D49/><U90/><E90/><V10/><F35/><W74/><G74/><T64/><D88/><U75/><E75/><V47/><F34/><W114/><G114/><T25/><D71/><U105/><E105/><V60/><F42/><W89/><G89/><RYUUKYOKU ba="1,2" sc="122,-15,332,15,185,-15,341,15" hai1="7,9,11,13,14,21,26,28,56,59,94,99,103" hai3="19,20,50,52,54,55,58,83,86,91" />
</Scene>
<Scene>
<INIT seed="5,2,2,2,4,65" ten="107,347,170,356" oya="1" hai0="111,47,135,113,133,38,121,89,132,49,82,80,37" hai1="52,25,93,1,69,4,119,60,103,134,58,51,128" hai2="31,43,63,102,83,45,42,17,117,57,120,75,62" hai3="95,12,24,9,100,16,78,86,6,22,112,90,109"/><U73/><E119/><V28/><F117/><W106/><G109/><T40/><D111/><U21/><E73/><V64/><F120/><W5/><G112/><T94/><D113/><U101/><E128/><V99/><F17/><W68/><G68/><T127/><D121/><U34/><E34/><V97/><F75/><W108/><G108/><T67/><D127/><U32/><E32/><V23/><F83/><W48/><G78/><T85/><REACH who="0" step="1"/><D67/><REACH who="0" ten="97,347,170,356" step="2"/><U61/><E134/><V115/><F115/><W66/><G66/><T41/><D41/><U104/><E52/><V74/><F43/><W122/><G122/><T54/><D54/><U124/><E124/><V8/><F42/><W53/><G106/><T76/><D76/><U131/><E104/><V71/><F64/><W3/><G100/><T0/><D0/><U27/><E1/><V81/><F102/><W33/><G3/><T91/><D91/><U7/><E101/><V114/><F114/><W116/><G116/><T87/><D87/><U26/><E103/><V14/><F74/><W59/><REACH who="3" step="1"/><G33/><REACH who="3" ten="97,347,170,346" step="2"/><T30/><D30/><AGARI ba="2,4" hai="5,6,9,12,16,22,24,30,48,53,59,86,90,95" machi="30" ten="30,8000,1" yaku="1,1,2,1,7,1,8,1,54,1,53,0" doraHai="65" doraHaiUra="110" who="3" fromWho="0" sc="97,-86,347,0,170,0,346,126" />
</Scene>
<Scene>
<INIT seed="6,0,0,5,1,84" ten="11,347,170,472" oya="2" hai0="57,64,67,92,33,69,5,112,25,40,115,89,61" hai1="80,103,127,62,104,58,10,90,60,4,81,34,132" hai2="111,3,68,91,71,121,78,51,23,126,54,20,83" hai3="42,124,135,87,52,8,110,0,14,66,43,85,19"/><V38/><F38/><W63/><G110/><T95/><D40/><U29/><E104/><V109/><F3/><W105/><G105/><T59/><D5/><U122/><E103/><V100/><F121/><W28/><G124/><T99/><D64/><U13/><E122/><V48/><F100/><W37/><G135/><T47/><D47/><U114/><E132/><V18/><F78/><W49/><G28/><T106/><D106/><U75/><E127/><V107/><F107/><W46/><G0/><T72/><D72/><U45/><E114/><V22/><F18/><W120/><G120/><T86/><D115/><U134/><E134/><V133/><F133/><W97/><G97/><T35/><D112/><U39/><E75/><V101/><F101/><W31/><G31/><T98/><D86/><N who="3" m="32777" /><G37/><T30/><REACH who="0" step="1"/><D33/><REACH who="0" ten="1,347,170,472" step="2"/><U131/><E45/><N who="2" m="27919" /><F126/><W55/><G66/><T24/><D24/><U65/><E65/><V7/><F7/><W44/><G44/><T77/><D77/><U2/><E4/><V79/><F111/><W96/><G43/><T26/><D26/><U27/><E27/><V6/><F109/><W88/><G42/><T12/><D12/><U73/><E13/><V125/><F125/><W93/><G55/><T17/><D17/><U130/><E34/><V82/><F79/><W11/><G19/><T113/><D113/><U15/><E15/><V119/><F6/><W36/><G14/><T129/><D129/><U9/><E131/><V1/><F1/><W56/><G36/><T123/><D123/><U16/><E130/><V41/><F41/><W102/><G46/><RYUUKYOKU ba="0,1" sc="1,30,347,-10,170,-10,472,-10" hai0="25,30,35,57,59,61,67,69,89,92,95,98,99" />
</Scene>
<Scene>
<INIT seed="7,1,1,4,3,59" ten="31,337,160,462" oya="3" hai0="46,77,9,50,90,54,66,35,125,1,36,133,48" hai1="34,53,113,52,45,94,27,84,102,44,92,135,83" hai2="67,131,116,124,0,114,49,5,37,16,128,117,99" hai3="120,108,118,74,104,71,107,33,32,31,112,24,75"/><W11/><G118/><N who="2" m="45673" /><F37/><W123/><G112/><T61/><D90/><U91/><E113/><V101/><F114/><W134/><G134/><T68/><D35/><U96/><E135/><V86/><F67/><W47/><G108/><T119/><D133/><U127/><E127/><V55/><F124/><W95/><G95/><T70/><D125/><U63/><E34/><V13/><F86/><W6/><G47/><N who="0" m="27935" /><D119/><U10/><E27/><V51/><F5/><W62/><G33/><T93/><D77/><U22/><E22/><V81/><F0/><N who="3" m="455" /><G75/><T78/><D93/><U73/><E10/><V64/><F81/><W8/><G8/><T98/><D78/><U110/><E110/><V89/><F89/><W97/><G74/><T65/><D98/><U126/><E126/><V4/><F4/><W7/><G7/><T109/><D9/><U3/><E3/><V76/><F76/><W21/><G21/><T18/><D18/><U12/><E73/><V111/><F16/><W72/><G72/><T69/><D1/><U106/><E12/><V20/><F13/><W23/><G23/><T100/><D100/><U57/><REACH who="1" step="1"/><E44/><REACH who="1" ten="31,327,160,462" step="2"/><V26/><F26/><N who="3" m="18551" /><G123/><T129/><D129/><U42/><E42/><V88/><F131/><W79/><G120/><T15/><D15/><U60/><E60/><V80/><F128/><W19/><G62/><N who="0" m="39991" /><D109/><U41/><E41/><V43/><F43/><W82/><G24/><T2/><D2/><U87/><E87/><V105/><F111/><W56/><G19/><T25/><D25/><U130/><E130/><V28/><F20/><W122/><G122/><RYUUKYOKU ba="1,2" sc="31,-10,327,30,160,-10,462,-10" hai1="45,52,53,57,63,83,84,91,92,94,96,102,106" owari="21,-48.0,357,16.0,150,-25.0,472,57.0" />
</Scene>
</mjloggm>