<mjloggm ver="2.3"><GO type="97"/><UN n0="%E7%AD%92%E3%80%85%E9%BA%93%E7%80%AC%E7%B9%94" n1="%E5%A4%AA%E3%81%8F%E3%81%AA%E3%81%84%E3%81%8A" n2="%E3%82%AC%E3%83%9F%E3%83%8D%E3%83%BC" n3="%E3%81%84%E3%81%A4%E3%81%8B%E3%81%AF%E9%9D%92%E5%A4%A9%E4%BA%95" dan="13,14,14,14" rate="1824,2023,1903,1932" sx="F,M,M,M"/><TAIKYOKU oya="0"/>

<Scene>
<INIT seed="0,0,0,0,4,69" ten="250,250,250,250" oya="0" hai0="35,72,45,39,10,129,84,11,1,22,94,116,32" hai1="103,109,93,92,79,6,70,9,61,111,44,62,128" hai2="16,12,59,118,52,127,68,78,58,15,20,134,96" hai3="114,54,102,73,47,2,26,82,65,64,14,48,13"/><T23/><D116/><U83/><E128/><V122/><F68/><W56/><G2/><T97/><D72/><N who="1" m="43495" /><E44/><V132/><F122/><W24/><G114/><T0/><D129/><U51/><E51/><V121/><F118/><W25/><G102/><T77/><D45/><U75/><E75/><V124/><F121/><W42/><G73/><T117/><D117/><U98/><E93/><V18/><F78/><W135/><G135/><N who="2" m="51753" /><F96/><W120/><G82/><T4/><D77/><U28/><E28/><V40/><F40/><W86/><G86/><T80/><D84/><U21/><E21/><N who="2" m="11399" /><F59/><W126/><G126/><T119/><D119/><U49/><E70/><V34/><F34/><W7/><G120/><T30/><D80/><U108/><E49/><AGARI ba="0,0" hai="15,18,20,49,52,58,124,127" m="11399,51753" machi="49" ten="30,3900,0" yaku="20,1,54,2" doraHai="69" who="2" fromWho="1" sc="250,0,250,-39,250,39,250,0" />
</Scene>
<Scene>
<INIT seed="1,0,0,5,5,10" ten="250,211,289,250" oya="1" hai0="80,128,23,56,123,82,71,34,49,125,37,77,55" hai1="9,112,101,52,73,118,46,15,108,8,4,69,74" hai2="54,105,33,60,3,113,90,42,75,97,102,66,18" hai3="28,104,116,6,111,19,21,76,68,13,81,59,41"/><U114/><E118/><V92/><F113/><W95/><G116/><T29/><D71/><U51/><E69/><V121/><F75/><W58/><G104/><T107/><D37/><U2/><E101/><V85/><F121/><W134/><G68/><T14/><D123/><U63/><E108/><V44/><F3/><W1/><G111/><T103/><D107/><U17/><REACH who="1" step="1"/><E63/><REACH who="1" ten="250,201,289,250" step="2"/><V47/><F60/><W20/><G134/><T110/><D103/><U120/><E120/><V57/><F102/><W94/><G41/><T12/><D110/><U131/><E131/><V72/><F42/><W98/><G1/><T27/><D128/><U38/><E38/><V78/><F105/><W122/><G122/><T30/><D125/><U99/><E99/><V124/><F97/><W53/><G98/><T65/><D34/><U93/><E93/><V109/><F92/><W11/><G95/><T48/><D30/><U22/><E22/><V36/><F36/><W64/><G94/><T86/><D48/><U96/><E96/><V61/><F33/><W133/><G133/><T87/><D65/><U32/><E32/><V135/><F66/><W16/><G64/><T130/><D130/><U50/><E50/><V40/><F40/><W5/><G21/><T106/><D106/><U127/><E127/><V117/><F124/><W67/><G67/><T100/><D100/><U84/><E84/><V39/><F39/><W45/><G20/><T26/><D26/><U43/><E43/><V35/><F135/><W91/><G81/><T83/><D83/><U88/><E88/><AGARI ba="0,1" hai="12,14,23,27,29,49,55,56,77,80,82,86,87,88" machi="88" ten="30,8000,1" yaku="7,1,8,1,52,2,54,1" doraHai="10" who="0" fromWho="1" sc="250,90,201,-80,289,0,250,0" />
</Scene>
<Scene>
<INIT seed="2,0,0,0,2,9" ten="340,121,289,250" oya="2" hai0="129,118,116,128,28,7,56,103,100,15,102,94,67" hai1="44,41,11,0,55,111,2,50,123,112,134,60,90" hai2="132,10,117,122,36,96,108,92,52,105,95,133,58" hai3="85,101,34,29,31,80,65,91,21,69,127,61,64"/><V109/><F36/><W23/><G127/><T106/><D106/><U84/><E112/><V74/><F74/><W40/><G40/><T22/><D67/><U107/><E107/><V35/><F35/><W89/><G101/><T6/><D56/><U47/><E111/><N who="2" m="42571" /><F117/><N who="0" m="45162" /><D94/><N who="2" m="35882" /><F122/><W59/><G34/><T135/><D135/><N who="2" m="51786" /><F10/><W49/><G65/><T70/><D70/><U12/><E134/><V87/><F87/><N who="3" m="50407" /><G69/><T68/><D68/><U113/><E123/><V62/><F96/><W45/><G23/><T76/><D76/><U97/><E97/><V98/><F98/><W83/><G21/><T120/><D120/><U66/><E84/><V71/><F71/><W51/><G45/><T53/><D53/><U104/><E55/><V88/><F88/><W26/><G26/><T30/><D28/><AGARI ba="0,0" hai="28,29,31,49,51,59,61,64,83,85,91" m="50407" machi="28" ten="30,1000,0" yaku="8,1" doraHai="9" who="3" fromWho="0" sc="340,-10,121,0,289,0,250,10" />
</Scene>
<Scene>
<INIT seed="3,0,0,0,1,42" ten="330,121,289,260" oya="3" hai0="49,41,66,58,86,116,101,46,32,134,90,133,70" hai1="65,59,119,114,9,127,123,50,36,22,33,112,48" hai2="97,132,67,47,107,109,39,94,1,130,96,27,125" hai3="87,13,34,93,61,74,102,124,126,45,40,37,113"/><W80/><G34/><T19/><D32/><U108/><E33/><V57/><F1/><W73/><G113/><N who="1" m="43626" /><E22/><V84/><F109/><W4/><G61/><T122/><D122/><U121/><E9/><V17/><F130/><W100/><G4/><T76/><D116/><U128/><E36/><V54/><F132/><N who="0" m="50794" /><D70/><U103/><E103/><N who="3" m="39466" /><G13/><T60/><D101/><U35/><E35/><V72/><F125/><N who="3" m="48235" /><G93/><N who="0" m="54487" /><D19/><U105/><E105/><V3/><F3/><W117/><G117/><T118/><D118/><U81/><E119/><V64/><F72/><W25/><G25/><T24/><D24/><U23/><E23/><V62/><F17/><W38/><G38/><T52/><D76/><AGARI ba="0,0" hai="37,40,45,73,74,76,80,87" m="48235,39466" machi="76" ten="30,2900,0" yaku="18,1,52,1" doraHai="42" who="3" fromWho="0" sc="330,-29,121,0,289,0,260,29" />
</Scene>
<Scene>
<INIT seed="3,1,0,3,4,63" ten="301,121,289,289" oya="3" hai0="28,83,26,107,16,117,61,72,12,73,13,71,25" hai1="17,30,111,98,125,10,82,129,18,67,56,68,20" hai2="100,38,131,128,11,5,70,7,132,27,14,108,126" hai3="110,55,105,89,51,45,127,22,74,103,101,46,2"/><W109/><G2/><T123/><D117/><U52/><E111/><N who="3" m="42506" /><G74/><T77/><D123/><U42/><E125/><V90/><F108/><W1/><G1/><T48/><D107/><U112/><E112/><V41/><F126/><W39/><G127/><T50/><D61/><N who="1" m="38311" /><E68/><V53/><F70/><W3/><G3/><T4/><D71/><U94/><E129/><N who="2" m="49739" /><F132/><W36/><G89/><T134/><D134/><U133/><E133/><V99/><F90/><W84/><G84/><T44/><D4/><U62/><E42/><V23/><F53/><W102/><G105/><T106/><D72/><U31/><E82/><V9/><F41/><N who="3" m="22695" /><G22/><T65/><D106/><U49/><E62/><V85/><F85/><W114/><G39/><T88/><D88/><N who="1" m="55623" /><E10/><N who="2" m="3595" /><F38/><W33/><G33/><T135/><D135/><U97/><E97/><V0/><F0/><W119/><G119/><T92/><D73/><U24/><E31/><N who="2" m="17919" /><F14/><W35/><G35/><T59/><D12/><U43/><E43/><V87/><F87/><W69/><G69/><T96/><D13/><U118/><E118/><V76/><F76/><W79/><G79/><T86/><D77/><U47/><AGARI ba="1,0" hai="17,18,20,24,30,47,49,52" m="55623,38311" machi="47" ten="30,7900,0" yaku="8,1,52,1,54,2" doraHai="63" who="1" fromWho="1" sc="301,-21,121,82,289,-21,289,-40" />
</Scene>
<Scene>
<INIT seed="4,0,0,1,3,115" ten="280,203,268,249" oya="0" hai0="87,55,49,32,64,89,43,30,92,77,20,27,119" hai1="90,80,0,91,42,70,76,79,117,62,61,84,26" hai2="85,23,94,123,120,131,29,18,25,100,54,58,68" hai3="126,40,33,130,63,82,88,109,14,128,71,108,111"/><T22/><D119/><U75/><E0/><V99/><F131/><N who="3" m="50219" /><G33/><T67/><D43/><U28/><E117/><V98/><F68/><W81/><G40/><T24/><D20/><N who="1" m="15431" /><E75/><V51/><F85/><N who="3" m="50223" /><G14/><T110/><D77/><N who="1" m="29771" /><E70/><V5/><F5/><W17/><G17/><T78/><D78/><N who="1" m="46103" /><E42/><V13/><REACH who="2" step="1"/><F99/><REACH who="2" ten="280,203,258,249" step="2"/><W106/><G126/><T48/><D110/><U118/><E118/><V122/><F122/><W8/><G71/><T104/><D104/><U125/><E125/><V46/><F46/><W39/><G82/><T112/><D112/><U116/><E116/><V15/><F15/><W59/><G106/><T121/><D121/><U56/><E62/><V19/><F19/><W114/><G114/><T69/><D69/><U45/><E45/><V134/><F134/><W34/><G39/><T53/><D49/><U124/><E124/><V52/><F52/><AGARI ba="0,1" hai="52,56,61,90,91" m="46103,29771,15431" machi="52" ten="30,2000,0" yaku="8,1,54,1" doraHai="115" who="1" fromWho="2" sc="280,0,203,30,258,-20,249,0" />
</Scene>
<Scene>
<INIT seed="5,0,0,1,0,117" ten="280,233,238,249" oya="1" hai0="118,23,58,14,65,132,59,9,80,123,96,19,111" hai1="79,34,66,40,27,4,3,25,75,55,45,33,99" hai2="76,100,128,91,94,74,112,35,61,6,1,32,26" hai3="63,42,13,110,115,134,18,119,43,101,93,83,12"/><U90/><E66/><V104/><F112/><W10/><G115/><T21/><D123/><U126/><E55/><V72/><F128/><W44/><G119/><T78/><D132/><U116/><E116/><V5/><F61/><W15/><G110/><T31/><D118/><U39/><E126/><V85/><F1/><W125/><G125/><T29/><D111/><U81/><E90/><V122/><F122/><W36/><G134/><T77/><D96/><U2/><E99/><V47/><F47/><W107/><G107/><T105/><D105/><U48/><E48/><V68/><F68/><W30/><G43/><T64/><D80/><U62/><E62/><V49/><F49/><W22/><G83/><T73/><D73/><U113/><E113/><V84/><F26/><N who="1" m="9737" /><E3/><V56/><F104/><W46/><G63/><T102/><D102/><U109/><E109/><V70/><F70/><W82/><G101/><T87/><D87/><U129/><E129/><V38/><F100/><W108/><G108/><T20/><D19/><U7/><E7/><V86/><F38/><W24/><G36/><T130/><D130/><U37/><E37/><V50/><F76/><N who="0" m="29290" /><D14/><U41/><E41/><V51/><F74/><W54/><G42/><T60/><D9/><AGARI ba="0,0" hai="2,4,9,33,34,39,40,45,75,79,81" m="9737" machi="9" ten="30,1500,0" yaku="25,1" doraHai="117" who="1" fromWho="0" sc="280,-15,233,15,238,0,249,0" />
</Scene>
<Scene>
<INIT seed="5,1,0,5,0,125" ten="265,248,238,249" oya="1" hai0="14,126,130,133,96,39,21,24,61,73,89,62,122" hai1="119,106,74,58,78,94,26,68,40,60,101,70,25" hai2="110,47,67,95,55,50,71,131,49,84,132,11,42" hai3="45,98,18,16,48,109,65,135,56,113,75,85,123"/><U52/><E119/><V102/><F110/><W10/><G109/><T12/><D126/><U115/><E106/><V92/><F71/><W43/><G75/><T19/><D39/><U54/><E115/><V28/><F132/><W23/><G113/><T90/><D130/><U44/><E54/><V1/><F1/><W63/><G123/><T37/><D133/><U3/><E3/><V34/><F131/><W93/><G135/><T99/><D73/><U7/><E7/><V51/><F67/><W17/><G85/><T72/><D37/><U36/><E78/><V79/><F28/><W77/><G10/><T15/><D72/><U80/><E80/><N who="2" m="47135" /><F34/><W4/><G4/><T69/><D69/><U83/><E83/><V27/><F27/><W32/><G77/><T5/><D5/><U13/><E74/><V116/><F116/><W129/><G32/><T97/><D122/><U6/><E70/><V8/><F102/><N who="3" m="60751" /><G129/><T53/><REACH who="0" step="1"/><D53/><REACH who="0" ten="255,248,238,249" step="2"/><U107/><E68/><V105/><F42/><W38/><G38/><T117/><D117/><U112/><E112/><V31/><F55/><W0/><G0/><T108/><D108/><U87/><E6/><V111/><F111/><W127/><G127/><T120/><D120/><U59/><E52/><V86/><F47/><W118/><G118/><T35/><D35/><U128/><E128/><V41/><F41/><W30/><G43/><T57/><D57/><U64/><E59/><V82/><F50/><W124/><G124/><T91/><AGARI ba="1,1" hai="12,14,15,19,21,24,61,62,89,90,91,96,97,99" machi="91" ten="40,8000,1" yaku="1,1,0,1,29,2,8,1,53,0" doraHai="125" doraHaiUra="76" who="0" fromWho="0" sc="255,93,248,-41,238,-21,249,-21" owari="348,44.0,207,-29.0,217,-18.0,228,3.0" />
</Scene>
</mjloggm>