<mjloggm ver="2.3"><GO type="169"/><UN n0="%E5%88%BB%E5%AD%90%E5%B8%82%E6%B0%91" n1="%56%49%4E%43%45%4E%54" n2="%6B%69%63%6B%63%68%69" n3="%E5%A4%AA%E3%81%8F%E3%81%AA%E3%81%84%E3%81%8A" dan="16,16,17,17" rate="2055,2074,2131,2149" sx="M,M,M,M"/><TAIKYOKU oya="0"/>

<Scene>
<INIT seed="0,0,0,4,5,3" ten="250,250,250,250" oya="0" hai0="68,134,114,120,81,69,110,25,135,43,105,51,46" hai1="80,70,99,12,94,132,61,57,93,62,115,116,75" hai2="37,67,11,77,123,95,100,16,85,101,89,30,122" hai3="58,59,74,130,36,127,52,119,17,24,63,15,72"/><T2/><D120/><U109/><E116/><V64/><F37/><W121/><G119/><T31/><D105/><U104/><E109/><V0/><F30/><W91/><G36/><T39/><D114/><U55/><E115/><V126/><F126/><W111/><G111/><T34/><D110/><U133/><E104/><V40/><F40/><W88/><G127/><T60/><D51/><U118/><E118/><V92/><F77/><W107/><G107/><T79/><D2/><U90/><E93/><V45/><F45/><W8/><G121/><T117/><D117/><U10/><E75/><V84/><F0/><W1/><G1/><T125/><D125/><U49/><E80/><V106/><F106/><W35/><G130/><T18/><D18/><U7/><REACH who="1" step="1"/><E70/><REACH who="1" ten="250,240,250,250" step="2"/><N who="0" m="27241" /><D60/><AGARI ba="0,1" hai="7,10,12,49,55,57,60,61,62,90,94,99,132,133" machi="60" ten="40,2600,0" yaku="1,1,52,1,53,0" doraHai="3" doraHaiUra="78" who="1" fromWho="0" sc="250,-26,240,36,250,0,250,0" />
</Scene>
<Scene>
<INIT seed="1,0,0,5,4,62" ten="224,276,250,250" oya="1" hai0="22,41,70,129,64,66,84,86,16,92,13,6,125" hai1="69,51,43,111,133,95,57,122,42,76,109,93,63" hai2="96,47,31,101,123,119,9,85,80,65,83,10,135" hai3="5,79,75,8,105,44,97,29,118,87,110,72,30"/><U116/><E122/><V15/><F123/><W60/><G110/><N who="1" m="41994" /><E116/><V98/><F119/><W55/><G118/><T11/><D70/><U115/><E115/><V12/><F135/><W124/><G124/><T128/><D41/><N who="1" m="15371" /><E133/><V38/><F31/><W7/><G75/><T134/><D125/><U121/><E121/><V52/><F38/><W88/><G72/><T14/><D134/><U77/><E51/><V82/><F85/><N who="0" m="32874" /><D92/><N who="1" m="35403" /><E69/><V78/><F101/><W81/><G105/><T89/><D89/><U104/><E104/><V24/><F78/><W3/><G79/><T46/><D46/><U39/><E39/><V40/><F40/><W21/><G44/><T23/><D23/><U117/><E117/><V49/><F96/><W34/><G21/><T54/><D54/><AGARI ba="0,0" hai="54,57,63,76,77" m="35403,15371,41994" machi="54" ten="30,2900,0" yaku="14,1,10,1" doraHai="62" who="1" fromWho="0" sc="224,-29,276,29,250,0,250,0" />
</Scene>
<Scene>
<INIT seed="1,1,0,3,4,89" ten="195,305,250,250" oya="1" hai0="82,109,14,63,88,117,66,101,28,105,98,33,40" hai1="59,47,41,27,46,68,50,42,35,26,67,58,118" hai2="56,34,29,113,1,8,100,69,111,57,10,16,51" hai3="2,73,120,112,130,70,32,102,125,96,108,93,21"/><U19/><E118/><V80/><F69/><W30/><RYUUKYOKU type="yao9" ba="1,0" sc="195,0,305,0,250,0,250,0" hai3="2,21,30,32,70,73,93,96,102,108,112,120,125,130" />
</Scene>
<Scene>
<INIT seed="1,2,0,0,4,43" ten="195,305,250,250" oya="1" hai0="127,47,101,89,9,98,133,63,25,104,111,121,46" hai1="13,102,94,62,29,48,35,134,54,68,112,1,7" hai2="6,76,56,41,128,51,130,106,5,4,82,95,117" hai3="3,135,122,103,66,116,33,12,36,16,60,65,131"/><U50/><E112/><V59/><F106/><W58/><G122/><T105/><D121/><U72/><E134/><V93/><F117/><W73/><G73/><T119/><D119/><U52/><E1/><V123/><F123/><W132/><G116/><T32/><D133/><N who="3" m="51273" /><G33/><T87/><D105/><U18/><E7/><N who="2" m="1795" /><V91/><DORA hai="23" /><F91/><W24/><G3/><T108/><D9/><U113/><E113/><V2/><F2/><W86/><G36/><T115/><D127/><U120/><E120/><V99/><F99/><W69/><G131/><N who="2" m="50217" /><F51/><W92/><G69/><T88/><D63/><U61/><E72/><V74/><F41/><W31/><G103/><T114/><D114/><U124/><E68/><V38/><F38/><W129/><G129/><T20/><D32/><U109/><E102/><V71/><F71/><W11/><G86/><T0/><D0/><U8/><E62/><V26/><F74/><W45/><G92/><N who="0" m="54303" /><D89/><U126/><E61/><V40/><F95/><W96/><G96/><T84/><D84/><U53/><E126/><V42/><F93/><W75/><G75/><T81/><D81/><U55/><E124/><V44/><F82/><W97/><G97/><T57/><D57/><U125/><E125/><V70/><F59/><W17/><G58/><T34/><D34/><U64/><E94/><V39/><F56/><W83/><G83/><T67/><D115/><U100/><E35/><V107/><F107/><W79/><G60/><T77/><D77/><U85/><E85/><V78/><F70/><W22/><G79/><T21/><D104/><U19/><E100/><RYUUKYOKU ba="2,0" sc="195,0,305,0,250,0,250,0" />
</Scene>
<Scene>
<INIT seed="2,3,0,0,1,42" ten="195,305,250,250" oya="2" hai0="108,17,93,39,5,91,84,92,4,38,30,19,43" hai1="129,81,44,76,80,57,112,121,47,96,23,6,52" hai2="89,130,67,88,10,109,101,113,13,115,60,98,83" hai3="85,16,27,127,0,132,58,123,82,94,12,3,11"/><V64/><F130/><W122/><G127/><T131/><D131/><U124/><E129/><V63/><F109/><W66/><G132/><T116/><D108/><U56/><E124/><V74/><F74/><W86/><G27/><T79/><D79/><U78/><E112/><V118/><F118/><W77/><G66/><T105/><D105/><U2/><E121/><V114/><F83/><N who="1" m="31817" /><E2/><V29/><F29/><W50/><G0/><T40/><D30/><U8/><E96/><V75/><F75/><W104/><G3/><T111/><D111/><U18/><E8/><V119/><F119/><W120/><G104/><T25/><D25/><N who="1" m="14583" /><E6/><V72/><F72/><W20/><G11/><T68/><D68/><U133/><E133/><V15/><F10/><W69/><G69/><T53/><D116/><U28/><E28/><V87/><F87/><W117/><G117/><T128/><D128/><U110/><E110/><V135/><F135/><W107/><G107/><T55/><D84/><U102/><E102/><V62/><F101/><W26/><G26/><T41/><D41/><U46/><E57/><V21/><F21/><W71/><G71/><T32/><REACH who="0" step="1"/><D91/><REACH who="0" ten="185,305,250,250" step="2"/><N who="2" m="34890" /><F98/><W7/><G86/><T33/><AGARI ba="3,1" hai="4,5,17,19,32,33,38,39,40,43,53,55,92,93" machi="33" ten="25,6400,0" yaku="1,1,0,1,22,2,53,0" doraHai="42" doraHaiUra="22" who="0" fromWho="0" sc="185,83,305,-19,250,-35,250,-19" />
</Scene>
<Scene>
<INIT seed="3,0,0,0,2,11" ten="268,286,215,231" oya="3" hai0="124,32,36,34,83,8,88,31,127,38,130,66,73" hai1="45,71,80,9,109,123,101,119,107,118,47,115,42" hai2="82,24,35,70,113,108,92,97,28,102,21,100,16" hai3="44,0,20,13,105,61,84,128,74,48,99,86,131"/><W111/><G74/><T126/><D130/><N who="3" m="49705" /><G0/><T23/><D66/><U4/><E115/><V22/><F70/><W14/><G111/><T54/><D8/><U40/><E109/><V106/><F108/><W39/><G39/><N who="0" m="14891" /><D54/><U5/><E123/><V78/><F113/><W26/><G61/><T76/><D88/><U69/><E80/><V50/><F50/><W72/><G72/><T57/><D57/><U12/><E101/><V60/><F60/><W68/><G68/><T49/><D49/><U94/><E94/><V62/><F62/><W41/><G105/><T79/><D79/><U7/><E107/><V121/><F121/><W125/><G99/><T77/><D77/><U95/><E95/><V112/><F112/><W1/><G1/><T17/><D31/><U135/><E135/><V81/><F35/><W52/><G41/><N who="1" m="15978" /><E71/><V18/><F28/><N who="3" m="17479" /><G125/><T129/><D129/><U10/><E69/><V53/><F106/><W104/><G104/><T15/><AGARI ba="0,0" hai="15,17,23,32,34,73,76,83,124,126,127" m="14891" machi="15" ten="40,2700,0" yaku="18,1,52,1" doraHai="11" who="0" fromWho="0" sc="268,27,286,-7,215,-7,231,-13" />
</Scene>
<Scene>
<INIT seed="4,0,0,2,3,34" ten="295,279,208,218" oya="0" hai0="107,95,86,69,43,47,42,76,26,88,80,0,112" hai1="40,14,71,41,65,64,46,20,55,109,67,45,77" hai2="49,132,11,127,87,93,5,37,120,123,82,35,135" hai3="75,85,44,117,4,70,103,39,6,48,13,31,30"/><T58/><D69/><U33/><E33/><V131/><F37/><W100/><G75/><T121/><D121/><U115/><E109/><V125/><F35/><W89/><G70/><T126/><D126/><N who="2" m="48138" /><F49/><W12/><G39/><T94/><D112/><U25/><E115/><V108/><F93/><W23/><G117/><T124/><D124/><U27/><E71/><V118/><F108/><W38/><G38/><T2/><D107/><U114/><E114/><V74/><F74/><W113/><G113/><T36/><D43/><N who="1" m="16459" /><E77/><N who="2" m="46543" /><F118/><W57/><G57/><T51/><D26/><N who="1" m="9739" /><E55/><V18/><F18/><AGARI ba="0,0" hai="14,18,20,45,46,64,65,67" m="9739,16459" machi="18" ten="30,1000,0" yaku="8,1" doraHai="34" who="1" fromWho="2" sc="295,0,279,10,208,-10,218,0" />
</Scene>
<Scene>
<INIT seed="5,0,0,0,3,132" ten="295,289,198,218" oya="1" hai0="81,17,9,66,48,135,91,10,50,120,37,54,31" hai1="118,116,49,104,42,58,101,23,108,69,129,39,112" hai2="71,16,43,25,73,18,84,80,12,117,133,20,13" hai3="36,29,93,82,59,130,57,26,97,121,76,123,44"/><U119/><E23/><V96/><F73/><W22/><G130/><T30/><D37/><U38/><E101/><V124/><F71/><W24/><G36/><N who="1" m="13866" /><E104/><V83/><F117/><W102/><G44/><T109/><D135/><U63/><E112/><V4/><F43/><W5/><G5/><T35/><D109/><U107/><E107/><V67/><F67/><W100/><G100/><T52/><D66/><N who="1" m="41183" /><E129/><V45/><F45/><W2/><G2/><T114/><D114/><U122/><E122/><V98/><F133/><W105/><G105/><T126/><D91/><U27/><E27/><V90/><F4/><W86/><G59/><T60/><D81/><U32/><E32/><V70/><F70/><W78/><G78/><T40/><D35/><U110/><E42/><V47/><F83/><W87/><G87/><T14/><D17/><U68/><E68/><V79/><F79/><W11/><G11/><T125/><D40/><U34/><E34/><V56/><F18/><W128/><G128/><T115/><D115/><U1/><E1/><V72/><F72/><W134/><G134/><T53/><D14/><U8/><E8/><N who="0" m="3177" /><D120/><U6/><E6/><V41/><F13/><W106/><G26/><T21/><D21/><U74/><E74/><V75/><F12/><W33/><G33/><T131/><D131/><U103/><E103/><V64/><F75/><W77/><G77/><T99/><D99/><U127/><E127/><N who="0" m="48649" /><D60/><U89/><E89/><V92/><F80/><W88/><G88/><T61/><D61/><U28/><E28/><AGARI ba="0,0" hai="28,30,31,48,50,52,53,54" m="48649,3177" machi="28" ten="40,12000,2" yaku="28,2,18,1,52,3,54,1" doraHai="132" who="0" fromWho="1" sc="295,120,289,-120,198,0,218,0" />
</Scene>
<Scene>
<INIT seed="6,0,0,0,2,25" ten="415,169,198,218" oya="2" hai0="84,99,103,33,4,87,125,3,123,65,128,122,50" hai1="42,114,112,8,63,13,59,61,31,75,54,6,40" hai2="24,55,118,85,117,44,36,100,96,7,116,56,35" hai3="109,111,41,73,27,51,0,102,135,132,17,93,94"/><V74/><F74/><W126/><G73/><T62/><D33/><U120/><E75/><V98/><F7/><W78/><G0/><T95/><D50/><U104/><E104/><V18/><F85/><W48/><G78/><T115/><D4/><U43/><E120/><V97/><F44/><N who="3" m="25615" /><G126/><T49/><D49/><U130/><E130/><V124/><F36/><W57/><G17/><T15/><D15/><U77/><E77/><V82/><F82/><W101/><G27/><T106/><D3/><U113/><E63/><V22/><F35/><W21/><G21/><T71/><D87/><U67/><REACH who="1" step="1"/><E31/><REACH who="1" ten="415,159,198,218" step="2"/><V134/><F124/><W70/><G111/><T119/><D62/><U79/><E79/><V80/><F117/><W53/><G109/><T58/><D106/><U76/><E76/><V26/><F118/><W1/><G132/><T29/><D29/><U68/><E68/><V14/><F134/><W38/><G70/><T10/><D71/><U133/><E133/><V108/><F108/><W110/><G135/><T9/><D119/><U90/><E90/><V23/><F116/><W2/><G110/><T83/><D125/><U121/><E121/><V12/><F100/><W129/><G129/><T28/><D103/><U34/><E34/><V5/><F5/><W45/><G102/><T20/><D128/><U88/><E88/><V131/><F131/><W127/><G127/><T86/><D123/><U37/><E37/><V47/><F18/><W52/><G101/><T11/><D122/><U46/><E46/><V89/><F47/><W91/><G38/><T32/><D32/><RYUUKYOKU ba="0,1" sc="415,-10,159,30,198,-10,218,-10" hai1="6,8,13,40,42,43,54,59,61,67,112,113,114" />
</Scene>
<Scene>
<INIT seed="7,1,1,4,4,94" ten="405,189,188,208" oya="3" hai0="46,110,10,78,67,91,112,62,135,69,61,66,40" hai1="47,117,12,54,127,8,57,53,70,31,76,14,64" hai2="97,114,101,126,131,121,5,26,93,56,6,96,20" hai3="84,115,15,132,50,18,116,49,33,88,87,25,42"/><W60/><G116/><T109/><D78/><U39/><E117/><V102/><F121/><W58/><G115/><T29/><D112/><U130/><E130/><V86/><F114/><W71/><G71/><T123/><D123/><U2/><E127/><V107/><F131/><W85/><G132/><T17/><D29/><U120/><E120/><V98/><F126/><W23/><G33/><T3/><D91/><U1/><E76/><V103/><F56/><W134/><G134/><T43/><D43/><U30/><E70/><V55/><F55/><N who="3" m="33887" /><G42/><T28/><D28/><U22/><E64/><V35/><F35/><W37/><G37/><T59/><D135/><U77/><E77/><V41/><F41/><W122/><G122/><T90/><D90/><U27/><E31/><N who="2" m="17863" /><F107/><W100/><G100/><T80/><D80/><U79/><E79/><V124/><F124/><W82/><G25/><T119/><D119/><U44/><E39/><V108/><F108/><W74/><G74/><T125/><D125/><U68/><E68/><V118/><F118/><W24/><G24/><T32/><D32/><U73/><E73/><V52/><F52/><N who="1" m="20073" /><E57/><V89/><AGARI ba="1,1" hai="5,6,86,89,93,96,97,98,101,102,103" m="17863" machi="89" ten="40,8000,1" yaku="8,1,52,3" doraHai="94" who="2" fromWho="2" sc="405,-21,189,-21,188,93,208,-41" owari="384,48.0,168,-23.0,281,8.0,167,-33.0" />
</Scene>
</mjloggm>