<mjloggm ver="2.3"><GO type="41"/><UN n0="%E3%83%8F%E3%83%AB%E3%83%9C%E3%83%BC" n1="%E8%A5%BF%E5%9C%92%E5%AF%BA%E3%81%BE%E3%82%8A%E3%81%84" n2="%E5%A4%AA%E3%81%8F%E3%81%AA%E3%81%84%E3%81%8A" n3="%28%2E%36%5F%36%2E%29" dan="14,13,14,13" rate="1856,1870,2024,1872" sx="M,F,M,M"/><TAIKYOKU oya="0"/>

<Scene>
<INIT seed="0,0,0,4,1,11" ten="250,250,250,250" oya="0" hai0="94,42,1,58,93,46,112,47,4,45,132,0,134" hai1="129,80,81,79,71,23,32,123,41,57,5,9,88" hai2="52,22,36,49,6,76,91,111,83,29,19,74,124" hai3="135,60,104,61,121,64,99,3,48,31,53,85,21"/><T8/><D112/><U109/><E123/><V103/><F111/><W67/><G3/><T110/><D42/><U54/><E32/><V133/><F133/><N who="0" m="51306" /><D110/><U38/><E71/><V96/><F124/><W37/><G135/><T100/><D100/><U7/><E109/><V15/><F36/><W77/><G37/><T68/><D68/><U78/><E23/><V51/><F6/><W16/><G31/><T39/><D39/><U59/><E129/><V10/><F91/><W24/><G121/><T113/><D113/><U73/><E7/><V86/><F74/><W27/><G27/><T50/><D0/><U26/><E26/><N who="2" m="16599" /><F52/><AGARI ba="0,0" hai="1,4,8,45,46,47,50,52,58,93,94" m="51306" machi="52" ten="30,2900,0" yaku="20,1,54,1" doraHai="11" who="0" fromWho="2" sc="250,29,250,0,250,-29,250,0" />
</Scene>
<Scene>
<INIT seed="0,1,0,2,2,60" ten="279,250,221,250" oya="0" hai0="0,61,92,87,52,48,36,122,102,42,31,17,75" hai1="83,129,8,135,115,13,35,107,71,12,65,112,73" hai2="76,4,120,63,47,27,40,15,32,128,43,16,134" hai3="44,133,127,30,53,100,126,33,20,45,117,101,91"/><T46/><D75/><U9/><E107/><V84/><F120/><W81/><G117/><T93/><D0/><U79/><E135/><V58/><F134/><W86/><G133/><T23/><D31/><U89/><E129/><V25/><F128/><W97/><G33/><T119/><D122/><U121/><E35/><V38/><F4/><W26/><G101/><T99/><D119/><U111/><E121/><V6/><F6/><W130/><G130/><T41/><D61/><N who="1" m="40367" /><E89/><V28/><F43/><W118/><G118/><T1/><D1/><U5/><E111/><V131/><F131/><W108/><G108/><T51/><D36/><U22/><E22/><V125/><F27/><W98/><G98/><T82/><D51/><U64/><E64/><V57/><F63/><W113/><G53/><T77/><D93/><U90/><E90/><V7/><F7/><W68/><G68/><T56/><D46/><U72/><E72/><V55/><F55/><W2/><G2/><T95/><REACH who="0" step="1"/><D95/><REACH who="0" ten="269,250,221,250" step="2"/><U85/><E73/><V66/><F38/><W109/><G30/><T80/><D80/><U19/><E115/><V21/><F28/><N who="3" m="17479" /><G113/><T123/><D123/><U116/><E112/><V124/><F47/><W59/><G44/><T39/><D39/><U132/><E116/><V96/><F32/><W88/><G45/><T94/><D94/><U11/><E132/><V105/><F105/><W103/><G109/><T62/><D62/><U18/><E5/><V67/><F125/><N who="3" m="47627" /><G59/><T49/><D49/><U24/><E83/><V114/><F124/><W10/><G81/><T106/><D106/><RYUUKYOKU ba="1,1" sc="269,30,250,-10,221,-10,250,-10" hai0="17,23,41,42,48,52,56,77,82,87,92,99,102" />
</Scene>
<Scene>
<INIT seed="0,2,1,0,2,103" ten="299,240,211,240" oya="0" hai0="88,114,132,26,27,78,63,118,51,41,86,116,133" hai1="5,113,48,90,7,127,46,47,124,64,75,101,121" hai2="24,102,99,128,33,49,69,53,66,112,109,97,10" hai3="70,45,123,0,87,93,117,3,65,35,25,15,110"/><T52/><D78/><U4/><E75/><V59/><F112/><W130/><G117/><N who="0" m="45163" /><D114/><U44/><E121/><V17/><F109/><W50/><G123/><T85/><D85/><U79/><E113/><V6/><F128/><W119/><G119/><T125/><D125/><N who="1" m="48203" /><E64/><V89/><F89/><W1/><G110/><T57/><D41/><N who="1" m="24591" /><E79/><V72/><F72/><W73/><G73/><T58/><D27/><U55/><E101/><V82/><F82/><W98/><G130/><T30/><D26/><U81/><E55/><V129/><F129/><W76/><G70/><T91/><D30/><U54/><E54/><V39/><F39/><W96/><G65/><N who="0" m="39151" /><D86/><AGARI ba="2,1" hai="4,5,7,46,47,81,86,90" m="24591,48203" machi="86" ten="30,1000,0" yaku="18,1" doraHai="103" who="1" fromWho="0" sc="299,-16,240,26,211,0,240,0" />
</Scene>
<Scene>
<INIT seed="1,0,0,2,4,118" ten="283,266,211,240" oya="1" hai0="15,24,49,5,106,91,23,44,115,128,22,104,39" hai1="62,122,103,82,18,21,112,68,116,132,58,1,0" hai2="94,97,31,71,2,121,61,90,95,34,79,8,56" hai3="101,92,73,124,80,134,53,19,47,11,37,133,120"/><U127/><E116/><V54/><F71/><W38/><G124/><T55/><D39/><U96/><E112/><V87/><F34/><W129/><G129/><T89/><D128/><U7/><E127/><V114/><F114/><W17/><G101/><T81/><D115/><U60/><E132/><N who="3" m="50794" /><G92/><T43/><D43/><U76/><E68/><V27/><F2/><W50/><G120/><T64/><D64/><U13/><E7/><V59/><F8/><W65/><G65/><T123/><D104/><U26/><E122/><V32/><F121/><W102/><G102/><T40/><D106/><U46/><E46/><V63/><F79/><N who="3" m="44143" /><G11/><N who="0" m="4591" /><D123/><U110/><E1/><V28/><F28/><W108/><G108/><T107/><D107/><U14/><E110/><V84/><REACH who="2" step="1"/><F95/><REACH who="2" ten="283,266,201,240" step="2"/><W131/><G131/><T42/><D22/><U86/><E0/><V111/><F111/><W130/><G130/><T126/><D126/><U83/><E82/><V99/><F99/><W77/><G77/><T113/><D113/><U20/><E21/><V117/><F117/><W12/><G12/><T98/><D81/><U4/><E14/><V10/><F10/><W51/><G51/><T67/><D98/><U109/><E109/><V74/><F74/><W57/><G37/><T36/><D36/><U35/><E35/><V135/><F135/><W52/><G38/><T125/><D125/><U119/><E119/><V48/><F48/><W93/><G93/><T105/><D105/><N who="1" m="63719" /><E13/><V25/><F25/><W41/><G41/><N who="0" m="15979" /><D67/><AGARI ba="0,1" hai="27,31,32,54,56,59,61,63,67,84,87,90,94,97" machi="67" ten="30,2000,0" yaku="1,1,7,1,53,0" doraHai="118" doraHaiUra="100" who="2" fromWho="0" sc="283,-20,266,0,201,30,240,0" />
</Scene>
<Scene>
<INIT seed="2,0,0,0,5,19" ten="263,266,231,240" oya="2" hai0="50,59,118,48,60,116,127,113,77,63,9,44,47" hai1="111,71,107,108,26,58,39,13,100,115,64,78,82" hai2="34,134,36,110,45,123,131,87,43,56,132,31,73" hai3="93,40,33,7,65,18,88,79,91,81,74,32,124"/><V10/><F123/><W69/><G124/><T101/><D9/><U5/><E39/><V94/><F73/><W84/><G40/><N who="0" m="24583" /><D77/><U41/><E41/><V67/><F131/><W117/><G117/><N who="0" m="45163" /><D101/><U112/><E71/><V3/><F110/><N who="1" m="42025" /><E26/><N who="2" m="18807" /><F67/><W135/><G135/><N who="2" m="51753" /><F56/><W62/><G7/><T120/><D120/><U0/><E0/><V1/><F10/><W11/><REACH who="3" step="1"/><G91/><AGARI ba="0,0" hai="1,3,36,43,45,87,91,94" m="51753,18807" machi="91" ten="30,1500,0" yaku="20,1" doraHai="19" who="2" fromWho="3" sc="263,0,266,0,231,15,240,-15" />
</Scene>
<Scene>
<INIT seed="2,1,0,0,5,42" ten="263,266,246,225" oya="2" hai0="134,110,65,114,32,23,94,19,56,117,76,28,118" hai1="81,97,29,45,8,79,86,82,119,69,16,47,15" hai2="63,64,120,11,38,121,35,46,131,87,128,61,22" hai3="89,109,132,74,68,58,24,83,72,60,37,10,105"/><V91/><F35/><W90/><G37/><T130/><D114/><U27/><E119/><N who="0" m="45577" /><D32/><U80/><E69/><V101/><F101/><W1/><G105/><T20/><D28/><U17/><E97/><V39/><F11/><W98/><G132/><T104/><D104/><U43/><E17/><V2/><F2/><W52/><G68/><T122/><D122/><N who="2" m="47210" /><F22/><W6/><G24/><T13/><D130/><N who="2" m="49706" /><F46/><N who="1" m="17417" /><E43/><V12/><F12/><W34/><G34/><T57/><D134/><U73/><E73/><V44/><F44/><W103/><G109/><T54/><D110/><U55/><E55/><V106/><F106/><W41/><G41/><T129/><D129/><U125/><E125/><V49/><F49/><W48/><G74/><T100/><D65/><U93/><E93/><N who="2" m="54527" /><F63/><W123/><G60/><T33/><D33/><U4/><E4/><V7/><F7/><W75/><G123/><T18/><D54/><U88/><E79/><V59/><AGARI ba="1,0" hai="38,39,59,61,64" m="54527,49706,47210" machi="59" ten="30,1500,0" yaku="19,1" doraHai="42" who="2" fromWho="2" sc="263,-6,266,-6,246,18,225,-6" />
</Scene>
<Scene>
<INIT seed="2,2,0,4,2,133" ten="257,260,264,219" oya="2" hai0="100,38,130,113,68,34,24,128,29,115,61,19,131" hai1="18,37,85,81,47,98,51,102,111,80,7,5,31" hai2="3,123,105,62,41,32,75,0,13,86,70,48,73" hai3="95,35,40,14,77,28,129,104,50,119,2,112,65"/><V53/><F123/><W46/><G104/><T96/><D19/><U60/><E111/><V97/><F32/><W134/><G119/><T22/><D22/><U124/><E37/><V114/><F114/><W63/><G134/><T33/><D33/><U135/><E135/><V127/><F13/><W69/><G2/><T49/><D49/><U67/><E31/><V99/><F86/><W108/><G108/><T39/><D115/><U125/><E18/><V45/><F97/><W106/><G106/><T56/><D56/><N who="1" m="37255" /><E7/><V1/><F127/><N who="1" m="48713" /><E5/><V55/><F70/><W89/><G112/><T132/><D132/><U116/><E116/><V17/><F17/><W42/><G77/><T122/><D122/><U59/><E59/><V66/><F66/><W21/><G28/><T91/><D113/><U92/><E85/><V107/><F73/><W90/><G65/><N who="0" m="41007" /><D91/><U72/><E72/><V88/><F75/><W64/><G90/><T43/><D43/><AGARI ba="2,0" hai="43,47,51,80,81,92,98,102" m="48713,37255" machi="43" ten="30,7700,0" yaku="18,1,52,3" doraHai="133" who="1" fromWho="0" sc="257,-83,260,83,264,0,219,0" />
</Scene>
<Scene>
<INIT seed="3,0,0,1,0,26" ten="174,343,264,219" oya="3" hai0="128,113,61,105,64,84,107,72,80,13,75,48,127" hai1="79,121,28,101,42,39,6,15,51,112,68,103,116" hai2="40,97,89,19,46,30,55,69,9,43,29,94,21" hai3="70,3,25,12,34,0,35,7,114,36,92,49,63"/><W102/><G36/><T22/><D113/><U33/><E112/><V95/><F69/><W31/><G114/><T66/><D128/><U104/><E121/><V117/><F117/><W73/><G73/><T118/><D118/><U18/><E68/><V74/><F74/><W132/><G132/><T5/><D5/><U125/><E39/><V123/><F123/><W57/><G70/><T115/><D115/><U4/><E125/><V90/><F9/><W47/><G35/><T99/><D127/><U76/><E116/><V124/><F124/><W17/><G102/><T93/><D48/><U54/><E42/><N who="2" m="15915" /><F55/><W65/><G92/><T24/><D13/><U53/><E53/><V71/><F46/><W16/><G17/><T130/><D130/><U8/><E79/><V108/><F71/><W67/><G65/><T78/><D66/><U111/><E76/><V122/><F108/><W2/><G7/><T110/><D110/><U62/><E62/><V135/><F135/><W129/><G129/><T91/><D75/><U41/><E41/><V52/><F52/><W10/><REACH who="3" step="1"/><G0/><REACH who="3" ten="174,343,264,209" step="2"/><T50/><D50/><U1/><E111/><V133/><F133/><W27/><G27/><T81/><D81/><U14/><E4/><V85/><F122/><W44/><G44/><T37/><D37/><U134/><E134/><V60/><F60/><W100/><G100/><T119/><D119/><U32/><E103/><V109/><F109/><W83/><G83/><T20/><D107/><U86/><E101/><V131/><F131/><W56/><G56/><N who="0" m="36903" /><D24/><AGARI ba="0,1" hai="19,21,24,29,30,85,89,90,94,95,97" m="15915" machi="24" ten="30,3900,0" yaku="8,1,52,2" doraHai="26" who="2" fromWho="0" sc="174,-39,343,0,264,49,209,0" />
</Scene>
<Scene>
<INIT seed="4,0,0,5,0,12" ten="135,343,313,209" oya="0" hai0="133,97,101,83,45,121,33,48,7,90,57,9,123" hai1="63,44,28,91,100,130,29,60,30,59,40,51,15" hai2="26,68,72,122,67,22,32,118,70,16,114,125,8" hai3="46,107,129,113,126,89,108,64,77,24,0,19,111"/><T116/><D116/><U99/><E130/><V106/><F122/><W17/><G107/><T50/><D133/><U1/><E1/><V128/><F106/><W61/><G0/><T14/><D33/><U95/><E100/><V65/><F72/><W98/><G129/><T56/><D123/><U2/><E2/><V135/><F128/><W36/><G77/><T93/><D50/><U69/><E69/><V47/><F32/><W71/><G126/><T39/><D39/><U13/><E63/><V25/><F125/><W87/><G98/><T109/><D109/><U82/><E82/><V37/><F135/><W96/><G96/><T53/><D121/><U4/><E4/><V104/><F104/><W92/><G24/><T80/><D80/><U120/><E120/><V18/><F118/><W115/><G36/><T84/><AGARI ba="0,0" hai="7,9,14,45,48,53,56,57,83,84,90,93,97,101" machi="84" ten="30,3000,0" yaku="0,1,8,1" doraHai="12" who="0" fromWho="0" sc="135,30,343,-10,313,-10,209,-10" />
</Scene>
<Scene>
<INIT seed="4,1,0,0,3,36" ten="165,333,303,199" oya="0" hai0="129,123,132,64,28,72,99,58,105,84,71,89,124" hai1="92,65,38,114,127,90,63,131,74,133,30,81,16" hai2="120,80,110,56,37,40,73,15,43,135,6,26,18" hai3="13,102,10,98,39,27,60,32,44,35,78,76,122"/><T66/><D72/><U116/><E116/><V51/><F110/><W117/><G117/><T33/><D123/><U69/><E133/><V67/><F120/><W75/><G122/><T104/><D132/><U25/><E131/><V106/><F106/><W85/><G75/><T100/><D129/><U20/><E127/><V12/><F135/><W42/><G60/><T22/><D105/><U109/><E109/><V91/><F37/><W41/><G41/><N who="2" m="15945" /><F73/><W24/><G35/><T7/><D124/><U88/><E38/><V19/><F26/><W59/><G59/><T79/><D79/><U34/><E74/><V134/><F134/><W52/><G52/><T11/><D71/><U46/><E46/><V29/><F29/><W57/><G57/><T47/><D47/><U119/><E119/><V77/><F77/><W17/><G85/><T0/><D33/><U97/><E34/><V54/><F67/><W96/><G32/><T55/><D28/><U86/><E30/><V53/><F53/><W111/><G111/><T68/><D22/><U50/><E50/><V103/><F103/><W31/><G31/><T1/><D1/><U23/><E23/><V125/><F125/><W95/><G78/><T126/><D126/><U108/><E108/><V121/><F121/><W83/><G76/><T112/><D112/><U113/><AGARI ba="1,0" hai="16,20,25,63,65,69,81,86,88,90,92,97,113,114" machi="113" ten="30,4000,0" yaku="0,1,54,2" doraHai="36" who="1" fromWho="1" sc="165,-21,333,43,303,-11,199,-11" />
</Scene>
<Scene>
<INIT seed="5,0,0,5,5,130" ten="144,376,292,188" oya="1" hai0="42,93,39,97,71,56,113,43,118,44,38,59,26" hai1="3,65,9,52,99,48,127,54,74,107,63,33,7" hai2="120,5,122,24,68,22,90,1,50,13,110,80,6" hai3="116,27,119,105,47,92,100,133,30,55,58,134,86"/><U2/><E74/><V124/><F110/><W85/><G105/><T77/><D77/><U125/><E33/><V103/><F68/><W41/><G100/><T76/><D76/><U106/><E2/><V34/><F103/><W101/><G101/><T79/><D79/><U104/><E99/><V84/><F124/><N who="1" m="47689" /><E48/><V73/><F73/><W46/><G92/><T19/><D118/><N who="3" m="45097" /><G46/><T25/><D71/><AGARI ba="0,0" hai="3,7,9,52,54,63,65,71,104,106,107" m="47689" machi="71" ten="40,3900,0" yaku="18,1,54,1" doraHai="130" who="1" fromWho="0" sc="144,-39,376,39,292,0,188,0" />
</Scene>
<Scene>
<INIT seed="5,1,0,3,0,100" ten="105,415,292,188" oya="1" hai0="24,4,39,132,9,42,107,18,115,50,51,120,21" hai1="16,59,41,122,123,45,90,64,58,119,46,78,0" hai2="116,68,79,6,125,32,19,43,44,101,48,70,37" hai3="69,77,131,34,10,7,127,103,14,1,66,12,53"/><U128/><E119/><V25/><F116/><W47/><G34/><T86/><D120/><U2/><E78/><V97/><F125/><W73/><G127/><T91/><D132/><U106/><E106/><V61/><F6/><W93/><G131/><T108/><D108/><U114/><E128/><V40/><F79/><W117/><G117/><T75/><D75/><U28/><E28/><V133/><F133/><W5/><G5/><T23/><D23/><U27/><E90/><V33/><F43/><W87/><G73/><T130/><D130/><U20/><E114/><V95/><F37/><W98/><G77/><T13/><D107/><U80/><E80/><V92/><F92/><W71/><G87/><T85/><D85/><U83/><E83/><V62/><F68/><W76/><G76/><T118/><D118/><U67/><E45/><V17/><F61/><W52/><G71/><T104/><D104/><U88/><E88/><V57/><F70/><W102/><G102/><T89/><D89/><U129/><E129/><V135/><F135/><W31/><G31/><T15/><D115/><U81/><E81/><V26/><F26/><W63/><REACH who="3" step="1"/><G53/><REACH who="3" ten="105,415,292,178" step="2"/><T121/><D121/><U55/><E122/><V82/><F33/><W105/><G105/><T94/><D24/><U49/><E123/><V65/><F32/><W99/><G99/><T124/><REACH who="0" step="1"/><D124/><REACH who="0" ten="95,415,292,178" step="2"/><U35/><E27/><V60/><F25/><W126/><G126/><T29/><D29/><U96/><E96/><V3/><F97/><W22/><G22/><T56/><D56/><U109/><E59/><V54/><F57/><RYUUKYOKU ba="1,2" sc="95,15,415,-15,292,-15,178,15" hai0="4,9,13,15,18,21,39,42,50,51,86,91,94" hai3="1,7,10,12,14,47,52,63,66,69,93,98,103" />
</Scene>
<Scene>
<INIT seed="6,2,2,5,0,101" ten="110,400,277,193" oya="2" hai0="61,51,128,29,76,116,75,135,118,28,14,50,94" hai1="43,79,78,119,123,80,63,84,133,23,11,74,2" hai2="86,127,108,5,62,34,8,30,72,27,4,1,35" hai3="111,41,113,132,106,17,105,69,73,104,6,102,71"/><V112/><F72/><W115/><G73/><T31/><D128/><U114/><E119/><V56/><F112/><N who="3" m="43083" /><G41/><T57/><D135/><U53/><E114/><V120/><F120/><W37/><G37/><T32/><D32/><U87/><E133/><V110/><F127/><W121/><G132/><T42/><D94/><U93/><E123/><V134/><F134/><W100/><G111/><N who="2" m="42537" /><F86/><W15/><G6/><T45/><D51/><U131/><E131/><V85/><F85/><W124/><G124/><T38/><D14/><U10/><E87/><V66/><F5/><W65/><G121/><T0/><D0/><U3/><E84/><V44/><F44/><W95/><G95/><T36/><D75/><U22/><E74/><V55/><F35/><W20/><G65/><AGARI ba="2,2" hai="1,4,8,27,30,34,55,56,62,65,66" m="42537" machi="65" ten="30,1500,0" yaku="10,1" doraHai="101" who="2" fromWho="3" sc="110,0,400,0,277,41,193,-21" />
</Scene>
<Scene>
<INIT seed="6,3,0,0,3,14" ten="110,400,318,172" oya="2" hai0="46,80,113,34,122,117,57,72,98,45,29,78,129" hai1="135,114,53,1,19,93,79,83,8,6,61,102,18" hai2="107,115,131,37,97,96,23,99,67,62,33,103,73" hai3="133,112,63,125,55,105,130,91,110,3,4,92,128"/><V39/><F73/><W111/><G105/><T36/><D122/><U10/><E114/><V2/><F2/><W121/><G3/><T69/><D69/><U41/><E135/><V60/><F115/><W127/><G4/><T59/><D117/><U20/><E10/><V11/><F131/><N who="3" m="50219" /><G112/><T15/><D113/><U13/><E41/><V82/><F33/><W5/><G5/><T40/><D129/><U24/><E102/><V84/><F11/><W71/><G121/><T118/><D118/><U66/><E93/><V124/><F124/><N who="3" m="47691" /><G71/><T16/><D98/><U7/><E53/><V75/><F75/><W76/><G76/><T38/><D29/><U134/><E1/><V48/><F97/><N who="3" m="57503" /><G133/><T25/><D34/><U21/><E134/><V108/><F107/><W64/><G64/><T58/><D25/><U51/><E24/><V120/><F67/><W126/><N who="3" m="47699" /><W28/><DORA hai="56" /><G28/><T26/><D26/><U101/><E66/><V44/><F103/><W0/><G0/><T32/><D32/><U30/><E101/><V43/><F120/><W47/><G47/><T74/><D74/><U89/><E30/><V95/><F44/><W88/><G88/><T123/><D123/><U119/><E89/><V54/><F99/><W22/><G22/><T42/><REACH who="0" step="1"/><D59/><AGARI ba="3,0" hai="55,59,63,110,111" m="57503,47699,50219" machi="59" ten="50,6400,0" yaku="19,1,18,1,52,1" doraHai="14,56" who="3" fromWho="0" sc="110,-73,400,0,318,0,172,73" />
</Scene>
<Scene>
<INIT seed="7,0,0,3,2,127" ten="37,400,318,245" oya="3" hai0="8,95,10,123,37,132,21,105,110,112,91,71,96" hai1="45,73,119,46,104,85,115,25,133,129,57,125,109" hai2="44,120,80,121,31,126,54,3,5,72,9,51,69" hai3="124,36,78,39,76,83,61,42,99,6,41,116,19"/><W84/><G116/><T134/><D123/><N who="2" m="47178" /><F126/><W17/><G124/><T65/><D112/><U74/><E109/><V97/><F69/><W118/><G118/><T12/><D110/><U34/><E115/><V66/><F66/><W67/><G6/><T103/><D37/><U111/><E111/><V40/><F31/><W22/><G99/><T88/><D71/><U70/><E125/><V55/><F97/><W130/><G130/><T62/><D65/><U28/><E70/><V131/><F131/><W23/><G67/><T0/><D62/><U108/><E108/><V15/><F3/><W33/><G61/><T106/><D0/><U102/><E119/><V11/><F11/><W52/><G84/><T82/><D21/><U29/><E129/><V100/><F100/><W63/><G63/><T81/><D12/><U2/><E2/><V4/><F4/><W107/><G83/><T14/><D14/><U32/><E85/><V114/><F114/><W60/><G60/><T53/><D53/><U135/><E73/><V75/><F75/><W92/><G92/><T68/><D68/><U117/><E74/><V77/><AGARI ba="0,0" hai="5,9,15,40,44,51,54,55,72,77,80" m="47178" machi="77" ten="30,1100,0" yaku="13,1" doraHai="127" who="2" fromWho="2" sc="37,-3,400,-3,318,11,245,-5" owari="34,-47.0,397,50.0,329,13.0,240,-16.0" />
</Scene>
</mjloggm>