<mjloggm ver="2.3"><GO type="169"/><UN n0="%41%70%70%6C%65%2A" n1="%E7%88%86%E7%89%8C%E3%82%A6%E3%82%B7%E3%82%B8%E3%83%9E%E3%81%8F%E3%82%93" n2="%E5%A4%AA%E3%81%8F%E3%81%AA%E3%81%84%E3%81%8A" n3="%E7%99%BD%E4%BA%95%E9%BB%92%E5%AD%90" dan="16,17,18,17" rate="2025,2045,2212,2149" sx="M,M,M,F"/><TAIKYOKU oya="0"/>

<Scene>
<INIT seed="0,0,0,5,3,107" ten="250,250,250,250" oya="0" hai0="112,104,39,14,34,15,126,124,36,111,113,21,53" hai1="109,108,47,132,56,89,134,114,22,45,130,80,5" hai2="57,69,72,122,54,101,79,94,52,131,78,7,41" hai3="40,58,28,92,105,82,95,125,38,117,123,73,97"/><T135/><D34/><U2/><E130/><V13/><F122/><W44/><G117/><T106/><D135/><N who="1" m="51755" /><E114/><V74/><F69/><W98/><G125/><T67/><D67/><U43/><E2/><V99/><F41/><W86/><G123/><T83/><D83/><U61/><E5/><V3/><F3/><W129/><G129/><T133/><D133/><U33/><E33/><V11/><F131/><W49/><G28/><T88/><D21/><U17/><E89/><V62/><REACH who="2" step="1"/><F54/><REACH who="2" ten="250,250,240,250" step="2"/><W64/><G40/><T23/><D53/><U6/><E43/><V85/><F85/><W91/><G86/><T4/><D112/><U65/><E65/><V46/><F46/><W20/><G64/><T31/><D113/><U37/><E47/><V18/><F18/><W10/><G44/><T66/><D66/><U75/><E45/><V81/><F81/><W68/><G82/><T87/><D87/><U48/><E80/><V50/><F50/><W25/><G49/><T71/><D71/><U32/><E48/><V70/><F70/><W118/><G68/><T115/><D115/><U8/><E6/><V26/><F26/><W96/><G25/><T9/><D4/><U93/><E17/><V19/><F19/><W1/><G1/><T29/><D124/><U55/><E55/><V16/><F16/><W116/><G116/><T30/><D126/><U35/><E37/><V100/><F100/><W51/><G118/><T121/><D36/><U12/><E12/><V24/><F24/><W128/><G38/><T77/><D39/><U90/><E61/><V76/><AGARI ba="0,1" hai="7,11,13,52,57,62,72,74,76,78,79,94,99,101" machi="76" ten="30,12000,2" yaku="1,1,5,1,0,1,52,2,54,1,53,1" doraHai="107" doraHaiUra="0" who="2" fromWho="2" sc="250,-60,250,-30,240,130,250,-30" />
</Scene>
<Scene>
<INIT seed="1,0,0,5,1,59" ten="190,220,370,220" oya="1" hai0="97,121,116,4,11,19,68,76,118,10,93,126,25" hai1="85,15,53,134,119,50,87,69,3,30,39,44,109" hai2="27,74,5,2,57,38,125,79,94,135,9,114,24" hai3="7,47,6,132,13,91,66,29,71,8,117,37,54"/><U43/><E119/><V127/><F38/><W55/><G117/><T133/><D133/><U36/><E3/><V129/><F135/><W14/><G132/><T18/><D126/><N who="2" m="48138" /><F129/><W105/><G105/><T81/><D121/><U17/><E134/><V64/><F114/><W77/><G77/><T67/><D10/><U40/><E109/><V62/><F94/><W88/><G29/><T113/><D113/><U35/><E69/><V122/><F122/><W102/><G102/><T106/><D106/><U112/><E112/><V49/><F49/><W90/><G37/><T83/><D83/><AGARI ba="0,0" hai="2,5,9,24,27,57,62,64,74,79,83" m="48138" machi="83" ten="30,2000,0" yaku="18,1,52,1" doraHai="59" who="2" fromWho="0" sc="190,-20,220,0,370,20,220,0" />
</Scene>
<Scene>
<INIT seed="2,0,0,5,0,59" ten="170,220,390,220" oya="2" hai0="54,63,9,102,119,36,11,88,113,77,31,118,127" hai1="64,2,72,48,43,53,90,52,50,135,96,107,0" hai2="37,24,71,6,10,69,61,20,83,124,8,104,34" hai3="101,5,62,58,121,29,49,92,91,114,128,13,70"/><V129/><F37/><W103/><G121/><T94/><D113/><U56/><E72/><V108/><F104/><W60/><G128/><T134/><D36/><U23/><E135/><V80/><F34/><W79/><G70/><T25/><D134/><U14/><E43/><V1/><F129/><W57/><G79/><T93/><D77/><U87/><E64/><V55/><F124/><W82/><G49/><T115/><D115/><U65/><E65/><V123/><F123/><W22/><G82/><T105/><D94/><U46/><E96/><V42/><F42/><W18/><G29/><T97/><D127/><U51/><E107/><V38/><F38/><W75/><G75/><T112/><D112/><U109/><E109/><V32/><F32/><W100/><G5/><T110/><D110/><U117/><E117/><N who="0" m="44553" /><D102/><U45/><E14/><V111/><F111/><W131/><G131/><T41/><D41/><U47/><E23/><V95/><F95/><W98/><G114/><T106/><D105/><U126/><E126/><V26/><F108/><W133/><G133/><T12/><D12/><U67/><E2/><V120/><F120/><W99/><G99/><T19/><D19/><U4/><E4/><V39/><F39/><W17/><G17/><T15/><D15/><U85/><E0/><V16/><F1/><W40/><G40/><T73/><D73/><U68/><E68/><V116/><F6/><W125/><G125/><T130/><D106/><U89/><E89/><V27/><F116/><W86/><G98/><T28/><D130/><U35/><E90/><V81/><F16/><RYUUKYOKU ba="0,0" sc="170,-10,220,-10,390,-10,220,30" hai3="13,18,22,57,58,60,62,86,91,92,100,101,103" />
</Scene>
<Scene>
<INIT seed="3,1,0,4,3,45" ten="160,210,380,250" oya="3" hai0="68,78,64,42,82,106,109,1,92,128,90,22,105" hai1="89,83,101,108,134,16,44,116,114,71,47,7,99" hai2="72,11,117,0,86,54,126,98,5,91,124,80,113" hai3="81,127,60,23,27,51,24,94,112,69,48,59,53"/><W32/><G112/><T50/><D1/><U130/><E114/><V34/><F113/><W9/><G127/><N who="2" m="48681" /><F117/><W13/><G32/><T131/><D109/><U62/><E108/><V19/><F34/><W55/><G69/><T85/><D68/><U8/><E116/><V121/><F121/><W129/><G129/><T96/><D64/><U100/><E130/><V84/><F19/><N who="3" m="8623" /><G81/><T79/><D22/><U135/><E71/><V39/><F39/><W29/><G24/><T10/><D10/><U2/><E62/><V93/><F54/><N who="3" m="20491" /><G94/><T88/><D128/><U103/><E83/><V30/><F30/><W18/><G29/><T17/><D17/><U15/><E7/><V118/><F118/><W58/><G58/><T12/><D131/><U125/><E2/><V37/><F37/><W28/><G28/><T97/><D12/><U35/><E35/><V61/><F61/><W21/><G21/><T20/><D20/><U43/><E125/><V119/><F119/><W36/><G36/><T26/><D26/><U46/><REACH who="1" step="1"/><E43/><REACH who="1" ten="160,200,380,250" step="2"/><V104/><F80/><W75/><G75/><T63/><D63/><U3/><E3/><V73/><F73/><W70/><G70/><T14/><D14/><U132/><E132/><V57/><F72/><W111/><G111/><T133/><D133/><U31/><E31/><V74/><F74/><W123/><G123/><T38/><D42/><U49/><E49/><V76/><F0/><W120/><G120/><T77/><D50/><U110/><E110/><V95/><F5/><W107/><G48/><T33/><D38/><U41/><E41/><RYUUKYOKU ba="1,1" sc="160,-10,200,30,380,-10,250,-10" hai1="8,15,16,44,46,47,89,99,100,101,103,134,135" />
</Scene>
<Scene>
<INIT seed="4,2,1,2,0,94" ten="150,230,370,240" oya="0" hai0="106,66,134,11,99,56,101,29,132,78,48,100,77" hai1="34,115,64,81,119,15,122,93,19,120,46,133,60" hai2="69,40,87,118,12,53,68,26,24,51,121,110,124" hai3="130,35,7,3,70,28,58,131,59,135,6,42,55"/><T32/><D11/><U41/><E119/><V22/><F110/><W63/><G70/><T96/><D29/><U98/><E34/><V30/><F121/><W50/><G135/><N who="0" m="51755" /><D32/><U61/><E81/><V44/><F124/><W37/><G3/><T92/><D48/><U33/><E33/><V97/><F118/><W57/><G37/><T107/><D56/><N who="3" m="21609" /><G28/><T54/><D54/><U14/><E14/><V21/><F12/><W72/><G35/><T9/><D9/><U117/><E115/><V95/><F87/><W2/><G2/><T49/><D49/><U75/><E75/><V91/><F40/><W82/><G50/><T36/><D66/><U76/><E76/><N who="0" m="29289" /><D36/><U45/><E64/><V67/><F67/><W129/><G42/><T10/><D10/><U79/><E41/><V84/><F84/><W38/><G38/><T111/><D111/><U114/><E117/><V112/><F112/><W1/><G1/><T43/><D43/><U23/><E114/><V39/><F39/><W62/><G62/><T86/><D86/><U127/><E133/><V65/><F65/><W25/><G25/><T104/><AGARI ba="2,1" hai="92,96,99,100,101,104,106,107" m="29289,51755" machi="104" ten="30,12000,1" yaku="20,1,34,2,52,2" doraHai="94" who="0" fromWho="0" sc="150,136,230,-42,370,-42,240,-42" />
</Scene>
<Scene>
<INIT seed="4,3,0,4,3,103" ten="286,188,328,198" oya="0" hai0="81,94,55,99,84,78,82,17,59,63,49,53,111" hai1="50,74,3,105,122,80,87,117,19,13,127,32,104" hai2="1,115,126,61,42,106,51,123,16,44,96,109,36" hai3="57,135,25,100,88,64,56,97,5,40,0,47,2"/><T113/><D111/><U128/><E117/><V89/><F109/><W37/><G135/><T71/><D113/><U79/><E122/><V98/><F123/><W38/><G38/><T33/><D33/><U35/><E3/><V132/><F1/><W133/><G133/><T121/><D121/><U30/><E127/><V116/><F132/><W134/><G134/><T130/><D130/><U14/><E128/><V45/><F115/><W28/><G0/><T60/><D71/><U65/><E65/><V22/><F126/><W27/><G27/><T58/><D82/><U68/><E68/><V92/><F116/><W6/><G2/><T66/><D17/><U34/><E30/><V67/><F106/><W124/><G124/><T91/><REACH who="0" step="1"/><D66/><REACH who="0" ten="276,188,328,198" step="2"/><U23/><E34/><V114/><F114/><W93/><G64/><T52/><D52/><U4/><E35/><V21/><F16/><W7/><REACH who="3" step="1"/><G100/><REACH who="3" ten="276,188,328,188" step="2"/><T10/><D10/><U108/><E108/><V73/><F67/><W107/><G107/><T62/><AGARI ba="3,2" hai="49,53,55,58,59,60,62,63,78,81,84,91,94,99" machi="62" ten="20,7800,0" yaku="1,1,0,1,7,1,8,1,53,0" doraHai="103" doraHaiUra="43" who="0" fromWho="0" sc="276,107,188,-29,328,-29,188,-29" />
</Scene>
<Scene>
<INIT seed="4,4,0,1,1,68" ten="383,159,299,159" oya="0" hai0="100,116,42,43,8,109,9,27,113,85,63,99,51" hai1="123,64,122,47,73,103,21,18,60,65,91,15,93" hai2="83,111,130,90,37,11,58,34,88,114,52,71,22" hai3="62,67,6,81,33,41,13,17,118,132,128,16,56"/><T104/><D116/><U5/><E73/><V117/><F111/><W112/><G118/><T23/><D109/><U24/><E103/><V2/><F34/><W46/><G33/><T76/><D63/><U69/><E64/><V20/><F117/><W121/><G121/><T97/><D97/><U53/><E5/><V77/><F37/><W86/><G128/><T61/><D113/><U28/><E47/><V87/><F71/><W55/><G132/><T131/><D131/><U102/><E53/><V75/><F130/><W54/><G112/><T107/><D107/><U50/><E50/><V129/><F114/><W40/><G40/><T74/><D74/><U119/><E102/><V94/><F129/><W45/><G45/><T126/><D126/><U72/><E72/><V3/><F90/><W98/><G98/><T57/><D76/><U44/><E44/><V110/><F110/><W48/><G6/><T14/><D85/><U78/><E78/><V124/><F124/><W125/><G125/><T0/><D51/><U38/><E38/><V133/><F133/><W115/><G115/><T105/><D0/><U26/><E119/><V108/><F108/><W134/><G134/><T29/><D104/><U80/><E80/><V89/><F89/><N who="3" m="51407" /><G17/><T84/><D84/><N who="1" m="52455" /><E28/><V66/><F66/><W106/><G106/><T12/><D43/><U96/><E96/><V19/><F2/><W95/><G95/><T135/><D42/><U10/><E26/><V35/><F35/><W31/><G31/><T49/><D135/><U4/><E122/><V92/><F3/><W120/><G120/><RYUUKYOKU ba="4,0" sc="383,-15,159,15,299,-15,159,15" hai1="4,10,15,18,21,24,60,65,69,123" hai3="13,16,41,46,48,54,55,56,62,67" />
</Scene>
<Scene>
<INIT seed="5,5,0,2,0,85" ten="368,174,284,174" oya="1" hai0="12,78,15,64,83,81,84,100,96,25,54,129,1" hai1="132,116,114,38,55,107,88,2,89,17,18,66,43" hai2="34,133,3,48,32,117,9,41,92,44,124,95,79" hai3="82,131,115,127,121,37,10,30,11,5,71,103,112"/><U49/><E116/><V104/><F117/><W16/><G37/><T24/><D1/><U125/><E2/><V120/><F120/><W102/><G71/><T0/><D0/><U45/><E125/><V4/><F104/><W91/><G121/><T27/><D64/><U68/><E107/><V126/><F133/><W65/><G127/><N who="2" m="48681" /><F79/><W134/><G65/><T60/><D129/><U52/><E132/><V70/><F70/><W39/><G39/><T86/><D60/><N who="1" m="40007" /><E55/><V113/><F113/><N who="3" m="43595" /><G30/><T50/><D50/><U40/><E40/><V31/><F31/><W106/><G106/><T19/><D54/><U14/><E114/><V108/><F108/><W42/><G42/><T57/><D57/><N who="1" m="32911" /><E18/><V47/><F47/><W59/><G134/><T22/><D15/><U36/><E36/><V69/><F69/><W46/><G46/><T56/><D56/><U67/><E67/><V73/><F73/><W75/><G59/><T128/><D128/><U26/><E26/><V97/><F92/><W62/><G75/><T35/><D35/><U98/><E98/><V61/><F61/><W23/><G5/><T101/><D96/><U111/><E111/><V20/><F20/><AGARI ba="5,0" hai="14,17,20,38,43,45,88,89" m="32911,40007" machi="20" ten="30,12000,1" yaku="24,1,52,2,54,2" doraHai="85" who="1" fromWho="2" sc="368,0,174,135,284,-135,174,0" />
</Scene>
<Scene>
<INIT seed="5,6,0,4,1,67" ten="368,309,149,174" oya="1" hai0="33,73,113,44,117,104,66,128,92,72,103,57,54" hai1="38,134,12,82,71,125,5,80,61,64,22,129,105" hai2="29,2,85,77,130,95,116,106,55,59,91,32,111" hai3="18,43,36,70,94,74,81,135,99,87,114,83,131"/><U122/><E122/><V60/><F111/><W19/><G114/><T132/><D117/><U37/><E105/><V56/><F116/><W101/><G131/><T16/><D33/><U11/><E129/><V62/><F2/><W98/><G135/><T63/><D104/><U68/><E134/><V41/><F130/><W3/><G3/><T75/><D128/><U119/><E119/><V65/><F106/><W89/><G70/><T35/><D35/><U24/><E125/><V15/><F41/><W96/><G101/><T31/><D31/><U78/><E71/><V45/><F45/><W4/><G4/><T52/><D132/><U84/><REACH who="1" step="1"/><E82/><REACH who="1" ten="368,299,149,174" step="2"/><V23/><F32/><W48/><G83/><T50/><D113/><U124/><E124/><V49/><F77/><W110/><G81/><T10/><D92/><U115/><E115/><V17/><REACH who="2" step="1"/><F29/><AGARI ba="6,1" hai="5,11,12,22,24,29,37,38,61,64,68,78,80,84" machi="29" ten="30,5800,0" yaku="1,1,7,1,52,1,53,0" doraHai="67" doraHaiUra="102" who="1" fromWho="2" sc="368,0,299,86,149,-76,174,0" />
</Scene>
<Scene>
<INIT seed="5,7,0,4,5,27" ten="368,385,73,174" oya="1" hai0="11,60,108,38,85,126,119,52,46,10,71,39,129" hai1="122,128,115,64,131,90,24,76,70,92,62,72,102" hai2="82,74,132,87,34,31,55,37,16,35,69,21,86" hai3="13,5,4,28,36,103,123,44,98,79,42,51,58"/><U116/><E122/><V107/><F107/><W0/><G123/><T114/><D119/><U101/><E116/><V89/><F69/><W121/><G0/><T75/><D108/><U134/><E115/><V110/><F110/><W81/><G121/><T1/><D75/><U43/><E43/><V65/><F37/><W59/><G28/><T30/><D114/><U100/><E134/><V18/><F65/><W47/><G5/><T9/><D129/><N who="1" m="49739" /><E72/><V26/><F132/><W105/><G13/><T6/><D126/><U73/><E73/><V77/><F55/><W63/><G4/><T68/><D39/><U12/><E76/><V14/><F18/><W88/><G63/><T48/><D38/><U135/><E135/><V80/><REACH who="2" step="1"/><F74/><REACH who="2" ten="368,385,63,174" step="2"/><W133/><G133/><T32/><D68/><U25/><E64/><V127/><F127/><W94/><G105/><T113/><D113/><U50/><E70/><V40/><F40/><W56/><G36/><T41/><D71/><U99/><E50/><V15/><F15/><W7/><G51/><T106/><D106/><U49/><E49/><V120/><F120/><W84/><G42/><T117/><D117/><U91/><E12/><V8/><AGARI ba="7,1" hai="8,14,16,21,26,31,34,35,77,80,82,86,87,89" machi="8" ten="20,8000,1" yaku="1,1,0,1,7,1,52,1,54,1,53,0" doraHai="27" doraHaiUra="112" who="2" fromWho="2" sc="368,-27,385,-47,63,111,174,-27" />
</Scene>
<Scene>
<INIT seed="6,0,0,0,0,40" ten="341,338,174,147" oya="2" hai0="22,14,43,18,19,36,120,65,58,63,39,78,44" hai1="37,90,41,98,25,131,85,102,42,79,38,132,16" hai2="76,2,133,10,51,31,91,73,45,47,101,13,20" hai3="95,124,32,33,87,30,83,55,3,130,104,126,112"/><V134/><F101/><W6/><G104/><T9/><D120/><U56/><E131/><V53/><F2/><W66/><G130/><T93/><D78/><U119/><E119/><V89/><F73/><W5/><G66/><T1/><D93/><U4/><E132/><N who="2" m="50795" /><F76/><W105/><G105/><T99/><D99/><U123/><E123/><V96/><F96/><W24/><G33/><T68/><D68/><U49/><E79/><V111/><F111/><W74/><G74/><T72/><D72/><U108/><E98/><V110/><F110/><W94/><G112/><T12/><D1/><U122/><E102/><V71/><F71/><W125/><G3/><T113/><D113/><U59/><E85/><V60/><F60/><W115/><G115/><T11/><D22/><U103/><E103/><V34/><F34/><W116/><G116/><T8/><D9/><U107/><E107/><V0/><F0/><W17/><G126/><T118/><D118/><U29/><E90/><N who="2" m="34315" /><F31/><W117/><G125/><T70/><D70/><U69/><E29/><V67/><F67/><W80/><G124/><T128/><D128/><U127/><E69/><V48/><F20/><W28/><G117/><T106/><D106/><U61/><E61/><V100/><F100/><W54/><G32/><T86/><D86/><U46/><E108/><V81/><F81/><W7/><G87/><T23/><D23/><U35/><E35/><V50/><F53/><N who="3" m="19979" /><G83/><T62/><D63/><U52/><E127/><V77/><F77/><W82/><G80/><T121/><D121/><U64/><E122/><V114/><F114/><RYUUKYOKU ba="0,0" sc="341,15,338,-15,174,15,147,-15" hai0="8,11,12,14,18,19,36,39,43,44,58,62,65" hai2="10,13,45,47,48,50,51" />
</Scene>
<Scene>
<INIT seed="6,1,0,3,2,78" ten="356,323,189,132" oya="2" hai0="110,33,123,125,109,81,2,16,72,28,56,76,57" hai1="10,133,121,134,55,79,11,99,108,129,127,44,12" hai2="67,58,65,35,100,9,38,62,116,82,84,60,45" hai3="19,52,23,27,90,89,87,24,59,102,49,130,42"/><V37/><F116/><W75/><G130/><T94/><D123/><U32/><E108/><V83/><F35/><W0/><G75/><T70/><D2/><U118/><E118/><V51/><F100/><W115/><G0/><T50/><D70/><U14/><E32/><V15/><F51/><W117/><G115/><T36/><D36/><U31/><E31/><V95/><F95/><W53/><G117/><T3/><D3/><U34/><E34/><V97/><F97/><W107/><G42/><T20/><D28/><U61/><E121/><V73/><F73/><W25/><G90/><T88/><D33/><U46/><E79/><V68/><F45/><W111/><G111/><T48/><D109/><U66/><E44/><V5/><REACH who="2" step="1"/><F83/><REACH who="2" ten="356,323,179,132" step="2"/><W106/><G102/><T29/><D110/><U18/><E46/><V93/><F93/><N who="3" m="54463" /><G107/><T98/><D50/><U69/><E99/><V103/><F103/><W105/><G106/><T77/><D48/><U1/><E133/><V92/><F92/><W63/><G105/><T91/><D72/><U101/><E134/><V114/><F114/><W26/><G49/><T39/><D98/><U104/><E101/><V132/><F132/><W71/><G71/><T6/><D94/><U47/><E104/><V80/><F80/><W54/><AGARI ba="1,1" hai="19,23,24,25,26,27,52,53,54,59,63" m="54463" machi="54" ten="30,2000,0" yaku="8,1,54,1" doraHai="78" who="3" fromWho="3" sc="356,-6,323,-6,179,-11,132,33" />
</Scene>
<Scene>
<INIT seed="7,0,0,3,5,25" ten="350,317,168,165" oya="3" hai0="26,109,129,133,69,107,39,89,83,1,111,98,62" hai1="45,119,117,80,76,41,130,8,131,47,115,7,99" hai2="38,72,66,59,37,110,64,71,40,74,36,10,29" hai3="63,86,113,12,121,28,24,2,70,27,34,95,13"/><W33/><G121/><T18/><D1/><N who="1" m="111" /><E99/><V122/><F110/><W52/><G113/><T42/><D133/><U100/><E100/><V60/><F122/><W31/><G2/><T58/><D69/><U85/><E115/><V132/><F132/><W94/><G52/><T6/><D6/><U14/><E14/><V84/><F10/><W88/><REACH who="3" step="1"/><G95/><REACH who="3" ten="350,317,168,155" step="2"/><T77/><D111/><U78/><E119/><V114/><F114/><W82/><G82/><T61/><D83/><U96/><E117/><V65/><F71/><W20/><G20/><T51/><D109/><U93/><E80/><V44/><F66/><AGARI ba="0,1" hai="12,13,24,27,28,31,33,34,63,66,70,86,88,94" machi="66" ten="40,12000,1" yaku="1,1,9,1,52,2,54,1,53,0" doraHai="25" doraHaiUra="43" who="3" fromWho="2" sc="350,0,317,0,168,-120,155,130" />
</Scene>
<Scene>
<INIT seed="7,1,0,4,0,131" ten="350,317,48,285" oya="3" hai0="10,13,26,125,19,32,111,57,9,92,7,1,20" hai1="96,112,123,29,99,35,113,103,44,94,14,50,34" hai2="18,33,75,51,133,124,70,80,62,98,12,135,59" hai3="48,38,46,28,24,47,119,69,64,3,110,81,105"/><W25/><G105/><T122/><D111/><U23/><E123/><V95/><F33/><W39/><G3/><T27/><D122/><U115/><E96/><V40/><F124/><W90/><G110/><T79/><D79/><U77/><E77/><V126/><F126/><W100/><G119/><T108/><D108/><U93/><E93/><V36/><F75/><W17/><G100/><T49/><D92/><U41/><REACH who="1" step="1"/><E14/><REACH who="1" ten="350,307,48,285" step="2"/><V52/><F80/><W118/><G118/><T8/><D125/><U63/><E63/><V5/><F5/><W132/><G132/><N who="2" m="50761" /><F95/><W86/><G47/><T76/><D7/><U83/><E83/><V104/><F98/><W53/><G69/><T72/><D76/><U66/><E66/><N who="2" m="41303" /><F104/><W31/><G64/><T45/><D13/><U78/><E78/><V91/><F91/><W21/><REACH who="3" step="1"/><G17/><REACH who="3" ten="350,307,48,275" step="2"/><T11/><D19/><U130/><E130/><V89/><F89/><W67/><G67/><T71/><D1/><U37/><E37/><V128/><F128/><W0/><G0/><T22/><D71/><U101/><E101/><V117/><F117/><W102/><G102/><T58/><D45/><U127/><E127/><V6/><F6/><W97/><G97/><T129/><D129/><U15/><E15/><V134/><N who="2" m="50769" /><V55/><DORA hai="107" /><F12/><W84/><G84/><T4/><D4/><U16/><E16/><V43/><F18/><W116/><G116/><T106/><D106/><U121/><E121/><V61/><F36/><W114/><G114/><T54/><N who="0" m="2048" /><DORA hai="87" /><T65/><D65/><U56/><E56/><AGARI ba="1,2" hai="40,43,51,52,55,56,59,61" m="41303,50769" machi="56" ten="40,16000,3" yaku="20,1,34,2,52,4,54,1" doraHai="131,107,87" who="2" fromWho="1" sc="350,0,307,-163,48,183,275,0" owari="350,45.0,144,-36.0,231,-17.0,275,8.0" />
</Scene>
</mjloggm>