<mjloggm ver="2.3"><GO type="41"/><UN n0="%63%68%6F%6E%6A%69" n1="%41%67%31%30%37" n2="%E6%9D%B1%E5%8D%98%E9%A8%8E" n3="%E5%A4%AA%E3%81%8F%E3%81%AA%E3%81%84%E3%81%8A" dan="14,14,15,15" rate="1847,1878,2006,2030" sx="M,M,M,M"/><TAIKYOKU oya="0"/>

<Scene>
<INIT seed="0,0,0,0,3,22" ten="250,250,250,250" oya="0" hai0="134,109,128,102,96,87,27,95,121,6,37,10,123" hai1="99,65,46,14,67,12,108,105,74,88,97,23,19" hai2="61,91,13,30,66,68,39,69,104,98,20,71,32" hai3="62,101,118,16,45,135,82,133,81,40,84,21,80"/><T50/><D37/><U60/><E74/><V29/><F39/><N who="3" m="21663" /><G118/><T44/><D134/><N who="3" m="51209" /><G101/><T131/><D87/><U48/><E108/><V126/><F126/><W35/><G35/><T28/><D121/><U9/><E99/><V115/><F115/><W127/><G127/><T111/><D123/><U106/><E65/><V25/><F30/><W117/><G117/><T58/><D58/><U51/><E67/><V132/><F132/><W100/><G100/><T49/><D44/><U59/><E59/><V52/><F52/><W78/><G62/><T112/><D112/><U77/><E60/><V92/><REACH who="2" step="1"/><F104/><REACH who="2" ten="250,250,240,250" step="2"/><W103/><G103/><T55/><D55/><U34/><E106/><V125/><F125/><W17/><G17/><AGARI ba="0,1" hai="13,17,20,25,29,32,61,66,68,69,71,91,92,98" machi="17" ten="40,5200,0" yaku="1,1,52,1,53,1" doraHai="22" doraHaiUra="15" who="2" fromWho="3" sc="250,0,250,0,240,62,250,-52" />
</Scene>
<Scene>
<INIT seed="1,0,0,0,2,123" ten="250,250,302,198" oya="1" hai0="43,64,67,90,42,23,8,73,109,10,87,78,108" hai1="21,70,95,115,51,40,47,6,0,15,55,82,5" hai2="30,35,33,20,7,74,111,24,36,72,34,17,79" hai3="28,49,13,62,113,61,66,107,92,31,112,52,80"/><U37/><E115/><V101/><F36/><W130/><G107/><T50/><D73/><U53/><E82/><V60/><F101/><W46/><G130/><T58/><D78/><U116/><E116/><V100/><F100/><W98/><G80/><T128/><D128/><U83/><E83/><V38/><F38/><W102/><G62/><T94/><D23/><U65/><E0/><V125/><F60/><W93/><G93/><T86/><D50/><U27/><E95/><V104/><F104/><W75/><G75/><T41/><D58/><N who="1" m="33087" /><E55/><V25/><F79/><W127/><G127/><T88/><D43/><U63/><E15/><V32/><F125/><W85/><G85/><T12/><D94/><U118/><E118/><V1/><F74/><W126/><G126/><T133/><REACH who="0" step="1"/><D12/><REACH who="0" ten="240,250,302,198" step="2"/><U124/><E124/><V117/><F72/><W97/><G13/><T11/><D11/><U76/><E76/><V56/><F117/><W48/><G98/><T119/><D119/><U59/><E21/><V105/><F105/><W114/><REACH who="3" step="1"/><G49/><REACH who="3" ten="240,250,302,188" step="2"/><T122/><D122/><U121/><E121/><V91/><F91/><W132/><G132/><AGARI ba="0,2" hai="8,10,41,42,64,67,86,87,88,90,108,109,132,133" machi="132" ten="25,12000,2" yaku="1,1,22,2,52,2,54,1,53,0" doraHai="123" doraHaiUra="134" who="0" fromWho="3" sc="240,140,250,0,302,0,188,-120" />
</Scene>
<Scene>
<INIT seed="2,0,0,2,5,71" ten="380,250,302,68" oya="2" hai0="56,91,110,72,29,31,19,70,13,44,108,93,14" hai1="77,34,79,35,8,125,36,122,80,124,40,41,9" hai2="16,130,10,61,94,20,4,89,23,22,128,123,113" hai3="78,27,85,6,127,76,87,102,24,95,15,129,62"/><V60/><F123/><W66/><G129/><N who="2" m="49769" /><F113/><W119/><G119/><T101/><D70/><U50/><E50/><V57/><F57/><N who="3" m="37199" /><G127/><T74/><D101/><U38/><REACH who="1" step="1"/><E80/><REACH who="1" ten="380,240,302,68" step="2"/><V132/><F132/><W81/><G78/><T104/><D104/><U83/><E83/><V18/><F61/><W69/><G69/><T33/><D74/><U5/><E5/><V45/><F60/><W1/><G1/><T46/><D72/><U39/><E39/><V65/><F45/><W52/><G76/><T59/><D46/><U82/><E82/><V84/><F65/><W63/><G81/><T0/><D44/><U106/><E106/><V99/><F99/><N who="3" m="59775" /><G63/><T133/><D133/><U92/><E92/><V135/><F135/><W47/><G87/><T68/><D93/><U26/><E26/><V25/><F25/><W107/><G85/><T58/><D68/><U121/><AGARI ba="0,1" hai="8,9,34,35,36,38,40,41,77,79,121,122,124,125" machi="121" ten="25,16000,3" yaku="1,1,0,1,22,2,52,2,53,2" doraHai="71" doraHaiUra="28" who="1" fromWho="1" sc="380,-40,240,170,302,-80,68,-40" />
</Scene>
<Scene>
<INIT seed="3,0,0,4,5,100" ten="340,410,222,28" oya="3" hai0="31,98,124,2,125,23,110,29,8,119,46,41,116" hai1="117,30,91,60,66,26,99,123,95,49,109,107,39" hai2="78,55,35,10,96,115,9,33,112,86,52,34,84" hai3="134,1,19,81,53,27,38,72,122,50,97,105,131"/><W132/><G122/><T113/><D98/><U64/><E39/><V0/><F96/><W85/><G1/><T58/><D58/><U114/><E123/><V59/><F78/><W130/><G38/><T73/><D110/><U18/><E114/><V57/><REACH who="2" step="1"/><F35/><REACH who="2" ten="340,410,212,28" step="2"/><W75/><G97/><T74/><D113/><U25/><E99/><V65/><F65/><W71/><G105/><T28/><D119/><U111/><E107/><V44/><F44/><N who="3" m="27847" /><G71/><T42/><D116/><U6/><E117/><V106/><F106/><W103/><G103/><T4/><D23/><U129/><E64/><V11/><F11/><W16/><G75/><T108/><D108/><U135/><E66/><V82/><F82/><W127/><G72/><T48/><D74/><U15/><E109/><V21/><F21/><N who="3" m="13735" /><G127/><N who="0" m="48715" /><D73/><U90/><E111/><V61/><F61/><W13/><G81/><T94/><D94/><U69/><E60/><V87/><F87/><W17/><G85/><T104/><D104/><U92/><E95/><V80/><F80/><W120/><G120/><T89/><D89/><U126/><E92/><V37/><F37/><W54/><G54/><AGARI ba="0,1" hai="2,4,8,28,29,31,41,42,46,48,54" m="48715" machi="54" ten="30,1000,0" yaku="18,1" doraHai="100" who="0" fromWho="3" sc="340,20,410,0,212,0,28,-10" />
</Scene>
<Scene>
<INIT seed="4,0,0,2,4,106" ten="360,410,212,18" oya="0" hai0="81,23,76,89,110,67,51,122,53,3,134,15,112" hai1="102,68,21,129,7,75,32,39,120,8,31,24,77" hai2="71,124,93,113,116,96,118,57,61,100,2,63,84" hai3="4,119,58,74,105,38,5,48,72,26,18,36,79"/><T83/><D122/><U121/><E68/><V0/><F71/><W11/><G119/><N who="2" m="45609" /><F124/><W45/><G105/><T27/><D3/><N who="2" m="1066" /><F113/><W107/><G107/><T111/><D112/><U78/><E39/><V9/><F9/><W28/><G58/><N who="0" m="33087" /><D15/><U35/><E102/><V133/><F133/><W130/><G130/><T87/><D67/><U6/><E8/><V66/><F63/><W135/><G135/><T73/><D134/><U14/><E7/><V34/><F84/><W103/><G103/><T95/><D23/><U123/><E21/><V20/><F20/><W52/><G18/><T29/><D27/><U131/><E24/><V30/><F30/><W46/><G4/><T56/><D56/><U33/><E6/><V108/><F108/><N who="0" m="41514" /><D29/><U117/><E31/><V125/><F125/><W16/><G16/><T86/><D83/><U47/><E120/><V17/><F17/><W19/><G19/><T54/><D54/><U104/><E121/><V97/><F97/><AGARI ba="0,0" hai="73,76,81,86,87,89,95,97" m="41514,33087" machi="97" ten="30,2900,0" yaku="10,1,52,1" doraHai="106" who="0" fromWho="2" sc="360,29,410,0,212,-29,18,0" />
</Scene>
<Scene>
<INIT seed="4,1,0,2,4,34" ten="389,410,183,18" oya="0" hai0="49,79,111,48,20,9,114,132,83,43,64,104,77" hai1="25,69,113,46,23,55,4,94,31,19,17,36,28" hai2="130,65,75,127,108,40,118,92,10,86,45,129,119" hai3="5,125,66,89,93,90,85,68,131,124,107,81,126"/><T80/><D114/><U11/><E113/><V13/><F75/><W54/><G5/><T134/><D104/><U44/><E69/><V60/><F127/><W101/><G54/><T29/><D64/><U135/><E135/><N who="0" m="51753" /><D43/><U116/><E116/><N who="2" m="44587" /><F108/><W2/><G66/><T120/><D120/><U8/><E94/><V22/><F22/><W96/><G68/><T37/><D37/><U123/><E123/><V47/><F92/><W91/><G2/><T50/><D111/><U95/><E95/><V74/><F86/><W88/><REACH who="3" step="1"/><G131/><REACH who="3" ten="389,410,183,8" step="2"/><N who="2" m="50185" /><F40/><W58/><G58/><T35/><D35/><U97/><E55/><V15/><F47/><W7/><G7/><T121/><D121/><U27/><E4/><V99/><F45/><W128/><G128/><T110/><D110/><U51/><E46/><V33/><F65/><W115/><G115/><T106/><D106/><AGARI ba="1,1" hai="81,85,88,89,90,91,93,96,101,106,107,124,125,126" machi="106" ten="50,12000,2" yaku="1,1,18,1,34,3,54,1,53,0" doraHai="34" doraHaiUra="41" who="3" fromWho="0" sc="389,-123,410,0,183,0,8,133" />
</Scene>
<Scene>
<INIT seed="5,0,0,2,0,91" ten="266,410,183,141" oya="1" hai0="10,130,22,106,52,57,5,60,54,19,107,90,53" hai1="108,43,66,99,127,129,87,14,44,82,104,26,78" hai2="33,9,21,126,72,120,27,4,84,73,86,12,13" hai3="49,111,80,101,71,48,68,47,23,121,8,50,112"/><U95/><E108/><V15/><F120/><W74/><G111/><T92/><D130/><U97/><E129/><V103/><F103/><W88/><G121/><T28/><D28/><U118/><E118/><V51/><F126/><W93/><G112/><T29/><D29/><U65/><E26/><V67/><F67/><W34/><G34/><T94/><D107/><U6/><E127/><V70/><F70/><W55/><G101/><T56/><D106/><U109/><E109/><V16/><F33/><W32/><G32/><T7/><D90/><U35/><E35/><V61/><F61/><W41/><G8/><T96/><D96/><U125/><E125/><V123/><F123/><W69/><G23/><T3/><D54/><U38/><E104/><V58/><F73/><W64/><G64/><T122/><D122/><U100/><REACH who="1" step="1"/><E99/><REACH who="1" ten="266,400,183,141" step="2"/><V135/><F135/><W79/><REACH who="3" step="1"/><G41/><REACH who="3" ten="266,400,183,131" step="2"/><T0/><D0/><U81/><E81/><V132/><F132/><W85/><AGARI ba="0,2" hai="47,48,49,50,55,68,69,71,74,79,80,85,88,93" machi="85" ten="30,8000,1" yaku="1,1,2,1,0,1,52,1,54,1,53,0" doraHai="91" doraHaiUra="131" who="3" fromWho="3" sc="266,-20,400,-40,183,-20,131,100" />
</Scene>
<Scene>
<INIT seed="6,0,0,0,2,78" ten="246,360,163,231" oya="2" hai0="94,37,29,92,99,50,97,54,135,48,87,55,130" hai1="126,122,28,18,57,80,90,60,52,104,34,95,111" hai2="15,93,132,21,112,65,35,83,134,116,22,0,109" hai3="66,12,46,81,108,131,8,128,133,45,71,1,14"/><V101/><F116/><W115/><G108/><T42/><D135/><N who="2" m="51754" /><F35/><W62/><G133/><T67/><D130/><N who="3" m="49705" /><G115/><T16/><D37/><U19/><E111/><V5/><F0/><W69/><G69/><T98/><D42/><U110/><E110/><V31/><F109/><W100/><G100/><T117/><D117/><U77/><E104/><V129/><F129/><W20/><G81/><T30/><D67/><U41/><E41/><V58/><F112/><W47/><G20/><T121/><D121/><U56/><E122/><V4/><F22/><W33/><G33/><T53/><D16/><U103/><E103/><V107/><F107/><W43/><G43/><T91/><REACH who="0" step="1"/><D94/><REACH who="0" ten="236,360,163,231" step="2"/><U68/><E18/><N who="2" m="10463" /><F31/><AGARI ba="0,1" hai="29,30,31,48,50,53,54,55,87,91,92,97,98,99" machi="31" ten="40,2600,0" yaku="1,1,8,1,53,0" doraHai="78" doraHaiUra="106" who="0" fromWho="2" sc="236,36,360,0,163,-26,231,0" />
</Scene>
<Scene>
<INIT seed="7,0,0,1,5,82" ten="272,360,137,231" oya="3" hai0="2,34,9,67,129,33,52,130,1,117,93,7,49" hai1="96,79,65,78,60,132,90,19,42,10,11,80,27" hai2="17,46,101,92,135,15,87,114,24,102,113,83,98" hai3="0,122,108,5,62,64,54,120,75,105,3,119,36"/><W74/><G54/><T43/><D117/><U88/><E132/><V100/><F135/><W47/><G119/><T28/><D43/><U81/><E42/><V107/><F24/><W116/><G116/><T106/><D106/><U16/><E27/><V6/><F6/><W134/><G134/><T103/><D67/><U61/><E65/><V41/><F41/><N who="3" m="22951" /><G105/><T110/><D110/><U8/><E8/><V35/><F35/><W14/><G14/><T39/><D39/><U40/><E40/><V48/><F48/><W25/><G25/><T121/><D121/><N who="3" m="46697" /><G108/><T84/><D1/><N who="3" m="585" /><G5/><T125/><D125/><U76/><E76/><N who="2" m="46567" /><F46/><W112/><G112/><N who="2" m="43113" /><F17/><W69/><AGARI ba="0,0" hai="62,64,69,74,75" m="585,46697,22951" machi="69" ten="30,1500,0" yaku="23,1" doraHai="82" who="3" fromWho="3" sc="272,-5,360,-5,137,-5,231,15" />
</Scene>
<Scene>
<INIT seed="7,1,0,1,3,24" ten="267,355,132,246" oya="3" hai0="100,117,52,134,82,29,76,4,9,124,99,78,48" hai1="121,131,22,57,95,23,73,84,102,18,112,8,92" hai2="38,53,59,25,106,44,27,1,103,88,91,6,126" hai3="60,74,132,17,68,125,75,3,70,20,111,58,81"/><W49/><G3/><T54/><D117/><U79/><E121/><V7/><F126/><W51/><G125/><T10/><D134/><U55/><E73/><V93/><F106/><W30/><G132/><T107/><D124/><U37/><E37/><V120/><F120/><W31/><G111/><T86/><D78/><U128/><E112/><V34/><F34/><W5/><G5/><T96/><D96/><N who="1" m="59655" /><E95/><V13/><F1/><W77/><G74/><T40/><D10/><U43/><E43/><V36/><F103/><W64/><G49/><T28/><D40/><U45/><E45/><V11/><F38/><W61/><G51/><T127/><D127/><U122/><E122/><V21/><F44/><W56/><G68/><T115/><D115/><U33/><E33/><V32/><F32/><W116/><G116/><T39/><D39/><U15/><E84/><V97/><F36/><W85/><G75/><T89/><D76/><U63/><E79/><V72/><F72/><W62/><G70/><T47/><D54/><U87/><E87/><V135/><F135/><W83/><G83/><T80/><D80/><U119/><E119/><V105/><F105/><W46/><G46/><T114/><D114/><U66/><E66/><V123/><F123/><W12/><G61/><T41/><D41/><U0/><E0/><AGARI ba="1,0" hai="0,4,9,28,29,47,48,52,82,86,89,99,100,107" machi="0" ten="30,7700,0" yaku="7,1,52,2,54,1" doraHai="24" who="0" fromWho="1" sc="267,80,355,-80,132,0,246,0" owari="347,44.0,275,8.0,132,-37.0,246,-15.0" />
</Scene>
</mjloggm>