<mjloggm ver="2.3"><GO type="169"/><UN n0="%E3%81%93%E3%81%98%E3%82%8D" n1="%E5%A4%AA%E3%81%8F%E3%81%AA%E3%81%84%E3%81%8A" n2="%E6%AF%94%E5%98%89%E7%A7%80%E4%BB%81" n3="%E3%81%8F%E3%82%89%E3%81%8F%E3%82%89" dan="17,18,16,16" rate="2159,2192,2101,2081" sx="M,M,M,M"/><TAIKYOKU oya="0"/>

<Scene>
<INIT seed="0,0,0,2,4,111" ten="250,250,250,250" oya="0" hai0="38,88,127,66,4,31,41,32,19,40,5,22,63" hai1="98,9,16,28,75,120,64,34,116,93,47,87,53" hai2="130,44,65,7,84,56,27,114,92,50,26,0,107" hai3="97,109,122,81,21,96,100,110,126,132,82,42,36"/><T35/><D127/><U129/><E120/><V43/><F107/><W45/><G122/><T46/><D41/><U39/><E116/><V79/><F130/><W48/><G132/><T128/><D128/><U118/><E75/><V121/><F121/><W58/><G126/><T29/><D32/><U91/><E118/><V113/><F0/><W23/><G58/><T112/><D112/><U101/><E129/><V17/><F7/><W3/><G3/><T125/><D125/><U2/><E64/><V49/><F27/><W60/><G60/><T123/><D123/><U131/><E131/><V52/><F65/><W6/><G6/><T18/><D18/><U8/><E2/><V74/><F74/><W14/><G36/><T73/><D73/><U10/><E28/><V103/><F103/><W99/><G100/><T62/><D62/><U135/><E34/><V104/><F104/><W37/><G37/><T20/><D20/><N who="3" m="7753" /><G14/><T78/><D78/><U54/><E135/><V133/><F133/><W30/><G30/><T11/><D35/><U57/><E57/><V134/><F134/><W61/><G61/><T72/><D72/><U51/><E39/><V13/><F26/><W25/><G25/><N who="0" m="14559" /><D5/><U90/><E16/><V85/><F13/><W124/><G124/><T83/><D11/><U102/><REACH who="1" step="1"/><E54/><REACH who="1" ten="250,240,250,250" step="2"/><V24/><F17/><W106/><G110/><T15/><D15/><U89/><E89/><N who="2" m="53287" /><F24/><W1/><G109/><T12/><D12/><U55/><E55/><V105/><F52/><W115/><G1/><T68/><D4/><U76/><E76/><V86/><F79/><RYUUKYOKU ba="0,1" sc="250,15,240,15,250,-15,250,-15" hai0="29,31,38,40,46,63,66,68,83,88" hai1="8,9,10,47,51,53,87,90,91,93,98,101,102" />
</Scene>
<Scene>
<INIT seed="0,1,1,5,2,92" ten="265,255,235,235" oya="0" hai0="58,45,98,67,44,94,121,36,84,114,18,33,108" hai1="20,15,130,119,81,132,99,105,2,127,3,66,35" hai2="43,122,6,21,34,68,52,135,125,5,97,131,14" hai3="4,76,102,59,133,95,80,17,19,111,22,62,116"/><T32/><D121/><U23/><E119/><V79/><F122/><W12/><G116/><T88/><D114/><U110/><E35/><V24/><F34/><W64/><G133/><T40/><D108/><U134/><E66/><V113/><F68/><W123/><G123/><T51/><D18/><U65/><E65/><V49/><F113/><W90/><G102/><T63/><REACH who="0" step="1"/><D84/><REACH who="0" ten="255,255,235,235" step="2"/><U70/><E110/><V91/><F135/><W83/><G111/><T61/><D61/><U29/><E132/><V7/><F7/><W126/><G4/><T86/><D86/><U118/><E134/><V103/><F5/><W85/><G126/><T8/><D8/><U87/><E87/><V57/><F6/><W13/><REACH who="3" step="1"/><G76/><REACH who="3" ten="255,255,235,225" step="2"/><T28/><D28/><U96/><E29/><N who="2" m="17551" /><F79/><W75/><G75/><T50/><D50/><U39/><E127/><V106/><F125/><W69/><G69/><T48/><D48/><U53/><E70/><V72/><F72/><W120/><G120/><T37/><D37/><U107/><E39/><V25/><F49/><W124/><G124/><T1/><D1/><U89/><E2/><V54/><F97/><W78/><G78/><T104/><D104/><U71/><E3/><V109/><F106/><W128/><G128/><T26/><D26/><U16/><E71/><V115/><F25/><W129/><G129/><T101/><D101/><U60/><E130/><V38/><F131/><W77/><G77/><T117/><D117/><U11/><E118/><V93/><F115/><W55/><G55/><AGARI ba="1,3" hai="32,33,36,40,44,45,51,55,58,63,67,88,94,98" machi="55" ten="30,11600,0" yaku="1,1,7,1,52,1,54,1,53,0" doraHai="92" doraHaiUra="10" who="0" fromWho="3" sc="255,149,255,0,235,0,225,-119" />
</Scene>
<Scene>
<INIT seed="0,2,0,0,4,32" ten="404,255,235,106" oya="0" hai0="72,114,116,46,52,38,59,108,61,33,135,42,28" hai1="35,58,19,57,51,103,49,45,128,91,92,74,17" hai2="44,62,23,133,101,132,93,88,3,40,8,6,102" hai3="86,107,26,21,2,83,77,105,97,48,36,134,131"/><T81/><D116/><U100/><E35/><V126/><F62/><W60/><G36/><T34/><D114/><U63/><E74/><V66/><F66/><W129/><G134/><N who="2" m="51817" /><F23/><W68/><G48/><T43/><D135/><U0/><E128/><N who="3" m="49226" /><G97/><T13/><D43/><U24/><E0/><V70/><F70/><W69/><G60/><T78/><D28/><U41/><E51/><N who="2" m="27015" /><F126/><W55/><G2/><T115/><D115/><U120/><E120/><V10/><F10/><W20/><G55/><T123/><D123/><U64/><E58/><V37/><F37/><W94/><G94/><T87/><D108/><U50/><E50/><V84/><AGARI ba="2,0" hai="3,6,8,84,88,93,101,102" m="27015,51817" machi="84" ten="30,4000,0" yaku="20,1,52,1,54,1" doraHai="32" who="2" fromWho="2" sc="404,-22,255,-12,235,46,106,-12" />
</Scene>
<Scene>
<INIT seed="1,0,0,0,3,123" ten="382,243,281,94" oya="1" hai0="2,21,29,26,82,130,16,134,65,88,115,17,75" hai1="127,3,5,45,37,20,129,73,99,53,52,42,61" hai2="44,122,55,135,8,32,43,131,109,51,54,81,125" hai3="34,66,14,119,50,93,71,133,63,118,104,31,7"/><U62/><E73/><V113/><F81/><W19/><G104/><T48/><D115/><U92/><E129/><V9/><F8/><W111/><G7/><T112/><D112/><U100/><E127/><V97/><F9/><W40/><G93/><T87/><D2/><U1/><E5/><V11/><F97/><W22/><G31/><T12/><D130/><U121/><E121/><V59/><F11/><W58/><G34/><T47/><D134/><U25/><E61/><V60/><F32/><W86/><G86/><T108/><D108/><U23/><E23/><V103/><F103/><W6/><G6/><T114/><D114/><U98/><E98/><V83/><F83/><W41/><G133/><T4/><D75/><U102/><E102/><V91/><F91/><W126/><G126/><T124/><D124/><U39/><E39/><V64/><F135/><W128/><G128/><T110/><D110/><U105/><E105/><V18/><F131/><W13/><G13/><T36/><D36/><U56/><REACH who="1" step="1"/><E53/><REACH who="1" ten="382,233,281,94" step="2"/><V28/><F125/><W106/><G106/><T70/><D65/><U72/><E72/><V101/><F122/><W49/><G111/><T35/><D70/><U69/><E69/><V33/><F109/><W76/><G71/><T15/><D4/><U96/><E96/><V120/><F120/><W0/><G0/><T132/><D132/><U57/><E57/><V38/><F113/><W85/><G119/><T94/><D35/><U24/><E24/><N who="2" m="18567" /><F101/><W89/><G118/><T116/><D116/><U90/><E90/><V30/><F54/><W107/><G107/><RYUUKYOKU ba="0,1" sc="382,-10,233,30,281,-10,94,-10" hai1="1,3,20,25,37,42,45,52,56,62,92,99,100" />
</Scene>
<Scene>
<INIT seed="1,1,1,0,0,64" ten="372,263,271,84" oya="1" hai0="129,2,93,134,71,56,60,117,107,20,53,122,132" hai1="70,12,110,32,65,86,4,30,91,34,94,74,48" hai2="9,58,44,114,125,37,118,103,127,100,128,76,67" hai3="99,109,68,135,43,83,119,17,10,66,131,120,42"/><U41/><E74/><V126/><F118/><W69/><G66/><T89/><D117/><U98/><E110/><V54/><F128/><W19/><G119/><T1/><D107/><U7/><E41/><N who="2" m="22575" /><F76/><W102/><G83/><T116/><D116/><U18/><E48/><N who="2" m="31047" /><F114/><W80/><G80/><T50/><D129/><U22/><E32/><V6/><F67/><W73/><G131/><T15/><D122/><U133/><E133/><N who="0" m="51305" /><D60/><U72/><E72/><V77/><F77/><W79/><G135/><T105/><D105/><U47/><E47/><V45/><F45/><W26/><G73/><T87/><D71/><U92/><E34/><V14/><AGARI ba="1,1" hai="6,9,14,100,103,125,126,127" m="31047,22575" machi="14" ten="30,1100,0" yaku="18,1" doraHai="64" who="2" fromWho="2" sc="372,-4,263,-6,271,24,84,-4" />
</Scene>
<Scene>
<INIT seed="2,0,0,0,2,20" ten="368,257,295,80" oya="2" hai0="0,80,62,100,7,84,16,118,48,24,90,121,8" hai1="41,114,77,85,79,54,4,3,106,123,109,119,93" hai2="81,58,110,88,59,76,112,132,2,101,42,71,1" hai3="26,99,86,69,14,55,11,51,45,102,130,61,124"/><V95/><F112/><W120/><G120/><T28/><D121/><U29/><E123/><V23/><F132/><W82/><G124/><T92/><D118/><U38/><E114/><V107/><F71/><W27/><G130/><T64/><D48/><U21/><E119/><V43/><F110/><W18/><G61/><T73/><D73/><U117/><E106/><V22/><F101/><W67/><G67/><T31/><D100/><U10/><E117/><V135/><F107/><W65/><G65/><T78/><D78/><U5/><E5/><V12/><F135/><W103/><G69/><T37/><D37/><U35/><E35/><V111/><F111/><W104/><REACH who="3" step="1"/><G102/><REACH who="3" ten="368,257,295,70" step="2"/><T52/><D64/><U122/><E122/><V15/><F1/><W19/><G19/><T30/><D0/><U87/><E109/><V50/><F2/><W108/><G108/><T126/><D126/><U6/><E6/><V96/><F12/><W127/><G127/><T47/><D62/><U44/><E4/><V17/><F23/><W75/><G75/><T115/><D115/><U105/><E21/><V57/><REACH who="2" step="1"/><F50/><REACH who="2" ten="368,257,285,70" step="2"/><W63/><G63/><T116/><D116/><U74/><E3/><V25/><F25/><W34/><G34/><T33/><D24/><U49/><E49/><V97/><F97/><W70/><G70/><T46/><D33/><U40/><E38/><V134/><F134/><W128/><G128/><T32/><D32/><U125/><E125/><V131/><F131/><W56/><G56/><T53/><D47/><U98/><E98/><V72/><AGARI ba="0,2" hai="15,17,22,42,43,57,58,59,72,76,81,88,95,96" machi="72" ten="30,11700,0" yaku="1,1,0,1,54,1,53,1" doraHai="20" doraHaiUra="89" who="2" fromWho="2" sc="368,-39,257,-39,285,137,70,-39" />
</Scene>
<Scene>
<INIT seed="2,1,0,5,1,0" ten="329,218,422,31" oya="2" hai0="26,38,13,75,98,134,14,110,115,62,30,96,16" hai1="103,46,90,113,39,108,25,32,27,105,37,104,1" hai2="109,3,44,10,15,51,94,127,61,49,88,78,135" hai3="57,101,112,91,70,114,2,111,120,60,20,12,116"/><V5/><F135/><W42/><G2/><T89/><D75/><U123/><E113/><N who="3" m="43626" /><G120/><T71/><D38/><U84/><E1/><V126/><F109/><W132/><G116/><T67/><D110/><U68/><E68/><V117/><F117/><W9/><G70/><T54/><D115/><U77/><E77/><V83/><F61/><W85/><G101/><T48/><D134/><U73/><E73/><V53/><F51/><W19/><G132/><T64/><D64/><U95/><E108/><V124/><F3/><W41/><G111/><T34/><D13/><U24/><E123/><V58/><F44/><W79/><G20/><T11/><REACH who="0" step="1"/><D89/><REACH who="0" ten="319,218,422,31" step="2"/><U102/><E37/><V59/><F88/><W52/><G79/><T87/><D87/><U7/><E39/><V86/><F127/><W29/><G85/><T66/><D66/><U74/><E74/><V119/><F126/><W122/><G91/><T69/><D69/><U106/><E84/><V50/><F124/><W31/><G122/><T107/><D107/><U45/><E90/><V133/><F133/><W80/><G80/><T125/><D125/><U40/><E105/><V99/><F119/><W76/><G76/><T28/><D28/><AGARI ba="1,1" hai="9,12,19,28,29,31,41,42,52,57,60" m="43626" machi="28" ten="30,2000,0" yaku="11,1,54,1" doraHai="0" who="3" fromWho="0" sc="319,-23,218,0,422,0,31,33" />
</Scene>
<Scene>
<INIT seed="3,0,0,4,2,57" ten="296,218,422,64" oya="3" hai0="1,127,0,107,124,46,129,119,88,39,34,19,97" hai1="7,50,22,118,37,84,63,116,87,45,120,109,40" hai2="105,49,96,64,59,29,13,112,25,76,26,101,31" hai3="28,111,44,92,8,106,93,11,117,77,115,18,6"/><W36/><G117/><N who="1" m="45162" /><E120/><V102/><F112/><W121/><G115/><T5/><D119/><U27/><E109/><V79/><F102/><W126/><G121/><T75/><D75/><U80/><E7/><V56/><F13/><W23/><G106/><T94/><D107/><U20/><E63/><V110/><F110/><W43/><G111/><T72/><D72/><U48/><E84/><V90/><F90/><W58/><G126/><T98/><D34/><U17/><E22/><V83/><F49/><W85/><G28/><T71/><D71/><U91/><AGARI ba="0,0" hai="17,20,27,37,40,45,48,50,80,87,91" m="45162" machi="91" ten="30,1100,0" yaku="12,1" doraHai="57" who="1" fromWho="1" sc="296,-3,218,11,422,-3,64,-5" />
</Scene>
<Scene>
<INIT seed="4,0,0,2,2,104" ten="293,229,419,59" oya="0" hai0="71,128,24,31,81,15,47,96,56,84,34,41,55" hai1="122,65,87,36,59,120,89,45,82,125,19,101,3" hai2="51,107,113,5,35,115,129,92,28,32,20,1,66" hai3="46,134,52,108,97,118,2,69,53,37,133,127,30"/><T112/><D71/><U33/><E33/><V39/><F66/><W63/><G2/><T67/><D67/><U27/><E3/><V70/><F51/><W90/><G30/><T135/><D135/><N who="3" m="51721" /><G118/><T111/><D111/><U88/><E125/><V10/><F92/><N who="3" m="56471" /><G108/><T131/><D112/><N who="2" m="43082" /><F107/><W80/><G80/><T8/><D96/><U4/><E101/><V73/><F70/><W64/><G127/><T75/><D56/><U79/><E4/><V57/><F57/><W54/><G37/><T93/><D55/><U21/><E36/><V83/><F39/><W124/><G124/><T109/><D109/><U68/><E68/><V23/><F129/><W103/><G103/><T29/><D29/><U98/><E45/><AGARI ba="0,0" hai="45,46,52,53,54,63,64,69" m="56471,51721" machi="45" ten="30,2000,0" yaku="20,1,54,1" doraHai="104" who="3" fromWho="1" sc="293,0,229,-20,419,0,59,20" />
</Scene>
<Scene>
<INIT seed="5,0,0,0,0,25" ten="293,209,419,79" oya="1" hai0="121,135,105,69,13,59,84,38,55,62,5,114,118" hai1="89,99,107,42,95,48,68,91,4,24,12,127,109" hai2="46,29,64,112,36,87,31,90,63,133,102,3,103" hai3="61,93,80,14,70,100,108,132,98,32,66,78,8"/><U41/><E68/><V2/><F46/><W122/><G108/><T15/><D105/><U65/><E127/><V76/><F36/><W104/><G122/><T81/><D118/><U92/><E107/><V23/><F76/><W120/><G120/><T20/><D121/><U131/><E109/><V16/><F2/><W27/><G132/><T73/><D73/><U82/><E131/><V116/><F3/><W72/><G14/><T83/><D38/><U33/><E65/><V19/><F133/><W94/><G8/><T1/><D69/><U117/><E117/><V67/><F116/><W7/><G7/><T50/><D135/><U21/><E33/><V44/><F44/><W74/><REACH who="3" step="1"/><G72/><REACH who="3" ten="293,209,419,69" step="2"/><T110/><D110/><U11/><E4/><V53/><F112/><W26/><G26/><T10/><D114/><U0/><E12/><N who="2" m="9607" /><F19/><W43/><G43/><T47/><D1/><U128/><E11/><V126/><F126/><W58/><G58/><T34/><D15/><U77/><E0/><V49/><F67/><W106/><G106/><T79/><D5/><U30/><E128/><V37/><F64/><W56/><G56/><T119/><D119/><U88/><E41/><V39/><F39/><W125/><G125/><T18/><D10/><U129/><E129/><V9/><F37/><W51/><G51/><T96/><D13/><U101/><E48/><V54/><F9/><W115/><G115/><T60/><D50/><U124/><E124/><V85/><F49/><W28/><AGARI ba="0,1" hai="27,28,32,61,66,70,74,78,80,93,94,98,100,104" machi="28" ten="30,8000,1" yaku="1,1,0,1,25,2,52,1,53,0" doraHai="25" doraHaiUra="71" who="3" fromWho="3" sc="293,-20,209,-40,419,-20,69,90" />
</Scene>
<Scene>
<INIT seed="6,0,0,0,2,123" ten="273,169,399,159" oya="2" hai0="40,22,49,101,47,131,1,85,83,52,21,120,95" hai1="68,39,108,18,28,63,31,81,116,41,75,77,50" hai2="111,70,91,74,60,126,72,44,114,102,8,69,45" hai3="66,58,38,12,130,84,117,79,43,13,67,61,55"/><V9/><F114/><W98/><G117/><T112/><D1/><U5/><E116/><V82/><F126/><W107/><G130/><T118/><D120/><U125/><E125/><V65/><F102/><W87/><G38/><T14/><D131/><U51/><E108/><V15/><F70/><W33/><G43/><T134/><D134/><U32/><E32/><V35/><F35/><W132/><G33/><T62/><D112/><U0/><E18/><V26/><F26/><W80/><G87/><T54/><D118/><U24/><E68/><V90/><F9/><W7/><G132/><T42/><D42/><U3/><E63/><V19/><F111/><W53/><G67/><T36/><D36/><U64/><E64/><V57/><F69/><W119/><G119/><T89/><D62/><U2/><E5/><V30/><F30/><W34/><G34/><T78/><D101/><U71/><E71/><V99/><F74/><W10/><REACH who="3" step="1"/><G13/><REACH who="3" ten="273,169,399,149" step="2"/><T100/><D14/><U46/><REACH who="1" step="1"/><E24/><REACH who="1" ten="273,159,399,149" step="2"/><V97/><F65/><W94/><G94/><T128/><D128/><U16/><E16/><V96/><F19/><W103/><AGARI ba="0,2" hai="7,10,12,53,55,58,61,66,79,80,84,98,103,107" machi="103" ten="30,2000,0" yaku="1,1,0,1,53,0" doraHai="123" doraHaiUra="88" who="3" fromWho="3" sc="273,-5,159,-5,399,-10,149,40" />
</Scene>
<Scene>
<INIT seed="7,0,0,2,0,117" ten="268,154,389,189" oya="3" hai0="52,105,86,21,43,56,25,46,93,10,94,48,87" hai1="24,37,53,20,31,28,76,2,1,84,100,63,88" hai2="77,92,133,96,74,3,128,131,79,82,91,75,30" hai3="49,73,44,129,57,66,135,67,115,42,58,121,18"/><W71/><G73/><N who="2" m="27657" /><F30/><W29/><G29/><T83/><D105/><U127/><E37/><V109/><F3/><W111/><G18/><T36/><D10/><U8/><E127/><V110/><F133/><W70/><G135/><T126/><D126/><U40/><E40/><V78/><F82/><W72/><G72/><T81/><D81/><U34/><E76/><V101/><F101/><W55/><G111/><AGARI ba="0,0" hai="77,78,79,91,92,96,109,110,111,128,131" m="27657" machi="111" ten="40,2600,0" yaku="34,2" doraHai="117" who="2" fromWho="3" sc="268,0,154,0,389,26,189,-26" owari="268,7.0,154,-35.0,415,52.0,163,-24.0" />
</Scene>
</mjloggm>