<mjloggm ver="2.3"><GO type="169"/><UN n0="%E5%A4%AA%E3%81%8F%E3%81%AA%E3%81%84%E3%81%8A" n1="%EF%BC%BC%28%EF%BC%BE%6F%EF%BC%BE%29%EF%BC%8F%E2%98%85" n2="%E5%89%A3%E5%9F%8E" n3="%E7%A5%AD%E4%BA%BA" dan="18,18,16,17" rate="2143,2192,2063,2186" sx="M,M,M,M"/><TAIKYOKU oya="0"/>

<Scene>
<INIT seed="0,0,0,0,4,117" ten="250,250,250,250" oya="0" hai0="29,46,53,95,45,98,28,86,5,116,55,125,99" hai1="42,65,109,39,32,133,56,36,93,35,62,20,57" hai2="52,118,34,127,72,47,1,50,124,108,19,115,61" hai3="33,66,43,120,106,78,135,75,59,80,112,129,92"/><T41/><D116/><U70/><E109/><V82/><F34/><W9/><G33/><T23/><D125/><N who="2" m="48202" /><F1/><W90/><G43/><T0/><D0/><U79/><E133/><V111/><F118/><W69/><G69/><T110/><D5/><U104/><E104/><V84/><F72/><W94/><G112/><T119/><D119/><U40/><E79/><V63/><F19/><W60/><G135/><T54/><D110/><N who="2" m="42026" /><F115/><W24/><G106/><T17/><D86/><U121/><E20/><V103/><F103/><W58/><G24/><N who="0" m="14447" /><D99/><U44/><E35/><V114/><F114/><W88/><G129/><T14/><D14/><U2/><E2/><V16/><F16/><W30/><G30/><N who="0" m="11883" /><D41/><U38/><E32/><V76/><AGARI ba="0,0" hai="47,50,52,61,63,76,82,84" m="42026,48202" machi="76" ten="30,4000,0" yaku="18,1,14,1,54,1" doraHai="117" who="2" fromWho="2" sc="250,-20,250,-10,250,40,250,-10" />
</Scene>
<Scene>
<INIT seed="1,0,0,4,2,74" ten="230,240,290,240" oya="1" hai0="10,79,23,87,97,44,45,11,85,108,5,101,125" hai1="67,38,115,9,111,82,39,30,129,77,61,84,127" hai2="37,21,106,80,32,71,42,28,35,90,110,29,70" hai3="62,58,48,72,3,1,96,36,102,113,66,114,54"/><U8/><E115/><V86/><F106/><W100/><G36/><T132/><D108/><U40/><E111/><V4/><F110/><W12/><G100/><T76/><D125/><U46/><E127/><V15/><F37/><W126/><G126/><T18/><D132/><U122/><E122/><V31/><F42/><W50/><G72/><T52/><D97/><U81/><E39/><V59/><F59/><W75/><G75/><T6/><D101/><U34/><E129/><V56/><F56/><W69/><G50/><N who="0" m="28743" /><D45/><U43/><E43/><V33/><F4/><N who="0" m="1642" /><D87/><U92/><E92/><V57/><F57/><W26/><G12/><N who="0" m="9671" /><D85/><U49/><E38/><V63/><F63/><W120/><G120/><T133/><D133/><U60/><E82/><V51/><F51/><W104/><REACH who="3" step="1"/><G26/><REACH who="3" ten="230,240,290,230" step="2"/><T134/><D134/><U7/><E49/><V22/><REACH who="2" step="1"/><F15/><REACH who="2" ten="230,240,280,230" step="2"/><W93/><G93/><T55/><D55/><U135/><E135/><V91/><F91/><W17/><G17/><T130/><D130/><U99/><E40/><V68/><AGARI ba="0,2" hai="21,22,28,29,31,32,33,35,68,70,71,80,86,90" machi="68" ten="50,12000,2" yaku="1,1,0,1,29,2,53,3" doraHai="74" doraHaiUra="65" who="2" fromWho="2" sc="230,-30,240,-60,280,140,230,-30" />
</Scene>
<Scene>
<INIT seed="2,0,0,5,4,32" ten="200,180,420,200" oya="2" hai0="79,47,15,132,97,123,35,117,124,131,126,75,92" hai1="70,54,63,53,13,57,46,68,43,128,121,88,52" hai2="49,94,51,48,122,118,23,106,24,71,114,86,40" hai3="134,34,25,102,18,64,27,8,87,42,130,78,0"/><V2/><F106/><W103/><G64/><T56/><D35/><U125/><E125/><N who="0" m="48233" /><D123/><U44/><E121/><V69/><F122/><W91/><G78/><T98/><D132/><U38/><E128/><V16/><F114/><W65/><G65/><T101/><D131/><U76/><E76/><V31/><F118/><W29/><G130/><T67/><D117/><U110/><E110/><V61/><F40/><W90/><G134/><T81/><D47/><N who="1" m="24055" /><E88/><V45/><F45/><N who="1" m="17513" /><E13/><V77/><F61/><W58/><G42/><T115/><D115/><U36/><E36/><V83/><F2/><W119/><G90/><N who="0" m="55447" /><D15/><U60/><E60/><V104/><F104/><W99/><G119/><T14/><D14/><U85/><E85/><V17/><REACH who="2" step="1"/><F94/><REACH who="2" ten="200,180,410,200" step="2"/><W3/><G3/><T93/><D93/><U105/><E105/><V66/><F66/><AGARI ba="0,1" hai="52,53,54,57,63,66,68,70" m="17513,24055" machi="66" ten="30,12000,2" yaku="35,5,54,1" doraHai="32" who="1" fromWho="2" sc="200,0,180,130,410,-120,200,0" />
</Scene>
<Scene>
<INIT seed="3,0,0,3,3,1" ten="200,310,290,200" oya="3" hai0="68,32,26,100,67,116,135,46,17,80,83,105,44" hai1="37,22,29,86,12,31,21,39,115,24,54,79,81" hai2="8,76,47,85,61,90,104,55,20,4,72,70,57" hai3="119,50,134,3,6,97,66,40,121,65,82,9,25"/><W28/><G119/><T2/><D116/><U41/><E115/><V132/><F104/><W62/><G121/><T45/><D2/><U49/><E41/><V78/><F72/><W96/><G134/><T110/><D135/><U113/><E113/><V19/><F132/><W98/><G82/><T27/><D110/><U52/><E54/><V101/><F101/><W130/><G130/><T126/><D126/><U87/><E86/><V56/><F70/><W14/><G3/><T15/><D105/><U13/><E13/><N who="2" m="5255" /><F56/><W133/><G133/><T127/><D100/><U64/><E64/><V74/><F47/><W60/><G66/><T128/><D127/><U10/><E22/><V120/><F74/><W0/><G0/><T84/><D128/><U48/><E31/><V123/><F120/><W92/><G92/><T107/><D107/><U77/><E77/><V99/><F99/><W38/><G38/><T112/><D112/><U18/><REACH who="1" step="1"/><E49/><REACH who="1" ten="200,300,290,200" step="2"/><V59/><F123/><W34/><REACH who="3" step="1"/><G65/><REACH who="3" ten="200,300,290,190" step="2"/><T16/><D67/><U94/><E94/><N who="2" m="54607" /><F59/><AGARI ba="0,2" hai="10,12,18,21,24,29,37,39,48,52,59,79,81,87" machi="59" ten="30,3900,0" yaku="1,1,7,1,54,1,53,0" doraHai="1" doraHaiUra="36" who="1" fromWho="2" sc="200,0,300,59,290,-39,190,0" />
</Scene>
<Scene>
<INIT seed="4,0,0,5,1,55" ten="200,359,251,190" oya="0" hai0="123,113,92,50,8,108,71,106,118,26,126,37,83" hai1="103,73,41,42,24,135,64,80,62,23,5,38,29" hai2="6,95,60,61,53,43,9,115,85,78,30,36,19" hai3="1,22,114,110,44,116,119,45,101,15,87,93,70"/><T49/><D106/><U13/><E38/><V79/><F30/><W35/><G35/><T3/><D123/><U56/><E135/><V10/><F115/><W16/><G110/><T97/><D118/><U121/><E121/><V130/><F36/><W21/><G70/><T90/><D37/><U67/><E67/><V65/><F43/><N who="1" m="16393" /><E73/><V86/><F130/><W25/><G1/><T112/><D71/><U52/><E80/><V131/><F131/><W46/><G114/><N who="0" m="44139" /><D126/><U84/><E84/><V81/><F81/><W107/><G107/><T32/><D108/><U89/><E89/><V18/><F53/><W39/><G39/><T100/><D32/><U128/><E128/><V82/><F82/><W104/><G104/><N who="0" m="63503" /><D83/><U72/><E72/><V109/><F109/><W0/><G0/><T2/><D26/><U134/><E134/><V75/><F95/><W69/><G69/><T129/><D129/><U94/><E94/><V17/><F75/><W12/><G116/><T102/><D102/><U68/><E103/><V51/><F78/><W132/><G132/><T7/><D2/><U20/><E68/><V14/><F79/><W57/><G119/><T96/><AGARI ba="0,0" hai="3,7,8,49,50,90,92,96" m="63503,44139" machi="96" ten="30,1500,0" yaku="15,1" doraHai="55" who="0" fromWho="0" sc="200,15,359,-5,251,-5,190,-5" />
</Scene>
<Scene>
<INIT seed="4,1,0,3,1,121" ten="215,354,246,185" oya="0" hai0="110,41,19,3,114,50,107,22,14,92,132,109,130" hai1="23,8,9,56,54,26,134,90,60,57,135,7,15" hai2="59,38,25,104,40,76,87,34,82,95,74,51,21" hai3="108,68,11,55,111,66,65,105,99,84,49,62,86"/><T2/><D107/><U6/><E57/><V42/><F34/><W79/><G65/><T127/><D114/><U33/><E33/><V120/><F120/><W36/><G36/><T4/><D127/><U20/><E90/><V18/><F38/><W113/><G113/><T126/><D126/><U77/><E77/><V96/><F59/><W93/><G105/><T106/><D106/><U37/><E37/><V103/><REACH who="2" step="1"/><F51/><REACH who="2" ten="215,354,236,185" step="2"/><W117/><G49/><T81/><D50/><U72/><E56/><V125/><F125/><W45/><G68/><T131/><D131/><U13/><E60/><V115/><F115/><W73/><G62/><T122/><D130/><U128/><E128/><V102/><F102/><W47/><G47/><T31/><D122/><U46/><E46/><V71/><F71/><W78/><G45/><T17/><D132/><U44/><E135/><V10/><F10/><W119/><G11/><T101/><D101/><U27/><E44/><V64/><F64/><W12/><G66/><T67/><D67/><U98/><E134/><V29/><F29/><W85/><G55/><T35/><D31/><U100/><E100/><V83/><F83/><W63/><G63/><T16/><D81/><U28/><E28/><V39/><F39/><W61/><G61/><T32/><D32/><U24/><E54/><V116/><F116/><W43/><G117/><T91/><D35/><U133/><E133/><V70/><F70/><W112/><G119/><T1/><D41/><U88/><E9/><V48/><F48/><W118/><G43/><T52/><D52/><U123/><E123/><RYUUKYOKU ba="1,1" sc="215,-10,354,-10,236,30,185,-10" hai2="18,21,25,40,42,74,76,82,87,95,96,103,104" />
</Scene>
<Scene>
<INIT seed="5,2,1,1,2,134" ten="205,344,266,175" oya="1" hai0="0,20,76,27,1,68,121,10,4,106,64,39,108" hai1="104,52,84,123,63,98,61,36,88,15,120,129,62" hai2="23,99,2,97,57,14,8,78,29,41,119,115,59" hai3="47,28,65,126,24,114,81,13,116,3,6,135,95"/><U70/><E36/><V110/><F2/><W82/><G3/><T117/><D117/><U69/><E129/><V130/><F110/><W79/><G135/><T67/><D108/><U113/><E113/><V122/><F119/><W74/><G116/><T33/><D39/><U46/><E15/><V75/><F122/><W22/><G114/><T50/><D106/><U26/><E26/><N who="2" m="16607" /><F75/><W96/><G126/><T25/><D121/><U91/><E123/><V73/><F73/><W34/><G65/><T131/><D131/><U93/><E120/><V53/><F130/><W60/><G60/><T118/><D118/><U87/><E104/><V89/><F78/><W107/><G107/><T19/><D76/><U105/><E105/><V112/><F41/><W42/><G81/><T48/><D1/><U12/><E12/><V11/><F115/><W5/><G34/><T44/><D68/><U9/><E9/><N who="2" m="3659" /><F14/><W31/><G31/><T72/><D72/><U38/><E38/><V18/><F18/><W49/><REACH who="3" step="1"/><G13/><REACH who="3" ten="205,344,266,165" step="2"/><N who="0" m="9327" /><D33/><U103/><E70/><V32/><F32/><W37/><G37/><T77/><D0/><U86/><E69/><V92/><F112/><W45/><G45/><T56/><D44/><U128/><E128/><V111/><F111/><W66/><G66/><T43/><D67/><U124/><E124/><V51/><F59/><W7/><G7/><T101/><D4/><U58/><E46/><V40/><F57/><W125/><G125/><T21/><D56/><N who="1" m="34951" /><E63/><V30/><F30/><W90/><AGARI ba="2,2" hai="5,6,22,24,28,42,47,49,74,79,82,90,95,96" machi="90" ten="20,5200,0" yaku="1,1,0,1,7,1,53,1" doraHai="134" doraHaiUra="17" who="3" fromWho="3" sc="205,-15,344,-28,266,-15,165,78" />
</Scene>
<Scene>
<INIT seed="6,0,0,5,3,117" ten="190,316,251,243" oya="2" hai0="38,127,65,58,135,7,9,2,125,64,60,69,1" hai1="111,112,54,71,56,82,122,14,133,86,114,44,46" hai2="8,42,33,134,98,118,78,83,45,27,109,63,76" hai3="115,57,91,103,13,93,41,29,107,132,120,31,48"/><V116/><F134/><W10/><G132/><T36/><D135/><U21/><E133/><V55/><F109/><W51/><G107/><T87/><D2/><U34/><E71/><V126/><F126/><W73/><G73/><T50/><D65/><U105/><E34/><V70/><F78/><W23/><G120/><T11/><D11/><U130/><E105/><V94/><F8/><W84/><G115/><N who="1" m="44074" /><E111/><V53/><F53/><N who="3" m="31911" /><G103/><T32/><D32/><U17/><E130/><V37/><F55/><W128/><G128/><T12/><D1/><U22/><E21/><V15/><F15/><W25/><G31/><T19/><D7/><U113/><E122/><V5/><F5/><N who="3" m="3279" /><G51/><T85/><D50/><N who="1" m="30807" /><E113/><V3/><F3/><W43/><AGARI ba="0,0" hai="23,25,29,41,43,84,91,93" m="3279,31911" machi="43" ten="30,1100,0" yaku="8,1" doraHai="117" who="3" fromWho="3" sc="190,-3,316,-3,251,-5,243,11" />
</Scene>
<Scene>
<INIT seed="7,0,0,2,2,128" ten="187,313,246,254" oya="3" hai0="126,91,135,115,84,8,95,74,30,79,3,125,82" hai1="86,81,92,87,105,113,37,116,118,13,114,58,38" hai2="24,27,111,52,102,99,53,68,89,119,65,17,122" hai3="70,94,42,39,32,54,108,35,21,51,56,47,28"/><W23/><G108/><T101/><D30/><U1/><E1/><V45/><F111/><W57/><G70/><T134/><D115/><N who="1" m="44043" /><E105/><V83/><F119/><N who="1" m="45609" /><E58/><V48/><F122/><W46/><G94/><T40/><D40/><U18/><E92/><V75/><F65/><W43/><G56/><T22/><D22/><N who="1" m="11599" /><E87/><V4/><F4/><W6/><G6/><N who="0" m="1119" /><D101/><U132/><E132/><AGARI ba="0,0" hai="74,79,82,84,91,95,125,126,132,134,135" m="1119" machi="132" ten="30,7700,0" yaku="20,1,52,3" doraHai="128" who="0" fromWho="1" sc="187,77,313,-77,246,0,254,0" />
</Scene>
<Scene>
<INIT seed="8,0,0,4,3,112" ten="264,236,246,254" oya="0" hai0="25,129,29,0,99,42,109,71,1,13,117,59,114" hai1="3,70,118,45,34,23,89,85,98,44,68,122,92" hai2="8,51,101,134,106,105,24,100,11,4,66,26,55" hai3="19,48,9,120,12,108,6,128,127,27,91,40,80"/><T37/><D71/><U103/><E34/><V14/><F66/><W36/><G108/><T97/><D114/><U17/><E3/><V20/><F134/><W96/><G36/><T88/><D109/><U15/><E122/><V32/><F32/><W47/><G127/><T132/><D132/><U121/><E121/><V107/><F8/><W78/><G120/><T67/><D37/><U35/><E35/><V82/><F82/><W125/><G125/><T52/><D42/><U16/><E118/><V69/><F69/><W61/><G128/><T21/><D67/><U33/><E33/><V72/><F72/><W56/><G96/><T81/><D117/><U135/><E135/><V102/><REACH who="2" step="1"/><F20/><REACH who="2" ten="264,236,236,254" step="2"/><N who="3" m="13727" /><G78/><T60/><D129/><U130/><E130/><V38/><F38/><W94/><G80/><T104/><D81/><N who="1" m="49327" /><E70/><V49/><F49/><W57/><G61/><T76/><D76/><U113/><E68/><V65/><F65/><W39/><G39/><T126/><D126/><U41/><E113/><V28/><F28/><W87/><AGARI ba="0,1" hai="6,9,12,40,47,48,56,57,87,91,94" m="13727" machi="87" ten="30,1100,0" yaku="8,1" doraHai="112" who="3" fromWho="3" sc="264,-5,236,-3,236,-3,254,21" />
</Scene>
<Scene>
<INIT seed="9,0,0,0,1,32" ten="259,233,233,275" oya="1" hai0="47,78,29,21,41,30,107,112,13,115,88,11,4" hai1="3,79,92,108,106,135,6,9,80,104,49,91,14" hai2="63,15,62,110,55,44,75,52,99,74,102,127,120" hai3="22,90,39,19,73,54,86,89,8,82,61,83,48"/><U12/><E135/><V43/><F110/><W31/><G39/><T129/><D107/><U77/><E108/><V67/><F120/><W46/><G73/><T119/><D78/><U116/><E116/><V57/><F15/><N who="3" m="7655" /><G61/><T23/><D119/><U17/><E49/><V118/><F118/><W35/><G35/><T100/><D100/><U117/><E117/><V103/><F127/><W123/><G123/><T130/><D88/><N who="3" m="33897" /><G86/><T5/><D47/><U132/><E132/><V64/><F99/><W58/><G46/><T134/><D41/><U98/><E79/><V60/><F44/><W113/><G113/><T0/><D134/><U65/><E65/><V114/><F43/><W124/><G124/><T24/><D5/><U27/><E27/><AGARI ba="0,0" hai="22,27,31,48,54,58,82,83" m="33897,7655" machi="27" ten="30,2000,0" yaku="8,1,54,1" doraHai="32" who="3" fromWho="1" sc="259,0,233,-20,233,0,275,20" />
</Scene>
<Scene>
<INIT seed="10,0,0,3,4,42" ten="259,213,233,295" oya="2" hai0="62,67,110,117,2,94,19,108,18,68,54,27,36" hai1="130,60,86,37,38,70,73,44,111,87,105,24,118" hai2="50,47,30,46,14,74,48,6,29,15,116,97,120" hai3="3,28,88,129,112,17,132,96,52,75,61,56,133"/><V76/><F120/><W122/><G122/><T126/><D2/><U11/><E73/><V0/><F0/><W53/><G129/><T92/><D36/><U51/><E105/><V91/><F74/><W71/><G75/><T34/><D126/><U79/><E111/><V99/><F116/><W65/><G3/><T135/><D117/><U43/><E118/><V55/><F76/><W93/><G112/><T81/><D135/><N who="3" m="51785" /><G28/><N who="2" m="10857" /><F91/><W10/><G71/><T33/><D81/><N who="1" m="47423" /><E130/><V66/><F66/><W69/><G69/><T8/><D8/><U26/><E38/><V95/><F95/><W22/><G10/><T106/><D106/><U124/><E37/><V125/><F125/><W115/><G115/><T41/><D108/><U5/><E124/><V90/><F90/><W98/><G96/><N who="2" m="36937" /><F6/><W35/><G35/><T58/><D110/><U7/><E7/><V119/><F119/><W82/><G82/><T121/><D121/><U32/><E32/><V40/><AGARI ba="0,0" hai="14,15,40,46,47,48,50,55" m="36937,10857" machi="40" ten="30,6000,0" yaku="8,1,52,2" doraHai="42" who="2" fromWho="2" sc="259,-20,213,-20,233,60,295,-20" />
</Scene>
<Scene>
<INIT seed="10,1,0,4,1,4" ten="239,193,293,275" oya="2" hai0="73,98,5,8,1,118,83,50,68,103,59,54,20" hai1="69,89,82,102,14,77,36,130,66,23,75,56,22" hai2="72,65,28,100,84,46,9,18,0,124,87,92,110" hai3="43,42,60,33,104,13,81,108,47,117,70,19,48"/><V52/><F72/><W44/><G108/><T35/><D35/><U121/><E69/><V57/><F110/><W112/><G33/><T26/><D118/><U96/><E36/><V122/><F122/><W67/><G117/><T24/><D68/><U127/><E121/><V38/><F28/><W114/><G104/><T133/><D133/><U39/><E39/><V29/><F29/><W55/><G81/><T15/><D73/><U34/><E34/><V135/><F0/><W80/><G80/><T53/><D83/><U64/><E127/><V16/><F38/><N who="3" m="21591" /><G13/><T129/><D129/><U58/><E89/><V25/><F124/><W17/><G17/><T2/><D53/><U30/><E130/><V134/><F100/><W12/><G12/><T85/><D85/><N who="2" m="32842" /><F92/><W86/><G19/><T90/><D90/><U111/><E111/><V132/><F9/><W125/><G86/><T126/><D126/><U99/><E30/><V91/><F25/><W120/><G120/><T119/><D119/><U51/><E14/><V6/><F6/><W74/><G74/><T105/><D26/><U49/><E75/><V88/><F91/><W123/><G123/><T21/><D21/><U116/><E116/><V27/><F27/><W31/><G31/><AGARI ba="1,0" hai="1,2,5,8,15,20,24,31,50,54,59,98,103,105" machi="31" ten="30,2000,0" yaku="7,1,52,1" doraHai="4" who="0" fromWho="3" sc="239,23,193,0,293,0,275,-23" />
</Scene>
<Scene>
<INIT seed="11,0,0,3,5,134" ten="262,193,293,252" oya="3" hai0="69,129,75,76,130,125,9,60,91,106,16,78,109" hai1="123,114,18,92,116,40,53,104,42,88,23,121,11" hai2="101,120,86,56,67,54,131,117,72,28,126,39,77" hai3="7,103,51,14,90,31,93,66,81,3,110,119,50"/><W132/><G119/><T48/><D109/><U6/><E104/><V19/><F72/><W43/><G3/><T32/><D32/><U35/><E35/><V73/><F73/><W64/><G132/><T99/><D48/><N who="3" m="18473" /><G110/><T45/><D45/><U102/><E102/><V85/><F39/><W83/><G43/><T22/><D9/><U21/><E114/><V46/><F28/><W58/><G31/><T52/><D125/><U96/><E116/><V84/><F126/><W20/><G103/><N who="0" m="62847" /><D91/><U12/><E53/><V24/><F101/><W128/><G128/><N who="0" m="49259" /><D75/><U44/><E23/><N who="2" m="13439" /><F131/><W27/><G14/><N who="0" m="9495" /><D69/><U37/><REACH who="1" step="1"/><E42/><REACH who="1" ten="262,183,293,252" step="2"/><V100/><F100/><W112/><G64/><T87/><D87/><U15/><AGARI ba="0,1" hai="6,11,12,15,18,21,37,40,44,88,92,96,121,123" machi="15" ten="20,8000,1" yaku="1,1,2,1,0,1,7,1,54,1,53,0" doraHai="134" doraHaiUra="127" who="1" fromWho="1" sc="262,-20,183,90,293,-20,252,-40" owari="242,-16.0,273,38.0,273,7.0,212,-29.0" />
</Scene>
</mjloggm>