<mjloggm ver="2.3"><GO type="169"/><UN n0="%E3%83%9A%E3%83%81%E3%83%A7%E3%83%BC%E3%83%AA%E3%83%B3" n1="%E3%81%A1%E3%81%8F%E3%81%8D" n2="%E5%A4%AA%E3%81%8F%E3%81%AA%E3%81%84%E3%81%8A" n3="%E5%88%BB%E5%AD%90%E5%B8%82%E6%B0%91" dan="17,18,17,16" rate="2139,2158,2188,2136" sx="M,M,M,M"/><TAIKYOKU oya="0"/>

<Scene>
<INIT seed="0,0,0,2,5,90" ten="250,250,250,250" oya="0" hai0="93,37,127,110,88,113,51,128,91,75,97,85,62" hai1="21,56,27,72,125,94,82,120,87,68,11,45,31" hai2="111,76,15,60,122,26,53,12,109,105,116,43,49" hai3="74,23,18,48,40,57,5,98,55,61,112,33,19"/><T32/><D37/><U3/><E68/><V134/><F122/><W8/><G33/><T52/><D75/><U6/><E120/><V126/><F105/><W58/><G74/><T16/><D113/><U4/><E125/><V59/><F126/><W115/><G98/><T35/><D127/><U46/><E6/><V103/><F134/><W114/><G23/><T78/><D128/><U17/><E72/><V14/><F116/><W123/><G123/><T81/><D110/><N who="2" m="41994" /><F103/><W28/><G28/><T124/><D124/><U30/><E56/><N who="2" m="32815" /><F76/><W86/><G86/><T54/><D62/><U84/><E31/><V130/><F130/><W50/><G40/><T89/><D35/><U41/><E41/><V132/><F132/><W77/><G77/><T92/><D32/><U67/><E67/><N who="2" m="39327" /><F43/><W121/><G121/><T106/><D106/><U44/><E30/><V63/><F63/><W7/><G61/><T66/><D66/><U71/><E82/><V64/><F64/><W29/><G29/><T34/><D34/><U83/><E83/><V80/><F80/><W38/><G114/><T119/><D119/><U25/><E25/><AGARI ba="0,0" hai="12,14,15,25,26" m="39327,32815,41994" machi="25" ten="30,1000,0" yaku="14,1" doraHai="90" who="2" fromWho="1" sc="250,0,250,-10,250,10,250,0" />
</Scene>
<Scene>
<INIT seed="1,0,0,1,1,39" ten="250,240,260,250" oya="1" hai0="64,18,92,71,89,96,58,28,94,117,108,60,50" hai1="31,73,47,61,26,101,11,62,0,34,2,97,1" hai2="91,22,65,42,46,85,120,27,72,95,84,82,4" hai3="127,70,24,103,9,129,100,116,51,114,119,76,115"/><U54/><E73/><V104/><F120/><W135/><G70/><T53/><D108/><U107/><E11/><V87/><F104/><W90/><G24/><T37/><D117/><U23/><REACH who="1" step="1"/><E34/><REACH who="1" ten="250,230,260,250" step="2"/><V121/><F121/><W57/><G9/><T44/><D28/><U35/><E35/><V32/><F32/><W125/><G119/><T12/><D94/><U52/><E52/><V111/><F111/><W45/><G116/><T25/><D25/><U49/><AGARI ba="0,1" hai="0,1,2,23,26,31,47,49,54,61,62,97,101,107" machi="49" ten="40,3900,0" yaku="1,1,0,1,53,0" doraHai="39" doraHaiUra="110" who="1" fromWho="1" sc="250,-13,230,49,260,-13,250,-13" />
</Scene>
<Scene>
<INIT seed="1,1,0,0,5,127" ten="237,279,247,237" oya="1" hai0="134,69,54,112,60,64,32,129,24,36,107,19,125" hai1="66,42,40,10,90,100,99,89,21,68,29,1,35" hai2="114,31,132,37,103,76,56,126,109,77,26,0,4" hai3="86,7,124,123,81,15,41,118,116,50,70,135,121"/><U17/><E68/><V47/><F103/><W111/><G70/><T95/><D112/><U51/><E66/><V9/><F126/><W13/><G111/><T63/><D125/><U8/><E35/><V115/><F109/><W117/><G135/><T20/><D36/><U67/><E67/><V119/><F119/><W55/><G41/><T72/><D72/><U106/><E29/><V75/><F132/><W30/><G30/><T23/><D107/><U73/><E73/><V45/><F56/><N who="3" m="32887" /><G124/><T87/><D134/><U131/><E42/><N who="2" m="22735" /><F47/><W18/><G7/><T61/><D129/><U79/><E131/><V2/><F2/><W85/><G85/><T16/><D32/><U102/><E79/><V39/><F39/><W44/><G44/><T91/><REACH who="0" step="1"/><D54/><REACH who="0" ten="227,279,247,237" step="2"/><U83/><E106/><V43/><F43/><W14/><G18/><T88/><D88/><AGARI ba="1,1" hai="13,14,15,81,86,88,116,117,118,121,123" m="32887" machi="88" ten="40,2600,0" yaku="12,1,54,1" doraHai="127" who="3" fromWho="0" sc="227,-29,279,0,247,0,237,39" />
</Scene>
<Scene>
<INIT seed="2,0,0,1,5,2" ten="198,279,247,276" oya="2" hai0="102,29,92,52,127,71,126,73,88,135,36,65,91" hai1="32,55,96,99,85,125,131,128,45,69,63,7,108" hai2="51,13,134,130,47,110,86,129,27,46,44,87,103" hai3="80,67,58,23,31,93,114,124,3,133,68,101,61"/><V79/><F134/><W89/><G3/><T98/><D36/><U4/><E32/><V122/><F122/><W30/><G133/><T9/><D73/><U54/><E108/><V22/><F103/><W112/><G124/><N who="0" m="47659" /><D135/><U42/><E125/><V78/><F110/><W41/><G41/><T39/><D39/><U59/><E69/><V116/><F116/><W75/><G68/><T100/><D29/><U5/><E85/><N who="2" m="32267" /><F51/><W105/><G105/><T8/><D100/><U118/><E55/><V48/><F48/><W107/><G107/><T90/><D52/><U50/><REACH who="1" step="1"/><E118/><REACH who="1" ten="198,269,247,276" step="2"/><V37/><F37/><W104/><G75/><T123/><D123/><U24/><E24/><V82/><F27/><W119/><G119/><T77/><D77/><U83/><E83/><V10/><F82/><W72/><G80/><T56/><D71/><U25/><E25/><V111/><F111/><W60/><G72/><T17/><D17/><U38/><E38/><V16/><F79/><W53/><G53/><T74/><D74/><U1/><E1/><V15/><F78/><W11/><G31/><T81/><D81/><U120/><E120/><V28/><F28/><W106/><G30/><T84/><D84/><U18/><E18/><N who="2" m="10591" /><F130/><AGARI ba="0,1" hai="4,5,7,42,45,50,54,59,63,96,99,128,130,131" machi="130" ten="40,8000,1" yaku="1,1,19,1,52,3,53,0" doraHai="2" doraHaiUra="64" who="1" fromWho="2" sc="198,0,269,90,247,-80,276,0" />
</Scene>
<Scene>
<INIT seed="3,0,0,4,5,90" ten="198,359,167,276" oya="3" hai0="97,1,59,117,27,103,104,71,9,106,36,100,96" hai1="14,84,20,133,92,42,130,68,63,128,39,52,129" hai2="113,50,5,88,7,2,55,29,4,41,87,51,81" hai3="64,0,79,125,37,69,53,65,101,109,135,21,10"/><W61/><G64/><T67/><D117/><U62/><E133/><V115/><F29/><W44/><G135/><T95/><D36/><U134/><E134/><V13/><F2/><W38/><G125/><T116/><D116/><U16/><E68/><V132/><F132/><W32/><G32/><T118/><D118/><U46/><E52/><V86/><F13/><W33/><G33/><T31/><D59/><U78/><E78/><V6/><N who="2" m="1024" /><DORA hai="74" /><V26/><F26/><W49/><G0/><T105/><D9/><U80/><E80/><V43/><F86/><W89/><G10/><T77/><D1/><U112/><E112/><V30/><F30/><W66/><G101/><T121/><D77/><U24/><E14/><V91/><F91/><AGARI ba="0,0" hai="16,20,24,39,42,46,62,63,84,91,92,128,129,130" machi="91" ten="40,5200,0" yaku="19,1,52,1,54,1" doraHai="90,74" who="1" fromWho="2" sc="198,0,359,52,167,-52,276,0" />
</Scene>
<Scene>
<INIT seed="4,0,0,2,2,71" ten="198,411,115,276" oya="0" hai0="57,70,95,134,102,44,26,78,85,60,63,126,116" hai1="3,2,27,35,90,125,114,88,74,107,32,82,62" hai2="93,96,105,6,19,123,108,120,38,40,119,8,68" hai3="99,76,65,20,61,79,110,121,25,7,16,4,111"/><T83/><D116/><U109/><E107/><V46/><F108/><W39/><G121/><T58/><D134/><U132/><E109/><V73/><F119/><W53/><G110/><T49/><D126/><U77/><E125/><V13/><F68/><W115/><G115/><T92/><D26/><U86/><E132/><V106/><F73/><W100/><G39/><T43/><D70/><U52/><E114/><V28/><F28/><W127/><G53/><N who="0" m="33871" /><D102/><U9/><E90/><V94/><F94/><N who="3" m="58487" /><G127/><T75/><D75/><U81/><E27/><V128/><F128/><W45/><G45/><T47/><D47/><U5/><REACH who="1" step="1"/><E2/><REACH who="1" ten="198,401,115,276" step="2"/><V97/><F106/><W18/><G111/><T59/><D59/><AGARI ba="0,1" hai="3,5,9,32,35,52,59,62,74,77,81,82,86,88" machi="59" ten="40,8000,1" yaku="1,1,2,1,54,2,53,0" doraHai="71" doraHaiUra="133" who="1" fromWho="0" sc="198,-80,401,90,115,0,276,0" />
</Scene>
<Scene>
<INIT seed="5,0,0,0,2,109" ten="118,491,115,276" oya="1" hai0="103,58,67,23,112,80,19,98,84,101,0,31,22" hai1="132,2,135,21,60,29,97,59,74,16,77,64,79" hai2="34,90,32,127,48,33,17,39,130,65,42,133,70" hai3="99,54,86,28,122,87,15,96,20,110,76,111,40"/><U7/><E29/><V5/><F133/><N who="1" m="51273" /><E74/><V100/><F130/><W49/><G40/><T4/><D0/><U93/><E7/><V26/><F127/><W71/><G71/><T102/><D4/><U117/><E2/><V69/><F5/><W75/><G122/><T125/><D125/><U35/><E35/><V89/><F100/><W134/><G75/><T120/><D120/><U55/><E64/><V18/><F39/><W85/><G28/><T72/><D102/><N who="1" m="60719" /><E117/><V91/><F65/><W41/><G134/><T105/><D67/><U88/><E88/><V38/><F38/><W107/><G76/><T43/><D101/><U11/><E11/><V78/><F78/><W121/><G20/><T73/><D23/><U63/><E63/><V62/><F62/><W10/><G10/><T52/><D22/><U51/><E60/><V113/><F69/><W24/><G121/><T106/><D103/><U83/><E83/><V47/><F70/><W66/><G66/><T118/><D80/><U46/><E46/><V104/><F104/><W13/><G107/><T61/><D105/><U14/><AGARI ba="0,0" hai="14,16,21,51,55,59,77,79" m="60719,51273" machi="14" ten="30,3000,0" yaku="20,1,54,1" doraHai="109" who="1" fromWho="1" sc="118,-10,491,30,115,-10,276,-10" />
</Scene>
<Scene>
<INIT seed="5,1,0,2,3,55" ten="108,521,105,266" oya="1" hai0="28,115,2,91,4,7,17,58,74,113,76,107,9" hai1="67,57,121,116,8,26,30,79,70,42,22,120,51" hai2="38,94,100,44,61,47,102,49,118,106,117,45,123" hai3="65,93,135,41,3,86,56,95,131,124,64,39,34"/><U53/><E116/><V63/><F106/><W37/><G3/><T73/><D107/><U89/><E79/><V103/><F123/><W88/><G34/><T36/><D36/><U14/><E42/><V43/><F94/><W90/><G131/><T87/><D28/><U109/><E109/><V98/><F98/><W40/><G124/><T110/><D110/><U68/><E89/><V18/><F18/><W60/><G135/><T15/><D76/><U92/><E92/><V16/><F16/><W96/><G39/><T66/><D4/><U46/><E46/><V85/><F85/><W31/><G37/><T122/><D122/><U59/><E120/><V33/><F33/><W134/><G134/><T99/><D99/><U130/><E130/><V23/><F23/><W21/><G64/><T132/><D132/><U27/><E27/><AGARI ba="1,0" hai="21,27,31,40,41,56,60,65,86,88,90,93,95,96" machi="27" ten="40,5200,0" yaku="8,1,52,1,54,1" doraHai="55" who="3" fromWho="1" sc="108,0,521,-55,105,0,266,55" />
</Scene>
<Scene>
<INIT seed="6,0,0,4,4,54" ten="108,466,105,321" oya="2" hai0="53,102,14,71,96,28,46,35,120,100,123,51,52" hai1="33,49,39,75,111,48,124,103,84,65,34,20,106" hai2="58,0,134,37,61,21,126,82,69,50,117,87,36" hai3="95,80,1,32,107,112,23,108,10,45,129,99,118"/><V24/><F117/><W91/><G45/><T109/><D71/><U29/><E75/><V70/><F0/><W9/><G32/><T5/><D109/><U43/><E39/><V113/><F113/><W89/><G107/><T131/><D131/><U18/><E65/><V74/><F74/><W57/><G1/><T55/><D100/><U11/><E84/><V44/><F126/><W83/><G129/><T92/><D35/><U133/><E43/><V3/><F3/><W114/><G108/><T78/><D78/><U56/><E103/><V135/><F37/><W90/><G23/><T122/><REACH who="0" step="1"/><D28/><REACH who="0" ten="98,466,105,321" step="2"/><U127/><E29/><N who="2" m="17551" /><F69/><W41/><G118/><T73/><D73/><U72/><E111/><V27/><F70/><W121/><G114/><T97/><D97/><U60/><E34/><V105/><F105/><W47/><G99/><T68/><D68/><U77/><E106/><V81/><F87/><W12/><G112/><T2/><D2/><U66/><E33/><V115/><F115/><W125/><G125/><T40/><D40/><U98/><E124/><V17/><F135/><W86/><G41/><T26/><D26/><U85/><E72/><V110/><F110/><W116/><G86/><T7/><D7/><U104/><E85/><V76/><F134/><W31/><G116/><T101/><D101/><U132/><E127/><V22/><F76/><W13/><G31/><T42/><D42/><U15/><E77/><V8/><F36/><W25/><G25/><T4/><D4/><N who="1" m="3559" /><E133/><V16/><F27/><W88/><G95/><T67/><D67/><U64/><E132/><RYUUKYOKU ba="0,1" sc="98,30,466,-10,105,-10,321,-10" hai0="5,14,46,51,52,53,55,92,96,102,120,122,123" />
</Scene>
<Scene>
<INIT seed="7,1,1,0,4,46" ten="128,456,95,311" oya="3" hai0="89,35,85,62,111,51,23,119,77,124,64,49,96" hai1="22,72,106,32,69,81,33,90,93,113,11,25,2" hai2="129,66,103,70,65,125,78,10,19,8,34,109,76" hai3="20,61,75,104,112,97,53,134,13,57,28,31,26"/><W18/><G75/><T40/><D35/><U21/><E69/><V123/><F109/><W68/><G112/><T54/><D119/><U3/><E106/><V98/><F34/><W16/><G134/><T38/><D111/><U60/><E60/><V63/><F129/><W91/><G68/><N who="0" m="42007" /><D124/><U110/><E110/><V80/><F125/><W27/><G104/><T47/><D77/><U73/><E81/><V95/><F123/><W88/><G27/><T71/><D71/><U9/><E113/><V0/><F66/><W126/><G126/><T132/><D96/><U108/><E108/><V56/><F70/><W7/><G7/><T100/><D100/><U52/><E52/><V15/><REACH who="2" step="1"/><F80/><REACH who="2" ten="128,456,85,311" step="2"/><W83/><G83/><N who="0" m="49343" /><D132/><U44/><E22/><V17/><F17/><W39/><G39/><T117/><D117/><U4/><E90/><N who="3" m="34346" /><G97/><T58/><D51/><U128/><E25/><V115/><F115/><W130/><G130/><T107/><D107/><U86/><E72/><V116/><F116/><W99/><G99/><T74/><D74/><U55/><E2/><V131/><F131/><W59/><G59/><T105/><D105/><U1/><E1/><V67/><F67/><W133/><G133/><T121/><D23/><AGARI ba="1,2" hai="13,16,18,20,23,26,28,31,53,57,61" m="34346" machi="23" ten="30,5800,0" yaku="8,1,54,2" doraHai="46" who="3" fromWho="0" sc="128,-61,456,0,85,0,311,81" />
</Scene>
<Scene>
<INIT seed="7,2,0,3,3,58" ten="67,456,85,392" oya="3" hai0="3,96,82,118,90,4,103,125,73,81,0,72,102" hai1="91,37,39,5,92,53,78,134,19,44,60,69,111" hai2="45,68,98,21,18,17,22,6,34,135,122,11,66" hai3="30,117,35,52,1,10,70,79,86,133,108,64,112"/><W67/><G117/><T16/><D118/><U89/><E111/><V8/><F34/><W121/><G121/><T83/><D125/><U14/><E78/><V49/><F122/><W36/><G36/><T56/><D90/><U109/><E109/><V85/><F135/><W9/><G108/><T26/><D56/><N who="1" m="34831" /><E69/><V77/><F98/><W88/><G133/><T59/><D59/><U124/><E134/><V38/><F38/><W80/><G112/><T62/><D62/><U100/><E39/><V31/><F31/><W7/><G10/><T76/><D76/><U54/><E37/><V87/><F66/><W61/><G67/><T132/><D132/><U55/><E5/><V97/><F97/><W115/><G115/><T42/><D42/><U120/><E120/><V48/><F68/><W46/><G79/><T47/><D47/><U126/><E100/><N who="0" m="38441" /><D96/><N who="1" m="57359" /><E91/><V65/><F77/><W128/><G128/><T40/><D40/><U116/><E44/><V27/><F65/><W57/><G46/><T94/><D94/><U123/><E123/><V129/><F129/><W131/><G131/><T101/><N who="0" m="38449" /><T114/><DORA hai="105" /><D114/><U23/><E116/><V95/><F95/><W104/><G104/><T110/><D110/><U25/><E126/><V93/><F93/><W63/><REACH who="3" step="1"/><G30/><REACH who="3" ten="67,456,85,382" step="2"/><T32/><D4/><U71/><E124/><V33/><F6/><W50/><G50/><T2/><D16/><N who="1" m="12519" /><E71/><V113/><F45/><W29/><G29/><N who="0" m="19511" /><D73/><U43/><E43/><V12/><F113/><W15/><G15/><T20/><D72/><U24/><E14/><V74/><F12/><RYUUKYOKU ba="2,1" sc="67,10,456,10,85,-30,382,10" hai0="0,2,3,20,81,82,83" hai1="19,24,54,55" hai3="1,7,9,35,52,57,61,63,64,70,80,86,88" />
</Scene>
<Scene>
<INIT seed="7,3,1,4,0,0" ten="77,466,55,392" oya="3" hai0="74,80,109,86,129,3,64,128,28,52,62,6,97" hai1="47,26,105,100,112,36,61,17,72,125,121,134,69" hai2="37,79,4,39,108,45,63,77,124,54,96,10,44" hai3="12,84,30,57,43,35,75,23,19,91,106,83,49"/><W89/><G106/><T15/><D109/><U59/><E121/><V50/><F108/><W102/><G75/><T113/><D74/><U98/><E72/><V21/><F124/><W130/><G130/><N who="0" m="50283" /><D113/><U90/><E112/><V94/><F21/><W111/><G111/><T68/><D28/><U120/><E120/><V103/><F63/><W123/><G123/><T131/><N who="0" m="50291" /><T29/><DORA hai="38" /><D29/><U58/><E125/><V51/><F39/><W16/><G102/><T92/><D3/><U56/><E134/><V9/><F37/><W87/><G35/><T118/><D52/><U53/><E69/><V33/><F33/><W2/><G2/><T116/><D15/><U14/><E26/><V114/><F114/><W115/><G115/><T67/><D6/><U8/><E90/><V95/><F95/><N who="3" m="54695" /><G30/><T42/><D42/><U40/><AGARI ba="3,1" hai="8,14,17,36,40,47,53,56,58,59,61,98,100,105" machi="40" ten="30,2000,0" yaku="0,1,52,1" doraHai="0,38" who="1" fromWho="1" sc="77,-8,466,39,55,-8,392,-13" owari="69,-33.0,505,60.0,47,-45.0,379,18.0" />
</Scene>
</mjloggm>