<mjloggm ver="2.3"><GO type="97"/><UN n0="%E6%98%8E%E6%99%82" n1="%E5%A4%AA%E3%81%8F%E3%81%AA%E3%81%84%E3%81%8A" n2="%28%2F%D0%B4%EF%BC%BC%2A%29" n3="%E3%82%8B%E3%82%8D%E3%81%86%E3%81%AB%E9%9F%B3%E4%BF%A1" dan="14,13,15,13" rate="1905,1991,1995,1886" sx="M,M,F,M"/><TAIKYOKU oya="0"/>

<Scene>
<INIT seed="0,0,0,2,5,0" ten="250,250,250,250" oya="0" hai0="52,15,42,45,11,119,88,4,36,103,9,116,12" hai1="96,105,84,67,46,1,63,111,117,135,24,33,83" hai2="72,113,80,79,22,37,53,34,18,31,122,7,71" hai3="66,61,13,98,94,130,89,8,27,32,134,70,75"/><T95/><D103/><N who="1" m="62695" /><E1/><V28/><F71/><W90/><G75/><T38/><D38/><U14/><E46/><V99/><F37/><W85/><G134/><T51/><D36/><U93/><E93/><V131/><F113/><W121/><G121/><T133/><D42/><U118/><E135/><V97/><F122/><W120/><G120/><T64/><D64/><U30/><E14/><V43/><F43/><W86/><G130/><T59/><D45/><U126/><E111/><V40/><F40/><W29/><REACH who="3" step="1"/><G90/><REACH who="3" ten="250,250,250,240" step="2"/><T65/><D133/><U49/><E118/><V125/><F131/><W39/><G39/><T62/><D119/><U19/><E117/><V44/><F72/><W81/><G81/><T68/><D116/><U10/><E83/><V41/><F80/><W21/><G21/><T56/><D68/><U106/><E33/><V92/><F22/><W107/><G107/><T6/><D88/><U20/><E20/><V48/><F34/><W100/><G100/><T110/><D110/><U109/><E106/><V76/><F92/><AGARI ba="0,1" hai="4,6,9,11,12,15,51,52,56,59,62,65,92,95" machi="92" ten="40,12000,1" yaku="9,1,8,1,52,2,54,1" doraHai="0" who="0" fromWho="2" sc="250,130,250,0,250,-120,240,0" />
</Scene>
<Scene>
<INIT seed="0,1,0,2,4,118" ten="380,250,130,240" oya="0" hai0="94,120,8,122,131,82,73,66,55,48,99,4,1" hai1="65,135,24,121,3,50,85,74,132,91,26,52,117" hai2="20,93,21,71,76,88,53,62,2,23,0,79,81" hai3="16,63,129,15,41,11,22,5,126,80,54,103,125"/><T78/><D131/><U58/><E117/><V106/><F106/><W108/><G129/><T69/><D66/><U119/><E119/><V64/><F53/><W35/><G108/><T92/><D69/><U98/><E74/><V30/><F30/><W57/><G35/><T84/><D73/><U7/><E98/><V107/><F107/><W18/><G41/><T14/><D1/><U134/><E65/><V111/><F111/><W13/><G103/><T114/><D114/><U32/><E32/><V49/><F49/><W59/><G80/><T130/><D130/><U124/><E124/><N who="3" m="47722" /><G57/><T17/><D4/><AGARI ba="1,0" hai="4,5,11,13,15,16,18,22,54,59,63" m="47722" machi="4" ten="30,2000,0" yaku="18,1,54,1" doraHai="118" who="3" fromWho="0" sc="380,-23,250,0,130,0,240,23" />
</Scene>
<Scene>
<INIT seed="1,0,0,5,2,41" ten="357,250,130,263" oya="1" hai0="24,73,90,17,101,84,64,5,98,33,132,118,26" hai1="89,106,50,6,77,27,68,61,22,3,4,81,48" hai2="126,66,28,97,59,52,69,11,119,60,135,116,58" hai3="32,38,92,93,37,94,56,124,47,19,15,49,129"/><U18/><E106/><V30/><F135/><W108/><G32/><T31/><D132/><U63/><E89/><V55/><F126/><W112/><G124/><T100/><D118/><U86/><E3/><V91/><F11/><W25/><G112/><T51/><D73/><U42/><E68/><V87/><F97/><W8/><G129/><T62/><D51/><N who="1" m="19499" /><E42/><V46/><F46/><W103/><G108/><T117/><D117/><U43/><E43/><V127/><F127/><W74/><G74/><T82/><D5/><AGARI ba="0,0" hai="4,5,6,18,22,27,61,63,77,81,86" m="19499" machi="5" ten="30,1500,0" yaku="8,1" doraHai="41" who="1" fromWho="0" sc="357,-15,250,15,130,0,263,0" />
</Scene>
<Scene>
<INIT seed="1,1,0,2,5,133" ten="342,265,130,263" oya="1" hai0="48,113,78,94,27,4,118,100,80,134,75,105,45" hai1="3,68,111,12,50,41,34,123,29,85,132,81,83" hai2="97,114,72,61,35,1,91,79,16,55,14,104,9" hai3="17,26,19,52,37,112,11,107,71,49,0,76,126"/><U130/><E3/><V117/><F117/><W53/><G112/><T121/><D113/><U58/><E123/><V86/><F114/><W77/><G107/><T116/><D134/><U87/><E68/><V40/><F40/><W63/><G37/><T25/><D121/><U67/><E132/><V15/><F35/><W46/><G126/><T89/><D4/><U128/><E111/><V24/><F24/><W62/><G71/><T131/><D131/><N who="1" m="50219" /><E12/><V74/><F1/><W51/><G0/><T39/><D39/><U65/><E29/><V93/><F15/><N who="3" m="7423" /><G19/><T96/><D116/><U31/><E31/><V69/><F104/><W6/><G26/><T30/><D30/><U43/><E34/><V47/><F69/><W115/><G6/><T124/><D118/><U95/><E95/><V125/><F125/><W88/><G115/><T21/><D124/><U102/><E102/><V7/><F7/><W119/><G119/><T129/><D129/><U135/><E135/><V32/><F32/><W108/><G108/><T64/><D21/><U5/><E5/><V22/><F22/><W70/><G70/><T122/><D122/><U59/><E41/><V90/><F79/><W54/><G77/><T20/><D20/><U106/><E106/><V10/><F10/><W18/><G76/><T60/><D105/><U28/><E28/><V36/><F36/><W44/><G18/><T120/><D100/><U2/><E2/><V101/><F101/><W92/><G54/><T103/><D120/><U109/><E109/><V56/><F47/><W57/><G44/><T82/><D103/><RYUUKYOKU ba="1,0" sc="342,-15,265,-15,130,15,263,15" hai2="9,14,16,55,56,61,72,74,86,90,91,93,97" hai3="46,49,51,52,53,57,62,63,88,92" />
</Scene>
<Scene>
<INIT seed="2,2,0,2,5,75" ten="327,250,145,278" oya="2" hai0="32,43,45,52,120,87,2,119,133,129,16,118,54" hai1="57,109,95,68,108,111,4,26,61,113,107,65,39" hai2="11,41,10,38,6,122,69,48,117,81,78,90,99" hai3="23,56,12,123,29,63,31,70,130,28,30,105,72"/><V73/><F122/><W9/><G123/><T84/><D32/><U53/><E113/><V42/><F117/><N who="0" m="44554" /><D2/><U125/><E107/><V132/><F132/><W62/><G105/><T79/><D120/><U85/><E125/><V97/><F69/><W121/><G121/><T116/><D133/><U93/><E39/><V47/><F90/><W71/><G72/><T3/><D3/><U80/><E26/><V34/><F34/><W40/><G40/><T14/><D129/><U51/><REACH who="1" step="1"/><E4/><REACH who="1" ten="327,240,145,278" step="2"/><V15/><REACH who="2" step="1"/><F11/><REACH who="2" ten="327,240,135,278" step="2"/><W110/><G71/><T25/><D116/><U115/><E115/><V60/><F60/><W88/><G70/><T50/><D25/><U20/><E20/><V22/><F22/><W36/><G63/><T98/><D98/><U127/><E127/><V94/><F94/><W89/><G62/><T76/><D87/><U13/><E13/><V49/><F49/><W18/><G23/><N who="0" m="11671" /><D84/><U106/><E106/><V82/><F82/><W67/><G12/><T135/><D135/><U77/><AGARI ba="2,2" hai="51,53,57,61,65,68,77,80,85,93,95,108,109,111" machi="77" ten="30,7900,0" yaku="1,1,0,1,14,1,52,1,53,0" doraHai="75" doraHaiUra="37" who="1" fromWho="1" sc="327,-22,240,105,135,-41,278,-22" />
</Scene>
<Scene>
<INIT seed="3,0,0,1,4,75" ten="305,345,94,256" oya="3" hai0="63,86,87,7,98,33,121,31,34,17,22,37,25" hai1="8,41,133,13,131,48,67,32,124,102,5,56,111" hai2="69,39,122,100,46,120,65,29,106,55,134,62,96" hai3="74,132,127,126,116,91,118,80,117,135,42,64,81"/><W19/><G42/><T16/><D37/><U95/><E32/><V82/><F134/><N who="3" m="51243" /><G64/><T77/><D63/><N who="1" m="38375" /><E133/><V93/><F93/><W115/><G19/><T2/><D121/><U60/><E111/><V3/><F3/><W59/><G59/><T18/><D98/><N who="1" m="59743" /><E131/><V58/><F29/><W24/><G24/><T4/><D87/><U107/><E107/><V52/><F82/><N who="3" m="31851" /><G115/><T51/><D51/><U119/><E124/><N who="3" m="47658" /><G91/><T11/><D86/><U92/><E60/><V38/><F38/><W28/><G74/><T53/><D53/><U57/><E57/><V99/><F99/><W97/><G28/><T36/><D36/><U110/><E41/><V20/><F20/><W70/><G97/><T85/><D85/><U72/><E72/><V129/><F129/><W49/><G49/><T54/><D54/><U35/><E48/><V0/><F0/><W30/><G30/><T26/><D4/><U104/><E5/><V114/><F114/><W50/><G50/><T113/><D113/><U128/><E128/><V40/><REACH who="2" step="1"/><F55/><REACH who="2" ten="305,345,84,256" step="2"/><W112/><G112/><T130/><D130/><U61/><E8/><V108/><F108/><W10/><G10/><T47/><D47/><U79/><E110/><V6/><F6/><W27/><G27/><T23/><D26/><U21/><E21/><V9/><F9/><W101/><G101/><T105/><D23/><U68/><E35/><V12/><F12/><W78/><G78/><T125/><D77/><U71/><E79/><V1/><F1/><W103/><G103/><T14/><D125/><U83/><E13/><V90/><F90/><RYUUKYOKU ba="0,1" sc="305,-15,345,-15,84,15,256,15" hai2="39,40,46,52,58,62,65,69,96,100,106,120,122" hai3="70,116,117,118" />
</Scene>
<Scene>
<INIT seed="3,1,1,1,0,51" ten="290,330,99,271" oya="3" hai0="112,5,131,118,34,108,29,91,56,21,113,81,104" hai1="117,62,0,75,28,60,126,88,86,59,127,43,78" hai2="18,132,32,69,4,98,106,92,68,11,38,84,9" hai3="23,46,26,115,25,35,116,3,37,128,24,40,77"/><W63/><G116/><T13/><D104/><U124/><E117/><V135/><F106/><W101/><G115/><N who="0" m="44107" /><D118/><U44/><E0/><V97/><F92/><W129/><G3/><T22/><D56/><U64/><E28/><V1/><F32/><W85/><G101/><T6/><D81/><N who="1" m="45279" /><E64/><V66/><F66/><W50/><G35/><T74/><D91/><U17/><E17/><V73/><F73/><W61/><G23/><N who="0" m="8715" /><D74/><U83/><E59/><V71/><F38/><AGARI ba="1,1" hai="38,43,44,60,62,83,86,88,124,126,127" m="45279" machi="38" ten="30,2000,0" yaku="18,1,54,1" doraHai="51" who="1" fromWho="2" sc="290,0,330,33,99,-23,271,0" owari="290,9.0,363,46.0,76,-42.0,271,-13.0" />
</Scene>
</mjloggm>