<mjloggm ver="2.3"><GO type="41"/><UN n0="%7A%6F%72%6F%72%69" n1="%E5%A4%AA%E3%81%8F%E3%81%AA%E3%81%84%E3%81%8A" n2="%E3%81%A1%E3%82%83%E3%81%BE%E3%81%A3%E3%81%93" n3="%73%6B%72%30%37%33%31" dan="14,15,13,14" rate="1884,2015,1838,1944" sx="M,M,F,M"/><TAIKYOKU oya="0"/>

<Scene>
<INIT seed="0,0,0,3,0,53" ten="250,250,250,250" oya="0" hai0="27,56,62,43,128,60,90,63,8,91,121,132,30" hai1="118,93,124,135,115,45,32,77,113,112,67,29,28" hai2="133,97,104,1,14,69,129,15,51,38,79,116,54" hai3="23,76,130,41,101,19,58,25,66,89,21,26,40"/><T31/><D43/><U114/><E118/><V134/><F38/><W73/><G130/><T102/><D121/><U82/><E113/><V33/><F1/><W16/><G101/><T80/><D128/><U70/><E124/><V131/><F33/><W20/><G73/><T71/><D71/><U7/><E135/><N who="2" m="51723" /><F69/><W84/><G76/><T0/><D102/><U13/><E93/><V39/><F39/><W48/><G23/><T98/><D132/><U126/><E126/><V108/><F79/><W37/><G37/><T83/><D0/><U87/><E32/><V74/><F74/><W123/><G123/><T44/><D44/><U106/><E106/><V47/><F116/><W34/><G34/><T86/><D8/><N who="1" m="4255" /><E45/><V110/><F129/><W57/><G66/><T2/><D2/><U49/><E49/><V75/><F75/><W24/><G24/><T50/><D27/><U11/><E11/><V94/><F104/><W18/><G18/><T78/><D78/><U55/><E55/><V59/><F47/><N who="3" m="25703" /><G41/><T81/><D30/><U61/><AGARI ba="0,0" hai="28,29,61,67,70,77,82,87,112,114,115" m="4255" machi="61" ten="40,1500,0" yaku="11,1" doraHai="53" who="1" fromWho="1" sc="250,-7,250,15,250,-4,250,-4" />
</Scene>
<Scene>
<INIT seed="1,0,0,0,3,30" ten="243,265,246,246" oya="1" hai0="117,65,99,25,106,101,84,35,121,58,56,17,134" hai1="123,50,64,18,120,12,70,96,126,43,110,103,82" hai2="112,4,68,45,108,26,113,7,67,107,27,55,62" hai3="15,16,87,59,31,49,100,132,47,11,38,86,76"/><U104/><E126/><V130/><F107/><W72/><G132/><T66/><D117/><U83/><E70/><V28/><F27/><W127/><G127/><T125/><D134/><U129/><E64/><V6/><F130/><W128/><G128/><T9/><D125/><U41/><E129/><V102/><F102/><W118/><G118/><T91/><D121/><U1/><E1/><V48/><REACH who="2" step="1"/><F108/><REACH who="2" ten="243,265,236,246" step="2"/><W20/><G100/><T37/><D37/><U29/><E110/><V75/><F75/><W21/><G38/><T111/><D111/><U36/><E36/><V0/><F0/><W19/><G72/><T61/><D66/><U94/><E104/><V54/><F54/><W74/><G74/><T79/><D79/><U114/><E123/><V95/><F95/><W52/><G76/><T32/><D25/><U92/><E120/><V5/><N who="2" m="1024" /><DORA hai="63" /><V60/><F60/><W97/><G97/><T131/><D131/><U23/><E94/><V51/><F51/><W2/><G2/><T24/><D24/><U33/><E50/><V78/><F78/><W53/><G87/><T90/><D90/><U89/><E89/><V34/><AGARI ba="0,1" hai="26,28,34,45,48,55,62,67,68,112,113" m="1024" machi="34" ten="40,8000,1" yaku="1,1,0,1,52,2,53,0" doraHai="30,63" doraHaiUra="133,93" who="2" fromWho="2" sc="243,-20,265,-40,236,90,246,-20" />
</Scene>
<Scene>
<INIT seed="2,0,0,4,3,77" ten="223,225,326,226" oya="2" hai0="101,44,114,53,39,55,122,41,134,82,84,19,61" hai1="3,80,91,13,15,74,34,31,100,40,104,87,26" hai2="117,14,27,102,51,124,118,50,17,24,28,69,88" hai3="107,46,63,22,0,109,65,92,119,66,97,86,103"/><V36/><F102/><W60/><G119/><T23/><D122/><U116/><E116/><V30/><F36/><W12/><G0/><T75/><D114/><U45/><E3/><V85/><F69/><W128/><G128/><T32/><D32/><U127/><E127/><V56/><F124/><W121/><G121/><T110/><D75/><U105/><E74/><V29/><F118/><W133/><G133/><T20/><D110/><U16/><E100/><V98/><F98/><W8/><G109/><T62/><D101/><U6/><E6/><V115/><F115/><W135/><G135/><T48/><D55/><U11/><REACH who="1" step="1"/><E15/><REACH who="1" ten="223,215,326,226" step="2"/><V59/><F117/><W99/><G66/><T68/><D134/><U112/><E112/><V94/><F14/><W111/><G111/><T71/><D71/><U123/><E123/><V93/><F17/><W64/><G64/><T131/><D68/><U42/><E42/><V76/><F30/><W10/><G65/><T72/><D72/><U1/><E1/><V38/><F38/><AGARI ba="0,1" hai="11,13,16,26,31,34,38,40,45,80,87,91,104,105" machi="38" ten="30,7700,0" yaku="1,1,7,1,52,1,54,1,53,0" doraHai="77" doraHaiUra="33" who="1" fromWho="2" sc="223,0,215,87,326,-77,226,0" />
</Scene>
<Scene>
<INIT seed="3,0,0,0,3,129" ten="223,302,249,226" oya="3" hai0="60,53,6,119,52,91,41,13,103,29,23,18,105" hai1="50,71,135,80,131,62,35,97,20,85,69,123,3" hai2="118,68,49,8,110,83,24,33,89,93,98,64,104" hai3="9,12,10,58,16,127,39,19,76,0,133,121,112"/><W86/><G121/><T106/><D119/><U44/><E123/><V75/><F118/><W73/><G112/><T42/><D103/><U92/><E35/><V31/><F110/><W113/><G39/><T90/><D60/><U25/><E3/><V4/><F49/><W87/><G113/><T61/><D61/><U108/><E108/><V72/><F83/><W27/><G127/><T30/><D6/><U96/><E131/><V67/><F67/><W78/><G73/><T74/><D74/><U54/><E62/><N who="2" m="39959" /><F89/><W95/><G133/><T7/><D7/><U81/><E81/><V11/><F11/><W128/><G128/><T77/><D23/><U28/><E135/><V125/><F93/><W66/><G0/><T94/><D13/><U111/><E111/><V120/><F125/><W36/><G36/><T117/><D94/><U37/><E37/><V48/><F48/><W107/><G107/><T109/><D117/><U40/><E40/><V47/><F47/><W116/><G116/><T63/><D63/><U17/><E17/><V114/><F114/><W132/><G132/><T56/><D109/><U55/><E55/><V79/><F79/><W101/><G27/><T46/><D77/><N who="1" m="46223" /><E92/><V70/><F70/><W45/><G45/><T1/><D46/><U115/><E115/><V2/><F120/><W134/><G134/><T57/><D1/><U5/><E5/><V99/><F99/><N who="1" m="37961" /><E71/><V14/><F14/><N who="3" m="7247" /><G78/><T59/><D59/><N who="1" m="33239" /><E69/><V21/><F21/><W130/><G130/><T82/><D82/><U51/><E44/><V22/><F22/><W84/><G76/><RYUUKYOKU ba="0,0" sc="223,10,302,10,249,10,226,-30" hai0="18,29,30,41,42,52,53,56,57,90,91,105,106" hai1="20,25,28,51" hai2="2,4,8,24,31,33,72,75,98,104" />
</Scene>
<Scene>
<INIT seed="4,1,0,4,2,70" ten="233,312,259,196" oya="0" hai0="4,98,6,61,96,86,23,53,32,0,40,71,38" hai1="37,2,62,16,109,124,131,121,103,14,87,100,128" hai2="51,75,133,67,99,55,34,56,26,45,22,10,112" hai3="59,29,95,72,25,132,18,106,90,63,20,80,28"/><T122/><D32/><U117/><E109/><V19/><F75/><W123/><G123/><T66/><D122/><U111/><E111/><V134/><F112/><W8/><G106/><T33/><D33/><U84/><E121/><V57/><F10/><W60/><G132/><N who="2" m="50793" /><F34/><W13/><G63/><T78/><D23/><N who="1" m="11671" /><E2/><V104/><F67/><W35/><G80/><T88/><D78/><U107/><E117/><V119/><F119/><W49/><G49/><T36/><D40/><U1/><E1/><V97/><F97/><N who="3" m="57591" /><G72/><T7/><D0/><U76/><E124/><V77/><F77/><W58/><G35/><T5/><N who="0" m="1536" /><DORA hai="102" /><T9/><D9/><U105/><E62/><V81/><F81/><W24/><G24/><T115/><D115/><U85/><E76/><V126/><F126/><W125/><G125/><T47/><D98/><U31/><E31/><N who="3" m="11850" /><G60/><T113/><D96/><U82/><E82/><V101/><AGARI ba="1,0" hai="19,22,26,45,51,55,56,57,99,101,104" m="50793" machi="101" ten="30,2000,0" yaku="20,1,52,1" doraHai="70,102" who="2" fromWho="2" sc="233,-11,312,-6,259,23,196,-6" />
</Scene>
<Scene>
<INIT seed="5,0,0,4,4,116" ten="222,306,282,190" oya="1" hai0="9,73,104,68,85,33,76,0,128,31,36,135,113" hai1="86,17,89,62,13,27,71,77,75,19,26,90,3" hai2="133,54,109,96,8,14,112,127,119,120,123,87,98" hai3="66,22,4,6,114,51,47,45,7,57,35,21,11"/><U70/><E3/><V105/><F119/><W74/><G74/><T67/><RYUUKYOKU type="yao9" ba="0,0" sc="222,0,306,0,282,0,190,0" hai0="0,9,31,33,36,67,68,73,76,85,104,113,128,135" />
</Scene>
<Scene>
<INIT seed="5,1,0,5,0,44" ten="222,306,282,190" oya="1" hai0="77,3,75,37,29,5,79,76,41,23,90,92,25" hai1="93,133,84,56,54,18,118,83,116,26,40,121,9" hai2="73,65,42,12,28,11,111,71,106,81,86,103,105" hai3="122,74,21,88,46,49,66,114,130,80,128,60,69"/><U24/><E121/><V20/><F111/><W6/><G122/><T120/><D120/><U36/><E93/><V47/><F73/><W58/><G114/><T67/><D67/><U104/><E104/><V30/><F103/><W100/><G6/><T95/><D92/><U85/><E133/><V124/><F124/><W61/><G100/><T63/><D63/><U78/><E85/><V51/><F71/><W126/><G126/><T8/><D90/><U45/><E26/><V127/><F127/><W123/><G123/><T34/><D23/><U27/><E27/><V98/><F98/><W16/><G74/><T0/><D95/><U1/><E1/><V13/><F65/><W102/><G102/><T132/><D0/><U15/><REACH who="1" step="1"/><E24/><REACH who="1" ten="222,296,282,190" step="2"/><V108/><F108/><W32/><G32/><T89/><D132/><U117/><E117/><V70/><F106/><W94/><G80/><T33/><D33/><U110/><E110/><V7/><F105/><W55/><G94/><T43/><D89/><U10/><E10/><N who="2" m="4191" /><F20/><W91/><G91/><T2/><D2/><U113/><E113/><V4/><F70/><W125/><G88/><AGARI ba="1,1" hai="4,11,13,28,30,42,47,51,81,86,88" m="4191" machi="88" ten="30,3900,0" yaku="8,1,52,1,54,1" doraHai="44" who="2" fromWho="3" sc="222,0,296,0,282,52,190,-42" />
</Scene>
<Scene>
<INIT seed="6,0,0,1,3,91" ten="222,296,334,148" oya="2" hai0="57,34,45,132,106,14,22,102,92,124,80,20,66" hai1="113,99,21,37,74,31,67,125,30,88,58,89,123" hai2="135,84,62,82,11,71,73,93,16,65,19,38,131" hai3="95,78,26,116,128,122,114,112,44,129,27,70,5"/><V134/><F73/><W120/><G70/><T3/><D34/><U127/><E37/><V72/><F72/><W18/><G78/><T126/><D106/><U79/><E113/><N who="3" m="43626" /><G44/><T13/><D3/><U105/><E123/><N who="3" m="47146" /><G95/><T28/><D80/><N who="1" m="45175" /><E105/><V48/><F38/><W109/><G109/><T97/><D45/><U110/><E110/><V4/><F131/><N who="3" m="50251" /><G5/><T50/><D66/><U55/><E67/><V59/><F71/><W25/><G18/><T0/><D50/><N who="1" m="31095" /><E99/><V69/><F69/><W64/><G64/><T23/><D57/><U39/><E39/><V60/><F60/><W40/><G40/><T12/><D92/><U6/><E6/><V8/><F48/><W49/><G49/><T111/><D97/><U42/><E42/><V101/><F4/><W117/><AGARI ba="0,0" hai="25,26,27,116,117" m="50251,47146,43626" machi="117" ten="40,12000,2" yaku="28,2,15,1,11,1,19,1,34,2" doraHai="91" who="3" fromWho="3" sc="222,-30,296,-30,334,-60,148,120" />
</Scene>
<Scene>
<INIT seed="7,0,0,3,5,9" ten="192,266,274,268" oya="3" hai0="49,94,21,56,118,93,42,92,133,121,88,104,24" hai1="120,82,2,123,117,11,3,25,75,30,28,81,125" hai2="8,47,17,10,67,26,43,115,68,72,20,76,59" hai3="29,85,54,114,99,55,73,77,48,109,38,53,52"/><W65/><G114/><T91/><D104/><U130/><E75/><V107/><F68/><W100/><G38/><T45/><D118/><U87/><E87/><V111/><F107/><W86/><G73/><T37/><D121/><U96/><E96/><V0/><F111/><W74/><G74/><T113/><D133/><U135/><E82/><V126/><F0/><N who="1" m="41" /><E81/><V63/><F115/><W22/><G65/><T58/><D113/><U132/><E117/><V39/><F126/><W101/><G109/><T32/><D32/><N who="1" m="20495" /><E125/><V131/><F131/><W116/><G116/><T15/><D37/><U46/><E46/><V1/><F1/><W12/><G29/><T129/><D129/><U124/><E124/><V13/><F72/><W134/><G134/><N who="1" m="51242" /><E130/><V41/><F76/><W83/><G86/><T5/><D56/><U33/><E11/><V27/><F41/><W66/><G66/><T108/><D58/><U14/><E14/><V64/><F64/><W102/><G99/><T31/><REACH who="0" step="1"/><D108/><REACH who="0" ten="182,266,274,268" step="2"/><U62/><E62/><V97/><F97/><W7/><G48/><T6/><D6/><U18/><E18/><V35/><F35/><W19/><N who="3" m="13824" /><DORA hai="61" /><W98/><G7/><T40/><D40/><U44/><E44/><V23/><F39/><W128/><G128/><T80/><D80/><U95/><E95/><V71/><F71/><W90/><G98/><T105/><D105/><U51/><E51/><N who="2" m="27135" /><F27/><AGARI ba="0,1" hai="27,30,33,120,123" m="51242,20495,41" machi="27" ten="30,7700,0" yaku="20,1,23,1,34,2" doraHai="9,61" who="1" fromWho="2" sc="182,0,266,87,274,-77,268,0" owari="182,-32.0,353,45.0,197,-20.0,268,7.0" />
</Scene>
</mjloggm>