<mjloggm ver="2.3"><GO type="97"/><UN n0="%E9%8A%80%E7%8B%BC" n1="%E3%83%9C%E3%82%B9%E3%82%B8%E3%83%A0" n2="%E9%BE%8D%E9%96%80%E6%B8%95%E3%81%AE%E5%85%88%E9%8B%92" n3="%E5%A4%AA%E3%81%8F%E3%81%AA%E3%81%84%E3%81%8A" dan="14,17,15,14" rate="2005,2062,2027,2061" sx="M,M,M,M"/><TAIKYOKU oya="0"/>

<Scene>
<INIT seed="0,0,0,5,1,127" ten="250,250,250,250" oya="0" hai0="125,60,120,68,133,41,12,43,97,80,42,106,62" hai1="67,115,14,32,104,56,63,6,86,15,75,128,110" hai2="22,111,89,31,59,107,124,13,64,26,0,103,85" hai3="74,24,65,5,9,93,35,40,121,33,37,126,73"/><T69/><D120/><U94/><E75/><N who="3" m="28682" /><G93/><T88/><D125/><U39/><E104/><V134/><F0/><N who="3" m="167" /><G126/><T11/><D133/><U17/><E39/><V114/><F134/><W131/><G121/><T82/><D106/><U47/><E32/><V118/><F124/><W122/><G122/><T116/><D116/><U119/><E119/><V77/><F118/><W76/><G76/><T113/><D113/><U23/><E115/><V30/><F77/><W3/><G3/><T92/><D69/><U46/><E110/><V129/><F114/><W52/><G52/><T34/><D34/><U51/><E51/><V1/><F1/><W4/><G4/><N who="0" m="3175" /><D68/><U20/><E6/><V81/><F111/><W19/><G19/><T53/><D53/><U10/><E15/><V84/><F84/><W83/><G83/><AGARI ba="0,0" hai="41,42,43,60,62,80,82,83,88,92,97" m="3175" machi="83" ten="30,2900,0" yaku="8,1,54,1" doraHai="127" who="0" fromWho="3" sc="250,29,250,0,250,0,250,-29" />
</Scene>
<Scene>
<INIT seed="0,1,0,3,2,117" ten="279,250,250,221" oya="0" hai0="58,121,133,61,62,103,135,97,120,3,39,68,44" hai1="85,66,35,116,65,17,105,40,8,126,52,46,11" hai2="69,90,15,77,4,98,131,106,12,27,42,47,92" hai3="111,86,18,87,59,107,122,73,53,22,95,89,127"/><T49/><D3/><U76/><E116/><V101/><F69/><W54/><G73/><T63/><D68/><U79/><E105/><V67/><F67/><W7/><G111/><T84/><D84/><U134/><E35/><V9/><F131/><W1/><G127/><T129/><D39/><U25/><E126/><V81/><F27/><W28/><G107/><N who="0" m="63983" /><D129/><U0/><E0/><V13/><F101/><W108/><G108/><T112/><D112/><U10/><E40/><V93/><F93/><W55/><G28/><T80/><D80/><N who="1" m="47239" /><E79/><V21/><F21/><W48/><G122/><N who="0" m="47211" /><D58/><U43/><E17/><V130/><F130/><W16/><G86/><T56/><D56/><U50/><E25/><V30/><F106/><W78/><G78/><T20/><D20/><U33/><E33/><V45/><F45/><W38/><G38/><T71/><D71/><U91/><E46/><V2/><F2/><W109/><G109/><T32/><D32/><U60/><E50/><V124/><F124/><W88/><G89/><T102/><D102/><U118/><E91/><V100/><F100/><W31/><G31/><T64/><D64/><U104/><E66/><V99/><F30/><W34/><G34/><T51/><D44/><U132/><E65/><V14/><F98/><W24/><REACH who="3" step="1"/><G18/><REACH who="3" ten="279,250,250,211" step="2"/><T94/><D94/><U23/><E104/><V37/><REACH who="2" step="1"/><F13/><REACH who="2" ten="279,250,240,211" step="2"/><W82/><G82/><T19/><D19/><U83/><E83/><V125/><F125/><W41/><G41/><T75/><D75/><AGARI ba="1,2" hai="4,9,12,14,15,37,42,47,75,77,81,90,92,99" machi="75" ten="30,2000,0" yaku="1,1,7,1,53,0" doraHai="117" doraHaiUra="123" who="2" fromWho="0" sc="279,-23,250,0,240,43,211,0" />
</Scene>
<Scene>
<INIT seed="1,0,0,2,2,91" ten="256,250,283,211" oya="1" hai0="130,124,50,13,37,52,44,57,96,131,110,36,89" hai1="20,3,106,122,55,101,80,123,119,97,128,62,111" hai2="6,29,46,11,121,61,39,32,38,116,53,72,84" hai3="76,135,14,10,42,23,25,69,117,107,40,48,60"/><U9/><E119/><V104/><F72/><W54/><G107/><T18/><D124/><U65/><E128/><N who="0" m="49193" /><D110/><U47/><E111/><V79/><F116/><W68/><G117/><T16/><D57/><U71/><E20/><V33/><F121/><W66/><G69/><T113/><D113/><U63/><E80/><V115/><F115/><W132/><G76/><T85/><D96/><U30/><E30/><V86/><F104/><W126/><G126/><T108/><D108/><U129/><E129/><V1/><F39/><N who="0" m="14922" /><D13/><U4/><REACH who="1" step="1"/><E47/><REACH who="1" ten="256,240,283,211" step="2"/><V28/><F28/><W27/><G135/><T17/><D17/><U24/><E24/><V82/><F29/><W133/><G132/><T81/><AGARI ba="0,1" hai="16,18,44,50,52,81,85,89" m="14922,49193" machi="81" ten="30,4000,0" yaku="19,1,54,2" doraHai="91" who="0" fromWho="0" sc="256,50,240,-20,283,-10,211,-10" />
</Scene>
<Scene>
<INIT seed="2,0,0,3,3,20" ten="306,220,273,201" oya="2" hai0="56,27,112,55,15,101,135,10,77,45,14,128,121" hai1="80,105,129,98,57,34,61,130,23,93,75,39,134" hai2="30,65,109,122,26,108,110,2,43,89,52,123,33" hai3="91,25,17,41,84,11,133,102,40,7,51,70,76"/><V38/><F65/><W16/><G70/><T71/><D71/><U0/><E34/><V48/><F2/><W4/><G133/><T104/><D121/><U62/><E39/><V18/><F18/><W66/><G66/><T85/><D112/><U87/><E105/><V94/><F43/><N who="3" m="16459" /><G102/><T78/><D128/><N who="1" m="49259" /><E75/><V64/><F64/><W3/><G3/><T36/><D135/><U132/><E0/><V115/><F115/><W100/><G100/><T95/><D104/><U13/><E13/><V127/><F127/><W114/><G76/><T81/><D77/><N who="1" m="46479" /><E23/><V86/><F38/><W97/><G114/><T116/><D116/><U125/><E125/><V79/><F79/><W47/><G97/><N who="0" m="59583" /><D36/><U106/><E106/><V37/><F37/><W124/><G124/><T107/><D107/><U82/><E82/><V44/><AGARI ba="0,0" hai="26,30,33,44,48,52,86,89,94,108,109,110,122,123" machi="44" ten="30,12000,1" yaku="0,1,14,1,10,1,52,1,54,1" doraHai="20" who="2" fromWho="2" sc="306,-40,220,-40,273,120,201,-40" />
</Scene>
<Scene>
<INIT seed="2,1,0,2,5,55" ten="266,180,393,161" oya="2" hai0="83,99,36,105,126,81,19,103,87,114,85,127,3" hai1="39,119,15,18,20,4,32,0,96,56,67,29,109" hai2="51,30,91,16,80,47,124,78,34,71,135,70,111" hai3="42,13,116,110,49,41,108,97,68,133,43,115,52"/><V69/><F124/><N who="0" m="47658" /><D36/><U59/><E39/><V104/><F135/><W45/><G97/><T53/><D3/><U72/><E72/><V95/><F104/><W40/><G13/><T121/><D19/><U92/><E119/><V101/><F101/><W113/><G116/><T63/><D63/><U84/><E67/><V35/><F16/><W65/><G133/><T134/><D53/><U128/><E128/><V14/><F14/><W86/><G86/><N who="0" m="32779" /><D134/><U26/><E84/><V125/><F125/><W7/><G7/><T28/><D28/><U74/><E74/><V1/><F1/><W23/><G23/><T58/><D58/><U73/><E73/><V76/><F30/><W94/><G94/><T75/><D121/><U9/><E109/><N who="3" m="42090" /><G40/><T123/><D123/><U6/><E6/><V64/><F111/><W37/><G37/><T21/><D21/><U118/><E118/><V25/><F34/><W77/><G77/><N who="0" m="44223" /><D83/><U102/><AGARI ba="1,0" hai="0,4,9,15,18,20,26,29,32,56,59,92,96,102" machi="102" ten="20,12000,2" yaku="0,1,7,1,24,2,52,2" doraHai="55" who="1" fromWho="1" sc="266,-31,180,123,393,-61,161,-31" />
</Scene>
<Scene>
<INIT seed="3,0,0,0,0,19" ten="235,303,332,130" oya="3" hai0="18,12,3,108,125,121,54,48,79,9,57,89,17" hai1="52,102,129,88,91,27,71,22,20,94,59,87,98" hai2="49,66,5,61,10,132,127,74,33,105,34,58,40" hai3="62,13,86,80,0,50,135,70,43,8,93,65,51"/><W72/><G135/><T46/><D121/><U76/><E71/><V101/><F74/><W24/><G0/><T60/><D125/><U106/><E129/><V113/><F113/><W123/><G123/><T110/><D3/><U37/><E37/><V2/><F127/><W6/><G43/><T92/><D79/><U130/><E130/><V41/><F132/><W28/><G93/><T1/><D1/><U15/><E15/><V64/><F64/><W26/><G72/><T116/><D116/><U14/><E14/><V55/><F41/><W56/><G70/><T114/><D114/><U11/><E11/><V44/><F101/><W29/><G24/><T84/><D110/><U4/><E4/><V69/><F105/><W117/><G117/><T115/><D108/><U47/><E47/><V38/><AGARI ba="0,0" hai="2,5,10,33,34,38,40,44,49,55,58,61,66,69" machi="38" ten="20,5200,0" yaku="0,1,7,1,24,2" doraHai="19" who="2" fromWho="2" sc="235,-13,303,-13,332,52,130,-26" owari="222,-18.0,290,9.0,384,49.0,104,-40.0" />
</Scene>
</mjloggm>