<mjloggm ver="2.3"><GO type="169"/><UN n0="%64%61%6E" n1="%E6%9D%B1%E9%9B%B2%E7%9A%90%E6%9C%88" n2="%61%62%61%6E%74%65%73" n3="%E5%A4%AA%E3%81%8F%E3%81%AA%E3%81%84%E3%81%8A" dan="16,16,16,16" rate="2059,2002,2032,2096" sx="M,F,M,M"/><TAIKYOKU oya="0"/>

<Scene>
<INIT seed="0,0,0,1,2,111" ten="250,250,250,250" oya="0" hai0="16,90,98,36,96,59,26,100,3,86,117,27,95" hai1="24,12,84,133,30,13,46,54,40,8,99,114,88" hai2="125,81,64,104,127,23,32,121,78,63,55,48,4" hai3="82,119,28,76,69,21,68,14,34,33,1,91,15"/><T101/><D3/><U74/><E74/><V118/><F32/><W87/><G119/><T66/><D36/><U105/><E133/><V44/><F104/><W65/><G1/><T56/><D117/><U113/><E54/><V43/><F4/><W42/><G42/><T93/><D66/><U109/><E109/><V11/><F11/><W18/><G14/><T107/><D27/><U47/><E99/><V57/><F118/><W75/><G28/><T29/><D16/><U61/><E61/><V41/><F23/><AGARI ba="0,0" hai="23,26,29,56,59,86,90,93,95,96,98,100,101,107" machi="23" ten="30,1500,0" yaku="7,1" doraHai="111" who="0" fromWho="2" sc="250,15,250,0,250,-15,250,0" />
</Scene>
<Scene>
<INIT seed="0,1,0,2,4,3" ten="265,250,235,250" oya="0" hai0="8,133,91,62,52,29,103,66,124,90,93,99,50" hai1="86,27,119,30,6,125,69,21,41,129,88,40,101" hai2="100,113,26,132,96,24,81,2,122,13,97,22,36" hai3="0,7,116,51,80,118,114,108,59,135,75,18,126"/><T4/><D133/><U105/><E119/><V73/><F2/><W55/><G114/><T12/><D124/><U44/><E69/><V102/><F113/><W5/><G0/><T58/><REACH who="0" step="1"/><D29/><REACH who="0" ten="255,250,235,250" step="2"/><U34/><E125/><V33/><F132/><W38/><G135/><T31/><D31/><U74/><E30/><V115/><F115/><W42/><G126/><T87/><D87/><U10/><E86/><V54/><F122/><W46/><G118/><T85/><D85/><U1/><E74/><V39/><F73/><W71/><G116/><T110/><D110/><U47/><E129/><V112/><F112/><W19/><G108/><T111/><D111/><U120/><E120/><V23/><F33/><W65/><G75/><T49/><D49/><U70/><E34/><V45/><F39/><W98/><G98/><T14/><D14/><U128/><E128/><V72/><F13/><W82/><G82/><T79/><D79/><U84/><E84/><V43/><F72/><W16/><G80/><T67/><D67/><U37/><E37/><V106/><F81/><W107/><G107/><T123/><D123/><U121/><E105/><V35/><F97/><W95/><G95/><T63/><D63/><AGARI ba="1,1" hai="5,7,16,18,19,38,42,46,51,55,59,63,65,71" machi="63" ten="40,8000,1" yaku="24,2,52,2,54,1" doraHai="3" who="3" fromWho="0" sc="255,-83,250,0,235,0,250,93" />
</Scene>
<Scene>
<INIT seed="1,0,0,3,4,3" ten="172,250,235,343" oya="1" hai0="113,114,48,18,42,125,57,40,53,36,58,95,99" hai1="71,4,116,70,28,1,67,52,87,92,59,54,119" hai2="14,46,90,112,120,11,66,121,109,133,130,115,9" hai3="89,100,31,131,65,127,61,77,107,22,23,123,16"/><U55/><E28/><V45/><F66/><W76/><G123/><N who="2" m="47177" /><F90/><W62/><G127/><T75/><D75/><U132/><E132/><V6/><F46/><W98/><G131/><T118/><D118/><U41/><E41/><V34/><F45/><W73/><G73/><T105/><D105/><U24/><E24/><V110/><F34/><W17/><G31/><T63/><D125/><U13/><E59/><V27/><F27/><W82/><G89/><T81/><D81/><U37/><E37/><V103/><F103/><W50/><G50/><T72/><D72/><U128/><E128/><V29/><F29/><W43/><G43/><T33/><D33/><U60/><E70/><V19/><F130/><W2/><G2/><T86/><D86/><U12/><E116/><V21/><F133/><W97/><G82/><T85/><D85/><U129/><E119/><V80/><F80/><W83/><G83/><T0/><D0/><U35/><E35/><V49/><F49/><W26/><G97/><T7/><D7/><U15/><E129/><V38/><F38/><W8/><G8/><N who="2" m="3145" /><F6/><W122/><G122/><T74/><D74/><U111/><E4/><V117/><F117/><W56/><REACH who="3" step="1"/><G62/><REACH who="3" ten="172,250,235,333" step="2"/><T102/><D42/><U135/><E1/><V96/><F96/><W93/><G93/><T30/><D30/><U94/><E135/><V126/><F126/><W134/><G134/><T124/><D124/><U32/><E32/><V47/><F47/><W69/><G69/><T104/><D36/><U44/><E44/><V39/><F39/><W78/><G78/><T106/><D40/><RYUUKYOKU ba="0,1" sc="172,-15,250,-15,235,15,333,15" hai2="14,19,21,109,110,112,115" hai3="16,17,22,23,26,56,61,65,76,77,98,100,107" />
</Scene>
<Scene>
<INIT seed="2,1,1,1,2,52" ten="157,235,250,348" oya="2" hai0="49,64,130,12,44,15,110,19,99,119,105,71,46" hai1="41,22,59,90,115,123,2,56,128,4,74,133,89" hai2="124,109,16,26,58,87,39,129,73,127,94,68,106" hai3="112,76,10,8,42,79,40,36,51,30,82,9,45"/><V62/><F73/><W7/><G112/><T85/><D110/><U43/><E115/><V50/><F106/><W120/><G120/><T102/><D130/><U66/><E74/><V113/><F39/><W23/><G42/><T126/><D126/><N who="2" m="48170" /><F113/><W14/><G36/><T134/><D134/><U67/><E2/><V28/><F68/><W96/><G96/><T104/><D119/><U86/><E4/><V31/><F50/><W65/><G65/><T24/><D105/><U84/><E22/><N who="2" m="13639" /><F129/><W27/><REACH who="3" step="1"/><G79/><REACH who="3" ten="157,235,250,338" step="2"/><T70/><D64/><U97/><E97/><V11/><F109/><W75/><AGARI ba="1,2" hai="7,8,9,10,14,23,27,30,40,45,51,75,76,82" machi="75" ten="20,5200,0" yaku="1,1,2,1,0,1,7,1,53,0" doraHai="52" doraHaiUra="101" who="3" fromWho="3" sc="157,-14,235,-14,250,-27,338,75" />
</Scene>
<Scene>
<INIT seed="3,0,0,1,5,72" ten="143,221,223,413" oya="3" hai0="68,33,0,122,53,105,26,120,125,1,38,111,12" hai1="49,118,126,97,57,74,61,86,21,94,46,15,25" hai2="44,99,65,10,51,60,11,42,132,89,102,40,117" hai3="83,54,67,63,6,62,24,91,85,14,41,4,45"/><W103/><G103/><T28/><D53/><U8/><E74/><V34/><F117/><W88/><G24/><T47/><D12/><U73/><E73/><V131/><F131/><W124/><G124/><T96/><D125/><U39/><E39/><V130/><F130/><W121/><G121/><T70/><D111/><U18/><E86/><V71/><F132/><W113/><G113/><T55/><D55/><N who="1" m="33983" /><E118/><V75/><F75/><W19/><G54/><T109/><D109/><U36/><E36/><V79/><F42/><W5/><G91/><T104/><D122/><U9/><E25/><V52/><F89/><W78/><G88/><T2/><D120/><U112/><E112/><V35/><F79/><W13/><G67/><T16/><D16/><U66/><E66/><V128/><F128/><W50/><REACH who="3" step="1"/><G14/><REACH who="3" ten="143,221,223,403" step="2"/><T82/><D82/><U81/><E81/><V27/><F40/><W135/><G135/><T116/><D116/><U31/><E15/><V101/><F101/><W80/><G80/><T107/><D96/><U114/><E97/><V123/><F123/><W22/><AGARI ba="0,1" hai="4,5,6,13,19,22,41,45,50,62,63,78,83,85" machi="22" ten="30,11700,0" yaku="1,1,0,1,8,1,52,1,53,0" doraHai="72" doraHaiUra="69" who="3" fromWho="3" sc="143,-39,221,-39,223,-39,403,127" />
</Scene>
<Scene>
<INIT seed="3,1,0,0,0,100" ten="104,182,184,530" oya="3" hai0="15,88,54,80,0,76,17,120,118,57,52,127,71" hai1="35,26,79,56,30,40,109,33,53,132,29,4,121" hai2="60,38,89,47,78,90,68,123,13,18,6,73,135" hai3="63,39,124,10,37,70,51,116,45,74,103,46,117"/><W23/><G74/><T81/><D0/><U58/><E121/><V104/><F6/><W113/><G23/><T77/><D71/><U32/><E109/><V22/><F123/><W99/><G10/><T84/><D120/><U25/><E40/><V98/><F135/><W114/><G99/><T93/><D118/><N who="3" m="45673" /><G103/><T14/><D127/><U87/><E132/><V97/><F78/><W67/><G124/><T122/><D122/><U9/><E53/><V1/><F73/><W86/><G86/><T64/><D64/><U119/><E119/><V42/><F1/><W20/><G20/><T69/><D69/><U59/><E35/><V65/><REACH who="2" step="1"/><F98/><REACH who="2" ten="104,182,174,530" step="2"/><W24/><G114/><T21/><D77/><U5/><E9/><V61/><F61/><W91/><G63/><T2/><D2/><U31/><E31/><V3/><F3/><W44/><G113/><T27/><D81/><AGARI ba="1,1" hai="4,5,25,26,29,30,32,33,56,58,59,79,81,87" machi="81" ten="40,1300,0" yaku="9,1" doraHai="100" who="1" fromWho="0" sc="104,-16,182,26,174,0,530,0" />
</Scene>
<Scene>
<INIT seed="4,0,0,1,5,18" ten="88,208,174,530" oya="0" hai0="32,72,70,121,92,40,69,14,7,15,132,20,94" hai1="117,93,29,28,63,25,77,17,62,113,95,118,105" hai2="23,130,99,43,127,119,49,68,41,103,107,129,100" hai3="11,75,9,47,44,22,46,51,60,0,111,109,84"/><T131/><D32/><U102/><E105/><V5/><F68/><W31/><G75/><T88/><D72/><U42/><E77/><V89/><F103/><W30/><G0/><T37/><D121/><U86/><E42/><V116/><F5/><W13/><G111/><T59/><D132/><U125/><E125/><V73/><F73/><W112/><G109/><T45/><D131/><N who="2" m="50186" /><F127/><W1/><G1/><T101/><D7/><U52/><E17/><V61/><F61/><W120/><G120/><T126/><D126/><U90/><E63/><V108/><F108/><W64/><G112/><T67/><D101/><U104/><E29/><N who="3" m="10762" /><G51/><T4/><D94/><U27/><E27/><V85/><F23/><W56/><G84/><T81/><D81/><U114/><E104/><V87/><F87/><W39/><G39/><T54/><D67/><U35/><E95/><N who="2" m="54703" /><F49/><W74/><G74/><T53/><D54/><U83/><E102/><V133/><F133/><W26/><G13/><T96/><D15/><U50/><E83/><V122/><F122/><W12/><G12/><T110/><D110/><U71/><E71/><V79/><F79/><W78/><G78/><T115/><D115/><N who="1" m="44043" /><E62/><V10/><F10/><W21/><G21/><T6/><D6/><U33/><E33/><V106/><F106/><W34/><G34/><T48/><REACH who="0" step="1"/><D20/><REACH who="0" ten="78,208,174,530" step="2"/><U97/><E35/><V57/><F43/><W19/><AGARI ba="0,1" hai="9,11,19,22,26,44,46,47,56,60,64" m="10762" machi="19" ten="30,2000,0" yaku="8,1,52,1" doraHai="18" who="3" fromWho="3" sc="78,-10,208,-5,174,-5,530,30" />
</Scene>
<Scene>
<INIT seed="5,0,0,5,2,78" ten="68,203,169,560" oya="1" hai0="37,96,70,63,6,135,85,46,19,125,92,88,3" hai1="21,115,80,116,33,77,106,108,40,66,104,81,103" hai2="5,31,112,118,12,90,67,56,100,127,52,76,8" hai3="0,23,117,51,107,130,4,69,47,7,84,2,24"/><U89/><E116/><V132/><F118/><W74/><G117/><T28/><D125/><U60/><E33/><V13/><F127/><W16/><G74/><T34/><D135/><U129/><E129/><V68/><F132/><W114/><G107/><T35/><D3/><U102/><E40/><V71/><F67/><W82/><G69/><T36/><D6/><U53/><E53/><V105/><F76/><W18/><G130/><T121/><D121/><U29/><E115/><V54/><F31/><W22/><G114/><T62/><D28/><U75/><E104/><V95/><F112/><W9/><G2/><T25/><D35/><U15/><E106/><V87/><F54/><N who="3" m="30079" /><G9/><T72/><D72/><U48/><E48/><V122/><F122/><W133/><G0/><T39/><D34/><U65/><E65/><V55/><F55/><W120/><G120/><T64/><D63/><U30/><E30/><V1/><F1/><W98/><G98/><T57/><D70/><U26/><E15/><V10/><F100/><W131/><G131/><T93/><D25/><U113/><E113/><V94/><F105/><W99/><G99/><T79/><D19/><U20/><E20/><V101/><F101/><W58/><G58/><T27/><D27/><U73/><E108/><V123/><F123/><W41/><G41/><T110/><D110/><U128/><E128/><V134/><F134/><W17/><G133/><T111/><D111/><U49/><E49/><N who="2" m="30735" /><F95/><W45/><G45/><T59/><D59/><N who="1" m="37151" /><E73/><V91/><F91/><N who="3" m="51607" /><G23/><T97/><D97/><U50/><E50/><V86/><F86/><AGARI ba="0,0" hai="21,26,29,75,77,80,81,86,89,102,103" m="37151" machi="86" ten="30,5800,0" yaku="6,1,52,2" doraHai="78" who="1" fromWho="2" sc="68,0,203,58,169,-58,560,0" />
</Scene>
<Scene>
<INIT seed="5,1,0,1,2,2" ten="68,261,111,560" oya="1" hai0="79,118,107,61,55,115,112,42,63,65,83,32,120" hai1="23,68,46,128,53,9,1,45,92,0,75,48,56" hai2="106,49,114,85,131,116,52,18,104,123,22,84,12" hai3="10,58,76,7,102,36,67,100,96,3,95,125,41"/><U37/><E68/><V86/><F116/><W64/><G125/><T121/><D118/><U91/><E75/><V43/><F123/><N who="0" m="47178" /><D32/><U101/><E101/><V122/><F122/><W103/><G76/><T17/><D107/><U129/><E23/><V34/><F34/><W27/><G27/><T60/><D17/><U89/><E89/><V35/><F35/><W135/><G135/><T38/><D83/><U90/><E90/><V14/><F43/><W80/><G80/><T98/><D98/><U117/><E117/><V13/><F131/><N who="1" m="50249" /><E0/><V94/><F114/><N who="0" m="43562" /><D79/><U30/><E30/><V133/><F133/><W132/><G132/><T11/><D11/><U62/><E37/><V24/><REACH who="2" step="1"/><F94/><REACH who="2" ten="68,261,101,560" step="2"/><W87/><G95/><T31/><D31/><U130/><E130/><V97/><F97/><W73/><G96/><T28/><D28/><U108/><E108/><V126/><F126/><W111/><G111/><T16/><D16/><U5/><E62/><V50/><F50/><W82/><G36/><T109/><D109/><U77/><E77/><V51/><F51/><W40/><G82/><T54/><D65/><U26/><E26/><V4/><F4/><W81/><G67/><T57/><D54/><U99/><AGARI ba="1,1" hai="1,5,9,45,46,48,53,56,91,92,99" m="50249" machi="99" ten="30,3000,0" yaku="19,1,52,1" doraHai="2" who="1" fromWho="1" sc="68,-11,261,43,101,-11,560,-11" />
</Scene>
<Scene>
<INIT seed="5,2,0,5,3,52" ten="57,304,90,549" oya="1" hai0="134,115,116,91,71,101,82,135,42,29,18,1,35" hai1="95,110,72,9,76,121,4,132,112,0,102,13,40" hai2="23,12,26,119,10,45,20,3,131,123,70,98,106" hai3="61,58,7,100,34,118,11,125,16,36,109,94,64"/><U44/><E121/><V60/><F123/><W67/><G109/><T54/><D71/><U19/><E112/><V50/><F3/><W80/><G36/><T31/><D116/><U99/><E132/><V129/><F119/><W89/><G34/><T49/><D1/><U62/><E62/><V48/><F48/><W41/><G125/><T81/><D115/><U85/><E85/><V25/><F106/><W38/><G118/><T92/><D42/><U90/><E76/><V2/><F2/><W24/><G100/><T46/><D101/><U57/><E72/><V77/><F98/><W128/><G128/><N who="2" m="49225" /><F77/><W33/><G80/><N who="0" m="30827" /><D35/><U108/><E90/><V21/><F60/><W17/><G38/><T5/><D5/><U15/><E0/><V8/><F70/><W133/><G133/><N who="0" m="50699" /><D18/><U113/><E113/><V124/><F124/><W69/><G41/><T28/><D28/><U65/><E19/><N who="2" m="8583" /><F10/><W37/><G37/><T83/><N who="0" m="30835" /><T75/><DORA hai="93" /><D75/><U104/><E9/><V47/><F47/><W32/><G69/><T30/><D30/><U51/><E4/><V27/><F23/><W22/><G32/><T79/><D79/><U14/><E104/><V122/><F122/><W68/><G33/><T111/><D111/><U97/><E108/><V73/><F73/><W74/><G74/><T96/><AGARI ba="2,0" hai="29,31,46,49,54,91,92,96" m="50699,30835" machi="96" ten="40,2700,0" yaku="20,1,52,1" doraHai="52,93" who="0" fromWho="0" sc="57,33,304,-15,90,-9,549,-9" />
</Scene>
<Scene>
<INIT seed="6,0,0,2,0,130" ten="90,289,81,540" oya="2" hai0="30,4,121,126,50,97,102,65,109,38,52,92,31" hai1="76,135,94,55,44,13,18,64,91,34,33,123,93" hai2="95,20,43,75,98,129,111,49,27,54,58,47,87" hai3="85,79,35,72,1,40,117,118,107,48,61,101,42"/><V8/><F75/><W46/><G35/><T99/><D109/><U14/><E64/><V9/><F129/><W114/><G1/><T96/><D38/><U73/><E13/><V41/><F87/><W113/><G72/><T119/><D119/><U22/><E94/><V53/><F111/><W21/><G61/><T66/><D121/><U12/><E12/><V86/><F86/><W51/><G21/><T77/><D126/><U125/><E123/><V81/><F81/><N who="3" m="47295" /><G107/><T26/><D77/><U37/><E37/><V5/><F43/><N who="3" m="16427" /><G101/><T56/><D4/><U69/><E69/><V128/><F128/><W59/><G59/><T15/><D15/><U63/><E63/><N who="2" m="36303" /><F41/><N who="3" m="24655" /><G51/><T89/><D31/><U62/><E73/><V6/><F9/><W10/><G10/><T24/><D24/><U115/><E33/><V78/><F8/><W36/><G36/><T2/><D2/><U16/><E34/><V83/><F83/><W11/><G11/><T19/><D19/><U25/><E18/><N who="2" m="12695" /><F78/><W84/><G84/><T67/><REACH who="0" step="1"/><D102/><AGARI ba="0,0" hai="5,6,47,49,54,95,98,102" m="12695,36303" machi="102" ten="30,1500,0" yaku="8,1" doraHai="130" who="2" fromWho="0" sc="90,-15,289,0,81,15,540,0" />
</Scene>
<Scene>
<INIT seed="6,1,0,4,4,20" ten="75,289,96,540" oya="2" hai0="98,79,132,10,130,62,44,24,82,133,112,28,119" hai1="14,49,22,40,32,68,17,118,18,61,46,71,6" hai2="66,16,27,122,95,30,29,111,84,134,72,11,7" hai3="1,124,128,58,117,97,83,70,69,135,42,104,92"/><V74/><F122/><W129/><G117/><T127/><D119/><U114/><E32/><V4/><F74/><W2/><G104/><T51/><D62/><U102/><E6/><N who="2" m="2091" /><F72/><W56/><G42/><T55/><D10/><U108/><E118/><V90/><F134/><N who="0" m="51818" /><D98/><U131/><E68/><N who="3" m="26218" /><G83/><T50/><D50/><U67/><E108/><V54/><F66/><W33/><G33/><N who="0" m="20615" /><D112/><U125/><E114/><V39/><F39/><W59/><G92/><T31/><D31/><U76/><E67/><V91/><F111/><W89/><G89/><T81/><D127/><U96/><E61/><V37/><F37/><W109/><G58/><T60/><D130/><U52/><E131/><V100/><F100/><W64/><G59/><N who="0" m="34943" /><D79/><U9/><E96/><N who="2" m="57463" /><F54/><AGARI ba="1,0" hai="44,51,54,81,82" m="34943,20615,51818" machi="54" ten="30,2000,0" yaku="20,1,52,1" doraHai="20" who="0" fromWho="2" sc="75,23,289,0,96,-23,540,0" />
</Scene>
<Scene>
<INIT seed="7,0,0,2,1,80" ten="98,289,73,540" oya="3" hai0="62,75,116,114,41,127,56,31,96,19,63,54,107" hai1="74,132,43,20,28,135,12,48,34,98,99,16,23" hai2="55,27,133,53,129,78,36,77,79,128,47,83,88" hai3="45,11,50,121,4,115,65,21,102,125,13,64,0"/><W33/><G121/><T40/><D116/><U58/><E74/><V91/><F133/><W86/><G33/><T38/><D75/><U134/><E34/><V8/><F27/><W59/><G115/><T94/><D107/><U22/><E28/><V71/><F71/><W104/><G125/><T120/><D120/><U117/><E117/><V61/><F8/><W119/><G119/><T131/><D127/><U106/><E106/><V109/><F109/><W72/><G72/><T84/><D84/><U35/><E35/><V60/><F36/><W52/><G104/><T44/><D41/><U100/><E100/><V66/><F66/><W97/><G86/><T17/><D114/><U76/><E76/><V57/><F47/><W126/><G126/><T30/><D131/><N who="2" m="50250" /><F83/><W87/><G87/><T9/><D63/><N who="2" m="24138" /><F57/><W113/><G50/><N who="0" m="26887" /><D19/><U81/><E81/><V67/><F67/><W39/><G97/><N who="1" m="36874" /><E43/><V51/><F51/><W108/><G102/><N who="0" m="60695" /><D38/><U112/><E112/><V3/><F3/><W68/><G0/><T89/><D89/><AGARI ba="0,0" hai="53,55,77,78,79,88,89,91" m="24138,50250" machi="89" ten="40,8000,1" yaku="28,2,19,1,54,1" doraHai="80" who="2" fromWho="0" sc="98,-80,289,0,73,80,540,0" owari="18,-48.0,289,9.0,153,-25.0,540,64.0" />
</Scene>
</mjloggm>