<mjloggm ver="2.3"><GO type="169"/><UN n0="%E5%A4%AA%E3%81%8F%E3%81%AA%E3%81%84%E3%81%8A" n1="%E3%81%BE%E3%81%A4%E3%82%86%E3%81%8D" n2="%45%6B%69%62%65%6E" n3="%4B%E3%80%82" dan="16,16,16,16" rate="2101,2092,2066,2090" sx="M,M,M,M"/><TAIKYOKU oya="0"/>

<Scene>
<INIT seed="0,0,0,5,0,69" ten="250,250,250,250" oya="0" hai0="8,71,35,111,91,4,26,3,23,88,13,100,129" hai1="15,124,87,29,51,103,62,101,48,38,17,67,102" hai2="5,28,22,112,106,74,36,10,47,20,61,9,44" hai3="34,21,49,104,66,50,90,65,2,128,115,119,135"/><T120/><D120/><U0/><E0/><V79/><F112/><W12/><G115/><T68/><D129/><U19/><E124/><V126/><F106/><W82/><G119/><T127/><D127/><U123/><E123/><V84/><F126/><W6/><G104/><T43/><D100/><U117/><E117/><V58/><F10/><W95/><G128/><T99/><D43/><U16/><E29/><V85/><F47/><W108/><G34/><T32/><D32/><U113/><E113/><V121/><F85/><W118/><G82/><T63/><D111/><U72/><E72/><V40/><F84/><W25/><G2/><T60/><D71/><U75/><E75/><V76/><F28/><W125/><G108/><T130/><D130/><U133/><E133/><V105/><F105/><W83/><G83/><T53/><D35/><U46/><E15/><V92/><F92/><W56/><G135/><T18/><D68/><U122/><E122/><V80/><F79/><W1/><G1/><T109/><D109/><U131/><E131/><V98/><F98/><N who="3" m="57719" /><G118/><T14/><D3/><U37/><E87/><V54/><F121/><W132/><G132/><T78/><D78/><U55/><REACH who="1" step="1"/><E51/><REACH who="1" ten="250,240,250,250" step="2"/><V96/><F96/><W39/><G125/><T64/><D99/><U41/><E41/><V110/><F110/><W24/><G50/><T116/><D116/><U107/><E107/><V33/><F33/><W94/><G49/><T57/><D14/><AGARI ba="0,1" hai="5,9,14,20,22,36,40,44,54,58,61,74,76,80" machi="14" ten="30,2000,0" yaku="7,1,52,1" doraHai="69" who="2" fromWho="0" sc="250,-20,240,0,250,30,250,0" />
</Scene>
<Scene>
<INIT seed="1,0,0,5,0,126" ten="230,240,280,250" oya="1" hai0="84,31,32,35,73,10,118,26,123,75,85,129,103" hai1="81,107,56,55,110,91,69,21,71,79,92,125,78" hai2="39,13,67,132,53,16,108,58,131,113,101,96,6" hai3="17,50,9,38,60,74,52,28,64,44,102,94,45"/><U11/><E125/><V7/><F39/><W19/><G74/><T36/><D118/><U34/><E34/><V1/><F1/><W122/><G122/><T8/><D36/><U112/><E112/><V87/><F113/><W33/><G33/><T121/><D103/><U57/><E107/><V93/><F108/><W104/><G28/><T72/><D72/><U95/><E110/><V109/><F67/><W61/><G104/><T59/><D59/><U62/><E95/><V128/><F132/><W23/><G38/><T124/><D26/><U100/><E100/><V88/><F109/><W119/><G45/><T65/><D65/><U90/><E90/><V48/><F7/><W2/><G2/><T5/><D124/><U76/><E81/><V15/><F6/><W120/><G120/><T82/><D5/><U117/><E117/><V68/><F68/><W111/><G111/><T30/><D82/><U83/><E11/><V22/><F13/><N who="3" m="7343" /><G64/><T12/><D12/><U0/><E0/><V49/><REACH who="2" step="1"/><F49/><REACH who="2" ten="230,240,270,250" step="2"/><W80/><G119/><T43/><REACH who="0" step="1"/><D43/><REACH who="0" ten="220,240,270,250" step="2"/><U135/><E71/><V115/><F115/><W24/><G61/><T134/><D134/><U41/><E135/><V63/><F63/><W14/><G60/><T47/><D47/><U70/><E41/><V42/><F42/><W116/><G116/><T99/><D99/><U86/><E57/><V3/><F3/><W127/><G127/><T98/><D98/><N who="1" m="57631" /><E70/><V29/><F29/><W25/><G50/><T40/><D40/><U18/><E69/><V27/><F27/><AGARI ba="0,2" hai="18,21,27,55,56,62,76,78,79,83,86" m="57631" machi="27" ten="30,2900,0" yaku="25,1,8,1" doraHai="126" who="1" fromWho="2" sc="220,0,240,49,270,-29,250,0" />
</Scene>
<Scene>
<INIT seed="1,1,0,1,3,102" ten="220,289,241,250" oya="1" hai0="7,106,84,0,1,26,80,128,114,43,75,107,39" hai1="86,112,46,116,48,52,111,83,35,44,120,92,4" hai2="119,125,2,55,32,11,50,62,21,45,66,37,56" hai3="129,121,105,117,14,42,8,88,85,19,72,101,47"/><U27/><E112/><V99/><F32/><W134/><G121/><T98/><D98/><U91/><E120/><V34/><F34/><W78/><G129/><T17/><D84/><U60/><E116/><V31/><F119/><W126/><G117/><T123/><D123/><U5/><E111/><V95/><F125/><W70/><G70/><T76/><D114/><U53/><E35/><V16/><F37/><W67/><G67/><T132/><D1/><U64/><E27/><N who="2" m="16879" /><F2/><W12/><G126/><T127/><D127/><U130/><E130/><V30/><F30/><W54/><G54/><T115/><D115/><U61/><E61/><V63/><F63/><W36/><G134/><T59/><D128/><U65/><E65/><V33/><F33/><W82/><G14/><T113/><D113/><U40/><E92/><V23/><F11/><W58/><G58/><T49/><D132/><U87/><E86/><V68/><F68/><W97/><REACH who="3" step="1"/><G72/><REACH who="3" ten="220,289,241,240" step="2"/><T20/><D59/><U131/><E131/><V100/><F66/><W6/><G6/><T18/><D7/><U110/><E110/><V38/><F62/><W93/><G93/><T133/><D133/><U74/><E74/><V22/><F56/><W10/><G10/><T69/><D69/><U29/><E53/><V51/><F55/><W24/><G24/><T9/><D0/><U77/><E4/><V57/><F57/><W90/><AGARI ba="1,1" hai="8,12,19,36,42,47,78,82,85,88,90,97,101,105" machi="90" ten="30,7900,0" yaku="1,1,0,1,52,1,54,1,53,0" doraHai="102" doraHaiUra="109" who="3" fromWho="3" sc="220,-21,289,-40,241,-21,240,92" />
</Scene>
<Scene>
<INIT seed="2,0,0,0,1,110" ten="199,249,220,332" oya="2" hai0="122,5,65,51,34,123,102,107,18,115,87,99,130" hai1="43,119,67,1,17,121,27,64,71,50,69,97,90" hai2="37,127,72,75,103,41,49,66,7,32,92,4,8" hai3="23,29,118,125,40,98,42,26,129,19,104,22,93"/><V88/><F32/><W77/><G118/><T13/><D34/><U114/><E119/><V2/><F127/><W96/><G125/><T132/><D132/><U25/><E1/><V36/><F103/><W6/><G129/><T84/><D130/><U120/><E43/><V126/><F126/><W82/><G104/><T91/><D5/><U24/><E50/><V133/><F133/><W62/><G62/><T100/><D100/><U112/><E17/><V109/><F66/><N who="1" m="25129" /><E90/><V38/><F7/><W39/><G6/><T81/><D65/><U10/><E10/><V21/><F21/><W117/><G117/><T45/><D87/><U16/><E16/><V30/><F30/><W76/><G39/><T80/><D80/><U61/><E61/><V73/><F109/><W20/><G20/><T11/><REACH who="0" step="1"/><D115/><REACH who="0" ten="189,249,220,332" step="2"/><N who="1" m="44075" /><E97/><V116/><F116/><W135/><G98/><T60/><D60/><U70/><AGARI ba="0,1" hai="24,25,27,69,70,71,120,121" m="44075,25129" machi="70" ten="50,8000,1" yaku="28,2,52,3" doraHai="110" who="1" fromWho="1" sc="189,-20,249,90,220,-40,332,-20" />
</Scene>
<Scene>
<INIT seed="3,0,0,3,2,25" ten="169,339,180,312" oya="3" hai0="130,48,45,23,99,54,29,38,16,88,76,43,74" hai1="26,113,102,92,37,40,15,126,8,52,10,91,4" hai2="70,7,56,31,79,110,119,100,19,36,44,41,66" hai3="6,82,3,0,80,107,28,73,27,13,123,105,11"/><W17/><G123/><T49/><D130/><U81/><E113/><V18/><F119/><W85/><G73/><T34/><D74/><U117/><E117/><V96/><F79/><W94/><G94/><N who="0" m="56775" /><D34/><U109/><E126/><V64/><F7/><W83/><G85/><T104/><D38/><U1/><E109/><V72/><F72/><W114/><G114/><T120/><D104/><U58/><E37/><V59/><F110/><W133/><G133/><T68/><D68/><U62/><E40/><V46/><F31/><W67/><G67/><N who="2" m="25641" /><F70/><W128/><G128/><T78/><D120/><U50/><E102/><V33/><F33/><W90/><G90/><T122/><D29/><U69/><E69/><V111/><F36/><W60/><G60/><T63/><D63/><U53/><E81/><V89/><F100/><W106/><REACH who="3" step="1"/><G6/><REACH who="3" ten="169,339,180,302" step="2"/><T115/><D122/><U98/><E26/><V12/><F111/><W125/><G125/><T61/><D61/><U51/><E53/><V71/><F71/><W35/><AGARI ba="0,1" hai="0,3,11,13,17,27,28,35,80,82,83,105,106,107" machi="35" ten="40,7800,0" yaku="1,1,0,1,52,1,53,0" doraHai="25" doraHaiUra="57" who="3" fromWho="3" sc="169,-26,339,-26,180,-26,302,88" />
</Scene>
<Scene>
<INIT seed="3,1,0,2,3,121" ten="143,313,154,390" oya="3" hai0="118,23,6,106,53,29,91,66,133,134,63,61,36" hai1="65,77,50,24,47,31,109,20,21,128,64,97,122" hai2="55,72,105,10,2,102,68,17,5,104,19,62,95" hai3="4,42,74,11,45,73,32,119,46,108,127,37,43"/><W89/><G119/><T124/><D118/><U49/><E122/><V57/><F72/><W135/><G32/><T87/><D106/><U9/><E128/><V126/><F126/><W129/><G127/><T48/><D36/><U59/><E77/><V125/><F125/><W38/><G129/><T52/><D6/><U112/><E112/><V88/><F68/><W22/><G135/><N who="0" m="51723" /><D124/><U103/><E9/><V84/><REACH who="2" step="1"/><F104/><REACH who="2" ten="143,313,144,390" step="2"/><W79/><G74/><T80/><D66/><U7/><E65/><V90/><F90/><W110/><G89/><T1/><D1/><U71/><E71/><V115/><F115/><W8/><G22/><T98/><D98/><AGARI ba="1,1" hai="2,5,10,17,19,55,57,62,84,88,95,98,102,105" machi="98" ten="40,5200,0" yaku="1,1,54,1,53,1" doraHai="121" doraHaiUra="93" who="2" fromWho="0" sc="143,-55,313,0,144,65,390,0" />
</Scene>
<Scene>
<INIT seed="4,0,0,1,2,63" ten="88,313,209,390" oya="0" hai0="29,134,61,31,56,34,39,78,6,81,104,82,19" hai1="98,46,119,127,21,13,77,111,52,64,60,42,53" hai2="91,110,24,113,96,83,120,87,35,5,18,121,16" hai3="66,108,89,99,92,27,40,100,75,93,95,11,129"/><T4/><D104/><U43/><E119/><V105/><F110/><W17/><G108/><T70/><D39/><U15/><E111/><V117/><F117/><W0/><G75/><T76/><D70/><U73/><E127/><V69/><F113/><W12/><G129/><T126/><D126/><U88/><E42/><V30/><F5/><N who="0" m="2154" /><D34/><U102/><E73/><V2/><F2/><W115/><G0/><T49/><D134/><U55/><E77/><N who="0" m="29801" /><D49/><U36/><E21/><V44/><F69/><W8/><G115/><T125/><D125/><U86/><E98/><V25/><F44/><W37/><G37/><T50/><D50/><U116/><E102/><V90/><F105/><W114/><G114/><T57/><D19/><U28/><E28/><N who="0" m="10825" /><D61/><U103/><E103/><V65/><F120/><W23/><G40/><T20/><D20/><U22/><E116/><V14/><F121/><W67/><G11/><T85/><D85/><U133/><E133/><V72/><F72/><W47/><G47/><T74/><D74/><U41/><E43/><V135/><F135/><W101/><G101/><T59/><AGARI ba="0,0" hai="56,57,59,81,82" m="10825,29801,2154" machi="59" ten="40,7800,0" yaku="28,2,8,1" doraHai="63" who="0" fromWho="0" sc="88,78,313,-26,209,-26,390,-26" />
</Scene>
<Scene>
<INIT seed="4,1,0,1,5,16" ten="166,287,183,364" oya="0" hai0="128,18,115,123,96,84,80,35,54,75,47,114,118" hai1="42,122,94,3,133,9,71,62,72,79,77,110,57" hai2="83,95,32,76,52,117,10,81,15,100,37,14,105" hai3="131,112,109,43,93,55,36,106,119,111,51,135,30"/><T53/><D123/><U88/><E122/><V60/><F32/><W50/><G106/><T44/><D118/><U90/><E110/><V107/><F37/><W46/><G119/><T74/><D35/><U132/><E71/><V108/><F108/><W129/><G30/><T56/><D96/><U1/><E42/><V70/><F117/><W38/><G93/><T59/><D128/><N who="3" m="49225" /><G112/><N who="0" m="43051" /><D18/><U103/><E103/><V63/><F95/><W89/><G89/><N who="0" m="51335" /><D44/><U98/><E90/><V13/><F10/><W99/><G99/><T25/><D47/><U5/><E1/><V2/><F2/><W73/><G73/><N who="0" m="27659" /><D25/><U33/><E33/><V125/><F100/><W4/><G4/><T23/><D23/><U91/><E91/><V121/><F121/><W20/><G20/><T29/><D29/><U92/><E92/><V41/><F41/><W134/><G111/><T68/><D68/><U12/><E3/><V113/><F70/><W22/><G22/><T65/><D65/><U6/><E5/><V40/><F40/><W19/><G19/><T49/><D49/><U45/><E45/><V126/><F113/><W39/><G109/><T66/><D66/><U58/><E58/><AGARI ba="1,0" hai="36,38,39,43,46,50,51,55,58,134,135" m="49225" machi="58" ten="40,5200,0" yaku="19,1,34,2" doraHai="16" who="3" fromWho="1" sc="166,0,287,-55,183,0,364,55" /><AGARI ba="1,0" hai="53,54,56,58,59" m="27659,51335,43051" machi="58" ten="30,1500,0" yaku="15,1" doraHai="16" who="0" fromWho="1" sc="166,15,232,-15,183,0,419,0" />
</Scene>
<Scene>
<INIT seed="4,2,0,2,1,45" ten="181,217,183,419" oya="0" hai0="60,58,39,41,2,96,120,92,109,65,108,125,31" hai1="40,90,76,33,110,113,7,73,67,131,21,24,22" hai2="124,135,10,13,111,106,36,80,26,104,126,64,129" hai3="50,115,16,34,42,99,105,59,57,14,87,74,84"/><T97/><D120/><U132/><E110/><N who="0" m="42601" /><D2/><U95/><E132/><V133/><F111/><W112/><G74/><T51/><D125/><N who="2" m="48234" /><F36/><W38/><G34/><T134/><D134/><N who="2" m="51210" /><F64/><W123/><G123/><T102/><D31/><U37/><E67/><V56/><F56/><W77/><G38/><T103/><D39/><U86/><E37/><V68/><F68/><W116/><G116/><T44/><D97/><U101/><E33/><V52/><F52/><W55/><G42/><T27/><D27/><U85/><E40/><V66/><F66/><W46/><G59/><T94/><D103/><U32/><E32/><V11/><F80/><W18/><G57/><T122/><D122/><U8/><E24/><V29/><F11/><W121/><G121/><T107/><AGARI ba="2,0" hai="41,44,51,58,60,65,92,94,96,102,107" m="42601" machi="107" ten="30,3000,0" yaku="10,1,52,1" doraHai="45" who="0" fromWho="0" sc="181,36,217,-12,183,-12,419,-12" />
</Scene>
<Scene>
<INIT seed="4,3,0,0,3,101" ten="217,205,171,407" oya="0" hai0="31,103,44,59,122,43,33,10,25,62,67,78,132" hai1="26,88,113,7,73,65,50,60,94,108,55,29,134" hai2="100,75,91,9,110,56,112,52,24,120,16,109,86" hai3="131,58,116,79,114,22,4,130,121,128,54,85,124"/><T27/><D122/><U35/><E108/><V115/><F75/><W95/><G116/><T129/><D129/><U53/><E134/><V81/><F120/><W36/><G121/><T14/><D132/><U126/><E126/><V80/><F80/><N who="3" m="47263" /><G124/><T107/><D78/><U77/><E7/><V32/><F100/><W42/><G114/><N who="2" m="43561" /><F32/><W117/><G117/><T48/><D25/><U45/><E113/><V87/><F87/><W28/><G4/><T38/><D38/><U0/><E0/><V106/><F106/><W21/><G95/><T111/><D111/><U15/><E15/><N who="2" m="7279" /><F24/><W133/><G133/><T57/><D57/><U74/><E77/><V135/><F135/><W5/><G5/><T47/><D47/><U51/><E60/><AGARI ba="3,0" hai="52,56,60,81,86,91,109,110" m="7279,43561" machi="60" ten="30,3900,0" yaku="15,1,54,2" doraHai="101" who="2" fromWho="1" sc="217,0,205,-48,171,48,407,0" />
</Scene>
<Scene>
<INIT seed="5,0,0,1,0,115" ten="217,157,219,407" oya="1" hai0="100,53,26,118,13,15,2,92,17,123,72,28,29" hai1="52,122,51,34,70,45,75,65,76,38,116,39,74" hai2="4,35,96,6,46,0,3,83,21,87,24,23,117" hai3="66,63,114,18,111,25,9,71,99,47,124,67,81"/><U16/><E34/><V37/><F117/><W107/><G111/><T19/><D72/><U7/><E122/><V43/><F35/><W129/><G114/><T128/><D123/><U110/><E110/><V85/><F96/><W44/><G67/><T133/><D2/><U106/><E106/><V60/><F60/><W11/><G129/><T61/><D128/><U84/><E7/><V135/><F135/><W130/><G130/><T14/><D133/><U79/><E116/><V127/><F127/><W1/><G124/><T55/><D118/><U31/><E31/><N who="0" m="11849" /><D61/><U88/><E70/><V108/><F108/><W77/><G47/><T90/><D100/><U56/><E75/><V30/><F21/><W104/><G99/><N who="0" m="57751" /><D26/><U120/><E120/><V33/><F33/><W113/><G18/><AGARI ba="0,0" hai="13,14,15,17,18,19,53,55" m="57751,11849" machi="18" ten="30,1000,0" yaku="8,1" doraHai="115" who="0" fromWho="3" sc="217,10,157,0,219,0,407,-10" />
</Scene>
<Scene>
<INIT seed="6,0,0,2,1,60" ten="227,157,219,397" oya="2" hai0="106,44,50,39,63,83,89,85,11,8,52,100,128" hai1="4,66,37,46,38,120,36,123,55,25,53,16,96" hai2="126,21,62,121,122,98,43,104,129,88,5,12,130" hai3="7,78,56,115,61,20,101,74,110,94,69,29,49"/><V26/><F43/><W79/><G110/><T108/><D108/><U6/><E96/><V67/><F126/><W59/><G69/><T86/><D39/><U93/><E93/><N who="2" m="56615" /><F104/><W42/><G74/><T109/><D109/><U114/><E114/><V1/><F12/><W57/><G7/><N who="1" m="2602" /><E46/><V35/><F35/><W81/><G61/><T103/><D128/><N who="2" m="49258" /><F5/><W51/><G115/><T80/><D63/><U87/><E87/><V40/><F40/><W82/><G42/><T76/><D106/><U73/><E73/><V47/><F47/><W135/><G135/><T13/><D8/><U105/><E105/><V24/><F1/><W18/><G29/><T19/><AGARI ba="0,0" hai="11,13,19,44,50,52,76,80,83,85,86,89,100,103" machi="19" ten="20,12000,2" yaku="0,1,7,1,25,2,8,1,54,1" doraHai="60" who="0" fromWho="0" sc="227,120,157,-30,219,-60,397,-30" />
</Scene>
<Scene>
<INIT seed="7,0,0,1,1,23" ten="347,127,159,367" oya="3" hai0="90,30,118,34,36,87,112,115,6,104,57,84,126" hai1="42,109,70,38,29,67,9,60,121,13,10,127,44" hai2="66,135,8,64,65,7,99,68,95,100,11,98,79" hai3="93,82,28,77,41,107,85,78,39,14,33,56,16"/><W37/><G107/><T22/><D118/><U1/><E109/><V43/><F135/><W21/><G78/><T131/><D36/><U101/><E127/><V55/><F68/><W63/><G41/><T49/><D104/><U46/><E121/><V71/><F71/><W59/><G59/><T50/><D34/><U18/><E101/><V52/><F43/><W19/><G93/><T130/><D6/><U54/><E1/><V110/><F110/><W48/><G48/><N who="0" m="18539" /><D57/><U97/><E97/><N who="2" m="59455" /><F79/><W105/><G105/><T134/><D126/><U35/><E46/><V119/><F119/><W103/><G103/><T32/><D32/><U53/><REACH who="1" step="1"/><E9/><REACH who="1" ten="347,117,159,367" step="2"/><N who="2" m="3659" /><F7/><W51/><G39/><T26/><D134/><U114/><E114/><N who="0" m="43561" /><D84/><U3/><E3/><V4/><F4/><W45/><G37/><T91/><D91/><U120/><E120/><V2/><F2/><W116/><G116/><T129/><D129/><U76/><E76/><V20/><F20/><W17/><G33/><T132/><D132/><U40/><E40/><V113/><F113/><W133/><G133/><T125/><D125/><U117/><E117/><V58/><F58/><W74/><G74/><T86/><D86/><U27/><AGARI ba="0,1" hai="10,13,18,27,29,35,38,42,44,53,54,60,67,70" machi="27" ten="30,4000,0" yaku="1,1,0,1,52,1,53,0" doraHai="23" doraHaiUra="106" who="1" fromWho="1" sc="347,-10,117,50,159,-10,367,-20" owari="337,14.0,167,-23.0,149,-35.0,347,44.0" />
</Scene>
</mjloggm>