<mjloggm ver="2.3"><GO type="169" lobby="0"/><UN n0="%E6%82%A0%E9%9B%85" n1="%E5%A4%AA%E3%81%8F%E3%81%AA%E3%81%84%E3%81%8A" n2="%E3%83%A6%E3%83%8B%E3%82%B7%E3%83%AD" n3="%56%65%6E%75%73%53%61%79" dan="16,18,16,17" rate="2084.53,2233.50,2049.06,2179.14" sx="M,F,M,M"/><TAIKYOKU oya="0"/>

<Scene>
<INIT seed="0,0,0,1,3,111" ten="250,250,250,250" oya="0" hai0="94,29,36,42,126,105,56,103,129,11,116,74,123" hai1="61,100,6,114,10,92,40,49,131,48,0,62,16" hai2="66,133,65,21,47,121,55,79,18,46,112,45,5" hai3="12,80,119,125,118,107,23,128,17,53,78,9,63"/><T34/><D123/><U104/><E104/><V95/><F121/><W24/><G107/><T13/><D105/><U89/><E131/><V1/><F133/><W101/><G101/><T96/><D116/><U25/><E100/><V68/><F79/><W28/><G125/><T52/><D129/><U134/><E134/><V109/><F109/><W50/><G63/><T44/><D126/><U115/><E61/><V37/><F37/><W77/><G128/><T110/><D110/><U87/><E62/><V69/><F55/><W31/><G31/><T30/><D74/><U54/><E40/><V43/><F43/><W108/><G78/><T70/><D70/><U76/><E76/><V75/><F75/><W81/><G81/><T130/><D34/><U2/><E2/><V58/><F58/><W85/><REACH who="3" step="1"/><G108/><REACH who="3" ten="250,250,250,240" step="2"/><T132/><D130/><U99/><E99/><V7/><F69/><W41/><G41/><T86/><D132/><U90/><E90/><V39/><F68/><W122/><G122/><T127/><D127/><U135/><E135/><V35/><F95/><W117/><G117/><T106/><D106/><U124/><E124/><V120/><F120/><W102/><G102/><T97/><D97/><U67/><E67/><V33/><F66/><W83/><G83/><T84/><D84/><U15/><E87/><V22/><F65/><W88/><G88/><T98/><D98/><U3/><E89/><V60/><F60/><W4/><G4/><N who="0" m="3303" /><D86/><U93/><E93/><V72/><F72/><W59/><AGARI ba="0,1" hai="9,12,17,23,24,28,50,53,59,77,80,85,118,119" machi="59" ten="20,5200,0" yaku="1,1,0,1,7,1,53,1" doraHai="111" doraHaiUra="82" who="3" fromWho="3" sc="250,-26,250,-13,250,-13,240,62" />
</Scene>
<Scene>
<INIT seed="1,0,0,5,0,13" ten="224,237,237,302" oya="1" hai0="134,88,95,40,45,100,69,125,71,33,65,0,29" hai1="110,35,54,2,34,126,96,30,8,53,80,105,38" hai2="131,51,46,16,14,22,112,70,4,24,115,56,52" hai3="135,78,133,128,98,41,15,23,114,87,86,27,5"/><U20/><E38/><V11/><F70/><W75/><G114/><T55/><D0/><U1/><E80/><V118/><F118/><W12/><G128/><T99/><D125/><U102/><E126/><V25/><F131/><W49/><G75/><T31/><D134/><N who="3" m="51209" /><G98/><T50/><D65/><U77/><E77/><V68/><F68/><W62/><G62/><T91/><D71/><U37/><E37/><V92/><F92/><W124/><G124/><T17/><D69/><U61/><E110/><V119/><F119/><W7/><G41/><T79/><D79/><U47/><E61/><V44/><F25/><W59/><G49/><T76/><D76/><U26/><E1/><V97/><F97/><W32/><G32/><T82/><D33/><U84/><E84/><N who="3" m="32298" /><G59/><T85/><D40/><U122/><E35/><V39/><REACH who="2" step="1"/><F39/><REACH who="2" ten="224,237,227,302" step="2"/><W89/><G78/><T66/><D95/><U132/><E132/><V36/><F36/><W74/><G74/><T123/><D99/><U113/><E96/><V93/><F93/><W6/><G89/><T64/><D91/><U18/><E26/><V83/><F83/><W104/><G104/><T63/><D88/><U117/><E105/><V57/><F57/><W9/><G9/><T10/><D82/><U106/><E8/><V73/><F73/><W111/><G111/><T21/><D10/><U129/><E106/><V101/><F101/><W116/><G116/><T90/><D100/><U108/><E102/><V81/><F81/><W94/><G94/><T120/><D90/><U107/><E117/><V72/><F72/><W121/><G121/><RYUUKYOKU ba="0,1" sc="224,-15,237,-15,227,15,302,15" hai2="4,11,14,16,22,24,44,46,51,52,56,112,115" hai3="5,6,7,12,15,23,27" />
</Scene>
<Scene>
<INIT seed="2,1,1,4,5,103" ten="209,222,242,317" oya="2" hai0="9,23,100,74,91,101,56,83,105,81,69,45,134" hai1="87,20,92,110,89,41,1,84,40,30,82,47,28" hai2="106,114,85,94,70,14,133,54,126,50,32,67,124" hai3="22,119,7,58,127,12,108,18,38,99,6,79,86"/><V130/><F32/><W78/><G38/><T104/><D69/><U107/><E1/><V26/><F114/><W128/><G119/><T11/><D45/><U25/><E110/><V24/><F133/><W96/><G108/><T98/><D134/><U0/><E0/><V61/><F130/><W27/><G128/><T19/><D56/><U17/><E107/><V63/><F63/><W115/><G115/><T4/><D91/><U42/><REACH who="1" step="1"/><E47/><REACH who="1" ten="209,212,242,317" step="2"/><V59/><F106/><W33/><G127/><T3/><D105/><U34/><E34/><V55/><F126/><W73/><G73/><T95/><D3/><U68/><E68/><V112/><F124/><W43/><G33/><T8/><D4/><U135/><E135/><V123/><F112/><W97/><G7/><T36/><D104/><U60/><E60/><V117/><F117/><W37/><G6/><T109/><D74/><U48/><E48/><V31/><F70/><W90/><G58/><T21/><D109/><U131/><E131/><V72/><F72/><W75/><G75/><T35/><D36/><U125/><E125/><V116/><F116/><W5/><G37/><T15/><D35/><U64/><E64/><V49/><F67/><W113/><G113/><T51/><D51/><U80/><E80/><N who="0" m="30793" /><D101/><U52/><E52/><V46/><F50/><W62/><G62/><T88/><D100/><U132/><E132/><V121/><F61/><W65/><G65/><T71/><D71/><U2/><E2/><V120/><F49/><W129/><G129/><T29/><D29/><U10/><E10/><AGARI ba="1,2" hai="8,9,10,11,15,19,21,23,88,95,98" m="30793" machi="10" ten="30,2000,0" yaku="8,1,54,1" doraHai="103" who="0" fromWho="1" sc="209,43,212,-23,242,0,317,0" />
</Scene>
<Scene>
<INIT seed="3,0,0,4,3,18" ten="252,189,242,317" oya="3" hai0="10,19,24,85,22,99,102,2,76,26,126,77,73" hai1="5,21,3,66,119,9,108,29,67,121,46,81,84" hai2="133,100,6,44,95,20,59,86,4,131,37,36,1" hai3="122,130,89,62,56,47,96,103,8,63,90,110,50"/><W7/><G122/><T79/><D73/><U98/><E121/><V51/><F133/><W68/><G68/><T128/><D126/><U11/><E108/><V124/><F124/><W105/><G110/><T41/><D128/><U16/><E119/><V118/><F118/><W117/><G130/><T80/><D41/><U38/><E29/><V87/><F131/><W0/><G117/><T78/><D2/><U33/><E33/><V113/><F113/><W132/><G132/><T61/><D61/><U39/><E98/><N who="2" m="59487" /><F37/><W48/><G63/><T129/><D129/><U112/><E11/><V53/><F36/><W28/><G28/><T54/><D54/><U52/><E112/><V107/><F107/><W69/><G69/><T116/><D116/><U43/><E39/><V83/><F1/><W120/><G120/><T115/><D115/><U74/><E52/><N who="2" m="29799" /><F20/><W31/><G31/><T111/><D111/><U88/><E74/><V13/><F13/><AGARI ba="0,0" hai="3,5,9,13,16,21,38,43,46,66,67,81,84,88" machi="13" ten="30,7700,0" yaku="7,1,52,1,54,2" doraHai="18" who="1" fromWho="2" sc="252,0,189,77,242,-77,317,0" />
</Scene>
<Scene>
<INIT seed="4,0,0,4,3,92" ten="252,266,165,317" oya="0" hai0="79,50,5,2,35,25,0,101,18,135,111,37,84" hai1="30,3,36,96,24,56,32,31,100,117,81,91,69" hai2="63,94,34,73,26,6,62,102,103,89,76,134,126" hai3="99,64,93,74,80,105,45,4,65,16,71,90,78"/><T9/><D37/><U108/><E108/><V115/><F6/><W17/><G4/><T125/><D111/><U43/><E117/><V48/><F134/><W22/><G71/><T39/><D39/><U40/><E69/><V33/><F126/><W42/><G105/><T49/><D135/><U110/><E3/><V130/><F130/><W132/><G132/><T86/><D0/><U53/><E110/><V133/><F133/><W127/><G127/><T41/><D125/><U52/><E31/><V121/><F121/><W116/><G116/><T120/><D120/><U82/><E91/><V27/><F115/><W29/><G29/><T70/><D70/><U21/><E32/><V68/><F48/><W59/><G59/><T66/><D66/><U97/><E53/><V46/><F46/><W106/><G106/><T75/><D35/><U13/><E13/><V88/><F68/><W8/><G8/><T10/><D10/><U14/><E14/><V131/><F131/><W60/><G60/><T107/><D2/><U38/><E38/><V51/><F51/><W19/><REACH who="3" step="1"/><G22/><REACH who="3" ten="252,266,165,307" step="2"/><T98/><D5/><U28/><E30/><V129/><F129/><W109/><G109/><T23/><D9/><U55/><E56/><V114/><F34/><W11/><G11/><T20/><D20/><U128/><E21/><V122/><F33/><W95/><G95/><T7/><D7/><U104/><E104/><V85/><F122/><W47/><G47/><T119/><D119/><U87/><E28/><V54/><F94/><W72/><G72/><T15/><D107/><U67/><E128/><RYUUKYOKU ba="0,1" sc="252,-10,266,-10,165,-10,307,30" hai3="16,17,19,42,45,64,65,74,78,80,90,93,99" />
</Scene>
<Scene>
<INIT seed="5,1,1,4,4,80" ten="242,256,155,337" oya="1" hai0="124,88,105,42,68,106,48,126,13,33,66,41,108" hai1="23,130,77,72,60,11,78,27,29,132,64,120,113" hai2="95,71,133,17,91,56,69,53,96,47,121,35,16" hai3="57,129,2,104,61,76,107,73,82,58,54,99,74"/><U43/><E120/><V117/><F35/><W59/><G54/><T52/><D33/><U3/><E72/><V125/><F117/><W25/><G2/><T49/><D108/><U128/><E43/><V44/><F121/><W0/><G0/><T51/><D13/><U114/><E132/><V45/><F133/><W32/><G129/><N who="1" m="49770" /><E11/><V18/><REACH who="2" step="1"/><F125/><REACH who="2" ten="242,256,145,337" step="2"/><W90/><G32/><T79/><D126/><U101/><E113/><V15/><F15/><W26/><G26/><T46/><D124/><U20/><E114/><V123/><F123/><W103/><G25/><T102/><D41/><U34/><E3/><V19/><N who="2" m="4608" /><DORA hai="12" /><V7/><F7/><W83/><G74/><T110/><D42/><U87/><E34/><V62/><AGARI ba="1,2" hai="44,45,47,53,56,62,69,71,91,95,96" m="4608" machi="62" ten="50,12000,2" yaku="1,1,0,1,52,4,54,1,53,0" doraHai="80,12" doraHaiUra="10,24" who="2" fromWho="2" sc="242,-31,256,-61,145,143,337,-31" />
</Scene>
<Scene>
<INIT seed="6,0,0,1,3,0" ten="211,195,288,306" oya="2" hai0="91,59,74,42,17,72,2,64,35,47,18,112,43" hai1="100,93,122,119,89,118,130,101,27,129,34,134,32" hai2="56,84,132,52,102,103,99,37,97,110,105,123,107" hai3="6,7,131,71,79,44,124,49,38,111,1,16,24"/><V73/><F37/><W58/><G71/><T109/><D35/><U128/><E34/><V65/><F123/><W85/><G1/><T117/><D109/><U54/><E54/><V76/><F65/><W4/><G111/><T30/><D30/><U121/><E27/><V15/><F110/><W88/><G124/><T83/><D117/><N who="1" m="44555" /><E32/><V90/><F132/><W68/><G68/><T45/><D2/><U106/><E134/><V19/><F73/><W62/><G38/><T12/><D59/><U114/><E114/><V9/><F76/><W20/><G79/><T5/><D64/><U23/><E23/><V39/><F39/><W82/><G131/><N who="1" m="33538" /><U21/><DORA hai="135" /><E21/><V31/><F31/><W10/><G10/><T75/><D112/><U92/><E106/><V104/><F104/><W50/><G44/><T78/><D47/><U13/><E13/><V55/><F56/><W51/><G51/><T77/><D45/><U133/><E133/><V41/><F41/><W120/><G120/><N who="1" m="46186" /><E93/><AGARI ba="0,0" hai="9,15,19,52,55,84,90,93,97,99,102,103,105,107" machi="93" ten="30,5800,0" yaku="7,1,9,1,54,1" doraHai="0,135" who="2" fromWho="1" sc="211,0,195,-58,288,58,306,0" />
</Scene>
<Scene>
<INIT seed="6,1,0,3,4,101" ten="211,137,346,306" oya="2" hai0="75,46,13,22,122,60,68,50,16,40,49,23,57" hai1="110,51,129,6,111,109,35,7,128,71,79,32,86" hai2="76,100,53,77,27,26,91,84,99,114,58,33,0" hai3="106,135,14,11,8,134,18,121,36,126,52,1,59"/><V87/><F0/><W38/><G121/><T19/><D122/><U117/><E71/><V25/><F33/><N who="1" m="12873" /><E51/><V125/><F125/><W130/><G126/><T95/><D68/><U34/><N who="1" m="12881" /><U97/><DORA hai="112" /><E97/><V43/><F43/><W4/><G106/><T72/><D50/><U123/><E123/><V88/><F114/><W37/><REACH who="3" step="1"/><G130/><REACH who="3" ten="211,137,346,296" step="2"/><N who="1" m="50282" /><E79/><V61/><F77/><W118/><G118/><T93/><D75/><U80/><E117/><V21/><F76/><W44/><G44/><T69/><D72/><U55/><E55/><V45/><F45/><W85/><G85/><T89/><D89/><U96/><E96/><V70/><F91/><W48/><AGARI ba="1,1" hai="1,4,8,11,14,18,36,37,38,48,52,59,134,135" machi="48" ten="40,5200,0" yaku="1,1,0,1,54,1,53,0" doraHai="101,112" doraHaiUra="92,73" who="3" fromWho="3" sc="211,-14,137,-14,346,-27,296,65" />
</Scene>
<Scene>
<INIT seed="7,0,0,1,5,75" ten="197,123,319,361" oya="3" hai0="62,95,45,29,8,60,101,92,88,34,2,53,36" hai1="74,13,117,129,52,19,83,89,58,7,76,110,122" hai2="111,21,22,24,55,98,91,25,131,133,59,16,0" hai3="46,9,50,54,4,68,127,1,20,100,90,10,27"/><W66/><G127/><T86/><D34/><U103/><E129/><V26/><F0/><W124/><G124/><T99/><D29/><U81/><E117/><V39/><F39/><W121/><G121/><T126/><D126/><U115/><E115/><V42/><F111/><W15/><G100/><T116/><D116/><U105/><E122/><V67/><F42/><W63/><G90/><T82/><D36/><U80/><E110/><V56/><F133/><W118/><G118/><T40/><D40/><U33/><E33/><V106/><F131/><W17/><REACH who="3" step="1"/><G10/><REACH who="3" ten="197,123,319,351" step="2"/><T123/><D8/><U47/><E7/><V48/><F106/><W49/><G49/><T114/><D123/><U85/><E47/><V94/><F22/><W125/><G125/><T135/><D114/><U37/><E37/><V12/><F67/><W65/><G65/><T108/><D108/><U30/><E30/><V78/><F78/><W31/><G31/><T69/><D135/><U14/><E81/><V132/><F132/><W112/><G112/><T79/><D79/><U23/><E105/><V11/><F21/><W134/><G134/><T109/><D82/><U70/><E103/><V44/><AGARI ba="0,1" hai="11,12,16,24,25,26,44,48,55,56,59,91,94,98" machi="44" ten="30,4000,0" yaku="0,1,8,1,54,1" doraHai="75" who="2" fromWho="2" sc="197,-10,123,-10,319,50,351,-20" owari="187,-21.0,113,-39.0,369,47.0,331,13.0" />
</Scene>
</mjloggm>