<mjloggm ver="2.3"><GO type="169"/><UN n0="%E4%B8%80%E6%96%B9%E9%80%9A%E8%A1%8C" n1="%E5%A4%AA%E3%81%8F%E3%81%AA%E3%81%84%E3%81%8A" n2="%E4%B8%B8%E5%8A%A9" n3="%E3%81%99%E3%81%9F%E3%83%BC%E3%82%89%E3%81%84%E3%81%A8%E3%81%B3%E3%83%BC" dan="17,18,17,16" rate="2152,2176,2143,2148" sx="M,M,M,F"/><TAIKYOKU oya="0"/>

<Scene>
<INIT seed="0,0,0,0,0,99" ten="250,250,250,250" oya="0" hai0="10,119,105,2,0,32,33,115,64,43,123,44,65" hai1="54,126,39,86,5,48,70,71,87,49,57,29,55" hai2="112,98,25,118,77,35,93,96,83,104,76,30,56" hai3="113,67,21,1,90,106,101,108,3,7,45,72,68"/><T133/><D119/><U62/><E39/><V40/><F118/><W117/><G117/><T38/><D115/><U24/><E126/><V111/><F112/><W26/><G113/><T91/><D123/><U13/><E71/><V16/><F111/><W41/><G72/><T74/><D133/><U110/><E110/><V128/><F128/><W50/><G108/><T120/><D120/><U19/><E5/><V94/><F104/><W121/><G7/><T124/><D124/><U129/><E129/><V60/><F40/><W79/><G79/><T23/><D105/><U107/><E107/><V22/><F94/><W73/><G73/><T78/><D23/><N who="1" m="15519" /><E70/><V97/><F93/><W114/><G68/><T95/><D33/><U31/><E31/><V14/><REACH who="2" step="1"/><F83/><REACH who="2" ten="250,250,240,250" step="2"/><W53/><G41/><T116/><D116/><U61/><E61/><V125/><F125/><W100/><G106/><T130/><D130/><U18/><E62/><V4/><F4/><W34/><G121/><T134/><D43/><U9/><E18/><V102/><F102/><W85/><G101/><T135/><D95/><U17/><E19/><V89/><F89/><W47/><G100/><T122/><D91/><U51/><E51/><V132/><F132/><W52/><G50/><T84/><D122/><U63/><E49/><V92/><F92/><W15/><G90/><T88/><D88/><U12/><E48/><V81/><F81/><W69/><G114/><T27/><D134/><U131/><E131/><V127/><F127/><W8/><G47/><T11/><D135/><U46/><E46/><V82/><F82/><RYUUKYOKU ba="0,1" sc="250,-10,250,-10,240,30,250,-10" hai2="14,16,22,25,30,35,56,60,76,77,96,97,98" />
</Scene>
<Scene>
<INIT seed="1,1,1,3,5,125" ten="240,240,270,240" oya="1" hai0="27,75,37,89,104,116,11,41,96,42,86,121,81" hai1="115,64,51,71,61,4,47,70,87,3,17,7,92" hai2="97,62,58,95,72,129,120,45,48,16,6,57,38" hai3="101,78,18,109,99,33,20,100,73,2,22,23,88"/><U21/><E115/><V30/><F129/><W12/><G33/><T54/><D116/><U131/><E70/><V76/><F120/><W123/><G2/><T77/><D121/><U132/><E132/><V69/><F38/><W9/><G123/><T60/><D37/><U124/><E124/><V68/><F6/><W13/><G109/><T80/><D11/><U102/><E3/><V114/><F114/><W128/><G128/><T40/><D27/><U82/><E131/><V1/><F1/><W63/><G63/><T52/><REACH who="0" step="1"/><D60/><REACH who="0" ten="230,240,270,240" step="2"/><U107/><E61/><V32/><F68/><W44/><G9/><T83/><D83/><U19/><E82/><V39/><F39/><W133/><G133/><T130/><D130/><U46/><E71/><V85/><F69/><W103/><G12/><T0/><D0/><U49/><E49/><V65/><F65/><W111/><G111/><T66/><D66/><U56/><E51/><V110/><F62/><W53/><G13/><T10/><D10/><U135/><E64/><V26/><F110/><W113/><G113/><T43/><N who="0" m="10240" /><DORA hai="117" /><T55/><D55/><U74/><E135/><V112/><F112/><W14/><G14/><T50/><D50/><U105/><E7/><V118/><F118/><W8/><G53/><T119/><D119/><U106/><E4/><V84/><F26/><W122/><G8/><T24/><D24/><U91/><E47/><V29/><F45/><W79/><G44/><T36/><D36/><U59/><E46/><V67/><F48/><W134/><G122/><T34/><D34/><U35/><E35/><RYUUKYOKU ba="1,2" sc="230,30,240,-10,270,-10,240,-10" hai0="52,54,75,77,80,81,86,89,96,104" />
</Scene>
<Scene>
<INIT seed="2,2,2,0,1,119" ten="260,230,260,230" oya="2" hai0="51,99,120,88,123,129,49,113,124,75,59,94,34" hai1="66,24,58,26,18,32,127,83,29,85,12,2,4" hai2="31,81,15,105,128,97,42,3,13,118,78,77,56" hai3="23,107,52,100,121,6,103,95,5,47,38,70,19"/><V41/><F118/><W82/><G70/><T117/><D117/><U14/><E127/><V84/><F3/><W7/><G107/><T108/><D113/><U40/><E40/><N who="2" m="15467" /><F105/><W115/><G121/><T114/><D114/><U57/><E24/><V8/><F128/><W44/><G38/><T135/><D34/><U20/><E14/><N who="2" m="5131" /><F8/><W11/><G11/><T109/><D129/><U68/><E68/><V122/><F122/><N who="0" m="46634" /><D75/><U112/><E112/><V0/><F0/><W69/><G115/><T130/><D130/><U46/><E46/><V62/><F97/><W25/><G69/><T37/><D37/><U91/><REACH who="1" step="1"/><E66/><REACH who="1" ten="260,220,260,230" step="2"/><N who="2" m="39239" /><F31/><W10/><G10/><AGARI ba="2,3" hai="2,4,10,12,18,20,26,29,32,57,58,83,85,91" machi="10" ten="40,5200,0" yaku="1,1,24,2,53,0" doraHai="119" doraHaiUra="92" who="1" fromWho="3" sc="260,0,220,88,260,0,230,-58" />
</Scene>
<Scene>
<INIT seed="3,0,0,0,0,92" ten="260,308,260,172" oya="3" hai0="128,43,84,102,101,133,75,60,67,37,42,87,126" hai1="83,114,33,82,134,8,115,27,34,44,65,124,13" hai2="85,39,2,45,69,28,64,0,11,111,35,24,6" hai3="66,81,120,17,121,96,77,110,119,16,72,26,52"/><W86/><G66/><T14/><D75/><U97/><E65/><V50/><F85/><W78/><G119/><T20/><D126/><U122/><E122/><V38/><F111/><W58/><G110/><T123/><D123/><U40/><E124/><V51/><F51/><W109/><G109/><T80/><D133/><U56/><E134/><V118/><F118/><W94/><G77/><T131/><D14/><U90/><E56/><V74/><F74/><W1/><G1/><T49/><D20/><U107/><E107/><V105/><F105/><W76/><G76/><N who="0" m="46087" /><D87/><U10/><E13/><V104/><F104/><W73/><G17/><T59/><D37/><U48/><E27/><V108/><F108/><W95/><G95/><T22/><D22/><U3/><E3/><V70/><F2/><W98/><G73/><T132/><D132/><U125/><E125/><V71/><REACH who="2" step="1"/><F64/><REACH who="2" ten="260,308,250,172" step="2"/><W129/><G78/><T30/><D49/><U89/><E48/><V112/><F112/><W135/><G72/><T29/><D131/><U127/><E127/><V41/><AGARI ba="0,1" hai="0,6,11,24,28,35,38,39,41,45,50,69,70,71" machi="41" ten="30,2000,0" yaku="1,1,0,1,53,0" doraHai="92" doraHaiUra="54" who="2" fromWho="2" sc="260,-5,308,-5,250,30,172,-10" />
</Scene>
<Scene>
<INIT seed="4,0,0,4,5,43" ten="255,303,280,162" oya="0" hai0="40,78,110,6,97,15,32,75,5,95,36,28,92" hai1="70,118,120,102,111,13,88,63,100,18,122,21,127" hai2="35,1,90,38,19,69,26,126,50,17,72,58,115" hai3="99,81,61,84,116,65,68,8,23,80,108,3,86"/><T54/><D32/><U27/><E111/><V62/><F38/><W130/><G108/><T20/><D110/><U101/><E118/><V87/><F72/><W46/><G116/><T34/><D34/><U4/><E127/><V67/><F1/><W33/><G33/><T85/><D75/><U106/><E106/><V129/><F126/><W56/><G130/><T114/><D114/><U109/><E109/><V131/><F115/><W98/><G68/><T83/><D36/><U73/><E73/><V29/><F69/><W39/><G3/><T45/><D40/><U103/><E103/><V134/><F50/><W112/><G8/><N who="0" m="4495" /><D6/><U22/><E4/><V121/><F134/><W11/><G11/><T135/><D135/><U124/><E124/><V52/><F67/><W31/><G112/><T59/><D97/><U96/><E70/><V42/><F42/><W104/><G104/><T51/><D59/><U133/><E133/><V128/><REACH who="2" step="1"/><F121/><REACH who="2" ten="255,303,270,162" step="2"/><W71/><G71/><T123/><D123/><U53/><E120/><V79/><F79/><W7/><G39/><T48/><D48/><U74/><E74/><V113/><F113/><W89/><G7/><T117/><D117/><U49/><E122/><V47/><F47/><W76/><REACH who="3" step="1"/><G46/><REACH who="3" ten="255,303,270,152" step="2"/><T105/><D105/><U0/><E0/><V2/><F2/><W60/><G60/><T64/><D45/><U9/><E63/><V94/><AGARI ba="0,2" hai="17,19,26,29,35,52,58,62,87,90,94,128,129,131" machi="94" ten="30,8000,1" yaku="1,1,0,1,19,1,54,1,53,1" doraHai="43" doraHaiUra="25" who="2" fromWho="2" sc="255,-40,303,-20,270,100,152,-20" />
</Scene>
<Scene>
<INIT seed="5,0,0,0,4,103" ten="215,283,370,132" oya="1" hai0="32,120,26,61,58,107,84,51,81,66,3,109,92" hai1="93,110,52,128,27,11,79,98,40,118,124,131,114" hai2="119,99,112,71,100,28,10,101,37,115,48,96,125" hai3="30,123,64,45,17,111,6,12,80,104,116,95,59"/><U132/><E118/><V78/><F37/><W85/><G111/><T57/><D3/><U134/><E110/><V74/><F119/><W82/><G116/><T126/><D109/><U22/><E114/><N who="2" m="43563" /><F71/><W105/><G6/><T25/><D126/><U42/><E79/><V113/><F113/><W88/><G30/><T86/><D120/><U54/><E11/><V21/><F125/><W129/><G123/><T47/><D32/><U0/><E0/><V70/><F70/><W72/><G45/><T24/><D107/><U73/><E73/><V121/><F121/><W108/><G108/><T4/><D4/><U7/><E7/><V43/><F10/><W56/><G129/><N who="1" m="49738" /><E124/><V83/><F43/><N who="1" m="16425" /><E93/><V8/><F48/><W5/><G5/><T102/><D81/><U122/><E98/><N who="2" m="37419" /><F8/><W135/><G95/><T90/><D102/><N who="2" m="39530" /><F21/><W19/><G105/><T69/><D86/><U38/><E38/><V2/><F28/><W53/><G104/><T117/><D117/><U76/><E76/><V41/><F41/><W65/><G85/><T31/><D31/><N who="1" m="17911" /><E122/><V77/><F77/><W75/><G75/><T67/><D69/><U60/><E60/><V14/><F2/><W13/><G72/><T39/><D39/><U87/><E87/><V50/><F50/><W106/><G106/><T55/><REACH who="0" step="1"/><D58/><REACH who="0" ten="205,283,370,132" step="2"/><U1/><E1/><V46/><F46/><W44/><G44/><T130/><D130/><U68/><E68/><V16/><F74/><W91/><REACH who="3" step="1"/><G53/><AGARI ba="0,1" hai="24,25,26,47,51,53,55,57,61,66,67,84,90,92" machi="53" ten="40,2600,0" yaku="1,1,8,1,53,0" doraHai="103" doraHaiUra="133" who="0" fromWho="3" sc="205,36,283,0,370,0,132,-26" /><AGARI ba="0,0" hai="52,53,54,132,134" m="17911,16425,49738" machi="53" ten="30,2900,0" yaku="19,1,54,1" doraHai="103" who="1" fromWho="3" sc="241,0,283,29,370,0,106,-29" />
</Scene>
<Scene>
<INIT seed="5,1,0,5,3,102" ten="241,312,370,77" oya="1" hai0="106,36,3,83,79,95,74,103,19,80,76,5,134" hai1="53,120,88,87,29,7,13,92,58,113,2,48,57" hai2="44,110,70,91,98,129,99,114,35,33,0,30,115" hai3="119,107,116,41,85,68,11,37,66,28,100,31,64"/><U15/><E120/><V73/><F110/><W105/><G37/><T16/><D134/><U128/><E113/><N who="2" m="43019" /><F70/><W20/><G68/><T89/><D36/><U43/><E128/><V10/><F129/><W47/><G47/><T24/><D24/><U26/><E43/><V96/><F73/><W40/><G20/><T131/><D131/><U6/><E58/><V78/><F78/><W86/><REACH who="3" step="1"/><G100/><REACH who="3" ten="241,312,370,67" step="2"/><T25/><D103/><U104/><E57/><V109/><F44/><W52/><G52/><T122/><D122/><U1/><E53/><V8/><F109/><W62/><G62/><T90/><D25/><U42/><E26/><N who="2" m="18647" /><F35/><W84/><G84/><T17/><D74/><U34/><E87/><V130/><F130/><W123/><G123/><T69/><D69/><U67/><E34/><V135/><F135/><W60/><G60/><T54/><D54/><U56/><E56/><V126/><F126/><W50/><G50/><T118/><D118/><U81/><E48/><V127/><F127/><W82/><G82/><T125/><D125/><U111/><E81/><V51/><F51/><W124/><G124/><T65/><D83/><U112/><E111/><V93/><F10/><AGARI ba="1,1" hai="10,11,28,31,40,41,64,66,85,86,105,107,116,119" machi="10" ten="25,8000,1" yaku="1,1,22,2,52,2,53,0" doraHai="102" doraHaiUra="133" who="3" fromWho="2" sc="241,0,312,0,370,-83,67,93" />
</Scene>
<Scene>
<INIT seed="6,0,0,5,4,77" ten="241,312,287,160" oya="2" hai0="68,87,126,84,72,11,20,73,10,74,25,14,113" hai1="124,105,55,75,80,24,22,67,23,13,85,43,112" hai2="30,89,97,17,27,51,92,110,102,12,53,82,108" hai3="1,42,56,83,34,130,7,107,57,134,41,133,65"/><V106/><F82/><W40/><G34/><T114/><D68/><U60/><E105/><V21/><F106/><W90/><G107/><T36/><D36/><U98/><E75/><V47/><REACH who="2" step="1"/><F102/><REACH who="2" ten="241,312,277,160" step="2"/><W44/><G83/><T79/><D126/><U96/><E124/><V64/><F64/><W28/><G65/><T94/><D94/><U46/><E67/><V91/><F91/><W76/><G90/><T123/><D79/><U119/><E80/><V19/><F19/><W93/><G93/><T49/><D123/><U63/><E119/><V2/><F2/><W15/><G1/><T18/><D114/><U0/><E0/><V26/><F26/><W16/><G76/><T132/><D113/><U31/><E112/><V37/><F37/><W38/><G38/><T131/><D74/><U120/><E120/><V48/><F48/><W54/><G7/><T58/><D73/><U69/><E24/><V118/><F118/><W116/><G116/><T5/><D72/><U3/><E3/><V117/><F117/><W101/><G101/><T71/><D49/><U32/><E69/><V9/><AGARI ba="0,1" hai="9,12,17,21,27,30,47,51,53,89,92,97,108,110" machi="9" ten="30,3000,0" yaku="1,1,0,1,53,0" doraHai="77" doraHaiUra="125" who="2" fromWho="2" sc="241,-10,312,-10,277,40,160,-10" />
</Scene>
<Scene>
<INIT seed="6,1,0,3,1,126" ten="231,302,317,150" oya="2" hai0="107,55,111,40,13,41,0,95,123,113,57,81,10" hai1="36,129,100,18,58,79,30,20,5,93,117,125,42" hai2="87,62,131,112,65,24,84,53,99,78,130,46,21" hai3="134,74,122,49,120,35,98,8,27,92,52,110,135"/><V72/><F112/><W43/><G74/><T19/><D123/><U44/><E117/><V54/><F72/><W88/><G43/><T76/><D111/><U11/><E125/><V33/><F33/><W121/><G110/><T31/><D107/><U47/><E79/><V32/><F32/><W116/><G116/><T103/><D113/><U69/><E69/><V82/><F99/><W45/><REACH who="3" step="1"/><G8/><REACH who="3" ten="231,302,317,140" step="2"/><T128/><D41/><U56/><E11/><V106/><F106/><W114/><G114/><T102/><D40/><U66/><E42/><V86/><F78/><W22/><G22/><T101/><D76/><U39/><E20/><V38/><F82/><W132/><G132/><T28/><D81/><U85/><E36/><V118/><F118/><W97/><G97/><T115/><D115/><U104/><E39/><V17/><F38/><W51/><G51/><T3/><D95/><U68/><E93/><V67/><F46/><W73/><G73/><T25/><D10/><U83/><E47/><V77/><F77/><W89/><G89/><T109/><D109/><U26/><E44/><V96/><F96/><W64/><G64/><N who="2" m="24649" /><F62/><W133/><G133/><T9/><D9/><U15/><E104/><V119/><F119/><W37/><G37/><T29/><D0/><U23/><E83/><V91/><F91/><W61/><G61/><T127/><D3/><U14/><E66/><V80/><F80/><W75/><G75/><T90/><D127/><U1/><E1/><V71/><F71/><W124/><G124/><T12/><D90/><U105/><E68/><V59/><F54/><RYUUKYOKU ba="1,1" sc="231,-15,302,-15,317,15,140,15" hai2="17,21,24,53,59,84,86,87,130,131" hai3="27,35,45,49,52,88,92,98,120,121,122,134,135" />
</Scene>
<Scene>
<INIT seed="6,2,1,2,0,64" ten="216,287,332,155" oya="2" hai0="31,35,70,40,14,60,118,20,59,122,58,86,132" hai1="117,7,47,109,121,29,96,112,10,92,100,94,16" hai2="75,106,33,25,76,30,44,62,135,74,21,18,77" hai3="105,101,32,15,111,128,115,127,23,56,133,80,5"/><V82/><F135/><W108/><G32/><T107/><D122/><U24/><E109/><V102/><F44/><W38/><G38/><T26/><D107/><U79/><E117/><V71/><F21/><W119/><G105/><T52/><D118/><U89/><E121/><V110/><F18/><W90/><G133/><T55/><D132/><U11/><E112/><V84/><F110/><W124/><G115/><T114/><D114/><U37/><E79/><V81/><F84/><W43/><G119/><T130/><D130/><U42/><E7/><V126/><F126/><W46/><G128/><T19/><D40/><U8/><E16/><V50/><F50/><W104/><G104/><T53/><REACH who="0" step="1"/><D86/><REACH who="0" ten="206,287,332,155" step="2"/><U120/><E120/><V51/><F106/><W36/><G111/><T134/><D134/><U28/><REACH who="1" step="1"/><E24/><REACH who="1" ten="206,277,332,155" step="2"/><V93/><F25/><W65/><G108/><T85/><D85/><AGARI ba="2,3" hai="8,10,11,28,29,37,42,47,85,89,92,94,96,100" machi="85" ten="40,5200,0" yaku="1,1,2,1,53,1" doraHai="64" doraHaiUra="69" who="1" fromWho="0" sc="206,-58,277,88,332,0,155,0" />
</Scene>
<Scene>
<INIT seed="7,0,0,3,0,113" ten="148,365,332,155" oya="3" hai0="118,19,69,111,68,62,100,129,29,3,72,78,25" hai1="10,23,117,31,126,63,80,34,95,135,130,12,4" hai2="17,122,41,7,88,98,114,2,28,5,24,84,132" hai3="47,134,89,50,119,94,74,46,96,59,16,26,38"/><W104/><G74/><T33/><D111/><U108/><E108/><V56/><F114/><W27/><G38/><T82/><D118/><U127/><E117/><V112/><F112/><W83/><G119/><T14/><D3/><U70/><E135/><V99/><F132/><W123/><G123/><T32/><D129/><U39/><E39/><V43/><F122/><W67/><G134/><T11/><D33/><U102/><E130/><V131/><F131/><W103/><G83/><T51/><D100/><U8/><E34/><V54/><F17/><W44/><G104/><T105/><D105/><U75/><E10/><V87/><F2/><W18/><G103/><T15/><D62/><U71/><E31/><V58/><F28/><W86/><G96/><T92/><D92/><U53/><E23/><V40/><F24/><N who="3" m="9259" /><G67/><T1/><D1/><U22/><E22/><V97/><F88/><W81/><G94/><T121/><D121/><U125/><E102/><V52/><F43/><W76/><G76/><T6/><D51/><U128/><E128/><V91/><F99/><W0/><G0/><T90/><D90/><U60/><E95/><V64/><F91/><W57/><G50/><T61/><D61/><N who="1" m="23627" /><E53/><V55/><F55/><W20/><G20/><AGARI ba="0,0" hai="6,11,14,15,19,20,25,29,32,68,69,72,78,82" machi="20" ten="30,1000,0" yaku="7,1" doraHai="113" who="0" fromWho="3" sc="148,10,365,0,332,0,155,-10" owari="158,-24.0,365,46.0,332,13.0,145,-35.0" />
</Scene>
</mjloggm>