<mjloggm ver="2.3"><GO type="97"/><UN n0="%E5%A4%AA%E3%81%8F%E3%81%AA%E3%81%84%E3%81%8A" n1="%E9%9B%AA%E8%99%AB%E3%82%B9%E3%83%9A%E3%82%B7%E3%83%A3%E3%83%AB" n2="%53%69%6F" n3="%4E%6F%4E%61%6D%65%74%6F" dan="13,13,15,15" rate="1973,1908,1976,1998" sx="M,M,M,M"/><TAIKYOKU oya="0"/>

<Scene>
<INIT seed="0,0,0,5,1,100" ten="250,250,250,250" oya="0" hai0="102,52,132,16,28,1,117,18,79,0,90,55,105" hai1="98,25,83,82,76,75,97,128,116,99,50,101,106" hai2="5,29,84,120,10,35,67,21,108,130,4,118,13" hai3="47,114,66,37,32,39,58,77,36,124,45,7,15"/><T53/><D117/><U14/><E25/><V17/><F120/><W129/><G32/><T65/><D65/><U125/><E14/><V88/><F118/><W26/><G114/><T85/><D79/><N who="1" m="44415" /><E50/><V112/><F112/><W30/><G77/><T122/><D122/><U24/><E24/><V44/><F67/><W135/><G135/><T81/><D132/><U63/><E63/><V23/><F35/><W68/><G68/><T20/><D28/><U127/><E116/><V134/><F29/><W103/><G103/><T3/><REACH who="0" step="1"/><D20/><REACH who="0" ten="240,250,250,250" step="2"/><U51/><E128/><V72/><F134/><W86/><G129/><T41/><D41/><U9/><E9/><V115/><F130/><W94/><G124/><N who="1" m="47690" /><E51/><V71/><F115/><W131/><G131/><T111/><D111/><U93/><E106/><V70/><F108/><W113/><G113/><T78/><D78/><U62/><E62/><V31/><F23/><W91/><G66/><T43/><D43/><U61/><E61/><V121/><F31/><W34/><REACH who="3" step="1"/><G58/><REACH who="3" ten="240,250,250,240" step="2"/><T123/><D123/><U104/><E93/><V56/><F56/><W54/><G54/><T126/><D126/><U73/><AGARI ba="0,2" hai="73,76,83,97,98,99,101,104" m="47690,44415" machi="73" ten="30,7900,0" yaku="18,1,34,2,52,1" doraHai="100" who="1" fromWho="1" sc="240,-39,250,99,250,-20,240,-20" />
</Scene>
<Scene>
<INIT seed="1,0,0,5,5,99" ten="201,349,230,220" oya="1" hai0="112,110,115,124,75,88,52,65,44,132,57,92,60" hai1="22,19,48,130,53,31,28,3,40,96,21,37,18" hai2="8,94,90,77,61,59,11,78,55,5,38,47,74" hai3="91,29,129,135,58,41,51,83,87,85,126,116,104"/><U6/><E130/><V95/><F11/><W123/><G123/><T13/><D75/><U84/><E84/><V79/><F90/><W117/><G129/><T4/><D110/><U9/><E40/><V133/><F74/><W12/><G104/><T42/><D124/><U82/><E82/><V1/><F133/><W121/><G121/><T71/><D132/><U70/><E37/><V105/><F105/><W103/><G135/><T17/><D4/><U64/><E64/><V66/><F38/><W16/><G126/><T108/><D108/><U118/><E70/><V111/><F111/><W101/><G29/><T15/><D15/><U134/><E134/><V93/><F47/><W119/><G87/><N who="0" m="52255" /><D44/><U14/><E118/><V67/><AGARI ba="0,0" hai="1,5,8,55,59,61,66,67,77,78,79,93,94,95" machi="67" ten="40,1500,0" yaku="0,1" doraHai="99" who="2" fromWho="2" sc="201,-4,349,-7,230,15,220,-4" />
</Scene>
<Scene>
<INIT seed="2,0,0,3,0,68" ten="197,342,245,216" oya="2" hai0="18,123,52,15,80,10,114,127,9,104,121,36,103" hai1="26,96,122,112,82,107,135,30,29,119,69,31,55" hai2="58,67,132,98,50,61,89,1,73,35,116,14,3" hai3="134,40,57,22,27,39,65,63,24,110,95,99,41"/><V46/><F35/><W21/><G134/><T100/><D114/><U19/><E119/><V87/><F73/><W115/><G115/><T129/><D129/><U70/><E135/><V102/><F116/><W23/><G110/><T83/><D127/><U59/><E112/><V84/><F132/><W43/><REACH who="3" step="1"/><G39/><REACH who="3" ten="197,342,245,206" step="2"/><T133/><D133/><U75/><E122/><V111/><F111/><W54/><G54/><T88/><D36/><U37/><E37/><V49/><F46/><W125/><G125/><T76/><D52/><U105/><E55/><V94/><F49/><W11/><G11/><T6/><D121/><U85/><E105/><V7/><F50/><W92/><G92/><T0/><D123/><U81/><E107/><V13/><F67/><W101/><AGARI ba="0,1" hai="21,22,23,24,27,40,41,43,57,63,65,95,99,101" machi="101" ten="30,12000,2" yaku="1,1,0,1,8,1,53,3" doraHai="68" doraHaiUra="38" who="3" fromWho="3" sc="197,-30,342,-30,245,-60,206,130" />
</Scene>
<Scene>
<INIT seed="3,0,0,2,1,72" ten="167,312,185,336" oya="3" hai0="122,68,130,34,58,40,115,0,50,113,125,44,20" hai1="3,19,15,107,86,59,77,39,90,32,131,119,91" hai2="80,85,94,82,74,78,5,120,123,6,25,104,24" hai3="29,18,89,10,116,127,73,83,7,79,61,124,117"/><W69/><G29/><T118/><D34/><U28/><E3/><V55/><F104/><W103/><G18/><T26/><D0/><U16/><E39/><V8/><F94/><W135/><G89/><T134/><D122/><N who="2" m="46634" /><F55/><W52/><G103/><T84/><D118/><N who="3" m="45673" /><G135/><T63/><D134/><U126/><E107/><V101/><F101/><W111/><G111/><T81/><D68/><U56/><E119/><V75/><F8/><W62/><G52/><N who="0" m="34247" /><D125/><N who="3" m="48201" /><G69/><T37/><D130/><U88/><E126/><V76/><F74/><W22/><G22/><T33/><D33/><U47/><E47/><V106/><F106/><W35/><G35/><T98/><D98/><U41/><E41/><V97/><F97/><W38/><G38/><T43/><D37/><U1/><E1/><AGARI ba="0,0" hai="1,7,10,61,62,73,79,83" m="48201,45673" machi="1" ten="30,2900,0" yaku="18,1,52,1" doraHai="72" who="3" fromWho="1" sc="167,0,312,-29,185,0,336,29" owari="167,-33.0,283,8.0,185,-21.0,365,46.0" />
</Scene>
</mjloggm>