<mjloggm ver="2.3"><GO type="169"/><UN n0="%E7%B4%85%E9%89%84%E5%A7%AB" n1="%E5%94%AF%E4%B8%98%E6%A9%98%E8%91%89" n2="%E6%9C%88%E9%95%B7%E7%9F%B3" n3="%E5%A4%AA%E3%81%8F%E3%81%AA%E3%81%84%E3%81%8A" dan="17,16,16,16" rate="2183,2120,2144,2075" sx="F,F,M,M"/><TAIKYOKU oya="0"/>

<Scene>
<INIT seed="0,0,0,5,0,0" ten="250,250,250,250" oya="0" hai0="8,33,54,99,88,38,28,74,73,133,85,110,12" hai1="93,130,83,102,59,49,60,119,72,131,96,18,3" hai2="34,14,109,113,101,94,2,129,53,112,71,68,76" hai3="21,17,40,126,125,128,27,16,36,89,43,31,6"/><T47/><D28/><U50/><E119/><V52/><F76/><W86/><G128/><N who="1" m="49194" /><E3/><V45/><F94/><N who="3" m="54583" /><G6/><T82/><D33/><U9/><E72/><V5/><F101/><W75/><G75/><T108/><D133/><U97/><E97/><V81/><F14/><W117/><G117/><T104/><D104/><U123/><E83/><V61/><F81/><W29/><G29/><T115/><D115/><U134/><E134/><V92/><F129/><W48/><G36/><T124/><D124/><N who="3" m="47721" /><G48/><N who="0" m="28959" /><D38/><U100/><E100/><V58/><F92/><W32/><G17/><N who="0" m="8327" /><D99/><U51/><E51/><V30/><F34/><W19/><G19/><T127/><D127/><U25/><E50/><V44/><F30/><W69/><G69/><T11/><D11/><U103/><E49/><V84/><F2/><W91/><G91/><T39/><D39/><U7/><E9/><V1/><F68/><W79/><G79/><T65/><D65/><U24/><E103/><V70/><F1/><W23/><G32/><T55/><D55/><U67/><E18/><V114/><F71/><W10/><G10/><T22/><D22/><U132/><E132/><V105/><F70/><W37/><G37/><T95/><D95/><U13/><E93/><V20/><F105/><W87/><G87/><T26/><D26/><AGARI ba="0,0" hai="16,21,23,26,27,31,40,43" m="47721,54583" machi="26" ten="30,2000,0" yaku="18,1,54,1" doraHai="0" who="3" fromWho="0" sc="250,-20,250,0,250,0,250,20" />
</Scene>
<Scene>
<INIT seed="1,0,0,0,1,113" ten="230,250,250,270" oya="1" hai0="135,81,117,96,109,105,23,77,64,83,71,42,119" hai1="14,22,60,9,36,47,97,4,10,58,85,82,118" hai2="107,15,56,128,89,99,116,66,41,91,51,100,25" hai3="88,74,30,20,52,27,127,48,5,46,94,76,68"/><U125/><E125/><V21/><F128/><W79/><G68/><T11/><D42/><U124/><E124/><V93/><F15/><W18/><G127/><T61/><D135/><U133/><E133/><V130/><F130/><W59/><G5/><T120/><D120/><U40/><E97/><V115/><F115/><W17/><G74/><T101/><D109/><U29/><E10/><V53/><F66/><W1/><G1/><T65/><D65/><U37/><E37/><V7/><F7/><W35/><G46/><T6/><D23/><U33/><E33/><V0/><F0/><W67/><G67/><T92/><D92/><U2/><E29/><V108/><F108/><W70/><G70/><T32/><D32/><U28/><E28/><V103/><F41/><W111/><G111/><T106/><D106/><U122/><E122/><V114/><F114/><W87/><REACH who="3" step="1"/><G18/><REACH who="3" ten="230,250,250,260" step="2"/><T121/><D121/><U19/><E47/><V8/><F107/><W31/><G31/><T57/><D57/><U104/><E36/><V44/><F56/><W3/><G3/><N who="0" m="479" /><D83/><U72/><E72/><AGARI ba="0,1" hai="61,64,71,72,77,81,96,101,105,117,119" m="479" machi="72" ten="30,3900,0" yaku="23,1,52,2" doraHai="113" who="0" fromWho="1" sc="230,49,250,-39,250,0,260,0" />
</Scene>
<Scene>
<INIT seed="2,0,0,5,2,8" ten="279,211,250,260" oya="2" hai0="45,78,58,10,25,124,26,126,77,75,7,82,99" hai1="73,103,42,98,41,18,32,61,128,91,56,97,105" hai2="44,84,71,33,48,24,21,17,62,72,86,80,46" hai3="83,52,125,11,107,5,133,130,100,34,122,49,16"/><V51/><F33/><W116/><G122/><T54/><D77/><U0/><E73/><V67/><F72/><W117/><G34/><T36/><D99/><U110/><E110/><V53/><REACH who="2" step="1"/><F80/><REACH who="2" ten="279,211,240,260" step="2"/><W119/><G83/><T63/><D126/><U70/><E32/><V20/><F20/><W95/><G125/><T3/><D124/><U65/><E128/><V43/><AGARI ba="0,1" hai="17,21,24,43,44,46,48,51,53,62,67,71,84,86" machi="43" ten="20,12000,1" yaku="1,1,0,1,7,1,53,2" doraHai="8" doraHaiUra="40" who="2" fromWho="2" sc="279,-40,211,-40,240,130,260,-40" />
</Scene>
<Scene>
<INIT seed="2,1,0,5,3,21" ten="239,171,370,220" oya="2" hai0="65,111,109,39,11,20,80,27,29,50,94,66,128" hai1="131,83,63,133,74,49,56,134,89,81,123,130,103" hai2="115,126,73,76,8,23,79,84,114,110,120,70,82" hai3="98,53,26,24,7,100,77,102,118,67,1,95,41"/><V58/><F70/><W42/><G118/><T48/><D39/><U3/><E3/><V107/><F107/><W38/><G38/><T46/><D128/><N who="1" m="49195" /><E49/><V108/><F120/><W12/><G1/><T28/><D11/><U40/><E40/><N who="3" m="15466" /><G67/><N who="0" m="25611" /><D80/><U75/><E56/><V122/><F122/><W37/><G37/><T71/><D71/><U105/><E63/><V4/><F126/><W127/><G127/><T104/><D104/><U16/><E123/><V72/><F58/><W96/><G77/><T135/><D135/><N who="1" m="51723" /><E16/><V64/><F64/><W32/><G32/><T124/><D124/><U0/><E0/><V15/><F23/><W86/><G53/><N who="0" m="29847" /><D50/><U2/><E2/><V54/><F54/><W47/><G47/><T36/><D36/><U61/><E61/><V45/><F45/><W57/><G57/><T44/><D44/><U22/><E22/><V19/><F4/><W33/><G33/><T14/><D14/><U30/><E30/><V101/><F15/><W13/><G13/><T116/><D29/><U60/><E60/><V55/><F8/><N who="3" m="4127" /><G86/><T31/><D31/><U113/><E113/><V91/><F84/><W35/><G35/><T88/><D116/><U99/><E83/><V112/><F82/><W62/><G62/><T85/><D28/><U9/><E9/><V17/><F115/><W121/><G121/><T52/><D52/><U92/><E81/><V43/><F55/><W117/><G117/><T106/><D20/><U129/><E129/><V90/><F43/><W93/><AGARI ba="1,0" hai="24,26,93,95,96,98,100,102" m="4127,15466" machi="93" ten="30,4000,0" yaku="8,1,52,2" doraHai="21" who="3" fromWho="3" sc="239,-11,171,-11,370,-21,220,43" />
</Scene>
<Scene>
<INIT seed="3,0,0,5,3,39" ten="228,160,349,263" oya="3" hai0="2,60,47,82,54,69,24,58,31,114,10,43,92" hai1="112,45,53,25,18,27,97,48,85,104,44,38,122" hai2="55,50,117,20,95,6,40,1,16,88,56,66,73" hai3="8,7,3,12,129,36,133,135,23,26,64,110,51"/><W98/><G36/><T70/><D114/><U81/><E112/><V105/><F73/><W42/><G64/><T67/><D92/><U87/><E122/><V118/><F105/><W78/><G78/><T121/><D121/><U14/><E104/><V89/><F89/><W75/><G75/><T62/><D82/><U103/><E103/><V113/><F113/><W83/><G83/><T106/><D106/><U107/><E97/><V124/><F124/><W119/><G98/><T79/><D79/><U65/><E65/><V125/><F125/><W4/><G119/><T130/><D130/><U5/><E5/><V72/><F72/><W35/><G129/><T30/><D70/><U127/><E107/><V77/><F77/><W32/><G110/><T101/><D101/><U37/><E87/><V116/><F66/><W11/><G51/><T9/><D2/><U52/><E38/><V57/><F6/><W49/><G49/><T93/><D93/><U59/><E45/><V109/><F1/><W13/><G42/><T74/><D74/><U132/><E132/><N who="3" m="50762" /><G3/><T17/><D43/><N who="1" m="24607" /><E37/><V19/><F40/><W120/><G120/><T90/><D47/><U86/><E53/><V84/><F109/><W34/><G34/><T80/><D54/><U61/><E127/><V21/><F57/><W15/><G15/><T41/><D41/><U46/><E46/><V115/><F115/><W22/><G22/><N who="0" m="13391" /><D58/><U94/><E81/><V128/><F128/><W63/><G63/><T76/><D60/><U28/><E59/><V91/><F91/><W33/><G33/><T111/><D111/><RYUUKYOKU ba="0,0" sc="228,-15,160,-15,349,15,263,15" hai2="16,19,20,21,50,55,56,84,88,95,116,117,118" hai3="4,7,8,11,12,13,23,26,32,35" />
</Scene>
<Scene>
<INIT seed="3,1,0,2,4,50" ten="213,145,364,278" oya="3" hai0="134,84,38,39,47,108,37,113,34,64,5,41,77" hai1="16,13,2,54,73,96,58,31,97,53,90,15,10" hai2="67,8,43,71,104,66,126,0,42,91,120,76,65" hai3="23,20,102,130,87,81,123,93,79,82,12,57,14"/><W110/><G123/><T59/><D34/><U115/><E73/><V94/><F104/><W132/><G132/><T92/><D108/><U112/><E2/><V70/><F120/><W61/><G130/><T99/><D134/><U11/><E31/><V131/><F131/><W63/><G110/><T52/><D113/><U107/><E107/><V62/><F126/><W118/><G118/><T116/><D116/><U74/><E74/><V45/><F76/><W22/><G81/><T30/><D64/><U72/><E72/><V6/><F43/><W129/><G129/><T121/><D121/><U80/><E58/><V49/><F71/><W75/><G75/><T55/><D30/><U29/><E29/><V46/><F46/><W106/><G106/><T51/><D5/><U135/><E135/><V4/><F4/><W98/><REACH who="3" step="1"/><G63/><REACH who="3" ten="213,145,364,268" step="2"/><T89/><REACH who="0" step="1"/><D59/><REACH who="0" ten="203,145,364,268" step="2"/><U3/><E115/><V21/><F70/><W119/><G119/><T124/><D124/><U32/><E112/><V18/><F62/><W101/><G101/><T36/><N who="0" m="9728" /><DORA hai="111" /><T48/><D48/><U33/><E80/><AGARI ba="1,2" hai="41,47,51,52,55,77,80,84,89,92,99" m="9728" machi="80" ten="70,8000,1" yaku="1,1,52,2,54,1,53,0" doraHai="50,111" doraHaiUra="125,24" who="0" fromWho="1" sc="203,103,145,-83,364,0,268,0" />
</Scene>
<Scene>
<INIT seed="4,0,0,2,3,110" ten="306,62,364,268" oya="0" hai0="23,75,88,134,76,112,105,60,67,132,3,45,39" hai1="106,71,16,30,128,55,111,51,19,85,22,57,95" hai2="104,10,21,44,86,124,61,121,14,11,100,96,122" hai3="74,94,58,38,108,129,41,12,6,90,93,69,89"/><T48/><D105/><U126/><E106/><V64/><F124/><W18/><G69/><T113/><D3/><U34/><E71/><V98/><F44/><W47/><G108/><T53/><D23/><U102/><E126/><V4/><F21/><W91/><G74/><T135/><D39/><U103/><E111/><V35/><F35/><W5/><G129/><T9/><D9/><U118/><E118/><V70/><F98/><W37/><G37/><T82/><D88/><U97/><E34/><V31/><F31/><W101/><G58/><AGARI ba="0,0" hai="45,48,53,58,60,67,75,76,82,112,113,132,134,135" machi="58" ten="40,7700,0" yaku="20,1,52,2" doraHai="110" who="0" fromWho="3" sc="306,77,62,0,364,0,268,-77" />
</Scene>
<Scene>
<INIT seed="4,1,0,3,2,55" ten="383,62,364,191" oya="0" hai0="76,96,58,10,3,44,85,13,117,16,23,42,124" hai1="53,87,77,121,84,92,65,59,134,74,21,86,118" hai2="78,34,6,131,98,70,100,4,73,61,109,129,133" hai3="88,63,68,31,54,14,33,62,79,0,115,126,104"/><T95/><D117/><U18/><E118/><V80/><F109/><W24/><G0/><T27/><D3/><U93/><E121/><V90/><F34/><W101/><G79/><T82/><D124/><U108/><E108/><V89/><F133/><W69/><G126/><T110/><D110/><U94/><E65/><V48/><F48/><W15/><G115/><T50/><D58/><U91/><E74/><V49/><F49/><W17/><G14/><T125/><D125/><U83/><E91/><V81/><F70/><W114/><G114/><T116/><D116/><U64/><E64/><V67/><F81/><W8/><G63/><T36/><D36/><U132/><E132/><V46/><F46/><W47/><G47/><T19/><D95/><U5/><E5/><V113/><F113/><W128/><G128/><N who="2" m="49225" /><F89/><W1/><G1/><T120/><D120/><U32/><E32/><V29/><F90/><W122/><G122/><T35/><D35/><U51/><REACH who="1" step="1"/><E134/><REACH who="1" ten="383,52,364,191" step="2"/><V106/><F29/><W7/><G88/><T102/><D96/><U135/><E135/><V41/><F67/><W52/><G7/><N who="0" m="3295" /><D102/><U20/><E20/><V30/><F6/><W11/><G101/><T56/><D23/><U60/><E60/><V40/><F4/><W43/><G62/><T103/><D103/><U12/><AGARI ba="1,1" hai="12,18,21,51,53,59,77,83,84,86,87,92,93,94" machi="12" ten="30,7900,0" yaku="1,1,0,1,8,1,52,1,53,0" doraHai="55" doraHaiUra="119" who="1" fromWho="1" sc="383,-40,52,92,364,-21,191,-21" />
</Scene>
<Scene>
<INIT seed="5,0,0,2,5,22" ten="343,144,343,170" oya="1" hai0="133,103,0,7,113,27,19,34,24,108,129,122,75" hai1="42,45,124,21,28,111,85,35,15,48,127,33,83" hai2="119,94,93,67,49,30,60,125,41,38,76,99,82" hai3="71,36,20,132,102,52,116,104,54,72,115,32,26"/><U66/><E66/><V53/><F119/><W23/><G36/><T47/><D75/><U18/><E111/><V57/><F125/><W123/><G72/><T91/><D103/><U70/><E70/><V5/><F5/><W90/><G123/><T39/><D39/><U130/><E130/><V92/><F30/><N who="3" m="19543" /><G90/><T14/><D91/><U74/><E74/><V63/><F63/><W100/><G100/><T109/><D47/><U89/><REACH who="1" step="1"/><E28/><REACH who="1" ten="343,134,343,170" step="2"/><V6/><F67/><W97/><G71/><T114/><D129/><U13/><E13/><V43/><F38/><W128/><G128/><T101/><D109/><U64/><E64/><V25/><F25/><W3/><G3/><T96/><D27/><U78/><E78/><V50/><F76/><W8/><G116/><T106/><D108/><U117/><E117/><V56/><F60/><W110/><G110/><T2/><D24/><U79/><E79/><V51/><F82/><W126/><G126/><AGARI ba="0,1" hai="15,18,21,33,35,42,45,48,83,85,89,124,126,127" machi="126" ten="40,12000,1" yaku="1,1,18,1,53,3" doraHai="22" doraHaiUra="134" who="1" fromWho="3" sc="343,0,134,130,343,0,170,-120" />
</Scene>
<Scene>
<INIT seed="5,1,0,3,1,128" ten="343,264,343,50" oya="1" hai0="14,33,31,133,1,114,87,113,67,53,125,115,5" hai1="38,111,100,60,135,19,46,57,132,65,88,126,106" hai2="109,26,104,44,22,18,62,91,122,102,37,48,8" hai3="32,61,2,9,101,55,107,24,29,17,52,51,49"/><U79/><E79/><V74/><F74/><W120/><G120/><T28/><D67/><U95/><E106/><V89/><F109/><W13/><G2/><T82/><D125/><U4/><E100/><V131/><F131/><W42/><G42/><T78/><D1/><U6/><E126/><V12/><F37/><W70/><G49/><T93/><D93/><U68/><E68/><V64/><F122/><W23/><G51/><T112/><D112/><U123/><E123/><V40/><F104/><W84/><G84/><T73/><D73/><U98/><E111/><V34/><F34/><W3/><G107/><T11/><D53/><U92/><E92/><V105/><F102/><W94/><G70/><T69/><D69/><U58/><E58/><V25/><F25/><W43/><G43/><T56/><D56/><U81/><E81/><V47/><F47/><W30/><G61/><T129/><D129/><U85/><E85/><V71/><F105/><W90/><G101/><T59/><D59/><U121/><E121/><V35/><F35/><W41/><G41/><T108/><D108/><U86/><E86/><V54/><F40/><W10/><G30/><AGARI ba="1,0" hai="8,12,18,22,26,30,44,48,54,62,64,71,89,91" machi="30" ten="30,1000,0" yaku="7,1" doraHai="128" who="2" fromWho="3" sc="343,0,264,0,343,13,50,-13" />
</Scene>
<Scene>
<INIT seed="6,0,0,4,3,56" ten="343,264,356,37" oya="2" hai0="132,43,124,104,59,55,17,130,68,2,135,66,72" hai1="36,41,48,97,18,126,4,1,77,91,92,26,102" hai2="53,54,70,125,106,35,87,58,16,14,61,79,24" hai3="118,30,116,86,65,5,101,131,10,52,107,47,39"/><V123/><F106/><W6/><G30/><T80/><D2/><U112/><E112/><V73/><F123/><W127/><G65/><T113/><D104/><U22/><E126/><V42/><F125/><W89/><G127/><T95/><D124/><U109/><E109/><V121/><F70/><W34/><G34/><T32/><D32/><U15/><E36/><V3/><F121/><W46/><G131/><T60/><D113/><U28/><E77/><V33/><F3/><W90/><G107/><T98/><D130/><U29/><E1/><V8/><F42/><W108/><G108/><T49/><D17/><U133/><E133/><V69/><F73/><W103/><G39/><T84/><D72/><U76/><E76/><V85/><F69/><W9/><REACH who="3" step="1"/><G86/><REACH who="3" ten="343,264,356,27" step="2"/><T128/><D128/><U75/><E75/><V19/><F87/><W21/><G21/><T57/><D135/><U38/><E38/><V122/><F122/><W111/><G111/><T78/><D132/><U44/><E29/><V110/><F110/><W37/><G37/><T96/><D43/><U88/><REACH who="1" step="1"/><E4/><REACH who="1" ten="343,254,356,27" step="2"/><V40/><F79/><W129/><G129/><T74/><D74/><U51/><E51/><V71/><F85/><W62/><G62/><T67/><D60/><U119/><E119/><V117/><F61/><W31/><G31/><T100/><D84/><U7/><E7/><V11/><F117/><W50/><G50/><T25/><D49/><U81/><E81/><V105/><F105/><W83/><G83/><T20/><D80/><U94/><E94/><V93/><F93/><W45/><G45/><RYUUKYOKU ba="0,2" sc="343,-15,254,15,356,-15,27,15" hai1="15,18,22,26,28,41,44,48,88,91,92,97,102" hai3="5,6,9,10,46,47,52,89,90,101,103,116,118" />
</Scene>
<Scene>
<INIT seed="7,1,2,4,0,58" ten="328,269,341,42" oya="3" hai0="57,96,92,46,107,22,36,54,91,97,112,120,6" hai1="116,51,127,74,35,25,16,93,62,44,122,100,13" hai2="71,31,38,11,69,14,65,32,75,129,108,128,61" hai3="78,0,70,45,12,131,102,119,4,132,104,125,2"/><W27/><G70/><T41/><D120/><U103/><E74/><V134/><F75/><W82/><G119/><T79/><D79/><U130/><E122/><V59/><F108/><W3/><G125/><T19/><D112/><U30/><E127/><V121/><F38/><W118/><G118/><T99/><D6/><U47/><E130/><N who="2" m="50283" /><F134/><W21/><G131/><T84/><D107/><U7/><E7/><N who="2" m="3455" /><F121/><W135/><G45/><T95/><D95/><U72/><E72/><V117/><F117/><W123/><G123/><T68/><D68/><U90/><E47/><V26/><AGARI ba="1,2" hai="26,31,32,59,61,65,69,71" m="3455,50283" machi="26" ten="30,2000,0" yaku="19,1,52,1" doraHai="58" who="2" fromWho="2" sc="328,-6,269,-6,341,43,42,-11" owari="322,12.0,263,-14.0,384,49.0,31,-47.0" />
</Scene>
</mjloggm>