<mjloggm ver="2.3"><GO type="169"/><UN n0="%E5%88%BB%E5%AD%90%E5%B8%82%E6%B0%91" n1="%E5%A4%AA%E3%81%8F%E3%81%AA%E3%81%84%E3%81%8A" n2="%61%6C%75%63%61%72%64" n3="%6B%6E%6A%31%30%35%30" dan="16,17,17,16" rate="2138,2159,2142,2048" sx="M,M,M,M"/><TAIKYOKU oya="0"/>

<Scene>
<INIT seed="0,0,0,5,4,80" ten="250,250,250,250" oya="0" hai0="15,101,99,125,69,110,29,119,112,111,21,3,71" hai1="4,12,129,127,9,134,67,22,13,92,108,6,23" hai2="26,5,94,58,79,43,30,87,98,37,47,120,33" hai3="0,89,123,124,118,115,38,132,72,60,83,16,93"/><T90/><D3/><U107/><E107/><V97/><F120/><W18/><G0/><T84/><D112/><U53/><E108/><N who="0" m="41513" /><D119/><U7/><E127/><V27/><F5/><W96/><G124/><T50/><D50/><U2/><E129/><V102/><F58/><W109/><G38/><T128/><D128/><U54/><E134/><V1/><F1/><W131/><G132/><T66/><D66/><U41/><E67/><V106/><F27/><W61/><G109/><T11/><D21/><N who="1" m="7691" /><E2/><V78/><REACH who="2" step="1"/><F87/><REACH who="2" ten="250,250,240,250" step="2"/><W81/><G123/><T126/><D126/><U44/><E6/><V104/><F104/><W8/><G131/><T76/><D125/><U62/><E4/><V65/><F65/><W31/><G118/><T77/><D71/><U19/><E7/><V86/><F86/><W24/><G24/><T103/><D69/><U121/><E121/><V57/><F57/><W100/><G115/><T36/><D84/><U122/><E122/><V48/><F48/><W133/><G133/><T95/><D36/><U28/><E13/><V75/><F75/><W63/><G72/><T46/><D15/><U45/><E12/><V51/><F51/><W68/><G68/><T130/><D130/><U70/><E70/><V59/><F59/><W14/><G31/><T10/><D29/><U88/><E28/><V64/><F64/><W73/><G73/><T42/><D46/><U135/><E45/><V116/><F116/><W114/><G114/><T17/><D17/><U55/><E19/><V39/><F39/><W85/><G18/><T52/><D10/><U56/><E9/><RYUUKYOKU ba="0,1" sc="250,-15,250,-15,240,15,250,15" hai2="26,30,33,37,43,47,78,79,94,97,98,102,106" hai3="8,14,16,60,61,63,81,83,85,89,93,96,100" />
</Scene>
<Scene>
<INIT seed="1,1,1,3,4,64" ten="235,235,255,265" oya="1" hai0="115,53,69,37,49,87,90,100,124,74,92,4,91" hai1="125,84,0,81,41,27,123,89,103,86,107,114,62" hai2="96,85,1,82,130,57,78,61,98,101,48,102,97" hai3="109,68,54,23,88,39,46,118,8,24,36,121,14"/><U72/><E0/><V43/><F1/><W50/><G121/><T63/><D74/><U59/><E123/><V128/><F43/><W99/><G118/><T70/><D37/><U67/><E114/><V6/><F6/><W117/><G68/><T29/><D115/><U10/><E125/><V52/><REACH who="2" step="1"/><F61/><REACH who="2" ten="235,235,245,265" step="2"/><W42/><G117/><T28/><D63/><U119/><E119/><V127/><F127/><W75/><G42/><T129/><D4/><U13/><E41/><V113/><F113/><W35/><G39/><T134/><D124/><U9/><E62/><V105/><F105/><W122/><G36/><T116/><D116/><U16/><E107/><V94/><F94/><W26/><G122/><T51/><D92/><U60/><E60/><V18/><F18/><W20/><G50/><T133/><D51/><U58/><E16/><V55/><F55/><W106/><G54/><T65/><D49/><U5/><E5/><V21/><F21/><W33/><G106/><T47/><D53/><U11/><E11/><V126/><F126/><W7/><G7/><T2/><D65/><U12/><E9/><V112/><F112/><W83/><G8/><T77/><D2/><U17/><E10/><V30/><F30/><W71/><G23/><T56/><D28/><U108/><E67/><V79/><F79/><W3/><G20/><T110/><D77/><U95/><E95/><V45/><F45/><W120/><G46/><T38/><D47/><U104/><E104/><V19/><F19/><W32/><G3/><T31/><D38/><U135/><E17/><V25/><F25/><RYUUKYOKU ba="1,2" sc="235,-10,235,-10,245,30,265,-10" hai2="48,52,57,78,82,85,96,97,98,101,102,128,130" />
</Scene>
<Scene>
<INIT seed="2,2,2,3,1,82" ten="225,225,275,255" oya="2" hai0="11,103,95,15,27,7,42,13,134,118,106,101,126" hai1="44,108,2,47,21,12,68,32,73,74,3,46,53" hai2="96,122,125,89,67,60,22,17,14,1,61,41,10" hai3="87,69,26,55,34,124,133,75,86,25,48,92,29"/><V128/><F122/><W57/><G75/><T94/><D106/><U6/><E32/><V71/><F128/><W116/><G116/><T109/><D118/><U77/><E68/><V45/><F125/><W9/><G69/><T33/><D126/><U66/><E66/><V112/><F112/><W49/><G133/><T4/><D134/><U102/><E108/><V97/><F61/><W121/><G121/><T78/><D42/><U31/><E102/><N who="0" m="38921" /><D33/><U59/><E31/><V129/><F129/><W119/><G119/><T88/><D78/><U52/><E6/><V81/><F1/><W39/><G39/><T37/><D37/><U72/><E77/><V8/><F96/><W35/><G124/><T30/><D109/><U132/><E132/><V50/><REACH who="2" step="1"/><F97/><REACH who="2" ten="225,225,265,255" step="2"/><W23/><G34/><T110/><D110/><U0/><E59/><V127/><F127/><W120/><G120/><T90/><D30/><U98/><E98/><V99/><F99/><W16/><G9/><N who="0" m="4263" /><D27/><U24/><E12/><V18/><F18/><W38/><G26/><T100/><D100/><U85/><E24/><V131/><F131/><W80/><G29/><T65/><D65/><U28/><E28/><V56/><F56/><W91/><G35/><T135/><D135/><U19/><E19/><V93/><F93/><AGARI ba="2,3" hai="7,11,15,88,90,93,94,95" m="4263,38921" machi="93" ten="30,2000,0" yaku="8,1,54,1" doraHai="82" who="0" fromWho="2" sc="225,56,225,0,265,-26,255,0" />
</Scene>
<Scene>
<INIT seed="3,0,0,2,4,105" ten="281,225,239,255" oya="3" hai0="12,86,21,113,98,25,48,91,92,89,1,43,87" hai1="36,59,9,23,45,126,38,80,62,117,134,13,69" hai2="44,66,101,133,73,8,95,24,58,110,19,119,26" hai3="50,102,27,115,79,60,78,29,64,53,34,74,37"/><W40/><G115/><T103/><D1/><U2/><E134/><V128/><F119/><W81/><G79/><T41/><D12/><U83/><E69/><V65/><F133/><W108/><G108/><T49/><D113/><U51/><E117/><V6/><F110/><W130/><G130/><T63/><D63/><U93/><E126/><V120/><F73/><W20/><G102/><T52/><D103/><U72/><E2/><V76/><F76/><W132/><G132/><T71/><D71/><U70/><E23/><V82/><F82/><W118/><G118/><T39/><D39/><U127/><E127/><V3/><F44/><W15/><G15/><T32/><D32/><U31/><E31/><V14/><F120/><W16/><G37/><T57/><D49/><U7/><E93/><V112/><F95/><W77/><G77/><T18/><D98/><U107/><E107/><V75/><F112/><W30/><G40/><T135/><D135/><U85/><E72/><V121/><F75/><W88/><G34/><T122/><D122/><U17/><E70/><V104/><F104/><W56/><REACH who="3" step="1"/><G88/><REACH who="3" ten="281,225,239,245" step="2"/><T99/><D99/><U111/><E111/><V4/><F101/><W96/><G96/><T100/><D100/><U97/><E97/><V90/><F90/><W67/><G67/><T114/><D114/><U0/><E38/><V84/><F128/><W35/><G35/><T125/><D125/><U55/><E36/><V68/><F65/><W61/><G61/><T28/><D43/><N who="1" m="25023" /><E85/><V46/><F84/><W94/><G94/><N who="0" m="54583" /><D41/><U47/><E0/><V131/><F3/><RYUUKYOKU ba="0,1" sc="281,15,225,-15,239,-15,245,15" hai0="18,21,25,28,48,52,57,87,91,92" hai3="16,20,27,29,30,50,53,56,60,64,74,78,81" />
</Scene>
<Scene>
<INIT seed="3,1,1,4,5,24" ten="296,210,224,260" oya="3" hai0="108,103,34,117,125,64,63,41,87,21,85,130,4" hai1="6,82,110,19,72,52,56,97,11,135,80,126,60" hai2="53,2,35,74,127,123,31,25,84,54,119,9,132" hai3="51,112,3,5,8,69,83,30,124,36,66,37,17"/><W29/><G112/><T45/><D34/><U106/><E110/><V115/><F74/><W121/><G121/><T96/><D117/><U94/><E106/><V122/><F119/><W65/><G124/><T95/><D108/><U128/><E126/><V109/><F115/><W44/><G17/><T92/><D130/><U49/><E128/><V18/><F109/><W42/><G83/><T46/><D4/><U105/><E105/><V14/><F127/><W104/><G104/><T116/><D116/><U59/><E135/><V48/><F132/><W102/><G102/><T61/><D61/><U10/><E19/><V43/><F2/><W0/><G0/><T12/><D92/><U111/><E111/><V118/><F118/><W75/><G75/><T86/><D41/><U89/><E72/><V62/><F62/><W114/><G114/><T57/><D125/><U88/><E89/><V58/><F43/><W26/><G26/><T1/><D1/><U100/><E100/><V32/><F54/><W68/><G66/><T101/><D103/><U7/><E7/><V77/><REACH who="2" step="1"/><F32/><REACH who="2" ten="296,210,214,260" step="2"/><W13/><G3/><T70/><D70/><U129/><E129/><V67/><F67/><W55/><G65/><T133/><D133/><U39/><E60/><V50/><F50/><W33/><G33/><T47/><D63/><U78/><E49/><V20/><F20/><W81/><G68/><T76/><D64/><U73/><E73/><V23/><F23/><W40/><G69/><T27/><D21/><U38/><E52/><V93/><F93/><W113/><G113/><T22/><D95/><RYUUKYOKU ba="1,2" sc="296,-10,210,-10,214,30,260,-10" hai2="9,14,18,25,31,35,48,53,58,77,84,122,123" />
</Scene>
<Scene>
<INIT seed="4,2,2,2,4,58" ten="286,200,244,250" oya="0" hai0="81,16,113,79,65,134,69,127,96,11,62,128,125" hai1="6,110,2,42,55,74,109,82,95,13,38,99,93" hai2="104,32,94,25,60,77,46,118,29,88,119,9,115" hai3="63,70,20,39,57,43,66,71,112,108,40,84,5"/><T98/><D113/><U73/><E13/><V117/><F104/><W3/><G20/><T0/><D128/><U72/><E55/><V50/><F115/><W129/><G84/><N who="0" m="48191" /><D134/><U21/><E21/><V15/><F77/><W7/><G112/><T24/><D0/><U120/><E120/><V124/><F124/><N who="0" m="47690" /><D24/><U14/><E2/><V45/><F50/><W106/><G3/><T52/><D52/><U86/><E110/><V103/><F103/><W132/><G108/><T41/><D41/><U44/><E109/><V4/><REACH who="2" step="1"/><F60/><REACH who="2" ten="286,200,234,250" step="2"/><W90/><G63/><T130/><D130/><U26/><E73/><V111/><F111/><W122/><G129/><T121/><D121/><U10/><E74/><V126/><F126/><W53/><G122/><T34/><D34/><U123/><E72/><V87/><AGARI ba="2,3" hai="4,9,15,25,29,32,45,46,87,88,94,117,118,119" machi="87" ten="30,7900,0" yaku="1,1,0,1,12,1,54,1,53,0" doraHai="58" doraHaiUra="47" who="2" fromWho="2" sc="286,-41,200,-22,234,115,250,-22" />
</Scene>
<Scene>
<INIT seed="5,0,0,4,2,47" ten="245,178,349,228" oya="1" hai0="60,29,104,119,3,27,126,97,14,50,2,86,80" hai1="113,127,129,123,79,53,132,106,70,9,134,112,118" hai2="116,7,38,48,117,21,63,1,41,39,81,65,68" hai3="46,100,35,15,128,71,124,25,22,72,58,89,40"/><U43/><E79/><V19/><F81/><W13/><G71/><T88/><D119/><U23/><E106/><V78/><F78/><W135/><G35/><T114/><D114/><N who="1" m="44139" /><E118/><V115/><F115/><W133/><G100/><T87/><D126/><U6/><E70/><V30/><F30/><W111/><G124/><T24/><D60/><U8/><E127/><V74/><F74/><W84/><G58/><T57/><D14/><U5/><E43/><V73/><F73/><W28/><G72/><T105/><D97/><U75/><E75/><V4/><F41/><W82/><G128/><T18/><D3/><N who="1" m="63" /><E53/><V83/><F116/><W62/><G62/><T96/><D96/><U56/><E56/><V26/><F68/><W95/><G82/><T20/><D2/><N who="1" m="215" /><E129/><V45/><F117/><W12/><REACH who="3" step="1"/><G111/><REACH who="3" ten="245,178,349,218" step="2"/><T33/><D57/><U37/><E123/><V90/><F63/><W64/><G64/><T108/><D108/><U120/><E120/><V130/><F65/><W10/><G10/><T36/><D80/><U121/><E121/><V76/><F83/><W52/><G52/><T125/><D125/><U93/><E93/><V55/><F55/><W51/><AGARI ba="0,1" hai="12,13,15,22,25,28,40,46,51,84,89,95,133,135" machi="51" ten="30,12000,2" yaku="1,1,0,1,52,1,53,3" doraHai="47" doraHaiUra="11" who="3" fromWho="3" sc="245,-30,178,-60,349,-30,218,130" />
</Scene>
<Scene>
<INIT seed="6,0,0,3,5,66" ten="215,118,319,348" oya="2" hai0="21,60,90,54,11,120,100,33,116,115,95,86,123" hai1="15,93,118,57,13,24,81,78,53,30,71,125,121" hai2="108,6,7,127,128,111,32,79,55,131,10,124,59" hai3="101,45,42,68,134,83,19,61,22,64,106,28,58"/><V69/><F32/><W88/><G134/><T97/><D33/><U43/><E118/><V8/><F79/><W29/><G101/><T109/><D109/><N who="2" m="42058" /><F69/><W47/><G106/><T91/><D115/><U56/><E125/><N who="2" m="48203" /><F59/><W76/><G47/><T92/><D116/><U63/><E121/><V25/><F25/><W46/><G46/><T84/><D11/><N who="2" m="4138" /><F55/><W36/><G58/><T122/><D21/><U130/><E71/><V3/><F3/><W117/><G117/><T107/><D54/><U14/><E57/><V135/><F135/><W5/><G76/><T23/><D23/><U133/><E133/><V77/><F77/><W82/><G83/><T18/><D18/><U126/><E126/><V41/><F41/><W12/><G5/><AGARI ba="0,0" hai="5,6,7,128,131" m="4138,48203,42058" machi="5" ten="40,18000,2" yaku="28,2,10,1,18,1,34,2" doraHai="66" who="2" fromWho="3" sc="215,0,118,0,319,180,348,-180" />
</Scene>
<Scene>
<INIT seed="6,1,0,0,1,49" ten="215,118,499,168" oya="2" hai0="99,72,79,81,108,61,10,90,70,85,105,87,120" hai1="54,39,66,68,31,129,89,52,3,16,8,128,106" hai2="30,40,104,93,12,51,28,11,96,48,73,2,126" hai3="62,20,50,63,102,29,101,58,37,13,134,132,123"/><V103/><F73/><W38/><G123/><T15/><D108/><U98/><E39/><V116/><F2/><W7/><G29/><T86/><D120/><U5/><E31/><V24/><F116/><W55/><G50/><T22/><D22/><U100/><E89/><V18/><F126/><W133/><G63/><T84/><D61/><N who="1" m="40015" /><E16/><V46/><F104/><W0/><G0/><T78/><D70/><U35/><E35/><V77/><F77/><N who="0" m="29194" /><D15/><U127/><E127/><V60/><F60/><W88/><G88/><N who="0" m="51215" /><D10/><U64/><E64/><V114/><F12/><W32/><G32/><T94/><D72/><U6/><E6/><V17/><F11/><N who="3" m="4351" /><G20/><T76/><N who="0" m="29202" /><T110/><DORA hai="118" /><D110/><U71/><E71/><V112/><F30/><W44/><G37/><T56/><D56/><U67/><E67/><V117/><F28/><W82/><G82/><T34/><D34/><U91/><E91/><V92/><F117/><W69/><G69/><T109/><D109/><U47/><E47/><V95/><F46/><W19/><G19/><T74/><D74/><U131/><AGARI ba="1,0" hai="3,5,8,52,54,98,100,106,128,129,131" m="40015" machi="131" ten="30,7900,0" yaku="19,1,52,2,54,1" doraHai="49,118" who="1" fromWho="1" sc="215,-21,118,82,499,-40,168,-21" />
</Scene>
<Scene>
<INIT seed="7,0,0,5,2,38" ten="194,200,459,147" oya="3" hai0="130,28,50,46,112,34,103,108,129,135,21,39,76" hai1="7,51,118,105,18,73,55,106,53,45,89,70,92" hai2="62,75,63,56,79,125,122,91,32,57,20,25,68" hai3="97,29,126,23,93,100,6,49,42,61,26,78,30"/><W0/><G126/><T2/><D108/><U121/><E121/><V3/><F3/><W5/><G0/><T117/><D117/><U59/><E70/><V120/><F32/><W52/><G29/><T69/><D135/><U128/><E73/><V33/><F33/><W17/><G78/><T115/><D39/><U12/><E7/><V67/><F91/><W19/><G19/><T94/><D69/><U9/><E128/><N who="0" m="49257" /><D34/><U81/><E118/><V64/><F68/><W47/><G30/><T131/><D76/><U133/><E133/><V85/><F75/><W58/><AGARI ba="0,0" hai="5,6,17,23,26,42,47,49,52,58,61,93,97,100" machi="58" ten="30,11700,0" yaku="0,1,8,1,52,1,54,1" doraHai="38" who="3" fromWho="3" sc="194,-39,200,-39,459,-39,147,117" />
</Scene>
<Scene>
<INIT seed="7,1,0,1,4,3" ten="155,161,420,264" oya="3" hai0="31,93,11,127,34,41,108,75,29,81,122,65,42" hai1="134,0,13,74,10,95,33,114,131,43,100,7,96" hai2="82,111,49,48,40,121,50,69,22,2,35,92,116" hai3="132,91,94,128,71,23,77,85,30,38,126,51,104"/><W101/><G38/><T56/><D122/><U115/><E74/><V119/><F35/><W66/><G66/><T83/><D108/><U70/><E70/><V9/><F69/><W59/><G71/><T118/><D118/><U133/><E131/><V27/><F111/><W25/><G126/><T86/><D127/><U109/><E109/><V106/><F106/><W12/><G132/><N who="1" m="50794" /><E33/><V78/><F121/><W24/><G128/><T112/><D112/><N who="1" m="43051" /><E43/><N who="0" m="16393" /><D75/><U32/><E32/><V105/><F105/><W67/><G77/><T90/><D34/><U14/><AGARI ba="1,0" hai="0,7,10,13,14,95,96,100" m="43051,50794" machi="14" ten="40,5200,0" yaku="20,1,15,1,52,1" doraHai="3" who="1" fromWho="1" sc="155,-14,161,55,420,-14,264,-27" owari="141,-36.0,216,-18.0,406,50.0,237,4.0" />
</Scene>
</mjloggm>