<mjloggm ver="2.3"><GO type="169" lobby="0"/><UN n0="%E5%A4%AA%E3%81%8F%E3%81%AA%E3%81%84%E3%81%8A" n1="%E3%81%8B%E3%81%92%E3%81%8D%E3%82%85%E3%81%86" n2="%4E%4F%42%55%53%48%49" n3="%E3%81%93%E3%81%BE%E3%81%A3%E3%81%95%E3%82%93" dan="18,16,16,16" rate="2241.77,2122.83,2085.37,2111.49" sx="F,M,M,M"/><TAIKYOKU oya="0"/>

<Scene>
<INIT seed="0,0,0,4,4,40" ten="250,250,250,250" oya="0" hai0="125,75,104,74,130,118,105,20,45,53,66,10,77" hai1="60,101,37,2,12,18,3,115,119,30,58,59,126" hai2="85,135,120,109,13,41,16,73,50,29,102,131,86" hai3="95,28,70,97,90,79,51,71,84,134,26,111,55"/><T89/><D118/><U17/><E119/><V110/><F73/><W31/><G31/><T69/><D10/><U27/><E115/><V81/><F120/><W63/><G63/><T67/><D20/><U44/><E126/><V14/><F29/><W48/><G48/><T127/><D89/><U7/><E101/><V32/><F32/><W34/><G134/><T57/><D130/><U91/><E91/><V4/><F102/><W112/><G112/><T61/><D69/><U22/><E18/><V25/><F135/><W0/><G0/><T92/><D92/><U94/><E94/><V133/><F133/><W129/><G129/><T43/><D105/><U123/><E123/><V106/><F106/><W11/><G11/><T65/><D104/><U6/><E2/><V24/><F131/><W1/><G1/><T98/><D98/><U100/><E100/><V113/><F113/><W35/><G34/><T19/><D19/><U132/><E132/><V103/><F103/><W62/><G111/><T99/><D99/><U82/><E82/><V96/><F109/><W80/><REACH who="3" step="1"/><G62/><REACH who="3" ten="250,250,250,240" step="2"/><T121/><D121/><U76/><E60/><V117/><F110/><W107/><G107/><T38/><REACH who="0" step="1"/><D77/><REACH who="0" ten="240,250,250,240" step="2"/><U78/><E76/><V49/><F117/><W9/><G9/><T114/><D114/><U88/><E78/><V46/><F16/><W64/><G64/><T21/><D21/><U42/><E17/><V15/><F4/><W93/><G93/><T8/><D8/><U122/><E7/><V23/><F23/><W124/><G124/><AGARI ba="0,2" hai="38,43,45,53,57,61,65,66,67,74,75,124,125,127" machi="124" ten="40,12000,1" yaku="1,1,18,1,52,1,53,1" doraHai="40" doraHaiUra="36" who="0" fromWho="3" sc="240,140,250,0,250,0,240,-120" />
</Scene>
<Scene>
<INIT seed="0,1,0,2,0,67" ten="380,250,250,120" oya="0" hai0="79,77,3,43,78,20,61,109,101,2,126,65,56" hai1="89,83,66,0,53,6,102,52,124,117,40,22,23" hai2="4,116,11,103,59,131,50,113,132,49,130,47,68" hai3="123,85,104,94,30,95,122,74,55,17,14,63,28"/><T58/><D126/><U127/><E117/><V26/><F113/><W100/><G74/><T36/><D101/><U18/><E102/><V27/><F103/><W98/><G104/><T42/><D109/><U118/><E118/><V135/><F116/><W97/><G85/><T91/><D91/><U54/><E40/><V33/><F68/><W86/><G97/><T125/><D125/><N who="1" m="48203" /><E66/><V111/><F111/><W110/><G110/><T48/><D20/><N who="1" m="7723" /><E18/><V39/><F39/><W120/><G17/><T134/><D36/><U88/><E83/><V38/><F38/><W133/><G14/><T76/><D134/><N who="2" m="51242" /><F59/><N who="3" m="35327" /><G133/><T96/><D58/><U62/><E62/><V8/><F50/><W25/><G25/><N who="2" m="9225" /><F33/><W114/><G114/><T105/><D48/><U37/><E37/><V31/><F31/><W119/><G119/><T99/><D105/><U115/><E115/><V107/><F107/><W9/><G9/><AGARI ba="1,0" hai="0,6,9,52,53,54,88,89" m="7723,48203" machi="9" ten="40,5200,0" yaku="18,1,54,2" doraHai="67" who="1" fromWho="3" sc="380,0,250,55,250,0,120,-55" />
</Scene>
<Scene>
<INIT seed="1,0,0,0,3,116" ten="380,305,250,65" oya="1" hai0="99,132,71,82,114,45,22,78,98,16,111,12,65" hai1="42,129,17,1,54,23,37,13,110,122,119,93,53" hai2="11,38,135,19,0,117,76,59,29,43,66,15,40" hai3="57,6,88,7,28,103,115,107,124,44,89,81,58"/><U100/><E119/><V123/><F117/><W118/><G118/><T33/><D114/><U80/><E129/><V51/><F38/><W95/><G115/><T105/><D33/><U5/><E80/><V64/><F0/><W9/><G107/><T31/><D31/><U46/><E122/><V18/><F123/><W55/><G124/><T85/><D105/><U25/><E1/><V49/><F29/><W83/><G28/><T32/><D32/><U127/><E127/><V133/><F15/><W131/><G131/><T112/><D112/><U3/><E3/><V70/><F11/><W50/><G103/><T27/><D111/><U90/><E100/><V109/><F76/><W60/><G58/><T104/><D104/><U128/><E128/><V48/><F59/><W96/><G89/><T79/><D132/><N who="2" m="50762" /><F109/><W92/><G92/><T126/><D126/><U68/><E68/><V113/><F113/><W102/><G102/><T4/><D79/><U94/><E94/><V86/><F86/><W121/><G121/><T97/><D45/><U67/><E110/><V21/><F21/><W47/><G47/><T108/><D108/><U106/><E106/><V41/><F70/><W39/><G39/><T72/><D85/><U63/><E5/><N who="3" m="1546" /><G9/><N who="0" m="4135" /><D71/><U87/><E13/><V75/><F75/><W69/><G69/><T101/><D101/><U8/><E8/><V91/><F91/><W77/><G77/><T62/><D98/><U56/><AGARI ba="0,0" hai="17,23,25,37,42,46,53,54,56,63,67,87,90,93" machi="56" ten="20,2100,0" yaku="0,1,7,1" doraHai="116" who="1" fromWho="1" sc="380,-7,305,21,250,-7,65,-7" />
</Scene>
<Scene>
<INIT seed="1,1,0,3,0,82" ten="373,326,243,58" oya="1" hai0="84,23,38,129,7,130,46,53,80,81,109,66,93" hai1="114,37,25,75,113,92,5,100,55,49,78,73,17" hai2="64,77,121,12,101,40,119,65,3,105,35,134,125" hai3="8,50,27,108,97,76,116,11,74,90,22,72,13"/><U2/><E37/><V68/><F12/><W118/><G11/><T44/><D109/><U86/><E5/><V43/><F77/><W133/><G108/><T61/><D7/><U71/><E2/><V117/><F101/><W115/><G115/><T54/><D23/><U16/><E71/><V110/><F43/><W135/><G50/><T123/><D123/><U63/><E63/><V14/><F14/><W89/><G76/><T87/><D93/><U21/><E75/><N who="3" m="28714" /><G22/><T26/><D26/><U15/><E73/><V69/><F40/><W98/><G27/><T85/><D38/><U62/><E62/><V57/><F35/><W91/><G13/><T67/><D61/><U120/><E120/><V88/><F121/><W32/><G32/><T103/><D85/><U30/><E114/><V56/><F3/><W31/><G31/><T124/><D103/><U51/><E51/><V4/><F4/><W36/><G8/><T45/><D45/><N who="1" m="28079" /><E113/><V127/><F110/><W59/><G59/><T94/><D94/><U95/><E95/><V99/><F69/><W20/><G36/><T24/><D24/><U0/><E0/><V34/><F68/><W96/><G20/><T102/><D102/><U122/><E122/><V60/><F34/><W28/><G28/><T19/><D19/><U112/><E112/><V42/><F56/><W126/><G126/><AGARI ba="1,0" hai="44,46,53,54,66,67,80,81,84,87,124,126,129,130" machi="126" ten="25,6400,0" yaku="22,2,52,2" doraHai="82" who="0" fromWho="3" sc="373,67,326,0,243,0,58,-67" owari="440,54.0,326,13.0,243,-16.0,-9,-51.0" />
</Scene>
</mjloggm>