<mjloggm ver="2.3"><GO type="137"/><UN n0="%E5%A4%AA%E3%81%8F%E3%81%AA%E3%81%84%E3%81%8A" n1="%E3%81%A1%E3%82%83%E3%81%92" n2="%E3%81%A1%E3%82%83%E3%81%A3%E3%81%8B%E3%82%8A%E5%A4%AA%E9%83%8E" n3="%73%65%6C%75%67%65%69" dan="11,12,12,11" rate="1816,1885,1747,1656" sx="M,M,M,M"/><TAIKYOKU oya="0"/>

<Scene>
<INIT seed="0,0,0,4,5,32" ten="250,250,250,250" oya="0" hai0="48,72,68,131,25,7,33,17,92,125,126,59,44" hai1="4,22,100,54,65,38,135,18,106,51,73,91,118" hai2="26,101,50,114,103,55,121,60,12,35,13,122,113" hai3="58,87,105,96,20,53,78,129,61,16,71,97,63"/><T109/><D68/><U115/><E38/><V11/><F60/><W8/><G129/><T120/><D120/><U104/><E73/><V112/><F35/><W0/><G96/><T52/><D72/><U66/><E118/><V117/><F26/><W64/><G105/><T40/><D131/><U132/><E115/><V23/><F23/><W86/><G78/><T46/><D109/><U69/><E4/><V67/><F67/><W45/><G97/><T94/><D7/><U75/><E75/><V14/><F117/><W74/><G45/><T98/><D17/><U24/><E91/><V134/><F11/><W6/><G74/><T31/><D46/><U57/><E100/><V80/><F80/><W102/><G102/><T93/><REACH who="0" step="1"/><D98/><REACH who="0" ten="240,250,250,250" step="2"/><U30/><E69/><V9/><F122/><W108/><G108/><T130/><D130/><U116/><E18/><V81/><F121/><W36/><G36/><AGARI ba="0,1" hai="25,31,33,36,40,44,48,52,59,92,93,94,125,126" machi="36" ten="40,3900,0" yaku="1,1,54,1,53,0" doraHai="32" doraHaiUra="85" who="0" fromWho="3" sc="240,49,250,0,250,0,250,-39" />
</Scene>
<Scene>
<INIT seed="0,1,0,2,2,130" ten="289,250,250,211" oya="0" hai0="25,73,90,85,125,17,67,108,31,42,119,129,4" hai1="82,43,97,95,113,66,68,123,32,128,20,57,63" hai2="74,14,34,131,101,24,77,81,39,52,61,33,107" hai3="78,71,133,120,99,72,54,10,111,104,83,98,38"/><T27/><D119/><U48/><E32/><V28/><F131/><W21/><G111/><T87/><D73/><U86/><E128/><V70/><F39/><W16/><G38/><T40/><D129/><U22/><E123/><V37/><F37/><W15/><G71/><T94/><D4/><U55/><E113/><V47/><F47/><W12/><G120/><T60/><D125/><U112/><E43/><V132/><F132/><W134/><G54/><T19/><D108/><U84/><E84/><V5/><F34/><W62/><G98/><T58/><D85/><U56/><E68/><V44/><F44/><W46/><G46/><T92/><D92/><U11/><E11/><V116/><F116/><W115/><G115/><T103/><D103/><U51/><E51/><V8/><F107/><W110/><G110/><T135/><D135/><U76/><REACH who="1" step="1"/><E112/><REACH who="1" ten="289,240,250,211" step="2"/><V122/><F122/><W41/><G41/><T105/><D42/><U1/><E1/><V75/><F70/><W106/><G62/><T0/><D40/><U126/><E126/><V102/><F75/><W100/><REACH who="3" step="1"/><G106/><REACH who="3" ten="289,240,250,201" step="2"/><T29/><D105/><U3/><E3/><V13/><F61/><W88/><G88/><AGARI ba="1,2" hai="20,22,48,55,56,57,63,66,76,82,86,88,95,97" machi="88" ten="30,8000,1" yaku="1,1,7,1,8,1,54,1,53,1" doraHai="130" doraHaiUra="79" who="1" fromWho="3" sc="289,0,240,103,250,0,201,-83" />
</Scene>
<Scene>
<INIT seed="1,0,0,4,4,17" ten="289,343,250,118" oya="1" hai0="44,133,109,113,53,3,107,40,30,56,110,33,42" hai1="128,86,25,1,92,31,12,35,8,116,83,68,39" hai2="72,73,9,50,118,14,129,69,61,131,16,6,84" hai3="34,21,47,36,20,10,94,82,125,62,126,54,60"/><U15/><E39/><V24/><F118/><W65/><G34/><T79/><D113/><U29/><E68/><V135/><F135/><W66/><G10/><T103/><D3/><U28/><E116/><V98/><F98/><W4/><G4/><T57/><D79/><U71/><E71/><V96/><F96/><W63/><G82/><T38/><D133/><U43/><E43/><V134/><F134/><W87/><G94/><T106/><D103/><U41/><E41/><V130/><F84/><W117/><G87/><T55/><D44/><U49/><E92/><V48/><F69/><W18/><G18/><T119/><D119/><U26/><E49/><N who="2" m="19051" /><F61/><W108/><G108/><T102/><D102/><U75/><E75/><V11/><F11/><W46/><G36/><T67/><D33/><U114/><E114/><V89/><F89/><W132/><G54/><T105/><D38/><U5/><E31/><V122/><F122/><W76/><G76/><T90/><D90/><U22/><E128/><V74/><F74/><W93/><G93/><T88/><D88/><AGARI ba="0,0" hai="1,5,8,12,15,22,25,26,28,29,35,83,86,88" machi="88" ten="30,5800,0" yaku="7,1,52,1,54,1" doraHai="17" who="1" fromWho="0" sc="289,-58,343,58,250,0,118,0" />
</Scene>
<Scene>
<INIT seed="1,1,0,0,0,61" ten="231,401,250,118" oya="1" hai0="93,29,85,12,19,89,28,34,33,41,92,24,131" hai1="20,48,83,71,3,35,111,21,5,4,26,6,76" hai2="116,91,62,120,72,15,66,56,59,18,123,31,16" hai3="82,58,84,117,7,25,80,57,22,125,11,106,44"/><U54/><E71/><V0/><F0/><W17/><G106/><T122/><D131/><U128/><E128/><V95/><F72/><W36/><G36/><T109/><D109/><U14/><E111/><V65/><F116/><W30/><G125/><T98/><D122/><U127/><E127/><V105/><F105/><W97/><G117/><T9/><D41/><U129/><E129/><V37/><F37/><W73/><G73/><T43/><D43/><U46/><E3/><V126/><F126/><W78/><G44/><T124/><D124/><U68/><E68/><V118/><F118/><W23/><G80/><T47/><D47/><U86/><E35/><V49/><F31/><W108/><G97/><T88/><REACH who="0" step="1"/><D28/><REACH who="0" ten="221,401,250,118" step="2"/><N who="1" m="17479" /><E21/><AGARI ba="1,1" hai="9,12,19,21,24,29,33,34,85,88,89,92,93,98" machi="21" ten="30,3900,0" yaku="1,1,7,1,54,1,53,0" doraHai="61" doraHaiUra="1" who="0" fromWho="1" sc="221,52,401,-42,250,0,118,0" />
</Scene>
<Scene>
<INIT seed="2,0,0,0,4,100" ten="273,359,250,118" oya="2" hai0="4,27,125,3,108,2,36,37,26,7,103,56,46" hai1="123,17,14,76,96,130,74,23,59,73,30,0,33" hai2="128,109,38,51,5,82,101,9,85,53,13,45,32" hai3="18,20,50,117,132,134,52,64,24,19,29,113,79"/><V6/><F128/><W122/><G117/><T98/><D56/><U121/><E130/><V62/><F32/><W97/><G122/><T116/><D116/><U63/><E0/><V88/><F101/><W115/><G79/><T93/><D108/><U12/><E76/><V22/><F109/><W72/><G72/><T135/><D135/><N who="3" m="51753" /><G64/><T99/><D103/><U48/><E48/><V69/><F38/><W87/><G97/><T86/><D86/><U10/><E30/><V75/><F75/><W90/><G90/><T127/><REACH who="0" step="1"/><D93/><REACH who="0" ten="263,359,250,118" step="2"/><U68/><E74/><V58/><F69/><W102/><G102/><T71/><D71/><U105/><E68/><V16/><F22/><W47/><G87/><T54/><D54/><AGARI ba="0,1" hai="5,6,9,13,16,45,51,53,54,58,62,82,85,88" machi="54" ten="30,18000,2" yaku="7,1,25,2,8,1,54,2" doraHai="100" who="2" fromWho="0" sc="263,-180,359,0,250,190,118,0" />
</Scene>
<Scene>
<INIT seed="2,1,0,0,0,103" ten="83,359,440,118" oya="2" hai0="69,92,6,131,14,28,96,125,120,26,31,24,102" hai1="1,90,98,63,9,48,122,59,42,39,82,105,34" hai2="49,81,67,124,61,72,115,46,36,32,70,71,93" hai3="129,16,128,21,15,94,127,73,35,83,113,117,68"/><V56/><F32/><W88/><G68/><T79/><D120/><U62/><E39/><V18/><F115/><W104/><G117/><T22/><D131/><U58/><E34/><V37/><F124/><W130/><G35/><T52/><D125/><U78/><E122/><V0/><F0/><W77/><G127/><T80/><D69/><U121/><E121/><V4/><F4/><W54/><G54/><T134/><D134/><U41/><E1/><V111/><F111/><W135/><G135/><T114/><D114/><U132/><E132/><V27/><F72/><W89/><G113/><T50/><D6/><U53/><E9/><V76/><F76/><W75/><G75/><T97/><D14/><U95/><E105/><V12/><F27/><W5/><G5/><T64/><D64/><U20/><E20/><V65/><F81/><W30/><G30/><T2/><D2/><U55/><REACH who="1" step="1"/><E48/><REACH who="1" ten="83,349,440,118" step="2"/><V13/><F37/><W11/><G104/><T25/><D31/><U123/><E123/><V133/><F36/><W10/><REACH who="3" step="1"/><G89/><REACH who="3" ten="83,349,440,108" step="2"/><T74/><REACH who="0" step="1"/><D96/><AGARI ba="1,2" hai="10,11,15,16,21,73,77,83,88,94,96,128,129,130" machi="96" ten="40,8000,1" yaku="1,1,2,1,19,1,54,2,53,0" doraHai="103" doraHaiUra="38" who="3" fromWho="0" sc="83,-83,349,0,440,0,108,103" />
</Scene>
<Scene>
<INIT seed="3,0,0,1,2,51" ten="0,349,440,211" oya="3" hai0="11,99,90,39,23,37,2,22,115,26,112,60,43" hai1="127,42,62,134,33,93,57,75,63,16,76,77,105" hai2="56,71,132,122,15,50,53,74,81,5,54,0,3" hai3="4,9,89,79,28,85,66,41,87,80,1,7,126"/><W110/><G28/><N who="0" m="17495" /><D23/><U94/><E105/><V61/><F71/><W78/><G7/><N who="0" m="1527" /><D43/><U38/><E33/><V109/><F109/><W29/><G110/><T84/><D99/><U20/><E42/><V106/><F132/><W124/><G41/><T111/><D111/><U103/><E134/><V17/><F106/><W72/><G72/><T65/><D84/><U32/><E32/><V31/><F31/><W91/><G66/><T116/><D90/><U96/><E38/><V133/><F133/><W55/><G29/><T69/><D116/><U18/><E75/><V27/><F27/><W70/><G70/><T135/><D135/><U118/><E118/><V120/><F74/><W14/><G1/><T125/><D125/><U73/><E73/><V36/><F81/><W48/><G85/><T67/><D67/><U68/><E68/><V88/><F36/><W114/><G114/><T129/><D129/><U46/><E46/><V128/><F128/><W113/><G113/><AGARI ba="0,0" hai="37,39,60,65,69,112,113,115" m="1527,17495" machi="113" ten="30,1000,0" yaku="11,1" doraHai="51" who="0" fromWho="3" sc="0,10,349,0,440,0,211,-10" />
</Scene>
<Scene>
<INIT seed="4,0,0,5,2,34" ten="10,349,440,201" oya="0" hai0="33,47,26,90,117,85,116,72,100,27,114,62,121" hai1="133,58,77,76,80,38,45,97,87,66,84,59,50" hai2="25,70,94,11,39,118,91,74,65,134,29,36,129" hai3="6,9,102,105,67,108,135,5,30,104,1,127,8"/><T111/><D121/><U124/><E38/><V54/><F74/><W110/><G67/><T71/><D72/><U63/><E124/><V132/><F118/><W15/><G127/><T68/><D100/><U119/><E119/><V49/><F129/><W95/><G102/><T107/><D107/><U51/><E133/><N who="2" m="51307" /><F11/><W98/><G135/><T24/><D33/><U10/><E10/><V93/><F70/><W14/><G30/><T0/><D71/><U61/><E97/><N who="2" m="57535" /><F94/><W20/><G98/><T64/><D114/><U13/><E13/><V55/><F65/><W89/><G95/><T106/><D106/><U41/><E41/><V19/><F19/><W43/><G43/><T82/><D111/><U22/><E22/><N who="2" m="15543" /><F55/><W83/><G20/><T86/><D86/><U35/><E35/><V112/><F112/><W40/><G40/><T103/><D103/><U4/><E4/><V113/><F113/><W18/><G83/><T57/><D68/><U17/><E17/><V7/><F7/><W52/><G18/><T78/><D78/><U128/><E128/><V122/><F122/><W46/><G89/><T37/><REACH who="0" step="1"/><D0/><REACH who="0" ten="0,349,440,201" step="2"/><U109/><E109/><V73/><F73/><W2/><G46/><AGARI ba="0,1" hai="36,39,46,49,54" m="15543,57535,51307" machi="46" ten="30,1000,0" yaku="20,1" doraHai="34" who="2" fromWho="3" sc="0,0,349,0,440,20,201,-10" />
</Scene>
<Scene>
<INIT seed="5,0,0,4,0,99" ten="0,349,460,191" oya="1" hai0="19,12,39,77,64,0,61,70,121,65,110,119,104" hai1="9,58,117,83,84,108,24,81,125,79,47,97,51" hai2="100,25,111,102,44,131,54,20,27,93,123,68,80" hai3="122,135,103,6,31,45,22,107,28,113,33,89,116"/><U46/><E117/><V126/><F111/><W11/><G122/><T63/><D110/><U127/><E108/><V82/><F123/><W38/><G116/><T90/><D121/><U85/><E24/><V73/><F68/><W86/><G113/><T130/><D119/><U8/><E58/><V50/><F73/><W69/><G69/><T106/><D130/><U128/><E128/><V72/><F131/><W62/><G33/><T105/><D39/><U124/><E97/><V53/><F126/><W109/><G109/><T7/><D77/><N who="1" m="46127" /><E47/><V48/><F72/><W120/><G45/><T32/><D32/><U74/><E74/><V30/><F27/><W112/><G22/><T2/><D90/><U71/><E71/><V13/><F13/><W34/><G34/><T55/><D55/><AGARI ba="0,0" hai="8,9,46,51,55,79,83,85,124,125,127" m="46127" machi="55" ten="30,1500,0" yaku="18,1" doraHai="99" who="1" fromWho="0" sc="0,-15,349,15,460,0,191,0" owari="-15,-52.0,364,16.0,460,57.0,191,-21.0" />
</Scene>
</mjloggm>