<mjloggm ver="2.3"><GO type="225"/><UN n0="%E3%81%BF%E3%81%BF%E3%81%9A" n1="%E3%81%B2%E3%81%BD%E3%81%8D%E3%82%88%E3%81%97" n2="%E3%83%AD%E3%83%AA%E3%83%BC%E3%82%BF%E3%81%AA%E7%84%BC%E8%82%89" n3="%E5%A4%AA%E3%81%8F%E3%81%AA%E3%81%84%E3%81%8A" dan="17,17,17,16" rate="2221,2116,2150,2075" sx="M,M,F,M"/><TAIKYOKU oya="0"/>

<Scene>
<INIT seed="0,0,0,1,5,0" ten="250,250,250,250" oya="0" hai0="102,92,23,17,60,45,134,130,100,2,20,38,76" hai1="53,48,25,75,121,18,122,113,51,52,54,33,78" hai2="68,22,47,59,115,133,88,4,46,13,14,110,6" hai3="129,8,35,74,31,77,81,109,1,10,95,84,7"/><T108/><D130/><U82/><E113/><V37/><F68/><W105/><G105/><T58/><D2/><U27/><E25/><V29/><F37/><W63/><G129/><T57/><D134/><U118/><E118/><V41/><F41/><W83/><G109/><T86/><D108/><U98/><E98/><V71/><F71/><W79/><G95/><T24/><D38/><U16/><E18/><N who="2" m="10575" /><F115/><W32/><G31/><T128/><D128/><U132/><E132/><V93/><F133/><W65/><REACH who="3" step="1"/><G10/><REACH who="3" ten="250,250,250,240" step="2"/><T124/><D92/><U55/><N who="1" m="13312" /><DORA hai="64" /><U21/><REACH who="1" step="1"/><E33/><REACH who="1" ten="250,240,250,240" step="2"/><V43/><F110/><W36/><G36/><T117/><D117/><U15/><E15/><V26/><F14/><W114/><G114/><T127/><D24/><U120/><AGARI ba="0,2" hai="16,21,27,48,51,75,78,82,120,121,122" m="13312" machi="120" ten="50,8000,1" yaku="1,1,0,1,54,2,53,0" doraHai="0,64" doraHaiUra="125,9" who="1" fromWho="1" sc="250,-40,240,100,250,-20,240,-20" />
</Scene>
<Scene>
<INIT seed="1,0,0,0,0,70" ten="210,340,230,220" oya="1" hai0="43,103,10,50,37,111,47,40,134,14,119,81,35" hai1="57,122,114,129,124,49,73,101,7,99,19,48,86" hai2="79,61,63,107,94,16,77,110,34,75,6,21,25" hai3="26,88,104,127,4,95,60,8,62,98,113,131,17"/><U125/><E73/><V84/><F107/><W56/><G113/><T72/><D119/><U118/><E114/><V30/><F110/><W52/><G131/><T0/><D35/><U29/><E118/><V128/><F128/><W41/><G127/><T15/><D111/><U109/><E109/><V92/><F75/><W44/><G104/><T5/><D134/><U33/><E7/><V121/><F121/><W91/><G60/><N who="2" m="23113" /><F34/><W46/><G91/><T12/><D103/><U54/><E86/><V90/><F6/><W18/><G26/><T123/><D123/><U13/><E122/><V55/><F30/><W66/><G66/><T1/><D1/><U53/><E29/><V38/><F38/><W97/><G97/><T3/><D3/><U133/><E33/><V51/><F92/><W85/><G85/><T23/><D43/><U93/><E129/><V39/><F39/><W80/><G80/><T31/><D50/><U36/><E36/><V82/><F82/><W117/><G117/><T74/><REACH who="0" step="1"/><D81/><REACH who="0" ten="200,340,230,220" step="2"/><U28/><E133/><V2/><F2/><W24/><G41/><T120/><D120/><U126/><E49/><V132/><F132/><W112/><G112/><T78/><D78/><U20/><E48/><V106/><F106/><W27/><G62/><T116/><D116/><U45/><E125/><V102/><F102/><W71/><G71/><T135/><D135/><U58/><E124/><V115/><F115/><W96/><G88/><T64/><D64/><U9/><E126/><V22/><F22/><W83/><G83/><T108/><D108/><U32/><E20/><RYUUKYOKU ba="0,1" sc="200,15,340,-15,230,15,220,-15" hai0="0,5,10,12,14,15,23,31,37,40,47,72,74" hai2="16,21,25,51,55,77,79,84,90,94" />
</Scene>
<Scene>
<INIT seed="2,1,1,3,5,80" ten="215,325,245,205" oya="2" hai0="48,128,57,92,0,81,93,87,26,129,13,7,106" hai1="119,122,79,41,25,94,91,55,121,59,89,77,123" hai2="39,110,126,17,88,19,90,117,45,34,97,16,20" hai3="47,72,131,56,65,113,78,43,120,3,50,125,27"/><V62/><F34/><W102/><G3/><T30/><D106/><U1/><E119/><V133/><F117/><W66/><G120/><T9/><D0/><U116/><E116/><V98/><F110/><W60/><G102/><T12/><D12/><U53/><E1/><V23/><F126/><W61/><G72/><T95/><D57/><U68/><E41/><V130/><F130/><N who="0" m="50282" /><D48/><U74/><E68/><V83/><F133/><W70/><G131/><T105/><D105/><U8/><E74/><V100/><F62/><W35/><G78/><N who="0" m="46519" /><D95/><U111/><E111/><V107/><F39/><W118/><G118/><T37/><D37/><U82/><E121/><V52/><F107/><W108/><G108/><T103/><D103/><U42/><E123/><V51/><F100/><W24/><G125/><T112/><D112/><U31/><E8/><V84/><F98/><W11/><G113/><T2/><D2/><U135/><E135/><V134/><F134/><W124/><G124/><T15/><D13/><U85/><E42/><V114/><F114/><W28/><G11/><T6/><D6/><U58/><E122/><V18/><N who="2" m="4096" /><DORA hai="132" /><V38/><F38/><W63/><G63/><T22/><AGARI ba="1,1" hai="7,9,15,22,26,30,92,93" m="46519,50282" machi="22" ten="30,2000,0" yaku="19,1,52,1" doraHai="80,132" who="0" fromWho="0" sc="215,33,325,-6,245,-11,205,-6" />
</Scene>
<Scene>
<INIT seed="3,0,0,4,3,86" ten="248,319,234,199" oya="3" hai0="41,27,109,89,31,38,36,132,43,79,63,100,66" hai1="21,131,99,94,84,42,69,134,115,33,105,112,2" hai2="53,76,9,88,122,110,44,51,95,108,32,130,104" hai3="28,22,20,24,127,54,129,82,128,48,34,25,35"/><W0/><G82/><T116/><D79/><U102/><E33/><N who="3" m="12298" /><G48/><T64/><D100/><U97/><E69/><V50/><F104/><W6/><G54/><T114/><D63/><U19/><E2/><V46/><F32/><N who="3" m="20487" /><G127/><T90/><D27/><U17/><E112/><V56/><F122/><W23/><G25/><T77/><D77/><U40/><E115/><V18/><F76/><W126/><G126/><T91/><D114/><U10/><E105/><V8/><F130/><N who="3" m="50283" /><G6/><T133/><D116/><U59/><E131/><V92/><F92/><W1/><AGARI ba="0,0" hai="0,1,20,22,23" m="50283,20487,12298" machi="1" ten="40,7800,0" yaku="19,1,34,2" doraHai="86" who="3" fromWho="3" sc="248,-26,319,-26,234,-26,199,78" />
</Scene>
<Scene>
<INIT seed="3,1,0,5,2,45" ten="222,293,208,277" oya="3" hai0="84,60,71,39,120,132,28,105,90,14,0,16,38" hai1="106,109,89,12,87,81,94,44,13,122,68,104,135" hai2="25,23,69,58,50,11,32,80,115,93,114,30,24" hai3="22,119,101,4,73,5,98,48,66,10,102,61,27"/><W46/><G73/><T100/><D120/><U78/><E122/><V40/><F69/><W35/><G35/><T67/><D0/><U95/><E68/><V37/><F37/><W116/><G116/><T49/><D132/><U111/><E135/><V19/><F80/><W43/><G119/><T20/><D28/><U47/><E12/><V97/><F11/><W82/><G82/><T127/><D127/><U62/><E13/><V59/><F59/><N who="3" m="37183" /><G10/><T103/><D49/><U79/><E62/><V63/><F40/><W77/><G77/><N who="1" m="29194" /><E47/><V125/><F125/><W96/><G96/><T55/><D55/><U99/><E44/><V64/><REACH who="2" step="1"/><F50/><REACH who="2" ten="222,293,198,277" step="2"/><W65/><G65/><T70/><D71/><U91/><E81/><V126/><F126/><W9/><G9/><T107/><D39/><U42/><E42/><V53/><F53/><W57/><G57/><T129/><D38/><U7/><E7/><V130/><F130/><W8/><G8/><T26/><D129/><U74/><E74/><V83/><F83/><W3/><G3/><T54/><D54/><U18/><E18/><V117/><F117/><W6/><G6/><T110/><D70/><U118/><E118/><V128/><F128/><W56/><G56/><T21/><D16/><U121/><E121/><V131/><F131/><W52/><G43/><T29/><D67/><U72/><E72/><V76/><F76/><W36/><G36/><T92/><D60/><U15/><E111/><V124/><F124/><W34/><G4/><T86/><D110/><U134/><E109/><V1/><F1/><W112/><G5/><RYUUKYOKU ba="1,1" sc="222,-10,293,-10,198,30,277,-10" hai2="19,23,24,25,30,32,58,63,64,93,97,114,115" />
</Scene>
<Scene>
<INIT seed="4,2,1,1,4,73" ten="212,283,228,267" oya="0" hai0="110,1,20,54,88,120,71,57,45,104,100,40,9" hai1="62,114,132,128,92,6,14,109,47,115,127,39,119" hai2="30,19,113,26,68,53,64,126,112,12,74,28,16" hai3="60,123,59,105,43,111,44,75,102,41,37,38,17"/><T99/><D120/><U65/><E109/><V22/><F74/><W103/><G111/><T91/><D110/><U125/><E128/><V76/><F76/><W86/><G75/><T23/><D71/><N who="1" m="42423" /><E132/><V97/><F126/><N who="1" m="48137" /><E119/><V48/><F97/><W32/><G32/><T118/><D118/><U61/><E61/><V85/><F85/><W49/><G123/><T93/><D1/><U96/><E14/><V122/><F64/><W80/><G17/><T29/><D9/><U46/><E6/><V116/><F68/><W87/><G87/><T10/><D10/><U81/><E81/><V58/><F116/><W82/><G82/><T42/><D104/><U78/><E78/><V25/><F122/><W98/><G103/><T8/><D8/><U36/><E47/><V55/><F12/><W7/><G7/><T134/><D134/><U3/><E3/><V0/><F0/><W117/><G117/><T66/><D66/><U79/><E79/><V4/><F4/><W77/><G41/><N who="0" m="15979" /><D45/><U124/><E46/><V27/><F55/><AGARI ba="2,1" hai="37,38,43,44,49,55,59,60,77,80,86,98,102,105" machi="55" ten="30,2000,0" yaku="7,1,52,1" doraHai="73" who="3" fromWho="2" sc="212,0,283,0,228,-26,267,36" owari="212,-19.0,283,8.0,202,-30.0,303,41.0" />
</Scene>
</mjloggm>