<mjloggm ver="2.3"><GO type="169" lobby="0"/><UN n0="%E5%A4%AA%E3%81%8F%E3%81%AA%E3%81%84%E3%81%8A" n1="%E7%8B%AC%E6%AD%A9" n2="%E3%83%AC%E3%83%87%E3%82%B9%E3%83%9E" n3="%E3%80%93%E6%9D%BE%E4%BA%95%EF%BC%A3%EF%BC%B3%E3%80%93" dan="18,18,16,18" rate="2175.08,2203.15,2025.74,2214.23" sx="F,M,M,M"/><TAIKYOKU oya="0"/>

<Scene>
<INIT seed="0,0,0,5,1,113" ten="250,250,250,250" oya="0" hai0="11,124,23,85,32,17,73,109,78,45,87,2,47" hai1="52,134,61,133,7,84,127,49,8,100,117,111,38" hai2="119,82,128,27,40,79,15,34,20,91,26,99,92" hai3="16,69,112,130,102,81,104,123,43,116,9,14,39"/><T4/><D32/><U60/><E38/><V5/><F128/><W118/><G112/><T36/><D124/><U132/><E127/><V18/><F34/><W67/><G130/><T65/><D65/><U110/><E100/><V89/><F40/><W24/><G123/><T66/><D66/><U105/><E105/><V70/><F70/><W44/><G81/><N who="0" m="45263" /><D47/><N who="1" m="27711" /><E84/><V68/><F68/><W59/><G69/><T90/><D90/><U10/><E117/><V103/><F119/><W57/><G57/><T114/><D114/><U98/><E98/><V56/><F56/><W125/><G125/><T22/><D109/><N who="1" m="41483" /><E10/><V106/><F91/><W42/><G42/><N who="0" m="22727" /><D23/><U76/><E76/><V63/><F63/><W121/><G121/><T30/><D30/><U58/><E58/><V75/><REACH who="2" step="1"/><F5/><REACH who="2" ten="250,250,240,250" step="2"/><W3/><G59/><T62/><D62/><U53/><E53/><V13/><F13/><AGARI ba="0,1" hai="2,4,11,13,17,22,85,87" m="22727,45263" machi="13" ten="30,1500,0" yaku="25,1" doraHai="113" who="0" fromWho="2" sc="250,25,250,0,240,-15,250,0" /><AGARI ba="0,0" hai="7,8,13,60,61,132,133,134" m="41483,27711" machi="13" ten="40,5200,0" yaku="20,1,14,1,54,1" doraHai="113" who="1" fromWho="2" sc="275,0,250,52,225,-52,250,0" />
</Scene>
<Scene>
<INIT seed="0,1,0,5,2,50" ten="275,302,173,250" oya="0" hai0="111,123,22,46,14,95,15,66,6,129,51,31,135" hai1="130,9,28,90,62,17,109,74,118,52,112,96,47" hai2="82,93,94,21,10,33,58,131,104,7,73,38,106" hai3="107,88,68,60,39,98,87,89,126,11,99,36,69"/><T110/><D123/><U27/><E118/><V8/><F33/><W59/><G126/><T43/><D129/><U34/><E74/><V117/><F131/><W37/><G11/><T13/><D135/><U91/><E130/><V55/><F38/><W102/><G98/><T53/><D66/><U108/><E112/><V119/><F21/><W12/><G12/><T78/><D78/><U19/><E9/><V44/><F44/><W72/><G72/><T121/><D121/><U63/><E63/><V45/><F45/><W80/><REACH who="3" step="1"/><G89/><REACH who="3" ten="275,302,173,240" step="2"/><T56/><D6/><U65/><E91/><V54/><F73/><W71/><G71/><T49/><REACH who="0" step="1"/><D95/><REACH who="0" ten="265,302,173,240" step="2"/><U113/><E113/><V134/><F7/><W23/><G23/><T61/><D61/><U5/><E5/><V32/><F32/><W48/><G48/><T79/><D79/><U35/><E35/><V42/><F117/><W3/><G3/><T122/><D122/><U84/><E34/><V101/><F94/><W86/><G86/><T128/><D128/><U67/><E84/><V18/><F93/><W133/><G133/><T116/><D116/><U100/><E62/><V25/><F119/><W120/><G120/><T1/><D1/><U29/><E96/><V0/><F134/><W57/><G57/><T124/><D124/><U77/><E77/><V2/><F0/><W83/><G83/><T81/><D81/><U16/><E67/><AGARI ba="1,2" hai="36,37,39,59,60,67,68,69,80,87,88,99,102,107" machi="67" ten="40,2600,0" yaku="1,1,54,1,53,0" doraHai="50" doraHaiUra="20" who="3" fromWho="1" sc="265,0,302,-29,173,0,240,49" />
</Scene>
<Scene>
<INIT seed="1,0,0,2,5,58" ten="265,273,173,289" oya="1" hai0="80,65,8,98,45,75,130,35,14,61,43,122,121" hai1="88,51,109,84,4,129,37,100,63,112,15,133,72" hai2="120,60,106,67,73,113,82,117,33,64,126,30,29" hai3="6,83,79,22,11,7,62,66,86,19,104,91,135"/><U94/><E112/><V127/><F113/><W95/><G135/><T0/><D35/><U71/><E133/><V116/><F120/><N who="0" m="46186" /><D130/><U77/><E37/><V41/><F106/><W81/><G104/><T70/><D0/><U5/><E100/><V38/><F41/><W119/><G119/><T102/><D80/><U59/><E129/><V101/><F101/><W20/><G20/><T17/><D75/><U53/><E109/><V26/><F30/><W93/><G93/><N who="0" m="58703" /><D43/><U89/><E15/><V115/><F38/><W118/><G83/><T40/><D40/><U54/><E77/><N who="2" m="44335" /><F115/><W42/><G42/><T111/><D45/><N who="1" m="27887" /><E71/><N who="2" m="42375" /><F67/><W74/><G11/><T56/><D111/><U50/><E72/><V103/><F103/><W49/><G49/><T9/><D9/><U134/><E134/><V99/><F99/><W10/><G10/><T85/><D85/><N who="1" m="52495" /><E50/><V110/><F110/><W69/><REACH who="3" step="1"/><G118/><AGARI ba="0,0" hai="26,29,33,116,117,118,126,127" m="42375,44335" machi="118" ten="30,2000,0" yaku="23,1,52,1" doraHai="58" who="2" fromWho="3" sc="265,0,273,0,173,20,289,-20" />
</Scene>
<Scene>
<INIT seed="2,0,0,5,5,95" ten="265,273,193,269" oya="2" hai0="50,127,118,49,128,82,125,52,106,60,45,56,89" hai1="54,18,28,1,115,121,30,67,20,26,23,0,21" hai2="108,135,27,58,42,8,29,110,104,133,78,34,15" hai3="43,51,73,3,98,103,126,66,70,68,76,123,37"/><V55/><F104/><W90/><G126/><N who="0" m="48139" /><D106/><U69/><E54/><V38/><F78/><W12/><G3/><N who="1" m="1098" /><E67/><V72/><F72/><W19/><G123/><T79/><D128/><U96/><E96/><V120/><F42/><W48/><G90/><T80/><D118/><U99/><E99/><V17/><F38/><W122/><G122/><T74/><D45/><U44/><E44/><V47/><F47/><W93/><G37/><T85/><AGARI ba="0,0" hai="49,50,52,56,60,74,79,80,82,85,89" m="48139" machi="85" ten="30,2000,0" yaku="18,1,54,1" doraHai="95" who="0" fromWho="0" sc="265,20,273,-5,193,-10,269,-5" />
</Scene>
<Scene>
<INIT seed="3,0,0,4,0,59" ten="285,268,183,264" oya="3" hai0="24,91,76,69,48,126,34,123,64,122,39,119,45" hai1="127,112,63,66,120,41,116,22,52,58,51,101,1" hai2="88,80,4,43,27,93,81,79,6,50,13,85,0" hai3="124,31,130,132,73,54,18,26,117,82,95,118,96"/><W53/><G132/><T8/><D119/><U78/><E120/><V89/><F0/><W131/><G124/><T44/><D76/><U83/><E112/><V77/><F27/><W61/><G18/><T86/><D39/><U68/><E1/><V12/><F43/><W42/><G42/><T67/><D8/><U14/><E127/><V84/><F50/><W57/><G82/><T36/><D36/><U90/><E101/><V134/><REACH who="2" step="1"/><F93/><REACH who="2" ten="285,268,173,264" step="2"/><W19/><G118/><T105/><D48/><U107/><E116/><V38/><F38/><W49/><G117/><T113/><D24/><U29/><E41/><V102/><F102/><W70/><G131/><T25/><D25/><U129/><E129/><V128/><F128/><W56/><G130/><T115/><D126/><U87/><E107/><V65/><F65/><W71/><G73/><T75/><D75/><U46/><E29/><V62/><F62/><W125/><G125/><T9/><D105/><U55/><E22/><V111/><F111/><W23/><G31/><T104/><D104/><U7/><E14/><V114/><F114/><W110/><REACH who="3" step="1"/><G110/><REACH who="3" ten="285,268,173,254" step="2"/><T11/><D113/><U99/><E7/><V2/><F2/><W10/><G10/><T98/><D11/><U21/><E21/><V60/><F60/><W74/><G74/><T40/><D115/><U47/><E55/><V133/><AGARI ba="0,2" hai="4,6,12,13,77,79,80,81,84,85,88,89,133,134" machi="133" ten="25,12000,2" yaku="1,1,0,1,22,2,54,1,53,2" doraHai="59" doraHaiUra="3" who="2" fromWho="2" sc="285,-30,268,-30,173,140,254,-60" />
</Scene>
<Scene>
<INIT seed="4,0,0,0,1,118" ten="255,238,313,194" oya="0" hai0="135,3,49,66,53,1,114,48,26,54,46,123,51" hai1="39,111,128,63,44,41,70,18,88,13,84,96,131" hai2="52,19,6,47,122,72,10,119,99,90,124,82,77" hai3="25,103,55,62,129,0,64,7,71,57,11,85,80"/><T43/><D114/><U106/><E111/><V100/><F119/><W113/><G129/><T35/><D135/><U9/><E106/><V50/><F124/><W31/><G113/><T20/><D35/><U127/><E96/><V105/><F19/><W68/><G103/><T86/><D66/><U125/><E63/><V8/><F122/><W74/><G55/><N who="0" m="21003" /><D123/><U42/><E42/><V73/><F73/><W69/><G57/><T23/><D1/><U110/><E110/><V134/><F134/><W40/><G40/><T115/><D3/><U12/><E12/><V59/><F6/><W94/><G94/><T78/><D115/><U116/><E70/><V28/><F28/><W83/><G83/><N who="0" m="47479" /><D23/><U121/><E121/><V38/><F38/><W120/><G120/><T45/><D43/><U67/><E67/><V132/><F132/><W92/><G92/><T58/><D58/><U109/><E109/><V79/><F79/><W95/><G95/><T29/><AGARI ba="0,0" hai="20,26,29,45,46,48,49,51" m="47479,21003" machi="29" ten="30,1500,0" yaku="8,1" doraHai="118" who="0" fromWho="0" sc="255,15,238,-5,313,-5,194,-5" />
</Scene>
<Scene>
<INIT seed="4,1,0,0,3,50" ten="270,233,308,189" oya="0" hai0="107,89,69,44,30,65,124,112,22,41,4,76,14" hai1="6,13,11,129,135,27,114,92,52,121,35,31,87" hai2="72,15,54,108,99,3,20,17,133,45,128,86,36" hai3="42,16,116,93,53,26,33,7,119,8,106,100,90"/><T0/><D107/><U48/><E121/><V51/><F108/><W10/><G42/><T77/><D0/><U61/><E129/><V80/><F72/><W64/><G64/><T101/><D101/><U66/><E135/><V38/><F3/><W57/><G106/><T117/><D117/><U55/><E114/><V97/><F128/><W40/><G40/><T2/><D2/><U46/><E92/><V84/><F133/><W127/><G100/><T47/><D112/><U131/><E87/><V126/><F86/><W134/><G134/><T98/><D69/><U73/><E73/><V103/><F126/><W96/><G127/><T67/><D124/><U28/><E28/><V25/><F25/><W58/><G58/><T111/><D111/><U79/><E79/><V63/><F63/><N who="3" m="36271" /><G33/><T21/><D41/><U82/><E82/><V5/><F5/><W95/><G95/><T123/><D65/><U9/><E9/><N who="3" m="3690" /><G7/><T113/><D67/><U32/><E131/><V130/><F130/><W110/><G110/><T59/><D4/><U88/><E35/><V24/><F38/><W78/><G78/><T29/><D77/><U19/><E6/><V91/><F36/><W83/><G83/><T81/><D81/><U39/><E39/><V62/><F103/><W132/><G132/><T74/><D76/><U43/><E88/><V68/><F68/><AGARI ba="1,0" hai="11,13,19,27,31,32,43,46,48,52,55,61,66,68" machi="68" ten="30,7700,0" yaku="7,1,52,2,54,1" doraHai="50" who="1" fromWho="2" sc="270,0,233,80,308,-80,189,0" />
</Scene>
<Scene>
<INIT seed="5,0,0,0,0,65" ten="270,313,228,189" oya="1" hai0="96,86,33,21,98,117,122,78,55,125,8,104,15" hai1="85,41,22,68,134,106,74,39,75,60,124,63,43" hai2="48,28,131,7,82,80,128,110,29,4,130,44,0" hai3="52,26,32,109,121,5,34,135,6,37,70,118,97"/><U35/><E35/><V19/><F110/><W2/><G37/><T45/><D33/><U77/><E106/><V90/><F19/><W47/><G121/><T57/><D117/><U84/><E22/><V23/><F23/><W25/><G109/><T49/><D122/><U51/><E51/><V116/><F116/><W113/><G118/><T10/><D125/><U16/><E77/><V101/><F101/><W119/><G119/><T107/><D107/><U3/><E3/><V100/><F100/><W94/><G113/><T132/><D132/><U127/><E39/><V53/><F0/><W115/><G115/><T95/><D104/><U50/><E50/><V81/><REACH who="2" step="1"/><F90/><REACH who="2" ten="270,313,218,189" step="2"/><W40/><G2/><T38/><D21/><U42/><E16/><V20/><F20/><W62/><G34/><T120/><D120/><U87/><E134/><V18/><F18/><W46/><G135/><T126/><D10/><U93/><E93/><V73/><F73/><N who="1" m="27657" /><E68/><V24/><F24/><W64/><G26/><T123/><D123/><U67/><E67/><V17/><F17/><W105/><G105/><T58/><D8/><U30/><E30/><AGARI ba="0,1" hai="4,7,28,29,30,44,48,53,80,81,82,128,130,131" machi="30" ten="50,8000,1" yaku="1,1,19,1,53,2" doraHai="65" doraHaiUra="1" who="2" fromWho="1" sc="270,0,313,-80,218,90,189,0" />
</Scene>
<Scene>
<INIT seed="6,0,0,1,3,9" ten="270,233,308,189" oya="2" hai0="91,129,39,36,107,115,43,52,113,37,74,54,2" hai1="50,71,96,106,40,16,132,98,130,86,66,30,100" hai2="10,69,18,73,124,72,88,24,7,62,15,51,95" hai3="78,32,119,81,122,97,5,29,56,20,108,45,11"/><V53/><F124/><W8/><G119/><T103/><D2/><U33/><E130/><V44/><F69/><W67/><G32/><T38/><D74/><U17/><E132/><V112/><F112/><N who="0" m="43082" /><D129/><U123/><E123/><V27/><F62/><W57/><G108/><T25/><D91/><U134/><E134/><V126/><F126/><W76/><G122/><T64/><D25/><N who="1" m="18639" /><E96/><V61/><F61/><W110/><G110/><T59/><D103/><U109/><E86/><V34/><F27/><W128/><G128/><T77/><D77/><U120/><E120/><V90/><F90/><W79/><G81/><T89/><D107/><U23/><E23/><V111/><F111/><W133/><G133/><T121/><D89/><U84/><E84/><V93/><F93/><W55/><G97/><T85/><D85/><U0/><E0/><V87/><REACH who="2" step="1"/><F7/><REACH who="2" ten="270,233,298,189" step="2"/><W114/><G114/><T99/><D121/><U21/><E109/><V118/><F118/><W31/><G5/><T117/><D117/><U125/><E125/><V14/><F14/><W13/><G31/><AGARI ba="0,1" hai="10,15,18,24,31,34,44,51,53,72,73,87,88,95" machi="31" ten="40,7700,0" yaku="1,1,52,1,54,1,53,0" doraHai="9" doraHaiUra="65" who="2" fromWho="3" sc="270,0,233,0,298,87,189,-77" />
</Scene>
<Scene>
<INIT seed="6,1,0,3,1,89" ten="270,233,385,112" oya="2" hai0="5,67,50,70,37,69,100,49,75,114,83,97,52" hai1="72,42,82,46,38,84,14,4,110,107,121,125,98" hai2="117,85,7,111,103,9,33,95,124,115,65,18,55" hai3="102,119,87,78,77,116,90,104,44,56,57,96,120"/><V47/><F117/><W122/><G44/><T58/><D37/><U61/><E110/><V22/><F33/><W17/><G17/><T48/><D114/><U73/><E121/><V127/><F111/><W30/><G30/><T118/><D118/><U62/><E125/><V66/><F115/><W45/><G45/><T76/><D5/><U105/><E73/><V108/><F108/><W99/><G56/><T63/><REACH who="0" step="1"/><D70/><REACH who="0" ten="260,233,385,112" step="2"/><U23/><E4/><V79/><F7/><W123/><G57/><T12/><D12/><U109/><E14/><V28/><F127/><W3/><G3/><T36/><D36/><U25/><E109/><V41/><F124/><W59/><G59/><T24/><D24/><U53/><E25/><V10/><F47/><W126/><G126/><T91/><D91/><U29/><E46/><V40/><F40/><W54/><G54/><T113/><D113/><U27/><E53/><V34/><F41/><W8/><G8/><T129/><D129/><U94/><E42/><V6/><F55/><W130/><G130/><T20/><D20/><U11/><E11/><V35/><F10/><W0/><G0/><T81/><D81/><U93/><E38/><V134/><F9/><W39/><G39/><T131/><D131/><U26/><E26/><V128/><F22/><W32/><G32/><T68/><D68/><U13/><E13/><V64/><F35/><W21/><G21/><T88/><D88/><U112/><E27/><V101/><F34/><W51/><G119/><T86/><D86/><U106/><E23/><V92/><F128/><W74/><G116/><RYUUKYOKU ba="1,1" sc="260,30,233,-10,385,-10,112,-10" hai0="48,49,50,52,58,63,67,69,75,76,83,97,100" />
</Scene>
<Scene>
<INIT seed="7,2,1,2,0,2" ten="290,223,375,102" oya="3" hai0="121,71,97,109,5,48,79,69,119,84,80,32,37" hai1="78,19,56,77,89,102,1,23,63,123,17,68,38" hai2="44,6,96,103,108,12,133,75,64,112,28,47,53" hai3="52,127,73,130,40,25,51,129,111,43,10,26,27"/><W42/><G73/><T3/><D109/><U61/><E38/><V9/><F108/><W11/><G111/><T85/><D119/><U49/><E1/><V18/><F75/><W8/><G127/><T66/><D121/><U125/><E125/><V35/><F64/><W31/><G31/><T65/><D32/><U107/><E102/><V54/><F28/><W94/><G94/><T131/><D37/><U81/><E107/><V132/><F35/><W46/><AGARI ba="2,1" hai="8,10,11,25,26,27,40,42,43,46,51,52,129,130" machi="46" ten="40,12000,1" yaku="0,1,29,2,54,1" doraHai="2" who="3" fromWho="3" sc="290,-42,223,-42,375,-42,102,136" />
</Scene>
<Scene>
<INIT seed="7,3,0,2,0,20" ten="248,181,333,238" oya="3" hai0="73,89,71,88,10,30,110,62,97,40,59,128,6" hai1="34,134,18,26,70,94,112,108,92,41,83,102,56" hai2="1,133,58,67,49,87,125,122,82,93,81,11,44" hai3="126,75,91,23,45,3,103,19,63,132,135,14,60"/><W29/><G3/><T129/><D110/><U66/><E108/><V84/><F122/><W27/><G75/><T16/><D73/><U100/><E70/><V38/><F38/><W98/><G91/><T104/><D71/><U101/><E134/><N who="3" m="51242" /><G45/><T48/><D30/><U105/><E105/><V131/><F131/><N who="0" m="50250" /><D16/><U74/><E112/><V119/><F119/><W24/><G126/><T85/><D48/><U13/><E41/><V12/><F1/><W35/><G14/><N who="0" m="5463" /><D40/><U5/><E5/><V42/><F49/><W33/><G33/><T114/><D114/><U123/><E123/><V43/><F42/><W65/><G65/><N who="0" m="39135" /><D85/><U130/><E130/><V37/><F84/><W25/><G27/><T28/><D28/><U0/><E0/><V99/><F12/><W4/><G4/><T61/><D61/><U76/><E66/><V96/><F67/><W8/><G8/><T9/><D9/><U64/><E64/><V72/><F11/><W109/><G109/><T113/><D113/><U55/><E13/><V106/><F133/><W22/><G35/><T118/><D118/><U50/><REACH who="1" step="1"/><E34/><REACH who="1" ten="248,171,333,238" step="2"/><V124/><F43/><W80/><G80/><N who="2" m="30825" /><F106/><AGARI ba="3,1" hai="19,22,23,24,25,29,60,63,98,103,106" m="51242" machi="106" ten="30,5800,0" yaku="20,1,52,2" doraHai="20" who="3" fromWho="2" sc="248,0,171,0,333,-67,238,77" owari="248,-15.0,171,-33.0,266,7.0,315,41.0" />
</Scene>
</mjloggm>