<mjloggm ver="2.3"><GO type="169"/><UN n0="%E5%A4%AA%E3%81%8F%E3%81%AA%E3%81%84%E3%81%8A" n1="%E3%81%B2%E3%81%BD%E3%81%8D%E3%82%88%E3%81%97" n2="%E8%99%8E%E5%85%90%E6%9C%97" n3="%E3%81%8F%E3%82%89%E3%81%8F%E3%82%89" dan="17,18,16,16" rate="2192,2156,2041,2068" sx="M,M,M,M"/><TAIKYOKU oya="0"/>

<Scene>
<INIT seed="0,0,0,3,4,35" ten="250,250,250,250" oya="0" hai0="127,27,116,34,54,53,121,11,68,6,80,69,37" hai1="106,18,0,94,95,79,88,24,26,61,86,132,65" hai2="90,75,56,77,91,49,51,41,112,100,122,33,99" hai3="50,46,44,120,20,113,15,57,43,135,81,60,36"/><T72/><D121/><U101/><E132/><V55/><F122/><W32/><G113/><T40/><D116/><U82/><E106/><V64/><F112/><W110/><G32/><T118/><D118/><U130/><E130/><V70/><F33/><W129/><G129/><T115/><D115/><U4/><E101/><V13/><F75/><W73/><G135/><T128/><D128/><U126/><E126/><V117/><F77/><W96/><G96/><T108/><D127/><U31/><E18/><V74/><F74/><W83/><G73/><T16/><D108/><U14/><E95/><V105/><F117/><W28/><G120/><T2/><D54/><U125/><E14/><V114/><F114/><W38/><G110/><T98/><D53/><U102/><E102/><V62/><REACH who="2" step="1"/><F13/><REACH who="2" ten="250,250,240,250" step="2"/><W76/><G76/><N who="0" m="44039" /><D98/><U85/><E125/><V67/><F67/><W107/><G15/><T10/><D10/><U8/><REACH who="1" step="1"/><E31/><REACH who="1" ten="250,240,240,250" step="2"/><V17/><F17/><W63/><G28/><N who="0" m="19743" /><D16/><U66/><E66/><V119/><F119/><W92/><G43/><T104/><D104/><U19/><E19/><V93/><F93/><W39/><G92/><T123/><D123/><U3/><E3/><V71/><F71/><AGARI ba="0,2" hai="0,4,8,24,26,61,65,71,79,82,85,86,88,94" machi="71" ten="30,7700,0" yaku="1,1,7,1,52,1,54,1,53,0" doraHai="35" doraHaiUra="12" who="1" fromWho="2" sc="250,0,240,97,240,-77,250,0" />
</Scene>
<Scene>
<INIT seed="1,0,0,2,1,44" ten="250,337,163,250" oya="1" hai0="121,100,43,51,133,97,67,73,125,0,22,53,6" hai1="23,41,56,63,107,96,54,25,92,8,32,33,31" hai2="58,98,131,47,113,61,20,120,38,76,65,86,123" hai3="2,34,21,70,13,28,106,115,62,50,122,134,19"/><U87/><E107/><V118/><F118/><W60/><G122/><T111/><D73/><U79/><E41/><V124/><F131/><W77/><G106/><T75/><D75/><U35/><E8/><V10/><F124/><W11/><G77/><T116/><D116/><U119/><E119/><V18/><F113/><W129/><G115/><T112/><D112/><U24/><E87/><V48/><F38/><W78/><G78/><T1/><D67/><U74/><E74/><V114/><F114/><W130/><G134/><T127/><D43/><U36/><E79/><V88/><F10/><W17/><G70/><T99/><D133/><U49/><E36/><V89/><F98/><W94/><G94/><T66/><D66/><U12/><E12/><V132/><F132/><W71/><G71/><T68/><D68/><U108/><E108/><V84/><F76/><W103/><G103/><T30/><D6/><U101/><REACH who="1" step="1"/><E63/><REACH who="1" ten="250,327,163,250" step="2"/><V9/><F9/><W110/><G110/><T83/><D111/><U72/><E72/><V37/><F37/><W26/><G62/><T117/><D117/><U15/><E15/><N who="2" m="9311" /><F123/><W42/><G60/><T4/><D121/><U59/><E59/><V128/><F120/><W3/><G42/><T85/><D85/><N who="2" m="32874" /><F128/><W93/><G130/><T80/><D125/><U102/><E102/><V27/><F27/><AGARI ba="0,1" hai="23,24,25,27,31,32,33,35,49,54,56,92,96,101" machi="27" ten="40,3900,0" yaku="1,1,52,1,53,0" doraHai="44" doraHaiUra="135" who="1" fromWho="2" sc="250,0,327,49,163,-39,250,0" />
</Scene>
<Scene>
<INIT seed="1,1,0,5,3,27" ten="250,376,124,250" oya="1" hai0="107,10,5,80,116,52,58,6,129,105,24,37,90" hai1="118,125,94,14,55,7,131,130,17,88,96,121,0" hai2="4,135,73,33,100,34,53,70,119,69,13,128,22" hai3="101,68,93,59,40,28,85,110,95,86,133,77,42"/><U44/><E118/><V99/><F119/><W97/><G68/><T35/><D116/><U20/><E121/><V92/><F73/><W81/><G133/><T50/><D37/><U87/><E125/><V74/><F74/><W98/><G110/><T41/><D129/><U72/><E72/><V38/><F38/><W30/><G59/><T1/><D41/><N who="3" m="15977" /><G86/><T2/><D80/><U132/><E132/><V62/><F135/><W111/><G111/><T3/><D90/><AGARI ba="1,0" hai="28,30,77,81,85,90,93,95,97,98,101" m="15977" machi="90" ten="30,3900,0" yaku="8,1,52,2" doraHai="27" who="3" fromWho="0" sc="250,-42,376,0,124,0,250,42" />
</Scene>
<Scene>
<INIT seed="2,0,0,1,0,61" ten="208,376,124,292" oya="2" hai0="27,99,43,59,66,44,70,89,115,18,4,98,16" hai1="84,120,118,25,105,26,112,51,1,94,11,123,48" hai2="9,82,113,34,103,53,28,50,3,108,10,77,96" hai3="37,45,80,125,68,85,35,72,69,55,131,124,57"/><V104/><F113/><W87/><G35/><T109/><D115/><U19/><E105/><V2/><F108/><W135/><G72/><T132/><D109/><U0/><E112/><V134/><F134/><W102/><G102/><T22/><D132/><U111/><E111/><V8/><F28/><W95/><G135/><T76/><D76/><U90/><E118/><V106/><F34/><W71/><G95/><T101/><D4/><U122/><E19/><V42/><F42/><N who="3" m="22735" /><G80/><T32/><D32/><U60/><E60/><V12/><F106/><W116/><G85/><T133/><D70/><U126/><E126/><N who="3" m="48746" /><G87/><T121/><D121/><U14/><E14/><V79/><F12/><W29/><G29/><T114/><D114/><U129/><E129/><V5/><F79/><W64/><G116/><T31/><D89/><U21/><E21/><V30/><F30/><W100/><G100/><T81/><D81/><U83/><E83/><V62/><F62/><N who="3" m="36159" /><G131/><T67/><D98/><U92/><E92/><V36/><F3/><N who="1" m="1097" /><E11/><V107/><F107/><W88/><G88/><T110/><D110/><U97/><E97/><V13/><F2/><W39/><G39/><T41/><D133/><U119/><E119/><V86/><F36/><W33/><G33/><T56/><D99/><U7/><E7/><V75/><REACH who="2" step="1"/><F86/><REACH who="2" ten="208,376,114,292" step="2"/><W6/><G6/><T65/><D31/><U17/><E26/><V49/><F49/><W91/><G91/><T24/><D101/><U23/><AGARI ba="0,1" hai="17,23,25,48,51,84,90,94,120,122,123" m="1097" machi="23" ten="40,1500,0" yaku="13,1" doraHai="61" who="1" fromWho="1" sc="208,-4,376,25,114,-7,292,-4" />
</Scene>
<Scene>
<INIT seed="3,0,0,3,2,7" ten="204,401,107,288" oya="3" hai0="118,35,132,24,107,122,114,110,135,75,6,80,117" hai1="57,61,2,64,41,93,106,51,73,85,23,19,63" hai2="134,49,13,70,79,101,69,105,29,38,34,45,46" hai3="21,104,88,98,42,133,30,58,116,11,59,87,8"/><W123/><G123/><T25/><D107/><U28/><E73/><V120/><F120/><W20/><G116/><N who="0" m="44651" /><D122/><U77/><E2/><V96/><F79/><W72/><G72/><T55/><D55/><U84/><E106/><V37/><F134/><N who="0" m="51242" /><D80/><U108/><E28/><V27/><F13/><W5/><G133/><T4/><D75/><U50/><E63/><V54/><F45/><W112/><G42/><T121/><D121/><U76/><E76/><V115/><F115/><W3/><G112/><T14/><D114/><U119/><E77/><V97/><F97/><W65/><G104/><T62/><D62/><U18/><E85/><V125/><F125/><W36/><G98/><T91/><D91/><U130/><E84/><V92/><F92/><N who="3" m="54303" /><G36/><T47/><D47/><U71/><E41/><V1/><F1/><W86/><G3/><T102/><D102/><U113/><E93/><V111/><F70/><W17/><G5/><N who="0" m="2155" /><D110/><U33/><E108/><V94/><F111/><W39/><G39/><T90/><D90/><U129/><E71/><V48/><F94/><W82/><G65/><T127/><D127/><U95/><E64/><V100/><F100/><W109/><G109/><T15/><D35/><U53/><E33/><V78/><F69/><W81/><G81/><T40/><D40/><U131/><E95/><V52/><F78/><N who="3" m="46423" /><G59/><T126/><D126/><U68/><E57/><N who="2" m="32903" /><F38/><W128/><G58/><T31/><D31/><U56/><E68/><V67/><F37/><W99/><G99/><T9/><D15/><N who="1" m="9695" /><E113/><V26/><F67/><W10/><G128/><N who="1" m="49258" /><E56/><V83/><F83/><RYUUKYOKU ba="0,0" sc="204,15,401,-15,107,15,288,-15" hai0="9,14,24,25" hai2="26,27,29,34,46,49,54,96,101,105" />
</Scene>
<Scene>
<INIT seed="4,1,0,5,5,21" ten="219,386,122,273" oya="0" hai0="72,102,69,29,113,16,122,71,51,76,125,37,100" hai1="79,64,31,45,74,38,123,28,97,53,27,15,118" hai2="119,54,124,89,120,7,25,57,127,6,44,92,117" hai3="107,104,135,56,55,82,50,46,62,106,58,43,95"/><T111/><D37/><U116/><E123/><V63/><F44/><W13/><G135/><T33/><D122/><U32/><E31/><V87/><F120/><W67/><G95/><T70/><D113/><U40/><E53/><V24/><F6/><W48/><G82/><T130/><D72/><U68/><E15/><V61/><F61/><W133/><G133/><T17/><D76/><U19/><E19/><V114/><F7/><W60/><G13/><T129/><D125/><N who="2" m="48202" /><F114/><W96/><REACH who="3" step="1"/><G62/><REACH who="3" ten="219,386,122,263" step="2"/><T88/><D111/><U9/><E116/><AGARI ba="1,1" hai="24,25,54,57,63,87,89,92,116,117,119" m="48202" machi="116" ten="30,7700,0" yaku="12,1,18,1,52,2" doraHai="21" who="2" fromWho="1" sc="219,0,386,-80,122,90,263,0" />
</Scene>
<Scene>
<INIT seed="5,0,0,0,0,75" ten="219,306,212,263" oya="1" hai0="85,121,68,132,34,13,30,110,50,82,52,113,103" hai1="31,12,40,5,115,88,106,133,19,8,96,71,122" hai2="131,69,26,61,81,37,76,18,28,102,38,112,79" hai3="94,7,23,124,135,64,27,116,77,66,63,42,24"/><U70/><E122/><V9/><F102/><W55/><G135/><T56/><D110/><U54/><E133/><V107/><F107/><W48/><G124/><T74/><D132/><U97/><E40/><V51/><F51/><W83/><G7/><T118/><D118/><U98/><E31/><V1/><F131/><W60/><G94/><T36/><D36/><U2/><E115/><V129/><F129/><W41/><G116/><T128/><D128/><U33/><E33/><V72/><F112/><W35/><G35/><T0/><D0/><U92/><E54/><V67/><F79/><W125/><G42/><T47/><D68/><U99/><REACH who="1" step="1"/><E106/><REACH who="1" ten="219,296,212,263" step="2"/><V21/><F28/><W91/><G41/><T45/><D30/><U78/><E78/><V4/><AGARI ba="0,1" hai="1,4,9,18,21,26,37,38,61,67,69,72,76,81" machi="4" ten="30,2000,0" yaku="0,1,52,1" doraHai="75" who="2" fromWho="2" sc="219,-5,296,-10,212,30,263,-5" />
</Scene>
<Scene>
<INIT seed="6,0,0,5,2,79" ten="214,286,242,258" oya="2" hai0="26,6,132,10,17,43,30,75,28,88,135,49,27" hai1="72,97,14,12,113,93,54,125,104,112,3,62,21" hai2="44,46,35,134,90,45,60,116,40,59,133,82,111" hai3="19,36,5,83,76,37,9,47,127,110,99,74,22"/><V73/><F116/><W51/><G110/><T78/><D43/><U7/><E104/><V48/><F35/><W101/><G127/><T34/><D17/><U100/><E125/><V108/><F90/><W103/><G51/><T121/><D121/><U52/><E72/><V38/><F73/><W91/><G91/><T86/><D49/><U128/><E128/><V96/><F96/><W13/><G99/><T130/><D130/><U23/><E3/><V123/><F82/><W11/><G11/><T58/><D58/><N who="1" m="35143" /><E112/><V65/><F123/><W98/><G98/><T124/><D124/><U92/><E92/><V67/><F67/><W122/><G122/><T87/><D75/><U53/><E113/><V61/><F61/><W4/><G4/><T25/><D78/><U115/><E115/><V0/><F0/><W1/><G37/><T2/><D86/><U107/><E107/><V29/><F29/><W106/><G106/><T114/><D114/><U41/><E41/><AGARI ba="0,0" hai="1,5,9,13,19,22,36,41,47,74,76,83,101,103" machi="41" ten="40,5200,0" yaku="25,2,52,1" doraHai="79" who="3" fromWho="1" sc="214,0,286,-52,242,0,258,52" />
</Scene>
<Scene>
<INIT seed="7,0,0,5,0,44" ten="214,234,242,310" oya="3" hai0="71,117,52,59,78,5,8,90,120,89,115,77,47" hai1="17,96,2,93,76,100,20,3,88,11,113,91,56" hai2="61,80,119,135,87,62,35,41,9,128,10,49,118" hai3="37,124,39,131,27,64,133,38,46,130,132,57,21"/><W116/><G116/><T55/><D117/><U26/><E113/><V95/><F35/><W51/><G27/><T13/><D71/><U40/><E76/><N who="0" m="29289" /><D120/><U75/><E75/><V98/><F119/><W108/><G21/><T31/><D115/><U66/><E40/><V101/><F128/><N who="3" m="49195" /><G108/><T129/><D129/><U28/><E2/><V12/><F135/><N who="3" m="51787" /><G64/><T65/><D31/><U85/><E3/><V107/><F107/><W74/><G74/><T16/><D5/><U84/><E84/><V112/><F87/><W134/><G134/><T15/><D15/><N who="1" m="7423" /><E85/><V63/><F12/><W23/><G23/><T104/><D104/><U25/><E25/><V67/><F67/><W34/><G34/><T123/><D123/><U94/><E94/><V86/><F118/><W109/><G109/><T83/><D83/><U70/><E70/><V30/><F30/><W97/><G97/><T36/><D36/><U126/><E126/><V60/><F80/><W53/><G124/><T81/><D81/><U14/><E14/><V7/><F98/><W43/><AGARI ba="0,0" hai="37,38,39,43,46,51,53,57" m="51787,49195" machi="43" ten="40,12000,1" yaku="19,1,20,1,34,2,52,1" doraHai="44" who="3" fromWho="3" sc="214,-40,234,-40,242,-40,310,120" owari="174,-33.0,194,-21.0,202,0.0,430,54.0" />
</Scene>
</mjloggm>