<mjloggm ver="2.3"><GO type="1"/><UN n0="%E5%A4%AA%E3%81%8F%E3%81%AA%E3%81%84%E3%81%8A" n1="%EF%BD%81%EF%BD%82%EF%BD%81%EF%BD%93%EF%BD%88%EF%BD%89%EF%BD%92%EF%BD%89" n2="%E9%BB%92%E8%8A%9D%E3%82%AB%E3%83%8A%E3%82%A8" n3="%E3%83%88%E3%83%AD%E3%83%BC%E3%83%81" dan="1,12,11,10" rate="1531,1759,1556,1500" sx="M,M,M,M"/><TAIKYOKU oya="0"/>

<Scene>
<INIT seed="0,0,0,1,2,60" ten="250,250,250,250" oya="0" hai0="77,2,107,129,20,94,43,65,80,66,34,79,83" hai1="28,117,8,115,51,17,29,64,59,44,56,84,7" hai2="81,101,35,76,45,127,70,133,68,57,90,69,120" hai3="58,33,6,14,110,54,124,126,88,106,87,109,71"/><T15/><D34/><U82/><E117/><V0/><F120/><W23/><G106/><T85/><D107/><U40/><E115/><V18/><F35/><W131/><G71/><T89/><D2/><U119/><E119/><V132/><F0/><W62/><G33/><T48/><D129/><U105/><E17/><V103/><F18/><W21/><G131/><T22/><D15/><U125/><E105/><V135/><F90/><W37/><G37/><T95/><D43/><U123/><E123/><V39/><F127/><N who="3" m="48683" /><G6/><T9/><D9/><U92/><E92/><N who="0" m="35369" /><D48/><U118/><E118/><V63/><F39/><W67/><G54/><T113/><D113/><U19/><E19/><V12/><F12/><W5/><G5/><T49/><D49/><U26/><E125/><V31/><F31/><W91/><G14/><T102/><D102/><U116/><E26/><V73/><REACH who="2" step="1"/><F45/><REACH who="2" ten="250,250,240,250" step="2"/><W47/><G47/><T41/><D89/><N who="3" m="34377" /><G87/><N who="0" m="48527" /><D41/><U32/><E116/><V114/><F114/><W53/><G53/><AGARI ba="0,1" hai="53,57,63,68,69,70,73,76,81,101,103,132,133,135" machi="53" ten="50,3200,0" yaku="1,1,20,1,53,0" doraHai="60" doraHaiUra="112" who="2" fromWho="3" sc="250,0,250,0,240,42,250,-32" />
</Scene>
<Scene>
<INIT seed="1,0,0,4,0,14" ten="250,250,282,218" oya="1" hai0="93,39,70,131,123,104,110,30,89,78,129,71,127" hai1="12,49,19,67,48,125,0,102,46,5,40,32,17" hai2="107,57,95,86,52,82,92,27,15,35,11,51,53" hai3="1,94,83,134,69,124,116,108,113,42,114,112,54"/><U85/><E32/><V118/><F118/><W121/><G1/><T4/><D39/><U18/><E0/><V21/><F107/><W105/><G105/><T91/><D104/><U122/><E122/><V132/><F35/><W31/><G31/><T37/><D37/><U111/><E125/><V25/><F132/><W7/><G7/><T75/><D30/><U23/><E102/><V24/><F21/><W103/><G116/><T74/><D4/><U45/><E67/><V99/><F53/><W119/><G121/><T8/><D8/><N who="1" m="4111" /><E111/><V22/><F22/><W115/><N who="3" m="29184" /><DORA hai="59" /><W29/><G119/><T33/><D33/><U120/><E120/><V133/><F133/><W109/><G29/><T126/><D123/><U64/><E64/><V56/><F99/><N who="3" m="59895" /><G69/><T66/><D110/><N who="3" m="42601" /><G134/><T117/><D117/><U6/><E85/><V10/><F56/><W88/><G42/><T3/><D3/><U135/><E6/><V65/><F65/><W68/><G54/><T34/><D34/><U62/><E135/><V63/><F51/><W47/><G68/><T76/><D66/><U16/><E62/><V43/><F43/><W20/><G47/><N who="1" m="17930" /><E40/><V130/><F130/><W97/><G20/><T72/><D72/><U106/><E106/><V96/><F96/><W28/><G28/><T9/><D9/><N who="2" m="3082" /><F15/><AGARI ba="0,0" hai="15,16,17,18,19,23,48,49" m="17930,4111" machi="15" ten="30,18000,2" yaku="8,1,52,4,54,1" doraHai="14,59" who="1" fromWho="2" sc="250,0,250,180,282,-180,218,0" />
</Scene>
<Scene>
<INIT seed="1,1,0,0,2,70" ten="250,430,102,218" oya="1" hai0="27,50,61,72,107,135,86,39,125,24,79,77,109" hai1="103,114,65,89,13,121,117,36,15,127,38,91,96" hai2="44,115,102,74,1,21,28,12,32,33,119,51,93" hai3="134,45,116,69,0,6,95,10,120,97,84,98,78"/><U49/><E117/><V129/><F119/><W37/><G120/><T7/><D107/><U14/><E121/><V111/><F74/><W66/><G116/><T64/><D72/><U47/><E114/><V46/><F1/><W17/><G134/><T104/><D104/><U40/><E65/><V133/><F133/><W19/><G69/><T122/><D122/><U41/><E127/><V11/><F115/><W59/><G66/><T16/><D135/><U26/><E26/><V34/><F111/><W76/><G59/><T4/><D39/><U43/><E89/><V20/><F129/><W35/><G35/><T88/><D109/><U113/><E91/><V5/><F102/><W83/><G78/><N who="0" m="29707" /><D125/><U8/><E8/><V23/><F93/><W81/><G81/><N who="0" m="49231" /><D27/><U73/><E73/><V118/><F118/><W80/><G80/><T42/><D61/><U110/><E113/><V54/><REACH who="2" step="1"/><F44/><REACH who="2" ten="250,430,92,218" step="2"/><W67/><G95/><T106/><D106/><U75/><E75/><V128/><F128/><W60/><G45/><N who="0" m="25911" /><D64/><U126/><E110/><V22/><N who="2" m="5632" /><DORA hai="92" /><V132/><F132/><W123/><G123/><T29/><D24/><AGARI ba="1,1" hai="5,11,12,24,28,32,33,34,46,51,54" m="5632" machi="24" ten="50,8000,1" yaku="1,1,53,4" doraHai="70,92" doraHaiUra="57,18" who="2" fromWho="0" sc="250,-83,430,0,92,93,218,0" />
</Scene>
<Scene>
<INIT seed="2,0,0,5,1,25" ten="167,430,185,218" oya="2" hai0="45,56,49,62,106,15,96,119,89,36,1,69,86" hai1="9,50,135,19,35,79,83,97,31,42,111,52,66" hai2="105,3,93,82,29,34,87,100,84,27,63,43,33" hai3="117,28,37,75,71,5,26,73,123,116,112,61,77"/><V126/><F3/><W38/><G123/><T20/><D1/><U53/><E111/><V16/><F126/><W57/><G112/><T18/><D119/><U94/><E66/><V54/><F105/><W10/><G71/><T64/><D36/><U134/><E9/><V17/><F43/><W78/><G5/><T92/><D69/><U85/><E19/><V44/><F33/><W95/><G95/><T80/><D106/><U2/><E2/><V76/><F84/><W59/><G10/><T70/><D70/><U133/><E42/><V113/><F113/><W98/><G98/><T125/><D125/><U39/><E39/><N who="3" m="14858" /><G61/><T130/><D130/><U67/><E67/><V0/><F0/><W110/><G110/><T122/><D122/><U127/><E127/><V24/><F24/><W51/><G51/><T8/><D20/><U4/><E4/><V14/><F14/><W91/><G28/><T22/><D22/><U23/><E35/><V114/><F114/><W99/><G91/><T74/><D74/><N who="3" m="28169" /><G99/><T107/><D107/><U132/><N who="1" m="34304" /><DORA hai="121" /><U46/><E23/><V104/><F104/><W40/><G26/><T108/><D108/><U41/><REACH who="1" step="1"/><E31/><REACH who="1" ten="167,420,185,218" step="2"/><V124/><F124/><W58/><G40/><T47/><REACH who="0" step="1"/><D49/><REACH who="0" ten="157,420,185,218" step="2"/><U32/><E32/><V115/><F115/><W65/><G65/><T12/><D12/><U103/><AGARI ba="0,2" hai="41,46,50,52,53,79,83,85,94,97,103" m="34304" machi="103" ten="60,16000,3" yaku="1,1,0,1,20,1,54,1,53,4" doraHai="25,121" doraHaiUra="7,128" who="1" fromWho="1" sc="157,-40,420,180,185,-80,218,-40" />
</Scene>
<Scene>
<INIT seed="3,0,0,1,2,100" ten="117,600,105,178" oya="3" hai0="6,24,134,105,102,52,89,7,101,51,1,122,31" hai1="128,123,40,61,10,32,90,46,9,115,58,113,96" hai2="49,26,30,77,92,120,127,27,124,81,104,48,34" hai3="111,126,50,68,43,4,5,117,116,69,41,94,59"/><W14/><G126/><N who="2" m="48169" /><F104/><W37/><G94/><T95/><D122/><U109/><E32/><N who="2" m="20567" /><F92/><W91/><G91/><T70/><D70/><N who="3" m="27241" /><G14/><T87/><D134/><U125/><E123/><V98/><F98/><W42/><G5/><N who="0" m="1547" /><D105/><U21/><E125/><V99/><F99/><W110/><G4/><T28/><D1/><U131/><E21/><V133/><F120/><W62/><G37/><T64/><D64/><U119/><E119/><N who="3" m="45642" /><G50/><T33/><D33/><U45/><E109/><N who="3" m="41482" /><G59/><N who="0" m="33183" /><D24/><U35/><E35/><V118/><F118/><W121/><G121/><T80/><D95/><U36/><E96/><V97/><F97/><W78/><G78/><T84/><D84/><U29/><E90/><V23/><F133/><W75/><G75/><T73/><D73/><U85/><E85/><N who="2" m="48303" /><F34/><W72/><G72/><T44/><D44/><N who="1" m="23559" /><E29/><AGARI ba="0,0" hai="23,27,29,48,49" m="48303,20567,48169" machi="29" ten="30,1000,0" yaku="18,1" doraHai="100" who="2" fromWho="1" sc="117,0,600,-10,105,10,178,0" /><AGARI ba="0,0" hai="28,29,31,80,87,89,101,102" m="33183,1547" machi="29" ten="30,2000,0" yaku="8,1,54,1" doraHai="100" who="0" fromWho="1" sc="117,20,590,-20,115,0,178,0" owari="137,-26.0,570,66.0,115,-38.0,178,-2.0" />
</Scene>
</mjloggm>