<mjloggm ver="2.3"><GO type="97"/><UN n0="%73%69%6E%74%65%74%73%75" n1="%E5%A4%AA%E3%81%8F%E3%81%AA%E3%81%84%E3%81%8A" n2="%E3%82%86%E3%81%8B%E3%82%8A%E3%82%93%E3%83%9E%E3%82%B8%E5%A4%A9%E4%BD%BF" n3="%76%66%72%6E%6F%72%69" dan="14,13,14,14" rate="1891,1926,1920,1949" sx="M,M,M,M"/><TAIKYOKU oya="0"/>

<Scene>
<INIT seed="0,0,0,4,4,68" ten="250,250,250,250" oya="0" hai0="106,16,132,28,85,89,107,126,91,10,104,17,135" hai1="48,2,5,12,119,110,116,30,129,81,59,58,134" hai2="25,67,111,20,27,50,52,54,124,61,127,83,105" hai3="84,11,74,55,71,123,14,88,75,31,37,45,131"/><T43/><D43/><U99/><E2/><V64/><F105/><N who="0" m="26882" /><T19/><DORA hai="77" /><D28/><U7/><E30/><V29/><F111/><W44/><G71/><T40/><D40/><U76/><E110/><V96/><F96/><W95/><G31/><T60/><D60/><U21/><E99/><V118/><F118/><W35/><G35/><T120/><D120/><U4/><E48/><V22/><F50/><W101/><G123/><T53/><D53/><U114/><E21/><V102/><F102/><W51/><G45/><T32/><D32/><U90/><E12/><V0/><F0/><W112/><G55/><T94/><D10/><U125/><E7/><V117/><F29/><W56/><G44/><T47/><D47/><U38/><E5/><V63/><F117/><W15/><G56/><T108/><D108/><U49/><E59/><V62/><F62/><W79/><G51/><T98/><D126/><U13/><E58/><V115/><F115/><W9/><G15/><T1/><D1/><U121/><E13/><V97/><F97/><W93/><G14/><T8/><D8/><U72/><E125/><V78/><F78/><W34/><G34/><T113/><D113/><U23/><E76/><V26/><F26/><W46/><G112/><T3/><D3/><U122/><E114/><V41/><F41/><W87/><G46/><T128/><D128/><U6/><E129/><V86/><F86/><W92/><G131/><T109/><D109/><U42/><E121/><V130/><F130/><W36/><G11/><T39/><D39/><U65/><E122/><V69/><F69/><RYUUKYOKU ba="0,0" sc="250,15,250,-15,250,15,250,-15" hai0="16,17,19,85,89,91,94,98,132,135" hai2="20,22,25,27,52,54,61,63,64,67,83,124,127" />
</Scene>
<Scene>
<INIT seed="0,1,0,5,0,18" ten="265,235,265,235" oya="0" hai0="11,110,45,80,77,59,72,86,40,128,70,55,71" hai1="73,15,67,53,122,132,103,27,16,125,127,51,84" hai2="17,38,9,34,63,78,14,13,5,134,7,81,64" hai3="0,123,79,21,6,87,119,85,96,102,104,74,44"/><T37/><D128/><U47/><E73/><V35/><F38/><W25/><G119/><T26/><D110/><U49/><E122/><V69/><F134/><W60/><G123/><T105/><D105/><U8/><E132/><V61/><F61/><W89/><G60/><T130/><D130/><U131/><E131/><V50/><F50/><W19/><G0/><T39/><D39/><U120/><E120/><V115/><F115/><W75/><G6/><T97/><D97/><U62/><E103/><V118/><F118/><W2/><G2/><T22/><D86/><U4/><E84/><V42/><F42/><W43/><G85/><T95/><D95/><U1/><E27/><V100/><F100/><W29/><G29/><T32/><D32/><U108/><E51/><V23/><REACH who="2" step="1"/><F5/><REACH who="2" ten="265,235,255,235" step="2"/><W129/><G129/><T3/><D3/><U135/><E135/><V88/><F88/><W12/><G79/><T124/><D124/><U52/><E52/><V117/><F117/><W54/><G43/><T82/><D82/><U92/><E125/><V76/><F76/><W46/><G54/><T107/><D107/><U98/><E127/><V121/><F121/><W114/><G114/><T30/><REACH who="0" step="1"/><D11/><REACH who="0" ten="255,235,255,235" step="2"/><U112/><E112/><V20/><F20/><N who="3" m="11367" /><G104/><T109/><D109/><U36/><E108/><V101/><F101/><W65/><G102/><T113/><D113/><U111/><E111/><V93/><F93/><W90/><G96/><T48/><AGARI ba="1,2" hai="22,26,30,37,40,45,48,55,59,70,71,72,77,80" machi="48" ten="20,7800,0" yaku="1,1,0,1,7,1,52,1,53,0" doraHai="18" doraHaiUra="10" who="0" fromWho="0" sc="255,101,235,-27,255,-27,235,-27" />
</Scene>
<Scene>
<INIT seed="0,2,0,2,2,93" ten="356,208,228,208" oya="0" hai0="37,73,30,41,64,109,23,48,74,15,8,115,53" hai1="124,67,13,65,32,105,20,88,42,81,18,26,121" hai2="122,100,85,77,84,43,33,58,55,123,112,118,68" hai3="6,14,22,38,90,25,17,87,40,27,133,29,52"/><T70/><D115/><U47/><E121/><V104/><F68/><W91/><G38/><T75/><D109/><U132/><E105/><V108/><F33/><W111/><G40/><T89/><D64/><U95/><E81/><V97/><F108/><W19/><G111/><T56/><D70/><U98/><E124/><V125/><F43/><W7/><G133/><T94/><D23/><U126/><E126/><V69/><F69/><W12/><G91/><T82/><D30/><U60/><E132/><V5/><F5/><W0/><G0/><T57/><D41/><U130/><E130/><V31/><F31/><W80/><G27/><T113/><D113/><U39/><E32/><V119/><F55/><W54/><G6/><T10/><D37/><U24/><REACH who="1" step="1"/><E67/><REACH who="1" ten="356,198,228,208" step="2"/><V86/><F125/><W99/><G7/><T72/><D82/><U9/><E9/><V131/><F131/><W21/><REACH who="3" step="1"/><G99/><REACH who="3" ten="356,198,228,198" step="2"/><T129/><D129/><U78/><E78/><V34/><F112/><W36/><G36/><T127/><D127/><U59/><AGARI ba="2,2" hai="13,18,20,24,26,39,42,47,59,60,65,88,95,98" machi="59" ten="20,8000,1" yaku="1,1,0,1,7,1,52,1,54,1,53,0" doraHai="93" doraHaiUra="45" who="1" fromWho="1" sc="356,-42,198,106,228,-22,198,-22" />
</Scene>
<Scene>
<INIT seed="1,0,0,1,0,35" ten="314,304,206,176" oya="1" hai0="38,62,125,111,65,114,77,82,69,59,36,13,24" hai1="8,110,92,19,132,99,131,18,50,66,17,119,14" hai2="123,113,87,118,75,3,10,120,71,121,57,72,128" hai3="124,78,29,112,20,68,27,48,135,25,109,55,85"/><U26/><E119/><V117/><F71/><W101/><G68/><T15/><D111/><U30/><E131/><V64/><F64/><W54/><G109/><T21/><D125/><U4/><E132/><V28/><F28/><W9/><G124/><T130/><D130/><U96/><E110/><V134/><F87/><W39/><G39/><T32/><D32/><U106/><E66/><V61/><F61/><W129/><G135/><T86/><D114/><U98/><E106/><V6/><F57/><W49/><G101/><T63/><D38/><U104/><E104/><V88/><F88/><W33/><G129/><T56/><D36/><U43/><E43/><V7/><F7/><W115/><G9/><T52/><REACH who="0" step="1"/><D69/><REACH who="0" ten="304,304,206,176" step="2"/><U37/><E37/><V91/><F113/><W103/><G115/><T81/><D81/><U84/><E50/><V80/><F128/><W40/><G112/><T0/><D0/><U105/><E105/><V53/><F134/><W70/><G70/><T2/><D2/><U100/><REACH who="1" step="1"/><E84/><REACH who="1" ten="304,294,206,176" step="2"/><V67/><F118/><W42/><G49/><T76/><D76/><U5/><E5/><V95/><F117/><W73/><G78/><T122/><D122/><U90/><E90/><V31/><F120/><W41/><G85/><T83/><D83/><U97/><E97/><V44/><F123/><W79/><G79/><T116/><D116/><U11/><E11/><V51/><F121/><W94/><G48/><T60/><D60/><U89/><E89/><V108/><F108/><W127/><G127/><T45/><D45/><U22/><AGARI ba="0,2" hai="4,8,14,17,18,19,22,26,30,92,96,98,99,100" machi="22" ten="30,18000,2" yaku="1,1,0,1,8,1,53,3" doraHai="35" doraHaiUra="12" who="1" fromWho="1" sc="304,-60,294,200,206,-60,176,-60" />
</Scene>
<Scene>
<INIT seed="1,1,0,3,1,123" ten="244,494,146,116" oya="1" hai0="32,29,79,47,101,66,13,89,64,25,59,133,113" hai1="60,124,130,83,88,98,72,75,135,119,43,107,125" hai2="129,21,49,62,118,44,100,80,91,116,56,120,35" hai3="82,36,108,48,38,67,39,11,122,12,52,0,134"/><U2/><E2/><V22/><F120/><W128/><G67/><T105/><D113/><U81/><E43/><V15/><F35/><W70/><G70/><T41/><D133/><U95/><E60/><V23/><F100/><W10/><G134/><T126/><D126/><N who="1" m="48747" /><E135/><V109/><F15/><W19/><G122/><T58/><D89/><U103/><E119/><V34/><F34/><W86/><G128/><T96/><D79/><U102/><E130/><V99/><F129/><W57/><G0/><T50/><D59/><U26/><E26/><V65/><F109/><W54/><G108/><T85/><D85/><N who="1" m="52623" /><E103/><V45/><F45/><W6/><G6/><T117/><D117/><U112/><E112/><V73/><F73/><AGARI ba="1,0" hai="72,73,75,81,83,98,102,107" m="52623,48747" machi="73" ten="30,11600,0" yaku="18,1,34,2,54,1" doraHai="123" who="1" fromWho="2" sc="244,0,494,119,146,-119,116,0" />
</Scene>
<Scene>
<INIT seed="1,2,0,3,1,75" ten="244,613,27,116" oya="1" hai0="102,72,103,20,31,4,99,89,16,115,57,46,124" hai1="47,107,53,10,6,35,98,78,90,79,60,56,9" hai2="11,73,131,127,25,132,41,84,87,1,74,42,3" hai3="133,29,49,67,12,120,21,81,85,50,39,26,113"/><U15/><E35/><V38/><F25/><W36/><G120/><T66/><D115/><U95/><E107/><V70/><F127/><W17/><G113/><T88/><D124/><U64/><E10/><V61/><F11/><W28/><G28/><T0/><D72/><U91/><E91/><V119/><F61/><W94/><G133/><T23/><D0/><U63/><E47/><V40/><F132/><W110/><G67/><T34/><D34/><U14/><E14/><V45/><F131/><W93/><G110/><T134/><D134/><U109/><E109/><V92/><F119/><W128/><G128/><T100/><D46/><U22/><E22/><V125/><F92/><N who="3" m="35435" /><G39/><T30/><D99/><U18/><E6/><V44/><F42/><W106/><G36/><T13/><D4/><U37/><E37/><V51/><F125/><W54/><G54/><T27/><D31/><U101/><E101/><V33/><F70/><AGARI ba="2,0" hai="9,15,18,53,56,60,63,64,70,78,79,90,95,98" machi="70" ten="30,5800,0" yaku="7,1,52,2" doraHai="75" who="1" fromWho="2" sc="244,0,613,64,27,-64,116,0" owari="244,4.0,677,78.0,-37,-54.0,116,-28.0" />
</Scene>
</mjloggm>