<mjloggm ver="2.3"><GO type="169"/><UN n0="%E5%94%90%E6%8F%9A%E5%A4%A7%E5%A5%BD%E3%81%8D" n1="%E2%80%A1%E2%80%A0%E3%82%B3%E3%82%A6%E3%83%A1%E3%82%A4%E2%80%A0%E2%80%A1" n2="%E5%A4%AA%E3%81%8F%E3%81%AA%E3%81%84%E3%81%8A" n3="%E5%88%BB%E5%AD%90%E5%B8%82%E6%B0%91" dan="17,16,17,16" rate="2187,2038,2177,2067" sx="M,M,M,M"/><TAIKYOKU oya="0"/>

<Scene>
<INIT seed="0,0,0,4,0,110" ten="250,250,250,250" oya="0" hai0="51,76,78,43,68,82,39,104,36,55,2,38,14" hai1="23,131,42,121,9,0,27,62,134,49,71,24,88" hai2="98,56,58,69,120,102,41,31,124,44,60,90,29" hai3="108,3,10,54,133,112,52,61,119,34,75,37,28"/><T12/><D2/><U57/><E121/><V117/><F120/><W85/><G75/><T92/><D104/><U135/><E131/><V5/><F124/><W83/><G37/><T77/><D68/><U114/><E114/><V87/><F5/><W106/><G106/><T105/><D105/><U109/><E109/><V99/><F69/><W4/><G108/><T81/><D92/><U48/><E71/><V1/><F1/><W70/><G119/><T113/><D113/><U22/><E9/><V32/><F117/><W115/><G133/><T100/><D100/><U45/><E0/><V86/><F86/><W11/><G11/><T35/><D35/><U7/><E7/><V125/><F125/><W111/><G111/><T132/><D132/><N who="1" m="50731" /><E48/><N who="2" m="26639" /><F32/><W116/><G116/><T46/><REACH who="0" step="1"/><D43/><REACH who="0" ten="240,250,250,250" step="2"/><U15/><E42/><V47/><F102/><W6/><G115/><T33/><D33/><U89/><E89/><V128/><F90/><W122/><G112/><T66/><D66/><U18/><E88/><V123/><F123/><W65/><G122/><T50/><D50/><U25/><E49/><V80/><F128/><W126/><G126/><T118/><D118/><U93/><E93/><V95/><F95/><W127/><G127/><T53/><D53/><N who="1" m="34095" /><E45/><V130/><F47/><W59/><G70/><T96/><D96/><U8/><AGARI ba="0,1" hai="8,15,18,22,23,24,25,27" m="34095,50731" machi="8" ten="30,1100,0" yaku="20,1" doraHai="110" who="1" fromWho="1" sc="240,-5,250,21,250,-3,250,-3" />
</Scene>
<Scene>
<INIT seed="1,0,0,2,3,104" ten="235,271,247,247" oya="1" hai0="97,29,7,52,129,6,132,115,74,19,64,109,10" hai1="32,105,123,75,71,67,1,124,9,56,78,54,35" hai2="99,11,18,20,42,103,77,26,36,102,100,43,94" hai3="130,24,60,59,119,72,61,58,127,45,135,22,50"/><U2/><E105/><V88/><F36/><W125/><G24/><T16/><D115/><U118/><E123/><V133/><F133/><W92/><G22/><T131/><D132/><U65/><E118/><V51/><F77/><W80/><G92/><T112/><D112/><U31/><E71/><V122/><F122/><W101/><G101/><T128/><D29/><U69/><E69/><V95/><F51/><W53/><G135/><T111/><D64/><U30/><E124/><N who="3" m="47690" /><G119/><T4/><D97/><U44/><E44/><V84/><REACH who="2" step="1"/><F11/><REACH who="2" ten="235,271,237,247" step="2"/><W116/><G116/><T93/><D10/><U81/><E31/><V47/><F47/><W90/><G45/><T57/><D109/><U63/><E30/><V108/><F108/><W46/><G46/><T98/><D111/><U62/><E9/><V37/><F37/><W5/><G50/><N who="0" m="30871" /><D74/><U117/><E117/><V68/><F68/><W113/><G72/><T134/><D134/><U0/><REACH who="1" step="1"/><E62/><REACH who="1" ten="235,261,237,247" step="2"/><V89/><AGARI ba="0,2" hai="18,20,26,42,43,84,88,89,94,95,99,100,102,103" machi="89" ten="30,7900,0" yaku="1,1,0,1,8,1,54,1,53,0" doraHai="104" doraHaiUra="114" who="2" fromWho="2" sc="235,-20,261,-39,237,99,247,-20" />
</Scene>
<Scene>
<INIT seed="2,0,0,1,3,118" ten="215,222,336,227" oya="2" hai0="19,64,119,131,17,16,67,48,34,1,122,20,116" hai1="70,27,56,52,39,78,2,105,135,71,130,18,84" hai2="97,110,63,62,100,80,22,89,5,57,15,112,77" hai3="133,81,104,13,75,61,106,123,55,59,54,74,120"/><V49/><F112/><W73/><G81/><T12/><D34/><U60/><E105/><N who="3" m="40554" /><G13/><T91/><D1/><U126/><E39/><V125/><F125/><W113/><G113/><T53/><D131/><U7/><E126/><V31/><F89/><W69/><G69/><T124/><D124/><U29/><E130/><V44/><F110/><W107/><N who="3" m="40562" /><W58/><DORA hai="51" /><G133/><T47/><D91/><U96/><E135/><V109/><F109/><W85/><G85/><T65/><REACH who="0" step="1"/><D122/><REACH who="0" ten="205,222,336,227" step="2"/><N who="3" m="46633" /><G61/><T0/><D0/><U95/><E2/><V35/><F62/><W33/><G33/><T25/><D25/><U134/><E27/><V6/><F35/><W117/><G117/><AGARI ba="0,1" hai="12,16,17,19,20,47,48,53,64,65,67,116,117,119" machi="117" ten="40,8000,1" yaku="1,1,12,1,52,1,54,1,53,0" doraHai="118,51" doraHaiUra="21,128" who="0" fromWho="3" sc="205,90,222,0,336,0,227,-80" />
</Scene>
<Scene>
<INIT seed="3,0,0,2,2,86" ten="295,222,336,147" oya="3" hai0="72,42,100,38,63,134,92,33,109,88,119,75,80" hai1="111,8,30,49,1,5,107,37,85,131,61,99,14" hai2="4,43,57,114,29,31,59,102,112,44,71,64,74" hai3="69,73,65,17,41,56,12,70,67,124,16,45,122"/><W51/><G73/><T115/><D33/><U79/><E37/><V110/><F74/><W101/><G122/><T132/><D119/><U20/><E131/><V27/><F4/><W117/><G117/><T58/><D109/><U60/><E111/><V90/><F110/><W15/><G124/><T53/><D115/><U118/><E118/><V25/><F102/><W66/><G101/><T89/><D38/><U106/><E106/><V47/><F71/><W77/><G77/><N who="0" m="44071" /><D42/><U9/><E107/><V48/><F64/><W105/><G105/><T24/><D24/><U81/><E99/><V91/><F48/><W87/><G56/><T78/><D78/><U0/><E0/><V121/><REACH who="2" step="1"/><F43/><REACH who="2" ten="295,222,326,147" step="2"/><W54/><G41/><T26/><D75/><U133/><E49/><V108/><F108/><W125/><G125/><T127/><D127/><U116/><E116/><V82/><F82/><W18/><G69/><T40/><D40/><U39/><E39/><V35/><F35/><W19/><G70/><T123/><D123/><AGARI ba="0,1" hai="25,27,29,31,44,47,57,59,90,91,112,114,121,123" machi="123" ten="25,8000,1" yaku="1,1,22,2,52,2,53,0" doraHai="86" doraHaiUra="2" who="2" fromWho="0" sc="295,-80,222,0,326,90,147,0" />
</Scene>
<Scene>
<INIT seed="4,0,0,5,4,11" ten="215,222,416,147" oya="0" hai0="114,126,80,52,99,132,77,135,74,23,29,93,19" hai1="84,58,50,79,134,133,39,1,110,43,8,76,4" hai2="28,106,113,25,131,124,88,51,102,68,56,5,71" hai3="35,115,22,112,63,89,34,55,125,128,37,6,109"/><T103/><D126/><U121/><E121/><V40/><F5/><W66/><G37/><T65/><D65/><U105/><E105/><V111/><F111/><W53/><G109/><T54/><D114/><U118/><E110/><V12/><F102/><W24/><G6/><T70/><D29/><U95/><E118/><V47/><F106/><W27/><G89/><T15/><REACH who="0" step="1"/><D70/><REACH who="0" ten="205,222,416,147" step="2"/><U73/><E134/><AGARI ba="0,1" hai="15,19,23,52,54,74,77,80,93,99,103,132,134,135" machi="134" ten="40,12000,1" yaku="1,1,2,1,20,1,52,1,54,1,53,0" doraHai="11" doraHaiUra="41" who="0" fromWho="1" sc="205,130,222,-120,416,0,147,0" />
</Scene>
<Scene>
<INIT seed="4,1,0,1,4,107" ten="335,102,416,147" oya="0" hai0="37,51,27,119,42,91,9,57,94,118,6,126,132" hai1="13,86,38,95,64,100,105,128,92,63,25,12,0" hai2="52,17,113,98,124,19,66,18,50,102,14,96,60" hai3="125,75,15,74,59,34,16,97,87,110,7,79,49"/><T24/><D37/><U23/><E38/><V28/><F113/><W45/><G34/><T31/><D132/><U131/><E0/><V3/><F3/><W85/><G110/><T127/><D42/><U117/><E117/><N who="0" m="44553" /><D51/><U129/><E105/><V21/><F124/><N who="0" m="47658" /><D57/><N who="1" m="36975" /><E86/><V67/><F28/><W77/><G125/><T116/><N who="0" m="44561" /><T20/><DORA hai="101" /><D94/><N who="1" m="35883" /><E100/><V41/><F41/><W109/><G109/><T135/><D91/><U26/><E26/><N who="0" m="9769" /><D135/><U56/><E56/><N who="2" m="37127" /><F67/><W89/><G59/><T111/><D111/><U53/><E53/><V33/><F102/><W73/><G97/><N who="2" m="37481" /><F33/><W10/><G7/><T46/><D46/><AGARI ba="1,0" hai="14,17,18,19,21,46,50,52" m="37481,37127" machi="46" ten="30,2000,0" yaku="8,1,54,1" doraHai="107,101" who="2" fromWho="0" sc="335,-23,102,0,416,23,147,0" />
</Scene>
<Scene>
<INIT seed="5,0,0,4,5,7" ten="312,102,439,147" oya="1" hai0="46,38,43,84,22,59,112,9,133,68,32,115,94" hai1="61,116,113,108,3,72,30,58,27,106,126,132,35" hai2="52,102,87,10,33,47,20,82,40,120,28,54,70" hai3="60,129,93,97,17,63,122,101,77,88,80,51,50"/><U92/><RYUUKYOKU type="yao9" ba="0,0" sc="312,0,102,0,439,0,147,0" hai1="3,27,30,35,58,61,72,92,106,108,113,116,126,132" />
</Scene>
<Scene>
<INIT seed="5,1,0,4,4,122" ten="312,102,439,147" oya="1" hai0="12,83,15,17,106,26,129,108,105,93,89,24,126" hai1="53,6,128,42,78,113,111,13,97,31,56,47,27" hai2="74,39,45,134,33,9,28,37,76,0,75,63,95" hai3="52,79,4,40,125,1,29,81,69,38,131,25,124"/><U36/><E113/><V20/><F20/><W119/><G69/><T48/><D129/><U57/><E78/><V127/><F95/><W44/><G131/><T41/><D126/><U130/><E56/><V43/><F127/><W55/><G119/><T135/><D135/><U94/><E111/><V109/><F109/><W104/><G104/><T59/><D108/><U7/><E13/><V11/><F11/><W92/><G92/><T86/><D106/><U70/><E70/><V96/><F96/><W85/><G125/><T90/><D105/><U88/><E128/><V49/><F134/><W60/><G60/><T82/><D12/><U116/><E116/><V101/><F101/><W84/><G84/><T120/><D120/><U112/><E112/><V117/><F63/><W46/><G46/><T68/><D68/><U14/><E14/><V65/><F65/><W35/><REACH who="3" step="1"/><G124/><REACH who="3" ten="312,102,439,137" step="2"/><T77/><D93/><U103/><E130/><V10/><F45/><W123/><G123/><T114/><D114/><U32/><E103/><V91/><F117/><W102/><G102/><T133/><D133/><U30/><E31/><V61/><F28/><W18/><G18/><T2/><D17/><U73/><E73/><V21/><F74/><W98/><G98/><T107/><D86/><U23/><E32/><V51/><F33/><W110/><G110/><T132/><D132/><U16/><E30/><V64/><F75/><W87/><G87/><T54/><D107/><U5/><E5/><V100/><F100/><W50/><G50/><AGARI ba="1,1" hai="6,7,16,23,27,36,42,47,50,53,57,88,94,97" machi="50" ten="30,5800,0" yaku="7,1,54,2" doraHai="122" who="1" fromWho="3" sc="312,0,102,71,439,0,137,-61" />
</Scene>
<Scene>
<INIT seed="5,2,0,1,5,72" ten="312,173,439,76" oya="1" hai0="34,105,127,35,86,122,112,99,49,84,3,70,0" hai1="14,131,56,120,10,88,50,78,97,124,126,20,81" hai2="30,118,110,121,104,4,6,54,69,114,94,111,39" hai3="128,117,77,89,28,100,22,134,33,61,40,92,24"/><U19/><E120/><V59/><F104/><W67/><G128/><T7/><D122/><U130/><E50/><V102/><F121/><W37/><G134/><T11/><D70/><U76/><E56/><V103/><F118/><W63/><G117/><T8/><D127/><N who="1" m="48683" /><E10/><V5/><F69/><W83/><G33/><T15/><D112/><U80/><E97/><V29/><F39/><W46/><G100/><T43/><D105/><U9/><E9/><V135/><F135/><W42/><G42/><T66/><D66/><U79/><E81/><V90/><F114/><W32/><G32/><T26/><D99/><U123/><E123/><V95/><F111/><W116/><G116/><T47/><D34/><U108/><E108/><V119/><F110/><W36/><G36/><T74/><D74/><U23/><E23/><V113/><F113/><W109/><G67/><T107/><D107/><U41/><E41/><V52/><F119/><W27/><G109/><T68/><D68/><U93/><E93/><V65/><F65/><W12/><G12/><T13/><D0/><U62/><E62/><N who="2" m="36199" /><F54/><W87/><REACH who="3" step="1"/><G27/><REACH who="3" ten="312,173,439,66" step="2"/><T48/><D3/><U98/><E130/><V71/><F103/><W115/><G115/><T57/><D26/><U18/><E131/><V58/><F102/><W38/><G38/><T44/><D35/><U75/><E19/><V91/><F71/><W2/><G2/><T133/><D133/><U82/><E75/><AGARI ba="2,1" hai="22,24,28,37,40,46,61,63,75,77,83,87,89,92" machi="75" ten="30,3900,0" yaku="1,1,7,1,52,1,53,0" doraHai="72" doraHaiUra="60" who="3" fromWho="1" sc="312,0,173,-45,439,0,66,55" />
</Scene>
<Scene>
<INIT seed="6,0,0,1,5,32" ten="312,128,439,121" oya="2" hai0="107,29,59,96,4,69,13,48,86,127,47,81,8" hai1="20,116,26,124,104,112,33,52,113,40,80,72,93" hai2="49,60,85,101,38,51,62,30,82,17,54,11,135" hai3="89,50,65,129,55,76,133,125,106,3,74,18,57"/><V92/><F38/><W109/><G109/><T115/><D69/><U94/><E104/><V46/><F135/><W22/><G106/><T5/><D127/><U103/><E116/><V111/><F30/><W78/><G125/><T117/><D115/><N who="1" m="44107" /><E33/><V63/><F111/><W10/><G133/><T16/><D117/><U27/><E40/><V61/><F61/><W122/><G122/><T120/><D120/><U130/><E130/><V90/><F51/><W91/><G129/><T95/><D107/><U131/><E131/><V45/><F46/><W84/><G74/><T66/><D29/><N who="1" m="17607" /><E103/><V21/><F11/><W83/><G65/><T126/><D126/><U1/><E1/><V9/><F9/><W114/><G114/><T35/><D35/><U12/><E27/><N who="2" m="14767" /><F101/><W121/><G121/><T75/><D66/><U36/><E36/><V28/><F28/><W43/><G43/><T98/><D75/><U110/><E110/><V67/><F67/><W70/><G70/><T7/><D59/><U44/><E12/><V97/><F97/><W6/><REACH who="3" step="1"/><G78/><REACH who="3" ten="312,128,439,111" step="2"/><T100/><D98/><U42/><E124/><V58/><F45/><W87/><G87/><T41/><REACH who="0" step="1"/><D4/><REACH who="0" ten="302,128,439,111" step="2"/><U34/><E72/><V118/><F118/><W31/><G31/><T71/><D71/><U73/><E73/><V0/><F58/><W99/><G99/><T2/><D2/><U102/><E44/><N who="2" m="27943" /><F0/><W68/><G68/><T53/><D53/><U123/><E52/><V105/><F105/><W56/><G56/><T24/><D24/><AGARI ba="0,2" hai="3,6,10,18,22,24,50,55,57,76,83,84,89,91" machi="24" ten="30,3900,0" yaku="1,1,7,1,52,1,53,0" doraHai="32" doraHaiUra="132" who="3" fromWho="0" sc="302,-39,128,0,439,0,111,59" />
</Scene>
<Scene>
<INIT seed="7,0,0,1,1,66" ten="263,128,439,170" oya="3" hai0="44,92,9,89,129,124,130,108,83,29,8,39,77" hai1="86,19,43,104,94,10,35,21,112,54,53,62,75" hai2="109,6,68,41,13,84,2,45,121,88,111,5,51" hai3="18,30,38,81,47,20,120,78,4,71,85,82,17"/><W49/><G120/><T59/><D108/><U101/><E75/><V28/><F68/><W52/><G38/><T7/><D124/><U128/><E35/><V12/><F121/><W87/><G71/><T42/><D29/><U60/><E128/><N who="0" m="49257" /><D59/><U107/><E10/><V15/><F28/><W131/><G131/><T113/><D113/><U48/><E112/><V63/><F63/><W105/><G105/><T103/><D103/><U132/><E132/><V116/><F116/><W96/><G96/><N who="0" m="57359" /><D7/><U32/><E32/><V65/><F65/><W123/><G4/><T114/><D114/><U100/><E43/><V55/><F55/><W115/><G123/><T58/><D58/><U67/><E53/><V61/><F13/><W36/><G36/><T80/><D80/><U76/><E104/><V99/><F2/><W102/><G102/><N who="1" m="39530" /><E107/><V57/><F12/><W50/><G50/><T3/><D3/><U27/><E67/><V106/><F106/><W69/><G69/><T110/><D110/><U90/><E76/><V23/><F23/><W46/><G46/><T56/><D56/><U127/><E127/><V0/><F111/><W40/><G40/><T98/><D98/><U24/><E24/><V79/><F61/><W95/><G115/><T135/><D135/><U64/><E64/><V93/><F109/><W1/><G1/><T70/><D70/><U125/><E125/><V117/><F117/><W14/><G14/><T73/><AGARI ba="0,0" hai="8,9,39,42,44,73,77,83" m="57359,49257" machi="73" ten="30,1100,0" yaku="19,1" doraHai="66" who="0" fromWho="0" sc="263,11,128,-3,439,-3,170,-5" owari="274,7.0,125,-37.0,436,53.0,165,-23.0" />
</Scene>
</mjloggm>