<mjloggm ver="2.3"><GO type="169"/><UN n0="%4B%69%53%68%69%6D%40" n1="%E3%80%93%E7%89%87%E5%B2%A1%E5%84%AA%E5%B8%8C%E3%80%93" n2="%E5%A4%AA%E3%81%8F%E3%81%AA%E3%81%84%E3%81%8A" n3="%E3%83%A4%E3%82%AD%E3%83%B3" dan="16,16,18,17" rate="2041,2035,2201,2175" sx="M,F,M,M"/><TAIKYOKU oya="0"/>

<Scene>
<INIT seed="0,0,0,4,1,49" ten="250,250,250,250" oya="0" hai0="116,56,44,79,36,61,35,20,132,26,106,68,55" hai1="59,109,63,111,96,115,114,97,94,45,31,7,52" hai2="86,117,62,25,90,130,64,8,81,128,29,14,51" hai3="88,23,76,107,12,13,30,98,129,85,9,119,102"/><T6/><D116/><U40/><E31/><V75/><F117/><W120/><G119/><T131/><D106/><U74/><E74/><V118/><F118/><W95/><G129/><N who="2" m="49769" /><F75/><W121/><G76/><T4/><D35/><U126/><E7/><N who="2" m="3359" /><F51/><W93/><G107/><T72/><D131/><U22/><E22/><N who="2" m="15543" /><F62/><W38/><G38/><T69/><D72/><U10/><E10/><V57/><F57/><W82/><G121/><T39/><D39/><N who="1" m="21663" /><E126/><V18/><F64/><W53/><G120/><T123/><D123/><U50/><E50/><V77/><F18/><W43/><G43/><T73/><D36/><U89/><E97/><V80/><F80/><W60/><G82/><T0/><D73/><U122/><E122/><V54/><F77/><W105/><G105/><T70/><D79/><U19/><E19/><V108/><F108/><AGARI ba="0,0" hai="52,59,63,89,94,96,108,109,111,114,115" m="21663" machi="108" ten="30,3900,0" yaku="14,1,52,1,54,1" doraHai="49" who="1" fromWho="2" sc="250,0,250,39,250,-39,250,0" />
</Scene>
<Scene>
<INIT seed="1,0,0,0,0,98" ten="250,289,211,250" oya="1" hai0="8,121,86,115,122,108,46,80,4,85,134,110,55" hai1="27,21,39,113,90,1,73,75,118,79,93,67,17" hai2="129,132,64,5,72,7,111,3,20,26,119,81,35" hai3="109,97,23,126,0,101,74,124,77,48,76,104,49"/><U92/><E113/><V43/><F119/><W36/><G36/><T19/><D115/><U87/><E118/><V18/><F64/><W95/><G0/><N who="0" m="7" /><D134/><U96/><E39/><V40/><F132/><W123/><G123/><N who="0" m="47115" /><D19/><U88/><E1/><V37/><F111/><N who="0" m="42538" /><D80/><U22/><E67/><V130/><F35/><W127/><G109/><T120/><N who="0" m="47123" /><T78/><DORA hai="32" /><D78/><U94/><E94/><V52/><F81/><N who="3" m="45207" /><G77/><T51/><AGARI ba="0,0" hai="46,51,55,85,86" m="42538,47123,7" machi="51" ten="50,6400,0" yaku="13,1,14,1,52,1" doraHai="98,32" who="0" fromWho="0" sc="250,64,289,-32,211,-16,250,-16" />
</Scene>
<Scene>
<INIT seed="2,0,0,5,1,66" ten="314,257,195,234" oya="2" hai0="87,39,53,106,54,4,110,37,61,76,103,57,121" hai1="49,32,82,112,113,128,107,6,48,134,59,132,40" hai2="30,45,88,22,96,108,11,0,26,13,72,1,117" hai3="27,95,21,126,83,36,2,10,81,55,67,63,60"/><V74/><F117/><W133/><G36/><T68/><D121/><U20/><E107/><V19/><F108/><W84/><G126/><T46/><D4/><U9/><E32/><V33/><F45/><W89/><G133/><N who="1" m="51306" /><E128/><V69/><F69/><W28/><G2/><T65/><D110/><U135/><E135/><V124/><F124/><W120/><G120/><T119/><D119/><U125/><E125/><V122/><F122/><W8/><G55/><T80/><D46/><N who="1" m="25671" /><E20/><V127/><F127/><W24/><G24/><T51/><REACH who="0" step="1"/><D54/><REACH who="0" ten="304,257,195,234" step="2"/><U77/><E6/><N who="2" m="1487" /><F0/><W111/><G111/><T97/><AGARI ba="0,1" hai="37,39,51,53,57,61,65,68,76,80,87,97,103,106" machi="97" ten="30,4000,0" yaku="1,1,0,1,52,1,53,0" doraHai="66" doraHaiUra="109" who="0" fromWho="0" sc="304,50,257,-10,195,-20,234,-10" />
</Scene>
<Scene>
<INIT seed="3,0,0,5,0,68" ten="354,247,175,224" oya="3" hai0="61,28,54,128,98,11,94,81,104,1,26,133,29" hai1="62,106,14,51,8,60,76,91,130,90,75,2,6" hai2="58,50,5,15,16,36,25,72,22,69,120,39,66" hai3="95,105,32,20,63,122,0,134,56,19,71,135,31"/><W113/><G105/><T41/><D104/><U35/><E35/><V80/><F120/><W102/><G122/><T59/><D128/><U109/><E106/><V126/><F69/><W45/><G71/><T100/><D133/><N who="3" m="50697" /><G0/><T40/><D81/><U96/><E130/><V18/><F5/><W97/><G113/><T57/><D1/><U23/><E75/><V107/><F107/><W52/><G32/><T114/><D114/><U123/><E123/><V127/><F72/><W99/><G99/><T48/><D11/><U64/><E76/><V65/><F80/><W110/><G31/><N who="0" m="11851" /><D26/><U77/><E2/><V88/><F88/><N who="3" m="55527" /><G110/><T129/><D129/><U86/><E109/><V108/><F108/><W112/><G112/><T103/><D103/><U24/><E96/><V87/><F87/><W82/><G82/><T21/><D21/><U17/><E23/><N who="2" m="11679" /><F65/><AGARI ba="0,0" hai="40,41,48,54,57,59,61,65,94,98,100" m="11851" machi="65" ten="30,1000,0" yaku="8,1" doraHai="68" who="0" fromWho="2" sc="354,10,247,0,175,-10,224,0" />
</Scene>
<Scene>
<INIT seed="4,0,0,2,2,132" ten="364,247,165,224" oya="0" hai0="88,106,55,30,29,119,96,28,20,125,65,102,66" hai1="24,105,16,103,111,33,5,84,97,121,89,107,32" hai2="74,67,116,37,70,129,54,56,94,35,15,12,40" hai3="39,2,34,112,126,87,124,98,61,68,115,18,131"/><T25/><D119/><U50/><E111/><V122/><F74/><W11/><G39/><T76/><D76/><U117/><E117/><V64/><F35/><W13/><G34/><T26/><D55/><U42/><E121/><V83/><F116/><W38/><G38/><T82/><D125/><N who="3" m="48233" /><G131/><T62/><D25/><U51/><E107/><V72/><F122/><W45/><G45/><T120/><D120/><U134/><E5/><V60/><F129/><W31/><G31/><T57/><REACH who="0" step="1"/><D66/><REACH who="0" ten="354,247,165,224" step="2"/><U108/><E24/><V123/><F67/><N who="3" m="41071" /><G2/><T113/><D113/><U22/><E108/><V77/><F123/><W27/><G27/><T23/><D23/><U8/><E22/><V10/><F64/><W90/><G98/><T135/><D135/><U53/><E97/><V85/><F40/><W73/><G73/><T58/><D58/><U81/><E42/><V21/><F56/><W19/><G115/><T86/><AGARI ba="0,1" hai="20,26,28,29,30,57,62,65,82,86,88,96,102,106" machi="86" ten="30,6000,0" yaku="1,1,0,1,54,1,53,0" doraHai="132" doraHaiUra="46" who="0" fromWho="0" sc="354,70,247,-20,165,-20,224,-20" />
</Scene>
<Scene>
<INIT seed="4,1,0,3,5,18" ten="424,227,145,204" oya="0" hai0="114,41,125,92,8,70,45,124,42,111,75,117,35" hai1="86,58,94,129,23,61,97,74,122,95,109,53,36" hai2="32,85,10,134,108,131,110,0,4,6,87,11,46" hai3="63,17,60,47,102,106,81,126,1,68,133,128,15"/><T116/><D75/><U29/><E74/><V19/><F32/><W120/><G1/><T80/><D35/><U91/><E109/><V49/><F131/><W3/><G3/><T73/><D92/><U51/><E122/><V62/><F134/><W26/><G68/><T52/><D8/><U78/><E36/><V100/><F100/><W43/><G106/><T113/><D73/><U22/><E129/><V76/><F62/><W121/><G128/><T99/><D99/><U25/><E78/><V66/><F66/><W98/><G81/><T107/><D70/><U67/><E29/><V28/><F28/><W127/><G26/><T84/><D107/><U105/><E25/><V118/><F118/><N who="0" m="45674" /><D111/><U38/><E38/><V103/><F103/><W30/><G102/><T135/><D135/><U83/><E105/><V112/><F19/><W69/><G98/><T57/><D84/><U65/><E65/><V5/><F5/><W16/><G69/><T50/><D80/><U132/><E132/><V96/><F96/><W71/><G71/><T44/><D44/><N who="1" m="27879" /><E83/><V24/><F0/><W89/><G30/><T39/><D42/><U20/><E95/><V12/><F110/><W77/><G133/><T82/><D82/><U101/><E101/><V123/><F108/><W54/><G43/><T104/><D104/><U55/><E97/><V93/><F93/><W88/><G47/><T72/><D72/><U130/><E130/><V59/><F46/><W64/><G77/><T27/><D27/><U90/><E90/><V31/><F76/><W48/><G89/><T79/><D79/><RYUUKYOKU ba="1,0" sc="424,15,227,15,145,-15,204,-15" hai0="39,41,45,50,52,57,113,114,124,125" hai1="20,22,23,55,58,61,67,86,91,94" />
</Scene>
<Scene>
<INIT seed="4,2,0,1,0,126" ten="439,242,130,189" oya="0" hai0="71,101,10,57,133,33,104,72,67,45,19,75,21" hai1="106,95,59,119,123,32,108,68,24,43,25,51,117" hai2="109,12,49,96,41,113,9,83,78,87,94,27,58" hai3="131,80,105,29,63,130,76,134,61,53,98,7,36"/><T65/><D33/><U17/><E106/><V46/><F113/><W5/><G36/><T40/><D71/><U13/><E68/><V84/><F109/><W1/><G29/><T99/><D10/><U37/><E108/><V90/><F27/><W129/><G134/><T64/><D133/><U116/><E123/><V39/><F39/><W60/><G53/><T31/><D31/><U4/><E4/><N who="3" m="1610" /><G1/><T127/><D127/><U66/><E37/><V135/><F135/><W103/><G63/><T52/><D40/><U125/><E32/><V122/><F122/><W3/><G3/><T128/><D45/><U82/><E125/><V111/><F111/><W70/><G70/><T86/><D86/><AGARI ba="2,0" hai="60,61,76,80,86,98,103,105,129,130,131" m="1610" machi="86" ten="30,7700,0" yaku="19,1,52,3" doraHai="126" who="3" fromWho="0" sc="439,-83,242,0,130,0,189,83" />
</Scene>
<Scene>
<INIT seed="5,0,0,1,3,72" ten="356,242,130,272" oya="1" hai0="123,117,89,7,45,21,11,10,105,47,33,58,71" hai1="28,103,119,127,75,118,76,68,15,129,90,14,94" hai2="128,12,73,109,110,56,100,93,34,24,18,0,67" hai3="113,17,3,132,1,40,43,46,99,4,111,48,120"/><U13/><E68/><V91/><F0/><W23/><G111/><T106/><D71/><U124/><E103/><V29/><F128/><W131/><G120/><T44/><D33/><U5/><E5/><V55/><F67/><W57/><G4/><T36/><D117/><U59/><E28/><V8/><F73/><W122/><G122/><T92/><D36/><U116/><E129/><V65/><F65/><W27/><G131/><T114/><D123/><U125/><E59/><V85/><REACH who="2" step="1"/><F100/><REACH who="2" ten="356,242,120,272" step="2"/><W82/><G3/><T49/><D114/><U50/><E75/><V78/><F78/><W38/><G1/><T81/><D89/><U61/><E76/><V6/><F6/><W53/><G113/><T101/><D7/><U96/><E61/><AGARI ba="0,1" hai="8,12,18,24,29,34,55,56,61,85,91,93,109,110" machi="61" ten="30,2000,0" yaku="1,1,7,1,53,0" doraHai="72" doraHaiUra="135" who="2" fromWho="1" sc="356,0,242,-20,120,30,272,0" />
</Scene>
<Scene>
<INIT seed="6,0,0,0,2,90" ten="356,222,150,272" oya="2" hai0="72,68,13,48,31,29,124,59,81,15,105,121,103" hai1="133,115,126,38,130,92,20,54,45,34,116,9,47" hai2="87,135,32,61,44,122,111,95,64,49,25,118,84" hai3="30,42,77,123,12,99,14,17,8,107,101,98,0"/><V43/><F122/><W71/><G123/><T18/><D121/><U129/><E34/><V33/><F118/><W22/><G71/><T6/><D68/><U5/><E116/><V35/><F135/><W93/><G42/><T88/><D124/><U89/><E133/><V56/><F111/><W19/><G0/><T51/><D105/><U24/><E126/><V83/><F83/><W82/><G30/><T109/><D103/><U62/><E38/><V3/><F3/><W65/><G65/><T16/><D109/><U127/><E127/><V52/><F25/><W78/><G82/><T37/><D37/><U100/><E100/><AGARI ba="0,0" hai="8,12,14,17,19,22,77,78,93,98,99,100,101,107" machi="100" ten="30,2000,0" yaku="7,1,52,1" doraHai="90" who="3" fromWho="1" sc="356,0,222,-20,150,0,272,20" />
</Scene>
<Scene>
<INIT seed="7,0,0,5,4,68" ten="356,202,150,292" oya="3" hai0="12,59,89,8,16,38,91,40,57,104,99,32,122" hai1="45,101,127,132,22,20,81,47,79,28,65,78,4" hai2="86,52,107,105,131,66,44,84,36,82,33,10,55" hai3="35,88,30,77,39,64,24,126,100,56,117,14,25"/><W96/><G117/><T106/><D122/><U58/><E127/><V48/><F33/><W7/><G77/><N who="1" m="29194" /><E132/><V18/><F131/><W72/><G72/><T110/><D110/><U23/><E101/><V70/><F55/><W42/><G126/><T53/><D32/><U75/><E75/><V87/><F36/><W27/><G88/><T26/><D26/><N who="1" m="16455" /><E4/><V60/><REACH who="2" step="1"/><F82/><REACH who="2" ten="356,202,140,292" step="2"/><W62/><G39/><T5/><D53/><U121/><E81/><V76/><F76/><W80/><G80/><T67/><D38/><U98/><E121/><V17/><F17/><W108/><G108/><T34/><D16/><U128/><E128/><V115/><F115/><W2/><G42/><T61/><D40/><U129/><E129/><V29/><F29/><W103/><G30/><T13/><D34/><U113/><E113/><V1/><F1/><W133/><G2/><T73/><D5/><U90/><E65/><V71/><F71/><W116/><G35/><T135/><D67/><U118/><E118/><V119/><F119/><W41/><G116/><T6/><D6/><U46/><E58/><V31/><F31/><W0/><G0/><T95/><D57/><U83/><E83/><V92/><F92/><AGARI ba="0,1" hai="22,23,45,46,47,90,92,98" m="16455,29194" machi="92" ten="30,1000,0" yaku="8,1" doraHai="68" who="1" fromWho="2" sc="356,0,202,20,140,-10,292,0" owari="356,46.0,222,-18.0,130,-37.0,292,9.0" />
</Scene>
</mjloggm>