<mjloggm ver="2.3"><GO type="41"/><UN n0="%E5%A4%AA%E3%81%8F%E3%81%AA%E3%81%84%E3%81%8A" n1="%E3%83%AD%E3%82%B8%E3%82%AB%E3%83%AB%E6%B4%BE%E9%9B%80%E5%A3%AB" n2="%E3%81%93%E3%81%96%E3%81%B6%E3%82%8D%E3%83%BC" n3="%38%32%31%73%68%69%6E" dan="15,13,14,15" rate="2042,1903,1866,1917" sx="M,F,M,M"/><TAIKYOKU oya="0"/>

<Scene>
<INIT seed="0,0,0,1,1,107" ten="250,250,250,250" oya="0" hai0="70,82,39,52,13,32,89,27,64,73,68,99,49" hai1="41,33,95,79,0,126,8,110,54,3,63,22,104" hai2="81,62,92,90,16,100,5,106,120,93,48,134,14" hai3="46,103,75,10,108,80,37,1,34,71,119,87,43"/><T29/><D39/><U15/><E104/><V6/><F120/><W7/><G87/><T97/><D13/><U30/><E126/><V128/><F134/><W133/><G133/><T12/><D12/><U57/><E41/><V132/><F128/><W44/><G44/><T102/><D64/><U51/><E110/><V91/><F132/><W112/><G108/><T85/><D73/><U11/><E33/><V84/><F62/><W23/><G23/><T53/><D97/><U114/><E114/><V127/><F127/><W105/><G112/><T55/><REACH who="0" step="1"/><D49/><REACH who="0" ten="240,250,250,250" step="2"/><U35/><E15/><V123/><F48/><W115/><G115/><T101/><D101/><U36/><E51/><V60/><F123/><W31/><G119/><T117/><D117/><U94/><E36/><V25/><F25/><N who="3" m="18799" /><G103/><T18/><D18/><U4/><E3/><V2/><F2/><W113/><G113/><T50/><D50/><U83/><E0/><V26/><F26/><W86/><G86/><T56/><D56/><U74/><E74/><V61/><F100/><W17/><G17/><T124/><D124/><U9/><E4/><V131/><F6/><W42/><G105/><AGARI ba="0,1" hai="27,29,32,52,53,55,68,70,82,85,89,99,102,105" machi="105" ten="40,7700,0" yaku="1,1,54,1,53,1" doraHai="107" doraHaiUra="21" who="0" fromWho="3" sc="240,87,250,0,250,0,250,-77" />
</Scene>
<Scene>
<INIT seed="0,1,0,0,4,7" ten="327,250,250,173" oya="0" hai0="18,0,33,70,84,115,20,28,131,99,77,118,72" hai1="134,32,100,48,124,107,6,64,62,39,108,74,128" hai2="133,12,67,42,16,8,123,60,112,117,31,37,78" hai3="92,121,51,86,30,63,17,103,96,83,58,114,14"/><T36/><D36/><U98/><E124/><V94/><F112/><W41/><G121/><T95/><D70/><U87/><E128/><V120/><F133/><W75/><G114/><T24/><D115/><U76/><E134/><V81/><F117/><W101/><G75/><T27/><D118/><U66/><E39/><V90/><F31/><W79/><G30/><T88/><D0/><U47/><E108/><V71/><F42/><W52/><G41/><T53/><D131/><U82/><E32/><V22/><F22/><W61/><G103/><T110/><D110/><U56/><E6/><V13/><F13/><W43/><G43/><T45/><D72/><U40/><REACH who="1" step="1"/><E74/><REACH who="1" ten="327,240,250,173" step="2"/><V15/><F37/><W19/><REACH who="3" step="1"/><G19/><REACH who="3" ten="327,240,250,163" step="2"/><T23/><D33/><U9/><E9/><AGARI ba="1,2" hai="9,14,17,51,52,58,61,63,79,83,86,92,96,101" machi="9" ten="30,12000,2" yaku="1,1,2,1,7,1,8,1,52,1,54,1,53,1" doraHai="7" doraHaiUra="80" who="3" fromWho="1" sc="327,0,240,-123,250,0,163,143" />
</Scene>
<Scene>
<INIT seed="1,0,0,2,4,0" ten="327,117,250,306" oya="1" hai0="131,38,89,79,85,29,91,71,75,76,22,3,94" hai1="109,8,54,13,69,48,28,127,106,95,49,92,84" hai2="21,36,2,129,14,97,32,99,33,74,63,40,70" hai3="82,112,96,25,66,107,103,83,17,58,87,108,73"/><U30/><E106/><V130/><F74/><W46/><G112/><T5/><D71/><U128/><E69/><V11/><F2/><W56/><G108/><T114/><D114/><U55/><E128/><N who="2" m="49259" /><F21/><W102/><G103/><T20/><D38/><U27/><E127/><V1/><F1/><W116/><G116/><T117/><D117/><U113/><E113/><V24/><F24/><W104/><G73/><T134/><D75/><U86/><E109/><V41/><F36/><W7/><G107/><T23/><D131/><U98/><E98/><N who="2" m="37387" /><F70/><W31/><G17/><T122/><D122/><U80/><E80/><V126/><F63/><W35/><G82/><T47/><D29/><N who="1" m="11371" /><E27/><V59/><F59/><W110/><G46/><T65/><D47/><U15/><E8/><V51/><F126/><W18/><G110/><T50/><D3/><U61/><E61/><V19/><F51/><N who="1" m="19529" /><E15/><V105/><F105/><W39/><G39/><T121/><D50/><U42/><E42/><AGARI ba="0,0" hai="11,14,19,32,33,40,41,42" m="37387,49259" machi="42" ten="30,1000,0" yaku="19,1" doraHai="0" who="2" fromWho="1" sc="327,0,117,-10,250,10,306,0" />
</Scene>
<Scene>
<INIT seed="2,0,0,0,1,40" ten="327,107,260,306" oya="2" hai0="83,134,77,25,14,60,121,86,87,95,123,11,71" hai1="91,3,92,6,130,1,114,57,108,62,63,105,107" hai2="135,54,51,16,110,75,2,49,10,32,122,29,125" hai3="131,79,109,84,119,127,61,8,37,4,97,15,64"/><V111/><F122/><W56/><G119/><T28/><D134/><U90/><E108/><N who="2" m="41515" /><F75/><W98/><G109/><T41/><D41/><U113/><E6/><V35/><F135/><W34/><G37/><T50/><D50/><U132/><E57/><V118/><F125/><W103/><G127/><T99/><D87/><U72/><E92/><V43/><F118/><W26/><G131/><T18/><D60/><U24/><E24/><V48/><F43/><W0/><G0/><T94/><D71/><U52/><E132/><V47/><F29/><W117/><G117/><T59/><D59/><U81/><E81/><V65/><F65/><W76/><G97/><T128/><D128/><U66/><E66/><V38/><F38/><W129/><G129/><T23/><REACH who="0" step="1"/><D95/><REACH who="0" ten="317,107,260,306" step="2"/><U39/><E39/><V58/><F49/><W33/><G84/><T55/><D55/><U74/><REACH who="1" step="1"/><E130/><REACH who="1" ten="317,97,260,306" step="2"/><V100/><F2/><W73/><G73/><T19/><D19/><U5/><E5/><V12/><F100/><AGARI ba="0,2" hai="11,14,18,23,25,28,77,83,86,94,99,100,121,123" machi="100" ten="30,2000,0" yaku="1,1,7,1,53,0" doraHai="40" doraHaiUra="68" who="0" fromWho="2" sc="317,40,97,0,260,-20,306,0" />
</Scene>
<Scene>
<INIT seed="3,0,0,5,2,13" ten="357,97,240,306" oya="3" hai0="127,87,74,102,48,94,75,34,5,59,124,78,134" hai1="11,60,131,52,106,118,122,8,81,72,120,30,79" hai2="6,129,14,135,83,77,1,121,0,71,116,16,85" hai3="117,84,40,70,66,103,33,100,65,111,12,18,86"/><W54/><G117/><T41/><D34/><U15/><E118/><V21/><F116/><W7/><G33/><T47/><D134/><U9/><E106/><V17/><F129/><W22/><G111/><T119/><D119/><U23/><E131/><V123/><F135/><W80/><G7/><T43/><D43/><U19/><REACH who="1" step="1"/><E30/><REACH who="1" ten="357,87,240,306" step="2"/><V25/><F71/><W35/><G70/><T55/><D127/><U104/><E104/><V49/><F49/><W63/><G40/><T28/><D28/><U62/><E62/><V90/><F77/><W2/><G35/><T36/><D124/><U110/><E110/><V27/><F27/><W101/><G2/><T132/><D132/><U133/><E133/><V64/><F0/><W51/><G63/><T105/><D105/><U92/><E92/><V58/><F1/><W38/><G38/><T95/><D95/><U115/><E115/><V45/><F6/><W20/><G80/><N who="0" m="47511" /><D5/><U114/><E114/><V73/><F73/><W97/><G66/><T113/><D113/><U126/><E126/><V44/><F64/><W96/><G65/><T31/><D31/><U29/><E29/><V10/><REACH who="2" step="1"/><F58/><AGARI ba="0,1" hai="8,9,11,15,19,23,52,58,60,72,79,81,120,122" machi="58" ten="40,8000,1" yaku="1,1,52,1,54,1,53,1" doraHai="13" doraHaiUra="76" who="1" fromWho="2" sc="357,0,87,90,240,-80,306,0" />
</Scene>
<Scene>
<INIT seed="4,0,0,1,3,18" ten="357,177,160,306" oya="0" hai0="32,82,52,76,46,101,108,87,126,34,29,57,116" hai1="107,62,78,117,124,134,91,128,23,53,39,41,14" hai2="66,65,42,69,19,61,9,114,59,109,37,27,8" hai3="68,48,135,36,55,3,67,50,111,92,5,33,132"/><T104/><D116/><U4/><E117/><V10/><F109/><W30/><G33/><T130/><D108/><U86/><E128/><V71/><F114/><W63/><G30/><T80/><D130/><U7/><E134/><N who="3" m="51242" /><G5/><T103/><D126/><U64/><E124/><V123/><F123/><W11/><G11/><T84/><D46/><U110/><E107/><V70/><F37/><W90/><G3/><T17/><D17/><U127/><E127/><V73/><F73/><W93/><G111/><T2/><D2/><U113/><E110/><V129/><F42/><W95/><G36/><T21/><D104/><U38/><E78/><V98/><F129/><W28/><G28/><T16/><D29/><U47/><E39/><V120/><F120/><W122/><G122/><T49/><D34/><U100/><E113/><V26/><F98/><N who="3" m="57623" /><G48/><T131/><D32/><U12/><E12/><V0/><F0/><W43/><G43/><T133/><D133/><U75/><E75/><V96/><F96/><W79/><G79/><N who="0" m="46111" /><D131/><U24/><E53/><V72/><F72/><W1/><G1/><T25/><AGARI ba="0,0" hai="16,21,25,49,52,57,76,82,87,101,103" m="46111" machi="25" ten="30,11700,0" yaku="8,1,52,1,54,2" doraHai="18" who="0" fromWho="0" sc="357,117,177,-39,160,-39,306,-39" />
</Scene>
<Scene>
<INIT seed="4,1,0,5,0,116" ten="474,138,121,267" oya="0" hai0="28,134,114,42,117,19,73,120,82,107,66,132,128" hai1="77,102,85,5,3,32,101,81,111,71,15,35,10" hai2="133,40,6,14,37,53,61,9,4,21,83,94,112" hai3="70,96,12,104,126,24,60,52,76,98,110,57,124"/><T95/><D107/><U22/><E111/><V84/><F112/><W115/><G110/><T7/><D7/><U49/><E71/><V25/><F133/><W131/><G115/><T72/><D28/><U55/><E35/><V27/><F94/><W69/><G131/><T65/><D42/><U135/><E135/><V33/><F37/><W64/><G76/><T18/><D95/><U87/><E32/><V93/><F93/><W39/><G39/><T90/><D82/><U105/><E105/><V88/><F40/><W74/><G74/><T1/><D1/><U122/><E85/><V113/><F113/><W34/><G12/><T68/><D114/><U26/><E3/><V8/><F33/><W36/><G36/><T41/><D41/><U17/><REACH who="1" step="1"/><E122/><REACH who="1" ten="474,128,121,267" step="2"/><V54/><F61/><W13/><G70/><T58/><D68/><U89/><E89/><V78/><F78/><W47/><G104/><T62/><D90/><U108/><E108/><V20/><F27/><W44/><G24/><T0/><D0/><U23/><E23/><V45/><F20/><W31/><G34/><T123/><D123/><U92/><E92/><V2/><REACH who="2" step="1"/><F45/><AGARI ba="1,1" hai="5,10,15,17,22,26,45,49,55,77,81,87,101,102" machi="45" ten="30,7700,0" yaku="1,1,7,1,8,1,53,1" doraHai="116" doraHaiUra="48" who="1" fromWho="2" sc="474,0,128,90,121,-80,267,0" />
</Scene>
<Scene>
<INIT seed="5,0,0,2,1,86" ten="474,218,41,267" oya="1" hai0="82,12,41,8,73,133,105,116,61,66,11,83,23" hai1="101,26,56,67,98,117,57,122,46,17,64,5,102" hai2="118,74,128,18,110,27,65,109,126,88,36,53,113" hai3="52,47,100,93,135,38,21,19,121,60,85,42,34"/><U62/><E122/><V120/><F118/><W28/><G121/><T75/><D116/><U15/><E117/><V119/><F120/><W99/><G135/><T6/><D105/><U58/><E5/><V44/><F119/><W2/><G2/><T76/><D41/><U129/><E129/><V13/><F128/><W48/><G34/><T97/><D97/><U112/><E112/><V54/><F126/><W59/><G28/><T31/><D133/><U49/><E26/><V33/><F74/><W87/><G38/><T130/><D130/><U50/><E50/><V20/><F65/><W134/><G134/><T107/><D107/><U30/><E30/><V79/><F79/><W68/><G68/><T35/><D35/><U55/><E101/><V103/><F113/><W94/><REACH who="3" step="1"/><G94/><REACH who="3" ten="474,218,41,257" step="2"/><T37/><D37/><U32/><E32/><V1/><F1/><W29/><G29/><T115/><D31/><U84/><E64/><V108/><F36/><W78/><G78/><T106/><D106/><U0/><E0/><V22/><F33/><W124/><G124/><T71/><D115/><U131/><E131/><V80/><F44/><W91/><G91/><T45/><D45/><U25/><E25/><AGARI ba="0,1" hai="19,21,25,42,47,48,52,59,60,85,87,93,99,100" machi="25" ten="30,8000,1" yaku="1,1,7,1,8,1,54,1,53,1" doraHai="86" doraHaiUra="43" who="3" fromWho="1" sc="474,0,218,-80,41,0,257,90" />
</Scene>
<Scene>
<INIT seed="6,0,0,4,2,34" ten="474,138,41,347" oya="2" hai0="132,96,76,12,48,39,59,80,27,40,93,54,45" hai1="52,38,41,22,84,58,128,77,26,53,9,124,51" hai2="89,86,20,79,69,100,3,118,1,72,14,29,127" hai3="108,123,87,7,112,16,126,32,113,35,83,0,24"/><V11/><F118/><W130/><G123/><T111/><D132/><U36/><E124/><V106/><F69/><W95/><G126/><T25/><D111/><U17/><E128/><V125/><F29/><W43/><G43/><T103/><D12/><U19/><E41/><V74/><F127/><W121/><G121/><T81/><D81/><U122/><E122/><V46/><F125/><W63/><G108/><T42/><D42/><U4/><E19/><V107/><F46/><W90/><G130/><T120/><D120/><U5/><E5/><V99/><F20/><N who="3" m="13319" /><G63/><T119/><D119/><U64/><E64/><V44/><F44/><W67/><G67/><T13/><D13/><U62/><E84/><AGARI ba="0,0" hai="25,27,39,40,45,48,54,59,76,80,84,93,96,103" machi="84" ten="30,1000,0" yaku="7,1" doraHai="34" who="0" fromWho="1" sc="474,10,138,-10,41,0,347,0" />
</Scene>
<Scene>
<INIT seed="7,0,0,0,4,18" ten="484,128,41,347" oya="3" hai0="14,51,34,89,101,20,130,131,74,7,23,92,37" hai1="115,77,64,32,21,129,110,44,106,22,114,76,121" hai2="132,127,91,85,99,10,118,60,49,61,90,65,28" hai3="68,24,47,113,66,48,98,71,126,94,57,107,123"/><W12/><G123/><T13/><D37/><U63/><E32/><V72/><F118/><W102/><G107/><T8/><D34/><U105/><E110/><V29/><F127/><W112/><G126/><T30/><D74/><U59/><E121/><V52/><F132/><W97/><G97/><N who="0" m="57487" /><D101/><U67/><E44/><V75/><F10/><W133/><G133/><T88/><D30/><U40/><E40/><V11/><F11/><W95/><G94/><T39/><D39/><U58/><REACH who="1" step="1"/><E63/><REACH who="1" ten="484,118,41,347" step="2"/><V109/><F109/><W16/><G113/><T33/><D51/><U79/><E79/><V3/><F3/><W31/><G112/><T69/><D14/><U41/><E41/><V9/><F61/><W5/><G66/><T73/><D8/><U6/><E6/><V103/><F60/><W93/><G5/><T42/><D69/><U87/><E87/><V36/><F65/><W43/><G57/><T17/><D17/><U116/><E116/><V124/><F36/><W81/><G81/><T38/><D13/><U80/><E80/><V78/><F124/><W100/><G100/><T119/><D38/><U96/><E96/><V46/><F75/><W83/><G83/><T25/><D25/><U134/><E134/><V70/><F72/><W2/><G2/><T26/><D130/><AGARI ba="0,1" hai="21,22,58,59,64,67,76,77,105,106,114,115,129,130" machi="130" ten="25,12000,2" yaku="1,1,22,2,52,2,53,2" doraHai="18" doraHaiUra="53" who="1" fromWho="0" sc="484,-120,118,130,41,0,347,0" owari="364,46.0,248,-15.0,41,-46.0,347,15.0" />
</Scene>
</mjloggm>