<mjloggm ver="2.3"><GO type="97"/><UN n0="%6D%61%67%69%63%6F" n1="%E5%A4%AA%E3%81%8F%E3%81%AA%E3%81%84%E3%81%8A" n2="%48%41%52%45%4D" n3="%E3%81%9F%E3%83%BC%E3%81%9F" dan="15,14,15,13" rate="1881,2013,2032,1820" sx="M,M,M,M"/><TAIKYOKU oya="0"/>

<Scene>
<INIT seed="0,0,0,4,5,18" ten="250,250,250,250" oya="0" hai0="33,91,114,106,61,116,6,83,20,131,72,93,73" hai1="5,82,10,75,0,56,60,98,55,12,130,90,25" hai2="134,8,39,43,49,36,11,15,132,41,107,105,21" hai3="133,2,52,81,119,117,95,4,29,40,22,9,3"/><T104/><D33/><U88/><E130/><V124/><F49/><W110/><G2/><T54/><D114/><U92/><E25/><V135/><F124/><W53/><G40/><N who="2" m="15433" /><F21/><W123/><G119/><T108/><D116/><U118/><E118/><V99/><F99/><W65/><G117/><T66/><D131/><U31/><E31/><V62/><F62/><W100/><G110/><T30/><D108/><U112/><E112/><V47/><F47/><W42/><G133/><T32/><D32/><U109/><E109/><V1/><F15/><W97/><G123/><T126/><D126/><U127/><E127/><V57/><F57/><W115/><G115/><T86/><D54/><U48/><E0/><V77/><F77/><W44/><G65/><T111/><D111/><U26/><E26/><V34/><F34/><W113/><G81/><T89/><D72/><U46/><E75/><V58/><F58/><W80/><G80/><T27/><D73/><U24/><E24/><V103/><F103/><W84/><G113/><T7/><D104/><N who="2" m="40010" /><F1/><W51/><REACH who="3" step="1"/><G84/><REACH who="3" ten="250,250,250,240" step="2"/><N who="0" m="52391" /><D106/><U38/><E38/><AGARI ba="0,1" hai="8,11,36,38,39,132,134,135" m="40010,15433" machi="38" ten="40,5200,0" yaku="28,2,20,1" doraHai="18" who="2" fromWho="1" sc="250,0,250,-52,250,62,240,0" />
</Scene>
<Scene>
<INIT seed="1,0,0,5,3,5" ten="250,198,312,240" oya="1" hai0="130,24,32,34,88,16,104,56,54,64,50,37,26" hai1="19,39,31,76,127,44,131,91,53,75,68,92,89" hai2="10,128,38,20,40,118,108,105,41,117,122,70,107" hai3="116,114,85,134,132,125,96,35,47,80,113,71,120"/><U21/><E68/><V123/><F20/><W72/><G35/><T7/><D104/><U59/><E127/><V58/><F58/><W36/><G47/><T52/><D37/><U8/><E131/><V83/><F83/><W29/><G29/><T77/><D77/><U100/><E75/><V124/><F124/><W61/><G61/><T94/><D64/><U73/><E73/><V65/><F65/><W69/><G36/><T111/><D130/><U115/><E76/><V30/><F38/><W18/><G18/><T4/><D32/><U112/><E112/><V79/><F79/><N who="3" m="44135" /><G125/><T90/><D34/><U62/><E115/><N who="3" m="44042" /><G71/><T102/><D111/><U3/><E3/><V13/><F108/><W103/><G69/><T74/><D74/><U43/><E31/><V82/><F82/><W109/><G109/><T63/><D63/><BYE who="0" /><U14/><REACH who="1" step="1"/><E21/><REACH who="1" ten="250,188,312,240" step="2"/><V97/><F30/><W42/><G120/><T55/><D55/><U110/><E110/><V133/><F70/><W93/><G116/><T67/><D67/><U46/><E46/><UN n0="%6D%61%67%69%63%6F" /><V28/><F28/><W49/><G85/><T27/><D54/><U129/><E129/><V119/><F128/><W98/><G42/><T17/><D52/><U0/><E0/><V1/><F1/><W66/><G66/><T84/><D84/><U15/><E15/><V45/><F45/><W11/><G11/><T86/><D86/><U135/><E135/><N who="3" m="51754" /><G96/><AGARI ba="0,1" hai="8,14,19,39,43,44,53,59,62,89,91,92,96,100" machi="96" ten="40,7700,0" yaku="1,1,52,1,53,1" doraHai="5" doraHaiUra="48" who="1" fromWho="3" sc="250,0,188,87,312,0,240,-77" />
</Scene>
<Scene>
<INIT seed="1,1,0,2,1,44" ten="250,275,312,163" oya="1" hai0="17,100,0,18,95,80,114,102,133,97,40,96,23" hai1="3,31,56,50,2,63,130,66,19,101,99,4,125" hai2="118,131,12,58,67,89,9,24,121,127,39,88,49" hai3="10,103,43,109,110,35,69,132,84,107,30,92,25"/><U71/><E130/><V7/><F121/><W27/><G10/><T122/><D122/><U46/><BYE who="0" /><E125/><V22/><F127/><UN n0="%6D%61%67%69%63%6F" /><W13/><G13/><T115/><D0/><U106/><E31/><V45/><F131/><W21/><G43/><T1/><D1/><U11/><E19/><N who="2" m="12383" /><F39/><W68/><G132/><T91/><D133/><U76/><E76/><V112/><F118/><W62/><G84/><T129/><D129/><U124/><E124/><V70/><F70/><W116/><G92/><T20/><D40/><U75/><E75/><V51/><F112/><W104/><G116/><T126/><D126/><U135/><E135/><V108/><F108/><N who="3" m="41579" /><G103/><T6/><D6/><U93/><E2/><V64/><F64/><N who="3" m="40983" /><G69/><T74/><D74/><U119/><E119/><V32/><F32/><W15/><G15/><T55/><D114/><U120/><E120/><V81/><F81/><W42/><G42/><T123/><D115/><U14/><E3/><V83/><F83/><W29/><AGARI ba="1,0" hai="21,25,27,29,30,35,104,107" m="40983,41579" machi="29" ten="30,1100,0" yaku="14,1" doraHai="44" who="3" fromWho="3" sc="250,-4,275,-6,312,-4,163,14" />
</Scene>
<Scene>
<INIT seed="2,0,0,3,1,22" ten="246,269,308,177" oya="2" hai0="86,110,7,75,13,44,129,26,61,1,132,108,60" hai1="68,62,111,59,123,66,29,93,105,5,80,69,9" hai2="67,85,94,17,124,83,103,50,87,63,109,73,135" hai3="91,46,38,126,72,95,49,8,42,90,32,92,51"/><V106/><F106/><W19/><G126/><T79/><D75/><U127/><E105/><V14/><F124/><W11/><G72/><T77/><D1/><U116/><E116/><V125/><F125/><W28/><G38/><T41/><D129/><U133/><E127/><V2/><F2/><W113/><G113/><T3/><D3/><U117/><E117/><V99/><F135/><W102/><G102/><T43/><D132/><U114/><E114/><V82/><F109/><W48/><G42/><T18/><D7/><U119/><E119/><V70/><F50/><W24/><G46/><T21/><D13/><U120/><E133/><V40/><F40/><N who="0" m="15434" /><D44/><U52/><E111/><N who="0" m="42537" /><D86/><U45/><E45/><V34/><F34/><W98/><REACH who="3" step="1"/><G19/><REACH who="3" ten="246,269,308,167" step="2"/><T37/><D37/><U35/><E120/><V112/><F112/><W27/><G27/><T74/><D74/><U31/><E123/><V88/><F73/><W89/><G89/><T23/><D79/><U12/><E5/><V97/><F103/><W65/><G65/><T4/><D77/><U101/><E66/><V25/><F25/><W100/><G100/><T57/><D4/><U84/><E101/><V47/><F47/><W56/><G56/><T64/><D64/><U131/><E59/><V6/><F6/><W20/><G20/><N who="0" m="13591" /><D57/><U128/><E128/><V121/><F121/><W76/><G76/><T53/><D53/><U33/><E52/><V118/><F118/><W30/><G30/><T39/><D39/><U96/><E31/><V36/><F36/><W16/><G16/><T81/><D21/><U55/><E131/><RYUUKYOKU ba="0,1" sc="246,-10,269,-10,308,-10,167,30" hai3="8,11,24,28,32,48,49,51,90,91,92,95,98" />
</Scene>
<Scene>
<INIT seed="3,1,1,2,1,110" ten="236,259,298,197" oya="3" hai0="94,12,77,70,131,101,121,125,90,97,87,63,119" hai1="46,23,42,74,103,19,9,104,116,36,29,37,31" hai2="85,7,38,34,11,25,66,51,55,73,5,93,69" hai3="2,123,14,88,120,126,78,99,117,71,118,109,102"/><W81/><BYE who="0" /><G71/><UN n0="%6D%61%67%69%63%6F" /><T111/><D119/><N who="3" m="45577" /><G14/><T80/><D121/><N who="3" m="46665" /><G2/><T24/><D24/><U134/><E116/><V45/><F38/><W40/><G40/><T105/><D12/><U35/><E74/><V65/><F73/><N who="3" m="43215" /><G126/><T95/><D63/><U50/><E9/><V33/><F69/><W129/><G129/><T75/><D70/><U56/><E56/><V113/><F33/><W67/><G67/><T17/><D17/><U124/><E35/><V79/><F25/><W112/><G109/><T76/><D111/><U62/><E62/><V54/><F34/><W108/><G108/><T84/><D131/><U22/><E124/><V13/><F7/><W96/><G88/><T59/><D59/><U1/><BYE who="0" /><E1/><V28/><F28/><UN n0="%6D%61%67%69%63%6F" /><W72/><G72/><T107/><D125/><U39/><E23/><V27/><F27/><W47/><G47/><T41/><D41/><U58/><E58/><V135/><F13/><W115/><G99/><T114/><D75/><U4/><E4/><V10/><F5/><W68/><G68/><T53/><D97/><N who="1" m="61551" /><E19/><V133/><F65/><W49/><G49/><T98/><D98/><U91/><E91/><N who="2" m="53487" /><F66/><W89/><G89/><T52/><D90/><U44/><E44/><N who="2" m="28007" /><F11/><W16/><G16/><T92/><D53/><U106/><E31/><V100/><F10/><W8/><G8/><T0/><D52/><U15/><E29/><V61/><F61/><W130/><G130/><T82/><D0/><U86/><E15/><V20/><F20/><W128/><G128/><T127/><D127/><U57/><E22/><V48/><F55/><RYUUKYOKU ba="1,1" sc="236,-10,259,-10,298,-10,197,30" hai3="96,102,112,115" />
</Scene>
<Scene>
<INIT seed="3,2,1,3,4,3" ten="226,249,288,227" oya="3" hai0="87,85,18,1,127,31,77,12,5,20,75,22,51" hai1="97,67,100,132,94,128,129,17,83,28,78,111,79" hai2="95,65,38,8,21,50,48,126,26,33,96,39,60" hai3="57,135,32,113,35,37,122,91,124,45,134,55,58"/><W6/><G122/><T54/><D127/><U110/><E28/><V71/><F126/><W86/><G124/><T52/><D75/><N who="1" m="43487" /><E67/><V42/><F8/><W70/><G113/><T130/><D130/><N who="1" m="50283" /><E17/><V82/><F82/><W98/><G70/><T14/><D1/><U80/><E132/><N who="3" m="50730" /><G98/><T10/><D54/><U29/><E29/><V36/><F33/><N who="3" m="12875" /><G6/><T89/><D31/><U125/><E125/><V68/><F68/><W99/><G99/><T114/><D114/><U9/><E9/><V119/><F119/><W47/><G37/><T90/><D22/><U81/><E81/><V59/><F71/><W117/><G117/><T118/><D118/><U0/><E0/><V103/><F42/><W73/><G73/><AGARI ba="2,1" hai="73,79,80,94,97,100,110,111" m="50283,43487" machi="73" ten="30,3900,0" yaku="19,1,34,2" doraHai="3" who="1" fromWho="3" sc="226,0,249,55,288,0,227,-45" owari="226,-17.0,304,40.0,288,9.0,182,-32.0" />
</Scene>
</mjloggm>