<mjloggm ver="2.3"><GO type="169" lobby="0"/><UN n0="%E5%90%A0%E3%81%88%E3%82%8B%E5%BD%A1%E2%98%86" n1="%E5%A4%AA%E3%81%8F%E3%81%AA%E3%81%84%E3%81%8A" n2="%E5%B7%A3%E4%BD%9C%E3%82%8A%E3%83%89%E3%83%A9%E3%82%B4%E3%83%B3" n3="%68%61%67%69%31%30%32%39" dan="16,18,16,16" rate="2125.54,2240.08,2067.16,2034.79" sx="M,F,M,M"/><TAIKYOKU oya="0"/>

<Scene>
<INIT seed="0,0,0,2,2,40" ten="250,250,250,250" oya="0" hai0="9,128,34,117,122,55,130,18,19,14,0,76,67" hai1="16,75,96,5,2,73,91,38,131,81,50,103,129" hai2="57,31,47,71,111,88,113,11,124,59,89,3,107" hai3="61,105,118,36,121,83,98,62,85,41,33,115,15"/><T108/><D67/><U10/><E38/><V24/><F113/><W44/><G33/><T60/><D117/><U102/><E50/><V77/><F111/><W97/><G115/><T132/><D122/><U7/><E7/><V133/><F71/><W70/><G118/><T87/><D132/><U54/><E54/><V45/><F107/><W94/><G121/><T35/><D108/><U134/><E134/><V52/><F133/><W42/><G42/><T74/><D74/><N who="1" m="28171" /><E16/><V25/><F124/><W23/><G70/><T100/><D100/><U32/><E32/><V37/><F37/><W63/><G105/><T101/><D101/><U4/><E4/><V12/><F77/><W8/><G23/><T17/><D0/><U69/><E69/><V53/><F3/><W68/><G94/><T123/><D123/><U127/><E127/><V49/><F12/><W79/><REACH who="3" step="1"/><G68/><REACH who="3" ten="250,250,250,240" step="2"/><T43/><D43/><U39/><E129/><N who="0" m="49769" /><D34/><U93/><E131/><V114/><F114/><W86/><G86/><T84/><D35/><U13/><E93/><V119/><F119/><W66/><G66/><T106/><D106/><U78/><E81/><V112/><F112/><W125/><G125/><T99/><D99/><U82/><E82/><V90/><F11/><W80/><G80/><N who="0" m="47111" /><D87/><U116/><E116/><V29/><REACH who="2" step="1"/><F90/><REACH who="2" ten="250,250,240,240" step="2"/><W65/><G65/><T48/><D60/><U58/><E91/><V51/><AGARI ba="0,2" hai="24,25,29,31,45,47,49,51,52,53,57,59,88,89" machi="51" ten="25,16000,3" yaku="1,1,2,1,0,1,22,2,8,1,52,2,54,2,53,0" doraHai="40" doraHaiUra="56" who="2" fromWho="2" sc="250,-80,250,-40,240,180,240,-40" />
</Scene>
<Scene>
<INIT seed="1,0,0,2,3,133" ten="170,210,420,200" oya="1" hai0="123,62,122,51,127,113,109,50,117,131,100,59,8" hai1="79,3,20,58,126,2,78,46,94,82,61,121,71" hai2="107,64,47,130,19,76,83,116,111,55,110,39,104" hai3="132,106,42,60,0,129,31,87,90,70,118,101,5"/><U41/><E121/><N who="0" m="46089" /><D113/><U84/><E71/><V67/><F116/><W1/><G42/><T56/><D117/><U44/><E79/><V21/><F130/><W12/><G31/><T75/><D75/><U74/><E44/><V48/><F39/><W91/><G91/><T95/><D131/><U28/><E28/><V105/><F67/><W49/><G49/><N who="0" m="18443" /><D109/><U99/><E74/><V81/><F64/><W40/><G106/><T102/><D127/><U103/><E20/><V30/><F30/><W11/><G0/><T114/><D114/><U37/><REACH who="1" step="1"/><E126/><REACH who="1" ten="170,200,420,200" step="2"/><V13/><REACH who="2" step="1"/><F81/><REACH who="2" ten="170,200,410,200" step="2"/><N who="3" m="49519" /><G118/><T22/><D22/><U68/><E68/><V33/><F33/><W54/><G70/><T80/><D8/><U92/><E92/><V119/><F119/><W112/><G11/><T120/><D120/><U97/><E97/><V25/><F25/><W66/><G129/><T14/><D95/><U128/><E128/><V135/><F135/><W108/><G132/><T15/><D80/><U45/><E45/><V65/><F65/><AGARI ba="0,2" hai="2,3,37,41,46,58,61,65,78,82,84,94,99,103" machi="65" ten="30,5800,0" yaku="1,1,7,1,53,1" doraHai="133" doraHaiUra="53" who="1" fromWho="2" sc="170,0,200,78,410,-58,200,0" />
</Scene>
<Scene>
<INIT seed="1,1,0,2,0,41" ten="170,278,352,200" oya="1" hai0="68,72,16,14,58,20,134,54,38,53,31,95,12" hai1="69,103,6,30,52,126,77,127,26,64,130,0,102" hai2="124,29,49,81,86,108,119,132,82,90,87,135,110" hai3="48,96,8,42,91,109,25,74,47,63,71,80,99"/><U50/><E130/><V35/><F119/><W62/><G109/><N who="2" m="42089" /><F29/><W106/><G8/><T32/><D68/><U46/><E77/><N who="2" m="46383" /><F35/><W36/><G106/><T37/><D72/><U7/><E69/><V98/><F49/><W84/><G74/><T93/><D134/><N who="2" m="51242" /><F98/><W114/><G114/><T56/><D32/><U2/><E64/><V17/><F17/><W59/><G71/><T43/><D31/><U83/><E6/><V27/><F27/><W1/><G25/><T33/><D33/><U107/><E7/><V73/><F73/><W66/><G48/><T24/><D24/><U67/><E67/><V92/><F82/><W88/><G63/><T40/><D20/><U112/><E83/><V76/><F76/><W61/><G61/><T121/><REACH who="0" step="1"/><D16/><REACH who="0" ten="160,278,352,200" step="2"/><U28/><E26/><V9/><F9/><W94/><REACH who="3" step="1"/><G1/><REACH who="3" ten="160,278,352,190" step="2"/><T113/><D113/><U115/><E112/><V78/><F78/><W133/><G133/><T116/><D116/><U44/><E115/><V34/><F34/><W128/><G128/><T39/><D39/><U131/><E131/><V104/><F104/><W22/><G22/><T4/><D4/><U125/><E107/><V13/><F13/><W45/><G45/><T11/><D11/><U23/><E23/><V75/><F75/><W122/><G122/><AGARI ba="1,2" hai="12,14,37,38,40,43,53,54,56,58,93,95,121,122" machi="122" ten="25,3200,0" yaku="1,1,22,2,53,0" doraHai="41" doraHaiUra="123" who="0" fromWho="3" sc="160,55,278,0,352,0,190,-35" />
</Scene>
<Scene>
<INIT seed="2,0,0,1,1,109" ten="215,278,352,155" oya="2" hai0="66,113,97,69,83,34,77,106,30,84,102,98,126" hai1="19,127,134,71,125,82,85,48,111,41,105,128,13" hai2="120,104,39,25,2,17,3,90,22,16,4,119,117" hai3="101,49,123,118,108,44,107,35,124,50,46,68,88"/><V5/><F39/><W63/><G118/><N who="2" m="45065" /><F90/><W40/><G35/><T9/><D126/><U95/><E105/><V42/><F42/><W32/><G32/><T51/><D97/><U60/><E95/><V133/><F104/><W115/><G108/><T79/><D51/><U75/><E75/><V15/><F120/><W70/><G123/><T0/><D79/><U24/><E41/><V130/><F130/><W112/><G124/><T14/><D0/><N who="2" m="42" /><F133/><W131/><G131/><T33/><D113/><N who="3" m="43593" /><G63/><T20/><D20/><AGARI ba="0,0" hai="4,5,15,16,17,20,22,25" m="42,45065" machi="20" ten="30,5800,0" yaku="34,2,54,1" doraHai="109" who="2" fromWho="0" sc="215,-58,278,0,352,58,155,0" />
</Scene>
<Scene>
<INIT seed="2,1,0,5,2,27" ten="157,278,410,155" oya="2" hai0="98,96,32,11,54,49,52,50,3,28,33,4,132" hai1="17,44,48,81,67,115,80,25,90,89,135,86,113" hai2="93,41,38,18,114,42,12,108,62,130,72,55,15" hai3="14,16,70,120,10,69,83,105,103,2,45,117,107"/><V8/><F114/><W30/><G117/><T46/><D132/><U128/><E135/><V19/><F130/><W53/><G120/><T40/><D40/><U74/><E128/><V5/><F108/><W29/><G2/><T58/><D33/><U47/><E67/><V91/><F72/><W122/><G122/><T24/><AGARI ba="1,0" hai="3,4,11,24,28,32,46,49,50,52,54,58,96,98" machi="24" ten="30,4000,0" yaku="0,1,52,1,54,1" doraHai="27" who="0" fromWho="0" sc="157,43,278,-11,410,-21,155,-11" />
</Scene>
<Scene>
<INIT seed="3,0,0,4,2,8" ten="200,267,389,144" oya="3" hai0="119,82,40,3,80,28,26,30,95,68,20,94,134" hai1="106,69,75,38,97,60,64,71,90,41,103,57,61" hai2="111,36,19,59,114,44,96,32,98,99,104,15,66" hai3="43,109,2,87,92,70,45,67,76,29,27,4,89"/><W13/><G2/><T14/><D119/><U0/><E0/><V37/><F111/><W131/><G131/><T120/><D120/><U122/><E122/><V107/><F32/><W74/><G109/><T112/><D3/><U47/><E75/><V48/><F114/><W56/><G70/><T49/><D134/><U79/><E79/><V9/><F66/><W16/><G4/><T84/><D68/><U6/><E6/><V11/><F59/><W83/><G56/><T135/><D135/><U25/><E61/><V51/><F11/><W85/><G67/><T24/><D112/><U42/><E42/><V101/><F51/><W130/><G130/><T34/><D14/><U123/><E123/><V117/><F117/><W53/><G53/><T132/><D132/><U22/><REACH who="1" step="1"/><E90/><REACH who="1" ten="200,257,389,144" step="2"/><V31/><F107/><W133/><G133/><T100/><D100/><U127/><E127/><V54/><F104/><W124/><G124/><T58/><D40/><U108/><E108/><V35/><F101/><W10/><G29/><AGARI ba="0,1" hai="22,25,29,38,41,47,57,60,64,69,71,97,103,106" machi="29" ten="30,2000,0" yaku="1,1,7,1,53,0" doraHai="8" doraHaiUra="128" who="1" fromWho="3" sc="200,0,257,30,389,0,144,-20" />
</Scene>
<Scene>
<INIT seed="4,0,0,3,2,134" ten="200,287,389,124" oya="0" hai0="14,131,66,122,92,129,2,71,21,99,37,46,19" hai1="74,15,91,70,78,54,39,10,98,115,81,32,85" hai2="97,119,35,55,132,25,89,8,34,76,53,62,109" hai3="67,59,23,7,126,95,13,87,111,51,130,77,29"/><T16/><D2/><U58/><E32/><V82/><F109/><W11/><G111/><T33/><D33/><U42/><E70/><V101/><F89/><W68/><G130/><N who="0" m="49675" /><D122/><U38/><E115/><V27/><F132/><W94/><G68/><T100/><D71/><U3/><E3/><V52/><F62/><N who="3" m="38367" /><G51/><T123/><D123/><U88/><E98/><V127/><F119/><W110/><G110/><T49/><D19/><U12/><E42/><V0/><F34/><W43/><G43/><N who="0" m="24799" /><D66/><U64/><E64/><V26/><F35/><W124/><G29/><T112/><D37/><U83/><E91/><V79/><F8/><W31/><G31/><T118/><D112/><U84/><E74/><V125/><F0/><W48/><G48/><T114/><D114/><U45/><E45/><V65/><F65/><W75/><G23/><T116/><AGARI ba="0,0" hai="14,16,21,92,99,100,116,118" m="24799,49675" machi="116" ten="30,3000,0" yaku="19,1,54,1" doraHai="134" who="0" fromWho="0" sc="200,30,287,-10,389,-10,124,-10" />
</Scene>
<Scene>
<INIT seed="4,1,0,4,1,107" ten="230,277,379,114" oya="0" hai0="111,37,25,121,34,81,17,126,54,23,82,57,49" hai1="72,56,70,12,39,52,91,68,90,80,92,115,113" hai2="47,9,33,30,93,2,22,1,35,71,76,75,24" hai3="94,98,65,5,109,127,110,55,130,19,83,97,27"/><T117/><D117/><U15/><E39/><V41/><F71/><W29/><G127/><T88/><D121/><U26/><E26/><V100/><F100/><W134/><G134/><T6/><D37/><U4/><E70/><V3/><F93/><W42/><G130/><T21/><D126/><U7/><E68/><V114/><F114/><N who="1" m="43529" /><E12/><V45/><F45/><W48/><G65/><T51/><D34/><U105/><E105/><V129/><F129/><W108/><G42/><T119/><D119/><U132/><E132/><V58/><F58/><W59/><G5/><N who="1" m="2122" /><E15/><V63/><F1/><W74/><G94/><T14/><D111/><U104/><E104/><V31/><F24/><W128/><G128/><T131/><D131/><U53/><E56/><V125/><F33/><W135/><G135/><T0/><D0/><U102/><E102/><V73/><F35/><W133/><G133/><T50/><D6/><U43/><E43/><V112/><F125/><W116/><G116/><T124/><D124/><U96/><E91/><V18/><F41/><W62/><G19/><N who="0" m="12479" /><D88/><U123/><E123/><V10/><F112/><W36/><G36/><T28/><D28/><N who="2" m="10794" /><F18/><W11/><G11/><T101/><D101/><U60/><E60/><AGARI ba="1,0" hai="14,17,23,49,50,51,54,57,60,81,82" m="12479" machi="60" ten="30,1500,0" yaku="8,1" doraHai="107" who="0" fromWho="1" sc="230,18,277,-18,379,0,114,0" />
</Scene>
<Scene>
<INIT seed="4,2,0,0,5,75" ten="248,259,379,114" oya="0" hai0="9,44,1,36,46,134,132,131,72,27,43,81,57" hai1="113,95,114,83,91,28,53,84,8,58,110,60,119" hai2="115,37,103,5,33,111,38,85,106,112,20,0,45" hai3="54,127,50,49,107,22,104,117,12,62,79,24,40"/><T71/><D71/><U2/><E110/><V35/><F20/><W122/><G117/><T34/><D131/><U13/><E119/><V89/><F111/><W70/><G12/><T86/><D46/><U11/><E28/><V17/><F17/><W90/><G90/><T118/><D57/><U98/><E2/><V56/><F56/><W19/><G40/><T64/><D64/><U99/><E99/><N who="2" m="61823" /><F89/><W82/><G127/><T120/><D118/><U77/><REACH who="1" step="1"/><E13/><REACH who="1" ten="248,249,379,114" step="2"/><V108/><F108/><W100/><G122/><T21/><D120/><U63/><E63/><V10/><F115/><AGARI ba="2,1" hai="8,11,53,58,60,77,83,84,91,95,98,113,114,115" machi="115" ten="40,12000,2" yaku="1,1,15,1,11,1,52,1,53,2" doraHai="75" doraHaiUra="6" who="1" fromWho="2" sc="248,0,249,136,379,-126,114,0" />
</Scene>
<Scene>
<INIT seed="5,0,0,5,0,5" ten="248,385,253,114" oya="1" hai0="31,41,36,123,1,76,79,84,87,38,46,73,3" hai1="96,105,9,53,75,72,80,23,21,128,99,67,42" hai2="45,134,108,0,63,112,90,70,32,117,124,4,109" hai3="88,69,107,91,77,71,104,40,39,49,13,119,94"/><U97/><E105/><V12/><F117/><W47/><G119/><T59/><D123/><U131/><E42/><V29/><F134/><W20/><G77/><T126/><D126/><U93/><E67/><V34/><F124/><W127/><G127/><T35/><D73/><N who="1" m="28235" /><E80/><V37/><F12/><W55/><G71/><T120/><D120/><U58/><E93/><V125/><F90/><W116/><G69/><T83/><D59/><U133/><E133/><V19/><F19/><W61/><G61/><T85/><D85/><U26/><E26/><V60/><F60/><W82/><G116/><T33/><D31/><U7/><E58/><V8/><F125/><W68/><G68/><T111/><D83/><U98/><E53/><V89/><F89/><W18/><G82/><T48/><D48/><U15/><E98/><V121/><F121/><W10/><G91/><T118/><D118/><U25/><E25/><V24/><F34/><W66/><G20/><T65/><D41/><U6/><E6/><V95/><F95/><W115/><G66/><T62/><D62/><U44/><E44/><V64/><REACH who="2" step="1"/><F112/><REACH who="2" ten="248,385,243,114" step="2"/><W103/><G115/><T17/><D76/><U78/><E78/><V28/><F28/><W101/><G101/><T51/><D79/><U22/><E15/><V102/><F102/><W100/><G100/><T2/><D2/><U56/><E131/><V135/><F135/><W14/><G103/><T43/><D3/><U129/><E128/><V92/><F92/><W113/><G113/><T81/><D1/><U110/><E129/><V106/><F106/><W52/><G14/><RYUUKYOKU ba="0,1" sc="248,-10,385,-10,243,30,114,-10" hai2="0,4,8,24,29,32,37,45,63,64,70,108,109" />
</Scene>
<Scene>
<INIT seed="6,1,1,2,4,41" ten="238,375,273,104" oya="2" hai0="130,125,48,40,0,82,104,13,72,109,10,85,20" hai1="17,115,59,114,87,19,63,6,121,73,84,100,3" hai2="123,69,61,28,92,43,108,133,89,55,98,8,24" hai3="33,65,113,107,51,45,56,127,54,77,53,36,96"/><V80/><F123/><W18/><G33/><T135/><D109/><U22/><E73/><V122/><F122/><W128/><G128/><T16/><D130/><U12/><E121/><V86/><F133/><W126/><G77/><T21/><D104/><U7/><E100/><V117/><F117/><W90/><G36/><T25/><D135/><U29/><E29/><V68/><F108/><W78/><G78/><T76/><D125/><U119/><E119/><V38/><F8/><W70/><G18/><T118/><D118/><U30/><E30/><V129/><F129/><W110/><G110/><T91/><D0/><U134/><E134/><V116/><F116/><W62/><G113/><N who="1" m="43018" /><E17/><V46/><F55/><N who="3" m="30191" /><G90/><T97/><D97/><U11/><E6/><V47/><F61/><N who="3" m="40239" /><G96/><T124/><D124/><N who="3" m="47657" /><G107/><T111/><D111/><U74/><E74/><V99/><F99/><W27/><G27/><T35/><D35/><U50/><E87/><V15/><F15/><W88/><G88/><T37/><D37/><U26/><E84/><V66/><F86/><W60/><G60/><T1/><D1/><U57/><E63/><N who="2" m="40031" /><F80/><W93/><G93/><T83/><REACH who="0" step="1"/><D25/><REACH who="0" ten="228,375,273,104" step="2"/><U95/><E26/><V58/><F24/><W4/><G4/><T39/><D39/><U101/><E3/><V131/><F38/><W23/><G23/><T102/><D102/><U79/><E7/><V49/><F131/><W32/><G32/><T81/><D81/><U5/><E5/><V112/><F98/><W14/><G14/><T105/><D105/><U132/><E132/><V106/><F106/><W2/><G2/><RYUUKYOKU ba="1,2" sc="228,15,375,-15,273,-15,104,15" hai0="10,13,16,20,21,40,48,72,76,82,83,85,91" hai3="53,54,56,62" />
</Scene>
<Scene>
<INIT seed="7,2,2,4,0,18" ten="243,360,258,119" oya="3" hai0="1,3,50,116,68,89,94,40,69,108,67,123,134" hai1="35,38,25,32,28,101,57,8,0,54,2,81,7" hai2="88,113,91,74,48,97,87,60,30,16,114,47,56" hai3="33,103,31,95,129,121,15,58,126,76,34,49,43"/><W45/><G121/><T78/><D123/><U118/><E38/><V106/><F74/><W52/><G129/><T117/><D108/><U111/><E111/><V10/><F30/><W39/><G126/><T77/><D134/><U119/><E101/><V55/><F106/><W9/><G76/><T70/><D67/><U22/><E0/><V72/><F72/><W104/><G104/><T131/><D131/><U110/><E81/><N who="2" m="49263" /><F97/><W130/><G130/><T61/><D61/><N who="1" m="36023" /><E110/><V90/><F113/><W84/><G31/><T59/><D3/><U93/><E93/><V115/><F114/><W85/><G85/><T79/><D1/><U19/><E28/><V120/><F115/><W26/><G26/><T102/><D102/><U99/><E99/><V135/><F135/><W132/><G132/><T24/><D24/><U6/><E6/><V100/><F100/><W75/><G75/><T29/><D29/><U21/><E21/><V107/><F107/><W37/><G39/><T46/><REACH who="0" step="1"/><D59/><REACH who="0" ten="233,360,258,119" step="2"/><U109/><E109/><V4/><F120/><W105/><G105/><T112/><D112/><U63/><E63/><V127/><F127/><W36/><G36/><T82/><D82/><U66/><E66/><N who="2" m="39175" /><F4/><N who="3" m="3495" /><G103/><T64/><D64/><U65/><E65/><V86/><F86/><AGARI ba="2,3" hai="40,46,50,68,69,70,77,78,79,86,89,94,116,117" machi="86" ten="50,3200,0" yaku="1,1,53,1" doraHai="18" doraHaiUra="83" who="0" fromWho="2" sc="233,68,360,0,258,-38,119,0" owari="301,10.0,360,46.0,220,-18.0,119,-38.0" />
</Scene>
</mjloggm>