<mjloggm ver="2.3"><GO type="97"/><UN n0="%E7%BE%85%E6%B4%9E%E5%85%88%E7%94%9F" n1="%E5%B0%91%E5%B9%B4%EF%BC%A2" n2="%E3%81%BE%E3%81%95%E3%82%8B%EF%BC%91%EF%BC%90%EF%BC%91%EF%BC%90" n3="%E5%A4%AA%E3%81%8F%E3%81%AA%E3%81%84%E3%81%8A" dan="14,13,14,14" rate="1902,1874,1916,2072" sx="M,M,M,M"/><TAIKYOKU oya="0"/>

<Scene>
<INIT seed="0,0,0,3,2,36" ten="250,250,250,250" oya="0" hai0="48,118,4,5,44,61,50,125,22,13,25,7,12" hai1="11,54,20,65,86,112,34,109,82,38,111,28,24" hai2="135,23,121,26,132,130,128,35,105,53,32,75,80" hai3="114,46,123,98,81,51,31,122,133,33,78,77,115"/><T45/><D125/><U124/><E124/><V127/><F105/><W49/><G133/><N who="2" m="51273" /><F75/><N who="3" m="43199" /><G78/><T43/><D61/><U79/><E112/><V102/><F102/><W87/><G87/><T37/><D37/><U59/><E38/><V3/><F80/><W116/><G98/><T95/><D95/><U72/><E65/><V21/><F53/><N who="3" m="29879" /><G116/><T67/><D67/><U100/><E100/><V134/><N who="2" m="51281" /><V129/><DORA hai="106" /><F127/><W113/><G51/><T131/><D118/><U90/><E11/><V94/><F94/><W19/><G19/><T2/><D2/><U0/><E0/><V62/><F62/><W83/><G83/><T91/><D91/><U10/><E10/><V88/><F88/><W58/><G58/><T120/><D120/><N who="3" m="46121" /><G31/><T73/><D73/><U17/><E17/><V108/><F121/><W119/><G119/><T47/><D131/><U57/><E34/><AGARI ba="0,0" hai="33,34,113,114,115" m="46121,29879,43199" machi="34" ten="40,2600,0" yaku="13,1,52,1" doraHai="36,106" who="3" fromWho="1" sc="250,0,250,-26,250,0,250,26" />
</Scene>
<Scene>
<INIT seed="1,0,0,1,3,97" ten="250,224,250,276" oya="1" hai0="83,103,89,110,2,59,13,121,118,80,123,84,90" hai1="4,85,98,112,53,119,52,48,35,62,70,124,66" hai2="58,26,10,93,134,74,18,40,72,126,75,73,91" hai3="39,133,14,120,94,102,22,42,131,116,114,1,60"/><U115/><E119/><V108/><N who="2" m="18944" /><DORA hai="5" /><V47/><F126/><W7/><G114/><T106/><D2/><U135/><E124/><V24/><F134/><W68/><G120/><N who="0" m="46155" /><D59/><U41/><E135/><V8/><F108/><W77/><G133/><T76/><D13/><U79/><E35/><V28/><F58/><W6/><G14/><T51/><D51/><U69/><E98/><V33/><F18/><W37/><G1/><T55/><D55/><U87/><E4/><V125/><F26/><W17/><G17/><T86/><D118/><U32/><E32/><V95/><F125/><W38/><G6/><T109/><D76/><U25/><E25/><V27/><F27/><W82/><G77/><T122/><D122/><U132/><E132/><V104/><F104/><W21/><G39/><T127/><D127/><U105/><E105/><V99/><REACH who="2" step="1"/><F95/><REACH who="2" ten="250,224,240,276" step="2"/><W45/><G94/><T3/><D3/><U50/><E66/><V129/><F129/><W113/><G131/><T56/><D56/><U54/><E41/><V100/><F100/><W67/><G102/><T30/><D30/><U44/><E44/><V11/><F11/><W46/><G46/><T34/><D34/><U64/><E70/><V63/><F63/><W101/><G60/><T12/><D12/><U81/><REACH who="1" step="1"/><E87/><REACH who="1" ten="250,214,240,276" step="2"/><V36/><AGARI ba="0,2" hai="8,10,24,28,33,36,40,47,91,93,99" m="18944" machi="36" ten="60,8000,1" yaku="1,1,0,1,52,2,53,1" doraHai="97,5" doraHaiUra="71,16" who="2" fromWho="2" sc="250,-20,214,-40,240,100,276,-20" />
</Scene>
<Scene>
<INIT seed="2,0,0,5,4,80" ten="230,174,340,256" oya="2" hai0="68,90,41,100,66,5,30,11,98,75,13,56,123" hai1="28,115,62,46,69,29,4,16,47,50,119,74,106" hai2="85,60,117,135,67,2,134,124,24,86,44,110,88" hai3="72,17,130,7,22,77,18,116,105,0,114,102,14"/><V93/><F117/><W52/><G116/><T38/><D75/><U6/><E74/><V51/><F2/><W81/><G130/><T9/><D123/><U76/><E106/><V40/><F124/><W55/><G114/><T87/><D38/><U126/><E115/><V35/><F110/><W27/><G0/><T103/><D41/><U64/><E119/><V49/><F49/><W37/><G7/><T101/><D68/><U82/><E126/><V78/><F24/><W57/><G37/><T36/><D36/><U58/><E69/><V107/><F107/><W129/><G129/><T25/><D11/><U3/><E46/><V125/><F35/><W131/><G131/><T128/><D128/><U1/><E1/><V121/><F121/><W112/><G112/><T59/><D98/><U118/><E118/><V104/><F104/><W84/><G72/><T83/><REACH who="0" step="1"/><D66/><REACH who="0" ten="220,174,340,256" step="2"/><U23/><E3/><V108/><F125/><W89/><G55/><T32/><AGARI ba="0,1" hai="5,9,13,25,30,32,56,59,83,87,90,100,101,103" machi="32" ten="30,7900,0" yaku="1,1,2,1,0,1,52,1,53,0" doraHai="80" doraHaiUra="133" who="0" fromWho="0" sc="220,89,174,-20,340,-39,256,-20" />
</Scene>
<Scene>
<INIT seed="3,0,0,2,5,56" ten="309,154,301,236" oya="3" hai0="122,39,107,16,69,99,116,37,118,89,34,42,127" hai1="111,117,84,46,3,35,36,109,0,55,93,52,9" hai2="60,106,32,105,66,94,70,130,50,45,5,134,73" hai3="59,79,90,64,1,21,96,102,126,135,80,38,41"/><W86/><G1/><T103/><D34/><U123/><E117/><V88/><F73/><W98/><G126/><T74/><D74/><U53/><E123/><V114/><F114/><W68/><G135/><T82/><D122/><U133/><E133/><V119/><F119/><W8/><G68/><T112/><D127/><U28/><E35/><V23/><F32/><W72/><G8/><T12/><D69/><U47/><E28/><V62/><F134/><W67/><G21/><T4/><D4/><U33/><E33/><V129/><F5/><W31/><G31/><T120/><D120/><U77/><E77/><V51/><F23/><W63/><G67/><T115/><D116/><U54/><N who="1" m="13824" /><DORA hai="7" /><U61/><E84/><V14/><F14/><W30/><G30/><T49/><D49/><N who="2" m="18442" /><F45/><N who="1" m="16905" /><E93/><V83/><F83/><W87/><G38/><T113/><D42/><U81/><E81/><V131/><F62/><W18/><G41/><T17/><D118/><U43/><E43/><V110/><F110/><N who="1" m="41993" /><E36/><N who="0" m="13897" /><D12/><U44/><N who="1" m="16913" /><U26/><DORA hai="24" /><E26/><V20/><F20/><W101/><G72/><T95/><D82/><U6/><E0/><V29/><F29/><W97/><G87/><AGARI ba="0,0" hai="16,17,87,89,95,99,103,107,112,113,115" m="13897" machi="87" ten="40,2600,0" yaku="11,1,54,1" doraHai="56,7,24" who="0" fromWho="3" sc="309,26,154,0,301,0,236,-26" /><AGARI ba="0,0" hai="60,66,70,87,88,94,105,106,129,130,131" m="18442" machi="87" ten="30,3900,0" yaku="19,1,52,1,54,1" doraHai="56,7,24" who="2" fromWho="3" sc="335,0,154,0,301,39,210,-39" owari="335,14.0,154,-35.0,340,44.0,171,-23.0" />
</Scene>
</mjloggm>