<mjloggm ver="2.3"><GO type="169"/><UN n0="%E5%A4%AA%E3%81%8F%E3%81%AA%E3%81%84%E3%81%8A" n1="%E6%A1%9C%E4%BA%95%E3%82%A2%E3%82%BD%E3%82%B3" n2="%E4%BF%BA%E3%81%A4%E3%81%88%E3%81%88%E3%81%88%EF%BD%9E" n3="%E6%A1%82%E3%83%92%E3%83%8A%E3%82%AE%E3%82%AF" dan="16,17,16,16" rate="2072,2199,2133,2082" sx="M,M,F,F"/><TAIKYOKU oya="0"/>

<Scene>
<INIT seed="0,0,0,4,2,9" ten="250,250,250,250" oya="0" hai0="63,113,67,125,116,46,22,13,11,88,59,27,64" hai1="54,55,48,33,15,96,37,62,106,21,39,43,65" hai2="102,29,3,23,61,76,53,81,84,133,135,73,121" hai3="12,120,47,36,124,92,122,49,8,10,118,0,82"/><T20/><D116/><U31/><E54/><V26/><F3/><W52/><G118/><T42/><D113/><U16/><E43/><V74/><F121/><N who="3" m="46699" /><G124/><T119/><D119/><U91/><E31/><V41/><F41/><N who="3" m="22951" /><G82/><T87/><D125/><U44/><E33/><V51/><F61/><W40/><G40/><T70/><D70/><U6/><E6/><V123/><F102/><W38/><G38/><T32/><D67/><U126/><E126/><V60/><F60/><W35/><G35/><T71/><D71/><U129/><E129/><V98/><F98/><W99/><G0/><T30/><D46/><U128/><E128/><V75/><REACH who="2" step="1"/><F123/><REACH who="2" ten="250,250,240,250" step="2"/><W14/><G8/><T58/><D42/><U45/><E45/><AGARI ba="0,1" hai="23,26,29,45,51,53,73,74,75,76,81,84,133,135" machi="45" ten="40,2600,0" yaku="1,1,2,1,53,0" doraHai="9" doraHaiUra="90" who="2" fromWho="1" sc="250,0,250,-26,240,36,250,0" />
</Scene>
<Scene>
<INIT seed="1,0,0,0,4,116" ten="250,224,276,250" oya="1" hai0="28,88,87,104,113,81,34,10,50,86,75,128,20" hai1="73,123,76,49,111,59,24,132,64,8,79,83,109" hai2="54,60,127,12,46,74,51,55,93,25,11,33,110" hai3="9,70,17,69,29,72,22,114,7,41,5,15,62"/><U95/><E79/><V65/><F74/><W102/><G72/><T3/><D113/><U124/><E132/><V45/><F110/><N who="1" m="41993" /><E124/><V107/><F127/><W26/><G114/><T78/><D104/><U39/><E39/><V61/><F107/><W21/><G41/><T120/><D128/><U31/><E8/><V112/><F112/><W67/><G5/><T84/><D34/><N who="1" m="20839" /><E95/><V53/><F93/><W38/><G38/><T103/><D10/><U99/><E99/><V14/><F14/><W121/><G102/><T89/><D103/><U56/><E64/><V90/><F90/><W129/><G129/><T47/><D3/><U133/><E133/><V35/><F25/><W119/><G119/><T36/><D36/><U91/><E91/><V6/><F61/><W19/><G7/><T85/><D75/><U32/><E32/><V96/><F96/><W30/><G69/><T58/><D88/><U118/><E118/><V0/><F0/><W18/><REACH who="3" step="1"/><G121/><REACH who="3" ten="250,224,276,240" step="2"/><T122/><D122/><U108/><E123/><V134/><F134/><W66/><G66/><T98/><D120/><U92/><E108/><V40/><REACH who="2" step="1"/><F46/><REACH who="2" ten="250,224,266,240" step="2"/><W16/><G16/><T13/><D47/><U43/><E92/><V126/><F126/><W117/><G117/><T57/><D89/><U68/><E68/><AGARI ba="0,2" hai="6,11,12,33,35,40,45,51,53,54,55,60,65,68" machi="68" ten="40,2600,0" yaku="1,1,53,1" doraHai="116" doraHaiUra="1" who="2" fromWho="1" sc="250,0,224,-26,266,46,240,0" />
</Scene>
<Scene>
<INIT seed="2,0,0,2,5,107" ten="250,198,312,240" oya="2" hai0="81,11,121,126,53,28,89,60,50,111,109,119,77" hai1="4,33,101,76,108,56,17,34,3,125,102,124,9" hai2="47,78,135,73,20,2,131,114,29,127,10,88,91" hai3="41,90,65,49,67,116,13,58,12,71,97,134,7"/><V105/><F114/><W132/><G71/><T86/><D121/><U129/><E76/><V118/><F118/><W23/><G116/><T123/><D123/><U117/><E117/><V52/><F105/><W51/><G97/><T37/><D37/><U113/><E113/><V115/><F115/><W57/><G23/><T44/><D119/><U122/><E122/><V104/><F104/><W39/><G7/><T75/><D126/><N who="1" m="48747" /><E108/><N who="0" m="41545" /><D28/><U24/><E129/><V82/><F127/><W66/><G39/><T0/><D60/><U68/><E68/><V48/><F131/><W43/><G67/><T99/><D99/><U79/><E79/><V128/><F128/><W94/><REACH who="3" step="1"/><G94/><REACH who="3" ten="250,198,312,230" step="2"/><N who="0" m="54583" /><D11/><U40/><E34/><V69/><F69/><W42/><G42/><T30/><D30/><N who="1" m="19655" /><E40/><V14/><F2/><AGARI ba="0,1" hai="0,2,44,50,53,75,77,81" m="54583,41545" machi="2" ten="30,2000,0" yaku="14,1,52,1" doraHai="107" who="0" fromWho="2" sc="250,30,198,0,312,-20,230,0" />
</Scene>
<Scene>
<INIT seed="3,0,0,4,4,53" ten="280,198,292,230" oya="3" hai0="88,73,77,91,97,50,130,28,89,108,23,44,85" hai1="21,82,104,122,15,6,45,121,54,132,22,80,34" hai2="79,127,36,32,11,31,35,59,40,116,83,115,67" hai3="112,4,113,129,7,56,8,14,1,95,111,41,5"/><W76/><G111/><T51/><D108/><U101/><E34/><V114/><F116/><W109/><G109/><T37/><D130/><U69/><E69/><V118/><F118/><W16/><G129/><T78/><D73/><U72/><E132/><V30/><F127/><W2/><G76/><N who="0" m="29291" /><D37/><U55/><E101/><V120/><F120/><W25/><G41/><N who="0" m="24847" /><D97/><U66/><E15/><V99/><F99/><W126/><G126/><T131/><D131/><U33/><E33/><V107/><F107/><W9/><G95/><N who="0" m="54671" /><D51/><U135/><E135/><V98/><F98/><W57/><G25/><AGARI ba="0,0" hai="23,25,28,89,91" m="54671,24847,29291" machi="25" ten="30,2000,0" yaku="8,1,54,1" doraHai="53" who="0" fromWho="3" sc="280,20,198,0,292,0,230,-20" />
</Scene>
<Scene>
<INIT seed="4,0,0,1,4,87" ten="300,198,292,210" oya="0" hai0="39,21,110,43,59,52,51,58,50,10,98,113,37" hai1="22,57,72,24,8,64,13,99,33,97,71,101,109" hai2="85,75,31,118,54,23,93,77,42,95,116,91,128" hai3="114,89,35,111,16,124,20,6,56,92,53,46,131"/><T133/><D10/><U2/><E72/><V122/><F122/><W44/><G35/><T130/><D21/><U120/><E120/><V62/><F42/><W115/><G111/><T126/><D98/><U27/><E109/><V100/><F128/><W47/><G6/><T67/><D110/><U127/><E127/><V90/><F100/><W61/><G131/><T19/><D19/><U125/><E125/><V78/><F75/><W25/><REACH who="3" step="1"/><G124/><REACH who="3" ten="300,198,292,200" step="2"/><T40/><D126/><U60/><E33/><V84/><F118/><W36/><G36/><T41/><D130/><U74/><E101/><V102/><F116/><W63/><G63/><N who="0" m="38399" /><D113/><U82/><E60/><V88/><F102/><W76/><G76/><N who="2" m="29289" /><F85/><AGARI ba="0,1" hai="16,20,25,44,46,47,53,56,61,85,89,92,114,115" machi="85" ten="40,5200,0" yaku="1,1,52,1,54,1,53,0" doraHai="87" doraHaiUra="104" who="3" fromWho="2" sc="300,0,198,0,292,-52,200,62" />
</Scene>
<Scene>
<INIT seed="5,0,0,4,1,114" ten="300,198,240,262" oya="1" hai0="104,118,112,103,78,57,121,93,80,10,5,74,71" hai1="95,20,36,79,65,15,133,49,27,17,128,13,81" hai2="90,21,67,4,106,50,108,98,42,2,76,45,113" hai3="51,30,134,0,100,64,117,122,130,43,54,124,53"/><U9/><E36/><V120/><F120/><W61/><G0/><T41/><D112/><U91/><E128/><V29/><F113/><W94/><G30/><T97/><D71/><U35/><E133/><V73/><F67/><W92/><G122/><T19/><D121/><U11/><E65/><V111/><F29/><W8/><G124/><T116/><D19/><U32/><E49/><V38/><F50/><W99/><G134/><T16/><D16/><U52/><E52/><N who="3" m="20074" /><G117/><T77/><D77/><U34/><E13/><V87/><F21/><W72/><G72/><T68/><D68/><U69/><E69/><V131/><F131/><W18/><G99/><T135/><D135/><U46/><E46/><V115/><F115/><W132/><G100/><T101/><D57/><U55/><E55/><V48/><F48/><W24/><G132/><T33/><D33/><U14/><E14/><V44/><F44/><N who="3" m="26015" /><G8/><T37/><D103/><U88/><E95/><V83/><F98/><W75/><G75/><T125/><D125/><U102/><E102/><V40/><F106/><W63/><G130/><T22/><D22/><U109/><E109/><V59/><F42/><W85/><G64/><T127/><D127/><U26/><E11/><N who="2" m="2455" /><F59/><W126/><G126/><T7/><D104/><U89/><REACH who="1" step="1"/><E9/><REACH who="1" ten="300,188,240,262" step="2"/><V12/><F12/><W60/><G92/><AGARI ba="0,1" hai="38,40,45,73,76,83,87,90,92,108,111" m="2455" machi="92" ten="30,1000,0" yaku="25,1" doraHai="114" who="2" fromWho="3" sc="300,0,188,0,240,20,262,-10" />
</Scene>
<Scene>
<INIT seed="6,0,0,0,0,0" ten="300,188,260,252" oya="2" hai0="121,107,26,66,3,71,12,118,103,22,132,37,128" hai1="19,109,32,75,36,6,7,33,126,115,38,92,108" hai2="104,105,57,80,13,96,131,49,82,27,31,101,62" hai3="55,52,2,30,119,76,87,97,85,83,39,90,106"/><V65/><F131/><W21/><G119/><T93/><D121/><U8/><E75/><V9/><F105/><W84/><G39/><T72/><D72/><U61/><E61/><V15/><F49/><W50/><G2/><T60/><D3/><U124/><E92/><V18/><REACH who="2" step="1"/><F13/><REACH who="2" ten="300,188,250,252" step="2"/><W35/><G50/><T70/><D12/><N who="1" m="7559" /><E36/><V89/><F89/><W81/><G90/><T125/><D107/><U44/><E38/><V127/><F127/><N who="1" m="48681" /><E44/><V54/><F54/><W114/><G52/><T48/><D48/><U69/><E69/><V129/><F129/><W25/><G55/><T34/><D37/><U91/><E91/><V5/><F5/><N who="1" m="1545" /><E115/><V74/><F74/><W42/><G114/><T10/><D71/><U64/><E64/><V113/><F113/><W40/><G106/><T133/><D70/><U120/><E120/><V100/><F100/><W95/><G95/><T73/><D93/><U16/><E16/><V59/><F59/><W51/><G76/><T123/><D123/><U14/><E14/><V116/><F116/><W41/><G83/><T58/><D118/><U23/><E23/><AGARI ba="0,1" hai="9,15,18,23,27,31,57,62,65,80,82,96,101,104" machi="23" ten="30,5800,0" yaku="1,1,7,1,53,1" doraHai="0" doraHaiUra="98" who="2" fromWho="1" sc="300,0,188,-58,250,68,252,0" />
</Scene>
<Scene>
<INIT seed="6,1,0,3,0,23" ten="300,130,318,252" oya="2" hai0="34,107,7,94,82,43,129,26,118,68,21,24,112" hai1="128,62,130,100,97,74,58,16,133,83,5,40,99" hai2="3,46,76,111,17,91,30,29,125,37,38,121,77" hai3="12,86,106,59,4,48,104,93,2,49,114,54,11"/><V35/><F121/><W117/><G117/><T135/><D107/><U122/><E5/><V120/><F120/><W124/><G124/><T132/><D68/><U47/><E122/><V50/><F3/><W10/><G114/><T15/><D112/><U28/><E133/><N who="0" m="51273" /><D118/><U52/><E28/><V53/><F125/><W90/><REACH who="3" step="1"/><G49/><REACH who="3" ten="300,130,318,242" step="2"/><T63/><D129/><N who="1" m="49771" /><E100/><V32/><F50/><W27/><G27/><T103/><D26/><U113/><E113/><V8/><F38/><W69/><G69/><T0/><D24/><U56/><E56/><V134/><F37/><W109/><G109/><T73/><D103/><U71/><E71/><V89/><F111/><W108/><G108/><T81/><D63/><U116/><E116/><V131/><F134/><W19/><AGARI ba="1,1" hai="2,4,10,11,12,19,48,54,59,86,90,93,104,106" machi="19" ten="20,2700,0" yaku="1,1,0,1,7,1,53,0" doraHai="23" doraHaiUra="126" who="3" fromWho="3" sc="300,-8,130,-8,318,-14,242,40" />
</Scene>
<Scene>
<INIT seed="7,0,0,4,5,104" ten="292,122,304,282" oya="3" hai0="107,23,91,60,70,40,108,55,112,73,9,113,89" hai1="74,68,103,61,100,130,41,15,129,21,22,128,72" hai2="86,33,56,98,117,47,24,105,59,19,42,37,88" hai3="122,81,50,43,94,64,18,2,133,75,39,44,102"/><W53/><G122/><T65/><D108/><U85/><E41/><V111/><F117/><W16/><G133/><T99/><D73/><N who="1" m="28267" /><E85/><V54/><F111/><W45/><G2/><T25/><D40/><U26/><E15/><V135/><F135/><W31/><G31/><N who="0" m="17855" /><D9/><U4/><E4/><V123/><F123/><W35/><G35/><T27/><D27/><U63/><E22/><V77/><F77/><W84/><G75/><T95/><D107/><U17/><E68/><V28/><F19/><W131/><G64/><T67/><D67/><U51/><E51/><V38/><F38/><W49/><G39/><T127/><D55/><U69/><E69/><V87/><F59/><W5/><G5/><T118/><D118/><U3/><E3/><V121/><F121/><W76/><G131/><T8/><D8/><U7/><E7/><V14/><F14/><W79/><G79/><T109/><D109/><U115/><E115/><N who="0" m="44105" /><D127/><U32/><E32/><V0/><F0/><W106/><G106/><T126/><D126/><U71/><E71/><V20/><F33/><W97/><AGARI ba="0,0" hai="16,18,43,44,45,49,50,53,76,81,84,94,97,102" machi="97" ten="30,6000,0" yaku="0,1,8,1,54,1" doraHai="104" who="3" fromWho="3" sc="292,-20,122,-20,304,-20,282,60" owari="272,-13.0,102,-40.0,284,8.0,342,45.0" />
</Scene>
</mjloggm>