<mjloggm ver="2.3"><GO type="41"/><UN n0="%E5%8D%98%E5%93%81%E4%B8%89%E9%A3%9F%E3%81%A9%E3%82%89%E7%84%BC%E3%81%8D" n1="%E3%81%82%E3%82%93%E3%81%A7%E3%81%83" n2="%E5%AE%B3%E7%8D%A3" n3="%E5%A4%AA%E3%81%8F%E3%81%AA%E3%81%84%E3%81%8A" dan="13,14,14,15" rate="1847,1993,1874,2033" sx="M,M,M,M"/><TAIKYOKU oya="0"/>

<Scene>
<INIT seed="0,0,0,0,4,62" ten="250,250,250,250" oya="0" hai0="93,102,117,34,9,57,75,73,29,53,58,43,55" hai1="112,60,128,18,109,103,119,107,0,98,89,54,72" hai2="13,125,131,47,99,127,114,41,85,74,26,68,11" hai3="49,113,32,115,40,110,1,130,6,96,15,123,124"/><T126/><D117/><U46/><E119/><V42/><F114/><W22/><G32/><T14/><D43/><U80/><E0/><V8/><F74/><W69/><G69/><T91/><D102/><U27/><E112/><V61/><F131/><W78/><G130/><T120/><D120/><U33/><E128/><V17/><F41/><W106/><G78/><T50/><D126/><N who="2" m="48138" /><F99/><W45/><G124/><T84/><D29/><U59/><E109/><V5/><F85/><W30/><G110/><T86/><D34/><U134/><E134/><V37/><F26/><W67/><G123/><T35/><D35/><U63/><E46/><V65/><F8/><W77/><G96/><T31/><D31/><U48/><E33/><V4/><AGARI ba="0,0" hai="4,5,11,13,17,37,42,47,61,65,68" m="48138" machi="4" ten="30,2000,0" yaku="18,1,52,1" doraHai="62" who="2" fromWho="2" sc="250,-10,250,-5,250,20,250,-5" />
</Scene>
<Scene>
<INIT seed="1,0,0,4,1,134" ten="240,245,270,245" oya="1" hai0="18,47,48,133,124,11,41,112,57,65,26,85,117" hai1="114,54,110,13,90,63,75,73,131,83,50,70,40" hai2="116,93,14,39,8,99,69,135,31,111,29,53,34" hai3="2,44,27,21,80,113,95,49,52,82,123,97,81"/><U68/><E114/><V62/><F116/><W15/><G113/><T7/><D112/><U12/><E40/><V132/><F39/><W22/><G2/><T102/><D117/><U64/><E68/><V59/><F69/><W43/><G123/><T5/><D133/><N who="2" m="51274" /><F111/><W125/><G125/><T35/><D124/><U19/><E131/><V38/><F34/><W74/><G74/><T91/><D102/><U42/><E42/><V108/><F38/><W71/><G71/><T84/><D84/><U16/><E110/><V129/><F129/><W78/><G78/><T79/><D35/><U96/><E13/><V98/><F108/><W106/><G106/><T36/><D79/><U6/><E6/><N who="2" m="3351" /><F99/><W72/><G72/><T92/><D36/><U3/><E3/><V130/><F130/><W122/><G122/><T56/><D56/><U118/><E118/><V109/><F109/><W33/><G15/><N who="0" m="7551" /><D26/><U103/><E19/><V88/><AGARI ba="0,0" hai="29,31,53,59,62,88,93,98" m="3351,51274" machi="88" ten="30,2000,0" yaku="20,1,54,1" doraHai="134" who="2" fromWho="2" sc="240,-5,245,-10,270,20,245,-5" />
</Scene>
<Scene>
<INIT seed="2,0,0,3,2,108" ten="235,235,290,240" oya="2" hai0="50,53,77,122,89,48,135,41,82,98,104,46,91" hai1="128,121,116,74,36,22,7,19,107,29,30,118,13" hai2="0,70,65,62,54,38,130,17,3,81,92,21,111" hai3="112,20,10,105,1,80,61,2,75,86,27,59,124"/><V42/><F130/><W45/><G105/><T100/><D135/><U73/><E107/><V87/><F111/><W33/><G33/><T6/><D122/><U64/><E36/><V96/><F38/><W39/><G75/><T95/><D104/><U109/><E64/><V127/><F42/><W8/><G124/><T131/><D131/><U76/><E109/><V68/><F127/><W72/><G72/><T133/><D133/><U123/><E128/><V97/><F54/><W115/><G39/><T15/><D6/><U40/><E40/><V16/><F70/><W31/><G45/><N who="0" m="27791" /><D15/><U125/><E125/><V28/><F28/><N who="1" m="10857" /><E76/><V84/><F17/><W88/><G8/><T85/><AGARI ba="0,0" hai="41,46,50,77,82,85,89,91,95,98,100" m="27791" machi="85" ten="30,1100,0" yaku="8,1" doraHai="108" who="0" fromWho="0" sc="235,11,235,-3,290,-5,240,-3" />
</Scene>
<Scene>
<INIT seed="3,0,0,4,2,95" ten="246,232,285,237" oya="3" hai0="43,70,102,118,6,32,74,2,75,112,121,72,26" hai1="46,127,14,3,4,100,87,110,34,80,114,48,13" hai2="71,31,17,53,131,8,85,98,93,96,111,105,108" hai3="101,106,51,49,40,64,120,126,45,0,124,77,25"/><W115/><G120/><T132/><D121/><U123/><E114/><V27/><F105/><W41/><G115/><T68/><D112/><U19/><E123/><V104/><F104/><W18/><G0/><T66/><D118/><U58/><E110/><N who="2" m="42027" /><F131/><W21/><G64/><T47/><D102/><U60/><E127/><N who="3" m="48682" /><G77/><T129/><D129/><U128/><E34/><N who="2" m="20863" /><F71/><W91/><G91/><T81/><D81/><U65/><E100/><V52/><F85/><W15/><G25/><T79/><D68/><U20/><E3/><V89/><F89/><W33/><G33/><T61/><D79/><N who="1" m="46495" /><E128/><V23/><F93/><W125/><G125/><T36/><D26/><N who="1" m="14623" /><E4/><V97/><F8/><W67/><G67/><T109/><D32/><U1/><E1/><V82/><F82/><W76/><G76/><T55/><D109/><U133/><E133/><V83/><F83/><W38/><G41/><AGARI ba="0,0" hai="13,14,41,46,48,58,60,65" m="14623,46495" machi="41" ten="30,1000,0" yaku="8,1" doraHai="95" who="1" fromWho="3" sc="246,0,232,10,285,0,237,-10" />
</Scene>
<Scene>
<INIT seed="4,0,0,5,4,39" ten="246,242,285,227" oya="0" hai0="124,96,38,57,76,72,65,40,125,35,111,74,119" hai1="88,54,50,17,6,71,118,8,63,100,98,92,135" hai2="12,99,81,131,80,101,61,15,45,73,55,91,126" hai3="34,68,83,114,36,22,133,60,58,122,107,94,28"/><T1/><D119/><U102/><E135/><V52/><F131/><W85/><G107/><T104/><D35/><U129/><E129/><V130/><F130/><W14/><G36/><T43/><D1/><U67/><E118/><V62/><F126/><N who="0" m="48746" /><D38/><U53/><E17/><V110/><F110/><W134/><G68/><T7/><D7/><U59/><REACH who="1" step="1"/><E54/><REACH who="1" ten="246,232,285,227" step="2"/><V116/><F116/><W16/><G134/><T84/><D111/><U41/><E41/><N who="0" m="15945" /><D65/><U13/><AGARI ba="0,1" hai="6,8,13,50,53,59,63,67,71,88,92,98,100,102" machi="13" ten="20,5200,0" yaku="1,1,0,1,7,1,54,1,53,0" doraHai="39" doraHaiUra="113" who="1" fromWho="1" sc="246,-26,232,62,285,-13,227,-13" />
</Scene>
<Scene>
<INIT seed="5,0,0,0,2,36" ten="220,294,272,214" oya="1" hai0="134,125,130,31,93,10,3,83,101,118,17,2,35" hai1="100,128,12,90,126,34,68,19,94,54,28,11,51" hai2="8,30,67,97,76,57,24,23,105,99,108,102,98" hai3="86,58,33,95,106,92,27,135,109,15,82,39,16"/><U43/><E68/><V132/><F132/><W115/><G109/><T73/><D118/><U20/><E126/><V21/><F108/><W59/><G106/><T7/><D134/><U44/><E128/><V9/><F76/><W66/><G39/><T85/><D130/><U123/><E123/><V6/><F9/><W63/><G115/><T4/><D125/><U13/><E100/><V49/><F23/><W84/><G135/><T127/><D127/><U55/><E34/><V70/><F70/><W26/><G58/><T1/><D73/><U74/><E74/><V117/><F117/><W42/><G42/><T88/><D17/><N who="1" m="8351" /><E28/><V71/><F71/><W121/><G121/><T96/><REACH who="0" step="1"/><D4/><REACH who="0" ten="210,294,272,214" step="2"/><U111/><E111/><V50/><F6/><W112/><G112/><T75/><D75/><U80/><E80/><V122/><F122/><W18/><G18/><T119/><D119/><U110/><E110/><V103/><F105/><W53/><G33/><T47/><D47/><U5/><E5/><V69/><F69/><W48/><G27/><AGARI ba="0,1" hai="1,2,3,7,10,27,31,35,83,85,88,93,96,101" machi="27" ten="40,2600,0" yaku="1,1,54,1,53,0" doraHai="36" doraHaiUra="131" who="0" fromWho="3" sc="210,36,294,0,272,0,214,-26" />
</Scene>
<Scene>
<INIT seed="6,0,0,0,5,30" ten="246,294,272,188" oya="2" hai0="117,107,34,68,45,11,86,8,126,106,13,41,1" hai1="78,43,97,26,55,42,40,114,75,66,58,76,31" hai2="133,110,128,127,116,99,25,118,73,2,24,39,81" hai3="69,112,60,88,121,71,28,54,82,77,102,15,20"/><V33/><F99/><W96/><G121/><T93/><D68/><U35/><E114/><V9/><F81/><W36/><G36/><T72/><D72/><U49/><E75/><V64/><F64/><W21/><G112/><T23/><D126/><U7/><E7/><V17/><F25/><W130/><G130/><T3/><D23/><U57/><REACH who="1" step="1"/><E97/><REACH who="1" ten="246,284,272,188" step="2"/><V90/><F17/><W70/><G28/><T44/><D117/><U51/><E51/><V80/><F116/><W109/><G109/><T0/><D0/><U119/><E119/><V124/><F124/><W50/><G60/><AGARI ba="0,1" hai="26,31,35,40,42,43,49,55,57,58,60,66,76,78" machi="60" ten="40,8000,1" yaku="1,1,52,1,53,2" doraHai="30" doraHaiUra="52" who="1" fromWho="3" sc="246,0,284,90,272,0,188,-80" />
</Scene>
<Scene>
<INIT seed="7,0,0,2,2,62" ten="246,374,272,108" oya="3" hai0="33,32,129,73,8,59,7,92,77,63,29,69,2" hai1="19,111,104,12,74,120,0,3,47,103,50,85,26" hai2="18,101,80,79,98,5,17,60,125,48,94,28,52" hai3="57,53,134,27,122,20,108,68,39,82,86,83,65"/><W41/><G122/><T66/><D129/><U126/><E74/><V117/><F117/><W43/><G134/><T22/><D92/><U54/><E111/><V95/><F125/><W61/><G108/><T81/><D22/><U91/><E26/><V100/><F5/><W105/><G105/><T25/><D59/><U55/><E126/><V93/><F28/><W90/><G82/><T114/><REACH who="0" step="1"/><D33/><REACH who="0" ten="236,374,272,108" step="2"/><U121/><E121/><V70/><F70/><W97/><G97/><T89/><D89/><U76/><E91/><V132/><F132/><W110/><G110/><T49/><D49/><U16/><E50/><V64/><F98/><W72/><G39/><T87/><D87/><U56/><E85/><V106/><F106/><W119/><G72/><T34/><D34/><U38/><E56/><V133/><F133/><W124/><G124/><T128/><D128/><U37/><E38/><V9/><F9/><W24/><G119/><T14/><D14/><U42/><E12/><V44/><F101/><W113/><G113/><AGARI ba="0,1" hai="2,7,8,25,29,32,63,66,69,73,77,81,113,114" machi="113" ten="40,8000,1" yaku="1,1,23,2,52,1,53,0" doraHai="62" doraHaiUra="99" who="0" fromWho="3" sc="236,90,374,0,272,0,108,-80" owari="326,13.0,374,47.0,272,-13.0,28,-47.0" />
</Scene>
</mjloggm>