<mjloggm ver="2.3"><GO type="97"/><UN n0="%E5%A4%AA%E3%81%8F%E3%81%AA%E3%81%84%E3%81%8A" n1="%6B%61%6E%65%67%6F%6E%33" n2="%E3%83%AB%E3%82%A4%E3%83%B3" n3="%E3%81%B2%E3%81%A3%E3%81%B4%E3%81%93%E3%82%93" dan="14,13,14,14" rate="2003,1900,1878,1940" sx="M,M,F,M"/><TAIKYOKU oya="0"/>

<Scene>
<INIT seed="0,0,0,1,4,34" ten="250,250,250,250" oya="0" hai0="95,51,120,121,29,111,37,108,53,47,105,84,134" hai1="110,27,106,46,81,60,2,64,63,101,76,75,119" hai2="16,130,79,55,38,9,22,74,100,59,10,23,125" hai3="25,3,113,133,93,35,127,116,32,70,49,94,19"/><T15/><D105/><U7/><E119/><V57/><F38/><W89/><G116/><T11/><D29/><U39/><E110/><N who="0" m="42025" /><D37/><U126/><E126/><V112/><F125/><W54/><G127/><T98/><D84/><U43/><E27/><V107/><F130/><W48/><G113/><T77/><D77/><U124/><E124/><V91/><F112/><W24/><G94/><T13/><D134/><U18/><E18/><V5/><F100/><W123/><G133/><T72/><D72/><U41/><E41/><V30/><F79/><W132/><G132/><T68/><D68/><U36/><E36/><V12/><F74/><W66/><G70/><T42/><D42/><U114/><E114/><V50/><F107/><W117/><G66/><T17/><D13/><U90/><E90/><AGARI ba="0,0" hai="11,15,17,47,51,53,90,95,98,120,121" m="42025" machi="90" ten="30,2900,0" yaku="14,1,10,1" doraHai="34" who="0" fromWho="1" sc="250,29,250,-29,250,0,250,0" />
</Scene>
<Scene>
<INIT seed="0,1,0,3,5,63" ten="279,221,250,250" oya="0" hai0="52,23,84,109,128,95,134,59,37,72,99,1,3" hai1="119,46,64,90,117,6,107,36,42,67,104,126,98" hai2="86,20,120,57,39,48,26,60,22,80,118,82,108" hai3="101,33,21,35,14,115,31,12,93,30,130,116,97"/><T127/><D72/><U73/><E73/><V16/><F39/><W45/><G116/><T8/><D37/><U24/><E126/><V43/><F118/><W87/><G115/><T89/><D127/><U125/><E125/><V44/><F120/><W11/><G45/><T4/><D128/><U133/><E119/><V81/><F108/><W28/><G130/><T70/><D70/><U111/><E117/><V5/><F5/><W123/><G123/><T75/><D75/><U129/><E111/><V0/><F0/><W100/><G101/><T105/><D109/><U124/><E129/><V94/><F22/><W96/><G97/><T27/><D134/><U2/><E124/><V41/><F41/><W18/><REACH who="3" step="1"/><G87/><REACH who="3" ten="279,221,250,240" step="2"/><T114/><D114/><U51/><E133/><V9/><F9/><W19/><AGARI ba="1,1" hai="11,12,14,18,19,21,28,30,31,33,35,93,96,100" machi="19" ten="30,4000,0" yaku="1,1,2,1,0,1,53,0" doraHai="63" doraHaiUra="110" who="3" fromWho="3" sc="279,-21,221,-11,250,-11,240,53" />
</Scene>
<Scene>
<INIT seed="1,0,0,5,0,108" ten="258,210,239,293" oya="1" hai0="122,85,10,105,24,72,9,80,40,34,22,33,43" hai1="96,29,5,84,132,113,94,2,25,79,102,61,32" hai2="7,30,103,26,63,38,49,69,107,99,131,88,112" hai3="97,86,44,3,17,83,58,81,45,76,116,31,57"/><U92/><E113/><V78/><F112/><W12/><G3/><T106/><D72/><U28/><E132/><V121/><F121/><W55/><G31/><T74/><D74/><U1/><E5/><V125/><F125/><W66/><G116/><T59/><D122/><U48/><E29/><V53/><F38/><W101/><G83/><T36/><D59/><U75/><E75/><V114/><F114/><W68/><G57/><T67/><D67/><U135/><E135/><V62/><F78/><W70/><G66/><T21/><D80/><U73/><E73/><V65/><F131/><W18/><G70/><T126/><D85/><U11/><E61/><V119/><F7/><W4/><G68/><T120/><D120/><U118/><E11/><V87/><F119/><W77/><G4/><T8/><D24/><U98/><E118/><V134/><F134/><W23/><G18/><T93/><D93/><U39/><E39/><V64/><F64/><W111/><G77/><T123/><D123/><U82/><REACH who="1" step="1"/><E48/><REACH who="1" ten="258,200,239,293" step="2"/><V19/><F49/><N who="3" m="31087" /><G111/><T90/><D36/><U129/><E129/><V6/><F63/><W115/><G115/><T91/><D9/><U117/><E117/><V51/><F6/><W42/><G42/><T52/><D52/><U71/><E71/><V95/><F53/><W27/><G17/><T104/><D104/><U124/><E124/><AGARI ba="0,1" hai="8,10,21,22,33,34,40,43,90,91,105,106,124,126" machi="124" ten="25,1600,0" yaku="22,2" doraHai="108" who="0" fromWho="1" sc="258,26,200,-16,239,0,293,0" />
</Scene>
<Scene>
<INIT seed="2,0,0,3,3,65" ten="284,184,239,293" oya="2" hai0="40,82,95,68,28,37,87,8,24,43,22,106,113" hai1="32,5,69,13,6,120,41,125,93,46,99,90,42" hai2="55,86,101,63,124,80,38,21,29,3,58,12,129" hai3="72,53,130,23,111,7,116,76,119,114,16,132,133"/><V70/><F38/><W51/><G7/><T127/><D113/><U96/><E120/><V17/><F129/><W50/><G114/><T115/><D115/><U57/><E32/><V85/><F124/><W94/><G130/><T62/><D106/><U2/><E125/><V112/><F3/><W52/><G94/><T60/><D127/><U74/><E74/><V135/><F112/><W67/><G67/><T44/><D43/><U39/><E69/><V25/><F135/><N who="3" m="51787" /><G111/><T110/><D110/><U54/><E2/><V105/><F70/><W36/><G36/><T64/><D62/><U14/><E42/><V117/><F117/><N who="3" m="45131" /><G76/><T107/><D107/><U34/><E34/><V81/><F101/><W15/><G72/><T33/><D95/><U77/><E77/><V11/><REACH who="2" step="1"/><F105/><REACH who="2" ten="284,184,229,293" step="2"/><W45/><G51/><T48/><D37/><U102/><E102/><V1/><F1/><W128/><G128/><T131/><D131/><U122/><E39/><V108/><F108/><W31/><G31/><T35/><REACH who="0" step="1"/><D8/><REACH who="0" ten="274,184,229,293" step="2"/><U30/><E122/><V123/><F123/><W66/><G50/><T20/><D20/><U98/><E99/><V121/><F121/><W19/><G23/><T97/><D97/><U10/><E98/><V47/><F47/><W104/><G45/><T26/><D26/><U84/><E46/><V92/><F92/><W4/><G104/><T88/><AGARI ba="0,2" hai="22,24,28,33,35,40,44,48,60,64,68,82,87,88" machi="88" ten="20,8000,1" yaku="1,1,0,1,7,1,52,1,54,1,53,0" doraHai="65" doraHaiUra="118" who="0" fromWho="0" sc="274,100,184,-20,229,-40,293,-20" />
</Scene>
<Scene>
<INIT seed="3,0,0,2,5,35" ten="374,164,189,273" oya="3" hai0="29,66,3,83,132,21,54,95,125,59,131,18,101" hai1="12,24,62,5,91,79,0,44,127,46,115,49,4" hai2="9,25,37,107,56,36,16,27,100,77,119,23,55" hai3="58,50,52,26,53,98,97,75,51,121,7,63,10"/><W94/><G75/><T19/><D3/><U134/><E115/><V116/><F77/><W96/><G121/><T47/><D125/><U106/><E127/><V104/><F9/><W38/><G38/><T42/><D131/><U113/><E113/><V105/><F100/><W65/><G26/><N who="0" m="16591" /><D132/><U61/><E134/><V76/><F76/><W17/><G17/><T6/><D6/><U81/><E106/><V93/><F93/><W92/><G51/><N who="0" m="27127" /><D66/><U67/><E0/><V60/><REACH who="2" step="1"/><F27/><REACH who="2" ten="374,164,179,273" step="2"/><W123/><G123/><T8/><D8/><N who="1" m="4103" /><E5/><V122/><F122/><W68/><REACH who="3" step="1"/><G53/><REACH who="3" ten="374,164,179,263" step="2"/><T70/><D54/><U30/><E24/><V33/><F33/><W109/><G109/><T133/><D19/><U13/><E30/><V28/><F28/><W15/><AGARI ba="0,2" hai="7,10,15,50,52,58,63,65,68,92,94,96,97,98" machi="15" ten="30,6000,0" yaku="1,1,0,1,54,1,53,0" doraHai="35" doraHaiUra="124" who="3" fromWho="3" sc="374,-20,164,-20,179,-20,263,80" />
</Scene>
<Scene>
<INIT seed="3,1,0,3,0,60" ten="354,144,159,343" oya="3" hai0="59,97,61,85,7,43,56,1,127,2,22,90,125" hai1="49,13,64,76,105,72,121,27,12,71,122,24,119" hai2="4,86,17,94,128,48,89,19,36,30,15,87,10" hai3="0,38,113,52,124,111,106,88,40,80,98,26,44"/><W45/><G113/><T23/><D43/><U108/><E105/><V93/><F36/><W3/><G124/><N who="0" m="47691" /><D97/><U54/><E119/><V66/><F128/><W115/><G115/><T41/><D41/><U112/><E112/><V83/><F30/><W131/><G131/><T5/><D5/><U78/><E108/><V42/><F66/><W34/><G111/><T31/><D31/><U107/><E107/><V73/><F73/><W132/><G132/><T68/><D68/><U91/><E122/><V110/><F110/><W47/><G106/><T77/><D77/><N who="1" m="29803" /><E72/><V75/><F75/><W100/><G100/><T81/><D59/><N who="1" m="33231" /><E71/><V104/><F104/><W57/><G40/><T37/><D37/><U21/><E64/><V65/><F65/><W70/><G38/><T82/><D82/><U53/><E121/><V96/><F94/><W123/><G70/><T39/><D39/><U74/><E74/><V33/><F33/><W79/><G123/><T134/><D134/><U130/><E130/><V25/><F25/><N who="1" m="9801" /><E21/><V32/><F32/><W95/><G79/><T103/><D1/><U116/><E116/><V29/><F29/><W114/><G114/><T51/><D2/><U28/><E28/><V58/><F58/><W50/><G80/><T8/><D56/><U55/><E91/><N who="2" m="55359" /><F86/><W109/><G109/><T133/><D133/><U69/><E69/><V35/><F35/><W135/><G135/><T18/><D85/><U126/><E126/><V11/><F11/><W20/><G34/><T16/><D8/><U92/><E92/><V46/><AGARI ba="1,0" hai="4,10,15,17,19,42,46,48,83,87,89" m="55359" machi="46" ten="30,1100,0" yaku="8,1" doraHai="60" who="2" fromWho="2" sc="354,-4,144,-4,159,14,343,-6" owari="350,45.0,140,-36.0,173,-23.0,337,14.0" />
</Scene>
</mjloggm>