<mjloggm ver="2.3"><GO type="169"/><UN n0="%E3%83%97%E3%83%AD%E3%82%B8%E3%83%A3%E3%83%B3%E6%B0%8F" n1="%2D%72%6F%6E%2D" n2="%49%47%41" n3="%E5%A4%AA%E3%81%8F%E3%81%AA%E3%81%84%E3%81%8A" dan="18,17,16,17" rate="2150,2160,2099,2172" sx="M,M,M,M"/><TAIKYOKU oya="0"/>

<Scene>
<INIT seed="0,0,0,3,0,16" ten="250,250,250,250" oya="0" hai0="5,40,70,100,67,20,91,1,106,135,119,108,23" hai1="131,7,76,98,32,60,43,37,125,8,56,101,27" hai2="28,17,18,96,132,78,86,93,133,6,129,123,14" hai3="63,77,112,45,22,25,12,52,38,3,53,73,83"/><T29/><D119/><U2/><E125/><V21/><F123/><W104/><G112/><T61/><D29/><U13/><E131/><V57/><F129/><W65/><G104/><T64/><D67/><U120/><E120/><V46/><F28/><W11/><G3/><T107/><D40/><U31/><E76/><V116/><F6/><W55/><G38/><T87/><D135/><N who="2" m="51786" /><F116/><W115/><G115/><T102/><D107/><U41/><E2/><V110/><F110/><W95/><G95/><T114/><D114/><U94/><REACH who="1" step="1"/><E37/><REACH who="1" ten="250,240,250,250" step="2"/><V68/><F78/><W19/><G45/><T111/><D1/><U66/><AGARI ba="0,1" hai="7,8,13,27,31,32,41,43,56,60,66,94,98,101" machi="66" ten="20,5200,0" yaku="1,1,2,1,0,1,7,1,53,0" doraHai="16" doraHaiUra="69" who="1" fromWho="1" sc="250,-26,240,62,250,-13,250,-13" />
</Scene>
<Scene>
<INIT seed="1,0,0,4,4,124" ten="224,302,237,237" oya="1" hai0="78,9,77,74,84,126,29,15,21,8,115,10,118" hai1="107,79,46,110,60,62,99,59,48,64,40,24,42" hai2="50,45,4,26,127,97,2,86,101,11,131,68,53" hai3="135,109,125,33,27,7,117,106,6,32,98,73,70"/><U105/><E79/><V39/><F127/><W23/><G73/><T13/><D126/><U54/><E24/><V18/><F68/><W104/><G125/><T75/><D118/><U94/><E105/><V47/><F131/><W72/><G72/><T85/><D115/><U16/><E107/><V93/><F86/><N who="0" m="33386" /><D75/><U83/><E83/><V12/><F26/><W129/><G70/><T112/><D112/><U76/><E76/><N who="0" m="29289" /><D74/><U90/><E110/><V61/><F61/><W63/><G63/><T19/><D29/><U5/><E5/><AGARI ba="0,0" hai="5,8,9,10,13,15,19,21" m="29289,33386" machi="5" ten="30,1000,0" yaku="8,1" doraHai="124" who="0" fromWho="1" sc="224,10,302,-10,237,0,237,0" />
</Scene>
<Scene>
<INIT seed="2,0,0,1,4,125" ten="234,292,237,237" oya="2" hai0="130,15,56,69,111,73,85,134,3,99,20,1,42" hai1="24,87,71,90,100,94,114,122,31,26,131,40,96" hai2="19,44,72,65,21,35,84,103,105,93,106,120,107" hai3="49,33,86,14,76,2,91,61,115,47,89,46,13"/><V23/><F120/><W110/><G2/><T97/><D111/><U129/><E114/><V108/><F72/><W11/><G33/><T54/><D69/><U41/><E71/><V12/><F35/><W118/><G118/><T124/><D73/><U95/><E122/><V123/><F123/><W128/><G110/><T135/><D124/><U43/><REACH who="1" step="1"/><E24/><REACH who="1" ten="234,282,237,237" step="2"/><V7/><F108/><W70/><G115/><T22/><D134/><U62/><E62/><V58/><F44/><W38/><G61/><T126/><D135/><U51/><E51/><V112/><F112/><W109/><G49/><T30/><D126/><U8/><E8/><V45/><F45/><W78/><G11/><T50/><D50/><U34/><AGARI ba="0,1" hai="26,31,34,40,41,43,87,90,94,95,96,100,129,131" machi="34" ten="30,8000,1" yaku="1,1,0,1,52,2,53,1" doraHai="125" doraHaiUra="82" who="1" fromWho="1" sc="234,-20,282,90,237,-40,237,-20" />
</Scene>
<Scene>
<INIT seed="3,0,0,0,4,52" ten="214,372,197,217" oya="3" hai0="97,87,84,46,43,88,120,55,93,36,96,81,51" hai1="0,127,10,78,86,59,11,79,112,4,45,24,33" hai2="89,134,32,3,42,121,23,19,105,67,27,44,73" hai3="122,13,18,30,53,35,109,68,34,113,29,125,38"/><W61/><G38/><T117/><D117/><U58/><E112/><V126/><F3/><W54/><G113/><T107/><D107/><U49/><E127/><V40/><F105/><W72/><G122/><T63/><D120/><U103/><E11/><V22/><F121/><W110/><G72/><T17/><D17/><U14/><E0/><V70/><F32/><N who="3" m="12331" /><G125/><T111/><D111/><N who="3" m="42505" /><G68/><T6/><D6/><U119/><E119/><V74/><F126/><W21/><G54/><T116/><D116/><U99/><E33/><V85/><F74/><W48/><G61/><T41/><D41/><U8/><E8/><V47/><F42/><W62/><G62/><T28/><D28/><U114/><E114/><V71/><F40/><W12/><G13/><T2/><D2/><U31/><E79/><V128/><F73/><W75/><G75/><T95/><D63/><U64/><E64/><V56/><F67/><W82/><G82/><T98/><REACH who="0" step="1"/><D84/><REACH who="0" ten="204,372,197,217" step="2"/><U130/><E86/><V39/><F85/><W133/><G133/><T77/><D77/><U5/><E78/><V80/><F134/><W1/><G1/><T104/><D104/><U92/><E130/><V101/><F128/><W123/><G123/><T118/><D118/><U108/><E108/><V91/><F39/><W102/><G102/><T132/><D132/><U57/><E103/><V129/><F101/><W131/><G131/><T60/><D60/><U9/><E49/><V37/><F37/><W66/><G66/><T76/><D76/><U20/><E99/><V25/><F129/><W16/><G18/><T135/><D135/><RYUUKYOKU ba="0,1" sc="204,15,372,-15,197,-15,217,15" hai0="36,43,46,51,55,81,87,88,93,95,96,97,98" hai3="12,16,21,29,30,48,53" />
</Scene>
<Scene>
<INIT seed="3,1,1,2,0,10" ten="219,357,182,232" oya="3" hai0="101,133,0,24,48,62,17,15,77,54,125,83,82" hai1="21,75,121,94,6,85,37,106,34,120,7,115,102" hai2="58,27,92,107,105,104,5,66,97,124,56,45,72" hai3="61,118,18,88,1,51,128,68,132,100,64,25,40"/><W12/><G118/><T84/><D125/><U69/><E34/><V71/><F72/><W80/><G1/><T55/><D133/><U53/><E69/><V52/><F124/><W129/><G132/><T31/><D0/><U32/><E32/><V87/><F71/><W111/><G100/><T42/><D101/><U108/><E75/><V59/><F5/><W135/><G135/><T46/><D62/><U90/><E115/><V134/><F134/><W20/><G111/><T110/><D110/><U49/><E37/><V30/><F87/><N who="3" m="50279" /><G51/><T9/><REACH who="0" step="1"/><D82/><REACH who="0" ten="209,357,182,232" step="2"/><U13/><E108/><V112/><F112/><W44/><G61/><T50/><D50/><U2/><E2/><V127/><F127/><W116/><G116/><T36/><D36/><U43/><E102/><V130/><F130/><W22/><G129/><T78/><D78/><U11/><E120/><V91/><F66/><W29/><G128/><T16/><D16/><N who="1" m="8255" /><E121/><V57/><F107/><W14/><G64/><T98/><D98/><U126/><E106/><V119/><F119/><W123/><G123/><T23/><AGARI ba="1,2" hai="9,15,17,23,24,31,42,46,48,54,55,77,83,84" machi="23" ten="20,12000,2" yaku="1,1,0,1,7,1,8,1,52,1,53,1" doraHai="10" doraHaiUra="4" who="0" fromWho="0" sc="209,143,357,-31,182,-31,232,-61" />
</Scene>
<Scene>
<INIT seed="4,0,0,4,1,117" ten="352,326,151,171" oya="0" hai0="116,90,88,43,48,135,93,82,133,8,102,3,20" hai1="87,80,61,1,10,68,53,31,63,92,71,50,91" hai2="67,40,54,42,33,85,77,23,52,118,57,6,26" hai3="105,73,84,98,28,7,127,25,21,74,44,19,18"/><T89/><D116/><U119/><E119/><V95/><F118/><W108/><G108/><T4/><D82/><U16/><E68/><V81/><F33/><W47/><G127/><T86/><D20/><U123/><E123/><V59/><F6/><W112/><G112/><T83/><D102/><U5/><E31/><V72/><F67/><W94/><G7/><T37/><D37/><U30/><E30/><V79/><F72/><W69/><G69/><T2/><D2/><U62/><E71/><V111/><F111/><W76/><G105/><T22/><D22/><U58/><E16/><N who="3" m="6186" /><G73/><T122/><D122/><U36/><E36/><V120/><F95/><W109/><G74/><T9/><D9/><U99/><REACH who="1" step="1"/><E62/><REACH who="1" ten="352,316,151,171" step="2"/><V65/><F120/><W110/><G109/><T107/><D107/><U24/><E24/><V35/><F26/><W34/><G110/><T75/><D75/><U134/><E134/><N who="0" m="51209" /><D83/><U125/><E125/><V55/><F35/><W14/><G34/><T113/><D113/><U114/><E114/><V103/><F23/><W39/><G39/><T27/><D27/><U131/><E131/><V121/><F121/><W49/><G25/><T38/><D38/><U12/><E12/><V104/><F81/><W101/><G28/><T128/><D128/><U51/><E51/><V130/><F130/><W11/><G49/><T41/><D48/><U56/><E56/><V29/><F57/><W60/><G21/><T97/><D97/><U70/><E70/><V64/><F29/><W96/><G98/><T124/><D124/><U66/><E66/><V46/><F65/><RYUUKYOKU ba="0,1" sc="352,15,316,15,151,-15,171,-15" hai0="3,4,8,41,43,86,88,89,90,93" hai1="1,5,10,50,53,58,61,63,80,87,91,92,99" />
</Scene>
<Scene>
<INIT seed="4,1,1,1,5,78" ten="367,331,136,156" oya="0" hai0="44,15,26,97,104,37,53,7,133,127,114,84,74" hai1="101,57,99,36,111,28,42,45,129,9,117,87,113" hai2="109,105,23,54,46,29,81,51,98,125,122,83,91" hai3="106,11,96,62,86,121,2,4,27,30,68,22,108"/><T72/><D127/><U49/><E111/><V89/><F109/><W118/><G108/><T24/><D114/><U123/><E117/><V73/><F122/><W25/><G118/><T41/><D133/><U88/><E123/><V19/><F125/><W55/><G121/><T126/><D126/><U64/><E129/><V33/><F33/><W43/><G43/><T95/><D104/><U10/><E113/><V60/><F29/><W75/><G75/><T71/><D71/><U110/><E110/><V0/><F0/><W90/><G27/><T31/><D26/><U58/><E28/><V63/><F73/><W8/><G8/><T38/><D38/><U18/><E64/><V40/><F105/><W124/><G124/><T134/><D134/><U32/><E32/><V102/><F102/><W119/><G119/><T116/><D116/><U79/><E79/><V21/><F21/><W131/><G131/><T34/><D84/><U48/><E36/><V66/><F66/><W107/><G96/><T120/><D120/><U1/><E1/><V82/><F98/><W20/><G20/><T94/><D94/><N who="1" m="58615" /><E48/><V132/><F132/><W17/><G30/><T35/><D35/><U6/><E6/><V3/><F3/><W77/><G77/><T115/><D115/><U59/><E18/><V103/><F103/><W85/><G85/><T16/><D7/><U47/><E45/><V39/><F39/><W128/><G128/><T76/><D76/><U92/><AGARI ba="1,1" hai="9,10,42,47,49,57,58,59,87,88,92" m="58615" machi="92" ten="30,2000,0" yaku="8,1,54,1" doraHai="78" who="1" fromWho="1" sc="367,-11,331,33,136,-6,156,-6" />
</Scene>
<Scene>
<INIT seed="5,0,0,5,3,25" ten="356,364,130,150" oya="1" hai0="64,97,59,96,19,86,116,66,105,113,90,60,57" hai1="71,45,127,84,21,108,133,43,130,77,69,131,54" hai2="120,52,95,27,48,129,44,93,115,118,112,132,101" hai3="50,62,68,124,16,80,55,83,79,31,38,110,9"/><U123/><E123/><V78/><F120/><W41/><G110/><T36/><D36/><U33/><E33/><V28/><F118/><W4/><G124/><T17/><D116/><U114/><E108/><V49/><F129/><W20/><G38/><T8/><D113/><N who="2" m="43594" /><F78/><W72/><G83/><T12/><D105/><U1/><E1/><V109/><F109/><W32/><G41/><T18/><D59/><U67/><E114/><V103/><F132/><W26/><G68/><T61/><D61/><U7/><E133/><V85/><F49/><W53/><G62/><T94/><REACH who="0" step="1"/><D64/><REACH who="0" ten="346,364,130,150" step="2"/><U119/><E67/><V58/><F58/><W98/><G50/><T15/><D15/><U34/><E131/><V2/><F2/><N who="3" m="151" /><G98/><AGARI ba="0,1" hai="8,12,17,18,19,57,60,66,86,90,94,96,97,98" machi="98" ten="40,2600,0" yaku="1,1,8,1,53,0" doraHai="25" doraHaiUra="102" who="0" fromWho="3" sc="346,36,364,0,130,0,150,-26" />
</Scene>
<Scene>
<INIT seed="6,0,0,4,2,105" ten="382,364,130,124" oya="2" hai0="29,80,129,89,98,38,50,25,118,41,15,34,11" hai1="28,32,51,0,30,69,12,125,46,117,110,119,65" hai2="16,18,45,6,49,76,133,47,104,85,60,19,74" hai3="72,7,3,53,87,67,23,17,8,61,42,86,130"/><V20/><F104/><W10/><G130/><T88/><D129/><U128/><E110/><V92/><F133/><W71/><G42/><T70/><D118/><U39/><E39/><V115/><F115/><W126/><G126/><T1/><D1/><U26/><E0/><V127/><F127/><W63/><G10/><T131/><D38/><U9/><E125/><V5/><F74/><W54/><G72/><T68/><D131/><U33/><E128/><V35/><F35/><W106/><G106/><T66/><D89/><U24/><E65/><V103/><F60/><W40/><G40/><T52/><D41/><U77/><E69/><V109/><F109/><W123/><G123/><T97/><D97/><U13/><E77/><V43/><F20/><W22/><G22/><T132/><D132/><U75/><E51/><V114/><F114/><W108/><G108/><T99/><D98/><U116/><E46/><V4/><F47/><W121/><G121/><T64/><D70/><U27/><E75/><V90/><REACH who="2" step="1"/><F76/><REACH who="2" ten="382,364,120,124" step="2"/><W21/><G21/><T14/><D34/><N who="1" m="13419" /><E9/><V100/><AGARI ba="0,1" hai="4,5,6,16,18,19,43,45,49,85,90,92,100,103" machi="100" ten="40,12000,1" yaku="1,1,0,1,8,1,54,1,53,0" doraHai="105" doraHaiUra="124" who="2" fromWho="2" sc="382,-40,364,-40,120,130,124,-40" />
</Scene>
<Scene>
<INIT seed="6,1,0,2,1,33" ten="342,324,250,84" oya="2" hai0="22,97,99,84,40,73,123,69,20,128,48,6,133" hai1="79,19,81,126,117,89,70,9,17,13,121,100,37" hai2="122,96,21,111,109,82,62,78,52,102,74,92,114" hai3="34,27,54,4,0,98,101,76,10,68,107,30,2"/><V41/><F122/><W77/><G54/><T112/><D123/><U14/><E121/><V32/><F32/><W47/><G47/><T116/><D73/><U72/><E117/><V134/><F41/><W3/><REACH who="3" step="1"/><G68/><REACH who="3" ten="342,324,250,74" step="2"/><T51/><D69/><U29/><E70/><V45/><F45/><W61/><G61/><T39/><D116/><U132/><E37/><V46/><F46/><W104/><G104/><T88/><D39/><U44/><E44/><V87/><F62/><W75/><G75/><T119/><D119/><U7/><E72/><V110/><F52/><W23/><G23/><T49/><D22/><U12/><E132/><V15/><F134/><W36/><G36/><T18/><D133/><U24/><E126/><V38/><F38/><W59/><G59/><T60/><D60/><U35/><E35/><V93/><F74/><W91/><G91/><T8/><D88/><U56/><E89/><V118/><F118/><W80/><G80/><T127/><D20/><N who="1" m="15495" /><E56/><V43/><F21/><W71/><G71/><T129/><D127/><U66/><E81/><V16/><F109/><W11/><G11/><T63/><D8/><U131/><E9/><V130/><F110/><W103/><G103/><T53/><D53/><U83/><E100/><V94/><F111/><W125/><G125/><T135/><D135/><U25/><E83/><V58/><F58/><W64/><G64/><T113/><D40/><U120/><E66/><V115/><F43/><W26/><G26/><T90/><D90/><U50/><E25/><V28/><F102/><W57/><G57/><T108/><D108/><RYUUKYOKU ba="1,1" sc="342,-10,324,-10,250,-10,74,30" hai3="0,2,3,4,10,27,30,34,76,77,98,101,107" />
</Scene>
<Scene>
<INIT seed="7,2,1,2,4,59" ten="332,314,240,104" oya="3" hai0="32,37,90,133,126,75,73,50,105,12,14,103,8" hai1="44,118,28,121,65,66,74,93,31,76,23,52,55" hai2="38,108,119,116,26,54,10,94,5,21,72,22,30" hai3="78,132,67,24,109,51,43,41,122,25,62,106,35"/><W83/><G122/><T97/><D37/><U81/><E121/><V130/><F38/><W131/><G106/><T77/><D32/><U96/><E118/><V92/><F72/><W95/><G132/><T104/><D104/><U46/><E74/><V89/><F108/><W115/><G109/><T111/><D111/><U134/><E134/><V61/><F130/><W100/><G131/><T102/><D133/><U34/><E34/><V3/><F22/><W86/><G115/><T69/><D69/><U124/><E124/><V120/><F120/><W6/><G6/><T129/><D129/><U82/><E23/><V60/><F54/><W88/><G100/><T99/><D77/><U87/><E93/><V17/><F17/><W127/><G127/><T49/><D126/><U70/><E76/><V114/><F114/><W11/><G11/><T80/><D105/><U91/><E70/><V45/><F45/><N who="3" m="26031" /><G43/><T79/><D8/><U64/><E64/><V48/><F48/><W110/><G35/><T4/><D4/><U15/><E66/><V19/><F30/><W84/><G110/><T68/><D103/><U107/><E107/><V123/><F123/><W71/><G71/><T36/><D102/><U39/><E39/><V0/><F0/><W1/><G1/><T98/><D68/><U27/><E28/><V18/><F18/><W56/><AGARI ba="2,1" hai="24,25,56,62,67,78,83,84,86,88,95" m="26031" machi="56" ten="30,6000,0" yaku="8,1,52,1,54,1" doraHai="59" who="3" fromWho="3" sc="332,-22,314,-22,240,-22,104,76" />
</Scene>
<Scene>
<INIT seed="7,3,0,0,0,93" ten="310,292,218,180" oya="3" hai0="131,40,128,52,49,129,109,37,89,11,7,119,4" hai1="107,1,130,85,48,56,16,83,116,100,29,43,19" hai2="113,57,102,76,82,74,94,10,123,44,117,121,28" hai3="88,101,72,32,68,42,112,90,12,20,25,62,39"/><W60/><G72/><T75/><D109/><U125/><E125/><V26/><F117/><W96/><G112/><T9/><D119/><U86/><E1/><V17/><F113/><W103/><G32/><T33/><D33/><U21/><E116/><V114/><F114/><W69/><G39/><T126/><D126/><U66/><E107/><V64/><F44/><W63/><G42/><T18/><D75/><U106/><E106/><V6/><F17/><N who="3" m="12431" /><G68/><T124/><D124/><U58/><E100/><N who="3" m="38474" /><G69/><T55/><D89/><N who="3" m="34409" /><G12/><N who="0" m="7455" /><D37/><U79/><E130/><V31/><F26/><W110/><G110/><T91/><D91/><U14/><E43/><V53/><F121/><W65/><G65/><T111/><D111/><U27/><E66/><V120/><F64/><W92/><G92/><T3/><D4/><U71/><E71/><V61/><F123/><W24/><G24/><T87/><D87/><N who="1" m="48639" /><E29/><V54/><F120/><W135/><G135/><T78/><D78/><U30/><E30/><V73/><F73/><W45/><G45/><AGARI ba="3,0" hai="3,7,9,40,45,49,52,55,128,129,131" m="7455" machi="45" ten="30,2000,0" yaku="19,1,54,1" doraHai="93" who="0" fromWho="3" sc="310,29,292,0,218,0,180,-29" owari="339,44.0,292,9.0,218,-18.0,151,-35.0" />
</Scene>
</mjloggm>