<mjloggm ver="2.3"><GO type="41"/><UN n0="%E3%81%82%E3%82%93%E3%81%A7%E3%81%83" n1="%E5%A4%AA%E3%81%8F%E3%81%AA%E3%81%84%E3%81%8A" n2="%41%6E%6E%69%6E%2A" n3="%73%65%61%72%69%61%6C" dan="14,15,13,14" rate="1984,2056,1931,1905" sx="M,M,F,M"/><TAIKYOKU oya="0"/>

<Scene>
<INIT seed="0,0,0,5,2,34" ten="250,250,250,250" oya="0" hai0="42,76,70,110,128,67,97,115,68,14,56,124,32" hai1="44,38,40,64,103,49,20,6,112,36,87,129,62" hai2="17,94,10,59,74,106,50,82,43,54,116,117,88" hai3="99,109,73,52,135,4,120,69,100,66,95,35,21"/><T51/><D32/><U30/><E129/><V107/><F43/><W12/><G35/><T114/><D76/><U105/><E112/><N who="0" m="43049" /><D97/><U130/><E130/><V5/><F17/><W0/><G120/><T118/><D14/><U19/><E6/><V133/><F82/><W53/><G73/><T86/><D86/><U108/><E30/><V90/><F133/><W9/><G135/><T15/><D15/><U79/><E103/><V80/><F80/><W102/><G102/><T81/><D81/><U132/><E105/><V1/><F74/><W98/><G98/><T11/><D11/><U45/><E87/><N who="2" m="52511" /><F90/><W134/><G134/><T33/><D33/><U25/><E79/><V47/><F47/><W3/><G109/><T72/><D72/><U111/><E132/><V71/><F71/><N who="0" m="27178" /><D128/><U58/><REACH who="1" step="1"/><E45/><REACH who="1" ten="250,240,250,250" step="2"/><V18/><F107/><W123/><G100/><T75/><D75/><U61/><E61/><V131/><F106/><W55/><G123/><T91/><D91/><U89/><E89/><V119/><F131/><W8/><G4/><T121/><D121/><U65/><E65/><V16/><AGARI ba="0,1" hai="1,5,10,16,18,50,54,59,116,117,119" m="52511" machi="16" ten="40,8000,1" yaku="12,1,52,1,54,2" doraHai="34" who="2" fromWho="2" sc="250,-40,240,-20,250,90,250,-20" />
</Scene>
<Scene>
<INIT seed="1,0,0,5,5,36" ten="210,220,340,230" oya="1" hai0="92,111,105,2,66,37,70,5,75,127,31,128,21" hai1="53,7,9,33,45,96,125,97,24,17,134,74,101" hai2="26,76,63,43,11,130,23,27,89,8,109,67,121" hai3="88,46,133,91,103,32,61,59,98,120,129,77,25"/><U106/><E74/><V49/><F121/><W54/><G120/><T112/><RYUUKYOKU type="yao9" ba="0,0" sc="210,0,220,0,340,0,230,0" hai0="2,5,21,31,37,66,70,75,92,105,111,112,127,128" />
</Scene>
<Scene>
<INIT seed="1,1,0,4,2,68" ten="210,220,340,230" oya="1" hai0="88,20,22,74,116,82,123,39,89,96,75,106,44" hai1="80,15,46,76,79,66,64,114,71,81,17,21,128" hai2="53,98,120,52,7,11,118,32,84,77,26,16,119" hai3="33,5,28,87,92,112,9,127,34,10,122,135,8"/><U63/><E114/><V86/><F120/><W108/><G92/><T31/><D116/><U90/><E128/><V110/><F98/><W61/><G87/><T4/><D123/><U2/><E2/><V30/><F110/><W109/><G61/><T12/><D31/><U6/><E6/><V124/><F124/><W132/><G122/><T43/><D4/><U105/><E105/><V45/><F77/><W129/><G5/><T57/><D57/><U47/><E66/><V111/><F111/><N who="3" m="42571" /><G112/><T107/><D107/><U40/><E90/><V65/><F65/><W113/><G113/><T49/><D49/><U67/><E67/><V23/><F118/><W37/><G37/><T41/><D41/><U91/><E91/><V70/><F70/><W125/><G129/><T73/><D89/><U42/><E42/><V51/><F53/><W36/><G36/><T103/><REACH who="0" step="1"/><D12/><REACH who="0" ten="200,220,340,230" step="2"/><U18/><E40/><V93/><F119/><W13/><G13/><T104/><D104/><U69/><E69/><V126/><F126/><N who="3" m="48139" /><G28/><T72/><N who="0" m="18432" /><DORA hai="97" /><T0/><D0/><U85/><E18/><V115/><F115/><W94/><G94/><T25/><D25/><U101/><E15/><N who="2" m="9631" /><F93/><W24/><G24/><T100/><D100/><U48/><E101/><V121/><F121/><W14/><G14/><T78/><D78/><U55/><E76/><V29/><F29/><W58/><G58/><T3/><D3/><AGARI ba="1,1" hai="3,7,11,26,30,32,45,51,52,84,86" m="9631" machi="3" ten="30,3900,0" yaku="24,1,54,2" doraHai="68,97" who="2" fromWho="0" sc="200,-42,220,0,340,52,230,0" />
</Scene>
<Scene>
<INIT seed="2,0,0,0,5,131" ten="158,220,392,230" oya="2" hai0="109,0,133,54,119,4,38,90,16,78,77,97,24" hai1="28,76,120,2,67,31,128,3,117,112,21,91,65" hai2="107,126,122,69,11,6,62,86,7,12,116,13,59" hai3="94,89,92,57,129,105,73,115,35,71,64,55,43"/><V101/><F69/><W70/><G105/><T40/><D119/><U18/><E117/><V111/><F116/><W30/><G73/><T34/><D109/><U61/><E112/><V100/><F122/><W96/><G115/><T123/><D123/><U15/><E120/><V82/><F107/><W134/><G129/><T66/><D66/><U39/><E39/><V93/><F93/><W5/><G43/><T10/><D40/><U20/><E128/><V47/><F47/><W41/><G41/><T114/><D38/><U124/><E124/><V99/><F126/><W83/><G64/><T60/><D114/><U26/><E76/><V103/><F99/><W113/><G5/><N who="2" m="1545" /><F111/><W23/><G113/><T108/><D34/><U98/><E31/><V88/><F11/><W132/><G35/><T53/><D108/><U33/><E33/><V36/><F36/><W42/><G83/><T79/><D60/><U32/><E32/><V50/><F50/><N who="3" m="30967" /><G94/><T106/><D106/><U80/><E67/><AGARI ba="0,0" hai="12,13,59,62,67,82,86,88,100,101,103" m="1545" machi="67" ten="30,2900,0" yaku="8,1,54,1" doraHai="131" who="2" fromWho="1" sc="158,0,220,-29,392,29,230,0" />
</Scene>
<Scene>
<INIT seed="2,1,0,5,3,97" ten="158,191,421,230" oya="2" hai0="87,32,98,16,94,126,48,124,67,89,96,72,66" hai1="1,3,4,26,88,50,14,56,120,77,83,41,111" hai2="30,40,100,128,85,21,86,28,47,123,90,122,38" hai3="76,106,36,8,42,91,64,109,134,13,81,44,60"/><V118/><F118/><W62/><G109/><T117/><D32/><U63/><E111/><V27/><F128/><W112/><G106/><T54/><D117/><U73/><E120/><V103/><F122/><W74/><G134/><T116/><D116/><U70/><E70/><V55/><F86/><W107/><G107/><T2/><D2/><U51/><E26/><V129/><F129/><W99/><G112/><T75/><D96/><U119/><E119/><V37/><F37/><W132/><G132/><T65/><D16/><U12/><E12/><V59/><F30/><W113/><G113/><T95/><D72/><U17/><E4/><V23/><F23/><W82/><G64/><T35/><D75/><U121/><E121/><V79/><F79/><W104/><G82/><T24/><D24/><U133/><E133/><V39/><F39/><W114/><G114/><T57/><REACH who="0" step="1"/><D35/><REACH who="0" ten="148,191,421,230" step="2"/><U0/><E0/><V7/><F123/><W19/><REACH who="3" step="1"/><G91/><AGARI ba="1,1" hai="48,54,57,65,66,67,87,89,91,94,95,98,124,126" machi="91" ten="40,2600,0" yaku="1,1,2,1,53,0" doraHai="97" doraHaiUra="78" who="0" fromWho="3" sc="148,39,191,0,421,0,230,-29" />
</Scene>
<Scene>
<INIT seed="3,0,0,3,3,10" ten="187,191,421,201" oya="3" hai0="116,60,95,77,2,52,69,27,12,103,108,32,105" hai1="76,123,104,110,15,102,16,13,114,106,61,59,84" hai2="30,93,43,68,120,9,40,21,82,118,85,90,73" hai3="133,55,4,57,72,46,121,39,113,5,112,111,56"/><W54/><G72/><T7/><D116/><U28/><E114/><N who="3" m="44138" /><G4/><T20/><D108/><U80/><E123/><V125/><F118/><W78/><G78/><T86/><D105/><U129/><E28/><V24/><F68/><W124/><G5/><T50/><D2/><U79/><E110/><V71/><F71/><W67/><G111/><T96/><D69/><U94/><E129/><V117/><F120/><W3/><G121/><T81/><D60/><U17/><E79/><V99/><F73/><W42/><G3/><T51/><D32/><U65/><E106/><V132/><F132/><W45/><G133/><T89/><D103/><U128/><E104/><V49/><F117/><W131/><G46/><T63/><D7/><U107/><E107/><V88/><F9/><W135/><G135/><T18/><D12/><N who="1" m="4683" /><E128/><V41/><REACH who="2" step="1"/><F125/><REACH who="2" ten="187,191,411,201" step="2"/><W48/><G131/><T37/><D37/><U87/><E102/><V109/><F109/><W130/><G130/><T66/><D66/><U92/><E92/><V0/><F0/><W134/><G134/><T47/><D47/><AGARI ba="0,1" hai="21,24,30,40,41,43,47,49,82,85,88,90,93,99" machi="47" ten="40,5200,0" yaku="1,1,8,1,54,1,53,0" doraHai="10" doraHaiUra="33" who="2" fromWho="0" sc="187,-52,191,0,411,62,201,0" />
</Scene>
<Scene>
<INIT seed="4,0,0,1,3,25" ten="135,191,473,201" oya="0" hai0="41,64,4,11,126,63,78,73,9,123,85,79,91" hai1="124,125,74,18,61,98,16,105,68,88,55,86,47" hai2="80,23,24,33,65,49,54,69,70,32,31,30,52" hai3="19,39,122,90,129,87,112,26,8,99,46,28,103"/><T84/><D123/><U57/><E74/><V36/><F36/><W22/><G112/><T3/><D126/><N who="1" m="48747" /><E68/><V15/><F80/><W82/><G122/><T35/><D35/><U38/><E105/><V59/><F54/><W114/><G114/><T43/><D73/><U97/><E38/><V71/><F15/><W42/><G129/><T132/><D132/><U77/><E77/><V133/><F133/><W108/><G108/><T58/><D11/><U89/><E47/><V131/><F131/><W121/><G121/><T92/><REACH who="0" step="1"/><D79/><REACH who="0" ten="125,191,473,201" step="2"/><U2/><E2/><V20/><F65/><W50/><G8/><T37/><D37/><U5/><E5/><V96/><F96/><N who="1" m="36969" /><E89/><V6/><F6/><W81/><G39/><T62/><D62/><U115/><E115/><V106/><F106/><W44/><G44/><T21/><D21/><U101/><E101/><V104/><F104/><W51/><G51/><T120/><D120/><U45/><E45/><V119/><F119/><W67/><G67/><T102/><D102/><U128/><E128/><V94/><F33/><W116/><G116/><T56/><D56/><U72/><E72/><V13/><F32/><W111/><G111/><T113/><D113/><U100/><E100/><V12/><F49/><W93/><REACH who="3" step="1"/><G82/><AGARI ba="0,1" hai="3,4,9,41,43,58,63,64,78,82,84,85,91,92" machi="82" ten="40,2000,0" yaku="1,1,53,0" doraHai="25" doraHaiUra="118" who="0" fromWho="3" sc="125,30,191,0,473,0,201,-20" /><AGARI ba="0,0" hai="16,18,55,57,61,82,86,88" m="36969,48747" machi="82" ten="30,3900,0" yaku="18,1,54,2" doraHai="25" who="1" fromWho="3" sc="155,0,191,39,473,0,181,-39" />
</Scene>
<Scene>
<INIT seed="4,1,0,3,3,29" ten="155,230,473,142" oya="0" hai0="9,42,116,129,125,19,40,2,22,98,84,54,71" hai1="97,120,119,112,46,79,30,34,111,41,122,18,123" hai2="0,113,8,124,75,24,126,134,67,115,131,68,105" hai3="77,99,45,50,108,65,25,96,53,106,7,52,102"/><T38/><D116/><U130/><E119/><V128/><F24/><W26/><G65/><T110/><D71/><U10/><E111/><V66/><F75/><W1/><G108/><T23/><D110/><U61/><E79/><V56/><F105/><W57/><G77/><T37/><D129/><N who="2" m="49738" /><F68/><W63/><REACH who="3" step="1"/><G99/><REACH who="3" ten="155,230,473,132" step="2"/><T44/><D98/><U48/><E97/><V83/><F66/><W20/><G20/><T73/><D73/><U15/><E130/><V16/><F67/><W49/><G49/><T103/><D103/><U133/><E48/><V94/><F124/><W59/><G59/><T101/><D101/><U32/><E122/><V76/><F56/><W33/><G33/><T95/><D125/><U11/><E34/><V69/><F126/><W118/><G118/><T86/><D23/><U28/><E32/><V90/><F115/><W121/><G121/><T14/><D38/><U100/><E112/><V4/><F113/><W135/><G135/><T74/><D74/><U60/><E133/><V88/><F134/><W114/><G114/><T55/><D84/><U27/><E100/><V58/><F76/><W81/><G81/><T35/><D35/><U78/><E78/><V107/><F58/><W62/><G62/><T80/><D80/><U51/><E60/><V36/><F83/><W5/><G5/><N who="0" m="1207" /><D37/><U70/><E61/><V64/><F36/><W39/><G39/><T31/><D86/><U82/><E82/><V12/><F64/><W117/><G117/><T72/><D72/><U6/><E70/><V17/><F69/><W92/><G92/><T132/><D95/><RYUUKYOKU ba="1,1" sc="155,-10,230,-10,473,-10,132,30" hai3="1,7,25,26,45,50,52,53,57,63,96,102,106" />
</Scene>
<Scene>
<INIT seed="5,2,1,3,2,70" ten="145,220,463,162" oya="1" hai0="33,53,57,23,37,80,132,105,109,52,6,87,130" hai1="9,65,58,56,28,24,49,135,115,74,11,40,86" hai2="2,108,3,60,125,98,16,29,22,83,101,100,129" hai3="39,38,107,18,123,97,31,120,66,73,44,68,27"/><U8/><E74/><V76/><F108/><W111/><G73/><T15/><D33/><U85/><E135/><V82/><F29/><W63/><G111/><T36/><D109/><U81/><E115/><V122/><F122/><N who="3" m="46635" /><G18/><T92/><D105/><U0/><E0/><V103/><F125/><W113/><G44/><T10/><D92/><U121/><E121/><V4/><F4/><W127/><G113/><T12/><D132/><U118/><E118/><V131/><F98/><W133/><G133/><T78/><D130/><N who="2" m="49674" /><F60/><W69/><G69/><T42/><D42/><U17/><E17/><V99/><F99/><W46/><G46/><T5/><D53/><N who="1" m="31791" /><E40/><V88/><F76/><W90/><G90/><T55/><D55/><U114/><E114/><V134/><F88/><W110/><G110/><T93/><D93/><U34/><E34/><V89/><F89/><W50/><G50/><T43/><D43/><U45/><E45/><V95/><F95/><W91/><G91/><T117/><D117/><U104/><E104/><V48/><F134/><W14/><G14/><T106/><D106/><U19/><E28/><V47/><F2/><W119/><G127/><T51/><D23/><N who="1" m="13439" /><E81/><V96/><F3/><W54/><G54/><T41/><D41/><U13/><E13/><N who="2" m="9487" /><F83/><W84/><G84/><T67/><D67/><U116/><E116/><V62/><F82/><W1/><G1/><T128/><D128/><U21/><E21/><V26/><F26/><W25/><G119/><T112/><D112/><U59/><E65/><V20/><F20/><N who="3" m="15783" /><G27/><T64/><D64/><U61/><E61/><RYUUKYOKU ba="2,1" sc="145,10,220,10,463,-30,162,10" hai0="5,6,10,12,15,36,37,51,52,57,78,80,87" hai1="8,9,11,58,59,85,86" hai3="38,39,63,66,68,97,107" />
</Scene>
<Scene>
<INIT seed="5,3,1,2,1,28" ten="155,230,433,172" oya="1" hai0="120,5,19,83,57,53,61,24,35,7,66,114,9" hai1="110,3,1,63,12,95,30,122,6,41,67,132,113" hai2="111,50,107,118,68,109,84,49,36,82,105,42,91" hai3="45,56,125,13,60,87,47,106,18,55,20,88,25"/><U46/><E122/><V123/><F68/><W15/><G106/><T70/><D120/><U96/><E30/><V115/><F118/><W92/><G125/><T127/><D127/><U8/><E113/><V10/><F123/><W59/><G59/><T80/><D114/><U62/><E132/><V44/><F115/><W0/><G0/><T22/><D35/><U43/><E110/><V2/><F2/><W11/><REACH who="3" step="1"/><G13/><REACH who="3" ten="155,230,433,162" step="2"/><T48/><D7/><AGARI ba="3,2" hai="7,11,15,18,20,25,45,47,55,56,60,87,88,92" machi="7" ten="30,12000,2" yaku="1,1,2,1,7,1,8,1,54,1,53,1" doraHai="28" doraHaiUra="58" who="3" fromWho="0" sc="155,-129,230,0,433,0,162,149" />
</Scene>
<Scene>
<INIT seed="6,0,0,4,2,18" ten="26,230,433,311" oya="2" hai0="84,14,60,88,133,6,102,34,10,124,86,9,12" hai1="94,130,68,57,55,112,26,110,63,30,62,93,54" hai2="121,11,72,95,35,52,117,73,61,131,67,126,64" hai3="23,53,105,82,100,41,43,58,113,51,83,27,28"/><V108/><F35/><W22/><G113/><T109/><D109/><U37/><E110/><V47/><F121/><W32/><G105/><T103/><D124/><U107/><E107/><V45/><F126/><W115/><G100/><T92/><D133/><U1/><E1/><V98/><F117/><W38/><G115/><T118/><D34/><U135/><E112/><V87/><F73/><W46/><REACH who="3" step="1"/><G43/><REACH who="3" ten="26,230,433,301" step="2"/><T91/><D118/><U132/><E132/><V77/><F108/><W96/><G96/><T101/><D60/><U122/><E135/><V36/><F61/><W90/><G90/><T24/><D24/><U42/><E122/><V66/><F98/><W50/><G50/><T0/><D0/><U19/><E42/><V4/><F36/><W15/><G15/><T71/><D71/><U70/><E37/><V75/><F66/><W3/><G3/><T119/><D119/><U31/><E26/><V125/><F67/><W16/><G16/><T81/><REACH who="0" step="1"/><D103/><REACH who="0" ten="16,230,433,301" step="2"/><U56/><E70/><V78/><F125/><W25/><G25/><T21/><D21/><AGARI ba="0,2" hai="21,22,23,27,28,32,38,41,46,51,53,58,82,83" machi="21" ten="40,8000,1" yaku="1,1,52,3,53,0" doraHai="18" doraHaiUra="99" who="3" fromWho="0" sc="16,-80,230,0,433,0,301,100" owari="-64,-56.0,230,-17.0,433,53.0,401,20.0" />
</Scene>
</mjloggm>