<mjloggm ver="2.3"><GO type="169"/><UN n0="%E5%A4%AA%E3%81%8F%E3%81%AA%E3%81%84%E3%81%8A" n1="%E2%99%AA%E3%83%A2%E3%83%8E%E3%82%AF%E3%83%AD" n2="%E4%B8%80%E6%96%B9%E9%80%9A%E8%A1%8C" n3="%E3%82%A6%E3%82%A3%E3%83%89%E3%82%A5%EF%BC%A0%E9%98%AA%E7%A5%9E" dan="18,18,16,16" rate="2200,2243,2124,2138" sx="M,F,M,M"/><TAIKYOKU oya="0"/>

<Scene>
<INIT seed="0,0,0,3,0,130" ten="250,250,250,250" oya="0" hai0="133,109,67,17,51,5,118,94,44,104,134,16,45" hai1="77,15,48,19,105,68,89,92,88,47,38,66,13" hai2="21,113,122,110,46,35,62,84,36,4,7,20,131" hai3="60,73,34,135,115,28,74,114,52,31,10,83,102"/><T75/><D104/><U23/><E105/><V69/><F122/><W3/><G102/><T97/><D118/><U127/><E127/><V111/><F35/><W30/><G34/><T100/><D75/><U18/><E38/><V0/><F131/><W22/><G22/><N who="2" m="8809" /><F84/><W112/><G83/><T91/><D5/><U125/><E125/><V32/><F32/><W53/><G135/><N who="0" m="51723" /><D109/><U90/><E77/><V24/><F24/><W93/><G93/><N who="0" m="58415" /><D67/><U79/><E66/><N who="2" m="41175" /><F113/><W98/><G98/><N who="0" m="57695" /><D45/><U121/><E47/><V6/><F6/><W95/><G95/><T82/><D82/><U81/><E92/><V41/><F0/><W64/><G73/><T2/><D2/><U76/><E81/><V72/><F4/><W120/><G74/><T8/><D8/><U49/><E121/><V58/><F7/><W63/><G120/><T96/><D96/><U1/><E1/><V124/><F72/><W57/><G3/><T14/><D14/><U11/><E15/><V78/><F124/><W123/><G123/><T39/><D39/><U43/><E13/><V56/><F111/><W65/><G10/><T9/><D9/><U70/><E11/><V107/><F110/><W40/><G64/><T117/><D117/><U29/><E43/><AGARI ba="0,0" hai="16,17,43,44,51" m="57695,58415,51723" machi="43" ten="30,12000,1" yaku="20,1,52,3,54,1" doraHai="130" who="0" fromWho="1" sc="250,120,250,-120,250,0,250,0" />
</Scene>
<Scene>
<INIT seed="0,1,0,5,3,116" ten="370,130,250,250" oya="0" hai0="120,43,112,63,45,11,134,9,101,61,22,46,77" hai1="99,55,40,73,50,5,132,88,66,67,79,42,78" hai2="21,113,69,52,20,91,1,24,72,104,108,81,75" hai3="133,94,54,115,106,129,49,6,44,8,124,15,60"/><T14/><D112/><U100/><E132/><V53/><F69/><W34/><G106/><T105/><D134/><U114/><E114/><V18/><F113/><W92/><G133/><T74/><D105/><U29/><E29/><V47/><F1/><W70/><G115/><T7/><D101/><U37/><E37/><V36/><F104/><W0/><G34/><T102/><D102/><U10/><E100/><V30/><F108/><W84/><G129/><T117/><D117/><U103/><E103/><V48/><F36/><W2/><G124/><T82/><D120/><U38/><E38/><V85/><REACH who="2" step="1"/><F53/><REACH who="2" ten="370,130,240,250" step="2"/><W93/><G0/><T57/><D43/><U80/><E42/><V56/><F56/><N who="3" m="34839" /><G2/><T31/><D46/><U87/><E40/><V97/><F97/><W107/><G107/><T90/><D45/><N who="1" m="28111" /><E99/><V41/><F41/><N who="3" m="24719" /><G70/><T122/><D57/><U96/><E96/><V17/><F17/><W12/><G12/><AGARI ba="1,1" hai="12,18,20,21,24,30,47,48,52,72,75,81,85,91" machi="12" ten="30,3900,0" yaku="1,1,7,1,54,1,53,0" doraHai="116" doraHaiUra="4" who="2" fromWho="3" sc="370,0,130,0,240,52,250,-42" />
</Scene>
<Scene>
<INIT seed="1,0,0,4,0,80" ten="370,130,292,208" oya="1" hai0="89,3,120,27,62,74,71,37,94,12,31,30,7" hai1="6,66,25,93,34,9,26,133,24,16,79,43,126" hai2="86,125,58,17,29,107,47,19,48,103,51,1,32" hai3="109,129,0,113,4,123,95,52,112,53,78,50,106"/><U38/><E126/><V115/><F1/><W96/><G123/><T134/><D37/><U33/><E133/><V2/><F2/><W70/><G70/><T102/><D74/><U10/><E66/><V14/><F107/><W90/><G109/><T81/><D3/><U98/><E79/><V35/><F103/><W122/><G122/><T60/><D134/><U75/><E75/><V119/><F119/><W91/><G129/><T135/><D135/><U127/><E127/><V118/><F118/><W57/><G78/><T77/><D102/><U44/><E6/><V97/><F97/><W131/><G131/><T54/><D71/><U49/><E38/><V39/><F39/><W36/><G36/><T65/><D65/><U88/><REACH who="1" step="1"/><E9/><REACH who="1" ten="370,120,292,208" step="2"/><V8/><F125/><W84/><G4/><T11/><D120/><U82/><E82/><V61/><F8/><W59/><G0/><T124/><D124/><U104/><E104/><V40/><F115/><W5/><G5/><T42/><D81/><U110/><E110/><V130/><F130/><W116/><G116/><T56/><D77/><U85/><E85/><V15/><F86/><W23/><G106/><T121/><D121/><U101/><E101/><V68/><F68/><W64/><G64/><T46/><D7/><U69/><E69/><V41/><F41/><W63/><G113/><T76/><D42/><U111/><E111/><V22/><F40/><W13/><G112/><T45/><D11/><U92/><E92/><V128/><F128/><W21/><G95/><T117/><D94/><U73/><E73/><V67/><F67/><RYUUKYOKU ba="0,1" sc="370,-10,120,30,292,-10,208,-10" hai1="10,16,24,25,26,33,34,43,44,49,88,93,98" />
</Scene>
<Scene>
<INIT seed="1,1,1,2,2,106" ten="360,150,282,198" oya="1" hai0="32,92,59,79,55,43,56,71,120,54,68,16,127" hai1="89,62,24,67,86,116,51,7,124,126,13,130,135" hai2="22,60,17,35,122,15,44,123,110,91,113,39,9" hai3="66,99,28,78,134,14,61,131,76,57,80,42,104"/><U72/><E116/><V100/><F35/><W75/><G131/><T85/><D32/><U65/><E135/><V129/><F129/><W115/><G115/><T118/><D118/><U103/><E130/><V94/><F113/><W10/><G134/><T90/><D127/><N who="1" m="48683" /><E103/><V46/><F110/><W41/><G28/><T81/><D120/><U58/><E24/><V8/><F100/><W12/><G12/><T64/><D43/><U125/><N who="1" m="48691" /><U52/><DORA hai="98" /><E72/><V48/><F39/><W83/><G104/><T19/><D64/><U23/><E62/><V93/><F60/><W21/><G99/><T29/><D29/><U95/><E7/><V47/><F48/><W119/><G21/><T109/><D109/><U31/><E31/><V20/><F94/><W0/><G0/><T49/><D71/><U108/><E108/><V11/><REACH who="2" step="1"/><F22/><REACH who="2" ten="360,150,272,198" step="2"/><W87/><REACH who="3" step="1"/><G119/><REACH who="3" ten="360,150,272,188" step="2"/><T114/><D114/><U53/><E53/><V77/><F77/><W105/><G105/><T33/><D33/><U63/><E63/><V34/><F34/><W101/><G101/><T45/><D55/><U4/><E23/><V97/><AGARI ba="1,3" hai="8,9,11,15,17,20,44,46,47,91,93,97,122,123" machi="97" ten="30,2000,0" yaku="1,1,0,1,53,0" doraHai="106,98" doraHaiUra="82,2" who="2" fromWho="2" sc="360,-6,150,-11,272,53,188,-6" />
</Scene>
<Scene>
<INIT seed="2,0,0,4,5,74" ten="354,139,325,182" oya="2" hai0="28,99,113,79,16,5,112,50,32,38,56,13,104" hai1="54,24,131,11,105,106,49,27,1,114,86,25,84" hai2="64,108,132,125,2,128,70,39,85,93,59,7,122" hai3="14,95,90,12,45,15,26,51,41,118,117,55,43"/><V89/><F122/><W48/><G117/><T129/><D38/><U30/><E114/><V135/><F39/><W34/><G118/><T133/><D5/><U60/><E30/><V110/><F70/><W120/><G120/><T111/><D32/><U80/><E131/><V0/><F125/><W100/><G100/><T97/><D28/><U119/><E119/><V127/><F127/><W72/><G72/><T20/><D129/><U37/><E37/><V102/><F102/><W44/><G34/><T115/><D104/><U9/><E60/><N who="2" m="37919" /><F128/><W77/><G26/><T33/><D33/><U103/><E103/><V75/><F75/><W88/><G55/><T57/><D133/><N who="2" m="51274" /><F7/><W109/><G109/><AGARI ba="0,0" hai="0,2,85,89,93,108,109,110" m="51274,37919" machi="109" ten="30,5800,0" yaku="14,1,10,1,20,1" doraHai="74" who="2" fromWho="3" sc="354,0,139,0,325,58,182,-58" />
</Scene>
<Scene>
<INIT seed="2,1,0,3,3,19" ten="354,139,383,124" oya="2" hai0="44,69,100,55,26,111,121,7,36,75,33,88,37" hai1="29,17,87,15,53,90,83,4,91,94,5,6,25" hai2="48,42,93,86,30,101,2,129,35,22,112,21,16" hai3="51,9,43,123,120,132,122,115,109,47,135,1,60"/><V46/><F112/><W113/><G1/><T11/><D121/><U38/><E38/><V117/><F117/><W104/><G104/><T34/><D75/><U31/><E53/><V81/><F2/><W124/><G9/><T110/><D69/><U80/><E25/><N who="2" m="16695" /><F35/><N who="0" m="13322" /><D100/><U20/><REACH who="1" step="1"/><E80/><REACH who="1" ten="354,129,383,124" step="2"/><V64/><F64/><W57/><G109/><T0/><D26/><U67/><E67/><V68/><F129/><W40/><G40/><T95/><D55/><U28/><E28/><V14/><F81/><W71/><G71/><T103/><D37/><U10/><E10/><V73/><F68/><W41/><G41/><T8/><D8/><U96/><AGARI ba="1,1" hai="4,5,6,15,17,20,29,31,83,87,90,91,94,96" machi="96" ten="30,7900,0" yaku="1,1,0,1,8,1,52,1,53,0" doraHai="19" doraHaiUra="65" who="1" fromWho="1" sc="354,-21,129,92,383,-40,124,-21" />
</Scene>
<Scene>
<INIT seed="3,0,0,1,0,15" ten="333,221,343,103" oya="3" hai0="59,1,108,95,90,87,84,51,27,97,117,133,17" hai1="128,75,107,110,79,103,23,116,22,6,98,57,45" hai2="0,105,38,127,94,122,29,88,85,74,11,76,56" hai3="104,21,55,37,13,48,69,99,102,115,40,135,34"/><W67/><G34/><T25/><D117/><U96/><E110/><V70/><F70/><W53/><G135/><T93/><D1/><U120/><E120/><V49/><F38/><W31/><G115/><T47/><D108/><U82/><E128/><V71/><F71/><W46/><G69/><T42/><D133/><U65/><E116/><V20/><F122/><W109/><G109/><T100/><D59/><U4/><E45/><V63/><F127/><W41/><G67/><T125/><D125/><U35/><E35/><V62/><F105/><W2/><G2/><T64/><D64/><U114/><E114/><V131/><F131/><W9/><G41/><T72/><D72/><U12/><E98/><V129/><F129/><W78/><G78/><T43/><D43/><U124/><E124/><V73/><F49/><W118/><G118/><T58/><D58/><U123/><E123/><V101/><F101/><W10/><G53/><T39/><D39/><U86/><E75/><V134/><F134/><W68/><G68/><T54/><D42/><U66/><E66/><V5/><F76/><W14/><G14/><T3/><D3/><U91/><E79/><V24/><REACH who="2" step="1"/><F63/><REACH who="2" ten="333,221,333,103" step="2"/><W126/><G126/><T8/><D100/><U80/><E103/><V119/><F119/><W44/><REACH who="3" step="1"/><G31/><REACH who="3" ten="333,221,333,93" step="2"/><T132/><D132/><U60/><E60/><V18/><F18/><AGARI ba="0,2" hai="9,10,13,18,21,37,40,44,46,48,55,99,102,104" machi="18" ten="40,7700,0" yaku="1,1,2,1,52,1,53,0" doraHai="15" doraHaiUra="106" who="3" fromWho="2" sc="333,0,221,0,333,-77,93,97" />
</Scene>
<Scene>
<INIT seed="3,1,0,2,0,48" ten="333,221,256,190" oya="3" hai0="75,46,93,55,13,59,67,102,41,87,117,128,14" hai1="74,8,125,120,77,18,135,131,61,121,69,95,116" hai2="42,37,81,64,106,85,20,134,21,115,25,11,53" hai3="80,12,38,0,92,82,130,118,132,105,112,40,126"/><W111/><RYUUKYOKU type="yao9" ba="1,0" sc="333,0,221,0,256,0,190,0" hai3="0,12,38,40,80,82,92,105,111,112,118,126,130,132" />
</Scene>
<Scene>
<INIT seed="3,2,0,5,3,106" ten="333,221,256,190" oya="3" hai0="121,76,68,86,8,5,3,102,95,55,31,75,66" hai1="14,26,52,134,6,58,125,46,44,122,70,104,69" hai2="45,25,54,88,48,38,71,63,27,11,105,93,59" hai3="113,99,103,89,39,97,15,123,132,128,42,101,28"/><W22/><G123/><T126/><D121/><U83/><E122/><V115/><F105/><W50/><G113/><T117/><D117/><U111/><E104/><V90/><F115/><W87/><G39/><T56/><D126/><U108/><E134/><V107/><F107/><W47/><G132/><T9/><D31/><U119/><E26/><V57/><F71/><N who="1" m="27145" /><E83/><V12/><F38/><W13/><G128/><T79/><D9/><U53/><E6/><N who="2" m="3191" /><F59/><W80/><G28/><T131/><D131/><U130/><E130/><V91/><F93/><N who="3" m="58607" /><G22/><T41/><D41/><AGARI ba="2,0" hai="25,27,41,45,48,54,57,63,88,90,91" m="3191" machi="41" ten="30,2000,0" yaku="8,1,54,1" doraHai="106" who="2" fromWho="0" sc="333,-26,221,0,256,26,190,0" />
</Scene>
<Scene>
<INIT seed="4,0,0,1,3,126" ten="307,221,282,190" oya="0" hai0="23,123,85,102,48,5,58,12,132,97,116,115,89" hai1="4,33,24,8,100,94,27,106,36,88,111,107,83" hai2="114,118,3,11,30,82,69,43,57,42,13,78,10" hai3="9,86,63,108,113,68,65,25,34,35,26,67,39"/><T51/><D123/><U71/><E36/><V122/><F122/><W49/><G39/><T98/><D116/><U72/><E71/><V125/><F69/><W32/><G108/><T14/><D115/><U131/><E111/><V15/><F125/><W0/><G113/><T109/><D109/><U2/><E131/><V127/><F127/><W75/><G75/><T40/><D132/><U44/><E44/><V135/><F3/><W93/><G65/><T66/><D5/><U133/><E133/><V110/><F110/><W130/><G130/><T21/><D40/><N who="2" m="15402" /><F135/><W101/><G49/><N who="0" m="19019" /><D102/><U46/><E46/><V62/><F30/><W77/><G101/><T56/><D21/><U121/><E121/><V37/><F37/><W29/><G29/><T96/><D23/><U52/><E33/><V70/><F70/><W99/><G9/><N who="2" m="3081" /><F114/><W20/><G20/><T45/><D45/><U124/><E124/><V41/><F41/><W120/><G0/><T117/><D117/><U84/><E107/><V31/><F31/><W73/><G120/><T91/><D66/><U134/><E134/><V22/><F22/><W79/><G73/><T80/><D91/><U76/><REACH who="1" step="1"/><E52/><REACH who="1" ten="307,211,282,190" step="2"/><N who="2" m="34087" /><F118/><W119/><G119/><T53/><D53/><U95/><E95/><V112/><F112/><W50/><G93/><T19/><D58/><U6/><E6/><V60/><F60/><W54/><G63/><T47/><D56/><U87/><E87/><AGARI ba="0,1" hai="13,15,78,82,87" m="34087,3081,15402" machi="87" ten="30,2000,0" yaku="8,1,54,1" doraHai="126" who="2" fromWho="1" sc="307,0,211,-20,282,30,190,0" />
</Scene>
<Scene>
<INIT seed="5,0,0,0,5,99" ten="307,191,312,190" oya="1" hai0="103,49,118,127,30,120,132,134,12,52,54,117,41" hai1="51,15,82,93,59,65,34,22,31,100,47,107,67" hai2="129,29,50,88,11,116,83,128,121,24,55,85,7" hai3="37,97,64,74,91,69,57,18,86,27,61,25,40"/><U36/><E107/><V70/><F70/><W102/><G74/><T33/><D33/><U78/><E36/><V80/><F116/><N who="0" m="44650" /><D30/><U10/><E34/><V104/><F104/><W90/><G69/><T135/><D12/><U1/><E1/><V124/><F83/><W19/><G37/><T101/><D127/><U17/><E59/><V95/><F121/><W131/><G131/><T122/><D41/><U123/><E123/><N who="0" m="47145" /><D54/><U43/><E31/><V98/><F124/><W115/><G40/><T44/><AGARI ba="0,0" hai="44,49,52,101,103,132,134,135" m="47145,44650" machi="44" ten="40,8000,1" yaku="20,1,13,1,52,2,54,1" doraHai="99" who="0" fromWho="0" sc="307,80,191,-40,312,-20,190,-20" />
</Scene>
<Scene>
<INIT seed="6,0,0,5,3,102" ten="387,151,292,170" oya="2" hai0="5,14,56,99,71,68,111,67,11,47,40,69,50" hai1="35,53,74,17,118,21,86,85,65,121,29,95,26" hai2="128,70,108,82,93,38,34,80,87,59,10,88,31" hai3="66,113,28,106,110,94,58,64,4,7,126,92,133"/><V43/><F108/><W122/><G110/><T36/><D111/><U19/><E118/><V116/><F70/><W101/><G122/><T131/><D131/><U123/><E74/><V135/><F116/><W104/><G28/><T84/><D99/><U129/><E129/><V62/><F128/><W125/><G101/><T96/><D96/><U32/><E65/><N who="3" m="25194" /><G58/><T72/><D72/><U114/><E114/><V60/><F135/><W105/><G113/><T103/><D103/><U124/><E124/><N who="3" m="47722" /><G133/><T76/><D36/><U13/><E35/><V109/><F109/><W20/><G20/><T6/><D6/><AGARI ba="0,0" hai="4,6,7,92,94,104,105,106" m="47722,25194" machi="6" ten="40,12000,2" yaku="28,2,18,1,52,3" doraHai="102" who="3" fromWho="0" sc="387,-120,151,0,292,0,170,120" />
</Scene>
<Scene>
<INIT seed="7,0,0,5,4,70" ten="267,151,292,290" oya="3" hai0="3,53,7,6,96,29,112,77,32,58,46,135,94" hai1="75,106,68,31,86,110,52,35,79,72,116,131,122" hai2="34,14,23,87,54,69,76,81,125,41,128,74,101" hai3="124,0,129,65,119,18,11,123,92,84,100,40,9"/><W80/><G119/><T62/><D135/><U113/><RYUUKYOKU type="yao9" ba="0,0" sc="267,0,151,0,292,0,290,0" hai1="31,35,52,68,72,75,79,86,106,110,113,116,122,131" />
</Scene>
<Scene>
<INIT seed="7,1,0,4,2,127" ten="267,151,292,290" oya="3" hai0="61,0,21,71,118,32,5,112,109,41,63,125,19" hai1="6,46,67,34,11,14,126,15,99,121,78,129,86" hai2="59,113,106,39,28,94,82,104,73,60,10,26,53" hai3="133,97,95,8,42,122,79,18,117,62,114,91,100"/><W55/><G117/><T12/><D118/><U77/><E121/><V75/><F39/><W45/><G122/><T48/><D109/><U64/><E34/><V134/><F134/><W84/><G114/><T135/><D125/><U128/><E126/><V20/><F113/><W7/><G133/><T30/><D135/><U107/><E46/><V25/><F94/><W115/><G115/><T27/><D71/><U116/><E116/><V102/><F10/><W40/><G79/><N who="1" m="30218" /><E86/><V2/><F2/><W51/><G18/><T131/><D112/><U57/><E57/><V58/><F82/><N who="3" m="49559" /><G62/><T23/><D23/><U49/><E49/><V111/><F111/><W88/><G100/><T38/><D38/><U36/><E36/><V33/><F59/><W4/><G8/><N who="0" m="2087" /><D61/><U35/><E35/><V9/><F9/><W83/><G83/><T44/><D63/><U74/><E74/><V68/><F68/><W81/><G81/><T70/><D70/><U123/><E123/><V22/><F33/><W98/><G98/><T87/><D87/><U16/><E99/><V17/><REACH who="2" step="1"/><F102/><REACH who="2" ten="267,151,282,290" step="2"/><W1/><G1/><T65/><D65/><N who="1" m="25163" /><E107/><AGARI ba="1,1" hai="17,20,22,25,26,28,53,58,60,73,75,104,106,107" machi="107" ten="40,1300,0" yaku="1,1,53,0" doraHai="127" doraHaiUra="120" who="2" fromWho="1" sc="267,0,151,-16,282,26,290,0" owari="267,-13.0,135,-36.0,308,40.0,290,9.0" />
</Scene>
</mjloggm>