<mjloggm ver="2.3"><GO type="41"/><UN n0="%E6%9D%A5%E6%A0%96%E9%B3%A5" n1="%73%6B%72%30%37%33%31" n2="%E5%A4%AA%E3%81%8F%E3%81%AA%E3%81%84%E3%81%8A" n3="%6E%6F%72%69%73%69%6F" dan="15,14,15,15" rate="2000,1936,2021,2021" sx="M,M,M,M"/><TAIKYOKU oya="0"/>

<Scene>
<INIT seed="0,0,0,0,5,31" ten="250,250,250,250" oya="0" hai0="129,135,49,124,4,74,84,79,20,10,116,3,66" hai1="45,59,127,114,48,32,14,92,113,81,60,1,17" hai2="119,80,77,134,82,117,52,28,39,69,105,130,72" hai3="65,56,110,38,2,24,62,95,29,85,122,126,125"/><T131/><D116/><N who="2" m="44618" /><F105/><W61/><G2/><T9/><D9/><U133/><E1/><V57/><F39/><W121/><G38/><T91/><D124/><N who="3" m="47721" /><G110/><T120/><D120/><N who="3" m="46185" /><G62/><T123/><D135/><U15/><E127/><V86/><F69/><W112/><G112/><N who="1" m="43114" /><E81/><V40/><F40/><W98/><G85/><T103/><D103/><U5/><E92/><V64/><F134/><W16/><G95/><N who="0" m="54759" /><D123/><U68/><E68/><V36/><F36/><W94/><G94/><T35/><D66/><N who="1" m="39199" /><E5/><V111/><F111/><W115/><G98/><T54/><D79/><U70/><E70/><V96/><F96/><W89/><G89/><T78/><D78/><U100/><E100/><V42/><F64/><W99/><G99/><T37/><D37/><U118/><E118/><V76/><F76/><W25/><G115/><T19/><D74/><U75/><E75/><V55/><F72/><W132/><G132/><T13/><D49/><U33/><E133/><V67/><F82/><W30/><G25/><T88/><D54/><N who="1" m="29967" /><E15/><V47/><F55/><W11/><G24/><T8/><D3/><U63/><E63/><N who="2" m="36263" /><F67/><W23/><G65/><T44/><D13/><U104/><E104/><V53/><F53/><W109/><G109/><T87/><D87/><U102/><E102/><V101/><F101/><W7/><G61/><T73/><D73/><U71/><E71/><V107/><F107/><W43/><G43/><T18/><D88/><U21/><AGARI ba="0,0" hai="14,17,21,32,33" m="29967,39199,43114" machi="21" ten="30,4000,0" yaku="11,1,52,2" doraHai="31" who="1" fromWho="1" sc="250,-20,250,40,250,-10,250,-10" />
</Scene>
<Scene>
<INIT seed="1,0,0,4,2,126" ten="230,290,240,240" oya="1" hai0="10,48,45,47,101,5,98,76,4,103,8,64,52" hai1="12,34,16,51,41,71,72,60,83,122,80,30,14" hai2="93,99,78,50,120,26,49,19,102,97,42,123,31" hai3="113,111,24,17,7,3,131,107,118,90,109,117,96"/><U87/><E122/><V112/><F112/><W68/><G68/><T84/><D64/><U100/><E72/><V35/><F78/><W44/><G113/><T106/><D103/><U70/><E100/><V135/><F135/><W88/><G44/><T86/><D76/><U9/><E14/><V53/><F97/><W125/><G125/><T21/><D21/><U20/><E83/><V2/><F2/><W129/><G3/><T91/><D47/><U23/><E71/><V13/><F42/><W74/><G7/><T81/><REACH who="0" step="1"/><D86/><REACH who="0" ten="220,290,240,240" step="2"/><U108/><E108/><N who="3" m="41546" /><G74/><T61/><D61/><U75/><E75/><V79/><F79/><W133/><G133/><T36/><D36/><U116/><E116/><N who="3" m="44650" /><G107/><T43/><D43/><U37/><E37/><V66/><F66/><W63/><G63/><T124/><D124/><U0/><E70/><V134/><F134/><W104/><G104/><T110/><D110/><U82/><E60/><V29/><F49/><W39/><G39/><T56/><D56/><U59/><E59/><V130/><F50/><W73/><G73/><T121/><D121/><U6/><E51/><V25/><F120/><W95/><G90/><T33/><D33/><U38/><E41/><V132/><F123/><W15/><G24/><T77/><D77/><U114/><E38/><V65/><F132/><W119/><G119/><T1/><D1/><U127/><E127/><V18/><F65/><W46/><G46/><T22/><D22/><AGARI ba="0,1" hai="15,17,22,88,95,96,129,131" m="44650,41546" machi="22" ten="30,8000,1" yaku="14,1,12,1,52,2,54,1" doraHai="126" who="3" fromWho="0" sc="220,-80,290,0,240,0,240,90" />
</Scene>
<Scene>
<INIT seed="2,0,0,0,4,65" ten="140,290,240,330" oya="2" hai0="77,108,113,2,23,53,51,132,16,3,116,135,32" hai1="59,9,69,100,29,37,18,57,95,25,15,93,52" hai2="20,133,60,80,21,55,134,68,87,111,11,31,96" hai3="67,82,99,131,84,46,39,90,22,27,83,47,94"/><V64/><F111/><W6/><G131/><T38/><D38/><U28/><E37/><V12/><F96/><W33/><G33/><T58/><D116/><U117/><E69/><V45/><F45/><W88/><G6/><T7/><D108/><U30/><E117/><V70/><F55/><W10/><G10/><T76/><D113/><U75/><E75/><V121/><F121/><W62/><G39/><T102/><D102/><U74/><E74/><V106/><F106/><W92/><G92/><N who="1" m="35402" /><E100/><V5/><F70/><W17/><G83/><T73/><D32/><U36/><E36/><V42/><F42/><W128/><G128/><T115/><D115/><U19/><E59/><AGARI ba="0,0" hai="17,22,27,46,47,59,62,67,82,84,88,90,94,99" machi="59" ten="30,3900,0" yaku="7,1,8,1,54,1" doraHai="65" who="3" fromWho="1" sc="140,0,290,-39,240,0,330,39" />
</Scene>
<Scene>
<INIT seed="3,0,0,1,2,43" ten="140,251,240,369" oya="3" hai0="114,100,98,38,11,74,87,8,129,89,20,60,29" hai1="58,76,126,49,1,36,123,88,40,31,92,21,71" hai2="0,23,117,51,45,86,67,121,115,50,110,124,35" hai3="73,39,2,106,24,42,37,134,17,116,122,44,80"/><W85/><G122/><T66/><D74/><U119/><E123/><V28/><F121/><W41/><G2/><T3/><D129/><U75/><E119/><V33/><F117/><W111/><G106/><T10/><D38/><U55/><E71/><V128/><F0/><W57/><G57/><T30/><D114/><U65/><E1/><V109/><F115/><W96/><G73/><T118/><D3/><U25/><E126/><V12/><F124/><W130/><G96/><T18/><D118/><U63/><E75/><V99/><F128/><W94/><G94/><T97/><D97/><U127/><E127/><V112/><F112/><W81/><G130/><T4/><D4/><U64/><E76/><V5/><F67/><W47/><G134/><T131/><D131/><U52/><E55/><V9/><F99/><W90/><G116/><T46/><D46/><N who="1" m="25799" /><E36/><V19/><F86/><AGARI ba="0,0" hai="21,25,31,52,58,63,64,65,86,88,92" m="25799" machi="86" ten="30,7700,0" yaku="8,1,52,1,54,2" doraHai="43" who="1" fromWho="2" sc="140,0,251,77,240,-77,369,0" />
</Scene>
<Scene>
<INIT seed="4,0,0,2,3,112" ten="140,328,163,369" oya="0" hai0="49,131,55,80,41,67,61,12,103,79,101,8,121" hai1="73,111,40,29,14,127,28,87,54,64,81,36,4" hai2="51,84,30,106,77,31,83,118,90,21,42,32,13" hai3="74,62,46,117,19,16,47,114,57,93,85,134,59"/><T6/><D121/><U132/><E111/><V89/><F106/><W23/><G117/><T96/><D131/><U76/><E127/><V25/><F118/><W71/><G74/><T2/><D2/><U119/><E119/><V130/><F130/><W92/><G71/><T45/><D96/><U50/><E132/><V27/><REACH who="2" step="1"/><F13/><REACH who="2" ten="140,328,153,369" step="2"/><W60/><G134/><T9/><D55/><U15/><E15/><V135/><F135/><W78/><G114/><T11/><D9/><U5/><E40/><V37/><F37/><W104/><G104/><T53/><D11/><U98/><E36/><V65/><F65/><W66/><G66/><T68/><REACH who="0" step="1"/><D53/><REACH who="0" ten="130,328,153,369" step="2"/><U129/><E129/><V69/><F69/><W44/><G85/><AGARI ba="0,2" hai="6,8,12,41,45,49,61,67,68,79,80,85,101,103" machi="85" ten="30,12000,1" yaku="1,1,2,1,7,1,25,2,53,0" doraHai="112" doraHaiUra="91" who="0" fromWho="3" sc="130,140,328,0,153,0,369,-120" />
</Scene>
<Scene>
<INIT seed="4,1,0,0,0,120" ten="270,328,153,249" oya="0" hai0="0,21,107,8,48,118,26,38,18,79,127,119,82" hai1="129,5,52,58,14,75,15,80,97,29,67,85,132" hai2="6,60,54,42,10,64,131,95,84,134,117,7,11" hai3="98,111,101,53,3,51,22,31,93,76,37,106,36"/><T69/><D107/><U4/><E129/><V91/><F131/><W72/><G3/><T59/><D69/><U90/><E75/><V35/><F35/><W57/><G111/><T88/><D127/><U25/><E67/><V114/><F114/><W44/><G106/><T94/><D38/><U62/><E132/><V83/><F134/><W89/><G72/><T63/><D48/><U104/><E5/><V27/><F117/><W87/><G76/><T12/><D0/><U110/><E110/><V92/><F42/><W23/><G57/><T9/><D118/><U33/><REACH who="1" step="1"/><E4/><REACH who="1" ten="270,318,153,249" step="2"/><V103/><F64/><W116/><G116/><T74/><D119/><U55/><E55/><V122/><F7/><W86/><G53/><N who="0" m="34287" /><D12/><U125/><E125/><V70/><F54/><W77/><G37/><T47/><D47/><U32/><E32/><V81/><F6/><W113/><G36/><T105/><D105/><U73/><E73/><V49/><F122/><W130/><G130/><T24/><D24/><U46/><E46/><V124/><F27/><W128/><G44/><T50/><D50/><U126/><E126/><V2/><F49/><W40/><G51/><T100/><D100/><AGARI ba="1,1" hai="14,15,25,29,33,52,58,62,80,85,90,97,100,104" machi="100" ten="40,2600,0" yaku="1,1,54,1,53,0" doraHai="120" doraHaiUra="34" who="1" fromWho="0" sc="270,-29,318,39,153,0,249,0" />
</Scene>
<Scene>
<INIT seed="5,0,0,1,4,50" ten="241,357,153,249" oya="1" hai0="14,127,31,108,121,33,29,41,21,16,1,133,43" hai1="19,102,86,125,5,132,6,28,4,65,84,58,75" hai2="110,13,67,83,117,88,39,122,46,100,98,24,116" hai3="123,96,113,124,56,120,54,45,66,128,135,23,64"/><U104/><E75/><V34/><F110/><W36/><G96/><T118/><D108/><U38/><E38/><V115/><F122/><W49/><G23/><T77/><D118/><U70/><E70/><V73/><F67/><N who="3" m="25643" /><G113/><T72/><D121/><N who="3" m="46665" /><G128/><T62/><D127/><U15/><E125/><V79/><F115/><W93/><G93/><T74/><D62/><U10/><E132/><V26/><F13/><W11/><G11/><T126/><D126/><U44/><E44/><V130/><F130/><W97/><G97/><T119/><D119/><U51/><E28/><V134/><F134/><W89/><G89/><T85/><D1/><U57/><E102/><V95/><F34/><W105/><G105/><T25/><D133/><U78/><E104/><V112/><F112/><W52/><G124/><T80/><REACH who="0" step="1"/><D31/><REACH who="0" ten="231,357,153,249" step="2"/><U27/><E65/><V71/><F71/><W76/><G135/><T68/><D68/><U63/><E63/><V20/><F117/><W101/><G101/><T8/><D8/><U9/><E9/><V131/><F116/><W90/><G90/><T59/><D59/><U48/><E58/><V35/><F131/><W60/><G76/><T55/><D55/><U61/><E61/><V129/><F129/><W0/><G0/><T106/><D106/><U111/><E57/><V81/><F100/><W42/><G54/><T82/><D82/><U53/><E53/><V32/><F83/><W47/><G47/><T3/><D3/><U2/><E2/><V107/><F107/><W69/><G69/><T12/><D12/><U17/><E111/><V40/><F24/><RYUUKYOKU ba="0,1" sc="231,10,357,-30,153,10,249,10" hai0="14,16,21,25,29,33,41,43,72,74,77,80,85" hai2="20,26,32,35,39,40,46,73,79,81,88,95,98" hai3="36,42,45,49,52,56,60" />
</Scene>
<Scene>
<INIT seed="6,1,1,3,4,78" ten="241,327,163,259" oya="2" hai0="36,71,86,37,98,25,134,95,54,111,43,77,135" hai1="69,110,30,34,28,132,79,41,63,123,21,1,67" hai2="42,60,87,46,88,48,0,49,103,75,38,97,105" hai3="114,107,65,73,113,26,124,4,47,32,5,106,15"/><V58/><F75/><W55/><G124/><T53/><D71/><U10/><E110/><V96/><F96/><W22/><G65/><T112/><D111/><U64/><E123/><V29/><F0/><W83/><G32/><T81/><D112/><N who="3" m="43113" /><G55/><N who="0" m="21003" /><D43/><U24/><E132/><N who="0" m="50729" /><D25/><U23/><E67/><V115/><F29/><N who="3" m="17623" /><G47/><T74/><D74/><U9/><E41/><V39/><F39/><W13/><G13/><T31/><D31/><U100/><E100/><AGARI ba="1,1" hai="36,37,77,81,86,95,98,100" m="50729,21003" machi="100" ten="30,2000,0" yaku="20,1,52,1" doraHai="78" who="0" fromWho="1" sc="241,33,327,-23,163,0,259,0" />
</Scene>
<Scene>
<INIT seed="7,0,0,3,0,101" ten="274,304,163,259" oya="3" hai0="45,37,8,74,92,35,48,75,21,89,135,112,122" hai1="121,94,12,115,55,23,88,125,83,80,110,4,126" hai2="52,99,81,36,134,87,116,82,27,104,127,66,16" hai3="113,32,129,114,44,26,47,56,58,77,68,90,11"/><W53/><G68/><T29/><D122/><U10/><E121/><V105/><F116/><W96/><G77/><T54/><D35/><U62/><E110/><V79/><F36/><W22/><G32/><T64/><D37/><U98/><E115/><N who="3" m="44042" /><G11/><T106/><D135/><U131/><E131/><V130/><F66/><W60/><G58/><T39/><D112/><U51/><E62/><V0/><F0/><W43/><G129/><T109/><D109/><U49/><E23/><V73/><F130/><W15/><G15/><T59/><D39/><U57/><REACH who="1" step="1"/><E51/><REACH who="1" ten="274,294,163,259" step="2"/><V76/><F134/><W13/><G43/><T30/><D21/><U18/><E18/><V38/><F38/><W85/><G13/><T107/><D30/><U111/><E111/><V34/><F127/><AGARI ba="0,1" hai="4,10,12,49,55,57,80,83,88,94,98,125,126,127" machi="127" ten="40,12000,2" yaku="1,1,18,1,54,1,53,3" doraHai="101" doraHaiUra="133" who="1" fromWho="2" sc="274,0,294,130,163,-120,259,0" owari="274,7.0,424,53.0,43,-46.0,259,-14.0" />
</Scene>
</mjloggm>