<mjloggm ver="2.3"><GO type="169"/><UN n0="%E5%A4%AA%E3%81%8F%E3%81%AA%E3%81%84%E3%81%8A" n1="%E3%81%94%E3%81%98%E3%82%83%E3%82%8B" n2="%E3%81%99%E3%81%9A%E3%82%81%E3%82%AF%E3%83%AC%E3%82%A4%E3%82%B8%E3%83%BC" n3="%E2%80%A1%E2%80%A0%E3%82%B3%E3%82%A6%E3%83%A1%E3%82%A4%E2%80%A0%E2%80%A1" dan="18,18,17,16" rate="2172,2198,2160,2022" sx="M,M,M,M"/><TAIKYOKU oya="0"/>

<Scene>
<INIT seed="0,0,0,2,1,126" ten="250,250,250,250" oya="0" hai0="7,91,134,17,121,101,49,116,52,88,99,103,35" hai1="36,54,3,83,104,37,13,51,94,118,100,42,18" hai2="79,106,21,2,10,135,28,58,89,78,23,6,24" hai3="110,109,133,56,27,67,32,119,72,96,77,19,26"/><T61/><D121/><U84/><E3/><V0/><F106/><W12/><G119/><T105/><D116/><U55/><E118/><V113/><F113/><W48/><G133/><T76/><D35/><U69/><E69/><V9/><F135/><W45/><G96/><T29/><D134/><U82/><E104/><V39/><F39/><W16/><G77/><T34/><D7/><U80/><E37/><V65/><F89/><W43/><G72/><T62/><D76/><U74/><E74/><V102/><F102/><W41/><G41/><T86/><D101/><U81/><E36/><V87/><F87/><W47/><G47/><T25/><D17/><U4/><E4/><V57/><F6/><W63/><G19/><T125/><D125/><U111/><E111/><N who="3" m="42506" /><G32/><T53/><D91/><U131/><E42/><V130/><F65/><W107/><G107/><T117/><D117/><U1/><E1/><V5/><F5/><W124/><G124/><T129/><D53/><U30/><E55/><V71/><F71/><W115/><G115/><T123/><D123/><U11/><E30/><V64/><F64/><W132/><G132/><T15/><D15/><U120/><E120/><V128/><F28/><W75/><G75/><T44/><REACH who="0" step="1"/><D129/><REACH who="0" ten="240,250,250,250" step="2"/><U46/><E131/><V14/><F14/><W8/><AGARI ba="0,1" hai="8,12,16,26,27,43,45,48,56,63,67" m="42506" machi="8" ten="30,2000,0" yaku="14,1,54,1" doraHai="126" who="3" fromWho="3" sc="240,-10,250,-5,250,-5,250,30" />
</Scene>
<Scene>
<INIT seed="1,0,0,0,2,4" ten="230,245,245,280" oya="1" hai0="127,65,116,131,24,94,13,98,26,85,48,11,124" hai1="9,2,83,82,22,87,33,62,121,6,91,35,58" hai2="1,16,130,20,111,66,93,108,32,72,54,113,37" hai3="106,57,3,25,21,96,69,76,100,53,47,71,28"/><U119/><E119/><V44/><F32/><W27/><G3/><T90/><D116/><U41/><E121/><V38/><F72/><W64/><G76/><T99/><D131/><U61/><E41/><V77/><F77/><W70/><G47/><T73/><D73/><U75/><E62/><V97/><F66/><W8/><G8/><T122/><D65/><U0/><E0/><V36/><F113/><W12/><G12/><T34/><D48/><U18/><E82/><V59/><F44/><W43/><G43/><T86/><D122/><U129/><E129/><V42/><F1/><W40/><G40/><T67/><D67/><U128/><E75/><V52/><F42/><W80/><G80/><T114/><D114/><U10/><E128/><V55/><F59/><W134/><G134/><T7/><D86/><U23/><E10/><V126/><F126/><N who="0" m="48170" /><D34/><U68/><E68/><V79/><F79/><W50/><G64/><T74/><D74/><U29/><E29/><V102/><REACH who="2" step="1"/><F130/><REACH who="2" ten="230,245,235,280" step="2"/><W39/><G70/><T5/><D5/><U45/><E45/><V125/><F125/><W135/><G135/><T14/><D14/><AGARI ba="0,1" hai="14,16,20,36,37,38,52,54,55,93,97,102,108,111" machi="14" ten="50,6400,0" yaku="1,1,54,2,53,0" doraHai="4" doraHaiUra="104" who="2" fromWho="0" sc="230,-64,245,0,235,74,280,0" />
</Scene>
<Scene>
<INIT seed="2,0,0,1,0,83" ten="166,245,309,280" oya="2" hai0="22,113,109,17,51,7,92,65,134,133,79,48,49" hai1="116,115,102,75,1,53,5,0,63,96,117,81,97" hai2="123,54,25,74,101,42,120,105,87,71,61,118,66" hai3="69,52,37,90,111,6,70,80,135,93,34,13,33"/><V35/><F118/><W73/><G37/><T76/><D113/><U78/><E115/><V4/><F4/><W128/><G111/><T9/><D109/><U129/><E129/><V56/><F42/><W89/><G128/><T85/><D65/><U3/><E5/><V32/><F32/><W121/><G121/><T45/><D45/><U72/><E72/><V99/><F74/><W112/><G112/><T98/><D22/><U67/><E53/><V20/><F87/><W77/><G135/><N who="0" m="51723" /><D17/><U29/><E29/><V108/><F108/><W59/><G70/><T95/><D85/><U107/><REACH who="1" step="1"/><E96/><REACH who="1" ten="166,235,309,280" step="2"/><V39/><F120/><W119/><G52/><T43/><D43/><U46/><E46/><V104/><F123/><W16/><G6/><T132/><D132/><U19/><E19/><V131/><F131/><W30/><G16/><T14/><D98/><U10/><E10/><V55/><F55/><W12/><G73/><T41/><D41/><U86/><E86/><V26/><F54/><W31/><G31/><T27/><D7/><U47/><E47/><V122/><F99/><W88/><G30/><T21/><D9/><U15/><E15/><V125/><F122/><W11/><G11/><T44/><D14/><U40/><E40/><V23/><F25/><W38/><G13/><T114/><D44/><U100/><E100/><V106/><F101/><W36/><G12/><T126/><D114/><U68/><AGARI ba="0,1" hai="0,1,3,63,67,68,75,78,81,97,102,107,116,117" machi="68" ten="30,8000,1" yaku="1,1,0,1,23,2,53,1" doraHai="83" doraHaiUra="60" who="1" fromWho="1" sc="166,-20,235,90,309,-40,280,-20" />
</Scene>
<Scene>
<INIT seed="3,0,0,1,1,114" ten="146,325,269,260" oya="3" hai0="23,44,6,106,66,99,65,50,54,29,113,4,36" hai1="122,119,133,33,77,97,61,5,72,58,129,82,26" hai2="22,88,11,105,111,41,49,10,17,100,34,91,116" hai3="95,75,85,42,93,121,12,107,25,118,21,20,132"/><W19/><G121/><T101/><D113/><U31/><E122/><V48/><F34/><W59/><G107/><T30/><D36/><U46/><E129/><V43/><F100/><W89/><G75/><T103/><D103/><U112/><E112/><V125/><F111/><W28/><G132/><T78/><D78/><U102/><E5/><V47/><F125/><W108/><G108/><T3/><D29/><U64/><E133/><V80/><F116/><W104/><G104/><T45/><D45/><U57/><E46/><N who="2" m="25679" /><F105/><W14/><G42/><T52/><D54/><U123/><E123/><V130/><F80/><W135/><G135/><T63/><D3/><U79/><E79/><V109/><F130/><W120/><G120/><T39/><D39/><U134/><E134/><V76/><F76/><W94/><G118/><T131/><D131/><U67/><E119/><V0/><F0/><W1/><G1/><T56/><REACH who="0" step="1"/><D66/><REACH who="0" ten="136,325,269,260" step="2"/><U70/><REACH who="1" step="1"/><E64/><REACH who="1" ten="136,315,269,260" step="2"/><V15/><F109/><W40/><G40/><T96/><D96/><U71/><E71/><V92/><F91/><W37/><G37/><T24/><AGARI ba="0,2" hai="4,6,23,24,30,44,50,52,56,63,65,99,101,106" machi="24" ten="30,8000,1" yaku="1,1,0,1,54,1,53,2" doraHai="114" doraHaiUra="2" who="0" fromWho="0" sc="136,100,315,-20,269,-20,260,-40" />
</Scene>
<Scene>
<INIT seed="4,0,0,0,3,54" ten="236,295,249,220" oya="0" hai0="11,112,77,108,53,105,82,94,19,127,106,81,21" hai1="16,74,33,134,60,23,84,6,93,40,37,110,101" hai2="75,119,41,26,38,52,61,92,8,67,124,71,63" hai3="39,35,95,80,107,116,118,126,122,88,86,1,20"/><T57/><D112/><U30/><E74/><V7/><F75/><W104/><G35/><T13/><D127/><U99/><E110/><V100/><F119/><N who="3" m="45611" /><G1/><T102/><D108/><U17/><E134/><V68/><F124/><W132/><G20/><T45/><D45/><U32/><E6/><V59/><F41/><W96/><G39/><T14/><D94/><U66/><E30/><V65/><F38/><W83/><G126/><T123/><D123/><U125/><E125/><V22/><F100/><N who="3" m="60447" /><G132/><T117/><D117/><U31/><E31/><V69/><F92/><N who="3" m="54295" /><G122/><T29/><D102/><U73/><E17/><V15/><F67/><W133/><G133/><T2/><D2/><U5/><E5/><V47/><F47/><W27/><G27/><T120/><D120/><U44/><E32/><V50/><F50/><W135/><G135/><T128/><D29/><AGARI ba="0,0" hai="7,8,15,22,26,29,52,59,61,63,65,68,69,71" machi="29" ten="30,3900,0" yaku="7,1,52,1,54,1" doraHai="54" who="2" fromWho="0" sc="236,-39,295,0,249,39,220,0" />
</Scene>
<Scene>
<INIT seed="5,0,0,2,4,30" ten="197,295,288,220" oya="1" hai0="85,42,70,43,49,75,107,9,117,50,77,59,86" hai1="0,82,108,58,4,52,2,87,51,40,111,97,57" hai2="7,88,41,1,100,96,126,81,55,8,23,34,122" hai3="129,56,22,14,98,83,32,105,25,120,36,33,69"/><U90/><E40/><V116/><F126/><W10/><G120/><T6/><D70/><U84/><E97/><V104/><F41/><W66/><G69/><T134/><D107/><U27/><E4/><V130/><F130/><W12/><G36/><T103/><D117/><U31/><E58/><V37/><F37/><W106/><G83/><T114/><D103/><U67/><E67/><V68/><F122/><W78/><G78/><T99/><D99/><U127/><E84/><V60/><F23/><W53/><G66/><T19/><D114/><U17/><E17/><V15/><F34/><W63/><G129/><T3/><D134/><U45/><E45/><V102/><F102/><W109/><G109/><N who="1" m="42058" /><E127/><V112/><F112/><W121/><G121/><T91/><D42/><U65/><E65/><V128/><F128/><W39/><G39/><T61/><D43/><U133/><E133/><V80/><F7/><W135/><G135/><T16/><D85/><U115/><E115/><V118/><F96/><W76/><G76/><T119/><D77/><U44/><E44/><V79/><F79/><W71/><G71/><T46/><D46/><U64/><E64/><V47/><F47/><W48/><G98/><T35/><D19/><U110/><N who="1" m="42066" /><U113/><DORA hai="74" /><E113/><V131/><F68/><W72/><G72/><T26/><D75/><U28/><E28/><V21/><F131/><W124/><G124/><T89/><D16/><U24/><E24/><V20/><F100/><W132/><G132/><T93/><D26/><U5/><E5/><V18/><F18/><W62/><G25/><RYUUKYOKU ba="0,0" sc="197,-10,295,30,288,-10,220,-10" hai1="0,2,27,31,51,52,57,82,87,90" />
</Scene>
<Scene>
<INIT seed="5,1,0,0,1,126" ten="187,325,278,210" oya="1" hai0="36,3,69,22,89,82,13,64,63,60,58,23,106" hai1="7,5,15,128,114,26,94,122,20,74,133,33,91" hai2="14,47,129,67,62,68,95,81,57,119,52,53,102" hai3="121,93,29,19,56,6,100,125,49,116,90,92,108"/><U78/><E122/><V45/><F119/><W71/><G71/><T54/><D3/><U31/><E114/><V21/><F129/><W1/><G121/><T12/><D106/><U118/><E118/><V117/><F117/><W37/><G116/><T65/><D36/><U115/><E115/><V30/><F81/><W16/><G37/><T99/><D54/><N who="2" m="21098" /><F68/><W132/><G1/><T40/><D40/><U104/><E104/><V38/><F38/><W8/><G6/><T107/><D107/><U2/><E133/><V134/><F134/><W96/><G132/><T98/><D82/><U39/><E39/><V103/><F14/><W88/><G108/><T84/><D84/><U120/><E120/><V24/><F102/><W61/><G49/><T18/><REACH who="0" step="1"/><D89/><REACH who="0" ten="177,325,278,210" step="2"/><U113/><E91/><V101/><F103/><W41/><G100/><T32/><D32/><U83/><E2/><V111/><F111/><W11/><G41/><T77/><D77/><U48/><E113/><V97/><AGARI ba="1,1" hai="21,24,30,45,47,57,62,67,95,97,101" m="21098" machi="97" ten="30,4000,0" yaku="25,1,8,1,54,1" doraHai="126" who="2" fromWho="2" sc="177,-11,325,-21,278,53,210,-11" />
</Scene>
<Scene>
<INIT seed="6,0,0,1,1,61" ten="166,304,331,199" oya="2" hai0="44,58,21,74,40,25,2,57,103,47,59,92,135" hai1="52,90,76,9,20,84,75,94,63,98,124,65,38" hai2="122,26,17,67,128,51,80,15,64,66,78,127,7" hai3="126,88,36,108,115,27,104,96,132,3,130,77,0"/><V1/><F122/><W70/><RYUUKYOKU type="yao9" ba="0,0" sc="166,0,304,0,331,0,199,0" hai3="0,3,27,36,70,77,88,96,104,108,115,126,130,132" />
</Scene>
<Scene>
<INIT seed="6,1,0,0,1,108" ten="166,304,331,199" oya="2" hai0="82,115,73,13,107,106,21,81,94,15,117,77,4" hai1="14,7,134,86,84,78,22,118,55,85,119,110,45" hai2="76,35,66,47,60,122,59,125,89,29,0,63,97" hai3="100,1,11,128,135,69,34,49,8,98,120,111,67"/><V3/><F122/><W64/><G120/><T112/><D117/><U10/><E110/><V43/><F76/><W131/><G34/><T53/><D94/><U36/><E134/><V27/><F125/><W101/><G111/><T96/><D96/><U48/><E36/><V41/><F41/><W91/><G135/><T42/><D42/><U26/><REACH who="1" step="1"/><E78/><REACH who="1" ten="166,294,331,199" step="2"/><V2/><F63/><W46/><G128/><T79/><D4/><U99/><E99/><V133/><F133/><W90/><G131/><T33/><D33/><U113/><E113/><N who="0" m="43593" /><D53/><U71/><E71/><V57/><F97/><W93/><G69/><T37/><D37/><U72/><E72/><V58/><REACH who="2" step="1"/><F89/><REACH who="2" ten="166,294,321,199" step="2"/><W20/><G91/><T30/><D107/><U104/><E104/><V129/><F129/><W80/><G90/><T114/><D106/><U116/><E116/><V51/><AGARI ba="1,2" hai="0,2,3,27,29,35,43,47,51,57,58,59,60,66" machi="51" ten="30,3000,0" yaku="1,1,0,1,53,0" doraHai="108" doraHaiUra="9" who="2" fromWho="2" sc="166,-11,294,-11,321,53,199,-11" />
</Scene>
<Scene>
<INIT seed="6,2,0,1,2,82" ten="155,283,374,188" oya="2" hai0="20,60,105,16,114,31,8,94,72,62,101,95,58" hai1="34,15,21,89,38,29,100,128,51,119,112,25,130" hai2="120,17,42,26,107,18,86,74,106,1,76,0,63" hai3="36,81,4,70,10,40,30,98,135,23,65,49,28"/><V37/><F74/><W27/><G36/><T121/><D121/><U123/><E38/><V102/><F120/><W69/><G30/><T108/><D108/><U13/><E100/><V56/><F42/><W77/><G135/><T39/><D39/><U113/><E51/><V68/><F68/><W79/><G98/><T97/><D72/><U6/><E89/><V12/><F37/><W71/><G65/><T84/><D114/><N who="1" m="44139" /><E123/><V46/><F46/><W122/><G122/><T80/><D31/><U24/><E119/><V78/><F102/><W103/><G103/><T44/><D44/><U7/><E15/><V87/><F12/><W131/><G131/><N who="1" m="50218" /><E13/><V67/><F63/><W93/><G93/><T118/><D118/><U110/><E110/><V2/><F2/><W126/><G79/><T48/><D48/><U22/><E34/><V53/><F56/><W133/><G49/><T5/><D62/><U75/><E75/><V64/><F53/><W9/><G40/><T50/><D50/><U85/><E85/><V117/><F117/><W134/><G70/><T109/><D109/><U115/><E115/><V124/><F76/><W129/><G69/><T83/><D60/><U32/><E32/><V116/><F78/><W66/><G77/><N who="0" m="46095" /><D83/><U127/><E127/><V61/><F61/><W92/><G126/><T33/><D33/><U3/><E3/><V11/><F116/><W132/><G134/><T111/><D111/><U41/><E41/><V99/><F124/><W125/><G132/><T90/><D90/><U88/><E88/><V59/><F0/><W104/><G133/><RYUUKYOKU ba="2,0" sc="155,-10,283,30,374,-10,188,-10" hai1="6,7,21,22,24,25,29" />
</Scene>
<Scene>
<INIT seed="7,3,0,5,1,42" ten="145,313,364,178" oya="3" hai0="107,104,97,65,48,105,76,123,66,27,117,28,110" hai1="118,74,5,49,7,62,59,40,115,15,47,98,119" hai2="106,114,12,135,129,78,85,22,86,103,130,53,45" hai3="132,109,11,34,73,35,79,36,2,26,102,32,9"/><W56/><G36/><T55/><D110/><U99/><E74/><V24/><F114/><W128/><G102/><T29/><D123/><U21/><E115/><V68/><F68/><W31/><G109/><T101/><D117/><U38/><E38/><V52/><F135/><W124/><G132/><T13/><D76/><U84/><E119/><V51/><F78/><W112/><G112/><T96/><D13/><U67/><E118/><V75/><F75/><W63/><G128/><N who="2" m="49257" /><F12/><W14/><G2/><T91/><D91/><U20/><E84/><N who="2" m="32363" /><F106/><W133/><G79/><T77/><D77/><U4/><REACH who="1" step="1"/><E15/><REACH who="1" ten="145,303,364,178" step="2"/><V80/><F80/><W18/><G14/><T100/><D105/><U37/><E37/><V108/><F108/><W44/><G73/><T46/><REACH who="0" step="1"/><D29/><REACH who="0" ten="135,303,364,178" step="2"/><U3/><E3/><V116/><F116/><W61/><G31/><T30/><D30/><U69/><E69/><V41/><F103/><W16/><G133/><T0/><D0/><U58/><E58/><V94/><F94/><W113/><G56/><T71/><D71/><U90/><E90/><V89/><F89/><W125/><G35/><AGARI ba="3,2" hai="27,28,35,46,48,55,65,66,96,97,100,101,104,107" machi="35" ten="30,7700,0" yaku="1,1,7,1,9,1,52,1,53,0" doraHai="42" doraHaiUra="1" who="0" fromWho="3" sc="135,106,303,0,364,0,178,-86" owari="241,-16.0,303,10.0,364,47.0,92,-41.0" />
</Scene>
</mjloggm>