<mjloggm ver="2.3"><GO type="129"/><UN n0="%6D%7A%31" n1="%E5%A4%AA%E3%81%8F%E3%81%AA%E3%81%84%E3%81%8A" n2="%E6%A1%9C%E6%89%87%E5%AD%90" n3="%73%66%2D%6B%75%72%6F" dan="11,8,12,12" rate="1662,1662,1809,1729" sx="M,M,F,M"/><TAIKYOKU oya="0"/>

<Scene>
<INIT seed="0,0,0,1,3,19" ten="250,250,250,250" oya="0" hai0="55,101,106,26,18,39,10,53,64,32,112,67,123" hai1="126,36,54,87,66,17,68,56,105,119,8,76,12" hai2="78,41,98,85,116,9,29,111,110,22,43,46,88" hai3="51,117,102,34,73,69,27,30,60,38,47,37,11"/><T113/><D123/><U71/><E105/><V57/><F116/><W118/><G73/><T25/><D39/><U95/><E119/><V77/><F9/><W6/><G102/><T63/><D106/><U81/><E36/><N who="3" m="13930" /><G51/><T132/><D101/><U79/><E126/><V114/><F114/><W74/><G74/><T3/><D132/><U80/><E95/><V129/><F98/><W83/><G83/><T107/><D107/><U131/><E66/><V45/><F129/><W134/><G47/><N who="2" m="17929" /><F111/><W86/><G86/><T2/><D10/><U109/><E109/><V31/><F110/><W1/><G134/><T92/><D92/><U50/><REACH who="1" step="1"/><E131/><REACH who="1" ten="250,240,250,250" step="2"/><V0/><F0/><W122/><G122/><T135/><D135/><U120/><E120/><V65/><F65/><AGARI ba="0,1" hai="1,6,11,27,30,34,60,65,69,117,118" m="13930" machi="65" ten="30,1000,0" yaku="23,1" doraHai="19" who="3" fromWho="2" sc="250,0,240,0,250,-10,250,20" />
</Scene>
<Scene>
<INIT seed="1,0,0,4,5,53" ten="250,240,240,270" oya="1" hai0="130,76,6,60,26,16,3,48,91,85,83,78,68" hai1="2,99,11,87,36,123,4,32,46,113,1,33,127" hai2="38,25,100,12,115,44,50,65,128,108,97,24,119" hai3="8,56,135,107,45,105,81,114,34,47,58,126,94"/><U52/><E123/><V82/><F119/><W106/><G114/><T104/><D104/><U30/><E113/><V116/><F115/><W103/><G135/><T39/><D39/><U62/><E127/><V22/><F116/><W15/><G126/><T134/><D134/><U89/><E2/><V122/><F122/><W132/><G34/><T51/><D130/><U9/><E9/><V77/><F128/><W117/><G117/><T111/><D111/><U20/><E99/><V86/><F108/><W69/><G132/><T28/><D3/><U96/><E96/><V102/><F38/><W67/><G69/><T63/><D6/><U49/><E36/><V112/><F112/><W121/><G121/><T90/><D68/><U101/><E101/><V124/><F65/><W70/><G70/><T17/><D26/><U125/><E125/><V23/><F124/><W14/><G81/><T79/><D28/><U21/><E62/><V41/><F12/><N who="3" m="4651" /><G8/><T75/><D75/><U37/><E37/><V29/><REACH who="2" step="1"/><F97/><REACH who="2" ten="250,240,230,270" step="2"/><W120/><G67/><T88/><D85/><U7/><E7/><V66/><F66/><W129/><G120/><T43/><D43/><U133/><E133/><V57/><F57/><N who="3" m="22123" /><G129/><T35/><D35/><U93/><E33/><V18/><AGARI ba="0,1" hai="18,22,23,24,25,29,41,44,50,77,82,86,100,102" machi="18" ten="20,12000,2" yaku="1,1,0,1,7,1,8,1,53,2" doraHai="53" doraHaiUra="98" who="2" fromWho="2" sc="250,-30,240,-60,230,130,270,-30" />
</Scene>
<Scene>
<INIT seed="2,0,0,5,3,2" ten="220,180,360,240" oya="2" hai0="51,112,85,25,130,120,9,74,132,125,64,131,109" hai1="107,119,62,32,33,23,103,94,4,11,28,55,133" hai2="117,75,26,126,92,106,38,47,56,76,97,70,123" hai3="44,134,17,50,82,127,8,35,98,101,1,29,96"/><V0/><F123/><W60/><G134/><T54/><D74/><U66/><E119/><V83/><F117/><W80/><G127/><T111/><D120/><U91/><E133/><V68/><F126/><W124/><G124/><T58/><D125/><U12/><E55/><V59/><F106/><W128/><G128/><N who="0" m="49195" /><D132/><U7/><E107/><V95/><F0/><W31/><G35/><T102/><D102/><U52/><E103/><V73/><F38/><W10/><G1/><T19/><D85/><N who="1" m="52591" /><E33/><V81/><F47/><W57/><G17/><T118/><D118/><U21/><E32/><V42/><F42/><N who="3" m="24855" /><G101/><T22/><D9/><N who="1" m="4135" /><E66/><V93/><F26/><W129/><G129/><T88/><D112/><U100/><E100/><V13/><F97/><W84/><G82/><T43/><D43/><U20/><E28/><N who="3" m="10826" /><G96/><T15/><D64/><U108/><E108/><N who="0" m="41545" /><D88/><U49/><E62/><V89/><F75/><W37/><G37/><T71/><D71/><U72/><E72/><V121/><F89/><N who="3" m="51335" /><G98/><T41/><D41/><U61/><E61/><V99/><F73/><W79/><G79/><T6/><D25/><U5/><E11/><V110/><F110/><W115/><G10/><T48/><D48/><U14/><E14/><V69/><F121/><W45/><G8/><T65/><D65/><U3/><E3/><V18/><F70/><W135/><G135/><T63/><D51/><U53/><E53/><V16/><F69/><W77/><G45/><AGARI ba="0,0" hai="5,7,20,21,23,45,49,52" m="4135,52591" machi="45" ten="30,8000,1" yaku="8,1,52,3,54,1" doraHai="2" who="1" fromWho="3" sc="220,0,180,80,360,0,240,-80" />
</Scene>
<Scene>
<INIT seed="3,0,0,3,0,128" ten="220,260,360,160" oya="3" hai0="116,105,54,135,104,15,16,36,115,84,122,4,14" hai1="71,59,61,1,89,113,5,35,100,58,72,111,97" hai2="73,25,30,52,121,49,124,75,70,87,24,7,82" hai3="60,129,80,3,51,101,117,22,44,47,42,127,99"/><W106/><G117/><T48/><D116/><U120/><E113/><V103/><F70/><W133/><G129/><T109/><D122/><U88/><E120/><V21/><F103/><W125/><G3/><T13/><D36/><U6/><E72/><V37/><F121/><W130/><G130/><T98/><D115/><U68/><E35/><V69/><F69/><W23/><G47/><T96/><D109/><U132/><E111/><V65/><F37/><W55/><G133/><T53/><D135/><U118/><E118/><V10/><F124/><W112/><G112/><T131/><D131/><U0/><E61/><V67/><F25/><W78/><G60/><T86/><D4/><U31/><E97/><V38/><F38/><W26/><G55/><T81/><D81/><U50/><E50/><V12/><F73/><W32/><G32/><T66/><D14/><U45/><E45/><N who="2" m="27695" /><F75/><W107/><G107/><T91/><D91/><AGARI ba="0,0" hai="7,10,12,21,24,30,65,67,82,87,91" m="27695" machi="91" ten="30,2000,0" yaku="8,1,54,1" doraHai="128" who="2" fromWho="0" sc="220,-20,260,0,360,20,160,0" owari="200,-20.0,260,6.0,380,48.0,160,-34.0" />
</Scene>
</mjloggm>