<mjloggm ver="2.3"><GO type="169" lobby="0"/><UN n0="%E3%82%AF%E3%83%A9" n1="%E3%81%8F%E3%82%8B%E3%82%8B" n2="%E9%B3%B3%E6%8B%B3" n3="%E5%A4%AA%E3%81%8F%E3%81%AA%E3%81%84%E3%81%8A" dan="17,17,16,17" rate="2108.19,2157.52,2127.97,2165.24" sx="M,M,M,M"/><TAIKYOKU oya="0"/>

<Scene>
<INIT seed="0,0,0,1,2,29" ten="250,250,250,250" oya="0" hai0="107,35,79,128,18,44,96,122,55,41,58,24,100" hai1="121,98,83,26,33,0,30,45,108,62,71,2,80" hai2="73,38,31,8,40,72,119,116,103,70,39,109,68" hai3="75,25,59,134,53,63,133,64,82,112,126,13,17"/><T89/><D122/><U15/><E121/><V23/><F103/><W106/><G112/><T51/><D79/><U22/><E108/><V77/><F109/><W90/><G106/><T57/><D128/><U87/><E98/><V21/><F77/><N who="3" m="44351" /><G126/><T14/><D89/><U130/><E130/><V34/><F8/><N who="3" m="6311" /><G90/><T91/><D91/><U48/><E83/><V117/><F40/><W47/><G25/><T115/><D115/><U66/><E15/><V4/><F4/><W27/><G27/><T52/><D24/><U85/><E22/><N who="2" m="8203" /><F31/><W86/><G86/><T9/><REACH who="0" step="1"/><D35/><REACH who="0" ten="240,250,250,250" step="2"/><U78/><REACH who="1" step="1"/><E85/><REACH who="1" ten="240,240,250,250" step="2"/><V37/><F34/><W131/><G131/><T105/><D105/><U61/><E61/><V104/><F104/><W92/><G63/><T84/><D84/><U125/><E125/><V102/><F102/><W135/><G135/><T101/><D101/><U49/><E49/><V132/><F132/><W93/><G134/><T99/><D99/><U46/><E46/><V94/><F94/><W20/><G133/><T127/><D127/><U120/><E120/><V124/><F124/><W95/><G47/><T60/><D60/><U6/><E6/><V129/><F129/><W1/><G95/><T32/><D32/><U7/><E7/><V56/><F56/><AGARI ba="0,2" hai="9,14,18,41,44,51,52,55,56,57,58,96,100,107" machi="56" ten="40,3900,0" yaku="1,1,54,1,53,0" doraHai="29" doraHaiUra="118" who="0" fromWho="2" sc="240,59,240,0,250,-39,250,0" />
</Scene>
<Scene>
<INIT seed="0,1,0,3,1,69" ten="299,240,211,250" oya="0" hai0="0,42,126,44,35,11,38,54,60,2,71,8,91" hai1="121,113,117,111,36,81,51,103,106,21,87,77,59" hai2="4,33,56,14,101,31,34,68,86,76,105,95,107" hai3="3,32,57,26,78,115,47,83,82,50,102,41,43"/><T70/><D35/><U122/><E117/><V66/><F68/><W100/><G115/><T123/><D123/><U93/><E113/><V63/><F34/><W62/><G3/><T7/><D126/><U98/><E21/><V89/><F33/><W5/><G5/><T19/><D91/><U45/><E111/><V134/><F31/><W74/><G43/><T64/><D54/><U58/><E59/><V120/><F120/><W73/><G32/><T18/><REACH who="0" step="1"/><D71/><REACH who="0" ten="289,240,211,250" step="2"/><U97/><E121/><V108/><F89/><W112/><G112/><T96/><D96/><U29/><E122/><V9/><F76/><W67/><G78/><T127/><D127/><U61/><E98/><V80/><F108/><W88/><G88/><T20/><D20/><U92/><E97/><V116/><F116/><W48/><G102/><T55/><D55/><U12/><E103/><V49/><F101/><W99/><G99/><T53/><D53/><U22/><E22/><V24/><F105/><W30/><G100/><T40/><D40/><U110/><E106/><V27/><F107/><W39/><G41/><T133/><D133/><U75/><E110/><V46/><F134/><W119/><G119/><T84/><D84/><U85/><E87/><V130/><F95/><W109/><G109/><T135/><D135/><U124/><E92/><V132/><F132/><W13/><G74/><T129/><D129/><U1/><E75/><V94/><F94/><W15/><G73/><T72/><D72/><U37/><E77/><N who="2" m="46351" /><F130/><W90/><G90/><T52/><D52/><AGARI ba="1,1" hai="4,9,14,24,27,46,49,52,56,63,66" m="46351" machi="52" ten="30,2000,0" yaku="8,1,54,1" doraHai="69" who="2" fromWho="0" sc="289,-23,240,0,211,33,250,0" />
</Scene>
<Scene>
<INIT seed="1,0,0,4,5,51" ten="266,240,244,250" oya="1" hai0="15,85,12,97,63,0,105,91,36,131,67,72,6" hai1="47,129,53,24,78,32,61,88,44,92,135,38,75" hai2="37,60,100,70,76,111,79,3,11,93,114,83,119" hai3="125,123,110,130,106,115,116,21,134,20,98,82,54"/><U128/><E135/><V2/><F111/><W73/><RYUUKYOKU type="yao9" ba="0,0" sc="266,0,240,0,244,0,250,0" hai3="20,21,54,73,82,98,106,110,115,116,123,125,130,134" />
</Scene>
<Scene>
<INIT seed="1,1,0,1,1,9" ten="266,240,244,250" oya="1" hai0="0,41,45,51,32,52,103,6,84,36,68,129,89" hai1="109,34,76,21,95,20,115,98,73,62,124,78,47" hai2="30,96,26,28,106,3,31,107,131,116,55,104,43" hai3="117,61,100,46,4,7,90,29,88,122,5,114,94"/><U67/><E115/><V13/><F116/><W126/><G114/><T2/><D129/><U75/><E34/><V125/><F131/><W119/><G122/><T102/><D32/><U64/><E47/><V24/><F3/><W112/><G112/><T113/><D68/><U74/><E124/><V54/><F125/><W80/><G126/><T49/><D6/><U132/><E132/><V135/><F135/><W101/><G29/><T69/><D69/><U38/><E38/><V35/><F43/><W134/><G134/><T87/><D36/><U123/><E123/><V79/><F79/><W12/><G61/><T59/><D113/><U63/><E109/><V65/><F65/><W27/><G27/><T11/><D11/><U8/><E8/><V111/><F111/><W127/><G127/><T53/><D41/><U120/><E120/><V44/><F44/><W19/><G46/><T10/><D10/><U39/><E39/><V57/><F96/><N who="3" m="59415" /><G80/><T33/><D33/><U42/><E42/><V128/><F128/><W16/><G101/><T83/><D2/><U70/><E78/><V93/><F35/><W56/><G56/><T1/><D1/><U17/><E76/><V72/><F31/><W108/><G108/><T40/><D0/><U18/><E98/><V82/><F28/><W14/><G119/><T60/><D60/><U48/><E95/><V86/><F30/><W133/><G133/><T81/><D40/><U97/><E97/><V15/><F93/><W118/><G118/><T91/><AGARI ba="1,0" hai="45,49,51,52,53,59,81,83,84,87,89,91,102,103" machi="91" ten="20,8000,1" yaku="0,1,7,1,9,1,8,1,54,1" doraHai="9" who="0" fromWho="0" sc="266,83,240,-41,244,-21,250,-21" />
</Scene>
<Scene>
<INIT seed="2,0,0,1,4,100" ten="349,199,223,229" oya="2" hai0="81,26,68,69,45,125,80,110,27,129,55,42,0" hai1="114,57,60,11,102,117,76,61,66,119,108,3,14" hai2="22,98,134,104,2,120,72,21,116,15,51,122,74" hai3="24,16,65,25,52,38,109,30,29,49,36,5,112"/><V127/><F116/><W84/><G109/><T131/><D0/><U34/><E114/><V132/><F2/><W18/><G112/><T10/><D110/><U86/><E3/><V71/><F71/><N who="0" m="27210" /><D10/><U87/><E34/><V58/><F127/><W33/><G5/><T32/><D55/><U99/><E108/><V115/><F115/><W73/><G73/><T103/><D103/><U126/><E126/><V121/><F72/><W95/><G65/><T23/><D32/><U118/><E60/><V28/><F74/><W40/><G40/><T4/><D4/><U20/><E20/><V13/><F51/><W135/><G135/><N who="2" m="51753" /><F58/><W106/><G38/><N who="0" m="21719" /><D27/><U111/><E111/><V63/><F63/><W105/><G36/><T59/><D59/><U31/><E31/><V82/><F82/><W56/><G30/><T50/><D50/><U46/><E46/><V44/><F44/><W17/><REACH who="3" step="1"/><G25/><REACH who="3" ten="349,199,223,219" step="2"/><T6/><D6/><U7/><REACH who="1" step="1"/><E76/><REACH who="1" ten="349,189,223,219" step="2"/><V70/><F28/><W97/><G97/><T53/><D125/><U19/><E19/><V67/><F70/><W75/><G75/><T128/><D128/><U41/><E41/><V64/><F67/><W43/><G43/><T124/><D124/><U113/><E113/><V54/><F64/><W92/><G92/><AGARI ba="0,2" hai="7,11,14,57,61,66,86,87,92,99,102,117,118,119" machi="92" ten="40,1300,0" yaku="1,1,53,0" doraHai="100" doraHaiUra="39" who="1" fromWho="3" sc="349,0,189,33,223,0,219,-13" />
</Scene>
<Scene>
<INIT seed="3,0,0,3,2,32" ten="349,222,223,206" oya="3" hai0="84,36,92,95,53,42,70,52,65,37,13,19,98" hai1="127,1,20,119,96,49,87,16,45,23,93,4,128" hai2="100,15,108,86,116,41,51,55,125,60,63,89,82" hai3="9,57,69,107,115,0,85,90,26,24,3,134,104"/><W111/><G69/><T44/><D37/><U77/><E127/><V12/><F125/><W35/><G115/><T71/><D84/><U66/><E66/><V56/><F108/><W14/><G134/><T106/><D106/><U72/><E72/><V22/><F116/><W80/><G111/><T105/><D105/><U110/><E110/><V29/><F100/><W79/><G107/><T113/><D113/><U46/><E119/><V31/><F63/><W97/><G57/><T21/><D92/><U74/><E74/><V67/><F41/><W101/><G79/><T68/><REACH who="0" step="1"/><D65/><REACH who="0" ten="339,222,223,206" step="2"/><U73/><E87/><V30/><REACH who="2" step="1"/><F22/><REACH who="2" ten="339,222,213,206" step="2"/><W8/><G35/><T135/><D135/><U10/><E20/><V2/><F2/><W122/><G0/><T5/><D5/><U102/><E23/><V59/><AGARI ba="0,2" hai="12,15,29,30,31,51,55,56,59,60,67,82,86,89" machi="59" ten="30,4000,0" yaku="1,1,0,1,8,1,53,0" doraHai="32" doraHaiUra="109" who="2" fromWho="2" sc="339,-10,222,-10,213,60,206,-20" />
</Scene>
<Scene>
<INIT seed="4,0,0,0,2,19" ten="329,212,273,186" oya="0" hai0="118,82,75,89,21,17,122,95,73,26,81,7,105" hai1="55,37,103,97,76,4,40,61,107,63,112,57,53" hai2="15,56,120,93,130,69,85,38,115,12,6,124,25" hai3="58,109,127,22,79,2,101,70,125,8,84,68,67"/><T39/><D122/><U49/><E76/><V94/><F69/><W1/><G109/><T72/><D105/><U92/><E37/><V102/><F120/><W71/><G101/><T41/><D118/><U24/><E4/><V123/><F123/><W5/><G1/><T30/><D7/><U29/><E112/><V62/><F38/><W99/><G99/><T43/><D41/><U60/><E40/><V126/><F130/><W86/><G79/><T54/><D54/><U64/><E107/><V91/><F115/><W45/><G45/><T132/><D132/><U134/><E134/><V36/><F36/><W117/><G117/><T11/><D11/><U33/><REACH who="1" step="1"/><E55/><REACH who="1" ten="329,202,273,186" step="2"/><N who="2" m="34079" /><F124/><W46/><G125/><T106/><D106/><U3/><E3/><V121/><F6/><W113/><G127/><T98/><D39/><U9/><E9/><V66/><F121/><W47/><G113/><T90/><D43/><U23/><E23/><V10/><F10/><W42/><G22/><T74/><D30/><U135/><E135/><V114/><F126/><W65/><G42/><T34/><D34/><U108/><E108/><V110/><F110/><W27/><G2/><T0/><D0/><U14/><E14/><V59/><F114/><W104/><G104/><T133/><D133/><U128/><E128/><V32/><F15/><W31/><G5/><T50/><D75/><U129/><E129/><V80/><F12/><W131/><G131/><T18/><D74/><U119/><E119/><V28/><F102/><W77/><G8/><T13/><D73/><U78/><E78/><V51/><F66/><AGARI ba="0,1" hai="24,29,33,49,53,57,60,61,63,64,66,92,97,103" machi="66" ten="40,2600,0" yaku="1,1,6,1,53,0" doraHai="19" doraHaiUra="111" who="1" fromWho="2" sc="329,0,202,36,273,-26,186,0" />
</Scene>
<Scene>
<INIT seed="5,0,0,1,1,71" ten="329,238,247,186" oya="1" hai0="46,18,26,60,1,47,121,133,113,90,125,124,116" hai1="132,130,67,109,78,114,11,123,56,12,50,101,3" hai2="112,135,129,31,106,49,62,87,126,127,44,97,104" hai3="91,30,66,99,15,63,54,115,38,55,48,39,45"/><U59/><E123/><V51/><F31/><W83/><G115/><T57/><D113/><U134/><E3/><V68/><F112/><W5/><G30/><T95/><D1/><U34/><E34/><V81/><F129/><W65/><G55/><N who="0" m="33855" /><D116/><U17/><E130/><V23/><F135/><N who="1" m="51753" /><E109/><V20/><F49/><W28/><G28/><T72/><D72/><U131/><E131/><V64/><F104/><W22/><G66/><T36/><D36/><U9/><E101/><V75/><F75/><W77/><G99/><N who="0" m="57847" /><D121/><U120/><E120/><V14/><F97/><W98/><G98/><T52/><D52/><N who="1" m="31767" /><E78/><N who="2" m="46519" /><F106/><W82/><G91/><T70/><D70/><U25/><E25/><V35/><F35/><W102/><G102/><T13/><D133/><U93/><E93/><V53/><F14/><W88/><G88/><T7/><D26/><U42/><E42/><V92/><F92/><W61/><G83/><T40/><D40/><U108/><E108/><V119/><F119/><W2/><G2/><T89/><D89/><U86/><E86/><V76/><F76/><W122/><G122/><T79/><D79/><U103/><E114/><V37/><F37/><W27/><G82/><T29/><D13/><U43/><E103/><V118/><F118/><W107/><G77/><T19/><D7/><U33/><E33/><V69/><F23/><W0/><G0/><T84/><D84/><U16/><E43/><V58/><F20/><W94/><G27/><T32/><D32/><U8/><E12/><V74/><F74/><W128/><G128/><T111/><D111/><U80/><E80/><RYUUKYOKU ba="0,0" sc="329,-15,238,15,247,15,186,-15" hai1="8,9,11,16,17,59,67" hai2="44,51,53,58,62,64,68,69,126,127" />
</Scene>
<Scene>
<INIT seed="5,1,0,4,4,116" ten="314,253,262,171" oya="1" hai0="46,14,18,28,94,40,7,6,25,27,117,33,109" hai1="5,84,125,15,10,64,120,102,129,74,86,130,73" hai2="36,66,23,98,9,8,76,95,77,85,80,91,108" hai3="48,133,101,61,90,45,114,38,92,16,11,54,119"/><U96/><E64/><V118/><F118/><W50/><G119/><T128/><D109/><U51/><E125/><V32/><F32/><W65/><G114/><T132/><D117/><U81/><E51/><V105/><F108/><W100/><G133/><T124/><D132/><U123/><E84/><V126/><F126/><W29/><G29/><T42/><D124/><U97/><E97/><V89/><F36/><W57/><G38/><T122/><D128/><N who="1" m="49259" /><E86/><V70/><F105/><W4/><G48/><T62/><D62/><U88/><E88/><V1/><F66/><W71/><G71/><T107/><D107/><N who="1" m="63943" /><E81/><V59/><F70/><W135/><G135/><T103/><D103/><U78/><E78/><V22/><F59/><W79/><G79/><T19/><D94/><U17/><E17/><V106/><F106/><W131/><G131/><T67/><D67/><U49/><E49/><V58/><F76/><W52/><G65/><T12/><D19/><U110/><E110/><V75/><F75/><AGARI ba="1,0" hai="5,10,15,73,74,75,120,123" m="63943,49259" machi="75" ten="30,5800,0" yaku="19,1,52,2" doraHai="116" who="1" fromWho="2" sc="314,0,253,61,262,-61,171,0" />
</Scene>
<Scene>
<INIT seed="5,2,0,4,5,134" ten="314,314,201,171" oya="1" hai0="97,21,81,118,36,131,80,67,20,109,99,33,0" hai1="133,91,129,103,77,28,25,108,16,115,119,100,43" hai2="18,70,76,68,114,61,128,5,90,27,113,94,15" hai3="7,64,54,1,75,122,31,102,124,56,117,35,120"/><U38/><E119/><V65/><F128/><W2/><G75/><T59/><D33/><U88/><E77/><V105/><F76/><W39/><G39/><T6/><D36/><U69/><E69/><V107/><F70/><W12/><G64/><T30/><D109/><U72/><E72/><V24/><F5/><W3/><G102/><T66/><D6/><U62/><E62/><V78/><F78/><W29/><G56/><T74/><D0/><U49/><E38/><V112/><F24/><N who="3" m="18855" /><G54/><T63/><D118/><U96/><E103/><V17/><F27/><W60/><G60/><T26/><D131/><U45/><E108/><V14/><F105/><W48/><G48/><T52/><D21/><U127/><E133/><V125/><F107/><W121/><G117/><T51/><D67/><U9/><E96/><N who="0" m="36937" /><D74/><U104/><E100/><V46/><F46/><AGARI ba="2,0" hai="20,26,30,46,51,52,59,63,66,80,81" m="36937" machi="46" ten="30,2000,0" yaku="8,1,54,1" doraHai="134" who="0" fromWho="2" sc="314,26,314,0,201,-26,171,0" />
</Scene>
<Scene>
<INIT seed="6,0,0,2,0,120" ten="340,314,175,171" oya="2" hai0="32,112,86,95,132,66,100,60,72,87,104,102,23" hai1="131,116,94,39,109,42,30,41,91,80,81,15,34" hai2="89,93,110,0,75,135,124,59,35,37,44,62,26" hai3="33,58,6,74,68,83,21,57,48,97,55,47,20"/><V106/><F106/><W64/><G33/><T49/><D32/><U92/><E109/><V96/><F124/><W43/><G6/><T18/><D72/><U114/><E116/><V117/><F117/><W122/><G122/><T133/><D49/><U103/><E103/><N who="0" m="39465" /><D104/><U17/><E131/><V115/><F75/><W51/><G97/><T10/><D10/><U61/><E114/><V50/><F115/><W107/><G107/><T127/><D95/><U46/><E41/><V24/><F0/><W52/><G68/><N who="0" m="42055" /><D127/><U5/><E5/><V16/><F37/><W12/><G64/><T126/><D126/><U54/><E94/><V71/><F71/><W77/><REACH who="3" step="1"/><G12/><REACH who="3" ten="340,314,175,161" step="2"/><N who="0" m="9671" /><D112/><U45/><E15/><V125/><F125/><W3/><G3/><T8/><D133/><U13/><E34/><V11/><F35/><W76/><G76/><T22/><D132/><U25/><E13/><N who="2" m="7231" /><F135/><W134/><G134/><T14/><D14/><U84/><E25/><V99/><F99/><W73/><G73/><T53/><D8/><U31/><E30/><V67/><F110/><W90/><G90/><T29/><D29/><U88/><E31/><V101/><F89/><W69/><G69/><T7/><D7/><U82/><E91/><V98/><F98/><W4/><G4/><T38/><D22/><U9/><E88/><V119/><F119/><W118/><G118/><T56/><D87/><U28/><E84/><V121/><F121/><W79/><G79/><T65/><D86/><U1/><E28/><V111/><F111/><W40/><G40/><AGARI ba="0,1" hai="24,26,40,44,50,59,62,67,93,96,101" m="7231" machi="40" ten="30,2900,0" yaku="8,1,54,1" doraHai="120" who="2" fromWho="3" sc="340,0,314,0,175,39,161,-29" />
</Scene>
<Scene>
<INIT seed="6,1,0,4,4,84" ten="340,314,214,132" oya="2" hai0="81,122,118,70,32,27,100,17,126,90,69,26,76" hai1="21,87,20,94,93,102,135,129,0,41,85,98,91" hai2="78,104,105,112,113,44,7,63,50,31,97,115,120" hai3="71,88,23,39,18,38,60,128,96,72,54,124,107"/><V40/><F120/><W109/><G109/><T80/><D122/><U9/><E129/><V110/><F110/><W28/><G72/><T56/><D100/><U51/><E135/><V130/><F130/><W13/><G128/><T34/><D56/><U14/><E0/><V99/><F78/><W119/><G119/><T117/><D17/><U66/><E66/><V11/><F31/><W4/><G124/><T116/><D126/><U45/><REACH who="1" step="1"/><E85/><REACH who="1" ten="340,304,214,132" step="2"/><V58/><F99/><W121/><G121/><T103/><D118/><U132/><E132/><V24/><F97/><W75/><G75/><T77/><D117/><U48/><E48/><V30/><F63/><W42/><G60/><T92/><D116/><U64/><E64/><V73/><F73/><W59/><G96/><T3/><D3/><U36/><E36/><V108/><F108/><W95/><G39/><T49/><D49/><U86/><E86/><V83/><F83/><W123/><G123/><T134/><D134/><U8/><E8/><V35/><REACH who="2" step="1"/><F58/><REACH who="2" ten="340,304,204,132" step="2"/><W106/><G59/><T1/><D81/><U52/><E52/><V79/><F79/><W127/><G54/><T10/><D80/><U61/><E61/><V53/><F53/><W22/><G127/><T74/><D77/><U125/><E125/><V16/><F16/><AGARI ba="1,2" hai="9,14,16,20,21,41,45,51,87,91,93,94,98,102" machi="16" ten="30,8000,1" yaku="1,1,7,1,8,1,52,1,54,1,53,0" doraHai="84" doraHaiUra="2" who="1" fromWho="2" sc="340,0,304,103,204,-83,132,0" />
</Scene>
<Scene>
<INIT seed="7,0,0,2,5,39" ten="340,407,121,132" oya="3" hai0="47,40,125,60,12,31,6,62,86,98,126,113,70" hai1="7,36,67,134,120,21,11,8,116,129,76,23,81" hai2="92,50,0,44,37,17,48,122,19,102,25,105,4" hai3="14,112,77,49,124,87,109,28,43,103,72,68,22"/><W121/><G121/><T127/><D113/><U56/><E36/><V61/><F122/><W75/><G68/><T33/><D70/><U2/><E120/><V93/><F105/><W108/><G112/><T130/><D130/><U45/><E129/><V16/><F0/><W42/><G124/><T84/><D98/><U35/><E35/><V34/><F37/><W65/><G65/><T95/><D31/><U89/><E89/><V52/><F4/><W80/><G103/><T3/><D3/><U85/><E134/><V106/><F61/><W78/><G49/><T13/><D33/><U20/><E45/><N who="2" m="27663" /><F106/><W83/><G87/><T128/><D128/><U117/><E11/><V30/><F34/><W55/><G55/><T38/><D86/><U46/><E46/><V41/><F30/><W26/><G14/><T18/><D6/><U114/><E114/><V66/><F66/><W63/><G63/><T101/><D13/><U94/><E94/><N who="2" m="36459" /><F102/><W115/><G115/><T82/><D95/><U51/><E67/><V111/><F111/><AGARI ba="0,0" hai="22,26,28,42,43,72,75,77,78,80,83,108,109,111" machi="111" ten="40,12000,1" yaku="9,1,10,1,52,2" doraHai="39" who="3" fromWho="2" sc="340,0,407,0,121,-120,132,120" />
</Scene>
<Scene>
<INIT seed="7,1,0,3,5,126" ten="340,407,1,252" oya="3" hai0="77,87,25,53,94,66,51,41,135,63,65,52,100" hai1="91,90,117,42,9,38,81,4,125,28,92,26,74" hai2="70,103,61,101,19,48,82,30,11,13,59,27,64" hai3="8,47,119,31,131,67,110,130,3,132,112,127,99"/><W33/><G119/><T129/><D135/><U69/><E69/><V37/><F37/><W120/><G120/><T115/><D115/><U88/><E117/><V57/><F70/><W60/><G112/><T95/><D129/><N who="3" m="49161" /><G127/><T32/><D32/><U5/><E125/><V7/><F82/><W85/><G132/><T2/><D2/><N who="1" m="151" /><E5/><V122/><F122/><W29/><G110/><T24/><D41/><U83/><E81/><V23/><F59/><N who="3" m="37279" /><G33/><T107/><D107/><U6/><E6/><V12/><F48/><W75/><G75/><T14/><D77/><N who="1" m="44471" /><E26/><V39/><F39/><W20/><G3/><T114/><D114/><U86/><E28/><N who="3" m="10826" /><G8/><AGARI ba="1,0" hai="7,8,11,12,13,19,23,27,30,57,61,64,101,103" machi="8" ten="30,2000,0" yaku="7,1,8,1" doraHai="126" who="2" fromWho="3" sc="340,0,407,0,1,23,252,-23" owari="340,14.0,407,51.0,24,-48.0,229,-17.0" />
</Scene>
</mjloggm>