<mjloggm ver="2.3"><GO type="97"/><UN n0="%E3%81%8A%E3%82%8C%E3%82%93%E3%81%B7" n1="%72%66%74%67%79%68%75%6A" n2="%E3%83%97%E3%83%BC%E3%83%AB%E3%82%AA%E3%83%A0%E5%B7%8C" n3="%E5%A4%AA%E3%81%8F%E3%81%AA%E3%81%84%E3%81%8A" dan="15,13,14,14" rate="1993,1827,1916,2015" sx="M,M,M,M"/><TAIKYOKU oya="0"/>

<Scene>
<INIT seed="0,0,0,3,5,32" ten="250,250,250,250" oya="0" hai0="52,108,43,22,8,39,68,134,94,46,64,58,101" hai1="116,5,21,38,66,17,51,60,26,0,93,102,88" hai2="63,70,62,4,127,96,59,117,69,77,1,126,57" hai3="81,89,30,125,119,74,107,31,45,92,75,73,9"/><T48/><D134/><U135/><E135/><V28/><F117/><W118/><G45/><T33/><D33/><U24/><E116/><N who="3" m="44586" /><G9/><T56/><D8/><U61/><E38/><V115/><F77/><N who="3" m="44207" /><G31/><T76/><D76/><U90/><E26/><V11/><F115/><W78/><G30/><T112/><D112/><U50/><E102/><V53/><F28/><W23/><G23/><T128/><D22/><U87/><E90/><V20/><F20/><W29/><G29/><T106/><D108/><U55/><E0/><V82/><F96/><N who="3" m="57359" /><G125/><N who="2" m="47625" /><F82/><N who="3" m="45399" /><G75/><T130/><D56/><U91/><E5/><V65/><AGARI ba="0,0" hai="1,4,11,53,57,59,62,63,65,69,70" m="47625" machi="65" ten="30,2000,0" yaku="18,1,52,1" doraHai="32" who="2" fromWho="2" sc="250,-10,250,-5,250,20,250,-5" />
</Scene>
<Scene>
<INIT seed="1,0,0,5,0,98" ten="240,245,270,245" oya="1" hai0="52,53,134,91,48,100,36,75,97,121,38,123,113" hai1="28,68,44,94,51,3,99,119,5,96,124,24,12" hai2="4,83,132,128,16,101,60,67,25,90,105,65,118" hai3="29,115,6,64,61,63,46,32,86,88,89,43,45"/><U127/><E119/><V66/><F118/><W27/><G115/><T55/><D113/><U19/><E68/><V80/><F132/><W87/><G6/><T8/><D75/><U107/><E107/><V84/><F128/><W42/><G64/><T104/><D91/><U9/><E94/><V22/><F4/><W10/><G10/><T117/><D8/><U130/><E130/><V82/><F105/><W116/><G116/><T125/><D117/><U7/><E7/><V79/><F101/><W108/><G108/><T54/><D134/><U57/><E57/><V72/><REACH who="2" step="1"/><F83/><REACH who="2" ten="240,245,260,245" step="2"/><W135/><G135/><T74/><D125/><U39/><E127/><V15/><F15/><W40/><G27/><T14/><D14/><U131/><E124/><V47/><F47/><W109/><G45/><T56/><REACH who="0" step="1"/><D74/><REACH who="0" ten="230,245,260,245" step="2"/><U78/><E131/><V77/><F77/><W85/><G89/><T23/><D23/><N who="1" m="11751" /><E78/><V126/><F126/><W1/><G88/><T37/><AGARI ba="0,2" hai="36,37,38,48,52,53,54,55,56,97,100,104,121,123" machi="37" ten="40,8000,1" yaku="1,1,0,1,52,1,54,1,53,0" doraHai="98" doraHaiUra="33" who="0" fromWho="0" sc="230,100,245,-40,260,-20,245,-20" />
</Scene>
<Scene>
<INIT seed="2,0,0,5,5,0" ten="330,205,240,225" oya="2" hai0="135,81,94,40,28,99,8,71,5,89,83,24,124" hai1="3,1,4,76,75,7,117,110,115,50,109,61,26" hai2="93,63,118,123,82,22,12,60,78,122,6,55,111" hai3="97,103,21,69,14,128,84,38,105,13,108,15,104"/><V57/><F118/><W100/><G38/><T31/><D71/><U112/><E76/><V134/><F134/><W121/><G121/><T42/><D135/><U107/><E75/><V119/><F119/><W23/><G69/><T80/><D124/><U74/><E74/><V41/><F111/><N who="1" m="42505" /><E107/><V131/><F131/><W130/><G108/><T52/><D52/><U2/><E61/><V101/><F41/><W18/><G84/><T49/><D49/><U43/><E117/><V77/><F63/><W90/><G90/><T65/><D65/><U106/><E106/><N who="3" m="41066" /><G97/><T67/><D67/><U35/><E35/><V34/><F34/><W127/><G127/><T125/><D31/><U132/><E132/><V85/><F78/><W126/><G126/><T47/><D47/><N who="1" m="25983" /><E26/><V19/><REACH who="2" step="1"/><F6/><AGARI ba="0,0" hai="1,2,3,4,6,7,112,115" m="25983,42505" machi="6" ten="40,8000,1" yaku="14,1,52,3" doraHai="0" who="1" fromWho="2" sc="330,0,205,80,240,-80,225,0" />
</Scene>
<Scene>
<INIT seed="3,0,0,5,5,3" ten="330,285,160,225" oya="3" hai0="13,72,4,17,47,65,5,0,121,1,95,35,83" hai1="78,25,51,12,11,132,16,21,32,127,14,31,101" hai2="23,56,88,124,114,126,128,92,41,134,74,40,49" hai3="48,20,66,29,58,123,94,33,84,107,61,8,109"/><W34/><G123/><T10/><D121/><U63/><E127/><N who="2" m="48683" /><F114/><W108/><G107/><T111/><D65/><U26/><E132/><V24/><F24/><N who="3" m="16519" /><G48/><T130/><D35/><U106/><E106/><V96/><F74/><W91/><G8/><T120/><D120/><U30/><E101/><V99/><F23/><W67/><G67/><T50/><D111/><AGARI ba="0,0" hai="33,34,58,61,66,84,91,94,108,109,111" m="16519" machi="111" ten="30,2900,0" yaku="14,1,10,1" doraHai="3" who="3" fromWho="0" sc="330,-29,285,0,160,0,225,29" />
</Scene>
<Scene>
<INIT seed="3,1,0,3,5,113" ten="301,285,160,254" oya="3" hai0="125,61,31,135,21,14,84,96,60,3,1,127,11" hai1="94,6,77,89,49,52,92,12,115,110,46,43,10" hai2="0,18,62,58,78,56,48,44,118,100,104,67,34" hai3="79,98,87,63,72,59,130,57,134,122,15,105,91"/><W76/><G122/><T95/><D84/><U124/><E110/><V131/><F131/><W107/><G130/><T45/><D45/><U86/><E115/><V33/><F0/><N who="0" m="74" /><D21/><U117/><E117/><V74/><F58/><W66/><G134/><T88/><D31/><U2/><E124/><N who="0" m="47689" /><D135/><U13/><E77/><V22/><F74/><W4/><G59/><T28/><D28/><U83/><REACH who="1" step="1"/><E43/><REACH who="1" ten="301,275,160,254" step="2"/><V93/><F78/><W23/><G72/><T24/><D24/><U40/><E40/><V30/><F30/><W90/><G79/><T53/><D53/><U121/><E121/><V8/><F104/><W47/><G105/><T70/><D70/><U39/><E39/><V114/><F118/><W75/><G75/><T106/><D106/><U123/><E123/><V51/><F114/><W108/><G108/><T54/><D54/><U109/><E109/><V29/><F29/><W19/><G107/><T36/><D36/><U50/><E50/><V85/><F51/><W111/><G111/><T5/><AGARI ba="1,1" hai="5,11,14,60,61,88,95,96" m="47689,74" machi="5" ten="30,2000,0" yaku="18,1,54,1" doraHai="113" who="0" fromWho="0" sc="301,33,275,-6,160,-6,254,-11" owari="334,44.0,269,7.0,154,-35.0,243,-16.0" />
</Scene>
</mjloggm>