<mjloggm ver="2.3"><GO type="97"/><UN n0="%E3%82%A2%E3%82%BF%E3%83%83%E3%82%AF%4E%4F%31" n1="%E8%BE%BB%E5%A0%82%E9%BE%8D" n2="%E5%B1%B1%E6%9D%91" n3="%E5%A4%AA%E3%81%8F%E3%81%AA%E3%81%84%E3%81%8A" dan="15,13,13,14" rate="1945,1846,1917,2033" sx="M,M,M,M"/><TAIKYOKU oya="0"/>

<Scene>
<INIT seed="0,0,0,0,5,15" ten="250,250,250,250" oya="0" hai0="9,60,38,11,32,114,104,74,134,68,99,51,109" hai1="82,128,115,102,23,0,31,118,121,124,76,126,12" hai2="21,107,94,20,6,95,108,127,19,17,69,22,135" hai3="7,35,49,28,117,5,130,39,36,123,65,71,75"/><T48/><D114/><U100/><E0/><V84/><F69/><W92/><G117/><T90/><D38/><U27/><E118/><V97/><F127/><N who="1" m="48681" /><E115/><V58/><F135/><W24/><G75/><T81/><D32/><U56/><E128/><V52/><F108/><W131/><G123/><T13/><D9/><U63/><E12/><V96/><F6/><N who="3" m="2059" /><G49/><T30/><D30/><U77/><E121/><V4/><F4/><W87/><G65/><T110/><D134/><U98/><E98/><N who="2" m="37995" /><F107/><W120/><G71/><T119/><D119/><U116/><E116/><V2/><F2/><W55/><G55/><T112/><D112/><U64/><E77/><V14/><F84/><AGARI ba="0,0" hai="23,27,31,56,63,64,76,82,84,100,102" m="48681" machi="84" ten="30,1000,0" yaku="18,1" doraHai="15" who="1" fromWho="2" sc="250,0,250,10,250,-10,250,0" />
</Scene>
<Scene>
<INIT seed="1,0,0,3,3,81" ten="250,260,240,250" oya="1" hai0="20,129,93,13,9,42,56,4,71,103,37,98,82" hai1="131,47,29,87,117,58,100,5,43,110,101,112,106" hai2="53,45,94,41,1,46,75,17,18,109,52,27,62" hai3="16,70,72,107,35,21,115,39,128,95,85,61,76"/><U11/><E117/><V6/><F75/><W118/><G115/><T0/><D129/><U25/><E131/><V79/><F79/><W23/><G128/><T124/><D124/><U91/><E110/><V10/><F109/><W108/><G108/><T126/><D126/><U135/><E58/><V15/><F27/><W12/><G35/><T36/><D71/><U33/><E106/><V26/><F26/><W120/><G39/><T38/><D42/><U130/><E135/><V34/><F34/><W78/><G107/><T125/><D125/><U104/><E104/><V66/><F94/><W123/><G118/><T92/><D56/><U32/><E32/><V102/><F102/><W96/><G72/><T19/><D82/><U28/><E28/><V8/><F18/><W83/><G78/><T55/><D55/><U68/><E68/><V48/><REACH who="2" step="1"/><F46/><REACH who="2" ten="250,260,230,250" step="2"/><W105/><G105/><T14/><REACH who="0" step="1"/><D92/><REACH who="0" ten="240,260,230,250" step="2"/><U114/><E130/><V2/><F2/><AGARI ba="0,2" hai="0,2,4,9,13,14,19,20,36,37,38,93,98,103" machi="2" ten="40,2600,0" yaku="1,1,2,1,53,0" doraHai="81" doraHaiUra="31" who="0" fromWho="2" sc="240,46,260,0,230,-26,250,0" />
</Scene>
<Scene>
<INIT seed="2,0,0,2,0,71" ten="286,260,204,250" oya="2" hai0="14,58,17,128,101,90,125,33,45,107,127,75,135" hai1="120,52,76,48,114,20,49,31,108,93,119,85,124" hai2="64,0,50,122,32,97,13,117,7,121,18,43,36" hai3="88,38,4,26,86,103,39,16,30,102,67,41,53"/><V123/><F117/><W79/><G79/><T40/><D75/><U2/><E2/><V83/><F32/><W115/><G115/><T116/><D33/><U104/><E104/><V19/><F97/><W77/><G77/><T12/><D135/><U98/><E119/><V91/><F64/><W62/><G4/><T99/><D116/><U63/><E114/><V112/><F112/><W105/><G53/><T65/><D128/><U66/><E120/><V23/><F50/><W131/><G131/><T42/><D40/><U81/><E49/><V47/><F19/><W1/><G1/><T133/><D133/><U134/><E134/><V72/><F91/><W111/><G111/><T129/><D129/><U69/><E108/><V109/><F109/><W10/><G41/><T74/><D74/><U70/><E70/><V6/><REACH who="2" step="1"/><F0/><REACH who="2" ten="286,260,194,250" step="2"/><W35/><G67/><T28/><D90/><U126/><E31/><V73/><F73/><W56/><G30/><T82/><D28/><U22/><E126/><V44/><F44/><W51/><G35/><T113/><D113/><U92/><E124/><N who="0" m="47689" /><D17/><U60/><E66/><V29/><F29/><W55/><G16/><T110/><D110/><U87/><E98/><V95/><F95/><W132/><G132/><T24/><D65/><U25/><E93/><V54/><F54/><W89/><G55/><T34/><D34/><U100/><E92/><V21/><F21/><W8/><G89/><T15/><D99/><U11/><E22/><V5/><F5/><W94/><G94/><T130/><D130/><U57/><E20/><V84/><F84/><RYUUKYOKU ba="0,1" sc="286,-10,260,-10,194,30,250,-10" hai2="6,7,13,18,23,36,43,47,72,83,121,122,123" />
</Scene>
<Scene>
<INIT seed="2,1,1,5,3,67" ten="276,250,224,240" oya="2" hai0="88,56,101,103,21,42,46,104,36,109,43,79,100" hai1="61,78,30,106,59,131,23,62,24,96,135,122,82" hai2="40,28,81,47,55,102,53,17,76,26,25,86,1" hai3="54,3,34,8,80,92,74,66,70,105,22,110,121"/><V51/><F1/><W125/><G92/><T27/><D109/><U50/><E122/><V39/><F102/><W37/><G22/><T11/><D43/><U126/><E131/><V128/><F128/><W107/><G54/><T108/><D108/><U19/><E126/><V10/><F39/><W73/><G110/><T12/><D79/><U117/><E117/><V120/><F120/><W16/><G16/><T84/><D56/><U48/><E62/><V68/><F68/><W20/><G20/><T129/><D129/><U99/><E106/><N who="3" m="40458" /><G121/><T93/><D104/><U94/><E99/><V127/><F127/><W90/><G90/><T29/><D103/><U75/><E19/><AGARI ba="1,1" hai="11,12,19,21,27,29,36,42,46,84,88,93,100,101" machi="19" ten="30,2000,0" yaku="7,1,54,1" doraHai="67" who="0" fromWho="1" sc="276,33,250,-23,224,0,240,0" />
</Scene>
<Scene>
<INIT seed="3,0,0,0,2,104" ten="309,227,224,240" oya="3" hai0="37,88,45,41,2,38,35,81,67,130,77,32,52" hai1="86,116,98,103,124,48,85,5,13,134,120,42,56" hai2="114,83,132,117,63,70,61,125,118,28,78,91,127" hai3="92,135,26,15,54,65,66,64,115,82,129,58,89"/><W101/><G115/><T123/><D123/><U36/><E120/><V51/><F114/><W112/><G112/><T18/><D37/><U96/><E36/><V46/><F28/><W128/><G135/><T1/><D67/><U0/><E0/><V79/><F91/><W21/><G15/><T23/><D130/><N who="3" m="50281" /><G101/><T87/><D2/><U102/><E124/><N who="2" m="47691" /><F83/><W108/><G82/><T95/><D52/><N who="1" m="31751" /><E116/><N who="2" m="44651" /><F79/><W57/><G108/><T94/><D94/><N who="1" m="58647" /><E42/><N who="2" m="25047" /><F78/><W73/><G54/><T34/><D1/><U16/><E5/><V3/><F3/><W8/><G58/><T121/><D121/><U131/><E131/><V105/><F105/><W31/><G57/><T11/><D11/><N who="1" m="6207" /><E134/><V80/><F80/><W20/><G8/><T110/><D110/><U84/><E98/><V126/><N who="2" m="47699" /><V72/><DORA hai="71" /><F72/><W107/><G73/><T106/><D106/><U25/><E25/><V17/><F17/><W69/><G107/><T33/><D33/><U59/><E59/><V49/><F132/><W97/><G20/><T9/><D9/><U68/><E68/><AGARI ba="0,0" hai="21,26,31,64,65,66,68,69,89,92,97" m="50281" machi="68" ten="30,1500,0" yaku="19,1" doraHai="104,71" who="3" fromWho="1" sc="309,0,227,-15,224,0,240,15" />
</Scene>
<Scene>
<INIT seed="3,1,0,0,2,132" ten="309,212,224,255" oya="3" hai0="75,78,30,4,67,63,28,37,22,83,109,134,81" hai1="36,93,98,72,20,39,60,129,1,121,19,8,23" hai2="35,32,53,59,133,0,66,125,38,64,29,15,112" hai3="56,90,84,115,21,110,95,131,25,2,47,135,117"/><W120/><G120/><T108/><D37/><U124/><E121/><V77/><F38/><W105/><G117/><T5/><D134/><U33/><E72/><V114/><F0/><W14/><G115/><T50/><D50/><U69/><E129/><V68/><F133/><W65/><G135/><T10/><D83/><U44/><E33/><V43/><F43/><W9/><G105/><T79/><D79/><U130/><E130/><V42/><F42/><W3/><G131/><T26/><D28/><U118/><E118/><V11/><F77/><W111/><G47/><T126/><D126/><U74/><E124/><V17/><F125/><W61/><G14/><T49/><D49/><U85/><E85/><V27/><F35/><W88/><G90/><T40/><D40/><U106/><E93/><V18/><F18/><N who="3" m="12471" /><G9/><T31/><D31/><U12/><E74/><V104/><F104/><W116/><G116/><T54/><D54/><U96/><E106/><V80/><F80/><W89/><G89/><T73/><D73/><U82/><E82/><V57/><F68/><W100/><G100/><T34/><D34/><U101/><E101/><V45/><F45/><W127/><G127/><T76/><D76/><U7/><E23/><V128/><F128/><W92/><G92/><T70/><REACH who="0" step="1"/><D4/><REACH who="0" ten="299,212,224,255" step="2"/><U119/><E119/><V41/><F41/><W103/><G103/><T16/><D16/><U71/><E44/><V58/><REACH who="2" step="1"/><F53/><REACH who="2" ten="299,212,214,255" step="2"/><W52/><G52/><T113/><D113/><AGARI ba="1,2" hai="11,15,17,27,29,32,57,58,59,64,66,112,113,114" machi="113" ten="40,2600,0" yaku="1,1,2,1,53,0" doraHai="132" doraHaiUra="107" who="2" fromWho="0" sc="299,-29,212,0,214,49,255,0" />
</Scene>
<Scene>
<INIT seed="4,0,0,0,4,8" ten="270,212,263,255" oya="0" hai0="71,103,109,74,32,115,120,13,40,95,6,23,5" hai1="25,37,81,54,39,70,86,28,127,78,19,128,89" hai2="94,102,82,41,84,51,121,26,1,122,114,24,49" hai3="7,14,27,100,99,38,50,126,15,46,107,133,72"/><T110/><D120/><U101/><E70/><V132/><F1/><W43/><G72/><T31/><D71/><U113/><E127/><V21/><F114/><W48/><G126/><T30/><D74/><U66/><E128/><V17/><F132/><W53/><G133/><T125/><D125/><U67/><E19/><V34/><F34/><W64/><G64/><T0/><D40/><U97/><E54/><V2/><F2/><W18/><G7/><T65/><D65/><U58/><E113/><V93/><F122/><W112/><G112/><T68/><D68/><U88/><E39/><V98/><F93/><W12/><REACH who="3" step="1"/><G53/><REACH who="3" ten="270,212,263,245" step="2"/><T108/><D115/><U69/><E69/><V117/><F121/><W4/><G4/><T92/><D0/><U22/><E67/><V10/><F117/><W131/><G131/><T119/><D119/><U124/><E37/><V116/><F116/><W3/><G3/><T60/><D103/><U135/><E135/><V75/><F75/><W106/><G106/><T47/><D6/><U73/><E73/><V77/><F41/><W90/><G90/><T61/><D5/><U91/><E91/><V130/><F130/><W80/><G80/><T9/><D110/><U123/><E123/><V57/><F82/><W87/><G87/><T52/><D52/><U59/><E124/><V111/><F111/><W63/><G63/><T83/><D83/><U44/><E44/><V45/><F45/><W20/><AGARI ba="0,1" hai="12,14,15,18,20,27,38,43,46,48,50,99,100,107" machi="20" ten="30,12000,2" yaku="1,1,0,1,52,3,53,1" doraHai="8" doraHaiUra="96" who="3" fromWho="3" sc="270,-60,212,-30,263,-30,245,130" owari="210,-19.0,182,-32.0,233,3.0,375,48.0" />
</Scene>
</mjloggm>