<mjloggm ver="2.3"><GO type="41"/><UN n0="%E6%9C%AC%E9%96%80%E5%AF%BA" n1="%E5%A4%AA%E3%81%8F%E3%81%AA%E3%81%84%E3%81%8A" n2="%E3%82%A4%E3%83%BC%E3%82%B0%E3%83%AB%E3%83%BC" n3="%73%68%6F%65%73" dan="13,15,13,14" rate="1831,2049,1822,1945" sx="M,M,M,M"/><TAIKYOKU oya="0"/>

<Scene>
<INIT seed="0,0,0,2,3,83" ten="250,250,250,250" oya="0" hai0="10,110,67,135,61,54,45,111,96,63,44,109,60" hai1="19,39,72,40,47,48,36,21,2,97,50,124,57" hai2="34,41,113,14,15,95,26,42,112,18,75,115,120" hai3="104,134,131,22,103,11,92,65,27,90,117,66,33"/><T23/><D10/><U55/><E2/><V24/><F75/><W35/><G117/><T74/><D74/><U28/><E72/><V71/><F120/><W98/><G134/><T58/><D23/><U121/><E121/><V32/><F71/><W114/><G114/><T88/><D135/><U91/><E28/><V70/><F70/><W0/><G131/><T93/><D61/><U105/><E124/><V53/><F95/><W76/><G76/><T49/><D63/><U125/><E125/><V64/><F53/><W17/><G35/><N who="2" m="13353" /><F18/><W37/><G37/><T126/><REACH who="0" step="1"/><D126/><REACH who="0" ten="240,250,250,250" step="2"/><U29/><E39/><V116/><F116/><W127/><G33/><T85/><D85/><U73/><E73/><V78/><F64/><W43/><G127/><T51/><D51/><U84/><E48/><V46/><F78/><W12/><G11/><T79/><D79/><U5/><E36/><V100/><F112/><W31/><G22/><T94/><D94/><U80/><E21/><V86/><F86/><W20/><G92/><T99/><D99/><U1/><E97/><V122/><F122/><W62/><G62/><T25/><D25/><U119/><E119/><V3/><F115/><W56/><G98/><T4/><D4/><U59/><E5/><V123/><F123/><W68/><G27/><T30/><D30/><U89/><E29/><V7/><F26/><W102/><G31/><T38/><D38/><U108/><E50/><V132/><F24/><W87/><G20/><T13/><D13/><U52/><E84/><V101/><F113/><W107/><G87/><T133/><D133/><RYUUKYOKU ba="0,1" sc="240,30,250,-10,250,-10,250,-10" hai0="44,45,49,54,58,60,67,88,93,96,109,110,111" />
</Scene>
<Scene>
<INIT seed="0,1,1,2,3,81" ten="270,240,240,240" oya="0" hai0="135,131,110,134,107,77,75,83,73,24,109,60,58" hai1="79,82,13,18,95,87,23,14,96,2,8,102,116" hai2="120,67,78,114,98,93,105,62,46,126,85,64,99" hai3="92,37,124,36,33,28,121,72,125,112,104,7,43"/><T118/><D118/><U9/><E116/><V40/><F114/><W4/><G112/><T97/><D24/><U10/><REACH who="1" step="1"/><E2/><REACH who="1" ten="270,230,240,240" step="2"/><V47/><F120/><W57/><G121/><T63/><D131/><U54/><E54/><V56/><F126/><W53/><G125/><T29/><D29/><U80/><E80/><N who="2" m="47255" /><F105/><W119/><G28/><T21/><D21/><U15/><AGARI ba="1,2" hai="8,9,10,13,14,15,18,23,79,82,87,95,96,102" machi="15" ten="30,8000,1" yaku="1,1,0,1,8,1,52,1,53,1" doraHai="81" doraHaiUra="88" who="1" fromWho="1" sc="270,-41,230,103,240,-21,240,-21" />
</Scene>
<Scene>
<INIT seed="1,0,0,2,0,30" ten="229,333,219,219" oya="1" hai0="119,94,4,34,66,32,102,134,110,12,8,48,63" hai1="111,1,78,100,93,21,33,86,127,132,10,36,5" hai2="73,88,118,59,20,98,76,65,60,64,74,50,53" hai3="27,52,83,44,115,106,87,96,43,84,29,126,105"/><U18/><E36/><V45/><F118/><W14/><G115/><T39/><D119/><U7/><E7/><V130/><F130/><W79/><G87/><T95/><D39/><U56/><E132/><V19/><F76/><W24/><G126/><T82/><D134/><U25/><E127/><V81/><F65/><W104/><G27/><T131/><D131/><U129/><E129/><V47/><F47/><W71/><G71/><T125/><D125/><U31/><E111/><V117/><F117/><W103/><G14/><T114/><D114/><U80/><E56/><V15/><REACH who="2" step="1"/><F81/><REACH who="2" ten="229,333,209,219" step="2"/><W22/><REACH who="3" step="1"/><G52/><REACH who="3" ten="229,333,209,209" step="2"/><T116/><D116/><U135/><E135/><V9/><F9/><W69/><G69/><T6/><D110/><U11/><E11/><V101/><F101/><W77/><G77/><T107/><D82/><U13/><E100/><V123/><F123/><W35/><G35/><T55/><D102/><U67/><E67/><V75/><F75/><W16/><G16/><T109/><D109/><U17/><E18/><V41/><F41/><W3/><G3/><T54/><D4/><U28/><E33/><V124/><F124/><W92/><G92/><AGARI ba="0,2" hai="15,19,20,45,50,53,59,60,64,73,74,88,92,98" machi="92" ten="40,5200,0" yaku="1,1,54,1,53,1" doraHai="30" doraHaiUra="90" who="2" fromWho="3" sc="229,0,333,0,209,72,209,-52" />
</Scene>
<Scene>
<INIT seed="2,0,0,0,3,105" ten="229,333,281,157" oya="2" hai0="74,118,38,62,87,59,119,124,127,131,24,40,31" hai1="61,135,67,88,115,97,83,48,16,22,110,68,104" hai2="15,128,20,51,5,103,134,94,35,21,108,58,60" hai3="114,46,47,8,17,49,10,133,27,113,33,93,50"/><V72/><F128/><W37/><G37/><T65/><D87/><U99/><E115/><V129/><F35/><W64/><G64/><T14/><D14/><U45/><E110/><V73/><F129/><W29/><G133/><T123/><D131/><U19/><E135/><V85/><F134/><W52/><G93/><T18/><D18/><U7/><E7/><V130/><F130/><W56/><G17/><T12/><D12/><U95/><E83/><V3/><F3/><W120/><G120/><T0/><D0/><U126/><E126/><N who="0" m="48169" /><D123/><U34/><E34/><V23/><F108/><W54/><REACH who="3" step="1"/><G56/><REACH who="3" ten="229,333,281,147" step="2"/><T2/><D119/><U109/><E109/><V106/><F106/><W121/><G121/><T96/><D118/><U53/><REACH who="1" step="1"/><E22/><REACH who="1" ten="229,323,281,147" step="2"/><V107/><F107/><W102/><G102/><AGARI ba="0,2" hai="16,19,45,48,53,61,67,68,88,95,97,99,102,104" machi="102" ten="40,8000,1" yaku="1,1,2,1,54,2,53,0" doraHai="105" doraHaiUra="28" who="1" fromWho="3" sc="229,0,323,100,281,0,147,-80" />
</Scene>
<Scene>
<INIT seed="3,0,0,2,0,6" ten="229,423,281,67" oya="3" hai0="50,68,64,34,82,131,43,98,28,109,58,7,97" hai1="40,12,35,76,102,17,14,80,2,60,125,127,106" hai2="8,124,47,78,86,129,10,65,117,49,67,105,46" hai3="36,91,29,63,21,134,0,133,45,59,77,93,116"/><W85/><G0/><T31/><D109/><U81/><E2/><V130/><F117/><W56/><G77/><T4/><D68/><U27/><E40/><V15/><F105/><W115/><G115/><T103/><D34/><U122/><E122/><V48/><F124/><N who="1" m="47689" /><E60/><V118/><F118/><W83/><G116/><T18/><D131/><N who="2" m="50186" /><F86/><W119/><G119/><T11/><D7/><U132/><E132/><N who="3" m="50794" /><G63/><T89/><D18/><U120/><E120/><V33/><F15/><N who="1" m="5673" /><E76/><V111/><F33/><W55/><G83/><T72/><D64/><N who="2" m="24650" /><F111/><W84/><G84/><T107/><D98/><N who="1" m="61783" /><E17/><V74/><F78/><W57/><G36/><T101/><D101/><U20/><E20/><V3/><F3/><W16/><G29/><AGARI ba="0,0" hai="27,29,35,80,81" m="61783,5673,47689" machi="29" ten="30,1000,0" yaku="18,1" doraHai="6" who="1" fromWho="3" sc="229,0,423,10,281,0,67,-10" />
</Scene>
<Scene>
<INIT seed="4,0,0,1,3,35" ten="229,433,281,57" oya="0" hai0="36,23,40,12,45,48,99,84,63,50,4,131,15" hai1="95,104,68,103,94,73,24,126,89,51,46,118,27" hai2="34,93,5,128,22,116,123,37,79,10,70,102,3" hai3="9,96,13,105,78,86,41,100,11,75,88,76,72"/><T18/><D131/><U109/><E118/><V120/><F128/><W117/><G117/><T32/><D99/><U121/><E121/><V127/><F116/><W90/><G41/><T49/><D32/><U30/><E68/><V65/><F37/><W53/><G11/><T6/><D12/><U91/><E73/><N who="3" m="28234" /><G53/><T57/><REACH who="0" step="1"/><D84/><REACH who="0" ten="219,433,281,57" step="2"/><N who="1" m="52519" /><E109/><V60/><F34/><W114/><G9/><T29/><D29/><U61/><E30/><V74/><F123/><W107/><G13/><T47/><D47/><U82/><E46/><V77/><F120/><W66/><G66/><AGARI ba="0,1" hai="4,6,15,18,23,36,40,45,48,49,50,57,63,66" machi="66" ten="40,2000,0" yaku="1,1,53,0" doraHai="35" doraHaiUra="111" who="0" fromWho="3" sc="219,30,433,0,281,0,57,-20" />
</Scene>
<Scene>
<INIT seed="4,1,0,4,2,31" ten="249,433,281,37" oya="0" hai0="35,84,87,42,80,34,76,4,0,132,130,59,12" hai1="61,60,46,124,117,53,57,62,38,105,78,133,13" hai2="3,131,111,1,6,97,21,106,95,18,86,83,81" hai3="8,109,93,15,75,114,79,122,58,71,94,102,98"/><T123/><D123/><U29/><E105/><V40/><F111/><W36/><G109/><T96/><D0/><U47/><E78/><V88/><F131/><W51/><G114/><T116/><D116/><U50/><E29/><V54/><F40/><W104/><G71/><T65/><D130/><U113/><E117/><V115/><F81/><W134/><G36/><T37/><D87/><U24/><E24/><V100/><F115/><W128/><G128/><T44/><D96/><U16/><E113/><V108/><F108/><W27/><G134/><T77/><D77/><U67/><E124/><V74/><F6/><W82/><G122/><T22/><D132/><U30/><E30/><V64/><F64/><W17/><G94/><T89/><D76/><U45/><E133/><V25/><F74/><W39/><G39/><T20/><D20/><N who="1" m="11279" /><E38/><V85/><F106/><W28/><G104/><T70/><D70/><U2/><E2/><V120/><F86/><W127/><G127/><T19/><REACH who="0" step="1"/><D4/><REACH who="0" ten="239,433,281,37" step="2"/><U118/><E118/><V121/><F121/><W33/><G51/><T9/><D9/><U23/><E23/><V112/><F112/><W119/><G119/><T55/><D55/><U103/><E53/><V32/><F120/><W99/><G99/><T101/><D101/><U52/><E103/><V129/><F129/><W48/><G48/><T11/><D11/><U49/><E49/><V14/><F32/><W72/><REACH who="3" step="1"/><G58/><AGARI ba="1,1" hai="45,46,47,50,52,57,58,60,61,62,67" m="11279" machi="58" ten="30,3900,0" yaku="8,1,54,2" doraHai="31" who="1" fromWho="3" sc="239,0,433,52,281,0,37,-42" owari="239,-16.0,485,59.0,281,8.0,-5,-51.0" />
</Scene>
</mjloggm>