<mjloggm ver="2.3"><GO type="97"/><UN n0="%E3%83%AA%E3%83%A7%E3%82%A6%E3%82%B1%E3%82%A4" n1="%73%70%65%63%31%31%33" n2="%E5%A4%AA%E3%81%8F%E3%81%AA%E3%81%84%E3%81%8A" n3="%E3%81%B5%E3%83%BC%E7%88%BA" dan="14,13,14,16" rate="1932,1830,1995,1997" sx="M,M,M,M"/><TAIKYOKU oya="0"/>

<Scene>
<INIT seed="0,0,0,3,2,124" ten="250,250,250,250" oya="0" hai0="89,26,66,105,38,56,94,16,30,24,17,62,78" hai1="135,133,43,91,68,47,20,48,15,67,58,81,70" hai2="101,127,31,98,41,12,5,129,119,22,90,0,6" hai3="114,14,82,60,44,28,2,4,52,100,113,11,73"/><T128/><D128/><U109/><E15/><V64/><F127/><W116/><G116/><T45/><D105/><U35/><E35/><V120/><F120/><W95/><G28/><T118/><D118/><U23/><E23/><V10/><F119/><W130/><G130/><T75/><D75/><U40/><E20/><V79/><F129/><W126/><G126/><T85/><D78/><U77/><E91/><V25/><F79/><W123/><G123/><T108/><D108/><U19/><E19/><V80/><F41/><W27/><G27/><T104/><D104/><U34/><E34/><V13/><F5/><W61/><G73/><T46/><D38/><U18/><E18/><N who="0" m="7273" /><D30/><U115/><E77/><V106/><F64/><W111/><G111/><T87/><D87/><U86/><E86/><V63/><F63/><W84/><G2/><T122/><D122/><U76/><E76/><V57/><F57/><W33/><G33/><T1/><D1/><U131/><E81/><V110/><F110/><W125/><G125/><T8/><D8/><U69/><E115/><V37/><F37/><W97/><G114/><T32/><D32/><U88/><E88/><V39/><F39/><W74/><G74/><T59/><D59/><U3/><E3/><V7/><F7/><W72/><G72/><T71/><D71/><U53/><E109/><V92/><F80/><W42/><G113/><T107/><D107/><U117/><E131/><V51/><F51/><N who="3" m="28775" /><G42/><N who="1" m="15914" /><E117/><V134/><F106/><W9/><G9/><T93/><D93/><U121/><E121/><V99/><F0/><W132/><G132/><RYUUKYOKU ba="0,0" sc="250,10,250,10,250,-30,250,10" hai0="24,26,45,46,56,62,66,85,89,94" hai1="47,48,53,58,67,68,69,70,133,135" hai3="4,11,14,60,61,82,84,95,97,100" />
</Scene>
<Scene>
<INIT seed="0,1,0,5,4,9" ten="260,260,220,260" oya="0" hai0="107,46,133,89,92,128,1,67,53,124,63,75,44" hai1="17,132,78,62,7,37,96,112,69,18,68,116,64" hai2="82,11,25,93,3,16,135,59,97,47,90,35,109" hai3="125,108,60,77,87,72,57,20,15,74,113,66,26"/><T99/><D128/><U5/><E116/><V126/><F109/><W80/><G113/><T30/><D124/><U31/><E112/><V104/><F126/><W111/><G125/><T79/><D133/><U88/><E37/><V43/><F135/><W120/><G120/><T114/><D114/><U100/><E132/><V103/><F59/><W123/><G123/><T41/><D1/><U19/><E31/><V32/><F82/><W98/><G98/><T81/><D53/><U24/><E69/><V91/><F3/><W23/><G15/><T14/><D30/><U129/><E129/><V61/><F61/><W122/><G122/><T10/><D107/><U52/><E78/><V13/><F25/><W28/><REACH who="3" step="1"/><G23/><REACH who="3" ten="260,260,220,250" step="2"/><T121/><D121/><U85/><E96/><V49/><F91/><W73/><AGARI ba="1,1" hai="20,26,28,57,60,66,72,73,74,77,80,87,108,111" machi="73" ten="40,5200,0" yaku="1,1,2,1,0,1,53,0" doraHai="9" doraHaiUra="0" who="3" fromWho="3" sc="260,-27,260,-14,220,-14,250,65" />
</Scene>
<Scene>
<INIT seed="1,0,0,2,3,109" ten="233,246,206,315" oya="1" hai0="84,25,81,24,78,111,112,87,49,35,36,50,40" hai1="128,10,130,58,108,74,133,9,2,65,33,53,92" hai2="64,14,100,80,126,19,101,107,55,127,97,26,116" hai3="59,129,1,46,83,6,117,122,31,39,118,43,66"/><U72/><E108/><V82/><F116/><N who="3" m="44651" /><G122/><T23/><D111/><U73/><E65/><V120/><F120/><W18/><G129/><N who="1" m="49770" /><E33/><V110/><F110/><W52/><G66/><T42/><D112/><U27/><E27/><V51/><F64/><W12/><G31/><T76/><D35/><U131/><E131/><V47/><F26/><N who="0" m="10346" /><D36/><U41/><E41/><N who="0" m="15977" /><D23/><U85/><E133/><V57/><F100/><W38/><G38/><T94/><D94/><U119/><E119/><V3/><F3/><W104/><G104/><T67/><D67/><U68/><E68/><V103/><F103/><W13/><G83/><AGARI ba="0,0" hai="49,50,76,78,81,83,84,87" m="15977,10346" machi="83" ten="30,1000,0" yaku="8,1" doraHai="109" who="0" fromWho="3" sc="233,10,246,0,206,0,315,-10" />
</Scene>
<Scene>
<INIT seed="2,0,0,2,0,16" ten="243,246,206,305" oya="2" hai0="75,10,81,96,33,58,69,59,66,44,26,88,46" hai1="76,129,71,63,114,83,12,1,130,77,30,118,116" hai2="127,8,41,94,108,89,28,9,91,52,20,80,21" hai3="123,103,61,111,119,97,64,95,86,126,55,131,68"/><V113/><F113/><W115/><G119/><T125/><D125/><U22/><E1/><V11/><F127/><W40/><G126/><T122/><D122/><U60/><E71/><V102/><F41/><W90/><G123/><T73/><D69/><U38/><E38/><V92/><F108/><W5/><G111/><T78/><D73/><U45/><E45/><V53/><F102/><W99/><G115/><T65/><D65/><U18/><E114/><V124/><F124/><W32/><G131/><N who="1" m="50186" /><E30/><V23/><F28/><W3/><G32/><T72/><D72/><N who="1" m="43399" /><E77/><V101/><F101/><W132/><G132/><T110/><D110/><U107/><E107/><V37/><F37/><W19/><G40/><T36/><D46/><U84/><E84/><N who="2" m="52327" /><F80/><W133/><G133/><T57/><D36/><U79/><E79/><V100/><F100/><W2/><G5/><T106/><D78/><U4/><E4/><V87/><AGARI ba="0,0" hai="8,9,11,20,21,23,52,53,87,89,94" m="52327" machi="87" ten="30,12000,1" yaku="8,1,52,3,54,1" doraHai="16" who="2" fromWho="2" sc="243,-40,246,-40,206,120,305,-40" />
</Scene>
<Scene>
<INIT seed="2,1,0,1,2,127" ten="203,206,326,265" oya="2" hai0="71,45,76,8,108,122,65,124,110,135,119,123,27" hai1="88,39,128,63,37,19,73,31,17,81,25,44,75" hai2="55,84,100,3,59,79,2,90,0,4,54,97,111" hai3="109,105,86,121,67,21,66,47,52,22,120,35,30"/><V43/><F43/><W50/><G105/><T112/><D124/><U82/><E63/><V78/><F4/><W80/><G35/><T130/><D135/><U23/><E44/><V99/><F111/><N who="0" m="42538" /><D76/><U96/><E96/><V101/><F90/><W38/><G109/><T24/><D65/><U95/><E39/><V10/><F10/><W92/><G92/><T115/><D71/><U7/><E37/><V104/><F84/><W16/><G38/><T72/><D45/><U60/><E7/><V32/><F32/><W51/><G121/><N who="0" m="46091" /><D72/><U132/><E132/><V68/><F68/><W57/><G120/><T34/><D8/><U70/><E70/><V40/><F40/><N who="3" m="24935" /><G30/><N who="0" m="19783" /><D27/><U117/><E60/><V1/><F79/><N who="3" m="46367" /><G22/><T118/><D130/><U9/><E128/><V29/><F78/><W28/><G28/><T6/><D6/><U49/><E75/><V14/><F29/><W134/><G134/><T26/><D26/><AGARI ba="1,0" hai="16,21,26,51,52,57,66,67" m="46367,24935" machi="26" ten="30,3900,0" yaku="8,1,54,2" doraHai="127" who="3" fromWho="0" sc="203,-42,206,0,326,0,265,42" />
</Scene>
<Scene>
<INIT seed="3,0,0,5,4,13" ten="161,206,326,307" oya="3" hai0="1,113,52,130,94,76,10,110,42,84,26,108,39" hai1="53,82,31,49,11,120,43,127,60,22,8,112,14" hai2="48,32,131,20,16,59,33,6,41,75,97,119,47" hai3="56,95,38,63,55,12,111,0,114,73,81,4,133"/><W135/><G114/><T88/><D113/><U64/><E112/><V24/><F119/><W15/><G38/><T35/><D130/><U106/><E120/><V67/><F75/><W77/><G111/><N who="0" m="42539" /><D76/><U78/><E106/><V30/><F131/><W121/><G121/><T57/><D39/><U21/><E43/><V125/><F125/><W37/><G37/><T86/><D42/><U46/><E127/><V91/><F6/><W74/><G74/><T18/><D1/><U68/><E31/><V36/><F30/><W45/><G45/><T89/><D35/><U28/><E28/><V107/><F107/><W134/><G95/><T65/><D65/><U40/><E53/><V79/><F79/><W129/><G129/><T62/><D10/><AGARI ba="0,0" hai="0,4,10,12,15,55,56,63,73,77,81,133,134,135" machi="10" ten="40,2000,0" yaku="20,1" doraHai="13" who="3" fromWho="0" sc="161,-20,206,0,326,0,307,20" owari="141,-36.0,206,-19.0,326,13.0,327,42.0" />
</Scene>
</mjloggm>