<mjloggm ver="2.3"><GO type="41"/><UN n0="%6E%61%75%73%69%6B%61" n1="%62%61%79%61" n2="%6B%75%70%65%72" n3="%E5%A4%AA%E3%81%8F%E3%81%AA%E3%81%84%E3%81%8A" dan="13,14,13,15" rate="1912,1937,1823,2045" sx="M,M,M,M"/><TAIKYOKU oya="0"/>

<Scene>
<INIT seed="0,0,0,5,5,135" ten="250,250,250,250" oya="0" hai0="14,111,81,95,91,48,16,99,55,115,113,74,107" hai1="45,131,124,105,8,129,51,5,0,23,93,70,61" hai2="127,89,123,54,109,112,126,75,130,25,87,27,1" hai3="10,39,121,92,108,76,36,128,116,4,90,42,114"/><T79/><D111/><U12/><E105/><V32/><F75/><W100/><G116/><T73/><D107/><U119/><E119/><V33/><F123/><W72/><G114/><T122/><D74/><U38/><E38/><V60/><F112/><W64/><G100/><T120/><D115/><U133/><E133/><V82/><F1/><W104/><G104/><T13/><D113/><U31/><E93/><V22/><F130/><W29/><G29/><T41/><D13/><U34/><E70/><V86/><F86/><W101/><G101/><T84/><D41/><U18/><E61/><V63/><F109/><W17/><G64/><T58/><REACH who="0" step="1"/><D73/><REACH who="0" ten="240,250,250,250" step="2"/><U97/><E131/><V35/><F27/><W110/><G128/><T50/><D50/><U52/><E129/><V15/><F15/><W24/><G42/><T30/><D30/><U125/><E97/><V85/><F85/><W67/><G110/><T57/><D57/><U69/><E69/><V26/><F25/><AGARI ba="0,1" hai="0,5,8,12,18,23,25,31,34,45,51,52,124,125" machi="25" ten="40,8000,1" yaku="24,2,52,2,54,1" doraHai="135" who="1" fromWho="2" sc="240,0,250,90,250,-80,250,0" />
</Scene>
<Scene>
<INIT seed="1,0,0,5,5,133" ten="240,340,170,250" oya="1" hai0="91,40,55,73,52,134,44,50,20,77,1,110,5" hai1="35,86,94,39,12,81,23,41,21,16,26,15,100" hai2="113,56,3,74,47,109,18,61,30,102,128,106,112" hai3="59,131,78,13,10,70,28,79,43,125,22,80,45"/><U62/><E39/><V48/><F3/><W99/><G70/><T2/><D134/><U119/><E119/><V71/><F74/><W116/><G116/><T97/><D110/><U95/><E41/><V127/><F109/><W90/><G131/><T120/><D120/><U58/><E100/><V83/><F30/><W103/><G59/><T64/><D64/><U49/><E49/><V8/><F128/><W82/><G28/><T98/><D2/><U130/><E130/><V36/><F36/><W33/><G33/><T34/><D34/><U85/><E35/><V108/><F108/><W14/><G22/><T89/><D20/><U31/><E15/><V24/><F71/><W117/><G117/><T135/><D135/><U87/><REACH who="1" step="1"/><E81/><REACH who="1" ten="240,330,170,250" step="2"/><V121/><F83/><W63/><G13/><T9/><D40/><U76/><E76/><V38/><F121/><W29/><G14/><T123/><D123/><U65/><AGARI ba="0,1" hai="12,16,21,23,26,31,58,62,65,85,86,87,94,95" machi="65" ten="30,18000,2" yaku="1,1,0,1,8,1,54,1,53,2" doraHai="133" doraHaiUra="88" who="1" fromWho="1" sc="240,-60,330,190,170,-60,250,-60" />
</Scene>
<Scene>
<INIT seed="1,1,0,5,2,71" ten="180,520,110,190" oya="1" hai0="98,88,114,38,37,96,2,10,66,77,45,80,76" hai1="104,89,100,40,46,51,123,70,14,56,121,119,72" hai2="17,50,111,129,73,34,83,84,90,95,61,8,57" hai3="11,42,28,97,112,44,117,23,108,55,101,7,81"/><U133/><E119/><V54/><F34/><W78/><G112/><T79/><D114/><U36/><E133/><V126/><F126/><W12/><G117/><T16/><D66/><U19/><E72/><V125/><F125/><W113/><G113/><T130/><D130/><U127/><E127/><V103/><F111/><W18/><G108/><T131/><D131/><U31/><E31/><V93/><F129/><W47/><G28/><T41/><D37/><U85/><E70/><V32/><F32/><W94/><G55/><T67/><D67/><U135/><E135/><V52/><F73/><W29/><G29/><T132/><D132/><U20/><E100/><V13/><F103/><W106/><G106/><T30/><D30/><U134/><E104/><V120/><F120/><W75/><REACH who="3" step="1"/><G42/><REACH who="3" ten="180,520,110,180" step="2"/><T116/><D116/><U105/><E105/><V59/><AGARI ba="1,1" hai="8,13,17,50,52,54,57,59,61,83,84,90,93,95" machi="59" ten="20,5200,0" yaku="0,1,7,1,8,1,54,1" doraHai="71" who="2" fromWho="2" sc="180,-14,520,-27,110,65,180,-14" />
</Scene>
<Scene>
<INIT seed="2,0,0,4,2,134" ten="166,493,175,166" oya="2" hai0="50,92,10,53,114,23,129,55,102,79,14,130,87" hai1="126,83,9,8,20,119,76,120,35,85,115,77,27" hai2="5,15,97,80,93,94,52,56,123,71,117,43,64" hai3="3,118,88,90,98,128,91,105,73,66,95,22,61"/><V101/><F117/><W29/><G118/><T135/><D114/><U26/><E119/><V103/><F43/><W47/><G3/><T107/><D135/><U7/><E115/><V57/><F123/><W104/><G73/><T44/><D107/><U42/><E120/><V108/><F71/><W21/><G128/><N who="0" m="49259" /><D23/><U121/><E121/><V74/><F74/><W132/><G132/><T127/><D127/><U51/><E126/><V75/><F75/><W81/><G47/><T124/><D102/><U16/><E77/><V100/><F80/><W33/><G33/><T6/><D92/><U67/><E67/><V45/><F108/><W49/><G49/><T72/><D72/><U54/><E35/><V31/><F31/><W89/><G81/><N who="0" m="47551" /><D124/><U48/><E27/><V58/><F64/><W30/><G30/><T17/><D17/><U69/><E69/><V2/><F2/><W41/><G41/><AGARI ba="0,0" hai="6,10,14,41,44,50,53,55" m="47551,49259" machi="41" ten="30,2000,0" yaku="25,1,19,1" doraHai="134" who="0" fromWho="3" sc="166,20,493,0,175,0,166,-20" />
</Scene>
<Scene>
<INIT seed="3,0,0,3,2,77" ten="186,493,175,146" oya="3" hai0="14,117,66,27,48,30,112,42,20,105,122,84,65" hai1="89,73,54,40,41,71,59,63,34,32,2,97,90" hai2="82,87,115,58,113,11,25,74,133,9,91,12,114" hai3="69,80,126,43,100,123,134,18,46,33,95,111,23"/><W64/><G123/><T1/><D122/><U51/><E73/><V10/><F133/><W45/><G33/><T72/><D117/><U38/><E2/><V21/><F74/><W29/><G29/><T24/><D72/><U28/><E32/><V19/><REACH who="2" step="1"/><F58/><REACH who="2" ten="186,493,165,146" step="2"/><W31/><G134/><T55/><D112/><U3/><E71/><V121/><F121/><W135/><G135/><T130/><D105/><U60/><E59/><V37/><F37/><W57/><G57/><T5/><D130/><U94/><E38/><V86/><F86/><W7/><G69/><T0/><D84/><U92/><E3/><V106/><F106/><W103/><G126/><T131/><D131/><U101/><E63/><V76/><F76/><W39/><G39/><T22/><D1/><U17/><E60/><V81/><F81/><W127/><G80/><T61/><D0/><U93/><E94/><V6/><AGARI ba="0,1" hai="6,9,10,11,12,19,21,25,82,87,91,113,114,115" machi="6" ten="30,4000,0" yaku="1,1,0,1,52,1,53,0" doraHai="77" doraHaiUra="125" who="2" fromWho="2" sc="186,-10,493,-10,165,50,146,-20" />
</Scene>
<Scene>
<INIT seed="4,0,0,3,0,109" ten="176,483,215,126" oya="0" hai0="21,84,44,23,57,47,133,39,24,104,48,60,122" hai1="6,13,50,95,31,120,135,76,112,61,52,42,11" hai2="81,108,129,4,100,46,72,14,73,9,53,101,10" hai3="68,43,107,27,116,85,98,126,59,66,36,111,115"/><T92/><D104/><U124/><E120/><V22/><F108/><W3/><G85/><T77/><D122/><U16/><E124/><V7/><F129/><W131/><G27/><T63/><D39/><U41/><E135/><V93/><F22/><W8/><G59/><T113/><D133/><U0/><E112/><V90/><F73/><W119/><G8/><T15/><D113/><U127/><E127/><V45/><F72/><W40/><G98/><T89/><D77/><U67/><E76/><V132/><F81/><W125/><G66/><T88/><D15/><U34/><E95/><V82/><F82/><W18/><G18/><N who="0" m="12343" /><D23/><U17/><E17/><V12/><F132/><W37/><G111/><T128/><D128/><U117/><E67/><V114/><F114/><W2/><G115/><T130/><D130/><U58/><E117/><V69/><F69/><W64/><G64/><N who="0" m="38927" /><D63/><U83/><E61/><V25/><F25/><W99/><G131/><T105/><D105/><U80/><E34/><V1/><F1/><W20/><G20/><T33/><D33/><U91/><E31/><V118/><F118/><W94/><G107/><T30/><D30/><U78/><E91/><N who="0" m="34889" /><D48/><U28/><E28/><V29/><F29/><W106/><G106/><T49/><D49/><U87/><E80/><V75/><F75/><W32/><G32/><T26/><D26/><U19/><E19/><V123/><F123/><W62/><G126/><T134/><D134/><U97/><E97/><N who="2" m="57527" /><F46/><W5/><G125/><T51/><D51/><AGARI ba="0,0" hai="4,7,9,10,12,14,45,51,53,100,101" m="57527" machi="51" ten="30,1000,0" yaku="8,1" doraHai="109" who="2" fromWho="0" sc="176,-10,483,0,215,10,126,0" />
</Scene>
<Scene>
<INIT seed="5,0,0,1,2,35" ten="166,483,225,126" oya="1" hai0="113,11,102,90,41,24,21,18,81,46,42,19,92" hai1="67,100,65,107,61,40,76,2,60,26,43,124,17" hai2="83,72,37,104,122,20,89,93,33,97,63,34,44" hai3="25,79,84,121,56,119,112,126,95,6,91,80,101"/><U1/><E124/><V4/><F122/><W38/><G38/><T23/><D113/><U31/><E76/><V74/><F104/><W68/><G68/><T77/><D102/><U8/><E8/><V129/><F72/><W54/><G121/><T105/><D105/><U62/><E17/><V12/><F63/><W7/><G112/><T128/><D128/><U16/><E16/><V103/><F129/><W120/><G120/><T106/><D106/><U85/><E85/><V117/><F117/><W59/><G126/><T109/><D109/><U71/><E61/><V0/><F103/><W52/><G101/><T73/><D46/><U115/><E115/><V53/><F12/><W47/><G25/><T51/><D11/><U39/><E43/><V118/><F118/><W70/><G70/><T133/><D51/><U96/><E40/><N who="2" m="22543" /><F20/><W48/><G119/><T99/><REACH who="0" step="1"/><D133/><REACH who="0" ten="156,483,225,126" step="2"/><U131/><E39/><V123/><F123/><W110/><G110/><T58/><D58/><U14/><E131/><V9/><F53/><W75/><REACH who="3" step="1"/><G47/><REACH who="3" ten="156,483,225,116" step="2"/><T27/><AGARI ba="0,2" hai="18,19,21,23,24,27,41,42,73,77,81,90,92,99" machi="27" ten="20,5200,0" yaku="1,1,0,1,7,1,9,1,53,0" doraHai="35" doraHaiUra="50" who="0" fromWho="0" sc="156,72,483,-26,225,-13,116,-13" />
</Scene>
<Scene>
<INIT seed="6,0,0,2,3,24" ten="228,457,212,103" oya="2" hai0="106,3,2,77,47,9,34,134,108,57,29,76,19" hai1="87,44,20,78,123,51,83,95,114,101,6,42,33" hai2="94,92,11,58,30,89,99,22,81,90,5,132,115" hai3="38,15,13,109,27,118,46,130,98,62,75,0,8"/><V67/><F81/><W128/><G75/><T49/><D108/><U91/><E114/><V60/><F115/><W69/><G98/><T23/><D106/><U124/><E33/><V40/><F40/><W119/><G38/><T86/><D134/><U112/><E124/><V7/><F132/><W16/><G46/><T110/><D110/><U61/><E112/><V1/><F1/><W88/><G69/><T126/><D126/><U131/><E131/><N who="3" m="50218" /><G62/><T37/><D37/><U14/><E123/><V96/><F11/><N who="3" m="6207" /><G109/><T133/><D133/><U41/><E61/><V52/><REACH who="2" step="1"/><F67/><REACH who="2" ten="228,457,202,103" step="2"/><W72/><G72/><T113/><D113/><U43/><E42/><V17/><F17/><N who="3" m="8423" /><G0/><T125/><D2/><U26/><E43/><V111/><F111/><W25/><G88/><T122/><D125/><U68/><E101/><V32/><F32/><W56/><G56/><T31/><D34/><U53/><E68/><V71/><F71/><W12/><G12/><T121/><D122/><U82/><E14/><V85/><F85/><W135/><G135/><T64/><D121/><U103/><E103/><V18/><F18/><W54/><G54/><T102/><D86/><U48/><E6/><V50/><F50/><W70/><G70/><T129/><D129/><U21/><E51/><V84/><F84/><W117/><AGARI ba="0,1" hai="25,27,117,118,119" m="8423,6207,50218" machi="117" ten="40,8000,1" yaku="19,1,34,2,54,1" doraHai="24" who="3" fromWho="3" sc="228,-20,457,-20,202,-40,103,90" />
</Scene>
<Scene>
<INIT seed="7,0,0,2,5,95" ten="208,437,162,193" oya="3" hai0="63,25,124,100,121,52,21,87,131,15,113,50,94" hai1="133,125,26,7,76,39,101,110,118,14,123,8,5" hai2="40,47,122,91,67,16,119,75,44,17,84,51,55" hai3="117,106,81,31,93,85,34,97,134,90,108,3,82"/><W66/><G3/><T30/><D121/><U69/><E101/><V60/><F119/><W112/><G66/><T37/><D37/><U41/><E76/><V86/><F75/><W72/><G31/><T20/><D131/><U105/><E41/><V99/><F122/><W57/><G34/><T83/><D124/><U128/><E26/><V70/><F86/><W78/><G57/><N who="0" m="35239" /><D113/><U59/><E59/><V132/><F132/><W109/><G117/><T107/><D107/><U120/><E14/><V89/><F89/><N who="3" m="51383" /><G112/><T80/><D50/><U61/><E61/><V12/><F12/><W53/><G53/><T22/><D15/><U45/><E45/><V98/><F70/><W27/><G27/><T92/><D100/><U28/><E28/><V58/><F40/><W62/><G62/><T64/><D64/><U54/><E54/><V9/><F47/><W29/><G29/><T65/><D65/><U79/><E123/><V115/><F115/><W24/><G24/><T38/><D38/><U74/><E5/><V88/><F91/><W1/><G1/><T71/><D71/><U68/><E7/><V126/><F126/><W48/><G48/><T6/><D6/><U114/><E8/><V13/><F17/><W127/><G127/><T96/><D25/><U36/><E79/><V49/><F51/><W2/><G2/><T46/><D30/><U35/><E36/><V104/><F104/><W135/><G106/><T4/><D46/><U42/><E42/><V56/><F44/><W32/><G32/><T111/><D4/><U130/><E130/><V43/><F43/><RYUUKYOKU ba="0,0" sc="208,-30,437,10,162,10,193,10" hai1="35,39,68,69,74,105,110,114,118,120,125,128,133" hai2="9,13,16,49,55,56,58,60,67,84,88,98,99" hai3="72,78,81,90,93,97,108,109,134,135" />
</Scene>
<Scene>
<INIT seed="7,1,0,4,0,19" ten="178,447,172,203" oya="3" hai0="93,96,31,122,70,74,46,104,51,2,35,75,40" hai1="34,126,12,25,92,23,65,30,44,32,123,97,52" hai2="47,110,121,26,87,4,27,58,76,134,112,45,29" hai3="89,72,50,56,101,83,128,60,49,108,107,77,85"/><W42/><G128/><T116/><D116/><U18/><E123/><V130/><F110/><W95/><G108/><T22/><D122/><U3/><E126/><V86/><F121/><W17/><G42/><T102/><D70/><U109/><E109/><V21/><F4/><W0/><G0/><T38/><D2/><U90/><E65/><V115/><F130/><W9/><G9/><T98/><D35/><U6/><E34/><V66/><F134/><W99/><REACH who="3" step="1"/><G17/><REACH who="3" ten="178,447,172,193" step="2"/><T68/><D38/><U103/><E3/><V117/><F117/><W118/><G118/><T69/><D68/><U5/><E6/><V88/><F115/><W8/><G8/><T114/><D69/><U125/><E5/><V53/><F112/><W100/><G100/><T129/><D114/><U37/><E103/><V10/><F10/><W43/><G43/><T55/><D129/><U36/><E125/><V132/><F132/><W41/><G41/><T13/><D40/><U94/><E37/><V135/><F135/><W124/><G124/><T81/><D31/><U119/><E36/><V20/><F66/><AGARI ba="1,1" hai="49,50,56,60,66,72,77,83,85,89,95,99,101,107" machi="66" ten="30,11600,0" yaku="1,1,7,1,24,2,53,0" doraHai="19" doraHaiUra="24" who="3" fromWho="2" sc="178,0,447,0,172,-119,193,129" />
</Scene>
<Scene>
<INIT seed="7,2,0,2,5,135" ten="178,447,53,322" oya="3" hai0="50,37,21,88,56,96,43,108,70,71,130,17,74" hai1="65,46,131,91,85,52,92,0,35,83,48,41,12" hai2="13,19,120,84,58,27,15,95,39,114,33,47,24" hai3="16,32,82,79,49,75,98,99,25,81,118,125,57"/><W86/><G118/><T14/><D108/><U101/><E131/><V69/><F39/><W67/><G32/><T26/><D130/><U128/><E128/><V93/><F69/><W31/><G31/><T40/><D74/><U10/><E0/><V72/><F72/><W102/><G102/><T76/><D37/><U4/><E35/><V20/><F47/><W28/><G28/><T122/><D122/><U64/><E101/><V80/><F114/><W8/><G125/><T34/><D76/><U103/><E103/><V38/><F33/><W6/><G25/><T3/><D70/><U68/><E68/><V115/><F38/><W126/><G126/><T11/><D71/><U127/><E127/><V54/><F115/><W104/><G104/><T132/><D132/><U45/><E92/><V63/><F120/><W62/><G49/><AGARI ba="2,0" hai="4,10,12,41,45,46,48,49,52,64,65,83,85,91" machi="49" ten="30,3900,0" yaku="7,1,8,1,54,1" doraHai="135" who="1" fromWho="3" sc="178,0,447,45,53,0,322,-45" owari="178,-22.0,492,59.0,53,-45.0,277,8.0" />
</Scene>
</mjloggm>