<mjloggm ver="2.3"><GO type="169"/><UN n0="%E3%81%94%E3%81%98%E3%82%83%E3%82%8B" n1="%49%47%41" n2="%EF%BC%BC%28%EF%BC%BE%6F%EF%BC%BE%29%EF%BC%8F%E2%98%85" n3="%E5%A4%AA%E3%81%8F%E3%81%AA%E3%81%84%E3%81%8A" dan="18,16,18,18" rate="2207,2058,2168,2158" sx="M,M,M,M"/><TAIKYOKU oya="0"/>

<Scene>
<INIT seed="0,0,0,0,1,15" ten="250,250,250,250" oya="0" hai0="33,62,17,75,109,108,101,2,24,81,126,134,74" hai1="58,124,0,99,48,43,91,103,57,1,120,21,130" hai2="55,46,100,95,27,22,105,50,92,10,80,131,98" hai3="63,30,29,116,78,41,51,135,70,49,111,112,7"/><T39/><D39/><U79/><E120/><V38/><F131/><W118/><G112/><T20/><D2/><U132/><E130/><V19/><F38/><W84/><G7/><T90/><D101/><U37/><E79/><V66/><F66/><W13/><G111/><N who="0" m="42571" /><D126/><U12/><E91/><V34/><F34/><W121/><G121/><T104/><D104/><U35/><E35/><V32/><F32/><W68/><G135/><T97/><D134/><U44/><E124/><V16/><F80/><W114/><G114/><T71/><D33/><U89/><E89/><V47/><F46/><W127/><G127/><T8/><D8/><U6/><E132/><V93/><REACH who="2" step="1"/><F10/><REACH who="2" ten="250,250,240,250" step="2"/><W122/><G122/><T76/><D75/><U88/><E37/><V18/><AGARI ba="0,1" hai="16,18,19,22,27,47,50,55,92,93,95,98,100,105" machi="18" ten="30,12000,2" yaku="1,1,2,1,0,1,52,3,54,1,53,0" doraHai="15" doraHaiUra="59" who="2" fromWho="2" sc="250,-60,250,-30,240,130,250,-30" />
</Scene>
<Scene>
<INIT seed="1,0,0,3,1,128" ten="190,220,370,220" oya="1" hai0="94,38,96,26,44,2,119,6,31,71,121,56,120" hai1="59,21,28,17,89,25,90,131,5,103,115,87,132" hai2="24,32,108,99,117,39,112,36,9,80,41,50,105" hai3="91,13,118,30,88,58,15,97,123,0,35,76,126"/><U20/><E115/><V133/><F117/><W23/><G123/><T46/><D71/><U107/><E131/><V66/><F112/><W54/><G0/><T63/><D119/><U85/><E5/><V70/><F80/><W113/><G113/><T27/><D6/><U33/><E132/><V64/><F9/><W48/><G118/><T79/><D79/><U68/><E68/><V102/><F66/><W116/><G116/><T75/><D75/><U61/><E103/><V34/><F34/><W82/><G126/><T10/><D10/><U104/><E104/><V12/><F12/><N who="3" m="4683" /><G35/><T19/><D2/><U93/><E107/><V77/><F133/><W86/><G97/><T67/><D19/><U78/><E78/><V134/><F77/><W45/><G45/><T101/><D26/><AGARI ba="0,0" hai="23,26,30,48,54,58,76,82,86,88,91" m="4683" machi="26" ten="30,2000,0" yaku="8,1,54,1" doraHai="128" who="3" fromWho="0" sc="190,-20,220,0,370,0,220,20" />
</Scene>
<Scene>
<INIT seed="2,0,0,4,3,75" ten="170,220,370,240" oya="2" hai0="117,115,127,40,63,53,65,90,87,81,126,96,94" hai1="42,95,6,83,114,48,68,105,69,57,5,113,66" hai2="102,128,23,84,27,44,37,91,56,4,58,33,71" hai3="97,59,134,135,47,43,26,100,72,62,39,12,133"/><V111/><F71/><W124/><G124/><T38/><D115/><U22/><E105/><V2/><F33/><W98/><G72/><T14/><D117/><U61/><E95/><V67/><F102/><W129/><G129/><T55/><D38/><U20/><E114/><V99/><F99/><W45/><G45/><T30/><D40/><U132/><E113/><V123/><F123/><W130/><G130/><T116/><D116/><U85/><E132/><V54/><F67/><W80/><G26/><T31/><D127/><U17/><E68/><V29/><F128/><W52/><G100/><T122/><D122/><U25/><E22/><V28/><F28/><W35/><G35/><T13/><D126/><U120/><E120/><V118/><F118/><W41/><G41/><T76/><D31/><U103/><E103/><V109/><F37/><W79/><G12/><T107/><D30/><U50/><E69/><V70/><F70/><W15/><G15/><N who="0" m="5643" /><D107/><U32/><E32/><V125/><F125/><W77/><G80/><T119/><D119/><U106/><E106/><V19/><F29/><W18/><G18/><T101/><D101/><U24/><E24/><V86/><F19/><W110/><G110/><T92/><D94/><U3/><E3/><V46/><F111/><W73/><G73/><T16/><D16/><U82/><E82/><V74/><F27/><W78/><AGARI ba="0,0" hai="39,43,47,52,59,62,77,78,79,97,98,133,134,135" machi="78" ten="40,12000,2" yaku="0,1,20,1,52,3,54,1" doraHai="75" who="3" fromWho="3" sc="170,-30,220,-30,370,-60,240,120" />
</Scene>
<Scene>
<INIT seed="3,0,0,0,1,97" ten="140,190,310,360" oya="3" hai0="36,2,51,38,41,128,126,118,83,27,125,88,62" hai1="57,59,76,68,75,131,0,94,119,86,134,65,67" hai2="132,40,89,20,61,42,85,108,63,8,43,24,72" hai3="93,4,96,48,116,6,60,21,31,84,127,47,37"/><W3/><G116/><T100/><D118/><U13/><E119/><V32/><F72/><W73/><G73/><T129/><D2/><U124/><E0/><V99/><F32/><W12/><G37/><T55/><D27/><U103/><E131/><N who="0" m="50249" /><D62/><U30/><E124/><N who="0" m="47721" /><D41/><U74/><E74/><V91/><F132/><W34/><G34/><T50/><D100/><U105/><E134/><V69/><F108/><W120/><G3/><T52/><D50/><U26/><E75/><V44/><F8/><W19/><G127/><T70/><D70/><U64/><E68/><V1/><F1/><W111/><G120/><T45/><D55/><U78/><E13/><V110/><F110/><W81/><G60/><T71/><D71/><U10/><E10/><V92/><F69/><W18/><G31/><T5/><D5/><U82/><E105/><V53/><F63/><W25/><G111/><T77/><D77/><U22/><E76/><V123/><F123/><W135/><G135/><T112/><D112/><U54/><E54/><V107/><F107/><W35/><G35/><T39/><D39/><U109/><E109/><V87/><F61/><W104/><G104/><T11/><D11/><U29/><REACH who="1" step="1"/><E30/><REACH who="1" ten="140,180,310,360" step="2"/><V133/><F133/><W66/><G12/><T122/><D122/><U33/><E33/><V113/><F53/><N who="3" m="29855" /><G19/><T23/><D23/><U9/><E9/><V95/><F20/><W17/><G18/><T115/><D115/><U15/><E15/><V16/><F113/><W49/><G17/><T79/><D79/><U80/><E80/><V58/><F16/><W28/><G28/><RYUUKYOKU ba="0,1" sc="140,15,180,15,310,-15,360,-15" hai0="36,38,45,51,52,83,88" hai1="22,26,29,57,59,64,65,67,78,82,86,94,103" />
</Scene>
<Scene>
<INIT seed="4,1,1,3,1,122" ten="155,195,295,345" oya="0" hai0="92,37,40,129,69,109,16,44,53,50,114,8,125" hai1="11,46,83,20,43,52,34,65,128,5,67,79,56" hai2="38,21,94,63,4,33,49,119,112,91,118,55,115" hai3="68,15,124,101,27,107,134,74,75,47,90,72,120"/><T105/><D105/><U66/><E34/><V84/><F33/><W86/><G68/><T45/><D69/><U70/><E20/><V13/><F38/><W135/><G27/><T121/><D121/><U31/><E31/><V26/><F63/><W14/><G47/><T89/><D114/><N who="2" m="43562" /><F4/><W64/><G64/><T25/><D129/><U19/><E19/><N who="2" m="10479" /><F26/><W57/><G120/><T82/><D125/><U3/><E128/><V73/><F73/><W88/><G124/><T106/><D106/><U111/><E70/><V1/><F1/><W108/><G57/><AGARI ba="1,1" hai="49,55,57,84,91,94,118,119" m="10479,43562" machi="57" ten="30,2000,0" yaku="25,1,15,1" doraHai="122" who="2" fromWho="3" sc="155,0,195,0,295,33,345,-23" />
</Scene>
<Scene>
<INIT seed="5,0,0,1,5,2" ten="155,195,328,322" oya="1" hai0="44,24,87,98,107,28,21,117,42,47,78,126,129" hai1="132,11,123,103,106,108,26,25,101,12,38,91,63" hai2="17,49,20,76,121,105,29,83,30,58,22,135,34" hai3="19,84,93,131,50,89,116,95,133,3,66,5,7"/><U119/><E119/><V8/><F121/><W80/><G116/><T75/><D117/><U46/><E123/><V61/><F105/><W125/><G3/><T86/><D129/><U18/><E132/><V68/><F135/><W23/><G133/><T96/><D126/><U122/><E122/><V79/><F34/><W77/><G131/><T6/><D75/><U52/><E108/><V10/><F68/><W27/><G125/><T51/><D107/><U45/><E91/><V92/><F49/><W99/><G66/><T55/><D78/><U13/><E13/><V130/><F130/><W90/><G50/><T41/><D55/><U115/><E115/><V35/><F92/><W16/><G19/><T36/><D86/><AGARI ba="0,0" hai="5,7,16,23,27,77,80,84,86,89,90,93,95,99" machi="86" ten="30,8000,1" yaku="7,1,8,1,52,2,54,1" doraHai="2" who="3" fromWho="0" sc="155,-80,195,0,328,0,322,80" />
</Scene>
<Scene>
<INIT seed="6,0,0,2,3,89" ten="75,195,328,402" oya="2" hai0="90,54,51,40,113,105,36,122,88,34,111,44,86" hai1="121,96,67,107,101,117,56,131,61,18,92,100,41" hai2="135,70,39,79,22,80,46,116,94,0,37,130,50" hai3="57,38,5,26,6,109,102,15,13,78,65,93,129"/><V63/><F116/><W3/><G109/><T98/><D111/><U73/><E117/><V66/><F0/><W12/><G38/><T127/><D122/><U133/><E121/><V72/><F135/><W128/><G78/><T16/><D113/><U55/><E133/><V14/><F130/><N who="3" m="50283" /><G26/><T87/><D34/><U85/><E73/><V49/><F49/><W71/><G71/><T91/><D127/><U30/><E30/><V19/><REACH who="2" step="1"/><F94/><REACH who="2" ten="75,195,318,402" step="2"/><W9/><G3/><T4/><D36/><U110/><E131/><V132/><F132/><W58/><G5/><T83/><D4/><U62/><E92/><V97/><F97/><N who="3" m="59695" /><G58/><T43/><D105/><U106/><E96/><V115/><F115/><W112/><G112/><T108/><D108/><U120/><E56/><V20/><F20/><W81/><G81/><T25/><D98/><U60/><E107/><V59/><F59/><W134/><G134/><T99/><D99/><U48/><E106/><V31/><F31/><W69/><G69/><T17/><D83/><U95/><E95/><V23/><F23/><W2/><G2/><T68/><D68/><U82/><E82/><V123/><F123/><W53/><G65/><T32/><D32/><U33/><E67/><V45/><F45/><W11/><G6/><T76/><D76/><U119/><E120/><V10/><F10/><W21/><G21/><N who="0" m="13479" /><D17/><U84/><E18/><V28/><F28/><W126/><G126/><T1/><D1/><U27/><E33/><V64/><F64/><W8/><G11/><T42/><AGARI ba="0,1" hai="40,42,43,44,51,54,86,87,88,90,91" m="13479" machi="42" ten="30,4000,0" yaku="8,1,54,2" doraHai="89" who="0" fromWho="0" sc="75,50,195,-10,318,-20,402,-10" />
</Scene>
<Scene>
<INIT seed="7,0,0,5,5,55" ten="125,185,298,392" oya="3" hai0="98,97,88,99,131,132,125,76,53,27,60,111,65" hai1="48,50,54,31,110,77,80,70,0,32,11,94,24" hai2="93,3,127,122,45,85,21,82,87,79,115,29,30" hai3="13,8,52,130,33,7,117,103,104,58,1,128,34"/><W71/><G117/><T92/><D111/><U135/><E110/><V40/><F3/><W39/><G71/><T51/><D125/><U107/><E107/><V9/><F127/><W20/><G39/><T121/><D121/><U61/><E135/><V119/><F119/><W44/><G44/><T68/><D132/><U35/><E94/><V43/><F122/><W49/><G103/><T5/><D131/><N who="3" m="50217" /><G104/><T36/><D36/><U47/><E48/><V42/><F115/><W6/><G6/><T25/><D5/><U2/><E35/><N who="3" m="13322" /><G20/><T73/><D73/><U63/><E11/><V95/><F9/><W116/><G116/><T16/><D76/><U17/><E17/><V23/><F45/><W19/><G19/><T66/><D66/><U118/><E118/><V41/><F41/><W26/><G26/><T69/><D69/><U114/><E114/><V67/><F67/><W86/><G86/><T108/><D108/><U134/><E134/><V10/><F10/><W83/><G83/><T12/><D27/><U91/><E91/><V64/><F64/><W28/><G28/><T113/><D25/><U18/><E18/><V46/><F46/><W129/><G129/><T101/><D101/><U109/><E109/><V102/><F30/><W89/><G89/><T133/><D133/><U22/><E70/><V100/><F29/><W59/><G1/><T72/><D72/><U4/><E32/><V112/><F112/><W56/><AGARI ba="0,0" hai="7,8,13,49,52,56,58,59" m="13322,50217" machi="56" ten="40,12000,1" yaku="19,1,52,3,54,1" doraHai="55" who="3" fromWho="3" sc="125,-40,185,-40,298,-40,392,120" owari="85,-41.0,145,-25.0,258,6.0,512,60.0" />
</Scene>
</mjloggm>