<mjloggm ver="2.3"><GO type="169" lobby="0"/><UN n0="%E3%81%AA%E3%82%93%E3%81%A1%E3%81%8F%E3%81%AF%E3%82%80" n1="%E3%81%BD%E3%82%8B%E3%81%A3%E3%81%8F%E3%81%99" n2="%E5%BC%B1%E8%99%AB" n3="%E5%A4%AA%E3%81%8F%E3%81%AA%E3%81%84%E3%81%8A" dan="16,16,16,18" rate="2030.01,2046.61,2118.08,2231.50" sx="M,M,M,F"/><TAIKYOKU oya="0"/>

<Scene>
<INIT seed="0,0,0,0,3,64" ten="250,250,250,250" oya="0" hai0="81,34,77,132,40,8,93,62,121,130,4,15,91" hai1="59,27,45,118,24,70,88,89,33,115,71,30,29" hai2="39,86,48,46,66,78,32,57,12,37,73,124,76" hai3="16,25,126,68,18,105,85,94,131,53,107,50,113"/><T108/><D121/><U47/><E118/><V135/><F32/><W123/><G113/><T5/><D34/><U128/><E59/><V13/><F73/><W1/><G1/><T56/><D130/><U43/><E128/><V61/><F135/><W79/><G131/><T102/><D102/><U111/><E111/><V125/><F39/><W74/><G68/><N who="1" m="26154" /><E33/><V72/><F37/><W83/><G123/><T97/><D132/><U101/><E101/><V20/><F72/><W23/><G18/><T109/><D40/><U133/><E43/><V51/><F51/><W98/><G74/><T14/><D5/><U119/><E119/><V10/><F20/><W28/><G28/><N who="1" m="10858" /><E133/><V103/><F103/><W100/><REACH who="3" step="1"/><G126/><REACH who="3" ten="250,250,250,240" step="2"/><T134/><D134/><U63/><E115/><V54/><F125/><W67/><G67/><T127/><D127/><U114/><E114/><V17/><F124/><W60/><G60/><T9/><D62/><U116/><E63/><V3/><F3/><W120/><G120/><T38/><D109/><U82/><E116/><V95/><F13/><W26/><G26/><N who="1" m="9770" /><E82/><V69/><F69/><W106/><G106/><T0/><D81/><U6/><E6/><V11/><F11/><W65/><G65/><T80/><D9/><U117/><E117/><V75/><F75/><W21/><G21/><T42/><D8/><U87/><E87/><V112/><F112/><W2/><G2/><T31/><D80/><U49/><E49/><V84/><F84/><W122/><G122/><T104/><D108/><U41/><E41/><V22/><F22/><W44/><AGARI ba="0,1" hai="16,23,25,44,50,53,79,83,85,94,98,100,105,107" machi="44" ten="20,8000,1" yaku="1,1,5,1,0,1,7,1,54,1,53,0" doraHai="64" doraHaiUra="55" who="3" fromWho="3" sc="250,-40,250,-20,250,-20,240,90" />
</Scene>
<Scene>
<INIT seed="1,0,0,2,2,75" ten="210,230,230,330" oya="1" hai0="53,12,11,98,103,96,16,125,89,91,129,56,51" hai1="50,102,70,42,0,117,44,62,106,101,20,111,35" hai2="39,120,92,14,15,80,124,19,22,40,108,24,33" hai3="112,72,25,109,9,6,110,63,57,41,54,84,94"/><U87/><E35/><V90/><F120/><W30/><G72/><T64/><D129/><U59/><E117/><V31/><F108/><N who="3" m="41579" /><G41/><T32/><D32/><U49/><E0/><V128/><F124/><W36/><G36/><T115/><D115/><U118/><E118/><V34/><F128/><W1/><G112/><T135/><D135/><U27/><E111/><V7/><F80/><W60/><G60/><N who="0" m="37895" /><D125/><U78/><E106/><V81/><F81/><W126/><G126/><T23/><D11/><U8/><E70/><V26/><F34/><N who="3" m="20815" /><G94/><N who="0" m="58839" /><D96/><U119/><E119/><V82/><F82/><W37/><G37/><T127/><D127/><U122/><E122/><V55/><F55/><W48/><G63/><T104/><D104/><U13/><E62/><V77/><F40/><W123/><G123/><T38/><D38/><U18/><E102/><V3/><F39/><W97/><G97/><T10/><D10/><U79/><E101/><V73/><F73/><W95/><G95/><T121/><D121/><U47/><E87/><AGARI ba="0,0" hai="1,6,9,48,54,57,84,87" m="20815,41579" machi="87" ten="30,1000,0" yaku="14,1" doraHai="75" who="3" fromWho="1" sc="210,0,230,-10,230,0,330,10" />
</Scene>
<Scene>
<INIT seed="2,0,0,2,2,102" ten="210,220,230,340" oya="2" hai0="114,45,73,42,40,110,117,68,23,84,39,5,134" hai1="109,105,122,81,1,118,51,16,4,97,113,43,79" hai2="58,95,78,93,38,71,7,92,132,83,112,24,65" hai3="119,52,47,66,82,34,18,99,89,121,128,32,14"/><V41/><F112/><W101/><G121/><T131/><D114/><U53/><E113/><V56/><F132/><W8/><G119/><T11/><D134/><U133/><E118/><V123/><F123/><W3/><G3/><T2/><D117/><U111/><E133/><V22/><F7/><W28/><G66/><T9/><D110/><U85/><E122/><V115/><F115/><W63/><G128/><T29/><D42/><U98/><E43/><V107/><F107/><N who="3" m="63935" /><G63/><T135/><D135/><U6/><E4/><V74/><F71/><W21/><G21/><T69/><D131/><U50/><E50/><V116/><F116/><W46/><G46/><T125/><D11/><U26/><E6/><V94/><F65/><W86/><G28/><T104/><D104/><U126/><E1/><V100/><F100/><W70/><G70/><T17/><D29/><U13/><E26/><V15/><F15/><W44/><G44/><T88/><D73/><U31/><E31/><V0/><F0/><W37/><G37/><T49/><D125/><U62/><E126/><V61/><F61/><W91/><G89/><T25/><REACH who="0" step="1"/><D39/><REACH who="0" ten="200,220,230,340" step="2"/><U54/><E111/><V35/><F41/><W19/><G19/><T96/><D96/><U76/><E98/><V130/><F38/><W67/><G18/><T103/><D103/><N who="1" m="62703" /><E109/><V106/><F130/><W30/><G30/><T36/><D36/><U75/><E16/><V80/><F106/><W64/><G32/><T129/><D129/><U57/><E54/><V120/><F35/><W27/><G34/><T108/><D108/><U90/><E53/><RYUUKYOKU ba="0,1" sc="200,30,220,-10,230,-10,340,-10" hai0="2,5,9,17,23,25,40,45,49,68,69,84,88" />
</Scene>
<Scene>
<INIT seed="3,1,1,1,5,106" ten="230,210,220,330" oya="3" hai0="78,50,59,120,110,93,11,121,123,87,66,90,104" hai1="45,69,55,48,56,63,103,0,102,68,13,88,134" hai2="53,108,94,46,95,80,65,117,125,57,130,23,91" hai3="41,38,51,40,20,47,72,74,49,54,67,126,30"/><W44/><G126/><T6/><D104/><U43/><E0/><V29/><F117/><W133/><G133/><T70/><D110/><U17/><E134/><V85/><F108/><W97/><G67/><T75/><D70/><U115/><E115/><V32/><F32/><W86/><G97/><T36/><D36/><U101/><REACH who="1" step="1"/><E88/><REACH who="1" ten="230,200,220,330" step="2"/><V52/><F125/><W5/><G86/><T33/><D90/><U24/><E24/><V114/><F114/><W15/><G5/><T118/><D6/><U4/><E4/><V61/><F130/><W79/><G79/><T84/><D87/><U42/><E42/><V26/><REACH who="2" step="1"/><F46/><REACH who="2" ten="230,200,210,330" step="2"/><W92/><G47/><T12/><D120/><U82/><E82/><V124/><F124/><W22/><G44/><T60/><D121/><U10/><AGARI ba="1,3" hai="10,13,17,43,45,48,55,56,63,68,69,101,102,103" machi="10" ten="30,2000,0" yaku="1,1,0,1,53,0" doraHai="106" doraHaiUra="31" who="1" fromWho="1" sc="230,-6,200,53,210,-6,330,-11" />
</Scene>
<Scene>
<INIT seed="4,0,0,5,2,101" ten="224,253,204,319" oya="0" hai0="117,18,17,134,112,121,11,79,33,95,13,42,92" hai1="106,88,89,53,126,59,2,69,133,43,125,77,102" hai2="105,122,22,124,36,34,81,7,75,4,62,58,23" hai3="86,72,10,66,8,32,114,99,15,48,76,123,100"/><T127/><D117/><U1/><E69/><V73/><F34/><W85/><G32/><T113/><D121/><U56/><E133/><V65/><F122/><W52/><G123/><T120/><D120/><U55/><E77/><V119/><F36/><W3/><G114/><N who="0" m="44139" /><D134/><U111/><E102/><V61/><F119/><W38/><G38/><T40/><D79/><U68/><E68/><V93/><F124/><W108/><G108/><T97/><D33/><U83/><E43/><N who="0" m="16425" /><D127/><U90/><E83/><V132/><F132/><W109/><G66/><T57/><D57/><N who="1" m="22091" /><E111/><V103/><F58/><W44/><G109/><T20/><D97/><U31/><E31/><V130/><F65/><W131/><G76/><T87/><D87/><U64/><E64/><V41/><F75/><W45/><G72/><T60/><D60/><U35/><E35/><V19/><F62/><W29/><G86/><T5/><D18/><U49/><E49/><V63/><F19/><W9/><G85/><T27/><AGARI ba="0,0" hai="5,11,13,17,20,27,92,95" m="16425,44139" machi="27" ten="30,1500,0" yaku="15,1" doraHai="101" who="0" fromWho="0" sc="224,15,253,-5,204,-5,319,-5" />
</Scene>
<Scene>
<INIT seed="4,1,0,3,3,9" ten="239,248,199,314" oya="0" hai0="1,105,39,129,122,22,120,134,108,26,50,31,100" hai1="15,51,45,7,23,132,88,102,77,81,79,118,0" hai2="96,14,106,86,92,17,99,54,117,56,121,11,8" hai3="16,41,83,111,127,19,115,49,133,68,76,44,112"/><T103/><D39/><U18/><E118/><V28/><F121/><W82/><G111/><T10/><D108/><U80/><E132/><V60/><F117/><W57/><G68/><T78/><D78/><U73/><E102/><V55/><F28/><W67/><G133/><T13/><D134/><U98/><E0/><V4/><F106/><W84/><G127/><T124/><D1/><U20/><E7/><V29/><F29/><W62/><REACH who="3" step="1"/><G83/><REACH who="3" ten="239,248,199,304" step="2"/><T113/><D124/><U87/><E98/><V42/><F99/><W74/><G74/><T58/><D120/><U109/><E109/><V89/><F96/><W2/><G2/><T12/><D122/><U25/><E73/><V114/><F114/><AGARI ba="1,1" hai="16,19,41,44,49,57,62,67,76,82,84,112,114,115" machi="114" ten="40,5200,0" yaku="1,1,15,1,54,1,53,0" doraHai="9" doraHaiUra="126" who="3" fromWho="2" sc="239,0,248,0,199,-55,304,65" />
</Scene>
<Scene>
<INIT seed="5,0,0,4,0,13" ten="239,248,144,369" oya="1" hai0="9,54,56,98,113,34,111,39,59,37,0,38,73" hai1="103,76,97,123,11,31,47,79,109,132,14,46,55" hai2="75,24,65,40,105,134,129,91,3,106,51,126,102" hai3="53,63,124,35,43,120,41,61,58,36,67,90,115"/><U74/><E123/><V26/><F3/><W64/><G35/><T85/><D111/><U25/><E132/><V71/><F75/><W21/><G120/><T23/><D73/><U121/><E121/><V8/><F134/><W114/><G124/><T42/><D34/><U72/><E109/><V78/><F78/><W127/><G127/><T128/><D42/><N who="3" m="15881" /><G90/><T62/><D113/><N who="3" m="43017" /><G36/><T22/><D128/><U130/><E130/><V125/><F129/><W57/><G21/><T122/><D122/><U108/><E108/><V89/><F102/><W6/><G6/><T20/><D98/><U18/><E74/><V119/><F91/><W112/><G112/><T69/><D69/><U12/><E72/><V116/><F89/><W66/><AGARI ba="0,0" hai="53,57,58,61,63,64,66,67" m="43017,15881" machi="66" ten="30,4000,0" yaku="15,1,34,2" doraHai="13" who="3" fromWho="3" sc="239,-10,248,-20,144,-10,369,40" />
</Scene>
<Scene>
<INIT seed="6,0,0,3,0,60" ten="229,228,134,409" oya="2" hai0="9,47,117,6,131,24,21,102,49,127,96,26,18" hai1="50,98,126,94,71,37,86,68,125,121,46,62,53" hai2="44,27,129,78,122,108,17,103,10,42,69,76,110" hai3="34,11,82,83,70,84,20,63,4,67,123,25,101"/><V39/><F122/><W118/><G123/><T91/><D131/><U133/><E121/><V66/><F129/><W57/><G118/><T120/><D127/><N who="1" m="48651" /><E133/><V56/><F69/><N who="1" m="26697" /><E86/><V54/><F103/><W43/><G34/><T106/><D117/><U7/><E7/><V22/><F10/><W55/><G43/><T100/><D100/><N who="1" m="60503" /><E62/><N who="2" m="38215" /><F54/><W65/><G101/><T89/><D120/><U8/><E8/><V119/><F119/><W115/><G11/><T45/><D26/><U61/><E61/><V13/><F27/><W97/><G55/><T109/><D109/><AGARI ba="0,0" hai="13,17,22,39,42,44,76,78,108,109,110" m="38215" machi="109" ten="30,2900,0" yaku="10,1,52,1" doraHai="60" who="2" fromWho="0" sc="229,-29,228,0,134,29,409,0" />
</Scene>
<Scene>
<INIT seed="6,1,0,1,3,93" ten="200,228,163,409" oya="2" hai0="46,23,22,15,123,83,48,117,35,125,59,79,47" hai1="112,87,2,98,13,76,129,58,105,109,92,120,113" hai2="100,132,50,8,131,91,10,37,4,11,65,33,7" hai3="6,24,81,39,32,20,5,14,16,57,53,61,62"/><V63/><F37/><W69/><G39/><T34/><D123/><U104/><E2/><V135/><F33/><W51/><G69/><T118/><D125/><U116/><E58/><V134/><F131/><W102/><G32/><T25/><D34/><U27/><E27/><V18/><F91/><W85/><G102/><T103/><D103/><N who="1" m="60871" /><E13/><V115/><F115/><N who="1" m="44105" /><E120/><V114/><F114/><W95/><G95/><T26/><D59/><U9/><E9/><V71/><F18/><W36/><G36/><T49/><D35/><U55/><E55/><V82/><F82/><W0/><G0/><T127/><D127/><U12/><E12/><V110/><F110/><W66/><G66/><T86/><D15/><U84/><E109/><V75/><F75/><W126/><G126/><T77/><D83/><N who="1" m="47207" /><E129/><V108/><F108/><W42/><G42/><T89/><D26/><U111/><E111/><V73/><F73/><W99/><G14/><T30/><D23/><U107/><E87/><V28/><F28/><W3/><G3/><T78/><D47/><U101/><E116/><N who="0" m="44649" /><D46/><U45/><E45/><V60/><F50/><W21/><G21/><T72/><D72/><U64/><E64/><N who="2" m="41351" /><F100/><AGARI ba="1,0" hai="100,101,104,105,107" m="47207,44105,60871" machi="100" ten="40,8000,1" yaku="15,1,34,2,52,1" doraHai="93" who="1" fromWho="2" sc="200,0,228,83,163,-83,409,0" />
</Scene>
<Scene>
<INIT seed="7,0,0,2,2,53" ten="200,311,80,409" oya="3" hai0="13,27,8,57,45,66,18,101,62,115,7,30,1" hai1="72,107,80,24,132,91,125,9,104,65,25,70,26" hai2="123,100,121,110,82,19,84,93,126,22,117,23,130" hai3="77,16,94,11,28,61,105,31,48,74,128,86,89"/><W36/><G36/><T67/><D115/><U0/><E125/><V119/><F93/><W63/><G105/><T97/><D45/><U49/><E132/><V20/><F100/><W122/><G122/><T14/><D67/><U83/><E70/><V87/><F82/><N who="3" m="47439" /><G74/><T51/><D51/><U37/><E37/><V112/><F130/><W95/><G95/><T3/><D3/><U131/><E65/><V55/><F55/><W34/><G34/><T41/><D41/><U59/><E131/><V35/><F35/><W92/><G92/><T99/><D99/><U17/><E72/><V5/><F5/><W120/><G48/><T2/><D2/><U33/><E33/><V10/><F126/><W12/><G120/><T60/><D60/><N who="3" m="23113" /><G128/><T76/><D76/><U106/><E0/><V58/><F23/><W127/><G127/><T108/><D108/><U78/><E91/><V38/><F38/><W64/><G64/><T118/><D118/><U114/><E114/><V134/><F112/><W124/><G124/><T39/><D39/><U32/><E32/><V98/><F110/><W103/><G103/><T15/><D1/><U52/><REACH who="1" step="1"/><E78/><REACH who="1" ten="200,301,80,409" step="2"/><V42/><F134/><W129/><G129/><T88/><D88/><U73/><E73/><V116/><F116/><W54/><G54/><T111/><D111/><U109/><E109/><V40/><F98/><AGARI ba="0,1" hai="11,12,16,28,31,89,94,98" m="23113,47439" machi="98" ten="30,2900,0" yaku="8,1,54,1" doraHai="53" who="3" fromWho="2" sc="200,0,301,0,80,-29,409,39" owari="200,-20.0,301,10.0,51,-45.0,448,55.0" />
</Scene>
</mjloggm>