<mjloggm ver="2.3"><GO type="169"/><UN n0="%E5%A4%AA%E3%81%8F%E3%81%AA%E3%81%84%E3%81%8A" n1="%57%65%64%67%65" n2="%E3%83%96%E3%83%83%E3%83%91%E7%A5%9E" n3="%70%61%75%73%65" dan="16,16,17,16" rate="2094,2103,2151,2118" sx="M,M,M,F"/><TAIKYOKU oya="0"/>

<Scene>
<INIT seed="0,0,0,1,5,103" ten="250,250,250,250" oya="0" hai0="110,102,16,26,53,70,41,129,11,9,125,27,95" hai1="106,85,49,55,8,46,54,63,43,81,119,3,84" hai2="124,35,89,1,61,15,94,87,28,71,6,117,75" hai3="47,72,121,116,118,34,86,105,52,131,37,33,56"/><T100/><D70/><U93/><E119/><V120/><F120/><W48/><G72/><T0/><D0/><U18/><E3/><V42/><F75/><W59/><G121/><T109/><D41/><U38/><E106/><V64/><F1/><W44/><G131/><T113/><D113/><U98/><E38/><V7/><F117/><W96/><G86/><T78/><D78/><U12/><E63/><V91/><F124/><W73/><G73/><T30/><D125/><U67/><E67/><V60/><F42/><W127/><G127/><T19/><D129/><U80/><E85/><V134/><F134/><W58/><G37/><T65/><D65/><U123/><E123/><V31/><F35/><W25/><G47/><T10/><D53/><U88/><REACH who="1" step="1"/><E81/><REACH who="1" ten="250,240,250,250" step="2"/><V5/><F60/><W112/><G118/><T36/><D36/><U104/><E104/><V13/><F61/><W79/><G116/><T108/><D95/><U68/><E68/><V40/><F64/><W126/><G126/><T20/><REACH who="0" step="1"/><D19/><REACH who="0" ten="240,240,250,250" step="2"/><U77/><AGARI ba="0,2" hai="8,12,18,43,46,49,54,55,77,80,84,88,93,98" machi="77" ten="20,8000,1" yaku="1,1,0,1,7,1,8,1,54,1,53,0" doraHai="103" doraHaiUra="133" who="1" fromWho="1" sc="240,-40,240,100,250,-20,250,-20" />
</Scene>
<Scene>
<INIT seed="1,0,0,4,1,95" ten="200,340,230,230" oya="1" hai0="10,86,60,21,114,19,83,61,124,59,1,37,65" hai1="39,84,71,79,5,66,93,18,94,80,112,75,48" hai2="6,76,9,104,129,20,119,57,118,113,109,8,46" hai3="132,72,27,68,13,25,14,96,130,40,30,97,47"/><U107/><E107/><V33/><F33/><W74/><G68/><T82/><D114/><U110/><E112/><V115/><F104/><W42/><G47/><T70/><D37/><U63/><E110/><V89/><F109/><W22/><G132/><T62/><D124/><U131/><E131/><V99/><F129/><W91/><G91/><T24/><D70/><U4/><E39/><V125/><F125/><W49/><G49/><T101/><D101/><U50/><E18/><V108/><F108/><W3/><G3/><T12/><D1/><U98/><E93/><V45/><F76/><W43/><G130/><T36/><D36/><U56/><E75/><V117/><F113/><W111/><G111/><T102/><D102/><N who="1" m="60759" /><E71/><V73/><F115/><W16/><G74/><T127/><D127/><U35/><E35/><V11/><F73/><W41/><N who="3" m="10240" /><DORA hai="126" /><W23/><G72/><T87/><D82/><U32/><E32/><V133/><F118/><W38/><G38/><T120/><D120/><U28/><E28/><V134/><F119/><W69/><G69/><T52/><D65/><U29/><E29/><V55/><F117/><W121/><G121/><T54/><D54/><U17/><E17/><V123/><F123/><W58/><G58/><T2/><D2/><U100/><E100/><V103/><F103/><W116/><G116/><T78/><REACH who="0" step="1"/><D87/><REACH who="0" ten="190,340,230,230" step="2"/><U85/><E84/><V90/><F134/><W0/><G0/><T7/><AGARI ba="0,1" hai="7,10,12,19,21,24,52,59,60,61,62,78,83,86" machi="7" ten="20,12000,2" yaku="1,1,2,1,0,1,7,1,8,1,54,1,53,1" doraHai="95,126" doraHaiUra="122,77" who="0" fromWho="0" sc="190,130,340,-60,230,-30,230,-30" />
</Scene>
<Scene>
<INIT seed="2,0,0,1,0,91" ten="320,280,200,200" oya="2" hai0="94,105,118,59,76,40,66,48,31,14,53,21,115" hai1="60,52,116,86,131,129,82,109,39,96,108,120,70" hai2="7,122,46,56,111,133,92,32,71,36,124,24,28" hai3="30,47,100,0,4,128,12,54,88,65,17,127,81"/><V80/><F122/><W29/><G128/><N who="1" m="49226" /><E120/><V6/><F71/><W61/><G127/><T42/><D105/><U117/><E96/><V18/><F124/><W41/><G54/><T16/><D115/><U110/><E39/><V121/><F121/><W126/><G100/><T104/><D104/><U135/><E135/><V22/><F133/><W35/><G35/><T99/><D118/><N who="1" m="45675" /><E82/><V101/><F111/><W44/><G126/><T45/><D76/><U38/><E86/><V102/><F80/><W63/><G4/><T130/><D130/><U10/><E10/><V69/><F69/><W51/><G0/><T95/><D31/><N who="3" m="11785" /><G47/><T97/><D66/><N who="1" m="41287" /><E38/><V55/><F102/><W103/><G103/><N who="0" m="60855" /><D45/><U84/><E84/><V23/><F46/><W89/><G65/><T19/><D19/><U114/><E52/><V123/><F123/><W9/><G81/><T2/><D2/><U64/><E64/><V5/><F36/><W98/><G89/><AGARI ba="0,0" hai="14,16,21,40,42,48,53,59,89,95,99" m="60855" machi="89" ten="30,7700,0" yaku="8,1,52,2,54,1" doraHai="91" who="0" fromWho="3" sc="320,77,280,0,200,0,200,-77" />
</Scene>
<Scene>
<INIT seed="3,0,0,4,4,44" ten="397,280,200,123" oya="3" hai0="39,47,94,90,65,81,54,120,20,33,117,19,76" hai1="87,121,61,124,15,103,48,31,123,60,72,45,5" hai2="75,113,37,64,101,27,40,67,127,6,92,82,119" hai3="36,30,69,78,29,23,99,132,42,100,73,79,38"/><W111/><G69/><T26/><D120/><U135/><E72/><V134/><F113/><W53/><G132/><T108/><D117/><U91/><E135/><V112/><F134/><W11/><G111/><T12/><D108/><U21/><E124/><V106/><F112/><W28/><G23/><T66/><D33/><U17/><E103/><V68/><F119/><W62/><G11/><T49/><D39/><U9/><E31/><V102/><F106/><W104/><G42/><T122/><D122/><U2/><E123/><V41/><F127/><W34/><G34/><T1/><D1/><U86/><E121/><V51/><F37/><W133/><G133/><T89/><D26/><U46/><E46/><V32/><F68/><W18/><G18/><T3/><D3/><U8/><E21/><V4/><F32/><W71/><G71/><T98/><REACH who="0" step="1"/><D90/><REACH who="0" ten="387,280,200,123" step="2"/><U58/><E91/><V63/><F27/><W105/><G38/><T59/><D59/><U129/><E58/><V35/><F35/><W116/><G36/><T110/><D110/><U16/><E2/><V74/><F102/><W118/><G118/><T85/><AGARI ba="0,1" hai="12,19,20,47,49,54,65,66,76,81,85,89,94,98" machi="85" ten="20,8000,1" yaku="1,1,0,1,7,1,8,1,52,1,53,0" doraHai="44" doraHaiUra="128" who="0" fromWho="0" sc="387,90,280,-20,200,-20,123,-40" />
</Scene>
<Scene>
<INIT seed="4,0,0,2,4,55" ten="477,260,180,83" oya="0" hai0="10,39,85,67,103,22,46,20,132,81,36,112,33" hai1="38,24,51,69,28,101,53,57,106,59,111,15,122" hai2="50,30,76,42,87,7,83,13,40,129,127,37,114" hai3="68,26,109,78,63,23,11,49,47,98,2,110,130"/><T56/><D33/><U124/><E38/><V94/><F37/><W45/><G130/><T107/><D107/><U5/><E122/><V116/><F129/><W121/><G121/><T74/><D74/><U8/><E124/><V88/><F127/><W72/><G47/><T17/><D103/><U25/><E69/><V128/><F128/><W97/><G78/><T4/><D112/><U3/><E111/><V48/><F114/><W29/><G72/><T16/><D132/><U32/><E25/><V135/><F135/><W117/><G117/><T89/><D46/><U119/><E119/><V65/><F116/><W52/><G110/><T60/><D20/><U105/><E101/><V70/><F30/><W90/><G109/><T108/><D108/><U64/><E3/><V9/><F70/><W84/><G68/><T14/><REACH who="0" step="1"/><D17/><REACH who="0" ten="467,260,180,83" step="2"/><U62/><AGARI ba="0,1" hai="5,8,15,24,28,32,51,53,57,59,62,64,105,106" machi="62" ten="30,4000,0" yaku="0,1,52,2" doraHai="55" who="1" fromWho="1" sc="467,-20,260,50,180,-10,83,-10" />
</Scene>
<Scene>
<INIT seed="5,0,0,2,3,134" ten="447,310,170,73" oya="1" hai0="87,63,20,62,41,35,93,49,58,32,22,112,28" hai1="56,120,81,135,75,17,82,18,19,60,132,46,15" hai2="53,52,89,9,3,124,34,79,122,107,129,88,80" hai3="110,2,70,114,4,105,73,10,98,7,108,104,126"/><U31/><E120/><V13/><F122/><W23/><G23/><T97/><D112/><U11/><E31/><V43/><F34/><W30/><G114/><T50/><D35/><U78/><E81/><V125/><F107/><N who="3" m="41035" /><G98/><T24/><D87/><U55/><REACH who="1" step="1"/><E46/><REACH who="1" ten="447,300,170,73" step="2"/><V83/><F80/><W54/><G30/><T14/><D28/><U40/><E40/><V1/><F43/><W95/><G110/><T133/><D41/><U116/><E116/><V106/><F83/><W47/><G108/><T71/><D133/><AGARI ba="0,1" hai="11,15,17,18,19,55,56,60,75,78,82,132,133,135" machi="133" ten="40,3900,0" yaku="1,1,20,1,53,0" doraHai="134" doraHaiUra="37" who="1" fromWho="0" sc="447,-39,300,49,170,0,73,0" />
</Scene>
<Scene>
<INIT seed="5,1,0,1,0,11" ten="408,349,170,73" oya="1" hai0="125,119,27,5,89,85,80,123,134,71,73,122,84" hai1="17,120,78,113,43,1,115,98,66,67,90,126,99" hai2="83,87,77,117,14,60,20,64,46,23,25,58,74" hai3="3,91,110,81,108,53,26,13,15,129,112,49,97"/><U57/><E120/><N who="0" m="46121" /><D71/><U40/><E1/><V45/><F117/><W93/><G3/><T69/><D69/><U72/><E126/><V32/><F32/><W38/><G38/><T42/><D119/><U6/><E6/><V52/><F74/><W100/><G112/><N who="1" m="43082" /><E17/><N who="2" m="10295" /><F64/><N who="1" m="24617" /><E57/><V75/><F75/><W7/><G7/><T28/><D5/><U51/><E51/><V59/><F59/><W135/><G135/><T29/><D134/><U128/><E128/><V88/><F77/><W76/><G129/><T131/><D131/><U2/><E2/><V101/><F101/><W104/><G110/><T132/><D132/><U86/><E72/><V19/><AGARI ba="1,0" hai="19,23,25,45,46,52,58,60,83,87,88" m="10295" machi="19" ten="30,7900,0" yaku="8,1,52,1,54,2" doraHai="11" who="2" fromWho="2" sc="408,-21,349,-40,170,82,73,-21" />
</Scene>
<Scene>
<INIT seed="6,0,0,4,0,122" ten="387,309,252,52" oya="2" hai0="86,4,39,58,12,73,104,8,96,113,33,125,108" hai1="36,127,40,83,112,27,120,133,128,69,117,72,123" hai2="90,98,99,76,51,87,114,59,6,1,32,101,60" hai3="47,44,46,41,50,64,22,110,30,55,53,18,85"/><V28/><F114/><W61/><G30/><T63/><D108/><U52/><RYUUKYOKU type="yao9" ba="0,0" sc="387,0,309,0,252,0,52,0" hai1="27,36,40,52,69,72,83,112,117,120,123,127,128,133" />
</Scene>
<Scene>
<INIT seed="6,1,0,5,4,5" ten="387,309,252,52" oya="2" hai0="117,54,37,14,42,92,70,55,25,22,76,104,66" hai1="99,45,39,36,12,61,84,96,35,101,94,27,21" hai2="72,46,34,113,115,112,16,65,134,9,93,52,135" hai3="26,122,58,78,100,18,28,131,110,106,74,80,40"/><V49/><F34/><W63/><G110/><T116/><D104/><U51/><E35/><V4/><F72/><W120/><G131/><T89/><D76/><U119/><E119/><N who="0" m="45641" /><D14/><U64/><E12/><N who="2" m="7183" /><F4/><W8/><G40/><T32/><D32/><U31/><E96/><V53/><F65/><W118/><G118/><T30/><D66/><U48/><E84/><V105/><F105/><W57/><G57/><T103/><D103/><U109/><E109/><V129/><F129/><W43/><G43/><T130/><D70/><U126/><E126/><V71/><F71/><W81/><G78/><T29/><D29/><U95/><E94/><V1/><F1/><W128/><G28/><T60/><D60/><U90/><E90/><V17/><F17/><W6/><G18/><T123/><D123/><U108/><E108/><V125/><F125/><W88/><G63/><T15/><D130/><U2/><E2/><V111/><F111/><W19/><G128/><T7/><D7/><U3/><E3/><V24/><F24/><W33/><G26/><T68/><D68/><U56/><REACH who="1" step="1"/><E48/><REACH who="1" ten="387,299,252,52" step="2"/><N who="2" m="28695" /><F93/><W47/><G106/><T132/><D92/><U59/><E59/><AGARI ba="1,1" hai="49,53,59,112,113,115,134,135" m="28695,7183" machi="59" ten="30,11600,0" yaku="15,1,52,1,54,2" doraHai="5" who="2" fromWho="1" sc="387,0,299,-119,252,129,52,0" />
</Scene>
<Scene>
<INIT seed="6,2,0,4,1,67" ten="387,180,381,52" oya="2" hai0="10,23,114,22,74,87,21,29,133,17,69,20,107" hai1="134,126,6,83,27,25,102,51,62,108,63,46,34" hai2="32,58,90,64,118,68,116,89,128,130,43,77,135" hai3="98,79,38,119,76,12,60,111,0,78,75,122,57"/><V47/><F32/><W16/><G0/><T94/><D74/><U15/><E34/><V96/><F77/><W41/><G111/><T28/><D107/><U37/><E37/><N who="2" m="21999" /><F96/><W50/><G38/><T110/><D110/><U124/><E134/><V18/><F18/><W52/><G122/><T48/><D69/><U117/><E117/><N who="2" m="45163" /><F90/><W123/><G123/><T36/><D36/><U49/><E108/><V11/><F89/><W45/><G119/><T115/><D133/><U100/><E51/><V88/><F88/><W92/><G75/><T101/><D10/><N who="1" m="4567" /><E83/><V106/><F11/><W3/><G3/><T73/><D73/><U109/><E109/><V129/><F106/><W82/><G82/><T61/><D48/><U113/><E63/><N who="2" m="38007" /><F135/><W103/><REACH who="3" step="1"/><G79/><REACH who="3" ten="387,180,381,42" step="2"/><T71/><D29/><U80/><E80/><V44/><F44/><W2/><G2/><T81/><D28/><U13/><E46/><V5/><F5/><W55/><G55/><T95/><D81/><U97/><E124/><V127/><F127/><W30/><G30/><T31/><D31/><U112/><E126/><V40/><F40/><W14/><G14/><T56/><D17/><U84/><E13/><V4/><F4/><W65/><G65/><T91/><D87/><U42/><E84/><V105/><F105/><W1/><G1/><T132/><D132/><U121/><E121/><V66/><F66/><W86/><G86/><T39/><D39/><U53/><E53/><V19/><F19/><W125/><G125/><T70/><D21/><AGARI ba="2,1" hai="12,16,21,41,45,50,52,57,60,76,78,92,98,103" machi="21" ten="30,8000,1" yaku="1,1,7,1,8,1,54,2,53,0" doraHai="67" doraHaiUra="85" who="3" fromWho="0" sc="387,-86,180,0,381,0,42,96" />
</Scene>
<Scene>
<INIT seed="7,0,0,1,2,114" ten="301,180,381,138" oya="3" hai0="89,29,28,62,108,96,49,61,8,107,133,67,20" hai1="110,135,92,13,5,121,45,72,115,30,25,14,0" hai2="43,69,58,60,128,6,123,41,83,104,97,106,33" hai3="74,102,18,99,48,22,32,77,85,93,118,39,66"/><W120/><G39/><T82/><D108/><U113/><E72/><V19/><F33/><W17/><G32/><T119/><D133/><U50/><E135/><V16/><F69/><W70/><G120/><T111/><D111/><U90/><E110/><V73/><F123/><W132/><G74/><T112/><D112/><N who="1" m="43083" /><E0/><V134/><F134/><W44/><G132/><T26/><D119/><U15/><E121/><V81/><F128/><W64/><G118/><T12/><D29/><U42/><E5/><V127/><F127/><W78/><G70/><T131/><D131/><U68/><E68/><V87/><F6/><W57/><G17/><T52/><D67/><N who="3" m="25641" /><G57/><T76/><D107/><U91/><E92/><V86/><F73/><W40/><G85/><T24/><D24/><AGARI ba="0,0" hai="18,22,24,40,44,48,77,78,93,99,102" m="25641" machi="24" ten="30,1500,0" yaku="8,1" doraHai="114" who="3" fromWho="0" sc="301,-15,180,0,381,0,138,15" />
</Scene>
<Scene>
<INIT seed="7,1,0,5,0,125" ten="286,180,381,153" oya="3" hai0="62,121,22,114,15,96,127,115,113,85,36,19,57" hai1="84,99,6,117,23,71,61,73,24,79,128,82,42" hai2="52,104,3,54,119,86,4,105,112,49,35,123,126" hai3="93,110,7,39,102,5,43,68,90,60,87,47,67"/><W116/><G110/><T89/><D121/><U101/><E117/><V80/><F119/><W2/><G116/><T56/><D36/><U65/><E6/><V83/><F35/><W69/><G2/><T45/><D127/><U130/><E42/><V46/><F126/><W13/><G69/><T17/><D45/><U120/><E120/><V1/><F123/><W33/><G33/><T95/><D62/><U34/><E84/><V59/><F112/><W37/><G37/><T124/><D124/><U31/><E23/><V11/><F1/><W111/><G111/><T76/><D19/><U27/><E27/><V38/><F83/><AGARI ba="1,0" hai="15,17,22,56,57,76,83,85,89,95,96,113,114,115" machi="83" ten="40,2600,0" yaku="15,1,11,1" doraHai="125" who="0" fromWho="2" sc="286,29,180,0,381,-29,153,0" owari="315,12.0,180,-22.0,352,45.0,153,-35.0" />
</Scene>
</mjloggm>