<mjloggm ver="2.3"><GO type="169" lobby="0"/><UN n0="%E6%AF%94%E5%98%89%E7%A7%80%E4%BB%81" n1="%E9%AD%94%E7%8E%8B%E3%81%93%E3%81%A3%E3%81%BA%E3%81%B1%E3%82%93" n2="%E5%A4%AA%E3%81%8F%E3%81%AA%E3%81%84%E3%81%8A" n3="%74%6F%6D%6E%70" dan="18,16,18,16" rate="2222.58,2057.15,2247.88,2053.38" sx="M,M,F,M"/><TAIKYOKU oya="0"/>

<Scene>
<INIT seed="0,0,0,4,4,32" ten="250,250,250,250" oya="0" hai0="49,125,53,3,93,8,67,85,36,127,29,97,130" hai1="52,131,48,16,31,115,37,84,63,103,38,34,42" hai2="114,27,47,109,116,21,104,73,80,76,132,35,14" hai3="51,50,124,44,111,58,19,43,75,133,83,68,45"/><T135/><D36/><U78/><E115/><V12/><F114/><W64/><G133/><T39/><D39/><U4/><E4/><V25/><F104/><W82/><G124/><N who="0" m="47691" /><D135/><U65/><E103/><V123/><F132/><W61/><G111/><T20/><D67/><U113/><E42/><V13/><F123/><W6/><G75/><T100/><D85/><U72/><E72/><V60/><F109/><W74/><G74/><T1/><D8/><U28/><E113/><V5/><F116/><W56/><G6/><T23/><D130/><U15/><E131/><V117/><F117/><W18/><G68/><T112/><D112/><U46/><E34/><V120/><F35/><W108/><G108/><T7/><D7/><U24/><E24/><V128/><F25/><W91/><G58/><N who="0" m="33071" /><D29/><U119/><E119/><V2/><F128/><W94/><G18/><T55/><D55/><U22/><E38/><V77/><F5/><W30/><G19/><T17/><D17/><U87/><E37/><V54/><F54/><N who="3" m="30023" /><G30/><T70/><D70/><U40/><E31/><V99/><F73/><W126/><G126/><T102/><D102/><U107/><E28/><V134/><F134/><W33/><G33/><T129/><D129/><U9/><E16/><V66/><F27/><W121/><G121/><T110/><D110/><U59/><E65/><V69/><F120/><W79/><G79/><T86/><D86/><AGARI ba="0,0" hai="43,45,51,56,61,64,82,83,86,91,94" m="30023" machi="86" ten="30,1000,0" yaku="8,1" doraHai="32" who="3" fromWho="0" sc="250,-10,250,0,250,0,250,10" />
</Scene>
<Scene>
<INIT seed="1,0,0,4,4,61" ten="240,250,250,260" oya="1" hai0="85,79,48,20,12,34,60,38,78,11,81,17,129" hai1="105,120,29,110,56,68,18,134,75,87,36,37,112" hai2="15,117,40,9,51,16,22,62,47,115,27,123,21" hai3="50,76,43,30,118,54,49,90,66,28,45,93,95"/><U24/><E87/><V0/><F123/><W14/><G118/><T4/><D38/><U97/><E56/><V135/><F117/><W64/><G76/><T53/><D34/><U32/><E18/><V41/><F135/><W80/><G80/><T35/><D35/><U65/><E120/><V10/><F115/><W63/><G14/><T83/><D129/><U82/><E112/><V132/><F132/><W70/><G93/><T111/><D60/><N who="1" m="39975" /><E134/><V109/><F0/><W101/><G101/><T44/><D111/><U98/><E98/><V84/><F109/><W2/><G2/><T96/><D96/><U73/><E110/><V104/><F104/><W58/><REACH who="3" step="1"/><G64/><REACH who="3" ten="240,250,250,250" step="2"/><T67/><D67/><U8/><E82/><V13/><F13/><W1/><G1/><T72/><REACH who="0" step="1"/><D4/><REACH who="0" ten="230,250,250,250" step="2"/><U125/><E97/><AGARI ba="0,2" hai="28,30,43,45,49,50,54,58,63,66,70,90,95,97" machi="97" ten="30,3900,0" yaku="1,1,7,1,52,1,53,0" doraHai="61" doraHaiUra="131" who="3" fromWho="1" sc="230,0,250,-39,250,0,250,59" />
</Scene>
<Scene>
<INIT seed="2,0,0,0,0,97" ten="230,211,250,309" oya="2" hai0="36,59,87,69,126,92,44,74,24,29,45,123,119" hai1="112,5,83,99,18,134,15,4,115,111,114,39,88" hai2="78,23,55,90,37,6,3,17,116,132,32,21,31" hai3="103,118,63,77,125,0,121,10,1,113,89,91,25"/><V104/><F37/><W28/><G118/><T14/><D123/><U53/><E134/><V73/><F104/><W76/><G121/><T108/><D108/><U46/><E111/><V43/><F43/><W60/><G125/><T93/><D126/><U67/><E67/><V94/><F116/><W133/><G133/><T40/><D74/><U54/><E39/><V80/><F132/><W127/><G127/><T95/><D69/><U56/><E46/><V26/><F55/><W124/><G124/><T81/><D119/><U49/><E54/><V120/><F120/><W109/><G109/><T110/><D110/><U13/><E13/><V48/><F48/><W122/><G122/><T96/><D45/><U27/><E27/><V106/><F106/><W131/><G25/><T19/><D59/><U105/><E105/><V135/><F135/><W61/><G28/><T9/><D96/><U101/><E101/><V130/><F130/><W66/><G66/><T62/><D62/><U52/><E53/><V50/><F50/><W58/><G58/><T129/><D129/><U47/><E56/><V51/><F51/><W86/><G131/><T71/><D71/><U102/><E102/><V84/><REACH who="2" step="1"/><F17/><REACH who="2" ten="230,211,240,309" step="2"/><W34/><G63/><T38/><D38/><U82/><E18/><V35/><F35/><W30/><G34/><T42/><D42/><U7/><REACH who="1" step="1"/><E15/><REACH who="1" ten="230,201,240,309" step="2"/><V70/><F70/><W128/><G128/><T8/><D19/><U68/><E68/><V2/><F2/><W107/><G0/><T98/><D14/><U12/><E12/><V117/><F117/><W11/><G1/><RYUUKYOKU ba="0,2" sc="230,-15,201,15,240,15,309,-15" hai1="4,5,7,47,49,52,82,83,88,99,112,114,115" hai2="3,6,21,23,26,31,32,73,78,80,84,90,94" />
</Scene>
<Scene>
<INIT seed="2,1,2,3,0,3" ten="215,216,255,294" oya="2" hai0="62,91,67,56,69,122,90,129,26,41,85,107,116" hai1="125,16,68,6,53,105,81,103,57,115,95,7,37" hai2="33,133,104,63,9,127,34,70,109,8,113,75,71" hai3="45,135,19,43,58,61,14,23,112,96,128,11,32"/><V42/><F113/><W64/><G112/><T44/><D122/><U13/><E68/><N who="2" m="26155" /><F63/><W4/><G135/><T10/><D116/><U99/><E37/><V92/><F92/><W106/><G128/><T51/><D107/><U15/><E115/><V78/><F42/><W82/><G32/><N who="2" m="12393" /><F78/><W97/><G82/><T40/><D129/><U102/><E81/><V73/><F133/><W24/><REACH who="3" step="1"/><G106/><REACH who="3" ten="215,216,255,284" step="2"/><T31/><D69/><U65/><E105/><V5/><F104/><W18/><G18/><T21/><D41/><U0/><E16/><V88/><F127/><W60/><G60/><T130/><D130/><U117/><E125/><V124/><F124/><W74/><G74/><T46/><D46/><U79/><E117/><V93/><F75/><W72/><G72/><T120/><D120/><U121/><E121/><V110/><F73/><W114/><G114/><T76/><D10/><U36/><E36/><AGARI ba="1,3" hai="4,11,14,19,23,24,36,43,45,58,61,64,96,97" machi="36" ten="30,3900,0" yaku="1,1,7,1,52,1,53,0" doraHai="3" doraHaiUra="48" who="3" fromWho="1" sc="215,0,216,-42,255,0,284,72" />
</Scene>
<Scene>
<INIT seed="3,0,0,5,2,36" ten="215,174,255,356" oya="3" hai0="63,17,9,87,29,102,88,45,123,79,110,20,98" hai1="61,51,30,99,115,64,117,47,15,10,24,124,112" hai2="33,135,113,126,103,31,107,34,72,4,68,75,127" hai3="3,41,32,54,90,59,6,0,48,57,109,37,82"/><W65/><G32/><N who="2" m="12393" /><F31/><W89/><G3/><T52/><D110/><U133/><E117/><V55/><F113/><W62/><G109/><T93/><D79/><U27/><E133/><V129/><F4/><W56/><G59/><T125/><D125/><N who="2" m="47626" /><F68/><W100/><G100/><T118/><D118/><U95/><E124/><V85/><F85/><W5/><G6/><T128/><D128/><U81/><E30/><V134/><F55/><W21/><G21/><T50/><D123/><U8/><E81/><V73/><F129/><W77/><G5/><T26/><D63/><U28/><E28/><V96/><AGARI ba="0,0" hai="72,73,75,96,103,107,134,135" m="47626,12393" machi="96" ten="50,3200,0" yaku="18,1,23,1" doraHai="36" who="2" fromWho="2" sc="215,-8,174,-8,255,32,356,-16" />
</Scene>
<Scene>
<INIT seed="4,0,0,1,1,113" ten="207,166,287,340" oya="0" hai0="120,99,72,114,111,91,23,18,32,57,51,117,59" hai1="6,130,77,24,47,90,85,121,35,83,132,8,64" hai2="38,54,116,89,76,112,82,14,22,56,118,41,102" hai3="31,109,106,125,80,65,103,40,123,115,100,53,7"/><T122/><D72/><U43/><E121/><V129/><F112/><W74/><G115/><T78/><D114/><U97/><E132/><V13/><F102/><W5/><G109/><T88/><D32/><U4/><E64/><V75/><F129/><W19/><G123/><T93/><D111/><U96/><E130/><V25/><F89/><W9/><G125/><T37/><D37/><U101/><E90/><V95/><F95/><W79/><G31/><T131/><D131/><U11/><E24/><V134/><F134/><W128/><G128/><T17/><D78/><U135/><E35/><V21/><F41/><W104/><G106/><T107/><D107/><U28/><E28/><N who="2" m="17455" /><F22/><W108/><G108/><T42/><D122/><U71/><E71/><V12/><F38/><W119/><G103/><T67/><D120/><U3/><E135/><V126/><F126/><W1/><G100/><T26/><D117/><N who="2" m="45162" /><F13/><W0/><G119/><T105/><D105/><U27/><E101/><V86/><F75/><W63/><G74/><T81/><D81/><U45/><E27/><V110/><F110/><W55/><G80/><T62/><D91/><U2/><E47/><V68/><F68/><W16/><G79/><T133/><D133/><U98/><REACH who="1" step="1"/><E96/><REACH who="1" ten="207,156,287,340" step="2"/><V36/><F36/><AGARI ba="0,1" hai="2,3,4,6,8,11,36,43,45,77,83,85,97,98" machi="36" ten="30,7700,0" yaku="1,1,2,1,7,1,9,1,53,0" doraHai="113" doraHaiUra="66" who="1" fromWho="2" sc="207,0,156,87,287,-77,340,0" />
</Scene>
<Scene>
<INIT seed="5,0,0,0,3,73" ten="207,243,210,340" oya="1" hai0="72,27,108,0,62,78,51,39,87,29,130,83,35" hai1="112,9,41,106,7,6,16,121,124,132,33,36,69" hai2="44,74,134,61,92,135,22,11,115,98,64,131,80" hai3="104,89,100,116,88,54,23,10,77,4,86,66,40"/><U85/><E121/><V12/><F131/><W49/><G116/><T18/><D108/><U65/><E33/><V57/><F115/><W5/><G66/><T38/><D130/><U90/><E106/><V46/><F22/><W56/><G40/><T103/><D0/><U128/><E128/><V81/><F46/><W75/><G104/><T94/><D51/><U70/><E112/><V110/><F110/><W117/><G100/><T99/><D18/><U50/><E36/><V20/><F20/><W102/><G102/><T52/><REACH who="0" step="1"/><D72/><REACH who="0" ten="197,243,210,340" step="2"/><U91/><E50/><V34/><F74/><W45/><G75/><T120/><D120/><U105/><E16/><V37/><F37/><W1/><G1/><T118/><D118/><U53/><E132/><V125/><F135/><W133/><G49/><T3/><D3/><U17/><E17/><V82/><F134/><W28/><G133/><T2/><D2/><U127/><E124/><V25/><F125/><W43/><G4/><T47/><D47/><U95/><E7/><V30/><F44/><W26/><G45/><T59/><AGARI ba="0,1" hai="27,29,35,38,39,52,59,62,78,83,87,94,99,103" machi="59" ten="30,8000,1" yaku="1,1,0,1,52,1,54,1,53,1" doraHai="73" doraHaiUra="48" who="0" fromWho="0" sc="197,90,243,-40,210,-20,340,-20" />
</Scene>
<Scene>
<INIT seed="6,0,0,5,5,45" ten="287,203,190,320" oya="2" hai0="5,19,21,131,124,17,117,50,68,43,61,16,65" hai1="63,15,75,52,7,0,87,1,88,74,29,38,33" hai2="11,51,133,102,58,97,8,36,44,115,128,72,3" hai3="132,107,96,37,40,86,92,53,59,103,70,20,112"/><V34/><F34/><W6/><G132/><T89/><D131/><U10/><E38/><V62/><F72/><W41/><G112/><T18/><D124/><U110/><E110/><V66/><F36/><W108/><G108/><T14/><D117/><U24/><E1/><V12/><F115/><W127/><G70/><T13/><D5/><U93/><REACH who="1" step="1"/><E0/><REACH who="1" ten="287,193,190,320" step="2"/><V95/><F128/><W60/><G37/><T101/><D14/><U56/><AGARI ba="0,1" hai="7,10,15,24,29,33,52,56,63,74,75,87,88,93" machi="56" ten="30,12000,2" yaku="1,1,2,1,0,1,54,2,53,1" doraHai="45" doraHaiUra="22" who="1" fromWho="1" sc="287,-30,193,130,190,-60,320,-30" />
</Scene>
<Scene>
<INIT seed="7,0,0,3,5,106" ten="257,323,130,290" oya="3" hai0="97,59,2,69,36,54,82,88,53,29,90,131,43" hai1="79,108,22,115,46,74,6,11,49,39,126,23,47" hai2="96,118,24,63,10,41,123,34,121,48,132,112,9" hai3="99,102,95,51,0,5,44,117,122,109,77,116,127"/><W50/><G122/><T92/><D69/><U113/><E108/><V85/><F85/><W130/><G109/><T120/><D120/><N who="2" m="46154" /><F63/><W76/><G130/><T32/><D131/><U55/><E126/><V37/><F96/><W45/><G127/><T89/><D2/><N who="1" m="471" /><E74/><V134/><F48/><N who="3" m="18475" /><G0/><T21/><D32/><U105/><E79/><N who="3" m="30282" /><G116/><T58/><D43/><N who="1" m="22911" /><E105/><V114/><F41/><W65/><G117/><T75/><D36/><U27/><E27/><V103/><F103/><W14/><G65/><T4/><D4/><U66/><E66/><V26/><F37/><W64/><G64/><T28/><D82/><U72/><E72/><V33/><F118/><W133/><G133/><N who="2" m="51305" /><F24/><W124/><G124/><T7/><D75/><U56/><E47/><V16/><F26/><W104/><G104/><T61/><D7/><U17/><E17/><V19/><F10/><AGARI ba="0,0" hai="5,10,14,44,45,95,99,102" m="30282,18475" machi="10" ten="30,1500,0" yaku="8,1" doraHai="106" who="3" fromWho="2" sc="257,0,323,0,130,-15,290,15" />
</Scene>
<Scene>
<INIT seed="7,1,0,4,2,113" ten="257,323,115,305" oya="3" hai0="44,61,3,76,74,10,5,125,16,8,75,109,54" hai1="24,13,26,7,110,9,34,50,43,126,127,65,80" hai2="4,55,68,94,72,25,99,121,19,11,111,100,128" hai3="95,79,122,27,131,42,0,124,89,48,92,57,45"/><W133/><G122/><T97/><D109/><U101/><E110/><V29/><F111/><W22/><G0/><T49/><D125/><N who="1" m="47627" /><E65/><V63/><F121/><W132/><G124/><T51/><D76/><U66/><E66/><V33/><F128/><W67/><G131/><T86/><D61/><U82/><E101/><V17/><F72/><W91/><G79/><T108/><D108/><U107/><E107/><V58/><F55/><W102/><G102/><T23/><D97/><U36/><E36/><V135/><F135/><N who="3" m="51787" /><G57/><T6/><D51/><U90/><E90/><N who="3" m="34314" /><G67/><T104/><D86/><U129/><E129/><V134/><F134/><W105/><G105/><T83/><D83/><N who="1" m="31787" /><E34/><V35/><F35/><W31/><AGARI ba="1,0" hai="22,27,31,42,45,48,92,95" m="34314,51787" machi="31" ten="30,1500,0" yaku="20,1" doraHai="113" who="3" fromWho="3" sc="257,-6,323,-6,115,-6,305,18" owari="251,-15.0,317,12.0,109,-39.0,323,42.0" />
</Scene>
</mjloggm>