<mjloggm ver="2.3"><GO type="97"/><UN n0="%E5%A4%AA%E3%81%8F%E3%81%AA%E3%81%84%E3%81%8A" n1="%E7%87%A6%E7%84%B6%E5%85%AD%E5%8D%83" n2="%4D%79%53%65%6C%66" n3="%E2%98%86%73%70%69%63%61%E2%98%86" dan="13,13,15,13" rate="1967,1802,1943,1974" sx="M,M,F,F"/><TAIKYOKU oya="0"/>

<Scene>
<INIT seed="0,0,0,5,4,58" ten="250,250,250,250" oya="0" hai0="2,107,119,4,21,114,61,9,44,69,90,82,80" hai1="52,126,50,108,120,86,94,30,134,72,16,12,110" hai2="92,81,77,7,48,87,71,99,3,105,125,14,128" hai3="68,73,132,93,124,97,18,135,130,59,41,111,42"/><T116/><D114/><U115/><E72/><V36/><F36/><W65/><G124/><T103/><D44/><N who="1" m="27719" /><E120/><V11/><F71/><W106/><G106/><T34/><D34/><U104/><E104/><V83/><F125/><W102/><G111/><N who="1" m="42538" /><E115/><V53/><F128/><W100/><G130/><T85/><D21/><N who="1" m="11399" /><E126/><V40/><F40/><W17/><G73/><T13/><D2/><U67/><E67/><V127/><F127/><W33/><G68/><T23/><D23/><U45/><E45/><V29/><F29/><W79/><G65/><T74/><D74/><U98/><E134/><V113/><F113/><W32/><G135/><T27/><D27/><U19/><E19/><V5/><F105/><W20/><G17/><T112/><D112/><U28/><E86/><V96/><F7/><W38/><G18/><T49/><D107/><U6/><E6/><V35/><F35/><W131/><G131/><T91/><D85/><U84/><E84/><V1/><F83/><W89/><G38/><T26/><D82/><U63/><E63/><V47/><REACH who="2" step="1"/><F99/><REACH who="2" ten="250,250,240,250" step="2"/><W22/><G97/><T54/><D80/><U95/><E98/><V133/><F133/><W56/><G132/><T8/><D4/><U37/><E37/><V129/><F129/><W51/><G33/><T123/><D69/><U66/><E66/><V60/><F60/><W55/><G32/><T88/><D61/><U70/><E70/><V62/><F62/><W101/><G51/><T24/><D49/><U64/><E64/><V117/><F117/><W121/><G42/><T57/><D119/><U15/><E15/><RYUUKYOKU ba="0,1" sc="250,-15,250,15,240,15,250,-15" hai1="28,30,94,95" hai2="1,3,5,11,14,47,48,53,77,81,87,92,96" />
</Scene>
<Scene>
<INIT seed="1,1,1,5,3,52" ten="235,265,255,235" oya="1" hai0="68,93,13,59,131,35,135,3,92,26,117,47,31" hai1="9,69,79,21,65,48,10,71,66,103,12,0,18" hai2="32,123,22,2,89,57,119,7,84,105,23,116,126" hai3="74,106,67,78,127,29,42,124,125,87,46,6,113"/><U53/><E0/><V98/><F123/><W39/><G113/><T101/><D68/><U5/><E71/><V88/><F126/><W27/><G67/><N who="1" m="25610" /><E69/><V8/><F32/><N who="3" m="20543" /><G87/><T121/><D3/><U80/><E103/><V118/><F105/><W122/><G106/><T51/><D121/><U36/><E36/><V4/><F4/><W55/><G122/><T20/><D101/><U86/><E5/><V100/><F100/><W75/><G6/><T60/><D117/><U77/><E77/><V83/><REACH who="2" step="1"/><F57/><AGARI ba="1,1" hai="9,10,12,18,21,48,53,57,79,80,86" m="25610" machi="57" ten="30,2900,0" yaku="8,1,52,1" doraHai="52" who="1" fromWho="2" sc="235,0,265,42,255,-32,235,0" />
</Scene>
<Scene>
<INIT seed="1,2,0,4,5,68" ten="235,307,223,235" oya="1" hai0="3,34,117,58,127,79,121,123,90,16,104,12,107" hai1="27,9,23,65,77,70,4,60,45,30,67,63,85" hai2="87,64,76,2,50,6,135,25,5,17,88,43,54" hai3="111,41,59,105,82,97,46,103,74,116,114,80,92"/><U53/><E77/><V100/><F135/><W18/><G114/><T75/><D117/><U125/><E125/><V55/><F100/><W101/><G116/><T134/><D3/><U115/><E115/><V20/><F64/><W40/><G111/><T133/><D34/><U112/><E112/><V14/><F2/><W13/><G74/><T98/><D127/><U129/><E129/><V49/><F43/><N who="3" m="16459" /><G105/><N who="0" m="40523" /><D58/><U108/><E53/><V15/><F76/><W31/><G31/><T102/><D90/><U89/><E108/><V62/><F62/><W71/><G71/><T29/><D29/><U39/><E45/><N who="2" m="27951" /><F6/><W47/><G59/><T24/><D24/><U118/><E63/><V96/><F96/><W95/><G47/><T26/><D26/><U106/><E67/><V124/><F124/><W56/><G56/><T28/><D28/><U51/><E51/><V91/><F5/><W113/><G113/><T48/><D48/><U86/><E106/><V120/><F120/><N who="0" m="46154" /><D79/><U128/><E118/><V37/><F37/><W99/><G46/><T84/><D84/><U36/><E86/><V33/><F33/><W0/><G0/><T44/><D75/><U122/><E128/><V119/><F119/><W73/><G73/><T69/><D69/><U126/><E126/><V38/><F38/><W11/><AGARI ba="2,0" hai="11,13,18,80,82,92,95,97,99,101,103" m="16459" machi="11" ten="30,1100,0" yaku="8,1" doraHai="68" who="3" fromWho="3" sc="235,-5,307,-7,223,-5,235,17" />
</Scene>
<Scene>
<INIT seed="2,0,0,2,5,55" ten="230,300,218,252" oya="2" hai0="102,122,85,13,107,132,32,3,12,98,66,83,123" hai1="41,70,69,25,36,113,18,100,78,10,43,27,97" hai2="42,51,111,103,101,72,58,86,131,19,108,125,57" hai3="1,130,17,80,28,93,50,44,117,129,60,120,33"/><V133/><F72/><W8/><G120/><T9/><D32/><U63/><E78/><V134/><F131/><N who="3" m="50187" /><G117/><T119/><D119/><U114/><E113/><V49/><F125/><W115/><G115/><T76/><D132/><N who="2" m="50794" /><F86/><W74/><G93/><T35/><D35/><U48/><E114/><V106/><F106/><W112/><G112/><T20/><D66/><U38/><E36/><V2/><F2/><W23/><G33/><T82/><D3/><U39/><E38/><V21/><F42/><W84/><G74/><T47/><D47/><U126/><E43/><V79/><F79/><N who="3" m="46111" /><G28/><T116/><D116/><U89/><E41/><V6/><F6/><N who="3" m="1103" /><G60/><T62/><D83/><U5/><E63/><V77/><F77/><W105/><G105/><T24/><D62/><U75/><E39/><V94/><F94/><W110/><G50/><N who="2" m="18953" /><F101/><W96/><G96/><T95/><D107/><U71/><E48/><V59/><F103/><W68/><G68/><T81/><D81/><U64/><E97/><V104/><F104/><W34/><G34/><T40/><D40/><U109/><E100/><V128/><F128/><W53/><G53/><T45/><D45/><U92/><E75/><V0/><F0/><W88/><G44/><T67/><D67/><U65/><E64/><V11/><F11/><W52/><G52/><T61/><D61/><U73/><E65/><V54/><F54/><W127/><G88/><T90/><D90/><U4/><E89/><V37/><F37/><W46/><G46/><T29/><D9/><U87/><E10/><V7/><F7/><W14/><G127/><RYUUKYOKU ba="0,0" sc="230,10,300,-30,218,10,252,10" hai0="12,13,20,24,29,76,82,85,95,98,102,122,123" hai2="19,21,57,58,59,108,111" hai3="14,17,23,110" />
</Scene>
<Scene>
<INIT seed="2,1,0,0,4,24" ten="240,270,228,262" oya="2" hai0="131,44,60,127,78,115,99,62,39,5,121,32,31" hai1="11,71,129,54,124,53,66,112,65,19,96,23,4" hai2="29,135,114,25,123,28,108,87,47,126,20,17,128" hai3="70,100,41,43,46,14,57,68,0,75,119,91,16"/><V50/><F123/><W21/><G119/><T61/><D121/><U36/><E71/><V69/><F69/><W107/><G0/><T37/><D115/><U105/><E36/><V26/><F114/><W81/><G57/><T120/><D120/><U102/><E112/><V90/><F126/><W42/><G46/><T92/><D127/><U51/><E124/><V56/><F135/><W110/><G110/><T93/><D131/><U118/><E129/><V18/><F128/><W97/><REACH who="3" step="1"/><G91/><REACH who="3" ten="240,270,228,252" step="2"/><T52/><D44/><U101/><E118/><V63/><F108/><W109/><G109/><T72/><D62/><U117/><E102/><V30/><F26/><W76/><AGARI ba="1,1" hai="14,16,21,41,42,43,68,70,75,76,81,97,100,107" machi="76" ten="30,7900,0" yaku="1,1,0,1,54,1,53,1" doraHai="24" doraHaiUra="74" who="3" fromWho="3" sc="240,-21,270,-21,228,-40,252,92" />
</Scene>
<Scene>
<INIT seed="3,0,0,3,0,36" ten="219,249,188,344" oya="3" hai0="80,25,46,77,83,28,10,43,63,126,15,116,135" hai1="81,123,103,84,90,11,45,4,88,127,132,48,75" hai2="93,112,60,91,17,121,13,39,102,113,69,124,5" hai3="79,9,22,95,23,110,55,59,3,18,133,128,19"/><W74/><G133/><T16/><D116/><U30/><E75/><V134/><F121/><W62/><G128/><T64/><D135/><U14/><E123/><V72/><F39/><W99/><G110/><T104/><D104/><U117/><E132/><V131/><F72/><W100/><G74/><T120/><D120/><U67/><E127/><V24/><F134/><W32/><G32/><T107/><D107/><U1/><E117/><V89/><F131/><W125/><G100/><T31/><D126/><U38/><E1/><V119/><F119/><W98/><G125/><T0/><D0/><U66/><E38/><V86/><F124/><W106/><G106/><T78/><D78/><N who="1" m="46135" /><E103/><V85/><F102/><N who="3" m="60767" /><G3/><T44/><D77/><U92/><E30/><V27/><F112/><W49/><G99/><T26/><D31/><U87/><E90/><V50/><F113/><W34/><G34/><T108/><D108/><U129/><E129/><V115/><F115/><W7/><G79/><T54/><D54/><U82/><E82/><V41/><F5/><W47/><G7/><T76/><D76/><U101/><E101/><V6/><F6/><W58/><G58/><N who="0" m="36983" /><D44/><U51/><E51/><V29/><F29/><W118/><G118/><T68/><D68/><U8/><E8/><V40/><F69/><W53/><G9/><T33/><D26/><N who="2" m="9770" /><F50/><W97/><G49/><N who="0" m="26847" /><D80/><U56/><E56/><V71/><F60/><W20/><G62/><T130/><D83/><U37/><E37/><V52/><F52/><AGARI ba="0,0" hai="4,11,14,45,48,52,66,67,87,88,92" m="46135" machi="52" ten="30,3900,0" yaku="8,1,54,2" doraHai="36" who="1" fromWho="2" sc="219,0,249,39,188,-39,344,0" owari="219,-18.0,288,9.0,149,-35.0,344,44.0" />
</Scene>
</mjloggm>