<mjloggm ver="2.3"><GO type="169"/><UN n0="%E5%A4%A7%E6%AD%A3%E9%BA%BB%E9%9B%80%E5%A8%98%E3%80%82" n1="%E5%A4%AA%E3%81%8F%E3%81%AA%E3%81%84%E3%81%8A" n2="%E6%98%8E%E5%AE%98" n3="%E3%81%A7%E3%81%93%E3%81%98" dan="17,18,16,17" rate="2156,2171,2018,2167" sx="F,M,M,M"/><TAIKYOKU oya="0"/>

<Scene>
<INIT seed="0,0,0,4,5,108" ten="250,250,250,250" oya="0" hai0="25,94,98,60,93,110,135,115,90,124,75,80,59" hai1="112,99,35,32,29,131,71,83,125,120,103,129,95" hai2="123,50,40,132,36,134,109,122,73,62,85,91,3" hai3="106,89,49,88,128,46,10,17,8,79,47,78,13"/><T11/><D124/><U58/><E71/><V9/><F73/><W84/><G106/><T130/><D135/><U114/><E120/><V96/><F36/><W72/><G128/><N who="1" m="49226" /><E125/><V107/><F109/><W104/><G104/><T45/><D110/><U31/><E83/><V39/><F39/><W51/><G72/><T97/><D130/><U87/><E87/><V67/><F3/><W0/><G0/><T81/><D45/><N who="3" m="16905" /><G8/><T24/><D11/><U14/><E14/><V16/><F40/><W55/><G89/><N who="0" m="55471" /><D115/><N who="1" m="44075" /><E58/><V68/><F96/><W74/><G74/><T15/><D75/><U57/><E57/><V21/><F9/><W61/><G79/><T20/><D15/><U37/><E37/><V43/><F43/><W12/><G78/><T52/><D24/><U117/><E117/><V19/><F107/><W69/><G69/><T34/><D34/><AGARI ba="0,0" hai="29,31,32,34,35,95,99,103" m="44075,49226" machi="34" ten="40,8000,1" yaku="19,1,11,1,52,3" doraHai="108" who="1" fromWho="0" sc="250,-80,250,80,250,0,250,0" />
</Scene>
<Scene>
<INIT seed="1,0,0,5,5,107" ten="170,330,250,250" oya="1" hai0="106,118,114,51,86,111,124,47,10,41,105,52,46" hai1="88,102,68,119,134,85,117,24,93,29,44,79,128" hai2="97,131,104,77,34,135,121,5,110,9,11,28,20" hai3="122,108,56,101,62,63,87,98,49,37,12,50,13"/><U21/><E68/><V26/><F77/><W66/><G37/><T73/><D114/><U23/><E128/><V1/><F104/><W123/><G108/><T83/><D118/><U82/><E134/><V92/><F110/><W18/><G87/><T19/><D111/><U17/><E102/><V133/><F131/><W38/><G38/><T43/><D124/><U33/><E44/><V125/><F125/><W89/><G89/><T16/><D43/><U55/><E55/><V75/><BYE who="1" /><F121/><W127/><G127/><T60/><D60/><U116/><E116/><V112/><F11/><W129/><G129/><T74/><D106/><U31/><E31/><V4/><F4/><W14/><G18/><T132/><D105/><U91/><E91/><V100/><F112/><W76/><G76/><T64/><D64/><U58/><E58/><V6/><F6/><W36/><G36/><N who="0" m="21799" /><D19/><U95/><E95/><UN n1="%E5%A4%AA%E3%81%8F%E3%81%AA%E3%81%84%E3%81%8A" /><V61/><F61/><W113/><G113/><T69/><D69/><U54/><E54/><V115/><F115/><W45/><G63/><T7/><D7/><U99/><REACH who="1" step="1"/><E33/><REACH who="1" ten="170,320,250,250" step="2"/><V57/><F34/><W0/><G45/><T71/><D71/><U81/><E81/><V120/><F57/><W59/><G59/><T130/><D130/><U126/><E126/><V25/><F120/><W27/><G122/><T65/><D132/><U109/><E109/><V80/><F135/><W48/><G123/><T103/><D65/><U32/><E32/><V42/><F133/><W53/><G66/><T3/><D103/><U72/><E72/><V22/><F75/><W67/><G67/><RYUUKYOKU ba="0,1" sc="170,-10,320,30,250,-10,250,-10" hai1="17,21,23,24,29,79,82,85,88,93,99,117,119" />
</Scene>
<Scene>
<INIT seed="1,1,1,0,1,38" ten="160,350,240,240" oya="1" hai0="37,32,99,76,56,27,114,116,112,2,135,19,124" hai1="34,67,29,84,48,64,49,17,133,72,55,65,94" hai2="44,75,74,86,10,63,18,121,126,110,113,1,78" hai3="21,50,101,125,51,53,106,96,11,26,25,24,39"/><U68/><E72/><V9/><F121/><W117/><G39/><T73/><D116/><U54/><E133/><V102/><F113/><W111/><G117/><T8/><D135/><U131/><E131/><V31/><F31/><W15/><G111/><T40/><D124/><U0/><E0/><V6/><F102/><W81/><G125/><T12/><D56/><U42/><E68/><V7/><F63/><W104/><G104/><T43/><D2/><U118/><E118/><V13/><F110/><W35/><G35/><T90/><D76/><U60/><E60/><V130/><F126/><W97/><G97/><T98/><D73/><U95/><E34/><V82/><F130/><W92/><G81/><T83/><D37/><U71/><E29/><V87/><F18/><N who="3" m="8575" /><G106/><T100/><D114/><U119/><E71/><V132/><F132/><W45/><G51/><T66/><D66/><U36/><E36/><V107/><F107/><W23/><AGARI ba="1,1" hai="21,23,24,25,26,45,50,53,92,96,101" m="8575" machi="23" ten="30,1100,0" yaku="8,1" doraHai="38" who="3" fromWho="3" sc="160,-4,350,-6,240,-4,240,24" />
</Scene>
<Scene>
<INIT seed="2,0,0,5,0,51" ten="156,344,236,264" oya="2" hai0="128,14,96,99,81,71,26,6,47,11,89,84,41" hai1="102,117,101,135,24,15,133,45,46,115,94,49,0" hai2="87,91,4,100,80,10,105,113,134,63,20,12,54" hai3="70,3,17,66,16,103,95,38,56,62,116,97,112"/><V33/><F33/><W88/><G116/><T55/><D128/><U37/><E0/><V5/><F134/><N who="1" m="51209" /><E117/><V42/><F113/><W123/><G123/><T76/><D71/><U34/><E115/><V79/><F105/><W9/><G112/><T114/><D114/><U90/><E37/><V111/><F42/><W52/><G38/><T74/><D26/><U92/><E15/><V127/><F100/><N who="1" m="38505" /><E90/><V64/><F127/><W35/><G35/><T93/><D55/><N who="1" m="30127" /><E46/><V23/><F111/><W28/><G28/><AGARI ba="0,0" hai="24,28,34,92,94" m="30127,38505,51209" machi="28" ten="30,2000,0" yaku="20,1,52,1" doraHai="51" who="1" fromWho="3" sc="156,0,344,20,236,0,264,-20" />
</Scene>
<Scene>
<INIT seed="3,0,0,0,5,112" ten="156,364,236,244" oya="3" hai0="42,80,98,106,15,34,14,100,99,76,116,95,78" hai1="10,118,11,59,90,36,56,2,23,120,4,111,74" hai2="31,97,84,37,20,87,49,108,44,40,92,33,73" hai3="41,62,71,48,58,39,107,64,53,72,121,61,127"/><W104/><G72/><T93/><D34/><U101/><E120/><V8/><F73/><W1/><G1/><T86/><D42/><U85/><E36/><V69/><F33/><W117/><G107/><T32/><D32/><U0/><E74/><V115/><F69/><W110/><G104/><T63/><D63/><U27/><E101/><V26/><F115/><W81/><G81/><T16/><D116/><U109/><E118/><V77/><F77/><W82/><G82/><T102/><D106/><U129/><E129/><V35/><F108/><N who="1" m="41545" /><E11/><V43/><F8/><W47/><G110/><T114/><D114/><U18/><E0/><V22/><F35/><W103/><G103/><T38/><D38/><U28/><E18/><V46/><F20/><W55/><G121/><T57/><D57/><U83/><AGARI ba="0,0" hai="2,4,10,23,27,28,56,59,83,85,90" m="41545" machi="83" ten="30,1100,0" yaku="14,1" doraHai="112" who="1" fromWho="1" sc="156,-3,364,11,236,-3,244,-5" />
</Scene>
<Scene>
<INIT seed="4,0,0,2,3,120" ten="153,375,233,239" oya="0" hai0="72,12,85,15,100,112,102,29,8,104,63,75,105" hai1="34,57,3,1,38,54,40,26,35,125,73,17,62" hai2="78,37,45,10,42,14,106,55,90,13,116,97,115" hai3="31,47,59,130,48,74,110,128,119,50,49,122,133"/><T61/><D29/><U19/><E73/><V99/><F116/><W7/><G74/><N who="0" m="28203" /><D85/><U36/><E125/><V84/><F78/><W23/><G119/><T91/><D91/><U43/><E26/><V94/><F13/><N who="0" m="5194" /><D8/><U111/><E57/><V79/><F79/><W82/><G122/><T117/><D117/><U71/><E62/><N who="0" m="23561" /><D112/><U20/><E20/><V18/><F115/><W93/><G23/><T6/><D6/><U81/><E81/><V46/><F106/><AGARI ba="0,0" hai="100,102,104,105,106" m="23561,5194,28203" machi="106" ten="40,3900,0" yaku="28,2" doraHai="120" who="0" fromWho="2" sc="153,39,375,0,233,-39,239,0" />
</Scene>
<Scene>
<INIT seed="4,1,0,2,4,56" ten="192,375,194,239" oya="0" hai0="0,34,46,45,80,10,41,57,92,59,133,102,132" hai1="114,55,19,4,13,47,131,22,17,76,24,119,37" hai2="113,100,18,68,109,50,78,128,93,115,8,33,38" hai3="90,40,88,6,20,9,120,111,53,42,26,118,110"/><T103/><D34/><U69/><E119/><V49/><F38/><W81/><G118/><T106/><D106/><U31/><E69/><V87/><F33/><W43/><G120/><T135/><D46/><U125/><E125/><V52/><F109/><W11/><G53/><T63/><D59/><U3/><E76/><V2/><F68/><W123/><G123/><T71/><D71/><U29/><E37/><V66/><F66/><W129/><G129/><T36/><D92/><U74/><E74/><V58/><F128/><W51/><G51/><T16/><D80/><U25/><E55/><V85/><F78/><W27/><G81/><T35/><D35/><N who="1" m="20911" /><E47/><V62/><F2/><W28/><G26/><T54/><REACH who="0" step="1"/><D16/><REACH who="0" ten="182,375,194,239" step="2"/><N who="1" m="10511" /><E131/><V75/><F18/><W44/><G44/><T5/><AGARI ba="1,1" hai="0,5,10,36,41,45,54,57,63,102,103,132,133,135" machi="5" ten="40,12000,1" yaku="1,1,0,1,20,1,52,1,53,0" doraHai="56" doraHaiUra="86" who="0" fromWho="0" sc="182,133,375,-41,194,-41,239,-41" />
</Scene>
<Scene>
<INIT seed="4,2,0,4,3,27" ten="315,334,153,198" oya="0" hai0="77,58,116,100,1,115,74,45,38,85,110,35,105" hai1="0,39,83,70,57,99,16,34,118,63,108,125,59" hai2="82,76,48,65,135,29,112,9,81,43,21,61,91" hai3="79,5,101,31,22,93,129,134,25,97,89,49,52"/><T90/><D116/><U109/><E118/><V114/><F135/><W130/><G134/><T124/><D1/><U42/><E0/><V94/><F43/><W113/><G113/><T103/><D35/><U62/><E34/><V15/><F48/><W78/><G5/><T87/><D115/><U54/><E125/><V10/><F114/><W55/><G89/><T13/><D124/><U66/><E83/><V56/><F10/><W60/><G60/><T40/><D58/><N who="1" m="35159" /><E16/><N who="2" m="8303" /><F76/><W122/><G122/><T32/><D32/><U80/><E80/><V37/><F37/><W17/><G17/><T6/><D74/><U92/><E92/><V73/><F73/><W2/><G2/><T75/><D75/><U53/><E99/><N who="2" m="57823" /><F112/><W8/><G8/><T19/><D110/><U46/><E57/><V133/><F133/><W26/><G26/><AGARI ba="2,0" hai="21,26,29,56,61,65,81,82" m="57823,8303" machi="26" ten="30,3900,0" yaku="8,1,52,1,54,1" doraHai="27" who="2" fromWho="3" sc="315,0,334,0,153,45,198,-45" />
</Scene>
<Scene>
<INIT seed="5,0,0,3,0,18" ten="315,334,198,153" oya="1" hai0="115,71,60,77,110,8,39,1,100,118,4,51,93" hai1="120,65,9,34,96,86,13,109,126,36,58,10,130" hai2="48,21,101,87,61,72,75,24,37,113,76,90,40" hai3="53,103,25,89,45,131,19,28,38,84,91,49,68"/><U33/><E120/><V81/><F37/><W14/><G68/><T41/><D110/><U85/><E36/><V97/><F113/><W73/><G73/><T121/><D115/><U129/><E109/><V106/><F61/><W3/><G3/><T133/><D118/><U82/><E96/><V66/><F66/><W64/><G131/><N who="1" m="50186" /><E126/><V35/><F35/><N who="1" m="13321" /><E13/><V26/><F26/><W98/><G38/><T99/><D39/><U119/><E119/><V62/><F62/><W31/><G64/><T134/><D121/><U2/><E2/><V122/><F122/><W27/><G27/><T17/><D60/><N who="1" m="38039" /><E86/><V29/><F48/><W78/><G25/><T124/><D71/><U114/><E114/><V50/><F50/><W125/><G125/><T55/><D124/><U32/><E32/><V52/><F40/><W54/><G54/><T105/><D41/><U127/><E127/><V88/><REACH who="2" step="1"/><F52/><REACH who="2" ten="315,334,188,153" step="2"/><W94/><G31/><T79/><D55/><U30/><E30/><V7/><F7/><W6/><G6/><T104/><D51/><U117/><E117/><V67/><F67/><W95/><G28/><T116/><D116/><U57/><E57/><V69/><F69/><W0/><G53/><T107/><D17/><U135/><E135/><AGARI ba="0,1" hai="1,4,8,77,79,93,99,100,104,105,107,133,134,135" machi="135" ten="50,1600,0" yaku="20,1" doraHai="18" who="0" fromWho="1" sc="315,26,334,-16,188,0,153,0" />
</Scene>
<Scene>
<INIT seed="6,0,0,0,0,109" ten="341,318,188,153" oya="2" hai0="100,130,106,63,131,1,30,50,125,117,128,26,123" hai1="71,5,103,80,120,108,33,87,68,133,95,10,73" hai2="116,122,12,15,54,132,45,121,11,92,126,22,89" hai3="60,134,57,102,88,82,114,119,51,61,129,112,32"/><V48/><F116/><W31/><G119/><T42/><D123/><U62/><E108/><V93/><F132/><W64/><G134/><T27/><D1/><U78/><E33/><V41/><F126/><W40/><G129/><T113/><D125/><U19/><E133/><V34/><F34/><W70/><G102/><T72/><D117/><U99/><E120/><V81/><F122/><W67/><G31/><T90/><D72/><U59/><E19/><N who="2" m="10599" /><F121/><W55/><G32/><T39/><D39/><U104/><E73/><V35/><F35/><W16/><G16/><T56/><D30/><U86/><E86/><N who="2" m="50383" /><F41/><W29/><G29/><T91/><D106/><U118/><E104/><V79/><F79/><W101/><G101/><T96/><D27/><U85/><E87/><V7/><AGARI ba="0,0" hai="7,11,15,45,48,54,92,93" m="50383,10599" machi="7" ten="30,1500,0" yaku="8,1" doraHai="109" who="2" fromWho="2" sc="341,-5,318,-5,188,15,153,-5" />
</Scene>
<Scene>
<INIT seed="6,1,0,1,5,6" ten="336,313,203,148" oya="2" hai0="133,87,134,32,64,22,4,28,9,73,101,18,125" hai1="19,50,82,135,102,97,55,91,58,40,48,15,70" hai2="112,98,62,74,99,45,93,38,44,77,11,88,46" hai3="105,17,61,25,100,35,65,26,49,3,8,24,37"/><V106/><F112/><W126/><G37/><T0/><D73/><U5/><E70/><V79/><F74/><W42/><G126/><T115/><D101/><U21/><E135/><N who="0" m="51721" /><D64/><U116/><E116/><V132/><F132/><W69/><G42/><T31/><D125/><U129/><E129/><V110/><F38/><W60/><G49/><T51/><D115/><U33/><E33/><V72/><F72/><W68/><G61/><T63/><D63/><U119/><E5/><V1/><F110/><W94/><G69/><T57/><D87/><N who="1" m="50679" /><E119/><V89/><F62/><W78/><G78/><T36/><D36/><U96/><E102/><V13/><F1/><W127/><G127/><T113/><D113/><U111/><E111/><V80/><F106/><W54/><G54/><N who="0" m="31967" /><D32/><U104/><E104/><V76/><F80/><W81/><G81/><T130/><D130/><U122/><E122/><V7/><F98/><N who="3" m="61591" /><G94/><T43/><D43/><U123/><E123/><V71/><F71/><W16/><G3/><T107/><D107/><U12/><E12/><AGARI ba="1,0" hai="0,4,9,12,18,22,28,31" m="31967,51721" machi="12" ten="30,2000,0" yaku="20,1,52,1" doraHai="6" who="0" fromWho="1" sc="336,23,313,-23,203,0,148,0" />
</Scene>
<Scene>
<INIT seed="7,0,0,1,0,15" ten="359,290,203,148" oya="3" hai0="2,80,43,53,41,60,108,65,98,3,122,129,18" hai1="0,135,24,120,73,96,85,29,14,50,12,9,88" hai2="1,127,110,105,100,101,38,6,36,27,71,70,84" hai3="57,109,87,132,91,62,95,20,4,69,125,11,59"/><W34/><G34/><T104/><D122/><U75/><E120/><V42/><F110/><W82/><G109/><T21/><D108/><U48/><E135/><V112/><F84/><W130/><G132/><T44/><D53/><U46/><E96/><V22/><F42/><W111/><G111/><T25/><D43/><U32/><E0/><V94/><F105/><W90/><G125/><T121/><D121/><U124/><E14/><V74/><F6/><W113/><G113/><T64/><D129/><U106/><E106/><V102/><F94/><W128/><G69/><T54/><D54/><U76/><E76/><V78/><F1/><W55/><G57/><T30/><D80/><U123/><E124/><V97/><F97/><W83/><G20/><T115/><D115/><U107/><E107/><V77/><F74/><W28/><G28/><T16/><D3/><U45/><E50/><V19/><F112/><W99/><REACH who="3" step="1"/><G83/><REACH who="3" ten="359,290,203,138" step="2"/><T116/><D30/><U58/><E58/><V114/><F114/><W13/><AGARI ba="0,1" hai="4,11,13,55,59,62,82,87,90,91,95,99,128,130" machi="13" ten="30,6000,0" yaku="1,1,2,1,0,1,53,0" doraHai="15" doraHaiUra="35" who="3" fromWho="3" sc="359,-20,290,-20,203,-20,138,70" />
</Scene>
<Scene>
<INIT seed="7,1,0,2,5,106" ten="339,270,183,208" oya="3" hai0="135,56,50,104,20,78,82,51,73,80,71,24,39" hai1="45,86,129,69,62,117,36,35,103,107,124,28,85" hai2="54,13,38,58,116,6,32,91,120,46,121,113,1" hai3="43,83,33,53,90,87,67,57,15,84,26,108,8"/><W93/><G108/><T133/><D39/><U30/><E30/><V19/><F32/><W110/><G110/><T41/><D71/><U29/><E29/><V111/><F111/><W12/><G67/><T131/><D104/><U75/><E129/><V42/><F116/><W79/><G43/><T48/><D131/><U128/><E128/><V126/><F126/><W122/><G122/><T60/><D82/><U101/><E101/><V27/><F1/><W88/><G33/><T17/><REACH who="0" step="1"/><D41/><REACH who="0" ten="329,270,183,208" step="2"/><U100/><E107/><V2/><F121/><W66/><G66/><AGARI ba="1,1" hai="17,20,24,48,50,51,56,60,66,73,78,80,133,135" machi="66" ten="40,8000,1" yaku="1,1,2,1,52,1,53,1" doraHai="106" doraHaiUra="77" who="0" fromWho="3" sc="329,93,270,0,183,0,208,-83" owari="422,52.0,270,7.0,183,-22.0,125,-37.0" />
</Scene>
</mjloggm>