<mjloggm ver="2.3"><GO type="41"/><UN n0="%E3%81%99%E3%82%82%E3%83%BC%E3%81%8B%E3%81%81" n1="%E5%A4%AA%E3%81%8F%E3%81%AA%E3%81%84%E3%81%8A" n2="%40%E9%BB%92%E5%85%8E" n3="%6A%6F%65%5F%31%39%37%34" dan="14,15,15,15" rate="1905,2018,1998,2030" sx="M,M,M,M"/><TAIKYOKU oya="0"/>

<Scene>
<INIT seed="0,0,0,3,2,41" ten="250,250,250,250" oya="0" hai0="44,6,83,43,17,82,103,67,23,63,18,101,71" hai1="50,113,8,56,120,7,14,99,32,111,85,128,95" hai2="10,107,130,25,90,54,73,74,3,106,80,62,51" hai3="48,91,121,108,110,129,133,104,66,87,93,19,123"/><T2/><BYE who="3" /><D18/><UN n3="%6A%6F%65%5F%31%39%37%34" /><U122/><E32/><V29/><F130/><W109/><G66/><T97/><D103/><U38/><E38/><V134/><F134/><W119/><G119/><T34/><D34/><U47/><E128/><V86/><F62/><W33/><G33/><T28/><D28/><U100/><E111/><V27/><F27/><W81/><G129/><T94/><D6/><U36/><E113/><V61/><F61/><W88/><G48/><T127/><D2/><U30/><E30/><V31/><F29/><W135/><G104/><T40/><D40/><U65/><E36/><V24/><F25/><W70/><G19/><T60/><D60/><U126/><E126/><V22/><F73/><W105/><G105/><T45/><D127/><U57/><E65/><V58/><F74/><W42/><G42/><T69/><D69/><U117/><E117/><V26/><F24/><W102/><G102/><T11/><D11/><U76/><E122/><N who="3" m="46602" /><G70/><T72/><D72/><U21/><E120/><V49/><F49/><W118/><G118/><T124/><D124/><U52/><E21/><V15/><REACH who="2" step="1"/><F3/><REACH who="2" ten="250,250,240,250" step="2"/><W96/><AGARI ba="0,1" hai="81,87,88,91,93,96,108,109,110,133,135" m="46602" machi="96" ten="40,8000,1" yaku="14,1,13,1,34,2,54,1" doraHai="41" who="3" fromWho="3" sc="250,-40,250,-20,240,-20,250,90" />
</Scene>
<Scene>
<INIT seed="1,0,0,4,3,21" ten="210,230,220,340" oya="1" hai0="112,34,131,42,62,13,120,36,14,7,15,69,103" hai1="24,134,28,67,17,58,20,96,81,38,86,77,110" hai2="105,73,88,32,94,45,87,30,114,107,98,74,70" hai3="124,108,118,26,83,115,79,64,40,122,10,129,43"/><U102/><E38/><V16/><F70/><W11/><G122/><T100/><D112/><U121/><E121/><V37/><F114/><W133/><G115/><T44/><D120/><U123/><E123/><V59/><F105/><W117/><G129/><T4/><D131/><U99/><E134/><V126/><F126/><W95/><G124/><T41/><D34/><U47/><E110/><V56/><F56/><W106/><G106/><T93/><D42/><N who="3" m="15913" /><G64/><T89/><D69/><U76/><E47/><V5/><F45/><W0/><G0/><T48/><D36/><U50/><E76/><V130/><F5/><W66/><G66/><T3/><D62/><N who="1" m="38359" /><E50/><V6/><F37/><W57/><G57/><T51/><D51/><U18/><E102/><N who="0" m="38953" /><D3/><U9/><E9/><V23/><F107/><W68/><G68/><T52/><D41/><U55/><E55/><V80/><F130/><W78/><G78/><T46/><D46/><U101/><E99/><AGARI ba="0,0" hai="4,7,13,14,15,44,48,52,89,93,99" m="38953" machi="99" ten="30,2000,0" yaku="8,1,54,1" doraHai="21" who="0" fromWho="1" sc="210,20,230,-20,220,0,340,0" />
</Scene>
<Scene>
<INIT seed="2,0,0,1,5,37" ten="230,210,220,340" oya="2" hai0="91,47,104,58,52,122,75,98,60,65,124,11,134" hai1="97,42,67,107,100,90,132,89,23,21,112,106,133" hai2="53,116,80,105,103,29,25,22,131,24,128,111,113" hai3="82,79,36,26,30,130,135,9,84,121,49,117,34"/><V127/><F116/><W81/><G117/><T10/><D122/><U119/><E119/><V18/><F113/><W28/><G121/><T66/><D75/><U85/><E112/><V7/><F127/><W78/><G130/><T115/><D115/><U102/><E67/><V55/><F7/><W62/><G135/><T76/><D134/><U96/><REACH who="1" step="1"/><E85/><REACH who="1" ten="230,200,220,340" step="2"/><V68/><F128/><W19/><G84/><T73/><D124/><U27/><E27/><V129/><F131/><W50/><G26/><T2/><D66/><U88/><E88/><V93/><F129/><W16/><G36/><T35/><D91/><U114/><E114/><V110/><F25/><W59/><G34/><T15/><D65/><U87/><E87/><V61/><F24/><W69/><G79/><T3/><D35/><U33/><E33/><V41/><F103/><W94/><G78/><T20/><D76/><U14/><E14/><V45/><F29/><W43/><G28/><T38/><D15/><U4/><E4/><V5/><F5/><W46/><G30/><T56/><D38/><U86/><E86/><V118/><F118/><W83/><G69/><T63/><D3/><U72/><E72/><V70/><F68/><W51/><G19/><T8/><D2/><U12/><E12/><V64/><F18/><W101/><G16/><T44/><D73/><U40/><AGARI ba="0,1" hai="21,23,40,42,89,90,96,97,100,102,106,107,132,133" machi="40" ten="25,12000,2" yaku="1,1,0,1,22,2,52,2,53,0" doraHai="37" doraHaiUra="0" who="1" fromWho="1" sc="230,-30,200,130,220,-60,340,-30" />
</Scene>
<Scene>
<INIT seed="3,0,0,5,3,5" ten="200,330,160,310" oya="3" hai0="37,0,13,120,57,22,7,63,101,78,15,43,92" hai1="1,88,29,97,135,11,31,12,110,121,49,79,70" hai2="100,71,82,23,133,18,61,68,44,20,55,96,34" hai3="98,3,58,107,128,54,129,48,39,10,91,45,83"/><W27/><G27/><T123/><D78/><U69/><E121/><V77/><F34/><W25/><G25/><T89/><D101/><U33/><E1/><V93/><F133/><W103/><G39/><T108/><D108/><U104/><E79/><V53/><F23/><W65/><G65/><T62/><D62/><U80/><E110/><V113/><F113/><W24/><G24/><T75/><D75/><U50/><E33/><V115/><F115/><W105/><G105/><T41/><D0/><U116/><E135/><V36/><F53/><W9/><G3/><T76/><D76/><U81/><E116/><V134/><F134/><W16/><G58/><T122/><D15/><U94/><E104/><V64/><F68/><W106/><G106/><T87/><D37/><U51/><E70/><V26/><F55/><W47/><G47/><T132/><D132/><U109/><E69/><V6/><F6/><W14/><G9/><T4/><D4/><N who="1" m="3175" /><E109/><V85/><F44/><W42/><G42/><T90/><D90/><U19/><E19/><V59/><F36/><W21/><G21/><T86/><D86/><AGARI ba="0,0" hai="10,14,16,45,48,54,83,86,91,98,103,107,128,129" machi="86" ten="40,12000,1" yaku="25,2,52,1,54,1" doraHai="5" who="3" fromWho="0" sc="200,-120,330,0,160,0,310,120" />
</Scene>
<Scene>
<INIT seed="3,1,0,5,2,24" ten="80,330,160,430" oya="3" hai0="126,80,100,90,2,74,35,133,113,10,84,111,49" hai1="104,13,134,31,102,19,56,0,28,30,46,86,32" hai2="78,14,127,117,39,9,52,66,131,91,106,128,15" hai3="68,99,50,69,110,92,121,23,29,115,135,62,53"/><W112/><G121/><T47/><D100/><U42/><E0/><V5/><F117/><W59/><G135/><T60/><D113/><U1/><E1/><V44/><F106/><W103/><G110/><T124/><D111/><U64/><E134/><V125/><F66/><W81/><G81/><T58/><D133/><U20/><E32/><V36/><F78/><W130/><G130/><N who="2" m="49705" /><F91/><W70/><REACH who="3" step="1"/><G62/><REACH who="3" ten="80,330,160,420" step="2"/><T116/><D116/><U33/><E33/><V75/><F125/><N who="0" m="48234" /><D35/><U45/><E104/><V98/><F127/><W6/><G6/><N who="0" m="1367" /><D74/><U22/><E42/><V76/><F75/><W25/><AGARI ba="1,1" hai="23,25,29,50,53,59,68,69,70,92,99,103,112,115" machi="25" ten="40,12000,1" yaku="1,1,0,1,52,1,53,1" doraHai="24" doraHaiUra="27" who="3" fromWho="3" sc="80,-41,330,-41,160,-41,420,133" />
</Scene>
<Scene>
<INIT seed="3,2,0,1,4,32" ten="39,289,119,553" oya="3" hai0="1,101,8,107,58,112,111,3,103,70,2,54,71" hai1="131,126,59,43,100,49,87,82,7,66,27,10,41" hai2="28,0,40,51,80,55,60,104,102,98,37,79,31" hai3="18,81,120,52,20,97,123,11,44,72,17,9,14"/><W4/><G97/><T65/><D112/><U46/><E131/><V119/><F119/><W129/><G72/><T16/><D111/><U63/><E126/><V105/><F105/><W77/><G129/><T24/><D65/><U85/><E100/><V117/><F117/><W34/><G81/><T22/><D8/><U5/><E27/><V15/><F15/><W30/><G77/><T93/><D107/><U132/><E132/><V25/><F60/><W113/><G113/><T48/><REACH who="0" step="1"/><D93/><REACH who="0" ten="29,289,119,553" step="2"/><U88/><E10/><V21/><F104/><W76/><G11/><T125/><D125/><U116/><E116/><V75/><F37/><W56/><G123/><T45/><D45/><U121/><E121/><V64/><F64/><W35/><G44/><T57/><D57/><U29/><E46/><V61/><F40/><W13/><G120/><T19/><D19/><U39/><E43/><V114/><F114/><W130/><G130/><T53/><D53/><U118/><E118/><V6/><F55/><W36/><G4/><T115/><D115/><U74/><E39/><V108/><F6/><W73/><G36/><T94/><D94/><U69/><E7/><V128/><F108/><W106/><G106/><T78/><D78/><N who="1" m="44375" /><E5/><V110/><F79/><W89/><G30/><T26/><D26/><U134/><E41/><V96/><F25/><W99/><G76/><T62/><D62/><U133/><E29/><V122/><F31/><W68/><G68/><AGARI ba="2,1" hai="1,2,3,16,22,24,48,54,58,68,70,71,101,103" machi="68" ten="50,8000,1" yaku="1,1,52,3,54,1,53,0" doraHai="32" doraHaiUra="127" who="0" fromWho="3" sc="29,96,289,0,119,0,553,-86" />
</Scene>
<Scene>
<INIT seed="4,0,0,0,0,19" ten="125,289,119,467" oya="0" hai0="63,60,131,66,20,93,44,83,32,72,52,55,7" hai1="78,132,15,27,24,73,9,128,94,103,111,106,95" hai2="85,17,130,8,14,82,80,71,112,68,65,6,64" hai3="115,23,67,120,47,46,105,62,77,86,21,42,74"/><T41/><D32/><U84/><E111/><V69/><F112/><W135/><G105/><T125/><D7/><U37/><E37/><V92/><F130/><W70/><G74/><T134/><D131/><U5/><E128/><V113/><F113/><W121/><G115/><T57/><D125/><U119/><E119/><V76/><F92/><W10/><G10/><T88/><D134/><U109/><E109/><V124/><F124/><W56/><G135/><T39/><D63/><U110/><E110/><V28/><F28/><W102/><G102/><T97/><REACH who="0" step="1"/><D20/><REACH who="0" ten="115,289,119,467" step="2"/><N who="3" m="7753" /><G70/><T45/><D45/><U123/><E5/><V1/><F68/><W3/><G3/><T43/><D43/><U50/><E132/><V33/><F69/><W133/><G133/><T126/><D126/><U90/><E9/><V13/><F71/><W79/><G42/><T16/><D16/><U81/><E27/><V122/><F33/><W89/><G121/><T18/><D18/><U61/><E24/><V59/><F122/><W4/><G4/><T54/><D54/><U107/><E123/><V31/><F17/><W34/><G34/><T40/><D40/><U25/><E25/><V29/><F6/><W48/><G120/><T117/><D117/><U51/><E61/><V35/><F35/><W22/><G22/><T36/><D36/><U30/><E30/><V12/><F29/><W101/><G47/><T114/><D114/><U38/><E38/><V108/><F31/><W0/><G0/><T91/><D91/><U87/><E90/><N who="2" m="51495" /><F108/><W98/><G46/><T26/><D26/><U96/><E15/><RYUUKYOKU ba="0,1" sc="115,30,289,-10,119,-10,467,-10" hai0="39,41,44,52,55,57,60,66,72,83,88,93,97" />
</Scene>
<Scene>
<INIT seed="4,1,1,4,0,0" ten="145,279,109,457" oya="0" hai0="30,129,128,133,56,77,19,132,66,99,49,130,102" hai1="6,126,119,32,9,34,61,10,90,55,11,120,60" hai2="40,121,18,20,95,58,76,109,26,111,118,88,37" hai3="52,72,122,106,79,25,47,7,81,51,33,84,115"/><T98/><D30/><U31/><E120/><V71/><F71/><W116/><G106/><T3/><D3/><U22/><E119/><V80/><F121/><W42/><G122/><T124/><D77/><U39/><E39/><V27/><F118/><W44/><G115/><T113/><D113/><U94/><E126/><V107/><F107/><W45/><G116/><T1/><D1/><U57/><E60/><V110/><F58/><W16/><G72/><T8/><D102/><U15/><E34/><V59/><F59/><W12/><G7/><T82/><D82/><U24/><REACH who="1" step="1"/><E32/><REACH who="1" ten="145,269,109,457" step="2"/><V85/><F37/><W74/><G33/><T67/><D8/><U91/><E91/><V48/><F48/><W68/><G68/><T114/><D114/><U41/><E41/><V112/><F40/><W134/><G42/><T69/><D69/><U93/><E93/><V131/><F112/><W63/><G63/><N who="0" m="38247" /><D67/><U89/><E89/><V14/><REACH who="2" step="1"/><F131/><REACH who="2" ten="145,269,99,457" step="2"/><W29/><G51/><T96/><D49/><U97/><AGARI ba="1,3" hai="6,9,10,11,15,22,24,31,55,57,61,90,94,97" machi="97" ten="20,12000,2" yaku="1,1,0,1,7,1,8,1,52,1,53,1" doraHai="0" doraHaiUra="17" who="1" fromWho="1" sc="145,-61,269,153,99,-31,457,-31" />
</Scene>
<Scene>
<INIT seed="5,0,0,4,1,84" ten="84,422,68,426" oya="1" hai0="101,27,5,46,125,86,104,53,8,6,58,2,83" hai1="61,43,108,15,81,3,57,130,54,33,69,131,133" hai2="70,120,88,32,134,91,41,79,99,36,127,31,59" hai3="68,64,106,39,96,75,122,121,76,42,29,23,118"/><U112/><E3/><V10/><F70/><W111/><G111/><T20/><D125/><U65/><E33/><V80/><F120/><W82/><G23/><T116/><D116/><U103/><E103/><V44/><F127/><W73/><G29/><T67/><D67/><U0/><E0/><V95/><F134/><W7/><G7/><T90/><D6/><U63/><E15/><V13/><F59/><W38/><G75/><T14/><D46/><U35/><E35/><V37/><F31/><W4/><G4/><T105/><D2/><U62/><E81/><V74/><F32/><W100/><G118/><T40/><D40/><U77/><E77/><V9/><F37/><N who="3" m="13835" /><G42/><T25/><D25/><U30/><E30/><V85/><F13/><W18/><G18/><T12/><D12/><U1/><E1/><V94/><AGARI ba="0,0" hai="9,10,36,41,44,74,79,80,85,88,91,94,95,99" machi="94" ten="20,8000,1" yaku="0,1,7,1,52,2,54,1" doraHai="84" who="2" fromWho="2" sc="84,-20,422,-40,68,80,426,-20" />
</Scene>
<Scene>
<INIT seed="6,0,0,1,1,88" ten="64,382,148,406" oya="2" hai0="23,112,1,79,113,30,16,73,10,125,82,129,135" hai1="37,109,71,87,34,14,100,45,94,89,9,5,63" hai2="68,40,27,60,104,25,80,55,99,36,52,51,20" hai3="4,43,114,41,53,22,69,74,35,117,85,102,120"/><V19/><F36/><W108/><G108/><T26/><D125/><U131/><E109/><V18/><F68/><W47/><G22/><T13/><D129/><U90/><E34/><V78/><F60/><W50/><G35/><T107/><D107/><U12/><E131/><V76/><F104/><W96/><G4/><N who="0" m="1295" /><D82/><U92/><E100/><V83/><F20/><W46/><G117/><T61/><D61/><U62/><E71/><V134/><F134/><W24/><G74/><T6/><D79/><U128/><E128/><V0/><F0/><W33/><G69/><T93/><D93/><U31/><E31/><V58/><F40/><W38/><G120/><T72/><D73/><U97/><REACH who="1" step="1"/><E14/><REACH who="1" ten="64,372,148,406" step="2"/><V67/><F27/><W127/><G102/><T86/><D72/><U15/><E15/><V115/><F25/><W84/><G24/><T130/><D86/><U39/><E39/><V132/><F132/><W133/><G85/><T95/><D130/><U21/><E21/><V32/><F32/><W119/><G84/><T124/><D135/><U66/><E66/><V49/><F67/><W98/><G133/><T44/><D124/><U70/><E70/><V123/><F123/><W126/><G127/><T64/><D64/><U29/><E29/><V75/><F99/><W116/><G126/><T65/><D65/><U48/><E48/><V105/><F49/><W121/><G121/><T118/><D118/><U77/><E77/><V54/><F51/><W56/><G119/><T8/><D44/><U106/><E106/><V91/><F105/><W57/><G116/><T101/><D30/><RYUUKYOKU ba="0,1" sc="64,15,372,15,148,-15,406,-15" hai0="6,8,13,16,23,26,95,101,112,113" hai1="5,9,12,37,45,62,63,87,89,90,92,94,97" />
</Scene>
<Scene>
<INIT seed="7,1,1,4,5,127" ten="79,387,133,391" oya="3" hai0="130,123,118,83,116,71,111,12,76,48,45,18,59" hai1="28,91,120,104,4,13,79,68,0,57,10,49,88" hai2="110,26,114,85,75,17,33,32,62,24,63,64,113" hai3="65,80,125,51,66,61,19,35,54,52,16,115,15"/><W84/><G35/><T34/><D34/><U133/><E120/><V44/><F75/><W86/><G125/><T2/><D2/><U106/><E68/><V43/><F110/><W72/><G72/><T128/><D71/><U37/><E37/><V122/><F122/><W82/><G115/><N who="2" m="44041" /><F85/><W3/><G3/><T41/><D123/><U132/><E79/><V60/><F64/><N who="3" m="24683" /><G61/><T22/><D59/><U105/><E28/><V77/><F77/><N who="3" m="46095" /><G15/><T99/><D111/><U112/><E112/><V73/><F73/><W129/><G129/><N who="0" m="49771" /><D99/><U21/><E21/><N who="2" m="13359" /><F26/><W70/><G70/><T117/><D83/><U87/><E0/><V101/><F101/><W94/><G94/><T47/><D47/><U58/><E91/><V53/><F53/><BYE who="2" /><N who="3" m="20587" /><G51/><T96/><D96/><U50/><E50/><V30/><F30/><W102/><G102/><UN n2="%40%E9%BB%92%E5%85%8E" /><T14/><D76/><AGARI ba="1,1" hai="16,19,76,82,86" m="20587,46095,24683" machi="76" ten="30,5800,0" yaku="8,1,54,2" doraHai="127" who="3" fromWho="0" sc="79,-61,387,0,133,0,391,71" owari="18,-48.0,387,19.0,133,-27.0,462,56.0" />
</Scene>
</mjloggm>