<mjloggm ver="2.3"><GO type="169" lobby="0"/><UN n0="%4E%4F%42%55%53%48%49" n1="%E3%83%89%E3%83%A9%E3%81%8F%E3%82%8C" n2="%E3%83%8A%E3%82%AC%E3%83%A4%E3%83%9E" n3="%E5%A4%AA%E3%81%8F%E3%81%AA%E3%81%84%E3%81%8A" dan="16,16,16,18" rate="2125.03,2053.46,2093.46,2228.27" sx="M,M,M,F"/><TAIKYOKU oya="0"/>

<Scene>
<INIT seed="0,0,0,4,5,11" ten="250,250,250,250" oya="0" hai0="8,134,82,129,15,83,28,88,35,118,94,107,18" hai1="80,66,20,44,113,97,122,89,6,37,53,78,29" hai2="67,38,12,130,114,68,7,60,103,5,128,3,69" hai3="126,112,71,13,81,73,75,74,120,49,58,40,19"/><T123/><D118/><U86/><E122/><V16/><F114/><W43/><G112/><T48/><D123/><U21/><E113/><V33/><F38/><W111/><G71/><T31/><D107/><U22/><E66/><V115/><F115/><W79/><G120/><T25/><D134/><U87/><E6/><V104/><F69/><W24/><G111/><T117/><D117/><U84/><E37/><V47/><F47/><W109/><G109/><T57/><D129/><N who="2" m="49770" /><F3/><W98/><G24/><T1/><D1/><U0/><E0/><V119/><F33/><W14/><G126/><T70/><D70/><U85/><E29/><N who="0" m="11337" /><D25/><U4/><E4/><V56/><F119/><W55/><G98/><N who="0" m="57671" /><D35/><U106/><E106/><V131/><F131/><W52/><G55/><AGARI ba="0,0" hai="8,15,18,48,55,57,82,83" m="57671,11337" machi="55" ten="30,5800,0" yaku="8,1,52,1,54,1" doraHai="11" who="0" fromWho="3" sc="250,58,250,0,250,0,250,-58" />
</Scene>
<Scene>
<INIT seed="0,1,0,2,1,132" ten="308,250,250,192" oya="0" hai0="70,98,87,22,55,99,58,40,52,129,48,83,125" hai1="65,21,17,25,114,78,121,82,26,135,109,36,29" hai2="66,95,116,38,28,90,86,57,106,84,41,71,50" hai3="97,62,127,27,47,54,46,20,11,24,35,18,88"/><T111/><D70/><U77/><E135/><V74/><F74/><W94/><G127/><T104/><D129/><U32/><E121/><V6/><F106/><W23/><G35/><T69/><D69/><U130/><E114/><V64/><F116/><W34/><G34/><T12/><D125/><U10/><E130/><V123/><F123/><W100/><G11/><T101/><D111/><U61/><E109/><V3/><F28/><W49/><G62/><T134/><D134/><U67/><E36/><V76/><F6/><W112/><G112/><T7/><D40/><U45/><E45/><N who="2" m="23735" /><F3/><W56/><REACH who="3" step="1"/><G100/><REACH who="3" ten="308,250,250,182" step="2"/><T68/><D101/><U102/><E102/><V53/><F66/><W16/><AGARI ba="1,1" hai="16,18,20,23,24,27,46,47,49,54,56,88,94,97" machi="16" ten="20,16000,3" yaku="1,1,2,1,0,1,7,1,9,1,8,1,54,2,53,0" doraHai="132" doraHaiUra="119" who="3" fromWho="3" sc="308,-81,250,-41,250,-41,182,173" />
</Scene>
<Scene>
<INIT seed="1,0,0,4,0,129" ten="227,209,209,355" oya="1" hai0="44,85,42,82,91,100,95,134,111,117,5,52,40" hai1="63,107,116,14,115,73,50,74,18,60,86,89,101" hai2="108,81,130,3,59,56,121,124,123,37,126,46,7" hai3="135,19,22,10,105,25,132,13,104,65,84,133,53"/><U94/><E116/><V27/><F27/><W24/><G65/><T77/><D117/><U106/><E115/><V64/><F7/><N who="3" m="3295" /><G53/><T109/><D100/><U92/><E74/><V112/><F3/><W39/><G39/><T97/><D5/><U6/><E73/><V33/><F33/><W49/><G49/><N who="0" m="28711" /><D134/><U47/><E6/><V72/><F81/><W26/><G84/><T78/><D109/><U71/><E71/><V110/><F72/><W62/><G62/><T29/><D29/><U118/><E118/><V17/><F17/><W4/><G4/><T76/><D111/><N who="2" m="42538" /><F112/><W55/><G55/><T83/><D97/><N who="1" m="59575" /><E107/><AGARI ba="0,0" hai="19,22,24,25,26,104,105,107,132,133,135" m="3295" machi="107" ten="40,8000,1" yaku="20,1,52,3" doraHai="129" who="3" fromWho="1" sc="227,0,209,-80,209,0,355,80" />
</Scene>
<Scene>
<INIT seed="2,0,0,1,2,37" ten="227,129,209,435" oya="2" hai0="18,69,92,123,26,73,29,62,15,3,39,0,60" hai1="88,79,106,43,11,102,8,48,13,9,32,24,122" hai2="1,27,16,68,109,28,40,110,114,96,113,74,85" hai3="130,50,63,65,131,54,21,112,70,19,128,83,135"/><V23/><F74/><W44/><G135/><T14/><D73/><U57/><E122/><V51/><F68/><W55/><G83/><T80/><D39/><U99/><E79/><V120/><F120/><W108/><G108/><N who="2" m="41577" /><F1/><W132/><G132/><T125/><D123/><U101/><E101/><V95/><F85/><W52/><REACH who="3" step="1"/><G112/><REACH who="3" ten="227,129,209,425" step="2"/><T105/><D80/><U94/><E106/><V81/><F81/><W119/><G119/><T30/><D105/><U76/><E94/><V104/><F104/><W91/><G91/><T126/><D92/><U87/><E88/><N who="2" m="55399" /><F28/><W115/><G115/><T116/><D116/><U67/><E76/><V90/><F90/><W46/><G46/><AGARI ba="0,1" hai="16,23,27,40,46,51,113,114" m="55399,41577" machi="46" ten="30,12000,1" yaku="14,1,10,1,52,1,54,2" doraHai="37" who="2" fromWho="3" sc="227,0,129,0,209,130,425,-120" />
</Scene>
<Scene>
<INIT seed="2,1,0,4,2,84" ten="227,129,339,305" oya="2" hai0="132,46,2,80,41,39,47,22,93,60,69,30,61" hai1="12,117,131,87,68,118,109,53,17,134,4,88,106" hai2="9,34,20,81,86,70,45,89,40,75,103,23,126" hai3="25,119,128,72,121,58,44,33,71,99,76,35,96"/><V56/><F70/><W38/><G121/><T62/><D2/><U7/><E134/><V124/><F34/><W1/><G71/><T3/><D132/><U92/><E131/><V112/><F112/><W102/><G119/><T32/><D3/><U18/><E106/><V14/><F75/><W97/><G128/><T125/><D32/><U54/><E109/><V110/><F103/><W85/><G1/><T105/><D105/><U133/><E68/><V65/><F110/><W24/><G72/><T127/><D69/><U104/><E104/><V123/><F123/><W73/><G73/><T135/><D135/><U83/><E133/><V78/><F78/><W6/><G102/><T130/><D80/><U42/><E42/><V122/><F122/><W114/><G6/><N who="1" m="2090" /><E118/><V13/><F65/><W108/><G108/><T51/><D130/><U16/><E117/><V100/><F100/><W43/><G35/><T77/><D77/><N who="1" m="46575" /><E12/><N who="2" m="4715" /><F9/><W63/><G114/><T11/><D11/><U59/><E59/><V31/><F56/><W115/><G115/><T28/><D39/><U82/><E82/><V5/><F5/><W120/><G120/><T129/><D129/><U111/><E111/><V90/><F31/><W48/><G38/><T15/><D30/><U8/><E8/><V37/><F20/><W95/><G33/><T10/><D28/><U52/><E54/><V55/><F55/><N who="3" m="34271" /><G76/><T49/><D10/><U107/><E107/><V113/><F113/><W79/><G79/><T101/><D22/><U74/><E74/><V27/><F37/><W19/><G19/><T0/><D0/><RYUUKYOKU ba="1,0" sc="227,-15,129,15,339,-15,305,15" hai1="16,17,18,52,53,88,92" hai3="24,25,43,44,48,85,95,96,97,99" />
</Scene>
<Scene>
<INIT seed="3,2,0,0,5,70" ten="212,144,324,320" oya="3" hai0="67,98,121,126,11,52,0,55,106,128,26,109,85" hai1="69,115,60,87,51,7,21,72,31,78,38,28,73" hai2="74,93,37,107,41,135,47,59,22,116,17,127,49" hai3="64,100,14,122,18,110,12,46,40,133,23,24,4"/><W9/><G122/><T30/><D121/><U39/><E115/><V56/><F107/><W123/><G123/><T10/><D126/><U83/><E7/><V50/><F116/><W63/><G133/><T81/><D128/><U61/><E51/><V99/><F74/><W2/><G100/><T54/><D109/><U20/><E69/><V86/><F127/><W35/><G110/><T125/><D67/><U84/><E83/><V96/><F135/><W91/><G91/><T53/><D125/><U36/><E36/><V57/><F86/><W117/><G35/><T77/><D0/><U45/><E45/><V29/><F29/><W103/><G103/><T94/><D106/><U124/><E124/><V43/><F43/><W16/><G18/><T80/><D80/><U88/><E88/><V82/><F82/><W68/><REACH who="3" step="1"/><G117/><REACH who="3" ten="212,144,324,310" step="2"/><T5/><D5/><U27/><REACH who="1" step="1"/><E27/><REACH who="1" ten="212,134,324,310" step="2"/><N who="2" m="14799" /><F99/><W65/><G65/><T1/><D98/><U130/><E130/><V34/><F96/><W79/><G79/><AGARI ba="2,2" hai="20,21,28,31,38,39,60,61,72,73,78,79,84,87" machi="79" ten="25,8000,1" yaku="1,1,22,2,52,2,53,0" doraHai="70" doraHaiUra="132" who="1" fromWho="3" sc="212,0,134,106,324,0,310,-86" />
</Scene>
<Scene>
<INIT seed="4,0,0,5,5,29" ten="212,240,324,224" oya="0" hai0="43,32,133,55,33,82,86,60,99,21,104,10,48" hai1="91,26,46,131,97,105,14,90,0,23,53,40,37" hai2="3,6,114,95,93,72,70,134,19,109,115,129,30" hai3="41,69,126,94,39,83,121,66,76,116,7,52,80"/><T81/><D133/><U38/><E0/><V78/><F109/><W85/><G116/><T102/><D81/><U123/><E123/><V122/><F122/><W120/><G126/><T92/><D104/><U17/><E131/><V18/><F134/><W68/><G7/><T110/><D110/><U128/><E128/><V34/><F129/><W62/><G69/><T74/><D74/><U63/><E38/><V135/><F135/><W64/><G64/><T87/><D87/><U111/><E111/><V61/><F78/><W9/><G94/><N who="2" m="35849" /><F72/><W45/><G9/><T11/><D43/><U27/><E105/><V24/><F3/><W96/><G96/><T49/><D60/><U1/><E1/><V56/><F6/><W79/><REACH who="3" step="1"/><G52/><REACH who="3" ten="212,240,324,214" step="2"/><T73/><D11/><U36/><E97/><V88/><F70/><W47/><G47/><T20/><D10/><U4/><E53/><V127/><F127/><W16/><G16/><T44/><D73/><AGARI ba="0,1" hai="39,41,45,62,66,68,73,76,79,80,83,85,120,121" machi="73" ten="40,1300,0" yaku="1,1,53,0" doraHai="29" doraHaiUra="28" who="3" fromWho="0" sc="212,-13,240,0,324,0,214,23" />
</Scene>
<Scene>
<INIT seed="5,0,0,0,3,67" ten="199,240,324,237" oya="1" hai0="48,72,80,79,113,131,101,46,68,8,45,58,102" hai1="37,109,51,52,90,69,64,99,107,83,34,77,134" hai2="103,59,122,97,119,96,94,19,27,65,35,92,66" hai3="93,42,55,5,84,81,28,124,49,17,16,57,89"/><U3/><E37/><V61/><F119/><W74/><G124/><T2/><D131/><U11/><E134/><V95/><F122/><W36/><G28/><T116/><D116/><U129/><E129/><V22/><F35/><W1/><G1/><T60/><D113/><U106/><E34/><V40/><F40/><W33/><G33/><T25/><D68/><U14/><E3/><V127/><F127/><W15/><G36/><T135/><D135/><U4/><E109/><V88/><F94/><W43/><G5/><T47/><D25/><U91/><E99/><V53/><AGARI ba="0,0" hai="19,22,27,53,59,61,65,66,88,92,95,96,97,103" machi="53" ten="20,12000,2" yaku="0,1,7,1,25,2,8,1,54,1" doraHai="67" who="2" fromWho="2" sc="199,-30,240,-60,324,120,237,-30" />
</Scene>
<Scene>
<INIT seed="6,0,0,1,4,110" ten="169,180,444,207" oya="2" hai0="130,89,7,8,81,24,45,67,20,30,105,133,119" hai1="64,128,28,126,82,96,53,131,73,84,77,104,132" hai2="120,33,32,79,40,86,15,54,95,102,25,47,123" hai3="62,14,88,11,43,3,18,76,101,78,106,31,58"/><V68/><F68/><W108/><G108/><T112/><D105/><U72/><E28/><V122/><F54/><W85/><G3/><T113/><D119/><U34/><E64/><V13/><F102/><W39/><G31/><T127/><D133/><U52/><E34/><V21/><F33/><W91/><G39/><T74/><D130/><N who="1" m="49707" /><E132/><V124/><F32/><W51/><G101/><T65/><D127/><U99/><E126/><V29/><F124/><W49/><G106/><T118/><D118/><U135/><E135/><V70/><F70/><W94/><G91/><T60/><D45/><U2/><E2/><V107/><F107/><W36/><G36/><T23/><D23/><U6/><E6/><V26/><F26/><W1/><G1/><N who="0" m="111" /><D60/><U83/><E104/><V35/><F35/><W129/><G129/><T61/><D61/><U19/><E19/><V4/><F4/><W93/><G93/><T5/><D5/><U103/><E103/><V48/><REACH who="2" step="1"/><F95/><REACH who="2" ten="169,180,434,207" step="2"/><W66/><G43/><T10/><D67/><U98/><E53/><V109/><F109/><W92/><G94/><T71/><D65/><U37/><E52/><V55/><F55/><W56/><G56/><T9/><D71/><U50/><E83/><AGARI ba="0,1" hai="13,15,21,25,29,40,47,48,79,83,86,120,122,123" machi="83" ten="40,3900,0" yaku="1,1,53,1" doraHai="110" doraHaiUra="17" who="2" fromWho="1" sc="169,0,180,-39,434,49,207,0" />
</Scene>
<Scene>
<INIT seed="6,1,0,4,4,77" ten="169,141,483,207" oya="2" hai0="82,7,71,79,72,58,36,118,35,65,115,43,99" hai1="92,94,39,96,68,16,101,18,26,121,10,62,70" hai2="93,86,103,30,87,81,73,128,123,50,90,57,49" hai3="114,59,110,97,27,109,32,131,100,56,47,106,88"/><V37/><F37/><W116/><G116/><T19/><D118/><U21/><E121/><V54/><F123/><W29/><G131/><T126/><D35/><U124/><E124/><V107/><F128/><W12/><G114/><T28/><D126/><U0/><E39/><V20/><F107/><W1/><G1/><T111/><D28/><U61/><E94/><V119/><F73/><W108/><G47/><T38/><D111/><U34/><E34/><V112/><F119/><W83/><REACH who="3" step="1"/><G12/><REACH who="3" ten="169,141,483,197" step="2"/><T55/><D115/><U13/><REACH who="1" step="1"/><E0/><REACH who="1" ten="169,131,483,197" step="2"/><V67/><F112/><W117/><G117/><T85/><D38/><U6/><E6/><V129/><F129/><W133/><G133/><T33/><D7/><U45/><E45/><V53/><F93/><W23/><G23/><T25/><D36/><U102/><E102/><V105/><F103/><W24/><G24/><T44/><D25/><U74/><E74/><V14/><F20/><W9/><G9/><T91/><D44/><U125/><E125/><V51/><F105/><W134/><G134/><T22/><D22/><U42/><E42/><V98/><F14/><W46/><G46/><T113/><D43/><U3/><E3/><V15/><F15/><W104/><G104/><T95/><D72/><U41/><E41/><V84/><F30/><W66/><G66/><T78/><D113/><U11/><E11/><V89/><F67/><W75/><G75/><T17/><D33/><U127/><E127/><V40/><F40/><W132/><G132/><T135/><D135/><U69/><AGARI ba="1,2" hai="10,13,16,18,21,26,61,62,68,69,70,92,96,101" machi="69" ten="30,4000,0" yaku="1,1,0,1,54,1,53,0" doraHai="77" doraHaiUra="120" who="1" fromWho="1" sc="169,-11,131,63,483,-21,197,-11" />
</Scene>
<Scene>
<INIT seed="7,0,0,4,0,49" ten="158,194,462,186" oya="3" hai0="17,51,122,19,1,64,7,119,14,74,129,2,81" hai1="89,15,69,121,56,24,80,135,105,66,113,75,101" hai2="20,130,100,0,134,16,41,33,10,65,117,3,72" hai3="21,127,35,50,114,62,60,59,104,36,48,6,31"/><W54/><G36/><T112/><D122/><U102/><E121/><V11/><F117/><W27/><G104/><T77/><D119/><U133/><E113/><V29/><F72/><W85/><G114/><T78/><D112/><U115/><E115/><V132/><F100/><W32/><G127/><T126/><D126/><U40/><E69/><V68/><F41/><W116/><G116/><T94/><D129/><U26/><E40/><V106/><F106/><W107/><G107/><T125/><D125/><U91/><E15/><N who="2" m="9247" /><F130/><W86/><G6/><T73/><D94/><U45/><E105/><V67/><F67/><W12/><G35/><T76/><D64/><U53/><E66/><V52/><F52/><N who="3" m="32151" /><G12/><T28/><D28/><U109/><E75/><V55/><F55/><W39/><G32/><T57/><D14/><U84/><E45/><V4/><F65/><W43/><G43/><T8/><D2/><U63/><E109/><V58/><F68/><W47/><G39/><T123/><D123/><U110/><E110/><V44/><F0/><W111/><G111/><T82/><D78/><U61/><E102/><V131/><F4/><W93/><G93/><T92/><D92/><U5/><E101/><V87/><F33/><W124/><G124/><T118/><D118/><U42/><E5/><V103/><F3/><W25/><G25/><T120/><D120/><U13/><E42/><V23/><F131/><W97/><G97/><T96/><D96/><U38/><E13/><V70/><F70/><W99/><G99/><T71/><D71/><U98/><E98/><V108/><F108/><RYUUKYOKU ba="0,0" sc="158,15,194,-15,462,-15,186,15" hai0="1,7,8,17,19,51,57,73,74,76,77,81,82" hai3="21,27,31,47,48,54,60,62,85,86" />
</Scene>
<Scene>
<INIT seed="7,1,0,5,2,11" ten="173,179,447,201" oya="3" hai0="40,91,99,128,43,101,29,72,120,71,122,6,50" hai1="129,64,107,8,30,20,111,65,28,126,46,16,42" hai2="49,67,113,83,12,108,76,81,10,135,32,21,69" hai3="95,119,80,93,85,90,24,53,92,15,54,48,98"/><W109/><G119/><T123/><D71/><U127/><E111/><V39/><F108/><W25/><G109/><T116/><D116/><U61/><E107/><V45/><F32/><W96/><G15/><T62/><D72/><U102/><E8/><V4/><F39/><W133/><G133/><T103/><D128/><U117/><E102/><V106/><F135/><W22/><G25/><T58/><D29/><N who="1" m="11371" /><E117/><V118/><F118/><W125/><G125/><N who="1" m="47626" /><E61/><V3/><F106/><W87/><G87/><T110/><D110/><U66/><E129/><V121/><F121/><W41/><G41/><T17/><D6/><U47/><E42/><V115/><F67/><N who="1" m="17153" /><U36/><DORA hai="7" /><E36/><V31/><F69/><W74/><G74/><T70/><D70/><U132/><E132/><V78/><F78/><W34/><G34/><T84/><D17/><U89/><E89/><V0/><F83/><W134/><G134/><T23/><D23/><U37/><E37/><V2/><F21/><W35/><G35/><T88/><D62/><U27/><AGARI ba="1,0" hai="16,20,27,46,47" m="17153,47626,11371" machi="27" ten="40,2700,0" yaku="18,1,54,1" doraHai="11,7" who="1" fromWho="1" sc="173,-8,179,30,447,-8,201,-14" owari="165,-33.0,209,1.0,439,53.0,187,-21.0" />
</Scene>
</mjloggm>