<mjloggm ver="2.3"><GO type="169"/><UN n0="%E9%BA%BB%E9%9B%80%E6%88%A6%E5%A3%AB%E2%98%86%E3%81%AA%E3%81%AE%E3%81%AF" n1="%E5%A4%AA%E3%81%8F%E3%81%AA%E3%81%84%E3%81%8A" n2="%74%61%72%6F%6F" n3="%E3%82%AA%E3%82%BA%E3%82%B0%E3%83%AB%E3%83%BC%E3%83%97" dan="16,18,17,16" rate="2125,2159,2171,2082" sx="F,M,M,M"/><TAIKYOKU oya="0"/>

<Scene>
<INIT seed="0,0,0,2,2,125" ten="250,250,250,250" oya="0" hai0="24,5,91,28,3,48,79,117,11,80,111,54,83" hai1="86,64,121,1,129,47,73,42,12,49,44,124,15" hai2="85,113,89,20,37,32,31,25,7,99,74,40,72" hai3="95,119,53,41,102,100,88,76,104,105,110,22,71"/><T122/><D122/><U59/><E73/><V126/><F113/><W82/><G71/><T68/><D117/><U0/><E121/><V18/><F126/><W75/><G22/><T51/><D68/><U35/><E35/><V77/><F7/><W8/><G53/><T6/><D111/><U36/><E124/><V70/><F70/><W26/><G41/><T90/><D6/><U63/><E86/><V134/><F134/><W29/><G8/><T78/><D78/><U132/><E132/><V14/><F37/><W27/><G29/><T97/><D97/><U108/><E108/><V60/><F40/><W65/><G65/><T43/><D43/><U81/><E81/><V52/><F77/><W127/><G26/><T58/><D51/><U9/><E15/><V98/><F72/><W115/><G27/><T101/><D101/><N who="3" m="39017" /><G127/><T66/><D66/><U57/><E57/><N who="2" m="34855" /><F74/><W67/><G67/><T133/><D133/><U38/><E38/><V30/><F32/><W131/><G119/><T96/><D96/><N who="2" m="36906" /><F25/><W106/><G115/><T94/><D79/><U93/><E0/><V109/><F109/><W4/><G4/><T39/><D5/><N who="1" m="3119" /><E1/><V120/><F120/><W92/><G110/><T116/><D3/><U21/><E36/><V123/><F123/><W13/><G13/><T17/><D39/><U114/><E114/><V16/><F18/><W112/><G112/><T84/><D116/><U33/><E42/><V46/><F46/><W56/><G56/><T2/><D2/><U135/><E44/><V69/><F69/><W45/><G45/><T107/><D58/><RYUUKYOKU ba="0,0" sc="250,-10,250,-10,250,30,250,-10" hai2="14,16,20,30,31,85,89" />
</Scene>
<Scene>
<INIT seed="1,1,0,2,2,101" ten="240,240,280,240" oya="1" hai0="24,127,95,135,7,45,73,51,29,103,58,1,81" hai1="121,46,40,15,124,61,133,68,2,90,36,92,55" hai2="132,10,119,74,107,67,54,64,28,32,6,60,99" hai3="27,35,78,34,126,33,106,11,87,123,86,42,125"/><U113/><E121/><V20/><F74/><W118/><G123/><T93/><D135/><U89/><E2/><V115/><F119/><W66/><G118/><T50/><D127/><N who="3" m="48649" /><G42/><T96/><D7/><U65/><E124/><V98/><F32/><W56/><G78/><T5/><D5/><U75/><E113/><V120/><F120/><W38/><G11/><T9/><D9/><U37/><E75/><V23/><F115/><W112/><G27/><T48/><D1/><U69/><E133/><V63/><F132/><W88/><G38/><T53/><D73/><U14/><E37/><V114/><F114/><W72/><G72/><T3/><D3/><U17/><E69/><V49/><F28/><W57/><G112/><T30/><D81/><U77/><E77/><V19/><F19/><W43/><G43/><T83/><D83/><U122/><E122/><V109/><F6/><W131/><G131/><T39/><D39/><U102/><E55/><V13/><F10/><W47/><G47/><T59/><D95/><U80/><E80/><V91/><F54/><W128/><G66/><T18/><D18/><U85/><E102/><V0/><F0/><W12/><G12/><T76/><D76/><U84/><E17/><V26/><F64/><W41/><G41/><T116/><D116/><U4/><E4/><V105/><F67/><W62/><G128/><T21/><D30/><U22/><E22/><V104/><F23/><W110/><G33/><T16/><D29/><U129/><E129/><V108/><F20/><W31/><G34/><T94/><D94/><N who="1" m="54567" /><E15/><V79/><F13/><RYUUKYOKU ba="1,0" sc="240,15,240,15,280,-15,240,-15" hai0="16,21,24,45,48,50,51,53,58,59,93,96,103" hai1="14,36,40,46,61,65,68,85,90,92" />
</Scene>
<Scene>
<INIT seed="1,2,0,4,3,41" ten="255,255,265,225" oya="1" hai0="100,7,27,120,43,45,124,67,125,133,19,56,44" hai1="99,122,102,29,31,70,77,79,135,55,130,57,78" hai2="4,68,96,16,80,54,37,33,34,71,47,72,65" hai3="5,61,117,83,51,39,12,110,6,49,3,66,20"/><U128/><E122/><V111/><F111/><W1/><G39/><T97/><D120/><U113/><E70/><V2/><F96/><W23/><G117/><T35/><D7/><U87/><E113/><V115/><F115/><W62/><G110/><T24/><D133/><U132/><E87/><V26/><F54/><W17/><G83/><T116/><D116/><U91/><E91/><V112/><F112/><W88/><G66/><T14/><D67/><U84/><E84/><V134/><F134/><N who="1" m="51241" /><E29/><V9/><F16/><W60/><G60/><T52/><D35/><N who="2" m="13322" /><F26/><N who="0" m="9770" /><D43/><U109/><E31/><V69/><F65/><W98/><G17/><T93/><D125/><U74/><E109/><V90/><F90/><W50/><G50/><N who="0" m="30743" /><D124/><U10/><E74/><V103/><F103/><W42/><G12/><T30/><D30/><U36/><E36/><V0/><F0/><W64/><G64/><T53/><D53/><U127/><E127/><V32/><F32/><W8/><G1/><T131/><D131/><N who="1" m="50219" /><E10/><AGARI ba="2,0" hai="10,14,19,44,45,93,97,100" m="30743,9770" machi="10" ten="30,7700,0" yaku="8,1,52,2,54,1" doraHai="41" who="0" fromWho="1" sc="255,83,255,-83,265,0,225,0" />
</Scene>
<Scene>
<INIT seed="2,0,0,2,2,111" ten="338,172,265,225" oya="2" hai0="121,3,122,100,113,59,19,18,76,58,71,16,118" hai1="84,50,131,25,75,35,66,34,127,120,1,4,74" hai2="106,123,119,77,12,102,70,13,8,96,33,132,104" hai3="85,128,17,40,15,108,115,46,30,69,72,53,133"/><V20/><F123/><W91/><G72/><T6/><D118/><U42/><E66/><V112/><F119/><W65/><G128/><T95/><D71/><U31/><E34/><V93/><F33/><W23/><G133/><T88/><D76/><U98/><E131/><V125/><F70/><W82/><G108/><T117/><D100/><U47/><E120/><V61/><F132/><W80/><G30/><T28/><D117/><U135/><E135/><V90/><F125/><W97/><G69/><T43/><D113/><U63/><E127/><V99/><F77/><W21/><G65/><T24/><D43/><U7/><E63/><V62/><F112/><W130/><G115/><T51/><D51/><U29/><E29/><V54/><F104/><W32/><G32/><T92/><D92/><U57/><E57/><V38/><F38/><W67/><G40/><T94/><D94/><U64/><E64/><V126/><F126/><W52/><G67/><T60/><D60/><U11/><E7/><V56/><F20/><W37/><G23/><N who="0" m="15391" /><D122/><U105/><E84/><V2/><REACH who="2" step="1"/><F61/><REACH who="2" ten="338,172,255,225" step="2"/><W103/><G37/><T55/><D121/><U83/><E105/><V14/><F14/><W79/><G130/><T109/><D109/><U26/><E35/><V22/><F22/><W81/><G79/><T27/><D27/><U101/><E26/><V134/><F134/><W9/><G21/><T73/><D3/><U10/><E25/><V39/><F39/><W114/><G114/><T68/><D68/><U49/><E1/><V116/><F116/><W124/><G124/><T110/><D110/><RYUUKYOKU ba="0,1" sc="338,-10,172,-10,255,30,225,-10" hai2="2,8,12,13,54,56,62,90,93,96,99,102,106" />
</Scene>
<Scene>
<INIT seed="2,1,1,2,2,35" ten="328,162,285,215" oya="2" hai0="64,124,47,26,97,14,95,106,96,49,23,29,112" hai1="66,42,31,94,54,100,67,13,129,88,84,92,50" hai2="82,109,51,19,24,41,122,3,30,131,125,57,28" hai3="20,70,121,120,89,123,74,2,78,80,43,48,0"/><V33/><F122/><W75/><G70/><T133/><D124/><U45/><E129/><V132/><F125/><W72/><G89/><T111/><D133/><U99/><E31/><V127/><F127/><W77/><G20/><T52/><D111/><U134/><E134/><V7/><F132/><W98/><G98/><T87/><D112/><U61/><REACH who="1" step="1"/><E13/><REACH who="1" ten="328,152,285,215" step="2"/><V90/><F131/><W101/><G101/><T46/><D106/><U27/><E27/><V21/><F109/><W119/><G119/><T126/><D126/><U6/><E6/><V116/><F116/><W104/><G104/><T86/><D64/><U115/><E115/><V62/><F28/><W39/><G48/><N who="0" m="28695" /><D14/><U130/><E130/><V55/><F30/><W37/><G43/><N who="0" m="24831" /><D97/><U18/><E18/><V4/><F19/><W44/><G44/><T38/><D38/><N who="3" m="14345" /><G80/><T65/><D65/><U5/><E5/><V81/><F7/><W9/><G9/><T91/><AGARI ba="1,2" hai="23,26,29,86,87,91,95,96" m="24831,28695" machi="91" ten="30,2000,0" yaku="8,1,54,1" doraHai="35" who="0" fromWho="0" sc="328,43,152,-6,285,-11,215,-6" />
</Scene>
<Scene>
<INIT seed="3,0,0,2,5,45" ten="371,146,274,209" oya="3" hai0="95,30,18,46,42,108,80,58,49,113,76,73,132" hai1="77,28,84,72,24,20,8,59,99,17,105,1,88" hai2="117,48,122,43,61,53,130,115,50,90,98,19,92" hai3="10,70,54,78,41,127,123,102,62,40,9,7,65"/><W129/><G123/><T11/><D132/><U36/><E36/><V15/><F117/><W26/><G127/><T27/><D113/><U21/><E72/><V64/><F122/><W135/><G129/><T23/><D108/><U89/><E77/><V52/><F115/><W38/><G135/><T12/><D58/><U131/><E131/><V118/><F118/><W66/><G102/><T57/><D57/><U51/><E105/><V103/><F130/><W69/><G78/><T106/><D95/><N who="1" m="56807" /><E1/><V101/><F43/><W119/><G26/><T29/><REACH who="0" step="1"/><D106/><REACH who="0" ten="361,146,274,209" step="2"/><U94/><E8/><N who="2" m="6631" /><F64/><W114/><G119/><T124/><D124/><U81/><E94/><V3/><F3/><W110/><G114/><T56/><D56/><U82/><E82/><V93/><F61/><W111/><G10/><T33/><D33/><U79/><E79/><V34/><F34/><W14/><G38/><T128/><D128/><U116/><E116/><V107/><F107/><W55/><G70/><T112/><D112/><U75/><E75/><V4/><F103/><W83/><G83/><T133/><D133/><U68/><E68/><V67/><F67/><W74/><G74/><T63/><D63/><U0/><E59/><V16/><F93/><W134/><G65/><T87/><D87/><U126/><E126/><V47/><F101/><W71/><G71/><T121/><D121/><U32/><E32/><V5/><F92/><W22/><G134/><T86/><D86/><U96/><E84/><V104/><F104/><W13/><G111/><T6/><AGARI ba="0,1" hai="6,11,12,18,23,27,29,30,42,46,49,73,76,80" machi="6" ten="20,5200,0" yaku="1,1,0,1,7,1,52,1,53,0" doraHai="45" doraHaiUra="100" who="0" fromWho="0" sc="361,62,146,-13,274,-13,209,-26" />
</Scene>
<Scene>
<INIT seed="4,0,0,5,5,27" ten="423,133,261,183" oya="0" hai0="3,91,73,56,115,117,35,64,23,15,11,65,93" hai1="46,22,58,76,67,84,113,21,50,69,14,90,97" hai2="101,71,57,7,83,109,102,52,40,105,9,13,88" hai3="134,70,32,18,89,132,33,92,10,44,94,107,82"/><T98/><D117/><U72/><E69/><V6/><F71/><W47/><G70/><T25/><D35/><U79/><E113/><V133/><F109/><W123/><G107/><T2/><D73/><U24/><E97/><V8/><F133/><W126/><G82/><T112/><D115/><U49/><E72/><V125/><F125/><W121/><G10/><T122/><D122/><N who="3" m="46601" /><G18/><T16/><D112/><U34/><E34/><N who="3" m="13418" /><G89/><T116/><D116/><U48/><E46/><N who="3" m="17450" /><G126/><T31/><REACH who="0" step="1"/><D56/><REACH who="0" ten="413,133,261,183" step="2"/><U81/><E58/><V78/><F57/><W53/><G53/><T103/><D103/><U59/><E59/><V104/><F52/><W77/><G77/><T66/><AGARI ba="0,1" hai="2,3,11,15,16,23,25,31,64,65,66,91,93,98" machi="66" ten="30,11700,0" yaku="1,1,0,1,52,1,54,1,53,0" doraHai="27" doraHaiUra="128" who="0" fromWho="0" sc="413,127,133,-39,261,-39,183,-39" />
</Scene>
<Scene>
<INIT seed="4,1,0,3,3,13" ten="540,94,222,144" oya="0" hai0="112,44,66,21,3,122,76,111,55,130,53,132,86" hai1="10,9,75,40,15,72,70,114,64,89,46,77,124" hai2="63,101,0,126,105,125,59,19,109,95,98,61,84" hai3="47,128,67,60,131,102,79,32,120,87,49,33,82"/><T23/><D122/><U80/><E124/><N who="2" m="47723" /><F0/><W45/><G102/><T83/><D111/><U81/><E114/><V118/><F109/><W65/><G120/><T34/><D112/><U56/><E70/><V51/><F118/><W123/><G123/><T16/><D34/><U116/><E116/><V31/><F31/><W25/><G25/><T1/><D132/><U91/><E64/><V14/><F51/><W5/><G5/><T52/><D130/><N who="3" m="49705" /><G47/><T129/><D129/><U22/><E56/><V29/><F29/><W27/><G27/><T43/><D66/><N who="3" m="25097" /><G60/><T133/><D23/><U100/><E22/><N who="2" m="11639" /><F59/><W115/><G115/><T73/><D73/><U41/><E100/><V48/><F48/><W108/><G108/><T107/><D107/><U119/><E119/><V17/><F17/><W92/><G92/><T94/><D94/><U68/><E68/><V36/><F36/><W57/><G57/><T37/><REACH who="0" step="1"/><D133/><REACH who="0" ten="530,94,222,144" step="2"/><U8/><E75/><V38/><F105/><W50/><G32/><T6/><D6/><U4/><E4/><V106/><F106/><W30/><G33/><T20/><D20/><U103/><E72/><V62/><F95/><W69/><G69/><T85/><D85/><U7/><E7/><V24/><F84/><W90/><G87/><T97/><D97/><U135/><E135/><V39/><F24/><AGARI ba="1,1" hai="1,3,16,21,24,37,43,44,52,53,55,76,83,86" machi="24" ten="40,12000,1" yaku="1,1,52,1,54,2,53,1" doraHai="13" doraHaiUra="18" who="0" fromWho="2" sc="530,133,94,0,222,-123,144,0" />
</Scene>
<Scene>
<INIT seed="4,2,0,5,5,131" ten="663,94,99,144" oya="0" hai0="38,121,21,55,61,70,122,115,127,26,77,87,99" hai1="12,13,48,59,27,23,11,132,36,20,74,116,24" hai2="128,114,34,124,60,53,82,49,100,46,30,125,120" hai3="1,130,93,57,83,85,42,106,117,19,71,54,86"/><T29/><D115/><U112/><E116/><V89/><F114/><W15/><G106/><T133/><D127/><N who="2" m="48714" /><F120/><W91/><G71/><T95/><D38/><U9/><E36/><V78/><F128/><W0/><G130/><T4/><D4/><N who="1" m="3111" /><E74/><N who="2" m="43351" /><F100/><W118/><G42/><T44/><D133/><U76/><E76/><V45/><F89/><W79/><G118/><T94/><D70/><U33/><E48/><V41/><F60/><W56/><G56/><T25/><D25/><N who="1" m="9803" /><E59/><V40/><F30/><W126/><G126/><T80/><D95/><U52/><E52/><N who="2" m="29743" /><F34/><W63/><G117/><T72/><D72/><U135/><E33/><V103/><F103/><W69/><G69/><T50/><REACH who="0" step="1"/><D61/><REACH who="0" ten="653,94,99,144" step="2"/><U111/><E112/><V88/><F40/><W31/><G31/><T81/><D81/><U108/><E108/><V22/><F41/><W75/><G75/><T16/><D16/><N who="1" m="8255" /><E111/><V67/><F67/><W84/><G63/><T110/><D110/><U58/><E58/><V14/><F53/><W102/><G57/><T6/><D6/><U104/><E104/><V65/><F65/><W129/><G54/><T51/><D51/><U119/><E119/><V8/><F46/><W10/><G129/><T43/><D43/><U73/><E73/><V97/><F97/><W109/><G109/><T7/><D7/><U90/><E90/><AGARI ba="2,1" hai="21,26,29,44,50,55,77,80,87,90,94,99,121,122" machi="90" ten="30,2900,0" yaku="1,1,7,1,53,0" doraHai="131" doraHaiUra="101" who="0" fromWho="1" sc="653,45,94,-35,99,0,144,0" />
</Scene>
<Scene>
<INIT seed="4,3,0,1,3,9" ten="698,59,99,144" oya="0" hai0="78,127,27,68,17,129,92,4,1,32,7,126,86" hai1="54,99,61,22,26,34,91,76,51,15,2,31,21" hai2="109,121,97,116,29,90,64,66,79,89,75,40,14" hai3="81,59,111,118,58,42,19,67,71,84,113,10,124"/><T33/><D68/><U45/><E2/><V93/><F121/><W95/><G118/><T74/><D74/><U83/><E61/><V120/><F120/><W65/><G111/><T36/><D36/><U125/><E125/><N who="0" m="47625" /><D129/><U23/><E99/><V16/><F109/><W37/><G124/><T5/><D78/><U53/><E91/><V87/><F116/><W44/><G113/><T114/><D114/><U20/><E34/><N who="0" m="13417" /><D86/><U38/><E38/><V128/><F29/><W18/><G95/><T52/><D52/><U123/><E123/><V134/><F134/><W25/><G71/><T135/><D92/><U41/><REACH who="1" step="1"/><E15/><REACH who="1" ten="698,49,99,144" step="2"/><V0/><F0/><W11/><G37/><T63/><D63/><U88/><E88/><V77/><F128/><W133/><G133/><T62/><D62/><U130/><E130/><V110/><F110/><W28/><G67/><T112/><D112/><U57/><E57/><V101/><F64/><W48/><G65/><T105/><D105/><U70/><E70/><V8/><F66/><W108/><G59/><T104/><D104/><U69/><E69/><V43/><F89/><W96/><G58/><T39/><D39/><U55/><E55/><V115/><F115/><W82/><G96/><T94/><D135/><U72/><AGARI ba="3,1" hai="20,21,22,23,26,31,41,45,51,53,54,72,76,83" machi="72" ten="30,2000,0" yaku="1,1,0,1,53,0" doraHai="9" doraHaiUra="3" who="1" fromWho="1" sc="698,-13,49,39,99,-8,144,-8" />
</Scene>
<Scene>
<INIT seed="5,0,0,0,0,109" ten="685,88,91,136" oya="1" hai0="23,128,36,101,38,8,133,16,90,48,18,103,96" hai1="125,115,120,95,42,127,86,113,68,106,73,78,126" hai2="19,91,1,130,105,99,104,98,49,40,7,129,14" hai3="70,102,72,43,46,51,29,39,55,11,41,124,88"/><U92/><E68/><V79/><F79/><W20/><G72/><T2/><D133/><U117/><E120/><V10/><F40/><W82/><G70/><T108/><D128/><N who="2" m="49258" /><F49/><W31/><G124/><T3/><D108/><U93/><E117/><V131/><N who="2" m="49266" /><V114/><DORA hai="66" /><F114/><N who="1" m="43529" /><E42/><V116/><F116/><W28/><G102/><T76/><D76/><U69/><E69/><V119/><F119/><W110/><G110/><T25/><D38/><U122/><E122/><V67/><F67/><W45/><G11/><T58/><D36/><U81/><E106/><N who="2" m="41067" /><F91/><AGARI ba="0,0" hai="73,78,81,86,91,92,93,95,125,126,127" m="43529" machi="91" ten="40,18000,2" yaku="18,1,15,1,34,2,52,3" doraHai="109,66" who="1" fromWho="2" sc="685,0,88,180,91,-180,136,0" owari="685,78.0,268,7.0,-89,-59.0,136,-26.0" />
</Scene>
</mjloggm>