<mjloggm ver="2.3"><GO type="169"/><UN n0="%73%68%6F%65%73" n1="%E3%81%AF%E3%82%89%E3%81%BA%E3%81%93%E3%83%AA%E3%82%B0%E3%83%AB" n2="%E5%A4%AA%E3%81%8F%E3%81%AA%E3%81%84%E3%81%8A" n3="%E3%81%94%E3%81%98%E3%82%83%E3%82%8B" dan="16,16,18,18" rate="2065,2077,2136,2221" sx="M,F,M,M"/><TAIKYOKU oya="0"/>

<Scene>
<INIT seed="0,0,0,3,2,16" ten="250,250,250,250" oya="0" hai0="37,77,105,95,43,81,34,19,131,27,63,100,0" hai1="99,22,46,10,87,90,51,14,67,92,59,45,78" hai2="66,114,2,50,1,107,76,33,61,42,5,3,122" hai3="109,48,47,117,111,7,116,24,126,6,80,110,82"/><T17/><BYE who="3" /><D105/><UN n3="%E3%81%94%E3%81%98%E3%82%83%E3%82%8B" /><U104/><E104/><V118/><F114/><W54/><G126/><T64/><D0/><U125/><E125/><V58/><F122/><W83/><REACH who="3" step="1"/><G24/><REACH who="3" ten="250,250,250,240" step="2"/><T23/><D27/><U103/><E46/><V75/><F118/><AGARI ba="0,1" hai="6,7,47,48,54,80,82,83,109,110,111,116,117,118" machi="118" ten="50,6400,0" yaku="1,1,2,1,14,1,53,0" doraHai="16" doraHaiUra="128" who="3" fromWho="2" sc="250,0,250,0,250,-64,240,74" />
</Scene>
<Scene>
<INIT seed="1,0,0,5,0,15" ten="250,250,186,314" oya="1" hai0="39,123,54,109,113,84,53,73,67,130,33,107,49" hai1="108,40,120,86,41,45,92,3,8,58,52,104,64" hai2="131,95,1,96,14,68,43,42,46,24,55,32,91" hai3="134,62,80,102,77,65,78,20,59,17,21,103,9"/><U90/><E104/><V135/><F1/><W34/><G34/><T47/><D113/><U37/><E120/><V89/><F68/><W36/><G36/><T70/><D33/><U124/><E124/><V57/><F135/><W111/><G134/><T72/><D107/><U81/><E108/><V121/><F121/><W83/><G111/><T5/><D123/><U79/><E41/><V25/><F131/><W82/><G9/><T31/><D109/><U18/><E64/><V94/><F14/><W115/><G21/><T28/><D5/><U132/><E132/><V29/><F25/><W60/><G60/><T22/><D31/><U56/><E3/><V11/><F11/><W129/><G129/><T99/><D99/><U117/><E117/><V105/><F105/><W44/><G44/><T122/><D39/><U74/><REACH who="1" step="1"/><E52/><REACH who="1" ten="250,240,186,314" step="2"/><V106/><F106/><W35/><G115/><T101/><D54/><U133/><E133/><V4/><F46/><W48/><G65/><T125/><D67/><U87/><E87/><V0/><F0/><W126/><G126/><T119/><D84/><U19/><E19/><V2/><F2/><W50/><G17/><T6/><D119/><U110/><E110/><V93/><F4/><W88/><G62/><T27/><D125/><U69/><E69/><V118/><F118/><W30/><G59/><T10/><D122/><U114/><E114/><V16/><F16/><W112/><G112/><T26/><D130/><U13/><AGARI ba="0,1" hai="8,13,18,37,40,45,56,58,74,79,81,86,90,92" machi="13" ten="30,6000,0" yaku="1,1,0,1,52,1,53,0" doraHai="15" doraHaiUra="63" who="1" fromWho="1" sc="250,-20,240,70,186,-20,314,-20" />
</Scene>
<Scene>
<INIT seed="1,1,0,5,2,47" ten="230,310,166,294" oya="1" hai0="8,63,78,100,21,118,93,113,49,94,105,13,23" hai1="15,92,102,116,59,98,77,99,60,124,91,10,95" hai2="38,109,75,12,57,132,101,6,107,129,104,3,111" hai3="55,126,52,85,97,86,108,135,106,68,37,79,36"/><U43/><E116/><V66/><F38/><W133/><G68/><T74/><D118/><U84/><E124/><V103/><F75/><W17/><G126/><T45/><D113/><U89/><E43/><V112/><F3/><W56/><G108/><N who="2" m="41545" /><F112/><W123/><G123/><T64/><D100/><N who="2" m="38474" /><F132/><W81/><G106/><T87/><D105/><U26/><E26/><V20/><F129/><W31/><G31/><T54/><D74/><U14/><E77/><V51/><F66/><W120/><G120/><T72/><D72/><U4/><E15/><V53/><F20/><W90/><G97/><T28/><D28/><U65/><E102/><V96/><F96/><AGARI ba="1,0" hai="4,10,14,59,60,65,84,89,91,92,95,96,98,99" machi="96" ten="30,2900,0" yaku="7,1,8,1" doraHai="47" who="1" fromWho="2" sc="230,0,310,32,166,-32,294,0" />
</Scene>
<Scene>
<INIT seed="1,2,0,1,4,22" ten="230,342,134,294" oya="1" hai0="36,116,66,25,89,120,67,30,115,62,129,57,34" hai1="96,103,33,102,40,122,53,72,2,71,65,107,61" hai2="73,17,10,132,81,6,50,0,83,79,29,55,4" hai3="108,68,124,78,112,111,119,94,105,49,27,31,26"/><U133/><E122/><V70/><F70/><W117/><G105/><T127/><D116/><N who="3" m="44617" /><G112/><T59/><D115/><U41/><E2/><V23/><F132/><W3/><G68/><T12/><D36/><U126/><E72/><V123/><F123/><W5/><G124/><T75/><D127/><U37/><E126/><V19/><F4/><W99/><G78/><T35/><D120/><U1/><E1/><V8/><F8/><N who="3" m="2111" /><G49/><T18/><D35/><U113/><E113/><V82/><F29/><W92/><G92/><T16/><D75/><U104/><E133/><V60/><F60/><W114/><G114/><T80/><D129/><U43/><E53/><V130/><F130/><W7/><G7/><T90/><D18/><U125/><E125/><V69/><F69/><W48/><G48/><T109/><D109/><N who="3" m="42057" /><G31/><T134/><D134/><U58/><E58/><V85/><F73/><W24/><G24/><T28/><D28/><U95/><E37/><V88/><F79/><W86/><G86/><T15/><D80/><U51/><E51/><V135/><F135/><W56/><G56/><T64/><D15/><U45/><E45/><V32/><F82/><W14/><G14/><T13/><D13/><U42/><E42/><V118/><F81/><W44/><G44/><T101/><D101/><AGARI ba="2,0" hai="26,27,94,99,101" m="42057,2111,44617" machi="101" ten="30,7700,0" yaku="12,1,14,1,52,2" doraHai="22" who="3" fromWho="0" sc="230,-83,342,0,134,0,294,83" />
</Scene>
<Scene>
<INIT seed="2,0,0,1,4,2" ten="147,342,134,377" oya="2" hai0="133,105,89,109,15,84,21,70,116,25,65,132,128" hai1="50,38,100,119,64,91,48,18,53,46,78,55,97" hai2="66,6,83,63,35,62,111,90,57,32,95,31,52" hai3="67,45,73,33,19,41,34,61,113,134,60,44,80"/><V30/><F111/><W58/><G134/><T102/><D109/><U120/><E119/><V104/><F104/><W0/><G113/><T81/><D116/><U13/><E38/><V1/><F83/><W36/><G45/><T77/><D128/><U131/><E131/><V101/><F101/><W10/><G61/><T69/><D77/><U108/><E108/><V68/><F35/><W3/><G3/><T86/><D86/><U72/><E64/><V127/><F127/><W12/><G0/><T115/><D115/><U43/><E91/><V112/><F112/><W122/><G122/><T129/><D129/><U40/><E120/><V126/><F126/><W47/><G47/><T20/><D15/><U121/><E121/><V59/><F68/><W51/><G36/><T56/><D21/><U75/><E78/><V39/><F39/><W79/><AGARI ba="0,0" hai="10,12,19,33,34,41,44,51,58,60,67,73,79,80" machi="79" ten="30,1100,0" yaku="0,1" doraHai="2" who="3" fromWho="3" sc="147,-3,342,-3,134,-5,377,11" />
</Scene>
<Scene>
<INIT seed="3,0,0,1,4,131" ten="144,339,129,388" oya="3" hai0="91,1,94,104,126,113,6,105,14,18,76,65,108" hai1="68,101,40,5,106,48,67,58,12,39,38,26,45" hai2="50,29,93,37,135,115,20,127,63,36,16,47,119" hai3="60,4,82,130,17,0,32,61,72,56,54,34,28"/><W24/><G130/><T132/><D108/><U85/><E68/><V128/><F128/><W112/><G112/><T81/><D126/><U33/><E106/><V75/><F119/><W98/><G34/><T7/><D113/><U30/><E101/><V55/><F115/><W13/><G98/><T11/><D65/><U80/><E67/><V122/><F75/><W62/><G4/><T9/><D7/><U97/><E97/><V22/><F127/><W71/><G0/><T123/><D123/><U121/><E58/><V110/><F110/><W44/><G44/><T31/><D31/><U133/><E121/><V74/><F74/><W103/><G103/><T89/><D89/><U134/><E39/><V100/><F122/><W96/><G96/><T117/><D117/><U78/><E38/><V23/><F100/><W42/><G42/><T111/><D111/><U92/><E92/><V53/><F93/><W84/><G72/><T86/><REACH who="0" step="1"/><D132/><REACH who="0" ten="134,339,129,388" step="2"/><U118/><E118/><V25/><F135/><W51/><G71/><T57/><D57/><U124/><E124/><V21/><F29/><W46/><G56/><T15/><D15/><U70/><E70/><V87/><F25/><W73/><G13/><T8/><D8/><AGARI ba="0,1" hai="5,8,12,26,30,33,40,45,48,78,80,85,133,134" machi="8" ten="40,8000,1" yaku="25,2,52,2" doraHai="131" who="1" fromWho="0" sc="134,-80,339,90,129,0,388,0" />
</Scene>
<Scene>
<INIT seed="4,0,0,4,0,107" ten="54,429,129,388" oya="0" hai0="11,78,97,29,127,5,120,85,87,77,30,103,88" hai1="105,16,131,104,0,93,101,49,69,42,113,52,126" hai2="38,63,35,14,135,2,80,79,121,134,68,27,92" hai3="20,9,34,100,115,96,99,112,102,98,81,12,56"/><T74/><D120/><U109/><E109/><V55/><F121/><W60/><G34/><T61/><D127/><U40/><E126/><V19/><F2/><W108/><G108/><T3/><D87/><U114/><E0/><V24/><F38/><W106/><G20/><T110/><D110/><U89/><E69/><V90/><F35/><W116/><G116/><T84/><D84/><U122/><E122/><V46/><F46/><W54/><G81/><T118/><D118/><U25/><E131/><V6/><F6/><W59/><G59/><T41/><D41/><N who="1" m="15979" /><E101/><V47/><F47/><W44/><G44/><T62/><D62/><U43/><E43/><V75/><F55/><W57/><G57/><T124/><D124/><U13/><E25/><V48/><F48/><W32/><G32/><T133/><D133/><N who="2" m="50698" /><F63/><W53/><G53/><T39/><D39/><U82/><E82/><V119/><F68/><W125/><G125/><T65/><D30/><U7/><E7/><V22/><F119/><W86/><G86/><AGARI ba="0,0" hai="14,19,22,24,27,75,79,80,86,90,92" m="50698" machi="86" ten="30,2000,0" yaku="20,1,52,1" doraHai="107" who="2" fromWho="3" sc="54,0,429,0,129,20,388,-20" />
</Scene>
<Scene>
<INIT seed="5,0,0,3,1,54" ten="54,429,149,368" oya="1" hai0="58,17,103,73,127,91,92,20,94,113,18,97,104" hai1="31,67,112,84,110,68,14,133,7,120,59,30,123" hai2="28,116,101,75,29,128,4,88,10,3,86,114,43" hai3="119,25,9,122,39,105,57,32,80,48,8,69,111"/><U131/><E68/><V70/><F116/><W34/><G69/><T130/><D73/><U35/><E112/><V6/><F75/><W62/><G39/><T66/><D113/><U2/><E2/><V44/><F70/><W51/><G105/><T115/><D115/><U53/><E67/><V121/><F114/><W27/><G111/><T106/><D130/><U82/><E131/><V96/><F4/><W63/><G80/><T125/><D18/><U129/><E129/><V89/><F121/><W50/><G122/><T60/><D125/><U5/><E133/><V99/><F99/><W74/><G74/><T108/><D108/><U0/><E0/><V126/><F126/><W49/><G49/><T11/><D11/><U38/><E38/><V135/><F135/><W1/><G1/><T23/><D127/><U134/><E134/><V40/><F40/><W118/><G50/><T36/><D36/><U117/><E117/><V87/><F87/><W85/><G85/><T45/><D45/><U76/><E110/><V64/><F64/><W16/><G16/><T124/><D124/><U55/><E84/><V83/><F89/><W77/><G77/><T132/><D23/><U37/><E76/><V46/><F128/><W78/><G78/><T90/><D103/><U95/><E37/><N who="2" m="21615" /><F46/><W33/><G33/><T102/><D102/><U93/><E35/><V71/><F71/><W107/><G107/><T79/><D79/><U72/><E72/><V56/><F56/><AGARI ba="0,0" hai="8,9,25,27,32,34,48,51,56,57,62,63,118,119" machi="56" ten="25,6400,0" yaku="22,2,52,2" doraHai="54" who="3" fromWho="2" sc="54,0,429,0,149,-64,368,64" />
</Scene>
<Scene>
<INIT seed="6,0,0,1,4,84" ten="54,429,85,432" oya="2" hai0="5,55,102,114,29,71,21,107,0,22,34,113,16" hai1="61,17,43,28,115,8,46,3,74,109,111,62,126" hai2="60,68,110,132,123,27,87,93,70,134,105,75,52" hai3="49,24,13,92,103,14,10,6,127,117,12,7,129"/><V124/><F123/><W44/><G117/><T86/><D71/><U66/><E74/><V39/><F75/><W32/><G129/><T135/><D102/><U80/><E80/><V120/><F120/><W131/><G131/><T30/><D107/><U104/><E104/><V85/><F105/><W118/><G118/><T57/><D86/><U69/><E28/><V73/><F73/><W56/><G127/><T50/><D34/><U130/><E126/><V81/><F124/><W2/><G56/><T42/><D42/><U98/><E130/><V133/><F39/><W51/><G51/><T15/><D135/><U79/><E79/><N who="2" m="46271" /><F110/><W119/><G119/><T78/><D78/><U47/><E115/><V33/><F33/><W38/><G38/><T37/><D37/><U58/><E98/><V125/><F27/><W54/><G32/><T94/><D94/><U128/><E128/><V82/><F93/><W25/><G7/><T121/><D121/><U95/><E95/><V19/><F19/><W48/><G92/><T1/><D22/><U31/><E17/><V108/><F108/><W100/><G25/><T11/><REACH who="0" step="1"/><D0/><REACH who="0" ten="44,429,85,432" step="2"/><U116/><E43/><V9/><F125/><W112/><G2/><T89/><D89/><U83/><E116/><V67/><F68/><W122/><G122/><T97/><D97/><U101/><E69/><V59/><F70/><W90/><G103/><T96/><D96/><U64/><E101/><V76/><F133/><W23/><G100/><T36/><D36/><U63/><E109/><V53/><F132/><W77/><G77/><T88/><D88/><RYUUKYOKU ba="0,1" sc="44,30,429,-10,85,-10,432,-10" hai0="1,5,11,15,16,21,29,30,50,55,57,113,114" />
</Scene>
<Scene>
<INIT seed="7,1,1,5,1,108" ten="74,419,75,422" oya="3" hai0="111,95,16,21,19,75,9,76,72,118,25,70,62" hai1="13,45,43,119,15,41,7,40,51,78,102,91,71" hai2="48,65,55,56,2,92,4,26,133,35,129,59,104" hai3="38,23,132,17,36,32,122,6,88,109,10,29,87"/><W105/><G105/><T110/><D118/><U1/><E71/><V73/><F104/><W20/><G122/><T0/><D95/><U90/><E119/><V80/><F133/><W93/><G109/><T106/><D106/><U107/><E1/><V101/><F129/><W123/><G123/><T126/><D126/><U114/><E114/><V5/><F2/><N who="3" m="343" /><G23/><T69/><D69/><U131/><E131/><V84/><F73/><W130/><G130/><T98/><D98/><U63/><E78/><N who="2" m="46103" /><F35/><W12/><G132/><T8/><D8/><N who="1" m="4255" /><E107/><V127/><F127/><W60/><G60/><T96/><D96/><U99/><E63/><N who="2" m="38143" /><F26/><AGARI ba="1,1" hai="12,17,20,26,29,32,36,38,87,88,93" m="343" machi="26" ten="30,2900,0" yaku="24,1,54,1" doraHai="108" who="3" fromWho="2" sc="74,0,419,0,75,-32,422,42" owari="74,-33.0,419,22.0,43,-46.0,464,57.0" />
</Scene>
</mjloggm>