<mjloggm ver="2.3"><GO type="169" lobby="0"/><UN n0="%E6%9C%88%E5%8D%83%E4%B8%80%E5%A4%9C" n1="%6B%6F%75%64%61%69%32%33" n2="%E3%81%99%E3%81%9F%E3%83%BC%E3%82%89%E3%81%84%E3%81%A8%E3%81%B3%E3%83%BC" n3="%E5%A4%AA%E3%81%8F%E3%81%AA%E3%81%84%E3%81%8A" dan="16,16,17,18" rate="2097.29,2144.44,2137.86,2240.73" sx="F,M,F,F"/><TAIKYOKU oya="0"/>

<Scene>
<INIT seed="0,0,0,1,4,94" ten="250,250,250,250" oya="0" hai0="57,95,106,82,34,77,117,53,24,119,76,120,11" hai1="98,134,78,10,114,126,133,21,130,67,60,100,32" hai2="135,0,8,41,111,50,93,75,3,26,44,6,123" hai3="27,81,113,46,70,16,103,88,124,105,74,22,38"/><T31/><D106/><U90/><E32/><V25/><F123/><W102/><G113/><T17/><D120/><U69/><E114/><V18/><F111/><W72/><G70/><T85/><D77/><U2/><E130/><V71/><F71/><W13/><G124/><T5/><D17/><U29/><E126/><V83/><F135/><W7/><G38/><T59/><D95/><U20/><E78/><V23/><F3/><W62/><G46/><T79/><D79/><U101/><E101/><V108/><F108/><W58/><G7/><T52/><D57/><U61/><E61/><V112/><F83/><W84/><G27/><T125/><D125/><U132/><E90/><V127/><F75/><W47/><G47/><T19/><D19/><U12/><E2/><V63/><F63/><W118/><G118/><T104/><D104/><N who="1" m="63511" /><E29/><V80/><F80/><W110/><G110/><T66/><D66/><U107/><E107/><V128/><F127/><W51/><G51/><T15/><REACH who="0" step="1"/><D53/><REACH who="0" ten="240,250,250,250" step="2"/><U37/><E67/><V45/><F93/><W33/><G105/><T116/><D116/><U39/><E134/><V129/><F112/><W40/><G58/><T55/><D55/><U42/><E133/><V9/><F129/><W122/><G122/><T1/><D1/><U89/><E132/><V73/><F128/><W91/><G16/><T121/><D121/><U30/><E69/><V96/><F18/><W92/><G92/><T49/><AGARI ba="0,1" hai="5,11,15,24,31,34,49,52,59,76,82,85,117,119" machi="49" ten="20,7800,0" yaku="1,1,0,1,7,1,54,1,53,0" doraHai="94" doraHaiUra="97" who="0" fromWho="0" sc="240,88,250,-26,250,-26,250,-26" />
</Scene>
<Scene>
<INIT seed="0,1,0,5,3,24" ten="328,224,224,224" oya="0" hai0="69,55,108,44,127,120,14,109,74,79,37,75,77" hai1="110,25,58,20,126,115,47,35,100,130,41,51,11" hai2="134,105,93,52,46,54,61,30,84,122,76,128,15" hai3="82,71,22,16,96,63,32,36,7,70,60,59,107"/><T56/><D120/><U49/><E110/><N who="0" m="42601" /><D69/><U78/><E130/><V104/><F122/><W17/><G32/><T65/><D127/><U29/><E126/><V39/><F128/><W85/><G36/><T10/><D65/><U9/><E115/><V45/><F134/><W135/><G7/><N who="0" m="3423" /><D44/><U88/><E100/><V92/><F39/><W113/><G113/><T8/><D37/><U103/><E103/><V111/><F111/><W68/><G135/><T118/><D118/><U83/><E35/><V112/><F112/><W114/><G114/><T67/><D67/><U64/><E78/><N who="0" m="29705" /><D8/><U27/><E11/><V86/><F76/><W87/><G71/><T1/><D1/><U129/><E9/><V98/><F61/><AGARI ba="1,0" hai="55,56,61,74,75" m="29705,3423,42601" machi="61" ten="30,2900,0" yaku="14,1,10,1" doraHai="24" who="0" fromWho="2" sc="328,32,224,0,224,-32,224,0" />
</Scene>
<Scene>
<INIT seed="0,2,0,1,1,19" ten="360,224,192,224" oya="0" hai0="13,21,127,31,115,14,105,83,44,101,67,16,118" hai1="10,107,87,17,69,88,3,114,129,134,8,119,123" hai2="24,92,70,28,97,130,63,47,106,94,76,6,72" hai3="4,73,12,48,61,86,49,29,40,131,77,35,108"/><T102/><D115/><U82/><E123/><V91/><F130/><W0/><G73/><T84/><D118/><U23/><E119/><V62/><F106/><W71/><G0/><T64/><D127/><U126/><E107/><V132/><F132/><W58/><G71/><T96/><D31/><U128/><E69/><V113/><F113/><W15/><G35/><T20/><D101/><U2/><E114/><V41/><F6/><W52/><G108/><T109/><D109/><U36/><E36/><V56/><F70/><W122/><G131/><N who="1" m="50250" /><E134/><V133/><F133/><W43/><G29/><T81/><D44/><U7/><E126/><V22/><F56/><W111/><G122/><T32/><D32/><U45/><E45/><V99/><F76/><W117/><G111/><T26/><D83/><U50/><E50/><N who="3" m="19562" /><G117/><T34/><D34/><U18/><E18/><V59/><F59/><W100/><G100/><T11/><D26/><N who="1" m="14703" /><E10/><V78/><F78/><W124/><G124/><T66/><REACH who="0" step="1"/><D14/><AGARI ba="2,0" hai="2,3,7,8,14,82,87,88" m="14703,50250" machi="14" ten="30,3900,0" yaku="19,1,52,1,54,1" doraHai="19" who="1" fromWho="0" sc="360,-45,224,45,192,0,224,0" />
</Scene>
<Scene>
<INIT seed="1,0,0,4,3,20" ten="315,269,192,224" oya="1" hai0="106,131,43,32,36,73,77,66,55,29,109,63,26" hai1="52,71,122,126,57,30,24,130,82,3,120,110,75" hai2="113,78,129,123,125,65,97,80,14,76,104,12,64" hai3="41,47,81,103,93,94,46,4,23,85,15,9,115"/><U45/><E71/><V19/><F123/><W25/><G115/><T89/><D109/><U108/><E3/><V83/><F113/><W111/><G111/><N who="1" m="42538" /><E130/><V31/><F129/><W88/><G103/><T38/><D131/><U54/><E126/><V79/><F125/><W100/><G100/><T68/><D55/><N who="1" m="21035" /><E57/><V51/><F104/><W72/><G72/><T0/><D89/><U98/><E45/><N who="3" m="16906" /><G41/><T53/><D53/><U60/><E60/><V90/><F51/><W112/><G112/><T116/><D43/><U70/><E70/><V99/><F31/><AGARI ba="0,0" hai="4,9,15,23,25,31,81,85,88,93,94" m="16906" machi="31" ten="30,3900,0" yaku="8,1,52,1,54,1" doraHai="20" who="3" fromWho="2" sc="315,0,269,0,192,-39,224,39" />
</Scene>
<Scene>
<INIT seed="2,0,0,4,2,85" ten="315,269,153,263" oya="2" hai0="134,42,72,73,119,60,55,25,45,16,24,20,36" hai1="74,9,37,121,96,54,75,13,21,35,94,108,64" hai2="31,12,133,23,56,10,104,43,81,92,1,41,22" hai3="82,110,83,87,68,107,127,111,89,18,19,44,90"/><V131/><F104/><W8/><G68/><T70/><D134/><U11/><E108/><N who="3" m="41514" /><G107/><T122/><D122/><U84/><E35/><V78/><F133/><W15/><G127/><T59/><D119/><U29/><E121/><V57/><F131/><W101/><G101/><T124/><D124/><U114/><E114/><V103/><F1/><W17/><G44/><T27/><REACH who="0" step="1"/><D70/><REACH who="0" ten="305,269,153,263" step="2"/><U63/><E75/><AGARI ba="0,1" hai="16,20,24,25,27,36,42,45,55,59,60,72,73,75" machi="75" ten="40,8000,1" yaku="1,1,2,1,54,1,53,1" doraHai="85" doraHaiUra="69" who="0" fromWho="1" sc="305,90,269,-80,153,0,263,0" />
</Scene>
<Scene>
<INIT seed="3,0,0,1,1,98" ten="395,189,153,263" oya="3" hai0="68,36,120,67,5,21,70,54,105,82,76,48,131" hai1="126,78,20,32,96,116,50,102,117,99,19,101,81" hai2="118,4,29,65,44,52,24,71,133,129,100,31,18" hai3="122,73,43,69,74,33,27,107,58,77,64,23,53"/><W61/><G122/><T49/><D120/><U13/><E32/><V34/><F118/><N who="1" m="45673" /><E126/><V121/><F121/><W7/><G7/><T84/><D131/><U2/><E2/><V119/><F119/><W63/><G33/><T112/><D36/><U125/><E125/><V130/><F4/><W28/><G77/><T8/><D112/><U79/><E50/><N who="2" m="28743" /><F31/><W83/><G83/><T38/><D38/><U0/><E0/><V108/><F18/><W87/><G87/><T25/><D105/><N who="1" m="63655" /><E81/><V66/><F133/><W104/><REACH who="3" step="1"/><G43/><REACH who="3" ten="395,189,153,253" step="2"/><T109/><D76/><U135/><E135/><V89/><F130/><W45/><G45/><T115/><D82/><U106/><AGARI ba="0,1" hai="13,19,20,78,79,99,102,106" m="63655,45673" machi="106" ten="30,4000,0" yaku="12,1,52,2" doraHai="98" who="1" fromWho="1" sc="395,-10,189,50,153,-10,253,-20" />
</Scene>
<Scene>
<INIT seed="4,0,0,1,1,68" ten="385,239,143,233" oya="0" hai0="55,58,35,15,89,76,120,60,27,29,135,121,34" hai1="101,13,117,42,57,66,98,47,4,1,10,18,70" hai2="61,105,28,25,6,22,32,74,37,81,72,95,3" hai3="133,19,65,11,115,2,50,45,48,86,97,132,84"/><T109/><D135/><N who="3" m="51785" /><G115/><T52/><D109/><U51/><E117/><V31/><F31/><W123/><G123/><T127/><D127/><U103/><E70/><V26/><F95/><W111/><G111/><T69/><D69/><U92/><E66/><V130/><F130/><W90/><G65/><T102/><D102/><U24/><E24/><V62/><F62/><W21/><G11/><T46/><D76/><U126/><E57/><V108/><F108/><W0/><G97/><T82/><D34/><U78/><E78/><V7/><F61/><W33/><G33/><T9/><D82/><U129/><E129/><V125/><F125/><W94/><G84/><T75/><D89/><U23/><REACH who="1" step="1"/><E126/><REACH who="1" ten="385,229,143,233" step="2"/><V128/><F26/><N who="3" m="14655" /><G50/><T40/><D75/><U107/><E107/><V88/><F105/><W87/><G48/><T100/><D120/><U20/><E20/><V71/><F22/><W131/><G131/><T134/><D121/><U116/><E116/><V96/><F128/><W16/><G45/><T30/><D134/><U112/><E112/><V99/><F71/><W5/><G0/><T79/><D79/><U43/><E43/><V44/><F74/><W49/><G49/><T73/><D40/><U118/><E118/><V38/><F44/><W53/><G2/><T41/><D41/><U77/><E77/><N who="2" m="44199" /><F3/><W110/><G110/><T8/><D46/><U91/><AGARI ba="0,1" hai="1,4,10,13,18,23,42,47,51,91,92,98,101,103" machi="91" ten="20,2700,0" yaku="1,1,0,1,7,1,53,0" doraHai="68" doraHaiUra="80" who="1" fromWho="1" sc="385,-13,229,37,143,-7,233,-7" />
</Scene>
<Scene>
<INIT seed="5,0,0,3,0,28" ten="372,266,136,226" oya="1" hai0="118,5,3,68,41,99,11,20,6,64,44,124,71" hai1="49,105,69,21,42,35,101,104,80,23,53,100,57" hai2="78,113,87,30,40,81,110,62,25,32,70,112,63" hai3="84,114,39,17,19,26,18,95,116,88,2,24,33"/><U122/><E69/><V79/><F110/><W45/><G2/><T9/><D118/><U67/><E122/><V43/><F79/><W93/><G116/><T47/><D124/><U8/><E35/><V7/><F7/><W91/><G114/><N who="2" m="44137" /><F63/><W76/><G76/><T115/><D115/><U111/><E111/><V38/><F38/><W132/><G132/><T86/><D99/><U22/><E67/><AGARI ba="0,0" hai="25,30,32,40,43,62,67,70,78,81,87" m="44137" machi="67" ten="30,3900,0" yaku="15,1,11,1,52,1" doraHai="28" who="2" fromWho="1" sc="372,0,266,-39,136,39,226,0" />
</Scene>
<Scene>
<INIT seed="6,0,0,4,2,125" ten="372,227,175,226" oya="2" hai0="110,134,128,131,112,89,99,77,47,132,5,87,82" hai1="62,81,133,60,24,61,12,109,101,34,135,72,116" hai2="15,45,58,3,111,76,85,52,118,37,54,88,93" hai3="90,2,51,11,68,26,55,103,31,78,65,98,56"/><V1/><F118/><W121/><G121/><T100/><D5/><U124/><E109/><V13/><F111/><W94/><G78/><T59/><D110/><U71/><E116/><V48/><F76/><W106/><G2/><T115/><D47/><U42/><E124/><V127/><F127/><W7/><G7/><T16/><D59/><U38/><E101/><V73/><F73/><W113/><G11/><T40/><D16/><U123/><E123/><V92/><F37/><W9/><G9/><T105/><D40/><U41/><E71/><V8/><F15/><W80/><G80/><T67/><D67/><U108/><E108/><V10/><F10/><W130/><G113/><N who="0" m="43595" /><D77/><N who="1" m="44199" /><E38/><V86/><F1/><W74/><G65/><T53/><D53/><U17/><E34/><V36/><F3/><W35/><G68/><T49/><D49/><U107/><E107/><V119/><F119/><W70/><G70/><T30/><D30/><U18/><E18/><N who="2" m="8487" /><F36/><W104/><G104/><T129/><AGARI ba="0,0" hai="82,87,89,99,100,105,128,129,131,132,134" m="43595" machi="129" ten="40,12000,2" yaku="19,1,15,1,34,2,52,3" doraHai="125" who="0" fromWho="0" sc="372,120,227,-30,175,-60,226,-30" />
</Scene>
<Scene>
<INIT seed="7,0,0,3,3,69" ten="492,197,115,196" oya="3" hai0="132,125,25,22,5,78,112,120,131,121,79,106,40" hai1="126,65,36,130,105,92,26,10,63,30,124,61,101" hai2="70,3,4,129,59,55,94,52,93,102,34,60,100" hai3="16,47,85,91,8,81,35,46,11,29,116,31,99"/><W128/><G116/><T0/><D106/><U48/><E36/><V134/><F34/><W19/><G128/><T83/><D40/><U18/><E130/><V104/><F129/><W56/><G35/><T88/><D22/><U84/><E105/><V71/><F4/><W75/><G75/><T115/><D25/><U33/><E48/><V90/><F104/><W89/><G56/><T6/><D88/><N who="1" m="53255" /><E101/><V14/><F90/><W97/><G85/><T1/><D83/><AGARI ba="0,0" hai="8,11,16,19,29,31,46,47,81,83,89,91,97,99" machi="83" ten="25,9600,0" yaku="22,2,8,1,54,1" doraHai="69" who="3" fromWho="0" sc="492,-96,197,0,115,0,196,96" />
</Scene>
<Scene>
<INIT seed="7,1,0,5,5,49" ten="396,197,115,292" oya="3" hai0="60,110,20,74,24,108,28,65,118,122,13,4,101" hai1="113,112,72,107,12,51,37,90,105,103,23,48,100" hai2="41,131,0,125,66,52,109,32,128,96,95,78,129" hai3="68,59,25,35,84,1,133,87,67,17,40,76,132"/><W92/><G1/><T3/><D118/><U22/><E12/><V123/><F32/><W2/><G2/><T119/><D122/><U61/><E61/><V86/><F0/><W9/><G68/><T83/><D119/><U102/><E37/><V127/><F109/><W55/><G67/><T89/><D101/><U81/><E102/><N who="2" m="60703" /><F66/><W121/><G121/><T116/><D3/><U120/><E120/><V46/><F123/><W18/><G40/><T114/><D114/><U27/><E81/><N who="2" m="47415" /><F41/><W77/><G35/><T117/><D117/><U6/><E27/><V63/><F46/><W134/><G9/><T71/><D116/><U91/><REACH who="1" step="1"/><E72/><REACH who="1" ten="396,187,115,292" step="2"/><V8/><F8/><W19/><G25/><T57/><D74/><U47/><E47/><V97/><F97/><W124/><G124/><N who="2" m="47689" /><F63/><N who="3" m="36351" /><G87/><T53/><D108/><U98/><E98/><V14/><F14/><W64/><G64/><T42/><D110/><U135/><E135/><V104/><F104/><W21/><G21/><T75/><D42/><U85/><E85/><V126/><N who="2" m="47697" /><V62/><DORA hai="43" /><F62/><W80/><G92/><T38/><D38/><U130/><E130/><N who="2" m="33283" /><V26/><DORA hai="45" /><F26/><W15/><G15/><T7/><D13/><U5/><AGARI ba="1,1" hai="5,6,22,23,48,51,90,91,100,103,105,107,112,113" machi="5" ten="25,12000,2" yaku="1,1,0,1,22,2,52,2,53,0" doraHai="49,43,45" doraHaiUra="11,115,34" who="1" fromWho="1" sc="396,-31,187,133,115,-31,292,-61" owari="365,47.0,320,12.0,84,-42.0,231,-17.0" />
</Scene>
</mjloggm>