<mjloggm ver="2.3"><GO type="41"/><UN n0="%E5%A4%AA%E3%81%8F%E3%81%AA%E3%81%84%E3%81%8A" n1="%E5%91%BD%E3%81%AF%E6%8A%95%E3%81%92%E6%8D%A8%E3%81%A6%E3%82%8B%E3%82%82" n2="%E3%81%AF%E3%81%90%E3%82%8C%E3%83%9F%E3%83%B3%E3%83%88" n3="%E9%9B%80%E5%8A%9B%35%33%E4%B8%87" dan="15,14,15,13" rate="2052,1943,2041,1874" sx="M,M,F,M"/><TAIKYOKU oya="0"/>

<Scene>
<INIT seed="0,0,0,0,0,6" ten="250,250,250,250" oya="0" hai0="14,15,38,121,43,90,125,32,124,22,130,132,111" hai1="74,106,42,65,109,36,13,44,18,12,56,114,2" hai2="52,3,120,94,67,54,96,91,97,37,82,35,1" hai3="58,129,110,46,7,47,83,9,108,31,128,105,45"/><T100/><D121/><U25/><E109/><N who="3" m="42090" /><G105/><T102/><D111/><U113/><E2/><V23/><F120/><W59/><G31/><T80/><D32/><U73/><E106/><V123/><F123/><W131/><G83/><T98/><D130/><U126/><E126/><N who="0" m="48745" /><D132/><U57/><E25/><V70/><F35/><W86/><G86/><N who="0" m="50503" /><D22/><U99/><E99/><V29/><F37/><W135/><G135/><T51/><D38/><U48/><E36/><V127/><F127/><W62/><G62/><T133/><D133/><U4/><E4/><V20/><F82/><W49/><G49/><T117/><D117/><U107/><E48/><V28/><F91/><W116/><G116/><T17/><D98/><U92/><E113/><V112/><F112/><W27/><G27/><T115/><D115/><U39/><E39/><V30/><F30/><W50/><G50/><T5/><D51/><U69/><E114/><V101/><F94/><W11/><G11/><N who="0" m="4463" /><D43/><U84/><E42/><V118/><F118/><W0/><AGARI ba="0,0" hai="0,7,9,45,46,47,58,59,128,129,131" m="42090" machi="0" ten="40,5200,0" yaku="19,1,14,1,52,1" doraHai="6" who="3" fromWho="3" sc="250,-26,250,-13,250,-13,250,52" />
</Scene>
<Scene>
<INIT seed="1,0,0,1,3,46" ten="224,237,237,302" oya="1" hai0="70,92,15,58,94,33,80,85,24,32,17,97,110" hai1="1,102,82,100,89,112,62,77,93,108,44,40,127" hai2="59,20,13,118,60,129,31,125,19,114,79,87,56" hai3="7,113,134,109,132,49,121,51,78,53,45,38,123"/><U101/><E112/><V34/><F118/><W115/><G7/><T14/><D70/><U83/><E1/><V4/><F114/><N who="3" m="43531" /><G78/><T5/><D110/><U122/><E122/><N who="3" m="46602" /><G109/><T26/><D5/><U75/><E127/><V107/><F107/><W68/><G68/><T23/><D33/><U12/><E108/><V103/><F125/><W25/><G25/><T124/><D124/><U29/><E83/><V106/><F129/><W91/><G91/><T42/><D32/><U16/><E29/><V126/><F126/><W119/><G119/><T41/><D26/><U73/><E62/><V48/><F106/><W131/><G38/><T84/><D24/><U52/><E52/><N who="2" m="31751" /><F34/><W135/><G131/><T130/><D130/><U2/><E2/><V8/><F103/><W96/><G96/><T76/><D15/><U86/><E102/><V21/><F31/><W120/><N who="3" m="46610" /><W18/><DORA hai="90" /><G18/><T81/><D97/><U3/><E3/><V66/><F19/><W11/><G11/><T47/><D17/><U128/><E128/><V10/><F10/><W50/><AGARI ba="0,0" hai="45,49,50,51,53,132,134,135" m="46610,43531" machi="50" ten="60,12000,2" yaku="20,1,34,2,52,3" doraHai="46,90" who="3" fromWho="3" sc="224,-30,237,-60,237,-30,302,120" />
</Scene>
<Scene>
<INIT seed="2,0,0,3,4,96" ten="194,177,207,422" oya="2" hai0="55,54,84,100,119,1,53,110,35,101,86,26,63" hai1="82,50,43,87,66,7,83,39,45,107,11,131,14" hai2="65,85,25,78,34,0,27,91,41,94,128,74,115" hai3="33,47,77,6,32,19,17,112,98,24,123,106,70"/><V12/><F0/><W97/><G123/><T127/><D1/><U133/><E133/><V8/><F115/><W114/><G77/><T126/><D110/><U68/><E131/><V48/><F128/><W49/><G70/><T64/><D119/><U116/><E116/><V23/><F34/><W36/><G36/><T117/><D117/><U89/><E107/><V125/><F125/><N who="0" m="47626" /><D26/><U22/><E22/><V38/><F38/><W59/><G6/><T3/><D3/><U46/><E68/><V9/><F65/><W62/><G59/><N who="0" m="36991" /><D35/><U104/><E66/><V37/><F37/><W113/><G62/><T30/><D30/><U71/><E71/><V80/><F23/><N who="3" m="13423" /><G19/><T124/><N who="0" m="47634" /><T75/><DORA hai="42" /><D75/><U28/><E28/><V105/><F105/><W56/><G106/><T10/><D10/><U134/><E134/><V102/><F102/><AGARI ba="0,0" hai="53,54,55,84,86,100,101,102" m="36991,47634" machi="102" ten="50,8000,1" yaku="18,1,52,3" doraHai="96,42" who="0" fromWho="2" sc="194,80,177,0,207,-80,422,0" />
</Scene>
<Scene>
<INIT seed="3,0,0,3,1,17" ten="274,177,127,422" oya="3" hai0="20,13,74,16,100,75,48,77,21,54,28,72,6" hai1="5,125,106,92,70,52,11,84,0,119,12,78,4" hai2="97,58,40,26,36,81,69,101,111,24,3,116,96" hai3="117,51,122,130,112,63,41,107,47,33,89,123,32"/><W87/><G107/><T2/><D100/><U31/><E106/><V132/><F69/><W7/><G7/><T115/><D115/><U134/><E70/><V109/><F116/><W83/><G117/><T55/><D77/><U91/><E119/><V30/><F3/><W1/><G1/><T67/><D67/><U129/><E31/><V94/><F132/><W95/><G112/><T90/><D90/><U86/><E134/><V133/><F133/><W23/><G130/><T22/><D28/><U37/><E37/><V68/><F68/><W45/><G63/><T59/><REACH who="0" step="1"/><D55/><REACH who="0" ten="264,177,127,422" step="2"/><U126/><E52/><V8/><F111/><W82/><G123/><T19/><D19/><U14/><E129/><V99/><F109/><W76/><G76/><T127/><D127/><U42/><E78/><V34/><F101/><W118/><G118/><T88/><D88/><U43/><E91/><V18/><F30/><W25/><G122/><T49/><D49/><U60/><E126/><V120/><F18/><W66/><G66/><T108/><D108/><U50/><E50/><V10/><F120/><W103/><G103/><T104/><D104/><U121/><E125/><V124/><F124/><W15/><G51/><T38/><D38/><U98/><E121/><V105/><F36/><W53/><G53/><T46/><D46/><U27/><E43/><V44/><F105/><W135/><G89/><T39/><D39/><U128/><E42/><V61/><F44/><W113/><G45/><T64/><D64/><U29/><E29/><V85/><F40/><W131/><G41/><T65/><D65/><RYUUKYOKU ba="0,1" sc="264,30,177,-10,127,-10,422,-10" hai0="2,6,13,16,20,21,22,48,54,59,72,74,75" />
</Scene>
<Scene>
<INIT seed="4,1,1,4,4,105" ten="294,167,117,412" oya="0" hai0="91,92,73,49,62,129,20,6,120,13,40,102,42" hai1="16,93,134,47,41,15,78,116,46,30,110,25,66" hai2="115,86,33,135,119,97,2,51,101,59,45,19,100" hai3="76,84,106,61,109,38,130,7,88,17,10,85,117"/><T80/><D120/><U74/><E110/><V89/><F33/><W82/><G109/><T95/><D129/><U127/><E116/><V118/><F2/><W29/><G117/><T52/><D62/><U79/><E66/><V9/><F115/><W32/><G38/><T112/><D112/><U58/><E58/><V98/><F135/><W53/><G106/><T133/><D133/><U69/><E69/><V99/><F59/><W18/><G130/><T5/><D73/><U31/><E134/><V14/><F119/><W55/><G29/><N who="1" m="10762" /><E25/><V28/><F28/><W113/><G32/><T24/><D80/><U21/><E74/><V96/><N who="2" m="24576" /><DORA hai="132" /><V65/><F65/><W114/><G113/><T60/><D60/><U90/><E127/><V50/><F118/><W87/><G85/><N who="0" m="52335" /><D95/><U83/><E83/><N who="2" m="49375" /><F50/><W4/><G61/><T22/><D102/><U72/><E72/><V67/><F67/><W122/><G122/><T8/><D5/><U71/><E71/><V3/><F3/><W128/><G7/><T27/><D27/><U126/><E126/><V68/><F68/><W125/><G125/><T77/><D24/><U104/><E104/><V1/><F1/><W39/><G4/><T54/><D49/><N who="1" m="26831" /><E47/><V124/><F124/><W0/><G0/><T48/><D48/><U12/><E15/><V56/><F56/><W70/><G70/><T107/><D107/><U111/><E111/><V121/><F121/><W35/><G114/><T34/><D34/><U103/><E103/><V75/><F75/><W64/><G35/><T131/><D13/><U108/><E108/><RYUUKYOKU ba="1,1" sc="294,-15,167,15,117,15,412,-15" hai1="12,16,21,78,79,90,93" hai2="9,14,19,45,51,100,101" />
</Scene>
<Scene>
<INIT seed="5,2,1,4,5,108" ten="279,182,132,397" oya="1" hai0="95,80,126,10,94,122,4,44,1,67,36,127,3" hai1="47,75,93,14,116,43,18,91,11,86,90,7,46" hai2="97,19,98,38,104,61,0,45,2,125,58,12,48" hai3="52,133,109,110,121,15,114,25,132,68,103,128,57"/><U41/><E116/><V17/><F38/><W92/><G68/><T21/><D122/><U40/><E75/><V106/><F125/><N who="0" m="47626" /><D67/><U119/><E119/><V55/><F106/><W37/><G37/><T87/><D3/><U105/><E105/><V123/><F123/><W115/><G121/><T82/><D21/><U85/><REACH who="1" step="1"/><E7/><REACH who="1" ten="279,172,132,397" step="2"/><V101/><F98/><W62/><G110/><T117/><D117/><U74/><E74/><V60/><F60/><W42/><G109/><T51/><D87/><U53/><E53/><V20/><REACH who="2" step="1"/><F19/><REACH who="2" ten="279,172,122,397" step="2"/><W130/><G62/><T34/><D4/><U84/><E84/><V124/><F124/><W50/><G132/><T30/><D36/><U31/><E31/><V71/><F71/><W88/><G133/><T78/><D30/><U33/><E33/><V134/><F134/><W76/><G130/><T96/><D34/><U5/><E5/><V113/><F113/><W29/><G115/><T22/><D96/><U9/><E9/><V32/><F32/><W24/><G114/><T79/><D10/><U102/><E102/><V111/><F111/><W26/><G103/><T8/><D8/><U59/><E59/><V131/><F131/><W77/><G29/><T72/><D72/><U28/><E28/><V13/><F13/><W65/><G15/><T107/><D107/><U27/><E27/><N who="3" m="10314" /><G128/><T64/><D64/><AGARI ba="2,3" hai="0,2,12,17,20,45,48,55,58,61,64,97,101,104" machi="64" ten="30,3900,0" yaku="1,1,7,1,53,1" doraHai="108" doraHaiUra="16" who="2" fromWho="0" sc="279,-45,172,0,122,75,397,0" />
</Scene>
<Scene>
<INIT seed="6,0,0,5,4,127" ten="234,172,197,397" oya="2" hai0="35,46,31,27,61,100,20,111,36,126,98,101,52" hai1="6,38,65,80,82,37,25,84,24,130,13,33,55" hai2="117,114,85,7,41,44,67,110,70,76,71,54,122" hai3="124,45,12,133,77,19,73,11,68,60,69,120,0"/><V118/><F122/><W8/><G120/><T17/><D111/><U21/><E33/><V43/><F110/><W121/><G121/><T63/><D126/><U3/><E3/><V53/><F7/><W42/><G124/><T1/><D1/><U51/><E65/><V90/><F76/><W47/><G45/><T29/><D101/><U119/><E119/><V107/><F107/><W78/><G78/><T129/><D129/><U58/><E130/><V134/><F90/><W102/><G60/><T123/><D123/><U49/><E49/><V86/><F67/><W113/><G113/><T94/><D36/><U50/><E50/><V39/><F39/><N who="3" m="21983" /><G133/><T103/><D103/><U2/><E2/><V104/><F104/><W9/><G9/><T116/><D116/><U56/><E56/><V40/><F40/><W30/><G30/><N who="0" m="11275" /><D35/><U34/><E34/><V105/><F105/><W81/><G102/><T131/><D131/><U4/><E82/><V15/><F44/><W89/><G89/><T48/><AGARI ba="0,0" hai="17,20,27,46,48,52,61,63,94,98,100" m="11275" machi="48" ten="30,2000,0" yaku="8,1,54,1" doraHai="127" who="0" fromWho="0" sc="234,20,172,-5,197,-10,397,-5" />
</Scene>
<Scene>
<INIT seed="7,0,0,2,2,45" ten="254,167,187,392" oya="3" hai0="58,35,15,131,107,90,20,21,81,28,53,14,56" hai1="98,88,57,13,70,65,42,103,5,124,50,126,33" hai2="94,62,93,31,23,41,68,59,61,105,49,1,74" hai3="71,60,17,78,67,54,77,9,38,106,109,51,85"/><W128/><G106/><T127/><D107/><U25/><E70/><V36/><F105/><W121/><G121/><T55/><D127/><N who="1" m="48683" /><E88/><V63/><F1/><W104/><G104/><T2/><D2/><U133/><E133/><V69/><F74/><W4/><G17/><T29/><D131/><U37/><E37/><V120/><F120/><W0/><G128/><T99/><D35/><U12/><E5/><V11/><F36/><W100/><G109/><T79/><D79/><U76/><E76/><V30/><F68/><W40/><G100/><T19/><D99/><U6/><E6/><V96/><F69/><W24/><G85/><N who="0" m="50479" /><D14/><N who="1" m="5739" /><E57/><V26/><F11/><W80/><G24/><T47/><D58/><U44/><E65/><V10/><F10/><W22/><G9/><T64/><D64/><U135/><E135/><V122/><F122/><W84/><G77/><T46/><D56/><U52/><E33/><V112/><F112/><W34/><G78/><T72/><D72/><U123/><E123/><V87/><F31/><W101/><G67/><T7/><D29/><U97/><E103/><N who="2" m="60815" /><F59/><W116/><G101/><T130/><D130/><U113/><E113/><V16/><F30/><W132/><G132/><T114/><D114/><U3/><E3/><V27/><F27/><W134/><G0/><T73/><D73/><U43/><E25/><V119/><F119/><W125/><G116/><T86/><D7/><U92/><E92/><V117/><F117/><W118/><G118/><T66/><D28/><U111/><E111/><V39/><F39/><W48/><G134/><T115/><D115/><RYUUKYOKU ba="0,0" sc="254,-10,167,30,187,-10,392,-10" hai1="42,43,44,50,52,97,98" owari="244,4.0,197,-20.0,177,-32.0,382,48.0" />
</Scene>
</mjloggm>