<mjloggm ver="2.3"><GO type="169"/><UN n0="%E5%A4%AA%E3%81%8F%E3%81%AA%E3%81%84%E3%81%8A" n1="%E6%BC%A2%E8%A7%92%E7%94%B0" n2="%E2%98%85%E3%82%86%E3%83%BC%E2%98%86" n3="%E3%81%B6%E3%81%9F%EF%BC%A0%E3%81%A1%E3%82%85%E3%81%86" dan="17,16,17,16" rate="2144,2102,2181,2115" sx="M,M,M,M"/><TAIKYOKU oya="0"/>

<Scene>
<INIT seed="0,0,0,2,2,45" ten="250,250,250,250" oya="0" hai0="38,59,90,102,125,88,42,119,89,23,83,1,54" hai1="4,129,80,17,30,108,64,66,40,14,33,100,21" hai2="55,63,24,103,109,117,3,47,131,11,10,2,18" hai3="81,107,36,104,127,85,6,5,62,44,79,75,13"/><T95/><D119/><U34/><E108/><V65/><F109/><W68/><G127/><T78/><D1/><U60/><E129/><V12/><F117/><W39/><G6/><T53/><D125/><U132/><E132/><V52/><F131/><W26/><G26/><T46/><D23/><U96/><E4/><V126/><F126/><W97/><G85/><T94/><D102/><U115/><E115/><V22/><F103/><W56/><G68/><T49/><REACH who="0" step="1"/><D54/><REACH who="0" ten="240,250,250,250" step="2"/><U105/><E33/><V133/><F133/><W86/><G107/><T50/><D50/><U128/><E128/><V99/><F3/><W9/><G104/><T27/><D27/><U7/><E34/><V31/><F2/><W28/><G36/><T32/><D32/><U87/><E21/><V71/><F11/><W57/><G39/><T113/><D113/><U25/><E25/><V134/><F134/><W135/><G135/><T123/><D123/><U106/><E100/><V61/><F61/><W74/><G62/><T43/><D43/><U122/><E40/><V111/><F111/><W51/><G9/><T73/><AGARI ba="0,1" hai="38,42,46,49,53,59,73,78,83,88,89,90,94,95" machi="73" ten="30,11700,0" yaku="1,1,0,1,52,1,54,1,53,0" doraHai="45" doraHaiUra="114" who="0" fromWho="0" sc="240,127,250,-39,250,-39,250,-39" />
</Scene>
<Scene>
<INIT seed="0,1,0,4,0,71" ten="367,211,211,211" oya="0" hai0="7,8,103,88,93,35,111,106,109,99,85,57,120" hai1="116,70,38,21,61,98,63,97,68,53,12,135,66" hai2="59,11,43,87,25,79,110,95,6,58,18,54,112" hai3="55,130,17,115,81,62,101,132,19,28,32,128,134"/><T76/><D120/><U73/><E73/><V77/><F112/><W5/><G101/><T4/><D35/><U45/><E116/><V52/><F110/><N who="0" m="41994" /><D8/><U16/><E135/><N who="3" m="51754" /><G81/><N who="0" m="47271" /><D57/><U23/><E23/><V86/><F58/><W114/><G62/><T82/><D82/><U48/><REACH who="1" step="1"/><E38/><REACH who="1" ten="367,201,211,211" step="2"/><V80/><F11/><W15/><G115/><T56/><D56/><U125/><E125/><V2/><F59/><W29/><G114/><T121/><D121/><U119/><E119/><V91/><F79/><W131/><G55/><T107/><D107/><U129/><E129/><V92/><F52/><W49/><G49/><T1/><D1/><U44/><E44/><V74/><F54/><W36/><G36/><T84/><AGARI ba="1,1" hai="4,7,84,88,93,99,103,106" m="47271,41994" machi="84" ten="30,6000,0" yaku="14,1,10,1,54,1" doraHai="71" who="0" fromWho="0" sc="367,73,201,-21,211,-21,211,-21" />
</Scene>
<Scene>
<INIT seed="0,2,0,2,0,100" ten="440,180,190,190" oya="0" hai0="69,103,46,127,102,55,32,81,113,20,29,120,31" hai1="23,47,50,122,83,72,79,94,21,76,41,15,86" hai2="88,98,66,42,34,3,132,131,11,58,119,105,99" hai3="71,60,108,10,2,112,27,106,26,96,59,25,114"/><T52/><D120/><U68/><E68/><V115/><F34/><W5/><G71/><T65/><D113/><U123/><E79/><V16/><F115/><W91/><G108/><T35/><D127/><U37/><E37/><V19/><F42/><W89/><G89/><T90/><D69/><U80/><E80/><V36/><F36/><W74/><G74/><T125/><D125/><U39/><E39/><V64/><F3/><W7/><G7/><T126/><D126/><U6/><E72/><V78/><F78/><W93/><REACH who="3" step="1"/><G106/><REACH who="3" ten="440,180,190,180" step="2"/><T85/><D90/><U14/><E122/><V129/><F88/><W84/><G84/><T111/><D85/><U44/><E123/><V73/><F73/><W51/><G51/><T40/><D111/><U87/><E6/><V0/><F105/><W77/><G77/><T133/><D103/><U28/><E76/><V92/><F99/><W57/><G57/><T124/><D102/><U45/><E50/><V17/><F98/><W1/><G1/><T9/><D124/><U30/><E83/><V63/><F0/><W101/><G101/><T56/><D56/><U67/><E45/><V110/><F110/><W22/><G22/><T12/><D20/><U49/><E49/><V53/><F58/><W135/><G135/><T117/><D133/><U13/><E94/><V38/><F92/><W130/><G130/><T70/><D70/><U134/><E134/><V121/><F132/><W104/><G104/><T43/><D46/><U18/><E44/><V116/><F131/><W95/><G95/><T4/><D81/><U118/><E47/><RYUUKYOKU ba="2,1" sc="440,-10,180,-10,190,-10,180,30" hai3="2,5,10,25,26,27,59,60,91,93,96,112,114" />
</Scene>
<Scene>
<INIT seed="1,3,1,4,4,90" ten="430,170,180,210" oya="1" hai0="16,0,98,62,66,49,3,9,41,106,88,8,50" hai1="123,129,131,63,25,99,44,24,18,82,40,120,65" hai2="1,45,92,35,94,110,119,48,69,97,121,86,109" hai3="57,29,73,128,55,46,5,23,27,60,135,67,108"/><U83/><E120/><V34/><F121/><W93/><G73/><T81/><D106/><U114/><E114/><V64/><F119/><W51/><G128/><N who="1" m="49226" /><E123/><V78/><F1/><W39/><G108/><N who="2" m="41577" /><F64/><W104/><G135/><T71/><D41/><U70/><E99/><V53/><F69/><W43/><G104/><T117/><D117/><U95/><E95/><N who="2" m="36395" /><F97/><W59/><REACH who="3" step="1"/><G93/><REACH who="3" ten="430,170,180,200" step="2"/><T100/><D98/><U79/><E18/><V74/><F74/><W130/><G130/><T32/><D16/><U26/><E79/><V101/><F101/><W118/><G118/><T10/><D100/><U22/><E22/><V2/><F2/><W17/><G17/><T85/><D0/><U58/><E70/><V122/><F122/><W105/><G105/><T124/><D3/><U75/><E75/><V33/><F86/><W38/><G38/><AGARI ba="3,2" hai="24,25,26,38,40,44,58,63,65,82,83" m="49226" machi="38" ten="30,1500,0" yaku="19,1" doraHai="90" who="1" fromWho="3" sc="430,0,170,44,180,0,200,-24" />
</Scene>
<Scene>
<INIT seed="1,4,0,3,3,17" ten="430,214,180,176" oya="1" hai0="53,114,84,107,80,78,20,56,98,67,108,73,68" hai1="34,134,18,105,0,22,21,33,131,15,90,116,102" hai2="123,66,79,4,48,55,112,86,104,37,75,70,127" hai3="128,110,94,101,69,91,23,43,130,92,121,47,1"/><U46/><E116/><V118/><F118/><W28/><G1/><T44/><D114/><U85/><E0/><V115/><F75/><W14/><G69/><T103/><D108/><U119/><E119/><V109/><F109/><W13/><G110/><T2/><D2/><U61/><E131/><N who="3" m="50218" /><G121/><T62/><D44/><U7/><E7/><V117/><F70/><W38/><G101/><T135/><D135/><U58/><E134/><V19/><F117/><W88/><G28/><T50/><REACH who="0" step="1"/><D20/><REACH who="0" ten="420,214,180,176" step="2"/><U42/><E22/><V59/><F115/><W83/><G23/><T31/><D31/><U16/><E105/><V81/><F104/><W65/><G47/><T57/><D57/><U26/><E46/><V27/><F59/><W113/><G113/><T6/><D6/><U39/><E33/><V76/><F4/><W122/><G122/><T71/><D71/><U82/><E34/><V54/><F123/><W133/><G133/><T8/><D8/><U93/><E18/><V51/><F19/><W36/><G36/><T106/><D106/><U49/><E39/><V120/><F37/><W124/><G38/><T29/><D29/><U132/><E132/><V64/><F112/><W45/><G45/><T111/><D111/><U11/><E11/><V99/><F120/><W60/><G43/><T89/><D89/><U3/><E3/><V40/><F40/><W35/><G91/><T25/><D25/><U10/><E10/><V97/><F27/><W12/><G35/><T32/><D32/><U72/><E26/><V9/><F9/><W100/><G88/><T87/><AGARI ba="4,1" hai="50,53,56,62,67,68,73,78,80,84,87,98,103,107" machi="87" ten="30,4000,0" yaku="1,1,5,1,0,1,53,0" doraHai="17" doraHaiUra="24" who="0" fromWho="0" sc="420,62,214,-24,180,-14,176,-14" />
</Scene>
<Scene>
<INIT seed="2,0,0,1,4,68" ten="482,190,166,162" oya="2" hai0="37,51,107,90,15,24,12,63,129,123,19,70,62" hai1="84,54,7,1,0,96,21,36,104,121,99,118,114" hai2="105,49,50,9,74,69,17,108,8,61,18,135,66" hai3="93,71,126,72,110,78,60,119,120,31,79,98,112"/><V91/><F74/><W97/><G120/><T111/><D123/><U73/><E73/><V4/><F105/><W75/><G31/><T92/><D107/><U81/><E118/><V82/><F135/><W95/><G71/><T124/><D37/><U39/><E114/><V23/><F108/><W43/><G60/><T2/><D2/><U128/><E121/><V42/><F9/><W125/><G43/><T5/><D111/><U67/><E67/><V26/><F18/><W29/><G29/><T20/><D124/><U116/><E116/><V48/><F82/><W30/><G30/><T25/><D129/><U122/><E122/><V65/><F65/><W88/><G119/><T86/><D70/><U115/><E115/><V134/><F91/><W3/><G3/><T94/><D51/><U56/><E128/><V127/><F134/><W47/><G47/><T64/><D92/><U87/><E21/><V11/><F127/><W38/><G38/><T77/><D77/><U34/><E34/><V57/><F42/><W133/><G110/><T52/><D64/><U100/><E99/><V106/><F106/><W132/><G88/><T16/><D5/><U131/><E131/><V28/><F4/><W46/><G46/><T41/><D41/><U10/><E1/><V45/><F45/><W117/><G117/><T113/><D113/><AGARI ba="0,0" hai="72,75,78,79,93,95,97,98,112,113,125,126,132,133" machi="113" ten="25,8000,1" yaku="22,2,34,3" doraHai="68" who="3" fromWho="0" sc="482,-80,190,0,166,0,162,80" />
</Scene>
<Scene>
<INIT seed="3,0,0,0,3,119" ten="402,190,166,242" oya="3" hai0="73,94,28,124,92,35,67,26,2,31,44,116,13" hai1="79,102,74,68,129,53,30,9,41,43,69,6,86" hai2="115,36,134,95,100,80,104,112,128,58,15,20,42" hai3="103,32,83,54,23,75,101,60,126,89,14,88,71"/><W40/><G32/><T99/><D116/><U105/><E129/><V11/><F104/><W113/><G113/><T109/><D2/><U3/><E53/><V7/><F128/><W81/><G126/><T45/><D73/><U5/><E86/><V90/><F134/><W64/><G40/><T57/><D124/><U121/><E30/><V4/><F4/><W70/><G75/><T84/><D109/><U125/><E125/><V127/><F127/><W46/><G71/><T37/><D31/><U110/><E110/><V72/><F100/><W51/><G23/><T21/><D37/><U78/><E102/><V66/><F20/><W106/><G14/><T131/><D131/><U61/><E105/><V55/><F66/><W87/><G106/><T85/><D13/><U108/><E108/><V123/><F42/><W111/><REACH who="3" step="1"/><G111/><REACH who="3" ten="402,190,166,232" step="2"/><T47/><D35/><U118/><E74/><V1/><F15/><W96/><G96/><T10/><D10/><U49/><E9/><V135/><F72/><W91/><G91/><T76/><D99/><U77/><E3/><V48/><F1/><W24/><G24/><T29/><D26/><U39/><E43/><V33/><F33/><W107/><G107/><T122/><D21/><U82/><E68/><V59/><F11/><W97/><G97/><T34/><D34/><U56/><E69/><V133/><F115/><W18/><G18/><T93/><D29/><U114/><E114/><V22/><F22/><W25/><G25/><T16/><D16/><U120/><E41/><V63/><F112/><W98/><G98/><T65/><D28/><RYUUKYOKU ba="0,1" sc="402,-10,190,-10,166,-10,232,30" hai3="46,51,54,60,64,70,81,83,87,88,89,101,103" />
</Scene>
<Scene>
<INIT seed="3,1,1,2,5,85" ten="392,180,156,262" oya="3" hai0="108,118,134,83,127,107,27,129,121,95,29,36,88" hai1="111,119,78,92,135,71,113,97,102,69,16,116,86" hai2="72,59,89,2,7,19,81,62,84,120,35,20,24" hai3="28,98,52,12,25,47,30,74,23,11,21,117,73"/><W100/><G117/><N who="1" m="45130" /><E113/><V57/><F120/><W55/><G74/><T54/><D118/><U123/><E123/><V124/><F124/><W61/><G73/><T49/><D121/><U38/><E38/><V6/><F72/><W32/><G30/><T65/><D36/><U101/><E101/><V60/><F35/><W122/><G122/><T70/><D107/><U5/><E5/><V63/><REACH who="2" step="1"/><F2/><REACH who="2" ten="392,180,146,262" step="2"/><W68/><G32/><T3/><D3/><U94/><E111/><V64/><F64/><W93/><G23/><T112/><D108/><U14/><E135/><V79/><F79/><W40/><G68/><T109/><D109/><U125/><E125/><V76/><F76/><W106/><G106/><T0/><D0/><U105/><E105/><V58/><AGARI ba="1,2" hai="6,7,19,20,24,57,58,59,60,62,63,81,84,89" machi="58" ten="30,7900,0" yaku="1,1,0,1,8,1,52,1,53,0" doraHai="85" doraHaiUra="132" who="2" fromWho="2" sc="392,-21,180,-21,146,102,262,-40" />
</Scene>
<Scene>
<INIT seed="4,0,0,1,4,96" ten="371,159,248,222" oya="0" hai0="49,12,124,0,75,122,115,73,48,44,134,34,94" hai1="18,38,89,41,22,67,111,118,30,51,3,102,62" hai2="109,46,106,60,55,52,32,119,42,114,112,61,11" hai3="85,132,71,45,53,80,25,19,23,90,133,108,6"/><T68/><D122/><U121/><E121/><V16/><F32/><W97/><G71/><T117/><D117/><U135/><E3/><V100/><F109/><W98/><G108/><T126/><D0/><U125/><E118/><V87/><F87/><W26/><G6/><T113/><D34/><U93/><E38/><V131/><F119/><W29/><G53/><N who="2" m="20553" /><F131/><W82/><G45/><T27/><D68/><U63/><E30/><V8/><F8/><W66/><G66/><T14/><D27/><U7/><E67/><V129/><F129/><W69/><G69/><T56/><D134/><N who="3" m="51817" /><G82/><T116/><D116/><U15/><E7/><V84/><F84/><W79/><G79/><T24/><D24/><U5/><E5/><V92/><F106/><W43/><G43/><T86/><D86/><U21/><E41/><V76/><F76/><W88/><G90/><T17/><D44/><U81/><E89/><V128/><F46/><W99/><G97/><T65/><D65/><U10/><E81/><V36/><F42/><W74/><G74/><T101/><D56/><U2/><E2/><V77/><F77/><W1/><G1/><T31/><D75/><U59/><E59/><V57/><F128/><W91/><G91/><T37/><D73/><U105/><E111/><V50/><F36/><W103/><G99/><N who="0" m="59639" /><D37/><U104/><E135/><V35/><F57/><W78/><G78/><T13/><D49/><U107/><E51/><V28/><F50/><W20/><G98/><T9/><D48/><U123/><E123/><V72/><F72/><W120/><G120/><T54/><D54/><RYUUKYOKU ba="0,0" sc="371,-10,159,-10,248,-10,222,30" hai3="19,20,23,25,26,29,80,85,88,103" />
</Scene>
<Scene>
<INIT seed="5,1,0,4,1,9" ten="361,149,238,252" oya="1" hai0="129,120,104,96,6,82,83,105,109,106,27,124,97" hai1="110,112,95,25,50,61,72,121,32,22,81,98,70" hai2="5,54,37,128,68,63,135,35,28,67,49,10,57" hai3="94,0,92,126,38,115,89,53,44,24,123,29,36"/><U65/><E121/><V16/><F135/><W15/><G123/><T3/><D120/><U133/><E110/><V48/><F128/><W86/><G0/><T30/><D109/><U62/><E133/><V1/><F37/><W87/><G126/><T78/><D124/><U93/><E32/><V59/><F28/><W60/><G115/><T40/><D129/><U58/><E112/><V43/><F35/><W14/><G38/><T100/><D40/><U73/><E50/><V91/><F91/><N who="3" m="53367" /><G36/><T117/><D117/><U71/><E93/><V107/><F107/><W88/><G89/><T132/><D132/><U134/><E134/><V34/><F34/><W122/><G122/><T13/><D3/><U77/><E62/><V19/><F43/><W101/><G101/><T18/><D6/><U17/><REACH who="1" step="1"/><E73/><REACH who="1" ten="361,139,238,252" step="2"/><V69/><F49/><N who="3" m="28839" /><G60/><T21/><D104/><U42/><E42/><V52/><REACH who="2" step="1"/><F67/><REACH who="2" ten="361,139,228,252" step="2"/><W114/><G114/><T56/><D106/><U127/><E127/><V7/><F7/><W130/><G130/><T131/><D131/><U46/><E46/><V113/><F113/><W64/><G64/><T20/><D105/><U31/><E31/><V4/><F4/><W51/><G51/><T33/><D30/><U26/><E26/><V116/><F116/><W74/><G74/><T41/><D27/><U111/><E111/><V90/><F90/><AGARI ba="1,2" hai="17,22,25,58,61,65,70,71,72,77,81,90,95,98" machi="90" ten="30,5800,0" yaku="1,1,7,1,53,1" doraHai="9" doraHaiUra="75" who="1" fromWho="2" sc="361,0,139,81,228,-61,252,0" />
</Scene>
<Scene>
<INIT seed="5,2,0,0,0,54" ten="361,220,167,252" oya="1" hai0="131,56,18,113,13,86,77,67,95,88,41,68,25" hai1="8,125,22,81,4,123,28,107,84,6,42,133,126" hai2="85,112,130,16,128,89,12,119,10,32,24,11,70" hai3="83,100,105,33,109,63,82,17,46,110,80,78,44"/><U101/><E123/><V47/><F70/><W31/><G100/><T43/><D113/><U55/><E42/><N who="0" m="15881" /><D68/><U114/><E114/><V52/><F119/><W132/><G105/><T38/><D38/><U118/><E118/><V111/><F111/><W93/><G93/><T69/><D69/><U73/><E73/><V3/><F112/><W66/><G132/><T27/><D77/><U64/><E64/><V19/><F32/><W120/><G120/><T59/><D131/><N who="2" m="50218" /><F24/><N who="0" m="9290" /><D67/><U29/><E133/><V72/><F72/><W9/><G78/><T37/><D37/><U34/><E34/><V49/><F3/><W30/><G33/><T134/><D134/><U14/><E107/><V104/><F104/><W92/><G110/><T48/><D48/><U62/><E101/><V97/><F97/><W75/><G75/><T117/><D117/><U53/><E6/><N who="2" m="3159" /><F11/><AGARI ba="2,0" hai="11,13,18,56,59,86,88,95" m="9290,15881" machi="11" ten="30,7700,0" yaku="8,1,52,2,54,1" doraHai="54" who="0" fromWho="2" sc="361,83,220,0,167,-83,252,0" />
</Scene>
<Scene>
<INIT seed="6,0,0,2,5,70" ten="444,220,84,252" oya="2" hai0="125,65,135,119,56,43,110,34,113,72,90,27,74" hai1="80,99,13,7,44,64,104,17,73,91,122,89,1" hai2="109,85,81,30,66,14,58,130,59,45,68,8,29" hai3="117,78,132,111,40,6,28,129,103,10,21,94,19"/><V47/><F68/><W35/><G117/><T15/><D110/><U87/><E73/><V9/><F109/><W83/><G111/><T26/><D43/><U118/><E118/><V69/><F69/><W93/><G132/><T24/><D34/><U98/><E64/><V105/><F105/><W38/><G129/><T67/><D119/><U16/><E1/><V60/><F130/><W75/><G28/><N who="2" m="10857" /><F58/><W4/><G35/><T37/><D37/><U39/><E104/><V54/><F66/><W102/><G6/><T32/><D135/><U3/><E3/><V84/><F84/><W50/><G103/><T18/><D32/><U53/><E39/><V61/><F61/><W133/><G133/><T2/><D2/><U116/><E122/><V97/><F97/><W31/><G102/><T46/><D72/><U62/><E98/><V107/><F107/><W134/><G134/><T20/><D74/><U57/><E44/><N who="2" m="16971" /><F14/><W76/><G75/><T88/><D46/><U41/><E41/><V36/><F36/><W124/><G38/><T112/><D56/><U22/><E116/><V42/><F42/><W120/><G40/><T127/><D65/><U106/><E106/><V51/><F60/><W82/><G120/><T95/><D67/><U49/><E62/><V86/><F86/><W96/><G96/><N who="0" m="57447" /><D90/><AGARI ba="0,0" hai="8,9,51,54,59,81,85,90" m="16971,10857" machi="90" ten="30,1500,0" yaku="8,1" doraHai="70" who="2" fromWho="0" sc="444,-15,220,0,84,15,252,0" />
</Scene>
<Scene>
<INIT seed="6,1,0,2,5,107" ten="429,220,99,252" oya="2" hai0="31,45,40,30,58,102,96,11,126,4,61,24,41" hai1="50,116,65,33,92,70,108,86,104,118,93,131,130" hai2="90,62,51,2,55,82,132,15,0,76,103,27,6" hai3="98,124,125,110,89,74,111,3,1,37,47,112,73"/><V97/><F132/><W122/><G98/><T20/><D126/><N who="3" m="48745" /><G89/><T77/><D77/><U120/><E33/><V49/><F90/><W85/><G85/><T48/><D41/><U78/><E104/><V22/><F62/><W39/><G122/><T133/><D133/><U119/><E120/><V9/><F2/><N who="3" m="523" /><G112/><T67/><D31/><U13/><E108/><N who="3" m="41514" /><G47/><T12/><D96/><U115/><E115/><V8/><F97/><W63/><G63/><T29/><D29/><U95/><E86/><V32/><F103/><AGARI ba="1,0" hai="4,11,12,20,24,30,40,45,48,58,61,67,102,103" machi="103" ten="40,1300,0" yaku="8,1" doraHai="107" who="0" fromWho="2" sc="429,16,220,0,99,-16,252,0" />
</Scene>
<Scene>
<INIT seed="7,0,0,3,4,25" ten="445,220,83,252" oya="3" hai0="45,1,127,34,58,110,93,78,82,14,89,92,97" hai1="77,125,94,22,2,42,107,31,112,117,65,123,131" hai2="118,20,17,16,33,103,38,40,64,109,102,79,133" hai3="55,36,119,50,100,71,95,101,86,84,49,27,90"/><W134/><G36/><T44/><D110/><U72/><E2/><V91/><F109/><W121/><G71/><T96/><D1/><U0/><E0/><V75/><F118/><W48/><G119/><T67/><D34/><U54/><E107/><V21/><F33/><W9/><G121/><T29/><D127/><U8/><E112/><V105/><F133/><W130/><G134/><T73/><D29/><U120/><E131/><V53/><F64/><W26/><G130/><T46/><D14/><U4/><E42/><V13/><F105/><W114/><G114/><T113/><D113/><U15/><E125/><V12/><F75/><W80/><G9/><T18/><D18/><U124/><E124/><V24/><F79/><W7/><G7/><T135/><D135/><U41/><E41/><V32/><F91/><N who="3" m="51655" /><G55/><T39/><D39/><U5/><E5/><V66/><F66/><W98/><G98/><T70/><D70/><U30/><E65/><V28/><REACH who="2" step="1"/><F53/><REACH who="2" ten="445,220,73,252" step="2"/><W83/><G83/><T63/><D45/><U85/><E54/><V76/><F76/><W68/><G68/><T10/><D10/><U104/><E104/><V47/><AGARI ba="0,1" hai="12,13,16,17,20,21,24,28,32,38,40,47,102,103" machi="47" ten="30,12000,2" yaku="1,1,0,1,9,1,52,1,54,1,53,1" doraHai="25" doraHaiUra="37" who="2" fromWho="2" sc="445,-30,220,-30,73,130,252,-60" owari="415,52.0,190,-31.0,203,0.0,192,-21.0" />
</Scene>
</mjloggm>