<mjloggm ver="2.3"><GO type="169" lobby="0"/><UN n0="%E5%A4%AA%E3%81%8F%E3%81%AA%E3%81%84%E3%81%8A" n1="%E3%81%BE%E3%81%AA%E3%81%84%E3%81%9F%E3%82%88%E3%81%86%E3%81%98%E3%82%87" n2="%E6%B5%81%E5%A4%AA" n3="%E3%81%A7%E3%81%93%E3%81%98" dan="18,17,16,17" rate="2234.55,2144.70,2001.76,2143.56" sx="F,M,M,M"/><TAIKYOKU oya="0"/>

<Scene>
<INIT seed="0,0,0,2,3,113" ten="250,250,250,250" oya="0" hai0="133,100,18,68,75,83,102,36,118,12,59,77,34" hai1="121,0,43,51,38,26,106,8,41,104,65,86,123" hai2="134,28,46,56,60,30,93,57,114,1,19,11,105" hai3="98,124,14,62,132,108,116,10,122,53,128,35,3"/><T13/><D68/><U135/><E38/><V72/><F105/><W23/><G116/><T33/><D36/><U129/><E65/><V24/><F72/><W82/><G108/><T37/><D37/><U47/><E26/><V89/><F114/><W7/><G124/><T29/><D118/><U76/><E41/><V80/><F80/><W48/><G128/><T91/><D133/><U85/><E129/><V39/><F134/><W42/><G132/><T71/><D71/><U58/><E58/><V4/><F57/><W90/><G122/><T109/><D109/><U55/><E55/><V52/><F39/><W87/><G35/><T49/><D91/><U50/><E50/><V81/><F81/><W73/><G73/><T20/><D13/><U103/><E76/><V21/><REACH who="2" step="1"/><F46/><REACH who="2" ten="250,250,240,250" step="2"/><W17/><G62/><T40/><D59/><U70/><E135/><V31/><F31/><W9/><G42/><T63/><D63/><U107/><E43/><V95/><F95/><W74/><G74/><T92/><D92/><U64/><E104/><V112/><F112/><W130/><G130/><T110/><D110/><U61/><E106/><V2/><F2/><W96/><G3/><T99/><D29/><U94/><E107/><V117/><F117/><W44/><G44/><T5/><D40/><N who="1" m="25063" /><E123/><V131/><F131/><W79/><G82/><T45/><D45/><U67/><E121/><V127/><F127/><W15/><G79/><N who="0" m="44543" /><D49/><U66/><E70/><V125/><F125/><W119/><G119/><T78/><D78/><U126/><E126/><V6/><F6/><N who="3" m="3383" /><G48/><T32/><D77/><RYUUKYOKU ba="0,1" sc="250,-10,250,-10,240,30,250,-10" hai2="1,4,11,19,21,24,28,30,52,56,60,89,93" />
</Scene>
<Scene>
<INIT seed="1,1,1,4,2,93" ten="240,240,270,240" oya="1" hai0="22,118,19,58,51,103,62,124,69,102,105,29,115" hai1="101,16,68,88,40,82,109,44,132,9,76,64,107" hai2="15,11,119,111,5,84,100,35,65,99,36,121,133" hai3="94,14,7,37,70,2,55,114,39,78,117,127,126"/><U96/><E132/><V79/><F119/><W50/><G117/><T63/><D118/><U49/><E109/><V8/><F36/><W86/><G114/><T47/><D115/><U97/><E64/><V89/><F35/><W52/><G70/><T34/><D124/><N who="3" m="47657" /><G2/><T87/><D34/><U26/><E68/><V66/><F121/><W4/><G55/><T57/><D29/><U106/><E106/><V125/><F125/><W75/><G75/><T135/><D135/><U1/><E26/><V53/><F133/><W46/><G14/><T112/><D69/><U3/><E76/><V23/><F79/><W73/><G73/><T122/><D122/><U6/><E3/><V30/><F111/><W110/><G110/><T20/><D87/><U61/><E61/><V56/><F30/><W32/><G32/><T77/><D77/><U54/><E40/><V60/><F23/><W43/><G39/><T98/><D112/><U104/><E104/><V0/><F11/><W130/><G130/><T80/><D105/><U85/><REACH who="1" step="1"/><E96/><REACH who="1" ten="240,230,270,240" step="2"/><V131/><F0/><W91/><G78/><T17/><D98/><U18/><AGARI ba="1,2" hai="1,6,9,16,18,44,49,54,82,85,88,97,101,107" machi="18" ten="30,18000,2" yaku="1,1,2,1,0,1,52,1,54,2,53,1" doraHai="93" doraHaiUra="45" who="1" fromWho="1" sc="240,-61,230,203,270,-61,240,-61" />
</Scene>
<Scene>
<INIT seed="1,2,0,5,5,62" ten="179,433,209,179" oya="1" hai0="30,43,77,70,60,10,80,56,121,128,130,86,16" hai1="50,131,118,44,5,81,24,116,99,103,98,111,17" hai2="73,42,133,127,100,123,35,57,15,95,107,105,46" hai3="84,115,104,88,135,93,8,87,112,75,53,45,12"/><U1/><E131/><N who="0" m="50217" /><D121/><U23/><E99/><V72/><F123/><W25/><G75/><T64/><D30/><U117/><E81/><V22/><F35/><W18/><G104/><T85/><D43/><U63/><E63/><V108/><F105/><W47/><G135/><T68/><D85/><U122/><E122/><V82/><F107/><W89/><G25/><T27/><D10/><U40/><E111/><V29/><F133/><W58/><G112/><T67/><D67/><U52/><E5/><V76/><F73/><W126/><G126/><T74/><D74/><U7/><E7/><V41/><F127/><W14/><G14/><T106/><D106/><U2/><E103/><V54/><F108/><W101/><G101/><T61/><D61/><U55/><E98/><V37/><F42/><W69/><G69/><T109/><D109/><U13/><E40/><V78/><F100/><W90/><G115/><T4/><D4/><U114/><E114/><V94/><F78/><W26/><G26/><T32/><D32/><U91/><E55/><V49/><F29/><W9/><G9/><T39/><D39/><U0/><E91/><N who="3" m="34890" /><G87/><T19/><D27/><U34/><E24/><V28/><F28/><W11/><G11/><T120/><D120/><U119/><E119/><V132/><F132/><W97/><G84/><T66/><D66/><U48/><E34/><V96/><F96/><W125/><G125/><T36/><D36/><U129/><E129/><V134/><F134/><W21/><G8/><T31/><D31/><U59/><E117/><V113/><F113/><W3/><G3/><RYUUKYOKU ba="2,0" sc="179,0,433,0,209,0,179,0" hai0="16,19,56,60,64,68,70,77,80,86" hai1="0,1,2,13,17,23,44,48,50,52,59,116,118" hai2="15,22,37,41,46,49,54,57,72,76,82,94,95" hai3="12,18,21,45,47,53,58,90,93,97" />
</Scene>
<Scene>
<INIT seed="1,3,0,0,3,31" ten="179,433,209,179" oya="1" hai0="130,111,7,37,15,128,42,108,94,18,96,49,102" hai1="27,30,99,121,9,28,88,114,82,43,44,86,6" hai2="116,16,134,93,64,132,104,62,61,129,5,19,75" hai3="135,87,74,14,58,67,123,131,22,32,52,59,101"/><U26/><E114/><V50/><F104/><W70/><G123/><T48/><D7/><U1/><E121/><V115/><F75/><W118/><G74/><T117/><D117/><U12/><E99/><V91/><F116/><W57/><G118/><T29/><D37/><U85/><E85/><V90/><F115/><W36/><G36/><T107/><D29/><U55/><E55/><V81/><F5/><W20/><G131/><N who="0" m="50219" /><D107/><U11/><E28/><V119/><F129/><W92/><G135/><T65/><D65/><U84/><E84/><N who="2" m="50447" /><F119/><W98/><G70/><T95/><D95/><U69/><E69/><V56/><F50/><N who="0" m="19562" /><D42/><U34/><E26/><V77/><F77/><W83/><G67/><T125/><D125/><U23/><E1/><V71/><F71/><W73/><G73/><T79/><D79/><U41/><E41/><V53/><F134/><W103/><G52/><T63/><D63/><N who="2" m="24074" /><F64/><W10/><G103/><T133/><D133/><U120/><E6/><V60/><F132/><W78/><REACH who="3" step="1"/><G32/><REACH who="3" ten="179,433,209,169" step="2"/><T13/><D102/><U89/><E120/><V105/><F105/><W4/><BYE who="1" /><G4/><T2/><BYE who="3" /><D2/><U54/><E54/><V38/><F38/><UN n1="%E3%81%BE%E3%81%AA%E3%81%84%E3%81%9F%E3%82%88%E3%81%86%E3%81%98%E3%82%87" /><W126/><G126/><T68/><D68/><U8/><E34/><V72/><F72/><W80/><G80/><T3/><D3/><U106/><E82/><V113/><F113/><UN n3="%E3%81%A7%E3%81%93%E3%81%98" /><W21/><G21/><T110/><D110/><U127/><E127/><V39/><F39/><W76/><G76/><T47/><D108/><U112/><E106/><V25/><F53/><W46/><G46/><T17/><D47/><RYUUKYOKU ba="3,1" sc="179,-10,433,-10,209,-10,169,30" hai3="10,14,20,22,57,58,59,78,83,87,92,98,101" />
</Scene>
<Scene>
<INIT seed="2,4,1,3,0,117" ten="169,423,199,199" oya="2" hai0="71,8,14,53,135,98,5,1,100,45,85,89,46" hai1="60,133,13,102,40,81,62,83,73,86,33,23,26" hai2="22,55,106,131,87,77,66,119,61,9,44,54,70" hai3="39,28,36,29,104,51,80,27,63,129,127,0,112"/><V48/><F106/><W108/><G104/><T59/><D71/><U56/><E133/><V105/><F105/><W43/><G0/><T58/><D135/><U38/><E102/><V111/><F119/><W35/><G108/><T115/><D115/><U57/><E73/><V24/><F131/><W94/><G112/><T72/><D72/><U121/><E38/><V30/><F111/><W109/><G109/><T21/><D1/><U4/><E40/><V120/><F9/><W125/><G129/><T96/><D21/><U52/><E33/><V122/><REACH who="2" step="1"/><F55/><REACH who="2" ten="169,423,189,199" step="2"/><W75/><G125/><T17/><D53/><U99/><E52/><V118/><F118/><W50/><G127/><T110/><D110/><U6/><E62/><V92/><F92/><W37/><G63/><T49/><D8/><U114/><E60/><V113/><F113/><W107/><G107/><T93/><D93/><U20/><E114/><V126/><F126/><W116/><G116/><T82/><D82/><AGARI ba="4,2" hai="22,24,30,44,48,54,61,66,70,77,82,87,120,122" machi="82" ten="40,7700,0" yaku="1,1,52,2,53,0" doraHai="117" doraHaiUra="128" who="2" fromWho="0" sc="169,-89,423,0,189,109,199,0" />
</Scene>
<Scene>
<INIT seed="2,5,0,1,1,4" ten="80,423,298,199" oya="2" hai0="114,81,134,127,90,20,8,30,2,62,15,115,112" hai1="21,41,39,11,35,80,133,124,73,99,33,82,44" hai2="46,98,13,83,45,101,6,1,38,18,97,22,126" hai3="125,135,109,88,79,9,12,25,85,113,121,32,14"/><V91/><F126/><W105/><G121/><T71/><D127/><U75/><E124/><V123/><F123/><W19/><G125/><T56/><D71/><U93/><E133/><V58/><F38/><W110/><G105/><T89/><D134/><U103/><E21/><V132/><F132/><W26/><G135/><T23/><D2/><U40/><E40/><V106/><F58/><W65/><G113/><T34/><D34/><U10/><E82/><V47/><F1/><W86/><G79/><T76/><D89/><U70/><E70/><V128/><F6/><N who="3" m="3127" /><G65/><T29/><D90/><U3/><E73/><V111/><F128/><W122/><G32/><T67/><D29/><U120/><E120/><V61/><F61/><W7/><G7/><T119/><D119/><U55/><E55/><V51/><F111/><N who="3" m="42507" /><G122/><T5/><REACH who="0" step="1"/><D30/><REACH who="0" ten="70,423,298,199" step="2"/><U48/><E3/><V50/><F91/><W117/><G117/><T107/><D107/><U95/><E35/><V28/><F28/><W63/><G86/><AGARI ba="5,1" hai="5,8,15,20,23,56,62,67,76,81,86,112,114,115" machi="86" ten="40,5200,0" yaku="1,1,52,1,53,1" doraHai="4" doraHaiUra="60" who="0" fromWho="3" sc="70,77,423,0,298,0,199,-67" />
</Scene>
<Scene>
<INIT seed="3,0,0,4,0,104" ten="147,423,298,132" oya="3" hai0="29,28,87,46,74,21,79,8,58,102,75,132,114" hai1="118,103,113,62,99,96,49,124,66,70,110,105,78" hai2="90,98,109,37,130,55,51,126,43,23,3,13,16" hai3="84,35,67,38,95,128,15,5,76,39,1,61,22"/><W69/><G128/><T101/><D8/><U64/><E113/><V121/><F3/><W133/><G35/><T2/><D2/><U54/><E124/><V85/><F109/><W80/><G133/><T59/><D46/><U123/><E123/><V65/><F130/><W112/><G112/><T81/><D132/><U72/><E110/><V88/><F126/><W73/><G1/><T34/><D34/><U48/><E66/><V52/><F65/><W10/><REACH who="3" step="1"/><G22/><REACH who="3" ten="147,423,298,122" step="2"/><T18/><D114/><U82/><E118/><V7/><F121/><W106/><G106/><T30/><D102/><U107/><E54/><V89/><F55/><W17/><G17/><T77/><D101/><AGARI ba="0,1" hai="48,49,62,64,70,72,78,82,96,99,101,103,105,107" machi="101" ten="40,2600,0" yaku="9,1,52,1" doraHai="104" who="1" fromWho="0" sc="147,-26,423,36,298,0,122,0" />
</Scene>
<Scene>
<INIT seed="4,0,0,3,0,32" ten="121,459,298,122" oya="0" hai0="78,60,39,128,133,89,29,132,62,54,46,115,101" hai1="87,42,52,16,27,131,47,37,22,120,50,40,105" hai2="20,70,116,113,13,8,123,25,53,68,108,63,90" hai3="34,79,118,92,114,99,45,44,77,80,103,19,12"/><T93/><D115/><U24/><E120/><V81/><F108/><W82/><G114/><T74/><D101/><U38/><E105/><V41/><F123/><W0/><G34/><T125/><D128/><U33/><E131/><V10/><F41/><W96/><G118/><T112/><D112/><U3/><E3/><V48/><F113/><W91/><G0/><T117/><D117/><U35/><E87/><V31/><F10/><W111/><G111/><T55/><D29/><U4/><E4/><V83/><F116/><W110/><G110/><T65/><D125/><U64/><E64/><V85/><F63/><N who="0" m="24106" /><D65/><U5/><E5/><V134/><F83/><N who="3" m="31787" /><G99/><N who="0" m="57775" /><D78/><N who="3" m="29705" /><G103/><T7/><D7/><U121/><E121/><V88/><F90/><W97/><G97/><T94/><D94/><U76/><E76/><V11/><F11/><AGARI ba="0,0" hai="11,12,19,44,45,91,92,96" m="29705,31787" machi="11" ten="30,1000,0" yaku="8,1" doraHai="32" who="3" fromWho="2" sc="121,0,459,0,298,-10,122,10" />
</Scene>
<Scene>
<INIT seed="5,0,0,4,1,66" ten="121,459,288,132" oya="1" hai0="63,39,135,59,108,91,119,118,113,41,48,5,83" hai1="134,68,56,133,54,24,92,61,116,51,127,122,97" hai2="3,10,19,62,36,2,52,114,111,23,70,46,29" hai3="85,100,82,35,73,131,84,117,99,89,26,69,109"/><U9/><E116/><N who="0" m="44585" /><D5/><U50/><E122/><V42/><F111/><W14/><G117/><T101/><D91/><U67/><E127/><V37/><F29/><W47/><G109/><T103/><D83/><U65/><E9/><V105/><F105/><W87/><G131/><T57/><D103/><U86/><E86/><V123/><F123/><W4/><G73/><T38/><D101/><U120/><E120/><V7/><F3/><W79/><G47/><N who="0" m="25711" /><D108/><U22/><E65/><V40/><F40/><W11/><G69/><T95/><D95/><U90/><E51/><V6/><F6/><W28/><REACH who="3" step="1"/><G79/><REACH who="3" ten="121,459,288,122" step="2"/><T58/><D113/><U132/><E132/><V44/><F114/><W21/><G21/><T126/><D135/><U110/><E110/><V30/><F70/><W13/><G13/><T77/><D77/><U112/><E112/><V18/><F23/><W115/><G115/><T49/><D126/><U0/><E133/><V45/><F2/><W125/><G125/><T1/><D1/><U60/><E0/><V8/><F8/><W34/><G34/><T124/><D124/><U130/><E130/><V81/><F10/><W74/><G74/><T72/><D72/><U71/><E134/><V102/><F37/><N who="0" m="13834" /><D49/><U104/><E50/><V12/><F36/><W33/><G33/><T43/><D43/><U17/><E104/><AGARI ba="0,1" hai="4,11,14,26,28,35,82,84,85,87,89,99,100,104" machi="104" ten="30,2000,0" yaku="1,1,7,1,53,0" doraHai="66" doraHaiUra="121" who="3" fromWho="1" sc="121,0,459,-20,288,0,122,30" />
</Scene>
<Scene>
<INIT seed="6,0,0,1,3,21" ten="121,439,288,152" oya="2" hai0="47,22,52,103,62,134,18,112,132,104,119,80,91" hai1="100,2,63,5,50,116,88,128,24,70,67,106,126" hai2="86,61,101,76,115,121,8,123,45,111,6,30,114" hai3="92,89,82,57,16,31,120,0,95,66,117,17,11"/><V60/><F101/><W83/><G117/><T44/><D119/><U133/><E116/><V49/><F30/><W48/><G120/><N who="2" m="46153" /><F76/><W34/><G0/><T130/><D104/><U105/><E5/><V36/><F86/><W4/><G92/><T53/><D103/><U9/><E2/><N who="2" m="87" /><F36/><W37/><G37/><T97/><D80/><U75/><E75/><V74/><F74/><W124/><G124/><T122/><D122/><U129/><E9/><V19/><F19/><N who="3" m="7243" /><G31/><T15/><D97/><U98/><E106/><V109/><F61/><N who="3" m="38191" /><G34/><T28/><D28/><U26/><E126/><V10/><F60/><W46/><G11/><T87/><D62/><U77/><E63/><V81/><F10/><W25/><G4/><T42/><D130/><U99/><E129/><V14/><F81/><W135/><G135/><N who="0" m="51755" /><D112/><N who="2" m="43050" /><F14/><W54/><G82/><N who="0" m="49655" /><D42/><AGARI ba="0,0" hai="42,45,49,109,111" m="43050,87,46153" machi="42" ten="30,1500,0" yaku="15,1" doraHai="21" who="2" fromWho="0" sc="121,-15,439,0,288,15,152,0" />
</Scene>
<Scene>
<INIT seed="6,1,0,1,2,22" ten="106,439,303,152" oya="2" hai0="84,5,33,8,119,89,76,128,15,135,41,115,123" hai1="11,31,102,97,117,75,10,38,77,16,129,25,44" hai2="118,121,104,69,52,56,46,92,67,91,107,73,42" hai3="58,12,45,132,94,34,109,83,14,110,35,55,29"/><V87/><F73/><W59/><G94/><T61/><D123/><U126/><E117/><V101/><F121/><W7/><G45/><T57/><D33/><U43/><E129/><V88/><F118/><W99/><G99/><T32/><D119/><U21/><E126/><V9/><F101/><W72/><G132/><T2/><D32/><U100/><E100/><V112/><F112/><W82/><G72/><T125/><D125/><U20/><E77/><V116/><F116/><W54/><G29/><T26/><D135/><U122/><E75/><V50/><F9/><W4/><AGARI ba="1,0" hai="4,7,12,14,34,35,54,55,58,59,82,83,109,110" machi="4" ten="25,3200,0" yaku="0,1,22,2" doraHai="22" who="3" fromWho="3" sc="106,-9,439,-9,303,-17,152,35" />
</Scene>
<Scene>
<INIT seed="7,0,0,3,2,12" ten="97,430,286,187" oya="3" hai0="13,65,109,129,122,50,131,128,98,48,34,96,124" hai1="71,26,115,53,116,91,119,125,94,33,83,97,117" hai2="123,52,3,114,106,39,23,99,25,110,44,135,10" hai3="82,81,127,92,64,69,133,22,32,70,18,104,46"/><W111/><G104/><T16/><D122/><U88/><E115/><V121/><F110/><W60/><G32/><T63/><D109/><U73/><E125/><V79/><F79/><W74/><G111/><T42/><D34/><U28/><E71/><V15/><F3/><W67/><G127/><T31/><D31/><U35/><E53/><V59/><F114/><W21/><G133/><T41/><D124/><U17/><E17/><N who="2" m="12527" /><F44/><W75/><G46/><T7/><D7/><U78/><E35/><V43/><F43/><W8/><G92/><T132/><D132/><U58/><E58/><V107/><F99/><W134/><G134/><T55/><D42/><U30/><E30/><V27/><F27/><W47/><G47/><T45/><D50/><U11/><E11/><V36/><F135/><W1/><G8/><T113/><D113/><U102/><AGARI ba="0,0" hai="26,28,33,73,78,83,88,91,94,97,102,116,117,119" machi="102" ten="30,4000,0" yaku="0,1,12,1,54,1" doraHai="12" who="1" fromWho="1" sc="97,-10,430,40,286,-10,187,-20" owari="87,-41.0,470,56.0,276,8.0,167,-23.0" />
</Scene>
</mjloggm>