<mjloggm ver="2.3"><GO type="169"/><UN n0="%E3%81%AF%E3%81%9B%E3%81%99%E3%81%91%EF%BC%8E" n1="%47%61%4B%75" n2="%E5%A4%AA%E3%81%8F%E3%81%AA%E3%81%84%E3%81%8A" n3="%E8%B6%85%E3%83%92%E3%83%A2%E3%83%AA%E3%83%AD" dan="16,16,17,16" rate="2075,2093,2190,2047" sx="M,M,M,F"/><TAIKYOKU oya="0"/>

<Scene>
<INIT seed="0,0,0,2,1,1" ten="250,250,250,250" oya="0" hai0="123,5,10,92,77,75,45,43,14,120,118,51,84" hai1="13,127,31,28,109,131,96,106,58,69,22,12,72" hai2="119,110,126,76,27,95,91,26,115,94,89,103,129" hai3="78,42,130,63,67,16,19,44,62,17,15,114,93"/><T29/><D118/><U132/><E69/><V121/><F115/><W101/><G114/><T128/><D128/><U35/><E72/><V102/><F121/><W20/><G130/><T49/><D75/><U0/><E131/><V55/><F129/><W134/><G134/><T80/><D92/><U73/><E73/><V125/><F55/><W25/><G78/><T104/><D104/><U8/><E58/><V74/><F74/><W85/><G15/><N who="1" m="5706" /><E96/><V2/><F2/><W48/><G63/><T68/><D68/><U61/><E61/><V56/><F56/><N who="3" m="37319" /><G85/><T53/><REACH who="0" step="1"/><D29/><REACH who="0" ten="240,250,250,250" step="2"/><U54/><E28/><V107/><F107/><W122/><G122/><T70/><D70/><U113/><E31/><V65/><F119/><W105/><G105/><T52/><D52/><U98/><E54/><V97/><F65/><W50/><G93/><T57/><AGARI ba="0,1" hai="5,10,14,43,45,49,51,53,57,77,80,84,120,123" machi="57" ten="20,18000,2" yaku="1,1,0,1,7,1,25,2,52,1,53,0" doraHai="1" doraHaiUra="66" who="0" fromWho="0" sc="240,190,250,-60,250,-60,250,-60" />
</Scene>
<Scene>
<INIT seed="0,1,0,4,4,119" ten="430,190,190,190" oya="0" hai0="91,4,84,9,44,73,64,63,3,127,120,72,51" hai1="111,71,133,49,40,99,1,123,66,32,7,109,2" hai2="102,94,124,21,88,121,14,15,20,48,60,18,26" hai3="43,54,129,56,38,93,97,65,50,106,62,6,8"/><T28/><D120/><U86/><E32/><V41/><F124/><W132/><G106/><T87/><D127/><U37/><E37/><V13/><F121/><W61/><G129/><T46/><D28/><U128/><E128/><V81/><F102/><W77/><G77/><T17/><D17/><U67/><E133/><V79/><F60/><W42/><G62/><T95/><D84/><U115/><E115/><V113/><F113/><W101/><G132/><T12/><D3/><U74/><E74/><V57/><F41/><W80/><G80/><T45/><REACH who="0" step="1"/><D51/><REACH who="0" ten="420,190,190,190" step="2"/><U33/><E49/><V107/><F48/><W114/><G38/><T22/><D22/><U29/><E29/><V110/><F21/><W83/><G114/><T58/><AGARI ba="1,1" hai="4,9,12,44,45,46,58,63,64,72,73,87,91,95" machi="58" ten="30,6000,0" yaku="1,1,0,1,53,1" doraHai="119" doraHaiUra="0" who="0" fromWho="0" sc="420,73,190,-21,190,-21,190,-21" />
</Scene>
<Scene>
<INIT seed="0,2,0,0,3,97" ten="493,169,169,169" oya="0" hai0="131,81,82,14,113,90,105,20,56,59,16,135,126" hai1="127,7,102,61,66,34,110,101,123,53,108,64,4" hai2="75,54,8,18,5,96,92,79,121,77,27,89,132" hai3="69,104,49,51,63,93,55,85,45,33,125,10,134"/><T30/><D113/><U40/><E34/><V50/><F121/><W39/><G104/><T3/><D3/><U116/><E116/><V48/><F132/><W86/><G33/><T13/><D135/><U46/><E123/><V95/><F75/><W71/><G39/><T6/><D131/><U107/><E107/><V2/><F48/><W31/><G31/><T25/><D126/><U57/><E127/><V129/><F129/><W47/><G125/><T83/><D105/><U76/><E76/><V36/><F36/><W41/><G134/><T130/><D130/><U78/><E78/><V80/><F80/><W26/><G26/><T44/><D44/><U42/><E53/><V67/><F67/><W119/><G119/><T24/><D90/><U114/><E114/><V21/><REACH who="2" step="1"/><F95/><REACH who="2" ten="493,169,159,169" step="2"/><W60/><G93/><T128/><D128/><U32/><E32/><V23/><F23/><W29/><G51/><T17/><D81/><U15/><E64/><V118/><F118/><W94/><G49/><T74/><D74/><U72/><E72/><V28/><F28/><W62/><G94/><T117/><D117/><U37/><E42/><V52/><F52/><W109/><G29/><T91/><D30/><U112/><E112/><V122/><F122/><W120/><G120/><T22/><D91/><U124/><E124/><V115/><F115/><W106/><G41/><T84/><D84/><U58/><E37/><V68/><F68/><W12/><G106/><T87/><D87/><U19/><E40/><V88/><F88/><W133/><G133/><T99/><D83/><U11/><E66/><RYUUKYOKU ba="2,1" sc="493,-10,169,-10,159,30,169,-10" hai2="2,5,8,18,21,27,50,54,77,79,89,92,96" />
</Scene>
<Scene>
<INIT seed="1,3,1,2,2,115" ten="483,159,189,159" oya="1" hai0="18,10,66,35,134,5,64,62,42,27,59,114,119" hai1="67,98,48,105,9,92,0,13,31,85,108,32,97" hai2="90,17,78,68,33,57,47,95,14,135,107,50,118" hai3="127,2,120,58,131,104,69,71,24,34,84,43,46"/><U8/><E32/><V51/><F68/><W86/><G120/><T70/><D114/><U110/><E31/><V12/><F107/><W121/><G121/><T41/><D134/><U11/><E67/><V1/><F1/><W53/><G2/><T88/><D119/><U65/><E65/><V61/><F33/><W133/><G104/><T103/><D103/><U63/><E63/><V37/><F135/><W75/><G75/><T130/><D130/><U100/><E85/><V26/><F78/><W80/><G127/><T72/><D72/><U6/><E48/><N who="2" m="18475" /><F118/><W106/><G106/><T21/><D35/><U25/><E25/><V113/><F47/><W73/><G73/><T116/><D116/><U77/><E77/><V49/><F49/><W81/><G34/><T102/><D102/><U126/><E126/><V52/><F37/><W40/><G133/><T111/><D111/><N who="1" m="42539" /><E0/><V123/><F123/><W79/><G131/><T76/><D76/><U109/><N who="1" m="42547" /><U30/><DORA hai="23" /><E30/><V74/><F113/><W117/><G117/><T39/><D39/><U99/><E99/><N who="2" m="57847" /><F74/><W22/><G69/><T45/><D45/><U15/><E6/><V101/><F101/><AGARI ba="3,1" hai="8,9,11,13,15,92,97,98,100,101,105" m="42547" machi="101" ten="50,4800,0" yaku="14,1,10,1" doraHai="115,23" who="1" fromWho="2" sc="483,0,159,67,189,-57,159,0" />
</Scene>
<Scene>
<INIT seed="1,4,0,3,5,110" ten="483,226,132,159" oya="1" hai0="75,92,59,34,116,64,14,46,49,100,106,47,78" hai1="104,0,125,5,57,18,89,76,122,133,56,79,84" hai2="71,95,63,82,26,65,69,86,33,60,99,3,112" hai3="11,51,91,6,39,10,50,15,77,25,72,105,28"/><U115/><E115/><V23/><F3/><W2/><G39/><T38/><D106/><U37/><E122/><V20/><F33/><W67/><G105/><T21/><D34/><U124/><E37/><V68/><F112/><W41/><G41/><T114/><D114/><U7/><E104/><V118/><F118/><W48/><G67/><T93/><D116/><U90/><E133/><V102/><F63/><W29/><G77/><N who="1" m="29770" /><E18/><V129/><F129/><W42/><G72/><T120/><D120/><U123/><E123/><V27/><F23/><W135/><G135/><T4/><D38/><U40/><E40/><V32/><F32/><W73/><G73/><T94/><D100/><U24/><E24/><V121/><F121/><W85/><G25/><T55/><D64/><U87/><E0/><V70/><REACH who="2" step="1"/><F20/><REACH who="2" ten="483,226,122,159" step="2"/><W98/><G42/><T30/><D75/><U62/><E62/><V13/><F13/><W74/><G74/><T54/><D21/><U12/><E12/><V31/><F31/><W80/><G28/><T22/><D30/><U113/><E113/><V132/><F132/><W58/><G29/><T19/><D4/><U16/><E5/><V101/><F101/><W66/><G2/><T131/><D131/><U130/><E7/><V35/><F35/><W134/><G134/><T128/><D128/><U43/><E130/><V103/><F103/><W126/><G6/><T111/><D111/><U45/><E16/><V81/><F81/><W109/><G109/><T97/><D19/><U119/><E119/><V52/><F52/><W107/><G80/><T1/><D55/><RYUUKYOKU ba="4,1" sc="483,-10,226,-10,122,30,159,-10" hai2="26,27,60,65,68,69,70,71,82,86,95,99,102" />
</Scene>
<Scene>
<INIT seed="2,5,1,0,4,51" ten="473,216,152,149" oya="2" hai0="107,122,22,83,30,1,77,79,90,128,100,98,9" hai1="93,57,116,38,121,68,91,8,94,118,117,25,24" hai2="13,28,52,62,14,10,72,34,105,33,44,106,84" hai3="61,97,18,134,135,115,131,76,36,87,69,119,111"/><V74/><F84/><W55/><G119/><T75/><D122/><U126/><E68/><V7/><F28/><W114/><G36/><T26/><D128/><U0/><E38/><V130/><F130/><W80/><G131/><T109/><D109/><U113/><E113/><N who="3" m="43018" /><G111/><T133/><D133/><N who="3" m="50697" /><G18/><T129/><D129/><U56/><E121/><V46/><F62/><W96/><G69/><T12/><D1/><U88/><E126/><V5/><REACH who="2" step="1"/><F10/><REACH who="2" ten="473,216,142,149" step="2"/><W110/><G110/><T17/><D75/><U54/><E8/><V19/><F19/><W3/><G3/><T73/><D73/><U37/><E0/><V127/><F127/><W50/><G61/><T43/><D9/><U21/><E117/><V65/><F65/><W47/><AGARI ba="5,2" hai="47,50,55,76,80,87,96,97" m="50697,43018" machi="47" ten="30,4000,0" yaku="11,1,20,1,52,1" doraHai="51" who="3" fromWho="3" sc="473,-15,216,-15,142,-25,149,75" />
</Scene>
<Scene>
<INIT seed="3,0,0,1,2,108" ten="458,201,117,224" oya="3" hai0="24,133,90,0,27,30,84,14,82,10,122,69,8" hai1="25,79,112,81,5,49,125,101,111,16,45,35,89" hai2="65,12,132,131,59,51,128,31,38,92,61,20,135" hai3="100,106,55,33,123,75,102,72,124,88,28,93,85"/><W52/><G123/><T13/><D122/><U114/><E111/><V48/><F92/><W37/><G37/><T127/><D69/><U56/><E5/><V73/><F73/><W42/><G42/><T22/><D133/><N who="2" m="51274" /><F12/><W130/><G130/><N who="2" m="49705" /><F20/><W58/><G28/><T2/><D127/><U18/><E125/><V76/><F76/><W120/><G124/><T83/><D83/><U7/><E7/><V54/><F31/><W105/><G120/><T43/><D43/><U110/><E110/><V95/><F95/><W60/><G33/><T99/><D99/><U9/><E89/><V26/><F26/><W39/><G39/><T63/><D27/><U15/><E101/><V29/><F29/><W121/><G121/><T80/><D80/><U74/><E35/><V71/><F38/><W34/><G34/><T94/><D94/><U23/><REACH who="1" step="1"/><E56/><REACH who="1" ten="458,191,117,224" step="2"/><N who="2" m="32863" /><F48/><W41/><G102/><T40/><D90/><U4/><E4/><V70/><AGARI ba="0,1" hai="59,61,65,70,71" m="32863,49705,51274" machi="70" ten="40,8000,1" yaku="20,1,19,1,34,2" doraHai="108" who="2" fromWho="2" sc="458,-20,191,-20,117,90,224,-40" />
</Scene>
<Scene>
<INIT seed="4,0,0,5,1,130" ten="438,171,207,184" oya="0" hai0="127,60,18,56,8,23,0,20,126,93,39,86,6" hai1="4,118,61,46,129,48,77,85,79,26,57,106,110" hai2="101,82,71,97,7,74,80,103,45,98,102,84,90" hai3="99,21,44,64,35,113,24,128,131,68,78,42,65"/><T15/><D39/><U91/><E106/><V67/><F7/><W38/><G35/><T66/><D86/><U22/><E118/><V55/><F67/><W63/><G113/><T133/><D93/><U30/><E110/><V92/><F71/><W132/><G65/><T117/><D117/><U36/><E4/><V89/><F55/><W50/><G78/><T95/><D95/><U31/><E31/><V112/><F45/><W59/><G99/><T73/><D73/><U94/><E36/><V5/><F5/><W108/><G108/><T88/><D88/><U19/><E30/><V134/><F112/><W53/><REACH who="3" step="1"/><G132/><REACH who="3" ten="438,171,207,174" step="2"/><T124/><D23/><U14/><E129/><V100/><F134/><AGARI ba="0,1" hai="0,6,8,15,18,20,56,60,66,124,126,127,133,134" machi="134" ten="50,9600,0" yaku="18,1,52,2" doraHai="130" who="0" fromWho="2" sc="438,106,171,0,207,-96,174,0" />
</Scene>
<Scene>
<INIT seed="4,1,0,3,1,50" ten="544,171,111,174" oya="0" hai0="91,30,108,129,59,17,93,87,131,52,69,66,34" hai1="1,123,45,33,99,70,88,53,29,16,122,90,15" hai2="80,23,119,14,35,89,57,124,118,51,121,111,37" hai3="106,86,82,104,125,7,97,96,9,92,85,117,105"/><T13/><D108/><U135/><E1/><V49/><F37/><W48/><G117/><N who="2" m="44553" /><F111/><W25/><G125/><T76/><D76/><U130/><E70/><V101/><F35/><W19/><G19/><T58/><D34/><U39/><E39/><V83/><F121/><W78/><G25/><T46/><D30/><U126/><E126/><V20/><F124/><W54/><G86/><T68/><D46/><U67/><E67/><V120/><F120/><W44/><REACH who="3" step="1"/><G92/><REACH who="3" ten="544,171,111,164" step="2"/><T116/><D116/><U98/><E122/><V2/><F83/><W5/><G5/><T95/><D95/><U21/><E123/><V60/><F80/><W28/><G28/><T55/><D131/><U79/><E29/><V12/><F2/><AGARI ba="1,1" hai="2,7,9,44,48,54,78,82,85,96,97,104,105,106" machi="2" ten="40,5200,0" yaku="1,1,52,1,53,1" doraHai="50" doraHaiUra="0" who="3" fromWho="2" sc="544,0,171,0,111,-55,164,65" />
</Scene>
<Scene>
<INIT seed="5,0,0,5,2,113" ten="544,171,56,229" oya="1" hai0="74,12,72,109,17,126,70,9,133,88,102,71,18" hai1="104,75,49,115,53,13,48,77,111,41,99,130,28" hai2="124,114,11,33,57,96,35,16,0,106,45,42,134" hai3="51,40,19,38,58,93,125,23,1,65,91,87,127"/><U81/><E115/><V46/><F114/><W97/><G1/><T54/><D109/><U80/><E111/><V92/><F106/><W98/><G38/><T68/><D102/><U123/><E123/><V89/><F124/><N who="3" m="47691" /><G40/><T110/><D110/><U30/><E130/><V122/><F122/><W47/><G47/><T34/><D34/><U52/><E81/><V60/><F134/><W100/><G65/><T66/><D126/><U8/><E99/><V24/><F0/><W3/><G3/><T50/><D133/><U121/><E104/><V27/><F35/><W55/><G100/><T107/><D107/><U32/><E121/><V64/><F33/><W129/><G129/><T36/><D36/><U95/><E95/><V78/><F78/><W63/><G63/><T67/><D18/><U2/><E2/><V90/><F90/><W132/><G132/><T118/><D118/><U43/><E32/><V108/><F108/><W56/><G56/><T62/><D88/><U59/><E43/><V128/><F128/><W14/><AGARI ba="0,0" hai="14,19,23,51,55,58,87,91,93,97,98" m="47691" machi="14" ten="30,2000,0" yaku="25,1,18,1" doraHai="113" who="3" fromWho="3" sc="544,-5,171,-10,56,-5,229,20" />
</Scene>
<Scene>
<INIT seed="6,0,0,2,5,47" ten="539,161,51,249" oya="2" hai0="94,48,65,100,95,1,110,85,135,29,133,49,108" hai1="113,20,131,56,120,45,43,132,38,36,73,26,115" hai2="89,12,91,129,67,17,40,46,30,28,68,22,105" hai3="2,98,62,86,96,71,13,24,52,119,99,35,90"/><V76/><F105/><W117/><G2/><T31/><D1/><U80/><E131/><V84/><F129/><W70/><G13/><T88/><D65/><U53/><E132/><N who="0" m="50761" /><D100/><U10/><E10/><V14/><F68/><W50/><G35/><T25/><D95/><U54/><E120/><V33/><F67/><W111/><G111/><N who="0" m="42539" /><D31/><N who="2" m="11818" /><F33/><AGARI ba="0,0" hai="25,29,33,48,49,85,88,94" m="42539,50761" machi="33" ten="30,7700,0" yaku="20,1,52,2,54,1" doraHai="47" who="0" fromWho="2" sc="539,77,161,0,51,-77,249,0" owari="616,72.0,161,-24.0,-26,-53.0,249,5.0" />
</Scene>
</mjloggm>