<mjloggm ver="2.3"><GO type="97"/><UN n0="%E5%A4%AA%E3%81%8F%E3%81%AA%E3%81%84%E3%81%8A" n1="%E3%82%B3%E3%83%AD%E3%83%A9%E3%83%89" n2="%E5%BB%A3%E6%B8%88%E5%A0%82%E6%9C%AC%E5%BA%97" n3="%E5%86%B7%E5%87%8D%E3%81%BF%E3%81%8B%E3%82%93" dan="14,14,13,14" rate="2011,2022,1811,1927" sx="M,M,M,F"/><TAIKYOKU oya="0"/>

<Scene>
<INIT seed="0,0,0,5,2,126" ten="250,250,250,250" oya="0" hai0="9,82,21,67,51,107,23,58,123,68,59,77,30" hai1="46,98,89,36,12,47,0,94,121,100,71,34,19" hai2="37,114,22,43,28,122,115,8,52,79,20,16,29" hai3="128,73,53,18,1,135,92,111,116,106,69,87,96"/><T25/><D123/><U48/><E121/><V74/><F122/><W5/><G111/><T88/><D107/><U10/><E71/><V118/><F118/><W7/><G73/><T91/><D68/><U33/><E0/><V132/><F132/><W27/><G135/><T76/><D9/><U119/><E119/><V61/><F79/><N who="0" m="30282" /><D23/><U101/><E36/><V117/><F74/><W6/><G1/><T127/><D127/><U57/><E57/><N who="0" m="21513" /><D67/><U45/><REACH who="1" step="1"/><E48/><REACH who="1" ten="250,240,250,250" step="2"/><V133/><F117/><W85/><G69/><T14/><D51/><U62/><E62/><V55/><F37/><W72/><G116/><T97/><D14/><U90/><E90/><N who="0" m="34345" /><D97/><U3/><E3/><V15/><F133/><W134/><G134/><T44/><D44/><U95/><E95/><V56/><F115/><W84/><G92/><T99/><D99/><U113/><E113/><V24/><F114/><W80/><G96/><T70/><D70/><U65/><E65/><N who="2" m="39079" /><F43/><W32/><G106/><T75/><D75/><U40/><E40/><V50/><F50/><W81/><G72/><T49/><D49/><U54/><E54/><V66/><F66/><W31/><G53/><T120/><D120/><U11/><E11/><V4/><F4/><W42/><G7/><T112/><D112/><U86/><E86/><V109/><F109/><W105/><G87/><T125/><D125/><U38/><E38/><V78/><F78/><W63/><G85/><T39/><D39/><U104/><E104/><V83/><F83/><AGARI ba="0,1" hai="21,25,30,82,83" m="34345,21513,30282" machi="83" ten="30,2900,0" yaku="8,1,54,1" doraHai="126" who="0" fromWho="2" sc="250,39,240,0,250,-29,250,0" />
</Scene>
<Scene>
<INIT seed="0,1,0,0,1,80" ten="289,240,221,250" oya="0" hai0="49,109,84,110,103,105,126,108,82,91,131,61,11" hai1="30,81,66,114,122,59,113,9,62,134,101,64,79" hai2="7,48,36,25,74,121,71,37,34,60,128,38,43" hai3="99,44,115,15,21,5,47,89,92,4,70,20,65"/><T125/><D131/><U123/><E134/><V16/><F121/><W46/><G115/><N who="1" m="44042" /><E30/><V24/><F128/><W56/><G70/><T119/><D119/><U54/><E101/><V27/><F74/><W13/><G65/><N who="1" m="25194" /><E9/><V31/><F7/><N who="3" m="2635" /><G56/><T28/><D11/><U35/><E35/><V22/><F27/><W52/><G52/><T68/><D28/><U67/><N who="1" m="25202" /><U100/><DORA hai="50" /><E100/><V55/><F71/><W95/><G95/><T23/><D23/><AGARI ba="1,0" hai="13,15,20,21,23,44,46,47,89,92,99" m="2635" machi="23" ten="30,1000,0" yaku="8,1" doraHai="80,50" who="3" fromWho="0" sc="289,-13,240,0,221,0,250,13" />
</Scene>
<Scene>
<INIT seed="1,0,0,5,5,100" ten="276,240,221,263" oya="1" hai0="39,99,85,76,131,6,55,118,108,71,106,40,78" hai1="44,13,72,23,57,103,83,67,56,120,87,79,112" hai2="46,63,3,61,1,110,25,60,115,10,29,119,58" hai3="80,36,105,101,21,48,41,2,37,116,90,17,132"/><U66/><E112/><V12/><F119/><W70/><G2/><T104/><D118/><U123/><E72/><V109/><F115/><W86/><G70/><T14/><D71/><U95/><E44/><V98/><F46/><W35/><G35/><T75/><D75/><U38/><E38/><V127/><F127/><W89/><G132/><T31/><D31/><U111/><E111/><N who="2" m="42507" /><F58/><N who="1" m="22633" /><E123/><V124/><F124/><W93/><G116/><T130/><D108/><U53/><E53/><V50/><F50/><W68/><G68/><T8/><D99/><N who="1" m="59903" /><E120/><V62/><N who="2" m="15872" /><DORA hai="49" /><V51/><F51/><W94/><G48/><T77/><D55/><U30/><E30/><V15/><F98/><W96/><G96/><T0/><D0/><N who="2" m="74" /><F10/><W5/><G37/><T47/><REACH who="0" step="1"/><D85/><REACH who="0" ten="266,240,221,263" step="2"/><U43/><E43/><V88/><F29/><W45/><G41/><T27/><D27/><U84/><E87/><V82/><F25/><W34/><G86/><AGARI ba="0,1" hai="12,15,82,86,88" m="74,15872,42507" machi="86" ten="50,3200,0" yaku="14,1,54,1" doraHai="100,49" who="2" fromWho="3" sc="266,0,240,0,221,42,263,-32" />
</Scene>
<Scene>
<INIT seed="2,0,0,5,5,65" ten="266,240,263,231" oya="2" hai0="134,119,129,67,47,132,34,112,118,131,77,56,52" hai1="121,111,98,22,21,44,41,49,55,33,113,95,32" hai2="71,78,107,58,30,100,53,92,76,66,28,90,110" hai3="106,27,14,25,102,51,37,43,18,91,97,68,13"/><V29/><F110/><W128/><G37/><T2/><D2/><U85/><E113/><V125/><F125/><W127/><G127/><T9/><D34/><U57/><E111/><V45/><F45/><W8/><G128/><N who="0" m="49227" /><D9/><U130/><E130/><V17/><F107/><W24/><G91/><T12/><D12/><U20/><E121/><V109/><F109/><W50/><G43/><T93/><D93/><U48/><REACH who="1" step="1"/><E85/><REACH who="1" ten="266,230,263,231" step="2"/><V116/><F116/><N who="0" m="44586" /><D112/><U62/><E62/><V7/><F100/><AGARI ba="0,1" hai="20,21,22,32,33,41,44,48,49,55,57,95,98,100" machi="100" ten="40,1300,0" yaku="1,1,53,0" doraHai="65" doraHaiUra="122" who="1" fromWho="2" sc="266,0,230,23,263,-13,231,0" />
</Scene>
<Scene>
<INIT seed="3,0,0,2,3,54" ten="266,253,250,231" oya="3" hai0="123,19,31,104,119,113,79,64,27,13,76,131,130" hai1="4,95,105,43,126,68,80,83,109,52,125,100,11" hai2="59,6,67,39,16,38,87,62,133,5,128,75,94" hai3="101,28,65,36,97,72,46,110,55,49,71,98,124"/><W26/><G72/><T50/><D123/><U70/><E105/><V107/><F75/><W85/><G124/><N who="1" m="47722" /><E43/><V86/><F107/><W114/><G114/><T17/><D119/><U63/><E109/><V129/><F133/><W102/><G110/><T45/><D104/><U25/><E25/><V3/><F16/><N who="0" m="6218" /><D13/><N who="1" m="5351" /><E95/><V42/><F42/><W56/><G85/><T89/><D89/><U20/><E20/><V78/><F87/><W40/><G102/><T116/><D116/><U15/><E15/><V32/><F32/><N who="3" m="20503" /><G101/><T103/><D103/><U61/><E100/><V51/><F51/><W47/><G47/><T88/><D88/><U115/><E115/><V69/><F69/><N who="1" m="26729" /><E63/><AGARI ba="0,0" hai="36,40,46,49,55,56,63,65,71,97,98" m="20503" machi="63" ten="30,2900,0" yaku="24,1,52,1" doraHai="54" who="3" fromWho="1" sc="266,0,253,-29,250,0,231,29" />
</Scene>
<Scene>
<INIT seed="3,1,0,4,4,131" ten="266,224,250,260" oya="3" hai0="53,82,34,12,39,56,23,6,68,26,87,27,58" hai1="121,120,17,134,1,59,79,30,115,105,85,123,88" hai2="91,94,93,64,74,101,92,18,71,13,33,31,60" hai3="104,37,124,77,7,25,19,81,9,96,8,2,42"/><W43/><G124/><T73/><D68/><U45/><E115/><V69/><F74/><W135/><G135/><T62/><D39/><U22/><E105/><V61/><F101/><W67/><G67/><T117/><D117/><U46/><E1/><V119/><F119/><W65/><G65/><T3/><D73/><U100/><E100/><V99/><F33/><W108/><G108/><T52/><D34/><U107/><E107/><V20/><REACH who="2" step="1"/><F31/><REACH who="2" ten="266,224,240,260" step="2"/><W10/><G104/><T118/><D118/><U109/><E109/><V70/><F70/><W111/><G111/><T55/><D3/><U98/><E30/><V5/><F5/><W47/><G42/><T116/><D116/><U41/><E134/><V36/><F36/><W97/><G7/><T72/><D72/><U133/><E133/><V0/><F0/><W86/><REACH who="3" step="1"/><G2/><REACH who="3" ten="266,224,240,250" step="2"/><T89/><D6/><U102/><E41/><V63/><F63/><W48/><G48/><T40/><D40/><U110/><E110/><V112/><F112/><W51/><G51/><T49/><D49/><U122/><E122/><V35/><F35/><W32/><G32/><T66/><D58/><U126/><E59/><V84/><F84/><W103/><G103/><T76/><D56/><U21/><E102/><V75/><F75/><W125/><G125/><T132/><D132/><U11/><E126/><V50/><F50/><W57/><G57/><T80/><D87/><U130/><E123/><V16/><F16/><W24/><G24/><T29/><D27/><U129/><E121/><V14/><F14/><W106/><G106/><T38/><D12/><RYUUKYOKU ba="1,2" sc="266,-15,224,-15,240,15,250,15" hai2="13,18,20,60,61,64,69,71,91,92,93,94,99" hai3="8,9,10,19,25,37,43,47,77,81,86,96,97" />
</Scene>
<Scene>
<INIT seed="3,2,2,5,0,33" ten="251,209,255,265" oya="3" hai0="6,86,29,69,79,34,124,110,42,51,100,21,60" hai1="115,52,16,5,63,81,46,99,28,50,78,31,13" hai2="114,30,135,64,89,65,101,11,14,68,48,44,92" hai3="87,55,133,72,88,126,17,131,74,26,113,49,107"/><W120/><G113/><T66/><D110/><U35/><E115/><V116/><F114/><W129/><G120/><T39/><D124/><U104/><E35/><V57/><F116/><W119/><G126/><T102/><D34/><U27/><E27/><V127/><F127/><W77/><G107/><T109/><D109/><U12/><E104/><V130/><F135/><W22/><G133/><T8/><D39/><U111/><E111/><V85/><F130/><N who="3" m="49675" /><G77/><T25/><D42/><U10/><E99/><N who="2" m="59623" /><F68/><W96/><G96/><T83/><REACH who="0" step="1"/><D51/><REACH who="0" ten="241,209,255,265" step="2"/><U45/><E63/><V75/><F75/><W122/><G122/><T19/><D19/><U1/><E1/><AGARI ba="2,3" hai="1,6,8,21,25,29,60,66,69,79,83,86,100,102" machi="1" ten="30,3900,0" yaku="1,1,7,1,52,1,53,0" doraHai="33" doraHaiUra="103" who="0" fromWho="1" sc="241,75,209,-45,255,0,265,0" owari="316,41.0,164,-34.0,255,-14.0,265,7.0" />
</Scene>
</mjloggm>