<mjloggm ver="2.3"><GO type="193"/><UN n0="%E5%A4%AA%E3%81%8F%E3%81%AA%E3%81%84%E3%81%8A" n1="%E9%81%A0%E8%97%A4%E7%B6%BE" n2="%E3%81%8C%E3%82%8A%E3%81%A3%E3%81%8F" n3="%6C%6F%75%70%64%65%6D%65" dan="11,12,12,10" rate="1831,1732,1670,1759" sx="M,F,M,M"/><TAIKYOKU oya="0"/>

<Scene>
<INIT seed="0,0,0,1,3,132" ten="250,250,250,250" oya="0" hai0="122,12,115,121,118,86,44,97,126,36,0,117,98" hai1="29,7,9,16,119,76,25,19,62,90,49,38,73" hai2="13,45,100,88,127,58,104,61,37,83,124,120,20" hai3="116,21,23,96,110,30,3,42,1,105,50,92,74"/><T56/><D0/><U103/><E38/><V4/><F120/><W89/><G116/><T95/><D56/><U85/><E103/><V109/><F109/><W28/><G74/><T54/><D12/><U51/><E119/><N who="0" m="45577" /><D54/><U133/><E76/><V34/><F34/><W87/><G110/><T18/><D18/><U39/><E73/><V66/><F104/><W24/><G105/><T64/><D44/><U32/><E39/><V46/><F100/><W101/><G101/><T112/><D64/><U81/><E62/><V128/><F128/><W59/><G96/><N who="0" m="36971" /><D36/><U69/><E69/><V84/><F37/><W17/><G17/><T93/><D126/><N who="2" m="48170" /><F20/><W26/><REACH who="3" step="1"/><G59/><REACH who="3" ten="250,250,250,240" step="2"/><T43/><D122/><U114/><E19/><V107/><F107/><W60/><G60/><T35/><D121/><U10/><E16/><V123/><F123/><W47/><AGARI ba="0,1" hai="1,3,21,23,24,26,28,30,42,47,50,87,89,92" machi="47" ten="30,7900,0" yaku="1,1,0,1,9,1,53,1" doraHai="132" doraHaiUra="41" who="3" fromWho="3" sc="250,-39,250,-20,250,-20,240,89" />
</Scene>
<Scene>
<INIT seed="1,0,0,0,5,77" ten="211,230,230,329" oya="1" hai0="63,123,54,119,14,114,109,71,121,4,19,35,115" hai1="42,126,88,1,7,62,15,69,22,56,39,135,66" hai2="128,49,65,116,67,131,72,64,24,74,59,104,106" hai3="58,108,113,55,46,107,73,111,38,32,12,94,129"/><U84/><E1/><V6/><F6/><W112/><G107/><T100/><D35/><U52/><E126/><V18/><F18/><W21/><G32/><T16/><D100/><U17/><E7/><V92/><F24/><W44/><G73/><T13/><D71/><U81/><E135/><V82/><F92/><W51/><G129/><T2/><D63/><U61/><E39/><V99/><F49/><W50/><G94/><T110/><D54/><U86/><E42/><V134/><F59/><W83/><G83/><T33/><D4/><U103/><E103/><V85/><F134/><W96/><G96/><T118/><D33/><U127/><E127/><V133/><F133/><W30/><G30/><T91/><D91/><U132/><E132/><V3/><F3/><AGARI ba="0,0" hai="2,3,13,14,16,19,109,110,114,115,118,119,121,123" machi="3" ten="25,12000,2" yaku="22,2,34,3,54,1" doraHai="77" who="0" fromWho="2" sc="211,120,230,0,230,-120,329,0" />
</Scene>
<Scene>
<INIT seed="2,0,0,4,2,131" ten="331,230,110,329" oya="2" hai0="73,104,90,21,133,71,48,112,134,59,83,102,32" hai1="119,16,67,3,7,96,93,81,78,20,94,46,116" hai2="80,51,49,91,45,52,54,110,56,34,124,61,92" hai3="30,36,100,5,121,69,19,6,120,79,65,127,97"/><V70/><F124/><W23/><G127/><T76/><D32/><U103/><E67/><V84/><F34/><W13/><G36/><T99/><D71/><U47/><E7/><V40/><F110/><W132/><G79/><T53/><D112/><U75/><E3/><V58/><F70/><W8/><G132/><N who="0" m="50795" /><D21/><U109/><E109/><V1/><F1/><W28/><G65/><T55/><D55/><U74/><E74/><V10/><F10/><W117/><G69/><T44/><D90/><U42/><E42/><V106/><F106/><W128/><G128/><T64/><D64/><U9/><E9/><V122/><F122/><W66/><G66/><T43/><D43/><U113/><E113/><V129/><REACH who="2" step="1"/><F129/><REACH who="2" ten="331,230,100,329" step="2"/><W63/><G120/><T18/><D18/><U41/><E16/><V101/><F101/><W17/><G100/><T39/><D39/><U62/><E103/><V37/><F37/><W135/><G121/><T2/><D2/><U29/><E116/><V27/><F27/><W82/><G117/><T95/><D104/><U0/><E0/><V118/><F118/><W50/><G135/><T68/><D68/><U4/><E119/><V60/><F60/><W126/><G63/><T57/><AGARI ba="0,1" hai="44,48,53,57,59,73,76,83,95,99,102" m="50795" machi="57" ten="30,7900,0" yaku="20,1,52,3" doraHai="131" who="0" fromWho="0" sc="331,89,230,-20,100,-39,329,-20" />
</Scene>
<Scene>
<INIT seed="3,0,0,5,1,27" ten="420,210,61,309" oya="3" hai0="14,104,90,72,38,85,108,41,63,66,113,133,96" hai1="107,11,74,52,20,130,5,88,131,8,92,34,71" hai2="98,31,60,33,1,25,129,30,7,17,47,132,103" hai3="26,42,54,101,24,58,106,28,59,36,99,55,12"/><W48/><G12/><T75/><D38/><U120/><E71/><V67/><F47/><W3/><G3/><T57/><D41/><U15/><E107/><V91/><F91/><W32/><G26/><T80/><D108/><U29/><E74/><V111/><F111/><W122/><G122/><T83/><D133/><U2/><E120/><V81/><F132/><W44/><G58/><T102/><D113/><U76/><E76/><V6/><F129/><N who="1" m="49161" /><E34/><N who="2" m="20815" /><F81/><W23/><REACH who="3" step="1"/><G55/><REACH who="3" ten="420,210,61,299" step="2"/><T64/><D64/><U126/><E52/><V94/><F67/><W134/><G134/><T84/><D14/><U135/><E135/><V117/><F60/><W13/><G13/><T125/><D125/><U123/><E123/><V109/><F94/><W112/><G112/><T119/><D119/><U79/><E126/><V128/><F98/><W18/><G18/><T82/><D82/><U51/><E2/><V97/><F109/><W53/><G53/><T124/><D124/><U37/><E15/><V87/><F97/><W4/><G4/><N who="2" m="1577" /><F103/><W9/><G9/><T49/><D49/><U16/><E8/><V93/><F93/><W77/><G77/><AGARI ba="0,1" hai="57,63,66,72,75,77,80,83,84,85,90,96,102,104" machi="77" ten="30,1000,0" yaku="7,1" doraHai="27" who="0" fromWho="3" sc="420,20,210,0,61,0,299,-10" owari="440,54.0,210,-19.0,61,-44.0,289,9.0" />
</Scene>
</mjloggm>