<mjloggm ver="2.3"><GO type="169"/><UN n0="%E5%A4%AA%E3%81%8F%E3%81%AA%E3%81%84%E3%81%8A" n1="%E6%96%B0%E8%B2%B4" n2="%E5%88%BB%E5%AD%90%E5%B8%82%E6%B0%91" n3="%E9%81%8A%E8%B5%B0" dan="16,16,16,16" rate="2087,2044,2068,2143" sx="M,M,M,F"/><TAIKYOKU oya="0"/>

<Scene>
<INIT seed="0,0,0,1,0,3" ten="250,250,250,250" oya="0" hai0="1,109,33,69,13,30,134,19,50,130,42,35,0" hai1="70,23,7,38,133,14,46,57,18,108,40,124,9" hai2="32,127,93,121,31,113,24,44,88,129,58,17,115" hai3="112,78,76,123,84,100,79,71,114,85,11,122,73"/><T125/><D69/><U132/><E70/><V5/><F121/><N who="3" m="46091" /><G71/><T103/><D103/><U74/><E108/><V48/><F129/><W120/><N who="3" m="46099" /><W95/><DORA hai="86" /><G11/><N who="0" m="6591" /><D50/><U28/><E28/><V47/><F127/><W65/><G65/><T53/><D53/><U45/><E124/><V118/><F118/><W91/><G73/><T117/><D42/><U89/><E74/><V131/><F131/><W102/><G85/><T64/><D64/><U90/><E57/><V75/><F75/><W60/><G60/><T43/><D43/><U61/><E61/><V99/><F5/><W4/><G4/><T72/><D72/><U67/><E46/><V94/><F17/><W101/><AGARI ba="0,0" hai="76,78,79,84,91,95,100,101,102,112,114" m="46099" machi="101" ten="50,8000,1" yaku="13,1,34,2,52,1" doraHai="3,86" who="3" fromWho="3" sc="250,-40,250,-20,250,-20,250,80" />
</Scene>
<Scene>
<INIT seed="1,0,0,2,5,29" ten="210,230,230,330" oya="1" hai0="12,40,84,129,105,44,130,72,57,37,92,54,79" hai1="63,19,74,0,109,48,111,82,45,134,62,60,34" hai2="108,83,28,41,71,112,16,76,120,9,58,10,59" hai3="123,32,78,13,131,101,126,115,124,75,17,11,66"/><U18/><E0/><V86/><F71/><W95/><G123/><T51/><D105/><U35/><E134/><V7/><F120/><W21/><G115/><T118/><D118/><U20/><E74/><V77/><F112/><W114/><G114/><T65/><D72/><U15/><E82/><V39/><F108/><N who="1" m="41545" /><E19/><V127/><F127/><N who="3" m="48683" /><G131/><T128/><D12/><U43/><AGARI ba="0,0" hai="15,18,20,34,35,43,45,48,60,62,63" m="41545" machi="43" ten="30,11700,0" yaku="14,1,10,1,52,2" doraHai="29" who="1" fromWho="1" sc="210,-39,230,117,230,-39,330,-39" />
</Scene>
<Scene>
<INIT seed="1,1,0,4,1,69" ten="171,347,191,291" oya="1" hai0="123,32,103,28,56,59,31,53,86,35,128,102,63" hai1="15,126,26,93,64,110,114,125,52,117,107,46,6" hai2="36,1,12,75,7,122,33,14,80,8,19,120,129" hai3="73,116,11,30,70,76,39,3,13,82,85,2,66"/><U49/><E107/><V10/><F129/><W105/><G116/><T25/><D128/><U100/><E114/><V42/><F33/><W74/><G105/><T118/><D118/><U96/><E117/><V5/><F19/><W54/><G30/><T51/><D123/><U101/><E64/><V20/><F20/><W0/><G39/><T81/><D32/><U121/><E121/><V119/><F14/><W95/><G54/><T4/><D4/><U22/><E110/><V50/><F50/><W87/><G66/><T108/><D31/><U57/><E101/><V88/><F88/><W40/><G40/><T97/><D108/><U124/><E46/><N who="2" m="23879" /><F119/><W23/><G70/><T104/><D102/><U98/><E98/><V44/><F44/><W79/><G23/><T91/><REACH who="0" step="1"/><D63/><REACH who="0" ten="161,347,191,291" step="2"/><U115/><E115/><V132/><F132/><W71/><G2/><T27/><D27/><U72/><E6/><V67/><F67/><W58/><G3/><T77/><D77/><AGARI ba="1,1" hai="1,5,7,8,10,12,75,77,80,120,122" m="23879" machi="77" ten="30,2000,0" yaku="25,1,52,1" doraHai="69" who="2" fromWho="0" sc="161,-23,347,0,191,33,291,0" />
</Scene>
<Scene>
<INIT seed="2,0,0,4,0,55" ten="138,347,224,291" oya="2" hai0="82,88,0,37,49,67,77,97,10,69,135,94,65" hai1="41,113,79,108,4,92,26,23,15,53,104,114,85" hai2="48,68,7,93,75,86,129,35,17,54,11,98,42" hai3="117,60,66,8,64,105,87,109,25,78,3,81,5"/><V57/><F68/><W9/><G117/><T20/><D37/><U106/><E41/><V125/><F75/><W32/><G109/><T74/><D135/><U34/><E34/><V118/><F35/><W6/><G105/><T61/><D67/><U126/><E108/><V76/><F118/><W63/><G60/><T40/><D20/><U13/><E126/><V102/><F125/><W130/><G130/><T73/><D73/><U29/><E106/><V70/><F70/><W59/><G66/><T22/><D22/><U33/><E104/><V96/><F98/><W50/><G50/><T1/><REACH who="0" step="1"/><D10/><REACH who="0" ten="128,347,224,291" step="2"/><U121/><E23/><V27/><F129/><W19/><G32/><T116/><D116/><U123/><E33/><V90/><F27/><W134/><G134/><T28/><D28/><U111/><E111/><V122/><F122/><W101/><G25/><T2/><D2/><U16/><E26/><V45/><F76/><W72/><G72/><T120/><D120/><U107/><E29/><V12/><F7/><W52/><G64/><T44/><AGARI ba="0,1" hai="0,1,40,44,49,61,65,69,74,77,82,88,94,97" machi="44" ten="30,7900,0" yaku="1,1,0,1,54,1,53,1" doraHai="55" doraHaiUra="46" who="0" fromWho="0" sc="128,89,347,-20,224,-39,291,-20" />
</Scene>
<Scene>
<INIT seed="3,0,0,5,4,36" ten="217,327,185,271" oya="3" hai0="123,47,79,107,108,128,83,109,5,70,28,105,122" hai1="12,119,74,71,16,77,117,39,110,9,101,134,13" hai2="100,127,1,43,65,80,21,96,116,15,48,7,92" hai3="37,50,124,126,90,58,86,42,61,22,78,87,8"/><W56/><G37/><T62/><D5/><U51/><E71/><V73/><F1/><W85/><G78/><T72/><D28/><U113/><E39/><V32/><F116/><N who="1" m="44617" /><E113/><V14/><F32/><W68/><G68/><T91/><D47/><U11/><E110/><N who="0" m="42601" /><D128/><U30/><E30/><V121/><F121/><N who="0" m="46090" /><D91/><U29/><E29/><V31/><F127/><N who="3" m="48683" /><G61/><T23/><D23/><U89/><E101/><V111/><F111/><W132/><G132/><T66/><AGARI ba="0,0" hai="62,66,70,72,79,83,105,107" m="46090,42601" machi="66" ten="40,2700,0" yaku="14,1,23,1" doraHai="36" who="0" fromWho="0" sc="217,27,327,-7,185,-7,271,-13" />
</Scene>
<Scene>
<INIT seed="4,0,0,3,1,135" ten="244,320,178,258" oya="0" hai0="91,89,75,101,132,14,19,44,32,93,0,45,54" hai1="86,61,71,21,67,24,59,52,48,43,118,42,102" hai2="73,127,60,83,53,33,68,36,23,113,77,69,119" hai3="123,12,27,74,97,84,50,131,1,55,80,125,63"/><T112/><D75/><U9/><E118/><V107/><F33/><W96/><G74/><T2/><D32/><U3/><E102/><V115/><F107/><W94/><G1/><T40/><D132/><U90/><E9/><V26/><F36/><W17/><G123/><T72/><D72/><U88/><E3/><V20/><F119/><W5/><G131/><T30/><D30/><U15/><E15/><V37/><F37/><W16/><G125/><T6/><D112/><N who="2" m="43082" /><F127/><W46/><G63/><T51/><D101/><U18/><REACH who="1" step="1"/><E90/><REACH who="1" ten="244,310,178,258" step="2"/><V11/><F11/><W82/><G27/><T34/><D89/><U103/><E103/><V76/><F76/><W64/><G12/><T109/><D2/><U65/><E65/><V29/><F20/><W58/><G64/><T92/><D34/><U79/><E79/><V66/><F66/><W95/><G5/><T4/><D0/><U70/><E70/><V10/><F10/><W100/><G17/><T133/><D6/><U117/><E117/><V128/><F128/><W129/><G16/><T87/><D4/><U104/><E104/><V124/><F124/><W22/><G22/><T25/><D19/><U39/><E39/><V62/><F69/><W7/><G7/><T105/><D105/><U8/><E8/><V85/><F68/><W13/><G129/><T78/><D14/><U98/><E98/><V49/><F73/><W41/><G13/><T35/><D35/><U126/><E126/><V108/><F108/><W99/><G99/><T47/><D109/><U110/><E110/><V130/><F130/><W106/><G106/><RYUUKYOKU ba="0,1" sc="244,-15,310,15,178,15,258,-15" hai1="18,21,24,42,43,48,52,59,61,67,71,86,88" hai2="23,26,29,49,53,60,62,77,83,85" />
</Scene>
<Scene>
<INIT seed="5,1,1,3,0,28" ten="229,325,193,243" oya="1" hai0="45,89,75,62,14,98,123,53,44,80,91,33,41" hai1="60,49,93,95,81,118,59,84,122,7,125,29,87" hai2="72,111,43,83,34,104,82,17,105,3,77,47,58" hai3="102,101,61,22,119,129,57,69,100,99,55,46,1"/><U6/><E118/><V124/><F111/><W32/><G32/><T35/><D123/><U96/><E122/><V130/><F130/><W126/><G129/><T68/><D14/><U27/><E49/><V109/><F109/><W97/><G119/><T107/><D107/><U48/><E48/><V39/><F124/><W65/><G126/><T5/><D5/><U21/><E125/><V37/><F37/><W112/><G112/><T85/><D75/><U115/><E115/><V30/><F17/><W113/><G113/><T2/><D2/><U67/><E95/><V20/><F20/><W8/><G46/><T134/><D134/><U13/><E13/><V90/><F58/><W135/><G135/><T31/><D31/><U73/><E73/><V103/><F103/><W120/><G22/><T131/><D131/><U106/><E106/><V51/><F51/><W36/><G36/><T116/><D116/><U117/><E117/><V76/><F90/><W42/><G42/><T79/><D45/><U114/><E114/><V78/><F78/><W9/><G120/><T128/><D128/><U11/><E11/><N who="3" m="4170" /><G1/><T121/><D121/><U70/><E70/><V56/><F56/><N who="3" m="34975" /><G69/><T52/><D68/><U26/><E27/><N who="2" m="18783" /><F3/><W66/><G57/><N who="0" m="35111" /><D41/><U110/><E110/><V108/><F108/><W4/><G4/><N who="1" m="1578" /><E81/><V74/><AGARI ba="1,1" hai="39,43,47,72,74,76,77,82,83,104,105" m="18783" machi="74" ten="30,4000,0" yaku="33,2,52,1" doraHai="28" who="2" fromWho="2" sc="229,-11,325,-21,193,53,243,-11" />
</Scene>
<Scene>
<INIT seed="6,0,0,3,0,14" ten="218,304,246,232" oya="2" hai0="71,59,77,27,111,16,112,119,127,134,131,86,53" hai1="38,83,7,126,106,130,90,128,64,96,60,48,61" hai2="6,26,52,76,51,78,66,120,95,103,132,68,93" hai3="1,114,44,70,8,98,0,39,135,50,65,2,37"/><V91/><F120/><W49/><G135/><T75/><D111/><U117/><E38/><V115/><F132/><W97/><G114/><T81/><D134/><U108/><E108/><V20/><F115/><W34/><G34/><T105/><D112/><U110/><E110/><V56/><F6/><W35/><G35/><T102/><D71/><U133/><E117/><V18/><F103/><W94/><G49/><T30/><D119/><U79/><E133/><V100/><F100/><W32/><G32/><T21/><D127/><U73/><E126/><V118/><F118/><W67/><G8/><T63/><D131/><U13/><E48/><V45/><F68/><W3/><N who="3" m="0" /><DORA hai="80" /><W4/><G4/><T69/><D69/><U124/><E124/><V129/><F129/><N who="1" m="49769" /><E64/><V22/><F22/><W29/><G29/><T84/><REACH who="0" step="1"/><D30/><REACH who="0" ten="208,304,246,232" step="2"/><U88/><E106/><V40/><F66/><W85/><G67/><T17/><D17/><U28/><E28/><V101/><F101/><W11/><G65/><T24/><D24/><U62/><E7/><V125/><F125/><W99/><G70/><T113/><D113/><U9/><E13/><V109/><F109/><W47/><G11/><T33/><D33/><U92/><E9/><V15/><F15/><W89/><REACH who="3" step="1"/><G47/><REACH who="3" ten="208,304,246,222" step="2"/><T57/><D57/><U43/><E62/><V19/><F56/><W82/><G82/><T31/><D31/><U25/><E61/><V87/><F45/><W121/><G121/><T23/><D23/><U36/><E60/><V107/><F20/><W74/><G74/><T54/><D54/><AGARI ba="0,2" hai="37,39,44,50,54,85,89,94,97,98,99" m="0" machi="54" ten="70,8000,1" yaku="1,1,52,1,53,1" doraHai="14,80" doraHaiUra="41,122" who="3" fromWho="0" sc="208,-80,304,0,246,0,222,100" />
</Scene>
<Scene>
<INIT seed="7,0,0,0,1,90" ten="128,304,246,322" oya="3" hai0="129,81,104,22,15,109,118,98,106,94,49,128,35" hai1="50,24,11,13,93,111,113,110,83,54,43,7,119" hai2="75,45,27,70,61,76,51,16,31,29,41,73,23" hai3="48,56,72,34,37,134,105,66,78,120,14,74,95"/><W85/><G105/><T57/><D35/><U103/><E113/><V92/><F76/><W1/><G1/><T42/><D109/><U69/><E69/><V12/><F31/><W46/><G34/><T44/><D118/><U25/><E119/><V100/><F70/><W53/><G120/><T79/><D57/><U97/><E43/><V30/><F30/><W130/><G130/><T89/><D129/><U58/><REACH who="1" step="1"/><E83/><REACH who="1" ten="128,294,246,322" step="2"/><V117/><F117/><W62/><G134/><T102/><D128/><U67/><E67/><V40/><F61/><W131/><G131/><T68/><D68/><U124/><E124/><V125/><F125/><W135/><G135/><T77/><D102/><U21/><E21/><V19/><F41/><W59/><G14/><T3/><D3/><U32/><E32/><V38/><F38/><W133/><G133/><T71/><D71/><U47/><E47/><V18/><REACH who="2" step="1"/><F12/><REACH who="2" ten="128,294,236,322" step="2"/><W99/><G37/><T82/><D77/><U33/><E33/><V2/><F2/><W91/><G46/><T96/><D96/><AGARI ba="0,2" hai="16,18,19,23,27,29,40,45,51,73,75,92,96,100" machi="96" ten="40,5200,0" yaku="1,1,52,1,54,1,53,0" doraHai="90" doraHaiUra="108" who="2" fromWho="0" sc="128,-52,294,0,236,72,322,0" owari="76,-42.0,294,-11.0,308,11.0,322,42.0" />
</Scene>
</mjloggm>