<mjloggm ver="2.3"><GO type="41"/><UN n0="%6D%61%6B%61%66%75%73%68" n1="%E5%A4%AA%E3%81%8F%E3%81%AA%E3%81%84%E3%81%8A" n2="%E6%9C%A8%E7%B6%BF%E8%B1%86%E8%85%90" n3="%E5%8A%A0%E8%B3%80%E6%84%9B" dan="13,14,14,15" rate="1896,2036,1926,2020" sx="M,M,F,F"/><TAIKYOKU oya="0"/>

<Scene>
<INIT seed="0,0,0,1,1,83" ten="250,250,250,250" oya="0" hai0="22,6,105,98,8,10,86,77,125,122,32,38,16" hai1="127,70,134,9,19,82,36,118,84,131,110,41,46" hai2="88,13,57,20,108,103,128,135,120,115,1,63,12" hai3="24,101,35,99,111,100,17,129,58,5,121,15,119"/><T25/><D122/><U37/><E118/><V44/><F120/><W7/><G119/><T133/><D38/><U72/><E70/><V67/><F115/><W42/><G121/><T18/><D125/><U92/><E127/><V107/><F1/><W124/><G124/><T4/><D133/><U79/><E134/><V40/><F135/><W123/><G123/><T78/><D105/><U95/><E110/><V23/><F108/><W26/><G111/><T2/><D98/><U96/><E131/><V71/><F128/><W114/><G129/><T45/><D32/><U113/><E113/><V47/><F47/><W68/><G114/><T89/><D45/><U81/><E37/><V28/><F71/><W74/><G68/><T39/><D18/><U85/><E82/><V90/><F103/><W76/><G35/><T64/><D64/><U80/><E81/><V126/><F107/><W116/><G74/><T30/><D30/><U31/><E31/><V132/><F132/><W50/><G116/><T27/><D27/><U54/><E54/><V61/><F61/><W69/><G69/><T11/><D39/><U34/><E34/><V43/><F126/><W49/><G76/><N who="0" m="29291" /><D2/><U55/><E55/><V33/><F33/><W130/><G130/><T0/><D0/><U117/><E117/><V21/><F28/><W91/><G42/><N who="2" m="15913" /><F44/><W59/><G17/><T97/><D97/><U29/><E29/><V48/><F48/><W93/><G99/><T87/><D89/><AGARI ba="0,0" hai="12,13,20,21,23,57,63,67,88,89,90" m="15913" machi="89" ten="30,2000,0" yaku="8,1,54,1" doraHai="83" who="2" fromWho="0" sc="250,-20,250,0,250,20,250,0" />
</Scene>
<Scene>
<INIT seed="1,0,0,0,0,64" ten="230,250,270,250" oya="1" hai0="44,87,83,37,6,123,7,81,9,39,78,10,116" hai1="84,135,68,8,60,34,52,125,92,124,46,13,58" hai2="80,42,113,1,90,71,91,33,5,26,43,117,69" hai3="126,35,107,66,48,36,109,112,131,20,72,14,50"/><U61/><E34/><V98/><F117/><W97/><G36/><T130/><D116/><U108/><E135/><V102/><F33/><W56/><G35/><T74/><D123/><U15/><E108/><V63/><F26/><W86/><G72/><T45/><D130/><U95/><E46/><V119/><F119/><W18/><G131/><T94/><D94/><U2/><E2/><V106/><F63/><W110/><G112/><T104/><D104/><U79/><E79/><V24/><F24/><W134/><G134/><T30/><D30/><U129/><E129/><V120/><F120/><W23/><G107/><T128/><D128/><U16/><E15/><V115/><F5/><W11/><G97/><T121/><D121/><U47/><E47/><N who="0" m="17993" /><D87/><U105/><E105/><V55/><F55/><W133/><G133/><T127/><D78/><U27/><E27/><V41/><F1/><W93/><G86/><T118/><D118/><U67/><REACH who="1" step="1"/><E95/><REACH who="1" ten="230,240,270,250" step="2"/><V89/><REACH who="2" step="1"/><F80/><REACH who="2" ten="230,240,260,250" step="2"/><N who="0" m="30794" /><D74/><U4/><E4/><N who="0" m="1577" /><D127/><U22/><E22/><V17/><F17/><W132/><G126/><T0/><D0/><U75/><E75/><V40/><N who="2" m="10240" /><DORA hai="88" /><V99/><F99/><W70/><G132/><T114/><D114/><AGARI ba="0,2" hai="69,71,89,90,91,98,102,106,113,114,115" m="10240" machi="114" ten="60,16000,3" yaku="1,1,11,1,52,2,53,4" doraHai="64,88" doraHaiUra="85,100" who="2" fromWho="0" sc="230,-160,240,0,260,180,250,0" />
</Scene>
<Scene>
<INIT seed="2,0,0,3,4,11" ten="70,240,440,250" oya="2" hai0="37,31,106,65,128,121,0,28,23,4,2,18,81" hai1="76,83,88,126,105,59,48,56,78,5,134,113,63" hai2="20,42,82,13,70,21,75,71,57,25,30,110,129" hai3="27,51,46,114,68,55,14,40,16,98,74,132,32"/><V99/><F129/><W35/><G74/><T108/><D37/><U97/><E113/><V38/><F110/><W107/><G68/><T66/><D106/><U12/><E134/><V26/><F99/><W6/><G132/><T123/><D81/><U62/><E126/><V50/><F38/><W100/><G114/><T89/><D89/><U61/><E105/><V73/><F73/><W58/><G6/><T124/><D66/><U69/><E69/><V135/><F135/><W39/><G27/><T112/><D65/><U116/><E116/><V102/><F102/><W86/><G86/><T119/><D112/><U72/><E48/><V103/><F103/><W10/><AGARI ba="0,0" hai="10,14,16,32,35,39,40,46,51,55,58,98,100,107" machi="10" ten="20,5200,0" yaku="0,1,7,1,52,1,54,1" doraHai="11" who="3" fromWho="3" sc="70,-13,240,-13,440,-26,250,52" />
</Scene>
<Scene>
<INIT seed="3,0,0,1,5,27" ten="57,227,414,302" oya="3" hai0="51,20,3,17,66,62,18,59,58,67,19,44,77" hai1="46,42,34,106,0,110,109,53,75,63,55,71,79" hai2="120,32,102,72,105,47,133,128,74,30,31,8,95" hai3="41,98,99,73,56,119,82,33,38,132,26,85,117"/><W116/><G73/><T125/><D3/><U104/><E0/><V15/><F32/><W39/><G132/><T94/><D125/><U13/><E34/><V103/><F105/><N who="1" m="40553" /><E13/><V21/><F21/><W22/><G33/><T35/><D35/><U123/><E123/><V14/><F133/><W87/><G56/><T86/><D77/><U6/><E6/><V40/><F120/><W108/><G108/><N who="1" m="41578" /><E79/><V43/><F128/><W124/><G124/><T127/><D127/><U121/><E75/><V81/><F8/><W88/><G85/><T28/><D94/><U64/><E121/><V97/><F95/><W2/><G2/><T29/><D86/><U131/><E131/><V54/><F97/><W107/><G41/><T84/><D84/><U65/><E65/><V115/><F115/><W76/><G76/><T91/><D91/><U113/><E113/><V96/><F96/><W80/><G80/><T1/><D1/><U92/><E92/><V60/><F81/><W100/><REACH who="3" step="1"/><G98/><REACH who="3" ten="57,227,414,292" step="2"/><T118/><D118/><U23/><E42/><V114/><F114/><W112/><G112/><T93/><D93/><U52/><E46/><V90/><F90/><W36/><G36/><T48/><D20/><AGARI ba="0,1" hai="20,23,52,53,55,63,64,71" m="41578,40553" machi="20" ten="40,2600,0" yaku="14,1,54,1" doraHai="27" who="1" fromWho="0" sc="57,-26,227,36,414,0,292,0" />
</Scene>
<Scene>
<INIT seed="4,0,0,4,2,67" ten="31,263,414,292" oya="0" hai0="4,17,54,45,70,2,19,16,12,84,7,113,61" hai1="10,60,78,30,107,93,81,53,23,129,110,11,118" hai2="120,90,130,47,6,89,133,50,8,20,14,97,9" hai3="44,25,5,66,91,74,114,134,126,69,111,82,64"/><T36/><D2/><U83/><E107/><V95/><F120/><W62/><G111/><T55/><D113/><U101/><E110/><V46/><F130/><W121/><G114/><T99/><D99/><N who="1" m="59631" /><E129/><V86/><F133/><W124/><G121/><T43/><D84/><N who="1" m="48183" /><E83/><N who="2" m="49375" /><F20/><W22/><G134/><T125/><D125/><N who="3" m="48233" /><G5/><T116/><D116/><U37/><E37/><V41/><F9/><W92/><G44/><AGARI ba="0,0" hai="6,8,14,41,44,46,47,50,90,95,97" m="49375" machi="44" ten="30,1000,0" yaku="8,1" doraHai="67" who="2" fromWho="3" sc="31,0,263,0,414,10,292,-10" />
</Scene>
<Scene>
<INIT seed="5,0,0,2,4,18" ten="31,263,424,282" oya="1" hai0="99,84,56,43,10,101,68,37,23,42,8,134,15" hai1="62,9,117,48,112,70,31,41,39,97,3,74,91" hai2="17,34,104,51,61,95,12,96,66,46,92,107,113" hai3="27,60,59,2,127,118,29,100,102,44,13,14,131"/><U65/><E117/><V105/><F34/><W40/><G118/><T72/><D68/><U120/><E120/><V93/><F113/><W6/><G2/><T53/><D72/><U119/><E119/><V130/><F130/><W73/><G131/><T16/><D134/><U129/><E129/><V116/><F116/><W87/><G73/><T124/><D37/><U71/><E74/><V36/><F36/><W78/><G127/><T79/><D124/><U86/><E112/><V63/><F96/><W106/><G6/><T55/><D55/><U7/><E31/><V121/><F66/><W38/><G106/><T0/><D0/><U20/><E39/><V28/><F28/><W75/><G75/><T45/><D45/><U32/><E32/><V26/><F26/><W110/><G110/><T85/><D84/><U57/><E97/><V81/><F81/><W49/><G38/><T33/><D33/><U135/><E135/><V54/><REACH who="2" step="1"/><F121/><REACH who="2" ten="31,263,414,282" step="2"/><W22/><G102/><T133/><D133/><U1/><E1/><V123/><F123/><W19/><G100/><T21/><D101/><U5/><E5/><V90/><F90/><W67/><G29/><T103/><D103/><U52/><E41/><N who="0" m="15369" /><D99/><U89/><E71/><V98/><F98/><W114/><G114/><T94/><D10/><AGARI ba="0,1" hai="10,12,17,46,51,54,61,63,92,93,95,104,105,107" machi="10" ten="50,3200,0" yaku="1,1,53,1" doraHai="18" doraHaiUra="4" who="2" fromWho="0" sc="31,-32,263,0,414,42,282,0" owari="-1,-50.0,263,-14.0,456,56.0,282,8.0" />
</Scene>
</mjloggm>