<mjloggm ver="2.3"><GO type="169"/><UN n0="%E5%A4%AA%E3%81%8F%E3%81%AA%E3%81%84%E3%81%8A" n1="%E3%81%84%E3%81%97%E3%81%97%E3%82%93%49%44%E7%B4%9B%E5%A4%B1" n2="%78%72%63%35%32%34%32%38" n3="%E3%82%86%E3%81%8B%E3%81%A1%E3%83%BC" dan="17,16,16,16" rate="2131,2070,2136,2083" sx="M,M,M,F"/><TAIKYOKU oya="0"/>

<Scene>
<INIT seed="0,0,0,5,5,19" ten="250,250,250,250" oya="0" hai0="56,72,58,109,84,49,132,15,59,71,125,93,43" hai1="28,31,38,129,73,9,17,18,124,4,120,113,104" hai2="105,126,107,41,95,128,32,86,78,45,21,106,82" hai3="101,92,12,102,44,30,97,5,79,68,51,108,1"/><T130/><D71/><U75/><E104/><V90/><F32/><W16/><G68/><T47/><D72/><U131/><E38/><V91/><F126/><W103/><G108/><T48/><D125/><U33/><E124/><V24/><F128/><N who="1" m="49225" /><E120/><V7/><F7/><W123/><G123/><T87/><D130/><U99/><E99/><V65/><F65/><W61/><G61/><T98/><D132/><U119/><E119/><V74/><F91/><W60/><G60/><T100/><D109/><U37/><E37/><V53/><F53/><W0/><G30/><N who="1" m="11306" /><E33/><V64/><F64/><W85/><G79/><T118/><D118/><U135/><E135/><V121/><F121/><W2/><G85/><T69/><D69/><U116/><E116/><V26/><F106/><W110/><G5/><T111/><D111/><U20/><E18/><V36/><REACH who="2" step="1"/><F26/><REACH who="2" ten="250,250,240,250" step="2"/><W54/><REACH who="3" step="1"/><G110/><REACH who="3" ten="250,250,240,240" step="2"/><T127/><D127/><U67/><E67/><V63/><F63/><W94/><G94/><T112/><D93/><U40/><E4/><V81/><F81/><W25/><G25/><T27/><D27/><U66/><E66/><V29/><AGARI ba="0,2" hai="21,24,29,36,41,45,74,78,82,86,90,95,105,107" machi="29" ten="20,5200,0" yaku="1,1,0,1,7,1,52,1,53,0" doraHai="19" doraHaiUra="6" who="2" fromWho="2" sc="250,-26,250,-13,240,72,240,-13" />
</Scene>
<Scene>
<INIT seed="1,0,0,3,3,105" ten="224,237,312,227" oya="1" hai0="59,82,33,114,119,65,19,134,121,6,78,69,62" hai1="110,81,130,26,102,63,89,93,30,99,90,101,45" hai2="132,133,66,67,14,117,42,118,32,129,85,124,8" hai3="27,107,51,91,48,109,44,74,94,58,40,84,35"/><U28/><E130/><V24/><F42/><W11/><G109/><T87/><D119/><U103/><E110/><V54/><F54/><W43/><G107/><T57/><D114/><U77/><E90/><V13/><F129/><W61/><G11/><T80/><D33/><U120/><E120/><V128/><F128/><W75/><G35/><T76/><D121/><U95/><E95/><V18/><F85/><W56/><G27/><T36/><D36/><U55/><E26/><V88/><F88/><W20/><G20/><T123/><D123/><U0/><E0/><V52/><F52/><W68/><G68/><T1/><D134/><N who="2" m="51818" /><F14/><W108/><G108/><T83/><D83/><U70/><E45/><V15/><F15/><W37/><G43/><T100/><D100/><U3/><E55/><V111/><F124/><W115/><G115/><T21/><D1/><U2/><E2/><V135/><F111/><W50/><REACH who="3" step="1"/><G61/><REACH who="3" ten="224,237,312,217" step="2"/><T9/><D9/><U73/><E3/><V38/><F135/><W71/><G71/><T64/><D69/><U104/><E104/><V17/><F32/><W127/><G127/><T22/><D62/><U34/><E34/><V12/><F24/><W29/><G29/><T72/><D22/><U39/><E70/><V98/><F8/><W113/><G113/><T126/><D126/><U16/><E63/><V7/><F118/><W131/><G131/><T106/><D106/><U96/><E30/><V122/><F117/><W97/><G97/><N who="1" m="37450" /><E28/><V53/><F98/><W47/><G47/><T60/><D60/><U23/><E103/><V92/><F122/><RYUUKYOKU ba="0,1" sc="224,-10,237,-10,312,-10,217,30" hai3="37,40,44,48,50,51,56,58,74,75,84,91,94" />
</Scene>
<Scene>
<INIT seed="2,1,1,3,2,113" ten="214,227,302,247" oya="2" hai0="119,10,96,127,101,97,124,42,36,8,84,31,29" hai1="13,35,54,121,30,22,57,32,88,19,131,44,25" hai2="34,89,46,77,7,0,106,105,134,47,63,59,75" hai3="23,4,76,74,85,21,18,112,38,117,6,27,45"/><V2/><F34/><W67/><G112/><T95/><D36/><U52/><E131/><V110/><F134/><W92/><G74/><T33/><D42/><U28/><E121/><V108/><F75/><W50/><G38/><T15/><D84/><U91/><E44/><N who="2" m="16939" /><F77/><W98/><G67/><T48/><D48/><U129/><E129/><V116/><F89/><N who="3" m="55567" /><G117/><T99/><D10/><U90/><E57/><V61/><F116/><W82/><G23/><T60/><D119/><U64/><E64/><V24/><F24/><AGARI ba="1,1" hai="13,19,22,24,25,28,30,32,35,52,54,88,90,91" machi="24" ten="40,5200,0" yaku="9,1,54,2" doraHai="113" who="1" fromWho="2" sc="214,0,227,65,302,-55,247,0" />
</Scene>
<Scene>
<INIT seed="3,0,0,4,2,91" ten="214,292,247,247" oya="3" hai0="63,97,56,29,104,11,46,98,131,110,86,126,133" hai1="112,99,3,78,124,4,100,128,120,84,69,72,49" hai2="109,105,45,95,85,125,14,88,117,21,114,132,53" hai3="51,44,82,77,108,16,1,130,27,79,58,26,12"/><W62/><G1/><T101/><D110/><U64/><E49/><N who="2" m="28847" /><F117/><W7/><G130/><T30/><D131/><U5/><E84/><V74/><F74/><W71/><G71/><T60/><D133/><U115/><E5/><V40/><F105/><W39/><G39/><T87/><D126/><U35/><E35/><V93/><F114/><W107/><G107/><T76/><D46/><U66/><E66/><V34/><F34/><W81/><G7/><T8/><D104/><N who="1" m="63519" /><E120/><V61/><F109/><W68/><G68/><T116/><D116/><U47/><E47/><V43/><F125/><W102/><G102/><T6/><D101/><U2/><E128/><V23/><F132/><W118/><G118/><T135/><D135/><U19/><E19/><N who="2" m="10487" /><F61/><W83/><G108/><T119/><D119/><U89/><E124/><V10/><F10/><N who="3" m="6167" /><G77/><T54/><D6/><U127/><E127/><V59/><F59/><W22/><G79/><T73/><D76/><U111/><E111/><V25/><F95/><W70/><G22/><T67/><D73/><U37/><E72/><V18/><AGARI ba="0,0" hai="18,23,25,40,43,85,88,93" m="10487,28847" machi="18" ten="30,4000,0" yaku="8,1,52,1,54,1" doraHai="91" who="2" fromWho="2" sc="214,-10,292,-10,247,40,247,-20" />
</Scene>
<Scene>
<INIT seed="4,0,0,2,2,84" ten="204,282,287,227" oya="0" hai0="67,48,83,27,51,2,30,68,96,60,128,26,75" hai1="91,0,71,7,37,15,69,28,80,17,24,116,131" hai2="93,108,103,89,114,125,123,53,134,34,42,99,124" hai3="85,47,8,130,79,81,73,95,35,100,13,29,9"/><T115/><D2/><U97/><E37/><V12/><F108/><W31/><G130/><T44/><D128/><U119/><E131/><V25/><F123/><W94/><G9/><T20/><D115/><U52/><E0/><V39/><F134/><W104/><G35/><T112/><D112/><U40/><E40/><V23/><F114/><W70/><G70/><T101/><D44/><U86/><E7/><V55/><F42/><W121/><G121/><T77/><REACH who="0" step="1"/><D27/><REACH who="0" ten="194,282,287,227" step="2"/><U109/><E109/><V43/><F25/><W90/><G47/><T133/><D133/><U92/><E119/><V16/><F124/><W129/><G129/><T120/><D120/><U61/><E116/><V5/><F125/><W57/><G57/><T64/><D64/><U65/><E71/><V62/><F12/><W6/><G95/><AGARI ba="0,1" hai="20,26,30,48,51,60,67,68,75,77,83,95,96,101" machi="95" ten="30,2900,0" yaku="1,1,7,1,53,0" doraHai="84" doraHaiUra="32" who="0" fromWho="3" sc="194,39,282,0,287,0,227,-29" />
</Scene>
<Scene>
<INIT seed="4,1,0,2,4,83" ten="233,282,287,198" oya="0" hai0="131,35,57,101,70,2,34,16,33,117,130,71,135" hai1="41,46,66,114,49,23,96,22,85,119,51,91,89" hai2="116,128,43,52,69,108,111,100,84,76,30,122,18" hai3="65,133,86,74,61,47,37,123,55,87,12,4,50"/><T45/><D117/><U98/><E119/><V28/><F43/><W5/><G74/><T79/><D2/><U58/><E114/><V81/><F122/><W68/><G123/><T118/><D118/><U90/><E23/><V120/><F128/><N who="0" m="49194" /><D135/><U40/><E22/><V10/><F69/><N who="0" m="26122" /><D101/><U1/><E1/><V31/><F120/><W48/><G133/><T27/><D45/><N who="1" m="25767" /><E85/><V62/><F100/><W56/><G48/><T19/><D27/><U7/><E7/><N who="3" m="2634" /><G12/><T102/><D102/><U39/><E39/><V38/><F38/><W14/><G14/><T78/><D57/><U21/><E21/><V9/><F116/><W53/><G53/><T32/><D32/><U8/><E8/><V25/><F111/><W17/><G17/><AGARI ba="1,0" hai="16,17,19,33,34,35,78,79" m="26122,49194" machi="17" ten="40,12000,1" yaku="28,2,19,1,54,1" doraHai="83" who="0" fromWho="3" sc="233,123,282,0,287,0,198,-123" />
</Scene>
<Scene>
<INIT seed="4,2,0,3,5,115" ten="356,282,287,75" oya="0" hai0="130,124,56,75,8,15,117,90,13,80,29,39,41" hai1="28,31,97,33,34,6,2,113,76,69,9,43,32" hai2="126,27,30,38,67,48,3,53,0,52,1,35,72" hai3="88,91,86,93,57,123,99,121,120,10,62,109,7"/><T104/><D104/><U78/><E69/><V112/><F38/><W84/><G109/><T79/><D130/><U100/><E113/><V89/><F112/><W108/><G108/><T70/><D70/><U47/><E78/><V63/><F126/><W5/><G10/><T114/><D114/><U19/><E19/><V81/><F48/><W61/><G99/><T102/><D102/><U110/><E76/><V14/><F14/><W68/><G68/><T18/><D124/><U46/><E110/><V22/><F35/><W118/><G118/><T107/><D107/><U95/><REACH who="1" step="1"/><E47/><REACH who="1" ten="356,272,287,75" step="2"/><V94/><F72/><W83/><REACH who="3" step="1"/><G62/><REACH who="3" ten="356,272,287,65" step="2"/><T131/><D75/><U55/><E55/><AGARI ba="2,2" hai="5,7,55,57,61,83,84,86,88,91,93,120,121,123" machi="55" ten="40,8000,1" yaku="1,1,2,1,13,1,54,1,53,0" doraHai="115" doraHaiUra="66" who="3" fromWho="1" sc="356,0,272,-86,287,0,65,106" />
</Scene>
<Scene>
<INIT seed="5,0,0,0,5,102" ten="356,186,287,171" oya="1" hai0="53,115,88,127,42,94,129,68,101,31,98,58,70" hai1="75,21,80,96,29,45,132,133,3,20,43,110,104" hai2="118,61,6,28,26,120,41,14,119,103,56,36,25" hai3="97,37,106,17,44,50,89,85,13,2,10,114,109"/><U11/><E110/><V39/><F120/><W46/><G109/><T47/><D115/><U40/><E40/><V134/><F134/><N who="1" m="51817" /><E3/><V48/><F103/><W22/><G114/><T27/><D127/><U131/><E11/><V128/><F128/><W63/><G37/><T54/><D129/><U117/><E131/><V0/><F39/><W33/><G33/><T78/><D78/><N who="1" m="44127" /><E117/><V23/><F0/><W34/><G34/><T60/><D53/><U51/><E29/><V91/><F28/><W107/><G97/><T9/><D9/><U113/><E113/><V24/><F41/><W84/><G63/><T35/><REACH who="0" step="1"/><D101/><AGARI ba="0,0" hai="20,21,43,45,51,96,101,104" m="44127,51817" machi="101" ten="30,2900,0" yaku="20,1,52,1" doraHai="102" who="1" fromWho="0" sc="356,-29,186,29,287,0,171,0" />
</Scene>
<Scene>
<INIT seed="5,1,0,0,0,92" ten="327,215,287,171" oya="1" hai0="131,103,71,113,33,19,100,135,24,70,9,125,11" hai1="7,122,74,20,40,133,80,69,64,105,96,68,55" hai2="45,6,35,44,108,121,52,10,86,59,123,0,5" hai3="109,83,31,129,130,43,39,17,48,63,101,3,110"/><U50/><E122/><V99/><F108/><W75/><G3/><T132/><D113/><U128/><E40/><V21/><F35/><W115/><G39/><T38/><D38/><U106/><E7/><V78/><F6/><W67/><G31/><N who="0" m="19687" /><D131/><N who="3" m="50185" /><G17/><T89/><D89/><U91/><E20/><V111/><F21/><W87/><G75/><T90/><D90/><U118/><E118/><V53/><F53/><W116/><G87/><T16/><D9/><U76/><E133/><N who="0" m="51273" /><D125/><U8/><E8/><V34/><F111/><W23/><G83/><T56/><D56/><U95/><E128/><V77/><F59/><N who="3" m="37375" /><G115/><T49/><D49/><U36/><E36/><V97/><F123/><W22/><G22/><T13/><D19/><U61/><REACH who="1" step="1"/><E69/><AGARI ba="1,0" hai="11,13,16,69,70,71,100,103" m="51273,19687" machi="69" ten="30,2000,0" yaku="20,1,54,1" doraHai="92" who="0" fromWho="1" sc="327,23,215,-23,287,0,171,0" />
</Scene>
<Scene>
<INIT seed="6,0,0,0,1,44" ten="350,192,287,171" oya="2" hai0="71,75,69,24,103,49,20,47,120,32,54,22,73" hai1="62,50,57,117,126,26,64,38,45,11,42,34,124" hai2="128,21,80,74,60,7,101,33,106,6,88,116,16" hai3="35,94,134,112,132,97,92,105,91,108,66,89,30"/><V25/><F116/><W13/><G108/><T41/><D120/><U56/><E117/><V65/><F128/><W18/><G66/><T111/><D111/><U31/><E11/><V37/><F37/><W93/><G112/><T72/><D103/><U40/><E40/><V96/><F33/><W78/><G78/><T12/><D32/><U82/><E82/><V83/><F80/><W53/><G30/><T63/><D12/><U55/><AGARI ba="0,0" hai="26,31,34,38,42,45,50,55,56,57,62,64,124,126" machi="55" ten="30,2000,0" yaku="0,1,52,1" doraHai="44" who="1" fromWho="1" sc="350,-5,192,20,287,-10,171,-5" />
</Scene>
<Scene>
<INIT seed="7,0,0,2,1,52" ten="345,212,277,166" oya="3" hai0="108,106,13,10,95,55,133,36,130,38,54,47,1" hai1="96,114,81,29,50,64,68,9,121,131,73,6,35" hai2="124,77,87,19,94,109,116,111,82,76,99,46,5" hai3="45,126,23,90,84,88,15,28,101,48,7,85,18"/><W62/><G126/><T40/><D106/><U71/><E121/><V86/><F19/><W53/><G101/><T43/><D108/><U110/><E110/><V93/><F46/><W83/><G28/><T67/><D1/><U12/><E131/><V25/><F25/><W122/><G122/><T113/><D130/><U37/><E37/><V78/><F5/><W22/><G7/><T56/><D133/><U92/><E114/><V41/><F41/><W30/><G62/><N who="0" m="38343" /><D95/><U24/><E64/><V115/><F115/><W61/><G61/><T49/><D13/><U102/><E50/><V42/><F42/><N who="0" m="15914" /><D10/><U127/><E127/><V80/><F124/><W59/><G30/><T65/><D113/><U14/><E14/><V98/><F77/><W105/><G105/><T129/><D129/><U20/><E35/><V134/><F116/><W100/><G100/><T107/><D107/><U26/><E24/><V74/><F74/><W57/><G23/><T89/><D89/><U31/><E29/><V135/><AGARI ba="0,0" hai="76,78,80,82,86,87,93,94,98,99,109,111,134,135" machi="135" ten="25,12000,2" yaku="0,1,22,2,34,3" doraHai="52" who="2" fromWho="2" sc="345,-30,212,-30,277,120,166,-60" owari="315,12.0,182,-22.0,397,49.0,106,-39.0" />
</Scene>
</mjloggm>