<mjloggm ver="2.3"><GO type="169"/><UN n0="%E3%81%B9%E3%81%A3%E3%81%93%E3%83%BC%E2%99%AA" n1="%E3%83%87%E3%82%B8%E3%82%BF%E3%83%AB%E4%BB%99%E4%BA%BA" n2="%4E%4F%42%55%53%48%49" n3="%E5%A4%AA%E3%81%8F%E3%81%AA%E3%81%84%E3%81%8A" dan="16,17,16,16" rate="2108,2145,2094,2127" sx="F,F,M,M"/><TAIKYOKU oya="0"/>

<Scene>
<INIT seed="0,0,0,2,1,116" ten="250,250,250,250" oya="0" hai0="19,76,118,131,129,51,46,77,32,110,35,75,114" hai1="89,91,13,134,124,74,70,21,130,20,108,95,29" hai2="15,57,49,62,79,80,30,83,55,6,50,85,125" hai3="10,107,7,86,72,22,44,133,12,2,43,92,23"/><T132/><D118/><U135/><E74/><V3/><F125/><W67/><G107/><T24/><D114/><U81/><E70/><V11/><F3/><W38/><G133/><N who="1" m="50698" /><E124/><V87/><REACH who="2" step="1"/><F30/><REACH who="2" ten="250,250,240,250" step="2"/><W121/><G2/><T113/><D132/><U34/><E29/><V18/><F18/><W53/><G7/><T42/><D113/><U31/><E31/><V61/><F61/><W103/><G121/><T56/><D35/><U99/><E34/><V88/><AGARI ba="0,1" hai="6,11,15,49,50,55,57,62,79,80,83,85,87,88" machi="88" ten="20,12000,2" yaku="1,1,0,1,7,1,8,1,54,1,53,1" doraHai="116" doraHaiUra="1" who="2" fromWho="2" sc="250,-60,250,-30,240,130,250,-30" />
</Scene>
<Scene>
<INIT seed="1,0,0,2,5,55" ten="190,220,370,220" oya="1" hai0="99,68,33,80,2,79,60,110,23,22,29,90,71" hai1="37,1,104,16,121,26,3,14,4,129,87,117,67" hai2="59,46,83,12,76,61,13,27,38,70,89,31,6" hai3="69,34,35,92,56,51,18,32,133,119,116,10,100"/><U40/><E117/><N who="3" m="45130" /><G69/><T62/><D2/><U17/><E104/><V82/><F70/><W107/><G133/><T102/><D110/><U134/><E121/><V75/><F6/><W74/><G74/><T77/><D68/><U7/><E134/><V94/><F83/><W63/><G107/><T53/><D71/><U111/><E111/><V103/><F103/><W58/><G51/><T88/><D33/><U11/><E129/><V123/><F123/><W41/><G41/><T39/><D39/><U91/><E67/><V106/><F106/><W49/><G49/><T65/><D65/><U96/><E96/><V85/><F46/><W126/><G126/><T131/><D131/><U98/><E98/><V127/><F38/><W20/><G10/><T36/><D36/><U28/><E40/><V66/><REACH who="2" step="1"/><F127/><REACH who="2" ten="190,220,360,220" step="2"/><W113/><G113/><T42/><D102/><U81/><E37/><V9/><F9/><W19/><G100/><T44/><D44/><U52/><E7/><V84/><F84/><W64/><G92/><T24/><D80/><U86/><E86/><V73/><F73/><W124/><G124/><T125/><D125/><U135/><E135/><V130/><F130/><W109/><G109/><T43/><D99/><U45/><E3/><V48/><F48/><W112/><G112/><T115/><D115/><U72/><E1/><V114/><F114/><W101/><G101/><T47/><D47/><U25/><E72/><V21/><AGARI ba="0,1" hai="12,13,21,27,31,59,61,66,75,76,82,85,89,94" machi="21" ten="20,12000,2" yaku="1,1,0,1,7,1,52,1,53,2" doraHai="55" doraHaiUra="8" who="2" fromWho="2" sc="190,-30,220,-60,360,130,220,-30" />
</Scene>
<Scene>
<INIT seed="2,0,0,2,2,19" ten="160,160,490,190" oya="2" hai0="95,71,16,79,115,33,96,5,60,58,103,44,28" hai1="86,69,77,122,55,82,131,75,29,109,94,83,36" hai2="90,99,134,92,120,67,93,38,126,17,132,9,20" hai3="42,66,113,49,13,63,31,8,124,125,56,51,65"/><V1/><F38/><W61/><G31/><T10/><D115/><U130/><E69/><V73/><F73/><W25/><G25/><T128/><D71/><U68/><E36/><V30/><F120/><W18/><G113/><T97/><D128/><U24/><E68/><V101/><F126/><N who="3" m="48747" /><G42/><T48/><D79/><U74/><E122/><V119/><F119/><W64/><G63/><T62/><D28/><U23/><E109/><V129/><F129/><N who="1" m="49161" /><E83/><V106/><F67/><AGARI ba="0,0" hai="8,13,18,49,51,56,61,64,65,66,67" m="48747" machi="67" ten="30,1000,0" yaku="18,1" doraHai="19" who="3" fromWho="2" sc="160,0,160,0,490,-10,190,10" />
</Scene>
<Scene>
<INIT seed="3,0,0,4,3,94" ten="160,160,480,200" oya="3" hai0="124,113,30,60,47,74,29,117,91,22,41,116,132" hai1="33,9,108,100,27,56,20,19,70,13,110,69,107" hai2="53,92,34,101,126,7,58,10,42,54,44,65,85" hai3="105,96,38,129,73,18,93,103,68,72,80,89,76"/><W90/><G38/><T122/><D74/><U66/><E56/><V48/><F34/><W14/><G68/><T97/><D122/><U6/><E66/><V78/><F126/><W62/><G129/><T120/><D120/><U87/><E87/><V16/><F65/><W86/><G62/><T36/><D124/><U57/><E57/><V67/><F67/><W104/><G18/><T35/><D113/><U25/><E100/><V11/><F11/><W133/><G14/><T88/><D35/><U134/><E107/><N who="3" m="41034" /><G133/><T102/><D132/><U81/><E81/><V4/><F4/><W119/><G119/><T98/><D60/><U114/><E114/><V24/><F24/><W28/><G28/><T63/><D63/><U123/><E134/><V131/><F16/><W77/><G77/><T59/><D59/><U121/><E70/><V3/><F78/><W37/><G37/><T83/><D116/><U130/><E69/><V50/><F131/><W51/><G51/><T49/><D117/><U1/><E130/><V128/><F128/><W111/><G111/><N who="1" m="42538" /><E27/><V23/><F50/><W118/><G118/><T99/><D36/><U39/><E39/><V15/><F48/><W21/><G21/><T125/><D125/><U106/><E106/><V61/><F23/><W26/><G26/><N who="0" m="16599" /><D30/><AGARI ba="0,0" hai="1,6,9,13,19,20,25,30,33,121,123" m="42538" machi="30" ten="30,7700,0" yaku="24,1,14,1,34,2" doraHai="94" who="1" fromWho="0" sc="160,-77,160,77,480,0,200,0" />
</Scene>
<Scene>
<INIT seed="4,0,0,3,1,107" ten="83,237,480,200" oya="0" hai0="49,21,94,14,54,81,0,46,132,42,79,90,28" hai1="23,120,102,18,69,77,135,66,117,33,2,51,44" hai2="86,91,119,108,61,98,62,59,72,25,15,118,22" hai3="76,60,73,83,30,89,37,85,40,105,82,99,6"/><T3/><D132/><U123/><E33/><V113/><F72/><W45/><G30/><T112/><D112/><U68/><E135/><V16/><F113/><W134/><G134/><T80/><D0/><U109/><E2/><V95/><F108/><W43/><G43/><T75/><D3/><U8/><E109/><V9/><F86/><W110/><G110/><T53/><D81/><U1/><E117/><N who="2" m="44555" /><F59/><W71/><G6/><AGARI ba="0,0" hai="6,9,15,16,22,25,61,62,91,95,98" m="44555" machi="6" ten="30,2000,0" yaku="12,1,54,1" doraHai="107" who="2" fromWho="3" sc="83,0,237,0,480,20,200,-20" />
</Scene>
<Scene>
<INIT seed="5,0,0,4,5,5" ten="83,237,500,180" oya="1" hai0="84,41,0,80,22,2,119,3,73,66,50,76,65" hai1="27,101,23,46,79,28,128,113,49,52,77,103,120" hai2="42,98,93,16,20,104,47,131,110,33,57,81,25" hai3="97,96,40,17,60,105,38,86,58,68,56,129,116"/><U118/><E120/><V74/><F110/><W13/><G38/><T127/><D119/><U67/><E113/><V44/><F131/><W64/><G129/><T87/><D127/><U107/><E118/><V72/><F104/><W35/><G116/><T36/><D36/><U89/><E128/><V24/><F57/><W100/><G40/><T9/><D22/><U10/><E67/><V124/><F124/><W88/><G96/><T54/><D41/><U59/><E89/><V133/><F133/><W55/><G35/><T69/><D69/><U6/><E59/><V4/><F4/><W135/><G55/><T7/><D66/><U21/><E21/><V32/><F32/><W90/><G135/><T18/><D65/><U11/><E107/><V78/><F74/><W62/><G90/><T51/><D18/><U121/><E121/><V112/><F112/><W91/><G91/><T99/><D99/><U37/><E37/><V117/><F117/><W114/><G60/><T14/><REACH who="0" step="1"/><D51/><REACH who="0" ten="73,237,500,180" step="2"/><U70/><E70/><V111/><F42/><W1/><G114/><T122/><D122/><U45/><E6/><V12/><F111/><W83/><REACH who="3" step="1"/><G1/><REACH who="3" ten="73,237,500,170" step="2"/><T53/><D53/><U132/><E132/><V94/><F33/><W130/><G130/><T61/><D61/><U102/><E52/><V26/><F98/><W29/><G29/><T39/><D39/><U31/><E31/><V43/><F43/><W15/><G15/><T82/><D82/><U48/><E23/><AGARI ba="0,2" hai="13,17,23,56,58,62,64,68,83,86,88,97,100,105" machi="23" ten="30,3900,0" yaku="1,1,7,1,54,1,53,0" doraHai="5" doraHaiUra="71" who="3" fromWho="1" sc="73,0,237,-39,500,0,170,59" />
</Scene>
<Scene>
<INIT seed="6,0,0,1,2,85" ten="73,198,500,229" oya="2" hai0="38,126,17,43,98,89,30,0,41,112,104,22,81" hai1="69,71,49,116,115,77,40,124,109,37,120,102,121" hai2="94,27,8,5,135,15,50,128,19,91,134,132,133" hai3="113,36,14,31,111,33,64,92,129,48,87,23,45"/><V56/><F134/><W122/><G111/><T90/><D0/><U68/><E109/><V24/><F128/><W7/><G122/><N who="1" m="47210" /><E102/><V61/><F50/><W32/><G36/><T16/><D38/><U73/><E73/><V106/><F106/><W25/><G129/><T11/><D104/><U9/><E9/><V39/><F39/><W6/><G113/><T97/><D126/><U107/><E107/><V131/><F131/><W10/><G64/><T53/><D112/><U99/><E99/><N who="0" m="37897" /><D11/><U28/><E77/><V59/><F5/><N who="3" m="3407" /><G33/><T118/><D118/><U34/><E116/><V75/><F75/><W93/><G32/><T18/><D53/><U42/><E115/><V80/><F80/><W60/><G60/><T67/><D81/><U79/><E124/><V2/><F2/><W13/><G6/><T47/><D67/><U66/><E66/><N who="2" m="39207" /><F59/><W52/><G7/><T83/><D83/><U86/><E37/><V82/><F82/><W127/><G127/><T100/><D100/><U88/><E79/><V130/><F130/><W55/><G55/><T123/><D123/><U108/><E108/><V46/><F46/><W125/><G125/><T76/><D76/><U95/><E49/><V74/><F74/><W63/><G48/><N who="0" m="26735" /><D43/><U96/><E42/><V3/><F3/><W72/><G72/><T20/><D20/><U101/><E40/><V4/><F4/><W58/><G45/><T84/><D84/><AGARI ba="0,0" hai="8,15,19,24,27,84,91,94,132,133,135" m="39207" machi="84" ten="30,2900,0" yaku="20,1,52,1" doraHai="85" who="2" fromWho="0" sc="73,-29,198,0,500,29,229,0" />
</Scene>
<Scene>
<INIT seed="6,1,0,0,5,1" ten="44,198,529,229" oya="2" hai0="27,43,0,69,18,7,113,74,75,23,63,59,22" hai1="41,68,83,55,134,24,133,109,118,25,16,104,114" hai2="47,73,103,79,121,36,45,112,5,96,95,29,15" hai3="110,129,92,11,78,65,38,108,9,56,123,102,50"/><V84/><F121/><W100/><G123/><T82/><D69/><U61/><E118/><V97/><F112/><W4/><G38/><T52/><D113/><U37/><E114/><V64/><F73/><W89/><G129/><T40/><D82/><U28/><E104/><V122/><F122/><W107/><G107/><T72/><REACH who="0" step="1"/><D23/><REACH who="0" ten="34,198,529,229" step="2"/><N who="1" m="13415" /><E68/><V33/><F33/><W12/><G108/><T57/><D57/><N who="1" m="35007" /><E109/><V105/><F47/><W131/><G110/><T128/><D128/><U111/><E111/><V19/><F45/><W31/><G131/><T2/><D2/><U46/><E83/><V94/><F36/><W35/><G56/><T58/><D58/><U81/><E81/><V32/><F32/><W49/><G35/><T8/><AGARI ba="1,1" hai="0,7,8,18,22,27,40,43,52,59,63,72,74,75" machi="8" ten="40,8000,1" yaku="1,1,0,1,52,1,54,1,53,0" doraHai="1" doraHaiUra="44" who="0" fromWho="0" sc="34,93,198,-21,529,-41,229,-21" />
</Scene>
<Scene>
<INIT seed="7,0,0,5,1,77" ten="127,177,488,208" oya="3" hai0="130,127,111,116,46,98,35,105,91,62,44,119,41" hai1="55,18,30,78,50,83,118,42,84,31,110,49,59" hai2="80,21,104,69,3,64,58,37,71,29,131,32,96" hai3="87,16,102,60,5,39,52,108,25,122,81,11,99"/><W115/><G122/><T70/><D111/><U86/><E118/><V53/><F3/><W73/><G39/><T92/><D127/><U14/><E110/><V17/><F37/><W120/><G108/><T112/><D35/><U113/><E113/><V43/><F43/><W76/><G120/><T8/><D112/><U9/><E86/><V7/><F7/><W103/><G115/><T26/><D130/><U40/><E40/><V100/><F131/><W22/><G73/><T93/><D105/><U95/><E95/><V74/><F64/><W79/><G79/><T88/><D26/><U135/><E135/><V132/><F132/><W85/><G85/><T63/><D8/><U134/><E134/><V101/><F101/><W34/><G34/><T89/><D70/><U10/><E10/><V48/><F29/><W123/><G123/><T47/><D41/><U36/><E36/><V24/><F32/><W106/><G102/><T1/><D1/><U27/><E27/><V125/><F125/><W72/><G72/><T61/><D98/><U13/><E13/><V117/><F117/><AGARI ba="0,0" hai="44,46,47,61,62,63,88,89,91,92,93,116,117,119" machi="117" ten="50,8000,1" yaku="29,2,28,2,54,1" doraHai="77" who="0" fromWho="2" sc="127,80,177,0,488,-80,208,0" owari="207,-19.0,177,-32.0,408,50.0,208,1.0" />
</Scene>
</mjloggm>