<mjloggm ver="2.3"><GO type="41"/><UN n0="%6B%6F%75%64%61%69%30%33" n1="%E3%82%AF%E3%83%AD%EF%BC%A0%2E" n2="%E5%A4%AA%E3%81%8F%E3%81%AA%E3%81%84%E3%81%8A" n3="%E3%83%95%E3%83%88%E3%83%A2%E3%83%A2%E3%82%B9%E3%82%AD%E3%83%BC%D0%9C" dan="14,13,15,14" rate="1916,1927,2060,1827" sx="M,M,M,M"/><TAIKYOKU oya="0"/>

<Scene>
<INIT seed="0,0,0,5,4,10" ten="250,250,250,250" oya="0" hai0="53,123,16,26,46,43,23,7,8,5,55,15,84" hai1="85,96,22,104,73,56,113,64,81,51,112,114,116" hai2="2,105,78,32,111,76,127,12,47,126,49,40,124" hai3="1,21,41,109,134,110,108,89,75,103,122,69,31"/><T57/><D123/><U72/><E64/><V4/><F32/><W20/><G75/><T36/><D84/><U99/><E22/><V29/><F105/><W42/><G69/><T74/><D74/><U100/><E51/><V60/><F111/><W97/><G1/><T67/><D67/><U37/><E56/><V61/><F29/><W118/><G118/><T71/><D71/><U120/><E37/><V119/><F2/><W17/><G134/><T50/><REACH who="0" step="1"/><D55/><REACH who="0" ten="240,250,250,250" step="2"/><U34/><E120/><V130/><F119/><W9/><G122/><T28/><AGARI ba="0,1" hai="5,7,8,15,16,23,26,28,36,43,46,50,53,57" machi="28" ten="20,18000,2" yaku="1,1,2,1,0,1,7,1,52,1,54,1,53,1" doraHai="10" doraHaiUra="25" who="0" fromWho="0" sc="240,190,250,-60,250,-60,250,-60" />
</Scene>
<Scene>
<INIT seed="0,1,0,4,4,13" ten="430,190,190,190" oya="0" hai0="15,7,56,106,72,63,55,79,60,134,34,5,59" hai1="93,64,51,88,87,124,28,4,12,54,90,1,67" hai2="36,20,115,21,107,99,94,110,49,89,77,48,82" hai3="97,70,24,112,111,41,2,29,114,23,95,43,17"/><T103/><D34/><U81/><E124/><V19/><F115/><W133/><G70/><T92/><D106/><U33/><E1/><V46/><F110/><W123/><G111/><T6/><D72/><U22/><E33/><V69/><F69/><W100/><G133/><T119/><D119/><U104/><E104/><V108/><F108/><W42/><G2/><T10/><D79/><U16/><E28/><V132/><F132/><W58/><G58/><T37/><D37/><U118/><E4/><V78/><F107/><W91/><G123/><T120/><D120/><U40/><E40/><V116/><F116/><W102/><G112/><T0/><D0/><U44/><E118/><V71/><F71/><W74/><G74/><T8/><D8/><U131/><E131/><V121/><F121/><W86/><G114/><T50/><D50/><U61/><E61/><V109/><F109/><W125/><G125/><T35/><D35/><U9/><E22/><V26/><F21/><W38/><G38/><T75/><D75/><U73/><E73/><V32/><F32/><W31/><REACH who="3" step="1"/><G100/><REACH who="3" ten="430,190,190,180" step="2"/><T14/><D103/><U96/><AGARI ba="1,1" hai="9,12,16,44,51,54,64,67,81,87,88,90,93,96" machi="96" ten="20,16000,3" yaku="0,1,7,1,25,2,8,1,52,1,54,2" doraHai="13" who="1" fromWho="1" sc="430,-81,190,173,190,-41,180,-41" />
</Scene>
<Scene>
<INIT seed="1,0,0,5,5,55" ten="349,363,149,139" oya="1" hai0="125,87,43,47,31,63,37,114,54,121,130,88,24" hai1="60,17,118,39,115,18,122,9,76,107,126,74,5" hai2="34,1,71,58,10,106,108,94,90,104,67,84,53" hai3="45,89,134,0,131,100,105,99,69,116,41,22,72"/><U79/><E122/><V27/><F108/><W52/><G72/><T102/><D121/><U96/><E118/><V59/><F71/><W26/><G0/><T111/><D111/><U75/><E115/><V91/><F91/><W110/><G110/><T23/><D114/><U103/><E39/><V123/><F123/><W62/><G131/><T68/><D130/><U73/><E126/><V13/><F1/><W85/><G134/><T65/><D102/><U48/><E48/><V28/><F67/><W93/><G116/><T120/><D120/><U133/><E133/><V3/><F3/><W82/><G69/><T6/><D6/><U81/><E60/><V112/><F112/><W56/><G105/><T49/><D125/><U36/><E36/><V50/><REACH who="2" step="1"/><F59/><REACH who="2" ten="349,363,139,139" step="2"/><W101/><G101/><T40/><REACH who="0" step="1"/><D37/><REACH who="0" ten="339,363,139,139" step="2"/><U44/><E75/><V129/><F129/><W12/><G12/><T38/><D38/><U127/><E74/><V86/><F86/><W46/><REACH who="3" step="1"/><G41/><REACH who="3" ten="339,363,139,129" step="2"/><T14/><D14/><U70/><E73/><V25/><F25/><W109/><G109/><T29/><D29/><AGARI ba="0,3" hai="22,26,29,45,46,52,56,62,82,85,89,93,99,100" machi="29" ten="30,8000,1" yaku="1,1,7,1,8,1,52,1,54,1,53,0" doraHai="55" doraHaiUra="61" who="3" fromWho="0" sc="339,-80,363,0,139,0,129,110" />
</Scene>
<Scene>
<INIT seed="2,0,0,0,3,81" ten="259,363,139,239" oya="2" hai0="43,107,134,109,63,18,89,30,128,121,51,135,66" hai1="90,108,65,5,69,80,8,62,14,39,38,27,71" hai2="77,118,57,98,1,95,100,131,9,67,58,94,13" hai3="53,3,12,105,54,52,86,44,24,132,72,127,91"/><V73/><F118/><W104/><G72/><T87/><D121/><U17/><E71/><V111/><F1/><W102/><G3/><T61/><D107/><U34/><E108/><V10/><F111/><W133/><G127/><T103/><D103/><U4/><E4/><V130/><F73/><W23/><G12/><T2/><D109/><U20/><REACH who="1" step="1"/><E34/><REACH who="1" ten="259,353,139,239" step="2"/><V101/><F131/><W88/><G44/><T40/><D128/><U112/><E112/><V99/><F130/><W70/><G70/><T48/><D135/><U37/><E37/><V45/><F45/><W29/><G91/><T36/><D89/><U122/><E122/><V74/><F77/><W26/><G102/><T7/><D7/><U120/><E120/><V46/><F46/><W33/><G33/><T11/><D36/><U60/><E60/><V32/><F32/><W110/><G110/><T64/><D63/><U119/><E119/><V55/><F74/><W97/><G133/><T28/><D61/><U0/><E0/><V114/><F114/><W92/><G132/><T125/><D134/><U116/><E116/><V6/><F6/><W123/><G123/><T42/><D2/><U41/><E41/><V106/><F106/><W82/><G105/><T75/><D75/><U21/><E21/><V56/><F9/><W49/><G104/><T93/><D11/><U68/><E68/><V50/><F67/><W126/><G49/><T129/><D51/><U83/><E83/><V115/><F115/><W96/><G126/><T78/><D48/><U59/><E59/><N who="2" m="22603" /><F10/><W79/><G82/><T25/><D129/><RYUUKYOKU ba="0,1" sc="259,-15,353,15,139,15,239,-15" hai1="5,8,14,17,20,27,38,39,62,65,69,80,90" hai2="13,50,55,58,94,95,98,99,100,101" />
</Scene>
<Scene>
<INIT seed="2,1,1,4,1,49" ten="244,368,154,224" oya="2" hai0="79,123,91,62,6,74,70,111,52,80,7,24,81" hai1="96,1,94,109,105,135,83,127,46,115,2,90,99" hai2="63,88,30,36,39,95,64,19,3,44,78,11,33" hai3="58,101,45,124,97,82,103,98,21,77,18,119,84"/><V20/><F78/><W121/><G124/><T107/><D123/><U56/><E127/><V93/><F33/><W133/><G133/><T57/><D107/><U120/><E135/><V67/><F30/><W53/><G119/><T60/><D111/><U131/><E109/><V47/><F3/><W9/><G121/><T86/><REACH who="0" step="1"/><D24/><REACH who="0" ten="234,368,154,224" step="2"/><U50/><E120/><V16/><F11/><W55/><G9/><T25/><D25/><U5/><E105/><V38/><F38/><W68/><G68/><T134/><D134/><U41/><E115/><V8/><F8/><W108/><G108/><T22/><D22/><U59/><E1/><V35/><F20/><W132/><G132/><T17/><D17/><U14/><E2/><V51/><F35/><W66/><G103/><T28/><D28/><U13/><E5/><V32/><F32/><W34/><G34/><T92/><D92/><U102/><E94/><V72/><F39/><W75/><G101/><T48/><D48/><U100/><E50/><V126/><F36/><W114/><G114/><T23/><D23/><U42/><E100/><V118/><F126/><W104/><G104/><T89/><D89/><U43/><E90/><V4/><F88/><W128/><G21/><T125/><D125/><U40/><E102/><V87/><F51/><W113/><G18/><T130/><D130/><U31/><E131/><V110/><F4/><W117/><G128/><T37/><D37/><U122/><E122/><V116/><F110/><W73/><G113/><T61/><D61/><U10/><E10/><V106/><F106/><W27/><G27/><RYUUKYOKU ba="1,2" sc="234,30,368,-10,154,-10,224,-10" hai0="6,7,52,57,60,62,70,74,79,80,81,86,91" />
</Scene>
<Scene>
<INIT seed="3,2,2,2,2,27" ten="264,358,144,214" oya="3" hai0="78,118,66,112,100,128,108,132,89,43,51,92,72" hai1="120,55,77,113,23,114,116,5,37,84,2,44,36" hai2="25,75,62,131,126,16,103,22,79,7,4,3,59" hai3="39,133,94,17,33,80,130,85,97,117,63,60,54"/><W35/><G117/><T129/><D118/><U106/><E116/><V102/><F131/><W61/><G130/><T56/><D129/><U38/><E106/><V31/><F126/><W1/><G1/><T125/><D128/><U87/><E120/><V29/><F75/><W81/><G39/><T24/><D125/><U99/><E99/><V46/><F79/><W32/><G133/><T42/><D132/><U13/><E2/><V0/><F0/><W111/><G111/><T105/><D108/><U93/><E84/><V45/><F3/><W15/><G54/><T110/><D110/><U58/><E44/><N who="2" m="17003" /><F103/><W14/><G85/><T135/><D135/><U98/><E77/><V40/><F102/><W96/><G17/><T109/><D109/><U91/><E98/><N who="3" m="37994" /><G94/><T71/><D71/><U50/><REACH who="1" step="1"/><E5/><REACH who="1" ten="264,348,144,214" step="2"/><N who="2" m="2123" /><F40/><W18/><G18/><AGARI ba="2,3" hai="13,18,23,36,37,38,50,55,58,87,91,93,113,114" machi="18" ten="40,8000,1" yaku="1,1,25,2,53,1" doraHai="27" doraHaiUra="8" who="1" fromWho="3" sc="264,0,348,116,144,0,214,-86" />
</Scene>
<Scene>
<INIT seed="4,0,0,5,0,36" ten="264,464,144,128" oya="0" hai0="27,0,29,129,72,47,134,39,73,40,83,104,81" hai1="96,46,87,99,97,118,121,24,17,35,128,123,9" hai2="50,5,32,135,102,78,14,88,91,106,48,126,55" hai3="98,65,85,74,93,45,44,58,57,16,95,108,8"/><T23/><D134/><U22/><E118/><V105/><F32/><W49/><G74/><T75/><D129/><U64/><E128/><V63/><F78/><W66/><G108/><T111/><D111/><U117/><E117/><V71/><F135/><W122/><G122/><T100/><REACH who="0" step="1"/><D0/><REACH who="0" ten="254,464,144,128" step="2"/><U3/><E3/><V67/><F126/><W7/><G66/><T19/><D19/><U107/><E64/><V70/><F67/><W2/><G16/><T62/><D62/><U90/><E107/><V114/><F63/><W1/><G65/><T127/><D127/><U6/><E121/><V60/><F60/><W119/><G119/><T115/><D115/><U84/><E123/><V76/><F114/><W28/><G1/><T18/><D18/><U25/><E17/><V54/><F106/><W53/><G28/><T86/><D86/><U41/><E6/><V112/><F105/><W13/><G2/><T80/><D80/><U131/><E131/><V51/><F112/><W132/><G132/><T10/><D10/><U33/><E9/><V42/><F5/><W89/><G58/><T56/><D56/><U92/><E92/><V34/><F71/><W130/><G130/><T133/><D133/><U21/><E90/><AGARI ba="0,1" hai="7,8,13,44,45,49,53,57,85,89,90,93,95,98" machi="90" ten="30,2000,0" yaku="7,1,8,1" doraHai="36" who="3" fromWho="1" sc="254,0,464,-20,144,0,128,30" />
</Scene>
<Scene>
<INIT seed="5,0,0,5,4,69" ten="254,444,144,158" oya="1" hai0="7,62,81,86,10,32,56,17,6,20,42,52,28" hai1="31,122,88,50,107,38,119,126,57,95,9,30,116" hai2="98,66,96,110,72,131,15,99,12,21,25,33,3" hai3="120,111,85,51,91,14,105,16,37,47,55,135,102"/><U124/><E107/><V114/><F110/><W101/><G111/><T45/><D28/><U84/><E122/><V106/><F3/><W48/><G120/><T113/><D32/><U89/><E9/><V92/><F72/><W108/><G135/><T67/><D67/><U77/><E77/><V1/><F1/><W60/><G108/><T129/><D113/><U36/><E50/><V22/><F66/><W132/><G132/><T82/><D10/><U104/><E104/><V94/><F33/><W71/><G105/><T23/><D23/><U2/><E57/><V46/><F106/><W49/><G37/><T5/><D129/><U35/><E2/><V40/><F131/><W0/><G0/><T83/><D42/><U134/><E134/><V4/><F4/><W97/><G97/><T68/><D45/><U24/><E31/><V127/><F127/><N who="1" m="48681" /><E89/><V19/><F114/><W87/><G87/><T121/><D68/><U64/><E64/><V78/><F78/><W79/><G79/><N who="0" m="46399" /><D121/><U73/><E73/><V115/><F115/><W29/><G29/><T100/><D100/><N who="3" m="38505" /><G60/><T59/><D56/><U65/><E65/><V8/><F8/><N who="3" m="6215" /><G71/><T128/><D128/><U58/><E58/><V103/><F103/><W118/><G118/><AGARI ba="0,0" hai="24,30,35,36,38,84,88,95,116,118,119" m="48681" machi="118" ten="30,11600,0" yaku="18,1,52,2,54,1" doraHai="69" who="1" fromWho="3" sc="254,0,444,116,144,0,158,-116" />
</Scene>
<Scene>
<INIT seed="5,1,0,2,3,130" ten="254,560,144,42" oya="1" hai0="117,30,97,56,29,26,47,96,59,72,82,93,129" hai1="118,84,37,95,52,25,108,89,101,22,94,67,103" hai2="23,119,2,41,54,57,14,28,5,0,19,113,68" hai3="71,50,40,33,24,114,18,78,123,1,128,6,125"/><U21/><E37/><V48/><F119/><W73/><G123/><T65/><D117/><U88/><E108/><V61/><F113/><W60/><G114/><T77/><D30/><U27/><E118/><V9/><F28/><W15/><G128/><T133/><D97/><U4/><E4/><V34/><F34/><W86/><G73/><T31/><D31/><U74/><E67/><V92/><F92/><W135/><G125/><T124/><D124/><U122/><E74/><V44/><REACH who="2" step="1"/><F68/><REACH who="2" ten="254,560,134,42" step="2"/><W76/><G33/><T36/><D93/><U43/><E122/><V112/><F112/><W107/><G107/><T81/><D129/><U85/><E43/><V98/><F98/><W45/><G71/><T111/><D96/><U7/><E7/><V105/><F105/><W110/><G110/><T100/><D111/><U16/><E52/><V13/><AGARI ba="1,1" hai="0,2,5,9,13,14,19,23,41,44,48,54,57,61" machi="13" ten="20,2700,0" yaku="1,1,0,1,7,1,53,0" doraHai="130" doraHaiUra="69" who="2" fromWho="2" sc="254,-8,560,-14,134,40,42,-8" />
</Scene>
<Scene>
<INIT seed="6,0,0,2,2,74" ten="246,546,174,34" oya="2" hai0="130,39,118,76,116,89,21,5,57,132,38,129,55" hai1="20,2,99,32,14,125,19,54,35,64,120,50,49" hai2="91,78,41,26,84,110,8,31,29,90,45,37,60" hai3="101,51,3,28,117,17,73,77,18,0,62,66,95"/><V83/><F110/><W133/><G117/><N who="0" m="45163" /><D5/><U61/><E2/><V121/><F121/><W10/><G133/><T12/><D12/><U98/><E125/><V80/><F8/><W108/><G108/><T65/><D21/><U79/><E79/><V104/><F104/><W4/><G0/><T87/><D65/><U25/><E50/><V63/><F29/><W16/><G28/><T114/><D76/><U44/><E120/><V47/><F47/><W1/><G51/><N who="0" m="30975" /><D114/><U127/><E35/><V72/><REACH who="2" step="1"/><F91/><REACH who="2" ten="246,546,164,34" step="2"/><W27/><G27/><T34/><D132/><U109/><E127/><V134/><F134/><W58/><G101/><T112/><D112/><U122/><E122/><V107/><F107/><W126/><G126/><T43/><D89/><U24/><E109/><V46/><F46/><W13/><REACH who="3" step="1"/><G95/><REACH who="3" ten="246,546,164,24" step="2"/><T11/><D130/><U88/><E44/><V48/><F48/><W30/><G30/><T7/><D129/><U53/><E49/><V81/><F81/><AGARI ba="0,2" hai="1,3,4,10,13,16,17,18,58,62,66,73,77,81" machi="81" ten="40,5200,0" yaku="1,1,52,1,54,1,53,0" doraHai="74" doraHaiUra="69" who="3" fromWho="2" sc="246,0,546,0,164,-52,24,72" />
</Scene>
<Scene>
<INIT seed="7,0,0,1,0,59" ten="246,546,112,96" oya="3" hai0="93,99,120,67,69,52,16,72,38,7,39,121,122" hai1="110,70,86,131,49,51,71,61,9,83,64,56,8" hai2="90,15,22,89,125,75,76,46,50,101,18,2,24" hai3="33,48,130,98,68,6,35,1,117,115,23,91,134"/><W95/><G117/><T17/><D7/><U102/><E110/><V44/><F2/><W54/><G68/><T111/><D72/><U42/><E102/><V78/><F125/><W31/><G115/><T118/><D111/><U0/><E51/><V58/><F75/><W13/><G130/><T27/><D118/><U20/><E20/><N who="2" m="11359" /><F101/><W29/><G134/><T5/><D5/><U60/><E60/><V4/><F4/><W63/><G1/><T103/><D67/><U107/><E107/><V104/><F104/><W126/><G126/><T73/><D73/><U47/><E0/><V28/><F58/><W41/><G41/><T123/><D120/><U84/><E84/><V85/><F89/><W133/><G133/><T128/><D128/><U45/><E45/><N who="2" m="17515" /><F50/><W109/><G109/><T116/><D116/><U112/><E112/><V94/><AGARI ba="0,0" hai="22,24,28,76,78,85,90,94" m="17515,11359" machi="94" ten="30,1100,0" yaku="8,1" doraHai="59" who="2" fromWho="2" sc="246,-3,546,-3,112,11,96,-5" owari="243,4.0,543,65.0,123,-28.0,91,-41.0" />
</Scene>
</mjloggm>