<mjloggm ver="2.3"><GO type="41"/><UN n0="%E7%A5%9E%E7%AE%97%E9%AC%BC%E8%AC%80%E3%81%AE%E6%A5%B5%E3%81%BF" n1="%E3%81%B1%E3%83%BC%E3%81%8D%E3%82%93%E3%81%99" n2="%EF%BC%88%63%72%6F%73%73%EF%BC%89" n3="%E5%A4%AA%E3%81%8F%E3%81%AA%E3%81%84%E3%81%8A" dan="14,14,13,15" rate="2019,1983,1943,2057" sx="M,M,M,M"/><TAIKYOKU oya="0"/>

<Scene>
<INIT seed="0,0,0,4,4,116" ten="250,250,250,250" oya="0" hai0="118,12,131,44,31,72,22,41,81,21,16,79,110" hai1="23,20,15,62,27,0,19,51,68,87,109,32,117" hai2="58,69,48,78,77,45,71,5,129,61,64,130,25" hai3="119,63,105,101,124,3,90,74,115,113,9,30,97"/><T50/><D118/><U134/><E117/><V95/><F5/><W8/><G119/><T92/><D110/><U89/><E0/><V120/><F25/><W14/><G74/><T18/><D131/><N who="2" m="50186" /><F95/><W121/><G124/><T56/><D92/><U42/><E32/><V80/><F120/><W40/><G40/><T55/><D31/><U2/><E2/><V38/><F38/><W127/><G127/><T53/><REACH who="0" step="1"/><D56/><REACH who="0" ten="240,250,250,250" step="2"/><U122/><E122/><V10/><F80/><W43/><G30/><T125/><D125/><U65/><E68/><N who="2" m="26187" /><F10/><W24/><G9/><T34/><D34/><U126/><E126/><V4/><F4/><W91/><G8/><T49/><D49/><U11/><E51/><V108/><F108/><W47/><G121/><T86/><D86/><U94/><E109/><V135/><F135/><W85/><G85/><T67/><D67/><U107/><E134/><V82/><F82/><W70/><G70/><T88/><D88/><U83/><E89/><V84/><F84/><W37/><G91/><T100/><D100/><U106/><E87/><V75/><F75/><W133/><G90/><T123/><D123/><U128/><E83/><V102/><F102/><W54/><G133/><T76/><D76/><U96/><E94/><V6/><F6/><W103/><G103/><T73/><D73/><U17/><E128/><V36/><F48/><W132/><G132/><T35/><D35/><U111/><E111/><V52/><F64/><W46/><G101/><T112/><D112/><U13/><E65/><V1/><F1/><W7/><G115/><T114/><D114/><RYUUKYOKU ba="0,1" sc="240,15,250,-15,250,15,250,-15" hai0="12,16,18,21,22,41,44,50,53,55,72,79,81" hai2="36,45,52,58,61,77,78" />
</Scene>
<Scene>
<INIT seed="0,1,1,4,5,64" ten="255,235,265,235" oya="0" hai0="27,4,111,127,110,22,84,82,114,101,98,118,42" hai1="62,97,57,132,66,75,123,53,46,32,71,9,1" hai2="119,113,26,74,61,69,21,54,79,133,31,131,112" hai3="117,30,15,135,103,89,90,108,116,67,126,6,29"/><T91/><D118/><U50/><E123/><V124/><F119/><W95/><G67/><T52/><D114/><U104/><E75/><V58/><F124/><W36/><G36/><T65/><D127/><U128/><E32/><V100/><F131/><W85/><G126/><T2/><D42/><U130/><E132/><V17/><F133/><W86/><G103/><T94/><D65/><U25/><E25/><V73/><F100/><W0/><G0/><T51/><D4/><U8/><E1/><V63/><F74/><W24/><G135/><T14/><D14/><U55/><E104/><V120/><F120/><W68/><G108/><T106/><D2/><U93/><E130/><V11/><F63/><W59/><G59/><T40/><D40/><U83/><E83/><V87/><F73/><W99/><G99/><T81/><D82/><U121/><E121/><V41/><F41/><W37/><G37/><T16/><REACH who="0" step="1"/><D81/><REACH who="0" ten="245,235,265,235" step="2"/><U49/><REACH who="1" step="1"/><E128/><REACH who="1" ten="245,225,265,235" step="2"/><V56/><F112/><W129/><G129/><T88/><D88/><AGARI ba="1,3" hai="8,9,46,49,50,53,55,57,62,66,71,88,93,97" machi="88" ten="30,8000,1" yaku="1,1,2,1,7,1,52,1,54,1,53,0" doraHai="64" doraHaiUra="3" who="1" fromWho="0" sc="245,-83,225,113,265,0,235,0" />
</Scene>
<Scene>
<INIT seed="1,0,0,1,1,126" ten="162,338,265,235" oya="1" hai0="90,75,44,121,86,89,111,21,122,100,120,7,73" hai1="105,64,10,60,87,99,133,135,59,51,46,101,70" hai2="62,74,18,103,107,34,71,28,68,43,41,85,66" hai3="49,82,113,130,106,20,1,80,134,132,17,67,112"/><U48/><E10/><V129/><F74/><N who="0" m="28170" /><D7/><U61/><E87/><V118/><F118/><W15/><G106/><T26/><D100/><U93/><E105/><V83/><F71/><W78/><G1/><T110/><D44/><U124/><E124/><V97/><F18/><W63/><G49/><T69/><D69/><U36/><E36/><V57/><F57/><W12/><G78/><T65/><D65/><U96/><E96/><V54/><F54/><W33/><G67/><T24/><D21/><U32/><E32/><V88/><REACH who="2" step="1"/><F129/><REACH who="2" ten="162,338,255,235" step="2"/><W29/><G130/><T37/><D37/><U108/><E46/><V104/><F104/><W119/><G17/><T128/><D128/><U47/><E47/><V2/><F2/><W55/><G55/><T56/><D56/><U94/><E59/><V117/><F117/><W3/><G3/><T11/><D11/><U27/><E61/><V19/><F19/><W42/><G63/><T102/><D122/><U72/><E60/><V14/><F14/><W76/><G119/><T125/><D125/><U25/><E70/><V109/><F109/><W31/><G15/><T91/><D102/><U123/><E101/><V52/><F52/><W116/><G12/><T98/><D121/><U127/><E123/><V5/><F5/><W8/><G116/><T22/><D120/><U38/><E127/><V40/><F40/><W84/><G42/><T30/><D111/><U13/><E108/><V23/><F23/><W92/><G20/><T45/><D22/><U53/><E13/><V9/><F9/><W131/><G131/><T58/><D110/><RYUUKYOKU ba="0,1" sc="162,-10,338,-10,255,30,235,-10" hai2="28,34,41,43,62,66,68,83,85,88,97,103,107" />
</Scene>
<Scene>
<INIT seed="2,1,1,3,4,11" ten="152,328,285,225" oya="2" hai0="75,37,48,103,1,94,120,127,29,25,129,51,133" hai1="110,7,132,123,58,108,134,72,52,15,122,91,78" hai2="101,24,13,32,135,68,56,4,89,106,47,69,12" hai3="23,34,113,111,50,5,41,83,131,60,33,86,70"/><V71/><F135/><N who="1" m="51753" /><E91/><V80/><F4/><W84/><G111/><N who="1" m="42538" /><E78/><V79/><F89/><W45/><G131/><T73/><D133/><U97/><E97/><V55/><F47/><W92/><G113/><T46/><D129/><U9/><E72/><V116/><F116/><W36/><G36/><T98/><D120/><U64/><E64/><V104/><F32/><W115/><G115/><T95/><D127/><U57/><E57/><V62/><F24/><W124/><G124/><T10/><D73/><U54/><E54/><V88/><F88/><W100/><G86/><T67/><D67/><U117/><E117/><V125/><F125/><W21/><G92/><T66/><D66/><U74/><E74/><V118/><F118/><W65/><G100/><T0/><D75/><U35/><E35/><V22/><F22/><W3/><G23/><T53/><D94/><U8/><E8/><V109/><F109/><W6/><G21/><T20/><D10/><U102/><E102/><V90/><F90/><N who="3" m="51487" /><G33/><T18/><D37/><U16/><E7/><V93/><F93/><W59/><G34/><T126/><D126/><U49/><AGARI ba="1,1" hai="9,15,16,49,52,58,122,123" m="42538,51753" machi="49" ten="40,8000,1" yaku="20,1,14,1,52,1,54,2" doraHai="11" who="1" fromWho="1" sc="152,-21,328,93,285,-41,225,-21" />
</Scene>
<Scene>
<INIT seed="3,0,0,4,5,69" ten="131,421,244,204" oya="3" hai0="13,26,5,102,55,108,127,59,7,25,61,19,51" hai1="135,120,90,103,94,72,114,63,99,92,95,1,46" hai2="36,62,121,4,6,117,83,52,134,78,112,97,98" hai3="65,66,14,45,47,87,40,53,89,106,124,96,34"/><W44/><G34/><T91/><D108/><U28/><E1/><V32/><F117/><W2/><G2/><T56/><D127/><U86/><E114/><V18/><F112/><W116/><G116/><T27/><D102/><U129/><E120/><V50/><F32/><W109/><G124/><T38/><D91/><U54/><E72/><V77/><F121/><W60/><G109/><T100/><D100/><U24/><E135/><V68/><F134/><W75/><G75/><T132/><D132/><U43/><E129/><V128/><F128/><W10/><G106/><T41/><D41/><U9/><E9/><V12/><F78/><W110/><G96/><T122/><D38/><U81/><E54/><V17/><F17/><N who="3" m="8407" /><G40/><T49/><D122/><U48/><REACH who="1" step="1"/><E63/><REACH who="1" ten="131,411,244,204" step="2"/><V73/><F62/><W8/><G8/><N who="0" m="6567" /><D49/><U101/><E101/><V39/><F68/><W3/><G3/><T15/><D15/><U20/><AGARI ba="0,1" hai="20,24,28,43,46,48,81,86,90,92,94,95,99,103" machi="20" ten="20,5200,0" yaku="1,1,0,1,7,1,8,1,53,0" doraHai="69" doraHaiUra="104" who="1" fromWho="1" sc="131,-13,411,62,244,-13,204,-26" />
</Scene>
<Scene>
<INIT seed="4,0,0,3,1,16" ten="118,473,231,178" oya="0" hai0="126,102,24,127,133,25,1,61,52,79,112,32,40" hai1="100,20,118,95,84,109,39,86,48,44,123,46,97" hai2="67,132,105,81,7,11,77,73,113,31,76,117,53" hai3="28,129,56,35,78,134,68,128,43,34,122,8,116"/><T71/><D1/><U29/><E123/><V14/><F105/><W17/><G68/><T57/><D112/><U89/><E118/><V23/><F113/><W120/><G78/><T37/><D79/><U45/><E39/><V75/><F117/><W55/><G43/><T74/><D74/><U63/><E109/><V101/><F132/><W125/><G116/><T64/><D102/><U131/><E131/><N who="3" m="50250" /><G134/><T106/><D106/><U51/><E63/><V30/><F101/><W65/><G65/><T12/><D133/><U33/><E33/><N who="3" m="12298" /><G28/><T103/><D12/><U110/><E110/><V83/><F67/><W88/><G125/><N who="0" m="47627" /><D103/><U119/><E119/><V99/><F99/><W27/><G88/><T41/><D32/><U90/><E90/><V54/><REACH who="2" step="1"/><F31/><REACH who="2" ten="118,473,221,178" step="2"/><W26/><G122/><T62/><D37/><U6/><E100/><V0/><F0/><W18/><G120/><T108/><D108/><U115/><E97/><V80/><F80/><W21/><G8/><T70/><D70/><U114/><E29/><V50/><F50/><N who="3" m="30839" /><G27/><AGARI ba="0,1" hai="24,25,27,40,41,52,57,61,62,64,71" m="47627" machi="27" ten="30,2900,0" yaku="18,1,54,1" doraHai="16" who="0" fromWho="3" sc="118,39,473,0,221,0,178,-29" /><AGARI ba="0,0" hai="7,11,14,23,27,30,53,54,73,75,76,77,81,83" machi="27" ten="40,5200,0" yaku="1,1,9,1,52,1,53,0" doraHai="16" doraHaiUra="47" who="2" fromWho="3" sc="157,0,473,0,221,52,149,-52" />
</Scene>
<Scene>
<INIT seed="4,1,0,0,0,27" ten="157,473,273,97" oya="0" hai0="130,9,30,102,34,112,133,134,62,108,69,39,15" hai1="12,24,43,106,99,132,10,23,6,94,7,89,81" hai2="129,31,116,87,110,33,93,78,40,95,119,4,61" hai3="122,64,128,5,26,85,114,120,45,50,86,131,71"/><T1/><D112/><U84/><E132/><N who="0" m="50793" /><D102/><U22/><E106/><V47/><F110/><W25/><G5/><N who="0" m="1199" /><D39/><U19/><E43/><V56/><F129/><N who="3" m="49739" /><G114/><T82/><D130/><U21/><REACH who="1" step="1"/><E7/><REACH who="1" ten="157,463,273,97" step="2"/><V65/><F4/><W115/><G115/><T91/><D108/><U54/><E54/><V123/><F116/><W98/><G120/><T109/><D109/><U77/><AGARI ba="1,1" hai="6,10,12,19,21,22,23,24,77,81,84,89,94,99" machi="77" ten="20,5200,0" yaku="1,1,0,1,7,1,8,1,53,0" doraHai="27" doraHaiUra="97" who="1" fromWho="1" sc="157,-27,463,65,273,-14,97,-14" />
</Scene>
<Scene>
<INIT seed="5,0,0,0,5,68" ten="130,528,259,83" oya="1" hai0="1,82,59,113,74,87,132,63,112,90,110,46,72" hai1="55,33,75,120,39,98,27,73,133,121,57,61,105" hai2="4,117,128,30,5,40,85,42,62,11,104,101,130" hai3="24,119,7,13,100,96,29,70,89,49,41,43,17"/><U103/><E39/><V81/><F117/><W79/><G70/><T131/><D1/><U66/><E133/><V0/><F5/><W102/><G119/><T86/><D46/><U60/><E121/><V19/><F30/><W125/><G125/><T78/><D110/><U97/><E120/><V50/><F62/><W116/><G116/><T64/><D132/><U118/><E118/><V21/><F101/><W3/><G79/><T14/><D14/><U9/><E9/><V107/><F104/><W23/><G89/><T88/><D131/><N who="2" m="50218" /><F107/><W106/><G100/><T32/><D32/><U108/><E108/><V15/><F50/><W53/><G7/><T67/><D64/><U65/><E65/><V18/><F18/><W51/><G3/><T69/><D69/><U124/><E124/><V12/><F0/><W10/><REACH who="3" step="1"/><G51/><REACH who="3" ten="130,528,259,73" step="2"/><T52/><D78/><AGARI ba="0,1" hai="4,11,12,15,19,21,40,42,78,81,85" m="50218" machi="78" ten="30,1000,0" yaku="19,1" doraHai="68" who="2" fromWho="0" sc="130,-10,528,0,259,20,73,0" />
</Scene>
<Scene>
<INIT seed="6,0,0,5,2,82" ten="120,528,279,73" oya="2" hai0="88,8,58,68,66,125,19,12,93,104,9,115,16" hai1="126,110,128,102,36,112,120,81,105,86,21,52,37" hai2="127,80,77,31,72,27,61,14,22,118,84,60,92" hai3="79,13,5,67,55,51,69,4,47,1,114,28,46"/><V109/><F118/><W111/><G111/><T85/><D104/><U99/><E110/><V23/><F109/><W122/><G122/><T10/><D68/><U103/><E120/><V43/><F127/><W53/><G1/><T70/><D70/><U71/><E71/><V65/><F43/><W7/><G114/><T49/><D115/><U32/><E32/><V74/><F61/><W15/><G28/><T121/><D125/><U25/><E112/><V97/><F14/><W89/><G79/><T96/><D121/><U75/><E75/><V101/><F22/><W87/><G67/><T3/><D3/><U18/><E103/><V26/><F26/><W50/><REACH who="3" step="1"/><G69/><AGARI ba="0,0" hai="23,27,31,60,65,69,72,74,77,80,84,92,97,101" machi="69" ten="30,2900,0" yaku="7,1,52,1" doraHai="82" who="2" fromWho="3" sc="120,0,528,0,279,29,73,-29" />
</Scene>
<Scene>
<INIT seed="6,1,0,0,4,66" ten="120,528,308,44" oya="2" hai0="71,100,24,57,47,16,39,110,11,29,28,103,76" hai1="95,129,21,2,45,90,6,133,109,43,15,4,70" hai2="84,85,123,56,91,51,102,50,74,114,96,124,89" hai3="73,23,131,117,118,17,19,30,0,72,108,69,106"/><V8/><F123/><W22/><G30/><T10/><D110/><U67/><E109/><V32/><F74/><W41/><G108/><T3/><D76/><U105/><E105/><V121/><F121/><W36/><G41/><T115/><D115/><U44/><E2/><V31/><F114/><W125/><G0/><T5/><D71/><U33/><E33/><V101/><F124/><W54/><G125/><T132/><D132/><U120/><E67/><V112/><F112/><W99/><G99/><T55/><D29/><U135/><E70/><V88/><F32/><W25/><G106/><T60/><D47/><U79/><E45/><V12/><F31/><W130/><G36/><T98/><D39/><U34/><E79/><V122/><F122/><W64/><G54/><T49/><D60/><U113/><E113/><V107/><F101/><W77/><G77/><T42/><D98/><U59/><E34/><V58/><F58/><W111/><G111/><T116/><D42/><U14/><E43/><V75/><F75/><N who="3" m="28747" /><G64/><T1/><D1/><U93/><E59/><V94/><F107/><W126/><G69/><T82/><D28/><U127/><E44/><V87/><REACH who="2" step="1"/><F56/><REACH who="2" ten="120,528,298,44" step="2"/><W7/><G126/><T52/><D57/><U83/><E127/><V53/><F53/><W35/><G35/><T38/><D52/><U13/><E120/><V62/><F62/><W92/><G118/><T78/><D116/><U81/><E135/><V27/><F27/><N who="3" m="14799" /><G117/><T37/><D55/><U104/><E133/><V65/><F65/><W46/><G25/><T68/><D24/><U97/><E104/><RYUUKYOKU ba="1,1" sc="120,-10,528,-10,298,30,44,-10" hai2="8,12,50,51,84,85,87,88,89,91,94,96,102" />
</Scene>
<Scene>
<INIT seed="6,2,1,4,2,80" ten="110,518,328,34" oya="2" hai0="54,131,27,23,79,17,83,30,111,52,123,122,13" hai1="103,128,118,110,90,38,99,76,97,68,42,70,117" hai2="84,56,105,71,11,124,135,44,96,119,95,115,26" hai3="16,53,116,121,65,109,89,35,51,100,92,59,78"/><V120/><F119/><W55/><G116/><T77/><D111/><U129/><E110/><V0/><F120/><W1/><G109/><T106/><D106/><U6/><E6/><V46/><F71/><W86/><G121/><T87/><D131/><U49/><E38/><V45/><F115/><W108/><G108/><T31/><D79/><U10/><E10/><V125/><F135/><W12/><G35/><T112/><D112/><U22/><E22/><V28/><F105/><W57/><G1/><T4/><D123/><U2/><E2/><V15/><F0/><W19/><G65/><T64/><D64/><U102/><E76/><V61/><F84/><W50/><G78/><T67/><D67/><U47/><E90/><V43/><F26/><W74/><G74/><T36/><D36/><U8/><E8/><V133/><F28/><N who="0" m="10794" /><D122/><U127/><E127/><N who="2" m="48715" /><F133/><W130/><G130/><T9/><AGARI ba="2,1" hai="4,9,13,17,23,27,52,54,77,83,87" m="10794" machi="9" ten="30,4000,0" yaku="8,1,52,1,54,1" doraHai="80" who="0" fromWho="0" sc="110,56,518,-12,328,-22,34,-12" />
</Scene>
<Scene>
<INIT seed="7,0,0,2,1,123" ten="166,506,306,22" oya="3" hai0="135,114,132,74,128,23,131,8,120,111,60,65,69" hai1="1,88,59,109,104,116,63,86,41,53,13,95,127" hai2="130,76,62,47,83,30,77,93,125,36,37,14,3" hai3="82,85,52,0,96,64,2,113,35,45,6,119,44"/><W79/><G119/><T121/><D23/><U50/><E1/><V99/><F14/><W61/><G35/><T39/><D8/><U18/><E104/><V34/><F125/><W51/><G113/><T7/><D7/><U117/><E109/><V102/><F130/><N who="0" m="49706" /><D74/><U22/><E127/><V100/><F3/><W87/><G6/><T49/><D49/><U103/><E103/><V89/><F76/><W9/><G9/><T28/><D28/><U15/><E15/><V56/><F34/><W29/><G29/><T107/><D107/><U43/><E63/><V26/><F37/><W108/><G108/><T97/><D97/><U94/><E94/><V70/><F70/><W129/><G129/><T98/><D98/><U133/><E133/><N who="0" m="51273" /><D39/><U57/><E57/><V81/><F36/><W21/><G21/><T112/><D111/><U12/><E12/><V105/><F47/><W75/><G44/><T78/><D78/><U10/><E10/><V5/><F5/><W115/><G115/><AGARI ba="0,0" hai="60,65,69,112,114,115,120,121" m="51273,49706" machi="115" ten="40,12000,2" yaku="15,1,11,1,19,1,20,1,23,1,34,2" doraHai="123" who="0" fromWho="3" sc="166,120,506,0,306,0,22,-120" owari="286,-11.0,506,60.0,306,11.0,-98,-60.0" />
</Scene>
</mjloggm>