<mjloggm ver="2.3"><GO type="41"/><UN n0="%E9%AB%98%E6%A9%8B%E3%81%BF%E3%81%AA%E3%81%BF" n1="%E3%83%97%E3%83%B3%E3%83%90%33" n2="%E5%A4%AA%E3%81%8F%E3%81%AA%E3%81%84%E3%81%8A" n3="%61%6B%69%72%61%54%4A" dan="14,13,15,13" rate="1935,1936,2052,1829" sx="M,M,M,M"/><TAIKYOKU oya="0"/>

<Scene>
<INIT seed="0,0,0,0,2,0" ten="250,250,250,250" oya="0" hai0="116,21,3,33,103,42,59,98,96,67,64,17,80" hai1="5,66,89,26,106,105,46,36,112,58,56,76,31" hai2="109,65,19,1,55,115,133,126,40,32,7,53,41" hai3="101,114,12,14,87,22,134,90,77,18,108,88,102"/><T128/><D33/><U49/><E76/><V44/><F32/><W62/><G114/><T71/><D116/><U30/><E36/><V83/><F115/><W124/><G124/><T45/><D128/><U74/><E74/><V113/><F113/><W127/><G127/><T117/><D117/><U23/><E112/><V4/><F126/><W29/><G134/><T91/><D71/><U78/><E78/><V63/><F1/><W50/><G29/><T48/><D3/><U15/><E105/><V70/><F40/><W84/><G108/><T35/><D35/><U130/><E106/><V119/><F119/><W75/><G62/><T69/><D69/><U118/><E118/><V104/><F104/><W95/><G77/><T72/><D72/><U68/><E31/><V92/><F109/><W79/><G79/><T111/><D103/><U20/><E68/><V54/><F83/><W129/><G129/><T120/><D120/><U52/><E66/><V51/><F133/><W61/><G75/><T107/><D107/><U2/><E2/><V24/><REACH who="2" step="1"/><F92/><REACH who="2" ten="250,250,240,250" step="2"/><W16/><G61/><T60/><D111/><U10/><E130/><V99/><F99/><W13/><G50/><T43/><D43/><U39/><E39/><V123/><F123/><W110/><G110/><T81/><D67/><U11/><E11/><V27/><F27/><W100/><REACH who="3" step="1"/><G22/><AGARI ba="0,1" hai="4,7,19,22,24,41,44,51,53,54,55,63,65,70" machi="22" ten="40,5200,0" yaku="1,1,52,2,53,0" doraHai="0" doraHaiUra="6" who="2" fromWho="3" sc="250,0,250,0,240,62,250,-52" />
</Scene>
<Scene>
<INIT seed="1,0,0,5,3,114" ten="250,250,302,198" oya="1" hai0="50,68,12,21,52,85,72,17,89,38,121,119,30" hai1="112,13,37,51,120,86,60,64,73,9,26,47,42" hai2="41,117,0,110,65,80,6,1,43,67,133,74,115" hai3="3,7,14,78,109,96,131,107,95,18,39,111,61"/><U20/><E112/><V76/><F115/><W79/><G39/><T70/><D38/><U84/><E73/><V62/><F110/><N who="3" m="41995" /><G131/><T71/><D72/><U23/><E120/><V82/><F133/><W53/><G107/><T103/><D103/><U32/><E32/><V135/><F135/><W57/><G7/><T33/><D121/><U118/><E118/><V127/><F127/><W34/><G34/><T94/><D33/><U45/><E45/><V132/><F132/><W116/><G3/><T19/><D30/><U24/><E37/><V91/><F117/><W27/><G116/><T88/><D119/><U102/><E102/><V31/><F31/><W129/><G129/><T22/><D89/><U4/><E60/><V90/><F74/><W105/><G105/><T75/><D75/><U97/><E97/><V58/><F62/><W122/><G122/><T124/><D124/><U108/><E64/><V100/><F100/><W134/><G134/><T63/><D63/><U8/><E8/><V55/><F6/><W81/><G81/><T123/><D123/><U83/><E108/><V98/><F98/><W101/><G27/><N who="1" m="10282" /><E86/><V16/><F0/><W69/><G69/><T99/><D99/><U5/><E5/><V54/><F1/><W44/><G44/><T49/><D71/><U93/><E93/><V48/><F82/><W29/><G29/><T25/><D50/><U125/><E125/><V36/><F80/><W40/><G40/><T113/><D113/><U10/><E10/><AGARI ba="0,0" hai="10,14,18,53,57,61,78,79,95,96,101" m="41995" machi="10" ten="30,1000,0" yaku="14,1" doraHai="114" who="3" fromWho="1" sc="250,0,250,-10,302,0,198,10" />
</Scene>
<Scene>
<INIT seed="2,0,0,0,3,120" ten="250,240,302,208" oya="2" hai0="86,12,129,83,49,64,54,131,21,13,100,94,123" hai1="96,26,106,9,121,101,46,77,115,78,98,58,36" hai2="24,5,93,55,105,61,52,59,110,116,82,27,72" hai3="51,28,88,44,48,25,73,10,103,2,99,132,114"/><V47/><F105/><W135/><G73/><T43/><D43/><U14/><E115/><V112/><F112/><W3/><G114/><T0/><D0/><U97/><E121/><V1/><F116/><W50/><G10/><T29/><D64/><U70/><E70/><V124/><F1/><W95/><G44/><T130/><D123/><U23/><E106/><V41/><F5/><W66/><G66/><T81/><D100/><U71/><E71/><V17/><F124/><W125/><G103/><T134/><D134/><N who="3" m="51241" /><G125/><T133/><D133/><U111/><E101/><V18/><F93/><W104/><G104/><T20/><D94/><U65/><E46/><V84/><F72/><W76/><G76/><T38/><D38/><U7/><E36/><V35/><F47/><W90/><G90/><T79/><D83/><U37/><E37/><V34/><F82/><W33/><AGARI ba="0,0" hai="2,3,25,28,33,48,50,51,88,95,99" m="51241" machi="33" ten="30,2000,0" yaku="20,1,54,1" doraHai="120" who="3" fromWho="3" sc="250,-5,240,-5,302,-10,208,20" />
</Scene>
<Scene>
<INIT seed="3,0,0,4,0,135" ten="245,235,292,228" oya="3" hai0="88,94,33,38,55,121,116,133,75,30,110,74,27" hai1="37,130,20,47,10,68,48,86,114,78,53,95,23" hai2="99,46,77,72,112,63,123,12,51,102,69,80,73" hai3="129,56,98,79,126,2,108,36,92,17,109,97,28"/><W31/><G36/><T89/><D133/><U111/><E114/><V42/><F112/><W67/><G2/><T132/><D132/><U90/><E68/><V52/><F123/><W32/><G129/><T107/><D107/><U96/><E111/><N who="3" m="42570" /><G126/><T29/><D110/><U70/><E70/><V128/><F128/><W15/><G79/><T61/><D38/><U21/><E130/><V76/><F12/><W105/><G32/><T82/><D116/><U100/><E37/><V91/><F91/><W62/><G105/><T41/><D41/><U122/><E122/><V39/><F69/><W81/><G81/><T115/><D115/><U134/><E134/><V104/><F63/><W25/><G25/><T124/><D121/><U71/><E71/><V127/><F127/><W3/><G3/><T49/><D61/><U5/><E78/><V59/><REACH who="2" step="1"/><F77/><REACH who="2" ten="245,235,282,228" step="2"/><W45/><G15/><T34/><D124/><U65/><E90/><V18/><F18/><W14/><G17/><T58/><D89/><U131/><E131/><V85/><AGARI ba="0,1" hai="39,42,46,51,52,59,72,73,76,80,85,99,102,104" machi="85" ten="20,5200,0" yaku="1,1,0,1,7,1,54,1,53,0" doraHai="135" doraHaiUra="9" who="2" fromWho="2" sc="245,-13,235,-13,282,62,228,-26" />
</Scene>
<Scene>
<INIT seed="4,0,0,3,0,50" ten="232,222,344,202" oya="0" hai0="65,63,87,22,121,128,10,127,134,39,61,114,71" hai1="120,33,130,93,23,13,126,18,66,133,123,9,1" hai2="81,68,24,47,56,40,20,17,12,8,124,14,36" hai3="79,25,78,27,99,51,31,37,89,108,115,112,35"/><T28/><D121/><U118/><E66/><V41/><F68/><W60/><G37/><T94/><D114/><U43/><E43/><V86/><F124/><W19/><G108/><T29/><D127/><U110/><E93/><V72/><F72/><W70/><G112/><T75/><D75/><U32/><E126/><V30/><F41/><W97/><G115/><T119/><D39/><U42/><E42/><V54/><F14/><W55/><G70/><T21/><D71/><U102/><E102/><V0/><F0/><W85/><G60/><T46/><D65/><U91/><E91/><V103/><F103/><W105/><G105/><T106/><D106/><U111/><E118/><V73/><F73/><W117/><G117/><T62/><BYE who="3" /><D119/><UN n3="%61%6B%69%72%61%54%4A" /><U88/><E88/><V131/><F131/><W3/><G3/><T107/><D107/><U48/><E48/><V104/><F104/><W4/><G79/><T69/><D128/><U2/><E130/><V52/><F56/><W84/><G78/><AGARI ba="0,0" hai="8,12,17,20,24,30,36,40,47,52,54,78,81,86" machi="78" ten="30,7700,0" yaku="7,1,52,2,54,1" doraHai="50" who="2" fromWho="3" sc="232,0,222,0,344,77,202,-77" />
</Scene>
<Scene>
<INIT seed="5,0,0,3,0,135" ten="232,222,421,125" oya="1" hai0="10,8,110,43,129,131,111,102,104,22,28,62,99" hai1="96,116,36,15,115,51,71,101,14,100,108,84,23" hai2="41,16,81,33,34,35,126,68,121,52,53,19,95" hai3="103,24,106,122,6,73,75,69,90,60,32,18,89"/><U77/><E115/><V109/><F109/><N who="0" m="41482" /><D43/><U20/><E71/><V56/><F121/><W114/><G122/><T38/><D38/><U54/><E36/><V92/><F68/><W31/><G114/><T82/><D62/><U17/><E116/><V72/><F41/><W124/><G6/><T42/><D42/><U0/><E0/><V44/><F44/><W13/><G75/><T50/><D50/><U94/><E108/><V29/><F29/><W85/><G73/><T76/><D28/><U45/><E101/><V26/><F72/><W98/><G85/><N who="0" m="48327" /><D22/><U74/><E74/><V30/><F81/><W63/><G124/><T64/><D64/><U46/><E46/><V112/><F126/><W113/><G113/><T132/><D10/><N who="1" m="6359" /><E15/><V25/><F112/><W59/><G63/><T117/><D8/><U128/><E128/><N who="0" m="49225" /><D132/><U67/><E67/><V7/><F30/><W49/><G49/><T125/><D117/><U70/><E70/><V105/><F35/><W4/><G4/><T130/><D130/><U39/><E39/><V57/><F7/><W3/><G3/><T79/><D79/><U58/><E45/><V93/><F34/><W91/><G59/><T2/><D2/><U5/><E5/><V107/><F33/><W97/><G60/><T37/><D37/><U1/><E1/><V133/><F133/><W80/><G69/><T40/><D40/><U78/><E78/><V83/><F57/><W65/><G65/><T11/><D11/><U9/><E9/><V55/><F56/><W12/><G32/><T66/><D66/><U48/><E48/><RYUUKYOKU ba="0,0" sc="232,15,222,15,421,-15,125,-15" hai0="99,102,104,125" hai1="20,23,51,54,58,77,84,94,96,100" />
</Scene>
<Scene>
<INIT seed="5,1,0,5,1,56" ten="247,237,406,110" oya="1" hai0="92,109,18,31,8,62,118,122,29,6,23,55,130" hai1="2,58,77,107,37,124,15,88,104,111,115,25,49" hai2="28,95,57,34,65,12,82,69,24,14,4,10,70" hai3="126,121,90,52,116,93,85,135,84,128,108,89,79"/><U101/><E115/><V35/><F35/><W59/><G121/><T94/><D109/><U61/><E2/><V125/><F125/><W30/><G108/><T120/><D118/><U86/><E37/><V72/><F95/><W5/><G116/><T3/><D130/><U81/><E124/><V50/><F14/><W42/><G126/><T87/><D122/><U105/><E49/><V73/><F73/><W17/><G128/><T51/><D94/><U45/><E45/><V33/><F33/><W11/><G42/><T16/><D18/><U0/><E0/><V44/><F57/><W98/><G79/><T21/><D21/><U13/><E25/><V66/><F70/><W132/><G30/><T39/><D39/><U129/><E129/><V40/><F69/><W76/><G76/><T119/><D119/><U91/><E111/><V113/><F113/><W100/><G132/><T1/><D1/><U127/><E127/><V102/><F102/><W83/><G135/><T110/><D110/><U54/><REACH who="1" step="1"/><E101/><REACH who="1" ten="247,227,406,110" step="2"/><V134/><F134/><W20/><G100/><T32/><D51/><U117/><E117/><V9/><F50/><W114/><G114/><T80/><D120/><U112/><E112/><V53/><F44/><W38/><G38/><T26/><D32/><U19/><E19/><V46/><F46/><W96/><G17/><T67/><D31/><U48/><E48/><V47/><F47/><W103/><G103/><T22/><D29/><U99/><E99/><V7/><F34/><W68/><G96/><T106/><D3/><U27/><E27/><V71/><F24/><RYUUKYOKU ba="1,1" sc="247,-10,227,30,406,-10,110,-10" hai1="13,15,54,58,61,77,81,86,88,91,104,105,107" />
</Scene>
<Scene>
<INIT seed="5,2,1,0,5,2" ten="237,257,396,100" oya="1" hai0="129,98,128,15,115,123,33,102,81,88,9,100,59" hai1="32,105,108,109,42,96,0,111,7,10,12,23,44" hai2="5,71,114,41,6,67,28,24,36,56,106,131,68" hai3="19,135,92,99,85,110,133,13,66,49,20,82,75"/><U86/><E86/><V61/><F106/><W126/><G75/><T94/><D33/><U3/><E105/><V112/><F131/><N who="0" m="50250" /><D59/><U35/><E96/><V57/><F36/><W87/><G110/><T40/><D40/><U53/><E53/><V121/><F121/><W78/><G66/><T134/><D123/><U118/><E118/><V11/><F41/><W14/><G126/><T50/><D50/><U73/><E73/><V21/><F57/><W8/><G133/><T70/><D134/><U27/><E44/><V43/><F43/><W64/><G135/><T107/><D70/><N who="2" m="26666" /><F11/><W65/><G49/><T93/><D115/><AGARI ba="2,1" hai="5,6,21,24,28,56,61,67,112,114,115" m="26666" machi="115" ten="30,7700,0" yaku="15,1,11,1,52,2" doraHai="2" who="2" fromWho="0" sc="237,-83,257,0,396,93,100,0" />
</Scene>
<Scene>
<INIT seed="6,0,0,3,4,101" ten="154,257,489,100" oya="2" hai0="76,14,20,69,124,86,93,117,7,74,84,90,95" hai1="63,37,75,91,35,128,97,16,49,104,133,61,112" hai2="5,127,64,23,21,123,10,119,30,87,68,51,94" hai3="48,116,31,65,110,82,19,88,67,33,60,114,106"/><V8/><F123/><W26/><G116/><T36/><D69/><U71/><E35/><V103/><F119/><W11/><G110/><T9/><D36/><U43/><E75/><V134/><F134/><W59/><G114/><T80/><D117/><U4/><E112/><V135/><F135/><W18/><G48/><T115/><D115/><U52/><E4/><V98/><F127/><W15/><G65/><T132/><D124/><U29/><E29/><V72/><F72/><W47/><G47/><T3/><D132/><U85/><E128/><V126/><F126/><W107/><G19/><T56/><D56/><U46/><E133/><V25/><F68/><W111/><REACH who="3" step="1"/><G111/><REACH who="3" ten="154,257,489,90" step="2"/><T130/><D130/><U105/><E71/><V17/><F51/><W44/><G44/><T40/><D40/><U42/><E42/><V27/><F64/><W92/><G92/><T55/><D55/><U12/><E43/><V13/><F17/><W45/><G45/><T125/><D125/><U131/><E37/><V102/><F94/><W120/><G120/><T77/><D95/><U41/><E41/><V100/><F5/><W39/><G39/><T28/><D28/><U38/><E38/><V66/><F30/><W58/><G58/><T79/><D74/><U6/><E6/><V2/><F66/><W24/><G24/><T96/><D96/><U78/><E97/><V118/><F98/><W109/><G109/><T22/><D84/><AGARI ba="0,1" hai="11,15,18,26,31,33,59,60,67,82,84,88,106,107" machi="84" ten="40,8000,1" yaku="1,1,52,2,54,1,53,0" doraHai="101" doraHaiUra="1" who="3" fromWho="0" sc="154,-80,257,0,489,0,90,90" />
</Scene>
<Scene>
<INIT seed="7,0,0,3,2,84" ten="74,257,489,180" oya="3" hai0="22,38,20,45,93,8,49,86,74,14,48,135,130" hai1="131,51,12,41,23,120,52,61,101,27,35,36,37" hai2="134,127,1,103,133,29,112,92,30,57,105,117,69" hai3="68,39,77,113,59,88,50,90,81,54,73,100,116"/><W99/><G116/><T56/><D74/><U94/><E120/><V71/><F117/><W118/><G118/><T11/><D135/><N who="2" m="51722" /><F1/><W31/><G68/><N who="2" m="26185" /><F112/><W76/><G39/><T96/><D130/><U19/><E131/><V6/><F127/><W83/><G113/><T0/><D38/><U129/><E129/><V60/><F6/><W25/><G31/><T67/><D0/><U124/><E61/><V85/><F105/><W121/><G25/><T2/><D2/><U10/><E41/><V34/><F34/><W75/><REACH who="3" step="1"/><G121/><REACH who="3" ten="74,257,489,170" step="2"/><T9/><D14/><U89/><E37/><V4/><F30/><W70/><G70/><T3/><D3/><U122/><E36/><V104/><F29/><W115/><G115/><T80/><D45/><U43/><E122/><V63/><F57/><W102/><G102/><T110/><D110/><U108/><E101/><V106/><F103/><W107/><AGARI ba="0,1" hai="50,54,59,73,75,76,77,81,83,88,90,99,100,107" machi="107" ten="20,24000,3" yaku="1,1,0,1,7,1,9,1,52,2,54,1,53,1" doraHai="84" doraHaiUra="47" who="3" fromWho="3" sc="74,-80,257,-80,489,-80,170,250" owari="-6,-51.0,177,-22.0,409,21.0,420,52.0" />
</Scene>
</mjloggm>