<mjloggm ver="2.3"><GO type="137"/><UN n0="%E5%A4%AA%E3%81%8F%E3%81%AA%E3%81%84%E3%81%8A" n1="%44%47%58%4C%43" n2="%E3%83%8B%E3%83%BC%E3%83%88%E6%BD%94" n3="%E3%83%BB%E7%8F%8D%E9%81%8A%E4%BA%AD%E3%83%BB%E6%96%AC%E3%83%BB%58" dan="9,13,12,13" rate="1626,1738,1746,1837" sx="M,M,M,M"/><TAIKYOKU oya="0"/>

<Scene>
<INIT seed="0,0,0,0,5,16" ten="250,250,250,250" oya="0" hai0="50,98,17,42,133,112,102,18,82,86,51,128,41" hai1="28,54,116,101,130,24,65,113,123,68,48,23,67" hai2="125,1,124,29,15,80,87,36,45,88,75,131,11" hai3="96,99,33,100,3,106,92,97,4,74,69,22,109"/><T35/><D35/><U73/><E123/><V127/><F1/><W46/><G69/><T132/><D112/><U47/><E116/><V0/><F0/><W70/><G70/><T34/><D34/><U76/><E113/><V7/><F75/><W94/><G74/><T115/><D115/><U58/><E68/><V117/><F117/><W9/><G33/><T6/><D6/><U49/><E130/><V32/><F131/><W55/><G109/><T91/><D128/><U135/><E135/><N who="0" m="51785" /><D50/><U78/><E101/><V81/><F29/><W84/><G84/><T121/><D121/><U31/><E31/><V8/><F32/><W83/><G83/><T57/><D57/><U61/><E73/><V12/><F45/><W108/><G108/><T43/><D51/><U60/><E67/><V107/><F107/><AGARI ba="0,0" hai="17,18,41,42,43,82,86,91,98,102,107" m="51785" machi="107" ten="30,1500,0" yaku="20,1" doraHai="16" who="0" fromWho="2" sc="250,15,250,0,250,-15,250,0" />
</Scene>
<Scene>
<INIT seed="0,1,0,5,2,27" ten="265,250,235,250" oya="0" hai0="33,113,5,42,55,37,102,70,95,29,96,111,100" hai1="43,91,71,124,135,78,132,127,64,125,1,68,13" hai2="75,74,69,77,32,49,17,12,126,82,36,121,99" hai3="20,81,51,46,54,128,88,59,45,85,131,116,112"/><T53/><D113/><U101/><E1/><V122/><F69/><W90/><G116/><T62/><D5/><U3/><E3/><V50/><F32/><W118/><G118/><T48/><D102/><U72/><E101/><V4/><F36/><W87/><G112/><T120/><D120/><U80/><E91/><V98/><F4/><W66/><G66/><N who="0" m="41303" /><D95/><U21/><E43/><V79/><F17/><W108/><G20/><T56/><D55/><U16/><REACH who="1" step="1"/><E64/><REACH who="1" ten="265,240,235,250" step="2"/><V73/><F79/><W63/><G108/><T39/><D111/><U24/><E24/><V2/><F2/><W57/><G45/><N who="0" m="23775" /><D37/><U26/><E26/><V11/><F12/><W92/><REACH who="3" step="1"/><G46/><REACH who="3" ten="265,240,235,240" step="2"/><T30/><D33/><U130/><E130/><V23/><F122/><W83/><G83/><T134/><D134/><AGARI ba="1,2" hai="13,16,21,68,71,72,78,80,124,125,127,132,134,135" machi="134" ten="50,8000,1" yaku="1,1,18,1,20,1,54,1,53,0" doraHai="27" doraHaiUra="44" who="1" fromWho="0" sc="265,-83,240,103,235,0,240,0" />
</Scene>
<Scene>
<INIT seed="1,0,0,0,4,45" ten="182,343,235,240" oya="1" hai0="57,2,31,26,59,110,104,53,128,134,115,127,83" hai1="24,129,38,120,116,111,122,73,29,69,6,30,121" hai2="17,109,52,51,3,47,7,35,114,100,87,135,14" hai3="74,79,118,55,77,0,93,41,37,80,22,131,97"/><U94/><E73/><V11/><F114/><W46/><G0/><T124/><D115/><U39/><E69/><V106/><F106/><W13/><G79/><T133/><D104/><U4/><E94/><V19/><F100/><W107/><G107/><T21/><D2/><U12/><E120/><V68/><F68/><W105/><G105/><T49/><D110/><U89/><E111/><V71/><F71/><W27/><G13/><T123/><D123/><U86/><E116/><V60/><F109/><W117/><G131/><T50/><D83/><U81/><E129/><V61/><F35/><W91/><REACH who="3" step="1"/><G55/><REACH who="3" ten="182,343,235,230" step="2"/><N who="0" m="31983" /><D128/><U1/><E122/><V103/><F3/><W92/><G92/><T88/><D88/><U54/><E1/><V102/><F102/><W76/><G76/><T20/><D20/><U65/><E121/><V95/><F103/><W40/><G40/><T33/><D33/><U108/><E108/><V90/><F135/><AGARI ba="0,1" hai="21,26,31,50,53,59,124,127,133,134,135" m="31983" machi="135" ten="30,3900,0" yaku="20,1,52,2" doraHai="45" who="0" fromWho="2" sc="182,49,343,0,235,-39,230,0" />
</Scene>
<Scene>
<INIT seed="2,0,0,1,2,81" ten="231,343,196,230" oya="2" hai0="80,58,64,11,75,61,101,10,107,128,57,129,117" hai1="115,67,90,98,123,27,9,54,71,113,41,91,53" hai2="77,44,104,5,55,135,106,14,88,96,76,15,13" hai3="62,131,39,110,84,42,37,36,92,45,66,28,85"/><V72/><F72/><W125/><G110/><T23/><D117/><U83/><E123/><V79/><F135/><W52/><G28/><T118/><D118/><U3/><E115/><V19/><F5/><W7/><G7/><T93/><D107/><U116/><E116/><V17/><F44/><W35/><G35/><T60/><D23/><U24/><E113/><V73/><F55/><W12/><G12/><T112/><D112/><U46/><E71/><V130/><F73/><W122/><G122/><T34/><D34/><U86/><E67/><V18/><F130/><N who="0" m="50282" /><D101/><U50/><E9/><N who="0" m="3081" /><D93/><AGARI ba="0,0" hai="13,14,15,17,18,19,76,77,79,88,93,96,104,106" machi="93" ten="50,9600,0" yaku="29,2,54,1" doraHai="81" who="2" fromWho="0" sc="231,-96,343,0,196,96,230,0" />
</Scene>
<Scene>
<INIT seed="2,1,0,0,0,28" ten="135,343,292,230" oya="2" hai0="101,55,121,116,45,41,18,110,50,85,24,77,104" hai1="81,31,58,105,27,65,102,63,54,93,33,30,86" hai2="126,38,123,134,113,47,62,7,4,117,82,127,57" hai3="21,87,92,122,8,130,25,79,132,69,36,128,75"/><V95/><F123/><W3/><G36/><T112/><D121/><U119/><E119/><V103/><F117/><W6/><G122/><T97/><D116/><U64/><E30/><V44/><F113/><W125/><G69/><T66/><D112/><U22/><E33/><V35/><F35/><W16/><G75/><T115/><D115/><U34/><E34/><V78/><F38/><W68/><G68/><T72/><D66/><N who="1" m="39287" /><E105/><V118/><F118/><W90/><G79/><T135/><D110/><U48/><E102/><V52/><F7/><W51/><G51/><T99/><D135/><U94/><E94/><V23/><F4/><W89/><G132/><T56/><D97/><U17/><E93/><V9/><F9/><W19/><G90/><T106/><D72/><U43/><E43/><V96/><F134/><W98/><G125/><T74/><D74/><U131/><E131/><N who="3" m="50218" /><G98/><T42/><D106/><U13/><E13/><V88/><F127/><W67/><G67/><T49/><D42/><U0/><E0/><V100/><F126/><W107/><G107/><T2/><D2/><U61/><E61/><V70/><F103/><W76/><G76/><T83/><D24/><U71/><E71/><V11/><F100/><W108/><G108/><T39/><D18/><AGARI ba="1,0" hai="3,6,8,16,18,19,21,25,87,89,92" m="50218" machi="18" ten="30,2000,0" yaku="19,1,54,1" doraHai="28" who="3" fromWho="0" sc="135,-23,343,0,292,0,230,23" />
</Scene>
<Scene>
<INIT seed="3,0,0,1,1,126" ten="112,343,292,253" oya="3" hai0="127,86,132,9,20,71,31,69,82,134,123,38,51" hai1="62,103,119,72,110,23,10,106,129,89,2,128,44" hai2="88,13,117,35,130,99,55,11,61,65,66,14,64" hai3="97,135,5,78,109,17,33,77,104,120,1,28,81"/><W49/><G120/><T101/><D38/><U24/><E119/><V45/><F35/><W96/><G104/><T113/><D123/><U7/><E72/><V133/><F117/><W75/><G77/><T91/><D127/><U54/><E110/><V12/><F133/><N who="0" m="51306" /><D113/><U22/><E24/><V42/><F11/><W115/><G115/><T3/><D101/><U60/><E62/><V16/><F42/><W87/><G135/><T43/><D31/><U94/><E103/><V107/><F107/><W80/><G109/><T93/><D20/><U84/><E106/><V83/><F45/><W79/><G17/><T26/><D26/><U68/><E44/><V108/><F108/><W0/><G49/><T30/><D30/><U131/><E54/><V121/><F121/><W73/><G87/><N who="0" m="52479" /><D51/><U18/><E18/><V63/><F65/><AGARI ba="0,0" hai="2,7,10,22,23,60,65,68,84,89,94,128,129,131" machi="65" ten="40,8000,1" yaku="19,1,52,3" doraHai="126" who="1" fromWho="2" sc="112,0,343,80,292,-80,253,0" />
</Scene>
<Scene>
<INIT seed="4,0,0,0,3,130" ten="112,423,212,253" oya="0" hai0="106,98,110,57,39,91,43,58,88,50,19,62,75" hai1="119,23,99,84,107,123,71,93,96,49,126,31,132" hai2="20,21,30,135,7,53,1,46,60,95,18,63,74" hai3="79,109,29,87,11,114,14,41,45,105,34,100,8"/><T36/><D75/><U104/><E123/><V33/><F74/><W25/><G109/><T55/><D110/><U127/><E119/><V120/><F120/><W116/><G116/><T66/><D43/><U13/><E71/><V67/><F63/><W124/><G114/><T3/><D3/><U128/><E49/><V48/><F20/><W51/><G124/><T121/><D121/><U37/><E37/><V111/><F111/><W94/><G105/><T85/><D19/><U134/><E31/><V113/><F113/><W54/><G54/><T42/><D42/><U44/><E44/><V115/><F115/><W80/><REACH who="3" step="1"/><G14/><REACH who="3" ten="112,423,212,243" step="2"/><T68/><D68/><U70/><E13/><V28/><F1/><W90/><G90/><T65/><D65/><U2/><E2/><V5/><F67/><W27/><G27/><T9/><D9/><U72/><E70/><V22/><F33/><W131/><G131/><T69/><D69/><U6/><E128/><V32/><F32/><W26/><G26/><T38/><REACH who="0" step="1"/><D85/><REACH who="0" ten="102,423,212,243" step="2"/><U64/><E84/><V4/><F5/><W16/><G16/><T108/><D108/><U56/><E64/><V59/><F4/><W112/><G112/><T82/><D82/><U129/><E129/><V76/><F7/><W12/><G12/><T86/><D86/><U101/><E127/><V61/><F18/><W78/><G78/><T73/><D73/><U117/><E72/><V125/><F76/><W97/><AGARI ba="0,2" hai="8,11,25,29,34,41,45,51,79,80,87,94,97,100" machi="97" ten="30,2000,0" yaku="1,1,0,1,53,0" doraHai="130" doraHaiUra="15" who="3" fromWho="3" sc="102,-10,423,-5,212,-5,243,40" />
</Scene>
<Scene>
<INIT seed="5,0,0,2,5,114" ten="92,418,207,283" oya="1" hai0="25,71,89,41,99,7,45,125,8,49,82,107,100" hai1="66,63,131,104,90,123,42,29,10,56,98,50,35" hai2="81,6,113,110,106,121,78,60,126,112,54,105,17" hai3="64,120,127,24,119,19,74,132,92,53,130,73,94"/><U84/><E123/><V115/><F121/><W109/><G120/><T37/><D125/><U65/><E131/><V103/><F6/><W31/><G127/><T70/><D25/><U80/><E10/><V14/><F110/><W33/><G109/><T128/><D128/><U44/><E29/><V18/><F126/><W30/><G130/><T36/><D36/><U79/><E35/><V5/><F5/><W52/><G19/><N who="2" m="7177" /><F14/><W48/><G31/><T93/><D49/><U0/><E0/><V62/><F54/><W117/><G132/><T72/><D93/><N who="3" m="35945" /><G64/><T91/><D91/><U2/><E2/><V4/><F4/><W95/><N who="3" m="35953" /><W40/><DORA hai="61" /><G40/><T87/><REACH who="0" step="1"/><D72/><REACH who="0" ten="82,418,207,283" step="2"/><N who="3" m="27753" /><G48/><T32/><D32/><U15/><E50/><V116/><F115/><W133/><G133/><T21/><D21/><U135/><E135/><V51/><F113/><W88/><G88/><T28/><D28/><U122/><E90/><V124/><F51/><W67/><G67/><T11/><D11/><U77/><E66/><V58/><F112/><W1/><G1/><AGARI ba="0,1" hai="1,7,8,37,41,45,70,71,82,87,89,99,100,107" machi="1" ten="30,7700,0" yaku="1,1,7,1,53,2" doraHai="114,61" doraHaiUra="38,39" who="0" fromWho="3" sc="82,87,418,0,207,0,283,-77" />
</Scene>
<Scene>
<INIT seed="6,0,0,4,3,102" ten="169,418,207,206" oya="2" hai0="31,26,42,3,82,37,117,13,108,129,40,105,29" hai1="90,17,122,49,9,38,112,73,135,134,111,101,66" hai2="61,59,14,48,62,35,1,94,0,81,18,23,43" hai3="21,100,51,89,104,34,110,58,6,131,99,123,118"/><V74/><F74/><W114/><G118/><T68/><D3/><U11/><E38/><V76/><F35/><W120/><G110/><T96/><D108/><U39/><E111/><V32/><F32/><W106/><G34/><T88/><D68/><U72/><E39/><V25/><F1/><W46/><G89/><T132/><D117/><U60/><E112/><V97/><F0/><W63/><G6/><T77/><D129/><U55/><E101/><V133/><F133/><W67/><G21/><T70/><D70/><U54/><E90/><V52/><F43/><W45/><G114/><T87/><D132/><U78/><E78/><V33/><F33/><W10/><G10/><T8/><D37/><U121/><E49/><V50/><F62/><W36/><G131/><T80/><D105/><U79/><E79/><V69/><F14/><W30/><G30/><N who="0" m="11275" /><D26/><U57/><E17/><V65/><F81/><W128/><G128/><T86/><D96/><U109/><E109/><V107/><F76/><W16/><G16/><AGARI ba="0,0" hai="8,13,16,40,42,77,80,82,86,87,88" m="11275" machi="16" ten="30,3900,0" yaku="8,1,54,2" doraHai="102" who="0" fromWho="3" sc="169,39,418,0,207,0,206,-39" />
</Scene>
<Scene>
<INIT seed="7,0,0,5,2,80" ten="208,418,207,167" oya="3" hai0="50,89,38,124,84,90,58,88,46,117,122,116,134" hai1="82,135,98,92,81,14,129,7,4,29,42,36,48" hai2="13,59,57,126,55,16,68,114,15,56,123,60,109" hai3="94,17,71,12,53,75,128,101,86,107,47,2,26"/><W100/><G71/><T66/><D122/><U19/><E36/><V49/><F123/><W115/><G2/><T1/><D1/><U21/><E29/><V112/><F109/><W130/><G75/><T25/><D38/><U35/><E35/><V10/><F126/><W77/><G26/><T32/><D124/><U52/><E129/><N who="3" m="49770" /><G107/><T63/><D134/><U83/><E135/><V105/><F105/><W104/><G104/><T64/><D64/><U125/><E42/><V78/><F78/><W118/><G118/><T62/><D62/><U3/><E3/><V22/><F68/><W69/><G69/><T24/><D84/><U34/><E34/><V110/><F110/><W106/><G106/><T132/><D132/><U6/><E125/><V27/><F112/><W93/><G115/><T91/><N who="0" m="22528" /><DORA hai="9" /><T51/><D51/><U76/><E76/><V87/><F114/><W11/><G77/><T85/><D85/><U54/><E4/><N who="2" m="3271" /><F27/><N who="0" m="10314" /><D117/><U72/><E72/><V8/><F60/><W133/><G86/><T111/><D32/><U119/><E119/><V108/><F108/><W37/><G133/><T120/><D111/><U73/><E73/><V30/><F87/><W95/><G37/><T65/><D116/><U45/><E54/><V74/><F74/><W102/><G53/><N who="0" m="34255" /><D120/><U40/><E40/><AGARI ba="0,0" hai="40,46,50,65,66" m="34255,10314,22528" machi="40" ten="40,2600,0" yaku="8,1,54,1" doraHai="80,9" who="0" fromWho="1" sc="208,26,418,-26,207,0,167,0" owari="234,3.0,392,49.0,207,-19.0,167,-33.0" />
</Scene>
</mjloggm>