<mjloggm ver="2.3"><GO type="169" lobby="0"/><UN n0="%4C%E3%82%B3%E3%83%B3%E3%83%89%E3%83%AB%E3%83%91%E3%82%B5%E3%83%BC" n1="%E5%A4%AA%E3%81%8F%E3%81%AA%E3%81%84%E3%81%8A" n2="%E5%AF%9B%E3%83%94%E3%82%A8%E3%83%AD" n3="%74%6A%2D%6D%69%63%72%6F" dan="16,18,16,16" rate="2114.25,2183.00,2068.48,2061.60" sx="M,M,M,M"/><TAIKYOKU oya="0"/>

<Scene>
<INIT seed="0,0,0,2,3,68" ten="250,250,250,250" oya="0" hai0="109,17,35,57,0,4,51,123,43,73,99,100,86" hai1="111,132,130,105,20,5,41,58,1,124,102,7,56" hai2="60,87,89,131,26,33,98,50,18,69,37,94,134" hai3="28,34,104,16,126,125,72,12,79,40,55,38,118"/><T19/><D73/><U74/><E74/><V64/><F131/><W97/><G118/><T116/><D116/><U71/><E71/><V47/><F134/><W9/><G28/><T59/><D123/><U67/><E105/><V10/><F37/><W22/><G34/><T42/><D35/><U70/><E102/><V112/><F112/><W63/><G97/><T77/><D4/><U78/><E78/><V61/><F61/><W8/><G104/><T62/><D0/><U122/><E122/><V54/><F33/><W92/><G92/><N who="0" m="58471" /><D109/><U48/><E70/><V15/><REACH who="2" step="1"/><F26/><REACH who="2" ten="250,250,240,250" step="2"/><W39/><G39/><T82/><D62/><N who="1" m="38343" /><E132/><V81/><F81/><W133/><G133/><T44/><D43/><U83/><E41/><V66/><F66/><W32/><G40/><T121/><D121/><U80/><E130/><V46/><F46/><W6/><G38/><T128/><D128/><U53/><E111/><V90/><F90/><W135/><G32/><T14/><D59/><U91/><E58/><V129/><F129/><W114/><G135/><T85/><D57/><U2/><E91/><V84/><AGARI ba="0,1" hai="10,15,18,47,50,54,60,64,69,84,87,89,94,98" machi="84" ten="30,4000,0" yaku="1,1,0,1,53,1" doraHai="68" doraHaiUra="65" who="2" fromWho="2" sc="250,-20,250,-10,240,50,250,-10" />
</Scene>
<Scene>
<INIT seed="1,0,0,4,1,101" ten="230,240,290,240" oya="1" hai0="52,132,121,135,61,32,75,119,83,57,68,79,0" hai1="131,50,38,6,45,86,30,113,129,77,102,27,63" hai2="22,17,40,112,36,1,43,24,37,95,44,106,28" hai3="25,124,133,46,33,29,51,55,26,108,70,98,69"/><U73/><E113/><V65/><F112/><W15/><G108/><T34/><D119/><U74/><E38/><V126/><F1/><W87/><G124/><T105/><D0/><U93/><E6/><V20/><F65/><W114/><G114/><T72/><D121/><U14/><E14/><V9/><F9/><W123/><G123/><T80/><D68/><U81/><E63/><V120/><F120/><W128/><G133/><N who="0" m="51275" /><D105/><U84/><E102/><V64/><F64/><W23/><G15/><T109/><D109/><U67/><E67/><V4/><F106/><W18/><G128/><N who="1" m="49226" /><E93/><V10/><F95/><W104/><G104/><T115/><D115/><U19/><E19/><V3/><F126/><W103/><G103/><T92/><D92/><U53/><E86/><V31/><F22/><AGARI ba="0,0" hai="22,27,30,45,50,53,73,74,77,81,84" m="49226" machi="22" ten="30,1500,0" yaku="19,1" doraHai="101" who="1" fromWho="2" sc="230,0,240,15,290,-15,240,0" />
</Scene>
<Scene>
<INIT seed="1,1,0,3,5,27" ten="230,255,275,240" oya="1" hai0="116,96,49,74,110,86,47,31,131,114,84,85,50" hai1="83,63,10,108,18,135,3,92,52,119,94,72,97" hai2="106,5,38,127,89,13,73,53,133,79,118,48,80" hai3="42,29,37,66,109,21,105,112,12,91,20,25,58"/><U16/><E119/><V2/><F118/><W14/><G112/><T122/><D116/><U100/><E135/><V126/><F106/><W101/><G109/><T45/><D114/><U104/><E108/><V26/><F38/><W59/><G37/><T87/><D110/><U41/><E41/><V121/><F121/><W33/><G42/><T57/><D74/><U123/><E123/><V51/><F133/><W39/><G39/><T120/><D96/><U93/><E3/><V24/><F2/><W132/><G132/><T54/><D131/><U36/><E36/><V7/><F89/><W90/><G105/><T130/><D130/><U124/><E124/><N who="2" m="47659" /><F48/><W44/><G101/><T6/><D31/><U71/><E10/><N who="2" m="4319" /><F5/><W125/><G44/><AGARI ba="1,0" hai="24,26,44,51,53,73,79,80" m="4319,47659" machi="44" ten="30,1000,0" yaku="18,1" doraHai="27" who="2" fromWho="3" sc="230,0,255,0,275,13,240,-13" />
</Scene>
<Scene>
<INIT seed="2,0,0,4,5,42" ten="230,255,288,227" oya="2" hai0="118,37,9,95,31,16,135,103,89,41,49,84,123" hai1="21,48,50,74,61,35,134,102,113,19,43,90,4" hai2="105,100,106,104,63,112,15,77,3,117,131,72,82" hai3="119,65,32,59,85,91,2,108,125,111,110,29,46"/><V33/><F3/><W130/><G119/><T69/><D69/><U98/><E113/><V13/><F33/><W62/><G2/><T97/><D123/><U132/><E35/><V93/><F112/><W28/><G130/><T128/><D128/><U34/><E34/><V57/><F131/><W54/><G125/><T101/><D118/><U78/><E4/><V133/><F117/><W83/><G32/><T60/><D31/><U36/><E90/><V88/><F100/><W92/><G83/><T38/><D135/><N who="1" m="51755" /><E61/><V5/><F5/><W121/><G121/><T126/><D126/><U18/><E36/><V12/><F133/><W58/><REACH who="3" step="1"/><G46/><REACH who="3" ten="230,255,288,217" step="2"/><N who="0" m="25807" /><D38/><U20/><E43/><V68/><F82/><W76/><G76/><T67/><D37/><U124/><E124/><V87/><F77/><W86/><G86/><T47/><D47/><U52/><E78/><V114/><F114/><W51/><AGARI ba="0,1" hai="28,29,51,54,58,59,62,65,85,91,92,108,110,111" machi="51" ten="30,4000,0" yaku="1,1,0,1,14,1,53,0" doraHai="42" doraHaiUra="109" who="3" fromWho="3" sc="230,-10,255,-10,288,-20,217,50" />
</Scene>
<Scene>
<INIT seed="3,0,0,0,1,51" ten="220,245,268,267" oya="3" hai0="67,125,38,106,131,103,42,111,123,77,6,120,112" hai1="86,65,96,115,80,121,29,105,7,5,84,69,0" hai2="99,17,129,79,44,134,63,118,132,3,124,40,75" hai3="41,91,135,13,64,104,101,57,35,114,43,34,48"/><W9/><G114/><T54/><D77/><U70/><E115/><V113/><F3/><W59/><G135/><T97/><D112/><U37/><E121/><V109/><F113/><W128/><G128/><T23/><D131/><U26/><E37/><V12/><F129/><W58/><G104/><T107/><D107/><U20/><E0/><V72/><F118/><W100/><G64/><T55/><D67/><U93/><E105/><V133/><F109/><W88/><G35/><T14/><D111/><U15/><E15/><V25/><F124/><W92/><G34/><T117/><D117/><U73/><E73/><V22/><F99/><N who="3" m="57735" /><G91/><T47/><D125/><U28/><E65/><V18/><F63/><W130/><G130/><T122/><REACH who="0" step="1"/><D23/><REACH who="0" ten="210,245,268,267" step="2"/><U8/><E20/><N who="2" m="11303" /><F79/><W56/><G100/><T71/><D71/><U11/><E70/><V62/><F75/><W52/><G101/><T31/><D31/><U27/><E69/><V32/><F72/><W50/><G50/><T76/><D76/><U1/><E29/><V16/><F132/><W81/><G81/><T127/><D127/><U102/><E80/><V10/><F133/><W87/><G87/><T85/><D85/><U108/><E108/><V119/><F134/><W21/><G21/><T90/><D90/><U45/><E28/><V110/><F22/><W89/><G89/><T78/><D78/><U66/><E66/><V60/><F119/><W94/><G94/><T46/><D46/><U98/><E45/><V36/><F110/><W68/><G68/><T4/><D4/><AGARI ba="0,1" hai="4,9,13,41,43,48,52,56,57,58,59" m="57735" machi="4" ten="30,11600,0" yaku="8,1,52,1,54,2" doraHai="51" who="3" fromWho="0" sc="210,-116,245,0,268,0,267,126" />
</Scene>
<Scene>
<INIT seed="3,1,0,5,1,95" ten="94,245,268,393" oya="3" hai0="121,112,105,65,120,32,2,122,26,97,1,16,34" hai1="91,20,102,47,33,83,11,110,101,96,84,44,4" hai2="87,108,22,13,36,5,129,61,17,74,50,45,67" hai3="31,90,114,133,10,109,68,128,52,42,0,125,43"/><W27/><G114/><T75/><D75/><U38/><E33/><N who="0" m="12905" /><D65/><U100/><E110/><V106/><F74/><W28/><G68/><T60/><D60/><U71/><E71/><V58/><F106/><W55/><G109/><T99/><D105/><U66/><E66/><V127/><F36/><W134/><G90/><T12/><D26/><U88/><E20/><V59/><F59/><W72/><G27/><T18/><D12/><N who="1" m="5223" /><E38/><V131/><F108/><W92/><G72/><T73/><D73/><U56/><E56/><V25/><F25/><W103/><G0/><N who="0" m="107" /><D112/><U98/><E91/><V89/><F89/><W53/><G103/><T6/><D6/><U130/><E130/><V14/><F5/><W117/><G128/><T78/><D78/><U116/><E116/><V124/><F129/><W3/><G117/><T85/><D85/><U39/><E39/><V40/><F87/><W49/><G3/><T77/><D77/><U111/><E111/><V69/><F131/><W24/><G24/><T115/><D115/><U57/><E57/><V15/><F58/><W35/><G49/><T19/><AGARI ba="1,0" hai="16,18,19,97,99,120,121,122" m="107,12905" machi="19" ten="50,8000,1" yaku="28,2,52,2,54,1" doraHai="95" who="0" fromWho="0" sc="94,83,245,-21,268,-21,393,-41" />
</Scene>
<Scene>
<INIT seed="4,0,0,5,5,98" ten="177,224,247,352" oya="0" hai0="77,121,35,94,120,4,27,51,118,30,107,60,43" hai1="82,111,85,80,128,53,110,91,49,18,99,69,116" hai2="106,74,52,102,6,76,96,127,63,78,20,90,115" hai3="61,119,17,21,13,59,33,31,112,113,66,105,24"/><T47/><D107/><U9/><E116/><V79/><F115/><N who="3" m="44107" /><G105/><T19/><D118/><AGARI ba="0,0" hai="13,17,21,24,31,33,59,61,66,118,119" m="44107" machi="118" ten="30,1000,0" yaku="15,1" doraHai="98" who="3" fromWho="0" sc="177,-10,224,0,247,0,352,10" />
</Scene>
<Scene>
<INIT seed="5,0,0,4,0,55" ten="167,224,247,362" oya="1" hai0="45,97,125,108,3,52,91,128,28,5,124,110,46" hai1="100,1,114,51,77,74,68,113,36,89,61,135,22" hai2="132,93,54,12,39,38,66,88,30,7,83,107,59" hai3="109,16,120,37,75,130,104,14,78,65,4,115,79"/><U133/><E36/><V15/><F107/><W92/><G37/><T58/><D28/><U18/><E1/><V6/><F132/><N who="1" m="50761" /><E100/><V95/><F30/><W103/><G104/><T29/><D29/><U47/><E89/><V116/><F116/><W70/><G120/><T25/><D25/><N who="1" m="14551" /><E77/><V112/><F39/><W118/><G4/><T64/><D128/><U10/><E10/><V122/><F38/><W8/><G78/><T131/><D131/><U42/><E74/><V101/><F101/><W134/><G79/><T9/><D64/><AGARI ba="0,0" hai="42,47,51,61,64,68,113,114" m="14551,50761" machi="64" ten="30,1500,0" yaku="20,1" doraHai="55" who="1" fromWho="0" sc="167,-15,224,15,247,0,362,0" />
</Scene>
<Scene>
<INIT seed="5,1,0,0,3,86" ten="152,239,247,362" oya="1" hai0="111,125,128,29,85,70,100,5,44,49,119,57,123" hai1="96,116,15,22,55,40,126,95,131,45,54,89,26" hai2="132,37,28,113,121,68,102,4,135,92,50,25,69" hai3="2,110,60,38,91,19,1,103,66,129,93,13,77"/><U112/><E116/><V53/><F37/><W76/><G38/><T24/><D70/><U31/><E112/><V71/><F121/><W46/><G110/><T122/><D119/><U114/><E114/><V48/><F113/><W47/><G103/><T52/><D111/><U82/><E126/><V59/><F4/><W133/><G133/><N who="2" m="51273" /><F102/><W98/><G129/><T14/><D125/><U134/><E131/><V8/><F8/><W18/><G2/><T12/><D128/><U99/><E134/><V17/><F17/><W105/><G1/><T101/><D100/><U51/><E96/><V42/><F92/><W73/><G19/><T62/><D101/><U75/><REACH who="1" step="1"/><E15/><REACH who="1" ten="152,229,247,362" step="2"/><V33/><F42/><W41/><G41/><N who="0" m="24719" /><D122/><U88/><E88/><V63/><AGARI ba="1,1" hai="25,28,33,48,50,53,59,63,68,69,71" m="51273" machi="63" ten="40,1500,0" yaku="20,1" doraHai="86" who="2" fromWho="2" sc="152,-5,229,-8,247,28,362,-5" />
</Scene>
<Scene>
<INIT seed="6,0,0,2,2,42" ten="147,221,275,357" oya="2" hai0="37,130,112,107,69,34,4,109,121,89,52,49,114" hai1="47,111,122,67,71,81,135,9,22,39,59,101,25" hai2="5,32,119,17,134,82,20,7,125,11,19,56,45" hai3="65,13,80,129,70,24,75,106,41,43,64,21,74"/><V87/><F32/><W46/><G106/><T77/><D121/><U115/><E111/><V2/><F119/><W120/><G120/><T26/><D109/><U103/><E122/><V117/><F117/><W100/><G100/><T3/><D107/><U105/><E105/><V27/><F125/><W55/><G129/><T44/><D130/><U92/><E71/><V93/><F93/><W83/><G13/><T62/><D77/><U50/><E115/><N who="0" m="44073" /><D89/><U36/><E135/><V73/><F73/><W8/><G8/><N who="0" m="2079" /><D37/><U60/><E9/><V96/><F96/><W79/><G70/><T1/><D1/><U58/><E101/><V51/><F134/><W63/><G75/><T16/><D34/><U57/><E81/><V14/><F56/><W118/><G83/><T91/><D91/><U90/><E103/><V85/><F2/><W48/><G118/><T33/><D33/><U23/><E36/><V108/><F108/><W54/><G80/><T126/><D126/><U132/><E39/><V31/><F5/><W0/><G79/><T88/><D88/><U113/><E132/><V131/><F131/><W78/><G78/><T38/><D38/><U110/><E110/><V116/><F116/><W102/><G102/><T72/><D72/><U104/><E104/><V84/><F82/><W86/><G74/><T53/><D69/><N who="1" m="42215" /><E113/><V99/><REACH who="2" step="1"/><F99/><REACH who="2" ten="147,221,265,357" step="2"/><W98/><G98/><T35/><D35/><U94/><E94/><V10/><F10/><W68/><G0/><T18/><D26/><U66/><E25/><V123/><F123/><W28/><G24/><T12/><D12/><RYUUKYOKU ba="0,1" sc="147,15,221,-15,265,15,357,-15" hai0="16,18,44,49,52,53,62" hai2="7,11,14,17,19,20,27,31,45,51,84,85,87" />
</Scene>
<Scene>
<INIT seed="6,1,1,5,4,62" ten="162,206,280,342" oya="2" hai0="71,75,24,48,90,30,80,39,133,43,0,81,85" hai1="121,128,1,63,78,5,64,3,16,115,21,28,69" hai2="14,27,86,15,4,104,105,116,2,74,10,114,35" hai3="72,112,58,18,6,131,109,34,12,73,76,99,22"/><V134/><F74/><W125/><G34/><T31/><D133/><U108/><E108/><V97/><F116/><W50/><G109/><T93/><D39/><U123/><E115/><V46/><F114/><W8/><G131/><T110/><D110/><U82/><E28/><V45/><F134/><W23/><G112/><T11/><D71/><U70/><E70/><V95/><F86/><W130/><G130/><T25/><D31/><U37/><E37/><V20/><F35/><W129/><G129/><T124/><D124/><U19/><E128/><V68/><F68/><W106/><G125/><T103/><D75/><N who="1" m="43359" /><E5/><V32/><F32/><W113/><G23/><T13/><D0/><N who="1" m="75" /><E21/><V94/><F2/><W89/><G113/><T84/><D30/><U92/><E92/><V120/><F4/><W36/><G36/><T132/><D132/><U57/><E57/><V55/><F94/><W67/><G50/><T53/><D43/><U52/><E52/><V107/><F95/><W44/><G76/><T101/><D93/><U33/><E33/><V54/><F54/><W135/><G135/><T87/><D25/><U40/><E40/><V102/><F55/><W9/><G6/><N who="0" m="3319" /><D24/><U83/><E83/><N who="0" m="31817" /><D90/><U29/><E29/><V122/><F104/><W119/><G119/><T26/><D26/><U7/><E7/><V61/><F107/><W56/><G106/><T41/><D41/><U38/><E38/><V96/><F105/><W77/><G89/><T98/><D98/><U51/><E51/><V49/><F96/><W60/><G99/><T65/><D65/><U59/><E69/><RYUUKYOKU ba="1,1" sc="162,15,206,15,280,-15,342,-15" hai0="48,53,84,85,87,101,103" hai1="16,19,59,63,64,121,123" />
</Scene>
<Scene>
<INIT seed="7,2,1,5,0,60" ten="177,221,265,327" oya="3" hai0="93,81,109,11,75,98,96,112,71,14,50,130,118" hai1="105,52,100,4,3,135,79,67,74,38,55,104,1" hai2="58,77,76,10,0,84,133,45,127,73,33,68,95" hai3="78,47,121,48,107,114,19,31,65,36,30,88,99"/><W59/><G36/><T110/><D118/><U80/><E67/><V119/><F68/><W62/><G121/><T24/><D71/><U54/><E135/><V16/><F33/><W86/><G114/><T111/><D112/><U9/><E100/><V49/><F119/><W124/><G124/><T32/><D130/><U12/><REACH who="1" step="1"/><E38/><REACH who="1" ten="177,211,265,327" step="2"/><V82/><F127/><W21/><G107/><AGARI ba="2,2" hai="1,3,4,9,12,52,54,55,74,79,80,104,105,107" machi="107" ten="40,5200,0" yaku="1,1,2,1,54,1,53,0" doraHai="60" doraHaiUra="17" who="1" fromWho="3" sc="177,0,211,78,265,0,327,-58" />
</Scene>
<Scene>
<INIT seed="8,0,0,1,4,27" ten="177,289,265,269" oya="0" hai0="22,85,76,36,4,79,92,13,40,87,45,55,6" hai1="99,114,89,43,16,38,24,56,46,109,42,122,117" hai2="48,17,75,119,2,63,25,105,28,112,65,20,32" hai3="71,81,101,131,104,30,86,58,103,80,108,78,62"/><T95/><D55/><U134/><E109/><V72/><F105/><W26/><G71/><T118/><D118/><U115/><E122/><V91/><F2/><W0/><G0/><T110/><D110/><U70/><E70/><V52/><F112/><N who="1" m="43049" /><E117/><V60/><F91/><W68/><G68/><T34/><D34/><U83/><E134/><V123/><F123/><W102/><G104/><T9/><D22/><N who="1" m="13383" /><E43/><V33/><F119/><W31/><G131/><T128/><D128/><U135/><E135/><V64/><F33/><W23/><G108/><T51/><D36/><U69/><E69/><V73/><F64/><N who="3" m="38999" /><G81/><N who="0" m="47271" /><D4/><U133/><E133/><V15/><REACH who="2" step="1"/><F65/><REACH who="2" ten="177,289,255,269" step="2"/><W7/><G7/><T39/><D39/><U19/><E89/><V130/><F130/><W96/><G96/><T100/><D100/><U29/><E99/><V93/><F93/><W35/><G35/><T59/><D59/><AGARI ba="0,1" hai="15,17,20,25,28,32,48,52,59,60,63,72,73,75" machi="59" ten="40,8000,1" yaku="1,1,52,1,54,1,53,1" doraHai="27" doraHaiUra="49" who="2" fromWho="0" sc="177,-80,289,0,255,90,269,0" owari="97,-40.0,289,9.0,345,44.0,269,-13.0" />
</Scene>
</mjloggm>