<mjloggm ver="2.3"><GO type="169"/><UN n0="%E5%A4%AA%E3%81%8F%E3%81%AA%E3%81%84%E3%81%8A" n1="%E3%80%93%E3%81%AC%E3%82%8B%E3%81%BE%E3%82%86%E3%80%93" n2="%EF%BC%A0%E6%A3%AE" n3="%E3%81%93%E3%81%BE%E3%81%A3%E3%81%95%E3%82%93" dan="18,16,16,16" rate="2141,2040,2072,2123" sx="M,M,F,M"/><TAIKYOKU oya="0"/>

<Scene>
<INIT seed="0,0,0,5,0,63" ten="250,250,250,250" oya="0" hai0="16,36,85,40,91,133,9,114,77,93,102,95,64" hai1="125,88,99,84,27,80,18,42,5,96,97,49,68" hai2="74,22,28,3,135,131,55,78,94,53,60,14,100" hai3="10,103,48,129,121,115,50,35,110,61,90,117,39"/><T82/><D114/><U76/><E5/><V59/><F131/><W46/><G39/><T126/><D126/><U6/><E6/><V109/><F3/><W41/><G35/><T33/><D33/><U47/><E125/><V44/><F135/><W15/><G115/><T132/><D102/><U89/><REACH who="1" step="1"/><E68/><REACH who="1" ten="250,240,250,250" step="2"/><V123/><F123/><W112/><G121/><T31/><D133/><U65/><E65/><V130/><F130/><W8/><G129/><T45/><D132/><U34/><E34/><V52/><F109/><W58/><G110/><T116/><D64/><U101/><E101/><V43/><F100/><W56/><G103/><T111/><D111/><U17/><E17/><V1/><F1/><W87/><G112/><T120/><D120/><U20/><AGARI ba="0,1" hai="18,20,27,42,47,49,76,80,84,88,89,96,97,99" machi="20" ten="30,7900,0" yaku="1,1,0,1,8,1,54,1,53,0" doraHai="63" doraHaiUra="70" who="1" fromWho="1" sc="250,-39,240,89,250,-20,250,-20" />
</Scene>
<Scene>
<INIT seed="1,0,0,0,3,134" ten="211,329,230,230" oya="1" hai0="85,113,2,26,104,100,79,120,32,31,19,42,75" hai1="9,14,18,49,33,91,115,12,29,16,125,70,118" hai2="83,135,37,133,68,1,41,116,128,61,35,0,50" hai3="117,60,84,30,66,82,95,65,7,53,36,122,126"/><U13/><E70/><V58/><F35/><W52/><G36/><T54/><D113/><U105/><E105/><V127/><F116/><W72/><G72/><T34/><D2/><U129/><E115/><V99/><F83/><W114/><G114/><T55/><D120/><U93/><E118/><V107/><F128/><W97/><G122/><T74/><D42/><U63/><E129/><V98/><F98/><W124/><G7/><T21/><D85/><U77/><E77/><V43/><F43/><W46/><G30/><T89/><D89/><U101/><E101/><N who="2" m="62911" /><F50/><W40/><G117/><T132/><D34/><U131/><E131/><V87/><F87/><W110/><G40/><T73/><D79/><U15/><E49/><V47/><F127/><N who="3" m="48683" /><G110/><T102/><D75/><U6/><E125/><V81/><F81/><W51/><G53/><T59/><D55/><U88/><E29/><V112/><F112/><W39/><G39/><T20/><D74/><U108/><E108/><V23/><F23/><W38/><G38/><T123/><D21/><U103/><E33/><V80/><F37/><W106/><G106/><T28/><D73/><U44/><E6/><V5/><F5/><W4/><G4/><T45/><D123/><U3/><E3/><V10/><F0/><W48/><G48/><T111/><D111/><U57/><E18/><V119/><F1/><W76/><G60/><T22/><D104/><U62/><E62/><V8/><F61/><W11/><G11/><T17/><D31/><U78/><E63/><V25/><F119/><W90/><AGARI ba="0,0" hai="46,51,52,65,66,76,82,84,90,95,97" m="48683" machi="90" ten="30,8000,1" yaku="18,1,52,3,54,1" doraHai="134" who="3" fromWho="3" sc="211,-20,329,-40,230,-20,230,80" />
</Scene>
<Scene>
<INIT seed="2,0,0,2,5,8" ten="191,289,210,310" oya="2" hai0="95,5,121,110,68,115,132,89,60,56,52,112,94" hai1="82,114,133,37,38,72,0,15,48,29,50,19,86" hai2="67,118,55,92,32,45,51,1,69,79,74,76,99" hai3="6,54,104,116,10,36,41,103,98,122,58,2,128"/><V81/><F118/><W53/><G116/><T78/><D121/><U20/><E0/><V23/><F32/><W106/><G106/><T18/><D110/><U117/><E117/><V7/><F79/><W30/><G122/><T126/><D126/><U87/><E114/><V127/><F127/><W108/><G108/><T111/><D111/><U80/><E72/><V107/><F107/><W135/><G135/><T93/><D132/><U134/><E29/><V71/><F67/><W123/><G123/><T124/><D124/><U83/><E134/><V88/><REACH who="2" step="1"/><F23/><REACH who="2" ten="191,289,200,310" step="2"/><W14/><G104/><T42/><D78/><U61/><E133/><V27/><F27/><W44/><G128/><T40/><D115/><U35/><E35/><V24/><F24/><W90/><G30/><T102/><D112/><U17/><E20/><V25/><F25/><W34/><G34/><T31/><D31/><U57/><E83/><V28/><F28/><W120/><G120/><T39/><D93/><U97/><E82/><V84/><F84/><W65/><G65/><T119/><D94/><U47/><E87/><V125/><F125/><W4/><G98/><T85/><D119/><U131/><E86/><V21/><F21/><W3/><G103/><T63/><D102/><U13/><E97/><V100/><F100/><W77/><G77/><T9/><D85/><U62/><E80/><V59/><F59/><W33/><G58/><T64/><D56/><U73/><E57/><V75/><F75/><W12/><G33/><T16/><D64/><U130/><E73/><V49/><F49/><W43/><G90/><RYUUKYOKU ba="0,1" sc="191,-15,289,15,200,15,310,-15" hai1="13,15,17,19,37,38,47,48,50,61,62,130,131" hai2="1,7,45,51,55,69,71,74,76,81,88,92,99" />
</Scene>
<Scene>
<INIT seed="2,1,1,0,1,111" ten="176,304,215,295" oya="2" hai0="122,120,94,78,76,9,88,134,113,98,3,58,119" hai1="44,37,61,85,52,107,89,132,41,69,34,104,116" hai2="19,28,17,11,8,66,103,106,16,133,93,48,68" hai3="62,101,65,83,38,90,45,32,18,23,20,49,74"/><V86/><F133/><W15/><G32/><T96/><D58/><U36/><E116/><V115/><F106/><W129/><G38/><T21/><D21/><U67/><E34/><V124/><F124/><W25/><G129/><T127/><D9/><U105/><E132/><V135/><F135/><W87/><G74/><T43/><D43/><U70/><E37/><V117/><F117/><W40/><G101/><T55/><D55/><U7/><E7/><V13/><F115/><W42/><G42/><T26/><D26/><U112/><E112/><V31/><F68/><W77/><G77/><N who="0" m="29803" /><D3/><U4/><E4/><V79/><F66/><W47/><G47/><T56/><D56/><U50/><E107/><V118/><F48/><W91/><G91/><N who="0" m="55391" /><D134/><U131/><E70/><V73/><F118/><W6/><G6/><T97/><D119/><U128/><E128/><V2/><F2/><W27/><G23/><T82/><D113/><U10/><E131/><V1/><F1/><W71/><AGARI ba="1,1" hai="15,18,20,25,27,40,45,49,62,65,71,83,87,90" machi="71" ten="20,1500,0" yaku="0,1,7,1" doraHai="111" who="3" fromWho="3" sc="176,-5,304,-5,215,-8,295,28" />
</Scene>
<Scene>
<INIT seed="3,0,0,3,4,16" ten="171,299,207,323" oya="3" hai0="64,25,95,34,135,11,76,9,128,84,39,49,4" hai1="122,0,110,81,40,62,100,47,71,12,7,41,35" hai2="77,115,121,88,134,106,93,127,132,13,91,31,90" hai3="38,65,112,56,86,54,87,105,129,63,72,21,53"/><W131/><G72/><T124/><D39/><U92/><E35/><V94/><F115/><W83/><G38/><T23/><D34/><U118/><E122/><V14/><F121/><W36/><G36/><T117/><D117/><U29/><E29/><V61/><F31/><W126/><G105/><T113/><D113/><U50/><E0/><V20/><F127/><W42/><G42/><T27/><D124/><U24/><E40/><V15/><F106/><W26/><G87/><T69/><D135/><N who="2" m="51754" /><F77/><W108/><G126/><T116/><D116/><U45/><E45/><V55/><F20/><W114/><G114/><T79/><D128/><N who="3" m="49225" /><G112/><T70/><D49/><U109/><E118/><V97/><F97/><W85/><G85/><T98/><D84/><U104/><E104/><V125/><F125/><W99/><G99/><T8/><D4/><U10/><E81/><V18/><F18/><N who="3" m="12599" /><G108/><T101/><D27/><U74/><E74/><V44/><F44/><W30/><G30/><T52/><D79/><AGARI ba="0,0" hai="53,54,56,63,65,79,83,86" m="12599,49225" machi="79" ten="30,2900,0" yaku="19,1,52,1" doraHai="16" who="3" fromWho="0" sc="171,-29,299,0,207,0,323,29" />
</Scene>
<Scene>
<INIT seed="3,1,0,5,1,10" ten="142,299,207,352" oya="3" hai0="34,21,134,98,42,25,28,16,78,29,49,8,130" hai1="77,100,111,7,6,83,57,107,102,44,128,92,5" hai2="48,38,133,53,64,54,62,132,65,105,41,104,113" hai3="69,59,60,40,33,63,39,0,50,13,129,31,68"/><W84/><G0/><T27/><D134/><N who="2" m="51818" /><F113/><W115/><G115/><T91/><D130/><U43/><E128/><V80/><F80/><W32/><G39/><T4/><D78/><U85/><E111/><V117/><F117/><W35/><G129/><T103/><D91/><U135/><E135/><V82/><F82/><W124/><G31/><T99/><D29/><U30/><E107/><N who="2" m="41035" /><F38/><W93/><G32/><T108/><D108/><U19/><E30/><V17/><F17/><W120/><G35/><T86/><D86/><U67/><E92/><V45/><F65/><W101/><G93/><T55/><D42/><U110/><E110/><V73/><F73/><W11/><G33/><T87/><D87/><U9/><E67/><V131/><F131/><W90/><G84/><T26/><D26/><U114/><E114/><V125/><F125/><W71/><G124/><T81/><D81/><U88/><E77/><V24/><F24/><W12/><G40/><T96/><D103/><U94/><E83/><V20/><F20/><W72/><G101/><T56/><REACH who="0" step="1"/><D98/><REACH who="0" ten="132,299,207,352" step="2"/><U52/><E43/><V74/><F74/><W109/><G72/><T37/><D37/><U22/><E102/><V14/><F41/><W121/><G109/><T75/><D75/><U15/><E100/><V116/><F116/><W118/><G118/><T95/><D95/><U106/><E106/><V70/><F54/><W18/><G90/><T97/><D97/><U79/><E52/><V76/><F76/><W51/><G18/><T66/><D66/><U122/><E19/><V46/><F64/><W47/><G71/><RYUUKYOKU ba="1,1" sc="132,30,299,-10,207,-10,352,-10" hai0="4,8,16,21,25,27,28,34,49,55,56,96,99" />
</Scene>
<Scene>
<INIT seed="4,2,1,2,5,59" ten="162,289,197,342" oya="0" hai0="8,0,116,38,22,33,25,111,16,80,9,30,105" hai1="89,11,127,91,35,93,122,71,107,50,134,26,117" hai2="51,41,118,10,32,66,19,42,1,99,40,97,103" hai3="133,100,74,110,58,6,4,44,128,109,48,63,54"/><T62/><D116/><U112/><E107/><V104/><F118/><W108/><G74/><T49/><D38/><U125/><E117/><V76/><F32/><W14/><G100/><T92/><D105/><U115/><E122/><V90/><F66/><W75/><G75/><T7/><D111/><U2/><E71/><V126/><F76/><W132/><G14/><T120/><D120/><U27/><E134/><N who="3" m="51818" /><G128/><T73/><D49/><U130/><E130/><V43/><F126/><W18/><G18/><T86/><D9/><U83/><E35/><V85/><F99/><W106/><G106/><T124/><D124/><N who="1" m="47691" /><E50/><V72/><F72/><W53/><AGARI ba="2,1" hai="4,6,44,48,53,54,58,63,108,109,110" m="51818" machi="53" ten="40,2700,0" yaku="20,1,52,1" doraHai="59" who="3" fromWho="3" sc="162,-15,289,-9,197,-9,342,43" />
</Scene>
<Scene>
<INIT seed="5,0,0,5,5,122" ten="147,280,188,385" oya="1" hai0="96,45,82,79,47,119,13,15,34,131,100,40,5" hai1="134,49,110,85,46,129,20,42,61,126,84,128,135" hai2="38,70,106,72,81,44,89,27,125,133,120,56,87" hai3="93,14,35,92,26,78,0,105,4,98,18,115,111"/><U48/><E61/><V67/><F120/><W101/><G78/><T8/><D119/><U51/><E20/><V75/><F70/><W2/><G93/><T12/><D131/><N who="1" m="50251" /><E110/><V112/><F112/><W68/><G115/><T17/><D34/><U1/><E1/><V97/><F133/><N who="1" m="50697" /><E126/><V33/><F125/><W36/><G68/><T29/><D29/><U116/><E116/><V124/><F124/><W99/><G35/><T30/><D30/><U130/><N who="1" m="50259" /><U73/><DORA hai="54" /><E73/><V77/><F75/><W123/><G111/><T63/><D63/><U88/><E85/><V53/><F72/><W23/><G123/><T102/><D45/><U24/><E24/><V32/><F27/><W22/><G22/><T37/><D17/><U117/><E117/><V19/><F19/><W107/><G18/><T60/><D60/><U59/><E59/><V114/><F56/><W80/><G0/><T86/><D13/><U66/><E66/><V90/><F67/><W28/><G14/><T113/><D15/><U58/><E58/><V74/><F32/><W121/><G121/><T104/><D113/><U21/><E21/><V71/><F33/><W43/><G2/><T118/><D118/><U11/><E11/><V41/><F114/><W132/><G132/><T50/><D37/><U7/><E7/><V31/><F38/><W39/><G4/><T91/><D104/><U109/><E109/><V10/><F106/><W3/><G107/><T65/><D65/><U57/><E57/><V62/><F62/><W69/><G105/><T9/><D8/><U55/><E42/><RYUUKYOKU ba="0,0" sc="147,15,280,15,188,-15,385,-15" hai0="5,9,12,40,47,50,79,82,86,91,96,100,102" hai1="46,48,49,51,55,84,88" />
</Scene>
<Scene>
<INIT seed="5,1,0,2,3,29" ten="162,295,173,370" oya="1" hai0="2,59,87,130,116,11,7,88,129,48,28,40,0" hai1="13,96,62,34,97,6,49,43,73,63,76,10,99" hai2="86,53,109,81,128,56,100,71,15,114,35,110,33" hai3="36,103,102,89,24,9,20,60,58,82,84,69,5"/><U68/><E34/><V98/><F71/><W41/><G69/><T108/><D108/><U54/><E43/><V120/><F120/><W64/><G41/><T16/><D116/><U26/><E68/><V14/><F128/><N who="0" m="49258" /><D28/><U126/><E126/><V79/><F114/><W19/><G36/><T46/><D59/><U78/><E26/><V91/><F79/><N who="1" m="30249" /><E73/><V67/><F67/><W105/><G105/><T4/><D16/><U66/><E66/><V57/><F57/><AGARI ba="1,0" hai="6,10,13,49,54,57,62,63,96,97,99" m="30249" machi="57" ten="30,1500,0" yaku="8,1" doraHai="29" who="1" fromWho="2" sc="162,0,295,18,173,-18,370,0" />
</Scene>
<Scene>
<INIT seed="5,2,0,1,3,85" ten="162,313,155,370" oya="1" hai0="91,81,52,129,74,9,40,79,95,72,86,114,127" hai1="30,106,104,66,53,82,124,50,17,1,12,61,80" hai2="76,89,35,57,98,88,18,63,20,130,16,27,111" hai3="36,128,11,55,68,23,64,113,75,94,96,29,112"/><U123/><E1/><V8/><F111/><W120/><G75/><T69/><D69/><U110/><E30/><V121/><F121/><W26/><G120/><T133/><D114/><N who="3" m="44137" /><G128/><T67/><D129/><U101/><E123/><V6/><F35/><W115/><G115/><T2/><D127/><U49/><E124/><V31/><F130/><W131/><G131/><T71/><D133/><U109/><E101/><V83/><F98/><W13/><G36/><T54/><D74/><U15/><E17/><N who="2" m="6763" /><F76/><W22/><G55/><T107/><D107/><U42/><E53/><N who="2" m="34223" /><F83/><W119/><G119/><T5/><REACH who="0" step="1"/><D40/><REACH who="0" ten="152,313,155,370" step="2"/><U118/><E42/><V93/><F93/><W117/><G68/><T132/><D132/><U84/><E118/><V90/><F6/><W24/><G117/><T46/><D46/><U65/><E106/><V34/><F34/><W4/><G4/><T28/><D28/><U3/><E104/><V125/><F125/><W47/><G29/><T51/><D51/><U122/><E50/><V87/><F8/><W38/><G11/><T100/><D100/><U134/><E134/><V105/><F105/><W108/><G47/><T102/><D102/><U92/><E122/><V135/><F135/><W58/><G58/><T59/><D59/><U99/><E110/><V44/><F44/><W7/><G108/><T21/><D21/><U77/><E109/><V73/><F73/><W37/><G22/><T126/><D126/><U14/><E49/><V39/><F39/><W97/><G38/><T45/><D45/><U33/><E33/><V60/><F60/><AGARI ba="2,1" hai="2,5,9,52,54,60,67,71,72,79,81,86,91,95" machi="60" ten="40,8000,1" yaku="1,1,52,1,54,1,53,1" doraHai="85" doraHaiUra="0" who="0" fromWho="2" sc="152,96,313,0,155,-86,370,0" />
</Scene>
<Scene>
<INIT seed="6,0,0,5,5,86" ten="248,313,69,370" oya="2" hai0="25,91,84,72,105,134,125,10,35,92,21,23,75" hai1="1,109,59,19,83,115,111,107,32,79,34,26,103" hai2="70,133,39,114,110,93,18,14,101,56,130,11,13" hai3="33,121,68,90,38,127,96,31,63,73,97,57,9"/><V99/><F70/><W16/><G38/><T22/><D105/><U122/><E1/><V74/><F114/><W108/><G108/><T2/><D125/><U48/><E115/><V4/><F110/><W61/><G73/><T100/><D134/><U45/><E122/><V62/><F133/><W58/><G68/><T89/><D100/><U126/><E126/><V37/><F74/><W88/><G121/><T17/><D17/><U102/><E102/><V98/><F98/><N who="3" m="37995" /><G33/><T113/><D113/><U7/><E7/><V118/><F130/><W6/><G6/><T8/><D2/><U24/><E103/><V40/><F40/><W106/><G106/><T49/><D72/><U123/><E123/><V120/><F118/><W54/><G31/><T71/><D75/><U29/><E107/><V119/><F119/><W30/><G30/><T66/><D35/><U85/><E34/><V135/><F120/><W42/><G42/><T15/><D25/><U0/><E0/><V46/><F46/><W53/><G127/><T5/><D8/><U36/><E36/><V132/><F132/><W82/><G82/><N who="0" m="49303" /><D71/><U55/><E32/><V117/><F135/><W41/><G41/><T95/><D66/><U60/><E29/><V131/><F117/><W76/><G76/><T52/><D91/><U124/><E124/><V77/><F131/><W50/><G63/><T69/><D69/><U129/><E129/><V116/><F116/><W27/><G27/><T43/><D43/><N who="1" m="24639" /><E26/><V64/><F77/><W12/><AGARI ba="0,0" hai="9,12,16,50,53,54,57,58,61,88,90" m="37995" machi="12" ten="30,8000,1" yaku="8,1,52,2,54,2" doraHai="86" who="3" fromWho="3" sc="248,-20,313,-20,69,-40,370,80" />
</Scene>
<Scene>
<INIT seed="7,0,0,4,0,8" ten="228,293,29,450" oya="3" hai0="73,126,72,67,92,122,39,130,18,46,131,64,77" hai1="32,69,116,35,61,27,96,95,128,9,129,93,102" hai2="54,125,117,26,15,104,120,53,2,47,78,44,109" hai3="40,11,3,112,124,87,48,76,80,65,88,111,6"/><W13/><G111/><T103/><D122/><U42/><E116/><V25/><F104/><W121/><G121/><T79/><D126/><U21/><E42/><V108/><F78/><W50/><G124/><T86/><D39/><U22/><E22/><V12/><F125/><W133/><G133/><T110/><D46/><U1/><E95/><V28/><F120/><W49/><G112/><T114/><D110/><U62/><E62/><V41/><F41/><W19/><G65/><T7/><D7/><N who="1" m="1263" /><E61/><V70/><F28/><W94/><G40/><T90/><D18/><N who="1" m="12727" /><E69/><V97/><F70/><W34/><G34/><T14/><D14/><U63/><E63/><V74/><F97/><W100/><G100/><T24/><D24/><U37/><E37/><V59/><F2/><W75/><G3/><T17/><D17/><U134/><E134/><V91/><F59/><W115/><G19/><T101/><D114/><U45/><E45/><V36/><F36/><W10/><G10/><T118/><D118/><U52/><E52/><V33/><F91/><W43/><G115/><T84/><D92/><U105/><E105/><V16/><F16/><W51/><G43/><T135/><D135/><U29/><E29/><V57/><F57/><W119/><G119/><T68/><D68/><U58/><E58/><V132/><F117/><W23/><G51/><T71/><D71/><U66/><E93/><V5/><F132/><W83/><G94/><T60/><D60/><U113/><E113/><V30/><F30/><W98/><G23/><T99/><D99/><U81/><E96/><V38/><F38/><RYUUKYOKU ba="0,0" sc="228,15,293,-15,29,-15,450,15" hai0="64,67,72,73,77,79,84,86,90,101,103,130,131" hai3="6,11,13,48,49,50,75,76,80,83,87,88,98" owari="243,-16.0,278,8.0,14,-49.0,465,57.0" />
</Scene>
</mjloggm>