<mjloggm ver="2.3"><GO type="169" lobby="0"/><UN n0="%E3%81%BD%E3%81%A8%E3%81%97" n1="%28%3E%CF%89%3C%2A%29" n2="%E5%A4%AA%E3%81%8F%E3%81%AA%E3%81%84%E3%81%8A" n3="%E3%81%BE%E3%81%AA%E3%81%84%E3%81%9F%E3%82%88%E3%81%86%E3%81%98%E3%82%87" dan="17,16,18,17" rate="2128.07,2177.65,2247.92,2137.79" sx="F,F,F,M"/><TAIKYOKU oya="0"/>

<Scene>
<INIT seed="0,0,0,3,4,18" ten="250,250,250,250" oya="0" hai0="30,22,13,48,28,130,65,58,129,52,117,120,39" hai1="55,50,83,33,31,5,26,72,90,54,132,101,89" hai2="29,73,92,96,88,11,19,80,63,70,81,40,64" hai3="44,111,107,79,103,34,95,53,46,7,84,12,38"/><T128/><D120/><U76/><E132/><V17/><F40/><W104/><G34/><T125/><D117/><U100/><E5/><V21/><F73/><W123/><G7/><T133/><D39/><U57/><REACH who="1" step="1"/><E55/><REACH who="1" ten="250,240,250,250" step="2"/><V16/><REACH who="2" step="1"/><F11/><REACH who="2" ten="250,240,240,250" step="2"/><W59/><G123/><T35/><D130/><U85/><E85/><V87/><F87/><W68/><G84/><T86/><D129/><U10/><E10/><V131/><F131/><W27/><G53/><T127/><D128/><U69/><E69/><V97/><F97/><W134/><G68/><T108/><D86/><U41/><E41/><V119/><F119/><W3/><G134/><T49/><D52/><U61/><E61/><V74/><F74/><W109/><G109/><T121/><D108/><U124/><E124/><V82/><F82/><W6/><G111/><T122/><D127/><U110/><E110/><V66/><F66/><W0/><G6/><T4/><D125/><U75/><E75/><V9/><F9/><W135/><G135/><T56/><D65/><U94/><E94/><V45/><F45/><W51/><G95/><T71/><D71/><U8/><E8/><V93/><F93/><W78/><G44/><T77/><D133/><U23/><E23/><V14/><F14/><W115/><G46/><T1/><D22/><U91/><AGARI ba="0,2" hai="26,31,33,50,54,57,72,76,83,89,90,91,100,101" machi="91" ten="30,4000,0" yaku="1,1,0,1,53,1" doraHai="18" doraHaiUra="25" who="1" fromWho="1" sc="250,-20,240,60,240,-10,250,-10" />
</Scene>
<Scene>
<INIT seed="1,0,0,0,0,100" ten="230,300,230,240" oya="1" hai0="31,83,35,61,12,134,94,28,15,11,78,51,98" hai1="123,126,111,23,43,114,37,127,130,56,84,120,128" hai2="10,44,103,89,90,74,82,133,32,55,3,113,68" hai3="108,69,30,41,97,116,18,58,81,107,96,42,85"/><U22/><E43/><V125/><F32/><W9/><G69/><T76/><D134/><U34/><E37/><V17/><F68/><W62/><G30/><T20/><D35/><U109/><E34/><V70/><F70/><W5/><G18/><T121/><D121/><N who="1" m="46667" /><E84/><V6/><F133/><W33/><G33/><T86/><D76/><U93/><E56/><V79/><F113/><W64/><G116/><T16/><D61/><U57/><E93/><V118/><F118/><W7/><G7/><T99/><D99/><U38/><E57/><V110/><F17/><W14/><G96/><T124/><D51/><U36/><E114/><V135/><F135/><W77/><G97/><T105/><D105/><U52/><E52/><V67/><F55/><W0/><G107/><T8/><D124/><N who="1" m="47659" /><E36/><V72/><F125/><W49/><G41/><T45/><D45/><U75/><E75/><V60/><F74/><W39/><G39/><T1/><D98/><U4/><E4/><V88/><F44/><W25/><G42/><T102/><D94/><U59/><E59/><N who="2" m="37279" /><F103/><W50/><G58/><T46/><D102/><U24/><E38/><V106/><F106/><W119/><G5/><N who="0" m="1071" /><D46/><U115/><E115/><V80/><F80/><W63/><G81/><T13/><D83/><U19/><E23/><V54/><F54/><W26/><G119/><T87/><D20/><U27/><E27/><V71/><F71/><W53/><G25/><T92/><D78/><U112/><E112/><V122/><F122/><W29/><G77/><T95/><D95/><U40/><E40/><V101/><F101/><RYUUKYOKU ba="0,0" sc="230,-15,300,15,230,15,240,-15" hai1="19,22,24,109,111,128,130" hai2="3,6,10,72,79,82,88,89,90,110" />
</Scene>
<Scene>
<INIT seed="1,1,0,4,3,126" ten="215,315,245,225" oya="1" hai0="104,133,40,10,15,9,83,80,78,41,88,94,4" hai1="127,108,20,55,62,32,111,17,97,87,119,73,43" hai2="26,8,86,69,49,129,23,118,103,107,95,114,16" hai3="67,58,1,24,116,85,109,28,123,25,76,7,63"/><U135/><E73/><V72/><F118/><W19/><G123/><T59/><D104/><U113/><E119/><V54/><F72/><W130/><G116/><T56/><D133/><U37/><E32/><V39/><F39/><W13/><G109/><N who="1" m="42058" /><E127/><V77/><F69/><W29/><G1/><T110/><D110/><U50/><E113/><V31/><F114/><W61/><G7/><T124/><D124/><U132/><E97/><V81/><F107/><W18/><G76/><T12/><D56/><N who="1" m="32887" /><E62/><V79/><F103/><W64/><G85/><N who="0" m="48279" /><D59/><U120/><E87/><V131/><F95/><W68/><G13/><T3/><D83/><U96/><E96/><V66/><F66/><W134/><G134/><T33/><D3/><U34/><E34/><V53/><F79/><W48/><G63/><T71/><D71/><U112/><E112/><V36/><F36/><W122/><G61/><T5/><D33/><U90/><E90/><V65/><F65/><W30/><G68/><T117/><D117/><U22/><E120/><V106/><F106/><W102/><G122/><T0/><D0/><U105/><E105/><V70/><F70/><W100/><G64/><T75/><D75/><U47/><E22/><V35/><F35/><W51/><G100/><T11/><D11/><U14/><AGARI ba="1,0" hai="14,17,20,37,43,47,132,135" m="32887,42058" machi="14" ten="30,3000,0" yaku="14,1,10,1" doraHai="126" who="1" fromWho="1" sc="215,-11,315,33,245,-11,225,-11" />
</Scene>
<Scene>
<INIT seed="1,2,0,2,5,2" ten="204,348,234,214" oya="1" hai0="11,70,24,48,20,85,34,18,106,39,21,97,108" hai1="13,116,133,29,80,130,128,134,93,75,113,45,17" hai2="88,110,76,72,125,58,68,66,47,3,6,5,1" hai3="135,9,131,38,30,0,57,119,114,87,118,56,67"/><U79/><E116/><N who="3" m="44586" /><G114/><T51/><D39/><U46/><E29/><V16/><F68/><W28/><G38/><T8/><D70/><U59/><E59/><V40/><F72/><W49/><G131/><N who="1" m="50218" /><E93/><V53/><F66/><W92/><G135/><N who="1" m="51722" /><E113/><V7/><F58/><W73/><G28/><T14/><D108/><U94/><E94/><V26/><F110/><W91/><G30/><T103/><D34/><U107/><E107/><V31/><F31/><W78/><G56/><T132/><D132/><U86/><E86/><V101/><F101/><W82/><G57/><T25/><D85/><U4/><E4/><V112/><F6/><N who="3" m="1223" /><G67/><T65/><D65/><U127/><E127/><V98/><F125/><W62/><G62/><T54/><D106/><U64/><E64/><V117/><F112/><W115/><G115/><T129/><D103/><U69/><E69/><V55/><F117/><W50/><AGARI ba="2,0" hai="49,50,73,78,82,87,91,92" m="1223,44586" machi="50" ten="30,2000,0" yaku="12,1,52,1" doraHai="2" who="3" fromWho="3" sc="204,-7,348,-12,234,-7,214,26" />
</Scene>
<Scene>
<INIT seed="2,0,0,3,4,46" ten="197,336,227,240" oya="2" hai0="22,88,33,52,58,40,30,36,135,83,71,5,106" hai1="0,78,76,133,12,73,29,75,50,51,3,1,130" hai2="105,57,53,56,66,43,117,89,112,84,108,90,114" hai3="102,92,82,93,111,64,28,127,19,25,70,31,14"/><V63/><F117/><W41/><G127/><T49/><D33/><U110/><E29/><V8/><F105/><W42/><G111/><T55/><D106/><U18/><E110/><V11/><F108/><W61/><G82/><T20/><D71/><U120/><E130/><V124/><F124/><W122/><G122/><T98/><D135/><U21/><E133/><V131/><F131/><W121/><G121/><T37/><D5/><U125/><E125/><V129/><F129/><W16/><G102/><T32/><D32/><U81/><E120/><V48/><F43/><W62/><G14/><T74/><D74/><U85/><E85/><V132/><F132/><W95/><G25/><T27/><D36/><U60/><E60/><N who="3" m="23146" /><G64/><T86/><D37/><U17/><E18/><N who="3" m="6698" /><G70/><T34/><D34/><U35/><E35/><V77/><F77/><W45/><G45/><N who="0" m="25767" /><D22/><U44/><E44/><V103/><F103/><W4/><G4/><T72/><D72/><U97/><E97/><V96/><F96/><W69/><G69/><T94/><D58/><U104/><E104/><V115/><REACH who="2" step="1"/><F90/><AGARI ba="0,0" hai="20,27,30,52,55,83,86,88,90,94,98" m="25767" machi="90" ten="30,7700,0" yaku="8,1,52,1,54,2" doraHai="46" who="0" fromWho="2" sc="197,77,336,0,227,-77,240,0" />
</Scene>
<Scene>
<INIT seed="3,0,0,2,1,29" ten="274,336,150,240" oya="3" hai0="44,109,25,76,126,36,42,82,32,98,64,41,47" hai1="75,78,89,1,107,56,45,121,118,14,46,20,119" hai2="55,2,96,100,31,105,132,111,53,72,9,93,37" hai3="104,71,8,73,124,77,122,69,112,4,23,85,134"/><W19/><G112/><T11/><D109/><U52/><E1/><V49/><F37/><W129/><G73/><T120/><D120/><U15/><E107/><V67/><F72/><W106/><G122/><T30/><D126/><U60/><E60/><V99/><F111/><W26/><G124/><T27/><D64/><U21/><E121/><V88/><F132/><W63/><G63/><T18/><D98/><U28/><E28/><V3/><F67/><W48/><G134/><T81/><D76/><U84/><E78/><V113/><F113/><W66/><G66/><T70/><D70/><U35/><E35/><V114/><F114/><W125/><G129/><T51/><D25/><U24/><E24/><V39/><F39/><W130/><G130/><T50/><D36/><U7/><E7/><V133/><F133/><W62/><G62/><T54/><D54/><U13/><E118/><V94/><F31/><W0/><G48/><T79/><D79/><U22/><E75/><V123/><F123/><W16/><G19/><T17/><D18/><U61/><REACH who="1" step="1"/><E119/><REACH who="1" ten="274,326,150,240" step="2"/><V86/><F2/><W83/><REACH who="3" step="1"/><G125/><REACH who="3" ten="274,326,150,230" step="2"/><T40/><D17/><U92/><AGARI ba="0,2" hai="13,14,15,20,21,22,45,46,52,56,61,84,89,92" machi="92" ten="30,8000,1" yaku="1,1,2,1,0,1,8,1,54,1,53,0" doraHai="29" doraHaiUra="127" who="1" fromWho="1" sc="274,-20,326,100,150,-20,230,-40" />
</Scene>
<Scene>
<INIT seed="4,0,0,0,2,133" ten="254,426,130,190" oya="0" hai0="71,113,23,83,73,72,56,9,16,98,69,122,49" hai1="53,103,129,62,126,33,34,96,55,41,85,67,10" hai2="36,135,109,46,108,68,61,5,132,131,51,27,15" hai3="130,120,84,2,11,99,95,124,1,78,30,70,111"/><T44/><D122/><U14/><E41/><N who="2" m="22823" /><F15/><W38/><G70/><T40/><D113/><U39/><E39/><V3/><F27/><W54/><G38/><T19/><D56/><U21/><E85/><V29/><F29/><W118/><G30/><T22/><D9/><U48/><E21/><V128/><F5/><W74/><G11/><T87/><D98/><U24/><E24/><V114/><F3/><W17/><G84/><T47/><D47/><U123/><E53/><V105/><F105/><W82/><G95/><T32/><D32/><U86/><E129/><N who="2" m="49739" /><F114/><W77/><G99/><T116/><D116/><U52/><E86/><V112/><F112/><W93/><G93/><T97/><D97/><U101/><E55/><V121/><F51/><W7/><G7/><T6/><D6/><U12/><E48/><V110/><F121/><W125/><G120/><T75/><D23/><U0/><E10/><V117/><F117/><W119/><G17/><T59/><D19/><U4/><E4/><V60/><F60/><W92/><G92/><T43/><D16/><U64/><E62/><V107/><F107/><W31/><G130/><T20/><D22/><U37/><E0/><V8/><F8/><W45/><G1/><T28/><D20/><U115/><E14/><V80/><F80/><W18/><G2/><T81/><D28/><U42/><E12/><V58/><F68/><W50/><G119/><T134/><D81/><U90/><E115/><V91/><F91/><W88/><G118/><T127/><D71/><U104/><E123/><V13/><F13/><W66/><G82/><RYUUKYOKU ba="0,0" sc="254,-10,426,-10,130,30,190,-10" hai2="58,61,108,109,110,132,135" />
</Scene>
<Scene>
<INIT seed="5,1,0,1,0,48" ten="244,416,160,180" oya="1" hai0="24,67,51,44,0,52,53,19,23,5,94,43,112" hai1="118,87,106,80,6,83,135,105,133,129,15,34,28" hai2="70,73,40,54,25,30,125,132,116,56,59,96,130" hai3="122,68,3,33,104,47,91,97,37,14,123,49,45"/><U114/><E118/><V20/><F116/><W17/><G3/><T1/><D112/><U50/><E34/><V29/><F70/><W39/><G33/><T22/><D67/><U10/><E28/><V32/><F73/><W2/><G2/><T58/><D0/><U69/><E69/><V120/><F120/><W8/><G68/><T46/><D94/><U35/><E35/><V60/><F132/><N who="1" m="50761" /><E129/><V121/><F121/><W16/><G17/><T102/><D102/><U12/><E12/><V101/><F130/><W66/><G66/><T128/><D128/><U13/><E13/><V127/><F40/><W107/><G91/><T88/><D5/><U31/><E31/><V63/><F30/><W57/><G122/><T92/><D1/><U108/><E114/><V64/><REACH who="2" step="1"/><F32/><REACH who="2" ten="244,416,150,180" step="2"/><W126/><G123/><T103/><D103/><U89/><E106/><AGARI ba="1,1" hai="20,25,29,54,56,59,60,63,64,96,101,106,125,127" machi="106" ten="40,5200,0" yaku="1,1,2,1,52,1,53,0" doraHai="48" doraHaiUra="11" who="2" fromWho="1" sc="244,0,416,-55,150,65,180,0" />
</Scene>
<Scene>
<INIT seed="6,0,0,0,2,82" ten="244,361,215,180" oya="2" hai0="111,58,52,90,7,119,71,78,131,53,12,14,120" hai1="46,59,19,122,67,9,54,28,13,106,15,62,86" hai2="84,27,50,23,124,121,110,88,116,31,55,57,2" hai3="30,127,130,109,94,35,79,48,134,11,8,65,135"/><V118/><F121/><W36/><G36/><T26/><D120/><U5/><E106/><V43/><F2/><W33/><G65/><T20/><D111/><U1/><E1/><V64/><F110/><W97/><G79/><T83/><D71/><U100/><E100/><V32/><F124/><W41/><G109/><T87/><D131/><U101/><E101/><V132/><F132/><N who="3" m="50731" /><G130/><T104/><D104/><U125/><E125/><V18/><F43/><W68/><G68/><T56/><D119/><U95/><E28/><V73/><F73/><W92/><G127/><T117/><D117/><U4/><E15/><N who="0" m="5673" /><D7/><U66/><E66/><V80/><REACH who="2" step="1"/><F64/><REACH who="2" ten="244,361,205,180" step="2"/><W21/><G41/><T42/><D42/><U29/><E122/><V103/><F103/><W102/><G102/><T69/><D53/><U126/><E67/><V51/><F51/><W16/><G48/><T133/><D133/><U89/><E126/><V128/><F128/><W0/><G0/><T24/><D52/><U34/><E54/><V91/><F91/><W17/><G8/><T81/><D90/><U108/><E89/><V6/><F6/><W76/><G11/><T85/><D69/><U129/><E9/><V112/><F112/><W60/><G76/><T98/><D78/><U25/><E5/><V37/><F37/><W113/><G113/><T77/><D77/><U47/><E4/><V123/><F123/><W75/><G75/><T70/><D70/><U96/><E108/><V39/><F39/><W61/><G61/><T49/><D49/><U44/><E129/><V38/><F38/><W115/><G60/><RYUUKYOKU ba="0,1" sc="244,-10,361,-10,205,30,180,-10" hai2="18,23,27,31,32,50,55,57,80,84,88,116,118" />
</Scene>
<Scene>
<INIT seed="6,1,1,4,5,46" ten="234,351,235,170" oya="2" hai0="76,98,70,132,72,53,81,117,45,22,105,114,92" hai1="7,67,86,95,32,27,111,84,12,73,37,50,69" hai2="19,51,63,130,44,129,66,42,112,83,122,115,24" hai3="77,128,121,8,99,101,103,61,48,109,57,31,131"/><V35/><F83/><W3/><G109/><T123/><D123/><U47/><E37/><V26/><F122/><W40/><G121/><T38/><D70/><U85/><E73/><V58/><F24/><W9/><G31/><T56/><D114/><N who="2" m="43562" /><F19/><W5/><G77/><T90/><D132/><U15/><E27/><V2/><F2/><W134/><G8/><T68/><D68/><U23/><E32/><V6/><F6/><W52/><G134/><T49/><D117/><U102/><E12/><V91/><F91/><W106/><G101/><T41/><D22/><U55/><E23/><V119/><F119/><W87/><G87/><T88/><D105/><U124/><E15/><V120/><F120/><W62/><REACH who="3" step="1"/><G40/><REACH who="3" ten="234,351,235,160" step="2"/><T93/><D93/><U20/><E95/><V113/><F113/><W14/><G14/><T10/><D10/><U60/><E85/><V133/><F133/><W127/><G127/><T125/><D125/><U94/><E86/><V135/><F135/><W80/><G80/><T116/><D116/><U74/><E84/><V59/><F26/><W30/><G30/><T54/><D54/><U16/><E124/><V43/><F43/><W108/><G108/><T4/><D4/><U82/><E111/><V104/><F35/><W36/><G36/><T96/><D96/><U33/><E7/><V34/><F34/><W97/><G97/><T0/><D0/><U75/><E33/><V89/><F104/><W18/><G18/><T118/><D118/><U65/><E82/><V28/><F42/><W11/><G11/><T79/><D79/><U13/><E16/><RYUUKYOKU ba="1,2" sc="234,15,351,-15,235,-15,160,15" hai0="38,41,45,49,53,56,72,76,81,88,90,92,98" hai3="3,5,9,48,52,57,61,62,99,103,106,128,131" />
</Scene>
<Scene>
<INIT seed="7,2,2,3,0,130" ten="249,336,220,175" oya="3" hai0="51,118,22,88,66,3,68,72,55,49,73,86,9" hai1="78,126,60,112,52,84,30,110,58,132,48,74,71" hai2="42,83,64,62,50,29,13,63,87,121,59,80,0" hai3="40,97,125,14,107,34,93,106,28,57,6,115,2"/><W134/><G2/><T123/><D123/><U91/><E74/><V70/><F0/><W35/><G115/><T102/><D118/><U27/><E110/><V33/><F121/><W7/><G40/><T113/><D102/><U85/><E112/><V53/><F33/><W17/><G57/><T11/><D113/><U117/><E126/><V111/><F111/><W92/><G125/><T133/><D51/><U76/><E71/><V94/><F29/><W25/><G35/><T19/><D66/><U67/><E85/><V105/><F105/><W114/><G114/><T12/><D68/><U56/><E117/><V79/><F13/><W82/><G82/><T38/><D38/><U96/><E96/><V26/><F26/><W104/><G134/><T31/><D133/><U32/><E132/><V4/><F4/><W8/><REACH who="3" step="1"/><G92/><AGARI ba="2,2" hai="27,30,32,48,52,56,58,60,67,76,78,84,91,92" machi="92" ten="30,2000,0" yaku="7,1,54,1" doraHai="130" who="1" fromWho="3" sc="249,0,336,46,220,0,175,-26" owari="249,5.0,382,48.0,220,-18.0,149,-35.0" />
</Scene>
</mjloggm>