<mjloggm ver="2.3"><GO type="169" lobby="0"/><UN n0="%E5%A4%AA%E3%81%8F%E3%81%AA%E3%81%84%E3%81%8A" n1="%E3%81%84%E3%81%AC%E3%81%98%E3%82%83%E3%82%89%E3%81%97" n2="%E3%81%B3%E3%82%8A%E3%81%B3%E3%82%8A%E2%98%86%E3%83%93%E3%83%AA%E3%83%BC" n3="%E6%AF%94%E5%98%89%E7%A7%80%E4%BB%81" dan="17,17,17,17" rate="2169,2195,2163,2149" sx="M,M,M,M"/><TAIKYOKU oya="0"/>

<Scene>
<INIT seed="0,0,0,1,5,66" ten="250,250,250,250" oya="0" hai0="24,86,124,7,87,88,93,114,127,6,42,94,116" hai1="1,17,105,21,112,13,85,71,121,49,4,128,46" hai2="75,123,59,107,19,25,117,9,65,64,126,0,34" hai3="54,27,77,51,60,37,131,50,73,82,101,122,8"/><T92/><D116/><U10/><E121/><V106/><F123/><W129/><G37/><T89/><D114/><U11/><E105/><V32/><F75/><W74/><G74/><T130/><D130/><U3/><E128/><N who="3" m="49226" /><G101/><T53/><D42/><U28/><E112/><V63/><F117/><W100/><G100/><T38/><D38/><U35/><E71/><V96/><F126/><N who="0" m="48170" /><D24/><N who="1" m="18823" /><E85/><N who="0" m="32265" /><D53/><N who="1" m="29879" /><E11/><V104/><F9/><W20/><G8/><T56/><D56/><U81/><E1/><V47/><F0/><W26/><G122/><T15/><D15/><U110/><E110/><V111/><F59/><N who="3" m="34935" /><G27/><T119/><D119/><U31/><E31/><AGARI ba="0,0" hai="20,26,31,50,51,73,77,82" m="34935,49226" machi="31" ten="30,1000,0" yaku="19,1" doraHai="66" who="3" fromWho="1" sc="250,0,250,-10,250,0,250,10" />
</Scene>
<Scene>
<INIT seed="1,0,0,1,3,46" ten="250,240,250,260" oya="1" hai0="94,22,116,130,112,125,53,123,0,109,9,88,105" hai1="91,76,77,97,73,47,28,107,82,100,10,26,133" hai2="134,54,110,64,7,71,111,58,49,62,43,126,48" hai3="103,42,124,106,50,5,20,59,4,60,38,129,128"/><U80/><E133/><V37/><F7/><W74/><G38/><T55/><D116/><U89/><E47/><N who="2" m="24047" /><F134/><W17/><G74/><T45/><D105/><U31/><E10/><V16/><F126/><W19/><G103/><T40/><D112/><U32/><REACH who="1" step="1"/><E31/><REACH who="1" ten="250,230,250,260" step="2"/><V51/><F16/><W61/><G19/><T70/><D9/><U120/><E120/><V96/><F96/><W14/><G5/><T25/><D123/><U119/><E119/><V104/><F104/><W6/><G4/><T11/><D11/><U27/><E27/><V95/><F95/><W29/><G6/><T108/><D25/><U113/><E113/><V2/><F2/><W12/><G29/><T44/><D94/><U81/><E81/><V34/><F34/><W132/><G106/><T15/><D0/><U131/><E131/><V86/><F86/><AGARI ba="0,1" hai="26,28,32,73,76,77,80,82,86,89,91,97,100,107" machi="86" ten="30,2900,0" yaku="1,1,7,1,53,0" doraHai="46" doraHaiUra="36" who="1" fromWho="2" sc="250,0,230,39,250,-29,260,0" />
</Scene>
<Scene>
<INIT seed="1,1,0,0,1,59" ten="250,269,221,260" oya="1" hai0="39,16,26,82,78,52,95,70,68,19,7,106,131" hai1="122,109,31,108,93,69,103,44,112,60,6,105,29" hai2="90,116,76,91,9,17,102,85,62,97,11,21,83" hai3="87,125,86,22,104,10,133,99,38,18,121,135,72"/><U124/><E122/><V40/><F116/><W115/><G38/><T134/><D106/><U54/><E112/><V80/><F40/><W49/><G121/><T34/><D39/><U37/><E105/><V33/><F33/><W27/><G115/><T28/><D7/><U43/><E124/><V114/><F114/><W61/><G72/><T15/><D134/><U12/><E103/><V132/><F132/><N who="3" m="50763" /><G49/><T51/><D95/><U94/><E12/><V123/><F123/><W117/><G117/><T64/><D131/><U92/><E6/><V2/><F2/><W119/><G119/><T32/><D32/><U77/><E77/><V129/><F129/><W0/><G61/><T113/><D113/><U24/><E54/><V110/><F110/><N who="1" m="42601" /><E24/><V98/><F76/><W47/><G125/><T65/><D65/><AGARI ba="1,0" hai="29,31,37,43,44,60,65,69,92,93,94" m="42601" machi="65" ten="30,5800,0" yaku="14,1,10,1,52,1" doraHai="59" who="1" fromWho="0" sc="250,-61,269,61,221,0,260,0" />
</Scene>
<Scene>
<INIT seed="1,2,0,5,2,45" ten="189,330,221,260" oya="1" hai0="124,64,109,17,125,134,99,46,130,104,33,38,73" hai1="24,96,93,49,1,8,65,25,128,98,41,107,120" hai2="32,83,102,119,59,42,57,100,11,74,37,108,82" hai3="116,72,135,10,92,2,127,89,106,67,36,16,28"/><U114/><E120/><V23/><F119/><W53/><G106/><T71/><RYUUKYOKU type="yao9" ba="2,0" sc="189,0,330,0,221,0,260,0" hai0="17,33,38,46,64,71,73,99,104,109,124,125,130,134" />
</Scene>
<Scene>
<INIT seed="1,3,0,2,3,128" ten="189,330,221,260" oya="1" hai0="131,43,5,42,94,12,75,62,102,44,4,9,111" hai1="28,73,104,91,6,90,101,25,50,130,3,8,61" hai2="132,16,41,21,124,34,113,31,64,19,24,100,57" hai3="95,120,117,66,107,13,88,103,135,45,20,54,35"/><U85/><E130/><V72/><F72/><W36/><G35/><T59/><D131/><U106/><E73/><V69/><F69/><W92/><G120/><T96/><D75/><U81/><E101/><V68/><F68/><W39/><G107/><T0/><D111/><U56/><E50/><V126/><F113/><W97/><G66/><T110/><D110/><U98/><E91/><V53/><F64/><W112/><G112/><T60/><D0/><U46/><E46/><V27/><F100/><W67/><G67/><T14/><D59/><U115/><E98/><V89/><F41/><W37/><G117/><T38/><REACH who="0" step="1"/><D43/><REACH who="0" ten="179,330,221,260" step="2"/><U116/><E115/><V7/><F57/><W18/><G45/><T15/><D15/><U87/><E116/><V108/><F108/><W123/><G123/><T55/><D55/><U51/><E56/><V2/><F53/><W76/><G54/><T78/><D78/><U82/><E3/><V10/><F2/><W122/><G76/><T1/><D1/><U99/><E25/><V86/><F27/><W49/><G122/><T109/><D109/><U52/><E52/><V83/><F24/><W33/><G13/><T22/><D22/><U11/><E61/><V114/><F21/><W118/><G20/><T127/><D127/><U65/><E65/><V17/><F114/><W105/><G118/><T29/><D29/><U133/><E28/><V40/><F40/><W32/><G32/><T134/><D134/><U23/><E133/><V63/><F132/><W79/><G135/><T71/><D71/><U125/><E23/><V47/><F34/><RYUUKYOKU ba="3,1" sc="179,30,330,-10,221,-10,260,-10" hai0="4,5,9,12,14,38,42,44,60,62,94,96,102" />
</Scene>
<Scene>
<INIT seed="2,4,1,2,1,16" ten="209,320,211,250" oya="2" hai0="84,47,55,48,99,128,30,119,101,33,0,40,31" hai1="72,25,59,82,113,35,105,24,107,86,58,125,80" hai2="60,14,4,118,96,39,68,18,92,51,93,108,3" hai3="57,76,41,67,64,8,127,73,112,13,32,98,29"/><V56/><F118/><W52/><G41/><T131/><D0/><U62/><E113/><V19/><F39/><W28/><G112/><T123/><D123/><U61/><E86/><V114/><F114/><W87/><G73/><T77/><D119/><U104/><E72/><V79/><F108/><W75/><G75/><T71/><D71/><U70/><E70/><V20/><F68/><W46/><G46/><T85/><D40/><U27/><E35/><V106/><F79/><W63/><G98/><T2/><D2/><U45/><E45/><V95/><F51/><W121/><G127/><T115/><D115/><U43/><E43/><V22/><F106/><W21/><G32/><T111/><D111/><U122/><E122/><V66/><F4/><N who="3" m="3207" /><G29/><N who="0" m="10763" /><D77/><U90/><E90/><N who="2" m="55319" /><F3/><W102/><G102/><T74/><D33/><U36/><E36/><V100/><F100/><W132/><G132/><T120/><D74/><U12/><E12/><AGARI ba="4,1" hai="12,14,18,19,20,22,56,60,66,93,95" m="55319" machi="12" ten="30,5800,0" yaku="8,1,52,2" doraHai="16" who="2" fromWho="1" sc="209,0,320,-70,211,80,250,0" />
</Scene>
<Scene>
<INIT seed="2,5,0,1,4,116" ten="209,250,291,250" oya="2" hai0="129,87,49,61,66,73,4,24,104,92,18,68,76" hai1="51,112,101,28,46,26,99,35,86,14,57,62,126" hai2="64,100,45,17,103,50,75,85,10,52,60,63,133" hai3="102,53,71,105,82,42,80,12,47,29,38,19,111"/><V93/><F75/><W2/><G2/><T134/><D104/><U23/><E112/><V65/><F133/><W5/><G71/><T21/><D134/><U95/><E126/><V130/><F130/><W59/><G5/><T20/><D129/><U127/><E127/><V97/><F103/><W84/><G29/><T41/><D4/><U55/><E86/><V16/><F85/><W109/><G102/><T122/><D73/><U39/><E39/><V83/><F83/><W110/><G105/><T36/><D36/><U22/><REACH who="1" step="1"/><E14/><REACH who="1" ten="209,240,291,250" step="2"/><V43/><F43/><AGARI ba="5,1" hai="22,23,26,28,35,43,46,51,55,57,62,95,99,101" machi="43" ten="30,3900,0" yaku="1,1,2,1,7,1,53,0" doraHai="116" doraHaiUra="125" who="1" fromWho="2" sc="209,0,240,64,291,-54,250,0" />
</Scene>
<Scene>
<INIT seed="3,0,0,0,4,131" ten="209,304,237,250" oya="3" hai0="49,44,125,113,0,8,12,128,60,122,91,65,101" hai1="80,62,115,46,28,102,97,75,123,130,134,42,114" hai2="110,95,66,103,64,41,96,100,7,124,104,111,1" hai3="63,29,118,52,3,77,23,5,108,2,10,56,119"/><W48/><G3/><T15/><D122/><U33/><E123/><V107/><F124/><W84/><G108/><N who="2" m="41513" /><F41/><W14/><G63/><T13/><D128/><U34/><E134/><V88/><F7/><W68/><G68/><T99/><D125/><U50/><E130/><V30/><F30/><W87/><G77/><T55/><D113/><U93/><E62/><V92/><F1/><W109/><G109/><T83/><D0/><U54/><E42/><V120/><F120/><W31/><G31/><T67/><D60/><U22/><E22/><V58/><F58/><W24/><REACH who="3" step="1"/><G2/><REACH who="3" ten="209,304,237,240" step="2"/><T53/><D67/><N who="2" m="25642" /><F103/><W32/><G32/><T51/><D65/><U121/><E121/><V38/><F38/><W98/><G98/><AGARI ba="0,1" hai="88,92,95,96,98,100,104,107" m="25642,41513" machi="98" ten="30,2000,0" yaku="14,1,54,1" doraHai="131" who="2" fromWho="3" sc="209,0,304,0,237,30,240,-20" />
</Scene>
<Scene>
<INIT seed="4,0,0,3,1,59" ten="209,304,267,220" oya="0" hai0="39,24,22,9,80,97,113,27,135,109,124,29,54" hai1="110,100,6,108,128,3,131,55,52,63,83,66,61" hai2="67,96,49,58,11,92,32,101,10,107,19,76,38" hai3="69,84,30,121,21,82,50,132,16,112,133,36,65"/><T13/><D39/><U35/><E35/><V37/><F32/><W26/><G36/><T129/><D113/><U72/><E100/><V106/><F38/><W45/><G112/><T134/><D97/><U89/><E6/><V103/><F37/><W115/><G115/><T15/><D80/><U7/><E7/><V74/><F74/><W44/><G121/><T123/><D123/><U47/><E3/><V118/><F118/><W18/><G65/><T93/><D93/><U2/><E2/><V78/><F92/><W68/><G68/><T126/><D54/><N who="1" m="20523" /><E47/><N who="3" m="17994" /><G50/><T14/><D109/><N who="1" m="42091" /><E66/><V41/><F67/><W20/><G69/><T1/><D27/><U46/><E46/><V104/><F103/><W117/><G117/><T23/><D23/><U64/><E64/><V33/><F101/><W77/><G21/><T81/><D81/><U73/><E89/><V17/><F33/><W8/><G8/><T111/><D111/><U127/><E127/><N who="0" m="48681" /><D1/><U86/><E86/><V120/><F107/><W91/><G91/><T4/><D9/><U95/><E95/><V105/><F105/><W0/><G0/><T87/><D87/><U94/><E94/><V88/><F106/><W48/><G48/><T90/><D90/><U40/><E40/><V34/><F88/><W71/><G71/><T60/><D22/><U28/><E28/><V70/><F70/><W31/><G31/><T99/><D29/><U79/><E73/><V122/><F104/><W53/><G53/><T42/><D42/><U12/><E12/><V25/><F41/><W85/><G85/><T130/><D14/><RYUUKYOKU ba="0,0" sc="209,-15,304,15,267,-15,220,15" hai1="61,63,72,79,83,128,131" hai3="16,18,20,26,30,77,82,84,132,133" />
</Scene>
<Scene>
<INIT seed="5,1,0,0,5,135" ten="194,319,252,235" oya="1" hai0="14,75,78,71,126,63,95,40,17,81,3,67,107" hai1="58,30,111,54,120,15,73,69,68,102,70,50,79" hai2="25,56,6,113,121,29,27,128,19,92,44,36,12" hai3="114,48,34,122,83,35,11,115,129,101,104,1,93"/><U103/><E120/><V64/><F121/><W100/><G104/><T87/><D107/><U108/><E30/><V74/><F74/><W110/><G110/><N who="1" m="42026" /><E15/><V22/><F113/><N who="3" m="43019" /><G129/><T134/><D134/><U8/><E8/><V61/><F128/><W112/><G122/><T60/><D3/><U88/><E88/><V31/><F6/><N who="3" m="1487" /><G83/><AGARI ba="1,0" hai="50,54,58,68,69,70,73,79,83,102,103" m="42026" machi="83" ten="40,2000,0" yaku="10,1" doraHai="135" who="1" fromWho="3" sc="194,0,319,23,252,0,235,-23" />
</Scene>
<Scene>
<INIT seed="5,2,0,4,4,20" ten="194,342,252,212" oya="1" hai0="82,60,49,95,72,58,45,81,124,36,39,32,120" hai1="17,101,112,30,10,110,102,50,1,87,14,123,8" hai2="73,100,131,99,57,121,71,117,24,94,68,85,42" hai3="34,53,69,7,40,91,62,70,132,66,128,80,74"/><U5/><E123/><V19/><F121/><W52/><G34/><T83/><D120/><U88/><E112/><V3/><F3/><W133/><G70/><T22/><D32/><U12/><E110/><V118/><F73/><W18/><G7/><T48/><D72/><U0/><E30/><V2/><F2/><W35/><G35/><T61/><D124/><U103/><REACH who="1" step="1"/><E50/><REACH who="1" ten="194,332,252,212" step="2"/><V96/><F118/><W129/><G133/><T86/><D49/><U56/><E56/><V33/><F57/><W76/><G132/><T122/><D122/><U21/><E21/><V63/><F117/><W13/><G128/><T16/><D58/><U64/><E64/><V75/><F131/><W43/><G129/><T37/><D48/><U4/><E4/><V79/><F71/><W44/><G69/><T105/><D45/><U113/><E113/><V28/><F68/><W55/><G66/><T135/><D135/><U109/><E109/><V31/><F31/><W108/><G108/><T54/><D37/><U27/><E27/><V126/><F28/><W11/><G44/><T97/><D36/><U130/><E130/><V125/><F126/><W25/><G25/><T119/><D39/><U65/><E65/><V89/><F24/><W6/><G6/><T78/><D119/><U47/><E47/><V15/><F125/><W107/><G40/><T84/><D22/><U93/><AGARI ba="2,1" hai="0,1,5,8,10,12,14,17,87,88,93,101,102,103" machi="93" ten="30,6000,0" yaku="1,1,0,1,54,1,53,0" doraHai="20" doraHaiUra="92" who="1" fromWho="1" sc="194,-22,332,76,252,-22,212,-22" />
</Scene>
<Scene>
<INIT seed="5,3,0,1,0,30" ten="172,408,230,190" oya="1" hai0="81,79,9,15,97,83,21,66,35,53,16,2,116" hai1="62,45,72,95,132,104,98,102,50,55,54,111,129" hai2="113,94,117,100,7,60,125,74,48,115,122,40,49" hai3="47,8,27,77,34,84,73,75,105,119,64,120,43"/><U58/><E129/><V85/><F117/><W123/><G105/><T51/><D116/><U68/><E132/><V114/><F122/><W93/><G119/><T88/><D35/><U44/><E72/><V121/><F121/><W128/><G128/><T25/><D2/><U130/><E130/><V26/><F74/><W127/><G123/><T96/><D66/><U107/><E111/><V3/><F125/><W69/><G127/><T87/><D81/><U28/><E68/><V33/><F60/><W126/><G126/><T80/><D80/><U19/><E28/><N who="2" m="19607" /><F40/><W20/><G34/><T112/><D79/><U101/><E101/><V10/><F85/><W37/><G8/><T56/><REACH who="0" step="1"/><D112/><REACH who="0" ten="162,408,230,190" step="2"/><U76/><E76/><V118/><F118/><W133/><G120/><T36/><D36/><U32/><E32/><V110/><F110/><W91/><G77/><T52/><D52/><U92/><E55/><V90/><F115/><W1/><G1/><T135/><D135/><U17/><E54/><V65/><F65/><W13/><G133/><T82/><D82/><U23/><E44/><V29/><F114/><W5/><G64/><T38/><D38/><U134/><E45/><V31/><F113/><W109/><G109/><T18/><AGARI ba="3,1" hai="9,15,16,18,21,25,51,53,56,83,87,88,96,97" machi="18" ten="20,12000,2" yaku="1,1,0,1,7,1,8,1,54,2,53,0" doraHai="30" doraHaiUra="103" who="0" fromWho="0" sc="162,139,408,-63,230,-33,190,-33" />
</Scene>
<Scene>
<INIT seed="6,0,0,0,4,6" ten="301,345,197,157" oya="2" hai0="84,49,57,11,59,131,107,117,115,110,14,132,24" hai1="106,130,33,62,67,76,50,52,53,41,75,2,86" hai2="124,80,15,17,9,135,61,7,122,96,128,85,83" hai3="72,74,1,65,18,69,98,81,78,119,99,109,63"/><V113/><F122/><W66/><G109/><T4/><D110/><U3/><E75/><V77/><F113/><W111/><G111/><T23/><D107/><U45/><E106/><V121/><F121/><W79/><G1/><T48/><D115/><U94/><E33/><V34/><F34/><W38/><G38/><T28/><D131/><U125/><E125/><V19/><F124/><W134/><G134/><T26/><D132/><U105/><E105/><V35/><F35/><W29/><G29/><T5/><D117/><U108/><E130/><V82/><F128/><W60/><G18/><N who="2" m="6665" /><F135/><W31/><G31/><T30/><D84/><U88/><E108/><V70/><F70/><W133/><G133/><T42/><D42/><U44/><E76/><V104/><F104/><W39/><G39/><T120/><D120/><U54/><REACH who="1" step="1"/><E45/><REACH who="1" ten="301,335,197,157" step="2"/><V40/><F77/><W58/><G119/><T112/><D112/><U51/><E51/><V0/><F61/><W89/><G79/><T100/><D48/><U22/><E22/><V12/><F9/><W93/><REACH who="3" step="1"/><G74/><REACH who="3" ten="301,335,197,147" step="2"/><T91/><D23/><U25/><E25/><V116/><F116/><W71/><G71/><AGARI ba="0,2" hai="2,3,41,44,50,52,53,54,62,67,71,86,88,94" machi="71" ten="40,8000,1" yaku="1,1,54,2,53,2" doraHai="6" doraHaiUra="32" who="1" fromWho="3" sc="301,0,335,100,197,0,147,-80" />
</Scene>
<Scene>
<INIT seed="7,0,0,0,2,35" ten="301,435,197,67" oya="3" hai0="34,115,81,54,5,26,0,134,108,114,25,13,43" hai1="66,30,63,23,80,112,103,20,60,130,97,51,125" hai2="73,19,69,61,2,6,124,40,89,57,99,90,17" hai3="1,86,123,68,72,104,95,133,31,11,131,67,8"/><W62/><G123/><T48/><D108/><U3/><E3/><V14/><F73/><W109/><G104/><T120/><D120/><U74/><E112/><V18/><F124/><W44/><G109/><T87/><D43/><U92/><E125/><V88/><F69/><W94/><G72/><T96/><D96/><U36/><E36/><V21/><F40/><W33/><G133/><T82/><D0/><U38/><E38/><V64/><F2/><W75/><G75/><T32/><D134/><U28/><E130/><V27/><F99/><W4/><G131/><T102/><D102/><U91/><E51/><V65/><F65/><W116/><G116/><T132/><D132/><U45/><E45/><V53/><F64/><W22/><G33/><T7/><D13/><U16/><E23/><V58/><F57/><W93/><G44/><T126/><D126/><U122/><E122/><V52/><F53/><W41/><G41/><T111/><D111/><U76/><E103/><V101/><F101/><W10/><REACH who="3" step="1"/><G86/><REACH who="3" ten="301,435,197,57" step="2"/><T107/><D87/><U135/><E135/><V110/><F110/><W129/><G129/><T98/><D107/><U113/><E74/><V83/><F83/><W9/><G9/><AGARI ba="0,1" hai="6,9,14,17,18,19,21,27,52,58,61,88,89,90" machi="9" ten="40,5200,0" yaku="8,1,54,2" doraHai="35" who="2" fromWho="3" sc="301,0,435,0,197,62,57,-52" owari="301,10.0,435,53.0,259,-14.0,5,-49.0" />
</Scene>
</mjloggm>