<mjloggm ver="2.3"><GO type="97"/><UN n0="%E3%82%86%E3%81%86%E3%81%8F%E3%82%93%CE%A9" n1="%E5%A4%AA%E3%81%8F%E3%81%AA%E3%81%84%E3%81%8A" n2="%E3%82%8F%E3%81%97%E3%81%8C%E8%82%B2%E3%81%A6%E3%81%9F" n3="%72%6F%63%6F" dan="14,14,13,15" rate="1895,2038,1940,1971" sx="M,M,M,F"/><TAIKYOKU oya="0"/>

<Scene>
<INIT seed="0,0,0,2,0,107" ten="250,250,250,250" oya="0" hai0="86,61,93,72,50,134,6,36,109,114,79,132,100" hai1="127,135,63,10,110,42,65,80,58,104,81,71,68" hai2="39,52,82,46,37,113,0,84,131,117,96,90,11" hai3="75,53,12,102,76,24,129,45,32,5,8,66,94"/><T57/><D36/><U130/><E104/><V14/><F113/><W16/><G66/><T92/><D6/><U25/><E42/><V97/><F0/><W121/><G129/><T67/><D114/><U91/><E130/><V15/><F131/><W22/><G32/><T119/><D119/><U55/><E110/><V116/><F15/><W33/><G33/><T38/><D38/><U29/><E127/><V95/><F39/><W88/><G102/><T49/><D109/><U98/><E135/><N who="0" m="51753" /><D100/><U2/><E2/><V18/><F37/><W28/><G121/><T83/><D92/><U111/><E10/><V41/><F41/><W125/><G125/><T47/><D47/><U78/><E111/><V105/><F105/><W20/><G45/><T21/><D21/><U106/><E106/><V59/><F59/><W1/><G22/><T73/><D93/><U69/><E65/><V9/><F9/><W99/><G1/><T19/><D19/><U17/><E17/><V7/><F95/><W115/><G115/><T4/><D4/><U64/><E64/><V124/><F7/><W26/><G5/><T30/><D30/><U74/><E29/><V54/><F124/><W85/><G26/><T112/><D112/><U133/><E25/><V48/><F54/><W23/><G53/><N who="0" m="31919" /><D50/><U3/><E133/><V43/><F43/><W87/><G23/><T13/><D13/><U62/><E3/><V60/><F60/><W103/><G103/><T128/><D128/><U27/><E27/><V77/><F77/><W118/><G118/><AGARI ba="0,0" hai="11,14,18,46,48,52,82,84,90,96,97,116,117,118" machi="118" ten="40,8000,1" yaku="25,2,12,1,54,1" doraHai="107" who="2" fromWho="3" sc="250,0,250,0,250,80,250,-80" />
</Scene>
<Scene>
<INIT seed="1,0,0,1,4,14" ten="250,250,330,170" oya="1" hai0="135,103,113,132,8,83,13,61,28,56,0,48,85" hai1="10,72,125,119,122,90,100,74,53,47,23,78,16" hai2="71,2,35,91,58,108,40,66,123,133,18,67,86" hai3="50,76,3,12,38,1,21,20,80,95,49,37,114"/><U101/><E122/><V36/><F123/><W81/><G114/><T88/><D113/><U126/><E119/><V106/><F106/><W32/><G12/><T134/><D103/><N who="1" m="39499" /><E78/><V60/><F35/><W87/><G95/><T46/><D0/><U107/><E10/><V112/><F2/><W19/><G87/><T42/><D28/><U62/><E90/><V17/><F112/><W94/><G94/><T73/><D73/><U57/><E47/><V15/><F15/><W70/><G32/><T128/><D128/><U26/><E107/><V105/><F105/><W43/><G76/><T45/><D45/><U29/><E29/><V109/><F71/><W64/><G70/><T102/><D102/><U34/><E34/><V98/><F98/><W33/><G33/><T25/><D25/><U110/><E110/><N who="2" m="42603" /><F67/><W89/><G64/><T130/><D130/><U44/><E44/><N who="2" m="23559" /><F133/><W54/><G89/><T65/><D13/><U97/><E97/><V30/><F30/><W120/><G120/><T92/><D8/><U99/><E99/><V117/><F117/><W51/><G43/><T127/><D127/><AGARI ba="0,0" hai="16,23,26,53,57,62,72,74,125,126,127" m="39499" machi="127" ten="30,5800,0" yaku="18,1,52,1,54,1" doraHai="14" who="1" fromWho="0" sc="250,-58,250,58,330,0,170,0" />
</Scene>
<Scene>
<INIT seed="1,1,0,3,4,76" ten="192,308,330,170" oya="1" hai0="37,57,127,121,128,10,135,89,86,95,55,115,91" hai1="53,109,34,72,108,120,107,39,45,124,103,33,94" hai2="51,85,60,126,13,131,74,38,28,18,23,27,7" hai3="30,31,61,117,97,110,69,20,80,78,67,130,5"/><U132/><E120/><V81/><F38/><W58/><G5/><T101/><D121/><U65/><E107/><V96/><F131/><W84/><G130/><T3/><D115/><U93/><E72/><V40/><F126/><W79/><G110/><N who="1" m="42602" /><E124/><V73/><F96/><W105/><G117/><T113/><D113/><U16/><E132/><V112/><F60/><W49/><G78/><T119/><D119/><U134/><E134/><V90/><F112/><W68/><G68/><T114/><D114/><U21/><E65/><V98/><F98/><W25/><G69/><T12/><D37/><U77/><E77/><V100/><F100/><W24/><G49/><T6/><D128/><U2/><E2/><V35/><REACH who="2" step="1"/><F7/><REACH who="2" ten="192,308,320,170" step="2"/><W4/><G4/><T82/><D127/><U122/><E122/><V70/><F70/><W19/><G97/><T106/><D135/><U62/><E103/><V56/><F56/><W116/><G116/><T66/><D101/><U111/><E111/><V75/><F75/><W48/><G105/><T29/><D106/><U47/><E62/><V41/><F41/><W59/><G59/><T17/><D3/><U83/><E39/><V118/><F118/><W22/><G48/><T8/><D6/><U87/><E45/><AGARI ba="1,1" hai="13,18,23,27,28,35,40,45,51,73,74,81,85,90" machi="45" ten="40,5200,0" yaku="1,1,52,1,53,1" doraHai="76" doraHaiUra="14" who="2" fromWho="1" sc="192,0,308,-55,320,65,170,0" />
</Scene>
<Scene>
<INIT seed="2,0,0,5,1,30" ten="192,253,385,170" oya="2" hai0="128,31,72,38,27,80,127,77,23,107,2,93,42" hai1="105,64,44,83,129,101,20,123,25,16,65,94,108" hai2="99,121,59,54,86,0,11,133,35,45,58,55,3" hai3="4,68,104,116,53,69,18,43,91,19,100,102,32"/><V60/><F121/><W66/><G116/><T85/><D107/><U89/><E123/><V87/><F45/><W26/><G43/><T41/><D128/><U6/><E129/><V110/><F99/><W84/><G4/><T82/><D127/><U103/><E108/><V36/><F36/><W17/><G104/><T1/><D42/><U78/><E6/><V111/><F133/><W81/><G53/><T13/><D93/><U29/><E44/><V125/><F125/><W24/><G24/><T131/><D131/><U122/><E122/><V118/><F118/><W28/><REACH who="3" step="1"/><G66/><REACH who="3" ten="192,253,385,160" step="2"/><T9/><D41/><U114/><E65/><V63/><F111/><W67/><G67/><T51/><D38/><U12/><E64/><V124/><F124/><W49/><G49/><T88/><D51/><U7/><E7/><AGARI ba="0,1" hai="1,2,7,9,13,23,27,31,72,77,80,82,85,88" machi="7" ten="30,2000,0" yaku="7,1,54,1" doraHai="30" who="0" fromWho="1" sc="192,30,253,-20,385,0,160,0" />
</Scene>
<Scene>
<INIT seed="3,0,0,3,3,35" ten="222,233,385,160" oya="3" hai0="81,133,30,73,32,44,59,11,8,9,115,51,24" hai1="22,33,77,100,92,80,106,28,124,61,117,123,45" hai2="82,0,67,93,58,126,7,119,60,113,55,66,12" hai3="54,79,38,23,10,122,101,109,39,118,2,87,96"/><W14/><G118/><T65/><D115/><U64/><E123/><V97/><F113/><W86/><G122/><T102/><D133/><U116/><E124/><V43/><F126/><W13/><G109/><T95/><D73/><U99/><E45/><V107/><F0/><W108/><G2/><T121/><D121/><U88/><E33/><V83/><F43/><W26/><G108/><T91/><D81/><N who="2" m="30730" /><F107/><W84/><G79/><T1/><D102/><U19/><E28/><V20/><F119/><W130/><G130/><T76/><D76/><U105/><E22/><V31/><F7/><W94/><G54/><T37/><D37/><U110/><E19/><N who="2" m="10343" /><F31/><W135/><G135/><T56/><D65/><U46/><E110/><V16/><F16/><W103/><G103/><AGARI ba="0,0" hai="55,58,60,66,67,93,97,103" m="10343,30730" machi="103" ten="30,1000,0" yaku="8,1" doraHai="35" who="2" fromWho="3" sc="222,0,233,0,385,10,160,-10" owari="222,-18.0,233,3.0,395,50.0,150,-35.0" />
</Scene>
</mjloggm>