<mjloggm ver="2.3"><GO type="169" lobby="0"/><UN n0="%E5%A4%A7%E7%8E%89%E5%B0%86" n1="%6D%61%63%6A%72" n2="%E3%81%8C%E3%81%A1%E3%82%85%E3%81%86" n3="%E5%A4%AA%E3%81%8F%E3%81%AA%E3%81%84%E3%81%8A" dan="17,16,16,17" rate="2187.52,2061.68,2061.00,2164.91" sx="M,M,M,M"/><TAIKYOKU oya="0"/>

<Scene>
<INIT seed="0,0,0,3,3,77" ten="250,250,250,250" oya="0" hai0="72,103,30,85,91,46,23,57,17,114,33,108,7" hai1="26,76,89,19,54,34,14,105,74,53,12,16,106" hai2="47,96,59,112,130,62,6,38,51,4,115,50,104" hai3="2,82,68,10,21,123,90,135,1,20,87,128,5"/><T98/><D114/><U40/><E40/><V102/><F130/><W116/><G116/><T0/><D72/><U99/><E34/><V56/><F38/><W119/><G119/><T83/><D46/><U113/><E26/><V125/><F125/><W92/><G68/><T101/><D108/><U65/><E65/><V129/><F129/><W121/><G128/><T49/><D33/><U84/><E113/><V86/><F86/><W8/><G135/><T100/><D30/><U70/><E70/><V13/><F115/><W48/><G48/><T94/><D7/><U64/><E64/><V79/><F79/><W9/><G5/><T31/><D31/><U45/><E76/><V44/><F13/><W69/><G69/><T93/><D0/><N who="3" m="105" /><G92/><T131/><D94/><U36/><E74/><V55/><F112/><W134/><G134/><T107/><D107/><U97/><E36/><V127/><F127/><W75/><G75/><T81/><D98/><U25/><E25/><V58/><REACH who="2" step="1"/><F62/><REACH who="2" ten="250,250,240,250" step="2"/><W122/><AGARI ba="0,1" hai="8,9,10,20,21,82,87,90,121,122,123" m="105" machi="122" ten="40,2700,0" yaku="13,1,52,1" doraHai="77" who="3" fromWho="3" sc="250,-13,250,-7,240,-7,250,37" />
</Scene>
<Scene>
<INIT seed="1,0,0,3,3,59" ten="237,243,233,287" oya="1" hai0="4,115,34,40,2,114,56,21,28,27,46,66,94" hai1="102,104,33,5,82,48,124,131,17,91,62,69,26" hai2="12,101,116,41,31,7,107,85,133,60,89,68,98" hai3="76,14,30,54,130,20,122,132,86,99,103,3,52"/><U39/><E39/><V119/><F41/><W97/><G122/><T84/><D34/><U134/><E5/><V109/><F109/><W51/><G3/><T108/><D108/><U74/><E48/><V70/><F133/><W49/><G132/><T43/><D2/><U8/><E8/><V0/><F0/><W58/><G130/><T15/><D114/><U92/><E134/><V64/><F31/><W100/><G76/><T83/><D94/><U87/><E131/><V38/><F38/><W88/><G97/><T53/><D66/><N who="1" m="41175" /><E17/><V135/><F70/><W44/><G99/><T90/><D115/><U45/><E45/><V57/><F57/><W63/><G51/><T65/><D65/><U22/><E22/><V71/><F71/><W32/><G32/><T120/><D46/><U10/><E10/><V125/><F135/><W105/><G105/><T96/><D96/><N who="1" m="61511" /><E124/><V127/><F12/><W126/><G126/><T95/><D95/><U112/><E112/><V19/><F19/><N who="3" m="10359" /><G30/><T72/><D72/><U42/><E42/><V25/><F127/><W37/><G37/><T111/><D111/><U24/><E33/><V117/><F125/><W47/><G44/><T110/><D110/><U123/><E123/><V16/><F7/><W79/><G79/><AGARI ba="0,0" hai="24,26,74,79,82,87,91,92" m="61511,41175" machi="79" ten="30,2900,0" yaku="24,1,52,1" doraHai="59" who="1" fromWho="3" sc="237,0,243,29,233,0,287,-29" />
</Scene>
<Scene>
<INIT seed="1,1,0,5,4,55" ten="237,272,233,258" oya="1" hai0="108,16,32,72,131,17,98,133,45,90,50,53,40" hai1="37,93,12,49,92,88,3,82,68,110,80,7,77" hai2="48,95,8,75,30,128,56,61,23,97,76,34,117" hai3="115,121,70,87,106,9,73,26,22,135,33,21,24"/><U116/><E37/><V94/><F117/><W42/><G73/><T43/><D72/><U129/><E116/><V107/><F128/><W15/><G70/><T85/><D32/><U31/><E68/><V2/><F34/><W113/><G106/><T84/><D131/><U79/><E129/><V51/><F107/><W83/><G121/><T64/><D64/><U122/><E3/><V58/><F76/><N who="1" m="29257" /><E122/><V14/><F2/><W125/><G42/><N who="0" m="15915" /><D108/><U47/><E31/><V20/><F75/><W19/><G135/><T112/><D133/><U109/><E92/><N who="2" m="35371" /><F97/><W44/><G33/><T124/><D124/><U74/><E74/><V91/><F91/><W111/><G111/><N who="1" m="42506" /><E7/><N who="2" m="3359" /><F30/><W104/><G125/><T0/><D0/><U60/><E12/><V81/><F81/><W38/><G104/><T69/><D69/><U57/><E88/><V18/><F18/><N who="0" m="7274" /><D112/><U65/><E93/><AGARI ba="1,0" hai="45,50,53,84,85,90,93,98" m="7274,15915" machi="93" ten="30,2000,0" yaku="8,1,54,1" doraHai="55" who="0" fromWho="1" sc="237,23,272,-23,233,0,258,0" />
</Scene>
<Scene>
<INIT seed="2,0,0,3,2,73" ten="260,249,233,258" oya="2" hai0="81,57,58,93,29,107,63,95,102,33,32,72,52" hai1="59,11,18,86,109,9,99,0,49,22,25,90,56" hai2="14,123,104,31,119,44,113,5,68,39,12,60,62" hai3="53,74,65,16,50,133,117,129,106,89,134,4,98"/><V100/><F123/><W135/><G117/><T112/><D112/><U51/><E99/><V92/><F119/><W67/><G74/><T19/><D107/><U10/><E0/><V43/><F113/><W130/><G4/><T70/><D70/><U61/><E109/><V111/><F104/><W47/><G16/><T84/><D72/><U127/><E127/><V27/><F111/><W48/><G89/><T82/><D29/><U34/><E34/><V3/><F3/><W131/><REACH who="3" step="1"/><G50/><REACH who="3" ten="260,249,233,248" step="2"/><N who="0" m="30871" /><D19/><U21/><E49/><V26/><F5/><W66/><G66/><N who="0" m="39287" /><D32/><U105/><E51/><V120/><F39/><W97/><G97/><N who="0" m="59695" /><D33/><U132/><E18/><V122/><F31/><W45/><G45/><T28/><D28/><U8/><E90/><AGARI ba="0,1" hai="81,82,84,90,95" m="59695,39287,30871" machi="90" ten="30,2000,0" yaku="8,1,54,1" doraHai="73" who="0" fromWho="1" sc="260,30,249,-20,233,0,248,0" />
</Scene>
<Scene>
<INIT seed="3,0,0,0,5,95" ten="290,229,233,248" oya="3" hai0="25,124,66,49,9,18,94,116,34,35,82,126,15" hai1="135,67,90,17,32,63,3,22,19,122,72,52,8" hai2="6,108,48,133,123,10,11,40,46,100,112,107,93" hai3="58,121,129,20,119,106,70,88,2,38,43,31,62"/><W76/><G121/><T120/><D66/><U51/><E32/><V103/><F112/><W7/><G119/><T97/><D120/><U113/><E122/><V61/><F123/><W78/><G70/><T36/><D36/><U134/><E113/><V57/><F108/><W130/><G106/><T14/><D116/><U60/><E72/><V53/><F133/><W41/><G2/><T102/><D82/><U84/><E3/><V105/><F10/><W44/><G7/><N who="0" m="3391" /><D25/><U115/><E115/><V39/><F100/><W99/><G43/><T13/><D49/><U131/><E131/><N who="3" m="50186" /><G31/><T0/><D0/><U111/><E111/><V75/><F75/><W86/><G20/><N who="0" m="11343" /><D15/><N who="1" m="7399" /><E134/><V132/><F132/><W55/><G86/><T118/><D118/><U128/><E128/><V110/><F39/><W29/><G29/><T65/><D65/><U50/><E67/><V64/><F64/><W37/><G38/><T24/><D24/><N who="1" m="14431" /><E135/><V45/><F110/><W127/><G127/><AGARI ba="0,0" hai="34,35,94,97,102,124,126,127" m="11343,3391" machi="127" ten="30,2000,0" yaku="18,1,52,1" doraHai="95" who="0" fromWho="3" sc="290,20,229,0,233,0,248,-20" />
</Scene>
<Scene>
<INIT seed="4,0,0,2,3,24" ten="310,229,233,228" oya="0" hai0="74,30,23,120,111,89,47,94,63,17,48,49,51" hai1="108,36,81,90,66,96,113,16,116,22,12,4,114" hai2="65,25,44,124,84,10,46,80,41,61,85,8,37" hai3="112,97,1,50,13,29,87,45,119,3,88,132,125"/><T83/><D120/><U31/><E116/><V93/><F124/><W35/><G119/><T118/><D118/><U99/><E108/><V62/><F46/><W98/><G125/><T32/><D111/><U110/><E110/><V126/><F126/><W95/><G112/><N who="1" m="43114" /><E36/><V55/><F55/><W72/><G72/><T43/><D32/><U52/><E66/><V19/><F93/><W6/><G132/><T42/><D42/><U105/><E105/><V102/><F102/><W133/><G133/><T14/><D63/><U64/><E64/><V54/><F54/><W39/><G39/><T92/><D30/><U127/><E127/><V18/><F65/><W5/><G1/><T20/><D20/><U76/><E90/><V109/><F109/><W53/><G3/><T7/><D7/><U71/><E71/><V123/><F37/><W91/><G13/><T82/><D92/><U58/><E4/><V11/><F123/><W131/><G131/><T134/><D134/><U21/><E21/><V15/><F62/><W34/><G97/><N who="0" m="57551" /><D74/><N who="1" m="43159" /><E31/><V129/><F129/><W57/><G35/><T101/><D101/><U68/><E68/><V79/><F61/><AGARI ba="0,0" hai="12,16,22,52,58,61,96,99" m="43159,43114" machi="61" ten="30,7700,0" yaku="15,1,11,1,54,2" doraHai="24" who="1" fromWho="2" sc="310,0,229,77,233,-77,228,0" />
</Scene>
<Scene>
<INIT seed="5,0,0,1,1,85" ten="310,306,156,228" oya="1" hai0="110,115,33,123,77,131,57,27,102,21,61,134,39" hai1="31,5,79,19,99,30,114,51,101,74,16,98,76" hai2="90,117,111,105,97,44,84,72,63,17,82,2,50" hai3="7,80,126,20,116,40,47,100,32,78,26,35,9"/><U49/><E74/><V14/><F2/><W103/><G126/><T93/><D110/><U81/><E81/><V106/><F111/><W60/><G116/><T71/><D39/><U124/><E101/><V36/><F117/><W65/><G32/><T130/><D33/><U55/><E55/><V58/><F36/><W125/><G35/><T69/><D77/><U89/><E5/><V22/><F72/><W68/><G125/><T107/><D107/><U66/><E124/><V135/><F135/><W83/><G83/><T4/><D4/><U122/><E66/><V52/><REACH who="2" step="1"/><F97/><REACH who="2" ten="310,306,146,228" step="2"/><W59/><G68/><T121/><D134/><U95/><E98/><V38/><F38/><W73/><G73/><T109/><D109/><U8/><E99/><V24/><F24/><W119/><G119/><T18/><D71/><U37/><E37/><V67/><AGARI ba="0,1" hai="14,17,22,44,50,52,58,63,67,82,84,90,105,106" machi="67" ten="20,8000,1" yaku="1,1,0,1,7,1,52,1,54,1,53,0" doraHai="85" doraHaiUra="1" who="2" fromWho="2" sc="310,-20,306,-40,146,90,228,-20" />
</Scene>
<Scene>
<INIT seed="6,0,0,5,4,112" ten="290,266,236,208" oya="2" hai0="88,113,123,89,5,124,58,94,125,91,80,31,44" hai1="101,107,109,76,133,110,38,50,128,53,105,8,92" hai2="87,40,6,11,37,129,120,67,70,12,100,49,33" hai3="39,4,25,102,108,122,2,97,103,72,134,126,0"/><V51/><F120/><W86/><G122/><T65/><D113/><U64/><E38/><V78/><F33/><W45/><G108/><T3/><D123/><U43/><E43/><V99/><F129/><W23/><G72/><T28/><D80/><U22/><E64/><V104/><F37/><W118/><G126/><N who="0" m="48747" /><D94/><U34/><E128/><V82/><REACH who="2" step="1"/><F40/><REACH who="2" ten="290,266,226,208" step="2"/><W13/><G39/><T116/><D116/><U121/><E34/><V14/><F14/><W27/><G13/><T85/><D44/><U9/><E121/><V83/><F83/><W24/><G45/><T48/><D3/><U52/><E109/><V35/><F35/><W90/><G118/><T19/><D31/><U30/><E30/><V21/><F21/><W74/><G23/><T47/><D28/><U81/><E22/><V59/><F59/><W115/><G2/><T69/><D58/><U93/><E110/><V68/><F68/><W41/><G0/><T119/><D119/><U17/><E81/><V77/><F77/><W7/><G115/><T96/><D69/><U135/><E76/><V36/><F36/><W66/><G41/><T61/><D47/><U32/><E32/><V1/><F1/><W26/><G26/><T79/><D79/><U71/><E71/><V46/><F46/><W56/><G56/><T55/><D65/><U131/><E131/><V54/><F54/><W111/><G66/><T15/><D55/><U63/><E53/><V117/><F117/><W106/><G111/><T130/><D130/><U98/><E52/><V20/><F20/><W95/><G25/><T127/><D127/><RYUUKYOKU ba="0,1" sc="290,-10,266,-10,226,30,208,-10" hai2="6,11,12,49,51,67,70,78,82,87,99,100,104" />
</Scene>
<Scene>
<INIT seed="6,1,1,0,5,43" ten="280,256,256,198" oya="2" hai0="71,30,126,93,98,134,9,69,108,44,56,74,10" hai1="114,51,58,57,62,70,86,49,39,124,48,82,18" hai2="11,63,78,76,7,100,17,80,125,118,84,12,97" hai3="55,50,135,54,128,23,115,27,45,0,120,104,117"/><V90/><F118/><W83/><G117/><T132/><D108/><U46/><E114/><V81/><F125/><W111/><G111/><T32/><D74/><U95/><E124/><V103/><F63/><W41/><G120/><T37/><D56/><N who="1" m="21611" /><E39/><V26/><F26/><W92/><G104/><T31/><D126/><U127/><E70/><N who="0" m="26633" /><D37/><U20/><E127/><V15/><F81/><W68/><G68/><T101/><D44/><U75/><E95/><N who="2" m="58431" /><F103/><W42/><G0/><T113/><D113/><U59/><E75/><V36/><F36/><W3/><G3/><T91/><D101/><U21/><E46/><V129/><F129/><W60/><G128/><T16/><D32/><U2/><E2/><V40/><F40/><W22/><G115/><T94/><D94/><U77/><E18/><V88/><F76/><W19/><G42/><T79/><D79/><U122/><E122/><V35/><F35/><W47/><G41/><T73/><D73/><U89/><E77/><V29/><F29/><N who="0" m="10762" /><D16/><U133/><E133/><AGARI ba="1,1" hai="9,10,91,93,98,132,133,134" m="10762,26633" machi="133" ten="30,1000,0" yaku="20,1" doraHai="43" who="0" fromWho="1" sc="280,23,256,-13,256,0,198,0" />
</Scene>
<Scene>
<INIT seed="7,0,0,4,3,1" ten="303,243,256,198" oya="3" hai0="32,85,84,4,80,83,95,25,34,10,100,53,64" hai1="21,113,86,79,109,15,131,33,69,114,93,116,0" hai2="59,118,11,65,68,133,126,112,70,27,20,58,103" hai3="12,74,56,110,127,28,49,123,108,16,119,105,55"/><W19/><G123/><T111/><D111/><N who="3" m="42537" /><G119/><T76/><D64/><U37/><E109/><V31/><F118/><W121/><G121/><T30/><D53/><U120/><E116/><V128/><F112/><W50/><G74/><T88/><D32/><U106/><E106/><V36/><F36/><W17/><G105/><T92/><D100/><U44/><E0/><AGARI ba="0,0" hai="0,4,10,25,30,34,76,80,83,84,85,88,92,95" machi="0" ten="30,3900,0" yaku="7,1,52,1,54,1" doraHai="1" who="0" fromWho="1" sc="303,39,243,-39,256,0,198,0" owari="342,44.0,204,-20.0,256,6.0,198,-30.0" />
</Scene>
</mjloggm>