<mjloggm ver="2.3"><GO type="169"/><UN n0="%E9%BA%BB%E9%9B%80%E6%88%A6%E5%A3%AB%E2%98%86%E3%81%AA%E3%81%AE%E3%81%AF" n1="%E3%82%AA%E3%82%BA%E3%82%B0%E3%83%AB%E3%83%BC%E3%83%97" n2="%E3%83%87%E3%82%B8%E3%82%BF%E3%83%AB%E4%BB%99%E4%BA%BA" n3="%E5%A4%AA%E3%81%8F%E3%81%AA%E3%81%84%E3%81%8A" dan="16,16,18,17" rate="2146,2095,2190,2132" sx="F,M,F,M"/><TAIKYOKU oya="0"/>

<Scene>
<INIT seed="0,0,0,2,1,59" ten="250,250,250,250" oya="0" hai0="14,75,74,88,60,34,24,97,109,82,31,129,23" hai1="115,20,131,37,50,33,35,58,76,51,30,10,66" hai2="42,85,124,67,72,1,52,13,135,83,0,6,108" hai3="48,71,93,38,3,26,106,40,63,101,127,121,94"/><T64/><D129/><U54/><E37/><V55/><F72/><W102/><G3/><T134/><D134/><U118/><E131/><V120/><F135/><W116/><G116/><T105/><D109/><U128/><E118/><V57/><F120/><W43/><G38/><T113/><D113/><U16/><E128/><V27/><F108/><W95/><G121/><T112/><D112/><U78/><E115/><V4/><F124/><W12/><G127/><T79/><D14/><U126/><E126/><V56/><F42/><W107/><G12/><T9/><D9/><U2/><E66/><V104/><F104/><W29/><G106/><T11/><D11/><U125/><E51/><V117/><F67/><N who="3" m="41471" /><G48/><T99/><D99/><U122/><E122/><V73/><F73/><W62/><G62/><T69/><D23/><U61/><E50/><V70/><F70/><W91/><G91/><T46/><D46/><U81/><E81/><V80/><F13/><W100/><G100/><N who="0" m="62607" /><D79/><U22/><E125/><V132/><F132/><W5/><G5/><T25/><D25/><N who="1" m="18639" /><E22/><V41/><F41/><N who="3" m="15947" /><G107/><T103/><D103/><U18/><E35/><V84/><F27/><W110/><G110/><T119/><D119/><AGARI ba="0,0" hai="0,1,4,6,52,55,56,57,80,83,84,85,117,119" machi="119" ten="25,3200,0" yaku="22,2,54,1" doraHai="59" who="2" fromWho="0" sc="250,-32,250,0,250,32,250,0" />
</Scene>
<Scene>
<INIT seed="1,0,0,1,4,24" ten="218,250,282,250" oya="1" hai0="125,94,110,86,43,5,15,53,7,82,127,130,46" hai1="41,85,93,11,84,109,131,112,52,77,64,95,60" hai2="36,106,105,31,35,0,124,21,108,123,37,88,32" hai3="10,28,134,78,48,3,51,57,61,8,120,79,75"/><U12/><E112/><V133/><F123/><W129/><G120/><T25/><D110/><U126/><E126/><V80/><F0/><W9/><G3/><T104/><D130/><U74/><E74/><V91/><F124/><N who="0" m="47690" /><D104/><U22/><E131/><V97/><F108/><W16/><G129/><T34/><D15/><U135/><E109/><V13/><F13/><W38/><G38/><N who="0" m="21879" /><D53/><U56/><E135/><V20/><F133/><W44/><G134/><T76/><D94/><U83/><E41/><V92/><F92/><W17/><G75/><T103/><D103/><U18/><E85/><V2/><F2/><W19/><G28/><AGARI ba="0,0" hai="5,7,25,28,34,76,82,86" m="21879,47690" machi="28" ten="30,2000,0" yaku="18,1,52,1" doraHai="24" who="0" fromWho="3" sc="218,20,250,0,282,0,250,-20" />
</Scene>
<Scene>
<INIT seed="2,0,0,2,2,73" ten="238,250,282,230" oya="2" hai0="106,36,86,37,52,71,68,125,112,116,3,61,53" hai1="122,81,96,65,47,110,41,10,24,23,58,54,90" hai2="69,117,100,1,55,118,75,9,103,95,70,25,64" hai3="38,87,129,80,74,63,120,93,123,115,133,126,109"/><V111/><F25/><W46/><G38/><T89/><D3/><U15/><E122/><V85/><F75/><W124/><G46/><T40/><D112/><U34/><E34/><V39/><F39/><W91/><G63/><T97/><D116/><U5/><E110/><V130/><F55/><W12/><G12/><T131/><D125/><N who="3" m="48233" /><G109/><T42/><D131/><U76/><E65/><V4/><F111/><W13/><G13/><T20/><D20/><U62/><E96/><V67/><F130/><W44/><G44/><T6/><D6/><U60/><E90/><V27/><F27/><W56/><G56/><T0/><D0/><U79/><E81/><V29/><F1/><W77/><G129/><T21/><D21/><U22/><E62/><V51/><F51/><W98/><G115/><T78/><D61/><U30/><REACH who="1" step="1"/><E22/><REACH who="1" ten="238,240,282,230" step="2"/><V83/><F67/><W48/><G133/><T92/><D68/><U132/><E132/><V104/><F64/><W32/><G32/><T114/><D71/><U102/><E102/><V127/><F69/><W7/><G98/><T72/><D97/><U50/><AGARI ba="0,1" hai="5,10,15,23,24,30,41,47,50,54,58,60,76,79" machi="50" ten="20,12000,2" yaku="1,1,0,1,7,1,8,1,52,2,53,0" doraHai="73" doraHaiUra="113" who="1" fromWho="1" sc="238,-30,240,130,282,-60,230,-30" />
</Scene>
<Scene>
<INIT seed="3,0,0,3,1,23" ten="208,370,222,200" oya="3" hai0="131,125,48,113,72,112,16,37,91,32,74,73,57" hai1="86,130,64,124,26,127,50,133,77,121,103,63,106" hai2="19,4,8,53,14,2,98,49,1,93,38,52,25" hai3="33,20,99,58,79,66,69,41,100,47,43,44,82"/><W102/><G33/><T22/><D37/><U70/><E121/><V111/><F38/><W61/><G69/><T12/><D32/><U95/><E106/><V10/><F111/><W15/><G15/><T88/><D131/><U65/><E65/><V51/><F51/><W109/><G109/><T67/><D125/><U17/><E103/><V28/><F49/><W62/><G62/><N who="0" m="38351" /><D48/><U94/><E133/><V35/><REACH who="2" step="1"/><F2/><REACH who="2" ten="208,370,212,200" step="2"/><W40/><G20/><T107/><D107/><U117/><E127/><V78/><F78/><W76/><G79/><T108/><D108/><U46/><E77/><V128/><F128/><W68/><G68/><T104/><D104/><U122/><E130/><V30/><F30/><W129/><G129/><T81/><D81/><U0/><E124/><V87/><F87/><W101/><REACH who="3" step="1"/><G99/><REACH who="3" ten="208,370,212,190" step="2"/><T55/><D74/><AGARI ba="0,2" hai="40,41,43,44,47,58,61,66,74,76,82,100,101,102" machi="74" ten="40,3900,0" yaku="1,1,2,1,53,0" doraHai="23" doraHaiUra="118" who="3" fromWho="0" sc="208,-39,370,0,212,0,190,59" />
</Scene>
<Scene>
<INIT seed="3,1,0,4,2,66" ten="169,370,212,249" oya="3" hai0="5,75,82,130,131,110,42,101,133,86,103,135,21" hai1="18,23,84,78,19,72,27,81,53,134,3,16,4" hai2="123,43,67,111,34,83,1,91,120,28,62,25,88" hai3="124,33,73,106,17,48,10,109,36,50,105,55,8"/><W29/><G36/><T0/><D21/><U59/><E134/><N who="0" m="51209" /><D5/><U32/><E72/><V79/><F43/><W9/><G73/><T122/><D0/><U57/><E57/><V54/><F54/><W69/><G69/><T45/><D122/><N who="2" m="46634" /><F1/><W99/><G124/><T51/><D75/><U11/><REACH who="1" step="1"/><E32/><REACH who="1" ten="169,360,212,249" step="2"/><V96/><F111/><W102/><G109/><T12/><D110/><U39/><E39/><V95/><F79/><W70/><G70/><T31/><D31/><U40/><E40/><V64/><F62/><AGARI ba="1,1" hai="3,4,11,16,18,19,23,27,53,59,62,78,81,84" machi="62" ten="30,3900,0" yaku="1,1,7,1,54,1,53,0" doraHai="66" doraHaiUra="68" who="1" fromWho="2" sc="169,0,360,52,212,-42,249,0" />
</Scene>
<Scene>
<INIT seed="4,0,0,3,1,2" ten="169,412,170,249" oya="0" hai0="134,62,41,67,56,25,74,13,93,111,91,32,98" hai1="8,79,118,75,35,47,15,101,59,123,119,21,17" hai2="108,27,10,42,106,31,82,92,49,51,104,88,30" hai3="7,72,60,126,52,39,20,115,96,4,109,86,28"/><T116/><D116/><U16/><E123/><V48/><F108/><W68/><G72/><T133/><D111/><U54/><E101/><V58/><F82/><W80/><G109/><T102/><D74/><U24/><E35/><V53/><F10/><W14/><G39/><T12/><D41/><U95/><E95/><V5/><F5/><N who="3" m="2123" /><G68/><T105/><D32/><U29/><E47/><V83/><F83/><W33/><G33/><T81/><D81/><U45/><E45/><V99/><F42/><W87/><G115/><T103/><D25/><U40/><E40/><V113/><F113/><W34/><G34/><T135/><REACH who="0" step="1"/><D103/><REACH who="0" ten="159,412,170,249" step="2"/><U73/><E73/><V97/><F27/><N who="3" m="16487" /><G126/><T19/><D19/><U112/><E112/><V124/><F124/><W44/><G80/><T84/><AGARI ba="0,1" hai="12,13,56,62,67,84,91,93,98,102,105,133,134,135" machi="84" ten="30,6000,0" yaku="1,1,0,1,20,1,53,0" doraHai="2" doraHaiUra="66" who="0" fromWho="0" sc="159,70,412,-20,170,-20,249,-20" />
</Scene>
<Scene>
<INIT seed="4,1,0,0,2,4" ten="229,392,150,229" oya="0" hai0="99,105,40,64,101,87,3,123,63,80,131,98,5" hai1="23,7,13,20,125,44,57,55,76,88,109,16,103" hai2="11,54,117,8,122,133,75,14,36,17,135,35,93" hai3="89,90,120,121,72,116,60,39,108,1,77,52,0"/><T30/><D123/><N who="3" m="47177" /><G108/><T61/><D131/><U58/><E109/><V132/><F122/><W26/><G116/><T21/><D99/><U114/><E125/><V12/><F117/><W129/><G39/><T85/><D40/><U6/><E114/><V115/><F115/><W29/><G129/><T100/><D100/><U107/><E107/><V119/><F119/><W53/><G77/><T62/><D64/><U95/><E103/><V127/><F127/><W111/><G72/><T68/><D68/><U78/><E44/><V96/><F35/><N who="3" m="20919" /><G111/><T19/><D30/><U102/><E58/><V51/><F75/><W18/><G18/><T104/><D105/><U91/><E23/><N who="2" m="11687" /><F14/><W94/><G90/><T130/><D130/><U82/><E102/><N who="2" m="60687" /><F36/><W42/><G42/><T31/><D31/><U38/><E38/><V43/><F43/><W28/><G28/><T70/><D70/><U33/><E33/><V118/><F118/><W112/><G112/><T84/><D5/><N who="1" m="1547" /><E91/><V2/><F2/><N who="3" m="1131" /><G60/><T24/><REACH who="0" step="1"/><D3/><REACH who="0" ten="219,392,150,229" step="2"/><U67/><E67/><V128/><F128/><W48/><G48/><T69/><D69/><U34/><E34/><V81/><F51/><W66/><G66/><T46/><D46/><U106/><E106/><V49/><F49/><W134/><G134/><T50/><D50/><N who="1" m="30967" /><E82/><AGARI ba="1,1" hai="19,21,24,61,62,63,80,82,84,85,87,98,101,104" machi="82" ten="40,2000,0" yaku="1,1,53,0" doraHai="4" doraHaiUra="25" who="0" fromWho="1" sc="219,33,392,-23,150,0,229,0" />
</Scene>
<Scene>
<INIT seed="4,2,0,4,2,79" ten="252,369,150,229" oya="0" hai0="127,7,20,123,135,12,129,93,71,99,112,17,14" hai1="65,81,46,56,116,27,105,130,96,51,77,62,42" hai2="85,117,124,28,40,126,73,30,110,103,118,25,38" hai3="39,101,63,16,26,131,24,8,80,37,10,122,47"/><T60/><D123/><U91/><E116/><N who="2" m="44651" /><F73/><W134/><G122/><T52/><D71/><U86/><E130/><V114/><F103/><W120/><G120/><T23/><D129/><U5/><E105/><V121/><F121/><W59/><G131/><T84/><D135/><U3/><E3/><V87/><F110/><W1/><G134/><T102/><D127/><N who="2" m="48682" /><F114/><W113/><G101/><T133/><D133/><U49/><E49/><V94/><F94/><W18/><G113/><T132/><D132/><U0/><E0/><V78/><F78/><W35/><G1/><T69/><D69/><U61/><E61/><V41/><F38/><W115/><G115/><T32/><D32/><U13/><E27/><V44/><F44/><W6/><G47/><T34/><D34/><U54/><E96/><V83/><F25/><W107/><G107/><T43/><D112/><U95/><E95/><V106/><F106/><W109/><G109/><T66/><D93/><U21/><E91/><N who="2" m="51647" /><F87/><W74/><G74/><T45/><D84/><U90/><E90/><V72/><F72/><W68/><G26/><T4/><D102/><U2/><E2/><V108/><F108/><W75/><G24/><T89/><D89/><U76/><E76/><V11/><F11/><W19/><G10/><T100/><D100/><U31/><E31/><AGARI ba="2,0" hai="28,30,31,40,41" m="51647,48682,44651" machi="31" ten="30,3900,0" yaku="12,1,18,1,52,1" doraHai="79" who="2" fromWho="1" sc="252,0,369,-45,150,45,229,0" />
</Scene>
<Scene>
<INIT seed="5,0,0,4,5,55" ten="252,324,195,229" oya="1" hai0="64,125,122,22,53,61,73,90,57,46,89,120,78" hai1="14,13,9,26,119,66,79,56,48,12,84,82,29" hai2="126,109,105,117,41,98,111,77,39,28,50,30,20" hai3="34,123,31,75,83,6,113,104,18,43,131,52,88"/><U97/><E119/><V45/><F117/><W72/><G104/><T74/><D125/><U1/><E1/><V37/><F126/><W128/><G43/><T5/><D5/><U71/><E71/><V58/><F77/><W134/><G123/><N who="0" m="47147" /><D22/><U67/><E97/><V116/><F116/><W114/><G6/><T63/><D46/><U95/><E95/><V110/><F20/><W87/><G134/><T51/><D51/><U100/><E100/><V4/><F4/><W42/><G42/><T35/><D35/><U129/><E129/><N who="3" m="49738" /><G18/><T68/><D78/><U47/><E9/><V33/><F33/><W17/><G17/><T16/><D16/><U7/><E7/><V96/><F39/><W27/><G52/><T0/><D0/><U80/><E80/><V38/><F37/><W3/><G3/><T69/><D69/><U112/><E112/><AGARI ba="0,0" hai="27,31,34,72,75,83,87,88,112,113,114" m="49738" machi="112" ten="30,3900,0" yaku="15,1,19,1,54,1" doraHai="55" who="3" fromWho="1" sc="252,0,324,-39,195,0,229,39" />
</Scene>
<Scene>
<INIT seed="6,0,0,4,1,107" ten="252,285,195,268" oya="2" hai0="21,53,93,49,59,42,131,44,16,74,67,55,118" hai1="98,34,68,97,32,0,129,127,48,130,13,8,14" hai2="27,126,117,135,116,128,43,112,90,122,26,79,123" hai3="86,63,72,25,115,18,46,36,52,37,70,106,105"/><V22/><F43/><W58/><G72/><T103/><D118/><N who="2" m="45674" /><F79/><W77/><G70/><T121/><D74/><U102/><E68/><V6/><F90/><W89/><G77/><T84/><D121/><N who="2" m="46090" /><F135/><W111/><G106/><T5/><D5/><U108/><E48/><V29/><F128/><N who="1" m="49257" /><E108/><V17/><F6/><W124/><G105/><T61/><D131/><U125/><E98/><V92/><F92/><W76/><G76/><T38/><D38/><U62/><E97/><V133/><F133/><W12/><G111/><T24/><D103/><U50/><E62/><V2/><F2/><W33/><G46/><T71/><D71/><U78/><E50/><V15/><F112/><W95/><G115/><T19/><D19/><N who="1" m="8615" /><E102/><V69/><F69/><W120/><G120/><T3/><D3/><U109/><E78/><V132/><F132/><W82/><G95/><T81/><D93/><U9/><E109/><V96/><F96/><W83/><G82/><T88/><AGARI ba="0,0" hai="16,21,24,42,44,49,53,55,59,61,67,81,84,88" machi="88" ten="20,8000,1" yaku="0,1,7,1,8,1,54,2" doraHai="107" who="0" fromWho="0" sc="252,80,285,-20,195,-40,268,-20" />
</Scene>
<Scene>
<INIT seed="7,0,0,5,5,35" ten="332,265,155,248" oya="3" hai0="75,39,10,128,121,26,96,22,134,108,102,124,133" hai1="110,27,51,126,49,9,6,21,100,36,109,79,104" hai2="16,67,130,42,20,40,90,3,12,53,92,116,52" hai3="91,59,71,77,41,111,5,54,34,80,119,107,98"/><W47/><G119/><T60/><D121/><U86/><E36/><V105/><F105/><W114/><G71/><T129/><D108/><U72/><E72/><V13/><F116/><W95/><G34/><T87/><D75/><U70/><E70/><V132/><F130/><N who="0" m="50282" /><D39/><U14/><E126/><V23/><F132/><N who="0" m="50794" /><D87/><U94/><E104/><V37/><F67/><W18/><G111/><T50/><D50/><U84/><E110/><V78/><F78/><W106/><G114/><T11/><D60/><U101/><E109/><V33/><F33/><W4/><G18/><N who="0" m="12631" /><D124/><U57/><E79/><V28/><F3/><W66/><G66/><T32/><D32/><U46/><E57/><V125/><F125/><W56/><G107/><AGARI ba="0,0" hai="10,11,96,102,107" m="12631,50794,50282" machi="107" ten="30,2000,0" yaku="19,1,20,1" doraHai="35" who="0" fromWho="3" sc="332,20,265,0,155,0,248,-20" owari="352,44.0,265,7.0,155,-34.0,228,-17.0" />
</Scene>
</mjloggm>