<mjloggm ver="2.3"><GO type="97"/><UN n0="%52%2E%43%61%6E%6F" n1="%E5%A4%AA%E3%81%8F%E3%81%AA%E3%81%84%E3%81%8A" n2="%E3%81%BE%E3%82%81%E6%B4%97%E5%9D%82" n3="%74%6E%61%67%61%69%74" dan="13,14,14,13" rate="1841,2071,1913,1874" sx="M,M,M,M"/><TAIKYOKU oya="0"/>

<Scene>
<INIT seed="0,0,0,5,3,21" ten="250,250,250,250" oya="0" hai0="71,125,15,5,19,35,25,112,44,38,75,43,67" hai1="14,69,9,23,34,3,102,22,124,117,46,126,50" hai2="27,29,109,99,57,60,91,92,87,70,36,32,13" hai3="74,115,80,83,110,122,8,56,37,51,59,4,78"/><T16/><D75/><U81/><E117/><V111/><F36/><W105/><G110/><T24/><D112/><U116/><E116/><V127/><F70/><W18/><G115/><T128/><D128/><U94/><E69/><V48/><F48/><W132/><G105/><T30/><D125/><N who="1" m="48235" /><E3/><V55/><F127/><W123/><G132/><T28/><D5/><N who="1" m="3375" /><E34/><V131/><F131/><W20/><G37/><T77/><D77/><U7/><E7/><V12/><REACH who="2" step="1"/><F99/><REACH who="2" ten="250,250,240,250" step="2"/><W134/><G51/><T33/><D15/><AGARI ba="0,1" hai="12,13,15,27,29,32,55,57,60,87,91,92,109,111" machi="15" ten="40,5200,0" yaku="1,1,2,1,52,1,53,0" doraHai="21" doraHaiUra="107" who="2" fromWho="0" sc="250,-52,250,0,240,62,250,0" />
</Scene>
<Scene>
<INIT seed="1,0,0,3,0,37" ten="198,250,302,250" oya="1" hai0="10,79,30,106,62,78,131,80,120,134,29,60,6" hai1="111,51,77,38,98,9,97,94,64,100,50,43,68" hai2="25,46,5,90,107,32,52,55,73,117,76,4,63" hai3="116,113,15,24,42,39,54,69,40,83,27,7,61"/><U95/><E77/><V129/><F117/><W85/><G113/><T31/><D106/><U33/><E33/><V92/><F107/><W105/><G105/><T18/><D120/><U58/><E68/><V16/><F129/><W115/><G39/><T56/><D131/><U41/><E111/><V103/><F103/><W49/><G115/><T75/><D134/><U35/><E35/><V102/><F102/><W124/><G124/><T44/><D79/><U12/><E38/><V118/><F118/><W91/><G61/><T13/><D6/><N who="1" m="3127" /><E64/><V96/><F32/><W122/><G69/><T126/><D126/><U21/><E21/><N who="2" m="13479" /><F76/><W17/><G122/><T132/><D132/><U88/><E51/><N who="2" m="28791" /><F73/><W135/><G135/><T81/><D81/><U89/><E100/><V36/><F36/><W65/><G65/><T19/><D19/><U112/><E112/><V59/><AGARI ba="0,0" hai="4,5,55,59,63,90,92,96" m="28791,13479" machi="59" ten="30,7900,0" yaku="25,1,8,1,54,2" doraHai="37" who="2" fromWho="2" sc="198,-20,250,-39,302,79,250,-20" />
</Scene>
<Scene>
<INIT seed="2,0,0,2,5,75" ten="178,211,381,230" oya="2" hai0="47,18,19,112,35,123,69,17,87,62,131,10,64" hai1="96,115,46,98,61,13,100,85,56,12,93,122,28" hai2="116,102,59,7,90,24,91,0,33,83,67,113,111" hai3="89,79,43,108,95,132,11,135,2,101,6,51,120"/><V124/><F113/><W50/><G120/><T134/><D112/><U121/><E115/><V21/><F116/><W70/><G70/><T81/><D123/><N who="1" m="47115" /><E28/><V9/><F102/><W66/><G66/><T34/><D134/><N who="3" m="51241" /><G101/><T55/><D131/><U45/><E85/><V105/><F105/><W32/><G32/><T88/><D10/><U84/><E84/><V3/><F3/><W39/><G108/><T38/><D38/><U128/><E96/><V72/><F33/><W60/><G60/><T40/><D55/><N who="1" m="33951" /><E128/><V109/><F124/><W63/><G63/><T36/><AGARI ba="0,0" hai="17,18,19,34,35,36,40,47,62,64,69,81,87,88" machi="36" ten="30,2000,0" yaku="0,1,54,1" doraHai="75" who="0" fromWho="0" sc="178,20,211,-5,381,-10,230,-5" />
</Scene>
<Scene>
<INIT seed="3,0,0,4,4,37" ten="198,206,371,225" oya="3" hai0="48,64,62,120,106,11,30,76,45,21,72,69,84" hai1="61,53,112,134,42,34,122,10,63,118,71,7,74" hai2="59,133,78,43,4,25,44,113,88,36,19,12,41" hai3="6,60,57,77,24,83,119,80,49,38,17,14,70"/><W82/><G119/><T31/><D106/><U32/><E112/><V9/><F113/><W104/><G38/><T96/><D120/><U18/><E122/><V54/><F133/><W5/><G104/><T97/><D72/><U75/><E42/><V23/><F41/><W99/><G99/><T58/><D11/><U56/><E18/><V66/><F66/><W35/><G70/><T116/><D116/><U130/><E118/><V28/><F78/><W55/><G77/><T128/><D128/><U101/><E101/><V52/><F59/><N who="3" m="33263" /><G24/><N who="0" m="16655" /><D69/><U124/><E134/><V2/><F88/><W95/><G35/><AGARI ba="0,0" hai="2,4,9,12,19,23,25,28,35,36,43,44,52,54" machi="35" ten="30,8000,1" yaku="7,1,24,2,52,1,54,1" doraHai="37" who="2" fromWho="3" sc="198,0,206,0,371,80,225,-80" owari="198,-20.0,206,1.0,451,54.0,145,-35.0" />
</Scene>
</mjloggm>