<mjloggm ver="2.3"><GO type="169"/><UN n0="%E3%83%88%E3%83%9E%E3%82%BD%E3%83%B3" n1="%E3%81%AF%E3%81%9B%E3%81%99%E3%81%91%EF%BC%8E" n2="%E3%83%8F%E3%83%94%E3%83%8A%E5%90%8D%E6%8E%9B%E4%B8%81" n3="%E5%A4%AA%E3%81%8F%E3%81%AA%E3%81%84%E3%81%8A" dan="17,16,16,18" rate="2084,2057,2096,2143" sx="M,M,M,M"/><TAIKYOKU oya="0"/>

<Scene>
<INIT seed="0,0,0,4,2,109" ten="250,250,250,250" oya="0" hai0="13,30,14,34,7,115,63,51,61,33,27,16,95" hai1="54,114,77,98,25,121,3,67,119,8,133,22,112" hai2="104,17,102,105,110,58,128,24,35,55,134,28,48" hai3="86,50,120,88,20,87,125,52,107,99,135,73,26"/><T68/><D68/><U100/><E119/><V10/><F110/><W9/><G73/><T78/><D34/><U4/><E121/><V127/><F134/><W11/><G135/><T62/><D78/><U59/><E133/><V0/><F127/><W79/><G125/><T65/><D65/><U39/><E39/><V96/><F128/><W18/><G120/><T1/><D13/><U72/><E72/><V6/><REACH who="2" step="1"/><F17/><REACH who="2" ten="250,250,240,250" step="2"/><W81/><G107/><AGARI ba="0,1" hai="0,6,10,24,28,35,48,55,58,96,102,104,105,107" machi="107" ten="30,3900,0" yaku="1,1,2,1,7,1,53,0" doraHai="109" doraHaiUra="71" who="2" fromWho="3" sc="250,0,250,0,240,49,250,-39" />
</Scene>
<Scene>
<INIT seed="1,0,0,1,0,15" ten="250,250,289,211" oya="1" hai0="57,13,31,52,127,75,1,118,97,24,86,6,92" hai1="105,40,0,7,91,81,12,35,30,41,22,129,17" hai2="85,14,121,132,33,51,48,60,71,55,95,125,100" hai3="108,116,119,128,9,63,77,76,134,89,111,70,99"/><U42/><E105/><V78/><F121/><W117/><G9/><T69/><D69/><U8/><E129/><V19/><F33/><W112/><G70/><T93/><D1/><U113/><E113/><V120/><F120/><W44/><G63/><T47/><D75/><U83/><E91/><V73/><F73/><W3/><G44/><T58/><D127/><U135/><E135/><V2/><F132/><W65/><G65/><T21/><D92/><U32/><E32/><V39/><F125/><W62/><G62/><T28/><D28/><U122/><E122/><V18/><F39/><W49/><G49/><N who="2" m="19017" /><F2/><W110/><G3/><T16/><D6/><U96/><E96/><N who="2" m="59423" /><F71/><W72/><G134/><T43/><D118/><U107/><E107/><V74/><F74/><W126/><G126/><T50/><D86/><U79/><E79/><N who="3" m="30282" /><G72/><T56/><D43/><U103/><E103/><V88/><F78/><W10/><G10/><N who="0" m="6199" /><D47/><U66/><E66/><V27/><F27/><AGARI ba="0,0" hai="0,7,8,12,17,22,27,30,35,40,41,42,81,83" machi="27" ten="40,7700,0" yaku="24,2,52,1" doraHai="15" who="1" fromWho="2" sc="250,0,250,77,289,-77,211,0" />
</Scene>
<Scene>
<INIT seed="1,1,0,2,4,75" ten="250,327,212,211" oya="1" hai0="38,29,107,130,50,32,85,111,11,99,103,37,79" hai1="33,48,80,18,114,57,110,70,89,12,9,16,60" hai2="84,121,61,117,109,55,128,8,4,81,27,83,90" hai3="108,101,126,66,35,42,100,44,119,64,135,67,82"/><U2/><E114/><V51/><F117/><W56/><G35/><T0/><D130/><U78/><E33/><V94/><F121/><W129/><G129/><T41/><D111/><U96/><E110/><V59/><F128/><W95/><G108/><T25/><D50/><U106/><E2/><V20/><F109/><W14/><G119/><T72/><D85/><U115/><E115/><V6/><F61/><W132/><G126/><T63/><D63/><U98/><E70/><V97/><F97/><N who="1" m="37481" /><E106/><V40/><F40/><W22/><G56/><T68/><D41/><U71/><E71/><V112/><F112/><W49/><G95/><T45/><D45/><U52/><E89/><V19/><REACH who="2" step="1"/><F6/><REACH who="2" ten="250,327,202,211" step="2"/><W122/><G122/><T88/><D99/><U28/><E60/><V116/><F116/><W7/><G7/><T74/><D107/><U134/><E134/><V3/><AGARI ba="1,1" hai="3,4,8,19,20,27,51,55,59,81,83,84,90,94" machi="3" ten="20,2700,0" yaku="1,1,0,1,7,1,53,0" doraHai="75" doraHaiUra="39" who="2" fromWho="2" sc="250,-8,327,-14,202,40,211,-8" />
</Scene>
<Scene>
<INIT seed="2,0,0,5,4,124" ten="242,313,242,203" oya="2" hai0="97,112,107,34,41,61,88,8,134,71,59,91,93" hai1="82,46,6,38,35,77,5,29,37,123,100,69,12" hai2="94,117,0,43,36,98,86,44,70,121,56,50,49" hai3="90,32,108,64,42,89,2,78,55,118,65,26,11"/><V1/><F117/><W109/><G118/><T129/><D34/><U104/><E69/><V133/><F121/><W30/><G42/><T39/><D112/><U110/><E110/><N who="3" m="42602" /><G78/><T40/><D39/><U119/><E123/><V127/><F133/><W128/><G55/><T120/><D107/><U73/><E119/><V33/><F127/><W135/><G135/><T20/><D71/><U103/><E103/><V19/><F70/><W95/><G128/><T3/><D3/><U74/><E12/><V47/><F33/><W99/><G90/><T80/><D8/><U28/><E28/><V87/><F1/><W130/><G130/><T79/><D129/><U85/><E5/><AGARI ba="0,0" hai="2,5,11,26,30,32,64,65,89,95,99" m="42602" machi="5" ten="30,1000,0" yaku="14,1" doraHai="124" who="3" fromWho="1" sc="242,0,313,-10,242,0,203,10" />
</Scene>
<Scene>
<INIT seed="3,0,0,3,4,64" ten="242,303,242,213" oya="3" hai0="135,100,79,124,82,37,123,92,98,21,120,45,87" hai1="66,19,126,103,73,67,7,88,53,69,20,31,28" hai2="111,33,26,108,91,0,107,54,48,133,30,36,2" hai3="34,84,39,134,27,116,24,121,72,10,86,62,105"/><W16/><G121/><T13/><D135/><U11/><E126/><V52/><F133/><W93/><G116/><T38/><D124/><U104/><E73/><V47/><F107/><W5/><G134/><T42/><D37/><U50/><E104/><V35/><F36/><W57/><G72/><T8/><REACH who="0" step="1"/><D21/><REACH who="0" ten="232,303,242,213" step="2"/><U128/><E128/><V102/><F35/><W65/><G39/><T112/><D112/><U1/><E103/><V17/><F102/><W83/><G34/><T55/><D55/><U76/><E31/><V60/><F54/><W23/><G105/><T12/><D12/><U119/><E28/><V127/><F127/><W9/><G27/><T46/><D46/><U41/><E119/><V81/><F33/><W90/><REACH who="3" step="1"/><G5/><AGARI ba="0,1" hai="5,8,13,38,42,45,79,82,87,92,98,100,120,123" machi="5" ten="30,2000,0" yaku="1,1,7,1,53,0" doraHai="64" doraHaiUra="49" who="0" fromWho="3" sc="232,30,303,0,242,0,213,-20" />
</Scene>
<Scene>
<INIT seed="4,0,0,0,1,16" ten="262,303,242,193" oya="0" hai0="92,46,75,58,63,99,33,121,97,37,111,34,66" hai1="50,18,0,72,3,10,20,127,120,130,117,59,62" hai2="81,43,89,23,123,22,45,14,7,13,135,48,9" hai3="91,131,2,125,24,112,19,108,116,40,38,69,17"/><T29/><D121/><U119/><E120/><V11/><F135/><W90/><G108/><T126/><D111/><U101/><E72/><V30/><F123/><W32/><G116/><T104/><D75/><U100/><E127/><V96/><F30/><W8/><G69/><T79/><D79/><U71/><E130/><V57/><F57/><W42/><G131/><T28/><D126/><U84/><E71/><V12/><F12/><W114/><G125/><T52/><D104/><U68/><E68/><V55/><F43/><W129/><G129/><T49/><D99/><U124/><E124/><V54/><F54/><W21/><G32/><T26/><D37/><U107/><E50/><V102/><F102/><W25/><G2/><T51/><D51/><U6/><E0/><V74/><F74/><W39/><REACH who="3" step="1"/><G8/><REACH who="3" ten="262,303,242,183" step="2"/><T118/><D118/><U86/><E119/><V113/><F113/><W77/><G77/><T1/><D1/><U64/><E117/><V110/><F110/><W103/><G103/><N who="0" m="60839" /><D28/><U98/><REACH who="1" step="1"/><E101/><REACH who="1" ten="262,293,242,183" step="2"/><V115/><F115/><W87/><G87/><T36/><D36/><U65/><E65/><V128/><F128/><W61/><G61/><T85/><D85/><U94/><E94/><N who="2" m="56399" /><F81/><W67/><G67/><T134/><D134/><U88/><E88/><V53/><F53/><W27/><G27/><AGARI ba="0,2" hai="3,6,10,18,20,27,59,62,64,84,86,98,100,107" machi="27" ten="30,7700,0" yaku="1,1,7,1,52,1,53,1" doraHai="16" doraHaiUra="93" who="1" fromWho="3" sc="262,0,293,97,242,0,183,-77" />
</Scene>
<Scene>
<INIT seed="5,0,0,4,2,125" ten="262,390,242,106" oya="1" hai0="112,73,98,36,5,28,79,21,47,78,0,63,19" hai1="42,130,113,124,54,39,55,16,104,33,129,2,65" hai2="122,14,95,50,58,64,116,4,117,52,121,74,133" hai3="106,17,62,81,70,92,82,75,110,66,37,40,135"/><U27/><E104/><V132/><F74/><W120/><G110/><T83/><D78/><U100/><E124/><V105/><F105/><W102/><G120/><N who="2" m="46185" /><F95/><W22/><G135/><N who="2" m="51785" /><F4/><W69/><G69/><T119/><D112/><U23/><E113/><V10/><F10/><W103/><G106/><T24/><D63/><U3/><E100/><V86/><F86/><W34/><G34/><T114/><D114/><U44/><E65/><V131/><F14/><W90/><G37/><T11/><D98/><U60/><E33/><V68/><F131/><N who="1" m="50185" /><E60/><AGARI ba="0,0" hai="50,52,58,60,64,68,116,117" m="51785,46185" machi="60" ten="30,7700,0" yaku="20,1,34,2,54,1" doraHai="125" who="2" fromWho="1" sc="262,0,390,-77,242,77,106,0" />
</Scene>
<Scene>
<INIT seed="6,0,0,4,1,95" ten="262,313,319,106" oya="2" hai0="17,69,112,86,70,102,42,76,15,71,62,103,72" hai1="34,132,32,133,114,101,127,67,16,84,4,58,110" hai2="119,118,128,2,97,31,41,36,68,73,21,38,18" hai3="3,6,56,108,11,107,129,111,99,91,96,93,63"/><V90/><F68/><W47/><G129/><T37/><D72/><U89/><E110/><V19/><F73/><W8/><G47/><T124/><D124/><U5/><E101/><V66/><F2/><W0/><G107/><T48/><D37/><U113/><E127/><V65/><F128/><W105/><G105/><T13/><D62/><U54/><E67/><V12/><F31/><W51/><G51/><T49/><D76/><U104/><E104/><V131/><F131/><W81/><G81/><T52/><D86/><U59/><E89/><V44/><F38/><W123/><G123/><T125/><D125/><U7/><E84/><V64/><REACH who="2" step="1"/><F19/><REACH who="2" ten="262,313,309,106" step="2"/><W23/><G111/><T33/><D71/><U55/><E7/><V26/><F26/><W24/><G108/><T39/><D39/><U77/><E77/><V61/><F61/><W117/><G117/><T27/><D27/><U94/><E94/><AGARI ba="0,1" hai="12,18,21,36,41,44,64,65,66,90,94,97,118,119" machi="94" ten="40,3900,0" yaku="1,1,52,1,53,0" doraHai="95" doraHaiUra="28" who="2" fromWho="1" sc="262,0,313,-39,309,49,106,0" />
</Scene>
<Scene>
<INIT seed="6,1,0,4,0,59" ten="262,274,358,106" oya="2" hai0="34,67,38,78,89,83,36,105,32,13,41,7,22" hai1="119,135,86,121,71,88,65,116,81,9,6,61,20" hai2="80,2,127,106,131,94,24,107,110,66,104,55,123" hai3="40,70,93,134,4,37,3,52,18,45,68,73,16"/><V19/><F123/><W12/><G134/><T62/><D105/><U87/><E135/><V130/><F2/><W33/><G33/><T126/><D126/><U91/><E121/><V97/><F127/><W108/><G108/><T118/><D118/><U44/><E20/><N who="2" m="13343" /><F80/><W49/><G73/><T74/><D89/><U25/><E25/><V100/><F66/><W50/><G37/><T95/><D95/><U76/><E44/><V109/><F55/><W124/><G124/><T57/><D22/><U54/><E54/><V96/><F96/><W1/><G18/><T99/><D99/><U77/><E119/><V47/><F47/><W58/><G93/><T103/><D103/><U8/><E116/><V29/><F29/><W82/><G82/><T92/><D92/><U122/><E122/><V102/><F102/><W85/><G85/><T132/><D132/><U79/><REACH who="1" step="1"/><E6/><REACH who="1" ten="262,264,358,106" step="2"/><V69/><F69/><W63/><G4/><T51/><D7/><U26/><E26/><V114/><F114/><W117/><G117/><T53/><D32/><U56/><E56/><V133/><F133/><W90/><G68/><T115/><D34/><U39/><E39/><V75/><F110/><W84/><G70/><N who="0" m="42359" /><D115/><U42/><E42/><V35/><F109/><W46/><G46/><N who="0" m="23863" /><D36/><U128/><E128/><V120/><F35/><W43/><G43/><T129/><D129/><U28/><E28/><V72/><F120/><W15/><G40/><T14/><AGARI ba="1,1" hai="13,14,51,53,57,74,78,83" m="23863,42359" machi="14" ten="30,2000,0" yaku="24,1,52,1" doraHai="59" who="0" fromWho="0" sc="262,33,264,-6,358,-11,106,-6" />
</Scene>
<Scene>
<INIT seed="7,0,0,5,3,42" ten="295,258,347,100" oya="3" hai0="65,115,11,91,59,75,26,103,72,30,51,55,56" hai1="70,85,36,82,80,104,43,90,133,39,47,2,27" hai2="117,123,3,53,130,113,34,46,89,68,101,64,109" hai3="126,1,116,124,125,0,33,105,8,49,16,58,19"/><W14/><G105/><T48/><D115/><U71/><E104/><V38/><RYUUKYOKU type="yao9" ba="0,0" sc="295,0,258,0,347,0,100,0" hai2="3,34,38,46,53,64,68,89,101,109,113,117,123,130" />
</Scene>
<Scene>
<INIT seed="7,1,0,4,5,66" ten="295,258,347,100" oya="3" hai0="67,12,20,99,103,121,22,15,117,130,127,31,87" hai1="57,115,82,111,5,58,132,46,72,119,78,114,34" hai2="48,105,93,112,56,73,85,4,8,37,80,14,60" hai3="100,84,40,30,3,131,27,113,81,69,39,94,23"/><W0/><G113/><T32/><D117/><U10/><E34/><V70/><F37/><W33/><G131/><T47/><D121/><U116/><E111/><V54/><F105/><W134/><G134/><T28/><D130/><U71/><E132/><V41/><F112/><N who="1" m="43049" /><E46/><N who="2" m="25679" /><F70/><W90/><G69/><T76/><D67/><U21/><E21/><V106/><F106/><W96/><REACH who="3" step="1"/><G33/><REACH who="3" ten="295,258,347,90" step="2"/><T123/><D32/><U64/><E71/><V52/><F73/><W42/><G42/><T118/><D118/><N who="1" m="45099" /><E64/><N who="2" m="38919" /><F93/><W89/><G89/><AGARI ba="1,1" hai="4,8,14,52,54,80,85,89" m="38919,25679" machi="89" ten="30,2000,0" yaku="8,1,54,1" doraHai="66" who="2" fromWho="3" sc="295,0,258,0,347,33,90,-23" owari="295,10.0,258,-14.0,380,47.0,67,-43.0" />
</Scene>
</mjloggm>