<mjloggm ver="2.3"><GO type="137"/><UN n0="%E3%81%97%E3%81%8B%E3%81%8B" n1="%E5%A4%AA%E3%81%8F%E3%81%AA%E3%81%84%E3%81%8A" n2="%E3%83%86%E3%83%AC%E3%82%B5%31%32" n3="%E3%81%B2%E3%81%A4%E3%81%98%52" dan="12,11,12,12" rate="1712,1803,1595,1725" sx="M,M,F,M"/><TAIKYOKU oya="0"/>

<Scene>
<INIT seed="0,0,0,4,1,13" ten="250,250,250,250" oya="0" hai0="3,115,53,15,37,133,63,131,132,47,79,126,34" hai1="87,43,42,96,21,24,107,135,128,108,8,134,100" hai2="110,48,44,60,28,81,121,19,90,56,36,74,5" hai3="70,45,26,120,46,4,85,109,18,25,55,22,31"/><T17/><D3/><U130/><E108/><V116/><F110/><W49/><G70/><T91/><D91/><U114/><E114/><V75/><F121/><W65/><G109/><T71/><D71/><U39/><E87/><V50/><F36/><W32/><G120/><T73/><D34/><U10/><E10/><V30/><F116/><W77/><G65/><T9/><D115/><U27/><E8/><V20/><F5/><W23/><G32/><T113/><D113/><U112/><E112/><V95/><F81/><N who="3" m="47279" /><G4/><T41/><D126/><U93/><E107/><V86/><F75/><W68/><G68/><T88/><D131/><N who="1" m="50219" /><E24/><V106/><F106/><W29/><G29/><T59/><D88/><U69/><E69/><V82/><F74/><W76/><G76/><T125/><REACH who="0" step="1"/><D125/><REACH who="0" ten="240,250,250,250" step="2"/><U118/><E118/><V92/><F28/><W16/><G31/><T14/><D14/><U61/><E134/><V40/><F30/><W84/><G84/><T57/><D57/><AGARI ba="0,1" hai="16,18,22,23,25,26,45,46,49,55,57" m="47279" machi="57" ten="30,7700,0" yaku="8,1,52,2,54,1" doraHai="13" who="3" fromWho="0" sc="240,-77,250,0,250,0,250,87" />
</Scene>
<Scene>
<INIT seed="1,0,0,2,1,33" ten="163,250,250,337" oya="1" hai0="111,135,32,85,3,81,80,108,41,17,36,49,61" hai1="6,40,71,96,95,25,113,92,132,78,31,60,59" hai2="44,58,100,12,2,50,74,56,51,64,103,133,122" hai3="79,116,126,46,35,134,123,9,127,39,105,15,48"/><U4/><E113/><V5/><F122/><W66/><G123/><T106/><D106/><U129/><E71/><V53/><F74/><W98/><G39/><T93/><D32/><U83/><E40/><V30/><F64/><W99/><G35/><T69/><D36/><U77/><E129/><V119/><F119/><W34/><G34/><T102/><D135/><U94/><E132/><V21/><F133/><W11/><G66/><T131/><D3/><U1/><E96/><V20/><F2/><W7/><G134/><T24/><D131/><U114/><E114/><V0/><F0/><W14/><G79/><N who="1" m="30218" /><E83/><V89/><F89/><W13/><G116/><T73/><D73/><U10/><E10/><N who="2" m="4175" /><F58/><W124/><G105/><T29/><D102/><N who="2" m="38954" /><F30/><W70/><G70/><T54/><D69/><U88/><E1/><V23/><F23/><W121/><G121/><T37/><D17/><U117/><E117/><V112/><F112/><W118/><G118/><T26/><D61/><U86/><E6/><V57/><F57/><W91/><G91/><T63/><D37/><U16/><E4/><V55/><AGARI ba="0,0" hai="20,21,44,50,51,53,55,56" m="38954,4175" machi="55" ten="30,1100,0" yaku="8,1" doraHai="33" who="2" fromWho="2" sc="163,-3,250,-5,250,11,337,-3" />
</Scene>
<Scene>
<INIT seed="2,0,0,1,5,62" ten="160,245,261,334" oya="2" hai0="122,80,125,8,114,96,98,112,59,92,103,77,37" hai1="75,118,90,5,124,95,133,63,83,110,102,67,94" hai2="55,109,108,70,132,91,56,45,99,64,22,135,82" hai3="121,52,104,115,107,119,117,120,24,126,58,9,16"/><V105/><F105/><W35/><G126/><T29/><D37/><U61/><E118/><V111/><F22/><W116/><G35/><T17/><D122/><U93/><E124/><V42/><F99/><W25/><G115/><T40/><D125/><U128/><E110/><V69/><F91/><W88/><G121/><T43/><D114/><U33/><E33/><V11/><F82/><W68/><G68/><T106/><D112/><U113/><E113/><V130/><F11/><W123/><G123/><T87/><D29/><U21/><E128/><V66/><F130/><W127/><G127/><T54/><D17/><U47/><E133/><N who="2" m="51275" /><F70/><W50/><G120/><T53/><D8/><U72/><E102/><V71/><F71/><W129/><G129/><T26/><D26/><U65/><E5/><V78/><F78/><W134/><G134/><T48/><REACH who="0" step="1"/><D53/><REACH who="0" ten="150,245,261,334" step="2"/><U49/><E21/><V36/><F69/><W19/><G25/><T97/><D97/><U51/><E75/><V46/><F46/><W84/><G24/><T100/><AGARI ba="0,1" hai="40,43,48,54,59,77,80,87,92,96,98,100,103,106" machi="100" ten="20,2700,0" yaku="1,1,0,1,7,1,53,0" doraHai="62" doraHaiUra="34" who="0" fromWho="0" sc="150,37,245,-7,261,-13,334,-7" />
</Scene>
<Scene>
<INIT seed="3,0,0,1,0,50" ten="187,238,248,327" oya="3" hai0="132,109,94,93,68,69,126,46,103,133,61,78,92" hai1="55,108,70,54,9,121,71,99,125,0,19,91,124" hai2="42,84,6,38,47,83,127,128,35,8,28,7,3" hai3="10,77,105,85,66,82,123,107,16,63,73,22,116"/><W2/><G123/><T74/><D126/><N who="1" m="48747" /><E121/><V110/><F127/><W76/><G116/><T64/><D103/><U53/><E108/><V17/><F110/><W90/><G76/><T112/><D109/><U130/><E130/><V89/><F128/><W43/><G43/><T134/><D46/><U81/><E19/><V56/><F7/><W25/><G2/><T119/><D119/><U114/><E114/><V72/><F56/><W57/><REACH who="3" step="1"/><G10/><REACH who="3" ten="187,238,248,317" step="2"/><T52/><D112/><U75/><E75/><V88/><F35/><W1/><G1/><T23/><D78/><U98/><E0/><V24/><F24/><W4/><G4/><T122/><D74/><U36/><E9/><V32/><F32/><W102/><G102/><T48/><D122/><U95/><E36/><V104/><F8/><W29/><G29/><T97/><D133/><U39/><E39/><V101/><F28/><W49/><G49/><T59/><D132/><U129/><E129/><V106/><F6/><W15/><G15/><T41/><D134/><U113/><E113/><V131/><F3/><W18/><G18/><T117/><D41/><U80/><E99/><V51/><F17/><W27/><G27/><T67/><D117/><U45/><E45/><V111/><F111/><W115/><G115/><T120/><D120/><U62/><E62/><V20/><F131/><W14/><G14/><T87/><D97/><U37/><E37/><V40/><F38/><W30/><G30/><T31/><D31/><U34/><E34/><V5/><F40/><W135/><G135/><T33/><D33/><U12/><E12/><RYUUKYOKU ba="0,1" sc="187,-15,238,15,248,-15,317,15" hai1="53,54,55,70,71,80,81,91,95,98" hai3="16,22,25,57,63,66,73,77,82,85,90,105,107" />
</Scene>
<Scene>
<INIT seed="3,1,1,5,3,24" ten="172,253,233,332" oya="3" hai0="44,10,28,93,67,61,20,12,110,21,72,50,134" hai1="48,96,65,80,127,73,63,54,85,99,16,45,108" hai2="4,18,8,7,71,78,30,59,123,14,47,132,60" hai3="70,31,40,83,66,11,105,36,49,112,89,56,9"/><W87/><G105/><T116/><D72/><U13/><E73/><V58/><F71/><W131/><G112/><T82/><D134/><U109/><E127/><V119/><F119/><W33/><G131/><T91/><D116/><U17/><E108/><V3/><F132/><W2/><G2/><T76/><D110/><U52/><E54/><V46/><F7/><W122/><G122/><T88/><D76/><U113/><E113/><V100/><F123/><W95/><G70/><T125/><D125/><U32/><E32/><V118/><F118/><W26/><G36/><T111/><D111/><U121/><E121/><V130/><F130/><W39/><G39/><T86/><D67/><U22/><E17/><V55/><F78/><W41/><G41/><T77/><D61/><U126/><E126/><V102/><F59/><W90/><G66/><T69/><D69/><U64/><E109/><V128/><F128/><W98/><REACH who="3" step="1"/><G56/><REACH who="3" ten="172,253,233,322" step="2"/><T35/><D44/><AGARI ba="1,2" hai="9,11,26,31,33,40,44,49,83,87,89,90,95,98" machi="44" ten="40,12000,1" yaku="1,1,2,1,52,1,53,1" doraHai="24" doraHaiUra="37" who="3" fromWho="0" sc="172,-123,253,0,233,0,322,143" />
</Scene>
<Scene>
<INIT seed="3,2,0,4,2,129" ten="49,253,233,465" oya="3" hai0="36,33,15,4,25,46,23,95,42,66,22,56,125" hai1="49,135,24,18,133,101,84,88,44,124,34,96,54" hai2="38,21,9,32,50,13,67,89,130,76,112,14,48" hai3="69,85,63,1,109,29,16,72,83,100,60,31,105"/><W19/><G1/><T55/><D125/><U78/><E78/><V87/><F112/><W86/><G72/><T91/><D33/><U41/><E124/><V99/><F130/><W37/><G37/><T27/><D4/><U97/><E41/><V62/><F38/><W107/><G83/><T64/><D15/><U108/><E108/><V45/><F32/><W104/><G109/><T126/><D126/><U59/><E44/><V0/><F0/><W73/><G73/><T118/><D118/><U26/><E26/><V2/><F2/><W20/><G69/><T102/><D102/><U119/><E119/><V30/><F76/><W113/><G113/><T132/><D132/><N who="1" m="50763" /><E101/><V131/><F99/><W80/><G80/><T17/><D36/><U114/><E114/><V120/><F120/><W7/><G7/><T122/><D122/><U5/><E5/><V115/><F115/><W39/><G39/><T11/><D11/><U28/><E18/><V103/><F103/><W53/><G107/><T94/><D46/><U81/><AGARI ba="2,0" hai="24,28,34,49,54,59,81,84,88,96,97" m="50763" machi="81" ten="30,8000,1" yaku="20,1,52,3,54,1" doraHai="129" who="1" fromWho="1" sc="49,-22,253,86,233,-22,465,-42" />
</Scene>
<Scene>
<INIT seed="4,0,0,2,1,58" ten="27,339,211,423" oya="0" hai0="63,22,1,35,67,80,62,91,20,88,94,121,122" hai1="53,13,5,126,32,0,72,113,11,115,3,57,54" hai2="9,17,2,90,28,10,75,37,129,56,51,82,42" hai3="34,102,130,61,55,69,12,81,133,66,109,125,24"/><T21/><D35/><U93/><E32/><V48/><F129/><W6/><G109/><T71/><D122/><U86/><E72/><V76/><F90/><W59/><G125/><T89/><D121/><U15/><E126/><V46/><F28/><W70/><G133/><T106/><D1/><U110/><E110/><V118/><F118/><W7/><G130/><T105/><D94/><U103/><E3/><V83/><F83/><W8/><G102/><T49/><D49/><U50/><E54/><V43/><F43/><W98/><G98/><T99/><D99/><N who="1" m="59887" /><E86/><V44/><F56/><W85/><G6/><T33/><D33/><U31/><E31/><V100/><F100/><W18/><G66/><T19/><D19/><U27/><E27/><V92/><F92/><W107/><G107/><T119/><D119/><U135/><E135/><V73/><F73/><W60/><G69/><T38/><D38/><U84/><E84/><V97/><F97/><W104/><G70/><T127/><D127/><U117/><E117/><V52/><F48/><N who="3" m="31207" /><G34/><T132/><D132/><U101/><E101/><V111/><F111/><W45/><G45/><T128/><D128/><U77/><E77/><V74/><F74/><W120/><G120/><T25/><D25/><U29/><E29/><V123/><F123/><W114/><G114/><AGARI ba="0,0" hai="0,5,11,13,15,50,53,57,113,114,115" m="59887" machi="114" ten="30,2000,0" yaku="15,1,11,1" doraHai="58" who="1" fromWho="3" sc="27,0,339,20,211,0,423,-20" />
</Scene>
<Scene>
<INIT seed="5,0,0,0,5,94" ten="27,359,211,403" oya="1" hai0="13,113,105,4,60,26,18,92,77,51,73,28,53" hai1="90,34,48,133,29,114,31,59,22,5,7,57,11" hai2="23,62,87,20,112,91,63,118,127,119,86,134,33" hai3="68,54,97,81,130,110,116,75,115,0,108,78,102"/><U16/><E114/><V79/><F33/><W36/><G115/><T10/><D105/><U100/><E133/><V21/><F79/><W65/><G0/><T74/><D113/><U123/><E123/><V37/><F112/><W131/><G116/><T93/><D60/><N who="2" m="23082" /><F37/><W46/><G54/><T111/><D111/><U35/><E100/><V71/><F71/><W125/><G125/><T47/><D4/><N who="1" m="1611" /><E35/><V1/><F1/><W96/><G65/><T32/><REACH who="0" step="1"/><D77/><REACH who="0" ten="17,359,211,403" step="2"/><U88/><E34/><V76/><F76/><W17/><G110/><T43/><D43/><U12/><E11/><V103/><F127/><W132/><G108/><T80/><D80/><U3/><E3/><V27/><F134/><W52/><G81/><T41/><D41/><U58/><E48/><V89/><F103/><W45/><G78/><T82/><D82/><U14/><E14/><V104/><F104/><W30/><G132/><T6/><D6/><U135/><E135/><V99/><F27/><W25/><G25/><T39/><D39/><U64/><E64/><V8/><F118/><W66/><G36/><T42/><D42/><U98/><E90/><V109/><F119/><W84/><G66/><T129/><D129/><U55/><E55/><V95/><F109/><W124/><G52/><T2/><D2/><U117/><E117/><V121/><F91/><W120/><G124/><T19/><D19/><U61/><E61/><V69/><F89/><W50/><G102/><T38/><D38/><U67/><E67/><V128/><F69/><W126/><G68/><T85/><D85/><N who="2" m="32266" /><F128/><W56/><G131/><RYUUKYOKU ba="0,1" sc="17,15,359,15,211,-15,403,-15" hai0="10,13,18,26,28,32,47,51,53,73,74,92,93" hai1="12,16,22,29,31,57,58,59,88,98" />
</Scene>
<Scene>
<INIT seed="5,1,1,2,0,121" ten="32,374,196,388" oya="1" hai0="43,109,85,10,78,58,115,111,125,7,48,98,8" hai1="102,96,74,95,89,94,116,54,83,42,71,50,120" hai2="68,86,110,38,46,59,47,35,33,27,39,29,32" hai3="6,118,92,18,45,117,107,133,64,0,66,84,80"/><U100/><E120/><V49/><F110/><N who="0" m="41994" /><D10/><U108/><E108/><V112/><F112/><W25/><G133/><T105/><D105/><U72/><E116/><N who="3" m="44650" /><G107/><T61/><D98/><N who="1" m="59479" /><E71/><V31/><F68/><W28/><G92/><T23/><D23/><U119/><E74/><V70/><F70/><W124/><G124/><T17/><D17/><U65/><E72/><V16/><F86/><W12/><G45/><N who="0" m="25663" /><D115/><U9/><E119/><V20/><F39/><W90/><G0/><T130/><D130/><U26/><E65/><V55/><REACH who="2" step="1"/><F38/><REACH who="2" ten="32,374,186,388" step="2"/><W63/><G63/><T62/><D125/><U53/><E96/><V75/><F75/><W73/><G73/><T77/><D77/><U57/><E83/><V79/><F79/><W132/><G84/><T15/><D58/><U5/><E57/><V114/><F114/><W51/><G80/><AGARI ba="1,2" hai="7,8,15,61,62,78,80,85" m="25663,41994" machi="80" ten="30,7700,0" yaku="25,1,52,3" doraHai="121" who="0" fromWho="3" sc="32,100,374,0,186,0,388,-80" />
</Scene>
<Scene>
<INIT seed="6,0,0,3,3,97" ten="132,374,186,308" oya="2" hai0="41,120,128,114,7,60,8,126,19,90,85,64,72" hai1="0,99,100,17,133,48,132,55,47,117,50,91,65" hai2="78,13,96,30,14,43,2,112,46,49,33,59,22" hai3="45,26,103,118,88,87,119,23,61,71,74,27,32"/><V44/><F33/><W36/><G74/><T25/><D120/><U73/><E117/><V121/><F121/><W11/><G32/><T79/><D126/><U123/><E123/><V31/><F2/><W69/><G11/><T127/><D127/><U42/><E0/><V1/><F1/><W58/><G27/><T39/><D128/><U86/><E73/><V75/><F112/><W95/><G118/><T77/><D114/><U29/><E29/><V56/><F75/><W101/><G119/><T76/><D72/><U135/><E65/><V66/><F78/><N who="0" m="19970" /><T124/><DORA hai="15" /><D124/><U12/><E86/><V129/><F129/><W110/><G110/><T122/><D122/><U5/><E5/><V83/><F83/><W107/><G107/><T68/><D19/><U38/><E91/><V67/><F44/><W81/><G81/><N who="0" m="49455" /><D25/><U9/><REACH who="1" step="1"/><E55/><REACH who="1" ten="132,364,186,308" step="2"/><V93/><F67/><W111/><G111/><T130/><D130/><U115/><E115/><V94/><F66/><W108/><G108/><T105/><D105/><AGARI ba="0,1" hai="9,12,17,38,42,47,48,50,99,100,105,132,133,135" machi="105" ten="40,8000,1" yaku="1,1,20,1,52,2,53,0" doraHai="97,15" doraHaiUra="84,16" who="1" fromWho="0" sc="132,-80,364,90,186,0,308,0" />
</Scene>
<Scene>
<INIT seed="7,0,0,4,0,14" ten="52,454,186,308" oya="3" hai0="26,114,18,28,66,12,6,54,61,101,57,97,19" hai1="64,93,113,32,27,15,62,82,13,25,59,69,2" hai2="47,132,3,51,98,108,119,30,78,42,123,85,110" hai3="112,131,129,24,50,75,0,8,117,43,77,21,89"/><W91/><G117/><T52/><D114/><U83/><E2/><V41/><F3/><W99/><G112/><T79/><D79/><U125/><E113/><V20/><F119/><W86/><G75/><T92/><D6/><U105/><E105/><V124/><F132/><W56/><G77/><T81/><D81/><N who="1" m="30731" /><E69/><V36/><F124/><W44/><G56/><T107/><D107/><U10/><E32/><V122/><F98/><W40/><G0/><T76/><D76/><U31/><E125/><V115/><F115/><W121/><G8/><T102/><D102/><U134/><E134/><V94/><F30/><W106/><G121/><N who="2" m="46089" /><F20/><W58/><G58/><T109/><D109/><U126/><E126/><V128/><F128/><N who="3" m="49227" /><G43/><T48/><D48/><U46/><E46/><V7/><F7/><W116/><G116/><T33/><REACH who="0" step="1"/><D12/><REACH who="0" ten="42,454,186,308" step="2"/><U95/><E15/><V70/><F70/><W23/><G86/><T34/><D34/><U55/><E64/><V111/><F111/><W127/><G127/><T4/><D4/><N who="1" m="3271" /><E31/><V73/><F73/><W130/><G130/><T103/><D103/><U71/><E71/><V67/><F67/><W74/><G74/><T80/><D80/><U37/><E37/><V88/><F88/><N who="3" m="33867" /><G106/><T22/><D22/><U29/><E29/><V60/><F60/><W49/><G23/><T118/><D118/><U63/><E63/><V65/><F65/><W120/><G120/><T104/><D104/><U38/><E38/><V9/><F9/><W68/><G68/><T39/><D39/><U133/><E133/><V5/><F5/><W100/><G100/><RYUUKYOKU ba="0,1" sc="42,15,454,15,186,-15,308,-15" hai0="18,19,26,28,33,52,54,57,61,66,92,97,101" hai1="25,27,55,59,62,93,95" owari="57,-44.0,479,58.0,171,-23.0,293,9.0" />
</Scene>
</mjloggm>