<mjloggm ver="2.3"><GO type="97"/><UN n0="%E5%A4%AA%E3%81%8F%E3%81%AA%E3%81%84%E3%81%8A" n1="%52%65%64%74%72%65%65" n2="%42%42%51" n3="%E3%82%A8%E3%83%94%E3%82%B4%E3%83%BC%E3%83%8D%E3%83%B3" dan="14,13,14,14" rate="2034,1818,1946,1891" sx="M,M,M,M"/><TAIKYOKU oya="0"/>

<Scene>
<INIT seed="0,0,0,3,0,28" ten="250,250,250,250" oya="0" hai0="10,131,52,46,66,84,103,97,72,11,8,19,120" hai1="119,123,15,62,100,92,99,96,109,60,75,113,5" hai2="67,83,27,81,13,111,48,16,117,87,25,115,22" hai3="39,20,36,124,132,12,65,129,68,47,59,134,18"/><T0/><D120/><U82/><E119/><V3/><F115/><W86/><G129/><T89/><D72/><U50/><E123/><V116/><F111/><W130/><G130/><T33/><D131/><U133/><E109/><V71/><F3/><W126/><G68/><T32/><D66/><U24/><E133/><N who="3" m="51306" /><G86/><T98/><D0/><U6/><E113/><V85/><F48/><W37/><G47/><T43/><D19/><U110/><E110/><V17/><F67/><W1/><G1/><T4/><D4/><U128/><E128/><V30/><F71/><W78/><G78/><T42/><D42/><U90/><E24/><V54/><F54/><W63/><AGARI ba="0,0" hai="12,18,20,36,37,39,59,63,65,124,126" m="51306" machi="63" ten="40,1500,0" yaku="20,1" doraHai="28" who="3" fromWho="3" sc="250,-7,250,-4,250,-4,250,15" />
</Scene>
<Scene>
<INIT seed="1,0,0,1,1,24" ten="243,246,246,265" oya="1" hai0="58,45,15,0,94,112,2,117,83,134,57,65,28" hai1="42,38,46,14,110,95,114,106,37,132,123,122,44" hai2="97,4,66,50,61,40,131,9,1,31,109,105,126" hai3="85,91,3,36,70,93,80,12,27,7,29,41,90"/><U119/><E106/><V8/><F109/><W86/><G70/><T99/><D117/><U18/><E119/><V56/><F131/><W26/><G3/><T52/><D112/><U21/><E114/><V34/><F9/><W128/><G128/><T63/><D134/><U67/><E132/><V82/><F126/><W62/><G62/><T116/><D116/><U103/><E67/><V120/><F120/><W79/><G79/><T78/><D15/><U10/><E110/><V55/><F82/><W88/><G90/><T115/><D45/><U59/><E59/><V75/><F75/><W84/><G86/><T101/><D115/><U32/><E32/><V76/><F76/><W100/><G100/><T135/><D135/><U133/><E133/><V6/><F6/><W5/><G12/><T30/><D2/><U124/><E124/><V60/><F40/><W19/><G41/><T127/><D0/><U107/><E107/><V73/><F73/><W39/><G36/><T77/><D127/><U33/><E33/><V51/><F51/><W125/><G39/><T104/><D104/><U87/><E46/><V22/><F34/><W111/><G111/><T54/><D77/><U69/><E69/><V129/><F129/><W130/><G130/><T13/><D13/><U102/><E37/><V68/><F105/><W92/><G92/><T11/><D11/><U113/><E113/><V47/><F68/><W23/><G125/><T71/><D71/><U64/><E64/><V81/><F81/><W43/><G43/><T16/><D65/><U25/><E123/><V98/><F61/><RYUUKYOKU ba="0,0" sc="243,-15,246,-15,246,15,265,15" hai2="1,4,8,22,31,47,50,55,56,60,66,97,98" hai3="5,7,19,23,26,27,29,80,84,85,88,91,93" />
</Scene>
<Scene>
<INIT seed="2,1,0,0,2,23" ten="228,231,261,280" oya="2" hai0="71,69,76,92,87,86,122,38,120,116,56,46,106" hai1="53,108,31,131,115,2,26,134,88,15,1,89,119" hai2="13,5,101,110,18,65,11,33,64,52,7,128,34" hai3="111,58,0,24,45,61,10,54,32,77,126,105,100"/><V133/><F128/><W62/><G111/><T125/><D106/><U107/><E115/><V57/><F133/><W44/><G126/><T96/><D125/><U102/><E119/><V8/><F110/><W109/><G109/><T70/><D116/><U20/><E108/><V90/><F101/><W39/><G77/><T9/><D9/><U37/><E37/><V4/><F90/><W40/><G45/><T49/><D56/><U112/><E112/><V117/><F117/><W68/><G105/><T93/><D38/><U123/><E134/><V29/><F34/><W80/><G80/><T97/><D76/><U47/><E131/><V43/><F43/><W82/><G82/><T78/><D78/><U21/><E123/><V132/><F132/><W14/><G0/><T3/><D3/><U17/><E1/><V114/><F114/><W67/><G100/><T30/><D30/><U118/><E2/><V74/><F74/><W48/><G32/><T12/><D12/><U73/><E73/><V72/><F72/><W22/><G62/><T28/><D28/><U51/><REACH who="1" step="1"/><E118/><REACH who="1" ten="228,221,261,280" step="2"/><V19/><F65/><W59/><G67/><T104/><D120/><U91/><E91/><V84/><F64/><W75/><G75/><T81/><D122/><U113/><E113/><V83/><F33/><W99/><G39/><T94/><D70/><U50/><E50/><V135/><F135/><W98/><G68/><T66/><D66/><U41/><E41/><V60/><F60/><W35/><G40/><T85/><D71/><U42/><E42/><V103/><F103/><W127/><G61/><RYUUKYOKU ba="1,1" sc="228,-10,221,30,261,-10,280,-10" hai1="15,17,20,21,26,31,47,51,53,88,89,102,107" />
</Scene>
<Scene>
<INIT seed="3,2,1,5,4,41" ten="218,251,251,270" oya="3" hai0="47,2,124,71,44,54,34,129,3,133,12,65,62" hai1="106,121,9,1,100,89,90,86,7,15,92,128,32" hai2="23,70,40,14,113,16,46,117,49,119,37,97,101" hai3="115,76,38,114,19,74,109,127,84,77,105,64,17"/><W36/><G127/><T42/><D34/><U24/><E128/><V72/><F113/><W61/><G74/><T13/><D129/><U52/><E121/><V43/><F72/><W50/><G105/><T91/><D124/><U4/><E106/><V82/><F82/><W83/><G109/><T108/><D108/><U18/><E100/><V98/><F70/><W11/><G50/><T39/><D133/><U125/><E125/><V27/><F27/><W135/><G135/><T131/><D131/><U69/><E69/><V63/><F63/><W6/><G38/><T104/><D104/><U107/><E107/><V57/><F57/><W110/><G36/><T66/><D66/><U123/><E123/><V56/><F56/><W87/><G110/><T79/><D79/><U102/><E102/><V73/><F73/><W132/><G132/><T120/><D120/><U5/><E90/><V122/><F122/><W29/><G29/><T0/><REACH who="0" step="1"/><D91/><REACH who="0" ten="208,251,251,270" step="2"/><U78/><E78/><V25/><F117/><W126/><G126/><T33/><D33/><U55/><REACH who="1" step="1"/><E1/><REACH who="1" ten="208,241,251,270" step="2"/><V75/><F101/><W30/><G115/><T58/><D58/><U35/><E35/><V53/><F119/><W85/><G114/><T99/><D99/><U111/><E111/><V68/><F98/><W103/><G77/><T20/><D20/><U51/><E51/><AGARI ba="2,3" hai="0,2,3,12,13,39,42,44,47,51,54,62,65,71" machi="51" ten="40,5200,0" yaku="1,1,52,2,53,0" doraHai="41" doraHaiUra="112" who="0" fromWho="1" sc="208,88,241,-58,251,0,270,0" />
</Scene>
<Scene>
<INIT seed="4,0,0,2,3,133" ten="296,183,251,270" oya="0" hai0="62,42,106,98,51,67,64,107,28,21,100,95,99" hai1="40,113,29,47,11,33,5,83,131,16,41,126,112" hai2="87,96,52,75,48,93,88,108,17,38,12,54,70" hai3="79,123,103,73,22,116,13,30,31,46,135,50,102"/><T91/><D107/><U105/><E105/><V132/><F108/><W110/><G135/><T24/><REACH who="0" step="1"/><D62/><REACH who="0" ten="286,183,251,270" step="2"/><U85/><E131/><V82/><F132/><W7/><G110/><T71/><D71/><U122/><E122/><V20/><F70/><W72/><G123/><T119/><D119/><U57/><E57/><V101/><F38/><W130/><G116/><T89/><D89/><U94/><E94/><V35/><F48/><W26/><G130/><T2/><D2/><U3/><E33/><V117/><F35/><W15/><G50/><T25/><D25/><U36/><E29/><V8/><F117/><W55/><G26/><T114/><D114/><N who="1" m="44139" /><E41/><V27/><REACH who="2" step="1"/><F75/><REACH who="2" ten="286,183,241,270" step="2"/><W9/><G73/><T129/><D129/><U39/><E39/><V49/><F49/><W37/><G72/><T111/><D111/><U127/><E16/><AGARI ba="0,2" hai="8,12,16,17,20,27,52,54,82,87,88,93,96,101" machi="16" ten="30,12000,2" yaku="1,1,7,1,8,1,54,3,53,0" doraHai="133" doraHaiUra="56" who="2" fromWho="1" sc="286,0,183,-120,241,140,270,0" owari="286,9.0,63,-44.0,381,48.0,270,-13.0" />
</Scene>
</mjloggm>