<mjloggm ver="2.3"><GO type="41"/><UN n0="%E5%A4%AA%E3%81%8F%E3%81%AA%E3%81%84%E3%81%8A" n1="%E7%A5%9E%E5%9F%9F%E3%81%AE%E6%89%8B%E6%B7%AB%E4%BC%9D%E8%AA%AC" n2="%4B%54%43%E5%AD%A6%E5%9C%92" n3="%E3%81%82%E3%82%93%E3%81%A5%E3%81%82%E3%82%81" dan="15,15,14,14" rate="2032,1995,1977,1812" sx="M,M,M,F"/><TAIKYOKU oya="0"/>

<Scene>
<INIT seed="0,0,0,3,0,36" ten="250,250,250,250" oya="0" hai0="74,91,106,99,59,80,113,23,87,72,62,105,67" hai1="12,7,15,49,85,104,60,48,4,47,16,109,81" hai2="92,1,120,127,118,128,21,97,33,101,20,0,10" hai3="55,78,18,29,22,130,98,26,82,133,126,69,75"/><T66/><D113/><U51/><E104/><V52/><F120/><W34/><G133/><T40/><D67/><U110/><E60/><V96/><F33/><W17/><G130/><T95/><D23/><U24/><E24/><V83/><F128/><W89/><G126/><T131/><D131/><U94/><E94/><V79/><F127/><W86/><G69/><T9/><D9/><U68/><E68/><V58/><F118/><W121/><G121/><T132/><D132/><U108/><E12/><V39/><F39/><W41/><G98/><T119/><D119/><U45/><E45/><V8/><F97/><W112/><G112/><T111/><D111/><U123/><E47/><V43/><F43/><W19/><G34/><T6/><D6/><U107/><E107/><V42/><F42/><W125/><G125/><T35/><D35/><U2/><E2/><V135/><F135/><W70/><G70/><T61/><D61/><U122/><E122/><V115/><F115/><W129/><G129/><T53/><D66/><U31/><E31/><V46/><F46/><W88/><G89/><N who="0" m="51431" /><D40/><U37/><E37/><V77/><F0/><W27/><G27/><T71/><D71/><U84/><E123/><V50/><F77/><W57/><G41/><T124/><D124/><U117/><E117/><V11/><REACH who="2" step="1"/><F1/><REACH who="2" ten="250,250,240,250" step="2"/><W30/><G29/><T64/><D105/><U44/><E44/><V90/><F90/><W116/><G30/><T5/><D106/><U103/><E103/><V134/><F134/><W114/><G116/><T14/><D64/><U56/><E110/><V73/><AGARI ba="0,1" hai="8,10,11,20,21,50,52,58,73,79,83,92,96,101" machi="73" ten="30,7900,0" yaku="1,1,5,1,0,1,54,1,53,0" doraHai="36" doraHaiUra="102" who="2" fromWho="2" sc="250,-39,250,-20,240,89,250,-20" />
</Scene>
<Scene>
<INIT seed="1,0,0,2,0,73" ten="211,230,329,230" oya="1" hai0="104,74,30,93,65,82,37,94,49,4,129,124,41" hai1="22,28,40,14,19,25,16,119,2,27,121,77,10" hai2="26,122,110,118,31,130,133,90,103,81,62,69,83" hai3="107,135,56,58,43,80,45,112,98,1,100,76,126"/><U79/><E119/><V23/><F118/><W95/><G112/><T75/><D104/><U0/><E121/><V116/><F116/><W99/><G135/><T64/><D37/><U89/><E40/><V127/><F122/><W48/><G126/><T21/><D4/><N who="1" m="3399" /><E89/><V114/><F133/><W131/><G131/><T57/><D129/><U105/><E77/><V91/><F130/><W52/><G1/><N who="1" m="618" /><E79/><V15/><F127/><W70/><G70/><T66/><D124/><U29/><E105/><V85/><F114/><W78/><G80/><T8/><D74/><U55/><E55/><V132/><F132/><W59/><REACH who="3" step="1"/><G43/><REACH who="3" ten="211,230,329,220" step="2"/><T44/><D82/><U87/><E87/><V20/><F69/><W17/><G17/><T50/><D75/><U7/><E7/><V24/><F83/><W46/><G46/><T108/><D41/><U96/><E96/><V13/><F81/><W125/><G125/><T113/><D44/><U39/><E39/><V109/><F85/><W38/><G38/><T97/><D97/><U51/><E51/><V117/><F117/><W68/><G68/><T6/><D50/><U86/><E86/><V101/><F62/><W111/><G111/><T34/><D108/><U5/><E5/><V35/><F109/><W102/><AGARI ba="0,1" hai="45,48,52,56,58,59,76,78,95,98,99,100,102,107" machi="102" ten="30,16000,3" yaku="1,1,0,1,52,2,54,1,53,3" doraHai="73" doraHaiUra="53" who="3" fromWho="3" sc="211,-40,230,-80,329,-40,220,170" />
</Scene>
<Scene>
<INIT seed="2,0,0,5,1,56" ten="171,150,289,390" oya="2" hai0="54,0,119,62,97,75,44,125,72,115,58,131,81" hai1="16,132,65,30,84,59,34,46,135,117,106,6,47" hai2="127,40,87,29,63,99,11,80,53,19,10,95,22" hai3="90,102,83,98,15,41,35,109,92,13,64,21,126"/><V60/><F127/><W68/><G109/><T70/><D115/><U9/><E106/><V128/><F128/><W42/><G35/><T3/><D70/><U49/><E117/><V43/><F29/><W134/><G134/><N who="1" m="51242" /><E30/><V38/><F38/><W124/><G15/><T79/><D131/><U5/><E34/><V89/><F53/><W37/><G37/><T129/><D129/><U20/><E84/><V122/><F122/><W88/><G90/><T103/><D125/><N who="3" m="48233" /><G13/><T67/><D119/><U104/><E104/><V93/><F95/><N who="3" m="58719" /><G83/><T32/><D32/><U17/><E65/><V33/><F33/><W108/><G108/><T101/><D75/><U111/><E111/><V51/><F10/><W114/><G114/><T74/><D72/><U123/><E123/><V120/><F11/><W77/><G77/><T28/><D103/><U113/><E113/><V82/><F82/><W100/><G100/><T94/><REACH who="0" step="1"/><D28/><REACH who="0" ten="161,150,289,390" step="2"/><U78/><E6/><V112/><F112/><W96/><G21/><T25/><D25/><N who="1" m="14471" /><E17/><V45/><F120/><W31/><G31/><T61/><D61/><AGARI ba="0,1" hai="41,42,61,64,68,88,92,96" m="58719,48233" machi="61" ten="30,3900,0" yaku="18,1,52,1,54,1" doraHai="56" who="3" fromWho="0" sc="161,-39,150,0,289,0,390,49" />
</Scene>
<Scene>
<INIT seed="3,0,0,5,2,2" ten="122,150,289,439" oya="3" hai0="15,53,107,19,110,109,43,113,54,114,135,55,77" hai1="29,85,25,34,130,22,92,59,6,127,62,70,81" hai2="71,5,16,10,37,51,128,45,99,4,112,17,126" hai3="35,21,46,33,58,50,63,52,115,12,120,93,119"/><W8/><G120/><T68/><D107/><U32/><E130/><V123/><F112/><N who="0" m="43114" /><D77/><U98/><E127/><V78/><F71/><W134/><G115/><T111/><D68/><U48/><E70/><V108/><F37/><W36/><G119/><T49/><D135/><U131/><E6/><N who="2" m="2667" /><F128/><W132/><G36/><T73/><D73/><U80/><E48/><V0/><F0/><W7/><G21/><N who="0" m="11519" /><D43/><U1/><E1/><V76/><F126/><W24/><G24/><T40/><D40/><U88/><E131/><V125/><F125/><W39/><G39/><T102/><D102/><U89/><REACH who="1" step="1"/><E80/><REACH who="1" ten="122,140,289,439" step="2"/><V9/><F123/><W56/><G93/><T28/><D28/><U91/><E91/><V14/><F108/><W20/><G20/><T38/><D38/><U23/><E23/><V27/><F99/><W42/><REACH who="3" step="1"/><G58/><AGARI ba="0,1" hai="49,53,54,55,58,109,110,111" m="11519,43114" machi="58" ten="40,2600,0" yaku="14,1,11,1" doraHai="2" who="0" fromWho="3" sc="122,36,140,0,289,0,439,-26" />
</Scene>
<Scene>
<INIT seed="4,0,0,2,0,89" ten="158,140,289,413" oya="0" hai0="86,84,127,21,12,23,123,77,26,2,62,90,45" hai1="76,43,59,85,10,28,116,72,81,32,126,49,112" hai2="99,9,16,105,11,122,107,14,41,100,128,0,129" hai3="4,95,111,50,68,6,24,108,92,44,75,125,131"/><T58/><D123/><U63/><E116/><V34/><F122/><W56/><G75/><T8/><D2/><U104/><E104/><V40/><F34/><W31/><G68/><T115/><D115/><U61/><E72/><V97/><F0/><W94/><G131/><T35/><D35/><U46/><E126/><V7/><F7/><N who="3" m="2603" /><G125/><T88/><D45/><U135/><E135/><V113/><F113/><W130/><G111/><T101/><D101/><U30/><E112/><V82/><F82/><W78/><G130/><T29/><D23/><U133/><E32/><V38/><F100/><W118/><G108/><T124/><D124/><U96/><E133/><V20/><F14/><W67/><G118/><T121/><D121/><U109/><E109/><V39/><F20/><N who="3" m="15751" /><G78/><T73/><D73/><U93/><E10/><V27/><F27/><W79/><G79/><T37/><D37/><U33/><E33/><V87/><F87/><N who="0" m="33322" /><D77/><U132/><E132/><V48/><F48/><W106/><G106/><T42/><D42/><U74/><E74/><V5/><F5/><W110/><G110/><T54/><D127/><U70/><E70/><V134/><F134/><W69/><G69/><T52/><D54/><N who="1" m="34295" /><E61/><V15/><F15/><W98/><G98/><T25/><D25/><U117/><E117/><V119/><F119/><W114/><G114/><T51/><D62/><U65/><E65/><V102/><F102/><AGARI ba="0,0" hai="28,30,43,46,49,76,81,85,93,96,102" m="34295" machi="102" ten="30,2000,0" yaku="8,1,52,1" doraHai="89" who="1" fromWho="2" sc="158,0,140,20,289,-20,413,0" />
</Scene>
<Scene>
<INIT seed="5,0,0,3,1,46" ten="158,160,269,413" oya="1" hai0="40,16,93,9,107,86,124,66,123,129,128,5,37" hai1="116,78,94,4,32,21,52,57,135,112,119,24,45" hai2="17,131,3,117,41,92,134,125,81,110,38,59,111" hai3="90,109,79,36,25,62,97,31,89,22,76,121,26"/><U126/><E32/><V64/><F117/><W113/><G121/><T34/><D107/><U33/><E33/><V50/><F3/><W82/><G109/><T73/><D73/><U60/><E4/><V70/><F17/><W44/><G113/><T23/><D34/><U75/><E112/><V77/><F92/><W1/><G1/><T39/><D66/><U13/><E13/><V12/><F12/><W69/><G79/><T0/><D124/><U18/><E126/><V65/><F81/><W71/><G90/><N who="0" m="53463" /><D40/><U130/><E130/><N who="0" m="50281" /><D123/><U104/><E104/><V122/><F77/><W120/><G120/><T133/><D133/><U100/><E135/><V85/><F85/><W63/><G71/><T48/><D48/><U106/><E106/><V35/><F35/><W88/><G97/><T51/><D51/><U127/><E127/><V74/><F74/><W96/><G89/><T80/><D80/><U28/><E78/><V99/><F99/><W132/><G132/><T7/><D7/><U27/><E75/><V43/><F131/><W58/><G69/><T115/><D115/><U95/><E45/><N who="2" m="23735" /><F125/><W20/><G36/><T2/><D2/><U29/><E24/><AGARI ba="0,0" hai="0,5,9,16,23,24,37,39" m="50281,53463" machi="24" ten="30,2000,0" yaku="19,1,54,1" doraHai="46" who="0" fromWho="1" sc="158,20,160,-20,269,0,413,0" />
</Scene>
<Scene>
<INIT seed="6,0,0,2,5,126" ten="178,140,269,413" oya="2" hai0="112,134,11,92,59,30,132,42,116,85,27,109,125" hai1="75,28,107,65,21,80,38,117,12,72,123,69,15" hai2="77,0,40,33,6,13,119,14,52,73,67,55,61" hai3="133,84,71,8,131,93,113,68,106,70,20,101,99"/><V29/><F119/><W26/><G133/><N who="0" m="51307" /><D109/><U81/><E107/><V1/><F40/><W23/><G131/><T22/><D125/><U64/><E38/><V4/><F33/><W46/><G113/><T76/><D112/><U44/><E117/><V3/><F29/><W53/><G8/><T111/><D111/><U50/><E123/><V7/><F77/><W91/><G23/><T19/><D116/><U16/><E28/><V128/><F73/><W105/><G106/><T102/><D42/><U88/><E15/><V56/><F128/><W41/><G53/><T90/><D59/><U58/><E69/><V78/><F78/><W45/><REACH who="3" step="1"/><G41/><REACH who="3" ten="178,140,269,403" step="2"/><T5/><D11/><U135/><E135/><V115/><F115/><W122/><G122/><T63/><D22/><U10/><E10/><V39/><F39/><W89/><G89/><T110/><D90/><U24/><E88/><V79/><F79/><W74/><G74/><T54/><D76/><U34/><E75/><V66/><REACH who="2" step="1"/><F55/><REACH who="2" ten="178,140,259,403" step="2"/><W103/><G103/><T83/><D54/><N who="1" m="30023" /><E72/><V2/><N who="2" m="512" /><DORA hai="62" /><V82/><F82/><W96/><G96/><T121/><D83/><U57/><E81/><V36/><F36/><W100/><G100/><T35/><D102/><U130/><E80/><V108/><F108/><W51/><G51/><T49/><D49/><U86/><E130/><V43/><F43/><W104/><G104/><T60/><D110/><U47/><E86/><V25/><F25/><W114/><G114/><T18/><D85/><U31/><E47/><V87/><F87/><W129/><G129/><T17/><D121/><RYUUKYOKU ba="0,2" sc="178,-30,140,10,259,10,403,10" hai1="12,16,21,24,31,34,57,58,64,65" hai2="4,6,7,13,14,52,56,61,66,67" hai3="20,26,45,46,68,70,71,84,91,93,99,101,105" />
</Scene>
<Scene>
<INIT seed="6,1,2,4,4,61" ten="148,150,269,413" oya="2" hai0="73,46,117,6,14,11,96,70,124,9,60,48,51" hai1="34,20,92,5,47,105,98,93,32,68,67,0,22" hai2="131,71,27,15,116,100,13,126,30,118,38,132,90" hai3="36,127,89,110,66,7,4,113,44,1,12,86,49"/><V3/><F38/><W29/><G110/><T119/><D73/><U62/><E105/><V57/><F71/><W78/><G1/><T133/><D133/><U31/><E0/><V76/><F76/><W111/><G111/><T59/><D70/><U43/><E5/><V84/><F100/><W94/><G127/><T83/><D124/><U56/><E68/><V128/><F57/><W107/><G107/><T77/><D96/><U55/><E55/><V42/><F90/><W95/><G36/><T82/><D9/><U2/><E2/><V123/><F42/><N who="3" m="24727" /><G113/><T26/><D26/><N who="1" m="16839" /><E22/><N who="2" m="15735" /><F126/><W18/><G29/><T115/><D115/><U37/><E92/><V80/><F80/><N who="0" m="30762" /><D77/><U50/><E37/><V74/><F74/><W72/><G72/><T101/><D101/><AGARI ba="1,2" hai="32,34,43,47,50,56,62,67,93,98,101" m="16839" machi="101" ten="30,2000,0" yaku="25,1,52,1" doraHai="61" who="1" fromWho="0" sc="148,-23,150,43,269,0,413,0" />
</Scene>
<Scene>
<INIT seed="7,0,0,5,5,8" ten="125,193,269,413" oya="3" hai0="13,24,87,48,118,4,83,51,86,94,110,19,79" hai1="57,6,72,66,10,99,96,116,12,95,26,102,68" hai2="125,7,37,34,16,81,33,121,0,78,76,114,54" hai3="90,31,43,126,129,123,130,64,36,38,3,98,124"/><W107/><G3/><T106/><D106/><U135/><E72/><V40/><F78/><W113/><G123/><T42/><D110/><U93/><E135/><V128/><F121/><W134/><G113/><T67/><D118/><U59/><E116/><V50/><F114/><W89/><G31/><T69/><D69/><U47/><E68/><V82/><F82/><W52/><G107/><T104/><D104/><U44/><E66/><V60/><F60/><W80/><G98/><T112/><D112/><U75/><E75/><N who="2" m="43167" /><F128/><N who="3" m="49259" /><G64/><T20/><D67/><U46/><REACH who="1" step="1"/><E26/><REACH who="1" ten="125,183,269,413" step="2"/><V119/><F119/><W29/><G134/><T35/><D42/><U41/><E41/><V58/><F125/><W77/><G43/><T91/><REACH who="0" step="1"/><D35/><REACH who="0" ten="115,183,269,413" step="2"/><U108/><E108/><V65/><F65/><W70/><G70/><T22/><D22/><U109/><E109/><V53/><F54/><W74/><G52/><T101/><D101/><AGARI ba="0,2" hai="6,10,12,44,46,47,57,59,93,95,96,99,101,102" machi="101" ten="40,8000,1" yaku="1,1,9,1,8,1,52,1,53,0" doraHai="8" doraHaiUra="111" who="1" fromWho="0" sc="115,-80,183,100,269,0,413,0" owari="35,-46.0,283,8.0,269,-13.0,413,51.0" />
</Scene>
</mjloggm>