<mjloggm ver="2.3"><GO type="193"/><UN n0="%E7%8B%B8%E3%81%AE%E7%90%86" n1="%E6%99%B4%E8%8A%B3%E2%85%A1" n2="%E5%A4%AA%E3%81%8F%E3%81%AA%E3%81%84%E3%81%8A" n3="%E3%81%97%E3%82%85%E3%82%93%E3%81%A6%E3%81%83%EF%BD%9E%E3%81%AC" dan="10,13,12,12" rate="1465,1739,1866,1738" sx="M,M,M,M"/><TAIKYOKU oya="0"/>

<Scene>
<INIT seed="0,0,0,5,0,87" ten="250,250,250,250" oya="0" hai0="15,11,99,60,22,10,79,51,86,83,76,85,135" hai1="131,77,98,49,120,55,43,0,36,44,109,89,100" hai2="40,134,111,20,113,130,69,18,65,38,35,125,74" hai3="47,88,54,66,72,59,119,103,25,133,9,19,1"/><T2/><D2/><U4/><E120/><V93/><RYUUKYOKU type="yao9" ba="0,0" sc="250,0,250,0,250,0,250,0" hai2="18,20,35,38,40,65,69,74,93,111,113,125,130,134" />
</Scene>
<Scene>
<INIT seed="0,1,0,1,1,22" ten="250,250,250,250" oya="0" hai0="113,105,31,45,39,128,90,50,6,70,96,19,10" hai1="130,5,58,74,13,37,28,77,34,29,9,134,41" hai2="86,116,135,118,68,75,78,11,115,60,112,12,71" hai3="23,2,7,104,62,72,87,24,17,1,109,67,91"/><T3/><D50/><U119/><E119/><N who="2" m="45611" /><F75/><W82/><G109/><T103/><D19/><U56/><E134/><V120/><F120/><W26/><G104/><T38/><D90/><U94/><E130/><V63/><F135/><W80/><G7/><T129/><D113/><N who="2" m="43594" /><F78/><W89/><G26/><T32/><D45/><U84/><E74/><V21/><F86/><W114/><G114/><T122/><D70/><N who="2" m="26666" /><F21/><W106/><G106/><T57/><D57/><U81/><E37/><N who="0" m="13833" /><D122/><U133/><E41/><V125/><F125/><W101/><G101/><T53/><D53/><U73/><E133/><V110/><F110/><W83/><G72/><T64/><D64/><U33/><E73/><V79/><F79/><W59/><G80/><T127/><D127/><U15/><E94/><V95/><F95/><W51/><G51/><T54/><D54/><U8/><E84/><AGARI ba="1,0" hai="1,2,17,23,24,59,62,67,82,83,84,87,89,91" machi="84" ten="40,2600,0" yaku="9,1,52,1" doraHai="22" who="3" fromWho="1" sc="250,0,250,-29,250,0,250,29" />
</Scene>
<Scene>
<INIT seed="1,0,0,5,0,94" ten="250,221,250,279" oya="1" hai0="97,9,18,57,51,83,108,87,0,31,2,54,109" hai1="127,101,80,75,123,112,42,88,46,130,8,66,50" hai2="36,67,119,22,33,134,103,92,47,99,78,53,76" hai3="102,20,11,63,37,38,23,73,98,10,128,77,34"/><U24/><E123/><V6/><F33/><W91/><G34/><T129/><D31/><U85/><E112/><V81/><F119/><W13/><G128/><T59/><D129/><U100/><E130/><V95/><F134/><W68/><G73/><T45/><D2/><U116/><E116/><V125/><F125/><W32/><G32/><T15/><D0/><U5/><E127/><V19/><F67/><W1/><G77/><T89/><D97/><U41/><E75/><V133/><F133/><W135/><G135/><T122/><REACH who="0" step="1"/><D122/><REACH who="0" ten="240,221,250,279" step="2"/><U30/><E42/><V7/><F99/><W70/><G1/><T52/><D52/><U105/><E66/><V65/><F53/><W48/><G98/><T29/><D29/><U86/><E86/><V74/><F65/><W27/><G37/><T117/><D117/><U61/><E105/><V82/><F36/><W79/><G38/><T84/><D84/><U121/><E121/><V104/><F74/><W55/><G68/><T43/><D43/><U17/><E17/><V124/><F104/><W40/><G70/><T44/><D44/><U16/><E16/><V131/><F47/><W72/><G55/><T49/><D49/><U113/><E113/><V71/><F131/><W118/><G40/><T110/><AGARI ba="0,1" hai="9,15,18,45,51,54,57,59,83,87,89,108,109,110" machi="110" ten="30,16000,3" yaku="1,1,0,1,25,2,14,1,53,3" doraHai="94" doraHaiUra="120" who="0" fromWho="0" sc="240,170,221,-80,250,-40,279,-40" />
</Scene>
<Scene>
<INIT seed="2,0,0,0,5,27" ten="410,141,210,239" oya="2" hai0="32,45,78,64,4,79,38,134,76,111,20,132,80" hai1="113,112,56,26,67,126,10,123,114,49,116,11,55" hai2="131,14,31,133,30,74,63,96,84,100,60,99,42" hai3="43,34,28,65,118,2,37,135,85,8,5,44,94"/><V71/><F74/><W98/><G135/><N who="0" m="51755" /><D32/><U29/><E67/><V19/><F133/><W103/><G118/><T77/><D64/><U66/><E123/><V88/><F42/><W40/><G40/><T108/><D20/><U68/><E116/><V17/><F131/><W57/><G85/><T107/><D38/><U15/><E126/><V36/><F36/><W35/><G57/><T33/><D4/><U125/><E125/><V0/><F0/><W7/><G65/><T122/><D33/><U83/><E11/><N who="2" m="6367" /><F71/><W25/><G5/><T51/><D45/><U39/><E83/><N who="2" m="49183" /><F19/><W1/><G35/><T92/><D51/><U16/><E39/><V109/><F109/><N who="0" m="42058" /><D107/><U23/><REACH who="1" step="1"/><E66/><REACH who="1" ten="410,131,210,239" step="2"/><V127/><F127/><W69/><REACH who="3" step="1"/><G69/><AGARI ba="0,1" hai="10,15,16,23,26,29,49,55,56,68,69,112,113,114" machi="69" ten="40,8000,1" yaku="1,1,2,1,52,1,54,1,53,0" doraHai="27" doraHaiUra="75" who="1" fromWho="3" sc="410,0,131,90,210,0,239,-80" />
</Scene>
<Scene>
<INIT seed="3,0,0,2,5,112" ten="410,221,210,159" oya="3" hai0="135,56,82,115,21,63,95,109,33,119,16,86,31" hai1="4,88,114,10,77,92,28,78,6,98,102,57,14" hai2="67,62,70,64,123,22,27,116,130,87,80,69,20" hai3="52,35,61,129,13,108,40,44,30,85,36,42,34"/><W26/><G129/><T23/><D115/><U45/><E114/><V46/><F130/><W120/><G120/><T24/><D119/><U38/><E28/><V15/><F123/><W106/><G106/><T111/><D135/><U127/><E6/><V39/><F116/><W113/><G113/><T117/><D95/><U124/><E57/><V100/><F100/><W76/><G35/><T105/><D117/><U11/><E11/><V101/><F101/><W48/><G108/><N who="0" m="41547" /><D105/><U90/><E45/><V96/><F96/><W107/><G107/><T131/><D16/><U12/><E38/><V132/><F132/><W58/><G36/><T18/><D131/><U29/><E29/><V37/><F15/><W19/><G76/><N who="1" m="29290" /><E14/><V93/><F93/><W103/><G103/><T134/><D18/><U65/><E65/><V71/><F22/><W91/><G91/><N who="0" m="51671" /><D134/><U66/><E66/><AGARI ba="0,0" hai="21,23,24,31,33,56,63,66" m="51671,41547" machi="66" ten="30,1000,0" yaku="14,1" doraHai="112" who="0" fromWho="1" sc="410,10,221,-10,210,0,159,0" owari="420,52.0,211,1.0,210,-19.0,159,-34.0" />
</Scene>
</mjloggm>