<mjloggm ver="2.3"><GO type="169"/><UN n0="%E3%81%99%E3%81%9F%E3%83%BC%E3%82%89%E3%81%84%E3%81%A8%E3%81%B3%E3%83%BC" n1="%E8%99%8E%E5%85%90%E6%9C%97" n2="%E5%A4%AA%E3%81%8F%E3%81%AA%E3%81%84%E3%81%8A" n3="%74%61%72%6F%6F" dan="16,18,17,17" rate="2035,2154,2174,2152" sx="F,M,M,M"/><TAIKYOKU oya="0"/>

<Scene>
<INIT seed="0,0,0,2,5,131" ten="250,250,250,250" oya="0" hai0="124,92,102,77,45,19,128,68,133,16,15,132,100" hai1="25,82,30,118,17,12,62,46,11,123,121,97,101" hai2="134,51,84,43,67,58,1,8,36,35,75,60,78" hai3="40,116,24,31,111,47,52,83,86,10,53,122,28"/><T127/><D68/><U27/><E118/><V64/><F35/><W63/><G116/><T135/><D77/><U55/><E82/><N who="2" m="45407" /><F84/><W57/><G122/><T125/><D45/><U98/><E98/><V95/><F95/><W110/><G53/><T88/><D128/><U93/><E27/><V32/><F32/><W38/><G10/><N who="0" m="6263" /><D19/><U49/><REACH who="1" step="1"/><E62/><REACH who="1" ten="250,240,250,250" step="2"/><V107/><F60/><W91/><REACH who="3" step="1"/><G24/><REACH who="3" ten="250,240,250,240" step="2"/><T112/><D112/><U2/><E2/><V21/><F1/><W126/><G126/><T96/><AGARI ba="0,2" hai="88,92,96,100,102,124,125,127,132,133,135" m="6263" machi="96" ten="40,18000,2" yaku="18,1,20,1,52,3,54,2" doraHai="131" who="0" fromWho="0" sc="250,200,240,-60,250,-60,240,-60" />
</Scene>
<Scene>
<INIT seed="0,1,0,3,1,88" ten="450,180,190,180" oya="0" hai0="16,12,119,65,59,89,71,124,77,130,51,111,106" hai1="123,42,41,17,105,98,33,37,90,26,96,85,113" hai2="87,97,70,48,5,3,74,13,78,8,131,50,11" hai3="116,18,32,57,4,79,24,52,102,61,53,120,27"/><T132/><D119/><U76/><E123/><V63/><F131/><W69/><G116/><T9/><D130/><U54/><E113/><V2/><F74/><W6/><G120/><T81/><D132/><U25/><E76/><V45/><F97/><N who="1" m="37481" /><E37/><V83/><F45/><W91/><G102/><T40/><D106/><U19/><E33/><V30/><F30/><W29/><G79/><T10/><D124/><U134/><E105/><V128/><F128/><W110/><G110/><T22/><D71/><U38/><E38/><V75/><F75/><W34/><G69/><T39/><D39/><U117/><E117/><V126/><F126/><W72/><G72/><T92/><D111/><U82/><E134/><V49/><REACH who="2" step="1"/><F11/><REACH who="2" ten="450,180,180,180" step="2"/><W15/><G29/><T95/><D9/><U94/><E42/><V46/><F46/><W104/><G104/><T135/><D135/><U84/><E41/><V20/><F20/><N who="3" m="11359" /><G32/><T99/><D40/><U0/><E85/><V129/><F129/><W43/><G43/><T31/><D31/><U112/><E84/><V73/><F73/><W7/><G34/><T100/><D10/><U1/><E112/><V127/><F127/><W55/><G91/><T47/><D47/><U122/><E90/><V66/><AGARI ba="1,1" hai="2,3,5,8,13,48,49,50,63,66,70,78,83,87" machi="66" ten="30,2000,0" yaku="1,1,0,1,53,0" doraHai="88" doraHaiUra="93" who="2" fromWho="2" sc="450,-11,180,-6,180,33,180,-6" />
</Scene>
<Scene>
<INIT seed="1,0,0,4,3,100" ten="439,174,213,174" oya="1" hai0="27,77,51,86,109,57,5,46,110,79,93,35,63" hai1="98,131,33,15,74,96,82,54,64,37,122,3,28" hai2="20,106,21,18,45,75,104,121,42,89,10,91,130" hai3="72,116,134,125,114,83,43,118,67,44,14,7,0"/><U88/><E122/><V34/><F34/><W111/><G114/><T76/><D5/><U78/><E3/><V101/><F121/><W60/><G111/><T24/><D35/><U19/><E131/><V92/><F75/><W80/><G14/><T68/><D68/><U97/><E64/><V22/><F130/><W70/><G125/><T16/><D93/><U117/><E117/><N who="3" m="45162" /><G72/><T25/><D86/><U2/><E2/><V102/><F102/><W81/><G134/><T39/><D39/><U95/><E37/><V55/><F55/><W49/><G7/><T73/><D73/><U50/><E28/><V85/><F101/><W58/><G0/><T103/><D103/><U84/><E33/><V87/><F10/><W62/><G62/><T108/><D57/><AGARI ba="0,0" hai="43,44,49,57,58,60,67,70,80,81,83" m="45162" machi="57" ten="30,1000,0" yaku="12,1" doraHai="100" who="3" fromWho="0" sc="439,-10,174,0,213,0,174,10" />
</Scene>
<Scene>
<INIT seed="2,0,0,3,4,55" ten="429,174,213,184" oya="2" hai0="27,131,100,125,56,22,58,126,119,84,98,79,6" hai1="92,19,134,93,90,46,95,10,115,96,91,71,36" hai2="108,106,113,99,62,80,50,97,94,26,61,123,7" hai3="68,42,110,102,11,101,63,14,15,77,23,3,107"/><V82/><F123/><W21/><G110/><T78/><D119/><U20/><E115/><V51/><F113/><W44/><G3/><T47/><D47/><U111/><E71/><V2/><F108/><W104/><G77/><T88/><D6/><U34/><E34/><V31/><F106/><W117/><G117/><T12/><D12/><U81/><E111/><V118/><F118/><W103/><G68/><T0/><D0/><U38/><E134/><V69/><F2/><W73/><G73/><T41/><D41/><U54/><E10/><V75/><F7/><W49/><G63/><N who="2" m="24073" /><F75/><W116/><G116/><T8/><D8/><U109/><E109/><V43/><F69/><W29/><G14/><T121/><D121/><U59/><E81/><N who="2" m="31339" /><F43/><W76/><G76/><T35/><D35/><U60/><E46/><V74/><F74/><W83/><G83/><T64/><D79/><U132/><E132/><V45/><F45/><W122/><G122/><T89/><D78/><U112/><E112/><V39/><F39/><W48/><G104/><T128/><D84/><N who="1" m="52295" /><E95/><V70/><F70/><W30/><G107/><T87/><D87/><U32/><E32/><V114/><F114/><W86/><G86/><T4/><D4/><U33/><E33/><N who="2" m="20727" /><F94/><W53/><G29/><T17/><D98/><U16/><E19/><V124/><F99/><W28/><G28/><T130/><D100/><U127/><E127/><N who="0" m="48649" /><D64/><U67/><E67/><V57/><F124/><W5/><G30/><T65/><D65/><U85/><E85/><V9/><F9/><W72/><G72/><T18/><D18/><RYUUKYOKU ba="0,0" sc="429,10,174,10,213,-30,184,10" hai0="17,22,27,56,58,88,89,128,130,131" hai1="16,20,36,38,54,59,60,91,93,96" hai3="5,11,15,21,23,42,44,48,49,53,101,102,103" />
</Scene>
<Scene>
<INIT seed="3,1,0,3,2,118" ten="439,184,183,194" oya="3" hai0="53,74,102,125,13,97,133,2,113,109,29,77,4" hai1="121,6,124,120,123,110,72,64,101,38,15,43,105" hai2="83,84,56,122,35,10,61,73,130,96,22,92,95" hai3="85,9,70,69,17,62,39,90,86,30,51,115,129"/><W76/><G39/><T91/><D2/><U126/><E72/><V131/><F35/><W103/><G115/><T52/><D29/><U41/><E64/><N who="2" m="38951" /><F73/><W94/><G129/><N who="2" m="49161" /><F10/><W54/><G30/><T80/><D109/><U42/><E38/><V82/><F22/><W46/><G103/><T63/><D63/><U116/><E116/><V128/><F128/><W67/><G76/><T14/><D125/><N who="1" m="48235" /><E110/><V114/><F114/><W26/><G85/><T98/><D98/><N who="1" m="61623" /><E15/><V36/><F36/><W127/><G127/><T33/><D33/><U135/><E6/><V81/><F84/><W24/><REACH who="3" step="1"/><G69/><REACH who="3" ten="439,184,183,184" step="2"/><T60/><D102/><U37/><E37/><V32/><F32/><W99/><G99/><T3/><D77/><U7/><E7/><V93/><F96/><W18/><G18/><T75/><D97/><U87/><E87/><V88/><F88/><W57/><G57/><T19/><D91/><U16/><E135/><V12/><F82/><W65/><G65/><T132/><D80/><U27/><E16/><V8/><F81/><W112/><G112/><T23/><D113/><U89/><E89/><V11/><F83/><W100/><G100/><T111/><D19/><U108/><E108/><V45/><F93/><W71/><G71/><T106/><D111/><U119/><E119/><V50/><F95/><W40/><G40/><T47/><D132/><U31/><E42/><V104/><F92/><W59/><G59/><T117/><D133/><U134/><E134/><V58/><F58/><W78/><G78/><T0/><D117/><U66/><E66/><V48/><F104/><RYUUKYOKU ba="1,1" sc="439,-15,184,15,183,-15,184,15" hai1="27,31,41,43,120,121,123" hai3="9,17,24,26,46,51,54,62,67,70,86,90,94" />
</Scene>
<Scene>
<INIT seed="3,2,1,2,1,109" ten="424,199,168,199" oya="3" hai0="45,88,15,87,22,37,49,75,126,74,112,55,7" hai1="52,120,14,26,13,135,83,9,48,40,20,19,98" hai2="85,16,32,115,38,80,58,117,2,114,100,59,21" hai3="104,102,113,51,71,84,77,0,46,63,25,129,125"/><W6/><G129/><T108/><D108/><U33/><E120/><V10/><F117/><W5/><G125/><T106/><D106/><U101/><E135/><V103/><F38/><W110/><G110/><T90/><D90/><U107/><E33/><V54/><F32/><W60/><G104/><T118/><D37/><U99/><E99/><V68/><F68/><W44/><G102/><T43/><D43/><U131/><E131/><V78/><F103/><W123/><G71/><T93/><D126/><U94/><E83/><V97/><F10/><W36/><G36/><T65/><D65/><U134/><E134/><V47/><F2/><W111/><G111/><T56/><D112/><U122/><E122/><V31/><F31/><W81/><G113/><T132/><D118/><U91/><E40/><V79/><F79/><W30/><G46/><T28/><D45/><U34/><E34/><V130/><F47/><W57/><G0/><T3/><D3/><U69/><E69/><V128/><F128/><W1/><G1/><T72/><D7/><N who="3" m="2569" /><G57/><T4/><D4/><N who="1" m="3239" /><E107/><V42/><F130/><W53/><G123/><T12/><D132/><U41/><E101/><V96/><F42/><W11/><G11/><T116/><D116/><U39/><E41/><V124/><F124/><W17/><G30/><T66/><REACH who="0" step="1"/><D66/><REACH who="0" ten="414,199,168,199" step="2"/><U67/><E67/><V95/><F115/><W89/><G89/><T73/><D73/><U27/><E39/><V23/><F114/><W29/><G29/><T50/><D50/><U61/><E48/><N who="2" m="31047" /><F100/><W86/><G86/><T133/><D133/><U64/><E64/><RYUUKYOKU ba="2,2" sc="414,10,199,10,168,-30,199,10" hai0="12,15,22,28,49,55,56,72,74,75,87,88,93" hai1="14,19,20,26,27,52,61,91,94,98" hai3="17,25,44,51,53,60,63,77,81,84" />
</Scene>
<Scene>
<INIT seed="3,3,2,3,4,128" ten="424,209,138,209" oya="3" hai0="71,11,81,97,84,16,103,118,60,114,79,108,91" hai1="55,127,51,104,92,63,76,85,31,78,33,132,32" hai2="58,27,73,67,119,57,70,134,6,110,21,29,125" hai3="47,34,59,40,4,19,18,13,3,77,9,37,116"/><W133/><G116/><T113/><D118/><U8/><E104/><V62/><F119/><W52/><G133/><T49/><D108/><U44/><E127/><V30/><F73/><W1/><G34/><T20/><D11/><U122/><E122/><V25/><F110/><W64/><G64/><T35/><D35/><U22/><E8/><V2/><F125/><W115/><G115/><T66/><D49/><U123/><E123/><V124/><F124/><W105/><G105/><T39/><D39/><U28/><E63/><V107/><F2/><W120/><G120/><T38/><D38/><U82/><E132/><V24/><F134/><W68/><G68/><T89/><D97/><U15/><E76/><V69/><F6/><W93/><G93/><T95/><D103/><U48/><E33/><V131/><F131/><W117/><G117/><T50/><D50/><U23/><E32/><V126/><F126/><W36/><G36/><T87/><REACH who="0" step="1"/><D79/><REACH who="0" ten="414,209,138,209" step="2"/><U53/><E51/><V80/><F21/><W65/><G77/><T109/><D109/><U74/><E23/><V135/><F135/><W98/><G98/><T111/><D111/><U102/><E22/><V96/><F96/><W130/><G130/><T42/><D42/><U10/><E48/><V106/><F30/><W112/><G9/><T54/><D54/><N who="1" m="20491" /><E31/><V46/><F29/><W121/><G121/><T0/><D0/><U75/><E28/><V56/><F46/><W45/><G1/><T90/><D90/><U43/><E44/><V12/><F62/><W72/><G45/><T100/><D100/><U86/><E102/><RYUUKYOKU ba="3,3" sc="414,30,209,-10,138,-10,209,-10" hai0="16,20,60,66,71,81,84,87,89,91,95,113,114" />
</Scene>
<Scene>
<INIT seed="4,4,3,3,0,76" ten="444,199,128,199" oya="0" hai0="13,67,28,62,89,90,73,63,52,120,92,33,98" hai1="107,21,129,85,8,70,20,18,80,5,59,72,10" hai2="38,25,93,1,131,88,42,16,7,69,123,125,104" hai3="32,113,19,17,110,95,64,121,124,49,57,132,81"/><T55/><D120/><U84/><E70/><V118/><F123/><W105/><G105/><T71/><D73/><U78/><E107/><V50/><F69/><W24/><G110/><T2/><D2/><U86/><E129/><V40/><F104/><W48/><G121/><T43/><D43/><U96/><E96/><V41/><F131/><W99/><G113/><T35/><D13/><U133/><E133/><V75/><F75/><W39/><G39/><T23/><D23/><U111/><E111/><V103/><F38/><W27/><G124/><T79/><D79/><U83/><E59/><V106/><F125/><W9/><G32/><T117/><D117/><U74/><E5/><V130/><F130/><W108/><G132/><T65/><D28/><U53/><E53/><V114/><F114/><W3/><G3/><T82/><D35/><U30/><E30/><V6/><F118/><W36/><G36/><T66/><D33/><U127/><E127/><V46/><F103/><N who="3" m="60927" /><G108/><T34/><D34/><U37/><E37/><V58/><F58/><W61/><G9/><T101/><D101/><U119/><E119/><V0/><F106/><W56/><G56/><T112/><D112/><U51/><E21/><N who="2" m="13479" /><F1/><W26/><G17/><T44/><D44/><U102/><E102/><V135/><F135/><W31/><G19/><T100/><D100/><U128/><E128/><V45/><F0/><W77/><G31/><T109/><D109/><U11/><E74/><V54/><F46/><W15/><G15/><T22/><D22/><U14/><E51/><V122/><F122/><W97/><G97/><AGARI ba="4,3" hai="6,7,40,41,42,45,50,54,88,93,97" m="13479" machi="97" ten="30,7700,0" yaku="6,1,8,1,54,2" doraHai="76" who="2" fromWho="3" sc="444,0,199,0,128,119,199,-89" />
</Scene>
<Scene>
<INIT seed="5,0,0,1,2,87" ten="444,199,247,110" oya="1" hai0="76,97,123,112,55,111,79,75,105,29,36,18,67" hai1="59,115,94,132,118,62,103,90,129,35,68,9,43" hai2="117,24,89,113,40,19,42,51,27,86,58,38,64" hai3="88,23,4,106,99,131,15,92,104,7,48,72,127"/><U65/><E118/><V49/><F117/><W37/><G37/><T101/><D36/><U98/><E115/><V2/><F2/><W10/><G72/><T84/><D55/><U17/><E132/><V34/><F38/><W20/><G127/><T30/><D18/><U93/><E129/><V44/><F113/><W122/><G122/><T107/><D67/><U57/><E35/><V116/><F116/><W13/><G131/><T119/><D29/><U81/><E43/><V21/><F34/><W114/><G114/><T130/><D30/><U109/><E109/><V12/><F64/><W54/><G104/><T26/><D26/><U66/><E81/><N who="2" m="49359" /><F42/><W82/><G106/><T69/><D107/><U100/><E66/><V31/><F31/><W52/><G82/><T91/><D69/><U56/><REACH who="1" step="1"/><E94/><REACH who="1" ten="444,189,247,110" step="2"/><V33/><F33/><W126/><G126/><T14/><D130/><U0/><E0/><V41/><F40/><W108/><G108/><T96/><D111/><U5/><E5/><V6/><F6/><W60/><G60/><T74/><D105/><U133/><E133/><V120/><F120/><W1/><G1/><T16/><D119/><U77/><E77/><V70/><F70/><W45/><G54/><AGARI ba="0,1" hai="12,19,21,24,27,41,44,49,51,54,58" m="49359" machi="54" ten="30,2000,0" yaku="8,1,52,1" doraHai="87" who="2" fromWho="3" sc="444,0,189,0,247,30,110,-20" />
</Scene>
<Scene>
<INIT seed="6,0,0,3,0,95" ten="444,189,277,90" oya="2" hai0="100,102,89,78,68,50,64,77,63,110,44,66,121" hai1="23,82,132,41,22,115,126,81,124,79,5,90,33" hai2="92,42,70,114,27,108,49,12,67,129,73,91,31" hai3="30,43,53,19,74,75,48,32,13,15,87,28,46"/><V9/><F73/><W62/><G32/><T76/><D110/><U72/><E33/><V97/><F108/><W93/><G74/><T106/><D121/><U35/><E35/><V122/><F122/><W0/><G0/><T36/><D36/><U109/><E109/><V7/><F114/><W38/><G75/><T3/><D3/><U128/><E115/><V131/><F70/><W104/><G104/><T61/><D106/><U80/><E128/><N who="2" m="49227" /><F67/><W45/><G62/><T26/><D89/><U34/><E34/><N who="2" m="20863" /><F49/><W16/><G87/><T86/><D86/><U127/><E132/><V65/><F65/><W10/><REACH who="3" step="1"/><G93/><REACH who="3" ten="444,189,277,80" step="2"/><T47/><D66/><U52/><E72/><V20/><F92/><W88/><G88/><T17/><D64/><U24/><E90/><V25/><F91/><W99/><G99/><T55/><D63/><U134/><E127/><V107/><F97/><W119/><G119/><T51/><D61/><U57/><E126/><V37/><F107/><W59/><G59/><T8/><D68/><U125/><E57/><V118/><F118/><W98/><G98/><T130/><D76/><U2/><E79/><V103/><F103/><W135/><G135/><T29/><D100/><U39/><E134/><V111/><F111/><W116/><G116/><T133/><D102/><U14/><E125/><V18/><F37/><W11/><AGARI ba="0,1" hai="10,11,13,15,16,19,28,30,38,43,45,46,48,53" machi="11" ten="20,12000,2" yaku="1,1,0,1,7,1,9,1,54,1,53,1" doraHai="95" doraHaiUra="69" who="3" fromWho="3" sc="444,-30,189,-30,277,-60,80,130" />
</Scene>
<Scene>
<INIT seed="7,0,0,0,0,103" ten="414,159,217,210" oya="3" hai0="86,61,16,92,123,125,4,105,129,70,27,95,134" hai1="107,109,43,13,25,59,56,26,67,90,132,37,39" hai2="55,101,31,53,96,99,20,51,98,78,17,76,135" hai3="72,32,54,50,68,58,34,36,128,102,110,60,75"/><W100/><G36/><T115/><D61/><U131/><E109/><V84/><F135/><W66/><G110/><T2/><D92/><U108/><E108/><V122/><F122/><W118/><G118/><T24/><D95/><U120/><E120/><V74/><F74/><W124/><G128/><T38/><D86/><U28/><E131/><V130/><F130/><W3/><G3/><T94/><D16/><U12/><E132/><V71/><F71/><W11/><G124/><T40/><D94/><U69/><E69/><V65/><F65/><W63/><G11/><T9/><D27/><U93/><E67/><V126/><F126/><W106/><G100/><T49/><D24/><U112/><E93/><N who="2" m="58511" /><F31/><W19/><G19/><T45/><D9/><U91/><E28/><V85/><F85/><W97/><REACH who="3" step="1"/><G60/><REACH who="3" ten="414,159,217,200" step="2"/><T77/><D2/><U114/><E43/><V57/><F17/><W21/><G21/><T18/><D18/><U116/><E116/><V88/><F20/><W73/><AGARI ba="0,1" hai="32,34,50,54,58,63,66,68,72,73,75,97,102,106" machi="73" ten="30,6000,0" yaku="1,1,0,1,52,1,53,0" doraHai="103" doraHaiUra="22" who="3" fromWho="3" sc="414,-20,159,-20,217,-20,200,70" />
</Scene>
<Scene>
<INIT seed="7,1,0,5,5,53" ten="394,139,197,270" oya="3" hai0="73,91,62,20,81,18,66,98,110,104,112,33,8" hai1="125,92,82,78,1,129,43,48,71,17,67,57,44" hai2="134,113,68,54,119,45,29,84,34,47,28,94,3" hai3="7,100,6,61,58,115,19,52,124,38,74,114,16"/><W89/><G74/><T117/><D110/><U40/><E129/><V25/><F119/><W37/><G124/><T50/><D117/><U13/><E125/><V121/><F3/><W0/><G100/><T87/><D33/><U24/><E1/><V12/><F68/><W85/><G37/><T10/><D73/><U116/><E116/><V32/><F113/><N who="3" m="43019" /><G38/><T63/><D112/><U118/><E118/><V83/><F134/><W11/><G6/><T56/><D50/><U21/><E92/><AGARI ba="1,0" hai="0,7,11,16,19,52,58,61,85,89,92" m="43019" machi="92" ten="30,11600,0" yaku="15,1,52,1,54,2" doraHai="53" who="3" fromWho="1" sc="394,0,139,-119,197,0,270,119" />
</Scene>
<Scene>
<INIT seed="7,2,0,1,4,7" ten="394,20,197,389" oya="3" hai0="131,67,52,21,10,129,68,98,115,26,29,25,37" hai1="110,23,109,111,1,58,44,61,4,85,123,0,94" hai2="66,30,77,46,36,40,91,126,5,95,135,20,50" hai3="88,73,64,54,112,74,57,51,108,63,45,79,14"/><W116/><G116/><T92/><D115/><U120/><E44/><V72/><F135/><W130/><G112/><T16/><D37/><U132/><E94/><V86/><F126/><W42/><G130/><N who="0" m="49675" /><D52/><U71/><E71/><V53/><F66/><W56/><G108/><T18/><D67/><U24/><E132/><V3/><F30/><W33/><G33/><N who="0" m="20655" /><D68/><U2/><E4/><V118/><F20/><W102/><G102/><N who="0" m="60743" /><D10/><U76/><E76/><V35/><F5/><W119/><G119/><T19/><AGARI ba="2,0" hai="16,18,19,21,26" m="60743,20655,49675" machi="19" ten="30,2000,0" yaku="19,1,54,1" doraHai="7" who="0" fromWho="0" sc="394,26,20,-7,197,-7,389,-12" owari="420,52.0,13,-49.0,190,-21.0,377,18.0" />
</Scene>
</mjloggm>