<mjloggm ver="2.3"><GO type="169"/><UN n0="%E5%A4%AA%E3%81%8F%E3%81%AA%E3%81%84%E3%81%8A" n1="%E3%83%9F%E3%83%A9%E3%82%AF%E3%83%AB%E3%81%8A%E3%81%98%E3%81%95%E3%82%93" n2="%50%72%6F%6D%65%6E%61%64" n3="%E3%82%AA%E3%82%BA%E3%82%B0%E3%83%AB%E3%83%BC%E3%83%97" dan="18,17,16,16" rate="2166,2156,2056,2095" sx="M,M,M,M"/><TAIKYOKU oya="0"/>

<Scene>
<INIT seed="0,0,0,4,1,100" ten="250,250,250,250" oya="0" hai0="53,74,44,3,30,61,71,128,91,59,46,112,85" hai1="123,12,8,2,108,94,118,116,24,65,31,131,34" hai2="82,64,101,84,48,42,124,0,49,98,33,127,107" hai3="72,105,62,122,23,70,77,126,103,134,69,110,57"/><T115/><D3/><U20/><E123/><V21/><F21/><W45/><G122/><T95/><D74/><U32/><E65/><V40/><F40/><W4/><G4/><T50/><D128/><U54/><E54/><V102/><F102/><W96/><G77/><T29/><D71/><U117/><E94/><V43/><F43/><W11/><G72/><T27/><D46/><U129/><E2/><V52/><F52/><W111/><G11/><T60/><D60/><U10/><E108/><V7/><F7/><W28/><G45/><T18/><D18/><N who="1" m="8455" /><E10/><V114/><F114/><W132/><G23/><T79/><D79/><U86/><E86/><V109/><F84/><W125/><G28/><T13/><D13/><U130/><AGARI ba="0,0" hai="20,24,31,32,34,116,117,118,129,130,131" m="8455" machi="130" ten="40,5200,0" yaku="19,1,34,2" doraHai="100" who="1" fromWho="1" sc="250,-26,250,52,250,-13,250,-13" />
</Scene>
<Scene>
<INIT seed="1,0,0,2,0,111" ten="224,302,237,237" oya="1" hai0="45,43,30,97,71,91,0,121,40,89,21,135,67" hai1="123,46,18,17,119,33,68,10,22,125,128,112,94" hai2="55,104,95,70,84,52,39,107,90,8,4,73,117" hai3="87,130,51,7,27,133,47,64,61,74,126,23,48"/><U100/><E119/><V131/><F117/><W6/><G74/><T1/><D135/><U25/><E123/><V36/><F70/><W65/><G133/><T57/><D71/><U12/><E68/><V35/><F35/><W53/><G130/><T124/><D121/><U11/><E128/><V69/><F69/><W120/><G120/><T3/><D124/><U26/><E125/><V63/><F73/><W13/><G126/><T101/><D30/><U108/><E46/><V14/><F131/><W132/><G132/><T79/><D79/><U59/><E59/><V29/><F29/><W20/><G61/><T50/><D21/><N who="1" m="13487" /><E100/><V78/><F78/><W96/><G51/><T56/><D43/><U93/><E33/><V99/><F107/><W102/><G87/><T88/><REACH who="0" step="1"/><D67/><REACH who="0" ten="214,302,237,237" step="2"/><U72/><E72/><V127/><F127/><W86/><G65/><T34/><D34/><U42/><E42/><V5/><F39/><W114/><G64/><T19/><D19/><U116/><E18/><V113/><F36/><W2/><G20/><T105/><AGARI ba="0,1" hai="0,1,3,40,45,50,56,57,88,89,91,97,101,105" machi="105" ten="40,5200,0" yaku="1,1,0,1,54,1,53,0" doraHai="111" doraHaiUra="80" who="0" fromWho="0" sc="214,62,302,-26,237,-13,237,-13" />
</Scene>
<Scene>
<INIT seed="2,0,0,1,1,31" ten="276,276,224,224" oya="2" hai0="99,15,17,34,120,132,43,76,79,62,101,7,128" hai1="37,105,111,74,60,87,89,69,64,0,41,100,35" hai2="121,20,88,2,81,38,123,93,46,106,49,61,32" hai3="29,85,25,94,95,57,129,11,14,114,75,45,1"/><V112/><F112/><W115/><G75/><T19/><D120/><U117/><E117/><V33/><F106/><W72/><G1/><T96/><D34/><U13/><E0/><V58/><F38/><W116/><G72/><T70/><D43/><U52/><E74/><V39/><F39/><W68/><G68/><T26/><D128/><U103/><E105/><V102/><F2/><W23/><G129/><T108/><D108/><U110/><E13/><V84/><F123/><W56/><G116/><T28/><D7/><U18/><E18/><V91/><F102/><W77/><G45/><T47/><D47/><U5/><E5/><V131/><F20/><W107/><G107/><T119/><D19/><U122/><E122/><V10/><F10/><W126/><G126/><T51/><D51/><U44/><E35/><V48/><F48/><W73/><G73/><T22/><D99/><U134/><E134/><V130/><F121/><W124/><G124/><T4/><D4/><U21/><E21/><V92/><F81/><N who="3" m="47279" /><G115/><T16/><D132/><U27/><E27/><V6/><F6/><N who="3" m="3447" /><G114/><T113/><D119/><U59/><E111/><V66/><F131/><W12/><G12/><T104/><D113/><U90/><E110/><V98/><F130/><W118/><G118/><T86/><D86/><U53/><E53/><AGARI ba="0,0" hai="32,33,46,49,53,58,61,66,84,88,91,92,93,98" machi="53" ten="30,11600,0" yaku="7,1,52,2,54,1" doraHai="31" who="2" fromWho="1" sc="276,0,276,-116,224,116,224,0" />
</Scene>
<Scene>
<INIT seed="2,1,0,3,1,6" ten="276,160,340,224" oya="2" hai0="83,94,19,117,103,13,4,121,31,119,43,60,50" hai1="105,0,1,132,48,104,10,68,24,89,39,110,108" hai2="58,20,69,118,72,96,129,35,28,34,17,123,100" hai3="66,26,114,127,62,7,134,124,85,64,45,86,81"/><V126/><F123/><W70/><G114/><T74/><D121/><U102/><E39/><V59/><F69/><W65/><G134/><T18/><D31/><U112/><E112/><V107/><F72/><W128/><G128/><T29/><D29/><U25/><E68/><V111/><F118/><N who="0" m="45066" /><D60/><U101/><E48/><V8/><F129/><W116/><G116/><T37/><D37/><U113/><E113/><V46/><F46/><W115/><G115/><T9/><D43/><U99/><E99/><V84/><F126/><N who="3" m="48171" /><G45/><T27/><D50/><U42/><E89/><V49/><F49/><W120/><G120/><T88/><D103/><U109/><E42/><V32/><F111/><W11/><G26/><N who="1" m="10346" /><E132/><V61/><F28/><W12/><G86/><N who="0" m="52503" /><D27/><U52/><E52/><V87/><F34/><W133/><G133/><T21/><D21/><U67/><E67/><V122/><F20/><W44/><G44/><T54/><D54/><U90/><E90/><AGARI ba="1,0" hai="7,11,12,62,64,65,66,70,81,85,90" m="48171" machi="90" ten="30,2000,0" yaku="18,1,52,1" doraHai="6" who="3" fromWho="1" sc="276,0,160,-23,340,0,224,23" />
</Scene>
<Scene>
<INIT seed="3,0,0,1,0,63" ten="276,137,340,247" oya="3" hai0="16,73,108,83,42,44,106,75,89,82,43,112,109" hai1="34,103,130,9,23,55,117,53,125,87,22,79,54" hai2="128,102,134,92,46,111,114,132,86,35,38,120,100" hai3="19,127,80,61,116,64,52,0,12,119,84,2,21"/><W33/><G33/><T3/><D3/><U28/><E34/><V95/><F35/><W10/><G127/><T67/><D106/><U91/><E125/><V78/><F46/><W56/><G119/><T121/><D121/><U107/><E117/><V66/><F66/><W13/><G116/><T85/><D112/><U4/><E130/><V49/><F49/><W31/><G31/><T94/><D67/><U57/><E79/><V51/><F51/><W6/><REACH who="3" step="1"/><G64/><REACH who="3" ten="276,137,340,237" step="2"/><T45/><D108/><U7/><E28/><V60/><F111/><W129/><G129/><T58/><D109/><U24/><E54/><V88/><F128/><W18/><G18/><T37/><D16/><U11/><E55/><V27/><F120/><W133/><G133/><T20/><D43/><U113/><E53/><V72/><F134/><W48/><G48/><T115/><D42/><U50/><E50/><V30/><F30/><W14/><G14/><T36/><D115/><U17/><E113/><V62/><F132/><W123/><G123/><T71/><D36/><U101/><E17/><V69/><F38/><W135/><G135/><T131/><D37/><U40/><E40/><V74/><F114/><W8/><G8/><T41/><D41/><U29/><E9/><V104/><F62/><W110/><G110/><T105/><D131/><U118/><E11/><V15/><F60/><W122/><G122/><T90/><D45/><U99/><E118/><V65/><F65/><W39/><G39/><T47/><D44/><U93/><E29/><V59/><F15/><W76/><AGARI ba="0,1" hai="0,2,6,10,12,13,19,21,52,56,61,76,80,84" machi="76" ten="20,7800,0" yaku="1,1,0,1,7,1,54,1,53,0" doraHai="63" doraHaiUra="96" who="3" fromWho="3" sc="276,-26,137,-26,340,-26,237,88" />
</Scene>
<Scene>
<INIT seed="3,1,0,3,1,134" ten="250,111,314,325" oya="3" hai0="15,18,27,124,38,14,84,52,70,41,126,16,95" hai1="94,34,100,99,46,45,120,40,121,12,32,53,66" hai2="105,1,97,75,23,89,129,90,42,2,133,78,37" hai3="64,58,11,44,128,110,43,17,77,107,68,71,20"/><W24/><G107/><T59/><D70/><U0/><E0/><V135/><F129/><W28/><G128/><T57/><D38/><U101/><E66/><V63/><F42/><W47/><G71/><T49/><D41/><U9/><E101/><N who="2" m="62639" /><F63/><W111/><G68/><T79/><D59/><U85/><E34/><V62/><F62/><N who="3" m="37975" /><G77/><T54/><D54/><U22/><E32/><V26/><F37/><W31/><G11/><T119/><D119/><U127/><E22/><V33/><F33/><W10/><G10/><T50/><D50/><U36/><E85/><V118/><F118/><W8/><G8/><T106/><D106/><U6/><E46/><N who="3" m="17450" /><G43/><T73/><D73/><U65/><E65/><V19/><F78/><W112/><G112/><T74/><D79/><U21/><E53/><V91/><F75/><W123/><G123/><T83/><D74/><U88/><E21/><V72/><F72/><W130/><G130/><T104/><D104/><U114/><E114/><V25/><F2/><W60/><G60/><T29/><D57/><U82/><E100/><V48/><F1/><W86/><G86/><T61/><D84/><U35/><E35/><V98/><F98/><W76/><G76/><T80/><D61/><U131/><E131/><V7/><F7/><W87/><G87/><T125/><D52/><U81/><E121/><V93/><F135/><W55/><G55/><T96/><D96/><U92/><E120/><V30/><F133/><W102/><G102/><T3/><D3/><U51/><E36/><V117/><F117/><W67/><G67/><T109/><D49/><RYUUKYOKU ba="1,0" sc="250,-10,111,-10,314,-10,325,30" hai3="17,20,24,28,31,110,111" />
</Scene>
<Scene>
<INIT seed="3,2,0,2,1,130" ten="240,101,304,355" oya="3" hai0="109,105,31,7,131,25,76,40,38,35,42,10,63" hai1="66,19,135,114,39,72,74,111,1,61,122,96,82" hai2="113,71,127,101,29,115,23,36,46,60,88,5,129" hai3="95,50,24,80,134,79,69,104,132,85,26,103,77"/><W98/><G69/><T62/><D105/><U45/><E122/><V81/><F101/><W16/><G50/><T84/><D131/><U118/><E114/><V78/><F129/><W94/><G26/><T121/><D121/><U59/><E1/><V83/><F5/><W51/><G51/><T55/><D109/><U18/><E111/><V37/><F127/><W117/><G117/><T97/><D97/><U47/><E118/><V52/><F71/><W73/><G24/><T93/><D38/><U125/><E125/><V89/><F23/><W21/><G21/><T8/><D8/><U13/><E96/><V120/><F120/><W119/><G16/><T102/><D102/><U30/><E30/><V34/><F46/><W106/><G119/><T108/><D108/><U49/><E19/><V124/><F78/><W48/><G48/><T110/><D110/><U58/><E59/><V70/><F124/><W116/><G116/><T91/><D76/><U68/><E68/><V0/><F70/><W112/><G112/><T4/><D4/><U9/><E82/><V12/><F29/><W99/><G79/><T133/><D42/><U14/><E39/><V56/><F115/><W43/><G43/><T3/><D40/><U53/><E47/><V123/><F113/><W107/><G73/><T128/><D128/><U33/><E33/><V6/><F34/><W126/><G126/><T57/><D63/><U100/><E100/><AGARI ba="2,0" hai="77,80,85,94,95,98,99,100,103,104,106,107,132,134" machi="100" ten="40,18000,2" yaku="9,1,34,3,52,2" doraHai="130" who="3" fromWho="1" sc="240,0,101,-186,304,0,355,186" owari="240,-16.0,-85,-59.0,304,10.0,541,65.0" />
</Scene>
</mjloggm>