<mjloggm ver="2.3"><GO type="193"/><UN n0="%E5%A4%AA%E3%81%8F%E3%81%AA%E3%81%84%E3%81%8A" n1="%E3%83%92%E3%83%87%E3%83%BB%E3%83%AA%E3%83%88%E3%83%AB" n2="%E3%82%AF%E3%83%BC%E3%83%87%E3%83%AA%E3%82%A2" n3="%79%75%7A%6F%34%32%33" dan="4,12,10,12" rate="1630,1696,1666,1622" sx="M,M,F,M"/><TAIKYOKU oya="0"/>

<Scene>
<INIT seed="0,0,0,3,2,41" ten="250,250,250,250" oya="0" hai0="127,54,105,50,82,14,25,130,101,9,93,35,118" hai1="90,77,122,73,111,76,23,39,16,86,18,24,37" hai2="96,85,83,7,104,133,52,68,30,21,124,45,2" hai3="119,131,13,99,26,0,36,10,43,20,65,95,1"/><T71/><D118/><U116/><E122/><V92/><F68/><W134/><G119/><T100/><D71/><U89/><E116/><V70/><F70/><W66/><G131/><T11/><D105/><U135/><E135/><V60/><F133/><W48/><G134/><T64/><D64/><N who="3" m="24681" /><G36/><T84/><D130/><U80/><E111/><V46/><F104/><W31/><G0/><T47/><D127/><U103/><E103/><N who="0" m="39497" /><D35/><U109/><E109/><V5/><F124/><W129/><G129/><T57/><D25/><U91/><REACH who="1" step="1"/><E18/><REACH who="1" ten="250,240,250,250" step="2"/><V94/><F5/><N who="3" m="3279" /><G1/><T15/><D93/><U38/><E38/><V81/><F7/><W27/><G95/><T69/><D69/><U56/><E56/><N who="2" m="34823" /><F2/><W126/><G126/><T112/><D112/><U106/><E106/><V19/><F94/><W74/><G74/><T55/><D9/><U125/><E125/><V98/><F92/><W61/><G99/><T12/><D11/><U22/><E22/><V115/><F115/><W78/><G20/><T51/><D14/><U62/><E62/><V4/><F98/><W63/><G26/><T128/><D128/><U97/><E97/><V121/><F96/><W32/><G78/><AGARI ba="0,1" hai="12,15,47,50,51,54,55,57,78,82,84" m="39497" machi="78" ten="30,2900,0" yaku="8,1,52,1" doraHai="41" who="0" fromWho="3" sc="250,39,240,0,250,0,250,-29" />
</Scene>
<Scene>
<INIT seed="0,1,0,2,0,10" ten="289,240,250,221" oya="0" hai0="84,55,92,124,83,122,35,102,7,0,67,131,96" hai1="85,2,78,93,5,128,110,71,62,28,73,38,86" hai2="129,125,6,49,107,75,98,19,130,58,45,95,101" hai3="17,50,51,106,108,90,9,116,72,64,81,77,44"/><T40/><D35/><U11/><E38/><V65/><F75/><W4/><G116/><T48/><D122/><U66/><E128/><N who="2" m="49259" /><F6/><W23/><G108/><T53/><D131/><U31/><E110/><V100/><F125/><W126/><G126/><T133/><D124/><U121/><E121/><V105/><F101/><W14/><G106/><T20/><D133/><U46/><E46/><V25/><F25/><W89/><G64/><T114/><D114/><U135/><E135/><V120/><F19/><W127/><G127/><T91/><D67/><U57/><E71/><V112/><F112/><W87/><G72/><T37/><D37/><U16/><E73/><V68/><F68/><W97/><G97/><T42/><D0/><U103/><E103/><V119/><F119/><W70/><G70/><T52/><D7/><U15/><E78/><V33/><F33/><W80/><G80/><T39/><D39/><U118/><E118/><V26/><F26/><W21/><G21/><T88/><D20/><U109/><E109/><V34/><F34/><W111/><G111/><T30/><D30/><U74/><E74/><V29/><F29/><W32/><G32/><T18/><D18/><U94/><E31/><V1/><F1/><W41/><REACH who="3" step="1"/><G51/><REACH who="3" ten="289,240,250,211" step="2"/><T12/><D48/><U99/><E99/><V104/><F120/><W79/><G79/><N who="0" m="46207" /><D12/><AGARI ba="1,1" hai="4,9,12,14,17,23,41,44,50,77,81,87,89,90" machi="12" ten="30,12000,2" yaku="1,1,7,1,25,2,8,1,52,2,53,0" doraHai="10" doraHaiUra="123" who="3" fromWho="0" sc="289,-123,240,0,250,0,211,133" />
</Scene>
<Scene>
<INIT seed="1,0,0,1,5,33" ten="166,240,250,344" oya="1" hai0="112,36,81,52,40,54,49,10,86,61,89,4,46" hai1="103,126,71,43,101,98,76,91,90,13,100,64,18" hai2="51,113,134,5,74,0,27,66,135,23,12,26,65" hai3="3,83,105,50,106,123,128,32,55,78,15,120,17"/><U118/><E118/><V1/><F74/><W42/><G128/><T8/><D112/><U44/><E71/><V70/><F113/><W37/><G32/><T129/><D129/><U107/><E64/><N who="2" m="24683" /><F70/><W82/><G37/><T41/><D36/><U67/><E67/><V132/><F51/><W45/><G42/><T39/><D39/><U14/><E126/><V2/><F5/><W127/><G127/><T48/><D61/><U109/><E109/><V77/><F77/><W47/><G47/><T88/><D89/><U19/><E76/><V60/><F60/><W111/><G111/><T93/><D81/><U56/><E56/><V69/><F69/><W7/><G7/><T124/><D124/><U9/><E107/><V116/><F116/><W117/><G117/><T125/><D125/><U114/><E98/><V24/><F12/><W119/><G119/><T121/><D121/><U131/><E131/><V16/><AGARI ba="0,0" hai="0,1,2,16,23,24,26,27,132,134,135" m="24683" machi="16" ten="40,8000,1" yaku="20,1,52,3,54,1" doraHai="33" who="2" fromWho="2" sc="166,-20,240,-40,250,80,344,-20" />
</Scene>
<Scene>
<INIT seed="2,0,0,4,0,110" ten="146,200,330,324" oya="2" hai0="53,92,116,86,120,16,23,29,100,72,26,83,101" hai1="134,11,133,74,122,28,103,95,73,98,6,118,41" hai2="106,49,31,60,121,91,21,109,66,38,58,79,52" hai3="39,78,10,25,88,76,68,96,5,47,80,62,75"/><V123/><F106/><W17/><G68/><T48/><D120/><U37/><E37/><V55/><F38/><W14/><G62/><T59/><D116/><U8/><E41/><V32/><F109/><W126/><G126/><T35/><D72/><U24/><E24/><V130/><F130/><W57/><G57/><T65/><D65/><U125/><E28/><V84/><F79/><W97/><G76/><T2/><D2/><U129/><E6/><V36/><F36/><W127/><G127/><T85/><D83/><U0/><E0/><V4/><F55/><W33/><G33/><T7/><D7/><U3/><E125/><V12/><F32/><W108/><G108/><T99/><REACH who="0" step="1"/><D101/><REACH who="0" ten="136,200,330,324" step="2"/><U51/><E3/><V67/><F123/><W19/><G75/><T46/><D46/><U63/><E122/><V104/><F121/><W50/><G47/><T114/><D114/><U42/><E118/><V22/><F67/><W43/><G39/><T69/><D69/><U20/><E74/><V77/><F66/><W102/><G5/><T113/><D113/><U64/><E73/><V18/><F4/><W107/><G102/><T71/><D71/><U119/><E103/><V115/><F115/><W117/><G117/><T34/><D34/><U112/><E119/><V135/><F104/><W131/><G107/><T89/><D89/><U1/><E64/><V61/><F91/><W45/><G88/><T111/><D111/><U128/><E1/><V124/><F124/><W30/><G131/><T9/><D9/><U15/><E129/><V27/><F77/><W81/><G78/><RYUUKYOKU ba="0,1" sc="136,30,200,-10,330,-10,324,-10" hai0="16,23,26,29,35,48,53,59,85,86,92,99,100" />
</Scene>
<Scene>
<INIT seed="3,1,1,1,2,43" ten="166,190,320,314" oya="3" hai0="19,132,110,85,69,15,28,92,79,74,120,71,89" hai1="61,68,18,48,34,6,60,124,116,72,95,24,64" hai2="117,36,8,126,2,115,100,14,23,10,46,58,49" hai3="98,56,26,55,37,47,122,62,29,80,3,53,33"/><W21/><G122/><T39/><D120/><U114/><E72/><V40/><F117/><W57/><G3/><T84/><D39/><U5/><E116/><V104/><F115/><W59/><G33/><T63/><D110/><U121/><E114/><V12/><F126/><W54/><G37/><T17/><D132/><U35/><E121/><V125/><F125/><W106/><G106/><T113/><D113/><U52/><E124/><V31/><F2/><W1/><G1/><T134/><D134/><U133/><E133/><V86/><F86/><W0/><G0/><T78/><D28/><U51/><E51/><V128/><F128/><W123/><G123/><T96/><D74/><U82/><E35/><V109/><F109/><W67/><G80/><T22/><D71/><U4/><E34/><V112/><F112/><W50/><G98/><T66/><D84/><U83/><E95/><V130/><F130/><W27/><G27/><T129/><D129/><U77/><E60/><V102/><F104/><W30/><G30/><T70/><D70/><U131/><E131/><V7/><F36/><W119/><G119/><T99/><D99/><U90/><E77/><V91/><F91/><W97/><G97/><T101/><REACH who="0" step="1"/><D19/><REACH who="0" ten="156,190,320,314" step="2"/><U42/><E42/><AGARI ba="1,2" hai="21,26,29,42,47,50,53,54,55,56,57,59,62,67" machi="42" ten="40,3900,0" yaku="8,1,52,1" doraHai="43" who="3" fromWho="1" sc="156,0,190,-42,320,0,314,62" owari="156,-24.0,148,-35.0,320,12.0,376,47.0" />
</Scene>
</mjloggm>