<mjloggm ver="2.3"><GO type="169" lobby="0"/><UN n0="%E3%81%BE%E3%81%AA%E3%81%84%E3%81%9F%E3%82%88%E3%81%86%E3%81%98%E3%82%87" n1="%41%6B%61%2D%75%72%61" n2="%E3%81%86%E3%81%8D%E3%81%A7%E3%82%93" n3="%E5%A4%AA%E3%81%8F%E3%81%AA%E3%81%84%E3%81%8A" dan="16,16,16,18" rate="2103.23,2124.66,2038.01,2235.27" sx="M,M,M,F"/><TAIKYOKU oya="0"/>

<Scene>
<INIT seed="0,0,0,1,5,81" ten="250,250,250,250" oya="0" hai0="117,6,31,120,42,69,56,16,126,18,100,25,134" hai1="63,41,52,50,127,103,27,122,76,12,33,118,124" hai2="38,60,67,110,94,66,114,72,54,7,4,22,98" hai3="55,58,30,107,85,40,15,28,105,29,57,44,70"/><T84/><D117/><U82/><E122/><V20/><F114/><W123/><G70/><T129/><D120/><U90/><E118/><V8/><F110/><W113/><G113/><T75/><D75/><U91/><E103/><V79/><F38/><W96/><G123/><T74/><D74/><U49/><E12/><V109/><F109/><W132/><G132/><T13/><D69/><U101/><E101/><V23/><F72/><W77/><G15/><T92/><D134/><U87/><E63/><V128/><F128/><W86/><G77/><T73/><D73/><U32/><E41/><V93/><F79/><W65/><G65/><N who="2" m="24585" /><F8/><W53/><G96/><T97/><D129/><U116/><E49/><V95/><F98/><W26/><G26/><T71/><D71/><U99/><E116/><V130/><F130/><W108/><G108/><T34/><D126/><N who="1" m="48171" /><E27/><V88/><F60/><W21/><G40/><T119/><D42/><U89/><E99/><N who="2" m="57767" /><F54/><W135/><G135/><T78/><D119/><U111/><E111/><V62/><F62/><W115/><G115/><T61/><D61/><U121/><E121/><V125/><F125/><W43/><G55/><T19/><D97/><U68/><E68/><V131/><F131/><W36/><G53/><T59/><D100/><U37/><E37/><V14/><F14/><W3/><G36/><T0/><D13/><U47/><AGARI ba="0,0" hai="32,33,47,50,52,76,82,87,89,90,91" m="48171" machi="47" ten="30,4000,0" yaku="18,1,52,1,54,1" doraHai="81" who="1" fromWho="1" sc="250,-20,250,40,250,-10,250,-10" />
</Scene>
<Scene>
<INIT seed="1,0,0,3,4,130" ten="230,290,240,240" oya="1" hai0="99,54,78,84,69,37,64,19,127,113,135,115,31" hai1="60,125,96,17,106,82,126,86,67,116,8,59,6" hai2="21,123,71,16,122,0,5,40,88,70,47,53,87" hai3="95,98,118,15,63,18,38,133,108,80,109,29,90"/><U66/><E116/><V3/><F53/><W105/><G38/><T11/><D37/><U111/><E17/><V100/><F100/><W89/><G105/><T7/><D31/><U77/><E67/><V48/><F123/><W9/><G118/><T128/><D54/><U1/><REACH who="1" step="1"/><E111/><REACH who="1" ten="230,280,240,240" step="2"/><V10/><F122/><W79/><G108/><T22/><D19/><U36/><E36/><V131/><F131/><W12/><G109/><T43/><D64/><U83/><E83/><V121/><F121/><W110/><G110/><T50/><D128/><U73/><E73/><V44/><F16/><W75/><G18/><T24/><D113/><U132/><E132/><V62/><F5/><W81/><G133/><T52/><D135/><U119/><E119/><V107/><F71/><W76/><G75/><T20/><D69/><U41/><E41/><V27/><F40/><W85/><G80/><T103/><D43/><U101/><AGARI ba="0,1" hai="1,6,8,59,60,66,77,82,86,96,101,106,125,126" machi="101" ten="30,3000,0" yaku="1,1,0,1,53,0" doraHai="130" doraHaiUra="51" who="1" fromWho="1" sc="230,-10,280,40,240,-10,240,-10" />
</Scene>
<Scene>
<INIT seed="1,1,0,5,1,100" ten="220,320,230,230" oya="1" hai0="95,51,112,98,31,69,27,62,34,14,20,3,45" hai1="125,79,53,124,81,5,132,90,134,67,116,107,63" hai2="104,110,91,96,65,25,19,113,118,73,106,129,108" hai3="22,103,75,76,59,17,68,42,24,120,44,72,87"/><U35/><E35/><V97/><F65/><W9/><G68/><T54/><D112/><U77/><E5/><V12/><F118/><W7/><G120/><T57/><D3/><U86/><E53/><V128/><F25/><W11/><G59/><T84/><D69/><U41/><E41/><V61/><F61/><W109/><G109/><N who="2" m="42089" /><F73/><W48/><G103/><T115/><D115/><U55/><E55/><V2/><F2/><W15/><REACH who="3" step="1"/><G11/><REACH who="3" ten="220,320,230,220" step="2"/><T94/><D57/><U122/><E122/><V123/><F123/><W6/><G6/><T26/><D45/><U105/><E116/><V119/><F119/><W52/><G52/><T37/><D54/><U13/><E67/><V40/><F40/><W36/><G36/><T33/><D37/><U74/><E63/><V49/><F113/><W117/><G117/><T18/><D62/><U56/><E56/><V0/><F49/><W28/><G28/><T46/><D31/><U99/><E124/><V71/><F71/><W8/><G8/><T127/><D46/><U80/><E125/><V85/><F129/><W101/><G101/><T4/><D51/><U64/><E64/><V30/><F30/><W92/><G92/><T102/><D127/><U135/><E13/><V89/><F128/><W133/><G133/><T32/><D4/><U82/><E82/><AGARI ba="1,1" hai="7,9,15,17,22,24,42,44,48,72,75,76,82,87" machi="82" ten="40,8000,1" yaku="1,1,25,2,53,1" doraHai="100" doraHaiUra="16" who="3" fromWho="1" sc="220,0,320,-83,230,0,220,93" />
</Scene>
<Scene>
<INIT seed="2,0,0,2,5,84" ten="220,237,230,313" oya="2" hai0="44,91,24,123,109,82,59,67,32,102,35,110,3" hai1="72,105,126,12,90,41,93,81,8,43,62,86,74" hai2="14,104,11,97,66,116,0,69,31,79,70,55,115" hai3="18,118,10,7,51,120,132,2,25,1,28,94,48"/><V71/><F116/><W40/><G118/><T75/><D123/><U106/><E126/><V17/><F115/><W27/><G120/><T133/><D3/><U6/><E62/><V85/><F0/><W73/><G73/><T107/><D44/><U113/><E113/><V54/><F66/><W98/><G2/><T38/><D38/><U111/><E111/><N who="0" m="42505" /><D133/><U39/><E74/><V96/><F31/><W30/><G132/><T131/><D131/><U50/><E39/><V57/><F104/><W122/><G122/><T92/><D24/><U121/><E121/><V21/><F11/><W127/><G127/><T68/><D68/><U88/><E72/><V80/><REACH who="2" step="1"/><F55/><REACH who="2" ten="220,237,220,313" step="2"/><W46/><G30/><T83/><D107/><U37/><E37/><V47/><F47/><W101/><G28/><T100/><D67/><U89/><E106/><V129/><F129/><W112/><G112/><T60/><D59/><U61/><E105/><V108/><F108/><W87/><G1/><T9/><D9/><U65/><E43/><V99/><F99/><W134/><G10/><T49/><D32/><U78/><E41/><V56/><F56/><W135/><G135/><T128/><D35/><U52/><E52/><V77/><F77/><W119/><G134/><T23/><D128/><U45/><E45/><V103/><F103/><W117/><G117/><T42/><D102/><U64/><E64/><V130/><F130/><W36/><G119/><T33/><D100/><U16/><E6/><V76/><F76/><W4/><G4/><T15/><D33/><U53/><E53/><V58/><F58/><RYUUKYOKU ba="0,1" sc="220,-10,237,-10,220,30,313,-10" hai2="14,17,21,54,57,69,70,71,79,80,85,96,97" />
</Scene>
<Scene>
<INIT seed="2,1,1,2,1,44" ten="210,227,250,303" oya="2" hai0="124,7,68,48,24,26,40,5,98,19,21,133,51" hai1="95,87,128,69,31,52,132,130,113,67,36,125,88" hai2="66,11,109,78,91,1,135,16,121,96,35,123,30" hai3="12,60,20,82,76,49,55,43,80,13,114,41,70"/><V73/><F66/><W112/><G70/><T134/><D68/><U34/><E36/><V72/><F135/><N who="0" m="51722" /><D40/><N who="3" m="15433" /><G60/><T105/><D124/><U25/><E125/><V45/><F45/><N who="3" m="28079" /><G20/><T107/><D24/><U102/><E113/><N who="3" m="43626" /><G82/><T56/><D56/><U126/><E126/><V97/><F123/><W46/><G46/><T0/><D0/><U103/><E132/><V89/><F1/><W83/><G83/><T115/><D115/><U106/><E52/><V93/><F121/><W6/><G6/><N who="0" m="2059" /><D98/><N who="1" m="61815" /><E102/><V33/><F97/><W71/><G71/><T8/><D8/><U28/><E28/><V99/><F99/><W62/><G62/><AGARI ba="1,1" hai="25,31,34,62,67,69,87,88,95,128,130" m="61815" machi="62" ten="30,2000,0" yaku="25,1,54,1" doraHai="44" who="1" fromWho="3" sc="210,0,227,33,250,0,303,-23" />
</Scene>
<Scene>
<INIT seed="3,0,0,3,3,72" ten="210,260,250,280" oya="3" hai0="127,122,67,26,61,126,20,9,95,35,12,121,86" hai1="69,44,112,40,11,3,114,89,70,133,90,13,66" hai2="46,65,101,132,96,125,78,113,71,97,45,15,55" hai3="106,53,108,80,117,111,109,63,129,22,119,105,91"/><W52/><G129/><T92/><D35/><U10/><E133/><V36/><F113/><W131/><G131/><T100/><D122/><U18/><E3/><V99/><F132/><W75/><G22/><T116/><D116/><N who="3" m="44617" /><G91/><T93/><D121/><U49/><E11/><V104/><F125/><W130/><G130/><T25/><D86/><U120/><E120/><V28/><F28/><W42/><G42/><T124/><D100/><U58/><E58/><V39/><F104/><N who="3" m="40043" /><G63/><T23/><D20/><U73/><E73/><V1/><F101/><W76/><AGARI ba="0,0" hai="52,53,75,76,80,108,109,111" m="40043,44617" machi="76" ten="40,12000,1" yaku="14,1,10,1,52,1,54,1" doraHai="72" who="3" fromWho="3" sc="210,-40,260,-40,250,-40,280,120" />
</Scene>
<Scene>
<INIT seed="3,1,0,3,0,109" ten="170,220,210,400" oya="3" hai0="11,124,61,4,33,75,121,113,40,3,92,87,64" hai1="132,51,106,50,107,62,110,16,60,76,25,117,12" hai2="83,120,56,119,102,48,13,80,35,43,68,17,59" hai3="111,45,54,94,37,2,131,126,134,85,82,89,27"/><W86/><G2/><T36/><D121/><U65/><E110/><V41/><F119/><W6/><G111/><T116/><D116/><U7/><E117/><V38/><F68/><W5/><G126/><T46/><D33/><U135/><E76/><V118/><F118/><W66/><G131/><T73/><D124/><U91/><E91/><V103/><F35/><W24/><G66/><T31/><D31/><U58/><E7/><N who="3" m="2570" /><G37/><T128/><D128/><U14/><E25/><V1/><F1/><W122/><G134/><T52/><D113/><U98/><E12/><V69/><F38/><W67/><G67/><T32/><D32/><U100/><E106/><V57/><F69/><W49/><G122/><T8/><D8/><N who="1" m="6215" /><E62/><V123/><F17/><W90/><AGARI ba="1,0" hai="24,27,45,49,54,82,85,86,89,90,94" m="2570" machi="90" ten="30,1500,0" yaku="8,1" doraHai="109" who="3" fromWho="3" sc="170,-6,220,-6,210,-6,400,18" />
</Scene>
<Scene>
<INIT seed="3,2,0,5,1,62" ten="164,214,204,418" oya="3" hai0="75,34,54,101,72,30,79,31,114,8,133,80,3" hai1="26,66,113,13,25,44,21,32,88,111,122,125,68" hai2="109,5,95,87,37,118,64,117,74,15,130,91,127" hai3="102,29,90,94,73,119,81,50,47,103,84,124,76"/><W93/><G119/><T45/><D75/><U120/><E113/><V23/><F109/><W129/><G129/><T38/><D101/><U116/><E111/><V2/><F130/><W16/><G124/><T43/><D133/><U1/><E1/><V106/><F127/><W36/><G36/><T51/><D34/><U132/><E125/><V131/><F131/><W92/><G29/><T52/><D114/><U14/><E44/><V65/><F106/><W77/><G16/><T112/><D112/><U121/><E132/><V85/><F74/><W33/><G33/><T69/><D69/><U89/><E32/><V9/><F37/><W41/><REACH who="3" step="1"/><G73/><REACH who="3" ten="164,214,204,408" step="2"/><T70/><D30/><U12/><E116/><V123/><F118/><W78/><AGARI ba="2,1" hai="41,47,50,76,77,78,81,84,90,92,93,94,102,103" machi="78" ten="30,11700,0" yaku="1,1,2,1,0,1,8,1,53,0" doraHai="62" doraHaiUra="59" who="3" fromWho="3" sc="164,-41,214,-41,204,-41,408,133" />
</Scene>
<Scene>
<INIT seed="3,3,0,4,0,20" ten="123,173,163,541" oya="3" hai0="66,19,9,114,97,4,91,128,81,108,48,18,29" hai1="92,53,0,58,27,55,131,32,75,50,89,11,28" hai2="60,65,129,8,83,68,103,101,57,5,85,39,76" hai3="106,7,104,84,6,134,130,99,13,10,135,96,25"/><W51/><G130/><T117/><D117/><U80/><E131/><V31/><F39/><W123/><G123/><T88/><D128/><U1/><E11/><V73/><F129/><W102/><G84/><T74/><D108/><U61/><E80/><V44/><F31/><W43/><G7/><T16/><D114/><U71/><E75/><V54/><F73/><W126/><G126/><T12/><D29/><U77/><E77/><V33/><F33/><W34/><G34/><T62/><D48/><U121/><E121/><V56/><F44/><N who="3" m="26015" /><G25/><T109/><D109/><U38/><E38/><V110/><F110/><W36/><G36/><T49/><D49/><U111/><E111/><V125/><F125/><W37/><G37/><T35/><D35/><U47/><REACH who="1" step="1"/><E71/><REACH who="1" ten="123,163,163,541" step="2"/><V70/><F70/><W17/><G10/><T105/><D74/><U40/><E40/><V86/><F68/><W42/><G42/><T67/><D81/><U3/><E3/><V30/><F76/><W118/><G118/><T87/><D9/><U41/><E41/><V79/><F79/><W122/><G122/><T133/><D4/><U120/><E120/><V127/><F8/><W78/><G78/><T124/><D124/><U94/><E94/><V59/><F5/><W107/><G6/><T72/><D72/><U82/><E82/><V100/><F83/><W22/><G106/><T23/><D105/><U115/><E115/><V132/><F127/><W69/><G69/><T52/><D12/><U64/><E64/><V95/><F65/><W116/><G116/><T98/><D66/><U113/><E113/><RYUUKYOKU ba="3,1" sc="123,-15,163,15,163,-15,541,15" hai1="0,1,27,28,32,47,50,53,55,58,61,89,92" hai3="13,17,22,96,99,102,104,107,134,135" />
</Scene>
<Scene>
<INIT seed="3,4,1,4,3,126" ten="108,178,148,556" oya="3" hai0="83,67,81,110,78,134,127,98,115,124,109,9,50" hai1="20,130,55,111,123,1,54,88,112,33,100,65,116" hai2="59,113,121,76,52,70,87,37,97,58,14,51,21" hai3="17,104,16,30,39,120,74,91,66,102,135,44,95"/><W122/><G30/><T99/><D67/><U19/><E33/><V69/><F113/><W8/><G66/><T71/><D50/><U35/><E35/><V128/><F37/><W118/><G118/><T2/><D71/><U61/><E112/><V82/><F121/><W101/><G74/><T114/><D9/><U106/><E123/><V60/><F128/><W108/><G104/><T93/><D2/><U73/><E73/><V41/><F97/><W47/><G39/><T105/><D105/><U107/><E1/><V4/><F41/><W5/><G8/><T133/><D93/><U32/><E32/><V132/><F4/><W22/><G95/><T11/><D11/><U12/><E130/><V63/><F70/><W23/><G5/><T0/><D0/><U46/><E107/><V53/><F69/><W96/><G96/><T90/><D90/><U85/><E100/><V103/><F103/><W117/><G91/><T25/><D25/><U42/><E106/><V125/><F125/><W62/><G117/><T10/><D10/><U31/><E31/><V72/><F72/><W119/><G119/><T57/><D57/><N who="1" m="37039" /><E111/><V28/><F28/><W68/><G68/><T84/><D84/><U79/><E79/><AGARI ba="4,1" hai="78,79,81,83,98,99,109,110,114,115,124,127,133,134" machi="79" ten="25,8000,1" yaku="22,2,34,3" doraHai="126" who="0" fromWho="1" sc="108,102,178,-92,148,0,556,0" />
</Scene>
<Scene>
<INIT seed="4,0,0,0,2,76" ten="210,86,148,556" oya="0" hai0="89,119,105,23,8,30,99,127,54,20,52,32,77" hai1="122,83,80,57,60,7,102,10,25,37,46,6,35" hai2="66,90,68,93,94,38,108,124,16,98,120,95,24" hai3="41,126,134,135,113,92,116,5,63,17,117,14,129"/><T48/><D119/><U13/><E122/><V73/><F120/><W118/><G113/><T2/><D54/><U107/><E7/><V79/><F108/><W123/><G123/><T62/><D62/><U11/><E11/><V58/><F68/><W132/><G41/><T87/><D127/><U130/><E130/><V64/><F38/><W53/><G129/><T65/><D65/><U100/><E46/><V40/><F40/><W97/><G5/><T29/><D32/><U88/><E37/><V74/><F74/><W19/><G126/><T78/><D8/><U50/><E50/><V1/><F1/><W103/><G14/><T27/><D99/><U42/><E42/><V4/><F4/><W84/><G84/><T15/><D105/><U33/><E33/><V28/><F28/><W70/><G53/><T110/><D110/><U106/><E106/><V115/><F115/><W56/><G56/><N who="0" m="32775" /><D2/><U26/><E107/><V133/><F66/><AGARI ba="0,0" hai="17,19,63,66,70,92,97,103,116,117,118,132,134,135" machi="66" ten="50,1600,0" yaku="20,1" doraHai="76" who="3" fromWho="2" sc="210,0,86,0,148,-16,556,16" />
</Scene>
<Scene>
<INIT seed="5,0,0,0,2,42" ten="210,86,132,572" oya="1" hai0="107,76,3,44,134,89,130,100,17,43,112,132,55" hai1="82,0,12,102,7,108,127,63,54,34,92,101,25" hai2="29,111,37,88,51,41,113,11,77,84,67,70,98" hai3="5,93,32,96,91,36,72,85,22,30,97,122,105"/><U28/><E127/><V115/><F111/><W99/><G36/><T6/><D76/><U125/><E125/><V73/><F37/><W4/><G32/><T62/><D17/><U75/><E108/><V65/><F29/><W120/><G105/><T83/><D100/><U68/><E0/><V19/><F98/><W110/><G72/><T71/><D107/><U18/><E7/><V57/><F73/><W58/><G110/><T2/><D89/><U38/><E38/><V118/><F118/><W133/><G133/><T123/><D83/><U24/><E24/><V23/><F11/><W109/><G109/><T131/><D123/><U94/><E101/><V103/><F77/><W47/><G58/><T8/><D3/><U87/><E75/><V64/><F70/><W27/><G47/><T14/><D71/><U126/><E126/><V74/><F74/><W135/><G135/><T39/><D132/><U104/><E104/><V1/><F1/><W49/><G49/><T9/><D2/><U52/><E102/><V13/><F103/><W50/><G50/><T106/><D106/><U128/><E128/><V117/><F117/><W129/><G129/><T15/><D134/><U114/><E114/><N who="2" m="43531" /><F41/><W66/><G66/><T80/><D112/><U124/><E124/><V59/><F51/><W35/><G35/><T53/><D131/><U69/><E69/><V119/><F119/><W10/><G5/><N who="0" m="3343" /><D130/><U86/><E86/><V31/><F31/><W48/><G48/><T79/><D62/><U20/><E68/><V60/><F60/><W46/><G4/><T121/><D121/><RYUUKYOKU ba="0,0" sc="210,15,86,-15,132,15,572,-15" hai0="6,9,15,39,43,44,53,55,79,80" hai2="13,19,23,57,59,64,65,67,84,88" />
</Scene>
<Scene>
<INIT seed="6,1,0,3,3,56" ten="225,71,147,557" oya="2" hai0="43,111,33,20,76,132,134,128,60,14,2,62,86" hai1="50,94,125,24,58,19,31,81,39,104,30,7,4" hai2="123,118,28,114,107,97,21,57,135,80,16,106,27" hai3="5,44,88,116,63,34,99,84,87,74,54,78,35"/><V121/><F118/><W91/><G5/><T55/><D33/><U67/><E39/><V51/><F114/><W92/><G74/><T64/><D2/><U45/><E104/><V108/><F135/><N who="0" m="51754" /><D111/><U129/><E125/><V32/><F108/><W18/><G18/><N who="0" m="10327" /><D128/><U47/><E129/><V117/><F80/><W100/><G91/><T113/><D64/><U109/><E109/><V101/><F117/><W42/><G87/><T112/><D43/><U48/><E81/><V70/><F70/><W105/><G78/><T77/><D55/><U133/><E133/><V130/><F107/><W83/><G83/><N who="0" m="47463" /><D77/><U131/><E131/><V46/><F130/><W13/><G13/><T69/><D69/><U72/><E72/><V73/><F73/><W98/><G98/><T82/><D82/><U3/><E94/><V75/><F75/><W41/><G44/><N who="1" m="16970" /><E3/><V17/><F57/><W38/><G38/><T119/><D119/><U102/><E102/><V29/><F29/><N who="1" m="10761" /><E19/><V25/><REACH who="2" step="1"/><F17/><REACH who="2" ten="225,71,137,557" step="2"/><W11/><G116/><T90/><D113/><U79/><E79/><V1/><F1/><W37/><G105/><T124/><D112/><U127/><E127/><V22/><F22/><W71/><G71/><T110/><D110/><U120/><E120/><V36/><F36/><W6/><G37/><T103/><D124/><U93/><E93/><V10/><F10/><W9/><G9/><T0/><D0/><U96/><E58/><V126/><F126/><W12/><G11/><T53/><D103/><U61/><E4/><V26/><F26/><W52/><G100/><T122/><D122/><RYUUKYOKU ba="1,1" sc="225,-10,71,-10,137,30,557,-10" hai2="16,21,25,27,28,32,46,51,97,101,106,121,123" />
</Scene>
<Scene>
<INIT seed="6,2,1,3,0,40" ten="215,61,167,547" oya="2" hai0="52,94,101,57,39,122,127,96,134,80,59,51,7" hai1="93,109,37,26,31,49,54,3,2,113,41,86,87" hai2="129,16,112,104,48,110,82,63,69,67,117,14,91" hai3="64,85,100,81,60,56,66,47,36,103,90,13,50"/><V133/><F117/><W6/><G36/><T11/><D122/><U19/><E113/><V105/><F112/><W46/><G66/><T62/><D134/><U126/><E109/><V23/><F133/><W128/><G128/><T32/><D127/><U22/><E126/><V42/><F129/><W9/><G46/><T29/><D39/><U118/><E118/><V84/><REACH who="2" step="1"/><F110/><REACH who="2" ten="215,61,157,547" step="2"/><W0/><G0/><T71/><D71/><U92/><E3/><V24/><F24/><W15/><G13/><N who="0" m="5375" /><D32/><U17/><E2/><V70/><F70/><W116/><G116/><T27/><D27/><U115/><E115/><V68/><F68/><W106/><G106/><T76/><D29/><U135/><E135/><V108/><F108/><W72/><G72/><T28/><D28/><U130/><E130/><V61/><F61/><W55/><AGARI ba="2,2" hai="6,9,15,47,50,55,56,60,64,81,85,90,100,103" machi="55" ten="20,5200,0" yaku="0,1,7,1,8,1,52,1" doraHai="40" who="3" fromWho="3" sc="215,-15,61,-15,157,-28,547,78" />
</Scene>
<Scene>
<INIT seed="7,0,0,4,1,0" ten="200,46,129,625" oya="3" hai0="119,128,9,91,94,77,123,79,2,33,107,17,95" hai1="71,47,78,83,60,89,84,104,51,35,24,106,44" hai2="66,134,110,115,122,38,121,4,87,129,36,96,31" hai3="25,41,97,64,1,8,67,5,45,32,131,108,125"/><W118/><G118/><T69/><D69/><U116/><E116/><V99/><F31/><W112/><G112/><T132/><D107/><U50/><E35/><V15/><F110/><W85/><G108/><T100/><D33/><U30/><E30/><V130/><F66/><W52/><G125/><T54/><D54/><U3/><E24/><V49/><F49/><W23/><G32/><T37/><D37/><N who="2" m="14442" /><F87/><W21/><G131/><N who="2" m="50185" /><F115/><W13/><G1/><T43/><D2/><U40/><E3/><V16/><F134/><W81/><G97/><N who="2" m="37449" /><F4/><W28/><G23/><AGARI ba="0,0" hai="15,16,23,121,122" m="37449,50185,14442" machi="23" ten="40,2600,0" yaku="19,1,54,1" doraHai="0" who="2" fromWho="3" sc="200,0,46,0,129,26,625,-26" owari="200,0.0,46,-45.0,155,-24.0,599,69.0" />
</Scene>
</mjloggm>