<mjloggm ver="2.3"><GO type="169" lobby="0"/><UN n0="%E5%A4%AA%E3%81%8F%E3%81%AA%E3%81%84%E3%81%8A" n1="%E3%82%A4%E3%83%AC%E3%82%AE%E3%83%A5%E3%83%A9%E3%83%BC" n2="%E3%83%8A%E3%82%AC%E3%83%A4%E3%83%9E" n3="%6D%69%69%6B%6F" dan="18,16,16,17" rate="2228.04,2021.85,2098.54,2172.94" sx="F,M,M,M"/><TAIKYOKU oya="0"/>

<Scene>
<INIT seed="0,0,0,2,4,97" ten="250,250,250,250" oya="0" hai0="103,109,55,35,10,54,88,71,108,23,96,61,124" hai1="90,20,110,65,27,135,22,91,50,52,47,36,31" hai2="59,8,112,100,128,122,49,41,95,17,106,74,3" hai3="67,21,12,82,9,38,11,37,30,83,87,53,39"/><T0/><D35/><U28/><E110/><N who="0" m="42601" /><D124/><U63/><E135/><V116/><F112/><W1/><G67/><N who="0" m="41455" /><D23/><U2/><E2/><V111/><F3/><W81/><G1/><T123/><D123/><U134/><E36/><V84/><F111/><W66/><G66/><T16/><D88/><U29/><E134/><V131/><F122/><W132/><G132/><T26/><D0/><U89/><REACH who="1" step="1"/><E22/><REACH who="1" ten="250,240,250,250" step="2"/><V70/><F128/><W44/><G21/><N who="0" m="13607" /><D10/><U99/><E99/><V6/><F8/><W62/><G11/><T121/><D121/><U129/><E129/><V18/><F131/><W98/><G9/><T93/><AGARI ba="0,1" hai="54,55,93,96,103" m="13607,41455,42601" machi="93" ten="30,11700,0" yaku="14,1,10,1,52,1,54,1" doraHai="97" who="0" fromWho="0" sc="250,127,240,-39,250,-39,250,-39" />
</Scene>
<Scene>
<INIT seed="0,1,0,2,0,88" ten="377,201,211,211" oya="0" hai0="46,102,133,96,9,36,37,132,34,100,74,122,68" hai1="86,49,3,58,23,64,111,70,67,95,97,43,24" hai2="120,75,79,51,50,113,44,4,92,14,0,19,2" hai3="22,129,65,53,80,7,16,27,119,90,117,85,18"/><T12/><D122/><U55/><E3/><V112/><F120/><W13/><G129/><T72/><D68/><U33/><E111/><V35/><F35/><W115/><G115/><T62/><D34/><U39/><E33/><V32/><F32/><W60/><G7/><N who="0" m="3135" /><D62/><U121/><E121/><V42/><F4/><W128/><G128/><T134/><D102/><U91/><E70/><V45/><F0/><W76/><G76/><T98/><D96/><U106/><E106/><V17/><F2/><W40/><G40/><N who="0" m="22791" /><D37/><U127/><E127/><V109/><F113/><W93/><G53/><T87/><D87/><U6/><E6/><V69/><F69/><W21/><REACH who="3" step="1"/><G80/><REACH who="3" ten="377,201,211,201" step="2"/><T8/><D8/><U54/><E55/><N who="2" m="30151" /><F112/><W25/><G25/><T10/><D10/><U94/><E43/><V1/><F1/><W15/><G15/><T114/><D114/><U123/><E123/><V124/><F14/><W107/><G107/><AGARI ba="1,1" hai="72,74,98,100,107,132,133,134" m="22791,3135" machi="107" ten="30,1500,0" yaku="20,1" doraHai="88" who="0" fromWho="3" sc="377,28,201,0,211,0,201,-18" />
</Scene>
<Scene>
<INIT seed="0,2,0,1,0,109" ten="405,201,211,183" oya="0" hai0="56,96,97,73,29,59,6,121,102,69,26,37,44" hai1="39,50,34,134,88,95,115,103,86,94,22,87,124" hai2="99,62,24,43,30,132,21,123,118,74,1,120,130" hai3="71,129,108,4,0,114,27,110,38,67,42,57,17"/><T11/><D121/><U33/><E39/><V20/><F132/><W89/><G129/><T78/><D69/><U111/><E134/><V5/><F130/><W65/><G71/><T60/><D73/><U16/><E111/><N who="3" m="42538" /><G89/><T101/><D78/><U53/><E124/><V25/><F118/><W54/><G4/><T128/><D128/><U80/><E115/><V107/><F74/><W10/><G0/><T126/><D126/><U7/><E7/><V68/><F43/><W2/><G2/><T55/><D59/><U3/><E3/><V41/><F41/><W46/><G114/><T47/><D37/><U66/><E66/><N who="2" m="41047" /><F5/><W81/><G81/><T133/><D133/><U91/><E103/><N who="2" m="62975" /><F25/><W131/><G131/><T82/><D82/><U8/><E80/><V117/><F1/><W35/><G35/><T64/><D101/><U98/><E98/><V119/><F119/><W52/><G54/><T84/><D55/><U49/><E8/><V32/><F117/><W9/><G9/><T23/><D84/><U61/><E34/><V28/><F28/><W122/><G122/><AGARI ba="2,0" hai="20,21,24,30,32,120,122,123" m="62975,41047" machi="122" ten="30,1000,0" yaku="25,1" doraHai="109" who="2" fromWho="3" sc="405,0,201,0,211,16,183,-16" />
</Scene>
<Scene>
<INIT seed="1,0,0,1,5,9" ten="405,201,227,167" oya="1" hai0="61,24,93,89,116,114,16,97,5,49,123,70,134" hai1="52,37,119,80,98,112,57,44,124,95,1,81,14" hai2="10,94,77,130,19,22,12,15,59,121,25,79,126" hai3="66,129,132,84,29,108,113,118,109,46,107,117,4"/><U3/><E112/><V128/><F121/><W110/><G107/><T65/><D114/><U76/><E119/><N who="3" m="45578" /><G113/><T21/><D116/><U101/><E124/><V127/><F94/><W69/><G29/><T42/><D123/><U90/><E101/><V58/><F77/><W41/><G84/><T30/><D134/><U31/><E31/><V23/><F79/><W100/><G100/><T20/><D5/><U105/><E105/><V60/><F23/><W28/><G28/><T35/><REACH who="0" step="1"/><D16/><REACH who="0" ten="395,201,227,167" step="2"/><U64/><E1/><V40/><F126/><W36/><G4/><T56/><D56/><U38/><E3/><V75/><F59/><W73/><G132/><T92/><D92/><U18/><E95/><V115/><F127/><W45/><G45/><AGARI ba="0,1" hai="20,21,24,30,35,42,45,49,61,65,70,89,93,97" machi="45" ten="40,1300,0" yaku="1,1,53,0" doraHai="9" doraHaiUra="99" who="0" fromWho="3" sc="395,23,201,0,227,0,167,-13" />
</Scene>
<Scene>
<INIT seed="2,0,0,4,1,4" ten="418,201,227,154" oya="2" hai0="132,86,26,38,44,1,20,110,88,14,52,72,8" hai1="56,113,125,95,60,69,126,135,131,133,21,134,40" hai2="75,107,77,51,54,93,12,115,24,97,58,85,76" hai3="47,118,37,62,87,48,91,27,109,3,28,129,35"/><V0/><F0/><W32/><G118/><T73/><D1/><U50/><E95/><V71/><F115/><W36/><G109/><T128/><D110/><U106/><E106/><V98/><F71/><W123/><G123/><T78/><D78/><U103/><E103/><V39/><F39/><W117/><G117/><T61/><D128/><U74/><E74/><V41/><F41/><W122/><G122/><T92/><D132/><U34/><E34/><V59/><F75/><W127/><G129/><T5/><D38/><U43/><E21/><V108/><F108/><W111/><G111/><T119/><D119/><U11/><E11/><V70/><F70/><W19/><G3/><T16/><REACH who="0" step="1"/><D61/><REACH who="0" ten="408,201,227,154" step="2"/><U66/><E131/><V120/><F77/><W10/><G62/><T100/><D100/><U42/><E113/><V89/><F76/><W64/><G37/><T90/><D90/><U55/><AGARI ba="0,1" hai="40,42,43,50,55,56,60,66,69,125,126,133,134,135" machi="55" ten="40,8000,1" yaku="0,1,20,1,34,3" doraHai="4" who="1" fromWho="1" sc="408,-20,201,90,227,-40,154,-20" />
</Scene>
<Scene>
<INIT seed="3,0,0,5,1,106" ten="388,291,187,134" oya="3" hai0="63,58,19,38,37,131,108,119,18,71,109,79,93" hai1="64,95,48,9,116,83,0,104,25,36,87,107,52" hai2="115,84,66,26,65,118,134,68,74,86,91,72,102" hai3="17,40,126,125,13,1,99,127,121,3,135,57,81"/><W114/><G121/><T50/><D119/><U76/><E36/><N who="0" m="13929" /><D79/><U59/><E116/><V28/><F118/><W11/><G40/><T70/><D93/><U98/><E64/><V39/><F115/><W100/><G114/><T56/><D131/><U60/><E48/><V97/><F39/><W45/><G45/><T128/><D128/><U47/><E47/><V24/><F134/><W21/><G135/><T43/><D43/><U113/><E113/><V33/><F26/><W2/><G81/><T122/><D122/><U46/><E46/><V35/><F35/><W101/><G99/><T110/><D50/><U89/><REACH who="1" step="1"/><E25/><REACH who="1" ten="388,281,187,134" step="2"/><V73/><F66/><W23/><REACH who="3" step="1"/><G57/><REACH who="3" ten="388,281,187,124" step="2"/><N who="0" m="22123" /><D63/><U5/><AGARI ba="0,2" hai="0,5,9,52,59,60,76,83,87,89,95,98,104,107" machi="5" ten="30,7900,0" yaku="1,1,0,1,54,1,53,1" doraHai="106" doraHaiUra="55" who="1" fromWho="1" sc="388,-20,281,99,187,-20,124,-39" />
</Scene>
<Scene>
<INIT seed="4,0,0,1,3,26" ten="368,380,167,85" oya="0" hai0="103,58,78,119,66,68,110,6,100,108,122,105,40" hai1="54,94,39,82,109,35,5,4,69,0,81,23,60" hai2="12,55,106,56,18,31,7,116,75,50,74,128,101" hai3="10,34,73,21,92,71,20,93,25,14,89,43,87"/><T86/><D122/><U45/><E109/><N who="0" m="42089" /><D119/><U33/><E33/><V8/><F116/><W111/><G111/><T24/><D105/><U29/><E35/><V57/><F128/><W95/><G73/><T48/><D6/><U83/><E0/><V99/><F31/><W125/><G125/><T127/><D127/><U49/><E39/><V104/><F104/><W62/><G43/><T59/><D68/><U120/><E120/><V64/><REACH who="2" step="1"/><F7/><REACH who="2" ten="368,380,157,85" step="2"/><W44/><G34/><T61/><D24/><U3/><E5/><V97/><F97/><W88/><G25/><T126/><D126/><U16/><E4/><V30/><F30/><W32/><G32/><T1/><D1/><U80/><E29/><V67/><F67/><W131/><G131/><T36/><D66/><U19/><E3/><V121/><F121/><W37/><G14/><T85/><D36/><U53/><E19/><V51/><F51/><W77/><G37/><T113/><D48/><U11/><E16/><V129/><F129/><W107/><G107/><T17/><D17/><U118/><E49/><V13/><F13/><W114/><G10/><T112/><D112/><U132/><E11/><V72/><F72/><W117/><G114/><T76/><D113/><U115/><E115/><V124/><F124/><W38/><G117/><T52/><D86/><U134/><E118/><V63/><AGARI ba="0,1" hai="8,12,18,50,55,56,57,63,64,74,75,99,101,106" machi="63" ten="30,2000,0" yaku="1,1,0,1,53,0" doraHai="26" doraHaiUra="42" who="2" fromWho="2" sc="368,-10,380,-5,157,30,85,-5" />
</Scene>
<Scene>
<INIT seed="5,0,0,3,4,14" ten="358,375,187,80" oya="1" hai0="30,86,19,67,71,109,28,123,18,83,94,68,40" hai1="124,59,111,36,105,37,127,106,134,118,47,20,101" hai2="60,93,54,92,27,45,114,75,72,125,98,108,99" hai3="64,11,110,58,23,29,117,122,62,24,38,120,116"/><U46/><E118/><V17/><F108/><W2/><G38/><N who="1" m="14954" /><E101/><V74/><F125/><N who="1" m="48201" /><E134/><V104/><F114/><W12/><G2/><T97/><D109/><U84/><E59/><V89/><F104/><N who="1" m="40041" /><E84/><V103/><F72/><W79/><G110/><T48/><D86/><U69/><E111/><V57/><F45/><N who="1" m="16905" /><E20/><AGARI ba="0,0" hai="17,20,27,54,57,60,74,75,89,92,93,98,99,103" machi="20" ten="40,5200,0" yaku="25,2,52,1" doraHai="14" who="2" fromWho="1" sc="358,0,375,-52,187,52,80,0" />
</Scene>
<Scene>
<INIT seed="6,0,0,5,2,24" ten="358,323,239,80" oya="2" hai0="95,134,5,88,126,22,112,72,7,31,23,56,83" hai1="79,29,4,77,59,57,15,2,92,65,76,86,91" hai2="93,21,96,110,51,120,84,108,17,49,87,116,47" hai3="67,52,74,129,1,38,98,114,45,33,127,64,39"/><V54/><F116/><W8/><G8/><T102/><D112/><U101/><E2/><V66/><F120/><W12/><G12/><T71/><D71/><U68/><E68/><V50/><F66/><W75/><G98/><T36/><D36/><U90/><E101/><N who="2" m="60559" /><F110/><W58/><G1/><T19/><D134/><U107/><E107/><V13/><F108/><W130/><G33/><T115/><D115/><U48/><E65/><V117/><F117/><W3/><G3/><T53/><D126/><U125/><E125/><V44/><F51/><W43/><G114/><T28/><D102/><U40/><E91/><V106/><F106/><W10/><G10/><T81/><D72/><U85/><E85/><V123/><F123/><W135/><G127/><T97/><D81/><U0/><E0/><V34/><F34/><W32/><G32/><T6/><D83/><U73/><E73/><V89/><F89/><W100/><G100/><T133/><D133/><U11/><REACH who="1" step="1"/><E29/><REACH who="1" ten="358,313,239,80" step="2"/><N who="0" m="11337" /><D19/><U94/><E94/><V131/><F131/><W99/><G135/><T16/><D16/><U61/><E61/><AGARI ba="0,1" hai="5,6,7,22,23,53,56,61,88,95,97" m="11337" machi="61" ten="30,8000,1" yaku="8,1,52,3,54,1" doraHai="24" who="0" fromWho="1" sc="358,90,313,-80,239,0,80,0" />
</Scene>
<Scene>
<INIT seed="7,0,0,2,4,40" ten="448,233,239,80" oya="3" hai0="57,60,27,42,3,128,22,18,114,48,85,74,113" hai1="37,30,64,75,120,26,63,110,6,131,34,54,81" hai2="29,119,46,101,111,66,49,0,65,33,69,125,107" hai3="45,7,96,61,19,41,117,129,78,121,108,52,38"/><W109/><G117/><T71/><D74/><U92/><E110/><N who="3" m="42602" /><G121/><T12/><D3/><U24/><E120/><V16/><F111/><W67/><G7/><T9/><D128/><U103/><E131/><V84/><F119/><W93/><G129/><T88/><D71/><U47/><E6/><V8/><F125/><W90/><G78/><T21/><D42/><U135/><E135/><V36/><F36/><W59/><G19/><T50/><D114/><U70/><E26/><V2/><F84/><W82/><G82/><N who="0" m="49207" /><D113/><U72/><E81/><V43/><F69/><W95/><G95/><T106/><D106/><U133/><E133/><V32/><F2/><W99/><G99/><T116/><D116/><U35/><E35/><V87/><F33/><W62/><G62/><T11/><D22/><U44/><E37/><V79/><F107/><W122/><G122/><T17/><D11/><U5/><E5/><V15/><F0/><W132/><G132/><T23/><D23/><U73/><E92/><V14/><F101/><W77/><G77/><T31/><D18/><U102/><E102/><V124/><F124/><W58/><G58/><T51/><D60/><N who="1" m="40199" /><E103/><V10/><F32/><W104/><G104/><T112/><D112/><U53/><E63/><V13/><F29/><W94/><G94/><T134/><D134/><U91/><E91/><V118/><F118/><W127/><G127/><T126/><D126/><U80/><E80/><N who="2" m="47519" /><F16/><W98/><G98/><T25/><D25/><U100/><E100/><V76/><F76/><W105/><G105/><T56/><AGARI ba="0,0" hai="9,12,17,21,27,31,48,50,51,56,57" m="49207" machi="56" ten="30,2000,0" yaku="8,1,54,1" doraHai="40" who="0" fromWho="0" sc="448,20,233,-5,239,-5,80,-10" owari="468,57.0,228,-17.0,234,3.0,70,-43.0" />
</Scene>
</mjloggm>