<mjloggm ver="2.3"><GO type="169"/><UN n0="%67%69%6A%79%75%74%75" n1="%E3%83%92%E3%82%B2%E3%83%AD%E3%83%B3%E3%82%B0" n2="%E3%81%A1%E3%81%8F%E3%81%8D" n3="%E5%A4%AA%E3%81%8F%E3%81%AA%E3%81%84%E3%81%8A" dan="16,17,18,18" rate="2050,2201,2154,2194" sx="M,M,M,M"/><TAIKYOKU oya="0"/>

<Scene>
<INIT seed="0,0,0,0,3,37" ten="250,250,250,250" oya="0" hai0="71,61,6,100,40,111,53,105,60,131,117,14,132" hai1="0,33,25,57,4,36,8,106,98,109,51,15,80" hai2="127,115,59,42,113,26,38,110,128,89,104,34,27" hai3="108,79,32,56,102,5,23,19,134,95,3,47,24"/><T10/><D117/><U94/><E36/><V135/><F104/><W122/><G108/><T116/><D116/><U46/><E109/><V97/><F110/><W13/><G134/><T16/><D111/><U81/><E106/><V76/><F76/><W55/><G122/><T62/><D132/><U39/><E39/><V120/><F135/><W41/><G79/><T50/><D131/><U63/><E0/><V121/><F128/><W96/><G3/><T1/><D105/><U74/><E74/><V83/><F34/><W125/><G125/><T99/><D99/><U90/><E33/><V124/><F83/><W52/><G56/><T21/><D100/><U18/><E25/><V72/><F72/><W75/><G75/><T69/><REACH who="0" step="1"/><D40/><REACH who="0" ten="240,250,250,250" step="2"/><N who="1" m="25031" /><E4/><V9/><F121/><W119/><G119/><T30/><D30/><U88/><E90/><V17/><F89/><W103/><G103/><T2/><D2/><U11/><E11/><V22/><F9/><W29/><G5/><T84/><D84/><U45/><E8/><V44/><F120/><W85/><G85/><T126/><D126/><U58/><E88/><V114/><F127/><W118/><G118/><T49/><D49/><AGARI ba="0,1" hai="13,19,23,24,29,32,41,47,49,52,55,95,96,102" machi="49" ten="30,3900,0" yaku="7,1,52,1,54,1" doraHai="37" who="3" fromWho="0" sc="240,-39,250,0,250,0,250,49" />
</Scene>
<Scene>
<INIT seed="1,0,0,3,2,23" ten="201,250,250,299" oya="1" hai0="96,80,25,99,91,114,36,35,48,3,86,69,65" hai1="41,77,63,34,12,46,9,95,131,28,7,133,37" hai2="5,112,4,103,111,17,127,108,8,126,89,53,93" hai3="15,59,73,32,61,60,24,84,109,105,38,90,135"/><U130/><E133/><V75/><F75/><W132/><G73/><T88/><D36/><U64/><E77/><V39/><F39/><W98/><G38/><T101/><D3/><U74/><E74/><V134/><F103/><N who="3" m="62711" /><G59/><T92/><D114/><U115/><E115/><V71/><F71/><W6/><G109/><N who="2" m="42057" /><F112/><W51/><G51/><T117/><D117/><U16/><E95/><V11/><F53/><W29/><G15/><T52/><D69/><U26/><REACH who="1" step="1"/><E7/><REACH who="1" ten="201,240,250,299" step="2"/><V119/><F134/><N who="3" m="51243" /><G6/><T116/><D116/><U30/><E30/><V55/><F4/><W44/><G44/><T118/><D118/><U83/><E83/><AGARI ba="0,1" hai="24,29,32,60,61,83,84,90" m="51243,62711" machi="83" ten="30,2000,0" yaku="20,1,52,1" doraHai="23" who="3" fromWho="1" sc="201,0,240,-20,250,0,299,30" />
</Scene>
<Scene>
<INIT seed="2,0,0,1,2,70" ten="201,220,250,329" oya="2" hai0="36,1,135,0,81,2,42,25,79,90,46,123,114" hai1="63,26,34,122,86,47,92,127,134,16,66,8,133" hai2="124,49,57,84,95,12,113,7,30,33,4,24,102" hai3="112,104,13,60,80,88,14,97,68,91,103,87,3"/><V120/><F120/><W44/><G3/><T5/><D114/><U117/><E117/><V28/><F113/><W31/><G112/><T50/><D123/><U21/><E122/><V54/><F124/><W109/><G109/><T73/><D135/><U126/><E8/><V105/><F30/><W61/><G61/><T115/><D115/><U48/><E34/><V59/><F105/><W51/><G31/><T55/><D90/><N who="1" m="53335" /><E48/><V19/><F59/><W118/><G118/><T132/><D25/><U58/><E47/><V32/><F32/><W53/><G68/><T35/><D35/><U101/><E101/><V56/><F56/><W71/><G71/><T67/><D67/><U37/><E37/><V85/><F85/><W65/><G65/><T82/><D82/><U29/><E29/><V20/><REACH who="2" step="1"/><F102/><REACH who="2" ten="201,220,240,329" step="2"/><W45/><G103/><T108/><D132/><AGARI ba="0,1" hai="16,21,26,58,63,66,126,127,132,133,134" m="53335" machi="132" ten="30,2000,0" yaku="20,1,54,1" doraHai="70" who="1" fromWho="0" sc="201,-20,220,30,240,0,329,0" />
</Scene>
<Scene>
<INIT seed="3,0,0,3,2,40" ten="181,250,240,329" oya="3" hai0="77,84,123,29,32,125,101,37,58,25,130,9,94" hai1="7,21,34,89,31,119,17,50,82,115,10,45,23" hai2="13,117,36,46,121,54,2,47,64,61,104,39,98" hai3="57,63,71,24,118,76,135,116,68,112,33,131,48"/><W129/><G76/><T12/><D123/><U132/><E115/><V109/><F2/><W85/><G85/><T88/><D37/><N who="2" m="14410" /><F13/><W66/><G33/><T73/><D130/><N who="3" m="49673" /><G24/><T100/><D125/><U126/><E126/><V87/><F87/><W81/><G81/><T38/><D38/><U74/><E34/><V55/><F98/><W6/><G6/><T83/><REACH who="0" step="1"/><D58/><REACH who="0" ten="171,250,240,329" step="2"/><U52/><E119/><V20/><F117/><W11/><G116/><T18/><AGARI ba="0,1" hai="9,12,18,25,29,32,73,77,83,84,88,94,100,101" machi="18" ten="20,8000,1" yaku="1,1,2,1,0,1,7,1,54,1,53,0" doraHai="40" doraHaiUra="16" who="0" fromWho="0" sc="171,90,250,-20,240,-20,329,-40" />
</Scene>
<Scene>
<INIT seed="4,0,0,4,0,9" ten="261,230,220,289" oya="0" hai0="16,74,132,60,75,97,124,8,32,86,93,129,73" hai1="22,5,42,91,7,84,80,100,20,62,109,98,99" hai2="96,24,6,12,49,45,113,121,94,2,27,125,122" hai3="26,47,58,52,25,61,36,0,3,106,110,44,78"/><T76/><D32/><U30/><E109/><V81/><F113/><W103/><G110/><T119/><D119/><U63/><E42/><V29/><F2/><W10/><G78/><T11/><D124/><U108/><E108/><V117/><F125/><W15/><G0/><T111/><D111/><U102/><E30/><V67/><F117/><W88/><G3/><T35/><D35/><U70/><E70/><V21/><F67/><W127/><G127/><T114/><D114/><U105/><E22/><V87/><F27/><N who="3" m="10251" /><G106/><T28/><D28/><U128/><E20/><V46/><F122/><W130/><G103/><T104/><D104/><U41/><E41/><V48/><F121/><W90/><G36/><T71/><D132/><U43/><E43/><V118/><F118/><W53/><G130/><T33/><D129/><U101/><E128/><V39/><F39/><W68/><G68/><T17/><D33/><U31/><E31/><V69/><F69/><W56/><G47/><T23/><D60/><N who="1" m="23083" /><E105/><V82/><F45/><W18/><G44/><T1/><D71/><U83/><E83/><V120/><F81/><W115/><G115/><T131/><D131/><U65/><E65/><V66/><F46/><W64/><G58/><T116/><D116/><U19/><E19/><N who="0" m="7241" /><D1/><U95/><E99/><V85/><F120/><W14/><G14/><T51/><D23/><U77/><AGARI ba="0,0" hai="5,7,77,80,84,91,95,98,100,101,102" m="23083" machi="77" ten="30,1100,0" yaku="8,1" doraHai="9" who="1" fromWho="1" sc="261,-5,230,11,220,-3,289,-3" />
</Scene>
<Scene>
<INIT seed="5,0,0,3,1,117" ten="256,241,217,286" oya="1" hai0="133,110,84,67,77,63,125,99,94,113,89,30,38" hai1="98,122,24,62,97,118,88,130,69,106,46,105,51" hai2="56,37,123,112,91,119,80,29,35,76,103,82,71" hai3="28,109,131,6,81,54,16,65,83,9,31,129,22"/><U115/><E118/><V121/><F71/><W14/><G65/><T11/><D38/><U25/><E115/><V90/><F37/><W10/><G54/><T128/><D113/><U18/><E130/><N who="3" m="49674" /><G109/><T20/><D110/><U87/><E98/><V21/><F119/><W19/><G81/><T0/><D128/><U101/><E105/><V120/><F112/><W70/><G83/><T17/><D30/><N who="3" m="11305" /><G70/><T60/><D67/><U36/><E36/><V116/><F116/><W3/><G10/><T33/><D11/><U8/><E69/><V23/><F103/><W72/><G72/><T135/><D84/><U75/><E62/><V124/><F56/><W26/><G19/><T126/><D17/><U55/><E75/><V15/><F82/><W107/><G107/><T42/><D60/><U134/><E134/><V100/><F100/><W40/><G40/><T49/><D42/><U43/><E43/><V64/><F64/><W86/><G86/><T92/><D135/><U66/><E66/><V34/><F90/><W44/><G44/><T27/><D89/><U85/><E85/><V45/><F91/><W41/><G41/><T53/><D133/><U61/><E61/><V95/><F45/><W5/><G5/><T58/><D63/><U4/><E4/><V104/><F104/><W48/><G48/><T47/><D49/><U39/><E39/><V111/><F111/><W127/><G127/><T93/><D126/><U96/><E106/><V50/><F124/><W57/><G57/><T52/><D58/><U7/><E51/><V1/><F50/><W74/><G74/><RYUUKYOKU ba="0,0" sc="256,-10,241,-10,217,-10,286,30" hai3="3,6,9,14,16,22,26" />
</Scene>
<Scene>
<INIT seed="6,1,0,5,1,47" ten="246,231,207,316" oya="2" hai0="34,97,24,17,101,130,28,2,14,36,43,18,5" hai1="133,44,39,115,85,72,99,53,42,67,87,128,105" hai2="31,48,102,106,129,86,46,96,9,7,109,127,49" hai3="64,30,60,80,26,112,54,107,89,41,113,51,21"/><V90/><F129/><W29/><G107/><T27/><D43/><U62/><E72/><V83/><F127/><W78/><G89/><T22/><D36/><U37/><E128/><V50/><F31/><W73/><G41/><T35/><D97/><U121/><E39/><V0/><REACH who="2" step="1"/><F109/><REACH who="2" ten="246,231,197,316" step="2"/><W40/><G30/><N who="0" m="19807" /><D130/><U81/><E121/><V61/><F61/><W20/><G60/><T108/><D108/><U8/><E62/><V91/><F91/><W56/><G113/><T122/><D122/><U123/><E115/><V25/><F25/><W117/><G112/><T68/><D101/><U71/><E123/><V59/><F59/><W104/><G56/><T3/><D68/><U12/><E71/><V111/><F111/><W69/><G69/><T95/><D5/><U4/><E4/><V63/><F63/><W55/><G26/><N who="0" m="14679" /><D95/><U103/><E103/><V57/><F57/><W131/><G131/><T66/><D66/><U16/><E67/><V10/><F10/><AGARI ba="1,1" hai="2,3,10,14,17,24,28,35" m="14679,19807" machi="10" ten="30,8000,1" yaku="35,5" doraHai="47" who="0" fromWho="2" sc="246,93,231,0,197,-83,316,0" />
</Scene>
<Scene>
<INIT seed="7,0,0,3,3,103" ten="339,231,114,316" oya="3" hai0="89,31,37,62,82,75,67,78,93,30,65,10,66" hai1="125,63,94,38,84,104,34,95,99,28,135,4,8" hai2="18,80,132,71,76,13,134,74,20,50,118,58,22" hai3="57,16,54,15,23,110,19,111,69,27,52,32,92"/><W53/><G69/><T127/><D37/><U113/><E38/><V64/><F118/><W85/><G32/><T88/><D127/><U108/><E125/><V9/><F71/><W43/><G43/><T41/><D41/><U35/><E108/><N who="3" m="41514" /><G92/><T126/><D126/><U59/><E113/><V17/><F64/><W21/><G85/><T120/><D120/><U51/><E51/><AGARI ba="0,0" hai="15,16,19,21,23,27,51,52,53,54,57" m="41514" machi="51" ten="30,5800,0" yaku="10,1,54,2" doraHai="103" who="3" fromWho="1" sc="339,0,231,-58,114,0,316,58" owari="339,14.0,173,-23.0,114,-39.0,374,48.0" />
</Scene>
</mjloggm>