<mjloggm ver="2.3"><GO type="97"/><UN n0="%63%6F%6D%6D%6F%6E%73" n1="%E5%A4%AA%E3%81%8F%E3%81%AA%E3%81%84%E3%81%8A" n2="%E3%82%8D%E3%83%BC%E3%81%B4%E3%82%93" n3="%E8%87%AA%E7%A7%B0%E6%9C%80%E5%BC%B7%E9%9B%80%E5%A3%AB%EF%BC%92" dan="14,13,15,15" rate="1898,2023,1986,1994" sx="M,M,M,M"/><TAIKYOKU oya="0"/>

<Scene>
<INIT seed="0,0,0,2,5,123" ten="250,250,250,250" oya="0" hai0="125,85,34,38,25,28,75,46,81,80,95,18,68" hai1="33,76,3,32,43,105,121,58,29,130,31,112,12" hai2="119,59,7,54,60,51,114,82,30,132,45,50,24" hai3="49,108,42,69,107,84,13,66,103,72,15,91,10"/><T35/><D68/><U40/><E121/><V37/><F114/><W0/><G72/><T57/><D75/><U56/><E3/><V94/><F132/><W23/><G0/><T126/><D95/><U101/><E76/><V86/><F94/><W97/><G23/><T116/><D116/><U1/><E1/><V19/><F119/><W90/><G90/><T70/><D70/><U129/><E12/><V67/><F7/><W111/><G42/><N who="0" m="22871" /><D57/><U115/><REACH who="1" step="1"/><E101/><REACH who="1" ten="250,240,250,250" step="2"/><V6/><F6/><W117/><G117/><T128/><D125/><U89/><E89/><V17/><F37/><W4/><G15/><T20/><D126/><U74/><E74/><V5/><F5/><W131/><G131/><T100/><D128/><U64/><E64/><V118/><F118/><W53/><G66/><T47/><D100/><U83/><E83/><V127/><F127/><W133/><G133/><T78/><D81/><U27/><E27/><V52/><F67/><W26/><G26/><T124/><D124/><U113/><E113/><V135/><F135/><W79/><G79/><T110/><D25/><U16/><E16/><V120/><F120/><W106/><G69/><T8/><D18/><U61/><E61/><V71/><F60/><W88/><G91/><T65/><D78/><U9/><E9/><V22/><F71/><W39/><G39/><T14/><D80/><U36/><E36/><V41/><F41/><W134/><G134/><T87/><D35/><U2/><E2/><V48/><F48/><W44/><G106/><AGARI ba="0,1" hai="29,31,32,33,40,43,56,58,105,106,112,115,129,130" machi="106" ten="25,8000,1" yaku="1,1,22,2,53,2" doraHai="123" doraHaiUra="102" who="1" fromWho="3" sc="250,0,240,90,250,0,250,-80" />
</Scene>
<Scene>
<INIT seed="1,0,0,3,0,53" ten="250,330,250,170" oya="1" hai0="133,0,46,22,91,106,112,69,101,25,75,87,57" hai1="39,131,63,36,72,130,85,103,110,95,38,122,8" hai2="7,4,15,43,90,70,118,83,114,119,74,97,40" hai3="42,126,35,13,98,123,92,21,113,100,18,30,71"/><U26/><E72/><V17/><F70/><W49/><G123/><T109/><D112/><U10/><E122/><V128/><F128/><N who="1" m="49193" /><E110/><V54/><F114/><W59/><G113/><T33/><D109/><U105/><E105/><V23/><F118/><W127/><G71/><T51/><D133/><U44/><E44/><V64/><F119/><W125/><G35/><T88/><D0/><U68/><E26/><V79/><F64/><W121/><G121/><T120/><D69/><U1/><E1/><V67/><F67/><W66/><G30/><T61/><D75/><U2/><E2/><V11/><F54/><W41/><REACH who="3" step="1"/><G49/><REACH who="3" ten="250,330,250,160" step="2"/><T104/><D33/><U78/><E68/><V14/><REACH who="2" step="1"/><F4/><REACH who="2" ten="250,330,240,160" step="2"/><W32/><G32/><T102/><D120/><U99/><E38/><V84/><F84/><W31/><G31/><T129/><D87/><U132/><E39/><V5/><F5/><W55/><G55/><T115/><D115/><U81/><E36/><V24/><F24/><W82/><G82/><T45/><D51/><U96/><E85/><V80/><F80/><W76/><G76/><T58/><D25/><U9/><E81/><V52/><F52/><W107/><G107/><T28/><D28/><U6/><E6/><V65/><F65/><W12/><G12/><T50/><D50/><U93/><E78/><V27/><F27/><W60/><AGARI ba="0,2" hai="13,18,21,41,42,59,60,66,92,98,100,125,126,127" machi="60" ten="40,8000,1" yaku="1,1,0,1,18,1,52,1,53,0" doraHai="53" doraHaiUra="3" who="3" fromWho="3" sc="250,-20,330,-40,240,-20,160,100" />
</Scene>
<Scene>
<INIT seed="2,0,0,5,1,36" ten="230,290,220,260" oya="2" hai0="7,114,111,28,132,116,22,66,55,67,74,6,90" hai1="134,64,117,113,72,43,84,101,10,96,27,31,115" hai2="13,112,38,108,3,60,83,56,5,89,15,105,62" hai3="2,4,110,37,25,30,49,11,85,109,23,121,54"/><V93/><F112/><W124/><G37/><T58/><D74/><U12/><E72/><V32/><F105/><W53/><G121/><T63/><D114/><U131/><E117/><V125/><F32/><W47/><G124/><T120/><D120/><U129/><E64/><N who="0" m="24617" /><D116/><U16/><E84/><V75/><F125/><W119/><G119/><T68/><D68/><U104/><E134/><V79/><F38/><W128/><G128/><N who="1" m="49226" /><E43/><V39/><F39/><W103/><G103/><T91/><D111/><N who="3" m="42505" /><G85/><T127/><D132/><U77/><E77/><V42/><F108/><W34/><G34/><AGARI ba="0,0" hai="10,12,16,27,31,34,96,101,104,113,115" m="49226" machi="34" ten="30,2000,0" yaku="19,1,54,1" doraHai="36" who="1" fromWho="3" sc="230,0,290,20,220,0,260,-20" />
</Scene>
<Scene>
<INIT seed="3,0,0,0,0,44" ten="230,310,220,240" oya="3" hai0="82,3,95,70,0,49,107,118,9,30,64,11,74" hai1="1,57,78,29,34,2,42,134,6,130,132,18,10" hai2="126,16,109,102,7,79,73,21,77,128,123,31,50" hai3="39,112,61,60,96,36,28,92,58,38,116,43,90"/><W55/><G116/><T23/><D95/><U83/><E130/><V120/><F7/><W125/><G112/><T124/><D49/><U56/><E42/><V135/><F31/><W84/><G125/><T67/><D23/><U54/><E2/><V13/><F126/><W122/><G122/><N who="2" m="46633" /><F128/><W22/><G43/><T114/><D82/><U133/><E18/><V94/><F135/><W63/><G28/><T17/><D30/><U15/><E1/><V27/><F109/><W91/><G22/><T41/><D41/><U103/><E103/><V40/><F27/><W81/><AGARI ba="0,0" hai="36,38,39,55,58,60,61,63,81,84,90,91,92,96" machi="81" ten="30,1500,0" yaku="0,1" doraHai="44" who="3" fromWho="3" sc="230,-5,310,-5,220,-5,240,15" />
</Scene>
<Scene>
<INIT seed="3,1,0,0,3,83" ten="225,305,215,255" oya="3" hai0="133,92,50,125,128,9,54,56,32,17,129,104,132" hai1="58,45,47,117,27,4,114,34,108,52,19,112,75" hai2="116,40,118,77,89,64,98,123,95,6,93,7,69" hai3="82,66,51,5,8,119,72,110,63,103,41,73,130"/><W55/><G119/><T0/><D104/><U80/><E4/><V91/><F77/><W42/><G130/><N who="0" m="50283" /><D32/><U100/><E100/><V74/><F74/><W10/><G10/><T11/><D92/><U36/><E117/><V48/><F123/><W97/><G110/><T122/><D122/><U12/><E108/><V31/><F31/><W49/><G49/><N who="0" m="30799" /><D125/><U1/><E1/><V111/><F111/><W131/><G131/><T29/><D29/><U60/><E34/><V101/><F118/><W59/><G82/><T85/><D85/><U99/><E99/><V78/><F116/><W35/><G35/><T67/><D67/><U25/><E114/><V106/><F78/><W107/><G72/><T61/><D61/><U57/><E112/><V70/><F106/><W86/><G86/><T14/><D50/><U126/><E126/><V102/><F64/><W62/><G73/><T120/><D120/><U3/><E3/><V28/><F28/><W96/><G63/><T124/><D124/><U44/><E36/><V121/><F121/><W81/><G96/><T39/><D39/><U24/><E75/><V65/><F65/><W79/><G81/><T134/><D0/><U15/><E80/><V94/><F48/><W135/><G79/><T16/><D9/><U2/><E2/><V68/><F98/><W38/><G38/><T90/><D90/><N who="2" m="34314" /><F40/><N who="3" m="15467" /><G8/><T115/><D115/><U113/><E113/><V88/><N who="2" m="34322" /><V71/><N who="2" m="17920" /><DORA hai="13" /><DORA hai="84" /><V30/><F30/><W109/><G109/><T33/><D33/><U87/><E87/><V105/><F105/><W37/><G37/><RYUUKYOKU ba="1,0" sc="225,15,305,-15,215,15,255,-15" hai0="11,14,16,17,132,133,134" hai2="6,7,93,94,95,101,102" />
</Scene>
<Scene>
<INIT seed="4,2,0,3,4,11" ten="240,290,230,240" oya="0" hai0="16,42,33,87,46,37,76,132,112,12,79,30,25" hai1="99,48,113,102,64,70,74,126,130,55,29,54,71" hai2="122,95,2,57,36,10,26,43,28,60,108,120,117" hai3="52,82,69,17,22,94,53,128,58,133,124,135,97"/><T41/><D132/><N who="3" m="50761" /><G69/><T90/><D112/><U7/><E74/><V80/><F108/><W0/><G0/><T40/><D76/><U89/><E29/><V18/><F80/><W114/><G128/><T109/><D79/><U49/><E7/><V9/><F117/><W78/><G114/><T67/><D67/><U107/><E113/><V1/><F95/><W32/><G32/><T106/><D106/><U116/><E116/><V45/><F9/><W91/><G58/><T134/><D109/><U4/><E4/><V84/><F84/><N who="3" m="48215" /><G124/><T86/><D86/><U110/><E110/><V44/><F44/><W129/><G129/><T103/><D103/><U13/><E130/><V127/><F127/><W111/><G111/><T118/><D118/><U66/><E126/><V20/><F1/><W123/><G123/><T34/><D34/><U62/><E89/><V31/><F31/><W83/><G83/><T77/><D77/><U104/><E102/><V72/><F72/><W93/><G93/><T47/><D134/><U15/><E99/><V50/><F36/><W131/><G131/><T125/><D125/><U65/><E65/><V96/><F96/><W35/><G35/><T38/><D41/><U24/><E62/><V61/><F61/><W23/><G23/><N who="0" m="11655" /><D87/><U27/><AGARI ba="2,0" hai="13,15,24,27,48,49,54,55,64,66,70,71,104,107" machi="27" ten="25,8000,1" yaku="0,1,22,2,52,2" doraHai="11" who="1" fromWho="1" sc="240,-42,290,86,230,-22,240,-22" owari="198,-30.0,376,47.0,208,-19.0,218,2.0" />
</Scene>
</mjloggm>