<mjloggm ver="2.3"><GO type="169"/><UN n0="%E5%A4%AA%E3%81%8F%E3%81%AA%E3%81%84%E3%81%8A" n1="%E8%B6%85%E3%82%B5%E3%82%A4%E3%83%A4%E4%BA%BA%EF%BC%93" n2="%E3%81%B2%E3%81%A3%E3%81%B4%E3%81%93%E3%82%93" n3="%E3%82%A6%E3%82%A3%E3%83%89%E3%82%A5%EF%BC%A0%E9%98%AA%E7%A5%9E" dan="17,16,16,16" rate="2179,2077,2057,2126" sx="M,M,M,M"/><TAIKYOKU oya="0"/>

<Scene>
<INIT seed="0,0,0,2,0,78" ten="250,250,250,250" oya="0" hai0="17,59,134,93,43,8,120,90,111,69,31,62,21" hai1="71,18,105,119,55,92,67,132,1,104,30,114,133" hai2="125,7,35,25,82,74,11,22,64,121,98,100,110" hai3="53,4,84,94,117,60,49,77,73,34,54,58,29"/><T37/><D120/><U36/><E119/><V106/><F121/><W6/><G117/><T116/><D116/><U81/><E1/><V26/><F110/><W2/><G2/><T85/><D134/><N who="1" m="51819" /><E36/><V75/><F125/><W95/><G73/><T23/><D111/><U12/><E30/><V28/><F64/><W24/><G94/><T70/><D8/><U86/><E92/><V63/><F63/><W123/><G123/><T48/><D37/><U40/><E40/><V10/><F10/><W66/><G54/><T102/><D102/><U9/><E114/><V52/><F52/><W113/><G113/><T47/><D31/><U127/><E127/><V101/><F101/><W42/><G42/><T19/><D23/><U0/><E0/><V51/><F51/><W115/><G115/><T33/><D33/><U112/><E112/><V50/><F50/><W118/><G118/><T45/><D45/><U57/><E67/><V32/><F25/><W97/><G97/><T5/><D5/><U135/><E71/><V126/><F126/><W131/><G131/><T96/><D96/><U130/><N who="1" m="51827" /><U27/><DORA hai="41" /><E27/><V83/><F35/><W79/><G79/><T3/><D3/><U124/><E124/><V46/><F32/><W122/><G122/><T80/><D93/><U108/><E130/><V38/><F38/><W65/><G65/><N who="0" m="39135" /><D17/><U56/><E108/><V107/><F107/><N who="1" m="41033" /><E55/><V128/><F128/><W13/><G13/><N who="0" m="9455" /><D69/><U103/><E103/><V68/><F68/><N who="3" m="42055" /><G95/><N who="0" m="54735" /><D70/><U20/><E20/><V87/><F106/><W72/><G72/><T91/><D91/><AGARI ba="0,0" hai="9,12,18,56,57,81,86,91" m="41033,51827" machi="91" ten="40,5200,0" yaku="6,1,20,1,52,1" doraHai="78,41" who="1" fromWho="0" sc="250,-52,250,52,250,0,250,0" />
</Scene>
<Scene>
<INIT seed="1,0,0,2,3,87" ten="198,302,250,250" oya="1" hai0="1,94,128,55,127,130,2,95,82,79,59,89,12" hai1="38,6,33,67,53,13,73,126,58,100,134,31,35" hai2="86,78,98,28,122,110,21,19,105,72,101,14,125" hai3="49,112,90,97,23,30,121,108,129,47,66,50,5"/><U24/><E73/><V133/><F122/><W75/><G121/><T104/><D104/><U51/><E38/><V34/><F72/><W63/><G112/><T60/><D127/><U131/><E126/><V62/><F125/><W4/><G75/><T106/><D106/><U56/><E134/><V45/><F133/><W115/><G115/><T7/><D12/><U22/><E131/><N who="0" m="50217" /><D7/><N who="3" m="2633" /><G129/><T92/><D79/><U120/><E100/><V70/><F110/><W15/><G108/><T113/><D113/><U71/><E71/><V17/><F45/><W54/><G49/><T16/><D16/><U68/><E68/><V93/><F17/><N who="3" m="10687" /><G30/><T83/><D83/><U109/><E120/><V119/><F119/><W39/><G39/><T117/><D117/><U80/><E109/><V65/><F78/><W32/><G32/><T116/><D116/><U10/><E67/><V46/><F46/><W8/><G8/><T36/><D36/><U111/><E111/><V102/><F102/><W3/><G3/><N who="0" m="1035" /><D82/><U123/><E123/><V77/><F77/><W132/><G132/><T124/><D124/><U52/><REACH who="1" step="1"/><E80/><REACH who="1" ten="198,292,250,250" step="2"/><V11/><F101/><W91/><G97/><AGARI ba="0,1" hai="55,59,60,89,92,94,95,97" m="1035,50217" machi="97" ten="30,2000,0" yaku="19,1,52,1" doraHai="87" who="0" fromWho="3" sc="198,30,292,0,250,0,250,-20" />
</Scene>
<Scene>
<INIT seed="2,0,0,3,4,14" ten="228,292,250,230" oya="2" hai0="8,76,90,0,38,89,97,133,15,114,3,57,51" hai1="56,7,65,59,100,120,126,119,60,49,68,32,73" hai2="5,25,4,64,102,108,124,91,67,13,82,107,27" hai3="44,94,125,43,20,87,50,103,40,99,2,111,23"/><V62/><F124/><W127/><G2/><T30/><D114/><U129/><E119/><V41/><F41/><W70/><G70/><T39/><D76/><U54/><E73/><V19/><F108/><W53/><G111/><T47/><D30/><U37/><E32/><V35/><F35/><W105/><G105/><T29/><D29/><U36/><E100/><V77/><F102/><W16/><G20/><T104/><D133/><U10/><E126/><N who="3" m="48138" /><G87/><T9/><D104/><U31/><E31/><V115/><F107/><W121/><G121/><T26/><D26/><AGARI ba="0,0" hai="16,23,26,40,43,44,50,53,94,99,103" m="48138" machi="26" ten="30,3900,0" yaku="18,1,52,1,54,1" doraHai="14" who="3" fromWho="0" sc="228,-39,292,0,250,0,230,39" />
</Scene>
<Scene>
<INIT seed="3,0,0,3,5,20" ten="189,292,250,269" oya="3" hai0="98,23,133,81,18,83,3,66,46,22,37,125,16" hai1="130,99,105,116,5,42,35,86,80,61,108,34,93" hai2="6,49,111,84,8,90,43,45,60,94,67,26,107" hai3="104,115,106,65,10,135,101,12,2,126,11,121,29"/><W1/><G121/><T123/><D123/><U13/><E105/><V118/><F107/><W41/><G115/><T72/><D3/><U63/><E108/><V51/><F111/><W14/><G41/><T40/><D133/><U114/><E114/><V85/><F118/><W124/><G65/><T128/><D128/><U70/><E130/><V39/><F85/><W28/><REACH who="3" step="1"/><G101/><REACH who="3" ten="189,292,250,259" step="2"/><T31/><D66/><U77/><E42/><V21/><F67/><W33/><G33/><T91/><D40/><U58/><E35/><V82/><F60/><W17/><G17/><T15/><D16/><U9/><E34/><V55/><F55/><W127/><G127/><T27/><D125/><U110/><E110/><V32/><F32/><W59/><G59/><T64/><D64/><U103/><E116/><V57/><F57/><W88/><G88/><T71/><D91/><U44/><E70/><V54/><F54/><W113/><G113/><T79/><D71/><U4/><E44/><V122/><F122/><W75/><G75/><T92/><D46/><U53/><E5/><V56/><F56/><W112/><G112/><T134/><D72/><U68/><E68/><V100/><F100/><W95/><G95/><T76/><D92/><U132/><E132/><AGARI ba="0,1" hai="1,2,10,11,12,14,28,29,104,106,124,126,132,135" machi="132" ten="25,12000,1" yaku="1,1,22,2,53,2" doraHai="20" doraHaiUra="7" who="3" fromWho="1" sc="189,0,292,-120,250,0,259,130" />
</Scene>
<Scene>
<INIT seed="3,1,0,3,1,57" ten="189,172,250,389" oya="3" hai0="62,92,23,35,29,60,128,113,32,130,95,79,1" hai1="133,48,15,53,101,12,68,64,63,72,91,122,70" hai2="112,9,52,65,37,7,74,31,44,8,43,40,45" hai3="55,131,103,114,106,69,25,10,21,119,17,19,20"/><W76/><G119/><T111/><D1/><U3/><E122/><V105/><F105/><W56/><G114/><T129/><D113/><U22/><E133/><V38/><F112/><W82/><G69/><T126/><D111/><U80/><E3/><V42/><F74/><W132/><G132/><T30/><D126/><U83/><E101/><V120/><F120/><W24/><G131/><T124/><D124/><U123/><E70/><V118/><F118/><W117/><G117/><T14/><D79/><U41/><E123/><V39/><F31/><N who="0" m="11786" /><D23/><U34/><E34/><N who="0" m="12841" /><D14/><U66/><E66/><V61/><F7/><W135/><G135/><T94/><AGARI ba="1,0" hai="60,62,92,94,95,128,129,130" m="12841,11786" machi="94" ten="40,8000,1" yaku="28,2,19,1,52,2" doraHai="57" who="0" fromWho="0" sc="189,83,172,-21,250,-21,389,-41" />
</Scene>
<Scene>
<INIT seed="4,0,0,1,1,76" ten="272,151,229,348" oya="0" hai0="102,127,33,120,39,41,114,103,42,79,51,95,26" hai1="89,58,104,43,46,105,77,109,38,32,107,84,16" hai2="108,6,22,125,68,56,133,10,81,28,73,86,54" hai3="8,53,63,64,134,47,67,112,50,7,48,131,88"/><T82/><D120/><U5/><E32/><V72/><F108/><W75/><G75/><T36/><D114/><U94/><E109/><V17/><F68/><W45/><G112/><T1/><D1/><U34/><E34/><V66/><F28/><W123/><G123/><T135/><D135/><U11/><E58/><V62/><F133/><W12/><G134/><T9/><D127/><U122/><E122/><V90/><F125/><W13/><G131/><T78/><D9/><U25/><E77/><V100/><F100/><W93/><G13/><T57/><D57/><U106/><N who="1" m="27136" /><DORA hai="21" /><U74/><E74/><V40/><F40/><N who="3" m="24615" /><G63/><T85/><D79/><U111/><E111/><V126/><F126/><W0/><G0/><T2/><D2/><U116/><E116/><V101/><F101/><W83/><G83/><T97/><D103/><U69/><E69/><V92/><F81/><W71/><G71/><T14/><D14/><U128/><E128/><V110/><F73/><W96/><AGARI ba="0,0" hai="7,8,12,47,50,53,64,67,88,93,96" m="24615" machi="96" ten="30,2000,0" yaku="8,1,54,1" doraHai="76,21" who="3" fromWho="3" sc="272,-10,151,-5,229,-5,348,20" />
</Scene>
<Scene>
<INIT seed="5,0,0,3,3,73" ten="262,146,224,368" oya="1" hai0="84,71,64,97,117,3,105,81,69,91,75,89,74" hai1="99,21,35,57,125,68,120,26,100,111,51,114,38" hai2="127,27,87,20,123,52,37,40,15,30,9,18,108" hai3="59,128,46,122,112,31,22,8,14,5,63,10,44"/><U104/><E120/><V48/><F123/><W7/><G112/><T6/><D117/><U107/><E68/><V129/><F127/><W96/><G128/><T109/><D109/><U24/><E38/><V49/><F129/><W88/><G122/><T116/><D116/><U124/><E114/><V76/><F108/><W4/><G31/><T102/><D3/><U94/><E111/><V19/><F37/><W67/><G22/><T80/><D6/><N who="3" m="2665" /><G10/><T2/><D2/><U62/><E51/><V131/><F48/><W77/><G77/><T61/><D69/><U25/><E35/><V16/><F40/><W23/><G23/><T83/><D83/><U50/><E50/><V45/><F131/><W115/><G115/><T82/><D81/><AGARI ba="0,0" hai="9,15,16,18,19,20,27,30,45,49,52,76,81,87" machi="81" ten="40,8000,1" yaku="8,1,52,1,54,2" doraHai="73" who="2" fromWho="0" sc="262,-80,146,0,224,80,368,0" />
</Scene>
<Scene>
<INIT seed="6,0,0,3,1,68" ten="182,146,304,368" oya="2" hai0="93,60,88,105,9,47,79,83,52,67,129,33,56" hai1="62,84,73,14,98,5,15,37,96,18,80,64,63" hai2="103,38,7,12,122,69,45,72,114,90,120,34,92" hai3="121,44,95,8,76,32,17,77,35,29,22,117,50"/><V10/><F69/><W78/><G117/><T25/><D105/><U131/><E73/><V11/><F34/><W133/><G121/><T61/><D129/><U115/><E131/><V26/><F26/><W53/><G133/><T16/><D33/><U23/><E115/><V104/><F114/><W112/><G112/><T59/><D47/><U55/><E55/><V125/><F125/><W31/><G8/><T30/><D30/><U109/><E109/><V101/><F72/><W119/><G119/><T4/><D4/><U20/><E37/><V6/><F104/><W107/><G107/><T81/><D79/><U94/><E94/><V54/><F122/><W27/><G35/><T126/><D126/><U24/><E5/><V100/><F120/><W58/><G32/><T108/><D108/><U124/><E124/><V28/><F28/><N who="3" m="10827" /><G95/><T106/><D106/><U99/><E64/><V128/><F128/><W110/><G110/><T86/><D9/><U39/><E39/><V41/><F54/><W42/><G42/><T49/><D49/><U102/><E102/><V127/><F127/><W87/><G87/><T65/><D65/><U46/><E46/><AGARI ba="0,0" hai="17,22,27,44,46,50,53,58,76,77,78" m="10827" machi="46" ten="30,1000,0" yaku="8,1" doraHai="68" who="3" fromWho="1" sc="182,0,146,-10,304,0,368,10" />
</Scene>
<Scene>
<INIT seed="7,0,0,4,5,30" ten="182,136,304,378" oya="3" hai0="75,128,26,41,68,103,107,113,21,13,49,8,90" hai1="104,70,47,130,24,32,110,67,109,121,36,46,94" hai2="131,48,77,127,124,0,18,66,69,84,120,95,108" hai3="5,102,25,134,123,86,88,74,11,132,43,2,76"/><W105/><G123/><T9/><D68/><U101/><E121/><V27/><F120/><W133/><G43/><T22/><D75/><U29/><E130/><V129/><F0/><W34/><G76/><T42/><D128/><N who="2" m="49226" /><F108/><W35/><G74/><T40/><D107/><U115/><E94/><V50/><F77/><W72/><G72/><T59/><D103/><U85/><E85/><V52/><F84/><W81/><G25/><T96/><D113/><U118/><E118/><V93/><F18/><W135/><G135/><T44/><D59/><U71/><E115/><V28/><F95/><W17/><G17/><N who="0" m="10415" /><D90/><U63/><E71/><V80/><F93/><W16/><G16/><N who="0" m="12615" /><D96/><AGARI ba="0,0" hai="2,5,11,34,35,81,86,88,96,102,105,132,133,134" machi="96" ten="40,12000,1" yaku="20,1,52,2,54,1" doraHai="30" who="3" fromWho="0" sc="182,-120,136,0,304,0,378,120" owari="62,-44.0,136,-26.0,304,10.0,498,60.0" />
</Scene>
</mjloggm>