<mjloggm ver="2.3"><GO type="169" lobby="0"/><UN n0="%E5%90%A0%E3%81%88%E3%82%8B%E5%BD%A1%E2%98%86" n1="%E5%A4%AA%E3%81%8F%E3%81%AA%E3%81%84%E3%81%8A" n2="%E6%B0%91%E8%8A%B8" n3="%E3%83%95%E3%83%A9%E3%82%A4%E3%83%80" dan="16,18,17,16" rate="2115.51,2246.11,2106.43,2068.43" sx="M,F,M,M"/><TAIKYOKU oya="0"/>

<Scene>
<INIT seed="0,0,0,1,3,106" ten="250,250,250,250" oya="0" hai0="16,133,128,82,103,34,11,43,15,23,54,104,135" hai1="75,12,50,85,78,25,53,5,57,68,98,89,6" hai2="27,13,64,127,14,118,8,10,19,65,95,114,87" hai3="61,37,63,125,123,122,39,36,74,94,108,30,66"/><T47/><D34/><U17/><E68/><V71/><F114/><W130/><G108/><T33/><D33/><U31/><E98/><V7/><F127/><W52/><G30/><T73/><D128/><U46/><E78/><V99/><F118/><W110/><G110/><T126/><D126/><U20/><E75/><V109/><F109/><W69/><G125/><T112/><D112/><U70/><E70/><V119/><F119/><W121/><G94/><T22/><D54/><U44/><E44/><V132/><F132/><N who="0" m="50762" /><D103/><U129/><E129/><V49/><F71/><W4/><G4/><T100/><D100/><U92/><REACH who="1" step="1"/><E46/><REACH who="1" ten="250,240,250,250" step="2"/><V105/><F99/><W102/><G130/><T21/><D104/><U83/><E83/><V2/><F105/><W120/><G120/><T42/><D47/><U58/><E58/><V59/><F59/><N who="3" m="35047" /><G102/><T116/><D116/><U18/><E18/><V88/><F19/><W84/><G84/><T79/><AGARI ba="0,1" hai="11,15,16,21,22,23,42,43,73,79,82" m="50762" machi="79" ten="40,7800,0" yaku="20,1,52,1,54,1" doraHai="106" who="0" fromWho="0" sc="250,88,240,-26,250,-26,250,-26" />
</Scene>
<Scene>
<INIT seed="0,1,0,0,1,99" ten="338,214,224,224" oya="0" hai0="40,49,37,4,62,15,23,53,47,9,56,117,34" hai1="109,76,97,131,78,77,6,113,119,100,59,44,85" hai2="112,115,106,52,18,83,135,118,96,45,120,2,94" hai3="35,14,57,13,43,65,31,101,5,73,92,51,8"/><T108/><D117/><U50/><E119/><V104/><F118/><W32/><G73/><T86/><D34/><U7/><E109/><V82/><F2/><W123/><G123/><T55/><D108/><U16/><E131/><V10/><F10/><W26/><G32/><T132/><D132/><U69/><E69/><V111/><F111/><W17/><G43/><T11/><D23/><U89/><E59/><V126/><F18/><W24/><G24/><T74/><D74/><U79/><E113/><V103/><F120/><W25/><G25/><T93/><D11/><U129/><E129/><V46/><F135/><W88/><G101/><T42/><REACH who="0" step="1"/><D37/><REACH who="0" ten="328,214,224,224" step="2"/><U0/><E0/><V68/><F112/><W41/><G35/><T130/><D130/><U21/><E21/><V66/><F115/><W128/><G8/><T3/><D3/><U124/><E124/><V48/><F126/><W67/><G128/><T122/><D122/><U105/><E6/><V38/><F38/><W20/><G5/><T60/><D60/><U71/><E7/><V27/><F27/><W127/><G127/><T95/><D95/><U64/><E105/><V81/><F104/><W134/><G134/><T102/><D102/><U121/><E100/><V63/><REACH who="2" step="1"/><F106/><REACH who="2" ten="328,214,214,224" step="2"/><W110/><G110/><T12/><D12/><U114/><E121/><V87/><F87/><N who="3" m="52255" /><G14/><T39/><D39/><U61/><E114/><V80/><N who="2" m="20480" /><DORA hai="107" /><V72/><F72/><W91/><G13/><T19/><D19/><U133/><E16/><V30/><F30/><W54/><G17/><T75/><D75/><U29/><E133/><RYUUKYOKU ba="1,2" sc="328,15,214,-15,214,15,224,-15" hai0="4,9,15,40,42,47,49,53,55,56,62,86,93" hai2="45,46,48,52,63,66,68,94,96,103" />
</Scene>
<Scene>
<INIT seed="0,2,2,5,1,112" ten="343,199,229,209" oya="0" hai0="88,96,54,24,132,131,75,76,13,104,68,50,72" hai1="23,0,60,106,4,90,120,117,12,126,77,83,44" hai2="3,114,56,46,45,36,66,6,49,85,32,122,109" hai3="18,97,124,101,111,98,110,29,5,19,7,92,71"/><T95/><D68/><U93/><E120/><V99/><F114/><W10/><G71/><T94/><D104/><U11/><E106/><V57/><F122/><W39/><G39/><T113/><D113/><U81/><E126/><V108/><F32/><W35/><G124/><T20/><D132/><U133/><E133/><V119/><F99/><N who="3" m="59623" /><G29/><T47/><D131/><U59/><E44/><V123/><F123/><W80/><G80/><T8/><D94/><U55/><E117/><V40/><F85/><W48/><G48/><T86/><D76/><U41/><E41/><N who="2" m="24751" /><F6/><W2/><G35/><T62/><D62/><U105/><E105/><V58/><F3/><W21/><G18/><T102/><D86/><U127/><E127/><V31/><F31/><W121/><G7/><T125/><D125/><U52/><E77/><V64/><F119/><W53/><G53/><T79/><D79/><U17/><REACH who="1" step="1"/><E55/><REACH who="1" ten="343,189,229,209" step="2"/><V61/><F64/><W9/><G121/><T89/><D75/><U100/><E100/><V33/><F33/><W118/><G118/><T82/><D72/><U115/><E115/><V1/><F1/><W63/><G2/><T70/><D102/><U43/><E43/><V129/><F129/><W28/><G111/><AGARI ba="2,3" hai="36,40,46,56,57,58,61,66,108,109,111" m="24751" machi="111" ten="30,3900,0" yaku="14,1,34,2" doraHai="112" who="2" fromWho="3" sc="343,0,189,0,229,75,209,-45" />
</Scene>
<Scene>
<INIT seed="1,0,0,5,2,6" ten="343,189,304,164" oya="1" hai0="70,40,26,84,61,38,56,52,127,22,94,105,92" hai1="0,106,24,8,67,37,90,47,118,16,91,54,41" hai2="30,121,123,115,74,102,101,108,35,71,120,62,13" hai3="19,75,122,132,10,87,112,109,36,77,48,80,89"/><U7/><E118/><V81/><F35/><W34/><G36/><T130/><D105/><U125/><E106/><V39/><F39/><W104/><G122/><T73/><D73/><U23/><E125/><V96/><F30/><W25/><G112/><T9/><D70/><U31/><E67/><V27/><F27/><W55/><G104/><T60/><D38/><U21/><REACH who="1" step="1"/><E54/><REACH who="1" ten="343,179,304,164" step="2"/><V33/><F123/><W29/><G109/><T88/><D127/><U44/><E44/><V107/><F108/><W43/><G132/><T3/><D130/><U126/><E126/><V97/><F120/><W49/><G55/><T14/><D40/><U28/><E28/><V11/><F121/><W83/><REACH who="3" step="1"/><G43/><REACH who="3" ten="343,179,304,154" step="2"/><T135/><D52/><U69/><E69/><V117/><F71/><W45/><G45/><T128/><D135/><U82/><E82/><V103/><F81/><W133/><G133/><T58/><D94/><U78/><E78/><V116/><F107/><W95/><G95/><T72/><D92/><U63/><E63/><V85/><F62/><W20/><G20/><T110/><D22/><U65/><E65/><V119/><F119/><W64/><G64/><T15/><D61/><U79/><E79/><V1/><F117/><W124/><G124/><T5/><D60/><U134/><E134/><V76/><F76/><W100/><G100/><T51/><D110/><U53/><E53/><V42/><F102/><W32/><G32/><T46/><D46/><U131/><E131/><V12/><F101/><W99/><G99/><T86/><D56/><U68/><E68/><V50/><F103/><RYUUKYOKU ba="0,2" sc="343,-15,179,15,304,-15,154,15" hai1="0,7,8,16,21,23,24,31,37,41,47,90,91" hai3="10,19,25,29,34,48,49,75,77,80,83,87,89" />
</Scene>
<Scene>
<INIT seed="1,1,2,5,1,4" ten="328,194,289,169" oya="1" hai0="14,56,26,116,12,15,115,29,124,2,51,6,94" hai1="65,57,69,46,103,30,128,41,84,83,91,130,129" hai2="76,99,119,135,33,82,21,48,117,96,37,34,97" hai3="73,28,125,109,22,17,100,49,8,123,3,80,71"/><U7/><E30/><V20/><F37/><W62/><G123/><T70/><D70/><U0/><E103/><V120/><F120/><W110/><G28/><T101/><D115/><U133/><E133/><V93/><F135/><W66/><G125/><T59/><D116/><U36/><E69/><V9/><F93/><W89/><G100/><T81/><D124/><U121/><E121/><V68/><F68/><W32/><G32/><T53/><D81/><U104/><E104/><V50/><F97/><W23/><G49/><T118/><D118/><U75/><E75/><V11/><F82/><W39/><G39/><T61/><D101/><U98/><E98/><V38/><F38/><W63/><G63/><T95/><D2/><U111/><E111/><N who="3" m="42506" /><G89/><T112/><D6/><U18/><E18/><V107/><REACH who="2" step="1"/><F76/><REACH who="2" ten="328,194,279,169" step="2"/><W90/><G80/><T87/><D112/><U79/><E79/><V47/><F47/><W127/><G71/><T88/><D94/><U45/><E45/><V55/><F55/><W126/><G126/><T113/><D113/><U92/><E83/><V1/><F1/><W54/><G3/><T40/><D40/><U16/><E57/><V19/><F19/><W27/><G17/><T43/><D43/><U24/><E65/><V102/><F102/><W132/><G66/><N who="0" m="39207" /><D29/><U134/><E134/><V44/><F44/><W122/><G132/><T85/><D59/><U60/><E0/><V31/><F31/><W78/><G127/><T114/><D114/><U58/><E58/><V106/><AGARI ba="1,3" hai="9,11,20,21,33,34,48,50,96,99,106,107,117,119" machi="106" ten="25,16000,3" yaku="1,1,0,1,22,2,52,2,53,2" doraHai="4" doraHaiUra="5" who="2" fromWho="2" sc="328,-41,194,-81,279,193,169,-41" />
</Scene>
<Scene>
<INIT seed="2,0,0,1,3,128" ten="287,113,472,128" oya="2" hai0="102,104,105,32,134,73,78,47,69,51,59,19,58" hai1="55,75,132,28,41,49,16,74,36,133,48,93,27" hai2="5,89,25,39,6,91,46,119,8,88,24,12,11" hai3="10,123,96,129,43,83,118,81,31,111,130,60,120"/><V98/><F119/><W70/><G118/><T97/><D69/><U135/><E36/><V108/><F108/><W9/><G31/><T101/><D32/><N who="1" m="20511" /><E41/><V126/><F126/><W56/><G43/><T21/><D73/><N who="1" m="27659" /><E55/><V112/><F112/><W86/><G96/><T30/><D78/><U52/><E52/><V127/><F127/><W100/><G100/><T67/><D30/><U95/><E16/><V106/><F39/><W40/><G40/><T84/><D84/><U7/><E7/><V17/><F46/><W122/><G70/><T26/><D67/><U44/><E44/><V63/><F63/><W34/><G111/><T1/><D1/><U87/><E87/><V115/><F115/><W90/><G83/><T121/><D121/><U65/><E65/><V15/><REACH who="2" step="1"/><F17/><REACH who="2" ten="287,113,462,128" step="2"/><W35/><G129/><T61/><D19/><U18/><E18/><V33/><F33/><W57/><G35/><T53/><D61/><U131/><E131/><V50/><F50/><AGARI ba="0,1" hai="48,49,50,93,95,132,133,135" m="27659,20511" machi="50" ten="40,8000,1" yaku="20,1,52,3" doraHai="128" who="1" fromWho="2" sc="287,0,113,90,462,-80,128,0" />
</Scene>
<Scene>
<INIT seed="3,0,0,2,4,114" ten="287,203,382,128" oya="3" hai0="49,29,27,21,22,99,42,135,93,89,51,115,48" hai1="91,83,58,90,123,87,39,84,15,67,30,54,116" hai2="34,43,12,79,16,75,37,55,124,113,50,131,69" hai3="101,121,52,119,76,95,9,17,109,46,117,73,70"/><W122/><G70/><T59/><D115/><U104/><E123/><V68/><F113/><W10/><G76/><T41/><D135/><U66/><E104/><V74/><F34/><W105/><G105/><T28/><D59/><U5/><E39/><V8/><F124/><W60/><G73/><T23/><REACH who="0" step="1"/><D27/><REACH who="0" ten="277,203,382,128" step="2"/><U110/><E58/><V1/><F68/><W31/><G122/><T44/><D44/><U40/><E110/><V132/><F69/><W72/><G109/><T35/><D35/><U102/><E116/><V100/><F132/><W61/><G46/><T125/><D125/><U11/><E66/><V80/><F131/><W71/><G71/><T127/><D127/><U7/><E67/><V62/><F74/><W20/><G72/><T24/><D24/><U126/><E126/><V106/><F75/><W2/><G121/><T78/><D78/><U111/><E111/><V19/><F79/><W129/><G129/><T26/><D26/><U45/><E45/><V4/><F37/><W53/><G119/><T94/><D94/><U64/><E64/><V86/><F106/><W85/><G117/><T118/><D118/><U63/><E83/><V107/><F107/><W14/><G95/><T134/><D134/><U112/><E112/><V120/><F80/><W65/><G65/><T6/><D6/><U3/><E7/><V108/><F4/><W81/><G81/><T36/><D36/><U130/><E5/><V82/><F82/><W18/><G61/><T128/><D128/><U133/><E130/><V92/><F62/><W96/><G60/><T56/><D56/><RYUUKYOKU ba="0,1" sc="277,30,203,-10,382,-10,128,-10" hai0="21,22,23,28,29,41,42,48,49,51,89,93,99" />
</Scene>
<Scene>
<INIT seed="4,1,1,5,0,69" ten="307,193,372,118" oya="0" hai0="21,78,93,108,52,14,44,49,19,73,102,113,0" hai1="67,103,72,4,89,107,17,39,47,55,28,114,122" hai2="20,56,74,13,41,29,91,6,53,68,24,81,119" hai3="83,90,116,117,33,60,22,31,131,66,132,77,120"/><T128/><D0/><U63/><E122/><V32/><F68/><W9/><G120/><T104/><D104/><U94/><E72/><V84/><F119/><W10/><G90/><T12/><D113/><U3/><E28/><V98/><F74/><W88/><G33/><T43/><D128/><U34/><E34/><V124/><F124/><W112/><G112/><T61/><D108/><U45/><E107/><V95/><F41/><W50/><G131/><T80/><D102/><U23/><E103/><V42/><F42/><W129/><G129/><T70/><D93/><U76/><E76/><V62/><F32/><W118/><G50/><T54/><REACH who="0" step="1"/><D12/><REACH who="0" ten="297,193,372,118" step="2"/><U35/><E94/><V130/><F130/><W7/><G118/><T109/><D109/><U92/><E92/><V40/><F95/><W110/><G110/><T11/><D11/><U37/><E3/><V48/><F98/><W100/><G9/><T25/><D25/><U65/><E114/><V58/><F13/><W16/><G100/><T115/><D115/><U85/><E4/><V125/><F6/><W127/><G116/><T36/><D36/><U82/><E37/><V97/><F97/><W51/><G7/><T134/><D134/><U96/><E39/><V71/><F125/><W5/><G127/><T46/><D46/><U135/><E135/><V18/><F24/><W59/><G5/><T75/><D75/><U121/><E96/><V1/><F1/><W133/><G117/><T30/><D30/><U106/><E106/><V2/><F29/><W86/><G31/><T15/><D15/><U8/><E8/><RYUUKYOKU ba="1,2" sc="297,30,193,-10,372,-10,118,-10" hai0="14,19,21,43,44,49,52,54,61,70,73,78,80" />
</Scene>
<Scene>
<INIT seed="4,2,2,1,1,84" ten="327,183,362,108" oya="0" hai0="68,134,72,40,58,36,24,38,114,89,55,110,75" hai1="98,46,15,12,128,33,37,101,44,105,14,102,106" hai2="115,87,59,82,8,45,6,16,116,85,10,69,52" hai3="78,120,47,53,91,130,96,104,111,17,3,66,88"/><T67/><D114/><U48/><E33/><V80/><F69/><W117/><G117/><T11/><D134/><U20/><E128/><V54/><F115/><W97/><G111/><T7/><D110/><U103/><E37/><V64/><F116/><W2/><G78/><T9/><D9/><U19/><E98/><N who="3" m="37994" /><G3/><T93/><D24/><U125/><E125/><V94/><F94/><W86/><G2/><T79/><D67/><U62/><E62/><N who="2" m="37983" /><F6/><W129/><G86/><N who="2" m="32777" /><F8/><W4/><G4/><T100/><D68/><U18/><E20/><V26/><F45/><N who="1" m="17513" /><E48/><V5/><F5/><W65/><G17/><AGARI ba="2,2" hai="12,14,15,17,18,19,101,102,103,105,106" m="17513" machi="17" ten="40,2600,0" yaku="28,2" doraHai="84" who="1" fromWho="3" sc="327,0,183,52,362,0,108,-32" />
</Scene>
<Scene>
<INIT seed="5,0,0,2,1,96" ten="327,235,362,76" oya="1" hai0="6,100,88,64,90,98,53,65,95,3,83,78,29" hai1="69,47,76,61,94,20,1,46,31,2,26,87,22" hai2="38,59,107,73,52,19,70,36,117,24,13,49,135" hai3="122,124,125,48,92,80,28,4,10,86,9,17,75"/><U97/><E69/><V62/><F117/><W66/><G122/><T93/><D29/><U56/><E1/><V81/><F135/><W128/><G28/><T89/><D3/><U114/><E2/><V43/><F24/><W33/><G33/><T71/><D6/><U110/><E114/><V133/><F133/><W106/><G106/><T39/><D39/><U126/><E126/><V74/><F107/><W85/><G66/><T115/><D115/><U42/><E22/><N who="2" m="11631" /><F81/><W58/><G128/><T32/><D32/><U111/><E87/><V16/><F36/><W118/><G118/><T77/><D71/><U105/><E76/><N who="0" m="29289" /><D83/><U116/><E105/><V79/><F16/><W23/><G80/><T57/><D93/><U30/><E30/><V119/><F79/><W18/><G75/><T132/><D132/><U44/><E116/><V113/><F113/><W51/><G92/><T35/><D35/><U131/><E131/><V67/><F119/><W112/><G112/><T121/><D121/><U12/><E12/><V134/><F134/><W123/><G123/><T102/><D102/><N who="1" m="60727" /><E42/><V11/><F11/><W5/><REACH who="3" step="1"/><G23/><REACH who="3" ten="327,235,362,66" step="2"/><T40/><D64/><AGARI ba="0,1" hai="20,26,31,44,46,47,56,61,64,110,111" m="60727" machi="64" ten="30,2900,0" yaku="25,1,52,1" doraHai="96" who="1" fromWho="0" sc="327,-29,235,39,362,0,66,0" />
</Scene>
<Scene>
<INIT seed="5,1,0,1,2,50" ten="298,274,362,66" oya="1" hai0="90,26,61,101,108,77,74,11,12,88,63,31,30" hai1="117,126,24,130,96,43,15,128,56,32,72,134,39" hai2="34,92,8,129,33,62,127,68,65,52,79,122,13" hai3="19,112,109,102,66,111,78,57,93,16,113,17,20"/><U98/><E117/><V21/><F122/><W25/><G78/><T116/><D116/><U27/><E72/><V41/><F41/><W67/><G93/><T6/><D108/><N who="3" m="41545" /><G102/><T105/><D74/><U48/><E39/><V131/><F21/><W81/><G81/><T85/><D77/><U135/><E15/><V58/><F79/><W37/><G37/><T123/><D123/><U14/><E14/><V22/><F22/><W97/><G97/><N who="1" m="37482" /><E32/><V75/><F92/><W1/><G57/><T133/><D105/><U100/><E100/><V89/><F89/><W80/><G80/><T73/><D73/><U110/><E110/><V125/><F75/><W40/><G40/><T4/><D101/><U87/><E87/><V28/><F28/><W107/><G107/><T64/><D90/><U18/><E18/><N who="2" m="8487" /><F33/><W120/><G120/><T124/><D31/><U60/><E43/><V7/><F34/><W86/><G86/><T91/><D91/><U2/><E2/><V59/><F7/><W3/><G67/><T69/><D88/><U10/><E10/><V36/><F36/><W45/><G66/><T114/><D4/><U84/><E84/><V38/><F38/><W70/><G70/><T51/><D11/><U49/><E24/><V29/><F29/><W47/><G1/><T104/><D69/><U5/><E5/><V42/><F42/><W83/><G3/><T82/><D64/><U115/><E27/><V35/><F35/><W118/><G25/><T76/><D26/><U106/><E106/><V94/><F94/><W119/><G20/><T53/><D104/><RYUUKYOKU ba="1,0" sc="298,0,274,0,362,0,66,0" />
</Scene>
<Scene>
<INIT seed="6,2,0,1,5,74" ten="298,274,362,66" oya="2" hai0="18,90,44,65,78,108,134,109,91,84,28,12,103" hai1="57,72,116,71,22,4,98,93,43,96,48,58,36" hai2="111,67,66,27,86,63,133,7,107,39,113,100,6" hai3="112,85,124,70,35,17,87,42,14,5,92,69,127"/><V52/><F39/><W53/><G35/><T77/><D134/><U99/><E116/><V26/><F133/><W105/><G105/><T102/><D28/><U29/><E71/><V56/><F113/><W37/><G5/><N who="2" m="1545" /><F107/><W23/><G112/><T50/><D65/><N who="2" m="24586" /><F111/><W25/><G69/><T32/><D32/><U125/><E72/><V54/><F100/><N who="0" m="38442" /><D109/><U80/><E4/><V16/><F86/><W9/><G70/><T120/><D120/><U128/><E128/><V68/><F68/><W131/><G131/><T11/><D108/><U73/><E125/><V94/><F94/><W49/><G42/><N who="0" m="24855" /><D90/><U88/><E36/><V41/><F41/><W101/><G37/><T119/><D119/><U47/><E73/><V19/><F54/><W30/><G127/><T110/><D110/><U121/><E121/><V123/><F123/><W76/><G124/><T126/><D126/><U89/><E80/><AGARI ba="2,0" hai="11,12,18,77,78,80,84,91" m="24855,38442" machi="80" ten="30,3900,0" yaku="8,1,52,2" doraHai="74" who="0" fromWho="1" sc="298,45,274,-45,362,0,66,0" />
</Scene>
<Scene>
<INIT seed="7,0,0,1,0,100" ten="343,229,362,66" oya="3" hai0="44,84,55,11,4,61,127,113,79,2,22,47,80" hai1="3,29,43,13,76,63,95,87,14,70,89,66,33" hai2="26,71,126,18,31,92,27,117,60,124,98,10,102" hai3="109,42,65,32,101,77,131,62,83,91,7,39,119"/><W128/><G119/><T112/><D127/><N who="2" m="48682" /><F117/><W116/><G116/><T93/><D22/><U105/><E3/><V51/><F51/><W78/><G32/><T1/><D1/><U35/><E43/><V50/><F50/><W129/><G7/><T64/><D93/><U52/><E76/><V5/><F18/><W125/><G125/><T57/><D55/><U82/><E35/><V85/><F31/><W19/><G19/><T37/><D37/><U30/><E82/><V0/><F85/><N who="3" m="50623" /><G109/><T67/><REACH who="0" step="1"/><D64/><AGARI ba="0,0" hai="0,5,10,26,27,60,64,71,92,98,102" m="48682" machi="64" ten="30,1000,0" yaku="18,1" doraHai="100" who="2" fromWho="0" sc="343,-10,229,0,362,10,66,0" owari="333,13.0,229,-17.0,372,47.0,66,-43.0" />
</Scene>
</mjloggm>