<mjloggm ver="2.3"><GO type="193"/><UN n0="%E3%81%93%E3%82%8B%E3%82%93" n1="%E5%A4%AA%E3%81%8F%E3%81%AA%E3%81%84%E3%81%8A" n2="%E6%8E%A5%E5%BE%85%E8%A6%81%E5%93%A1" n3="%63%68%61%72%66%73%73" dan="12,11,13,10" rate="1667,1862,1765,1408" sx="M,M,F,F"/><TAIKYOKU oya="0"/>

<Scene>
<INIT seed="0,0,0,2,5,130" ten="250,250,250,250" oya="0" hai0="67,25,99,27,102,117,9,60,85,18,11,119,82" hai1="90,61,38,135,57,36,64,118,78,6,124,2,131" hai2="14,45,35,79,74,94,53,0,95,73,123,15,51" hai3="1,112,128,75,46,88,3,65,110,114,111,92,72"/><T87/><D119/><U48/><E118/><V63/><F123/><W7/><G65/><T120/><D120/><U19/><E131/><V31/><F0/><W12/><G46/><T34/><D117/><U5/><E124/><V33/><F63/><W104/><G128/><T93/><D34/><U55/><E78/><V68/><F68/><W44/><G104/><T108/><D108/><N who="3" m="41513" /><G44/><T54/><D87/><U58/><E2/><N who="3" m="522" /><G12/><N who="0" m="7439" /><D11/><U24/><E38/><V49/><F79/><W28/><G28/><T98/><D98/><U84/><E36/><V107/><F45/><W30/><G30/><T66/><D54/><U47/><E47/><V50/><F31/><W20/><G7/><T80/><D80/><U81/><E6/><V129/><F53/><W71/><G71/><T89/><D60/><U26/><E5/><V69/><F69/><W77/><G20/><T23/><D25/><U103/><E24/><V105/><F51/><W127/><G127/><T21/><D21/><N who="1" m="13631" /><E103/><V133/><F129/><W91/><G77/><T13/><D13/><U96/><E96/><V37/><F37/><W59/><G59/><T113/><D113/><N who="3" m="43625" /><G92/><T4/><D4/><U41/><E41/><V10/><F10/><W39/><G39/><T52/><D52/><U43/><E43/><V83/><F83/><W62/><G62/><T56/><D56/><U16/><E16/><AGARI ba="0,0" hai="16,23,27,66,67,82,85,89,93,99,102" m="7439" machi="16" ten="30,2900,0" yaku="8,1,54,1" doraHai="130" who="0" fromWho="1" sc="250,29,250,-29,250,0,250,0" />
</Scene>
<Scene>
<INIT seed="0,1,0,3,0,20" ten="279,221,250,250" oya="0" hai0="55,25,40,56,23,86,68,44,75,79,2,35,13" hai1="38,42,102,94,103,81,59,6,118,48,61,106,114" hai2="31,41,60,88,100,101,90,65,22,105,50,54,131" hai3="91,36,17,53,115,15,8,87,123,21,51,71,62"/><T127/><D2/><U29/><E118/><V43/><F131/><W11/><G36/><T97/><D75/><U26/><E106/><V78/><F105/><W109/><G115/><T104/><D68/><U49/><E114/><V111/><F111/><W134/><G109/><T39/><D35/><U85/><E6/><V92/><F78/><W98/><G71/><T14/><D127/><U83/><E38/><V80/><F80/><N who="3" m="49639" /><G98/><T112/><D112/><U9/><E9/><V122/><F122/><W129/><G134/><T99/><D79/><U57/><E94/><V33/><F33/><W28/><G62/><T24/><D86/><U12/><E12/><V124/><F124/><W63/><G63/><T70/><D70/><U120/><E120/><V32/><F32/><W108/><G108/><T69/><D69/><U10/><E10/><V37/><F37/><W95/><G129/><T47/><D47/><N who="1" m="25719" /><E49/><V77/><F77/><W132/><G132/><T45/><D45/><U110/><E110/><V3/><F3/><W52/><G123/><T133/><D133/><U46/><E46/><V34/><F34/><W128/><G128/><T117/><D117/><U7/><E7/><V126/><F126/><W82/><G95/><T1/><D1/><U16/><E29/><V30/><F31/><W5/><G82/><N who="1" m="31242" /><E85/><V73/><F73/><W74/><G74/><T72/><D72/><U116/><E116/><V96/><F30/><W58/><G53/><T76/><D55/><N who="1" m="33983" /><E59/><V18/><F65/><W93/><G28/><T27/><D104/><U0/><E0/><V66/><F66/><RYUUKYOKU ba="1,0" sc="279,-10,221,30,250,-10,250,-10" hai1="16,26,102,103" />
</Scene>
<Scene>
<INIT seed="1,2,0,1,3,70" ten="269,251,240,240" oya="1" hai0="43,73,1,21,79,110,26,119,14,59,116,53,128" hai1="17,115,95,13,8,31,83,45,81,52,88,39,24" hai2="25,85,42,28,109,16,41,87,50,103,98,100,40" hai3="56,112,74,4,68,72,23,71,19,3,44,63,130"/><U6/><E115/><V36/><F109/><W77/><G112/><T129/><D1/><U114/><E114/><V82/><F103/><W57/><G77/><T32/><D110/><U132/><E132/><V33/><F85/><W61/><G3/><T54/><D32/><U76/><E6/><V10/><F50/><W55/><G4/><T7/><D79/><U48/><E39/><V102/><F102/><W78/><G78/><T22/><D73/><U122/><E76/><V47/><F10/><W127/><G127/><T99/><D99/><N who="1" m="57831" /><E122/><V124/><F124/><W96/><G96/><T15/><D43/><U27/><E31/><V123/><F123/><W80/><G80/><AGARI ba="2,0" hai="8,13,17,24,27,45,48,52,80,81,83" m="57831" machi="80" ten="30,5800,0" yaku="8,1,54,2" doraHai="70" who="1" fromWho="3" sc="269,0,251,64,240,0,240,-64" />
</Scene>
<Scene>
<INIT seed="1,3,0,5,1,127" ten="269,315,240,176" oya="1" hai0="44,91,133,85,117,45,1,41,5,70,134,130,18" hai1="128,46,13,29,24,135,26,16,108,77,31,37,98" hai2="126,59,27,120,21,40,12,125,124,4,100,76,66" hai3="90,10,49,30,82,22,106,121,89,116,34,105,68"/><U88/><E77/><V65/><F120/><W9/><G68/><T7/><D117/><U81/><E135/><N who="0" m="51721" /><D70/><U3/><E3/><V63/><F40/><W17/><G34/><T64/><D64/><U84/><E108/><V111/><F111/><W97/><G121/><T101/><D101/><U113/><E113/><V132/><F132/><W122/><G122/><T94/><D130/><U39/><E39/><V131/><F76/><W62/><G62/><T33/><D33/><U112/><E112/><V28/><F100/><W103/><G116/><T67/><D67/><U42/><E128/><V118/><F118/><W95/><G49/><N who="0" m="26767" /><D1/><U19/><E98/><V87/><F87/><N who="3" m="50423" /><G30/><T56/><D56/><U2/><E2/><V79/><F79/><W23/><G106/><T20/><D45/><U99/><E99/><V0/><F0/><W35/><G35/><T52/><D52/><U36/><E36/><V129/><REACH who="2" step="1"/><F65/><REACH who="2" ten="269,315,230,176" step="2"/><W78/><G105/><T102/><D102/><U86/><E86/><V43/><F43/><W110/><G78/><T15/><AGARI ba="3,1" hai="5,7,15,18,20,85,91,94" m="26767,51721" machi="15" ten="30,1100,0" yaku="20,1" doraHai="127" who="0" fromWho="0" sc="269,30,315,-8,230,-6,176,-6" />
</Scene>
<Scene>
<INIT seed="2,0,0,5,2,26" ten="299,307,224,170" oya="2" hai0="12,8,62,56,99,21,55,39,95,100,33,125,101" hai1="66,69,93,20,85,102,47,107,49,42,14,109,54" hai2="74,75,35,126,118,6,34,79,23,130,10,120,58" hai3="90,132,110,128,117,13,17,37,3,70,92,1,45"/><V40/><F118/><W80/><G70/><T96/><D39/><U87/><E109/><V43/><F120/><W119/><G37/><T76/><D33/><U115/><E107/><V71/><F71/><W29/><G3/><T63/><D125/><U78/><E115/><V41/><F130/><W57/><G1/><T127/><D127/><U103/><E66/><V91/><F126/><W81/><G57/><T84/><D21/><U4/><E69/><V108/><F108/><W16/><G45/><T25/><D25/><U11/><E20/><V105/><F105/><W121/><G110/><T122/><D122/><U22/><E22/><V116/><F116/><N who="3" m="44619" /><G121/><T51/><D84/><N who="1" m="32331" /><E78/><V83/><F74/><W123/><G123/><T135/><D135/><U9/><E9/><V46/><F91/><W24/><G132/><T77/><D63/><U131/><E131/><V98/><F23/><N who="3" m="15519" /><G128/><T73/><D62/><U32/><E32/><V48/><F58/><W60/><G60/><T38/><D38/><U0/><E0/><V27/><F98/><W124/><G92/><N who="0" m="58375" /><D73/><U61/><E93/><V44/><F44/><W2/><G124/><T86/><D86/><U52/><E61/><V7/><F7/><AGARI ba="0,0" hai="7,8,12,51,55,56,76,77,95,99,101" m="58375" machi="7" ten="30,1000,0" yaku="8,1" doraHai="26" who="0" fromWho="2" sc="299,10,307,0,224,-10,170,0" />
</Scene>
<Scene>
<INIT seed="3,0,0,3,2,9" ten="309,307,214,170" oya="3" hai0="3,36,118,61,131,79,120,68,107,103,48,114,104" hai1="28,54,56,89,71,95,129,73,116,58,97,23,46" hai2="39,109,55,41,10,72,92,106,102,15,124,88,70" hai3="81,96,82,11,22,18,52,45,93,119,40,51,94"/><W130/><G119/><T87/><D118/><U19/><E71/><V122/><F122/><W84/><G130/><T135/><D120/><U44/><E73/><V49/><F124/><W21/><G96/><T66/><D36/><U12/><E116/><V127/><F70/><W105/><G105/><T63/><D131/><U31/><E129/><V1/><F1/><W26/><G11/><T117/><D117/><U83/><E83/><N who="3" m="31754" /><G84/><T113/><D87/><U29/><E58/><V112/><F72/><W24/><G40/><T65/><D79/><U67/><E67/><V16/><F109/><W8/><G8/><T77/><D77/><U134/><E134/><V76/><F112/><N who="0" m="43114" /><D135/><U53/><E53/><V78/><F127/><W38/><G38/><T27/><D3/><U99/><E99/><V37/><F102/><W62/><G62/><AGARI ba="0,0" hai="12,19,23,28,29,31,44,46,54,56,62,89,95,97" machi="62" ten="40,2600,0" yaku="8,1,52,1" doraHai="9" who="1" fromWho="3" sc="309,0,307,26,214,0,170,-26" owari="309,11.0,333,44.0,214,-19.0,144,-36.0" />
</Scene>
</mjloggm>