<mjloggm ver="2.3"><GO type="137"/><UN n0="%E5%A4%AA%E3%81%8F%E3%81%AA%E3%81%84%E3%81%8A" n1="%E3%81%A8%E3%82%8D%E3%82%8D%E5%AF%BF%E5%8F%B8" n2="%E8%A5%BF%E5%B0%BE" n3="%28%E3%83%BB%60%CF%89%C2%B4%E3%83%BB%29" dan="11,11,12,10" rate="1763,1547,1704,1445" sx="M,M,M,M"/><TAIKYOKU oya="0"/>

<Scene>
<INIT seed="0,0,0,1,4,78" ten="250,250,250,250" oya="0" hai0="105,52,45,118,61,111,103,74,3,134,56,70,122" hai1="14,96,2,87,54,123,42,26,40,73,100,66,114" hai2="28,84,18,34,13,19,16,24,58,17,133,107,48" hai3="35,23,90,30,93,55,29,67,121,0,7,12,53"/><T65/><D122/><U126/><E123/><V83/><F107/><W129/><G0/><T125/><D118/><U31/><E2/><V25/><F133/><W131/><G121/><T120/><D120/><U106/><E73/><V98/><F98/><W115/><G115/><T51/><D3/><U108/><E66/><V99/><F99/><W1/><G67/><T59/><D74/><U64/><E108/><V39/><F39/><W80/><G80/><T57/><D134/><U77/><E64/><V22/><F58/><N who="0" m="22634" /><D103/><U119/><E126/><V8/><F48/><W127/><G1/><T69/><D105/><U117/><E114/><V44/><F44/><W132/><G29/><T101/><D101/><U46/><E119/><V43/><REACH who="2" step="1"/><F43/><REACH who="2" ten="250,250,240,250" step="2"/><W110/><G110/><T60/><D111/><U130/><E117/><V109/><F109/><W135/><G35/><T85/><D125/><U113/><E42/><V79/><AGARI ba="0,1" hai="8,13,16,17,18,19,22,24,25,28,34,79,83,84" machi="79" ten="20,8000,1" yaku="1,1,0,1,7,1,52,1,54,1,53,0" doraHai="78" doraHaiUra="50" who="2" fromWho="2" sc="250,-40,250,-20,240,90,250,-20" />
</Scene>
<Scene>
<INIT seed="1,0,0,0,2,69" ten="210,230,330,230" oya="1" hai0="14,15,91,88,135,25,104,118,30,131,29,100,17" hai1="20,68,126,60,125,74,58,5,52,102,111,21,96" hai2="0,43,73,49,90,45,34,123,1,36,57,97,40" hai3="75,22,94,2,10,81,9,110,48,82,18,117,7"/><U115/><E115/><V70/><F73/><W78/><G82/><T107/><D118/><U8/><E74/><V28/><F123/><W92/><G9/><T133/><D131/><U124/><E68/><V108/><F108/><W79/><G48/><T53/><D53/><U95/><REACH who="1" step="1"/><E111/><REACH who="1" ten="210,220,330,230" step="2"/><V41/><F70/><W120/><G110/><T32/><D133/><U24/><E24/><V47/><F1/><AGARI ba="0,1" hai="1,5,8,20,21,52,58,60,95,96,102,124,125,126" machi="1" ten="40,7700,0" yaku="1,1,18,1,54,1,53,0" doraHai="69" doraHaiUra="114" who="1" fromWho="2" sc="210,0,220,87,330,-77,230,0" />
</Scene>
<Scene>
<INIT seed="1,1,0,3,2,97" ten="210,307,253,230" oya="1" hai0="46,2,18,8,50,132,42,125,0,28,26,85,131" hai1="27,53,68,49,122,32,107,84,100,12,55,54,39" hai2="115,25,7,119,130,127,47,31,112,38,95,89,4" hai3="109,94,116,67,108,70,66,76,90,71,73,79,52"/><U75/><E39/><V63/><F119/><W35/><G35/><T114/><D114/><N who="2" m="43562" /><F130/><W74/><G116/><T23/><D131/><U34/><E75/><N who="3" m="28682" /><G94/><T24/><D125/><U86/><E122/><V1/><F1/><W58/><G90/><T82/><D132/><U3/><E3/><V17/><F17/><W48/><G71/><T9/><D9/><U36/><E36/><V98/><F127/><W101/><G101/><T133/><D133/><U21/><E68/><V33/><F63/><W5/><G5/><T51/><D51/><U88/><E107/><V19/><F19/><W91/><G91/><T13/><REACH who="0" step="1"/><D24/><REACH who="0" ten="200,307,253,230" step="2"/><U99/><E49/><V87/><F98/><W128/><G128/><T110/><D110/><N who="3" m="42601" /><G70/><T117/><D117/><U104/><E12/><V105/><F105/><W135/><G135/><T92/><D92/><U14/><E14/><V6/><F38/><W22/><G22/><T129/><D129/><U96/><E96/><V29/><F31/><W20/><G20/><T126/><D126/><U43/><E104/><V59/><F4/><W30/><G30/><T64/><D64/><AGARI ba="1,1" hai="48,52,58,64,66,67,76,79" m="42601,28682" machi="64" ten="30,2000,0" yaku="14,1,54,1" doraHai="97" who="3" fromWho="0" sc="200,-23,307,0,253,0,230,33" />
</Scene>
<Scene>
<INIT seed="2,0,0,5,1,60" ten="177,307,253,263" oya="2" hai0="123,70,14,71,122,74,120,45,43,62,109,117,73" hai1="88,93,19,86,12,3,15,66,52,11,104,110,127" hai2="126,46,63,24,130,42,129,53,55,28,85,9,83" hai3="87,51,100,96,8,89,119,16,5,121,90,112,107"/><V69/><F126/><W57/><G119/><T84/><D117/><U31/><E3/><V38/><F9/><W40/><G121/><T13/><D109/><U135/><E127/><V7/><F7/><W64/><G112/><T113/><D113/><U65/><E104/><V34/><F63/><W133/><G133/><T75/><D84/><U67/><E135/><V30/><F30/><W82/><G89/><T125/><D125/><U23/><E110/><V41/><F41/><W35/><G35/><T4/><D4/><U33/><E33/><V81/><F69/><W50/><G64/><N who="1" m="16386" /><U25/><DORA hai="94" /><E12/><V76/><REACH who="2" step="1"/><F83/><REACH who="2" ten="177,307,243,263" step="2"/><W54/><G57/><T128/><D62/><U39/><E39/><V101/><F101/><W32/><G40/><T1/><D1/><U131/><E131/><AGARI ba="0,1" hai="24,28,34,38,42,46,53,55,76,81,85,129,130,131" machi="131" ten="40,12000,1" yaku="1,1,19,1,53,2" doraHai="60,94" doraHaiUra="77,79" who="2" fromWho="1" sc="177,0,307,-120,243,130,263,0" />
</Scene>
<Scene>
<INIT seed="2,1,0,1,2,127" ten="177,187,373,263" oya="2" hai0="26,11,81,134,100,94,33,18,75,126,112,93,73" hai1="53,39,129,122,29,51,74,47,56,114,71,50,135" hai2="44,45,118,43,83,80,5,117,36,16,72,25,65" hai3="128,66,30,52,132,1,85,98,4,101,77,64,12"/><V57/><F5/><W13/><G132/><T14/><D112/><U111/><E74/><V96/><F44/><W79/><G128/><T131/><D134/><U102/><E102/><V19/><F117/><W35/><G1/><T68/><D68/><U124/><E29/><V34/><F118/><W9/><G12/><T84/><D126/><U107/><E107/><V115/><F115/><W113/><G113/><T6/><D131/><U10/><E10/><V48/><F96/><W17/><G85/><T58/><D75/><U3/><E3/><V41/><F41/><W24/><G52/><T110/><D73/><U2/><E2/><V86/><F72/><W91/><G77/><N who="0" m="46127" /><D33/><U88/><E88/><V21/><F34/><W97/><G79/><T20/><D100/><U7/><E7/><V38/><F38/><W70/><G91/><T116/><D110/><U62/><E135/><V106/><F106/><W67/><G101/><T23/><D116/><U27/><E27/><V104/><F104/><W120/><G70/><T15/><D58/><U0/><E0/><V69/><F69/><W61/><G120/><T22/><D15/><U78/><E78/><V90/><F80/><W8/><G4/><T87/><D87/><U32/><E32/><V130/><F130/><W99/><REACH who="3" step="1"/><G61/><REACH who="3" ten="177,187,373,253" step="2"/><T89/><D89/><U60/><E124/><V46/><F36/><W31/><G31/><T105/><D105/><U55/><E122/><V76/><F76/><W28/><G28/><N who="0" m="17479" /><D6/><U95/><E129/><V92/><F83/><W63/><G63/><T40/><D40/><U108/><E114/><RYUUKYOKU ba="1,1" sc="177,15,187,-15,373,-15,253,15" hai0="11,14,18,22,23,93,94" hai3="8,9,13,17,24,30,35,64,66,67,97,98,99" />
</Scene>
<Scene>
<INIT seed="3,2,1,5,4,103" ten="192,172,358,268" oya="3" hai0="122,125,9,80,74,117,106,63,29,36,101,66,43" hai1="71,31,14,48,4,126,38,121,135,1,96,81,30" hai2="95,116,76,132,102,22,32,47,51,52,57,82,123" hai3="37,50,109,120,78,25,89,75,60,93,72,88,92"/><W23/><G120/><T130/><D122/><U65/><E48/><V2/><F32/><W86/><G109/><T110/><D117/><U64/><E38/><V112/><F123/><W68/><G37/><T79/><D110/><U98/><E14/><V13/><F2/><W100/><G68/><N who="0" m="42079" /><D9/><U61/><E121/><V115/><F116/><W129/><G129/><T124/><D29/><U55/><E135/><V67/><F132/><W18/><G60/><T133/><D133/><U131/><E55/><V0/><F0/><W127/><G50/><T10/><D10/><U83/><E61/><V87/><F115/><W15/><G127/><N who="0" m="48715" /><D130/><U53/><E53/><V107/><F107/><W97/><G78/><T128/><D128/><U70/><E126/><V111/><F112/><W99/><REACH who="3" step="1"/><G25/><REACH who="3" ten="192,172,358,258" step="2"/><T77/><D77/><U27/><E131/><V94/><F111/><W19/><G19/><T108/><D108/><U73/><E27/><V104/><F67/><W42/><G42/><T59/><D43/><U45/><E4/><V56/><F57/><W46/><G46/><T85/><D59/><U105/><E45/><V114/><F114/><W21/><G21/><T118/><D36/><U28/><E73/><V34/><F56/><W69/><G69/><N who="1" m="26122" /><E1/><V49/><F34/><W33/><G33/><T62/><D62/><U5/><E5/><V41/><F49/><W134/><G134/><T24/><D24/><U91/><E64/><V20/><F41/><W26/><G26/><T6/><D6/><U8/><E65/><V17/><F17/><W44/><G44/><T119/><D74/><RYUUKYOKU ba="2,2" sc="192,15,172,-15,358,-15,258,15" hai0="79,80,85,101,106,118,119" hai3="15,18,23,72,75,86,88,89,92,93,97,99,100" />
</Scene>
<Scene>
<INIT seed="3,3,2,2,3,55" ten="207,157,343,273" oya="3" hai0="60,70,117,57,20,61,92,29,76,110,53,30,118" hai1="124,105,100,37,98,107,114,59,89,66,0,43,128" hai2="1,104,134,34,45,90,108,133,28,33,78,62,44" hai3="63,32,23,97,56,132,54,64,40,122,52,31,51"/><W94/><G122/><T2/><D2/><U95/><E114/><V38/><F104/><W49/><G132/><T42/><D110/><U72/><E0/><V7/><F108/><W11/><G32/><T109/><D109/><U119/><E119/><V46/><F78/><W112/><G112/><T102/><D76/><U80/><E128/><V16/><F38/><W87/><G87/><T36/><D102/><U101/><E124/><V123/><F123/><W75/><G75/><T71/><D92/><U135/><E135/><V127/><F127/><W79/><G79/><T73/><D20/><U81/><E37/><V39/><F39/><W85/><G11/><T106/><D106/><U19/><E43/><V82/><F134/><W83/><G40/><T74/><D36/><U35/><E19/><V47/><F7/><W6/><G6/><T8/><D8/><U69/><E35/><V116/><F1/><W3/><G3/><T10/><D10/><U86/><E59/><V27/><F34/><W41/><G31/><T26/><D42/><U129/><E129/><V77/><F90/><N who="3" m="51519" /><G23/><T67/><D70/><U111/><E111/><V21/><F116/><N who="0" m="44650" /><D74/><U88/><E66/><V91/><F91/><N who="3" m="55519" /><G41/><T115/><D73/><U5/><E5/><V96/><F133/><W13/><G13/><T58/><D115/><U48/><E69/><V93/><N who="2" m="11776" /><DORA hai="103" /><V130/><F130/><W4/><G4/><T121/><D121/><U125/><E125/><V24/><F62/><W18/><G18/><T9/><D9/><U50/><E48/><AGARI ba="3,2" hai="48,49,51,52,54,56,63,64" m="55519,51519" machi="48" ten="30,5800,0" yaku="8,1,52,1,54,1" doraHai="55,103" who="3" fromWho="1" sc="207,0,157,-67,343,0,273,87" />
</Scene>
<Scene>
<INIT seed="3,4,0,1,2,67" ten="207,90,343,360" oya="3" hai0="32,24,98,16,101,69,65,82,66,133,77,54,104" hai1="84,33,23,15,132,92,97,17,124,56,4,113,35" hai2="129,61,52,100,76,39,50,27,6,64,0,26,87" hai3="119,60,37,109,25,135,28,40,59,68,116,57,45"/><W8/><G116/><T10/><D133/><U41/><E113/><V102/><F39/><W73/><G119/><T111/><D111/><U107/><E132/><V58/><F129/><W12/><G73/><T79/><D54/><U53/><E124/><V131/><F131/><W115/><G115/><T34/><D65/><U46/><E107/><V19/><F6/><W72/><G72/><T48/><D48/><U18/><E35/><V108/><F0/><W75/><G109/><T105/><D105/><U126/><E33/><V62/><F108/><W44/><G75/><T14/><D82/><U63/><E126/><V83/><F61/><W42/><G135/><T128/><D34/><U94/><E84/><V88/><F76/><W91/><G91/><T114/><D114/><U49/><E4/><V2/><F2/><W30/><G68/><T31/><D128/><U36/><E97/><V85/><F85/><W96/><G96/><T127/><REACH who="0" step="1"/><D127/><REACH who="0" ten="197,90,343,360" step="2"/><U110/><E110/><V74/><F74/><W120/><G120/><T47/><D47/><U99/><E99/><V55/><F55/><W125/><G125/><T38/><D38/><U122/><E122/><V71/><REACH who="2" step="1"/><F19/><REACH who="2" ten="197,90,333,360" step="2"/><W3/><G37/><T78/><D78/><U86/><E86/><V121/><F121/><W5/><G3/><T11/><D11/><U81/><E36/><V90/><F90/><W13/><G44/><T112/><D112/><U103/><E17/><V89/><F89/><W7/><G45/><T93/><D93/><N who="1" m="35947" /><E103/><V95/><F95/><W22/><G8/><T9/><D9/><U20/><E81/><RYUUKYOKU ba="4,2" sc="197,10,90,10,333,10,360,-30" hai0="10,14,16,24,31,32,66,69,77,79,98,101,104" hai1="15,18,20,23,41,46,49,53,56,63" hai2="26,27,50,52,58,62,64,71,83,87,88,100,102" />
</Scene>
<Scene>
<INIT seed="4,5,2,2,5,20" ten="207,100,343,330" oya="0" hai0="8,128,15,14,25,30,119,101,42,58,115,67,54" hai1="104,65,21,11,108,66,29,89,88,111,102,27,110" hai2="47,112,122,105,59,70,100,37,118,82,76,43,123" hai3="127,36,41,131,48,1,114,106,26,23,4,77,116"/><T57/><D119/><U78/><E78/><V40/><F70/><W0/><G106/><T61/><D115/><U60/><E104/><V86/><F43/><W133/><G116/><T72/><D72/><U7/><E102/><V45/><F45/><W83/><G36/><T13/><D128/><U97/><E97/><V134/><F118/><W53/><G41/><T79/><D79/><U94/><E94/><V96/><F112/><W84/><G114/><T124/><D124/><U132/><E132/><V24/><F134/><W35/><G127/><T62/><D42/><U5/><E66/><V121/><F59/><W99/><G133/><T52/><D101/><U3/><REACH who="1" step="1"/><E5/><REACH who="1" ten="207,90,343,330" step="2"/><V120/><F120/><W117/><G99/><T51/><D8/><U49/><E49/><V56/><F123/><W64/><G131/><T10/><D10/><U130/><E130/><V85/><F122/><W22/><G64/><T80/><D80/><U12/><E12/><V31/><F121/><W2/><G117/><T91/><D91/><U98/><E98/><V69/><F69/><AGARI ba="5,3" hai="3,7,11,21,27,29,60,65,69,88,89,108,110,111" machi="69" ten="40,5200,0" yaku="1,1,52,1,54,1,53,0" doraHai="20" doraHaiUra="125" who="1" fromWho="2" sc="207,0,90,97,343,-67,330,0" />
</Scene>
<Scene>
<INIT seed="5,0,0,0,1,60" ten="207,187,276,330" oya="1" hai0="88,44,20,79,48,69,117,104,68,134,67,130,112" hai1="53,124,135,85,27,10,47,93,94,45,113,70,106" hai2="21,40,54,11,17,119,8,99,15,46,52,64,108" hai3="35,42,80,63,34,118,125,36,1,107,56,115,72"/><U102/><E106/><V6/><F119/><W123/><RYUUKYOKU type="yao9" ba="0,0" sc="207,0,187,0,276,0,330,0" hai3="1,34,35,36,42,56,63,72,80,107,115,118,123,125" />
</Scene>
<Scene>
<INIT seed="5,1,0,0,3,120" ten="207,187,276,330" oya="1" hai0="104,102,10,125,117,46,67,57,58,53,82,128,56" hai1="3,119,27,95,76,124,90,66,11,31,68,61,63" hai2="75,99,132,113,30,70,62,134,118,1,73,50,18" hai3="83,7,35,126,15,4,114,29,21,130,28,39,79"/><U26/><E119/><V20/><F118/><W71/><G71/><T91/><D117/><U41/><E124/><V127/><F113/><W59/><G39/><T60/><D125/><U77/><E41/><V106/><F1/><W123/><G126/><T38/><D102/><U43/><E43/><V84/><F127/><W88/><G114/><T108/><D104/><U107/><E107/><V115/><F115/><W87/><G123/><T55/><D10/><U13/><E3/><V12/><F75/><W52/><G130/><T25/><D25/><U45/><E45/><V42/><F73/><W133/><G133/><N who="2" m="51305" /><F30/><N who="3" m="11883" /><G35/><T97/><D97/><U80/><E63/><V86/><F70/><W96/><G96/><T44/><D91/><U78/><E80/><V48/><F62/><N who="3" m="36199" /><G79/><T100/><D100/><U112/><E112/><V33/><F33/><W131/><G131/><T94/><D94/><U5/><REACH who="1" step="1"/><E31/><REACH who="1" ten="207,177,276,330" step="2"/><V9/><F42/><W17/><AGARI ba="1,1" hai="4,7,15,17,21,83,87,88" m="36199,11883" machi="17" ten="30,4000,0" yaku="8,1,54,2" doraHai="120" who="3" fromWho="3" sc="207,-11,177,-21,276,-11,330,53" />
</Scene>
<Scene>
<INIT seed="6,0,0,5,3,56" ten="196,156,265,383" oya="2" hai0="79,4,64,72,26,125,21,42,132,19,118,112,94" hai1="60,33,13,128,17,134,106,120,30,40,48,7,117" hai2="61,36,105,45,18,62,57,20,27,107,23,91,10" hai3="88,73,99,65,16,96,51,108,126,111,0,2,104"/><V37/><F105/><W47/><G73/><T24/><D112/><U133/><E117/><V85/><F107/><W127/><G104/><T63/><D125/><N who="3" m="47625" /><G65/><T124/><D124/><U9/><E106/><V89/><F10/><W82/><G16/><T53/><D132/><U121/><E40/><V41/><F36/><W100/><G108/><T119/><D42/><U78/><E78/><V39/><F39/><W116/><G116/><N who="0" m="44587" /><D4/><U130/><E48/><V46/><F46/><W90/><G111/><T3/><D3/><N who="3" m="1065" /><G100/><T123/><D123/><N who="1" m="47179" /><E60/><V35/><F35/><W54/><G82/><N who="0" m="45415" /><D94/><U84/><E84/><V67/><F23/><W70/><G70/><N who="0" m="42271" /><D53/><U71/><E71/><V81/><REACH who="2" step="1"/><F61/><REACH who="2" ten="196,156,255,383" step="2"/><W86/><G86/><T74/><D74/><U115/><E115/><V114/><F114/><W87/><G87/><T97/><D97/><AGARI ba="0,1" hai="47,51,54,88,90,96,97,99" m="1065,47625" machi="97" ten="30,2000,0" yaku="18,1,54,1" doraHai="56" who="3" fromWho="0" sc="196,-20,156,0,255,0,383,30" />
</Scene>
<Scene>
<INIT seed="7,0,0,1,0,123" ten="176,156,255,413" oya="3" hai0="67,23,107,65,31,37,33,120,50,74,70,8,28" hai1="55,87,46,130,86,109,47,48,119,92,132,83,4" hai2="121,78,77,0,127,5,88,24,106,102,101,98,27" hai3="59,85,63,118,131,71,117,2,126,57,90,1,21"/><W34/><G126/><T111/><D37/><U79/><E119/><V14/><F0/><W15/><G131/><T16/><D120/><U58/><E130/><V44/><F121/><W93/><G71/><T100/><D74/><U51/><E132/><V95/><F127/><W9/><G34/><T53/><D111/><U56/><E109/><V32/><F32/><W39/><G1/><T110/><D110/><U41/><E4/><V64/><F64/><W40/><G2/><T12/><D33/><U133/><E133/><V89/><F44/><W96/><G39/><T97/><D70/><U36/><E36/><V38/><F38/><W49/><G40/><T122/><D122/><U69/><E69/><V128/><F128/><W6/><G21/><T45/><REACH who="0" step="1"/><D28/><REACH who="0" ten="166,156,255,413" step="2"/><U66/><E66/><V134/><F134/><W91/><G49/><T124/><D124/><U115/><E115/><V25/><F106/><W35/><G35/><T99/><D99/><U68/><E68/><V114/><F114/><W72/><G72/><T26/><AGARI ba="0,1" hai="8,12,16,23,26,31,45,50,53,65,67,97,100,107" machi="26" ten="30,7900,0" yaku="1,1,0,1,54,1,53,1" doraHai="123" doraHaiUra="17" who="0" fromWho="0" sc="166,89,156,-20,255,-20,413,-39" owari="255,6.0,136,-36.0,235,-16.0,374,46.0" />
</Scene>
</mjloggm>