<mjloggm ver="2.3"><GO type="137"/><UN n0="%E3%83%95%E3%82%A1%E3%82%A4%E3%83%B3%E3%83%87%E3%82%A3%E3%83%B3%E3%82%B0" n1="%E5%A4%AA%E3%81%8F%E3%81%AA%E3%81%84%E3%81%8A" n2="%6B%75%6E%69%69%33%30" n3="%E9%8D%9B%E5%86%B6%E8%88%8E%E3%81%95%E3%82%93" dan="11,10,12,10" rate="1464,1733,1748,1566" sx="M,M,M,M"/><TAIKYOKU oya="0"/>

<Scene>
<INIT seed="0,0,0,2,0,27" ten="250,250,250,250" oya="0" hai0="99,90,125,82,52,103,74,20,23,1,18,58,81" hai1="37,84,35,123,121,54,45,113,16,34,30,31,26" hai2="133,131,117,106,127,92,111,4,62,97,100,56,78" hai3="13,107,22,102,6,12,129,71,94,9,109,68,73"/><T19/><D1/><U118/><E118/><V83/><F117/><W119/><G73/><T25/><D74/><U91/><E113/><V38/><F111/><W32/><G32/><T116/><D116/><U40/><E54/><V29/><F38/><W0/><G129/><T11/><D125/><U2/><E2/><V126/><F131/><W70/><G119/><T41/><D41/><U24/><REACH who="1" step="1"/><E16/><REACH who="1" ten="250,240,250,250" step="2"/><V36/><F133/><W77/><G0/><T5/><D11/><U57/><E57/><V132/><F132/><W39/><G109/><T42/><D42/><U128/><E128/><V15/><F127/><W105/><G9/><T61/><D5/><U60/><E60/><V110/><F110/><W104/><G6/><T134/><D134/><U88/><E88/><V50/><F126/><W112/><G112/><T101/><D101/><U124/><E124/><V115/><F115/><W46/><G68/><T86/><D82/><AGARI ba="0,1" hai="24,26,30,31,34,35,37,40,45,82,84,91,121,123" machi="82" ten="30,8000,1" yaku="1,1,7,1,9,1,52,2,53,0" doraHai="27" doraHaiUra="130" who="1" fromWho="0" sc="250,-80,240,90,250,0,250,0" />
</Scene>
<Scene>
<INIT seed="1,0,0,2,2,34" ten="170,330,250,250" oya="1" hai0="80,78,11,74,46,75,135,3,98,88,47,108,70" hai1="17,65,16,31,114,41,20,133,32,39,116,94,64" hai2="103,102,38,52,61,128,45,30,73,0,76,129,83" hai3="81,60,77,99,104,48,106,2,24,109,58,119,51"/><U105/><E105/><V13/><F30/><W18/><G119/><T63/><D135/><U107/><E107/><V85/><F13/><W8/><G106/><T62/><D108/><U7/><E116/><V9/><F85/><W89/><G109/><T125/><D125/><U126/><E114/><V27/><F27/><W56/><G56/><T4/><D47/><U127/><E133/><V87/><F87/><W113/><G113/><T55/><D55/><U12/><E7/><V53/><F103/><W122/><G122/><T115/><D115/><U79/><E79/><V68/><F102/><W96/><G99/><T72/><D63/><U29/><E94/><V118/><F118/><W101/><G89/><T19/><D19/><U67/><E17/><V86/><F86/><W120/><G81/><T110/><D88/><U33/><E33/><V95/><F95/><W23/><G77/><T49/><D110/><U124/><REACH who="1" step="1"/><E32/><REACH who="1" ten="170,320,250,250" step="2"/><V15/><F129/><W43/><G120/><T112/><D112/><U93/><E93/><V121/><F121/><W130/><G130/><T90/><D90/><U131/><E131/><V22/><F128/><W35/><G35/><T66/><D98/><U100/><E100/><V6/><F22/><W82/><G104/><T59/><D59/><U134/><E134/><V97/><F97/><W44/><G96/><T50/><D46/><AGARI ba="0,1" hai="12,16,20,29,31,39,41,46,64,65,67,124,126,127" machi="46" ten="50,9600,0" yaku="1,1,18,1,54,1,53,0" doraHai="34" doraHaiUra="57" who="1" fromWho="0" sc="170,-96,320,106,250,0,250,0" />
</Scene>
<Scene>
<INIT seed="1,1,0,0,0,23" ten="74,426,250,250" oya="1" hai0="53,82,77,80,15,98,28,57,124,10,11,79,14" hai1="38,34,121,110,74,132,99,43,91,6,49,4,27" hai2="93,62,1,12,112,88,89,109,37,68,44,96,119" hai3="133,101,107,85,51,127,41,76,83,120,30,71,29"/><U36/><E121/><V97/><F1/><W100/><G133/><T60/><D28/><U65/><E74/><V32/><F119/><W129/><G129/><T26/><D98/><U20/><E34/><V9/><F32/><W47/><G71/><T22/><D124/><U64/><E38/><V63/><F112/><W56/><G127/><T92/><D92/><N who="1" m="56735" /><E36/><V103/><F109/><W75/><G120/><T13/><D22/><U102/><E102/><V25/><F68/><W126/><G126/><T8/><D26/><U70/><E70/><V84/><F84/><W55/><G75/><T35/><D35/><U61/><E132/><V72/><F72/><W17/><G17/><T5/><D5/><N who="1" m="2155" /><E61/><V131/><F131/><W86/><G86/><T7/><D7/><U95/><E95/><V2/><F2/><W59/><G59/><T94/><D94/><U117/><E110/><V31/><F89/><W46/><G46/><T50/><D50/><U52/><E43/><V118/><F118/><W66/><G107/><T16/><D16/><N who="1" m="12679" /><E117/><V134/><F134/><W48/><G66/><T42/><D42/><U115/><E115/><V67/><F67/><W90/><G41/><T40/><D40/><U69/><E69/><V24/><F37/><W122/><G51/><T54/><D57/><AGARI ba="1,0" hai="49,52,57,64,65" m="12679,2155,56735" machi="57" ten="30,11600,0" yaku="8,1,52,1,54,2" doraHai="23" who="1" fromWho="0" sc="74,-119,426,119,250,0,250,0" owari="-45,-55.0,545,65.0,250,5.0,250,-15.0" />
</Scene>
</mjloggm>