<mjloggm ver="2.3"><GO type="97"/><UN n0="%E5%A4%AA%E3%81%8F%E3%81%AA%E3%81%84%E3%81%8A" n1="%50%45%54%59" n2="%70%65%72%6F%32" n3="%40%73%61%6B%75%72%61" dan="14,13,14,13" rate="2073,1853,1885,1855" sx="M,M,M,M"/><TAIKYOKU oya="0"/>

<Scene>
<INIT seed="0,0,0,4,2,107" ten="250,250,250,250" oya="0" hai0="49,4,80,127,5,70,37,40,67,102,31,0,109" hai1="61,117,128,86,66,94,64,17,111,13,58,69,6" hai2="96,22,121,20,74,7,9,30,81,119,35,115,8" hai3="90,28,95,126,113,12,29,33,39,53,92,91,85"/><T118/><D118/><U130/><E117/><V1/><F119/><W83/><G113/><T18/><D37/><U51/><E6/><V54/><F115/><W68/><G68/><T72/><D31/><U79/><E111/><V23/><F121/><W99/><G39/><T110/><D127/><U84/><E69/><V88/><F54/><W55/><G126/><T82/><D102/><U133/><E133/><V108/><F108/><N who="0" m="41578" /><D18/><U103/><E128/><V124/><F124/><W50/><G83/><N who="0" m="31787" /><D0/><U27/><E130/><V101/><F35/><W46/><G12/><T41/><D72/><U78/><E27/><V97/><F9/><W48/><REACH who="3" step="1"/><G33/><REACH who="3" ten="250,250,250,240" step="2"/><T56/><D70/><U25/><E13/><V59/><F30/><W34/><G34/><T62/><D40/><U3/><E3/><V135/><F135/><W112/><G112/><T114/><D114/><U134/><E134/><V45/><F81/><W21/><G21/><T120/><D120/><U57/><E78/><V14/><F22/><W65/><G65/><T75/><D75/><U100/><E66/><V63/><F20/><W60/><G60/><T43/><D43/><U104/><E61/><V73/><F74/><W71/><G71/><T98/><D41/><U24/><E64/><V132/><F73/><W87/><G87/><T89/><D49/><U38/><E84/><V131/><F132/><W106/><G106/><T10/><D10/><U47/><E86/><V93/><F131/><W44/><AGARI ba="0,1" hai="28,29,44,46,48,50,53,55,85,90,91,92,95,99" machi="44" ten="20,8000,1" yaku="1,1,0,1,7,1,9,1,8,1,53,0" doraHai="107" doraHaiUra="122" who="3" fromWho="3" sc="250,-40,250,-20,250,-20,240,90" />
</Scene>
<Scene>
<INIT seed="1,0,0,2,5,52" ten="210,230,230,330" oya="1" hai0="3,74,111,71,87,134,121,0,103,47,62,106,72" hai1="32,117,92,98,135,51,57,65,116,30,104,124,8" hai2="119,25,126,53,80,100,89,5,130,70,107,21,93" hai3="112,33,68,60,132,31,73,26,34,22,95,38,10"/><U55/><E104/><V108/><F70/><W29/><G73/><N who="0" m="28267" /><D87/><U28/><E135/><V84/><F119/><W85/><G38/><T86/><D86/><U96/><E124/><V133/><F108/><W6/><G112/><T69/><D47/><U54/><E65/><V39/><F39/><W125/><G125/><T35/><D134/><U118/><E32/><V24/><F133/><W123/><G123/><T99/><D111/><U128/><E128/><V14/><F126/><W45/><G45/><T63/><D63/><U16/><E54/><V113/><F113/><W110/><G110/><T78/><D78/><U40/><E40/><V83/><F130/><W20/><G34/><T13/><D13/><U88/><E98/><V120/><F120/><W129/><G129/><T122/><D35/><U42/><E42/><V48/><F107/><W77/><G31/><T2/><D71/><U11/><E11/><N who="2" m="4463" /><F100/><W79/><G79/><T44/><D44/><U82/><E82/><N who="2" m="31275" /><F21/><W17/><G22/><T37/><D37/><U91/><REACH who="1" step="1"/><E88/><REACH who="1" ten="210,220,230,330" step="2"/><V9/><F9/><W27/><G132/><T19/><D122/><U12/><AGARI ba="0,1" hai="8,12,16,28,30,51,55,57,91,92,96,116,117,118" machi="12" ten="40,12000,1" yaku="1,1,2,1,0,1,52,1,54,1,53,0" doraHai="52" doraHaiUra="66" who="1" fromWho="1" sc="210,-40,220,130,230,-40,330,-40" />
</Scene>
<Scene>
<INIT seed="1,1,0,3,3,72" ten="170,350,190,290" oya="1" hai0="35,120,115,2,73,93,89,22,32,122,98,74,57" hai1="12,48,114,30,126,125,119,131,58,97,130,10,105" hai2="49,38,66,113,50,117,79,76,34,85,19,112,21" hai3="86,100,15,87,132,24,33,36,106,82,134,6,101"/><U118/><E105/><V18/><F38/><W41/><G36/><T52/><D2/><U90/><E97/><V39/><F39/><W4/><G41/><T44/><D115/><N who="2" m="44106" /><F34/><N who="0" m="12842" /><D44/><U37/><E90/><V54/><F117/><N who="1" m="44553" /><E58/><V111/><F66/><W16/><G33/><T11/><D11/><U68/><E48/><N who="2" m="18539" /><F54/><W83/><G24/><T40/><D40/><U29/><E68/><V9/><F9/><W27/><G27/><T102/><D22/><U99/><E99/><V127/><F127/><N who="1" m="48649" /><E37/><V14/><F111/><W116/><G116/><T45/><D45/><U5/><E114/><V25/><F85/><W129/><G129/><AGARI ba="1,0" hai="5,10,12,29,30,129,130,131" m="48649,44553" machi="129" ten="40,12000,1" yaku="19,1,18,1,34,2" doraHai="72" who="1" fromWho="3" sc="170,0,350,123,190,0,290,-123" />
</Scene>
<Scene>
<INIT seed="1,2,0,0,4,4" ten="170,473,190,167" oya="1" hai0="14,55,5,1,120,49,81,127,107,3,44,101,99" hai1="47,54,110,90,128,48,66,20,12,103,131,8,85" hai2="73,84,134,59,86,95,17,68,114,96,60,11,102" hai3="26,27,6,94,105,31,78,113,104,108,25,41,75"/><U51/><E103/><V82/><F114/><W34/><G113/><T71/><D71/><U46/><E66/><V72/><F68/><W88/><G108/><T80/><D127/><U58/><E110/><V35/><F134/><W53/><G41/><T67/><D120/><U112/><E112/><V115/><F115/><W56/><G104/><T7/><D67/><U45/><E20/><V61/><F35/><W9/><G105/><T121/><D121/><U63/><E131/><V37/><F37/><W124/><G124/><T24/><D24/><U39/><E39/><V133/><F133/><W50/><G78/><T130/><D130/><U109/><E109/><V87/><F60/><W18/><G75/><T89/><D7/><U126/><E128/><V70/><F70/><W106/><G18/><T13/><D13/><U40/><E126/><V36/><F82/><W33/><G106/><T32/><D32/><U83/><E48/><V123/><F36/><W77/><G77/><T76/><D89/><U16/><AGARI ba="2,0" hai="8,12,16,40,45,46,47,51,54,58,63,83,85,90" machi="16" ten="20,12000,1" yaku="0,1,7,1,8,1,52,1,54,1" doraHai="4" who="1" fromWho="1" sc="170,-42,473,126,190,-42,167,-42" />
</Scene>
<Scene>
<INIT seed="1,3,0,1,1,134" ten="128,599,148,125" oya="1" hai0="24,30,100,54,68,105,31,89,91,17,115,11,27" hai1="62,118,94,114,63,23,37,35,55,93,82,81,61" hai2="70,86,0,49,117,75,76,25,1,111,60,34,106" hai3="128,110,65,36,52,122,74,109,47,46,22,45,12"/><U14/><E35/><V9/><F86/><W116/><G74/><T96/><D115/><U125/><E37/><V8/><F49/><W90/><G90/><T59/><D68/><U95/><E118/><V121/><F121/><W97/><G97/><T132/><D132/><U19/><E114/><V3/><F117/><W15/><G122/><T98/><D11/><U120/><E120/><V18/><F111/><N who="3" m="42507" /><G116/><T5/><D5/><U119/><E119/><V107/><F18/><N who="3" m="10567" /><G15/><T123/><D123/><U53/><E125/><V108/><F108/><W32/><G32/><T51/><D17/><U4/><E4/><V99/><F9/><W104/><G65/><T66/><D66/><U39/><E39/><V58/><F58/><W87/><G87/><T135/><D135/><U40/><E40/><V26/><F8/><W85/><G85/><T56/><D56/><U124/><E124/><V92/><F92/><W127/><G104/><T113/><D113/><U33/><E33/><V101/><F107/><W13/><G13/><T48/><D91/><U72/><E72/><V69/><F26/><N who="0" m="9770" /><D51/><U50/><E50/><V133/><F133/><W64/><G64/><T102/><D89/><U80/><AGARI ba="3,0" hai="14,19,23,53,55,61,62,63,80,81,82,93,94,95" machi="80" ten="40,12000,1" yaku="0,1,29,2,8,1" doraHai="134" who="1" fromWho="1" sc="128,-43,599,129,148,-43,125,-43" />
</Scene>
<Scene>
<INIT seed="1,4,0,4,0,46" ten="85,728,105,82" oya="1" hai0="5,59,78,62,101,36,130,80,124,90,113,132,88" hai1="82,54,11,105,134,81,47,12,40,64,112,39,98" hai2="135,15,91,104,0,75,41,76,102,58,29,3,45" hai3="121,35,1,20,13,8,108,85,72,73,37,69,23"/><U99/><E112/><V42/><F135/><W100/><G121/><T115/><D36/><U66/><E134/><V9/><F29/><W92/><G35/><T116/><D132/><U87/><E105/><V16/><F58/><W22/><G1/><T89/><D116/><U19/><E81/><V103/><F42/><W96/><G69/><T28/><D124/><U111/><E111/><V6/><F0/><W26/><G37/><T129/><D101/><U128/><E128/><N who="0" m="49257" /><D5/><U10/><E10/><V2/><F2/><W63/><G63/><T53/><D28/><U25/><E25/><V57/><F57/><W83/><G26/><T44/><D44/><U122/><E122/><V119/><F119/><W49/><G108/><T61/><D62/><U31/><E31/><V17/><F17/><W125/><G125/><T95/><D95/><U110/><E110/><V18/><F18/><N who="3" m="8487" /><G72/><AGARI ba="4,0" hai="53,59,61,72,78,80,88,89,90,113,115" m="49257" machi="72" ten="30,2000,0" yaku="19,1,54,1" doraHai="46" who="0" fromWho="3" sc="85,32,728,0,105,0,82,-32" />
</Scene>
<Scene>
<INIT seed="2,0,0,0,3,36" ten="117,728,105,50" oya="2" hai0="2,70,8,53,32,103,16,112,28,83,69,131,104" hai1="56,115,128,25,72,96,58,102,85,108,14,4,71" hai2="75,114,86,90,94,51,13,21,84,9,120,64,65" hai3="107,133,12,80,79,63,19,129,49,48,77,15,98"/><V125/><F75/><W46/><G129/><T130/><D112/><U47/><E72/><V89/><F114/><W122/><G133/><T24/><D83/><U54/><E71/><N who="0" m="27145" /><D53/><U66/><E128/><N who="0" m="49193" /><D2/><U23/><E115/><V52/><F125/><W0/><G0/><T59/><D59/><U91/><E108/><V119/><F119/><W134/><G122/><T27/><D27/><U82/><E66/><V44/><F120/><W7/><G63/><T61/><D61/><U127/><E127/><V40/><F21/><W78/><G7/><T67/><D67/><U93/><E47/><V111/><F111/><W18/><G80/><T38/><D38/><U34/><E34/><V117/><F117/><W106/><G98/><N who="0" m="61559" /><D16/><N who="3" m="6185" /><G46/><T116/><D116/><U1/><E1/><V121/><F121/><W132/><G49/><T100/><D8/><U35/><E35/><V124/><F124/><W76/><N who="3" m="19968" /><DORA hai="123" /><W88/><G48/><T74/><D74/><U3/><E3/><V45/><F90/><W33/><G88/><T81/><D81/><U30/><E54/><V31/><F86/><W97/><G33/><T73/><D73/><U55/><E55/><V26/><F26/><W29/><G29/><T101/><AGARI ba="0,0" hai="24,28,32,100,101" m="61559,49193,27145" machi="101" ten="40,1500,0" yaku="19,1" doraHai="36,123" who="0" fromWho="0" sc="117,15,728,-4,105,-7,50,-4" />
</Scene>
<Scene>
<INIT seed="3,0,0,0,5,28" ten="132,724,98,46" oya="3" hai0="112,37,48,134,42,72,58,131,16,118,99,95,113" hai1="108,14,117,2,9,18,24,120,103,78,122,135,47" hai2="25,49,92,119,43,82,107,19,97,59,33,21,55" hai3="45,79,68,51,125,116,124,106,111,54,52,109,133"/><W1/><G1/><T40/><D118/><U35/><E103/><V129/><F129/><W98/><G116/><T61/><D72/><U32/><E78/><V88/><F119/><W41/><G79/><T90/><D131/><U100/><E47/><N who="2" m="25855" /><F107/><W89/><G68/><T102/><D134/><U115/><E100/><V17/><F82/><W85/><G106/><T67/><D37/><U57/><E57/><V128/><F128/><W104/><G98/><T87/><D16/><U77/><E77/><V130/><F130/><W84/><G104/><N who="0" m="63583" /><D48/><U7/><E115/><AGARI ba="0,0" hai="40,42,58,61,67,87,90,95,112,113,115" m="63583" machi="115" ten="30,1000,0" yaku="11,1" doraHai="28" who="0" fromWho="1" sc="132,10,724,-10,98,0,46,0" owari="142,-6.0,714,81.0,98,-30.0,46,-45.0" />
</Scene>
</mjloggm>