<mjloggm ver="2.3"><GO type="225"/><UN n0="%E5%A4%AA%E3%81%8F%E3%81%AA%E3%81%84%E3%81%8A" n1="%E3%82%B7%E3%83%9F%E3%83%AA%E3%82%B9%EF%BC%94" n2="%E9%87%98%E5%AE%AE%E7%97%85%E6%82%A3%E8%80%85" n3="%E8%91%89%E6%9B%B8%E5%90%8D%E7%84%A1%E3%81%97" dan="16,16,17,16" rate="2083,2049,2087,2043" sx="M,F,M,M"/><TAIKYOKU oya="0"/>

<Scene>
<INIT seed="0,0,0,4,1,102" ten="250,250,250,250" oya="0" hai0="27,56,130,69,85,47,16,26,134,129,18,83,120" hai1="109,7,96,128,95,10,2,44,13,65,40,41,131" hai2="39,22,88,55,45,75,21,82,51,84,57,116,112" hai3="30,77,100,17,59,1,108,23,79,105,12,71,78"/><T37/><D69/><U93/><E65/><V99/><F112/><W25/><G1/><T118/><D120/><U63/><E63/><V50/><F116/><W94/><G108/><T28/><D118/><U48/><E109/><V0/><F0/><W34/><G71/><T66/><D134/><U89/><E40/><V32/><F32/><W9/><G59/><T49/><D37/><U117/><E117/><V53/><F39/><W87/><G105/><T43/><D56/><U122/><E122/><V98/><F75/><W106/><G106/><T3/><D66/><U35/><E35/><V121/><F121/><W33/><REACH who="3" step="1"/><G87/><REACH who="3" ten="250,250,250,240" step="2"/><T111/><D3/><U125/><E2/><V103/><F98/><AGARI ba="0,1" hai="9,12,17,23,25,30,33,34,77,78,79,94,98,100" machi="98" ten="40,2600,0" yaku="1,1,2,1,53,0" doraHai="102" doraHaiUra="36" who="3" fromWho="2" sc="250,0,250,0,250,-26,240,36" />
</Scene>
<Scene>
<INIT seed="1,0,0,1,1,31" ten="250,250,224,276" oya="1" hai0="104,52,129,84,53,64,77,22,25,69,111,128,123" hai1="17,55,89,10,23,13,86,95,35,121,60,8,127" hai2="90,122,66,58,113,42,71,16,26,24,57,102,49" hai3="118,81,51,33,4,96,78,39,124,74,79,88,36"/><U131/><E121/><V125/><F122/><W1/><G33/><T87/><D123/><U70/><E127/><V97/><F125/><W120/><G120/><T91/><D104/><U93/><E131/><N who="0" m="50249" /><D111/><U116/><E35/><V61/><F113/><W80/><G124/><T9/><D9/><U43/><E116/><V133/><F133/><W27/><G27/><T20/><D77/><U98/><E43/><V21/><F90/><W112/><G112/><T11/><D11/><U107/><E107/><V105/><REACH who="2" step="1"/><F26/><REACH who="2" ten="250,250,214,276" step="2"/><W110/><G88/><T0/><D91/><N who="1" m="55679" /><E70/><V38/><F38/><W134/><G39/><T14/><D25/><U15/><E15/><V76/><F76/><W41/><G36/><T108/><D14/><U130/><E130/><V117/><F117/><W103/><G79/><T75/><D69/><U92/><E92/><V114/><F114/><W46/><G78/><T83/><D108/><U2/><E2/><V72/><F72/><W63/><G74/><T135/><D0/><U30/><E30/><V3/><F3/><W115/><G110/><T5/><D75/><U67/><E67/><V132/><F132/><W34/><G134/><T68/><D135/><U94/><E94/><V19/><F19/><W12/><G1/><T85/><D64/><U106/><E106/><V45/><AGARI ba="0,1" hai="16,21,24,42,45,49,57,58,61,66,71,97,102,105" machi="45" ten="30,7900,0" yaku="1,1,0,1,54,1,53,1" doraHai="31" doraHaiUra="56" who="2" fromWho="2" sc="250,-20,250,-39,214,89,276,-20" />
</Scene>
<Scene>
<INIT seed="2,0,0,1,3,118" ten="230,211,303,256" oya="2" hai0="134,115,101,2,35,110,86,129,106,56,52,69,67" hai1="33,58,4,55,23,63,130,48,6,41,131,103,114" hai2="99,68,119,98,28,36,113,12,3,92,0,53,10" hai3="70,89,17,44,128,88,1,96,5,57,16,21,64"/><V37/><F68/><W71/><G1/><T24/><D2/><U39/><E33/><V122/><F113/><W27/><G5/><T91/><D115/><U102/><E114/><V121/><F28/><W13/><G44/><T7/><D7/><U42/><E23/><V112/><F112/><W61/><G128/><N who="1" m="49194" /><E6/><V43/><F119/><W87/><G96/><T83/><D129/><U20/><E20/><V109/><F109/><W32/><G89/><T108/><D134/><U116/><E4/><V127/><F127/><W107/><G107/><T123/><D69/><U46/><E116/><V49/><F0/><W100/><G100/><T124/><D67/><N who="1" m="39415" /><E103/><V47/><F3/><W95/><G32/><T31/><D124/><U132/><E102/><V74/><F74/><W14/><G27/><T93/><D106/><U126/><E126/><V15/><F15/><W85/><G85/><T80/><D101/><U82/><E82/><V11/><F98/><W135/><G135/><T50/><D83/><U125/><E125/><V60/><F99/><W78/><G78/><T30/><D30/><U62/><E132/><V45/><F92/><W81/><G81/><T79/><REACH who="0" step="1"/><D123/><REACH who="0" ten="220,211,303,256" step="2"/><U19/><E19/><V22/><F122/><W25/><G17/><T76/><D76/><U8/><E8/><V117/><F121/><W18/><G18/><T66/><D66/><U54/><E39/><V26/><F36/><W38/><G38/><T65/><D65/><U111/><E111/><V94/><F37/><W75/><G75/><AGARI ba="0,1" hai="24,31,35,50,52,56,75,79,80,86,91,93,108,110" machi="75" ten="40,5200,0" yaku="1,1,54,1,53,1" doraHai="118" doraHaiUra="29" who="0" fromWho="3" sc="220,62,211,0,303,0,256,-52" />
</Scene>
<Scene>
<INIT seed="3,0,0,5,0,108" ten="282,211,303,204" oya="3" hai0="89,125,90,56,121,7,119,54,12,24,82,51,60" hai1="120,104,32,75,128,66,4,53,105,23,65,2,40" hai2="42,6,113,73,83,106,38,43,132,114,1,131,103" hai3="76,39,8,9,69,10,102,116,25,100,20,21,79"/><W111/><G69/><T58/><D121/><U134/><E75/><V30/><F30/><W34/><G39/><T62/><D119/><U18/><E32/><V29/><F29/><W78/><G116/><T85/><D125/><U55/><E40/><V44/><F42/><W48/><G111/><T107/><D107/><U87/><E87/><V46/><F46/><W68/><G68/><T130/><D130/><U115/><E4/><V37/><F37/><W118/><G118/><T19/><D24/><U97/><E2/><V133/><F131/><W98/><G48/><T15/><D7/><U101/><E128/><V109/><F109/><W80/><G80/><T112/><D112/><N who="2" m="43114" /><F103/><N who="3" m="39467" /><G34/><T5/><D5/><U57/><E115/><V71/><F71/><W72/><G72/><T0/><D0/><U61/><E120/><V52/><F106/><W124/><G124/><T59/><D89/><U17/><E105/><V45/><F45/><W67/><G67/><T26/><D60/><U95/><E104/><V135/><F135/><W77/><N who="3" m="19456" /><DORA hai="110" /><W50/><G50/><T84/><D62/><U22/><E134/><V70/><F133/><W36/><G36/><T28/><D51/><U93/><E66/><V123/><F132/><W126/><G126/><T47/><D47/><U31/><E65/><V122/><F70/><W49/><G49/><T117/><D117/><U92/><E55/><V13/><F123/><W35/><G98/><T11/><D54/><U129/><E129/><V27/><F122/><W88/><G88/><T127/><D127/><U81/><E97/><V64/><F64/><RYUUKYOKU ba="0,0" sc="282,-10,211,-10,303,-10,204,30" hai3="8,9,10,20,21,25,35" />
</Scene>
<Scene>
<INIT seed="3,1,0,5,3,76" ten="272,201,293,234" oya="3" hai0="1,126,26,118,32,11,59,47,19,73,33,85,54" hai1="66,45,86,100,58,77,88,83,65,119,102,29,116" hai2="101,82,124,6,24,36,67,0,135,10,17,104,64" hai3="89,48,30,4,108,42,90,117,43,35,95,128,23"/><W2/><G117/><N who="1" m="45130" /><E29/><V49/><F36/><W123/><G35/><T44/><D73/><N who="1" m="43439" /><E45/><V81/><F135/><W9/><G123/><T55/><D118/><U122/><E122/><V12/><F124/><W112/><G112/><T13/><D126/><U14/><E14/><V130/><F130/><W132/><G132/><T56/><D1/><U68/><E68/><V62/><F24/><W107/><G128/><T87/><D26/><U93/><E58/><V94/><F104/><W63/><G107/><T41/><D41/><U31/><E31/><V71/><F64/><AGARI ba="1,0" hai="64,65,66,86,88,93,100,102" m="43439,45130" machi="64" ten="30,3900,0" yaku="12,1,52,1,54,1" doraHai="76" who="1" fromWho="2" sc="272,0,201,42,293,-42,234,0" />
</Scene>
<Scene>
<INIT seed="4,0,0,5,0,102" ten="272,243,251,234" oya="0" hai0="123,110,120,122,77,119,56,30,37,46,133,22,84" hai1="92,4,86,11,130,103,33,73,85,88,125,1,36" hai2="28,75,53,44,16,90,87,14,8,109,126,13,47" hai3="38,23,113,79,135,111,2,61,66,107,9,27,24"/><T32/><D119/><U20/><E33/><V25/><F75/><W101/><G111/><T114/><D32/><U105/><E36/><V62/><F109/><W78/><G38/><T94/><D110/><U69/><E69/><V55/><F126/><W117/><G117/><T6/><D6/><U59/><E125/><V57/><F14/><W17/><G135/><T129/><D133/><U93/><E130/><V83/><REACH who="2" step="1"/><F55/><REACH who="2" ten="272,243,241,234" step="2"/><W99/><G113/><T74/><D74/><U19/><E73/><V124/><F124/><W51/><G27/><T127/><D127/><U48/><E1/><V76/><F76/><W80/><G80/><T91/><D77/><U29/><E29/><V26/><F26/><W71/><REACH who="3" step="1"/><G51/><REACH who="3" ten="272,243,241,224" step="2"/><T41/><D114/><U116/><E48/><V67/><F67/><W96/><G96/><T100/><D37/><U52/><E116/><V0/><F0/><W49/><G49/><T10/><D120/><U15/><E85/><V35/><AGARI ba="0,2" hai="8,13,16,25,28,35,44,47,53,57,62,83,87,90" machi="35" ten="20,5200,0" yaku="1,1,0,1,7,1,54,1,53,0" doraHai="102" doraHaiUra="121" who="2" fromWho="2" sc="272,-26,243,-13,241,72,224,-13" owari="246,5.0,230,-17.0,313,41.0,211,-29.0" />
</Scene>
</mjloggm>