<mjloggm ver="2.3"><GO type="169" lobby="0"/><UN n0="%E3%81%9D%E3%81%AE%E4%B8%80%E6%96%B9%E3%81%AA%E3%81%84%E3%82%8F%EF%BD%9E" n1="%E5%A4%AA%E3%81%8F%E3%81%AA%E3%81%84%E3%81%8A" n2="%E3%83%A4%E3%82%AD%E3%83%B3" n3="%E3%83%88%E3%83%AC%E3%83%8F%E3%83%AD%E3%83%BC%E3%82%B9" dan="16,18,17,16" rate="2063.18,2249.94,2160.09,2073.83" sx="M,F,M,M"/><TAIKYOKU oya="0"/>

<Scene>
<INIT seed="0,0,0,4,4,58" ten="250,250,250,250" oya="0" hai0="128,41,46,124,1,35,17,69,114,92,88,113,109" hai1="73,101,130,12,99,133,83,28,119,74,77,10,60" hai2="106,32,55,47,127,8,34,15,20,71,65,50,44" hai3="70,79,21,2,53,105,95,56,82,24,118,67,135"/><T125/><D35/><U122/><E122/><V131/><F106/><W100/><G105/><T19/><D1/><U43/><E119/><V94/><F127/><N who="0" m="48714" /><D69/><U85/><E133/><V110/><F110/><W61/><G2/><T52/><D109/><U68/><E130/><V49/><F131/><W108/><G108/><T63/><D41/><U64/><E43/><V38/><F38/><W75/><G118/><T22/><D128/><U13/><E28/><V45/><F20/><W81/><G81/><T23/><D23/><U42/><E42/><V107/><F107/><W111/><G135/><T86/><D19/><U98/><E13/><V3/><F3/><W91/><G100/><T93/><D93/><U30/><E30/><V132/><F132/><W102/><G102/><T51/><D63/><U26/><E26/><AGARI ba="0,0" hai="17,22,26,46,51,52,86,88,92,113,114" m="48714" machi="26" ten="30,5800,0" yaku="18,1,54,2" doraHai="58" who="0" fromWho="1" sc="250,58,250,-58,250,0,250,0" />
</Scene>
<Scene>
<INIT seed="0,1,0,0,0,7" ten="308,192,250,250" oya="0" hai0="82,51,39,0,134,26,28,29,105,99,68,35,123" hai1="70,118,110,25,23,93,60,98,115,125,78,135,102" hai2="4,6,14,42,65,61,126,67,53,40,64,19,27" hai3="45,107,16,112,104,57,119,109,91,32,47,95,131"/><T21/><D123/><U74/><E118/><V83/><F126/><W1/><G119/><T69/><D39/><U108/><E125/><V15/><F83/><W116/><G116/><T84/><D0/><U100/><E135/><V10/><F27/><W12/><G1/><T24/><D134/><U38/><E38/><V62/><F4/><W66/><G32/><T33/><D21/><U17/><E115/><V77/><F77/><W120/><G112/><T121/><D121/><U18/><E102/><V97/><F97/><W94/><G94/><T129/><D129/><U132/><E132/><V56/><REACH who="2" step="1"/><F62/><REACH who="2" ten="308,192,240,250" step="2"/><W85/><G131/><T106/><D99/><U36/><E78/><V43/><F43/><W81/><G120/><T41/><D41/><U8/><E60/><V30/><F30/><W117/><G81/><T76/><D24/><U2/><E25/><V90/><F90/><W113/><G117/><T73/><D26/><U133/><E133/><V72/><F72/><W3/><G113/><T75/><D28/><U80/><E80/><V86/><F86/><W50/><G85/><T92/><D29/><U13/><E74/><V96/><F96/><W130/><G91/><T128/><D128/><U37/><E18/><V89/><F89/><W103/><G16/><T127/><D127/><U71/><E98/><V63/><F63/><W5/><G5/><T46/><D75/><U34/><E17/><V11/><AGARI ba="1,1" hai="6,10,11,14,15,19,40,42,53,56,61,64,65,67" machi="11" ten="30,12000,2" yaku="1,1,0,1,8,1,52,2,53,2" doraHai="7" doraHaiUra="9" who="2" fromWho="2" sc="308,-61,192,-31,240,133,250,-31" />
</Scene>
<Scene>
<INIT seed="1,0,0,1,5,44" ten="247,161,373,219" oya="1" hai0="60,70,14,28,106,105,31,121,131,95,81,2,94" hai1="91,47,101,45,115,79,62,21,53,102,40,38,87" hai2="51,34,63,6,68,120,82,83,114,9,76,75,123" hai3="50,8,12,15,98,128,109,74,57,55,119,36,112"/><U129/><E115/><V56/><F34/><W13/><G112/><T61/><D2/><U77/><E129/><V27/><F114/><W41/><G109/><T111/><D111/><U78/><E21/><V71/><F27/><W1/><G74/><T11/><D131/><U107/><E107/><V4/><F83/><W133/><G128/><T86/><D105/><U29/><E29/><V90/><F90/><W16/><G133/><T46/><D106/><U3/><E3/><V110/><F110/><W37/><G119/><T85/><D121/><U22/><E22/><V0/><F4/><W108/><G108/><T125/><D70/><U103/><E62/><N who="0" m="24169" /><D46/><U130/><E130/><V122/><REACH who="2" step="1"/><F51/><REACH who="2" ten="247,161,363,219" step="2"/><W118/><G118/><T69/><D81/><U19/><E78/><V116/><F116/><W54/><G50/><T113/><D113/><U88/><E91/><V43/><F43/><W99/><G41/><T39/><D39/><U132/><E38/><V26/><F26/><W64/><G37/><T84/><D31/><U33/><E33/><V52/><AGARI ba="0,1" hai="0,6,9,52,56,63,68,71,75,76,82,120,122,123" machi="52" ten="30,8000,1" yaku="1,1,0,1,54,1,53,2" doraHai="44" doraHaiUra="67" who="2" fromWho="2" sc="247,-20,161,-40,363,90,219,-20" />
</Scene>
<Scene>
<INIT seed="2,0,0,0,3,53" ten="227,121,453,199" oya="2" hai0="108,63,33,20,114,30,111,0,118,80,23,71,4" hai1="66,29,5,127,116,62,24,35,119,82,26,83,52" hai2="123,75,81,37,100,31,60,77,59,11,55,41,86" hai3="76,58,17,115,103,7,98,44,12,43,8,79,122"/><V105/><F123/><W95/><G122/><T50/><D114/><U61/><E127/><V9/><F31/><W73/><G73/><T125/><D125/><U126/><E126/><V106/><F75/><W134/><G134/><T48/><D80/><U70/><E5/><V88/><F77/><W19/><G115/><T121/><D121/><U112/><E112/><V69/><F69/><W107/><G107/><T57/><D71/><U25/><E35/><V128/><F128/><W65/><G19/><T2/><D33/><U16/><E29/><V27/><F27/><W22/><G65/><N who="0" m="39151" /><D118/><U89/><E82/><V130/><F130/><W40/><G58/><T64/><D64/><U67/><E52/><V3/><F100/><W15/><REACH who="3" step="1"/><G43/><REACH who="3" ten="227,121,453,189" step="2"/><T72/><D72/><U36/><E119/><V99/><F106/><W84/><G84/><T14/><D30/><U18/><E116/><V28/><F28/><W101/><G101/><T92/><D4/><U129/><E129/><V97/><F105/><W117/><G117/><T90/><D111/><U6/><E6/><V85/><F85/><W1/><G1/><T42/><D0/><U104/><E104/><V96/><REACH who="2" step="1"/><F3/><REACH who="2" ten="227,121,443,189" step="2"/><W113/><G113/><T87/><D2/><U38/><E70/><V47/><AGARI ba="0,2" hai="9,11,37,41,47,55,59,60,81,86,88,96,97,99" machi="47" ten="30,18000,2" yaku="1,1,2,1,0,1,52,1,54,1,53,1" doraHai="53" doraHaiUra="51" who="2" fromWho="2" sc="227,-60,121,-60,443,200,189,-60" />
</Scene>
<Scene>
<INIT seed="2,1,0,4,2,92" ten="167,61,643,129" oya="2" hai0="14,83,133,73,41,103,36,51,31,48,67,11,98" hai1="108,93,1,102,40,127,38,3,114,64,86,37,72" hai2="130,78,42,81,60,94,39,134,53,19,80,135,104" hai3="119,55,65,101,59,28,7,105,68,69,0,100,88"/><V91/><F104/><W26/><G119/><T4/><D133/><N who="2" m="50698" /><F130/><W70/><G65/><T29/><D36/><U117/><E72/><V33/><F33/><W74/><G74/><T124/><D124/><U128/><E117/><V122/><F122/><W61/><G7/><T125/><D125/><U18/><E127/><V30/><F30/><W49/><G0/><T79/><D67/><U87/><E64/><V109/><F78/><W2/><G2/><T112/><D112/><U21/><E114/><V132/><F132/><W76/><G76/><T62/><D62/><U66/><E66/><V32/><F32/><W52/><G105/><T12/><D12/><U129/><E108/><V116/><F116/><W85/><G26/><T5/><D5/><U121/><E121/><V107/><F107/><W45/><REACH who="3" step="1"/><G28/><REACH who="3" ten="167,61,643,119" step="2"/><T8/><D31/><U82/><E1/><V22/><F109/><W126/><G126/><T111/><D29/><U27/><E3/><V84/><F19/><W20/><G20/><T95/><D111/><U43/><E18/><V47/><F22/><W63/><G63/><T9/><D4/><U89/><E21/><V99/><F60/><W113/><G113/><T123/><D123/><U115/><E115/><V90/><F53/><W23/><G23/><T44/><D14/><U75/><E27/><V17/><F17/><W25/><G25/><T6/><D6/><U120/><E120/><V77/><F77/><W110/><G110/><T15/><D15/><U106/><E106/><V34/><F34/><W57/><G57/><T118/><D118/><U24/><E24/><RYUUKYOKU ba="1,1" sc="167,10,61,-30,643,10,119,10" hai0="8,9,11,41,44,48,51,73,79,83,95,98,103" hai2="39,42,47,80,81,84,90,91,94,99" hai3="45,49,52,55,59,61,68,69,70,85,88,100,101" />
</Scene>
<Scene>
<INIT seed="2,2,1,1,1,111" ten="177,31,653,129" oya="2" hai0="57,78,116,7,130,104,27,99,18,42,119,50,46" hai1="14,117,114,112,131,80,28,68,65,82,49,89,38" hai2="58,20,36,103,109,105,127,19,118,94,73,63,0" hai3="3,86,98,66,9,88,124,77,120,23,43,67,35"/><V32/><F118/><N who="0" m="45098" /><D130/><U34/><E117/><V29/><F105/><W60/><G35/><T45/><D78/><U75/><E38/><V113/><F113/><W8/><G120/><T31/><D18/><U22/><E34/><V135/><F73/><W39/><G77/><T132/><D7/><U37/><E37/><V97/><F36/><W93/><G124/><T74/><D74/><U16/><E131/><V100/><F0/><W69/><G67/><T83/><D83/><U1/><E1/><V52/><F127/><W25/><G3/><T106/><D132/><U70/><E28/><V54/><F135/><W62/><G62/><T47/><D42/><U126/><E126/><V107/><F109/><W33/><G33/><N who="0" m="20735" /><D99/><U21/><E75/><V122/><F122/><W2/><G2/><T81/><D81/><U40/><E65/><V72/><F72/><W15/><G15/><T129/><D129/><U12/><E40/><V84/><F32/><W41/><G41/><T79/><D79/><U61/><E16/><V128/><F29/><W134/><G134/><T87/><D87/><U48/><REACH who="1" step="1"/><E61/><REACH who="1" ten="177,21,653,129" step="2"/><V95/><F63/><W76/><G43/><T91/><D50/><U53/><E53/><V44/><F54/><W96/><G39/><T125/><D125/><U110/><E110/><V59/><F52/><W90/><G60/><T64/><D64/><U133/><E133/><V17/><F128/><W115/><G66/><T5/><D5/><U24/><E24/><V56/><F19/><W4/><G4/><T51/><D51/><U13/><E13/><V121/><F121/><RYUUKYOKU ba="2,2" sc="177,-10,21,30,653,-10,129,-10" hai1="12,14,21,22,48,49,68,70,80,82,89,112,114" />
</Scene>
<Scene>
<INIT seed="3,3,2,4,0,25" ten="167,51,643,119" oya="3" hai0="133,86,34,110,134,64,69,41,73,51,93,33,91" hai1="7,22,26,31,20,42,89,99,58,9,32,120,61" hai2="116,18,113,19,103,129,108,77,28,95,10,68,56" hai3="62,78,94,88,79,74,122,16,45,105,100,130,14"/><W43/><G122/><T0/><D0/><U85/><E99/><V4/><F68/><W102/><G130/><T17/><D73/><U71/><E71/><V38/><F38/><W35/><G35/><T128/><D128/><U24/><E42/><V36/><F36/><W12/><G105/><T40/><D110/><U111/><E111/><V37/><F37/><W101/><G12/><T115/><D115/><U57/><E120/><V53/><F129/><W75/><G62/><N who="0" m="40087" /><D17/><U54/><E57/><V44/><F44/><W82/><G78/><T66/><D66/><U63/><E63/><V127/><F77/><W117/><G117/><T59/><D41/><U70/><E70/><V125/><F108/><W112/><G112/><T47/><D59/><U65/><E65/><V109/><F109/><W107/><G107/><T92/><D92/><U83/><REACH who="1" step="1"/><E26/><REACH who="1" ten="167,41,643,119" step="2"/><V60/><F113/><W118/><G118/><T6/><D40/><U48/><E48/><V67/><F116/><W131/><G131/><T114/><D51/><U11/><E11/><V46/><F10/><W97/><G43/><T15/><D47/><U50/><E50/><V39/><F46/><W21/><REACH who="3" step="1"/><G45/><REACH who="3" ten="167,41,643,109" step="2"/><T72/><D114/><U106/><E106/><V23/><F39/><W135/><G135/><T87/><D134/><U30/><E30/><V76/><F28/><W98/><G98/><T81/><D133/><U2/><AGARI ba="3,4" hai="2,7,9,20,22,24,31,32,54,58,61,83,85,89" machi="2" ten="20,8000,1" yaku="1,1,0,1,7,1,52,1,53,1" doraHai="25" doraHaiUra="1" who="1" fromWho="1" sc="167,-23,41,129,643,-23,109,-43" />
</Scene>
<Scene>
<INIT seed="4,0,0,3,3,24" ten="144,170,620,66" oya="0" hai0="50,6,74,22,64,69,104,125,45,7,130,36,107" hai1="46,56,3,55,111,103,95,38,90,132,78,9,41" hai2="21,89,133,10,70,17,11,30,8,26,40,114,96" hai3="134,119,110,87,122,44,19,65,18,71,52,49,48"/><T81/><D36/><U57/><E111/><V80/><F70/><W58/><G119/><T126/><D130/><U73/><E103/><V120/><F40/><W128/><G110/><T23/><D64/><U27/><E132/><V35/><F80/><W100/><G128/><T16/><D69/><U101/><E101/><V51/><F51/><W43/><G134/><T129/><D129/><U5/><E55/><V98/><F133/><W29/><G100/><T99/><D74/><U60/><E60/><V37/><F37/><W124/><G124/><N who="0" m="47723" /><D81/><N who="1" m="45263" /><E27/><V1/><F120/><W113/><G113/><T106/><D99/><AGARI ba="0,0" hai="3,5,9,38,41,46,56,57,90,95,99" m="45263" machi="99" ten="30,1000,0" yaku="25,1" doraHai="24" who="1" fromWho="0" sc="144,-10,170,10,620,0,66,0" />
</Scene>
<Scene>
<INIT seed="5,0,0,2,5,25" ten="134,180,620,66" oya="1" hai0="14,67,109,42,84,127,52,128,123,104,12,75,105" hai1="1,16,43,26,63,134,11,88,130,101,59,117,20" hai2="111,77,83,120,37,40,15,13,65,70,94,36,103" hai3="82,5,17,116,95,49,44,73,50,108,72,74,86"/><U53/><E117/><V113/><F111/><W23/><G108/><T110/><D75/><U71/><E101/><V10/><F120/><W22/><G116/><T135/><D123/><U21/><E134/><V129/><F70/><W45/><G5/><T93/><D135/><U121/><E121/><V122/><F65/><W64/><G64/><T85/><D42/><U32/><E71/><V30/><F122/><W41/><G95/><T102/><D67/><U47/><E130/><V56/><F56/><W62/><G62/><T100/><D93/><U125/><E125/><V98/><F129/><W66/><G66/><T55/><REACH who="0" step="1"/><D128/><REACH who="0" ten="124,180,620,66" step="2"/><U35/><E43/><V51/><F94/><W27/><G72/><T133/><D133/><U48/><E53/><V19/><F40/><W115/><G115/><T69/><D69/><U58/><E63/><V34/><F113/><W132/><G132/><T60/><D60/><U97/><E97/><V61/><F98/><W6/><G6/><T89/><D89/><U9/><E88/><V124/><F124/><AGARI ba="0,1" hai="12,14,52,55,84,85,100,102,104,105,109,110,124,127" machi="124" ten="25,12000,2" yaku="1,1,22,2,54,1,53,2" doraHai="25" doraHaiUra="99" who="0" fromWho="2" sc="124,130,180,0,620,-120,66,0" />
</Scene>
<Scene>
<INIT seed="6,0,0,3,4,7" ten="254,180,500,66" oya="2" hai0="71,26,105,27,3,101,125,53,33,123,126,120,20" hai1="19,86,130,60,46,62,66,38,12,108,41,135,110" hai2="95,122,127,39,2,68,100,65,21,90,47,109,44" hai3="113,63,25,59,32,91,15,18,16,73,23,98,84"/><V8/><F122/><N who="0" m="46634" /><D3/><U96/><E130/><V133/><F100/><W82/><G73/><T24/><D33/><U11/><E135/><V14/><F133/><W99/><G32/><T117/><D117/><U129/><E129/><V37/><F2/><W103/><G113/><T79/><D79/><U97/><E62/><V107/><F107/><W4/><G4/><T52/><D71/><U76/><E76/><V43/><F21/><W80/><G80/><T115/><D115/><U112/><E86/><V30/><F30/><W128/><G128/><T6/><D6/><U54/><E54/><N who="0" m="21097" /><D101/><U85/><E85/><V57/><F68/><W42/><G42/><T29/><D105/><U114/><E114/><V81/><F81/><W70/><G70/><T13/><D13/><U106/><E112/><V35/><F35/><W116/><G116/><T111/><D111/><U5/><E106/><V50/><F109/><W51/><G51/><T134/><D134/><U0/><E110/><V77/><F77/><W118/><G103/><T45/><D45/><U56/><REACH who="1" step="1"/><E108/><REACH who="1" ten="254,170,500,66" step="2"/><V121/><F43/><W49/><G118/><T22/><D29/><U74/><E74/><V17/><F47/><W58/><G49/><T78/><D78/><U1/><E1/><V102/><F50/><W75/><G75/><T104/><D104/><U69/><E69/><V67/><F44/><W10/><REACH who="3" step="1"/><G58/><REACH who="3" ten="254,170,500,56" step="2"/><T132/><D132/><U64/><E64/><AGARI ba="0,2" hai="10,15,16,18,23,25,59,63,64,82,84,91,98,99" machi="64" ten="30,12000,2" yaku="1,1,2,1,7,1,8,1,52,1,54,1,53,1" doraHai="7" doraHaiUra="55" who="3" fromWho="1" sc="254,0,170,-120,500,0,56,140" />
</Scene>
<Scene>
<INIT seed="7,0,0,5,5,24" ten="254,50,500,196" oya="3" hai0="4,62,41,75,34,92,72,55,70,106,97,12,16" hai1="37,81,65,123,131,36,67,112,94,59,18,99,118" hai2="113,85,42,121,115,79,96,17,78,102,103,71,127" hai3="83,47,5,60,45,51,26,108,25,49,30,38,130"/><W134/><G130/><T40/><D34/><U87/><E123/><V110/><F71/><W57/><G134/><T0/><D106/><U54/><E131/><V129/><F110/><W68/><G68/><T119/><D119/><U128/><E128/><V82/><F129/><W13/><G108/><T133/><D133/><U117/><E112/><N who="2" m="43083" /><F121/><W39/><G83/><T76/><D4/><U84/><E81/><V20/><F42/><N who="0" m="16490" /><D0/><U100/><E59/><V61/><F61/><W77/><G77/><T63/><D75/><U86/><E54/><V53/><F53/><W31/><G57/><T15/><D72/><U3/><E3/><V43/><F43/><W29/><G60/><N who="0" m="23083" /><D55/><U35/><E35/><V120/><F120/><W116/><G116/><T114/><D114/><U44/><E44/><N who="3" m="16970" /><G39/><T1/><D70/><U2/><E2/><V23/><F79/><W64/><G64/><T98/><D1/><U111/><E111/><V126/><F82/><W9/><G38/><T11/><D76/><U69/><E69/><V46/><F46/><W95/><G95/><T107/><D107/><U109/><E109/><V10/><F78/><W89/><G89/><T48/><D92/><U52/><E52/><V8/><F103/><W104/><G104/><T6/><D48/><AGARI ba="0,0" hai="5,9,13,25,26,29,30,31,48,49,51" m="16970" machi="48" ten="30,11600,0" yaku="8,1,52,3" doraHai="24" who="3" fromWho="0" sc="254,-116,50,0,500,0,196,116" />
</Scene>
<Scene>
<INIT seed="7,1,0,5,3,121" ten="138,50,500,312" oya="3" hai0="60,109,135,104,126,108,64,94,57,9,28,61,19" hai1="124,29,95,48,130,123,89,106,2,107,58,59,127" hai2="81,12,115,101,88,98,10,50,128,85,114,5,38" hai3="51,72,70,1,18,31,67,52,69,133,17,14,119"/><W99/><G72/><T25/><D104/><U117/><E123/><V26/><F38/><W78/><G1/><T75/><D75/><U42/><E2/><V103/><F128/><W131/><G119/><T30/><D109/><U3/><E3/><V118/><F118/><W13/><G78/><T4/><D108/><U0/><E0/><V77/><F50/><W7/><G7/><T8/><D135/><U91/><E117/><V116/><F116/><W120/><G120/><T35/><D126/><U27/><E130/><V68/><F68/><W125/><G125/><T110/><D110/><U105/><E42/><V83/><F26/><W100/><G133/><T6/><D35/><U92/><E106/><V39/><F39/><W122/><G122/><T34/><D34/><U93/><E93/><V16/><F5/><N who="0" m="2154" /><D94/><U90/><E90/><V87/><F98/><W47/><G31/><N who="0" m="11819" /><D61/><U23/><E29/><V33/><F33/><W134/><G134/><T79/><D79/><U96/><E96/><V44/><F114/><W71/><G131/><T112/><D112/><U97/><E97/><V65/><F115/><W56/><G67/><T86/><D86/><U66/><E66/><V11/><F65/><W111/><G111/><T62/><D62/><U22/><REACH who="1" step="1"/><E27/><REACH who="1" ten="138,40,500,312" step="2"/><V129/><F129/><W20/><G71/><T132/><D132/><U24/><E24/><V73/><F73/><W21/><G47/><T76/><D25/><U54/><E54/><V32/><F44/><W55/><G55/><T43/><D64/><U82/><E82/><V15/><F32/><W46/><G46/><RYUUKYOKU ba="1,1" sc="138,-30,40,10,500,10,312,10" hai1="22,23,48,58,59,89,91,92,95,105,107,124,127" hai2="10,11,12,15,16,77,81,83,85,87,88,101,103" hai3="13,14,17,18,20,21,51,52,56,69,70,99,100" />
</Scene>
<Scene>
<INIT seed="7,2,1,1,0,3" ten="108,50,510,322" oya="3" hai0="50,55,130,12,76,125,74,30,48,79,20,45,41" hai1="92,108,11,124,129,66,63,126,28,47,134,61,95" hai2="88,102,7,32,31,70,86,43,6,5,72,58,24" hai3="51,42,82,62,114,22,116,40,69,65,60,37,84"/><W113/><G22/><T25/><D74/><U13/><E108/><V135/><F70/><W26/><G26/><T107/><D107/><U133/><E28/><V29/><F72/><W38/><G82/><T94/><D125/><N who="1" m="48235" /><E47/><V21/><F102/><W17/><G17/><T118/><D118/><U67/><E129/><V10/><F135/><N who="1" m="51721" /><E13/><V123/><F123/><W83/><G83/><T49/><D130/><U2/><E11/><V101/><F101/><W110/><G84/><T64/><D64/><N who="1" m="24619" /><E2/><V81/><F43/><N who="3" m="16427" /><G116/><T128/><D128/><U39/><E39/><N who="3" m="14858" /><G110/><T91/><D12/><U106/><E106/><V98/><F98/><W89/><G89/><T85/><D49/><U127/><N who="1" m="48243" /><U97/><DORA hai="15" /><E97/><V36/><F36/><W111/><G111/><T96/><D96/><U14/><E14/><N who="2" m="5455" /><F32/><W35/><G35/><T78/><D78/><U115/><E115/><N who="3" m="44042" /><G60/><AGARI ba="2,1" hai="60,61,63,92,95" m="24619,51721,48243" machi="60" ten="50,8000,1" yaku="28,2,18,1,20,1" doraHai="3,15" who="1" fromWho="3" sc="108,0,50,96,510,0,322,-86" owari="108,-39.0,146,-25.0,510,60.0,236,4.0" />
</Scene>
</mjloggm>