<mjloggm ver="2.3"><GO type="97"/><UN n0="%E5%A4%AA%E3%81%8F%E3%81%AA%E3%81%84%E3%81%8A" n1="%E3%81%98%E3%82%87%E3%82%93%E3%82%8D%E3%83%BC" n2="%6D%61%6E%73%6F%6E" n3="%E9%B3%A5%E5%8F%96%E7%9C%8C" dan="14,15,15,13" rate="2065,2004,2003,1912" sx="M,M,M,M"/><TAIKYOKU oya="0"/>

<Scene>
<INIT seed="0,0,0,3,1,123" ten="250,250,250,250" oya="0" hai0="31,9,81,16,41,84,102,5,104,90,73,71,33" hai1="64,124,62,103,119,131,11,106,135,89,121,93,8" hai2="122,61,92,34,78,28,12,6,72,127,82,97,55" hai3="56,98,7,13,37,24,77,53,32,36,74,2,51"/><T35/><D71/><U130/><E121/><V83/><F122/><W126/><G126/><T108/><D41/><U67/><E124/><V40/><F82/><W39/><G2/><T125/><D125/><U95/><E119/><V63/><F127/><W134/><G134/><T14/><D73/><U54/><E135/><V49/><F40/><W50/><G32/><T48/><D48/><U25/><E106/><V114/><F114/><W109/><G24/><T18/><D31/><U23/><E54/><V105/><F105/><W113/><G113/><T111/><D35/><U129/><E64/><V30/><F6/><W46/><G98/><N who="0" m="61527" /><D33/><U60/><E60/><V52/><F55/><W118/><G118/><T86/><D86/><U27/><E27/><V57/><F30/><W116/><G116/><T38/><D38/><U115/><E115/><V21/><F34/><W47/><G36/><T101/><D101/><U91/><E91/><V112/><F112/><W58/><G37/><T80/><D80/><U96/><E93/><V66/><F66/><W17/><G39/><T4/><D4/><U29/><REACH who="1" step="1"/><E89/><REACH who="1" ten="250,240,250,250" step="2"/><N who="2" m="55439" /><F63/><W117/><G117/><T0/><D0/><U59/><AGARI ba="0,1" hai="8,11,23,25,29,59,62,67,95,96,103,129,130,131" machi="59" ten="30,8000,1" yaku="1,1,0,1,25,2,19,1,53,0" doraHai="123" doraHaiUra="45" who="1" fromWho="1" sc="250,-40,240,90,250,-20,250,-20" />
</Scene>
<Scene>
<INIT seed="1,0,0,4,2,31" ten="210,330,230,230" oya="1" hai0="103,134,2,24,117,74,90,85,50,34,59,102,77" hai1="108,0,116,28,46,81,101,121,127,57,33,111,118" hai2="83,62,78,86,25,11,12,98,13,115,93,69,105" hai3="35,109,72,65,17,41,110,113,6,73,114,54,91"/><U135/><E101/><V79/><F105/><W27/><G6/><T88/><D117/><N who="1" m="45163" /><E57/><V66/><F115/><W23/><G65/><T32/><D2/><U60/><E60/><V49/><F79/><W84/><G41/><T55/><D134/><U58/><E58/><V106/><F106/><W48/><G35/><T96/><D74/><U124/><E46/><V71/><F71/><W99/><G99/><T64/><D64/><U94/><E94/><V68/><F68/><W89/><G89/><T100/><D96/><U26/><E81/><V51/><F25/><W130/><G130/><T97/><D97/><U128/><E0/><V123/><F123/><W129/><G129/><T75/><D75/><U133/><E121/><V120/><F120/><W37/><G37/><T15/><D77/><U4/><E4/><V52/><F11/><W21/><G72/><T67/><D67/><U20/><E20/><V45/><REACH who="2" step="1"/><F51/><REACH who="2" ten="210,330,220,230" step="2"/><W14/><G113/><T61/><D50/><U30/><E128/><V40/><F40/><W126/><G114/><T95/><D24/><U70/><E70/><V131/><F131/><W42/><G27/><T63/><D63/><U43/><E43/><V7/><F7/><W112/><G42/><T76/><D76/><U36/><E36/><V107/><F107/><W19/><G112/><T92/><REACH who="0" step="1"/><D15/><REACH who="0" ten="200,330,220,230" step="2"/><U5/><E5/><V44/><F44/><W3/><G14/><T47/><D47/><U125/><E30/><V29/><F29/><W56/><G3/><T1/><D1/><U10/><E10/><V104/><F104/><W122/><G122/><RYUUKYOKU ba="0,2" sc="200,10,330,10,220,10,230,-30" hai0="32,34,55,59,61,85,88,90,92,95,100,102,103" hai1="26,28,33,108,111,124,125,127,133,135" hai2="12,13,45,49,52,62,66,69,78,83,86,93,98" />
</Scene>
<Scene>
<INIT seed="1,1,2,1,4,105" ten="210,340,230,200" oya="1" hai0="32,60,124,122,46,71,78,132,59,90,74,27,66" hai1="5,125,43,114,2,16,68,49,84,72,57,38,26" hai2="81,126,6,134,44,129,53,25,18,95,39,67,87" hai3="85,119,42,34,36,48,107,79,40,82,47,92,64"/><U112/><E68/><V50/><F39/><W93/><G107/><T121/><D124/><U113/><E125/><V109/><F126/><W61/><G34/><T52/><D132/><U110/><E38/><V104/><F104/><W22/><G119/><T8/><D8/><U56/><E5/><V133/><F129/><W54/><G22/><T103/><D103/><U94/><E2/><V51/><F109/><W131/><G42/><T120/><D90/><U13/><E110/><V33/><F6/><W23/><G23/><T15/><D15/><U63/><E72/><V62/><F95/><W89/><G131/><T80/><D46/><U77/><E26/><V3/><F3/><W14/><G14/><T69/><D66/><U28/><E28/><AGARI ba="1,2" hai="27,28,32,52,59,60,69,71,74,78,80,120,121,122" machi="28" ten="40,5200,0" yaku="13,1,52,1,54,1" doraHai="105" who="0" fromWho="1" sc="210,75,340,-55,230,0,200,0" />
</Scene>
<Scene>
<INIT seed="2,0,0,2,2,107" ten="285,285,230,200" oya="2" hai0="123,5,54,96,59,49,106,67,118,8,6,117,61" hai1="17,124,112,22,93,9,21,116,24,46,131,64,94" hai2="121,50,53,114,14,132,19,18,88,99,84,56,28" hai3="105,77,129,128,126,81,15,33,44,7,69,2,62"/><V4/><F121/><W36/><G105/><T120/><D96/><U115/><E116/><N who="0" m="44649" /><D106/><U16/><E131/><N who="3" m="50250" /><G15/><N who="0" m="5519" /><D6/><U76/><E124/><V134/><F114/><W92/><G92/><T98/><D98/><U27/><E76/><V90/><F99/><W39/><G33/><T20/><D20/><U127/><E127/><V89/><F28/><W48/><G126/><T11/><D11/><U45/><E64/><V0/><F0/><W83/><G83/><T113/><D113/><U52/><E9/><N who="2" m="4391" /><F84/><W32/><G32/><T71/><AGARI ba="0,0" hai="49,54,59,61,67,71,120,123" m="5519,44649" machi="71" ten="30,1100,0" yaku="12,1" doraHai="107" who="0" fromWho="0" sc="285,11,285,-3,230,-5,200,-3" />
</Scene>
<Scene>
<INIT seed="3,0,0,3,1,108" ten="296,282,225,197" oya="3" hai0="15,0,10,97,75,62,37,83,126,65,41,45,64" hai1="8,76,50,3,35,23,61,102,128,71,32,109,124" hai2="22,72,63,49,47,48,68,9,59,127,70,5,100" hai3="101,135,104,129,27,19,117,81,34,82,2,33,57"/><W12/><G117/><T16/><D126/><U58/><E109/><V52/><F127/><W60/><G2/><T131/><D131/><U92/><E124/><V130/><F72/><W77/><G129/><T90/><D0/><U119/><E119/><V98/><F130/><W125/><G82/><T73/><D65/><U56/><E71/><V99/><F22/><W116/><G116/><T96/><D75/><U53/><E76/><V69/><F100/><W38/><G38/><T18/><D18/><U79/><E79/><V21/><F21/><W114/><G114/><T4/><D4/><U112/><E128/><V30/><F30/><W115/><G115/><T6/><D6/><U25/><E112/><V24/><F24/><W66/><G27/><T86/><D73/><U44/><E8/><V121/><F121/><W84/><G125/><T89/><D89/><U106/><E106/><V107/><F107/><W11/><REACH who="3" step="1"/><G135/><REACH who="3" ten="296,282,225,187" step="2"/><T13/><D13/><U43/><E3/><V28/><F28/><W46/><G46/><T26/><D26/><U88/><E102/><V94/><F47/><W105/><G105/><T20/><D10/><U120/><E120/><V93/><F9/><W95/><G95/><T31/><D31/><U55/><E58/><AGARI ba="0,1" hai="15,16,20,37,41,45,58,62,64,83,86,90,96,97" machi="58" ten="30,2000,0" yaku="7,1,54,1" doraHai="108" who="0" fromWho="1" sc="296,30,282,-20,225,0,187,0" owari="326,42.0,262,6.0,225,-17.0,187,-31.0" />
</Scene>
</mjloggm>