<mjloggm ver="2.3"><GO type="169"/><UN n0="%E3%83%A1%E3%82%AC%E3%83%8D%E3%81%8F%E3%82%93" n1="%E5%A4%AA%E3%81%8F%E3%81%AA%E3%81%84%E3%81%8A" n2="%53%48%49%53%55%4B%45" n3="%49%47%41" dan="16,16,16,16" rate="2094,2101,2110,2089" sx="M,M,M,M"/><TAIKYOKU oya="0"/>

<Scene>
<INIT seed="0,0,0,4,4,77" ten="250,250,250,250" oya="0" hai0="132,74,111,9,50,51,127,115,53,101,59,108,65" hai1="112,55,45,120,117,22,102,24,72,100,82,123,4" hai2="26,95,16,14,15,6,134,133,129,73,90,86,39" hai3="60,11,122,3,1,40,23,13,10,56,66,64,130"/><T46/><D74/><U67/><E117/><V107/><F107/><W31/><G130/><T97/><D115/><U27/><E112/><V37/><F73/><W121/><G40/><T94/><D132/><N who="2" m="50794" /><F129/><W84/><G66/><T21/><D127/><U36/><E67/><V124/><F124/><W33/><G84/><T79/><D79/><U58/><E4/><V61/><F61/><W17/><G56/><T89/><D9/><N who="3" m="3081" /><G60/><T128/><D128/><U30/><E27/><V76/><F6/><W70/><G64/><T109/><D21/><U110/><E36/><N who="2" m="13899" /><F76/><W25/><G70/><T19/><D19/><U87/><E72/><V47/><F47/><W80/><G80/><T125/><D125/><U118/><E118/><V69/><F69/><W29/><G29/><T8/><D8/><U113/><E113/><V43/><F43/><W38/><G38/><T7/><D7/><U34/><E82/><V96/><F96/><W78/><G78/><T93/><D65/><U42/><E42/><V28/><F28/><W98/><G98/><N who="0" m="57647" /><D46/><U81/><E45/><V106/><F106/><W131/><G131/><T116/><D116/><U104/><E104/><V35/><F35/><W44/><G44/><T12/><D50/><U54/><E34/><V99/><F99/><W75/><G75/><T105/><D105/><U83/><E30/><V52/><F52/><W49/><G49/><T32/><D32/><U92/><E55/><V5/><F5/><W91/><G91/><T41/><D41/><U103/><E54/><V48/><F48/><W2/><AGARI ba="0,0" hai="1,2,3,13,17,23,25,31,33,121,122" m="3081" machi="2" ten="40,2700,0" yaku="34,2" doraHai="77" who="3" fromWho="3" sc="250,-13,250,-7,250,-7,250,27" />
</Scene>
<Scene>
<INIT seed="1,0,0,0,2,29" ten="237,243,243,277" oya="1" hai0="22,122,78,39,126,19,30,130,68,98,59,109,93" hai1="37,95,38,82,67,89,9,41,129,26,125,114,33" hai2="47,111,86,76,133,58,36,8,63,20,96,80,21" hai3="51,72,104,34,4,113,92,97,16,43,117,94,71"/><U7/><E114/><V55/><F133/><W105/><G113/><T32/><D68/><U44/><E125/><V87/><F111/><W3/><G71/><T79/><D126/><U121/><E121/><V57/><F36/><W75/><G117/><T46/><D109/><U101/><E129/><V135/><F135/><W18/><G34/><T6/><D6/><U115/><E115/><V60/><F47/><W5/><G51/><T66/><D130/><U85/><E67/><V27/><F96/><W116/><G116/><T49/><D39/><U64/><E64/><V74/><F8/><W14/><G97/><T0/><D0/><U31/><E101/><V107/><F107/><W91/><G14/><T1/><D1/><U131/><E131/><V48/><F20/><W42/><REACH who="3" step="1"/><G91/><REACH who="3" ten="237,243,243,267" step="2"/><T103/><D122/><U2/><REACH who="1" step="1"/><E38/><REACH who="1" ten="237,233,243,267" step="2"/><V25/><F48/><W118/><G118/><T69/><D49/><U70/><E70/><V12/><F63/><W83/><G83/><AGARI ba="0,2" hai="2,7,9,26,31,33,37,41,44,82,83,85,89,95" machi="83" ten="40,3900,0" yaku="1,1,52,1,53,0" doraHai="29" doraHaiUra="100" who="1" fromWho="3" sc="237,0,233,59,243,0,267,-39" />
</Scene>
<Scene>
<INIT seed="1,1,0,4,1,64" ten="237,292,243,228" oya="1" hai0="70,27,31,20,89,67,0,29,77,109,47,93,85" hai1="95,101,75,53,4,73,38,9,128,111,30,60,100" hai2="91,62,108,133,81,35,90,132,105,33,66,129,3" hai3="84,2,118,135,18,8,49,122,88,74,58,107,12"/><U39/><E30/><V14/><F3/><W21/><G122/><T116/><D116/><U32/><E32/><V36/><F36/><W121/><G121/><T34/><D109/><U48/><E60/><V46/><F46/><W80/><G118/><T76/><D0/><U24/><E24/><V56/><F105/><W115/><G107/><T124/><D124/><U10/><E95/><V114/><F108/><W83/><G115/><T23/><D47/><U15/><E111/><V130/><F114/><W42/><G135/><N who="2" m="51785" /><F14/><N who="3" m="9431" /><G2/><T11/><D11/><U52/><E128/><N who="2" m="49259" /><F91/><W5/><G74/><T61/><D34/><U127/><E15/><V22/><F22/><W1/><G1/><T28/><REACH who="0" step="1"/><D20/><REACH who="0" ten="227,292,243,228" step="2"/><U131/><E131/><V7/><F7/><W92/><G42/><T17/><AGARI ba="1,1" hai="17,23,27,28,29,31,61,67,70,76,77,85,89,93" machi="17" ten="30,8000,1" yaku="1,1,2,1,0,1,52,1,53,1" doraHai="64" doraHaiUra="86" who="0" fromWho="0" sc="227,93,292,-41,243,-21,228,-21" />
</Scene>
<Scene>
<INIT seed="2,0,0,4,2,8" ten="320,251,222,207" oya="2" hai0="11,131,129,45,55,61,2,34,79,85,26,54,3" hai1="6,40,119,39,102,134,60,91,65,62,98,90,120" hai2="127,37,51,133,10,70,87,30,108,9,46,83,25" hai3="48,49,76,53,99,67,128,44,124,28,12,69,106"/><V18/><F127/><W80/><G124/><T103/><D103/><U24/><E119/><V89/><F133/><W78/><G128/><N who="0" m="49227" /><D34/><U56/><E134/><V21/><F37/><W14/><G28/><T15/><D26/><U13/><E120/><V0/><F70/><W82/><G106/><T130/><D61/><U36/><E24/><V125/><F125/><W110/><G69/><T84/><D79/><N who="3" m="30249" /><G110/><T97/><D97/><U64/><E39/><V81/><F108/><W22/><G67/><T92/><D130/><U7/><E40/><V33/><F0/><N who="0" m="42" /><D45/><U66/><E66/><V115/><F115/><W68/><G68/><T88/><D85/><U58/><E36/><V5/><F5/><AGARI ba="0,0" hai="5,11,15,54,55,84,88,92" m="42,49227" machi="5" ten="30,3900,0" yaku="19,1,52,1,54,1" doraHai="8" who="0" fromWho="2" sc="320,39,251,0,222,-39,207,0" />
</Scene>
<Scene>
<INIT seed="3,0,0,1,5,94" ten="359,251,183,207" oya="3" hai0="25,99,35,87,88,66,125,115,51,58,80,42,18" hai1="64,118,46,56,86,77,69,101,39,30,89,16,34" hai2="76,75,130,129,106,108,61,83,17,85,15,109,107" hai3="135,44,43,50,92,116,104,21,31,1,7,96,0"/><W120/><G116/><T33/><D125/><U6/><E118/><V128/><F61/><W55/><G120/><T112/><D42/><U97/><E6/><V9/><REACH who="2" step="1"/><F75/><REACH who="2" ten="359,251,173,207" step="2"/><W22/><G135/><T90/><D115/><U13/><E69/><V122/><F122/><W79/><G104/><AGARI ba="0,1" hai="9,15,17,76,83,85,104,106,107,108,109,128,129,130" machi="104" ten="50,6400,0" yaku="1,1,19,1,53,1" doraHai="94" doraHaiUra="81" who="2" fromWho="3" sc="359,0,251,0,173,74,207,-64" />
</Scene>
<Scene>
<INIT seed="4,0,0,0,5,114" ten="359,251,247,143" oya="0" hai0="52,24,60,56,104,130,80,7,100,113,122,9,14" hai1="77,37,4,121,12,5,63,119,107,118,47,41,128" hai2="39,59,48,96,72,54,120,58,112,73,71,32,68" hai3="19,76,21,67,69,13,65,109,64,11,111,91,28"/><T44/><D122/><U127/><E121/><V22/><F120/><W61/><G76/><T17/><D113/><U134/><E107/><V46/><F112/><W82/><G67/><T35/><D130/><U29/><E29/><V87/><F32/><W42/><G65/><T50/><D80/><U31/><E31/><V99/><F71/><W53/><G42/><T75/><D75/><U116/><E77/><V78/><F68/><W25/><G82/><T101/><D104/><U132/><E128/><V79/><F73/><W81/><G81/><T93/><D93/><U51/><E127/><V102/><F87/><W2/><G91/><T18/><D35/><U97/><E97/><N who="2" m="37451" /><F102/><N who="0" m="39530" /><D24/><U30/><E30/><V16/><F39/><W23/><G53/><AGARI ba="0,0" hai="7,9,14,17,18,44,50,52,53,56,60" m="39530" machi="53" ten="30,2900,0" yaku="8,1,54,1" doraHai="114" who="0" fromWho="3" sc="359,29,251,0,247,0,143,-29" />
</Scene>
<Scene>
<INIT seed="4,1,0,0,4,112" ten="388,251,247,114" oya="0" hai0="51,129,28,82,127,1,13,135,103,117,30,21,100" hai1="22,93,49,83,42,131,88,121,8,106,72,128,17" hai2="77,3,15,78,31,74,120,50,32,108,75,12,6" hai3="109,130,65,114,54,63,57,92,81,73,9,104,80"/><T86/><D1/><U5/><E121/><V7/><F120/><W132/><G114/><T122/><D122/><U62/><E106/><V119/><F108/><W134/><G104/><T116/><D135/><U18/><E62/><V23/><F50/><W125/><G109/><T2/><D2/><U4/><E42/><V96/><F96/><W133/><G125/><T20/><D127/><U87/><E49/><V71/><F71/><W69/><G130/><N who="1" m="49706" /><E8/><N who="2" m="2143" /><F78/><W111/><G111/><T48/><D129/><U123/><E123/><V0/><F77/><W46/><G73/><T64/><D86/><N who="1" m="52375" /><E72/><V53/><F53/><W38/><G9/><T126/><D126/><U45/><E45/><V59/><F59/><W90/><G46/><T37/><D37/><U60/><E60/><V26/><F74/><W19/><G38/><T41/><D41/><U56/><E56/><V24/><F75/><W94/><G19/><N who="1" m="7178" /><E22/><V124/><F124/><W70/><G70/><T89/><D64/><U61/><E61/><V39/><F39/><W44/><G44/><T97/><D51/><U115/><E115/><V14/><F7/><W113/><G113/><T34/><D48/><U79/><AGARI ba="1,0" hai="4,5,79,83,87" m="7178,52375,49706" machi="79" ten="30,2000,0" yaku="19,1,54,1" doraHai="112" who="1" fromWho="1" sc="388,-11,251,23,247,-6,114,-6" />
</Scene>
<Scene>
<INIT seed="5,0,0,0,5,8" ten="377,274,241,108" oya="1" hai0="109,114,90,40,80,81,0,56,97,31,19,134,60" hai1="12,77,45,28,132,3,44,58,88,130,107,33,27" hai2="30,52,82,16,64,102,46,84,117,24,108,18,61" hai3="126,1,38,54,92,32,48,94,47,51,17,59,135"/><U116/><E116/><V74/><F117/><W36/><G135/><T128/><D0/><U110/><E3/><V124/><F74/><W86/><G126/><T103/><D109/><U100/><E77/><N who="2" m="46159" /><F102/><W105/><G105/><T50/><D31/><U121/><E121/><V4/><F4/><W123/><G123/><T71/><D71/><U13/><E100/><V66/><F108/><W63/><G1/><T125/><D125/><U118/><E118/><V20/><F124/><W29/><G51/><T67/><D134/><U96/><E110/><V9/><F30/><W49/><G49/><T39/><D39/><U76/><E132/><V93/><F93/><W37/><G86/><T15/><D114/><U62/><E76/><V7/><F7/><W99/><G29/><T14/><D19/><U2/><E2/><V72/><F72/><W70/><G32/><T10/><D10/><U91/><E107/><V120/><F120/><W104/><G70/><T43/><D128/><U11/><E130/><V111/><F111/><W101/><REACH who="3" step="1"/><G17/><REACH who="3" ten="377,274,241,98" step="2"/><T22/><D50/><U25/><E33/><V69/><F69/><W122/><G122/><T85/><D43/><AGARI ba="0,1" hai="36,37,38,43,47,48,54,59,63,92,94,99,101,104" machi="43" ten="40,2600,0" yaku="1,1,53,1" doraHai="8" doraHaiUra="53" who="3" fromWho="0" sc="377,-26,274,0,241,0,98,36" />
</Scene>
<Scene>
<INIT seed="6,0,0,1,1,41" ten="351,274,241,134" oya="2" hai0="123,129,117,57,93,61,36,68,90,60,45,3,72" hai1="24,83,89,113,85,109,124,128,70,108,53,78,121" hai2="55,30,52,33,62,66,27,37,118,79,22,12,51" hai3="49,101,48,84,103,13,105,67,63,104,110,17,126"/><V8/><F118/><W97/><G110/><T81/><D123/><U88/><E70/><V35/><F37/><W20/><G126/><T38/><D3/><U132/><E24/><V94/><F79/><W77/><G77/><T31/><D117/><U10/><E10/><V119/><F119/><W86/><G86/><T14/><D31/><U115/><E53/><V39/><F39/><W111/><G84/><T64/><D129/><U75/><E124/><V23/><F94/><W112/><G111/><N who="1" m="42570" /><E128/><V99/><F99/><W40/><G40/><T58/><D68/><U102/><E121/><V19/><F35/><W91/><G91/><N who="1" m="34890" /><E132/><V34/><F33/><W46/><G112/><N who="1" m="43082" /><E102/><V2/><F2/><W44/><G103/><T92/><D36/><U114/><N who="1" m="43090" /><U21/><DORA hai="69" /><E21/><V116/><F116/><W106/><G106/><T5/><D38/><U50/><E50/><V9/><F34/><W25/><G105/><T73/><D14/><U32/><E32/><V0/><F0/><W80/><G80/><T6/><D81/><U1/><E1/><V16/><F30/><W29/><G49/><T125/><D125/><U82/><E82/><V133/><F133/><W54/><G54/><N who="2" m="20521" /><F51/><W26/><G48/><T43/><D43/><U135/><E135/><V65/><F62/><W15/><G26/><T134/><D134/><U87/><AGARI ba="0,0" hai="75,78,83,85,87" m="43090,34890,42570" machi="87" ten="50,8000,1" yaku="15,1,34,2,54,1" doraHai="41,69" who="1" fromWho="1" sc="351,-20,274,80,241,-40,134,-20" />
</Scene>
<Scene>
<INIT seed="7,0,0,0,1,132" ten="331,354,201,114" oya="3" hai0="102,0,5,124,93,57,62,42,117,80,82,8,76" hai1="53,33,126,31,104,113,37,17,134,97,23,51,109" hai2="48,90,30,73,95,81,71,49,114,135,54,29,101" hai3="63,24,130,84,36,70,38,28,26,52,40,6,79"/><W9/><G130/><T22/><D117/><U34/><E109/><V112/><F71/><W18/><G18/><T107/><D107/><U46/><E134/><V11/><F135/><W123/><G123/><T105/><D105/><U78/><E37/><V127/><F127/><W133/><G133/><T86/><D42/><U121/><E121/><V74/><F101/><W35/><G24/><T103/><D124/><U65/><E126/><V128/><F128/><W13/><G40/><T59/><D22/><U94/><E104/><V83/><F11/><W96/><G96/><T131/><D131/><U111/><E111/><V67/><F67/><W4/><G4/><T39/><D39/><U92/><E113/><N who="2" m="43627" /><F83/><W12/><G12/><T14/><D0/><U77/><E65/><V20/><F81/><W25/><G25/><T3/><D3/><U47/><E34/><V60/><F60/><W75/><G75/><N who="2" m="28681" /><F20/><W21/><G35/><T99/><D103/><U125/><E125/><V50/><F54/><W100/><G100/><T98/><D98/><AGARI ba="0,0" hai="29,30,48,49,50,90,95,98" m="28681,43627" machi="98" ten="40,1300,0" yaku="15,1" doraHai="132" who="2" fromWho="0" sc="331,-13,354,0,201,13,114,0" owari="318,12.0,354,46.0,214,-19.0,114,-39.0" />
</Scene>
</mjloggm>