<mjloggm ver="2.3"><GO type="169"/><UN n0="%4B%E3%80%82" n1="%E5%A4%AA%E3%81%8F%E3%81%AA%E3%81%84%E3%81%8A" n2="%62%61%6B%61%73%65" n3="%67%69%6A%79%75%74%75" dan="16,17,16,16" rate="2112,2144,2078,2076" sx="M,M,F,M"/><TAIKYOKU oya="0"/>

<Scene>
<INIT seed="0,0,0,5,0,9" ten="250,250,250,250" oya="0" hai0="63,103,101,33,1,104,61,98,78,93,65,125,8" hai1="82,119,36,100,18,35,83,19,5,16,41,133,2" hai2="53,28,84,85,13,43,22,45,90,3,56,88,42" hai3="102,92,49,132,47,127,114,59,109,76,108,130,111"/><T55/><BYE who="3" /><D125/><U29/><E119/><V80/><F3/><W95/><G95/><T10/><D33/><U68/><E68/><V48/><F45/><W75/><G75/><T123/><D123/><U71/><E71/><V7/><F28/><W117/><G117/><T17/><D78/><U77/><E133/><V14/><F7/><W11/><G11/><T52/><D104/><U72/><E100/><V64/><F64/><W62/><G62/><N who="0" m="23563" /><D1/><U106/><E106/><V32/><F32/><W70/><G70/><T86/><D65/><U58/><E58/><V97/><F97/><W113/><G113/><T31/><D31/><U99/><E99/><V34/><F34/><W94/><G94/><T20/><D86/><U79/><E2/><V69/><F69/><W37/><G37/><T57/><D103/><U50/><E36/><V46/><F22/><W44/><G44/><T6/><D6/><U134/><E5/><V91/><F43/><UN n3="%67%69%6A%79%75%74%75" /><W124/><G76/><T15/><D55/><U38/><E38/><V67/><F67/><W112/><G132/><T122/><D122/><U12/><E134/><V81/><F91/><W121/><G121/><T24/><D24/><U118/><E118/><V30/><F30/><W131/><G102/><T39/><D39/><AGARI ba="0,0" hai="13,14,39,42,46,48,53,56,80,81,84,85,88,90" machi="39" ten="30,8000,1" yaku="7,1,9,1,52,2,54,1" doraHai="9" who="2" fromWho="0" sc="250,-80,250,0,250,80,250,0" />
</Scene>
<Scene>
<INIT seed="1,0,0,3,1,117" ten="170,250,330,250" oya="1" hai0="47,112,28,128,58,52,43,110,133,88,40,30,27" hai1="119,61,37,62,35,129,57,120,1,32,46,85,13" hai2="65,127,100,90,67,33,102,21,107,98,118,135,42" hai3="99,50,38,78,56,29,92,2,48,123,15,39,91"/><U23/><E119/><V8/><F33/><W95/><G2/><T81/><D112/><U71/><E1/><V55/><F118/><W94/><G78/><T116/><D116/><U101/><E129/><V18/><F127/><W31/><G94/><T10/><D128/><U70/><E101/><V84/><F135/><W19/><G56/><T53/><D133/><U108/><E108/><V77/><F77/><W74/><G74/><T132/><D132/><U34/><E85/><V17/><F102/><W104/><G104/><T45/><D110/><U24/><E13/><V109/><F109/><W134/><G134/><T54/><D10/><U96/><E96/><V11/><F42/><N who="0" m="15914" /><D58/><U0/><E0/><V97/><F97/><W89/><G99/><T49/><D49/><U4/><E4/><V14/><F55/><W6/><G6/><T9/><D9/><U7/><E7/><V16/><F18/><W12/><G19/><T20/><D28/><U115/><E115/><V105/><F105/><W79/><G79/><T130/><D130/><U121/><E37/><V5/><F17/><W26/><G26/><T64/><D64/><N who="1" m="38959" /><E46/><V66/><REACH who="2" step="1"/><F5/><REACH who="2" ten="170,250,320,250" step="2"/><W69/><REACH who="3" step="1"/><G69/><REACH who="3" ten="170,250,320,240" step="2"/><T76/><D76/><U125/><E71/><V63/><F63/><W126/><G126/><T82/><D82/><AGARI ba="0,2" hai="8,11,14,16,21,65,66,67,82,84,90,98,100,107" machi="82" ten="40,5200,0" yaku="1,1,54,1,53,1" doraHai="117" doraHaiUra="103" who="2" fromWho="0" sc="170,-52,250,0,320,72,240,0" />
</Scene>
<Scene>
<INIT seed="2,0,0,2,5,97" ten="118,250,392,240" oya="2" hai0="130,123,72,70,90,134,2,56,88,114,105,12,74" hai1="127,49,5,23,51,126,18,86,89,30,68,120,8" hai2="37,1,20,48,6,121,42,62,58,99,131,133,33" hai3="19,103,31,95,66,116,55,85,98,10,13,135,50"/><V129/><F33/><W69/><G135/><T77/><D123/><U81/><E68/><V75/><F75/><W91/><G116/><T46/><D114/><U41/><E30/><V110/><F121/><W82/><G69/><T94/><D70/><U122/><E122/><V113/><F113/><W4/><G31/><T109/><D2/><N who="1" m="55" /><E41/><V92/><F37/><W93/><G66/><T16/><D134/><U100/><E120/><V118/><F118/><W25/><G25/><T102/><D130/><U43/><E43/><V63/><F42/><W73/><G73/><T119/><D119/><U108/><E108/><V71/><F71/><W65/><G65/><T80/><D109/><U54/><E54/><V32/><F6/><W17/><REACH who="3" step="1"/><G95/><REACH who="3" ten="118,250,392,230" step="2"/><T59/><D74/><U14/><E127/><V106/><F92/><W64/><G64/><T9/><D46/><AGARI ba="0,1" hai="4,10,13,17,19,46,50,55,82,85,91,93,98,103" machi="46" ten="30,7700,0" yaku="1,1,7,1,8,1,52,1,53,0" doraHai="97" doraHaiUra="34" who="3" fromWho="0" sc="118,-77,250,0,392,0,230,87" />
</Scene>
<Scene>
<INIT seed="3,0,0,0,4,32" ten="41,250,392,317" oya="3" hai0="115,64,123,125,94,70,135,86,82,62,55,24,44" hai1="111,20,6,46,27,60,38,18,56,107,45,21,72" hai2="112,96,120,0,133,68,95,42,104,128,71,91,121" hai3="74,52,65,126,73,78,66,88,80,34,31,5,130"/><W114/><G114/><T25/><D123/><N who="2" m="47178" /><F112/><W28/><G74/><T87/><D115/><U22/><E107/><V108/><F108/><W51/><G130/><T41/><D135/><U98/><E72/><V119/><F119/><W63/><G126/><T47/><D125/><U61/><E111/><V2/><F133/><W13/><G88/><T100/><D47/><N who="1" m="17931" /><E38/><V40/><F104/><W57/><G34/><T48/><D100/><U113/><E113/><V76/><F76/><W118/><G118/><T69/><D69/><N who="2" m="26698" /><F128/><W122/><G122/><T17/><D94/><U36/><E36/><V7/><F7/><W67/><REACH who="3" step="1"/><G63/><REACH who="3" ten="41,250,392,307" step="2"/><T79/><D41/><AGARI ba="0,1" hai="0,2,40,41,42,91,95,96" m="26698,47178" machi="41" ten="30,3900,0" yaku="13,1,52,2" doraHai="32" who="2" fromWho="0" sc="41,-39,250,0,392,49,307,0" />
</Scene>
<Scene>
<INIT seed="4,0,0,1,3,86" ten="2,250,441,307" oya="0" hai0="119,47,106,6,62,28,134,108,14,8,29,18,27" hai1="133,42,63,2,115,41,128,80,113,35,34,92,126" hai2="56,132,38,33,111,78,104,55,99,15,22,103,10" hai3="52,114,105,32,85,79,44,21,0,102,70,135,54"/><T124/><D119/><U93/><E2/><V40/><F33/><N who="1" m="12297" /><E63/><V120/><F120/><W65/><G32/><T89/><D106/><U26/><E26/><V59/><F111/><W1/><G105/><T23/><D108/><U68/><E68/><V100/><F100/><W39/><G102/><T48/><D134/><U4/><E4/><V76/><F132/><W107/><G107/><T112/><D112/><N who="1" m="43083" /><E133/><V19/><F59/><W72/><G114/><T66/><D124/><U3/><E3/><V125/><F125/><W97/><G70/><T118/><D118/><U36/><E126/><V122/><F122/><W96/><G1/><T64/><D89/><U25/><E25/><V13/><F40/><N who="1" m="15465" /><E80/><V94/><F38/><W129/><G39/><T58/><D66/><U17/><E36/><V69/><F69/><W77/><G0/><T117/><D117/><U11/><E128/><V95/><F95/><N who="1" m="36425" /><E11/><V116/><F116/><W109/><G129/><T83/><D83/><U9/><E9/><V50/><F104/><W31/><G135/><T87/><D87/><U90/><E17/><AGARI ba="0,0" hai="10,13,15,17,19,22,50,55,56,76,78,94,99,103" machi="17" ten="30,2000,0" yaku="7,1,8,1" doraHai="86" who="2" fromWho="1" sc="2,0,250,-20,441,20,307,0" />
</Scene>
<Scene>
<INIT seed="5,0,0,4,0,73" ten="2,230,461,307" oya="1" hai0="61,99,86,6,2,83,50,128,51,54,114,103,117" hai1="24,129,5,92,42,133,10,116,9,115,59,35,14" hai2="25,105,48,121,11,15,39,21,125,19,89,132,72" hai3="71,111,124,95,17,63,31,91,120,45,28,119,131"/><U23/><E116/><V27/><F39/><W88/><G120/><T41/><D117/><U104/><E104/><V0/><F105/><W47/><G119/><T3/><D128/><U13/><E129/><V67/><F121/><W32/><G131/><T36/><D114/><U37/><E115/><V98/><F72/><W76/><G32/><T130/><D130/><U96/><E133/><V78/><F78/><W135/><G135/><T100/><D36/><U90/><E35/><V57/><F132/><W22/><G22/><T49/><BYE who="3" /><D2/><U69/><E69/><V87/><F98/><W60/><G60/><T113/><D113/><U20/><E59/><V7/><F125/><W12/><G12/><T84/><D3/><U33/><E33/><V44/><F57/><W68/><G68/><T93/><D6/><U38/><E42/><V85/><F67/><W110/><G110/><T30/><D30/><U70/><E70/><V80/><F87/><N who="0" m="33322" /><D83/><U29/><REACH who="1" step="1"/><E20/><REACH who="1" ten="2,220,461,307" step="2"/><V4/><F4/><AGARI ba="0,1" hai="4,5,9,10,13,14,23,24,29,37,38,90,92,96" machi="4" ten="30,12000,1" yaku="1,1,2,1,7,1,9,1,53,1" doraHai="73" doraHaiUra="26" who="1" fromWho="2" sc="2,0,220,130,461,-120,307,0" />
</Scene>
<Scene>
<INIT seed="5,1,0,3,4,9" ten="2,350,341,307" oya="1" hai0="36,66,126,29,98,133,58,11,46,4,19,93,63" hai1="42,37,107,80,82,70,106,101,75,33,8,118,49" hai2="113,67,3,105,57,38,60,34,23,6,22,88,124" hai3="120,77,43,40,97,96,79,59,7,25,78,64,103"/><U100/><E118/><V21/><F34/><W32/><G32/><T94/><D126/><U128/><E33/><V1/><F105/><W61/><G61/><T119/><D119/><U27/><E70/><V115/><F124/><W121/><G121/><T45/><D133/><UN n3="%67%69%6A%79%75%74%75" /><U135/><E37/><V51/><F38/><W2/><G120/><T12/><D36/><U85/><E135/><V122/><F122/><W108/><G108/><T24/><D4/><U56/><E128/><V71/><F6/><W95/><G64/><T16/><D19/><U55/><E42/><V84/><F51/><W73/><G59/><T74/><D74/><U54/><E27/><V18/><F18/><W127/><G25/><T91/><D94/><U111/><E111/><V130/><F130/><W14/><G2/><T20/><AGARI ba="1,0" hai="11,12,16,20,24,29,45,46,58,63,66,91,93,98" machi="20" ten="20,8000,1" yaku="0,1,7,1,8,1,52,1,54,1" doraHai="9" who="0" fromWho="0" sc="2,83,350,-41,341,-21,307,-21" />
</Scene>
<Scene>
<INIT seed="6,0,0,5,2,67" ten="85,309,320,286" oya="2" hai0="11,50,41,104,120,59,101,51,60,53,98,73,34" hai1="128,14,20,47,116,24,19,38,62,23,66,5,39" hai2="82,18,85,46,124,92,44,80,7,56,86,129,8" hai3="94,27,9,15,114,131,135,117,26,72,83,45,93"/><V79/><F129/><W109/><G117/><T3/><D120/><U90/><E116/><V69/><F69/><W30/><G109/><T63/><D73/><U123/><E123/><V37/><F37/><W121/><G121/><T89/><D34/><U119/><E119/><V71/><F71/><W65/><G135/><T127/><D127/><U33/><E33/><V31/><F124/><W68/><G131/><T108/><D108/><U29/><E128/><V55/><F18/><W88/><G114/><T22/><D22/><U125/><E125/><V95/><F31/><W112/><G112/><T40/><D89/><U130/><E130/><V2/><F46/><W36/><G36/><T49/><REACH who="0" step="1"/><D60/><REACH who="0" ten="75,309,320,286" step="2"/><U78/><E90/><V28/><F28/><W12/><G88/><T35/><D35/><U97/><E23/><V107/><F79/><W21/><G21/><T100/><D100/><U132/><E78/><V102/><F102/><W42/><G30/><T61/><D61/><U58/><E29/><V4/><F86/><W6/><G72/><T91/><D91/><U126/><E126/><V17/><F85/><W110/><G110/><T10/><D10/><U13/><E20/><V32/><F8/><W54/><G9/><T134/><D134/><U111/><E132/><V87/><F32/><W76/><G76/><T75/><D75/><U16/><E111/><V74/><F87/><W64/><G83/><T1/><D1/><U25/><E62/><V57/><F82/><W52/><G26/><T118/><D118/><U77/><E24/><V70/><F80/><W122/><G27/><RYUUKYOKU ba="0,1" sc="75,30,309,-10,320,-10,286,-10" hai0="3,11,40,41,49,50,51,53,59,63,98,101,104" />
</Scene>
<Scene>
<INIT seed="7,1,1,4,3,117" ten="105,299,310,276" oya="3" hai0="111,29,67,26,129,95,12,70,4,5,43,121,79" hai1="9,73,57,0,28,53,119,85,115,49,128,87,13" hai2="16,7,56,77,122,38,22,104,17,63,99,64,126" hai3="135,120,68,19,92,90,102,65,51,62,118,74,10"/><W72/><G118/><T131/><D111/><U18/><E119/><V78/><F38/><W108/><G108/><T11/><D79/><U35/><E73/><V25/><F126/><W8/><G102/><T130/><D43/><U1/><E115/><V30/><F122/><W113/><G113/><T125/><D125/><U101/><E128/><N who="0" m="32769" /><T2/><DORA hai="14" /><D95/><U133/><E133/><V123/><F123/><W46/><G120/><T112/><D67/><U82/><E101/><V134/><F134/><W96/><G135/><T80/><D80/><U58/><E58/><V114/><F114/><W91/><G91/><T40/><D40/><U3/><REACH who="1" step="1"/><E82/><REACH who="1" ten="105,289,310,276" step="2"/><V97/><F104/><W60/><G60/><T116/><D70/><U27/><AGARI ba="1,2" hai="0,1,3,9,13,18,27,28,35,49,53,57,85,87" machi="27" ten="40,8000,1" yaku="1,1,2,1,0,1,52,1,53,1" doraHai="117,14" doraHaiUra="6,71" who="1" fromWho="1" sc="105,-21,289,103,310,-21,276,-41" owari="84,-42.0,392,49.0,289,9.0,235,-16.0" />
</Scene>
</mjloggm>