<mjloggm ver="2.3"><GO type="41"/><UN n0="%E9%AB%98%E7%94%BA%EF%BC%A0%E3%81%AA%E3%81%AE%E3%81%AF" n1="%E3%81%9B%E3%82%93%E3%81%9F%E3%82%93" n2="%E6%A5%B5%E6%9D%B1%E3%83%AC%E3%83%BC%E3%83%80%E3%83%BC" n3="%E5%A4%AA%E3%81%8F%E3%81%AA%E3%81%84%E3%81%8A" dan="15,14,13,15" rate="1965,1933,1809,2027" sx="F,F,M,M"/><TAIKYOKU oya="0"/>

<Scene>
<INIT seed="0,0,0,3,1,44" ten="250,250,250,250" oya="0" hai0="33,115,59,15,2,78,21,132,110,70,82,40,101" hai1="9,32,18,123,67,38,106,14,54,118,81,53,10" hai2="69,104,117,98,27,28,68,121,39,65,19,29,89" hai3="102,20,7,47,34,52,37,74,12,130,3,124,112"/><T48/><D115/><U75/><E38/><V76/><F121/><W95/><G112/><T49/><D70/><U31/><E106/><V80/><F39/><W87/><G74/><T114/><D2/><U56/><E118/><V119/><F65/><W94/><G34/><T4/><D33/><U57/><E67/><V1/><F1/><W55/><G130/><T35/><D35/><U42/><E42/><V86/><F29/><W131/><G131/><T96/><D114/><U91/><E32/><V17/><F28/><W71/><G71/><N who="2" m="27209" /><F27/><W5/><G3/><T135/><D110/><U108/><E31/><V92/><F104/><W8/><G5/><T36/><D36/><U6/><E108/><V83/><F83/><W127/><G20/><T77/><D59/><N who="1" m="22603" /><E75/><V133/><F133/><N who="0" m="51274" /><D40/><U111/><E111/><V26/><F26/><W45/><G37/><T90/><D90/><U109/><E109/><V113/><F113/><W63/><G102/><T84/><D77/><U64/><E64/><V60/><F60/><W43/><G63/><T61/><D61/><U107/><E107/><V30/><F30/><W25/><G43/><T88/><D78/><U24/><E24/><V125/><F125/><W66/><G25/><T16/><D4/><U97/><E123/><V51/><F51/><N who="3" m="28783" /><G66/><T120/><D120/><U46/><E6/><V100/><F119/><W73/><G127/><T79/><D79/><U58/><E81/><N who="2" m="49359" /><F117/><W99/><G124/><T85/><D84/><U126/><E126/><V13/><F13/><W134/><G134/><T128/><D128/><U62/><E14/><RYUUKYOKU ba="0,0" sc="250,15,250,-15,250,15,250,-15" hai0="15,16,21,48,49,82,85,88,96,101" hai2="17,19,76,80,92,98,100" />
</Scene>
<Scene>
<INIT seed="0,1,0,0,3,131" ten="265,235,265,235" oya="0" hai0="115,99,60,94,0,90,85,55,59,24,126,32,4" hai1="122,27,26,79,10,116,61,50,121,39,65,74,117" hai2="41,56,58,40,103,69,100,83,15,9,114,119,84" hai3="25,91,132,34,106,20,105,95,57,133,54,43,36"/><T98/><D115/><U28/><E39/><V101/><F69/><W73/><G73/><T35/><D126/><U71/><E74/><V68/><F68/><W89/><G34/><T88/><D24/><U70/><E79/><V67/><F119/><W46/><G57/><N who="2" m="22121" /><F67/><W13/><G13/><T17/><D17/><U47/><E70/><V104/><F104/><W135/><G54/><T7/><D99/><U120/><E10/><V49/><F49/><W37/><G37/><T125/><D125/><U72/><E72/><V77/><F114/><W48/><G36/><T129/><D129/><U14/><E14/><V92/><F92/><W93/><G93/><T108/><D108/><U51/><E50/><V86/><F86/><N who="3" m="52663" /><G91/><T16/><D0/><U97/><E97/><V130/><F130/><W52/><G43/><T64/><D64/><U62/><E62/><V45/><F45/><W75/><G75/><T113/><D113/><U1/><E1/><V124/><F124/><W63/><G63/><T118/><D118/><U53/><E26/><V23/><F23/><W80/><G80/><N who="0" m="49447" /><D35/><U42/><E42/><V5/><AGARI ba="1,0" hai="5,9,15,40,41,77,83,84,100,101,103" m="22121" machi="5" ten="30,1100,0" yaku="8,1" doraHai="131" who="2" fromWho="2" sc="265,-6,235,-4,265,14,235,-4" />
</Scene>
<Scene>
<INIT seed="1,0,0,2,4,41" ten="259,231,279,231" oya="1" hai0="44,56,8,108,25,69,88,104,42,36,121,70,109" hai1="120,6,85,110,75,134,125,24,26,97,124,50,133" hai2="115,101,53,71,52,114,116,38,106,28,0,11,22" hai3="30,62,63,48,1,7,128,123,118,93,91,33,54"/><U112/><E75/><V131/><F116/><W4/><G123/><T86/><D104/><U46/><E110/><N who="0" m="42601" /><D121/><U60/><E6/><N who="2" m="1479" /><F38/><W126/><G118/><T135/><D135/><N who="1" m="51723" /><E112/><N who="2" m="43051" /><F71/><W65/><G126/><N who="1" m="48746" /><E97/><N who="2" m="61743" /><F131/><W13/><G128/><T10/><D25/><AGARI ba="0,0" hai="22,25,28,52,53" m="61743,43051,1479" machi="25" ten="30,2000,0" yaku="11,1,54,1" doraHai="41" who="2" fromWho="0" sc="259,-20,231,0,279,20,231,0" />
</Scene>
<Scene>
<INIT seed="2,0,0,0,2,107" ten="239,231,299,231" oya="2" hai0="125,61,22,47,24,90,99,108,84,75,21,128,123" hai1="60,54,9,58,98,10,70,34,91,46,94,87,116" hai2="49,131,67,31,29,102,25,133,2,114,118,77,129" hai3="18,52,126,36,72,127,89,101,88,117,103,11,19"/><V1/><F118/><W74/><G117/><T124/><D123/><U63/><E34/><V28/><F114/><W69/><G69/><T93/><D108/><U42/><E116/><V81/><F133/><W4/><G36/><T71/><D128/><N who="2" m="49226" /><F67/><W48/><G4/><T82/><D47/><U3/><E3/><N who="2" m="1035" /><F49/><W56/><G11/><T59/><D71/><U111/><E111/><V135/><F102/><N who="3" m="38923" /><G19/><T64/><D24/><U83/><E70/><V96/><F96/><W95/><G18/><T26/><D75/><N who="3" m="28713" /><G95/><T122/><D122/><U14/><E63/><V132/><F81/><W51/><G51/><T57/><D57/><U44/><E9/><V68/><F68/><W30/><G30/><N who="2" m="11881" /><F77/><W12/><G12/><T65/><D65/><U100/><E42/><V39/><F39/><W7/><G7/><AGARI ba="0,0" hai="7,10,14,44,46,54,58,60,83,87,91,94,98,100" machi="7" ten="30,2000,0" yaku="7,1,8,1" doraHai="107" who="1" fromWho="3" sc="239,0,231,20,299,0,231,-20" />
</Scene>
<Scene>
<INIT seed="3,0,0,5,1,43" ten="239,251,299,211" oya="3" hai0="8,83,61,108,50,34,5,48,10,82,70,6,13" hai1="54,129,119,14,112,79,102,76,107,46,49,23,90" hai2="117,47,74,127,86,12,40,69,51,4,99,2,15" hai3="25,11,118,96,60,45,73,106,64,120,78,113,125"/><W77/><G120/><T19/><D34/><U38/><E112/><V52/><F69/><W42/><G113/><T0/><D108/><U7/><E107/><V62/><F74/><W87/><G118/><T20/><D70/><U44/><E102/><V101/><F117/><W37/><G125/><T9/><D61/><U97/><E119/><V1/><F127/><W55/><G73/><T95/><D95/><U98/><E98/><V121/><F121/><W31/><G55/><T128/><D128/><U63/><E63/><V110/><F110/><W65/><G11/><T21/><D21/><U104/><E129/><V59/><F86/><W124/><G124/><T89/><D82/><U111/><E111/><V131/><F131/><W27/><G27/><T100/><D100/><U56/><E38/><V109/><F109/><W67/><G60/><T66/><D66/><U84/><E97/><V53/><F2/><W80/><G96/><T105/><D105/><U41/><E41/><V71/><F71/><W123/><G106/><T133/><D133/><U81/><E104/><V103/><F103/><W85/><G123/><T16/><D19/><N who="1" m="10743" /><E7/><N who="0" m="2569" /><D0/><U33/><E33/><V135/><F135/><W122/><G122/><T116/><D116/><U134/><E134/><V88/><F1/><W68/><G68/><T32/><D32/><U132/><E132/><V92/><F101/><W18/><G18/><T93/><D83/><U29/><E29/><V26/><F4/><W30/><G25/><T91/><D91/><U24/><E24/><V35/><F26/><W114/><G114/><T36/><D36/><RYUUKYOKU ba="0,0" sc="239,10,251,10,299,-30,211,10" hai0="8,9,10,13,16,20,48,50,89,93" hai1="44,46,49,54,56,76,79,81,84,90" hai3="30,31,37,42,45,64,65,67,77,78,80,85,87" />
</Scene>
<Scene>
<INIT seed="3,1,0,3,4,30" ten="249,261,269,221" oya="3" hai0="70,87,128,44,35,34,46,120,11,79,37,8,65" hai1="131,104,61,27,9,105,25,45,55,113,1,7,18" hai2="108,13,43,5,81,28,6,69,71,123,94,102,49" hai3="26,75,83,2,126,86,23,20,48,3,117,122,10"/><W63/><G122/><T76/><D65/><U19/><E113/><V91/><F123/><W85/><G117/><T100/><D120/><U15/><E131/><V130/><F108/><W134/><G134/><T82/><D70/><U21/><E27/><V52/><F130/><W54/><G126/><T4/><D128/><U78/><E78/><V127/><F127/><W121/><G121/><T0/><D100/><U77/><E77/><V31/><F71/><W72/><G63/><T16/><D37/><U98/><E98/><N who="2" m="59735" /><F69/><W88/><G86/><T57/><D76/><U107/><E104/><V41/><F13/><W24/><G24/><T84/><D57/><U58/><REACH who="1" step="1"/><E45/><REACH who="1" ten="249,251,269,221" step="2"/><N who="2" m="27695" /><F31/><W74/><G26/><T22/><D44/><U89/><E89/><V116/><F28/><W129/><G129/><T135/><D46/><U110/><E110/><V80/><F116/><W115/><G115/><T106/><D106/><U118/><E118/><V109/><F109/><W99/><G99/><T73/><D135/><U53/><E53/><V132/><F132/><W42/><G54/><T32/><REACH who="0" step="1"/><D8/><AGARI ba="1,1" hai="1,7,8,9,15,18,19,21,25,55,58,61,105,107" machi="8" ten="30,3900,0" yaku="1,1,7,1,53,1" doraHai="30" doraHaiUra="17" who="1" fromWho="0" sc="249,-42,251,52,269,0,221,0" />
</Scene>
<Scene>
<INIT seed="4,0,0,2,5,104" ten="207,303,269,221" oya="0" hai0="11,123,0,75,112,30,120,127,57,72,70,93,105" hai1="126,38,58,68,34,48,49,4,96,36,101,5,44" hai2="22,56,82,12,135,84,71,89,33,111,76,133,9" hai3="119,17,47,88,99,124,98,2,62,90,20,85,73"/><T91/><D105/><U7/><E34/><V60/><F71/><W114/><G119/><T6/><D70/><U15/><E68/><V27/><F111/><W28/><G2/><T103/><D103/><U50/><E44/><V132/><F33/><W122/><G28/><T61/><D30/><U102/><E126/><V59/><F89/><W100/><G124/><T121/><D127/><U125/><E125/><V42/><F42/><W3/><G3/><T118/><D118/><U80/><E101/><V41/><F41/><W66/><G73/><T116/><D116/><U16/><E58/><V67/><F67/><W25/><G114/><T64/><REACH who="0" step="1"/><D112/><REACH who="0" ten="197,303,269,221" step="2"/><U18/><E80/><V78/><F135/><W109/><G100/><T19/><D19/><U26/><E26/><V83/><F132/><W13/><G25/><T14/><D14/><U134/><E134/><V74/><F133/><W23/><G13/><T113/><D113/><U92/><REACH who="1" step="1"/><E18/><REACH who="1" ten="197,293,269,221" step="2"/><V8/><F27/><W107/><G17/><T81/><D81/><U130/><E130/><V29/><F29/><W131/><G131/><T65/><D65/><U51/><N who="1" m="12288" /><DORA hai="95" /><U54/><E54/><V32/><F83/><W37/><G66/><T46/><D46/><U53/><E53/><V52/><F59/><W55/><G55/><T94/><D94/><U1/><E1/><V87/><F82/><W128/><G47/><T45/><D45/><U40/><E40/><V21/><F52/><W24/><G128/><T69/><D69/><U35/><E35/><V43/><F32/><W117/><G117/><T77/><D77/><RYUUKYOKU ba="0,2" sc="197,15,293,15,269,-15,221,-15" hai0="0,6,11,57,61,64,72,75,91,93,120,121,123" hai1="4,5,7,15,16,36,38,92,96,102" />
</Scene>
<Scene>
<INIT seed="4,1,2,0,1,85" ten="212,308,254,206" oya="0" hai0="3,63,97,72,105,31,39,54,120,23,131,94,113" hai1="22,45,109,88,27,32,122,101,53,77,29,14,35" hai2="132,0,135,91,17,25,34,46,123,82,133,121,56" hai3="61,42,44,65,83,114,6,128,116,70,49,7,86"/><T36/><D3/><U90/><E109/><V73/><F0/><W5/><G116/><T10/><D120/><U95/><E77/><N who="2" m="44335" /><F46/><W43/><G114/><T126/><D72/><U92/><E101/><V119/><F119/><W11/><G128/><T79/><D79/><U93/><E35/><V38/><F38/><W81/><G81/><T18/><D105/><U41/><E53/><V96/><F56/><W15/><REACH who="3" step="1"/><G43/><REACH who="3" ten="212,308,254,196" step="2"/><T103/><D131/><U110/><E110/><V108/><F108/><W67/><G67/><T8/><D113/><U4/><E122/><V20/><F34/><W30/><G30/><T47/><D31/><U9/><REACH who="1" step="1"/><E32/><REACH who="1" ten="212,298,254,196" step="2"/><V19/><F121/><W2/><G2/><T58/><D126/><U12/><E12/><N who="2" m="9255" /><F123/><W112/><G112/><T78/><D54/><U127/><E127/><V66/><F66/><W21/><G21/><T24/><D23/><U134/><E134/><V107/><F135/><W62/><G62/><T71/><D63/><U55/><E55/><V125/><F125/><W48/><G48/><AGARI ba="1,4" hai="4,9,14,22,27,29,41,45,48,88,90,92,93,95" machi="48" ten="40,8000,1" yaku="1,1,8,1,52,2,54,1,53,0" doraHai="85" doraHaiUra="50" who="1" fromWho="3" sc="212,0,298,123,254,0,196,-83" />
</Scene>
<Scene>
<INIT seed="5,0,0,2,2,3" ten="212,421,254,113" oya="1" hai0="101,63,120,92,53,34,129,44,91,116,57,19,21" hai1="81,31,54,26,65,87,111,12,105,2,118,24,128" hai2="68,133,77,106,117,6,90,16,11,20,67,35,47" hai3="89,96,51,72,93,39,125,22,32,70,121,15,0"/><U50/><E2/><V64/><F117/><W135/><G121/><T36/><D120/><U48/><E105/><V46/><F106/><W13/><G39/><T107/><D34/><U41/><E65/><V71/><F133/><W28/><G70/><T98/><D116/><U76/><E118/><V84/><F77/><W130/><G0/><T42/><D129/><U49/><E128/><V82/><F35/><W80/><G130/><T94/><REACH who="0" step="1"/><D91/><REACH who="0" ten="202,421,254,113" step="2"/><U126/><E111/><V38/><F68/><W33/><G33/><T18/><D18/><U75/><E126/><V123/><F71/><W69/><G69/><T109/><D109/><U45/><E76/><V10/><F123/><W66/><G32/><T78/><D78/><U86/><E31/><V27/><F6/><W79/><G28/><T97/><D97/><U59/><E75/><V61/><F38/><W25/><G125/><T85/><D85/><U4/><E86/><V113/><F113/><W122/><G122/><T1/><D1/><U74/><E4/><V17/><F17/><W5/><G5/><T7/><D7/><U23/><E87/><V8/><REACH who="2" step="1"/><F61/><REACH who="2" ten="202,421,244,113" step="2"/><W60/><G60/><T134/><D134/><U108/><E108/><V14/><F14/><AGARI ba="0,2" hai="14,19,21,36,42,44,53,57,63,92,94,98,101,107" machi="14" ten="30,2000,0" yaku="1,1,7,1,53,0" doraHai="3" doraHaiUra="127" who="0" fromWho="2" sc="202,40,421,0,244,-20,113,0" />
</Scene>
<Scene>
<INIT seed="6,0,0,4,2,24" ten="242,421,224,113" oya="2" hai0="28,53,41,127,125,84,73,115,133,44,37,61,126" hai1="104,99,81,120,94,72,51,32,107,14,110,12,16" hai2="86,135,45,131,77,71,97,52,117,91,49,69,65" hai3="102,23,63,21,116,82,26,57,89,59,7,118,58"/><V18/><F117/><W55/><G102/><T112/><D73/><U79/><E32/><V3/><F3/><W27/><G7/><T68/><D84/><U111/><E110/><V17/><F135/><W1/><G1/><T10/><D10/><U76/><E111/><V93/><F131/><W56/><G116/><T43/><D133/><U101/><E76/><V108/><F108/><W121/><G121/><T11/><D11/><U25/><E120/><V124/><F124/><W46/><G118/><T74/><D74/><U70/><E70/><V19/><REACH who="2" step="1"/><F65/><REACH who="2" ten="242,421,214,113" step="2"/><W8/><G63/><T0/><D0/><U35/><E51/><V66/><F66/><W67/><G67/><N who="0" m="41071" /><D41/><U80/><E107/><V119/><F119/><W64/><G64/><T113/><D28/><U42/><E42/><V103/><F103/><W92/><G55/><AGARI ba="0,1" hai="37,43,44,53,55,112,113,115,125,126,127" m="41071" machi="55" ten="40,8000,1" yaku="15,1,18,1,34,2" doraHai="24" who="0" fromWho="3" sc="242,90,421,0,214,0,113,-80" />
</Scene>
<Scene>
<INIT seed="7,0,0,2,1,41" ten="332,421,214,33" oya="3" hai0="124,59,53,16,26,85,135,100,7,131,18,1,76" hai1="97,42,127,89,32,99,63,75,105,27,90,81,113" hai2="45,129,70,67,118,78,8,122,72,20,9,110,17" hai3="58,0,68,15,102,132,65,47,83,24,14,46,106"/><W134/><G0/><T84/><D131/><U93/><E42/><V123/><F118/><W34/><G68/><T11/><D135/><N who="3" m="51753" /><G83/><T130/><D130/><U33/><E113/><V95/><F110/><W126/><G126/><T6/><D124/><U54/><E127/><V80/><F129/><W55/><G65/><T108/><D108/><U96/><E105/><V49/><F95/><W120/><G120/><T64/><D64/><U109/><E109/><V92/><F92/><W82/><G82/><T40/><D6/><U128/><E128/><V94/><F94/><W57/><G57/><T114/><D100/><U4/><E4/><V38/><F38/><W98/><G34/><T43/><D114/><U19/><E33/><V22/><F22/><W91/><G91/><T48/><D76/><U74/><E75/><V36/><F36/><W37/><G24/><T121/><D121/><N who="2" m="46090" /><F67/><W107/><G107/><T51/><D26/><U30/><E63/><V133/><F70/><W88/><G88/><T71/><D71/><U69/><E54/><N who="2" m="29999" /><F133/><W119/><G119/><T112/><D112/><U21/><E69/><V77/><F77/><W61/><G37/><T2/><D2/><U104/><E104/><V101/><F101/><W87/><G87/><T56/><D40/><U5/><E81/><V125/><F125/><W86/><G86/><N who="0" m="33387" /><D43/><U117/><E74/><V12/><AGARI ba="0,0" hai="8,9,12,17,20,72,78,80" m="29999,46090" machi="12" ten="30,2000,0" yaku="13,1,52,1" doraHai="41" who="2" fromWho="2" sc="332,-5,421,-5,214,20,33,-10" owari="327,13.0,416,52.0,234,-17.0,23,-48.0" />
</Scene>
</mjloggm>