<mjloggm ver="2.3"><GO type="225"/><UN n0="%E5%8D%97%E6%96%97%E3%81%AE%E3%83%AC%E3%82%A4" n1="%72%61%72%61%70%70%65" n2="%E5%A4%AA%E3%81%8F%E3%81%AA%E3%81%84%E3%81%8A" n3="%77%61%6C%6B" dan="17,16,18,16" rate="2097,2147,2157,2064" sx="M,M,M,M"/><TAIKYOKU oya="0"/>

<Scene>
<INIT seed="0,0,0,5,3,100" ten="250,250,250,250" oya="0" hai0="114,59,95,119,110,99,10,106,109,108,77,74,61" hai1="97,83,131,55,47,89,19,46,62,65,41,64,25" hai2="133,69,78,51,17,20,70,29,88,26,22,116,66" hai3="134,60,4,85,123,13,111,5,18,118,36,68,34"/><T112/><D119/><U102/><E131/><V54/><F116/><W98/><G118/><T72/><D10/><U15/><E25/><V24/><F133/><W130/><G36/><T117/><D117/><U14/><E14/><V124/><F124/><W23/><G34/><T2/><D2/><U105/><E55/><V82/><F66/><W50/><G68/><T31/><D31/><U11/><E62/><V40/><F40/><W9/><G60/><T7/><D7/><U21/><E11/><V127/><F127/><W79/><G50/><T16/><D16/><U113/><E113/><N who="0" m="43625" /><D77/><U76/><E89/><V86/><REACH who="2" step="1"/><F78/><REACH who="2" ten="250,250,240,250" step="2"/><W53/><G79/><T132/><D132/><U1/><E64/><V75/><F75/><W93/><G134/><T71/><D71/><U107/><E65/><V101/><F101/><W48/><G130/><T87/><D72/><U43/><E41/><V52/><F52/><W104/><G53/><N who="0" m="34031" /><D74/><U58/><E43/><V27/><F27/><W37/><G37/><T30/><D110/><U90/><E76/><V92/><F92/><W44/><G111/><T81/><D95/><U128/><E128/><V56/><AGARI ba="0,1" hai="17,20,22,24,26,29,51,54,56,69,70,82,86,88" machi="56" ten="20,5200,0" yaku="1,1,0,1,7,1,54,1,53,0" doraHai="100" doraHaiUra="63" who="2" fromWho="2" sc="250,-26,250,-13,240,62,250,-13" />
</Scene>
<Scene>
<INIT seed="1,0,0,1,2,126" ten="224,237,302,237" oya="1" hai0="34,10,92,63,81,50,33,5,40,119,108,80,89" hai1="44,70,87,94,12,19,74,65,51,72,26,1,53" hai2="23,31,3,4,21,13,104,43,112,38,113,67,77" hai3="82,135,99,96,6,86,103,102,25,61,62,35,37"/><U127/><E1/><V28/><F104/><W14/><G37/><T129/><D119/><U120/><E120/><V76/><F67/><W48/><G35/><T105/><D105/><U116/><E116/><V85/><F3/><W55/><G25/><T100/><D100/><N who="3" m="38441" /><G135/><T32/><D63/><N who="3" m="24073" /><G6/><T52/><D40/><U45/><E65/><V111/><F43/><W98/><G14/><T114/><D114/><U8/><E70/><V30/><F38/><W134/><G134/><T49/><D49/><U7/><E127/><V73/><F73/><W101/><N who="3" m="38449" /><W123/><DORA hai="109" /><G123/><T46/><D108/><U57/><E74/><V2/><F2/><W128/><G128/><T132/><D129/><U90/><REACH who="1" step="1"/><E72/><REACH who="1" ten="224,227,302,237" step="2"/><V54/><F111/><W27/><G55/><T106/><D132/><U20/><AGARI ba="0,1" hai="7,8,12,19,20,26,44,45,51,53,57,87,90,94" machi="20" ten="30,12000,1" yaku="1,1,2,1,0,1,8,1,53,1" doraHai="126,109" doraHaiUra="115,18" who="1" fromWho="1" sc="224,-40,227,130,302,-40,237,-40" />
</Scene>
<Scene>
<INIT seed="1,1,0,3,2,68" ten="184,357,262,197" oya="1" hai0="85,36,66,7,48,96,21,113,97,30,46,6,121" hai1="13,60,32,49,119,131,98,81,5,51,35,95,31" hai2="38,41,133,71,9,103,15,135,83,50,61,111,45" hai3="47,114,43,76,72,20,75,125,37,108,3,110,67"/><U44/><E119/><V40/><F111/><N who="3" m="42539" /><G114/><T109/><D109/><U56/><E131/><V57/><F103/><W112/><G112/><T117/><D113/><U84/><E32/><V11/><F83/><N who="3" m="45447" /><G75/><T89/><D66/><U58/><E35/><V126/><F126/><W134/><G125/><T88/><D36/><U52/><E31/><V82/><F82/><W132/><G67/><T62/><D62/><U2/><E2/><V26/><F26/><W42/><G20/><T34/><D34/><U17/><E5/><N who="0" m="1545" /><D121/><U92/><E92/><V101/><F101/><W116/><G116/><T19/><D30/><U70/><E70/><V100/><F100/><W8/><G43/><N who="0" m="24671" /><D117/><U106/><E51/><V105/><F105/><W39/><G39/><T12/><D89/><N who="1" m="55663" /><E106/><V91/><F91/><W23/><G23/><T120/><D120/><U65/><E65/><N who="2" m="41391" /><F41/><W22/><G22/><T86/><D86/><U28/><E28/><V90/><F90/><W54/><G54/><T102/><D102/><U77/><E60/><V128/><F128/><W16/><G3/><T78/><D78/><U118/><E118/><V29/><F29/><W33/><G33/><T24/><D24/><U94/><E94/><AGARI ba="1,0" hai="12,19,21,85,88,94,96,97" m="24671,1545" machi="94" ten="30,2000,0" yaku="8,1,54,1" doraHai="68" who="0" fromWho="1" sc="184,23,357,-23,262,0,197,0" />
</Scene>
<Scene>
<INIT seed="2,0,0,4,4,119" ten="207,334,262,197" oya="2" hai0="122,4,97,115,57,21,81,7,54,108,76,11,40" hai1="101,89,29,53,74,110,98,90,20,113,66,133,87" hai2="18,37,135,34,50,128,2,3,27,64,71,51,25" hai3="123,91,69,15,62,105,6,19,82,117,125,103,116"/><V1/><F37/><W43/><G6/><T121/><D115/><U13/><E74/><V104/><F104/><W59/><G69/><T49/><D7/><U12/><E113/><V131/><F135/><W132/><G132/><T96/><D40/><U61/><E110/><V44/><F18/><W56/><G43/><T68/><D68/><U95/><E133/><V33/><F71/><W35/><G35/><N who="2" m="13321" /><F64/><W88/><G125/><T94/><D21/><U36/><E36/><V30/><F30/><W52/><G59/><T39/><D39/><U73/><E73/><V83/><F83/><W63/><G63/><T38/><D108/><U78/><E53/><N who="2" m="29895" /><F51/><W114/><G114/><T41/><D41/><U130/><E130/><AGARI ba="0,0" hai="1,2,3,25,27,128,130,131" m="29895,13321" machi="130" ten="40,2000,0" yaku="19,1" doraHai="119" who="2" fromWho="1" sc="207,0,334,-20,262,20,197,0" />
</Scene>
<Scene>
<INIT seed="2,1,0,5,0,75" ten="207,314,282,197" oya="2" hai0="63,51,25,31,84,95,108,20,116,97,32,34,120" hai1="85,22,98,50,123,113,23,74,39,64,0,4,58" hai2="105,7,44,42,67,112,104,6,9,68,91,27,93" hai3="92,117,21,76,29,83,86,80,77,54,66,19,107"/><V135/><F112/><W103/><G107/><T43/><D120/><U26/><E39/><V13/><F135/><W125/><G117/><T18/><D116/><U96/><E74/><V33/><F7/><W46/><G66/><T1/><D1/><U124/><E113/><V82/><F82/><N who="3" m="31275" /><G125/><T17/><D84/><U130/><E123/><V90/><F67/><W111/><G29/><T14/><D108/><U16/><E124/><V35/><F68/><W87/><G111/><T99/><D99/><N who="1" m="37931" /><E4/><V133/><F133/><W71/><G71/><T79/><D34/><U3/><E3/><V100/><F100/><W37/><G37/><T45/><D32/><U89/><E0/><V59/><F35/><W36/><G36/><T52/><D63/><N who="1" m="38007" /><E130/><V28/><F59/><W40/><G103/><N who="0" m="60863" /><D43/><U128/><E128/><V72/><F72/><W102/><G102/><T38/><D38/><U114/><E114/><V110/><F110/><W41/><G41/><T24/><D31/><U88/><E85/><N who="3" m="32266" /><G40/><T81/><D18/><N who="1" m="12631" /><E50/><V55/><F42/><W126/><G126/><T49/><D51/><U119/><E119/><V70/><F70/><W2/><G2/><T73/><D73/><U56/><E56/><V121/><F121/><W69/><G69/><T115/><D115/><U8/><E8/><V106/><F93/><W47/><G92/><T12/><D25/><AGARI ba="1,0" hai="16,23,25,88,89" m="12631,38007,37931" machi="25" ten="30,3900,0" yaku="8,1,54,2" doraHai="75" who="1" fromWho="0" sc="207,-42,314,42,282,0,197,0" />
</Scene>
<Scene>
<INIT seed="3,0,0,0,4,96" ten="165,356,282,197" oya="3" hai0="81,50,3,118,18,98,7,30,89,45,49,40,80" hai1="32,129,105,23,76,124,126,110,5,128,11,78,87" hai2="52,53,116,100,93,131,130,2,10,58,26,62,63" hai3="1,6,19,102,36,12,69,107,117,28,113,42,21"/><W48/><G113/><T79/><D118/><U123/><E32/><V134/><F116/><W74/><G74/><T95/><D30/><U20/><E105/><V101/><F134/><W27/><G69/><T16/><D3/><N who="1" m="447" /><E110/><V94/><F26/><W122/><G122/><T59/><D7/><U88/><E123/><V121/><F121/><W46/><G117/><T0/><D0/><U75/><E23/><V37/><F37/><W9/><G36/><T29/><D29/><U135/><E20/><V24/><F24/><W4/><G4/><T47/><D59/><U67/><E67/><V31/><F31/><W68/><G68/><T38/><D38/><U56/><E56/><N who="2" m="35079" /><F10/><W71/><G71/><T8/><D8/><U85/><E85/><V84/><F2/><W120/><G120/><T66/><D66/><U70/><E70/><V25/><F25/><W33/><G107/><T41/><REACH who="0" step="1"/><D81/><REACH who="0" ten="155,356,282,197" step="2"/><N who="1" m="49263" /><E135/><V72/><F58/><W35/><G35/><T106/><D106/><U112/><E112/><V61/><F131/><W83/><G83/><T92/><D92/><U55/><E129/><V90/><F130/><W14/><G14/><T119/><D119/><U133/><E128/><V51/><F94/><W127/><G127/><T43/><D43/><U73/><E133/><V60/><F72/><AGARI ba="0,1" hai="16,18,40,41,45,47,49,50,72,79,80,89,95,98" machi="72" ten="30,7700,0" yaku="1,1,7,1,9,1,54,1,53,0" doraHai="96" doraHaiUra="54" who="0" fromWho="2" sc="155,87,356,0,282,-77,197,0" owari="242,4.0,356,45.0,205,-19.0,197,-30.0" />
</Scene>
</mjloggm>