<mjloggm ver="2.3"><GO type="169" lobby="0"/><UN n0="%E3%81%BA%E3%82%8A%E3%81%8B%E3%82%93" n1="%E3%81%B9%E3%81%A3%E3%81%93%E3%83%BC%E2%99%AA" n2="%E3%81%B3%E3%82%8A%E3%81%B3%E3%82%8A%E2%98%86%E3%83%93%E3%83%AA%E3%83%BC" n3="%E5%A4%AA%E3%81%8F%E3%81%AA%E3%81%84%E3%81%8A" dan="18,17,18,18" rate="2166.24,2164.32,2259.52,2181.15" sx="F,F,M,M"/><TAIKYOKU oya="0"/>

<Scene>
<INIT seed="0,0,0,1,3,99" ten="250,250,250,250" oya="0" hai0="94,110,115,76,38,14,11,59,26,41,37,47,46" hai1="128,6,78,64,4,119,50,0,89,113,62,48,9" hai2="8,22,7,36,66,56,40,72,134,83,91,55,127" hai3="95,129,86,53,63,12,25,132,81,116,112,121,100"/><T118/><D115/><U92/><E119/><V43/><F127/><W96/><G116/><T24/><D118/><U67/><E113/><V10/><F134/><W18/><G112/><T13/><D110/><U123/><E128/><V17/><F66/><W75/><G132/><T98/><D76/><U135/><E123/><V69/><F69/><W61/><G129/><T28/><D59/><U15/><E135/><V52/><F55/><W68/><G121/><T79/><D79/><U71/><E78/><V35/><F35/><W120/><G120/><T34/><D26/><U57/><E4/><V117/><F117/><W114/><G114/><T29/><D29/><U5/><E5/><V1/><F10/><W122/><G122/><T102/><REACH who="0" step="1"/><D11/><REACH who="0" ten="240,250,250,250" step="2"/><U31/><E31/><V126/><F8/><W73/><G25/><T82/><D82/><U106/><E15/><V97/><F83/><W88/><G68/><T20/><D20/><U109/><E71/><V80/><F80/><W58/><G63/><T23/><D23/><AGARI ba="0,1" hai="12,18,23,53,58,61,73,75,81,86,88,95,96,100" machi="23" ten="30,3900,0" yaku="7,1,52,1,54,1" doraHai="99" who="3" fromWho="0" sc="240,-39,250,0,250,0,250,49" />
</Scene>
<Scene>
<INIT seed="1,0,0,5,0,79" ten="201,250,250,299" oya="1" hai0="83,125,74,133,32,87,52,63,13,67,18,134,72" hai1="53,27,37,105,47,36,11,77,57,120,132,6,99" hai2="40,60,101,92,119,10,19,8,71,126,100,86,130" hai3="43,81,124,58,88,45,73,44,38,96,1,30,111"/><U5/><E120/><V61/><F119/><W108/><G1/><T64/><D32/><U95/><E132/><N who="0" m="50793" /><D125/><U39/><E105/><V97/><F126/><W84/><G124/><T90/><D52/><U91/><E77/><V85/><F130/><W46/><G73/><N who="0" m="28267" /><D63/><U14/><E27/><V42/><F71/><W128/><G128/><T21/><AGARI ba="0,0" hai="13,18,21,64,67,83,87,90" m="28267,50793" machi="21" ten="30,2000,0" yaku="20,1,52,1" doraHai="79" who="0" fromWho="0" sc="201,20,250,-10,250,-5,299,-5" />
</Scene>
<Scene>
<INIT seed="2,0,0,0,4,53" ten="221,240,245,294" oya="2" hai0="133,79,77,69,54,86,87,1,43,26,106,59,18" hai1="78,36,19,108,46,35,29,132,45,128,65,40,7" hai2="121,124,100,97,44,67,0,24,122,32,99,63,22" hai3="58,66,70,13,61,20,2,94,111,57,10,33,129"/><V119/><F119/><W8/><G33/><T9/><D69/><U135/><E128/><V37/><F0/><W30/><G129/><T102/><D133/><U23/><E7/><V68/><F124/><W34/><G111/><T120/><D120/><U41/><E108/><V93/><F32/><W28/><G34/><T16/><D106/><U114/><E114/><V113/><F113/><W6/><G94/><T71/><D71/><U52/><E78/><N who="0" m="29705" /><D102/><U27/><E65/><V81/><F81/><W11/><G11/><T105/><D105/><U80/><E80/><V112/><F112/><W131/><G131/><T115/><D115/><U42/><E132/><V3/><F3/><W73/><G73/><T50/><D1/><U134/><E134/><V127/><F127/><W116/><G116/><T83/><D43/><U84/><E135/><V15/><F122/><W48/><G48/><T76/><D87/><U104/><E84/><V125/><F121/><W107/><G107/><T74/><D74/><U4/><E104/><V126/><F99/><W117/><G117/><T88/><D76/><U14/><E4/><V56/><F68/><W89/><G89/><T92/><D83/><U75/><E75/><V90/><F90/><W109/><G109/><T21/><D9/><U110/><E110/><V39/><F39/><W95/><G95/><T98/><D86/><U130/><E130/><V118/><F118/><W123/><G123/><T85/><D85/><U49/><AGARI ba="0,0" hai="14,19,23,27,29,35,36,40,41,42,45,46,49,52" machi="49" ten="30,2000,0" yaku="0,1,54,1" doraHai="53" who="1" fromWho="1" sc="221,-5,240,20,245,-10,294,-5" />
</Scene>
<Scene>
<INIT seed="3,0,0,3,2,71" ten="216,260,235,289" oya="3" hai0="56,2,9,102,132,6,105,4,0,10,63,15,84" hai1="70,127,78,125,121,117,17,60,110,29,46,122,91" hai2="45,16,114,28,124,106,62,11,87,38,130,85,35" hai3="77,34,52,126,108,120,107,119,109,69,47,37,96"/><W129/><G120/><T75/><D75/><U131/><E78/><V68/><F114/><W66/><G119/><T42/><D132/><U21/><E117/><V30/><F106/><W103/><G34/><T65/><D42/><U18/><E131/><V51/><F130/><W92/><G129/><T64/><D84/><U57/><E70/><V86/><F124/><N who="1" m="47689" /><E110/><N who="3" m="42602" /><G126/><T55/><REACH who="0" step="1"/><D15/><REACH who="0" ten="206,260,235,289" step="2"/><U93/><E121/><V79/><F87/><W14/><G14/><T8/><D8/><U83/><E122/><V39/><F86/><W31/><G77/><T73/><D73/><U54/><E83/><V19/><F85/><W89/><G96/><AGARI ba="0,1" hai="0,2,4,6,9,10,55,56,63,64,65,96,102,105" machi="96" ten="40,2600,0" yaku="1,1,9,1,53,0" doraHai="71" doraHaiUra="41" who="0" fromWho="3" sc="206,36,260,0,235,0,289,-26" />
</Scene>
<Scene>
<INIT seed="4,0,0,3,4,93" ten="242,260,235,263" oya="0" hai0="24,64,15,108,23,99,17,107,121,92,97,65,45" hai1="132,73,63,115,71,98,53,130,7,109,89,13,94" hai2="8,104,28,20,27,125,70,86,18,88,35,106,34" hai3="62,31,2,72,124,90,103,49,110,60,77,76,75"/><T119/><D119/><U41/><E109/><V38/><F38/><W57/><G110/><T54/><D121/><U118/><E73/><V59/><F70/><W96/><G2/><T95/><D108/><U9/><E118/><V30/><F125/><W32/><G124/><T81/><D107/><U80/><E130/><V112/><F112/><W1/><G1/><T127/><D127/><U79/><E115/><V111/><F111/><W126/><G126/><T16/><D81/><U19/><E132/><V40/><F40/><W131/><G131/><T37/><D37/><U52/><E41/><V61/><F106/><W33/><G90/><N who="0" m="55447" /><D54/><U44/><E44/><V91/><F104/><W14/><G14/><T87/><D87/><N who="1" m="48543" /><E71/><V113/><F113/><W43/><G43/><T102/><D45/><U100/><E63/><V69/><F69/><W78/><G72/><T50/><D50/><U83/><E7/><V51/><F51/><W133/><G75/><T134/><D134/><U56/><E56/><V22/><F35/><W11/><G133/><T105/><D105/><U10/><E10/><AGARI ba="0,0" hai="10,15,16,17,23,24,64,65,95,99,102" m="55447" machi="10" ten="30,11600,0" yaku="8,1,52,2,54,1" doraHai="93" who="0" fromWho="1" sc="242,116,260,-116,235,0,263,0" />
</Scene>
<Scene>
<INIT seed="4,1,0,4,1,80" ten="358,144,235,263" oya="0" hai0="102,130,56,21,36,103,113,101,42,65,28,117,47" hai1="104,73,51,52,119,112,116,64,57,45,99,46,10" hai2="48,55,123,84,71,133,40,120,53,75,79,124,1" hai3="109,81,15,9,41,24,34,108,5,35,13,16,91"/><T128/><D117/><U27/><E73/><V20/><F1/><W106/><G106/><T33/><D33/><N who="3" m="12297" /><G81/><T105/><D113/><U78/><E78/><V37/><F75/><W61/><G91/><T12/><D105/><U83/><E112/><V95/><F71/><W111/><G61/><N who="0" m="38055" /><D12/><U25/><E116/><V23/><F37/><W11/><G41/><T18/><D18/><U135/><E119/><V82/><F40/><W127/><G24/><N who="0" m="16399" /><D42/><U121/><E121/><V92/><F123/><W70/><G70/><T44/><D36/><U50/><E104/><V29/><F120/><W126/><AGARI ba="1,0" hai="5,9,11,13,15,16,108,109,111,126,127" m="12297" machi="126" ten="40,5200,0" yaku="34,2,54,1" doraHai="80" who="3" fromWho="3" sc="358,-27,144,-14,235,-14,263,55" />
</Scene>
<Scene>
<INIT seed="5,0,0,0,1,112" ten="331,130,221,318" oya="1" hai0="93,58,84,133,70,43,109,102,74,37,83,59,130" hai1="61,66,121,3,39,125,27,67,14,77,54,45,50" hai2="73,63,72,101,104,132,114,1,29,13,103,16,127" hai3="97,92,44,120,47,38,32,49,62,30,78,33,34"/><U108/><E3/><V69/><F1/><W7/><G120/><T95/><D109/><U65/><E121/><V35/><F114/><W56/><G7/><T18/><D70/><U5/><E108/><V36/><F36/><W21/><G78/><T81/><D130/><U19/><E125/><V90/><F127/><W46/><G38/><T64/><D133/><U115/><E115/><V42/><F42/><W135/><G135/><T80/><D74/><U11/><E39/><V23/><F132/><W31/><G49/><T9/><D84/><U111/><E77/><V89/><F73/><W4/><G4/><T82/><D82/><U10/><E111/><V57/><F72/><W17/><G17/><T116/><D116/><U100/><E100/><V6/><F6/><W26/><G31/><T99/><D95/><U129/><E129/><V87/><F69/><W2/><G2/><T94/><D94/><U48/><E48/><V117/><F104/><W22/><G22/><T40/><D64/><U55/><E11/><N who="2" m="6207" /><F117/><W28/><G28/><T71/><D71/><U8/><E8/><V98/><F35/><W105/><G105/><T76/><D76/><U134/><E134/><V79/><F103/><N who="3" m="60839" /><G33/><T96/><D9/><U41/><REACH who="1" step="1"/><E61/><REACH who="1" ten="331,120,221,318" step="2"/><V91/><F101/><W119/><G119/><T118/><D118/><U123/><E123/><V122/><F122/><W113/><G113/><T53/><D102/><U88/><E88/><V126/><F126/><W131/><G131/><T75/><D37/><U106/><E106/><V107/><F107/><W52/><G62/><T86/><D75/><RYUUKYOKU ba="0,1" sc="331,-15,120,15,221,-15,318,15" hai1="5,10,14,19,27,41,45,50,54,55,65,66,67" hai3="21,26,30,32,34,44,46,47,52,56" />
</Scene>
<Scene>
<INIT seed="5,1,1,5,0,31" ten="316,135,206,333" oya="1" hai0="10,118,115,39,57,8,52,86,110,75,67,83,1" hai1="126,93,121,94,50,102,69,135,41,113,34,128,80" hai2="14,101,90,27,92,68,122,25,64,24,33,97,47" hai3="0,85,87,15,38,91,105,30,26,22,109,32,40"/><U98/><E121/><V117/><F122/><W29/><G109/><T51/><D110/><U74/><E69/><V43/><F117/><W44/><G0/><T114/><D118/><U127/><E128/><V55/><F55/><W120/><G120/><T124/><D75/><U81/><E135/><V100/><F14/><W13/><G105/><T79/><D39/><U134/><E134/><V82/><F68/><W111/><G111/><T66/><D124/><N who="1" m="47659" /><E113/><N who="0" m="43017" /><D1/><U3/><E3/><V61/><F82/><N who="1" m="31849" /><E74/><V104/><F104/><W73/><G73/><T65/><AGARI ba="1,1" hai="8,10,51,52,57,65,66,67,79,83,86" m="43017" machi="65" ten="30,2000,0" yaku="15,1,54,1" doraHai="31" who="0" fromWho="0" sc="316,33,135,-11,206,-6,333,-6" />
</Scene>
<Scene>
<INIT seed="6,0,0,3,2,76" ten="349,124,200,327" oya="2" hai0="82,5,77,73,78,12,39,67,49,117,80,55,91" hai1="29,130,11,120,31,3,128,113,121,96,54,109,98" hai2="119,129,32,10,15,53,37,70,106,64,6,42,123" hai3="45,33,62,131,41,83,58,50,112,61,104,7,35"/><V63/><F119/><W95/><G104/><T110/><D110/><U36/><E36/><V71/><F123/><N who="1" m="47177" /><E54/><V89/><F106/><W25/><G131/><N who="1" m="50218" /><E98/><V0/><F129/><W21/><G7/><T74/><D39/><U102/><E109/><V16/><F32/><W125/><G125/><T86/><D117/><U108/><E108/><V34/><F34/><W107/><G107/><T84/><D67/><U66/><E66/><V4/><F53/><W133/><G133/><T118/><D118/><U132/><E132/><V1/><F71/><W69/><G69/><T126/><D126/><U116/><E116/><V85/><F0/><W60/><G112/><T105/><D105/><U38/><E38/><V90/><F1/><W18/><G95/><T72/><D55/><U28/><E96/><V59/><F70/><W97/><G97/><T48/><D91/><U30/><E102/><V65/><F90/><W124/><G124/><T81/><D78/><U68/><E68/><V46/><REACH who="2" step="1"/><F65/><REACH who="2" ten="349,124,190,327" step="2"/><W51/><G35/><T92/><D74/><U127/><N who="1" m="7168" /><DORA hai="8" /><U57/><E127/><V103/><F103/><W20/><G33/><T114/><D73/><U115/><E57/><V23/><F23/><W44/><G21/><T40/><D72/><U2/><E11/><V87/><F87/><W134/><G134/><T52/><D86/><U94/><E94/><AGARI ba="0,1" hai="4,6,10,15,16,37,42,46,59,63,64,85,89,94" machi="94" ten="30,12000,1" yaku="1,1,7,1,52,1,54,1,53,1" doraHai="76,8" doraHaiUra="14,19" who="2" fromWho="1" sc="349,0,124,-120,190,130,327,0" />
</Scene>
<Scene>
<INIT seed="6,1,0,5,5,91" ten="349,4,320,327" oya="2" hai0="63,89,102,29,84,11,62,87,74,23,52,15,40" hai1="6,104,124,54,114,46,44,47,109,1,86,106,39" hai2="123,85,92,129,103,99,41,2,17,66,125,88,43" hai3="48,55,130,76,126,42,105,13,90,64,35,113,135"/><V78/><F123/><W82/><G105/><T0/><D74/><U18/><E109/><V122/><F122/><W7/><G35/><T101/><D0/><U120/><E120/><V73/><F2/><W83/><G135/><T25/><D40/><U31/><E31/><V61/><F129/><W59/><G130/><T118/><D118/><U50/><E124/><V98/><F125/><W100/><G126/><T3/><D3/><U10/><E114/><V4/><F4/><W71/><G100/><N who="0" m="38507" /><D52/><U51/><E18/><V65/><F99/><W36/><G113/><T38/><D38/><U128/><E128/><V57/><F66/><W72/><G82/><N who="0" m="49303" /><D87/><U96/><E96/><V95/><REACH who="2" step="1"/><F17/><AGARI ba="1,0" hai="11,15,17,23,25,29,62,63" m="49303,38507" machi="17" ten="30,1000,0" yaku="8,1" doraHai="91" who="0" fromWho="2" sc="349,13,4,0,320,-13,327,0" />
</Scene>
<Scene>
<INIT seed="7,0,0,2,0,78" ten="362,4,307,327" oya="3" hai0="121,118,48,33,8,96,16,132,84,126,63,34,18" hai1="72,49,80,134,59,77,81,90,83,82,61,92,95" hai2="41,85,46,100,106,31,42,13,29,89,45,115,30" hai3="14,104,71,130,55,127,7,116,54,131,74,12,2"/><W79/><G116/><T38/><D118/><U120/><E49/><V51/><F115/><W17/><G71/><T93/><D121/><U11/><E11/><V113/><F113/><W125/><G104/><T122/><D122/><U4/><E4/><V32/><F32/><W50/><G2/><T6/><D38/><U103/><E59/><V70/><F70/><W117/><G117/><T112/><D112/><U36/><E61/><V109/><F109/><W43/><G7/><T129/><D126/><N who="3" m="48137" /><G43/><T86/><D129/><N who="3" m="49161" /><G17/><T135/><D16/><U57/><E57/><V111/><F111/><W21/><G21/><T87/><D18/><U108/><E36/><V105/><F100/><W52/><G50/><T124/><D63/><U28/><E28/><V62/><F62/><W26/><G26/><T68/><D48/><U110/><E120/><V75/><F42/><W53/><N who="3" m="13312" /><DORA hai="10" /><W1/><G1/><N who="0" m="79" /><D68/><U44/><E44/><V76/><F46/><W47/><G47/><T0/><D0/><U66/><E66/><V102/><F102/><W58/><G58/><T3/><D3/><U97/><E134/><N who="0" m="51241" /><D124/><U5/><E5/><V119/><F119/><W60/><G60/><T65/><D65/><U25/><E25/><V35/><F35/><W64/><G64/><T37/><D37/><U67/><E67/><V123/><F123/><W39/><G39/><T20/><D20/><U22/><E22/><V56/><F56/><W133/><G133/><T114/><D114/><U101/><E101/><AGARI ba="0,0" hai="33,34,84,86,87,93,96,101" m="51241,79" machi="101" ten="30,1000,0" yaku="20,1" doraHai="78,10" who="0" fromWho="1" sc="362,10,4,-10,307,0,327,0" owari="372,47.0,-6,-51.0,307,-9.0,327,13.0" />
</Scene>
</mjloggm>