<mjloggm ver="2.3"><GO type="169" lobby="0"/><UN n0="%E3%81%BE%E3%81%AA%E3%81%84%E3%81%9F%E3%82%88%E3%81%86%E3%81%98%E3%82%87" n1="%E9%9D%9E%E5%8A%B9%E7%8E%87%E6%89%93%E6%B3%95" n2="%E5%A4%AA%E3%81%8F%E3%81%AA%E3%81%84%E3%81%8A" n3="%E3%81%AD%E3%82%8A%E3%82%B4%E3%83%9E" dan="17,17,18,16" rate="2167.98,2186.66,2220.53,2098.18" sx="M,M,F,M"/><TAIKYOKU oya="0"/>

<Scene>
<INIT seed="0,0,0,1,4,51" ten="250,250,250,250" oya="0" hai0="135,17,31,85,88,32,68,53,64,21,121,93,3" hai1="42,123,76,49,90,106,79,11,116,92,80,103,23" hai2="114,5,56,58,83,7,35,30,29,19,115,57,16" hai3="118,48,119,84,133,37,41,91,71,105,81,15,120"/><T101/><D121/><U24/><E123/><V108/><F83/><W33/><G120/><T25/><D3/><U50/><E116/><V131/><F35/><W74/><G105/><T44/><D135/><U134/><E134/><V55/><F108/><W96/><G133/><T60/><D101/><U45/><E106/><V95/><F95/><W2/><G71/><T87/><D87/><U46/><E103/><V111/><F111/><W124/><G33/><T75/><D75/><U26/><E11/><V65/><F65/><W18/><G2/><T14/><REACH who="0" step="1"/><D44/><REACH who="0" ten="240,250,250,250" step="2"/><U6/><E80/><V122/><F122/><W66/><G118/><T67/><D67/><U52/><E6/><V104/><F7/><W69/><G119/><T98/><D98/><N who="1" m="57623" /><E26/><V62/><F5/><W8/><G74/><T36/><D36/><U126/><E126/><V89/><F114/><W27/><G37/><T39/><D39/><U73/><E73/><V54/><F115/><W22/><G124/><T63/><D63/><U77/><E76/><V28/><F62/><W38/><G38/><T59/><D59/><U94/><E94/><V1/><F1/><W4/><G69/><T34/><D34/><U132/><E132/><V97/><F104/><W117/><G117/><T9/><D9/><U113/><E113/><V43/><F57/><W82/><G66/><T20/><D20/><U130/><E130/><V125/><F58/><W61/><G61/><T10/><D10/><U102/><E102/><V107/><F131/><W0/><G0/><T109/><D109/><U47/><E46/><V86/><F125/><RYUUKYOKU ba="0,1" sc="240,15,250,15,250,-15,250,-15" hai0="14,17,21,25,31,32,53,60,64,68,85,88,93" hai1="23,24,42,45,47,49,50,52,77,79" />
</Scene>
<Scene>
<INIT seed="0,1,1,1,3,132" ten="255,265,235,235" oya="0" hai0="117,67,35,62,24,93,119,60,32,57,74,38,94" hai1="76,41,100,46,99,108,54,95,86,134,110,124,90" hai2="92,104,12,2,130,66,51,79,114,91,127,27,75" hai3="11,103,131,22,25,96,18,122,7,26,21,116,6"/><T115/><D38/><U53/><E134/><V44/><F2/><W15/><G116/><T63/><D74/><U1/><E1/><V126/><F114/><W118/><G118/><T129/><D67/><U77/><E54/><N who="2" m="30055" /><F104/><W65/><G65/><T102/><D57/><U133/><E53/><V78/><F75/><W81/><G81/><T73/><D73/><U14/><E133/><V23/><F12/><W58/><G58/><T83/><D63/><U43/><E14/><V4/><F4/><N who="3" m="3559" /><G96/><T105/><D83/><U112/><E112/><V56/><F130/><W8/><G103/><T42/><D115/><U121/><E43/><V70/><F70/><W37/><G37/><T5/><D129/><U84/><E84/><N who="2" m="52327" /><F56/><W47/><G47/><T49/><D105/><N who="1" m="63647" /><E121/><V19/><F66/><W0/><G131/><T29/><D117/><U3/><E3/><V72/><F72/><W17/><G122/><T107/><D107/><U125/><E46/><V30/><F30/><N who="3" m="17711" /><G7/><T55/><D5/><U88/><E41/><V82/><F82/><W123/><G123/><T89/><D42/><U71/><E71/><V20/><F79/><N who="1" m="30281" /><E90/><V40/><F40/><W113/><G113/><T33/><D119/><U45/><E45/><V135/><F78/><W120/><G120/><T39/><D39/><U10/><E10/><V80/><F135/><W50/><G50/><T101/><D49/><U87/><E86/><V9/><F9/><W111/><G17/><T36/><D36/><U48/><E48/><V59/><F19/><W109/><AGARI ba="1,1" hai="0,6,8,18,22,26,109,111" m="17711,3559" machi="109" ten="30,2000,0" yaku="34,2" doraHai="132" who="3" fromWho="3" sc="255,-11,265,-6,235,-6,235,33" />
</Scene>
<Scene>
<INIT seed="1,0,0,0,2,122" ten="244,259,229,268" oya="1" hai0="113,127,72,70,79,28,22,92,27,99,56,57,90" hai1="37,131,46,114,115,35,5,41,64,26,63,18,82" hai2="60,134,23,119,32,73,76,95,38,132,112,116,97" hai3="101,125,44,62,36,110,53,58,75,20,8,4,98"/><U61/><E131/><V120/><F32/><W29/><G75/><T84/><D127/><U3/><E63/><V21/><F38/><W1/><G125/><T50/><D70/><U6/><E82/><N who="2" m="45327" /><F60/><W104/><G29/><T11/><D113/><U39/><E37/><V106/><F23/><W102/><G102/><T118/><D118/><N who="2" m="45098" /><F21/><W117/><G117/><T30/><D72/><U96/><E96/><V124/><F124/><W85/><G20/><T17/><D28/><N who="1" m="19863" /><E18/><V129/><F112/><W31/><G31/><T65/><D65/><U43/><E43/><V19/><F19/><W105/><G44/><T13/><D50/><U135/><E6/><V15/><F15/><W59/><G36/><T81/><AGARI ba="0,0" hai="11,13,17,22,27,30,56,57,79,81,84,90,92,99" machi="81" ten="30,2000,0" yaku="0,1,8,1" doraHai="122" who="0" fromWho="0" sc="244,20,259,-10,229,-5,268,-5" />
</Scene>
<Scene>
<INIT seed="2,0,0,5,0,64" ten="264,249,224,263" oya="2" hai0="87,106,69,123,107,77,42,100,15,92,114,41,117" hai1="90,30,10,35,12,99,111,85,54,131,46,27,82" hai2="103,109,51,96,36,32,105,26,71,78,91,132,89" hai3="38,43,125,122,73,61,115,2,120,34,62,56,102"/><V119/><F119/><W84/><G73/><T50/><D15/><U79/><E111/><V81/><F36/><W52/><G34/><T39/><D39/><U0/><E0/><V24/><F132/><W66/><G2/><T101/><D50/><U16/><E131/><V31/><F109/><W108/><G102/><N who="0" m="39531" /><D42/><U18/><E99/><V135/><F135/><W25/><G25/><T37/><D41/><U104/><E104/><V4/><F4/><W113/><G84/><T127/><D69/><U53/><E79/><V129/><F129/><W9/><G9/><T48/><D48/><N who="1" m="28823" /><E18/><V1/><F1/><W76/><G76/><T28/><D28/><U21/><E54/><V23/><F51/><W5/><G5/><T49/><D37/><U118/><E118/><V116/><F116/><W128/><G128/><T3/><D3/><U19/><E35/><V134/><F134/><W58/><G108/><T110/><D114/><N who="3" m="43529" /><G125/><T8/><D127/><U60/><E30/><V98/><F32/><W44/><AGARI ba="0,0" hai="38,43,44,52,56,58,61,62,66,120,122" m="43529" machi="44" ten="30,7900,0" yaku="11,1,34,2,54,1" doraHai="64" who="3" fromWho="3" sc="264,-20,249,-20,224,-39,263,79" />
</Scene>
<Scene>
<INIT seed="3,0,0,3,2,55" ten="244,229,185,342" oya="3" hai0="111,3,6,122,97,96,87,82,50,123,112,36,18" hai1="94,108,110,23,107,67,101,69,66,4,102,133,86" hai2="45,128,109,38,22,100,127,7,99,125,47,84,75" hai3="13,43,120,29,70,52,63,134,8,130,53,71,11"/><W72/><G72/><T81/><D36/><U12/><E107/><V68/><F75/><W106/><G106/><T40/><D18/><N who="1" m="10695" /><E4/><V26/><F68/><W30/><G120/><T116/><D116/><U60/><E66/><V51/><F38/><W20/><G43/><T74/><D50/><U104/><E104/><N who="2" m="63519" /><F7/><W88/><G134/><T21/><D21/><U115/><E115/><V15/><F15/><W32/><G32/><T31/><D31/><U39/><E39/><V54/><F84/><W5/><G5/><T59/><D6/><U78/><E133/><V121/><F109/><N who="1" m="42089" /><E94/><V48/><F121/><W103/><G20/><T37/><D37/><U90/><E90/><V85/><F22/><W124/><G103/><T49/><D122/><U27/><E27/><V17/><F26/><W113/><G13/><T0/><D112/><U95/><E95/><V93/><F93/><W58/><G113/><T135/><D135/><U46/><E46/><V35/><F47/><W56/><G88/><T61/><D123/><U76/><E76/><V42/><F45/><W119/><G119/><T34/><D111/><U44/><E44/><V64/><F64/><W89/><G89/><T129/><D82/><AGARI ba="0,0" hai="60,67,69,78,82,86,101,102" m="42089,10695" machi="82" ten="30,1000,0" yaku="14,1" doraHai="55" who="1" fromWho="0" sc="244,-10,229,10,185,0,342,0" />
</Scene>
<Scene>
<INIT seed="4,0,0,3,2,28" ten="234,239,185,342" oya="0" hai0="42,30,51,16,64,126,25,128,2,73,6,132,85" hai1="39,47,110,89,31,117,76,55,112,124,37,56,107" hai2="69,122,60,74,72,65,123,83,118,84,77,101,134" hai3="67,66,0,80,46,93,96,135,54,26,5,115,98"/><T27/><D73/><U57/><E107/><V133/><F101/><W52/><G135/><N who="2" m="51721" /><F118/><W41/><G115/><T1/><D85/><U36/><E76/><V129/><F129/><W111/><G111/><T17/><D64/><U82/><E82/><N who="2" m="45367" /><F72/><W58/><G80/><T109/><D132/><U49/><E89/><AGARI ba="0,0" hai="60,65,69,83,84,89,122,123" m="45367,51721" machi="89" ten="30,1000,0" yaku="20,1" doraHai="28" who="2" fromWho="1" sc="234,0,239,-10,185,10,342,0" />
</Scene>
<Scene>
<INIT seed="5,0,0,5,1,93" ten="234,229,195,342" oya="1" hai0="97,91,46,32,41,111,25,96,75,61,125,29,68" hai1="19,114,17,21,121,50,74,36,94,23,56,24,66" hai2="59,71,0,67,38,16,31,119,34,12,95,11,83" hai3="4,113,22,120,103,85,72,44,134,129,51,42,39"/><U99/><E36/><V135/><F119/><W80/><G120/><T7/><D111/><U81/><E121/><V100/><F38/><W77/><G113/><T112/><D75/><U52/><E114/><V109/><F109/><W73/><G134/><T60/><D112/><U65/><E81/><V115/><F115/><W49/><G129/><T82/><D7/><U53/><E53/><V124/><F71/><W105/><G22/><T15/><D125/><U116/><E74/><V37/><F37/><W30/><G30/><T87/><D15/><U107/><E107/><V40/><F40/><W33/><G33/><T130/><D130/><U64/><E116/><V89/><F135/><W48/><G4/><T45/><D45/><U47/><E47/><V117/><F117/><W118/><G118/><T10/><D10/><U35/><E35/><V58/><F124/><W108/><G108/><T3/><D3/><U123/><E123/><V62/><F0/><W20/><G20/><N who="1" m="7754" /><E24/><V132/><F132/><W133/><G133/><T70/><D70/><U76/><E76/><V2/><F2/><W127/><G127/><T131/><D131/><U9/><E9/><V54/><F34/><W106/><G106/><T88/><D68/><U27/><E27/><V26/><F26/><W79/><G79/><N who="0" m="46559" /><D61/><U43/><E43/><V63/><F31/><W6/><G6/><T101/><D60/><U1/><E1/><V78/><F78/><W8/><G8/><T28/><D25/><U104/><E104/><V69/><F69/><W55/><G55/><T13/><D32/><U128/><E128/><RYUUKYOKU ba="0,0" sc="234,-15,229,15,195,-15,342,15" hai1="17,19,50,52,56,64,65,66,94,99" hai3="39,42,44,48,49,51,72,73,77,80,85,103,105" />
</Scene>
<Scene>
<INIT seed="5,1,0,0,4,80" ten="219,244,180,357" oya="1" hai0="112,50,103,44,98,11,69,20,13,125,96,109,26" hai1="37,39,46,127,88,75,81,40,45,43,5,19,90" hai2="70,57,14,117,113,85,49,10,30,1,126,99,48" hai3="93,77,32,116,74,58,41,97,131,8,33,130,83"/><U134/><E127/><V23/><F70/><W31/><G41/><T76/><D69/><U108/><E134/><V79/><F117/><W121/><G121/><T106/><D112/><U35/><E108/><V61/><F126/><W9/><G116/><T100/><D125/><U68/><E68/><V7/><F99/><W107/><G107/><T118/><D76/><U128/><E128/><N who="3" m="49194" /><G58/><T82/><D82/><U66/><E66/><V124/><F124/><W110/><G110/><T17/><D118/><U120/><E120/><V78/><F113/><W22/><G22/><T34/><D34/><N who="3" m="13417" /><G31/><T2/><D2/><U104/><E104/><V29/><F29/><W54/><G54/><T84/><D109/><U65/><E65/><V132/><F30/><W62/><G62/><T38/><D38/><U21/><E35/><V92/><F61/><W133/><G133/><T86/><D103/><AGARI ba="1,0" hai="8,9,74,77,83,93,97,103" m="13417,49194" machi="103" ten="30,1000,0" yaku="19,1" doraHai="80" who="3" fromWho="0" sc="219,-13,244,0,180,0,357,13" />
</Scene>
<Scene>
<INIT seed="6,0,0,0,2,77" ten="206,244,180,370" oya="2" hai0="79,118,116,108,97,51,91,100,25,57,60,41,43" hai1="5,18,33,66,127,78,27,72,32,2,92,85,52" hai2="62,93,122,68,124,61,58,6,111,69,12,106,131" hai3="54,135,120,126,125,63,114,71,113,105,64,20,73"/><V70/><F106/><W88/><G105/><T29/><D108/><U98/><E127/><N who="3" m="48650" /><G120/><T56/><D79/><U133/><E72/><V39/><F124/><W48/><G73/><T115/><D91/><U119/><E119/><N who="0" m="45609" /><D115/><N who="3" m="44041" /><G20/><N who="0" m="15527" /><D51/><U128/><E133/><V107/><F122/><W134/><G88/><T86/><D86/><U103/><E128/><V30/><F131/><W19/><G19/><T53/><D57/><AGARI ba="0,0" hai="48,54,57,63,64,71,134,135" m="44041,48650" machi="57" ten="30,8000,1" yaku="18,1,15,1,11,1,34,2" doraHai="77" who="3" fromWho="0" sc="206,-80,244,0,180,0,370,80" />
</Scene>
<Scene>
<INIT seed="7,0,0,1,3,61" ten="126,244,180,450" oya="3" hai0="114,103,104,94,92,22,58,46,40,117,12,78,15" hai1="6,131,82,102,126,135,130,7,72,128,79,74,81" hai2="54,70,112,77,71,17,30,63,118,42,95,8,132" hai3="83,49,93,64,26,90,9,66,32,124,47,86,48"/><W115/><G115/><T35/><D117/><U99/><E7/><V5/><F118/><W65/><G124/><T45/><D35/><U20/><E20/><V123/><F30/><W134/><G134/><T87/><D104/><U96/><E6/><V122/><F42/><W43/><G9/><T36/><D114/><U120/><E120/><N who="2" m="46123" /><F112/><W4/><G4/><T84/><D58/><U3/><E3/><N who="2" m="63" /><F132/><W56/><G26/><T52/><D78/><N who="1" m="44231" /><E135/><V16/><F77/><W23/><G23/><T80/><D103/><U62/><E62/><V24/><F95/><W100/><G32/><T97/><D97/><N who="1" m="37451" /><E102/><V109/><F109/><W13/><G13/><T55/><D40/><U129/><N who="1" m="33280" /><DORA hai="33" /><U38/><E38/><V69/><F24/><W116/><G116/><T18/><D36/><U105/><E126/><V27/><F27/><W88/><G100/><T110/><D110/><U111/><E105/><V1/><F1/><W101/><G101/><T85/><D80/><U91/><E91/><V89/><F89/><W57/><G48/><T76/><D76/><U10/><E111/><V21/><F21/><W51/><G49/><T133/><D133/><U98/><E10/><V29/><F29/><W67/><N who="3" m="16384" /><DORA hai="31" /><W44/><G44/><N who="0" m="17003" /><D15/><U53/><E98/><AGARI ba="0,0" hai="43,47,51,56,57,83,86,88,90,93,98" m="16384" machi="98" ten="50,18000,2" yaku="8,1,52,4,54,1" doraHai="61,33,31" who="3" fromWho="1" sc="126,0,244,-180,180,0,450,180" owari="126,-27.0,64,-44.0,180,-2.0,630,73.0" />
</Scene>
</mjloggm>