<mjloggm ver="2.3"><GO type="193"/><UN n0="%E4%BB%99%E5%8F%B0%E4%BA%94%E9%83%8E" n1="%E5%A4%AA%E3%81%8F%E3%81%AA%E3%81%84%E3%81%8A" n2="%52%61%66%5F" n3="%E3%81%8E%E3%82%85%E3%81%86%E3%81%AB%E3%81%8F" dan="12,11,12,14" rate="1714,1815,1697,2098" sx="M,M,M,M"/><TAIKYOKU oya="0"/>

<Scene>
<INIT seed="0,0,0,3,1,122" ten="250,250,250,250" oya="0" hai0="75,98,113,11,51,56,115,110,0,55,53,95,119" hai1="103,81,36,101,30,20,42,131,10,66,38,102,123" hai2="19,85,65,41,120,108,125,5,63,135,28,18,94" hai3="74,26,37,52,24,58,129,64,112,54,13,124,49"/><T34/><D34/><U8/><E123/><V17/><F120/><W2/><G2/><T67/><D75/><U83/><E131/><V89/><F125/><W71/><G112/><T96/><D119/><U60/><E36/><V79/><F135/><W128/><G74/><T106/><D67/><U104/><E104/><V31/><F41/><W76/><G76/><T32/><D32/><U130/><E130/><N who="3" m="50282" /><G37/><T132/><D132/><U88/><E42/><V45/><F45/><N who="3" m="27695" /><G124/><T126/><D126/><U43/><E43/><V14/><F79/><W82/><G82/><T86/><D86/><N who="1" m="50255" /><E83/><V117/><F117/><W72/><G72/><T9/><D106/><U97/><E97/><V6/><F5/><W68/><G13/><T21/><D0/><U50/><E38/><V105/><F6/><W25/><G64/><T133/><D133/><U116/><E116/><V47/><F14/><W62/><AGARI ba="0,0" hai="24,25,26,54,58,62,68,71" m="27695,50282" machi="62" ten="30,2000,0" yaku="19,1,54,1" doraHai="122" who="3" fromWho="3" sc="250,-10,250,-5,250,-5,250,20" />
</Scene>
<Scene>
<INIT seed="1,0,0,3,3,99" ten="240,245,245,270" oya="1" hai0="81,133,122,12,103,55,93,35,127,22,31,128,63" hai1="66,52,27,124,83,75,13,8,4,79,97,123,45" hai2="7,121,94,9,126,108,100,62,19,50,6,119,69" hai3="129,0,101,32,58,33,91,34,17,30,43,120,86"/><U70/><E123/><V95/><F121/><W39/><G120/><T116/><D122/><RYUUKYOKU type="kaze4" ba="0,0" sc="240,0,245,0,245,0,270,0" />
</Scene>
<Scene>
<INIT seed="1,1,0,0,5,78" ten="240,245,245,270" oya="1" hai0="108,93,131,72,59,119,19,27,69,74,5,129,107" hai1="109,15,85,3,8,88,98,44,86,32,16,31,105" hai2="17,77,118,49,92,28,113,24,23,133,34,30,91" hai3="4,40,122,50,68,13,46,66,110,22,103,102,38"/><U128/><E128/><N who="0" m="49225" /><D69/><U47/><E109/><V67/><F118/><W42/><G122/><T45/><D5/><N who="1" m="1087" /><E105/><V123/><F123/><W124/><G110/><T6/><D6/><U71/><E71/><V79/><F133/><W121/><G121/><T94/><D45/><U99/><E44/><V25/><F113/><W56/><G40/><T48/><D119/><U21/><E47/><V100/><F100/><W101/><G124/><T62/><D108/><U73/><E73/><N who="0" m="28265" /><D107/><U41/><E41/><V134/><F134/><W20/><G68/><T95/><D48/><U26/><E86/><V80/><F67/><W29/><G29/><T75/><N who="0" m="28273" /><T39/><DORA hai="82" /><D39/><U10/><E10/><V1/><F1/><W116/><G116/><T97/><D19/><U96/><E96/><V36/><F36/><W58/><G38/><T135/><D27/><U57/><E57/><N who="3" m="22122" /><G66/><N who="0" m="39263" /><D135/><U2/><E2/><V115/><F17/><W130/><G130/><T54/><D54/><U64/><E64/><V60/><F115/><W125/><G125/><T0/><D0/><U117/><E117/><V76/><F49/><W53/><G42/><T111/><D111/><U90/><E90/><AGARI ba="1,0" hai="90,93,94,95,97" m="39263,28273,49225" machi="90" ten="40,1300,0" yaku="19,1" doraHai="78,82" who="0" fromWho="1" sc="240,16,245,-16,245,0,270,0" />
</Scene>
<Scene>
<INIT seed="2,0,0,1,5,38" ten="256,229,245,270" oya="2" hai0="49,78,6,3,35,99,97,72,121,16,4,132,30" hai1="115,69,108,87,113,20,92,48,112,70,13,73,125" hai2="56,93,19,109,39,23,135,52,55,28,51,120,11" hai3="94,74,131,80,116,81,91,68,77,47,105,101,53"/><V43/><F120/><W59/><G116/><T65/><D121/><U122/><E73/><V83/><F135/><W44/><G68/><T134/><D30/><U103/><E122/><V118/><F118/><W50/><G131/><T124/><D35/><U75/><E75/><V117/><F117/><W25/><G25/><T10/><D6/><U54/><E108/><V63/><F39/><W76/><G101/><T57/><D124/><U40/><E125/><V2/><F2/><W58/><G105/><T33/><D33/><U7/><E40/><V82/><F109/><W98/><REACH who="3" step="1"/><G47/><REACH who="3" ten="256,229,245,260" step="2"/><T88/><D78/><U130/><E130/><V67/><F28/><W89/><G89/><T31/><D72/><AGARI ba="0,1" hai="44,50,53,58,59,72,74,76,77,80,81,91,94,98" machi="72" ten="30,3900,0" yaku="1,1,7,1,9,1,53,0" doraHai="38" doraHaiUra="5" who="3" fromWho="0" sc="256,-39,229,0,245,0,260,49" />
</Scene>
<Scene>
<INIT seed="3,0,0,5,4,46" ten="217,229,245,309" oya="3" hai0="99,11,118,74,110,94,89,88,8,121,87,4,91" hai1="112,68,23,22,124,76,132,77,67,102,16,51,45" hai2="40,100,1,90,78,5,83,28,79,65,111,104,115" hai3="120,117,71,26,9,106,105,134,14,43,19,15,37"/><W92/><G117/><T34/><D121/><U61/><E112/><V101/><F115/><W113/><G113/><T52/><D118/><U127/><E132/><V119/><F119/><W6/><G120/><T129/><D34/><U29/><E102/><V58/><F40/><W97/><G71/><T33/><D33/><U53/><E29/><V73/><F28/><W108/><G134/><T44/><D129/><U103/><E103/><N who="2" m="39499" /><F58/><W114/><G114/><T42/><D110/><U123/><E123/><V50/><F1/><W30/><G108/><T47/><D74/><U63/><E63/><V49/><F73/><W128/><G128/><T109/><D109/><U2/><E2/><V17/><F104/><W116/><G116/><T107/><D107/><U35/><E35/><V48/><F111/><W39/><G39/><T131/><D131/><U81/><E23/><V18/><F5/><W59/><G59/><T25/><D25/><N who="1" m="14535" /><E81/><V80/><F65/><W32/><G43/><T24/><D24/><U69/><E69/><V12/><F90/><W133/><G37/><T3/><D11/><U10/><E10/><N who="2" m="6295" /><F18/><W7/><G133/><T98/><D98/><U13/><E13/><V130/><F130/><W70/><G70/><T82/><D91/><U86/><E86/><V0/><F0/><W135/><G135/><T64/><D64/><U96/><E96/><V55/><F55/><W85/><G7/><T75/><D75/><U66/><E66/><V27/><F27/><W36/><G97/><T72/><D72/><U60/><E60/><V57/><F57/><W41/><G32/><RYUUKYOKU ba="0,0" sc="217,-15,229,15,245,15,309,-15" hai1="45,51,53,61,67,68,76,77,124,127" hai2="48,49,50,78,79,80,83" />
</Scene>
<Scene>
<INIT seed="4,1,0,3,4,26" ten="202,244,260,294" oya="0" hai0="68,30,52,45,4,59,95,15,80,44,88,16,10" hai1="94,65,127,96,34,71,67,37,72,124,40,8,55" hai2="99,106,57,66,101,42,98,23,78,39,22,109,130" hai3="70,83,51,61,81,97,21,129,122,114,128,117,7"/><T115/><D68/><U60/><E72/><V113/><F109/><W18/><G117/><T1/><D115/><U135/><E135/><V46/><F113/><W11/><G114/><T87/><D80/><U69/><E34/><V12/><F130/><N who="3" m="50283" /><G122/><T54/><D54/><U118/><E118/><V31/><F78/><W38/><G38/><T27/><D1/><U9/><E55/><V25/><F99/><W32/><G32/><T85/><D85/><U14/><E40/><V74/><F74/><W6/><G51/><N who="0" m="31135" /><D4/><N who="3" m="1577" /><G11/><T103/><D103/><N who="1" m="60823" /><E37/><V58/><F66/><N who="3" m="41295" /><G97/><T108/><D108/><U63/><E14/><AGARI ba="1,0" hai="14,18,21,81,83" m="41295,1577,50283" machi="14" ten="30,1000,0" yaku="19,1" doraHai="26" who="3" fromWho="1" sc="202,0,244,-13,260,0,294,13" owari="202,-30.0,231,-17.0,260,6.0,307,41.0" />
</Scene>
</mjloggm>