<mjloggm ver="2.3"><GO type="193"/><UN n0="%E3%83%AD%E3%83%B3%2A%EF%BF%A3%E3%80%82%EF%BF%A3%29%E3%83%8E" n1="%6B%6F%74%65%73%61%73%68" n2="%E3%83%86%E3%83%BC%E3%83%96%E3%83%AB%E8%83%A1%E6%A4%92" n3="%E5%A4%AA%E3%81%8F%E3%81%AA%E3%81%84%E3%81%8A" dan="12,13,12,11" rate="1673,1772,1683,1819" sx="M,M,M,M"/><TAIKYOKU oya="0"/>

<Scene>
<INIT seed="0,0,0,2,1,33" ten="250,250,250,250" oya="0" hai0="64,50,9,22,78,69,103,43,47,101,125,52,48" hai1="14,60,105,128,11,134,89,99,58,28,68,16,74" hai2="21,6,38,57,2,126,72,51,13,24,42,94,17" hai3="93,102,12,31,44,62,124,86,20,39,116,100,26"/><T82/><D125/><U112/><E74/><V106/><F106/><W81/><G116/><T98/><D69/><U135/><E68/><V118/><F72/><W0/><G124/><T29/><D64/><U111/><E111/><V35/><F126/><W15/><G0/><T30/><D9/><U88/><E28/><N who="2" m="19847" /><F118/><W110/><G110/><T113/><D113/><U25/><E112/><V96/><F57/><W19/><G62/><T87/><D22/><U1/><E25/><V4/><F4/><W55/><G93/><N who="0" m="58575" /><D103/><U10/><E105/><V104/><F104/><W130/><G130/><T83/><D82/><U18/><E128/><V107/><F107/><W127/><G127/><T53/><D43/><U85/><E99/><V77/><F77/><N who="3" m="46383" /><G39/><T80/><D83/><U97/><E97/><V36/><F42/><W27/><G27/><T65/><D65/><N who="1" m="39063" /><E85/><V61/><F61/><W59/><G15/><T117/><D117/><U49/><E49/><V129/><F51/><N who="3" m="31231" /><G102/><T108/><D108/><U119/><E119/><V131/><F129/><W115/><G100/><T122/><D122/><U7/><E18/><V23/><F131/><W3/><G115/><T121/><D121/><U8/><E8/><N who="2" m="2135" /><F23/><N who="3" m="11751" /><G3/><T34/><D34/><U40/><E40/><V120/><F120/><W76/><G76/><T95/><D95/><U41/><E41/><V84/><F84/><W90/><G90/><AGARI ba="0,0" hai="13,17,21,36,38,90,94,96" m="2135,19847" machi="90" ten="30,2000,0" yaku="24,1,52,1" doraHai="33" who="2" fromWho="3" sc="250,0,250,0,250,20,250,-20" />
</Scene>
<Scene>
<INIT seed="1,0,0,3,4,42" ten="250,250,270,230" oya="1" hai0="111,106,119,45,13,123,19,90,103,98,130,11,104" hai1="110,122,112,67,129,51,114,20,124,116,8,33,117" hai2="97,131,14,24,46,128,38,107,75,23,95,93,3" hai3="65,34,21,58,41,132,66,15,39,54,92,56,17"/><U99/><E33/><V73/><F3/><W74/><G74/><T64/><D119/><N who="1" m="45643" /><E99/><V133/><F107/><W109/><G34/><T71/><D130/><N who="2" m="49706" /><F14/><W91/><G132/><T108/><D111/><U35/><E129/><V26/><F133/><W22/><G109/><T96/><D123/><U32/><E67/><N who="3" m="25610" /><G41/><T81/><D108/><U10/><E110/><V125/><F125/><W27/><G39/><T5/><D64/><U89/><E89/><V61/><F61/><N who="3" m="35991" /><G58/><T52/><D71/><U6/><E51/><V16/><F24/><W87/><G27/><T115/><D115/><N who="1" m="44075" /><E122/><V36/><F36/><W101/><G101/><T70/><D70/><U80/><E80/><V28/><F28/><W12/><G12/><T102/><D5/><U100/><E100/><N who="0" m="38441" /><D106/><U1/><E124/><V84/><F75/><W40/><G40/><T76/><D104/><U44/><E44/><V31/><F73/><W86/><G86/><N who="0" m="50511" /><D76/><U68/><E68/><V55/><F31/><W9/><AGARI ba="0,0" hai="9,15,17,21,22,87,91,92" m="35991,25610" machi="9" ten="30,1100,0" yaku="8,1" doraHai="42" who="3" fromWho="3" sc="250,-3,250,-5,270,-3,230,11" />
</Scene>
<Scene>
<INIT seed="2,0,0,4,1,61" ten="247,245,267,241" oya="2" hai0="25,116,76,27,47,107,109,112,77,4,101,75,105" hai1="48,69,49,30,3,99,88,72,78,57,64,123,26" hai2="54,103,92,89,113,115,15,13,52,111,28,122,63" hai3="1,18,50,32,11,119,68,23,34,100,98,9,12"/><V65/><F122/><W53/><G119/><T129/><D112/><U82/><E3/><V19/><F103/><W33/><G68/><T2/><D116/><U60/><E123/><V86/><F28/><W134/><G134/><T42/><D129/><U39/><E39/><V74/><F74/><W22/><G22/><T14/><D109/><U96/><E69/><V131/><F131/><W83/><G83/><N who="0" m="45471" /><D77/><U20/><E99/><V10/><F15/><W38/><G38/><N who="0" m="21975" /><D14/><U106/><REACH who="1" step="1"/><E106/><REACH who="1" ten="247,235,267,241" step="2"/><N who="0" m="40457" /><D101/><U90/><E90/><V55/><REACH who="2" step="1"/><F111/><REACH who="2" ten="247,235,257,241" step="2"/><W24/><G100/><T16/><D2/><U58/><E58/><AGARI ba="0,2" hai="10,13,19,52,54,55,58,63,65,86,89,92,113,115" machi="58" ten="40,12000,1" yaku="1,1,2,1,52,1,54,1,53,0" doraHai="61" doraHaiUra="45" who="2" fromWho="1" sc="247,0,235,-120,257,140,241,0" />
</Scene>
<Scene>
<INIT seed="2,1,0,2,2,82" ten="247,115,397,241" oya="2" hai0="54,25,91,0,98,75,123,99,15,133,29,3,128" hai1="116,129,41,27,74,61,28,121,43,76,32,64,59" hai2="125,8,48,95,22,114,56,21,72,46,18,36,86" hai3="88,117,11,65,108,135,52,16,47,106,19,120,12"/><V57/><F72/><W35/><G120/><T14/><D123/><U100/><E116/><V103/><F114/><W73/><G117/><T30/><D75/><U26/><E121/><V55/><F125/><W101/><G73/><T81/><D128/><U69/><E129/><V131/><F131/><W132/><G35/><T4/><D133/><N who="3" m="51273" /><G108/><T66/><D66/><U53/><E26/><V89/><F103/><W34/><G34/><T20/><D54/><U2/><E2/><N who="0" m="553" /><D91/><U10/><E10/><V109/><F109/><W62/><G101/><T97/><D81/><U126/><E126/><V127/><F127/><W130/><G106/><T33/><D33/><U44/><E100/><V71/><F71/><N who="3" m="42423" /><G130/><T79/><D79/><U96/><E96/><V111/><F111/><W7/><G88/><T118/><D118/><U70/><E76/><V124/><F124/><W104/><G104/><T92/><D92/><U13/><E74/><V31/><F31/><N who="0" m="11786" /><D4/><U93/><E93/><V112/><F36/><W39/><G39/><T24/><D20/><N who="2" m="7786" /><F112/><W6/><G6/><T105/><D105/><U17/><E70/><V80/><F80/><W1/><G1/><T38/><D38/><U102/><E102/><V84/><F84/><W45/><G45/><T63/><D63/><U67/><E44/><V51/><F95/><W9/><G9/><T85/><D85/><U87/><E87/><V78/><F78/><W60/><G60/><T68/><D68/><U115/><E115/><V49/><F46/><W107/><G107/><T122/><D122/><U50/><E67/><V119/><F119/><RYUUKYOKU ba="1,0" sc="247,10,115,10,397,-30,241,10" hai0="14,15,24,25,97,98,99" hai1="13,17,27,28,32,41,43,50,53,59,61,64,69" hai3="7,11,12,16,19,47,52" />
</Scene>
<Scene>
<INIT seed="3,2,0,1,1,132" ten="257,125,367,251" oya="3" hai0="54,125,66,46,65,70,89,63,135,4,62,56,37" hai1="17,76,113,19,67,55,106,75,22,124,121,60,58" hai2="77,31,16,7,99,38,12,94,98,97,81,6,73" hai3="100,51,92,59,72,64,52,104,0,9,123,41,45"/><W93/><G123/><T36/><D125/><U110/><E121/><V28/><F38/><N who="0" m="14954" /><D4/><U119/><E113/><V130/><F130/><W84/><G72/><T48/><D89/><U86/><E119/><V23/><REACH who="2" step="1"/><F94/><REACH who="2" ten="257,125,357,251" step="2"/><W18/><G64/><N who="0" m="41239" /><D135/><U82/><E106/><V35/><F35/><W10/><G104/><T120/><D120/><U116/><E116/><V2/><F2/><W24/><G0/><T96/><D96/><U90/><E110/><V101/><F101/><W57/><G100/><T128/><D128/><U118/><E118/><V129/><F129/><W87/><G92/><T95/><D95/><U15/><E75/><V103/><F103/><W5/><G93/><T102/><D102/><U88/><E19/><V131/><F131/><W134/><G134/><T13/><D13/><U91/><REACH who="1" step="1"/><E124/><REACH who="1" ten="257,115,357,251" step="2"/><V27/><F27/><W34/><G24/><T39/><N who="0" m="14962" /><T29/><DORA hai="33" /><D29/><AGARI ba="2,2" hai="6,7,12,16,23,28,29,31,73,77,81,97,98,99" machi="29" ten="40,5200,0" yaku="1,1,54,1,53,1" doraHai="132,33" doraHaiUra="8,85" who="2" fromWho="0" sc="257,-58,115,0,357,78,251,0" owari="199,-20.0,115,-38.0,435,53.0,251,5.0" />
</Scene>
</mjloggm>