<mjloggm ver="2.3"><GO type="169"/><UN n0="%E5%A4%AA%E3%81%8F%E3%81%AA%E3%81%84%E3%81%8A" n1="%E5%94%90%E6%8F%9A%E5%A4%A7%E5%A5%BD%E3%81%8D" n2="%E3%81%AD%E3%81%98%E3%81%BE%E3%81%8D%E9%B3%A5%E2%88%AE" n3="%E6%9C%88%E5%8D%83%E4%B8%80%E5%A4%9C" dan="18,17,16,16" rate="2155,2188,2046,2068" sx="M,M,M,F"/><TAIKYOKU oya="0"/>

<Scene>
<INIT seed="0,0,0,2,1,114" ten="250,250,250,250" oya="0" hai0="33,47,130,12,84,62,127,64,19,8,1,72,80" hai1="119,23,42,116,54,89,65,0,66,61,106,76,70" hai2="2,133,20,34,74,14,39,49,6,46,87,107,36" hai3="104,90,91,11,40,24,83,3,111,28,113,45,79"/><T120/><D120/><U15/><E0/><V126/><F34/><W96/><G113/><T69/><D33/><U30/><E106/><V59/><F74/><W73/><G111/><T22/><D127/><U92/><E76/><V122/><F122/><W100/><G28/><T26/><D130/><U52/><E42/><V31/><F107/><W135/><G24/><T53/><D72/><U103/><E66/><V58/><F2/><W123/><G123/><T5/><D47/><U44/><E103/><V71/><F71/><W93/><G135/><T21/><D53/><U97/><E54/><V60/><F126/><W82/><G82/><T134/><D134/><U25/><REACH who="1" step="1"/><E15/><REACH who="1" ten="250,240,250,250" step="2"/><V29/><F14/><W75/><G104/><T63/><D64/><U68/><E68/><V32/><F133/><W115/><G115/><T4/><D69/><U105/><E105/><V99/><F39/><N who="3" m="21663" /><G73/><T27/><D1/><U124/><E124/><V7/><F36/><W17/><G3/><T9/><D4/><U35/><E35/><V38/><F38/><W43/><G43/><T55/><D55/><U129/><E129/><V108/><F32/><W131/><G131/><T109/><D109/><U56/><E56/><V13/><F59/><W110/><G110/><T125/><D125/><U51/><AGARI ba="0,1" hai="23,25,30,44,51,52,61,65,70,89,92,97,116,119" machi="51" ten="30,8000,1" yaku="1,1,0,1,52,2,54,1,53,0" doraHai="114" doraHaiUra="117" who="1" fromWho="1" sc="250,-40,240,90,250,-20,250,-20" />
</Scene>
<Scene>
<INIT seed="1,0,0,1,0,90" ten="210,330,230,230" oya="1" hai0="69,57,25,8,34,83,103,46,81,48,35,82,107" hai1="84,15,9,41,86,80,2,124,27,29,122,113,50" hai2="65,101,37,98,109,59,108,132,39,3,4,85,105" hai3="91,96,19,11,77,30,87,47,64,117,49,20,24"/><U43/><E122/><V135/><F4/><W44/><G117/><T1/><D69/><U110/><E113/><V93/><F3/><W17/><G64/><T0/><D57/><U5/><E124/><V62/><F85/><W71/><G71/><T18/><D1/><U21/><E110/><N who="2" m="42603" /><F105/><W58/><G77/><T116/><D116/><U28/><E28/><V23/><F23/><W74/><G74/><T97/><D0/><U70/><E70/><V118/><F118/><W100/><G11/><T128/><D128/><U32/><E50/><V131/><F131/><W33/><G58/><T119/><D119/><U76/><E86/><V78/><F78/><W26/><G19/><AGARI ba="0,0" hai="2,5,9,15,19,21,27,29,32,41,43,76,80,84" machi="19" ten="40,3900,0" yaku="24,2" doraHai="90" who="1" fromWho="3" sc="210,0,330,39,230,0,230,-39" />
</Scene>
<Scene>
<INIT seed="1,1,0,3,1,78" ten="210,369,230,191" oya="1" hai0="18,61,87,133,53,12,105,24,30,70,82,86,88" hai1="22,110,39,43,69,92,81,50,62,135,33,29,108" hai2="118,111,73,20,113,101,115,89,14,45,66,7,75" hai3="90,125,120,64,97,49,128,107,51,9,104,47,98"/><U5/><E39/><V28/><F118/><W79/><G120/><T37/><D105/><U55/><E33/><V48/><F101/><W32/><G32/><T126/><D37/><U68/><E5/><V74/><F66/><W103/><G64/><T36/><D36/><U85/><E135/><V10/><F111/><N who="1" m="42537" /><E92/><V121/><F121/><W93/><G125/><T124/><D133/><U76/><E43/><V15/><F89/><W1/><G128/><T23/><D86/><U46/><E62/><V52/><F15/><W4/><G104/><T130/><D130/><U102/><E102/><V11/><REACH who="2" step="1"/><F10/><REACH who="2" ten="210,369,220,191" step="2"/><W114/><G114/><T127/><D70/><U44/><E44/><V34/><F34/><W119/><G119/><T131/><D131/><U6/><E6/><V25/><AGARI ba="1,1" hai="7,11,14,20,25,28,45,48,52,73,74,75,113,115" machi="25" ten="40,5200,0" yaku="1,1,0,1,54,1,53,0" doraHai="78" doraHaiUra="116" who="2" fromWho="2" sc="210,-14,369,-27,220,65,191,-14" />
</Scene>
<Scene>
<INIT seed="2,0,0,0,2,120" ten="196,342,285,177" oya="2" hai0="34,63,2,109,100,101,81,49,73,71,122,38,85" hai1="10,56,37,6,124,118,4,70,12,128,1,61,26" hai2="104,82,110,103,80,66,44,3,48,50,18,121,132" hai3="135,25,30,16,134,84,33,17,108,77,87,7,126"/><V111/><F121/><W92/><G126/><T22/><D34/><U43/><E118/><V94/><F104/><W133/><G7/><T31/><D38/><U45/><E70/><V102/><F3/><W47/><G108/><N who="2" m="41513" /><F66/><W13/><G47/><T125/><D73/><U41/><E124/><V68/><F68/><W98/><G77/><T131/><D131/><U88/><E128/><V59/><F132/><W24/><G24/><T32/><D2/><U97/><E26/><V14/><F59/><W117/><G117/><T40/><D71/><U60/><E56/><V112/><F112/><W58/><G58/><T69/><D122/><U79/><E41/><N who="2" m="24591" /><F50/><W62/><G62/><T123/><D49/><U93/><E1/><V83/><F94/><W15/><G13/><T78/><D123/><U113/><E113/><V95/><F95/><W116/><G116/><T99/><D69/><U9/><E60/><V51/><F51/><W90/><REACH who="3" step="1"/><G17/><REACH who="3" ten="196,342,285,167" step="2"/><T129/><D63/><U67/><E61/><V29/><F29/><W76/><G76/><T119/><D78/><U107/><E79/><V46/><F46/><W65/><G65/><T127/><D31/><U106/><E67/><V42/><F42/><W91/><G91/><T89/><D89/><U54/><E88/><V21/><AGARI ba="0,1" hai="14,18,21,80,82,83,102,103" m="24591,41513" machi="21" ten="30,12000,1" yaku="14,1,10,1,52,3" doraHai="120" who="2" fromWho="2" sc="196,-40,342,-40,285,130,167,-40" />
</Scene>
<Scene>
<INIT seed="2,1,0,5,2,123" ten="156,302,415,127" oya="2" hai0="68,121,50,83,67,89,70,35,55,93,87,21,23" hai1="49,41,81,79,69,91,47,116,59,11,17,127,0" hai2="90,44,126,4,94,75,109,66,14,12,58,2,119" hai3="88,120,13,111,73,122,30,105,42,1,125,34,22"/><V5/><F119/><W85/><G1/><T71/><D35/><U39/><E116/><V56/><F75/><W115/><G73/><T61/><D121/><U20/><E127/><V124/><F44/><W106/><G125/><N who="2" m="48233" /><F2/><W113/><G42/><T100/><D100/><U135/><E135/><V130/><F130/><W77/><G77/><T40/><D40/><U15/><E69/><V103/><F103/><W7/><G34/><T97/><D23/><U48/><E91/><V65/><F109/><W18/><G111/><T129/><D129/><U54/><E0/><V78/><F78/><W38/><G38/><T82/><D21/><U31/><E39/><V10/><F65/><W95/><G120/><T29/><D29/><U133/><E133/><V84/><F66/><W98/><G122/><T108/><D108/><U80/><E79/><V9/><AGARI ba="1,0" hai="4,5,9,10,12,14,56,58,84,90,94" m="48233" machi="9" ten="30,1500,0" yaku="18,1" doraHai="123" who="2" fromWho="2" sc="156,-6,302,-6,415,18,127,-6" />
</Scene>
<Scene>
<INIT seed="2,2,0,1,4,90" ten="150,296,433,121" oya="2" hai0="134,25,129,29,18,106,43,3,72,57,130,124,41" hai1="95,8,49,74,31,77,112,123,83,113,48,4,20" hai2="44,81,114,40,12,94,11,22,13,28,97,7,99" hai3="37,52,76,61,0,107,131,45,87,14,115,91,126"/><V27/><F114/><W30/><G115/><T51/><D106/><U16/><E123/><V47/><F81/><W55/><G0/><T46/><D72/><U127/><E127/><V66/><F66/><W101/><G76/><T54/><D3/><U86/><E31/><V84/><F84/><W103/><G30/><T120/><D120/><U122/><E122/><V133/><F133/><W73/><G73/><T98/><D124/><U67/><E67/><V33/><F99/><W117/><G117/><T65/><D18/><U132/><E132/><V21/><F13/><W75/><G14/><T58/><D98/><U88/><E113/><V108/><F108/><W26/><G61/><N who="0" m="38071" /><D134/><U35/><E35/><V118/><F118/><W36/><G75/><T100/><D100/><U125/><E125/><V34/><F34/><W93/><G107/><T70/><D70/><U23/><E23/><V68/><F68/><W102/><G126/><T80/><D80/><U85/><E74/><V121/><F121/><W64/><G64/><T105/><D105/><U5/><E112/><V53/><F53/><W17/><G55/><N who="0" m="30199" /><D29/><U60/><E60/><V10/><F10/><W6/><G103/><T63/><D25/><N who="1" m="14471" /><E8/><V79/><F79/><W42/><G102/><T9/><D9/><U15/><E15/><V92/><F97/><W62/><G101/><T59/><D59/><U69/><E69/><V135/><F135/><W82/><G26/><T39/><D39/><U38/><E38/><N who="2" m="21527" /><F47/><W116/><G116/><T24/><D24/><U71/><E71/><V19/><F33/><W110/><G36/><RYUUKYOKU ba="2,0" sc="150,10,296,10,433,10,121,-30" hai0="41,43,54,57,63,129,130" hai1="4,5,48,49,77,83,85,86,88,95" hai2="7,11,12,19,21,22,27,28,92,94" />
</Scene>
<Scene>
<INIT seed="2,3,0,1,0,39" ten="160,306,443,91" oya="2" hai0="81,47,128,36,121,55,76,63,122,75,113,2,103" hai1="123,73,7,79,93,60,69,130,131,31,15,61,95" hai2="10,84,98,38,117,100,34,13,20,56,17,80,115" hai3="67,64,18,71,1,23,58,33,21,52,120,12,92"/><V35/><F117/><W82/><G120/><T89/><D113/><U22/><E123/><V65/><F115/><W132/><G33/><T77/><D128/><N who="1" m="49195" /><E79/><V74/><F74/><W42/><G1/><T108/><D108/><U37/><E73/><V3/><F38/><W91/><G132/><T97/><D77/><U109/><E109/><V62/><F10/><W101/><G71/><T8/><D89/><U105/><E105/><V127/><F3/><W28/><G101/><T129/><D129/><U24/><E37/><V9/><F127/><W125/><G82/><T70/><D55/><U107/><E107/><V59/><F56/><W87/><G125/><T106/><D63/><N who="1" m="24139" /><E69/><V43/><F9/><AGARI ba="3,0" hai="7,9,15,22,24,31,93,95" m="24139,49195" machi="9" ten="30,1000,0" yaku="19,1" doraHai="39" who="1" fromWho="2" sc="160,0,306,19,443,-19,91,0" />
</Scene>
<Scene>
<INIT seed="3,0,0,5,1,43" ten="160,325,424,91" oya="3" hai0="96,3,14,37,98,15,65,87,5,84,135,54,41" hai1="44,25,36,20,73,119,126,31,86,94,49,6,97" hai2="121,125,120,52,61,89,55,104,33,106,92,83,10" hai3="47,11,128,68,39,107,42,129,60,17,70,67,132"/><W27/><G107/><T51/><D135/><U130/><E73/><V63/><F33/><W133/><G11/><N who="0" m="4463" /><D37/><U53/><E36/><V13/><F83/><W64/><G27/><T79/><D3/><U110/><E110/><V35/><F35/><W28/><G28/><T38/><D38/><U111/><E111/><V29/><F29/><W77/><G77/><T56/><D41/><U99/><E126/><V90/><F125/><W108/><G17/><T71/><D71/><U26/><E130/><N who="3" m="50282" /><G108/><T46/><D15/><U23/><E6/><V16/><F104/><W127/><G127/><T88/><D79/><U18/><E119/><V22/><F10/><W24/><G24/><T0/><D0/><U40/><E40/><V75/><F75/><W134/><G67/><T117/><D117/><U109/><E109/><V101/><F106/><W118/><G118/><T50/><D87/><U45/><E86/><N who="2" m="52279" /><F90/><W4/><G4/><T69/><D69/><AGARI ba="0,0" hai="39,42,47,60,64,68,69,70,132,133,134" m="50282" machi="69" ten="40,18000,2" yaku="20,1,19,1,23,1,34,2,52,1" doraHai="43" who="3" fromWho="0" sc="160,-180,325,0,424,0,91,180" owari="-20,-52.0,325,13.0,424,52.0,271,-13.0" />
</Scene>
</mjloggm>