<mjloggm ver="2.3"><GO type="169" lobby="0"/><UN n0="%47%61%4B%75" n1="%E5%AE%8C%E5%85%A8%E7%84%A1%E6%95%B5%E5%B0%91%E5%A5%B3%45%58" n2="%E5%A4%AA%E3%81%8F%E3%81%AA%E3%81%84%E3%81%8A" n3="%54%4C%49%43%30%33" dan="16,16,18,16" rate="2101.14,2091.80,2179.74,2043.85" sx="M,F,F,M"/><TAIKYOKU oya="0"/>

<Scene>
<INIT seed="0,0,0,3,5,113" ten="250,250,250,250" oya="0" hai0="26,56,83,106,73,55,67,20,95,98,111,44,119" hai1="18,84,51,78,135,114,92,64,94,128,68,57,45" hai2="75,89,38,127,115,79,100,118,6,15,27,5,112" hai3="102,30,105,65,69,24,19,17,121,116,10,71,21"/><T12/><D119/><U0/><E68/><V36/><F100/><W61/><G121/><T74/><D106/><U90/><E0/><V66/><F66/><W16/><G71/><T130/><D44/><U63/><E114/><V70/><F27/><W4/><G116/><T107/><D107/><U35/><E35/><V97/><F15/><W80/><G80/><T86/><D67/><U125/><E125/><V31/><F97/><W110/><G110/><T109/><D12/><U1/><E1/><V7/><F7/><W13/><G102/><T132/><D132/><U59/><E135/><V33/><F31/><W120/><G105/><T124/><D124/><U47/><E128/><V131/><F89/><W39/><G39/><T58/><D130/><U11/><E78/><V77/><F70/><W81/><G81/><T123/><D123/><U129/><E94/><V25/><F131/><W72/><G72/><T49/><D56/><U8/><E129/><V85/><F75/><W99/><G99/><T41/><D41/><U101/><E101/><V3/><F3/><N who="3" m="287" /><G120/><T76/><D109/><U103/><E103/><V52/><F127/><W46/><G46/><N who="1" m="17418" /><E18/><V126/><F126/><W9/><G9/><T96/><D111/><U93/><E93/><V134/><F112/><W117/><G117/><T133/><D133/><U87/><E87/><V34/><F118/><W14/><G14/><T91/><D96/><U53/><AGARI ba="0,0" hai="8,11,51,53,57,59,63,64,84,90,92" m="17418" machi="53" ten="30,1100,0" yaku="8,1" doraHai="113" who="1" fromWho="1" sc="250,-5,250,11,250,-3,250,-3" />
</Scene>
<Scene>
<INIT seed="1,0,0,1,4,131" ten="245,261,247,247" oya="1" hai0="134,45,60,100,133,126,22,35,53,75,92,25,43" hai1="67,56,29,98,72,40,116,27,115,128,114,6,130" hai2="8,70,127,52,17,58,101,123,23,24,87,103,64" hai3="63,13,129,86,61,39,107,77,14,81,55,118,65"/><U119/><E72/><V105/><F123/><W21/><G129/><N who="1" m="49770" /><E98/><V5/><F127/><W51/><G39/><T89/><D35/><N who="1" m="20927" /><E40/><V34/><F105/><W20/><G107/><T10/><D10/><U42/><E42/><V73/><F73/><W19/><G65/><T18/><D75/><U26/><E6/><V97/><F97/><W88/><G77/><T28/><D100/><U79/><E79/><V48/><F87/><W31/><G118/><N who="1" m="45098" /><E56/><V91/><F91/><W102/><G102/><T9/><D126/><U33/><E67/><V41/><F41/><W15/><G63/><T125/><D125/><U83/><E83/><V135/><F64/><W106/><G61/><T74/><D74/><U85/><E85/><V112/><F5/><W104/><G106/><T54/><D60/><U50/><E50/><V37/><F48/><W69/><G104/><T78/><D78/><U66/><E66/><V99/><F58/><N who="3" m="33151" /><G69/><T96/><D43/><U76/><E76/><V32/><F70/><W68/><G68/><T3/><D45/><U11/><E11/><V71/><F8/><W93/><G81/><T47/><D47/><U80/><E80/><V82/><F82/><W49/><G49/><T36/><D36/><U44/><E44/><V59/><F37/><W57/><G57/><T30/><D53/><U121/><E121/><V124/><F71/><W120/><G120/><T113/><D54/><U94/><E94/><V117/><F124/><W16/><G31/><AGARI ba="0,0" hai="26,31,33,114,115" m="45098,20927,49770" machi="31" ten="30,11600,0" yaku="19,1,23,1,34,2" doraHai="131" who="1" fromWho="3" sc="245,0,261,116,247,0,247,-116" />
</Scene>
<Scene>
<INIT seed="1,1,0,4,2,27" ten="245,377,247,131" oya="1" hai0="85,26,118,16,41,121,8,32,10,19,20,105,100" hai1="97,52,78,9,53,12,22,47,94,57,80,84,87" hai2="56,49,34,65,37,43,106,74,69,6,70,110,116" hai3="66,61,25,44,76,60,23,117,92,115,81,24,54"/><U40/><E22/><V90/><F74/><W113/><G117/><T79/><D118/><U45/><E87/><V35/><F116/><W128/><G128/><T63/><D32/><U7/><E57/><V125/><F6/><W3/><G3/><T14/><D121/><U31/><E31/><V15/><F15/><W91/><G115/><T131/><D131/><U83/><E83/><V62/><F110/><W88/><G113/><T119/><D119/><U17/><E17/><V109/><F109/><W13/><G24/><T42/><D105/><U55/><REACH who="1" step="1"/><E40/><REACH who="1" ten="245,367,247,131" step="2"/><V30/><F56/><W112/><G23/><T4/><D42/><U50/><E50/><V33/><F49/><W82/><G81/><T101/><D41/><U108/><E108/><V2/><F30/><W123/><G82/><N who="0" m="47327" /><D63/><U134/><E134/><V72/><F62/><W129/><G61/><T89/><D10/><U93/><E93/><V51/><F43/><W132/><G60/><T86/><D19/><U68/><E68/><V36/><F34/><W111/><G132/><T133/><D133/><U95/><E95/><AGARI ba="1,1" hai="4,8,14,16,20,26,86,89,95,100,101" m="47327" machi="95" ten="30,2000,0" yaku="8,1,54,1" doraHai="27" who="0" fromWho="1" sc="245,33,367,-23,247,0,131,0" />
</Scene>
<Scene>
<INIT seed="2,0,0,2,5,84" ten="278,344,247,131" oya="2" hai0="42,113,49,12,52,23,56,108,86,128,130,20,29" hai1="30,39,1,79,120,88,40,38,107,54,122,100,32" hai2="115,132,3,0,96,77,47,9,135,94,93,4,65" hai3="57,15,5,8,19,55,48,69,37,70,109,85,106"/><V58/><F115/><W51/><G109/><T7/><D113/><U112/><E1/><V74/><F3/><W24/><G37/><T53/><D108/><U82/><E112/><V31/><F31/><W91/><G106/><T34/><D42/><U78/><E54/><V75/><F47/><W10/><G24/><N who="0" m="18727" /><D53/><U26/><E100/><N who="2" m="60431" /><F77/><W21/><G51/><T125/><D125/><U103/><E103/><V81/><F81/><W71/><REACH who="3" step="1"/><G5/><REACH who="3" ten="278,344,247,121" step="2"/><T14/><D7/><U134/><E107/><V83/><F4/><W121/><G121/><T92/><D14/><U41/><E39/><V73/><F0/><W35/><G35/><T63/><D49/><U59/><E38/><V13/><F13/><W66/><G66/><T60/><D12/><U80/><E32/><V111/><F111/><W62/><G62/><T22/><D60/><U36/><E36/><V131/><F65/><W67/><G67/><T45/><D45/><U76/><E122/><V133/><F133/><W116/><G116/><T127/><D127/><U43/><E134/><V72/><F132/><W117/><G117/><T68/><D68/><U89/><E120/><V114/><F135/><W25/><G25/><T50/><D63/><U6/><E6/><V28/><F114/><W87/><G87/><T11/><D11/><U64/><E26/><V105/><F9/><W2/><G2/><T97/><D86/><U129/><E64/><V124/><F124/><W33/><G33/><T18/><D18/><U98/><E30/><V99/><F28/><W110/><G110/><T102/><D20/><U119/><E119/><RYUUKYOKU ba="0,1" sc="278,15,344,-15,247,-15,121,15" hai0="22,23,50,52,56,92,97,102,128,130" hai3="8,10,15,19,21,48,55,57,69,70,71,85,91" />
</Scene>
<Scene>
<INIT seed="3,1,1,0,4,3" ten="293,329,232,136" oya="3" hai0="94,30,45,112,29,58,59,105,60,100,2,57,79" hai1="64,73,96,66,111,116,0,1,12,77,123,52,9" hai2="6,27,92,25,120,13,36,20,37,35,82,62,115" hai3="49,26,98,74,88,31,131,56,41,53,128,71,40"/><W33/><G74/><T38/><D105/><U127/><E123/><V32/><F115/><W85/><G98/><T126/><D79/><U102/><E111/><V110/><F110/><W55/><G71/><T8/><D112/><U24/><E24/><V65/><F120/><W39/><G39/><T97/><D126/><U70/><E66/><V95/><F82/><W72/><G72/><T130/><D130/><N who="3" m="49705" /><G53/><T11/><D60/><U117/><E64/><V134/><F134/><W22/><G33/><T103/><D103/><U101/><E101/><V15/><F65/><W46/><G46/><T23/><D38/><U19/><E70/><V78/><F35/><W108/><G108/><T119/><D119/><N who="1" m="45643" /><E52/><V91/><F32/><W107/><G107/><T118/><D118/><U89/><E89/><V76/><F91/><W21/><G22/><T121/><D121/><U114/><E114/><V43/><F20/><W50/><G50/><T87/><D45/><U14/><E127/><V125/><F125/><W44/><G44/><T93/><D23/><N who="1" m="11751" /><E73/><V48/><F62/><W16/><G31/><N who="0" m="11787" /><D2/><U69/><E69/><V129/><F129/><W42/><G42/><T132/><D132/><U68/><E68/><V54/><F43/><W133/><G133/><T99/><D99/><U34/><E34/><V83/><F54/><W28/><G28/><T67/><D67/><U135/><E135/><V124/><F124/><W90/><G90/><AGARI ba="1,1" hai="8,11,57,58,59,87,90,93,94,97,100" m="11787" machi="90" ten="30,1000,0" yaku="8,1" doraHai="3" who="0" fromWho="3" sc="293,23,329,0,232,0,136,-13" />
</Scene>
<Scene>
<INIT seed="4,0,0,0,4,25" ten="316,329,232,123" oya="0" hai0="123,134,108,127,69,4,115,102,58,113,47,114,61" hai1="87,95,1,67,62,91,126,55,29,75,73,106,48" hai2="116,24,53,119,37,39,130,10,72,93,85,11,59" hai3="16,27,112,96,8,2,5,22,84,122,66,46,100"/><T30/><D123/><U50/><E106/><V63/><F72/><W110/><G112/><T33/><D69/><U98/><E1/><V125/><F125/><W41/><G122/><T26/><D127/><U88/><E126/><V17/><F130/><W79/><G110/><T94/><D134/><U117/><E117/><N who="2" m="45131" /><F24/><W132/><G132/><T99/><D47/><U36/><E36/><N who="2" m="13899" /><F17/><W121/><G121/><T80/><D80/><U7/><E7/><V70/><F70/><W76/><G66/><N who="0" m="39223" /><D4/><U120/><E120/><V90/><AGARI ba="0,0" hai="10,11,53,59,63,85,90,93" m="13899,45131" machi="90" ten="40,1500,0" yaku="12,1" doraHai="25" who="2" fromWho="2" sc="316,-7,329,-4,232,15,123,-4" />
</Scene>
<Scene>
<INIT seed="5,0,0,0,3,101" ten="309,325,247,119" oya="1" hai0="9,57,120,53,92,74,26,129,21,118,130,43,35" hai1="20,84,82,105,37,67,48,62,22,134,16,38,55" hai2="85,47,107,88,123,40,100,0,41,65,80,44,109" hai3="86,89,98,106,14,45,58,24,132,110,116,128,12"/><U1/><E1/><V69/><F109/><W11/><G110/><T121/><D118/><U78/><E22/><V113/><F123/><N who="0" m="47178" /><D74/><U4/><E4/><V131/><F0/><W3/><G116/><T126/><D43/><U50/><E105/><V42/><F131/><N who="0" m="50186" /><D92/><U94/><E134/><V87/><F113/><W64/><G128/><T83/><D83/><U13/><E94/><V79/><F69/><W93/><G132/><T127/><D35/><U59/><REACH who="1" step="1"/><E50/><REACH who="1" ten="309,315,247,119" step="2"/><V103/><F107/><W52/><G3/><T32/><D32/><U8/><E8/><V75/><F80/><W115/><G11/><T81/><D81/><U27/><E27/><V19/><F75/><W54/><G115/><T28/><D9/><U30/><E30/><V91/><F19/><W60/><G24/><T108/><D108/><U56/><AGARI ba="0,1" hai="13,16,20,37,38,48,55,56,59,62,67,78,82,84" machi="56" ten="20,12000,1" yaku="1,1,0,1,7,1,54,1,53,1" doraHai="101" doraHaiUra="77" who="1" fromWho="1" sc="309,-40,315,130,247,-40,119,-40" />
</Scene>
<Scene>
<INIT seed="5,1,0,5,4,135" ten="269,445,207,79" oya="1" hai0="42,84,88,69,40,101,124,17,67,85,80,34,73" hai1="20,106,32,16,6,119,109,53,68,117,43,120,59" hai2="7,24,48,116,1,29,26,111,72,39,98,18,21" hai3="128,10,3,46,57,12,60,35,112,28,94,49,126"/><U22/><E120/><V93/><F111/><W82/><G112/><T33/><D73/><U96/><E32/><V30/><F39/><W110/><G128/><T27/><D101/><U45/><E68/><V125/><F116/><W52/><G110/><T91/><D69/><U95/><E6/><V105/><F72/><W89/><G3/><T102/><D102/><U37/><E20/><V87/><F105/><W66/><G35/><T11/><D67/><U83/><E83/><V118/><F118/><W63/><G63/><T41/><D124/><U47/><E47/><V55/><F87/><W56/><G28/><T70/><D70/><U75/><E106/><V123/><F123/><W4/><G126/><T61/><D61/><U86/><E86/><V132/><F132/><W62/><G82/><T107/><D107/><U97/><E75/><V38/><F38/><W127/><G127/><T114/><D114/><U23/><E23/><V50/><F125/><W76/><G76/><T134/><D134/><U129/><E129/><V9/><F26/><W13/><G13/><T19/><D11/><U92/><E96/><V77/><F77/><W108/><G108/><T115/><D115/><U64/><E64/><V0/><F0/><W5/><G5/><T25/><D41/><U79/><E79/><V54/><F54/><W103/><G103/><T31/><D80/><U8/><E109/><V36/><F36/><W44/><REACH who="3" step="1"/><G62/><REACH who="3" ten="269,445,207,69" step="2"/><T121/><D121/><U104/><E119/><V133/><F133/><W113/><G113/><T99/><D31/><U131/><E117/><V78/><F30/><RYUUKYOKU ba="1,1" sc="269,15,445,-15,207,-15,69,15" hai0="17,19,25,27,33,34,40,42,84,85,88,91,99" hai3="4,10,12,44,46,49,52,56,57,60,66,89,94" />
</Scene>
<Scene>
<INIT seed="6,2,1,0,0,32" ten="284,430,192,84" oya="2" hai0="102,37,17,14,86,125,50,7,84,22,1,26,35" hai1="76,30,59,56,98,97,124,42,111,85,91,39,4" hai2="112,29,71,16,82,126,6,10,120,8,133,116,68" hai3="100,64,66,48,128,47,99,81,13,108,40,103,135"/><V114/><F116/><W107/><G128/><T129/><D37/><U92/><E111/><V28/><F120/><W93/><G135/><T54/><D129/><U20/><E124/><V132/><F82/><W83/><G108/><T119/><D125/><U90/><E4/><V88/><F126/><W134/><G134/><N who="2" m="51817" /><F88/><W38/><G107/><T61/><D61/><U53/><E76/><V52/><F52/><W15/><G38/><T46/><D102/><U69/><E69/><N who="2" m="26699" /><F16/><W44/><G103/><T18/><D119/><U115/><E42/><V110/><F110/><W21/><G47/><T5/><D18/><U75/><E39/><V36/><F36/><W101/><G101/><T87/><D87/><N who="1" m="52319" /><E75/><V78/><F78/><W0/><G0/><T55/><D55/><U73/><E73/><V106/><F106/><W96/><G96/><N who="1" m="36970" /><E115/><N who="2" m="44075" /><F6/><W49/><G49/><T95/><D7/><U60/><E53/><V43/><F43/><W27/><G83/><T131/><D131/><U122/><E122/><V23/><F23/><W79/><G81/><T121/><D121/><U25/><E60/><V105/><F105/><W74/><G74/><T113/><D113/><U3/><E3/><V62/><F62/><W70/><G79/><T33/><D95/><AGARI ba="2,1" hai="20,25,30,56,59,85,91,95" m="36970,52319" machi="95" ten="30,1000,0" yaku="8,1" doraHai="32" who="1" fromWho="0" sc="284,-16,430,26,192,0,84,0" />
</Scene>
<Scene>
<INIT seed="7,0,0,3,5,60" ten="268,456,192,84" oya="3" hai0="73,19,88,110,72,32,71,24,66,111,103,7,40" hai1="113,49,3,80,132,50,78,114,97,83,8,16,96" hai2="94,109,63,118,41,62,36,55,102,82,98,69,61" hai3="21,39,128,104,56,10,100,57,105,42,47,131,79"/><W52/><G79/><T90/><D7/><N who="1" m="1151" /><E16/><V129/><F118/><W53/><G10/><T70/><D40/><U4/><E4/><V107/><F129/><N who="3" m="49739" /><G21/><T45/><D103/><U31/><E31/><V119/><F119/><W75/><G75/><T37/><D45/><U11/><E11/><V0/><F0/><W92/><G92/><T65/><D37/><U123/><E83/><V43/><F82/><W115/><G115/><N who="1" m="44042" /><E132/><V130/><F94/><W14/><G14/><T15/><D15/><U23/><E23/><V29/><F130/><W28/><G28/><T1/><D19/><U30/><E30/><V51/><F29/><W58/><G100/><T101/><D101/><U48/><E123/><V112/><F112/><W117/><G117/><T74/><D1/><U76/><E76/><V93/><F93/><W126/><G126/><T99/><D99/><U59/><E59/><N who="3" m="15106" /><W77/><DORA hai="81" /><G77/><T91/><D24/><U38/><E78/><V135/><F102/><W84/><G84/><T26/><D26/><U33/><E80/><V27/><F27/><W17/><G17/><T68/><D32/><U122/><E33/><V20/><F20/><W6/><G6/><T12/><D12/><U89/><E122/><V86/><F86/><W35/><G35/><T22/><D22/><U44/><E89/><V25/><F25/><W133/><G133/><T116/><D116/><U125/><E125/><V54/><F135/><W124/><G124/><T64/><AGARI ba="0,0" hai="64,65,66,68,70,71,72,73,74,88,90,91,110,111" machi="64" ten="50,32000,5" yakuman="40" doraHai="60,81" who="0" fromWho="0" sc="268,320,456,-80,192,-80,84,-160" owari="588,69.0,376,18.0,112,-29.0,-76,-58.0" />
</Scene>
</mjloggm>