<mjloggm ver="2.3"><GO type="169" lobby="0"/><UN n0="%E5%A4%AA%E3%81%8F%E3%81%AA%E3%81%84%E3%81%8A" n1="%6B%6F%67%65%70%61%6E" n2="%E8%B6%8A%E6%99%BA%E3%81%AB%E3%82%83%E3%82%93" n3="%E3%83%96%E3%83%83%E3%83%91%E7%A5%9E" dan="18,18,16,16" rate="2203.66,2236.05,2059.14,2059.47" sx="F,M,M,M"/><TAIKYOKU oya="0"/>

<Scene>
<INIT seed="0,0,0,5,3,30" ten="250,250,250,250" oya="0" hai0="122,59,107,103,1,129,54,29,66,73,43,10,120" hai1="76,84,123,55,86,49,110,46,14,24,51,20,126" hai2="90,108,79,111,50,134,35,18,53,121,72,115,106" hai3="52,13,25,119,105,109,132,22,117,128,78,0,41"/><T36/><D73/><U45/><E123/><V3/><F106/><W125/><G105/><T19/><D66/><U67/><E110/><V114/><F3/><W69/><G69/><T5/><D29/><U101/><E126/><V21/><F121/><W83/><G0/><T133/><D133/><U89/><E101/><V16/><F79/><W8/><G41/><T33/><D129/><U11/><E76/><V88/><F72/><W40/><G40/><T71/><D71/><U17/><E67/><V135/><F53/><W99/><G99/><T116/><D116/><U23/><E86/><V61/><F50/><W102/><G102/><T2/><D2/><U57/><E51/><V39/><F61/><W31/><G109/><T58/><D58/><U44/><REACH who="1" step="1"/><E24/><REACH who="1" ten="250,240,250,250" step="2"/><V6/><F111/><W47/><G125/><T74/><D103/><U4/><E4/><V62/><F108/><W112/><G25/><T26/><D120/><U93/><AGARI ba="0,1" hai="11,14,17,20,23,44,45,46,49,55,57,84,89,93" machi="93" ten="30,4000,0" yaku="1,1,0,1,8,1,53,0" doraHai="30" doraHaiUra="68" who="1" fromWho="1" sc="250,-20,240,50,250,-10,250,-10" />
</Scene>
<Scene>
<INIT seed="1,0,0,2,2,54" ten="230,290,240,240" oya="1" hai0="82,127,38,17,65,34,98,13,3,46,109,10,104" hai1="43,80,27,133,18,101,23,6,74,88,111,135,92" hai2="117,130,85,53,67,113,97,31,24,123,114,8,64" hai3="69,73,118,89,95,128,12,2,68,81,78,63,16"/><U35/><E111/><V7/><F117/><W132/><G2/><T9/><D34/><U115/><E115/><V86/><F123/><W21/><G118/><T42/><D109/><U134/><E6/><V52/><F130/><W51/><G128/><T84/><D127/><U36/><E101/><V49/><F97/><W107/><G107/><T57/><D65/><U28/><E43/><V39/><F39/><W66/><G132/><T124/><D124/><U62/><E36/><V45/><F53/><W1/><G51/><T91/><D3/><U22/><E62/><V56/><F67/><W30/><G1/><T70/><D70/><U131/><E131/><V108/><F108/><W37/><G37/><T105/><D10/><U102/><E102/><V116/><F116/><W11/><G30/><T93/><REACH who="0" step="1"/><D57/><REACH who="0" ten="220,290,240,240" step="2"/><U47/><E35/><V94/><F64/><W83/><G11/><T71/><D71/><U25/><E134/><V33/><F45/><W77/><G69/><T72/><D72/><U126/><E47/><V61/><F114/><W129/><G129/><T14/><D14/><U121/><E126/><V110/><F113/><W120/><G73/><T15/><D15/><U79/><REACH who="1" step="1"/><E121/><REACH who="1" ten="220,280,240,240" step="2"/><V58/><F110/><W59/><G120/><T4/><D4/><U40/><E40/><V55/><F7/><W75/><G68/><T103/><AGARI ba="0,2" hai="9,13,17,38,42,46,82,84,91,93,98,103,104,105" machi="103" ten="20,2700,0" yaku="1,1,0,1,7,1,53,0" doraHai="54" doraHaiUra="26" who="0" fromWho="0" sc="220,47,280,-13,240,-7,240,-7" />
</Scene>
<Scene>
<INIT seed="2,0,0,5,0,118" ten="267,267,233,233" oya="2" hai0="33,125,70,67,59,28,9,91,48,94,121,40,127" hai1="54,43,57,82,14,31,36,30,76,134,108,79,97" hai2="24,69,2,13,5,75,29,119,17,35,4,32,101" hai3="64,27,7,102,23,58,114,72,120,1,77,22,116"/><V133/><F69/><W19/><G116/><T41/><D70/><U130/><E108/><V8/><F75/><W6/><G114/><T135/><D135/><U98/><E130/><V80/><F119/><W88/><G102/><T20/><D33/><U74/><E134/><V81/><F101/><W131/><G131/><T71/><D71/><U11/><E79/><V52/><F133/><W129/><G129/><T90/><D9/><U87/><E74/><V10/><F52/><W39/><G39/><T117/><D117/><U60/><E43/><V112/><F112/><W95/><G1/><T46/><D40/><U55/><E36/><V47/><F47/><W42/><G42/><T3/><D3/><U12/><E12/><N who="2" m="5135" /><F80/><W89/><G72/><T21/><D59/><U96/><REACH who="1" step="1"/><E55/><REACH who="1" ten="267,257,233,233" step="2"/><V78/><F78/><W92/><G77/><T37/><D37/><U38/><E38/><V56/><F81/><W111/><G111/><T26/><D41/><U100/><E100/><V99/><F56/><W86/><G58/><T34/><D46/><U104/><E104/><V85/><F85/><W113/><G86/><T84/><D84/><U50/><E50/><V51/><F51/><W115/><G113/><T44/><D48/><U45/><E45/><V106/><F106/><W128/><G115/><T49/><D49/><U107/><E107/><V105/><F105/><W124/><G128/><T66/><D44/><U123/><E123/><V53/><F53/><W93/><G120/><T65/><D121/><U110/><E110/><V73/><F73/><W83/><G83/><T25/><D90/><RYUUKYOKU ba="0,1" sc="267,-10,257,30,233,-10,233,-10" hai1="11,14,30,31,54,57,60,76,82,87,96,97,98" />
</Scene>
<Scene>
<INIT seed="3,1,1,0,2,107" ten="257,287,223,223" oya="3" hai0="109,19,52,81,103,95,34,66,15,33,114,132,18" hai1="41,119,70,14,57,21,120,44,73,116,46,59,88" hai2="90,93,92,36,84,101,76,111,74,67,3,123,128" hai3="4,29,11,98,69,106,31,115,110,9,40,53,50"/><W133/><G69/><T68/><D68/><U82/><E120/><V112/><F36/><W75/><G115/><T32/><D66/><U26/><E70/><V13/><F3/><W0/><G133/><T113/><D132/><U22/><E14/><V27/><F112/><N who="0" m="43114" /><D109/><U55/><E21/><V28/><F111/><W97/><G110/><T64/><D64/><U47/><E41/><V23/><F123/><W1/><G40/><T12/><D81/><U126/><E126/><V6/><F67/><W38/><G38/><T129/><D52/><U17/><E59/><V94/><F128/><W58/><G75/><T37/><D37/><U125/><E125/><V25/><F101/><W60/><G60/><T122/><D122/><U45/><E45/><V71/><F71/><W86/><G86/><T39/><D39/><U96/><E73/><V78/><F76/><W80/><G80/><T49/><D49/><U85/><REACH who="1" step="1"/><E96/><REACH who="1" ten="257,277,223,223" step="2"/><V117/><F74/><W121/><G121/><T91/><D33/><U5/><E5/><V30/><F6/><W35/><G35/><T42/><D42/><U127/><E127/><V118/><F13/><W24/><G4/><T83/><D34/><U43/><E43/><V131/><F23/><W56/><G58/><T8/><D32/><U62/><AGARI ba="1,2" hai="17,22,26,44,46,47,55,57,62,82,85,88,116,119" machi="62" ten="30,7900,0" yaku="1,1,0,1,54,1,53,1" doraHai="107" doraHaiUra="87" who="1" fromWho="1" sc="257,-21,277,102,223,-21,223,-40" />
</Scene>
<Scene>
<INIT seed="4,0,0,5,3,4" ten="236,379,202,183" oya="0" hai0="107,117,112,93,69,97,38,7,0,35,105,74,118" hai1="125,92,23,39,15,80,63,18,21,95,36,127,70" hai2="29,26,133,20,50,2,82,5,17,59,6,40,51" hai3="108,56,55,131,32,44,60,34,115,96,134,87,64"/><T132/><RYUUKYOKU type="yao9" ba="0,0" sc="236,0,379,0,202,0,183,0" hai0="0,7,35,38,69,74,93,97,105,107,112,117,118,132" />
</Scene>
<Scene>
<INIT seed="4,1,0,4,2,89" ten="236,379,202,183" oya="0" hai0="120,112,122,52,6,102,81,94,90,67,64,30,62" hai1="37,19,132,97,129,65,121,27,87,3,96,55,92" hai2="119,115,11,4,17,114,33,127,32,10,58,101,59" hai3="14,79,71,70,24,95,76,133,131,107,42,13,5"/><T60/><D112/><U15/><E3/><V40/><F40/><W91/><G107/><T72/><D6/><U49/><E37/><V69/><F69/><W105/><G105/><T86/><D30/><U57/><E121/><V103/><F17/><W88/><G133/><T80/><D72/><U12/><E129/><V118/><REACH who="2" step="1"/><F4/><REACH who="2" ten="236,379,192,183" step="2"/><W34/><G42/><T68/><D122/><U75/><E19/><V25/><F25/><W28/><G71/><T54/><D120/><U50/><E27/><V78/><F78/><W116/><G70/><T117/><D117/><U45/><E132/><V26/><F26/><W99/><G116/><T38/><D38/><U128/><E128/><V83/><F83/><W66/><G131/><T36/><D36/><U20/><E12/><V100/><F100/><W110/><G14/><T130/><D130/><U16/><E75/><V113/><F113/><W18/><G13/><T8/><D8/><U0/><E0/><V48/><F48/><W126/><G18/><T109/><D102/><U7/><E7/><V29/><F29/><W9/><G5/><T98/><D81/><U31/><E31/><V135/><F135/><W124/><G9/><T23/><D80/><U35/><E35/><V111/><F111/><W46/><G110/><T63/><D109/><U51/><E51/><V73/><F73/><W43/><G34/><T108/><D108/><U104/><E50/><V1/><F1/><W84/><G28/><T44/><D68/><U47/><E49/><V56/><F56/><W74/><G74/><T21/><D44/><U2/><E47/><RYUUKYOKU ba="1,1" sc="236,-10,379,-10,192,30,183,-10" hai2="10,11,32,33,58,59,101,103,114,115,118,119,127" />
</Scene>
<Scene>
<INIT seed="5,2,1,5,1,62" ten="226,369,222,173" oya="1" hai0="91,124,8,59,38,95,113,14,80,9,127,126,15" hai1="24,5,132,101,82,69,120,73,61,84,81,43,133" hai2="56,105,44,94,78,123,106,34,49,39,92,12,99" hai3="79,112,97,93,109,111,19,20,17,10,46,42,7"/><U108/><BYE who="0" /><E120/><V27/><F123/><W114/><G79/><UN n0="%E5%A4%AA%E3%81%8F%E3%81%AA%E3%81%84%E3%81%8A" /><T48/><D38/><U36/><E101/><V47/><F78/><W37/><G112/><T71/><D71/><U29/><E5/><V65/><F92/><W125/><G125/><T89/><D113/><U75/><E43/><V30/><F44/><W86/><G86/><N who="0" m="50375" /><D48/><U1/><E1/><V58/><F39/><W35/><G35/><T129/><D59/><U51/><E51/><V66/><F12/><N who="0" m="4650" /><D129/><U67/><E36/><V28/><F49/><W63/><G114/><T98/><AGARI ba="2,1" hai="8,9,91,95,98,124,126,127" m="4650,50375" machi="98" ten="40,1500,0" yaku="18,1" doraHai="62" who="0" fromWho="0" sc="226,31,369,-9,222,-6,173,-6" />
</Scene>
<Scene>
<INIT seed="6,0,0,4,0,75" ten="257,360,216,167" oya="2" hai0="107,116,132,47,124,42,59,8,105,115,111,131,3" hai1="43,104,90,70,84,78,64,10,85,88,117,54,122" hai2="4,24,93,69,123,125,51,38,66,22,71,12,82" hai3="37,96,53,31,19,26,77,80,34,46,7,16,23"/><V5/><F123/><W32/><G7/><T112/><D111/><U113/><E104/><V100/><F38/><W91/><G34/><T73/><D73/><U60/><E117/><V95/><F125/><W45/><G37/><N who="0" m="21967" /><D124/><U127/><E43/><V108/><F108/><W44/><G53/><T0/><D116/><U86/><E78/><V21/><F66/><W30/><G30/><T14/><D59/><U13/><E113/><N who="0" m="43593" /><D132/><U62/><E127/><V61/><F71/><W135/><G135/><T41/><D41/><U102/><E102/><V25/><F69/><W27/><G96/><T39/><D39/><U121/><E60/><V110/><F61/><W68/><G68/><T87/><D87/><U114/><E54/><V119/><F110/><W97/><G97/><T48/><D48/><U106/><E114/><V35/><F119/><W98/><G98/><T81/><D81/><U89/><REACH who="1" step="1"/><E106/><REACH who="1" ten="257,350,216,167" step="2"/><V129/><F100/><W92/><G77/><T118/><D105/><U72/><E72/><V76/><F76/><W57/><G91/><T20/><D107/><U94/><E94/><V65/><F93/><W79/><G92/><T99/><D118/><U40/><E40/><V1/><F95/><W128/><G79/><T67/><D99/><U130/><E130/><V36/><F82/><W74/><G80/><T17/><D131/><U101/><E101/><V11/><F129/><W109/><G128/><T103/><D103/><U2/><E2/><V29/><F1/><W83/><G74/><T63/><D0/><U55/><E55/><V33/><F65/><W15/><G109/><RYUUKYOKU ba="0,1" sc="257,-10,350,30,216,-10,167,-10" hai1="10,13,62,64,70,84,85,86,88,89,90,121,122" />
</Scene>
<Scene>
<INIT seed="7,1,1,1,4,85" ten="247,380,206,157" oya="3" hai0="112,115,86,118,84,5,130,72,61,134,126,74,66" hai1="77,83,11,73,43,64,76,117,103,23,42,92,131" hai2="132,129,95,25,62,125,26,116,82,133,17,48,53" hai3="128,71,7,108,97,120,81,12,60,96,100,38,29"/><W89/><G120/><T40/><D118/><U3/><E64/><V44/><F116/><W98/><G38/><T101/><D126/><U70/><E70/><V31/><F125/><W41/><G41/><T55/><D40/><U2/><E23/><V15/><F129/><W30/><G128/><T16/><D5/><U20/><E20/><V57/><F132/><W13/><G100/><T36/><D36/><U8/><E92/><V0/><F0/><W91/><G108/><T52/><D101/><U27/><E27/><V65/><F133/><W109/><G109/><T4/><D4/><U122/><E122/><V90/><F31/><W54/><G71/><T35/><D35/><U51/><E103/><V124/><F124/><W59/><G81/><T114/><D134/><U14/><E83/><V21/><F82/><W10/><G13/><T104/><D104/><U69/><E14/><V121/><F121/><W9/><G9/><T18/><D130/><U110/><E110/><V1/><F1/><W50/><G60/><T37/><D37/><U56/><E131/><V107/><F107/><W46/><G46/><T24/><D24/><U79/><E117/><V58/><F44/><W19/><G7/><T32/><D114/><U22/><E3/><V80/><F80/><W34/><G34/><T6/><D6/><U123/><E123/><V113/><F113/><W67/><G67/><T45/><D66/><U119/><E2/><V49/><F48/><W127/><G127/><T33/><D45/><U47/><E47/><V28/><F28/><AGARI ba="1,1" hai="10,12,19,28,29,30,50,54,59,89,91,96,97,98" machi="28" ten="40,7700,0" yaku="8,1,52,2" doraHai="85" who="3" fromWho="2" sc="247,0,380,0,206,-80,157,90" />
</Scene>
<Scene>
<INIT seed="7,2,0,1,5,47" ten="247,380,126,247" oya="3" hai0="126,110,5,44,84,52,68,27,17,129,7,130,115" hai1="51,75,21,124,32,23,43,78,85,63,81,103,11" hai2="89,45,107,60,4,70,123,53,38,99,55,133,8" hai3="1,83,31,26,34,61,74,114,37,135,15,100,101"/><W106/><G1/><T128/><D110/><U0/><E32/><V132/><F107/><W95/><G37/><T30/><D126/><U90/><E124/><V113/><F99/><W91/><G114/><T64/><D115/><U24/><E103/><V108/><F89/><W72/><G135/><T121/><D121/><U16/><E63/><V29/><F29/><W118/><G118/><T36/><D17/><U42/><E51/><V14/><F113/><W28/><G28/><T62/><D84/><U111/><E111/><V6/><F108/><W92/><G92/><T13/><D13/><U71/><E71/><V131/><F123/><W65/><G15/><T58/><D44/><U117/><E117/><V66/><F4/><W86/><G83/><T39/><D5/><U96/><E11/><V93/><F93/><W127/><G100/><T9/><D9/><U82/><E0/><V98/><F98/><W49/><G49/><N who="0" m="30991" /><D7/><U56/><E96/><V35/><F35/><AGARI ba="2,0" hai="27,30,35,36,39,62,64,68,128,129,130" m="30991" machi="35" ten="30,3900,0" yaku="19,1,52,1,54,1" doraHai="47" who="0" fromWho="2" sc="247,45,380,0,126,-45,247,0" owari="292,9.0,380,48.0,81,-42.0,247,-15.0" />
</Scene>
</mjloggm>