<mjloggm ver="2.3"><GO type="169" lobby="0"/><UN n0="%E5%A4%AA%E3%81%8F%E3%81%AA%E3%81%84%E3%81%8A" n1="%E3%83%AC%E3%83%87%E3%82%B9%E3%83%9E" n2="%E9%8A%80%E3%81%B0%E3%81%95%E3%81%BF" n3="%E2%98%86%E3%82%BF%E3%82%AA%E3%83%91%E3%82%A4%E3%83%91%E3%82%A4%E2%98%86" dan="18,16,17,16" rate="2162.69,2030.17,2209.05,2059.83" sx="F,M,M,M"/><TAIKYOKU oya="0"/>

<Scene>
<INIT seed="0,0,0,1,4,57" ten="250,250,250,250" oya="0" hai0="10,47,128,81,68,12,89,134,130,104,42,135,111" hai1="69,13,24,26,75,64,109,52,132,70,76,119,74" hai2="31,92,38,21,71,125,73,33,20,112,117,55,94" hai3="100,2,91,30,83,39,61,23,15,63,22,51,78"/><T85/><D104/><U131/><E119/><V6/><F112/><W17/><G39/><N who="0" m="21983" /><D68/><U56/><E64/><V90/><F38/><W98/><G2/><T49/><D49/><U48/><E76/><V27/><F73/><W80/><G91/><T28/><D28/><U35/><E35/><V37/><F37/><W93/><G51/><T96/><D96/><U32/><E32/><V97/><F117/><W95/><G95/><T41/><D41/><U103/><E103/><V18/><F125/><W122/><G122/><T126/><D126/><U7/><E75/><V4/><F33/><W58/><G58/><T106/><D106/><U88/><E74/><V3/><F3/><W14/><G30/><T1/><D1/><U8/><E70/><V11/><F11/><W0/><G0/><T45/><D45/><U82/><E69/><V107/><F107/><W50/><G50/><T25/><D25/><U84/><E132/><N who="0" m="50729" /><D111/><U9/><E109/><V44/><F71/><W86/><G80/><T40/><D40/><U127/><E127/><V29/><F29/><W116/><G116/><T77/><D89/><U34/><E34/><V101/><F44/><W120/><G120/><T62/><D62/><U72/><E72/><V67/><F90/><W43/><G43/><T115/><D115/><U110/><E110/><V123/><F123/><W99/><G99/><T16/><AGARI ba="0,0" hai="10,12,16,77,81,85,128,130" m="50729,21983" machi="16" ten="30,3000,0" yaku="20,1,54,1" doraHai="57" who="0" fromWho="0" sc="250,30,250,-10,250,-10,250,-10" />
</Scene>
<Scene>
<INIT seed="0,1,0,2,3,12" ten="280,240,240,240" oya="0" hai0="119,2,55,83,42,40,70,23,124,101,94,97,18" hai1="32,78,110,73,49,21,121,52,129,54,112,135,47" hai2="53,133,113,116,96,127,91,5,60,130,10,75,86" hai3="115,6,105,46,35,24,31,117,3,102,56,77,4"/><T81/><D119/><U58/><E32/><V76/><F113/><W13/><G115/><T114/><D114/><U107/><E121/><V34/><F34/><W22/><G117/><T103/><D2/><U57/><E110/><V122/><F116/><W93/><G105/><T27/><D70/><U92/><E107/><V16/><F122/><W88/><G102/><N who="0" m="38923" /><D124/><U38/><E38/><V95/><F127/><W80/><G46/><T64/><D64/><U99/><E78/><V84/><F133/><W65/><G3/><T109/><D55/><U7/><E73/><V126/><F126/><W104/><G104/><T0/><D0/><U37/><E135/><V98/><F130/><W17/><G65/><T19/><D109/><U30/><E37/><V20/><F75/><W62/><G62/><T51/><D19/><U45/><E7/><V123/><F123/><W132/><G56/><T134/><D134/><U68/><E68/><V11/><F53/><W71/><G71/><T59/><D59/><U87/><E129/><V14/><F60/><W118/><G118/><T74/><D74/><U90/><E112/><V15/><F10/><W44/><G44/><N who="0" m="25991" /><D42/><U63/><E99/><V67/><F67/><W41/><G41/><T29/><D29/><U72/><E72/><V120/><F120/><W125/><G125/><T28/><D28/><U66/><E66/><V128/><F128/><W26/><G132/><T89/><AGARI ba="1,0" hai="18,23,27,81,83,89,94,97" m="25991,38923" machi="89" ten="30,3000,0" yaku="8,1,52,1" doraHai="12" who="0" fromWho="0" sc="280,33,240,-11,240,-11,240,-11" />
</Scene>
<Scene>
<INIT seed="0,2,0,5,1,11" ten="313,229,229,229" oya="0" hai0="65,57,50,28,98,40,10,117,119,29,41,5,13" hai1="24,116,124,43,37,72,58,126,109,84,66,32,96" hai2="76,70,15,22,54,44,59,45,103,52,31,8,131" hai3="36,74,16,91,94,93,87,99,78,113,106,3,73"/><T135/><D135/><U97/><E72/><V38/><F70/><W110/><G113/><T85/><D98/><U71/><E71/><V12/><F131/><W64/><G36/><T79/><D117/><U95/><E116/><V30/><F38/><W88/><G110/><T114/><D114/><U115/><E109/><V112/><F112/><W75/><G3/><T120/><D120/><U83/><E115/><V69/><F69/><W46/><G64/><T80/><D119/><U55/><E66/><V63/><F103/><N who="3" m="62847" /><G16/><T121/><D121/><U132/><E43/><N who="0" m="16457" /><D50/><U1/><E37/><V25/><F76/><W17/><G46/><N who="2" m="18025" /><F8/><W6/><G6/><T133/><D133/><U134/><E1/><V56/><F31/><W48/><G48/><AGARI ba="2,0" hai="12,15,22,25,30,48,52,54,56,59,63" m="18025" machi="48" ten="30,7700,0" yaku="8,1,52,2,54,1" doraHai="11" who="2" fromWho="3" sc="313,0,229,0,229,83,229,-83" />
</Scene>
<Scene>
<INIT seed="1,0,0,1,1,113" ten="313,229,312,146" oya="1" hai0="107,25,88,106,6,123,94,11,116,96,26,58,112" hai1="20,93,27,43,14,130,101,76,3,87,109,98,13" hai2="55,100,19,41,62,39,36,12,84,86,110,92,69" hai3="54,122,97,89,129,22,82,68,1,57,131,7,117"/><U81/><E3/><V37/><F110/><W80/><G68/><T90/><D112/><U91/><E109/><V48/><F41/><W78/><G122/><T44/><D123/><U59/><E130/><N who="3" m="49674" /><G117/><T31/><D116/><U52/><E43/><V128/><F128/><W61/><G22/><T79/><D79/><U119/><E119/><V18/><F18/><W21/><G21/><T64/><D44/><U5/><E5/><V73/><F73/><W46/><G46/><T32/><D26/><U126/><E126/><V40/><F40/><W67/><G67/><T132/><D132/><U9/><E9/><V42/><F42/><W49/><G61/><T28/><D28/><N who="1" m="17511" /><E76/><V102/><F62/><AGARI ba="0,0" hai="13,14,52,59,62,81,87,91,93,98,101" m="17511" machi="62" ten="30,2900,0" yaku="8,1,54,1" doraHai="113" who="1" fromWho="2" sc="313,0,229,29,312,-29,146,0" />
</Scene>
<Scene>
<INIT seed="1,1,0,1,4,113" ten="313,258,283,146" oya="1" hai0="68,17,12,39,135,120,64,83,30,26,25,97,72" hai1="58,84,51,104,99,65,8,16,112,18,6,38,59" hai2="73,110,41,108,132,100,62,31,3,70,121,49,126" hai3="109,45,91,29,131,124,76,33,75,125,123,46,57"/><U103/><E112/><V55/><F73/><W52/><G123/><T28/><D39/><U79/><E38/><V48/><F3/><W85/><G109/><N who="2" m="42089" /><F100/><W74/><G131/><T128/><D68/><U116/><E59/><N who="2" m="33255" /><F31/><W50/><G76/><T34/><D64/><U67/><E67/><N who="2" m="41335" /><F121/><W24/><G75/><T133/><D120/><U19/><E84/><V105/><F105/><W92/><REACH who="3" step="1"/><G74/><REACH who="3" ten="313,258,283,136" step="2"/><T35/><D128/><U9/><E79/><V130/><F130/><W61/><G61/><T115/><D115/><U114/><E114/><V60/><F60/><W56/><G56/><T101/><D72/><U13/><E58/><V66/><F66/><W129/><G129/><T96/><D135/><U43/><E65/><V98/><F132/><W69/><G69/><T7/><D133/><U81/><E8/><V87/><F87/><W102/><G102/><T22/><D101/><U71/><E71/><V10/><F98/><W32/><G32/><T20/><D35/><U77/><E77/><V27/><F10/><W1/><G1/><T82/><D97/><U37/><E99/><V54/><F27/><W15/><G15/><T53/><D96/><U94/><E13/><V42/><F126/><AGARI ba="1,1" hai="24,29,33,45,46,50,52,57,85,91,92,124,125,126" machi="126" ten="40,5200,0" yaku="1,1,18,1,54,1,53,0" doraHai="113" doraHaiUra="127" who="3" fromWho="2" sc="313,0,258,0,283,-55,136,65" />
</Scene>
<Scene>
<INIT seed="2,0,0,4,0,46" ten="313,258,228,201" oya="2" hai0="25,30,80,35,51,43,11,9,69,84,81,74,26" hai1="66,76,7,95,53,4,65,29,21,28,87,83,62" hai2="107,93,98,1,15,60,45,10,8,24,55,96,101" hai3="44,130,38,111,47,14,133,128,79,19,100,2,94"/><V105/><F24/><W91/><G2/><T23/><D69/><U97/><E53/><V132/><F132/><W135/><G100/><T41/><D74/><U129/><E129/><N who="3" m="49770" /><G79/><T32/><D84/><U70/><E65/><V71/><F1/><W22/><G111/><T125/><D23/><U116/><E116/><V61/><F71/><W75/><G75/><T49/><D30/><U33/><E33/><V77/><F77/><W115/><G115/><T82/><D82/><U85/><E85/><V0/><F0/><W68/><G68/><T108/><REACH who="0" step="1"/><D125/><REACH who="0" ten="303,258,228,201" step="2"/><U57/><E70/><V56/><F98/><W37/><G135/><T52/><D52/><U42/><E29/><V88/><F55/><W92/><G133/><T102/><D102/><N who="1" m="60735" /><E42/><V64/><F101/><W109/><G109/><AGARI ba="0,1" hai="9,11,25,26,32,35,41,43,49,51,80,81,108,109" machi="109" ten="25,8000,1" yaku="1,1,22,2,52,2,53,0" doraHai="46" doraHaiUra="119" who="0" fromWho="3" sc="303,90,258,0,228,0,201,-80" />
</Scene>
<Scene>
<INIT seed="3,0,0,2,0,86" ten="393,258,228,121" oya="3" hai0="106,68,105,7,73,103,45,124,14,87,125,77,13" hai1="59,113,133,33,71,5,19,79,76,26,63,101,64" hai2="60,0,65,39,18,28,62,53,23,9,98,116,84" hai3="54,34,3,99,91,74,118,52,70,44,97,31,128"/><W92/><G118/><T27/><D73/><U12/><E113/><V115/><F116/><W132/><G3/><T24/><D68/><U126/><E5/><V90/><F39/><W94/><G70/><T93/><D45/><U25/><E126/><N who="0" m="48745" /><D77/><U48/><E101/><V112/><F98/><W83/><G128/><T127/><D127/><U121/><E121/><V80/><F28/><W50/><G132/><T55/><D55/><U81/><E33/><V10/><F53/><W30/><G54/><T56/><D56/><U104/><E79/><V72/><F72/><W37/><G37/><T47/><D47/><U69/><E69/><V40/><F40/><W135/><G135/><T20/><D27/><U131/><E59/><N who="2" m="37023" /><F62/><W67/><G67/><T100/><D103/><U57/><E71/><V130/><F0/><W4/><G4/><T75/><D75/><U122/><E57/><V114/><F130/><W38/><G38/><T58/><D58/><U11/><E131/><V120/><F120/><W66/><G66/><T2/><D2/><U102/><E64/><V89/><F90/><W8/><G34/><T123/><D123/><U43/><E122/><V46/><F46/><W51/><G51/><T96/><D87/><U108/><E48/><V41/><F41/><W22/><G74/><T6/><D106/><U29/><E104/><V82/><F80/><W32/><G83/><T95/><D105/><U88/><E81/><V21/><F21/><W42/><G42/><T35/><D35/><U49/><E43/><V61/><F61/><W85/><G32/><T1/><D1/><RYUUKYOKU ba="0,0" sc="393,-10,258,-10,228,30,121,-10" hai2="9,10,18,23,82,84,89,112,114,115" />
</Scene>
<Scene>
<INIT seed="4,1,0,4,3,124" ten="383,248,258,111" oya="0" hai0="114,102,62,28,125,56,77,120,65,17,26,79,12" hai1="66,39,41,91,24,84,45,20,112,129,113,53,99" hai2="61,107,47,7,131,19,126,40,5,87,133,37,64" hai3="86,70,52,14,8,117,43,9,121,80,0,59,74"/><T83/><D114/><U94/><E66/><V10/><F107/><W85/><G70/><T127/><D120/><U72/><E72/><V111/><F111/><W32/><G117/><T49/><D102/><U92/><E53/><V27/><F126/><N who="0" m="48138" /><D49/><U13/><E13/><V90/><F133/><W46/><G121/><T48/><D48/><U97/><E129/><V57/><F131/><W4/><G32/><N who="0" m="20503" /><D83/><U106/><E106/><V78/><F78/><W118/><G118/><T51/><D51/><U105/><E105/><V36/><F36/><W116/><G116/><T69/><D69/><U29/><REACH who="1" step="1"/><E84/><REACH who="1" ten="383,238,258,111" step="2"/><V34/><F87/><W95/><G74/><T71/><D71/><U1/><E1/><V135/><F135/><W100/><G0/><T96/><D96/><U104/><E104/><V33/><F64/><W38/><G85/><T81/><D81/><U128/><E128/><V93/><F93/><W98/><G80/><T132/><D132/><U103/><AGARI ba="1,1" hai="20,24,29,39,41,45,91,92,94,97,99,103,112,113" machi="103" ten="30,4000,0" yaku="1,1,0,1,53,1" doraHai="124" doraHaiUra="16" who="1" fromWho="1" sc="383,-21,238,53,258,-11,111,-11" />
</Scene>
<Scene>
<INIT seed="5,0,0,0,4,35" ten="362,291,247,100" oya="1" hai0="15,55,123,107,54,100,88,122,45,94,89,76,68" hai1="59,38,86,67,129,17,118,24,49,41,117,12,77" hai2="34,16,120,71,28,99,26,75,57,132,85,111,80" hai3="21,95,40,119,115,124,18,0,82,81,131,14,104"/><U121/><E121/><N who="0" m="46089" /><D68/><U87/><E129/><V60/><F120/><W61/><G104/><T30/><D76/><U2/><E38/><V69/><F111/><W7/><G131/><T43/><D30/><U110/><E110/><V74/><F132/><W98/><G115/><T116/><D116/><U37/><E37/><V102/><F71/><W70/><G119/><T125/><D125/><U31/><E2/><V130/><F130/><W47/><G124/><T6/><D107/><U133/><E133/><V32/><F32/><W39/><G70/><T19/><D6/><U113/><E113/><V101/><F101/><W93/><G61/><T109/><D100/><U78/><E31/><V48/><F48/><W51/><G51/><N who="0" m="27071" /><D109/><U97/><E77/><V25/><F69/><W5/><G5/><T44/><D44/><U20/><E78/><V135/><F135/><W29/><G29/><T11/><D89/><U63/><E49/><V127/><F127/><W128/><G128/><T4/><D19/><U65/><E17/><V58/><F102/><W134/><G134/><T1/><D15/><U64/><E12/><V42/><F42/><W23/><G23/><T3/><D3/><U53/><E41/><V56/><F60/><W33/><G33/><T91/><D91/><U46/><E118/><V22/><REACH who="2" step="1"/><F99/><AGARI ba="0,0" hai="1,4,11,54,55,88,94,99" m="27071,46089" machi="99" ten="30,3900,0" yaku="13,1,52,1,54,1" doraHai="35" who="0" fromWho="2" sc="362,39,291,0,247,-39,100,0" />
</Scene>
<Scene>
<INIT seed="6,0,0,1,3,101" ten="401,291,208,100" oya="2" hai0="122,28,34,107,46,7,43,121,120,32,134,68,65" hai1="90,97,85,11,18,48,119,45,74,88,133,81,38" hai2="23,49,6,111,102,105,128,69,84,54,129,131,25" hai3="130,72,29,47,42,64,30,82,67,57,36,5,99"/><V60/><F111/><W55/><G130/><T127/><D7/><U40/><E119/><V61/><F6/><W53/><G5/><T118/><D118/><U115/><E74/><V22/><F84/><W0/><G0/><T92/><D92/><U79/><E115/><V78/><F78/><W44/><G44/><T116/><D116/><U14/><E133/><V95/><F95/><W12/><G12/><T19/><D19/><U33/><E33/><N who="0" m="12905" /><D28/><U17/><E17/><N who="2" m="12495" /><F23/><W27/><G99/><T123/><D123/><U10/><E38/><V2/><F69/><W70/><G55/><T104/><D134/><U100/><E10/><V4/><F4/><W83/><G27/><T35/><D35/><U24/><E24/><V1/><F1/><W77/><G83/><T91/><D68/><U93/><AGARI ba="0,0" hai="11,14,18,40,45,48,79,81,85,88,90,93,97,100" machi="93" ten="20,5200,0" yaku="0,1,7,1,8,1,54,1" doraHai="101" who="1" fromWho="1" sc="401,-13,291,52,208,-26,100,-13" />
</Scene>
<Scene>
<INIT seed="7,0,0,5,0,64" ten="388,343,182,87" oya="3" hai0="44,16,63,33,55,40,23,70,43,60,74,19,135" hai1="47,98,121,126,27,123,30,59,115,83,1,38,53" hai2="117,87,120,112,99,118,94,2,71,36,108,28,82" hai3="5,24,34,50,113,88,128,103,46,122,61,109,56"/><W92/><G122/><T93/><D33/><U79/><E1/><V17/><F2/><W51/><G113/><T20/><D74/><U95/><E115/><V130/><F36/><W116/><G116/><T78/><D135/><U111/><E111/><V105/><F112/><W42/><G109/><T37/><D78/><U67/><E67/><V90/><F108/><W106/><G128/><T84/><D70/><U89/><E47/><V15/><F120/><W21/><G34/><T65/><D65/><U119/><E38/><V75/><F71/><W41/><G5/><T102/><D55/><U14/><E14/><V4/><F4/><W22/><G106/><T29/><D29/><U7/><E7/><V127/><F130/><W3/><G3/><T26/><D43/><U77/><E77/><N who="2" m="44351" /><F28/><W35/><G103/><T110/><D110/><U49/><E119/><V32/><F32/><W129/><G129/><T101/><D101/><U133/><E133/><V66/><F66/><N who="3" m="39207" /><G35/><T45/><D45/><U8/><E8/><N who="2" m="6375" /><F127/><W48/><G46/><T54/><D54/><U81/><E126/><V124/><F124/><W39/><G39/><T31/><D31/><U85/><REACH who="1" step="1"/><E81/><REACH who="1" ten="388,333,182,87" step="2"/><V0/><F0/><W100/><G100/><AGARI ba="0,1" hai="87,90,94,99,100,105,117,118" m="6375,44351" machi="100" ten="30,1000,0" yaku="24,1" doraHai="64" who="2" fromWho="3" sc="388,0,333,0,182,20,87,-10" owari="388,49.0,333,13.0,202,-20.0,77,-42.0" />
</Scene>
</mjloggm>