<mjloggm ver="2.3"><GO type="169" lobby="0"/><UN n0="%E6%9D%B1%E5%8D%97" n1="%E3%83%A6%E3%83%BC%E3%82%B9%E3%83%AC%E3%82%B9" n2="%E3%81%BE%E3%82%86%E3%81%BE%E3%82%86%37%37" n3="%E5%A4%AA%E3%81%8F%E3%81%AA%E3%81%84%E3%81%8A" dan="17,16,18,18" rate="2234.39,2109.74,2156.87,2260.35" sx="M,M,F,F"/><TAIKYOKU oya="0"/>

<Scene>
<INIT seed="0,0,0,1,1,115" ten="250,250,250,250" oya="0" hai0="48,29,97,42,14,61,94,55,30,76,83,93,15" hai1="0,70,79,112,118,34,16,60,71,132,81,45,68" hai2="63,20,74,122,12,113,19,66,58,5,128,89,127" hai3="17,59,104,78,21,56,26,120,77,110,82,102,44"/><T33/><D42/><U123/><E123/><V37/><F113/><W36/><G120/><T41/><D41/><U99/><E112/><V8/><F127/><W28/><G36/><T2/><D2/><U95/><E34/><V87/><F128/><W86/><G110/><T69/><D94/><U32/><E32/><V64/><F122/><W121/><G121/><T107/><D107/><U3/><E60/><V125/><F125/><W1/><G1/><T49/><D49/><U65/><E65/><V116/><F74/><W124/><G124/><T91/><D61/><U18/><E45/><V134/><F134/><W84/><G44/><T129/><D69/><U117/><E132/><V9/><F37/><W126/><G126/><T52/><D55/><U50/><E50/><V88/><F66/><W73/><G73/><T119/><D119/><U11/><E3/><V90/><F116/><W72/><G72/><T131/><D33/><U135/><E135/><V25/><REACH who="2" step="1"/><F9/><REACH who="2" ten="250,250,240,250" step="2"/><W92/><G104/><T98/><D131/><U51/><E11/><V108/><F108/><W4/><G4/><T100/><D129/><U23/><E118/><V101/><F101/><W43/><G102/><T22/><D100/><U13/><E117/><V39/><F39/><W111/><G111/><T10/><D10/><U85/><E0/><V62/><F62/><W40/><G28/><T96/><D30/><U57/><E51/><V80/><AGARI ba="0,1" hai="5,8,12,19,20,25,58,63,64,80,87,88,89,90" machi="80" ten="20,8000,1" yaku="1,1,0,1,7,1,8,1,54,1,53,0" doraHai="115" doraHaiUra="46" who="2" fromWho="2" sc="250,-40,250,-20,240,90,250,-20" />
</Scene>
<Scene>
<INIT seed="1,0,0,3,0,73" ten="210,230,330,230" oya="1" hai0="110,66,44,63,132,65,24,81,94,1,39,115,102" hai1="7,118,80,48,83,21,111,5,99,4,18,84,109" hai2="88,45,28,27,15,67,33,95,30,43,23,121,104" hai3="98,127,57,40,92,82,50,62,9,53,134,14,78"/><U114/><E118/><V31/><F121/><W16/><G127/><T87/><D115/><U124/><E114/><V6/><F104/><W79/><G134/><T47/><D1/><U130/><E124/><V46/><F33/><W60/><G40/><T55/><D132/><U8/><E130/><V91/><F67/><W51/><G51/><T86/><D65/><U17/><E99/><N who="2" m="57831" /><F91/><N who="3" m="55583" /><G82/><T34/><D39/><U42/><E83/><V59/><F59/><N who="3" m="33207" /><G62/><T120/><D63/><U71/><E71/><V105/><F105/><W101/><G101/><T107/><D102/><U116/><E116/><V37/><F37/><W76/><G76/><T68/><D81/><U123/><E123/><V11/><F43/><W97/><G97/><T36/><D68/><U3/><E42/><V12/><F12/><W10/><G10/><T56/><D36/><U89/><E48/><V58/><F58/><W69/><G69/><T26/><D56/><U112/><E112/><V70/><F70/><W96/><G96/><T54/><D107/><U103/><E103/><V61/><F61/><W35/><G35/><T135/><D34/><U125/><E125/><V131/><F131/><W74/><G74/><T38/><D38/><U119/><E119/><V117/><F117/><W2/><G2/><T75/><D75/><U13/><REACH who="1" step="1"/><E3/><REACH who="1" ten="210,220,330,230" step="2"/><V19/><AGARI ba="0,1" hai="6,11,15,19,23,27,28,30,31,45,46" m="57831" machi="19" ten="30,2000,0" yaku="8,1,54,1" doraHai="73" who="2" fromWho="2" sc="210,-5,220,-10,330,30,230,-5" />
</Scene>
<Scene>
<INIT seed="2,0,0,2,3,115" ten="205,210,360,225" oya="2" hai0="49,7,61,90,107,30,133,2,41,59,80,73,93" hai1="8,114,110,6,38,55,69,44,54,74,19,22,134" hai2="97,56,27,96,43,81,79,28,64,104,83,95,37" hai3="63,119,125,117,3,10,25,101,66,113,72,106,5"/><V85/><F104/><W11/><G72/><T68/><D107/><U121/><E114/><V120/><F120/><W53/><G113/><T76/><D30/><U39/><E121/><V36/><F97/><W123/><G123/><T105/><D105/><U0/><E69/><V47/><F37/><W48/><G125/><T98/><D133/><U111/><E134/><V52/><F64/><W23/><G11/><T1/><D7/><U9/><E74/><V26/><F83/><W12/><G3/><T112/><D112/><U132/><E132/><V13/><F13/><W67/><G101/><T15/><D15/><U24/><E9/><V99/><F99/><W129/><G106/><T118/><D68/><U131/><E131/><V75/><F28/><W94/><G94/><T65/><D118/><U102/><E102/><V109/><F109/><N who="1" m="41481" /><E39/><V42/><F75/><W108/><G129/><T18/><D18/><U126/><E126/><V92/><F43/><AGARI ba="0,0" hai="0,6,8,19,22,24,38,43,44,54,55" m="41481" machi="43" ten="30,1000,0" yaku="14,1" doraHai="115" who="1" fromWho="2" sc="205,0,210,10,360,-10,225,0" />
</Scene>
<Scene>
<INIT seed="3,0,0,0,4,86" ten="205,220,350,225" oya="3" hai0="8,99,116,119,68,52,88,65,46,75,102,54,87" hai1="38,79,111,131,10,109,85,6,84,42,56,53,70" hai2="117,63,55,4,0,20,49,124,82,17,35,40,26" hai3="34,105,73,13,33,96,45,118,7,11,43,135,129"/><W5/><G118/><T77/><D54/><U31/><E70/><V44/><F124/><W48/><G73/><T21/><D21/><U125/><E125/><V130/><F130/><W134/><G129/><T103/><D103/><U9/><E131/><V107/><F107/><W12/><G105/><T18/><D77/><U36/><E31/><V122/><F117/><W80/><G96/><T71/><D75/><U25/><E25/><V51/><F35/><W57/><G57/><T121/><D121/><U27/><E27/><V91/><F63/><W22/><G80/><N who="0" m="49255" /><D68/><U59/><E42/><V2/><F2/><W97/><G97/><T81/><D81/><U104/><E53/><V50/><F40/><W32/><REACH who="3" step="1"/><G22/><REACH who="3" ten="205,220,350,215" step="2"/><T1/><D99/><U67/><E104/><V83/><F20/><W78/><G78/><T113/><D102/><U28/><E79/><V110/><F122/><W95/><G95/><T37/><D119/><U76/><E76/><V89/><F82/><W41/><G41/><T115/><D116/><U30/><E67/><V3/><F83/><W29/><G29/><T94/><D94/><U74/><E74/><V93/><F93/><W106/><G106/><T98/><D98/><U16/><E56/><V133/><F91/><W92/><G92/><T66/><D66/><U58/><E59/><V60/><F89/><W61/><G61/><T24/><D65/><U62/><E62/><V39/><F60/><W100/><G100/><T108/><D71/><U72/><E72/><V123/><F123/><W101/><G101/><T128/><D128/><U14/><E58/><RYUUKYOKU ba="0,1" sc="205,-10,220,-10,350,-10,215,30" hai3="5,7,11,12,13,32,33,34,43,45,48,134,135" />
</Scene>
<Scene>
<INIT seed="3,1,1,0,5,42" ten="195,210,340,245" oya="3" hai0="53,104,96,112,11,7,22,83,27,107,87,123,98" hai1="48,25,80,69,51,4,23,75,74,131,120,114,39" hai2="19,54,9,47,61,59,20,101,18,58,130,92,32" hai3="68,56,85,128,65,109,132,10,16,135,76,79,64"/><W57/><G128/><T38/><D123/><U81/><E114/><V103/><F32/><W94/><G68/><T134/><D112/><U73/><E120/><V44/><F130/><W82/><G109/><T105/><D38/><U13/><E69/><V6/><F6/><W125/><G125/><T117/><D117/><U49/><E131/><V67/><F9/><W24/><G79/><T91/><D53/><U121/><E121/><V2/><F2/><W33/><G94/><T115/><D134/><N who="3" m="51241" /><G33/><T28/><REACH who="0" step="1"/><D115/><REACH who="0" ten="185,210,340,245" step="2"/><U100/><E39/><V129/><F129/><W60/><G64/><T30/><D30/><U90/><E100/><V119/><F103/><W41/><G41/><T63/><D63/><U21/><E90/><V31/><F31/><W93/><G65/><T0/><AGARI ba="1,2" hai="0,7,11,22,27,28,83,87,91,96,98,104,105,107" machi="0" ten="30,2000,0" yaku="1,1,0,1,53,0" doraHai="42" doraHaiUra="106" who="0" fromWho="0" sc="185,43,210,-6,340,-6,245,-11" />
</Scene>
<Scene>
<INIT seed="4,0,0,2,4,88" ten="228,204,334,234" oya="0" hai0="95,41,66,14,23,50,9,55,39,37,132,133,45" hai1="21,102,128,51,64,53,75,46,73,69,91,85,129" hai2="98,3,61,15,1,100,104,60,106,2,135,99,103" hai3="52,49,90,92,7,38,22,25,29,40,42,17,131"/><T54/><D23/><U10/><E102/><V0/><N who="2" m="512" /><DORA hai="112" /><V120/><F135/><N who="0" m="51786" /><D66/><U11/><E64/><V126/><F126/><W109/><G109/><T86/><D86/><U34/><E34/><V122/><REACH who="2" step="1"/><F15/><REACH who="2" ten="228,204,324,234" step="2"/><W74/><G131/><T8/><D8/><U4/><E11/><V5/><F5/><W27/><G7/><T58/><D14/><U67/><E10/><V125/><F125/><W71/><G27/><T97/><D9/><U19/><E4/><V77/><F77/><W81/><G25/><T24/><D24/><U101/><E129/><V111/><F111/><W119/><G119/><T114/><D114/><U116/><E116/><V117/><F117/><W68/><G17/><T12/><D12/><U63/><E128/><V31/><F31/><W107/><G29/><T121/><D121/><AGARI ba="0,1" hai="60,61,98,99,100,103,104,106,120,121,122" m="512" machi="121" ten="70,4500,0" yaku="1,1,9,1,53,0" doraHai="88,112" doraHaiUra="123,127" who="2" fromWho="0" sc="228,-45,204,0,324,55,234,0" />
</Scene>
<Scene>
<INIT seed="5,0,0,5,5,37" ten="183,204,379,234" oya="1" hai0="14,134,83,100,61,109,121,45,103,44,104,110,74" hai1="112,53,1,86,67,105,102,58,91,39,126,68,59" hai2="31,85,122,7,8,118,63,64,23,84,90,82,57" hai3="125,96,26,34,5,92,6,93,10,113,22,72,3"/><U78/><E1/><V130/><F122/><W114/><G72/><T116/><D121/><U28/><E86/><V49/><F130/><W4/><G34/><T21/><D116/><U50/><E78/><V111/><F111/><W32/><G32/><T101/><D104/><U129/><E28/><V119/><F49/><W24/><G125/><T76/><D134/><U60/><E91/><V107/><F107/><W43/><G43/><T15/><D61/><N who="1" m="40047" /><E102/><V98/><F98/><W19/><G26/><T131/><D131/><U73/><E73/><V115/><F115/><N who="3" m="44043" /><G93/><T11/><D21/><U127/><E105/><V54/><F64/><W13/><G3/><T108/><REACH who="0" step="1"/><D15/><REACH who="0" ten="173,204,379,234" step="2"/><U94/><E112/><V97/><F23/><W17/><G22/><T133/><D133/><U75/><E129/><V66/><F118/><W95/><G13/><T40/><D40/><U52/><E127/><V16/><F119/><W77/><G24/><T124/><D124/><U47/><E126/><V88/><F31/><W12/><G12/><T80/><D80/><U120/><E120/><V42/><F42/><W106/><G106/><T79/><D79/><U38/><E94/><V29/><F29/><W18/><G77/><T99/><D99/><U20/><E20/><V89/><F97/><W46/><G92/><T81/><D81/><U123/><E123/><V135/><F82/><W132/><G95/><T9/><D9/><U70/><E75/><V51/><F135/><W69/><G132/><T35/><D35/><U128/><E128/><V62/><F8/><W71/><G10/><T36/><D36/><RYUUKYOKU ba="0,1" sc="173,30,204,-10,379,-10,234,-10" hai0="11,14,44,45,74,76,83,100,101,103,108,109,110" />
</Scene>
<Scene>
<INIT seed="6,1,1,3,2,71" ten="203,194,369,224" oya="2" hai0="38,48,65,28,112,89,113,40,1,63,124,83,108" hai1="74,135,59,77,125,80,29,66,16,8,82,12,81" hai2="39,3,18,52,41,84,64,98,78,106,99,115,85" hai3="17,90,107,95,127,22,36,2,57,23,32,96,79"/><V47/><F3/><W88/><G32/><T31/><D1/><U97/><E135/><V101/><F115/><N who="0" m="44106" /><D108/><U122/><E125/><V117/><F117/><W24/><G2/><T114/><D124/><U100/><E122/><V21/><F64/><W42/><G127/><T62/><D48/><U132/><E132/><V103/><F78/><W4/><G107/><T70/><D62/><U93/><E29/><N who="0" m="11337" /><D114/><U6/><E66/><V20/><F52/><W133/><G133/><T91/><D83/><U87/><E74/><V14/><F21/><W123/><G23/><T72/><D72/><U35/><E35/><V55/><F55/><W69/><G69/><T7/><D7/><U73/><E73/><V109/><F109/><W75/><G4/><T116/><D116/><U51/><E6/><V44/><F47/><AGARI ba="1,1" hai="38,40,47,63,65,70,89,91" m="11337,44106" machi="47" ten="30,2000,0" yaku="15,1,52,1" doraHai="71" who="0" fromWho="2" sc="203,33,194,0,369,-23,224,0" />
</Scene>
<Scene>
<INIT seed="7,0,0,3,3,16" ten="236,194,346,224" oya="3" hai0="26,84,40,127,69,130,106,125,117,58,96,135,111" hai1="25,10,98,104,99,54,82,67,36,76,65,57,20" hai2="3,86,92,55,1,44,108,112,75,123,132,90,89" hai3="56,80,8,37,131,91,64,66,134,101,71,116,51"/><W77/><G116/><T39/><D84/><U97/><E36/><V109/><F75/><W15/><G37/><T32/><D58/><U14/><E104/><V28/><F28/><W72/><G71/><T2/><D96/><U30/><E14/><V102/><F102/><W7/><G131/><T49/><D49/><U53/><E10/><V18/><F18/><W21/><G134/><T59/><D59/><U119/><E119/><V24/><F24/><W43/><G101/><T13/><D40/><U128/><E128/><V95/><F112/><W42/><G91/><T129/><D13/><U70/><E70/><V48/><F132/><W29/><G43/><T103/><D26/><U100/><E100/><V34/><F34/><W23/><G29/><T5/><D5/><U31/><E31/><V74/><F74/><W124/><G124/><T4/><D4/><U35/><E35/><V38/><F38/><W94/><G94/><T118/><D130/><U11/><E11/><V110/><F123/><W46/><REACH who="3" step="1"/><G56/><REACH who="3" ten="236,194,346,214" step="2"/><T81/><D118/><U50/><REACH who="1" step="1"/><E54/><REACH who="1" ten="236,184,346,214" step="2"/><V27/><F55/><W105/><G105/><T33/><D103/><U115/><E115/><V63/><F109/><W113/><G113/><T114/><D125/><U133/><E133/><V87/><F108/><W47/><G47/><T45/><D45/><U41/><E41/><V78/><F44/><W61/><G61/><T121/><D127/><U52/><E52/><V22/><F63/><W126/><G126/><T68/><D114/><U83/><E83/><V62/><F62/><W79/><G79/><T17/><D117/><RYUUKYOKU ba="0,2" sc="236,-15,184,15,346,-15,214,15" hai1="20,25,30,50,53,57,65,67,76,82,97,98,99" hai3="7,8,15,21,23,42,46,51,64,66,72,77,80" />
</Scene>
<Scene>
<INIT seed="7,1,2,1,5,132" ten="221,199,331,229" oya="3" hai0="92,135,133,32,93,29,117,129,82,112,79,101,8" hai1="69,2,111,106,115,34,51,124,46,13,17,81,31" hai2="74,30,3,122,24,57,1,89,73,83,26,11,43" hai3="41,126,108,110,36,52,67,88,114,21,95,99,50"/><W0/><G0/><T49/><D117/><U6/><E111/><N who="3" m="42538" /><G114/><T86/><D112/><U22/><E115/><V20/><F3/><W40/><G36/><T59/><D8/><N who="1" m="2135" /><E106/><V25/><F122/><W85/><G126/><T62/><D49/><U116/><E69/><V70/><F70/><W97/><G67/><T33/><D29/><U45/><E124/><V37/><F74/><W76/><G21/><T123/><D123/><U64/><E64/><V107/><F73/><W66/><G66/><N who="0" m="39263" /><D101/><U42/><E46/><V125/><F20/><W80/><G99/><T121/><D121/><U90/><E81/><V47/><F1/><W113/><G113/><T10/><D10/><U55/><E90/><V103/><F11/><W28/><G28/><T4/><D4/><U7/><E7/><V119/><F30/><W131/><G131/><T35/><D129/><U120/><E120/><V105/><F125/><W63/><G63/><T19/><D19/><U77/><E77/><V14/><F119/><W96/><G96/><T98/><D98/><U118/><E42/><V134/><F43/><W12/><G12/><T102/><D102/><U23/><E23/><V72/><F14/><W61/><G61/><T39/><D39/><U91/><E91/><V38/><F103/><W5/><G5/><T78/><D78/><U56/><E45/><AGARI ba="1,2" hai="40,41,45,50,52,76,80,85,88,95,97" m="42538" machi="45" ten="30,5800,0" yaku="10,1,54,2" doraHai="132" who="3" fromWho="1" sc="221,0,199,-61,331,0,229,81" />
</Scene>
<Scene>
<INIT seed="7,2,0,3,5,74" ten="221,138,331,310" oya="3" hai0="127,11,125,30,37,114,129,23,47,31,113,107,28" hai1="15,112,62,81,59,66,95,70,21,134,104,124,35" hai2="94,80,16,4,67,7,18,52,89,60,36,57,61" hai3="119,17,92,48,49,121,96,78,63,65,82,128,72"/><W133/><G121/><T123/><D107/><U14/><E104/><V132/><F36/><W108/><G119/><T102/><D102/><U103/><E35/><V9/><F80/><W53/><G128/><T6/><D47/><U83/><E112/><N who="0" m="43113" /><D37/><U8/><E134/><V51/><F132/><W32/><G133/><T12/><D129/><U77/><E124/><N who="0" m="47689" /><D23/><U87/><E70/><V73/><F73/><W97/><G32/><T131/><D131/><U126/><E126/><V42/><F42/><W75/><G75/><T22/><D22/><U71/><E71/><V110/><F61/><W34/><G34/><T84/><D84/><U43/><E43/><V101/><F101/><W29/><G96/><T79/><D79/><U105/><E105/><V41/><F41/><W56/><G97/><T45/><D45/><U115/><E115/><V118/><F89/><W76/><G76/><T19/><D6/><U0/><E83/><V91/><F7/><W13/><G78/><T109/><D109/><U10/><E0/><V26/><F110/><W20/><G82/><T117/><D117/><U3/><E3/><V120/><F91/><W55/><G20/><T69/><D69/><U116/><E116/><V25/><F94/><W54/><G92/><T99/><D99/><U130/><E130/><V39/><F39/><W98/><G98/><T44/><D44/><U5/><E21/><V58/><F118/><W135/><G135/><T33/><D33/><U88/><E103/><V2/><F67/><W27/><G108/><T68/><D68/><U64/><E64/><V1/><F1/><RYUUKYOKU ba="2,0" sc="221,30,138,-10,331,-10,310,-10" hai0="11,12,19,28,30,31,123" owari="251,-15.0,128,-37.0,321,42.0,300,10.0" />
</Scene>
</mjloggm>