<mjloggm ver="2.3"><GO type="233" lobby="0"/><UN n0="%E5%BC%B1%E8%99%AB" n1="%E3%82%A8%E3%83%88%E3%81%BA%E3%83%B3" n2="%E5%A4%AA%E3%81%8F%E3%81%AA%E3%81%84%E3%81%8A" n3="%E3%81%99%E3%81%9F%E3%83%BC%E3%82%89%E3%81%84%E3%81%A8%E3%81%B3%E3%83%BC" dan="17,17,18,17" rate="2184.27,2113.67,2207.99,2157.25" sx="M,F,F,F"/><TAIKYOKU oya="0"/>

<Scene>
<INIT seed="0,0,0,3,0,37" ten="250,250,250,250" oya="0" hai0="120,16,101,119,43,2,63,82,30,130,71,33,25" hai1="45,62,108,58,110,39,59,89,17,88,6,18,36" hai2="112,50,22,77,73,3,118,90,67,68,41,1,42" hai3="51,84,79,61,38,132,76,55,0,8,31,10,95"/><T14/><D119/><U86/><E6/><V13/><F112/><W19/><G38/><T126/><D120/><U100/><E100/><V4/><F118/><W122/><G122/><T93/><D130/><U75/><E75/><V94/><F73/><W106/><G106/><T28/><D126/><U9/><E9/><V27/><F77/><W66/><G31/><T78/><D2/><U64/><E62/><V35/><F35/><W107/><G107/><T24/><D43/><N who="2" m="16394" /><F68/><W26/><G79/><T46/><D46/><U97/><E86/><N who="2" m="52567" /><F3/><W128/><G76/><T103/><D71/><U124/><E124/><V104/><F104/><W109/><G128/><T96/><D63/><U83/><E39/><V114/><F114/><W21/><G61/><T29/><D103/><U92/><E36/><V85/><F1/><W69/><G69/><T20/><REACH who="0" step="1"/><D33/><REACH who="0" ten="240,250,250,250" step="2"/><U98/><E45/><V125/><F125/><W72/><G0/><T52/><D52/><U91/><E64/><V47/><F67/><W133/><G66/><T111/><D111/><U57/><E110/><V65/><F65/><W40/><G109/><T60/><D60/><U81/><E108/><V15/><F47/><W56/><G40/><T135/><D135/><U129/><E129/><V48/><F48/><W34/><G34/><T102/><D102/><U74/><E58/><V115/><F115/><W87/><G132/><T80/><D80/><U134/><E59/><V121/><F121/><W127/><G133/><T53/><D53/><U70/><E134/><V23/><F50/><N who="3" m="30839" /><G127/><T113/><D113/><U11/><E70/><RYUUKYOKU ba="0,1" sc="240,30,250,-10,250,-10,250,-10" hai0="14,16,20,24,25,28,29,30,78,82,93,96,101" />
</Scene>
<Scene>
<INIT seed="0,1,1,1,0,11" ten="270,240,240,240" oya="0" hai0="32,123,75,65,46,41,9,82,93,114,40,131,43" hai1="99,60,64,53,108,129,14,134,8,45,30,70,124" hai2="130,54,16,105,55,76,113,17,121,95,120,119,135" hai3="126,91,116,94,127,102,107,96,77,15,66,27,63"/><T101/><D123/><U67/><E134/><V47/><F105/><W12/><G116/><T42/><D114/><U118/><E118/><V71/><F119/><W0/><G0/><T110/><D32/><U125/><E129/><V10/><F113/><W89/><G77/><T104/><D131/><U80/><E30/><V6/><F130/><W25/><G25/><T20/><D104/><U74/><E108/><V52/><F71/><W21/><G91/><T39/><D65/><U88/><E67/><V13/><F135/><W100/><G100/><T36/><D110/><U3/><E3/><V24/><F76/><W98/><G126/><N who="1" m="48746" /><E74/><V59/><F47/><W50/><G50/><T18/><D9/><U87/><E99/><V109/><F109/><W2/><G2/><T49/><D75/><U90/><E53/><N who="2" m="20587" /><F121/><W23/><G127/><T78/><D101/><U7/><E45/><V38/><F38/><W128/><G128/><T29/><D29/><U58/><E90/><V1/><F1/><W22/><REACH who="3" step="1"/><G27/><REACH who="3" ten="270,240,240,230" step="2"/><T26/><D78/><U112/><E112/><V86/><F24/><W85/><G85/><T97/><D39/><U132/><E132/><V69/><F120/><W35/><G35/><T72/><D36/><U83/><E83/><V19/><F86/><W84/><G84/><T68/><D72/><U62/><E62/><N who="2" m="36223" /><F69/><AGARI ba="1,2" hai="12,15,21,22,23,63,66,69,89,94,96,98,102,107" machi="69" ten="40,5200,0" yaku="1,1,52,2,53,0" doraHai="11" doraHaiUra="34" who="3" fromWho="2" sc="270,0,240,0,240,-55,230,75" /><AGARI ba="1,0" hai="7,8,14,58,60,64,69,70,80,87,88" m="48746" machi="69" ten="30,3900,0" yaku="18,1,52,1,54,1" doraHai="11" who="1" fromWho="2" sc="270,0,240,39,185,-39,305,0" />
</Scene>
<Scene>
<INIT seed="1,0,0,4,1,126" ten="270,279,146,305" oya="1" hai0="135,75,101,57,35,98,112,55,33,71,133,7,8" hai1="77,58,89,28,24,111,79,102,125,46,26,86,42" hai2="36,23,80,39,62,113,49,12,97,72,0,27,122" hai3="95,19,20,120,119,92,2,21,128,90,82,44,93"/><U65/><E125/><V61/><F122/><W63/><G120/><T132/><D71/><U121/><E121/><V129/><F0/><W70/><G2/><T38/><D75/><U56/><E102/><V47/><F113/><W3/><G3/><T15/><D38/><U67/><E111/><V16/><F97/><W116/><G44/><T100/><D112/><U99/><E99/><V18/><F39/><W25/><G70/><T85/><D85/><U34/><E34/><V41/><F36/><W5/><G5/><T14/><D14/><U59/><E46/><V29/><F129/><W110/><G110/><T108/><D108/><U54/><E42/><V52/><F41/><W134/><G128/><T118/><D118/><U103/><E103/><N who="0" m="39497" /><D98/><U83/><E54/><V43/><F43/><W88/><G82/><T48/><AGARI ba="0,0" hai="7,8,15,33,35,48,55,57,132,133,135" m="39497" machi="48" ten="40,1500,0" yaku="20,1" doraHai="126" who="0" fromWho="0" sc="270,15,279,-7,146,-4,305,-4" />
</Scene>
<Scene>
<INIT seed="2,0,0,0,3,126" ten="285,272,142,301" oya="2" hai0="105,91,41,12,85,22,95,107,121,1,134,115,45" hai1="103,78,6,81,90,106,89,4,47,79,36,101,132" hai2="21,51,73,82,27,14,119,62,77,80,44,61,55" hai3="3,15,66,31,123,11,113,33,58,87,102,25,2"/><V71/><F119/><W16/><G102/><T50/><D121/><U118/><E118/><V99/><F71/><W128/><G87/><T57/><D115/><U9/><E132/><V86/><F99/><W56/><G123/><T120/><D120/><U0/><E4/><V130/><F14/><W40/><G40/><T37/><D1/><U54/><E79/><V97/><F97/><W23/><G66/><T30/><D134/><U72/><E106/><V112/><F112/><W42/><G42/><T34/><D34/><U108/><E108/><V5/><F5/><W19/><G58/><T26/><D12/><U24/><E54/><V76/><REACH who="2" step="1"/><F130/><REACH who="2" ten="285,272,132,301" step="2"/><W129/><G113/><T93/><D93/><U46/><E6/><V100/><F100/><W60/><G3/><T7/><D7/><U38/><E0/><V109/><F109/><W94/><G2/><T69/><D69/><U68/><E68/><V131/><F131/><N who="3" m="50251" /><G94/><T98/><D98/><U28/><E103/><V39/><F39/><W8/><G60/><T13/><D13/><U84/><E101/><V122/><F122/><W124/><G124/><T63/><D37/><U52/><E38/><V48/><F48/><W116/><G116/><T111/><D111/><U53/><E36/><V117/><F117/><W18/><G56/><T75/><D107/><U17/><E47/><V43/><F43/><W10/><AGARI ba="0,1" hai="8,10,11,15,16,18,19,23,25,31,33" m="50251" machi="10" ten="30,12000,2" yaku="19,1,34,2,52,3,54,1" doraHai="126" who="3" fromWho="3" sc="285,-30,272,-30,132,-60,301,130" />
</Scene>
<Scene>
<INIT seed="3,0,0,2,2,51" ten="255,242,72,431" oya="3" hai0="93,35,130,84,29,98,16,41,60,72,25,55,87" hai1="23,6,37,56,132,2,86,12,103,122,123,89,133" hai2="10,77,88,62,125,97,32,113,90,40,50,110,121" hai3="105,9,26,67,102,3,91,109,20,24,11,134,118"/><W127/><G118/><T92/><D72/><U78/><E37/><V101/><F113/><W79/><G79/><T108/><D108/><U99/><E2/><V44/><F32/><W63/><G109/><T30/><D130/><U52/><E78/><V61/><F110/><W116/><G116/><T94/><D41/><U114/><E114/><V42/><F125/><W19/><G127/><T36/><D36/><U69/><E69/><V128/><F128/><W120/><G120/><T95/><D30/><U115/><E115/><V57/><F121/><W70/><G134/><N who="1" m="51818" /><E6/><V48/><F77/><W8/><G105/><T85/><D16/><N who="1" m="10631" /><E89/><V45/><F10/><W104/><G91/><T18/><D18/><U107/><E86/><V68/><F68/><W43/><G3/><T83/><D83/><U54/><E54/><N who="2" m="33975" /><F62/><AGARI ba="0,0" hai="52,56,62,99,103,107,122,123" m="10631,51818" machi="62" ten="30,7700,0" yaku="20,1,52,1,54,2" doraHai="51" who="1" fromWho="2" sc="255,0,242,77,72,-77,431,0" owari="255,-14.0,319,12.0,-5,-51.0,431,53.0" />
</Scene>
</mjloggm>