<mjloggm ver="2.3"><GO type="169" lobby="0"/><UN n0="%66%72%65%65%7A%65%37" n1="%E5%A4%AA%E3%81%8F%E3%81%AA%E3%81%84%E3%81%8A" n2="%E3%82%8F%E3%81%9B%E3%82%8A%E3%82%93" n3="%E9%AF%89%E3%81%AB%E6%81%8B" dan="16,18,16,17" rate="2077.82,2160.88,2128.90,2115.73" sx="M,F,M,M"/><TAIKYOKU oya="0"/>

<Scene>
<INIT seed="0,0,0,1,1,120" ten="250,250,250,250" oya="0" hai0="74,12,36,79,4,64,112,26,101,84,62,99,40" hai1="3,21,42,47,92,77,35,70,11,57,119,25,113" hai2="5,93,80,125,73,20,61,116,128,134,110,56,51" hai3="13,34,54,89,65,39,97,31,87,109,131,126,102"/><T43/><D112/><U83/><E70/><V66/><F116/><W60/><G39/><T16/><D74/><U75/><E119/><V118/><F118/><W9/><G131/><T55/><D36/><N who="1" m="21959" /><E113/><V124/><F128/><W23/><G34/><T7/><D26/><U129/><E129/><V22/><F5/><N who="0" m="2122" /><D64/><U15/><E92/><V69/><F134/><W100/><G31/><T0/><D0/><U114/><E57/><V94/><F56/><W27/><G65/><T88/><D79/><U29/><E15/><V104/><F104/><W82/><G27/><T111/><D111/><U59/><E77/><V58/><F58/><W117/><G109/><T38/><D38/><U18/><E59/><V130/><F110/><W28/><G117/><T106/><D62/><U71/><E25/><V37/><F130/><W108/><G108/><T98/><D106/><U41/><E75/><V19/><F37/><W53/><G60/><T45/><D101/><U95/><E3/><V103/><F73/><W86/><G28/><T72/><D72/><U17/><E29/><V91/><F103/><W10/><G102/><T96/><D55/><U133/><E114/><V52/><F61/><W1/><G54/><T81/><D45/><U46/><E46/><N who="2" m="27767" /><F66/><W2/><G53/><T121/><D121/><U67/><E67/><V68/><F69/><W123/><G123/><T49/><D49/><U6/><E71/><V50/><F68/><W24/><G100/><T105/><D105/><U107/><E107/><V132/><F50/><W44/><G2/><T8/><AGARI ba="0,0" hai="8,12,16,40,43,81,84,88,96,98,99" m="2122" machi="8" ten="30,6000,0" yaku="8,1,54,2" doraHai="120" who="0" fromWho="0" sc="250,60,250,-20,250,-20,250,-20" />
</Scene>
<Scene>
<INIT seed="0,1,0,2,1,52" ten="310,230,230,230" oya="0" hai0="109,50,18,98,1,108,17,37,93,110,43,73,36" hai1="6,30,41,74,118,55,123,56,91,78,83,127,84" hai2="130,79,42,16,107,58,135,38,85,115,120,33,122" hai3="57,47,63,4,75,68,65,0,66,114,31,80,20"/><T69/><D73/><U128/><E118/><V29/><F115/><W87/><G75/><T102/><D1/><U89/><E123/><V59/><F107/><W131/><G114/><T71/><D43/><U121/><E121/><V7/><F7/><W97/><G97/><T95/><D50/><U126/><E128/><V39/><F130/><W44/><G0/><T53/><D53/><U129/><E129/><V82/><F135/><W15/><G131/><T21/><D93/><U62/><E6/><V27/><F122/><W103/><G103/><T28/><D28/><U8/><E8/><V113/><F120/><W112/><G66/><T117/><D117/><U34/><E41/><V119/><F119/><W22/><G68/><N who="0" m="26187" /><D17/><U9/><E9/><V100/><F100/><W132/><G132/><T51/><D51/><U104/><E104/><V19/><F113/><W77/><G112/><T45/><D45/><N who="3" m="17481" /><G31/><T49/><D49/><U111/><E30/><V81/><F81/><W48/><G48/><T94/><D94/><U99/><E74/><V105/><F105/><W67/><G67/><T88/><D102/><U35/><E99/><V24/><F42/><W64/><G64/><T70/><N who="0" m="26195" /><T76/><DORA hai="72" /><D76/><U61/><E78/><V134/><F134/><W86/><G86/><T25/><AGARI ba="1,0" hai="18,21,25,36,37,88,95,98,108,109,110" m="26195" machi="25" ten="50,9600,0" yaku="14,1,10,1,54,1" doraHai="52,72" who="0" fromWho="0" sc="310,99,230,-33,230,-33,230,-33" />
</Scene>
<Scene>
<INIT seed="0,2,0,0,5,105" ten="409,197,197,197" oya="0" hai0="85,50,82,7,115,81,129,111,84,93,48,32,40" hai1="96,5,18,47,113,57,122,106,135,46,52,125,103" hai2="74,116,36,39,11,130,21,88,0,17,42,134,12" hai3="133,108,114,30,37,110,86,26,51,54,131,79,28"/><T9/><D115/><U97/><E122/><V70/><F70/><W90/><G114/><T14/><D32/><U132/><E113/><V120/><F120/><W94/><G37/><T10/><D129/><U3/><E125/><V118/><F130/><W56/><G131/><T20/><D111/><U102/><E18/><V91/><F134/><N who="1" m="51241" /><E5/><N who="2" m="1447" /><F74/><W100/><G133/><T43/><D20/><U119/><E3/><V13/><F13/><W6/><G6/><T73/><D10/><U31/><E31/><V55/><F55/><W49/><G100/><T58/><D73/><U109/><E119/><N who="2" m="45611" /><F42/><N who="0" m="15914" /><D93/><N who="1" m="58639" /><E109/><N who="3" m="42090" /><G79/><N who="0" m="46143" /><D58/><U101/><E101/><V2/><F2/><W19/><G30/><T4/><D4/><U35/><E35/><V71/><F71/><W83/><G28/><T8/><D8/><U24/><E24/><V68/><F68/><W126/><G126/><T123/><D123/><U64/><E64/><V1/><F1/><W69/><G69/><T53/><D53/><U62/><AGARI ba="2,0" hai="46,47,52,57,62,97,103,106" m="58639,51241" machi="62" ten="30,2000,0" yaku="20,1,54,1" doraHai="105" who="1" fromWho="1" sc="409,-12,197,26,197,-7,197,-7" />
</Scene>
<Scene>
<INIT seed="1,0,0,3,4,32" ten="397,223,190,190" oya="1" hai0="46,121,83,21,13,25,15,62,75,28,66,114,132" hai1="94,106,78,37,77,63,53,118,111,101,43,95,89" hai2="42,0,49,45,126,30,3,20,128,90,65,56,38" hai3="99,16,122,93,119,104,102,27,133,92,115,26,87"/><U107/><E37/><V129/><F126/><W81/><G122/><T48/><D114/><U120/><E43/><V72/><F72/><W109/><G115/><T57/><D121/><U100/><E120/><V82/><F82/><W35/><G119/><T74/><D132/><U123/><E123/><V19/><F30/><W41/><G133/><T110/><D110/><U73/><E53/><N who="2" m="31791" /><F90/><W22/><G109/><T84/><D75/><U39/><E39/><V71/><F20/><W135/><G41/><N who="0" m="24655" /><D74/><U50/><E50/><V76/><F19/><W58/><G135/><T55/><D55/><U44/><E44/><V131/><F76/><AGARI ba="0,0" hai="13,15,21,25,28,57,62,66,76,83,84" m="24655" machi="76" ten="30,1000,0" yaku="8,1" doraHai="32" who="0" fromWho="2" sc="397,10,223,0,190,-10,190,0" />
</Scene>
<Scene>
<INIT seed="2,0,0,0,3,105" ten="407,223,180,190" oya="2" hai0="100,90,122,28,69,65,71,13,33,60,58,5,91" hai1="50,16,82,45,73,106,55,68,72,96,12,81,97" hai2="1,132,101,34,8,64,18,135,115,131,111,121,43" hai3="41,6,118,107,79,2,53,46,116,63,23,70,75"/><V17/><F121/><W117/><G53/><T76/><D122/><U25/><E68/><V57/><F101/><W9/><G23/><T19/><D100/><U47/><E25/><V62/><F115/><W56/><G56/><T24/><D76/><U48/><E106/><V133/><F131/><W109/><G107/><T124/><D124/><U40/><E82/><V86/><F111/><W103/><G103/><T52/><D5/><U4/><E4/><N who="2" m="1039" /><F34/><W51/><G109/><T93/><D93/><U112/><E112/><V98/><F43/><W44/><G44/><T42/><D42/><U10/><REACH who="1" step="1"/><E81/><REACH who="1" ten="407,213,180,190" step="2"/><V104/><F132/><W123/><G123/><T22/><REACH who="0" step="1"/><D71/><REACH who="0" ten="397,213,180,190" step="2"/><U37/><E37/><V30/><F133/><W78/><G70/><T102/><D102/><U125/><E125/><V26/><F135/><W20/><G118/><T38/><D38/><U126/><E126/><V99/><F104/><W127/><G117/><T129/><D129/><U108/><E108/><V36/><F36/><W59/><G116/><T32/><D32/><U134/><E134/><V3/><F3/><W29/><G127/><T7/><D7/><U67/><E67/><V49/><F64/><W54/><G6/><T95/><D95/><U84/><E84/><V128/><F86/><W114/><G114/><T120/><D120/><U27/><E27/><V31/><F26/><N who="3" m="16583" /><G2/><T66/><D66/><U94/><E94/><V85/><F85/><W113/><G113/><T21/><D21/><U89/><E89/><V61/><F128/><W0/><G0/><T110/><D110/><U80/><E80/><RYUUKYOKU ba="0,2" sc="397,15,213,15,180,-15,190,-15" hai0="13,19,22,24,28,33,52,58,60,65,69,90,91" hai1="10,12,16,40,45,47,48,50,55,72,73,96,97" />
</Scene>
<Scene>
<INIT seed="3,1,2,5,1,15" ten="412,228,165,175" oya="3" hai0="19,96,1,90,73,79,7,44,124,60,21,81,88" hai1="87,64,82,70,53,54,34,125,10,100,33,91,67" hai2="130,2,36,117,52,5,51,80,95,103,111,37,30" hai3="48,115,17,45,20,74,76,83,98,58,4,104,105"/><W94/><G115/><T38/><D124/><U78/><E125/><V123/><F117/><W61/><G4/><T31/><D31/><U43/><E100/><V59/><F30/><W39/><G39/><T13/><D60/><U65/><E70/><V107/><F107/><W77/><G77/><T9/><D96/><U35/><E43/><AGARI ba="1,2" hai="1,7,9,13,19,21,38,43,44,73,79,81,88,90" machi="43" ten="40,8000,1" yaku="25,2,52,1,54,1" doraHai="15" who="0" fromWho="1" sc="412,103,228,-83,165,0,175,0" />
</Scene>
<Scene>
<INIT seed="4,0,0,2,5,112" ten="515,145,165,175" oya="0" hai0="34,19,104,49,7,27,115,131,126,124,2,0,1" hai1="121,76,113,125,57,135,32,114,66,18,33,12,43" hai2="13,25,97,94,77,110,71,37,134,50,75,107,41" hai3="61,87,59,64,93,79,99,23,58,42,24,106,68"/><T38/><D38/><U101/><E121/><V108/><F37/><W73/><G73/><T54/><D104/><U84/><E125/><N who="0" m="48233" /><D115/><N who="1" m="44043" /><E135/><V80/><F107/><W86/><G42/><T120/><D120/><U90/><E101/><V100/><F71/><W81/><G106/><T74/><D74/><U83/><E43/><V44/><F134/><W8/><G86/><T53/><D131/><U3/><E3/><V31/><REACH who="2" step="1"/><F13/><REACH who="2" ten="515,145,155,175" step="2"/><W119/><G68/><T89/><D0/><U26/><E12/><V65/><F65/><W47/><G64/><T46/><D1/><U16/><E66/><V45/><F45/><W117/><G47/><T132/><D46/><U91/><E57/><V48/><F48/><W69/><G69/><T105/><D2/><U36/><E36/><V72/><F72/><W127/><G127/><T55/><D49/><U111/><E111/><V51/><F51/><W14/><G59/><T85/><D105/><U102/><E26/><V63/><F63/><W122/><G58/><T98/><D132/><U78/><E78/><V10/><F10/><W21/><G61/><T22/><D27/><U88/><E102/><V82/><F82/><W35/><G122/><T4/><D53/><U103/><E103/><V17/><F17/><AGARI ba="0,1" hai="16,17,18,32,33,76,83,84,88,90,91" m="44043" machi="17" ten="30,7700,0" yaku="15,1,11,1,54,2" doraHai="112" who="1" fromWho="2" sc="515,0,145,87,155,-77,175,0" />
</Scene>
<Scene>
<INIT seed="5,0,0,4,2,63" ten="515,232,78,175" oya="1" hai0="89,30,42,99,68,12,112,13,65,97,132,49,114" hai1="43,107,90,10,78,71,109,51,58,85,135,59,98" hai2="96,45,108,19,79,16,22,122,93,119,47,40,9" hai3="8,29,60,103,92,5,126,33,101,44,3,115,53"/><U48/><E71/><V129/><F108/><W102/><G115/><N who="0" m="44075" /><D132/><U130/><E135/><V70/><F119/><W87/><G126/><T111/><D111/><U80/><E109/><V35/><F122/><W50/><G33/><T77/><D77/><U123/><E123/><V6/><F70/><W116/><G29/><T73/><D73/><U125/><E125/><V32/><F79/><W4/><G116/><T41/><D30/><U24/><E130/><V15/><F129/><W120/><G4/><T18/><D49/><U124/><E124/><V57/><F57/><W117/><G117/><T134/><D134/><U66/><E51/><V11/><F11/><W17/><G17/><T20/><D12/><U28/><E48/><V38/><F45/><W127/><G127/><T131/><D131/><U74/><E28/><V69/><F69/><W128/><G128/><T81/><D81/><U62/><E80/><V23/><F23/><W82/><G120/><T100/><D89/><U25/><E90/><V21/><F21/><W84/><G92/><N who="0" m="58407" /><D99/><U118/><E98/><V36/><F36/><W54/><G82/><T31/><D31/><U37/><E37/><V106/><F106/><W26/><G26/><T64/><D68/><U34/><E25/><V61/><F61/><W83/><G83/><T75/><D75/><U52/><E24/><N who="2" m="14431" /><F6/><W46/><G60/><T7/><D7/><U27/><E62/><V2/><F2/><W39/><G39/><T121/><D121/><U105/><E118/><V76/><F76/><W113/><G113/><T104/><D104/><U72/><E105/><RYUUKYOKU ba="0,0" sc="515,10,232,-30,78,10,175,10" hai0="13,18,20,41,42,64,65" hai2="9,15,16,32,35,38,40,47,93,96" hai3="3,5,8,44,46,50,53,54,84,87,101,102,103" />
</Scene>
<Scene>
<INIT seed="6,1,0,4,0,10" ten="525,202,88,185" oya="2" hai0="66,48,134,85,106,19,56,25,126,130,22,40,18" hai1="20,110,57,16,112,118,53,88,29,27,105,72,91" hai2="14,68,78,49,45,74,63,44,17,77,135,124,84" hai3="116,133,125,86,9,100,109,113,31,28,3,36,42"/><V92/><F74/><W52/><G109/><T54/><D106/><U55/><E110/><V103/><F124/><W131/><G125/><T30/><D126/><U5/><E118/><V23/><F135/><W15/><G116/><T37/><D134/><U102/><E72/><V58/><F68/><W79/><G3/><T38/><D130/><U115/><E5/><V129/><F129/><W50/><G133/><T21/><D66/><U11/><E102/><V6/><F6/><N who="3" m="3511" /><G36/><T89/><D40/><U94/><E105/><V80/><F103/><W96/><G131/><T32/><D32/><N who="1" m="20543" /><E11/><V65/><F92/><N who="3" m="58375" /><G42/><T99/><D99/><N who="1" m="57799" /><E91/><V114/><F114/><N who="1" m="43561" /><E57/><V123/><F123/><W4/><G4/><T47/><D47/><U117/><E117/><V7/><F7/><W104/><G104/><T127/><D127/><U59/><E59/><V73/><F73/><W128/><G128/><T82/><D30/><U35/><E35/><V76/><REACH who="2" step="1"/><F45/><REACH who="2" ten="525,202,78,185" step="2"/><N who="3" m="27727" /><G113/><T71/><D71/><U60/><E60/><V119/><F119/><W98/><G98/><T107/><D107/><U87/><E87/><V41/><AGARI ba="1,1" hai="14,17,23,41,44,49,58,63,65,76,77,78,80,84" machi="41" ten="20,12000,1" yaku="1,1,0,1,7,1,8,1,52,1,53,0" doraHai="10" doraHaiUra="33" who="2" fromWho="2" sc="525,-41,202,-41,78,133,185,-41" />
</Scene>
<Scene>
<INIT seed="6,2,0,1,1,14" ten="484,161,211,144" oya="2" hai0="117,5,114,13,21,81,52,49,125,90,71,18,47" hai1="120,59,34,104,106,97,56,89,135,96,94,133,65" hai2="74,72,66,107,50,88,61,105,121,131,130,3,123" hai3="40,80,39,103,83,33,46,38,101,1,92,93,128"/><V51/><F3/><W113/><G33/><T0/><D71/><U28/><E120/><N who="2" m="46155" /><F66/><W24/><G1/><T35/><D35/><U132/><E65/><V37/><F61/><W20/><G128/><N who="2" m="49193" /><F37/><W124/><G124/><T112/><D125/><U57/><REACH who="1" step="1"/><E97/><REACH who="1" ten="484,151,211,144" step="2"/><V4/><F74/><W108/><G108/><T11/><D117/><U79/><E79/><V17/><F72/><W22/><G113/><N who="0" m="43627" /><D81/><U116/><E116/><V111/><F111/><W23/><G80/><T12/><D90/><U36/><E36/><V41/><F88/><W122/><G83/><T110/><D110/><U7/><E7/><V99/><F4/><W63/><G122/><T44/><D44/><U29/><E29/><V16/><F99/><W2/><G39/><T58/><D47/><U126/><E126/><V118/><F118/><W19/><G2/><AGARI ba="2,1" hai="0,2,5,11,12,13,18,21,49,52,58" m="43627" machi="2" ten="30,3900,0" yaku="15,1,52,1,54,1" doraHai="14" who="0" fromWho="3" sc="484,55,151,0,211,0,144,-45" />
</Scene>
<Scene>
<INIT seed="7,0,0,0,3,101" ten="539,151,211,99" oya="3" hai0="99,56,49,129,70,14,48,38,17,45,82,12,40" hai1="72,8,92,51,112,94,120,19,16,43,31,47,128" hai2="123,50,117,86,32,77,110,2,100,55,63,76,134" hai3="11,53,105,71,20,67,42,1,10,125,60,0,66"/><W65/><G125/><T116/><D129/><U22/><E120/><V81/><F2/><W5/><G42/><T85/><D116/><U90/><E72/><V111/><F32/><W131/><G131/><T27/><D70/><U44/><E128/><V24/><F117/><W15/><G20/><N who="0" m="13711" /><D38/><U127/><E112/><V109/><F134/><W97/><G71/><T96/><D56/><U98/><E127/><V58/><F123/><W35/><G35/><T124/><D49/><N who="1" m="26783" /><E8/><V122/><F122/><W25/><G25/><T33/><D33/><U46/><E46/><V108/><F108/><W107/><G97/><N who="0" m="37451" /><D124/><U28/><E92/><V79/><F24/><W13/><G1/><T95/><D95/><U54/><E19/><V80/><F100/><W26/><G26/><AGARI ba="0,0" hai="16,22,26,28,31,47,51,54,90,94,98" m="26783" machi="26" ten="30,2000,0" yaku="8,1,54,1" doraHai="101" who="1" fromWho="3" sc="539,0,151,20,211,0,99,-20" owari="539,64.0,171,-23.0,211,1.0,79,-42.0" />
</Scene>
</mjloggm>