<mjloggm ver="2.3"><GO type="169" lobby="0"/><UN n0="%E5%A4%AA%E3%81%8F%E3%81%AA%E3%81%84%E3%81%8A" n1="%E5%89%A3%E5%9F%8E" n2="%EF%BC%A0%E6%A3%AE" n3="%E3%81%84%E3%81%A1%E3%81%8B%E3%82%8F%E2%99%AA" dan="18,16,16,17" rate="2229.06,2053.72,2094.95,2152.17" sx="F,M,F,M"/><TAIKYOKU oya="0"/>

<Scene>
<INIT seed="0,0,0,4,2,4" ten="250,250,250,250" oya="0" hai0="7,74,77,60,8,10,129,96,109,100,84,36,101" hai1="71,9,120,20,87,92,22,75,62,28,106,110,42" hai2="43,29,119,18,70,89,93,47,13,116,126,122,99" hai3="33,53,125,85,81,108,90,113,56,95,66,0,78"/><T115/><D115/><U88/><E120/><V23/><F122/><W114/><G33/><T32/><D32/><U130/><E106/><V24/><F70/><W19/><G108/><T6/><D36/><U131/><E75/><V76/><F126/><W1/><G125/><T58/><D74/><U34/><E110/><V97/><F76/><W39/><G39/><T45/><D109/><U52/><E42/><V51/><REACH who="2" step="1"/><F99/><REACH who="2" ten="250,250,240,250" step="2"/><W127/><G127/><T124/><D124/><U83/><E71/><V103/><F103/><W107/><G114/><T21/><D100/><U79/><E130/><V80/><F80/><W27/><G113/><T65/><D129/><U63/><E131/><V57/><F57/><W61/><G107/><T40/><D96/><U128/><E128/><V46/><F46/><W44/><G44/><T82/><D101/><U35/><E79/><V25/><F25/><W105/><G105/><T64/><D45/><U91/><E83/><V72/><F72/><W104/><G104/><T102/><D102/><U50/><E91/><V26/><F26/><W11/><G27/><T41/><D58/><U133/><E88/><V37/><F37/><W49/><G78/><T123/><D123/><U134/><E92/><V121/><F121/><W17/><G95/><T48/><D77/><U132/><E132/><V111/><F111/><W67/><G81/><T3/><D82/><U117/><E134/><V98/><F98/><W118/><G56/><T38/><D38/><U59/><E117/><V135/><F135/><W15/><G90/><T69/><D69/><U31/><E133/><RYUUKYOKU ba="0,1" sc="250,-10,250,-10,240,30,250,-10" hai2="13,18,23,24,29,43,47,51,89,93,97,116,119" />
</Scene>
<Scene>
<INIT seed="1,1,1,5,4,119" ten="240,240,270,240" oya="1" hai0="80,76,88,46,109,0,33,60,8,102,26,51,111" hai1="114,92,58,110,10,43,98,61,127,129,63,11,107" hai2="106,91,65,70,79,48,103,53,9,66,4,128,120" hai3="83,131,77,90,85,123,121,47,2,64,82,34,115"/><U71/><E114/><V5/><F128/><W74/><G34/><T23/><D102/><U39/><E129/><V69/><F79/><W32/><G32/><T42/><D33/><U101/><E127/><V56/><F120/><W38/><G2/><T22/><D60/><U44/><E110/><N who="0" m="41993" /><D26/><U16/><E107/><V55/><F103/><W95/><G131/><T117/><D117/><U108/><E108/><V40/><F106/><W31/><G31/><T24/><D24/><U13/><E71/><V27/><F27/><W86/><G64/><T36/><D51/><U104/><E104/><V116/><F116/><W52/><G115/><T17/><D88/><U122/><E122/><V30/><F91/><W68/><G68/><T37/><D37/><U18/><REACH who="1" step="1"/><E58/><REACH who="1" ten="240,230,270,240" step="2"/><V84/><F69/><W105/><G105/><T126/><D126/><U87/><E87/><V75/><F84/><W29/><G29/><T134/><D134/><U20/><E20/><V28/><F70/><W93/><G83/><T96/><D23/><U81/><E81/><V57/><F30/><W14/><G82/><T89/><D22/><U7/><E7/><V97/><F28/><W73/><G123/><T62/><D80/><U59/><E59/><V49/><F56/><W35/><G121/><T6/><D6/><U67/><E67/><V112/><F57/><W78/><G86/><T19/><D62/><U45/><E45/><V124/><F5/><W135/><G85/><T3/><D46/><U132/><E132/><V21/><F4/><W125/><G135/><T100/><D3/><U1/><E1/><RYUUKYOKU ba="1,2" sc="240,-10,230,30,270,-10,240,-10" hai1="10,11,13,16,18,39,43,44,61,63,92,98,101" />
</Scene>
<Scene>
<INIT seed="1,2,2,5,1,80" ten="230,260,260,230" oya="1" hai0="106,113,13,128,111,114,7,32,127,10,93,3,37" hai1="68,55,66,44,95,123,31,73,60,45,92,115,6" hai2="109,107,29,63,120,129,117,11,91,124,79,82,57" hai3="52,74,48,85,94,9,5,72,77,15,21,88,61"/><U59/><E73/><V46/><F120/><W28/><G77/><T18/><D106/><U14/><E123/><V58/><F117/><W16/><G61/><T17/><D37/><U54/><E115/><N who="0" m="44041" /><D93/><N who="1" m="35915" /><E68/><V51/><F107/><W103/><G28/><T100/><D100/><U8/><E31/><V69/><F124/><W135/><G135/><T19/><D32/><U131/><E131/><V2/><F129/><W35/><G35/><T67/><D67/><U20/><E20/><V110/><F91/><W119/><G119/><T43/><D43/><U132/><E132/><V36/><F29/><W25/><G103/><T49/><D49/><N who="1" m="28975" /><E44/><AGARI ba="2,2" hai="5,9,15,16,21,25,44,48,52,72,74,85,88,94" machi="44" ten="30,8000,1" yaku="7,1,52,1,54,3" doraHai="80" who="3" fromWho="1" sc="230,0,260,-86,260,0,230,106" />
</Scene>
<Scene>
<INIT seed="2,0,0,2,4,86" ten="230,174,260,336" oya="2" hai0="79,34,57,132,62,10,55,29,90,75,48,25,27" hai1="129,2,33,96,68,36,94,42,92,74,64,113,93" hai2="43,50,9,4,15,83,115,103,45,66,3,58,78" hai3="67,125,89,14,44,61,111,52,87,106,102,31,72"/><V80/><F115/><W100/><G72/><T32/><D132/><U84/><E74/><V91/><F3/><W134/><G106/><T118/><D118/><U23/><E33/><V38/><F103/><W12/><G31/><T109/><D109/><U112/><E2/><V108/><F108/><W63/><G134/><T124/><D124/><U97/><E68/><V135/><F135/><W105/><G105/><T126/><D126/><U24/><E36/><V81/><F38/><W88/><G125/><T1/><D79/><U19/><E112/><V20/><F20/><W28/><G28/><T46/><D75/><U35/><E35/><V71/><F71/><W41/><G41/><T70/><D70/><U95/><E129/><V30/><F30/><W65/><G87/><T120/><D120/><U6/><E6/><V110/><F110/><W85/><G85/><T131/><D25/><U69/><E113/><V21/><F21/><W133/><G133/><T119/><D119/><U5/><E5/><V16/><F4/><W47/><G111/><T101/><D34/><U122/><E122/><V130/><F130/><W11/><G52/><T59/><D131/><U82/><E42/><V114/><F114/><W128/><G128/><T40/><D59/><U13/><N who="1" m="23552" /><DORA hai="99" /><U54/><E54/><V51/><F78/><W49/><REACH who="3" step="1"/><G11/><REACH who="3" ten="230,174,260,326" step="2"/><T60/><D10/><U73/><E73/><V77/><F77/><W0/><G0/><T123/><D55/><U107/><E107/><V98/><F43/><W37/><G37/><T56/><D40/><U116/><E84/><V117/><F9/><RYUUKYOKU ba="0,1" sc="230,-10,174,-10,260,-10,326,30" hai3="12,14,44,47,49,61,63,65,67,88,89,100,102" />
</Scene>
<Scene>
<INIT seed="3,1,1,4,0,123" ten="220,164,250,356" oya="3" hai0="124,128,92,95,68,20,6,25,64,109,8,15,41" hai1="106,24,112,2,21,30,19,0,72,37,13,82,107" hai2="70,55,53,111,100,52,22,131,91,23,10,135,62" hai3="104,130,59,103,73,1,50,78,60,44,75,42,89"/><W80/><G1/><T17/><D128/><U113/><E37/><V84/><F131/><W115/><G130/><T98/><D124/><U31/><E72/><V118/><F135/><W93/><G115/><T83/><D41/><U11/><E82/><V87/><F118/><W96/><G75/><T121/><D121/><U4/><E106/><V46/><F111/><W7/><G7/><T74/><D109/><U63/><E63/><V122/><F122/><W39/><G50/><T36/><D36/><U97/><E97/><V127/><F100/><W134/><G134/><T81/><D74/><U35/><E107/><V119/><F127/><W49/><G49/><T5/><D68/><U48/><E48/><V54/><F119/><W76/><G76/><T29/><D64/><U27/><E0/><V71/><F10/><AGARI ba="1,1" hai="2,4,10,11,13,19,21,24,27,30,31,35,112,113" machi="10" ten="30,7700,0" yaku="7,1,34,3" doraHai="123" who="1" fromWho="2" sc="220,0,164,90,250,-80,356,0" />
</Scene>
<Scene>
<INIT seed="4,0,0,4,5,35" ten="220,254,170,356" oya="0" hai0="69,66,27,85,101,40,1,117,48,49,125,73,37" hai1="131,87,46,134,18,11,61,24,78,129,6,81,47" hai2="88,110,39,3,43,98,123,56,130,83,116,105,135" hai3="23,10,58,94,31,36,15,42,80,119,118,70,112"/><T90/><D117/><U20/><E134/><V7/><F123/><W0/><G70/><T95/><D73/><U60/><E46/><V22/><F116/><W32/><G32/><T4/><D125/><U103/><E103/><V102/><F110/><W2/><G80/><T75/><D75/><U74/><E87/><V55/><F135/><W77/><G77/><T57/><D69/><U33/><E33/><V30/><F130/><W67/><G94/><T100/><D37/><U120/><E120/><V89/><F43/><W8/><G58/><T133/><D133/><U16/><E18/><V41/><F41/><W28/><G67/><T79/><D79/><U68/><E68/><V132/><F39/><W71/><G42/><T29/><D40/><U86/><E47/><V115/><F132/><W51/><G51/><N who="0" m="19531" /><D1/><N who="1" m="463" /><E74/><V59/><F83/><W106/><G71/><T52/><D4/><U82/><E82/><V114/><F7/><W97/><G106/><T76/><D66/><U54/><E54/><V126/><F3/><W53/><G53/><T99/><D76/><U64/><E64/><V38/><F38/><W84/><G36/><T111/><D111/><U72/><E72/><V128/><F126/><W127/><G127/><T45/><D45/><U113/><E113/><N who="2" m="43019" /><F128/><AGARI ba="0,0" hai="16,20,24,60,61,78,81,86,128,129,131" m="463" machi="128" ten="30,3900,0" yaku="19,1,52,1,54,1" doraHai="35" who="1" fromWho="2" sc="220,0,254,39,170,-39,356,0" />
</Scene>
<Scene>
<INIT seed="5,0,0,2,2,100" ten="220,293,131,356" oya="1" hai0="53,126,54,113,99,134,73,96,5,55,2,22,74" hai1="30,108,75,61,59,42,116,93,104,32,31,38,114" hai2="124,120,63,57,44,45,68,86,46,12,48,71,81" hai3="95,87,49,29,88,82,121,91,97,103,98,27,21"/><U115/><E75/><V125/><F12/><W118/><G118/><T58/><D113/><U66/><E116/><V47/><F120/><W128/><G128/><T77/><D126/><N who="2" m="48746" /><F81/><W51/><G121/><T112/><D112/><U132/><E132/><V1/><F86/><W11/><REACH who="3" step="1"/><G11/><REACH who="3" ten="220,293,131,346" step="2"/><T122/><D122/><U102/><E114/><V13/><F1/><W9/><G9/><T78/><D2/><U76/><E115/><V33/><F33/><W19/><G19/><T26/><D134/><U111/><E32/><V52/><F13/><W110/><G110/><T70/><D5/><U3/><E108/><V83/><F83/><W119/><G119/><T64/><D22/><U35/><E35/><V65/><AGARI ba="0,1" hai="44,45,46,47,48,52,57,63,65,68,71" m="48746" machi="65" ten="30,7900,0" yaku="18,1,34,2,54,1" doraHai="100" who="2" fromWho="2" sc="220,-20,293,-39,131,89,346,-20" />
</Scene>
<Scene>
<INIT seed="6,0,0,4,0,128" ten="200,254,220,326" oya="2" hai0="61,118,111,53,106,114,120,132,125,71,126,39,91" hai1="32,104,77,110,87,63,27,60,94,41,83,59,74" hai2="56,99,37,113,119,21,101,130,47,2,73,0,33" hai3="121,96,18,107,14,112,115,58,34,66,30,98,69"/><V131/><F119/><W79/><G79/><T10/><RYUUKYOKU type="yao9" ba="0,0" sc="200,0,254,0,220,0,326,0" hai0="10,39,53,61,71,91,106,111,114,118,120,125,126,132" />
</Scene>
<Scene>
<INIT seed="6,1,0,2,4,42" ten="200,254,220,326" oya="2" hai0="87,132,135,12,66,68,16,109,84,55,6,94,14" hai1="48,114,122,103,61,128,41,113,19,10,40,86,67" hai2="85,53,7,88,9,73,8,125,62,102,1,90,5" hai3="97,95,30,77,96,3,115,63,124,56,75,59,98"/><V49/><F73/><W38/><G3/><T36/><D109/><U120/><E103/><V118/><F118/><W58/><G38/><T60/><D36/><U24/><E86/><V23/><F125/><W32/><G124/><T39/><D39/><U27/><E10/><V15/><F62/><W57/><G115/><N who="1" m="44042" /><E19/><V116/><F116/><W105/><G105/><T21/><D55/><U92/><E92/><V74/><F74/><W17/><G77/><T117/><D117/><U107/><E107/><V71/><F71/><W31/><G75/><T133/><REACH who="0" step="1"/><D94/><REACH who="0" ten="190,254,220,326" step="2"/><U64/><E120/><V112/><F112/><W80/><G95/><T123/><D123/><U37/><E37/><V35/><F35/><W106/><G106/><T110/><D110/><U78/><E122/><V13/><F1/><W131/><G32/><T28/><D28/><U99/><E40/><V29/><F102/><W43/><G31/><T33/><D33/><U20/><E41/><V54/><F53/><W69/><G30/><T25/><D25/><U126/><E27/><N who="2" m="16639" /><F85/><W130/><G43/><T72/><D72/><U101/><E101/><V121/><F121/><W45/><G63/><T79/><D79/><U111/><E61/><V83/><F83/><W65/><G80/><T76/><D76/><U44/><E78/><V2/><F2/><W18/><G65/><T93/><D93/><U51/><E64/><V46/><AGARI ba="1,1" hai="5,7,8,9,13,15,46,49,54,88,90" m="16639" machi="46" ten="30,6000,0" yaku="8,1,52,1,54,1" doraHai="42" who="2" fromWho="2" sc="190,-21,254,-21,220,73,326,-21" />
</Scene>
<Scene>
<INIT seed="6,2,0,1,2,87" ten="169,233,293,305" oya="2" hai0="105,35,57,45,135,108,123,113,131,98,73,97,102" hai1="74,23,5,9,82,71,53,90,30,67,122,16,76" hai2="70,58,106,47,118,132,18,64,78,50,25,13,49" hai3="129,119,117,3,40,2,14,38,29,60,61,20,134"/><V32/><F118/><W34/><G34/><T68/><RYUUKYOKU type="yao9" ba="2,0" sc="169,0,233,0,293,0,305,0" hai0="35,45,57,68,73,97,98,102,105,108,113,123,131,135" />
</Scene>
<Scene>
<INIT seed="6,3,0,3,0,75" ten="169,233,293,305" oya="2" hai0="49,53,68,89,105,96,12,60,100,72,38,90,101" hai1="34,6,74,39,24,44,8,56,5,85,127,26,76" hai2="108,66,64,41,11,27,70,33,52,59,21,103,88" hai3="14,63,35,31,28,25,16,107,1,99,32,94,55"/><V130/><F33/><W113/><G1/><T51/><D38/><U125/><E34/><V126/><F70/><W79/><G107/><T122/><D122/><U37/><E74/><V10/><F126/><W112/><G31/><T23/><D72/><U0/><E5/><V121/><F121/><W91/><G35/><T48/><D100/><U69/><E69/><V13/><F41/><W20/><G79/><T17/><REACH who="0" step="1"/><D53/><REACH who="0" ten="159,233,293,305" step="2"/><U118/><E125/><V124/><F103/><W131/><G131/><T22/><D22/><U116/><E127/><V81/><F124/><W83/><G83/><T134/><D134/><U57/><E37/><V3/><F130/><W93/><G93/><T115/><D115/><N who="3" m="44105" /><G55/><T73/><D73/><U102/><E102/><V15/><F108/><W62/><AGARI ba="3,1" hai="14,16,20,25,28,32,62,63,91,94,99" m="44105" machi="62" ten="30,4000,0" yaku="15,1,11,1,54,1" doraHai="75" who="3" fromWho="3" sc="159,-13,233,-13,293,-23,305,59" />
</Scene>
<Scene>
<INIT seed="7,0,0,4,2,116" ten="146,220,270,364" oya="3" hai0="50,12,71,10,68,109,34,78,82,95,66,47,39" hai1="4,101,114,94,88,41,59,37,134,27,133,6,42" hai2="56,9,0,22,124,65,123,17,69,83,112,18,122" hai3="61,119,96,86,63,60,102,79,28,100,81,111,87"/><W106/><G111/><T45/><D109/><U92/><E114/><V15/><F112/><W105/><G28/><T36/><D34/><U32/><E59/><V130/><F69/><W131/><G131/><T58/><D95/><U11/><E32/><V38/><F38/><W98/><G119/><T75/><D58/><U31/><E27/><N who="2" m="14807" /><F124/><W1/><G1/><T104/><D104/><U14/><E31/><V121/><F0/><W29/><G29/><T103/><D103/><U108/><E108/><V13/><F83/><W93/><G93/><T8/><D66/><U23/><E23/><V40/><F40/><W64/><G87/><T35/><D35/><U19/><E37/><V16/><F56/><AGARI ba="0,0" hai="56,60,61,63,64,79,81,86,96,98,100,102,105,106" machi="56" ten="30,2900,0" yaku="7,1,9,1" doraHai="116" who="3" fromWho="2" sc="146,0,220,0,270,-29,364,29" owari="146,-35.0,220,-18.0,241,4.0,393,49.0" />
</Scene>
</mjloggm>