<mjloggm ver="2.3"><GO type="169" lobby="0"/><UN n0="%63%68%6F%6E%6A%69" n1="%E3%81%8B%E3%81%92%E3%81%8D%E3%82%85%E3%81%86" n2="%E5%A4%AA%E3%81%8F%E3%81%AA%E3%81%84%E3%81%8A" n3="%E9%98%BF%E6%BE%84%E4%BD%B3%E5%A5%88" dan="16,17,18,16" rate="2006.75,2208.05,2240.69,2072.15" sx="M,M,F,F"/><TAIKYOKU oya="0"/>

<Scene>
<INIT seed="0,0,0,3,0,40" ten="250,250,250,250" oya="0" hai0="26,20,17,97,31,65,55,118,6,30,48,76,104" hai1="28,16,111,81,11,72,25,128,19,74,24,18,43" hai2="60,131,126,135,120,10,34,68,23,8,33,84,98" hai3="5,77,127,124,67,71,99,50,58,106,73,130,15"/><T70/><D118/><U56/><E128/><V44/><F120/><W119/><G73/><T83/><D6/><U45/><E111/><V13/><F131/><W101/><G77/><T21/><D21/><U86/><E56/><V38/><F126/><N who="3" m="48171" /><G130/><T90/><D65/><U62/><E62/><V123/><F123/><W35/><G35/><T9/><D9/><U133/><E11/><V47/><F135/><W121/><G119/><T105/><D70/><U41/><E41/><V69/><F38/><W32/><G32/><T129/><D129/><U102/><E102/><V112/><F98/><W115/><G115/><T85/><D105/><U122/><E133/><V91/><F112/><W103/><G103/><T100/><REACH who="0" step="1"/><D76/><REACH who="0" ten="240,250,250,250" step="2"/><U27/><E122/><V108/><F23/><W42/><G71/><T107/><D107/><U78/><REACH who="1" step="1"/><E28/><REACH who="1" ten="240,240,250,250" step="2"/><V93/><F68/><W125/><G125/><T51/><D51/><AGARI ba="0,2" hai="16,18,19,24,25,27,43,45,51,72,74,78,81,86" machi="51" ten="40,8000,1" yaku="1,1,2,1,52,1,54,1,53,0" doraHai="40" doraHaiUra="117" who="1" fromWho="0" sc="240,-80,240,100,250,0,250,0" />
</Scene>
<Scene>
<INIT seed="1,0,0,2,0,73" ten="160,340,250,250" oya="1" hai0="115,107,99,35,125,6,129,101,40,77,81,14,39" hai1="22,120,15,71,36,55,95,23,131,20,130,65,54" hai2="48,37,59,84,29,114,105,57,112,49,8,34,67" hai3="1,80,2,3,122,10,90,51,106,44,72,108,31"/><U85/><E36/><V123/><F105/><W110/><G122/><T93/><D115/><N who="2" m="44074" /><F123/><W24/><G106/><T26/><D129/><N who="1" m="49163" /><E120/><V64/><F8/><W76/><G90/><T66/><D125/><U109/><E109/><N who="3" m="42090" /><G51/><N who="2" m="19529" /><F84/><W100/><G44/><T132/><D132/><U70/><E15/><V98/><F98/><W119/><G100/><T117/><D117/><U7/><E7/><V56/><F29/><W83/><G83/><T60/><D40/><U28/><E28/><V47/><F34/><N who="3" m="20839" /><G119/><T9/><D39/><U133/><E133/><V96/><F96/><W16/><G16/><T89/><D26/><U13/><E13/><V38/><F47/><W94/><G94/><T86/><D35/><U46/><E46/><V78/><F78/><W19/><G19/><T42/><D42/><U75/><E95/><V79/><F79/><W118/><G118/><T61/><REACH who="0" step="1"/><D66/><AGARI ba="0,0" hai="37,38,56,57,59,64,66,67" m="19529,44074" machi="66" ten="40,8000,1" yaku="28,2,11,1,34,2" doraHai="73" who="2" fromWho="0" sc="160,-80,340,0,250,80,250,0" />
</Scene>
<Scene>
<INIT seed="2,0,0,4,4,98" ten="80,340,330,250" oya="2" hai0="91,20,92,97,35,104,128,105,34,50,76,43,4" hai1="131,2,19,72,67,122,114,107,62,108,118,5,130" hai2="0,36,79,65,112,110,23,27,64,73,63,12,9" hai3="89,113,57,17,132,53,75,87,115,103,55,47,133"/><V80/><F112/><N who="3" m="43083" /><G75/><T95/><D128/><U41/><E72/><V117/><F117/><W37/><G37/><T126/><D126/><U22/><E114/><V69/><F110/><W102/><G47/><T46/><D76/><U120/><E107/><V106/><F36/><W42/><G42/><T81/><D81/><U8/><E41/><V74/><F65/><W61/><G17/><T16/><D4/><U99/><E99/><V30/><F106/><W39/><G53/><T109/><D95/><U90/><E90/><V88/><F0/><W33/><G33/><T18/><D18/><U94/><E94/><V28/><F28/><W6/><G6/><T82/><D109/><U38/><E38/><V66/><F66/><W78/><G78/><T52/><D82/><U31/><E31/><V24/><F24/><W129/><G129/><N who="1" m="49162" /><E118/><V116/><F116/><W51/><G61/><T40/><D105/><U135/><E108/><V125/><F125/><W21/><G21/><T119/><D119/><U10/><E62/><V44/><F74/><W123/><G39/><T101/><D35/><U84/><E67/><V77/><F44/><W85/><G123/><N who="1" m="47146" /><E84/><N who="3" m="32330" /><G89/><T13/><REACH who="0" step="1"/><D34/><REACH who="0" ten="70,340,330,250" step="2"/><U7/><E5/><N who="2" m="3119" /><F79/><W124/><G124/><T11/><D11/><N who="1" m="4139" /><E7/><V60/><F73/><W48/><G48/><T100/><D100/><AGARI ba="0,1" hai="51,55,57,100,102,103,132,133" m="32330,43083" machi="100" ten="30,7700,0" yaku="11,1,52,3" doraHai="98" who="3" fromWho="0" sc="70,-77,340,0,330,0,250,87" owari="-7,-51.0,340,44.0,330,-7.0,337,14.0" />
</Scene>
</mjloggm>