<mjloggm ver="2.3"><GO type="169" lobby="0"/><UN n0="%E3%82%A6%E3%82%A3%E3%83%89%E3%82%A5%EF%BC%A0%E9%98%AA%E7%A5%9E" n1="%E5%A4%AA%E3%81%8F%E3%81%AA%E3%81%84%E3%81%8A" n2="%E8%B7%AF%E5%9C%B0%E8%A3%8F%E3%81%AE%E3%81%B2%E3%81%BE%E3%82%8F%E3%82%8A" n3="%7A%65%72%6F%52%58" dan="17,18,16,16" rate="2152.65,2252.56,2113.73,2093.40" sx="M,F,M,M"/><TAIKYOKU oya="0"/>

<Scene>
<INIT seed="0,0,0,0,0,73" ten="250,250,250,250" oya="0" hai0="124,21,99,5,18,80,121,78,35,1,113,127,22" hai1="47,116,48,36,97,103,105,20,88,2,31,49,120" hai2="117,12,83,74,92,129,81,10,64,110,84,43,109" hai3="128,104,60,118,58,134,68,61,111,38,98,102,8"/><T62/><D121/><U126/><E120/><V29/><F29/><W123/><G8/><N who="0" m="2095" /><D113/><U130/><E116/><V52/><F64/><W40/><G58/><T55/><D99/><U106/><E2/><V76/><F43/><W32/><G60/><T125/><D35/><U66/><E106/><V75/><F117/><W72/><G61/><T23/><D62/><U42/><E66/><V56/><F92/><W119/><G102/><T63/><D63/><U133/><E133/><V95/><F95/><W54/><G54/><T90/><D90/><U115/><E115/><V24/><F24/><W4/><G40/><T6/><D6/><U108/><E97/><V13/><F129/><W45/><G45/><T87/><D55/><U69/><E47/><V51/><F13/><AGARI ba="0,0" hai="13,18,21,22,23,78,80,87,124,125,127" m="2095" machi="13" ten="30,2900,0" yaku="18,1,52,1" doraHai="73" who="0" fromWho="2" sc="250,29,250,0,250,-29,250,0" />
</Scene>
<Scene>
<INIT seed="0,1,0,4,2,91" ten="279,250,221,250" oya="0" hai0="5,71,121,123,68,44,134,67,97,131,33,79,69" hai1="31,59,41,17,105,21,77,104,3,55,18,112,36" hai2="95,116,39,11,72,87,58,13,89,81,25,28,99" hai3="120,0,46,106,82,125,103,43,98,90,52,57,42"/><T76/><D33/><U48/><E3/><V34/><F116/><W27/><G0/><T93/><D5/><U88/><E77/><V4/><F39/><W101/><G125/><T60/><D131/><U114/><E31/><V6/><F72/><W20/><G120/><T117/><D117/><U40/><E18/><V32/><F58/><W122/><G122/><T7/><D7/><U129/><E129/><V29/><F29/><W14/><G14/><T64/><D134/><U86/><E104/><V115/><F115/><N who="1" m="44073" /><E105/><V49/><F49/><W85/><G46/><T19/><D121/><U127/><E36/><V16/><REACH who="2" step="1"/><F34/><REACH who="2" ten="279,250,211,250" step="2"/><W9/><G103/><AGARI ba="1,1" hai="4,6,11,13,16,25,28,32,81,87,89,95,99,103" machi="103" ten="30,8000,1" yaku="1,1,2,1,7,1,52,1,54,1,53,0" doraHai="91" doraHaiUra="45" who="2" fromWho="3" sc="279,0,250,0,211,93,250,-83" />
</Scene>
<Scene>
<INIT seed="1,0,0,0,3,55" ten="279,250,304,167" oya="1" hai0="20,53,102,39,130,26,31,48,45,109,44,111,28" hai1="4,120,127,134,116,3,74,5,61,13,71,14,124" hai2="51,89,94,117,110,72,85,52,9,87,98,15,101" hai3="108,67,22,68,60,58,133,70,129,93,64,40,38"/><U103/><E74/><V90/><F117/><W46/><G93/><T43/><D130/><U12/><E103/><V37/><F37/><W91/><G91/><T123/><D123/><U69/><E116/><V113/><F113/><W47/><G22/><T122/><D122/><U62/><E120/><V82/><F110/><W23/><G23/><T107/><D107/><U24/><E24/><V42/><F42/><N who="3" m="22871" /><G129/><T73/><D102/><U81/><E81/><V128/><F72/><W83/><G83/><T65/><D73/><U104/><E104/><V29/><F29/><W126/><G108/><N who="0" m="41547" /><D65/><N who="3" m="25161" /><G133/><T121/><D121/><U35/><E35/><V54/><F128/><W56/><G126/><N who="1" m="48170" /><E134/><V0/><F0/><W49/><G58/><T50/><D31/><U125/><E125/><V114/><F114/><W76/><G76/><T16/><D28/><U96/><E96/><V6/><F101/><W95/><G95/><T86/><D86/><U19/><E19/><V92/><F92/><W75/><G75/><T99/><D99/><U97/><E97/><V32/><F87/><W115/><G115/><T25/><D25/><U88/><E88/><V84/><F84/><W66/><AGARI ba="0,0" hai="40,47,49,56,60,66,68,70" m="25161,22871" machi="66" ten="30,12000,2" yaku="35,5,52,1" doraHai="55" who="3" fromWho="3" sc="279,-30,250,-60,304,-30,167,120" />
</Scene>
<Scene>
<INIT seed="2,0,0,3,3,117" ten="249,190,274,287" oya="2" hai0="120,10,52,124,19,119,78,50,65,74,9,14,49" hai1="51,127,116,102,135,99,38,18,41,101,130,24,70" hai2="61,32,82,29,5,2,83,94,97,0,113,133,72" hai3="15,84,26,75,46,98,126,11,88,37,40,8,106"/><V57/><F113/><W104/><G75/><T53/><D119/><U63/><E116/><V85/><F133/><W45/><G126/><T91/><D124/><U1/><E1/><V4/><F72/><W64/><G64/><T121/><D65/><U108/><E38/><V20/><F32/><W27/><G8/><T129/><D129/><U105/><E127/><V6/><F29/><W114/><G114/><T111/><D111/><U54/><E102/><V28/><F28/><W95/><G46/><T112/><D112/><U58/><E108/><V125/><F125/><W123/><G123/><T12/><D78/><U90/><E130/><V73/><F20/><W13/><G13/><T23/><D74/><U39/><E90/><V79/><F82/><W62/><G62/><T81/><D23/><U68/><E135/><V42/><F42/><W128/><G128/><T16/><D91/><U21/><E39/><V134/><F73/><W43/><G43/><T25/><D81/><U48/><E41/><V131/><F131/><W31/><G98/><T87/><D25/><U86/><E86/><AGARI ba="0,0" hai="9,10,12,14,16,19,49,50,52,53,86,87,120,121" machi="86" ten="25,12000,2" yaku="22,2,52,2,54,2" doraHai="117" who="0" fromWho="1" sc="249,120,190,-120,274,0,287,0" />
</Scene>
<Scene>
<INIT seed="3,0,0,1,1,19" ten="369,70,274,287" oya="3" hai0="15,113,8,98,32,51,94,126,86,83,127,117,114" hai1="62,63,54,64,96,82,26,46,50,76,102,107,79" hai2="11,71,16,87,108,21,1,30,89,116,37,132,25" hai3="23,74,92,66,106,70,10,49,93,119,133,55,27"/><W12/><G119/><T105/><D32/><U125/><E125/><N who="0" m="47625" /><D51/><U109/><E109/><V85/><F116/><W97/><G74/><T122/><D117/><U111/><E111/><V5/><F108/><W84/><G133/><T14/><D122/><U45/><E45/><V35/><F132/><W9/><G70/><T17/><D105/><U124/><E124/><V53/><F71/><W44/><G66/><T99/><D15/><U80/><E64/><V67/><F67/><W7/><G84/><T120/><D120/><U128/><E128/><V134/><F134/><W28/><REACH who="3" step="1"/><G10/><REACH who="3" ten="369,70,274,277" step="2"/><T77/><D99/><U129/><E129/><V104/><F87/><W43/><G43/><T0/><D114/><U48/><E96/><V81/><F53/><W57/><G57/><T20/><D113/><U115/><E115/><V47/><F47/><W121/><G121/><T68/><D68/><U38/><E46/><V59/><F59/><W75/><G75/><T118/><D118/><U65/><E54/><V42/><F42/><W91/><G91/><T95/><D98/><U123/><E65/><V135/><F135/><W3/><G3/><T60/><D0/><U90/><E123/><V88/><F89/><W73/><G73/><T33/><D8/><U101/><E90/><V131/><F131/><W56/><G56/><T13/><D86/><U52/><E52/><V39/><REACH who="2" step="1"/><F104/><REACH who="2" ten="369,70,264,277" step="2"/><W31/><G31/><T61/><D77/><U2/><E107/><V41/><F41/><W103/><AGARI ba="0,2" hai="7,9,12,23,27,28,44,49,55,92,93,97,103,106" machi="103" ten="30,11700,0" yaku="1,1,0,1,52,1,53,1" doraHai="19" doraHaiUra="100" who="3" fromWho="3" sc="369,-39,70,-39,264,-39,277,137" />
</Scene>
<Scene>
<INIT seed="3,1,0,2,5,19" ten="330,31,225,414" oya="3" hai0="131,16,121,108,120,4,79,113,73,118,89,63,90" hai1="31,93,74,27,65,56,62,95,116,102,92,46,126" hai2="99,24,25,86,133,80,97,48,37,59,7,111,36" hai3="82,125,10,134,78,69,128,12,53,52,122,58,0"/><W28/><G122/><T49/><D118/><U21/><E116/><V124/><F111/><W130/><G69/><T67/><D108/><U9/><E126/><V2/><F124/><W91/><G125/><T96/><D4/><U41/><E74/><V106/><F133/><W101/><G101/><T110/><D110/><U3/><E3/><V107/><F7/><W38/><G38/><T26/><D131/><N who="3" m="50217" /><G0/><T109/><D109/><U32/><E9/><V123/><F2/><W22/><G91/><T94/><D90/><U14/><E14/><V42/><F123/><W33/><G33/><T77/><D113/><U13/><E13/><V60/><F37/><W39/><G39/><T30/><D73/><U75/><E75/><V34/><F36/><W45/><G45/><T15/><D120/><U104/><E32/><V127/><F127/><W6/><G58/><N who="0" m="37367" /><D49/><N who="1" m="26831" /><E104/><V61/><F34/><W8/><G8/><N who="0" m="6247" /><D121/><U129/><E129/><V43/><F107/><W88/><G88/><T44/><D44/><U135/><E135/><V119/><F106/><W71/><G71/><T51/><D51/><U98/><AGARI ba="1,0" hai="21,27,31,56,62,65,92,93,95,98,102" m="26831" machi="98" ten="30,4000,0" yaku="25,1,8,1,52,1" doraHai="19" who="1" fromWho="1" sc="330,-11,31,43,225,-11,414,-21" />
</Scene>
<Scene>
<INIT seed="4,0,0,3,1,2" ten="319,74,214,393" oya="0" hai0="49,36,55,38,119,33,54,97,51,103,113,80,82" hai1="75,6,10,109,90,124,81,28,58,46,50,68,120" hai2="102,16,101,105,107,111,21,32,121,27,18,30,132" hai3="69,127,86,11,45,114,118,48,94,19,43,56,83"/><T74/><D33/><U66/><E109/><V12/><F121/><W26/><G118/><T31/><D119/><U71/><E120/><V134/><F111/><W7/><G69/><T131/><D31/><U29/><E124/><V13/><F102/><W126/><G114/><T95/><D113/><U99/><E75/><V47/><F47/><W39/><G94/><T65/><D65/><U122/><E122/><V37/><F37/><W35/><G56/><T53/><D131/><U116/><E116/><V41/><F41/><W57/><G57/><T3/><D3/><U133/><E133/><N who="2" m="51307" /><F101/><W52/><G35/><T70/><D70/><U93/><E71/><V76/><F76/><N who="3" m="46439" /><G39/><T63/><D63/><N who="1" m="38263" /><E68/><V9/><AGARI ba="0,0" hai="9,12,13,16,18,21,27,30,32,105,107" m="51307" machi="9" ten="30,2000,0" yaku="20,1,54,1" doraHai="2" who="2" fromWho="2" sc="319,-10,74,-5,214,20,393,-5" />
</Scene>
<Scene>
<INIT seed="5,0,0,1,3,92" ten="309,69,234,388" oya="1" hai0="40,22,3,86,7,88,11,25,35,111,14,134,118" hai1="97,13,100,83,105,77,65,33,112,87,123,124,128" hai2="34,130,54,101,17,10,0,99,122,125,104,57,21" hai3="120,27,4,41,24,42,30,2,19,52,43,81,93"/><U62/><E112/><V9/><F122/><W38/><G120/><T39/><D111/><U61/><E123/><V66/><F125/><W56/><G38/><T58/><D134/><U126/><E128/><V37/><F130/><W47/><G2/><T117/><D40/><U91/><E33/><V73/><F34/><W45/><G4/><T74/><D74/><U78/><E13/><V96/><F73/><W69/><G69/><T59/><D39/><U70/><REACH who="1" step="1"/><E62/><REACH who="1" ten="309,59,234,388" step="2"/><V127/><F127/><AGARI ba="0,1" hai="61,65,70,77,78,83,87,91,97,100,105,124,126,127" machi="127" ten="40,12000,1" yaku="1,1,2,1,18,1,52,1,53,0" doraHai="92" doraHaiUra="12" who="1" fromWho="2" sc="309,0,59,130,234,-120,388,0" />
</Scene>
<Scene>
<INIT seed="5,1,0,0,3,57" ten="309,189,114,388" oya="1" hai0="95,5,107,19,65,0,52,87,10,104,33,100,7" hai1="11,97,24,126,111,49,131,127,82,98,29,51,130" hai2="85,12,39,43,105,72,96,46,61,18,28,8,112" hai3="121,83,4,50,71,103,63,2,13,110,22,76,16"/><U53/><E111/><V42/><F72/><W31/><G121/><T58/><D65/><U125/><E82/><V99/><F43/><W35/><G110/><T54/><D33/><U37/><E37/><V45/><F45/><W109/><G109/><T119/><D119/><U69/><E69/><V44/><F44/><W70/><G103/><T81/><D54/><U117/><E117/><V73/><F73/><W20/><G20/><T118/><D7/><U15/><E98/><V115/><F28/><W62/><G50/><N who="1" m="18954" /><E97/><V116/><F85/><N who="3" m="48359" /><G71/><T79/><D19/><N who="1" m="8703" /><E53/><V1/><F1/><W36/><G70/><T102/><D118/><U89/><E89/><V106/><F116/><W91/><G91/><T40/><D40/><U41/><E41/><V38/><F38/><W26/><G36/><T48/><REACH who="0" step="1"/><D95/><REACH who="0" ten="299,189,114,388" step="2"/><U68/><E68/><V134/><F42/><W80/><G80/><T108/><D108/><U6/><E6/><V123/><F123/><W78/><G78/><T34/><D34/><AGARI ba="1,1" hai="24,29,34,125,126,127,130,131" m="8703,18954" machi="34" ten="40,2000,0" yaku="18,1" doraHai="57" who="1" fromWho="0" sc="299,-23,189,33,114,0,388,0" />
</Scene>
<Scene>
<INIT seed="5,2,0,3,2,130" ten="276,222,114,388" oya="1" hai0="49,73,86,101,22,58,17,124,99,104,20,68,27" hai1="79,18,53,105,14,115,8,94,87,126,95,103,51" hai2="132,48,108,82,7,75,23,111,34,59,9,44,69" hai3="71,36,57,90,134,67,30,70,100,88,50,12,1"/><U110/><E115/><V91/><F34/><W38/><G1/><T39/><D124/><U11/><E126/><V66/><F69/><W41/><G100/><T54/><D73/><U109/><E105/><V112/><F112/><W119/><G30/><T24/><D68/><U43/><E43/><V133/><F23/><W135/><G12/><T83/><D39/><N who="3" m="14889" /><G119/><T45/><D58/><N who="1" m="33087" /><E103/><V4/><F59/><W97/><G97/><T64/><D64/><U5/><E87/><N who="2" m="50679" /><F66/><W46/><G57/><T3/><D3/><N who="1" m="63" /><E79/><V118/><F75/><W123/><G123/><T29/><D86/><U77/><E77/><V33/><F33/><W74/><G74/><T2/><D2/><U37/><E37/><V113/><F113/><W85/><G67/><T121/><D83/><U131/><E131/><V80/><F80/><N who="3" m="49191" /><G90/><T125/><D125/><U32/><E32/><V42/><F118/><W56/><G56/><T61/><D61/><U128/><E128/><V25/><F25/><W52/><G41/><T0/><D0/><U62/><E62/><V106/><F106/><W114/><G114/><T107/><D121/><U76/><E76/><V117/><F117/><W35/><G35/><T102/><D102/><U89/><E89/><V127/><F127/><W122/><G122/><T120/><D120/><U72/><E72/><V78/><F78/><W129/><G129/><T40/><D40/><U15/><E15/><N who="2" m="5543" /><F7/><W60/><G60/><T92/><AGARI ba="2,0" hai="17,20,22,24,27,29,45,49,54,92,99,101,104,107" machi="92" ten="20,1500,0" yaku="0,1,7,1" doraHai="130" who="0" fromWho="0" sc="276,21,222,-9,114,-6,388,-6" />
</Scene>
<Scene>
<INIT seed="6,0,0,3,4,105" ten="297,213,108,382" oya="2" hai0="128,115,119,48,135,7,18,103,76,63,108,27,110" hai1="125,46,70,14,8,133,107,88,47,82,54,67,111" hai2="42,19,79,59,29,100,39,81,117,21,109,26,112" hai3="28,43,24,49,89,23,37,20,36,50,53,17,134"/><V31/><F109/><W75/><G75/><T78/><D115/><U62/><E111/><V2/><F112/><W106/><G106/><T120/><D120/><U102/><E125/><V93/><F2/><W87/><G134/><T33/><D135/><U44/><E133/><V74/><F117/><W4/><G4/><T57/><D119/><U114/><E114/><V97/><REACH who="2" step="1"/><F59/><REACH who="2" ten="297,213,98,382" step="2"/><W73/><G37/><T80/><D57/><U1/><E1/><V32/><F32/><W15/><G36/><T5/><D33/><U58/><E58/><V34/><F34/><W118/><G118/><T98/><D108/><U69/><E69/><V104/><F104/><W130/><G130/><T10/><D128/><U121/><E107/><V68/><F68/><W22/><G24/><T60/><D27/><U84/><E121/><V126/><F126/><W99/><G28/><T77/><D110/><U25/><E25/><V9/><F9/><W35/><G35/><T12/><D10/><U127/><E127/><V0/><F0/><W38/><G22/><T55/><D5/><U30/><E30/><V129/><F129/><W72/><G23/><T86/><D7/><U95/><E8/><V56/><F56/><W131/><G20/><T96/><D18/><U51/><E14/><V40/><F40/><W91/><G15/><T13/><D13/><U61/><E61/><V90/><F90/><W16/><G91/><N who="0" m="51655" /><D12/><U122/><E122/><V45/><AGARI ba="0,1" hai="19,21,26,29,31,39,42,45,74,79,81,93,97,100" machi="45" ten="30,6000,0" yaku="1,1,0,1,52,1,53,0" doraHai="105" doraHaiUra="123" who="2" fromWho="2" sc="297,-20,213,-20,98,70,382,-20" />
</Scene>
<Scene>
<INIT seed="6,1,0,1,1,42" ten="277,193,168,362" oya="2" hai0="120,133,34,127,94,57,65,100,122,32,99,93,25" hai1="89,21,77,64,2,51,97,4,91,8,86,35,85" hai2="132,54,60,92,106,29,43,3,5,24,14,71,18" hai3="17,128,82,95,96,38,62,19,66,124,56,1,111"/><V102/><F132/><W67/><G111/><T112/><D133/><U101/><E35/><V59/><F106/><W31/><G1/><T104/><D112/><U50/><E64/><V116/><F116/><W45/><G124/><T75/><D75/><U114/><E114/><V73/><F73/><W88/><G128/><T36/><D36/><U134/><E134/><V121/><F121/><W6/><G6/><T52/><D65/><U10/><E77/><V11/><F71/><W16/><G31/><T30/><D34/><U80/><E21/><V76/><F76/><W129/><G129/><T117/><D117/><U69/><E69/><V83/><F83/><W119/><G119/><T61/><D127/><U40/><E40/><V131/><F131/><W81/><G66/><T12/><D12/><U115/><E10/><V44/><F92/><W90/><G90/><T46/><REACH who="0" step="1"/><D46/><REACH who="0" ten="267,193,168,362" step="2"/><U135/><E115/><V107/><F107/><W15/><G45/><T20/><D20/><U105/><E135/><V109/><F109/><W84/><G38/><T23/><D23/><U22/><E22/><N who="2" m="11607" /><F102/><N who="3" m="60703" /><G15/><T123/><AGARI ba="1,1" hai="25,30,32,52,57,61,93,94,99,100,104,120,122,123" machi="123" ten="30,4000,0" yaku="1,1,0,1,54,1,53,0" doraHai="42" doraHaiUra="110" who="0" fromWho="0" sc="267,53,193,-11,168,-21,362,-11" />
</Scene>
<Scene>
<INIT seed="7,0,0,4,3,89" ten="320,182,147,351" oya="3" hai0="119,129,114,53,118,96,7,15,4,111,43,62,20" hai1="134,12,124,33,61,123,31,112,110,1,58,35,23" hai2="107,39,55,102,77,75,42,63,66,44,87,45,125" hai3="18,24,90,21,54,13,70,6,105,59,11,57,91"/><W78/><G105/><T103/><D111/><U92/><E110/><V17/><F125/><W131/><G70/><T126/><D126/><U0/><E124/><V130/><F130/><W47/><G131/><T76/><D129/><U19/><E123/><V25/><F75/><W97/><G78/><T38/><D76/><U104/><E104/><V22/><F45/><W52/><G47/><T64/><D114/><U109/><E109/><V133/><F133/><W50/><G97/><T127/><D127/><U82/><E112/><V99/><F55/><W14/><G14/><T74/><D74/><U120/><E120/><V80/><F63/><AGARI ba="0,0" hai="6,11,13,18,21,24,50,52,54,57,59,63,90,91" machi="63" ten="30,5800,0" yaku="7,1,8,1,54,1" doraHai="89" who="3" fromWho="2" sc="320,0,182,0,147,-58,351,58" owari="320,12.0,182,-22.0,89,-41.0,409,51.0" />
</Scene>
</mjloggm>