<mjloggm ver="2.3"><GO type="169" lobby="0"/><UN n0="%E3%81%A1%E3%81%8F%E3%81%8D" n1="%79%69%6E%6E%65%72%30%36" n2="%E5%A4%AA%E3%81%8F%E3%81%AA%E3%81%84%E3%81%8A" n3="%E3%83%AA%E3%83%BC%E3%83%81%EF%BC%91" dan="18,16,18,17" rate="2151.93,2081.90,2171.91,2131.36" sx="M,M,F,M"/><TAIKYOKU oya="0"/>

<Scene>
<INIT seed="0,0,0,0,5,13" ten="250,250,250,250" oya="0" hai0="11,106,86,3,36,62,114,113,93,5,26,78,58" hai1="19,83,48,108,45,32,20,68,43,30,94,42,9" hai2="102,27,127,118,46,76,120,49,129,98,38,8,87" hai3="21,91,44,111,52,130,60,23,16,64,33,75,29"/><T121/><D106/><U54/><E68/><V71/><F120/><W28/><G33/><T0/><D121/><U41/><E108/><V80/><F71/><W88/><G111/><T133/><D36/><U1/><E32/><V31/><F38/><W63/><G75/><T112/><D133/><U51/><E30/><N who="3" m="11882" /><G23/><T72/><D26/><U14/><E83/><V61/><F127/><W74/><G74/><T99/><D72/><U126/><E126/><V47/><F129/><W50/><G130/><T55/><D3/><U59/><REACH who="1" step="1"/><E94/><REACH who="1" ten="250,240,250,250" step="2"/><V15/><F80/><W25/><G64/><T92/><D92/><U77/><E77/><V65/><F76/><W35/><G35/><T105/><D105/><U37/><E37/><V24/><F65/><W6/><G6/><AGARI ba="0,1" hai="1,6,9,14,19,20,41,42,43,45,48,51,54,59" machi="6" ten="40,5200,0" yaku="1,1,52,1,53,1" doraHai="13" doraHaiUra="40" who="1" fromWho="3" sc="250,0,240,62,250,0,250,-52" />
</Scene>
<Scene>
<INIT seed="1,0,0,4,1,75" ten="250,302,250,198" oya="1" hai0="112,24,130,21,14,69,123,122,4,40,64,47,90" hai1="92,127,98,93,61,78,38,119,99,7,18,68,132" hai2="131,67,42,52,89,59,117,72,12,36,120,9,58" hai3="70,86,23,37,103,2,74,28,88,15,129,106,76"/><U87/><E119/><V97/><F117/><W80/><G2/><T33/><D112/><U19/><E38/><V34/><F120/><W57/><G70/><T29/><D130/><U108/><E132/><V51/><F34/><W1/><G1/><T79/><D90/><U39/><E39/><V53/><F72/><W113/><G37/><T91/><D91/><U17/><E127/><V22/><F131/><W114/><G129/><T31/><D64/><U121/><E7/><V81/><F67/><W26/><G15/><T102/><D102/><U115/><E115/><V56/><F22/><W71/><G71/><T55/><D55/><U126/><E126/><V49/><F36/><W84/><G84/><T110/><D69/><U118/><E118/><V134/><F42/><W45/><G45/><T66/><D66/><U35/><E35/><V83/><F58/><W8/><G8/><N who="0" m="4359" /><D47/><U25/><E68/><V46/><F46/><W62/><G103/><T54/><D54/><U135/><E61/><V60/><F60/><W44/><G106/><T16/><D40/><U65/><E65/><V85/><F97/><W27/><G44/><T5/><D5/><U30/><E99/><V73/><F73/><W125/><G125/><T101/><D101/><U94/><E98/><V82/><F134/><W128/><G128/><T43/><D43/><U41/><E135/><V48/><F49/><W95/><G57/><T111/><D33/><N who="1" m="20687" /><E41/><V107/><F107/><W109/><G62/><T13/><D123/><U32/><E121/><V77/><F89/><W50/><G88/><T10/><D122/><RYUUKYOKU ba="0,0" sc="250,-10,302,-10,250,30,198,-10" hai2="9,12,48,51,52,53,56,59,77,81,82,83,85" />
</Scene>
<Scene>
<INIT seed="2,1,0,4,1,19" ten="240,292,280,188" oya="2" hai0="48,41,2,70,106,81,30,122,6,115,50,89,94" hai1="113,110,60,98,8,27,4,53,18,10,96,128,124" hai2="61,74,130,49,40,23,86,116,117,13,91,126,111" hai3="132,105,135,87,1,131,3,112,114,0,11,119,99"/><V95/><F74/><W31/><G119/><T44/><D122/><U82/><E113/><N who="3" m="43626" /><G87/><T120/><D120/><U75/><E110/><V56/><F126/><W103/><G131/><T134/><D106/><U55/><E128/><V88/><F130/><W47/><G31/><T59/><D70/><U129/><E129/><V51/><F111/><W29/><G29/><T100/><D100/><U108/><E75/><V24/><F13/><W38/><G11/><T73/><D30/><U37/><E8/><V64/><F40/><AGARI ba="1,0" hai="0,1,3,38,40,47,99,103,105,132,135" m="43626" machi="40" ten="40,2600,0" yaku="11,1,23,1" doraHai="19" who="3" fromWho="2" sc="240,0,292,0,280,-29,188,29" />
</Scene>
<Scene>
<INIT seed="3,0,0,3,4,3" ten="240,292,251,217" oya="3" hai0="44,129,126,30,59,29,120,115,32,51,86,69,9" hai1="134,38,106,17,35,13,39,92,25,101,79,135,52" hai2="73,130,14,19,46,26,1,122,66,55,102,47,75" hai3="94,88,99,82,60,76,45,84,36,2,71,114,53"/><W16/><G114/><T5/><D120/><U116/><E79/><V98/><F1/><W49/><G36/><T50/><D69/><U108/><E106/><V121/><F66/><W40/><G2/><T56/><D115/><U125/><E125/><V28/><F130/><W20/><G71/><T104/><D104/><U33/><E108/><V22/><F47/><W62/><G40/><T128/><D86/><U18/><E101/><V41/><F55/><W112/><G112/><T10/><D126/><U119/><E92/><N who="2" m="58695" /><F46/><W4/><G4/><T70/><D70/><U63/><E38/><V85/><F85/><W68/><G68/><T78/><D78/><U6/><E39/><V34/><F41/><W105/><G105/><T43/><D10/><N who="1" m="4311" /><E52/><V111/><F111/><W24/><AGARI ba="0,0" hai="16,20,24,45,49,53,60,62,76,82,84,88,94,99" machi="24" ten="20,12000,1" yaku="0,1,7,1,8,1,54,2" doraHai="3" who="3" fromWho="3" sc="240,-40,292,-40,251,-40,217,120" />
</Scene>
<Scene>
<INIT seed="3,1,0,5,5,117" ten="200,252,211,337" oya="3" hai0="35,77,71,37,33,104,5,111,29,130,26,66,96" hai1="80,127,75,83,121,48,74,12,6,11,103,41,73" hai2="21,50,22,95,119,51,47,109,43,57,123,76,60" hai3="124,63,102,78,107,68,118,53,44,89,49,79,8"/><W125/><G118/><T64/><D111/><U16/><E127/><N who="3" m="48714" /><G102/><N who="0" m="62535" /><D66/><U113/><E113/><V101/><F119/><W14/><G107/><T108/><D108/><U23/><E103/><V34/><F34/><W110/><G110/><T81/><D5/><U0/><REACH who="1" step="1"/><E121/><REACH who="1" ten="200,242,211,337" step="2"/><V99/><F109/><W84/><G68/><T129/><D71/><U30/><E30/><V133/><F123/><W131/><G131/><T90/><D29/><U85/><E85/><V52/><F133/><W45/><G84/><T36/><D130/><U65/><E65/><N who="2" m="39055" /><F76/><W4/><G79/><T38/><D64/><U39/><E39/><V72/><F72/><W28/><G78/><T42/><D129/><U15/><E15/><V59/><AGARI ba="1,1" hai="21,22,43,47,50,51,52,59,95,99,101" m="39055" machi="59" ten="30,2000,0" yaku="8,1,54,1" doraHai="117" who="2" fromWho="2" sc="200,-6,242,-6,211,33,337,-11" />
</Scene>
<Scene>
<INIT seed="4,0,0,0,0,113" ten="194,236,244,326" oya="0" hai0="46,1,76,52,21,112,62,107,132,61,104,115,47" hai1="30,26,116,36,84,99,88,93,66,92,50,133,15" hai2="106,90,22,17,100,31,49,101,41,11,124,4,27" hai3="58,120,111,83,123,69,81,96,43,48,9,13,64"/><T38/><D1/><U44/><E133/><V14/><F106/><W3/><G3/><T67/><D76/><U42/><E66/><V105/><F105/><W103/><G69/><N who="0" m="42223" /><D21/><U74/><E74/><V40/><F124/><W129/><G83/><T12/><D12/><U119/><E15/><V73/><F73/><W19/><G81/><T97/><D132/><U134/><E36/><V91/><F41/><W127/><G19/><T8/><D8/><U87/><E134/><V128/><F128/><W110/><G129/><T70/><D104/><U122/><E122/><V6/><F40/><W33/><G120/><T126/><D126/><U135/><E135/><V130/><F49/><W5/><G123/><T63/><D97/><U54/><E42/><V125/><F125/><W114/><G33/><T35/><D35/><U20/><E84/><V24/><F130/><W131/><G131/><T72/><D72/><U45/><E45/><N who="0" m="16905" /><D107/><U53/><E53/><V78/><F78/><W80/><G96/><T109/><D38/><U118/><E119/><V23/><F6/><W0/><G5/><T39/><D39/><U25/><E25/><V117/><F24/><W32/><G127/><T86/><D86/><U95/><E93/><V85/><F85/><W7/><G80/><T75/><D75/><U29/><E29/><V37/><F31/><W18/><G7/><T51/><D109/><U94/><E94/><V10/><F4/><W79/><G110/><T121/><D121/><U16/><E30/><V34/><F37/><W57/><G111/><T82/><D82/><U28/><E28/><RYUUKYOKU ba="0,0" sc="194,-10,236,30,244,-10,326,-10" hai1="16,20,26,44,50,54,87,88,92,95,99,116,118" />
</Scene>
<Scene>
<INIT seed="5,1,0,1,0,70" ten="184,266,234,316" oya="1" hai0="22,110,27,81,78,85,14,50,26,45,123,43,114" hai1="56,72,79,19,5,52,12,116,132,124,46,120,90" hai2="23,94,7,63,49,106,44,112,118,42,24,76,131" hai3="67,86,39,29,41,20,127,75,1,51,13,36,6"/><U73/><E120/><V96/><F118/><W40/><G75/><T68/><D110/><U8/><E116/><V92/><F131/><W103/><G1/><T107/><D68/><U119/><E119/><V34/><F34/><W95/><G67/><T104/><D123/><U62/><E132/><V71/><F7/><W89/><G127/><T31/><D114/><U84/><E124/><V9/><F9/><W135/><G135/><T117/><D117/><U98/><E98/><V126/><F126/><W10/><G103/><T35/><REACH who="0" step="1"/><D14/><REACH who="0" ten="174,266,234,316" step="2"/><U100/><E100/><V74/><F71/><W53/><G41/><T115/><D115/><U30/><E12/><V66/><F42/><W2/><G40/><T58/><D58/><U108/><E108/><V0/><F112/><W99/><G13/><T54/><D54/><U17/><E56/><V38/><F0/><W61/><G53/><T4/><D4/><U121/><E5/><V111/><F111/><W21/><G6/><T11/><D11/><U91/><E8/><V80/><F66/><W129/><G10/><T109/><D109/><U105/><E52/><V25/><F25/><W88/><G2/><T69/><D69/><U122/><E122/><V48/><F24/><W16/><G129/><T15/><D15/><U32/><E121/><V3/><F3/><W60/><G29/><AGARI ba="1,1" hai="22,26,27,29,31,35,43,45,50,78,81,85,104,107" machi="29" ten="30,2000,0" yaku="1,1,7,1,53,0" doraHai="70" doraHaiUra="33" who="0" fromWho="3" sc="174,33,266,0,234,0,316,-23" />
</Scene>
<Scene>
<INIT seed="6,0,0,3,4,26" ten="207,266,234,293" oya="2" hai0="71,62,7,135,45,116,72,123,133,52,97,114,113" hai1="102,122,101,9,33,63,130,68,23,65,66,32,127" hai2="35,118,10,24,31,99,75,61,47,40,25,86,38" hai3="89,20,119,124,15,28,73,46,41,79,125,117,81"/><V53/><F75/><W0/><G0/><T104/><D72/><U78/><E130/><V132/><F118/><W57/><G57/><N who="0" m="35111" /><D7/><U5/><E66/><V67/><F132/><N who="0" m="50762" /><D123/><U43/><E43/><V42/><F42/><W96/><G96/><T126/><D116/><U131/><E131/><V111/><F111/><W74/><G74/><T51/><D104/><U64/><E127/><N who="3" m="48714" /><G89/><T70/><D97/><U110/><E78/><V120/><F120/><W56/><G56/><T6/><D6/><U50/><E5/><V83/><F99/><W93/><G93/><T4/><D4/><U76/><E76/><V106/><F106/><W129/><G129/><T91/><D91/><U60/><E102/><V2/><F2/><W54/><G54/><N who="0" m="30063" /><D126/><U36/><E101/><V115/><F86/><W90/><G90/><T92/><D92/><U134/><E134/><V44/><F83/><W128/><G128/><T109/><D109/><U77/><E110/><V121/><F121/><W98/><G98/><T103/><D103/><U82/><E77/><V39/><F35/><W37/><G117/><T16/><D16/><U11/><E82/><V80/><F80/><W88/><G119/><T30/><D30/><U13/><E32/><V105/><F31/><W34/><G88/><T84/><D84/><U48/><E33/><V94/><F94/><W19/><G34/><T59/><D59/><U27/><E122/><V69/><F105/><W21/><G21/><T8/><D8/><U18/><E11/><V85/><F10/><W17/><G17/><T58/><D58/><U49/><E9/><RYUUKYOKU ba="0,0" sc="207,15,266,-15,234,-15,293,15" hai0="70,71,113,114" hai3="15,19,20,28,37,41,46,73,79,81" />
</Scene>
<Scene>
<INIT seed="7,1,0,5,2,81" ten="222,251,219,308" oya="3" hai0="78,108,57,131,32,10,95,53,49,44,132,104,133" hai1="38,36,93,61,62,89,71,65,99,130,14,129,42" hai2="72,94,3,84,23,102,113,135,105,46,109,124,120" hai3="115,63,88,20,100,28,117,118,40,74,22,122,52"/><W7/><G100/><T110/><D104/><U97/><E62/><V96/><F3/><W69/><G122/><T116/><D116/><U67/><E67/><V125/><F109/><N who="0" m="42090" /><D32/><U85/><E14/><V2/><F2/><W17/><G7/><T18/><D78/><U64/><E64/><V8/><F120/><W27/><G40/><T29/><D29/><U19/><E19/><V87/><F72/><W111/><G74/><T76/><D76/><U13/><E13/><V41/><F8/><W75/><G75/><T6/><D18/><U35/><E35/><V58/><F135/><N who="0" m="51786" /><D95/><U21/><E21/><V48/><F113/><W15/><G115/><T4/><D131/><N who="1" m="50187" /><E42/><V16/><F58/><W77/><G77/><T39/><D10/><U86/><E99/><V103/><F103/><W30/><G30/><T127/><D127/><N who="2" m="48714" /><F105/><W83/><G111/><T123/><D123/><U106/><E106/><V91/><F102/><W24/><G15/><AGARI ba="1,0" hai="15,16,23,41,46,48,84,87,91,94,96" m="48714" machi="15" ten="30,7700,0" yaku="18,1,52,2,54,1" doraHai="81" who="2" fromWho="3" sc="222,0,251,0,219,80,308,-80" />
</Scene>
<Scene>
<INIT seed="8,0,0,0,1,59" ten="222,251,299,228" oya="0" hai0="1,30,35,5,98,77,118,119,2,90,104,74,33" hai1="131,109,38,128,46,27,62,89,58,8,12,130,18" hai2="107,88,44,66,7,15,112,96,106,25,73,34,125" hai3="103,120,53,32,23,134,132,56,9,36,115,80,108"/><T81/><D90/><U68/><E109/><V40/><F112/><W14/><G32/><N who="0" m="12363" /><D30/><U102/><E102/><V52/><F73/><W69/><G120/><T45/><D45/><U116/><E116/><N who="0" m="44585" /><D5/><U42/><E89/><V76/><F7/><W13/><G36/><T47/><D47/><U0/><E27/><V26/><F26/><W16/><G69/><T127/><D127/><U121/><E121/><V117/><F25/><W70/><G70/><T95/><D95/><U92/><E92/><V113/><F88/><W84/><G115/><T82/><D82/><U57/><E0/><V31/><F113/><W100/><G108/><T126/><D126/><U65/><AGARI ba="0,0" hai="8,12,18,38,42,46,57,58,62,65,68,128,130,131" machi="65" ten="40,5200,0" yaku="0,1,19,1,52,1" doraHai="59" who="1" fromWho="1" sc="222,-26,251,52,299,-13,228,-13" owari="196,-30.0,303,39.0,286,9.0,215,-18.0" />
</Scene>
</mjloggm>