<mjloggm ver="2.3"><GO type="169" lobby="0"/><UN n0="%72%6F%63%6F" n1="%E5%A4%AA%E3%81%8F%E3%81%AA%E3%81%84%E3%81%8A" n2="%E5%86%97%E8%AB%87%E7%AC%91%E6%AD%A2%EF%BC%81" n3="%6B%6E%6A%31%30%35%30" dan="16,18,17,16" rate="2078.66,2211.30,2159.57,2088.57" sx="M,F,M,M"/><TAIKYOKU oya="0"/>

<Scene>
<INIT seed="0,0,0,4,0,18" ten="250,250,250,250" oya="0" hai0="82,122,111,107,115,109,33,131,128,70,23,79,130" hai1="95,103,76,12,73,24,45,32,121,98,4,120,133" hai2="99,61,87,94,114,65,66,16,123,125,117,39,0" hai3="3,44,97,91,86,25,38,72,129,35,83,36,2"/><T67/><D33/><U28/><E133/><V63/><F114/><W51/><G129/><T17/><D115/><U42/><E73/><V127/><F123/><W13/><G2/><T40/><D122/><U48/><REACH who="1" step="1"/><E76/><REACH who="1" ten="250,240,250,250" step="2"/><V71/><F125/><W30/><G72/><N who="0" m="43367" /><D107/><U47/><E47/><V78/><F127/><W59/><G44/><T19/><D40/><U108/><E108/><N who="0" m="41545" /><D23/><U9/><AGARI ba="0,1" hai="4,9,12,24,28,32,42,45,48,95,98,103,120,121" machi="9" ten="30,2000,0" yaku="1,1,0,1,53,0" doraHai="18" doraHaiUra="126" who="1" fromWho="1" sc="250,-10,240,30,250,-5,250,-5" />
</Scene>
<Scene>
<INIT seed="1,0,0,3,2,44" ten="240,270,245,245" oya="1" hai0="95,101,12,87,112,113,20,64,48,108,107,19,46" hai1="32,74,18,41,76,126,119,114,70,29,58,105,98" hai2="27,128,103,122,63,109,85,62,104,90,68,89,6" hai3="96,78,133,2,86,23,37,124,111,130,99,135,97"/><U84/><E114/><V30/><F122/><W45/><G2/><T77/><D108/><U125/><E70/><V57/><F109/><W100/><G111/><T7/><D7/><U82/><E119/><V54/><F6/><W55/><G37/><T115/><D107/><U81/><E41/><V0/><F0/><W28/><G28/><T117/><D117/><U116/><E116/><V56/><F128/><W1/><G23/><T43/><D64/><U50/><E18/><V71/><F103/><W91/><G1/><T72/><D72/><U5/><E5/><V22/><F104/><W132/><G55/><T106/><D106/><U51/><E29/><V110/><F89/><W31/><G45/><T73/><D73/><U79/><E32/><V21/><F21/><W66/><G66/><T11/><D101/><N who="1" m="62647" /><E58/><V34/><F34/><W131/><G31/><T121/><D121/><U25/><E25/><V15/><F15/><W14/><G14/><T75/><D75/><U94/><E94/><V38/><F38/><W13/><G13/><T24/><D77/><U134/><E134/><V93/><F110/><W92/><G78/><T127/><D95/><U4/><E4/><V67/><AGARI ba="0,0" hai="22,27,30,54,56,57,62,63,67,68,71,85,90,93" machi="67" ten="20,1500,0" yaku="0,1,7,1" doraHai="44" who="2" fromWho="2" sc="240,-4,270,-7,245,15,245,-4" />
</Scene>
<Scene>
<INIT seed="2,0,0,2,3,39" ten="236,263,260,241" oya="2" hai0="11,64,59,98,21,121,73,94,77,42,53,54,13" hai1="134,80,122,87,24,23,79,65,46,74,52,114,14" hai2="133,135,108,20,32,36,131,71,99,106,119,50,33" hai3="115,126,57,43,44,0,58,96,95,29,128,110,18"/><V40/><F119/><W12/><G0/><T101/><D121/><U102/><E114/><V72/><F50/><W118/><G115/><T129/><D129/><U2/><E2/><V9/><F20/><W117/><G128/><T75/><D21/><U124/><E122/><V4/><F131/><W82/><G29/><T26/><D26/><U85/><E124/><V86/><F86/><W83/><G126/><T41/><D64/><U105/><E65/><V100/><F71/><W6/><G6/><T67/><D67/><U61/><E134/><N who="2" m="51211" /><F72/><W130/><G130/><T16/><D54/><U19/><E24/><V37/><F108/><W63/><G110/><T92/><D92/><U35/><E35/><N who="2" m="13387" /><F40/><W60/><G117/><T91/><D101/><U34/><E34/><V103/><F103/><W30/><G118/><T31/><D31/><U84/><E74/><V17/><F17/><W10/><G30/><T69/><D69/><U27/><E27/><V15/><AGARI ba="0,0" hai="4,9,15,36,37,99,100,106" m="13387,51211" machi="15" ten="30,1500,0" yaku="20,1" doraHai="39" who="2" fromWho="2" sc="236,-5,263,-5,260,15,241,-5" />
</Scene>
<Scene>
<INIT seed="2,1,0,1,0,33" ten="231,258,275,236" oya="2" hai0="13,38,18,48,88,46,65,77,126,95,12,115,34" hai1="90,125,52,64,83,22,51,20,100,36,45,73,112" hai2="127,74,97,101,32,98,63,130,119,0,53,60,99" hai3="6,11,81,50,91,117,7,121,10,76,56,120,67"/><V47/><F119/><W86/><G117/><T109/><D115/><U23/><E112/><V43/><F74/><W84/><G67/><T110/><D34/><U116/><E116/><V66/><F32/><W94/><G10/><T9/><D77/><U39/><E125/><V29/><F127/><W41/><G7/><T5/><D126/><U44/><E100/><V122/><F0/><W106/><G106/><T61/><D38/><U85/><E64/><V70/><F122/><W80/><G94/><T135/><D135/><U103/><E103/><V129/><F29/><W123/><G56/><T21/><D48/><U35/><E35/><V15/><F15/><W131/><G131/><N who="2" m="50185" /><F53/><W124/><G124/><T19/><D46/><U71/><E71/><V133/><F63/><W28/><G28/><T92/><D92/><U105/><E105/><N who="2" m="63663" /><F133/><W75/><G75/><T30/><D30/><U96/><E73/><V1/><F1/><W26/><G26/><T42/><D42/><U8/><E45/><V78/><F78/><W132/><G132/><T55/><D55/><U27/><E27/><V72/><F72/><W107/><G107/><T40/><D40/><U49/><E52/><V108/><F108/><W24/><G24/><T62/><D61/><U134/><E44/><V114/><F114/><W59/><G41/><T25/><D25/><U57/><E134/><V14/><F14/><N who="3" m="5495" /><G123/><T102/><D102/><U37/><E57/><V16/><F16/><W4/><G4/><T89/><D19/><U118/><E118/><V79/><F79/><W93/><G121/><T113/><D113/><RYUUKYOKU ba="1,0" sc="231,-10,258,-10,275,30,236,-10" hai2="43,47,60,66,70,98,99" />
</Scene>
<Scene>
<INIT seed="2,2,0,2,1,46" ten="221,248,305,226" oya="2" hai0="108,92,6,16,118,101,125,133,124,7,119,47,93" hai1="67,19,21,25,110,63,59,55,11,69,87,52,12" hai2="35,54,50,36,57,106,90,13,40,42,79,75,5" hai3="127,45,96,43,99,85,15,107,29,129,81,135,34"/><V38/><F35/><W56/><G107/><T122/><D122/><U104/><E104/><V51/><F106/><W114/><G34/><T117/><D108/><U0/><E110/><V27/><F27/><W103/><G29/><T18/><D133/><U76/><E0/><V17/><F5/><N who="0" m="1546" /><D47/><U23/><E69/><V53/><F79/><W134/><G103/><T128/><D128/><U109/><E109/><V84/><F75/><W72/><G72/><T116/><N who="0" m="29696" /><DORA hai="115" /><T86/><D86/><U8/><E87/><V37/><F38/><W102/><G129/><T24/><D24/><U71/><E76/><V77/><F77/><W131/><G131/><T14/><D101/><U22/><E8/><N who="2" m="6311" /><F37/><W44/><G102/><T121/><D121/><U70/><E70/><V113/><F36/><W111/><G85/><T3/><D3/><U88/><E88/><V98/><F113/><W62/><G114/><T39/><D39/><U48/><REACH who="1" step="1"/><E55/><REACH who="1" ten="221,238,305,226" step="2"/><V33/><F84/><W83/><G111/><T80/><D80/><U32/><E32/><V61/><F33/><W68/><G83/><T1/><D1/><U74/><E74/><V97/><F54/><W9/><G81/><T26/><D26/><AGARI ba="2,1" hai="11,12,19,21,22,23,25,26,48,52,59,63,67,71" machi="26" ten="40,8000,1" yaku="1,1,52,1,54,1,53,1" doraHai="46,115" doraHaiUra="94,65" who="1" fromWho="0" sc="221,-86,238,96,305,0,226,0" />
</Scene>
<Scene>
<INIT seed="3,0,0,3,5,111" ten="135,334,305,226" oya="3" hai0="63,94,20,2,109,49,123,0,95,86,66,89,114" hai1="74,5,113,125,4,48,41,64,96,56,28,12,81" hai2="110,71,108,18,16,126,34,99,117,76,90,80,135" hai3="15,106,26,29,87,105,84,107,121,35,112,79,82"/><W46/><G121/><T45/><D123/><U25/><E125/><V115/><F117/><W100/><G112/><T101/><D109/><N who="2" m="42090" /><F115/><W30/><G30/><T83/><D114/><U116/><E113/><V120/><F71/><W122/><G122/><T98/><D20/><U124/><E124/><V59/><F120/><W58/><G46/><T104/><D2/><U36/><E36/><V70/><F70/><W51/><G15/><T69/><REACH who="0" step="1"/><D0/><REACH who="0" ten="125,334,305,226" step="2"/><U22/><E22/><V67/><F126/><W78/><G100/><T3/><D3/><U88/><E116/><V27/><F34/><W7/><G7/><T21/><D21/><U9/><E4/><V128/><F27/><W54/><REACH who="3" step="1"/><G84/><REACH who="3" ten="125,334,305,216" step="2"/><T132/><D132/><U10/><E5/><V57/><F135/><W33/><G33/><T24/><D24/><U93/><E25/><V43/><F18/><W38/><G38/><T32/><D32/><U17/><E17/><V72/><F16/><W11/><G11/><T19/><D19/><U13/><E10/><V6/><F6/><W119/><G119/><T50/><D50/><U14/><E9/><V91/><F72/><W44/><G44/><T127/><D127/><U97/><E74/><V102/><F102/><W62/><G62/><T129/><D129/><U133/><E48/><V52/><F128/><W42/><G42/><AGARI ba="0,2" hai="42,45,49,63,66,69,83,86,89,94,95,98,101,104" machi="42" ten="30,2000,0" yaku="1,1,7,1,53,0" doraHai="111" doraHaiUra="55" who="0" fromWho="3" sc="125,40,334,0,305,0,216,-20" />
</Scene>
<Scene>
<INIT seed="4,0,0,1,2,1" ten="165,334,305,196" oya="0" hai0="39,110,101,82,70,75,42,29,106,41,134,27,112" hai1="45,68,102,48,118,119,63,113,81,98,69,122,100" hai2="127,24,32,115,85,55,18,78,103,38,52,10,37" hai3="80,86,25,46,126,71,2,77,43,30,9,14,132"/><T94/><D70/><U76/><E122/><V53/><F103/><W3/><G71/><T15/><D106/><U22/><E113/><V133/><F115/><W26/><G126/><T59/><D112/><U123/><E123/><V109/><F109/><W97/><G97/><T129/><D110/><U49/><E22/><V117/><F117/><W0/><G30/><T13/><D39/><U67/><E68/><V34/><F133/><W64/><G64/><T91/><D101/><U8/><E100/><V107/><F107/><W20/><G20/><T93/><D134/><U19/><E19/><V54/><F54/><W4/><REACH who="3" step="1"/><G132/><REACH who="3" ten="165,334,305,186" step="2"/><T17/><D129/><U124/><E124/><V57/><F127/><W87/><G87/><N who="0" m="50679" /><D75/><U111/><E111/><V65/><F85/><W90/><G90/><T60/><D29/><U16/><E98/><V40/><F32/><W35/><G35/><T28/><D28/><U58/><E69/><V73/><F34/><W50/><AGARI ba="0,1" hai="0,2,3,4,9,14,25,26,43,46,50,77,80,86" machi="50" ten="30,8000,1" yaku="1,1,0,1,25,2,52,1,53,0" doraHai="1" doraHaiUra="96" who="3" fromWho="3" sc="165,-40,334,-20,305,-20,186,90" />
</Scene>
<Scene>
<INIT seed="5,0,0,4,0,83" ten="125,314,285,276" oya="1" hai0="90,96,81,63,93,72,1,55,57,131,44,102,100" hai1="111,50,6,70,127,47,12,48,41,19,78,56,11" hai2="98,108,87,2,17,62,5,67,104,119,107,0,43" hai3="52,130,97,86,110,8,117,75,14,29,22,7,38"/><U88/><E70/><V69/><F108/><W101/><G75/><T28/><D1/><U4/><E111/><V10/><F119/><W120/><G110/><T68/><D131/><U20/><E127/><V23/><F43/><W24/><G130/><T126/><D126/><U37/><E78/><V42/><F42/><W36/><G117/><T21/><D68/><U94/><E56/><V31/><F31/><W46/><G120/><T123/><D123/><U32/><E32/><V60/><F60/><W3/><G3/><T89/><D44/><U135/><E135/><V54/><F0/><W27/><G27/><T113/><D113/><U91/><E91/><V112/><F54/><W39/><G86/><T82/><D72/><U51/><REACH who="1" step="1"/><E20/><REACH who="1" ten="125,304,285,276" step="2"/><V53/><F69/><W59/><G46/><T30/><D90/><U34/><E34/><V106/><F23/><W85/><G59/><T105/><D105/><U125/><E125/><V95/><F107/><W80/><G22/><T74/><D74/><U128/><E128/><V92/><F106/><W124/><G124/><T58/><D58/><U84/><AGARI ba="0,1" hai="4,6,11,12,19,37,41,47,48,50,51,84,88,94" machi="84" ten="30,11700,0" yaku="1,1,0,1,52,1,54,1,53,0" doraHai="83" doraHaiUra="79" who="1" fromWho="1" sc="125,-39,304,127,285,-39,276,-39" />
</Scene>
<Scene>
<INIT seed="5,1,0,1,4,101" ten="86,431,246,237" oya="1" hai0="63,17,66,68,20,111,16,84,31,2,117,94,100" hai1="26,127,35,54,33,37,103,78,58,15,64,83,23" hai2="52,85,99,61,110,25,22,77,90,93,51,46,6" hai3="118,27,18,56,53,57,107,65,21,123,41,134,50"/><U42/><E127/><V9/><F110/><W113/><G123/><T106/><D111/><U10/><E64/><V59/><F77/><W12/><G118/><T131/><D117/><U28/><E103/><V69/><F69/><W122/><G122/><T95/><D2/><U34/><E42/><V80/><F9/><W62/><G134/><T40/><D40/><U72/><E37/><V81/><F6/><W104/><G113/><T119/><D119/><U87/><E72/><V74/><F74/><W75/><G75/><T121/><D121/><U60/><REACH who="1" step="1"/><E35/><REACH who="1" ten="86,421,246,237" step="2"/><V88/><F81/><W19/><REACH who="3" step="1"/><G41/><REACH who="3" ten="86,421,246,227" step="2"/><T67/><D131/><U8/><E8/><AGARI ba="1,2" hai="8,12,18,19,21,27,50,53,56,57,62,65,104,107" machi="8" ten="30,8000,1" yaku="1,1,2,1,7,1,52,2,53,0" doraHai="101" doraHaiUra="86" who="3" fromWho="1" sc="86,0,421,-83,246,0,227,103" />
</Scene>
<Scene>
<INIT seed="6,0,0,1,0,37" ten="86,338,246,330" oya="2" hai0="0,11,101,56,64,79,38,97,99,135,72,131,121" hai1="130,73,126,50,54,87,41,76,13,30,92,93,53" hai2="120,45,65,86,25,2,94,118,83,107,71,66,69" hai3="129,24,112,17,127,67,119,70,34,108,46,32,134"/><V9/><F120/><W63/><G108/><T113/><D121/><U81/><E126/><V36/><F107/><W22/><G119/><T114/><D38/><U91/><E130/><V96/><F118/><W89/><G127/><T8/><D0/><U16/><E30/><V104/><F104/><W123/><G123/><T14/><D131/><U7/><E7/><V12/><F2/><W29/><G129/><T5/><D135/><U103/><E103/><V98/><F25/><W100/><G112/><T111/><D111/><U90/><E41/><V39/><F39/><W122/><G134/><T31/><D31/><U125/><E125/><V27/><F27/><W60/><G122/><T62/><D11/><U117/><E117/><V52/><F69/><W3/><G3/><T6/><D6/><U26/><E26/><V4/><F71/><W82/><G29/><T116/><D116/><U110/><E110/><V18/><F4/><W58/><G100/><T51/><D51/><U124/><E50/><N who="2" m="28751" /><F36/><W84/><G46/><T61/><D61/><U49/><E49/><V23/><F9/><W1/><G1/><T15/><D15/><U40/><E124/><V35/><F35/><W133/><G133/><T68/><D68/><U21/><E40/><V105/><F105/><W55/><AGARI ba="0,0" hai="17,22,24,32,34,55,58,60,63,67,70,82,84,89" machi="55" ten="20,1500,0" yaku="0,1,7,1" doraHai="37" who="3" fromWho="3" sc="86,-4,338,-4,246,-7,330,15" />
</Scene>
<Scene>
<INIT seed="7,0,0,2,5,100" ten="82,334,239,345" oya="3" hai0="82,43,118,12,104,70,73,94,4,35,46,14,66" hai1="9,99,113,57,36,18,78,129,98,86,123,48,41" hai2="39,93,130,107,84,56,5,62,112,119,85,40,72" hai3="68,28,108,132,24,121,81,11,6,60,124,115,61"/><W126/><G121/><T75/><D118/><U79/><E123/><V10/><F119/><W33/><G132/><T34/><D4/><U87/><E36/><V16/><F72/><W77/><G108/><T53/><D53/><N who="1" m="31911" /><E41/><V114/><F130/><W1/><G115/><N who="2" m="44073" /><F93/><W49/><G49/><T134/><D134/><U116/><E129/><V90/><F5/><W91/><G91/><T13/><D82/><N who="1" m="47447" /><E116/><V96/><F40/><W122/><G122/><T8/><D43/><U19/><E113/><V27/><F27/><W110/><G110/><T52/><D94/><U101/><E101/><N who="2" m="62887" /><F90/><W2/><G2/><T17/><D46/><U71/><E71/><V25/><F39/><W128/><G128/><T64/><D70/><U83/><E9/><V15/><F25/><W133/><G133/><T51/><D104/><U20/><E18/><V3/><F3/><W31/><G31/><T47/><D8/><U58/><E58/><V38/><F38/><W92/><G92/><T74/><D17/><U135/><E135/><V59/><F59/><W131/><G131/><T65/><D52/><AGARI ba="0,0" hai="10,15,16,52,56,62,84,85" m="62887,44073" machi="52" ten="30,7700,0" yaku="15,1,52,1,54,2" doraHai="100" who="2" fromWho="0" sc="82,-77,334,0,239,77,345,0" owari="5,-49.0,334,13.0,316,-8.0,345,44.0" />
</Scene>
</mjloggm>