<mjloggm ver="2.3"><GO type="169" lobby="0"/><UN n0="%E8%B6%85%E3%83%92%E3%83%A2%E3%83%AA%E3%83%AD" n1="%E3%83%81%E3%83%BC%E3%82%BF%E3%83%BC" n2="%E3%81%82%E3%81%84%E3%81%82%E3%81%8A%E3%81%84" n3="%E5%A4%AA%E3%81%8F%E3%81%AA%E3%81%84%E3%81%8A" dan="18,16,16,18" rate="2190.18,2144.24,2061.66,2234.38" sx="M,M,M,F"/><TAIKYOKU oya="0"/>

<Scene>
<INIT seed="0,0,0,3,0,117" ten="250,250,250,250" oya="0" hai0="57,93,55,56,116,124,40,125,36,6,108,21,27" hai1="65,86,60,78,42,62,100,58,63,64,52,110,79" hai2="77,32,105,89,41,18,126,98,23,118,109,87,11" hai3="104,94,26,70,2,44,74,17,82,91,50,5,43"/><T129/><D129/><U61/><E110/><V66/><F109/><W13/><G104/><T15/><D116/><U30/><E42/><V83/><F32/><W33/><G70/><T54/><D108/><U123/><E123/><V112/><F118/><W114/><G114/><T81/><D93/><U135/><E135/><V7/><F112/><W113/><G113/><T31/><D81/><U10/><E30/><V97/><F66/><W75/><G2/><T39/><D6/><U19/><E100/><V134/><F105/><W53/><G5/><T34/><D15/><N who="1" m="7671" /><E86/><V45/><F89/><W90/><G90/><T51/><D34/><U0/><E0/><V25/><F134/><W69/><G69/><T48/><REACH who="0" step="1"/><D40/><REACH who="0" ten="240,250,250,250" step="2"/><U132/><E132/><V120/><F41/><W71/><G43/><T28/><D28/><U37/><E37/><AGARI ba="0,1" hai="21,27,31,36,37,39,48,51,54,55,56,57,124,125" machi="37" ten="40,12000,1" yaku="1,1,9,1,53,2" doraHai="117" doraHaiUra="47" who="0" fromWho="1" sc="240,130,250,-120,250,0,250,0" />
</Scene>
<Scene>
<INIT seed="0,1,0,5,3,59" ten="370,130,250,250" oya="0" hai0="52,125,88,134,132,80,71,133,128,94,6,82,41" hai1="57,131,4,26,96,67,37,8,99,11,84,38,62" hai2="16,78,5,117,14,130,85,103,93,73,118,101,28" hai3="77,33,44,54,108,27,15,90,120,35,24,119,29"/><T95/><D128/><U50/><E131/><V86/><F130/><W12/><G119/><N who="2" m="45577" /><F28/><W106/><G106/><T74/><D125/><U122/><E122/><V92/><F5/><W115/><G115/><T61/><D41/><U31/><E84/><N who="2" m="32363" /><F78/><W20/><G77/><N who="0" m="44087" /><D82/><U63/><E50/><V68/><F68/><W69/><G69/><T13/><D88/><U114/><E114/><V75/><F93/><W97/><G120/><T1/><D1/><U66/><E37/><V21/><F92/><W116/><G116/><T89/><D89/><U36/><E36/><V135/><F135/><W51/><G90/><T100/><D100/><AGARI ba="1,0" hai="14,16,21,73,75,100,101,103" m="32363,45577" machi="100" ten="30,2000,0" yaku="12,1,54,1" doraHai="59" who="2" fromWho="0" sc="370,-23,130,0,250,23,250,0" />
</Scene>
<Scene>
<INIT seed="1,0,0,5,1,130" ten="347,130,273,250" oya="1" hai0="133,56,112,57,9,65,121,97,5,67,116,86,35" hai1="117,24,43,22,114,91,70,113,3,74,50,44,21" hai2="39,58,29,10,53,115,4,48,123,23,71,63,47" hai3="32,40,89,85,59,93,79,19,102,135,107,54,77"/><U28/><E3/><V94/><F123/><W103/><G32/><T108/><D108/><U34/><E117/><V60/><F115/><W69/><G69/><T110/><D35/><U78/><E70/><V31/><F63/><W73/><G40/><T84/><D110/><U72/><E113/><V128/><F23/><W100/><G107/><T109/><D109/><U134/><E114/><V83/><F83/><W118/><G118/><T14/><D112/><U20/><E78/><V42/><F94/><W37/><G37/><T104/><D116/><U7/><E7/><V105/><F105/><W120/><G120/><T122/><D104/><U15/><E15/><V41/><F41/><W55/><G73/><T0/><D14/><U62/><E62/><V96/><F96/><W131/><G131/><T49/><D49/><U17/><E17/><V45/><F128/><W82/><G19/><T80/><D5/><U119/><E119/><V99/><F99/><W26/><G26/><T2/><D97/><U27/><E27/><V61/><F61/><W46/><G46/><T98/><D98/><U124/><E124/><V125/><F125/><W18/><G18/><T132/><D80/><U64/><E64/><N who="2" m="41351" /><F45/><W16/><G16/><T92/><D92/><U88/><REACH who="1" step="1"/><E134/><REACH who="1" ten="347,120,273,250" step="2"/><V13/><AGARI ba="0,1" hai="4,10,13,29,31,39,42,47,48,53,58" m="41351" machi="13" ten="30,1100,0" yaku="24,1" doraHai="130" who="2" fromWho="2" sc="347,-3,120,-5,273,21,250,-3" />
</Scene>
<Scene>
<INIT seed="2,0,0,3,1,90" ten="344,115,294,247" oya="2" hai0="61,19,91,126,16,107,115,35,130,68,3,117,99" hai1="78,133,20,122,74,29,22,39,110,124,109,89,46" hai2="125,55,27,56,92,1,95,63,84,24,106,21,100" hai3="69,67,2,87,25,23,4,57,6,53,33,83,73"/><V103/><F1/><W60/><G33/><T65/><D115/><U15/><E122/><V135/><F106/><W82/><G73/><T34/><D3/><U30/><E133/><V131/><F135/><W32/><G32/><T108/><D108/><N who="1" m="41579" /><E124/><V105/><F105/><W80/><G2/><T132/><D132/><U114/><E114/><V9/><F125/><W64/><G87/><T40/><D126/><U128/><E128/><V54/><F131/><W98/><G98/><T120/><D120/><U62/><E62/><V8/><F84/><W96/><G96/><T58/><D130/><U66/><E66/><N who="3" m="25130" /><G69/><T79/><D117/><U38/><E89/><V43/><F43/><W129/><G129/><T13/><D79/><U48/><E78/><V7/><F7/><W123/><G123/><T18/><D40/><U11/><E74/><V86/><F86/><W81/><G81/><T112/><D112/><U76/><E76/><V59/><F21/><N who="1" m="8297" /><E39/><V88/><F88/><W93/><G82/><T52/><D13/><U119/><E38/><V71/><F63/><W42/><G83/><T44/><D44/><U36/><E36/><V127/><F127/><W118/><G80/><T47/><D47/><U14/><E119/><V0/><F0/><W10/><G118/><T70/><D70/><AGARI ba="0,0" hai="8,9,24,27,54,55,56,59,70,71,92,95,100,103" machi="70" ten="25,9600,0" yaku="22,2,52,2" doraHai="90" who="2" fromWho="0" sc="344,-96,115,0,294,96,247,0" />
</Scene>
<Scene>
<INIT seed="2,1,0,2,4,110" ten="248,115,390,247" oya="2" hai0="107,23,90,63,27,17,126,69,95,14,84,11,135" hai1="62,35,60,0,21,68,81,86,20,38,42,29,13" hai2="1,111,66,97,31,73,53,74,15,64,89,36,61" hai3="100,113,65,40,48,30,99,37,6,22,51,103,128"/><V5/><F36/><W132/><G6/><T91/><D126/><U122/><E0/><V33/><F1/><W49/><G132/><T109/><D109/><U121/><E38/><V118/><F118/><W50/><G37/><T93/><D135/><U3/><E3/><V119/><F66/><W56/><G128/><T131/><D131/><U85/><E42/><V55/><F74/><W59/><G65/><T7/><D107/><U104/><E104/><V18/><F5/><W120/><G120/><N who="1" m="46186" /><E86/><V88/><F73/><W96/><G30/><T78/><D69/><U112/><E112/><V80/><F33/><W82/><G82/><T71/><D71/><U8/><E35/><V10/><F31/><W102/><G22/><N who="1" m="8810" /><E29/><V16/><F111/><W9/><G9/><T129/><D129/><U4/><E68/><V77/><F10/><W124/><G124/><T72/><D72/><U41/><E41/><V87/><F87/><W114/><N who="3" m="12288" /><DORA hai="26" /><W58/><G40/><T52/><D78/><AGARI ba="1,0" hai="4,8,13,60,62,78,81,85" m="8810,46186" machi="78" ten="30,1000,0" yaku="13,1" doraHai="110,26" who="1" fromWho="0" sc="248,-13,115,13,390,0,247,0" />
</Scene>
<Scene>
<INIT seed="3,0,0,4,5,108" ten="235,128,390,247" oya="3" hai0="81,121,11,31,133,33,41,100,106,119,51,92,88" hai1="124,26,75,80,82,105,78,40,79,104,76,123,87" hai2="126,16,32,44,109,23,122,74,115,131,84,24,68" hai3="19,130,72,91,58,66,62,49,46,85,53,99,97"/><W2/><G130/><T43/><D133/><U64/><E64/><V48/><F68/><W65/><G72/><T95/><D106/><U3/><E3/><V36/><F74/><W125/><G125/><T111/><D111/><U52/><E123/><V96/><F126/><W38/><G2/><T12/><D119/><U57/><E124/><V56/><F36/><W22/><G38/><T134/><D134/><U59/><E59/><V6/><F6/><W112/><G66/><T15/><D121/><U21/><E40/><V47/><F32/><W18/><G112/><T102/><D81/><U69/><E69/><V20/><F115/><W110/><G110/><T73/><D73/><U4/><E4/><V103/><F131/><W45/><G45/><T37/><D37/><U101/><E101/><V71/><F71/><W117/><G117/><T116/><D116/><U90/><E104/><V61/><F122/><W83/><REACH who="3" step="1"/><G19/><REACH who="3" ten="235,128,390,237" step="2"/><T94/><D100/><U135/><E135/><V77/><F47/><W89/><G89/><T13/><D102/><U98/><E75/><V70/><F16/><W54/><G54/><T7/><D88/><U63/><E78/><V50/><F44/><W39/><G39/><T86/><D43/><U5/><E79/><V0/><F0/><W30/><G30/><T35/><D31/><U120/><E120/><V67/><F67/><W28/><G28/><T25/><D41/><U107/><E76/><V127/><F77/><W129/><G129/><T118/><D118/><U93/><E90/><V14/><F109/><W132/><G132/><T17/><D17/><RYUUKYOKU ba="0,1" sc="235,-10,128,-10,390,-10,237,30" hai3="18,22,46,49,53,58,62,65,83,85,91,97,99" />
</Scene>
<Scene>
<INIT seed="3,1,1,1,2,75" ten="225,118,380,267" oya="3" hai0="7,123,16,6,94,59,28,127,23,97,33,2,134" hai1="19,105,53,110,41,108,49,5,101,30,111,109,24" hai2="29,25,52,118,55,96,34,51,72,57,92,47,68" hai3="77,10,13,22,60,56,4,66,18,17,21,58,64"/><W82/><G64/><T46/><D127/><U67/><E67/><V78/><F68/><W11/><G58/><T133/><D123/><U107/><E101/><V20/><F118/><W71/><G71/><T26/><D46/><U86/><E41/><V36/><F36/><W98/><G98/><T114/><D59/><U69/><E69/><V45/><F34/><W88/><G88/><N who="0" m="55495" /><D114/><U128/><E128/><V113/><F113/><W70/><G70/><T61/><D61/><U80/><E5/><V54/><F72/><W81/><G81/><T119/><D119/><U74/><E19/><V31/><F31/><W102/><G102/><T35/><D35/><U63/><E63/><V106/><F106/><W9/><G4/><T99/><D99/><U8/><E8/><V121/><F47/><W84/><REACH who="3" step="1"/><G22/><REACH who="3" ten="225,118,380,257" step="2"/><T39/><D7/><U124/><E111/><V126/><F57/><W83/><G83/><T50/><D50/><U62/><E49/><V90/><F51/><W93/><G93/><T95/><D95/><U116/><E116/><V44/><F92/><W1/><G1/><T104/><D104/><U132/><E105/><V38/><F96/><W125/><G125/><T73/><D39/><U27/><E107/><V130/><F38/><W115/><G115/><T117/><D117/><U120/><E124/><V12/><F20/><W65/><G65/><T85/><D6/><U131/><E109/><V76/><F126/><W87/><G87/><T100/><D2/><U103/><E108/><V122/><F45/><W40/><G40/><T32/><D85/><U112/><E110/><RYUUKYOKU ba="1,2" sc="225,-10,118,-10,380,-10,257,30" hai3="9,10,11,13,17,18,21,56,60,66,77,82,84" />
</Scene>
<Scene>
<INIT seed="3,2,2,4,1,27" ten="215,108,370,287" oya="3" hai0="105,38,67,49,43,101,37,124,74,61,92,31,134" hai1="100,14,70,128,78,86,48,54,55,2,133,81,35" hai2="107,21,80,131,64,5,50,23,9,10,60,22,83" hai3="30,39,15,36,46,58,121,87,26,57,113,126,24"/><W135/><G121/><T53/><D74/><U28/><E2/><V127/><F107/><W19/><G113/><T44/><D124/><U42/><E70/><V33/><F33/><W108/><G126/><T3/><D3/><U1/><E1/><V59/><F127/><W17/><G135/><T102/><D134/><U45/><E133/><V119/><F119/><W95/><G108/><T120/><D120/><U32/><E128/><V75/><F75/><W84/><G95/><T114/><D114/><U91/><E100/><V29/><F131/><W71/><G15/><T16/><D92/><U85/><E35/><V97/><F97/><W117/><G46/><T8/><D31/><U104/><E104/><V77/><F29/><W130/><G130/><T25/><D105/><U34/><E34/><V89/><F77/><W56/><G71/><T63/><D63/><U110/><E110/><V12/><F89/><W118/><G57/><T41/><D38/><U88/><E78/><V52/><REACH who="2" step="1"/><F10/><REACH who="2" ten="215,108,360,287" step="2"/><W129/><G129/><T0/><D101/><U103/><E103/><V68/><AGARI ba="2,3" hai="5,9,12,21,22,23,50,52,59,60,64,68,80,83" machi="68" ten="30,12000,2" yaku="1,1,2,1,0,1,54,1,53,2" doraHai="27" doraHaiUra="79" who="2" fromWho="2" sc="215,-32,108,-32,360,156,287,-62" />
</Scene>
<Scene>
<INIT seed="4,0,0,1,1,49" ten="183,76,516,225" oya="0" hai0="54,75,34,69,98,105,53,82,37,48,12,42,78" hai1="11,8,39,56,29,97,19,112,5,24,74,113,111" hai2="14,90,110,96,93,123,67,80,84,79,108,109,131" hai3="134,51,106,58,117,81,15,60,18,70,65,7,64"/><T135/><D34/><U47/><E74/><V126/><F67/><W52/><G117/><T76/><D69/><U61/><E111/><V104/><F14/><W50/><G106/><T85/><D135/><U128/><E128/><V55/><F55/><N who="0" m="21002" /><D37/><U114/><E97/><V0/><F0/><W40/><G134/><T30/><D105/><U38/><E47/><V72/><F123/><W10/><G81/><T31/><D75/><U6/><E19/><V66/><F104/><W46/><REACH who="3" step="1"/><G65/><REACH who="3" ten="183,76,516,215" step="2"/><T20/><D76/><U2/><E61/><V57/><F79/><W94/><G94/><T120/><D120/><U43/><E56/><V28/><F93/><W26/><G26/><T88/><D78/><U121/><E121/><V101/><F109/><W118/><G118/><T68/><D68/><U27/><E43/><V87/><F108/><W122/><G122/><T95/><D82/><U22/><REACH who="1" step="1"/><E27/><REACH who="1" ten="183,66,516,215" step="2"/><V115/><F110/><W17/><AGARI ba="0,2" hai="7,10,15,17,18,40,46,50,51,52,58,60,64,70" machi="17" ten="30,12000,2" yaku="1,1,0,1,52,1,54,1,53,2" doraHai="49" doraHaiUra="44" who="3" fromWho="3" sc="183,-60,66,-30,516,-30,215,140" />
</Scene>
<Scene>
<INIT seed="5,0,0,5,5,77" ten="123,36,486,355" oya="1" hai0="59,89,36,56,50,85,134,105,93,71,97,7,95" hai1="24,87,25,99,26,33,34,57,44,131,46,118,27" hai2="92,69,70,35,2,83,96,102,72,52,124,49,103" hai3="51,13,114,39,53,22,45,132,58,38,119,73,10"/><U76/><E118/><V86/><F2/><W130/><G73/><T31/><D36/><U30/><E131/><V107/><F35/><W60/><G130/><T82/><D71/><U23/><E99/><V84/><F124/><W135/><G22/><T9/><D134/><N who="3" m="51241" /><G119/><T128/><D128/><U126/><E126/><V133/><F133/><W78/><G78/><T90/><D31/><U100/><E100/><V11/><F11/><W129/><G114/><T6/><D105/><U16/><E57/><N who="0" m="22089" /><D50/><U1/><E1/><V79/><F86/><W121/><G121/><T65/><D65/><U54/><E54/><V75/><F75/><W104/><G104/><T88/><D9/><U113/><E113/><V21/><F21/><W110/><G110/><T19/><D19/><U115/><E115/><V41/><F41/><N who="3" m="25007" /><G129/><T98/><AGARI ba="0,0" hai="6,7,82,85,88,89,90,93,95,97,98" m="22089" machi="98" ten="30,4000,0" yaku="8,1,52,1,54,1" doraHai="77" who="0" fromWho="0" sc="123,40,36,-20,486,-10,355,-10" />
</Scene>
<Scene>
<INIT seed="6,0,0,5,1,89" ten="163,16,476,345" oya="2" hai0="124,46,76,2,116,20,130,88,125,113,4,111,115" hai1="26,36,100,52,53,135,29,128,27,21,109,82,7" hai2="81,95,121,96,71,74,118,104,87,51,8,117,103" hai3="22,40,28,106,72,99,39,11,1,108,114,48,19"/><V30/><F71/><W54/><G72/><T16/><D111/><U23/><E36/><V61/><F30/><W68/><G68/><T75/><D76/><U66/><E109/><V38/><F38/><W79/><G79/><T44/><D75/><U101/><E135/><V13/><F121/><W64/><G64/><T59/><D130/><U94/><E128/><V56/><F51/><W105/><G28/><T84/><D116/><U120/><E120/><V3/><F3/><W0/><G108/><T131/><D131/><U90/><E66/><V41/><F41/><W12/><G114/><N who="0" m="43531" /><D59/><U107/><E107/><V77/><F74/><W62/><G62/><T112/><N who="0" m="43539" /><T45/><DORA hai="129" /><D4/><U32/><E7/><V9/><F9/><W33/><G11/><T119/><D2/><U92/><E32/><V6/><REACH who="2" step="1"/><F104/><REACH who="2" ten="163,16,466,345" step="2"/><W10/><G105/><T132/><D119/><U110/><E110/><V15/><F15/><W93/><G12/><N who="0" m="9223" /><D132/><U123/><E123/><V58/><F58/><W78/><G1/><T31/><D31/><N who="1" m="17871" /><E82/><AGARI ba="0,1" hai="44,45,46,82,84,88,124,125" m="9223,43539" machi="82" ten="50,6400,0" yaku="15,1,54,2" doraHai="89,129" who="0" fromWho="1" sc="163,74,16,-64,466,0,345,0" owari="237,-16.0,-48,-55.0,466,56.0,345,15.0" />
</Scene>
</mjloggm>