<mjloggm ver="2.3"><GO type="169" lobby="0"/><UN n0="%4B%E3%80%82" n1="%E4%B8%AD%E5%B1%B1%E9%87%8E%E8%8D%89" n2="%E5%A4%AA%E3%81%8F%E3%81%AA%E3%81%84%E3%81%8A" n3="%EF%BC%A0%E6%A3%AE" dan="17,16,18,16" rate="2128.38,2048.46,2194.07,2135.93" sx="M,F,F,F"/><TAIKYOKU oya="0"/>

<Scene>
<INIT seed="0,0,0,2,4,53" ten="250,250,250,250" oya="0" hai0="92,31,76,40,21,11,77,27,2,67,100,39,127" hai1="135,4,111,51,45,66,84,98,38,125,48,26,47" hai2="89,120,70,90,10,30,103,122,46,75,106,54,16" hai3="115,8,23,113,126,131,64,63,118,0,104,5,61"/><T85/><D127/><U20/><E125/><V101/><F70/><W42/><G118/><T88/><D100/><U128/><E111/><V71/><F71/><W87/><G126/><T68/><D68/><U35/><E128/><V114/><F114/><W29/><G131/><T58/><D39/><U50/><E135/><V130/><F75/><W97/><G42/><T49/><D2/><U93/><E35/><V22/><F130/><W9/><G9/><T17/><D40/><U86/><E66/><V28/><F10/><W108/><G108/><T13/><D49/><U109/><E109/><V133/><F133/><W36/><G36/><T78/><D67/><U134/><E4/><V105/><F46/><N who="1" m="17417" /><E38/><V119/><F22/><W116/><G116/><T25/><D25/><U72/><E72/><V110/><F110/><W65/><G65/><T24/><D24/><U41/><E41/><V123/><F123/><W59/><G63/><T15/><D15/><U112/><E112/><V56/><F119/><W73/><G73/><T117/><D117/><U129/><E129/><V94/><F54/><W83/><G23/><T19/><D31/><N who="1" m="17863" /><E134/><V62/><F62/><W44/><G29/><T124/><D124/><U55/><E55/><V3/><F3/><W102/><REACH who="3" step="1"/><G44/><REACH who="3" ten="250,250,250,240" step="2"/><T18/><D18/><U12/><E12/><V107/><F16/><W60/><G60/><T82/><REACH who="0" step="1"/><D58/><REACH who="0" ten="240,250,250,240" step="2"/><U99/><E99/><AGARI ba="0,2" hai="11,13,17,19,21,27,76,77,78,82,85,88,92,99" machi="99" ten="30,12000,1" yaku="1,1,2,1,7,1,8,1,54,1,53,0" doraHai="53" doraHaiUra="69" who="0" fromWho="1" sc="240,140,250,-120,250,0,240,0" />
</Scene>
<Scene>
<INIT seed="0,1,0,2,5,80" ten="380,130,250,240" oya="0" hai0="30,4,9,7,44,62,79,78,132,92,71,100,46" hai1="17,112,89,15,6,38,90,134,128,33,35,64,104" hai2="125,54,101,41,48,93,63,40,116,84,129,12,23" hai3="52,76,109,113,87,13,25,66,1,8,83,10,130"/><T114/><D114/><U61/><E38/><V51/><F125/><W86/><G113/><T135/><D30/><U49/><E104/><V3/><F3/><W88/><G109/><T32/><D32/><U18/><E112/><V106/><F106/><W26/><G1/><T29/><D29/><U127/><E128/><V65/><F129/><W107/><G107/><T56/><D71/><U121/><E127/><V82/><F116/><W102/><G102/><T20/><D20/><U74/><E121/><V68/><F101/><W31/><G66/><T122/><D122/><U53/><E134/><V21/><BYE who="1" /><F93/><N who="3" m="54423" /><G130/><T97/><D79/><U42/><E42/><V55/><F21/><N who="3" m="15791" /><G26/><T99/><D78/><U28/><E28/><V14/><F65/><W45/><G13/><T110/><D110/><U43/><E43/><V2/><F41/><W96/><G96/><T19/><D99/><U91/><E91/><V34/><F40/><W111/><G111/><T118/><D118/><U36/><E36/><V108/><F12/><W69/><G69/><T120/><D120/><U77/><E77/><V94/><F68/><W39/><G39/><T98/><D98/><U27/><E27/><V126/><F108/><W22/><G22/><T47/><D135/><U59/><E59/><V95/><F23/><W131/><G131/><T72/><D72/><U123/><E123/><V85/><F126/><W81/><G81/><T119/><D119/><U50/><E50/><AGARI ba="1,0" hai="8,10,45,50,52,76,83,87" m="15791,54423" machi="50" ten="30,8000,1" yaku="8,1,52,2,54,2" doraHai="80" who="3" fromWho="1" sc="380,0,130,-83,250,0,240,83" />
</Scene>
<Scene>
<INIT seed="1,0,0,0,4,69" ten="380,47,250,323" oya="1" hai0="30,96,95,13,91,106,41,124,107,119,33,22,24" hai1="117,40,11,2,89,135,44,130,78,72,18,68,16" hai2="5,103,61,75,112,134,129,100,36,133,52,19,17" hai3="81,23,31,121,29,21,99,7,131,32,65,74,97"/><U27/><E27/><V88/><F75/><W34/><G121/><T73/><D119/><U115/><E115/><V10/><F112/><W132/><G65/><T1/><D124/><U4/><E4/><V126/><F126/><W92/><G7/><T39/><D73/><U37/><E37/><V116/><F116/><W93/><G81/><T25/><D1/><U82/><E82/><V104/><F104/><W122/><G74/><T105/><D13/><U43/><E43/><V51/><F129/><W63/><G122/><T59/><D59/><U56/><E56/><N who="2" m="32799" /><F61/><W6/><G6/><T53/><D53/><U128/><E128/><V102/><F36/><W57/><G63/><T118/><D118/><U46/><E46/><V101/><F101/><W64/><G64/><T12/><D12/><U120/><E120/><V70/><F70/><W50/><G131/><T28/><REACH who="0" step="1"/><D107/><REACH who="0" ten="370,47,250,323" step="2"/><U58/><E58/><V98/><F134/><W42/><G57/><T38/><D38/><U15/><E15/><N who="2" m="5583" /><F133/><W76/><G132/><T110/><D110/><U123/><E123/><V8/><F8/><W108/><G108/><T45/><AGARI ba="0,1" hai="22,24,25,28,30,33,39,41,45,91,95,96,105,106" machi="45" ten="30,4000,0" yaku="1,1,0,1,52,1,53,0" doraHai="69" doraHaiUra="113" who="0" fromWho="0" sc="370,50,47,-20,250,-10,323,-10" />
</Scene>
<Scene>
<INIT seed="2,0,0,5,4,102" ten="420,27,240,313" oya="2" hai0="73,87,19,98,33,131,28,36,90,9,39,69,56" hai1="59,2,77,27,86,113,72,40,100,121,23,35,74" hai2="7,54,37,112,132,31,47,81,5,94,45,43,84" hai3="20,97,68,124,109,104,119,114,83,71,96,85,15"/><V32/><F112/><W34/><G119/><T110/><D73/><U18/><E18/><V134/><F94/><W14/><G114/><T58/><D110/><U50/><E50/><N who="2" m="29023" /><F31/><W12/><G124/><T48/><D69/><U88/><E88/><N who="2" m="51215" /><F32/><W52/><G34/><T82/><D131/><U133/><E133/><N who="2" m="51307" /><F7/><W123/><G123/><T44/><D28/><U0/><E0/><V41/><F5/><W117/><G117/><T22/><D33/><U115/><E115/><V13/><F43/><W63/><G20/><T17/><D22/><U64/><E64/><V1/><F13/><W29/><G29/><T60/><D90/><U4/><E4/><V105/><F1/><W92/><G92/><T103/><D19/><U99/><E99/><V118/><F118/><W38/><G97/><T51/><D17/><U128/><E128/><V120/><F120/><W46/><G96/><T49/><D98/><U122/><E122/><V21/><F21/><W108/><G15/><T70/><D51/><U25/><E25/><V127/><F127/><W76/><G14/><T106/><D49/><U79/><E79/><V66/><F66/><W16/><G12/><T135/><D48/><U75/><E75/><V111/><F111/><W3/><G108/><T101/><D103/><U91/><E91/><V30/><F30/><W61/><G109/><T116/><D101/><U8/><E8/><V53/><F53/><W129/><G52/><T6/><D6/><U10/><E10/><V107/><AGARI ba="0,0" hai="37,41,45,105,107" m="51307,51215,29023" machi="107" ten="30,11700,0" yaku="20,1,52,2,54,1" doraHai="102" who="2" fromWho="2" sc="420,-39,27,-39,240,117,313,-39" owari="381,48.0,-12,-51.0,357,16.0,274,-13.0" />
</Scene>
</mjloggm>