<mjloggm ver="2.3"><GO type="169" lobby="0"/><UN n0="%4E%65%6B%6F%73%6B%79" n1="%E5%A4%AA%E3%81%8F%E3%81%AA%E3%81%84%E3%81%8A" n2="%E3%81%8B%E3%82%89%E3%81%8F%E3%82%8A%E5%B1%8B%E6%95%B7" n3="%E3%82%AB%E3%83%9C%E3%83%81%E3%83%A3%E3%82%BF%E3%83%8D" dan="16,18,16,18" rate="2140.97,2238.34,2080.96,2211.09" sx="M,F,M,M"/><TAIKYOKU oya="0"/>

<Scene>
<INIT seed="0,0,0,0,2,123" ten="250,250,250,250" oya="0" hai0="88,85,10,63,23,104,75,118,17,132,71,26,74" hai1="107,30,1,100,64,106,128,70,122,114,94,58,33" hai2="68,102,3,53,22,113,129,119,9,36,7,28,112" hai3="42,111,121,124,81,0,82,80,15,135,50,66,34"/><T45/><D118/><U92/><E122/><V115/><F68/><W48/><G121/><T79/><D104/><U43/><E1/><V96/><F36/><W99/><G0/><T46/><D132/><U103/><E43/><V90/><F119/><W6/><G135/><T8/><D75/><U86/><E58/><V76/><F76/><W134/><G134/><T18/><D74/><U110/><E33/><V73/><F73/><W101/><G34/><T84/><D71/><U32/><E32/><V78/><F78/><W11/><G124/><T127/><D127/><U52/><E30/><V61/><F90/><W87/><G66/><T109/><D109/><U105/><E64/><V29/><F129/><W13/><G13/><N who="0" m="7351" /><D63/><U93/><E70/><V57/><REACH who="2" step="1"/><F22/><REACH who="2" ten="250,250,240,250" step="2"/><W21/><G21/><T55/><D8/><U51/><E128/><V44/><F44/><W95/><G111/><T49/><D45/><U4/><E110/><V62/><F62/><W40/><REACH who="3" step="1"/><G87/><REACH who="3" ten="250,250,240,240" step="2"/><N who="0" m="33355" /><D79/><U83/><E86/><V47/><F47/><W91/><G91/><AGARI ba="0,2" hai="18,23,26,46,49,55,88,91" m="33355,7351" machi="91" ten="30,2900,0" yaku="8,1,54,1" doraHai="123" who="0" fromWho="3" sc="250,49,250,0,240,0,240,-29" />
</Scene>
<Scene>
<INIT seed="0,1,0,4,2,127" ten="299,250,240,211" oya="0" hai0="2,46,92,45,7,62,38,32,83,9,80,125,74" hai1="60,133,15,39,57,1,25,58,22,120,6,13,21" hai2="54,115,124,110,40,113,8,55,75,135,0,106,70" hai3="88,24,20,50,114,76,89,72,121,94,37,131,59"/><T53/><D32/><U49/><E120/><V112/><F106/><W67/><G37/><T26/><D125/><U48/><E39/><V126/><F75/><W3/><G3/><T35/><D35/><U117/><E117/><V31/><F31/><W102/><G114/><T11/><D11/><U91/><E133/><V44/><F70/><W14/><G121/><T119/><D119/><U108/><E108/><V98/><F98/><N who="3" m="59735" /><G72/><T47/><D26/><U86/><E1/><V29/><F29/><N who="3" m="17543" /><G76/><N who="0" m="44055" /><D83/><U18/><E6/><V23/><F0/><W61/><G131/><T100/><D92/><N who="1" m="54391" /><E57/><V81/><F81/><W78/><G78/><T87/><D87/><U51/><E22/><V132/><F8/><W30/><G30/><T128/><D100/><U84/><E84/><V63/><F23/><W42/><G14/><T107/><D107/><U93/><E93/><V56/><F110/><W134/><G134/><T28/><D28/><U16/><E18/><V5/><F135/><W65/><G65/><AGARI ba="1,0" hai="13,15,16,21,25,48,49,51,58,60,65" m="54391" machi="65" ten="30,2000,0" yaku="8,1,54,1" doraHai="127" who="1" fromWho="3" sc="299,0,250,23,240,0,211,-23" />
</Scene>
<Scene>
<INIT seed="1,0,0,1,1,94" ten="299,273,240,188" oya="1" hai0="65,72,71,106,90,66,83,2,104,14,84,8,68" hai1="21,62,102,22,132,86,49,133,6,95,111,122,24" hai2="9,46,35,42,81,115,134,37,19,29,17,60,74" hai3="123,88,5,89,56,12,50,128,91,54,36,127,64"/><U34/><E122/><V51/><F115/><W23/><G123/><T11/><D2/><U69/><E6/><V26/><F134/><N who="1" m="51817" /><E111/><V118/><F118/><W59/><G36/><T76/><D104/><U38/><E38/><V13/><F60/><N who="3" m="37919" /><G128/><T75/><D106/><U121/><E121/><V114/><F114/><W107/><G107/><T3/><D72/><U58/><E69/><V100/><F100/><W117/><G117/><T41/><D41/><U63/><E34/><V70/><F70/><W30/><G127/><T0/><D0/><U85/><E49/><V130/><F130/><W44/><G5/><T7/><D68/><U61/><E58/><V109/><F109/><W52/><G30/><T4/><REACH who="0" step="1"/><D71/><REACH who="0" ten="289,273,240,188" step="2"/><U16/><E22/><V45/><F74/><W32/><G32/><T53/><D53/><U126/><E126/><V124/><F124/><W78/><G54/><T112/><D112/><U20/><E21/><V96/><F42/><W99/><G23/><T129/><D129/><U33/><E33/><V15/><F35/><W113/><G113/><T108/><D108/><U87/><E102/><V27/><F29/><W47/><G12/><T79/><D79/><U97/><E95/><AGARI ba="0,1" hai="3,4,7,8,11,14,65,66,75,76,83,84,90,95" machi="95" ten="30,2000,0" yaku="1,1,7,1,53,0" doraHai="94" doraHaiUra="135" who="0" fromWho="1" sc="289,30,273,-20,240,0,188,0" />
</Scene>
<Scene>
<INIT seed="2,0,0,1,4,43" ten="319,253,240,188" oya="2" hai0="114,133,113,67,55,78,100,0,96,126,116,118,24" hai1="115,47,66,85,59,97,36,18,95,62,84,92,6" hai2="131,64,11,72,63,102,107,60,52,127,80,98,38" hai3="7,20,5,90,35,105,65,112,123,58,75,23,82"/><V124/><F38/><W8/><G123/><T87/><D0/><U45/><E115/><N who="0" m="44041" /><D67/><U32/><E32/><V104/><F131/><W117/><G35/><T49/><D24/><U30/><E30/><V86/><F72/><W28/><G112/><T56/><D56/><U73/><E73/><V101/><F11/><W2/><G7/><T94/><D55/><U135/><E135/><V42/><F42/><W14/><G28/><T71/><D49/><U121/><E121/><V109/><F109/><W31/><G31/><T132/><D71/><U128/><E128/><V48/><F101/><W54/><G65/><T13/><D13/><U51/><E36/><V106/><F63/><W41/><G2/><T99/><D126/><N who="2" m="48170" /><F64/><W26/><G41/><T108/><D108/><U37/><E37/><V46/><F60/><W83/><G8/><T93/><D87/><N who="1" m="33355" /><E6/><V3/><F3/><W4/><G4/><T29/><D78/><AGARI ba="0,0" hai="46,48,52,78,80,86,98,102,104,106,107" m="48170" machi="78" ten="30,5800,0" yaku="18,1,52,1,54,1" doraHai="43" who="2" fromWho="0" sc="319,-58,253,0,240,58,188,0" />
</Scene>
<Scene>
<INIT seed="2,1,0,3,1,53" ten="261,253,298,188" oya="2" hai0="88,4,22,13,9,40,61,122,110,104,16,25,8" hai1="120,116,94,124,125,77,70,17,15,71,2,68,57" hai2="11,119,29,44,113,87,32,95,28,135,5,60,6" hai3="106,3,45,1,121,7,96,59,100,109,19,63,118"/><V117/><F113/><W24/><G118/><T76/><D122/><U105/><E116/><V123/><F123/><W50/><G121/><T130/><D104/><U20/><E120/><V23/><F135/><W42/><G109/><T91/><D110/><U18/><E105/><V48/><F32/><W75/><G75/><T132/><D132/><U14/><E2/><V52/><F117/><W64/><REACH who="3" step="1"/><G7/><REACH who="3" ten="261,253,298,178" step="2"/><T36/><D4/><U79/><E125/><V35/><F119/><W73/><G73/><T83/><D130/><U34/><E124/><V31/><F6/><W78/><G78/><T108/><D108/><U134/><E134/><V112/><F112/><W47/><G47/><T56/><D76/><U97/><E77/><V82/><F35/><W38/><G38/><T127/><D127/><U89/><E79/><V86/><F5/><W72/><G72/><T58/><D36/><U84/><E34/><V126/><F126/><W62/><G62/><T54/><D61/><U49/><E49/><V98/><F60/><W107/><G107/><T33/><D33/><U43/><E71/><V0/><F0/><W103/><G103/><T46/><D46/><U81/><E70/><V114/><F114/><W41/><G41/><T93/><D40/><U102/><E68/><V66/><F44/><W30/><G30/><T37/><D37/><U92/><E43/><V131/><F29/><W111/><G111/><T90/><D83/><U128/><E128/><V74/><F82/><W39/><G39/><T55/><D93/><N who="1" m="58671" /><E57/><V69/><F74/><W67/><G67/><T80/><D58/><RYUUKYOKU ba="1,1" sc="261,-15,253,15,298,-15,178,15" hai1="14,15,17,18,20,81,84,89,92,94" hai3="1,3,19,24,42,45,50,59,63,64,96,100,106" />
</Scene>
<Scene>
<INIT seed="3,2,1,5,5,24" ten="246,268,283,193" oya="3" hai0="107,18,97,104,134,77,73,17,123,82,71,113,27" hai1="93,34,116,81,126,6,119,114,21,83,128,90,79" hai2="70,29,57,28,20,56,19,15,55,103,118,120,2" hai3="98,80,100,67,30,131,14,8,32,85,50,94,89"/><W40/><G131/><T43/><D123/><U23/><E34/><V63/><F120/><W135/><G135/><T69/><D134/><U121/><E121/><V22/><F118/><N who="1" m="45097" /><E114/><V91/><F70/><N who="0" m="26634" /><D17/><U84/><E128/><V122/><F2/><W102/><G67/><T33/><D18/><U46/><E126/><V129/><F129/><W35/><G35/><T110/><D113/><U44/><E6/><V25/><F103/><W117/><G117/><T37/><D97/><N who="1" m="57527" /><E83/><V41/><F41/><W12/><G12/><T95/><D95/><U99/><E99/><V105/><F105/><W0/><G0/><T11/><D11/><U61/><E61/><N who="2" m="35999" /><F91/><W54/><G40/><T130/><D130/><U42/><E46/><V88/><F88/><N who="3" m="51239" /><G32/><T74/><D74/><U127/><E127/><V39/><F39/><AGARI ba="2,1" hai="21,23,39,42,44,79,81,84" m="57527,45097" machi="39" ten="30,1000,0" yaku="12,1" doraHai="24" who="1" fromWho="2" sc="246,0,268,26,283,-16,193,0" />
</Scene>
<Scene>
<INIT seed="4,0,0,3,1,90" ten="246,294,267,193" oya="0" hai0="27,4,11,104,60,30,8,113,91,43,45,123,57" hai1="81,127,35,97,95,22,132,126,93,49,2,28,53" hai2="13,33,110,37,54,25,31,135,32,73,38,21,121" hai3="101,3,42,108,118,130,23,0,15,29,20,117,115"/><T39/><D123/><U50/><E2/><N who="3" m="554" /><G101/><T10/><D104/><U105/><E35/><V47/><F121/><W86/><G86/><T69/><D69/><U5/><E5/><V12/><F73/><W102/><G102/><T68/><D113/><U83/><E105/><V96/><F110/><W116/><G42/><T65/><D68/><U111/><E111/><V128/><F96/><W82/><G82/><N who="1" m="31242" /><E97/><V100/><F100/><W67/><G67/><T89/><REACH who="0" step="1"/><D4/><REACH who="0" ten="236,294,267,193" step="2"/><U87/><E126/><V125/><F125/><W44/><G108/><T85/><D85/><U98/><E87/><V94/><F128/><W133/><G130/><T107/><D107/><U72/><E127/><V77/><F135/><W129/><G129/><T41/><D41/><U1/><E132/><V26/><F77/><W17/><G133/><T52/><D52/><U46/><E72/><V78/><F54/><W80/><G115/><T61/><D61/><U88/><E53/><V59/><F78/><W119/><G119/><T36/><D36/><U6/><E6/><V76/><F76/><W48/><G118/><T62/><D62/><U131/><E131/><V106/><F106/><W71/><G71/><T9/><N who="0" m="2048" /><DORA hai="7" /><T92/><D92/><N who="1" m="56583" /><E1/><V79/><F38/><W16/><G80/><T70/><D70/><U51/><E46/><V18/><F47/><W134/><G134/><T24/><D24/><AGARI ba="0,1" hai="22,24,28,49,50,51,93,95" m="56583,31242" machi="24" ten="30,8000,1" yaku="8,1,52,3,54,1" doraHai="90,7" who="1" fromWho="0" sc="236,-80,294,90,267,0,193,0" />
</Scene>
<Scene>
<INIT seed="5,0,0,4,5,118" ten="156,384,267,193" oya="1" hai0="120,8,69,94,81,56,38,10,101,111,104,129,97" hai1="5,103,35,47,98,87,102,7,61,13,96,65,114" hai2="134,99,58,130,112,117,60,49,4,72,39,106,0" hai3="41,128,1,43,23,68,12,14,19,32,9,123,63"/><U135/><E35/><V75/><F39/><W45/><G32/><T59/><D111/><U24/><E114/><V11/><F117/><W70/><G1/><T53/><D69/><U115/><E115/><V85/><F112/><W29/><G128/><T17/><D129/><U33/><E135/><V105/><F134/><W25/><G43/><T54/><D38/><U119/><E119/><V131/><F130/><W18/><G63/><T74/><D104/><U31/><E47/><V124/><F124/><W121/><G70/><T36/><D36/><U57/><E87/><V78/><F131/><W66/><G66/><T80/><D120/><U83/><E83/><V90/><F49/><W125/><G68/><T27/><D74/><U2/><E2/><V88/><F78/><W37/><REACH who="3" step="1"/><G125/><REACH who="3" ten="156,384,267,183" step="2"/><T21/><D54/><U100/><E65/><V40/><F40/><W82/><G82/><T86/><D59/><U77/><E57/><V92/><F75/><W107/><G107/><T62/><REACH who="0" step="1"/><D80/><REACH who="0" ten="146,384,267,183" step="2"/><U122/><E122/><V67/><F72/><W30/><G30/><T51/><D51/><U71/><E31/><V73/><F73/><W95/><G95/><AGARI ba="0,2" hai="0,4,11,58,60,67,85,88,90,92,95,99,105,106" machi="95" ten="30,2000,0" yaku="7,1,54,1" doraHai="118" who="2" fromWho="3" sc="146,0,384,0,267,40,183,-20" />
</Scene>
<Scene>
<INIT seed="6,0,0,3,4,0" ten="146,384,307,163" oya="2" hai0="21,79,71,67,62,108,95,8,121,111,106,78,115" hai1="44,97,33,82,41,90,72,11,48,6,131,52,86" hai2="49,20,73,76,15,83,101,30,65,112,10,29,85" hai3="40,96,81,126,113,91,34,125,59,116,50,63,77"/><V37/><F37/><W110/><G34/><T117/><D106/><U14/><E131/><V56/><F112/><W130/><G116/><T84/><D121/><U109/><E109/><V100/><F73/><W9/><G110/><T119/><D115/><U93/><E33/><V17/><F20/><W89/><G113/><T7/><D111/><U23/><E72/><V102/><F65/><W74/><G130/><T12/><D108/><U36/><E23/><V70/><F70/><W16/><G50/><T58/><D71/><U25/><E25/><V133/><F133/><W98/><G40/><T38/><D38/><U32/><E32/><V66/><F66/><W120/><G120/><T5/><D119/><U24/><E24/><V68/><F68/><W80/><G59/><T43/><D43/><U54/><E36/><V60/><F60/><W45/><G63/><T124/><D124/><N who="3" m="47721" /><G45/><T132/><D132/><U26/><E26/><V1/><F1/><W13/><G81/><N who="0" m="47167" /><D117/><U129/><E129/><V55/><AGARI ba="0,0" hai="10,15,17,29,30,49,55,56,76,83,85,100,101,102" machi="55" ten="30,3000,0" yaku="0,1,8,1" doraHai="0" who="2" fromWho="2" sc="146,-10,384,-10,307,30,163,-10" />
</Scene>
<Scene>
<INIT seed="6,1,0,1,5,80" ten="136,374,337,153" oya="2" hai0="90,5,135,24,13,1,21,91,53,14,130,26,29" hai1="38,17,46,67,28,31,37,100,116,119,125,51,109" hai2="110,105,9,60,118,112,133,10,58,73,94,15,39" hai3="47,121,79,82,120,43,124,69,108,33,23,84,48"/><V89/><F105/><W87/><G33/><N who="0" m="20647" /><D53/><U106/><E109/><V18/><F118/><W52/><G108/><T117/><D90/><U96/><E125/><V7/><F110/><W20/><G124/><T92/><D91/><U128/><E128/><V45/><F73/><W98/><G69/><T115/><D92/><U55/><E67/><V8/><F112/><W66/><G66/><T97/><D97/><U123/><E123/><V57/><F133/><W68/><G68/><T11/><D135/><U32/><E17/><V3/><F10/><W49/><G98/><T27/><D130/><U134/><E134/><V41/><F60/><W54/><G43/><T12/><D115/><U40/><E37/><V22/><REACH who="2" step="1"/><F9/><REACH who="2" ten="136,374,327,153" step="2"/><W99/><G120/><T129/><D129/><U111/><E111/><V103/><F103/><W56/><G121/><T70/><D117/><U85/><E119/><V77/><F77/><W122/><G122/><T35/><D70/><U30/><E116/><V95/><F95/><W42/><G99/><AGARI ba="1,1" hai="3,7,8,15,18,22,39,41,45,57,58,89,94,99" machi="99" ten="30,2900,0" yaku="1,1,7,1,53,0" doraHai="80" doraHaiUra="72" who="2" fromWho="3" sc="136,0,374,0,327,42,153,-32" />
</Scene>
<Scene>
<INIT seed="6,2,0,2,5,1" ten="136,374,369,121" oya="2" hai0="96,23,125,33,77,91,59,73,30,50,66,94,108" hai1="98,85,8,107,102,68,122,34,25,3,65,62,110" hai2="130,103,42,133,112,61,80,106,12,67,43,118,86" hai3="116,16,47,92,15,38,63,32,76,29,124,117,54"/><V37/><F118/><W84/><G124/><T104/><D33/><U17/><E85/><V134/><F106/><W113/><G113/><T105/><D125/><U101/><E101/><V52/><F103/><W11/><G38/><T109/><D105/><U93/><E93/><V40/><F112/><W20/><G32/><T26/><D104/><U120/><E110/><V88/><F130/><W90/><G76/><T71/><D71/><U135/><E135/><N who="2" m="51723" /><F37/><W45/><G117/><T111/><D50/><U46/><E46/><V100/><F100/><W44/><G116/><T36/><D36/><U132/><E132/><V18/><F67/><W89/><G89/><T31/><D31/><N who="1" m="19823" /><E17/><V28/><F28/><W21/><REACH who="3" step="1"/><G29/><REACH who="3" ten="136,374,369,111" step="2"/><T5/><D77/><U4/><AGARI ba="2,1" hai="3,4,8,62,65,68,98,102,107,120,122" m="19823" machi="4" ten="30,4000,0" yaku="25,1,23,1,52,1" doraHai="1" who="1" fromWho="1" sc="136,-12,374,56,369,-22,111,-12" />
</Scene>
<Scene>
<INIT seed="7,0,0,3,0,21" ten="124,430,347,99" oya="3" hai0="127,31,56,52,100,4,69,122,118,39,88,133,81" hai1="114,120,77,34,8,42,113,85,16,94,79,23,99" hai2="121,14,37,101,75,61,29,90,32,102,86,135,46" hai3="89,97,126,11,78,15,98,117,44,67,35,30,26"/><W125/><G117/><T20/><D69/><U108/><E108/><V106/><F75/><W95/><G78/><T1/><D39/><U109/><E109/><V10/><F135/><W132/><G132/><T53/><D52/><U74/><E120/><V115/><F121/><W38/><G67/><T65/><D88/><N who="1" m="55751" /><E74/><V63/><F115/><N who="1" m="44041" /><E34/><V134/><F134/><W128/><G128/><T70/><D133/><U7/><E42/><V72/><F72/><W57/><G57/><T49/><D56/><U110/><E85/><V59/><F63/><W6/><REACH who="3" step="1"/><G98/><REACH who="3" ten="124,430,347,89" step="2"/><T62/><D122/><U24/><E110/><V92/><F59/><W64/><G64/><T12/><D65/><U83/><E83/><V33/><F61/><W54/><G54/><T25/><D53/><U36/><E36/><V93/><F37/><W47/><G47/><T131/><D62/><U87/><E87/><V130/><F46/><W13/><G13/><AGARI ba="0,1" hai="7,8,13,16,23,24,77,79" m="44041,55751" machi="13" ten="30,7700,0" yaku="15,1,52,1,54,2" doraHai="21" who="1" fromWho="3" sc="124,0,430,87,347,0,89,-77" owari="124,-28.0,517,62.0,347,15.0,12,-49.0" />
</Scene>
</mjloggm>