<mjloggm ver="2.3"><GO type="169" lobby="0"/><UN n0="%E3%81%BE%E3%81%AA%E3%81%84%E3%81%9F%E3%82%88%E3%81%86%E3%81%98%E3%82%87" n1="%E3%83%81%E3%83%BC%E3%82%BF%E3%83%BC" n2="%EF%BC%B5%EF%BC%A4%EF%BC%AE%EF%BC%AB" n3="%E5%A4%AA%E3%81%8F%E3%81%AA%E3%81%84%E3%81%8A" dan="16,17,17,18" rate="2136.25,2163.16,2125.12,2169.19" sx="M,M,M,F"/><TAIKYOKU oya="0"/>

<Scene>
<INIT seed="0,0,0,3,4,83" ten="250,250,250,250" oya="0" hai0="106,0,78,52,59,127,47,121,103,28,77,1,10" hai1="11,75,5,13,54,58,42,64,69,29,45,102,87" hai2="4,66,18,12,111,3,101,35,62,133,21,98,14" hai3="130,84,30,48,89,2,115,113,109,93,55,76,97"/><T63/><D121/><U79/><E75/><V105/><F35/><W86/><G2/><T44/><D127/><U19/><E102/><V118/><F111/><W32/><G109/><T65/><D28/><U110/><E110/><V6/><F3/><W128/><G30/><T60/><D106/><U72/><E72/><V46/><F133/><W124/><G32/><T71/><D103/><U67/><E29/><V129/><F129/><N who="3" m="49771" /><G124/><T17/><D1/><U15/><E69/><V95/><F105/><W31/><G31/><T134/><D134/><U41/><E54/><V96/><F96/><W131/><G131/><T107/><D107/><U27/><E27/><V108/><F118/><W91/><G76/><T90/><D90/><U53/><E53/><V39/><F14/><W51/><G51/><T125/><D125/><U24/><E24/><V92/><F108/><W7/><G7/><T119/><D119/><U57/><E64/><V80/><F6/><W40/><G40/><N who="1" m="15466" /><E45/><N who="0" m="17481" /><D0/><U20/><E67/><V100/><F46/><N who="3" m="28055" /><G97/><T126/><D126/><U82/><AGARI ba="0,0" hai="5,11,13,15,19,20,57,58,79,82,87" m="15466" machi="82" ten="30,2000,0" yaku="8,1,52,1" doraHai="83" who="1" fromWho="1" sc="250,-10,250,20,250,-5,250,-5" />
</Scene>
<Scene>
<INIT seed="1,0,0,5,4,55" ten="240,270,245,245" oya="1" hai0="17,94,21,99,64,121,87,11,103,72,32,78,35" hai1="84,92,129,31,101,15,23,122,111,76,110,40,108" hai2="50,134,9,14,71,39,54,95,82,109,63,33,24" hai3="97,107,29,127,132,130,102,124,6,7,80,2,93"/><U19/><E122/><V106/><F39/><W88/><G130/><T25/><D121/><U49/><E129/><V68/><F106/><W118/><G132/><T131/><D131/><U51/><E31/><V116/><F109/><W112/><G112/><T117/><D117/><U57/><E40/><V46/><F116/><W77/><G29/><T70/><D72/><U12/><E12/><V45/><F95/><W66/><G66/><T53/><D11/><U114/><E114/><V104/><F104/><W20/><G20/><T16/><D17/><U56/><E51/><V83/><F68/><W69/><G69/><T3/><D3/><U135/><E49/><N who="2" m="28975" /><F24/><W10/><G7/><T52/><D78/><U115/><E115/><V30/><F33/><W38/><G38/><T105/><D94/><U79/><E135/><V43/><F71/><W128/><G128/><T74/><D74/><U22/><E23/><V62/><F30/><W81/><G118/><T27/><D87/><U120/><E120/><V65/><F65/><W44/><G44/><T89/><D32/><U5/><E5/><N who="2" m="3375" /><F134/><W59/><G81/><AGARI ba="0,0" hai="43,46,50,62,63,81,82,83" m="3375,28975" machi="81" ten="30,1000,0" yaku="8,1" doraHai="55" who="2" fromWho="3" sc="240,0,270,0,245,10,245,-10" />
</Scene>
<Scene>
<INIT seed="2,0,0,5,2,87" ten="240,270,255,235" oya="2" hai0="16,111,107,43,101,132,22,104,0,75,121,48,123" hai1="119,83,44,53,65,88,12,120,126,95,96,92,127" hai2="62,59,49,98,25,105,19,90,70,8,29,78,103" hai3="100,5,23,50,74,71,36,26,131,110,82,72,66"/><V31/><F70/><W134/><G36/><T4/><D75/><U45/><E119/><V15/><F78/><W42/><G100/><T11/><D132/><U7/><E65/><V79/><F79/><W113/><G5/><T32/><D32/><U63/><E83/><V117/><F49/><W46/><G134/><T112/><D112/><U37/><E120/><V18/><F117/><W99/><G99/><T80/><D111/><U64/><E37/><V1/><F1/><W3/><G3/><T13/><D80/><U116/><E53/><V93/><F19/><W124/><G110/><T81/><D81/><U20/><E95/><V30/><F105/><W41/><G113/><T14/><D0/><U2/><E2/><V129/><F129/><W24/><G131/><T21/><D21/><U60/><E60/><V69/><F69/><W73/><G124/><N who="1" m="47658" /><E116/><V130/><F130/><W77/><G42/><T118/><D118/><U76/><E76/><V133/><F133/><W35/><G66/><T54/><D43/><U56/><E7/><V40/><F40/><W106/><G106/><T128/><D128/><U28/><E28/><V51/><F51/><W109/><G109/><T94/><D107/><U108/><E108/><V85/><F85/><W55/><G41/><T61/><D104/><U52/><E64/><N who="2" m="39007" /><F103/><W27/><G73/><T115/><D115/><U6/><E6/><V89/><F25/><N who="3" m="9835" /><G74/><T47/><D61/><U97/><E97/><V17/><F17/><AGARI ba="0,0" hai="12,17,20,44,45,52,56,63,88,92,96" m="47658" machi="17" ten="30,7700,0" yaku="18,1,52,1,54,2" doraHai="87" who="1" fromWho="2" sc="240,0,270,77,255,-77,235,0" />
</Scene>
<Scene>
<INIT seed="3,0,0,4,2,104" ten="240,347,178,235" oya="3" hai0="63,129,67,56,54,36,116,55,131,39,30,102,60" hai1="94,46,27,83,65,117,113,93,97,95,58,22,133" hai2="120,45,101,77,40,62,122,24,20,75,66,105,71" hai3="17,28,52,123,108,69,26,44,89,59,61,16,84"/><W134/><G123/><T14/><D30/><U49/><E113/><V86/><F86/><W88/><G69/><T35/><D35/><U128/><E128/><N who="0" m="49225" /><D14/><U90/><E133/><V76/><F101/><W85/><G134/><T43/><D102/><U110/><E110/><V38/><F105/><W121/><G121/><N who="2" m="46697" /><F75/><W130/><G130/><T41/><D116/><U79/><E117/><V81/><F81/><N who="3" m="49167" /><G108/><T19/><D19/><AGARI ba="0,0" hai="19,20,24,38,40,45,62,66,71,76,77" m="46697" machi="19" ten="30,1000,0" yaku="13,1" doraHai="104" who="2" fromWho="0" sc="240,-10,347,0,178,10,235,0" />
</Scene>
<Scene>
<INIT seed="4,0,0,1,1,134" ten="230,347,188,235" oya="0" hai0="40,25,61,49,102,68,77,63,91,94,125,78,44" hai1="22,81,95,104,12,84,7,21,24,10,73,112,126" hai2="16,114,123,80,130,85,29,118,99,14,109,2,113" hai3="107,103,15,129,60,23,97,87,5,132,41,64,38"/><T131/><D131/><U47/><E104/><V62/><F109/><W20/><G132/><T36/><D102/><U4/><E73/><V13/><F2/><W46/><G129/><T48/><D25/><U120/><E120/><V111/><F123/><W0/><G0/><T50/><D125/><U55/><E112/><V58/><F111/><W117/><G117/><T72/><D72/><U108/><E108/><V65/><F13/><W101/><G101/><T39/><D39/><U105/><E105/><V27/><F99/><W31/><G31/><T8/><D8/><U79/><E126/><V88/><F118/><W76/><G5/><T42/><D42/><U34/><E95/><V37/><F37/><W96/><G96/><T54/><D63/><U26/><E7/><V67/><F67/><W57/><G15/><T93/><D93/><U127/><E127/><V59/><F59/><W74/><G74/><T128/><D128/><U69/><E69/><V115/><F130/><W122/><G122/><T100/><D100/><U6/><E6/><V82/><F82/><W30/><G30/><T86/><REACH who="0" step="1"/><D54/><REACH who="0" ten="220,347,188,235" step="2"/><U56/><E26/><V90/><F27/><W106/><G106/><T116/><D116/><U66/><E24/><V53/><F53/><W110/><G110/><T35/><D35/><U18/><E34/><V135/><F29/><W71/><G23/><T32/><D32/><U43/><E43/><V52/><F52/><W124/><G20/><T133/><D133/><U75/><E75/><V3/><F135/><W33/><G33/><T92/><D92/><U51/><E22/><RYUUKYOKU ba="0,1" sc="220,30,347,-10,188,-10,235,-10" hai0="36,40,44,48,49,50,61,68,77,78,86,91,94" />
</Scene>
<Scene>
<INIT seed="4,1,1,0,5,100" ten="250,337,178,225" oya="0" hai0="110,125,71,37,103,82,93,42,66,51,50,36,29" hai1="104,3,78,35,111,124,85,59,22,63,75,23,47" hai2="129,55,25,62,86,89,58,133,135,96,30,21,123" hai3="8,128,116,27,0,113,109,112,108,122,1,130,83"/><T115/><D82/><U99/><E35/><V39/><F39/><N who="0" m="14922" /><D29/><U15/><E3/><N who="3" m="1098" /><G83/><T72/><D93/><U76/><E75/><V67/><F129/><N who="3" m="49771" /><G116/><T84/><D103/><U94/><E85/><V4/><F123/><W117/><G117/><T77/><D84/><U41/><E15/><V80/><F4/><W44/><G44/><N who="0" m="25879" /><D77/><U61/><E78/><V74/><F74/><W40/><G40/><T13/><D13/><U92/><E92/><V102/><REACH who="2" step="1"/><F55/><REACH who="2" ten="250,337,168,225" step="2"/><W69/><G122/><T121/><D72/><U87/><E41/><V57/><F57/><W127/><G69/><T16/><D121/><U20/><E59/><V31/><F31/><W114/><G127/><T32/><D125/><U45/><E45/><V33/><F33/><W119/><G119/><T17/><D32/><U101/><E47/><V49/><F49/><W107/><G114/><T52/><D115/><U11/><E124/><V54/><F54/><W48/><G48/><T79/><D51/><U95/><E63/><V9/><F9/><W134/><G8/><T56/><D71/><U64/><E11/><V28/><F28/><W34/><G34/><T90/><D52/><U126/><E126/><V38/><F38/><W18/><G113/><T91/><D56/><N who="1" m="36903" /><E111/><V105/><AGARI ba="1,2" hai="21,25,30,58,62,67,80,86,89,96,102,105,133,135" machi="105" ten="30,4000,0" yaku="1,1,0,1,52,1,53,0" doraHai="100" doraHaiUra="70" who="2" fromWho="2" sc="250,-21,337,-11,168,63,225,-11" />
</Scene>
<Scene>
<INIT seed="5,0,0,1,4,18" ten="229,326,231,214" oya="1" hai0="106,111,34,20,60,109,114,4,64,39,119,93,132" hai1="108,133,95,14,79,125,118,80,67,7,84,61,65" hai2="127,43,98,9,37,104,117,23,31,86,126,11,22" hai3="128,110,112,76,77,63,135,116,40,5,131,100,87"/><U0/><E0/><V53/><F117/><W55/><G110/><T66/><D34/><U8/><E118/><V97/><F31/><W46/><G116/><T102/><D106/><U113/><E108/><V28/><F28/><W121/><G121/><T90/><D119/><U105/><E105/><V13/><F11/><W54/><G112/><T51/><D39/><U52/><E113/><V15/><F15/><W16/><G5/><T17/><D4/><U35/><E35/><V69/><F69/><W99/><G135/><T120/><D132/><U92/><E133/><V78/><F53/><N who="3" m="19979" /><G87/><T59/><D66/><N who="1" m="25099" /><E125/><N who="2" m="47627" /><F43/><W3/><G3/><T130/><D114/><U62/><E62/><V1/><F37/><W123/><G63/><T75/><D120/><U134/><E134/><V103/><F97/><W83/><G99/><T45/><D109/><U115/><E115/><V41/><F41/><W58/><G40/><T122/><D111/><U30/><E30/><V6/><F1/><W85/><G123/><T36/><D122/><U101/><E101/><V29/><F29/><W10/><G100/><T38/><D102/><U91/><E79/><V19/><F6/><W21/><G77/><T88/><D36/><U47/><E61/><V50/><F50/><AGARI ba="0,0" hai="7,8,14,47,50,52,80,84,91,92,95" m="25099" machi="50" ten="30,2900,0" yaku="8,1,54,1" doraHai="18" who="1" fromWho="2" sc="229,0,326,29,231,-29,214,0" />
</Scene>
<Scene>
<INIT seed="5,1,0,1,0,99" ten="229,355,202,214" oya="1" hai0="110,5,19,85,129,116,111,115,67,84,15,24,118" hai1="90,45,32,96,57,12,22,83,1,51,127,133,81" hai2="73,36,58,117,21,75,8,134,79,102,92,17,95" hai3="11,109,119,89,112,56,43,54,100,86,25,98,132"/><U10/><E32/><V3/><F36/><W50/><G109/><T35/><D67/><U105/><E127/><V126/><F92/><W44/><G112/><T33/><D85/><U131/><E131/><V9/><F117/><N who="0" m="45162" /><D84/><U2/><E133/><V13/><F134/><W20/><G119/><T113/><D5/><U123/><E123/><V128/><F126/><W46/><G132/><T28/><D35/><U76/><E57/><V61/><F3/><W101/><G98/><T49/><D49/><U121/><E22/><V122/><F122/><W14/><G86/><T27/><D27/><U77/><E77/><V64/><F128/><W68/><G68/><T39/><D39/><U62/><E62/><V91/><F91/><W4/><G89/><T106/><D106/><U97/><E97/><V103/><F95/><W55/><G55/><T74/><D74/><U29/><E121/><V107/><F107/><W37/><REACH who="3" step="1"/><G56/><REACH who="3" ten="229,355,202,204" step="2"/><T38/><D111/><U135/><E135/><V65/><F75/><W31/><AGARI ba="1,1" hai="4,11,14,20,25,31,37,43,44,46,50,54,100,101" machi="31" ten="20,12000,2" yaku="1,1,2,1,0,1,7,1,52,2,53,0" doraHai="99" doraHaiUra="34" who="3" fromWho="3" sc="229,-31,355,-61,202,-31,204,133" />
</Scene>
<Scene>
<INIT seed="6,0,0,0,2,94" ten="198,294,171,337" oya="2" hai0="52,55,56,2,123,28,107,41,3,0,50,114,125" hai1="120,113,126,121,45,109,73,64,70,133,1,117,23" hai2="29,9,43,48,38,67,40,84,54,35,63,124,134" hai3="110,59,95,92,10,106,66,112,103,116,111,62,89"/><V78/><F134/><W34/><G116/><T129/><D123/><U93/><RYUUKYOKU type="yao9" ba="0,0" sc="198,0,294,0,171,0,337,0" hai1="1,23,45,64,70,73,93,109,113,117,120,121,126,133" />
</Scene>
<Scene>
<INIT seed="6,1,0,3,4,91" ten="198,294,171,337" oya="2" hai0="1,120,71,50,106,11,132,57,2,84,68,103,102" hai1="46,32,37,128,43,135,90,88,15,86,77,39,98" hai2="78,63,62,125,49,100,59,10,75,95,29,27,7" hai3="70,19,18,33,81,127,80,118,42,55,17,66,35"/><V0/><F125/><W126/><G118/><T61/><D120/><U110/><E110/><V111/><F111/><W87/><G42/><T53/><D132/><U48/><E32/><N who="3" m="12362" /><G55/><T23/><D23/><U101/><E135/><V5/><F5/><W123/><G123/><T41/><D84/><U13/><E128/><V96/><F78/><W28/><G28/><T22/><D22/><U107/><E77/><V65/><F75/><W89/><G66/><T44/><D11/><U121/><E90/><V114/><F114/><W67/><G67/><T117/><D117/><U58/><E121/><V16/><F62/><W36/><G36/><T14/><D14/><U30/><E30/><V108/><F108/><W72/><G70/><T94/><D106/><U6/><E6/><V74/><F74/><W69/><G69/><T54/><D68/><U116/><E116/><V25/><F29/><W104/><G104/><T76/><D76/><U52/><REACH who="1" step="1"/><E37/><REACH who="1" ten="198,284,171,337" step="2"/><V85/><F16/><W9/><G9/><T130/><D130/><U133/><E133/><V47/><REACH who="2" step="1"/><F85/><REACH who="2" ten="198,284,161,337" step="2"/><W40/><G72/><T38/><D1/><U31/><E31/><V93/><F93/><AGARI ba="1,2" hai="13,15,39,43,46,48,52,58,86,88,93,98,101,107" machi="93" ten="30,8000,1" yaku="1,1,7,1,52,1,54,2,53,0" doraHai="91" doraHaiUra="56" who="1" fromWho="2" sc="198,0,284,103,161,-83,337,0" />
</Scene>
<Scene>
<INIT seed="7,0,0,3,3,83" ten="198,387,78,337" oya="3" hai0="112,76,122,116,12,134,53,114,72,125,10,109,19" hai1="56,37,88,5,131,26,8,103,65,48,115,20,75" hai2="90,39,2,21,44,97,121,100,16,54,1,128,78" hai3="23,86,106,34,51,41,38,42,3,63,74,29,46"/><W81/><G106/><T49/><D122/><U11/><E37/><V117/><F117/><W113/><G3/><T105/><D109/><U59/><E75/><V61/><F121/><W80/><G34/><T58/><D105/><U120/><E120/><V119/><F119/><W107/><G107/><T101/><D101/><U47/><E103/><V64/><F100/><W89/><G113/><N who="0" m="43627" /><D116/><U124/><E124/><V50/><F78/><W15/><G63/><T87/><D134/><U52/><E115/><V24/><F128/><W94/><G74/><T25/><D25/><U4/><E131/><V118/><F39/><W99/><G38/><T85/><D125/><U98/><E65/><V35/><F35/><W96/><G42/><T67/><D67/><U0/><E98/><N who="3" m="37418" /><G29/><T73/><D87/><U27/><E88/><V45/><F45/><W13/><G13/><T62/><D62/><U43/><E43/><V33/><F33/><W123/><G123/><T6/><D6/><U57/><E20/><V17/><F17/><AGARI ba="0,0" hai="15,17,23,41,46,51,80,81,86,89,94" m="37418" machi="17" ten="30,2900,0" yaku="8,1,52,1" doraHai="83" who="3" fromWho="2" sc="198,0,387,0,78,-29,337,29" />
</Scene>
<Scene>
<INIT seed="7,1,0,3,5,37" ten="198,387,49,366" oya="3" hai0="79,57,80,27,7,33,26,44,11,9,2,62,106" hai1="122,72,123,13,60,126,25,105,16,133,95,43,46" hai2="87,128,6,88,124,5,12,103,47,64,14,120,114" hai3="48,10,67,132,66,8,19,104,59,118,30,84,131"/><W65/><G118/><T99/><D33/><U117/><E105/><V83/><F120/><W71/><G71/><T111/><D111/><U91/><E72/><V101/><F114/><W53/><G104/><T54/><D11/><U109/><E109/><V70/><F128/><W92/><G131/><T34/><D34/><U108/><E108/><V85/><F124/><W58/><G132/><T42/><D99/><U38/><E117/><V68/><F64/><W56/><G30/><T28/><D28/><U55/><E133/><V3/><F47/><N who="3" m="27807" /><G19/><T61/><D61/><U4/><E4/><V31/><F31/><W69/><G69/><T110/><D106/><U94/><E25/><V17/><F83/><W90/><AGARI ba="1,0" hai="8,10,56,58,59,65,66,67,84,90,92" m="27807" machi="90" ten="40,2100,0" yaku="8,1" doraHai="37" who="3" fromWho="3" sc="198,-8,387,-8,49,-8,366,24" owari="190,-21.0,379,18.0,41,-46.0,390,49.0" />
</Scene>
</mjloggm>