<mjloggm ver="2.3"><GO type="169" lobby="0"/><UN n0="%E3%81%8D%E3%81%BE%E3%81%99" n1="%73%65%6E%75%72%6C" n2="%E5%A4%AA%E3%81%8F%E3%81%AA%E3%81%84%E3%81%8A" n3="%E3%82%80%E3%81%A8%E3%81%85%E3%83%BC" dan="16,16,18,16" rate="2041.68,2061.64,2214.49,2080.95" sx="M,F,F,M"/><TAIKYOKU oya="0"/>

<Scene>
<INIT seed="0,0,0,5,2,50" ten="250,250,250,250" oya="0" hai0="14,119,22,52,48,58,36,87,84,81,107,28,74" hai1="86,129,105,17,93,102,99,83,16,77,123,27,116" hai2="68,135,70,2,98,108,109,104,55,51,126,35,26" hai3="95,3,89,24,59,29,5,43,34,40,38,78,31"/><T67/><D119/><U41/><E116/><V39/><F39/><W13/><G3/><T33/><D107/><U49/><E123/><V12/><F2/><W92/><G31/><T130/><D36/><U0/><E0/><V127/><F135/><W9/><G78/><T111/><D130/><U79/><E129/><V131/><F131/><W103/><G38/><T23/><D33/><U20/><E79/><V132/><F132/><W113/><G113/><T10/><D74/><U57/><E105/><V45/><F12/><W42/><G103/><T110/><D67/><U21/><E41/><V30/><F98/><W90/><G95/><T7/><D87/><U97/><E97/><V134/><F134/><W128/><G128/><T76/><D28/><U6/><E6/><V1/><F1/><W71/><G71/><N who="2" m="27177" /><F104/><W118/><G118/><T75/><D75/><U124/><E124/><AGARI ba="0,0" hai="26,30,35,45,51,55,108,109,124,126,127" m="27177" machi="124" ten="30,2000,0" yaku="18,1,52,1" doraHai="50" who="2" fromWho="1" sc="250,0,250,-20,250,20,250,0" />
</Scene>
<Scene>
<INIT seed="1,0,0,4,1,45" ten="250,230,270,250" oya="1" hai0="0,42,46,111,70,75,5,13,118,22,89,133,8" hai1="19,57,130,126,36,32,53,51,31,29,132,80,62" hai2="86,39,104,14,112,121,20,78,63,7,95,65,24" hai3="128,85,82,59,18,109,115,88,102,47,55,108,125"/><U37/><E126/><V44/><F121/><W23/><G115/><T119/><D70/><U94/><E132/><V129/><F104/><W74/><G128/><T77/><D133/><U64/><E130/><V54/><F129/><W17/><G125/><T38/><D111/><N who="3" m="42569" /><G47/><T9/><D89/><U27/><E31/><V67/><F112/><W107/><G74/><T91/><D91/><U69/><E94/><V99/><F39/><W50/><G23/><T90/><D90/><U34/><E34/><V122/><F44/><W72/><G72/><T66/><D66/><U73/><REACH who="1" step="1"/><E19/><REACH who="1" ten="250,220,270,250" step="2"/><V83/><F95/><W26/><G26/><T25/><D25/><U35/><E35/><V12/><F24/><W114/><G114/><T79/><D118/><U30/><E30/><V10/><F122/><W116/><G116/><T2/><D119/><U60/><E60/><V103/><F63/><W105/><G105/><T40/><D5/><U56/><E56/><V120/><F120/><W41/><G107/><T11/><D0/><U100/><E100/><V123/><F123/><W98/><G102/><T97/><D2/><U43/><E43/><V16/><F103/><W87/><G41/><T48/><D40/><U135/><E135/><V110/><F110/><W124/><G124/><T127/><D42/><U96/><E96/><V81/><F99/><W68/><G98/><T84/><D38/><U28/><E28/><V101/><F101/><W3/><G68/><T106/><D127/><U1/><E1/><V76/><F7/><W33/><G33/><T134/><D106/><U15/><E15/><RYUUKYOKU ba="0,1" sc="250,-10,220,30,270,-10,250,-10" hai1="27,29,32,36,37,51,53,57,62,64,69,73,80" />
</Scene>
<Scene>
<INIT seed="1,1,1,1,1,116" ten="240,250,260,240" oya="1" hai0="74,7,57,88,51,54,103,123,43,68,49,117,124" hai1="4,67,6,56,0,69,89,17,125,109,96,41,46" hai2="132,13,35,16,32,27,1,73,110,10,55,28,71" hai3="77,114,19,45,52,47,119,21,59,87,118,70,30"/><U38/><E69/><V107/><F107/><W122/><G70/><T50/><D117/><N who="3" m="44553" /><G30/><T12/><D68/><U86/><E0/><V115/><F73/><W85/><G122/><T81/><D103/><U23/><E125/><V120/><F71/><W79/><G114/><T82/><D124/><U126/><E126/><V80/><F80/><N who="3" m="47247" /><G87/><N who="0" m="50287" /><D74/><U112/><E96/><V64/><F64/><W31/><G31/><T48/><D82/><U66/><E112/><V127/><F127/><W29/><G29/><T62/><D123/><U130/><E67/><V95/><F115/><W91/><G91/><T102/><D102/><U106/><E106/><V42/><F120/><W61/><G79/><T2/><D2/><U98/><E98/><V34/><F1/><W25/><AGARI ba="1,1" hai="19,21,25,45,47,52,59,61" m="47247,44553" machi="25" ten="30,2000,0" yaku="12,1,54,1" doraHai="116" who="3" fromWho="3" sc="240,-6,250,-11,260,-6,240,33" />
</Scene>
<Scene>
<INIT seed="2,0,0,3,2,66" ten="234,239,254,273" oya="2" hai0="48,84,44,127,58,10,90,26,64,130,124,113,83" hai1="31,114,29,59,2,8,106,4,53,38,46,65,123" hai2="5,11,122,28,69,12,54,14,72,73,39,27,21" hai3="77,128,57,97,100,15,129,79,51,63,88,86,9"/><V0/><F122/><W18/><G51/><T110/><D110/><U3/><E106/><V43/><F54/><W118/><G118/><T81/><D130/><N who="3" m="50281" /><G97/><T42/><D26/><U80/><E3/><V119/><F119/><W98/><G98/><T17/><D113/><U34/><E114/><V6/><F69/><W60/><G100/><T68/><D83/><U125/><E65/><V104/><F104/><W107/><G107/><T33/><D33/><U93/><E34/><V96/><F96/><W16/><G18/><T101/><D101/><U134/><E93/><V87/><F87/><W115/><G115/><T40/><D40/><U111/><E80/><V35/><F6/><W126/><G126/><T23/><D10/><U32/><E125/><V82/><F82/><N who="3" m="49239" /><G60/><T103/><D103/><U78/><E38/><V94/><F94/><W55/><AGARI ba="0,0" hai="9,15,16,55,57,63,77,79" m="49239,50281" machi="55" ten="30,4000,0" yaku="19,1,54,2" doraHai="66" who="3" fromWho="3" sc="234,-10,239,-10,254,-20,273,40" />
</Scene>
<Scene>
<INIT seed="3,0,0,1,1,71" ten="224,229,234,313" oya="3" hai0="117,109,58,26,100,60,98,127,36,13,108,22,78" hai1="85,52,4,34,12,121,134,72,56,91,112,61,37" hai2="82,123,30,18,88,8,25,7,1,133,90,93,105" hai3="49,119,101,27,48,9,31,126,55,114,17,53,128"/><W75/><G119/><T46/><D117/><U110/><E72/><V29/><F105/><W45/><G114/><T77/><D13/><U92/><E112/><V65/><F133/><W28/><G75/><T111/><D127/><U32/><E134/><V14/><F123/><W113/><G128/><T116/><D116/><U41/><E121/><V3/><F65/><W104/><G126/><T39/><D46/><U35/><E110/><V115/><F115/><W102/><G113/><T33/><D33/><U122/><E122/><V130/><F130/><W83/><G83/><T5/><D5/><U69/><E69/><V96/><F7/><W21/><G104/><N who="0" m="63511" /><D78/><U124/><E124/><V131/><F131/><W125/><G125/><T86/><D86/><U57/><E57/><V103/><F30/><N who="3" m="11307" /><G9/><T95/><D95/><U54/><E54/><V11/><F11/><W99/><G99/><T0/><D0/><U129/><E129/><V40/><F40/><W89/><G89/><T94/><D94/><U59/><E59/><AGARI ba="0,0" hai="17,21,27,45,48,49,53,55,59,101,102" m="11307" machi="59" ten="30,1500,0" yaku="8,1" doraHai="71" who="3" fromWho="1" sc="224,0,229,-15,234,0,313,15" />
</Scene>
<Scene>
<INIT seed="3,1,0,5,0,96" ten="224,214,234,328" oya="3" hai0="13,130,56,118,133,38,109,70,63,12,50,16,4" hai1="74,134,35,21,33,124,52,131,43,123,126,121,103" hai2="102,83,117,11,7,75,97,24,47,93,62,25,64" hai3="9,29,132,84,98,135,65,30,110,61,44,68,107"/><W115/><G115/><T28/><D70/><U57/><E74/><V1/><F117/><W108/><G9/><T120/><D109/><N who="3" m="42089" /><G44/><T91/><D38/><U73/><E73/><V101/><F47/><W113/><G84/><T111/><D118/><U58/><E43/><V31/><F31/><N who="3" m="11787" /><G113/><T78/><D28/><U95/><E134/><V32/><F32/><W72/><G72/><T8/><D133/><U100/><E131/><V42/><F42/><W99/><G99/><T49/><D130/><U41/><E41/><V18/><F18/><W92/><G107/><T128/><D128/><U125/><E21/><V15/><F1/><W14/><G14/><T87/><D120/><N who="1" m="46155" /><E58/><N who="2" m="36951" /><F75/><W122/><G122/><T116/><D111/><U45/><E45/><V36/><F36/><W0/><G0/><T66/><D116/><U114/><E114/><V127/><F11/><W90/><AGARI ba="1,0" hai="61,65,68,90,92,98,132,135" m="11787,42089" machi="90" ten="30,3000,0" yaku="14,1,10,1" doraHai="96" who="3" fromWho="3" sc="224,-11,214,-11,234,-11,328,33" />
</Scene>
<Scene>
<INIT seed="3,2,0,1,0,110" ten="213,203,223,361" oya="3" hai0="4,134,73,55,57,90,108,98,46,120,93,11,99" hai1="97,119,71,102,77,113,20,31,96,38,5,51,49" hai2="24,68,34,37,87,47,9,60,62,50,92,106,131" hai3="44,127,124,100,8,16,42,94,2,122,58,30,104"/><W40/><G104/><T121/><D108/><U118/><E38/><V45/><F106/><W81/><G30/><T85/><D73/><U101/><E71/><V89/><F131/><W116/><G116/><N who="1" m="44586" /><E77/><V130/><F130/><W21/><G122/><T14/><D134/><U17/><E5/><V39/><F68/><W107/><G107/><T15/><D15/><U126/><E31/><V65/><F9/><W26/><G81/><T22/><D22/><U125/><E113/><V86/><F86/><W23/><G58/><T75/><D75/><U135/><E135/><V1/><F1/><W79/><G79/><T115/><D115/><U12/><E101/><V36/><F34/><W54/><G23/><T66/><D66/><U61/><E61/><V117/><F117/><W48/><G8/><T7/><D7/><U91/><E91/><V111/><F111/><W27/><G27/><T6/><D6/><U83/><E83/><V114/><F24/><W132/><G2/><T63/><REACH who="0" step="1"/><D46/><REACH who="0" ten="203,203,223,361" step="2"/><U88/><E12/><V72/><F72/><W19/><G132/><T67/><D67/><U70/><E20/><V129/><F65/><W76/><G21/><T112/><D112/><U53/><E126/><V10/><F114/><W84/><G124/><T3/><D3/><U123/><E125/><V59/><F45/><W52/><G127/><T28/><D28/><U43/><E123/><AGARI ba="2,1" hai="4,11,14,55,57,63,85,90,93,98,99,120,121,123" machi="123" ten="40,1300,0" yaku="1,1,53,0" doraHai="110" doraHaiUra="29" who="0" fromWho="1" sc="203,29,203,-19,223,0,361,0" />
</Scene>
<Scene>
<INIT seed="4,0,0,3,5,14" ten="232,184,223,361" oya="0" hai0="100,41,121,46,108,47,30,45,63,82,27,84,99" hai1="112,7,52,3,118,67,110,111,93,4,29,123,15" hai2="80,34,76,73,1,85,26,107,119,8,95,5,125" hai3="42,130,9,43,75,23,50,104,18,40,64,86,25"/><T11/><D121/><U90/><E118/><V133/><F119/><W96/><G75/><T54/><D108/><U97/><E123/><V98/><F125/><W81/><G130/><T44/><D11/><U60/><E3/><V31/><F133/><W0/><G64/><T114/><D114/><U117/><E117/><V113/><F113/><W49/><G96/><T33/><D63/><U32/><E112/><V126/><F126/><W12/><G104/><T65/><D65/><U68/><E15/><V94/><REACH who="2" step="1"/><F73/><REACH who="2" ten="232,184,213,361" step="2"/><W101/><G101/><AGARI ba="0,1" hai="1,5,8,26,31,34,76,80,85,94,95,98,101,107" machi="101" ten="40,5200,0" yaku="1,1,2,1,53,1" doraHai="14" doraHaiUra="28" who="2" fromWho="3" sc="232,0,184,0,213,62,361,-52" />
</Scene>
<Scene>
<INIT seed="5,0,0,5,0,106" ten="232,184,275,309" oya="1" hai0="98,100,46,17,112,5,29,61,103,117,75,71,93" hai1="89,45,37,132,102,63,96,115,44,78,62,4,56" hai2="126,65,94,53,84,125,128,66,90,8,12,122,113" hai3="33,57,124,39,80,119,58,51,99,95,27,42,21"/><U43/><E115/><V22/><F122/><W49/><G33/><T7/><D117/><U70/><E132/><V76/><F128/><W133/><G119/><T97/><D29/><U35/><E35/><V105/><F105/><W118/><G118/><T104/><D46/><U68/><E4/><N who="2" m="3079" /><F113/><W52/><G124/><N who="2" m="47721" /><F76/><W109/><G109/><T0/><D112/><U55/><E89/><V127/><F127/><W130/><G130/><T114/><D114/><U24/><E24/><V73/><F73/><W74/><G133/><T47/><D75/><U38/><E78/><V92/><F53/><W88/><G74/><T121/><D121/><U129/><E129/><V131/><F131/><W11/><G80/><T116/><D116/><U30/><E30/><V10/><F22/><W19/><G11/><T107/><D0/><U120/><E120/><V91/><F10/><W34/><G34/><T86/><D47/><U25/><E25/><V23/><F23/><W123/><G123/><T64/><REACH who="0" step="1"/><D17/><REACH who="0" ten="222,184,275,309" step="2"/><U15/><E45/><V3/><F3/><W83/><G39/><T135/><D135/><U18/><E38/><V9/><F9/><W69/><G21/><T26/><D26/><U13/><E13/><V32/><F32/><W108/><G27/><T20/><D20/><N who="1" m="11359" /><E63/><V50/><F50/><W28/><G49/><T79/><D79/><U67/><E55/><V6/><F6/><W40/><G52/><T82/><D82/><U110/><E110/><V81/><F81/><W2/><G83/><T77/><D77/><U1/><E1/><V87/><AGARI ba="0,1" hai="65,66,84,87,90,91,92,94" m="47721,3079" machi="87" ten="30,1100,0" yaku="18,1" doraHai="106" who="2" fromWho="2" sc="222,-3,184,-5,275,21,309,-3" />
</Scene>
<Scene>
<INIT seed="6,0,0,2,0,44" ten="219,179,296,306" oya="2" hai0="105,76,3,43,113,10,17,5,100,82,89,25,69" hai1="121,54,118,102,68,37,128,131,70,63,94,127,79" hai2="20,12,42,135,36,51,72,6,77,81,55,27,129" hai3="88,23,114,45,41,112,99,29,30,22,13,119,46"/><V123/><F123/><W90/><G119/><T2/><D69/><N who="1" m="26731" /><E79/><V39/><F42/><W32/><G32/><T64/><D64/><U26/><E26/><V133/><F129/><N who="1" m="49737" /><E102/><V19/><F6/><W8/><G99/><T106/><D3/><U71/><E94/><V124/><F124/><W60/><G60/><T35/><D89/><N who="3" m="34409" /><G23/><T115/><D100/><U66/><E118/><V95/><F95/><W0/><G0/><T18/><D105/><U83/><E83/><V74/><F74/><W9/><G45/><T15/><D43/><U34/><E34/><V116/><F116/><W73/><G9/><T87/><D106/><U38/><E127/><V4/><F27/><W57/><G57/><T50/><D2/><U109/><E109/><V103/><F103/><W96/><G96/><T120/><D25/><U65/><E65/><V80/><F72/><W62/><G73/><T111/><D35/><U61/><E121/><V91/><F77/><W92/><G92/><T40/><D120/><U7/><E7/><V16/><F4/><W31/><G22/><T126/><D111/><U85/><E85/><V14/><F20/><W28/><G28/><T78/><D78/><U1/><E1/><V130/><F130/><W134/><G8/><T132/><D126/><U53/><E63/><V47/><F91/><W98/><G62/><T49/><D132/><U117/><E117/><V11/><F135/><W52/><G134/><T59/><D5/><U104/><E104/><V101/><F133/><W21/><G98/><T67/><D18/><U33/><E33/><V48/><F19/><RYUUKYOKU ba="0,0" sc="219,-10,179,30,296,-10,306,-10" hai1="37,38,53,54,61,66,71" />
</Scene>
<Scene>
<INIT seed="7,1,0,4,2,85" ten="209,209,286,296" oya="3" hai0="34,119,71,3,45,111,62,35,64,126,72,102,54" hai1="81,97,68,11,87,65,38,133,2,0,88,95,20" hai2="67,107,90,61,27,84,113,59,19,42,23,112,22" hai3="78,58,47,121,130,18,26,52,46,108,5,25,124"/><W10/><G121/><T129/><D111/><U104/><E38/><V75/><F75/><W41/><G108/><T70/><D119/><U69/><E104/><V103/><F42/><W32/><G130/><T125/><D72/><U4/><E133/><V101/><F23/><W135/><G135/><T66/><D3/><U91/><E2/><V77/><F77/><W116/><G124/><N who="0" m="47723" /><D102/><U106/><E65/><N who="0" m="25193" /><D129/><U16/><E106/><V21/><F21/><W96/><G18/><T132/><D132/><U15/><AGARI ba="1,0" hai="0,4,11,15,16,20,68,69,81,87,88,91,95,97" machi="15" ten="20,12000,2" yaku="0,1,7,1,52,2,54,2" doraHai="85" who="1" fromWho="1" sc="209,-31,209,123,286,-31,296,-61" owari="178,-32.0,332,42.0,255,6.0,235,-16.0" />
</Scene>
</mjloggm>