<mjloggm ver="2.3"><GO type="169" lobby="0"/><UN n0="%E3%82%89%E3%82%80%E3%81%AE%E3%81%B1%E3%81%B1" n1="%E3%82%B8%E3%83%A5%E3%83%A9%E3%82%A4" n2="%79%69%6E%6E%65%72%30%36" n3="%E5%A4%AA%E3%81%8F%E3%81%AA%E3%81%84%E3%81%8A" dan="16,16,17,18" rate="2018.62,2057.29,2108.31,2200.24" sx="M,M,M,F"/><TAIKYOKU oya="0"/>

<Scene>
<INIT seed="0,0,0,1,4,128" ten="250,250,250,250" oya="0" hai0="102,13,5,65,40,96,84,85,77,36,97,74,108" hai1="19,130,1,11,72,29,134,135,26,58,123,6,8" hai2="71,30,104,91,79,53,81,24,9,88,83,110,39" hai3="86,99,78,45,4,7,14,16,124,82,0,131,55"/><T107/><D65/><U37/><E72/><V112/><F112/><W33/><G33/><T106/><D40/><U47/><E123/><V48/><F39/><W46/><G131/><T73/><D13/><U126/><E130/><V129/><F129/><W105/><G124/><T90/><D5/><N who="3" m="2121" /><G105/><T76/><D36/><U52/><E126/><V2/><F2/><W50/><G0/><T21/><D21/><U62/><E11/><V119/><F9/><N who="3" m="6223" /><G99/><T122/><D122/><U10/><E10/><V132/><F104/><W117/><G117/><T51/><D51/><U56/><E19/><V66/><F71/><W109/><G109/><T69/><D69/><U103/><E103/><V20/><F66/><W127/><G127/><T118/><D118/><U25/><E56/><AGARI ba="0,0" hai="45,46,50,55,56,78,82,86" m="6223,2121" machi="56" ten="30,2000,0" yaku="8,1,54,1" doraHai="128" who="3" fromWho="1" sc="250,0,250,-20,250,0,250,20" />
</Scene>
<Scene>
<INIT seed="1,0,0,3,1,84" ten="250,230,250,270" oya="1" hai0="90,87,95,68,98,82,133,13,93,102,106,124,111" hai1="18,35,0,74,99,112,12,61,104,105,121,28,43" hai2="118,33,32,19,123,66,1,39,7,58,37,69,81" hai3="16,125,109,107,15,113,134,62,71,76,128,2,49"/><U4/><E121/><V23/><F69/><W115/><G2/><T110/><D68/><U57/><E74/><V96/><F118/><W53/><G107/><T80/><D13/><U116/><E116/><V131/><F131/><W21/><G128/><T120/><D120/><U34/><E43/><V17/><F81/><N who="0" m="31338" /><D133/><U48/><E48/><V26/><F123/><W51/><G76/><T47/><D47/><U45/><E45/><V83/><F83/><W50/><G134/><T3/><D3/><U25/><E35/><V114/><F17/><W6/><G6/><T52/><D52/><U55/><E112/><V70/><F70/><W108/><G125/><T135/><D135/><U78/><E78/><V20/><F20/><W24/><G15/><T27/><D27/><U97/><E4/><V130/><F7/><W100/><G100/><T79/><D79/><U5/><E5/><V89/><F1/><W60/><G60/><T64/><D64/><U117/><E0/><V86/><F114/><W103/><G103/><T42/><D42/><U72/><E72/><V75/><F75/><W44/><G44/><T77/><D77/><U132/><E132/><V40/><F33/><W92/><G71/><T30/><D30/><U10/><REACH who="1" step="1"/><E117/><REACH who="1" ten="250,220,250,270" step="2"/><V129/><F32/><W127/><G113/><T88/><D124/><U65/><E65/><V14/><F130/><W94/><G115/><T22/><D22/><U46/><E46/><V54/><F66/><W11/><G127/><T91/><D87/><U63/><E63/><V85/><F129/><W126/><G126/><T73/><D73/><RYUUKYOKU ba="0,1" sc="250,15,220,15,250,-15,270,-15" hai0="88,90,91,93,95,98,102,106,110,111" hai1="10,12,18,25,28,34,55,57,61,97,99,104,105" />
</Scene>
<Scene>
<INIT seed="1,1,1,4,4,112" ten="265,235,235,255" oya="1" hai0="61,77,21,48,67,127,81,49,32,70,51,33,102" hai1="98,97,12,26,7,118,36,79,134,16,53,91,116" hai2="94,78,14,105,27,47,63,58,129,122,82,6,20" hai3="24,39,2,106,10,99,68,28,88,73,18,119,31"/><U45/><E134/><V19/><F105/><W60/><G73/><T40/><D127/><U101/><E79/><V83/><F129/><W96/><G39/><T72/><D40/><U107/><E7/><V80/><F122/><W113/><G113/><T95/><D102/><U108/><E26/><V135/><F135/><W42/><G42/><T65/><D95/><U25/><E25/><V132/><F132/><W69/><G60/><T4/><D4/><U54/><E36/><V115/><F115/><W92/><G31/><T46/><D46/><U9/><E108/><V59/><F47/><W110/><G110/><T130/><D130/><U71/><E71/><V126/><F126/><W64/><G64/><T52/><D21/><U117/><REACH who="1" step="1"/><E45/><REACH who="1" ten="265,225,235,255" step="2"/><V55/><F6/><W17/><G69/><T50/><D67/><U120/><E120/><V85/><F27/><W15/><G68/><T114/><D114/><U87/><E87/><V131/><F131/><W103/><G2/><T8/><D8/><U124/><E124/><V104/><F58/><W100/><G18/><T5/><D5/><U57/><E57/><V3/><F3/><W93/><G24/><T41/><D41/><U89/><E89/><N who="2" m="53551" /><F78/><W30/><G28/><T76/><D76/><U75/><E75/><V38/><F38/><W74/><G74/><T90/><D90/><U35/><E35/><V44/><F44/><W121/><G30/><T34/><N who="0" m="12800" /><DORA hai="84" /><T37/><REACH who="0" step="1"/><D37/><REACH who="0" ten="255,225,235,255" step="2"/><U111/><E111/><V123/><F123/><W29/><G121/><T62/><D62/><U109/><E109/><V11/><F11/><RYUUKYOKU ba="1,3" sc="255,10,225,10,235,10,255,-30" hai0="32,33,34,52,61,65,70,72,77,81" hai1="9,12,16,53,54,91,97,98,101,107,116,117,118" hai2="14,19,20,55,59,63,80,82,83,104" />
</Scene>
<Scene>
<INIT seed="1,2,3,3,4,27" ten="265,235,245,225" oya="1" hai0="102,131,15,54,89,17,48,53,76,99,85,69,19" hai1="60,125,25,59,87,104,28,109,52,58,64,22,97" hai2="7,41,132,91,86,50,38,114,16,42,47,77,51" hai3="10,40,11,82,118,94,37,44,45,12,70,121,110"/><U101/><E125/><V24/><F114/><W71/><G121/><T107/><D131/><U83/><E109/><V75/><F41/><W78/><G110/><T13/><D69/><U106/><E106/><V66/><F132/><W32/><G32/><T63/><D63/><U9/><E9/><V96/><F7/><W95/><G118/><T119/><D119/><U92/><E104/><V111/><F66/><W93/><G45/><T4/><D4/><U21/><E21/><N who="2" m="13351" /><F75/><W72/><REACH who="3" step="1"/><G11/><REACH who="3" ten="265,235,245,215" step="2"/><T55/><D48/><N who="1" m="30983" /><E87/><V124/><F111/><W61/><G61/><T36/><D36/><U65/><E65/><V80/><F38/><W2/><G2/><T134/><D134/><U14/><E14/><V35/><F35/><W123/><G123/><T20/><D15/><U62/><E62/><V88/><F124/><W116/><G116/><T133/><D133/><U100/><E83/><V68/><F68/><W57/><G57/><T8/><D8/><U129/><E129/><V74/><F50/><W81/><G81/><T67/><D13/><U103/><AGARI ba="2,4" hai="22,25,28,59,60,64,92,97,100,101,103" m="30983" machi="103" ten="30,11700,0" yaku="25,1,8,1,52,1,54,1" doraHai="27" who="1" fromWho="1" sc="265,-41,235,163,245,-41,215,-41" />
</Scene>
<Scene>
<INIT seed="1,3,0,2,2,80" ten="224,398,204,174" oya="1" hai0="135,40,114,39,64,25,48,11,18,98,6,29,126" hai1="134,101,15,36,109,111,34,49,128,120,67,10,94" hai2="127,61,30,24,32,75,31,65,133,27,3,4,130" hai3="104,93,9,88,89,116,102,68,132,43,129,115,13"/><U58/><E120/><V41/><F127/><W82/><G115/><T38/><D114/><U92/><E34/><V2/><F133/><W79/><G68/><T71/><D135/><U51/><E134/><V106/><F130/><W54/><G132/><T78/><D126/><U100/><E36/><V119/><F119/><W84/><G129/><T90/><D78/><U124/><E128/><V86/><F75/><W107/><G116/><T46/><D71/><U66/><E124/><V118/><F41/><W69/><G69/><T0/><D64/><U44/><E15/><V50/><F50/><W53/><G43/><T52/><D18/><U113/><E10/><V76/><F106/><W117/><G117/><T85/><D98/><U20/><E20/><V74/><F4/><N who="3" m="3239" /><G107/><T83/><D40/><U56/><E113/><V26/><F26/><W57/><G104/><T110/><D110/><U42/><E42/><V123/><F123/><W22/><G22/><AGARI ba="3,0" hai="0,6,11,22,25,29,38,39,46,48,52,83,85,90" machi="22" ten="30,3900,0" yaku="7,1,52,1,54,1" doraHai="80" who="0" fromWho="3" sc="224,48,398,0,204,0,174,-48" />
</Scene>
<Scene>
<INIT seed="2,0,0,3,4,12" ten="272,398,204,126" oya="2" hai0="79,20,5,134,35,65,49,128,108,27,122,78,29" hai1="45,116,109,48,2,107,18,105,75,97,8,9,30" hai2="131,52,104,129,4,96,73,83,39,81,16,44,126" hai3="10,25,127,3,118,58,86,59,67,117,50,71,82"/><V51/><F39/><W38/><G38/><T90/><D122/><U17/><E75/><V93/><F104/><W13/><G3/><T84/><D108/><U120/><E116/><V64/><F64/><W26/><G127/><T135/><D128/><N who="2" m="49226" /><F4/><W32/><G71/><T23/><D5/><U72/><E72/><V102/><F126/><W14/><G32/><T132/><D65/><U11/><E30/><V87/><F73/><W89/><G117/><T36/><D36/><U103/><E2/><V101/><F101/><W19/><G118/><T31/><D49/><U80/><E109/><V98/><F98/><W22/><G59/><T55/><D55/><U69/><E69/><V0/><F0/><W113/><G113/><T56/><D56/><U100/><E80/><N who="2" m="30795" /><F87/><W57/><G57/><T124/><D124/><U110/><E110/><V66/><F66/><W111/><G111/><T123/><D123/><U92/><E120/><V112/><F112/><W119/><G119/><T94/><REACH who="0" step="1"/><D31/><REACH who="0" ten="262,398,204,126" step="2"/><U63/><E48/><V91/><F102/><W62/><REACH who="3" step="1"/><G50/><REACH who="3" ten="262,398,204,116" step="2"/><T53/><D53/><U42/><E105/><V43/><F43/><W99/><G99/><T125/><D125/><U41/><E107/><V61/><F61/><W114/><G114/><T121/><D121/><U130/><E63/><V68/><F68/><W88/><G88/><T15/><D15/><U74/><E130/><V115/><F115/><W47/><G47/><T77/><AGARI ba="0,2" hai="20,23,27,29,35,77,78,79,84,90,94,132,134,135" machi="77" ten="40,5200,0" yaku="1,1,0,1,20,1,53,0" doraHai="12" doraHaiUra="76" who="0" fromWho="0" sc="262,72,398,-13,204,-26,116,-13" />
</Scene>
<Scene>
<INIT seed="3,0,0,5,4,119" ten="334,385,178,103" oya="3" hai0="124,80,101,55,120,129,70,77,104,123,31,102,130" hai1="50,28,114,7,38,26,82,27,8,10,44,60,64" hai2="43,133,20,65,127,52,21,112,37,83,72,89,97" hai3="87,36,17,111,35,78,117,94,105,63,81,42,5"/><W54/><G117/><T32/><D70/><U99/><E38/><V74/><F112/><W92/><G105/><T2/><D55/><U49/><E114/><V75/><F65/><W79/><G35/><T19/><D19/><U108/><E108/><V6/><F6/><W24/><G5/><T23/><D23/><U53/><E99/><V98/><F127/><W18/><G36/><T58/><D58/><U61/><E82/><V62/><F43/><W85/><G42/><T51/><D51/><U4/><E50/><V90/><F37/><W84/><G111/><T0/><D124/><U116/><E116/><V71/><F133/><W93/><G24/><N who="0" m="18535" /><D104/><U14/><E64/><V103/><F71/><W69/><G69/><T12/><D12/><U11/><E27/><V13/><F13/><W113/><G113/><T73/><D102/><U68/><E68/><V76/><F21/><W3/><G3/><N who="0" m="1067" /><D101/><U57/><E57/><N who="2" m="35111" /><F20/><W34/><G34/><T91/><D91/><U109/><E109/><V22/><F22/><W122/><G18/><T41/><D41/><U115/><E115/><V134/><F90/><W106/><G17/><T125/><D125/><U33/><E8/><V118/><F118/><W48/><G106/><T15/><D15/><AGARI ba="0,0" hai="4,7,10,11,14,15,26,28,33,44,49,53,60,61" machi="15" ten="30,2000,0" yaku="7,1,9,1" doraHai="119" who="1" fromWho="0" sc="334,-20,385,20,178,0,103,0" />
</Scene>
<Scene>
<INIT seed="4,0,0,5,0,2" ten="314,405,178,103" oya="0" hai0="119,13,131,72,90,8,65,46,110,100,95,24,30" hai1="49,22,60,25,39,56,126,86,88,23,118,59,11" hai2="4,14,93,62,12,130,61,3,68,38,27,52,117" hai3="51,67,57,114,1,44,112,35,108,7,10,92,16"/><T77/><D119/><U64/><E39/><V91/><F38/><W122/><G108/><T97/><D110/><U41/><E118/><V6/><F130/><W17/><G35/><T19/><D131/><U5/><E126/><V125/><F125/><W37/><G37/><T40/><D65/><U106/><E106/><V20/><F3/><W83/><G122/><T127/><D127/><U94/><E25/><V109/><F68/><W129/><G129/><T75/><D77/><U32/><E32/><V78/><F78/><W76/><G92/><T74/><D100/><U85/><E85/><N who="2" m="52463" /><F109/><W120/><G120/><T69/><D69/><U47/><E59/><N who="2" m="35047" /><F62/><N who="3" m="38351" /><G83/><T18/><D18/><U81/><E81/><V133/><F133/><W71/><G76/><T116/><D116/><U105/><E105/><V98/><F98/><W103/><G71/><T55/><D55/><U33/><E33/><V53/><F53/><N who="3" m="29927" /><G103/><T36/><D75/><U87/><E87/><V101/><F101/><W43/><G43/><T50/><D36/><U66/><E66/><V28/><F117/><W26/><G26/><T54/><D40/><U31/><E31/><V121/><F121/><W102/><G102/><T104/><D104/><U134/><E134/><V124/><F124/><W111/><G111/><T128/><D128/><U0/><AGARI ba="0,0" hai="0,5,11,22,23,41,47,49,56,60,64,86,88,94" machi="0" ten="20,5200,0" yaku="0,1,7,1,52,1,54,1" doraHai="2" who="1" fromWho="1" sc="314,-26,405,52,178,-13,103,-13" />
</Scene>
<Scene>
<INIT seed="5,0,0,1,3,82" ten="288,457,165,90" oya="1" hai0="28,131,72,113,96,59,79,65,58,48,52,109,123" hai1="111,3,8,53,7,50,84,27,100,51,130,97,45" hai2="88,2,16,69,17,86,14,99,70,54,74,4,34" hai3="135,67,41,47,35,81,112,77,49,116,119,55,85"/><U11/><E130/><V40/><F74/><W93/><G35/><T1/><D109/><U120/><E120/><V56/><F34/><W90/><G112/><T129/><D1/><U101/><E111/><V25/><F40/><W127/><G127/><T33/><D113/><U39/><E39/><V83/><F99/><W95/><G135/><T110/><D110/><U12/><E27/><V18/><F2/><W91/><G67/><T132/><D132/><U98/><E84/><V15/><F25/><W114/><G114/><T60/><D123/><U122/><E122/><V87/><F86/><W43/><G93/><T133/><D96/><U76/><E76/><V22/><F4/><W102/><G102/><T26/><D133/><U10/><E3/><V121/><F121/><W68/><G68/><T115/><D115/><U23/><E100/><V104/><F104/><W30/><G30/><T103/><D103/><U71/><E71/><V117/><F117/><N who="3" m="45131" /><G91/><T36/><D36/><U128/><E128/><N who="0" m="49225" /><D79/><U9/><E101/><V31/><F31/><W61/><G61/><T19/><D19/><U126/><E126/><V5/><F5/><W44/><G44/><T118/><D118/><U42/><E23/><V125/><F17/><W21/><G21/><T105/><D105/><U94/><REACH who="1" step="1"/><E94/><REACH who="1" ten="288,447,165,90" step="2"/><V92/><F125/><W73/><AGARI ba="0,1" hai="41,43,47,49,55,73,77,81,85,90,95" m="45131" machi="73" ten="30,2000,0" yaku="12,1,52,1" doraHai="82" who="3" fromWho="3" sc="288,-5,447,-10,165,-5,90,30" />
</Scene>
<Scene>
<INIT seed="6,0,0,4,5,100" ten="283,437,160,120" oya="2" hai0="0,88,73,107,119,78,77,74,124,22,97,126,63" hai1="81,72,90,95,93,11,65,32,116,13,58,28,47" hai2="31,25,121,17,44,125,133,75,34,128,41,71,127" hai3="104,7,52,96,49,76,57,18,106,10,85,30,83"/><V109/><F121/><W1/><G30/><T54/><D0/><U79/><E116/><V122/><F122/><W20/><REACH who="3" step="1"/><G96/><REACH who="3" ten="283,437,160,110" step="2"/><T113/><D119/><U102/><E28/><V37/><F109/><W60/><G60/><T112/><D22/><U15/><E32/><V94/><F133/><W19/><G19/><T16/><D16/><U50/><E11/><V12/><F128/><W117/><G117/><T51/><D63/><U4/><E4/><V101/><F71/><W40/><G40/><T59/><D51/><U68/><E68/><V111/><F111/><W131/><G131/><T36/><D36/><U6/><E6/><V89/><F17/><W29/><G29/><T123/><D123/><U55/><E50/><V134/><F41/><W24/><AGARI ba="0,1" hai="1,7,10,18,20,24,49,52,57,76,83,85,104,106" machi="24" ten="20,12000,2" yaku="1,1,0,1,7,1,52,2,54,1,53,0" doraHai="100" doraHaiUra="39" who="3" fromWho="3" sc="283,-30,437,-30,160,-60,110,130" />
</Scene>
<Scene>
<INIT seed="7,0,0,3,2,25" ten="253,407,100,240" oya="3" hai0="103,42,111,41,73,46,106,27,49,65,32,100,89" hai1="85,23,44,101,92,112,19,10,47,52,76,50,36" hai2="86,4,122,131,45,9,48,79,129,123,77,125,30" hai3="58,81,20,102,17,63,39,96,1,135,54,72,18"/><W40/><G1/><T34/><D111/><U120/><E120/><N who="2" m="46123" /><F48/><W75/><G135/><T16/><D73/><U59/><E10/><V95/><F45/><W7/><G7/><T115/><D65/><U31/><E31/><V55/><F55/><W117/><G117/><T124/><D124/><U60/><E36/><V97/><F9/><W68/><G68/><T66/><D66/><U98/><E112/><V56/><F56/><W119/><G119/><T109/><D109/><U13/><E60/><V113/><F4/><W133/><G133/><T130/><D130/><N who="2" m="49674" /><F30/><W82/><G39/><T104/><D115/><U121/><E121/><V70/><F70/><W33/><G40/><T28/><D89/><U118/><E118/><V93/><F113/><W99/><G33/><T37/><D34/><U6/><E6/><V15/><F15/><W71/><G71/><T2/><D2/><U29/><E29/><V84/><F125/><W110/><G110/><T21/><D42/><U22/><E22/><V108/><F108/><W53/><G20/><T87/><D87/><N who="2" m="33322" /><F97/><W94/><G96/><T127/><D127/><U11/><E11/><V116/><F116/><W91/><G54/><T61/><D61/><U80/><AGARI ba="0,0" hai="13,19,23,44,47,50,52,59,76,80,85,92,98,101" machi="80" ten="30,4000,0" yaku="0,1,8,1,54,1" doraHai="25" who="1" fromWho="1" sc="253,-10,407,40,100,-10,240,-20" owari="243,4.0,447,55.0,90,-41.0,220,-18.0" />
</Scene>
</mjloggm>