<mjloggm ver="2.3"><GO type="169" lobby="0"/><UN n0="%E5%A4%AA%E3%81%8F%E3%81%AA%E3%81%84%E3%81%8A" n1="%E7%8B%AC%E6%AD%A9" n2="%E3%83%8E%E3%83%B3%E3%83%A9%E3%82%B9%E6%89%93%E6%B3%95" n3="%E7%89%9B%E4%B8%BC%E5%A4%A7%E9%AD%94%E7%A5%9E" dan="18,18,16,16" rate="2230.58,2262.33,2086.20,2081.26" sx="F,M,M,M"/><TAIKYOKU oya="0"/>

<Scene>
<INIT seed="0,0,0,3,5,48" ten="250,250,250,250" oya="0" hai0="100,104,125,65,75,126,24,13,121,88,59,105,92" hai1="14,96,17,49,21,82,89,109,32,133,51,0,118" hai2="103,34,117,101,68,98,67,37,27,18,113,60,86" hai3="45,80,10,135,20,54,56,64,16,57,33,46,5"/><T114/><D121/><U123/><E118/><V36/><F113/><W99/><G33/><T47/><D114/><U93/><E123/><V62/><F117/><W15/><G135/><T44/><D75/><U4/><E133/><V73/><F73/><W55/><G80/><T94/><D24/><U40/><E32/><V26/><F86/><W42/><G99/><N who="0" m="59511" /><D13/><U74/><E109/><V112/><F112/><W81/><G81/><T97/><D65/><U31/><E31/><V11/><F11/><W7/><G64/><T8/><D8/><U23/><E4/><N who="3" m="1610" /><G10/><T108/><D59/><N who="3" m="22601" /><G42/><T78/><D78/><U41/><E0/><V52/><F67/><W102/><G102/><T110/><D47/><AGARI ba="0,0" hai="15,16,20,45,46,47,54,55" m="22601,1610" machi="47" ten="30,7700,0" yaku="8,1,52,2,54,1" doraHai="48" who="3" fromWho="0" sc="250,-77,250,0,250,0,250,77" />
</Scene>
<Scene>
<INIT seed="1,0,0,0,3,45" ten="173,250,250,327" oya="1" hai0="127,82,102,74,121,61,5,28,56,100,3,4,34" hai1="108,15,76,113,69,118,53,36,106,65,107,19,33" hai2="48,30,89,21,133,84,92,85,135,40,98,126,59" hai3="87,125,114,16,20,57,78,66,43,122,11,117,86"/><U101/><E118/><V6/><F6/><W71/><G122/><T44/><D121/><U68/><E113/><V54/><F40/><W39/><G114/><T88/><D127/><U46/><E33/><V104/><F104/><W51/><G125/><T99/><D34/><U96/><E106/><V2/><F2/><W26/><G117/><T103/><D28/><U32/><E32/><V18/><F30/><W0/><G78/><T129/><D129/><U79/><E108/><V7/><F7/><N who="0" m="2634" /><D74/><U111/><E111/><V64/><F64/><W120/><G11/><T131/><D3/><U25/><E25/><V8/><F8/><W105/><G0/><T80/><D44/><U47/><E47/><V83/><F126/><W72/><G72/><T93/><D131/><U37/><E37/><V75/><F75/><W60/><G105/><T9/><D9/><U27/><E27/><V112/><F112/><W70/><G70/><T12/><D12/><U91/><E36/><V42/><F42/><W17/><G17/><T67/><AGARI ba="0,0" hai="56,61,67,80,82,88,93,99,100,102,103" m="2634" machi="67" ten="30,2000,0" yaku="8,1,54,1" doraHai="45" who="0" fromWho="0" sc="173,20,250,-10,250,-5,327,-5" />
</Scene>
<Scene>
<INIT seed="2,0,0,4,4,9" ten="193,240,245,322" oya="2" hai0="0,66,64,116,129,42,95,85,4,110,104,130,63" hai1="28,34,56,102,14,21,68,89,97,108,2,86,79" hai2="1,77,67,125,6,127,57,38,91,113,16,26,74" hai3="122,35,29,51,59,82,71,119,73,44,7,115,132"/><V39/><F113/><W27/><G71/><T50/><D104/><U75/><E68/><V99/><F74/><W32/><G32/><T101/><D110/><U100/><E2/><V11/><F77/><W30/><G30/><T81/><D116/><U69/><E69/><V20/><F99/><W23/><G59/><T8/><D101/><U87/><E34/><V109/><F91/><W118/><G132/><T90/><D95/><N who="1" m="56559" /><E108/><V131/><F109/><W111/><G122/><T121/><D121/><U123/><E75/><V126/><F131/><N who="0" m="50186" /><D63/><AGARI ba="0,0" hai="1,6,11,16,20,26,38,39,57,63,67,125,126,127" machi="63" ten="40,3900,0" yaku="18,1,54,1" doraHai="9" who="2" fromWho="0" sc="193,-39,240,0,245,39,322,0" />
</Scene>
<Scene>
<INIT seed="2,1,0,1,5,43" ten="154,240,284,322" oya="2" hai0="32,103,119,118,86,55,54,0,75,117,89,93,22" hai1="61,83,99,130,66,59,39,56,8,106,114,102,125" hai2="63,21,42,105,57,124,58,73,62,92,2,11,68" hai3="52,108,96,134,80,91,41,126,101,46,30,3,60"/><V129/><F105/><W33/><G108/><T112/><D112/><U107/><E114/><V25/><F73/><W37/><G126/><T69/><D32/><U82/><E125/><V15/><F124/><W135/><G3/><T28/><D0/><U65/><E130/><V113/><F2/><W84/><G30/><T40/><D69/><U16/><E39/><V12/><F68/><W123/><G33/><T64/><D64/><U88/><E107/><V38/><F113/><W31/><G31/><T27/><D75/><U17/><E8/><V109/><F129/><W133/><G123/><T94/><REACH who="0" step="1"/><D40/><REACH who="0" ten="144,240,284,322" step="2"/><U1/><E1/><V24/><F109/><W26/><G135/><T34/><D34/><U90/><E66/><V5/><F42/><W13/><G41/><T14/><D14/><U71/><E71/><V72/><F15/><W104/><G13/><T120/><D120/><U49/><E83/><V19/><F72/><W20/><G37/><T10/><D10/><U128/><E128/><V67/><F38/><W50/><G134/><T76/><D76/><U87/><E90/><V100/><F25/><W23/><G133/><T47/><D47/><U122/><E122/><V110/><F110/><W116/><G26/><T111/><D111/><U127/><E127/><V35/><F35/><W29/><G46/><T51/><D51/><U7/><E49/><V70/><F63/><W77/><G60/><T115/><D115/><U44/><E44/><V36/><F36/><W95/><G50/><T97/><AGARI ba="1,1" hai="22,27,28,54,55,86,89,93,94,97,103,117,118,119" machi="97" ten="40,8000,1" yaku="1,1,0,1,12,1,53,2" doraHai="43" doraHaiUra="48" who="0" fromWho="0" sc="144,93,240,-21,284,-41,322,-21" />
</Scene>
<Scene>
<INIT seed="3,0,0,1,1,60" ten="237,219,243,301" oya="3" hai0="28,131,132,20,3,48,81,92,80,24,117,127,26" hai1="23,126,70,104,73,108,62,41,21,99,67,103,39" hai2="30,111,14,42,38,33,56,118,82,53,17,101,122" hai3="59,77,46,55,12,44,135,96,94,134,116,98,52"/><W76/><G116/><T79/><D117/><U91/><E108/><V7/><F118/><W25/><G12/><T106/><D106/><U133/><E133/><V102/><F111/><W22/><G22/><T87/><D3/><U74/><E126/><V93/><F122/><W78/><G25/><T32/><D127/><U19/><E23/><V66/><F7/><W124/><G124/><T85/><D132/><N who="3" m="50729" /><G98/><T29/><D131/><U83/><E41/><V97/><F33/><W69/><G69/><T64/><D92/><U84/><REACH who="1" step="1"/><E39/><REACH who="1" ten="237,209,243,301" step="2"/><V51/><F42/><W61/><G55/><T112/><D112/><U115/><E115/><V57/><F38/><W114/><G114/><T0/><D20/><U89/><E89/><AGARI ba="0,1" hai="44,46,52,59,61,76,77,78,89,94,96" m="50729" machi="89" ten="30,2900,0" yaku="20,1,54,1" doraHai="60" who="3" fromWho="1" sc="237,0,209,-29,243,0,301,39" />
</Scene>
<Scene>
<INIT seed="3,1,0,0,0,95" ten="237,180,243,340" oya="3" hai0="34,121,132,114,71,126,68,101,112,103,86,35,74" hai1="98,87,46,56,88,81,33,64,123,3,9,2,41" hai2="1,39,59,102,52,15,104,79,16,58,25,4,76" hai3="31,32,99,113,80,91,61,133,50,117,124,106,84"/><W130/><G113/><N who="0" m="43627" /><D74/><U12/><E123/><V93/><F104/><W19/><G117/><T49/><D121/><U51/><E33/><N who="0" m="12297" /><D132/><U54/><E64/><V47/><F1/><W57/><G130/><T6/><D126/><U10/><E98/><N who="2" m="59727" /><F39/><W127/><G124/><T67/><D6/><U8/><REACH who="1" step="1"/><E12/><REACH who="1" ten="237,170,243,340" step="2"/><V135/><F135/><W44/><G127/><T17/><D67/><U107/><E107/><V77/><F25/><W96/><G106/><T110/><D103/><U108/><E108/><V89/><F89/><W120/><G120/><T65/><D101/><U24/><E24/><V21/><F4/><W129/><G133/><T0/><D110/><U69/><E69/><V55/><F55/><W97/><G129/><T45/><D65/><U83/><E83/><V37/><F37/><AGARI ba="1,1" hai="2,3,8,9,10,37,41,46,51,54,56,81,87,88" machi="37" ten="40,2600,0" yaku="1,1,54,1,53,0" doraHai="95" doraHaiUra="125" who="1" fromWho="2" sc="237,0,170,39,243,-29,340,0" />
</Scene>
<Scene>
<INIT seed="4,0,0,4,4,71" ten="237,209,214,340" oya="0" hai0="41,28,30,81,126,74,44,39,55,63,105,106,53" hai1="31,15,87,7,17,9,57,124,60,4,122,73,98" hai2="33,26,50,112,91,96,47,20,72,77,27,23,95" hai3="84,99,76,68,123,86,134,24,6,35,43,109,2"/><T115/><D115/><U42/><E122/><V3/><F112/><W130/><G109/><T83/><D126/><U62/><E73/><V93/><F33/><W90/><G68/><T11/><D11/><U131/><E124/><V59/><F3/><W110/><G110/><T103/><D103/><U65/><E131/><V133/><F133/><W108/><G108/><T97/><D97/><U88/><E31/><V34/><F34/><W10/><G130/><T69/><D69/><U18/><E98/><V66/><F77/><W21/><G35/><T29/><D74/><U102/><E102/><V118/><F72/><W48/><G99/><T80/><REACH who="0" step="1"/><D63/><REACH who="0" ten="227,209,214,340" step="2"/><U129/><E129/><V14/><F96/><W135/><G135/><T78/><D78/><U111/><E111/><V85/><F85/><W38/><G76/><T120/><D120/><U89/><E62/><V107/><F118/><W117/><G117/><T19/><D19/><U36/><E18/><V16/><F16/><W25/><G134/><T127/><D127/><U49/><E89/><V67/><F91/><W5/><G123/><T40/><D40/><U82/><E7/><V101/><F101/><W64/><G6/><T79/><D79/><U1/><E17/><V92/><F107/><AGARI ba="0,1" hai="28,29,30,39,41,44,53,55,80,81,83,105,106,107" machi="107" ten="50,12000,1" yaku="1,1,52,1,53,3" doraHai="71" doraHaiUra="100" who="0" fromWho="2" sc="227,130,209,0,214,-120,340,0" />
</Scene>
<Scene>
<INIT seed="4,1,0,3,2,119" ten="357,209,94,340" oya="0" hai0="52,69,127,83,123,62,80,103,116,117,101,10,71" hai1="41,93,102,28,110,49,35,29,131,128,94,124,57" hai2="130,95,34,85,8,43,38,66,18,15,12,26,60" hai3="98,132,0,6,21,23,16,45,19,58,36,107,105"/><T46/><D127/><U118/><E118/><V79/><F130/><N who="1" m="49705" /><E110/><V90/><F79/><W3/><G58/><T91/><D10/><U100/><E124/><V68/><F38/><W125/><G125/><T114/><D46/><N who="1" m="25807" /><E35/><V72/><F72/><W133/><G6/><T121/><D62/><U88/><E57/><V56/><F43/><W2/><G98/><T44/><D44/><U106/><E106/><N who="3" m="40458" /><G45/><T11/><D11/><U115/><E115/><V42/><F42/><W70/><G70/><T59/><D59/><U126/><E126/><V24/><F56/><W67/><G67/><T73/><D73/><U99/><E102/><V129/><F129/><W7/><G7/><T120/><D120/><U108/><E108/><V55/><F68/><W63/><G63/><T74/><D74/><U31/><E31/><V75/><F60/><W39/><G39/><T87/><D114/><U9/><E9/><V4/><F8/><W53/><G53/><T25/><D52/><U61/><E61/><V81/><F55/><W135/><G36/><T27/><D87/><AGARI ba="1,0" hai="28,29,87,88,93,94,99,100" m="25807,49705" machi="87" ten="30,2000,0" yaku="19,1,54,1" doraHai="119" who="1" fromWho="0" sc="357,-23,209,23,94,0,340,0" />
</Scene>
<Scene>
<INIT seed="5,0,0,5,0,119" ten="334,232,94,340" oya="1" hai0="74,24,60,101,38,63,92,93,4,50,103,43,3" hai1="1,107,126,73,7,41,75,118,55,21,26,95,65" hai2="131,10,71,16,81,58,86,116,27,102,77,91,106" hai3="31,85,88,67,70,6,29,127,90,87,39,46,13"/><U14/><E118/><V20/><F116/><W34/><G127/><T129/><D74/><U30/><E107/><V52/><F71/><W82/><G70/><T105/><D38/><U11/><E126/><V68/><F68/><W97/><G67/><T59/><D105/><U69/><E41/><V122/><F131/><W110/><G97/><T76/><D129/><U84/><E55/><V49/><F122/><W79/><G79/><T112/><D112/><U124/><E124/><V0/><F106/><W80/><G34/><T100/><D76/><U114/><E114/><V98/><F0/><W117/><G110/><T109/><D109/><U120/><E120/><V5/><F77/><W36/><G117/><T78/><D78/><U130/><E130/><V128/><F128/><W111/><G111/><T104/><D104/><U19/><E95/><N who="0" m="36425" /><D3/><U125/><E84/><V45/><F45/><W56/><G56/><T37/><D37/><U15/><E125/><V61/><F61/><W40/><G36/><T133/><D133/><U72/><E69/><V66/><F66/><W53/><G53/><N who="0" m="32183" /><D43/><U64/><REACH who="1" step="1"/><E15/><REACH who="1" ten="334,222,94,340" step="2"/><N who="2" m="5583" /><F98/><W28/><G13/><T35/><D103/><AGARI ba="0,1" hai="16,20,27,49,52,58,81,86,91,102,103" m="5583" machi="103" ten="30,3900,0" yaku="8,1,54,2" doraHai="119" who="2" fromWho="0" sc="334,-39,222,0,94,49,340,0" />
</Scene>
<Scene>
<INIT seed="6,0,0,4,5,125" ten="295,222,143,340" oya="2" hai0="62,65,30,43,128,13,130,38,64,110,52,102,46" hai1="66,27,81,68,90,78,133,21,48,83,97,26,22" hai2="53,91,16,77,101,60,3,98,59,122,32,124,41" hai3="92,84,5,2,107,105,74,17,99,88,106,51,33"/><V69/><F124/><W115/><G74/><T131/><D110/><U35/><E35/><V71/><F122/><W112/><G33/><T34/><D102/><U15/><E133/><V118/><F118/><W103/><G5/><T76/><D76/><U85/><E66/><N who="0" m="25705" /><D13/><U45/><E68/><V10/><F32/><W37/><G37/><T113/><D113/><N who="3" m="43593" /><G2/><T25/><D52/><U134/><E134/><V0/><F77/><W39/><G39/><T100/><D100/><U135/><E135/><V120/><F120/><W109/><G109/><T121/><D121/><U95/><E83/><V14/><F91/><W9/><G51/><T94/><D94/><U29/><E15/><AGARI ba="0,0" hai="9,15,17,84,88,92,99,103,105,106,107" m="43593" machi="15" ten="30,3900,0" yaku="15,1,11,1,54,1" doraHai="125" who="3" fromWho="1" sc="295,0,222,-39,143,0,340,39" />
</Scene>
<Scene>
<INIT seed="7,0,0,3,3,5" ten="295,183,143,379" oya="3" hai0="27,16,33,108,66,6,79,10,73,63,40,14,4" hai1="2,65,90,113,41,21,48,37,84,98,116,114,47" hai2="118,13,81,68,125,91,43,82,52,80,8,121,133" hai3="72,115,128,129,120,88,60,107,1,50,9,123,69"/><W71/><G72/><T26/><D108/><U20/><E116/><V112/><F118/><W3/><G107/><T131/><D131/><N who="3" m="50249" /><G50/><T15/><D40/><U105/><E2/><N who="3" m="522" /><G9/><N who="0" m="4407" /><D73/><U29/><E65/><V61/><F112/><W102/><G102/><T46/><D33/><U57/><E105/><V62/><F133/><W76/><G76/><T109/><D109/><U39/><E98/><V70/><F125/><W35/><G35/><T100/><D100/><U19/><E29/><V127/><F127/><W101/><G101/><T119/><D119/><U7/><E7/><N who="2" m="3231" /><F121/><W18/><G115/><N who="1" m="44042" /><E57/><N who="2" m="34983" /><F70/><W74/><G74/><T45/><D79/><U78/><E78/><V111/><F68/><W30/><G69/><T28/><D28/><U55/><E41/><V32/><F32/><W56/><G30/><T95/><D95/><N who="1" m="54727" /><E21/><V34/><F34/><W11/><G71/><T54/><D66/><U117/><E117/><V92/><F111/><W86/><G88/><T23/><D27/><AGARI ba="0,0" hai="19,20,27,37,39,47,48,55" m="54727,44042" machi="27" ten="30,1000,0" yaku="15,1" doraHai="5" who="1" fromWho="0" sc="295,-10,183,10,143,0,379,0" owari="285,9.0,193,-21.0,143,-36.0,379,48.0" />
</Scene>
</mjloggm>