<mjloggm ver="2.3"><GO type="169" lobby="0"/><UN n0="%E7%A5%AD%E4%BA%BA" n1="%E5%A4%AA%E3%81%8F%E3%81%AA%E3%81%84%E3%81%8A" n2="%E7%99%BD%E9%BB%92%E7%A5%9E" n3="%E3%82%89%E3%81%84%E3%81%A1%E3%82%87%E3%81%86" dan="17,18,16,16" rate="2190.60,2178.31,2118.07,2029.03" sx="M,F,F,F"/><TAIKYOKU oya="0"/>

<Scene>
<INIT seed="0,0,0,5,3,57" ten="250,250,250,250" oya="0" hai0="44,109,37,13,133,100,14,98,123,22,46,29,113" hai1="28,93,60,135,8,19,21,55,83,97,126,121,73" hai2="95,92,64,26,50,86,33,66,114,0,41,31,117" hai3="76,99,42,122,106,119,25,111,74,89,134,71,104"/><T116/><D113/><U108/><E121/><V63/><F0/><W38/><G119/><T18/><D123/><U40/><E108/><V39/><F39/><W90/><G122/><T32/><D116/><U51/><E126/><V105/><F105/><W94/><G111/><T36/><D109/><U70/><E135/><V127/><F127/><W2/><G71/><T49/><D133/><U107/><E107/><V35/><F66/><W101/><G134/><T5/><D46/><U75/><E28/><V52/><F41/><W53/><G2/><T132/><D132/><U120/><E8/><V62/><F35/><W125/><G125/><T9/><D29/><U12/><E120/><V82/><F114/><W91/><G25/><T130/><D32/><U96/><E40/><V69/><F63/><W45/><REACH who="3" step="1"/><G53/><REACH who="3" ten="250,250,250,240" step="2"/><T11/><D130/><U3/><E3/><V1/><F1/><W124/><G124/><T110/><D110/><U78/><E70/><V115/><F117/><W16/><G16/><T27/><D27/><U128/><E55/><V15/><F115/><W4/><G4/><T23/><D37/><U30/><E19/><V102/><F15/><W118/><G118/><T129/><D36/><U72/><E12/><V6/><F6/><W88/><N who="3" m="22528" /><DORA hai="68" /><W54/><G54/><N who="0" m="29991" /><D129/><U34/><E128/><V7/><F7/><W77/><G77/><T20/><D100/><U59/><E78/><V87/><F102/><W112/><G112/><T17/><D17/><U131/><E131/><V84/><F82/><AGARI ba="0,1" hai="38,42,45,74,76,82,94,99,101,104,106" m="22528" machi="82" ten="50,6400,0" yaku="1,1,52,1,54,1,53,0" doraHai="57,68" doraHaiUra="61,65" who="3" fromWho="2" sc="250,0,250,0,250,-64,240,74" />
</Scene>
<Scene>
<INIT seed="1,0,0,3,3,42" ten="250,250,186,314" oya="1" hai0="49,62,94,117,103,121,51,57,125,22,72,83,108" hai1="3,55,16,11,98,135,131,37,10,76,89,80,123" hai2="36,127,71,85,104,59,106,73,70,53,111,109,45" hai3="48,23,107,32,100,65,50,56,47,129,2,64,30"/><U17/><E123/><V7/><F73/><W6/><G32/><T28/><D117/><U29/><E37/><V77/><F7/><W41/><G129/><T58/><D121/><U27/><E131/><V91/><F127/><W13/><G2/><T93/><D125/><U14/><E135/><V18/><F77/><W99/><G6/><T19/><D108/><N who="2" m="41546" /><F18/><W39/><G13/><T40/><D28/><U79/><E55/><V0/><F0/><W26/><REACH who="3" step="1"/><G39/><REACH who="3" ten="250,250,186,304" step="2"/><T110/><D110/><U86/><E3/><V34/><F34/><W44/><G44/><T102/><D22/><N who="1" m="15607" /><E98/><V95/><F45/><W46/><G46/><T31/><D72/><U75/><E75/><V115/><F36/><W132/><G132/><T87/><D87/><U25/><E10/><V84/><F84/><W54/><AGARI ba="0,1" hai="23,26,30,41,47,48,50,54,56,64,65,99,100,107" machi="54" ten="30,8000,1" yaku="1,1,0,1,52,1,53,2" doraHai="42" doraHaiUra="63" who="3" fromWho="3" sc="250,-20,250,-40,186,-20,304,90" />
</Scene>
<Scene>
<INIT seed="2,0,0,4,3,17" ten="230,210,166,394" oya="2" hai0="103,88,57,114,77,109,10,60,71,50,135,24,32" hai1="131,49,56,8,86,14,97,117,36,98,130,81,84" hai2="47,102,6,19,26,126,48,82,76,12,69,28,115" hai3="27,35,119,42,104,127,38,120,15,112,43,87,11"/><V95/><F69/><W93/><G104/><T92/><D114/><U129/><E117/><V39/><F39/><W75/><G75/><T66/><D103/><U121/><E36/><V4/><F115/><W1/><G1/><T78/><D109/><U5/><E121/><V72/><F126/><W16/><G120/><T45/><D135/><U59/><E86/><V58/><F58/><N who="1" m="22057" /><E49/><V7/><F102/><W22/><G38/><T41/><D71/><U122/><E122/><V89/><F19/><W99/><G119/><T64/><D64/><U30/><E30/><V2/><F2/><W65/><G127/><T31/><REACH who="0" step="1"/><D10/><REACH who="0" ten="220,210,166,394" step="2"/><U74/><E74/><V52/><F7/><W25/><G65/><T34/><D34/><U116/><E116/><V46/><F6/><W40/><G35/><T18/><D18/><U63/><E63/><V21/><F4/><N who="3" m="3559" /><G112/><T79/><D79/><AGARI ba="0,1" hai="5,8,14,79,81,84,97,98,129,130,131" m="22057" machi="79" ten="30,1000,0" yaku="19,1" doraHai="17" who="1" fromWho="0" sc="220,-10,210,20,166,0,394,0" />
</Scene>
<Scene>
<INIT seed="3,0,0,1,2,21" ten="210,230,166,394" oya="3" hai0="87,123,121,102,30,110,117,8,130,47,97,39,33" hai1="125,41,69,72,29,43,19,3,93,120,135,94,128" hai2="101,91,105,42,74,85,70,37,38,26,24,76,113" hai3="36,127,126,11,61,54,67,71,82,35,20,6,62"/><W44/><G35/><T116/><D8/><U132/><E120/><N who="0" m="46153" /><D87/><U111/><E72/><V55/><F70/><W92/><G82/><T0/><D0/><U13/><E69/><V68/><F113/><W63/><G92/><T4/><D4/><U118/><E3/><V122/><F68/><W133/><G20/><T50/><D50/><U22/><E22/><V49/><F122/><W108/><G11/><T17/><D17/><U88/><E19/><V57/><F38/><W134/><G6/><T5/><D5/><U115/><E94/><N who="2" m="54639" /><F37/><W18/><G18/><T48/><D48/><U124/><E93/><V53/><F55/><W86/><G86/><T34/><D110/><U1/><E111/><V52/><F53/><W119/><G108/><T59/><D59/><U14/><E1/><V83/><F42/><N who="3" m="22599" /><G119/><N who="0" m="45643" /><D30/><U40/><E29/><V100/><F100/><W9/><G9/><T64/><D64/><U56/><E118/><V60/><F60/><N who="3" m="23147" /><G54/><T12/><D33/><U58/><E13/><V23/><F23/><W80/><G80/><T95/><D34/><U107/><E14/><V75/><F75/><W31/><G31/><T104/><D12/><U78/><E107/><V46/><F46/><W73/><G73/><T98/><D104/><U65/><E78/><V112/><F112/><W16/><G16/><T129/><D98/><AGARI ba="0,0" hai="24,26,49,52,57,74,76,83,98,101,105" m="54639" machi="98" ten="30,7700,0" yaku="24,1,52,2,54,1" doraHai="21" who="2" fromWho="0" sc="210,-77,230,0,166,77,394,0" />
</Scene>
<Scene>
<INIT seed="4,0,0,2,3,99" ten="133,230,243,394" oya="0" hai0="40,61,101,45,130,111,5,92,70,51,66,35,18" hai1="119,118,76,73,123,3,9,41,58,33,27,125,68" hai2="114,104,83,78,6,37,97,14,116,109,22,71,54" hai3="31,20,63,77,42,59,12,65,112,113,126,34,117"/><T133/><D35/><U28/><E58/><V25/><F71/><W122/><G117/><T127/><D130/><U85/><E85/><V124/><F37/><W81/><G126/><T53/><D127/><U11/><E125/><V7/><F109/><W132/><G42/><T87/><D133/><U56/><E56/><V128/><F128/><W10/><G132/><T24/><D111/><U90/><E90/><V62/><F114/><W86/><G34/><T29/><D5/><N who="1" m="1215" /><E11/><V74/><F14/><W55/><G122/><T100/><D18/><U121/><E41/><V30/><F116/><N who="1" m="44585" /><E68/><V107/><F124/><W57/><G57/><T8/><D8/><U50/><E50/><V82/><F54/><W52/><G55/><T44/><D87/><U115/><E115/><V19/><F62/><W131/><G52/><T1/><D1/><U48/><E48/><V36/><F36/><W60/><G60/><T102/><D92/><U94/><E94/><V38/><F38/><W67/><G131/><T13/><D13/><U129/><E129/><V89/><F89/><W91/><G91/><T39/><REACH who="0" step="1"/><D101/><REACH who="0" ten="123,230,243,394" step="2"/><U32/><E33/><V15/><F15/><W69/><G113/><T23/><AGARI ba="0,1" hai="23,24,29,39,40,44,45,51,53,61,66,70,100,102" machi="23" ten="20,24000,3" yaku="1,1,2,1,0,1,7,1,52,2,53,2" doraHai="99" doraHaiUra="43" who="0" fromWho="0" sc="123,250,230,-80,243,-80,394,-80" />
</Scene>
<Scene>
<INIT seed="4,1,0,4,3,19" ten="373,150,163,314" oya="0" hai0="40,38,13,50,92,39,116,95,12,21,119,16,81" hai1="120,32,5,55,62,0,79,83,20,73,126,57,89" hai2="52,4,28,113,15,25,107,104,110,133,69,103,124" hai3="68,17,102,7,125,121,128,36,54,46,72,47,45"/><T63/><D63/><U86/><E126/><V106/><F69/><W58/><G72/><T111/><D111/><U134/><E134/><V59/><F110/><W78/><G78/><T123/><D123/><U76/><E32/><V1/><F124/><W130/><G125/><T30/><D30/><U60/><E120/><V48/><F1/><W129/><G7/><T135/><D135/><U35/><E35/><V87/><F133/><W132/><G121/><T11/><D50/><U108/><E108/><V24/><F113/><W74/><G74/><T44/><D39/><U100/><E100/><V56/><F87/><W99/><G68/><T93/><REACH who="0" step="1"/><D81/><REACH who="0" ten="363,150,163,314" step="2"/><U80/><E62/><V9/><F28/><W41/><G132/><T18/><AGARI ba="1,1" hai="11,12,13,16,18,21,38,40,44,92,93,95,116,119" machi="18" ten="30,12000,1" yaku="1,1,2,1,0,1,52,1,54,1,53,0" doraHai="19" doraHaiUra="117" who="0" fromWho="0" sc="363,133,150,-41,163,-41,314,-41" />
</Scene>
<Scene>
<INIT seed="4,2,0,0,1,100" ten="496,109,122,273" oya="0" hai0="79,60,98,87,67,89,42,41,63,120,109,65,56" hai1="74,3,17,23,47,97,85,33,118,48,14,4,66" hai2="29,5,27,40,50,125,18,75,37,11,128,38,86" hai3="26,20,93,88,82,70,0,77,59,78,32,115,8"/><T69/><D120/><U95/><E118/><V124/><F75/><W22/><G70/><T12/><D109/><U108/><E74/><V45/><F128/><W112/><G32/><T68/><D79/><N who="3" m="30217" /><G82/><T117/><D117/><U135/><E108/><V101/><F101/><W54/><G26/><T105/><D98/><U122/><E122/><V15/><F86/><N who="3" m="52375" /><G8/><T94/><D105/><U119/><E33/><V127/><REACH who="2" step="1"/><F5/><REACH who="2" ten="496,109,112,273" step="2"/><W61/><G0/><T72/><D72/><U49/><E3/><V99/><F99/><W83/><G83/><T81/><D81/><U10/><E119/><V19/><F19/><W2/><G2/><T102/><D102/><U21/><E17/><V104/><F104/><W90/><G90/><T84/><D84/><U133/><E85/><V44/><F44/><W31/><G31/><T121/><D121/><U34/><E47/><V126/><N who="2" m="31744" /><DORA hai="71" /><V114/><F114/><AGARI ba="2,1" hai="20,22,54,59,61,112,114,115" m="52375,30217" machi="114" ten="30,2000,0" yaku="15,1,54,1" doraHai="100,71" who="3" fromWho="2" sc="496,0,109,0,112,-26,273,36" />
</Scene>
<Scene>
<INIT seed="5,0,0,1,5,71" ten="496,109,86,309" oya="1" hai0="132,120,9,49,40,81,16,10,52,15,14,25,3" hai1="20,107,64,116,106,70,11,111,113,36,31,77,89" hai2="66,55,121,35,119,78,98,45,17,50,101,135,42" hai3="28,110,38,82,79,84,122,12,57,91,134,117,44"/><U67/><E116/><V24/><F135/><W100/><G110/><T41/><D3/><U1/><E77/><V53/><F119/><W75/><G117/><T115/><D132/><U125/><E111/><V0/><F0/><W39/><G122/><T123/><D115/><U126/><E113/><V83/><F121/><N who="0" m="46666" /><D25/><N who="1" m="16807" /><E89/><V37/><F66/><N who="1" m="25129" /><E70/><V30/><F50/><W112/><G112/><T6/><D81/><U95/><E95/><V62/><F17/><W18/><G134/><T47/><AGARI ba="0,0" hai="6,9,10,14,15,16,40,41,47,49,52" m="46666" machi="47" ten="30,4000,0" yaku="13,1,54,2" doraHai="71" who="0" fromWho="0" sc="496,40,109,-20,86,-10,309,-10" />
</Scene>
<Scene>
<INIT seed="6,0,0,0,5,3" ten="536,89,76,299" oya="2" hai0="78,111,89,1,91,67,14,32,70,5,34,86,11" hai1="58,107,6,30,82,41,16,0,57,135,106,94,21" hai2="68,55,40,59,123,53,103,124,116,115,96,105,112" hai3="35,22,61,71,119,100,114,44,77,46,98,104,18"/><V90/><F68/><W92/><G119/><T45/><D111/><U36/><E30/><V128/><F116/><W73/><G35/><T75/><D75/><U88/><E82/><V43/><F123/><W83/><G114/><N who="2" m="43561" /><F128/><W118/><G118/><T50/><D78/><U62/><E135/><V134/><F134/><W69/><G104/><T12/><D89/><U7/><E0/><V56/><F124/><W72/><G72/><T49/><D32/><U126/><E126/><V26/><F26/><W64/><G69/><T23/><D34/><U60/><E36/><V79/><F79/><W39/><G39/><T102/><D102/><U110/><E41/><N who="2" m="15947" /><F90/><W81/><G81/><T127/><D91/><U9/><E110/><V4/><F4/><N who="1" m="1577" /><E9/><V63/><F56/><N who="1" m="21609" /><E107/><V27/><F27/><AGARI ba="0,0" hai="18,22,27,44,46,61,64,71,73,77,83,92,98,100" machi="27" ten="30,1000,0" yaku="7,1" doraHai="3" who="3" fromWho="2" sc="536,0,89,0,76,-10,299,10" />
</Scene>
<Scene>
<INIT seed="7,0,0,4,5,33" ten="536,89,66,309" oya="3" hai0="76,10,61,104,34,86,63,26,64,85,16,22,123" hai1="41,97,82,127,14,114,39,115,65,60,117,27,133" hai2="57,53,98,92,99,111,56,118,1,73,109,47,131" hai3="12,110,35,40,124,134,129,17,59,23,113,62,46"/><W101/><G113/><N who="1" m="43018" /><E133/><V120/><F118/><W70/><G134/><T121/><D104/><U67/><E117/><V37/><F73/><W11/><G124/><T4/><D63/><U0/><E0/><V128/><F120/><W89/><G129/><N who="2" m="49737" /><F92/><W100/><G70/><T108/><D16/><U44/><E127/><V122/><F122/><W75/><G35/><T96/><D85/><U94/><E82/><V103/><F103/><W107/><G110/><N who="2" m="41993" /><F53/><W28/><G75/><T116/><D22/><U32/><E14/><V38/><F47/><W54/><G107/><T126/><D61/><U88/><E60/><V102/><F102/><W135/><G135/><T52/><D52/><U71/><E71/><V18/><F18/><N who="3" m="8479" /><G28/><AGARI ba="0,0" hai="27,28,32,39,41,44,65,67,88,94,97" m="43018" machi="28" ten="30,2000,0" yaku="15,1,54,1" doraHai="33" who="1" fromWho="3" sc="536,0,89,20,66,0,309,-20" owari="536,63.0,109,-29.0,66,-43.0,289,9.0" />
</Scene>
</mjloggm>