<mjloggm ver="2.3"><GO type="169" lobby="0"/><UN n0="%E6%82%A0%E9%9B%85" n1="%4B%2D%6D%61%73%6B" n2="%E5%A4%AA%E3%81%8F%E3%81%AA%E3%81%84%E3%81%8A" n3="%E3%83%A6%E3%83%BC%E3%82%B9%E3%83%AC%E3%82%B9" dan="17,16,18,17" rate="2127.23,2066.99,2204.70,2135.25" sx="M,M,F,M"/><TAIKYOKU oya="0"/>

<Scene>
<INIT seed="0,0,0,2,4,0" ten="250,250,250,250" oya="0" hai0="82,106,78,51,30,84,100,70,35,18,120,105,6" hai1="1,134,126,36,119,125,28,132,88,15,63,47,34" hai2="32,123,131,108,55,81,69,59,21,75,14,91,97" hai3="73,12,71,93,52,83,20,122,87,42,25,114,22"/><T45/><D120/><U2/><E63/><V13/><F123/><W89/><G114/><T115/><D115/><U17/><E36/><V31/><F69/><W61/><G122/><T8/><D70/><U50/><E88/><V4/><F32/><W124/><G42/><T39/><D39/><U46/><E119/><V109/><F131/><W67/><G124/><N who="1" m="47722" /><E47/><V118/><F118/><W95/><G73/><T38/><D38/><U110/><E110/><V3/><F75/><W33/><G33/><T5/><D100/><U127/><E127/><V49/><F91/><W129/><G129/><T19/><D106/><U72/><E72/><V121/><F121/><W43/><G43/><N who="0" m="25023" /><D105/><U99/><E99/><V54/><F97/><W65/><G65/><T26/><D5/><U77/><E77/><V94/><F4/><W62/><G62/><T27/><D27/><N who="1" m="18719" /><E2/><V9/><F3/><W76/><G76/><T79/><D78/><U103/><E103/><V104/><F104/><W53/><G95/><T16/><D19/><U41/><E1/><V37/><F37/><W48/><G93/><T135/><D135/><U117/><E117/><V7/><F94/><W86/><G71/><T116/><D116/><U24/><E24/><V90/><F108/><W29/><G25/><T57/><D57/><U66/><E66/><V113/><F109/><W107/><G67/><T111/><D111/><U23/><AGARI ba="0,0" hai="15,17,23,41,46,50,132,134" m="18719,47722" machi="23" ten="30,1100,0" yaku="18,1" doraHai="0" who="1" fromWho="1" sc="250,-5,250,11,250,-3,250,-3" />
</Scene>
<Scene>
<INIT seed="1,0,0,4,5,20" ten="245,261,247,247" oya="1" hai0="85,77,33,34,134,66,53,68,48,99,69,2,60" hai1="105,116,14,22,75,124,132,131,24,61,125,95,16" hai2="115,50,32,87,26,114,39,135,3,45,130,41,6" hai3="108,28,97,36,18,7,103,102,46,29,42,37,9"/><U120/><E105/><V86/><F130/><W101/><G108/><T23/><D2/><U90/><E131/><V38/><F135/><W64/><G64/><T0/><D0/><U25/><E132/><V19/><F6/><W56/><G97/><T88/><D134/><U44/><E75/><V59/><F3/><W127/><G127/><N who="1" m="48714" /><E116/><V63/><F86/><W65/><G37/><T72/><D69/><U93/><E120/><V100/><F100/><W111/><G111/><T49/><D49/><U78/><E78/><V40/><F87/><W80/><G80/><T12/><D72/><U110/><E110/><V55/><F19/><W31/><G18/><T118/><D118/><U74/><E74/><V57/><F32/><W10/><G7/><T128/><D128/><U123/><E123/><V89/><F89/><W119/><G119/><T52/><D77/><U129/><E129/><V82/><F82/><W21/><G21/><T126/><D126/><U47/><E61/><V112/><F26/><N who="1" m="10345" /><E95/><V73/><F73/><W17/><G31/><T106/><D34/><U113/><E113/><V121/><F121/><W4/><G29/><T71/><D33/><U15/><E15/><V109/><F109/><W30/><G28/><T13/><D13/><U43/><E43/><N who="2" m="16459" /><F63/><W122/><G30/><T81/><D12/><U94/><E94/><V58/><AGARI ba="0,0" hai="38,39,45,50,55,57,58,59,112,114,115" m="16459" machi="58" ten="40,5200,0" yaku="11,1,34,2" doraHai="20" who="2" fromWho="2" sc="245,-13,261,-26,247,52,247,-13" />
</Scene>
<Scene>
<INIT seed="2,0,0,5,3,14" ten="232,235,299,234" oya="2" hai0="34,53,130,38,24,81,61,80,70,56,9,74,115" hai1="113,85,33,109,39,43,84,16,128,91,105,8,13" hai2="5,69,20,94,83,133,107,112,46,3,67,106,90" hai3="62,49,88,30,27,82,76,116,52,50,40,92,47"/><V35/><F35/><W59/><G116/><T15/><D38/><U41/><E113/><V29/><F112/><W87/><G62/><T127/><D115/><U119/><E119/><V58/><F69/><W86/><G27/><T1/><D1/><U93/><E105/><V71/><F71/><W66/><G66/><T60/><D130/><U4/><E33/><V73/><F46/><W111/><G111/><T18/><D127/><U102/><E109/><V98/><F3/><W132/><G132/><T55/><D74/><U36/><E102/><V79/><F5/><W110/><G110/><T78/><D78/><U64/><E64/><V7/><F7/><W12/><G12/><T31/><REACH who="0" step="1"/><D70/><REACH who="0" ten="222,235,299,234" step="2"/><U28/><E39/><V125/><F125/><W89/><G76/><T114/><D114/><U75/><E75/><V42/><F79/><W21/><G30/><T10/><D10/><U103/><E28/><V0/><F0/><W25/><G21/><T32/><D32/><U104/><E36/><V135/><F73/><W2/><G2/><T68/><D68/><U54/><E128/><V122/><F20/><W129/><G129/><T19/><D19/><U99/><E4/><V44/><F29/><W72/><G72/><T26/><D26/><U117/><E117/><V97/><F133/><W37/><G25/><T11/><D11/><U126/><E126/><V96/><F135/><W134/><G134/><T108/><D108/><U100/><E8/><V63/><F122/><W48/><AGARI ba="0,1" hai="37,40,47,48,49,50,52,59,82,86,87,88,89,92" machi="48" ten="20,5200,0" yaku="0,1,7,1,54,2" doraHai="14" who="3" fromWho="3" sc="222,-13,235,-13,299,-26,234,62" />
</Scene>
<Scene>
<INIT seed="3,0,0,3,1,105" ten="209,222,273,296" oya="3" hai0="74,10,38,39,47,121,110,84,70,65,37,131,12" hai1="62,127,108,41,80,11,59,122,90,130,46,103,26" hai2="128,97,0,33,71,113,125,53,51,81,52,79,4" hai3="82,60,95,13,55,28,91,31,83,44,111,8,93"/><W23/><G111/><T54/><D121/><U78/><E122/><V73/><F113/><W42/><G95/><T135/><D110/><U134/><E108/><V120/><F120/><W45/><G44/><T22/><D22/><U92/><E134/><V21/><F33/><W30/><G23/><T17/><D135/><U57/><E130/><V132/><F132/><W101/><G101/><T40/><D131/><U9/><E103/><V36/><F71/><W20/><G20/><T24/><D24/><U5/><E127/><V68/><F68/><W115/><G115/><T72/><D54/><U89/><E26/><V75/><F128/><W99/><G55/><T123/><D84/><N who="1" m="48151" /><E59/><V126/><F36/><W133/><G60/><T94/><D94/><U117/><E117/><V32/><F32/><W98/><G98/><T19/><D123/><U16/><E5/><V2/><F97/><W88/><G91/><N who="1" m="34826" /><E16/><V67/><F21/><W43/><G133/><T61/><REACH who="0" step="1"/><D17/><REACH who="0" ten="199,222,273,296" step="2"/><U29/><E92/><V107/><F53/><W66/><G93/><T48/><AGARI ba="0,1" hai="10,12,19,37,38,39,40,47,48,61,65,70,72,74" machi="48" ten="30,8000,1" yaku="1,1,2,1,0,1,52,2,53,0" doraHai="105" doraHaiUra="87" who="0" fromWho="0" sc="199,90,222,-20,273,-20,296,-40" />
</Scene>
<Scene>
<INIT seed="4,0,0,2,3,62" ten="289,202,253,256" oya="0" hai0="31,50,132,53,90,116,48,63,45,73,96,56,17" hai1="66,57,15,3,27,55,68,41,8,13,70,61,92" hai2="35,80,1,29,40,93,32,135,97,42,33,14,22" hai3="82,44,24,99,26,69,0,117,18,49,83,51,125"/><T7/><D73/><U109/><E109/><V89/><F1/><W36/><G117/><T38/><D116/><U100/><E41/><V79/><F135/><W25/><G0/><T102/><D132/><U106/><E106/><V72/><REACH who="2" step="1"/><F14/><REACH who="2" ten="289,202,243,256" step="2"/><W19/><G26/><AGARI ba="0,1" hai="22,26,29,32,33,35,40,42,72,79,80,89,93,97" machi="26" ten="40,2600,0" yaku="1,1,2,1,53,0" doraHai="62" doraHaiUra="113" who="2" fromWho="3" sc="289,0,202,0,243,36,256,-26" />
</Scene>
<Scene>
<INIT seed="5,0,0,1,1,104" ten="289,202,279,230" oya="1" hai0="72,128,13,58,126,41,2,106,37,110,61,65,74" hai1="33,8,103,62,39,1,92,134,22,34,29,30,73" hai2="36,67,20,116,7,130,122,88,79,14,21,5,132" hai3="114,80,91,10,17,135,64,60,108,81,38,100,46"/><U90/><E39/><V57/><F116/><W16/><G108/><T71/><D110/><U121/><E121/><V51/><F36/><W87/><G135/><T105/><D126/><U82/><E134/><V66/><F132/><W131/><G114/><T129/><D2/><U56/><E29/><V119/><F119/><W111/><G111/><T54/><D13/><U25/><E1/><V15/><F79/><W127/><G127/><T68/><D68/><U42/><E42/><V40/><F122/><W50/><G38/><T93/><D93/><U27/><E8/><V89/><F130/><N who="0" m="50282" /><D41/><U44/><E44/><V3/><F3/><W84/><G100/><T118/><D37/><U96/><E27/><V18/><F40/><W101/><G101/><T32/><D32/><U98/><E98/><V47/><F47/><W70/><G131/><T55/><D55/><U76/><E90/><V112/><F112/><W113/><G113/><T28/><D28/><U63/><E63/><V45/><F45/><W109/><G109/><T53/><D53/><AGARI ba="0,0" hai="22,25,30,33,34,53,56,62,73,76,82,92,96,103" machi="53" ten="30,2900,0" yaku="7,1,52,1" doraHai="104" who="1" fromWho="0" sc="289,-29,202,29,279,0,230,0" />
</Scene>
<Scene>
<INIT seed="5,1,0,2,5,108" ten="260,231,279,230" oya="1" hai0="103,67,79,41,33,125,133,92,4,37,131,31,43" hai1="70,77,36,11,22,119,32,60,104,80,93,57,69" hai2="107,63,51,118,72,100,46,39,54,50,40,3,2" hai3="17,8,97,27,123,68,0,1,76,99,12,101,23"/><U75/><E32/><V87/><F72/><W10/><G123/><T19/><D4/><U7/><E104/><V53/><F118/><W26/><G68/><T88/><D103/><U64/><E119/><V74/><F74/><W29/><G76/><T18/><D79/><U13/><E36/><V82/><F63/><W25/><G99/><T109/><D109/><U21/><E93/><V115/><F107/><W56/><G56/><T30/><D67/><U38/><E38/><V124/><F100/><W102/><G102/><T47/><D41/><U58/><REACH who="1" step="1"/><E57/><REACH who="1" ten="260,221,279,230" step="2"/><V90/><F39/><W84/><G101/><T96/><D33/><U62/><E62/><V71/><F71/><AGARI ba="1,1" hai="7,11,13,21,22,58,60,64,69,70,71,75,77,80" machi="71" ten="40,3900,0" yaku="1,1,53,1" doraHai="108" doraHaiUra="106" who="1" fromWho="2" sc="260,0,221,52,279,-42,230,0" />
</Scene>
<Scene>
<INIT seed="5,2,0,4,5,2" ten="260,273,237,230" oya="1" hai0="0,40,91,69,58,29,132,10,101,119,95,4,107" hai1="79,33,105,48,113,7,94,54,81,25,11,116,59" hai2="92,117,8,68,30,41,103,38,28,5,31,3,109" hai3="15,127,89,128,52,121,134,87,115,6,39,114,53"/><U96/><E116/><V36/><F117/><W131/><G121/><T120/><D119/><U74/><E113/><N who="3" m="43018" /><G39/><T43/><D69/><U67/><E105/><V104/><F109/><W86/><G134/><T125/><D132/><U124/><E124/><V13/><F68/><W75/><G75/><T22/><D125/><U88/><E67/><V17/><F104/><W123/><G123/><T66/><D107/><U133/><E133/><V85/><F41/><W126/><G126/><T44/><D101/><U19/><E19/><V32/><F32/><W65/><G65/><T80/><D80/><U61/><E61/><V63/><F63/><W49/><G127/><T82/><D82/><U111/><E111/><V34/><F34/><W45/><G53/><T46/><D120/><U37/><E37/><V102/><F102/><W135/><G135/><T97/><D43/><U78/><E78/><V122/><F122/><W23/><G87/><T51/><D66/><U129/><E129/><V73/><F73/><W93/><G23/><T106/><D106/><U108/><E108/><V60/><F60/><W72/><G72/><T76/><D76/><U42/><E42/><V1/><F85/><W77/><G77/><T50/><D40/><U26/><E33/><V99/><REACH who="2" step="1"/><F3/><AGARI ba="2,0" hai="3,7,11,25,26,48,54,59,74,79,81,88,94,96" machi="3" ten="30,5800,0" yaku="7,1,52,1,54,1" doraHai="2" who="1" fromWho="2" sc="260,0,273,64,237,-64,230,0" />
</Scene>
<Scene>
<INIT seed="5,3,0,1,1,81" ten="260,337,173,230" oya="1" hai0="49,10,67,34,3,130,127,14,125,84,7,56,88" hai1="1,66,25,58,11,44,98,119,15,122,70,96,69" hai2="61,97,90,126,85,73,28,62,77,120,9,40,104" hai3="24,112,87,51,47,82,80,4,59,18,54,31,105"/><U41/><E119/><V102/><F120/><W0/><G105/><T21/><D34/><U2/><E122/><V52/><F126/><N who="0" m="48138" /><D130/><U128/><E128/><V13/><F40/><W12/><G112/><T103/><D103/><U116/><E116/><V22/><F73/><W16/><G0/><T135/><D135/><U115/><E115/><V8/><F77/><W36/><G80/><N who="0" m="49159" /><D49/><U99/><E25/><V20/><F28/><W63/><G36/><T33/><D33/><U107/><E107/><V131/><F9/><N who="3" m="4135" /><G24/><T78/><D78/><U113/><E113/><V132/><F132/><W121/><G31/><T48/><D48/><U110/><E1/><V6/><F131/><W72/><G72/><T106/><D106/><U91/><E2/><V17/><F6/><W76/><G121/><T30/><D3/><U100/><E100/><V68/><F62/><W45/><G45/><T117/><D117/><U60/><E44/><V43/><F43/><AGARI ba="3,0" hai="16,18,43,47,51,54,59,63,76,82,87" m="4135" machi="43" ten="30,7700,0" yaku="25,1,8,1,52,1,54,1" doraHai="81" who="3" fromWho="2" sc="260,0,337,0,173,-86,230,86" />
</Scene>
<Scene>
<INIT seed="6,0,0,2,5,128" ten="260,337,87,316" oya="2" hai0="117,107,124,87,68,114,135,52,91,127,33,81,131" hai1="41,90,14,129,13,46,9,97,22,40,2,134,75" hai2="18,0,119,61,69,71,27,111,104,126,17,95,82" hai3="63,83,26,34,108,10,62,65,64,49,106,79,16"/><V103/><F119/><W23/><G108/><T125/><D33/><U60/><E75/><V112/><F0/><W133/><G106/><T78/><D68/><U100/><E90/><V72/><F104/><W6/><G34/><T86/><D117/><U85/><E85/><V118/><F118/><W59/><G49/><T19/><D19/><U94/><E129/><V99/><F111/><W89/><G89/><T84/><D131/><U35/><E35/><V54/><F112/><W122/><G122/><T36/><D36/><U32/><E32/><V12/><F126/><W80/><G79/><T3/><D3/><U5/><E60/><V121/><F121/><W102/><G102/><T113/><D107/><U88/><E100/><V7/><F7/><W37/><G37/><T1/><D52/><U45/><E22/><V73/><F27/><W51/><G51/><T96/><D1/><U98/><E98/><V43/><F43/><W109/><G109/><T123/><D123/><U55/><E41/><V38/><F38/><W74/><G74/><N who="2" m="28777" /><F82/><W101/><G83/><T92/><D114/><U56/><E40/><V67/><F54/><W105/><G80/><T28/><D113/><U76/><E2/><V15/><F71/><W93/><G105/><T58/><D58/><U42/><E42/><V39/><F39/><W29/><G6/><T25/><D25/><U130/><E130/><V53/><F53/><W31/><G26/><T47/><D47/><U30/><E55/><V132/><F132/><W4/><G133/><T48/><D135/><U11/><E134/><V20/><F15/><RYUUKYOKU ba="0,0" sc="260,-10,337,-10,87,30,316,-10" hai2="12,17,18,20,61,67,69,95,99,103" />
</Scene>
<Scene>
<INIT seed="6,1,0,1,0,80" ten="250,327,117,306" oya="2" hai0="27,13,20,35,51,127,105,64,40,92,30,47,50" hai1="88,98,56,115,48,49,117,123,32,100,106,16,36" hai2="52,14,0,94,131,23,61,89,5,10,9,46,33" hai3="99,8,70,69,44,95,126,19,59,66,133,85,58"/><V109/><F33/><W26/><G133/><T125/><D105/><U121/><E36/><V86/><F131/><W102/><G126/><N who="0" m="48139" /><D64/><U41/><E32/><V113/><F113/><W76/><G44/><T77/><D77/><U3/><E3/><V1/><F109/><W130/><G130/><T37/><D92/><U119/><E115/><V39/><F23/><W63/><G70/><T78/><D78/><U15/><E49/><V24/><F24/><W68/><G68/><T107/><D107/><U129/><E129/><V79/><F79/><W17/><G26/><N who="0" m="18903" /><D13/><U43/><E56/><V7/><F14/><W124/><G124/><T132/><D132/><U81/><E48/><V134/><F134/><W38/><G38/><T57/><D57/><U103/><E103/><V128/><F128/><W34/><G59/><T112/><D112/><U97/><E97/><V65/><F39/><W75/><G58/><T135/><D135/><U122/><E43/><V21/><F21/><W104/><G69/><T90/><D90/><U60/><E41/><V83/><F65/><W114/><G66/><T54/><D54/><U110/><E110/><V45/><F52/><W111/><G111/><T91/><D91/><U93/><E60/><V101/><REACH who="2" step="1"/><F61/><REACH who="2" ten="250,327,107,306" step="2"/><W74/><G63/><T82/><D20/><U62/><E62/><V25/><F25/><W116/><G76/><T55/><D27/><U18/><E15/><V84/><F84/><W120/><G85/><T67/><D67/><U22/><E22/><V29/><F29/><W71/><G114/><T96/><D37/><U87/><E87/><RYUUKYOKU ba="1,1" sc="250,-10,327,-10,107,30,306,-10" hai2="0,1,5,7,9,10,45,46,83,86,89,94,101" />
</Scene>
<Scene>
<INIT seed="6,2,1,1,4,60" ten="240,317,137,296" oya="2" hai0="132,70,30,15,109,99,96,116,124,29,127,45,44" hai1="50,92,10,12,61,38,56,122,98,59,41,14,27" hai2="81,20,128,120,91,28,86,43,5,69,111,11,24" hai3="1,23,90,35,106,49,107,34,94,82,134,53,6"/><V8/><F120/><W33/><G82/><T133/><D70/><U36/><E122/><V51/><F69/><W18/><G134/><N who="0" m="51819" /><D109/><U108/><E108/><V22/><F111/><W79/><G79/><T26/><D15/><U32/><E38/><V93/><F128/><W105/><G6/><T66/><D66/><U65/><E36/><V52/><F43/><W97/><G1/><T48/><D116/><U21/><E32/><V88/><F22/><W68/><G68/><T80/><D80/><U112/><E112/><V119/><F119/><W84/><G97/><N who="0" m="37451" /><D45/><N who="1" m="25903" /><E59/><N who="2" m="33183" /><F5/><W64/><G64/><T62/><D62/><U95/><E10/><V75/><F75/><W87/><G84/><AGARI ba="2,1" hai="8,11,20,24,28,81,84,86,88,91,93" m="33183" machi="84" ten="30,5800,0" yaku="8,1,54,2" doraHai="60" who="2" fromWho="3" sc="240,0,317,0,137,74,296,-64" />
</Scene>
<Scene>
<INIT seed="6,3,0,3,4,96" ten="240,317,211,232" oya="2" hai0="112,6,5,52,76,61,20,29,124,2,118,10,41" hai1="71,1,100,14,110,11,57,63,121,60,13,54,99" hai2="36,101,123,67,44,50,15,35,32,109,106,42,33" hai3="116,16,25,84,62,97,9,131,133,98,18,80,134"/><V51/><F123/><W21/><G116/><T70/><D118/><U77/><E110/><V37/><F109/><W132/><G131/><T119/><D119/><U56/><E71/><V72/><F72/><W85/><G62/><T125/><D41/><U43/><E43/><V48/><F67/><W135/><N who="3" m="33792" /><DORA hai="7" /><W55/><G55/><T66/><D76/><U64/><E77/><V127/><F127/><W34/><G34/><T31/><D5/><U30/><E30/><V27/><F37/><W45/><G45/><T23/><D112/><U102/><E1/><V79/><F79/><N who="3" m="46111" /><G85/><T40/><D40/><U69/><E99/><V65/><F65/><W0/><G0/><T38/><D38/><U47/><E47/><V3/><F3/><W108/><G108/><T24/><D52/><U39/><E121/><V8/><F36/><W58/><G58/><T87/><D87/><U4/><E39/><V88/><F42/><W126/><G126/><T19/><REACH who="0" step="1"/><D31/><REACH who="0" ten="230,317,211,232" step="2"/><U130/><E130/><V115/><F115/><W107/><G107/><T117/><D117/><U26/><E54/><V49/><F44/><W104/><G104/><T46/><D46/><U73/><E73/><V120/><F50/><W28/><G28/><T111/><D111/><U93/><E60/><V114/><F114/><W75/><G75/><T129/><D129/><U83/><E63/><V82/><F106/><W59/><G59/><T89/><D89/><U86/><E57/><V78/><F88/><W53/><G53/><T113/><D113/><U74/><E56/><V90/><F90/><W22/><G18/><RYUUKYOKU ba="3,1" sc="230,30,317,-10,211,-10,232,-10" hai0="2,6,10,19,20,23,24,29,61,66,70,124,125" />
</Scene>
<Scene>
<INIT seed="7,4,1,1,0,96" ten="260,307,201,222" oya="3" hai0="38,118,32,57,93,44,108,35,112,107,51,19,59" hai1="111,77,3,0,134,29,92,4,54,83,66,110,34" hai2="33,71,9,37,40,45,23,109,116,55,99,36,70" hai3="49,56,129,15,63,46,48,42,50,115,76,31,79"/><W104/><G104/><T88/><D107/><U6/><E66/><V12/><F109/><W72/><G72/><T1/><D108/><U128/><E34/><V69/><F116/><W21/><G115/><T39/><D1/><U89/><E29/><V122/><F33/><W16/><G129/><T121/><D121/><U100/><E3/><V25/><F122/><W82/><G31/><T27/><D118/><U114/><E0/><V60/><F99/><W120/><G120/><T73/><D73/><U101/><E111/><V95/><F95/><W102/><G102/><N who="1" m="39530" /><E114/><V94/><F94/><W97/><G97/><T5/><D38/><U132/><E54/><V105/><F105/><W2/><G2/><T64/><D39/><U84/><E128/><V124/><F124/><W127/><G127/><T8/><D35/><U17/><E17/><V24/><F37/><W103/><G103/><T28/><D19/><U22/><E22/><V85/><F85/><N who="3" m="48327" /><G79/><T52/><D112/><U130/><E130/><V30/><F25/><W113/><G113/><T81/><D64/><AGARI ba="4,1" hai="15,16,21,42,46,48,49,50,56,63,64" m="48327" machi="64" ten="30,2900,0" yaku="8,1,54,1" doraHai="96" who="3" fromWho="0" sc="260,-41,307,0,201,0,222,51" />
</Scene>
<Scene>
<INIT seed="7,5,0,2,1,103" ten="219,307,201,273" oya="3" hai0="55,56,87,86,115,91,95,110,100,75,58,122,123" hai1="23,78,102,48,89,121,113,5,128,46,85,13,109" hai2="135,27,8,33,93,61,22,38,63,42,15,99,105" hai3="37,129,41,98,92,59,17,25,134,112,1,60,84"/><W10/><G84/><T80/><D110/><U35/><E35/><V117/><F117/><W6/><G112/><T62/><D75/><U52/><E121/><V114/><F33/><W26/><G134/><T65/><D115/><U71/><E71/><V90/><F114/><W132/><G132/><T108/><D108/><U127/><E109/><V34/><F34/><W88/><G129/><T24/><D24/><U66/><E66/><V47/><F135/><W124/><G124/><T131/><D131/><U21/><E128/><V68/><F68/><W14/><G41/><T130/><D130/><U31/><E102/><V43/><F43/><W101/><G101/><T74/><D74/><U107/><E107/><V54/><F54/><W0/><G37/><T82/><D95/><U67/><E67/><V126/><F126/><W36/><G36/><T7/><D7/><U79/><E127/><V12/><F105/><W3/><G6/><T97/><D100/><U94/><E113/><V125/><F125/><W119/><G119/><T118/><D118/><U81/><E31/><V120/><F120/><W40/><G40/><T16/><D97/><N who="1" m="57551" /><E79/><V70/><F70/><W2/><G2/><T106/><D106/><U104/><E104/><V116/><F116/><W133/><G133/><T11/><D86/><U57/><E46/><V4/><F15/><W76/><G76/><T30/><D30/><AGARI ba="5,0" hai="4,8,12,22,27,30,38,42,47,61,63,90,93,99" machi="30" ten="30,1000,0" yaku="7,1" doraHai="103" who="2" fromWho="0" sc="219,-25,307,0,201,25,273,0" owari="194,-31.0,307,41.0,226,-17.0,273,7.0" />
</Scene>
</mjloggm>