<mjloggm ver="2.3"><GO type="169" lobby="0"/><UN n0="%E5%A4%AA%E3%81%8F%E3%81%AA%E3%81%84%E3%81%8A" n1="%E3%83%A6%E3%83%8B%E3%82%B7%E3%83%AD" n2="%7A%65%72%6F%52%58" n3="%E7%AB%8B%E8%8F%AF%E5%A5%8F" dan="18,17,16,16" rate="2259.51,2140.61,2110.31,2108.84" sx="F,M,M,F"/><TAIKYOKU oya="0"/>

<Scene>
<INIT seed="0,0,0,1,3,129" ten="250,250,250,250" oya="0" hai0="16,35,18,61,38,14,108,130,4,34,135,27,1" hai1="42,54,78,95,62,131,52,91,125,50,100,11,126" hai2="41,84,47,65,88,123,104,60,134,51,17,90,58" hai3="93,6,28,0,19,86,10,24,83,76,39,124,110"/><T74/><D74/><U45/><E78/><V122/><F104/><W128/><G124/><N who="1" m="47722" /><E100/><V32/><F32/><N who="0" m="12330" /><D38/><U56/><E11/><V37/><F134/><W80/><G128/><T98/><D61/><U118/><E131/><V36/><F90/><W92/><G39/><T71/><D71/><U89/><E118/><V85/><F85/><W106/><G106/><T2/><D98/><N who="1" m="57711" /><E91/><V97/><F97/><W72/><G19/><N who="0" m="7211" /><D130/><U49/><E49/><V30/><F37/><W133/><G92/><T94/><D94/><U73/><E73/><V75/><F75/><W81/><G93/><T82/><D82/><U64/><AGARI ba="0,0" hai="42,45,50,52,54,56,62,64" m="57711,47722" machi="64" ten="30,2000,0" yaku="18,1,54,1" doraHai="129" who="1" fromWho="1" sc="250,-10,250,20,250,-5,250,-5" />
</Scene>
<Scene>
<INIT seed="1,0,0,3,4,13" ten="240,270,245,245" oya="1" hai0="83,106,128,47,51,96,112,104,131,95,11,79,67" hai1="109,16,121,129,14,18,135,102,127,122,28,90,76" hai2="45,69,1,27,80,92,87,8,85,134,60,35,77" hai3="15,71,74,133,30,110,34,50,6,101,70,37,64"/><U48/><E102/><V43/><F134/><W118/><G37/><T21/><D67/><U81/><E135/><V115/><F115/><W66/><G133/><T10/><D112/><U2/><E2/><V57/><F69/><W7/><G74/><N who="0" m="43511" /><D21/><U17/><E129/><N who="0" m="49737" /><D11/><U65/><E65/><V120/><F120/><W94/><G118/><T33/><D10/><U61/><E61/><V117/><F117/><W46/><G34/><T9/><D9/><U52/><E14/><V4/><F35/><W20/><G30/><T116/><D33/><U55/><E28/><V119/><F119/><W40/><G71/><T53/><D116/><U107/><E107/><V12/><F27/><W97/><G110/><T84/><D84/><U93/><E109/><V125/><F1/><W100/><G100/><AGARI ba="0,0" hai="47,51,53,95,96,100,104,106" m="49737,43511" machi="100" ten="30,1000,0" yaku="19,1" doraHai="13" who="0" fromWho="3" sc="240,10,270,0,245,0,245,-10" />
</Scene>
<Scene>
<INIT seed="2,0,0,4,5,70" ten="250,270,245,235" oya="2" hai0="92,41,20,24,135,99,111,89,128,123,36,86,0" hai1="122,30,25,40,2,59,6,129,3,39,71,54,103" hai2="74,87,83,45,134,19,64,108,58,75,119,55,27" hai3="90,29,96,15,116,14,61,120,133,93,28,4,130"/><V49/><F119/><W91/><G116/><T17/><D123/><U77/><E103/><V18/><F134/><W113/><G133/><T80/><D135/><U109/><E122/><V60/><F108/><W52/><G120/><T42/><D0/><U32/><E71/><V68/><F74/><W121/><G121/><T85/><D111/><U26/><E109/><V126/><F75/><W88/><G113/><T81/><D128/><U33/><E129/><V12/><F126/><W67/><G130/><T63/><D63/><U105/><E77/><V65/><F27/><W50/><G61/><T101/><REACH who="0" step="1"/><D36/><REACH who="0" ten="240,270,245,235" step="2"/><U23/><E2/><V57/><F68/><W102/><G67/><T10/><D10/><U79/><E3/><V125/><F65/><W97/><G97/><T1/><D1/><U107/><E39/><V37/><F37/><W117/><G117/><T44/><D44/><U73/><E33/><V47/><F125/><W16/><G4/><T78/><AGARI ba="0,1" hai="17,20,24,41,42,78,80,81,85,86,89,92,99,101" machi="78" ten="20,5200,0" yaku="1,1,0,1,7,1,8,1,53,0" doraHai="70" doraHaiUra="124" who="0" fromWho="0" sc="240,62,270,-13,245,-26,235,-13" />
</Scene>
<Scene>
<INIT seed="3,0,0,0,1,94" ten="302,257,219,222" oya="3" hai0="92,73,119,20,89,64,21,28,52,66,115,97,108" hai1="88,104,6,31,79,114,9,127,58,33,77,82,133" hai2="47,55,118,98,1,30,23,126,122,78,90,42,53" hai3="46,65,76,93,105,68,87,48,62,8,39,18,120"/><W71/><G120/><T10/><D119/><U131/><E104/><V72/><F118/><W5/><G105/><T102/><D73/><U101/><E114/><V106/><F1/><W44/><G39/><T67/><D115/><U13/><E133/><V40/><F122/><W124/><G124/><T95/><D108/><U57/><E127/><V123/><F123/><W16/><G68/><T0/><D28/><U121/><E101/><V49/><F126/><W69/><G69/><T12/><D0/><U83/><E121/><V134/><F134/><W14/><G44/><T34/><D34/><U24/><E131/><V116/><F116/><W26/><G26/><T11/><D52/><U109/><E109/><V51/><F78/><W132/><G132/><T112/><D112/><U27/><E27/><N who="2" m="16767" /><F72/><W74/><G74/><T2/><D2/><U3/><E82/><V80/><F106/><W75/><G75/><T7/><REACH who="0" step="1"/><D11/><REACH who="0" ten="292,257,219,222" step="2"/><U15/><E3/><V113/><F113/><W17/><G46/><T125/><D125/><U41/><E41/><V37/><F53/><W130/><G130/><T19/><D19/><U117/><E117/><V107/><F55/><W128/><G128/><T22/><D22/><U86/><E6/><V32/><F42/><W61/><G17/><T100/><D100/><U45/><E45/><V60/><F32/><W99/><G61/><T38/><D38/><U36/><E36/><V91/><F60/><W29/><G29/><T25/><D25/><U111/><E111/><V43/><F37/><W84/><G62/><T103/><D103/><U81/><E9/><RYUUKYOKU ba="0,1" sc="292,30,257,-10,219,-10,222,-10" hai0="7,10,12,20,21,64,66,67,89,92,95,97,102" />
</Scene>
<Scene>
<INIT seed="4,1,1,0,0,47" ten="322,247,209,212" oya="0" hai0="94,88,63,69,22,8,107,92,106,7,4,58,40" hai1="15,33,21,39,122,112,70,43,12,52,131,134,117" hai2="102,99,60,121,97,85,100,89,126,129,135,48,65" hai3="56,86,67,30,3,79,81,2,105,25,55,127,73"/><T95/><D69/><U98/><E33/><V14/><F121/><W71/><G105/><T77/><D77/><U62/><E117/><V114/><F114/><W113/><G113/><T11/><D40/><U133/><E122/><V29/><F135/><N who="1" m="51721" /><E112/><V68/><F129/><W87/><G127/><T76/><D76/><U0/><E0/><V78/><F78/><W32/><G67/><T59/><D22/><U101/><E131/><V96/><F126/><W80/><G71/><T103/><D103/><U128/><E128/><V13/><F29/><W49/><REACH who="3" step="1"/><G81/><REACH who="3" ten="322,247,209,202" step="2"/><T19/><D107/><U20/><E70/><V23/><F68/><W75/><G75/><T24/><D106/><U64/><E64/><V123/><F65/><W44/><G44/><T41/><D59/><U5/><E39/><V93/><F123/><W37/><G37/><T90/><D58/><U66/><E66/><V72/><F72/><W104/><G104/><T38/><D38/><U116/><E116/><V110/><F102/><W36/><G36/><T125/><D125/><U28/><E101/><V17/><F100/><W9/><G9/><T54/><D11/><U31/><E31/><V57/><F57/><W34/><G34/><T84/><D8/><U108/><E28/><V109/><F109/><W118/><G118/><T51/><D94/><U18/><E108/><V42/><F110/><W83/><G83/><T130/><D92/><U91/><E5/><V124/><F124/><W61/><G61/><T115/><D4/><U10/><E62/><V111/><F60/><W35/><G35/><T82/><D63/><RYUUKYOKU ba="1,2" sc="322,-10,247,-10,209,-10,202,30" hai3="2,3,25,30,32,49,55,56,73,79,80,86,87" />
</Scene>
<Scene>
<INIT seed="5,2,2,2,3,76" ten="312,237,199,232" oya="1" hai0="8,80,15,133,44,4,46,1,12,52,57,119,111" hai1="93,48,62,135,30,60,104,86,31,25,100,84,88" hai2="16,110,34,102,74,28,105,116,107,58,75,19,89" hai3="67,96,103,13,123,50,14,9,131,41,27,94,118"/><U20/><E135/><V78/><F110/><W5/><G123/><T53/><D111/><U129/><E129/><V2/><F2/><W70/><G131/><T127/><D119/><U18/><E104/><V65/><F116/><W33/><G118/><T115/><D133/><U64/><E100/><V134/><F134/><W124/><G124/><T17/><D127/><U21/><E48/><V51/><F28/><W69/><G67/><T79/><D115/><U54/><E54/><V37/><F34/><W106/><G106/><T108/><D108/><U98/><E31/><V91/><F37/><W42/><G33/><T109/><D109/><U6/><E6/><V36/><F36/><W68/><G27/><T121/><D121/><U97/><E84/><V72/><F78/><W126/><G126/><T132/><D132/><U114/><E114/><V101/><F51/><W29/><G29/><T82/><D1/><U3/><E3/><V56/><REACH who="2" step="1"/><F74/><REACH who="2" ten="312,237,189,232" step="2"/><W83/><G50/><N who="0" m="28759" /><D79/><U11/><E62/><V130/><F130/><W63/><G63/><N who="0" m="36271" /><D44/><U66/><E60/><V95/><F95/><W55/><G94/><T23/><AGARI ba="2,3" hai="4,8,12,15,17,23,80,82" m="36271,28759" machi="23" ten="30,7900,0" yaku="8,1,52,2,54,1" doraHai="76" who="0" fromWho="0" sc="312,115,237,-41,189,-22,232,-22" />
</Scene>
<Scene>
<INIT seed="6,0,0,5,0,52" ten="427,196,167,210" oya="2" hai0="65,20,79,98,88,128,35,10,103,57,27,28,12" hai1="56,107,96,63,66,113,14,42,91,121,86,90,38" hai2="71,60,30,122,119,17,5,102,3,127,89,126,81" hai3="49,36,108,106,100,97,31,26,48,104,6,129,115"/><V72/><F122/><W1/><G108/><T45/><D128/><U110/><E110/><V74/><F119/><W32/><G129/><T21/><D79/><U51/><E121/><V9/><F30/><W16/><G36/><T105/><D45/><U123/><E123/><V41/><F41/><W8/><G106/><T62/><D88/><U124/><E124/><N who="2" m="47659" /><F102/><W87/><G115/><T135/><D135/><U120/><E120/><V80/><F17/><AGARI ba="0,0" hai="10,12,17,20,21,27,28,35,57,62,65,98,103,105" machi="17" ten="30,2000,0" yaku="7,1,52,1" doraHai="52" who="0" fromWho="2" sc="427,20,196,0,167,-20,210,0" />
</Scene>
<Scene>
<INIT seed="7,0,0,1,4,116" ten="447,196,147,210" oya="3" hai0="68,7,113,97,20,120,30,2,5,43,95,123,73" hai1="66,65,14,103,128,55,1,99,101,91,12,88,111" hai2="122,104,76,0,106,49,126,22,124,34,119,69,89" hai3="61,32,74,18,36,81,127,135,100,23,3,39,29"/><W129/><G3/><T83/><D68/><U67/><E1/><V75/><F34/><W92/><G127/><N who="2" m="48681" /><F69/><W10/><G32/><T93/><D43/><U77/><E111/><V48/><F0/><W38/><G129/><T51/><D51/><N who="2" m="19530" /><F89/><N who="1" m="34377" /><E128/><V79/><F22/><W24/><G135/><T118/><D113/><U33/><E33/><V56/><F56/><W80/><G74/><T46/><D20/><U21/><E55/><V6/><F6/><W35/><G10/><T62/><D62/><U133/><E133/><V71/><F71/><W50/><G50/><T85/><D85/><U114/><E114/><V16/><F119/><W37/><N who="3" m="9728" /><DORA hai="117" /><W105/><G61/><T125/><D30/><U9/><E77/><N who="2" m="29771" /><F16/><W107/><G35/><T31/><D83/><U115/><E115/><V11/><F11/><W53/><G29/><T132/><D97/><U17/><E99/><V109/><F109/><W130/><G130/><T8/><D93/><U4/><AGARI ba="0,0" hai="4,9,12,14,17,21,65,66,67,101,103" m="34377" machi="4" ten="30,2000,0" yaku="8,1,54,1" doraHai="116,117" who="1" fromWho="1" sc="447,-5,196,20,147,-5,210,-10" owari="442,54.0,216,2.0,142,-36.0,200,-20.0" />
</Scene>
</mjloggm>