<mjloggm ver="2.3"><GO type="169" lobby="0"/><UN n0="%E9%BB%92%6D%61%72%61" n1="%48%41%2D%52%55" n2="%E5%A4%AA%E3%81%8F%E3%81%AA%E3%81%84%E3%81%8A" n3="%E3%81%84%E3%81%B5%E3%81%84%E3%82%80" dan="16,16,18,16" rate="2125.70,2083.89,2155.55,2056.42" sx="M,M,F,M"/><TAIKYOKU oya="0"/>

<Scene>
<INIT seed="0,0,0,5,2,90" ten="250,250,250,250" oya="0" hai0="109,89,67,131,96,119,101,103,52,115,86,27,69" hai1="41,4,38,72,7,99,76,130,47,84,73,19,54" hai2="102,45,127,40,44,43,50,91,70,34,14,71,114" hai3="106,118,17,120,39,117,100,13,60,66,104,79,49"/><T25/><D119/><U35/><E35/><V132/><F114/><W93/><G39/><T21/><D115/><U28/><E28/><V85/><F34/><W58/><G120/><T6/><D131/><U36/><E130/><V65/><F127/><W9/><G79/><T26/><D109/><U108/><E76/><V32/><F32/><W116/><G49/><T0/><D6/><U97/><E84/><V22/><F132/><W112/><G112/><T11/><D0/><U95/><E47/><V110/><F110/><W82/><REACH who="3" step="1"/><G82/><REACH who="3" ten="250,250,250,240" step="2"/><T88/><D69/><U48/><E48/><V94/><F70/><W121/><G121/><T46/><D67/><U125/><E38/><V123/><F123/><W2/><G2/><T111/><D111/><U81/><E36/><V59/><F50/><W20/><G20/><T68/><D68/><U105/><E81/><V61/><F71/><W3/><G3/><T80/><D11/><U10/><E10/><V57/><F22/><W37/><G37/><T31/><D21/><U5/><E108/><V64/><F64/><W92/><G92/><N who="0" m="56335" /><D31/><U18/><E105/><V122/><F122/><W113/><G113/><T55/><D46/><U1/><E1/><V135/><F45/><W128/><G128/><T87/><D87/><U8/><E8/><V15/><F44/><W129/><G129/><T83/><D83/><U98/><E73/><V29/><F29/><W133/><G133/><T23/><D23/><U42/><E72/><V78/><F135/><W74/><G74/><T126/><D126/><U77/><E125/><V134/><F134/><RYUUKYOKU ba="0,1" sc="250,15,250,-15,250,-15,240,15" hai0="25,26,27,52,55,80,86,88,101,103" hai3="9,13,17,58,60,66,93,100,104,106,116,117,118" />
</Scene>
<Scene>
<INIT seed="0,1,1,2,1,106" ten="265,235,235,255" oya="0" hai0="57,72,51,5,74,69,116,11,117,31,10,32,35" hai1="121,34,26,134,102,2,40,97,93,64,62,16,128" hai2="83,6,120,68,119,67,38,135,52,39,9,108,49" hai3="7,104,58,131,92,66,75,129,114,110,115,70,21"/><T77/><D77/><U19/><E121/><V78/><F120/><W3/><G58/><T60/><D31/><U20/><E2/><V36/><F108/><W15/><G110/><T81/><D81/><U126/><E34/><N who="0" m="12841" /><D57/><N who="1" m="36943" /><E126/><V56/><F135/><W123/><G123/><T88/><D88/><N who="1" m="55463" /><E134/><V122/><F122/><W41/><G3/><N who="0" m="319" /><D11/><U30/><E128/><V48/><F9/><W24/><G92/><T96/><D51/><U91/><E102/><V53/><F6/><W127/><G7/><T73/><D96/><U42/><E91/><V37/><F37/><W90/><G90/><T125/><D125/><U44/><E44/><N who="2" m="27655" /><F78/><W95/><G127/><T59/><D59/><U111/><E111/><V13/><F83/><W80/><G80/><T29/><D29/><U130/><E130/><V4/><F4/><W63/><G95/><T87/><D87/><U133/><E133/><V94/><F94/><W132/><G132/><T98/><D98/><U76/><E76/><V118/><F13/><W65/><G15/><T124/><D124/><U101/><E101/><V45/><F45/><W79/><G79/><T14/><D14/><U54/><E54/><V12/><F12/><W17/><G129/><T46/><D46/><U71/><E71/><V43/><F43/><AGARI ba="1,1" hai="16,19,20,26,30,40,42,43" m="55463,36943" machi="43" ten="30,3900,0" yaku="8,1,54,2" doraHai="106" who="1" fromWho="2" sc="265,0,235,52,235,-42,255,0" />
</Scene>
<Scene>
<INIT seed="1,0,0,1,2,26" ten="265,287,193,255" oya="1" hai0="91,98,130,72,33,36,5,135,10,103,52,30,71" hai1="124,2,35,128,45,75,82,18,64,123,55,28,92" hai2="62,51,16,74,59,12,105,132,126,111,46,50,84" hai3="90,121,113,60,77,66,40,22,109,42,48,114,96"/><U87/><E123/><V13/><F74/><W37/><G121/><T29/><D33/><U118/><E118/><V125/><F105/><W100/><G37/><T122/><D36/><U38/><E2/><V79/><F111/><W89/><G109/><T101/><D71/><U23/><E75/><V83/><F132/><W14/><G77/><T120/><D135/><U80/><E64/><V7/><F7/><W127/><G127/><N who="2" m="48649" /><F46/><W81/><G42/><T106/><D72/><U104/><E104/><V43/><F43/><W41/><G40/><T76/><D76/><U20/><E35/><V32/><F32/><W95/><G41/><T34/><D34/><U78/><E38/><V31/><F31/><N who="0" m="11786" /><D130/><U44/><E128/><V1/><F1/><W8/><G113/><T39/><D39/><U57/><E124/><V117/><F13/><W4/><G14/><N who="0" m="5455" /><D120/><U6/><E78/><V65/><F117/><W119/><G119/><T116/><D122/><U97/><E6/><V3/><F3/><W61/><G4/><T73/><D116/><U25/><E23/><AGARI ba="0,0" hai="12,16,23,50,51,59,62,65,79,83,84" m="48649" machi="23" ten="30,2000,0" yaku="18,1,54,1" doraHai="26" who="2" fromWho="1" sc="265,0,287,-20,193,20,255,0" />
</Scene>
<Scene>
<INIT seed="2,0,0,3,1,47" ten="265,267,213,255" oya="2" hai0="6,0,122,37,17,133,4,81,73,67,52,48,31" hai1="8,51,60,33,121,77,70,115,135,110,95,74,127" hai2="113,96,86,39,72,16,90,119,34,5,101,120,27" hai3="111,69,65,123,22,25,1,64,59,36,43,42,125"/><V20/><F113/><W92/><G1/><T83/><D37/><U85/><E115/><V79/><F119/><W130/><G69/><T7/><D122/><U10/><E33/><V131/><F120/><W107/><G107/><T61/><D133/><U114/><E114/><V100/><F39/><W104/><G104/><T112/><D112/><U98/><E74/><V66/><F131/><W3/><G3/><T97/><D31/><U14/><E135/><V93/><F34/><W55/><G36/><T124/><D124/><U13/><E127/><V82/><F5/><W132/><G130/><T84/><D97/><U44/><E70/><V106/><F100/><W105/><G105/><T18/><D0/><U12/><E60/><V49/><F66/><W102/><G123/><T50/><D73/><U28/><E28/><V63/><F63/><W62/><G125/><T99/><D99/><U46/><E46/><V38/><F38/><W29/><G132/><T11/><D11/><U26/><E26/><V118/><F118/><W41/><G111/><T57/><D81/><N who="1" m="47279" /><E110/><V80/><F80/><W23/><G23/><T128/><D128/><U88/><E121/><V24/><F49/><N who="0" m="19050" /><D67/><U32/><E32/><V116/><F116/><W76/><G64/><T108/><D108/><U117/><E117/><V15/><AGARI ba="0,0" hai="15,16,20,24,27,72,79,82,86,90,93,96,101,106" machi="15" ten="20,12000,1" yaku="0,1,7,1,24,2,54,1" doraHai="47" who="2" fromWho="2" sc="265,-40,267,-40,213,120,255,-40" />
</Scene>
<Scene>
<INIT seed="2,1,0,2,2,76" ten="225,227,333,215" oya="2" hai0="60,85,134,82,55,7,46,65,114,107,99,80,15" hai1="31,116,67,75,30,73,20,122,8,119,121,104,27" hai2="96,34,84,129,69,61,29,125,28,41,38,98,106" hai3="26,40,105,35,14,88,24,57,92,23,9,37,102"/><V16/><F38/><W12/><G105/><T48/><D114/><U0/><E104/><V42/><F129/><W86/><G102/><T5/><D134/><U6/><E67/><N who="2" m="41199" /><F98/><W50/><G37/><T77/><D99/><U47/><E47/><V25/><F29/><W71/><G71/><T109/><D107/><U54/><E54/><V126/><F84/><W130/><G35/><T44/><D44/><U133/><E73/><V103/><F16/><N who="3" m="10647" /><G130/><T72/><D15/><U22/><E75/><V113/><F113/><W83/><G92/><T51/><D51/><U39/><E39/><V81/><F81/><W19/><G40/><AGARI ba="1,0" hai="25,28,34,40,41,42,96,103,106,125,126" m="41199" machi="40" ten="30,1500,0" yaku="25,1" doraHai="76" who="2" fromWho="3" sc="225,0,227,0,333,18,215,-18" />
</Scene>
<Scene>
<INIT seed="2,2,0,5,3,104" ten="225,227,351,197" oya="2" hai0="76,120,134,41,111,92,108,118,99,17,5,29,97" hai1="112,116,125,30,121,47,107,123,90,70,131,117,42" hai2="110,54,50,1,102,11,129,67,133,55,44,73,64" hai3="15,77,122,20,79,69,12,37,18,106,6,126,36"/><V60/><F102/><W72/><G106/><T80/><D120/><N who="1" m="46155" /><E30/><V38/><F1/><W61/><G122/><T0/><D118/><N who="1" m="45675" /><E107/><V130/><F11/><W56/><G69/><T39/><D134/><U74/><E90/><V88/><F133/><W114/><G77/><T49/><D29/><U4/><E4/><V87/><F38/><W28/><G28/><T3/><D17/><U22/><E22/><V35/><F35/><W109/><G126/><T113/><D113/><U7/><E7/><V63/><F73/><W26/><G114/><T9/><D3/><U101/><E101/><V100/><F100/><W91/><G91/><N who="0" m="55455" /><D49/><N who="1" m="26871" /><E74/><V127/><F88/><W75/><G6/><T2/><D99/><U68/><E112/><V19/><F19/><W51/><G72/><N who="0" m="43015" /><D2/><U128/><E125/><V95/><F127/><W57/><G18/><T94/><D94/><U81/><E81/><V10/><F95/><W53/><G75/><T46/><AGARI ba="2,0" hai="0,5,9,39,41,46,108,111" m="43015,55455" machi="46" ten="30,2000,0" yaku="25,1,52,1" doraHai="104" who="0" fromWho="0" sc="225,26,227,-7,351,-12,197,-7" />
</Scene>
<Scene>
<INIT seed="3,0,0,1,4,101" ten="251,220,339,190" oya="3" hai0="117,56,99,58,90,115,121,41,36,79,31,78,51" hai1="33,5,19,77,49,84,30,89,28,34,39,20,67" hai2="22,80,93,107,7,55,17,4,75,94,32,15,76" hai3="59,72,2,47,0,130,120,114,96,45,100,12,43"/><W40/><G72/><T38/><D117/><U10/><E39/><V118/><F118/><W124/><G124/><T13/><D121/><U123/><E123/><V27/><F107/><W57/><G120/><T21/><D115/><U64/><E77/><V129/><F129/><W62/><G130/><T110/><D110/><U106/><E34/><V128/><F128/><W105/><G114/><T133/><D133/><U9/><E106/><V92/><F55/><W88/><G12/><T74/><D74/><U61/><E49/><V102/><F102/><W86/><G57/><T135/><D135/><U125/><E125/><V126/><F126/><W104/><G104/><T65/><D36/><U85/><E84/><V132/><F132/><W119/><G119/><T23/><D38/><U8/><E5/><V97/><F97/><W44/><G2/><T112/><D112/><U35/><E35/><V29/><AGARI ba="0,0" hai="4,7,15,17,22,27,29,32,75,76,80,92,93,94" machi="29" ten="30,1100,0" yaku="0,1" doraHai="101" who="2" fromWho="2" sc="251,-3,220,-3,339,11,190,-5" />
</Scene>
<Scene>
<INIT seed="4,0,0,1,4,12" ten="248,217,350,185" oya="0" hai0="95,74,55,73,56,99,59,50,63,10,132,20,94" hai1="45,105,17,23,32,53,87,7,124,100,129,69,110" hai2="81,71,93,84,127,121,65,112,66,16,54,35,115" hai3="58,107,92,80,14,31,78,119,118,29,104,116,36"/><T83/><D132/><U64/><E32/><V61/><F121/><W89/><G36/><T24/><D10/><U126/><E110/><V18/><F35/><W120/><G120/><T103/><D83/><U52/><E7/><V46/><F127/><N who="1" m="48681" /><E129/><V75/><F75/><W42/><G42/><T5/><D5/><U96/><E45/><V67/><F93/><W85/><G58/><T44/><D59/><U114/><E114/><N who="2" m="43563" /><F71/><W77/><G77/><T91/><D103/><U76/><E76/><N who="2" m="46119" /><F61/><W34/><G34/><T19/><REACH who="0" step="1"/><D95/><REACH who="0" ten="238,217,350,185" step="2"/><U2/><E100/><V123/><F123/><W8/><G107/><T108/><D108/><U37/><E105/><V117/><F117/><W13/><G104/><T109/><D109/><U128/><E69/><V47/><F47/><W39/><G92/><T125/><D125/><U133/><E133/><V131/><F131/><W70/><G70/><T122/><D122/><U15/><E128/><V98/><F98/><W90/><G80/><T28/><D28/><U101/><E101/><V60/><F46/><W88/><G118/><T130/><D130/><U1/><E96/><V33/><F67/><AGARI ba="0,1" hai="19,20,24,44,50,55,56,63,67,73,74,91,94,99" machi="67" ten="30,11600,0" yaku="1,1,7,1,52,1,53,1" doraHai="12" doraHaiUra="51" who="0" fromWho="2" sc="238,126,217,0,350,-116,185,0" />
</Scene>
<Scene>
<INIT seed="4,1,0,0,3,56" ten="364,217,234,185" oya="0" hai0="47,118,15,103,90,19,26,41,50,13,92,73,99" hai1="7,107,115,44,37,59,104,71,29,112,42,6,22" hai2="61,53,40,43,130,25,5,84,63,4,96,134,121" hai3="30,85,122,127,46,18,110,57,77,54,128,135,80"/><T111/><D118/><U10/><E71/><V49/><F121/><W17/><G122/><T123/><D123/><U31/><E7/><N who="2" m="2635" /><F134/><W93/><G135/><T36/><D73/><U33/><E33/><V28/><F130/><W11/><G128/><T23/><D111/><U78/><E78/><V98/><F84/><W133/><G110/><T21/><D36/><U131/><E131/><V69/><F69/><W108/><G108/><T35/><D35/><U64/><E104/><V55/><F25/><W117/><G117/><T9/><D15/><N who="1" m="5591" /><E22/><V132/><F28/><W8/><G30/><T65/><D65/><U24/><E24/><V89/><F132/><W51/><G133/><T106/><REACH who="0" step="1"/><D26/><REACH who="0" ten="354,217,234,185" step="2"/><U20/><E64/><V75/><F75/><W86/><G77/><T39/><D39/><U102/><E37/><V1/><F1/><W16/><G11/><T119/><D119/><U83/><E20/><V74/><F74/><W129/><G8/><T113/><D113/><U32/><E32/><V87/><F40/><W52/><G129/><T95/><D95/><U91/><E112/><V97/><F43/><W2/><G93/><T38/><D38/><U3/><E115/><V68/><F55/><W72/><G72/><T60/><D60/><U70/><E42/><V114/><F114/><W62/><G54/><T48/><D48/><U120/><E120/><V76/><F49/><W126/><G62/><N who="2" m="23561" /><F53/><W101/><G51/><T109/><D109/><U79/><E70/><V12/><F68/><W67/><G52/><T81/><D81/><U0/><E83/><N who="2" m="47591" /><F12/><W27/><G80/><RYUUKYOKU ba="1,1" sc="354,15,217,-15,234,15,185,-15" hai0="9,13,19,21,23,41,47,50,90,92,99,103,106" hai2="89,96,97,98" />
</Scene>
<Scene>
<INIT seed="4,2,1,2,5,96" ten="369,202,249,170" oya="0" hai0="133,28,97,13,53,25,83,8,79,34,135,134,52" hai1="22,99,15,103,47,88,66,64,23,111,71,129,26" hai2="44,116,7,56,20,82,120,14,33,72,78,85,32" hai3="49,62,10,55,87,46,6,91,48,59,19,114,131"/><T63/><D63/><U39/><E111/><V60/><F120/><W115/><G19/><N who="0" m="8615" /><D97/><U128/><E15/><V80/><F116/><W74/><G74/><AGARI ba="2,1" hai="25,28,34,52,53,74,79,83,133,134,135" m="8615" machi="74" ten="30,2900,0" yaku="20,1,54,1" doraHai="96" who="0" fromWho="3" sc="369,45,202,0,249,0,170,-35" />
</Scene>
<Scene>
<INIT seed="4,3,0,1,2,5" ten="414,202,249,135" oya="0" hai0="75,21,99,123,40,29,114,20,15,103,79,129,68" hai1="121,100,3,107,117,50,43,76,1,101,98,73,6" hai2="27,86,26,30,49,39,22,133,113,130,32,83,7" hai3="71,42,81,34,4,135,57,44,85,127,31,38,119"/><T35/><D123/><U93/><E121/><V56/><F39/><W116/><G71/><T24/><D68/><U59/><E117/><V23/><F113/><W69/><G69/><T45/><D129/><U95/><E3/><V25/><F130/><W70/><G70/><T66/><D114/><U97/><E73/><V90/><F133/><W122/><G135/><T82/><D15/><U65/><E76/><V28/><F7/><W118/><G122/><T104/><REACH who="0" step="1"/><D66/><REACH who="0" ten="404,202,249,135" step="2"/><U13/><E65/><V134/><F134/><W12/><G12/><T16/><D16/><U53/><E1/><V8/><F30/><W115/><G115/><T96/><D96/><U106/><E107/><V0/><F28/><W17/><G17/><T10/><D10/><N who="1" m="4311" /><E106/><V77/><F8/><W89/><G31/><T111/><D111/><U51/><E43/><V128/><F128/><W109/><G109/><T110/><D110/><U48/><AGARI ba="3,1" hai="48,50,51,53,59,93,95,97,98,100,101" m="4311" machi="48" ten="30,2000,0" yaku="8,1,52,1" doraHai="5" who="1" fromWho="1" sc="404,-13,202,39,249,-8,135,-8" />
</Scene>
<Scene>
<INIT seed="5,0,0,5,3,73" ten="391,241,241,127" oya="1" hai0="1,36,78,61,85,83,114,41,118,59,27,121,100" hai1="110,14,115,67,40,24,101,94,13,126,55,125,51" hai2="87,113,7,47,46,90,2,18,76,111,105,26,74" hai3="123,6,117,119,96,64,38,93,33,124,108,3,12"/><U21/><E115/><V22/><F111/><W45/><G33/><T30/><D118/><U34/><E34/><V15/><F105/><W70/><G108/><T65/><D1/><U23/><E110/><V132/><F2/><W44/><G3/><T53/><D114/><U79/><E67/><V63/><F113/><W120/><G64/><T133/><D121/><U109/><E109/><V71/><F132/><W19/><G70/><T99/><D133/><U16/><E40/><V60/><F74/><W122/><G6/><T49/><D36/><U89/><E101/><V77/><F71/><W62/><G62/><N who="2" m="23593" /><F7/><W11/><G124/><N who="1" m="47722" /><E79/><N who="2" m="30283" /><F26/><W134/><G134/><T28/><D41/><U102/><E102/><V112/><F112/><W69/><G69/><T84/><D27/><U37/><E37/><V135/><F135/><W25/><G38/><T17/><D85/><N who="1" m="52527" /><E23/><V82/><AGARI ba="0,0" hai="15,18,22,46,47,82,87,90" m="30283,23593" machi="82" ten="30,7900,0" yaku="8,1,52,3" doraHai="73" who="2" fromWho="2" sc="391,-20,241,-39,241,79,127,-20" />
</Scene>
<Scene>
<INIT seed="6,0,0,5,2,13" ten="371,202,320,107" oya="2" hai0="74,10,26,49,124,41,47,33,81,113,90,36,134" hai1="43,109,76,110,17,25,83,75,100,91,35,57,89" hai2="19,30,99,121,16,37,111,135,122,42,63,22,68" hai3="45,87,88,78,126,129,103,55,105,32,95,51,48"/><V101/><F30/><W104/><G32/><T93/><D124/><U82/><E43/><V5/><F5/><W71/><G71/><T108/><D108/><U67/><E100/><V0/><F0/><W102/><G126/><T1/><D134/><U11/><E35/><V64/><F111/><W127/><G127/><T115/><D26/><U50/><E67/><V4/><F4/><W53/><G129/><T54/><D33/><U29/><E29/><V119/><F119/><W79/><G105/><T72/><D81/><U31/><E31/><V66/><F135/><W92/><G104/><T9/><D9/><U46/><E46/><V21/><F66/><W132/><G132/><T28/><D28/><U112/><E112/><N who="0" m="43081" /><D10/><U20/><E11/><V24/><F42/><W27/><G27/><T84/><D1/><U123/><E123/><V62/><F62/><W3/><G3/><T106/><D106/><U131/><E131/><V44/><F44/><AGARI ba="0,0" hai="36,41,44,47,49,54,72,74,84,90,93" m="43081" machi="44" ten="30,1000,0" yaku="15,1" doraHai="13" who="0" fromWho="2" sc="371,10,202,0,320,-10,107,0" />
</Scene>
<Scene>
<INIT seed="7,0,0,1,2,83" ten="381,202,310,107" oya="3" hai0="81,4,10,29,40,71,132,134,35,39,33,11,38" hai1="49,109,9,127,62,45,92,75,34,102,19,100,28" hai2="31,101,56,96,86,76,99,25,126,2,36,94,30" hai3="64,46,129,16,104,114,17,70,73,15,131,118,60"/><W41/><G73/><T117/><D117/><U106/><E109/><V21/><F2/><W95/><G104/><T123/><D123/><U80/><E106/><V68/><F68/><W65/><G118/><T63/><D81/><U26/><E127/><V87/><F36/><W121/><G121/><T72/><D72/><U23/><E62/><V110/><F110/><W3/><G3/><T14/><D11/><U103/><E9/><V128/><F126/><W93/><G65/><N who="0" m="41407" /><D29/><U54/><E92/><N who="2" m="58503" /><F76/><W135/><G135/><N who="0" m="51755" /><D40/><U8/><E8/><V53/><F31/><W5/><G5/><T24/><D24/><U6/><E6/><V79/><F79/><W88/><G93/><T105/><D105/><U108/><E108/><V37/><F37/><AGARI ba="0,0" hai="4,10,14,33,35,37,38,39" m="51755,41407" machi="37" ten="30,1000,0" yaku="20,1" doraHai="83" who="0" fromWho="2" sc="381,10,202,0,310,-10,107,0" owari="391,49.0,202,-20.0,300,10.0,107,-39.0" />
</Scene>
</mjloggm>