<mjloggm ver="2.3"><GO type="169" lobby="0"/><UN n0="%EF%BC%8D%72%69%6D%75%EF%BC%8D" n1="%E5%A4%AA%E3%81%8F%E3%81%AA%E3%81%84%E3%81%8A" n2="%EF%BC%88%63%72%6F%73%73%EF%BC%89" n3="%E6%9C%AC%E7%89%A9%E5%A5%B3%E5%AD%90%E9%AB%98%E7%94%9F" dan="16,18,16,17" rate="2108.61,2221.59,2071.08,2182.29" sx="M,F,M,F"/><TAIKYOKU oya="0"/>

<Scene>
<INIT seed="0,0,0,0,0,82" ten="250,250,250,250" oya="0" hai0="15,61,44,91,55,128,99,98,37,120,30,94,14" hai1="64,93,4,97,34,123,105,0,101,122,47,60,20" hai2="104,35,78,52,21,85,89,48,65,86,87,88,63" hai3="8,56,18,124,90,74,59,29,57,72,95,114,49"/><T24/><D120/><U76/><E76/><V92/><F35/><W9/><G114/><T66/><D128/><U28/><E20/><V45/><F104/><W40/><G124/><T115/><D115/><U5/><E47/><V84/><F21/><W32/><G32/><T31/><D99/><U79/><E79/><V108/><F108/><W27/><G29/><T117/><D117/><U53/><E53/><V42/><F42/><W102/><G102/><T130/><D130/><U116/><E116/><V125/><F125/><W126/><G72/><T70/><D31/><U68/><E93/><V100/><F78/><W3/><G74/><T17/><D17/><U109/><E109/><V96/><REACH who="2" step="1"/><F87/><REACH who="2" ten="250,250,240,250" step="2"/><W54/><G40/><T23/><D37/><U127/><E127/><V16/><F16/><W113/><G126/><T118/><D118/><U38/><E38/><V12/><F12/><W2/><G2/><T106/><D106/><U119/><E119/><V33/><F33/><W46/><G3/><T73/><D73/><U13/><E13/><V107/><F107/><W43/><G113/><T83/><D14/><U110/><E110/><V11/><F11/><N who="3" m="4171" /><G43/><T134/><D15/><U121/><REACH who="1" step="1"/><E0/><REACH who="1" ten="250,240,240,250" step="2"/><V103/><F103/><W133/><G27/><AGARI ba="0,2" hai="4,5,27,28,34,60,64,68,97,101,105,121,122,123" machi="27" ten="40,8000,1" yaku="1,1,2,1,25,2,53,0" doraHai="82" doraHaiUra="41" who="1" fromWho="3" sc="250,0,240,100,240,0,250,-80" />
</Scene>
<Scene>
<INIT seed="1,0,0,1,2,74" ten="250,340,240,170" oya="1" hai0="51,81,32,91,105,86,89,90,0,52,67,23,92" hai1="119,85,125,41,47,128,53,61,34,109,66,75,88" hai2="131,106,4,83,130,112,94,134,76,65,114,30,59" hai3="78,7,99,129,58,73,126,56,117,121,135,27,60"/><U46/><E119/><V21/><F4/><W12/><G121/><T8/><D32/><U132/><E34/><V97/><F106/><W72/><G126/><T2/><D105/><U79/><E125/><V1/><F1/><W108/><G108/><T14/><D67/><U13/><E128/><N who="2" m="49195" /><F21/><W29/><G129/><T15/><D23/><U80/><E132/><V25/><F134/><W93/><G135/><T50/><D50/><U57/><E109/><V42/><F42/><W19/><G7/><T104/><D104/><U115/><E115/><N who="2" m="44075" /><F59/><W24/><G56/><T96/><D90/><U69/><E13/><V48/><F48/><W71/><G71/><T9/><D15/><U43/><E43/><V39/><F65/><W26/><G117/><T37/><D37/><U40/><E40/><V20/><F39/><W118/><G118/><T10/><REACH who="0" step="1"/><D14/><REACH who="0" ten="240,340,240,170" step="2"/><U124/><E124/><V5/><F5/><W3/><G3/><T35/><D35/><U102/><E66/><V68/><F68/><W17/><G12/><T113/><D113/><U28/><E69/><V100/><F83/><W31/><G31/><T11/><N who="0" m="2048" /><DORA hai="70" /><T101/><D101/><U127/><E102/><V133/><F133/><W103/><G29/><T84/><D84/><U62/><E127/><V22/><F22/><W64/><REACH who="3" step="1"/><G72/><REACH who="3" ten="240,340,240,160" step="2"/><T63/><D63/><N who="1" m="36271" /><E28/><V55/><F30/><W82/><AGARI ba="0,2" hai="17,19,24,26,27,58,60,64,73,78,82,93,99,103" machi="82" ten="30,4000,0" yaku="1,1,0,1,52,1,53,0" doraHai="74,70" doraHaiUra="36,87" who="3" fromWho="3" sc="240,-10,340,-20,240,-10,160,60" />
</Scene>
<Scene>
<INIT seed="2,0,0,5,0,128" ten="230,320,230,220" oya="2" hai0="58,74,31,40,29,25,6,33,54,32,66,44,87" hai1="103,9,82,64,94,57,86,60,127,37,2,125,34" hai2="96,129,122,3,124,130,41,56,105,19,135,23,98" hai3="108,83,43,8,123,53,81,131,51,16,91,118,5"/><V61/><F3/><W18/><G118/><T89/><D74/><U113/><E113/><V88/><F122/><W52/><G123/><T65/><D6/><N who="1" m="1239" /><E37/><V28/><F28/><W39/><G131/><N who="2" m="50185" /><F41/><W69/><G69/><T50/><D31/><U7/><E7/><V95/><F124/><N who="1" m="47689" /><E34/><V126/><F126/><W71/><G71/><T97/><D97/><N who="1" m="59831" /><E86/><N who="2" m="52631" /><F105/><W4/><G39/><T116/><D116/><U48/><E48/><V115/><F115/><W63/><G51/><T46/><D33/><U93/><E93/><V21/><F21/><W117/><G117/><T85/><D46/><U101/><E101/><V12/><F135/><W72/><G72/><T30/><D30/><U20/><E20/><V59/><F59/><W47/><G47/><T67/><REACH who="0" step="1"/><D89/><REACH who="0" ten="220,320,230,220" step="2"/><U77/><E77/><V132/><F132/><W55/><G91/><T17/><D17/><U90/><E90/><V92/><F92/><W38/><G16/><T100/><D100/><U110/><E82/><V14/><F14/><W27/><G81/><T45/><D45/><U73/><E73/><V11/><F23/><W68/><G83/><T15/><D15/><U0/><E0/><V112/><F112/><W26/><G4/><T62/><AGARI ba="0,1" hai="25,29,32,40,44,50,54,58,62,65,66,67,85,87" machi="62" ten="30,2000,0" yaku="1,1,0,1,53,0" doraHai="128" doraHaiUra="134" who="0" fromWho="0" sc="220,30,320,-5,230,-10,220,-5" />
</Scene>
<Scene>
<INIT seed="3,0,0,3,4,134" ten="250,315,220,215" oya="3" hai0="2,3,116,97,53,49,13,86,40,48,92,94,28" hai1="104,20,82,130,27,117,71,34,121,61,111,90,11" hai2="123,8,31,57,103,80,10,131,108,17,101,128,32" hai3="60,36,102,122,0,18,79,110,52,64,59,74,95"/><W81/><G0/><T119/><D28/><U66/><E121/><V99/><F123/><W5/><G122/><T35/><D35/><U84/><E104/><V4/><F108/><W77/><G36/><T42/><D13/><U124/><E111/><V75/><F17/><W114/><G114/><T14/><D14/><U113/><E113/><V15/><F10/><W69/><G110/><T33/><D33/><U37/><E37/><V56/><F101/><W12/><G5/><T44/><D86/><U85/><E34/><V24/><F80/><W30/><G30/><T126/><D44/><U112/><E112/><V89/><F89/><W73/><G102/><T67/><D53/><U46/><E11/><V45/><F45/><W100/><G100/><T51/><D67/><U6/><E6/><V127/><F75/><W19/><G95/><T55/><D55/><U21/><E46/><V83/><F83/><W78/><G19/><T39/><D39/><U63/><E66/><V23/><F32/><W26/><G26/><T115/><D115/><U16/><E16/><V96/><F99/><W91/><G91/><T70/><D70/><U106/><E71/><V107/><F57/><W98/><G98/><T58/><D58/><U118/><E90/><V88/><F56/><W65/><G73/><T93/><D97/><U43/><E27/><V7/><F88/><W22/><G64/><T1/><REACH who="0" step="1"/><D126/><REACH who="0" ten="240,315,220,215" step="2"/><U76/><E124/><V25/><F127/><W125/><G125/><T9/><D9/><U68/><E85/><V135/><F7/><W132/><G132/><T109/><D109/><RYUUKYOKU ba="0,1" sc="240,15,315,-15,220,-15,215,15" hai0="1,2,3,40,42,48,49,51,92,93,94,116,119" hai3="12,18,22,52,59,60,65,69,74,77,78,79,81" />
</Scene>
<Scene>
<INIT seed="3,1,1,0,0,4" ten="255,300,205,230" oya="3" hai0="71,23,116,34,60,128,59,99,73,127,29,102,62" hai1="33,122,43,76,72,54,38,80,104,63,32,21,64" hai2="105,70,130,134,1,22,50,58,103,87,57,25,109" hai3="49,77,45,115,135,111,52,117,125,67,85,98,9"/><W112/><G117/><T88/><D73/><U18/><E122/><V68/><F1/><W17/><G115/><T131/><D116/><U132/><E104/><V10/><F105/><W86/><G112/><T107/><D127/><U96/><E132/><V82/><F103/><W124/><G135/><T78/><D78/><U113/><E113/><V55/><F134/><W6/><G67/><N who="0" m="41463" /><D23/><U101/><E54/><V69/><F130/><N who="0" m="49706" /><D88/><U94/><E38/><V123/><F109/><W56/><G111/><T39/><D39/><U15/><REACH who="1" step="1"/><E43/><REACH who="1" ten="255,290,205,230" step="2"/><V24/><F123/><W0/><G125/><T89/><D107/><U90/><E90/><V97/><F55/><W30/><G124/><T40/><D89/><U93/><E93/><V118/><F118/><W12/><G77/><T61/><D40/><U84/><E84/><V28/><F87/><W42/><G98/><T100/><D99/><U51/><E51/><V35/><F50/><W92/><G92/><T2/><D61/><U95/><E95/><V8/><F97/><W19/><G30/><T27/><D102/><U66/><E66/><V5/><F82/><W41/><G41/><T20/><D100/><U74/><E74/><V37/><F37/><W48/><REACH who="3" step="1"/><G19/><REACH who="3" ten="255,290,205,220" step="2"/><T126/><D126/><U119/><E119/><V13/><F28/><W11/><AGARI ba="1,3" hai="0,6,9,11,12,17,42,45,48,49,52,56,85,86" machi="11" ten="20,18000,2" yaku="1,1,2,1,0,1,7,1,52,2,54,1,53,0" doraHai="4" doraHaiUra="121" who="3" fromWho="3" sc="255,-61,290,-61,205,-61,220,213" />
</Scene>
<Scene>
<INIT seed="3,2,0,1,1,71" ten="194,229,144,433" oya="3" hai0="22,86,127,114,62,74,84,57,7,94,37,79,8" hai1="20,130,32,56,129,55,101,80,83,67,60,98,112" hai2="110,109,64,75,26,85,38,123,47,44,59,34,1" hai3="122,89,116,104,120,48,31,87,19,99,108,135,17"/><W134/><G116/><T124/><D114/><U81/><E32/><V46/><F75/><W11/><G31/><T78/><D74/><U52/><E112/><V97/><F1/><W14/><G108/><N who="2" m="41577" /><F123/><W73/><G73/><T0/><D22/><U23/><E23/><V21/><F34/><W115/><G115/><T61/><D37/><U53/><REACH who="1" step="1"/><E20/><REACH who="1" ten="194,219,144,433" step="2"/><V24/><F21/><N who="3" m="11447" /><G122/><T125/><D125/><U92/><AGARI ba="2,1" hai="52,53,55,56,60,67,80,81,83,92,98,101,129,130" machi="92" ten="40,8000,1" yaku="1,1,0,1,54,1,53,1" doraHai="71" doraHaiUra="90" who="1" fromWho="1" sc="194,-22,219,96,144,-22,433,-42" />
</Scene>
<Scene>
<INIT seed="4,0,0,0,3,95" ten="172,315,122,391" oya="0" hai0="122,42,44,14,15,94,66,100,21,46,91,73,78" hai1="64,118,54,79,57,3,12,124,93,32,28,102,127" hai2="83,89,80,129,85,24,50,61,112,53,120,82,43" hai3="90,41,20,115,39,68,51,125,76,74,31,19,9"/><T63/><D122/><U40/><E3/><V70/><F120/><W11/><G68/><T38/><D100/><U48/><E118/><V5/><F112/><W96/><G39/><T126/><D126/><N who="1" m="48171" /><E40/><V55/><F129/><W0/><G31/><T34/><D34/><U62/><E79/><V117/><F5/><W111/><G76/><T69/><D46/><N who="1" m="27927" /><E12/><V47/><F24/><W25/><G25/><T101/><D101/><U58/><E28/><V27/><F27/><W37/><G41/><T114/><D114/><U128/><E32/><V108/><F108/><W75/><G37/><T104/><D104/><U98/><E128/><V23/><F23/><W130/><G20/><T13/><D78/><U49/><E49/><V131/><F131/><W97/><G51/><T99/><REACH who="0" step="1"/><D73/><REACH who="0" ten="162,315,122,391" step="2"/><U8/><E8/><V36/><F117/><W87/><G11/><T45/><D45/><U22/><E22/><AGARI ba="0,1" hai="13,14,15,21,22,38,42,44,63,66,69,91,94,99" machi="22" ten="40,12000,1" yaku="1,1,52,1,53,2" doraHai="95" doraHaiUra="16" who="0" fromWho="1" sc="162,130,315,-120,122,0,391,0" />
</Scene>
<Scene>
<INIT seed="4,1,0,3,1,131" ten="292,195,122,391" oya="0" hai0="16,88,13,133,128,38,9,50,56,53,2,46,25" hai1="113,61,92,39,119,110,111,66,98,122,52,91,135" hai2="120,89,107,41,24,97,125,10,33,72,94,130,63" hai3="51,65,90,132,36,99,77,70,42,71,11,121,60"/><T95/><D128/><U34/><E119/><V82/><F120/><W87/><G77/><T47/><D38/><U7/><E122/><V112/><F130/><W64/><G99/><T108/><D108/><U123/><E123/><V14/><F112/><W58/><G11/><T101/><D101/><U96/><E34/><V80/><F125/><W86/><G86/><T117/><D117/><U69/><E39/><V104/><F41/><W55/><G121/><T62/><D133/><U103/><E7/><V48/><F48/><W109/><G132/><T126/><D126/><U134/><E113/><V73/><F63/><N who="3" m="40255" /><G90/><T106/><D106/><N who="2" m="40490" /><F24/><W74/><G87/><T76/><D76/><U100/><E111/><V40/><F14/><W17/><G17/><T85/><D2/><U44/><E110/><V129/><F10/><W78/><G74/><N who="2" m="28777" /><F33/><W84/><G42/><T124/><D124/><U12/><E12/><V57/><F40/><W81/><G36/><T6/><D50/><U26/><E26/><V32/><F32/><W35/><G35/><T19/><D19/><U93/><E91/><N who="2" m="55519" /><F57/><W54/><G54/><T29/><D6/><U28/><E28/><V102/><F129/><W8/><G109/><T67/><D53/><U115/><E115/><V45/><F45/><W37/><G37/><T49/><D49/><AGARI ba="1,0" hai="44,49,52,61,66,69,92,93,96,98,100,103,134,135" machi="49" ten="40,8000,1" yaku="9,1,52,2,54,1" doraHai="131" who="1" fromWho="0" sc="292,-83,195,83,122,0,391,0" />
</Scene>
<Scene>
<INIT seed="5,0,0,0,4,124" ten="209,278,122,391" oya="1" hai0="66,115,1,131,48,52,87,67,72,32,109,119,113" hai1="80,61,128,93,105,71,47,70,134,96,14,2,10" hai2="79,101,121,88,24,106,75,116,40,19,91,33,21" hai3="58,133,30,35,12,26,76,125,83,65,99,43,16"/><U9/><E105/><V68/><F116/><W7/><G7/><T130/><D72/><U108/><E134/><V92/><F121/><W98/><G43/><T89/><D1/><U84/><E108/><V34/><F68/><W51/><G125/><T74/><D74/><U0/><E47/><V6/><F106/><W50/><G133/><T111/><D32/><U36/><E36/><V120/><F120/><W135/><G135/><T29/><D29/><U53/><E53/><V41/><F6/><W127/><G127/><T8/><D8/><U15/><E61/><V31/><F34/><W22/><G51/><T81/><D119/><U94/><E84/><V85/><F101/><W82/><G82/><T102/><D102/><U23/><E80/><V49/><F79/><W56/><G56/><N who="0" m="32775" /><D67/><U126/><E126/><V118/><F75/><W107/><G107/><T78/><D78/><U117/><E117/><V45/><F91/><W57/><G57/><T55/><D55/><U62/><E62/><V42/><REACH who="2" step="1"/><F118/><REACH who="2" ten="209,278,112,391" step="2"/><W18/><G35/><T46/><D111/><U77/><E77/><V69/><F69/><W5/><G76/><T114/><D109/><U38/><E71/><V95/><F95/><W123/><G123/><T37/><D66/><U103/><E103/><V20/><F20/><W100/><G22/><T122/><D122/><U73/><E70/><V11/><F11/><W27/><G65/><T97/><D97/><U39/><E73/><V104/><F104/><W90/><G98/><T28/><D28/><U54/><E96/><V110/><F110/><W4/><G99/><RYUUKYOKU ba="0,1" sc="209,15,278,-15,112,15,391,-15" hai0="37,46,81,87,89,113,114,115,130,131" hai2="19,21,24,31,33,40,41,42,45,49,85,88,92" />
</Scene>
<Scene>
<INIT seed="6,1,1,5,4,111" ten="224,263,127,376" oya="2" hai0="104,15,117,39,38,94,45,121,93,28,58,128,76" hai1="49,53,120,131,91,61,40,90,99,41,7,65,84" hai2="8,20,44,35,96,62,134,75,27,9,21,130,116" hai3="6,97,66,110,1,102,26,80,107,72,89,112,69"/><V127/><F116/><W48/><G110/><T59/><D121/><U25/><E120/><V56/><F75/><W43/><G112/><T109/><D104/><U5/><E131/><V30/><F130/><W79/><G26/><T3/><D3/><U23/><E99/><V47/><F134/><W135/><G135/><T83/><D28/><N who="1" m="17471" /><E65/><V115/><F115/><W133/><G133/><T74/><D109/><U17/><E61/><V119/><F119/><W55/><G43/><N who="1" m="16458" /><E17/><V22/><F127/><W82/><G66/><T4/><D128/><U37/><E37/><V77/><F77/><W36/><G69/><T34/><D34/><U106/><E106/><V101/><F47/><W88/><G36/><T78/><D45/><N who="1" m="27823" /><E91/><V63/><F44/><W92/><G6/><T46/><D46/><U114/><E114/><V132/><F132/><W50/><G1/><T10/><D78/><U57/><E57/><V18/><F18/><W12/><G55/><T32/><D32/><U14/><E14/><V0/><F0/><W86/><G12/><T19/><D19/><U71/><E71/><V118/><F118/><W2/><G2/><T129/><D129/><U42/><E42/><V67/><REACH who="2" step="1"/><F63/><REACH who="2" ten="224,263,117,376" step="2"/><W73/><G72/><T100/><D117/><U122/><E122/><V103/><F103/><W108/><G108/><T54/><D100/><U11/><E11/><V16/><F16/><W60/><G60/><N who="0" m="35927" /><D39/><U68/><E68/><V64/><F64/><W113/><G113/><T125/><D38/><U33/><E5/><V29/><F29/><W70/><G70/><T98/><D74/><RYUUKYOKU ba="1,2" sc="224,-15,263,-15,117,15,376,15" hai2="8,9,20,21,22,27,30,35,56,62,67,96,101" hai3="48,50,73,79,80,82,86,88,89,92,97,102,107" />
</Scene>
<Scene>
<INIT seed="6,2,2,2,0,57" ten="209,248,132,391" oya="2" hai0="126,28,111,105,24,65,46,22,95,94,36,25,86" hai1="43,84,14,93,83,62,100,34,3,123,45,99,39" hai2="127,29,75,77,61,13,120,1,85,5,96,74,51" hai3="128,129,72,37,47,112,48,119,78,117,87,107,69"/><V82/><F120/><W122/><G37/><T104/><D111/><U133/><E3/><V8/><F127/><W97/><G122/><T4/><D126/><U55/><E123/><V81/><F29/><W63/><G72/><T89/><D4/><U54/><E34/><V113/><F113/><W80/><G112/><T92/><D65/><U31/><E133/><V106/><F51/><W131/><G107/><T41/><REACH who="0" step="1"/><D25/><REACH who="0" ten="199,248,132,391" step="2"/><U2/><E2/><V52/><F1/><W16/><G128/><T18/><D18/><U124/><E124/><V64/><F52/><N who="3" m="29727" /><G16/><T9/><D9/><U26/><E14/><V21/><F21/><W33/><G33/><T59/><D59/><U6/><E6/><V0/><F0/><W27/><G27/><T109/><D109/><U88/><E62/><V73/><F106/><AGARI ba="2,3" hai="22,24,28,36,41,46,86,89,92,94,95,104,105,106" machi="106" ten="40,1300,0" yaku="1,1,53,0" doraHai="57" doraHaiUra="50" who="0" fromWho="2" sc="199,49,248,0,132,-19,391,0" />
</Scene>
<Scene>
<INIT seed="7,0,0,2,2,55" ten="248,248,113,391" oya="3" hai0="4,17,51,91,87,75,54,13,0,15,135,49,113" hai1="60,132,36,102,34,111,65,30,115,63,37,19,48" hai2="67,7,89,68,83,80,66,35,69,107,128,122,45" hai3="110,6,81,42,120,70,104,56,21,90,44,18,74"/><W57/><G57/><N who="0" m="32975" /><D75/><U117/><E111/><V114/><F7/><W130/><G90/><T10/><D0/><U8/><E102/><V127/><F89/><W78/><G18/><T98/><D135/><U119/><E132/><V26/><F26/><W1/><G21/><N who="0" m="11439" /><D113/><U31/><E115/><V134/><F45/><W53/><G6/><T92/><D51/><U105/><E105/><V40/><F83/><W41/><G81/><T46/><D46/><U9/><E48/><V71/><F40/><W33/><G42/><T84/><AGARI ba="0,0" hai="4,10,15,84,87,91,92,98" m="11439,32975" machi="84" ten="30,2000,0" yaku="8,1,52,1" doraHai="55" who="0" fromWho="0" sc="248,20,248,-5,113,-5,391,-10" owari="268,7.0,243,-16.0,108,-39.0,381,48.0" />
</Scene>
</mjloggm>