<mjloggm ver="2.3"><GO type="169" lobby="0"/><UN n0="%E2%98%85%E3%83%9B%E3%83%BC%E3%82%B9%E2%98%85" n1="%E4%BC%8A%E8%97%A4%E4%BC%8A%E8%97%A4%E4%BC%8A%E8%97%A4" n2="%E5%A4%AA%E3%81%8F%E3%81%AA%E3%81%84%E3%81%8A" n3="%E5%BC%B1%E8%99%AB" dan="16,16,18,17" rate="2034.66,2046.39,2161.02,2114.81" sx="M,M,F,M"/><TAIKYOKU oya="0"/>

<Scene>
<INIT seed="0,0,0,5,1,116" ten="250,250,250,250" oya="0" hai0="135,131,37,71,79,48,39,108,0,58,122,132,53" hai1="92,35,77,102,46,109,113,10,4,11,87,110,103" hai2="56,41,44,126,13,70,16,15,17,36,93,96,128" hai3="133,18,88,23,38,50,78,43,20,134,75,120,68"/><T21/><D0/><U83/><E113/><V31/><F70/><W69/><G38/><N who="0" m="14347" /><D79/><U105/><E35/><V82/><F126/><W42/><G78/><T64/><D21/><U51/><E105/><V112/><F112/><W3/><G75/><T129/><D108/><N who="1" m="41579" /><E92/><V60/><F128/><N who="0" m="49226" /><D122/><U94/><E94/><V117/><F82/><W119/><G3/><T130/><N who="0" m="49234" /><T29/><DORA hai="49" /><D29/><U47/><E11/><V73/><F31/><W55/><G119/><T54/><D54/><N who="1" m="30079" /><E46/><V33/><F117/><W76/><G76/><T84/><D84/><U19/><E19/><V123/><F73/><W28/><G18/><T27/><D27/><U66/><E66/><V32/><F33/><W86/><G28/><T1/><D1/><AGARI ba="0,0" hai="1,4,10,77,83,87,102,103" m="30079,41579" machi="1" ten="30,2000,0" yaku="14,1,52,1" doraHai="116,49" who="1" fromWho="0" sc="250,-20,250,20,250,0,250,0" />
</Scene>
<Scene>
<INIT seed="1,0,0,5,5,12" ten="230,270,250,250" oya="1" hai0="74,103,56,134,71,36,53,9,78,17,119,73,96" hai1="39,106,34,122,95,81,109,94,116,68,42,32,65" hai2="86,6,10,20,61,97,24,18,102,23,40,38,108" hai3="1,62,55,92,0,7,64,11,77,4,43,41,91"/><U79/><E116/><V49/><F108/><W28/><G77/><T59/><D119/><U60/><E122/><V76/><F38/><W69/><G28/><T52/><D71/><U15/><E106/><V30/><F61/><W84/><REACH who="3" step="1"/><G55/><REACH who="3" ten="230,270,250,240" step="2"/><T82/><D53/><U133/><E109/><V89/><F76/><W33/><G33/><T88/><D52/><U80/><E34/><V5/><F30/><W44/><G44/><T132/><D78/><U110/><E32/><V118/><F118/><W90/><G90/><T31/><D88/><U35/><E35/><V8/><F89/><W131/><G131/><T29/><D29/><U117/><E110/><V22/><F102/><W123/><G123/><T19/><D103/><U120/><E120/><V99/><F40/><W127/><G127/><T85/><D31/><U104/><E117/><V47/><F47/><W101/><G101/><T126/><D126/><U107/><E42/><V121/><F121/><W25/><G25/><T27/><D27/><U135/><E107/><V114/><F24/><W87/><G87/><T115/><D85/><U70/><E104/><V67/><F86/><W75/><G75/><T129/><D74/><U128/><E128/><V3/><F97/><W105/><G105/><T124/><D73/><U63/><E79/><V66/><F99/><W46/><G46/><T125/><D125/><U98/><E98/><V16/><F114/><W51/><G51/><T93/><D124/><U111/><E111/><V54/><F49/><W14/><G14/><T58/><D115/><U130/><E130/><V72/><F72/><RYUUKYOKU ba="0,1" sc="230,-10,270,-10,250,-10,240,30" hai3="0,1,4,7,11,41,43,62,64,69,84,91,92" />
</Scene>
<Scene>
<INIT seed="2,1,1,3,0,122" ten="220,260,240,270" oya="2" hai0="15,18,43,80,10,37,16,17,101,2,123,129,135" hai1="108,130,50,21,44,11,90,93,60,87,68,52,83" hai2="28,41,111,75,110,117,104,1,100,91,5,107,6" hai3="22,131,76,79,59,53,114,134,84,31,39,85,13"/><V126/><F117/><W58/><G39/><T74/><D123/><U72/><E108/><N who="2" m="41515" /><F126/><W78/><G134/><T3/><D135/><U45/><E72/><V38/><F75/><W0/><G0/><T77/><D129/><U33/><E33/><V73/><F73/><W70/><G70/><T9/><D101/><U32/><E32/><V20/><F91/><W12/><G131/><T127/><D127/><U36/><E130/><V24/><F1/><W30/><G114/><T40/><D40/><U96/><E36/><V42/><F42/><W98/><G76/><T26/><D2/><U95/><E95/><V69/><F69/><W119/><G119/><T4/><D26/><U62/><E68/><V120/><F120/><W35/><G35/><T112/><D112/><U63/><E11/><V46/><F100/><W56/><G78/><T102/><D102/><N who="1" m="60687" /><E21/><V66/><F66/><W92/><G22/><T23/><D23/><U67/><E67/><V51/><F38/><W34/><G79/><T118/><D118/><U81/><E81/><V105/><AGARI ba="1,1" hai="5,6,20,24,28,41,46,51,104,105,107" m="41515" machi="105" ten="40,12000,1" yaku="14,1,10,1,52,3" doraHai="122" who="2" fromWho="2" sc="220,-41,260,-41,240,133,270,-41" />
</Scene>
<Scene>
<INIT seed="2,2,0,3,1,107" ten="179,219,373,229" oya="2" hai0="120,12,106,99,109,104,122,41,4,87,135,19,5" hai1="31,1,89,75,46,110,3,16,94,98,29,23,100" hai2="57,59,97,126,28,128,82,117,24,43,14,61,84" hai3="74,58,36,70,39,50,9,0,96,112,134,8,55"/><V68/><F117/><W18/><G134/><T86/><D135/><U113/><E113/><V21/><F128/><W81/><G112/><T44/><D109/><U51/><E75/><V124/><F43/><W27/><G70/><T79/><D106/><U26/><E3/><V119/><F119/><W54/><G96/><T115/><D115/><U123/><E1/><V83/><F97/><W108/><G108/><T2/><D2/><U62/><E62/><V35/><F68/><W101/><G101/><T22/><D4/><U11/><E110/><V33/><F59/><W49/><G27/><T13/><D5/><U71/><E71/><V85/><F85/><W25/><G25/><T34/><D12/><N who="1" m="7199" /><E123/><V91/><F82/><W125/><G125/><N who="2" m="48233" /><F14/><W40/><G0/><T121/><D34/><U129/><E129/><V102/><F102/><W131/><G131/><T6/><D13/><U132/><E132/><V45/><F45/><W127/><G127/><T114/><D44/><U38/><E38/><V37/><F37/><W60/><G39/><T78/><D121/><U52/><E100/><V47/><F47/><W42/><G36/><T7/><D122/><U77/><E77/><V95/><F83/><W105/><G81/><T88/><D79/><U67/><E67/><AGARI ba="2,0" hai="21,24,28,33,35,57,61,67,84,91,95" m="48233" machi="67" ten="30,1500,0" yaku="18,1" doraHai="107" who="2" fromWho="1" sc="179,0,219,-21,373,21,229,0" />
</Scene>
<Scene>
<INIT seed="2,3,0,0,3,20" ten="179,198,394,229" oya="2" hai0="57,107,113,69,31,53,38,99,70,97,106,95,39" hai1="45,111,78,93,119,81,85,128,56,33,102,30,51" hai2="129,65,80,86,22,122,121,118,32,120,19,6,15" hai3="47,133,28,103,54,4,132,12,14,82,96,68,135"/><V83/><F118/><W112/><G112/><T42/><D113/><U98/><E119/><V2/><F129/><W13/><G68/><T11/><D31/><U67/><E128/><V27/><F65/><W127/><G127/><T90/><D11/><U91/><E111/><V58/><F58/><W24/><G82/><T16/><D69/><U125/><E125/><V18/><F86/><W0/><G0/><T48/><D70/><U104/><E33/><V21/><REACH who="2" step="1"/><F32/><REACH who="2" ten="179,198,384,229" step="2"/><W34/><G135/><T23/><D99/><U5/><E56/><V114/><F114/><W8/><G133/><T109/><D109/><U41/><E67/><V117/><F117/><W124/><G132/><T71/><D71/><U55/><E85/><V88/><F88/><W63/><G124/><T110/><D110/><U79/><E91/><V61/><F61/><W115/><G115/><T60/><D60/><U62/><E62/><V25/><F25/><W64/><G64/><T44/><D38/><U9/><E79/><V10/><AGARI ba="3,1" hai="2,6,10,15,18,19,21,22,27,80,83,120,121,122" machi="10" ten="40,7800,0" yaku="1,1,0,1,52,1,53,0" doraHai="20" doraHaiUra="52" who="2" fromWho="2" sc="179,-29,198,-29,384,97,229,-29" />
</Scene>
<Scene>
<INIT seed="2,4,0,1,2,80" ten="150,169,481,200" oya="2" hai0="88,20,29,86,59,134,78,90,44,93,53,39,48" hai1="75,84,124,6,16,3,22,72,85,30,7,11,12" hai2="81,18,114,28,10,70,87,135,54,106,46,91,47" hai3="122,92,36,33,31,8,76,21,50,51,130,17,105"/><V97/><F114/><W126/><G105/><T129/><D129/><U103/><E103/><V123/><F123/><W45/><G122/><T133/><D78/><U71/><E71/><V98/><F70/><W127/><G130/><T82/><D39/><U63/><E124/><V24/><F135/><N who="0" m="51722" /><D29/><U42/><E7/><V55/><F106/><W25/><G76/><N who="0" m="46407" /><D20/><U83/><E42/><V19/><F47/><W73/><G73/><T89/><D59/><U94/><E63/><V131/><F131/><W9/><G36/><T61/><D61/><U15/><E30/><V109/><F46/><W66/><G51/><T120/><D120/><U112/><E112/><V13/><F28/><W49/><G49/><T79/><D79/><U77/><REACH who="1" step="1"/><E3/><REACH who="1" ten="150,159,481,200" step="2"/><V108/><F108/><W99/><G127/><T64/><D64/><U100/><E100/><V121/><F109/><W26/><G66/><T0/><D0/><U65/><E65/><V125/><F125/><W35/><G126/><T14/><D14/><U2/><E2/><V119/><F121/><W37/><G35/><T115/><D115/><U27/><E27/><V57/><F24/><W4/><G37/><T67/><D67/><U128/><E128/><V5/><F13/><W62/><G62/><T34/><D34/><U107/><E107/><V1/><F1/><W38/><G38/><T41/><D41/><U52/><E52/><V68/><F54/><W101/><G50/><T118/><D118/><U132/><E132/><V43/><F119/><W69/><G69/><T95/><AGARI ba="4,1" hai="44,48,53,88,89,90,93,95" m="46407,51722" machi="95" ten="40,5200,0" yaku="20,1,52,1,54,1" doraHai="80" who="0" fromWho="0" sc="150,74,159,-17,481,-30,200,-17" />
</Scene>
<Scene>
<INIT seed="3,0,0,1,2,52" ten="224,142,451,183" oya="3" hai0="43,15,103,92,16,101,62,30,108,128,38,112,54" hai1="7,35,3,114,32,105,80,129,84,96,106,79,133" hai2="10,121,102,0,45,46,83,119,69,76,116,68,11" hai3="8,29,98,78,56,57,113,18,72,55,4,31,47"/><W130/><G113/><T27/><D38/><U19/><E114/><V33/><F33/><W126/><G130/><T74/><D74/><U122/><E122/><V66/><F102/><W34/><G126/><T12/><D43/><U9/><E129/><V1/><F83/><W70/><G70/><T60/><D108/><U20/><E133/><V99/><F99/><W125/><G125/><T135/><D12/><U58/><E58/><V42/><F42/><W5/><G47/><T87/><D62/><U40/><E40/><V132/><F76/><W109/><G109/><T67/><D54/><U88/><E106/><V91/><F91/><W118/><G118/><T117/><D103/><U89/><E89/><V120/><F66/><W13/><G34/><T48/><D101/><U100/><REACH who="1" step="1"/><E79/><REACH who="1" ten="224,132,451,183" step="2"/><V59/><F59/><N who="3" m="22603" /><G55/><T14/><D112/><U23/><E23/><V131/><F131/><W81/><G72/><T39/><D135/><AGARI ba="0,1" hai="0,1,10,11,45,46,68,69,116,119,120,121,132,135" machi="135" ten="25,1600,0" yaku="22,2" doraHai="52" who="2" fromWho="0" sc="224,-16,132,0,451,26,183,0" />
</Scene>
<Scene>
<INIT seed="4,0,0,4,5,80" ten="208,132,477,183" oya="0" hai0="121,34,104,29,127,2,6,27,37,84,12,95,97" hai1="73,79,18,94,100,116,81,88,117,67,120,119,38" hai2="124,22,39,10,60,3,20,115,28,31,109,26,125" hai3="103,68,114,33,54,77,99,0,105,74,112,53,66"/><T134/><D37/><U71/><E38/><V118/><F39/><W98/><G0/><T61/><D104/><U43/><E43/><V9/><F109/><W49/><G33/><T23/><D121/><U48/><E48/><V122/><F122/><W65/><G99/><T108/><D108/><U11/><E120/><V14/><F60/><W72/><G54/><T126/><D61/><U89/><E71/><V57/><F57/><W110/><G110/><T102/><D134/><U131/><E67/><N who="3" m="25610" /><G77/><T30/><D30/><U42/><E42/><V55/><F115/><N who="3" m="44075" /><G68/><T133/><D133/><U113/><E113/><V62/><F55/><W78/><G78/><T32/><D2/><U69/><E69/><V91/><F3/><W52/><G53/><T44/><D32/><U76/><E131/><V90/><F62/><W128/><G128/><T106/><D34/><U24/><E76/><V130/><F130/><W41/><G41/><T7/><D97/><U132/><E132/><V129/><F129/><W83/><G83/><T16/><D44/><AGARI ba="0,0" hai="44,49,52,72,74,98,103,105" m="44075,25610" machi="44" ten="30,2000,0" yaku="15,1,54,1" doraHai="80" who="3" fromWho="0" sc="208,-20,132,0,477,0,183,20" />
</Scene>
<Scene>
<INIT seed="5,0,0,3,0,42" ten="188,132,477,203" oya="1" hai0="82,59,74,19,123,104,12,57,126,97,11,92,91" hai1="33,76,70,23,124,119,101,64,84,10,34,16,18" hai2="32,103,5,37,79,106,29,118,100,56,45,36,67" hai3="13,99,15,107,61,24,90,50,120,108,44,43,9"/><U109/><E119/><V93/><F106/><W0/><G120/><T105/><D123/><U129/><E101/><V85/><F5/><W73/><G73/><T48/><D126/><U39/><E39/><V113/><F118/><W72/><G72/><T30/><D30/><U17/><E124/><V111/><F56/><W96/><G108/><T46/><D105/><U128/><E109/><V71/><F85/><W89/><G24/><T95/><D104/><U69/><E10/><V8/><F8/><W41/><G0/><T58/><D74/><U132/><E23/><V55/><F55/><W87/><G61/><T22/><D22/><U52/><E52/><V112/><F93/><W26/><G26/><T81/><D95/><U60/><E70/><V68/><F100/><W78/><G78/><T114/><REACH who="0" step="1"/><D114/><REACH who="0" ten="178,132,477,203" step="2"/><U62/><E34/><V51/><F32/><W122/><G122/><T35/><D35/><U98/><E33/><V27/><F29/><W47/><G107/><T66/><D66/><U1/><E1/><V83/><F67/><W63/><G9/><T135/><D135/><U121/><E132/><V75/><F113/><W20/><G20/><T131/><D131/><N who="1" m="50251" /><E121/><V133/><F112/><W6/><G6/><T2/><D2/><U94/><E64/><V116/><F133/><W53/><G53/><AGARI ba="0,1" hai="11,12,19,46,48,53,57,58,59,81,82,91,92,97" machi="53" ten="40,8000,1" yaku="1,1,8,1,52,1,53,1" doraHai="42" doraHaiUra="7" who="0" fromWho="3" sc="178,90,132,0,477,0,203,-80" />
</Scene>
<Scene>
<INIT seed="6,0,0,2,3,52" ten="268,132,477,123" oya="2" hai0="99,83,93,23,98,12,35,24,22,11,56,10,105" hai1="64,108,106,51,7,76,114,31,112,32,55,47,97" hai2="82,128,17,122,95,2,102,70,77,92,45,117,33" hai3="20,84,21,72,100,50,111,131,107,29,104,30,87"/><V18/><F18/><W120/><G131/><T0/><D0/><U13/><E108/><V118/><F17/><W113/><G111/><T60/><D35/><U126/><E64/><V27/><F45/><W85/><G72/><T5/><D105/><U78/><E126/><V41/><F41/><W16/><G120/><T88/><D10/><N who="1" m="4319" /><E32/><V44/><F44/><W37/><G37/><T14/><D14/><U42/><E31/><V4/><F70/><W135/><G135/><T68/><D68/><U34/><E34/><V119/><F128/><W123/><G123/><T48/><D48/><U46/><E106/><V101/><F4/><W49/><G113/><N who="1" m="43626" /><E97/><V58/><F33/><W115/><G115/><T61/><D61/><U80/><E80/><V8/><F82/><W6/><G6/><T116/><D116/><U69/><E69/><V121/><F117/><W38/><G38/><AGARI ba="0,0" hai="38,42,46,47,51,55,76,78" m="43626,4319" machi="38" ten="30,1000,0" yaku="15,1" doraHai="52" who="1" fromWho="3" sc="268,0,132,10,477,0,123,-10" />
</Scene>
<Scene>
<INIT seed="7,0,0,4,5,4" ten="268,142,477,113" oya="3" hai0="10,45,13,43,113,69,73,56,47,22,36,66,102" hai1="32,107,81,108,115,3,127,2,101,123,8,62,14" hai2="15,1,50,94,85,76,133,16,5,21,12,25,74" hai3="41,86,30,130,117,116,34,93,135,87,9,63,58"/><W97/><G135/><T61/><D73/><U118/><E32/><V77/><F74/><W6/><G130/><T40/><D113/><U91/><E115/><V59/><F1/><W105/><G41/><T79/><D79/><N who="2" m="30282" /><F5/><W110/><G110/><T114/><D114/><U54/><E8/><V72/><F72/><W95/><G105/><T51/><D102/><U7/><E127/><V134/><F134/><W24/><G117/><T38/><D22/><U64/><E123/><V31/><F31/><W11/><G116/><T42/><D10/><U128/><E128/><V98/><F85/><W103/><G95/><T125/><D13/><U57/><E101/><N who="2" m="60631" /><F133/><W26/><G26/><T124/><D42/><U84/><E3/><V126/><F126/><W28/><G28/><T129/><D51/><U88/><E107/><V78/><F78/><W67/><REACH who="3" step="1"/><G11/><REACH who="3" ten="268,142,477,103" step="2"/><T83/><D129/><U39/><E118/><V90/><F25/><W96/><G96/><T99/><D99/><U29/><E29/><V131/><F131/><W48/><G48/><T80/><D124/><U17/><E108/><V106/><F106/><W33/><G33/><T23/><D125/><U44/><E39/><V35/><F35/><W46/><G46/><T49/><D23/><U70/><E44/><V0/><F50/><W68/><G68/><T75/><D49/><U27/><E27/><V104/><F104/><W109/><G109/><T122/><D69/><U121/><E70/><V65/><F21/><W112/><G112/><T18/><D40/><U100/><E81/><N who="0" m="31305" /><D43/><U92/><E92/><V60/><F59/><RYUUKYOKU ba="0,1" sc="268,-10,142,-10,477,-10,103,30" hai3="6,9,24,30,34,58,63,67,86,87,93,97,103" />
</Scene>
<Scene>
<INIT seed="7,1,1,0,4,72" ten="258,132,467,133" oya="3" hai0="18,68,42,132,61,2,103,16,92,43,79,118,66" hai1="88,12,37,47,59,128,31,6,20,101,127,99,134" hai2="40,41,70,82,96,89,97,3,117,87,71,91,26" hai3="133,119,46,122,14,64,100,106,113,129,10,112,130"/><W30/><G122/><T56/><D2/><U125/><E128/><N who="3" m="49258" /><G119/><T120/><D118/><U34/><E134/><V75/><F117/><W116/><G116/><T102/><D132/><U11/><E34/><V95/><F3/><W108/><G133/><T105/><D105/><U85/><E59/><V126/><F126/><N who="1" m="48137" /><E37/><V33/><F75/><W63/><G108/><T44/><D79/><U32/><E47/><V45/><F41/><W35/><G46/><T121/><D42/><U57/><E57/><V123/><F123/><W83/><G83/><T7/><D92/><N who="1" m="54287" /><E32/><V29/><F96/><N who="3" m="61703" /><G30/><T115/><D115/><U0/><E31/><V111/><F111/><W17/><G35/><T24/><D44/><U39/><E39/><AGARI ba="1,1" hai="26,29,33,39,40,45,70,71,82,87,89,91,95,97" machi="39" ten="30,1000,0" yaku="7,1" doraHai="72" who="2" fromWho="1" sc="258,0,132,-13,467,23,133,0" owari="258,6.0,119,-38.0,490,59.0,133,-27.0" />
</Scene>
</mjloggm>