<mjloggm ver="2.3"><GO type="169" lobby="0"/><UN n0="%E3%81%A8%E3%81%AA%E3%81%BF" n1="%E5%A4%AA%E3%81%8F%E3%81%AA%E3%81%84%E3%81%8A" n2="%6B%6E%6A%31%30%35%30" n3="%52%65%6C%6D" dan="16,18,16,16" rate="2052.97,2191.84,2110.77,2103.25" sx="M,F,M,F"/><TAIKYOKU oya="0"/>

<Scene>
<INIT seed="0,0,0,1,2,57" ten="250,250,250,250" oya="0" hai0="15,23,103,51,38,89,32,19,9,96,16,53,8" hai1="116,7,48,99,3,109,12,100,37,98,112,108,63" hai2="64,111,118,59,11,90,70,35,126,127,30,58,97" hai3="43,20,110,61,81,95,69,1,44,85,42,71,130"/><T24/><D38/><U131/><E116/><V87/><F11/><W74/><G1/><T107/><D89/><U78/><E37/><V31/><F97/><W106/><G106/><T13/><D32/><U52/><E3/><V113/><F118/><W83/><G130/><T77/><D77/><U76/><E131/><V45/><F45/><W55/><G110/><N who="1" m="42602" /><E112/><V102/><F111/><W60/><G44/><T47/><D23/><U27/><E27/><AGARI ba="0,0" hai="8,9,13,15,16,19,24,27,47,51,53,96,103,107" machi="27" ten="40,3900,0" yaku="9,1,54,1" doraHai="57" who="0" fromWho="1" sc="250,39,250,-39,250,0,250,0" />
</Scene>
<Scene>
<INIT seed="0,1,0,5,3,20" ten="289,211,250,250" oya="0" hai0="109,92,37,56,110,133,50,125,39,53,97,52,64" hai1="17,7,35,6,84,30,4,60,123,128,111,0,77" hai2="80,2,87,130,126,74,44,102,41,83,28,134,89" hai3="71,36,104,122,18,31,82,51,19,86,8,27,105"/><T3/><D3/><U79/><E123/><V1/><F130/><W42/><G36/><T68/><D92/><U24/><E128/><V88/><F126/><W45/><G122/><T101/><D101/><U120/><E120/><V67/><F67/><W129/><G129/><T117/><D97/><U55/><E111/><N who="0" m="42505" /><D117/><U32/><E32/><V12/><F134/><W72/><G72/><T48/><D133/><U115/><E115/><V114/><F102/><W119/><G71/><T43/><D43/><U5/><E84/><V61/><F61/><W91/><G119/><T108/><D108/><U9/><REACH who="1" step="1"/><E17/><REACH who="1" ten="289,201,250,250" step="2"/><V85/><F114/><W40/><G19/><T11/><D125/><U116/><E116/><V131/><F131/><W98/><G98/><T54/><D11/><U107/><E107/><V132/><F132/><W69/><G105/><T38/><D68/><U93/><E93/><V106/><F106/><W118/><G69/><T22/><D22/><U99/><E99/><V14/><F74/><W62/><G104/><T57/><D64/><U124/><E124/><V94/><F94/><W33/><G118/><T100/><D100/><U90/><E90/><V26/><F2/><W49/><G18/><T81/><D81/><U75/><E75/><V47/><F1/><W13/><G33/><T23/><D23/><U76/><E76/><V58/><F85/><W66/><G82/><T112/><D112/><U15/><E15/><V21/><F14/><W78/><G78/><T10/><D10/><U103/><E103/><V34/><F80/><W65/><G86/><T46/><D57/><AGARI ba="1,1" hai="0,4,5,6,7,9,24,30,35,55,57,60,77,79" machi="57" ten="40,8000,1" yaku="1,1,6,1,52,1,53,1" doraHai="20" doraHaiUra="29" who="1" fromWho="0" sc="289,-83,201,93,250,0,250,0" />
</Scene>
<Scene>
<INIT seed="1,0,0,1,5,45" ten="206,294,250,250" oya="1" hai0="1,93,134,102,70,6,24,95,88,51,108,76,118" hai1="110,99,117,72,89,129,54,33,41,96,86,18,123" hai2="28,13,119,19,133,67,2,4,38,79,111,114,3" hai3="57,5,9,15,25,64,83,7,47,109,132,74,92"/><U39/><E117/><V103/><F103/><W73/><G109/><T127/><D70/><U63/><E123/><V130/><F79/><W46/><G132/><T113/><D118/><U104/><E72/><V105/><F67/><W61/><G5/><T56/><D134/><U66/><E33/><V91/><F91/><W27/><G73/><T98/><D108/><U128/><E110/><V22/><F105/><W17/><G74/><T106/><D127/><U52/><E39/><V82/><F82/><W77/><G77/><T42/><D76/><U60/><E41/><V53/><F53/><N who="1" m="20585" /><E18/><V85/><F85/><W40/><G83/><T26/><D106/><U35/><E35/><V121/><F38/><W115/><G115/><T44/><D56/><N who="1" m="37127" /><E63/><V12/><F133/><W29/><G7/><T21/><D21/><U58/><E58/><V81/><F111/><W14/><G40/><T112/><D6/><U32/><E32/><V0/><F4/><W10/><G29/><T126/><D1/><U125/><E104/><V75/><F3/><W107/><G107/><T30/><D126/><U50/><E50/><V120/><F0/><W122/><G122/><T37/><D37/><U78/><E78/><V124/><F2/><W69/><G69/><T97/><REACH who="0" step="1"/><D30/><REACH who="0" ten="196,294,250,250" step="2"/><U90/><E125/><V131/><F124/><W65/><G64/><T20/><D20/><U84/><E129/><V49/><F131/><W59/><G9/><T80/><D80/><N who="1" m="49287" /><E128/><V135/><F130/><W68/><G68/><T87/><D87/><U101/><E86/><V62/><F120/><W71/><G71/><RYUUKYOKU ba="0,1" sc="196,30,294,-10,250,-10,250,-10" hai0="24,26,42,44,51,88,93,95,97,98,102,112,113" />
</Scene>
<Scene>
<INIT seed="2,1,1,3,3,133" ten="226,284,240,240" oya="2" hai0="120,111,9,39,13,131,81,36,26,0,62,121,17" hai1="85,132,2,126,125,79,55,52,76,7,64,19,82" hai2="14,80,34,38,47,49,60,116,8,123,3,57,4" hai3="122,100,66,10,98,30,50,5,83,113,15,99,6"/><V129/><F129/><W118/><G122/><T114/><D0/><U54/><E132/><V21/><F123/><W109/><G118/><T128/><D114/><U65/><E76/><V59/><F116/><W35/><G113/><T63/><D111/><U33/><E33/><V22/><F34/><W86/><G109/><T43/><D81/><U61/><E19/><V119/><F38/><W102/><G35/><T1/><D1/><U77/><E77/><V135/><F135/><W107/><G30/><T73/><D73/><U78/><E78/><V95/><F80/><W29/><G29/><T115/><D26/><U84/><E84/><V23/><F119/><W27/><G27/><T40/><D115/><U117/><E117/><V87/><F3/><W20/><G20/><T28/><D28/><U108/><E108/><V45/><F49/><W112/><G112/><T88/><D17/><U72/><E72/><V42/><F42/><W53/><G66/><T24/><D24/><U93/><E93/><V110/><F59/><W104/><G83/><T44/><D13/><U106/><E106/><V41/><F41/><W90/><G86/><T32/><D9/><N who="1" m="2295" /><E61/><N who="0" m="23049" /><D88/><U75/><E75/><V51/><F110/><W103/><G90/><T69/><D69/><U37/><E37/><V25/><F25/><W58/><REACH who="3" step="1"/><G102/><REACH who="3" ten="226,284,240,230" step="2"/><T124/><D32/><U56/><E65/><V91/><F23/><W101/><G101/><T97/><D121/><U16/><E64/><N who="2" m="38927" /><F22/><W12/><G12/><T130/><D120/><U48/><E82/><V127/><F21/><W31/><G31/><T94/><D131/><RYUUKYOKU ba="1,2" sc="226,-10,284,-10,240,-10,230,30" hai3="5,6,10,15,50,53,58,98,99,100,103,104,107" />
</Scene>
<Scene>
<INIT seed="3,2,2,3,0,134" ten="216,274,230,260" oya="3" hai0="28,130,44,81,70,109,47,11,92,115,68,99,78" hai1="87,63,48,54,57,97,27,125,89,50,25,65,15" hai2="46,36,73,104,74,5,90,128,22,21,41,72,79" hai3="43,98,82,133,124,45,94,2,13,108,120,121,96"/><W129/><G133/><T91/><D130/><U107/><E107/><V59/><F104/><W10/><G129/><T116/><D116/><U67/><E97/><V32/><F32/><W86/><G2/><T100/><D115/><U102/><E102/><V52/><F128/><W60/><G108/><T119/><D109/><U58/><E125/><V118/><F118/><W84/><G124/><T55/><D11/><U33/><E33/><V49/><F5/><W12/><G12/><T34/><D100/><U131/><E131/><V75/><REACH who="2" step="1"/><F90/><REACH who="2" ten="216,274,220,260" step="2"/><N who="3" m="53591" /><G120/><T106/><D91/><U38/><E89/><V42/><F42/><W53/><G121/><T24/><D34/><U1/><E1/><V37/><F37/><W18/><G43/><T9/><D106/><U14/><E38/><V26/><F26/><W77/><G60/><T132/><D24/><U113/><E63/><V6/><F6/><W4/><G4/><T56/><D119/><U122/><E122/><V88/><F88/><W31/><G31/><T123/><D28/><U62/><E62/><V93/><F93/><W39/><G39/><T76/><D92/><U126/><E25/><V51/><F51/><AGARI ba="2,3" hai="10,13,18,45,51,53,77,82,84,96,98" m="53591" machi="51" ten="30,1500,0" yaku="8,1" doraHai="134" who="3" fromWho="2" sc="216,0,274,0,220,-21,260,51" />
</Scene>
<Scene>
<INIT seed="3,3,0,1,3,26" ten="216,274,199,311" oya="3" hai0="62,99,125,130,9,59,37,76,23,90,103,73,10" hai1="85,15,60,56,68,14,135,119,70,0,79,101,121" hai2="64,29,96,88,63,32,118,52,38,41,72,112,74" hai3="2,89,46,61,115,93,114,1,17,8,20,81,7"/><W126/><G1/><T57/><D37/><U39/><E121/><V71/><F118/><W50/><G126/><T84/><D125/><U132/><E0/><V28/><F112/><W51/><G81/><T53/><D130/><U42/><E119/><V67/><F67/><W117/><G61/><T108/><D76/><U109/><E109/><V82/><F32/><W31/><G31/><T47/><D47/><N who="1" m="24031" /><E101/><V55/><F55/><W102/><G102/><T16/><D73/><U87/><E14/><V49/><F74/><W129/><G129/><T21/><D21/><U105/><E105/><V92/><F82/><W122/><G122/><T65/><D99/><U107/><E107/><V86/><F96/><W5/><G5/><T131/><D103/><U100/><E15/><V128/><F72/><W106/><G106/><T54/><D131/><U44/><E44/><N who="2" m="23607" /><F128/><W98/><G117/><T91/><D84/><N who="1" m="32331" /><E79/><V94/><F94/><W77/><G77/><T27/><D91/><U13/><E13/><V18/><F18/><W11/><G11/><N who="0" m="4107" /><D90/><U127/><E100/><V30/><F30/><W83/><G83/><T12/><D12/><U123/><E123/><V22/><F22/><W25/><REACH who="3" step="1"/><G51/><REACH who="3" ten="216,274,199,301" step="2"/><N who="0" m="30911" /><D108/><U48/><E127/><V4/><F4/><W133/><G133/><N who="1" m="51274" /><E48/><V104/><F104/><W43/><AGARI ba="3,1" hai="2,7,8,17,20,25,43,46,50,89,93,98,114,115" machi="43" ten="20,3900,0" yaku="1,1,0,1,7,1,53,0" doraHai="26" doraHaiUra="78" who="3" fromWho="3" sc="216,-16,274,-16,199,-16,301,58" />
</Scene>
<Scene>
<INIT seed="3,4,0,0,4,2" ten="200,258,183,359" oya="3" hai0="72,4,18,58,99,32,105,51,53,52,112,107,92" hai1="118,110,71,74,19,5,135,79,114,43,134,56,84" hai2="14,122,54,128,123,12,77,115,23,89,85,113,116" hai3="132,39,67,40,90,75,29,7,86,91,50,27,64"/><W38/><G75/><T30/><D72/><U73/><E114/><V55/><F77/><W82/><G132/><T0/><D112/><U108/><E71/><V60/><F116/><W63/><G67/><T34/><D18/><U109/><E43/><V127/><F127/><W33/><G91/><T11/><D53/><U10/><E118/><V25/><F128/><W3/><G40/><T119/><D119/><U95/><E19/><V129/><F129/><W100/><G100/><T70/><D70/><U126/><E126/><V83/><F115/><W24/><G24/><T101/><REACH who="0" step="1"/><D30/><REACH who="0" ten="190,258,183,359" step="2"/><U121/><E74/><V87/><F113/><W131/><G131/><T124/><D124/><U41/><E73/><V22/><F60/><W15/><G63/><T103/><D103/><U102/><E102/><V45/><F45/><W94/><G64/><T13/><D13/><U8/><E134/><V59/><F59/><W65/><G65/><T46/><D46/><U62/><E135/><V17/><F17/><W9/><G15/><T96/><D96/><U125/><E125/><V35/><F25/><W31/><G29/><T120/><D120/><U21/><E121/><V37/><F37/><W88/><G50/><T104/><AGARI ba="4,1" hai="0,4,11,32,34,51,52,58,92,99,101,104,105,107" machi="104" ten="30,8000,1" yaku="1,1,0,1,52,1,54,1,53,1" doraHai="2" doraHaiUra="1" who="0" fromWho="0" sc="190,102,258,-24,183,-24,359,-44" />
</Scene>
<Scene>
<INIT seed="4,0,0,2,3,71" ten="292,234,159,315" oya="0" hai0="126,57,19,61,45,105,133,90,54,103,43,9,92" hai1="5,30,46,65,38,84,132,1,121,44,127,100,112" hai2="108,31,35,23,18,49,58,91,85,76,125,64,41" hai3="26,55,81,97,72,101,116,67,17,89,52,120,129"/><T135/><D126/><U130/><E121/><V27/><F108/><W60/><G120/><T63/><D63/><U37/><E30/><V111/><F111/><W62/><G116/><T79/><D79/><U16/><E100/><V113/><F125/><W34/><G129/><T128/><D128/><U114/><E127/><V88/><F113/><N who="1" m="43625" /><E130/><V42/><F76/><W99/><G62/><T106/><D103/><U78/><E65/><V12/><F91/><W119/><G119/><T87/><D19/><U98/><E98/><V10/><F64/><W21/><G34/><T68/><D9/><N who="1" m="2223" /><E132/><N who="0" m="50761" /><D68/><U94/><E16/><V110/><F110/><W11/><G11/><T66/><D66/><U51/><E46/><V29/><F29/><W123/><G123/><T33/><D33/><U82/><E94/><V13/><F13/><W6/><G6/><T74/><D74/><U25/><E25/><V131/><F131/><W134/><G134/><T47/><D47/><U73/><E73/><V28/><F28/><W124/><G124/><T50/><AGARI ba="0,0" hai="43,45,50,54,57,61,87,90,92,105,106" m="50761" machi="50" ten="30,1500,0" yaku="20,1" doraHai="71" who="0" fromWho="0" sc="292,15,234,-5,159,-5,315,-5" />
</Scene>
<Scene>
<INIT seed="4,1,0,5,2,35" ten="307,229,154,310" oya="0" hai0="51,61,45,50,25,132,9,4,33,125,43,106,16" hai1="24,23,127,130,99,30,2,21,57,56,5,54,82" hai2="98,13,41,97,37,79,77,65,107,109,67,1,58" hai3="84,31,59,55,19,116,34,29,103,90,122,63,86"/><T121/><D106/><U131/><E127/><V113/><F107/><W20/><G122/><T111/><D121/><U38/><E38/><V46/><F13/><W40/><G116/><T36/><D125/><U92/><E82/><V64/><F109/><W100/><G40/><T12/><D111/><U129/><E23/><V70/><F113/><W7/><G7/><T101/><D101/><N who="3" m="38985" /><G34/><T39/><D132/><U88/><REACH who="1" step="1"/><E54/><REACH who="1" ten="307,219,154,310" step="2"/><V52/><F79/><W115/><G115/><T102/><D39/><U134/><E134/><V128/><F77/><W0/><G55/><T104/><D36/><U123/><E123/><V28/><F37/><W96/><G96/><T94/><D33/><U112/><E112/><V14/><F98/><W32/><G20/><T120/><D120/><U47/><E47/><V81/><F97/><W60/><G32/><T91/><D104/><U83/><E83/><V8/><F81/><W80/><G80/><T17/><D94/><U75/><E75/><V118/><F46/><W3/><G86/><T89/><D45/><U73/><E73/><V74/><F74/><W135/><G84/><T72/><D72/><U87/><E87/><V78/><F78/><W44/><G135/><T49/><D102/><U95/><E95/><V117/><F118/><W6/><G44/><T108/><D108/><U76/><E76/><V27/><F117/><W85/><G85/><T124/><D124/><U71/><E71/><V62/><F70/><W119/><G119/><T105/><D105/><U18/><E18/><V114/><F114/><W126/><G126/><T66/><D17/><RYUUKYOKU ba="1,1" sc="307,-10,219,30,154,-10,310,-10" hai1="2,5,21,24,30,56,57,88,92,99,129,130,131" />
</Scene>
<Scene>
<INIT seed="5,2,1,1,3,8" ten="297,249,144,300" oya="1" hai0="32,109,84,57,86,129,41,64,79,75,87,49,58" hai1="61,29,12,130,101,35,9,102,106,104,20,70,73" hai2="21,33,68,134,122,63,71,100,45,72,60,128,53" hai3="67,105,28,108,116,7,48,91,126,69,13,99,50"/><U47/><E73/><V59/><F33/><W66/><G116/><T19/><D32/><U98/><E130/><V34/><F34/><W107/><G108/><T85/><D109/><U23/><E47/><V38/><F72/><W51/><G126/><T17/><D129/><U74/><E74/><V4/><F100/><W31/><G107/><T135/><D135/><U54/><E54/><V43/><F4/><W125/><G125/><T44/><D58/><U92/><E92/><V10/><F21/><W132/><G132/><T110/><D57/><U89/><E89/><V127/><F10/><N who="3" m="4319" /><G105/><T2/><D2/><U56/><E56/><N who="2" m="34831" /><F134/><W88/><G69/><N who="2" m="26697" /><F127/><W15/><G15/><T40/><D19/><N who="1" m="8591" /><E102/><V55/><F128/><W14/><G14/><T26/><D75/><U95/><E95/><V123/><AGARI ba="2,1" hai="38,43,45,55,59,63,122,123" m="26697,34831" machi="123" ten="30,2000,0" yaku="34,2" doraHai="8" who="2" fromWho="2" sc="297,-7,249,-12,144,36,300,-7" />
</Scene>
<Scene>
<INIT seed="6,0,0,3,5,1" ten="290,237,180,293" oya="2" hai0="50,24,42,104,9,108,82,109,90,34,48,79,33" hai1="88,72,7,22,106,102,97,126,25,15,134,125,59" hai2="129,27,30,71,68,19,0,119,133,44,62,127,77" hai3="53,135,73,74,70,93,99,113,103,101,47,100,89"/><V83/><F119/><W107/><G70/><T75/><D104/><U12/><E72/><N who="3" m="27754" /><G53/><T66/><D66/><U65/><E134/><V94/><F133/><W117/><G47/><T91/><D34/><U57/><E88/><V28/><F0/><W46/><G46/><T3/><D50/><U111/><E111/><V96/><F127/><N who="1" m="48649" /><E65/><V58/><F129/><W5/><G5/><T4/><D42/><U131/><E131/><V122/><F122/><W123/><G135/><T32/><D48/><U130/><E130/><V114/><F114/><W69/><G69/><T11/><D32/><U23/><E23/><V87/><F44/><W31/><G31/><T64/><D64/><U16/><E15/><V54/><F71/><W52/><G52/><T105/><D11/><AGARI ba="0,0" hai="7,11,12,16,22,25,57,59,97,102,106" m="48649" machi="11" ten="30,3900,0" yaku="18,1,52,1,54,1" doraHai="1" who="1" fromWho="0" sc="290,-39,237,39,180,0,293,0" />
</Scene>
<Scene>
<INIT seed="7,0,0,3,1,13" ten="251,276,180,293" oya="3" hai0="56,16,44,125,124,0,105,95,20,61,14,81,23" hai1="97,29,7,48,15,93,21,62,66,58,36,17,134" hai2="99,85,43,107,70,98,39,27,118,64,121,72,75" hai3="30,82,119,77,90,86,135,129,131,8,28,83,100"/><W103/><G119/><T41/><D105/><U73/><E36/><V10/><F118/><W50/><G135/><T9/><D0/><U26/><E134/><V40/><F121/><W78/><G50/><T108/><D81/><U1/><E73/><V55/><F70/><W6/><G90/><T38/><D95/><U74/><E74/><V49/><F64/><W128/><G83/><T18/><D108/><U33/><E48/><V3/><F75/><W35/><G78/><T53/><REACH who="0" step="1"/><D9/><REACH who="0" ten="241,276,180,293" step="2"/><N who="1" m="2287" /><E93/><V94/><F107/><W132/><G132/><T84/><D84/><U130/><E97/><V45/><F72/><W91/><G77/><T96/><D96/><U54/><E130/><V80/><F98/><W117/><G117/><T113/><D113/><U25/><E25/><AGARI ba="0,1" hai="14,16,18,20,23,25,38,41,44,53,56,61,124,125" machi="25" ten="40,8000,1" yaku="1,1,52,2,54,1,53,0" doraHai="13" doraHaiUra="87" who="0" fromWho="1" sc="241,90,276,-80,180,0,293,0" owari="331,43.0,196,-20.0,180,-32.0,293,9.0" />
</Scene>
</mjloggm>