<mjloggm ver="2.3"><GO type="169" lobby="0"/><UN n0="%E3%81%A8%E3%83%BC%E3%82%84%E3%82%93" n1="%47%61%4B%75" n2="%E5%A4%AA%E3%81%8F%E3%81%AA%E3%81%84%E3%81%8A" n3="%6B%79%6F%6E%39%31%30" dan="16,16,18,16" rate="2077.85,2067.73,2238.31,2020.39" sx="M,M,F,M"/><TAIKYOKU oya="0"/>

<Scene>
<INIT seed="0,0,0,3,4,116" ten="250,250,250,250" oya="0" hai0="59,104,1,74,7,135,124,86,46,10,62,68,0" hai1="34,98,35,127,111,103,101,121,24,114,49,54,61" hai2="47,43,131,87,19,12,67,75,29,66,31,109,64" hai3="36,20,125,133,58,45,42,63,99,115,126,17,113"/><T16/><D74/><U14/><E103/><V8/><F75/><W94/><G133/><T77/><D104/><U22/><E14/><V93/><F109/><W56/><G56/><T117/><D117/><U21/><E111/><V13/><F131/><W89/><G115/><T39/><D68/><U50/><E114/><V40/><F13/><W123/><G113/><T112/><D112/><U53/><E127/><V52/><F40/><W79/><G79/><T69/><D69/><U70/><E70/><V96/><F87/><W76/><G76/><T90/><D135/><U73/><E73/><V51/><REACH who="2" step="1"/><F43/><REACH who="2" ten="250,250,240,250" step="2"/><W72/><G72/><T85/><D124/><U2/><E2/><V80/><F80/><W65/><G126/><T37/><D0/><U18/><E24/><V118/><F118/><W71/><G125/><T105/><D85/><U102/><E98/><V41/><F41/><W55/><G123/><T83/><D105/><U33/><E33/><V97/><F97/><W57/><G55/><T84/><D46/><U110/><E110/><V28/><F28/><W4/><G4/><T107/><D107/><U129/><E129/><V81/><F81/><W128/><G128/><T48/><D84/><U91/><E18/><V6/><F6/><W44/><G44/><T122/><D77/><U78/><E78/><V25/><F25/><AGARI ba="0,1" hai="17,20,25,36,42,45,57,58,63,65,71,89,94,99" machi="25" ten="30,1000,0" yaku="7,1" doraHai="116" who="3" fromWho="2" sc="250,0,250,0,240,-10,250,20" />
</Scene>
<Scene>
<INIT seed="1,0,0,1,2,7" ten="250,250,230,270" oya="1" hai0="129,36,9,31,4,66,127,122,38,118,99,100,124" hai1="15,85,67,23,34,119,26,60,91,47,76,105,75" hai2="64,58,133,74,116,12,81,33,61,106,48,44,54" hai3="102,65,78,30,93,104,94,6,121,86,73,28,87"/><U1/><E105/><V71/><F106/><W10/><G121/><T19/><D118/><U97/><E1/><V0/><F0/><W18/><G73/><T108/><D122/><U43/><E119/><V53/><F116/><W63/><G104/><T82/><D129/><U111/><E111/><V77/><F133/><W3/><G18/><T113/><D113/><U13/><E34/><V27/><F12/><W69/><G94/><T96/><D108/><U8/><E75/><V56/><REACH who="2" step="1"/><F54/><REACH who="2" ten="250,250,220,270" step="2"/><W40/><G40/><T83/><D124/><U49/><E13/><V32/><F32/><W42/><G42/><T46/><D127/><U95/><E76/><V57/><F57/><W110/><G110/><T125/><D125/><U51/><E26/><V79/><F79/><W103/><G78/><T130/><D130/><U24/><E24/><V55/><F55/><W20/><G3/><T62/><D100/><U45/><E23/><V59/><F59/><W22/><G102/><T89/><D89/><U115/><E115/><V123/><F123/><W107/><G103/><T72/><D72/><U120/><E120/><V50/><F50/><W21/><G107/><T52/><D38/><U17/><E49/><V39/><F39/><W11/><G22/><T37/><D36/><U128/><E128/><V80/><F80/><W35/><G35/><T135/><D135/><U112/><E112/><V117/><F117/><W25/><G21/><T16/><D37/><U98/><E45/><V134/><F134/><W92/><G20/><T14/><D46/><U90/><E90/><V109/><F109/><RYUUKYOKU ba="0,1" sc="250,-15,250,15,220,15,270,-15" hai1="8,15,17,43,47,51,60,67,85,91,95,97,98" hai2="27,33,44,48,53,56,58,61,64,71,74,77,81" />
</Scene>
<Scene>
<INIT seed="1,1,1,5,1,29" ten="235,265,235,255" oya="1" hai0="91,14,65,132,114,124,35,121,50,89,12,42,30" hai1="117,80,109,78,129,52,103,19,97,11,107,3,71" hai2="38,128,56,82,69,32,0,135,120,33,94,122,53" hai3="64,105,81,55,96,104,17,10,111,16,108,13,63"/><U93/><E117/><V44/><F0/><W77/><G55/><T92/><D121/><U115/><E71/><V98/><F69/><W127/><G127/><T110/><D114/><U23/><E115/><V70/><F70/><N who="3" m="42271" /><G17/><T85/><D65/><U18/><E129/><V5/><F5/><W6/><G96/><T51/><D124/><U41/><E41/><V15/><F15/><W57/><G57/><T66/><D66/><U62/><E109/><N who="3" m="42058" /><G6/><T9/><D110/><U49/><E62/><V47/><F56/><W84/><AGARI ba="1,1" hai="10,13,16,77,81,84,104,105" m="42058,42271" machi="84" ten="30,2000,0" yaku="14,1,54,1" doraHai="29" who="3" fromWho="3" sc="235,-6,265,-11,235,-6,255,33" />
</Scene>
<Scene>
<INIT seed="2,0,0,4,5,90" ten="229,254,229,288" oya="2" hai0="45,12,80,26,89,38,127,107,120,108,35,84,56" hai1="25,39,79,73,47,76,41,51,9,99,4,126,44" hai2="61,68,103,69,113,100,115,102,62,119,101,34,6" hai3="36,118,130,24,50,134,46,123,58,64,18,83,82"/><V95/><F119/><W19/><G123/><T75/><D108/><U5/><E126/><V63/><F34/><W14/><G118/><T52/><D120/><U92/><E25/><V40/><F40/><W20/><G36/><T29/><D127/><U131/><E131/><V132/><F6/><W54/><G130/><T28/><D107/><U27/><E27/><V59/><F59/><W91/><G134/><T135/><D135/><U85/><E73/><V10/><F10/><W21/><G91/><T77/><D28/><U42/><E85/><V94/><F132/><W81/><G64/><T49/><D12/><U117/><E117/><V121/><F121/><W33/><G33/><T23/><D35/><U96/><E96/><V114/><N who="2" m="25600" /><DORA hai="78" /><V15/><REACH who="2" step="1"/><F15/><REACH who="2" ten="229,254,219,288" step="2"/><W109/><G109/><T70/><D70/><AGARI ba="0,1" hai="61,62,63,68,69,70,94,95,113,114,115" m="25600" machi="70" ten="70,36000,4" yaku="1,1,2,1,29,2,28,2,52,2,53,3" doraHai="90,78" doraHaiUra="72,65" who="2" fromWho="0" sc="229,-360,254,0,219,370,288,0" owari="-131,-63.0,254,-15.0,589,69.0,288,9.0" />
</Scene>
</mjloggm>