<mjloggm ver="2.3"><GO type="169" lobby="0"/><UN n0="%E3%83%96%E3%83%83%E3%83%91%E7%A5%9E" n1="%E3%81%94%E3%81%98%E3%82%83%E3%82%8B" n2="%E5%BC%8F%E8%A6%8B%E8%9B%8D" n3="%E5%A4%AA%E3%81%8F%E3%81%AA%E3%81%84%E3%81%8A" dan="16,19,17,18" rate="2153.98,2255.24,2075.04,2237.14" sx="M,M,M,F"/><TAIKYOKU oya="0"/>

<Scene>
<INIT seed="0,0,0,0,3,16" ten="250,250,250,250" oya="0" hai0="22,49,75,90,108,47,39,31,33,95,36,103,23" hai1="96,46,17,21,92,121,41,77,57,111,133,81,114" hai2="28,105,63,19,26,48,112,135,42,61,80,123,84" hai3="116,1,12,86,83,6,44,53,115,131,87,127,50"/><T73/><D108/><U72/><E121/><V71/><F123/><W59/><G116/><T5/><D103/><U93/><E111/><V7/><F112/><W101/><G115/><T122/><D122/><U124/><E114/><V58/><F105/><W70/><G70/><T40/><D5/><U118/><E118/><V76/><F71/><W51/><G1/><T54/><D33/><U79/><E79/><V106/><F106/><W38/><G38/><T110/><D110/><U35/><E35/><V60/><F135/><W74/><G131/><T134/><D134/><U104/><E133/><V119/><F119/><W9/><G127/><T32/><D32/><U117/><E124/><V30/><F7/><W78/><REACH who="3" step="1"/><G101/><REACH who="3" ten="250,250,250,240" step="2"/><T11/><D39/><U8/><E117/><V64/><F64/><W69/><G69/><T62/><D36/><U66/><E66/><V109/><F109/><W125/><G125/><T0/><D0/><U2/><E2/><V120/><F120/><W113/><G113/><T43/><D75/><U13/><E72/><V68/><F68/><W130/><G130/><T29/><D73/><U34/><E104/><V27/><F42/><AGARI ba="0,1" hai="6,9,12,42,44,50,51,53,59,74,78,83,86,87" machi="42" ten="30,2000,0" yaku="1,1,7,1,53,0" doraHai="16" doraHaiUra="89" who="3" fromWho="2" sc="250,0,250,0,250,-20,240,30" />
</Scene>
<Scene>
<INIT seed="1,0,0,0,0,134" ten="250,250,230,270" oya="1" hai0="12,42,135,60,49,63,47,108,73,0,26,96,50" hai1="21,82,90,41,8,112,5,111,54,9,127,38,51" hai2="27,102,120,52,18,45,128,29,83,94,75,34,23" hai3="81,44,2,66,103,10,99,74,58,31,39,91,22"/><U25/><E112/><V93/><F120/><W15/><G66/><T84/><D0/><U110/><E38/><V124/><F128/><W130/><G130/><T69/><D73/><U20/><E41/><V57/><F45/><W95/><G58/><T72/><D72/><U78/><E90/><V65/><F65/><W85/><G2/><T106/><D135/><U123/><E123/><V59/><F102/><W109/><G109/><N who="1" m="41482" /><E127/><V13/><F59/><W87/><G39/><T88/><D108/><U115/><E115/><V4/><F124/><W117/><G117/><T35/><D69/><U77/><E21/><V6/><F83/><W121/><G121/><T98/><D12/><N who="1" m="5135" /><E9/><V119/><F119/><W55/><G10/><T48/><D35/><U19/><E82/><V67/><F4/><W37/><G37/><T100/><D26/><U104/><E104/><V122/><F6/><W118/><G91/><T97/><D106/><U16/><E19/><V107/><F107/><W80/><G80/><N who="0" m="49159" /><D100/><U79/><E79/><V7/><F7/><W71/><G118/><T64/><D64/><U43/><E43/><V131/><F122/><W11/><G103/><T53/><D42/><U36/><E36/><V40/><F67/><W17/><G81/><T28/><D28/><U113/><E113/><V3/><F131/><W24/><G31/><T114/><D114/><U89/><E89/><V126/><F75/><W46/><G74/><T129/><D129/><U86/><E86/><V116/><F116/><W32/><G85/><T61/><AGARI ba="0,0" hai="47,48,49,50,53,60,61,63,96,97,98" m="49159" machi="61" ten="30,2000,0" yaku="8,1,54,1" doraHai="134" who="0" fromWho="0" sc="250,20,250,-10,230,-5,270,-5" />
</Scene>
<Scene>
<INIT seed="2,0,0,5,3,85" ten="270,240,225,265" oya="2" hai0="122,9,46,11,134,88,83,129,77,22,132,54,42" hai1="4,103,30,90,52,89,65,20,67,49,75,92,73" hai2="40,118,47,25,32,121,120,43,3,18,86,126,93" hai3="87,78,29,5,94,99,51,64,27,96,48,38,50"/><V35/><F118/><W106/><G38/><T45/><D122/><U23/><E4/><V81/><F3/><W135/><G135/><N who="0" m="51755" /><D129/><U76/><E73/><V7/><F7/><W101/><G5/><T112/><D112/><U124/><E124/><V6/><F6/><W8/><G8/><T116/><D116/><U119/><E119/><V108/><F93/><W91/><G64/><N who="1" m="24650" /><E76/><V107/><F107/><W10/><G10/><T72/><D22/><N who="1" m="8235" /><E30/><V70/><F126/><W74/><G96/><T100/><D100/><U79/><E79/><V71/><F120/><W53/><G78/><T33/><D33/><U80/><E75/><V131/><F32/><W114/><G74/><T26/><D26/><U44/><E80/><V12/><F81/><W39/><G114/><T13/><D13/><U14/><E14/><V41/><F12/><W1/><G1/><T97/><D54/><U98/><AGARI ba="0,0" hai="44,49,52,89,90,92,98,103" m="8235,24650" machi="98" ten="30,7900,0" yaku="8,1,52,2,54,1" doraHai="85" who="1" fromWho="1" sc="270,-20,240,79,225,-39,265,-20" />
</Scene>
<Scene>
<INIT seed="3,0,0,3,5,29" ten="250,319,186,245" oya="3" hai0="124,50,57,131,54,76,132,64,63,5,93,91,65" hai1="118,73,49,112,117,56,26,129,126,130,70,90,23" hai2="72,24,52,60,128,95,111,27,0,20,122,116,35" hai3="38,16,19,9,94,107,62,21,30,127,41,105,3"/><W40/><G127/><T123/><D123/><U66/><E70/><V45/><F116/><N who="1" m="44649" /><E112/><V77/><F0/><W36/><G62/><T115/><D124/><U6/><E126/><V108/><F122/><W4/><G94/><T133/><D115/><U18/><E73/><V33/><F128/><W83/><G83/><T61/><D131/><U87/><E6/><V22/><F72/><W84/><G84/><T31/><D76/><U80/><E49/><N who="2" m="28719" /><F77/><W109/><G109/><N who="2" m="42057" /><F60/><AGARI ba="0,0" hai="18,23,26,56,60,66,80,87,90,129,130" m="44649" machi="60" ten="30,1000,0" yaku="12,1" doraHai="29" who="1" fromWho="2" sc="250,0,319,10,186,-10,245,0" />
</Scene>
<Scene>
<INIT seed="4,0,0,1,4,113" ten="250,329,176,245" oya="0" hai0="84,23,94,42,30,15,8,9,56,116,127,132,71" hai1="38,48,82,119,69,65,98,4,6,87,12,21,88" hai2="131,54,129,11,45,28,64,96,101,118,111,80,57" hai3="76,97,95,18,67,99,44,24,83,50,33,108,39"/><T59/><D71/><U55/><E38/><V85/><F111/><W75/><G108/><T107/><D107/><U125/><E125/><V51/><F28/><W61/><G39/><T70/><D127/><U79/><E119/><V16/><F64/><W19/><G33/><T135/><D70/><U2/><E2/><V110/><F110/><W121/><G121/><T22/><D42/><U10/><E21/><V92/><F57/><W114/><G114/><T66/><D116/><U68/><E6/><V93/><F93/><W29/><G29/><T52/><D66/><U126/><E126/><V32/><F32/><W106/><G106/><T58/><D52/><U103/><E79/><V109/><F109/><W36/><G36/><T72/><D72/><U37/><E37/><V86/><F118/><W120/><G24/><T102/><D30/><U122/><E65/><V77/><REACH who="2" step="1"/><F86/><REACH who="2" ten="250,329,166,245" step="2"/><W53/><G120/><T34/><D34/><U27/><E122/><V1/><F1/><W35/><G35/><T105/><D105/><U5/><E69/><V17/><F17/><W40/><G19/><T41/><D84/><U91/><E68/><V123/><F123/><W100/><G18/><T78/><D94/><U14/><E87/><V46/><F46/><W0/><G0/><T112/><D112/><U63/><E5/><V74/><F74/><W128/><G67/><T104/><D104/><U60/><E4/><V130/><F130/><W31/><G128/><T90/><D59/><U25/><E98/><V3/><F3/><W49/><G99/><T115/><D115/><U13/><E82/><RYUUKYOKU ba="0,1" sc="250,-10,329,-10,166,30,245,-10" hai2="11,16,45,51,54,77,80,85,92,96,101,129,131" />
</Scene>
<Scene>
<INIT seed="5,1,1,5,2,127" ten="240,319,196,235" oya="1" hai0="55,83,40,9,79,120,66,74,7,90,2,62,45" hai1="28,51,103,89,121,57,30,59,14,38,101,63,84" hai2="134,125,13,31,72,33,88,50,104,41,53,44,34" hai3="69,60,116,36,123,73,135,109,26,22,106,47,85"/><U3/><E3/><V128/><F72/><W87/><G73/><T71/><D90/><U39/><E121/><V100/><F125/><W17/><G109/><T94/><D94/><N who="1" m="54567" /><E38/><V110/><F110/><W19/><G123/><T18/><D18/><U49/><E39/><V107/><F134/><W15/><G106/><T131/><D55/><N who="1" m="31983" /><E51/><V35/><F31/><N who="1" m="11817" /><E14/><V124/><F124/><W77/><G135/><T46/><D120/><U4/><E4/><V42/><F13/><W115/><G116/><T122/><D122/><U29/><E29/><V82/><F104/><W105/><G105/><T80/><D80/><U61/><E61/><V0/><F0/><W78/><G60/><T119/><D119/><U96/><E96/><V114/><F114/><W117/><G117/><T67/><D67/><AGARI ba="1,1" hai="59,63,67,101,103" m="11817,31983,54567" machi="67" ten="30,1500,0" yaku="8,1" doraHai="127" who="1" fromWho="0" sc="240,-18,319,28,196,0,235,0" />
</Scene>
<Scene>
<INIT seed="5,2,0,3,0,127" ten="222,347,196,235" oya="1" hai0="132,86,75,2,14,49,44,78,114,107,61,76,59" hai1="110,7,15,11,113,133,1,66,47,3,106,128,135" hai2="89,71,95,16,42,69,57,117,116,80,104,105,119" hai3="64,70,120,50,72,60,6,9,101,97,19,0,121"/><U37/><E106/><V90/><F42/><W10/><G50/><T82/><D2/><U92/><E66/><V34/><F34/><W62/><G72/><T28/><D107/><U35/><E35/><V73/><F57/><W22/><G10/><T54/><D114/><U79/><E79/><V27/><F73/><W25/><REACH who="3" step="1"/><G62/><REACH who="3" ten="222,347,196,225" step="2"/><T103/><D75/><U130/><E11/><V131/><F116/><W4/><G4/><T125/><D61/><U33/><E7/><V129/><F117/><W77/><G77/><T93/><D76/><U94/><E135/><V85/><F119/><W84/><G84/><T31/><D132/><U51/><E51/><V123/><F123/><W32/><G32/><T109/><D49/><U74/><E33/><V96/><F104/><AGARI ba="2,1" hai="0,6,9,19,22,25,60,64,70,97,101,104,120,121" machi="104" ten="30,2000,0" yaku="1,1,7,1,53,0" doraHai="127" doraHaiUra="40" who="3" fromWho="2" sc="222,0,347,0,196,-26,225,36" />
</Scene>
<Scene>
<INIT seed="6,0,0,3,2,24" ten="222,347,170,261" oya="2" hai0="25,90,93,97,26,31,49,112,32,45,62,104,131" hai1="29,8,4,128,135,69,118,53,14,125,116,70,126" hai2="30,19,110,40,92,37,47,0,61,54,120,67,95" hai3="63,108,1,27,50,80,3,44,98,51,65,12,75"/><V134/><F120/><W82/><G108/><T58/><D112/><U113/><E113/><V96/><F0/><W129/><G129/><T84/><D131/><U23/><E128/><V78/><F110/><W17/><G98/><T41/><D25/><N who="1" m="16575" /><E53/><V132/><F78/><W10/><G27/><T2/><D2/><U99/><E99/><V11/><F54/><W130/><G130/><T36/><D104/><U15/><E135/><N who="2" m="51755" /><F30/><W133/><G133/><T123/><D123/><U73/><E73/><V103/><F11/><W16/><G75/><T100/><D36/><U94/><E94/><N who="2" m="58775" /><F19/><W43/><G17/><T52/><REACH who="0" step="1"/><D84/><REACH who="0" ten="212,347,170,261" step="2"/><U33/><E15/><V101/><F101/><AGARI ba="0,1" hai="26,31,32,41,45,49,52,58,62,90,93,97,100,101" machi="101" ten="40,8000,1" yaku="1,1,2,1,52,1,54,1,53,0" doraHai="24" doraHaiUra="106" who="0" fromWho="2" sc="212,90,347,0,170,-80,261,0" />
</Scene>
<Scene>
<INIT seed="7,0,0,5,4,6" ten="302,347,90,261" oya="3" hai0="16,101,120,64,80,96,130,25,27,132,37,7,47" hai1="33,126,106,49,53,34,128,135,125,72,112,77,73" hai2="57,15,36,94,70,1,35,81,95,56,29,114,91" hai3="28,22,102,67,103,21,20,113,121,9,2,89,4"/><W3/><G121/><T69/><D120/><U93/><E106/><V129/><F114/><W99/><G113/><T51/><D37/><U117/><E112/><V55/><F129/><W45/><G67/><T83/><D130/><U82/><E128/><V98/><F70/><W52/><G2/><T31/><D132/><U87/><E135/><V65/><F36/><W109/><G109/><T14/><D7/><U19/><E19/><V39/><F39/><W119/><G119/><T54/><D69/><U74/><E93/><V5/><F65/><W8/><G28/><T17/><D64/><U24/><E117/><V13/><F81/><W30/><G30/><T26/><D31/><U105/><E105/><V75/><F75/><W127/><G127/><N who="1" m="48650" /><E24/><V122/><F122/><W116/><G116/><T124/><D124/><U71/><E71/><V118/><F118/><W38/><G38/><T123/><D123/><U92/><E92/><V79/><F79/><W12/><G89/><T108/><D108/><U76/><E77/><V61/><F1/><W78/><G78/><T131/><D131/><U23/><E23/><V32/><F29/><W62/><G99/><T110/><D110/><U48/><E48/><V58/><F58/><AGARI ba="0,0" hai="33,34,49,53,58,72,73,74,76,82,87" m="48650" machi="58" ten="40,1300,0" yaku="18,1" doraHai="6" who="1" fromWho="2" sc="302,0,347,13,90,-13,261,0" owari="302,10.0,360,46.0,77,-42.0,261,-14.0" />
</Scene>
</mjloggm>