<mjloggm ver="2.3"><GO type="169" lobby="0"/><UN n0="%E5%A4%AA%E3%81%8F%E3%81%AA%E3%81%84%E3%81%8A" n1="%79%69%6E%6E%65%72%30%36" n2="%E3%81%A8%E3%81%BF%E3%81%9F%E3%81%91%E3%82%8B" n3="%E3%82%B9%E3%83%86%E3%83%AB%E3%82%B9%6B%69%6E%6F" dan="18,17,16,17" rate="2189.46,2086.47,2139.86,2177.42" sx="F,M,M,F"/><TAIKYOKU oya="0"/>

<Scene>
<INIT seed="0,0,0,0,2,127" ten="250,250,250,250" oya="0" hai0="2,29,93,114,72,1,87,9,119,124,23,117,88" hai1="113,121,18,130,50,102,24,118,4,83,68,90,57" hai2="128,13,85,19,110,44,106,67,46,33,82,95,109" hai3="6,101,21,54,12,69,73,65,27,86,77,51,25"/><T76/><D114/><U115/><E121/><V75/><F106/><W11/><G73/><T47/><D124/><U125/><E68/><V66/><F33/><W116/><G116/><T26/><D47/><U64/><E118/><V32/><F32/><W52/><G101/><T99/><D72/><U135/><E135/><V92/><F75/><W134/><G134/><T40/><D40/><U36/><E36/><V63/><F46/><W91/><G77/><T5/><REACH who="0" step="1"/><D2/><REACH who="0" ten="240,250,250,250" step="2"/><U30/><E125/><V62/><F44/><W38/><G38/><T8/><D8/><U55/><E115/><V20/><F110/><W78/><G11/><T14/><D14/><U104/><E113/><V59/><F109/><W61/><G12/><T100/><D100/><U120/><E102/><V123/><F123/><W97/><G54/><T17/><D17/><U71/><E120/><V107/><F107/><W53/><G52/><T42/><D42/><U16/><E18/><V0/><F0/><W35/><G53/><T126/><D126/><U133/><E16/><V84/><F13/><W129/><G65/><T60/><D60/><U10/><E104/><V48/><F19/><W37/><G61/><T58/><D58/><U122/><E64/><V28/><F59/><W70/><G37/><T45/><D45/><U43/><E122/><V74/><F74/><W111/><G111/><T34/><D34/><U112/><E112/><V103/><F103/><W132/><G35/><T22/><D22/><U81/><E43/><V15/><F67/><W96/><G21/><T105/><D105/><U49/><E57/><RYUUKYOKU ba="0,1" sc="240,30,250,-10,250,-10,250,-10" hai0="1,5,9,23,26,29,76,87,88,93,99,117,119" />
</Scene>
<Scene>
<INIT seed="0,1,1,5,3,73" ten="270,240,240,240" oya="0" hai0="19,24,117,52,21,11,124,88,79,77,129,53,84" hai1="32,95,60,28,48,27,100,89,134,63,34,128,85" hai2="59,23,0,9,65,115,81,3,135,114,68,113,75" hai3="50,61,93,46,82,43,30,92,83,42,66,97,33"/><T91/><D117/><U111/><E134/><V64/><F135/><W7/><G93/><N who="0" m="54407" /><D129/><U105/><E128/><V86/><F68/><W74/><G7/><T109/><D124/><U110/><E34/><V106/><F106/><W18/><G18/><N who="0" m="12343" /><D109/><N who="1" m="41483" /><E48/><V49/><F75/><W45/><G50/><T37/><D37/><U127/><E127/><V17/><F9/><W69/><G33/><T80/><D91/><U125/><E125/><V31/><F31/><W10/><G30/><T130/><D130/><U22/><E32/><V78/><F65/><W101/><G66/><T71/><D71/><U5/><E5/><V87/><F87/><W94/><G69/><T26/><D80/><U54/><E54/><N who="0" m="21097" /><D26/><U40/><E40/><V2/><F49/><W67/><G43/><T29/><D29/><U38/><E38/><V133/><F133/><W118/><G42/><T55/><N who="0" m="21105" /><T123/><DORA hai="120" /><D123/><U119/><E119/><V35/><F35/><W25/><G83/><T72/><D72/><U13/><E13/><AGARI ba="1,1" hai="11,13,19,77,79" m="21105,12343,54407" machi="13" ten="30,12000,1" yaku="8,1,52,2,54,2" doraHai="73,120" who="0" fromWho="1" sc="270,133,240,-123,240,0,240,0" />
</Scene>
<Scene>
<INIT seed="0,2,0,2,2,2" ten="403,117,240,240" oya="0" hai0="132,56,99,3,37,64,23,105,119,55,121,8,70" hai1="41,28,63,31,93,38,14,24,60,59,62,106,49" hai2="13,6,67,118,117,88,134,30,18,19,94,74,40" hai3="57,85,110,98,95,123,50,29,34,97,45,5,130"/><T16/><D119/><N who="2" m="45578" /><F74/><W12/><G110/><T126/><D121/><U131/><E106/><V84/><F134/><W104/><G123/><T47/><D132/><U86/><E38/><V135/><F135/><W69/><G69/><T80/><D126/><U73/><E73/><V128/><F128/><W21/><G130/><T68/><D64/><U48/><E131/><V89/><F40/><W42/><G104/><T46/><D80/><U124/><E124/><V113/><F30/><W17/><G57/><T133/><D133/><U53/><E14/><V116/><N who="2" m="45586" /><V100/><DORA hai="122" /><F100/><W102/><G102/><T83/><D83/><U114/><E114/><V111/><F67/><W36/><G36/><T72/><D72/><U71/><E71/><V103/><F103/><W22/><G34/><T44/><D37/><U33/><E28/><V10/><F113/><W43/><G43/><T81/><D105/><U129/><E129/><V1/><F1/><W20/><G29/><T96/><D68/><U26/><E26/><V91/><F111/><W76/><G76/><T0/><D70/><U25/><E25/><V107/><F107/><W66/><G66/><T11/><D3/><U4/><E4/><V39/><F39/><W65/><G5/><T115/><D115/><U79/><E41/><V90/><AGARI ba="2,0" hai="6,10,13,18,19,84,88,89,90,91,94" m="45586" machi="90" ten="50,6400,0" yaku="12,1,52,1,54,1" doraHai="2,122" who="2" fromWho="2" sc="403,-34,117,-18,240,70,240,-18" />
</Scene>
<Scene>
<INIT seed="1,0,0,2,4,65" ten="369,99,310,222" oya="1" hai0="43,30,106,31,67,128,124,135,97,70,92,0,2" hai1="14,68,8,88,23,55,41,52,22,49,132,12,98" hai2="76,134,29,4,75,120,80,19,84,90,105,119,83" hai3="101,86,82,38,99,18,54,5,74,37,109,79,61"/><U121/><E121/><V34/><F120/><W10/><G109/><T45/><D106/><U6/><E132/><V50/><F119/><W130/><G130/><T107/><D107/><U131/><E131/><V17/><F134/><W64/><G54/><N who="1" m="20522" /><E68/><V133/><F133/><W35/><G18/><T96/><D135/><U9/><E41/><V87/><F50/><W3/><G86/><T16/><D128/><U40/><E40/><V28/><F105/><N who="3" m="63679" /><G35/><T39/><D124/><U27/><E49/><V112/><F112/><W114/><G114/><T108/><D108/><U13/><E6/><V62/><F62/><W51/><G51/><T127/><D127/><U116/><E116/><V111/><F111/><W115/><G115/><T95/><D43/><U66/><E66/><V110/><F110/><W46/><G46/><T117/><D67/><U59/><E59/><V103/><F4/><W91/><G91/><T11/><D45/><U71/><E71/><AGARI ba="0,0" hai="3,5,10,37,38,61,64,71,74,79,82" m="63679" machi="71" ten="30,3900,0" yaku="33,2,52,1" doraHai="65" who="3" fromWho="1" sc="369,0,99,-39,310,0,222,39" />
</Scene>
<Scene>
<INIT seed="2,0,0,1,2,87" ten="369,60,310,261" oya="2" hai0="29,99,23,7,18,52,33,51,70,73,81,106,45" hai1="67,41,38,28,71,43,55,75,46,125,116,77,5" hai2="100,6,101,62,113,129,103,88,112,66,104,48,111" hai3="57,20,110,69,40,114,32,78,89,64,80,107,30"/><V61/><F104/><W25/><G69/><T37/><D70/><U0/><E43/><V17/><F129/><W115/><G107/><T135/><D135/><U24/><E116/><V121/><F121/><W35/><G110/><T85/><D73/><U124/><E55/><V50/><F6/><W16/><G40/><T14/><D37/><U120/><E120/><V127/><F111/><W126/><G126/><N who="1" m="48746" /><E67/><V92/><F17/><W83/><G83/><T53/><D7/><U65/><E65/><V97/><F127/><W1/><G1/><T84/><D33/><N who="1" m="20615" /><E71/><V108/><F108/><W44/><G44/><T132/><D132/><U59/><E59/><V96/><F66/><W34/><G57/><T8/><D53/><U13/><E13/><V98/><F113/><N who="3" m="43019" /><G64/><T86/><D106/><U90/><E90/><V3/><F3/><W94/><G78/><T123/><D123/><U133/><E133/><V47/><F112/><W128/><G80/><T27/><REACH who="0" step="1"/><D99/><REACH who="0" ten="359,60,310,261" step="2"/><N who="2" m="37962" /><F47/><W122/><G122/><T95/><D95/><U12/><E75/><V72/><F72/><W21/><G94/><T102/><D102/><U10/><E0/><V31/><F31/><W118/><G30/><T4/><D4/><U36/><E38/><V39/><F39/><W49/><G118/><T58/><D58/><U82/><E82/><AGARI ba="0,1" hai="8,14,18,23,27,29,45,51,52,81,82,84,85,86" machi="82" ten="40,5200,0" yaku="1,1,8,1,54,1,53,0" doraHai="87" doraHaiUra="117" who="0" fromWho="1" sc="359,62,60,-52,310,0,261,0" />
</Scene>
<Scene>
<INIT seed="3,0,0,5,5,45" ten="421,8,310,261" oya="3" hai0="117,3,130,25,121,114,36,88,50,44,48,46,52" hai1="112,93,20,51,13,108,34,76,62,23,55,77,75" hai2="53,60,102,109,113,107,94,119,79,4,16,128,2" hai3="104,7,31,59,129,99,19,49,67,43,6,63,14"/><W9/><G129/><T29/><D117/><U57/><E112/><V11/><F113/><W91/><G31/><T118/><D118/><U103/><E34/><V41/><F119/><W68/><G104/><T33/><D114/><U32/><E32/><V47/><F107/><W85/><G99/><T15/><D3/><U40/><E75/><V61/><F79/><N who="1" m="30281" /><E108/><V58/><F128/><W122/><G122/><T101/><D101/><U65/><E40/><V89/><F109/><W92/><REACH who="3" step="1"/><G68/><REACH who="3" ten="421,8,310,251" step="2"/><T56/><D130/><U74/><E74/><V8/><F102/><W10/><G10/><T90/><D121/><U21/><E103/><V35/><F11/><W111/><G111/><T100/><D100/><U135/><E135/><V64/><F8/><W125/><G125/><T38/><D29/><U18/><E93/><V106/><F94/><W134/><G134/><T87/><D33/><U78/><N who="1" m="30289" /><U0/><DORA hai="26" /><E0/><V120/><F35/><W5/><G5/><T116/><D116/><U83/><E83/><V17/><F2/><W98/><G98/><T124/><D124/><U105/><E105/><V30/><F4/><W126/><G126/><T96/><D96/><U73/><E73/><V81/><F106/><W28/><G28/><T115/><D115/><U133/><E133/><V37/><F30/><W12/><G12/><T71/><D15/><U39/><E39/><V24/><F120/><W123/><G123/><T127/><D127/><U97/><E97/><V54/><F81/><W1/><G1/><T132/><D132/><U70/><E70/><V69/><F69/><RYUUKYOKU ba="0,1" sc="421,-15,8,15,310,-15,251,15" hai1="13,18,20,21,23,51,55,57,62,65" hai3="6,7,9,14,19,43,49,59,63,67,85,91,92" />
</Scene>
<Scene>
<INIT seed="3,1,1,2,3,135" ten="406,23,295,266" oya="3" hai0="80,81,31,115,120,4,54,55,134,124,42,78,18" hai1="121,53,30,79,20,58,22,69,35,87,73,14,21" hai2="16,25,61,1,130,15,64,11,98,122,56,71,86" hai3="118,50,8,104,37,29,90,119,108,123,75,72,100"/><W96/><G123/><T13/><D120/><U60/><E73/><V103/><F122/><W0/><G37/><T45/><D134/><U5/><E121/><V110/><F110/><W65/><G108/><T47/><D115/><U57/><E69/><V128/><F1/><W6/><G29/><T127/><D4/><U70/><E70/><V102/><F102/><W43/><G65/><T9/><D31/><U68/><E68/><V101/><F101/><W82/><G75/><T67/><D67/><U26/><E57/><V24/><F86/><W48/><G48/><N who="0" m="26679" /><D47/><U41/><E41/><V34/><F56/><W32/><G32/><T2/><D2/><U10/><E87/><V106/><REACH who="2" step="1"/><F25/><REACH who="2" ten="406,23,285,266" step="2"/><W95/><G72/><T117/><D117/><U109/><E109/><V85/><F85/><W40/><G82/><T76/><D81/><U88/><E79/><V114/><F114/><W39/><G118/><T44/><D80/><U126/><REACH who="1" step="1"/><E88/><REACH who="1" ten="406,13,285,266" step="2"/><V91/><F91/><N who="3" m="55423" /><G119/><T113/><D113/><U131/><E131/><V27/><F27/><W92/><G90/><T112/><D112/><U51/><E51/><V52/><F52/><W33/><G50/><N who="0" m="28999" /><D55/><U99/><E99/><V105/><F105/><W89/><G89/><T28/><D78/><U62/><E62/><V3/><F3/><W74/><G0/><T97/><D76/><U17/><E17/><V107/><F107/><W93/><G104/><T132/><D97/><U83/><E83/><V46/><F46/><W111/><G111/><T38/><D18/><U59/><E59/><V84/><F84/><W12/><G74/><RYUUKYOKU ba="1,3" sc="406,-15,13,15,285,15,266,-15" hai1="5,10,14,20,21,22,26,30,35,53,58,60,126" hai2="11,15,16,24,34,61,64,71,98,103,106,128,130" />
</Scene>
<Scene>
<INIT seed="4,2,3,1,3,19" ten="391,28,300,251" oya="0" hai0="132,8,44,58,3,5,130,16,53,74,114,106,6" hai1="124,28,87,94,93,84,15,134,20,103,12,90,25" hai2="117,77,92,9,64,115,29,51,98,34,113,78,120" hai3="71,131,91,55,101,108,109,89,67,62,69,56,49"/><T31/><D74/><U128/><E134/><V102/><F120/><W59/><G101/><T42/><D106/><U27/><E128/><V129/><F117/><W122/><G91/><T35/><D130/><U73/><E73/><V13/><F129/><W118/><G131/><T47/><D5/><U37/><E37/><V70/><F64/><W11/><G89/><T61/><D132/><U7/><E124/><V1/><F1/><W85/><G85/><T96/><D114/><N who="2" m="43530" /><F70/><N who="3" m="26635" /><G11/><T40/><D96/><U10/><E27/><N who="2" m="18751" /><F51/><N who="3" m="30847" /><G118/><T112/><D112/><U81/><E103/><V121/><F121/><W83/><G83/><T80/><D80/><U104/><E104/><V45/><F45/><W86/><G86/><T54/><D44/><U110/><E110/><N who="3" m="42602" /><G49/><T43/><D47/><U82/><REACH who="1" step="1"/><E12/><REACH who="1" ten="391,18,300,251" step="2"/><V119/><F119/><W79/><G79/><AGARI ba="2,4" hai="7,10,15,20,25,28,79,81,82,84,87,90,93,94" machi="79" ten="30,12000,2" yaku="1,1,2,1,7,1,8,1,52,1,53,1" doraHai="19" doraHaiUra="2" who="1" fromWho="3" sc="391,0,18,166,300,0,251,-126" />
</Scene>
<Scene>
<INIT seed="5,0,0,0,0,56" ten="391,184,300,125" oya="1" hai0="2,126,69,59,40,68,20,125,75,113,124,82,13" hai1="111,86,76,45,52,91,53,34,65,10,114,115,12" hai2="38,74,132,4,135,41,64,90,55,46,37,133,116" hai3="134,51,29,117,72,54,88,3,108,23,93,97,121"/><U27/><E76/><V67/><F74/><W43/><G108/><T19/><D113/><N who="1" m="43019" /><E111/><V109/><F4/><W84/><G121/><T104/><D2/><U128/><E128/><V102/><F102/><W66/><G72/><T83/><D104/><U81/><E65/><N who="2" m="25163" /><F90/><W15/><G3/><T78/><D40/><U107/><E107/><V85/><F85/><W122/><G122/><T70/><D59/><U87/><E87/><V5/><F5/><W61/><G43/><T25/><REACH who="0" step="1"/><D83/><REACH who="0" ten="381,184,300,125" step="2"/><U110/><E110/><V127/><F109/><W30/><G117/><T131/><D131/><U24/><E45/><V33/><F116/><W96/><G134/><T35/><D35/><U0/><E0/><V42/><F46/><W120/><G120/><T62/><D62/><U92/><E34/><V48/><F42/><W103/><G61/><T58/><D58/><U11/><E81/><V6/><F41/><W8/><G93/><T1/><D1/><U77/><E92/><V89/><F33/><W119/><G119/><T79/><D79/><U95/><E77/><V47/><F135/><W130/><G130/><T39/><D39/><U7/><E95/><V14/><F133/><W101/><G51/><T112/><D112/><U49/><E49/><V106/><F106/><W16/><G66/><T21/><D21/><U36/><E36/><V50/><F132/><W123/><G123/><T9/><D9/><U129/><E11/><N who="2" m="4471" /><F50/><W26/><G8/><T118/><D118/><U22/><E129/><V44/><F47/><W99/><G23/><T105/><D105/><U100/><E22/><RYUUKYOKU ba="0,1" sc="381,30,184,-10,300,-10,125,-10" hai0="13,19,20,25,68,69,70,75,78,82,124,125,126" />
</Scene>
<Scene>
<INIT seed="6,1,1,5,2,78" ten="411,174,290,115" oya="2" hai0="98,46,129,72,73,110,88,48,74,118,57,4,102" hai1="59,86,113,75,124,1,5,39,43,80,27,90,28" hai2="36,95,34,121,38,127,61,81,94,32,44,83,25" hai3="49,45,30,11,15,55,132,65,40,6,47,67,79"/><V60/><F25/><W117/><G132/><T84/><D110/><U69/><E69/><V10/><F10/><W14/><G117/><T71/><D71/><U21/><E113/><V35/><F44/><W99/><G30/><T128/><D4/><U23/><E75/><V26/><F26/><W126/><G126/><T62/><D118/><U13/><E1/><V100/><F100/><W42/><G15/><T33/><D33/><U106/><E106/><V53/><F53/><W70/><G70/><T108/><D108/><U104/><E104/><V24/><F24/><W96/><G55/><N who="0" m="30103" /><D98/><U131/><E124/><V68/><F68/><W31/><G31/><T20/><D20/><U64/><E23/><V92/><F127/><W111/><G111/><T85/><D88/><U82/><E43/><V63/><F121/><W112/><G112/><T119/><D102/><U122/><E131/><N who="0" m="50249" /><D119/><U134/><E39/><AGARI ba="1,1" hai="32,34,35,36,38,39,60,61,63,81,83,92,94,95" machi="39" ten="50,18000,2" yaku="29,2,28,2,52,2" doraHai="78" who="2" fromWho="1" sc="411,0,174,-183,290,193,115,0" owari="411,21.0,-9,-51.0,483,58.0,115,-28.0" />
</Scene>
</mjloggm>