<mjloggm ver="2.3"><GO type="169" lobby="0"/><UN n0="%E3%83%AA%E3%83%BC%E3%83%81%EF%BC%91" n1="%E5%A4%AA%E3%81%8F%E3%81%AA%E3%81%84%E3%81%8A" n2="%E7%89%9B%E4%B8%BC%E5%A4%A7%E9%AD%94%E7%A5%9E" n3="%E3%80%93%E6%9D%BE%E4%BA%95%EF%BC%A3%EF%BC%B3%E3%80%93" dan="17,18,16,18" rate="2150.00,2167.65,2082.05,2202.67" sx="M,F,M,M"/><TAIKYOKU oya="0"/>

<Scene>
<INIT seed="0,0,0,5,5,49" ten="250,250,250,250" oya="0" hai0="2,34,41,116,99,129,78,64,45,110,69,85,16" hai1="10,120,21,28,31,114,92,115,17,52,9,77,66" hai2="108,36,68,67,101,23,14,93,123,59,44,80,89" hai3="134,121,127,4,111,53,42,37,13,109,22,39,72"/><T6/><D116/><U29/><E66/><V76/><F123/><W73/><G121/><T40/><D34/><U0/><E120/><V96/><F108/><W117/><G117/><T105/><D110/><N who="3" m="41993" /><G134/><T130/><D6/><U38/><E38/><N who="3" m="14346" /><G42/><T58/><D69/><U95/><E77/><V132/><F68/><W19/><G127/><T133/><D2/><U26/><E0/><V128/><F128/><N who="0" m="49258" /><D45/><U112/><REACH who="1" step="1"/><E52/><REACH who="1" ten="250,240,250,250" step="2"/><V57/><F67/><W62/><G53/><T91/><D78/><U47/><E47/><V107/><F132/><W55/><G4/><T46/><D46/><U7/><E7/><V18/><F44/><W79/><G79/><T30/><D133/><U131/><E131/><V54/><F54/><W33/><G33/><T25/><D64/><U27/><E27/><V65/><F65/><W81/><G81/><T8/><D58/><AGARI ba="0,1" hai="13,19,22,55,58,62,72,73" m="14346,41993" machi="58" ten="30,2000,0" yaku="14,1,52,1" doraHai="49" who="3" fromWho="0" sc="250,-20,240,0,250,0,250,30" />
</Scene>
<Scene>
<INIT seed="1,0,0,4,2,87" ten="230,240,250,280" oya="1" hai0="22,59,102,78,19,14,42,63,96,105,30,35,94" hai1="84,108,120,91,101,2,128,25,36,116,112,54,88" hai2="68,93,81,122,83,13,66,45,57,73,117,24,21" hai3="135,110,124,92,32,61,33,129,60,106,29,48,47"/><U67/><E120/><V109/><F117/><W119/><G119/><T103/><D42/><U4/><E116/><V62/><F122/><W0/><G106/><T39/><D39/><U75/><E112/><V52/><F109/><W97/><G110/><T85/><D35/><U86/><E75/><V44/><F13/><W6/><G135/><T11/><D103/><U89/><E108/><V123/><F123/><W133/><G129/><T70/><D70/><U53/><E36/><V115/><F115/><W31/><G124/><T121/><D121/><U3/><E128/><V125/><F125/><W41/><G133/><T71/><D71/><U18/><E67/><V5/><F5/><W79/><G79/><T37/><D37/><U43/><E43/><V8/><F8/><W12/><G0/><T99/><D99/><U104/><E104/><V118/><F93/><W111/><G33/><T55/><D30/><N who="3" m="11273" /><G32/><T100/><D100/><U51/><E101/><V132/><F132/><W131/><G131/><T56/><D56/><N who="1" m="32831" /><E3/><V28/><F118/><W15/><G111/><T95/><D105/><U50/><E4/><V58/><F68/><W23/><G6/><T34/><D34/><U46/><E2/><V7/><F7/><W1/><G1/><T74/><D74/><U10/><E10/><V64/><F73/><W27/><G27/><T80/><D11/><U9/><E25/><V76/><F64/><W77/><G77/><T130/><D130/><U65/><E65/><V134/><F76/><W69/><G69/><T82/><D78/><U17/><E9/><V20/><F134/><RYUUKYOKU ba="0,0" sc="230,15,240,15,250,-15,280,-15" hai0="14,19,22,55,59,63,80,82,85,94,95,96,102" hai1="17,18,46,50,54,84,86,88,89,91" />
</Scene>
<Scene>
<INIT seed="1,1,0,2,5,34" ten="245,255,235,265" oya="1" hai0="25,132,101,94,115,52,6,37,79,45,116,89,125" hai1="113,20,11,87,38,96,18,108,61,2,76,41,42" hai2="129,58,19,28,103,69,59,119,8,74,85,53,88" hai3="70,98,124,102,105,29,92,48,60,77,128,63,99"/><U9/><E113/><V131/><F69/><W22/><G128/><N who="2" m="49225" /><F74/><W111/><G111/><T17/><D115/><U106/><E38/><V56/><F103/><W0/><G124/><T86/><D125/><U1/><E108/><V72/><F72/><W40/><G77/><T123/><D116/><U30/><E30/><V57/><F28/><W14/><G0/><T110/><D110/><U100/><E61/><V39/><F39/><W75/><G75/><T36/><D6/><U122/><E122/><V27/><F119/><W62/><G70/><T73/><D101/><U13/><E11/><V81/><F58/><W26/><G99/><T54/><D132/><U104/><E104/><V95/><F81/><W82/><G82/><T55/><D123/><U109/><E109/><V47/><F47/><N who="3" m="25703" /><G105/><T16/><D79/><U43/><E76/><V80/><F80/><W44/><G44/><T65/><D73/><U78/><E78/><V67/><F67/><W31/><G31/><T66/><D37/><U135/><E135/><V127/><F127/><W120/><G120/><T33/><D33/><U15/><REACH who="1" step="1"/><E87/><REACH who="1" ten="245,245,235,265" step="2"/><V10/><F53/><N who="0" m="20586" /><D36/><U51/><E51/><V93/><F93/><W90/><G63/><T118/><D118/><U133/><E133/><V5/><F5/><AGARI ba="1,1" hai="1,2,5,9,13,15,18,20,41,42,43,96,100,106" machi="5" ten="40,7700,0" yaku="1,1,52,2,53,0" doraHai="34" doraHaiUra="112" who="1" fromWho="2" sc="245,0,245,90,235,-80,265,0" />
</Scene>
<Scene>
<INIT seed="1,2,0,3,1,5" ten="245,335,155,265" oya="1" hai0="70,29,32,93,76,35,119,14,100,109,22,54,33" hai1="126,123,3,129,36,42,88,114,7,133,72,40,48" hai2="90,11,118,44,87,41,59,31,116,61,104,16,74" hai3="50,107,92,38,68,73,89,30,17,121,62,122,111"/><U75/><E123/><V115/><F104/><W81/><G38/><T79/><D119/><U25/><E114/><V8/><F74/><W65/><G107/><T134/><D70/><U83/><E36/><V6/><F115/><W46/><G111/><T78/><D109/><U105/><E105/><V58/><F31/><W117/><G117/><T97/><D134/><U86/><E133/><V53/><F59/><W15/><G30/><T135/><D135/><U57/><E129/><V82/><F16/><W84/><G92/><T12/><REACH who="0" step="1"/><D54/><REACH who="0" ten="235,335,155,265" step="2"/><U27/><E126/><V9/><REACH who="2" step="1"/><F6/><REACH who="2" ten="235,335,145,265" step="2"/><W96/><G122/><T128/><D128/><U63/><E7/><V2/><F2/><W47/><G121/><T34/><D34/><U19/><E3/><V85/><F85/><W37/><G73/><T120/><D120/><U56/><E75/><V127/><F127/><W51/><G68/><T43/><D43/><U125/><E125/><V69/><F69/><W20/><G84/><T80/><D80/><U102/><E72/><V1/><F1/><W66/><G81/><T67/><D67/><N who="1" m="39399" /><E42/><V131/><F131/><W94/><G66/><T95/><D95/><U45/><E40/><V71/><F71/><W77/><G65/><T103/><D103/><U4/><E102/><V64/><F64/><W101/><G101/><T132/><D132/><U91/><E4/><V98/><F98/><W18/><G96/><T130/><D130/><U113/><E86/><V24/><F24/><AGARI ba="2,2" hai="12,14,22,24,29,32,33,35,76,78,79,93,97,100" machi="24" ten="50,1600,0" yaku="1,1,53,0" doraHai="5" doraHaiUra="0" who="0" fromWho="2" sc="235,42,335,0,145,-22,265,0" />
</Scene>
<Scene>
<INIT seed="2,0,0,1,2,45" ten="277,335,123,265" oya="2" hai0="90,113,12,62,119,76,10,115,30,47,36,122,109" hai1="92,98,70,134,21,75,125,38,133,73,60,95,7" hai2="67,124,16,121,89,87,31,44,129,100,99,8,3" hai3="11,25,0,85,39,61,108,112,17,6,93,84,46"/><V54/><F121/><W33/><G108/><T18/><D109/><U104/><E38/><V72/><F72/><N who="1" m="27721" /><E125/><V68/><F124/><W116/><G116/><T77/><D119/><U43/><E43/><V41/><F129/><W28/><G112/><T48/><D36/><U132/><E7/><V102/><F31/><W4/><G4/><T106/><D106/><U56/><E70/><V131/><F131/><W81/><G93/><T96/><D122/><U5/><E5/><V80/><F99/><W40/><G81/><T29/><D62/><U57/><E21/><V126/><F126/><W94/><G94/><N who="1" m="35882" /><E60/><N who="2" m="40039" /><F41/><W111/><G111/><T52/><D115/><U64/><E64/><V51/><F3/><W118/><G118/><T35/><D113/><U15/><E15/><AGARI ba="0,0" hai="8,15,16,44,51,54,80,87,89,100,102" m="40039" machi="15" ten="30,5800,0" yaku="25,1,52,1,54,1" doraHai="45" who="2" fromWho="1" sc="277,0,335,-58,123,58,265,0" />
</Scene>
<Scene>
<INIT seed="2,1,0,3,5,48" ten="277,277,181,265" oya="2" hai0="94,67,63,49,61,119,131,115,74,109,1,15,62" hai1="105,58,124,134,125,86,14,35,87,36,128,121,41" hai2="4,32,92,7,44,65,2,33,13,113,88,6,66" hai3="45,82,76,129,78,72,83,22,103,91,8,93,71"/><V9/><F113/><W120/><G71/><T30/><D1/><U133/><E35/><V90/><F33/><W97/><G129/><T57/><D131/><U39/><E128/><V79/><F32/><W99/><G22/><T43/><D109/><U70/><E70/><V20/><F79/><W127/><G45/><N who="0" m="25791" /><D74/><U75/><E75/><V19/><F90/><W26/><G26/><T81/><D30/><U31/><E105/><V54/><F2/><W55/><G8/><T27/><D27/><U77/><E31/><V68/><F68/><W52/><G120/><T34/><D34/><U114/><E114/><V107/><F9/><W135/><G135/><T104/><D104/><U101/><E121/><V11/><F11/><W123/><G127/><T47/><D81/><U12/><E41/><V18/><F18/><W84/><G123/><T130/><D130/><U60/><E125/><V29/><F29/><W51/><G51/><T40/><D15/><U42/><E14/><V102/><F107/><AGARI ba="1,0" hai="52,55,72,76,78,82,83,84,91,93,97,99,103,107" machi="107" ten="30,7700,0" yaku="7,1,52,2,54,1" doraHai="48" who="3" fromWho="2" sc="277,0,277,0,181,-80,265,80" />
</Scene>
<Scene>
<INIT seed="3,0,0,3,1,103" ten="277,277,101,345" oya="3" hai0="64,12,128,53,105,133,51,96,82,46,80,135,119" hai1="36,65,74,50,106,79,43,45,13,130,34,91,33" hai2="126,72,4,35,121,63,25,84,21,22,27,102,100" hai3="116,2,61,120,117,37,38,109,95,10,49,70,60"/><W39/><G2/><T78/><D64/><U23/><E130/><V97/><F72/><W57/><G10/><T32/><D32/><U31/><E65/><V28/><F121/><W55/><G95/><T113/><D128/><U132/><E132/><N who="0" m="50761" /><D119/><U98/><E36/><V14/><F126/><W114/><G120/><T77/><D113/><U3/><E3/><V48/><F35/><W127/><G114/><T68/><D68/><U52/><E43/><V19/><F63/><W9/><G9/><T26/><D26/><U59/><E45/><V93/><F4/><W85/><G85/><T83/><D12/><U110/><E13/><V54/><F84/><W62/><G127/><T131/><D131/><U81/><E110/><V30/><F102/><AGARI ba="0,0" hai="46,51,53,77,78,80,82,83,96,102,105" m="50761" machi="102" ten="30,2000,0" yaku="20,1,52,1" doraHai="103" who="0" fromWho="2" sc="277,20,277,0,101,-20,345,0" />
</Scene>
<Scene>
<INIT seed="4,0,0,3,1,121" ten="297,277,81,345" oya="0" hai0="116,88,10,133,50,42,0,66,96,31,111,127,40" hai1="70,46,78,131,93,61,54,52,21,3,73,123,13" hai2="110,124,68,38,81,59,33,44,64,58,102,14,83" hai3="92,47,2,105,62,67,84,91,85,100,80,82,71"/><T15/><D116/><U69/><E3/><V48/><F33/><W95/><G2/><T114/><D0/><U39/><E123/><V24/><F24/><W94/><G105/><T43/><D31/><U19/><E131/><V132/><F102/><W129/><G129/><T104/><D114/><U134/><E134/><V22/><F22/><W86/><G47/><N who="0" m="25959" /><D104/><U20/><E73/><V34/><F34/><W112/><G112/><T108/><D133/><U101/><E78/><V29/><F29/><W126/><G126/><T27/><D66/><U1/><E1/><V41/><F14/><W89/><REACH who="3" step="1"/><G100/><REACH who="3" ten="297,277,81,335" step="2"/><T30/><D127/><U90/><E101/><V87/><F124/><W122/><G122/><T74/><D74/><U135/><E135/><V119/><F132/><W9/><G9/><T128/><D128/><U45/><E45/><V125/><F125/><W49/><G49/><T53/><D10/><U118/><E46/><V76/><F119/><W11/><G11/><T25/><D30/><U4/><E118/><V103/><F103/><W98/><G98/><T109/><D96/><U51/><E51/><V107/><F48/><W113/><G113/><T37/><D37/><U97/><E39/><V12/><F107/><W55/><G55/><T8/><D53/><U130/><E130/><V106/><F106/><W117/><G117/><T60/><D60/><U65/><E54/><V16/><F38/><W28/><G28/><T63/><D63/><U56/><E52/><V75/><F44/><W23/><G23/><T7/><D8/><N who="1" m="4231" /><E21/><V35/><F35/><W72/><G72/><RYUUKYOKU ba="0,1" sc="297,-15,277,15,81,-15,335,15" hai1="19,20,56,61,65,69,70,90,93,97" hai3="62,67,71,80,82,84,85,86,89,91,92,94,95" />
</Scene>
<Scene>
<INIT seed="5,1,1,2,1,17" ten="282,292,66,350" oya="1" hai0="21,13,114,96,116,51,118,124,35,87,134,80,42" hai1="65,97,1,7,8,9,27,104,135,18,128,67,78" hai2="112,2,16,12,94,45,66,22,86,73,25,129,101" hai3="14,46,28,44,122,33,20,61,60,40,113,82,5"/><U57/><E128/><V23/><F73/><W85/><G33/><T36/><D35/><U92/><E135/><V90/><F2/><W108/><G108/><T54/><D134/><U59/><E104/><V117/><F117/><W98/><G122/><T72/><D72/><U10/><E78/><V50/><F129/><W55/><G113/><T133/><D114/><U76/><E76/><V68/><F112/><W100/><G5/><T84/><D133/><U26/><E7/><V41/><F68/><W15/><G15/><T47/><D87/><U53/><E1/><V49/><F66/><N who="1" m="25097" /><E18/><N who="2" m="12535" /><F101/><W29/><G29/><T111/><D111/><U126/><E126/><V30/><F49/><W70/><G70/><T3/><D124/><U39/><E39/><V105/><F105/><W132/><G132/><T43/><D36/><U69/><E69/><V0/><F0/><W121/><G121/><T127/><D3/><U58/><E53/><V62/><F62/><W81/><G55/><T107/><D127/><U38/><E38/><V48/><F48/><W75/><G75/><T77/><D116/><U31/><E31/><AGARI ba="1,1" hai="12,16,22,30,31,41,45,50,86,90,94" m="12535" machi="31" ten="30,7700,0" yaku="8,1,52,2,54,1" doraHai="17" who="2" fromWho="1" sc="282,0,292,-80,66,90,350,0" />
</Scene>
<Scene>
<INIT seed="6,0,0,2,4,128" ten="282,212,156,350" oya="2" hai0="80,23,87,115,121,88,99,72,76,103,123,130,127" hai1="98,48,15,96,125,10,67,117,39,63,109,93,25" hai2="135,110,3,24,35,104,21,5,95,122,84,19,73" hai3="45,105,6,58,71,49,83,107,9,118,46,14,11"/><V40/><F104/><W27/><G71/><T43/><D130/><U1/><E109/><V113/><F73/><W30/><G118/><T22/><D43/><U38/><E117/><V91/><F122/><W134/><G134/><T37/><D37/><U75/><E75/><V101/><F110/><W34/><G46/><T32/><D32/><U106/><E1/><V16/><F35/><W17/><G58/><T51/><D51/><U4/><E125/><V33/><F33/><W47/><G47/><T53/><D53/><U111/><E111/><V61/><F40/><W12/><G83/><T100/><D100/><U20/><E48/><V60/><F113/><W74/><G74/><T65/><D65/><U56/><E106/><V131/><F131/><W62/><G62/><T26/><D22/><U97/><REACH who="1" step="1"/><E93/><REACH who="1" ten="282,202,156,350" step="2"/><V79/><F3/><W13/><G107/><N who="0" m="63999" /><D127/><U54/><E54/><V42/><F42/><W108/><G105/><T89/><D115/><U0/><E0/><V85/><F135/><W7/><G108/><T94/><D89/><U8/><E8/><V126/><F126/><W52/><G7/><T112/><D112/><U70/><E70/><V31/><F5/><W57/><G6/><T77/><D77/><U114/><E114/><V2/><F2/><W29/><G9/><T44/><D44/><U133/><E133/><V120/><F101/><W50/><G45/><T55/><D55/><U132/><E132/><V102/><F102/><W86/><G49/><T28/><AGARI ba="0,1" hai="23,26,28,72,76,80,87,88,94,121,123" m="63999" machi="28" ten="30,2000,0" yaku="24,1,54,1" doraHai="128" who="0" fromWho="0" sc="282,30,202,-5,156,-10,350,-5" />
</Scene>
<Scene>
<INIT seed="7,0,0,2,2,88" ten="312,197,146,345" oya="3" hai0="4,107,90,58,34,67,85,83,18,111,6,0,33" hai1="20,118,46,93,9,14,84,23,7,108,55,47,21" hai2="129,113,57,81,115,70,8,27,44,66,99,124,54" hai3="80,89,91,60,2,36,87,125,109,35,101,40,69"/><W103/><G2/><T62/><D107/><U105/><E105/><V104/><F81/><W43/><G35/><T119/><D119/><U59/><E108/><V39/><F8/><W37/><G109/><T132/><D132/><U121/><E121/><V52/><F27/><W51/><G36/><T116/><D116/><U135/><E135/><V1/><F1/><W19/><G37/><T102/><D111/><U42/><E42/><N who="2" m="22623" /><F99/><W5/><G5/><T50/><D102/><U22/><E118/><V92/><F104/><W28/><G28/><T82/><D34/><U133/><E133/><V26/><F26/><W25/><G69/><T72/><D33/><U120/><E120/><V79/><F79/><W112/><G60/><T117/><D117/><U11/><E11/><V56/><F92/><W126/><G91/><T95/><D72/><U3/><E3/><V134/><F134/><W61/><G61/><T77/><D83/><U32/><E32/><V13/><F13/><W96/><G103/><T38/><D38/><U98/><E84/><V64/><F70/><W110/><G110/><T41/><D18/><U122/><E122/><V17/><F17/><W30/><G19/><T10/><D6/><U24/><E24/><V128/><F124/><W131/><G25/><T45/><D77/><U71/><E71/><V31/><F31/><W75/><G30/><T49/><D82/><U15/><E7/><V68/><F68/><W127/><G127/><T100/><D100/><U86/><E15/><V65/><F56/><W73/><G126/><T16/><D16/><U74/><E74/><RYUUKYOKU ba="0,0" sc="312,30,197,-10,146,-10,345,-10" hai0="0,4,10,41,45,49,50,58,62,67,85,90,95" owari="342,43.0,187,-21.0,136,-36.0,335,14.0" />
</Scene>
</mjloggm>