<mjloggm ver="2.3"><GO type="169" lobby="0"/><UN n0="%E5%89%A3%E5%9F%8E" n1="%E3%83%91%E3%83%B3%E5%8D%93%E3%81%AE%E6%94%AF%E9%85%8D%E8%80%85" n2="%4B%E3%80%82" n3="%E5%A4%AA%E3%81%8F%E3%81%AA%E3%81%84%E3%81%8A" dan="16,16,17,18" rate="2098.04,2099.84,2157.53,2203.09" sx="M,M,M,F"/><TAIKYOKU oya="0"/>

<Scene>
<INIT seed="0,0,0,0,1,8" ten="250,250,250,250" oya="0" hai0="25,15,119,31,111,77,131,125,30,129,63,29,41" hai1="132,101,102,107,82,48,133,126,74,130,14,32,53" hai2="93,86,69,0,87,49,94,18,91,116,10,1,38" hai3="115,58,114,134,65,99,80,52,36,35,19,61,9"/><T92/><D77/><U90/><E32/><V112/><F112/><W124/><G35/><T22/><D41/><U46/><E126/><V4/><F38/><W127/><G36/><T16/><D63/><U68/><E68/><V100/><F116/><W71/><G134/><N who="1" m="51818" /><E130/><N who="0" m="49673" /><D92/><U123/><E123/><V110/><F69/><W73/><G99/><T79/><D79/><N who="1" m="44407" /><E90/><V81/><F110/><W135/><G135/><T121/><D119/><U67/><E67/><V128/><F128/><W51/><G80/><T75/><D75/><U6/><E107/><V78/><F100/><W44/><G73/><T34/><D121/><U3/><E3/><V60/><F60/><W76/><G76/><T70/><D70/><U96/><E96/><V45/><F93/><W89/><G89/><T57/><D57/><U40/><E40/><V122/><F122/><W104/><G104/><T83/><D83/><U95/><E95/><V117/><F117/><W21/><G71/><T50/><D50/><U62/><E62/><V24/><F1/><W23/><G115/><T88/><D88/><U43/><E43/><V85/><F85/><W2/><G114/><T54/><D54/><U17/><E6/><V42/><F0/><W5/><G127/><T59/><D59/><U39/><E39/><V55/><F42/><W26/><G124/><T72/><D72/><U66/><E66/><V108/><F4/><W33/><G33/><T12/><D125/><U20/><AGARI ba="0,0" hai="14,17,20,46,48,53,101,102" m="44407,51818" machi="20" ten="30,2000,0" yaku="20,1,52,1" doraHai="8" who="1" fromWho="1" sc="250,-10,250,20,250,-5,250,-5" />
</Scene>
<Scene>
<INIT seed="1,0,0,0,5,102" ten="240,270,245,245" oya="1" hai0="80,112,20,70,107,38,64,95,110,35,86,17,88" hai1="13,24,11,60,78,76,126,21,104,122,97,133,30" hai2="15,116,131,34,63,75,87,44,50,56,113,26,125" hai3="128,42,61,43,6,123,14,57,74,89,27,77,101"/><U32/><E122/><V3/><F116/><W41/><G123/><T12/><D112/><U124/><E133/><V65/><F113/><W29/><G128/><T132/><D132/><U69/><E21/><V40/><F131/><W93/><G101/><T106/><D35/><U105/><E97/><V115/><F115/><W99/><G74/><T39/><D110/><U28/><E28/><V33/><F125/><N who="1" m="48233" /><E60/><V54/><F75/><W90/><G77/><N who="1" m="29802" /><E69/><V16/><F3/><W4/><G89/><T53/><D70/><U71/><E71/><V130/><F130/><W8/><G4/><AGARI ba="0,0" hai="4,11,13,24,30,32,104,105" m="29802,48233" machi="4" ten="30,5800,0" yaku="18,1,52,2" doraHai="102" who="1" fromWho="3" sc="240,0,270,58,245,0,245,-58" />
</Scene>
<Scene>
<INIT seed="1,1,0,5,5,12" ten="240,328,245,187" oya="1" hai0="2,54,49,108,81,30,104,59,78,55,10,26,84" hai1="45,88,77,51,111,38,9,135,96,53,20,76,100" hai2="33,23,58,31,62,34,28,13,118,121,66,68,123" hai3="75,122,16,22,5,126,56,92,91,131,21,127,41"/><U86/><E135/><V44/><F118/><W129/><G122/><T67/><D108/><U8/><E38/><V0/><F0/><W85/><G75/><T73/><D104/><U128/><E128/><N who="3" m="49226" /><G5/><T70/><D70/><U112/><E112/><V43/><F68/><W48/><G22/><T37/><D37/><U74/><E111/><V11/><F121/><W106/><G106/><T72/><D67/><U93/><E20/><V97/><F123/><W125/><G41/><T6/><REACH who="0" step="1"/><D54/><REACH who="0" ten="230,328,245,187" step="2"/><U105/><REACH who="1" step="1"/><E76/><REACH who="1" ten="230,318,245,187" step="2"/><V113/><F113/><W3/><G126/><T63/><D63/><U39/><E39/><V115/><F115/><W90/><G125/><T119/><D119/><U60/><E60/><V102/><F62/><W1/><G127/><T133/><D133/><U71/><E71/><V69/><F69/><W79/><G79/><T25/><D25/><U117/><E117/><V134/><F134/><W36/><G36/><T47/><D47/><U64/><E64/><V50/><F66/><W87/><G48/><T101/><D101/><U82/><AGARI ba="1,2" hai="8,9,45,51,53,74,77,82,86,88,93,96,100,105" machi="82" ten="30,12000,1" yaku="1,1,0,1,24,2,54,1,53,0" doraHai="12" doraHaiUra="61" who="1" fromWho="1" sc="230,-41,318,143,245,-41,187,-41" />
</Scene>
<Scene>
<INIT seed="1,2,0,2,2,29" ten="189,461,204,146" oya="1" hai0="25,68,108,33,36,123,105,24,111,16,87,99,90" hai1="96,42,40,28,112,130,122,4,74,133,97,34,113" hai2="31,81,135,94,11,15,26,83,80,72,114,116,86" hai3="30,45,54,95,67,65,62,35,48,59,125,117,55"/><U41/><E122/><V27/><F116/><W101/><G117/><T56/><D68/><U70/><E74/><V44/><F135/><W57/><G125/><T75/><D123/><U38/><E133/><V21/><F114/><W9/><G9/><T124/><D124/><U84/><E38/><V10/><F72/><W12/><G12/><T61/><D36/><U51/><E4/><V43/><F11/><W23/><G35/><T60/><D75/><U128/><E70/><V49/><F94/><W50/><G101/><T109/><D99/><U88/><E51/><V17/><REACH who="2" step="1"/><F27/><REACH who="2" ten="189,461,194,146" step="2"/><N who="3" m="16767" /><G95/><T19/><D25/><U107/><E112/><V98/><F98/><W115/><G115/><T53/><D105/><U104/><E113/><V18/><F18/><W22/><G22/><T118/><D118/><U121/><E121/><V2/><F2/><W129/><G129/><N who="1" m="49770" /><E104/><V92/><F92/><W8/><G8/><T77/><D108/><U79/><E107/><V3/><F3/><W93/><G93/><T134/><D134/><U32/><E28/><V73/><F73/><W126/><G126/><T14/><D111/><U132/><E132/><V106/><F106/><W58/><G62/><T46/><D61/><U7/><E7/><V100/><F100/><W78/><G78/><AGARI ba="2,1" hai="10,15,17,21,26,31,43,44,49,78,80,81,83,86" machi="78" ten="30,3900,0" yaku="1,1,7,1,8,1,53,0" doraHai="29" doraHaiUra="89" who="2" fromWho="3" sc="189,0,461,0,194,55,146,-45" />
</Scene>
<Scene>
<INIT seed="2,0,0,3,4,92" ten="189,461,249,101" oya="2" hai0="71,47,119,80,64,39,79,118,110,101,97,7,57" hai1="125,53,61,103,30,89,116,72,98,68,63,5,34" hai2="45,111,106,21,8,75,91,88,27,107,76,58,134" hai3="26,16,59,20,86,11,129,77,51,43,25,130,100"/><V99/><F134/><W112/><G112/><T117/><D110/><U35/><E116/><V120/><F120/><W33/><G11/><T84/><D71/><U114/><E72/><V95/><F111/><W131/><G100/><T29/><D7/><U17/><E5/><V4/><F75/><W40/><G59/><T9/><D9/><U28/><E114/><V18/><F76/><W31/><REACH who="3" step="1"/><G51/><REACH who="3" ten="189,461,249,91" step="2"/><T38/><D47/><U24/><E103/><V83/><F45/><W115/><G115/><T87/><D57/><U113/><E113/><V69/><F69/><W82/><AGARI ba="0,1" hai="16,20,25,26,31,33,40,43,77,82,86,129,130,131" machi="82" ten="40,8000,1" yaku="1,1,0,1,19,1,54,1,53,0" doraHai="92" doraHaiUra="42" who="3" fromWho="3" sc="189,-20,461,-20,249,-40,91,90" />
</Scene>
<Scene>
<INIT seed="3,0,0,4,5,104" ten="169,441,209,181" oya="3" hai0="93,95,117,13,79,88,66,78,2,114,103,65,118" hai1="9,23,39,98,89,56,50,83,6,85,67,64,15" hai2="135,81,21,72,102,27,52,130,87,28,0,74,126" hai3="60,127,43,82,122,80,110,133,37,73,51,99,124"/><W63/><G122/><T26/><D2/><U38/><E38/><V42/><F42/><W47/><G133/><T121/><D26/><U58/><E39/><V134/><F0/><W44/><G99/><T45/><D13/><U31/><E98/><V34/><F102/><W36/><G110/><T33/><D33/><U111/><E111/><V18/><F126/><N who="3" m="48171" /><G37/><T120/><D103/><U17/><E31/><V54/><F130/><W71/><G71/><T94/><D94/><U90/><E90/><V49/><F54/><N who="3" m="30055" /><G82/><T115/><D45/><U91/><E91/><AGARI ba="0,0" hai="65,66,78,79,88,91,93,95,114,115,117,118,120,121" machi="91" ten="25,3200,0" yaku="22,2,54,1" doraHai="104" who="0" fromWho="1" sc="169,32,441,-32,209,0,181,0" />
</Scene>
<Scene>
<INIT seed="4,0,0,5,5,124" ten="201,409,209,181" oya="0" hai0="25,90,52,61,76,93,70,43,98,94,123,84,72" hai1="78,77,32,49,100,79,108,126,20,101,48,44,53" hai2="113,7,103,11,24,34,62,75,111,42,12,57,135" hai3="102,95,118,51,117,28,8,15,86,33,30,55,104"/><T133/><D133/><U115/><E108/><V46/><F111/><W107/><G118/><T127/><D123/><U105/><E32/><V50/><F75/><W37/><G37/><T39/><D127/><U56/><E126/><V18/><F135/><W9/><G117/><T80/><D39/><U3/><E3/><V0/><F113/><W68/><G68/><T99/><D43/><N who="1" m="24607" /><E105/><V134/><F134/><W38/><G38/><T40/><D40/><U45/><E115/><V114/><F103/><N who="1" m="39497" /><E20/><V122/><F122/><W5/><G33/><T71/><D25/><U119/><E119/><V35/><F114/><W1/><G104/><T67/><D71/><U29/><E29/><V83/><F24/><W23/><G23/><T36/><D36/><U131/><E131/><V22/><REACH who="2" step="1"/><F83/><REACH who="2" ten="201,409,199,181" step="2"/><W97/><G107/><T81/><D81/><U60/><E60/><V116/><F116/><W21/><G102/><T69/><D94/><U129/><E129/><V132/><F132/><W130/><G130/><T26/><D26/><U92/><E92/><V128/><F128/><W4/><G95/><T2/><D93/><U66/><E66/><AGARI ba="0,1" hai="0,7,11,12,18,22,34,35,42,46,50,57,62,66" machi="66" ten="30,2000,0" yaku="1,1,7,1,53,0" doraHai="124" doraHaiUra="27" who="2" fromWho="1" sc="201,0,409,-20,199,30,181,0" />
</Scene>
<Scene>
<INIT seed="5,0,0,0,4,3" ten="201,389,229,181" oya="1" hai0="12,107,86,11,32,114,127,26,73,23,14,123,30" hai1="126,6,58,70,130,66,37,104,42,29,108,60,21" hai2="102,61,67,78,19,82,110,79,5,20,99,98,134" hai3="101,119,44,94,118,16,49,50,4,122,59,31,35"/><U125/><E104/><V109/><F134/><W96/><G122/><T85/><D73/><U65/><E6/><V7/><F109/><W57/><G31/><T8/><D107/><U41/><E21/><V63/><F110/><W40/><G35/><T124/><D86/><U17/><E17/><V88/><F79/><W69/><G69/><T106/><D106/><U38/><E29/><V24/><F78/><W51/><G4/><N who="2" m="1609" /><F67/><W56/><REACH who="3" step="1"/><G16/><REACH who="3" ten="201,389,229,171" step="2"/><T76/><D123/><U33/><E33/><V129/><F129/><W62/><G62/><N who="2" m="23561" /><F102/><W87/><G87/><AGARI ba="0,1" hai="19,20,24,82,87,88,98,99" m="23561,1609" machi="87" ten="30,8000,1" yaku="8,1,52,3,54,1" doraHai="3" who="2" fromWho="3" sc="201,0,389,0,229,90,171,-80" />
</Scene>
<Scene>
<INIT seed="6,0,0,1,2,101" ten="201,389,319,91" oya="2" hai0="57,126,75,18,53,19,31,115,84,113,35,106,12" hai1="1,133,2,36,52,59,94,96,11,87,102,66,17" hai2="69,123,28,72,20,67,32,70,4,38,51,33,24" hai3="81,50,64,10,37,74,127,43,91,135,121,82,13"/><V111/><F123/><W55/><G121/><T62/><D75/><U98/><E36/><V41/><F111/><W117/><G117/><T8/><D126/><U86/><E133/><V92/><F72/><W23/><G135/><T25/><D106/><U9/><E66/><V120/><F120/><W132/><G132/><T21/><REACH who="0" step="1"/><D84/><REACH who="0" ten="191,389,319,91" step="2"/><U93/><E87/><V99/><F99/><W124/><G74/><T78/><D78/><U103/><E86/><V16/><F69/><W116/><G124/><T46/><D46/><U45/><E45/><V97/><F70/><W77/><G127/><T80/><D80/><U71/><E71/><V110/><F110/><W44/><G77/><T125/><D125/><U54/><E59/><V100/><F97/><W22/><G82/><T47/><D47/><U29/><E96/><V131/><F92/><W7/><G81/><T42/><D42/><U0/><E98/><V79/><F41/><W119/><G43/><T73/><D73/><U30/><E0/><V83/><F83/><W63/><G119/><T6/><D6/><U39/><E39/><V104/><F38/><W112/><G116/><T58/><D58/><U3/><E1/><V49/><F79/><W134/><G134/><T56/><D56/><U130/><E2/><V129/><F4/><W5/><G5/><T34/><D34/><U90/><E93/><V48/><F33/><W89/><G37/><T60/><D60/><U122/><E94/><V68/><F68/><N who="3" m="42015" /><G112/><T26/><AGARI ba="0,1" hai="8,12,18,19,21,25,26,31,35,53,57,62,113,115" machi="26" ten="30,2000,0" yaku="1,1,0,1,53,0" doraHai="101" doraHaiUra="107" who="0" fromWho="0" sc="191,30,389,-5,319,-10,91,-5" />
</Scene>
<Scene>
<INIT seed="7,0,0,3,0,62" ten="221,384,309,86" oya="3" hai0="109,86,50,45,26,55,73,17,79,13,126,23,102" hai1="132,51,125,47,84,12,33,65,31,95,120,72,58" hai2="35,32,75,85,129,19,110,7,88,112,69,61,27" hai3="100,77,124,103,60,49,118,89,66,90,71,46,6"/><W119/><G124/><T96/><D109/><U48/><E72/><V18/><F110/><W104/><G77/><T4/><D126/><U29/><E120/><V24/><F75/><W107/><G6/><T101/><D73/><U105/><E105/><V130/><F7/><W87/><G104/><T9/><D96/><U57/><E33/><V42/><F42/><W121/><G121/><T40/><D55/><U123/><E123/><V99/><F99/><W128/><G128/><T67/><D67/><U11/><E51/><V133/><F35/><W41/><G90/><T114/><D114/><U0/><E0/><V116/><F112/><W74/><G74/><T127/><D127/><U106/><E106/><V53/><F116/><W81/><REACH who="3" step="1"/><G107/><REACH who="3" ten="221,384,309,76" step="2"/><T93/><D93/><U52/><E125/><V28/><F129/><W5/><G5/><T135/><D135/><U94/><E132/><V78/><F133/><W111/><G111/><T98/><D98/><U54/><E31/><V64/><F78/><W92/><G92/><T20/><D20/><U21/><E21/><V63/><F130/><W3/><G3/><T30/><D30/><U117/><E29/><V44/><F28/><W97/><G97/><T115/><D115/><U8/><E94/><V122/><F122/><W36/><G36/><T22/><D22/><U2/><E2/><V83/><F32/><W108/><G108/><T59/><D79/><U82/><E95/><V91/><F91/><W76/><G76/><T134/><D134/><U43/><E8/><V14/><F88/><W37/><G37/><N who="0" m="21647" /><D86/><U113/><E84/><RYUUKYOKU ba="0,1" sc="221,15,384,-15,309,-15,76,15" hai0="4,9,13,17,23,26,50,59,101,102" hai3="41,46,49,60,66,71,81,87,89,100,103,118,119" />
</Scene>
<Scene>
<INIT seed="7,1,1,1,0,108" ten="236,369,294,91" oya="3" hai0="95,65,20,62,6,82,133,69,83,11,100,120,26" hai1="112,0,119,122,98,33,24,116,54,51,123,86,16" hai2="32,66,111,57,131,12,90,50,91,127,106,134,53" hai3="14,97,28,67,36,77,74,85,19,125,72,61,132"/><W103/><G36/><T118/><D118/><N who="1" m="45099" /><E112/><V39/><F111/><W89/><G28/><T40/><D120/><U68/><E0/><V135/><F106/><W34/><G34/><T13/><D133/><U4/><E4/><V124/><F32/><W129/><G132/><N who="2" m="50729" /><F131/><W79/><G129/><T15/><D40/><U8/><E68/><V71/><F39/><W49/><G125/><N who="2" m="48201" /><F12/><W121/><G121/><T70/><D70/><U30/><E98/><V104/><F104/><W43/><G74/><T3/><D3/><U99/><E99/><V101/><F101/><W22/><G72/><T2/><D2/><U37/><E86/><V41/><F41/><W55/><G43/><T94/><D13/><N who="1" m="7207" /><E37/><V88/><F71/><N who="3" m="42479" /><G97/><T9/><D9/><U63/><E63/><V60/><F66/><W80/><G103/><T42/><D42/><U45/><AGARI ba="1,1" hai="24,30,33,45,51,54,122,123" m="7207,45099" machi="45" ten="30,2000,0" yaku="12,1,54,1" doraHai="108" who="1" fromWho="1" sc="236,-6,369,33,294,-6,91,-11" owari="230,-17.0,402,50.0,288,9.0,80,-42.0" />
</Scene>
</mjloggm>