<mjloggm ver="2.3"><GO type="169" lobby="0"/><UN n0="%E3%82%B7%E3%83%AA%E3%82%A6%E3%82%B9%E3%80%82" n1="%74%61%72%6F%6F" n2="%53%48%45%45%50%32%30%30" n3="%E5%A4%AA%E3%81%8F%E3%81%AA%E3%81%84%E3%81%8A" dan="16,17,16,18" rate="2026.67,2171.74,2059.51,2263.79" sx="M,M,M,F"/><TAIKYOKU oya="0"/>

<Scene>
<INIT seed="0,0,0,1,4,49" ten="250,250,250,250" oya="0" hai0="81,28,85,54,2,60,87,103,27,36,48,101,80" hai1="118,115,102,78,9,75,43,76,83,77,123,38,58" hai2="40,93,47,32,116,17,79,133,15,37,132,1,8" hai3="92,71,126,73,29,16,88,84,95,111,14,119,45"/><T114/><D36/><U89/><E118/><V61/><F32/><W105/><G119/><T91/><D114/><U23/><E123/><V55/><F116/><W67/><G105/><T90/><D60/><U130/><E115/><V63/><F79/><W99/><G73/><T94/><D94/><U52/><E102/><V22/><F93/><W53/><G111/><T135/><D135/><N who="2" m="51786" /><F1/><W117/><G117/><T25/><D2/><U121/><E121/><V44/><F8/><N who="3" m="6215" /><G71/><T59/><D27/><U134/><E134/><V19/><F19/><W0/><G0/><T110/><D110/><U120/><E120/><V107/><F107/><W50/><G126/><T51/><D51/><AGARI ba="0,0" hai="15,17,22,37,40,44,47,51,55,61,63" m="51786" machi="51" ten="30,2000,0" yaku="20,1,52,1" doraHai="49" who="2" fromWho="0" sc="250,-20,250,0,250,20,250,0" />
</Scene>
<Scene>
<INIT seed="1,0,0,4,1,31" ten="230,250,270,250" oya="1" hai0="37,53,116,99,82,129,134,75,43,100,39,58,24" hai1="41,63,77,30,112,71,9,32,7,67,38,132,128" hai2="66,36,13,76,109,73,125,113,61,55,101,130,65" hai3="21,80,22,123,86,69,111,72,42,103,48,70,89"/><U106/><E112/><V126/><F36/><W0/><G123/><T114/><D116/><U11/><E128/><V14/><F101/><W40/><G0/><T135/><D114/><U85/><E132/><V52/><F113/><W79/><G111/><T47/><D39/><U83/><E106/><V26/><F109/><W88/><G103/><T120/><D120/><U5/><E38/><V18/><F76/><W94/><G89/><T78/><D129/><U8/><REACH who="1" step="1"/><E41/><REACH who="1" ten="230,240,270,250" step="2"/><V2/><F130/><W23/><G42/><T115/><D115/><U107/><E107/><V6/><F126/><W44/><AGARI ba="0,1" hai="21,22,23,40,44,48,69,70,72,79,80,86,88,94" machi="44" ten="30,2000,0" yaku="0,1,54,1" doraHai="31" who="3" fromWho="3" sc="230,-5,240,-10,270,-5,250,30" />
</Scene>
<Scene>
<INIT seed="2,0,0,0,5,45" ten="225,230,265,280" oya="2" hai0="22,16,109,35,0,75,80,54,119,44,124,107,88" hai1="52,114,43,1,62,3,23,47,48,97,71,78,41" hai2="39,65,92,108,134,112,55,26,102,131,27,77,31" hai3="127,118,18,34,67,6,73,63,120,115,87,28,103"/><V111/><F131/><W17/><G120/><T40/><D35/><U91/><E114/><V61/><F112/><W99/><G73/><T81/><D107/><U49/><E1/><V72/><F39/><W70/><G115/><T20/><D20/><U82/><E3/><V4/><F4/><W100/><G118/><T86/><D109/><N who="2" m="42058" /><F134/><W29/><G127/><T132/><D0/><U25/><E71/><N who="2" m="42415" /><F77/><W93/><G6/><T96/><D132/><U37/><E37/><V122/><F72/><W59/><G70/><T89/><D124/><U60/><E41/><V105/><F105/><W21/><G34/><T104/><D119/><U130/><E130/><V133/><F133/><W14/><G103/><T126/><D126/><U24/><E78/><V12/><F122/><W106/><G106/><T123/><D123/><U7/><E7/><V5/><F102/><W83/><REACH who="3" step="1"/><G18/><REACH who="3" ten="225,230,265,270" step="2"/><T76/><D104/><U53/><E43/><V95/><F5/><W32/><G32/><T57/><D40/><U113/><E113/><V79/><F31/><W69/><G69/><T15/><D75/><U11/><E11/><V30/><F30/><W38/><G38/><T64/><D16/><N who="1" m="12391" /><E25/><V36/><F27/><W8/><G8/><T74/><D74/><U90/><E90/><AGARI ba="0,1" hai="14,17,21,28,29,59,63,67,83,87,90,93,99,100" machi="90" ten="30,3900,0" yaku="1,1,7,1,8,1,53,0" doraHai="45" doraHaiUra="129" who="3" fromWho="1" sc="225,0,230,-39,265,0,270,49" />
</Scene>
<Scene>
<INIT seed="3,0,0,2,4,87" ten="225,191,265,319" oya="3" hai0="114,111,13,2,103,82,25,134,124,17,118,44,18" hai1="33,123,7,85,31,110,6,63,135,125,73,9,104" hai2="48,3,68,89,97,16,69,96,71,132,47,133,26" hai3="131,53,112,74,102,128,1,36,24,8,12,10,58"/><W60/><G112/><T80/><D118/><U64/><E73/><V81/><F3/><W105/><G74/><T72/><D2/><U91/><E123/><V34/><F34/><W83/><G36/><T65/><D114/><U77/><E77/><V109/><F109/><W11/><G1/><T20/><D111/><U75/><E75/><V49/><F97/><N who="3" m="61647" /><G24/><T40/><D124/><U30/><E125/><V37/><F37/><W127/><G83/><T45/><D134/><N who="2" m="51818" /><F81/><W88/><G127/><T39/><D103/><U19/><E104/><V62/><F62/><W130/><G12/><T98/><D72/><U46/><E110/><V113/><F113/><W21/><G21/><T99/><D65/><U66/><E66/><V119/><F119/><W38/><G38/><T5/><D5/><U92/><E6/><V15/><F26/><W95/><G10/><T100/><D99/><AGARI ba="0,0" hai="8,11,53,58,60,88,95,99,128,130,131" m="61647" machi="99" ten="30,5800,0" yaku="19,1,52,1,54,1" doraHai="87" who="3" fromWho="0" sc="225,-58,191,0,265,0,319,58" />
</Scene>
<Scene>
<INIT seed="3,1,0,3,1,135" ten="167,191,265,377" oya="3" hai0="127,80,53,67,48,56,28,50,20,74,1,104,63" hai1="24,100,134,91,75,4,115,130,109,31,107,122,78" hai2="11,60,108,49,83,35,5,94,61,110,84,73,41" hai3="64,125,51,3,92,117,87,132,6,29,27,26,59"/><W9/><G117/><T22/><D1/><U15/><E122/><V98/><F35/><W34/><G132/><T70/><D104/><U102/><E115/><V37/><F110/><W69/><G69/><T8/><D8/><U33/><E134/><V68/><F108/><W113/><G113/><T86/><D74/><U111/><E130/><V99/><F68/><W52/><G64/><T46/><D28/><U119/><E119/><V14/><F37/><W88/><REACH who="3" step="1"/><G27/><REACH who="3" ten="167,191,265,367" step="2"/><T82/><D67/><U123/><E109/><V30/><F30/><W96/><G96/><T72/><D70/><U90/><E24/><V25/><F25/><W95/><G95/><T131/><D82/><U42/><E31/><V23/><F94/><W44/><G44/><T47/><D46/><U55/><E111/><V101/><F83/><W21/><G21/><T62/><D22/><U65/><E65/><V118/><F23/><W54/><G54/><T126/><D53/><U105/><E55/><V43/><F99/><W128/><G128/><T81/><D131/><U10/><E107/><V12/><F98/><W97/><G97/><T18/><D81/><U120/><E105/><V106/><F118/><W76/><G76/><T124/><D80/><U79/><E79/><V0/><F106/><W112/><G112/><T13/><D47/><U121/><E78/><V129/><F129/><W114/><G114/><T66/><D66/><U103/><E121/><V116/><F116/><W45/><G45/><T57/><D20/><U77/><E123/><V89/><F41/><W39/><G39/><T133/><D133/><RYUUKYOKU ba="1,1" sc="167,-10,191,-10,265,-10,367,30" hai3="3,6,9,26,29,34,51,52,59,87,88,92,125" />
</Scene>
<Scene>
<INIT seed="3,2,1,0,4,30" ten="157,181,255,397" oya="3" hai0="53,46,98,58,51,128,42,24,14,113,60,49,83" hai1="32,109,36,94,64,101,18,126,96,122,77,108,61" hai2="2,47,106,117,57,80,55,8,33,105,5,132,59" hai3="130,100,54,133,41,127,63,6,62,99,115,89,116"/><W88/><G116/><T4/><D128/><U73/><E122/><V50/><F117/><W27/><G115/><T45/><D113/><U79/><E36/><V31/><F132/><W135/><G130/><T37/><D98/><U66/><E126/><V95/><F80/><W69/><G41/><T103/><D103/><U26/><E73/><V9/><F9/><W0/><G127/><T17/><D4/><U121/><E121/><V67/><F95/><N who="3" m="58495" /><G27/><T16/><D46/><U11/><E64/><V70/><F70/><W21/><G21/><T25/><D83/><U85/><E85/><V114/><F114/><W1/><G54/><T65/><D37/><U124/><E124/><V35/><F31/><W74/><G74/><T29/><D25/><U123/><E123/><V34/><REACH who="2" step="1"/><F67/><REACH who="2" ten="157,181,245,397" step="2"/><W71/><G71/><T102/><D65/><U28/><E11/><V110/><F110/><N who="1" m="42601" /><E18/><V38/><F38/><W90/><G69/><AGARI ba="2,2" hai="26,28,32,61,66,69,77,79,94,96,101" m="42601" machi="69" ten="30,2000,0" yaku="14,1,52,1" doraHai="30" who="1" fromWho="3" sc="157,0,181,46,245,0,397,-26" />
</Scene>
<Scene>
<INIT seed="4,0,0,0,4,65" ten="157,227,245,371" oya="0" hai0="82,69,33,36,104,73,67,80,111,54,30,27,29" hai1="95,110,107,56,13,75,77,87,26,50,127,53,114" hai2="84,92,12,86,98,35,0,109,99,17,37,4,16" hai3="132,134,32,19,81,116,125,97,23,122,59,79,42"/><T47/><D104/><U120/><E107/><V106/><F37/><W34/><G116/><T46/><D111/><U71/><E120/><V100/><F109/><W44/><G122/><T130/><D130/><U22/><E110/><V93/><F35/><W11/><G11/><T52/><D73/><U57/><E127/><V51/><F0/><W14/><G59/><T101/><D101/><U15/><E75/><V31/><F31/><W64/><G97/><T112/><D112/><U8/><E71/><V96/><F4/><W60/><G125/><T39/><D67/><U88/><E77/><V9/><F106/><W62/><G32/><T72/><D72/><U126/><E114/><V76/><F76/><W10/><G34/><T78/><D33/><U128/><E128/><V7/><F51/><N who="3" m="27031" /><G64/><T18/><D78/><U66/><E126/><V85/><REACH who="2" step="1"/><F96/><REACH who="2" ten="157,227,235,371" step="2"/><W40/><G79/><T131/><D131/><U89/><E89/><AGARI ba="0,1" hai="7,9,12,16,17,84,85,86,89,92,93,98,99,100" machi="89" ten="40,8000,1" yaku="1,1,2,1,8,1,54,1,53,0" doraHai="65" doraHaiUra="70" who="2" fromWho="1" sc="157,0,227,-80,235,90,371,0" />
</Scene>
<Scene>
<INIT seed="5,0,0,0,1,76" ten="157,147,325,371" oya="1" hai0="95,57,89,107,62,67,54,4,104,23,26,124,44" hai1="51,12,90,134,6,34,99,2,46,27,48,14,72" hai2="79,121,66,109,75,115,1,127,82,98,18,84,103" hai3="69,68,32,96,97,5,74,63,33,53,40,0,92"/><U36/><E134/><V102/><F1/><W55/><G74/><T60/><D124/><U111/><E111/><V71/><F109/><W47/><G0/><T22/><D44/><U83/><E34/><V132/><F66/><W77/><G5/><T11/><D23/><U65/><E65/><V3/><F71/><W19/><G77/><T29/><D62/><U113/><E27/><V30/><F30/><W45/><G92/><T17/><D29/><U112/><E99/><V80/><F3/><W125/><G19/><T37/><D37/><U21/><E48/><V114/><F121/><W35/><G35/><T70/><D67/><U105/><E105/><V81/><F132/><W93/><G93/><T13/><D70/><U86/><E72/><V10/><F127/><W43/><G125/><T24/><D24/><U61/><E61/><AGARI ba="0,0" hai="32,33,40,43,45,47,53,55,61,63,68,69,96,97" machi="61" ten="25,1600,0" yaku="22,2" doraHai="76" who="3" fromWho="1" sc="157,0,147,-16,325,0,371,16" />
</Scene>
<Scene>
<INIT seed="6,0,0,0,4,47" ten="157,131,325,387" oya="2" hai0="134,120,129,39,38,18,19,15,34,21,35,56,76" hai1="71,127,26,49,63,102,17,106,20,10,27,59,65" hai2="51,24,80,52,5,103,96,31,1,115,89,83,25" hai3="88,22,110,105,84,108,91,113,46,99,3,69,4"/><V107/><F115/><W43/><G69/><T37/><D120/><U98/><E127/><V40/><F40/><W44/><G113/><T90/><D76/><U8/><E71/><V73/><F1/><W58/><G58/><T117/><D129/><U12/><E26/><V95/><F5/><W9/><G22/><T79/><D79/><U116/><E116/><V70/><F70/><W78/><G78/><T66/><D134/><U60/><E60/><V16/><F73/><W48/><G46/><T23/><D117/><U123/><E123/><V100/><F31/><W64/><G64/><T74/><D74/><U54/><REACH who="1" step="1"/><E27/><REACH who="1" ten="157,121,325,387" step="2"/><V97/><F24/><W87/><G110/><T86/><D66/><U130/><E130/><V14/><F25/><W2/><G108/><T32/><D56/><U82/><E82/><V42/><F42/><W62/><G62/><T119/><D119/><U30/><E30/><V118/><F118/><W122/><G122/><T13/><D35/><U53/><E53/><V57/><REACH who="2" step="1"/><F103/><REACH who="2" ten="157,121,315,387" step="2"/><W126/><G43/><T85/><D34/><U36/><E36/><V75/><F75/><W77/><G126/><T101/><D32/><U72/><E72/><V67/><F67/><W6/><G3/><T29/><D101/><U104/><E104/><V133/><F133/><W11/><G105/><T132/><D29/><U109/><E109/><V111/><F111/><W7/><G2/><T131/><D132/><U135/><E135/><V121/><F121/><W33/><G33/><T41/><D131/><U124/><E124/><V92/><F92/><W93/><G93/><RYUUKYOKU ba="0,2" sc="157,-15,121,15,315,15,387,-15" hai1="8,10,12,17,20,49,54,59,63,65,98,102,106" hai2="14,16,51,52,57,80,83,89,95,96,97,100,107" />
</Scene>
<Scene>
<INIT seed="6,1,2,2,3,118" ten="142,136,330,372" oya="2" hai0="29,52,79,32,11,26,47,65,133,82,132,4,130" hai1="101,83,51,97,39,15,35,84,42,116,122,112,123" hai2="16,46,124,80,114,76,135,34,14,125,24,102,60" hai3="121,131,57,119,53,98,8,50,103,71,38,54,62"/><V72/><F114/><W37/><G119/><T10/><D65/><U56/><E116/><V61/><F135/><N who="0" m="51786" /><D130/><U94/><E112/><V109/><F109/><W110/><G110/><T31/><D31/><U100/><E35/><V99/><F46/><W111/><G111/><T75/><D4/><U105/><E39/><V48/><F48/><AGARI ba="1,2" hai="10,11,26,29,32,47,48,52,75,79,82" m="51786" machi="48" ten="30,2000,0" yaku="20,1,54,1" doraHai="118" who="0" fromWho="2" sc="142,43,136,0,330,-23,372,0" />
</Scene>
<Scene>
<INIT seed="7,0,0,5,1,57" ten="185,136,307,372" oya="3" hai0="97,21,15,71,102,99,61,25,88,82,112,58,94" hai1="75,114,64,54,113,63,89,20,16,67,110,26,3" hai2="74,59,109,7,93,19,24,50,121,36,6,53,52" hai3="65,32,30,68,76,104,133,118,43,91,100,39,9"/><W72/><G91/><T62/><D112/><N who="1" m="43115" /><E75/><V8/><F109/><W45/><G9/><T38/><D38/><U92/><E110/><V90/><F36/><W79/><G118/><T17/><D82/><U129/><E3/><V29/><F74/><W123/><G123/><T1/><D1/><U84/><E129/><V70/><F70/><W83/><G76/><T132/><D132/><U60/><E54/><V12/><F121/><W49/><G49/><T42/><D42/><U77/><E77/><V108/><F108/><W134/><G65/><AGARI ba="0,0" hai="16,20,26,60,63,64,65,67,84,89,92" m="43115" machi="65" ten="30,7700,0" yaku="15,1,52,2,54,1" doraHai="57" who="1" fromWho="3" sc="185,0,136,77,307,0,372,-77" owari="185,-31.0,213,-19.0,307,40.0,295,10.0" />
</Scene>
</mjloggm>