<mjloggm ver="2.3"><GO type="169" lobby="0"/><UN n0="%E5%A4%AA%E3%81%8F%E3%81%AA%E3%81%84%E3%81%8A" n1="%E3%81%B5%E3%81%8B%E3%81%BF" n2="%E5%86%86%E7%AD%92" n3="%E6%9E%9D%E8%B1%86%E3%82%AB%E3%83%AC%E3%83%BC%E7%94%98%E5%8F%A3" dan="18,16,16,17" rate="2163.27,2079.50,2077.97,2125.31" sx="M,M,M,F"/><TAIKYOKU oya="0"/>

<Scene>
<INIT seed="0,0,0,2,0,25" ten="250,250,250,250" oya="0" hai0="72,6,43,110,112,114,47,68,134,132,105,84,53" hai1="12,48,51,57,23,90,3,124,104,102,89,95,119" hai2="126,133,83,91,62,34,77,101,54,92,118,100,50" hai3="121,42,129,28,8,40,85,103,10,60,98,22,131"/><T65/><D72/><U106/><E3/><V94/><F34/><W64/><G121/><T59/><D105/><U27/><E119/><V127/><F62/><W31/><G85/><T44/><D6/><U24/><E124/><N who="2" m="47659" /><F54/><W37/><G37/><N who="0" m="21615" /><D84/><U128/><E106/><V58/><F58/><N who="3" m="36887" /><G98/><T108/><D47/><U73/><E104/><V29/><F50/><W67/><G103/><N who="2" m="39497" /><F29/><N who="3" m="11339" /><G22/><T49/><D68/><U115/><E23/><V14/><F118/><W1/><G67/><T2/><D65/><U18/><E73/><V0/><F0/><W4/><G8/><T5/><D112/><U55/><E115/><V122/><F122/><W32/><G32/><T46/><D114/><U20/><E102/><V82/><F133/><W19/><G19/><T16/><D16/><U36/><E36/><V130/><F14/><W88/><G88/><T116/><D116/><U66/><E90/><V17/><F17/><W117/><G117/><T61/><D2/><U71/><E66/><V13/><F13/><W63/><G63/><T9/><D9/><U35/><E35/><V70/><F70/><W30/><N who="3" m="11347" /><W97/><DORA hai="7" /><G97/><T38/><D38/><U125/><E71/><V87/><F130/><AGARI ba="0,0" hai="1,4,10,40,42,129,130,131" m="11347,36887" machi="130" ten="40,12000,2" yaku="19,1,52,5" doraHai="25,7" who="3" fromWho="2" sc="250,0,250,0,250,-120,250,120" />
</Scene>
<Scene>
<INIT seed="1,0,0,0,5,114" ten="250,250,130,370" oya="1" hai0="6,109,24,116,95,134,55,29,132,3,54,16,27" hai1="98,90,103,119,11,56,45,52,69,25,129,37,81" hai2="88,47,59,74,94,40,108,58,91,62,67,124,133" hai3="35,84,5,113,79,110,61,120,50,31,106,128,86"/><U102/><E69/><V126/><F74/><W105/><G128/><T93/><D109/><U112/><E112/><V38/><F108/><W23/><G23/><N who="0" m="13415" /><D6/><U60/><E129/><V42/><F133/><N who="0" m="51306" /><D3/><U87/><E119/><V130/><F130/><W28/><G5/><T101/><D116/><U107/><E103/><V34/><F34/><W2/><G2/><T18/><D18/><U78/><E11/><V19/><F42/><W70/><G110/><T96/><D95/><U0/><E0/><V75/><F75/><W122/><G113/><T49/><D49/><U72/><E25/><V111/><F111/><W82/><G50/><T71/><D71/><U97/><E97/><V131/><F131/><W51/><G51/><T104/><D104/><U4/><E4/><V68/><F19/><W66/><G105/><T46/><D46/><U41/><REACH who="1" step="1"/><E72/><REACH who="1" ten="250,240,130,370" step="2"/><V118/><F118/><W14/><G70/><T21/><AGARI ba="0,1" hai="21,27,29,54,55,93,96,101" m="51306,13415" machi="21" ten="30,2000,0" yaku="20,1,54,1" doraHai="114" who="0" fromWho="0" sc="250,30,240,-10,130,-5,370,-5" />
</Scene>
<Scene>
<INIT seed="2,0,0,5,0,74" ten="280,230,125,365" oya="2" hai0="45,112,24,17,131,53,25,31,132,29,135,48,118" hai1="37,57,1,66,92,114,120,43,54,124,125,5,14" hai2="70,33,87,60,30,28,44,8,36,10,81,119,78" hai3="83,26,85,34,56,13,128,46,113,96,16,68,98"/><V62/><F119/><W21/><G68/><T64/><D112/><U65/><E1/><V111/><F111/><W84/><G128/><T133/><D131/><U41/><E92/><V130/><F130/><W107/><G107/><T2/><D2/><U51/><E5/><V69/><F36/><W101/><G101/><T11/><D118/><U97/><E97/><V90/><F70/><W58/><G85/><T76/><D64/><N who="1" m="24683" /><E14/><V18/><F69/><W77/><G113/><T0/><D76/><U88/><E88/><V47/><F33/><W121/><G121/><T115/><D115/><U123/><E114/><V15/><F8/><N who="3" m="6183" /><G46/><N who="2" m="17449" /><F90/><W109/><G109/><T110/><D110/><U40/><E37/><V12/><F12/><W93/><G34/><T55/><D0/><U127/><AGARI ba="0,0" hai="40,41,43,51,54,57,120,123,124,125,127" m="24683" machi="127" ten="40,5200,0" yaku="18,1,34,2" doraHai="74" who="1" fromWho="1" sc="280,-13,230,52,125,-26,365,-13" />
</Scene>
<Scene>
<INIT seed="3,0,0,2,4,114" ten="267,282,99,352" oya="3" hai0="58,71,56,13,104,7,131,63,134,8,66,75,44" hai1="62,19,23,125,119,96,99,28,2,33,126,31,76" hai2="34,50,84,40,80,59,21,5,20,57,30,127,29" hai3="93,10,27,37,32,38,39,49,0,122,70,45,95"/><W72/><G122/><T118/><D75/><U135/><E76/><V130/><F130/><W15/><G70/><T46/><D104/><U123/><E123/><V11/><F127/><N who="1" m="48649" /><E2/><V3/><F34/><W4/><G72/><T133/><D131/><U113/><E113/><V132/><F132/><N who="0" m="50794" /><D118/><U36/><E135/><V53/><F40/><W86/><G0/><T67/><D67/><U110/><E36/><V51/><F30/><N who="1" m="11305" /><E33/><V17/><F29/><W16/><G32/><T106/><D106/><U101/><E101/><V55/><REACH who="2" step="1"/><F17/><REACH who="2" ten="267,282,89,352" step="2"/><W12/><G16/><T81/><D81/><U83/><E83/><V115/><F115/><W90/><G38/><T116/><D116/><U73/><E19/><V24/><F24/><W18/><G27/><T61/><D61/><U94/><E62/><V1/><F1/><W35/><G39/><T102/><D63/><U25/><E119/><V91/><AGARI ba="0,1" hai="3,5,11,20,21,50,51,53,55,57,59,80,84,91" machi="91" ten="20,5200,0" yaku="1,1,0,1,7,1,9,1,53,0" doraHai="114" doraHaiUra="97" who="2" fromWho="2" sc="267,-13,282,-13,89,62,352,-26" />
</Scene>
<Scene>
<INIT seed="4,0,0,1,3,58" ten="254,269,151,326" oya="0" hai0="49,71,110,41,104,43,130,109,102,76,38,122,60" hai1="120,52,48,128,101,50,92,125,31,67,79,126,62" hai2="65,134,16,24,30,123,5,8,85,113,66,117,12" hai3="27,9,84,34,28,40,81,106,118,59,14,17,70"/><T2/><D2/><U37/><E120/><V119/><F123/><W4/><G70/><T63/><D122/><U132/><E37/><V82/><F113/><W75/><G75/><T103/><D38/><U10/><E128/><V108/><F108/><N who="0" m="41578" /><D130/><U127/><E132/><V100/><F134/><W13/><G106/><T135/><D135/><U99/><E79/><V33/><F100/><N who="0" m="38442" /><D104/><U3/><E31/><V72/><F72/><W131/><G131/><T11/><D71/><N who="1" m="42487" /><E52/><V89/><REACH who="2" step="1"/><F5/><AGARI ba="0,0" hai="3,5,10,48,50,92,99,101,125,126,127" m="42487" machi="5" ten="30,2000,0" yaku="18,1,52,1" doraHai="58" who="1" fromWho="2" sc="254,0,269,20,151,-20,326,0" />
</Scene>
<Scene>
<INIT seed="5,0,0,3,5,28" ten="254,289,131,326" oya="1" hai0="107,54,14,53,6,113,24,7,131,36,133,115,99" hai1="8,58,71,87,93,9,86,125,1,29,118,77,110" hai2="41,126,76,39,132,32,46,20,37,49,17,91,21" hai3="103,30,47,117,2,70,55,108,106,88,97,123,62"/><U35/><E71/><V98/><F132/><W134/><G108/><T50/><D36/><U121/><E118/><V89/><F126/><W19/><G134/><T3/><D133/><U104/><E104/><V12/><F76/><W66/><G2/><T15/><D131/><U124/><E121/><V96/><F32/><W69/><G69/><T101/><D3/><U130/><E130/><V43/><F49/><W81/><G19/><T79/><D79/><U114/><E114/><N who="0" m="43529" /><D24/><N who="1" m="18855" /><E1/><V119/><F119/><W100/><G117/><T116/><D54/><U64/><E110/><V45/><F17/><W59/><G123/><T0/><D116/><U26/><E26/><V74/><REACH who="2" step="1"/><F12/><REACH who="2" ten="254,289,121,326" step="2"/><N who="0" m="4650" /><D0/><U67/><E125/><V111/><F111/><W42/><G30/><T52/><D53/><U38/><E77/><V18/><F18/><W102/><G55/><T127/><D127/><U84/><E124/><V75/><AGARI ba="0,1" hai="20,21,37,39,41,43,45,46,74,75,89,91,96,98" machi="75" ten="25,6400,0" yaku="1,1,0,1,22,2,53,0" doraHai="28" doraHaiUra="33" who="2" fromWho="2" sc="254,-16,289,-32,121,74,326,-16" />
</Scene>
<Scene>
<INIT seed="6,0,0,2,3,68" ten="238,257,195,310" oya="2" hai0="50,15,32,29,105,42,55,59,83,54,17,62,133" hai1="88,84,92,5,30,85,120,71,119,132,49,94,1" hai2="100,127,58,0,131,112,11,116,135,106,8,25,37" hai3="73,109,79,60,93,123,98,38,66,95,34,12,124"/><V78/><F116/><W2/><G2/><T129/><D105/><U13/><E71/><V80/><F37/><W63/><G109/><T70/><D129/><U69/><E119/><V118/><F118/><W40/><G34/><T20/><D133/><U128/><E69/><V31/><F135/><W23/><G124/><T134/><D134/><U18/><E132/><V101/><F127/><W99/><G79/><T44/><D70/><U21/><E128/><V16/><F131/><W81/><G81/><T113/><D113/><U41/><E120/><V115/><F0/><W130/><G73/><T75/><D32/><U27/><E5/><V43/><F43/><W9/><G23/><N who="0" m="11711" /><D75/><U103/><E1/><V90/><F90/><W65/><G123/><T96/><D96/><U97/><E84/><N who="2" m="48151" /><F106/><W3/><G3/><T19/><D83/><U46/><REACH who="1" step="1"/><E13/><REACH who="1" ten="238,247,195,310" step="2"/><N who="2" m="7207" /><F115/><W76/><G130/><T36/><D36/><U45/><E45/><V104/><F112/><W7/><G38/><T114/><D114/><U10/><E10/><V33/><F11/><W4/><G9/><T121/><D121/><U64/><E64/><V48/><F104/><W87/><G66/><N who="0" m="39263" /><D29/><AGARI ba="0,1" hai="18,21,27,29,30,41,46,49,85,88,92,94,97,103" machi="29" ten="40,5200,0" yaku="1,1,8,1,54,1,53,0" doraHai="68" doraHaiUra="102" who="1" fromWho="0" sc="238,-52,247,62,195,0,310,0" />
</Scene>
<Scene>
<INIT seed="7,0,0,1,5,87" ten="186,309,195,310" oya="3" hai0="123,23,47,33,64,7,125,79,96,100,127,38,31" hai1="94,101,85,122,14,120,84,77,1,30,88,114,55" hai2="107,75,58,2,24,46,28,103,89,126,121,9,40" hai3="6,32,10,45,82,67,43,69,119,71,130,80,19"/><W37/><G119/><T54/><D123/><N who="1" m="47147" /><E1/><V76/><F121/><W12/><G32/><T26/><D64/><U133/><E30/><V117/><F126/><N who="0" m="48138" /><D79/><U68/><E68/><V62/><F117/><W8/><G130/><T105/><D7/><U66/><E66/><V65/><F76/><W57/><G57/><T59/><D38/><U44/><E14/><V42/><F75/><W111/><G111/><T131/><D131/><U124/><E124/><V135/><F135/><W36/><G36/><T99/><D99/><N who="1" m="59639" /><E55/><V74/><F74/><W95/><G69/><T98/><D98/><U118/><E44/><V132/><F132/><W110/><G110/><T129/><D129/><U29/><E29/><V63/><F63/><W35/><G35/><T20/><D47/><U109/><E133/><V5/><F46/><W48/><G37/><T22/><D33/><U41/><E41/><V4/><F4/><W104/><G67/><T39/><D39/><U21/><E21/><V52/><F65/><W51/><G71/><T60/><AGARI ba="0,0" hai="20,22,23,26,31,54,59,60,96,100,105" m="48138" machi="60" ten="30,1100,0" yaku="18,1" doraHai="87" who="0" fromWho="0" sc="186,11,309,-3,195,-3,310,-5" owari="197,-20.0,306,40.0,192,-31.0,305,11.0" />
</Scene>
</mjloggm>