<mjloggm ver="2.3"><GO type="169" lobby="0"/><UN n0="%48%49%47%48%EF%BC%86%E5%BB%83" n1="%E5%A4%AA%E3%81%8F%E3%81%AA%E3%81%84%E3%81%8A" n2="%6A%75%6D%70%2D%75%70" n3="%E6%9D%A5%E6%A0%96%E9%B3%A5" dan="16,18,17,16" rate="2104.17,2158.14,2150.20,2061.43" sx="M,F,M,M"/><TAIKYOKU oya="0"/>

<Scene>
<INIT seed="0,0,0,5,0,38" ten="250,250,250,250" oya="0" hai0="36,74,103,107,118,5,1,35,109,98,132,92,106" hai1="26,55,40,64,58,66,48,113,91,125,80,134,7" hai2="86,52,130,84,44,41,129,27,114,19,13,112,9" hai3="82,0,46,51,53,95,110,3,76,88,47,83,65"/><T68/><RYUUKYOKU type="yao9" ba="0,0" sc="250,0,250,0,250,0,250,0" hai0="1,5,35,36,68,74,92,98,103,106,107,109,118,132" />
</Scene>
<Scene>
<INIT seed="0,1,0,1,3,99" ten="250,250,250,250" oya="0" hai0="66,101,122,78,32,86,74,105,11,30,91,125,110" hai1="1,40,51,45,95,29,129,100,16,61,73,128,85" hai2="19,64,97,96,33,37,108,8,88,54,42,81,134" hai3="17,127,92,130,118,44,94,76,93,90,115,52,112"/><T41/><D122/><U104/><E73/><V35/><F108/><W36/><G118/><T23/><D32/><U111/><E1/><V123/><F134/><W5/><G5/><T70/><D41/><U12/><E111/><V62/><F123/><W124/><G130/><N who="1" m="50282" /><E29/><V56/><F42/><W9/><G76/><T0/><D110/><U79/><E61/><V26/><F37/><W119/><G36/><T48/><D125/><N who="3" m="48201" /><G119/><T3/><D48/><U106/><E79/><V15/><F35/><W25/><G90/><T21/><D78/><U4/><E4/><V63/><F26/><W43/><G43/><T107/><D74/><U20/><E85/><N who="2" m="50223" /><F33/><W39/><G39/><T65/><D105/><N who="1" m="40555" /><E95/><V135/><F135/><W89/><G89/><T133/><D133/><U34/><E34/><V55/><F63/><W109/><G109/><T13/><D3/><U126/><E126/><V98/><AGARI ba="1,0" hai="8,15,19,54,55,56,62,64,96,97,98" m="50223" machi="98" ten="30,2000,0" yaku="8,1,54,1" doraHai="99" who="2" fromWho="2" sc="250,-11,250,-6,250,23,250,-6" />
</Scene>
<Scene>
<INIT seed="1,0,0,5,2,68" ten="239,244,273,244" oya="1" hai0="10,65,90,1,87,115,127,45,19,18,86,123,111" hai1="11,71,66,129,105,43,128,47,33,13,89,126,39" hai2="51,7,63,93,2,83,8,125,53,52,60,15,64" hai3="108,73,103,113,59,124,16,85,41,49,72,75,50"/><U31/><E105/><V102/><F125/><W23/><G108/><T114/><D111/><U34/><E126/><V77/><F2/><W122/><G122/><T36/><D127/><U5/><E89/><V9/><F9/><W91/><G124/><T67/><D123/><U82/><E82/><V6/><F6/><W78/><G103/><T101/><D101/><U81/><E81/><V28/><F28/><W42/><G78/><T84/><D90/><U20/><E20/><V107/><F107/><W106/><G113/><T95/><D95/><U110/><E110/><V74/><F53/><W100/><G100/><T48/><D1/><U26/><REACH who="1" step="1"/><E34/><REACH who="1" ten="239,234,273,244" step="2"/><V94/><F102/><W4/><G106/><T79/><D115/><U120/><E120/><V80/><F80/><W29/><G91/><T46/><D114/><U121/><E121/><V132/><F93/><W12/><G75/><T88/><D88/><U69/><E69/><V21/><F94/><W56/><G73/><T117/><D79/><U98/><E98/><V37/><F83/><W44/><G72/><T112/><D112/><U76/><E76/><V14/><F77/><W104/><G104/><T99/><D99/><U0/><E0/><V109/><F74/><W30/><G85/><T57/><D87/><U24/><E24/><V133/><F109/><W119/><G119/><T134/><D117/><U22/><E22/><V116/><F21/><W17/><G23/><T55/><D86/><U97/><E97/><V130/><F15/><W35/><G35/><T3/><D84/><U62/><AGARI ba="0,1" hai="5,11,13,26,31,33,39,43,47,62,66,71,128,129" machi="62" ten="30,11700,0" yaku="1,1,0,1,52,1,53,1" doraHai="68" doraHaiUra="58" who="1" fromWho="1" sc="239,-39,234,127,273,-39,244,-39" />
</Scene>
<Scene>
<INIT seed="1,1,0,0,0,57" ten="200,361,234,205" oya="1" hai0="77,68,26,22,52,134,91,133,51,93,69,116,46" hai1="58,87,43,66,118,85,18,127,114,120,44,6,15" hai2="132,54,49,47,96,35,9,38,3,101,55,31,63" hai3="122,27,67,110,81,17,106,4,89,75,102,29,24"/><U79/><E120/><V71/><F132/><N who="0" m="50794" /><D77/><U42/><E114/><V23/><F38/><W10/><G110/><T83/><D83/><U76/><E118/><V103/><F35/><W39/><G122/><T40/><D40/><U34/><E34/><V65/><F54/><W37/><G24/><T5/><D116/><U60/><E6/><V95/><F9/><W98/><G17/><N who="0" m="12623" /><D5/><U112/><E43/><V0/><REACH who="2" step="1"/><F103/><REACH who="2" ten="200,361,224,205" step="2"/><W48/><G39/><T36/><D36/><U14/><E42/><V124/><F124/><W8/><G37/><T100/><D100/><U59/><E127/><V104/><F104/><W20/><G4/><T131/><D131/><U88/><E112/><V109/><F109/><W73/><G10/><T45/><D45/><U129/><E44/><V74/><F74/><W130/><G8/><T107/><D107/><U41/><E41/><V92/><F92/><N who="3" m="58695" /><G130/><T126/><D126/><U82/><E129/><V111/><F111/><W117/><G106/><T105/><D105/><U1/><E82/><V113/><F113/><W128/><G128/><T115/><D115/><U123/><E123/><V7/><F7/><W28/><G117/><T25/><D52/><U72/><E72/><V84/><F84/><N who="3" m="50319" /><G75/><T13/><D46/><U12/><E85/><V125/><F125/><W21/><G73/><T90/><D90/><U61/><E88/><V97/><F97/><W11/><G11/><T135/><D91/><U86/><E87/><V2/><F2/><W99/><G99/><T70/><D135/><U94/><E86/><V50/><F50/><W80/><G80/><RYUUKYOKU ba="1,1" sc="200,-10,361,-10,224,30,205,-10" hai2="0,3,23,31,47,49,55,63,65,71,95,96,101" />
</Scene>
<Scene>
<INIT seed="2,2,1,0,4,59" ten="190,351,254,195" oya="2" hai0="15,74,34,99,19,131,31,101,28,45,126,2,32" hai1="91,11,20,38,56,37,6,109,66,121,43,129,52" hai2="61,39,18,92,123,40,93,104,122,60,108,111,41" hai3="36,132,64,79,27,80,134,81,72,10,71,107,118"/><V69/><F69/><W57/><G118/><T133/><D74/><U128/><E109/><N who="2" m="42059" /><F104/><W75/><G107/><T29/><D2/><U50/><E121/><N who="2" m="46091" /><F18/><W30/><G10/><T0/><D0/><U105/><E105/><V12/><F12/><W83/><G57/><T97/><D126/><U110/><E110/><V47/><F40/><W125/><G125/><T1/><D1/><U95/><E43/><V7/><F7/><W100/><G100/><T17/><D131/><U120/><E120/><V89/><F93/><W26/><G36/><T42/><D133/><N who="3" m="51305" /><G26/><T88/><D17/><U124/><E124/><V90/><F90/><W8/><G8/><T25/><D25/><U114/><E37/><V54/><F54/><W49/><G79/><T68/><D68/><U33/><E38/><V13/><F13/><W77/><G77/><T3/><D3/><U116/><E11/><V21/><F21/><W24/><G30/><T22/><D88/><U51/><E91/><V106/><F106/><W65/><G71/><T98/><D101/><U76/><E128/><V55/><F55/><W44/><G27/><T127/><D127/><U86/><E129/><V112/><F112/><W67/><G24/><T62/><D31/><U96/><E114/><V135/><F135/><W102/><G102/><T9/><D29/><U70/><E70/><V58/><F58/><W94/><G94/><T23/><D28/><U82/><E95/><V103/><F103/><W4/><G4/><T48/><D9/><U16/><E56/><V85/><AGARI ba="2,1" hai="39,41,47,60,61,85,89,92" m="46091,42059" machi="85" ten="30,11700,0" yaku="14,1,10,1,52,2" doraHai="59" who="2" fromWho="2" sc="190,-41,351,-41,254,133,195,-41" />
</Scene>
<Scene>
<INIT seed="2,3,0,3,1,82" ten="149,310,387,154" oya="2" hai0="39,25,67,122,14,118,83,2,117,56,44,22,23" hai1="87,28,70,97,110,74,37,20,16,124,8,116,77" hai2="106,71,6,31,13,41,17,4,84,53,93,81,94" hai3="34,33,10,129,46,32,88,64,63,54,42,26,123"/><V120/><F71/><W95/><G123/><T89/><D2/><U134/><E116/><V92/><F106/><W7/><G129/><T76/><D122/><U128/><E37/><V108/><F108/><W11/><G54/><T66/><D89/><U48/><E70/><V40/><F53/><W65/><G26/><T62/><D67/><U47/><E74/><V3/><F31/><W85/><G63/><T112/><D112/><U107/><E128/><V80/><F80/><W114/><G114/><T90/><D90/><U99/><E107/><V86/><F81/><W132/><G132/><T113/><D113/><U111/><E77/><V29/><F29/><W133/><G133/><T24/><D14/><N who="1" m="7239" /><E124/><V135/><F3/><W98/><G11/><T1/><D1/><U109/><E134/><V131/><F131/><W15/><REACH who="3" step="1"/><G98/><REACH who="3" ten="149,310,387,144" step="2"/><T60/><D62/><U21/><E99/><V12/><F135/><W19/><G19/><T102/><D25/><U91/><E97/><V35/><F120/><W96/><G96/><T103/><D24/><U18/><E18/><V36/><F17/><W75/><G75/><N who="0" m="43423" /><D118/><U52/><E28/><V119/><F119/><W50/><AGARI ba="3,1" hai="7,10,15,32,33,34,42,46,50,64,65,85,88,95" machi="50" ten="30,8000,1" yaku="1,1,0,1,52,1,54,1,53,1" doraHai="82" doraHaiUra="5" who="3" fromWho="3" sc="149,-23,310,-23,387,-43,144,99" />
</Scene>
<Scene>
<INIT seed="3,0,0,3,4,87" ten="126,287,344,243" oya="3" hai0="103,51,7,3,73,126,111,83,58,120,63,123,43" hai1="27,26,24,21,17,112,56,80,107,109,115,64,134" hai2="118,117,127,8,16,100,116,29,25,22,2,96,130" hai3="71,61,122,104,132,128,110,66,95,82,55,28,38"/><W9/><G122/><T40/><D111/><U114/><E107/><V69/><F69/><W34/><G128/><T19/><D126/><U125/><E109/><V79/><F79/><W49/><G110/><T119/><D119/><U59/><E125/><V85/><F127/><W47/><G132/><T5/><D103/><U131/><E134/><V78/><F130/><W11/><G104/><T86/><D73/><U99/><E131/><V1/><F85/><W12/><G82/><T23/><D123/><U15/><E99/><V53/><F78/><W18/><G38/><T70/><D70/><U129/><E129/><V14/><REACH who="2" step="1"/><F53/><REACH who="2" ten="126,287,334,243" step="2"/><W108/><G108/><T39/><D86/><U13/><E114/><V45/><F45/><W98/><G34/><T46/><D120/><U41/><E56/><V60/><F60/><W135/><G135/><T67/><D63/><U30/><E59/><V62/><F62/><W0/><G61/><T102/><D58/><U84/><E84/><V106/><AGARI ba="0,1" hai="1,2,8,14,16,22,25,29,96,100,106,116,117,118" machi="106" ten="30,7900,0" yaku="1,1,0,1,54,1,53,1" doraHai="87" doraHaiUra="20" who="2" fromWho="2" sc="126,-20,287,-20,334,89,243,-39" />
</Scene>
<Scene>
<INIT seed="4,0,0,5,1,134" ten="106,267,423,204" oya="0" hai0="66,32,99,105,131,111,117,11,108,112,94,126,95" hai1="85,78,16,49,52,91,57,128,109,132,73,47,62" hai2="77,81,1,86,46,24,93,101,34,98,65,92,124" hai3="31,106,64,54,18,17,100,130,116,88,44,29,2"/><T129/><D32/><U67/><E109/><N who="0" m="42057" /><D66/><U5/><E132/><V7/><F7/><W26/><G116/><T50/><D50/><U53/><E128/><N who="0" m="49225" /><D11/><U120/><E120/><V38/><F1/><W19/><G130/><T35/><D35/><U119/><E119/><V84/><F65/><W113/><G2/><T110/><N who="0" m="42065" /><T20/><DORA hai="97" /><D117/><U74/><E78/><V41/><F24/><W83/><G113/><T3/><D3/><U76/><E76/><V36/><F34/><W51/><G64/><T25/><D112/><U118/><E5/><V45/><F45/><W4/><G4/><T87/><D87/><U22/><E118/><V90/><F36/><W59/><G26/><T27/><D27/><U55/><E73/><V114/><F114/><W96/><G44/><T40/><D40/><U80/><E74/><V43/><F43/><W15/><G15/><AGARI ba="0,0" hai="15,16,22,47,49,52,53,55,57,62,67,80,85,91" machi="15" ten="30,7700,0" yaku="7,1,8,1,54,2" doraHai="134,97" who="1" fromWho="3" sc="106,0,267,77,423,0,204,-77" />
</Scene>
<Scene>
<INIT seed="5,0,0,5,0,56" ten="106,344,423,127" oya="1" hai0="103,80,94,33,31,2,119,122,54,68,24,88,21" hai1="13,37,75,90,32,79,38,27,39,5,86,19,91" hai2="131,89,78,28,115,26,11,129,134,62,7,30,97" hai3="114,52,43,74,87,116,20,77,108,70,124,132,55"/><U109/><E5/><V61/><F78/><W128/><G108/><T9/><D119/><U48/><E109/><V130/><F134/><W69/><G74/><T40/><D68/><U57/><E75/><V23/><F30/><W46/><G116/><T93/><D40/><U127/><E127/><V99/><F115/><W35/><G35/><T76/><D122/><U101/><E101/><V42/><F42/><W53/><G114/><T64/><D64/><U44/><E57/><V135/><F135/><W14/><G132/><T17/><D103/><U45/><E79/><V12/><F99/><W49/><G77/><T15/><D54/><N who="3" m="21097" /><G87/><N who="0" m="50279" /><D76/><U82/><E90/><V67/><F67/><W102/><G102/><T6/><AGARI ba="0,0" hai="2,6,9,15,17,21,24,31,33,93,94" m="50279" machi="6" ten="30,2000,0" yaku="24,1,54,1" doraHai="56" who="0" fromWho="0" sc="106,20,344,-10,423,-5,127,-5" />
</Scene>
<Scene>
<INIT seed="6,0,0,2,2,50" ten="126,334,418,122" oya="2" hai0="17,88,133,30,106,101,107,5,53,100,123,16,129" hai1="62,43,9,92,22,126,119,77,69,79,31,113,84" hai2="82,74,42,75,111,121,35,94,72,19,122,29,99" hai3="127,89,80,59,68,46,0,117,134,33,8,130,81"/><V116/><F116/><W104/><G117/><T6/><D123/><U48/><E119/><V49/><F111/><W58/><G68/><T57/><D129/><U41/><E113/><V47/><F82/><W131/><G33/><T12/><D133/><U83/><E126/><V93/><F93/><W132/><G104/><T128/><D128/><N who="3" m="49193" /><G0/><T118/><D30/><U102/><E69/><V39/><F29/><W20/><G8/><N who="0" m="6151" /><D106/><U40/><E62/><V18/><F35/><W73/><G73/><T103/><D107/><U61/><E61/><V23/><F19/><W36/><G20/><T124/><D17/><U56/><E9/><V65/><F65/><W54/><G89/><T96/><D124/><U86/><E77/><V76/><F76/><W10/><G127/><T25/><D25/><U64/><E64/><V105/><F105/><W60/><G10/><T63/><D118/><U13/><E13/><V90/><REACH who="2" step="1"/><F39/><REACH who="2" ten="126,334,408,122" step="2"/><W87/><G81/><T109/><D109/><U91/><E31/><V135/><F135/><N who="3" m="51755" /><G36/><T14/><D14/><AGARI ba="0,1" hai="14,18,23,42,47,49,72,74,75,90,94,99,121,122" machi="14" ten="40,2000,0" yaku="1,1,53,0" doraHai="50" doraHaiUra="120" who="2" fromWho="0" sc="126,-20,334,0,408,30,122,0" />
</Scene>
<Scene>
<INIT seed="6,1,0,1,3,88" ten="106,334,438,122" oya="2" hai0="10,15,44,20,4,22,32,66,75,0,5,69,27" hai1="102,113,134,6,125,52,74,91,120,116,82,97,89" hai2="121,21,107,13,114,24,103,131,2,47,73,48,119" hai3="72,109,46,79,57,128,84,85,112,11,78,55,33"/><V81/><F121/><W58/><G109/><T104/><D75/><U25/><E6/><V12/><F2/><W70/><G33/><T36/><D104/><U68/><E68/><V38/><F38/><W63/><G70/><T93/><D32/><U61/><E116/><V71/><F119/><W19/><G128/><T83/><D83/><U86/><E74/><V118/><F131/><W43/><G72/><T126/><D126/><U117/><E117/><V122/><F71/><W123/><G123/><T99/><D20/><U41/><E120/><V130/><F114/><W94/><G112/><T18/><D66/><U28/><E41/><V34/><F34/><W16/><G84/><T7/><D69/><U80/><E113/><V64/><F64/><N who="3" m="39023" /><G11/><T105/><D105/><U124/><E134/><V92/><F107/><W96/><G46/><T135/><D135/><U14/><E124/><V76/><F130/><W56/><G43/><T40/><REACH who="0" step="1"/><D0/><REACH who="0" ten="96,334,438,122" step="2"/><U50/><E125/><V51/><F122/><W65/><G65/><T77/><D77/><N who="3" m="29193" /><G85/><T87/><D87/><U30/><E82/><V26/><F81/><W54/><G58/><T106/><D106/><U49/><E80/><V127/><F76/><W23/><G23/><T1/><D1/><U17/><E86/><V67/><F73/><W115/><G115/><T45/><D45/><U53/><E97/><N who="2" m="59815" /><F67/><W98/><G98/><T37/><D37/><U35/><E35/><V60/><F47/><W31/><G56/><T129/><D129/><U132/><E132/><V133/><F133/><W59/><G59/><T95/><D95/><RYUUKYOKU ba="1,1" sc="96,30,334,-10,438,-10,122,-10" hai0="4,5,7,10,15,18,22,27,36,40,44,93,99" />
</Scene>
<Scene>
<INIT seed="7,2,1,4,3,89" ten="126,324,428,112" oya="3" hai0="128,6,73,63,38,126,26,2,110,16,93,34,125" hai1="111,82,67,8,1,115,109,132,85,129,37,64,86" hai2="32,14,71,108,19,7,97,69,45,105,133,56,13" hai3="83,12,65,131,11,75,58,4,121,113,47,118,95"/><W3/><G118/><T20/><D110/><U44/><E115/><V53/><F56/><W87/><G121/><T72/><D38/><U92/><E129/><V5/><F53/><W106/><G106/><T130/><D34/><U51/><E37/><V40/><F45/><W21/><G113/><T104/><D104/><U52/><E132/><V70/><F40/><W100/><G131/><N who="0" m="50219" /><D63/><U50/><E1/><V55/><F69/><W25/><G75/><N who="0" m="28747" /><D93/><U29/><E29/><V112/><F55/><W119/><G119/><T101/><D101/><U61/><E8/><AGARI ba="2,1" hai="2,6,8,16,20,26,125,126" m="28747,50219" machi="8" ten="40,2600,0" yaku="19,1,54,1" doraHai="89" who="0" fromWho="1" sc="126,42,324,-32,428,0,112,0" owari="168,-23.0,292,9.0,428,53.0,112,-39.0" />
</Scene>
</mjloggm>