<mjloggm ver="2.3"><GO type="169" lobby="0"/><UN n0="%E3%82%89%E3%81%84%E3%81%A1%E3%82%87%E3%81%86" n1="%EF%BC%88%EF%BC%8A%EF%BC%9E%EF%BC%9C%EF%BC%89" n2="%E5%A4%AA%E3%81%8F%E3%81%AA%E3%81%84%E3%81%8A" n3="%E7%8B%AC%E6%AD%A9" dan="16,17,18,18" rate="2031.53,2132.41,2176.07,2213.69" sx="F,M,F,M"/><TAIKYOKU oya="0"/>

<Scene>
<INIT seed="0,0,0,0,5,107" ten="250,250,250,250" oya="0" hai0="103,98,33,110,120,126,115,4,129,42,116,123,82" hai1="2,16,125,92,63,70,48,11,85,76,109,10,95" hai2="99,108,52,128,93,111,37,114,127,30,45,53,31" hai3="26,91,86,23,83,6,34,102,90,3,43,15,119"/><T13/><D13/><BYE who="0" /><U24/><E125/><V121/><F121/><W68/><G119/><T47/><D47/><U132/><E109/><N who="2" m="42059" /><F114/><W60/><G43/><T134/><D134/><U35/><E132/><V12/><F127/><W65/><G102/><T59/><D59/><U113/><E113/><V54/><F128/><W21/><G3/><T38/><D38/><U0/><E35/><V9/><F45/><W78/><G34/><T135/><D135/><U100/><E0/><V19/><F37/><W7/><G21/><T56/><D56/><U96/><E2/><V74/><F74/><W79/><G79/><T28/><D28/><U29/><E29/><V106/><F106/><W20/><G20/><T46/><D46/><U105/><E105/><V112/><F112/><W117/><G117/><T69/><D69/><U51/><E70/><V101/><AGARI ba="0,0" hai="9,12,19,30,31,52,53,54,93,99,101" m="42059" machi="101" ten="30,2000,0" yaku="14,1,54,1" doraHai="107" who="2" fromWho="2" sc="250,-10,250,-5,250,20,250,-5" /><UN n0="%E3%82%89%E3%81%84%E3%81%A1%E3%82%87%E3%81%86" />
</Scene>
<Scene>
<INIT seed="1,0,0,3,1,6" ten="240,245,270,245" oya="1" hai0="84,46,58,43,37,33,73,10,39,15,36,45,47" hai1="55,53,128,87,125,107,108,32,113,115,40,24,105" hai2="16,20,8,75,123,50,119,4,98,117,111,83,104" hai3="9,78,11,76,95,61,74,70,30,42,29,96,77"/><U62/><E40/><V56/><F123/><W92/><G74/><T130/><D73/><U35/><E24/><V49/><F111/><W124/><G124/><T120/><D33/><U31/><E87/><V134/><F134/><W88/><G42/><T82/><D120/><U28/><E62/><V126/><F126/><W21/><G70/><T60/><D130/><U121/><E125/><V97/><F75/><W94/><G61/><T48/><D46/><U89/><E121/><V106/><F83/><W122/><G122/><T99/><D99/><U72/><E72/><V3/><F98/><W26/><G30/><T64/><D47/><U116/><E89/><V0/><F0/><W54/><G54/><T68/><D68/><U51/><E51/><V114/><F114/><W100/><REACH who="3" step="1"/><G88/><REACH who="3" ten="240,245,270,235" step="2"/><T7/><REACH who="0" step="1"/><D39/><REACH who="0" ten="230,245,270,235" step="2"/><U79/><E128/><V66/><F97/><W14/><G14/><T71/><D71/><U22/><E113/><V17/><F3/><W133/><G133/><T63/><D63/><U2/><E115/><V135/><F135/><W5/><G5/><T101/><D101/><U13/><E13/><V19/><F4/><W41/><G41/><T112/><D112/><U129/><E2/><V25/><F50/><W103/><G103/><T109/><D109/><U18/><E108/><V110/><F110/><W80/><G80/><T44/><D44/><U85/><E129/><V27/><F49/><W34/><G34/><T90/><AGARI ba="0,2" hai="7,10,15,36,37,43,45,48,58,60,64,82,84,90" machi="90" ten="20,8000,1" yaku="1,1,0,1,7,1,52,1,53,1" doraHai="6" doraHaiUra="52" who="0" fromWho="0" sc="230,100,245,-40,270,-20,235,-20" />
</Scene>
<Scene>
<INIT seed="2,0,0,3,3,125" ten="330,205,250,215" oya="2" hai0="121,114,135,32,36,37,64,51,54,61,7,69,45" hai1="53,6,97,28,58,2,15,73,35,93,94,16,106" hai2="65,90,22,38,41,57,109,29,20,27,43,75,105" hai3="11,104,26,84,123,77,98,23,118,83,5,132,116"/><V80/><F105/><W24/><G123/><T42/><D32/><U91/><E73/><V115/><F115/><W131/><G132/><T33/><D33/><U129/><E106/><V31/><F38/><N who="0" m="14954" /><D7/><U48/><E28/><V134/><F134/><W85/><G85/><T25/><D25/><U102/><E35/><V119/><F119/><W44/><G24/><T71/><D135/><U46/><E2/><V130/><F22/><W88/><G44/><N who="0" m="28007" /><D114/><U9/><E46/><V112/><F31/><W14/><G131/><T79/><D79/><U117/><E129/><V56/><F130/><W12/><G12/><T8/><D8/><U52/><E53/><V21/><F112/><W103/><REACH who="3" step="1"/><G77/><REACH who="3" ten="330,205,250,205" step="2"/><T72/><D121/><U78/><E117/><V107/><F27/><W68/><G68/><N who="0" m="41999" /><D72/><U133/><E133/><V86/><F75/><W113/><G113/><T30/><D30/><AGARI ba="0,1" hai="5,11,14,23,26,30,83,84,88,98,103,104,116,118" machi="30" ten="30,7700,0" yaku="1,1,7,1,54,1,53,1" doraHai="125" doraHaiUra="95" who="3" fromWho="0" sc="330,-77,205,0,250,0,205,87" />
</Scene>
<Scene>
<INIT seed="3,0,0,0,1,25" ten="253,205,250,292" oya="3" hai0="3,54,114,46,106,112,79,32,17,56,130,90,67" hai1="88,33,122,6,13,63,29,95,69,134,41,126,14" hai2="70,65,76,97,73,109,51,35,102,71,124,105,117" hai3="49,45,133,127,30,20,72,128,83,55,44,59,60"/><W19/><G128/><T26/><D3/><U75/><E75/><V47/><F117/><W39/><G133/><T123/><D106/><U118/><E122/><V77/><F109/><W0/><G0/><T107/><D107/><U24/><E118/><V37/><F124/><W57/><G127/><T48/><D123/><U89/><E126/><V42/><F51/><W27/><G39/><T96/><D79/><U10/><E41/><V12/><F12/><W119/><G119/><T86/><D96/><U103/><E134/><V99/><F99/><W81/><G19/><T11/><D130/><U94/><E103/><V66/><F73/><W64/><G72/><T129/><D129/><U52/><E14/><V43/><F43/><W98/><REACH who="3" step="1"/><G98/><REACH who="3" ten="253,205,250,282" step="2"/><T110/><D17/><U111/><E111/><V28/><F97/><W62/><G62/><T113/><D110/><U74/><E74/><V23/><F37/><W58/><G58/><T132/><D132/><U85/><E69/><V18/><F18/><W2/><G2/><T93/><D56/><U116/><E116/><V1/><F71/><W121/><G121/><T7/><D114/><U115/><E115/><V104/><F70/><W40/><G40/><T53/><D113/><U120/><E120/><V61/><F61/><W9/><G9/><T4/><D112/><U36/><E36/><V125/><F125/><W8/><G8/><T82/><D11/><U131/><E131/><V50/><F42/><W101/><G101/><T38/><D38/><U91/><E95/><V5/><F1/><W92/><G92/><T80/><D93/><RYUUKYOKU ba="0,1" sc="253,-15,205,15,250,-15,282,15" hai1="6,10,13,24,29,33,52,63,85,88,89,91,94" hai3="20,27,30,44,45,49,55,57,59,60,64,81,83" />
</Scene>
<Scene>
<INIT seed="3,1,1,0,1,85" ten="238,220,235,297" oya="3" hai0="22,30,23,51,33,59,76,0,133,108,41,81,73" hai1="18,135,77,89,47,96,12,101,21,103,13,62,42" hai2="110,56,25,50,31,45,74,98,49,6,44,94,102" hai3="120,105,79,134,104,130,16,14,83,127,26,126,115"/><W117/><G120/><T69/><D69/><U38/><E135/><V125/><F74/><W9/><G117/><T4/><D133/><U86/><E77/><V35/><F110/><W3/><G115/><T39/><D108/><U55/><E96/><V75/><F75/><W5/><G134/><T10/><D51/><U17/><E62/><V123/><F123/><W7/><G130/><T64/><D59/><U65/><E65/><V97/><F125/><N who="3" m="47627" /><G26/><N who="0" m="18647" /><D64/><U78/><E78/><V15/><F97/><W58/><G58/><T88/><D88/><U8/><REACH who="1" step="1"/><E55/><REACH who="1" ten="238,210,235,297" step="2"/><V114/><F98/><W46/><G105/><T2/><D76/><U40/><E40/><V19/><F114/><W67/><G104/><T1/><D41/><U92/><AGARI ba="1,2" hai="8,12,13,17,18,21,38,42,47,86,89,92,101,103" machi="92" ten="20,5200,0" yaku="1,1,0,1,7,1,52,1,53,0" doraHai="85" doraHaiUra="132" who="1" fromWho="1" sc="238,-14,210,75,235,-14,297,-27" />
</Scene>
<Scene>
<INIT seed="4,0,0,1,5,67" ten="224,285,221,270" oya="0" hai0="95,106,68,64,30,37,63,104,101,80,50,75,124" hai1="92,34,20,23,14,21,120,84,18,116,3,83,102" hai2="91,46,53,29,86,135,54,79,24,28,103,121,47" hai3="100,97,122,133,43,65,22,131,126,4,114,19,7"/><T81/><D124/><U31/><E120/><V41/><F121/><W112/><G122/><T118/><D37/><U132/><E116/><V89/><F135/><W6/><G133/><T69/><D118/><U113/><E132/><V85/><F103/><W107/><G126/><T130/><D130/><U76/><E3/><V11/><F11/><W105/><G131/><T71/><D30/><U36/><E36/><V93/><F79/><W15/><G15/><T35/><D35/><U8/><E113/><N who="3" m="43626" /><G43/><T110/><D110/><U127/><E127/><V109/><F109/><W62/><G19/><T27/><D27/><N who="1" m="16871" /><E34/><V10/><F10/><W25/><G22/><T38/><D38/><U128/><E128/><V129/><F129/><W26/><G105/><T77/><D80/><U88/><E102/><V2/><F2/><W123/><G123/><T59/><REACH who="0" step="1"/><D50/><REACH who="0" ten="214,285,221,270" step="2"/><U111/><E111/><V70/><F28/><W125/><G125/><T33/><D33/><U66/><E66/><V42/><F29/><W61/><G61/><T78/><D78/><U98/><AGARI ba="0,1" hai="8,14,18,21,23,76,83,84,88,92,98" m="16871" machi="98" ten="30,2000,0" yaku="8,1,54,1" doraHai="67" who="1" fromWho="1" sc="214,-10,285,30,221,-5,270,-5" />
</Scene>
<Scene>
<INIT seed="5,0,0,2,4,44" ten="204,315,216,265" oya="1" hai0="35,39,113,66,107,99,4,59,74,65,27,87,25" hai1="48,61,16,33,54,98,14,100,116,102,47,53,84" hai2="105,64,132,114,17,104,8,21,122,5,121,115,42" hai3="51,43,125,3,52,9,81,133,70,134,15,20,71"/><U130/><E33/><V28/><F64/><W2/><G2/><T126/><D74/><U118/><E130/><V26/><F42/><W135/><G135/><T109/><D109/><U31/><E31/><V36/><F36/><W13/><G43/><T32/><D39/><U24/><E24/><N who="2" m="14383" /><F104/><W62/><G81/><T127/><D4/><U117/><E84/><V119/><F105/><W76/><G76/><T96/><D87/><U49/><E61/><V7/><F119/><W38/><G38/><T93/><D107/><U82/><E82/><V78/><F78/><W80/><G80/><T19/><D113/><N who="2" m="43018" /><F132/><W92/><G62/><N who="0" m="38111" /><D66/><U120/><E120/><N who="2" m="46187" /><F8/><W6/><G133/><T10/><D10/><U77/><E77/><V60/><F60/><W94/><G134/><T129/><D129/><U30/><E98/><N who="0" m="37417" /><D93/><U41/><E41/><V83/><F83/><W124/><G92/><T67/><D67/><U110/><E100/><V91/><F91/><W75/><G94/><T1/><D1/><U12/><E102/><V108/><F108/><W22/><G75/><T56/><D35/><AGARI ba="0,0" hai="5,7,26,28,35" m="46187,43018,14383" machi="35" ten="30,7700,0" yaku="15,1,11,1,34,2" doraHai="44" who="2" fromWho="0" sc="204,-77,315,0,216,77,265,0" />
</Scene>
<Scene>
<INIT seed="6,0,0,4,0,99" ten="127,315,293,265" oya="2" hai0="106,11,55,104,10,117,31,129,63,32,127,24,73" hai1="19,91,79,36,43,72,98,5,26,9,82,87,6" hai2="102,76,4,21,101,77,61,51,37,114,84,15,118" hai3="25,96,3,125,49,56,71,70,124,130,16,92,94"/><V0/><F37/><W65/><G3/><T78/><D127/><N who="3" m="48713" /><G130/><T89/><D129/><U18/><E5/><V109/><F118/><W52/><G65/><T17/><D117/><U14/><E98/><V103/><F0/><W116/><G116/><T58/><D89/><U69/><E69/><N who="3" m="26122" /><G96/><T34/><D34/><U35/><E35/><V132/><F114/><W13/><G25/><T45/><D45/><U8/><E26/><V60/><F132/><W44/><G44/><T53/><D53/><U107/><E107/><V2/><F109/><W112/><G112/><T97/><D17/><U110/><E110/><V113/><F113/><W42/><G42/><T80/><REACH who="0" step="1"/><D106/><REACH who="0" ten="117,315,293,265" step="2"/><U29/><E18/><N who="2" m="10463" /><F4/><W7/><G7/><T86/><D86/><U93/><E6/><V90/><F84/><W33/><G33/><T121/><D121/><U126/><E126/><V123/><F123/><W20/><AGARI ba="0,1" hai="13,16,20,49,52,56,92,94" m="26122,48713" machi="20" ten="30,4000,0" yaku="18,1,54,2" doraHai="99" who="3" fromWho="3" sc="117,-10,315,-10,293,-20,265,50" />
</Scene>
<Scene>
<INIT seed="7,0,0,4,1,19" ten="107,305,273,315" oya="3" hai0="27,63,112,37,36,44,74,15,67,56,97,28,126" hai1="33,93,125,2,1,58,82,21,57,123,50,78,39" hai2="71,8,52,135,31,6,117,79,49,75,53,111,24" hai3="131,59,64,68,133,88,42,70,13,73,102,87,41"/><W35/><G35/><T60/><D74/><U46/><E33/><V103/><F111/><W61/><G73/><T100/><D126/><U54/><E123/><V38/><F117/><W65/><G133/><T51/><D15/><U120/><E120/><V17/><F38/><W118/><G118/><T115/><D97/><U9/><E125/><V110/><F110/><W22/><G131/><T11/><D11/><U7/><E93/><V134/><F71/><W66/><G102/><T4/><D100/><U76/><E76/><V107/><F17/><N who="3" m="10543" /><G70/><N who="0" m="42367" /><D4/><U23/><E1/><N who="2" m="79" /><F49/><W101/><G101/><T122/><D27/><U86/><REACH who="1" step="1"/><E58/><REACH who="1" ten="107,295,273,315" step="2"/><V81/><F107/><W12/><G68/><T30/><D30/><U45/><E45/><V32/><F103/><W29/><G29/><T109/><D28/><U80/><E80/><V105/><F105/><W91/><G91/><T14/><D14/><U132/><E132/><AGARI ba="0,1" hai="24,31,32,52,53,75,79,81,132,134,135" m="79" machi="132" ten="30,2000,0" yaku="20,1,54,1" doraHai="19" who="2" fromWho="1" sc="107,0,295,-20,273,30,315,0" owari="107,-39.0,275,-12.0,303,10.0,315,41.0" />
</Scene>
</mjloggm>