<mjloggm ver="2.3"><GO type="169" lobby="0"/><UN n0="%E6%82%A0%E9%9B%85" n1="%E4%B8%83%E3%83%84%E7%9B%AE%E7%8E%89" n2="%70%65%72%6F%32" n3="%E5%A4%AA%E3%81%8F%E3%81%AA%E3%81%84%E3%81%8A" dan="17,17,17,18" rate="2152.37,2172.31,2143.55,2210.88" sx="M,M,M,F"/><TAIKYOKU oya="0"/>

<Scene>
<INIT seed="0,0,0,5,1,23" ten="250,250,250,250" oya="0" hai0="31,121,2,51,107,49,20,29,38,120,124,72,22" hai1="17,106,45,12,123,104,39,57,7,112,66,52,128" hai2="53,84,60,44,55,126,105,40,56,78,114,127,54" hai3="108,24,89,68,82,62,102,99,70,111,85,86,46"/><T67/><D38/><U3/><E123/><V81/><F105/><W33/><G46/><T92/><D107/><U6/><E3/><V11/><F11/><W113/><G113/><T116/><D67/><U79/><E79/><V101/><F101/><W26/><G33/><T119/><D2/><U14/><E112/><V109/><F109/><N who="3" m="42059" /><G86/><T30/><D92/><U13/><E106/><V129/><F129/><W9/><G9/><T115/><D115/><U97/><E128/><V58/><F114/><W135/><G135/><T83/><D83/><U59/><E39/><V65/><REACH who="2" step="1"/><F58/><REACH who="2" ten="250,250,240,250" step="2"/><W130/><G130/><T64/><D120/><U125/><E59/><V5/><F5/><W1/><G1/><T96/><D121/><U27/><E57/><V0/><F0/><W10/><G10/><T77/><D119/><U21/><E7/><V42/><F42/><W4/><G4/><T41/><D41/><U71/><E6/><V117/><F117/><W90/><G102/><T76/><D116/><U15/><E104/><V35/><F35/><W8/><G8/><T132/><D132/><U94/><E71/><V91/><F91/><W63/><G70/><T75/><D77/><U61/><E45/><V18/><F18/><W80/><G68/><T16/><D16/><U87/><E17/><V37/><AGARI ba="0,1" hai="37,40,44,53,54,55,56,60,65,78,81,84,126,127" machi="37" ten="30,2000,0" yaku="1,1,0,1,53,0" doraHai="23" doraHaiUra="88" who="2" fromWho="2" sc="250,-10,250,-5,240,30,250,-5" />
</Scene>
<Scene>
<INIT seed="1,0,0,3,0,54" ten="240,245,270,245" oya="1" hai0="74,107,31,36,90,13,102,61,77,134,34,49,5" hai1="121,91,73,6,106,71,103,12,70,85,111,44,40" hai2="109,26,37,32,115,110,56,60,16,125,76,120,112" hai3="92,9,0,113,27,39,95,63,29,83,50,11,72"/><U81/><E121/><V129/><F37/><W135/><G113/><N who="2" m="43593" /><F120/><W46/><G135/><T48/><D36/><U45/><E73/><V57/><F76/><W28/><G39/><T30/><D77/><U89/><E111/><N who="2" m="42507" /><F129/><W3/><G63/><T38/><D38/><U17/><E6/><V84/><F84/><W2/><G72/><T87/><D74/><U62/><E91/><V14/><F125/><W104/><G104/><T114/><D102/><U94/><E106/><V64/><F26/><W53/><G83/><T124/><D107/><U8/><E40/><V100/><F100/><W119/><G119/><T65/><D124/><U42/><E42/><V22/><F32/><W23/><G29/><T97/><D34/><U47/><REACH who="1" step="1"/><E62/><REACH who="1" ten="240,235,270,245" step="2"/><V68/><AGARI ba="0,1" hai="14,16,22,56,57,60,64,68" m="42507,43593" machi="68" ten="30,8000,1" yaku="11,1,14,1,52,2,54,1" doraHai="54" who="2" fromWho="2" sc="240,-20,235,-40,270,90,245,-20" />
</Scene>
<Scene>
<INIT seed="2,0,0,5,2,87" ten="220,195,360,225" oya="2" hai0="61,62,112,90,33,69,135,96,21,59,84,12,30" hai1="70,43,53,131,47,85,125,7,16,77,120,130,79" hai2="28,41,23,78,110,72,107,111,63,81,13,50,118" hai3="25,20,11,94,32,19,92,115,31,88,0,116,40"/><V86/><F107/><W57/><G116/><T38/><D112/><U48/><E70/><V123/><F123/><W67/><G115/><T49/><D38/><U39/><E120/><V36/><F36/><W4/><G40/><T128/><D128/><N who="1" m="49195" /><E7/><V119/><F63/><W60/><REACH who="3" step="1"/><G88/><REACH who="3" ten="220,195,360,215" step="2"/><T114/><D114/><U76/><E125/><V97/><F118/><W109/><G109/><N who="2" m="41481" /><F119/><W106/><G106/><T8/><D69/><U3/><E43/><V134/><F134/><W68/><G68/><T1/><D61/><U51/><E77/><V74/><F97/><W18/><G18/><T89/><D96/><U66/><E16/><N who="2" m="10639" /><F28/><W64/><G64/><T14/><D30/><U9/><E66/><V56/><F56/><W91/><G91/><T122/><D90/><U71/><E79/><V24/><F24/><AGARI ba="0,1" hai="0,4,11,19,20,24,25,31,32,57,60,67,92,94" machi="24" ten="30,2000,0" yaku="1,1,7,1,53,0" doraHai="87" doraHaiUra="10" who="3" fromWho="2" sc="220,0,195,0,360,-20,215,30" />
</Scene>
<Scene>
<INIT seed="3,0,0,3,2,134" ten="220,195,340,245" oya="3" hai0="18,37,78,19,42,36,94,31,50,109,59,62,125" hai1="81,83,29,91,87,102,122,12,60,103,4,119,77" hai2="63,57,38,106,114,71,8,44,51,123,13,25,61" hai3="90,58,56,104,6,52,126,43,32,47,131,54,73"/><W27/><G73/><T41/><D78/><U15/><E122/><V112/><F106/><W107/><G131/><T96/><D31/><U127/><E119/><V33/><F123/><W35/><G6/><T76/><D76/><U46/><E29/><V128/><F128/><W121/><G121/><T30/><D30/><U66/><E46/><V48/><F38/><W118/><G27/><T53/><D109/><U24/><E24/><V74/><F74/><W39/><G118/><T82/><D82/><U1/><E1/><V92/><F71/><W11/><G11/><T99/><D99/><U98/><E4/><V68/><F68/><W65/><G65/><T69/><D69/><U16/><E15/><V75/><F75/><W55/><G90/><T79/><D79/><U130/><E130/><V7/><F112/><W113/><G113/><T64/><D36/><U116/><E116/><V85/><F114/><W72/><G72/><T49/><D37/><U120/><E120/><V95/><F33/><W129/><G129/><T21/><D18/><U40/><E16/><V133/><F133/><W132/><G132/><T17/><D17/><U111/><E111/><V22/><F85/><W5/><G5/><T23/><D19/><U26/><E87/><V14/><F14/><W84/><G84/><T88/><D23/><U115/><E115/><V9/><F9/><W45/><G32/><T124/><D21/><U3/><E3/><V34/><F34/><W20/><G20/><T70/><D42/><U2/><E40/><V108/><F22/><W110/><G35/><T101/><D88/><RYUUKYOKU ba="0,0" sc="220,30,195,-10,340,-10,245,-10" hai0="41,49,50,53,59,62,64,70,94,96,101,124,125" />
</Scene>
<Scene>
<INIT seed="4,1,0,1,1,97" ten="250,185,330,235" oya="0" hai0="135,122,84,17,118,110,93,47,60,67,9,53,30" hai1="111,75,130,27,54,82,121,19,106,133,101,6,34" hai2="68,13,126,32,20,72,88,5,36,98,4,131,107" hai3="112,52,104,8,21,41,63,103,18,102,40,128,73"/><T74/><D74/><U61/><E111/><V51/><F32/><W24/><G73/><T38/><D118/><U1/><E121/><V46/><F36/><W83/><G112/><T16/><D122/><U39/><E54/><V49/><F68/><W62/><G128/><T95/><D110/><U100/><E106/><V114/><F114/><W79/><G8/><T91/><D30/><U2/><E61/><N who="3" m="23050" /><G104/><T15/><D135/><U120/><E120/><V48/><F126/><W70/><G70/><T44/><D38/><U96/><E130/><V65/><F65/><W0/><G0/><T124/><D124/><U33/><E39/><V25/><F72/><W99/><G99/><T132/><D132/><U66/><E66/><V14/><F46/><W43/><G52/><T10/><D53/><U50/><E96/><V92/><F107/><W58/><G58/><T59/><D95/><U31/><E133/><V26/><F131/><W134/><G134/><T87/><D84/><U81/><E75/><V109/><F109/><W37/><G37/><T69/><D69/><U55/><E55/><V129/><F129/><W90/><G79/><T123/><D123/><U105/><E105/><V108/><F108/><W116/><G116/><T35/><D35/><U76/><E34/><V64/><F64/><W117/><G117/><T115/><D115/><U7/><E33/><V11/><F4/><W42/><N who="3" m="10240" /><DORA hai="23" /><W22/><G22/><T28/><D28/><U56/><E31/><V127/><F127/><W89/><G83/><T125/><D125/><U77/><E81/><V113/><F113/><RYUUKYOKU ba="1,0" sc="250,10,185,-30,330,10,235,10" hai0="9,10,15,16,17,44,47,59,60,67,87,91,93" hai2="5,11,13,14,20,25,26,48,49,51,88,92,98" hai3="18,21,24,89,90,102,103" />
</Scene>
<Scene>
<INIT seed="4,2,0,4,5,86" ten="260,155,340,245" oya="0" hai0="63,97,12,69,29,93,60,121,132,41,71,72,67" hai1="38,21,79,92,32,36,80,70,111,57,59,30,127" hai2="98,109,65,120,64,133,118,55,96,105,66,5,134" hai3="47,62,11,49,104,116,108,39,48,110,73,125,76"/><T33/><D121/><U37/><E111/><V122/><F120/><W15/><G104/><T130/><D72/><U129/><E70/><V50/><F109/><W7/><G116/><T119/><D119/><U44/><E32/><V75/><F118/><W95/><G125/><T91/><D132/><N who="2" m="50794" /><F75/><W23/><G39/><T19/><D130/><U101/><E129/><V2/><F2/><W117/><G117/><T46/><D29/><U68/><E68/><V83/><F5/><W6/><G23/><T14/><D33/><U85/><E127/><V114/><F114/><W131/><G131/><T126/><D126/><U34/><E34/><V22/><F83/><W82/><G7/><T61/><D12/><U4/><E4/><V56/><F122/><W100/><G62/><T123/><D69/><U113/><E113/><V8/><F8/><W124/><G49/><T10/><REACH who="0" step="1"/><D123/><REACH who="0" ten="250,155,340,245" step="2"/><U42/><E30/><V84/><F105/><W24/><G124/><T18/><D18/><U106/><E106/><V103/><F65/><W20/><G110/><T25/><D25/><U52/><E21/><V35/><F64/><W102/><G108/><T81/><D81/><U13/><E13/><V16/><F66/><W28/><REACH who="3" step="1"/><G95/><REACH who="3" ten="250,155,340,235" step="2"/><T78/><D78/><U43/><E92/><V51/><F22/><W99/><G99/><T31/><D31/><U17/><E17/><V45/><F16/><W128/><G128/><T115/><D115/><U90/><E80/><V112/><F112/><W58/><G58/><T88/><D88/><U40/><E90/><V53/><F56/><W94/><G94/><RYUUKYOKU ba="2,2" sc="250,15,155,-15,340,-15,235,15" hai0="10,14,19,41,46,60,61,63,67,71,91,93,97" hai3="6,11,15,20,24,28,47,48,73,76,82,100,102" />
</Scene>
<Scene>
<INIT seed="4,3,2,2,2,65" ten="265,140,325,250" oya="0" hai0="37,41,21,10,127,33,48,17,109,63,50,115,98" hai1="27,67,102,95,36,31,104,62,88,99,81,1,97" hai2="106,19,130,58,76,114,125,53,135,2,44,57,128" hai3="34,84,26,6,112,105,132,93,8,7,113,86,12"/><T126/><D33/><U38/><E1/><V75/><F2/><W49/><G105/><T30/><D109/><U9/><E9/><V28/><F28/><N who="3" m="19735" /><G132/><T79/><D79/><U69/><REACH who="1" step="1"/><E81/><REACH who="1" ten="265,130,325,250" step="2"/><V39/><F135/><W100/><G8/><T18/><D10/><U56/><E56/><V117/><F58/><W124/><G112/><T119/><D115/><U74/><E74/><V90/><F57/><W35/><G113/><T73/><D73/><U59/><E59/><V15/><F75/><W29/><G124/><T47/><D126/><U133/><E133/><V22/><F125/><W70/><G70/><T52/><D127/><U129/><E129/><V107/><F130/><W101/><G6/><T51/><D63/><U60/><E60/><V94/><F128/><W122/><G7/><T118/><D118/><U45/><E45/><V83/><F117/><W61/><G61/><T110/><D119/><U0/><E0/><V131/><F131/><W120/><G120/><T71/><D71/><U54/><E54/><V20/><F114/><W42/><G122/><T111/><D52/><U14/><E14/><V3/><F53/><W82/><G12/><T92/><D111/><U78/><E78/><V40/><F3/><W23/><G82/><T116/><D110/><U43/><E43/><V66/><F83/><W121/><G42/><T108/><D108/><U55/><E55/><V123/><F76/><W103/><G121/><T64/><D116/><U25/><E25/><V16/><F123/><W85/><G93/><T80/><D92/><U89/><E89/><V91/><F90/><RYUUKYOKU ba="3,3" sc="265,-10,130,30,325,-10,250,-10" hai1="27,31,36,38,62,67,69,88,95,97,99,102,104" />
</Scene>
<Scene>
<INIT seed="5,4,3,2,0,89" ten="255,160,315,240" oya="1" hai0="13,50,72,120,29,119,12,39,60,7,33,26,98" hai1="5,56,104,16,105,14,32,129,38,116,17,99,69" hai2="11,82,76,47,41,6,22,111,31,28,53,103,126" hai3="36,125,45,106,51,3,84,117,59,93,19,55,88"/><U15/><E116/><V101/><F126/><W74/><G74/><T37/><D119/><U21/><E69/><V44/><F111/><W35/><G117/><T118/><D118/><U79/><E32/><V30/><F22/><W43/><G106/><T75/><D37/><U24/><E38/><V48/><F53/><W9/><G125/><T25/><D39/><U128/><E79/><V66/><F44/><W62/><G35/><T113/><D120/><U20/><E56/><V130/><F66/><W78/><G78/><T81/><D75/><U107/><E5/><V8/><F130/><N who="1" m="50281" /><E24/><V73/><REACH who="2" step="1"/><F8/><REACH who="2" ten="255,160,305,240" step="2"/><W68/><G9/><T67/><D33/><U40/><E40/><V77/><F77/><W0/><G19/><T123/><D123/><U133/><E133/><V10/><F10/><W95/><G43/><T65/><D65/><U1/><E1/><AGARI ba="4,4" hai="1,6,11,28,30,31,41,47,48,73,76,82,101,103" machi="1" ten="40,1300,0" yaku="1,1,53,0" doraHai="89" doraHaiUra="109" who="2" fromWho="1" sc="255,0,160,-25,305,65,240,0" />
</Scene>
<Scene>
<INIT seed="6,0,0,5,2,89" ten="255,135,370,240" oya="2" hai0="40,67,44,133,108,72,2,100,20,17,14,38,49" hai1="42,81,11,0,128,37,69,58,51,115,23,59,19" hai2="91,16,96,92,64,21,73,120,122,62,36,107,116" hai3="45,93,53,57,65,28,82,47,7,43,60,48,106"/><V54/><F36/><W63/><G106/><T85/><D72/><U87/><E69/><V50/><F116/><W46/><G7/><T35/><D35/><U118/><E118/><V111/><F107/><W109/><G28/><T123/><D123/><U15/><E115/><V66/><F73/><W4/><G4/><T56/><D2/><U112/><E112/><V113/><F113/><W24/><G24/><T97/><D108/><U95/><E37/><V125/><F125/><W78/><G109/><T33/><D33/><U105/><E105/><V61/><F111/><W41/><G93/><T132/><D85/><U76/><E128/><V5/><F5/><W104/><G104/><T34/><D34/><U110/><E110/><V90/><F90/><W103/><G103/><T12/><D12/><U22/><E0/><V52/><F122/><W124/><G124/><T70/><D100/><U3/><E3/><V18/><F18/><W80/><G78/><T86/><D86/><U119/><E119/><V121/><F121/><W135/><G135/><T25/><D97/><U84/><E42/><N who="3" m="15882" /><G82/><T129/><D129/><U1/><E1/><V74/><F74/><W75/><G80/><T30/><D38/><U102/><E84/><V6/><F6/><W32/><G32/><N who="0" m="20559" /><D132/><U77/><E76/><V94/><F120/><W101/><G101/><T134/><D133/><U114/><E114/><V127/><F96/><W27/><G27/><T98/><D98/><N who="1" m="59743" /><E51/><V99/><F127/><W10/><G75/><T26/><D134/><U9/><E9/><V131/><F131/><W117/><G10/><RYUUKYOKU ba="0,0" sc="255,-10,135,30,370,-10,240,-10" hai1="11,15,19,22,23,58,59,77,81,87" />
</Scene>
<Scene>
<INIT seed="7,1,0,0,1,126" ten="245,165,360,230" oya="3" hai0="23,122,87,35,13,17,61,42,112,65,2,133,131" hai1="105,58,46,50,24,110,83,90,38,92,100,69,111" hai2="49,82,77,81,123,18,11,57,132,106,89,33,29" hai3="7,8,67,73,19,134,4,79,40,32,39,25,124"/><W6/><G124/><T109/><D122/><U101/><E69/><V36/><F123/><W120/><G120/><T53/><D2/><U85/><E105/><V3/><F132/><W72/><G134/><T75/><D75/><U56/><E110/><V51/><F18/><W54/><G67/><T63/><D35/><U130/><E111/><V135/><F135/><W26/><G54/><T48/><D42/><U64/><E38/><V93/><F36/><W91/><G91/><T74/><D74/><U113/><E113/><V30/><F33/><W127/><G127/><T60/><D133/><U43/><E130/><V96/><F11/><W31/><G79/><T95/><D131/><U0/><E0/><V94/><F106/><W125/><G125/><T45/><D112/><U22/><E64/><V10/><F3/><W98/><G98/><T97/><D109/><U41/><E41/><V117/><F96/><W34/><G8/><T80/><D65/><U37/><E37/><V68/><F10/><W88/><G88/><N who="0" m="51303" /><D61/><U99/><REACH who="1" step="1"/><E101/><AGARI ba="1,0" hai="13,17,23,45,48,53,60,63,95,97,101" m="51303" machi="101" ten="30,2000,0" yaku="8,1,54,1" doraHai="126" who="0" fromWho="1" sc="245,23,165,-23,360,0,230,0" owari="268,7.0,142,-36.0,360,46.0,230,-17.0" />
</Scene>
</mjloggm>