<mjloggm ver="2.3"><GO type="169" lobby="0"/><UN n0="%E5%A4%AA%E3%81%8F%E3%81%AA%E3%81%84%E3%81%8A" n1="%E3%83%A9%E3%83%A0%E3%81%A1%E3%82%83%E3%82%93%E2%98%86" n2="%70%69%79%6F%65%6D%6F%6E" n3="%E3%83%87%E3%82%A3%E3%82%AA%E3%83%90%E3%83%B3" dan="18,17,16,16" rate="2262.32,2144.83,2131.37,2086.02" sx="F,F,M,M"/><TAIKYOKU oya="0"/>

<Scene>
<INIT seed="0,0,0,3,2,81" ten="250,250,250,250" oya="0" hai0="75,12,18,66,108,25,24,110,63,122,83,131,56" hai1="10,55,57,4,91,31,27,6,95,96,120,128,3" hai2="65,92,15,50,70,111,26,11,117,101,72,22,125" hai3="82,62,99,114,0,47,7,38,20,59,118,39,132"/><T124/><D122/><U80/><E120/><V53/><F72/><W54/><G114/><T68/><D124/><U107/><E128/><V90/><F125/><W78/><G118/><T43/><D131/><U2/><E107/><V52/><F117/><W104/><G132/><T8/><D43/><U123/><E123/><V41/><F101/><W30/><G30/><T133/><D133/><U86/><E4/><N who="2" m="3559" /><F65/><W48/><G0/><T23/><D68/><U135/><E135/><V16/><F70/><W46/><G7/><T116/><D116/><U113/><E113/><V129/><F129/><W34/><G34/><T14/><D14/><U49/><E3/><V109/><F111/><N who="0" m="42538" /><D8/><U5/><E5/><V105/><F105/><W60/><G20/><T84/><D75/><U33/><REACH who="1" step="1"/><E80/><REACH who="1" ten="250,240,250,250" step="2"/><V51/><F109/><W100/><G82/><T73/><D73/><U88/><E88/><AGARI ba="0,1" hai="12,18,23,24,25,56,63,66,83,84,88" m="42538" machi="88" ten="30,11600,0" yaku="14,1,10,1,52,1,54,1" doraHai="81" who="0" fromWho="1" sc="250,126,240,-116,250,0,250,0" />
</Scene>
<Scene>
<INIT seed="0,1,0,2,5,84" ten="376,124,250,250" oya="0" hai0="7,127,46,125,102,40,90,121,3,8,27,9,55" hai1="61,91,97,38,17,89,73,43,52,1,115,96,32" hai2="29,45,70,23,80,37,30,107,122,133,77,10,51" hai3="79,41,4,105,124,2,71,88,119,118,69,109,68"/><T59/><D121/><U83/><E32/><V93/><F122/><W129/><G105/><T28/><D102/><U63/><E1/><V132/><F107/><W56/><G79/><T22/><D9/><U18/><E38/><V54/><F70/><W34/><G34/><T42/><D46/><U126/><E43/><V110/><F110/><W112/><G112/><T76/><D76/><U72/><E83/><V36/><F10/><W64/><G109/><T111/><D111/><U66/><E126/><N who="0" m="48137" /><D90/><U47/><E47/><V120/><F120/><W103/><G124/><T100/><D100/><U31/><E66/><V62/><F62/><AGARI ba="1,0" hai="3,7,8,22,27,28,40,42,55,59,62" m="48137" machi="62" ten="30,1500,0" yaku="18,1" doraHai="84" who="0" fromWho="2" sc="376,18,124,0,250,-18,250,0" />
</Scene>
<Scene>
<INIT seed="0,2,0,0,3,45" ten="394,124,232,250" oya="0" hai0="44,118,51,23,66,68,106,5,125,35,7,58,49" hai1="37,115,34,43,98,67,84,55,75,20,25,32,104" hai2="48,11,88,47,28,71,14,56,87,21,82,107,53" hai3="36,13,96,97,89,64,93,72,81,52,129,113,124"/><T100/><D118/><U86/><E75/><V126/><F126/><W1/><G113/><T31/><D125/><U120/><E120/><V16/><F107/><W85/><G36/><T0/><D23/><U78/><E115/><V3/><F71/><W135/><G1/><T50/><D58/><U65/><E37/><V22/><F3/><W2/><G2/><T76/><D76/><U69/><E43/><N who="2" m="24703" /><F28/><W10/><G124/><T33/><D44/><U77/><E32/><V110/><F110/><W40/><G135/><T73/><D73/><U29/><E34/><V127/><F127/><W9/><G129/><T79/><D79/><U4/><E4/><V121/><F121/><W59/><G64/><N who="1" m="24650" /><E69/><V12/><F12/><W130/><G40/><T42/><D42/><U109/><E109/><V117/><F117/><W101/><G130/><T116/><D116/><U92/><E104/><V105/><F105/><W91/><G13/><T57/><D33/><U80/><E77/><V39/><F39/><W131/><G72/><T102/><D0/><U8/><E78/><V74/><F74/><W54/><G131/><T108/><D108/><U38/><E38/><V83/><F83/><W123/><G123/><T94/><D106/><U99/><E80/><V61/><AGARI ba="2,0" hai="11,14,16,21,22,53,56,61,82,87,88" m="24703" machi="61" ten="30,7900,0" yaku="8,1,52,1,54,2" doraHai="45" who="2" fromWho="2" sc="394,-41,124,-22,232,85,250,-22" />
</Scene>
<Scene>
<INIT seed="1,0,0,0,0,6" ten="353,102,317,228" oya="1" hai0="49,86,19,131,103,76,77,93,46,48,14,80,100" hai1="31,126,27,67,108,115,82,8,21,22,94,122,58" hai2="11,75,37,84,120,44,66,113,60,114,63,118,74" hai3="97,45,65,59,4,43,104,90,32,87,39,71,88"/><U109/><E122/><V51/><F118/><W26/><G4/><T53/><D131/><U16/><E115/><N who="2" m="44043" /><F120/><W95/><G104/><T55/><D77/><U0/><E126/><V85/><F37/><W70/><G32/><T79/><D79/><U99/><E82/><V127/><F127/><W78/><G78/><T73/><D73/><N who="2" m="27658" /><F11/><W15/><G26/><T10/><REACH who="0" step="1"/><D93/><REACH who="0" ten="343,102,317,228" step="2"/><U57/><E0/><V107/><F107/><W125/><G95/><T5/><D5/><U35/><E94/><V20/><F66/><W83/><G65/><T62/><D62/><N who="1" m="38351" /><E99/><V33/><F63/><W50/><G97/><T17/><D17/><U96/><E96/><V117/><F60/><W28/><G125/><T129/><D129/><U9/><E35/><V40/><F33/><W12/><G90/><T36/><D36/><U128/><E128/><V132/><F117/><W121/><G88/><T42/><D42/><U56/><E108/><V18/><F132/><W112/><G43/><T124/><D124/><U130/><E130/><V119/><F119/><W92/><G39/><T89/><D89/><U23/><E109/><V30/><F30/><W69/><G28/><T61/><D61/><U3/><E3/><V24/><AGARI ba="0,1" hai="18,20,24,40,44,51,84,85" m="27658,44043" machi="24" ten="30,1100,0" yaku="11,1" doraHai="6" who="2" fromWho="2" sc="343,-3,102,-5,317,21,228,-3" />
</Scene>
<Scene>
<INIT seed="2,0,0,3,4,50" ten="340,97,338,225" oya="2" hai0="65,134,53,14,74,85,82,31,128,25,57,76,58" hai1="117,88,78,96,87,98,89,59,118,131,110,75,70" hai2="49,102,103,73,28,15,97,72,86,43,81,51,126" hai3="7,92,115,12,46,123,42,55,112,122,127,39,27"/><V3/><F3/><W33/><G92/><T100/><D128/><U113/><E70/><V94/><F126/><W8/><G127/><T132/><D100/><U30/><E30/><V105/><F28/><N who="3" m="19615" /><G55/><T109/><D109/><U40/><E40/><V83/><F83/><W29/><G29/><T48/><D14/><U71/><E71/><V23/><F105/><W129/><G129/><T60/><REACH who="0" step="1"/><D74/><REACH who="0" ten="330,97,338,225" step="2"/><U66/><E131/><V80/><F73/><W68/><G122/><T1/><D1/><U63/><E110/><V111/><F111/><W69/><G123/><T21/><AGARI ba="0,1" hai="21,25,31,48,53,57,58,60,65,76,82,85,132,134" machi="21" ten="30,4000,0" yaku="1,1,0,1,52,1,53,0" doraHai="50" doraHaiUra="0" who="0" fromWho="0" sc="330,50,97,-10,338,-20,225,-10" />
</Scene>
<Scene>
<INIT seed="3,0,0,0,4,63" ten="380,87,318,215" oya="3" hai0="84,42,83,65,18,76,69,12,20,79,32,113,31" hai1="95,88,115,55,99,124,8,125,14,94,5,128,48" hai2="105,23,98,57,22,15,103,117,21,54,126,73,16" hai3="50,132,34,109,28,49,86,27,40,135,130,19,30"/><W36/><G130/><T87/><D113/><U120/><E128/><V62/><F117/><W33/><G36/><T39/><D32/><U104/><E104/><V82/><F126/><W89/><G19/><T25/><D39/><U17/><E120/><V97/><F97/><W67/><G67/><T37/><D37/><U45/><E115/><V35/><F35/><W112/><G112/><T41/><D69/><U72/><E72/><V7/><F7/><W90/><G109/><T129/><D129/><U123/><E123/><V24/><F73/><W38/><G38/><T110/><D110/><U118/><E118/><V60/><F82/><W3/><G3/><T114/><D65/><U106/><E106/><V52/><F24/><N who="3" m="18631" /><G40/><N who="0" m="15467" /><D114/><U74/><E74/><V131/><F131/><W78/><G78/><N who="0" m="46199" /><D87/><U75/><E75/><V10/><F10/><W96/><G96/><T2/><D2/><U133/><E133/><N who="3" m="51274" /><G90/><T93/><D93/><AGARI ba="0,0" hai="27,28,34,49,50,86,89,93" m="51274,18631" machi="93" ten="30,1500,0" yaku="20,1" doraHai="63" who="3" fromWho="0" sc="380,-15,87,0,318,0,215,15" />
</Scene>
<Scene>
<INIT seed="3,1,0,1,1,112" ten="365,87,318,230" oya="3" hai0="102,53,16,96,61,40,55,17,20,124,103,64,97" hai1="73,41,44,71,27,74,33,130,100,113,115,127,30" hai2="31,126,26,18,34,108,121,131,66,106,123,49,78" hai3="91,75,62,114,6,129,84,104,46,9,15,98,92"/><W82/><G114/><T58/><D124/><U22/><E22/><V11/><F106/><W79/><G129/><T38/><D38/><U134/><E130/><V5/><F131/><W133/><G133/><T19/><D40/><U3/><E134/><V111/><F78/><W52/><G104/><T45/><D20/><U76/><E127/><V36/><F36/><W48/><REACH who="3" step="1"/><G62/><REACH who="3" ten="365,87,318,220" step="2"/><T2/><D2/><U8/><E113/><V120/><F126/><W0/><G0/><T13/><D13/><U39/><E115/><V57/><F120/><W32/><G32/><T93/><REACH who="0" step="1"/><D45/><REACH who="0" ten="355,87,318,220" step="2"/><U94/><E44/><V81/><F121/><W1/><G1/><T60/><D60/><U28/><E3/><V89/><F123/><W99/><AGARI ba="1,2" hai="6,9,15,46,48,52,75,79,82,84,91,92,98,99" machi="99" ten="30,6000,0" yaku="1,1,0,1,54,1,53,0" doraHai="112" doraHaiUra="68" who="3" fromWho="3" sc="355,-21,87,-21,318,-21,220,83" />
</Scene>
<Scene>
<INIT seed="3,2,0,0,0,2" ten="334,66,297,303" oya="3" hai0="35,101,130,24,86,108,79,91,120,40,37,89,15" hai1="116,71,0,58,63,85,103,83,113,122,51,93,34" hai2="30,127,78,126,49,14,135,77,125,67,32,52,22" hai3="92,10,6,123,47,129,69,65,17,36,12,13,56"/><W94/><G123/><T1/><D120/><U55/><E122/><V131/><F32/><W133/><G69/><T68/><D1/><U29/><E113/><V5/><F135/><W61/><G129/><T105/><D68/><U27/><E116/><V25/><F131/><W73/><G73/><T20/><D130/><U42/><E0/><V26/><F26/><W118/><G118/><T132/><D35/><U18/><E18/><V64/><F67/><W33/><G33/><T114/><D105/><U9/><E9/><N who="2" m="4399" /><F64/><W88/><G133/><T53/><D24/><U111/><E111/><V8/><F8/><N who="3" m="6311" /><G36/><T66/><D37/><U70/><E93/><N who="3" m="35946" /><G47/><AGARI ba="2,0" hai="22,25,30,47,49,52,77,78,125,126,127" m="4399" machi="47" ten="30,3900,0" yaku="18,1,52,1,54,1" doraHai="2" who="2" fromWho="3" sc="334,0,66,0,297,45,303,-45" />
</Scene>
<Scene>
<INIT seed="4,0,0,0,0,48" ten="334,66,342,258" oya="0" hai0="126,117,134,3,8,66,72,27,25,94,102,112,24" hai1="58,21,57,100,87,83,77,16,80,51,122,2,20" hai2="84,5,39,10,99,63,129,22,36,93,56,131,97" hai3="120,12,115,91,31,37,42,96,35,123,54,128,114"/><T76/><D117/><U50/><E122/><N who="3" m="46634" /><G31/><T125/><D112/><N who="3" m="43049" /><G35/><T85/><D134/><U113/><E113/><V132/><F132/><W62/><G12/><T90/><D66/><U26/><E2/><V43/><F22/><W29/><G29/><T7/><REACH who="0" step="1"/><D102/><REACH who="0" ten="324,66,342,258" step="2"/><U105/><E100/><N who="2" m="60463" /><F36/><W98/><G128/><T79/><D79/><U46/><E77/><V82/><F39/><W64/><G91/><T59/><D59/><U110/><E58/><V86/><F56/><N who="3" m="35095" /><G64/><T17/><D17/><U61/><E16/><V124/><F129/><W38/><G38/><T45/><D45/><AGARI ba="0,1" hai="37,42,45,96,98" m="35095,43049,46634" machi="45" ten="30,3900,0" yaku="13,1,15,1,52,1" doraHai="48" who="3" fromWho="0" sc="324,-39,66,0,342,0,258,49" />
</Scene>
<Scene>
<INIT seed="5,0,0,1,1,123" ten="285,66,342,307" oya="1" hai0="10,64,40,45,116,31,42,108,14,75,49,77,21" hai1="36,80,131,53,120,41,69,23,46,89,109,121,55" hai2="74,90,29,102,92,0,79,47,118,50,105,33,58" hai3="84,112,111,59,68,76,37,132,119,43,44,110,28"/><U135/><E69/><V38/><F38/><W124/><G28/><T70/><D116/><U106/><E106/><V63/><F118/><W98/><G98/><T6/><D70/><U134/><E23/><V82/><F0/><W93/><G93/><T99/><D64/><U95/><E80/><V24/><F105/><W15/><G15/><T20/><D99/><U61/><E131/><V101/><F50/><W103/><G103/><T17/><D31/><U5/><E5/><V114/><F47/><W3/><G3/><T19/><D42/><U18/><E18/><V12/><F12/><W85/><G76/><T104/><D104/><U72/><E72/><V97/><F114/><W54/><G85/><T126/><D126/><U27/><E27/><V115/><F115/><W2/><G84/><T48/><D48/><U60/><E109/><N who="3" m="41482" /><G2/><T13/><D108/><U83/><E83/><V7/><F7/><W73/><G73/><T66/><D75/><U81/><E81/><V122/><F102/><W52/><G112/><T11/><D77/><U34/><E34/><V130/><F101/><W117/><G132/><N who="1" m="50730" /><E120/><V129/><F122/><W86/><G86/><T127/><D6/><U65/><E121/><V51/><F74/><W100/><G100/><T107/><D107/><U87/><E65/><V128/><F82/><W30/><G68/><T9/><D21/><U88/><E89/><V71/><F71/><W39/><G124/><T67/><D127/><U62/><AGARI ba="0,0" hai="36,41,46,53,55,60,61,62,87,88,95" m="50730" machi="62" ten="30,3000,0" yaku="20,1,54,1" doraHai="123" who="1" fromWho="1" sc="285,-10,66,30,342,-10,307,-10" />
</Scene>
<Scene>
<INIT seed="5,1,0,5,2,19" ten="275,96,332,297" oya="1" hai0="12,70,29,65,66,43,23,21,0,61,52,11,22" hai1="76,17,33,44,116,5,32,30,125,84,134,68,86" hai2="100,41,48,130,57,50,38,60,109,113,36,20,47" hai3="63,101,46,51,9,132,97,31,54,24,103,37,129"/><U45/><E116/><V64/><F100/><W124/><G124/><T55/><D0/><U104/><E104/><V56/><F109/><W133/><G129/><T15/><D43/><U27/><E68/><N who="2" m="41991" /><F20/><N who="3" m="15751" /><G37/><N who="2" m="14441" /><F130/><W90/><G63/><T91/><D29/><U92/><E125/><V6/><F6/><W120/><G120/><T58/><D70/><U75/><E75/><V28/><F28/><W8/><G90/><T72/><D72/><U1/><E33/><V88/><F88/><W126/><G126/><T123/><D123/><U87/><E134/><N who="3" m="51818" /><G103/><T93/><D65/><U128/><E128/><V40/><F113/><W71/><G71/><T108/><D108/><U67/><E67/><V119/><F119/><W73/><G73/><T7/><D15/><U112/><E112/><V81/><F81/><W59/><G46/><AGARI ba="1,0" hai="40,41,46,47,48,50,56,57" m="14441,41991" machi="46" ten="30,8000,1" yaku="35,5" doraHai="19" who="2" fromWho="3" sc="275,0,96,0,332,83,297,-83" />
</Scene>
<Scene>
<INIT seed="6,0,0,2,0,92" ten="275,96,415,214" oya="2" hai0="22,73,19,5,14,27,39,72,6,130,1,118,128" hai1="10,49,85,30,50,115,75,44,62,76,58,81,66" hai2="124,107,93,42,21,111,88,74,134,3,51,54,26" hai3="83,104,105,99,45,135,25,70,113,20,112,91,57"/><V68/><F68/><W34/><G135/><T132/><D39/><U59/><E75/><N who="0" m="28745" /><D1/><U64/><E115/><N who="3" m="44106" /><G70/><T77/><D77/><U79/><E30/><V23/><F134/><W60/><G34/><T67/><D67/><U89/><E49/><V35/><F124/><W33/><G33/><T108/><D132/><U127/><E127/><V84/><F74/><W15/><G15/><T4/><D108/><U80/><E80/><V117/><F42/><W36/><G36/><T8/><D118/><U123/><E123/><V110/><F117/><W106/><G45/><T31/><D31/><U122/><E122/><V109/><F3/><W129/><G129/><N who="0" m="49771" /><D27/><U40/><REACH who="1" step="1"/><E10/><REACH who="1" ten="275,86,415,214" step="2"/><V63/><F110/><W125/><G83/><T90/><D8/><U61/><AGARI ba="0,1" hai="40,44,50,58,59,61,62,64,66,76,79,81,85,89" machi="61" ten="30,8000,1" yaku="1,1,2,1,0,1,9,1,8,1,53,0" doraHai="92" doraHaiUra="97" who="1" fromWho="1" sc="275,-20,86,90,415,-40,214,-20" />
</Scene>
<Scene>
<INIT seed="7,0,0,2,5,125" ten="255,176,375,194" oya="3" hai0="118,85,11,36,24,78,73,37,110,122,121,70,42" hai1="111,81,52,20,56,117,126,10,17,54,80,133,15" hai2="68,5,55,65,116,64,51,27,107,91,71,44,22" hai3="30,131,104,127,98,135,66,23,74,99,46,18,132"/><W103/><G127/><T92/><D110/><U101/><E111/><V63/><F107/><W83/><G66/><T12/><D118/><U3/><E126/><V67/><F116/><W113/><G30/><T100/><D70/><U82/><E117/><V25/><F5/><W128/><G113/><T106/><D24/><N who="1" m="14351" /><E3/><V93/><F68/><W115/><G115/><T33/><D85/><U43/><E133/><N who="3" m="51274" /><G46/><T86/><D92/><U48/><E101/><V109/><F109/><W114/><G114/><T38/><D33/><U129/><E129/><N who="3" m="49738" /><G99/><T62/><D121/><U13/><E43/><V105/><F65/><W2/><G2/><T84/><D42/><U31/><E31/><V32/><F64/><W69/><G69/><T96/><D122/><U39/><E39/><V14/><F67/><W88/><G88/><T124/><D124/><U57/><E10/><V26/><F44/><W19/><G23/><T58/><D96/><U94/><E94/><V7/><F93/><W119/><G119/><T97/><D97/><U89/><E89/><V1/><F91/><W0/><G0/><T28/><D28/><U49/><AGARI ba="0,0" hai="13,15,48,49,52,54,56,57,80,81,82" m="14351" machi="49" ten="30,2000,0" yaku="8,1,54,1" doraHai="125" who="1" fromWho="1" sc="255,-5,176,20,375,-5,194,-10" owari="250,5.0,196,-20.0,370,47.0,184,-32.0" />
</Scene>
</mjloggm>