<mjloggm ver="2.3"><GO type="169" lobby="0"/><UN n0="%E3%81%A8%E3%81%BF%E3%81%9F%E3%81%91%E3%82%8B" n1="%45%55%52%45%4B%41%31%34" n2="%E3%81%B2%E3%81%BD%E3%81%8D%E3%82%88%E3%81%97" n3="%E5%A4%AA%E3%81%8F%E3%81%AA%E3%81%84%E3%81%8A" dan="16,17,18,18" rate="2133.76,2115.49,2168.19,2191.37" sx="M,M,M,F"/><TAIKYOKU oya="0"/>

<Scene>
<INIT seed="0,0,0,5,5,133" ten="250,250,250,250" oya="0" hai0="29,33,78,48,20,124,60,112,102,58,126,109,75" hai1="10,0,72,80,1,45,7,64,16,6,11,18,114" hai2="42,46,71,74,57,23,127,84,4,17,113,79,55" hai3="12,119,39,65,52,61,22,68,3,115,95,51,134"/><T92/><D33/><U5/><E64/><V105/><F105/><W100/><G115/><T116/><D116/><U27/><E45/><V104/><F104/><W82/><G119/><T47/><D112/><U36/><E36/><V97/><F71/><W103/><G3/><N who="1" m="1098" /><E80/><V117/><F74/><W108/><G134/><T122/><D122/><U123/><E72/><V24/><F4/><N who="1" m="1641" /><E114/><V15/><F113/><W67/><G39/><T38/><D38/><U94/><E94/><V70/><F70/><W62/><G82/><T59/><D78/><U14/><E123/><V93/><F46/><W118/><G95/><T40/><D75/><U41/><E41/><V89/><F42/><W125/><G100/><T91/><D109/><U37/><E37/><V32/><F79/><W81/><G103/><T111/><D111/><U56/><E56/><V2/><F97/><W90/><G90/><T28/><D102/><U85/><E85/><V9/><F117/><W129/><G81/><T128/><D59/><U34/><E11/><V30/><F9/><W87/><G87/><T50/><D50/><U110/><E110/><V83/><F83/><W98/><G51/><T69/><D69/><U44/><E44/><V73/><F73/><W8/><G108/><T53/><D91/><U132/><E132/><V43/><F43/><W35/><G68/><T21/><D92/><U25/><E34/><V99/><F99/><W26/><G35/><T63/><D63/><U76/><E76/><V96/><F96/><W19/><G118/><T101/><D101/><U107/><E107/><V131/><F93/><RYUUKYOKU ba="0,0" sc="250,-10,250,30,250,-10,250,-10" hai1="7,10,14,16,18,25,27" />
</Scene>
<Scene>
<INIT seed="1,1,0,0,5,60" ten="240,280,240,240" oya="1" hai0="99,35,61,102,98,44,51,50,92,29,46,120,59" hai1="100,101,11,131,49,129,27,111,18,32,15,30,69" hai2="114,76,36,113,66,53,105,70,110,91,78,45,47" hai3="64,39,25,38,23,2,132,31,72,68,54,135,124"/><U109/><E69/><V10/><F105/><W106/><G106/><T96/><D120/><U56/><E100/><V73/><F110/><N who="1" m="41993" /><E101/><V75/><F91/><W89/><G2/><T95/><D29/><U82/><E82/><V133/><F10/><W125/><G72/><N who="2" m="27721" /><F53/><AGARI ba="1,0" hai="11,15,18,27,30,32,49,53,56,129,131" m="41993" machi="53" ten="30,2900,0" yaku="14,1,10,1" doraHai="60" who="1" fromWho="2" sc="240,0,280,32,240,-32,240,0" />
</Scene>
<Scene>
<INIT seed="1,2,0,2,0,58" ten="240,312,208,240" oya="1" hai0="44,75,81,9,101,63,41,17,7,77,122,24,67" hai1="40,60,70,126,39,99,133,11,131,98,132,72,125" hai2="73,118,16,51,19,42,127,33,129,100,83,35,48" hai3="25,124,130,86,34,31,91,52,49,78,8,123,1"/><U120/><E72/><V69/><F118/><W92/><G123/><T30/><D17/><U45/><E11/><V71/><F100/><W85/><G124/><N who="1" m="47722" /><E120/><V47/><F127/><W13/><G130/><T29/><D101/><U84/><E84/><V104/><F104/><W10/><G1/><T53/><D53/><U121/><E121/><V43/><F129/><W18/><G78/><T97/><D97/><N who="1" m="36875" /><E131/><V15/><F83/><W50/><G85/><T107/><D24/><U113/><E113/><V94/><F47/><W59/><REACH who="3" step="1"/><G50/><REACH who="3" ten="240,312,208,230" step="2"/><T27/><D122/><U2/><E2/><V55/><F51/><W106/><G106/><T110/><D107/><U14/><E14/><V135/><F48/><W56/><G56/><T28/><D27/><U119/><E119/><V95/><F15/><W96/><G96/><T80/><D77/><U0/><E0/><V76/><F76/><W105/><G105/><T111/><D75/><U23/><E23/><AGARI ba="2,1" hai="8,10,13,18,23,25,31,34,49,52,59,86,91,92" machi="23" ten="30,12000,2" yaku="1,1,7,1,25,2,54,1,53,1" doraHai="58" doraHaiUra="88" who="3" fromWho="1" sc="240,0,312,-126,208,0,230,136" />
</Scene>
<Scene>
<INIT seed="2,0,0,0,0,72" ten="240,186,208,366" oya="2" hai0="134,124,65,7,54,33,90,133,79,109,36,135,22" hai1="42,45,86,21,47,3,70,75,101,53,81,56,84" hai2="58,71,113,69,62,93,127,23,131,119,31,96,97" hai3="129,59,48,46,16,80,87,94,88,103,25,73,64"/><V19/><F113/><W89/><G129/><T107/><D33/><U30/><E70/><V14/><F127/><W106/><G106/><T130/><D124/><U18/><E3/><V5/><F119/><W4/><G4/><T1/><D130/><U40/><E30/><V121/><F121/><W116/><G116/><T77/><D36/><U63/><E75/><V27/><F5/><W117/><G117/><T26/><D65/><U108/><E101/><V105/><F105/><W78/><G103/><T20/><D107/><U55/><E108/><V126/><F97/><W99/><G64/><T98/><D54/><U100/><E100/><V2/><F2/><W37/><G59/><T28/><D22/><U15/><E84/><V61/><F61/><W11/><G37/><T29/><D29/><U91/><E47/><V10/><F126/><W6/><G6/><T82/><D109/><U52/><REACH who="1" step="1"/><E42/><REACH who="1" ten="240,176,208,366" step="2"/><V17/><F131/><W38/><G73/><T85/><REACH who="0" step="1"/><D98/><REACH who="0" ten="230,176,208,366" step="2"/><U50/><AGARI ba="0,2" hai="15,18,21,40,45,50,52,53,55,56,63,81,86,91" machi="50" ten="20,12000,2" yaku="1,1,2,1,0,1,7,1,8,1,54,1,53,0" doraHai="72" doraHaiUra="92" who="1" fromWho="1" sc="230,-30,176,140,208,-60,366,-30" />
</Scene>
<Scene>
<INIT seed="3,0,0,0,3,114" ten="200,316,148,336" oya="3" hai0="133,45,37,21,38,64,50,32,90,30,102,98,109" hai1="107,120,2,80,131,58,135,18,92,74,125,105,1" hai2="99,94,115,17,28,63,43,3,130,36,16,20,78" hai3="71,13,67,14,60,40,88,85,81,0,73,110,97"/><W122/><G122/><T82/><D32/><U57/><E120/><V95/><F130/><W26/><G0/><T103/><D109/><U49/><E131/><V23/><F3/><W106/><G110/><T128/><D128/><U51/><E92/><V62/><F115/><W100/><G40/><T46/><D64/><U52/><E18/><V79/><F43/><W24/><G24/><T29/><D133/><U22/><E22/><V31/><REACH who="2" step="1"/><F36/><REACH who="2" ten="200,316,138,336" step="2"/><W15/><G26/><T53/><D38/><U104/><E1/><V59/><F59/><W91/><REACH who="3" step="1"/><G73/><REACH who="3" ten="200,316,138,326" step="2"/><T124/><D37/><U9/><E2/><V126/><F126/><W129/><G129/><T127/><D124/><U42/><E125/><V39/><F39/><W112/><G112/><T5/><D127/><U7/><E74/><V41/><F41/><W84/><G84/><T72/><D72/><U119/><E42/><V6/><F6/><W87/><G87/><T101/><D5/><U118/><E7/><V83/><F83/><W108/><G108/><T132/><D82/><U47/><E80/><V11/><F11/><W12/><N who="3" m="3072" /><DORA hai="4" /><W33/><G33/><T66/><D132/><U111/><E9/><V65/><F65/><W77/><AGARI ba="0,2" hai="60,67,71,77,81,85,88,91,97,100,106" m="3072" machi="77" ten="40,12000,1" yaku="1,1,0,1,54,1,53,1" doraHai="114,4" doraHaiUra="68,93" who="3" fromWho="3" sc="200,-40,316,-40,138,-40,326,140" />
</Scene>
<Scene>
<INIT seed="3,1,0,3,5,86" ten="160,276,98,466" oya="3" hai0="97,112,16,84,129,33,30,132,5,135,67,38,59" hai1="131,58,130,113,115,34,27,28,6,125,80,121,105" hai2="47,18,73,24,11,75,79,0,19,62,49,70,116" hai3="32,44,41,7,65,10,89,101,108,2,15,40,64"/><W83/><G32/><T61/><D5/><U63/><E105/><V133/><F133/><N who="0" m="51274" /><D129/><N who="1" m="49163" /><E121/><V128/><F128/><W72/><G101/><T31/><D33/><U117/><E125/><V99/><F116/><W95/><G108/><T104/><D38/><U127/><E127/><V98/><F70/><W29/><G29/><T109/><D109/><U36/><E36/><V45/><F62/><W55/><G2/><T102/><D112/><U81/><E6/><V96/><F79/><W100/><G100/><T77/><D77/><U53/><E117/><V68/><F68/><W114/><G114/><AGARI ba="1,0" hai="27,28,34,53,58,63,80,81,113,114,115" m="49163" machi="114" ten="30,1000,0" yaku="19,1" doraHai="86" who="1" fromWho="3" sc="160,0,276,13,98,0,466,-13" />
</Scene>
<Scene>
<INIT seed="4,0,0,4,4,61" ten="160,289,98,453" oya="0" hai0="121,106,81,124,22,1,45,53,97,123,2,46,59" hai1="18,54,95,70,86,110,90,31,127,13,68,42,9" hai2="83,133,101,41,51,115,28,57,91,32,114,52,15" hai3="105,36,99,94,24,62,11,55,0,87,17,39,109"/><T21/><D124/><U65/><E110/><V12/><F133/><W100/><G109/><T96/><D81/><U33/><E127/><V64/><F101/><W79/><G0/><T118/><D59/><U104/><E104/><V14/><F41/><W128/><G128/><T75/><D75/><U40/><E68/><V69/><F32/><W108/><G108/><T37/><D106/><U102/><E102/><V131/><F28/><W92/><G105/><T117/><REACH who="0" step="1"/><D53/><REACH who="0" ten="150,289,98,453" step="2"/><U120/><E54/><V43/><F131/><W80/><G55/><T20/><D20/><U85/><E70/><V73/><F43/><W93/><G80/><T5/><D5/><U119/><E42/><V125/><F125/><W72/><G72/><T107/><D107/><U4/><E4/><V38/><F73/><W129/><G129/><T60/><D60/><U74/><E40/><V63/><REACH who="2" step="1"/><F38/><AGARI ba="0,1" hai="1,2,21,22,37,38,45,46,96,97,117,118,121,123" machi="38" ten="25,4800,0" yaku="1,1,22,2,53,0" doraHai="61" doraHaiUra="8" who="0" fromWho="2" sc="150,58,289,0,98,-48,453,0" />
</Scene>
<Scene>
<INIT seed="4,1,0,5,3,70" ten="208,289,50,453" oya="0" hai0="126,73,39,23,25,42,83,14,43,56,44,63,40" hai1="111,74,117,19,102,54,119,127,128,132,134,65,77" hai2="99,36,55,47,35,98,82,106,91,109,113,10,7" hai3="48,81,97,16,57,123,96,0,66,131,112,108,31"/><T46/><D126/><U13/><E102/><V87/><F113/><W92/><G108/><T64/><D14/><U93/><E93/><V89/><F109/><W133/><G0/><T129/><D129/><U122/><E77/><V30/><F35/><W86/><G31/><T37/><D42/><U60/><E19/><V79/><F30/><W107/><G107/><T5/><D5/><U21/><E21/><V34/><F34/><W28/><G28/><T67/><D73/><U50/><E13/><V61/><F61/><W15/><G112/><T121/><D83/><U114/><E74/><V71/><F71/><W8/><G131/><T94/><D94/><U105/><E105/><V101/><F98/><W62/><G133/><N who="1" m="51306" /><E114/><V9/><F9/><W68/><G123/><T22/><D121/><U80/><E80/><V11/><F11/><W120/><G120/><T104/><D104/><U6/><E6/><V135/><F135/><W75/><G75/><T85/><D85/><U32/><E32/><V20/><F20/><W4/><G4/><T24/><D67/><U72/><E72/><V100/><F10/><W27/><G27/><AGARI ba="1,0" hai="22,23,24,25,27,37,39,40,43,44,46,56,63,64" machi="27" ten="40,7700,0" yaku="9,1,52,2" doraHai="70" who="0" fromWho="3" sc="208,80,289,0,50,0,453,-80" />
</Scene>
<Scene>
<INIT seed="4,2,0,1,1,105" ten="288,289,50,373" oya="0" hai0="22,123,65,40,82,15,90,88,50,52,98,67,71" hai1="89,3,92,30,114,109,78,45,111,73,117,53,44" hai2="66,125,101,104,10,134,1,49,100,61,130,19,38" hai3="23,39,46,96,58,102,122,5,47,119,83,42,76"/><T127/><D123/><U27/><E117/><V116/><F38/><W56/><G119/><T36/><D36/><U132/><E3/><V57/><F130/><W9/><G122/><T37/><D37/><U99/><E132/><V26/><F125/><W110/><G23/><T85/><D40/><U93/><E114/><V54/><F134/><W60/><G47/><N who="0" m="27743" /><D71/><U43/><E53/><V113/><F113/><W17/><G17/><N who="0" m="10559" /><D127/><U18/><E18/><V94/><F104/><W95/><G110/><T32/><D32/><U4/><E4/><V59/><F116/><W41/><G60/><T7/><D7/><U124/><E124/><V11/><F1/><N who="3" m="175" /><G41/><T87/><D98/><U126/><E126/><V86/><F11/><W55/><G55/><T12/><D12/><U48/><E45/><V35/><F35/><W51/><G51/><T135/><D135/><U33/><REACH who="1" step="1"/><E93/><AGARI ba="2,0" hai="65,67,82,85,87,88,90,93" m="10559,27743" machi="93" ten="30,5800,0" yaku="8,1,54,2" doraHai="105" who="0" fromWho="1" sc="288,64,289,-64,50,0,373,0" />
</Scene>
<Scene>
<INIT seed="4,3,0,4,4,97" ten="352,225,50,373" oya="0" hai0="129,134,7,69,79,132,49,65,52,59,36,23,128" hai1="119,107,10,89,56,81,34,113,122,114,124,13,78" hai2="96,15,16,85,135,58,123,41,82,40,103,47,21" hai3="68,116,70,20,93,109,130,61,19,27,12,35,133"/><T55/><D79/><U45/><E34/><V29/><F135/><N who="0" m="51754" /><D7/><U24/><E119/><V2/><F123/><W88/><G133/><T74/><D74/><U17/><E122/><V5/><F29/><W48/><G116/><T94/><D94/><U91/><E107/><V9/><F58/><W73/><G73/><T121/><D121/><U57/><E45/><V54/><F54/><W86/><G109/><T31/><D36/><U33/><E124/><V117/><F47/><W3/><G130/><N who="0" m="50283" /><D69/><U105/><E105/><V4/><F4/><W95/><G3/><T100/><D100/><U0/><E0/><V77/><REACH who="2" step="1"/><F117/><REACH who="2" ten="352,225,40,373" step="2"/><W102/><G70/><T118/><D118/><U42/><E57/><V25/><F25/><W26/><G26/><N who="0" m="16863" /><D55/><U1/><E56/><V108/><F108/><W18/><G68/><T110/><D110/><U83/><E42/><V112/><F112/><W125/><G27/><T84/><D65/><U67/><E67/><V22/><F22/><W60/><G20/><T39/><D39/><U8/><E113/><V43/><F43/><W101/><G35/><T99/><D59/><U11/><E114/><V71/><F71/><W64/><G64/><T75/><D52/><U53/><E53/><V44/><F44/><W62/><G62/><T63/><D63/><U50/><E33/><V87/><F87/><W106/><G86/><T90/><D49/><U131/><E131/><V111/><F111/><W66/><G61/><T126/><D75/><U6/><E50/><V98/><F98/><W30/><G48/><T38/><D99/><U115/><E115/><RYUUKYOKU ba="3,1" sc="352,-10,225,-10,40,30,373,-10" hai2="2,5,9,15,16,21,40,41,77,82,85,96,103" />
</Scene>
<Scene>
<INIT seed="5,4,1,0,3,34" ten="342,215,70,363" oya="1" hai0="58,95,49,21,20,118,18,127,13,98,9,80,105" hai1="135,24,73,126,104,107,111,4,103,19,62,96,59" hai2="10,50,0,88,94,122,90,116,123,40,33,52,81" hai3="83,31,89,5,86,124,17,37,110,47,125,101,23"/><U130/><E135/><V46/><F33/><W78/><G110/><T93/><D118/><U28/><E111/><V30/><F30/><W44/><G31/><T16/><D105/><U51/><E73/><V27/><F116/><W85/><G101/><T87/><D127/><N who="3" m="48713" /><G37/><T1/><D1/><U39/><E39/><V79/><F90/><W64/><G64/><T132/><D132/><U12/><E126/><V41/><F122/><W54/><G54/><N who="0" m="32079" /><D98/><U25/><E104/><V8/><F123/><W38/><G5/><T53/><D53/><U97/><E97/><V56/><F41/><W43/><G44/><T45/><D45/><U82/><E82/><V128/><F46/><W129/><G129/><T131/><D131/><U15/><E130/><V117/><F40/><W22/><G17/><T112/><D112/><U134/><E51/><V55/><F117/><W72/><G72/><T113/><D113/><U92/><E107/><V77/><F128/><W91/><G78/><N who="0" m="46487" /><D9/><N who="1" m="4135" /><E28/><V6/><F10/><W106/><G106/><T29/><D29/><U84/><E84/><V32/><F32/><W68/><G68/><T42/><D42/><U60/><E134/><V133/><F133/><W70/><G70/><T57/><D57/><U69/><E69/><V71/><F71/><W100/><G100/><T109/><D109/><U108/><E108/><V36/><F36/><W115/><G115/><T67/><D67/><N who="1" m="39327" /><E62/><V26/><F55/><W74/><G74/><T75/><D75/><U35/><E35/><V99/><F79/><W61/><G61/><T65/><D65/><U121/><E121/><RYUUKYOKU ba="4,1" sc="342,0,215,0,70,0,363,0" hai0="13,16,18,20,21,93,95" hai1="15,19,24,25,92,96,103" hai2="0,6,8,26,27,50,52,56,77,81,88,94,99" hai3="22,23,38,43,47,83,85,86,89,91" />
</Scene>
<Scene>
<INIT seed="5,5,1,3,1,60" ten="342,215,70,363" oya="1" hai0="37,102,58,8,41,0,44,129,121,112,62,66,39" hai1="126,84,17,10,95,90,57,67,93,14,77,51,27" hai2="83,63,111,114,117,47,26,127,92,4,74,7,70" hai3="54,32,28,6,2,135,61,106,76,108,75,133,35"/><U24/><E126/><V40/><F111/><W119/><G108/><T71/><D102/><U80/><E93/><V69/><F117/><W9/><G106/><T29/><D29/><U107/><E107/><V104/><F104/><W72/><G119/><T46/><D8/><U122/><E122/><V128/><F127/><W96/><G96/><T18/><D18/><U89/><E89/><V56/><F70/><W134/><G28/><T43/><D0/><U124/><E124/><V42/><F69/><W22/><G22/><T85/><D85/><U45/><E57/><V81/><F128/><W19/><G19/><T87/><D87/><N who="1" m="52703" /><E67/><V78/><F83/><N who="3" m="45447" /><G75/><T5/><D5/><U99/><E99/><V101/><F101/><W73/><G73/><T53/><D129/><U91/><E77/><V52/><F92/><W97/><G97/><T49/><D112/><U33/><E33/><V3/><F3/><W1/><G2/><T65/><D65/><U120/><E120/><AGARI ba="5,1" hai="37,39,41,43,44,46,49,53,58,62,66,71,120,121" machi="120" ten="40,12000,2" yaku="9,1,24,2,34,3,52,1" doraHai="60" who="0" fromWho="1" sc="342,145,215,-135,70,0,363,0" />
</Scene>
<Scene>
<INIT seed="6,0,0,5,1,25" ten="487,80,70,363" oya="2" hai0="45,15,127,39,134,62,85,90,58,111,73,69,26" hai1="30,46,107,95,103,123,57,112,54,102,133,86,70" hai2="5,61,67,22,65,19,16,118,48,41,64,10,94" hai3="2,106,49,14,9,56,78,12,31,68,120,71,80"/><V109/><F118/><W13/><G120/><T55/><D73/><U7/><E70/><V87/><F109/><W92/><G106/><T28/><D111/><U82/><E123/><V101/><F61/><W108/><G108/><T60/><D134/><U72/><E107/><V129/><F129/><W117/><G92/><T115/><D115/><U36/><E112/><V29/><F5/><W17/><G117/><T0/><D0/><U97/><E72/><V3/><F3/><W96/><G96/><T21/><D127/><U38/><E133/><V135/><F135/><W52/><G2/><T79/><D79/><U125/><E125/><V44/><F10/><W114/><G114/><T113/><D15/><U50/><E7/><V116/><F116/><W104/><G104/><T37/><D45/><U20/><E102/><V122/><F122/><W51/><G68/><T110/><D110/><U83/><E83/><V128/><F128/><W6/><G71/><T18/><D18/><U33/><E33/><V34/><F34/><W74/><G31/><T93/><REACH who="0" step="1"/><D113/><REACH who="0" ten="477,80,70,363" step="2"/><U1/><E1/><V8/><F8/><W81/><G17/><T42/><D42/><U121/><E121/><V23/><F19/><W32/><G6/><T99/><D99/><U47/><E38/><V43/><F43/><W124/><G124/><T105/><D105/><U63/><E36/><V119/><F119/><W66/><G9/><T100/><D100/><U24/><E50/><V132/><F132/><W84/><G51/><T88/><D88/><AGARI ba="0,1" hai="20,24,30,46,47,54,57,63,82,86,88,95,97,103" machi="88" ten="30,7700,0" yaku="7,1,8,1,52,1,54,1" doraHai="25" who="1" fromWho="0" sc="477,-77,80,87,70,0,363,0" />
</Scene>
<Scene>
<INIT seed="7,0,0,4,0,17" ten="400,167,70,363" oya="3" hai0="73,36,57,39,76,131,67,129,97,107,77,4,60" hai1="27,132,102,111,55,43,61,44,79,125,89,94,31" hai2="40,101,66,48,105,33,128,106,24,62,71,75,54" hai3="46,119,72,90,99,63,11,98,118,10,50,91,113"/><W32/><G72/><T5/><D39/><U70/><E111/><V82/><F128/><N who="0" m="49226" /><D36/><U109/><E109/><V47/><F75/><W18/><G32/><T49/><D49/><U14/><E79/><N who="0" m="30281" /><D73/><U92/><E132/><V69/><F82/><W19/><G113/><T16/><D16/><N who="3" m="6185" /><G119/><T127/><D127/><U15/><E125/><V115/><F115/><W9/><G118/><T96/><D96/><N who="3" m="36905" /><G63/><T121/><D121/><U42/><E61/><V38/><F71/><W30/><G30/><T117/><D117/><U130/><E31/><V13/><F101/><AGARI ba="0,0" hai="4,5,57,60,67,97,101,107" m="30281,49226" machi="101" ten="30,1000,0" yaku="19,1" doraHai="17" who="0" fromWho="2" sc="400,10,167,0,70,-10,363,0" owari="410,51.0,167,-23.0,60,-44.0,363,16.0" />
</Scene>
</mjloggm>