<mjloggm ver="2.3"><GO type="169" lobby="0"/><UN n0="%E3%83%AA%E3%83%84%E3%83%9F%E3%82%B5%E3%83%B3" n1="%7A%65%72%6F%52%58" n2="%E5%A4%AA%E3%81%8F%E3%81%AA%E3%81%84%E3%81%8A" n3="%E3%82%8A%E3%81%A8%E3%82%8B%E3%80%82%E3%80%82" dan="18,16,18,16" rate="2173.02,2081.95,2194.72,2118.62" sx="M,M,F,M"/><TAIKYOKU oya="0"/>

<Scene>
<INIT seed="0,0,0,2,1,92" ten="250,250,250,250" oya="0" hai0="98,91,108,59,14,75,117,42,6,131,48,87,135" hai1="105,128,0,130,23,22,37,122,44,36,56,26,95" hai2="45,89,58,104,11,116,39,24,74,90,30,66,52" hai3="49,31,113,85,3,32,71,16,54,78,10,28,61"/><T17/><D75/><U19/><E122/><V132/><F74/><W97/><G113/><T129/><D117/><U106/><E0/><V120/><F120/><W15/><G3/><T73/><D73/><U41/><E37/><V80/><F104/><N who="1" m="40041" /><E56/><V33/><F116/><W57/><G32/><T110/><D6/><U35/><E95/><V115/><F115/><W27/><G27/><T77/><D77/><U82/><E82/><V29/><F132/><W103/><G71/><T60/><D135/><U69/><E69/><V84/><F66/><W25/><G25/><T40/><D48/><U64/><E64/><V94/><F30/><W65/><G78/><T126/><D126/><U119/><E119/><V18/><F39/><W111/><G85/><T47/><D47/><U1/><E1/><V7/><F45/><W8/><G8/><T125/><D125/><U127/><E127/><V86/><F18/><W4/><G4/><T93/><D87/><U134/><E134/><V51/><F7/><W83/><G83/><T50/><D50/><U118/><E118/><V121/><F121/><W124/><G124/><T9/><D42/><U63/><E63/><V21/><REACH who="2" step="1"/><F11/><REACH who="2" ten="250,250,240,250" step="2"/><W96/><G31/><T133/><D133/><U20/><E19/><V38/><F38/><W67/><G28/><T12/><D40/><U101/><E130/><N who="0" m="49673" /><D14/><U99/><E128/><V79/><F79/><W102/><G67/><AGARI ba="0,1" hai="9,12,17,59,60,67,91,93,98,108,110" m="49673" machi="67" ten="30,2900,0" yaku="19,1,52,1" doraHai="92" who="0" fromWho="3" sc="250,39,250,0,240,0,250,-29" />
</Scene>
<Scene>
<INIT seed="0,1,0,5,4,19" ten="289,250,240,221" oya="0" hai0="13,135,84,52,50,67,118,2,83,71,114,81,133" hai1="101,32,99,44,59,36,115,120,117,34,33,29,80" hai2="47,48,68,64,17,76,23,60,1,123,73,42,21" hai3="92,97,75,122,129,88,69,127,105,37,31,18,30"/><T104/><D2/><U7/><E117/><V89/><F123/><W61/><G75/><T102/><D118/><U121/><E115/><V106/><F106/><W25/><G37/><T45/><D114/><U93/><E7/><V63/><F1/><W96/><G122/><T108/><D67/><U126/><E29/><V70/><F89/><W62/><G129/><T109/><D71/><U107/><E126/><V94/><F94/><W26/><G127/><T131/><D131/><U130/><E130/><V112/><F112/><W24/><G18/><T51/><D102/><U119/><E119/><V77/><F73/><W66/><G62/><T15/><D104/><U82/><E107/><V40/><F17/><W65/><G66/><T132/><D51/><U35/><E59/><V110/><F64/><W55/><G55/><T87/><D87/><U56/><E56/><V98/><F48/><W28/><REACH who="3" step="1"/><G105/><REACH who="3" ten="289,250,240,211" step="2"/><T79/><REACH who="0" step="1"/><D83/><REACH who="0" ten="279,250,240,211" step="2"/><U0/><E82/><V49/><F49/><W8/><G8/><T54/><D54/><U57/><E80/><V12/><F63/><W3/><G3/><T58/><D58/><U116/><E57/><V128/><F60/><W95/><G95/><T11/><D11/><U124/><E0/><V90/><F128/><W22/><G22/><T72/><D72/><U74/><E74/><V111/><F23/><W53/><G53/><T85/><D85/><AGARI ba="1,2" hai="24,25,26,28,30,31,61,65,69,85,88,92,96,97" machi="85" ten="40,2600,0" yaku="1,1,54,1,53,0" doraHai="19" doraHaiUra="134" who="3" fromWho="0" sc="279,-29,250,0,240,0,211,49" />
</Scene>
<Scene>
<INIT seed="1,0,0,4,5,80" ten="250,250,240,260" oya="1" hai0="115,128,90,127,28,18,109,50,100,54,66,106,133" hai1="135,69,53,17,88,94,16,58,48,46,89,77,7" hai2="22,36,31,6,40,67,124,45,20,41,68,35,30" hai3="104,76,132,74,8,92,97,121,72,64,51,114,61"/><U43/><E69/><V56/><F124/><W62/><G104/><T24/><D115/><U96/><E135/><V71/><F6/><W84/><G114/><T113/><D113/><U117/><E117/><V21/><F40/><W79/><G121/><T29/><D66/><U1/><E77/><V87/><F35/><W60/><G64/><T15/><D106/><U39/><REACH who="1" step="1"/><E89/><REACH who="1" ten="250,240,240,260" step="2"/><V49/><F71/><W3/><G132/><T91/><D133/><U103/><E103/><V13/><F68/><W70/><G70/><T108/><D100/><U126/><E126/><V32/><F31/><W37/><G79/><T130/><D127/><U34/><E34/><V81/><F32/><W73/><G76/><T82/><D91/><U5/><E5/><V112/><F112/><W131/><G131/><T83/><D128/><U0/><E0/><V2/><F2/><W57/><G3/><T110/><D130/><U63/><E63/><V42/><F30/><W122/><G61/><T25/><D29/><U120/><E120/><V47/><F13/><W102/><G62/><T14/><D14/><U93/><E93/><V33/><F33/><W38/><G60/><T78/><D90/><U59/><E59/><V11/><F56/><W19/><G122/><T75/><D28/><U52/><E52/><V125/><F125/><W27/><G57/><N who="0" m="32983" /><D83/><U129/><E129/><V118/><F118/><W111/><G92/><T9/><AGARI ba="0,1" hai="9,15,18,24,25,75,78,82,108,109,110" m="32983" machi="9" ten="30,1100,0" yaku="14,1" doraHai="80" who="0" fromWho="0" sc="250,21,240,-5,240,-3,260,-3" />
</Scene>
<Scene>
<INIT seed="2,0,0,5,1,35" ten="271,235,237,257" oya="2" hai0="69,116,9,26,124,98,14,82,131,6,105,1,32" hai1="47,87,33,56,31,113,74,99,62,57,88,60,107" hai2="20,134,48,109,18,79,50,127,133,59,101,8,42" hai3="55,91,80,71,27,104,70,118,66,15,23,45,83"/><V97/><F127/><W4/><G104/><T3/><D124/><U24/><E74/><V40/><F79/><W94/><G118/><T49/><D69/><U7/><E113/><V65/><F8/><N who="3" m="4487" /><G71/><T64/><D64/><U43/><E7/><V77/><F77/><W115/><G66/><T120/><D120/><U16/><E107/><N who="2" m="63919" /><F65/><W38/><G38/><T58/><D116/><U108/><E99/><V72/><F72/><W28/><G70/><T5/><D82/><U34/><E108/><V11/><F11/><W68/><G68/><T67/><D6/><U95/><E34/><V130/><F130/><W25/><G25/><T13/><D13/><U112/><E112/><V19/><F19/><W111/><G111/><T86/><D86/><U0/><E0/><V128/><F128/><W17/><G17/><T53/><D67/><U102/><E102/><V92/><F92/><W54/><G115/><T90/><D131/><U2/><E2/><V51/><F59/><N who="1" m="22601" /><E16/><V21/><F21/><W84/><G45/><T46/><D46/><U36/><E36/><V129/><F129/><W110/><G110/><T103/><REACH who="0" step="1"/><D90/><REACH who="0" ten="261,235,237,257" step="2"/><U126/><E126/><V125/><F125/><W121/><G121/><T39/><D39/><U114/><E114/><V22/><F109/><W96/><G83/><T89/><D89/><AGARI ba="0,1" hai="23,27,28,54,55,80,84,89,91,94,96" m="4487" machi="89" ten="30,1000,0" yaku="8,1" doraHai="35" who="3" fromWho="0" sc="261,-10,235,0,237,0,257,20" />
</Scene>
<Scene>
<INIT seed="3,0,0,2,3,23" ten="251,235,237,277" oya="3" hai0="4,84,40,118,106,83,52,85,44,95,133,82,58" hai1="56,120,107,50,89,96,99,24,10,28,67,39,32" hai2="126,43,55,108,66,101,35,36,45,124,88,130,59" hai3="73,9,33,135,80,91,14,76,115,97,13,12,132"/><W72/><G115/><T27/><D106/><U114/><E114/><V51/><F101/><W77/><G33/><T110/><D118/><U11/><E39/><V111/><F35/><W74/><G9/><T18/><D4/><U116/><E120/><V94/><F130/><W112/><G112/><T121/><D121/><U131/><E131/><V102/><F102/><W90/><G97/><T75/><D75/><U117/><E107/><V20/><F20/><W1/><G1/><T79/><D95/><N who="1" m="56431" /><E99/><V34/><F34/><W61/><G61/><T47/><D133/><N who="3" m="51273" /><G80/><T134/><D134/><U123/><E123/><V64/><F94/><W93/><G93/><T17/><D40/><U7/><E7/><V3/><F3/><W30/><G30/><T57/><D110/><N who="2" m="42026" /><F88/><AGARI ba="0,0" hai="12,13,14,72,73,74,76,77,88,90,91" m="51273" machi="88" ten="40,12000,1" yaku="28,2,20,1,54,1" doraHai="23" who="3" fromWho="2" sc="251,0,235,0,237,-120,277,120" />
</Scene>
<Scene>
<INIT seed="3,1,0,1,4,18" ten="251,235,117,397" oya="3" hai0="21,134,26,60,7,17,127,125,117,130,115,71,108" hai1="77,48,27,133,33,79,64,111,105,89,101,57,114" hai2="4,39,76,10,92,20,56,113,24,69,25,14,19" hai3="45,8,120,0,109,66,12,58,135,59,80,61,82"/><W34/><G120/><T30/><D71/><U106/><E114/><V23/><F113/><W95/><G0/><T51/><D60/><U126/><E111/><V119/><F119/><W35/><G135/><T102/><D102/><U75/><E133/><V93/><F69/><W22/><G109/><T83/><D51/><U68/><E68/><V86/><F39/><W65/><G35/><T131/><D83/><U118/><E126/><N who="0" m="48137" /><D115/><U13/><E75/><V87/><F56/><W62/><G34/><T98/><D98/><U100/><E48/><V9/><F9/><W78/><G78/><T63/><D63/><U104/><E57/><V91/><F76/><W112/><G112/><T94/><D94/><U50/><E50/><V97/><REACH who="2" step="1"/><F93/><REACH who="2" ten="251,235,107,397" step="2"/><W73/><G95/><T3/><D117/><U67/><E118/><V42/><F42/><W107/><G107/><T121/><D134/><U47/><E105/><V38/><F38/><W128/><G128/><T41/><D41/><U124/><E106/><V31/><AGARI ba="1,1" hai="4,10,14,19,20,23,24,25,31,86,87,91,92,97" machi="31" ten="20,12000,2" yaku="1,1,0,1,7,1,8,1,52,2,53,0" doraHai="18" doraHaiUra="72" who="2" fromWho="2" sc="251,-31,235,-31,107,133,397,-61" />
</Scene>
<Scene>
<INIT seed="4,0,0,3,0,2" ten="220,204,240,336" oya="0" hai0="124,100,118,23,62,57,87,51,32,111,110,7,37" hai1="113,83,133,13,15,123,80,22,78,28,61,1,71" hai2="46,54,72,66,11,128,120,73,102,19,92,64,3" hai3="93,112,127,31,0,12,70,34,129,35,89,75,69"/><T33/><D37/><U24/><E123/><V21/><F120/><W68/><G0/><T122/><D122/><U81/><E133/><V74/><F128/><W8/><G75/><T79/><D118/><U107/><E107/><V47/><F102/><W96/><G129/><T58/><D100/><U40/><E1/><V18/><F92/><W56/><G112/><T6/><D124/><U9/><E113/><V36/><F54/><W115/><G115/><T109/><D23/><U121/><E121/><V104/><F104/><W85/><G127/><T59/><D51/><U16/><E40/><V126/><F126/><W99/><G56/><T130/><D62/><U50/><E50/><V97/><F97/><W55/><G55/><T29/><D130/><U105/><E105/><V125/><F125/><W48/><G48/><T82/><D29/><U42/><E42/><V117/><F117/><W49/><G49/><T43/><D43/><U38/><E38/><V103/><F103/><W88/><G31/><T90/><REACH who="0" step="1"/><D79/><REACH who="0" ten="210,204,240,336" step="2"/><U26/><E61/><V52/><F36/><W134/><G134/><T94/><D94/><U27/><E71/><V135/><F135/><W132/><G132/><T53/><D53/><U76/><REACH who="1" step="1"/><E28/><REACH who="1" ten="210,194,240,336" step="2"/><V86/><F47/><W60/><G60/><T41/><D41/><U131/><E131/><V65/><F46/><W63/><G63/><T4/><AGARI ba="0,2" hai="4,6,7,32,33,57,58,59,82,87,90,109,110,111" machi="4" ten="40,24000,3" yaku="1,1,0,1,29,2,10,1,52,3,53,0" doraHai="2" doraHaiUra="10" who="0" fromWho="0" sc="210,260,194,-80,240,-80,336,-80" />
</Scene>
<Scene>
<INIT seed="4,1,0,0,0,4" ten="470,114,160,256" oya="0" hai0="79,104,87,55,3,94,54,114,45,21,51,93,10" hai1="130,123,74,57,14,109,111,12,135,90,25,108,38" hai2="50,78,1,37,56,70,0,80,100,84,117,59,58" hai3="17,65,115,88,72,113,33,13,18,31,95,24,120"/><T11/><D104/><U7/><E123/><V47/><F70/><W71/><G72/><T36/><D36/><U69/><E69/><V41/><F117/><W97/><G120/><T103/><D114/><U122/><E74/><V23/><F100/><W60/><REACH who="3" step="1"/><G18/><REACH who="3" ten="470,114,160,246" step="2"/><T76/><D3/><U26/><E122/><V125/><F125/><W15/><G15/><T133/><D133/><U83/><E14/><V105/><F0/><W53/><G53/><T73/><D73/><U121/><E135/><V112/><F1/><W48/><G48/><T6/><D55/><U81/><E121/><V132/><F132/><W110/><G110/><T46/><D54/><U5/><E38/><V40/><F37/><W107/><G107/><T63/><D51/><U52/><E12/><V67/><F105/><W8/><AGARI ba="1,1" hai="8,13,17,24,31,33,60,65,71,88,95,97,113,115" machi="8" ten="30,7900,0" yaku="1,1,0,1,52,1,54,1,53,0" doraHai="4" doraHaiUra="82" who="3" fromWho="3" sc="470,-40,114,-21,160,-21,246,92" />
</Scene>
<Scene>
<INIT seed="5,0,0,5,0,47" ten="430,93,139,338" oya="1" hai0="50,120,40,54,4,98,28,71,133,66,95,23,114" hai1="91,106,17,80,105,62,121,27,113,48,59,16,7" hai2="1,57,102,93,126,92,112,10,75,53,76,26,78" hai3="20,100,68,103,55,89,129,11,115,87,21,34,22"/><U2/><E121/><V83/><F126/><W110/><G110/><T14/><D120/><U117/><E117/><V79/><F112/><W31/><G115/><T42/><D71/><U32/><E113/><V90/><F102/><W41/><G68/><T134/><D66/><U44/><E2/><V132/><F132/><W111/><G111/><T8/><D114/><U64/><E7/><V118/><F118/><W77/><G77/><T35/><D35/><U43/><E32/><V135/><F135/><N who="0" m="51722" /><D23/><N who="1" m="13799" /><E106/><V101/><F101/><W29/><G41/><T82/><D28/><N who="3" m="10825" /><G34/><T37/><D37/><U125/><E105/><V0/><F26/><W104/><G104/><T81/><D42/><U56/><E125/><V122/><F122/><W130/><G11/><T73/><D40/><U30/><E30/><V3/><F10/><W127/><G127/><T116/><D73/><U131/><E131/><N who="3" m="50186" /><G55/><T65/><D65/><U70/><E70/><V36/><F36/><W99/><G99/><T108/><D108/><U123/><E123/><V109/><F109/><W72/><G72/><T52/><D54/><U60/><E64/><V128/><F128/><W63/><G63/><N who="1" m="24106" /><E17/><V13/><F75/><W24/><G24/><T74/><D74/><U119/><E119/><V9/><F53/><W61/><G61/><T51/><D116/><U6/><E6/><V33/><F33/><W124/><G124/><T84/><D52/><U97/><E97/><V85/><F57/><W86/><G86/><AGARI ba="0,0" hai="43,44,48,56,59,80,86,91" m="24106,13799" machi="86" ten="30,5800,0" yaku="8,1,52,1,54,1" doraHai="47" who="1" fromWho="3" sc="430,0,93,58,139,0,338,-58" />
</Scene>
<Scene>
<INIT seed="5,1,0,0,4,119" ten="430,151,139,280" oya="1" hai0="122,58,81,45,123,118,20,47,64,19,59,97,109" hai1="73,90,36,48,130,40,66,12,3,89,24,10,96" hai2="88,91,21,57,63,49,82,105,16,17,42,86,111" hai3="131,44,2,132,83,65,43,61,78,1,38,134,46"/><U84/><E73/><V33/><F111/><W94/><G94/><T37/><D109/><U28/><E36/><V0/><F33/><W69/><G131/><T124/><D118/><U100/><E3/><V15/><F105/><W6/><G46/><T26/><D124/><U125/><E125/><V79/><F0/><W25/><G25/><T126/><D126/><U29/><E66/><V55/><F42/><W11/><G1/><T103/><D81/><N who="1" m="49295" /><E24/><V127/><F127/><W51/><G51/><T23/><D64/><U129/><E90/><V115/><F115/><W112/><G112/><T92/><D37/><U68/><E68/><V117/><F117/><W70/><G70/><T102/><D102/><U7/><E40/><V128/><F128/><N who="1" m="49257" /><E48/><V27/><REACH who="2" step="1"/><F49/><REACH who="2" ten="430,151,129,280" step="2"/><W133/><G133/><T9/><D47/><U93/><AGARI ba="1,1" hai="7,10,12,28,29,93,96,100" m="49257,49295" machi="93" ten="30,1500,0" yaku="19,1" doraHai="119" who="1" fromWho="1" sc="430,-6,151,28,129,-6,280,-6" />
</Scene>
<Scene>
<INIT seed="5,2,0,4,4,128" ten="424,179,123,274" oya="1" hai0="29,50,77,103,40,131,104,51,49,66,25,68,27" hai1="24,124,32,87,0,10,99,12,111,84,7,74,37" hai2="133,109,75,16,119,67,108,122,45,26,19,135,52" hai3="28,71,120,85,15,116,113,2,8,14,107,101,112"/><U106/><E74/><V76/><F119/><W54/><G120/><T97/><D131/><U105/><E37/><V92/><F122/><W89/><G71/><T79/><D40/><U35/><E124/><V72/><F67/><W60/><G116/><T9/><D9/><U96/><E111/><N who="2" m="42571" /><F92/><W33/><G33/><N who="0" m="20655" /><D27/><U20/><E106/><V64/><F64/><W17/><G28/><T31/><D31/><N who="1" m="19559" /><E35/><V55/><F76/><W117/><G101/><T70/><D70/><U73/><E73/><N who="2" m="28235" /><F45/><W4/><G60/><AGARI ba="2,0" hai="49,50,51,60,66,68,77,79,97,103,104" m="20655" machi="60" ten="30,1000,0" yaku="25,1" doraHai="128" who="0" fromWho="3" sc="424,16,179,0,123,0,274,-16" />
</Scene>
<Scene>
<INIT seed="6,0,0,4,5,49" ten="440,179,123,258" oya="2" hai0="78,20,0,97,25,135,96,110,101,40,27,31,98" hai1="121,2,44,103,106,68,33,3,24,60,7,36,75" hai2="109,54,69,116,41,125,123,19,11,86,115,112,46" hai3="82,62,39,35,6,83,66,128,124,52,21,42,131"/><V133/><F116/><W93/><G35/><T81/><D0/><U65/><E121/><V63/><F123/><W119/><G119/><T107/><D110/><U79/><E7/><V92/><F109/><W84/><G124/><T77/><D77/><U12/><E12/><N who="2" m="7583" /><F125/><W14/><G39/><T73/><D135/><U47/><E47/><V1/><F1/><W55/><G42/><T108/><D108/><U87/><E44/><V17/><F133/><W134/><G93/><T43/><D97/><N who="1" m="61807" /><E36/><V113/><F17/><N who="3" m="10423" /><G6/><T15/><D15/><U100/><E100/><V70/><F92/><W28/><G28/><T74/><D74/><U104/><E104/><V56/><F86/><W91/><G83/><T16/><D96/><U38/><E38/><AGARI ba="0,0" hai="38,41,46,54,56,63,69,70,112,113,115" m="7583" machi="38" ten="30,2900,0" yaku="15,1,52,1" doraHai="49" who="2" fromWho="1" sc="440,0,179,-29,123,29,258,0" />
</Scene>
<Scene>
<INIT seed="6,1,0,3,3,128" ten="440,150,152,258" oya="2" hai0="134,3,122,21,2,133,77,17,7,44,15,10,85" hai1="68,22,11,123,71,95,132,82,43,109,69,14,96" hai2="37,99,75,86,104,1,27,40,112,124,120,20,67" hai3="106,34,131,48,102,63,62,119,54,116,113,52,90"/><V28/><F120/><W38/><G34/><T5/><D122/><U126/><E109/><V53/><F75/><W93/><G106/><T72/><D72/><U9/><E123/><V110/><F1/><W130/><G102/><T42/><D77/><U50/><E126/><V129/><F67/><W98/><G38/><T64/><D85/><U111/><E111/><V105/><F110/><W39/><G39/><T74/><D64/><U100/><E82/><V118/><F118/><W73/><G73/><T87/><D87/><U59/><E22/><V57/><F129/><N who="3" m="49163" /><G113/><T70/><D70/><U0/><E0/><V84/><F112/><W46/><G54/><T94/><D94/><U12/><E43/><V13/><F124/><W60/><AGARI ba="1,0" hai="46,48,52,60,62,63,90,93,98,116,119" m="49163" machi="60" ten="30,2000,0" yaku="19,1,54,1" doraHai="128" who="3" fromWho="3" sc="440,-6,150,-6,152,-11,258,23" />
</Scene>
<Scene>
<INIT seed="7,0,0,0,5,41" ten="434,144,141,281" oya="3" hai0="106,71,96,84,28,11,115,119,87,116,94,27,132" hai1="18,75,69,14,13,134,109,73,51,82,130,10,19" hai2="45,48,55,131,2,68,99,123,53,118,1,111,30" hai3="50,0,121,70,86,76,89,61,60,95,56,113,129"/><W31/><G0/><T80/><D71/><U39/><E39/><V7/><F118/><W42/><G121/><T128/><D106/><U97/><E109/><V20/><F111/><W126/><G113/><T35/><D115/><U135/><E69/><V124/><F68/><W58/><G70/><T9/><D132/><N who="1" m="50731" /><E130/><V125/><F131/><W5/><G5/><T21/><D128/><U127/><E127/><N who="2" m="48715" /><F123/><W49/><G126/><T117/><D21/><N who="1" m="11471" /><E82/><V110/><F110/><W74/><G129/><T25/><D25/><U65/><E65/><V46/><F7/><W4/><G4/><T78/><D87/><U24/><E97/><V44/><F99/><W102/><G102/><T12/><D12/><U85/><E85/><V98/><F98/><W40/><G31/><T63/><D63/><U22/><E51/><N who="3" m="19466" /><G76/><T3/><D3/><N who="2" m="1034" /><F48/><W108/><G74/><T16/><D16/><AGARI ba="0,0" hai="10,14,16,19,22,24,73,75" m="11471,50731" machi="16" ten="30,2000,0" yaku="20,1,54,1" doraHai="41" who="1" fromWho="0" sc="434,-20,144,20,141,0,281,0" owari="414,52.0,164,-24.0,141,-36.0,281,8.0" />
</Scene>
</mjloggm>