<mjloggm ver="2.3"><GO type="169" lobby="0"/><UN n0="%E3%83%95%E3%83%AA%E3%83%86%E3%83%B3" n1="%73%68%61%72" n2="%E4%BC%8A%E8%97%A4%E5%8D%83%E4%BD%B3" n3="%E5%A4%AA%E3%81%8F%E3%81%AA%E3%81%84%E3%81%8A" dan="16,16,16,18" rate="2149.86,2061.92,2133.13,2165.57" sx="M,M,F,M"/><TAIKYOKU oya="0"/>

<Scene>
<INIT seed="0,0,0,2,5,132" ten="250,250,250,250" oya="0" hai0="18,54,58,60,8,103,127,31,123,121,134,62,49" hai1="94,128,24,14,81,129,70,117,28,71,59,51,2" hai2="133,89,65,1,75,10,76,98,40,84,22,80,52" hai3="36,27,25,23,26,82,101,86,32,15,130,69,91"/><T13/><D134/><U42/><E117/><V79/><F133/><W63/><G36/><T126/><D103/><U131/><E2/><V120/><F120/><N who="0" m="46154" /><D31/><U44/><E81/><V30/><F65/><W41/><G130/><T116/><D116/><U7/><E94/><V64/><F64/><W124/><G101/><T66/><D66/><U95/><E95/><V46/><F98/><W109/><G32/><T73/><D73/><U5/><E59/><V92/><F52/><W39/><G69/><N who="1" m="26122" /><E14/><V55/><F55/><W96/><G15/><T45/><D58/><U21/><AGARI ba="0,0" hai="5,7,21,24,28,42,44,51,128,129,131" m="26122" machi="21" ten="40,1500,0" yaku="19,1" doraHai="132" who="1" fromWho="1" sc="250,-7,250,15,250,-4,250,-4" />
</Scene>
<Scene>
<INIT seed="1,0,0,1,5,25" ten="243,265,246,246" oya="1" hai0="81,44,8,97,83,30,80,104,130,105,62,91,126" hai1="121,3,118,13,135,17,31,49,33,75,133,61,47" hai2="77,48,95,18,6,67,2,5,1,117,125,45,108" hai3="23,109,21,114,55,16,112,103,40,64,73,19,90"/><U87/><E75/><V60/><F117/><W76/><G109/><T119/><D119/><U10/><E118/><V38/><F38/><W4/><G103/><T101/><D130/><U79/><E121/><V28/><F125/><W34/><G34/><T0/><D126/><U113/><E113/><V85/><F108/><W11/><G64/><T71/><D105/><U29/><E3/><V116/><F116/><W68/><G68/><T128/><D128/><U58/><E33/><V12/><F28/><W89/><G40/><T69/><D91/><U99/><E99/><V15/><F2/><W131/><G131/><T98/><D98/><U53/><E87/><V14/><F18/><W36/><G36/><T46/><D30/><U59/><E79/><V70/><F1/><W111/><G111/><T94/><D104/><U110/><E59/><V51/><F48/><W27/><G76/><T50/><D62/><U96/><E96/><V129/><F129/><W84/><G73/><T82/><D46/><U120/><E120/><V22/><F22/><W43/><G84/><T127/><D127/><U122/><E122/><V26/><F26/><W92/><G27/><T37/><D37/><U86/><E86/><V106/><F106/><W72/><G72/><T35/><D35/><U123/><E123/><V41/><REACH who="2" step="1"/><F95/><REACH who="2" ten="243,265,236,246" step="2"/><W39/><G92/><T57/><D94/><U32/><E110/><V42/><F42/><W65/><G43/><T115/><D0/><U7/><E32/><V9/><F9/><W100/><G11/><T134/><N who="0" m="20480" /><DORA hai="102" /><T132/><D8/><U124/><E124/><RYUUKYOKU ba="0,1" sc="243,-10,265,-10,236,30,246,-10" hai2="5,6,12,14,15,41,45,51,60,67,70,77,85" />
</Scene>
<Scene>
<INIT seed="2,1,1,5,4,81" ten="233,255,266,236" oya="2" hai0="74,88,32,86,16,135,40,29,80,118,84,51,121" hai1="132,52,27,127,3,28,62,59,23,90,83,117,130" hai2="4,13,108,36,93,129,7,56,126,72,45,0,68" hai3="102,65,89,22,124,64,133,87,11,8,96,19,34"/><V46/><F68/><W1/><G34/><T101/><D121/><U54/><E117/><V67/><F0/><W38/><G38/><T100/><D118/><U31/><E3/><V75/><F126/><W15/><G124/><T131/><D74/><U119/><E119/><V26/><F129/><W113/><G133/><T120/><D32/><U53/><E127/><V6/><F108/><W91/><G113/><T10/><D120/><U70/><E70/><V98/><F13/><W30/><G1/><T66/><D29/><N who="1" m="17663" /><E132/><V5/><F5/><W77/><G77/><N who="0" m="46095" /><D66/><N who="1" m="39263" /><E130/><V44/><F36/><W134/><G134/><T42/><D131/><U92/><E83/><V125/><F125/><W47/><G65/><T76/><D76/><U61/><E61/><V49/><F26/><W109/><G64/><T33/><D33/><U111/><E111/><V69/><F69/><W50/><G109/><T39/><D39/><U106/><E106/><V71/><F71/><W18/><G30/><T58/><D135/><U103/><E103/><N who="0" m="39497" /><D51/><U104/><E104/><V123/><F123/><W122/><G122/><T41/><D58/><U48/><E48/><V17/><F49/><W25/><G50/><T63/><D63/><U105/><E105/><V2/><F2/><W21/><G47/><T97/><D42/><U43/><E43/><V110/><F110/><W60/><G60/><T112/><D112/><U95/><E90/><N who="2" m="55607" /><F56/><W20/><G102/><T114/><D114/><U55/><N who="1" m="13824" /><DORA hai="115" /><U82/><E82/><V99/><F67/><W12/><G25/><T78/><D41/><U85/><E95/><RYUUKYOKU ba="1,1" sc="233,-10,255,30,266,-10,236,-10" hai1="28,31,85,92" />
</Scene>
<Scene>
<INIT seed="3,2,1,0,2,26" ten="223,285,256,226" oya="3" hai0="83,133,92,101,97,61,121,22,7,39,44,126,49" hai1="120,5,75,109,91,128,27,42,73,95,115,32,72" hai2="12,85,23,40,60,57,56,41,99,45,98,66,90" hai3="62,47,122,31,28,89,33,24,71,6,132,54,19"/><W130/><G122/><T124/><D121/><U100/><E120/><V135/><F135/><W69/><G132/><T70/><D133/><U88/><E115/><V4/><F57/><W119/><G119/><T112/><D39/><U2/><E42/><N who="2" m="16491" /><F45/><W104/><G104/><T125/><D112/><U10/><E109/><V84/><F84/><W11/><G130/><T129/><D129/><U86/><E128/><V134/><F134/><W113/><G113/><T114/><D114/><U14/><E100/><V77/><F77/><W81/><G47/><T94/><D83/><U43/><E43/><V131/><F131/><W36/><G36/><T3/><D22/><U116/><E116/><V87/><F87/><W37/><G37/><T67/><D92/><U76/><E76/><V51/><F51/><W18/><G71/><T110/><D110/><U0/><REACH who="1" step="1"/><E91/><REACH who="1" ten="223,275,256,226" step="2"/><V80/><F4/><W52/><G89/><T9/><D125/><U15/><E15/><V68/><F12/><W63/><G6/><T20/><D126/><U59/><E59/><V50/><F68/><W64/><G69/><T48/><D124/><U65/><E65/><V118/><F118/><W30/><G64/><T8/><D44/><U111/><E111/><V34/><F66/><W96/><G54/><T107/><D67/><U55/><E55/><V79/><F90/><W102/><G52/><T78/><D70/><U17/><E17/><V1/><F79/><W35/><G19/><T123/><D78/><U21/><E21/><V127/><F127/><W93/><G18/><T38/><D123/><U106/><E106/><RYUUKYOKU ba="2,2" sc="223,-10,275,30,256,-10,226,-10" hai1="0,2,5,10,14,27,32,72,73,75,86,88,95" />
</Scene>
<Scene>
<INIT seed="4,3,2,4,0,4" ten="213,305,246,216" oya="0" hai0="133,72,18,105,17,71,58,44,40,88,127,19,2" hai1="0,3,33,8,92,124,68,79,135,82,39,106,25" hai2="132,10,50,114,34,75,95,73,134,129,21,108,130" hai3="78,22,38,66,103,125,77,97,101,120,86,51,111"/><T62/><D133/><N who="2" m="51306" /><F108/><W107/><G38/><T115/><D115/><U63/><E135/><V9/><F114/><W56/><G111/><T26/><D105/><U122/><E92/><V54/><F34/><W76/><G125/><T85/><D72/><N who="2" m="27722" /><F95/><W94/><G120/><T41/><D71/><U35/><E122/><V29/><F29/><W99/><G22/><N who="0" m="13647" /><D2/><U24/><E106/><V6/><F21/><W27/><G27/><T42/><D44/><U15/><E39/><V65/><F65/><W109/><G109/><T46/><D46/><U52/><E124/><V90/><F90/><W59/><G66/><N who="0" m="39255" /><D127/><U48/><E35/><V28/><F28/><W30/><G30/><T70/><D70/><U87/><E33/><V23/><F23/><W104/><G104/><T118/><D118/><U116/><E116/><V74/><N who="2" m="27730" /><V80/><DORA hai="55" /><F80/><AGARI ba="3,2" hai="18,19,40,41,42,80,85,88" m="39255,13647" machi="80" ten="30,5800,0" yaku="8,1,52,1,54,1" doraHai="4,55" who="0" fromWho="2" sc="213,87,305,0,246,-67,216,0" />
</Scene>
<Scene>
<INIT seed="4,4,0,5,5,23" ten="300,305,179,216" oya="0" hai0="21,110,88,94,132,22,79,4,57,46,119,45,115" hai1="70,134,15,61,93,127,84,7,20,99,37,28,0" hai2="24,130,53,106,95,86,12,91,64,71,41,8,43" hai3="123,77,113,80,135,67,83,26,114,34,65,49,60"/><T78/><D119/><U100/><E37/><V38/><F106/><W25/><G135/><T69/><D69/><U129/><E0/><V14/><F130/><W17/><G123/><T16/><D115/><N who="3" m="44041" /><G34/><T73/><D73/><U117/><E117/><V105/><F105/><W98/><G98/><N who="0" m="57671" /><D132/><U96/><E134/><V30/><F38/><W2/><G2/><T133/><D110/><U102/><E129/><V58/><F64/><N who="3" m="24651" /><G60/><T97/><D97/><U74/><E74/><V92/><F92/><W51/><G17/><T11/><D57/><U29/><E70/><V112/><F71/><W33/><G33/><T47/><D133/><U62/><E61/><V54/><F112/><W109/><G109/><T44/><D44/><U63/><E62/><V81/><F58/><W42/><G83/><T56/><D56/><U103/><E63/><V35/><F81/><W125/><G125/><T10/><D4/><U111/><E127/><V66/><F66/><W124/><G124/><T122/><D122/><U128/><E111/><V36/><F36/><W104/><G104/><T1/><D1/><U107/><E128/><V108/><F108/><W75/><G42/><T19/><D19/><N who="1" m="10367" /><E107/><V126/><F126/><W48/><AGARI ba="4,0" hai="25,26,48,49,51,75,77,80" m="24651,44041" machi="48" ten="40,5200,0" yaku="15,1,52,2" doraHai="23" who="3" fromWho="3" sc="300,-30,305,-17,179,-17,216,64" />
</Scene>
<Scene>
<INIT seed="5,0,0,5,3,121" ten="270,288,162,280" oya="1" hai0="65,97,120,60,82,58,134,104,95,100,41,106,133" hai1="31,129,24,131,93,119,39,19,122,37,0,43,112" hai2="56,40,117,114,118,25,87,111,52,71,30,70,10" hai3="29,3,103,15,6,123,34,32,59,125,46,1,36"/><U28/><E122/><V86/><F114/><W14/><G103/><T7/><D120/><U61/><E119/><V74/><F74/><W124/><G123/><T132/><D7/><U107/><E107/><V69/><F40/><W81/><G81/><T55/><D41/><U49/><E0/><N who="3" m="74" /><G59/><T53/><D82/><U63/><E112/><V128/><F128/><N who="1" m="49225" /><E93/><V77/><F111/><W45/><G36/><N who="1" m="13898" /><E19/><V85/><F10/><W101/><G101/><T98/><D106/><U18/><E18/><V78/><F117/><W27/><G6/><T126/><D126/><N who="3" m="48745" /><G34/><T48/><D48/><U50/><E49/><V4/><F4/><W12/><AGARI ba="0,0" hai="12,14,15,27,29,32,45,46" m="48745,74" machi="12" ten="40,1500,0" yaku="18,1" doraHai="121" who="3" fromWho="3" sc="270,-4,288,-7,162,-4,280,15" />
</Scene>
<Scene>
<INIT seed="6,0,0,0,0,72" ten="266,281,158,295" oya="2" hai0="31,34,79,91,15,49,75,18,80,48,63,126,99" hai1="82,109,10,111,98,104,12,9,116,90,27,89,69" hai2="62,60,55,43,52,13,53,125,35,132,122,61,94" hai3="135,97,26,88,67,66,64,37,46,129,1,121,39"/><V92/><F122/><W58/><G121/><T73/><D126/><U130/><E116/><V85/><F125/><W2/><G135/><T54/><D75/><U41/><E69/><V78/><F132/><W33/><G129/><T51/><D31/><U103/><E130/><V44/><F35/><W28/><G58/><T102/><D34/><U65/><E65/><V117/><F117/><W124/><G124/><T25/><D25/><U8/><E12/><V118/><F118/><W7/><G7/><T100/><D91/><U68/><E68/><V40/><F13/><W74/><G74/><T107/><D102/><U128/><E128/><V84/><F44/><W93/><REACH who="3" step="1"/><G46/><REACH who="3" ten="266,281,158,285" step="2"/><T6/><D6/><U20/><E111/><V50/><F50/><W5/><G5/><T0/><D0/><AGARI ba="0,1" hai="0,1,2,26,28,33,37,39,64,66,67,88,93,97" machi="0" ten="40,2600,0" yaku="1,1,54,1,53,0" doraHai="72" doraHaiUra="81" who="3" fromWho="0" sc="266,-26,281,0,158,0,285,36" />
</Scene>
<Scene>
<INIT seed="7,0,0,2,3,27" ten="240,281,158,321" oya="3" hai0="40,61,54,74,90,33,67,94,17,69,106,31,91" hai1="25,57,16,84,0,133,112,85,26,131,93,129,97" hai2="45,20,68,73,32,76,127,111,55,14,104,122,43" hai3="58,7,87,44,134,119,126,120,81,5,113,49,3"/><W47/><G120/><T24/><D74/><U105/><E0/><V98/><F111/><W110/><G119/><T29/><D40/><U82/><E105/><V75/><F127/><W96/><G126/><T60/><D106/><U6/><E6/><V51/><F122/><W13/><G3/><T35/><D17/><U39/><E39/><V30/><F68/><W135/><G110/><T36/><D36/><U109/><E109/><V4/><F76/><W15/><G96/><T77/><D77/><U18/><E57/><V108/><F108/><W114/><G58/><T92/><D54/><U115/><E97/><V116/><F116/><W11/><G15/><T41/><D41/><U9/><E93/><V19/><F4/><W124/><G7/><T62/><D67/><U99/><E99/><V42/><F42/><N who="3" m="24727" /><G47/><T102/><D102/><U71/><E71/><V38/><F38/><W132/><G124/><T21/><D69/><U65/><E65/><V12/><F12/><W121/><G121/><T46/><D46/><U89/><E82/><V128/><F128/><W23/><G23/><T78/><D78/><AGARI ba="0,0" hai="5,11,13,78,81,87,113,114,132,134,135" m="24727" machi="78" ten="30,2900,0" yaku="25,1,20,1" doraHai="27" who="3" fromWho="0" sc="240,-29,281,0,158,0,321,29" owari="211,-19.0,281,8.0,158,-34.0,350,45.0" />
</Scene>
</mjloggm>