<mjloggm ver="2.3"><GO type="169" lobby="0"/><UN n0="%E3%81%B9%E3%81%A3%E3%81%93%E3%83%BC%E2%99%AA" n1="%E5%A4%AA%E3%81%8F%E3%81%AA%E3%81%84%E3%81%8A" n2="%E3%83%9F%E3%82%B9%E5%8C%97%E5%8D%83%E4%BD%8F" n3="%53%48%45%45%50%32%30%30" dan="17,18,16,16" rate="2153.66,2265.13,2114.30,2072.03" sx="F,F,F,M"/><TAIKYOKU oya="0"/>

<Scene>
<INIT seed="0,0,0,5,0,51" ten="250,250,250,250" oya="0" hai0="115,55,2,117,108,135,6,88,35,20,48,41,121" hai1="38,97,123,104,106,98,95,110,129,91,15,47,126" hai2="57,122,131,60,93,10,39,53,96,17,61,79,0" hai3="62,130,81,30,42,133,66,71,31,83,36,49,7"/><T54/><D121/><U9/><E123/><V37/><F122/><W87/><G133/><T43/><D35/><U4/><E110/><V124/><F131/><W105/><G105/><T59/><D117/><U82/><E129/><V45/><F124/><W120/><G130/><T1/><D115/><U24/><E126/><V16/><F79/><W132/><G120/><T86/><D135/><U92/><E82/><V89/><F61/><W46/><G132/><T64/><D108/><U13/><E24/><V22/><F45/><W125/><G125/><T19/><D6/><U127/><E127/><V109/><F109/><W99/><G99/><T56/><D64/><U134/><E134/><V67/><F67/><W84/><G84/><T118/><D1/><U101/><E15/><V27/><F0/><W107/><G107/><T18/><D2/><U52/><REACH who="1" step="1"/><E38/><REACH who="1" ten="250,240,250,250" step="2"/><V116/><F116/><W11/><G36/><T12/><D118/><U3/><E3/><V44/><F44/><W74/><G83/><N who="0" m="49247" /><D19/><U128/><E128/><V100/><F100/><W65/><G74/><T5/><D5/><U94/><E94/><V8/><F17/><W111/><G111/><T40/><D40/><U90/><E90/><V28/><F28/><W23/><G30/><T114/><D114/><U119/><E119/><V34/><F34/><W85/><G31/><T50/><AGARI ba="0,1" hai="12,18,20,41,43,48,50,54,55,56,59" m="49247" machi="50" ten="30,11700,0" yaku="8,1,52,2,54,1" doraHai="51" who="0" fromWho="0" sc="250,127,240,-39,250,-39,250,-39" />
</Scene>
<Scene>
<INIT seed="0,1,0,1,0,21" ten="377,201,211,211" oya="0" hai0="115,90,96,31,92,1,83,77,49,124,113,48,125" hai1="98,47,135,128,75,132,108,97,66,57,33,133,54" hai2="99,64,68,65,101,15,13,89,56,114,74,94,131" hai3="41,117,107,32,10,25,79,29,71,102,14,42,120"/><T38/><D1/><U126/><E75/><V24/><F114/><N who="0" m="43530" /><D31/><U4/><E33/><V30/><F131/><W109/><G117/><T100/><D38/><U119/><E119/><V59/><F74/><W45/><G109/><T121/><D121/><U8/><E108/><V22/><F89/><W118/><G120/><T2/><D2/><N who="1" m="23" /><E128/><V127/><F127/><N who="0" m="48714" /><D90/><U23/><E126/><V123/><F123/><W61/><G29/><T93/><D93/><U53/><E23/><V69/><F69/><W17/><G71/><T84/><AGARI ba="1,0" hai="48,49,77,83,84,92,96,100" m="48714,43530" machi="84" ten="30,1500,0" yaku="18,1" doraHai="21" who="0" fromWho="0" sc="377,18,201,-6,211,-6,211,-6" />
</Scene>
<Scene>
<INIT seed="0,2,0,0,3,49" ten="395,195,205,205" oya="0" hai0="106,16,75,105,42,115,13,62,92,113,120,31,48" hai1="121,24,65,44,6,129,20,55,50,126,43,23,124" hai2="74,94,68,11,88,58,39,52,27,93,14,7,66" hai3="33,102,99,25,67,19,63,35,9,2,70,71,57"/><T84/><D75/><U130/><E6/><V18/><F39/><W28/><G33/><T26/><D120/><U83/><E121/><V5/><F74/><W111/><G111/><T40/><D62/><U112/><E112/><V46/><F94/><W15/><G2/><T30/><D105/><AGARI ba="2,0" hai="9,15,19,25,28,35,57,63,67,70,71,99,102,105" machi="105" ten="30,1000,0" yaku="7,1" doraHai="49" who="3" fromWho="0" sc="395,-16,195,0,205,0,205,16" />
</Scene>
<Scene>
<INIT seed="1,0,0,3,4,21" ten="379,195,205,221" oya="1" hai0="49,22,100,102,2,60,38,52,90,126,93,89,125" hai1="1,92,96,76,110,37,115,79,133,42,14,36,55" hai2="109,27,106,114,95,4,48,104,134,81,88,5,120" hai3="28,67,78,113,56,75,105,65,19,85,91,57,108"/><U41/><E115/><V68/><F120/><W7/><G113/><T59/><D38/><U51/><E1/><V97/><F114/><W98/><G108/><T33/><D33/><U25/><E133/><V74/><F109/><W44/><G28/><T12/><D2/><U73/><E110/><V124/><F68/><W127/><G7/><T129/><D129/><U10/><E73/><V103/><F134/><W24/><G127/><N who="0" m="48651" /><D90/><N who="1" m="55319" /><E37/><V66/><F66/><W8/><G44/><T16/><D60/><U6/><E36/><V11/><F124/><W116/><G116/><T3/><D3/><U99/><E99/><AGARI ba="0,0" hai="12,16,22,49,52,59,89,93,99,100,102" m="48651" machi="99" ten="30,3900,0" yaku="18,1,54,2" doraHai="21" who="0" fromWho="1" sc="379,39,195,-39,205,0,221,0" />
</Scene>
<Scene>
<INIT seed="2,0,0,3,5,126" ten="418,156,205,221" oya="2" hai0="115,12,30,116,103,55,54,73,20,83,98,104,58" hai1="71,45,66,7,64,67,3,22,92,48,52,0,26" hai2="74,114,31,44,49,112,47,17,125,129,37,1,124" hai3="9,95,24,46,131,72,62,8,135,101,28,27,2"/><V121/><F74/><W57/><G135/><T79/><D115/><N who="2" m="44074" /><F1/><W94/><G72/><T123/><D123/><U11/><E92/><N who="3" m="35370" /><G2/><T119/><D54/><U87/><E0/><V5/><F5/><W111/><G131/><T122/><D122/><U65/><E87/><V128/><F121/><W109/><G46/><T4/><D30/><U34/><E34/><V60/><F31/><W75/><G75/><T35/><D35/><U68/><N who="1" m="16384" /><DORA hai="90" /><U41/><REACH who="1" step="1"/><E41/><REACH who="1" ten="418,146,205,221" step="2"/><N who="2" m="22575" /><F17/><AGARI ba="0,1" hai="3,7,11,17,22,26,45,48,52,68,71" m="16384" machi="17" ten="50,6400,0" yaku="1,1,54,1,53,1" doraHai="126,90" doraHaiUra="82,23" who="1" fromWho="2" sc="418,0,146,74,205,-64,221,0" />
</Scene>
<Scene>
<INIT seed="3,0,0,2,5,63" ten="418,220,141,221" oya="3" hai0="56,52,28,77,98,73,23,109,87,33,111,110,84" hai1="99,27,100,74,97,2,43,115,37,80,125,93,64" hai2="49,60,117,51,113,13,70,3,16,58,123,94,126" hai3="45,15,75,82,55,31,8,85,34,121,48,119,14"/><W90/><G121/><T133/><D33/><U5/><E115/><V47/><F3/><W40/><G119/><T25/><D133/><U54/><E125/><V57/><F123/><W35/><G75/><T0/><D0/><U68/><E54/><V1/><F1/><W108/><G108/><T41/><D41/><U21/><E97/><V44/><F117/><W76/><G31/><T36/><D36/><U102/><E102/><V42/><F113/><W105/><G105/><T4/><D4/><U19/><E37/><V29/><F29/><W130/><G130/><T95/><D77/><U24/><E43/><V46/><F126/><W129/><G129/><T89/><D73/><U71/><E27/><V101/><F70/><W61/><G90/><T122/><D122/><U6/><E2/><V116/><F116/><W135/><G135/><T78/><D78/><U132/><E71/><V67/><F58/><W88/><G76/><T104/><D104/><U83/><E74/><V114/><F114/><W128/><G128/><T7/><D7/><U107/><E132/><V18/><F13/><W124/><G124/><T62/><AGARI ba="0,0" hai="23,25,28,52,56,62,84,87,89,95,98,109,110,111" machi="62" ten="30,4000,0" yaku="0,1,14,1,54,1" doraHai="63" who="0" fromWho="0" sc="418,40,220,-10,141,-10,221,-20" />
</Scene>
<Scene>
<INIT seed="4,0,0,0,0,16" ten="458,210,131,201" oya="0" hai0="52,26,76,116,1,100,11,130,74,20,93,56,34" hai1="133,84,92,14,9,5,15,78,129,43,75,10,113" hai2="62,81,98,126,6,119,79,99,39,29,73,114,103" hai3="7,53,27,61,13,18,86,21,46,49,68,127,55"/><T135/><D116/><U41/><E129/><V101/><F39/><W83/><G127/><T30/><D130/><U121/><E121/><V28/><F126/><W3/><G3/><T95/><D135/><U54/><E133/><V110/><F110/><W57/><G68/><T77/><D74/><U23/><E75/><V125/><F125/><W85/><G7/><T91/><D1/><U38/><E38/><V97/><F119/><W70/><G70/><T111/><D11/><U32/><E32/><V128/><F128/><W105/><G105/><T45/><D45/><U115/><E54/><V51/><F114/><N who="1" m="43529" /><E23/><V47/><F6/><W106/><G106/><T58/><D58/><U63/><E63/><V59/><F103/><W31/><REACH who="3" step="1"/><G83/><REACH who="3" ten="458,210,131,191" step="2"/><T123/><D111/><U122/><E122/><V48/><F101/><W4/><G4/><T104/><D104/><U124/><E124/><V42/><REACH who="2" step="1"/><F51/><REACH who="2" ten="458,210,121,191" step="2"/><W40/><G40/><T36/><D123/><U118/><E118/><V12/><F12/><W102/><G102/><T50/><D36/><U2/><E2/><V94/><F94/><W117/><G117/><T0/><D0/><U64/><E92/><V87/><F87/><W17/><G17/><T120/><D120/><U112/><E112/><V44/><F44/><W8/><AGARI ba="0,2" hai="8,13,18,21,27,31,46,49,53,55,57,61,85,86" machi="8" ten="20,12000,2" yaku="1,1,0,1,7,1,8,1,52,1,53,1" doraHai="16" doraHaiUra="25" who="3" fromWho="3" sc="458,-60,210,-30,121,-30,191,140" />
</Scene>
<Scene>
<INIT seed="5,0,0,4,4,57" ten="398,180,91,331" oya="1" hai0="94,87,78,67,2,55,93,99,15,21,117,22,108" hai1="105,47,86,83,68,110,4,106,52,118,77,45,41" hai2="28,74,122,39,61,38,0,111,97,84,14,30,19" hai3="37,130,104,126,12,98,71,101,10,32,17,34,88"/><U131/><E118/><V100/><F122/><W51/><G37/><T13/><D2/><U60/><E131/><V132/><F74/><W23/><G130/><T5/><D117/><U75/><E110/><V44/><F111/><W3/><G126/><T6/><D67/><U128/><E128/><V90/><F132/><W25/><G71/><T18/><D108/><U33/><E33/><V40/><F0/><W135/><G135/><T102/><D55/><U79/><E4/><V129/><F129/><W69/><G69/><T49/><D49/><U7/><E7/><V134/><F39/><W42/><G3/><T65/><D65/><U54/><E68/><V80/><F134/><W36/><G36/><T115/><D115/><U43/><E86/><V35/><F61/><W73/><G73/><T20/><D6/><U113/><E75/><V31/><F35/><W124/><G124/><T46/><D46/><U76/><E83/><V58/><F58/><W96/><G51/><T82/><D93/><U107/><E113/><V11/><REACH who="2" step="1"/><F31/><REACH who="2" ten="398,180,81,331" step="2"/><W103/><G34/><T72/><D72/><U81/><E60/><V64/><F64/><W53/><G32/><T89/><D78/><U50/><E50/><V133/><F133/><W125/><G125/><T26/><D26/><U8/><E77/><V27/><F27/><W112/><G25/><T48/><D48/><U114/><E79/><V1/><F1/><W85/><G112/><T9/><AGARI ba="0,1" hai="5,9,13,15,18,20,21,22,82,87,89,94,99,102" machi="9" ten="30,2000,0" yaku="0,1,8,1" doraHai="57" who="0" fromWho="0" sc="398,30,180,-10,81,-5,331,-5" />
</Scene>
<Scene>
<INIT seed="6,0,0,5,0,76" ten="428,170,76,326" oya="2" hai0="9,120,59,65,8,52,123,93,71,115,28,22,12" hai1="132,64,68,21,23,26,92,41,79,27,70,107,43" hai2="89,56,55,63,18,90,11,102,15,0,37,95,86" hai3="25,35,47,42,130,19,122,53,24,88,13,60,101"/><V14/><F37/><W44/><G122/><T85/><D115/><U20/><E107/><V99/><F0/><W3/><G3/><T106/><D106/><U94/><E79/><V98/><F98/><W117/><G101/><T81/><D93/><N who="1" m="35947" /><E64/><V91/><REACH who="2" step="1"/><F15/><REACH who="2" ten="428,170,66,326" step="2"/><W46/><G13/><T116/><D120/><U36/><E36/><V133/><F133/><W114/><G114/><T87/><D12/><U51/><E132/><V7/><F7/><W108/><G117/><T45/><D123/><U127/><E127/><V125/><F125/><W129/><G129/><T40/><D116/><U17/><E27/><V54/><F54/><W119/><G53/><T80/><D52/><U31/><E26/><V39/><F39/><W103/><G130/><T128/><D128/><U109/><E43/><V97/><F97/><W62/><G42/><T57/><D40/><U104/><E41/><V72/><F72/><W75/><G25/><T82/><D8/><U50/><E104/><AGARI ba="0,1" hai="11,14,18,55,56,63,86,89,90,91,95,99,102,104" machi="104" ten="30,2900,0" yaku="1,1,7,1,53,0" doraHai="76" doraHaiUra="134" who="2" fromWho="1" sc="428,0,170,-29,66,39,326,0" />
</Scene>
<Scene>
<INIT seed="6,1,0,4,3,2" ten="428,141,105,326" oya="2" hai0="20,125,88,126,7,0,78,51,62,93,26,36,123" hai1="13,46,84,22,35,115,117,32,135,56,33,59,91" hai2="49,65,60,40,89,52,76,1,114,118,61,55,12" hai3="6,122,92,9,99,134,131,77,81,10,3,11,107"/><V119/><F1/><W57/><G122/><T27/><D36/><U80/><E117/><V17/><F76/><W111/><G134/><T82/><D123/><U75/><E135/><V5/><F114/><W18/><G111/><T4/><D0/><U23/><E115/><V50/><F89/><W21/><G107/><T110/><D62/><N who="2" m="24170" /><F119/><W42/><G57/><T25/><D110/><U24/><E75/><V53/><F118/><W71/><G131/><T44/><D20/><U72/><E72/><V128/><F128/><W69/><G42/><N who="0" m="24983" /><D82/><U73/><E73/><V86/><F86/><W133/><G133/><T113/><D78/><U85/><E85/><V124/><F124/><N who="0" m="47722" /><D113/><U129/><E129/><V100/><F100/><W120/><G120/><T67/><D67/><U16/><REACH who="1" step="1"/><E46/><REACH who="1" ten="428,131,105,326" step="2"/><N who="2" m="25799" /><F65/><W15/><G77/><T97/><AGARI ba="1,1" hai="4,7,25,26,27,88,93,97" m="47722,24983" machi="97" ten="30,7900,0" yaku="18,1,52,2,54,1" doraHai="2" who="0" fromWho="0" sc="428,92,131,-21,105,-40,326,-21" />
</Scene>
<Scene>
<INIT seed="7,0,0,1,5,23" ten="520,110,65,305" oya="3" hai0="60,8,130,58,131,112,6,7,76,98,95,0,132" hai1="74,81,34,42,84,10,107,22,44,33,134,55,78" hai2="61,57,111,15,108,5,79,50,14,88,113,21,45" hai3="104,19,133,53,110,117,115,59,86,17,12,105,135"/><W31/><G117/><T37/><D37/><U3/><E107/><V9/><F113/><W64/><G115/><T54/><D112/><U87/><E134/><N who="3" m="51210" /><G110/><T2/><D132/><U126/><E126/><V92/><F79/><W116/><G116/><T36/><D36/><N who="1" m="21575" /><E22/><V49/><F111/><W43/><G31/><T100/><D76/><U24/><E55/><V118/><F118/><W71/><G43/><T85/><D85/><N who="1" m="32843" /><E24/><V83/><F108/><W119/><G86/><T66/><D54/><U121/><E121/><V38/><F83/><W25/><G119/><T63/><D130/><U128/><E128/><V11/><F38/><W56/><G25/><T77/><D77/><U4/><AGARI ba="0,0" hai="3,4,10,33,34,74,78,81" m="32843,21575" machi="4" ten="30,1100,0" yaku="25,1" doraHai="23" who="1" fromWho="1" sc="520,-3,110,11,65,-3,305,-5" owari="517,62.0,121,-28.0,62,-44.0,300,10.0" />
</Scene>
</mjloggm>