<mjloggm ver="2.3"><GO type="169" lobby="0"/><UN n0="%E2%97%87%E8%88%AA%E6%B4%8B%E2%97%86" n1="%E5%A4%AA%E3%81%8F%E3%81%AA%E3%81%84%E3%81%8A" n2="%79%69%6E%6E%65%72%30%36" n3="%E3%83%91%E3%83%B3%E5%8D%93%E3%81%AE%E6%94%AF%E9%85%8D%E8%80%85" dan="16,18,17,16" rate="2065.05,2197.72,2115.15,2128.16" sx="M,F,M,M"/><TAIKYOKU oya="0"/>

<Scene>
<INIT seed="0,0,0,3,3,119" ten="250,250,250,250" oya="0" hai0="15,105,28,40,63,112,101,35,56,123,116,44,23" hai1="36,66,125,132,94,128,19,64,41,110,25,38,33" hai2="71,17,89,58,130,129,6,90,109,5,113,24,127" hai3="37,121,100,42,87,52,74,122,134,86,67,45,104"/><T69/><D116/><U48/><E94/><V120/><F71/><W88/><G74/><T91/><D112/><U46/><E19/><V4/><F113/><W80/><G134/><T10/><D69/><U3/><E3/><V92/><F109/><W97/><G67/><N who="1" m="25642" /><E25/><V30/><F127/><W29/><G29/><T111/><D35/><U62/><E33/><V59/><F17/><W51/><REACH who="3" step="1"/><G87/><REACH who="3" ten="250,250,250,240" step="2"/><T11/><D28/><U115/><E132/><V133/><F133/><W39/><G39/><T21/><D111/><U102/><E36/><V34/><F129/><W18/><G18/><T95/><D63/><U96/><E38/><V78/><F130/><W76/><G76/><T50/><D56/><AGARI ba="0,1" hai="37,42,45,51,52,56,80,86,88,97,100,104,121,122" machi="56" ten="40,8000,1" yaku="1,1,52,2,54,2,53,0" doraHai="119" doraHaiUra="20" who="3" fromWho="0" sc="250,-80,250,0,250,0,240,90" />
</Scene>
<Scene>
<INIT seed="1,0,0,1,0,78" ten="170,250,250,330" oya="1" hai0="81,86,34,1,54,61,35,113,118,134,122,114,126" hai1="42,30,29,66,79,62,91,17,48,49,33,72,52" hai2="111,84,96,100,94,85,58,74,0,55,36,7,103" hai3="38,129,2,69,90,89,108,64,132,125,75,97,23"/><U82/><E33/><V45/><F74/><W21/><G2/><T10/><D118/><U15/><E42/><V109/><F103/><W28/><G38/><T123/><D126/><U41/><E41/><N who="2" m="22695" /><F7/><W56/><G125/><T37/><D37/><U43/><E43/><V20/><F20/><W16/><G69/><T67/><D54/><U105/><E105/><V77/><F77/><W115/><G75/><T57/><D134/><U128/><E128/><V40/><F40/><W18/><G115/><T53/><D34/><U8/><E91/><V9/><F9/><W117/><G132/><T80/><D86/><U26/><E26/><V121/><F0/><W63/><G117/><T71/><D35/><U70/><REACH who="1" step="1"/><E48/><REACH who="1" ten="170,240,250,330" step="2"/><N who="2" m="31079" /><F121/><N who="0" m="46090" /><D113/><U92/><E92/><V6/><F94/><W27/><G129/><T99/><D114/><U127/><E127/><V106/><F106/><W14/><G90/><T44/><D44/><AGARI ba="0,1" hai="8,15,17,29,30,44,49,52,62,66,70,72,79,82" machi="44" ten="30,11600,0" yaku="1,1,7,1,52,1,54,1,53,0" doraHai="78" doraHaiUra="120" who="1" fromWho="0" sc="170,-116,240,126,250,0,330,0" />
</Scene>
<Scene>
<INIT seed="1,1,0,1,0,54" ten="54,366,250,330" oya="1" hai0="0,4,133,123,93,97,45,51,57,130,104,28,81" hai1="86,30,5,48,14,24,113,17,61,122,12,35,29" hai2="27,73,89,66,21,111,40,10,100,18,91,67,63" hai3="16,96,77,20,87,46,31,1,112,106,117,13,22"/><U50/><E113/><V53/><F73/><W102/><G112/><T79/><D104/><U58/><E122/><V3/><F111/><W98/><G1/><T119/><D119/><U44/><E29/><V120/><F40/><W80/><G117/><T19/><D130/><U75/><E75/><V32/><F100/><W6/><G6/><T25/><D133/><U8/><E86/><V125/><F120/><W52/><G98/><T34/><D123/><U90/><E90/><V62/><F32/><W59/><G46/><T9/><D19/><U103/><E103/><V121/><F125/><W127/><G127/><T2/><D2/><U26/><E26/><V72/><F72/><W43/><G43/><T105/><D105/><U109/><E44/><V101/><F101/><W134/><G134/><T124/><D124/><U37/><E37/><V99/><F99/><W23/><REACH who="3" step="1"/><G31/><REACH who="3" ten="54,366,250,320" step="2"/><T74/><D45/><U36/><E109/><V78/><F121/><W92/><G92/><T42/><D42/><U108/><E108/><V68/><F3/><W55/><G55/><T49/><REACH who="0" step="1"/><D57/><REACH who="0" ten="44,366,250,320" step="2"/><U65/><REACH who="1" step="1"/><E36/><REACH who="1" ten="44,356,250,320" step="2"/><V76/><F53/><W95/><G95/><T15/><D15/><U47/><E47/><V128/><F128/><W114/><G114/><T107/><D107/><U70/><E70/><V56/><F68/><W85/><G85/><T64/><D64/><U33/><E33/><V83/><F66/><W84/><G84/><T94/><D94/><U88/><E88/><AGARI ba="1,3" hai="0,4,9,25,28,34,49,51,74,79,81,88,93,97" machi="88" ten="30,3900,0" yaku="1,1,7,1,54,1,53,0" doraHai="54" doraHaiUra="115" who="0" fromWho="1" sc="44,72,356,-42,250,0,320,0" />
</Scene>
<Scene>
<INIT seed="2,0,0,3,0,56" ten="116,314,250,320" oya="2" hai0="98,28,101,35,74,58,55,128,24,29,31,18,47" hai1="37,95,59,39,23,99,130,11,82,93,120,61,127" hai2="123,20,16,88,121,100,49,113,111,22,62,41,103" hai3="48,131,73,57,13,75,66,112,14,86,70,12,2"/><V3/><F113/><W117/><G117/><T118/><D74/><U33/><E33/><V43/><F3/><W40/><G2/><T63/><D118/><U90/><E130/><V107/><F107/><W68/><G131/><T53/><D128/><U36/><E127/><V77/><F77/><W32/><G32/><T8/><D47/><U119/><E119/><V51/><F111/><W126/><G126/><T0/><D53/><U96/><E120/><V67/><F88/><W94/><G112/><T122/><D122/><U106/><E106/><V91/><F91/><W133/><G133/><T97/><D97/><U21/><E11/><V92/><F92/><W87/><G70/><T25/><D25/><U1/><E82/><V65/><REACH who="2" step="1"/><F16/><REACH who="2" ten="116,314,240,320" step="2"/><W72/><G94/><T108/><D108/><U84/><E1/><V19/><F19/><W5/><G5/><T102/><D102/><U9/><E9/><V135/><F135/><W85/><G72/><T38/><D38/><U76/><E76/><V46/><F46/><W129/><G73/><T115/><D115/><U80/><E93/><V79/><F79/><W4/><G75/><T44/><D44/><U30/><E95/><V89/><F89/><W64/><G4/><N who="0" m="1031" /><D18/><U54/><E96/><V45/><F45/><W78/><G78/><T6/><D6/><U83/><E99/><V27/><F27/><W132/><G129/><T26/><D35/><U71/><E83/><V60/><AGARI ba="0,1" hai="20,22,41,43,49,51,60,62,65,67,100,103,121,123" machi="60" ten="25,18000,2" yaku="1,1,0,1,22,2,52,2,53,0" doraHai="56" doraHaiUra="10" who="2" fromWho="2" sc="116,-60,314,-60,240,190,320,-60" />
</Scene>
<Scene>
<INIT seed="2,1,0,2,3,46" ten="56,254,430,260" oya="2" hai0="48,39,17,104,50,29,30,27,56,115,33,80,106" hai1="135,20,19,3,116,10,84,38,107,126,22,35,57" hai2="32,120,81,72,9,23,34,43,26,62,70,131,24" hai3="94,111,78,122,103,123,113,6,98,55,79,133,117"/><V75/><F120/><W118/><G6/><T4/><D39/><U65/><E116/><N who="3" m="44650" /><G55/><T102/><D115/><U130/><E35/><V47/><F70/><W68/><G68/><T89/><D4/><U25/><E107/><V105/><F62/><W41/><G41/><T93/><D56/><U119/><E119/><V14/><F105/><W8/><G8/><T11/><D80/><U108/><E38/><V69/><F69/><W109/><G133/><T0/><D29/><U132/><E108/><N who="3" m="41546" /><G113/><T92/><D0/><U76/><E65/><V37/><F14/><W74/><G74/><T15/><D104/><U77/><E57/><V60/><F72/><W85/><G78/><T67/><D67/><U13/><E3/><V1/><F1/><W21/><G21/><T18/><D18/><U12/><E10/><V95/><F75/><W87/><G87/><T124/><D124/><U91/><E126/><V28/><F24/><W40/><G40/><T59/><D59/><U61/><E25/><V100/><F9/><W73/><G73/><T64/><D64/><U36/><E19/><V114/><F114/><W16/><G16/><T2/><D2/><U53/><E20/><V31/><F23/><W97/><G97/><N who="0" m="59695" /><D106/><U44/><E22/><V121/><F32/><W63/><G63/><T58/><D58/><U45/><E61/><V134/><F60/><W51/><G123/><T99/><D33/><U86/><E135/><V129/><F134/><W49/><G122/><T125/><D125/><U96/><E132/><V42/><F121/><W112/><G112/><T127/><D127/><RYUUKYOKU ba="1,0" sc="56,15,254,-15,430,-15,260,15" hai0="11,15,17,27,30,48,50,89,92,99" hai3="49,51,79,85,94,98,103" />
</Scene>
<Scene>
<INIT seed="3,2,0,3,0,19" ten="71,239,415,275" oya="3" hai0="102,51,45,56,131,106,59,75,109,60,73,110,52" hai1="14,32,53,50,26,24,99,105,93,80,33,82,79" hai2="122,38,91,29,85,117,62,4,31,88,86,135,134" hai3="81,61,7,23,30,15,90,108,34,10,129,87,27"/><W13/><G129/><T96/><D131/><U46/><E105/><V69/><F117/><W0/><G108/><T41/><REACH who="0" step="1"/><D56/><REACH who="0" ten="61,239,415,275" step="2"/><U8/><E33/><V1/><F122/><W22/><REACH who="3" step="1"/><G61/><REACH who="3" ten="61,239,415,265" step="2"/><T126/><D126/><U12/><E32/><V103/><F62/><W94/><G94/><T84/><D84/><U11/><E93/><V16/><F86/><W55/><G55/><T123/><D123/><U64/><E53/><V36/><F85/><W39/><G39/><T95/><D95/><U124/><E124/><V120/><F36/><W89/><G89/><T70/><D70/><U77/><E99/><V54/><F91/><W57/><G57/><T71/><D71/><U111/><E111/><AGARI ba="2,2" hai="41,45,51,52,59,60,73,75,96,102,106,109,110,111" machi="111" ten="40,8000,1" yaku="1,1,14,1,54,1,53,1" doraHai="19" doraHaiUra="100" who="0" fromWho="1" sc="61,106,239,-86,415,0,265,0" />
</Scene>
<Scene>
<INIT seed="4,0,0,0,1,89" ten="167,153,415,265" oya="0" hai0="56,123,72,33,57,37,90,106,94,126,112,121,7" hai1="58,79,88,11,47,48,135,132,3,23,93,102,69" hai2="9,17,55,100,86,54,25,4,129,38,84,117,82" hai3="118,108,29,28,127,66,27,74,26,51,34,91,97"/><T92/><D33/><U134/><E69/><V20/><F129/><W19/><G108/><T80/><D37/><U105/><E79/><V32/><F32/><W81/><G118/><T124/><D7/><N who="1" m="1535" /><E58/><V40/><F100/><W16/><G127/><N who="0" m="48683" /><D106/><U35/><E35/><V6/><F117/><W46/><G66/><T85/><D72/><U111/><E111/><V36/><F36/><W14/><G74/><T41/><D41/><N who="1" m="24687" /><E23/><V18/><F40/><W30/><G30/><T76/><D112/><U125/><E125/><V12/><F38/><W99/><G27/><T78/><D57/><U22/><E22/><V101/><F101/><W49/><G29/><T62/><D76/><U39/><E39/><V113/><F86/><W73/><G73/><T107/><D107/><U71/><E71/><V116/><F116/><W10/><G19/><T96/><D62/><U31/><E31/><V45/><F113/><W68/><G68/><T83/><D56/><U42/><E42/><V128/><F18/><W75/><G49/><T44/><D44/><U95/><E88/><V67/><F45/><W61/><G61/><T64/><D64/><U21/><E21/><V8/><F67/><W50/><G50/><T133/><D133/><N who="1" m="34051" /><U0/><DORA hai="63" /><E0/><V114/><F114/><W52/><G75/><N who="0" m="43103" /><D83/><U5/><E5/><V104/><F6/><W77/><G77/><T70/><D70/><U131/><E131/><V130/><F128/><W24/><G24/><T43/><D43/><U65/><E65/><V87/><F130/><W13/><G13/><T60/><D60/><U103/><E105/><RYUUKYOKU ba="0,0" sc="167,10,153,10,415,-30,265,10" hai0="85,90,92,94,96,121,123" hai1="93,95,102,103" hai3="10,14,16,26,28,34,46,51,52,81,91,97,99" />
</Scene>
<Scene>
<INIT seed="4,1,0,0,2,32" ten="177,163,385,275" oya="0" hai0="110,78,126,58,1,65,107,109,51,43,100,29,76" hai1="135,36,108,127,2,99,81,105,115,131,30,85,16" hai2="119,101,17,95,22,120,33,87,56,104,47,23,77" hai3="90,83,12,46,123,34,106,49,132,124,37,133,114"/><T125/><D29/><U134/><E36/><V94/><F33/><W55/><G114/><T121/><D121/><U9/><E108/><N who="0" m="41577" /><D1/><U20/><E30/><V67/><F104/><W84/><G124/><N who="0" m="47723" /><D65/><U40/><E40/><V50/><F101/><W48/><G106/><T44/><D58/><U73/><E73/><V4/><F119/><W70/><G70/><T53/><D107/><U75/><E127/><V111/><F111/><W63/><G63/><T91/><D100/><U82/><E105/><V128/><F56/><W103/><G103/><T69/><D69/><U80/><E2/><V60/><F60/><W52/><G34/><T86/><D53/><U64/><E64/><V61/><F67/><W112/><G112/><T35/><D35/><U66/><E66/><V28/><F61/><W6/><G37/><T68/><D68/><U8/><E115/><V10/><F28/><W38/><G38/><T24/><D24/><U5/><E135/><V97/><F47/><W102/><G102/><T122/><D122/><U62/><E134/><V3/><F3/><W19/><G123/><T92/><AGARI ba="1,0" hai="43,44,51,76,78,86,91,92" m="47723,41577" machi="92" ten="30,3000,0" yaku="10,1,18,1" doraHai="32" who="0" fromWho="0" sc="177,33,163,-11,385,-11,275,-11" />
</Scene>
<Scene>
<INIT seed="4,2,0,1,0,43" ten="210,152,374,264" oya="0" hai0="94,0,39,117,59,41,30,24,64,18,51,129,84" hai1="55,68,69,7,92,38,128,132,122,56,67,76,17" hai2="63,10,27,2,21,13,106,108,54,118,109,40,65" hai3="80,85,100,87,72,130,101,121,120,8,73,46,105"/><T34/><D117/><U111/><E111/><V124/><F106/><W23/><G8/><T135/><D0/><U91/><E122/><N who="3" m="47210" /><G130/><T1/><D1/><U103/><E38/><V66/><F40/><W37/><G23/><T48/><D129/><U134/><E128/><V123/><F2/><W3/><G3/><T61/><D135/><N who="1" m="51755" /><E7/><V14/><F118/><W42/><G87/><T28/><D28/><U96/><E67/><V11/><F21/><W44/><G105/><T22/><D84/><N who="1" m="52327" /><E17/><V98/><F27/><W57/><G57/><T116/><D94/><N who="1" m="58775" /><E76/><V74/><F123/><W126/><G37/><T29/><D116/><U115/><E115/><V86/><F108/><W95/><G42/><T133/><D133/><U62/><AGARI ba="2,0" hai="55,56,62,68,69" m="58775,52327,51755" machi="62" ten="30,1100,0" yaku="20,1" doraHai="43" who="1" fromWho="1" sc="210,-7,152,17,374,-5,264,-5" />
</Scene>
<Scene>
<INIT seed="5,0,0,5,0,98" ten="203,169,369,259" oya="1" hai0="67,95,60,22,27,40,111,62,47,109,99,119,93" hai1="133,71,106,26,70,46,84,117,91,14,116,41,0" hai2="85,48,18,92,1,36,66,94,132,20,49,121,16" hai3="80,82,135,23,15,114,118,21,31,131,105,107,25"/><U88/><E0/><V129/><F36/><W5/><G114/><T3/><D3/><U83/><E106/><V54/><F121/><W134/><G118/><T57/><D119/><U44/><E133/><N who="3" m="50698" /><G131/><T73/><D73/><U33/><E14/><V75/><F75/><W34/><G34/><T61/><D93/><U42/><E26/><V96/><F66/><W97/><G97/><T115/><D115/><U19/><E33/><V39/><F39/><W123/><G123/><T30/><D109/><U35/><E35/><V52/><F85/><W127/><G127/><T110/><D110/><U29/><E84/><V68/><F96/><W58/><G58/><T87/><D87/><U81/><REACH who="1" step="1"/><E19/><REACH who="1" ten="203,159,369,259" step="2"/><V112/><F18/><N who="3" m="10463" /><G5/><T4/><D4/><U86/><E86/><V130/><F132/><W128/><G128/><T76/><D111/><U103/><E103/><V11/><F1/><W37/><G37/><T56/><D76/><U78/><E78/><V122/><F130/><W63/><G107/><T51/><D57/><U101/><E101/><AGARI ba="0,1" hai="22,27,30,40,47,51,56,60,61,62,67,95,99,101" machi="101" ten="30,8000,1" yaku="7,1,25,2,8,1,52,1" doraHai="98" who="0" fromWho="1" sc="203,90,159,-80,369,0,259,0" />
</Scene>
<Scene>
<INIT seed="6,0,0,1,3,77" ten="293,79,369,259" oya="2" hai0="91,75,20,76,14,61,64,67,1,101,19,82,73" hai1="22,93,42,119,124,40,27,111,98,116,31,33,65" hai2="49,128,72,71,81,41,130,16,52,96,70,125,11" hai3="54,121,28,134,90,26,6,135,95,131,92,100,113"/><V2/><F125/><W39/><G121/><T34/><D1/><U94/><E111/><V60/><F41/><W66/><G39/><T36/><D34/><U106/><E124/><V107/><F107/><W97/><G131/><N who="2" m="50217" /><F96/><W102/><G6/><T89/><D36/><U118/><E22/><V88/><F2/><W80/><G66/><T57/><D73/><U105/><E65/><V44/><F60/><W123/><G123/><T108/><D108/><U17/><E17/><V86/><F72/><W126/><G126/><T15/><D101/><U7/><E7/><V18/><F11/><W53/><G113/><T114/><D114/><U38/><E38/><V110/><F110/><W8/><G8/><BYE who="3" /><T83/><D67/><U120/><E120/><V50/><F50/><W74/><G74/><T29/><D29/><U63/><E63/><V5/><F5/><W62/><G62/><T85/><REACH who="0" step="1"/><D14/><REACH who="0" ten="283,79,369,259" step="2"/><U59/><E33/><UN n3="%E3%83%91%E3%83%B3%E5%8D%93%E3%81%AE%E6%94%AF%E9%85%8D%E8%80%85" /><V132/><F132/><W87/><G134/><T13/><D13/><U0/><E0/><V115/><F115/><W32/><G135/><T51/><D51/><U127/><E127/><V47/><F47/><W4/><G100/><T122/><D122/><U69/><E31/><V99/><F99/><W30/><G102/><T10/><D10/><U3/><E98/><V43/><F43/><W68/><G97/><T21/><D21/><U109/><E109/><V79/><F44/><W48/><G48/><T112/><D112/><U133/><E133/><V56/><F49/><W37/><G37/><T12/><D12/><U103/><E42/><V24/><F86/><RYUUKYOKU ba="0,1" sc="283,30,79,-10,369,-10,259,-10" hai0="15,19,20,57,61,64,75,76,82,83,85,89,91" />
</Scene>
<Scene>
<INIT seed="7,1,1,5,4,36" ten="313,69,359,249" oya="3" hai0="9,95,68,44,23,10,66,27,78,131,93,52,83" hai1="87,64,98,17,122,121,39,28,85,25,3,45,108" hai2="73,55,61,16,62,103,91,8,123,12,29,111,13" hai3="135,26,33,69,50,125,116,4,58,21,40,53,126"/><W113/><G116/><T92/><D131/><U84/><E108/><V106/><F111/><W7/><G33/><T89/><D68/><U56/><E3/><V42/><F73/><W115/><G69/><T120/><D120/><U74/><E74/><V71/><F42/><W117/><G117/><T90/><D66/><U37/><E98/><V32/><F91/><W130/><G130/><T76/><D76/><U65/><E17/><V99/><F123/><W107/><G107/><T22/><D22/><U101/><E85/><V24/><F13/><W75/><G40/><T63/><D78/><U88/><E56/><V72/><F72/><W18/><G75/><T128/><D128/><U94/><E94/><V79/><F79/><W15/><G135/><T60/><D60/><U124/><E45/><V35/><F35/><W54/><G54/><T41/><D89/><U48/><E48/><V57/><F71/><W100/><G100/><T77/><D77/><U6/><E101/><V112/><F112/><N who="3" m="43083" /><G15/><T5/><D5/><AGARI ba="1,1" hai="4,5,7,18,21,26,50,53,58,125,126" m="43083" machi="5" ten="30,1500,0" yaku="15,1" doraHai="36" who="3" fromWho="0" sc="313,-18,69,0,359,0,249,28" />
</Scene>
<Scene>
<INIT seed="7,2,0,2,1,81" ten="295,69,359,277" oya="3" hai0="32,30,10,13,5,83,66,119,113,26,75,89,100" hai1="69,36,1,29,64,31,11,15,78,54,28,124,46" hai2="102,23,115,105,90,51,33,94,21,42,59,101,131" hai3="118,71,91,73,58,79,128,53,129,44,111,108,47"/><W104/><G71/><T24/><D119/><U99/><E124/><V14/><F33/><W109/><G118/><T84/><D100/><N who="2" m="38506" /><F105/><W22/><G104/><T92/><D66/><U76/><E1/><V80/><F131/><N who="3" m="50251" /><G22/><N who="2" m="8201" /><F115/><W56/><G91/><T133/><D133/><U85/><E99/><N who="2" m="57815" /><F80/><N who="3" m="45167" /><G56/><T37/><D37/><U134/><E134/><V70/><F70/><W43/><G43/><T35/><D113/><U82/><E69/><V34/><F34/><W49/><AGARI ba="2,0" hai="44,47,49,53,58,108,109,111" m="45167,50251" machi="49" ten="40,3900,0" yaku="10,1,19,1" doraHai="81" who="3" fromWho="3" sc="295,-15,69,-15,359,-15,277,45" />
</Scene>
<Scene>
<INIT seed="7,3,0,4,2,40" ten="280,54,344,322" oya="3" hai0="32,112,6,125,43,115,27,22,39,55,34,87,69" hai1="23,81,76,57,103,3,52,13,86,116,50,11,109" hai2="85,42,134,118,64,26,94,101,105,135,84,124,9" hai3="127,114,93,79,95,83,65,63,36,100,54,31,25"/><W129/><G36/><T67/><D69/><U0/><E116/><V45/><F118/><W117/><G117/><T128/><D67/><U73/><E109/><V16/><F105/><W51/><G114/><N who="0" m="43563" /><D55/><U102/><E0/><V97/><F64/><W132/><G132/><N who="2" m="50729" /><F124/><W119/><G119/><T14/><D87/><U111/><E111/><V123/><F123/><W120/><G120/><T88/><D88/><U30/><E3/><V82/><F82/><W56/><G129/><T74/><D74/><U20/><E73/><V121/><F121/><W133/><G127/><T89/><D89/><U104/><E104/><V48/><F9/><W61/><G133/><T5/><D43/><U62/><E23/><AGARI ba="3,0" hai="16,23,26,42,45,48,84,85,94,97,101" m="50729" machi="23" ten="30,3900,0" yaku="20,1,52,1,54,1" doraHai="40" who="2" fromWho="1" sc="280,0,54,-48,344,48,322,0" owari="280,-12.0,6,-49.0,392,49.0,322,12.0" />
</Scene>
</mjloggm>