<mjloggm ver="2.3"><GO type="169" lobby="0"/><UN n0="%E5%A4%AA%E3%81%8F%E3%81%AA%E3%81%84%E3%81%8A" n1="%E3%82%B9%E3%82%A7%E3%83%B3%E3%83%80%E3%83%BC" n2="%E3%83%87%E3%82%A3%E3%82%AA%E3%83%90%E3%83%B3" n3="%E5%84%84%E4%B8%87%E9%95%B7%E8%80%85" dan="18,16,16,16" rate="2264.99,2064.85,2085.43,2102.10" sx="F,M,M,M"/><TAIKYOKU oya="0"/>

<Scene>
<INIT seed="0,0,0,4,3,68" ten="250,250,250,250" oya="0" hai0="18,14,67,60,41,33,119,85,108,39,54,116,44" hai1="88,113,135,55,117,76,69,25,40,122,53,49,37" hai2="5,42,100,20,134,118,61,89,133,96,102,56,21" hai3="125,78,127,98,1,81,62,32,50,120,86,106,79"/><T59/><D33/><U4/><E122/><V97/><F42/><W11/><G32/><T51/><D108/><U91/><E117/><V75/><F75/><W24/><G24/><T99/><D99/><N who="2" m="37962" /><F5/><N who="3" m="1455" /><G120/><T66/><D85/><U128/><E69/><V93/><F118/><W17/><G17/><T23/><REACH who="0" step="1"/><D67/><REACH who="0" ten="240,250,250,250" step="2"/><U87/><E113/><V52/><F133/><W19/><G19/><T16/><D16/><U104/><E135/><V112/><F134/><W46/><G98/><T71/><AGARI ba="0,1" hai="14,18,23,39,41,44,51,54,59,60,66,71,116,119" machi="71" ten="20,18000,2" yaku="1,1,0,1,7,1,24,2,52,1,53,1" doraHai="68" doraHaiUra="9" who="0" fromWho="0" sc="240,190,250,-60,250,-60,250,-60" />
</Scene>
<Scene>
<INIT seed="0,1,0,0,4,41" ten="430,190,190,190" oya="0" hai0="48,19,63,24,100,69,6,20,119,62,18,124,45" hai1="105,102,128,129,40,89,42,2,98,96,27,104,91" hai2="8,103,110,54,35,99,37,38,75,123,126,21,9" hai3="14,0,56,114,7,115,50,120,46,79,17,106,58"/><T95/><D119/><U29/><E2/><V1/><F110/><W10/><G106/><T93/><D124/><U85/><E27/><V132/><F75/><W101/><G101/><T52/><D6/><U16/><E102/><V65/><F35/><W49/><G120/><T107/><D69/><U112/><E85/><V5/><F123/><W130/><G130/><T116/><D116/><U28/><REACH who="1" step="1"/><E16/><REACH who="1" ten="430,180,190,190" step="2"/><N who="0" m="6185" /><D107/><U82/><E82/><V11/><F1/><W39/><G114/><AGARI ba="1,1" hai="28,29,40,42,89,91,96,98,104,105,112,114,128,129" machi="114" ten="25,3200,0" yaku="1,1,22,2,53,0" doraHai="41" doraHaiUra="68" who="1" fromWho="3" sc="430,0,180,45,190,0,190,-35" />
</Scene>
<Scene>
<INIT seed="1,0,0,1,3,36" ten="430,225,190,155" oya="1" hai0="22,129,97,84,2,116,111,37,124,74,131,34,62" hai1="88,90,58,48,23,86,11,117,12,123,19,134,16" hai2="126,39,38,5,67,122,68,77,3,95,114,61,79" hai3="41,54,119,72,18,60,101,133,1,20,73,121,120"/><U46/><E123/><V43/><F122/><W104/><G1/><T76/><D116/><U93/><E117/><V127/><F114/><W30/><G30/><T128/><D34/><U27/><E134/><V108/><F108/><W49/><G119/><T82/><D2/><U26/><E58/><V87/><F5/><W65/><G133/><T31/><D37/><N who="2" m="13834" /><F3/><W109/><G109/><T135/><D111/><U64/><E90/><N who="2" m="53727" /><F43/><W78/><G120/><T106/><D135/><U21/><E64/><V132/><F132/><W0/><G0/><T105/><D62/><U113/><E113/><V96/><F96/><W50/><G121/><T24/><D74/><U42/><E11/><V107/><F107/><N who="0" m="40970" /><D97/><U71/><E71/><V40/><F40/><W57/><G78/><T63/><D63/><U125/><E125/><AGARI ba="0,0" hai="22,24,31,76,82,84,124,125,128,129,131" m="40970" machi="125" ten="40,1300,0" yaku="19,1" doraHai="36" who="0" fromWho="1" sc="430,13,225,-13,190,0,155,0" />
</Scene>
<Scene>
<INIT seed="2,0,0,1,3,89" ten="443,212,190,155" oya="2" hai0="42,69,20,73,70,129,3,106,107,17,86,100,64" hai1="12,40,94,135,114,30,6,58,36,76,102,10,88" hai2="103,2,92,53,31,21,44,26,78,48,98,96,50" hai3="113,54,22,7,110,79,77,131,133,60,130,104,37"/><V4/><F78/><W112/><G37/><T66/><D73/><U63/><E114/><N who="3" m="44138" /><G7/><T82/><D3/><U47/><E135/><V124/><F124/><W59/><G104/><T125/><D42/><U27/><E76/><N who="3" m="29258" /><G22/><T81/><D20/><U52/><E102/><V97/><F2/><W126/><G110/><T45/><D106/><U32/><E32/><V80/><F4/><W38/><G38/><T57/><D107/><U5/><E27/><V116/><F80/><W8/><G8/><T39/><D39/><U61/><E30/><V16/><F116/><W85/><G85/><T108/><D86/><U9/><E9/><V101/><F101/><W115/><N who="3" m="44146" /><W62/><DORA hai="33" /><G126/><T46/><D82/><U117/><E5/><V35/><REACH who="2" step="1"/><F48/><REACH who="2" ten="443,212,180,155" step="2"/><N who="3" m="31175" /><G133/><T109/><D81/><U1/><E1/><V25/><AGARI ba="0,1" hai="16,21,25,26,31,35,44,50,53,92,96,97,98,103" machi="25" ten="20,12000,1" yaku="1,1,0,1,7,1,52,1,54,1,53,0" doraHai="89,33" doraHaiUra="132,118" who="2" fromWho="2" sc="443,-40,212,-40,180,130,155,-40" />
</Scene>
<Scene>
<INIT seed="2,1,0,0,2,120" ten="403,172,310,115" oya="2" hai0="108,122,56,38,116,132,60,22,31,9,18,27,59" hai1="34,48,127,133,124,39,81,4,70,106,109,26,53" hai2="80,123,128,103,97,130,118,12,5,107,49,2,62" hai3="57,94,7,71,67,63,0,135,25,100,10,16,51"/><V64/><F118/><W78/><G135/><T32/><D122/><U36/><E133/><V88/><F123/><W43/><G78/><T104/><D132/><U77/><E106/><V55/><F2/><W87/><G87/><T86/><D104/><U111/><E70/><V119/><F119/><W44/><G94/><T66/><D38/><N who="1" m="14379" /><E4/><V134/><F134/><W65/><G100/><T21/><D116/><U85/><BYE who="3" /><E26/><UN n3="%E5%84%84%E4%B8%87%E9%95%B7%E8%80%85" /><V15/><F5/><W69/><REACH who="3" step="1"/><G65/><REACH who="3" ten="403,172,310,105" step="2"/><T91/><D86/><U54/><E34/><V23/><F64/><W19/><G19/><T11/><D32/><U98/><E98/><V42/><F97/><W95/><G95/><T8/><D18/><U24/><E24/><V33/><F33/><W82/><G82/><T102/><D27/><U52/><E48/><V41/><F80/><W117/><G117/><T121/><D102/><U125/><AGARI ba="1,1" hai="52,53,54,77,81,85,109,111,124,125,127" m="14379" machi="125" ten="40,8000,1" yaku="18,1,52,2,54,1" doraHai="120" who="1" fromWho="1" sc="403,-21,172,93,310,-41,105,-21" />
</Scene>
<Scene>
<INIT seed="3,0,0,0,0,30" ten="382,265,269,84" oya="3" hai0="44,107,86,19,118,1,94,7,22,123,106,115,101" hai1="126,70,4,89,18,21,82,36,100,42,14,99,34" hai2="24,125,67,134,122,98,113,116,50,43,71,79,112" hai3="35,96,78,80,88,31,13,26,74,135,23,10,2"/><W73/><G135/><T81/><D118/><U51/><E36/><V59/><F116/><W15/><G74/><T75/><D123/><U61/><E4/><V102/><F79/><W84/><G96/><T49/><D75/><U93/><E126/><V92/><F122/><W53/><G53/><T95/><D115/><U32/><E70/><V114/><F125/><W131/><G131/><T11/><D94/><U111/><E111/><V117/><F117/><W0/><G23/><T72/><D72/><U37/><E37/><V83/><F134/><W40/><G40/><T20/><D95/><U9/><E61/><V57/><F83/><W124/><G124/><T41/><D101/><U6/><E42/><V120/><F120/><W58/><G58/><T62/><D62/><U90/><E51/><V119/><F119/><W29/><G29/><T69/><D69/><U91/><REACH who="1" step="1"/><E82/><REACH who="1" ten="382,255,269,84" step="2"/><V3/><F71/><W52/><G52/><T8/><D81/><U46/><E46/><V133/><F50/><W109/><G109/><T38/><D49/><U77/><E77/><V54/><F43/><W110/><G110/><T66/><D44/><U25/><AGARI ba="0,1" hai="6,9,14,18,21,25,32,34,89,90,91,93,99,100" machi="25" ten="30,7900,0" yaku="1,1,0,1,52,2,53,0" doraHai="30" doraHaiUra="103" who="1" fromWho="1" sc="382,-20,255,89,269,-20,84,-39" />
</Scene>
<Scene>
<INIT seed="4,0,0,2,0,110" ten="362,344,249,45" oya="0" hai0="44,69,4,8,25,82,76,97,71,14,57,65,127" hai1="100,6,125,53,75,16,130,90,128,17,42,112,121" hai2="0,27,28,38,134,101,29,33,120,89,50,93,11" hai3="1,74,78,105,37,80,117,81,31,91,118,95,45"/><T43/><D127/><U104/><E121/><V39/><F120/><W10/><G31/><T106/><BYE who="3" /><D25/><UN n3="%E5%84%84%E4%B8%87%E9%95%B7%E8%80%85" /><U99/><E125/><V3/><F134/><W87/><G105/><T13/><D13/><U129/><E75/><V64/><F101/><W9/><G9/><T109/><D109/><U70/><E70/><V35/><F64/><W2/><G2/><T77/><D57/><U85/><E6/><V55/><BYE who="3" /><F29/><UN n3="%E5%84%84%E4%B8%87%E9%95%B7%E8%80%85" /><W116/><G95/><T49/><D65/><U47/><E53/><V86/><F35/><W46/><G46/><T15/><D15/><U40/><E40/><V32/><F32/><W72/><G72/><T48/><D48/><N who="1" m="26743" /><E112/><V58/><BYE who="3" /><REACH who="2" step="1"/><F11/><REACH who="2" ten="362,344,239,45" step="2"/><UN n3="%E5%84%84%E4%B8%87%E9%95%B7%E8%80%85" /><W21/><G21/><T26/><D8/><U103/><E103/><V18/><F18/><W67/><G67/><T52/><D4/><U124/><E124/><V115/><F115/><W68/><G68/><T84/><D71/><U12/><E12/><V73/><F73/><W59/><G59/><T56/><D14/><U123/><E123/><V102/><F102/><W114/><G114/><T108/><D56/><U54/><E54/><V96/><F96/><W135/><G135/><T88/><D52/><U79/><E79/><V22/><F22/><W132/><G132/><T63/><D108/><U23/><E23/><V66/><F66/><W119/><G119/><T83/><D69/><U24/><E24/><V60/><F60/><W133/><G133/><T5/><D63/><U107/><E107/><V94/><F94/><AGARI ba="0,1" hai="16,17,85,90,94,99,100,104,128,129,130" m="26743" machi="94" ten="30,2000,0" yaku="19,1,54,1" doraHai="110" who="1" fromWho="2" sc="362,0,344,30,239,-20,45,0" />
</Scene>
<Scene>
<INIT seed="5,0,0,4,5,112" ten="362,374,219,45" oya="1" hai0="41,35,125,114,38,64,123,106,69,79,100,0,94" hai1="97,120,43,88,119,50,39,89,110,116,85,115,67" hai2="93,33,109,76,55,117,82,13,60,124,37,5,29" hai3="3,22,6,27,47,58,48,91,24,4,66,56,113"/><U77/><E39/><V73/><F37/><W44/><G113/><T74/><RYUUKYOKU type="yao9" ba="0,0" sc="362,0,374,0,219,0,45,0" hai0="0,35,38,41,64,69,74,79,94,100,106,114,123,125" />
</Scene>
<Scene>
<INIT seed="5,1,0,0,3,28" ten="362,374,219,45" oya="1" hai0="87,47,76,68,120,40,114,10,77,7,90,132,73" hai1="31,63,86,106,11,70,81,14,125,100,91,97,94" hai2="102,71,123,30,60,2,121,93,67,75,65,98,52" hai3="54,72,109,33,50,1,112,21,27,3,113,129,22"/><U84/><E125/><V130/><F75/><W16/><G72/><T131/><D68/><U64/><E31/><V8/><F130/><W34/><G129/><T23/><D131/><U103/><E103/><V88/><F65/><W115/><G50/><T124/><D114/><U117/><E117/><V38/><F38/><W69/><G54/><T61/><D124/><U46/><E46/><V96/><F30/><N who="3" m="17775" /><G109/><T79/><D61/><U17/><REACH who="1" step="1"/><E86/><REACH who="1" ten="362,364,219,45" step="2"/><V44/><F44/><W9/><G69/><T92/><D73/><U128/><E128/><V116/><F116/><W134/><G134/><T122/><D132/><U95/><AGARI ba="1,1" hai="11,14,17,63,64,70,81,84,91,94,95,97,100,106" machi="95" ten="30,3000,0" yaku="1,1,0,1,53,0" doraHai="28" doraHaiUra="26" who="1" fromWho="1" sc="362,-11,364,43,219,-11,45,-11" />
</Scene>
<Scene>
<INIT seed="5,2,0,4,3,101" ten="351,407,208,34" oya="1" hai0="30,117,73,80,124,98,10,86,60,71,24,51,46" hai1="32,42,133,29,28,116,2,97,34,99,109,74,129" hai2="18,54,119,36,112,120,0,44,132,12,76,108,31" hai3="83,39,100,15,57,45,135,22,53,5,26,87,67"/><U78/><E42/><V94/><F94/><W14/><G135/><T91/><D117/><U89/><E89/><V64/><F54/><W96/><G67/><T47/><D124/><U59/><E59/><V27/><F44/><W81/><G39/><T106/><D73/><U20/><E20/><V41/><F18/><W65/><G45/><T38/><D10/><U113/><E78/><V115/><F27/><W102/><G65/><T85/><D71/><U93/><E93/><V37/><F12/><W111/><G111/><T1/><D1/><U3/><E74/><V131/><F31/><W114/><G114/><T88/><D60/><U17/><E17/><V123/><F64/><W23/><G23/><T6/><D6/><U128/><E133/><V49/><F41/><W95/><G100/><T63/><D63/><U130/><E130/><V7/><F49/><W103/><G103/><T107/><D98/><U56/><E56/><V122/><F76/><W105/><G105/><T77/><D77/><U9/><E9/><V69/><F7/><W40/><G40/><N who="0" m="22807" /><D51/><U43/><E43/><V126/><F115/><W121/><G121/><T84/><D47/><U92/><E92/><V125/><F120/><W79/><G81/><N who="0" m="49167" /><D85/><U66/><E66/><V13/><F123/><W50/><REACH who="3" step="1"/><G5/><REACH who="3" ten="351,407,208,24" step="2"/><T8/><D107/><U62/><E113/><V16/><F122/><W61/><G61/><T25/><D80/><U127/><E62/><V70/><F108/><W72/><G72/><T90/><D106/><U82/><E109/><V104/><F104/><W134/><G134/><T75/><D75/><RYUUKYOKU ba="2,1" sc="351,-10,407,-10,208,-10,24,30" hai3="14,15,22,26,50,53,57,79,83,87,95,96,102" />
</Scene>
<Scene>
<INIT seed="6,3,1,1,4,128" ten="341,397,198,54" oya="2" hai0="43,120,26,27,60,45,107,39,131,106,67,132,111" hai1="51,50,17,0,72,85,92,94,77,54,16,122,125" hai2="114,105,121,70,97,55,20,30,24,66,80,46,75" hai3="81,135,93,23,123,126,88,103,100,134,8,78,57"/><V41/><F121/><W11/><G123/><T61/><D120/><U104/><E122/><RYUUKYOKU type="kaze4" ba="3,1" sc="341,0,397,0,198,0,54,0" />
</Scene>
<Scene>
<INIT seed="6,4,1,3,2,67" ten="341,397,198,54" oya="2" hai0="135,83,133,129,21,89,95,112,106,29,38,9,90" hai1="62,71,74,24,107,99,73,124,122,46,6,3,105" hai2="43,113,17,10,2,69,84,111,79,36,52,104,48" hai3="118,20,30,19,131,117,86,12,82,132,66,22,4"/><V51/><F104/><W93/><G131/><T80/><D38/><U127/><E122/><V28/><F36/><W108/><G108/><T134/><D9/><U87/><E6/><V27/><F111/><W25/><G132/><T57/><D106/><U41/><E3/><V94/><F69/><W115/><G115/><T114/><D57/><U88/><E105/><V26/><F113/><N who="0" m="43626" /><D29/><U81/><E24/><V77/><F2/><W92/><G66/><T53/><D21/><U34/><E34/><V102/><F28/><W32/><G118/><T50/><D50/><N who="1" m="26959" /><E62/><V121/><F121/><W116/><G117/><T101/><D53/><U68/><E71/><V72/><F72/><W49/><G116/><T35/><D35/><U76/><E76/><N who="2" m="29259" /><F43/><W56/><G32/><T59/><D59/><U15/><E68/><V14/><F48/><W7/><G92/><T119/><D119/><U58/><E58/><N who="2" m="33055" /><F84/><W63/><G82/><N who="0" m="31275" /><D129/><U78/><E78/><V54/><F54/><N who="3" m="31823" /><G63/><T55/><D55/><U64/><E64/><V75/><F75/><W47/><G47/><T31/><D31/><U130/><E130/><V44/><F44/><W120/><G120/><T16/><D16/><U8/><E74/><V97/><AGARI ba="4,1" hai="10,14,17,26,27,94,97,102" m="33055,29259" machi="97" ten="30,3000,0" yaku="8,1,54,1" doraHai="67" who="2" fromWho="2" sc="341,-14,397,-14,198,52,54,-14" />
</Scene>
<Scene>
<INIT seed="6,5,0,1,3,22" ten="327,383,250,40" oya="2" hai0="49,24,72,63,118,19,11,93,52,79,28,110,16" hai1="77,14,60,1,128,38,51,84,100,131,105,122,101" hai2="34,40,115,83,15,37,109,111,43,20,62,80,36" hai3="30,44,107,88,121,89,113,42,102,91,18,59,55"/><V119/><F119/><W106/><G121/><T67/><D110/><N who="2" m="41994" /><F34/><W17/><G113/><T92/><D118/><U120/><E38/><N who="2" m="14955" /><F115/><W53/><G30/><T54/><D72/><U64/><E1/><V26/><F15/><W68/><G68/><T103/><D79/><U99/><E101/><V41/><F62/><W58/><G102/><T48/><D11/><U31/><E31/><AGARI ba="5,0" hai="20,26,31,40,41,43,80,83" m="14955,41994" machi="31" ten="40,3900,0" yaku="10,1,52,1" doraHai="22" who="2" fromWho="1" sc="327,0,383,-54,250,54,40,0" />
</Scene>
<Scene>
<INIT seed="6,6,0,0,3,64" ten="327,329,304,40" oya="2" hai0="40,21,89,3,35,5,87,73,17,59,16,130,119" hai1="36,104,61,107,52,34,62,112,110,126,9,135,111" hai2="24,10,129,95,7,74,91,32,103,96,39,13,71" hai3="109,98,25,123,42,26,121,20,1,45,120,106,83"/><V0/><F74/><W77/><G1/><T49/><D35/><U116/><E116/><V19/><F39/><W50/><G109/><T48/><D73/><U84/><E34/><V127/><F127/><W131/><G131/><T68/><D68/><U75/><E75/><V78/><F78/><W23/><G98/><T29/><D130/><U114/><E126/><V90/><F129/><W30/><G106/><N who="1" m="40490" /><E36/><V118/><F71/><W6/><G6/><T22/><D119/><U70/><E9/><V113/><F113/><N who="1" m="43625" /><E135/><V28/><REACH who="2" step="1"/><F118/><REACH who="2" ten="327,329,294,40" step="2"/><W65/><G65/><T54/><D3/><U12/><E70/><V43/><F43/><W100/><G100/><T69/><D69/><U105/><E105/><V93/><F93/><W79/><REACH who="3" step="1"/><G83/><REACH who="3" ten="327,329,294,30" step="2"/><T80/><D80/><U99/><E111/><V117/><F117/><W51/><G51/><T102/><D102/><U132/><E110/><V122/><F122/><W82/><G82/><T76/><D49/><U92/><E132/><V101/><F101/><W133/><G133/><T31/><D48/><U14/><E92/><V56/><F56/><W53/><G53/><T44/><D54/><U115/><E52/><V37/><F37/><W94/><G94/><T108/><D59/><U15/><E115/><V63/><F63/><N who="1" m="24073" /><E84/><V124/><F124/><W66/><G66/><T128/><D87/><U60/><E60/><V134/><F134/><W72/><G72/><T46/><D108/><U55/><E55/><V27/><F27/><W38/><G38/><T33/><D128/><U2/><E99/><V57/><F57/><W4/><G4/><RYUUKYOKU ba="6,2" sc="327,-30,329,10,294,10,30,10" hai1="2,12,14,15" hai2="0,7,10,13,19,24,28,32,90,91,95,96,103" hai3="20,23,25,26,30,42,45,50,77,79,120,121,123" />
</Scene>
<Scene>
<INIT seed="6,7,2,0,1,94" ten="297,339,304,40" oya="2" hai0="84,43,33,41,76,122,57,19,6,134,68,4,25" hai1="26,135,71,87,106,35,126,119,49,14,8,114,75" hai2="70,96,28,45,65,113,81,90,27,30,52,64,109" hai3="118,93,12,82,105,116,95,2,39,121,58,40,55"/><V29/><F113/><W83/><G2/><T63/><D122/><U91/><E114/><V62/><F109/><W92/><G121/><T5/><D68/><U60/><E75/><V53/><F45/><W17/><G39/><T125/><D125/><U110/><E126/><V16/><F64/><W98/><G40/><N who="0" m="15435" /><D33/><U99/><E110/><V59/><F70/><W129/><G129/><T85/><D134/><U36/><E36/><V34/><F34/><W72/><G72/><T51/><D51/><U66/><E119/><V21/><F96/><W115/><G115/><T15/><D25/><U9/><E135/><V50/><F50/><W78/><G78/><T103/><D103/><N who="1" m="62847" /><E14/><V73/><F73/><W127/><G127/><T44/><D44/><U100/><E100/><V132/><F132/><W130/><G130/><T86/><D76/><U67/><E66/><V23/><F23/><W89/><G89/><T24/><D24/><U42/><E49/><V18/><F18/><W112/><G112/><T31/><D31/><N who="1" m="19959" /><E42/><V61/><F61/><W22/><G118/><T117/><D117/><U74/><E74/><V11/><F11/><W97/><G116/><T124/><D124/><U37/><E37/><V133/><F133/><W46/><G46/><T123/><D123/><U20/><E20/><V54/><F65/><W1/><G1/><T38/><D38/><U80/><AGARI ba="7,2" hai="8,9,60,67,71,80,87,91" m="19959,62847" machi="80" ten="30,2000,0" yaku="25,1,52,1" doraHai="94" who="1" fromWho="1" sc="297,-12,339,61,304,-17,40,-12" />
</Scene>
<Scene>
<INIT seed="7,0,0,5,5,86" ten="285,400,287,28" oya="3" hai0="96,40,50,55,53,15,47,77,101,21,116,4,126" hai1="24,82,9,85,81,117,17,115,123,67,23,30,56" hai2="43,33,93,31,127,39,78,0,98,3,113,134,52" hai3="95,22,49,41,32,45,18,46,87,102,48,13,14"/><W125/><G32/><T60/><D116/><U119/><E123/><V28/><F78/><W112/><G125/><T38/><D126/><U120/><E120/><V8/><F127/><W10/><G112/><T75/><D75/><U132/><E115/><V6/><F3/><W27/><G102/><T118/><D118/><U25/><E82/><V2/><F113/><W80/><G95/><N who="0" m="58527" /><D38/><U72/><E9/><V61/><F2/><W107/><G107/><T35/><D35/><U58/><E85/><V11/><F11/><W1/><G1/><T74/><D74/><U91/><E81/><V105/><F105/><W103/><G103/><T68/><D68/><U109/><E17/><V100/><F134/><W34/><G34/><T128/><D128/><U63/><E23/><V37/><F33/><W71/><G71/><T97/><D77/><U94/><E25/><V26/><F26/><W89/><REACH who="3" step="1"/><G10/><REACH who="3" ten="285,400,287,18" step="2"/><N who="0" m="4551" /><D21/><U59/><E117/><V135/><F0/><W114/><G114/><T36/><D36/><U5/><E119/><V20/><F37/><W29/><G29/><T92/><D60/><U62/><E63/><V79/><F39/><W99/><G99/><T108/><D108/><U66/><E62/><V69/><F61/><W65/><G65/><T16/><D97/><U110/><E67/><V64/><F98/><W76/><G76/><T88/><D92/><U104/><E66/><V111/><F93/><W106/><G106/><T84/><D50/><U42/><E104/><V90/><F28/><W44/><G44/><T122/><D47/><U130/><E94/><V12/><F31/><RYUUKYOKU ba="0,1" sc="285,-10,400,-10,287,-10,18,30" hai3="13,14,18,22,27,41,45,46,48,49,80,87,89" />
</Scene>
<Scene>
<INIT seed="7,1,1,1,3,74" ten="275,390,277,48" oya="3" hai0="49,80,75,69,3,128,32,52,58,54,16,30,27" hai1="28,97,15,26,31,56,92,96,24,70,95,133,64" hai2="118,93,127,39,63,100,99,103,65,79,17,23,57" hai3="84,21,44,83,67,107,10,29,55,46,129,13,114"/><W22/><G107/><T124/><D3/><U110/><E70/><V105/><F118/><W42/><G114/><T60/><D124/><U4/><E110/><V111/><F111/><W109/><G109/><T98/><D128/><U68/><E68/><V101/><F127/><W7/><G129/><T43/><D43/><U131/><E131/><V36/><F79/><W59/><G67/><T9/><D98/><U72/><E72/><V89/><F105/><W71/><G71/><T45/><D69/><U117/><E64/><V104/><F104/><W37/><G46/><T34/><D34/><U66/><E66/><V12/><AGARI ba="1,1" hai="12,17,23,36,39,57,63,65,89,93,99,100,101,103" machi="12" ten="30,1100,0" yaku="0,1" doraHai="74" who="2" fromWho="2" sc="275,-4,390,-4,277,24,48,-6" owari="271,-13.0,386,49.0,301,10.0,42,-46.0" />
</Scene>
</mjloggm>