<mjloggm ver="2.3"><GO type="169" lobby="0"/><UN n0="%6D%65%24%6F" n1="%53%50%49%43%41%40%58" n2="%E3%81%8B%E3%82%89%E3%81%8F%E3%82%8A%E5%B1%8B%E6%95%B7" n3="%E5%A4%AA%E3%81%8F%E3%81%AA%E3%81%84%E3%81%8A" dan="17,17,16,18" rate="2149.35,2171.93,2074.83,2196.78" sx="M,M,M,F"/><TAIKYOKU oya="0"/>

<Scene>
<INIT seed="0,0,0,3,5,129" ten="250,250,250,250" oya="0" hai0="1,59,126,75,113,13,32,99,47,128,29,37,127" hai1="87,9,44,83,21,27,120,8,78,36,6,10,4" hai2="125,98,3,24,14,76,50,132,68,56,108,109,46" hai3="93,95,80,88,102,123,135,53,40,34,86,107,28"/><T33/><D128/><U31/><REACH who="1" step="1"/><E120/><REACH who="1" ten="250,240,250,250" step="2"/><V134/><F109/><W131/><G123/><T110/><D110/><U114/><E114/><V11/><F108/><W69/><G131/><T20/><D113/><U130/><E130/><V5/><F125/><N who="0" m="47626" /><D1/><U73/><E73/><V41/><F3/><W122/><G122/><T104/><D75/><U106/><E106/><V101/><F68/><W67/><G107/><T89/><D104/><U52/><E52/><V72/><F72/><W0/><G53/><T82/><D32/><U115/><E115/><V105/><F105/><W97/><G69/><T96/><D33/><U39/><E39/><V66/><F76/><W58/><G34/><T26/><D13/><U112/><E112/><V57/><F14/><W60/><G0/><T74/><D59/><U45/><E45/><V61/><F57/><W62/><G58/><T16/><D29/><U92/><E92/><V19/><F56/><W121/><G93/><T51/><D37/><U2/><E2/><V133/><F66/><W43/><G67/><T103/><D74/><U71/><E71/><V85/><F61/><W35/><G121/><T79/><D47/><U22/><E22/><V65/><F65/><W118/><G60/><T23/><D20/><U91/><E91/><V119/><F46/><W117/><G62/><T124/><D89/><U111/><E111/><V30/><F30/><W12/><G12/><T64/><D124/><U49/><E49/><V15/><F50/><W54/><G35/><T70/><D51/><U100/><E100/><V77/><F101/><W18/><G102/><RYUUKYOKU ba="0,1" sc="250,-10,240,30,250,-10,250,-10" hai1="4,6,8,9,10,21,27,31,36,44,78,83,87" />
</Scene>
<Scene>
<INIT seed="1,1,1,2,4,79" ten="240,270,240,240" oya="1" hai0="129,50,95,22,56,29,20,85,93,64,76,81,60" hai1="57,2,34,45,16,101,106,66,109,13,73,47,134" hai2="94,119,126,92,131,91,89,78,128,133,110,63,9" hai3="11,104,71,120,111,25,103,12,124,33,32,55,5"/><U102/><E2/><V41/><F41/><W24/><G71/><T54/><D129/><N who="2" m="49738" /><F9/><W30/><G55/><T49/><D49/><U37/><E34/><V72/><F119/><W53/><G53/><T0/><D0/><U1/><E1/><V98/><F63/><W84/><G104/><T28/><D22/><U90/><E73/><V105/><F133/><W113/><G103/><T116/><D116/><U39/><E134/><V99/><F126/><W108/><G120/><T14/><D14/><U135/><E135/><V87/><F105/><W3/><G124/><T26/><REACH who="0" step="1"/><D29/><REACH who="0" ten="230,270,240,240" step="2"/><U70/><E13/><V42/><F42/><W82/><G3/><T122/><D122/><U125/><E125/><V36/><F36/><W67/><G30/><T4/><D4/><U10/><E39/><V127/><F127/><W15/><G5/><T96/><D96/><U21/><E37/><V44/><F44/><AGARI ba="1,2" hai="20,26,28,44,50,54,56,60,64,76,81,85,93,95" machi="44" ten="30,7700,0" yaku="1,1,7,1,8,1,52,1,53,0" doraHai="79" doraHaiUra="7" who="0" fromWho="2" sc="230,100,270,0,240,-80,240,0" />
</Scene>
<Scene>
<INIT seed="2,0,0,4,1,62" ten="330,270,160,240" oya="2" hai0="73,7,111,104,12,70,58,110,11,57,2,83,109" hai1="97,22,27,13,43,19,61,71,59,63,89,49,85" hai2="52,117,4,5,90,95,64,86,135,112,20,126,21" hai3="9,65,51,116,15,118,53,34,8,14,55,122,60"/><V54/><F117/><W123/><G34/><T119/><D119/><U115/><E115/><V100/><F126/><W94/><G94/><T131/><D131/><U84/><E71/><V93/><F135/><W3/><G3/><T102/><D70/><U113/><E113/><V98/><F112/><W35/><G35/><T0/><D102/><U87/><E27/><V79/><F79/><W91/><G91/><T72/><D104/><U42/><E49/><V108/><F108/><W6/><G60/><N who="1" m="23114" /><E59/><V10/><F64/><W76/><G76/><T46/><D46/><U26/><E26/><V66/><F66/><W56/><G65/><T30/><D30/><U130/><E130/><V105/><F105/><W17/><G116/><T32/><D32/><U41/><E97/><V18/><F5/><W69/><G69/><T133/><D133/><U129/><E129/><V48/><F18/><W38/><G38/><T99/><D99/><U88/><AGARI ba="0,0" hai="13,19,22,41,42,43,84,85,87,88,89" m="23114" machi="88" ten="40,2700,0" yaku="8,1,54,1" doraHai="62" who="1" fromWho="1" sc="330,-7,270,27,160,-13,240,-7" />
</Scene>
<Scene>
<INIT seed="3,0,0,3,3,9" ten="323,297,147,233" oya="3" hai0="38,76,17,21,20,42,33,10,79,75,63,37,55" hai1="74,22,90,4,25,70,23,99,86,88,61,84,66" hai2="62,41,135,113,26,97,19,108,101,36,48,106,3" hai3="126,124,31,11,119,80,127,131,100,129,125,67,30"/><W82/><G119/><T5/><D33/><U44/><E74/><V115/><F3/><W40/><G40/><T56/><D75/><U29/><E4/><V118/><F118/><W114/><G114/><T107/><D107/><U24/><E44/><V34/><F135/><W73/><G67/><T122/><D122/><U60/><E99/><V116/><F48/><W49/><G49/><T105/><D105/><U102/><E102/><V95/><F116/><W64/><G64/><T89/><D89/><U65/><E29/><N who="3" m="10762" /><G100/><T128/><D128/><N who="3" m="49225" /><G73/><T98/><D98/><U132/><E132/><V130/><F106/><W51/><G51/><T16/><D42/><U78/><E78/><V39/><F130/><W91/><N who="3" m="31744" /><DORA hai="14" /><W120/><G120/><T93/><D38/><U35/><E35/><V83/><F39/><W6/><G91/><T117/><D37/><U52/><E52/><V43/><F34/><W69/><G69/><AGARI ba="0,0" hai="22,23,24,25,60,61,65,66,69,70,84,86,88,90" machi="69" ten="25,3200,0" yaku="22,2,54,1" doraHai="9,14" who="1" fromWho="3" sc="323,0,297,32,147,0,233,-32" />
</Scene>
<Scene>
<INIT seed="4,0,0,5,0,105" ten="323,329,147,201" oya="0" hai0="128,86,22,112,62,46,81,108,36,93,8,85,16" hai1="45,11,126,32,47,79,43,70,24,50,88,123,34" hai2="60,72,29,107,114,6,73,49,101,99,69,109,38" hai3="82,63,2,90,65,61,14,28,124,75,118,103,67"/><T53/><D112/><U80/><E123/><V13/><F114/><W27/><G118/><T119/><D119/><U116/><E116/><V121/><F121/><W44/><G2/><T68/><D128/><U0/><E70/><V21/><F109/><W89/><G124/><T33/><D33/><U48/><E126/><V76/><F38/><W104/><G44/><T125/><D125/><U96/><E24/><V17/><F6/><W133/><G133/><T7/><D108/><U31/><E31/><V26/><F49/><W37/><G37/><T102/><D68/><U78/><E11/><V57/><F76/><W97/><G14/><T55/><D62/><U120/><E0/><V5/><F5/><W83/><G83/><T122/><D122/><U41/><E120/><V131/><F131/><W117/><G117/><T134/><D134/><U10/><E10/><V40/><F40/><W56/><G82/><T115/><D115/><U9/><E9/><V77/><F77/><W15/><G15/><T3/><D36/><U71/><E71/><V94/><F69/><N who="3" m="42159" /><G75/><T106/><D106/><U92/><E79/><V95/><F95/><W87/><G87/><AGARI ba="0,0" hai="32,34,41,43,45,47,48,50,78,80,87,88,92,96" machi="87" ten="30,3900,0" yaku="7,1,9,1,54,1" doraHai="105" who="1" fromWho="3" sc="323,0,329,39,147,0,201,-39" />
</Scene>
<Scene>
<INIT seed="5,0,0,4,3,66" ten="323,368,147,162" oya="1" hai0="82,74,105,30,34,129,20,8,102,36,35,50,95" hai1="90,4,43,86,128,12,115,110,15,47,42,37,114" hai2="52,57,3,122,13,127,10,41,11,113,2,56,123" hai3="61,96,109,71,107,54,55,134,132,104,29,112,53"/><U24/><E110/><V48/><F127/><W67/><G109/><T51/><D105/><U106/><E106/><V84/><F41/><W98/><G112/><N who="1" m="43050" /><E128/><V91/><F113/><W73/><G73/><T79/><D36/><U101/><E101/><V85/><F13/><W77/><G77/><T32/><D129/><U125/><E125/><V103/><F103/><W87/><G87/><T38/><D38/><U18/><E42/><V19/><F19/><W99/><REACH who="3" step="1"/><G29/><REACH who="3" ten="323,368,147,152" step="2"/><T76/><D76/><U58/><E86/><V119/><F85/><W26/><G26/><T64/><D30/><U88/><E24/><V69/><F84/><W28/><G28/><T1/><D79/><U33/><E33/><V72/><F72/><W92/><G92/><T94/><D74/><U25/><E25/><V116/><F123/><W120/><G120/><T31/><D94/><U16/><E4/><V133/><F122/><W100/><G100/><T121/><D102/><U81/><E18/><V80/><F91/><W23/><G23/><T111/><D95/><U60/><E16/><V40/><F116/><W27/><G27/><N who="0" m="16871" /><D111/><U59/><E90/><V49/><F119/><W70/><G70/><T9/><D121/><U22/><E88/><V78/><F69/><W17/><G17/><T7/><D82/><U0/><E81/><V68/><F80/><W75/><G75/><T118/><D118/><U65/><E22/><V62/><F68/><W45/><G45/><T126/><D126/><U135/><E47/><V63/><F78/><W5/><G5/><T93/><D7/><U39/><E59/><RYUUKYOKU ba="0,1" sc="323,-10,368,-10,147,-10,152,30" hai3="53,54,55,61,67,71,96,98,99,104,107,132,134" />
</Scene>
<Scene>
<INIT seed="6,1,1,0,5,78" ten="313,358,137,182" oya="2" hai0="15,35,63,33,61,22,71,44,122,110,26,54,97" hai1="31,134,41,76,126,124,5,70,55,102,32,72,1" hai2="114,47,42,132,89,25,95,116,125,80,12,75,45" hai3="92,112,135,130,56,4,8,65,10,24,74,53,104"/><V94/><F116/><W111/><G111/><T133/><D110/><U127/><E134/><V103/><F114/><W66/><G104/><T98/><D133/><U20/><E70/><V86/><F132/><W121/><G135/><T16/><D122/><U96/><E41/><V108/><F125/><W113/><G121/><T50/><D35/><U29/><E32/><V23/><F108/><W123/><G123/><T34/><D33/><U3/><E55/><V109/><F109/><W37/><G37/><T84/><D71/><U117/><E117/><V118/><F118/><W7/><G74/><T18/><D34/><U77/><E5/><N who="3" m="2122" /><G24/><T40/><D63/><U69/><E69/><V88/><F12/><W99/><G130/><T13/><D84/><U62/><E62/><V90/><F75/><W28/><G28/><N who="1" m="10826" /><E20/><V115/><F115/><N who="3" m="44107" /><G66/><T59/><D26/><U43/><E72/><V107/><F107/><W17/><G65/><T6/><D6/><U51/><E3/><V93/><F103/><N who="3" m="60903" /><G17/><T11/><AGARI ba="1,1" hai="11,13,15,16,18,22,40,44,50,54,59,61,97,98" machi="11" ten="20,5200,0" yaku="0,1,7,1,8,1,54,1" doraHai="78" who="0" fromWho="0" sc="313,65,358,-14,137,-27,182,-14" />
</Scene>
<Scene>
<INIT seed="7,0,0,4,1,45" ten="378,344,110,168" oya="3" hai0="135,22,101,47,96,103,71,129,57,124,1,19,18" hai1="133,107,61,116,52,15,110,73,131,93,99,30,85" hai2="82,68,46,13,67,7,41,34,75,88,62,44,117" hai3="38,74,31,24,123,58,56,25,109,4,115,5,102"/><W12/><G123/><T37/><D71/><U87/><E110/><V43/><F117/><W36/><G74/><T8/><D129/><U21/><E73/><V16/><F34/><W79/><G79/><T11/><D135/><U50/><E107/><V122/><F122/><W39/><G109/><T92/><D124/><U2/><E2/><V120/><F120/><W48/><G115/><T59/><D1/><U0/><E0/><V65/><F7/><W23/><G102/><T121/><D121/><U90/><E133/><V125/><F125/><W86/><G86/><T55/><D37/><U3/><E3/><V100/><F100/><W94/><G94/><T89/><D19/><N who="1" m="10495" /><E131/><V29/><F29/><W105/><G105/><T70/><D70/><U77/><E116/><V35/><F35/><W72/><G72/><T54/><D103/><U108/><E108/><V119/><F119/><W33/><G12/><N who="0" m="9543" /><D101/><U6/><E6/><V80/><F65/><W134/><G134/><T83/><D83/><N who="1" m="47343" /><E30/><V127/><F127/><W9/><G5/><T118/><D118/><U95/><E61/><V28/><F28/><W111/><G111/><T104/><D104/><U106/><E106/><V10/><F75/><W128/><G128/><T91/><D91/><N who="1" m="53503" /><E52/><N who="0" m="20009" /><D47/><U112/><E112/><V69/><F69/><W63/><G38/><T98/><D98/><U26/><E26/><V27/><F27/><W114/><G25/><T14/><D14/><U17/><E17/><V49/><F88/><W60/><G24/><T132/><D132/><U40/><E40/><V42/><F42/><W66/><G114/><RYUUKYOKU ba="0,0" sc="378,10,344,10,110,10,168,-30" hai0="8,11,57,59,89,92,96" hai1="50,90,95,99" hai2="10,13,16,41,43,44,46,49,62,67,68,80,82" owari="388,49.0,354,15.0,120,-38.0,138,-26.0" />
</Scene>
</mjloggm>