<mjloggm ver="2.3"><GO type="169" lobby="0"/><UN n0="%E3%81%BF%E3%81%BF%E3%81%9A" n1="%E5%A4%AA%E3%81%8F%E3%81%AA%E3%81%84%E3%81%8A" n2="%E3%83%88%E3%82%B7%E3%83%95%E3%83%BC%E3%83%8B" n3="%E3%81%A1%E3%81%8F%E3%81%8D" dan="16,18,16,18" rate="2184.07,2214.10,2104.19,2174.37" sx="M,F,M,M"/><TAIKYOKU oya="0"/>

<Scene>
<INIT seed="0,0,0,2,2,101" ten="250,250,250,250" oya="0" hai0="85,2,83,103,78,21,109,30,25,26,90,72,89" hai1="119,18,37,16,65,44,126,19,46,58,76,73,93" hai2="125,75,9,32,7,6,48,84,99,41,45,111,10" hai3="56,49,114,132,110,115,54,86,97,52,107,29,33"/><T23/><D2/><U118/><E126/><V120/><F75/><W79/><G110/><T13/><D109/><U94/><E73/><V134/><F111/><W47/><G132/><T11/><D103/><U131/><E131/><V62/><F134/><W35/><G107/><T50/><D72/><U57/><E76/><V8/><F32/><W42/><G97/><T106/><D106/><U104/><E104/><V129/><F129/><W67/><G67/><T130/><D130/><U88/><E65/><V102/><F125/><W40/><G54/><T135/><D50/><U77/><E77/><V128/><F128/><W127/><G42/><T39/><D39/><U87/><E37/><V81/><F120/><W117/><G117/><T80/><D80/><U91/><E19/><V68/><F62/><W124/><G124/><T64/><D64/><U113/><E87/><V27/><F27/><W66/><G66/><T34/><D135/><U24/><E24/><V123/><F68/><W51/><G127/><T43/><D43/><U70/><REACH who="1" step="1"/><E113/><REACH who="1" ten="250,240,250,250" step="2"/><V31/><F123/><W82/><G29/><N who="0" m="17599" /><D34/><U12/><E12/><V53/><F31/><W55/><G35/><T95/><D95/><U36/><E36/><V92/><REACH who="2" step="1"/><F41/><REACH who="2" ten="250,240,240,250" step="2"/><W38/><REACH who="3" step="1"/><G33/><REACH who="3" ten="250,240,240,240" step="2"/><T69/><D69/><AGARI ba="0,3" hai="16,18,44,46,57,58,69,70,88,91,93,94,118,119" machi="69" ten="25,8000,1" yaku="1,1,22,2,54,2,53,0" doraHai="101" doraHaiUra="17" who="1" fromWho="0" sc="250,-80,240,110,240,0,240,0" />
</Scene>
<Scene>
<INIT seed="1,0,0,1,4,20" ten="170,350,240,240" oya="1" hai0="68,72,107,105,57,128,132,12,115,31,51,9,54" hai1="66,94,70,93,119,126,29,117,55,17,111,60,122" hai2="69,78,135,43,125,84,108,92,46,47,83,112,37" hai3="97,7,30,88,82,76,104,45,26,90,133,15,61"/><U27/><E122/><V65/><F125/><W58/><G133/><T101/><D115/><U16/><E126/><V99/><F135/><W81/><G104/><T3/><D132/><U85/><E111/><V129/><F108/><W127/><G127/><T109/><D72/><U75/><E75/><V18/><F112/><W6/><G45/><T28/><D109/><U13/><E55/><V67/><F129/><W42/><G42/><T91/><D3/><U23/><E17/><V39/><F69/><W36/><G36/><T33/><D68/><U1/><E1/><V64/><F18/><W74/><G82/><T34/><D128/><U5/><E5/><V118/><F118/><W49/><G49/><T98/><D107/><U62/><E62/><V59/><F59/><W48/><G48/><T24/><D91/><U19/><E19/><V124/><F124/><W121/><G121/><T89/><D89/><U116/><REACH who="1" step="1"/><E85/><REACH who="1" ten="170,340,240,240" step="2"/><V32/><F84/><W134/><G6/><T40/><D40/><U120/><E120/><V38/><F43/><W21/><G134/><T50/><D9/><AGARI ba="0,1" hai="9,13,16,23,27,29,60,66,70,93,94,116,117,119" machi="9" ten="40,7700,0" yaku="1,1,52,1,54,1,53,0" doraHai="20" doraHaiUra="103" who="1" fromWho="0" sc="170,-77,340,87,240,0,240,0" />
</Scene>
<Scene>
<INIT seed="1,1,0,1,5,39" ten="93,427,240,240" oya="1" hai0="118,89,68,20,116,11,74,112,4,26,25,36,63" hai1="21,135,49,62,91,80,93,117,16,100,50,76,81" hai2="83,67,41,40,51,48,56,120,35,126,130,84,17" hai3="87,15,123,44,18,61,66,129,12,31,97,85,104"/><U52/><E117/><V3/><F35/><W73/><G73/><T14/><D112/><U42/><E135/><V53/><F3/><W79/><G123/><T133/><D74/><U1/><E1/><V106/><F106/><W94/><G104/><T29/><D133/><U75/><E100/><V28/><F120/><W30/><G129/><T43/><D89/><U38/><E38/><V86/><F130/><W134/><G134/><T34/><D68/><U6/><E6/><V69/><F126/><W59/><G15/><T64/><D64/><U71/><E71/><V132/><F28/><N who="3" m="10795" /><G44/><T128/><D63/><U78/><E62/><N who="2" m="38343" /><F69/><W90/><G79/><T102/><D102/><U7/><E7/><V105/><F105/><W101/><G101/><T103/><D103/><U99/><E78/><N who="2" m="46199" /><F132/><W92/><G94/><T113/><D113/><U9/><E76/><V119/><F119/><W111/><G111/><T57/><D128/><U2/><E75/><V55/><F86/><W22/><AGARI ba="1,0" hai="12,18,22,59,61,66,85,87,90,92,97" m="10795" machi="22" ten="30,1100,0" yaku="8,1" doraHai="39" who="3" fromWho="3" sc="93,-4,427,-6,240,-4,240,14" />
</Scene>
<Scene>
<INIT seed="2,0,0,1,3,123" ten="89,421,236,254" oya="2" hai0="131,59,111,38,24,121,84,105,58,11,36,64,66" hai1="21,35,71,30,28,50,114,75,74,41,103,101,94" hai2="134,45,135,47,122,102,18,4,93,15,25,79,16" hai3="17,81,112,13,26,51,0,31,126,106,129,118,132"/><V80/><F122/><W70/><G106/><T76/><D121/><U72/><E71/><V117/><F117/><W10/><G70/><T55/><D105/><U133/><E35/><V34/><F102/><W99/><G118/><T19/><D24/><U43/><E114/><V57/><F57/><W107/><G112/><T77/><D11/><U86/><E133/><N who="2" m="50699" /><F93/><W83/><G132/><T96/><D19/><N who="2" m="7210" /><F15/><W32/><G129/><T89/><D96/><U6/><E94/><V53/><F4/><W37/><G37/><T44/><D131/><U67/><E6/><V8/><F8/><W1/><G99/><T42/><D89/><U5/><E5/><V85/><F53/><W54/><G107/><T61/><D84/><U87/><E74/><V9/><F9/><W12/><G12/><T2/><D2/><U14/><E14/><V3/><F3/><W49/><G0/><T115/><D115/><U40/><E75/><V22/><F34/><W100/><G1/><T68/><D76/><U91/><E72/><V104/><F104/><W90/><G100/><T120/><D77/><U23/><E103/><V82/><F82/><N who="3" m="31243" /><G90/><T60/><D120/><U27/><E101/><V29/><AGARI ba="0,0" hai="22,25,29,45,47,79,80,85" m="7210,50699" machi="29" ten="30,3000,0" yaku="20,1,54,1" doraHai="123" who="2" fromWho="2" sc="89,-10,421,-10,236,30,254,-10" />
</Scene>
<Scene>
<INIT seed="2,1,0,2,0,87" ten="79,411,266,244" oya="2" hai0="60,93,36,2,94,73,41,43,117,84,85,62,113" hai1="65,75,22,28,5,40,119,44,6,82,76,50,107" hai2="3,80,120,104,106,69,118,96,134,48,58,39,8" hai3="100,78,24,135,126,129,17,79,105,127,116,122,25"/><V46/><F120/><W12/><G122/><T11/><D113/><U18/><E119/><V1/><F118/><W59/><G116/><T132/><D117/><U103/><E28/><V14/><F69/><W88/><G129/><T89/><D73/><U54/><E65/><V112/><F112/><W108/><G108/><T27/><D132/><U90/><E107/><V9/><F134/><W63/><G135/><T72/><D72/><U128/><E103/><V42/><F80/><W51/><G51/><T67/><D27/><U86/><E128/><V47/><F58/><W101/><G25/><T91/><D36/><U13/><REACH who="1" step="1"/><E40/><REACH who="1" ten="79,401,266,244" step="2"/><V34/><F34/><W68/><G100/><T52/><D2/><U26/><E26/><V123/><F123/><W19/><G101/><T109/><D109/><U70/><E70/><V121/><F121/><W110/><G105/><T45/><D11/><U35/><E35/><V38/><F42/><N who="0" m="15882" /><D67/><U53/><E53/><V23/><F106/><W15/><G24/><T77/><D77/><U131/><E131/><V111/><F104/><W83/><G68/><T29/><D29/><U55/><E55/><V99/><F111/><W61/><G110/><T4/><D4/><U32/><E32/><V7/><F7/><W10/><G79/><T125/><D125/><U130/><E130/><V71/><F71/><W57/><G78/><T37/><D37/><U97/><E97/><V20/><F14/><W74/><G127/><T33/><D33/><U30/><E30/><V56/><F56/><N who="3" m="21579" /><G126/><T95/><D95/><AGARI ba="1,1" hai="5,6,13,18,22,44,50,54,75,76,82,86,90,95" machi="95" ten="30,7700,0" yaku="1,1,7,1,52,1,53,1" doraHai="87" doraHaiUra="16" who="1" fromWho="0" sc="79,-80,401,90,266,0,244,0" owari="-1,-50.0,491,59.0,266,7.0,244,-16.0" />
</Scene>
</mjloggm>