<mjloggm ver="2.3"><GO type="169" lobby="0"/><UN n0="%E5%A4%AA%E3%81%8F%E3%81%AA%E3%81%84%E3%81%8A" n1="%E3%83%9A%E3%83%81%E3%83%A7%E3%83%BC%E3%83%AA%E3%83%B3" n2="%E5%BC%8F%E8%A6%8B%E8%9B%8D" n3="%E8%B7%AF%E5%9C%B0%E8%A3%8F%E3%81%AE%E3%81%B2%E3%81%BE%E3%82%8F%E3%82%8A" dan="18,17,16,16" rate="2250.07,2172.16,2086.10,2113.94" sx="F,M,M,M"/><TAIKYOKU oya="0"/>

<Scene>
<INIT seed="0,0,0,0,5,113" ten="250,250,250,250" oya="0" hai0="133,95,9,112,21,124,8,20,58,111,68,126,123" hai1="38,96,28,91,47,14,117,131,48,71,13,99,129" hai2="119,127,105,114,7,37,10,103,52,22,69,18,85" hai3="110,122,90,27,17,107,36,83,56,55,62,29,23"/><T88/><D112/><U59/><E71/><V33/><F114/><W81/><G36/><T94/><D68/><U46/><E28/><V128/><F37/><W120/><G107/><T6/><D123/><N who="3" m="47145" /><G110/><T77/><D77/><U92/><E99/><V2/><F69/><W11/><G90/><T104/><D104/><U86/><E38/><V75/><F75/><W79/><G79/><T39/><D39/><U135/><E135/><V109/><F109/><W93/><G93/><T115/><D115/><U78/><E59/><V70/><F70/><W108/><G108/><T97/><D111/><U80/><E47/><V57/><F128/><N who="1" m="49225" /><E117/><V53/><F119/><W24/><G11/><N who="0" m="4171" /><D133/><U34/><E34/><AGARI ba="0,0" hai="17,23,24,27,29,34,55,56,62,81,83" m="47145" machi="34" ten="30,1000,0" yaku="13,1" doraHai="113" who="3" fromWho="1" sc="250,0,250,-10,250,0,250,10" />
</Scene>
<Scene>
<INIT seed="1,0,0,4,1,67" ten="250,240,250,260" oya="1" hai0="45,6,95,58,102,72,43,119,34,99,38,66,124" hai1="94,55,20,104,21,39,13,125,135,91,14,57,96" hai2="18,129,63,51,50,61,17,100,68,22,10,131,54" hai3="90,28,3,29,74,42,112,53,81,19,71,127,52"/><U86/><E39/><V62/><F100/><W80/><G3/><T93/><D119/><U110/><E125/><V4/><F51/><W26/><G127/><T82/><D34/><U108/><E135/><V84/><F84/><W121/><G121/><T40/><D124/><U8/><E104/><V89/><F89/><W69/><G42/><T73/><D43/><U2/><E2/><V117/><F117/><W109/><G26/><T11/><D93/><U118/><E118/><V105/><F105/><W56/><G56/><T88/><D66/><U123/><E123/><V107/><F107/><W75/><G19/><T33/><D33/><U132/><E132/><V87/><F87/><W25/><G25/><T128/><D128/><N who="2" m="49226" /><F22/><W16/><G90/><T46/><D46/><U113/><E113/><V92/><F92/><W47/><G47/><T130/><D130/><U134/><E96/><V5/><F68/><W77/><G112/><T103/><D58/><U0/><E0/><N who="2" m="263" /><F5/><W126/><G126/><T70/><D70/><U60/><E134/><V133/><F133/><W64/><G64/><T79/><D73/><U7/><REACH who="1" step="1"/><E14/><AGARI ba="0,0" hai="6,11,14,38,40,45,72,79,82,88,95,99,102,103" machi="14" ten="30,2000,0" yaku="7,1,54,1" doraHai="67" who="0" fromWho="1" sc="250,20,240,-20,250,0,260,0" />
</Scene>
<Scene>
<INIT seed="2,0,0,5,4,106" ten="270,220,250,260" oya="2" hai0="50,54,95,10,113,130,35,66,73,26,32,15,131" hai1="100,115,121,101,70,91,28,4,99,64,34,116,90" hai2="7,85,88,22,71,79,108,83,56,45,135,17,112" hai3="29,94,48,27,72,61,120,49,46,97,58,134,41"/><V16/><F112/><W75/><G120/><T125/><D113/><U104/><E115/><V43/><F71/><W36/><G134/><T92/><D125/><U18/><E116/><V9/><F135/><W31/><G36/><T93/><D66/><U87/><E121/><V60/><F108/><W98/><G48/><T132/><D132/><U55/><E101/><V59/><F22/><W53/><G31/><T96/><D96/><U24/><E4/><V109/><F109/><W110/><G110/><T47/><D73/><U127/><E127/><V5/><F59/><W65/><G41/><T2/><D2/><U78/><E55/><V67/><F79/><W80/><G80/><T69/><D69/><U11/><E78/><V13/><REACH who="2" step="1"/><F7/><REACH who="2" ten="270,220,240,260" step="2"/><W76/><G76/><T102/><D35/><U21/><E21/><V44/><F44/><W0/><G0/><T1/><D1/><U38/><E70/><V25/><F25/><W52/><G65/><T103/><D26/><U68/><E64/><V37/><AGARI ba="0,1" hai="5,9,13,16,17,37,43,45,56,60,67,83,85,88" machi="37" ten="20,12000,1" yaku="1,1,0,1,7,1,54,2,53,0" doraHai="106" doraHaiUra="114" who="2" fromWho="2" sc="270,-40,220,-40,240,130,260,-40" />
</Scene>
<Scene>
<INIT seed="2,1,0,1,2,69" ten="230,180,370,220" oya="2" hai0="81,110,46,50,92,53,42,97,51,66,29,98,15" hai1="40,89,65,100,109,3,127,19,31,129,9,10,126" hai2="44,6,118,99,36,39,26,87,95,75,117,134,34" hai3="20,38,111,12,61,82,4,77,45,55,47,102,63"/><V1/><F75/><W107/><G111/><T11/><D110/><U8/><E109/><V83/><F1/><W112/><G112/><T67/><D29/><U86/><E129/><V104/><F6/><W115/><G115/><T13/><D81/><U113/><E113/><V72/><F44/><W90/><G90/><T93/><D93/><U108/><E108/><V96/><F96/><W76/><G47/><N who="0" m="27903" /><D98/><U119/><E31/><V106/><F134/><W18/><G76/><T114/><D114/><U94/><E119/><V85/><F34/><W84/><G4/><N who="0" m="3303" /><D15/><U37/><E65/><V80/><F99/><W60/><G107/><T130/><D130/><U128/><E100/><AGARI ba="1,0" hai="42,46,50,66,67,92,97,100" m="3303,27903" machi="100" ten="30,1000,0" yaku="8,1" doraHai="69" who="0" fromWho="1" sc="230,13,180,-13,370,0,220,0" />
</Scene>
<Scene>
<INIT seed="3,0,0,3,1,80" ten="243,167,370,220" oya="3" hai0="35,42,50,37,39,52,111,64,71,11,119,3,19" hai1="13,36,18,85,105,33,12,130,79,4,132,29,134" hai2="62,91,95,104,127,118,83,7,96,133,10,26,128" hai3="89,135,102,1,43,68,120,20,31,90,5,107,38"/><W122/><G68/><T60/><D35/><U17/><E105/><V82/><F118/><W14/><G135/><N who="1" m="51754" /><E36/><V126/><F133/><W87/><G1/><T113/><D119/><U117/><E117/><V55/><F128/><W125/><G125/><N who="2" m="47625" /><F104/><W103/><G90/><T81/><D111/><U123/><E123/><V54/><F26/><W22/><G22/><T72/><D113/><U9/><E130/><V25/><F25/><W84/><G38/><T40/><D40/><U69/><E69/><V75/><F62/><W16/><G43/><T27/><D42/><U34/><E29/><V46/><F46/><W106/><G31/><T92/><D27/><U109/><E109/><V124/><F124/><W30/><G30/><T57/><D92/><U28/><E28/><V58/><F75/><W24/><G24/><T61/><D61/><U6/><E85/><N who="2" m="50615" /><F83/><W53/><G122/><T47/><D71/><U88/><E88/><N who="2" m="55399" /><F58/><W108/><G120/><T99/><D72/><U0/><E79/><V86/><F86/><W78/><G108/><T8/><D81/><U116/><E116/><V129/><F129/><W76/><G107/><T65/><D57/><U100/><E100/><V44/><F44/><W131/><G106/><T74/><D47/><U98/><E98/><V93/><F93/><W110/><G131/><T56/><D99/><U115/><E115/><V2/><AGARI ba="0,0" hai="2,7,10,54,55" m="55399,50615,47625" machi="2" ten="30,4000,0" yaku="18,1,52,1,54,1" doraHai="80" who="2" fromWho="2" sc="243,-10,167,-10,370,40,220,-20" />
</Scene>
<Scene>
<INIT seed="4,0,0,0,2,71" ten="233,157,410,200" oya="0" hai0="6,99,121,56,66,132,42,17,119,90,7,117,75" hai1="88,25,19,102,85,26,39,30,28,97,95,50,82" hai2="11,54,94,73,55,33,59,16,83,23,64,4,15" hai3="62,77,9,52,67,68,116,40,38,37,134,47,112"/><T69/><D121/><U36/><E50/><V76/><F33/><W89/><G77/><T70/><D75/><U131/><E131/><V74/><F74/><W65/><G116/><T115/><D42/><U2/><E2/><V125/><F125/><W120/><G120/><T3/><D3/><U86/><E19/><V32/><F32/><W101/><G101/><T127/><D17/><U124/><E124/><V29/><F29/><W106/><G106/><T21/><D21/><U22/><E86/><N who="2" m="48487" /><F94/><W81/><G134/><T107/><D115/><U93/><REACH who="1" step="1"/><E95/><REACH who="1" ten="233,147,410,200" step="2"/><V31/><F73/><W14/><G112/><T108/><D127/><U35/><AGARI ba="0,1" hai="22,25,26,28,30,35,36,39,82,85,88,93,97,102" machi="35" ten="20,12000,2" yaku="1,1,2,1,0,1,7,1,52,2,54,1,53,0" doraHai="71" doraHaiUra="43" who="1" fromWho="1" sc="233,-60,147,130,410,-30,200,-30" />
</Scene>
<Scene>
<INIT seed="5,0,0,3,4,53" ten="173,277,380,170" oya="1" hai0="129,42,25,0,79,105,4,72,9,28,80,66,27" hai1="108,3,12,5,84,122,87,102,89,32,109,95,74" hai2="69,59,33,70,93,58,123,113,17,120,77,112,2" hai3="121,73,13,41,125,91,78,18,97,94,131,31,24"/><U130/><E74/><V76/><F17/><W34/><G121/><N who="2" m="46665" /><F93/><W83/><G125/><T86/><D105/><U40/><E3/><V115/><F33/><W35/><G131/><T134/><D129/><U50/><E32/><V43/><F43/><W61/><G41/><T1/><D134/><U67/><E122/><V98/><F98/><W62/><REACH who="3" step="1"/><G35/><REACH who="3" ten="173,277,380,160" step="2"/><T107/><D42/><U128/><E130/><V47/><F2/><W68/><G68/><N who="2" m="26217" /><F47/><W44/><G44/><T11/><D1/><U46/><E128/><V21/><F21/><AGARI ba="0,1" hai="13,18,21,24,31,34,61,62,73,78,83,91,94,97" machi="21" ten="30,2000,0" yaku="1,1,7,1,53,0" doraHai="53" doraHaiUra="100" who="3" fromWho="2" sc="173,0,277,0,380,-20,160,30" />
</Scene>
<Scene>
<INIT seed="6,0,0,1,1,131" ten="173,277,360,190" oya="2" hai0="101,105,44,34,74,93,20,53,12,4,3,127,68" hai1="132,67,60,59,39,75,65,8,78,56,113,22,40" hai2="129,104,116,26,115,117,90,99,5,36,112,92,64" hai3="111,47,96,125,70,73,25,85,37,16,126,107,23"/><V55/><F36/><W97/><G73/><T42/><D34/><U98/><E8/><V72/><F72/><W43/><G70/><T66/><D74/><U50/><E98/><V63/><F129/><W89/><G111/><T106/><D3/><U122/><E22/><V94/><F104/><W95/><REACH who="3" step="1"/><G107/><REACH who="3" ten="173,277,360,180" step="2"/><T17/><D106/><U88/><E75/><V109/><F109/><W87/><G87/><T135/><D105/><U61/><E122/><V77/><F116/><W71/><G71/><T114/><D68/><U57/><E113/><V123/><F117/><W62/><G62/><T100/><D114/><U134/><E60/><V118/><F63/><W48/><G48/><T103/><D127/><AGARI ba="0,1" hai="16,23,25,37,43,47,85,89,95,96,97,125,126,127" machi="127" ten="40,5200,0" yaku="1,1,18,1,54,1,53,0" doraHai="131" doraHaiUra="49" who="3" fromWho="0" sc="173,-52,277,0,360,0,180,62" />
</Scene>
<Scene>
<INIT seed="7,0,0,4,2,85" ten="121,277,360,242" oya="3" hai0="72,64,1,135,122,11,99,118,40,81,113,5,111" hai1="132,98,84,102,21,97,7,9,90,39,82,0,46" hai2="67,60,115,107,68,16,104,130,2,47,44,8,30" hai3="32,42,53,96,33,43,41,52,22,76,108,71,78"/><W66/><G108/><T77/><D111/><U38/><E132/><V31/><F115/><W86/><G96/><T15/><D122/><U14/><E98/><V35/><F130/><W23/><G66/><T24/><D135/><U55/><E55/><N who="3" m="21066" /><G86/><T36/><D113/><U75/><E75/><V70/><F70/><W34/><G71/><T74/><D118/><U61/><E61/><V37/><F47/><W79/><AGARI ba="0,0" hai="22,23,32,33,34,41,42,43,76,78,79" m="21066" machi="79" ten="40,12000,1" yaku="29,2,28,2,54,1" doraHai="85" who="3" fromWho="3" sc="121,-40,277,-40,360,-40,242,120" owari="81,-42.0,237,-16.0,320,12.0,362,46.0" />
</Scene>
</mjloggm>