<mjloggm ver="2.3"><GO type="169" lobby="0"/><UN n0="%E5%A4%A9%E5%B2%A9%E6%88%B8" n1="%E6%AF%94%E5%98%89%E7%A7%80%E4%BB%81" n2="%4E%65%6B%6F%73%6B%79" n3="%E5%A4%AA%E3%81%8F%E3%81%AA%E3%81%84%E3%81%8A" dan="16,18,16,18" rate="2164.15,2178.86,2139.04,2248.98" sx="M,M,M,F"/><TAIKYOKU oya="0"/>

<Scene>
<INIT seed="0,0,0,2,1,87" ten="250,250,250,250" oya="0" hai0="12,51,45,6,49,110,8,20,93,135,111,121,96" hai1="33,102,122,115,43,19,69,28,124,134,107,104,57" hai2="100,5,131,63,56,32,58,15,132,13,94,17,27" hai3="109,18,29,47,98,68,48,71,0,35,34,80,16"/><T10/><D121/><U108/><E108/><N who="0" m="41513" /><D135/><U55/><E134/><V54/><F132/><W9/><G109/><T53/><D49/><U126/><E69/><V82/><F131/><W40/><G98/><T64/><D64/><U25/><E122/><V76/><F32/><W21/><G80/><T4/><D20/><U92/><E43/><V116/><F116/><W59/><G59/><T99/><D93/><U52/><E19/><V113/><F113/><W105/><G18/><T97/><D96/><U23/><E33/><V24/><F5/><N who="3" m="1191" /><G35/><T26/><D26/><U91/><E102/><V86/><F13/><AGARI ba="0,0" hai="4,6,8,10,12,13,45,51,53,97,99" m="41513" machi="13" ten="30,2900,0" yaku="14,1,10,1" doraHai="87" who="0" fromWho="2" sc="250,29,250,0,250,-29,250,0" />
</Scene>
<Scene>
<INIT seed="0,1,0,4,0,6" ten="279,250,221,250" oya="0" hai0="96,47,12,55,132,101,123,58,130,36,21,133,20" hai1="131,57,125,19,65,24,84,119,128,124,38,106,68" hai2="86,54,60,77,107,27,0,73,7,4,16,48,92" hai3="121,67,49,66,43,97,39,90,76,40,14,117,93"/><T10/><D123/><U9/><E106/><V31/><F107/><W115/><G117/><T25/><D130/><N who="1" m="49707" /><E38/><V5/><F73/><W95/><G115/><T37/><D47/><U82/><E68/><V17/><F60/><W127/><G39/><T105/><D36/><U135/><E119/><V59/><F0/><W52/><G121/><T114/><D37/><U98/><E98/><V89/><REACH who="2" step="1"/><F77/><REACH who="2" ten="279,250,211,250" step="2"/><W72/><G76/><T83/><D114/><U87/><E65/><V78/><F78/><W33/><G72/><T53/><D105/><U13/><E82/><V32/><AGARI ba="1,1" hai="4,5,7,16,17,27,31,32,48,54,59,86,89,92" machi="32" ten="30,4000,0" yaku="1,1,0,1,54,1,53,0" doraHai="6" doraHaiUra="41" who="2" fromWho="2" sc="279,-21,250,-11,211,53,250,-11" />
</Scene>
<Scene>
<INIT seed="1,0,0,1,0,52" ten="258,239,264,239" oya="1" hai0="56,46,135,30,118,67,20,8,111,98,109,14,108" hai1="87,12,94,82,103,26,6,115,22,89,93,9,128" hai2="127,19,36,37,83,24,76,53,77,63,31,134,129" hai3="61,64,54,86,117,32,28,49,57,5,21,69,95"/><U15/><E115/><V10/><F127/><W119/><G32/><T4/><D118/><N who="3" m="45065" /><G5/><T55/><D135/><U16/><E128/><V75/><F129/><W125/><G125/><T66/><D46/><U114/><E114/><V105/><F105/><W11/><G11/><T1/><D98/><U100/><REACH who="1" step="1"/><E26/><REACH who="1" ten="258,229,264,239" step="2"/><V106/><F24/><N who="3" m="16399" /><G95/><AGARI ba="0,1" hai="6,9,12,15,16,22,82,87,89,93,94,95,100,103" machi="95" ten="40,7700,0" yaku="1,1,8,1,54,1,53,0" doraHai="52" doraHaiUra="43" who="1" fromWho="3" sc="258,0,229,87,264,0,239,-77" />
</Scene>
<Scene>
<INIT seed="1,1,0,4,4,121" ten="258,316,264,162" oya="1" hai0="20,0,134,67,128,109,41,86,60,24,12,44,122" hai1="110,42,94,7,51,69,116,17,28,6,62,111,79" hai2="48,95,87,82,50,113,10,119,114,72,93,32,19" hai3="14,98,118,46,66,27,23,107,26,135,30,3,13"/><U126/><E116/><V4/><F119/><W89/><G118/><T25/><D0/><U38/><E38/><V2/><F32/><W29/><G3/><T5/><D122/><U91/><E28/><V8/><F72/><W64/><G135/><T74/><D74/><U36/><E36/><V56/><F56/><W35/><G46/><T129/><D134/><U101/><E101/><V106/><F106/><W103/><G89/><T76/><D76/><U53/><E42/><V11/><F19/><W37/><G37/><T15/><D86/><N who="1" m="52599" /><E79/><V45/><F4/><W22/><REACH who="3" step="1"/><G35/><REACH who="3" ten="258,316,264,152" step="2"/><T63/><D44/><N who="1" m="27879" /><E126/><V43/><F2/><W59/><G59/><T34/><D34/><U78/><E78/><V131/><F113/><W61/><G61/><T127/><D63/><U123/><E123/><V55/><F114/><W125/><G125/><T57/><D60/><U130/><E62/><V65/><F45/><W81/><G81/><T58/><D127/><U49/><E69/><V52/><F82/><W115/><G115/><T9/><D57/><U90/><E49/><V47/><F47/><W112/><G112/><T40/><D58/><U117/><E90/><V88/><F88/><W132/><G132/><T85/><D41/><U108/><E117/><V84/><F43/><W104/><G104/><T133/><D40/><U102/><E102/><V16/><F50/><W124/><G124/><T39/><D39/><U18/><E130/><V83/><F48/><W80/><G80/><T68/><D68/><U54/><E54/><V99/><F131/><N who="0" m="50250" /><D133/><U71/><E71/><V92/><F83/><RYUUKYOKU ba="1,1" sc="258,-15,316,15,264,-15,152,15" hai1="6,7,17,18,108,110,111" hai3="13,14,22,23,26,27,29,30,64,66,98,103,107" />
</Scene>
<Scene>
<INIT seed="1,2,1,5,4,126" ten="243,331,249,167" oya="1" hai0="105,29,18,71,112,46,56,34,74,49,67,12,118" hai1="102,88,61,72,127,90,26,7,25,35,37,2,39" hai2="79,129,83,14,101,16,43,44,20,93,106,135,125" hai3="27,62,99,113,78,122,130,107,5,63,123,51,57"/><U114/><E72/><V47/><F125/><W48/><G78/><T98/><D112/><U81/><E127/><V131/><F135/><W42/><G5/><T94/><D118/><U28/><E114/><V30/><F106/><W66/><G113/><T55/><D74/><U85/><E102/><V45/><F30/><W108/><G27/><T9/><D105/><U58/><E26/><V104/><F104/><W33/><G33/><T77/><D77/><U10/><REACH who="1" step="1"/><E90/><REACH who="1" ten="243,321,249,167" step="2"/><V11/><F101/><W53/><G123/><T69/><D34/><U121/><E121/><V82/><F79/><W117/><G122/><T75/><D75/><U13/><E13/><V0/><F0/><W134/><G117/><T116/><D116/><U119/><E119/><V6/><F14/><W120/><G120/><T89/><D29/><U92/><E92/><V110/><F93/><W15/><G15/><T103/><D89/><U21/><E21/><V73/><F73/><W38/><G107/><T24/><D24/><U50/><E50/><V23/><F23/><W40/><G51/><T3/><D3/><U97/><E97/><V19/><F20/><W86/><G99/><T87/><D94/><U8/><E8/><V65/><F11/><W70/><G48/><T96/><D103/><U41/><E41/><V52/><F43/><W76/><G40/><T60/><D96/><U109/><E109/><V68/><F110/><W115/><G108/><T84/><D98/><U128/><E128/><V64/><F129/><W133/><G130/><T22/><D9/><U1/><E1/><V31/><F131/><RYUUKYOKU ba="2,2" sc="243,15,321,15,249,-15,167,-15" hai0="12,18,22,46,49,55,56,60,67,69,71,84,87" hai1="2,7,10,25,28,35,37,39,58,61,81,85,88" />
</Scene>
<Scene>
<INIT seed="1,3,2,5,1,130" ten="258,336,234,152" oya="1" hai0="46,122,32,113,131,0,19,3,112,54,56,50,118" hai1="45,76,22,83,89,13,92,99,11,65,53,80,91" hai2="104,43,126,36,48,35,25,60,88,31,58,33,79" hai3="100,90,87,10,125,1,61,96,111,120,23,115,127"/><U75/><E65/><V4/><F36/><W95/><G61/><T102/><D118/><U108/><E108/><V98/><F79/><W5/><G115/><T78/><D131/><U9/><E22/><V30/><F4/><W132/><G120/><T2/><D32/><U59/><E45/><V47/><F126/><N who="3" m="48139" /><G23/><T73/><D122/><U63/><E83/><V97/><F104/><N who="3" m="63495" /><G111/><T103/><D112/><U64/><E91/><V119/><F119/><W107/><G107/><T81/><D113/><U57/><REACH who="1" step="1"/><E13/><REACH who="1" ten="258,326,234,152" step="2"/><V26/><F88/><W134/><AGARI ba="3,3" hai="1,5,10,87,90,95,132,134" m="63495,48139" machi="134" ten="30,4000,0" yaku="18,1,52,2" doraHai="130" who="3" fromWho="3" sc="258,-13,326,-23,234,-13,152,79" />
</Scene>
<Scene>
<INIT seed="2,0,0,4,1,49" ten="245,303,221,231" oya="2" hai0="28,24,121,18,25,31,36,34,93,72,116,117,19" hai1="71,135,102,134,84,123,75,66,125,3,73,50,104" hai2="79,67,1,37,130,86,119,9,106,124,122,118,44" hai3="126,109,42,10,89,17,63,13,43,53,12,61,7"/><V6/><F86/><W52/><G109/><T111/><D72/><U100/><E123/><V48/><F48/><W74/><G74/><T108/><D36/><U105/><E3/><V20/><F20/><N who="3" m="11303" /><G126/><T113/><D93/><U85/><E50/><V88/><F88/><W22/><G22/><N who="0" m="15383" /><D121/><U56/><E56/><V83/><F122/><W54/><G89/><T16/><D113/><U68/><REACH who="1" step="1"/><E66/><REACH who="1" ten="245,293,221,231" step="2"/><V77/><F67/><W82/><G82/><T38/><D38/><U115/><E115/><V94/><F83/><W35/><G35/><T60/><D60/><AGARI ba="0,1" hai="7,10,13,42,43,52,53,54,60,61,63" m="11303" machi="60" ten="30,8000,1" yaku="8,1,52,3,54,1" doraHai="49" who="3" fromWho="0" sc="245,-80,293,0,221,0,231,90" />
</Scene>
<Scene>
<INIT seed="3,0,0,4,2,77" ten="165,293,221,321" oya="3" hai0="22,32,47,121,103,11,27,8,2,75,60,57,30" hai1="55,133,24,29,13,102,34,86,120,21,3,56,39" hai2="51,91,16,35,117,104,109,66,98,74,94,131,125" hai3="25,45,116,59,33,124,93,99,37,81,63,85,97"/><W83/><G116/><T7/><D121/><U36/><E120/><V123/><F117/><W52/><G124/><T87/><D75/><U82/><E3/><V101/><F123/><W20/><G33/><T70/><D11/><U119/><E102/><V89/><F35/><W107/><G107/><T65/><D47/><U88/><E119/><V72/><F66/><W6/><G6/><T50/><D50/><U17/><REACH who="1" step="1"/><E133/><REACH who="1" ten="165,283,221,321" step="2"/><V4/><F101/><N who="3" m="60591" /><G37/><T23/><D103/><U31/><E31/><V95/><F125/><W69/><G69/><T40/><D70/><U48/><AGARI ba="0,1" hai="13,17,21,24,29,34,36,39,48,55,56,82,86,88" machi="48" ten="20,8000,1" yaku="1,1,0,1,7,1,52,1,54,1,53,0" doraHai="77" doraHaiUra="126" who="1" fromWho="1" sc="165,-20,283,90,221,-20,321,-40" />
</Scene>
<Scene>
<INIT seed="4,0,0,4,0,10" ten="145,373,201,281" oya="0" hai0="34,37,100,94,125,79,12,109,120,104,118,88,71" hai1="28,18,43,15,86,47,62,78,48,45,74,31,110" hai2="49,8,124,19,59,17,96,61,39,101,2,26,44" hai3="130,129,55,73,106,126,42,85,21,105,51,82,93"/><T24/><D120/><U9/><E74/><V97/><F39/><W63/><G73/><T35/><D118/><U46/><E110/><V56/><F124/><W98/><G126/><T36/><D125/><U1/><E1/><V13/><F2/><W4/><G42/><T122/><D122/><U131/><E131/><N who="3" m="50186" /><G63/><T6/><D71/><U128/><E128/><V95/><F97/><W111/><G4/><T87/><D109/><U0/><E0/><V54/><F61/><W40/><G40/><T133/><D133/><U92/><E62/><V66/><F66/><W91/><G21/><AGARI ba="0,0" hai="8,13,17,19,21,26,44,49,54,56,59,95,96,101" machi="21" ten="40,2600,0" yaku="8,1,52,1" doraHai="10" who="2" fromWho="3" sc="145,0,373,0,201,26,281,-26" />
</Scene>
<Scene>
<INIT seed="5,0,0,3,0,41" ten="145,373,227,255" oya="1" hai0="22,89,58,7,128,112,116,63,72,122,119,39,98" hai1="135,75,117,124,76,64,29,44,109,4,48,81,110" hai2="12,123,82,43,17,47,21,68,0,91,71,70,37" hai3="74,84,67,5,96,95,134,80,59,49,45,133,100"/><U25/><E117/><V60/><F123/><W36/><G5/><T51/><D72/><U97/><E135/><N who="3" m="51722" /><G74/><T86/><D39/><U90/><E124/><V30/><F0/><W32/><G32/><T6/><D122/><U111/><E64/><V9/><F82/><W3/><G3/><T125/><D125/><U34/><E4/><V38/><F91/><N who="3" m="51591" /><G36/><T79/><D112/><U53/><E97/><V66/><F37/><W10/><G10/><T94/><D128/><U42/><REACH who="1" step="1"/><E90/><REACH who="1" ten="145,363,227,255" step="2"/><V40/><F66/><W85/><G67/><T73/><D116/><U126/><E126/><V8/><F68/><W11/><G96/><T92/><D119/><U56/><E56/><V31/><F70/><W77/><G59/><T93/><D98/><U13/><E13/><V24/><F71/><W105/><G100/><T2/><D7/><U129/><E129/><V55/><F12/><W132/><G132/><T115/><D6/><U88/><E88/><V54/><F38/><W16/><G77/><T118/><D79/><U65/><E65/><V114/><F114/><W130/><G130/><T120/><D115/><U121/><E121/><V20/><F24/><W131/><G131/><T113/><D113/><U28/><E28/><V23/><F30/><W102/><G102/><T107/><D120/><U1/><E1/><V14/><F31/><W50/><G16/><T57/><D2/><U103/><E103/><V101/><F101/><W46/><G105/><T27/><D107/><U33/><E33/><V69/><F69/><W87/><G45/><T26/><D118/><U62/><E62/><RYUUKYOKU ba="0,1" sc="145,-10,363,30,227,-10,255,-10" hai1="25,29,34,42,44,48,53,75,76,81,109,110,111" />
</Scene>
<Scene>
<INIT seed="5,1,1,1,3,132" ten="135,393,217,245" oya="1" hai0="99,2,129,21,130,73,17,18,135,126,91,67,122" hai1="60,123,89,83,29,82,55,112,7,14,62,79,20" hai2="134,4,8,37,72,85,116,110,10,56,45,94,119" hai3="115,42,103,78,90,59,28,84,61,76,114,86,104"/><U118/><E123/><V52/><F72/><W69/><G69/><T27/><D73/><U64/><E118/><V46/><F110/><W36/><G28/><T65/><D2/><U120/><E120/><V108/><F108/><W53/><G104/><T33/><D33/><U38/><E38/><V71/><F71/><W51/><G103/><T15/><D122/><U109/><E109/><V105/><F105/><W16/><G36/><T50/><D50/><U124/><E112/><N who="3" m="43050" /><G86/><T31/><D135/><U24/><E55/><V22/><F134/><W63/><G16/><N who="0" m="6251" /><D15/><U23/><E89/><V125/><F37/><W12/><G12/><T26/><D26/><U80/><E79/><N who="3" m="30250" /><G42/><T48/><D48/><U58/><E62/><V81/><F85/><W40/><G40/><T87/><D99/><U88/><E88/><V6/><F6/><W9/><G9/><T41/><D41/><U66/><E20/><V11/><F4/><W101/><G101/><T75/><D75/><U57/><E14/><V34/><F22/><W106/><G106/><T0/><D0/><U111/><E7/><V121/><F8/><W97/><G97/><T127/><D91/><U3/><E3/><V70/><F10/><W25/><G25/><T96/><D96/><U117/><E111/><V113/><F11/><W98/><G98/><T100/><D100/><U128/><E29/><V43/><F70/><W95/><AGARI ba="1,1" hai="51,53,59,61,63,84,90,95" m="30250,43050" machi="95" ten="30,1100,0" yaku="15,1" doraHai="132" who="3" fromWho="3" sc="135,-4,393,-6,217,-4,245,24" />
</Scene>
<Scene>
<INIT seed="6,0,0,2,3,18" ten="131,387,213,269" oya="2" hai0="89,85,53,100,112,90,114,33,29,28,115,101,76" hai1="131,121,60,135,8,58,83,95,133,22,61,63,31" hai2="17,109,46,9,42,43,13,98,77,72,110,117,27" hai3="47,55,123,48,32,5,103,57,4,130,40,73,102"/><V129/><F117/><W64/><G123/><T37/><D37/><U113/><E121/><V7/><F129/><W107/><G32/><T93/><D33/><U71/><E71/><V125/><F125/><W80/><G130/><T108/><D108/><N who="2" m="41578" /><F98/><W41/><G73/><T56/><D76/><U21/><E131/><V26/><F7/><N who="3" m="2635" /><G107/><T16/><D89/><U52/><E113/><V67/><F67/><W19/><G80/><T87/><D87/><U86/><E95/><V127/><F127/><W74/><G74/><T70/><D70/><U96/><E8/><V24/><F46/><W88/><G88/><N who="0" m="53391" /><D100/><N who="3" m="38441" /><G19/><T75/><D101/><U20/><E31/><N who="0" m="11849" /><D90/><N who="1" m="51551" /><E96/><V39/><F39/><W92/><G92/><T134/><D75/><U126/><E126/><V0/><F0/><W122/><G122/><T45/><D45/><U44/><E44/><V68/><F68/><W49/><G64/><T106/><D106/><U51/><E135/><V14/><F77/><W25/><G41/><N who="2" m="15369" /><F72/><W38/><G38/><T3/><D3/><U6/><E133/><V105/><F105/><W94/><G94/><T36/><D36/><U120/><E120/><V128/><F128/><W11/><G40/><T30/><D134/><U84/><E6/><V65/><F65/><W69/><G69/><T99/><D99/><U118/><E118/><V59/><F59/><W97/><G97/><T78/><D78/><U111/><E111/><V119/><F119/><W132/><G132/><T12/><N who="0" m="11857" /><T34/><DORA hai="91" /><D34/><U81/><E84/><V62/><F62/><W79/><G47/><T35/><D35/><RYUUKYOKU ba="0,0" sc="131,-15,387,15,213,15,269,-15" hai1="20,21,22,51,52,58,60,61,63,81" hai2="9,13,14,17,24,26,27" />
</Scene>
<Scene>
<INIT seed="6,1,0,1,1,107" ten="116,402,228,254" oya="2" hai0="129,49,110,28,99,108,23,106,80,65,11,131,69" hai1="135,53,6,16,111,125,121,10,25,88,70,0,14" hai2="115,101,76,24,46,85,117,8,113,96,54,77,63" hai3="35,86,127,64,32,4,92,39,118,21,84,124,18"/><V95/><F117/><W126/><G118/><T103/><D49/><U22/><E121/><V52/><F24/><N who="3" m="14391" /><G39/><T45/><D45/><U50/><E70/><V83/><F8/><W43/><G43/><T29/><D23/><U102/><E111/><N who="0" m="42537" /><D11/><U57/><E135/><V90/><F113/><W78/><G4/><T7/><D7/><U56/><E125/><V41/><F115/><W120/><G120/><T62/><D28/><U33/><E102/><V105/><F76/><W114/><G114/><T82/><D29/><N who="1" m="19631" /><E88/><V12/><F12/><W75/><G64/><T100/><D100/><U61/><E61/><V112/><F63/><W13/><G13/><T58/><D58/><AGARI ba="1,0" hai="0,6,10,14,16,22,50,53,56,57,58" m="19631" machi="58" ten="30,2000,0" yaku="24,1,54,1" doraHai="107" who="1" fromWho="0" sc="116,-23,402,23,228,0,254,0" />
</Scene>
<Scene>
<INIT seed="7,0,0,4,4,37" ten="93,425,228,254" oya="3" hai0="71,116,4,106,67,26,14,33,25,2,128,134,48" hai1="114,9,36,84,64,75,29,124,95,39,60,61,113" hai2="90,110,52,93,72,17,111,18,87,65,102,123,58" hai3="125,70,80,98,34,120,115,68,104,92,16,109,121"/><W99/><G34/><T132/><D106/><U97/><E75/><V119/><F72/><W11/><G104/><T74/><D74/><U103/><E124/><V86/><F119/><W47/><G80/><T62/><D48/><U32/><E61/><V69/><F123/><W45/><G125/><T85/><D85/><U22/><E32/><V118/><F118/><W56/><G56/><T0/><D14/><U3/><E84/><V42/><F86/><W78/><G78/><T40/><D116/><U81/><E81/><V19/><F102/><W133/><G133/><T88/><D88/><U131/><E131/><V135/><F135/><W12/><G109/><T83/><D26/><N who="1" m="16599" /><E9/><V28/><F28/><W41/><G11/><T107/><D128/><U6/><E6/><V101/><F101/><W57/><G70/><T38/><D107/><U49/><E49/><V122/><F122/><W100/><G68/><T44/><D83/><U50/><E50/><V79/><F69/><W54/><G100/><T73/><D73/><U23/><E23/><V7/><F7/><W53/><G121/><T31/><D134/><U20/><E20/><V63/><F90/><W46/><G120/><T82/><D132/><U21/><E21/><V76/><F79/><W30/><G30/><T105/><D105/><U51/><E51/><V117/><F76/><W112/><G46/><T35/><D82/><U91/><E3/><N who="0" m="1065" /><D4/><U27/><E103/><V24/><F110/><W89/><G47/><T129/><D129/><U66/><E39/><V77/><F111/><W130/><G130/><T10/><D35/><RYUUKYOKU ba="0,0" sc="93,30,425,-10,228,-10,254,-10" hai0="10,25,31,33,38,40,44,62,67,71" owari="123,-38.0,415,52.0,218,-18.0,244,4.0" />
</Scene>
</mjloggm>