<mjloggm ver="2.3"><GO type="169" lobby="0"/><UN n0="%E5%8E%9F%E4%BA%BA%E3%81%A1%E3%82%83%E3%82%93" n1="%E5%8D%97%E5%9B%BD%E9%9B%80" n2="%E5%A4%AA%E3%81%8F%E3%81%AA%E3%81%84%E3%81%8A" n3="%E3%81%99%E3%81%9F%E3%81%A1%E3%81%AA%2E" dan="16,16,18,17" rate="2111.53,2135.78,2166.69,2086.91" sx="M,M,F,M"/><TAIKYOKU oya="0"/>

<Scene>
<INIT seed="0,0,0,2,1,21" ten="250,250,250,250" oya="0" hai0="37,122,89,50,67,94,15,32,36,116,102,10,88" hai1="53,105,98,70,7,74,1,31,61,11,113,97,80" hai2="78,99,30,81,128,111,79,95,85,2,22,132,62" hai3="33,112,114,117,46,59,68,6,96,9,131,42,75"/><T51/><D122/><U90/><E113/><V76/><F2/><W129/><G68/><T27/><D116/><U39/><E39/><V8/><F111/><W34/><G117/><T19/><D37/><U38/><E38/><V29/><F128/><N who="3" m="49227" /><G59/><T18/><D36/><U110/><E110/><V44/><F132/><W60/><G60/><T106/><D106/><U65/><E31/><V52/><F8/><W3/><G75/><T108/><D108/><U20/><E20/><V23/><F23/><W69/><G69/><T121/><D121/><U103/><E53/><V12/><F12/><W4/><G4/><T49/><D67/><U115/><E115/><N who="3" m="44074" /><G96/><N who="0" m="59671" /><D32/><U104/><E97/><V40/><F22/><AGARI ba="0,0" hai="10,15,18,19,22,27,49,50,51,88,89" m="59671" machi="22" ten="30,5800,0" yaku="8,1,52,1,54,1" doraHai="21" who="0" fromWho="2" sc="250,58,250,0,250,-58,250,0" />
</Scene>
<Scene>
<INIT seed="0,1,0,0,1,73" ten="308,250,192,250" oya="0" hai0="135,60,33,105,74,132,35,95,63,123,130,32,11" hai1="51,119,8,16,75,18,53,47,21,54,118,67,68" hai2="9,61,78,66,23,116,97,45,83,34,4,24,100" hai3="2,124,81,59,5,91,77,88,107,38,70,103,3"/><T76/><D123/><U44/><E75/><V131/><F131/><W102/><G70/><T122/><D105/><U93/><E68/><V96/><F116/><W37/><G124/><T0/><D122/><U92/><E67/><V43/><F34/><W26/><G26/><T98/><D130/><U40/><E8/><V42/><F9/><W52/><G5/><T111/><D111/><U109/><E109/><V17/><F4/><W64/><G64/><T13/><D0/><U128/><E128/><V28/><F17/><W12/><G12/><T15/><D15/><U71/><E71/><V46/><F46/><W127/><G127/><T39/><D39/><U121/><E121/><V113/><F113/><W14/><G14/><T104/><D104/><U129/><E129/><V1/><F1/><W87/><G3/><T49/><D49/><U30/><E51/><V80/><F80/><W134/><G134/><N who="0" m="51243" /><D76/><U94/><E40/><V57/><F45/><W117/><G2/><T19/><D74/><U115/><E115/><V90/><F90/><AGARI ba="1,0" hai="11,13,19,32,33,35,60,63,90,95,98" m="51243" machi="90" ten="40,2000,0" yaku="20,1" doraHai="73" who="0" fromWho="2" sc="308,23,250,0,192,-23,250,0" />
</Scene>
<Scene>
<INIT seed="0,2,0,3,4,18" ten="331,250,169,250" oya="0" hai0="48,29,6,53,69,92,79,31,17,74,46,71,34" hai1="7,1,36,83,131,128,125,61,59,108,87,81,116" hai2="113,55,72,130,67,106,9,30,95,126,110,133,100" hai3="47,90,45,91,118,40,84,105,16,76,86,23,85"/><T101/><D6/><U99/><E116/><V14/><F113/><W63/><G105/><T39/><D39/><U120/><E120/><V21/><F72/><W42/><G118/><T64/><D79/><U41/><E108/><V43/><F110/><W19/><G63/><T27/><D74/><U111/><E111/><V115/><F115/><W124/><G124/><T82/><D82/><U49/><E125/><V97/><F126/><W13/><G76/><T10/><D31/><U22/><E36/><V109/><F109/><W24/><G47/><T60/><D101/><U2/><E99/><V35/><F130/><N who="1" m="49705" /><E83/><V123/><F123/><W15/><G24/><T51/><D92/><U65/><E7/><V12/><F133/><W132/><G132/><T98/><D98/><U78/><E22/><V119/><F21/><N who="3" m="11407" /><G45/><AGARI ba="2,0" hai="1,2,41,45,49,59,61,65,78,81,87" m="49705" machi="45" ten="30,1000,0" yaku="19,1" doraHai="18" who="1" fromWho="3" sc="331,0,250,16,169,0,250,-16" />
</Scene>
<Scene>
<INIT seed="1,0,0,2,1,39" ten="331,266,169,234" oya="1" hai0="7,34,43,24,37,63,78,6,26,3,28,118,122" hai1="113,86,95,27,126,85,89,112,111,97,99,81,50" hai2="73,91,130,119,30,74,17,84,22,15,31,46,1" hai3="12,52,68,133,33,10,40,100,67,2,125,23,127"/><U69/><E69/><V83/><F119/><W42/><G33/><T135/><D118/><U104/><E27/><V108/><F1/><W82/><G100/><T61/><D135/><U71/><E71/><V121/><F121/><W62/><G133/><T35/><D122/><U76/><E50/><V102/><F108/><W107/><G107/><T115/><D115/><U98/><E111/><V51/><F130/><W45/><G2/><T116/><D116/><U128/><E128/><V54/><REACH who="2" step="1"/><F102/><REACH who="2" ten="331,266,159,234" step="2"/><W106/><G125/><T79/><D3/><U58/><E126/><V72/><AGARI ba="0,1" hai="15,17,22,30,31,46,51,54,72,73,74,83,84,91" machi="72" ten="30,4000,0" yaku="1,1,2,1,0,1,53,0" doraHai="39" doraHaiUra="57" who="2" fromWho="2" sc="331,-10,266,-20,159,50,234,-10" />
</Scene>
<Scene>
<INIT seed="2,0,0,4,5,99" ten="321,246,209,224" oya="2" hai0="43,1,78,3,26,97,15,131,14,8,75,118,58" hai1="63,6,91,113,128,123,31,72,117,44,124,64,21" hai2="33,18,127,23,111,125,120,107,35,53,29,104,40" hai3="126,57,54,45,102,81,132,49,80,7,94,116,20"/><V51/><F120/><W98/><G116/><T65/><D131/><U46/><E117/><V42/><F29/><W36/><G132/><T5/><D118/><U70/><E113/><V28/><F28/><W122/><G122/><T41/><D26/><U93/><E123/><V86/><F86/><W92/><G126/><N who="2" m="48137" /><F42/><W38/><G7/><T135/><D135/><U85/><E124/><V27/><F40/><W95/><G20/><T112/><D41/><U9/><E72/><V55/><F111/><W110/><G110/><T121/><D43/><U0/><REACH who="1" step="1"/><E128/><REACH who="1" ten="321,236,209,224" step="2"/><V17/><F35/><W134/><G134/><T105/><D75/><U4/><E4/><V59/><F33/><W74/><G74/><T11/><D5/><U77/><E77/><V71/><F71/><W83/><G36/><T84/><D78/><U19/><E19/><V101/><F18/><W79/><G79/><T13/><D121/><U22/><E22/><V52/><F107/><W68/><G68/><T47/><D105/><U82/><E82/><V130/><F130/><W115/><G115/><T60/><D112/><U73/><E73/><V10/><F10/><W106/><G38/><T129/><D11/><U32/><E32/><V76/><F76/><W50/><G106/><T90/><D8/><U12/><E12/><V62/><F51/><W61/><G50/><T30/><D129/><U69/><E69/><V34/><F34/><W39/><G39/><T16/><D16/><U56/><E56/><V24/><F24/><AGARI ba="0,1" hai="0,6,9,21,24,31,44,46,63,64,70,85,91,93" machi="24" ten="40,1300,0" yaku="1,1,53,0" doraHai="99" doraHaiUra="100" who="1" fromWho="2" sc="321,0,236,23,209,-13,224,0" />
</Scene>
<Scene>
<INIT seed="3,0,0,4,4,104" ten="321,259,196,224" oya="3" hai0="0,115,92,50,135,72,73,57,21,82,38,89,69" hai1="54,28,17,39,36,67,14,4,124,3,85,105,99" hai2="9,118,15,130,66,127,7,74,113,90,94,122,91" hai3="107,81,86,20,62,41,108,22,131,125,109,51,11"/><W97/><G62/><T75/><D38/><U121/><E121/><V119/><F113/><W32/><G32/><T23/><D69/><U19/><E28/><V116/><F122/><W110/><G11/><T44/><D0/><U134/><E67/><V102/><F127/><W49/><G131/><T2/><D2/><U114/><E114/><V84/><F130/><W24/><G125/><T101/><D115/><U8/><E124/><V64/><F102/><N who="3" m="62927" /><G41/><T58/><D135/><U71/><E134/><V1/><F1/><W16/><G22/><T42/><D82/><U48/><E71/><V111/><F111/><W43/><G43/><T120/><D101/><U60/><E60/><V80/><REACH who="2" step="1"/><F91/><AGARI ba="0,0" hai="16,20,24,49,51,81,86,91,108,109,110" m="62927" machi="91" ten="30,5800,0" yaku="14,1,10,1,54,1" doraHai="104" who="3" fromWho="2" sc="321,0,259,0,196,-58,224,58" />
</Scene>
<Scene>
<INIT seed="3,1,0,5,5,58" ten="321,259,138,282" oya="3" hai0="38,6,57,2,46,7,37,17,18,121,15,50,104" hai1="122,72,106,95,39,70,19,83,1,8,33,123,41" hai2="66,44,118,73,9,119,12,81,79,105,88,63,74" hai3="134,20,69,32,61,107,25,48,30,85,29,71,60"/><W47/><G107/><T126/><D121/><U26/><E106/><V54/><F105/><W130/><G130/><T132/><D2/><U112/><E112/><V101/><F101/><W97/><G134/><T64/><D132/><U68/><E95/><V21/><F21/><W40/><G97/><T98/><D126/><U76/><E122/><V36/><F74/><W13/><G85/><T67/><D104/><U127/><E127/><V78/><F78/><W59/><G13/><T10/><D38/><U124/><E124/><V87/><F36/><W96/><G96/><T4/><D37/><U24/><E24/><V14/><F44/><W90/><G90/><T129/><D129/><U86/><E86/><V82/><F54/><W91/><G91/><T128/><D128/><U133/><E133/><V49/><F49/><W117/><G117/><T22/><D98/><U0/><E19/><V28/><F28/><W65/><G32/><T27/><REACH who="0" step="1"/><D57/><REACH who="0" ten="311,259,138,282" step="2"/><U80/><E1/><V116/><REACH who="2" step="1"/><F9/><REACH who="2" ten="311,259,128,282" step="2"/><W51/><G47/><T84/><D84/><N who="1" m="48135" /><E123/><V11/><F11/><W113/><G113/><T125/><D125/><U131/><E131/><V5/><F5/><W115/><G115/><T3/><D3/><U42/><E39/><V16/><F16/><W55/><G30/><T52/><AGARI ba="1,2" hai="4,6,7,10,15,17,18,22,27,46,50,52,64,67" machi="52" ten="30,12000,2" yaku="1,1,0,1,8,1,54,1,53,2" doraHai="58" doraHaiUra="62" who="0" fromWho="0" sc="311,143,259,-31,128,-31,282,-61" />
</Scene>
<Scene>
<INIT seed="4,0,0,0,5,89" ten="454,228,97,221" oya="0" hai0="34,133,126,101,20,106,84,90,10,120,43,69,47" hai1="66,111,44,3,83,9,113,116,49,42,105,99,26" hai2="74,54,70,35,92,91,115,38,62,128,19,52,12" hai3="95,94,8,30,100,24,11,61,0,119,41,131,81"/><T64/><D120/><U78/><E116/><V56/><F74/><W75/><G119/><T127/><D34/><U135/><E111/><V53/><F35/><W58/><G0/><T23/><D133/><U14/><E135/><V57/><F38/><W132/><G132/><T102/><D10/><N who="3" m="3625" /><G75/><T63/><D23/><U88/><E3/><V60/><F115/><W85/><G131/><T27/><D106/><U6/><E66/><V28/><F128/><W124/><G124/><N who="0" m="47659" /><D20/><U67/><E67/><N who="2" m="39311" /><F28/><W50/><G100/><T59/><D27/><U79/><E113/><V112/><F70/><W2/><G2/><T22/><D22/><U96/><E105/><V29/><F29/><W1/><G1/><T110/><D69/><U114/><E26/><V40/><F112/><W51/><G24/><T55/><D64/><U13/><E13/><V36/><F12/><W46/><G30/><T73/><D73/><U48/><E114/><V86/><F19/><W31/><G31/><T109/><D102/><U32/><E32/><V107/><F107/><W5/><G5/><T45/><D101/><U33/><E33/><V39/><F39/><W18/><G18/><T121/><D121/><U118/><E118/><V130/><F130/><W77/><G50/><N who="0" m="26943" /><D47/><U80/><E49/><V97/><F36/><W76/><G76/><T93/><AGARI ba="0,0" hai="55,59,63,84,90,93,109,110" m="26943,47659" machi="93" ten="30,3000,0" yaku="18,1,52,1" doraHai="89" who="0" fromWho="0" sc="454,30,228,-10,97,-10,221,-10" />
</Scene>
<Scene>
<INIT seed="4,1,0,5,0,100" ten="484,218,87,211" oya="0" hai0="99,106,104,31,36,28,44,114,101,9,40,59,95" hai1="126,97,65,25,7,122,32,121,132,54,88,57,26" hai2="73,123,37,105,20,42,118,52,83,134,71,24,127" hai3="119,61,17,128,19,70,111,75,129,29,2,117,116"/><T30/><D114/><U130/><E132/><V13/><F123/><W0/><G75/><T50/><D9/><U133/><E133/><V23/><F134/><W62/><G70/><T68/><D68/><U112/><E65/><V86/><F71/><W21/><G111/><T87/><D87/><U80/><E112/><V53/><F73/><W107/><G29/><T35/><D35/><U3/><E130/><N who="3" m="50282" /><G107/><T103/><D103/><U1/><E126/><V64/><F64/><W46/><G46/><T135/><D135/><U11/><E3/><N who="3" m="1066" /><G21/><T43/><D43/><U124/><E124/><V56/><F127/><W115/><G115/><T82/><D82/><U98/><E122/><V22/><F118/><W81/><G81/><T33/><D33/><U109/><E109/><V90/><F105/><W89/><G89/><T10/><D10/><U74/><E74/><V113/><F113/><W66/><G66/><T34/><D34/><U76/><E76/><V45/><F13/><W47/><G47/><T92/><D92/><U63/><E121/><V78/><F78/><W60/><AGARI ba="1,0" hai="17,19,60,61,62,116,117,119" m="1066,50282" machi="60" ten="50,6400,0" yaku="28,2,19,1" doraHai="100" who="3" fromWho="3" sc="484,-33,218,-17,87,-17,211,67" />
</Scene>
<Scene>
<INIT seed="5,0,0,1,5,105" ten="451,201,70,278" oya="1" hai0="38,126,109,46,13,58,45,36,96,114,7,75,122" hai1="103,117,102,32,79,83,128,57,29,95,62,101,72" hai2="68,60,21,48,80,0,4,107,85,121,12,41,123" hai3="43,111,135,5,53,77,35,130,120,61,90,44,127"/><U3/><E3/><V86/><F107/><W28/><G77/><T47/><D109/><U40/><E117/><V1/><F68/><W17/><G5/><T33/><D33/><U74/><E74/><V34/><F34/><W2/><G2/><T71/><D75/><U11/><E128/><V55/><F60/><W98/><G111/><T78/><D78/><U118/><E118/><V10/><F86/><W31/><G120/><T116/><D96/><U82/><E82/><V59/><F1/><W92/><G127/><T87/><D87/><U23/><E32/><V65/><F65/><W112/><G112/><T63/><D13/><U9/><E40/><V8/><F21/><W70/><G135/><T37/><D7/><U51/><E51/><V100/><F100/><W94/><G70/><T6/><D6/><U49/><E49/><V19/><REACH who="2" step="1"/><F41/><REACH who="2" ten="451,201,60,278" step="2"/><W84/><G35/><T93/><D71/><U97/><E103/><V133/><F133/><W89/><G43/><T99/><D116/><U76/><E102/><V115/><F115/><W69/><G69/><T88/><D114/><U39/><E79/><AGARI ba="0,1" hai="0,4,8,10,12,19,48,55,59,79,80,85,121,123" machi="79" ten="30,2000,0" yaku="1,1,7,1,53,0" doraHai="105" doraHaiUra="16" who="2" fromWho="1" sc="451,0,201,-20,60,30,278,0" />
</Scene>
<Scene>
<INIT seed="6,0,0,0,0,27" ten="451,181,90,278" oya="2" hai0="120,41,40,97,122,106,29,43,22,60,89,72,70" hai1="20,55,79,66,39,77,13,71,123,111,119,2,33" hai2="28,96,117,30,6,75,16,83,99,58,44,109,132" hai3="73,127,91,133,82,18,84,54,86,115,74,36,67"/><V85/><F117/><W56/><G36/><T11/><D72/><U92/><E111/><V35/><F35/><W63/><G133/><T31/><D11/><U93/><E119/><V37/><F75/><W0/><G0/><T118/><D118/><U112/><E33/><V100/><F6/><W49/><G127/><T62/><D120/><U7/><E39/><V17/><F132/><W46/><G115/><T53/><D70/><U114/><E123/><V116/><F116/><W87/><G18/><N who="2" m="7273" /><F37/><W48/><G87/><T88/><D106/><U57/><E2/><V4/><F109/><W80/><G48/><T12/><D12/><U130/><E71/><V68/><F68/><W50/><G49/><T1/><D1/><U3/><E7/><V8/><F44/><W61/><G61/><N who="0" m="23659" /><D22/><U90/><E3/><V59/><F8/><W98/><G98/><N who="2" m="37417" /><F100/><W51/><G51/><T95/><D122/><U23/><E112/><V24/><F4/><W126/><G126/><T10/><D10/><U81/><E23/><N who="2" m="15391" /><F30/><N who="0" m="11274" /><D53/><U107/><E20/><V110/><F110/><W135/><G135/><T25/><D25/><U32/><E107/><V101/><F101/><AGARI ba="0,0" hai="40,41,43,88,89,95,97,101" m="11274,23659" machi="101" ten="30,8000,1" yaku="8,1,52,3,54,1" doraHai="27" who="0" fromWho="2" sc="451,80,181,0,90,-80,278,0" />
</Scene>
<Scene>
<INIT seed="7,0,0,5,3,110" ten="531,181,10,278" oya="3" hai0="79,56,21,12,134,64,39,50,108,46,15,112,34" hai1="7,43,122,13,25,18,29,66,111,54,89,132,38" hai2="86,92,126,125,131,65,0,75,133,22,116,57,9" hai3="74,33,71,63,41,61,101,128,77,127,81,103,67"/><W23/><G33/><T119/><D112/><U78/><E111/><V31/><F57/><W80/><G128/><T130/><D34/><U107/><E122/><V120/><F65/><W115/><G115/><T84/><D39/><U1/><E66/><V118/><F92/><W68/><G127/><T88/><D108/><U85/><E107/><V40/><F86/><W90/><G41/><T5/><D56/><U32/><E132/><V16/><F40/><W93/><G23/><T135/><D64/><U62/><E78/><V14/><F75/><W99/><G68/><T96/><D79/><U20/><E38/><V17/><F133/><W26/><G26/><T97/><D21/><U49/><E43/><V98/><F98/><W72/><G63/><T123/><D97/><U102/><E102/><V19/><F0/><W69/><G69/><T47/><D96/><U37/><E37/><V10/><F131/><W30/><G30/><T104/><D104/><U106/><E106/><V91/><F91/><W8/><G8/><T113/><D88/><U109/><E62/><V114/><F120/><W4/><G4/><T51/><D113/><U129/><E109/><V36/><F36/><W3/><G3/><T27/><D5/><U124/><E129/><V45/><F45/><W76/><AGARI ba="0,0" hai="61,67,71,72,74,76,77,80,81,90,93,99,101,103" machi="76" ten="30,3000,0" yaku="0,1,9,1" doraHai="110" who="3" fromWho="3" sc="531,-10,181,-10,10,-10,278,30" />
</Scene>
<Scene>
<INIT seed="7,1,0,2,5,117" ten="521,171,0,308" oya="3" hai0="127,59,36,84,92,121,56,83,79,60,93,85,30" hai1="77,27,112,16,134,74,43,63,70,87,88,135,9" hai2="14,86,105,41,23,39,45,122,76,95,2,69,31" hai3="42,78,52,48,4,107,128,17,18,73,75,29,49"/><W104/><G4/><T65/><D121/><U20/><E43/><V40/><F105/><W102/><G29/><T19/><D36/><U5/><E77/><V44/><F2/><W35/><G35/><T103/><D30/><U132/><E74/><V116/><F116/><W82/><G128/><T51/><D127/><U47/><E47/><V72/><F69/><W50/><G75/><T55/><D103/><U106/><E106/><V99/><F72/><W33/><G33/><T26/><D85/><U13/><E70/><V57/><F57/><W54/><G42/><T97/><D97/><U96/><E96/><V58/><F58/><W94/><G104/><T66/><D66/><U7/><E63/><V68/><F68/><W71/><G71/><T113/><D113/><U89/><E7/><V22/><F31/><W125/><G125/><T120/><D120/><U111/><E111/><V24/><F24/><W61/><G107/><T38/><D38/><U8/><E8/><V129/><F129/><W119/><G119/><T81/><D81/><U109/><E109/><V3/><F3/><W25/><G61/><T12/><D26/><U11/><E11/><AGARI ba="1,0" hai="11,12,19,51,55,56,59,60,65,79,83,84,92,93" machi="11" ten="30,2000,0" yaku="7,1,8,1" doraHai="117" who="0" fromWho="1" sc="521,23,171,-23,0,0,308,0" owari="544,64.0,148,-25.0,0,-50.0,308,11.0" />
</Scene>
</mjloggm>