<mjloggm ver="2.3"><GO type="169" lobby="0"/><UN n0="%61%6D%65%64%69%6F" n1="%E9%B7%B9%EF%BC%93" n2="%E6%AF%94%E5%98%89%E7%A7%80%E4%BB%81" n3="%E5%A4%AA%E3%81%8F%E3%81%AA%E3%81%84%E3%81%8A" dan="16,16,18,18" rate="2131.46,2046.55,2175.58,2222.58" sx="M,M,M,F"/><TAIKYOKU oya="0"/>

<Scene>
<INIT seed="0,0,0,2,1,113" ten="250,250,250,250" oya="0" hai0="92,133,117,94,30,0,105,19,89,50,29,1,81" hai1="11,77,123,63,40,131,42,44,51,21,52,78,72" hai2="36,2,87,9,106,91,53,122,22,130,115,95,31" hai3="124,68,132,74,101,56,41,13,99,71,66,14,55"/><T134/><D105/><U121/><E131/><V88/><F122/><W79/><G132/><T80/><D50/><U64/><E21/><V82/><F106/><W60/><G124/><T15/><D15/><U67/><E67/><V135/><F36/><W59/><G41/><T61/><D89/><U39/><E40/><V26/><F115/><W62/><G74/><T32/><D19/><U84/><E72/><V127/><F127/><W102/><G79/><T107/><D107/><U90/><E11/><V24/><F135/><W103/><REACH who="3" step="1"/><G99/><REACH who="3" ten="250,250,250,240" step="2"/><T100/><D32/><U114/><E78/><V33/><F130/><W10/><G10/><T45/><D45/><U126/><E77/><V12/><F9/><W110/><G110/><T86/><D86/><U34/><E126/><V96/><F2/><W129/><G129/><T85/><D85/><U23/><E114/><V104/><F87/><W108/><G108/><T4/><D4/><U7/><E7/><V118/><F82/><W48/><G48/><T46/><D46/><U111/><E44/><V49/><F49/><W18/><G18/><T98/><D98/><U54/><E51/><V69/><F96/><W93/><G93/><T128/><D128/><U112/><E84/><V38/><F95/><W43/><G43/><T83/><D83/><U116/><E123/><V6/><F104/><W16/><G16/><T70/><D61/><U120/><E121/><V17/><F38/><W35/><G35/><T20/><D20/><U125/><E120/><V37/><F37/><W65/><G65/><T47/><D47/><U73/><E23/><RYUUKYOKU ba="0,1" sc="250,-10,250,-10,250,-10,240,30" hai3="13,14,55,56,59,60,62,66,68,71,101,102,103" />
</Scene>
<Scene>
<INIT seed="1,1,1,4,5,130" ten="240,240,240,270" oya="1" hai0="61,99,11,123,91,2,4,54,65,115,80,58,79" hai1="15,52,131,35,37,74,118,12,69,106,63,84,96" hai2="108,134,83,38,81,14,86,42,132,53,101,116,8" hai3="109,72,1,46,88,32,9,135,13,25,111,93,60"/><U31/><E118/><V89/><F116/><W56/><G72/><T94/><D115/><U44/><E131/><V39/><F108/><N who="3" m="41547" /><G1/><T21/><D123/><U78/><E74/><V87/><F101/><W117/><G46/><T70/><D70/><U36/><E78/><V3/><F3/><W41/><G41/><T95/><D95/><U125/><E84/><V20/><F20/><W82/><G82/><T71/><D71/><U33/><E125/><V128/><F53/><N who="3" m="33807" /><G117/><T57/><D57/><U92/><E69/><V22/><F22/><W55/><G55/><T0/><D0/><U62/><E106/><V17/><F128/><W23/><G32/><T127/><D127/><U66/><E52/><V43/><F43/><W100/><G100/><T105/><D105/><U121/><E121/><V34/><F34/><W68/><G68/><T47/><D47/><U51/><E44/><V50/><F50/><W114/><G114/><T28/><D80/><U29/><E51/><V129/><F129/><W110/><G110/><T40/><D40/><U48/><E48/><V59/><F59/><W5/><G23/><T133/><D79/><U45/><E45/><V103/><F103/><W85/><G25/><N who="0" m="16431" /><D54/><U126/><E126/><V122/><F122/><W24/><G24/><T67/><D67/><U10/><E66/><V90/><F42/><W104/><G104/><T30/><D30/><U77/><E77/><V6/><F6/><W119/><G119/><T124/><D124/><U113/><E113/><V18/><F18/><W73/><G73/><T112/><D112/><U26/><E31/><RYUUKYOKU ba="1,1" sc="240,10,240,-30,240,10,270,10" hai0="2,4,11,58,61,65,91,94,99,133" hai2="8,14,17,38,39,81,83,86,87,89,90,132,134" hai3="5,9,13,85,88,93,135" />
</Scene>
<Scene>
<INIT seed="2,2,1,4,3,84" ten="250,210,250,280" oya="2" hai0="74,53,120,52,11,4,40,56,67,91,24,86,112" hai1="88,23,57,8,115,34,135,77,105,63,68,118,10" hai2="36,39,42,107,13,17,73,5,38,98,116,2,117" hai3="66,16,27,47,18,61,131,132,51,103,26,44,28"/><V106/><F73/><W58/><G131/><T45/><D74/><U1/><E118/><V128/><F42/><W93/><G132/><T46/><D112/><U108/><E135/><V19/><F128/><W113/><G113/><T71/><D120/><U123/><E105/><V30/><F30/><W101/><G47/><T83/><D71/><U80/><E34/><V110/><F110/><W109/><G109/><T102/><D102/><N who="3" m="38921" /><G93/><T49/><D24/><N who="3" m="9257" /><G28/><T72/><D72/><U75/><E68/><V69/><F69/><W50/><G50/><T114/><D114/><U79/><E108/><V9/><F19/><W82/><G82/><T15/><D46/><U55/><E115/><V7/><F7/><W125/><G125/><T65/><REACH who="0" step="1"/><D53/><AGARI ba="2,1" hai="16,18,44,51,53,58,61,66" m="9257,38921" machi="53" ten="30,2000,0" yaku="8,1,54,1" doraHai="84" who="3" fromWho="0" sc="250,-26,210,0,250,0,280,36" />
</Scene>
<Scene>
<INIT seed="3,0,0,4,5,22" ten="224,210,250,316" oya="3" hai0="74,114,96,41,36,102,90,42,27,121,5,30,130" hai1="4,47,16,20,85,79,131,63,33,2,66,52,38" hai2="21,123,133,31,91,77,71,53,100,106,110,50,14" hai3="61,26,9,8,62,65,97,98,78,37,56,84,86"/><W127/><G37/><T120/><D74/><U83/><E131/><V132/><F123/><W128/><G128/><T89/><D130/><U112/><E112/><V124/><F71/><W40/><G127/><T118/><D118/><U87/><E33/><V46/><F124/><W6/><G40/><T24/><D114/><U81/><E2/><V129/><F110/><W43/><G43/><N who="0" m="16395" /><D36/><U35/><E35/><V70/><F70/><W10/><G6/><T23/><D5/><U122/><E38/><V49/><F77/><W95/><G62/><T116/><D116/><U101/><E4/><V57/><F129/><W54/><G65/><T105/><D105/><U51/><E101/><V80/><F100/><W113/><G113/><T25/><D121/><U111/><E111/><V60/><F106/><W68/><G68/><T104/><D104/><U92/><E92/><V119/><F119/><W19/><G78/><T7/><D7/><U72/><E122/><V103/><F103/><N who="3" m="60863" /><G98/><T107/><D107/><U108/><E108/><V69/><F69/><W125/><G125/><T135/><D135/><U48/><E48/><V11/><F50/><W39/><G39/><T17/><D120/><U12/><E83/><V0/><F0/><W59/><G59/><AGARI ba="0,0" hai="12,16,20,47,51,52,59,63,66,72,79,81,85,87" machi="59" ten="30,3900,0" yaku="7,1,54,2" doraHai="22" who="1" fromWho="3" sc="224,0,210,39,250,0,316,-39" />
</Scene>
<Scene>
<INIT seed="4,0,0,0,1,35" ten="224,249,250,277" oya="0" hai0="123,88,68,129,27,83,104,92,124,54,126,11,132" hai1="26,131,45,25,128,101,95,125,69,86,30,75,22" hai2="134,71,99,34,31,115,79,43,57,3,80,36,122" hai3="82,74,16,105,40,98,0,78,90,94,106,24,7"/><T70/><D104/><U62/><E75/><V55/><F122/><W15/><G24/><T20/><D123/><U114/><E125/><N who="0" m="48233" /><D83/><U89/><E45/><V96/><F71/><W44/><G7/><T67/><D67/><N who="1" m="41207" /><E25/><V5/><F31/><W87/><G0/><T19/><D129/><N who="1" m="49739" /><E101/><V103/><F34/><W111/><G111/><T2/><D54/><U14/><E14/><V28/><F134/><W59/><G59/><T135/><D70/><U39/><E39/><V110/><F115/><AGARI ba="0,0" hai="22,26,30,86,89,95,114,115" m="49739,41207" machi="115" ten="30,1000,0" yaku="19,1" doraHai="35" who="1" fromWho="2" sc="224,0,249,10,250,-10,277,0" />
</Scene>
<Scene>
<INIT seed="5,0,0,5,5,128" ten="224,259,240,277" oya="1" hai0="55,23,63,81,27,83,24,121,2,48,30,35,125" hai1="7,26,29,112,96,40,32,33,39,120,44,45,76" hai2="105,47,4,80,119,70,57,6,88,97,36,22,85" hai3="92,118,67,34,84,109,18,62,49,94,134,9,106"/><U135/><E120/><V56/><F70/><W124/><G109/><T77/><D2/><U71/><E71/><V15/><F119/><W3/><G106/><T73/><D121/><U50/><E112/><V53/><F57/><W28/><G118/><T21/><D125/><U46/><E33/><V69/><F69/><W66/><G124/><T90/><D63/><U107/><E76/><V25/><F15/><W117/><G117/><T113/><D113/><U75/><E75/><V104/><F47/><W0/><G49/><T111/><D111/><U52/><E7/><V43/><F43/><W16/><G28/><T51/><D35/><U127/><E127/><V82/><F82/><W115/><G34/><T93/><D81/><U79/><E46/><V74/><F74/><W38/><G38/><T87/><REACH who="0" step="1"/><D55/><REACH who="0" ten="214,259,240,277" step="2"/><U131/><E131/><V41/><F80/><W68/><G62/><T122/><D122/><U72/><E32/><V31/><F53/><W95/><G115/><T126/><D126/><U98/><E52/><V108/><F108/><W58/><G3/><T86/><D86/><U10/><E72/><V114/><F85/><W13/><G0/><T20/><D20/><U110/><E110/><V129/><F22/><W61/><G84/><T65/><D65/><U1/><E1/><V132/><F114/><W99/><G67/><T116/><D116/><U11/><E98/><V12/><F129/><W54/><G99/><T59/><D59/><U100/><E96/><V89/><F56/><W133/><G68/><T103/><D103/><U8/><E100/><V37/><F97/><RYUUKYOKU ba="0,1" sc="214,30,259,-10,240,-10,277,-10" hai0="21,23,24,27,30,48,51,73,77,83,87,90,93" />
</Scene>
<Scene>
<INIT seed="6,1,1,3,2,17" ten="244,249,230,267" oya="2" hai0="55,76,43,104,86,27,33,71,96,91,48,26,90" hai1="63,52,61,35,95,113,133,85,130,100,15,102,110" hai2="54,57,22,18,45,116,47,93,123,79,124,115,29" hai3="108,24,20,34,122,131,118,14,126,13,78,25,105"/><V94/><F123/><W10/><G105/><T106/><D71/><U82/><E35/><V120/><F120/><W44/><G122/><T49/><D104/><U80/><E110/><V40/><F116/><W51/><G108/><T69/><D69/><U101/><E133/><V121/><F121/><W129/><G118/><T125/><D33/><U28/><E130/><N who="3" m="49674" /><G78/><T67/><D67/><U109/><E109/><V0/><F0/><W65/><G65/><T75/><D75/><U127/><E113/><V56/><F115/><W21/><G126/><T46/><D125/><U119/><E127/><V42/><F124/><W8/><G34/><T50/><D106/><U62/><E119/><V99/><F79/><W88/><G88/><N who="0" m="33835" /><D96/><U114/><E28/><V107/><F29/><N who="3" m="17543" /><G10/><T89/><D76/><N who="1" m="46215" /><E82/><V92/><F107/><W16/><G8/><T53/><D43/><AGARI ba="1,1" hai="13,14,16,21,25,43,44,51" m="17543,49674" machi="43" ten="30,7700,0" yaku="19,1,52,2,54,1" doraHai="17" who="3" fromWho="0" sc="244,-80,249,0,230,0,267,90" />
</Scene>
<Scene>
<INIT seed="7,0,0,2,3,50" ten="164,249,230,357" oya="3" hai0="89,132,14,13,20,34,88,65,84,1,128,10,36" hai1="134,98,83,7,106,16,109,52,55,28,78,64,68" hai2="56,112,102,19,48,119,60,17,21,31,108,70,123" hai3="129,39,121,69,79,71,76,40,114,42,115,111,37"/><W122/><G129/><T99/><D36/><U25/><E109/><AGARI ba="0,0" hai="37,39,40,42,69,71,76,79,109,111,114,115,121,122" machi="109" ten="25,2400,0" yaku="22,2" doraHai="50" who="3" fromWho="1" sc="164,0,249,-24,230,0,357,24" owari="164,-34.0,225,-17.0,230,3.0,381,48.0" />
</Scene>
</mjloggm>