<mjloggm ver="2.3"><GO type="169" lobby="0"/><UN n0="%E3%80%93%E7%89%87%E5%B2%A1%E5%84%AA%E5%B8%8C%E3%80%93" n1="%E3%83%89%E3%83%A9%E3%81%8F%E3%82%8C" n2="%61%6D%65%64%69%6F" n3="%E5%A4%AA%E3%81%8F%E3%81%AA%E3%81%84%E3%81%8A" dan="16,16,16,18" rate="2120.05,2085.03,2122.92,2213.69" sx="F,M,M,F"/><TAIKYOKU oya="0"/>

<Scene>
<INIT seed="0,0,0,1,3,30" ten="250,250,250,250" oya="0" hai0="19,121,47,7,40,70,49,41,2,51,117,67,88" hai1="14,89,93,21,102,94,24,38,9,98,131,26,22" hai2="110,18,74,35,57,129,135,50,118,28,108,92,54" hai3="1,113,25,34,134,81,69,6,101,105,52,17,73"/><T66/><D117/><U56/><E38/><V120/><F74/><W37/><G69/><T8/><D121/><U109/><E131/><V29/><F120/><W36/><G113/><T111/><D111/><N who="2" m="42538" /><F129/><W91/><G134/><T127/><D127/><U64/><E109/><V58/><F135/><W0/><G101/><T33/><D33/><U3/><E3/><V125/><F125/><W45/><G105/><T39/><D19/><U124/><E124/><V11/><F58/><W116/><G116/><T77/><D77/><U84/><E26/><N who="2" m="18839" /><F29/><W68/><G68/><T132/><D132/><U114/><E114/><V16/><F11/><W31/><G73/><T15/><D2/><U83/><E56/><V78/><F78/><W13/><G1/><T43/><D70/><U104/><E64/><N who="0" m="24617" /><D39/><U100/><E100/><V123/><F123/><W128/><G128/><T12/><D12/><U82/><E104/><V80/><F80/><W27/><G27/><T5/><D5/><N who="1" m="3375" /><E22/><V62/><F62/><W65/><G6/><T46/><D88/><U44/><E44/><AGARI ba="0,0" hai="7,8,15,40,41,43,44,46,47,49,51" m="24617" machi="44" ten="30,1500,0" yaku="8,1" doraHai="30" who="0" fromWho="1" sc="250,15,250,-15,250,0,250,0" />
</Scene>
<Scene>
<INIT seed="0,1,0,5,5,19" ten="265,235,250,250" oya="0" hai0="105,119,62,72,24,90,83,76,21,132,46,3,20" hai1="61,50,121,88,124,34,17,73,9,96,107,18,110" hai2="16,126,27,48,56,4,135,7,49,28,112,81,122" hai3="77,38,41,79,99,84,14,104,91,33,51,101,0"/><T29/><D119/><U11/><E34/><V118/><F112/><W47/><G0/><T44/><D3/><U31/><E73/><V54/><F118/><W2/><G2/><T6/><D132/><U87/><E31/><V8/><F135/><W127/><G33/><T55/><D6/><U70/><E121/><V58/><F126/><W103/><G127/><T102/><D90/><U113/><E113/><V5/><F81/><W94/><G103/><T12/><D102/><U108/><E124/><V60/><F122/><W111/><G111/><N who="1" m="42538" /><E96/><V65/><F49/><W42/><G42/><T30/><D105/><U89/><E107/><V134/><F134/><W128/><G128/><T63/><D12/><U13/><E50/><V75/><F75/><W53/><REACH who="3" step="1"/><G14/><REACH who="3" ten="265,235,250,240" step="2"/><T22/><D30/><U116/><E116/><V100/><F100/><W43/><G43/><T131/><D131/><U37/><E13/><N who="2" m="7207" /><F7/><W92/><G92/><T82/><D82/><U120/><E120/><V98/><F4/><W86/><G86/><T36/><D36/><U26/><E87/><V117/><F5/><W80/><G80/><T68/><D68/><U71/><E37/><V85/><F85/><W35/><G35/><T1/><D1/><U66/><E71/><V115/><F115/><W32/><G32/><T78/><D78/><U74/><E74/><V64/><F117/><W15/><G15/><T93/><D93/><U25/><E89/><V125/><F125/><W57/><AGARI ba="1,1" hai="38,41,47,51,53,57,77,79,84,91,94,99,101,104" machi="57" ten="20,2700,0" yaku="1,1,0,1,7,1,53,0" doraHai="19" doraHaiUra="130" who="3" fromWho="3" sc="265,-14,235,-8,250,-8,240,40" />
</Scene>
<Scene>
<INIT seed="1,0,0,2,4,1" ten="251,227,242,280" oya="1" hai0="83,5,52,117,132,49,41,80,33,44,43,34,19" hai1="79,91,115,73,113,111,109,68,110,77,130,58,112" hai2="0,122,11,72,15,89,50,67,54,114,120,70,45" hai3="63,86,74,85,51,82,53,21,124,9,88,127,65"/><U27/><E68/><V78/><F114/><W28/><G74/><T90/><D117/><U93/><E130/><V30/><F0/><W7/><G85/><T71/><D71/><U32/><E58/><V106/><F11/><W10/><G28/><T69/><D69/><U59/><E59/><V119/><F15/><W4/><G21/><T35/><D132/><U103/><E32/><V100/><F89/><W42/><G42/><T135/><D135/><U116/><E27/><V46/><F46/><N who="3" m="27895" /><G63/><T20/><D5/><N who="3" m="2121" /><G65/><T22/><D22/><U76/><E116/><V133/><F30/><W92/><G82/><T81/><REACH who="0" step="1"/><D90/><REACH who="0" ten="241,227,242,280" step="2"/><U2/><E103/><V57/><F100/><W62/><G62/><T26/><AGARI ba="0,1" hai="19,20,26,33,34,35,41,43,44,49,52,80,81,83" machi="26" ten="40,8000,1" yaku="1,1,2,1,0,1,54,1,53,1" doraHai="1" doraHaiUra="18" who="0" fromWho="0" sc="241,90,227,-40,242,-20,280,-20" />
</Scene>
<Scene>
<INIT seed="2,0,0,2,2,35" ten="331,187,222,260" oya="2" hai0="38,78,76,113,107,15,37,81,58,3,89,126,114" hai1="100,72,52,91,49,60,67,65,71,86,12,79,8" hai2="10,99,104,131,123,118,117,34,1,77,18,2,121" hai3="31,96,105,92,23,14,120,42,103,102,48,22,128"/><V53/><F53/><W127/><G120/><N who="2" m="46153" /><F77/><W30/><G127/><T90/><D107/><U116/><E116/><N who="2" m="44651" /><F99/><W101/><G128/><T19/><D126/><U55/><E100/><N who="3" m="38506" /><G105/><T5/><D58/><U27/><E67/><V83/><F83/><W119/><G119/><T63/><D63/><U0/><E72/><V124/><F104/><W95/><G95/><T51/><D51/><U73/><E79/><V85/><F85/><W112/><G112/><T11/><D81/><U45/><E73/><V62/><F62/><W70/><G70/><T69/><D69/><U129/><E129/><V106/><F106/><W111/><G111/><T133/><D38/><U54/><E27/><V44/><F44/><N who="3" m="25623" /><G14/><T56/><D15/><U134/><E134/><V20/><F131/><W36/><G36/><T25/><D37/><U80/><REACH who="1" step="1"/><E0/><REACH who="1" ten="331,177,222,260" step="2"/><N who="2" m="107" /><F124/><W88/><G103/><T75/><D114/><U9/><E9/><V109/><F10/><W4/><G88/><T59/><D89/><U84/><E84/><V66/><F66/><W50/><G96/><T6/><D90/><U17/><AGARI ba="0,1" hai="8,12,17,45,49,52,54,55,60,65,71,80,86,91" machi="17" ten="20,12000,2" yaku="1,1,0,1,7,1,25,2,54,1,53,0" doraHai="35" doraHaiUra="108" who="1" fromWho="1" sc="331,-30,177,130,222,-60,260,-30" />
</Scene>
<Scene>
<INIT seed="3,0,0,1,2,67" ten="301,307,162,230" oya="3" hai0="60,31,127,44,92,24,11,41,116,101,50,125,10" hai1="123,104,130,43,133,115,124,107,47,2,102,26,126" hai2="35,42,28,58,57,52,8,79,13,72,9,65,29" hai3="64,90,128,39,18,27,114,75,25,122,94,54,96"/><W71/><G114/><T7/><D116/><U105/><E2/><V22/><F42/><W62/><G122/><T129/><D129/><U117/><E123/><V15/><F72/><W99/><G75/><T49/><D49/><U66/><E115/><V45/><F79/><W1/><G39/><T113/><D113/><U98/><E117/><V108/><F108/><W56/><G128/><T51/><D51/><N who="1" m="27135" /><E130/><V14/><F35/><W69/><G1/><T21/><D60/><U63/><E26/><V17/><F45/><W59/><G96/><N who="0" m="59527" /><D7/><U134/><E98/><V106/><F65/><W30/><G18/><T78/><D78/><U110/><E102/><V70/><F106/><W40/><G40/><T131/><D131/><U4/><E4/><V16/><F70/><W38/><G38/><T89/><D89/><U82/><E82/><V118/><F118/><W77/><G77/><T81/><D81/><U120/><E110/><V68/><F68/><W86/><G99/><T36/><D36/><U121/><E120/><V33/><F33/><W5/><G5/><T132/><D132/><N who="1" m="50795" /><E121/><V34/><F34/><W80/><G80/><T12/><D12/><U103/><E103/><V19/><F58/><AGARI ba="0,0" hai="58,63,66,104,105,107,124,126" m="50795,27135" machi="58" ten="40,1300,0" yaku="20,1" doraHai="67" who="1" fromWho="2" sc="301,0,307,13,162,-13,230,0" />
</Scene>
<Scene>
<INIT seed="4,0,0,5,0,64" ten="301,320,149,230" oya="0" hai0="3,46,131,107,50,27,89,12,109,119,5,97,31" hai1="23,71,2,82,105,59,57,83,108,43,127,53,114" hai2="118,76,55,120,8,56,123,22,95,124,15,36,42" hai3="48,75,24,72,60,78,128,54,1,98,25,16,122"/><T73/><D119/><U113/><E108/><V129/><F118/><W132/><G1/><T87/><D73/><U44/><E2/><V121/><F76/><W6/><G6/><T94/><D3/><U79/><E105/><V101/><F129/><W40/><G128/><T34/><D131/><U77/><E127/><V99/><F124/><W29/><G132/><T91/><D109/><U49/><E23/><V18/><F36/><W17/><G122/><T58/><D107/><U135/><E135/><V37/><F37/><W4/><G4/><T70/><D70/><U134/><E71/><V9/><F42/><W62/><G98/><T28/><D28/><U86/><E134/><V81/><REACH who="2" step="1"/><F81/><REACH who="2" ten="301,320,139,230" step="2"/><W100/><G40/><T33/><D94/><U67/><E43/><V32/><F32/><W7/><G78/><T112/><D34/><U30/><E82/><V66/><F66/><W88/><G72/><T102/><D33/><U69/><E79/><V80/><F80/><W96/><G75/><T126/><D126/><U106/><E67/><V10/><F10/><W117/><G117/><T51/><D112/><U14/><E83/><V39/><F39/><W20/><G54/><T63/><D63/><AGARI ba="0,1" hai="8,9,15,18,22,55,56,63,95,99,101,120,121,123" machi="63" ten="40,1300,0" yaku="1,1,53,0" doraHai="64" doraHaiUra="21" who="2" fromWho="0" sc="301,-13,320,0,139,23,230,0" />
</Scene>
<Scene>
<INIT seed="5,0,0,3,3,20" ten="288,320,162,230" oya="1" hai0="70,10,1,27,29,127,55,72,112,37,25,61,83" hai1="73,107,35,32,42,85,124,84,113,54,52,128,26" hai2="5,51,21,75,13,108,7,118,79,99,46,67,45" hai3="86,0,109,53,40,71,77,44,80,38,131,78,36"/><U103/><E73/><V19/><F108/><W114/><G109/><T23/><D37/><U18/><E128/><V31/><F118/><W41/><G0/><T104/><D104/><U97/><E124/><V81/><F99/><W65/><G131/><T82/><D127/><U16/><E113/><V30/><F46/><W58/><G114/><T101/><D112/><U69/><E69/><V132/><F67/><W24/><G41/><T17/><D101/><U89/><E42/><V34/><F132/><W117/><G117/><T48/><D72/><U15/><E85/><V3/><F3/><W66/><G38/><T116/><D116/><U6/><E6/><V98/><F98/><W63/><G24/><T47/><D1/><U93/><E32/><V110/><F110/><W50/><REACH who="3" step="1"/><G66/><REACH who="3" ten="288,320,162,220" step="2"/><T22/><REACH who="0" step="1"/><D10/><REACH who="0" ten="278,320,162,220" step="2"/><U9/><E107/><V12/><F34/><W74/><G74/><T2/><D2/><U135/><E9/><V14/><F7/><W28/><G28/><T60/><D60/><U59/><E103/><V105/><F5/><W115/><G115/><T126/><D126/><U96/><E18/><V125/><F125/><W43/><G43/><T87/><D87/><U56/><E84/><N who="2" m="48191" /><F105/><W121/><G121/><T119/><D119/><U130/><E130/><V4/><F4/><W64/><G64/><AGARI ba="0,2" hai="17,22,23,25,27,29,47,48,55,61,64,70,82,83" machi="64" ten="40,5200,0" yaku="1,1,52,2,53,0" doraHai="20" doraHaiUra="133" who="0" fromWho="3" sc="278,72,320,0,162,0,220,-52" />
</Scene>
<Scene>
<INIT seed="6,0,0,3,0,120" ten="350,320,162,168" oya="2" hai0="97,118,117,9,43,36,63,79,37,56,40,95,25" hai1="115,98,93,88,70,17,72,20,109,29,11,113,73" hai2="128,67,45,127,71,64,114,132,131,23,32,41,124" hai3="84,28,13,60,133,90,75,52,33,122,59,96,89"/><V86/><F32/><W111/><G122/><T2/><D79/><U31/><E70/><V101/><F101/><W30/><G75/><T82/><D82/><U12/><E109/><V50/><F86/><W85/><G133/><T125/><D125/><N who="2" m="48202" /><F23/><W100/><G111/><T68/><D68/><U69/><E69/><V44/><F71/><W24/><G30/><T103/><D25/><U66/><E66/><N who="2" m="25131" /><F114/><N who="1" m="43529" /><E31/><V91/><F91/><W3/><G85/><T87/><D87/><U76/><E76/><V107/><F107/><W4/><G84/><T15/><D103/><U126/><E126/><V129/><F45/><W81/><G81/><T61/><D97/><U74/><E29/><V8/><F8/><AGARI ba="0,0" hai="8,11,12,17,20,72,73,74,88,93,98" m="43529" machi="8" ten="40,2600,0" yaku="15,1,54,1" doraHai="120" who="1" fromWho="2" sc="350,0,320,26,162,-26,168,0" />
</Scene>
<Scene>
<INIT seed="7,0,0,5,4,92" ten="350,346,136,168" oya="3" hai0="10,31,25,93,13,62,124,115,49,66,80,100,113" hai1="63,6,35,60,87,86,40,20,59,76,78,9,41" hai2="104,36,56,96,70,132,130,88,74,110,85,7,57" hai3="125,39,122,55,77,119,108,37,26,53,89,52,129"/><W43/><G119/><T64/><D124/><U103/><E35/><V15/><F36/><W45/><G77/><N who="1" m="29802" /><E103/><V82/><F70/><W67/><G122/><T116/><D116/><U65/><E63/><V109/><F130/><W12/><G129/><T97/><D80/><U44/><E44/><V17/><F132/><W123/><G123/><T73/><D73/><U127/><E127/><V75/><F7/><W8/><G125/><T114/><D49/><U11/><E20/><V51/><F75/><W102/><G102/><T90/><D100/><U58/><E58/><V79/><F109/><W0/><G108/><T24/><D31/><U48/><E48/><V121/><F110/><W111/><G111/><T16/><D66/><U81/><E81/><V22/><F121/><W19/><G67/><T30/><D30/><U112/><E112/><V46/><F74/><W120/><G120/><T1/><D1/><U27/><E27/><V14/><F15/><W101/><G101/><T32/><D32/><U29/><E29/><V83/><F104/><W94/><G0/><T133/><D133/><U105/><E105/><V54/><F82/><W5/><G39/><T18/><D18/><U50/><E50/><V28/><F28/><W126/><G126/><T47/><D47/><U2/><E9/><V98/><F79/><W118/><G118/><T71/><AGARI ba="0,0" hai="10,13,16,24,25,62,64,71,90,93,97,113,114,115" machi="71" ten="30,8000,1" yaku="0,1,15,1,11,1,52,1,54,1" doraHai="92" who="0" fromWho="0" sc="350,80,346,-20,136,-20,168,-40" owari="430,52.0,326,13.0,116,-38.0,128,-27.0" />
</Scene>
</mjloggm>