<mjloggm ver="2.3"><GO type="169" lobby="0"/><UN n0="%E3%81%86%E3%81%8D%E3%81%A7%E3%82%93" n1="%E9%9C%9C%E6%9C%88%E3%81%95%E3%82%93" n2="%E5%A4%AA%E3%81%8F%E3%81%AA%E3%81%84%E3%81%8A" n3="%E3%81%9F%E3%81%BE%E3%81%AD%E3%81%8E%E5%89%A3%E5%A3%AB" dan="16,16,18,16" rate="2025.07,2113.07,2210.32,2011.97" sx="M,M,F,M"/><TAIKYOKU oya="0"/>

<Scene>
<INIT seed="0,0,0,4,3,114" ten="250,250,250,250" oya="0" hai0="11,35,38,109,4,125,48,21,13,82,63,110,97" hai1="15,7,80,51,32,95,12,59,105,14,115,126,76" hai2="85,106,10,90,73,122,8,1,132,83,47,113,65" hai3="120,111,24,3,23,29,60,34,88,70,124,45,71"/><T53/><D35/><U41/><E115/><V77/><F113/><W69/><G3/><T129/><D38/><U19/><E105/><V62/><F122/><W75/><G75/><T123/><D123/><U6/><E32/><V57/><F132/><W64/><G120/><T135/><D135/><U86/><E126/><V117/><F1/><W72/><G72/><T119/><D125/><U103/><E103/><V87/><F106/><W79/><G79/><T84/><D129/><U96/><E96/><V37/><F73/><W55/><G124/><T78/><D119/><U5/><E95/><V134/><F134/><W92/><G34/><T46/><D97/><U101/><E101/><V58/><F58/><W43/><G55/><T108/><D21/><U40/><E19/><V27/><F27/><W112/><G112/><T17/><REACH who="0" step="1"/><D63/><REACH who="0" ten="240,250,250,250" step="2"/><U20/><E20/><V133/><F133/><W128/><G128/><T54/><D54/><AGARI ba="0,1" hai="5,6,7,12,14,15,40,41,51,54,59,76,80,86" machi="54" ten="40,1300,0" yaku="8,1" doraHai="114" who="1" fromWho="0" sc="240,-13,250,23,250,0,250,0" />
</Scene>
<Scene>
<INIT seed="1,0,0,2,4,0" ten="227,273,250,250" oya="1" hai0="114,87,34,5,94,132,59,57,116,61,32,84,10" hai1="36,121,85,98,91,6,130,28,41,88,25,15,82" hai2="74,21,54,20,81,108,117,105,134,99,120,45,126" hai3="52,65,18,96,128,133,17,12,93,42,44,83,2"/><U77/><E121/><V47/><F120/><W86/><G2/><T97/><D116/><U106/><E130/><V104/><F117/><W60/><G128/><T35/><D114/><U11/><E36/><V68/><F68/><W123/><G133/><T46/><D132/><U55/><E41/><V78/><F134/><W40/><G123/><T31/><D46/><U27/><E25/><V50/><F108/><W7/><G7/><T122/><D31/><U22/><REACH who="1" step="1"/><E55/><REACH who="1" ten="227,263,250,250" step="2"/><V9/><F54/><W30/><G52/><T70/><D122/><U115/><E115/><V118/><F118/><W80/><G42/><T76/><D35/><U113/><E113/><V19/><F126/><W110/><G40/><T33/><D33/><U4/><E4/><V64/><F64/><W16/><G65/><T119/><D5/><U112/><E112/><V75/><F45/><W127/><G44/><T66/><D34/><U3/><E3/><V90/><F47/><W92/><G127/><T53/><D32/><U131/><E131/><V71/><F50/><W100/><G60/><T129/><D53/><U79/><E79/><V39/><F78/><W51/><G51/><T135/><D76/><U43/><E43/><V63/><F63/><W107/><G12/><T67/><D67/><U23/><E23/><V8/><F21/><W124/><G124/><T102/><D135/><U62/><E62/><V101/><F39/><W56/><G56/><N who="0" m="21579" /><D129/><U103/><AGARI ba="0,1" hai="6,11,15,22,27,28,77,82,85,88,91,98,103,106" machi="103" ten="30,12000,1" yaku="1,1,0,1,52,1,54,1,53,1" doraHai="0" doraHaiUra="26" who="1" fromWho="1" sc="227,-40,263,130,250,-40,250,-40" />
</Scene>
<Scene>
<INIT seed="1,1,0,0,4,77" ten="187,393,210,210" oya="1" hai0="124,38,103,26,110,30,86,88,92,44,21,84,18" hai1="85,129,94,54,36,14,101,13,43,91,61,1,22" hai2="55,111,63,74,72,134,27,97,56,0,58,83,98" hai3="117,127,133,120,99,123,112,19,115,29,119,100,118"/><U15/><E129/><V95/><F0/><W4/><G4/><T6/><D110/><U76/><E1/><V116/><F116/><W60/><G29/><T107/><D124/><U10/><E36/><V42/><F111/><W105/><G19/><T16/><D6/><U23/><E43/><V122/><F122/><N who="3" m="46635" /><G60/><T49/><D38/><U68/><E10/><V11/><F42/><W69/><G69/><T28/><D28/><U35/><E35/><V79/><F134/><W53/><G53/><N who="0" m="29863" /><D107/><U59/><E68/><V47/><F47/><W31/><G31/><T96/><D103/><U12/><N who="1" m="3584" /><DORA hai="41" /><U64/><E64/><V32/><F11/><W128/><G128/><T113/><D113/><N who="3" m="43593" /><G127/><T106/><D106/><U73/><E101/><V40/><F32/><W52/><G52/><T2/><D2/><U7/><E7/><V45/><F55/><W34/><G34/><T8/><D8/><U20/><E73/><V126/><F74/><W75/><G75/><T51/><D51/><U81/><E76/><V89/><F126/><W87/><G87/><AGARI ba="1,0" hai="16,18,21,26,30,84,86,87,88,92,96" m="29863" machi="87" ten="30,7700,0" yaku="8,1,52,1,54,2" doraHai="77,41" who="0" fromWho="3" sc="187,80,393,0,210,0,210,-80" />
</Scene>
<Scene>
<INIT seed="2,0,0,0,3,59" ten="267,393,210,130" oya="2" hai0="47,41,42,125,56,58,25,16,57,98,96,129,66" hai1="128,15,126,8,113,22,27,18,93,5,50,76,87" hai2="35,78,103,26,6,118,84,2,112,101,19,28,32" hai3="44,111,106,43,124,63,75,135,74,83,40,61,90"/><V29/><F112/><W123/><G123/><T10/><D129/><U60/><E128/><V117/><F78/><W102/><G111/><T21/><D125/><U33/><E126/><V31/><F84/><W79/><G124/><T38/><D42/><U23/><E113/><V89/><F89/><W65/><G74/><T67/><REACH who="0" step="1"/><D10/><REACH who="0" ten="257,393,210,130" step="2"/><U36/><E8/><N who="2" m="2135" /><F101/><W92/><G40/><T77/><D77/><U11/><E11/><V46/><F103/><W3/><G135/><T73/><D73/><U81/><E76/><V107/><F117/><W85/><G3/><T100/><D100/><U48/><E36/><V127/><F118/><W49/><REACH who="3" step="1"/><G65/><AGARI ba="0,1" hai="16,21,25,38,41,47,56,57,58,65,66,67,96,98" machi="65" ten="40,5200,0" yaku="1,1,54,1,53,1" doraHai="59" doraHaiUra="39" who="0" fromWho="3" sc="257,62,393,0,210,0,130,-52" />
</Scene>
<Scene>
<INIT seed="3,0,0,3,5,52" ten="319,393,210,78" oya="3" hai0="45,101,78,87,66,122,50,133,12,28,72,1,8" hai1="44,80,13,16,65,31,111,38,118,112,77,63,93" hai2="108,99,56,33,2,32,117,123,57,115,110,42,131" hai3="124,60,82,94,71,15,24,26,127,35,70,135,67"/><W105/><G105/><T103/><D122/><U7/><E112/><V130/><F115/><W98/><G82/><T132/><D72/><U40/><E111/><N who="2" m="42539" /><F123/><W5/><G135/><N who="0" m="51787" /><D1/><U116/><E7/><V14/><F2/><W59/><G15/><T69/><D28/><U25/><E93/><V47/><F117/><N who="1" m="45161" /><E31/><V48/><F99/><W97/><G5/><N who="0" m="3087" /><D66/><U39/><E25/><N who="3" m="9834" /><G35/><N who="2" m="13385" /><F14/><W4/><G4/><T74/><D74/><N who="1" m="43063" /><E44/><V106/><F106/><W92/><G92/><T120/><D120/><U86/><E40/><V36/><F36/><W54/><G98/><T96/><D96/><U113/><E86/><V46/><F46/><W22/><G22/><T62/><D69/><N who="1" m="42175" /><E113/><V41/><F41/><W0/><G0/><T79/><D87/><U85/><E85/><V100/><F100/><N who="3" m="60471" /><G67/><T43/><D103/><U19/><E19/><V76/><F76/><N who="0" m="29226" /><D101/><U23/><AGARI ba="0,0" hai="13,16,23,38,39" m="42175,43063,45161" machi="23" ten="30,2000,0" yaku="12,1,54,1" doraHai="52" who="1" fromWho="1" sc="319,-5,393,20,210,-5,78,-10" />
</Scene>
<Scene>
<INIT seed="4,0,0,5,0,120" ten="314,413,205,68" oya="0" hai0="63,105,132,118,93,24,55,98,115,82,116,71,100" hai1="81,65,35,54,29,28,64,91,112,6,92,42,70" hai2="33,3,111,41,72,133,73,106,86,89,76,31,21" hai3="57,59,114,44,0,117,56,11,46,121,40,61,74"/><T62/><D115/><U15/><E112/><V5/><F106/><W122/><G74/><T20/><D132/><U69/><E81/><V34/><F41/><W52/><G0/><T2/><D2/><U1/><E1/><V68/><F68/><W23/><G114/><T94/><D82/><U103/><E103/><V127/><F5/><W14/><G23/><T37/><D37/><U60/><E42/><V88/><F76/><W17/><G117/><T101/><D63/><U77/><E77/><V49/><F49/><N who="3" m="28727" /><G17/><T131/><D131/><U78/><E78/><V13/><F21/><W4/><G14/><T87/><D105/><U134/><E54/><V113/><F13/><W48/><G11/><T26/><D26/><U84/><E134/><V7/><F133/><W19/><G19/><T83/><D71/><U126/><E35/><V39/><F34/><W75/><G4/><T130/><D130/><U8/><E126/><V47/><F127/><W104/><G75/><T50/><D62/><AGARI ba="0,0" hai="6,8,15,28,29,60,62,64,65,69,70,84,91,92" machi="62" ten="40,1300,0" yaku="9,1" doraHai="120" who="1" fromWho="0" sc="314,-13,413,13,205,0,68,0" />
</Scene>
<Scene>
<INIT seed="5,0,0,0,3,97" ten="301,426,205,68" oya="1" hai0="67,14,106,119,35,98,9,65,90,27,133,122,16" hai1="63,117,94,36,62,68,51,33,18,6,72,2,105" hai2="82,118,12,53,95,100,130,46,77,93,11,13,10" hai3="110,66,121,92,61,31,5,99,22,83,115,41,8"/><U40/><E105/><V86/><F118/><W108/><G121/><T24/><D119/><U50/><E117/><V29/><F130/><W57/><G115/><T112/><D112/><U73/><E36/><V19/><F29/><W54/><G54/><T28/><D122/><U71/><E33/><V26/><F26/><W113/><G113/><T44/><D133/><U91/><E18/><V135/><F135/><W3/><G41/><T126/><D126/><U25/><E25/><V120/><F120/><W80/><G108/><T52/><D27/><U88/><E94/><V79/><F79/><W89/><G110/><T75/><D75/><U103/><E6/><N who="2" m="3159" /><F100/><W101/><REACH who="3" step="1"/><G89/><REACH who="3" ten="301,426,205,58" step="2"/><T85/><D90/><U4/><E40/><V109/><F109/><W114/><G114/><T64/><D64/><U48/><E91/><V78/><F78/><W127/><G127/><T129/><D67/><U132/><E88/><V30/><F53/><W125/><G125/><T15/><D65/><U104/><E132/><V60/><F77/><W69/><G69/><T42/><D52/><U55/><E55/><V47/><F47/><W0/><G0/><T76/><D76/><U58/><E68/><V38/><F46/><W96/><G96/><T107/><D98/><U43/><E71/><V56/><F56/><W34/><G34/><T102/><D44/><U37/><E43/><V39/><F60/><W49/><G49/><T21/><D35/><U23/><E62/><V81/><F39/><W134/><G134/><T84/><D42/><U131/><E63/><V124/><F38/><W32/><G32/><RYUUKYOKU ba="0,1" sc="301,-10,426,-10,205,-10,58,30" hai3="3,5,8,22,31,57,61,66,80,83,92,99,101" />
</Scene>
<Scene>
<INIT seed="6,1,1,3,1,39" ten="291,416,195,88" oya="2" hai0="124,56,106,1,47,78,48,35,2,28,128,88,6" hai1="92,45,31,79,96,3,13,20,100,22,4,33,118" hai2="127,135,68,77,134,90,57,74,85,87,43,107,121" hai3="30,5,23,17,84,113,114,133,95,129,38,82,0"/><V52/><F121/><W51/><G38/><T10/><D106/><U131/><E118/><V117/><F117/><W60/><G60/><T108/><D108/><U21/><E131/><V34/><F68/><W26/><G129/><T99/><D128/><U120/><E3/><V7/><F34/><W12/><G95/><T72/><D56/><U44/><E79/><V15/><F107/><W14/><G133/><N who="2" m="50697" /><F127/><W81/><G81/><T71/><D71/><U97/><E120/><V49/><F90/><W24/><G51/><T54/><D2/><U80/><E33/><V101/><F101/><W116/><G116/><T104/><D104/><U32/><E32/><V126/><F126/><W55/><G55/><T91/><D99/><U123/><E96/><V132/><F132/><W46/><G46/><N who="1" m="18026" /><E123/><V16/><F7/><W89/><G5/><T53/><D53/><U65/><E65/><V103/><F103/><W8/><G0/><T9/><D124/><U66/><E66/><V109/><F109/><W111/><G111/><T19/><D35/><U93/><E31/><V18/><F18/><N who="3" m="8455" /><G30/><T67/><D28/><U50/><E97/><V75/><F75/><W94/><G17/><T40/><D67/><U122/><E4/><V112/><F74/><W105/><G105/><T61/><D72/><U73/><E73/><V130/><F130/><W70/><G70/><T110/><D110/><U119/><E100/><V76/><F16/><W102/><G102/><T58/><D78/><U36/><E122/><V64/><F77/><W83/><G14/><T42/><D1/><U11/><E119/><RYUUKYOKU ba="1,1" sc="291,0,416,0,195,0,88,0" />
</Scene>
<Scene>
<INIT seed="7,2,1,0,5,68" ten="291,416,195,88" oya="3" hai0="108,114,34,110,3,57,0,36,42,6,28,113,91" hai1="15,135,21,60,14,50,66,16,100,33,109,115,18" hai2="48,133,58,101,41,30,94,78,71,120,54,102,97" hai3="83,104,29,22,13,7,51,111,5,65,53,49,77"/><W89/><G104/><T122/><D57/><U121/><E121/><V116/><F116/><W44/><G111/><N who="0" m="42539" /><D91/><U119/><E33/><V10/><F71/><W73/><G65/><T99/><D99/><U23/><E119/><V61/><F133/><W11/><G89/><T118/><D118/><U84/><E135/><V67/><F120/><W2/><G2/><N who="0" m="555" /><D6/><U47/><E100/><N who="2" m="60471" /><F30/><W86/><G73/><T132/><D132/><U19/><E19/><V52/><F10/><W46/><G22/><T117/><D122/><U123/><E123/><V106/><F106/><W55/><REACH who="3" step="1"/><G29/><REACH who="3" ten="291,416,195,78" step="2"/><T130/><D117/><U95/><E109/><V126/><F101/><W79/><G79/><T74/><D74/><U105/><E105/><V70/><F102/><W62/><G62/><T76/><D76/><U103/><E103/><V92/><F78/><W64/><G64/><T81/><D28/><U93/><E66/><V8/><F67/><W125/><G125/><T4/><D34/><U12/><E60/><V69/><F126/><W107/><G107/><T38/><D114/><U75/><E21/><V85/><F70/><W43/><G43/><T88/><D42/><U45/><E23/><V127/><F69/><W17/><AGARI ba="2,2" hai="5,7,11,13,17,44,46,49,51,53,55,77,83,86" machi="17" ten="20,12000,1" yaku="1,1,0,1,7,1,9,1,8,1,53,0" doraHai="68" doraHaiUra="27" who="3" fromWho="3" sc="291,-42,416,-42,195,-42,78,146" />
</Scene>
<Scene>
<INIT seed="7,3,0,1,1,95" ten="249,374,153,224" oya="3" hai0="58,16,2,37,129,132,34,52,67,110,115,96,11" hai1="24,92,128,17,116,46,56,122,113,78,73,50,121" hai2="59,29,125,62,45,38,36,83,126,47,27,84,93" hai3="20,81,106,102,4,43,88,85,100,31,120,65,25"/><W111/><G120/><T109/><D37/><U123/><E113/><V66/><F83/><W30/><G111/><T135/><D115/><U18/><E128/><V68/><F84/><W42/><G4/><T94/><D67/><U35/><E116/><V119/><F119/><W72/><G65/><T51/><D34/><U23/><E56/><V82/><F82/><W101/><G106/><T0/><D0/><U60/><E60/><V90/><F90/><W22/><G72/><T1/><D1/><U28/><E78/><V15/><F15/><W117/><G117/><T44/><D44/><N who="2" m="16970" /><F27/><AGARI ba="3,0" hai="20,22,25,27,30,31,42,43,81,85,88,100,101,102" machi="27" ten="40,7700,0" yaku="9,1,8,1,54,1" doraHai="95" who="3" fromWho="2" sc="249,0,374,0,153,-86,224,86" />
</Scene>
<Scene>
<INIT seed="7,4,0,4,0,34" ten="249,374,67,310" oya="3" hai0="54,81,30,50,28,135,99,109,22,20,3,75,133" hai1="6,112,123,39,12,43,108,74,60,129,2,25,41" hai2="95,33,8,31,21,62,111,53,17,73,24,0,46" hai3="79,13,37,128,134,35,85,100,88,91,70,114,48"/><W55/><G37/><T10/><D99/><U18/><E108/><V101/><F73/><W121/><G121/><T84/><D75/><U122/><E2/><V58/><F111/><W69/><G35/><T57/><D109/><U59/><E6/><V103/><F46/><W71/><G100/><T51/><D51/><U120/><E25/><V90/><F8/><W102/><G102/><T117/><D117/><U4/><E4/><V23/><F33/><W126/><G114/><T16/><D22/><U65/><E112/><V47/><F47/><W116/><G116/><T72/><D72/><U119/><E119/><V94/><F94/><W66/><G66/><T67/><D67/><U124/><E39/><V26/><REACH who="2" step="1"/><F0/><REACH who="2" ten="249,374,57,310" step="2"/><W130/><G126/><T87/><D10/><U113/><E124/><V104/><F104/><W63/><G134/><T27/><D3/><U76/><E113/><V49/><F49/><W1/><G1/><T132/><REACH who="0" step="1"/><D87/><AGARI ba="4,1" hai="17,21,23,24,26,31,53,58,62,87,90,95,101,103" machi="87" ten="30,7700,0" yaku="1,1,7,1,8,1,53,1" doraHai="34" doraHaiUra="56" who="2" fromWho="0" sc="249,-89,374,0,57,99,310,0" owari="160,-24.0,374,47.0,156,-34.0,310,11.0" />
</Scene>
</mjloggm>