<mjloggm ver="2.3"><GO type="169" lobby="0"/><UN n0="%E7%A5%AD%E4%BA%BA" n1="%E3%81%B5%E3%81%8B%E3%81%BF" n2="%E3%83%91%E3%83%B3%E5%8D%93%E3%81%AE%E6%94%AF%E9%85%8D%E8%80%85" n3="%E5%A4%AA%E3%81%8F%E3%81%AA%E3%81%84%E3%81%8A" dan="17,16,16,18" rate="2194.17,2088.82,2099.81,2178.67" sx="M,F,M,F"/><TAIKYOKU oya="0"/>

<Scene>
<INIT seed="0,0,0,2,1,26" ten="250,250,250,250" oya="0" hai0="40,107,37,46,22,53,96,61,109,126,50,12,128" hai1="1,28,24,117,129,93,104,17,16,4,85,49,112" hai2="135,48,60,29,9,20,116,70,66,13,15,101,87" hai3="8,25,83,71,58,63,73,89,84,59,54,75,95"/><T45/><D126/><U127/><E104/><V33/><F135/><W44/><G71/><T56/><D128/><U118/><E129/><V100/><F116/><W120/><G120/><T90/><D109/><U103/><E127/><V134/><F134/><W99/><G44/><T11/><D22/><U38/><E38/><V35/><F87/><W91/><G8/><T42/><D107/><U21/><E112/><V19/><F48/><W80/><G80/><T18/><D96/><N who="1" m="59791" /><E4/><V74/><F74/><W77/><G77/><T27/><D27/><U5/><E5/><V108/><F108/><W14/><G14/><T51/><REACH who="0" step="1"/><D90/><REACH who="0" ten="240,250,250,250" step="2"/><U121/><E118/><V76/><F35/><W57/><G25/><T32/><D32/><U31/><E117/><V81/><F33/><W62/><REACH who="3" step="1"/><G58/><REACH who="3" ten="240,250,250,240" step="2"/><T130/><D130/><U30/><E121/><V6/><F70/><W7/><G7/><T82/><D82/><U65/><E24/><V3/><F81/><W113/><G113/><T97/><D97/><U132/><E132/><V23/><F6/><W67/><AGARI ba="0,2" hai="54,57,59,62,63,67,73,75,83,84,89,91,95,99" machi="67" ten="20,2700,0" yaku="1,1,0,1,7,1,53,0" doraHai="26" doraHaiUra="2" who="3" fromWho="3" sc="240,-13,250,-7,250,-7,240,47" />
</Scene>
<Scene>
<INIT seed="1,0,0,4,5,48" ten="227,243,243,287" oya="1" hai0="97,18,102,51,15,11,100,128,0,105,26,114,111" hai1="70,41,56,98,5,93,57,30,20,107,134,122,99" hai2="32,131,28,23,94,62,92,33,101,83,129,65,132" hai3="78,36,35,95,67,85,125,120,12,37,91,7,47"/><U109/><E70/><V24/><F132/><W113/><G120/><T110/><D114/><U96/><E122/><V38/><F38/><W61/><G113/><T103/><D128/><N who="2" m="49226" /><F83/><W4/><G35/><N who="2" m="13385" /><F101/><W81/><G125/><T126/><D126/><U44/><E107/><V54/><F54/><W55/><G36/><T71/><D71/><AGARI ba="0,0" hai="23,24,28,62,65,71,92,94" m="13385,49226" machi="71" ten="30,1000,0" yaku="19,1" doraHai="48" who="2" fromWho="0" sc="227,-10,243,0,243,10,287,0" />
</Scene>
<Scene>
<INIT seed="2,0,0,2,0,83" ten="217,243,253,287" oya="2" hai0="98,88,42,130,61,82,0,85,60,77,104,67,5" hai1="10,47,28,33,93,79,26,105,70,39,100,56,73" hai2="66,55,65,71,24,2,75,107,14,69,89,57,120" hai3="52,34,21,135,11,94,134,25,126,115,17,99,7"/><V90/><F2/><W22/><G126/><T121/><D121/><U50/><E70/><V30/><F120/><W43/><G43/><T3/><D130/><U81/><E105/><V46/><F75/><W109/><G109/><T44/><D5/><U114/><E114/><V76/><F76/><W54/><G115/><T31/><D31/><U58/><E39/><V35/><F46/><W80/><G34/><T97/><D61/><U96/><REACH who="1" step="1"/><E10/><REACH who="1" ten="217,233,253,287" step="2"/><V16/><F107/><W86/><G135/><T32/><D104/><U4/><E4/><V129/><F71/><W59/><G134/><T37/><D32/><U103/><E103/><V41/><F69/><W49/><G7/><T18/><D18/><U106/><E106/><V20/><F129/><W72/><G11/><T48/><D37/><U36/><E36/><V15/><F35/><W110/><G17/><T74/><D0/><U111/><E111/><V123/><F123/><W108/><G110/><T92/><REACH who="0" step="1"/><D3/><REACH who="0" ten="207,233,253,287" step="2"/><U87/><E87/><V51/><F16/><W119/><G86/><T102/><D102/><U6/><E6/><V38/><F38/><W62/><G108/><T113/><D113/><U133/><E133/><V125/><F125/><W78/><G72/><T68/><AGARI ba="0,2" hai="42,44,48,60,67,68,74,77,82,85,88,92,97,98" machi="68" ten="20,8000,1" yaku="1,1,0,1,7,1,52,1,54,1,53,0" doraHai="83" doraHaiUra="128" who="0" fromWho="0" sc="207,100,233,-20,253,-40,287,-20" />
</Scene>
<Scene>
<INIT seed="3,0,0,1,2,77" ten="307,213,213,267" oya="3" hai0="131,11,22,109,94,40,133,24,10,82,45,25,96" hai1="61,91,59,48,132,135,105,43,17,78,29,28,95" hai2="49,134,42,123,84,63,87,9,65,112,85,117,97" hai3="129,130,89,128,79,118,36,39,67,92,41,99,75"/><W19/><G118/><T5/><D109/><U86/><E105/><V35/><F112/><W64/><G19/><T108/><D108/><U23/><E78/><V90/><F117/><W110/><G110/><T6/><D131/><U70/><E70/><V50/><F35/><W58/><G41/><T14/><D133/><N who="1" m="51275" /><E43/><V80/><F134/><W104/><G104/><T33/><D33/><U31/><E48/><V98/><F123/><W81/><REACH who="3" step="1"/><G58/><REACH who="3" ten="307,213,213,257" step="2"/><T114/><D40/><U93/><E59/><N who="2" m="37119" /><F42/><W16/><G16/><T122/><D45/><U27/><E61/><V55/><F9/><W2/><G2/><T73/><D11/><U57/><E57/><N who="2" m="33007" /><F50/><W113/><G113/><T119/><D114/><U102/><E17/><V126/><F126/><W127/><G127/><T38/><D119/><U3/><E3/><V83/><F90/><W72/><G72/><T15/><D73/><U124/><E124/><V125/><F125/><W18/><G18/><T13/><D10/><U121/><E121/><V12/><F12/><W53/><G53/><T88/><D122/><U44/><E44/><V68/><F68/><W1/><G1/><T8/><D8/><U0/><E0/><V32/><F32/><W71/><G71/><T69/><D69/><U46/><E46/><V37/><F37/><AGARI ba="0,1" hai="36,37,39,64,67,75,79,81,89,92,99,128,129,130" machi="37" ten="50,9600,0" yaku="1,1,19,1,52,1,53,0" doraHai="77" doraHaiUra="51" who="3" fromWho="2" sc="307,0,213,0,213,-96,257,106" />
</Scene>
<Scene>
<INIT seed="3,1,0,3,5,70" ten="307,213,117,363" oya="3" hai0="109,79,105,130,3,61,89,23,71,135,0,118,78" hai1="107,76,41,13,82,19,27,47,12,122,48,124,29" hai2="9,87,5,16,80,37,129,73,20,30,56,126,18" hai3="112,83,2,77,51,72,40,91,119,123,28,134,8"/><W64/><G112/><T125/><D118/><U98/><E122/><V75/><F126/><W85/><G119/><T32/><D105/><U17/><E124/><V110/><F110/><W114/><G114/><T104/><D32/><U67/><E67/><V60/><F129/><W101/><G123/><T59/><D71/><U53/><E107/><V74/><F37/><W121/><G121/><T36/><D36/><U111/><E111/><V100/><F100/><W108/><G108/><T52/><D104/><U92/><E13/><V57/><F30/><W44/><G134/><T88/><D109/><U102/><E12/><V94/><F94/><W106/><G64/><T50/><D125/><U97/><E97/><V55/><F20/><W90/><G28/><T26/><D130/><U45/><E82/><V128/><F57/><W58/><G58/><N who="0" m="33047" /><D3/><U63/><E76/><N who="0" m="29225" /><D0/><U24/><E63/><V115/><F115/><W113/><G113/><T86/><D86/><U81/><E81/><V33/><F33/><W120/><G120/><T22/><D135/><U132/><E132/><V42/><F42/><W117/><G117/><T65/><D23/><U15/><E29/><AGARI ba="1,0" hai="22,26,29,59,61,65,88,89" m="29225,33047" machi="29" ten="30,3900,0" yaku="8,1,54,2" doraHai="70" who="0" fromWho="1" sc="307,42,213,-42,117,0,363,0" />
</Scene>
<Scene>
<INIT seed="4,0,0,0,4,106" ten="349,171,117,363" oya="0" hai0="83,90,93,49,99,50,2,29,124,113,1,22,34" hai1="135,84,14,42,71,30,13,78,92,111,32,103,123" hai2="23,52,27,89,98,97,81,48,41,69,109,37,120" hai3="101,17,134,117,21,44,33,45,75,65,127,95,3"/><T11/><D34/><U35/><E111/><V74/><F109/><W85/><G117/><T130/><D113/><U59/><E71/><V26/><F120/><W47/><G33/><T51/><D124/><U72/><E123/><V79/><F69/><W121/><G121/><T122/><D122/><U38/><E135/><V56/><F89/><W105/><G3/><T28/><D130/><U10/><E30/><N who="0" m="11881" /><D1/><U94/><E59/><V96/><REACH who="2" step="1"/><F23/><REACH who="2" ten="349,171,107,363" step="2"/><W66/><G21/><T118/><D22/><U8/><E35/><V39/><F39/><W0/><G134/><T73/><D90/><U100/><E32/><V86/><F86/><W53/><G85/><T43/><D118/><U7/><E84/><V25/><F25/><W15/><G127/><T80/><D99/><U115/><E38/><V133/><F133/><W91/><G91/><T70/><D70/><U46/><E115/><V64/><F64/><W20/><G66/><T87/><D87/><U16/><E78/><V58/><F58/><W76/><G65/><T114/><D114/><U36/><REACH who="1" step="1"/><E72/><REACH who="1" ten="349,161,107,363" step="2"/><V129/><F129/><W108/><G75/><T24/><D73/><U112/><E112/><V119/><F119/><W9/><G76/><T116/><D116/><U67/><E67/><V12/><F12/><W4/><G108/><T57/><D2/><U68/><E68/><V61/><F61/><W132/><G132/><T102/><D57/><U18/><E18/><V62/><F62/><W126/><G0/><T104/><D80/><U107/><E107/><V55/><F55/><W40/><G105/><T125/><D104/><RYUUKYOKU ba="0,2" sc="349,-15,161,15,107,15,363,-15" hai1="7,8,10,13,14,16,36,42,46,92,94,100,103" hai2="26,27,37,41,48,52,56,74,79,81,96,97,98" />
</Scene>
<Scene>
<INIT seed="5,1,2,3,4,26" ten="334,176,122,348" oya="1" hai0="92,62,128,129,119,100,60,33,127,116,21,75,45" hai1="47,57,121,84,115,68,23,0,29,71,56,125,7" hai2="46,50,88,18,30,48,96,102,83,31,70,39,32" hai3="38,97,135,55,76,120,20,89,43,8,77,17,54"/><U94/><E121/><V24/><F70/><W44/><G120/><T134/><D33/><U58/><E115/><V95/><F39/><W108/><G108/><T78/><D127/><U74/><E74/><V13/><F32/><W16/><G135/><T52/><D134/><U90/><E125/><V113/><F24/><W107/><G8/><T67/><D21/><U40/><E0/><V106/><F113/><W1/><G1/><T72/><D100/><U66/><E7/><V86/><F106/><W19/><G20/><T11/><D11/><U28/><E23/><N who="2" m="11727" /><F50/><W12/><G12/><T22/><D22/><U111/><E111/><V61/><F61/><W34/><G34/><T80/><D75/><U6/><E6/><V35/><F35/><W81/><G76/><T82/><D62/><U118/><E118/><V98/><F96/><W2/><G2/><T37/><D60/><U114/><E66/><V93/><F93/><W41/><G107/><T123/><D92/><U64/><E64/><V63/><F63/><W130/><G97/><T126/><D126/><U53/><E114/><V109/><F109/><W110/><G38/><T49/><D67/><U51/><REACH who="1" step="1"/><E40/><AGARI ba="1,2" hai="30,31,40,46,48,83,86,88,95,98,102" m="11727" machi="40" ten="30,7700,0" yaku="8,1,52,2,54,1" doraHai="26" who="2" fromWho="1" sc="334,0,176,-80,122,100,348,0" />
</Scene>
<Scene>
<INIT seed="6,0,0,5,1,117" ten="334,96,222,348" oya="2" hai0="8,120,118,15,46,127,51,24,14,6,59,74,49" hai1="54,22,79,18,110,42,4,103,64,71,83,134,100" hai2="73,132,84,81,7,1,112,43,97,98,45,16,95" hai3="116,93,48,67,114,63,85,21,41,135,55,58,119"/><V3/><F112/><W101/><G135/><T44/><D74/><U96/><E110/><V12/><F132/><W23/><G114/><T50/><D120/><U104/><E134/><V2/><F73/><W32/><G32/><T11/><D127/><U107/><E42/><V78/><F7/><W115/><G115/><T99/><D118/><U126/><E126/><V92/><F95/><W121/><G121/><T113/><D113/><U133/><E133/><V122/><F122/><W106/><G41/><T86/><D24/><U76/><E4/><V33/><F33/><W27/><G106/><T47/><D86/><U91/><E71/><V62/><F62/><W88/><G101/><T61/><D99/><U36/><E36/><V108/><F92/><W26/><G26/><T80/><D80/><U82/><E64/><V29/><F29/><W52/><G55/><T28/><D28/><U102/><E54/><V60/><F60/><W105/><G105/><N who="1" m="40522" /><E18/><V10/><REACH who="2" step="1"/><F108/><REACH who="2" ten="334,96,212,348" step="2"/><W53/><G116/><T9/><D6/><U30/><E30/><V31/><F31/><W20/><G119/><T94/><D94/><N who="1" m="56415" /><E22/><V72/><F72/><W128/><G21/><T40/><D40/><U39/><E39/><AGARI ba="0,1" hai="1,2,3,10,12,16,39,43,45,78,81,84,97,98" machi="39" ten="40,7700,0" yaku="1,1,54,1,53,1" doraHai="117" doraHaiUra="5" who="2" fromWho="1" sc="334,0,96,-77,212,87,348,0" />
</Scene>
<Scene>
<INIT seed="6,1,0,1,3,73" ten="334,19,299,348" oya="2" hai0="58,15,129,110,70,75,60,107,53,64,14,12,119" hai1="89,59,81,63,46,6,113,47,106,97,52,26,100" hai2="132,40,86,0,4,30,20,72,103,128,99,16,66" hai3="62,37,69,44,121,68,17,108,114,77,21,8,93"/><V71/><F72/><W29/><G108/><T135/><D110/><U5/><E113/><V1/><F30/><W51/><G121/><T38/><D107/><U31/><E89/><V94/><F40/><W92/><G37/><T123/><D123/><U95/><E106/><V74/><F74/><W19/><G29/><T32/><D32/><U42/><E81/><V117/><F117/><W49/><G114/><T96/><D75/><U105/><E105/><V41/><F41/><W78/><G8/><T56/><D38/><U36/><E47/><V87/><F128/><W3/><G62/><T83/><D135/><U76/><E5/><V54/><F132/><W10/><G10/><T125/><D125/><U43/><E43/><V65/><F54/><W45/><G21/><T122/><D122/><U118/><E6/><V28/><F28/><W2/><AGARI ba="1,0" hai="2,3,17,19,44,45,49,51,68,69,77,78,92,93" machi="2" ten="25,8000,1" yaku="0,1,22,2,52,2" doraHai="73" who="3" fromWho="3" sc="334,-21,19,-21,299,-41,348,83" owari="313,11.0,-2,-50.0,258,-14.0,431,53.0" />
</Scene>
</mjloggm>