<mjloggm ver="2.3"><GO type="169" lobby="0"/><UN n0="%53%48%45%45%50%32%30%30" n1="%E3%81%97%E3%82%85%E3%81%86%E3%83%BC%E3%80%82" n2="%E5%A4%AA%E3%81%8F%E3%81%AA%E3%81%84%E3%81%8A" n3="%E3%82%B9%E3%82%A7%E3%83%B3%E3%83%80%E3%83%BC" dan="16,17,18,16" rate="2086.50,2107.30,2262.57,2072.02" sx="M,M,F,M"/><TAIKYOKU oya="0"/>

<Scene>
<INIT seed="0,0,0,3,5,90" ten="250,250,250,250" oya="0" hai0="63,115,36,2,21,5,117,82,103,69,94,133,70" hai1="32,49,95,17,130,30,104,78,59,87,34,65,98" hai2="46,113,41,27,132,66,96,12,1,112,26,37,84" hai3="91,29,129,7,135,126,77,10,20,81,80,89,38"/><T58/><D115/><U123/><E123/><V109/><F1/><W15/><G129/><T74/><D117/><U54/><E130/><V25/><F109/><W3/><G135/><T111/><D36/><U76/><E104/><V22/><F132/><W28/><G126/><T131/><D131/><U42/><E42/><V45/><F66/><W8/><G38/><T108/><D133/><U24/><E65/><V53/><F84/><W48/><G81/><T64/><D5/><U56/><E34/><V110/><F110/><N who="0" m="42026" /><D2/><U33/><E33/><V124/><F124/><W72/><G29/><T71/><D21/><U11/><E59/><V128/><F128/><W118/><G118/><T61/><D82/><U100/><E87/><V6/><F6/><W67/><G67/><N who="0" m="39351" /><D74/><U92/><E11/><V14/><F22/><W23/><G23/><T75/><D75/><U13/><E13/><V105/><F14/><W9/><G9/><T47/><D47/><U102/><REACH who="1" step="1"/><E17/><REACH who="1" ten="250,240,250,250" step="2"/><V121/><F12/><W116/><G15/><T55/><D55/><U68/><E68/><V60/><F53/><W40/><G10/><T134/><D134/><U43/><E43/><V107/><F41/><W18/><G18/><T122/><D122/><U79/><E79/><V44/><F121/><W31/><G116/><T35/><D35/><U93/><E93/><V4/><F37/><W19/><G19/><T83/><D83/><U51/><E51/><V88/><F4/><W85/><G72/><T99/><AGARI ba="0,1" hai="63,64,69,70,71,94,99,103" m="39351,42026" machi="99" ten="30,6000,0" yaku="14,1,10,1,52,1" doraHai="90" who="0" fromWho="0" sc="250,70,240,-20,250,-20,250,-20" />
</Scene>
<Scene>
<INIT seed="0,1,0,5,1,91" ten="320,220,230,230" oya="0" hai0="135,51,35,40,61,42,92,90,101,130,122,17,107" hai1="80,46,84,65,117,57,10,27,103,82,86,13,93" hai2="47,105,87,94,9,24,64,44,121,127,113,11,125" hai3="72,104,21,78,36,100,134,5,108,54,32,123,18"/><T126/><D122/><U74/><E117/><V3/><F121/><W81/><G32/><T12/><D130/><U49/><E27/><V39/><F105/><W50/><G123/><T118/><D118/><U128/><E74/><V2/><F113/><W116/><G116/><T19/><D35/><U69/><E69/><V110/><F64/><W58/><G108/><T115/><D115/><U120/><E120/><V73/><F73/><W15/><G36/><T22/><D135/><U98/><E128/><V119/><F119/><W89/><G134/><T56/><D107/><U133/><E133/><V79/><F24/><W16/><G5/><T41/><D126/><U124/><E124/><V112/><F79/><W34/><G34/><T33/><D33/><U71/><E71/><V55/><F87/><N who="1" m="33321" /><E57/><V0/><F0/><W31/><G31/><T114/><D101/><U109/><E65/><V62/><F112/><W75/><G75/><T43/><D19/><N who="1" m="8631" /><E109/><V26/><F26/><W66/><G66/><N who="0" m="39207" /><D114/><U77/><E77/><V7/><F110/><W28/><G28/><T14/><D14/><U29/><E29/><V68/><F39/><W25/><G89/><T63/><D63/><U53/><AGARI ba="1,0" hai="46,49,53,80,82,93,98,103" m="8631,33321" machi="53" ten="30,2000,0" yaku="8,1,52,1" doraHai="91" who="1" fromWho="1" sc="320,-11,220,23,230,-6,230,-6" />
</Scene>
<Scene>
<INIT seed="1,0,0,3,3,53" ten="309,243,224,224" oya="1" hai0="122,4,62,108,61,13,75,49,12,67,14,109,116" hai1="39,24,69,118,125,121,72,128,11,113,33,134,10" hai2="130,88,44,59,15,31,28,80,65,99,46,135,96" hai3="115,52,41,35,79,40,32,57,110,82,131,27,17"/><U42/><RYUUKYOKU type="yao9" ba="0,0" sc="309,0,243,0,224,0,224,0" hai1="10,11,24,33,39,42,69,72,113,118,121,125,128,134" />
</Scene>
<Scene>
<INIT seed="1,1,0,5,4,79" ten="309,243,224,224" oya="1" hai0="61,34,56,96,0,107,31,1,42,67,130,76,27" hai1="82,123,39,102,63,114,29,73,21,98,92,8,105" hai2="52,113,17,2,120,93,20,111,84,36,35,68,128" hai3="124,94,112,127,122,90,59,109,87,57,10,12,88"/><U19/><E123/><V91/><F120/><W135/><G122/><T62/><D130/><U117/><E117/><V6/><F36/><W22/><G112/><T50/><D76/><U118/><E118/><V9/><F68/><W132/><G109/><T15/><D15/><U25/><E39/><V41/><F41/><W115/><G22/><T4/><D4/><U89/><E114/><V40/><F40/><W51/><G90/><T37/><D37/><U119/><E119/><V131/><F111/><W99/><G99/><T43/><D42/><U100/><E63/><V69/><F69/><W38/><G38/><T134/><D134/><N who="3" m="51241" /><G51/><T13/><D13/><N who="1" m="7591" /><E105/><V23/><F113/><W74/><G74/><T60/><D62/><U33/><E33/><V48/><F35/><W97/><G97/><T11/><D61/><U78/><E73/><V126/><F23/><W53/><G53/><T5/><D50/><U103/><E78/><V46/><REACH who="2" step="1"/><F126/><REACH who="2" ten="309,243,214,224" step="2"/><N who="3" m="48171" /><G115/><T101/><D43/><U108/><E108/><V45/><F45/><W65/><G65/><T125/><D125/><U16/><E29/><V49/><F49/><W81/><G94/><T14/><AGARI ba="1,1" hai="0,1,5,11,14,27,31,34,56,60,67,96,101,107" machi="14" ten="20,1500,0" yaku="0,1,7,1" doraHai="79" who="0" fromWho="0" sc="309,28,243,-8,214,-5,224,-5" />
</Scene>
<Scene>
<INIT seed="2,0,0,3,4,6" ten="337,235,209,219" oya="2" hai0="85,9,125,113,87,58,65,20,81,54,102,21,74" hai1="26,66,132,13,37,116,42,39,49,55,34,99,103" hai2="18,10,52,108,80,114,47,83,84,7,17,1,12" hai3="59,79,48,14,75,121,104,53,105,82,89,129,111"/><V22/><F114/><W106/><G121/><T95/><D113/><U36/><E116/><V100/><F108/><W126/><G111/><T86/><D125/><U135/><E42/><V35/><F35/><W72/><G126/><T31/><D74/><U56/><E66/><V27/><F100/><W51/><G129/><T57/><D65/><U8/><E26/><V38/><F84/><N who="0" m="32362" /><D9/><U76/><E76/><V40/><REACH who="2" step="1"/><F52/><REACH who="2" ten="337,235,199,219" step="2"/><W134/><G75/><T131/><D54/><U70/><E34/><V93/><F93/><W41/><G134/><T78/><D95/><U25/><E135/><V33/><F33/><W43/><G89/><T60/><D102/><U94/><E132/><V109/><F109/><W23/><G51/><T112/><D87/><U29/><E94/><V124/><F124/><W98/><G98/><T4/><D112/><U123/><E99/><V11/><AGARI ba="0,1" hai="1,7,10,11,12,17,18,22,27,38,40,47,80,83" machi="11" ten="20,12000,1" yaku="1,1,0,1,7,1,52,2,53,0" doraHai="6" doraHaiUra="133" who="2" fromWho="2" sc="337,-40,235,-40,199,130,219,-40" />
</Scene>
<Scene>
<INIT seed="2,1,0,1,4,121" ten="297,195,329,179" oya="2" hai0="73,78,22,23,59,97,128,105,75,135,74,66,14" hai1="111,61,33,96,133,38,132,80,72,91,116,93,32" hai2="8,81,126,46,114,129,13,69,20,21,1,11,99" hai3="64,53,29,76,19,6,94,36,17,90,98,85,104"/><V54/><F114/><W57/><G36/><T15/><D135/><N who="1" m="51787" /><E38/><V130/><F69/><W44/><G29/><T95/><D105/><U34/><E61/><V107/><F1/><W39/><G6/><T28/><D128/><N who="2" m="49258" /><F126/><W27/><G104/><T102/><D78/><N who="1" m="44103" /><E116/><V0/><F0/><W108/><G64/><T7/><D7/><U131/><E131/><V30/><F81/><W10/><G19/><T25/><REACH who="0" step="1"/><D22/><REACH who="0" ten="287,195,329,179" step="2"/><U51/><E32/><V127/><F21/><W4/><G4/><T84/><D84/><U110/><E33/><V62/><F20/><W124/><G85/><T43/><D43/><U16/><E34/><V12/><F107/><W70/><G124/><T56/><D56/><U115/><E115/><V55/><F127/><W89/><G57/><T92/><D92/><U31/><E31/><V26/><F11/><W3/><G94/><T109/><D109/><N who="1" m="41483" /><E16/><V112/><F30/><W82/><G17/><T118/><D118/><U101/><E51/><V125/><F112/><W120/><G108/><T2/><D2/><U65/><E65/><V122/><F125/><W123/><G3/><T100/><D100/><AGARI ba="1,1" hai="91,93,96,100,101" m="41483,44103,51787" machi="100" ten="30,12000,2" yaku="20,1,14,1,34,2,52,3" doraHai="121" who="1" fromWho="0" sc="287,-123,195,133,329,0,179,0" />
</Scene>
<Scene>
<INIT seed="3,0,0,2,1,65" ten="164,328,329,179" oya="3" hai0="29,100,117,0,124,39,108,82,27,36,88,121,8" hai1="26,77,80,60,76,17,79,127,133,37,114,115,98" hai2="103,9,93,40,35,91,28,107,129,5,71,89,57" hai3="44,3,67,48,4,1,102,11,20,92,97,50,66"/><W58/><G3/><T72/><D121/><U75/><E37/><V122/><F40/><W110/><G110/><T30/><D117/><U128/><E127/><V13/><F122/><W19/><G58/><T42/><D124/><U54/><E133/><V62/><F129/><W38/><G38/><T47/><D108/><U51/><E128/><V111/><F111/><W10/><G10/><T68/><D39/><U49/><E98/><N who="2" m="61943" /><F93/><W123/><G123/><T70/><D100/><U14/><E26/><N who="2" m="18839" /><F57/><W63/><G63/><T131/><D131/><U46/><E51/><V2/><F2/><W105/><G50/><T45/><D45/><U7/><E7/><V120/><F120/><W109/><G105/><T81/><D81/><U118/><E118/><V126/><F126/><W106/><G106/><T61/><D88/><U96/><E96/><V22/><F22/><W73/><G73/><T104/><D104/><U84/><E75/><V132/><F132/><W134/><G134/><T34/><D30/><U25/><E25/><V87/><F87/><W90/><G102/><T64/><D0/><U55/><E115/><V41/><F41/><W6/><G6/><T74/><D8/><N who="1" m="6343" /><E114/><V21/><F21/><W59/><G59/><AGARI ba="0,0" hai="46,49,54,55,59,60,76,77,79,80,84" m="6343" machi="59" ten="30,1000,0" yaku="8,1" doraHai="65" who="1" fromWho="3" sc="164,0,328,10,329,0,179,-10" />
</Scene>
<Scene>
<INIT seed="4,0,0,2,4,100" ten="164,338,329,169" oya="0" hai0="0,68,109,91,4,72,51,74,11,46,84,33,124" hai1="127,13,2,30,54,1,108,102,110,3,79,45,73" hai2="41,38,85,69,55,129,56,120,24,21,93,103,14" hai3="80,105,29,63,90,104,23,27,35,49,71,130,118"/><T125/><D33/><U65/><E127/><N who="0" m="48713" /><D68/><U25/><E65/><V58/><F120/><W119/><G118/><T83/><D109/><U126/><E126/><V15/><F69/><W43/><G119/><T116/><D116/><U60/><E13/><V53/><F129/><W114/><G130/><T12/><D0/><U9/><E9/><V17/><F38/><W87/><G114/><T132/><D132/><U42/><E79/><V92/><F41/><AGARI ba="0,0" hai="4,11,12,41,46,51,72,74,83,84,91" m="48713" machi="41" ten="30,1500,0" yaku="18,1" doraHai="100" who="0" fromWho="2" sc="164,15,338,0,329,-15,169,0" />
</Scene>
<Scene>
<INIT seed="4,1,0,4,5,34" ten="179,338,314,169" oya="0" hai0="66,54,13,28,35,9,19,41,124,118,50,111,67" hai1="113,5,55,24,110,52,114,102,58,135,123,36,46" hai2="8,1,95,93,128,80,69,31,3,81,76,86,77" hai3="44,71,74,21,117,82,101,32,68,47,25,18,15"/><T106/><D106/><U43/><E110/><V131/><F69/><W38/><G117/><T72/><D118/><U61/><E123/><V45/><F31/><W115/><G115/><N who="1" m="44042" /><E102/><V132/><F45/><W125/><G125/><T12/><D111/><U105/><E105/><V57/><F57/><W133/><G47/><T119/><D119/><U97/><E97/><V20/><F20/><W23/><G32/><T89/><D72/><U91/><E91/><V63/><F63/><W134/><G101/><T108/><D108/><U16/><E5/><V26/><F26/><W83/><G44/><N who="0" m="25871" /><D35/><U112/><E135/><N who="3" m="51722" /><G38/><T4/><D124/><U94/><E94/><N who="2" m="35851" /><F8/><W120/><G120/><T92/><D28/><U78/><E78/><V107/><F107/><W88/><G83/><T51/><D13/><U122/><E122/><V100/><F100/><W37/><G37/><T53/><D4/><U65/><E112/><V0/><F132/><W84/><G74/><T56/><D53/><U2/><E2/><N who="2" m="515" /><V60/><DORA hai="98" /><F80/><W73/><G73/><T79/><D79/><U87/><E87/><AGARI ba="1,0" hai="9,12,19,51,54,56,66,67,87,89,92" m="25871" machi="87" ten="30,1500,0" yaku="8,1" doraHai="34,98" who="0" fromWho="1" sc="179,18,338,-18,314,0,169,0" />
</Scene>
<Scene>
<INIT seed="4,2,0,5,3,118" ten="197,320,314,169" oya="0" hai0="31,29,35,18,90,122,52,111,43,69,12,50,105" hai1="60,49,5,15,37,58,108,77,32,6,81,96,123" hai2="41,0,129,85,66,4,56,126,62,132,86,65,124" hai3="99,26,78,38,17,102,22,40,92,44,91,93,11"/><T79/><D105/><U67/><E37/><V113/><F113/><W42/><G40/><T125/><D69/><U21/><E32/><V109/><F109/><W72/><G78/><T28/><D111/><U117/><E117/><V74/><F74/><W89/><G72/><T135/><D122/><U47/><E123/><V57/><F41/><W94/><G11/><T16/><D135/><U75/><E96/><V59/><F132/><W133/><REACH who="3" step="1"/><G133/><REACH who="3" ten="197,320,314,159" step="2"/><T98/><D125/><U119/><E108/><V2/><F124/><W101/><G101/><T64/><D35/><U9/><E119/><V27/><F126/><W120/><G120/><T30/><N who="0" m="7680" /><DORA hai="46" /><T73/><D73/><U7/><E21/><V24/><F129/><W10/><G10/><N who="0" m="6167" /><D64/><U51/><E75/><V25/><F65/><W36/><G36/><T106/><D43/><U130/><E130/><V110/><F66/><W34/><G34/><T97/><D106/><AGARI ba="2,1" hai="17,22,26,38,42,44,89,91,92,93,94,99,102,106" machi="106" ten="40,2600,0" yaku="1,1,53,1" doraHai="118,46" doraHaiUra="55,100" who="3" fromWho="0" sc="197,-32,320,0,314,0,159,42" />
</Scene>
<Scene>
<INIT seed="5,0,0,5,5,29" ten="165,320,314,201" oya="1" hai0="31,51,55,135,50,3,92,125,71,118,120,25,132" hai1="127,133,99,19,24,2,61,45,12,109,6,0,81" hai2="116,42,28,102,66,105,62,15,68,93,113,131,34" hai3="14,89,86,119,5,95,128,52,91,35,100,67,56"/><U130/><E109/><V38/><F116/><W32/><G119/><T9/><D118/><U10/><E130/><V101/><F93/><W134/><G128/><T123/><D71/><U76/><E133/><N who="0" m="51273" /><D92/><U26/><E127/><V129/><F101/><W87/><G134/><T46/><D51/><U58/><E45/><N who="2" m="23767" /><F15/><W1/><G1/><T94/><D94/><U11/><E0/><V121/><F121/><N who="0" m="46666" /><D125/><U41/><E41/><V103/><F103/><W79/><G100/><T96/><D96/><U30/><E30/><V75/><F102/><W33/><G67/><T59/><D59/><U104/><E99/><V98/><F28/><W48/><G79/><T43/><D43/><U72/><E104/><V69/><F98/><W65/><G65/><AGARI ba="0,0" hai="2,6,10,11,12,19,24,26,58,61,65,72,76,81" machi="65" ten="30,1500,0" yaku="7,1" doraHai="29" who="1" fromWho="3" sc="165,0,320,15,314,0,201,-15" />
</Scene>
<Scene>
<INIT seed="5,1,0,5,4,70" ten="165,335,314,186" oya="1" hai0="132,55,100,58,117,84,77,69,41,4,131,72,37" hai1="18,75,102,26,32,113,2,121,119,12,65,50,23" hai2="47,31,40,0,45,14,27,61,112,126,104,20,17" hai3="78,103,34,85,8,90,73,62,88,9,16,19,98"/><U120/><E75/><V115/><F104/><W52/><G34/><T81/><D117/><U71/><E65/><V11/><F126/><W99/><G73/><T107/><D132/><U123/><E71/><V82/><F82/><N who="3" m="47319" /><G103/><T122/><D131/><U93/><E2/><V94/><F61/><W39/><G39/><T10/><D122/><U79/><E79/><V60/><F60/><W53/><G9/><T125/><D125/><U51/><E119/><V38/><F94/><N who="3" m="56647" /><G8/><T128/><D128/><U111/><E111/><V33/><REACH who="2" step="1"/><F47/><REACH who="2" ten="165,335,304,186" step="2"/><W64/><G64/><T135/><D107/><U96/><E120/><V21/><F21/><W97/><G62/><T66/><D10/><N who="1" m="6423" /><E123/><V29/><F29/><W133/><G133/><T28/><D28/><N who="1" m="17503" /><E121/><V108/><F108/><W76/><G76/><T44/><D77/><U54/><E32/><V24/><F24/><W89/><G89/><T68/><D135/><U22/><E22/><V49/><F49/><W134/><G134/><T56/><D72/><U63/><E63/><V67/><F67/><W110/><G110/><T3/><D66/><U30/><E30/><V118/><F118/><W59/><G59/><T48/><D58/><N who="1" m="33111" /><E51/><V25/><F25/><W7/><G90/><T15/><D68/><U46/><E46/><V124/><F124/><W86/><G7/><AGARI ba="1,1" hai="0,7,11,14,17,20,27,31,33,38,40,45,112,115" machi="7" ten="40,8000,1" yaku="1,1,24,2,52,1,53,1" doraHai="70" doraHaiUra="6" who="2" fromWho="3" sc="165,0,335,0,304,93,186,-83" />
</Scene>
<Scene>
<INIT seed="6,0,0,5,1,53" ten="165,335,397,103" oya="2" hai0="6,94,116,71,73,63,45,56,9,93,104,60,62" hai1="127,39,67,128,102,98,31,117,14,129,79,113,16" hai2="68,10,96,23,26,43,13,126,66,131,57,34,65" hai3="8,12,5,40,30,61,46,100,82,132,19,70,21"/><V4/><F68/><W69/><G132/><T49/><D116/><U108/><E108/><V75/><F75/><W83/><G100/><T7/><D104/><U33/><E39/><V44/><F126/><W29/><G69/><T1/><D73/><U51/><E79/><V25/><F131/><N who="1" m="50249" /><E117/><V115/><F115/><W18/><G70/><T72/><D72/><U11/><E67/><V15/><F34/><W37/><G61/><T110/><D110/><U64/><E64/><V81/><F81/><W118/><G118/><T28/><D71/><U95/><E51/><N who="2" m="27039" /><F96/><W111/><G111/><T134/><D134/><U47/><E47/><V55/><F15/><W42/><G42/><T38/><D38/><U0/><E0/><V74/><F74/><W123/><G123/><T124/><D45/><U112/><E127/><V41/><F41/><W89/><G83/><T2/><D124/><U106/><E106/><V50/><F26/><AGARI ba="0,0" hai="11,14,16,26,31,33,95,98,102,112,113" m="50249" machi="26" ten="30,2000,0" yaku="19,1,54,1" doraHai="53" who="1" fromWho="2" sc="165,0,335,20,397,-20,103,0" />
</Scene>
<Scene>
<INIT seed="7,0,0,2,3,53" ten="165,355,377,103" oya="3" hai0="44,20,36,41,19,46,29,80,65,100,25,85,77" hai1="71,98,12,30,82,48,75,15,116,13,5,134,127" hai2="111,70,39,118,121,115,35,81,101,84,119,135,61" hai3="99,55,94,124,3,95,38,33,83,130,62,133,123"/><W59/><G123/><T24/><D100/><U90/><E71/><V1/><RYUUKYOKU type="yao9" ba="0,0" sc="165,0,355,0,377,0,103,0" hai2="1,35,39,61,70,81,84,101,111,115,118,119,121,135" />
</Scene>
<Scene>
<INIT seed="7,1,0,0,0,17" ten="165,355,377,103" oya="3" hai0="87,15,97,40,76,114,22,52,36,125,7,88,47" hai1="128,61,73,28,34,39,86,20,11,67,89,8,71" hai2="58,29,93,102,112,44,65,5,78,130,51,96,84" hai3="2,83,42,46,92,0,99,85,132,43,50,59,91"/><W45/><G132/><T12/><D125/><U23/><E73/><V14/><F112/><W19/><G59/><T109/><D109/><U57/><E39/><V120/><F130/><W41/><G41/><T66/><D114/><U110/><E110/><V75/><F75/><W98/><G98/><T127/><D127/><U124/><E124/><V70/><F70/><W77/><REACH who="3" step="1"/><G19/><REACH who="3" ten="165,355,377,93" step="2"/><T48/><D40/><U103/><E57/><V134/><F58/><W62/><G62/><T24/><D97/><U95/><E61/><V53/><F134/><W18/><G18/><T69/><D69/><U35/><E71/><V55/><F96/><W80/><G80/><N who="0" m="49255" /><D36/><AGARI ba="1,1" hai="0,2,36,42,43,45,46,50,77,83,85,91,92,99" machi="36" ten="30,2900,0" yaku="1,1,7,1,53,0" doraHai="17" doraHaiUra="54" who="3" fromWho="0" sc="165,-32,355,0,377,0,93,42" />
</Scene>
<Scene>
<INIT seed="7,2,0,4,2,81" ten="133,355,377,135" oya="3" hai0="123,98,0,26,45,103,67,21,35,3,122,63,74" hai1="66,82,101,60,130,106,44,33,30,118,31,40,6" hai2="80,39,15,89,8,99,114,32,117,51,22,113,46" hai3="94,34,61,126,90,19,86,119,127,85,108,10,28"/><W1/><G119/><T37/><D74/><U62/><E118/><V92/><F117/><W24/><G108/><T77/><D77/><U54/><E54/><N who="2" m="30071" /><F32/><W16/><G61/><T68/><D21/><U129/><E6/><N who="2" m="3479" /><F39/><W43/><G43/><N who="0" m="22767" /><D98/><N who="1" m="61751" /><E62/><V73/><F73/><W105/><G105/><T59/><D59/><U120/><E120/><N who="0" m="46121" /><D103/><U128/><E33/><V14/><F80/><W58/><G58/><T56/><D56/><N who="1" m="37127" /><E82/><V121/><F121/><W104/><G104/><T12/><D12/><U20/><E20/><V18/><F114/><W132/><G132/><T23/><D23/><U65/><E65/><V27/><F113/><W95/><G1/><T50/><D50/><U7/><E7/><V125/><F14/><W2/><G2/><T93/><D93/><U110/><E110/><V72/><F72/><W84/><G10/><T83/><D83/><U53/><E53/><V69/><F69/><W71/><G71/><T96/><D96/><U100/><E100/><V88/><F89/><N who="3" m="53543" /><G85/><T75/><D75/><U48/><AGARI ba="2,0" hai="30,31,40,44,48,128,129,130" m="37127,61751" machi="48" ten="30,1100,0" yaku="19,1" doraHai="81" who="1" fromWho="1" sc="133,-5,355,17,377,-5,135,-7" owari="128,-27.0,372,47.0,372,17.0,128,-37.0" />
</Scene>
</mjloggm>