<mjloggm ver="2.3"><GO type="169" lobby="0"/><UN n0="%E5%A4%AA%E3%81%8F%E3%81%AA%E3%81%84%E3%81%8A" n1="%E8%B5%A4%E9%9B%AA%57%45%4C" n2="%E3%82%B9%E3%83%86%E3%83%AB%E3%82%B9%6B%69%6E%6F" n3="%E9%AB%98%E7%94%BA%E3%83%B4%E3%82%A3%E3%83%B4%E3%82%A3%E3%82%AA%E2%98%86" dan="18,16,17,17" rate="2174.08,2121.19,2146.34,2115.32" sx="F,M,F,F"/><TAIKYOKU oya="0"/>

<Scene>
<INIT seed="0,0,0,2,0,73" ten="250,250,250,250" oya="0" hai0="86,58,132,57,120,106,59,29,3,5,94,64,50" hai1="104,44,122,15,102,27,78,41,43,14,124,24,18" hai2="25,67,101,77,96,33,112,39,16,107,8,84,34" hai3="21,31,72,2,95,52,23,42,13,9,134,128,88"/><T54/><D120/><U97/><E124/><V40/><F112/><W114/><G114/><T125/><D106/><U56/><E122/><V99/><F99/><W11/><G72/><T26/><D125/><U68/><E68/><V100/><F100/><W127/><G127/><T81/><D132/><U4/><E56/><V6/><F67/><W10/><G2/><T119/><D119/><U108/><E43/><V109/><F109/><W105/><G105/><T131/><D131/><U69/><E69/><V92/><F40/><W47/><G134/><T36/><D36/><U133/><E133/><V93/><F39/><W46/><G128/><T126/><D94/><U91/><E91/><V66/><F66/><W103/><G103/><T115/><D115/><U37/><E108/><V83/><F34/><W48/><G13/><T90/><D126/><U129/><E129/><V75/><F75/><W89/><G31/><T51/><D64/><U35/><E35/><V87/><F87/><N who="3" m="52639" /><G89/><T32/><D3/><U98/><E98/><V85/><F85/><W117/><G117/><T121/><D121/><U49/><E37/><V12/><REACH who="2" step="1"/><F6/><REACH who="2" ten="250,250,240,250" step="2"/><W45/><G42/><T63/><D5/><U123/><E4/><V111/><F111/><W60/><G60/><T22/><D32/><U130/><E41/><V1/><F1/><W71/><G71/><T135/><D135/><U110/><E123/><V17/><F17/><W79/><G79/><T28/><D28/><AGARI ba="0,1" hai="8,12,16,25,28,33,77,83,84,92,93,96,101,107" machi="28" ten="40,8000,1" yaku="1,1,52,1,54,1,53,1" doraHai="73" doraHaiUra="30" who="2" fromWho="0" sc="250,-80,250,0,240,90,250,0" />
</Scene>
<Scene>
<INIT seed="1,0,0,1,2,82" ten="170,250,330,250" oya="1" hai0="130,2,67,72,30,89,110,43,122,105,17,100,70" hai1="125,56,134,85,52,7,84,94,60,86,15,118,83" hai2="101,9,109,99,112,18,27,80,53,111,48,64,133" hai3="28,132,93,57,126,106,33,124,13,79,71,121,38"/><U55/><E118/><V31/><F133/><W69/><G106/><T87/><D2/><U123/><E123/><V58/><F64/><W96/><G38/><T40/><D72/><U22/><E134/><V1/><F112/><W11/><G132/><T25/><D122/><U65/><E125/><N who="3" m="48234" /><G121/><T45/><D110/><U16/><E7/><V73/><F1/><W50/><G79/><T91/><D17/><U42/><E42/><V77/><F9/><W61/><G50/><T117/><D117/><U49/><E94/><V32/><REACH who="2" step="1"/><F18/><REACH who="2" ten="170,250,320,250" step="2"/><N who="3" m="8511" /><G28/><T4/><D30/><U114/><E114/><V46/><F46/><W68/><G33/><T115/><D45/><N who="1" m="27695" /><E65/><V29/><F29/><W92/><G96/><T127/><D115/><U129/><E129/><V24/><F24/><W12/><G12/><T104/><D25/><U3/><E3/><V135/><F135/><W10/><G10/><T103/><D130/><U23/><E23/><V128/><F128/><W62/><G71/><T108/><D70/><U6/><E6/><V74/><F74/><W107/><G69/><T8/><D127/><U102/><E102/><V98/><F98/><W14/><G68/><T88/><D67/><U116/><E116/><V41/><F41/><W21/><G14/><T19/><D43/><U97/><E97/><V44/><F44/><W54/><G21/><T20/><D40/><U37/><E37/><V0/><F0/><W120/><G120/><T39/><D39/><U76/><AGARI ba="0,1" hai="15,16,22,55,56,60,76,83,84,85,86" m="27695" machi="76" ten="30,18000,2" yaku="8,1,52,3,54,2" doraHai="82" who="1" fromWho="1" sc="170,-60,250,190,320,-60,250,-60" />
</Scene>
<Scene>
<INIT seed="1,1,0,2,2,90" ten="110,440,260,190" oya="1" hai0="23,132,68,88,135,37,48,72,119,102,109,91,81" hai1="98,70,59,28,118,75,111,0,108,131,115,74,82" hai2="46,78,51,84,61,21,95,113,64,42,124,10,9" hai3="29,30,71,86,41,12,112,127,19,36,116,89,3"/><U25/><E70/><V33/><F33/><W13/><G71/><T126/><D37/><U16/><E0/><V97/><F124/><W5/><G112/><T43/><D68/><U76/><E115/><V69/><F113/><W66/><G127/><T2/><D126/><U20/><E118/><V121/><F121/><W55/><G66/><T39/><D39/><U100/><E131/><V105/><F105/><W18/><G116/><T44/><D119/><U101/><E75/><V11/><F21/><N who="3" m="11463" /><G36/><T54/><D2/><U27/><E59/><V15/><F84/><W79/><G41/><T83/><D109/><N who="1" m="42059" /><E98/><V85/><F85/><W22/><G79/><T45/><D72/><U63/><E63/><V106/><F78/><W104/><G5/><T60/><D60/><U114/><E114/><V62/><F62/><W56/><G3/><T57/><D57/><U40/><E40/><V53/><F106/><W117/><G104/><T80/><D43/><U130/><E130/><V31/><F31/><W26/><G117/><T110/><D110/><U129/><E129/><V92/><F97/><W96/><G96/><T65/><D132/><U7/><E7/><V47/><REACH who="2" step="1"/><F15/><REACH who="2" ten="110,440,250,190" step="2"/><W34/><G13/><T8/><D135/><U58/><E58/><V35/><F35/><AGARI ba="1,1" hai="16,20,25,27,28,35,74,76,82,100,101" m="42059" machi="35" ten="30,5800,0" yaku="14,1,10,1,54,1" doraHai="90" who="1" fromWho="2" sc="110,0,440,71,250,-61,190,0" />
</Scene>
<Scene>
<INIT seed="1,2,0,1,5,25" ten="110,511,189,190" oya="1" hai0="13,1,119,130,70,28,83,85,10,35,113,63,72" hai1="111,80,2,60,41,45,65,82,6,106,16,101,44" hai2="128,123,37,67,34,75,22,114,93,55,79,52,126" hai3="26,122,124,33,11,131,19,27,74,86,9,78,20"/><U64/><E111/><V97/><F123/><W127/><G74/><T66/><D119/><U77/><E64/><V56/><F34/><W117/><G122/><T53/><D113/><U42/><E6/><V134/><F37/><W29/><G117/><T118/><D118/><U96/><E2/><V107/><F107/><W32/><G78/><T24/><D130/><U103/><E103/><V49/><F128/><W8/><G86/><T31/><D72/><U112/><E112/><V58/><F114/><W23/><G131/><T59/><D1/><U50/><E77/><V100/><F134/><W116/><G116/><T104/><D104/><U4/><E4/><V68/><F126/><AGARI ba="2,0" hai="8,9,11,19,20,23,26,27,29,32,33,124,126,127" machi="126" ten="40,8000,1" yaku="18,1,34,3,52,1" doraHai="25" who="3" fromWho="2" sc="110,0,511,0,189,-86,190,86" />
</Scene>
<Scene>
<INIT seed="2,0,0,0,5,51" ten="110,511,103,276" oya="2" hai0="3,43,86,7,96,131,54,102,12,82,134,93,66" hai1="122,46,62,87,42,88,36,59,16,99,32,79,19" hai2="85,133,71,63,15,65,129,91,68,104,106,8,49" hai3="101,130,118,132,126,17,95,67,125,47,53,2,41"/><V56/><F129/><W27/><G2/><T58/><D131/><U23/><E32/><V29/><F133/><W10/><G118/><T9/><D134/><U81/><E122/><V80/><F29/><W77/><G130/><T0/><D66/><U114/><E114/><V112/><F112/><W13/><G132/><T84/><D43/><U39/><E39/><V116/><F116/><W98/><G67/><T90/><REACH who="0" step="1"/><D86/><REACH who="0" ten="100,511,103,276" step="2"/><U124/><E124/><V61/><F71/><W20/><G41/><T33/><D33/><U26/><E99/><V111/><F111/><W89/><G126/><T35/><D35/><U113/><E113/><V14/><F49/><AGARI ba="0,1" hai="0,3,7,9,12,49,54,58,82,84,90,93,96,102" machi="49" ten="30,7700,0" yaku="1,1,7,1,52,1,53,1" doraHai="51" doraHaiUra="11" who="0" fromWho="2" sc="100,87,511,0,103,-77,276,0" />
</Scene>
<Scene>
<INIT seed="3,0,0,2,5,51" ten="187,511,26,276" oya="3" hai0="131,38,84,93,115,129,61,48,71,43,15,106,111" hai1="126,65,128,101,5,41,60,135,68,10,52,134,19" hai2="78,21,119,12,33,77,64,31,109,123,53,8,100" hai3="132,58,133,7,82,76,42,116,59,20,27,23,92"/><W72/><G116/><T97/><D38/><U56/><E41/><V11/><F119/><W50/><G7/><T88/><D111/><U91/><E101/><V107/><F109/><W95/><G23/><T86/><D115/><U0/><E128/><N who="0" m="49225" /><D106/><U98/><E19/><V63/><F123/><W30/><G42/><T124/><D124/><U37/><E37/><V35/><F35/><W18/><G30/><T121/><D121/><U70/><E126/><V117/><F117/><W80/><G80/><T28/><D28/><U36/><E36/><V113/><F113/><W29/><G29/><T55/><D43/><U34/><E34/><V49/><F11/><W83/><G83/><T130/><D15/><U110/><E110/><V103/><F33/><W44/><G44/><N who="0" m="28039" /><D130/><U1/><E1/><V66/><F107/><W125/><G125/><T127/><D127/><U85/><E98/><V62/><F31/><W17/><G17/><T57/><D71/><U96/><E96/><V67/><F21/><W73/><G18/><T13/><D13/><U99/><E99/><V102/><F78/><W22/><G76/><T94/><D93/><U90/><E70/><V24/><F24/><W3/><G3/><T14/><D14/><U26/><E26/><V16/><REACH who="2" step="1"/><F77/><REACH who="2" ten="187,511,16,276" step="2"/><W89/><G27/><T81/><D81/><U32/><E32/><V9/><F9/><W108/><G82/><T45/><D94/><U47/><E10/><V87/><F87/><W122/><G108/><T104/><D86/><U79/><E85/><V40/><F40/><W46/><G122/><T39/><D104/><RYUUKYOKU ba="0,1" sc="187,-10,511,-10,16,30,276,-10" hai2="8,12,16,49,53,62,63,64,66,67,100,102,103" />
</Scene>
<Scene>
<INIT seed="4,1,1,0,2,51" ten="177,501,46,266" oya="0" hai0="73,102,64,16,75,18,31,99,55,4,35,45,34" hai1="70,59,66,76,135,46,129,86,81,5,80,122,118" hai2="93,40,30,48,19,116,27,104,32,22,106,88,114" hai3="57,26,83,90,132,111,92,82,112,126,53,29,58"/><T128/><D4/><U124/><E70/><V61/><F114/><W21/><G111/><T74/><D64/><U24/><E5/><V98/><F116/><W0/><G112/><T71/><D71/><U43/><E118/><V9/><F9/><W94/><G0/><T41/><D128/><U89/><E129/><V131/><F131/><W96/><G132/><T28/><D55/><U97/><E135/><V14/><REACH who="2" step="1"/><F61/><REACH who="2" ten="177,501,36,266" step="2"/><N who="3" m="36015" /><G126/><T13/><D35/><U17/><E122/><V84/><F84/><N who="3" m="52295" /><G58/><T23/><D34/><U42/><E59/><V103/><F103/><AGARI ba="1,2" hai="21,26,29,82,83,94,96,103" m="52295,36015" machi="103" ten="30,2000,0" yaku="8,1,52,1" doraHai="51" who="3" fromWho="2" sc="177,0,501,0,36,-23,266,43" />
</Scene>
<Scene>
<INIT seed="5,0,0,2,0,127" ten="177,501,13,309" oya="1" hai0="33,53,45,24,133,47,112,20,5,14,70,60,86" hai1="105,8,122,1,128,0,125,130,106,56,54,34,93" hai2="123,76,32,82,96,9,18,87,103,89,118,129,102" hai3="61,4,30,64,40,90,29,66,50,27,38,26,135"/><U101/><E34/><V111/><F32/><W36/><G135/><T69/><D33/><U81/><E122/><V44/><F44/><W80/><G50/><T22/><D112/><U51/><E125/><V134/><F9/><W37/><G40/><T99/><D133/><U52/><E81/><N who="2" m="49391" /><F18/><W68/><G64/><T19/><D99/><U48/><E93/><N who="2" m="58639" /><F134/><W21/><G4/><T126/><D126/><U83/><E83/><V115/><F123/><W74/><G74/><T120/><D120/><U114/><E114/><V110/><F115/><W41/><G41/><T15/><D5/><U84/><E84/><N who="2" m="48199" /><F118/><W107/><G38/><T6/><D6/><U17/><E101/><V104/><F103/><W109/><G36/><T97/><D69/><U116/><E116/><V75/><F75/><W63/><G37/><T42/><D70/><U28/><E28/><V46/><F46/><W16/><G30/><T94/><D47/><U119/><E119/><V13/><F13/><W72/><G68/><T71/><D15/><U117/><E117/><V124/><F124/><W43/><G29/><T77/><D71/><U73/><E73/><V39/><F39/><W12/><G72/><T85/><D45/><U62/><E17/><V25/><F25/><W132/><G16/><T78/><D24/><U49/><E8/><V98/><F129/><N who="1" m="49769" /><E54/><V100/><AGARI ba="0,0" hai="98,100,104,110,111" m="48199,58639,49391" machi="100" ten="30,2000,0" yaku="34,2" doraHai="127" who="2" fromWho="2" sc="177,-5,501,-10,13,20,309,-5" />
</Scene>
<Scene>
<INIT seed="6,0,0,2,5,65" ten="172,491,33,304" oya="2" hai0="82,74,98,72,56,78,93,50,34,71,129,61,66" hai1="125,8,103,86,111,14,104,49,64,128,0,18,22" hai2="39,29,6,70,24,23,43,84,4,17,79,87,114" hai3="27,32,40,28,12,123,3,21,113,58,5,2,126"/><V11/><F114/><W121/><G40/><T60/><D129/><U94/><E128/><V54/><F54/><W109/><G58/><T102/><D34/><U15/><E0/><N who="3" m="42" /><G109/><T131/><D131/><U37/><E37/><V92/><F70/><W83/><G83/><T45/><D74/><U59/><E104/><V122/><F122/><N who="3" m="46603" /><G126/><T99/><D99/><U108/><E125/><V26/><F39/><W67/><G67/><T35/><D35/><U132/><E132/><V75/><F43/><W57/><G57/><T63/><D56/><U105/><E105/><V52/><F75/><W106/><G106/><T48/><D48/><U134/><E134/><V20/><F52/><AGARI ba="0,0" hai="45,50,52,60,61,63,66,71,72,78,82,93,98,102" machi="52" ten="30,3900,0" yaku="7,1,52,1,54,1" doraHai="65" who="0" fromWho="2" sc="172,39,491,0,33,-39,304,0" owari="211,-19.0,491,60.0,-6,-51.0,304,10.0" />
</Scene>
</mjloggm>