<mjloggm ver="2.3"><GO type="169" lobby="0"/><UN n0="%E5%BC%B1%E8%99%AB" n1="%E5%A4%AA%E3%81%8F%E3%81%AA%E3%81%84%E3%81%8A" n2="%E3%81%BE%E3%81%AA%E3%81%84%E3%81%9F%E3%82%88%E3%81%86%E3%81%98%E3%82%87" n3="%E3%82%B2%E3%82%AA%E3%83%AB%E3%82%B2%E3%83%8F%E3%82%B8%39%34" dan="17,18,16,16" rate="2110.86,2171.39,2134.27,2101.59" sx="M,F,M,M"/><TAIKYOKU oya="0"/>

<Scene>
<INIT seed="0,0,0,3,2,90" ten="250,250,250,250" oya="0" hai0="24,87,25,113,109,71,10,110,92,62,36,114,39" hai1="102,11,0,15,46,54,100,28,88,17,82,42,80" hai2="104,96,16,51,52,75,66,129,73,4,23,21,101" hai3="31,65,61,7,69,13,115,81,121,33,98,103,117"/><T105/><D105/><U34/><E0/><V134/><F129/><W35/><G117/><T59/><D71/><U50/><E80/><V47/><F134/><W14/><G115/><N who="0" m="44043" /><D10/><U8/><E8/><V5/><F66/><W127/><G127/><T60/><D87/><N who="1" m="50295" /><E42/><V91/><F91/><W133/><G133/><T19/><D92/><U9/><E9/><V108/><F23/><W120/><G81/><T6/><D6/><U64/><E64/><V123/><F123/><N who="3" m="47179" /><G7/><T26/><D19/><U99/><E99/><V128/><F128/><W107/><G33/><T78/><D78/><U84/><E84/><V74/><REACH who="2" step="1"/><F108/><REACH who="2" ten="250,250,240,250" step="2"/><N who="0" m="41578" /><D62/><U119/><E119/><V55/><F55/><AGARI ba="0,1" hai="24,25,26,36,39,55,59,60" m="41578,44043" machi="55" ten="40,3900,0" yaku="14,1,10,1" doraHai="90" who="0" fromWho="2" sc="250,49,250,0,240,-39,250,0" />
</Scene>
<Scene>
<INIT seed="0,1,0,2,2,24" ten="299,250,201,250" oya="0" hai0="50,74,130,68,15,84,88,39,31,80,71,13,103" hai1="7,12,113,9,131,135,21,126,123,14,47,3,121" hai2="73,56,26,33,46,5,55,85,81,99,111,82,92" hai3="2,60,44,76,83,107,25,18,132,63,125,43,106"/><T116/><D39/><U128/><E47/><V42/><F111/><W100/><G2/><T65/><D116/><U59/><E59/><V119/><F73/><W52/><G125/><T90/><D130/><N who="1" m="49707" /><E126/><V32/><F5/><W109/><G109/><T28/><D103/><U49/><E49/><V34/><F119/><W102/><G132/><T101/><D101/><U69/><E69/><V45/><F42/><W41/><G102/><T57/><D74/><U16/><E135/><V53/><F26/><W30/><G18/><T48/><D65/><U27/><E113/><V20/><F20/><W96/><G107/><T95/><D71/><U40/><E40/><V129/><F99/><W29/><G41/><T67/><D68/><U0/><E14/><N who="0" m="5129" /><D67/><U97/><E97/><V105/><F129/><W89/><G89/><T124/><D124/><U86/><E86/><V120/><F85/><W11/><G11/><T122/><D122/><AGARI ba="1,0" hai="0,3,7,9,12,16,21,27,121,122,123" m="49707" machi="122" ten="30,7700,0" yaku="19,1,34,2,54,1" doraHai="24" who="1" fromWho="0" sc="299,-80,250,80,201,0,250,0" />
</Scene>
<Scene>
<INIT seed="1,0,0,4,5,33" ten="219,330,201,250" oya="1" hai0="111,109,46,8,64,89,134,129,71,120,114,48,13" hai1="104,59,37,131,119,95,29,76,68,79,69,2,20" hai2="58,63,133,118,50,86,127,51,107,16,61,40,65" hai3="55,57,84,52,108,34,56,110,93,87,90,43,113"/><U23/><E104/><V7/><F118/><W116/><G116/><T106/><D114/><U39/><E119/><V17/><F107/><W92/><G34/><T28/><D106/><U125/><E95/><V82/><F133/><W73/><G43/><T124/><D28/><U81/><E29/><V44/><F127/><W72/><REACH who="3" step="1"/><G90/><REACH who="3" ten="219,330,201,240" step="2"/><T53/><D89/><U75/><E125/><V94/><F51/><W21/><G21/><T54/><D124/><U121/><E23/><V123/><F123/><W100/><G100/><T103/><D103/><U49/><E20/><V36/><F36/><W101/><G101/><T70/><D120/><U80/><E49/><V0/><F63/><W102/><G102/><T9/><D134/><U32/><E32/><V132/><F132/><W112/><AGARI ba="0,1" hai="52,55,56,57,72,73,84,87,92,93,108,110,112,113" machi="112" ten="25,8000,1" yaku="1,1,0,1,22,2,54,1,53,0" doraHai="33" doraHaiUra="60" who="3" fromWho="3" sc="219,-20,330,-40,201,-20,240,90" />
</Scene>
<Scene>
<INIT seed="2,0,0,5,5,47" ten="199,290,181,330" oya="2" hai0="67,114,93,60,86,71,44,54,8,85,36,132,2" hai1="51,127,75,27,107,4,39,129,18,109,11,1,115" hai2="42,61,23,104,22,40,103,98,96,46,66,119,100" hai3="83,65,101,55,34,94,58,76,49,135,20,0,31"/><V116/><F119/><W68/><G0/><T84/><D114/><U95/><E107/><V126/><F126/><W56/><G34/><T45/><D132/><U21/><E39/><V59/><F116/><W41/><G135/><T70/><D70/><U53/><E115/><V82/><F82/><W69/><G41/><T130/><D130/><U88/><E129/><V106/><REACH who="2" step="1"/><F42/><REACH who="2" ten="199,290,171,330" step="2"/><W10/><G83/><T112/><D112/><U72/><E127/><V43/><F43/><W81/><G81/><T110/><D36/><AGARI ba="0,1" hai="22,23,36,40,46,59,61,66,96,98,100,103,104,106" machi="36" ten="30,5800,0" yaku="1,1,7,1,9,1,53,0" doraHai="47" doraHaiUra="113" who="2" fromWho="0" sc="199,-58,290,0,171,68,330,0" />
</Scene>
<Scene>
<INIT seed="2,1,0,4,3,22" ten="141,290,239,330" oya="2" hai0="123,63,29,62,1,107,21,127,61,3,58,44,40" hai1="116,135,100,43,17,19,126,74,83,25,35,8,96" hai2="56,113,80,75,66,33,76,106,129,38,14,20,108" hai3="94,39,15,46,110,115,13,98,88,7,51,87,49"/><V130/><F113/><W73/><G73/><T10/><D123/><U18/><E116/><V31/><F38/><W119/><G119/><T104/><D127/><U95/><E126/><V0/><F0/><W48/><G115/><T57/><D10/><U70/><E70/><V102/><F33/><W9/><G110/><T55/><D3/><U67/><E135/><V114/><F114/><W6/><G39/><T78/><D78/><U120/><E120/><V60/><F108/><W36/><G36/><T89/><D1/><U97/><E67/><V117/><F117/><W124/><G124/><T24/><D89/><U125/><E43/><V65/><F65/><W118/><G118/><T52/><D63/><U54/><E125/><V64/><F64/><W131/><G131/><N who="2" m="50185" /><F14/><W53/><G98/><T90/><D90/><U26/><E35/><V68/><F68/><W86/><G86/><T133/><D133/><U23/><E97/><N who="2" m="61775" /><F20/><W11/><AGARI ba="1,0" hai="6,7,9,11,13,15,46,48,49,51,53,87,88,94" machi="11" ten="30,7900,0" yaku="0,1,9,1,8,1,54,1" doraHai="22" who="3" fromWho="3" sc="141,-21,290,-21,239,-40,330,82" />
</Scene>
<Scene>
<INIT seed="3,0,0,0,1,61" ten="120,269,199,412" oya="3" hai0="70,9,2,69,85,45,89,133,108,130,117,36,19" hai1="91,81,114,73,37,62,66,94,43,124,14,6,78" hai2="3,8,113,57,132,102,123,106,129,72,47,38,12" hai3="110,111,63,31,11,121,52,44,71,1,42,115,134"/><W120/><G31/><T18/><D117/><U54/><E114/><V49/><F113/><W28/><G28/><T127/><D108/><N who="3" m="41513" /><G115/><T131/><D2/><U4/><E124/><V128/><F12/><W98/><G134/><T87/><D45/><U30/><E54/><V29/><F57/><N who="3" m="35239" /><G71/><T59/><D59/><U82/><E30/><V48/><F29/><W84/><G98/><T135/><D36/><U105/><E37/><V16/><F38/><N who="3" m="21591" /><G84/><T20/><D85/><U93/><E73/><V26/><F72/><W100/><G100/><T53/><D53/><U35/><E43/><V116/><F102/><W77/><G77/><T41/><D41/><U90/><E78/><V107/><F132/><N who="0" m="50762" /><D70/><U0/><E90/><V27/><F116/><W67/><G67/><T74/><D74/><U60/><E66/><V126/><F126/><W64/><G64/><T79/><D69/><U101/><E101/><V23/><F128/><N who="0" m="49194" /><D79/><U34/><E91/><V80/><F129/><W39/><G39/><T103/><D103/><U95/><E105/><V25/><F107/><W92/><G92/><N who="0" m="54335" /><D127/><U33/><E33/><V21/><F106/><W24/><G24/><T10/><D19/><U68/><E35/><V55/><F16/><W56/><G56/><T13/><AGARI ba="0,0" hai="9,10,13,18,20" m="54335,49194,50762" machi="13" ten="30,2000,0" yaku="20,1,19,1" doraHai="61" who="0" fromWho="0" sc="120,20,269,-5,199,-5,412,-10" />
</Scene>
<Scene>
<INIT seed="4,0,0,3,4,24" ten="140,264,194,402" oya="0" hai0="62,102,71,113,88,21,48,29,82,125,22,75,20" hai1="107,134,106,111,60,52,85,64,81,51,18,121,32" hai2="27,16,109,46,4,33,10,132,93,54,67,12,96" hai3="50,116,129,30,92,34,63,74,36,11,42,19,8"/><T117/><D117/><U23/><E111/><V35/><F109/><W53/><G116/><T100/><D113/><U72/><E121/><V68/><F132/><W41/><G129/><T103/><D125/><U14/><E72/><V15/><F68/><W7/><G74/><T130/><D130/><U37/><E37/><V80/><F67/><W69/><G36/><T89/><D48/><U73/><E73/><V98/><F80/><W9/><G7/><T65/><REACH who="0" step="1"/><D29/><REACH who="0" ten="130,264,194,402" step="2"/><U17/><E51/><V86/><F33/><W66/><G30/><T112/><D112/><U78/><E32/><V79/><F35/><W133/><G34/><T61/><D61/><U108/><E60/><V104/><F27/><W105/><G63/><T56/><D56/><U5/><E108/><V49/><F49/><W57/><G50/><T45/><D45/><U38/><E38/><V28/><F46/><W99/><G57/><T122/><D122/><U114/><E114/><V44/><F28/><W97/><G69/><T87/><D87/><U70/><E85/><V31/><F86/><W110/><G110/><T58/><D58/><U43/><E70/><V95/><F31/><W6/><G99/><T123/><D123/><U131/><E131/><V128/><F128/><W120/><G97/><T115/><D115/><U0/><E134/><V59/><F98/><W25/><G133/><T124/><D124/><U1/><E43/><V39/><F39/><W26/><G120/><T83/><D83/><U119/><E81/><V90/><F96/><W127/><G127/><T47/><D47/><U118/><E118/><RYUUKYOKU ba="0,1" sc="130,30,264,-10,194,-10,402,-10" hai0="20,21,22,62,65,71,75,82,88,89,100,102,103" />
</Scene>
<Scene>
<INIT seed="4,1,1,0,1,6" ten="160,254,184,392" oya="0" hai0="24,30,43,66,100,31,86,16,126,93,37,21,63" hai1="32,12,55,104,68,91,49,39,128,116,2,115,7" hai2="47,114,105,129,46,17,87,0,54,72,82,97,5" hai3="124,48,25,113,78,102,61,45,108,79,80,23,13"/><T81/><D126/><U106/><E116/><V110/><F110/><W52/><G108/><T111/><D111/><U64/><E32/><V11/><F114/><W18/><G113/><T71/><D43/><U70/><E39/><V134/><F129/><W132/><G124/><T62/><D37/><U29/><E115/><V92/><F134/><W118/><G132/><T120/><D120/><U127/><E127/><V1/><F1/><W99/><G118/><T122/><D122/><U84/><E2/><V119/><F119/><W125/><G125/><T20/><D62/><U88/><E29/><V60/><F17/><W117/><G117/><T131/><D131/><U3/><E3/><V57/><F72/><W75/><G61/><T10/><D10/><U130/><E64/><V44/><F105/><N who="1" m="40553" /><E12/><V8/><F5/><W4/><G79/><T51/><D51/><U50/><E7/><V53/><F53/><W14/><G4/><T65/><D65/><U89/><E84/><V58/><F58/><W74/><G75/><T15/><D31/><U27/><E27/><V85/><F0/><W41/><G41/><T83/><REACH who="0" step="1"/><D86/><REACH who="0" ten="150,254,184,392" step="2"/><N who="2" m="32778" /><F82/><W33/><G48/><N who="1" m="18538" /><E55/><V22/><F22/><W9/><G52/><T38/><D38/><U101/><E130/><V109/><F109/><W95/><G33/><T121/><D121/><U77/><E128/><V133/><F133/><W135/><G135/><T107/><D107/><U112/><E112/><V34/><F34/><W26/><G45/><T76/><D76/><U67/><E77/><V56/><F56/><W40/><G40/><T98/><AGARI ba="1,2" hai="15,16,20,21,24,30,63,66,71,81,83,93,98,100" machi="98" ten="30,12000,1" yaku="1,1,5,1,0,1,54,1,53,1" doraHai="6" doraHaiUra="96" who="0" fromWho="0" sc="150,143,254,-41,184,-41,392,-41" />
</Scene>
<Scene>
<INIT seed="4,2,0,5,3,68" ten="293,213,143,351" oya="0" hai0="24,109,122,31,20,14,16,50,72,114,51,52,54" hai1="36,84,70,107,108,88,89,94,40,62,57,98,15" hai2="124,10,69,58,100,61,90,67,120,65,1,86,4" hai3="79,27,91,82,3,71,134,77,93,106,121,39,64"/><T0/><D122/><U118/><E108/><V17/><F120/><W101/><G121/><T11/><D72/><U115/><E118/><V48/><F124/><W103/><G3/><T5/><D109/><U26/><E70/><V33/><F33/><W99/><G134/><T37/><D114/><U116/><E116/><V49/><F100/><W34/><G39/><T102/><D102/><U2/><E2/><V12/><F67/><W35/><G101/><T130/><D130/><U92/><E107/><V126/><F69/><W127/><G127/><T132/><D132/><U22/><E115/><V25/><F126/><W85/><G27/><T76/><D76/><U13/><E40/><V128/><F128/><W80/><G80/><T56/><D37/><U83/><E83/><V113/><F113/><W21/><G21/><T81/><D81/><U7/><E7/><V46/><F46/><W104/><G104/><T59/><D0/><U55/><REACH who="1" step="1"/><E36/><REACH who="1" ten="293,203,143,351" step="2"/><V6/><F1/><W32/><G106/><T135/><D135/><U111/><E111/><V78/><F78/><W74/><G74/><T45/><D45/><U47/><E47/><V87/><F4/><AGARI ba="2,1" hai="4,5,11,14,16,20,24,31,50,51,52,54,56,59" machi="4" ten="40,12000,1" yaku="9,1,8,1,54,2" doraHai="68" who="0" fromWho="2" sc="293,136,203,0,143,-126,351,0" />
</Scene>
<Scene>
<INIT seed="4,3,0,1,0,29" ten="429,203,17,351" oya="0" hai0="110,30,6,1,38,46,49,79,69,106,102,4,70" hai1="87,120,129,20,123,59,33,105,119,132,16,109,50" hai2="48,42,51,25,114,18,117,13,118,43,122,45,91" hai3="12,88,80,22,121,31,95,55,135,14,90,15,125"/><T17/><D30/><U71/><E109/><V99/><F25/><N who="3" m="16823" /><G125/><T75/><D110/><U83/><E119/><V134/><F99/><W89/><G135/><T36/><D17/><U82/><E71/><V5/><F13/><W73/><G73/><T40/><D49/><U63/><E105/><V78/><F91/><N who="3" m="34891" /><G80/><N who="0" m="45183" /><D6/><U67/><E129/><V96/><F78/><W107/><G107/><T23/><D23/><U7/><E7/><V21/><F96/><N who="3" m="57463" /><G121/><T97/><D36/><U130/><E130/><V76/><F18/><W52/><AGARI ba="3,0" hai="12,14,15,52,55" m="57463,34891,16823" machi="52" ten="30,4000,0" yaku="8,1,54,2" doraHai="29" who="3" fromWho="3" sc="429,-23,203,-13,17,-13,351,49" />
</Scene>
<Scene>
<INIT seed="5,0,0,4,3,121" ten="406,190,4,400" oya="1" hai0="15,91,131,4,86,114,46,132,112,9,49,77,73" hai1="6,105,97,0,48,134,20,100,43,37,95,58,98" hai2="130,34,78,22,2,40,94,57,66,123,127,11,38" hai3="135,108,62,17,92,1,3,45,10,102,32,76,104"/><U55/><E134/><V47/><F94/><W96/><G135/><T81/><D132/><U61/><E37/><V89/><F89/><W75/><G108/><T41/><REACH who="0" step="1"/><D131/><REACH who="0" ten="396,190,4,400" step="2"/><U31/><E105/><V60/><F130/><W110/><G110/><T44/><D44/><U133/><E133/><V29/><F123/><W111/><G111/><T124/><D124/><U85/><E100/><V65/><F127/><W19/><G104/><T84/><D84/><U72/><E85/><V90/><F34/><W27/><G32/><T50/><D50/><U12/><E48/><V36/><F90/><W125/><G125/><T16/><D16/><U103/><E103/><V118/><F118/><W53/><G19/><T70/><D70/><U101/><E101/><V24/><F78/><W122/><G122/><T113/><D113/><U93/><E72/><V129/><F129/><W8/><G17/><T14/><D14/><U23/><E12/><V120/><F120/><W7/><G27/><T54/><D54/><U128/><E55/><V109/><F109/><W117/><G117/><T59/><D59/><U21/><E58/><V18/><F38/><W35/><G35/><T13/><D13/><U42/><E128/><V87/><F87/><W80/><G8/><T39/><D39/><U74/><E74/><V107/><F107/><W88/><G102/><T25/><D25/><U33/><E33/><V30/><F66/><W69/><G69/><T26/><D26/><U115/><E115/><V68/><F68/><W67/><G67/><T28/><D28/><U99/><E99/><V116/><F116/><RYUUKYOKU ba="0,1" sc="396,15,190,-15,4,15,400,-15" hai0="4,9,15,41,46,49,73,77,81,86,91,112,114" hai2="2,11,18,22,24,29,30,36,40,47,57,60,65" />
</Scene>
<Scene>
<INIT seed="6,1,1,5,3,71" ten="411,175,19,385" oya="2" hai0="110,40,109,44,26,86,29,0,69,113,106,135,77" hai1="114,99,14,80,2,65,43,59,47,61,11,120,21" hai2="60,89,115,117,67,10,125,121,17,129,36,42,18" hai3="70,19,103,57,38,72,13,127,3,94,58,9,112"/><V91/><F117/><W119/><G70/><T131/><D69/><U101/><E114/><V41/><F121/><W66/><G119/><T6/><D106/><U75/><E120/><V116/><F116/><W62/><G112/><T49/><D113/><U84/><E75/><V87/><F115/><W46/><G72/><T15/><D0/><U73/><E73/><V130/><F125/><W108/><G127/><T34/><D135/><U56/><E21/><V23/><F10/><W81/><G108/><T132/><D132/><U37/><E2/><V8/><F8/><W4/><G81/><N who="0" m="47407" /><D131/><N who="2" m="50186" /><F17/><W12/><G58/><T28/><D28/><U96/><E59/><N who="2" m="37279" /><F36/><W7/><G13/><T92/><D92/><U31/><E31/><V5/><F5/><W85/><G3/><T35/><D35/><U97/><E101/><V98/><F98/><W88/><REACH who="3" step="1"/><G103/><REACH who="3" ten="411,175,19,375" step="2"/><T126/><D126/><U100/><E100/><V107/><F107/><W68/><G68/><T90/><D90/><N who="2" m="34314" /><F87/><W134/><G134/><T111/><D111/><U48/><E99/><V20/><F20/><W22/><G22/><T104/><D104/><U39/><E97/><V63/><F63/><W53/><G53/><T74/><D74/><U123/><E96/><V122/><F122/><W82/><G82/><T76/><D76/><N who="1" m="46087" /><E123/><V83/><F83/><W45/><G45/><T118/><D118/><U79/><E79/><V52/><F52/><W95/><G95/><T1/><D1/><U30/><E30/><V64/><F64/><W128/><G128/><T27/><D27/><AGARI ba="1,2" hai="18,23,27,41,42" m="34314,37279,50186" machi="27" ten="30,1500,0" yaku="19,1" doraHai="71" who="2" fromWho="0" sc="411,-18,175,0,19,38,375,0" />
</Scene>
<Scene>
<INIT seed="6,2,0,0,0,55" ten="393,175,57,375" oya="2" hai0="92,107,131,129,19,87,50,109,60,101,79,120,12" hai1="112,78,23,10,61,103,82,75,98,102,30,77,9" hai2="119,71,0,6,114,2,88,72,20,17,22,16,74" hai3="80,123,3,76,68,15,135,47,29,116,65,39,85"/><V35/><F71/><W97/><G3/><N who="2" m="1065" /><F6/><W100/><G123/><T56/><D120/><U37/><E37/><V133/><F119/><W115/><G116/><T99/><D50/><U54/><E112/><V64/><F64/><W117/><G117/><T125/><D125/><U59/><E78/><V46/><F46/><W132/><G29/><T34/><D34/><U4/><E4/><V91/><F35/><W81/><G81/><T124/><D124/><U89/><E89/><N who="2" m="34379" /><F114/><W8/><G115/><T7/><D7/><U24/><E102/><V128/><F128/><N who="0" m="49226" /><D79/><U53/><E53/><V63/><F63/><N who="3" m="39999" /><G47/><T13/><D87/><U51/><E61/><V73/><F133/><N who="3" m="51275" /><G39/><T108/><D107/><AGARI ba="2,0" hai="9,10,23,24,30,51,54,59,75,77,82,98,103,107" machi="107" ten="30,2000,0" yaku="7,1,52,1" doraHai="55" who="1" fromWho="0" sc="393,-26,175,26,57,0,375,0" />
</Scene>
<Scene>
<INIT seed="7,0,0,0,5,104" ten="367,201,57,375" oya="3" hai0="39,80,133,64,46,95,54,69,125,112,128,17,132" hai1="110,23,73,58,63,135,53,111,52,37,84,107,90" hai2="92,60,72,55,38,14,89,105,134,118,42,96,109" hai3="57,47,117,28,49,102,13,24,76,36,79,5,124"/><W34/><G117/><T70/><D112/><U103/><E73/><V99/><F109/><W21/><G124/><T86/><D125/><U81/><E37/><V2/><F118/><W87/><G102/><T20/><D128/><U22/><E135/><N who="0" m="51785" /><D95/><U97/><E23/><V4/><F134/><W123/><G123/><T120/><D120/><U6/><E6/><V129/><F129/><W59/><G36/><T33/><D33/><U93/><E22/><V131/><F131/><W67/><G34/><T85/><D64/><U75/><E53/><V113/><F113/><W122/><G122/><T48/><D39/><U26/><E26/><V121/><F121/><W61/><G57/><T65/><D65/><U114/><E114/><V19/><F2/><W106/><G106/><T27/><D86/><U41/><E41/><V115/><F115/><W119/><G119/><T10/><D10/><U44/><E44/><V108/><F108/><W51/><G87/><T94/><D94/><U82/><E82/><V18/><F38/><W68/><G68/><T130/><D130/><U74/><E74/><V71/><F71/><W77/><G47/><T40/><D40/><U83/><REACH who="1" step="1"/><E83/><REACH who="1" ten="367,191,57,375" step="2"/><V29/><F72/><W12/><G5/><T1/><D1/><U50/><E50/><AGARI ba="0,1" hai="12,13,21,24,28,49,50,51,59,61,67,76,77,79" machi="50" ten="40,2000,0" yaku="8,1" doraHai="104" who="3" fromWho="1" sc="367,0,191,-20,57,0,375,30" owari="367,17.0,171,-23.0,57,-44.0,405,50.0" />
</Scene>
</mjloggm>