<mjloggm ver="2.3"><GO type="169" lobby="0"/><UN n0="%E5%A4%AA%E3%81%8F%E3%81%AA%E3%81%84%E3%81%8A" n1="%48%6F%6E%65%6B%6B%6F%5F" n2="%E5%BC%8F%E8%A6%8B%E8%9B%8D" n3="%4A%55%4E%4B%45%52%53" dan="18,17,16,16" rate="2245.19,2135.75,2082.43,2087.28" sx="F,F,M,M"/><TAIKYOKU oya="0"/>

<Scene>
<INIT seed="0,0,0,0,0,18" ten="250,250,250,250" oya="0" hai0="75,101,82,121,26,23,1,86,73,21,71,114,12" hai1="117,102,122,38,89,84,17,90,3,28,45,56,98" hai2="52,79,10,78,14,32,63,2,106,9,134,87,68" hai3="116,126,4,127,51,16,59,108,27,8,44,19,60"/><T65/><D1/><U81/><E122/><V29/><F106/><W110/><G116/><T70/><D121/><U22/><E117/><V99/><F99/><W66/><G44/><T80/><D114/><U35/><E3/><V88/><F2/><N who="3" m="23" /><G51/><T132/><D101/><U109/><E109/><N who="3" m="42090" /><G27/><T58/><D26/><U112/><E28/><V0/><F29/><W11/><G11/><T7/><D132/><U49/><E35/><V37/><F134/><W105/><G105/><T83/><D86/><U130/><E130/><V34/><F37/><W5/><G5/><T111/><D111/><U40/><E56/><V124/><F10/><W118/><G118/><T125/><D7/><U48/><E90/><V100/><F0/><W25/><G25/><T62/><D12/><U95/><REACH who="1" step="1"/><E112/><REACH who="1" ten="250,240,250,250" step="2"/><V42/><F34/><W67/><G67/><T55/><D65/><U24/><AGARI ba="0,1" hai="17,22,24,38,40,45,48,49,81,84,89,95,98,102" machi="24" ten="20,8000,1" yaku="1,1,2,1,0,1,7,1,52,1,53,0" doraHai="18" doraHaiUra="128" who="1" fromWho="1" sc="250,-40,240,90,250,-20,250,-20" />
</Scene>
<Scene>
<INIT seed="1,0,0,5,1,73" ten="210,330,230,230" oya="1" hai0="121,93,53,105,36,69,114,133,37,35,98,33,107" hai1="2,13,30,27,43,26,50,96,83,102,25,62,92" hai2="85,86,10,112,111,100,104,89,52,129,61,77,47" hai3="15,71,88,95,109,14,56,91,66,23,32,110,128"/><U7/><E2/><V12/><F104/><W8/><G32/><T99/><D114/><U44/><E62/><V1/><F1/><W21/><G71/><T68/><D93/><U126/><E126/><V9/><F100/><W57/><G66/><T60/><D60/><U0/><E0/><V67/><F112/><W11/><REACH who="3" step="1"/><G95/><REACH who="3" ten="210,330,230,220" step="2"/><T55/><REACH who="0" step="1"/><D133/><REACH who="0" ten="200,330,230,220" step="2"/><U127/><E127/><V18/><F67/><W108/><G108/><T38/><D38/><U63/><E92/><V116/><F111/><W16/><G16/><T84/><D84/><U120/><E30/><V90/><F85/><W118/><G118/><T74/><D74/><U106/><E106/><V131/><F116/><W130/><AGARI ba="0,2" hai="8,11,14,15,21,23,56,57,88,91,109,110,128,130" machi="130" ten="25,8000,1" yaku="1,1,0,1,22,2,54,1,53,0" doraHai="73" doraHaiUra="31" who="3" fromWho="3" sc="200,-20,330,-40,230,-20,220,100" />
</Scene>
<Scene>
<INIT seed="2,0,0,0,3,93" ten="180,290,210,320" oya="2" hai0="56,114,35,73,75,110,57,19,4,118,89,7,98" hai1="62,40,28,61,53,87,109,127,59,9,66,82,81" hai2="121,1,42,18,6,96,84,51,105,41,78,44,0" hai3="115,132,43,50,69,33,21,128,2,123,80,13,74"/><V70/><F121/><W17/><G123/><T108/><D35/><U79/><E109/><N who="0" m="42089" /><D114/><U52/><E127/><V99/><F70/><W15/><G69/><T124/><D124/><U32/><E40/><V117/><F117/><W103/><G33/><T16/><D118/><U94/><E28/><V85/><F105/><W104/><G2/><T37/><D37/><U22/><E32/><V100/><F100/><W67/><G67/><T90/><D57/><U49/><E22/><V71/><F71/><W116/><G21/><T83/><D56/><U10/><E94/><V97/><F42/><W39/><G43/><T65/><D65/><U46/><E62/><V86/><F6/><N who="0" m="2090" /><D98/><U112/><E112/><V45/><F45/><W48/><G39/><T63/><D63/><U77/><REACH who="1" step="1"/><E66/><REACH who="1" ten="180,280,210,320" step="2"/><V64/><F64/><W125/><G125/><T11/><D11/><U29/><E29/><V12/><REACH who="2" step="1"/><F78/><REACH who="2" ten="180,280,200,320" step="2"/><W55/><G115/><T76/><D76/><U54/><E54/><V113/><F113/><W120/><G55/><T60/><D90/><U58/><E58/><V34/><F34/><W47/><G116/><T92/><D89/><U102/><E102/><V25/><F25/><W133/><G103/><T27/><D27/><U106/><E106/><V129/><F129/><W5/><G128/><T31/><D31/><U135/><E135/><V36/><F36/><W134/><G133/><T24/><D24/><U26/><E26/><V3/><F3/><W126/><G134/><T122/><D122/><U101/><E101/><V30/><F30/><W72/><G132/><T119/><D119/><RYUUKYOKU ba="0,2" sc="180,-15,280,15,200,15,320,-15" hai1="9,10,46,49,52,53,59,61,77,79,81,82,87" hai2="0,1,12,18,41,44,51,84,85,86,96,97,99" />
</Scene>
<Scene>
<INIT seed="2,1,2,4,3,134" ten="165,295,215,305" oya="2" hai0="70,73,123,23,115,116,53,55,135,118,72,27,11" hai1="100,114,57,124,32,109,104,99,20,81,25,97,102" hai2="80,41,119,59,133,51,92,110,43,1,125,21,107" hai3="127,74,128,47,71,82,13,83,3,86,18,61,126"/><V85/><F119/><N who="0" m="45610" /><D123/><U96/><E114/><V0/><F107/><W66/><G3/><T54/><D115/><U65/><E109/><V49/><F92/><W79/><G47/><T88/><D70/><U103/><E32/><V17/><F133/><W60/><G60/><T105/><D105/><U29/><E124/><N who="3" m="47658" /><G128/><T58/><D135/><U39/><E39/><V121/><F125/><W37/><G37/><T129/><D129/><U90/><E104/><V113/><F121/><W77/><G18/><N who="0" m="12791" /><D11/><U122/><E122/><V30/><F113/><W62/><G62/><T31/><D31/><U91/><E81/><V50/><F80/><W14/><AGARI ba="1,2" hai="13,14,61,66,71,74,77,79,82,83,86" m="47658" machi="14" ten="30,7900,0" yaku="18,1,52,3" doraHai="134" who="3" fromWho="3" sc="165,-21,295,-21,215,-40,305,102" />
</Scene>
<Scene>
<INIT seed="3,0,0,4,5,65" ten="144,274,175,407" oya="3" hai0="4,52,38,14,122,135,104,18,100,12,10,33,76" hai1="92,111,118,98,72,48,116,73,128,39,57,112,7" hai2="53,59,34,85,2,103,114,94,51,96,127,62,107" hai3="47,80,97,134,99,17,3,63,55,36,68,45,67"/><W106/><G3/><T46/><D122/><U93/><E112/><V108/><F114/><W86/><G134/><T54/><D33/><U30/><E39/><V78/><F2/><W77/><G106/><T1/><D135/><U58/><E111/><V123/><F34/><W11/><G47/><T26/><D26/><U120/><E120/><V44/><F123/><W71/><G71/><T102/><D76/><U84/><E7/><V105/><F108/><W75/><G75/><T81/><D81/><U13/><E30/><V66/><F127/><W70/><G70/><T40/><D1/><U49/><E13/><V27/><F78/><W89/><G77/><T16/><D4/><U42/><E84/><V20/><REACH who="2" step="1"/><F85/><REACH who="2" ten="144,274,165,407" step="2"/><W9/><G86/><T129/><D129/><U74/><E128/><V64/><F64/><W130/><G67/><T95/><D104/><U19/><E73/><V56/><F56/><W50/><G130/><T121/><D121/><U41/><E98/><V125/><F125/><W60/><G99/><T115/><D115/><U37/><E72/><V35/><F35/><W83/><G97/><T0/><D0/><U32/><E74/><V110/><F110/><W8/><G45/><T6/><D46/><U132/><E32/><V109/><F109/><W61/><G68/><T25/><D6/><U5/><E5/><V15/><F15/><W21/><G36/><T31/><D38/><U90/><E37/><V43/><F43/><W88/><G55/><T126/><D40/><U124/><E124/><V91/><F91/><W28/><G89/><T22/><D126/><RYUUKYOKU ba="0,1" sc="144,-10,274,-10,165,30,407,-10" hai2="20,27,44,51,53,59,62,66,94,96,103,105,107" />
</Scene>
<Scene>
<INIT seed="4,1,1,2,1,6" ten="134,264,195,397" oya="0" hai0="117,40,83,129,90,33,30,4,59,52,97,93,44" hai1="43,131,66,3,41,18,27,132,5,46,37,39,101" hai2="68,78,24,106,104,105,123,135,50,133,19,128,42" hai3="14,92,79,47,122,0,88,107,71,61,111,13,69"/><T7/><D117/><U60/><E132/><V103/><F123/><W12/><G107/><T45/><D129/><U15/><E131/><V62/><F128/><W120/><G0/><T70/><D70/><U57/><E101/><V95/><F78/><W82/><G111/><T11/><D33/><U119/><E119/><V55/><F103/><W125/><G125/><T76/><D30/><U85/><E27/><V54/><F95/><W64/><G47/><T112/><D112/><U110/><E110/><V99/><F99/><W75/><REACH who="3" step="1"/><G69/><REACH who="3" ten="134,264,195,387" step="2"/><T84/><D40/><U2/><E43/><V72/><F42/><W74/><G74/><T126/><D126/><U127/><E127/><V49/><F72/><W36/><G36/><T115/><D115/><U29/><E37/><V98/><F68/><W1/><G1/><T32/><D32/><U91/><E3/><V86/><F105/><W63/><G63/><N who="0" m="36327" /><D4/><U94/><E5/><V31/><F104/><W67/><G67/><T65/><D65/><U23/><E2/><V34/><F133/><W109/><G109/><T53/><D53/><U25/><E39/><V17/><F135/><W96/><AGARI ba="1,2" hai="12,13,14,61,64,71,75,79,82,88,92,96,120,122" machi="96" ten="30,7900,0" yaku="1,1,0,1,54,1,53,1" doraHai="6" doraHaiUra="56" who="3" fromWho="3" sc="134,-40,264,-21,195,-21,387,102" />
</Scene>
<Scene>
<INIT seed="5,0,0,5,1,2" ten="94,243,174,489" oya="1" hai0="18,132,66,38,69,73,92,128,78,10,52,118,90" hai1="25,81,58,26,119,1,64,112,104,44,88,127,102" hai2="17,96,103,19,6,11,45,133,134,57,70,12,89" hai3="76,40,87,32,41,28,129,4,83,98,27,34,7"/><U94/><E119/><V84/><F70/><W54/><G34/><T126/><D118/><U85/><E127/><V110/><F110/><W60/><G129/><T50/><D38/><U121/><E121/><V31/><F31/><W39/><G39/><T71/><D128/><U30/><E112/><V49/><F57/><W109/><G109/><T107/><D107/><U53/><E1/><V75/><F75/><W111/><G111/><T62/><D126/><U21/><E64/><V37/><F37/><W79/><G79/><T9/><D71/><U82/><E44/><V8/><F8/><W47/><G98/><T86/><D132/><N who="2" m="50794" /><F84/><W42/><G47/><T29/><D29/><U48/><REACH who="1" step="1"/><E26/><REACH who="1" ten="94,233,174,489" step="2"/><V23/><F45/><W125/><G125/><T113/><D113/><U131/><E131/><V124/><F124/><W120/><G120/><T74/><D66/><U97/><AGARI ba="0,1" hai="21,25,30,48,53,58,81,82,85,88,94,97,102,104" machi="97" ten="30,6000,0" yaku="1,1,0,1,54,1,53,0" doraHai="2" doraHaiUra="116" who="1" fromWho="1" sc="94,-20,233,70,174,-20,489,-20" />
</Scene>
<Scene>
<INIT seed="5,1,0,1,2,68" ten="74,303,154,469" oya="1" hai0="109,57,91,102,135,116,92,84,82,28,74,106,22" hai1="125,78,16,13,8,130,108,11,33,134,115,67,105" hai2="90,54,73,104,9,24,31,120,86,124,131,69,60" hai3="96,75,56,63,79,44,23,117,5,107,3,99,89"/><U51/><E105/><V76/><F120/><W97/><G117/><T83/><D116/><U43/><E115/><V6/><F104/><W88/><G107/><T113/><D109/><U49/><E125/><V17/><F17/><W41/><G3/><T122/><D28/><U15/><E130/><V119/><F119/><W126/><G126/><T20/><D113/><U65/><E134/><V85/><F124/><W59/><G5/><T64/><D135/><U30/><E108/><V19/><F19/><W25/><G79/><T36/><D122/><U93/><E78/><V7/><F73/><W81/><G81/><T14/><D14/><U98/><E30/><V21/><F131/><W40/><G75/><T71/><D71/><U37/><E33/><V47/><F69/><W42/><G44/><T103/><D36/><U62/><E37/><V101/><F101/><N who="0" m="38410" /><D74/><U112/><E112/><V53/><F47/><W50/><G50/><N who="1" m="18954" /><E62/><V128/><F60/><W12/><G12/><T38/><D38/><U118/><E43/><V77/><F128/><W52/><G59/><T27/><D106/><U2/><E2/><V46/><F46/><W110/><G110/><T114/><D114/><U61/><E61/><V66/><F77/><W111/><G111/><T10/><D10/><U4/><E118/><V1/><F7/><W100/><G100/><AGARI ba="1,0" hai="4,8,11,13,15,16,65,67,93,98,100" m="18954" machi="100" ten="30,2900,0" yaku="8,1,54,1" doraHai="68" who="1" fromWho="3" sc="74,0,303,32,154,0,469,-32" />
</Scene>
<Scene>
<INIT seed="5,2,0,5,2,122" ten="74,335,154,437" oya="1" hai0="95,57,99,39,25,9,27,56,62,74,52,125,34" hai1="92,86,13,115,65,55,2,85,123,77,111,67,73" hai2="107,51,44,19,114,41,72,60,33,82,134,17,80" hai3="98,109,124,11,106,79,43,71,3,0,131,90,50"/><U7/><E123/><V110/><F107/><W120/><G120/><T93/><D74/><U91/><E2/><V29/><F134/><W132/><G71/><T63/><D39/><U53/><E115/><V76/><F114/><W118/><G109/><T70/><D70/><U105/><E111/><V108/><F19/><W30/><G79/><T18/><D125/><U75/><E105/><V101/><F101/><W22/><G124/><T64/><D34/><U96/><E73/><V10/><F80/><W37/><G132/><T49/><D49/><U58/><E75/><V97/><F97/><W48/><G48/><T46/><D46/><U61/><E65/><V129/><F129/><W24/><G50/><T126/><D126/><U127/><E127/><V45/><F45/><W94/><G106/><T117/><D117/><U104/><E104/><V42/><F42/><W59/><G131/><T54/><D64/><U1/><E1/><V78/><F78/><W83/><G43/><T31/><D31/><U16/><E7/><V38/><F51/><W113/><G37/><T28/><D28/><U121/><E121/><V23/><F10/><W5/><G113/><T4/><D18/><U87/><REACH who="1" step="1"/><E77/><REACH who="1" ten="74,325,154,437" step="2"/><V68/><F108/><W128/><G0/><T20/><D4/><U6/><E6/><V112/><F110/><W103/><G128/><T66/><D66/><U47/><E47/><V8/><F112/><W35/><G3/><T89/><D54/><U133/><E133/><V84/><F72/><W32/><G5/><T12/><D52/><U135/><E135/><V36/><F38/><RYUUKYOKU ba="2,1" sc="74,-10,325,30,154,-10,437,-10" hai1="13,16,53,55,58,61,67,85,86,87,91,92,96" />
</Scene>
<Scene>
<INIT seed="5,3,1,3,2,91" ten="64,355,144,427" oya="1" hai0="116,59,25,6,44,105,115,10,112,93,77,42,63" hai1="16,113,40,15,41,97,123,106,83,135,62,120,72" hai2="101,68,36,132,134,74,21,45,82,54,8,17,11" hai3="127,50,96,89,64,60,109,90,92,46,87,22,57"/><U14/><E113/><V76/><F68/><W5/><G109/><T0/><D105/><U33/><E33/><V12/><F101/><W13/><G127/><T107/><D107/><U70/><E135/><N who="2" m="51755" /><F54/><W28/><G5/><T30/><D116/><U67/><E15/><V47/><F47/><W32/><G32/><T19/><D19/><U117/><E117/><V119/><F119/><W110/><G110/><T78/><D115/><U55/><E55/><V108/><F108/><W133/><G133/><T7/><D7/><U73/><E41/><AGARI ba="3,1" hai="8,11,12,17,21,36,41,45,74,76,82" m="51755" machi="41" ten="30,1000,0" yaku="20,1" doraHai="91" who="2" fromWho="1" sc="64,0,355,-19,144,29,427,0" />
</Scene>
<Scene>
<INIT seed="6,0,0,5,0,17" ten="64,336,173,427" oya="2" hai0="87,50,111,83,86,110,5,24,74,19,4,115,45" hai1="76,120,78,27,69,38,32,71,122,42,119,6,36" hai2="39,31,41,132,56,130,0,79,40,104,59,37,80" hai3="133,47,11,129,99,18,54,55,20,82,105,7,103"/><V29/><F104/><W14/><G129/><T13/><D115/><U61/><E6/><V43/><F0/><W67/><G133/><T33/><D74/><U26/><E61/><V100/><F100/><W108/><G108/><T106/><D106/><U12/><E12/><V124/><F132/><W3/><G67/><T16/><D33/><U90/><E90/><V134/><F134/><W89/><G47/><T58/><D58/><U23/><E42/><V91/><F91/><W88/><REACH who="3" step="1"/><G89/><REACH who="3" ten="64,336,173,417" step="2"/><T72/><D111/><U70/><E119/><V48/><F130/><W8/><G8/><N who="0" m="6183" /><D110/><U49/><E76/><V21/><F79/><W92/><G92/><T46/><D46/><U123/><E78/><V22/><F39/><W64/><G64/><T63/><D45/><U94/><E94/><V135/><F37/><W9/><G9/><T81/><D81/><U101/><E101/><V51/><F135/><W1/><G1/><T96/><D83/><U73/><E73/><V126/><F41/><W116/><G116/><T35/><D72/><U121/><N who="1" m="30720" /><DORA hai="44" /><U68/><N who="1" m="17408" /><DORA hai="118" /><U53/><E53/><V28/><F28/><W77/><G77/><T34/><D87/><AGARI ba="0,1" hai="3,7,11,14,18,20,54,55,82,87,88,99,103,105" machi="87" ten="40,8000,1" yaku="1,1,52,1,54,1,53,1" doraHai="17,44,118" doraHaiUra="95,113,52" who="3" fromWho="0" sc="64,-80,336,0,173,0,417,90" owari="-16,-52.0,336,14.0,173,-23.0,507,61.0" />
</Scene>
</mjloggm>