<mjloggm ver="2.3"><GO type="169" lobby="0"/><UN n0="%E5%BC%B1%E8%99%AB" n1="%E3%81%82%E3%81%84%E3%81%82%E3%81%8A%E3%81%84" n2="%E5%BC%8F%E8%A6%8B%E8%9B%8D" n3="%E5%A4%AA%E3%81%8F%E3%81%AA%E3%81%84%E3%81%8A" dan="17,16,16,18" rate="2167.82,2078.44,2057.35,2206.55" sx="M,M,M,F"/><TAIKYOKU oya="0"/>

<Scene>
<INIT seed="0,0,0,0,1,107" ten="250,250,250,250" oya="0" hai0="19,79,94,3,111,117,102,57,58,89,75,108,24" hai1="53,34,5,39,119,95,123,99,26,20,105,64,13" hai2="103,109,51,115,83,74,47,132,21,43,116,131,92" hai3="11,100,32,18,96,134,121,2,40,133,135,14,97"/><T33/><D117/><U0/><E39/><V113/><F116/><W112/><G112/><T124/><D3/><U36/><E36/><V50/><F109/><N who="0" m="42058" /><D124/><U35/><E123/><V49/><F132/><W12/><G32/><T29/><D102/><U27/><E105/><V6/><F6/><N who="3" m="1495" /><G121/><T25/><D25/><U122/><E0/><V56/><F131/><W82/><G40/><T68/><D68/><U9/><E27/><V86/><F21/><N who="3" m="11463" /><G100/><T71/><D71/><U54/><E122/><V69/><F69/><W81/><G14/><T46/><D19/><U118/><E64/><V17/><F17/><W129/><G129/><T128/><D128/><U78/><E119/><V38/><F103/><W22/><G22/><T28/><D28/><U63/><E118/><V87/><F56/><W110/><G110/><T85/><D46/><U90/><E35/><V37/><F113/><W120/><G120/><T30/><D30/><U41/><E34/><V73/><F115/><W4/><G4/><T84/><D84/><U61/><E5/><V31/><F31/><W91/><G97/><T42/><D42/><U65/><E41/><V15/><F38/><W98/><G96/><T127/><D127/><U23/><E23/><V7/><F7/><W67/><G98/><T45/><D45/><U72/><E20/><V48/><N who="2" m="12288" /><DORA hai="70" /><V10/><F15/><W126/><G126/><T62/><D62/><U52/><E13/><V8/><F8/><W101/><G101/><T104/><D104/><U66/><E9/><V125/><F10/><W44/><G135/><T80/><AGARI ba="0,0" hai="24,29,33,57,58,75,79,80,85,89,94" m="42058" machi="80" ten="30,11700,0" yaku="5,1,14,1,10,1,52,1" doraHai="107,70" who="0" fromWho="0" sc="250,117,250,-39,250,-39,250,-39" />
</Scene>
<Scene>
<INIT seed="0,1,0,3,3,129" ten="367,211,211,211" oya="0" hai0="63,127,93,53,76,22,25,103,37,131,110,66,54" hai1="45,130,125,133,109,106,39,58,55,0,83,113,24" hai2="116,23,123,84,67,30,81,12,73,41,11,99,52" hai3="78,79,29,85,7,101,31,44,17,21,72,128,57"/><T132/><D37/><U2/><E45/><V51/><F123/><W9/><G72/><T121/><D121/><U69/><E55/><V87/><F73/><W86/><G128/><T75/><D131/><U1/><E1/><V70/><F70/><W15/><G101/><T91/><D127/><U120/><E58/><V32/><F32/><W59/><G44/><T56/><D110/><U119/><E24/><V118/><F41/><W6/><G21/><T102/><D76/><U114/><E83/><V43/><F43/><W94/><G94/><T8/><D75/><U82/><E82/><V64/><F99/><W126/><G126/><T105/><D8/><U19/><E19/><V112/><F112/><W46/><G46/><T135/><D105/><U122/><E122/><V98/><F98/><W61/><G9/><T20/><D103/><U60/><E60/><V89/><F84/><W35/><G35/><T50/><D102/><U38/><E38/><V97/><F97/><W5/><G5/><T88/><D54/><U65/><E65/><N who="2" m="25163" /><F23/><N who="0" m="8746" /><D25/><U71/><E71/><V48/><F30/><W13/><G17/><T95/><D95/><U68/><E68/><V124/><F52/><W18/><G18/><T104/><D93/><U107/><E107/><V134/><F81/><W74/><G74/><T4/><D104/><U115/><E115/><V62/><F124/><W111/><G111/><T26/><D26/><U42/><E114/><V49/><F11/><W10/><G10/><T100/><D100/><U47/><E113/><V80/><F80/><W108/><G108/><T77/><D66/><RYUUKYOKU ba="1,0" sc="367,-10,211,-10,211,-10,211,30" hai3="6,7,13,15,29,31,57,59,61,78,79,85,86" />
</Scene>
<Scene>
<INIT seed="1,2,0,5,3,121" ten="357,201,201,241" oya="1" hai0="48,84,8,3,35,24,61,28,10,112,11,83,87" hai1="67,95,92,64,100,133,49,126,106,134,5,131,2" hai2="63,17,22,1,33,20,43,71,25,36,42,107,104" hai3="65,18,75,116,39,19,115,119,103,0,55,73,13"/><U56/><E106/><V59/><F71/><W93/><G115/><T53/><D112/><U127/><E5/><V99/><F33/><W30/><G0/><T88/><D61/><U97/><E2/><V32/><F32/><W51/><G39/><T47/><REACH who="0" step="1"/><D84/><REACH who="0" ten="347,201,201,241" step="2"/><U40/><E131/><V85/><F63/><W68/><G75/><T129/><D129/><U4/><E133/><V89/><F85/><W62/><G73/><T82/><D82/><U44/><E134/><V21/><F99/><W122/><G62/><T26/><D26/><U96/><E4/><AGARI ba="2,1" hai="3,4,8,10,11,24,28,35,47,48,53,83,87,88" machi="4" ten="40,2600,0" yaku="1,1,54,1,53,0" doraHai="121" doraHaiUra="108" who="0" fromWho="1" sc="347,42,201,-32,201,0,241,0" />
</Scene>
<Scene>
<INIT seed="2,0,0,4,0,3" ten="389,169,201,241" oya="2" hai0="13,108,63,117,19,81,85,40,64,34,15,16,51" hai1="84,131,127,12,105,6,76,80,104,66,110,83,21" hai2="115,18,132,82,2,74,20,90,69,60,112,7,116" hai3="109,29,33,41,77,118,4,102,0,14,49,54,73"/><V96/><F116/><W72/><G118/><T25/><D117/><U98/><E110/><V48/><F48/><W56/><G0/><T9/><D108/><U123/><E127/><V75/><F132/><W70/><G109/><T95/><D95/><U134/><E134/><V78/><F75/><W86/><G70/><T8/><D34/><U46/><E66/><V61/><F96/><W71/><G71/><T43/><D51/><U23/><E123/><V31/><F31/><W129/><G102/><T42/><D25/><U10/><E131/><V65/><F61/><W94/><G129/><T11/><D11/><U87/><E46/><V122/><F90/><W119/><G119/><T124/><D124/><U17/><E23/><V92/><F92/><W30/><G33/><T120/><D120/><U58/><E58/><V26/><REACH who="2" step="1"/><F122/><REACH who="2" ten="389,169,191,241" step="2"/><W103/><G72/><T133/><D133/><U22/><E98/><V36/><F36/><W88/><G73/><T101/><D101/><U5/><E105/><V107/><F107/><W55/><G103/><T53/><D63/><U125/><E104/><V100/><F100/><W1/><G30/><T32/><D85/><U27/><E125/><V99/><F99/><W24/><G29/><T35/><D35/><U130/><E130/><V45/><F45/><W126/><G126/><T47/><D32/><U37/><E37/><V39/><F39/><W89/><G89/><T97/><D97/><U111/><E111/><V59/><F59/><W93/><G88/><T121/><D121/><U67/><E87/><V28/><F28/><W114/><G86/><RYUUKYOKU ba="0,1" sc="389,-10,169,-10,191,30,241,-10" hai2="2,7,18,20,26,60,65,69,74,78,82,112,115" />
</Scene>
<Scene>
<INIT seed="2,1,1,0,0,68" ten="379,159,221,231" oya="2" hai0="126,135,123,6,104,114,51,96,45,70,88,80,82" hai1="32,46,21,77,2,7,90,22,43,0,33,55,27" hai2="108,100,49,109,23,105,12,95,89,122,87,14,92" hai3="17,60,67,65,64,113,58,52,75,124,30,111,93"/><V116/><F116/><W56/><G75/><T101/><D123/><U131/><E131/><V38/><F122/><W132/><G111/><N who="2" m="42569" /><F105/><W42/><G30/><T19/><D70/><U35/><E77/><V36/><F49/><W57/><G124/><T130/><D126/><U71/><E71/><V74/><F74/><W117/><G117/><T47/><D114/><U91/><E55/><V39/><F23/><W102/><G113/><T37/><D130/><U73/><E73/><V9/><F9/><W94/><G132/><T15/><D135/><U63/><E63/><V40/><F40/><W107/><G107/><T53/><D6/><U78/><E78/><V25/><F25/><W121/><G121/><T10/><D88/><U133/><E133/><V110/><F110/><W120/><G120/><T119/><D119/><U29/><E22/><V66/><F66/><W76/><G76/><T31/><D31/><U83/><E7/><V79/><F79/><W85/><G42/><T99/><D99/><AGARI ba="1,1" hai="12,14,36,38,39,87,89,92,95,99,100" m="42569" machi="99" ten="40,12000,1" yaku="14,1,10,1,52,3" doraHai="68" who="2" fromWho="0" sc="379,-123,159,0,221,133,231,0" />
</Scene>
<Scene>
<INIT seed="2,2,0,1,4,49" ten="256,159,354,231" oya="2" hai0="121,43,40,63,131,51,6,94,14,135,0,44,129" hai1="65,22,60,91,18,55,59,34,88,9,127,78,123" hai2="7,95,38,53,84,27,108,80,74,76,16,46,75" hai3="85,4,102,105,109,29,134,54,2,62,86,28,133"/><V104/><F104/><W83/><G109/><T45/><D121/><U89/><E123/><V15/><F108/><W73/><G73/><T124/><D0/><U50/><E34/><V31/><F7/><W42/><G42/><T39/><D135/><N who="3" m="51721" /><G105/><T66/><D94/><U111/><E111/><V107/><F107/><W90/><G102/><T37/><D14/><U12/><E127/><V103/><F103/><W13/><G2/><T119/><D6/><U69/><E78/><V36/><F95/><N who="3" m="54735" /><G13/><T93/><D93/><U57/><E69/><V33/><F38/><W77/><G4/><T30/><D30/><N who="3" m="11881" /><G62/><T125/><D119/><U115/><E115/><V32/><F32/><W68/><G68/><N who="0" m="42079" /><D37/><U56/><E56/><V118/><F118/><W17/><G17/><T98/><D98/><U70/><REACH who="1" step="1"/><E70/><REACH who="1" ten="256,149,354,231" step="2"/><V126/><F126/><AGARI ba="2,1" hai="39,40,43,44,45,51,124,125,126,129,131" m="42079" machi="126" ten="30,3900,0" yaku="18,1,34,2" doraHai="49" who="0" fromWho="2" sc="256,55,149,0,354,-45,231,0" />
</Scene>
<Scene>
<INIT seed="3,0,0,0,5,109" ten="311,149,309,231" oya="3" hai0="118,43,42,46,115,58,113,56,80,112,87,45,59" hai1="22,9,70,20,89,53,77,127,125,18,130,55,69" hai2="117,114,10,120,99,67,62,17,111,124,0,96,48" hai3="82,98,107,63,81,47,64,106,121,104,13,61,23"/><W36/><G121/><T4/><D4/><U65/><E77/><V51/><F117/><W38/><G98/><T49/><D118/><U6/><E22/><V29/><F120/><W101/><G101/><T129/><D129/><U90/><E130/><V134/><F29/><W79/><G47/><N who="0" m="17931" /><D49/><U110/><E110/><V32/><F32/><W95/><G95/><T93/><D93/><U28/><E28/><V25/><F51/><W102/><G102/><T135/><D135/><U15/><E89/><AGARI ba="0,0" hai="42,43,56,58,59,80,87,89,112,113,115" m="17931" machi="89" ten="40,8000,1" yaku="11,1,52,3" doraHai="109" who="0" fromWho="1" sc="311,80,149,-80,309,0,231,0" />
</Scene>
<Scene>
<INIT seed="4,0,0,3,5,87" ten="391,69,309,231" oya="0" hai0="45,29,100,135,34,130,27,42,105,33,104,127,106" hai1="15,95,66,117,103,51,2,75,124,44,61,118,9" hai2="3,93,96,21,109,46,76,35,72,91,50,80,49" hai3="125,39,58,10,111,62,129,30,36,132,55,85,32"/><T70/><D70/><U119/><E75/><V92/><F35/><W57/><G111/><T115/><D115/><U121/><E2/><V133/><F109/><W1/><G125/><T11/><D127/><U12/><E121/><V52/><F133/><W79/><G132/><T48/><D135/><U99/><E124/><V123/><F123/><W19/><G129/><T40/><D130/><U77/><E77/><V88/><F3/><W38/><G32/><T47/><D11/><U90/><E103/><V25/><F50/><W110/><G30/><T59/><D59/><U81/><E81/><V56/><F46/><W112/><G110/><T67/><D67/><U37/><E37/><V97/><F21/><W120/><G120/><T8/><D8/><U94/><E94/><V74/><F25/><W20/><G112/><T53/><D34/><U28/><E28/><V0/><F0/><W64/><G79/><T24/><D24/><U22/><E22/><V82/><F80/><W41/><G41/><T5/><D5/><U26/><E26/><V83/><F82/><W102/><G1/><T128/><D128/><U73/><E73/><AGARI ba="0,0" hai="49,52,56,72,73,74,76,83,88,91,92,93,96,97" machi="73" ten="30,12000,2" yaku="7,1,9,1,52,2,54,2" doraHai="87" who="2" fromWho="1" sc="391,0,69,-120,309,120,231,0" owari="391,19.0,-51,-55.0,429,53.0,231,-17.0" />
</Scene>
</mjloggm>