<mjloggm ver="2.3"><GO type="169" lobby="0"/><UN n0="%E6%A1%9C%E4%BA%95%E3%82%A2%E3%82%BD%E3%82%B3" n1="%E6%82%A0%E9%9B%85" n2="%E5%A4%AA%E3%81%8F%E3%81%AA%E3%81%84%E3%81%8A" n3="%E5%A4%A9%E5%9F%8E%E5%B0%8F%E6%AC%A1%E9%83%8E" dan="17,16,18,16" rate="2155.63,2073.31,2246.12,2072.95" sx="M,M,F,M"/><TAIKYOKU oya="0"/>

<Scene>
<INIT seed="0,0,0,0,0,14" ten="250,250,250,250" oya="0" hai0="17,43,59,107,120,113,128,97,88,129,103,98,53" hai1="130,134,67,22,71,42,52,26,10,72,6,44,27" hai2="124,105,83,31,20,35,95,86,112,34,12,126,4" hai3="104,68,121,33,84,102,3,109,48,110,21,82,118"/><T75/><D113/><U116/><E116/><V78/><F105/><W100/><G33/><T69/><D69/><U79/><E134/><V47/><F112/><W111/><G118/><T85/><D120/><U16/><E130/><N who="0" m="50281" /><D98/><U133/><E133/><V58/><F58/><W39/><G39/><T73/><D43/><U132/><E132/><V38/><F95/><W25/><G3/><T19/><D73/><U108/><E71/><V135/><F135/><W74/><G68/><T117/><D75/><U64/><E27/><N who="2" m="16871" /><F38/><W24/><G74/><T91/><D117/><U23/><E23/><V55/><F55/><W2/><G121/><T0/><D0/><U66/><E52/><V37/><F47/><W119/><G119/><T127/><D127/><N who="2" m="48682" /><F37/><W32/><G109/><T81/><D91/><U61/><E108/><V54/><F54/><W70/><G110/><T114/><D114/><U9/><E61/><AGARI ba="0,0" hai="17,19,53,59,61,81,85,88,97,103,107" m="50281" machi="61" ten="30,11600,0" yaku="19,1,52,2,54,1" doraHai="14" who="0" fromWho="1" sc="250,116,250,-116,250,0,250,0" />
</Scene>
<Scene>
<INIT seed="0,1,0,1,1,130" ten="366,134,250,250" oya="0" hai0="3,122,73,119,28,68,26,75,131,96,104,66,114" hai1="84,53,24,30,55,29,83,105,103,16,20,49,94" hai2="17,112,125,56,63,58,31,60,10,38,48,76,8" hai3="46,110,34,87,45,18,62,61,92,0,11,5,79"/><T64/><D64/><U111/><E105/><V2/><F112/><W7/><G34/><T88/><D88/><U106/><E106/><V50/><F38/><W47/><G110/><T120/><D114/><U123/><E111/><V124/><F31/><W128/><G128/><T126/><D131/><U39/><E39/><V57/><F76/><W127/><G127/><N who="2" m="48713" /><F17/><W74/><G18/><T40/><D40/><U80/><E123/><V132/><F2/><W77/><G74/><N who="0" m="28171" /><D3/><U108/><E108/><V135/><F8/><W43/><G43/><T78/><D78/><U27/><E83/><V35/><F10/><W19/><G0/><T4/><D4/><U113/><E113/><V101/><F101/><W65/><G19/><T72/><D119/><U118/><E118/><V98/><F98/><W42/><G5/><T93/><D72/><U13/><E103/><V41/><F35/><W69/><G7/><T33/><D104/><U117/><E117/><V44/><F50/><W67/><G77/><T32/><D32/><U90/><E80/><V54/><F57/><W59/><G79/><T52/><D126/><U37/><E37/><V81/><F81/><W23/><G59/><T71/><D120/><U95/><E95/><V109/><F109/><W22/><G92/><T14/><D71/><U1/><E1/><V115/><F115/><W51/><G69/><T15/><D122/><U133/><E49/><V129/><F129/><W21/><G51/><T99/><D68/><U82/><E82/><V86/><F86/><W97/><G87/><T102/><D102/><U70/><E84/><RYUUKYOKU ba="1,0" sc="366,-10,134,-10,250,30,250,-10" hai2="41,44,48,54,56,58,60,63,132,135" />
</Scene>
<Scene>
<INIT seed="1,2,0,0,2,122" ten="356,124,280,240" oya="1" hai0="107,20,4,35,2,73,24,31,103,90,128,94,130" hai1="112,101,120,15,99,23,83,5,105,12,53,81,117" hai2="38,88,69,55,79,43,132,62,18,133,6,19,68" hai3="131,65,28,86,1,96,66,51,76,34,42,32,58"/><U39/><E39/><V134/><F79/><W41/><G1/><T63/><D73/><U60/><E120/><V10/><F38/><W26/><G34/><T116/><D116/><U59/><E117/><V119/><F43/><W33/><G33/><T113/><D113/><U84/><E112/><V109/><F119/><W54/><G131/><N who="0" m="50219" /><D35/><U37/><E37/><V102/><F102/><W71/><G96/><N who="0" m="61927" /><D63/><U25/><E81/><V48/><F88/><W126/><G32/><T123/><D123/><U44/><E44/><N who="2" m="28039" /><F62/><W100/><G100/><T108/><D4/><U7/><E7/><V77/><F77/><W92/><G76/><T85/><D2/><U13/><E5/><V95/><F69/><W49/><G71/><T56/><D56/><U97/><E105/><V46/><F68/><W70/><G70/><T87/><D87/><U57/><E101/><V45/><F6/><W52/><G86/><T17/><D31/><N who="1" m="17855" /><E59/><V11/><F133/><W127/><G58/><T22/><D22/><U104/><E104/><V61/><F132/><W89/><G28/><T75/><D75/><U36/><E36/><V3/><F3/><W14/><G51/><T118/><D118/><U72/><E72/><V124/><F134/><W47/><G49/><T129/><D129/><U82/><E82/><V115/><F115/><W64/><G47/><T98/><D98/><U125/><E125/><V67/><F46/><W91/><G127/><T8/><D8/><U121/><E121/><V16/><F124/><W78/><G126/><T74/><D74/><U93/><E83/><V30/><F45/><RYUUKYOKU ba="2,0" sc="356,15,124,15,280,-15,240,-15" hai0="17,20,24,85,90,94,108" hai1="12,13,15,53,57,60,84,93,97,99" />
</Scene>
<Scene>
<INIT seed="1,3,0,5,5,67" ten="371,139,265,225" oya="1" hai0="109,112,58,41,85,87,117,60,119,76,53,108,51" hai1="80,48,62,46,81,54,68,24,130,38,127,118,105" hai2="71,64,5,25,93,40,94,90,32,110,69,129,55" hai3="15,10,50,35,92,84,26,17,131,8,0,49,30"/><U7/><E118/><N who="0" m="45065" /><D76/><U128/><E105/><V43/><F64/><W99/><G131/><N who="1" m="50218" /><E7/><V16/><F129/><W107/><G107/><T132/><D112/><U23/><E38/><V12/><F5/><W44/><G84/><T65/><D41/><N who="1" m="24655" /><E127/><V125/><F125/><W100/><G0/><T66/><D66/><N who="1" m="41047" /><E54/><V124/><F55/><W78/><G50/><T59/><D132/><U77/><E77/><V133/><F133/><W37/><G37/><T121/><D121/><U56/><E56/><V123/><F123/><W57/><G57/><T2/><D2/><U63/><E63/><V74/><F124/><W113/><G113/><T126/><D126/><U89/><E89/><V4/><F90/><W72/><G78/><T122/><D122/><U39/><E39/><V98/><F40/><W45/><G45/><T6/><D6/><U115/><E115/><V134/><F4/><W14/><G49/><T96/><D59/><U11/><E11/><V95/><F43/><W135/><G44/><T36/><D51/><U29/><AGARI ba="3,0" hai="23,24,29,80,81" m="41047,24655,50218" machi="29" ten="30,3000,0" yaku="19,1,52,1" doraHai="67" who="1" fromWho="1" sc="371,-13,139,39,265,-13,225,-13" />
</Scene>
<Scene>
<INIT seed="1,4,0,3,5,123" ten="358,178,252,212" oya="1" hai0="5,38,82,130,115,80,45,15,68,18,26,50,28" hai1="96,109,62,60,40,64,12,4,78,99,0,37,129" hai2="127,25,67,14,76,9,121,29,90,23,94,119,51" hai3="42,125,2,112,20,31,88,132,100,124,24,91,7"/><U126/><E0/><V113/><F121/><W66/><G112/><T93/><D115/><U107/><E107/><V48/><F113/><W133/><G100/><T21/><D68/><U13/><E78/><V6/><F119/><W73/><G73/><T71/><D71/><U95/><E37/><V84/><F127/><N who="3" m="48715" /><G66/><T135/><D38/><U57/><E40/><V63/><REACH who="2" step="1"/><F76/><REACH who="2" ten="358,178,242,212" step="2"/><W98/><G132/><T92/><D135/><U33/><E126/><V117/><F117/><W47/><G133/><T122/><D122/><U39/><E129/><V54/><F54/><W43/><G43/><T87/><D130/><U81/><E64/><V102/><F102/><W49/><G98/><T35/><D5/><U105/><E99/><V22/><F22/><W46/><G7/><T118/><D118/><U11/><E96/><V72/><F72/><W1/><G42/><N who="0" m="24887" /><D35/><U83/><E33/><V8/><F8/><W85/><G20/><N who="0" m="15431" /><D87/><U131/><E4/><V65/><F65/><W97/><G85/><T69/><D69/><AGARI ba="4,1" hai="6,9,14,23,25,29,48,51,63,67,69,84,90,94" machi="69" ten="30,2000,0" yaku="1,1,7,1,53,0" doraHai="123" doraHaiUra="79" who="2" fromWho="0" sc="358,-32,178,0,242,42,212,0" />
</Scene>
<Scene>
<INIT seed="2,0,0,2,0,46" ten="326,178,284,212" oya="2" hai0="129,109,20,135,31,73,38,122,104,65,13,72,26" hai1="116,75,68,0,21,50,123,102,39,16,66,94,69" hai2="43,49,47,71,90,89,15,81,60,77,98,132,6" hai3="118,62,44,125,9,56,88,76,99,32,131,59,121"/><V11/><F132/><W110/><G32/><T67/><D122/><U58/><E39/><V48/><F98/><W24/><G121/><T36/><D104/><U107/><E107/><V35/><F35/><W115/><G118/><T42/><D135/><U106/><E106/><V45/><F60/><W108/><G76/><T33/><D129/><U93/><E116/><V40/><F71/><W37/><G131/><T51/><D109/><U61/><E0/><V82/><F82/><W85/><G125/><T23/><D33/><U84/><E75/><AGARI ba="0,0" hai="6,11,15,40,43,45,47,48,49,75,77,81,89,90" machi="75" ten="30,11600,0" yaku="7,1,9,1,52,2" doraHai="46" who="2" fromWho="1" sc="326,0,178,-116,284,116,212,0" />
</Scene>
<Scene>
<INIT seed="2,1,0,4,0,16" ten="326,62,400,212" oya="2" hai0="103,31,60,121,101,134,12,49,104,54,115,48,97" hai1="38,135,93,87,102,130,40,81,125,19,3,133,65" hai2="109,42,122,39,18,73,6,108,35,127,92,96,84" hai3="113,33,67,62,89,110,116,34,94,26,17,91,37"/><V55/><F122/><W76/><G116/><T30/><D121/><U86/><E3/><V41/><F73/><W100/><G37/><T15/><D115/><U132/><E38/><V83/><F35/><W88/><G113/><T2/><D2/><U13/><E40/><V47/><F41/><W1/><G1/><T128/><D128/><U95/><E65/><V56/><F6/><W58/><G110/><N who="2" m="42601" /><F127/><W117/><G117/><T14/><D103/><U44/><E44/><V50/><F18/><W23/><REACH who="3" step="1"/><G76/><REACH who="3" ten="326,62,400,202" step="2"/><T98/><D134/><U71/><E125/><V82/><F84/><W74/><G74/><T45/><D98/><AGARI ba="1,1" hai="17,23,26,33,34,58,62,67,88,89,91,94,98,100" machi="98" ten="40,5200,0" yaku="1,1,52,1,54,1,53,0" doraHai="16" doraHaiUra="123" who="3" fromWho="0" sc="326,-55,62,0,400,0,202,65" />
</Scene>
<Scene>
<INIT seed="3,0,0,0,3,65" ten="271,62,400,267" oya="3" hai0="34,31,73,25,64,81,76,117,128,54,27,102,4" hai1="50,45,74,17,7,66,113,29,86,60,95,51,126" hai2="40,35,75,103,53,132,49,80,41,129,110,20,26" hai3="8,3,98,79,71,24,127,47,123,124,15,121,106"/><W134/><G3/><T61/><D117/><U63/><E74/><V97/><F35/><W116/><G116/><T18/><D128/><U87/><E113/><V5/><F5/><N who="3" m="3471" /><G79/><T107/><D4/><U43/><E7/><V62/><F129/><W99/><G134/><T36/><D54/><U57/><E29/><V90/><F62/><W48/><G71/><N who="0" m="42383" /><D27/><U89/><E126/><N who="3" m="48170" /><G24/><T1/><D18/><U2/><E2/><V82/><F26/><W68/><G68/><T30/><D30/><U109/><E109/><V77/><F77/><W88/><G106/><T105/><D1/><U101/><E63/><V33/><F110/><W37/><G37/><T22/><D22/><U111/><E111/><V13/><F20/><W78/><G78/><T122/><D122/><N who="3" m="46601" /><G88/><T118/><D118/><U120/><E120/><V38/><F90/><W52/><AGARI ba="0,0" hai="47,48,52,98,99" m="46601,48170,3471" machi="52" ten="30,3000,0" yaku="18,1,54,1" doraHai="65" who="3" fromWho="3" sc="271,-10,62,-10,400,-10,267,30" />
</Scene>
<Scene>
<INIT seed="3,1,0,4,3,20" ten="261,52,390,297" oya="3" hai0="63,130,42,10,41,98,29,118,125,46,22,128,107" hai1="13,50,51,117,12,94,56,49,111,48,35,26,90" hai2="122,11,72,100,108,25,95,14,17,106,45,55,115" hai3="23,66,71,60,99,120,21,62,37,135,2,34,24"/><W6/><G120/><T7/><D118/><U78/><E117/><V32/><F115/><W83/><G37/><T112/><D112/><U110/><E78/><V104/><F72/><W47/><G135/><T126/><D63/><U59/><E59/><V129/><F122/><W75/><G62/><T19/><D98/><U70/><E70/><V53/><F108/><N who="1" m="41513" /><E56/><V44/><F129/><N who="0" m="49770" /><D107/><U124/><E124/><N who="0" m="47721" /><D46/><U132/><E132/><V65/><F104/><W58/><G47/><T87/><D87/><N who="1" m="52575" /><E51/><V91/><F106/><W93/><G60/><T43/><D29/><AGARI ba="1,0" hai="12,13,26,29,35,48,49,50" m="52575,41513" machi="29" ten="30,2000,0" yaku="14,1,52,1" doraHai="20" who="1" fromWho="0" sc="261,-23,52,23,390,0,297,0" />
</Scene>
<Scene>
<INIT seed="4,0,0,3,2,25" ten="238,75,390,297" oya="0" hai0="68,101,38,24,45,28,16,62,29,54,40,18,104" hai1="8,69,53,7,49,52,87,118,47,43,63,32,89" hai2="98,2,55,3,42,12,105,115,117,15,37,31,130" hai3="83,74,80,23,76,5,60,108,56,120,92,73,75"/><T126/><D126/><U6/><E118/><V84/><F37/><W58/><G108/><T34/><D54/><U64/><E32/><V67/><F42/><W9/><G120/><T78/><D78/><U13/><REACH who="1" step="1"/><E6/><REACH who="1" ten="238,65,390,297" step="2"/><V110/><F117/><W85/><G5/><T119/><D119/><U103/><E103/><V66/><F110/><W81/><G73/><T112/><D112/><U22/><E22/><V121/><F115/><W14/><G23/><T113/><D113/><U77/><E77/><V19/><F121/><W133/><G75/><T91/><D91/><U96/><E96/><V35/><F98/><W79/><G74/><T4/><D4/><U26/><E26/><V107/><F35/><W1/><G79/><T21/><D101/><U59/><E59/><V116/><F116/><W134/><G58/><T11/><D34/><U128/><E128/><V50/><F130/><W20/><G20/><T65/><REACH who="0" step="1"/><D104/><REACH who="0" ten="228,65,390,297" step="2"/><U129/><E129/><V10/><F107/><W131/><G76/><T86/><D86/><U82/><AGARI ba="0,2" hai="7,8,13,43,47,49,52,53,63,64,69,82,87,89" machi="82" ten="20,5200,0" yaku="1,1,0,1,7,1,54,1,53,0" doraHai="25" doraHaiUra="71" who="1" fromWho="1" sc="228,-26,65,72,390,-13,297,-13" />
</Scene>
<Scene>
<INIT seed="5,0,0,5,1,116" ten="202,137,377,284" oya="1" hai0="33,12,17,76,13,27,67,81,102,56,115,61,39" hai1="110,20,32,14,21,65,72,89,0,75,109,28,25" hai2="64,53,58,50,105,11,10,121,79,42,2,3,29" hai3="37,5,107,36,117,9,55,63,16,103,77,126,49"/><U35/><E65/><V85/><F105/><W113/><G117/><T73/><D115/><U43/><E43/><V128/><F29/><W104/><G113/><T90/><D39/><U125/><E0/><V59/><F42/><W54/><G77/><T99/><D90/><U130/><E89/><V41/><F41/><W22/><G126/><T78/><D78/><U95/><E95/><V129/><F121/><W120/><G63/><T69/><D56/><U93/><E93/><V94/><F64/><W7/><G120/><T1/><D1/><N who="2" m="10" /><F59/><W83/><G83/><T111/><D111/><N who="1" m="42507" /><E125/><V30/><F30/><W51/><G103/><T97/><D97/><U87/><E87/><V82/><F94/><W74/><G74/><N who="1" m="28202" /><E130/><AGARI ba="0,0" hai="10,11,50,53,58,79,82,85,128,129,130" m="10" machi="130" ten="30,1000,0" yaku="19,1" doraHai="116" who="2" fromWho="1" sc="202,0,137,-10,377,10,284,0" />
</Scene>
<Scene>
<INIT seed="6,0,0,4,5,57" ten="202,127,387,284" oya="2" hai0="124,114,49,123,119,122,100,97,46,91,18,120,50" hai1="83,98,59,102,103,104,16,31,82,13,33,133,43" hai2="3,6,40,67,5,11,4,135,78,28,34,105,17" hai3="85,65,21,121,1,45,53,76,12,128,101,8,75"/><V42/><F105/><W129/><G121/><T127/><D18/><U62/><E133/><V0/><F67/><W2/><G75/><T9/><D9/><U107/><E43/><V88/><F88/><W37/><G101/><T47/><D91/><U35/><E31/><V48/><F48/><N who="0" m="18538" /><D114/><U55/><E35/><V61/><F78/><W20/><G8/><T41/><D100/><U96/><E33/><V52/><F135/><W56/><G85/><T72/><D97/><U93/><E93/><V70/><F34/><W73/><G76/><T134/><D72/><U74/><E74/><V125/><F28/><W30/><G30/><T77/><D77/><U14/><E14/><V7/><F3/><W86/><G2/><T38/><D134/><U26/><E26/><V60/><F17/><W99/><G1/><T130/><D47/><U32/><E32/><V22/><F22/><AGARI ba="0,0" hai="13,16,22,55,59,62,82,83,96,98,102,103,104,107" machi="22" ten="30,7700,0" yaku="7,1,9,1,52,1,54,1" doraHai="57" who="1" fromWho="2" sc="202,0,127,77,387,-77,284,0" />
</Scene>
<Scene>
<INIT seed="7,0,0,3,0,16" ten="202,204,310,284" oya="3" hai0="42,71,96,93,21,52,91,28,83,109,81,124,129" hai1="70,103,13,84,26,127,113,29,18,7,37,61,117" hai2="90,106,54,88,47,44,35,119,121,65,94,50,75" hai3="51,63,25,67,53,22,45,58,10,57,102,82,135"/><W6/><G135/><T40/><D109/><U112/><E37/><V79/><F119/><W101/><G82/><N who="0" m="31243" /><D71/><U27/><E117/><V77/><F106/><W99/><G99/><T38/><D38/><U49/><E7/><V20/><F35/><W118/><G118/><T11/><D124/><U115/><E127/><V43/><F75/><W72/><G72/><T125/><D125/><U62/><E70/><V66/><F121/><W64/><G64/><N who="2" m="24681" /><F20/><W120/><G120/><T128/><D11/><N who="1" m="6463" /><E26/><V110/><F110/><W114/><G114/><T78/><D78/><N who="2" m="29706" /><F94/><W34/><G34/><T60/><D21/><N who="1" m="15599" /><E103/><V36/><F36/><W111/><G111/><T1/><D1/><U73/><E73/><V14/><F14/><N who="3" m="5463" /><G45/><T23/><D23/><U107/><E107/><V92/><F47/><W132/><G132/><T74/><D28/><AGARI ba="0,0" hai="22,25,28,51,53,57,58,63,67,101,102" m="5463" machi="28" ten="30,2900,0" yaku="8,1,52,1" doraHai="16" who="3" fromWho="0" sc="202,-29,204,0,310,0,284,29" owari="173,-33.0,204,-20.0,310,11.0,313,42.0" />
</Scene>
</mjloggm>