<mjloggm ver="2.3"><GO type="169" lobby="0"/><UN n0="%E3%81%AA%E3%81%AA%E2%98%86%E3%81%A0%E3%81%BE%EF%BC%A2" n1="%7A%6B%75%72%74" n2="%4E%4F%42%55%53%48%49" n3="%E5%A4%AA%E3%81%8F%E3%81%AA%E3%81%84%E3%81%8A" dan="16,16,16,18" rate="2042.31,2108.30,2096.21,2248.62" sx="M,M,M,F"/><TAIKYOKU oya="0"/>

<Scene>
<INIT seed="0,0,0,5,0,77" ten="250,250,250,250" oya="0" hai0="125,133,75,9,114,126,68,72,34,132,33,63,99" hai1="70,19,111,60,107,120,55,40,6,3,78,135,112" hai2="0,22,113,131,95,121,29,28,86,45,80,7,47" hai3="41,76,129,56,117,51,30,54,49,43,23,96,85"/><T73/><D114/><U97/><E112/><V91/><F113/><W58/><G117/><T104/><D9/><U24/><E120/><V66/><F121/><W1/><G1/><T124/><D63/><U27/><E135/><N who="0" m="51785" /><D68/><U110/><E40/><V118/><F118/><W127/><G127/><T35/><D99/><U105/><E78/><V5/><F0/><W67/><G96/><T134/><N who="0" m="51793" /><T48/><DORA hai="4" /><D48/><U17/><E6/><V65/><F7/><W46/><G51/><T130/><D130/><U92/><E3/><V83/><F5/><W109/><G129/><T52/><D52/><U82/><E55/><V122/><F122/><W2/><G2/><T32/><N who="0" m="8192" /><DORA hai="74" /><T81/><D81/><N who="2" m="31306" /><F131/><W100/><G54/><T87/><D87/><U14/><E82/><V53/><F22/><W88/><G23/><T59/><D59/><U62/><E70/><V39/><F39/><W102/><G56/><T26/><D26/><U101/><E27/><V21/><F53/><W94/><G58/><T79/><D79/><U36/><E36/><V64/><F29/><W8/><G30/><T119/><D119/><U50/><E50/><V71/><F71/><W108/><G76/><T12/><D12/><U84/><E24/><AGARI ba="0,0" hai="21,24,28,45,47,64,65,66,86,91,95" m="31306" machi="24" ten="30,7700,0" yaku="8,1,52,3" doraHai="77,4,74" who="2" fromWho="1" sc="250,0,250,-77,250,77,250,0" />
</Scene>
<Scene>
<INIT seed="1,0,0,3,3,132" ten="250,173,327,250" oya="1" hai0="74,135,102,120,21,88,19,17,58,13,68,93,103" hai1="38,81,43,23,80,117,55,114,54,86,12,50,116" hai2="39,98,115,85,15,10,71,92,96,75,56,99,31" hai3="121,90,78,32,69,62,84,131,47,83,30,8,3"/><U16/><E114/><V45/><F71/><W61/><G121/><T40/><D68/><U129/><E129/><V59/><F75/><W64/><G131/><T6/><D120/><U106/><E106/><V34/><F115/><W101/><G61/><T72/><D135/><U109/><E38/><V124/><F34/><W122/><G122/><T20/><D6/><U49/><E43/><V128/><F31/><W123/><G123/><T79/><D40/><U118/><E109/><V91/><F45/><W127/><G47/><T14/><D58/><U125/><E125/><V95/><F39/><W82/><G101/><T26/><D26/><U0/><E0/><V35/><F124/><W7/><G127/><T25/><D25/><U67/><E67/><V44/><F44/><W97/><G30/><T111/><D111/><U51/><REACH who="1" step="1"/><E81/><REACH who="1" ten="250,163,327,250" step="2"/><V89/><F128/><W63/><G83/><T28/><D74/><U70/><E70/><V104/><F104/><W46/><G64/><T66/><D66/><U11/><E11/><V5/><F35/><W94/><G32/><T4/><D72/><U76/><AGARI ba="0,1" hai="12,16,23,49,50,51,54,55,76,80,86,116,117,118" machi="76" ten="40,7800,0" yaku="1,1,0,1,54,1,53,0" doraHai="132" doraHaiUra="126" who="1" fromWho="1" sc="250,-26,163,88,327,-26,250,-26" />
</Scene>
<Scene>
<INIT seed="1,1,0,2,4,80" ten="224,251,301,224" oya="1" hai0="84,90,119,123,108,74,106,114,43,31,98,46,121" hai1="109,85,53,52,95,0,27,11,62,57,23,49,6" hai2="82,94,25,65,55,110,38,21,4,32,2,14,134" hai3="105,36,34,60,130,13,120,10,126,30,72,73,56"/><U51/><E109/><V40/><F38/><W3/><G120/><N who="0" m="46155" /><D74/><U107/><E107/><V61/><F40/><W87/><G105/><T128/><D108/><U50/><E95/><V19/><F110/><W101/><G36/><T54/><D119/><U64/><REACH who="1" step="1"/><E85/><REACH who="1" ten="224,241,301,224" step="2"/><V103/><F94/><W59/><G87/><T26/><D106/><U78/><E78/><V22/><F82/><W89/><G73/><T102/><D84/><U97/><E97/><V127/><F103/><W68/><G101/><T58/><D102/><U79/><E79/><V41/><F127/><W91/><G72/><T9/><D98/><U113/><E113/><V99/><F99/><W5/><G126/><T39/><D114/><U1/><E1/><V75/><F2/><W18/><G3/><T129/><D90/><U83/><E83/><V63/><F75/><W111/><G111/><T69/><D129/><U118/><E118/><V29/><F134/><W8/><G130/><T16/><D128/><U7/><E7/><V15/><F4/><W66/><G91/><T86/><D86/><U28/><AGARI ba="1,1" hai="0,6,11,23,27,28,49,50,51,52,53,57,62,64" machi="28" ten="30,6000,0" yaku="1,1,0,1,54,1,53,0" doraHai="80" doraHaiUra="132" who="1" fromWho="1" sc="224,-21,241,73,301,-21,224,-21" />
</Scene>
<Scene>
<INIT seed="1,2,0,2,0,76" ten="203,314,280,203" oya="1" hai0="8,24,114,129,10,131,23,64,80,111,110,32,48" hai1="67,66,103,119,133,47,40,14,49,37,33,127,25" hai2="28,6,134,43,85,55,86,113,77,2,62,58,83" hai3="15,71,35,74,45,107,63,42,53,84,90,27,30"/><U96/><E119/><V61/><F113/><W54/><G74/><T112/><D32/><U69/><E127/><V109/><F134/><W46/><G107/><T51/><D64/><U7/><E133/><V19/><F109/><N who="0" m="41482" /><D80/><U120/><E120/><V130/><F130/><N who="0" m="49674" /><D51/><U34/><E37/><V116/><F116/><W72/><G72/><T0/><D48/><U16/><E7/><V26/><F43/><W12/><G71/><T29/><D0/><U21/><E69/><V88/><F19/><W20/><G35/><T5/><D5/><U4/><E34/><V52/><F6/><W94/><G46/><T106/><D106/><U11/><REACH who="1" step="1"/><E33/><REACH who="1" ten="203,304,280,203" step="2"/><V3/><F3/><W95/><G42/><T115/><AGARI ba="2,1" hai="8,10,23,24,29,112,114,115" m="49674,41482" machi="115" ten="40,8000,1" yaku="14,1,19,1,34,2" doraHai="76" who="0" fromWho="0" sc="203,96,304,-42,280,-22,203,-22" />
</Scene>
<Scene>
<INIT seed="2,0,0,4,0,59" ten="299,262,258,181" oya="2" hai0="127,31,38,94,61,44,25,118,69,51,135,115,16" hai1="131,133,2,97,89,119,30,107,124,86,121,47,29" hai2="39,104,17,91,56,72,36,14,73,12,116,126,71" hai3="125,117,13,88,62,77,81,11,35,15,74,95,37"/><V68/><F104/><W99/><G125/><T96/><D115/><U70/><E2/><V7/><F116/><W65/><G117/><T48/><D118/><U54/><E119/><V43/><F126/><W109/><G109/><T122/><D127/><U83/><E124/><V87/><F7/><W79/><G35/><T52/><D122/><U113/><E113/><V53/><F14/><W26/><G37/><T120/><D120/><U40/><E121/><V1/><F1/><W0/><G26/><T66/><D135/><U105/><E70/><V80/><F71/><W58/><REACH who="3" step="1"/><G79/><REACH who="3" ten="299,262,258,171" step="2"/><T22/><D38/><U102/><E133/><V55/><F39/><W132/><G132/><T110/><D110/><U57/><E131/><V123/><F36/><W19/><G19/><T129/><D129/><U33/><E33/><V111/><F17/><W4/><AGARI ba="0,1" hai="0,4,11,13,15,58,62,65,74,77,81,88,95,99" machi="4" ten="30,7900,0" yaku="1,1,0,1,52,1,54,1,53,0" doraHai="59" doraHaiUra="49" who="3" fromWho="3" sc="299,-20,262,-20,258,-39,171,89" />
</Scene>
<Scene>
<INIT seed="3,0,0,5,3,133" ten="279,242,219,260" oya="3" hai0="111,96,72,27,97,122,0,103,9,33,16,11,127" hai1="86,120,66,10,45,59,108,90,5,73,53,84,101" hai2="123,76,85,29,18,25,49,117,14,113,107,31,52" hai3="115,125,15,80,44,114,64,109,1,37,81,48,28"/><W87/><G1/><T104/><D72/><U94/><E73/><V92/><F107/><W70/><G37/><T77/><D122/><U51/><E120/><V130/><F123/><W106/><G106/><T47/><D77/><U65/><E108/><V56/><F117/><W30/><G70/><T110/><D127/><U22/><E101/><V60/><F113/><W112/><G64/><T4/><D47/><U40/><E86/><V102/><F130/><W35/><G35/><T124/><D124/><U19/><E10/><V58/><F25/><W93/><G125/><T32/><D97/><U26/><REACH who="1" step="1"/><E5/><REACH who="1" ten="279,232,219,260" step="2"/><V69/><F102/><W34/><G109/><N who="0" m="41483" /><D11/><U41/><E41/><V118/><F118/><W121/><G121/><T61/><D9/><U95/><E95/><V50/><F92/><W21/><G93/><T20/><D4/><U105/><E105/><V131/><F85/><W57/><G87/><T135/><D135/><U13/><E13/><V23/><F131/><W39/><G15/><T42/><D42/><U12/><E12/><V63/><F76/><W99/><G115/><T7/><D7/><U91/><E91/><V67/><F60/><AGARI ba="0,1" hai="19,22,26,40,45,51,53,59,60,65,66,84,90,94" machi="60" ten="30,7700,0" yaku="1,1,7,1,8,1,53,1" doraHai="133" doraHaiUra="89" who="1" fromWho="2" sc="279,0,232,87,219,-77,260,0" />
</Scene>
<Scene>
<INIT seed="4,0,0,3,5,108" ten="279,319,142,260" oya="0" hai0="49,118,51,17,130,87,109,94,8,47,53,72,11" hai1="46,122,79,24,86,92,63,70,115,23,134,127,18" hai2="28,22,128,13,14,30,98,0,52,61,62,42,2" hai3="39,113,123,76,33,133,26,88,6,106,59,37,66"/><T107/><D72/><U89/><E122/><V38/><F42/><W44/><G106/><T126/><D107/><U34/><E34/><V93/><F38/><W20/><G33/><T19/><D118/><U78/><E127/><V9/><F128/><W16/><G76/><T29/><D126/><U124/><E124/><V36/><F36/><W117/><G117/><T83/><D130/><U129/><E129/><V3/><F22/><W131/><G131/><T85/><D109/><U21/><E134/><V43/><F43/><W56/><G44/><N who="0" m="27815" /><D29/><U64/><E46/><V68/><F14/><W81/><G6/><T10/><D94/><U77/><E23/><V111/><F111/><W101/><G101/><T45/><D45/><U60/><E60/><V67/><F52/><W57/><G66/><T132/><D132/><U58/><E70/><V119/><F62/><W110/><G133/><T41/><D87/><U31/><E31/><V112/><F119/><W40/><G110/><T99/><D99/><U71/><E71/><V7/><REACH who="2" step="1"/><F112/><REACH who="2" ten="279,319,132,260" step="2"/><W91/><G113/><T125/><D125/><U116/><E116/><V65/><F65/><W80/><G40/><T54/><D41/><U104/><E115/><V90/><AGARI ba="0,1" hai="0,2,3,7,9,13,28,30,61,67,68,90,93,98" machi="90" ten="30,2000,0" yaku="1,1,0,1,53,0" doraHai="108" doraHaiUra="50" who="2" fromWho="2" sc="279,-10,319,-5,132,30,260,-5" />
</Scene>
<Scene>
<INIT seed="5,0,0,4,4,127" ten="269,314,162,255" oya="1" hai0="17,67,109,20,58,115,102,129,91,108,119,116,38" hai1="42,94,113,26,80,92,69,28,117,93,57,8,85" hai2="59,12,66,13,1,61,132,35,60,71,45,89,6" hai3="30,99,123,56,55,118,54,83,111,16,81,53,73"/><U27/><E69/><V107/><F35/><W122/><G111/><T68/><D68/><U72/><E72/><V18/><F107/><W95/><G30/><T43/><D102/><U33/><E117/><N who="0" m="45129" /><D91/><U41/><E113/><V98/><F1/><W21/><G118/><T29/><D29/><U44/><E8/><V82/><F45/><W52/><G73/><T90/><D90/><U65/><E26/><V25/><F132/><W15/><G122/><T50/><D20/><N who="1" m="15463" /><E44/><V96/><F6/><W11/><G11/><T70/><D17/><U87/><E33/><V133/><F133/><W134/><G123/><T0/><D0/><U49/><E87/><V36/><F36/><W47/><G47/><T14/><D115/><U120/><E120/><V34/><F34/><W103/><REACH who="3" step="1"/><G134/><REACH who="3" ten="269,314,162,245" step="2"/><T76/><D109/><U74/><E74/><V97/><F18/><W101/><G101/><T2/><D108/><U62/><E49/><AGARI ba="0,1" hai="15,16,21,49,52,53,54,55,56,81,83,95,99,103" machi="49" ten="40,8000,1" yaku="1,1,8,1,54,2,53,0" doraHai="127" doraHaiUra="100" who="3" fromWho="1" sc="269,0,314,-80,162,0,245,90" />
</Scene>
<Scene>
<INIT seed="6,0,0,3,2,28" ten="269,234,162,335" oya="2" hai0="106,132,71,10,25,83,49,22,61,64,6,16,59" hai1="135,102,122,50,18,92,53,3,1,31,63,35,117" hai2="5,14,78,133,129,39,57,62,115,37,54,109,80" hai3="76,75,23,55,81,87,44,21,4,121,42,26,111"/><V110/><F5/><W95/><G111/><N who="2" m="42505" /><F14/><W85/><G121/><T65/><D132/><U93/><E122/><V24/><F24/><W105/><G105/><T69/><D106/><U32/><E135/><V77/><F133/><W86/><G4/><T43/><D83/><U126/><E117/><V11/><F11/><W51/><G95/><T88/><D88/><U108/><E108/><V73/><F129/><W68/><G68/><T82/><D82/><U123/><E123/><V12/><F12/><W130/><G130/><T46/><REACH who="0" step="1"/><D65/><REACH who="0" ten="259,234,162,335" step="2"/><U90/><E90/><V100/><F115/><W104/><G104/><T13/><AGARI ba="0,1" hai="6,10,13,16,22,25,43,46,49,59,61,64,69,71" machi="13" ten="20,12000,2" yaku="1,1,2,1,0,1,7,1,54,1,53,1" doraHai="28" doraHaiUra="56" who="0" fromWho="0" sc="259,130,234,-30,162,-60,335,-30" />
</Scene>
<Scene>
<INIT seed="7,0,0,1,1,57" ten="389,204,102,305" oya="3" hai0="55,48,128,90,30,112,0,60,77,64,86,123,91" hai1="79,127,122,23,63,124,27,133,118,92,120,67,42" hai2="73,70,102,100,46,26,53,115,18,21,116,37,59" hai3="56,107,81,114,131,93,45,89,10,68,61,50,38"/><W113/><G107/><T97/><D123/><U69/><E118/><V54/><F73/><W84/><G131/><T106/><D0/><U1/><E1/><V117/><F70/><W12/><G38/><T108/><D108/><U44/><E79/><V31/><F116/><W96/><G68/><T121/><D121/><U14/><E14/><V4/><F117/><W105/><G105/><T126/><D128/><U80/><E80/><V34/><F115/><W62/><G113/><T75/><D112/><U15/><E15/><V104/><F104/><W83/><G114/><T32/><D126/><N who="1" m="48171" /><E92/><V22/><F4/><N who="3" m="3143" /><G56/><T130/><D130/><U72/><E72/><V8/><F37/><W47/><G47/><T134/><D55/><U11/><E11/><V125/><F8/><W82/><G96/><T111/><D60/><N who="3" m="23145" /><G83/><T35/><D106/><U110/><E110/><V74/><F125/><W119/><G119/><T99/><D111/><U16/><E133/><V19/><F74/><W33/><G33/><T2/><D35/><U39/><AGARI ba="0,0" hai="16,23,27,39,42,44,63,67,69,120,122" m="48171" machi="39" ten="30,4000,0" yaku="18,1,52,1,54,1" doraHai="57" who="1" fromWho="1" sc="389,-10,204,40,102,-10,305,-20" owari="379,48.0,244,-16.0,92,-41.0,285,9.0" />
</Scene>
</mjloggm>