<mjloggm ver="2.3"><GO type="169" lobby="0"/><UN n0="%E9%9C%9C%E6%9C%88%E3%81%95%E3%82%93" n1="%2D%72%6F%6E%2D" n2="%E5%A4%AA%E3%81%8F%E3%81%AA%E3%81%84%E3%81%8A" n3="%E3%82%89%E3%82%80%E3%81%AE%E3%81%B1%E3%81%B1" dan="16,16,18,16" rate="2106.11,2129.38,2216.48,2109.93" sx="M,M,F,M"/><TAIKYOKU oya="0"/>

<Scene>
<INIT seed="0,0,0,1,3,108" ten="250,250,250,250" oya="0" hai0="69,68,67,43,18,118,131,128,24,109,82,9,90" hai1="37,53,49,35,120,121,63,51,107,44,119,102,3" hai2="12,28,0,25,76,6,1,116,113,94,86,48,70" hai3="54,56,64,125,83,32,129,17,20,21,46,115,117"/><T79/><D118/><U65/><E3/><V33/><F70/><W100/><G117/><T134/><D109/><U133/><E119/><V126/><F116/><W40/><G32/><T130/><D134/><U62/><E35/><V38/><F38/><W26/><G129/><T22/><D90/><U105/><E102/><V15/><F48/><W52/><G125/><T75/><D43/><N who="1" m="22639" /><E105/><V99/><F86/><W50/><G115/><T96/><D96/><U8/><E8/><V23/><F76/><W124/><G100/><T19/><REACH who="0" step="1"/><D67/><REACH who="0" ten="240,250,250,250" step="2"/><U11/><E133/><V114/><F99/><W85/><G124/><T106/><D106/><U111/><E107/><V78/><F126/><W74/><G74/><T5/><D5/><U103/><E111/><V39/><F6/><W30/><G64/><T60/><D60/><U41/><E103/><V58/><F113/><W16/><G56/><T61/><D61/><U88/><E88/><V71/><F58/><W97/><G97/><T47/><D47/><N who="1" m="25839" /><E62/><V123/><F114/><W72/><G72/><T27/><D27/><U55/><E121/><V101/><F25/><N who="3" m="14471" /><G30/><T89/><D89/><AGARI ba="0,1" hai="17,21,26,40,46,50,52,54,83,85,89" m="14471" machi="89" ten="30,3900,0" yaku="8,1,54,2" doraHai="108" who="3" fromWho="0" sc="240,-39,250,0,250,0,250,49" />
</Scene>
<Scene>
<INIT seed="1,0,0,0,1,75" ten="201,250,250,299" oya="1" hai0="46,40,1,49,32,93,92,79,67,56,11,78,30" hai1="87,38,115,97,109,5,42,21,119,104,86,81,105" hai2="15,39,95,135,18,14,31,20,114,45,127,60,128" hai3="47,4,107,3,131,96,100,28,113,65,55,25,23"/><U52/><E115/><V72/><F72/><W22/><G113/><T71/><D71/><U129/><E119/><V126/><F114/><W43/><G131/><T125/><D125/><N who="2" m="47626" /><F128/><W80/><G55/><T102/><D32/><U83/><E129/><V50/><F135/><W9/><G65/><T84/><D30/><U85/><E38/><V120/><F39/><W6/><G6/><T13/><D1/><U19/><E42/><V133/><F133/><W24/><G80/><T106/><D106/><U89/><E5/><V44/><F120/><W0/><G0/><T74/><D74/><U118/><E118/><V29/><F60/><W77/><G77/><N who="0" m="29195" /><D102/><U10/><E109/><V66/><F66/><W64/><G64/><T88/><D93/><N who="1" m="56495" /><E10/><V99/><F31/><W112/><G112/><T41/><D41/><U61/><E104/><V59/><F29/><W124/><G124/><T7/><D67/><U62/><E105/><V36/><F36/><W63/><G63/><N who="1" m="24074" /><E52/><V108/><F108/><W33/><G25/><AGARI ba="0,0" hai="19,21,25,81,83,85,86,87" m="24074,56495" machi="25" ten="30,1500,0" yaku="8,1" doraHai="75" who="1" fromWho="3" sc="201,0,250,15,250,0,299,-15" />
</Scene>
<Scene>
<INIT seed="1,1,0,4,0,69" ten="201,265,250,284" oya="1" hai0="50,70,80,81,110,14,74,71,6,99,118,31,49" hai1="51,97,10,122,109,4,16,125,54,94,40,64,26" hai2="78,90,76,133,128,111,2,48,19,12,130,126,117" hai3="129,60,36,58,88,131,113,8,108,44,34,24,93"/><U56/><E122/><V95/><F2/><W104/><G113/><T124/><D118/><U15/><E125/><V41/><F117/><W103/><G108/><T23/><D110/><U33/><E109/><V55/><F41/><N who="3" m="22567" /><G8/><T87/><D124/><U63/><E40/><V134/><F111/><W46/><G46/><T114/><D114/><U53/><E51/><V105/><F105/><W135/><G135/><N who="2" m="51721" /><F126/><W89/><G104/><T91/><D99/><U85/><E85/><N who="2" m="52687" /><F78/><W9/><G9/><T21/><D6/><U43/><E43/><V75/><F76/><W100/><G24/><T62/><D74/><U30/><REACH who="1" step="1"/><E4/><REACH who="1" ten="201,255,250,284" step="2"/><V42/><F42/><W68/><G34/><T119/><D50/><U35/><E35/><V0/><F48/><W107/><G107/><T82/><D49/><U29/><E29/><V101/><F128/><N who="3" m="49227" /><G68/><T132/><D71/><U121/><E121/><V84/><F130/><W106/><G106/><T123/><D70/><U115/><E115/><V7/><F7/><W96/><G103/><AGARI ba="1,1" hai="10,15,16,26,30,33,53,54,56,63,64,94,97,103" machi="103" ten="30,5800,0" yaku="1,1,7,1,54,1,53,0" doraHai="69" doraHaiUra="83" who="1" fromWho="3" sc="201,0,255,71,250,0,284,-61" />
</Scene>
<Scene>
<INIT seed="1,2,0,3,3,91" ten="201,326,250,223" oya="1" hai0="0,3,95,134,19,74,24,125,80,133,59,129,33" hai1="11,123,30,13,107,68,82,76,32,39,87,126,120" hai2="27,6,10,81,92,130,48,88,99,22,98,90,109" hai3="26,14,66,71,100,50,25,64,5,83,1,65,7"/><U12/><E107/><V15/><F109/><W51/><G71/><T135/><D129/><U45/><E68/><V55/><F130/><W121/><G121/><T105/><D105/><U84/><E126/><V69/><F69/><W61/><G61/><T35/><D125/><U128/><E128/><V108/><F108/><W29/><G1/><N who="0" m="587" /><D59/><U72/><E32/><N who="0" m="12361" /><D80/><U49/><E39/><V23/><F27/><W2/><G2/><T34/><D74/><U63/><E30/><V116/><F116/><W113/><G113/><T101/><D95/><U77/><E63/><V8/><F8/><W47/><G100/><T41/><D101/><U112/><E112/><V119/><F119/><W96/><G96/><T75/><D41/><U85/><E77/><V31/><F31/><W46/><G83/><T117/><D75/><U114/><E114/><V16/><F6/><N who="3" m="2059" /><G29/><N who="0" m="19751" /><D19/><U122/><REACH who="1" step="1"/><E11/><REACH who="1" ten="201,316,250,223" step="2"/><V17/><F17/><W28/><G28/><T58/><D58/><U94/><E94/><N who="2" m="56647" /><F81/><W56/><G56/><AGARI ba="2,1" hai="10,15,16,22,23,48,55,56,90,92,99" m="56647" machi="56" ten="30,8000,1" yaku="8,1,52,2,54,2" doraHai="91" who="2" fromWho="3" sc="201,0,316,0,250,96,223,-86" />
</Scene>
<Scene>
<INIT seed="2,0,0,1,1,45" ten="201,316,346,137" oya="2" hai0="50,114,40,79,68,109,122,21,96,110,39,67,3" hai1="4,112,14,44,100,65,24,134,8,103,16,91,93" hai2="38,31,104,92,27,82,89,128,5,108,11,34,95" hai3="119,120,107,135,41,123,9,35,32,20,49,133,127"/><V81/><F104/><W15/><G107/><T97/><D114/><U53/><E112/><V43/><F128/><W48/><G41/><T0/><D122/><N who="3" m="46633" /><G119/><T129/><D39/><U121/><E121/><V83/><F108/><N who="0" m="41578" /><D129/><U77/><E77/><V10/><F89/><W51/><G20/><T111/><D79/><U1/><E65/><V118/><F118/><W18/><G127/><T52/><D40/><U74/><E74/><V13/><REACH who="2" step="1"/><F11/><REACH who="2" ten="201,316,336,137" step="2"/><W22/><G9/><T55/><D111/><U85/><E134/><AGARI ba="0,1" hai="15,18,22,32,35,48,49,51,133,134,135" m="46633" machi="134" ten="40,8000,1" yaku="20,1,52,3" doraHai="45" who="3" fromWho="1" sc="201,0,316,-80,336,0,137,90" />
</Scene>
<Scene>
<INIT seed="3,0,0,0,3,127" ten="201,236,336,227" oya="3" hai0="16,81,62,37,21,24,50,66,25,63,71,124,55" hai1="9,64,97,57,118,5,23,94,93,86,88,10,74" hai2="133,135,45,100,123,14,49,39,58,104,92,48,129" hai3="46,32,41,126,106,73,105,11,108,54,77,130,84"/><W33/><G126/><T115/><D124/><U132/><E74/><V83/><F104/><N who="3" m="40043" /><G54/><T44/><D115/><U40/><E40/><V3/><F3/><W56/><G56/><T22/><D63/><N who="1" m="37999" /><E118/><V27/><F58/><W43/><G43/><T8/><D81/><N who="1" m="49231" /><E132/><V89/><F135/><W99/><G11/><N who="1" m="4106" /><E5/><V61/><F133/><W95/><G95/><T75/><D8/><U2/><E2/><V90/><F92/><W120/><G99/><T47/><D75/><U87/><E97/><V13/><F39/><N who="3" m="21823" /><G84/><T70/><D47/><U34/><E34/><N who="3" m="13418" /><G120/><T114/><D37/><U19/><E87/><V80/><F123/><W67/><G67/><T107/><D107/><U79/><E79/><V128/><F45/><W109/><G130/><T103/><D103/><U26/><AGARI ba="0,0" hai="19,23,26,93,94" m="4106,49231,37999" machi="26" ten="30,2000,0" yaku="8,1,54,1" doraHai="127" who="1" fromWho="1" sc="201,-5,236,20,336,-5,227,-10" />
</Scene>
<Scene>
<INIT seed="4,0,0,1,3,106" ten="196,256,331,217" oya="0" hai0="11,16,25,53,20,132,47,60,107,30,125,55,19" hai1="116,128,115,61,68,121,133,100,18,51,17,27,66" hai2="56,33,98,112,65,37,42,59,45,110,126,108,79" hai3="80,1,48,2,76,120,127,70,91,75,39,130,74"/><T83/><D132/><U26/><E116/><V7/><F33/><W78/><G91/><T123/><D123/><U50/><E121/><V86/><F7/><W5/><G120/><T93/><D107/><U122/><E122/><V24/><F24/><W34/><G48/><N who="0" m="28831" /><D125/><U3/><E3/><V73/><F98/><W85/><G85/><T31/><D83/><U103/><E133/><V105/><F105/><W82/><G127/><T8/><D93/><U64/><E68/><V95/><F126/><W22/><G22/><T4/><D4/><U58/><E128/><V14/><F95/><W119/><G119/><T114/><D114/><U52/><E115/><V28/><F112/><W99/><G99/><T94/><D94/><U23/><E61/><V57/><F86/><W10/><G130/><T88/><D88/><U6/><E6/><V101/><F101/><N who="1" m="38985" /><E50/><V54/><F79/><W46/><G2/><T40/><D40/><U77/><E77/><V129/><F42/><N who="3" m="22879" /><G70/><T21/><D60/><U84/><E84/><V109/><F129/><W102/><G102/><T43/><D43/><U89/><E89/><V81/><F109/><W63/><G63/><T62/><D55/><U118/><E118/><V134/><F54/><W87/><G87/><T135/><D62/><U38/><E38/><V96/><F37/><W124/><G124/><T41/><D41/><U12/><E26/><V67/><F134/><W71/><G71/><T49/><D49/><U15/><E27/><V92/><F92/><W36/><G36/><T104/><D135/><U9/><AGARI ba="0,0" hai="9,12,15,17,18,23,51,52,58,64,66" m="38985" machi="9" ten="30,2000,0" yaku="8,1,54,1" doraHai="106" who="1" fromWho="1" sc="196,-10,256,20,331,-5,217,-5" />
</Scene>
<Scene>
<INIT seed="5,0,0,2,4,12" ten="186,276,326,212" oya="1" hai0="111,25,1,133,37,110,15,95,135,114,98,10,58" hai1="65,42,55,18,78,125,69,109,24,21,56,28,83" hai2="17,49,104,103,87,91,72,32,41,11,59,81,131" hai3="85,102,63,29,51,71,9,90,6,62,100,88,124"/><U53/><E125/><V134/><F32/><W130/><G124/><T43/><D1/><U79/><E42/><V2/><F134/><N who="0" m="51210" /><D114/><U31/><E109/><V38/><F131/><W23/><G130/><T126/><D126/><U115/><E115/><V116/><F116/><W128/><G128/><T64/><D25/><U60/><E78/><V68/><F68/><W107/><G107/><T46/><D58/><U67/><E53/><V57/><F38/><W129/><G129/><T48/><D64/><U99/><E99/><V8/><F2/><W26/><G71/><T45/><D45/><U108/><E108/><V33/><F33/><W66/><G51/><T75/><D75/><U27/><E69/><V36/><F36/><W120/><G120/><T113/><D113/><U123/><E123/><V106/><F72/><W76/><G76/><T118/><D118/><U70/><E70/><V73/><F73/><W16/><G29/><N who="1" m="11338" /><E24/><V94/><F41/><W89/><G85/><AGARI ba="0,0" hai="18,21,27,55,56,60,65,67,79,83,85" m="11338" machi="85" ten="30,2900,0" yaku="8,1,52,1" doraHai="12" who="1" fromWho="3" sc="186,0,276,29,326,0,212,-29" />
</Scene>
<Scene>
<INIT seed="5,1,0,5,1,121" ten="186,305,326,183" oya="1" hai0="124,18,120,116,132,63,7,39,35,64,31,38,57" hai1="9,106,32,93,134,110,6,135,40,108,50,19,89" hai2="87,122,102,55,1,43,78,92,118,3,99,46,126" hai3="53,125,24,86,95,112,123,29,117,48,58,17,76"/><U27/><E106/><V127/><F122/><W80/><G123/><T65/><D120/><U107/><E107/><V115/><F118/><W72/><G117/><T81/><D116/><U129/><E129/><V98/><F115/><W66/><G112/><T75/><D64/><U70/><E70/><V84/><F55/><W77/><G125/><N who="2" m="47625" /><F99/><W90/><G66/><T74/><D124/><U67/><E67/><V45/><F45/><W12/><G72/><T14/><D7/><U15/><E40/><V130/><F130/><W51/><G51/><T33/><D132/><N who="1" m="50731" /><E50/><N who="2" m="26975" /><F78/><W128/><G80/><T68/><D81/><U101/><E101/><V69/><F69/><W111/><G111/><N who="1" m="42538" /><E32/><V71/><F71/><W2/><G2/><AGARI ba="1,0" hai="1,2,3,84,87,92,98,102" m="26975,47625" machi="2" ten="30,1000,0" yaku="18,1" doraHai="121" who="2" fromWho="3" sc="186,0,305,0,326,13,183,-13" />
</Scene>
<Scene>
<INIT seed="6,0,0,1,5,63" ten="186,305,339,170" oya="2" hai0="132,128,58,46,72,122,90,60,103,0,35,37,92" hai1="15,39,73,77,10,82,50,120,67,17,113,20,76" hai2="47,99,56,19,126,83,107,129,49,21,23,116,85" hai3="114,65,61,123,8,27,109,119,69,59,79,115,26"/><V125/><F116/><W78/><G78/><T55/><D122/><U32/><E39/><V38/><F38/><W29/><G119/><T70/><D128/><U22/><E32/><V31/><F129/><W108/><G79/><T66/><D132/><U4/><E120/><V131/><F131/><W64/><G123/><T124/><D72/><U57/><E113/><N who="3" m="43018" /><G8/><T41/><D124/><U134/><E134/><V43/><F31/><W71/><G59/><T133/><D133/><U33/><E33/><V117/><F117/><W112/><N who="3" m="43026" /><W68/><DORA hai="42" /><G61/><T101/><D35/><U44/><E77/><V28/><F28/><W93/><G93/><T11/><D11/><U5/><E57/><V1/><F56/><W102/><G102/><T84/><REACH who="0" step="1"/><D0/><REACH who="0" ten="176,305,339,170" step="2"/><U81/><E73/><V18/><F1/><W121/><G121/><T127/><D127/><U98/><E10/><V13/><F126/><W106/><G106/><T87/><D87/><U86/><E86/><V36/><F85/><W96/><G96/><T12/><D12/><U110/><E15/><V2/><F13/><W24/><G29/><T6/><D6/><U30/><E30/><V80/><F125/><W94/><G94/><T130/><D130/><U118/><E5/><V34/><F99/><W52/><G52/><T51/><AGARI ba="0,1" hai="37,41,46,51,55,58,60,66,70,84,90,92,101,103" machi="51" ten="20,12000,2" yaku="1,1,0,1,7,1,24,2,52,2,53,0" doraHai="63,42" doraHaiUra="75,105" who="0" fromWho="0" sc="176,130,305,-30,339,-60,170,-30" />
</Scene>
<Scene>
<INIT seed="7,0,0,2,3,24" ten="306,275,279,140" oya="3" hai0="8,109,107,27,42,106,120,103,121,12,102,118,31" hai1="11,125,54,114,97,57,99,91,132,53,10,20,3" hai2="123,110,2,127,26,80,52,94,117,46,47,89,5" hai3="62,25,96,65,37,129,60,105,45,21,88,78,18"/><W100/><G129/><T75/><D118/><U16/><E114/><V68/><F117/><W87/><G78/><T38/><D109/><U71/><E71/><V51/><F110/><W66/><G37/><T0/><D103/><U30/><E30/><V63/><F127/><W92/><G45/><N who="0" m="23767" /><D12/><N who="1" m="9223" /><E125/><V85/><F123/><N who="0" m="47178" /><D102/><U49/><E132/><V39/><F39/><W73/><G73/><T101/><D101/><U6/><E3/><V61/><F2/><W23/><G66/><T15/><D15/><N who="1" m="5591" /><E11/><V34/><F5/><W22/><REACH who="3" step="1"/><G62/><REACH who="3" ten="306,275,279,130" step="2"/><T58/><D75/><U48/><E91/><V76/><F63/><W86/><G86/><T74/><D74/><U131/><E131/><V1/><F61/><W67/><G67/><T126/><D126/><U116/><E116/><V56/><F89/><W33/><G33/><T134/><D134/><U77/><E77/><V44/><F34/><W32/><G32/><T50/><D107/><U133/><E133/><V35/><F35/><W104/><G104/><T93/><D106/><U59/><AGARI ba="0,1" hai="48,49,53,54,57,59,97,99" m="5591,9223" machi="59" ten="30,2000,0" yaku="8,1,54,1" doraHai="24" who="1" fromWho="1" sc="306,-5,275,30,279,-5,130,-10" owari="301,10.0,305,41.0,274,-13.0,120,-38.0" />
</Scene>
</mjloggm>