<mjloggm ver="2.3"><GO type="169" lobby="0"/><UN n0="%6D%61%73%61%6B%69%2D%74" n1="%E5%A4%AA%E3%81%8F%E3%81%AA%E3%81%84%E3%81%8A" n2="%61%62%61%6E%74%65%73" n3="%E3%83%AA%E3%83%84%E3%83%9F%E3%82%B5%E3%83%B3" dan="16,18,17,18" rate="2015.29,2194.54,2143.76,2182.23" sx="F,F,M,M"/><TAIKYOKU oya="0"/>

<Scene>
<INIT seed="0,0,0,1,3,82" ten="250,250,250,250" oya="0" hai0="3,30,0,80,18,114,38,76,113,124,127,93,85" hai1="107,109,89,8,34,112,81,75,28,44,36,19,87" hai2="4,51,103,46,24,78,77,122,97,120,64,111,23" hai3="45,66,102,21,39,86,48,40,47,69,130,110,63"/><T5/><D38/><U12/><E107/><V88/><F111/><W62/><G110/><T15/><D30/><U72/><E109/><V67/><F4/><W59/><G102/><T1/><D5/><U133/><E133/><V13/><F13/><W117/><G117/><T42/><D42/><U95/><E112/><V33/><F33/><W105/><G105/><T56/><D56/><U90/><E34/><V68/><F122/><W32/><G32/><T61/><D61/><U134/><E28/><V57/><F68/><W26/><G26/><T116/><D93/><U2/><E134/><V50/><F120/><W101/><G21/><T43/><D43/><U73/><E36/><V31/><F51/><W119/><G101/><T104/><D104/><U99/><E2/><V108/><F103/><W27/><G27/><T132/><D132/><U118/><REACH who="1" step="1"/><E44/><REACH who="1" ten="250,240,250,250" step="2"/><V98/><F108/><W126/><G47/><T25/><D116/><AGARI ba="0,1" hai="8,12,19,72,73,75,81,87,89,90,95,99,116,118" machi="116" ten="40,5200,0" yaku="1,1,2,1,52,1,53,0" doraHai="82" doraHaiUra="37" who="1" fromWho="0" sc="250,-52,240,62,250,0,250,0" />
</Scene>
<Scene>
<INIT seed="1,0,0,1,4,58" ten="198,302,250,250" oya="1" hai0="82,102,29,45,2,106,35,50,76,21,70,12,86" hai1="113,78,64,134,124,18,117,14,31,105,66,122,44" hai2="62,135,49,74,71,55,125,4,72,41,15,96,107" hai3="30,109,131,7,119,110,23,104,16,120,79,77,27"/><U132/><E113/><V69/><F125/><W54/><G104/><T32/><D2/><U9/><E117/><V10/><F135/><N who="1" m="51753" /><E122/><V51/><F41/><W57/><G120/><T128/><D128/><U103/><E124/><V40/><F40/><W73/><G131/><T37/><D37/><U91/><E78/><V28/><F28/><W68/><G68/><T80/><D70/><U61/><E31/><V112/><F112/><W36/><G36/><T98/><D80/><U26/><E44/><V121/><F51/><W34/><G7/><T56/><D56/><N who="1" m="36903" /><E66/><V118/><F118/><W46/><G46/><T33/><D12/><U1/><E1/><V81/><F121/><W0/><G0/><T67/><D67/><U133/><E133/><V65/><F71/><W84/><G73/><T38/><D38/><U25/><E91/><V42/><F42/><W94/><G119/><T8/><D8/><U130/><E130/><V123/><F123/><W11/><G79/><T92/><D106/><U22/><E9/><V24/><F81/><W88/><G77/><T116/><D116/><U6/><E6/><V47/><REACH who="2" step="1"/><F24/><REACH who="2" ten="198,302,240,250" step="2"/><W3/><G27/><T83/><D83/><U85/><E26/><V97/><F97/><W93/><G30/><T13/><D29/><U90/><E25/><V48/><F48/><W111/><G111/><T52/><D35/><U99/><E99/><V53/><F53/><W100/><G34/><T114/><D114/><U87/><E87/><V39/><F39/><W95/><G84/><T115/><D115/><U126/><E85/><V127/><F127/><RYUUKYOKU ba="0,1" sc="198,15,302,-15,240,15,250,-15" hai0="13,21,32,33,45,50,52,76,82,86,92,98,102" hai2="4,10,15,47,49,55,62,65,69,72,74,96,107" />
</Scene>
<Scene>
<INIT seed="2,1,1,1,5,29" ten="213,287,255,235" oya="2" hai0="126,56,115,82,37,32,3,5,74,22,110,38,18" hai1="66,25,92,94,1,8,118,24,98,116,128,41,97" hai2="69,120,124,46,15,35,67,104,111,77,48,57,112" hai3="49,99,125,7,91,17,129,83,40,44,14,106,114"/><V84/><F112/><W73/><G114/><T113/><D115/><U90/><E128/><V119/><F120/><W102/><G129/><T96/><D113/><U62/><E41/><N who="2" m="24655" /><F119/><W64/><G125/><T51/><D126/><U133/><E133/><V11/><F104/><W39/><G64/><T70/><D70/><U65/><E1/><V105/><F105/><W13/><G39/><T36/><D110/><U122/><E8/><V54/><F69/><W123/><G123/><T60/><D51/><U0/><E0/><V53/><F35/><W101/><G101/><T107/><D5/><U87/><E122/><V12/><F111/><W27/><G7/><T21/><D3/><U68/><E87/><V131/><F131/><W33/><G17/><T103/><D22/><U93/><E93/><V10/><F67/><W30/><REACH who="3" step="1"/><G91/><REACH who="3" ten="213,287,255,225" step="2"/><T34/><D74/><U6/><E6/><N who="2" m="3159" /><F124/><W117/><G117/><T127/><D127/><U85/><E66/><V76/><F76/><AGARI ba="1,2" hai="13,14,27,30,33,40,44,49,73,76,83,99,102,106" machi="76" ten="40,2600,0" yaku="1,1,52,1,53,0" doraHai="29" doraHaiUra="55" who="3" fromWho="2" sc="213,0,287,0,255,-29,225,49" />
</Scene>
<Scene>
<INIT seed="3,0,0,5,3,59" ten="213,287,226,274" oya="3" hai0="76,30,134,33,71,65,112,21,25,17,54,82,118" hai1="28,35,10,67,117,29,26,3,96,126,91,78,46" hai2="2,1,73,43,8,41,87,68,51,39,123,58,62" hai3="104,100,36,116,135,56,88,129,120,22,101,92,94"/><W124/><G36/><T53/><D118/><U93/><E117/><V128/><F123/><W103/><G116/><T79/><D134/><U122/><E122/><V98/><F128/><W95/><G120/><T61/><D112/><U38/><E126/><V57/><F73/><W102/><G124/><T108/><D108/><U84/><E29/><V48/><F68/><W55/><G135/><T121/><D121/><U44/><E38/><V83/><F39/><W106/><G129/><T130/><D130/><U85/><E67/><V23/><F98/><W105/><G22/><T18/><D79/><U16/><E3/><V14/><F23/><W75/><N who="3" m="26112" /><DORA hai="70" /><W111/><G111/><T119/><D119/><U27/><E27/><V80/><F87/><W42/><G42/><T24/><REACH who="0" step="1"/><D18/><REACH who="0" ten="203,287,226,274" step="2"/><U115/><E78/><V40/><F2/><W81/><G75/><AGARI ba="0,1" hai="17,21,24,25,30,33,53,54,61,65,71,75,76,82" machi="75" ten="30,7700,0" yaku="1,1,2,1,7,1,52,1,53,0" doraHai="59,70" doraHaiUra="32,97" who="0" fromWho="3" sc="203,87,287,0,226,0,274,-77" />
</Scene>
<Scene>
<INIT seed="4,0,0,5,3,98" ten="290,287,226,197" oya="0" hai0="135,86,123,84,16,32,37,79,27,59,4,51,101" hai1="23,105,2,50,54,45,24,104,61,44,19,68,57" hai2="77,34,94,36,131,21,10,97,39,134,3,88,15" hai3="124,127,132,99,126,106,12,130,52,74,65,8,69"/><T89/><D123/><U81/><E2/><V116/><F34/><W85/><G74/><T80/><D135/><U64/><E45/><V114/><F134/><W20/><G132/><T121/><D121/><U93/><E81/><V76/><F3/><W63/><G20/><T75/><D37/><U11/><E11/><V128/><F21/><W56/><G85/><T41/><D4/><U13/><E24/><V117/><F39/><W71/><G130/><N who="2" m="49705" /><F36/><W91/><G65/><T109/><D109/><U14/><E14/><V53/><F53/><W29/><G29/><T0/><D0/><U125/><E125/><V110/><F110/><W26/><G26/><T60/><D32/><U35/><E35/><V22/><F22/><W102/><G91/><T67/><D27/><U133/><E133/><V108/><F108/><W113/><G113/><T73/><D16/><AGARI ba="0,0" hai="8,12,16,52,56,63,69,71,99,102,106,124,126,127" machi="16" ten="40,8000,1" yaku="18,1,52,1,54,2" doraHai="98" who="3" fromWho="0" sc="290,-80,287,0,226,0,197,80" />
</Scene>
<Scene>
<INIT seed="5,0,0,3,4,25" ten="210,287,226,277" oya="1" hai0="124,9,56,79,93,73,104,83,102,100,84,15,29" hai1="81,108,21,125,20,31,133,30,3,5,112,135,60" hai2="4,101,120,13,11,57,111,17,99,63,119,107,109" hai3="14,67,40,34,43,96,106,123,129,110,64,103,126"/><U127/><E81/><V91/><F120/><W46/><G110/><T58/><D124/><N who="1" m="47691" /><E60/><V54/><F119/><W74/><G123/><T6/><D102/><U128/><E108/><V41/><F41/><W42/><G74/><T70/><D70/><U134/><E112/><V113/><F113/><W71/><G46/><T115/><D115/><U95/><E95/><V7/><F7/><W65/><G126/><T85/><D84/><U18/><E128/><V121/><F121/><W19/><G34/><T82/><D83/><U132/><E132/><V66/><F91/><W35/><G35/><T38/><D38/><U122/><E122/><V44/><F44/><W59/><G59/><T28/><D73/><U50/><E50/><V87/><F87/><W62/><REACH who="3" step="1"/><G129/><REACH who="3" ten="210,287,226,267" step="2"/><T94/><D58/><U1/><E21/><AGARI ba="0,1" hai="14,19,21,40,42,43,62,64,65,67,71,96,103,106" machi="21" ten="40,2600,0" yaku="1,1,2,1,53,0" doraHai="25" doraHaiUra="77" who="3" fromWho="1" sc="210,0,287,-26,226,0,267,36" />
</Scene>
<Scene>
<INIT seed="6,0,0,3,0,67" ten="210,261,226,303" oya="2" hai0="98,80,62,120,90,107,19,47,91,3,111,134,34" hai1="110,48,130,109,127,113,63,123,23,25,85,64,56" hai2="38,61,43,87,119,21,46,44,53,51,24,41,81" hai3="1,96,52,66,117,71,65,12,2,78,103,35,10"/><V7/><F119/><W70/><G35/><T22/><D120/><U97/><E123/><V86/><F7/><W115/><G78/><T122/><D122/><U31/><E113/><V126/><F126/><W6/><G117/><T102/><D111/><U88/><E127/><V99/><F99/><W73/><G73/><T124/><D124/><U28/><E130/><V84/><F61/><W14/><G52/><T105/><D105/><U29/><E97/><V4/><F4/><W132/><G132/><T33/><D3/><U129/><E129/><V89/><REACH who="2" step="1"/><F43/><REACH who="2" ten="210,261,216,303" step="2"/><W133/><G6/><T5/><D5/><U94/><E109/><V45/><F45/><W104/><G133/><T82/><D47/><U101/><E110/><V135/><F135/><W57/><G1/><T16/><D134/><U76/><E101/><V108/><F108/><W106/><G2/><T92/><D62/><U15/><E63/><V75/><F75/><W95/><G96/><T20/><D98/><U13/><E85/><V0/><F0/><W18/><G103/><T27/><D102/><U114/><E114/><V112/><F112/><W49/><G115/><T83/><D107/><U36/><E56/><V116/><F116/><W121/><G57/><T11/><D11/><U131/><E131/><V40/><F40/><W58/><G58/><T50/><D50/><U77/><E48/><V79/><F79/><W9/><G121/><T68/><D68/><U60/><E76/><V69/><F69/><W30/><G49/><T59/><D59/><U74/><E77/><V128/><F128/><W42/><G71/><RYUUKYOKU ba="0,1" sc="210,-10,261,-10,216,30,303,-10" hai2="21,24,38,41,44,46,51,53,81,84,86,87,89" />
</Scene>
<Scene>
<INIT seed="6,1,1,2,5,34" ten="200,251,246,293" oya="2" hai0="132,57,71,45,16,82,52,117,119,6,18,8,97" hai1="17,72,62,33,130,75,96,42,79,47,118,0,43" hai2="9,120,124,24,64,87,50,40,32,5,15,21,10" hai3="127,76,133,100,116,86,41,89,110,51,2,49,65"/><V108/><F120/><W58/><G116/><N who="0" m="44619" /><D71/><U88/><E118/><V11/><F32/><W37/><G110/><T135/><D45/><U122/><E33/><V129/><F108/><W121/><G100/><T60/><D97/><U70/><E0/><V98/><F124/><W92/><G121/><T1/><D82/><U56/><E70/><V13/><F129/><W35/><G35/><T59/><D57/><U4/><E4/><V94/><F64/><W128/><G76/><T23/><D18/><U44/><E122/><V103/><F87/><W107/><G58/><T131/><D131/><U105/><E130/><V115/><F115/><W26/><G41/><T126/><D126/><U74/><E79/><V85/><F85/><W48/><G86/><T14/><AGARI ba="1,1" hai="1,6,8,14,16,23,52,59,60,132,135" m="44619" machi="14" ten="30,7900,0" yaku="12,1,52,1,54,2" doraHai="34" who="0" fromWho="0" sc="200,92,251,-21,246,-40,293,-21" />
</Scene>
<Scene>
<INIT seed="7,0,0,2,3,113" ten="292,230,206,272" oya="3" hai0="33,29,118,129,114,6,53,0,89,37,80,110,72" hai1="1,98,20,93,35,28,60,130,48,66,47,25,24" hai2="17,103,19,2,15,82,108,99,49,116,105,61,23" hai3="104,124,65,123,77,38,12,32,94,135,71,111,51"/><W131/><RYUUKYOKU type="yao9" ba="0,0" sc="292,0,230,0,206,0,272,0" hai3="12,32,38,51,65,71,77,94,104,111,123,124,131,135" />
</Scene>
<Scene>
<INIT seed="7,1,0,4,3,38" ten="292,230,206,272" oya="3" hai0="126,127,111,98,57,6,64,106,74,120,119,114,13" hai1="78,16,130,46,72,31,96,39,11,40,125,87,61" hai2="4,34,115,134,99,0,52,65,42,9,49,75,85" hai3="89,116,123,113,69,94,129,32,1,58,100,107,30"/><W23/><G116/><T68/><D119/><U29/><E72/><V105/><F75/><W91/><G123/><T48/><D111/><U80/><E125/><V63/><F34/><W53/><G69/><T47/><D120/><U128/><E61/><V124/><F124/><N who="0" m="47658" /><D68/><U45/><E96/><V84/><F115/><W131/><G1/><T33/><D33/><U12/><REACH who="1" step="1"/><E46/><REACH who="1" ten="292,220,206,272" step="2"/><V109/><F109/><W77/><G113/><T133/><D114/><U112/><E112/><V83/><F134/><W26/><G131/><AGARI ba="1,1" hai="11,12,16,29,31,39,40,45,78,80,87,128,130,131" machi="131" ten="40,8000,1" yaku="1,1,19,1,52,1,54,1,53,0" doraHai="38" doraHaiUra="135" who="1" fromWho="3" sc="292,0,220,93,206,0,272,-83" owari="292,9.0,313,41.0,206,-19.0,189,-31.0" />
</Scene>
</mjloggm>