<mjloggm ver="2.3"><GO type="169" lobby="0"/><UN n0="%E4%B8%83%E3%83%84%E7%9B%AE%E7%8E%89" n1="%E5%A4%AA%E3%81%8F%E3%81%AA%E3%81%84%E3%81%8A" n2="%74%61%63%6F%73" n3="%E7%AB%8B%E8%8F%AF%E5%A5%8F" dan="17,18,17,16" rate="2155.62,2262.00,2133.88,2100.33" sx="M,F,M,F"/><TAIKYOKU oya="0"/>

<Scene>
<INIT seed="0,0,0,4,4,88" ten="250,250,250,250" oya="0" hai0="70,11,82,24,49,40,116,89,117,101,112,98,90" hai1="122,0,102,8,127,26,97,39,93,41,6,86,96" hai2="68,42,60,54,99,65,110,123,119,92,62,129,5" hai3="43,22,87,131,53,57,120,79,74,118,52,66,30"/><T72/><D70/><U33/><E122/><V7/><F123/><W75/><G120/><T16/><D112/><U115/><E115/><V36/><F110/><W128/><G118/><T124/><D124/><U34/><E127/><V32/><F129/><N who="3" m="49739" /><G43/><T64/><D64/><U85/><E39/><V51/><F32/><W94/><G66/><T63/><D63/><U18/><E41/><V27/><F60/><N who="3" m="35879" /><G53/><T44/><D90/><U105/><E34/><V71/><F71/><W106/><G106/><T14/><D24/><U17/><E17/><V4/><F119/><W3/><G3/><T83/><D83/><U19/><E19/><V59/><F27/><N who="3" m="16759" /><G79/><T21/><D21/><U9/><E33/><V111/><F111/><W91/><AGARI ba="0,0" hai="74,75,87,91,94" m="16759,35879,49739" machi="91" ten="30,4000,0" yaku="19,1,52,1,54,1" doraHai="88" who="3" fromWho="3" sc="250,-20,250,-10,250,-10,250,40" />
</Scene>
<Scene>
<INIT seed="1,0,0,2,4,109" ten="230,240,240,290" oya="1" hai0="33,123,73,106,98,78,115,36,59,37,104,9,114" hai1="47,63,120,108,85,15,117,16,84,27,41,94,116" hai2="70,34,21,5,113,61,79,90,128,55,43,89,129" hai3="72,14,3,83,51,135,125,74,44,69,29,42,7"/><U19/><E120/><V12/><F34/><W118/><G118/><T48/><D48/><U60/><E108/><V11/><F113/><N who="0" m="43018" /><D59/><U82/><E27/><V119/><F119/><W35/><G69/><T22/><D22/><U80/><E94/><V132/><F132/><W105/><G135/><T133/><D133/><U6/><E6/><V124/><F79/><W28/><G3/><T0/><D33/><U52/><E41/><V75/><F75/><W107/><G35/><T96/><D96/><U76/><E47/><V56/><F43/><W4/><G14/><T49/><D49/><U91/><E19/><V8/><F70/><W86/><G51/><T39/><D123/><U64/><E52/><V66/><F55/><W26/><G44/><T111/><D111/><U32/><E32/><V30/><F11/><W58/><G58/><T31/><D31/><U65/><E60/><V102/><F30/><W126/><G42/><T67/><D67/><U1/><E1/><V2/><F2/><W23/><G26/><T103/><D104/><U127/><E64/><V20/><F21/><W62/><G62/><T87/><D87/><U57/><E117/><V24/><F20/><W97/><G23/><T54/><D54/><U100/><E116/><V17/><F24/><W92/><G86/><T110/><D110/><U81/><E84/><V50/><F50/><W71/><G97/><T25/><D25/><U101/><E85/><V18/><F66/><W10/><G71/><T68/><D68/><U122/><E122/><V93/><F56/><W131/><G29/><T121/><D121/><RYUUKYOKU ba="0,0" sc="230,0,240,0,240,0,290,0" />
</Scene>
<Scene>
<INIT seed="2,1,0,0,3,118" ten="230,240,240,290" oya="2" hai0="82,92,24,29,30,122,131,59,14,32,95,99,26" hai1="84,102,25,110,1,54,60,42,58,117,132,76,15" hai2="106,96,80,36,33,98,49,6,45,41,19,50,74" hai3="69,94,129,34,65,115,130,123,73,111,46,5,97"/><V27/><F6/><W63/><G34/><T114/><D114/><U109/><E117/><V31/><F49/><W87/><G73/><T10/><D131/><N who="3" m="50185" /><G115/><T79/><D59/><U71/><E1/><V13/><F106/><W134/><G5/><T125/><D125/><U35/><E132/><V121/><F121/><W23/><G134/><T38/><D38/><U133/><E133/><V44/><F80/><W12/><G87/><T52/><D99/><U53/><E71/><V103/><F74/><W124/><G124/><T126/><D126/><U112/><E42/><V66/><F66/><W78/><G78/><T16/><D122/><U116/><E116/><V89/><F89/><W37/><G123/><T108/><D108/><U55/><E102/><V7/><F7/><W4/><G111/><T22/><REACH who="0" step="1"/><D52/><REACH who="0" ten="220,240,240,290" step="2"/><N who="1" m="20075" /><E112/><V40/><REACH who="2" step="1"/><F103/><REACH who="2" ten="220,240,230,290" step="2"/><W67/><G37/><T90/><D90/><U85/><E110/><V3/><F3/><W2/><G2/><T62/><D62/><U47/><E109/><V39/><F39/><W135/><G63/><T100/><D100/><U101/><E101/><V70/><F70/><W43/><G69/><T28/><D28/><U17/><E60/><V104/><F104/><W113/><G135/><T0/><D0/><U11/><E58/><V68/><F68/><W9/><G113/><T83/><D83/><U127/><E127/><V57/><F57/><W119/><G119/><T21/><D21/><AGARI ba="1,2" hai="13,19,21,27,31,33,36,40,41,44,45,50,96,98" machi="21" ten="30,2900,0" yaku="1,1,7,1,53,0" doraHai="118" doraHaiUra="81" who="2" fromWho="0" sc="220,-32,240,0,230,52,290,0" />
</Scene>
<Scene>
<INIT seed="2,2,0,0,4,131" ten="188,240,282,290" oya="2" hai0="7,14,91,76,95,56,40,96,74,115,3,106,17" hai1="8,105,4,34,26,124,82,121,35,80,99,78,12" hai2="15,46,20,122,116,130,39,104,118,72,102,64,67" hai3="129,97,33,13,81,25,42,66,73,71,103,88,125"/><V53/><F72/><W112/><G112/><T93/><D115/><U62/><E124/><V58/><F122/><W135/><G125/><T11/><D106/><U92/><E121/><V90/><F130/><W69/><G129/><T6/><D40/><U47/><E105/><V119/><F102/><W50/><G66/><T132/><D132/><U0/><E62/><V49/><F104/><W89/><G135/><T27/><D27/><U107/><E107/><V28/><F90/><W43/><G13/><T21/><D7/><U45/><E0/><V1/><F1/><W77/><G71/><T22/><D22/><U29/><E35/><V48/><F39/><W55/><G69/><T110/><D110/><U84/><REACH who="1" step="1"/><E82/><REACH who="1" ten="188,230,282,290" step="2"/><V108/><F118/><W68/><G33/><T9/><D3/><U23/><E23/><V85/><F116/><W36/><G81/><T63/><D21/><U101/><AGARI ba="2,1" hai="4,8,12,26,29,34,45,47,78,80,84,92,99,101" machi="101" ten="20,2700,0" yaku="1,1,0,1,7,1,53,0" doraHai="131" doraHaiUra="113" who="1" fromWho="1" sc="188,-9,230,43,282,-15,290,-9" />
</Scene>
<Scene>
<INIT seed="3,0,0,2,3,63" ten="179,273,267,281" oya="3" hai0="124,79,35,78,109,96,75,42,39,45,120,134,58" hai1="64,61,37,89,88,44,49,105,56,48,130,73,127" hai2="18,0,94,67,103,8,28,68,129,52,115,57,101" hai3="22,80,111,99,17,119,118,72,81,71,26,33,92"/><W54/><G111/><T24/><D120/><U62/><E73/><V31/><F115/><W43/><G43/><T133/><D109/><U93/><E105/><V104/><F104/><W41/><G41/><T132/><D124/><U97/><E127/><V3/><F129/><W110/><G110/><T113/><D113/><U20/><E130/><V66/><F68/><W30/><G71/><T7/><D7/><U23/><E37/><V4/><F3/><W98/><G98/><T106/><D75/><U9/><E9/><V135/><F135/><W1/><G1/><T112/><D112/><U53/><E62/><V117/><F117/><W60/><G72/><T108/><D108/><U126/><E126/><V13/><F0/><W131/><G131/><T11/><D11/><U2/><E2/><V121/><F18/><W82/><G33/><T27/><D58/><N who="1" m="36919" /><E89/><V77/><F77/><N who="0" m="29194" /><D35/><U16/><E16/><V76/><F76/><W86/><G30/><N who="2" m="11305" /><F121/><W51/><G86/><T95/><D106/><U70/><E70/><V83/><F83/><W34/><G34/><T50/><D39/><U122/><E122/><V125/><F125/><W85/><G85/><T128/><D128/><U25/><E25/><V19/><F4/><W10/><G10/><T100/><AGARI ba="0,0" hai="24,27,42,45,50,95,96,100,132,133,134" m="29194" machi="100" ten="40,1500,0" yaku="20,1" doraHai="63" who="0" fromWho="0" sc="179,15,273,-4,267,-4,281,-7" />
</Scene>
<Scene>
<INIT seed="4,0,0,2,5,27" ten="194,269,263,274" oya="0" hai0="55,65,45,14,75,135,50,22,57,16,87,73,99" hai1="28,68,32,64,15,115,77,130,89,123,36,29,43" hai2="13,26,122,86,131,116,101,25,80,132,49,126,9" hai3="67,72,69,121,85,35,8,113,133,108,111,129,74"/><T114/><D114/><U124/><E123/><V78/><F122/><W38/><RYUUKYOKU type="yao9" ba="0,0" sc="194,0,269,0,263,0,274,0" hai3="8,35,38,67,69,72,74,85,108,111,113,121,129,133" />
</Scene>
<Scene>
<INIT seed="4,1,0,2,2,8" ten="194,269,263,274" oya="0" hai0="63,106,5,25,52,87,7,92,108,10,127,42,79" hai1="40,34,101,58,67,117,132,115,98,116,35,57,11" hai2="71,133,38,18,44,21,14,134,100,126,95,128,62" hai3="50,54,76,135,119,16,102,64,9,122,56,96,49"/><T15/><D106/><U37/><E37/><V24/><F128/><W123/><G119/><T89/><D127/><U28/><E40/><N who="2" m="22551" /><F126/><W99/><G76/><T94/><D108/><U13/><E132/><N who="2" m="50795" /><F71/><W91/><G135/><T97/><D42/><U125/><E125/><V41/><F41/><W83/><G64/><T111/><D111/><U77/><E77/><V1/><F1/><W12/><G50/><T85/><D25/><U47/><E47/><V120/><F120/><N who="3" m="46123" /><G102/><N who="0" m="60711" /><D7/><U65/><E115/><V69/><F24/><W131/><G131/><T93/><D79/><U60/><E116/><V130/><F130/><W110/><G110/><T51/><D63/><U104/><E117/><V17/><F17/><W2/><G2/><T118/><D118/><U26/><E34/><V22/><F22/><W74/><G74/><T82/><D87/><AGARI ba="1,0" hai="9,12,16,49,54,56,83,87,91,96,99" m="46123" machi="87" ten="30,3900,0" yaku="13,1,52,1,54,1" doraHai="8" who="3" fromWho="0" sc="194,-42,269,0,263,0,274,42" />
</Scene>
<Scene>
<INIT seed="5,0,0,3,2,47" ten="152,269,263,316" oya="1" hai0="62,5,119,73,30,6,113,53,76,66,29,95,55" hai1="15,111,132,84,34,123,114,24,17,85,130,38,40" hai2="71,121,102,42,21,110,19,115,109,120,116,57,13" hai3="27,52,32,131,2,81,100,122,35,75,103,8,88"/><U37/><E123/><N who="2" m="47179" /><F71/><W16/><G122/><T106/><D106/><U104/><E104/><V26/><F102/><W91/><G131/><T43/><D119/><U125/><E130/><V99/><F42/><W63/><G2/><T127/><D113/><U83/><E114/><V93/><F57/><W97/><G75/><T12/><D127/><U69/><E69/><V39/><F39/><W126/><G126/><T78/><D43/><U64/><E64/><V46/><F46/><W68/><G68/><T135/><D73/><U18/><E125/><V22/><F93/><N who="3" m="56487" /><G32/><T56/><D135/><U41/><E132/><V101/><F101/><W9/><G35/><T60/><D95/><U87/><E83/><V1/><F99/><W98/><G100/><T28/><D12/><U72/><E72/><V59/><F59/><N who="3" m="35303" /><G81/><T128/><D128/><U80/><E80/><V10/><F115/><W86/><G86/><T50/><D55/><U112/><E84/><V129/><F129/><W48/><G91/><T133/><D133/><U108/><E112/><V92/><F1/><W11/><G98/><T7/><REACH who="0" step="1"/><D62/><REACH who="0" ten="142,269,263,316" step="2"/><U36/><E36/><V14/><F92/><W49/><G103/><T124/><D124/><U79/><E38/><V54/><F116/><W33/><G33/><T31/><N who="0" m="7680" /><DORA hai="3" /><T45/><AGARI ba="0,1" hai="5,6,7,45,50,53,56,60,66,76,78" m="7680" machi="45" ten="50,16000,3" yaku="1,1,4,1,0,1,8,1,52,4,53,0" doraHai="47,3" doraHaiUra="90,70" who="0" fromWho="0" sc="142,170,269,-80,263,-40,316,-40" />
</Scene>
<Scene>
<INIT seed="6,0,0,3,1,9" ten="312,189,223,276" oya="2" hai0="84,53,19,33,3,86,112,4,61,21,63,28,95" hai1="102,54,60,1,134,15,41,66,58,81,62,12,10" hai2="48,83,133,122,111,11,116,13,90,82,118,94,25" hai3="117,57,130,7,52,30,113,34,46,77,71,88,45"/><V98/><F122/><W97/><G117/><T64/><D33/><U127/><E127/><V2/><F2/><W124/><G124/><T69/><D28/><U55/><E134/><V101/><F133/><W128/><G71/><T38/><D38/><U8/><E41/><V121/><F121/><W110/><G110/><T91/><D112/><U87/><E102/><V44/><F111/><W93/><G113/><T100/><D100/><U32/><E32/><V42/><F25/><N who="3" m="18767" /><G77/><T107/><D107/><U29/><E29/><V76/><F101/><W6/><G46/><T59/><D4/><N who="1" m="3143" /><E60/><V47/><F47/><W115/><G45/><T89/><D3/><U16/><E1/><V65/><F65/><W80/><G80/><T114/><D114/><U50/><E50/><V23/><F23/><W120/><G115/><T109/><D109/><U5/><E5/><V73/><REACH who="2" step="1"/><F83/><REACH who="2" ten="312,189,213,276" step="2"/><W103/><G103/><T51/><D64/><U31/><E31/><V75/><F75/><W14/><G120/><T36/><D69/><U40/><E40/><V119/><F119/><W96/><G130/><T85/><D21/><U105/><E105/><V0/><F0/><W35/><G128/><T17/><D59/><U20/><E20/><V56/><F56/><W26/><G57/><T131/><D131/><U123/><E123/><V126/><F126/><W104/><G35/><T99/><D95/><U67/><E66/><V27/><F27/><W74/><G26/><T24/><D24/><U135/><E135/><V72/><F72/><W49/><G74/><T79/><D36/><U78/><AGARI ba="0,1" hai="8,15,16,54,55,58,62,67,78,81,87" m="3143" machi="78" ten="30,8000,1" yaku="5,1,8,1,52,2,54,1" doraHai="9" who="1" fromWho="1" sc="312,-20,189,90,213,-40,276,-20" />
</Scene>
<Scene>
<INIT seed="7,0,0,4,4,19" ten="292,279,173,256" oya="3" hai0="56,22,122,125,12,18,73,119,91,111,66,123,31" hai1="6,100,43,87,28,75,90,83,118,36,126,50,44" hai2="46,41,23,29,72,69,78,106,59,34,0,134,74" hai3="132,109,113,92,9,13,71,51,10,38,53,124,65"/><W114/><G38/><T96/><D111/><U60/><E126/><V16/><F69/><W133/><G124/><T52/><D119/><U40/><E118/><V79/><F106/><W32/><G32/><T85/><D73/><U7/><E75/><V26/><F0/><W76/><G109/><T70/><D125/><U80/><E36/><V127/><F127/><W63/><G76/><T39/><D39/><U95/><E28/><V27/><F134/><N who="3" m="51819" /><G92/><N who="0" m="54383" /><D31/><U131/><E131/><V110/><F110/><W128/><G128/><T108/><D108/><U47/><E60/><V68/><F68/><W42/><G42/><T129/><D129/><U97/><E83/><V88/><F72/><W57/><G9/><T99/><D66/><U21/><E21/><V3/><F3/><W84/><G84/><T61/><D70/><U130/><E130/><V45/><F74/><W49/><G10/><N who="0" m="6423" /><D122/><U58/><E40/><V101/><F101/><W30/><G30/><T115/><D123/><U48/><E43/><V104/><F104/><W107/><G13/><T33/><D33/><U20/><E87/><V14/><F14/><W98/><G98/><N who="0" m="37419" /><D115/><N who="3" m="44041" /><G107/><T120/><D120/><U25/><E97/><V55/><F88/><W67/><G67/><T86/><D86/><U64/><E90/><V37/><REACH who="2" step="1"/><F46/><REACH who="2" ten="292,279,163,256" step="2"/><W81/><G81/><T121/><D121/><U89/><E44/><V17/><F17/><W94/><G94/><T93/><D93/><U105/><E95/><V117/><F117/><W11/><G11/><T35/><D35/><U116/><E116/><V135/><F135/><W82/><G82/><RYUUKYOKU ba="0,1" sc="292,10,279,-30,163,10,256,10" hai0="22,52,56,61" hai2="16,23,26,27,29,34,37,41,45,55,59,78,79" hai3="49,51,53,57,63,65,71" />
</Scene>
<Scene>
<INIT seed="7,1,1,1,4,94" ten="302,249,173,266" oya="3" hai0="118,1,58,27,119,37,85,16,46,86,29,56,91" hai1="61,25,6,47,80,96,88,127,42,28,84,124,115" hai2="2,73,87,59,54,12,102,81,26,76,114,130,20" hai3="101,23,104,64,40,21,3,51,33,123,112,69,116"/><W72/><G116/><T62/><D1/><U111/><E115/><V98/><F2/><W5/><G112/><T63/><D37/><N who="1" m="21967" /><E111/><V107/><F114/><W31/><G123/><T49/><D119/><U109/><E109/><V134/><F134/><W36/><G36/><T8/><D29/><U78/><E61/><N who="0" m="23049" /><D118/><U0/><E6/><V74/><F130/><W82/><G69/><T50/><D86/><U133/><E0/><V32/><F32/><W122/><G122/><T90/><D50/><U79/><E133/><V13/><F73/><W126/><G64/><T68/><D68/><U9/><E9/><V66/><F66/><W120/><G120/><T70/><D70/><U75/><E75/><V55/><F74/><W92/><G104/><T113/><D113/><U121/><E121/><V129/><F129/><W57/><G33/><T128/><D128/><U103/><E25/><V89/><F76/><W60/><G60/><T83/><D91/><U135/><E28/><V10/><F59/><W108/><G108/><T53/><D8/><U7/><E135/><V38/><F38/><W19/><G31/><T17/><D17/><U24/><E88/><V43/><F43/><W22/><G40/><T77/><D90/><U48/><E79/><V39/><F39/><W44/><G19/><T67/><D67/><U34/><E48/><V14/><REACH who="2" step="1"/><F10/><REACH who="2" ten="302,249,163,266" step="2"/><W125/><G3/><T35/><D35/><U30/><E78/><V41/><F41/><W99/><G57/><T95/><D58/><U110/><E110/><V93/><F93/><W52/><G5/><T18/><D56/><RYUUKYOKU ba="1,2" sc="302,-15,249,-15,163,15,266,15" hai2="12,13,14,20,26,54,55,81,87,89,98,102,107" hai3="21,22,23,44,51,52,72,82,92,99,101,125,126" />
</Scene>
<Scene>
<INIT seed="7,2,2,2,1,58" ten="287,234,178,281" oya="3" hai0="120,59,43,121,88,80,126,41,17,84,124,63,69" hai1="77,29,31,90,133,8,108,16,93,32,46,86,102" hai2="3,116,18,26,70,48,118,44,109,27,72,13,64" hai3="67,45,7,2,132,85,14,127,91,4,79,49,25"/><W117/><G117/><T89/><D17/><U56/><E108/><V99/><F3/><W129/><G2/><T23/><D23/><U94/><E133/><V10/><F109/><W95/><G132/><T52/><D89/><U111/><E111/><V5/><F72/><W76/><G127/><N who="0" m="48683" /><D69/><U1/><E16/><V53/><F99/><W50/><G129/><T68/><D68/><U114/><E90/><V112/><F112/><W60/><G25/><T62/><D63/><U34/><E114/><V73/><F73/><W135/><G135/><T78/><D78/><N who="3" m="29737" /><G14/><T134/><D134/><U105/><E77/><V83/><F83/><W28/><G28/><T66/><D66/><U21/><E31/><V12/><F26/><W36/><G36/><T130/><D130/><U35/><E29/><V92/><F27/><W24/><G24/><T119/><D119/><U51/><E34/><V30/><F30/><W37/><G37/><T71/><D71/><U54/><E35/><V42/><F92/><W38/><G38/><T55/><D55/><U125/><E54/><V81/><F81/><W19/><G19/><T65/><D65/><U87/><E93/><V11/><REACH who="2" step="1"/><F53/><REACH who="2" ten="287,234,168,281" step="2"/><W0/><G0/><T100/><D100/><U101/><E101/><V122/><F122/><AGARI ba="2,3" hai="41,43,52,59,62,80,84,88,120,121,122" m="48683" machi="122" ten="30,7700,0" yaku="18,1,52,1,54,2" doraHai="58" who="0" fromWho="2" sc="287,113,234,0,168,-83,281,0" owari="400,50.0,234,-17.0,85,-41.0,281,8.0" />
</Scene>
</mjloggm>