<mjloggm ver="2.3"><GO type="169" lobby="0"/><UN n0="%E5%A4%AA%E3%81%8F%E3%81%AA%E3%81%84%E3%81%8A" n1="%E6%82%A0%E9%9B%85" n2="%4A%55%4E%4B%45%52%53" n3="%E3%81%8A%E3%81%BE%E3%81%A4%E3%82%8A" dan="18,17,16,16" rate="2199.06,2131.46,2125.21,2050.99" sx="F,M,M,M"/><TAIKYOKU oya="0"/>

<Scene>
<INIT seed="0,0,0,3,5,10" ten="250,250,250,250" oya="0" hai0="13,85,96,6,103,21,26,74,54,44,124,40,86" hai1="82,18,17,71,27,101,14,87,98,29,83,118,59" hai2="94,80,127,92,60,111,73,104,16,11,32,81,7" hai3="79,131,9,89,47,31,56,34,38,37,107,99,130"/><T43/><D74/><U15/><E71/><V64/><F104/><W25/><G79/><T133/><D124/><U53/><E118/><V51/><F32/><W57/><G57/><T24/><D133/><U123/><E123/><V1/><F127/><W90/><G56/><T78/><D54/><U61/><E82/><V28/><F111/><W3/><G89/><T116/><D116/><U46/><E46/><V117/><F28/><W120/><G120/><T129/><D129/><U121/><E121/><V70/><F117/><W12/><G3/><T55/><D55/><U67/><E53/><V66/><F66/><W22/><G34/><T113/><D113/><U114/><E18/><V106/><F106/><W95/><G107/><T2/><D2/><U33/><E17/><V69/><F69/><W126/><G126/><T58/><D58/><U125/><E114/><V84/><F51/><W132/><G132/><T119/><D119/><U105/><REACH who="1" step="1"/><E125/><REACH who="1" ten="250,240,250,250" step="2"/><V100/><F81/><W76/><G47/><T134/><D44/><U112/><E112/><V62/><F80/><W68/><G68/><T48/><D134/><U36/><E36/><V35/><F70/><W19/><REACH who="3" step="1"/><G76/><AGARI ba="0,1" hai="14,15,27,29,33,59,61,67,76,83,87,98,101,105" machi="76" ten="30,7700,0" yaku="1,1,7,1,52,2,53,0" doraHai="10" doraHaiUra="39" who="1" fromWho="3" sc="250,0,240,87,250,0,250,-77" /><BYE who="0" />
</Scene>
<Scene>
<INIT seed="1,0,0,4,0,21" ten="250,327,250,173" oya="1" hai0="13,116,114,73,77,29,122,110,7,132,18,85,1" hai1="12,46,61,50,103,81,83,4,96,40,49,117,65" hai2="104,44,48,20,75,58,108,82,124,119,42,26,8" hai3="53,93,74,121,45,131,39,38,27,135,109,105,71"/><U133/><E117/><V33/><F104/><UN n0="%E5%A4%AA%E3%81%8F%E3%81%AA%E3%81%84%E3%81%8A" /><W102/><G121/><T72/><D116/><U84/><E133/><V57/><F119/><W60/><G135/><T98/><D132/><U118/><E118/><V89/><F108/><W111/><G105/><T106/><D114/><U112/><E112/><V134/><F134/><W5/><G74/><T76/><D29/><U35/><E35/><V64/><F124/><W0/><G131/><T129/><D7/><U37/><E81/><V19/><F64/><W69/><G5/><T100/><D1/><U95/><E12/><V24/><F8/><W78/><G0/><T101/><D110/><N who="3" m="41993" /><G78/><T47/><D129/><U130/><E4/><V92/><F82/><W99/><G27/><N who="2" m="10281" /><F75/><W52/><G60/><T56/><D106/><U91/><E130/><V79/><F79/><W23/><G23/><T10/><D76/><U6/><E6/><V90/><F33/><W80/><G80/><T120/><D77/><U94/><E83/><V128/><F128/><W31/><G31/><T17/><D73/><U14/><E14/><N who="2" m="9335" /><F90/><W87/><G38/><T125/><D72/><U59/><AGARI ba="0,0" hai="37,40,46,49,50,59,61,65,84,91,94,95,96,103" machi="59" ten="20,2100,0" yaku="0,1,7,1" doraHai="21" who="1" fromWho="1" sc="250,-7,327,21,250,-7,173,-7" />
</Scene>
<Scene>
<INIT seed="1,1,0,0,1,41" ten="243,348,243,166" oya="1" hai0="43,1,118,49,64,122,39,69,60,105,93,133,106" hai1="18,38,65,68,83,135,53,98,28,126,111,95,119" hai2="31,96,46,10,5,37,14,109,91,76,63,26,33" hai3="48,3,6,113,82,123,58,125,115,116,134,104,124"/><U92/><E119/><V103/><F109/><W84/><G104/><T0/><D118/><U89/><E38/><V36/><F76/><W11/><G123/><T80/><D93/><U24/><E126/><V73/><F73/><W72/><G116/><T15/><D15/><U108/><E135/><V7/><F7/><W70/><G70/><T81/><D81/><U29/><E68/><V100/><F63/><W22/><G134/><T88/><D133/><U66/><E83/><V59/><F59/><W30/><G72/><T121/><D39/><U62/><E92/><V13/><F13/><W128/><G128/><T25/><D25/><U130/><E130/><V51/><F91/><W34/><G34/><T120/><D1/><U55/><E66/><V99/><F99/><W57/><G22/><T54/><D43/><U94/><E94/><V114/><F114/><W102/><G30/><T107/><D0/><U42/><E42/><V78/><F78/><W61/><G102/><T56/><REACH who="0" step="1"/><D107/><REACH who="0" ten="233,348,243,166" step="2"/><U9/><E24/><V23/><F37/><W8/><G3/><T50/><D50/><U47/><E95/><V110/><F36/><W75/><G48/><T19/><D19/><U127/><E18/><V40/><F110/><W71/><G115/><T101/><D101/><U4/><E108/><V44/><F96/><W67/><G113/><T52/><D52/><U27/><E98/><V132/><F132/><W97/><G97/><T74/><D74/><U90/><E111/><V45/><F33/><W86/><G75/><T112/><D112/><U2/><E2/><V85/><F85/><AGARI ba="1,1" hai="49,54,56,60,64,69,80,85,88,105,106,120,121,122" machi="85" ten="40,8000,1" yaku="1,1,6,1,13,1,54,1,53,0" doraHai="41" doraHaiUra="12" who="0" fromWho="2" sc="233,93,348,0,243,-83,166,0" />
</Scene>
<Scene>
<INIT seed="2,0,0,1,3,76" ten="326,348,160,166" oya="2" hai0="91,7,5,14,73,50,56,84,24,74,6,47,77" hai1="131,132,72,9,4,97,59,120,93,78,112,28,104" hai2="29,48,2,90,116,79,80,83,107,82,20,63,100" hai3="21,129,45,49,81,10,26,85,94,37,98,128,127"/><V110/><F2/><W3/><G3/><T39/><D39/><U96/><E112/><V95/><F116/><W130/><G37/><T19/><D56/><U1/><E132/><V68/><F68/><W17/><G127/><T99/><D24/><U118/><E118/><V70/><F70/><W69/><G69/><T119/><D99/><U124/><E124/><V87/><F63/><W115/><G10/><T13/><D77/><U111/><E104/><V42/><F110/><W102/><G115/><T46/><D46/><U33/><E111/><V89/><F42/><W53/><REACH who="3" step="1"/><G128/><REACH who="3" ten="326,348,160,156" step="2"/><T109/><D109/><U51/><E9/><V16/><F29/><W135/><G135/><T18/><D119/><U126/><E131/><V103/><F107/><W52/><G52/><T11/><D19/><U44/><E126/><V36/><F36/><W12/><G12/><T34/><D14/><U22/><E1/><V133/><F133/><W8/><G8/><T75/><D6/><U125/><E4/><V86/><F48/><W113/><G113/><T15/><D15/><U101/><E51/><V108/><F108/><W121/><G121/><T106/><D106/><U61/><E120/><V123/><F123/><W54/><G54/><T31/><D31/><U60/><E28/><V38/><F38/><W32/><G32/><T134/><D34/><U43/><E33/><V88/><F79/><AGARI ba="0,1" hai="17,21,26,45,49,53,79,81,85,94,98,102,129,130" machi="79" ten="40,2600,0" yaku="1,1,52,1,53,0" doraHai="76" doraHaiUra="65" who="3" fromWho="2" sc="326,0,348,0,160,-26,156,36" />
</Scene>
<Scene>
<INIT seed="3,0,0,3,2,36" ten="326,348,134,192" oya="3" hai0="117,105,40,107,126,45,62,18,132,88,133,134,17" hai1="130,56,66,53,78,0,110,76,48,14,65,63,102" hai2="9,99,129,3,50,82,83,123,115,49,64,16,104" hai3="72,87,77,101,24,55,25,108,27,30,111,52,58"/><W81/><G72/><T4/><D117/><U90/><E0/><V75/><F123/><W70/><G70/><T8/><D126/><U84/><E130/><V116/><F116/><W37/><G101/><T13/><D62/><U96/><E110/><N who="3" m="42026" /><G37/><T31/><D31/><U12/><E65/><V74/><F115/><W43/><G43/><T21/><D88/><U85/><E85/><V20/><F129/><W33/><G55/><T51/><REACH who="0" step="1"/><D17/><REACH who="0" ten="316,348,134,192" step="2"/><U22/><E90/><V23/><F16/><W46/><G46/><T119/><D119/><U41/><E63/><AGARI ba="0,1" hai="24,25,27,30,33,52,58,63,77,81,87" m="42026" machi="63" ten="30,5800,0" yaku="14,1,10,1,54,1" doraHai="36" who="3" fromWho="1" sc="316,0,348,-58,134,0,192,68" />
</Scene>
<Scene>
<INIT seed="3,1,0,3,5,73" ten="316,290,134,260" oya="3" hai0="96,64,127,41,52,48,16,60,74,72,79,4,126" hai1="67,99,28,94,37,36,29,12,32,82,10,24,78" hai2="21,46,49,58,59,57,19,132,116,112,134,104,6" hai3="18,47,84,133,62,75,8,56,117,31,11,105,80"/><W5/><G105/><T1/><D41/><U27/><E67/><V98/><F6/><W125/><G117/><T34/><D34/><U86/><E10/><V13/><F116/><W20/><G75/><T51/><D96/><U65/><E65/><V7/><F112/><W38/><G125/><N who="0" m="47627" /><D16/><U14/><E36/><V25/><F104/><W110/><G110/><T69/><D51/><U54/><E54/><V114/><F114/><W108/><G108/><T111/><D111/><U92/><E37/><V121/><F98/><W63/><G31/><T101/><D101/><U39/><E39/><V40/><F121/><W53/><G63/><T103/><D103/><U71/><E71/><V30/><REACH who="2" step="1"/><F7/><REACH who="2" ten="316,290,124,260" step="2"/><W122/><G5/><T68/><D4/><U85/><E99/><V33/><AGARI ba="1,1" hai="13,19,21,25,30,33,40,46,49,57,58,59,132,134" machi="33" ten="30,4000,0" yaku="1,1,2,1,0,1,53,0" doraHai="73" doraHaiUra="109" who="2" fromWho="2" sc="316,-11,290,-11,124,53,260,-21" />
</Scene>
<Scene>
<INIT seed="4,0,0,0,3,55" ten="305,279,177,239" oya="0" hai0="79,75,58,50,94,90,64,86,9,19,129,98,118" hai1="128,67,127,119,18,113,59,56,17,74,62,51,4" hai2="24,12,99,57,1,53,88,43,65,108,97,35,71" hai3="109,31,32,102,11,133,126,85,14,123,83,3,84"/><T7/><D118/><U77/><E119/><V111/><F1/><W120/><G109/><T29/><D129/><U49/><E128/><V107/><F43/><W42/><G3/><T124/><D124/><U81/><E127/><V69/><F99/><W0/><G0/><T2/><D29/><U131/><E131/><V105/><F105/><W92/><G126/><T23/><D75/><U37/><E37/><V61/><F12/><W5/><G42/><T15/><D64/><U78/><E4/><V33/><F69/><W36/><G36/><T16/><D19/><U70/><E77/><V44/><F44/><W95/><G133/><T115/><D115/><U130/><E130/><V122/><F122/><N who="3" m="46635" /><G85/><T132/><D132/><U30/><E30/><V26/><F26/><N who="3" m="18551" /><G102/><T27/><D2/><U125/><E125/><V106/><F106/><W135/><G135/><T6/><D6/><U103/><E103/><V8/><F107/><W117/><G117/><T48/><REACH who="0" step="1"/><D58/><REACH who="0" ten="295,279,177,239" step="2"/><U96/><E113/><V60/><F111/><W72/><G72/><T80/><AGARI ba="0,1" hai="7,9,15,16,23,27,48,50,79,80,86,90,94,98" machi="80" ten="30,12000,1" yaku="1,1,2,1,0,1,8,1,54,1,53,0" doraHai="55" doraHaiUra="41" who="0" fromWho="0" sc="295,130,279,-40,177,-40,239,-40" />
</Scene>
<Scene>
<INIT seed="4,1,0,4,4,55" ten="425,239,137,199" oya="0" hai0="40,116,64,25,85,14,24,33,118,76,78,2,68" hai1="37,15,92,70,27,107,49,130,102,100,94,10,54" hai2="135,84,31,115,63,74,67,58,41,77,17,126,57" hai3="109,81,120,80,99,121,50,69,88,89,131,5,34"/><T32/><D2/><U108/><E37/><V19/><F74/><W60/><G109/><T124/><D40/><U71/><E108/><V72/><F72/><W56/><G34/><T103/><D103/><U20/><E130/><V90/><F77/><W1/><G69/><T48/><D48/><U86/><E71/><V3/><F3/><W111/><G50/><T4/><D68/><U46/><E70/><V35/><F41/><W23/><G131/><T53/><D53/><U101/><E107/><V91/><F115/><W95/><G111/><T75/><D75/><U105/><E105/><V96/><F135/><W66/><G23/><T87/><D14/><U43/><E43/><V21/><F35/><W133/><G133/><T134/><D134/><U106/><E86/><V13/><F126/><W83/><REACH who="3" step="1"/><G89/><REACH who="3" ten="425,239,137,189" step="2"/><T38/><D32/><U82/><E106/><V98/><F91/><W119/><G119/><T65/><D33/><U128/><E128/><V29/><F90/><W36/><G36/><T26/><D38/><U30/><E82/><V22/><F84/><W110/><G110/><T104/><D87/><U114/><E114/><V93/><F98/><W112/><G112/><T129/><D129/><U28/><E102/><N who="2" m="60687" /><F58/><W44/><G44/><T113/><D113/><U122/><E101/><V18/><F22/><W47/><G47/><T52/><D85/><U61/><E100/><V16/><AGARI ba="1,1" hai="13,16,17,18,19,21,29,31,57,63,67" m="60687" machi="16" ten="30,4000,0" yaku="8,1,52,1,54,1" doraHai="55" who="2" fromWho="2" sc="425,-21,239,-11,137,53,189,-11" />
</Scene>
<Scene>
<INIT seed="5,0,0,5,5,112" ten="404,228,190,178" oya="1" hai0="123,105,57,106,80,6,78,8,103,93,58,126,119" hai1="110,79,63,2,120,19,61,14,75,81,13,15,46" hai2="35,22,16,98,23,64,47,25,48,69,117,84,51" hai3="24,89,20,7,95,10,54,29,40,102,114,65,104"/><U27/><E2/><V45/><F35/><W100/><G114/><T135/><D119/><U37/><E120/><V26/><F117/><W113/><G113/><T44/><D123/><U42/><REACH who="1" step="1"/><E110/><REACH who="1" ten="404,218,190,178" step="2"/><V68/><F68/><W21/><G104/><T94/><D106/><U34/><E34/><V128/><F69/><W108/><G108/><T99/><D105/><U87/><E87/><V31/><F128/><W129/><G129/><T127/><D127/><U124/><E124/><V86/><F98/><W77/><G77/><T121/><D126/><U134/><E134/><V41/><REACH who="2" step="1"/><F64/><REACH who="2" ten="404,218,180,178" step="2"/><W116/><G65/><T71/><D99/><U125/><E125/><V56/><F56/><W4/><G116/><T12/><D58/><U50/><E50/><V28/><F28/><W33/><G29/><T67/><D57/><U43/><E43/><AGARI ba="0,2" hai="16,22,23,25,26,31,41,43,45,47,48,51,84,86" machi="43" ten="30,8000,1" yaku="1,1,7,1,9,1,8,1,54,1,53,0" doraHai="112" doraHaiUra="97" who="2" fromWho="1" sc="404,0,218,-80,180,100,178,0" />
</Scene>
<Scene>
<INIT seed="6,0,0,0,0,126" ten="404,138,280,178" oya="2" hai0="42,15,94,18,104,105,99,127,47,43,115,129,120" hai1="55,24,135,64,36,118,10,76,123,107,61,48,66" hai2="134,91,90,5,78,109,133,2,68,6,60,31,97" hai3="108,88,93,50,122,11,58,25,3,37,100,69,116"/><V111/><F78/><W85/><G116/><T29/><D120/><U49/><E36/><V0/><F31/><W19/><G37/><T12/><D29/><U83/><E118/><V124/><F124/><W33/><G69/><T14/><D127/><U128/><E123/><V65/><F97/><W79/><G108/><N who="2" m="41545" /><F60/><W110/><G110/><T54/><D99/><U32/><E107/><V96/><F96/><W20/><G79/><T71/><D105/><U8/><E32/><V4/><F68/><W73/><G33/><T132/><D71/><U67/><E61/><V22/><F22/><W95/><G73/><T35/><D104/><U23/><E8/><V75/><F65/><W17/><G11/><T27/><D35/><U16/><E10/><V130/><F75/><W117/><G117/><T80/><D115/><U39/><E39/><V70/><F70/><W62/><G62/><T74/><D74/><U106/><E106/><V114/><F114/><W45/><G85/><T38/><D38/><U41/><E76/><V53/><F53/><W7/><G95/><T34/><D34/><U131/><E55/><V125/><F125/><W112/><G93/><T30/><D94/><U92/><E92/><V28/><F28/><W121/><G112/><T103/><D30/><U52/><E52/><V51/><F51/><N who="1" m="19529" /><E83/><V63/><F63/><W59/><G121/><T102/><D80/><U13/><E41/><V57/><F0/><W46/><G3/><T98/><D54/><U44/><E44/><V81/><F2/><W86/><G122/><T40/><D98/><U119/><E119/><RYUUKYOKU ba="0,0" sc="404,0,138,0,280,0,178,0" />
</Scene>
<Scene>
<INIT seed="7,1,0,2,4,132" ten="404,138,280,178" oya="3" hai0="70,105,122,133,28,67,134,64,59,100,2,79,124" hai1="6,32,114,33,43,76,119,42,44,40,88,35,5" hai2="51,84,99,0,7,112,39,127,90,56,130,36,16" hai3="38,19,123,86,97,80,15,69,62,118,53,107,82"/><W34/><G118/><T129/><D124/><U116/><E76/><V4/><F127/><W25/><G19/><T55/><D122/><U27/><E114/><V108/><F108/><W20/><G15/><T12/><D2/><U131/><E131/><V8/><F112/><W121/><G53/><T9/><D70/><U58/><E44/><V135/><F130/><W95/><G20/><T113/><D113/><U126/><E126/><V46/><F7/><N who="1" m="2569" /><E58/><V30/><F30/><W103/><G38/><T22/><D79/><U77/><E77/><V83/><F56/><W52/><G95/><T109/><D22/><U41/><N who="1" m="10240" /><DORA hai="101" /><U47/><E47/><V120/><F120/><W3/><G3/><T23/><D28/><U48/><E48/><V73/><F51/><W98/><G98/><N who="0" m="61591" /><D23/><U18/><E18/><V65/><F99/><W57/><G69/><T49/><D109/><U125/><E125/><V102/><F39/><W63/><G62/><T92/><D92/><U72/><E72/><V87/><F73/><W117/><G117/><N who="1" m="45130" /><E88/><V26/><F90/><W31/><G82/><T115/><D115/><U93/><E93/><V24/><F83/><W128/><G128/><T81/><D81/><U96/><E96/><V54/><F36/><W106/><G121/><T29/><D129/><U21/><E21/><V111/><F16/><W37/><G37/><T61/><D49/><U110/><E110/><V91/><F111/><W71/><G123/><T13/><D29/><U10/><E10/><V45/><F8/><W11/><G11/><T68/><D9/><U89/><E89/><RYUUKYOKU ba="1,0" sc="404,-10,138,30,280,-10,178,-10" hai1="27,32,33,35" owari="394,49.0,168,-23.0,270,7.0,168,-33.0" />
</Scene>
</mjloggm>