<mjloggm ver="2.3"><GO type="169" lobby="0"/><UN n0="%E5%B7%A3%E4%BD%9C%E3%82%8A%E3%83%89%E3%83%A9%E3%82%B4%E3%83%B3" n1="%E3%83%9A%E3%83%81%E3%83%A7%E3%83%BC%E3%83%AA%E3%83%B3" n2="%E5%A4%AA%E3%81%8F%E3%81%AA%E3%81%84%E3%81%8A" n3="%E6%9C%AC%E7%89%A9%E5%A5%B3%E5%AD%90%E9%AB%98%E7%94%9F" dan="16,17,18,17" rate="2134.62,2179.75,2238.66,2183.50" sx="F,M,F,F"/><TAIKYOKU oya="0"/>

<Scene>
<INIT seed="0,0,0,2,4,61" ten="250,250,250,250" oya="0" hai0="35,15,76,21,120,113,88,128,111,1,38,127,130" hai1="87,42,33,73,55,37,135,129,19,11,126,12,10" hai2="134,122,90,107,103,9,75,106,27,66,25,109,70" hai3="67,118,44,91,57,56,77,8,85,82,20,7,63"/><T124/><D38/><U65/><E73/><V110/><F122/><W4/><G118/><T3/><D76/><U22/><E33/><V36/><F36/><W101/><G101/><T31/><D120/><U40/><E135/><V133/><F75/><W83/><G44/><T30/><D113/><U121/><E121/><V119/><F119/><W16/><G8/><T17/><D111/><N who="2" m="42506" /><F90/><W78/><G56/><T94/><D94/><U46/><E126/><N who="0" m="48169" /><D88/><U105/><E105/><N who="2" m="39947" /><F103/><W43/><G43/><T48/><D48/><U117/><E117/><V29/><F9/><W50/><G50/><T26/><D31/><U2/><E129/><AGARI ba="0,0" hai="1,3,15,17,21,26,30,35,128,129,130" m="48169" machi="129" ten="30,11600,0" yaku="19,1,18,1,34,2" doraHai="61" who="0" fromWho="1" sc="250,116,250,-116,250,0,250,0" />
</Scene>
<Scene>
<INIT seed="0,1,0,2,0,56" ten="366,134,250,250" oya="0" hai0="45,21,71,124,132,19,86,23,100,87,76,24,126" hai1="104,33,90,85,38,93,114,61,112,109,27,91,57" hai2="62,16,13,64,4,127,48,29,123,2,111,121,8" hai3="50,129,80,55,108,44,60,49,58,30,89,77,131"/><T68/><D132/><U99/><E38/><V3/><F111/><W74/><G108/><T103/><D45/><U120/><E120/><V6/><F127/><N who="0" m="48682" /><D23/><U42/><E109/><V1/><F48/><W43/><G30/><T113/><D113/><N who="1" m="43627" /><E42/><V47/><F47/><W130/><REACH who="3" step="1"/><G89/><REACH who="3" ten="366,134,250,240" step="2"/><T15/><D24/><U31/><E104/><V18/><F29/><W66/><G66/><T102/><D76/><U84/><E91/><V11/><F123/><W7/><G7/><T14/><D14/><U135/><E135/><V107/><F121/><W39/><AGARI ba="1,1" hai="39,43,44,49,50,55,58,60,74,77,80,129,130,131" machi="39" ten="30,7900,0" yaku="1,1,0,1,19,1,52,1,53,0" doraHai="56" doraHaiUra="12" who="3" fromWho="3" sc="366,-40,134,-21,250,-21,240,92" />
</Scene>
<Scene>
<INIT seed="1,0,0,1,1,63" ten="326,113,229,332" oya="1" hai0="46,80,91,92,20,125,79,21,103,6,108,102,57" hai1="87,22,99,84,60,34,110,82,39,16,52,88,101" hai2="27,41,119,43,73,85,4,8,1,78,24,55,50" hai3="47,42,112,40,68,3,58,71,19,133,54,113,100"/><U10/><E34/><V14/><F119/><W9/><G100/><T131/><D108/><U83/><E39/><V120/><F120/><W97/><G97/><T134/><D134/><U106/><E110/><V74/><F1/><W29/><G29/><T2/><D57/><U118/><E118/><V123/><F123/><W7/><G19/><T25/><D21/><U127/><E127/><V70/><F70/><W96/><G133/><T38/><D125/><U62/><E10/><V28/><F73/><W65/><G96/><T59/><D59/><U111/><E111/><V13/><F74/><W30/><G40/><N who="2" m="15433" /><F28/><W56/><G56/><T95/><D46/><U116/><E52/><V45/><F14/><W132/><G68/><T26/><D38/><U17/><E17/><V51/><F50/><N who="3" m="31063" /><G30/><T76/><D103/><U49/><E49/><V105/><F105/><W107/><G107/><T86/><D102/><U104/><E104/><V35/><F35/><W72/><G72/><T5/><D2/><U90/><E116/><V12/><F12/><AGARI ba="0,0" hai="12,16,22,60,62,82,83,84,87,88,90,99,101,106" machi="12" ten="30,11600,0" yaku="7,1,9,1,54,2" doraHai="63" who="1" fromWho="2" sc="326,0,113,116,229,-116,332,0" />
</Scene>
<Scene>
<INIT seed="1,1,0,4,5,7" ten="326,229,113,332" oya="1" hai0="106,6,41,135,79,85,72,38,128,93,27,73,31" hai1="127,18,112,37,130,15,124,57,94,110,113,84,109" hai2="74,29,16,102,105,115,82,81,92,89,66,8,61" hai3="22,78,91,86,129,10,90,36,54,44,65,122,4"/><U12/><E37/><V9/><F115/><N who="1" m="44105" /><E130/><V5/><F29/><W126/><G122/><T131/><D106/><U64/><E64/><V116/><F116/><W30/><G65/><T46/><D73/><U111/><E57/><N who="2" m="37167" /><F105/><W88/><G126/><N who="1" m="48170" /><E18/><V28/><F28/><W80/><G129/><T119/><D72/><U3/><E3/><V60/><F74/><W99/><G99/><T70/><D38/><U21/><E21/><V11/><F5/><W117/><G117/><T26/><D70/><U43/><E43/><V77/><F102/><W14/><G36/><T121/><D41/><U97/><E84/><N who="2" m="48175" /><F60/><W20/><G30/><T87/><D31/><U1/><E1/><V62/><F62/><W75/><G75/><T118/><D87/><U107/><E107/><V71/><F71/><W25/><G25/><T76/><D85/><U55/><E55/><V83/><F16/><W67/><G67/><T68/><D68/><U108/><N who="1" m="27648" /><DORA hai="103" /><U40/><E40/><V53/><F53/><W58/><G44/><T100/><D46/><U104/><E104/><V96/><AGARI ba="1,0" hai="8,9,11,82,83,89,92,96" m="48175,37167" machi="96" ten="30,7900,0" yaku="8,1,52,3" doraHai="7,103" who="2" fromWho="2" sc="326,-21,229,-40,113,82,332,-21" />
</Scene>
<Scene>
<INIT seed="2,0,0,0,1,0" ten="305,189,195,311" oya="2" hai0="72,94,78,61,95,39,8,11,30,41,128,73,118" hai1="70,111,134,15,93,40,76,64,79,44,53,113,33" hai2="1,130,17,46,83,133,74,81,119,71,7,124,110" hai3="49,37,2,135,132,69,20,42,50,38,114,126,103"/><V14/><F119/><W101/><G2/><T84/><D39/><N who="3" m="14857" /><G42/><T36/><D36/><U25/><E113/><V48/><F71/><W24/><G69/><T67/><D73/><U9/><E134/><N who="3" m="51242" /><G126/><T56/><D72/><U51/><E40/><V28/><F133/><W89/><G89/><T129/><D41/><U27/><E111/><V90/><F124/><W19/><G114/><T12/><D11/><U18/><E70/><V86/><F130/><N who="0" m="50282" /><D30/><U105/><E105/><V45/><F28/><W10/><G10/><T77/><D118/><U82/><E64/><V107/><F107/><W4/><G4/><N who="0" m="3079" /><D78/><U117/><E117/><V75/><F1/><W98/><G101/><T54/><D67/><U131/><E131/><V102/><F102/><W100/><G103/><T122/><D122/><U47/><E79/><V43/><F7/><W66/><G66/><T121/><D121/><U6/><E33/><V92/><F43/><W104/><AGARI ba="0,0" hai="19,20,24,49,50,98,100,104" m="51242,14857" machi="104" ten="30,1100,0" yaku="20,1" doraHai="0" who="3" fromWho="3" sc="305,-3,189,-3,195,-5,311,11" />
</Scene>
<Scene>
<INIT seed="3,0,0,3,0,131" ten="302,186,190,322" oya="3" hai0="84,82,122,113,20,60,123,21,29,80,44,103,26" hai1="76,51,47,55,127,112,1,105,27,28,24,66,114" hai2="92,106,125,93,48,133,132,116,130,128,22,13,37" hai3="34,110,8,18,14,90,95,79,40,102,126,75,23"/><W70/><G34/><T15/><D113/><U99/><E1/><V97/><F37/><W49/><G70/><T52/><D103/><U50/><E127/><V98/><F116/><W12/><G126/><T36/><D36/><U59/><E76/><V117/><F117/><W89/><G110/><T7/><D82/><U39/><E39/><V41/><F125/><W0/><G0/><T17/><D7/><U56/><E24/><V67/><F67/><W71/><G71/><T9/><D21/><U100/><E59/><V108/><F108/><W46/><G75/><T88/><REACH who="0" step="1"/><D60/><REACH who="0" ten="292,186,190,322" step="2"/><U3/><E3/><V16/><F128/><W101/><G79/><T96/><D96/><N who="2" m="36970" /><F130/><W33/><G33/><T68/><D68/><U107/><E107/><V78/><F106/><W5/><G89/><T62/><D62/><U120/><E120/><V135/><F78/><W58/><G58/><T77/><D77/><U31/><E112/><V11/><F22/><W45/><REACH who="3" step="1"/><G46/><AGARI ba="0,1" hai="11,13,16,41,46,48,92,93,132,133,135" m="36970" machi="46" ten="40,8000,1" yaku="20,1,52,3,54,1" doraHai="131" who="2" fromWho="3" sc="292,0,186,0,190,90,322,-80" />
</Scene>
<Scene>
<INIT seed="4,0,0,2,4,76" ten="292,186,280,242" oya="0" hai0="77,124,33,56,41,38,60,57,20,85,95,106,42" hai1="26,63,12,105,91,23,43,34,122,114,13,113,25" hai2="66,29,110,68,127,21,19,50,31,74,112,132,79" hai3="121,53,69,15,59,88,2,11,129,39,81,48,108"/><T8/><D106/><U30/><E105/><V90/><F110/><W133/><G108/><T94/><D33/><U44/><E63/><V0/><F0/><W22/><G69/><T5/><D124/><U126/><E126/><V123/><F123/><W72/><G39/><T98/><D38/><U75/><E75/><V37/><F37/><W96/><G133/><T61/><D20/><U62/><E62/><N who="0" m="24169" /><D8/><U125/><E125/><V131/><F68/><W107/><G129/><T80/><D5/><U134/><E134/><V116/><F127/><W9/><G2/><T115/><D115/><N who="1" m="44043" /><E122/><V109/><F112/><W100/><G121/><T86/><D86/><U28/><E91/><V73/><F90/><W99/><G99/><T119/><D119/><U128/><E128/><V49/><F131/><W117/><G117/><T51/><D95/><U118/><E118/><V65/><F116/><W4/><G11/><T27/><D27/><U24/><E24/><V104/><F104/><W87/><G22/><T64/><D64/><U52/><E43/><N who="0" m="16393" /><D51/><AGARI ba="0,0" hai="12,13,23,25,26,28,30,34,44,51,52" m="44043" machi="51" ten="30,3900,0" yaku="15,1,11,1,54,1" doraHai="76" who="1" fromWho="0" sc="292,-39,186,39,280,0,242,0" />
</Scene>
<Scene>
<INIT seed="5,0,0,2,1,122" ten="253,225,280,242" oya="1" hai0="77,21,18,0,45,58,65,56,10,16,130,73,127" hai1="40,71,48,128,92,124,74,88,54,31,41,105,24" hai2="93,42,26,55,29,59,34,123,50,9,46,125,51" hai3="129,15,27,67,90,97,12,114,6,113,3,66,13"/><U63/><E74/><V110/><F125/><W115/><G129/><T86/><D73/><U69/><E105/><V76/><F123/><W19/><G3/><T102/><D102/><U72/><E72/><V106/><F106/><W84/><G6/><T119/><D119/><U22/><E124/><V83/><F93/><N who="3" m="54471" /><G97/><T20/><D127/><U17/><E128/><V32/><F9/><W111/><G111/><T117/><D117/><U39/><E39/><V108/><REACH who="2" step="1"/><F34/><REACH who="2" ten="253,225,270,242" step="2"/><W101/><G101/><T82/><D130/><U103/><E103/><V61/><F61/><W80/><G80/><T43/><D10/><U64/><E71/><V100/><F100/><W49/><G113/><T116/><D116/><U37/><E37/><V4/><F4/><W35/><G35/><T99/><D82/><U7/><E7/><V78/><F78/><W133/><G114/><T109/><D77/><U120/><E120/><V62/><F62/><W52/><G115/><T104/><D20/><U91/><E91/><V28/><F28/><W57/><G133/><T68/><D21/><AGARI ba="0,1" hai="12,13,15,19,21,27,49,52,57,66,67" m="54471" machi="21" ten="30,2000,0" yaku="8,1,54,1" doraHai="122" who="3" fromWho="0" sc="253,-20,225,0,270,0,242,30" />
</Scene>
<Scene>
<INIT seed="6,0,0,1,3,15" ten="233,225,270,272" oya="2" hai0="33,87,46,59,131,66,105,16,5,1,93,32,36" hai1="64,25,68,53,115,54,106,82,118,8,67,81,44" hai2="29,58,101,111,4,35,77,9,128,3,2,12,37" hai3="22,6,122,43,91,65,135,56,55,132,79,123,97"/><V62/><F37/><W26/><G79/><T102/><D1/><U21/><E106/><V127/><F128/><W84/><G6/><T47/><D5/><U61/><E118/><V113/><F113/><W48/><G97/><T17/><D105/><U96/><E115/><V83/><F127/><W40/><G65/><T39/><D131/><U30/><E67/><V110/><F101/><W13/><G13/><T75/><D75/><U126/><E126/><V121/><F121/><W76/><G76/><T57/><D66/><U117/><E117/><V38/><F38/><W52/><G55/><T45/><D45/><U18/><E96/><V98/><F98/><W95/><G43/><T71/><D93/><U78/><E44/><V86/><F29/><N who="3" m="17623" /><G40/><T23/><D23/><U60/><E60/><V103/><F35/><W89/><G89/><T94/><D94/><U41/><E41/><V11/><F103/><W34/><G34/><T92/><D92/><U50/><E50/><V74/><F74/><W124/><G124/><T20/><D20/><U72/><REACH who="1" step="1"/><E82/><REACH who="1" ten="233,215,270,272" step="2"/><V133/><F83/><W130/><G130/><T125/><D125/><U88/><E88/><V31/><F62/><W0/><G123/><T104/><D104/><U119/><E119/><V107/><F107/><W116/><G116/><T14/><D102/><U7/><E7/><V108/><F4/><W90/><G122/><T109/><D71/><U49/><E49/><V85/><F2/><W73/><G0/><T112/><D112/><U28/><E28/><V42/><F3/><W69/><G69/><T19/><D39/><RYUUKYOKU ba="0,1" sc="233,-10,215,30,270,-10,272,-10" hai1="8,18,21,25,30,53,54,61,64,68,72,78,81" />
</Scene>
<Scene>
<INIT seed="7,1,1,3,5,84" ten="223,245,260,262" oya="3" hai0="129,127,122,43,13,33,64,132,86,65,26,2,72" hai1="76,48,99,11,9,85,24,30,75,78,94,27,34" hai2="133,12,8,49,23,62,42,120,125,119,108,106,101" hai3="112,103,60,22,79,100,113,52,20,123,71,130,29"/><W104/><G123/><T69/><D2/><U31/><E75/><V128/><F108/><W124/><G79/><T83/><D13/><U44/><E78/><V135/><F119/><W40/><G40/><T107/><D43/><U88/><E76/><V118/><F118/><W92/><G104/><T21/><D21/><N who="3" m="8297" /><G29/><T110/><D26/><U17/><E17/><V56/><F125/><W111/><G124/><T95/><D64/><U80/><E80/><V14/><F128/><W7/><G7/><T98/><D65/><U58/><E58/><V70/><F56/><N who="3" m="34823" /><G71/><T96/><D69/><U53/><E99/><N who="0" m="37929" /><D33/><AGARI ba="1,1" hai="9,11,24,27,30,31,33,34,44,48,53,85,88,94" machi="33" ten="30,7700,0" yaku="7,1,9,1,52,1,54,1" doraHai="84" who="1" fromWho="0" sc="223,-80,245,90,260,0,262,0" owari="143,-36.0,335,44.0,260,-14.0,262,6.0" />
</Scene>
</mjloggm>