<mjloggm ver="2.3"><GO type="169" lobby="0"/><UN n0="%E5%A4%AA%E3%81%8F%E3%81%AA%E3%81%84%E3%81%8A" n1="%E8%B7%AF%E5%9C%B0%E8%A3%8F%E3%81%AE%E3%81%B2%E3%81%BE%E3%82%8F%E3%82%8A" n2="%E9%AB%98%E7%94%BA%EF%BC%A0%E3%81%AA%E3%81%AE%E3%81%AF" n3="%E3%83%A4%E3%82%AD%E3%83%B3" dan="18,16,16,17" rate="2188.18,2088.33,2117.81,2171.89" sx="F,M,F,M"/><TAIKYOKU oya="0"/>

<Scene>
<INIT seed="0,0,0,0,0,27" ten="250,250,250,250" oya="0" hai0="66,129,85,28,105,11,44,15,5,32,10,112,43" hai1="131,83,116,58,119,102,52,97,118,41,107,87,35" hai2="70,3,48,121,99,91,42,13,55,125,88,89,101" hai3="59,25,50,22,4,40,74,34,122,106,31,82,117"/><T29/><D112/><U61/><E131/><V46/><F3/><W63/><G117/><T108/><D105/><U26/><E41/><V79/><F121/><W68/><G106/><T56/><D32/><U84/><REACH who="1" step="1"/><E83/><REACH who="1" ten="250,240,250,250" step="2"/><V73/><F125/><W6/><G82/><T123/><D129/><U77/><E77/><V49/><F79/><W39/><G40/><T71/><D43/><U20/><E20/><V30/><F73/><W128/><G74/><T93/><D123/><U113/><E113/><V100/><F70/><W134/><G68/><T75/><D71/><U114/><E114/><V109/><F109/><W21/><G22/><T132/><D108/><U60/><E60/><V92/><F101/><W76/><G21/><T2/><D75/><U95/><E95/><V90/><F100/><W135/><G76/><T17/><D93/><U133/><E133/><V103/><F103/><W23/><G128/><T130/><D132/><U104/><E104/><V86/><F86/><W126/><G122/><T94/><D130/><U124/><E124/><V111/><F111/><W47/><G126/><T67/><D85/><U36/><E36/><V127/><F127/><W9/><G39/><T38/><D38/><U65/><E65/><V0/><F42/><N who="3" m="24951" /><G23/><T78/><D78/><U14/><E14/><V16/><F13/><N who="3" m="5287" /><G135/><T1/><D94/><U115/><E115/><V72/><F72/><W62/><G134/><T51/><D67/><U37/><E37/><V98/><F92/><W64/><G63/><N who="0" m="38247" /><D1/><U12/><E12/><V69/><F0/><W96/><G96/><T8/><D8/><RYUUKYOKU ba="0,1" sc="250,10,240,10,250,-30,250,10" hai0="2,5,10,11,15,17,28,29,44,51" hai1="26,35,52,58,61,84,87,97,102,107,116,118,119" hai3="6,25,31,34,59,62,64" />
</Scene>
<Scene>
<INIT seed="0,1,1,0,0,41" ten="260,250,220,260" oya="0" hai0="101,109,96,3,58,118,10,89,87,68,70,134,9" hai1="50,65,79,57,30,6,60,100,81,52,21,78,119" hai2="90,108,53,135,127,97,82,33,129,49,36,102,112" hai3="42,133,39,8,12,86,14,103,17,5,93,11,27"/><T117/><D134/><U51/><E119/><V74/><F112/><W16/><G133/><T111/><D58/><U116/><E116/><N who="0" m="44649" /><D70/><U113/><E113/><V105/><F33/><W59/><G39/><T56/><D56/><N who="1" m="36999" /><E6/><V104/><F135/><W13/><G42/><T4/><D68/><U67/><E100/><V77/><F36/><W28/><G59/><T1/><D87/><N who="1" m="48567" /><E79/><V34/><F34/><N who="3" m="20767" /><G86/><T126/><D89/><U32/><E32/><V40/><F90/><W75/><G93/><T26/><D126/><U0/><E0/><N who="0" m="73" /><D4/><U44/><E67/><V71/><F127/><W115/><G103/><T85/><D85/><U2/><E2/><V107/><F71/><W95/><G95/><N who="0" m="58527" /><D26/><N who="1" m="16719" /><E51/><V25/><F49/><W114/><G75/><T63/><D63/><U98/><E98/><V61/><F74/><W122/><G122/><T76/><D76/><U110/><E57/><V83/><F77/><W72/><G72/><T120/><D120/><U124/><E124/><V125/><F125/><W92/><G92/><T15/><D15/><U130/><E130/><V131/><F131/><W66/><G66/><T91/><D91/><U121/><E121/><V132/><F129/><W84/><G84/><T123/><D123/><U29/><E29/><V88/><F132/><W64/><G64/><T73/><D73/><U47/><E50/><V128/><F128/><W19/><G5/><T20/><D20/><AGARI ba="1,1" hai="8,11,12,13,14,16,17,19,20,114,115" m="20767" machi="20" ten="30,3900,0" yaku="34,2,54,1" doraHai="41" who="3" fromWho="0" sc="260,-42,250,0,220,0,260,52" />
</Scene>
<Scene>
<INIT seed="1,0,0,1,1,47" ten="218,250,220,312" oya="1" hai0="53,123,39,110,70,135,28,120,82,125,113,92,134" hai1="44,56,96,97,12,22,64,58,94,54,7,23,69" hai2="78,50,35,79,117,88,102,17,130,80,38,45,55" hai3="76,24,16,72,2,121,18,66,112,104,31,119,129"/><U87/><E69/><V65/><F117/><W57/><G112/><T106/><D106/><U116/><E116/><V34/><F130/><W14/><G2/><T62/><D28/><U114/><E114/><V11/><F38/><W84/><G119/><T26/><D26/><U42/><E64/><V60/><F102/><W4/><G72/><T81/><D113/><U131/><E131/><V91/><F34/><W108/><G104/><T118/><D118/><U29/><E87/><N who="2" m="50663" /><F35/><W8/><G121/><N who="0" m="46667" /><D39/><U71/><E71/><V105/><F105/><W115/><G108/><T93/><D110/><U61/><E58/><N who="2" m="37015" /><F88/><W109/><G109/><T77/><D70/><U15/><E97/><V86/><F86/><W13/><G129/><T1/><D1/><U21/><E29/><V127/><F127/><W74/><G74/><N who="0" m="43191" /><D82/><U0/><E0/><V68/><F68/><W20/><G115/><T95/><D125/><U111/><E111/><V6/><F6/><W5/><G84/><T41/><D93/><U46/><E7/><V48/><F48/><W100/><G76/><T101/><D95/><U107/><E107/><V85/><F85/><W49/><G100/><T122/><D122/><U103/><REACH who="1" step="1"/><E46/><REACH who="1" ten="218,240,220,312" step="2"/><V133/><F133/><W33/><G4/><T36/><D135/><U9/><E9/><V63/><F63/><N who="3" m="38255" /><G5/><T40/><D134/><U43/><E43/><V27/><F11/><N who="3" m="6207" /><G33/><T90/><D62/><U124/><E124/><V73/><F73/><W10/><G10/><T37/><D41/><U98/><E98/><V59/><F45/><W19/><G31/><T32/><D32/><RYUUKYOKU ba="0,1" sc="218,-30,240,10,220,10,312,10" hai1="12,15,21,22,23,42,44,54,56,61,94,96,103" hai2="17,27,50,55,59,78,79" hai3="8,14,18,19,20,24,49" />
</Scene>
<Scene>
<INIT seed="1,1,1,5,2,134" ten="188,250,230,322" oya="1" hai0="73,8,112,20,105,25,84,62,131,42,80,90,115" hai1="121,130,94,104,16,78,37,71,87,58,9,120,57" hai2="22,93,0,33,132,39,89,72,10,55,7,56,60" hai3="26,96,133,49,127,113,27,88,122,125,51,14,34"/><U119/><E71/><V100/><F33/><W118/><G122/><T53/><D105/><U3/><E104/><V4/><F72/><W47/><G113/><T35/><D131/><U110/><E119/><V68/><F132/><W106/><G133/><T12/><D35/><U128/><E37/><V108/><F108/><W64/><G118/><T79/><D42/><U95/><E110/><V61/><F39/><W69/><G69/><T103/><D103/><U52/><E120/><V98/><F7/><W40/><G64/><T28/><D62/><N who="1" m="36135" /><E121/><V91/><F68/><W70/><G70/><T77/><D53/><U36/><E36/><V81/><F61/><W31/><G27/><T82/><REACH who="0" step="1"/><D79/><REACH who="0" ten="178,250,230,322" step="2"/><U43/><E43/><V63/><F100/><W5/><G106/><T46/><D46/><U23/><E130/><V92/><F81/><W76/><G76/><T18/><AGARI ba="1,2" hai="8,12,18,20,25,28,73,77,80,82,84,90,112,115" machi="18" ten="20,5200,0" yaku="1,1,0,1,7,1,53,1" doraHai="134" doraHaiUra="75" who="0" fromWho="0" sc="178,75,250,-27,230,-14,322,-14" />
</Scene>
<Scene>
<INIT seed="2,0,0,3,0,133" ten="253,223,216,308" oya="2" hai0="77,22,94,19,114,57,115,124,17,86,67,55,113" hai1="72,118,135,49,110,69,28,112,41,84,46,7,130" hai2="31,11,85,104,74,89,119,23,116,93,129,58,81" hai3="40,88,134,15,6,75,91,35,12,37,24,10,120"/><V101/><F129/><W107/><G120/><T73/><D67/><U44/><E72/><V50/><F11/><W103/><G75/><T68/><D68/><U56/><E69/><V125/><F31/><W1/><G134/><T51/><D73/><U45/><E135/><V76/><F23/><W59/><G37/><T82/><D94/><U9/><E112/><V70/><F70/><W26/><G40/><T132/><D132/><U64/><E118/><N who="2" m="45099" /><F58/><W48/><G26/><T33/><D33/><U80/><E28/><V42/><F50/><W0/><G24/><T102/><D102/><U78/><E130/><V95/><F42/><W21/><G103/><T65/><D65/><U38/><E110/><V25/><F25/><W99/><G35/><T92/><D92/><U29/><E29/><V131/><F131/><W127/><G48/><T100/><D100/><U32/><E32/><V13/><F13/><W20/><G59/><T14/><REACH who="0" step="1"/><D17/><REACH who="0" ten="243,223,216,308" step="2"/><U34/><E34/><V60/><F95/><W111/><G111/><T30/><D30/><U90/><E64/><V96/><F60/><W2/><G107/><T122/><D122/><U128/><E128/><V97/><F97/><W71/><G99/><T39/><D39/><U98/><E38/><V3/><F3/><W47/><G1/><T16/><D16/><U106/><E106/><V5/><F5/><W53/><G6/><T62/><D62/><U83/><E98/><V61/><F61/><W52/><G2/><T121/><D121/><U66/><E66/><V4/><F4/><N who="3" m="3143" /><G0/><T123/><D123/><U126/><E7/><RYUUKYOKU ba="0,1" sc="243,15,223,-15,216,15,308,-15" hai0="14,19,22,51,55,57,77,82,86,113,114,115,124" hai2="74,76,81,85,89,93,96,101,104,125" />
</Scene>
<Scene>
<INIT seed="2,1,1,2,2,65" ten="258,208,231,293" oya="2" hai0="11,23,102,36,14,22,103,56,132,96,7,45,69" hai1="67,94,41,50,4,54,111,20,66,32,105,49,99" hai2="40,33,0,86,60,57,124,92,129,16,25,118,82" hai3="47,120,79,64,43,101,127,21,81,30,19,100,8"/><V131/><F118/><W93/><G120/><T130/><D130/><N who="2" m="49674" /><F0/><W70/><G127/><T78/><D132/><U112/><E32/><V2/><F2/><W106/><G106/><T125/><D125/><U104/><E112/><V84/><F40/><W108/><G108/><T73/><D102/><N who="1" m="60791" /><E104/><V133/><F133/><W128/><G128/><T98/><D96/><U134/><E105/><V61/><F124/><W12/><G93/><T90/><D90/><U46/><E111/><V35/><F92/><W123/><G123/><T63/><D78/><U115/><E115/><V68/><F61/><W72/><G30/><T71/><D73/><U117/><E117/><V9/><F84/><W122/><G122/><T88/><D103/><U119/><E119/><V15/><F25/><W85/><G72/><T42/><D98/><U31/><E4/><V87/><F87/><W44/><G43/><T28/><D88/><U75/><E75/><V6/><F6/><N who="3" m="3095" /><G101/><T109/><D109/><U17/><E31/><V76/><F57/><W5/><G5/><T10/><D28/><U1/><E1/><V26/><F26/><N who="3" m="14655" /><G100/><T113/><D113/><U91/><E134/><V51/><F51/><W107/><G107/><T126/><D126/><U3/><E3/><V38/><F38/><W52/><G47/><T29/><D29/><U110/><E110/><V13/><F13/><W121/><G44/><T48/><D36/><U39/><E39/><V77/><F77/><W18/><G121/><T114/><D114/><U116/><E116/><V83/><F83/><W59/><G81/><T58/><D7/><RYUUKYOKU ba="1,1" sc="258,-10,208,-10,231,30,293,-10" hai2="9,15,16,33,35,60,68,76,82,86" />
</Scene>
<Scene>
<INIT seed="2,2,1,1,0,27" ten="248,198,261,283" oya="2" hai0="79,85,73,110,54,61,5,43,72,104,63,9,118" hai1="94,42,59,56,100,4,97,40,46,109,65,81,119" hai2="93,52,78,66,1,113,89,51,112,13,80,135,120" hai3="77,34,131,2,12,86,115,105,16,91,23,83,76"/><V108/><F1/><W17/><G105/><T82/><D104/><U25/><E119/><V92/><F120/><W111/><G2/><T20/><D118/><U38/><E109/><V21/><F108/><W22/><G111/><T47/><D110/><U129/><E129/><V98/><F66/><W88/><G131/><T11/><D20/><U44/><E4/><V124/><F124/><W60/><G34/><T55/><D63/><U68/><E81/><V30/><F135/><W18/><G115/><T125/><D125/><U99/><E99/><V95/><F112/><W103/><G103/><T8/><D5/><U28/><E65/><V84/><F113/><W26/><G18/><T96/><D96/><U106/><E68/><V45/><F13/><W35/><G35/><T126/><D126/><U102/><E102/><V15/><F15/><W87/><G60/><T64/><D72/><U57/><E106/><V7/><F7/><W24/><G12/><T14/><D73/><U122/><E122/><V19/><F19/><W37/><G37/><T39/><REACH who="0" step="1"/><D14/><REACH who="0" ten="238,198,261,283" step="2"/><U128/><E128/><V49/><REACH who="2" step="1"/><F51/><REACH who="2" ten="238,198,251,283" step="2"/><W0/><REACH who="3" step="1"/><G0/><REACH who="3" ten="238,198,251,273" step="2"/><T90/><D90/><U50/><E50/><V33/><F33/><W75/><G75/><T10/><N who="0" m="2048" /><DORA hai="67" /><T130/><D130/><U41/><REACH who="1" step="1"/><E38/><REACH who="1" ten="238,188,251,273" step="2"/><RYUUKYOKU type="reach4" ba="2,5" sc="238,0,188,0,251,0,273,0" hai0="39,43,47,54,55,61,64,79,82,85" hai1="25,28,40,41,42,44,46,56,57,59,94,97,100" hai2="21,30,45,49,52,78,80,84,89,92,93,95,98" hai3="16,17,22,23,24,26,76,77,83,86,87,88,91" />
</Scene>
<Scene>
<INIT seed="2,3,5,0,0,77" ten="238,188,251,273" oya="2" hai0="101,38,16,109,51,88,104,79,87,113,100,21,75" hai1="7,135,63,36,0,130,132,4,72,24,123,106,93" hai2="5,90,125,28,11,46,73,30,96,39,76,49,10" hai3="27,41,84,122,12,108,31,129,115,86,64,37,62"/><V33/><F125/><W14/><G122/><T69/><D113/><U34/><E106/><V74/><F33/><W29/><G37/><T95/><D38/><U65/><E72/><V42/><F11/><W71/><G41/><T17/><D69/><N who="1" m="42175" /><E36/><V1/><F49/><W80/><G115/><T55/><D109/><U114/><E114/><V48/><F48/><W8/><G108/><T131/><D131/><U128/><E93/><N who="2" m="56375" /><F73/><W133/><G129/><N who="1" m="49770" /><E123/><V120/><F120/><W94/><G133/><N who="1" m="51274" /><E0/><V54/><F54/><W111/><G111/><T118/><D104/><U57/><E57/><V91/><F91/><W99/><G94/><T110/><D110/><U15/><E15/><V32/><F32/><W60/><G99/><T53/><D53/><U116/><E116/><V18/><F18/><W134/><G134/><T70/><D118/><U124/><E124/><V45/><F45/><W26/><G71/><T121/><D70/><U98/><E98/><V22/><F22/><W40/><G8/><T52/><D55/><U85/><E85/><V6/><F6/><W2/><G40/><T25/><D121/><U59/><E59/><V67/><F67/><W43/><G43/><T35/><D35/><U47/><E47/><V119/><F119/><W9/><G9/><T78/><D17/><U23/><E34/><V126/><F126/><W102/><G64/><T92/><D75/><U81/><E81/><AGARI ba="3,5" hai="1,5,10,28,30,39,42,46,74,76,81" m="56375" machi="81" ten="30,2900,0" yaku="25,1,52,1" doraHai="77" who="2" fromWho="1" sc="238,0,188,-38,251,88,273,0" />
</Scene>
<Scene>
<INIT seed="2,4,0,3,2,11" ten="238,150,339,273" oya="2" hai0="109,89,90,117,25,135,15,31,106,0,73,52,23" hai1="27,41,101,47,123,18,69,82,67,13,93,19,38" hai2="132,112,20,108,92,58,95,68,134,21,126,3,115" hai3="64,84,1,32,22,35,37,9,40,91,83,116,127"/><V79/><F68/><W81/><G116/><T61/><D0/><U14/><E123/><V80/><F3/><W133/><G64/><T44/><D73/><U55/><E82/><V4/><F4/><W28/><G37/><T99/><D117/><U128/><E128/><V125/><F58/><W98/><G40/><T118/><D118/><U29/><E55/><V124/><F108/><W53/><G53/><T107/><D109/><U48/><E38/><V75/><F20/><W12/><G1/><T111/><D111/><U110/><E110/><V78/><F78/><W5/><G127/><T77/><D77/><U129/><E129/><V39/><F21/><W131/><G131/><T65/><D135/><N who="2" m="51754" /><F39/><W72/><G133/><T100/><D107/><U8/><E69/><V105/><F105/><W6/><G6/><T70/><REACH who="0" step="1"/><D15/><REACH who="0" ten="228,150,339,273" step="2"/><N who="1" m="5643" /><E67/><V17/><F17/><N who="1" m="6153" /><E8/><V87/><F75/><W130/><G72/><T76/><D76/><U56/><E56/><V122/><F122/><W26/><G130/><T113/><D113/><AGARI ba="4,1" hai="79,80,87,92,95,112,113,115,124,125,126" m="51754" machi="113" ten="40,12000,1" yaku="18,1,20,1,34,2" doraHai="11" who="2" fromWho="0" sc="228,-132,150,0,339,142,273,0" />
</Scene>
<Scene>
<INIT seed="2,5,0,2,5,117" ten="96,150,481,273" oya="2" hai0="34,96,17,90,95,46,62,82,38,64,41,9,1" hai1="115,87,100,92,129,56,54,97,52,119,7,68,44" hai2="127,134,86,91,125,31,123,26,74,118,18,23,102" hai3="83,33,5,10,48,93,47,2,61,130,6,116,112"/><V128/><F74/><W72/><G116/><T4/><D34/><U63/><E119/><V22/><F118/><W39/><G33/><T104/><D104/><U120/><E115/><V73/><F73/><W60/><G112/><T85/><D17/><U27/><E129/><V76/><F76/><N who="3" m="44423" /><G130/><T69/><REACH who="0" step="1"/><D82/><REACH who="0" ten="86,150,481,273" step="2"/><U8/><E68/><V107/><F128/><W75/><G6/><T132/><D132/><U15/><E27/><V14/><F134/><W111/><G5/><T32/><D32/><U35/><E35/><V16/><F18/><W135/><G135/><T131/><D131/><U13/><E13/><V25/><F14/><W121/><G2/><T94/><D94/><U30/><E30/><V70/><F107/><W58/><G93/><T78/><D78/><U55/><E87/><AGARI ba="5,1" hai="1,4,9,38,41,46,62,64,69,85,87,90,95,96" machi="87" ten="40,2600,0" yaku="1,1,53,1" doraHai="117" doraHaiUra="84" who="0" fromWho="1" sc="86,51,150,-41,481,0,273,0" />
</Scene>
<Scene>
<INIT seed="3,0,0,0,2,79" ten="137,109,481,273" oya="3" hai0="99,28,21,118,131,81,67,3,124,40,90,41,61" hai1="126,54,13,107,129,65,8,88,26,97,23,72,53" hai2="7,105,114,4,78,52,29,134,11,33,94,39,71" hai3="84,69,117,35,42,120,36,56,130,12,115,17,110"/><W108/><G115/><T38/><D118/><U75/><E126/><V80/><F105/><W100/><G69/><T125/><D3/><U132/><E65/><V109/><F71/><W27/><G117/><T15/><D131/><U44/><E129/><V50/><F114/><W25/><G130/><T64/><D38/><U83/><E132/><V10/><F39/><W112/><G112/><T46/><D46/><U122/><E122/><V19/><F29/><W133/><G120/><T2/><D2/><U128/><E128/><V30/><F30/><W45/><G100/><T49/><D49/><N who="1" m="28839" /><E54/><V60/><F60/><W18/><G133/><T55/><D55/><U0/><E0/><V43/><F33/><W98/><G98/><T73/><D73/><U9/><E9/><V37/><F19/><W24/><G35/><T20/><D67/><U16/><E97/><V93/><F43/><W111/><G56/><T95/><D41/><U113/><E107/><V127/><F37/><W47/><G47/><T14/><D40/><U82/><E82/><V34/><F34/><W103/><G103/><T101/><D81/><U63/><E63/><V135/><F127/><N who="0" m="48714" /><D101/><U57/><E57/><V102/><F102/><W92/><G12/><T31/><D15/><U58/><E58/><N who="2" m="33047" /><F135/><W22/><G22/><N who="0" m="8811" /><D14/><U32/><E113/><V87/><F134/><W68/><G68/><AGARI ba="0,0" hai="28,31,61,64,68,90,95,99" m="8811,48714" machi="68" ten="30,1000,0" yaku="18,1" doraHai="79" who="0" fromWho="3" sc="137,10,109,0,481,0,273,-10" />
</Scene>
<Scene>
<INIT seed="4,0,0,3,4,69" ten="147,109,481,263" oya="0" hai0="25,60,31,79,29,26,131,57,27,64,124,112,54" hai1="51,49,45,101,121,114,125,36,73,76,93,105,109" hai2="120,118,95,83,21,132,80,116,4,62,85,91,7" hai3="107,10,113,37,94,128,3,11,102,56,75,89,28"/><T104/><D104/><U0/><E121/><V66/><F120/><W123/><G75/><T44/><D112/><U78/><E109/><V90/><F21/><W133/><G123/><T86/><D124/><U35/><E125/><V92/><F132/><W15/><G28/><N who="0" m="10827" /><D131/><U88/><E35/><V87/><F62/><W59/><G133/><T111/><D111/><U2/><E114/><V65/><AGARI ba="0,0" hai="4,7,65,66,80,83,85,87,90,91,92,95,116,118" machi="65" ten="25,3200,0" yaku="0,1,22,2" doraHai="69" who="2" fromWho="2" sc="147,-16,109,-8,481,32,263,-8" />
</Scene>
<Scene>
<INIT seed="5,0,0,3,4,67" ten="131,101,513,255" oya="1" hai0="11,49,88,32,27,0,42,62,25,130,98,75,56" hai1="16,69,14,15,107,24,94,1,83,101,43,100,40" hai2="45,57,18,6,51,131,23,91,115,29,3,108,104" hai3="82,103,33,114,97,118,19,90,52,2,61,7,126"/><U74/><E1/><V135/><F104/><W80/><G33/><T60/><D75/><U120/><E120/><V36/><F29/><W54/><G7/><T76/><D76/><U39/><E107/><V123/><F36/><W46/><G2/><T53/><D130/><U92/><E69/><V38/><F38/><W127/><G114/><T63/><D32/><U34/><E34/><V72/><F6/><W86/><G118/><T58/><D0/><U68/><E68/><V44/><F72/><W20/><G80/><T95/><D42/><N who="1" m="15915" /><E74/><V99/><F3/><W81/><G81/><T116/><D116/><U84/><E39/><V47/><F115/><W79/><G79/><T70/><D70/><U65/><E65/><V113/><F131/><W59/><G46/><T133/><D133/><U132/><E24/><N who="0" m="9289" /><D11/><N who="1" m="6239" /><E15/><V48/><F135/><W37/><G37/><T117/><D117/><U129/><E129/><V12/><F113/><W125/><G20/><T110/><D110/><U105/><E105/><V134/><F108/><W41/><G41/><T50/><D50/><U55/><E55/><AGARI ba="0,0" hai="49,53,55,56,58,60,62,63,88,95,98" m="9289" machi="55" ten="30,2000,0" yaku="8,1,54,1" doraHai="67" who="0" fromWho="1" sc="131,20,101,-20,513,0,255,0" />
</Scene>
<Scene>
<INIT seed="6,0,0,1,1,133" ten="151,81,513,255" oya="2" hai0="46,107,7,21,45,100,60,23,97,111,39,92,93" hai1="10,4,42,81,33,91,32,53,87,98,72,51,44" hai2="19,50,122,83,65,41,113,36,126,54,20,115,112" hai3="101,84,47,17,125,123,75,103,29,63,6,88,118"/><V15/><F122/><W114/><G123/><T89/><D111/><U57/><E72/><V73/><F65/><W59/><G75/><T24/><D39/><U5/><E98/><V96/><F96/><W108/><G118/><T8/><D60/><U40/><E40/><V25/><F41/><W124/><G108/><T67/><D67/><U71/><E71/><V35/><F36/><W94/><G114/><T116/><D116/><U28/><E28/><V99/><F99/><W12/><G29/><N who="0" m="17551" /><D107/><U79/><E91/><V9/><F35/><W119/><G6/><T52/><D23/><U106/><E106/><V77/><F54/><N who="3" m="34295" /><G47/><T109/><D109/><U66/><E66/><V30/><F50/><W135/><G135/><T62/><D8/><U131/><E131/><V34/><F34/><W31/><G31/><T1/><D7/><U13/><REACH who="1" step="1"/><E4/><REACH who="1" ten="151,71,513,255" step="2"/><N who="2" m="3495" /><F30/><W104/><G104/><T18/><D97/><U130/><E130/><V58/><F58/><W55/><G119/><T48/><D52/><U86/><E86/><V2/><F2/><W80/><G55/><T37/><D1/><U120/><E120/><V127/><AGARI ba="0,1" hai="19,20,25,73,77,83,112,113,115,126,127" m="3495" machi="127" ten="40,7800,0" yaku="15,1,52,2" doraHai="133" who="2" fromWho="2" sc="151,-26,71,-26,513,88,255,-26" />
</Scene>
<Scene>
<INIT seed="6,1,0,1,5,21" ten="125,45,601,229" oya="2" hai0="7,54,11,75,113,120,114,49,27,9,43,63,119" hai1="60,59,40,3,77,84,87,0,89,15,85,55,112" hai2="93,74,57,70,19,67,66,102,16,31,29,44,97" hai3="58,5,18,101,24,88,35,71,126,133,117,8,95"/><V104/><F74/><W76/><G71/><T108/><D120/><U25/><E112/><N who="0" m="43113" /><D108/><U131/><E131/><V1/><F1/><W42/><G117/><T12/><D119/><U111/><E111/><V105/><F70/><W82/><G126/><T115/><D115/><U73/><E15/><V127/><F127/><W128/><G133/><T81/><D11/><U32/><E0/><V46/><F105/><W26/><G42/><T124/><D124/><U80/><E3/><V14/><F104/><W86/><G128/><T110/><D110/><U45/><E89/><V98/><F57/><W134/><G35/><T69/><D43/><U20/><E32/><V17/><F14/><N who="3" m="7495" /><G101/><T34/><D63/><U37/><REACH who="1" step="1"/><E73/><REACH who="1" ten="125,35,601,229" step="2"/><V38/><F102/><W83/><G134/><T90/><D90/><U135/><E135/><V78/><F78/><W52/><G5/><T107/><D75/><U72/><E72/><V48/><F98/><N who="3" m="57703" /><G82/><T96/><D81/><U61/><E61/><AGARI ba="1,1" hai="24,26,52,58,61,76,83,86" m="57703,7495" machi="61" ten="30,8000,1" yaku="8,1,52,2,54,2" doraHai="21" who="3" fromWho="1" sc="125,0,35,-83,601,0,229,93" owari="125,-27.0,-48,-55.0,601,70.0,322,12.0" />
</Scene>
</mjloggm>