<mjloggm ver="2.3"><GO type="169" lobby="0"/><UN n0="%E3%83%87%E3%82%B8%E3%82%BF%E3%83%AB%E4%BB%99%E4%BA%BA" n1="%E5%A4%AA%E3%81%8F%E3%81%AA%E3%81%84%E3%81%8A" n2="%E4%BA%9B%E6%B8%A1%E3%82%92%E8%B6%85%E3%81%88%E3%82%8B%E8%80%85" n3="%E6%AF%94%E5%98%89%E7%A7%80%E4%BB%81" dan="19,18,16,18" rate="2241.49,2243.99,2101.68,2180.05" sx="F,F,F,M"/><TAIKYOKU oya="0"/>

<Scene>
<INIT seed="0,0,0,4,0,34" ten="250,250,250,250" oya="0" hai0="68,44,6,45,108,69,71,24,135,75,132,55,13" hai1="0,80,70,106,89,118,127,86,58,112,31,102,128" hai2="3,107,53,62,33,111,40,133,29,120,104,113,123" hai3="96,18,116,81,32,27,26,43,130,5,14,97,101"/><T98/><D75/><U126/><E70/><V78/><F113/><W99/><G116/><T30/><D98/><N who="1" m="61783" /><E31/><V109/><F133/><N who="0" m="51274" /><D55/><U7/><E58/><N who="2" m="35151" /><F3/><W56/><G130/><T90/><D90/><U103/><E118/><V125/><F78/><W76/><G101/><T122/><D122/><N who="2" m="46634" /><F40/><W79/><G5/><T119/><D119/><U50/><E128/><V8/><F8/><W16/><G43/><T11/><D108/><N who="2" m="41546" /><F125/><W28/><G27/><AGARI ba="0,0" hai="27,29,33,104,107" m="41546,46634,35151" machi="27" ten="30,1000,0" yaku="14,1" doraHai="34" who="2" fromWho="3" sc="250,0,250,0,250,10,250,-10" />
</Scene>
<Scene>
<INIT seed="1,0,0,4,4,41" ten="250,250,260,240" oya="1" hai0="12,34,26,61,109,17,131,46,90,45,122,47,27" hai1="77,103,110,18,29,107,23,69,76,7,129,51,93" hai2="95,71,114,81,132,2,16,65,100,21,59,115,20" hai3="39,43,123,25,85,98,68,13,91,56,54,4,108"/><U99/><E69/><V87/><F2/><W63/><G108/><T117/><D117/><U126/><E126/><V89/><F71/><W11/><G123/><T36/><D36/><U101/><E129/><V112/><F132/><W78/><G68/><T73/><D73/><U10/><E29/><V120/><F120/><W57/><G56/><T106/><D122/><U88/><E110/><V133/><F133/><W118/><G118/><T92/><D106/><U44/><E10/><V82/><F100/><N who="1" m="38473" /><E7/><V80/><REACH who="2" step="1"/><F16/><REACH who="2" ten="250,250,250,240" step="2"/><W102/><G25/><T75/><D109/><U55/><E107/><V5/><F5/><W134/><G134/><T49/><D26/><AGARI ba="0,1" hai="18,23,26,44,51,55,76,77,88,93,99" m="38473" machi="26" ten="30,5800,0" yaku="8,1,52,1,54,1" doraHai="41" who="1" fromWho="0" sc="250,-58,250,68,250,0,240,0" />
</Scene>
<Scene>
<INIT seed="1,1,0,3,5,114" ten="192,318,250,240" oya="1" hai0="116,127,14,66,23,51,9,53,47,70,19,55,18" hai1="107,94,64,80,110,32,111,115,82,42,56,96,31" hai2="6,112,28,36,84,50,68,92,13,86,40,109,90" hai3="108,78,10,105,83,72,65,38,81,132,128,133,118"/><U106/><E42/><V29/><F68/><W131/><G38/><T123/><D127/><U130/><E32/><V125/><F36/><W34/><G34/><T62/><D123/><U16/><E31/><V33/><F33/><W41/><G41/><T122/><D122/><U30/><E30/><V22/><F125/><W2/><G65/><T74/><D74/><U113/><E64/><V44/><F112/><N who="1" m="43081" /><E56/><V124/><F124/><W120/><G120/><T79/><D79/><U49/><E49/><V93/><F109/><N who="1" m="41481" /><E16/><N who="2" m="10511" /><F6/><N who="3" m="1367" /><G108/><T97/><D55/><U95/><E130/><N who="3" m="49706" /><G83/><N who="1" m="31786" /><E95/><V35/><F35/><W119/><G105/><T126/><D126/><U121/><E121/><V20/><F20/><W45/><G45/><T63/><D47/><U25/><E25/><V48/><F48/><W24/><G24/><T100/><D51/><U52/><E52/><V101/><F29/><W3/><G3/><T117/><D53/><U1/><E1/><V77/><F28/><W104/><G104/><T46/><D46/><U7/><E7/><V60/><F60/><W73/><G73/><T134/><D63/><U54/><E54/><V129/><F129/><W8/><G8/><T17/><D62/><U103/><AGARI ba="1,0" hai="94,96,103,106,107" m="31786,41481,43081" machi="103" ten="40,12000,1" yaku="14,1,10,1,34,2" doraHai="114" who="1" fromWho="1" sc="192,-41,318,123,250,-41,240,-41" />
</Scene>
<Scene>
<INIT seed="1,2,0,3,1,125" ten="151,441,209,199" oya="1" hai0="13,15,40,80,52,116,65,31,76,51,78,117,43" hai1="94,90,107,82,115,93,133,99,104,79,1,98,6" hai2="57,12,18,84,135,72,123,101,88,71,130,32,63" hai3="119,4,126,134,100,0,118,53,59,112,27,5,74"/><U2/><E6/><V96/><F123/><W83/><G112/><T85/><D65/><U114/><E133/><V77/><F32/><W48/><G134/><T10/><D31/><U106/><E1/><V54/><F135/><W56/><G126/><T16/><D78/><U34/><E2/><V102/><F71/><W21/><G100/><T97/><D117/><U75/><E34/><V110/><F110/><W24/><G59/><N who="0" m="33183" /><D116/><N who="3" m="44585" /><G0/><T132/><D132/><U25/><E25/><N who="3" m="9802" /><G21/><N who="0" m="11407" /><D97/><U36/><REACH who="1" step="1"/><E36/><REACH who="1" ten="151,431,209,199" step="2"/><V87/><F72/><W47/><G5/><AGARI ba="2,1" hai="5,10,15,40,43,76,80,85" m="11407,33183" machi="5" ten="30,3900,0" yaku="8,1,54,2" doraHai="125" who="0" fromWho="3" sc="151,55,431,0,209,0,199,-45" />
</Scene>
<Scene>
<INIT seed="2,0,0,5,3,42" ten="206,431,209,154" oya="2" hai0="33,18,61,81,71,102,129,59,119,79,14,6,44" hai1="22,36,123,63,133,135,78,19,124,93,16,64,45" hai2="77,7,88,69,40,31,128,55,43,99,96,3,9" hai3="90,89,53,80,28,112,109,50,83,26,4,70,98"/><V120/><F120/><W12/><G109/><T1/><D71/><N who="1" m="42399" /><E123/><V95/><F69/><W76/><G70/><T86/><D33/><U32/><E32/><V62/><F128/><W41/><G41/><T106/><D129/><U117/><E117/><V131/><F131/><W0/><G0/><T85/><D119/><U105/><E105/><V91/><F77/><W68/><G68/><T37/><D6/><U107/><E107/><V2/><F2/><W104/><G112/><T23/><D1/><U75/><E124/><V108/><F108/><W125/><G83/><T72/><D102/><U66/><E66/><V39/><F39/><W130/><G130/><T54/><D106/><U58/><E58/><V103/><F31/><W84/><G98/><T13/><D14/><U127/><E93/><V113/><F113/><W38/><G38/><T11/><D23/><U29/><E29/><V82/><F91/><W8/><G104/><T111/><D111/><U97/><E97/><V100/><F100/><W34/><REACH who="3" step="1"/><G125/><REACH who="3" ten="206,431,209,144" step="2"/><T74/><D37/><U21/><E127/><V134/><F82/><W30/><G30/><T87/><D74/><U92/><E75/><V17/><F43/><W49/><G49/><N who="0" m="28967" /><D72/><U116/><E36/><V115/><F115/><W110/><G110/><T46/><D81/><U60/><E116/><V73/><F73/><W15/><G15/><T47/><D79/><U132/><E78/><V51/><F3/><W94/><G94/><T52/><AGARI ba="0,1" hai="11,13,18,46,47,52,59,61,85,86,87" m="28967" machi="52" ten="30,8000,1" yaku="8,1,52,3,54,1" doraHai="42" who="0" fromWho="0" sc="206,90,431,-20,209,-40,144,-20" />
</Scene>
<Scene>
<INIT seed="3,0,0,1,1,60" ten="296,411,169,124" oya="3" hai0="98,112,92,45,125,81,40,83,51,29,94,38,99" hai1="67,56,39,63,134,14,124,102,123,73,24,77,58" hai2="117,10,110,17,28,71,97,37,87,122,33,108,26" hai3="15,88,130,32,105,111,27,80,16,18,90,103,101"/><W22/><G130/><T76/><D112/><U19/><E123/><V93/><F37/><W23/><G32/><T132/><D38/><U21/><E39/><V31/><F122/><W53/><G105/><T61/><D132/><U12/><E134/><V127/><F117/><W64/><G64/><T116/><D116/><U11/><E124/><V20/><F127/><W100/><G111/><N who="2" m="42537" /><F71/><W114/><G114/><T107/><D107/><U104/><E73/><V89/><F10/><W42/><G42/><T50/><D29/><N who="2" m="11338" /><F33/><W72/><REACH who="3" step="1"/><G53/><REACH who="3" ten="296,411,169,114" step="2"/><T13/><D125/><U91/><E104/><V78/><F78/><AGARI ba="0,1" hai="15,16,18,22,23,27,72,78,80,88,90,100,101,103" machi="78" ten="40,12000,1" yaku="1,1,2,1,54,2,53,0" doraHai="60" doraHaiUra="65" who="3" fromWho="2" sc="296,0,411,0,169,-120,114,130" />
</Scene>
<Scene>
<INIT seed="3,1,0,0,1,57" ten="296,411,49,244" oya="3" hai0="43,128,62,104,106,108,24,110,79,30,66,6,59" hai1="122,107,28,103,69,94,49,72,13,100,113,114,67" hai2="76,116,64,73,11,134,133,54,39,124,74,126,60" hai3="87,33,20,98,29,38,90,53,111,56,129,7,131"/><W75/><G38/><T0/><D128/><N who="3" m="49225" /><G33/><T68/><D79/><U50/><E72/><N who="2" m="27755" /><F76/><W112/><G75/><T51/><D6/><U123/><E107/><V117/><F39/><W19/><G112/><T10/><D10/><U82/><E82/><V45/><F11/><W9/><G29/><T35/><D0/><U120/><E28/><V5/><F5/><W3/><G98/><T115/><D115/><U17/><E114/><V88/><F88/><W125/><G125/><N who="2" m="48233" /><F54/><W83/><G111/><N who="0" m="42539" /><D43/><U22/><E113/><V32/><F45/><W127/><G127/><T109/><D109/><U77/><E77/><V23/><F23/><W102/><G102/><T36/><D36/><U2/><E103/><V105/><F105/><N who="0" m="40554" /><D51/><U8/><E100/><V99/><F99/><W86/><G86/><T25/><D25/><U71/><E50/><V21/><F32/><W12/><G53/><T101/><D101/><U61/><E122/><V41/><F41/><W65/><G65/><T34/><D34/><U42/><E120/><V85/><F21/><W135/><G56/><AGARI ba="1,0" hai="24,30,35,56,59,62,66,68" m="40554,42539" machi="56" ten="30,2000,0" yaku="14,1,52,1" doraHai="57" who="0" fromWho="3" sc="296,23,411,0,49,0,244,-23" />
</Scene>
<Scene>
<INIT seed="4,0,0,1,3,22" ten="319,411,49,221" oya="0" hai0="43,86,24,130,96,53,21,95,98,29,31,82,132" hai1="62,60,126,61,34,12,81,110,118,49,66,83,129" hai2="93,102,74,135,52,104,65,38,127,32,103,45,50" hai3="63,6,1,14,48,0,73,57,88,89,76,111,8"/><T91/><D132/><U125/><E110/><V120/><F120/><W9/><G111/><T33/><D130/><U115/><E118/><V78/><F104/><W19/><G1/><T46/><D53/><U94/><E66/><V119/><F135/><W5/><G5/><T122/><D122/><U10/><E34/><V37/><F119/><W99/><G99/><T123/><D123/><U92/><E129/><V133/><F133/><W85/><G73/><T67/><D67/><U79/><E115/><V26/><F127/><N who="1" m="48649" /><E49/><V87/><F65/><W77/><G48/><T72/><D72/><N who="1" m="43239" /><E83/><V106/><F74/><W128/><G89/><T39/><D82/><U134/><E134/><V47/><F106/><W56/><G128/><T75/><D75/><U107/><E107/><V28/><F78/><W40/><G40/><T27/><AGARI ba="0,0" hai="21,24,27,29,31,33,39,43,46,86,91,95,96,98" machi="27" ten="30,6000,0" yaku="0,1,52,2" doraHai="22" who="0" fromWho="0" sc="319,60,411,-20,49,-20,221,-20" />
</Scene>
<Scene>
<INIT seed="4,1,0,4,0,30" ten="379,391,29,201" oya="0" hai0="89,24,96,5,1,75,97,46,124,58,122,43,104" hai1="19,132,28,49,117,103,8,101,57,37,135,51,47" hai2="15,18,118,64,127,131,98,39,63,100,56,125,95" hai3="113,71,72,67,33,44,73,85,35,121,40,120,42"/><T10/><D122/><N who="3" m="47209" /><G113/><T6/><D124/><U94/><E117/><V116/><F39/><N who="3" m="21535" /><G42/><T34/><D6/><U99/><E28/><V70/><F70/><W38/><G85/><T78/><D58/><U3/><E37/><V23/><REACH who="2" step="1"/><F131/><REACH who="2" ten="379,391,19,201" step="2"/><W12/><G38/><N who="0" m="21879" /><D104/><U9/><E132/><V83/><F83/><W106/><G106/><T7/><D7/><U80/><E80/><V81/><F81/><W128/><G128/><T86/><D5/><U16/><E135/><V25/><F25/><W0/><G0/><T50/><D24/><U74/><E3/><V55/><F55/><W31/><G12/><T115/><D1/><U123/><E123/><V114/><F114/><W52/><G52/><T61/><D115/><U111/><E111/><V2/><F2/><W88/><G31/><T107/><D107/><U48/><E19/><V4/><F4/><W129/><G129/><T14/><D14/><U60/><E16/><V119/><AGARI ba="1,1" hai="15,18,23,56,63,64,95,98,100,116,118,119,125,127" machi="119" ten="40,5200,0" yaku="1,1,0,1,12,1,53,0" doraHai="30" doraHaiUra="79" who="2" fromWho="2" sc="379,-27,391,-14,19,65,201,-14" />
</Scene>
<Scene>
<INIT seed="5,0,0,0,1,117" ten="352,377,84,187" oya="1" hai0="123,128,101,119,20,35,116,17,103,46,45,125,97" hai1="42,72,6,64,112,67,129,92,78,10,124,135,108" hai2="51,19,18,37,126,34,32,81,27,75,30,111,36" hai3="76,15,4,87,54,53,22,31,102,13,106,58,118"/><U79/><E112/><V26/><F111/><W95/><G106/><T57/><D35/><U105/><E105/><V121/><F121/><W50/><G118/><T2/><D2/><U107/><E107/><V62/><F126/><W12/><G4/><T24/><D125/><U44/><E124/><V77/><F62/><W122/><G54/><T110/><D110/><U91/><E108/><V47/><F34/><W56/><G56/><T133/><D119/><U132/><E129/><V9/><F9/><W120/><G102/><T65/><D128/><U85/><E64/><V90/><F90/><W127/><G127/><T7/><D7/><U113/><E67/><V63/><F63/><W70/><G70/><T14/><D116/><U82/><E79/><V134/><F134/><W84/><G87/><T21/><D133/><U60/><E60/><V98/><F98/><W86/><G86/><T104/><D103/><U52/><E113/><V33/><F33/><W109/><G109/><T96/><D96/><U80/><E80/><V89/><F89/><W48/><G48/><T61/><REACH who="0" step="1"/><D123/><REACH who="0" ten="342,377,84,187" step="2"/><U93/><E135/><V11/><F32/><W74/><G122/><T100/><D100/><U23/><E132/><V66/><F36/><W40/><G120/><T130/><D130/><U131/><E131/><V43/><F37/><W25/><G76/><T71/><D71/><U114/><E78/><V49/><F77/><W38/><G38/><T29/><AGARI ba="0,1" hai="14,17,20,21,24,29,45,46,57,61,65,97,101,104" machi="29" ten="20,2700,0" yaku="1,1,0,1,7,1,53,0" doraHai="117" doraHaiUra="88" who="0" fromWho="0" sc="342,37,377,-13,84,-7,187,-7" />
</Scene>
<Scene>
<INIT seed="6,0,0,3,3,50" ten="379,364,77,180" oya="2" hai0="67,117,11,69,19,135,93,112,42,29,63,52,111" hai1="56,44,54,4,78,13,124,131,55,118,36,76,20" hai2="10,39,87,7,65,24,113,123,108,81,0,127,90" hai3="41,75,22,37,45,71,48,73,79,105,18,126,99"/><V85/><F123/><W66/><G126/><T21/><D111/><U86/><E124/><V8/><F39/><W62/><G79/><T97/><D42/><U107/><E118/><V14/><F127/><W119/><G119/><T72/><D72/><U125/><E125/><V114/><F108/><W53/><G99/><T28/><D112/><N who="2" m="43114" /><F65/><W82/><G82/><T80/><D135/><U59/><E107/><V103/><F103/><W33/><G33/><T134/><D134/><U5/><E131/><V120/><F120/><W1/><G1/><T95/><D11/><U70/><E70/><V109/><F109/><W6/><G6/><N who="1" m="2666" /><E36/><V94/><F24/><W104/><G104/><T35/><D117/><U91/><E44/><V12/><F10/><W116/><G116/><T130/><D130/><U40/><E40/><V98/><F98/><W51/><G51/><T15/><D97/><U16/><E59/><V74/><F74/><W128/><G128/><T122/><D122/><U46/><E46/><V58/><F58/><N who="3" m="33063" /><G105/><T102/><D69/><U84/><E84/><V2/><F2/><W129/><G129/><T101/><D101/><U23/><E23/><V30/><F30/><W34/><G34/><T121/><D102/><U77/><E56/><V100/><F100/><W31/><G31/><T133/><D35/><U83/><AGARI ba="0,0" hai="13,16,20,54,55,76,77,78,83,86,91" m="2666" machi="83" ten="30,7900,0" yaku="8,1,52,2,54,1" doraHai="50" who="1" fromWho="1" sc="379,-20,364,79,77,-39,180,-20" />
</Scene>
<Scene>
<INIT seed="7,0,0,0,5,48" ten="359,443,38,160" oya="3" hai0="60,127,69,112,18,26,84,25,35,126,39,55,118" hai1="62,95,7,83,101,96,64,107,120,4,80,19,111" hai2="50,129,97,42,8,27,29,121,14,36,94,22,88" hai3="15,21,20,86,44,57,63,56,17,106,81,34,47"/><W53/><G106/><T65/><D118/><U23/><E111/><V43/><F129/><W115/><G34/><T119/><D119/><U11/><E120/><V78/><F36/><W9/><G115/><T90/><D39/><U3/><E107/><V89/><F121/><W5/><G57/><T46/><D112/><U132/><E132/><V125/><F125/><W74/><G74/><T110/><D110/><U59/><E7/><V32/><F78/><W82/><G82/><T93/><D18/><U117/><E117/><V133/><F133/><W128/><G21/><T66/><D66/><U122/><E122/><V31/><F32/><W113/><G113/><T2/><D2/><U61/><E61/><V114/><F114/><W102/><G102/><T105/><D105/><U99/><E99/><V103/><F31/><W72/><G72/><T38/><D35/><U52/><E64/><V49/><F43/><W135/><G135/><T13/><D13/><AGARI ba="0,0" hai="3,4,11,13,19,23,52,59,62,80,83,95,96,101" machi="13" ten="30,3900,0" yaku="7,1,52,1,54,1" doraHai="48" who="1" fromWho="0" sc="359,-39,443,39,38,0,160,0" owari="320,12.0,482,58.0,38,-46.0,160,-24.0" />
</Scene>
</mjloggm>