<mjloggm ver="2.3"><GO type="169" lobby="0"/><UN n0="%E3%82%AB%E3%83%AA%E3%82%B9%E3%83%9E%E2%91%A8" n1="%E5%A4%AA%E3%81%8F%E3%81%AA%E3%81%84%E3%81%8A" n2="%E8%B7%AF%E5%9C%B0%E8%A3%8F%E3%81%AE%E3%81%B2%E3%81%BE%E3%82%8F%E3%82%8A" n3="%E3%81%9F%E3%81%98%E3%81%BE%E3%81%AA%E3%81%BF" dan="16,18,17,16" rate="2063.70,2262.75,2178.39,2133.56" sx="F,F,M,F"/><TAIKYOKU oya="0"/>

<Scene>
<INIT seed="0,0,0,0,0,60" ten="250,250,250,250" oya="0" hai0="63,78,120,39,52,40,72,33,50,121,74,54,118" hai1="127,48,104,122,12,30,132,86,124,94,35,29,130" hai2="113,73,75,68,128,3,114,106,66,1,51,109,0" hai3="102,84,28,129,31,15,34,123,24,70,46,87,90"/><T14/><D33/><U32/><E104/><V11/><F51/><W67/><G129/><T64/><D14/><U71/><E71/><V45/><F11/><W112/><G112/><N who="2" m="43113" /><F45/><W59/><G123/><N who="0" m="47179" /><D78/><U53/><E122/><V98/><F109/><W27/><G102/><T26/><D26/><U82/><E12/><V13/><F13/><W80/><G15/><T23/><D23/><U77/><E130/><V58/><F58/><W7/><G7/><T61/><D74/><U5/><E5/><V4/><F4/><W89/><G70/><N who="0" m="42255" /><D72/><U108/><E32/><V41/><F128/><W134/><G134/><T2/><D2/><U96/><E132/><V19/><F19/><W10/><G10/><T135/><D135/><U100/><E35/><V117/><F75/><W55/><G46/><N who="0" m="23839" /><D118/><U76/><E29/><V42/><F73/><W107/><G28/><T79/><D79/><U25/><E76/><V69/><F117/><W92/><G27/><T99/><D99/><U91/><E77/><V17/><F17/><W21/><G34/><T56/><D50/><U85/><E25/><V62/><F98/><W119/><G119/><T65/><AGARI ba="0,0" hai="52,54,56,63,65" m="23839,42255,47179" machi="65" ten="30,12000,1" yaku="34,2,52,2,54,1" doraHai="60" who="0" fromWho="0" sc="250,120,250,-40,250,-40,250,-40" />
</Scene>
<Scene>
<INIT seed="0,1,0,4,2,22" ten="370,210,210,210" oya="0" hai0="8,90,119,39,107,99,67,87,27,51,83,82,78" hai1="29,79,109,133,38,31,74,23,43,36,98,105,73" hai2="14,135,126,130,134,108,81,113,68,11,15,131,125" hai3="94,97,110,20,85,30,34,47,72,111,1,46,52"/><T66/><D39/><U35/><E23/><V63/><F113/><W100/><G72/><T114/><D114/><U40/><E109/><V62/><F108/><W102/><G1/><T2/><D119/><U93/><E105/><V104/><F81/><W96/><G34/><T41/><D2/><U129/><E79/><V19/><F15/><W86/><G110/><T69/><D8/><U53/><E93/><V92/><F92/><W50/><G47/><T17/><D69/><U56/><E98/><V6/><F6/><W95/><G111/><T71/><D71/><U9/><E9/><V3/><F3/><W58/><G46/><N who="0" m="26063" /><D107/><U26/><E129/><N who="2" m="49163" /><F104/><W54/><G54/><T88/><D99/><U118/><E118/><V25/><F25/><AGARI ba="1,0" hai="20,25,30,50,52,58,85,86,94,95,96,97,100,102" machi="25" ten="40,8000,1" yaku="9,1,8,1,52,1,54,1" doraHai="22" who="3" fromWho="2" sc="370,0,210,0,210,-83,210,83" />
</Scene>
<Scene>
<INIT seed="1,0,0,0,1,16" ten="370,210,127,293" oya="1" hai0="15,104,79,0,73,83,101,23,21,109,120,27,66" hai1="59,80,76,45,77,87,14,41,91,126,35,38,63" hai2="69,67,99,96,12,82,92,106,86,95,133,115,6" hai3="53,34,84,50,24,127,29,42,81,89,31,10,4"/><U72/><E126/><V11/><F133/><W32/><G127/><T112/><D0/><U68/><E35/><V58/><F115/><W5/><G42/><T3/><D3/><U135/><E135/><V13/><F106/><W1/><G5/><T132/><D112/><U18/><E68/><V131/><F69/><W100/><G100/><T44/><D132/><U51/><E38/><V121/><F121/><W9/><G9/><T48/><D66/><U30/><E30/><V40/><F40/><W54/><REACH who="3" step="1"/><G50/><REACH who="3" ten="370,210,127,283" step="2"/><T19/><D101/><U124/><E124/><V2/><F131/><W108/><G108/><T26/><D109/><U123/><E123/><V107/><F107/><W17/><G17/><T39/><D104/><U110/><E110/><V103/><F67/><W60/><G60/><T46/><D120/><U70/><E63/><V20/><F2/><W43/><G43/><T118/><D39/><U134/><E18/><N who="2" m="10319" /><F103/><W57/><G57/><T94/><D15/><U33/><E14/><V25/><F58/><W55/><G55/><T62/><D62/><U88/><E59/><V113/><F113/><W78/><G78/><T98/><D48/><U90/><E134/><V116/><F25/><AGARI ba="0,1" hai="1,4,10,24,25,29,31,32,34,53,54,81,84,89" machi="25" ten="40,5200,0" yaku="1,1,9,1,53,1" doraHai="16" doraHaiUra="7" who="3" fromWho="2" sc="370,0,210,0,127,-52,283,62" />
</Scene>
<Scene>
<INIT seed="2,0,0,5,1,120" ten="370,210,75,345" oya="2" hai0="89,110,72,81,61,76,11,4,34,92,85,130,27" hai1="105,117,60,115,40,68,26,83,74,82,56,111,13" hai2="77,19,9,42,100,64,113,132,36,53,75,50,87" hai3="133,104,67,118,126,128,57,37,122,55,43,39,114"/><V102/><F113/><W129/><G104/><T80/><D130/><U107/><E115/><V65/><F75/><W49/><G114/><T20/><D34/><U131/><E117/><V119/><F119/><W31/><G31/><T54/><D110/><U17/><E68/><V66/><F132/><W97/><G97/><T35/><D35/><U99/><E40/><V24/><F42/><W8/><G8/><T106/><D106/><U15/><E26/><V3/><F36/><N who="3" m="13899" /><G118/><T2/><D61/><U134/><E134/><V112/><F112/><W59/><G122/><T121/><D121/><U70/><E99/><V25/><F3/><W73/><G73/><T18/><D54/><U38/><E17/><V30/><F30/><W22/><G22/><T127/><D81/><U12/><E83/><N who="2" m="47599" /><F9/><W79/><G79/><T86/><REACH who="0" step="1"/><D127/><REACH who="0" ten="360,210,75,345" step="2"/><U84/><E105/><V33/><F33/><W125/><G133/><T103/><D103/><N who="2" m="39466" /><F19/><W90/><G125/><T91/><D91/><U123/><E107/><V96/><F96/><AGARI ba="0,1" hai="2,4,11,18,20,27,72,76,80,85,86,89,92,96" machi="96" ten="30,3900,0" yaku="1,1,7,1,53,1" doraHai="120" doraHaiUra="94" who="0" fromWho="2" sc="360,49,210,0,75,-39,345,0" />
</Scene>
<Scene>
<INIT seed="3,0,0,1,1,65" ten="409,210,36,345" oya="3" hai0="128,69,108,52,63,41,76,93,84,98,18,24,66" hai1="35,125,113,112,91,30,1,23,64,106,119,74,42" hai2="133,55,97,45,82,15,56,124,11,122,94,54,37" hai3="111,96,104,99,67,4,90,118,81,80,86,3,44"/><W48/><G3/><T57/><D108/><U109/><E74/><V115/><F115/><W62/><G4/><T13/><D41/><U85/><E106/><V121/><F124/><W70/><G118/><T21/><D128/><U47/><E1/><V58/><F133/><W131/><G131/><T127/><D127/><U20/><E125/><V46/><F82/><W32/><G32/><T75/><D75/><U92/><E109/><V25/><F25/><W110/><G81/><T43/><D43/><U123/><E123/><V0/><F0/><W9/><G9/><T8/><D84/><U95/><E119/><V60/><F37/><W29/><G29/><T134/><D134/><U33/><E64/><V16/><F122/><W100/><REACH who="3" step="1"/><G99/><REACH who="3" ten="409,210,36,335" step="2"/><T19/><D76/><U49/><E30/><V68/><F121/><W77/><G77/><T114/><D114/><U34/><E112/><V88/><REACH who="2" step="1"/><F68/><REACH who="2" ten="409,210,26,335" step="2"/><W72/><G72/><T130/><D130/><U12/><E113/><V14/><F14/><W31/><G31/><T28/><D28/><U5/><E34/><V59/><F59/><W83/><G83/><T10/><D10/><N who="1" m="4175" /><E35/><V50/><AGARI ba="0,2" hai="11,15,16,45,46,50,54,55,56,58,60,88,94,97" machi="50" ten="20,12000,2" yaku="1,1,0,1,7,1,8,1,54,2,53,0" doraHai="65" doraHaiUra="79" who="2" fromWho="2" sc="409,-30,210,-30,26,140,335,-60" />
</Scene>
<Scene>
<INIT seed="4,0,0,3,2,18" ten="379,180,166,275" oya="0" hai0="33,133,72,98,37,61,59,13,84,76,113,110,9" hai1="111,38,17,97,56,86,74,5,78,129,104,24,49" hai2="67,45,108,35,22,70,73,105,79,21,19,48,106" hai3="96,128,119,82,69,77,43,41,65,85,47,53,83"/><T122/><D37/><U30/><E111/><V7/><F108/><W124/><G119/><T120/><D33/><U134/><E38/><V92/><F35/><W36/><G128/><T81/><D110/><U26/><E74/><V1/><F1/><W42/><G124/><T15/><D113/><U62/><E5/><V102/><F7/><W57/><G96/><T90/><D133/><U101/><E129/><V3/><F3/><W14/><G65/><T99/><D122/><U125/><E125/><V58/><F70/><W132/><G69/><T94/><D120/><U64/><E134/><V16/><F73/><W39/><G39/><T51/><D51/><U55/><E17/><N who="2" m="6731" /><F79/><W80/><G14/><T23/><D9/><U25/><E78/><V130/><F106/><W50/><G132/><T116/><D116/><U28/><REACH who="1" step="1"/><E86/><REACH who="1" ten="379,170,166,275" step="2"/><V89/><F130/><W103/><G77/><T54/><D72/><U114/><E114/><V71/><F102/><W126/><G126/><T2/><D76/><U109/><E109/><V32/><F105/><W10/><G103/><T66/><D84/><U4/><E4/><V93/><F71/><AGARI ba="0,1" hai="24,25,26,28,30,49,55,56,62,64,71,97,101,104" machi="71" ten="40,1300,0" yaku="1,1,53,0" doraHai="18" doraHaiUra="11" who="1" fromWho="2" sc="379,0,170,23,166,-13,275,0" />
</Scene>
<Scene>
<INIT seed="5,0,0,0,5,3" ten="379,193,153,275" oya="1" hai0="115,89,76,110,128,129,96,14,12,15,135,80,21" hai1="28,62,51,53,102,44,61,4,133,108,95,113,47" hai2="64,79,109,22,58,9,37,99,30,82,31,10,55" hai3="70,103,94,46,112,25,17,105,132,11,6,123,52"/><U101/><E113/><V43/><F109/><W54/><G70/><T72/><D110/><U13/><E108/><V35/><F35/><W111/><G105/><T88/><D115/><U40/><E133/><V71/><F71/><W92/><G111/><T90/><D135/><U27/><E95/><V50/><F64/><W124/><G112/><T75/><D75/><U1/><E1/><V63/><F37/><W42/><G123/><T114/><D114/><U56/><E61/><V59/><F99/><W66/><G66/><T125/><D125/><U98/><E98/><V48/><F59/><W91/><G103/><T97/><D21/><N who="1" m="15471" /><E47/><N who="2" m="25727" /><F63/><W134/><G124/><T81/><D81/><U23/><E23/><V116/><F116/><W49/><G94/><T16/><D16/><U24/><E24/><N who="2" m="16663" /><F31/><W33/><G132/><T93/><REACH who="0" step="1"/><D97/><REACH who="0" ten="369,193,153,275" step="2"/><U26/><E26/><V7/><F82/><W0/><G134/><T20/><D20/><U77/><E77/><V68/><F79/><W74/><G74/><T83/><D83/><U120/><E120/><V2/><F68/><W18/><G18/><T69/><D69/><U67/><E67/><V127/><F127/><W87/><G17/><T73/><D73/><U38/><E38/><V86/><F86/><W78/><G78/><T57/><D57/><U84/><E84/><V131/><F58/><W121/><G121/><T41/><D41/><U126/><E126/><V36/><F36/><W8/><G25/><T19/><D19/><U122/><E122/><V32/><F32/><W119/><G33/><T130/><AGARI ba="0,1" hai="12,14,15,72,76,80,88,89,90,93,96,128,129,130" machi="130" ten="40,8000,1" yaku="1,1,0,1,19,1,54,1,53,0" doraHai="3" doraHaiUra="60" who="0" fromWho="0" sc="369,90,193,-40,153,-20,275,-20" />
</Scene>
<Scene>
<INIT seed="6,0,0,0,2,53" ten="459,153,133,255" oya="2" hai0="107,56,59,134,67,37,3,112,38,87,10,117,103" hai1="94,124,65,95,131,81,28,15,57,108,20,48,83" hai2="27,1,2,73,52,76,115,126,116,114,80,0,45" hai3="64,113,35,129,133,70,90,40,6,71,43,99,74"/><V121/><F116/><W58/><G74/><T106/><D87/><U110/><E124/><V123/><F126/><W135/><G35/><T41/><D10/><U32/><E32/><V49/><REACH who="2" step="1"/><F27/><REACH who="2" ten="459,153,123,255" step="2"/><W72/><G133/><T13/><D117/><U23/><E108/><V4/><F4/><W130/><G6/><T54/><D134/><U69/><E110/><V16/><F16/><W17/><G17/><T105/><D112/><AGARI ba="0,1" hai="0,1,2,45,49,52,73,76,80,112,114,115,121,123" machi="112" ten="50,9600,0" yaku="1,1,15,1,54,1,53,0" doraHai="53" doraHaiUra="92" who="2" fromWho="0" sc="459,-96,153,0,123,106,255,0" />
</Scene>
<Scene>
<INIT seed="6,1,0,5,3,65" ten="363,153,229,255" oya="2" hai0="30,93,19,60,57,80,131,55,81,91,63,40,94" hai1="89,44,1,24,47,125,134,9,104,31,46,76,51" hai2="33,118,127,101,78,103,59,39,117,90,92,49,122" hai3="14,73,85,36,2,106,48,70,7,83,20,120,45"/><V58/><F122/><W4/><G106/><T71/><D131/><U114/><E104/><V115/><F39/><W132/><G120/><T16/><D40/><U112/><E76/><V75/><F33/><W88/><G132/><T0/><D0/><U68/><E134/><V96/><F127/><W67/><G2/><T126/><D126/><U110/><E125/><V32/><F32/><W22/><G36/><T15/><D30/><U42/><E110/><V13/><F115/><N who="1" m="44073" /><E89/><V5/><F78/><W64/><G73/><T79/><D71/><U28/><E28/><V50/><F75/><W61/><G67/><T52/><D79/><U27/><E27/><V82/><F118/><W133/><G133/><T12/><D91/><U72/><E72/><V56/><F117/><W26/><G14/><T25/><D57/><U11/><E1/><V99/><F82/><W41/><REACH who="3" step="1"/><G22/><REACH who="3" ten="363,153,229,245" step="2"/><T135/><D135/><U38/><E38/><V69/><F13/><W98/><G98/><T35/><D35/><U53/><E9/><V43/><F99/><W6/><G6/><T113/><D113/><U111/><E11/><V17/><F96/><W105/><G105/><T8/><D8/><U119/><E119/><V109/><F5/><W123/><G123/><T74/><D74/><U66/><E111/><V62/><F109/><W21/><G21/><T128/><D128/><U97/><E97/><V84/><F103/><W107/><G107/><T29/><D25/><U100/><E100/><V130/><F101/><W10/><G10/><T124/><D124/><U86/><E24/><V87/><F130/><RYUUKYOKU ba="1,1" sc="363,15,153,-15,229,-15,245,15" hai0="12,15,16,19,29,52,55,60,63,80,81,93,94" hai3="4,7,20,26,41,45,48,61,64,70,83,85,88" />
</Scene>
<Scene>
<INIT seed="7,2,1,3,1,34" ten="378,138,214,260" oya="3" hai0="54,52,17,124,4,12,119,98,23,118,66,109,28" hai1="32,64,21,18,1,83,68,131,63,74,40,45,53" hai2="47,11,99,2,56,31,61,60,113,0,101,79,135" hai3="75,80,126,6,112,86,62,95,39,123,5,81,78"/><W13/><G39/><T117/><D109/><U116/><E131/><V38/><F31/><W24/><G123/><T69/><D4/><U26/><E116/><V22/><F22/><W29/><G112/><T3/><D3/><U110/><E110/><V51/><F113/><W96/><G126/><T92/><D28/><U87/><E32/><V70/><F38/><W111/><G62/><T42/><D42/><U97/><E74/><V59/><F70/><W37/><G37/><T106/><D106/><U35/><E35/><V19/><F79/><W67/><G67/><T82/><D82/><U122/><E122/><V129/><F129/><W84/><G75/><T90/><REACH who="0" step="1"/><D124/><REACH who="0" ten="368,138,214,260" step="2"/><U43/><E97/><V7/><F99/><W85/><G111/><T93/><D93/><U14/><E26/><V33/><F7/><W121/><G5/><T105/><D105/><U102/><E102/><V100/><F101/><W20/><G121/><T132/><D132/><U133/><E133/><V46/><F100/><N who="3" m="60447" /><G78/><T104/><D104/><U107/><E107/><V30/><F135/><W88/><G80/><T48/><D48/><U71/><E71/><V44/><F51/><W128/><G128/><T125/><D125/><U108/><E108/><V127/><F127/><W103/><G103/><T8/><D8/><AGARI ba="2,2" hai="6,8,13,20,24,29,81,84,85,86,88" m="60447" machi="8" ten="30,2900,0" yaku="8,1,54,1" doraHai="34" who="3" fromWho="0" sc="368,-35,138,0,214,0,260,55" />
</Scene>
<Scene>
<INIT seed="7,3,0,1,5,86" ten="333,138,214,315" oya="3" hai0="49,83,19,70,29,20,125,61,82,128,53,108,101" hai1="23,65,90,12,122,44,5,35,34,62,98,37,76" hai2="102,68,45,130,103,119,78,75,133,111,48,135,74" hai3="123,16,36,39,94,93,105,60,127,6,72,118,88"/><W113/><G105/><T3/><D108/><U38/><E122/><V77/><F68/><W79/><G123/><T80/><D3/><U18/><E76/><N who="2" m="29291" /><F111/><W115/><G118/><T57/><D125/><U124/><E124/><V87/><F119/><W30/><G94/><T11/><D128/><U59/><E5/><V110/><F110/><W109/><G109/><T0/><D101/><N who="2" m="38410" /><F130/><W81/><G6/><T112/><D112/><N who="3" m="43081" /><G30/><T47/><D0/><U14/><E14/><V33/><F33/><W92/><G92/><T1/><D1/><U95/><REACH who="1" step="1"/><E38/><REACH who="1" ten="333,128,214,315" step="2"/><V56/><F56/><W15/><G127/><T114/><D114/><U71/><E71/><V8/><F8/><N who="3" m="6247" /><G60/><T91/><D11/><U58/><E58/><V21/><F75/><W51/><G51/><T4/><D4/><U55/><E55/><V69/><F74/><W43/><G43/><N who="0" m="24831" /><D70/><U46/><E46/><V24/><F69/><W10/><G10/><T96/><D53/><U100/><E100/><V52/><F52/><W116/><G116/><T9/><D61/><U134/><E134/><V85/><F48/><W99/><AGARI ba="3,1" hai="36,39,72,79,81,88,93,99" m="6247,43081" machi="99" ten="30,11700,0" yaku="15,1,52,1,54,2" doraHai="86" who="3" fromWho="3" sc="333,-42,128,-42,214,-42,315,136" owari="291,9.0,86,-41.0,172,-23.0,451,55.0" />
</Scene>
</mjloggm>