<mjloggm ver="2.3"><GO type="169" lobby="0"/><UN n0="%E6%B9%8A%E3%83%9F%E3%82%B5%E3%82%AD" n1="%E5%A4%AA%E3%81%8F%E3%81%AA%E3%81%84%E3%81%8A" n2="%61%6D%65%64%69%6F" n3="%E7%8B%AC%E6%AD%A9" dan="16,18,16,18" rate="2031.21,2228.19,2114.25,2269.95" sx="F,F,M,M"/><TAIKYOKU oya="0"/>

<Scene>
<INIT seed="0,0,0,0,5,4" ten="250,250,250,250" oya="0" hai0="12,116,43,59,105,123,34,119,24,77,128,27,8" hai1="1,49,15,108,30,16,66,76,110,70,58,61,28" hai2="106,72,20,99,32,135,93,120,103,125,25,22,67" hai3="26,104,60,114,107,130,118,133,44,11,50,42,95"/><T6/><D123/><U74/><E1/><V29/><F120/><W113/><G118/><T91/><D105/><U41/><E74/><V46/><F135/><W53/><G133/><T132/><D132/><U33/><E76/><V2/><F125/><W7/><G130/><T13/><D128/><U84/><E84/><V68/><F72/><W5/><G5/><T81/><D91/><U89/><E89/><V102/><F2/><W126/><G126/><T83/><D43/><U40/><E70/><V17/><F46/><W0/><G26/><T75/><D83/><U101/><E101/><V31/><F31/><N who="1" m="11817" /><E49/><V64/><F64/><W38/><G60/><T47/><D47/><U65/><E65/><V121/><F121/><W57/><REACH who="3" step="1"/><G95/><REACH who="3" ten="250,250,250,240" step="2"/><T90/><D116/><U88/><E61/><N who="2" m="40047" /><F93/><W51/><G51/><T10/><D119/><U96/><E108/><V80/><F80/><W134/><G134/><T109/><D109/><U55/><E110/><V14/><F103/><W45/><G45/><T19/><D34/><U9/><E33/><V54/><F54/><W71/><G71/><T115/><D115/><AGARI ba="0,1" hai="0,7,11,38,42,44,50,53,57,104,107,113,114,115" machi="115" ten="40,2600,0" yaku="1,1,52,1,53,0" doraHai="4" doraHaiUra="79" who="3" fromWho="0" sc="250,-26,250,0,250,0,240,36" />
</Scene>
<Scene>
<INIT seed="1,0,0,3,0,22" ten="224,250,250,276" oya="1" hai0="2,101,104,4,80,108,52,28,53,126,56,91,117" hai1="97,15,65,30,42,124,31,134,10,23,18,9,85" hai2="17,105,89,45,19,21,32,73,61,36,78,16,112" hai3="88,83,60,51,114,93,37,81,46,41,77,115,34"/><U133/><E42/><V49/><F36/><W47/><G34/><T120/><D117/><U125/><E65/><V130/><F32/><W39/><G60/><T75/><D108/><U20/><E97/><V103/><F112/><W116/><G116/><T90/><D126/><N who="1" m="48747" /><E85/><V76/><F130/><W1/><G1/><T62/><D120/><U98/><E98/><V7/><F7/><W102/><G102/><T5/><D101/><U132/><E23/><V135/><F135/><W84/><G83/><T44/><D104/><U127/><E127/><V40/><F73/><W27/><G39/><T99/><D99/><U12/><E10/><V121/><F103/><W59/><G59/><T106/><D106/><U87/><E87/><V25/><F105/><W128/><G128/><T0/><D75/><U72/><E72/><V8/><F121/><W118/><G118/><T95/><D80/><U26/><E15/><V111/><F111/><W29/><G81/><T33/><D33/><U71/><E71/><V110/><F110/><W3/><G77/><N who="2" m="29801" /><F89/><W86/><G86/><T24/><D91/><U43/><E43/><V107/><F107/><W96/><G96/><N who="0" m="57463" /><D0/><U119/><E119/><V70/><F8/><W13/><G3/><T35/><D2/><U94/><E94/><V57/><F70/><W123/><G123/><T79/><D79/><U113/><E113/><V92/><F92/><W50/><G37/><T48/><D35/><U58/><E58/><V122/><F122/><W68/><G68/><T69/><D69/><U54/><E54/><AGARI ba="0,0" hai="16,17,19,21,25,40,45,49,54,57,61" m="29801" machi="54" ten="30,3900,0" yaku="8,1,52,1,54,1" doraHai="22" who="2" fromWho="1" sc="224,0,250,-39,250,39,276,0" />
</Scene>
<Scene>
<INIT seed="2,0,0,3,4,68" ten="224,211,289,276" oya="2" hai0="56,63,21,123,71,107,19,15,86,26,54,80,64" hai1="48,132,131,42,5,108,38,16,79,70,44,122,33" hai2="134,17,37,34,109,11,93,135,22,29,25,67,41" hai3="125,4,7,120,119,65,53,57,39,90,1,104,24"/><V78/><F78/><W8/><G119/><T114/><D114/><U20/><E33/><V96/><F67/><W116/><G116/><T81/><D107/><U106/><E106/><V59/><F59/><W40/><G104/><T0/><D0/><U129/><E70/><V28/><F93/><W45/><G7/><T69/><D123/><U36/><E122/><V84/><F84/><W101/><G101/><T9/><D64/><U126/><E108/><V61/><F96/><W115/><G115/><T58/><D58/><U127/><E5/><V13/><F61/><W133/><G65/><T88/><REACH who="0" step="1"/><D80/><REACH who="0" ten="214,211,289,276" step="2"/><U102/><E132/><N who="2" m="50731" /><F109/><W50/><G133/><T121/><D121/><U95/><E95/><V35/><F41/><W3/><G120/><T12/><D12/><U46/><E42/><V103/><F103/><W6/><G3/><T62/><D62/><U97/><E102/><V18/><F37/><W43/><G43/><T111/><D111/><U74/><E38/><V32/><AGARI ba="0,1" hai="11,13,17,18,22,25,28,29,32,34,35" m="50731" machi="32" ten="40,7800,0" yaku="20,1,34,2" doraHai="68" who="2" fromWho="2" sc="214,-26,211,-26,289,88,276,-26" />
</Scene>
<Scene>
<INIT seed="2,1,0,3,1,51" ten="188,185,377,250" oya="2" hai0="61,0,133,47,56,8,4,72,21,7,63,111,108" hai1="39,24,129,78,89,83,65,23,11,96,17,43,31" hai2="26,103,40,87,124,122,132,79,84,88,41,55,119" hai3="94,110,25,58,86,97,68,131,16,85,75,123,120"/><V135/><F103/><W81/><G68/><T60/><D72/><U106/><E129/><V99/><F122/><W90/><G131/><T134/><D7/><U101/><E65/><V121/><F121/><W15/><G110/><N who="0" m="42027" /><D47/><U130/><E130/><V92/><F119/><W18/><G75/><T6/><D6/><U114/><E114/><V30/><F124/><W49/><G25/><T14/><D0/><U107/><E89/><V113/><F113/><W126/><G126/><T67/><D21/><U117/><E117/><V10/><F10/><W38/><G38/><T91/><D91/><U76/><E107/><V105/><F105/><W3/><G3/><T32/><D32/><U118/><E118/><V102/><F102/><W36/><G36/><T69/><D69/><U66/><E39/><V52/><F79/><W70/><G70/><T37/><D37/><U2/><E78/><V82/><F82/><W27/><G81/><T13/><D13/><U42/><E2/><V50/><F87/><W125/><G125/><T128/><D128/><U100/><E100/><V12/><F84/><W53/><G120/><T46/><D46/><U54/><E83/><V5/><F5/><W57/><G123/><T44/><D44/><U45/><E76/><V73/><F73/><W109/><G58/><T112/><D112/><U127/><E127/><V22/><F12/><W48/><G109/><T1/><D1/><U104/><E104/><V28/><F28/><W95/><G15/><T116/><D116/><U35/><E106/><V34/><F34/><W29/><G90/><T80/><D80/><RYUUKYOKU ba="1,0" sc="188,30,185,-10,377,-10,250,-10" hai0="4,8,14,56,60,61,63,67,133,134" />
</Scene>
<Scene>
<INIT seed="3,2,0,1,0,13" ten="218,175,367,240" oya="3" hai0="62,111,96,53,103,122,88,106,74,117,69,66,116" hai1="124,19,45,99,58,73,55,75,134,85,41,25,104" hai2="129,131,109,123,4,121,79,70,80,91,81,78,48" hai3="28,47,57,40,110,60,34,61,22,46,14,11,49"/><W50/><G110/><T6/><D122/><N who="2" m="46602" /><F70/><W126/><G126/><T32/><D111/><U119/><E124/><V30/><F4/><W35/><G22/><T114/><D32/><U7/><E7/><V16/><F30/><W64/><G28/><T125/><D125/><U17/><E134/><V89/><F48/><W127/><G127/><T37/><D37/><U98/><E119/><V93/><F16/><N who="1" m="6217" /><E104/><V39/><F39/><W9/><G60/><T68/><D114/><U59/><E75/><V100/><F100/><W20/><G20/><T5/><D74/><U95/><E73/><V44/><F44/><W72/><G72/><T101/><D69/><U23/><E41/><V112/><F112/><W12/><G35/><T43/><D43/><U2/><E2/><V21/><F21/><W31/><G31/><T38/><D6/><U90/><E45/><V36/><F36/><W87/><G34/><T1/><D5/><U133/><E133/><V132/><F132/><W105/><G105/><T130/><D1/><U18/><E58/><V54/><F54/><W92/><G12/><T115/><D38/><U24/><E24/><V76/><F109/><W52/><G14/><T113/><D115/><U120/><E120/><V102/><F102/><W97/><G87/><T82/><D113/><U118/><E118/><V71/><F71/><W128/><G128/><N who="2" m="49225" /><F93/><W65/><G65/><T26/><D130/><U56/><E56/><V94/><F94/><W51/><G51/><AGARI ba="2,0" hai="18,23,25,51,55,59,85,90,95,98,99" m="6217" machi="51" ten="30,12000,2" yaku="8,1,52,4,54,1" doraHai="13" who="1" fromWho="3" sc="218,0,175,126,367,0,240,-126" />
</Scene>
<Scene>
<INIT seed="4,0,0,1,2,83" ten="218,301,367,114" oya="0" hai0="11,65,122,8,72,45,40,86,79,98,111,37,88" hai1="80,71,39,17,63,114,34,116,61,113,6,23,57" hai2="102,73,127,47,119,2,48,27,58,77,19,25,38" hai3="53,121,125,56,22,50,67,131,49,64,100,110,112"/><T13/><D122/><U66/><E116/><V106/><F119/><W3/><G3/><T62/><D111/><U123/><E123/><V130/><F2/><W108/><G100/><T35/><D35/><U104/><E34/><V94/><F38/><W91/><G121/><T68/><D98/><U103/><E39/><V52/><F106/><W109/><G131/><T85/><D72/><U51/><E6/><V129/><F73/><W32/><G32/><T78/><D8/><U84/><E51/><V90/><F77/><W46/><G22/><T126/><D126/><U92/><E104/><V81/><F81/><W120/><G120/><T115/><D115/><N who="1" m="44043" /><E92/><V60/><F102/><W97/><G112/><T15/><D15/><N who="1" m="9663" /><E103/><V132/><F127/><W134/><G125/><T87/><REACH who="0" step="1"/><D88/><REACH who="0" ten="208,301,367,114" step="2"/><N who="1" m="51207" /><E63/><V96/><F132/><W5/><G134/><T0/><D0/><U1/><E1/><V20/><REACH who="2" step="1"/><F27/><REACH who="2" ten="208,301,357,114" step="2"/><W9/><G109/><T69/><D69/><AGARI ba="0,2" hai="57,61,66,69,71" m="51207,9663,44043" machi="69" ten="30,7700,0" yaku="15,1,11,1,52,1,54,1" doraHai="83" who="1" fromWho="0" sc="208,-77,301,97,357,0,114,0" />
</Scene>
<Scene>
<INIT seed="5,0,0,0,4,53" ten="131,398,357,114" oya="1" hai0="114,91,111,40,55,7,8,6,83,126,85,79,70" hai1="30,50,25,75,18,41,90,98,47,73,121,60,117" hai2="104,119,12,56,9,31,135,102,74,42,44,115,72" hai3="82,64,132,32,39,69,71,128,65,67,58,87,105"/><U4/><E121/><V29/><F119/><W81/><G32/><T26/><D111/><U34/><E117/><V59/><F135/><W95/><G105/><T14/><D70/><U43/><E4/><V15/><F104/><W131/><G132/><T16/><D126/><U113/><E113/><V28/><F102/><W66/><G39/><T124/><D124/><U106/><E43/><V120/><F120/><W35/><G35/><T2/><D114/><U125/><E125/><V46/><F42/><W17/><G17/><T110/><D110/><U49/><E49/><V94/><F9/><W10/><G10/><T86/><D40/><U68/><E18/><V103/><F94/><W77/><G95/><N who="0" m="54767" /><D2/><U21/><E21/><V134/><F103/><W61/><REACH who="3" step="1"/><G81/><REACH who="3" ten="131,398,357,104" step="2"/><T96/><D96/><U1/><E106/><V122/><F134/><W48/><G48/><T54/><D6/><U123/><E123/><V11/><F11/><W57/><G57/><N who="2" m="22089" /><F115/><W108/><G108/><T116/><D116/><U3/><E34/><V36/><F36/><W92/><G92/><T88/><D7/><U13/><E98/><V84/><F122/><W130/><AGARI ba="0,1" hai="58,61,64,65,66,67,69,71,77,82,87,128,130,131" machi="130" ten="40,8000,1" yaku="1,1,0,1,19,1,52,1,53,0" doraHai="53" doraHaiUra="33" who="3" fromWho="3" sc="131,-20,398,-40,357,-20,104,90" />
</Scene>
<Scene>
<INIT seed="6,0,0,0,1,115" ten="111,358,337,194" oya="2" hai0="17,57,51,37,55,22,107,23,131,8,46,60,36" hai1="20,64,128,66,53,59,118,7,18,104,125,38,129" hai2="109,15,28,70,14,63,26,69,45,49,71,101,93" hai3="126,32,89,65,35,3,42,133,16,48,91,90,72"/><V43/><F109/><W58/><G3/><T96/><D131/><N who="1" m="50251" /><E125/><V47/><F63/><W124/><G72/><T86/><D8/><U119/><E104/><V134/><F134/><W74/><G74/><T85/><D37/><U54/><E38/><V117/><F117/><N who="1" m="44553" /><E7/><V39/><F93/><W21/><G133/><T67/><D23/><U95/><E95/><V31/><F101/><W103/><G103/><T111/><D111/><U135/><E135/><V0/><F0/><W62/><G35/><T41/><D96/><U52/><E59/><V9/><F9/><W5/><G32/><T120/><D107/><U87/><E87/><V77/><F77/><W50/><G5/><T94/><D94/><U56/><E56/><V98/><F98/><W99/><G99/><T61/><D61/><U27/><AGARI ba="0,0" hai="18,20,27,52,53,54,64,66" m="44553,50251" machi="27" ten="40,8000,1" yaku="19,1,52,3,54,1" doraHai="115" who="1" fromWho="1" sc="111,-20,358,80,337,-40,194,-20" />
</Scene>
<Scene>
<INIT seed="7,0,0,4,3,117" ten="91,438,297,174" oya="3" hai0="45,74,80,55,66,27,90,109,119,57,14,133,77" hai1="72,96,40,28,67,76,0,115,6,116,64,59,32" hai2="106,53,24,134,51,124,23,3,65,61,13,25,21" hai3="111,19,33,87,71,130,135,62,102,50,20,92,79"/><W83/><G33/><T107/><D119/><U54/><E116/><V41/><F106/><W121/><G111/><T48/><D109/><U38/><E115/><V131/><F3/><W43/><G130/><T17/><D107/><U46/><E96/><V15/><F131/><W36/><G135/><T98/><D133/><U93/><E93/><V26/><F134/><W18/><G121/><T1/><D1/><U126/><E126/><V81/><F124/><W129/><G36/><T84/><D27/><N who="1" m="18463" /><E54/><V42/><F81/><W22/><G129/><T127/><D127/><U95/><E95/><V112/><F112/><W105/><G105/><T118/><D118/><U108/><E59/><V16/><F65/><W99/><G62/><T30/><D30/><U86/><E86/><V100/><F61/><W85/><G71/><T132/><D132/><U103/><E103/><V82/><F100/><W122/><G122/><T78/><D98/><U44/><E44/><V35/><F35/><W89/><G20/><T56/><D74/><U10/><E108/><V29/><F82/><AGARI ba="0,0" hai="0,6,10,38,40,46,64,67,72,76,82" m="18463" machi="82" ten="30,1000,0" yaku="25,1" doraHai="117" who="1" fromWho="2" sc="91,0,438,10,297,-10,174,0" owari="91,-41.0,448,55.0,287,9.0,174,-23.0" />
</Scene>
</mjloggm>