<mjloggm ver="2.3"><GO type="169" lobby="0"/><UN n0="%56%65%6E%75%73%53%61%79" n1="%E5%A4%AA%E3%81%8F%E3%81%AA%E3%81%84%E3%81%8A" n2="%E3%82%B9%E3%83%BC%E3%83%8B" n3="%E3%81%82%E3%81%AE%E3%81%88%E3%81%B3%E3%81%95%E3%81%88" dan="17,18,16,16" rate="2133.87,2240.95,2114.64,2017.16" sx="M,F,M,M"/><TAIKYOKU oya="0"/>

<Scene>
<INIT seed="0,0,0,2,2,3" ten="250,250,250,250" oya="0" hai0="101,27,132,38,23,9,47,100,6,131,7,52,12" hai1="107,124,20,129,89,113,105,116,118,128,32,41,75" hai2="80,10,115,43,55,73,68,114,70,59,60,46,117" hai3="64,57,106,14,0,42,45,4,16,93,79,29,77"/><T34/><D34/><U35/><E20/><V71/><F73/><W18/><G106/><N who="1" m="40458" /><E41/><V86/><F117/><N who="1" m="45161" /><E89/><V99/><F99/><W13/><G29/><N who="0" m="17663" /><D132/><U21/><E21/><V69/><N who="2" m="17408" /><DORA hai="90" /><V110/><F10/><N who="3" m="4295" /><G0/><T76/><D131/><N who="1" m="50251" /><E75/><V15/><F15/><W8/><G93/><T108/><D108/><U125/><E113/><V17/><F110/><W88/><G88/><T2/><D2/><U83/><E83/><V50/><REACH who="2" step="1"/><F17/><REACH who="2" ten="250,250,240,250" step="2"/><W67/><G18/><N who="0" m="8463" /><D38/><U91/><E91/><AGARI ba="0,1" hai="43,46,50,55,59,60,80,86,91,114,115" m="17408" machi="91" ten="70,4500,0" yaku="1,1,53,1" doraHai="3,90" doraHaiUra="19,81" who="2" fromWho="1" sc="250,0,250,-45,240,55,250,0" />
</Scene>
<Scene>
<INIT seed="1,0,0,2,1,36" ten="250,205,295,250" oya="1" hai0="32,62,73,37,31,110,67,41,88,112,45,81,56" hai1="9,39,8,57,126,50,104,96,11,14,120,119,97" hai2="121,86,107,76,53,77,135,20,42,118,7,6,33" hai3="15,60,72,63,35,102,23,75,26,44,94,71,3"/><U29/><E120/><V66/><F33/><W47/><G3/><T93/><D112/><U10/><E119/><V38/><F107/><W52/><G35/><T49/><D110/><U68/><E68/><V125/><F121/><W127/><G127/><T61/><D73/><U91/><E39/><V92/><F118/><W4/><G72/><T105/><D105/><U25/><E126/><V115/><F125/><W103/><G75/><T51/><D81/><U70/><E70/><V108/><F108/><W19/><G71/><T124/><D124/><U116/><E116/><V101/><F66/><W87/><G87/><T90/><D62/><U64/><E104/><V69/><F69/><W54/><G63/><T17/><D17/><N who="1" m="8391" /><E91/><V82/><F76/><W128/><G128/><T123/><D123/><U21/><E64/><V134/><F115/><W89/><G89/><T18/><D18/><U132/><E132/><N who="2" m="50731" /><F53/><AGARI ba="0,0" hai="9,10,11,21,25,29,50,53,57,96,97" m="8391" machi="53" ten="30,1500,0" yaku="8,1" doraHai="36" who="1" fromWho="2" sc="250,0,205,15,295,-15,250,0" />
</Scene>
<Scene>
<INIT seed="1,1,0,4,0,76" ten="250,220,280,250" oya="1" hai0="113,100,83,6,31,122,33,124,93,3,16,123,135" hai1="109,95,119,128,94,72,89,30,38,67,99,15,117" hai2="11,81,58,71,91,42,2,70,34,12,13,104,120" hai3="23,74,39,22,80,101,36,79,53,103,61,47,57"/><U106/><E38/><V50/><F104/><W40/><REACH who="3" step="1"/><G36/><REACH who="3" ten="250,220,280,240" step="2"/><T24/><D122/><U112/><E117/><V114/><F120/><W115/><G115/><T98/><D123/><U52/><E119/><V37/><F114/><W59/><G59/><T64/><D113/><U17/><E112/><V21/><F37/><W10/><G10/><T86/><D135/><U8/><E8/><V56/><F56/><W49/><G49/><T1/><D124/><U41/><E109/><V27/><F58/><W60/><G60/><T96/><D64/><U127/><E67/><V84/><F50/><W5/><G5/><T51/><D6/><U45/><E127/><V63/><F63/><W75/><G75/><T18/><D51/><U131/><E72/><V108/><F108/><W125/><G125/><T78/><REACH who="0" step="1"/><D98/><REACH who="0" ten="240,220,280,240" step="2"/><U44/><E99/><V118/><F118/><W7/><G7/><T48/><D48/><U65/><E131/><V55/><F71/><W102/><AGARI ba="1,2" hai="22,23,39,40,47,53,57,61,74,79,80,101,102,103" machi="102" ten="30,7900,0" yaku="21,2,0,1,52,1,53,0" doraHai="76" doraHaiUra="9" who="3" fromWho="3" sc="240,-21,220,-40,280,-21,240,102" />
</Scene>
<Scene>
<INIT seed="2,0,0,4,3,130" ten="219,180,259,342" oya="2" hai0="134,119,41,71,89,5,120,46,6,13,69,67,48" hai1="86,129,75,1,30,65,32,121,78,14,37,11,19" hai2="76,23,112,35,38,102,40,64,66,8,108,3,18" hai3="15,124,16,39,43,103,58,47,128,114,125,116,95"/><V72/><F112/><W51/><G116/><T123/><D120/><U62/><E37/><V56/><F102/><W93/><G128/><T4/><D123/><U104/><E129/><V97/><F97/><W77/><G114/><T25/><D119/><U34/><E121/><V105/><F105/><W28/><G77/><T118/><D118/><U0/><E75/><V24/><F56/><W45/><G58/><T115/><D115/><U84/><E104/><V21/><F21/><W127/><G28/><T100/><D100/><U74/><E74/><V55/><F55/><W99/><G93/><T59/><D134/><U22/><E34/><V133/><F133/><W2/><G2/><T83/><D13/><U57/><E78/><V68/><F68/><W90/><G103/><T52/><D67/><U91/><E91/><V70/><F70/><W106/><G106/><T87/><REACH who="0" step="1"/><D25/><REACH who="0" ten="209,180,259,342" step="2"/><N who="1" m="18511" /><E1/><V111/><F64/><W27/><G27/><T31/><D31/><U42/><E0/><V12/><F66/><W26/><G26/><T117/><D117/><U44/><E14/><V50/><F3/><W101/><G101/><T29/><D29/><U113/><E113/><V79/><F35/><W20/><REACH who="3" step="1"/><G125/><REACH who="3" ten="209,180,259,332" step="2"/><T60/><AGARI ba="0,2" hai="4,5,6,41,46,48,52,59,60,69,71,83,87,89" machi="60" ten="30,4000,0" yaku="1,1,0,1,54,1,53,0" doraHai="130" doraHaiUra="96" who="0" fromWho="0" sc="209,60,180,-10,259,-20,332,-10" />
</Scene>
<Scene>
<INIT seed="3,0,0,4,4,103" ten="269,170,239,322" oya="3" hai0="111,57,28,67,78,6,38,58,37,90,113,102,56" hai1="75,93,99,108,68,128,17,1,39,86,62,80,94" hai2="59,30,135,73,98,25,19,14,107,0,23,18,88" hai3="21,4,27,87,131,31,134,121,133,82,47,2,85"/><W65/><G121/><T8/><D111/><U130/><E39/><V41/><F73/><W11/><G131/><N who="1" m="50218" /><E1/><V89/><F0/><W116/><G116/><T114/><D67/><N who="1" m="41079" /><E75/><V33/><F135/><W97/><G65/><T50/><D50/><U10/><E108/><V91/><F41/><W83/><G47/><T79/><D28/><U66/><E66/><V76/><F76/><N who="0" m="29226" /><D90/><N who="1" m="51527" /><E99/><V53/><F19/><W42/><G97/><T15/><D102/><U95/><E17/><V127/><F127/><W3/><G3/><T49/><D49/><U26/><E26/><V126/><F126/><W129/><G129/><T74/><D74/><U70/><E10/><V20/><F33/><W100/><G100/><T124/><D124/><U84/><E70/><V22/><F22/><W72/><G72/><T44/><D44/><U123/><E123/><V118/><F118/><W36/><G36/><T45/><D45/><U69/><E69/><V122/><F122/><W101/><G101/><T106/><D38/><U64/><E64/><V16/><F30/><W54/><G134/><T81/><D81/><U115/><E84/><N who="3" m="32330" /><G133/><T43/><D43/><U61/><E61/><N who="2" m="36079" /><F98/><W52/><G42/><T120/><D120/><U92/><E92/><V77/><F77/><W32/><G32/><T24/><D37/><U40/><E40/><V96/><F96/><W55/><G83/><T35/><D35/><U71/><E71/><V48/><F48/><W119/><G82/><T29/><D29/><U13/><E13/><V5/><F5/><N who="3" m="1463" /><G119/><T12/><D12/><U132/><E132/><V63/><F63/><RYUUKYOKU ba="0,0" sc="269,-30,170,10,239,10,322,10" hai1="93,94,95,115" hai2="14,16,18,20,23,25,88,89,91,107" hai3="4,21,27,31,52,54,55" />
</Scene>
<Scene>
<INIT seed="3,1,0,1,0,115" ten="239,180,249,332" oya="3" hai0="116,46,103,36,135,133,91,32,12,85,63,67,15" hai1="118,76,117,43,70,104,30,80,96,53,50,130,83" hai2="13,5,59,68,51,134,71,18,132,105,114,17,93" hai3="120,65,99,41,29,55,6,19,88,33,11,3,127"/><W106/><G120/><T72/><D32/><U75/><E70/><V48/><F105/><W26/><G127/><T64/><D72/><U16/><E30/><V129/><F114/><W52/><G41/><N who="0" m="22823" /><D103/><N who="1" m="62567" /><E43/><V110/><F110/><W49/><G49/><N who="2" m="19017" /><F59/><W8/><G65/><T73/><D73/><U9/><E83/><V124/><F124/><W60/><G60/><T69/><D67/><U28/><E28/><V119/><F93/><W23/><G11/><T100/><D100/><U56/><E9/><V111/><F111/><W42/><G42/><T47/><D47/><U101/><E101/><V107/><F107/><W31/><G106/><T113/><D113/><U10/><E10/><V20/><F5/><W21/><G21/><T102/><D102/><U45/><E45/><V24/><F129/><W58/><G58/><T122/><D122/><U108/><E108/><V35/><F35/><W27/><REACH who="3" step="1"/><G31/><REACH who="3" ten="239,180,249,322" step="2"/><T44/><D44/><U90/><E56/><V123/><F123/><W34/><G34/><T92/><D63/><U57/><E57/><V78/><F71/><W86/><G86/><T98/><D69/><U0/><E50/><V112/><F68/><W1/><G1/><T7/><D64/><U38/><E0/><V128/><F112/><W121/><G121/><T37/><D37/><U84/><E38/><V39/><F39/><W94/><AGARI ba="1,1" hai="3,6,8,19,23,26,27,29,33,52,55,88,94,99" machi="94" ten="30,11700,0" yaku="1,1,0,1,54,2,53,0" doraHai="115" doraHaiUra="74" who="3" fromWho="3" sc="239,-40,180,-40,249,-40,322,130" />
</Scene>
<Scene>
<INIT seed="3,2,0,3,1,61" ten="199,140,209,452" oya="3" hai0="99,14,129,122,22,23,42,65,18,84,68,115,74" hai1="45,72,130,112,80,85,89,131,11,40,3,1,27" hai2="79,118,125,81,63,98,73,135,94,132,119,127,116" hai3="77,106,62,121,100,41,124,70,90,16,38,5,109"/><W6/><G121/><T97/><D74/><U49/><E112/><V105/><F63/><W55/><G77/><T108/><D122/><U71/><E71/><V103/><REACH who="2" step="1"/><F94/><REACH who="2" ten="199,140,199,452" step="2"/><W51/><G62/><T53/><D115/><U17/><E131/><V78/><F78/><W67/><G106/><T126/><D129/><U36/><E130/><V44/><F44/><W104/><G104/><T10/><D68/><U54/><E45/><V133/><AGARI ba="2,1" hai="73,79,81,98,103,105,116,118,119,125,127,132,133,135" machi="133" ten="40,16000,3" yaku="1,1,0,1,20,1,23,2,34,3,53,0" doraHai="61" doraHaiUra="56" who="2" fromWho="2" sc="199,-42,140,-42,199,176,452,-82" />
</Scene>
<Scene>
<INIT seed="4,0,0,0,0,134" ten="157,98,375,370" oya="0" hai0="109,40,54,117,92,52,95,90,85,66,130,88,64" hai1="49,123,111,102,80,21,24,135,28,87,74,32,63" hai2="84,105,5,27,42,77,119,67,120,22,124,37,82" hai3="73,33,128,133,58,10,35,17,131,129,57,13,6"/><T91/><D117/><U51/><E111/><V127/><F105/><W114/><G73/><T99/><D109/><U108/><E108/><V46/><F120/><W14/><G57/><T132/><D132/><U110/><E110/><V18/><F119/><W55/><G133/><T20/><D40/><U98/><E135/><V44/><F67/><N who="0" m="25642" /><D130/><U3/><E3/><V23/><F5/><W53/><G114/><T68/><D68/><U103/><E123/><V30/><REACH who="2" step="1"/><F46/><REACH who="2" ten="157,98,365,370" step="2"/><W81/><G81/><N who="0" m="49199" /><D20/><U19/><E21/><V59/><F59/><W9/><REACH who="3" step="1"/><G53/><REACH who="3" ten="157,98,365,360" step="2"/><T79/><D79/><U86/><E80/><V1/><F1/><W15/><G15/><AGARI ba="0,2" hai="15,18,22,23,27,30,37,42,44,77,82,84,124,127" machi="15" ten="40,5200,0" yaku="1,1,52,2,53,0" doraHai="134" doraHaiUra="112" who="2" fromWho="3" sc="157,0,98,0,365,72,360,-52" />
</Scene>
<Scene>
<INIT seed="5,0,0,1,4,78" ten="157,98,437,308" oya="1" hai0="43,41,24,52,48,9,91,64,44,100,135,62,110" hai1="63,55,31,130,26,8,113,71,96,95,72,50,128" hai2="6,61,69,47,67,13,0,29,51,35,115,112,88" hai3="106,123,20,11,18,23,79,3,84,82,132,107,2"/><U101/><E72/><V16/><F0/><W1/><G123/><T32/><D110/><U93/><E113/><N who="2" m="43595" /><F6/><W119/><G119/><T53/><D135/><U98/><E8/><N who="2" m="6183" /><F88/><W124/><G132/><T39/><D91/><U76/><E76/><V60/><F60/><W19/><G124/><T56/><D9/><U131/><E63/><V125/><F125/><W108/><G108/><T126/><D126/><U117/><E117/><V111/><F111/><W73/><G73/><T70/><D100/><U45/><E71/><V77/><F77/><W105/><REACH who="3" step="1"/><G11/><REACH who="3" ten="157,98,437,298" step="2"/><T66/><D70/><U5/><E5/><V22/><F69/><W7/><G7/><T21/><D32/><N who="1" m="20599" /><E98/><V92/><F35/><W104/><N who="3" m="27136" /><DORA hai="134" /><W25/><G25/><T86/><D24/><U114/><E114/><V40/><F22/><AGARI ba="0,1" hai="1,2,3,18,19,20,22,23,79,82,84" m="27136" machi="22" ten="80,8000,1" yaku="1,1,52,1,53,1" doraHai="78,134" doraHaiUra="27,81" who="3" fromWho="2" sc="157,0,98,0,437,-80,298,90" />
</Scene>
<Scene>
<INIT seed="6,0,0,3,3,25" ten="157,98,357,388" oya="2" hai0="99,50,76,116,6,58,87,102,126,124,12,34,27" hai1="28,63,82,15,32,97,120,8,85,68,17,35,41" hai2="54,13,7,118,11,88,75,66,52,36,73,89,14" hai3="53,0,104,93,90,78,33,31,51,109,122,114,106"/><V132/><F36/><W48/><G0/><T111/><D111/><U133/><E133/><V92/><F118/><W130/><G78/><T57/><D116/><U135/><E135/><V113/><F132/><W71/><G71/><T121/><D121/><U21/><E120/><V5/><F66/><W47/><G122/><T101/><D101/><U128/><E128/><V108/><F92/><W22/><G33/><T38/><D38/><U115/><E115/><V62/><F113/><W29/><G22/><T77/><D6/><U125/><E125/><N who="0" m="48233" /><D12/><U65/><E41/><V42/><F42/><W2/><G53/><N who="0" m="31927" /><D87/><U103/><E8/><V112/><F112/><W3/><G3/><T49/><D58/><U95/><REACH who="1" step="1"/><E28/><REACH who="1" ten="157,88,357,388" step="2"/><V80/><F11/><W43/><G31/><N who="0" m="19839" /><D49/><U44/><E44/><V64/><F108/><W56/><G109/><T18/><D18/><U1/><E1/><V94/><F62/><W19/><G114/><T37/><D37/><U105/><E105/><AGARI ba="0,1" hai="76,77,99,102,105" m="19839,31927,48233" machi="105" ten="30,2000,0" yaku="18,1,52,1" doraHai="25" who="0" fromWho="1" sc="157,30,88,-20,357,0,388,0" />
</Scene>
<Scene>
<INIT seed="7,0,0,1,0,5" ten="187,68,357,388" oya="3" hai0="32,25,20,3,17,22,117,93,115,125,80,79,123" hai1="90,34,30,105,103,23,75,85,61,69,88,106,107" hai2="131,4,67,36,46,26,66,122,111,114,7,110,83" hai3="27,35,102,47,135,64,129,50,72,126,56,100,89"/><W53/><G72/><T133/><D32/><U91/><E75/><V132/><F114/><W87/><G135/><T128/><D3/><U42/><E42/><V40/><F132/><W127/><G129/><T81/><D117/><U49/><E49/><V92/><F131/><W1/><G1/><T45/><D125/><N who="3" m="47625" /><G35/><T101/><D123/><U0/><E0/><V71/><F122/><W134/><G134/><T6/><D115/><U29/><E23/><V78/><F92/><N who="3" m="54335" /><G27/><T59/><D45/><U33/><E85/><V99/><F99/><W112/><G112/><T8/><D22/><U51/><E51/><V96/><F96/><W108/><G108/><T43/><D93/><U37/><E37/><V98/><F98/><W109/><G109/><T9/><D43/><U68/><E61/><AGARI ba="0,0" hai="47,50,53,56,61,64,100,102" m="54335,47625" machi="61" ten="30,1500,0" yaku="18,1" doraHai="5" who="3" fromWho="1" sc="187,0,68,-15,357,0,388,15" owari="187,-21.0,53,-45.0,357,16.0,403,50.0" />
</Scene>
</mjloggm>