<mjloggm ver="2.3"><GO type="169" lobby="0"/><UN n0="%E3%81%8C%E3%81%A1%E3%82%85%E3%81%86" n1="%E5%A4%AA%E3%81%8F%E3%81%AA%E3%81%84%E3%81%8A" n2="%E3%83%96%E3%83%83%E3%83%91%E7%A5%9E" n3="%73%65%61%2D%6D%61%6E%32" dan="16,18,16,16" rate="2027.78,2261.49,2117.76,2044.23" sx="M,F,M,M"/><TAIKYOKU oya="0"/>

<Scene>
<INIT seed="0,0,0,4,5,44" ten="250,250,250,250" oya="0" hai0="20,134,27,106,74,47,85,111,78,131,72,48,102" hai1="40,117,91,94,67,53,118,19,36,16,37,124,88" hai2="12,13,62,26,130,2,93,51,95,128,66,17,24" hai3="103,104,30,80,9,92,76,96,49,7,5,125,77"/><T35/><D35/><U23/><E67/><V46/><F2/><W60/><G125/><T73/><D134/><U50/><E124/><V115/><F115/><W8/><G60/><T69/><D69/><U39/><E40/><N who="2" m="25031" /><F26/><W4/><G30/><T65/><D65/><U32/><E32/><V107/><F24/><W45/><G104/><T116/><D116/><U56/><E91/><V21/><F13/><W81/><G80/><T6/><D6/><U99/><REACH who="1" step="1"/><E19/><REACH who="1" ten="250,240,250,250" step="2"/><V55/><F66/><W34/><G34/><T108/><D111/><U105/><E105/><V109/><F107/><W0/><G0/><T87/><D106/><U64/><E64/><V86/><F109/><W15/><G7/><T28/><D108/><U1/><E1/><V75/><F17/><W100/><G100/><T135/><D135/><U120/><E120/><V121/><F121/><W14/><REACH who="3" step="1"/><G81/><REACH who="3" ten="250,240,250,240" step="2"/><T61/><D131/><U127/><E127/><V123/><F130/><W11/><G11/><T33/><D33/><U58/><E58/><V79/><F128/><W25/><G25/><AGARI ba="0,2" hai="16,23,25,36,37,39,50,53,56,88,94,99,117,118" machi="25" ten="40,8000,1" yaku="1,1,52,1,54,2,53,1" doraHai="44" doraHaiUra="84" who="1" fromWho="3" sc="250,0,240,100,250,0,240,-80" />
</Scene>
<Scene>
<INIT seed="1,0,0,4,3,123" ten="250,340,250,160" oya="1" hai0="21,12,73,15,58,106,40,135,50,133,42,96,97" hai1="72,16,60,52,19,119,99,22,77,51,41,57,71" hai2="112,95,1,29,116,43,84,44,118,24,25,124,105" hai3="28,126,66,36,113,10,45,46,80,20,109,75,88"/><U69/><E119/><V55/><F105/><W63/><G113/><T2/><D2/><U93/><E72/><V129/><F1/><W98/><G126/><T83/><D83/><U47/><E77/><V7/><F7/><W6/><G75/><T32/><D32/><U65/><E22/><V132/><F124/><W3/><G109/><T0/><D0/><U127/><E127/><V76/><F112/><W62/><G62/><T104/><D73/><U94/><E69/><V35/><F132/><W31/><G36/><T13/><D58/><U68/><E68/><V30/><F129/><W100/><G100/><T85/><D85/><U122/><E122/><V9/><F9/><W86/><G98/><T115/><D115/><U48/><REACH who="1" step="1"/><E94/><REACH who="1" ten="250,330,250,160" step="2"/><V33/><F95/><W74/><G74/><T27/><D21/><U102/><AGARI ba="0,1" hai="16,19,41,47,48,51,52,57,60,65,71,93,99,102" machi="102" ten="20,18000,2" yaku="1,1,2,1,0,1,7,1,54,2,53,0" doraHai="123" doraHaiUra="103" who="1" fromWho="1" sc="250,-60,330,190,250,-60,160,-60" />
</Scene>
<Scene>
<INIT seed="1,1,0,1,4,37" ten="190,520,190,100" oya="1" hai0="9,81,36,104,131,1,58,71,106,39,105,78,41" hai1="91,59,114,98,82,99,22,107,86,83,8,62,26" hai2="94,48,130,116,40,80,68,76,24,17,25,10,101" hai3="55,74,85,11,34,29,16,135,5,51,70,35,132"/><U13/><E114/><V50/><F116/><W79/><G70/><T134/><D131/><U63/><E83/><V44/><F68/><W3/><G74/><N who="0" m="43223" /><D58/><U46/><E46/><V121/><F121/><W75/><G75/><T92/><D92/><U87/><E87/><N who="2" m="48519" /><F130/><W109/><G109/><T6/><D134/><N who="3" m="51241" /><G79/><T61/><D41/><U7/><E107/><N who="0" m="27393" /><T28/><DORA hai="32" /><D28/><N who="1" m="17495" /><E63/><V64/><F64/><AGARI ba="1,0" hai="1,6,9,36,39,61,64,71" m="27393,43223" machi="64" ten="40,5200,0" yaku="33,2,52,1" doraHai="37,32" who="0" fromWho="2" sc="190,55,520,0,190,-55,100,0" /><AGARI ba="1,0" hai="7,8,13,59,62,64,82,86,91,98,99" m="17495" machi="64" ten="30,1500,0" yaku="8,1" doraHai="37,32" who="1" fromWho="2" sc="245,0,520,15,135,-15,100,0" />
</Scene>
<Scene>
<INIT seed="1,2,0,5,2,32" ten="245,535,120,100" oya="1" hai0="90,128,103,83,93,89,61,112,102,9,106,0,18" hai1="130,122,33,76,8,21,104,80,70,107,73,120,69" hai2="118,30,109,116,12,101,35,57,99,22,68,74,133" hai3="3,132,72,10,23,115,88,84,86,50,75,20,5"/><U127/><E21/><V82/><F68/><N who="1" m="26217" /><E8/><V40/><F109/><W28/><G115/><T59/><D112/><U24/><E127/><V66/><F133/><W117/><G132/><T123/><D123/><N who="1" m="47147" /><E130/><V31/><F40/><W55/><G117/><T17/><D128/><U15/><E15/><V108/><F108/><W71/><G71/><T44/><D44/><U37/><E37/><V126/><F126/><W46/><G86/><T114/><D114/><U135/><E135/><V47/><F47/><W54/><G54/><T58/><D106/><U26/><E26/><V6/><F116/><W51/><G51/><T124/><D124/><U42/><E42/><V64/><F118/><W60/><G60/><T13/><D18/><U111/><E111/><V38/><F38/><W41/><G41/><T96/><D61/><U39/><E39/><V81/><F22/><W67/><G67/><T43/><D43/><U92/><E92/><V125/><F125/><W105/><G105/><T97/><D93/><U36/><E36/><V113/><F66/><W45/><G45/><T62/><D62/><U110/><E110/><V4/><F64/><W78/><G78/><T52/><D17/><U49/><E49/><V100/><F12/><W63/><G63/><T53/><D13/><U27/><E27/><V98/><F113/><W1/><G50/><T65/><D65/><U134/><E134/><V2/><F31/><AGARI ba="2,0" hai="24,31,33,73,76,80,104,107" m="47147,26217" machi="31" ten="30,1500,0" yaku="23,1" doraHai="32" who="1" fromWho="2" sc="245,0,535,21,120,-21,100,0" />
</Scene>
<Scene>
<INIT seed="1,3,0,3,2,32" ten="245,556,99,100" oya="1" hai0="76,44,16,60,114,118,51,43,9,23,7,20,132" hai1="113,22,90,42,39,130,131,104,1,24,129,58,105" hai2="75,115,97,48,109,121,123,59,41,6,125,87,13" hai3="74,45,116,94,100,27,91,93,33,70,49,47,110"/><U89/><E113/><V134/><F75/><W69/><G74/><T122/><D118/><U38/><E58/><V2/><F115/><W8/><G116/><T11/><D114/><U28/><E1/><V3/><F109/><W96/><G110/><T31/><D31/><U83/><E42/><V30/><F125/><W77/><G77/><T85/><D132/><U133/><E133/><V63/><F134/><W79/><G79/><T78/><D122/><U14/><E14/><V88/><F30/><W15/><G27/><T67/><D23/><U108/><E108/><V128/><F128/><W18/><G33/><T65/><D76/><U10/><E10/><V72/><F72/><W107/><G107/><N who="1" m="41034" /><E83/><V54/><F97/><W4/><G18/><T98/><D11/><U56/><E56/><V19/><F6/><W40/><REACH who="3" step="1"/><G47/><REACH who="3" ten="245,556,99,90" step="2"/><T103/><D44/><U66/><E24/><V81/><F123/><W26/><G26/><T53/><D16/><U5/><E130/><V106/><F121/><W35/><G35/><T120/><D78/><U34/><E34/><V21/><F106/><W46/><G46/><T117/><D120/><U99/><E129/><V17/><F17/><W36/><G36/><T64/><D117/><U135/><E39/><V102/><F102/><W50/><G50/><T61/><D51/><U29/><E38/><V82/><F82/><W84/><AGARI ba="3,1" hai="4,8,15,40,45,49,69,70,84,91,93,94,96,100" machi="84" ten="20,2700,0" yaku="1,1,0,1,7,1,53,0" doraHai="32" doraHaiUra="119" who="3" fromWho="3" sc="245,-10,556,-16,99,-10,90,46" />
</Scene>
<Scene>
<INIT seed="2,0,0,0,4,59" ten="235,540,89,136" oya="2" hai0="104,91,92,73,107,129,110,52,127,58,75,81,53" hai1="19,71,126,72,22,66,14,30,90,98,135,113,51" hai2="125,117,78,23,43,27,106,132,54,74,120,133,12" hai3="84,32,134,124,97,128,88,123,109,119,76,114,33"/><V89/><F120/><W108/><G123/><T8/><D110/><N who="3" m="42601" /><G119/><T93/><D129/><U96/><E113/><V101/><F117/><W95/><G128/><T0/><D127/><U65/><E72/><V46/><F125/><W118/><G124/><T18/><D104/><U1/><E1/><V40/><F12/><W10/><G118/><T35/><D35/><U60/><E126/><V29/><F89/><W3/><G114/><T103/><D107/><U100/><E135/><N who="2" m="51787" /><F106/><W5/><G134/><T115/><D53/><U6/><E6/><V80/><F101/><N who="3" m="60607" /><G76/><T94/><D115/><U112/><E112/><V47/><F47/><W41/><G41/><T122/><D122/><U42/><E42/><V31/><F31/><W9/><G9/><T15/><D0/><U131/><E30/><V36/><F36/><W86/><G86/><T20/><D103/><U56/><E100/><V45/><F45/><W63/><G33/><T69/><D75/><U50/><E131/><V4/><F4/><W11/><G32/><T130/><D73/><U111/><E111/><V26/><F26/><W67/><G10/><T48/><D130/><U105/><E105/><V121/><F121/><W7/><G11/><T37/><D37/><U70/><E90/><V77/><F77/><W49/><G3/><T13/><D8/><U87/><E87/><V68/><F68/><W61/><G7/><T2/><D69/><U28/><E71/><V62/><F46/><W55/><G5/><T16/><D2/><U38/><E70/><V57/><AGARI ba="0,0" hai="23,27,29,40,43,54,57,62,74,78,80" m="51787" machi="57" ten="30,3000,0" yaku="20,1,52,1" doraHai="59" who="2" fromWho="2" sc="235,-10,540,-10,89,30,136,-10" />
</Scene>
<Scene>
<INIT seed="2,1,0,3,3,22" ten="225,530,119,126" oya="2" hai0="4,3,48,67,126,27,43,135,69,26,97,64,59" hai1="34,0,46,28,102,82,125,96,81,2,9,112,39" hai2="92,41,49,111,105,19,51,133,83,23,37,87,116" hai3="129,88,14,113,18,45,84,44,119,6,20,103,58"/><V65/><F116/><W94/><G119/><T52/><D135/><U95/><E112/><V31/><F105/><W36/><G113/><T123/><D123/><U32/><E125/><V70/><F133/><W77/><G129/><T50/><D126/><U21/><E21/><V98/><F111/><W132/><G132/><T89/><D3/><U118/><E118/><V100/><F31/><W134/><G134/><T66/><D4/><U16/><E2/><V13/><F37/><W91/><G36/><T35/><D35/><U15/><E0/><V115/><F115/><W40/><G40/><T33/><D33/><U120/><E120/><V122/><F122/><W107/><G107/><T5/><D5/><U17/><E17/><V108/><F108/><W101/><G58/><N who="0" m="33031" /><D69/><U62/><E62/><V130/><F130/><W80/><G6/><T53/><D43/><U85/><E28/><V90/><REACH who="2" step="1"/><F41/><REACH who="2" ten="225,530,109,126" step="2"/><W114/><G114/><T55/><D67/><U79/><E39/><V1/><F1/><W76/><G76/><T8/><D66/><U61/><E79/><V12/><F12/><W7/><G77/><T54/><D64/><U56/><E15/><V68/><F68/><W127/><G127/><T25/><D54/><U71/><E71/><V74/><F74/><W30/><G30/><T73/><D55/><U63/><E34/><V42/><F42/><W72/><G72/><T24/><D73/><U99/><E32/><V110/><F110/><W124/><G124/><T86/><D53/><U131/><E131/><V104/><F104/><W117/><G117/><T47/><D47/><RYUUKYOKU ba="1,1" sc="225,-10,530,-10,109,30,126,-10" hai2="13,19,23,49,51,65,70,83,87,90,92,98,100" />
</Scene>
<Scene>
<INIT seed="2,2,1,4,5,69" ten="215,520,139,116" oya="2" hai0="115,42,132,129,93,68,121,101,135,125,94,123,41" hai1="79,57,91,134,85,80,100,26,86,44,21,48,130" hai2="6,65,71,116,28,126,2,20,46,16,78,118,90" hai3="87,27,105,25,8,122,106,111,82,109,19,7,15"/><V13/><F126/><W59/><G122/><T88/><D115/><U66/><E134/><N who="0" m="51241" /><D68/><U22/><E130/><V64/><F78/><W34/><G59/><T23/><D129/><U50/><E100/><V119/><F71/><W95/><G95/><T31/><D125/><U39/><E39/><V104/><F104/><N who="3" m="40043" /><G34/><T77/><D77/><U62/><E44/><V117/><N who="2" m="29696" /><DORA hai="97" /><V63/><F63/><W33/><G33/><T61/><D61/><U9/><E9/><V102/><F102/><W49/><G49/><N who="1" m="19050" /><E26/><V110/><F110/><N who="3" m="41995" /><G7/><T32/><D32/><U84/><E84/><V5/><F46/><W3/><G3/><T72/><D72/><U56/><E56/><V73/><F73/><W0/><G0/><T127/><D127/><U4/><E4/><V53/><F53/><W107/><N who="3" m="40051" /><W30/><DORA hai="103" /><G30/><T36/><D36/><U128/><E128/><V83/><F28/><W131/><G131/><T67/><D31/><U58/><E57/><V133/><F133/><W124/><G124/><T108/><D108/><U89/><E58/><V96/><F5/><W55/><G55/><T11/><D94/><U29/><E29/><V1/><F1/><W37/><G37/><T51/><D93/><U92/><E92/><V75/><F96/><W120/><G120/><T18/><D121/><U12/><E62/><V40/><F2/><W47/><G47/><T112/><D123/><U17/><E66/><V98/><F6/><W81/><G81/><T43/><D67/><U35/><E35/><V38/><F65/><W14/><G14/><T60/><D60/><RYUUKYOKU ba="2,1" sc="215,-10,520,-10,139,-10,116,30" hai3="8,15,19,25,27,82,87" />
</Scene>
<Scene>
<INIT seed="3,3,1,1,3,35" ten="205,510,129,146" oya="3" hai0="105,132,103,54,133,33,135,58,123,121,31,25,109" hai1="122,83,93,74,40,39,97,10,115,99,57,98,102" hai2="59,34,85,44,67,64,120,24,0,32,116,68,119" hai3="125,94,36,108,18,9,46,8,23,110,84,118,90"/><W81/><G118/><T66/><D66/><U47/><E115/><V14/><F68/><W13/><G125/><T129/><D129/><U92/><E122/><V134/><F120/><W72/><G36/><T51/><REACH who="0" step="1"/><D109/><REACH who="0" ten="195,510,129,146" step="2"/><N who="3" m="42089" /><G46/><T96/><AGARI ba="3,2" hai="25,31,33,51,54,58,96,103,105,121,123,132,133,135" machi="96" ten="40,8000,1" yaku="1,1,0,1,20,1,53,1" doraHai="35" doraHaiUra="55" who="0" fromWho="0" sc="195,109,510,-23,129,-23,146,-43" />
</Scene>
<Scene>
<INIT seed="4,0,0,4,0,89" ten="304,487,106,103" oya="0" hai0="21,2,57,39,79,75,9,52,111,5,6,98,23" hai1="60,26,14,118,80,12,135,70,25,69,123,4,1" hai2="65,100,77,61,11,50,74,84,117,8,53,30,36" hai3="119,15,62,49,113,108,16,24,91,72,115,130,125"/><T0/><D39/><U28/><E123/><V78/><F36/><W112/><G108/><T68/><D68/><U104/><E118/><V131/><F74/><W22/><G119/><T55/><D111/><U38/><E104/><V47/><F117/><W18/><G130/><T43/><D43/><U67/><E38/><V54/><F131/><W86/><G72/><T90/><D79/><U93/><E70/><V95/><F54/><W71/><G125/><T3/><D75/><U56/><E80/><V51/><F51/><W17/><G49/><T124/><D124/><U19/><E135/><V110/><F110/><W134/><G134/><T76/><D76/><U128/><E128/><V126/><F126/><W99/><G99/><T94/><D55/><U92/><E1/><V35/><F78/><W114/><G114/><T121/><D121/><U66/><E4/><V106/><F106/><W46/><G46/><T63/><D0/><U102/><E102/><V101/><F77/><W88/><G15/><T120/><D120/><U44/><E44/><V64/><F100/><W132/><G132/><T45/><D45/><U109/><E109/><V31/><F101/><W41/><G41/><T129/><D129/><U20/><E69/><N who="2" m="42127" /><F65/><N who="3" m="41399" /><G91/><T81/><D81/><AGARI ba="0,0" hai="16,17,18,22,24,81,86,88,112,113,115" m="41399" machi="81" ten="30,3900,0" yaku="15,1,54,2" doraHai="89" who="3" fromWho="0" sc="304,-39,487,0,106,0,103,39" />
</Scene>
<Scene>
<INIT seed="5,0,0,4,2,45" ten="265,487,106,142" oya="1" hai0="73,64,119,77,11,96,12,94,128,87,83,20,101" hai1="32,56,59,95,130,91,30,90,109,115,88,26,61" hai2="44,52,107,67,81,132,129,123,126,99,104,113,78" hai3="133,10,40,36,41,25,29,62,98,57,19,2,110"/><U18/><E115/><V50/><F123/><W4/><G110/><T97/><D119/><U37/><E37/><V124/><F113/><W55/><G133/><T122/><D122/><U79/><E109/><V69/><F132/><W31/><G31/><T89/><D64/><U35/><E130/><V71/><F129/><W114/><G114/><T58/><D128/><U48/><E79/><V34/><F34/><W63/><G36/><T49/><D20/><U6/><E6/><V27/><F27/><W9/><G63/><T21/><D21/><U14/><E32/><V82/><F67/><W102/><G19/><T65/><D65/><U7/><E7/><V125/><F82/><W5/><G25/><T3/><D3/><U1/><E1/><V66/><F66/><W134/><G29/><T108/><D108/><U54/><E59/><V22/><F22/><W86/><G86/><T24/><D24/><U28/><E28/><V111/><F111/><W68/><G68/><N who="2" m="26185" /><F99/><W121/><G134/><T43/><D101/><U74/><E74/><AGARI ba="0,0" hai="44,50,52,74,78,81,104,107,124,125,126" m="26185" machi="74" ten="40,5200,0" yaku="18,1,52,1,54,1" doraHai="45" who="2" fromWho="1" sc="265,0,487,-52,106,52,142,0" />
</Scene>
<Scene>
<INIT seed="6,0,0,1,3,2" ten="265,435,158,142" oya="2" hai0="62,1,35,129,125,117,128,105,127,110,84,111,22" hai1="63,5,23,16,54,6,7,130,47,89,57,82,42" hai2="76,3,133,98,81,4,97,51,83,119,60,55,13" hai3="32,37,34,87,52,68,121,80,100,26,20,10,14"/><V21/><F119/><W113/><G121/><T56/><D105/><U95/><E130/><N who="0" m="50281" /><D35/><U19/><E82/><V107/><F133/><W39/><G68/><T28/><D1/><U116/><E116/><V72/><F60/><W40/><G113/><T38/><D38/><U122/><E122/><V77/><F3/><W115/><G100/><T64/><D84/><N who="1" m="52647" /><E23/><V103/><F97/><W79/><G115/><T120/><D120/><U9/><E9/><V27/><F13/><W59/><G39/><T69/><D117/><U29/><E29/><V0/><F0/><W118/><G40/><T123/><D123/><U88/><E88/><V36/><F36/><W75/><G37/><T31/><D22/><U74/><E74/><V61/><F61/><W92/><G118/><T85/><D85/><U25/><E25/><V112/><F112/><W44/><G75/><T18/><D18/><U73/><E73/><V43/><F72/><W106/><G106/><T53/><D31/><U109/><E109/><N who="0" m="41481" /><D28/><U101/><E101/><V49/><F103/><W50/><G92/><T67/><D69/><U96/><E96/><V12/><F98/><W131/><G131/><T86/><D86/><U93/><E93/><V17/><F107/><W99/><G99/><T70/><D70/><U134/><E134/><V126/><F21/><W46/><G34/><T124/><AGARI ba="0,0" hai="53,56,62,64,67,124,125,127" m="41481,50281" machi="124" ten="40,8000,1" yaku="18,1,19,1,34,2" doraHai="2" who="0" fromWho="0" sc="265,80,435,-20,158,-40,142,-20" />
</Scene>
<Scene>
<INIT seed="7,0,0,1,4,113" ten="345,415,118,122" oya="3" hai0="8,13,105,110,124,48,17,75,125,112,114,11,94" hai1="108,89,31,1,133,80,38,9,69,46,14,97,64" hai2="12,90,61,131,104,122,98,5,34,56,101,66,51" hai3="106,44,73,115,85,7,55,39,87,36,127,100,28"/><W33/><G115/><N who="0" m="44075" /><D105/><U25/><E108/><V72/><F34/><W93/><G73/><T43/><D75/><U86/><E133/><V50/><F72/><W3/><G127/><N who="0" m="48715" /><D94/><U79/><E1/><V60/><F131/><W70/><G70/><T120/><D120/><U128/><E128/><V47/><F122/><W10/><G106/><T6/><D43/><U22/><E69/><V84/><F61/><W62/><G33/><T37/><D37/><U119/><E119/><V41/><F51/><W0/><G28/><T121/><D121/><U15/><E64/><V27/><F27/><W126/><G0/><N who="0" m="71" /><D48/><U20/><E38/><V109/><F109/><AGARI ba="0,0" hai="11,13,17,109,110" m="71,48715,44075" machi="109" ten="30,8000,1" yaku="15,1,11,1,18,1,34,2" doraHai="113" who="0" fromWho="2" sc="345,80,415,0,118,-80,122,0" owari="425,52.0,415,22.0,38,-46.0,122,-28.0" />
</Scene>
</mjloggm>