<mjloggm ver="2.3"><GO type="169" lobby="0"/><UN n0="%E5%A4%AA%E3%81%8F%E3%81%AA%E3%81%84%E3%81%8A" n1="%7E%E7%84%A1%E9%A2%A8%7E" n2="%E4%BF%BA%E3%81%A4%E3%81%88%E3%81%88%E3%81%88%EF%BD%9E" n3="%E5%8E%9F%E4%BA%BA%E3%81%A1%E3%82%83%E3%82%93" dan="18,17,17,16" rate="2177.37,2154.91,2122.03,2128.56" sx="F,M,M,M"/><TAIKYOKU oya="0"/>

<Scene>
<INIT seed="0,0,0,1,5,106" ten="250,250,250,250" oya="0" hai0="122,108,109,73,104,54,98,50,30,33,4,13,69" hai1="105,71,112,46,38,21,27,81,135,35,44,17,41" hai2="132,94,74,52,93,87,45,0,5,37,121,133,107" hai3="28,95,22,60,102,61,110,7,101,66,55,51,119"/><T20/><D122/><U31/><E135/><N who="2" m="51787" /><F121/><W47/><G119/><T11/><D69/><U88/><E112/><V6/><F107/><W34/><G34/><T57/><D33/><U15/><E105/><V70/><F70/><W130/><G130/><T48/><D48/><U10/><E71/><V134/><F37/><W123/><G123/><T125/><D125/><U97/><E46/><V79/><F87/><W111/><G7/><N who="2" m="2569" /><F0/><W84/><G28/><T2/><D73/><U91/><E97/><V100/><F100/><W64/><G22/><T39/><D39/><U67/><E67/><V42/><F42/><W131/><G131/><T58/><D58/><U32/><REACH who="1" step="1"/><E91/><REACH who="1" ten="250,240,250,250" step="2"/><V114/><F114/><W53/><G66/><T82/><D98/><U90/><E90/><V75/><F134/><W12/><G47/><T128/><D104/><U8/><E8/><V59/><F45/><W116/><G64/><T19/><D128/><U78/><E78/><V3/><F79/><W65/><G65/><T89/><D89/><U24/><E24/><V40/><F40/><W126/><G126/><T72/><D11/><U124/><E124/><V23/><F23/><W118/><G118/><T18/><D20/><U1/><E1/><V115/><F115/><W9/><G9/><T16/><D2/><U56/><E56/><V29/><F3/><W77/><G116/><T120/><D57/><U62/><E62/><N who="2" m="36199" /><F29/><W80/><G77/><T26/><D30/><U36/><E36/><V49/><F49/><W43/><G51/><T127/><D50/><U68/><E68/><V63/><F63/><RYUUKYOKU ba="0,1" sc="250,-15,240,15,250,15,250,-15" hai1="10,15,17,21,27,31,32,35,38,41,44,81,88" hai2="74,75,93,94" />
</Scene>
<Scene>
<INIT seed="1,1,1,3,0,70" ten="235,255,265,235" oya="1" hai0="68,92,59,34,85,56,90,110,126,104,103,33,38" hai1="67,86,105,78,97,81,82,21,99,47,8,121,76" hai2="109,12,114,60,0,53,51,87,96,26,20,94,122" hai3="31,117,131,52,1,5,91,4,83,111,55,69,80"/><U42/><E121/><V73/><F73/><W134/><G69/><T6/><D68/><U98/><E67/><V13/><F0/><W41/><G111/><T88/><D6/><U49/><E21/><V32/><F32/><W135/><G91/><T113/><D113/><U101/><REACH who="1" step="1"/><E8/><REACH who="1" ten="235,245,265,235" step="2"/><V18/><F114/><W128/><G117/><T100/><D33/><U43/><E43/><V129/><F122/><W28/><G1/><T15/><D34/><U3/><E3/><V39/><F109/><W64/><G64/><T112/><D110/><U74/><AGARI ba="1,2" hai="42,47,49,74,76,78,81,82,86,97,98,99,101,105" machi="74" ten="20,3900,0" yaku="1,1,0,1,7,1,53,0" doraHai="70" doraHaiUra="10" who="1" fromWho="1" sc="235,-14,245,62,265,-14,235,-14" />
</Scene>
<Scene>
<INIT seed="1,2,0,0,0,36" ten="221,307,251,221" oya="1" hai0="49,60,55,47,59,116,108,67,35,134,82,26,7" hai1="25,72,61,18,40,69,14,96,130,129,70,9,86" hai2="62,23,42,89,44,87,98,58,46,32,77,4,45" hai3="100,2,126,83,93,34,53,41,125,107,120,78,103"/><U28/><E72/><V11/><F32/><W128/><G120/><T97/><D116/><U19/><E86/><V131/><F131/><N who="1" m="50185" /><E19/><V114/><F114/><W17/><G128/><T99/><D108/><U127/><E96/><V30/><F98/><W43/><G34/><T5/><D134/><U38/><E61/><V12/><F77/><W85/><G107/><T10/><D7/><U115/><E127/><N who="3" m="48650" /><G2/><T102/><D102/><N who="3" m="38953" /><G93/><T105/><D105/><U57/><E57/><V81/><F30/><W8/><G53/><T111/><D111/><U122/><E115/><V104/><F104/><W48/><G48/><T50/><D50/><U88/><E88/><V31/><F31/><W92/><G92/><T76/><D76/><U37/><E37/><V112/><F112/><W64/><G64/><T110/><D110/><U13/><E13/><AGARI ba="2,0" hai="8,13,17,41,43,78,83,85" m="38953,48650" machi="13" ten="30,3900,0" yaku="18,1,52,2" doraHai="36" who="3" fromWho="1" sc="221,0,307,-45,251,0,221,45" />
</Scene>
<Scene>
<INIT seed="2,0,0,2,5,74" ten="221,262,251,266" oya="2" hai0="95,92,122,16,26,37,61,125,130,68,81,43,28" hai1="66,35,131,111,9,82,75,3,45,13,113,42,4" hai2="128,108,85,55,80,72,46,7,56,20,100,60,8" hai3="22,67,135,18,62,19,106,36,24,134,39,32,99"/><V70/><F128/><W110/><G110/><T25/><D122/><U31/><E111/><V112/><F112/><W54/><G54/><T124/><D130/><U15/><E66/><V84/><F108/><W104/><G32/><N who="0" m="20495" /><D81/><U105/><E105/><N who="3" m="40554" /><G99/><T89/><D37/><N who="1" m="21711" /><E113/><V1/><F100/><W57/><G19/><T64/><D43/><U17/><E17/><V121/><F121/><W94/><G94/><T107/><D89/><U33/><E131/><V23/><F70/><W93/><G93/><T86/><D86/><U40/><E40/><V49/><F72/><W63/><G63/><T50/><D50/><U78/><E35/><V48/><F85/><W44/><G44/><T90/><D90/><U27/><AGARI ba="0,0" hai="3,4,9,13,15,27,31,33,75,78,82" m="21711" machi="27" ten="30,2000,0" yaku="25,1,52,1" doraHai="74" who="1" fromWho="1" sc="221,-5,262,20,251,-10,266,-5" />
</Scene>
<Scene>
<INIT seed="3,0,0,1,0,30" ten="216,282,241,261" oya="3" hai0="25,134,12,90,55,108,80,127,48,111,67,40,99" hai1="33,76,133,117,123,106,75,97,50,43,105,119,69" hai2="118,22,5,31,132,61,59,104,34,46,64,23,3" hai3="20,56,45,96,38,92,87,100,16,57,6,122,27"/><W88/><G122/><T86/><D127/><U83/><E123/><V37/><F118/><W84/><G84/><T53/><D134/><U14/><E69/><V51/><F104/><W32/><G6/><T91/><D67/><U62/><E62/><V60/><F132/><W94/><REACH who="3" step="1"/><G32/><REACH who="3" ten="216,282,241,251" step="2"/><T10/><D111/><U125/><E33/><V44/><F5/><W95/><G95/><N who="0" m="56831" /><D108/><U19/><E106/><V135/><F135/><W58/><G58/><T9/><D86/><U114/><E105/><V28/><F34/><W36/><G36/><T93/><D93/><U63/><E133/><V65/><F37/><W120/><G120/><T70/><D70/><U112/><E119/><V29/><F3/><W11/><G11/><T73/><D9/><U129/><E117/><V52/><REACH who="2" step="1"/><F44/><REACH who="2" ten="216,282,231,251" step="2"/><W77/><G77/><T126/><D126/><U13/><E76/><V121/><F121/><W0/><G0/><T131/><D131/><U124/><E129/><V103/><F103/><W110/><G110/><T74/><D74/><U115/><E75/><V18/><F18/><W4/><G4/><T101/><D73/><U66/><E19/><V35/><F35/><W68/><G68/><AGARI ba="0,2" hai="22,23,28,29,31,46,51,52,59,60,61,64,65,68" machi="68" ten="40,2600,0" yaku="1,1,54,1,53,0" doraHai="30" doraHaiUra="89" who="2" fromWho="3" sc="216,0,282,0,231,46,251,-26" />
</Scene>
<Scene>
<INIT seed="4,0,0,3,2,2" ten="216,282,277,225" oya="0" hai0="39,31,65,24,23,111,110,88,64,35,130,73,106" hai1="25,42,83,11,8,13,72,119,34,93,86,132,84" hai2="29,82,71,56,75,32,61,117,28,53,113,107,105" hai3="114,100,89,78,128,79,121,134,87,104,19,74,131"/><T33/><D39/><U36/><E119/><V58/><F117/><W43/><G43/><T3/><D73/><U80/><E132/><V50/><F71/><W68/><G68/><T102/><D3/><U129/><E129/><N who="3" m="49738" /><G19/><T60/><D130/><U108/><E93/><V67/><F113/><W21/><G21/><T133/><D133/><U77/><E108/><N who="0" m="41513" /><D88/><U14/><E42/><V135/><F135/><W52/><G134/><T70/><D65/><U16/><E36/><V49/><F32/><N who="0" m="12362" /><D102/><U55/><E55/><V115/><F115/><W123/><G52/><T76/><D76/><N who="3" m="29225" /><G74/><T20/><D20/><U10/><E83/><V95/><F75/><W124/><G114/><T15/><D15/><U118/><E118/><V7/><F82/><N who="3" m="49399" /><G124/><T99/><D23/><U85/><E13/><V90/><F53/><W4/><G4/><T40/><D40/><U26/><E34/><V101/><F67/><W27/><G27/><T66/><D66/><U59/><E26/><V46/><F46/><W81/><G81/><T6/><D6/><U98/><E25/><V127/><F7/><W126/><G126/><T1/><D24/><U91/><E14/><V69/><F69/><W22/><G22/><T17/><D17/><U5/><E16/><V37/><F37/><W125/><G125/><T44/><D44/><U112/><E5/><V63/><F127/><W51/><G51/><T120/><D1/><U41/><E72/><V12/><F12/><W54/><G54/><T18/><D18/><U97/><E41/><V45/><F45/><W57/><G57/><T109/><D109/><RYUUKYOKU ba="0,0" sc="216,-10,282,-10,277,-10,225,30" hai3="100,104,121,123" />
</Scene>
<Scene>
<INIT seed="5,1,0,1,2,9" ten="206,272,267,255" oya="1" hai0="36,12,108,114,85,45,10,62,86,98,43,66,126" hai1="71,111,16,70,134,37,59,44,115,123,127,2,38" hai2="32,132,83,60,0,54,8,88,99,103,26,121,6" hai3="68,105,116,96,40,80,34,73,13,20,128,18,61"/><U129/><RYUUKYOKU type="yao9" ba="1,0" sc="206,0,272,0,267,0,255,0" hai1="2,16,37,38,44,59,70,71,111,115,123,127,129,134" />
</Scene>
<Scene>
<INIT seed="5,2,0,0,2,43" ten="206,272,267,255" oya="1" hai0="14,60,115,29,78,79,75,123,118,21,124,130,17" hai1="103,111,53,32,125,87,70,45,12,99,42,44,114" hai2="58,57,39,68,106,9,24,113,47,119,127,96,11" hai3="10,122,101,73,49,82,26,100,94,7,98,38,90"/><U51/><E32/><V2/><F119/><W20/><G38/><T74/><D118/><U13/><E114/><V8/><F68/><W15/><G122/><T34/><D115/><U116/><E116/><V46/><F113/><W1/><G1/><T19/><D123/><U16/><E70/><V84/><F2/><W97/><G97/><T35/><D124/><U88/><E125/><V55/><F127/><W0/><G0/><T104/><D104/><U23/><E111/><V61/><F39/><W102/><G73/><T30/><D60/><U31/><E31/><V107/><F24/><W105/><G105/><T27/><D130/><U33/><E33/><V65/><F106/><W56/><G56/><T86/><D86/><U37/><E99/><V110/><F110/><W129/><G129/><T36/><D36/><U131/><E131/><V6/><F6/><W134/><G134/><T41/><D41/><U67/><E67/><V133/><F133/><W109/><G109/><T5/><D5/><U132/><E103/><V64/><F64/><W81/><REACH who="3" step="1"/><G49/><REACH who="3" ten="206,272,267,245" step="2"/><T120/><D120/><U128/><E132/><V3/><F3/><W18/><AGARI ba="2,1" hai="7,10,15,18,20,26,81,82,90,94,98,100,101,102" machi="18" ten="30,7900,0" yaku="1,1,2,1,0,1,8,1,53,0" doraHai="43" doraHaiUra="83" who="3" fromWho="3" sc="206,-22,272,-41,267,-22,245,95" />
</Scene>
<Scene>
<INIT seed="6,0,0,2,2,73" ten="184,231,245,340" oya="2" hai0="44,6,93,121,130,29,46,105,96,42,47,89,56" hai1="9,94,49,70,98,48,128,2,45,60,118,107,78" hai2="58,51,12,116,72,67,82,50,64,33,21,8,102" hai3="52,125,74,18,133,35,112,63,59,123,1,30,135"/><V119/><F33/><W16/><G123/><T28/><D121/><U86/><E118/><V20/><F102/><W0/><G125/><T53/><D130/><U122/><E128/><V95/><F95/><W113/><G74/><T80/><D42/><U34/><E34/><V10/><F72/><W81/><G81/><T43/><D43/><U57/><E70/><V69/><F82/><W129/><G129/><T54/><D105/><U126/><E126/><V41/><F41/><W7/><G30/><T117/><D117/><U87/><E107/><V32/><F32/><W11/><G1/><T31/><D6/><U111/><E111/><V62/><F58/><W115/><G35/><T134/><D134/><AGARI ba="0,0" hai="0,7,11,16,18,52,59,63,112,113,115,133,134,135" machi="134" ten="50,8000,1" yaku="15,1,11,1,20,1,54,2" doraHai="73" who="3" fromWho="0" sc="184,-80,231,0,245,0,340,80" />
</Scene>
<Scene>
<INIT seed="7,0,0,3,1,105" ten="104,231,245,420" oya="3" hai0="94,60,123,62,58,49,31,10,63,61,24,99,109" hai1="83,55,130,116,134,15,22,27,44,2,101,23,111" hai2="89,52,54,69,78,30,47,50,26,51,77,129,67" hai3="43,1,135,82,71,81,12,4,97,36,118,122,125"/><W20/><G1/><T124/><D109/><U113/><E111/><V11/><F129/><W41/><G97/><T107/><D123/><U40/><E130/><V131/><F131/><W106/><G82/><T35/><D124/><U42/><E134/><V38/><F38/><W79/><G43/><T128/><D128/><U33/><E2/><V91/><F11/><W103/><G81/><T114/><D107/><U25/><E113/><V84/><F67/><W117/><G79/><T8/><D114/><U133/><E116/><V59/><F69/><W80/><G80/><T92/><D92/><U75/><E33/><V70/><F70/><W29/><G20/><T93/><D93/><U108/><E108/><V45/><F59/><W16/><G29/><T53/><N who="0" m="15360" /><DORA hai="73" /><T14/><REACH who="0" step="1"/><D14/><REACH who="0" ten="94,231,245,420" step="2"/><U56/><E15/><V115/><F115/><W88/><G12/><T98/><D98/><U121/><E121/><V102/><F102/><AGARI ba="0,1" hai="8,10,24,31,35,49,53,58,94,99,102" m="15360" machi="102" ten="50,3200,0" yaku="1,1,53,1" doraHai="105,73" doraHaiUra="96,85" who="0" fromWho="2" sc="94,42,231,0,245,-32,420,0" owari="136,-36.0,231,3.0,213,-19.0,420,52.0" />
</Scene>
</mjloggm>