<mjloggm ver="2.3"><GO type="169" lobby="0"/><UN n0="%E5%A4%AA%E3%81%8F%E3%81%AA%E3%81%84%E3%81%8A" n1="%57%68%69%6C%65" n2="%E3%82%BA%E3%83%83%E3%82%B7%E3%83%BC" n3="%54%4C%49%43%30%33" dan="18,16,16,16" rate="2159.78,2136.26,2032.36,2103.67" sx="M,F,M,M"/><TAIKYOKU oya="0"/>

<Scene>
<INIT seed="0,0,0,0,4,107" ten="250,250,250,250" oya="0" hai0="77,91,24,99,115,28,54,105,36,135,110,66,103" hai1="85,13,76,94,39,64,97,26,86,62,93,56,113" hai2="130,40,129,71,51,119,72,121,61,23,18,80,63" hai3="126,16,88,73,96,81,132,109,43,47,118,59,17"/><T104/><D115/><U98/><E39/><V9/><F121/><W38/><G118/><T60/><D36/><U58/><E113/><V8/><F119/><W123/><G123/><T34/><D135/><U122/><E122/><V2/><F40/><W21/><G132/><T134/><D134/><U31/><E13/><V67/><F51/><W89/><G109/><T78/><D105/><U46/><E46/><V106/><F106/><W4/><G4/><T74/><D110/><U128/><E76/><N who="2" m="44039" /><F61/><W83/><G126/><T65/><D91/><U120/><E120/><V19/><F19/><W75/><G59/><T11/><D11/><U41/><E41/><V3/><F9/><W20/><G96/><T95/><D95/><U87/><E58/><V116/><F8/><W79/><G20/><T131/><D54/><U112/><E112/><V111/><F111/><W35/><G35/><T125/><D66/><U114/><E114/><V37/><F37/><W32/><G32/><T33/><D33/><U1/><E1/><V7/><F7/><W14/><G17/><T92/><D104/><U52/><E64/><V44/><F44/><W53/><G53/><T101/><D34/><N who="1" m="20855" /><E94/><V69/><F69/><W15/><G14/><T57/><D65/><U90/><E97/><V10/><F10/><W117/><G117/><T12/><D99/><U29/><E29/><V84/><F84/><W124/><G124/><T49/><D12/><U68/><E68/><V102/><F102/><W0/><G0/><N who="2" m="41" /><F116/><W45/><G45/><T27/><D125/><U108/><E108/><V22/><F22/><RYUUKYOKU ba="0,0" sc="250,-30,250,10,250,10,250,10" hai1="52,56,62,85,86,87,90,93,98,128" hai2="18,23,63,67,71,129,130" hai3="15,16,21,38,43,47,73,75,79,81,83,88,89" />
</Scene>
<Scene>
<INIT seed="1,1,0,2,1,98" ten="220,260,260,260" oya="1" hai0="45,89,42,21,122,119,83,32,85,3,4,24,53" hai1="126,107,60,92,123,100,128,35,50,58,68,130,99" hai2="66,110,77,29,34,19,36,31,56,105,44,47,121" hai3="2,103,90,84,26,30,96,79,93,67,18,124,72"/><U104/><E123/><V113/><F121/><W91/><G2/><T6/><D122/><U43/><E35/><V28/><F105/><W54/><G67/><T109/><D119/><U120/><E120/><V59/><F110/><W114/><G114/><T132/><D109/><U51/><E68/><V75/><F34/><W127/><G72/><T9/><D132/><U12/><E126/><N who="3" m="48170" /><G18/><T49/><D6/><U111/><E111/><V76/><F113/><W17/><G17/><T15/><D32/><U95/><E12/><V37/><F75/><W57/><G79/><N who="2" m="30281" /><F19/><W71/><G71/><T23/><D3/><U64/><E104/><V5/><F5/><W62/><G84/><T94/><D24/><U70/><E70/><V16/><F16/><W22/><AGARI ba="1,0" hai="22,26,30,54,57,62,90,91,93,96,103" m="48170" machi="22" ten="30,2000,0" yaku="18,1,52,1" doraHai="98" who="3" fromWho="3" sc="220,-6,260,-11,260,-6,260,23" />
</Scene>
<Scene>
<INIT seed="2,0,0,4,5,8" ten="214,249,254,283" oya="2" hai0="95,94,62,26,79,33,49,104,128,68,100,63,29" hai1="25,66,4,108,50,64,78,124,15,72,120,18,73" hai2="41,34,32,28,17,101,126,27,60,31,130,80,89" hai3="111,107,51,86,88,54,58,30,53,37,9,92,97"/><V38/><F126/><W125/><G37/><T48/><D63/><U133/><E124/><V11/><F130/><W23/><G125/><T85/><D128/><U132/><E108/><V91/><F101/><W36/><G36/><T115/><D115/><U14/><E120/><V75/><F60/><W84/><G107/><T106/><D106/><U7/><E25/><V77/><F38/><W109/><G9/><T19/><D79/><U67/><E50/><N who="0" m="19561" /><D19/><U127/><E127/><V110/><F41/><W61/><G30/><T71/><D85/><U46/><E46/><V93/><F110/><N who="3" m="41995" /><G23/><T90/><D90/><U1/><E18/><V69/><F69/><W134/><G134/><N who="1" m="51818" /><E78/><V42/><F42/><W119/><G119/><T74/><D71/><U70/><E70/><V0/><F93/><W40/><G40/><T116/><D116/><U10/><E4/><V44/><F44/><AGARI ba="0,0" hai="44,51,53,54,58,61,84,86,88,92,97" m="41995" machi="44" ten="30,2000,0" yaku="14,1,54,1" doraHai="8" who="3" fromWho="2" sc="214,0,249,0,254,-20,283,20" />
</Scene>
<Scene>
<INIT seed="3,0,0,5,1,8" ten="214,249,234,303" oya="3" hai0="120,97,122,40,76,71,68,90,99,35,62,106,101" hai1="73,30,26,95,75,29,125,126,25,58,52,48,69" hai2="45,107,72,50,9,41,96,16,117,53,11,111,42" hai3="74,135,28,93,94,89,128,114,108,78,65,33,77"/><W38/><G38/><T3/><D3/><U102/><E69/><V87/><F117/><W0/><G0/><T59/><D76/><U98/><E26/><V112/><F72/><W21/><G33/><T124/><D40/><U20/><REACH who="1" step="1"/><E30/><REACH who="1" ten="214,239,234,303" step="2"/><V61/><F112/><W39/><G28/><T103/><D68/><U24/><E24/><V129/><F129/><W32/><G128/><T121/><D71/><U83/><E83/><V51/><F111/><W118/><G108/><T4/><D121/><U31/><E31/><V7/><F107/><W23/><G114/><T84/><D122/><U34/><E34/><V109/><F109/><W132/><G32/><T81/><D35/><U2/><E2/><V85/><F96/><W22/><G135/><T123/><D120/><U15/><E15/><N who="2" m="5567" /><F61/><W64/><G132/><T36/><D123/><U27/><E27/><V6/><F6/><W115/><G115/><T54/><D4/><U12/><E12/><N who="2" m="7199" /><F42/><W63/><G63/><T55/><D99/><U88/><E88/><V133/><F133/><W80/><G89/><T18/><D97/><U17/><E17/><V49/><F41/><W131/><G131/><T110/><D106/><U86/><E86/><AGARI ba="0,1" hai="45,49,50,51,53,85,86,87" m="7199,5567" machi="86" ten="30,7700,0" yaku="8,1,52,2,54,1" doraHai="8" who="2" fromWho="1" sc="214,0,239,-77,234,87,303,0" />
</Scene>
<Scene>
<INIT seed="4,0,0,2,2,112" ten="214,162,321,303" oya="0" hai0="83,100,103,52,93,35,118,125,49,30,59,84,115" hai1="2,89,0,134,70,25,24,34,63,116,16,104,60" hai2="87,133,66,3,33,108,81,102,132,22,121,82,106" hai3="64,80,126,111,109,65,53,40,119,42,57,68,58"/><T67/><D115/><U46/><E104/><V74/><F121/><W110/><G80/><T6/><D125/><U124/><E134/><V48/><F33/><W14/><G14/><T15/><D118/><U45/><E124/><V54/><F3/><W114/><G126/><T107/><D107/><U55/><E34/><V39/><F39/><W8/><G8/><N who="0" m="4503" /><D35/><U7/><E7/><V75/><F108/><W13/><G13/><T23/><D93/><U78/><E78/><V79/><F66/><N who="3" m="25707" /><G114/><T129/><D129/><U95/><E95/><V10/><F10/><W17/><G17/><T122/><D67/><U43/><E43/><N who="3" m="16426" /><G119/><T97/><D97/><U56/><E56/><N who="3" m="21610" /><G53/><T120/><D120/><U123/><E55/><V28/><F75/><W36/><G36/><T72/><D72/><U117/><E123/><V9/><F74/><W37/><G37/><T113/><D122/><U101/><E101/><V21/><F82/><W128/><G128/><T92/><D92/><U127/><E127/><V69/><F81/><W47/><G68/><T85/><D113/><U51/><E70/><V96/><F69/><W44/><AGARI ba="0,0" hai="44,47,109,110,111" m="21610,16426,25707" machi="44" ten="40,8000,1" yaku="28,2,34,2" doraHai="112" who="3" fromWho="3" sc="214,-40,162,-20,321,-20,303,80" />
</Scene>
<Scene>
<INIT seed="5,0,0,4,3,77" ten="174,142,301,383" oya="1" hai0="80,32,62,100,96,67,102,51,0,132,72,83,68" hai1="50,81,97,110,46,89,104,111,129,43,35,108,125" hai2="48,130,6,90,16,75,101,54,114,61,64,124,123" hai3="103,105,44,131,71,120,92,135,113,95,53,7,29"/><U30/><E125/><V98/><F123/><W13/><G120/><T33/><D0/><U10/><E129/><V22/><F124/><W116/><G71/><T126/><D126/><U8/><E30/><V20/><F75/><W134/><G105/><T41/><D132/><U65/><E35/><V106/><F130/><W56/><G131/><T128/><D128/><U57/><E65/><V40/><F40/><W37/><G113/><T17/><D17/><U19/><E57/><V38/><F38/><W119/><G29/><T107/><D100/><N who="1" m="62479" /><E19/><V28/><F6/><W94/><G103/><T78/><REACH who="0" step="1"/><D83/><REACH who="0" ten="164,142,301,383" step="2"/><U47/><E47/><AGARI ba="0,1" hai="32,33,41,47,51,62,67,68,72,78,80,96,102,107" machi="47" ten="40,8000,1" yaku="1,1,2,1,52,1,53,2" doraHai="77" doraHaiUra="31" who="0" fromWho="1" sc="164,90,142,-80,301,0,383,0" />
</Scene>
<Scene>
<INIT seed="6,0,0,1,3,129" ten="254,62,301,383" oya="2" hai0="27,38,132,109,10,60,90,36,8,105,70,75,14" hai1="73,126,2,40,77,0,121,115,50,22,69,125,89" hai2="29,80,11,91,114,93,117,103,32,82,111,45,78" hai3="134,33,61,47,64,56,23,26,135,28,88,59,100"/><V130/><F130/><W106/><G47/><T71/><D109/><U96/><E69/><V124/><F117/><W98/><G56/><T112/><D75/><U123/><E115/><V95/><F114/><W30/><G88/><T83/><D105/><U54/><E40/><V110/><F32/><W86/><G86/><T101/><D101/><U37/><E37/><V57/><F29/><W53/><G53/><T1/><D27/><U102/><E89/><V119/><F45/><W120/><G120/><T15/><D1/><U58/><E22/><V84/><F11/><W24/><AGARI ba="0,0" hai="23,24,26,28,30,33,59,61,64,98,100,106,134,135" machi="24" ten="30,4000,0" yaku="0,1,52,2" doraHai="129" who="3" fromWho="3" sc="254,-10,62,-10,301,-20,383,40" />
</Scene>
<Scene>
<INIT seed="7,0,0,0,5,46" ten="244,52,281,423" oya="3" hai0="29,23,63,3,87,15,57,27,62,99,65,133,134" hai1="48,66,129,28,100,75,112,128,51,71,80,32,12" hai2="38,5,10,116,106,111,124,17,82,37,68,132,101" hai3="54,95,103,85,125,1,61,50,40,115,102,130,105"/><W7/><G103/><T110/><D110/><U6/><E112/><V25/><F101/><W86/><G85/><T90/><D3/><U22/><E100/><V21/><F116/><W135/><G54/><T0/><D0/><U107/><E107/><V79/><F106/><W81/><G61/><T91/><D99/><U59/><E71/><V76/><F111/><W113/><G115/><T47/><D15/><U39/><E39/><V34/><F68/><W11/><G95/><T24/><D63/><U49/><E32/><V9/><F132/><W121/><G125/><T45/><D27/><U72/><E80/><V4/><F124/><W52/><G130/><T114/><D114/><U88/><E28/><V104/><F79/><W117/><G113/><T93/><D91/><U127/><E88/><V83/><F104/><W41/><G105/><T94/><D94/><U53/><E66/><V89/><F34/><W20/><G135/><T14/><D134/><U78/><E127/><V77/><F89/><W30/><G121/><T120/><D120/><U60/><E78/><V44/><F44/><W36/><G36/><T126/><D126/><U119/><E119/><V84/><F5/><W67/><G102/><T123/><D123/><U108/><E108/><V2/><F10/><W122/><G11/><T70/><D133/><U26/><E26/><V64/><F64/><W73/><G67/><N who="0" m="41335" /><D14/><U19/><REACH who="1" step="1"/><E6/><REACH who="1" ten="244,42,281,423" step="2"/><V13/><F25/><W58/><G7/><T92/><D92/><U43/><E43/><V96/><F96/><W16/><G41/><T31/><D31/><U55/><E55/><RYUUKYOKU ba="0,1" sc="244,10,42,10,281,10,423,-30" hai0="23,24,29,45,47,57,65,87,90,93" hai1="12,19,22,48,49,51,53,59,60,72,75,128,129" hai2="2,4,9,13,17,21,37,38,76,77,82,83,84" owari="254,-15.0,52,-45.0,291,9.0,403,51.0" />
</Scene>
</mjloggm>