<mjloggm ver="2.3"><GO type="169" lobby="0"/><UN n0="%61%6D%65%64%69%6F" n1="%E3%82%A6%E3%82%A3%E3%83%89%E3%82%A5%EF%BC%A0%E9%98%AA%E7%A5%9E" n2="%E3%82%B3%E3%83%AD%E3%83%A9%E3%83%89" n3="%E5%A4%AA%E3%81%8F%E3%81%AA%E3%81%84%E3%81%8A" dan="16,17,17,18" rate="2096.39,2176.89,2152.17,2232.26" sx="M,M,M,F"/><TAIKYOKU oya="0"/>

<Scene>
<INIT seed="0,0,0,3,1,14" ten="250,250,250,250" oya="0" hai0="7,35,44,40,71,31,28,103,66,6,60,38,47" hai1="80,51,122,131,109,34,57,32,16,74,134,87,132" hai2="13,85,69,97,53,95,49,48,58,101,43,112,17" hai3="5,52,111,86,81,108,50,56,62,126,113,90,0"/><T102/><D35/><U3/><E122/><V94/><F112/><W37/><G37/><T77/><D77/><U123/><E123/><V124/><F69/><W22/><G113/><T88/><D7/><U9/><E74/><V11/><F124/><W10/><G126/><T20/><D6/><U67/><E109/><V39/><F39/><W19/><REACH who="3" step="1"/><G62/><REACH who="3" ten="250,250,250,240" step="2"/><T133/><D38/><U107/><E131/><V84/><REACH who="2" step="1"/><F95/><REACH who="2" ten="250,250,240,240" step="2"/><W106/><G106/><T110/><D110/><U89/><E107/><V33/><F33/><W46/><G46/><AGARI ba="0,2" hai="11,13,17,43,46,48,49,53,58,84,85,94,97,101" machi="46" ten="40,5200,0" yaku="1,1,8,1,52,1,53,0" doraHai="14" doraHaiUra="117" who="2" fromWho="3" sc="250,0,250,0,240,72,240,-52" />
</Scene>
<Scene>
<INIT seed="1,0,0,2,4,64" ten="250,250,312,188" oya="1" hai0="95,44,97,75,106,63,102,10,73,45,19,126,77" hai1="30,135,111,69,39,12,35,66,108,98,84,22,115" hai2="20,59,55,21,41,120,52,90,67,101,104,40,34" hai3="50,117,82,26,24,29,23,122,32,79,112,76,17"/><U121/><E121/><V85/><F34/><W65/><G122/><T46/><D106/><U109/><E115/><V87/><F120/><W86/><G117/><T0/><D126/><U100/><E135/><V51/><F67/><W107/><G112/><T62/><D77/><U96/><E39/><V72/><F72/><W71/><G107/><T31/><D75/><U99/><E84/><V58/><F101/><W43/><G76/><T13/><D73/><U54/><E35/><V78/><F104/><W131/><G131/><T48/><D0/><U83/><E83/><N who="2" m="47351" /><F21/><W88/><G79/><T80/><D80/><U25/><E54/><V89/><F20/><W70/><REACH who="3" step="1"/><G65/><REACH who="3" ten="250,250,312,178" step="2"/><T11/><D11/><U128/><E128/><V118/><F118/><W103/><G103/><T60/><REACH who="0" step="1"/><D31/><REACH who="0" ten="240,250,312,178" step="2"/><U2/><E30/><V105/><F105/><W57/><G57/><T9/><D9/><U16/><E100/><V93/><F59/><W14/><G14/><T27/><D27/><U91/><E12/><V7/><F58/><W38/><G38/><T47/><D47/><AGARI ba="0,2" hai="17,23,24,26,29,32,43,47,50,70,71,82,86,88" machi="47" ten="40,8000,1" yaku="1,1,52,2,54,1,53,0" doraHai="64" doraHaiUra="133" who="3" fromWho="0" sc="240,-80,250,0,312,0,178,100" />
</Scene>
<Scene>
<INIT seed="2,0,0,4,4,82" ten="160,250,312,278" oya="2" hai0="50,15,126,75,109,11,45,123,76,120,105,12,125" hai1="41,33,117,81,85,29,102,21,129,7,131,58,108" hai2="79,5,95,49,111,68,104,128,72,77,119,43,13" hai3="60,51,135,93,17,30,107,86,28,101,23,98,99"/><V40/><F104/><W56/><G135/><T115/><D105/><U48/><E117/><V10/><F119/><W73/><G73/><T1/><D75/><U118/><E118/><V106/><F106/><W57/><G51/><T3/><D76/><U132/><E132/><V44/><F72/><W64/><G57/><T100/><D100/><U127/><E33/><V38/><F68/><W97/><G86/><T37/><D37/><U65/><E7/><V133/><F133/><W35/><G35/><T78/><D78/><U124/><E108/><V71/><F71/><W4/><G4/><T54/><D54/><N who="1" m="32071" /><E102/><V8/><F128/><N who="1" m="49225" /><E41/><V67/><F111/><W87/><G107/><T2/><D50/><U46/><E46/><V92/><F67/><W52/><G64/><T31/><D45/><U70/><E65/><V55/><F40/><W34/><G34/><T14/><D109/><U69/><E29/><V63/><F38/><W130/><G130/><T42/><D31/><U88/><E21/><V83/><F10/><W6/><G6/><T61/><D42/><U25/><E25/><V134/><F134/><W89/><G101/><T96/><D61/><U22/><E22/><V24/><F24/><AGARI ba="0,0" hai="17,23,24,28,30,52,56,60,87,89,93,97,98,99" machi="24" ten="40,5200,0" yaku="8,1,52,1,54,1" doraHai="82" who="3" fromWho="2" sc="160,0,250,0,312,-52,278,52" />
</Scene>
<Scene>
<INIT seed="3,0,0,2,2,41" ten="160,250,260,330" oya="3" hai0="126,78,9,56,125,49,2,124,7,18,122,25,102" hai1="68,59,82,101,99,64,88,121,55,28,26,44,0" hai2="43,22,4,66,105,91,114,27,117,84,111,52,123" hai3="90,131,118,74,50,132,8,48,73,92,85,80,115"/><W120/><G120/><T89/><D78/><U129/><E121/><V47/><F114/><W24/><G115/><T135/><D102/><U10/><E129/><V20/><F117/><W30/><G118/><T38/><D38/><U15/><E0/><V5/><F105/><W40/><G131/><T36/><D36/><U3/><E3/><V16/><F123/><W42/><G132/><T39/><D39/><U62/><E68/><V98/><F111/><W127/><G127/><T14/><D89/><U128/><E128/><V72/><F72/><W134/><G134/><T29/><D56/><U13/><E10/><V119/><F66/><W46/><G8/><T51/><D122/><U116/><E116/><V83/><F119/><W63/><G63/><T61/><D61/><U37/><E82/><V81/><F81/><W19/><G19/><T23/><REACH who="0" step="1"/><D135/><REACH who="0" ten="150,250,260,330" step="2"/><U133/><E133/><V130/><F130/><W103/><G103/><T79/><D79/><U106/><E88/><V71/><F71/><W6/><G80/><T53/><D53/><U107/><E107/><V11/><F43/><W109/><G40/><T76/><D76/><U108/><E37/><V1/><F52/><W75/><G42/><T34/><AGARI ba="0,1" hai="2,7,9,14,18,23,25,29,34,49,51,124,125,126" machi="34" ten="30,8000,1" yaku="1,1,0,1,24,2,18,1,53,0" doraHai="41" doraHaiUra="110" who="0" fromWho="0" sc="150,90,250,-20,260,-20,330,-40" />
</Scene>
<Scene>
<INIT seed="4,0,0,5,5,89" ten="240,230,240,290" oya="0" hai0="67,116,78,99,133,46,71,112,6,91,50,5,123" hai1="117,58,81,79,87,56,115,131,96,98,12,7,93" hai2="18,20,27,82,105,1,127,14,134,76,74,41,59" hai3="54,109,62,28,100,75,135,125,4,132,10,72,11"/><T118/><D123/><U16/><E117/><V83/><F1/><W108/><G28/><T21/><D78/><U34/><E34/><V88/><F105/><W73/><G100/><T110/><D71/><U128/><E7/><V130/><F130/><N who="1" m="49705" /><E98/><V47/><F134/><N who="3" m="51243" /><G125/><T39/><D39/><U44/><E44/><V49/><F127/><W43/><G43/><T113/><D67/><U124/><E124/><V68/><F68/><W120/><G120/><T66/><D66/><U37/><E37/><V3/><F3/><N who="3" m="287" /><G11/><T26/><D5/><U80/><E80/><V90/><F82/><W77/><G77/><T57/><D6/><U126/><E115/><N who="0" m="44105" /><D133/><U13/><E13/><V42/><F42/><W63/><G54/><N who="0" m="31959" /><D46/><U17/><E126/><V107/><F107/><W70/><G70/><T51/><D51/><U101/><E17/><V52/><REACH who="2" step="1"/><F27/><REACH who="2" ten="240,230,230,290" step="2"/><W84/><G109/><T29/><D110/><U61/><E61/><AGARI ba="0,1" hai="14,18,20,41,47,49,52,59,61,74,76,83,88,90" machi="61" ten="30,8000,1" yaku="1,1,2,1,7,1,54,2,53,0" doraHai="89" doraHaiUra="94" who="2" fromWho="1" sc="240,0,230,-80,230,90,290,0" />
</Scene>
<Scene>
<INIT seed="5,0,0,2,5,72" ten="240,150,320,290" oya="1" hai0="135,21,29,0,119,12,74,90,87,89,33,5,23" hai1="48,123,59,56,57,131,130,45,109,134,82,13,108" hai2="55,9,4,49,54,17,75,127,79,40,37,94,118" hai3="8,116,96,84,77,43,30,117,6,15,19,68,83"/><U14/><E82/><N who="2" m="45439" /><F49/><W50/><G68/><T46/><D74/><U113/><E13/><V53/><F17/><W20/><G30/><T25/><D135/><U51/><E14/><V126/><F94/><W102/><G43/><T80/><D119/><U42/><E134/><V36/><F118/><W86/><G50/><N who="1" m="18986" /><E113/><V107/><F107/><W24/><REACH who="3" step="1"/><G86/><REACH who="3" ten="240,150,320,280" step="2"/><T52/><D46/><U11/><E123/><V38/><F40/><W95/><AGARI ba="0,1" hai="6,8,15,19,20,24,77,83,84,95,96,102,116,117" machi="95" ten="30,7900,0" yaku="1,1,2,1,0,1,52,1,53,0" doraHai="72" doraHaiUra="106" who="3" fromWho="3" sc="240,-20,150,-39,320,-20,280,89" />
</Scene>
<Scene>
<INIT seed="6,0,0,5,3,3" ten="220,111,300,369" oya="2" hai0="108,68,23,50,49,102,48,30,112,135,59,126,118" hai1="107,44,74,53,104,125,47,99,71,55,14,13,40" hai2="37,85,58,67,79,86,111,98,31,20,52,9,70" hai3="43,122,90,42,94,129,106,21,76,81,75,80,29"/><V92/><F37/><W27/><G122/><T73/><D68/><U18/><E71/><V0/><F111/><W89/><G106/><T88/><D73/><U65/><E74/><V57/><F70/><W64/><G129/><T12/><D108/><U25/><E65/><V123/><F123/><W19/><G64/><T72/><D72/><U130/><E130/><V63/><F79/><W51/><G51/><T127/><D102/><U133/><E133/><V100/><F0/><W77/><G90/><T4/><D112/><U1/><E1/><V54/><F9/><W101/><G101/><T62/><D135/><U95/><E125/><V2/><F2/><W24/><G80/><T131/><D118/><U93/><E25/><N who="2" m="16807" /><F54/><W116/><G77/><T66/><D30/><U41/><REACH who="1" step="1"/><E18/><REACH who="1" ten="220,101,300,369" step="2"/><V11/><F11/><W39/><G116/><T60/><D131/><U114/><E114/><V128/><F128/><W103/><G19/><T6/><D127/><U17/><E17/><V84/><F86/><W61/><G75/><T105/><D126/><U28/><E28/><V124/><F124/><W45/><G29/><T97/><D66/><U134/><E134/><V16/><F16/><W117/><G117/><T132/><D132/><U96/><AGARI ba="0,1" hai="13,14,40,41,44,47,53,55,93,95,96,99,104,107" machi="96" ten="25,6400,0" yaku="1,1,0,1,22,2,53,0" doraHai="3" doraHaiUra="7" who="1" fromWho="1" sc="220,-16,101,74,300,-32,369,-16" />
</Scene>
<Scene>
<INIT seed="7,0,0,5,1,83" ten="204,175,268,353" oya="3" hai0="107,19,129,65,20,95,15,39,37,109,124,75,97" hai1="130,112,106,52,89,2,114,16,96,17,62,30,93" hai2="100,68,128,90,40,122,98,105,45,27,50,134,10" hai3="71,66,12,22,8,126,108,80,103,82,34,61,92"/><W43/><G34/><T3/><D109/><U23/><E2/><V63/><F128/><W73/><G73/><T46/><D129/><U115/><E106/><V113/><F113/><W123/><G123/><T60/><D107/><U101/><E101/><V51/><F134/><W58/><G108/><T38/><D75/><U31/><E130/><V87/><F122/><W111/><G111/><T33/><D3/><U49/><E62/><V42/><F10/><W57/><G126/><T55/><D33/><U54/><E54/><V32/><F42/><W28/><G43/><T102/><D124/><U125/><E125/><V7/><F7/><N who="3" m="3103" /><G71/><T78/><D78/><U24/><E30/><N who="2" m="19551" /><F45/><AGARI ba="0,0" hai="16,17,23,24,31,45,49,52,89,93,96,112,114,115" machi="45" ten="40,5200,0" yaku="15,1,54,2" doraHai="83" who="1" fromWho="2" sc="204,0,175,52,268,-52,353,0" owari="204,-30.0,227,3.0,216,-18.0,353,45.0" />
</Scene>
</mjloggm>