<mjloggm ver="2.3"><GO type="169" lobby="0"/><UN n0="%40%64%6F%63%6F%6D%6F" n1="%E5%A4%AA%E3%81%8F%E3%81%AA%E3%81%84%E3%81%8A" n2="%E3%83%87%E3%82%B8%E3%82%BF%E3%83%AB%E4%BB%99%E4%BA%BA" n3="%E3%82%B8%E3%83%A5%E3%83%A9%E3%82%A4" dan="16,18,19,16" rate="2114.82,2187.16,2210.67,2020.78" sx="M,F,F,M"/><TAIKYOKU oya="0"/>

<Scene>
<INIT seed="0,0,0,4,4,127" ten="250,250,250,250" oya="0" hai0="40,76,86,23,44,28,85,135,105,93,81,16,99" hai1="6,63,123,35,121,79,82,80,96,109,70,69,29" hai2="31,4,0,73,131,78,125,24,71,46,55,115,107" hai3="30,53,25,10,119,92,98,56,64,122,9,17,108"/><T102/><D28/><U75/><E109/><V33/><F115/><W111/><G119/><T128/><D135/><U58/><E6/><V74/><F125/><W15/><G122/><T14/><D128/><U48/><E48/><V100/><F131/><W95/><G64/><T34/><D34/><U77/><E96/><V50/><F71/><N who="1" m="27145" /><E58/><V106/><F100/><W84/><G84/><T88/><D44/><U112/><E63/><V42/><F74/><W54/><G10/><T126/><D126/><U13/><E13/><V5/><F5/><W133/><G133/><T83/><D40/><U91/><E91/><V117/><F117/><W124/><G124/><T89/><REACH who="0" step="1"/><D76/><REACH who="0" ten="240,250,250,250" step="2"/><U37/><E29/><V110/><F42/><W39/><G39/><T94/><AGARI ba="0,1" hai="14,16,23,81,83,85,86,88,89,93,94,99,102,105" machi="94" ten="20,18000,2" yaku="1,1,2,1,0,1,7,1,9,1,54,2,53,0" doraHai="127" doraHaiUra="113" who="0" fromWho="0" sc="240,190,250,-60,250,-60,250,-60" />
</Scene>
<Scene>
<INIT seed="0,1,0,4,0,73" ten="430,190,190,190" oya="0" hai0="6,61,124,102,111,127,63,75,99,66,89,47,18" hai1="67,58,42,65,72,36,103,113,31,108,53,33,83" hai2="114,80,96,71,23,94,79,19,129,97,21,55,49" hai3="105,32,39,70,28,98,119,86,10,51,133,90,126"/><T112/><D112/><U104/><E113/><V48/><F114/><W7/><G39/><T123/><D123/><U78/><E108/><V74/><F71/><W20/><G32/><T106/><D111/><U109/><E109/><V15/><F129/><W37/><G37/><T0/><D47/><U93/><E104/><V85/><F74/><W52/><G70/><T29/><D29/><U1/><E1/><V87/><F23/><W2/><G119/><T69/><D63/><U95/><E42/><V56/><F49/><W5/><G5/><T25/><D75/><U77/><E36/><V14/><F15/><W30/><G133/><T45/><D45/><U121/><E121/><V41/><F41/><W22/><G105/><T120/><D120/><U3/><E3/><V134/><F134/><W135/><G98/><T43/><D43/><U82/><E31/><V81/><REACH who="2" step="1"/><F94/><REACH who="2" ten="430,190,180,190" step="2"/><W9/><G135/><T110/><D110/><U16/><E93/><V128/><F128/><W11/><G2/><T91/><D0/><U62/><E33/><V38/><F38/><W50/><G7/><T68/><D6/><U17/><E95/><V84/><F84/><W132/><G132/><T118/><D69/><U59/><E72/><V57/><F57/><N who="3" m="32919" /><G51/><T64/><D68/><U117/><E59/><V116/><F116/><W107/><G107/><T115/><D118/><U125/><E117/><V101/><F101/><W12/><G22/><N who="0" m="13527" /><D115/><U88/><E58/><V26/><F26/><W130/><G130/><T46/><D106/><U34/><E34/><V13/><F13/><W92/><G12/><RYUUKYOKU ba="1,1" sc="430,-10,190,-10,180,30,190,-10" hai2="14,19,21,48,55,56,79,80,81,85,87,96,97" />
</Scene>
<Scene>
<INIT seed="1,2,1,2,0,5" ten="420,180,210,180" oya="1" hai0="130,13,34,117,70,69,0,35,109,59,115,94,103" hai1="21,26,78,80,106,83,61,46,122,32,18,19,132" hai2="95,56,33,3,55,111,104,28,97,68,16,10,72" hai3="4,76,40,42,58,120,135,53,71,12,121,25,29"/><U15/><E122/><V60/><F104/><W37/><G71/><T90/><D0/><U134/><E106/><V86/><F72/><W89/><G135/><N who="1" m="51754" /><E78/><V14/><F111/><W24/><G76/><T11/><D103/><U43/><E61/><V7/><F68/><W108/><G108/><T52/><D115/><U126/><E126/><V75/><F86/><W85/><G120/><T41/><D130/><U8/><E32/><V96/><F75/><W22/><G121/><T88/><D41/><U73/><E73/><V112/><F112/><W1/><G1/><T127/><D117/><U9/><E9/><V57/><F57/><W47/><G40/><T65/><D127/><U27/><E26/><N who="2" m="18583" /><F95/><W54/><G58/><T63/><D70/><U92/><E92/><V17/><F17/><W119/><G119/><T77/><D77/><U23/><E23/><AGARI ba="2,1" hai="3,7,10,14,16,23,55,56,60,96,97" m="18583" machi="23" ten="30,3900,0" yaku="24,1,52,1,54,1" doraHai="5" who="2" fromWho="1" sc="420,0,180,-45,210,55,180,0" />
</Scene>
<Scene>
<INIT seed="2,0,0,2,3,3" ten="420,135,265,180" oya="2" hai0="123,64,79,10,92,36,76,121,89,24,18,17,33" hai1="7,42,45,86,14,5,91,112,23,131,1,107,26" hai2="4,27,46,68,67,22,38,95,87,19,133,43,58" hai3="105,9,13,66,40,109,75,59,96,104,31,55,35"/><V77/><F68/><W65/><G75/><T93/><D36/><U78/><E112/><V50/><F133/><W60/><G40/><T51/><D64/><U113/><E113/><V135/><F135/><W16/><G109/><T47/><D33/><U126/><E107/><V44/><F67/><W97/><G105/><T69/><D69/><U116/><E116/><V98/><F58/><W82/><G82/><T99/><D24/><U84/><E1/><V127/><F127/><W103/><REACH who="3" step="1"/><G97/><REACH who="3" ten="420,135,265,170" step="2"/><T71/><D99/><U115/><E115/><V6/><F38/><W85/><G85/><T52/><D123/><U73/><E73/><V130/><F130/><W101/><G101/><T49/><D121/><U62/><E86/><V124/><F124/><W119/><G119/><T132/><D132/><U129/><E84/><V2/><F87/><W125/><G125/><T100/><D100/><U106/><E106/><V61/><F77/><W108/><G108/><T111/><D111/><U11/><E78/><V117/><F117/><W122/><G122/><T54/><D79/><U74/><E74/><V83/><F83/><W53/><G53/><T94/><D76/><U25/><E126/><V15/><F98/><W90/><G90/><T29/><D89/><U0/><E91/><V8/><F43/><W56/><G56/><T114/><D114/><U12/><E42/><V21/><F46/><W70/><G70/><T72/><D71/><U34/><E45/><V81/><F44/><W88/><G88/><T41/><D72/><U102/><E129/><V120/><F120/><W48/><G48/><RYUUKYOKU ba="0,1" sc="420,-10,135,-10,265,-10,170,30" hai3="9,13,16,31,35,55,59,60,65,66,96,103,104" />
</Scene>
<Scene>
<INIT seed="3,1,1,5,0,48" ten="410,125,255,200" oya="3" hai0="66,14,82,12,68,61,40,34,4,107,112,128,95" hai1="69,118,2,116,67,124,56,3,119,81,123,104,5" hai2="125,86,109,64,13,9,24,71,58,32,75,52,51" hai3="105,22,72,23,131,102,98,65,78,1,43,122,93"/><W20/><G122/><T39/><D107/><U130/><E123/><V127/><F75/><W17/><G1/><N who="1" m="10" /><E104/><V117/><F117/><W31/><G31/><T30/><D128/><U49/><E5/><V85/><F109/><W120/><G120/><T108/><D108/><U11/><E11/><V60/><F24/><W54/><G131/><T70/><D70/><U133/><E130/><V6/><REACH who="2" step="1"/><F32/><REACH who="2" ten="410,125,245,200" step="2"/><W59/><G72/><T21/><D34/><U38/><E119/><V41/><F41/><W7/><G43/><T90/><D40/><U63/><E118/><V113/><F113/><W26/><G78/><T110/><D110/><U94/><E116/><V80/><F80/><W55/><G7/><T8/><D82/><U84/><E81/><V129/><F129/><W99/><G26/><T44/><D112/><U45/><E133/><V101/><F101/><W97/><G105/><T33/><D33/><U87/><E124/><AGARI ba="1,2" hai="6,9,13,51,52,58,60,64,71,85,86,124,125,127" machi="124" ten="40,8000,1" yaku="1,1,18,1,52,1,54,1,53,0" doraHai="48" doraHaiUra="88" who="2" fromWho="1" sc="410,0,125,-83,245,103,200,0" />
</Scene>
<Scene>
<INIT seed="4,0,0,5,3,83" ten="410,42,348,200" oya="0" hai0="62,16,90,134,82,15,14,74,99,102,38,60,88" hai1="80,104,10,25,132,96,119,73,76,91,113,56,2" hai2="93,121,11,49,23,55,33,59,7,114,87,46,115" hai3="97,105,125,47,57,27,101,78,31,68,45,30,53"/><T66/><D38/><U127/><E119/><V8/><F33/><W135/><G68/><T6/><D134/><U58/><E132/><V40/><F121/><W34/><G135/><T131/><D131/><U52/><E127/><V19/><F7/><W120/><G125/><T26/><D26/><U117/><E117/><V32/><F32/><W28/><G120/><T20/><D74/><U13/><E2/><V108/><F108/><W1/><G1/><T35/><D35/><U5/><E113/><V42/><F42/><W39/><G78/><T71/><D60/><U12/><E25/><V67/><F67/><W44/><REACH who="3" step="1"/><G39/><REACH who="3" ten="410,42,348,190" step="2"/><T79/><D79/><U81/><E76/><V63/><F115/><W72/><G72/><T36/><D36/><U24/><E73/><V89/><REACH who="2" step="1"/><F114/><REACH who="2" ten="410,42,338,190" step="2"/><W64/><G64/><T54/><D66/><U112/><E112/><V129/><F129/><W41/><G41/><T109/><D109/><U122/><E122/><V107/><F107/><W75/><G75/><T65/><D65/><U18/><E104/><V9/><F9/><W111/><G111/><T29/><D54/><U84/><E52/><V48/><F48/><AGARI ba="0,2" hai="27,28,30,31,34,44,45,47,48,53,57,97,101,105" machi="48" ten="40,1300,0" yaku="1,1,53,0" doraHai="83" doraHaiUra="17" who="3" fromWho="2" sc="410,0,42,0,338,-13,190,33" />
</Scene>
<Scene>
<INIT seed="5,0,0,0,0,101" ten="410,42,325,223" oya="1" hai0="129,26,131,123,37,23,13,114,105,120,70,130,92" hai1="71,19,66,124,62,45,56,61,85,102,5,109,91" hai2="67,44,76,117,82,60,79,93,48,46,97,94,99" hai3="51,20,8,115,35,40,30,47,126,39,112,121,64"/><U89/><E124/><V3/><F117/><W27/><G121/><N who="0" m="46667" /><D114/><N who="3" m="43561" /><G126/><T106/><D70/><U29/><E109/><V84/><F3/><W22/><G64/><T86/><D37/><U98/><E5/><V113/><F113/><W41/><G8/><T43/><D43/><U17/><E45/><AGARI ba="0,0" hai="20,22,27,30,35,39,40,41,45,47,51" m="43561" machi="45" ten="30,1000,0" yaku="15,1" doraHai="101" who="3" fromWho="1" sc="410,0,42,-10,325,0,223,10" />
</Scene>
<Scene>
<INIT seed="6,0,0,0,4,60" ten="410,32,325,233" oya="2" hai0="4,31,77,46,129,126,132,110,101,22,32,83,127" hai1="11,91,19,48,38,29,121,103,117,73,128,45,76" hai2="120,67,37,109,115,40,13,43,18,54,95,56,70" hai3="113,111,30,105,124,78,87,27,122,25,3,125,33"/><V135/><F120/><W74/><G122/><T116/><D110/><U86/><E121/><V8/><F109/><W50/><G111/><T51/><D129/><U15/><E128/><V42/><F115/><W119/><G119/><T92/><D132/><U100/><E117/><V49/><F135/><W130/><G130/><T7/><D32/><U75/><E38/><V63/><REACH who="2" step="1"/><F95/><REACH who="2" ten="410,32,315,233" step="2"/><W66/><G113/><T0/><D116/><U39/><E39/><AGARI ba="0,1" hai="8,13,18,37,39,40,42,43,49,54,56,63,67,70" machi="39" ten="40,12000,1" yaku="1,1,2,1,52,1,53,1" doraHai="60" doraHaiUra="5" who="2" fromWho="1" sc="410,0,32,-120,315,130,233,0" owari="410,21.0,-88,-59.0,445,55.0,233,-17.0" />
</Scene>
</mjloggm>