<mjloggm ver="2.3"><GO type="233" lobby="0"/><UN n0="%E3%81%99%E3%81%9F%E3%83%BC%E3%82%89%E3%81%84%E3%81%A8%E3%81%B3%E3%83%BC" n1="%E5%A4%AA%E3%81%8F%E3%81%AA%E3%81%84%E3%81%8A" n2="%61%6B%69%6E%61%72%69%30" n3="%E5%BC%B1%E8%99%AB" dan="17,18,18,17" rate="2163.30,2201.78,2162.77,2182.18" sx="F,F,F,M"/><TAIKYOKU oya="0"/>

<Scene>
<INIT seed="0,0,0,4,0,51" ten="250,250,250,250" oya="0" hai0="69,55,15,32,95,62,113,75,40,104,103,78,100" hai1="81,41,71,122,73,33,49,135,106,126,61,119,23" hai2="131,63,53,39,108,116,50,89,26,45,118,120,11" hai3="117,101,18,90,94,37,77,130,134,35,115,31,124"/><T98/><D113/><U112/><RYUUKYOKU type="yao9" ba="0,0" sc="250,0,250,0,250,0,250,0" hai1="23,33,41,49,61,71,73,81,106,112,119,122,126,135" />
</Scene>
<Scene>
<INIT seed="0,1,0,0,5,107" ten="250,250,250,250" oya="0" hai0="19,27,54,116,63,112,103,6,79,93,48,57,4" hai1="58,128,16,2,69,130,8,40,56,73,98,9,44" hai2="52,135,84,106,45,78,83,23,36,47,18,124,55" hai3="104,71,131,68,13,5,12,90,121,59,92,65,64"/><T110/><D116/><U113/><E69/><V115/><F106/><W119/><G119/><T33/><D112/><U85/><E113/><V95/><F115/><W26/><G104/><T66/><D79/><U24/><E98/><V76/><F124/><W32/><G131/><N who="1" m="50218" /><E85/><V125/><F125/><W91/><G121/><T20/><D33/><U43/><E73/><V99/><F135/><W109/><G109/><T100/><D110/><U35/><E35/><V108/><F108/><W28/><G91/><T37/><D37/><N who="1" m="21519" /><E43/><V46/><F76/><W127/><G127/><T29/><D19/><U11/><E2/><V126/><F36/><W38/><G38/><T22/><D22/><AGARI ba="1,0" hai="8,9,11,16,22,24,56,58" m="21519,50218" machi="22" ten="30,2000,0" yaku="19,1,54,1" doraHai="107" who="1" fromWho="0" sc="250,-23,250,23,250,0,250,0" />
</Scene>
<Scene>
<INIT seed="1,0,0,5,1,134" ten="227,273,250,250" oya="1" hai0="61,90,93,106,24,44,12,92,53,89,64,109,36" hai1="104,105,130,129,41,81,74,71,101,20,95,18,43" hai2="116,103,96,25,57,19,85,118,113,22,50,125,40" hai3="17,135,35,16,69,63,78,121,0,72,75,120,11"/><U49/><E71/><V82/><F113/><W88/><G135/><T9/><D106/><N who="1" m="41067" /><E101/><V66/><F125/><W99/><G35/><T84/><D24/><N who="1" m="14359" /><E95/><V54/><F66/><W14/><G0/><T86/><D109/><U5/><E5/><V94/><REACH who="2" step="1"/><F40/><REACH who="2" ten="227,273,240,250" step="2"/><W6/><G121/><T21/><D21/><U10/><E10/><V29/><F29/><W7/><G11/><T62/><D64/><U38/><E43/><V26/><F26/><W68/><G120/><T80/><D80/><U87/><E41/><V45/><F45/><W51/><G69/><T110/><D110/><U108/><E108/><V126/><F126/><W77/><G68/><T76/><D36/><U70/><E70/><V15/><F15/><W133/><G14/><T124/><D124/><U102/><E38/><V3/><F3/><W23/><G23/><T42/><D42/><U97/><E81/><V128/><F128/><W115/><G133/><T73/><D12/><U34/><E130/><V31/><F31/><W55/><G115/><T117/><D53/><U32/><E129/><V1/><F1/><W27/><G27/><T119/><D44/><U122/><E122/><V123/><F123/><W83/><G83/><T131/><D131/><U67/><E67/><V48/><F48/><W132/><G132/><T111/><D111/><U30/><E49/><V79/><AGARI ba="0,1" hai="19,22,25,50,54,57,79,82,85,94,96,103,116,118" machi="79" ten="20,2700,0" yaku="1,1,0,1,7,1,53,0" doraHai="134" doraHaiUra="60" who="2" fromWho="2" sc="227,-7,273,-13,240,37,250,-7" />
</Scene>
<Scene>
<INIT seed="2,0,0,5,1,114" ten="220,260,277,243" oya="2" hai0="57,109,77,94,111,125,84,63,26,72,71,23,105" hai1="36,66,55,104,67,98,68,43,80,96,70,42,133" hai2="6,58,17,25,107,101,10,81,49,79,64,108,30" hai3="78,47,118,41,19,16,83,38,93,53,8,117,89"/><V130/><F130/><W113/><G113/><T2/><D2/><U106/><E80/><V120/><F120/><W82/><G53/><T129/><D105/><U48/><E48/><V131/><F131/><W76/><G83/><T123/><D129/><U40/><E55/><V0/><F17/><W14/><G19/><T119/><D71/><N who="1" m="27179" /><E36/><V29/><F108/><W5/><G5/><T11/><D11/><U110/><E110/><V88/><F49/><W85/><REACH who="3" step="1"/><G76/><REACH who="3" ten="220,260,277,233" step="2"/><T46/><D77/><U115/><E115/><V21/><F79/><W52/><G52/><T59/><D111/><U20/><E66/><V1/><F64/><W132/><G132/><T99/><D109/><U33/><E67/><V35/><F81/><W74/><AGARI ba="0,1" hai="8,14,16,38,41,47,74,78,82,85,89,93,117,118" machi="74" ten="20,12000,2" yaku="1,1,0,1,7,1,52,2,54,1,53,0" doraHai="114" doraHaiUra="56" who="3" fromWho="3" sc="220,-30,260,-30,277,-60,233,130" />
</Scene>
<Scene>
<INIT seed="3,0,0,3,4,90" ten="190,230,217,363" oya="3" hai0="117,93,57,89,101,45,84,65,107,58,69,34,118" hai1="87,75,109,131,37,62,111,129,46,73,39,24,122" hai2="56,108,5,71,114,1,38,15,54,99,30,83,40" hai3="44,61,91,42,59,8,68,105,121,132,86,19,60"/><W128/><G121/><T116/><D34/><U47/><E122/><V26/><F114/><W50/><G105/><T92/><D107/><U67/><E87/><V94/><F71/><W97/><G132/><T18/><D69/><N who="1" m="42231" /><E24/><V130/><F1/><W55/><G128/><N who="1" m="49226" /><E75/><V119/><F119/><W32/><G32/><T20/><D45/><N who="1" m="16907" /><E73/><V110/><F130/><W70/><G97/><T3/><D3/><U43/><E43/><V29/><F40/><W78/><G78/><T104/><D104/><U113/><E113/><V66/><F83/><W17/><G17/><T81/><D65/><U41/><E41/><V134/><F66/><W100/><G100/><T88/><D101/><U49/><E49/><V52/><F26/><W33/><G33/><T126/><D126/><U79/><E79/><V21/><F30/><W12/><REACH who="3" step="1"/><G60/><REACH who="3" ten="190,230,217,353" step="2"/><T48/><D48/><U23/><E23/><V51/><F21/><W103/><G103/><T115/><D115/><U2/><E2/><V80/><F99/><W14/><G14/><T98/><REACH who="0" step="1"/><D81/><AGARI ba="0,1" hai="8,12,19,42,44,50,55,59,61,68,70,81,86,91" machi="81" ten="30,5800,0" yaku="1,1,7,1,53,1" doraHai="90" doraHaiUra="7" who="3" fromWho="0" sc="190,-58,230,0,217,0,353,68" />
</Scene>
<Scene>
<INIT seed="3,1,0,1,2,29" ten="132,230,217,421" oya="3" hai0="5,42,82,72,40,25,127,70,20,54,30,48,61" hai1="55,37,49,60,132,103,59,104,58,125,116,32,133" hai2="8,57,22,23,107,6,124,118,9,109,87,85,2" hai3="130,131,65,117,102,3,43,52,135,71,126,78,63"/><W89/><G117/><T123/><D123/><U128/><E37/><V47/><F118/><W91/><G3/><T44/><D127/><U15/><E116/><V76/><F124/><W11/><G126/><T75/><D5/><U26/><E125/><V90/><F107/><W41/><G135/><N who="1" m="51786" /><E128/><N who="3" m="49194" /><G102/><T13/><D13/><U62/><E15/><V74/><F109/><W134/><G134/><T50/><D82/><U38/><E38/><V45/><F74/><W64/><G78/><T16/><D30/><N who="1" m="19543" /><E59/><V51/><F57/><N who="3" m="35239" /><G11/><T33/><D33/><U122/><E122/><V39/><F39/><W94/><G91/><T14/><D14/><U96/><AGARI ba="1,0" hai="49,55,58,60,62,96,103,104" m="19543,51786" machi="96" ten="30,2000,0" yaku="20,1,52,1" doraHai="29" who="1" fromWho="1" sc="132,-6,230,23,217,-6,421,-11" />
</Scene>
<Scene>
<INIT seed="4,0,0,3,5,87" ten="126,253,211,410" oya="0" hai0="60,20,100,2,45,81,131,61,3,95,75,80,105" hai1="66,55,56,114,99,50,38,39,76,117,107,115,41" hai2="19,65,37,135,46,124,88,49,109,111,78,58,92" hai3="86,102,18,27,9,8,108,130,48,71,47,31,30"/><T26/><D105/><U74/><E74/><V121/><F121/><W98/><G108/><T120/><D120/><U77/><E117/><V34/><F78/><N who="1" m="30313" /><E66/><V17/><F34/><W72/><G72/><T28/><D75/><U11/><E11/><V57/><F124/><W122/><G71/><T89/><D100/><N who="1" m="62879" /><E41/><V35/><F135/><W118/><G118/><T110/><D131/><U94/><E94/><V54/><F35/><W103/><G130/><T24/><D110/><U85/><E85/><N who="2" m="52239" /><F37/><W23/><G122/><T14/><D45/><U70/><E70/><V4/><F111/><W15/><G86/><N who="0" m="52663" /><D3/><U127/><E127/><V82/><F109/><W113/><G113/><AGARI ba="0,0" hai="38,39,50,55,56,113,114,115" m="62879,30313" machi="113" ten="30,2000,0" yaku="15,1,11,1" doraHai="87" who="1" fromWho="3" sc="126,0,253,20,211,0,410,-20" />
</Scene>
<Scene>
<INIT seed="5,0,0,5,1,84" ten="126,273,211,390" oya="1" hai0="20,72,135,77,4,104,1,98,89,19,103,130,10" hai1="86,119,62,74,92,101,21,67,24,13,88,22,11" hai2="110,35,29,116,76,55,117,96,57,26,127,94,83" hai3="123,71,52,129,8,122,80,39,42,99,45,97,37"/><U112/><E112/><V106/><F106/><W12/><G71/><T33/><D135/><U5/><E119/><V43/><F43/><W120/><G129/><T2/><D130/><U66/><E74/><V68/><F68/><W0/><G0/><T90/><D33/><U81/><E62/><V32/><F32/><W6/><G37/><T51/><D2/><U126/><E126/><V73/><F127/><W23/><G23/><N who="1" m="8714" /><E24/><V41/><F41/><W15/><G15/><T50/><D77/><N who="1" m="46383" /><E101/><V93/><F110/><W38/><G38/><T69/><D72/><U47/><E47/><V14/><F14/><W109/><G109/><T40/><D69/><U107/><E107/><V131/><F131/><W113/><G113/><T64/><D64/><U59/><E59/><V61/><REACH who="2" step="1"/><F94/><REACH who="2" ten="126,273,201,390" step="2"/><W65/><G123/><T105/><D104/><U115/><E115/><V85/><F85/><AGARI ba="0,1" hai="5,11,13,66,67,85,88,92" m="46383,8714" machi="85" ten="30,5800,0" yaku="8,1,52,1,54,1" doraHai="84" who="1" fromWho="2" sc="126,0,273,68,201,-58,390,0" />
</Scene>
<Scene>
<INIT seed="5,1,0,0,4,123" ten="126,341,143,390" oya="1" hai0="130,133,5,46,3,53,9,15,57,39,23,40,7" hai1="35,52,91,10,114,32,129,67,6,88,122,125,30" hai2="81,76,109,85,103,100,33,134,98,55,38,59,75" hai3="4,28,108,66,27,48,132,78,79,82,58,72,106"/><U115/><E122/><V17/><F38/><W29/><G106/><T13/><D133/><U25/><E67/><V37/><F134/><W97/><G132/><T20/><D130/><U93/><E129/><V135/><F37/><W80/><G4/><T94/><D3/><N who="1" m="351" /><E32/><V21/><F33/><W1/><G1/><T116/><D116/><U71/><E71/><V95/><F135/><W68/><G68/><T89/><D7/><U45/><E125/><V105/><F109/><W118/><G108/><T61/><REACH who="0" step="1"/><D15/><REACH who="0" ten="116,341,143,390" step="2"/><U62/><E115/><V11/><F11/><W43/><G118/><T65/><D65/><U0/><E0/><V41/><F41/><W73/><G43/><T26/><D26/><U126/><E114/><V54/><F59/><W86/><G66/><T34/><D34/><U119/><E25/><N who="2" m="14511" /><F103/><W107/><G27/><T112/><D112/><U31/><E35/><V101/><F100/><W124/><G124/><T111/><D111/><U56/><E126/><V84/><F84/><AGARI ba="1,1" hai="5,9,13,20,23,39,40,46,53,57,61,84,89,94" machi="84" ten="30,3900,0" yaku="1,1,7,1,53,1" doraHai="123" doraHaiUra="2" who="0" fromWho="2" sc="116,52,341,0,143,-42,390,0" />
</Scene>
<Scene>
<INIT seed="6,0,0,1,1,109" ten="168,341,101,390" oya="2" hai0="130,13,100,11,131,104,107,105,97,52,80,8,68" hai1="4,128,106,41,53,75,122,25,71,22,121,15,89" hai2="124,96,126,50,135,84,85,81,17,58,60,78,119" hai3="120,28,132,10,48,39,33,72,3,94,5,56,110"/><V6/><F119/><W123/><G110/><T90/><D68/><U79/><E71/><V127/><F6/><W37/><G72/><T35/><D35/><U16/><E106/><V47/><F135/><W24/><G132/><T45/><D11/><N who="1" m="4583" /><E41/><V7/><F7/><W46/><G56/><T12/><D12/><U34/><E89/><V0/><F0/><W64/><G64/><T91/><D105/><U26/><E53/><N who="2" m="29919" /><F96/><W49/><G49/><N who="0" m="28719" /><D80/><U30/><E79/><V99/><F99/><W70/><G70/><T74/><D107/><U38/><E75/><N who="2" m="43231" /><F17/><W44/><G44/><T55/><D55/><AGARI ba="0,0" hai="55,58,60,84,85,124,126,127" m="43231,29919" machi="55" ten="30,1500,0" yaku="18,1" doraHai="109" who="2" fromWho="0" sc="168,-15,341,0,101,15,390,0" />
</Scene>
<Scene>
<INIT seed="6,1,0,0,5,130" ten="153,341,116,390" oya="2" hai0="96,69,18,51,68,43,82,10,116,78,24,44,87" hai1="55,0,126,56,22,114,105,73,6,50,89,67,135" hai2="81,71,75,15,16,117,84,40,91,92,63,121,115" hai3="70,72,13,8,36,110,107,59,42,53,113,20,102"/><V57/><F117/><W48/><G110/><T108/><D108/><U31/><E73/><V79/><F121/><W37/><G72/><T21/><D116/><U132/><E105/><V85/><F40/><W95/><G107/><T65/><D65/><U93/><E114/><V77/><F115/><W7/><G113/><T17/><D96/><U90/><E126/><V76/><F71/><W62/><G20/><T32/><D32/><U28/><E67/><V134/><F134/><N who="1" m="51241" /><E22/><N who="2" m="11551" /><F75/><W30/><G30/><N who="1" m="11306" /><E93/><V94/><F92/><W49/><G49/><T103/><D69/><U4/><E4/><V104/><F104/><W106/><G106/><T27/><D68/><U38/><E38/><V122/><F122/><W47/><G70/><T33/><D33/><U2/><E6/><V9/><F9/><W12/><G12/><T60/><D10/><U34/><E34/><V5/><F5/><W83/><G83/><T52/><D82/><U100/><E100/><V23/><F23/><W11/><G11/><T45/><D103/><U133/><N who="1" m="51249" /><U97/><DORA hai="120" /><E97/><V66/><AGARI ba="1,0" hai="57,63,66,76,77,79,81,84,85,91,94" m="11551" machi="66" ten="30,3000,0" yaku="8,1,54,1" doraHai="130,120" who="2" fromWho="2" sc="153,-11,341,-11,116,33,390,-11" />
</Scene>
<Scene>
<INIT seed="6,2,0,5,4,113" ten="142,330,149,379" oya="2" hai0="79,33,81,135,11,130,80,104,96,48,102,116,53" hai1="44,32,12,109,39,91,55,64,82,17,46,56,18" hai2="34,1,22,14,8,9,108,103,30,50,7,95,68" hai3="2,65,119,106,52,101,90,86,19,72,133,28,47"/><V117/><F68/><W57/><G2/><T132/><D33/><U121/><E109/><V84/><F108/><W123/><G72/><T51/><D130/><U62/><E32/><V66/><F117/><W126/><G119/><T78/><D116/><U20/><E121/><V16/><F66/><W25/><G123/><T41/><D41/><U92/><E39/><V77/><F77/><W97/><G133/><N who="0" m="51275" /><D11/><U125/><E125/><V70/><F70/><W89/><G126/><T71/><D71/><U85/><E64/><V87/><F9/><W112/><G112/><T5/><D5/><U10/><REACH who="1" step="1"/><E82/><REACH who="1" ten="142,320,149,379" step="2"/><V40/><F34/><W94/><G65/><T29/><D81/><U6/><E6/><V129/><F129/><W83/><G83/><T93/><D79/><U107/><E107/><V45/><F30/><W63/><G28/><T67/><D67/><U75/><E75/><V21/><F21/><W54/><G106/><T127/><D127/><U74/><E74/><V115/><F115/><W36/><G36/><T131/><D131/><U110/><E110/><V76/><F76/><W37/><G37/><T26/><D104/><U88/><E88/><V4/><F4/><W61/><G90/><T69/><D69/><U59/><E59/><V13/><F1/><W114/><G114/><T31/><D31/><U128/><E128/><V105/><F105/><W122/><G122/><T43/><D80/><U35/><E35/><V15/><F15/><AGARI ba="2,1" hai="10,12,15,17,18,20,44,46,55,56,62,85,91,92" machi="15" ten="30,3900,0" yaku="1,1,7,1,8,1,53,0" doraHai="113" doraHaiUra="38" who="1" fromWho="2" sc="142,0,320,55,149,-45,379,0" />
</Scene>
<Scene>
<INIT seed="7,0,0,1,4,118" ten="142,375,104,379" oya="3" hai0="35,123,70,108,21,106,104,63,132,13,101,82,57" hai1="36,25,86,87,2,30,23,0,92,20,73,94,40" hai2="135,74,32,93,11,27,117,50,9,115,61,56,65" hai3="43,100,96,124,14,110,7,37,109,119,54,129,46"/><W26/><G119/><T10/><D132/><U90/><E73/><V72/><F117/><W44/><G129/><T1/><D35/><U112/><E112/><V48/><F135/><W127/><G26/><T19/><D108/><N who="3" m="41577" /><G7/><T29/><D70/><U121/><E121/><V69/><F115/><W98/><G14/><T107/><D123/><U31/><E40/><V6/><F9/><W120/><G120/><T64/><D82/><U89/><E25/><V34/><F72/><W122/><G122/><T128/><D128/><U58/><E58/><V105/><F74/><W80/><G80/><T62/><D62/><U88/><E90/><V53/><F105/><N who="3" m="63623" /><G98/><T79/><D79/><U84/><E84/><V77/><F77/><W103/><G103/><T33/><D101/><U102/><E102/><V126/><F126/><W3/><G3/><T22/><D1/><U47/><E47/><V81/><F81/><W55/><G44/><T114/><D114/><U67/><E67/><V12/><F27/><W75/><G75/><T125/><D125/><AGARI ba="0,0" hai="37,43,46,54,55,124,125,127" m="63623,41577" machi="125" ten="30,2900,0" yaku="18,1,10,1" doraHai="118" who="3" fromWho="0" sc="142,-29,375,0,104,0,379,29" owari="113,-29.0,375,18.0,104,-40.0,408,51.0" />
</Scene>
</mjloggm>