<mjloggm ver="2.3"><GO type="169" lobby="0"/><UN n0="%E5%A4%AA%E3%81%8F%E3%81%AA%E3%81%84%E3%81%8A" n1="%E3%81%92%E3%82%93%E3%81%9F%E3%82%8D" n2="%E3%81%8A%E3%81%A8%E3%81%86%E3%81%A8%E2%99%AA" n3="%E3%81%BE%E3%81%84%E3%81%A3%E3%81%9F%E3%81%AD" dan="18,18,16,16" rate="2152.33,2190.02,2069.49,2058.46" sx="F,M,M,F"/><TAIKYOKU oya="0"/>

<Scene>
<INIT seed="0,0,0,0,3,48" ten="250,250,250,250" oya="0" hai0="128,82,30,134,39,108,116,35,50,28,5,14,113" hai1="69,6,100,78,12,64,66,52,57,133,74,126,129" hai2="13,127,43,96,99,107,36,71,8,124,86,105,38" hai3="65,80,11,76,49,111,1,83,112,25,125,131,89"/><T47/><D113/><U72/><E69/><V70/><F86/><W88/><G112/><T122/><D116/><U121/><E121/><V95/><F43/><W92/><G111/><T41/><D122/><U91/><E100/><V10/><F95/><W46/><G131/><T135/><D128/><U53/><E129/><V34/><REACH who="2" step="1"/><F13/><REACH who="2" ten="250,250,240,250" step="2"/><W67/><G125/><T132/><D14/><U61/><E126/><V79/><F79/><W22/><G1/><T123/><D123/><U16/><E78/><V68/><F68/><W17/><G76/><T63/><D41/><U20/><E74/><V84/><F84/><N who="3" m="50183" /><G83/><T130/><D82/><U3/><E72/><V102/><F102/><W106/><G106/><T40/><D130/><U115/><E115/><V33/><AGARI ba="0,1" hai="8,10,33,34,36,38,70,71,96,99,105,107,124,127" machi="33" ten="25,6400,0" yaku="1,1,0,1,22,2,53,0" doraHai="48" doraHaiUra="75" who="2" fromWho="2" sc="250,-32,250,-16,240,74,250,-16" />
</Scene>
<Scene>
<INIT seed="1,0,0,4,4,85" ten="218,234,314,234" oya="1" hai0="54,81,82,101,75,48,88,6,86,25,87,15,96" hai1="118,113,80,62,12,135,42,84,83,123,39,18,102" hai2="71,128,93,109,126,29,47,131,66,44,79,55,117" hai3="69,31,104,3,61,91,100,58,21,65,77,10,17"/><U105/><E123/><V57/><F29/><W11/><G77/><T26/><D75/><U46/><E118/><V68/><F79/><W32/><G3/><T23/><D6/><U108/><E113/><V134/><F93/><W19/><G58/><T125/><D125/><U121/><E121/><V60/><F117/><W103/><G91/><N who="0" m="51663" /><D101/><U89/><E135/><V8/><F8/><W73/><G73/><T115/><D96/><U70/><E108/><V28/><F28/><W56/><G103/><T64/><D64/><U114/><E114/><V14/><F14/><W40/><G100/><T116/><D116/><U38/><E38/><V132/><F109/><W2/><G104/><T13/><D115/><U43/><E43/><V130/><F126/><W106/><G69/><N who="2" m="26697" /><F66/><W5/><G106/><T67/><D67/><U37/><E102/><V36/><F36/><W127/><G127/><T51/><D25/><U133/><E105/><V107/><F107/><W95/><G5/><T9/><D9/><U0/><E37/><V49/><F47/><W78/><G11/><T16/><D51/><U72/><E0/><V7/><F7/><W24/><G10/><T1/><D1/><U52/><E70/><V20/><F20/><W53/><G2/><T22/><D23/><N who="1" m="11719" /><E72/><V59/><F59/><AGARI ba="0,0" hai="13,15,16,22,26,48,54,59,82,87,88" m="51663" machi="59" ten="30,8000,1" yaku="8,1,52,2,54,2" doraHai="85" who="0" fromWho="2" sc="218,80,234,0,314,-80,234,0" />
</Scene>
<Scene>
<INIT seed="2,0,0,4,3,45" ten="298,234,234,234" oya="2" hai0="121,96,10,5,97,13,119,42,14,92,69,106,127" hai1="73,125,84,27,76,118,133,29,46,35,109,103,100" hai2="19,81,65,56,4,2,115,91,47,111,79,33,53" hai3="67,1,110,60,86,30,39,98,89,80,0,59,31"/><V43/><F115/><W72/><G110/><T77/><D121/><U50/><E118/><V26/><F65/><W130/><G39/><T123/><D123/><U54/><E109/><V113/><F113/><W12/><G130/><T32/><D69/><U63/><E133/><V52/><F111/><W34/><G72/><T49/><D32/><U11/><E125/><V134/><F134/><W126/><G126/><T25/><D127/><U132/><E132/><V122/><F122/><W108/><G108/><T21/><D119/><U95/><E73/><V135/><F135/><W107/><G12/><T93/><D77/><U51/><E63/><V102/><F102/><W15/><G15/><T105/><D13/><U78/><E11/><V38/><F91/><W40/><G40/><T44/><D93/><U120/><E120/><V17/><F33/><W36/><G36/><T83/><D83/><U48/><E103/><V24/><F24/><W112/><G112/><T71/><D71/><U88/><E100/><V22/><F19/><W57/><G107/><T114/><D114/><U82/><REACH who="1" step="1"/><E78/><REACH who="1" ten="298,224,234,234" step="2"/><V8/><F56/><W7/><G59/><T68/><D68/><U94/><E94/><V41/><F41/><W101/><G101/><N who="0" m="62639" /><D92/><U116/><E116/><V62/><F62/><W129/><G57/><T90/><D106/><U37/><E37/><V131/><F131/><W16/><G129/><T87/><D42/><U55/><E55/><V6/><F6/><W85/><G60/><T66/><D5/><U99/><AGARI ba="0,1" hai="27,29,35,46,48,50,51,54,76,82,84,88,95,99" machi="99" ten="20,12000,2" yaku="1,1,0,1,7,1,52,3,54,1,53,0" doraHai="45" doraHaiUra="104" who="1" fromWho="1" sc="298,-30,224,130,234,-60,234,-30" />
</Scene>
<Scene>
<INIT seed="3,0,0,2,3,53" ten="268,354,174,204" oya="3" hai0="10,80,39,95,51,104,113,83,77,128,118,72,124" hai1="2,4,57,46,31,125,33,23,73,63,121,41,75" hai2="9,68,64,131,11,43,78,12,61,6,103,129,3" hai3="92,45,110,108,71,32,84,111,19,90,115,116,28"/><W114/><G71/><T56/><D118/><U69/><E121/><V105/><F78/><W96/><G116/><T59/><D39/><U97/><E33/><V14/><F43/><W13/><G45/><T117/><D117/><U35/><E69/><V133/><F133/><W17/><G28/><T21/><D104/><U93/><E35/><V106/><F3/><W58/><G32/><T22/><D124/><U62/><E125/><V123/><F123/><W85/><G19/><T100/><D128/><N who="2" m="49226" /><F103/><W76/><G58/><N who="0" m="22059" /><D72/><U30/><E63/><V16/><AGARI ba="0,0" hai="6,9,11,12,14,16,61,64,68,105,106" m="49226" machi="16" ten="30,2000,0" yaku="19,1,54,1" doraHai="53" who="2" fromWho="2" sc="268,-5,354,-5,174,20,204,-10" />
</Scene>
<Scene>
<INIT seed="4,0,0,3,1,105" ten="263,349,194,194" oya="0" hai0="43,86,35,127,68,10,124,117,21,6,73,82,50" hai1="18,101,78,129,89,53,118,51,56,0,25,76,119" hai2="1,74,7,95,63,90,116,93,41,109,135,108,40" hai3="133,59,106,85,126,5,27,80,134,65,72,61,30"/><T120/><D117/><U87/><E0/><V97/><F116/><W39/><G106/><T57/><D120/><U48/><E129/><V17/><F1/><W42/><G5/><T122/><D122/><U52/><E101/><V20/><F7/><W9/><G9/><T54/><D35/><U16/><E119/><V69/><F135/><N who="3" m="51723" /><G126/><N who="0" m="48171" /><D68/><U98/><E98/><V70/><F93/><W112/><G112/><T12/><D43/><U26/><E118/><V125/><F125/><W66/><G42/><T38/><D38/><U33/><E33/><V55/><F70/><W4/><G39/><T103/><D103/><U99/><E99/><V130/><F130/><W15/><G4/><T71/><D71/><U62/><E26/><V44/><F41/><W113/><G15/><T84/><D21/><N who="1" m="13479" /><E18/><V102/><F102/><W67/><G113/><T31/><D31/><U37/><E37/><N who="2" m="21519" /><F69/><W34/><G72/><T24/><D24/><U49/><E53/><V23/><F74/><W8/><G8/><T13/><D12/><U3/><E3/><V22/><F17/><W100/><G100/><T64/><D64/><U132/><E132/><V58/><F109/><W46/><G46/><T107/><D107/><U91/><E91/><AGARI ba="0,0" hai="27,30,34,59,61,65,66,67,80,85,91" m="51723" machi="91" ten="30,1000,0" yaku="20,1" doraHai="105" who="3" fromWho="1" sc="263,0,349,-10,194,0,194,10" />
</Scene>
<Scene>
<INIT seed="5,0,0,3,1,62" ten="263,339,194,204" oya="1" hai0="46,119,83,66,25,124,110,97,109,48,112,52,102" hai1="3,22,65,100,9,98,118,133,44,2,58,74,107" hai2="75,8,51,70,24,116,16,42,103,34,59,11,114" hai3="92,73,20,129,32,96,10,125,13,41,86,45,90"/><U40/><E118/><V131/><F70/><W93/><G125/><T99/><D119/><U37/><E133/><V79/><F116/><W105/><G129/><T55/><D124/><U33/><E33/><V122/><F122/><W94/><G32/><T68/><D112/><U120/><E120/><V104/><F131/><W50/><G73/><T7/><D7/><U47/><E74/><V80/><F103/><W84/><G20/><T29/><D83/><U53/><E9/><V19/><F104/><W87/><REACH who="3" step="1"/><G105/><REACH who="3" ten="263,339,194,194" step="2"/><T15/><D110/><U1/><E22/><V35/><F34/><W130/><G130/><T36/><D109/><U127/><E127/><V54/><F35/><W134/><G134/><T123/><D123/><U101/><E107/><V17/><F114/><W76/><G76/><T61/><D29/><U132/><E132/><V5/><F5/><AGARI ba="0,1" hai="5,10,13,41,45,50,84,86,87,90,92,93,94,96" machi="5" ten="40,2600,0" yaku="1,1,8,1,53,0" doraHai="62" doraHaiUra="57" who="3" fromWho="2" sc="263,0,339,0,194,-26,194,36" />
</Scene>
<Scene>
<INIT seed="6,0,0,5,3,70" ten="263,339,168,230" oya="2" hai0="124,37,11,39,38,73,33,121,81,53,101,99,93" hai1="30,54,55,100,44,66,56,91,82,31,104,87,106" hai2="113,85,105,69,42,84,52,95,128,59,116,65,19" hai3="47,18,17,50,34,114,76,107,36,109,74,96,23"/><V125/><F105/><W83/><G109/><T21/><D121/><U80/><E106/><V126/><F116/><W58/><G34/><T103/><D33/><U25/><E104/><V62/><F113/><W129/><G114/><T8/><D124/><N who="2" m="47722" /><F128/><W131/><G58/><T57/><D101/><U43/><E100/><V13/><F42/><N who="3" m="22983" /><G50/><T0/><D21/><N who="1" m="15663" /><E31/><V77/><F77/><W86/><G23/><T61/><REACH who="0" step="1"/><D0/><REACH who="0" ten="253,339,168,230" step="2"/><U4/><E4/><V20/><F95/><W119/><G119/><T90/><D90/><U89/><E89/><V115/><F115/><W132/><G129/><T64/><D64/><U10/><E66/><V68/><F68/><W60/><G131/><T2/><D2/><U28/><E91/><V29/><F29/><W51/><G107/><T1/><D1/><U112/><E28/><V97/><F97/><W46/><G96/><T120/><D120/><U130/><E112/><V40/><F40/><W49/><G76/><AGARI ba="0,1" hai="8,11,37,38,39,53,57,61,73,76,81,93,99,103" machi="76" ten="40,12000,2" yaku="1,1,52,3,53,2" doraHai="70" doraHaiUra="7" who="0" fromWho="3" sc="253,130,339,0,168,0,230,-120" />
</Scene>
<Scene>
<INIT seed="7,0,0,5,3,94" ten="383,339,168,110" oya="3" hai0="35,37,52,110,99,0,8,27,107,65,26,53,105" hai1="25,122,33,56,48,41,39,108,124,71,50,14,69" hai2="62,16,83,135,118,54,58,60,101,63,80,106,125" hai3="67,128,72,120,22,85,134,126,84,117,59,30,79"/><W66/><G117/><T23/><D110/><U29/><E108/><V43/><F118/><W57/><G120/><T89/><D37/><U42/><E122/><V28/><F28/><W113/><G113/><T18/><D65/><N who="3" m="24585" /><G126/><T45/><D35/><U21/><E124/><V73/><F125/><W70/><G70/><T20/><D0/><U130/><E39/><V91/><F73/><W88/><G72/><T6/><D45/><U15/><E130/><V3/><F3/><W11/><G128/><T24/><D105/><U96/><E96/><V97/><F135/><W81/><G134/><T100/><D89/><U112/><E112/><V98/><F43/><W119/><G119/><T111/><D111/><U75/><E75/><V115/><F115/><W10/><G30/><T90/><D90/><U93/><E33/><V46/><F46/><W34/><G22/><T36/><D36/><U131/><E21/><V121/><F121/><W9/><G34/><T49/><D49/><U61/><E29/><V82/><F16/><W78/><G78/><T68/><D68/><U102/><E71/><V86/><REACH who="2" step="1"/><F98/><REACH who="2" ten="383,339,158,110" step="2"/><W64/><N who="3" m="24593" /><W123/><DORA hai="13" /><G123/><T109/><D109/><U76/><E69/><V104/><F104/><W17/><G17/><N who="0" m="12303" /><D27/><U44/><E25/><V40/><F40/><W51/><G51/><AGARI ba="0,1" hai="51,54,58,60,62,63,80,82,83,86,91,97,101,106" machi="51" ten="40,5200,0" yaku="1,1,52,1,53,1" doraHai="94,13" doraHaiUra="87,19" who="2" fromWho="3" sc="383,0,339,0,158,62,110,-52" owari="383,48.0,339,14.0,220,-18.0,58,-44.0" />
</Scene>
</mjloggm>