<mjloggm ver="2.3"><GO type="169" lobby="0"/><UN n0="%E3%81%A8%E3%82%8B%E3%81%A8%E3%82%8B" n1="%E5%A4%A2%E5%B9%BB%E6%88%A6%E5%A3%AB%E3%83%B4%E3%82%A1%E3%83%AA%E3%82%B9" n2="%E5%A4%AA%E3%81%8F%E3%81%AA%E3%81%84%E3%81%8A" n3="%E5%B5%90%E3%82%92%E5%91%BC%E3%81%B6%E7%94%B7" dan="16,16,18,16" rate="2096.58,2026.20,2162.21,2014.66" sx="M,M,M,M"/><TAIKYOKU oya="0"/>

<Scene>
<INIT seed="0,0,0,3,3,112" ten="250,250,250,250" oya="0" hai0="117,113,47,129,98,58,79,54,108,77,50,115,22" hai1="100,3,88,8,134,10,82,120,68,125,70,135,2" hai2="35,83,96,57,18,121,114,53,37,93,20,15,86" hai3="40,39,132,101,36,41,124,32,9,111,14,123,66"/><T19/><D129/><U5/><E120/><V84/><F114/><W85/><G123/><T110/><D98/><U51/><E100/><V73/><F35/><W102/><G32/><T63/><D115/><U131/><E131/><V60/><F37/><W43/><G111/><N who="0" m="42539" /><D113/><U1/><E51/><V44/><F121/><W13/><G132/><N who="1" m="50730" /><E125/><V81/><F44/><W59/><G124/><T31/><D31/><U45/><E45/><V87/><REACH who="2" step="1"/><F73/><REACH who="2" ten="250,250,240,250" step="2"/><W116/><G36/><T75/><D75/><U34/><E34/><V12/><F12/><W24/><G14/><N who="0" m="9591" /><D117/><U55/><E2/><V91/><AGARI ba="0,1" hai="15,18,20,53,57,60,81,83,84,86,87,91,93,96" machi="91" ten="30,4000,0" yaku="1,1,0,1,8,1,53,0" doraHai="112" doraHaiUra="6" who="2" fromWho="2" sc="250,-20,250,-10,240,50,250,-10" />
</Scene>
<Scene>
<INIT seed="1,0,0,1,0,109" ten="230,240,290,240" oya="1" hai0="53,108,79,18,116,50,69,114,58,22,130,122,42" hai1="4,75,71,35,127,77,54,81,97,29,60,1,84" hai2="30,93,70,92,118,23,5,128,134,46,45,89,19" hai3="56,15,12,107,126,27,80,123,104,124,117,9,41"/><U62/><E127/><V44/><F118/><W7/><G117/><T49/><D116/><U129/><E129/><V63/><F128/><W8/><G123/><T82/><D69/><U21/><E35/><V34/><F134/><W106/><G41/><T119/><D130/><U112/><E97/><V83/><F5/><W31/><G80/><T100/><D119/><U98/><E98/><V13/><F34/><W94/><G94/><T57/><D100/><U37/><E37/><V68/><F68/><W76/><G76/><T86/><D122/><U36/><E36/><V133/><F133/><W121/><G56/><T52/><D108/><U10/><E62/><V135/><F135/><W113/><G121/><T32/><D32/><U43/><E43/><V2/><F2/><W39/><G39/><T65/><D42/><U11/><E11/><N who="2" m="6591" /><F63/><W88/><G88/><T33/><D33/><U61/><E61/><V91/><F70/><W17/><REACH who="3" step="1"/><G113/><REACH who="3" ten="230,240,290,230" step="2"/><T74/><D114/><U101/><E101/><V24/><F89/><W59/><G59/><T55/><D65/><N who="1" m="41383" /><E75/><V67/><F67/><W110/><G110/><T72/><REACH who="0" step="1"/><D55/><REACH who="0" ten="220,240,290,230" step="2"/><U26/><E112/><V40/><F40/><W48/><G48/><T20/><D20/><AGARI ba="0,2" hai="7,8,9,12,15,17,20,27,31,104,106,107,124,126" machi="20" ten="40,1300,0" yaku="1,1,53,0" doraHai="109" doraHaiUra="125" who="3" fromWho="0" sc="220,-13,240,0,290,0,230,33" />
</Scene>
<Scene>
<INIT seed="2,0,0,3,5,100" ten="207,240,290,263" oya="2" hai0="33,42,25,36,50,56,113,65,93,2,89,58,29" hai1="57,44,125,109,54,127,49,37,68,80,23,116,98" hai2="112,70,77,30,9,19,135,6,75,117,105,72,43" hai3="39,101,34,64,46,131,67,95,24,20,61,73,108"/><V122/><F122/><W22/><G73/><T104/><D2/><U41/><E116/><V85/><F117/><W82/><G108/><T88/><D113/><U81/><E109/><V114/><F70/><W5/><G82/><T66/><D36/><U53/><E23/><V87/><F30/><W13/><G131/><T15/><D104/><U79/><E98/><V35/><F35/><W92/><G34/><T21/><D33/><U78/><E68/><V130/><F43/><W132/><G132/><T96/><D15/><U134/><E134/><V28/><F28/><W115/><G115/><T8/><D8/><U31/><E31/><V40/><F40/><W119/><G101/><T32/><D32/><U26/><E26/><V94/><F19/><W111/><G111/><T52/><D42/><U55/><E81/><N who="2" m="47279" /><F135/><W110/><G110/><T90/><D58/><U129/><E129/><V1/><F105/><W51/><G39/><T107/><D107/><U76/><REACH who="1" step="1"/><E80/><REACH who="1" ten="207,230,290,263" step="2"/><V121/><F130/><W7/><G119/><T99/><REACH who="0" step="1"/><D99/><REACH who="0" ten="197,230,290,263" step="2"/><U63/><E63/><V17/><F114/><W18/><G61/><T91/><AGARI ba="0,2" hai="21,25,29,50,52,56,65,66,88,89,90,91,93,96" machi="91" ten="30,12000,2" yaku="1,1,2,1,0,1,8,1,54,2,53,0" doraHai="100" doraHaiUra="14" who="0" fromWho="0" sc="197,140,230,-30,290,-60,263,-30" />
</Scene>
<Scene>
<INIT seed="3,0,0,2,0,79" ten="337,200,230,233" oya="3" hai0="41,21,42,80,116,112,14,90,45,70,10,92,55" hai1="94,9,37,126,2,109,133,91,117,43,33,99,97" hai2="113,119,83,56,34,59,102,6,68,32,48,84,111" hai3="29,76,74,128,100,89,66,23,47,71,46,86,127"/><W64/><G100/><T77/><D70/><U57/><E33/><V81/><F113/><W28/><G127/><T120/><D116/><U121/><E117/><V18/><F119/><W98/><G128/><T60/><D120/><U69/><E121/><V85/><F68/><W96/><G74/><T44/><D112/><U75/><E75/><V40/><F6/><W72/><G72/><T25/><D77/><U67/><E126/><V61/><F102/><W131/><G131/><T35/><D35/><U78/><E78/><V7/><F7/><W87/><G76/><T132/><D132/><U17/><E69/><V122/><F122/><W129/><G129/><T16/><D80/><U52/><E133/><V51/><F18/><W103/><G103/><T63/><D45/><N who="3" m="16905" /><G71/><T110/><D110/><U135/><E135/><V12/><F12/><W104/><G104/><T105/><D105/><U3/><E67/><N who="3" m="25642" /><G23/><T20/><D20/><U88/><E109/><V54/><F111/><W58/><G58/><N who="0" m="34911" /><D63/><U0/><E9/><V95/><F61/><W106/><G106/><T62/><D62/><U15/><E37/><V134/><F134/><W118/><G118/><T49/><D49/><U65/><E43/><V26/><F40/><W82/><G87/><N who="0" m="52319" /><D44/><U13/><E65/><V115/><F115/><W114/><G114/><T73/><D73/><U39/><E39/><V130/><F130/><W125/><G125/><T107/><D107/><U93/><E17/><AGARI ba="0,0" hai="10,14,16,17,21,25,41,42" m="52319,34911" machi="17" ten="30,2000,0" yaku="8,1,54,1" doraHai="79" who="0" fromWho="1" sc="337,20,200,-20,230,0,233,0" />
</Scene>
<Scene>
<INIT seed="4,0,0,4,5,87" ten="357,180,230,233" oya="0" hai0="54,115,6,65,7,103,106,37,34,129,96,107,95" hai1="74,114,110,61,128,30,41,108,8,116,83,118,52" hai2="84,2,19,94,1,68,15,93,32,113,99,27,21" hai3="124,127,58,112,35,14,71,57,91,105,120,0,102"/><T56/><D37/><U25/><E41/><V134/><F68/><W81/><G0/><T53/><D34/><U4/><E128/><V78/><F113/><W38/><G112/><T97/><D115/><U88/><E114/><V132/><F78/><W36/><G71/><T122/><D122/><U55/><E74/><V98/><F84/><N who="3" m="50575" /><G35/><T66/><D129/><U11/><E11/><V104/><F104/><W100/><G14/><T24/><D24/><U133/><E133/><N who="2" m="51307" /><F32/><W49/><G120/><T43/><D43/><U125/><E125/><N who="3" m="48202" /><G105/><T80/><D80/><U59/><E55/><V77/><F77/><W67/><G67/><T44/><D107/><U33/><E116/><V46/><F15/><W13/><G13/><T131/><D131/><U76/><E118/><V126/><F126/><W42/><G42/><T130/><D130/><U89/><E76/><V135/><F135/><W26/><G26/><T39/><D65/><U90/><REACH who="1" step="1"/><E83/><REACH who="1" ten="357,170,230,233" step="2"/><V101/><F46/><W123/><G123/><T5/><D44/><U9/><E9/><V20/><F20/><W22/><G22/><T47/><D47/><U28/><E28/><V18/><F18/><W82/><G82/><T17/><D17/><U85/><E85/><V51/><F19/><W119/><G119/><T10/><D10/><U62/><E62/><V29/><F51/><W117/><G117/><T63/><D39/><N who="3" m="14889" /><G49/><T48/><D48/><U72/><E72/><V109/><F29/><W69/><G69/><T23/><D23/><U40/><E40/><V31/><F31/><W50/><G50/><T45/><D45/><RYUUKYOKU ba="0,1" sc="357,10,170,10,230,-30,233,10" hai0="5,6,7,53,54,56,63,66,95,96,97,103,106" hai1="4,8,25,30,33,52,59,61,88,89,90,108,110" hai3="57,58,100,102" />
</Scene>
<Scene>
<INIT seed="4,1,1,2,3,112" ten="367,180,200,243" oya="0" hai0="2,9,51,66,61,134,29,98,109,35,67,55,113" hai1="18,26,129,92,40,130,7,78,59,5,27,104,68" hai2="72,42,120,84,60,58,100,118,13,73,8,22,53" hai3="74,126,82,119,102,101,116,96,124,111,3,77,107"/><T117/><D113/><U28/><E104/><V88/><F120/><W99/><G111/><T44/><D134/><U65/><E68/><V20/><F100/><W135/><G3/><T85/><D109/><U11/><E40/><V12/><F42/><W37/><G37/><T31/><D67/><U108/><E108/><V62/><F62/><W4/><G4/><N who="1" m="1610" /><E78/><V123/><F123/><W23/><G23/><T105/><D2/><U16/><E92/><V52/><F118/><N who="3" m="45099" /><G135/><T81/><D9/><U50/><E50/><N who="2" m="30999" /><F72/><W21/><G21/><N who="2" m="8297" /><F73/><W38/><G38/><T57/><D35/><N who="1" m="20887" /><E59/><N who="2" m="34927" /><F8/><W97/><G97/><T25/><D25/><U133/><E65/><V83/><AGARI ba="1,1" hai="12,13,83,84,88" m="34927,8297,30999" machi="83" ten="30,4000,0" yaku="8,1,54,2" doraHai="112" who="2" fromWho="2" sc="367,-21,180,-11,200,53,243,-11" />
</Scene>
<Scene>
<INIT seed="5,0,0,1,4,22" ten="346,169,253,232" oya="1" hai0="8,98,60,111,86,42,76,53,50,25,97,40,41" hai1="52,113,18,66,118,55,17,92,77,105,43,21,96" hai2="89,88,90,85,27,130,11,127,133,61,82,16,24" hai3="94,123,34,33,125,51,19,59,70,26,99,3,30"/><U69/><E118/><V10/><F127/><W49/><G123/><T64/><D111/><U5/><E105/><V4/><F130/><W91/><G70/><T101/><D8/><N who="2" m="3114" /><F133/><W87/><G3/><T81/><D101/><U62/><E77/><N who="2" m="46287" /><F4/><W47/><G125/><T44/><REACH who="0" step="1"/><D25/><REACH who="0" ten="336,169,253,232" step="2"/><N who="2" m="9802" /><F61/><W121/><G121/><T13/><D13/><U35/><E35/><V84/><F16/><W131/><G34/><T32/><D32/><U110/><E18/><V12/><F12/><W132/><G19/><T39/><D39/><U116/><E110/><V134/><F134/><W117/><G132/><T45/><D45/><U102/><E116/><V79/><F79/><W65/><G117/><T68/><AGARI ba="0,1" hai="40,41,42,44,50,53,60,64,68,76,81,86,97,98" machi="68" ten="30,2000,0" yaku="1,1,0,1,53,0" doraHai="22" doraHaiUra="15" who="0" fromWho="0" sc="336,30,169,-10,253,-5,232,-5" />
</Scene>
<Scene>
<INIT seed="6,0,0,2,1,10" ten="366,159,248,227" oya="2" hai0="97,48,64,119,40,95,43,46,79,125,59,108,14" hai1="66,58,44,16,116,82,86,6,25,88,118,32,30" hai2="34,107,52,128,98,131,69,110,124,29,85,78,92" hai3="55,23,50,38,60,75,2,63,36,12,18,24,31"/><V87/><F69/><W122/><G75/><T72/><D108/><U103/><E103/><V120/><F120/><W61/><G2/><T42/><D125/><U127/><E127/><V37/><F37/><W35/><REACH who="3" step="1"/><G122/><REACH who="3" ten="366,159,248,217" step="2"/><T104/><D72/><U99/><E6/><V134/><F124/><W57/><AGARI ba="0,1" hai="12,18,23,24,31,35,36,38,50,55,57,60,61,63" machi="57" ten="30,7900,0" yaku="1,1,2,1,0,1,52,1,53,0" doraHai="10" doraHaiUra="105" who="3" fromWho="3" sc="366,-20,159,-20,248,-39,217,89" />
</Scene>
<Scene>
<INIT seed="7,0,0,0,4,90" ten="346,139,209,306" oya="3" hai0="58,69,1,30,47,96,59,114,19,111,104,61,124" hai1="80,8,135,16,22,75,119,33,32,77,6,93,73" hai2="29,31,52,65,92,20,121,24,78,106,5,126,94" hai3="85,117,17,67,76,109,112,4,84,133,91,110,43"/><W39/><G117/><T27/><D111/><N who="3" m="42505" /><G133/><T26/><D1/><U48/><E135/><V40/><F106/><W82/><G112/><T123/><D123/><U98/><E119/><V64/><F121/><W95/><G4/><T54/><D114/><U49/><E73/><V131/><F131/><W46/><G17/><T108/><D108/><U89/><E33/><V34/><F40/><W79/><G67/><N who="2" m="25673" /><F34/><W57/><G57/><T81/><D69/><U14/><REACH who="1" step="1"/><E32/><REACH who="1" ten="346,129,209,306" step="2"/><V44/><F126/><W50/><G39/><T134/><D124/><U87/><E87/><V21/><F78/><AGARI ba="0,1" hai="43,46,50,76,78,79,82,84,85,91,95" m="42505" machi="78" ten="30,2900,0" yaku="10,1,52,1" doraHai="90" who="3" fromWho="2" sc="346,0,129,0,209,-29,306,39" />
</Scene>
<Scene>
<INIT seed="7,1,0,4,0,5" ten="346,129,180,345" oya="3" hai0="64,39,3,109,67,29,27,13,104,126,48,127,35" hai1="129,0,40,8,114,105,68,34,124,74,93,110,69" hai2="79,58,55,32,36,113,15,21,101,92,20,66,38" hai3="12,78,98,88,95,41,84,28,50,71,37,57,1"/><W133/><G1/><T19/><D109/><U96/><RYUUKYOKU type="yao9" ba="1,0" sc="346,0,129,0,180,0,345,0" hai1="0,8,34,40,68,69,74,93,96,105,110,114,124,129" />
</Scene>
<Scene>
<INIT seed="7,2,0,4,3,70" ten="346,129,180,345" oya="3" hai0="51,97,130,39,69,128,93,71,77,81,88,16,103" hai1="115,41,111,116,87,9,56,54,107,21,99,10,104" hai2="68,53,6,82,135,78,33,14,79,108,34,26,132" hai3="29,44,15,32,17,18,1,42,90,66,0,59,8"/><W35/><G18/><T67/><D67/><U57/><E111/><V48/><F68/><W12/><G12/><T133/><D39/><U50/><E115/><V72/><F108/><W43/><G90/><T101/><D133/><N who="2" m="51274" /><F79/><W112/><G112/><T102/><D51/><U7/><E116/><V118/><F118/><W92/><G92/><T124/><D16/><U5/><E87/><V76/><F76/><W11/><G43/><T37/><D37/><U31/><E41/><V28/><F14/><W85/><G85/><N who="0" m="48303" /><D124/><U84/><E84/><V110/><F6/><W125/><G125/><T49/><D49/><U58/><E99/><V119/><F119/><W83/><G83/><T27/><D27/><U109/><E109/><V3/><F3/><W13/><G0/><T65/><D65/><U23/><E50/><V22/><F110/><W86/><G1/><T126/><D126/><U55/><REACH who="1" step="1"/><E58/><AGARI ba="2,0" hai="22,26,28,33,34,48,53,58,72,78,82" m="51274" machi="58" ten="30,1000,0" yaku="20,1" doraHai="70" who="2" fromWho="1" sc="346,0,129,-16,180,16,345,0" owari="346,44.0,113,-39.0,196,-20.0,345,15.0" />
</Scene>
</mjloggm>