<mjloggm ver="2.3"><GO type="169" lobby="0"/><UN n0="%E5%A4%AA%E3%81%8F%E3%81%AA%E3%81%84%E3%81%8A" n1="%E5%B7%A3%E4%BD%9C%E3%82%8A%E3%83%89%E3%83%A9%E3%82%B4%E3%83%B3" n2="%E8%B6%8A%E6%99%BA%E3%81%AB%E3%82%83%E3%82%93" n3="%E9%9C%9C%E6%9C%88%E3%81%95%E3%82%93" dan="18,16,16,16" rate="2237.93,2152.82,2012.00,2104.98" sx="F,F,M,M"/><TAIKYOKU oya="0"/>

<Scene>
<INIT seed="0,0,0,5,5,94" ten="250,250,250,250" oya="0" hai0="60,111,20,97,114,86,66,28,43,89,2,17,36" hai1="48,76,109,135,87,134,35,106,81,110,25,67,113" hai2="32,63,9,53,92,122,62,56,100,71,21,95,75" hai3="99,31,54,33,46,69,10,124,91,58,19,59,73"/><T72/><D114/><U102/><E67/><V119/><F32/><W42/><G69/><T74/><D2/><U47/><E25/><V127/><F75/><W38/><G73/><T34/><D34/><U126/><E35/><V12/><F21/><W96/><G124/><T104/><D28/><U29/><E29/><V3/><F3/><W37/><G37/><T115/><D115/><U11/><E11/><V116/><F122/><W22/><G10/><T7/><D7/><U30/><E30/><V130/><F130/><W6/><G6/><T44/><D111/><N who="1" m="42507" /><E113/><V8/><F127/><W80/><G59/><T83/><D104/><U23/><E23/><V112/><F112/><W118/><G118/><T84/><D84/><U52/><E126/><V45/><F45/><W16/><G19/><T82/><D82/><U98/><AGARI ba="0,0" hai="47,48,52,76,81,87,98,102,106,134,135" m="42507" machi="98" ten="30,4000,0" yaku="14,1,52,1,54,1" doraHai="94" who="1" fromWho="1" sc="250,-20,250,40,250,-10,250,-10" />
</Scene>
<Scene>
<INIT seed="1,0,0,0,5,2" ten="230,290,240,240" oya="1" hai0="12,38,126,107,57,130,45,78,3,54,63,79,120" hai1="31,6,40,112,101,23,58,67,15,85,91,113,68" hai2="13,99,123,34,42,122,104,49,88,11,18,47,84" hai3="129,96,119,26,72,43,55,36,87,133,29,102,24"/><U35/><E35/><V62/><F34/><W73/><G129/><T9/><D107/><U116/><E68/><V16/><F18/><W128/><G128/><T30/><D130/><U48/><E101/><V124/><F62/><W52/><G133/><T53/><D3/><U83/><E116/><V92/><REACH who="2" step="1"/><F124/><REACH who="2" ten="230,290,230,240" step="2"/><W118/><G118/><T82/><D126/><U134/><E134/><V5/><F5/><W46/><G119/><T19/><D63/><U100/><E113/><V4/><F4/><W17/><G17/><T14/><D19/><N who="1" m="10751" /><E6/><V22/><F22/><W127/><G127/><T89/><D30/><U50/><E112/><V71/><F71/><W59/><G29/><T37/><D9/><U56/><E31/><V25/><F25/><W98/><G24/><T109/><D120/><U81/><E67/><V10/><F10/><W131/><G26/><T90/><D109/><U20/><E20/><V28/><F28/><W132/><G131/><T74/><D14/><U64/><E64/><V44/><F44/><W114/><G46/><T125/><D45/><N who="1" m="25639" /><E58/><V39/><F39/><W105/><G59/><T110/><D125/><U135/><E135/><V80/><F80/><W32/><G36/><T21/><D21/><U86/><E56/><V61/><F61/><W121/><G32/><T75/><D57/><U94/><E81/><V117/><F117/><W97/><G132/><T66/><D82/><U115/><E115/><V33/><F33/><W103/><G121/><T0/><D66/><U108/><E108/><V69/><F69/><W95/><G114/><T70/><D110/><RYUUKYOKU ba="0,1" sc="230,-10,290,-10,230,30,240,-10" hai2="11,13,16,42,47,49,84,88,92,99,104,122,123" />
</Scene>
<Scene>
<INIT seed="2,1,1,3,4,54" ten="220,280,260,230" oya="2" hai0="38,104,20,35,120,135,130,61,87,45,116,36,14" hai1="85,111,31,22,62,134,91,2,43,108,80,79,113" hai2="52,107,133,64,126,8,5,78,123,96,34,105,118" hai3="13,122,50,83,51,67,86,121,9,17,58,72,84"/><V44/><F34/><W131/><G72/><T41/><D120/><U95/><E2/><V68/><F123/><W26/><G131/><T55/><D35/><U25/><E113/><V97/><F118/><W106/><G106/><T30/><D104/><U71/><E134/><V101/><F133/><W0/><G84/><T127/><D135/><U89/><E43/><V66/><F126/><W82/><G83/><T59/><D127/><U73/><E71/><V15/><F78/><W124/><G124/><T115/><D115/><U24/><E62/><V69/><F68/><W28/><G0/><T99/><D130/><U119/><E119/><V129/><F69/><W1/><G1/><T88/><D116/><U21/><REACH who="1" step="1"/><E91/><REACH who="1" ten="220,270,260,230" step="2"/><V81/><F129/><W132/><G132/><T60/><D60/><U103/><E103/><V75/><F101/><W92/><G122/><T10/><D41/><U56/><E56/><V12/><F44/><W100/><G58/><T49/><D45/><U114/><E114/><V94/><F105/><W7/><G100/><T29/><D61/><U90/><E90/><V6/><F107/><W19/><G121/><T110/><D88/><U40/><E40/><V11/><F97/><W4/><G82/><T117/><D99/><U77/><E77/><V32/><F81/><W23/><G92/><T98/><D98/><U46/><E46/><V53/><F94/><W128/><G128/><T112/><D117/><U109/><E109/><V63/><F96/><W48/><G86/><T70/><D112/><U3/><E3/><V47/><F47/><W125/><G125/><RYUUKYOKU ba="1,2" sc="220,-10,270,30,260,-10,230,-10" hai1="21,22,24,25,31,73,79,80,85,89,95,108,111" />
</Scene>
<Scene>
<INIT seed="3,2,2,2,2,27" ten="210,300,250,220" oya="3" hai0="1,52,135,113,88,98,119,92,62,114,49,44,54" hai1="29,38,111,8,99,35,39,90,59,95,0,94,34" hai2="131,11,84,109,55,82,75,122,85,134,96,37,58" hai3="105,63,78,132,4,50,120,12,116,21,5,13,57"/><W104/><G116/><T110/><D119/><U123/><E123/><V14/><F37/><W107/><G120/><T125/><D1/><U30/><E111/><V2/><F2/><W124/><G50/><T72/><D72/><U9/><E59/><V61/><F109/><W108/><G108/><T68/><D110/><U3/><E90/><V102/><F131/><W91/><G78/><T32/><D32/><U101/><REACH who="1" step="1"/><E99/><REACH who="1" ten="210,290,250,220" step="2"/><V127/><F122/><W126/><G91/><T70/><D125/><N who="3" m="48233" /><G132/><T118/><D135/><U36/><E36/><V69/><F134/><W7/><G21/><T40/><D118/><U47/><E47/><V15/><F127/><W25/><G25/><T71/><REACH who="0" step="1"/><D62/><REACH who="0" ten="200,290,250,220" step="2"/><U89/><E89/><V24/><F61/><W41/><G63/><T20/><D20/><U43/><E43/><V133/><F133/><W79/><G41/><T66/><D66/><U23/><E23/><V86/><F11/><W26/><G26/><T22/><D22/><U121/><E121/><V83/><F24/><W117/><G117/><T64/><D64/><U31/><E31/><V112/><F69/><W65/><G65/><T106/><D106/><U28/><E28/><V56/><F83/><W128/><G107/><T77/><D77/><U81/><E81/><V73/><F82/><W115/><G79/><T74/><D74/><U6/><E6/><V80/><F80/><W45/><G7/><T51/><D51/><U93/><E93/><V19/><F75/><W46/><G5/><T18/><D18/><U130/><E130/><V48/><F73/><W67/><G4/><RYUUKYOKU ba="2,4" sc="200,15,290,15,250,-15,220,-15" hai0="40,44,49,52,54,68,70,71,88,92,98,113,114" hai1="0,3,8,9,29,30,34,35,38,39,94,95,101" />
</Scene>
<Scene>
<INIT seed="4,3,4,1,4,122" ten="215,305,235,205" oya="0" hai0="105,20,74,29,79,56,6,85,88,94,62,75,72" hai1="64,78,5,97,2,87,18,80,41,23,90,108,127" hai2="100,57,125,17,128,67,63,9,21,55,42,8,59" hai3="123,106,60,48,34,110,126,89,58,98,0,3,13"/><T101/><D6/><U30/><E127/><V24/><F125/><W124/><G123/><T131/><D131/><U1/><E30/><V116/><F128/><W32/><G48/><T77/><D105/><U84/><E97/><V11/><F116/><W46/><G13/><T118/><D101/><U130/><E130/><V33/><F33/><N who="3" m="12907" /><G46/><T26/><REACH who="0" step="1"/><D118/><REACH who="0" ten="205,305,235,205" step="2"/><U102/><E5/><V132/><F100/><W52/><G106/><T112/><D112/><U65/><E102/><V16/><F132/><W40/><G124/><T114/><D114/><U39/><E1/><V76/><F42/><W27/><G126/><T113/><D113/><U134/><E2/><V19/><F76/><W47/><G3/><T14/><D14/><N who="1" m="9687" /><E134/><V71/><F71/><W95/><G0/><T38/><D38/><U50/><E39/><V92/><F92/><W129/><G129/><T43/><D43/><U28/><E41/><V4/><F4/><W133/><G40/><T69/><D69/><U61/><E78/><V22/><F21/><W119/><G133/><T66/><AGARI ba="3,5" hai="20,26,29,56,62,66,72,74,75,77,79,85,88,94" machi="66" ten="30,6000,0" yaku="1,1,0,1,54,1,53,0" doraHai="122" doraHaiUra="35" who="0" fromWho="0" sc="205,119,305,-23,235,-23,205,-23" />
</Scene>
<Scene>
<INIT seed="4,4,0,0,3,36" ten="324,282,212,182" oya="0" hai0="126,85,107,116,2,57,95,60,69,84,133,45,44" hai1="48,135,53,82,129,63,97,0,42,12,20,6,9" hai2="38,30,55,56,27,89,21,96,93,113,31,46,127" hai3="41,122,24,14,26,29,110,76,92,132,109,3,78"/><T18/><D116/><U74/><E135/><V54/><F113/><W10/><G3/><T1/><D107/><U7/><E129/><V59/><F127/><W39/><G132/><T43/><D133/><U70/><E97/><V33/><F33/><W61/><G122/><T81/><D69/><U25/><E6/><V17/><F38/><W123/><G123/><T19/><D126/><U62/><E0/><V108/><F46/><W68/><G24/><T121/><D121/><U23/><E70/><V104/><F104/><W99/><G76/><T35/><D35/><U124/><E124/><V28/><F108/><W80/><G39/><T72/><D72/><U8/><E8/><V128/><F128/><W101/><G41/><T75/><D75/><U91/><E23/><V52/><AGARI ba="4,0" hai="17,21,27,28,30,31,52,54,55,56,59,89,93,96" machi="52" ten="30,4000,0" yaku="0,1,8,1,54,1" doraHai="36" who="2" fromWho="2" sc="324,-24,282,-14,212,52,182,-14" />
</Scene>
<Scene>
<INIT seed="5,0,0,1,0,30" ten="300,268,264,168" oya="1" hai0="13,133,19,98,4,80,127,26,67,123,16,22,111" hai1="130,116,15,77,5,114,109,72,85,100,8,68,82" hai2="129,12,52,94,90,3,23,39,25,91,97,18,11" hai3="71,51,46,38,59,61,81,57,76,87,103,96,33"/><U135/><E116/><V47/><F129/><W107/><G38/><T40/><D111/><U115/><E109/><V41/><F3/><W63/><G61/><T117/><D117/><U32/><E135/><V9/><F9/><W70/><G59/><T60/><D133/><U42/><E130/><V110/><F110/><W124/><G124/><T49/><D127/><U69/><E100/><V34/><F34/><W0/><G0/><T31/><D123/><U54/><E42/><V66/><F66/><W17/><G17/><T27/><D80/><U58/><E72/><V20/><F20/><W14/><G14/><T7/><D98/><U64/><E32/><V99/><F52/><W83/><G83/><T29/><D49/><N who="1" m="31055" /><E64/><V73/><F73/><W102/><G102/><T113/><D40/><U131/><E131/><V118/><F118/><W50/><G50/><T86/><D113/><AGARI ba="0,0" hai="5,8,15,68,69,77,82,85,113,114,115" m="31055" machi="113" ten="30,1500,0" yaku="15,1" doraHai="30" who="1" fromWho="0" sc="300,-15,268,15,264,0,168,0" />
</Scene>
<Scene>
<INIT seed="5,1,0,5,4,108" ten="285,283,264,168" oya="1" hai0="58,124,134,81,43,50,105,57,33,128,74,23,96" hai1="87,17,111,56,112,40,29,61,6,86,132,42,18" hai2="10,116,9,135,90,69,91,107,34,129,68,48,65" hai3="52,109,28,93,22,39,1,11,49,99,60,126,97"/><U119/><E119/><V130/><F65/><W35/><G109/><T4/><D33/><U46/><E111/><V5/><F48/><W25/><G39/><T26/><D4/><U14/><E132/><V76/><F76/><W92/><G126/><T83/><D124/><U73/><E73/><V101/><F101/><W113/><G60/><T38/><D38/><U15/><E29/><V21/><F21/><W103/><G35/><T106/><D134/><U24/><E6/><V20/><F20/><W100/><G1/><T95/><D128/><U125/><E125/><V98/><F98/><W44/><G11/><T131/><D131/><U12/><E24/><V80/><F80/><N who="0" m="30794" /><D106/><U121/><E121/><V123/><F34/><W72/><G72/><T127/><D105/><U36/><E42/><V0/><F107/><W27/><G27/><T62/><D127/><U117/><E117/><V59/><F116/><W85/><G85/><T53/><D43/><U19/><REACH who="1" step="1"/><E112/><AGARI ba="1,0" hai="22,25,28,44,49,52,92,93,97,99,100,103,112,113" machi="112" ten="40,8000,1" yaku="9,1,52,2,54,1" doraHai="108" who="3" fromWho="1" sc="285,0,283,-83,264,0,168,83" />
</Scene>
<Scene>
<INIT seed="6,0,0,4,0,52" ten="285,200,264,251" oya="2" hai0="135,61,46,17,8,3,95,124,121,113,40,20,74" hai1="37,85,0,16,100,134,119,41,19,53,6,43,24" hai2="25,64,42,107,78,83,44,80,76,55,126,73,133" hai3="79,57,32,15,77,23,31,71,51,102,2,97,33"/><V96/><F126/><W130/><G71/><T99/><D121/><U111/><E119/><V65/><F133/><W66/><G2/><T45/><D74/><U39/><E100/><V14/><F25/><W48/><G130/><T92/><D124/><U112/><E112/><V5/><F55/><W26/><G48/><T34/><D34/><U1/><E24/><V91/><F14/><W58/><G32/><T125/><D125/><U117/><E53/><V47/><F5/><W105/><G51/><T56/><D113/><U98/><E117/><V63/><F65/><W86/><G66/><T18/><D135/><U128/><E134/><V88/><F47/><W84/><G79/><T35/><D35/><U22/><E98/><V132/><F96/><W7/><G84/><T110/><D110/><U70/><E85/><V109/><F107/><W120/><G120/><T114/><D114/><U72/><E72/><V94/><F94/><W27/><G15/><N who="0" m="7399" /><D3/><U11/><E0/><V54/><F109/><W69/><G69/><T127/><D40/><N who="1" m="15435" /><E70/><V36/><F132/><W103/><G103/><N who="0" m="60903" /><D95/><U9/><E111/><V29/><F73/><W62/><G7/><T21/><D127/><U82/><E39/><V81/><F36/><W75/><G75/><T89/><D89/><U68/><E68/><V116/><F91/><W129/><G129/><T115/><D115/><U123/><E128/><V60/><F116/><W13/><G105/><T131/><D131/><U104/><E123/><V108/><F108/><W4/><G33/><T106/><D106/><U93/><E104/><V101/><F88/><RYUUKYOKU ba="0,0" sc="285,0,200,0,264,0,251,0" />
</Scene>
<Scene>
<INIT seed="7,1,0,3,4,7" ten="285,200,264,251" oya="3" hai0="97,102,18,59,88,65,99,13,2,69,61,25,90" hai1="101,106,100,30,134,135,80,103,70,126,129,8,62" hai2="83,37,67,33,64,29,3,44,119,94,16,123,96" hai3="0,42,111,72,15,36,84,55,75,47,77,28,122"/><W128/><G122/><T20/><D2/><U78/><E106/><V6/><F119/><W23/><G0/><T19/><D69/><U41/><E30/><V60/><F123/><W131/><G111/><T105/><D97/><U38/><E126/><V43/><F29/><W22/><G55/><T109/><D109/><U24/><E24/><V45/><F33/><W51/><G36/><T121/><D121/><U82/><E129/><N who="3" m="49738" /><G28/><T10/><AGARI ba="1,0" hai="10,13,18,19,20,25,59,61,65,88,90,99,102,105" machi="10" ten="20,5200,0" yaku="0,1,7,1,52,1,54,1" doraHai="7" who="0" fromWho="0" sc="285,55,200,-14,264,-14,251,-27" owari="340,44.0,186,-31.0,250,5.0,224,-18.0" />
</Scene>
</mjloggm>