<mjloggm ver="2.3"><GO type="169" lobby="0"/><UN n0="%E6%82%A0%E9%9B%85" n1="%E5%A4%AA%E3%81%8F%E3%81%AA%E3%81%84%E3%81%8A" n2="%E3%83%AD%E3%83%AA%E3%83%BC%E3%82%BF%E3%81%AA%E7%84%BC%E8%82%89" n3="%E4%BF%BA%E3%81%A4%E3%81%88%E3%81%88%E3%81%88%EF%BD%9E" dan="17,18,17,17" rate="2145.72,2223.64,2117.62,2178.69" sx="M,F,M,M"/><TAIKYOKU oya="0"/>

<Scene>
<INIT seed="0,0,0,0,1,59" ten="250,250,250,250" oya="0" hai0="31,65,61,83,85,23,6,32,114,35,92,41,89" hai1="69,132,12,94,30,45,108,115,56,103,57,3,104" hai2="75,111,51,1,58,67,4,79,126,78,49,93,129" hai3="113,14,118,117,105,101,17,55,36,87,38,128,130"/><T44/><D114/><U96/><E3/><V47/><F111/><W123/><G113/><T70/><D6/><U5/><E115/><V60/><F129/><N who="3" m="49771" /><G87/><T18/><D31/><U125/><E69/><V121/><F121/><W116/><G123/><T88/><D89/><U7/><E108/><V0/><F126/><W73/><G73/><T52/><D83/><U16/><E125/><V135/><F135/><W50/><G101/><T25/><REACH who="0" step="1"/><D52/><REACH who="0" ten="240,250,250,250" step="2"/><U64/><E30/><V76/><F4/><W10/><G105/><T13/><D13/><U21/><E104/><V29/><F29/><W66/><G66/><T20/><D20/><U133/><E5/><V19/><F0/><W84/><G84/><T107/><D107/><U131/><E7/><V48/><F1/><W86/><G86/><T80/><D80/><U11/><E64/><V99/><F75/><W53/><G53/><T43/><D43/><U9/><E131/><V42/><REACH who="2" step="1"/><F19/><REACH who="2" ten="240,250,240,250" step="2"/><W127/><G127/><T72/><D72/><U27/><E16/><V24/><F24/><W40/><G40/><T54/><D54/><U33/><E27/><V74/><F74/><W22/><G22/><T71/><D71/><U120/><E21/><V8/><F8/><W90/><G116/><T122/><D122/><U109/><E120/><V15/><F15/><W46/><G117/><T124/><D124/><U26/><E12/><V134/><F134/><W28/><G118/><T68/><D68/><U112/><E132/><V110/><F110/><W98/><G28/><T106/><D106/><N who="1" m="63847" /><E133/><V100/><AGARI ba="0,2" hai="42,47,48,49,51,58,60,67,76,78,79,93,99,100" machi="100" ten="30,7900,0" yaku="1,1,0,1,8,1,52,1,53,0" doraHai="59" doraHaiUra="81" who="2" fromWho="2" sc="240,-39,250,-20,240,99,250,-20" />
</Scene>
<Scene>
<INIT seed="1,0,0,0,4,48" ten="201,230,339,230" oya="1" hai0="113,73,87,114,61,50,119,98,127,92,81,26,9" hai1="124,20,121,91,22,10,99,125,4,53,94,13,7" hai2="95,76,3,103,75,123,33,14,84,11,115,130,19" hai3="55,88,23,106,1,17,71,111,100,117,47,68,86"/><U122/><E7/><V90/><F33/><W51/><G1/><T62/><D73/><U54/><E20/><V44/><F123/><N who="1" m="47113" /><E22/><V79/><F115/><W70/><G117/><T96/><D119/><U120/><E120/><V57/><F130/><W0/><G0/><T5/><D113/><U29/><E29/><V116/><F116/><W104/><G111/><T118/><D118/><U2/><E2/><V67/><F44/><W110/><G100/><T80/><D26/><U60/><E60/><N who="2" m="38287" /><F75/><W135/><G110/><T77/><D62/><U134/><E134/><V16/><F3/><W78/><G78/><N who="2" m="29737" /><F103/><W107/><G135/><T58/><D114/><U129/><E129/><V93/><F93/><W45/><G45/><T46/><D46/><U128/><E128/><V32/><F32/><W12/><REACH who="3" step="1"/><G106/><REACH who="3" ten="201,230,339,220" step="2"/><T89/><D77/><U18/><E4/><AGARI ba="0,1" hai="4,11,14,16,19,84,90,95" m="29737,38287" machi="4" ten="30,2000,0" yaku="8,1,54,1" doraHai="48" who="2" fromWho="1" sc="201,0,230,-20,339,30,220,0" />
</Scene>
<Scene>
<INIT seed="2,0,0,3,4,91" ten="201,210,369,220" oya="2" hai0="20,87,4,52,1,92,124,63,28,120,88,44,129" hai1="89,48,99,108,105,46,117,70,5,45,10,85,57" hai2="34,13,115,80,35,65,68,59,97,79,30,134,40" hai3="94,3,32,66,126,72,76,73,111,67,114,112,18"/><V77/><F68/><W12/><G3/><T23/><D120/><U100/><E70/><V75/><F115/><N who="3" m="44075" /><G32/><T93/><D129/><U49/><E117/><V61/><F79/><W15/><G111/><T118/><D118/><U50/><E57/><V21/><F134/><W135/><G126/><T90/><D124/><U58/><E58/><V31/><F40/><W133/><G76/><T51/><D63/><U64/><E64/><N who="3" m="24618" /><G94/><T37/><D37/><U11/><E108/><V71/><F71/><W17/><G15/><T0/><D4/><U69/><E69/><V27/><F13/><W107/><G107/><T109/><D109/><U39/><E39/><V47/><F47/><W127/><G127/><T113/><D113/><U102/><E102/><V125/><F125/><W84/><G84/><N who="0" m="52231" /><D0/><U101/><E101/><V74/><F74/><N who="3" m="28779" /><G12/><T82/><D1/><U42/><E45/><V95/><F31/><W128/><G128/><T96/><D28/><U19/><E46/><V78/><F78/><AGARI ba="0,0" hai="20,23,44,51,52,78,82,87,90,93,96" m="52231" machi="78" ten="30,8000,1" yaku="8,1,52,2,54,2" doraHai="91" who="0" fromWho="2" sc="201,80,210,0,369,-80,220,0" />
</Scene>
<Scene>
<INIT seed="3,0,0,0,1,75" ten="281,210,289,220" oya="3" hai0="119,61,83,131,27,8,77,80,4,92,100,40,106" hai1="2,64,6,9,54,63,98,26,53,41,88,71,91" hai2="108,1,73,67,13,94,123,126,113,65,129,86,105" hai3="102,50,18,23,116,3,74,58,55,82,125,114,117"/><W56/><G114/><T5/><D119/><U135/><E135/><V52/><F1/><W103/><G3/><T43/><D106/><U93/><E41/><V78/><F73/><W0/><G0/><T134/><D134/><U85/><REACH who="1" step="1"/><E26/><REACH who="1" ten="281,200,289,220" step="2"/><V128/><F113/><W14/><G117/><T121/><D27/><U118/><E118/><V36/><F128/><W127/><G116/><T49/><D43/><U68/><E68/><V130/><F129/><W38/><G38/><T133/><D133/><U111/><E111/><V70/><F36/><W95/><G125/><T34/><D40/><U89/><E89/><V90/><F90/><W122/><G127/><T39/><D39/><U79/><E79/><V47/><F78/><W29/><G122/><T87/><D77/><U7/><E7/><V97/><F126/><W66/><G102/><T124/><D5/><U48/><E48/><V112/><F130/><W42/><G42/><T76/><D4/><U115/><E115/><V109/><F112/><W37/><G37/><T11/><D121/><U12/><E12/><V46/><F123/><W31/><G103/><T17/><D100/><U15/><E15/><V51/><F13/><W28/><G50/><T57/><D49/><U62/><E62/><V72/><F51/><W45/><G14/><T99/><D61/><U107/><E107/><V44/><F108/><W24/><G24/><T101/><D101/><U84/><E84/><V110/><F109/><W96/><G74/><T25/><D131/><U69/><E69/><V60/><F110/><W132/><G132/><T32/><D124/><RYUUKYOKU ba="0,1" sc="281,-10,200,30,289,-10,220,-10" hai1="2,6,9,53,54,63,64,71,85,88,91,93,98" />
</Scene>
<Scene>
<INIT seed="4,1,1,3,3,94" ten="271,230,279,210" oya="0" hai0="132,0,80,99,89,57,108,10,16,92,63,135,48" hai1="84,97,20,18,88,117,2,96,19,130,3,34,83" hai2="6,60,59,114,40,52,11,107,1,68,33,124,110" hai3="122,56,39,64,32,37,115,35,23,71,5,15,111"/><T133/><D108/><U120/><E117/><V36/><F110/><W73/><G73/><T72/><D48/><U65/><E120/><V58/><F33/><W105/><G111/><T85/><D72/><U17/><E34/><V62/><F68/><W113/><G71/><T121/><D121/><U54/><E65/><V87/><F107/><W53/><G64/><T22/><D10/><U55/><E130/><V51/><F114/><N who="3" m="43531" /><G122/><T38/><D38/><N who="3" m="14345" /><G105/><T9/><D9/><U76/><E20/><V118/><F118/><W116/><G116/><T43/><D43/><U127/><E127/><V67/><F124/><W49/><G23/><T109/><D0/><U50/><E54/><V104/><F104/><W14/><G14/><N who="0" m="9495" /><D109/><U123/><E123/><V131/><F131/><W98/><G15/><T28/><D28/><U69/><E69/><V70/><F36/><W79/><G79/><T95/><D63/><U128/><E128/><V8/><F40/><W25/><G5/><T81/><D57/><N who="1" m="33015" /><E3/><V7/><F62/><W61/><G61/><T74/><D74/><U112/><E2/><V27/><F70/><W24/><G35/><T101/><AGARI ba="1,1" hai="80,81,85,89,92,95,99,101,132,133,135" m="9495" machi="101" ten="30,6000,0" yaku="20,1,52,1,54,1" doraHai="94" who="0" fromWho="0" sc="271,73,230,-21,279,-21,210,-21" />
</Scene>
<Scene>
<INIT seed="4,2,0,2,4,86" ten="344,209,258,189" oya="0" hai0="84,127,39,41,51,93,85,129,2,68,30,72,56" hai1="0,105,27,47,117,33,44,75,17,106,119,100,4" hai2="26,128,9,28,78,134,87,135,81,63,18,8,50" hai3="77,23,20,111,29,123,35,71,91,70,67,36,19"/><T62/><D72/><U60/><E75/><V96/><F128/><W115/><G111/><T130/><D2/><U15/><E60/><V98/><F63/><W13/><G36/><T40/><D68/><U12/><E100/><V34/><F50/><W80/><G123/><T1/><D1/><U114/><E0/><V88/><F78/><W104/><G115/><T125/><D39/><U65/><E65/><V110/><F110/><W116/><G116/><T94/><D30/><U24/><E4/><V97/><REACH who="2" step="1"/><F18/><REACH who="2" ten="344,209,248,189" step="2"/><W92/><G67/><N who="0" m="39367" /><D51/><U16/><REACH who="1" step="1"/><E33/><REACH who="1" ten="344,199,248,189" step="2"/><V122/><F122/><W112/><G35/><T48/><D129/><U53/><E53/><V103/><F103/><W69/><G112/><AGARI ba="2,2" hai="12,15,16,17,24,27,44,47,105,106,112,114,117,119" machi="112" ten="25,6400,0" yaku="1,1,22,2,54,1,53,0" doraHai="86" doraHaiUra="5" who="1" fromWho="3" sc="344,0,199,90,248,0,189,-70" />
</Scene>
<Scene>
<INIT seed="5,0,0,0,1,122" ten="344,289,248,119" oya="1" hai0="102,39,99,29,6,85,97,80,4,17,53,90,59" hai1="114,103,87,51,64,43,127,0,70,37,62,79,116" hai2="31,132,96,36,46,98,124,81,26,42,74,9,93" hai3="84,27,123,23,125,16,34,91,41,33,69,60,95"/><U40/><E0/><V134/><F124/><W89/><G125/><T63/><D39/><U22/><E127/><V115/><F115/><W14/><G123/><T68/><D68/><U108/><E116/><V120/><F120/><W7/><G41/><T11/><D29/><U92/><E37/><V78/><F9/><W15/><G69/><T110/><D99/><U32/><E32/><V35/><REACH who="2" step="1"/><F98/><REACH who="2" ten="344,289,238,119" step="2"/><W75/><G75/><T5/><D97/><U54/><E114/><V112/><F112/><W3/><G3/><T126/><D126/><U83/><E87/><V121/><F121/><W55/><G33/><T52/><D102/><AGARI ba="0,1" hai="26,31,35,36,42,46,74,78,81,93,96,102,132,134" machi="102" ten="40,1300,0" yaku="1,1,53,0" doraHai="122" doraHaiUra="1" who="2" fromWho="0" sc="344,-13,289,0,238,23,119,0" />
</Scene>
<Scene>
<INIT seed="6,0,0,2,3,31" ten="331,289,261,119" oya="2" hai0="79,116,91,132,107,58,77,54,6,114,100,99,98" hai1="14,52,16,117,27,63,8,66,110,90,21,34,33" hai2="93,115,51,122,29,101,68,7,72,65,111,41,0" hai3="47,123,84,70,35,9,64,133,85,124,49,80,28"/><V82/><F122/><W73/><G123/><T129/><D132/><U37/><E110/><V135/><F111/><W12/><G133/><T19/><D6/><U96/><E37/><V4/><F135/><W134/><G134/><T108/><D108/><U105/><E117/><V10/><F7/><W62/><G124/><T103/><D91/><U43/><E43/><V57/><F115/><W118/><G118/><T53/><D53/><U60/><E60/><V17/><F29/><W97/><G97/><T42/><D42/><U24/><E24/><V78/><F17/><W119/><G119/><T39/><D39/><U3/><E3/><V125/><F125/><W81/><G81/><T69/><D69/><U13/><E13/><V126/><F126/><W113/><G113/><T26/><D114/><U46/><E46/><V76/><F76/><W120/><G120/><T44/><D44/><U5/><E105/><V20/><F20/><W40/><G73/><T83/><D19/><U75/><E75/><V15/><F0/><W74/><G74/><T87/><D116/><U112/><E112/><V104/><F104/><W48/><G48/><T92/><D26/><U61/><E61/><V55/><F41/><W121/><G121/><T130/><D79/><U25/><E25/><V45/><F45/><W131/><G131/><T86/><D130/><U102/><E102/><V94/><F101/><W2/><G2/><T128/><D128/><U88/><E90/><V106/><F106/><W32/><G28/><T89/><D129/><U30/><E30/><V1/><F1/><W95/><G40/><RYUUKYOKU ba="0,0" sc="331,-10,289,-10,261,30,119,-10" hai2="4,10,15,51,55,57,65,68,72,78,82,93,94" />
</Scene>
<Scene>
<INIT seed="6,1,0,2,2,101" ten="321,279,291,109" oya="2" hai0="125,132,17,109,134,84,24,98,23,131,33,6,103" hai1="7,124,104,118,108,28,65,74,21,89,43,3,128" hai2="64,0,113,85,133,45,10,27,39,83,115,111,12" hai3="46,105,123,94,99,36,80,82,54,13,1,69,72"/><V22/><F0/><W91/><G1/><T76/><D109/><U2/><E74/><V48/><F39/><W88/><G123/><T75/><D33/><U34/><E65/><V68/><F68/><W81/><G69/><T73/><D6/><U18/><E43/><N who="2" m="24639" /><F64/><W41/><G72/><T56/><D56/><U126/><E89/><V15/><F111/><W5/><G54/><T95/><D125/><N who="1" m="48235" /><E108/><V32/><F32/><W129/><G129/><T96/><D131/><U42/><E42/><V44/><F133/><N who="0" m="51306" /><D96/><U37/><E128/><V38/><F44/><W67/><G67/><T97/><D97/><U92/><E7/><N who="2" m="3167" /><F38/><W119/><G119/><T57/><D57/><U135/><E37/><V11/><F15/><W77/><G77/><T31/><D75/><U110/><E110/><V53/><F11/><W58/><G58/><T62/><D73/><U19/><E135/><V102/><F102/><W70/><G70/><T114/><D62/><U50/><E34/><V90/><F53/><W79/><G79/><T60/><D60/><U52/><E52/><V59/><F59/><W106/><REACH who="3" step="1"/><G91/><REACH who="3" ten="321,279,291,99" step="2"/><T30/><D76/><U127/><E127/><V130/><F130/><W20/><G20/><T100/><D23/><U51/><E21/><V9/><F90/><W93/><G93/><T49/><D95/><U14/><E92/><V122/><F122/><W121/><G121/><T61/><D61/><U86/><E118/><V112/><F22/><W66/><G66/><T25/><D24/><U55/><E55/><V26/><F26/><W16/><G16/><T8/><D17/><RYUUKYOKU ba="1,1" sc="321,-10,279,-10,291,-10,99,30" hai3="5,13,36,41,46,80,81,82,88,94,99,105,106" />
</Scene>
<Scene>
<INIT seed="7,2,1,5,0,4" ten="311,269,281,129" oya="3" hai0="91,110,59,37,28,46,68,27,96,95,92,100,107" hai1="78,51,112,128,64,24,40,121,30,83,56,75,86" hai2="122,10,21,76,55,58,129,72,70,73,104,1,132" hai3="89,41,124,109,39,84,7,117,90,118,123,120,14"/><W134/><G39/><T113/><D110/><U50/><E121/><N who="3" m="46666" /><G41/><T79/><D79/><U5/><E112/><V99/><F122/><W26/><G109/><T67/><D59/><U103/><E128/><V29/><F70/><W106/><G106/><T69/><D113/><U23/><E75/><V53/><F129/><W22/><G84/><T131/><D131/><U74/><E74/><V6/><F132/><W3/><G134/><T135/><D135/><U44/><E5/><V85/><F99/><W126/><G3/><T88/><D92/><U127/><E103/><V35/><F104/><W125/><G90/><T52/><D91/><U15/><E15/><V17/><F85/><W36/><G36/><T114/><D114/><U87/><E87/><V63/><F55/><W115/><G115/><T65/><D37/><U25/><E25/><N who="2" m="18863" /><F76/><W94/><G94/><T45/><D100/><U20/><E40/><V54/><F53/><W77/><G77/><T16/><D107/><U43/><E78/><V11/><F11/><N who="3" m="4479" /><G89/><T101/><D101/><U66/><E86/><V108/><F108/><W48/><G48/><T133/><D133/><U60/><E51/><V9/><F9/><W62/><G62/><T105/><D105/><U2/><E2/><V31/><F73/><W33/><G33/><T19/><D96/><U98/><E98/><V61/><F72/><W13/><G13/><T71/><D95/><U57/><E60/><V42/><F63/><W81/><G81/><T47/><D88/><U97/><E83/><V82/><F82/><W116/><G116/><T130/><D130/><RYUUKYOKU ba="2,1" sc="311,-10,269,-10,281,-10,129,30" hai3="22,26,117,118,124,125,126" />
</Scene>
<Scene>
<INIT seed="7,3,1,5,1,47" ten="301,259,271,159" oya="3" hai0="78,8,111,53,32,89,35,124,30,81,86,52,94" hai1="2,120,6,67,19,23,95,27,110,68,99,40,66" hai2="71,134,79,93,54,128,13,64,92,24,61,116,85" hai3="4,65,132,11,87,76,18,69,57,106,107,114,127"/><W48/><G69/><T0/><D111/><U88/><E110/><V118/><F128/><W129/><G129/><T21/><D124/><U103/><E120/><V55/><F134/><W15/><G127/><T7/><D21/><U102/><E40/><V36/><F36/><W60/><G132/><T25/><D32/><U26/><E26/><V98/><F24/><W108/><G108/><T91/><D91/><U75/><E75/><AGARI ba="3,1" hai="0,7,8,25,30,35,52,53,75,78,81,86,89,94" machi="75" ten="30,2000,0" yaku="7,1,54,1" doraHai="47" who="0" fromWho="1" sc="301,39,259,-29,271,0,159,0" owari="340,44.0,230,-17.0,271,7.0,159,-34.0" />
</Scene>
</mjloggm>