<mjloggm ver="2.3"><GO type="169" lobby="0"/><UN n0="%E5%A4%AA%E3%81%8F%E3%81%AA%E3%81%84%E3%81%8A" n1="%E8%B6%85%E3%83%92%E3%83%A2%E3%83%AA%E3%83%AD" n2="%E3%82%B9%E3%83%BC%E3%83%91%E3%83%BC%E3%82%A2%E3%83%8B%E3%82%AD" n3="%E3%81%86%E3%81%8D%E3%81%A7%E3%82%93" dan="18,18,16,16" rate="2224.97,2212.12,2083.96,2058.99" sx="F,M,F,M"/><TAIKYOKU oya="0"/>

<Scene>
<INIT seed="0,0,0,0,3,50" ten="250,250,250,250" oya="0" hai0="42,68,119,65,88,72,110,107,112,64,59,28,22" hai1="85,53,111,41,100,58,115,127,45,71,102,6,96" hai2="4,1,2,91,15,120,57,114,0,56,25,121,97" hai3="48,35,116,11,84,17,24,44,39,33,103,117,19"/><T49/><D119/><U98/><E111/><V133/><F114/><W55/><G39/><T27/><D112/><U132/><E127/><V104/><F133/><W93/><G35/><T108/><D72/><U5/><E71/><V73/><F73/><W14/><G103/><T135/><D107/><U77/><E132/><V89/><F25/><W76/><G76/><T7/><D135/><U10/><E115/><V123/><F104/><W80/><G93/><T87/><D7/><U51/><E77/><V62/><F97/><W82/><G33/><T18/><D68/><U74/><E85/><V32/><F32/><W130/><G130/><T69/><D69/><U118/><E118/><V12/><F4/><W52/><G117/><T13/><D42/><U21/><E21/><V20/><F20/><N who="3" m="13343" /><G116/><T46/><D46/><U31/><E31/><V37/><F37/><W81/><G84/><T109/><D28/><U60/><E74/><V92/><F92/><W54/><AGARI ba="0,0" hai="11,14,17,44,48,52,54,55,80,81,82" m="13343" machi="54" ten="30,8000,1" yaku="8,1,52,3,54,1" doraHai="50" who="3" fromWho="3" sc="250,-40,250,-20,250,-20,250,80" />
</Scene>
<Scene>
<INIT seed="1,0,0,2,0,40" ten="210,230,230,330" oya="1" hai0="57,100,7,32,135,89,15,103,39,86,66,24,93" hai1="55,67,23,45,92,11,29,94,74,18,80,81,112" hai2="35,52,48,121,64,38,90,78,96,49,79,105,95" hai3="113,102,98,31,120,128,0,41,5,133,104,54,19"/><U46/><E112/><V119/><F38/><W1/><G113/><T43/><D135/><U63/><E74/><V71/><F35/><W27/><G120/><T33/><D66/><U87/><E29/><V110/><F121/><W76/><G133/><T108/><D108/><U70/><E11/><V28/><F119/><W34/><G128/><T99/><D57/><N who="1" m="35263" /><E70/><V97/><F110/><W26/><G41/><T118/><D118/><U25/><E67/><V127/><F28/><W4/><G76/><T125/><D125/><U61/><E61/><V111/><F111/><W44/><G0/><T17/><D7/><U107/><E107/><V59/><F127/><W101/><G101/><T30/><D32/><U84/><E84/><V47/><F71/><W122/><G1/><T115/><D115/><U85/><E85/><V12/><F64/><W21/><G122/><T88/><D39/><U91/><E94/><N who="2" m="56407" /><F12/><W83/><G83/><AGARI ba="0,0" hai="18,23,25,45,46,80,81,83,87,91,92" m="35263" machi="83" ten="30,5800,0" yaku="8,1,52,2" doraHai="40" who="1" fromWho="3" sc="210,0,230,58,230,0,330,-58" />
</Scene>
<Scene>
<INIT seed="1,1,0,1,5,115" ten="210,288,230,272" oya="1" hai0="25,32,63,56,67,22,119,105,118,49,42,13,108" hai1="95,101,127,6,76,65,126,62,48,23,38,11,97" hai2="17,114,8,51,93,45,116,29,112,34,134,91,19" hai3="64,124,26,111,70,110,86,20,0,130,55,43,88"/><U84/><E38/><V98/><F134/><W31/><G130/><T59/><D105/><U66/><E48/><V40/><F34/><W113/><G113/><N who="2" m="43625" /><F29/><W27/><G124/><N who="1" m="47658" /><E23/><V75/><F75/><W57/><G0/><T128/><D128/><U82/><E62/><V122/><F122/><W96/><G96/><T12/><D108/><N who="3" m="41513" /><G43/><T117/><D32/><U28/><E28/><V15/><F19/><W41/><G41/><T121/><D121/><U7/><E7/><V74/><F74/><W50/><G27/><T4/><D4/><U135/><E135/><V83/><F83/><N who="3" m="49247" /><G64/><T69/><D42/><U72/><E72/><V123/><F123/><W102/><G70/><T87/><D87/><U3/><AGARI ba="1,0" hai="3,6,11,65,66,76,82,84,95,97,101" m="47658" machi="3" ten="30,1500,0" yaku="18,1" doraHai="115" who="1" fromWho="1" sc="210,-6,288,18,230,-6,272,-6" />
</Scene>
<Scene>
<INIT seed="1,2,0,0,3,31" ten="204,306,224,266" oya="1" hai0="45,119,42,111,6,72,91,81,116,5,11,38,14" hai1="86,96,57,41,62,126,9,43,48,85,28,12,67" hai2="33,25,79,54,82,36,22,1,60,65,47,15,105" hai3="123,55,2,19,44,53,112,76,70,108,127,4,120"/><U95/><E126/><V66/><F1/><W68/><G112/><T80/><D111/><U13/><E28/><V92/><F105/><W130/><G76/><T107/><D107/><U21/><E21/><V93/><F15/><W129/><G19/><T97/><D6/><U103/><E13/><V32/><F66/><W104/><G104/><T75/><D81/><U39/><E39/><V18/><F92/><W77/><G77/><T124/><D124/><U87/><REACH who="1" step="1"/><E48/><REACH who="1" ten="204,296,224,266" step="2"/><V59/><F36/><W3/><G127/><T128/><D38/><U99/><E99/><V69/><F47/><W134/><G2/><T131/><D45/><U133/><E133/><V35/><F93/><W98/><G98/><T102/><D97/><U118/><E118/><V94/><F94/><W132/><G3/><T100/><D116/><U0/><E0/><V64/><REACH who="2" step="1"/><F69/><REACH who="2" ten="204,296,214,266" step="2"/><W78/><G70/><T121/><D14/><U7/><AGARI ba="2,2" hai="7,9,12,41,43,57,62,67,85,86,87,95,96,103" machi="7" ten="30,18000,2" yaku="1,1,0,1,8,1,53,3" doraHai="31" doraHaiUra="83" who="1" fromWho="1" sc="204,-62,296,206,214,-62,266,-62" />
</Scene>
<Scene>
<INIT seed="1,3,0,3,5,4" ten="142,502,152,204" oya="1" hai0="91,87,29,49,34,26,18,95,6,54,132,103,15" hai1="47,77,44,66,134,2,39,81,124,107,120,131,17" hai2="71,37,65,133,111,56,113,35,104,24,52,0,85" hai3="62,5,36,50,92,53,89,27,116,83,80,72,57"/><U14/><E124/><V8/><F104/><W97/><G36/><T79/><D132/><U78/><E131/><V93/><F37/><W115/><G115/><T125/><D125/><U90/><E120/><V112/><F111/><W86/><G116/><T20/><D103/><U135/><E2/><V128/><F128/><W58/><G72/><T11/><D79/><U110/><E110/><V74/><F74/><W84/><G5/><T40/><D40/><U94/><E107/><V67/><F133/><N who="1" m="50697" /><E66/><N who="2" m="25099" /><F71/><W119/><G119/><T127/><D127/><U99/><E39/><V25/><F35/><W16/><G58/><T122/><D122/><U129/><E129/><V43/><F43/><W51/><G86/><T41/><D41/><U12/><E12/><V73/><F73/><W42/><G42/><T19/><REACH who="0" step="1"/><D34/><REACH who="0" ten="132,502,152,204" step="2"/><U33/><E33/><V118/><F118/><W88/><G83/><T106/><D106/><U130/><E130/><V70/><F112/><W10/><G27/><T46/><AGARI ba="3,1" hai="6,11,15,18,19,20,26,29,46,49,54,87,91,95" machi="46" ten="20,8000,1" yaku="1,1,0,1,7,1,8,1,52,1,53,0" doraHai="4" doraHaiUra="59" who="0" fromWho="0" sc="132,99,502,-43,152,-23,204,-23" />
</Scene>
<Scene>
<INIT seed="2,0,0,3,4,132" ten="231,459,129,181" oya="2" hai0="26,80,115,46,125,52,19,14,95,6,57,16,11" hai1="34,45,134,18,123,63,5,110,27,113,1,94,131" hai2="101,64,96,0,24,13,111,17,122,91,105,67,25" hai3="120,99,48,92,2,98,41,40,22,86,9,81,128"/><V107/><F0/><W75/><G120/><T60/><D115/><U56/><E1/><V89/><F122/><W84/><G75/><T117/><D117/><U37/><E34/><V70/><F107/><W36/><G36/><T43/><D125/><U82/><E37/><V44/><F44/><W53/><G128/><T51/><D26/><U78/><E131/><V79/><F79/><W38/><G38/><T118/><D118/><U85/><E45/><V114/><F114/><W87/><G81/><T83/><D95/><U104/><E104/><V50/><F50/><W73/><G73/><T42/><D42/><N who="3" m="16489" /><G2/><T3/><REACH who="0" step="1"/><D19/><REACH who="0" ten="221,459,129,181" step="2"/><U20/><E18/><V74/><F17/><W55/><G92/><T8/><AGARI ba="0,1" hai="3,6,8,11,14,16,43,46,51,52,57,60,80,83" machi="8" ten="20,16000,3" yaku="1,1,2,1,0,1,7,1,54,2,53,2" doraHai="132" doraHaiUra="7" who="0" fromWho="0" sc="221,170,459,-40,129,-80,181,-40" />
</Scene>
<Scene>
<INIT seed="3,0,0,0,1,119" ten="391,419,49,141" oya="3" hai0="72,120,63,83,24,74,93,28,44,117,89,80,58" hai1="5,105,0,33,8,20,68,12,40,64,106,48,55" hai2="1,98,49,124,81,123,104,52,121,86,130,31,41" hai3="27,15,60,82,69,14,34,99,10,7,109,118,71"/><W42/><G118/><T126/><D117/><U116/><E116/><V129/><F41/><W92/><G42/><T32/><D126/><U91/><E40/><V75/><F1/><W67/><G109/><T16/><D44/><U43/><E43/><V25/><F75/><W85/><G34/><T21/><D74/><U38/><E38/><V135/><F98/><W73/><G73/><T23/><D72/><U6/><E64/><V37/><F37/><W65/><G27/><N who="0" m="14759" /><D120/><N who="2" m="46154" /><F104/><W3/><G67/><N who="0" m="39415" /><D32/><U125/><E125/><V4/><F4/><W56/><G71/><T87/><AGARI ba="0,0" hai="23,24,28,80,83,87,89,93" m="39415,14759" machi="87" ten="30,2000,0" yaku="8,1,54,1" doraHai="119" who="0" fromWho="0" sc="391,20,419,-5,49,-5,141,-10" />
</Scene>
<Scene>
<INIT seed="4,0,0,1,1,83" ten="411,414,44,131" oya="0" hai0="93,52,79,84,123,133,80,115,24,36,56,41,12" hai1="97,114,27,39,103,29,3,112,60,35,9,13,45" hai2="110,48,47,78,59,61,8,132,17,128,102,72,126" hai3="30,63,69,33,44,68,28,90,119,40,54,7,66"/><T89/><D123/><U16/><E60/><V55/><F110/><W92/><G119/><T116/><D116/><U11/><E39/><V85/><F128/><W25/><G30/><T70/><D70/><U107/><REACH who="1" step="1"/><E45/><REACH who="1" ten="411,404,44,131" step="2"/><V82/><F132/><W2/><G44/><T127/><D133/><U21/><E21/><V99/><F126/><W88/><G63/><T51/><D127/><U117/><E117/><V6/><F47/><W19/><G33/><T87/><D36/><U15/><E15/><V76/><F61/><W1/><G1/><T38/><D38/><U95/><E95/><V65/><F65/><W94/><G94/><T100/><D12/><U77/><E77/><V130/><F130/><W121/><G92/><T98/><D115/><U4/><AGARI ba="0,1" hai="3,4,9,11,13,16,27,29,35,97,103,107,112,114" machi="4" ten="30,4000,0" yaku="1,1,0,1,54,1,53,0" doraHai="83" doraHaiUra="75" who="1" fromWho="1" sc="411,-20,404,50,44,-10,131,-10" />
</Scene>
<Scene>
<INIT seed="5,0,0,3,2,10" ten="391,454,34,121" oya="1" hai0="109,70,17,134,89,22,114,62,61,34,32,73,45" hai1="46,35,36,75,5,66,116,43,9,13,128,121,50" hai2="20,123,26,55,97,81,65,1,127,60,15,54,131" hai3="64,94,31,3,87,98,92,53,82,113,105,112,47"/><U68/><E128/><V0/><F123/><W69/><G3/><T80/><D109/><U100/><E116/><V122/><F122/><W44/><G31/><T57/><D114/><N who="3" m="44137" /><G105/><T67/><D134/><U42/><E121/><V85/><F131/><W28/><G28/><T40/><D73/><U21/><E35/><V48/><F127/><W27/><G27/><T11/><D11/><U59/><E75/><V78/><F97/><W74/><G74/><T29/><D29/><U23/><E100/><V71/><F26/><W104/><G104/><T39/><D80/><U56/><E43/><V91/><F78/><W111/><G111/><T129/><D89/><U58/><REACH who="1" step="1"/><E36/><REACH who="1" ten="391,444,34,121" step="2"/><V72/><F72/><W30/><G98/><T14/><REACH who="0" step="1"/><D129/><REACH who="0" ten="381,444,34,121" step="2"/><U52/><E52/><AGARI ba="0,2" hai="14,17,22,32,34,39,40,45,52,57,61,62,67,70" machi="52" ten="30,12000,2" yaku="1,1,2,1,7,1,52,1,54,1,53,1" doraHai="10" doraHaiUra="16" who="0" fromWho="1" sc="381,140,444,-120,34,0,121,0" />
</Scene>
<Scene>
<INIT seed="6,0,0,3,3,37" ten="521,324,34,121" oya="2" hai0="80,133,82,98,123,44,33,122,100,120,43,73,94" hai1="65,62,38,48,18,55,4,102,107,127,85,72,31" hai2="124,36,70,99,81,95,17,26,49,60,134,51,27" hai3="76,53,116,40,29,118,28,58,111,32,24,135,68"/><V41/><F124/><W39/><G111/><T132/><D33/><U88/><E72/><V13/><F134/><N who="0" m="51818" /><D73/><U6/><E127/><V63/><F81/><W14/><G135/><T87/><D87/><U77/><E77/><V21/><F36/><AGARI ba="0,0" hai="36,43,44,80,82,94,98,100,120,122,123" m="51818" machi="36" ten="40,2600,0" yaku="20,1,52,1" doraHai="37" who="0" fromWho="2" sc="521,26,324,0,34,-26,121,0" />
</Scene>
<Scene>
<INIT seed="7,0,0,2,2,33" ten="547,324,8,121" oya="3" hai0="2,24,46,55,0,126,29,44,81,28,57,45,63" hai1="130,22,79,91,120,58,9,113,117,133,32,134,87" hai2="59,135,77,31,37,43,12,7,56,47,40,109,14" hai3="99,100,83,114,119,53,102,98,127,121,23,89,49"/><W70/><G70/><T132/><D126/><U30/><E120/><V131/><F109/><W27/><G121/><T51/><D132/><N who="1" m="50795" /><E117/><V67/><F131/><W69/><G69/><T103/><D103/><U50/><E113/><V90/><F135/><W85/><G114/><T48/><D81/><U17/><E32/><V116/><F116/><W25/><G25/><T125/><D125/><U105/><E105/><V93/><F31/><W72/><G72/><T65/><D29/><U101/><E101/><V68/><F77/><W94/><G119/><T34/><D46/><U52/><E79/><V42/><F12/><W84/><G102/><T129/><D129/><U108/><E108/><V20/><F20/><W118/><G100/><T26/><D26/><N who="1" m="16727" /><E130/><V88/><F14/><W128/><G128/><T36/><D36/><U1/><E17/><V82/><F7/><W112/><G112/><T78/><D78/><U74/><E74/><V61/><F88/><N who="3" m="53519" /><G127/><T15/><D15/><U8/><E1/><V106/><F106/><W75/><G75/><T64/><D64/><U71/><E71/><V107/><F107/><W19/><G118/><T122/><D122/><U3/><E3/><V39/><F82/><AGARI ba="0,0" hai="8,9,50,52,58,82,87,91" m="16727,50795" machi="82" ten="30,2000,0" yaku="20,1,54,1" doraHai="33" who="1" fromWho="2" sc="547,0,324,20,8,-20,121,0" owari="547,65.0,344,14.0,-12,-51.0,121,-28.0" />
</Scene>
</mjloggm>