<mjloggm ver="2.3"><GO type="169" lobby="0"/><UN n0="%E5%A4%AA%E3%81%8F%E3%81%AA%E3%81%84%E3%81%8A" n1="%6D%65%24%6F" n2="%6B%65%69%72%79%6F" n3="%7E%E7%84%A1%E9%A2%A8%7E" dan="18,17,16,17" rate="2171.22,2222.41,2022.63,2156.87" sx="F,M,F,M"/><TAIKYOKU oya="0"/>

<Scene>
<INIT seed="0,0,0,3,5,12" ten="250,250,250,250" oya="0" hai0="61,54,85,68,37,122,128,55,8,79,116,121,19" hai1="24,133,96,1,91,84,9,0,111,123,101,26,7" hai2="4,74,90,103,120,36,73,65,75,59,43,113,106" hai3="32,93,70,86,94,14,33,92,126,16,77,58,130"/><T63/><D116/><U2/><E123/><V42/><F120/><W72/><G70/><T29/><D37/><U51/><E133/><V45/><F113/><W5/><G72/><T124/><D124/><U125/><E125/><V20/><F43/><W110/><G126/><T50/><D128/><U102/><E111/><V52/><F65/><W129/><G5/><T82/><D29/><U100/><E96/><V62/><F4/><W131/><G58/><T53/><D50/><U127/><E127/><V89/><REACH who="2" step="1"/><F20/><REACH who="2" ten="250,250,240,250" step="2"/><N who="3" m="11287" /><G110/><T27/><D122/><U134/><E134/><V135/><F135/><W112/><G112/><T28/><D121/><U56/><E7/><V57/><F57/><W3/><G3/><T78/><D68/><U88/><E9/><V98/><AGARI ba="0,1" hai="36,42,45,52,59,62,73,74,75,89,90,98,103,106" machi="98" ten="40,5200,0" yaku="1,1,0,1,54,1,53,0" doraHai="12" doraHaiUra="6" who="2" fromWho="2" sc="250,-26,250,-13,240,62,250,-13" />
</Scene>
<Scene>
<INIT seed="1,0,0,3,2,111" ten="224,237,302,237" oya="1" hai0="91,26,117,84,5,65,54,122,103,12,28,55,47" hai1="113,22,74,68,52,34,76,118,64,43,112,108,85" hai2="45,132,31,99,93,42,106,75,36,40,16,38,2" hai3="89,101,56,107,27,8,79,49,61,29,1,86,90"/><U11/><E118/><V53/><F106/><W4/><G49/><T41/><D117/><U32/><E74/><V23/><F75/><W25/><G79/><T123/><D65/><U94/><E43/><V109/><F2/><W88/><G86/><T7/><D103/><U0/><E108/><V131/><F109/><W63/><G63/><T69/><D69/><U3/><E64/><V92/><F31/><W14/><G1/><T133/><D133/><U21/><E68/><V51/><F132/><W37/><G37/><N who="0" m="21935" /><D12/><U115/><E52/><N who="0" m="20009" /><D91/><U114/><N who="1" m="28672" /><DORA hai="105" /><U6/><E3/><V135/><F135/><W50/><G50/><T35/><D84/><U126/><E126/><V130/><F93/><W97/><REACH who="3" step="1"/><G29/><REACH who="3" ten="224,237,302,227" step="2"/><T102/><D28/><U70/><E70/><V48/><F48/><W121/><G121/><T95/><D123/><U73/><E73/><V82/><F36/><W13/><G13/><T44/><D122/><U62/><E62/><V46/><F82/><W71/><G71/><T124/><D124/><U104/><E76/><V9/><F38/><W127/><G127/><T59/><D26/><U98/><E85/><V96/><F42/><W18/><G18/><T119/><D119/><U134/><E134/><V20/><F40/><W66/><AGARI ba="0,1" hai="4,8,14,25,27,56,61,66,88,89,90,97,101,107" machi="66" ten="30,4000,0" yaku="1,1,0,1,54,1,53,0" doraHai="111,105" doraHaiUra="116,78" who="3" fromWho="3" sc="224,-10,237,-20,302,-10,227,50" />
</Scene>
<Scene>
<INIT seed="2,0,0,5,5,49" ten="214,217,292,277" oya="2" hai0="15,31,95,8,46,39,72,105,103,51,56,20,86" hai1="76,61,18,119,79,2,107,129,87,127,33,81,9" hai2="109,131,25,52,16,32,13,58,3,111,35,77,48" hai3="80,21,19,89,75,0,126,43,47,34,7,94,125"/><V37/><F131/><W101/><G34/><T82/><D39/><U59/><E119/><V117/><F117/><W92/><G101/><T93/><D72/><U134/><E107/><V12/><F37/><N who="3" m="21999" /><G19/><N who="0" m="8679" /><D105/><U128/><E33/><V27/><F3/><W63/><G21/><T113/><D56/><U124/><E134/><V57/><F77/><N who="3" m="44095" /><G63/><T96/><D113/><U65/><E76/><V116/><F116/><W120/><G120/><T10/><D20/><U108/><E108/><N who="2" m="41547" /><F12/><W83/><G83/><T45/><D82/><U104/><E104/><V88/><F88/><W38/><G38/><T54/><D103/><U112/><E112/><V84/><F84/><N who="3" m="52263" /><G94/><T55/><D86/><U68/><E129/><V64/><F35/><W36/><G36/><T42/><D93/><U110/><E128/><V97/><F32/><W6/><G0/><T133/><D95/><U70/><E2/><V90/><F90/><W40/><G40/><T69/><D42/><U66/><E110/><V121/><F121/><W41/><G41/><T44/><D96/><U23/><E9/><N who="2" m="6191" /><F97/><W135/><G135/><T60/><D133/><U91/><E91/><V71/><F71/><W30/><G7/><T78/><D69/><U122/><E122/><V74/><F74/><W102/><G6/><T73/><D73/><U98/><E98/><V62/><AGARI ba="0,0" hai="25,27,48,52,57,58,62,64" m="6191,41547" machi="62" ten="30,12000,1" yaku="14,1,10,1,52,1,54,2" doraHai="49" who="2" fromWho="2" sc="214,-40,217,-40,292,120,277,-40" />
</Scene>
<Scene>
<INIT seed="2,1,0,2,4,119" ten="174,177,412,237" oya="2" hai0="64,28,26,42,3,71,2,107,11,127,78,98,49" hai1="24,32,20,96,122,90,84,14,53,70,72,97,44" hai2="100,115,130,51,48,41,85,19,12,66,39,45,75" hai3="54,22,124,116,35,21,101,77,47,91,113,133,121"/><V83/><F115/><W56/><G35/><N who="0" m="20887" /><D78/><U106/><E70/><V46/><F130/><W110/><G113/><T55/><D11/><U103/><E72/><V73/><F100/><W134/><G110/><T94/><D94/><U102/><E32/><V38/><F66/><W132/><G116/><T50/><D42/><U59/><E44/><V9/><F39/><W43/><G124/><T13/><D13/><U82/><E14/><V89/><REACH who="2" step="1"/><F38/><REACH who="2" ten="174,177,402,237" step="2"/><W1/><G101/><T135/><D64/><U7/><E103/><V108/><F108/><W65/><G65/><T92/><D127/><U129/><E129/><V112/><F112/><W69/><G134/><T5/><D135/><U27/><E102/><V34/><F34/><W62/><G133/><T109/><D109/><U125/><E125/><V31/><F31/><W80/><G132/><T99/><D107/><U93/><E106/><V76/><F76/><W10/><G77/><T105/><D105/><U60/><E90/><V114/><F114/><W4/><G91/><T17/><D71/><U25/><E96/><V88/><F88/><W68/><G68/><T29/><D99/><U126/><E97/><V16/><F16/><W15/><G69/><T118/><D29/><U79/><E126/><V61/><F61/><W58/><G62/><T87/><D17/><U6/><E60/><V131/><F131/><W36/><G36/><T120/><D98/><U117/><E79/><V8/><F8/><W67/><G10/><T37/><D37/><U104/><E117/><V40/><AGARI ba="1,1" hai="9,12,19,40,41,45,46,48,51,73,75,83,85,89" machi="40" ten="20,7800,0" yaku="1,1,0,1,7,1,9,1,53,0" doraHai="119" doraHaiUra="0" who="2" fromWho="2" sc="174,-27,177,-27,402,91,237,-27" />
</Scene>
<Scene>
<INIT seed="2,2,0,0,5,63" ten="147,150,493,210" oya="2" hai0="10,120,75,69,3,51,2,106,93,46,132,27,54" hai1="128,55,30,28,39,81,59,101,118,126,73,37,78" hai2="110,70,32,91,8,57,90,1,88,0,68,18,14" hai3="108,117,82,6,112,102,96,17,105,76,38,98,124"/><V130/><F32/><W53/><G108/><T22/><D120/><U94/><E118/><V9/><F130/><W24/><G117/><T19/><D106/><U77/><E128/><V29/><F29/><W119/><G119/><T42/><D75/><U44/><E126/><V113/><F113/><W52/><G38/><T21/><D132/><U23/><E78/><V62/><F110/><W47/><G112/><T92/><D69/><U20/><E30/><V72/><F72/><W84/><G124/><T104/><D104/><U49/><E28/><V25/><F25/><W97/><G6/><T99/><D22/><U83/><E83/><V127/><F127/><W67/><G67/><T48/><D10/><U11/><E11/><V109/><F109/><W71/><G71/><T116/><D116/><U121/><E121/><V111/><F111/><W64/><G64/><T89/><REACH who="0" step="1"/><D93/><REACH who="0" ten="137,150,493,210" step="2"/><U134/><E134/><V100/><F1/><W79/><G105/><T13/><D13/><U86/><E20/><V80/><F0/><W36/><G24/><T50/><D50/><U56/><E23/><V115/><F8/><W107/><G107/><T65/><D65/><U135/><E135/><V103/><F115/><W15/><G15/><T66/><D66/><U5/><E73/><V40/><F70/><W34/><G34/><T95/><D95/><U129/><E129/><V122/><F68/><W74/><G74/><T123/><D123/><U85/><E94/><V35/><F35/><W87/><G36/><T60/><D60/><U114/><E39/><V125/><F122/><W26/><G26/><RYUUKYOKU ba="2,1" sc="137,30,150,-10,493,-10,210,-10" hai0="2,3,19,21,27,42,46,48,51,54,89,92,99" />
</Scene>
<Scene>
<INIT seed="3,3,1,0,0,124" ten="167,140,483,200" oya="3" hai0="59,31,8,69,58,135,132,85,4,88,92,95,98" hai1="21,20,23,57,60,116,48,34,65,123,16,113,125" hai2="86,25,15,19,133,76,43,26,100,22,130,28,64" hai3="11,53,74,66,7,81,50,47,9,96,18,3,75"/><W77/><G66/><T12/><D69/><U49/><E123/><V61/><F100/><W114/><G114/><T78/><D31/><U97/><E113/><V32/><F133/><N who="0" m="51274" /><D78/><U120/><E120/><V52/><F43/><W40/><G96/><T107/><D107/><U80/><E125/><V56/><F130/><W14/><REACH who="3" step="1"/><G40/><REACH who="3" ten="167,140,483,190" step="2"/><T109/><D109/><U101/><E116/><V5/><F64/><W6/><G6/><T119/><D119/><U89/><E97/><V104/><F5/><W35/><G35/><T71/><D71/><U79/><E34/><V83/><REACH who="2" step="1"/><F104/><REACH who="2" ten="167,140,473,190" step="2"/><W38/><G38/><T84/><D84/><AGARI ba="3,3" hai="3,7,9,11,14,18,47,50,53,74,75,77,81,84" machi="84" ten="30,2900,0" yaku="1,1,7,1,53,0" doraHai="124" doraHaiUra="37" who="3" fromWho="0" sc="167,-38,140,0,473,0,190,68" />
</Scene>
<Scene>
<INIT seed="3,4,0,4,1,85" ten="129,140,473,258" oya="3" hai0="71,105,113,84,21,60,1,128,58,22,82,13,18" hai1="66,64,4,78,118,25,27,72,97,108,50,112,117" hai2="65,16,61,88,89,8,126,93,17,59,104,96,120" hai3="135,123,53,32,36,33,0,99,109,26,107,91,124"/><W83/><G123/><T80/><D1/><U63/><E112/><V101/><F120/><W87/><G0/><T45/><D105/><U125/><E4/><V37/><F37/><W12/><G124/><T79/><D113/><U86/><E72/><V15/><F126/><W14/><G135/><T95/><D128/><U73/><E73/><V129/><F129/><W23/><G36/><T77/><D71/><U34/><E125/><V134/><F134/><W121/><G121/><T132/><D132/><U67/><E108/><V76/><F76/><W46/><G109/><T102/><D45/><U98/><E63/><V41/><F41/><W55/><G33/><T30/><D102/><U9/><E9/><V48/><F48/><N who="3" m="28823" /><G32/><T56/><D95/><U110/><E110/><V51/><F51/><W70/><G70/><T6/><D6/><U130/><E130/><V133/><F133/><W122/><G122/><T119/><D119/><N who="1" m="45579" /><E50/><V92/><F104/><W35/><G35/><T3/><D3/><U19/><E34/><V42/><F42/><W69/><G69/><T47/><D60/><U106/><E106/><V2/><F2/><W111/><G55/><T31/><D47/><U43/><E43/><V115/><F115/><W7/><G7/><T75/><D58/><U5/><E5/><N who="2" m="3471" /><F101/><N who="3" m="62911" /><G111/><T49/><D49/><U20/><E27/><V103/><F103/><W57/><G57/><T38/><D38/><U127/><E127/><V74/><F74/><W54/><G54/><T52/><D52/><U11/><E11/><V28/><F28/><N who="0" m="10794" /><D56/><U29/><E29/><V131/><F131/><RYUUKYOKU ba="4,0" sc="129,0,140,0,473,0,258,0" hai0="13,18,21,22,75,77,79,80,82,84" hai1="19,20,25,64,66,67,78,86,97,98" hai2="16,17,59,61,65,88,89,92,93,96" hai3="12,14,23,26,83,87,91" />
</Scene>
<Scene>
<INIT seed="3,5,0,1,5,22" ten="129,140,473,258" oya="3" hai0="64,21,45,6,8,102,112,80,56,132,19,128,4" hai1="23,95,37,51,71,69,13,125,84,114,68,9,67" hai2="60,25,98,105,126,49,28,33,119,130,65,96,54" hai3="12,78,48,32,24,44,61,11,113,116,75,72,99"/><W129/><G116/><T83/><D128/><U127/><E114/><V115/><F119/><W106/><G113/><T18/><D112/><U40/><E37/><V92/><F115/><W15/><G61/><N who="0" m="37927" /><D132/><U111/><E111/><V82/><F126/><N who="1" m="48137" /><E23/><V77/><F130/><W43/><G129/><T59/><D102/><U26/><E67/><V110/><F110/><W7/><G78/><T2/><D2/><U5/><E84/><V41/><F41/><W0/><G0/><T16/><D45/><N who="1" m="26023" /><E95/><V97/><F105/><W35/><G35/><T74/><D74/><U73/><E73/><V27/><F27/><AGARI ba="5,0" hai="5,9,13,26,27,68,69,71" m="26023,48137" machi="27" ten="40,5200,0" yaku="18,1,52,2" doraHai="22" who="1" fromWho="2" sc="129,0,140,67,473,-67,258,0" />
</Scene>
<Scene>
<INIT seed="4,0,0,2,2,18" ten="129,207,406,258" oya="0" hai0="127,59,60,25,47,128,6,123,92,76,63,21,35" hai1="77,72,125,79,78,55,15,58,87,74,13,44,96" hai2="39,104,84,81,71,100,54,34,14,62,16,119,3" hai3="126,9,114,32,106,95,50,23,88,98,110,116,107"/><T131/><D123/><U27/><E125/><V40/><F3/><W37/><G116/><T22/><D127/><U111/><E111/><V19/><F34/><W93/><G32/><T45/><D6/><U108/><E108/><V66/><F119/><W120/><G37/><T109/><D109/><U43/><E74/><V8/><F39/><W130/><G110/><T83/><D92/><U36/><E72/><V133/><F133/><W113/><G126/><T0/><D0/><U7/><E96/><V61/><F40/><W86/><G9/><T17/><D35/><U48/><E87/><V38/><F38/><W121/><G50/><T28/><D47/><U69/><E7/><V46/><F104/><N who="3" m="39979" /><G23/><T56/><D45/><U2/><E2/><V49/><F100/><N who="3" m="60495" /><G130/><N who="0" m="49707" /><D60/><U124/><E124/><V29/><F29/><W82/><G95/><T91/><D63/><U103/><E103/><V102/><F102/><W101/><G101/><T20/><D91/><U57/><E69/><V30/><F30/><W97/><G97/><T90/><D90/><U10/><E36/><V112/><F62/><W89/><G89/><T52/><D28/><U70/><E70/><V12/><F112/><AGARI ba="0,0" hai="82,86,88,112,113,114,120,121" m="60495,39979" machi="112" ten="30,7700,0" yaku="15,1,34,2,54,1" doraHai="18" who="3" fromWho="2" sc="129,0,207,0,406,-77,258,77" />
</Scene>
<Scene>
<INIT seed="5,0,0,0,5,28" ten="129,207,329,335" oya="1" hai0="103,86,123,128,4,107,127,131,46,27,132,99,113" hai1="7,66,14,105,84,45,21,15,57,44,97,83,101" hai2="61,37,43,63,39,56,10,53,78,133,23,36,91" hai3="42,8,73,80,12,117,135,120,38,40,60,6,104"/><U41/><E45/><N who="2" m="23783" /><F78/><W17/><G120/><T11/><D123/><U62/><E21/><V3/><F3/><W110/><G104/><T1/><D113/><U2/><E2/><V24/><F10/><W64/><G135/><T18/><D132/><U67/><E67/><V22/><F91/><W55/><G110/><T32/><D127/><U119/><E119/><V90/><F90/><W108/><G55/><T69/><D86/><U109/><E7/><V54/><F22/><W70/><G108/><T65/><D46/><U124/><E124/><V87/><F87/><W93/><G38/><N who="2" m="14345" /><F23/><W49/><G93/><T118/><D18/><U33/><E33/><V9/><F24/><W115/><G117/><T116/><D116/><U58/><E109/><V126/><F9/><W89/><G89/><T20/><D20/><U26/><E26/><V50/><F126/><W0/><G80/><T111/><D111/><U125/><E125/><V34/><F34/><W134/><G73/><T19/><D19/><U68/><E14/><V25/><F25/><W76/><G76/><T48/><D48/><N who="1" m="26639" /><E15/><V71/><F133/><W102/><G49/><T52/><D118/><U51/><E51/><N who="2" m="30783" /><F71/><W92/><G70/><T29/><REACH who="0" step="1"/><D52/><REACH who="0" ten="119,207,329,335" step="2"/><U30/><E84/><V130/><F130/><W79/><G17/><T59/><D59/><AGARI ba="0,1" hai="50,54,59,61,63" m="30783,14345,23783" machi="59" ten="30,8000,1" yaku="35,5" doraHai="28" who="2" fromWho="0" sc="119,-80,207,0,329,90,335,0" />
</Scene>
<Scene>
<INIT seed="6,0,0,0,3,54" ten="39,207,419,335" oya="2" hai0="72,38,42,1,11,69,46,35,4,112,84,82,39" hai1="80,78,122,23,33,55,96,19,91,52,17,120,83" hai2="128,57,79,34,129,127,75,81,73,90,0,41,60" hai3="24,93,125,31,49,109,62,113,26,101,133,64,99"/><V88/><F127/><W44/><G109/><T48/><D112/><U123/><E33/><V98/><F0/><W2/><G125/><T37/><D84/><N who="1" m="50591" /><E96/><V132/><F34/><W111/><G113/><T97/><D48/><U18/><E23/><V110/><F110/><W51/><G111/><T95/><D69/><U94/><E94/><N who="2" m="56647" /><F132/><W100/><G2/><T53/><D35/><U89/><E89/><V28/><F28/><W13/><G13/><T25/><D25/><U108/><E108/><V68/><F41/><W92/><G133/><T77/><REACH who="0" step="1"/><D53/><REACH who="0" ten="29,207,419,335" step="2"/><U63/><E63/><V65/><F68/><W106/><G26/><T45/><D45/><U102/><E55/><V121/><F121/><W59/><G44/><T43/><D43/><U29/><E52/><V118/><F118/><W126/><G126/><T15/><D15/><U131/><E122/><V47/><F47/><W50/><REACH who="3" step="1"/><G100/><AGARI ba="0,1" hai="1,4,11,37,38,39,42,46,72,77,82,95,97,100" machi="100" ten="30,7700,0" yaku="1,1,7,1,25,2,53,0" doraHai="54" doraHaiUra="14" who="0" fromWho="3" sc="29,87,207,0,419,0,335,-77" />
</Scene>
<Scene>
<INIT seed="7,0,0,3,3,102" ten="116,207,419,258" oya="3" hai0="0,109,67,121,60,8,27,114,59,20,38,30,52" hai1="98,111,125,116,80,79,72,131,2,85,127,6,120" hai2="135,23,93,74,73,22,94,19,57,128,100,95,9" hai3="40,66,49,46,7,77,24,92,68,117,101,31,83"/><W90/><G117/><T58/><D109/><U112/><E111/><V82/><F74/><W44/><G101/><T61/><D121/><U25/><E120/><V78/><F128/><W50/><G7/><T89/><D38/><U34/><E131/><V55/><F135/><W37/><G66/><T33/><D114/><U81/><E112/><V106/><F9/><W47/><G68/><T54/><D67/><U65/><E65/><V42/><F42/><W39/><G83/><T5/><REACH who="0" step="1"/><D89/><REACH who="0" ten="106,207,419,258" step="2"/><N who="1" m="51367" /><E116/><V76/><F55/><W48/><G39/><T51/><D51/><U86/><E125/><V3/><F57/><W18/><G48/><T108/><D108/><U84/><E127/><V64/><F93/><W16/><G92/><T87/><D87/><U75/><E84/><V99/><F94/><W28/><G49/><T1/><D1/><U134/><E86/><V107/><F95/><W14/><G50/><T103/><D103/><U17/><E2/><V13/><F100/><W71/><G90/><T132/><D132/><U115/><E134/><V110/><F3/><W41/><G37/><T26/><D26/><U32/><E115/><V91/><F64/><W62/><G41/><T69/><D69/><U12/><E75/><V10/><F73/><W119/><G71/><T118/><D118/><U96/><E25/><V11/><F91/><W122/><G24/><T15/><D15/><U21/><E72/><V133/><F13/><W123/><G14/><T63/><D63/><U126/><E126/><V53/><F110/><W88/><G123/><T113/><D113/><U105/><E12/><RYUUKYOKU ba="0,1" sc="106,30,207,-10,419,-10,258,-10" hai0="0,5,8,20,27,30,33,52,54,58,59,60,61" owari="136,-36.0,197,-20.0,419,51.0,248,5.0" />
</Scene>
</mjloggm>