<mjloggm ver="2.3"><GO type="169" lobby="0"/><UN n0="%4D%52%2E%42%49%47" n1="%E5%A4%AA%E3%81%8F%E3%81%AA%E3%81%84%E3%81%8A" n2="%62%6F%6F%6B%6B%65%65%70" n3="%E9%BB%92%E7%8C%AB%40%6E%69%67%68%74" dan="16,18,16,16" rate="2156.73,2168.46,2107.89,2036.75" sx="F,F,M,M"/><TAIKYOKU oya="0"/>

<Scene>
<INIT seed="0,0,0,0,5,70" ten="250,250,250,250" oya="0" hai0="72,45,80,1,36,20,109,121,12,0,99,110,2" hai1="66,92,94,52,33,39,15,26,57,118,4,90,127" hai2="53,14,27,117,49,128,87,6,81,126,130,48,101" hai3="85,56,44,21,79,62,114,112,23,34,63,82,25"/><T30/><D121/><U93/><E118/><V7/><F117/><W83/><G34/><T31/><D99/><U103/><E127/><V108/><F108/><N who="0" m="41578" /><D72/><U9/><E66/><V76/><F126/><W65/><G44/><T51/><D80/><U124/><E124/><V73/><F101/><W115/><G25/><T13/><D36/><U113/><E103/><V5/><F27/><W104/><G104/><T84/><D84/><U17/><E113/><V64/><F64/><W40/><G40/><T105/><D105/><U120/><E39/><V61/><F14/><N who="0" m="5738" /><D51/><N who="1" m="30879" /><E120/><V111/><F111/><W107/><G107/><T47/><D20/><N who="1" m="13583" /><E33/><V98/><F73/><W24/><G114/><T68/><D68/><U77/><E77/><V89/><F48/><W78/><G115/><T16/><D16/><U86/><AGARI ba="0,0" hai="4,9,15,86,90,92,93,94" m="13583,30879" machi="86" ten="30,2000,0" yaku="8,1,54,1" doraHai="70" who="1" fromWho="1" sc="250,-10,250,20,250,-5,250,-5" />
</Scene>
<Scene>
<INIT seed="1,0,0,2,0,130" ten="240,270,245,245" oya="1" hai0="131,17,126,19,56,35,128,15,23,86,108,66,5" hai1="7,71,39,49,74,41,127,25,45,111,60,101,69" hai2="55,2,10,100,118,132,18,9,134,6,29,107,116" hai3="38,78,95,42,47,124,28,113,33,135,26,115,34"/><U92/><E74/><V21/><F107/><W109/><G109/><T123/><D35/><U73/><E73/><V70/><F70/><W16/><G124/><T88/><D108/><U104/><E111/><V46/><F100/><W89/><G34/><T53/><D126/><U79/><E79/><V20/><F46/><W4/><G4/><T61/><D5/><U81/><E81/><V51/><F51/><W54/><G78/><T84/><D123/><U82/><E82/><V67/><F67/><W68/><G68/><T24/><D84/><U72/><E72/><V14/><F55/><W75/><G75/><T0/><D0/><U105/><E127/><V43/><F43/><W120/><G120/><T91/><D66/><U97/><E7/><V98/><F98/><W121/><G121/><T102/><D102/><U27/><E71/><V64/><F64/><W31/><G31/><T52/><D53/><U129/><E39/><V63/><F63/><W99/><G135/><N who="2" m="51753" /><F29/><W8/><G54/><T30/><D15/><U76/><E101/><V87/><F87/><W133/><G133/><T90/><D86/><U50/><E97/><V93/><F93/><W65/><G65/><T112/><D112/><U58/><E104/><V57/><F57/><W3/><G115/><T117/><D117/><AGARI ba="0,0" hai="2,6,9,10,14,18,20,21,116,117,118" m="51753" machi="117" ten="30,12000,2" yaku="20,1,34,2,52,3" doraHai="130" who="2" fromWho="0" sc="240,-120,270,0,245,120,245,0" />
</Scene>
<Scene>
<INIT seed="2,0,0,1,2,131" ten="120,270,365,245" oya="2" hai0="10,60,21,67,87,91,134,49,8,84,17,40,5" hai1="86,100,90,113,25,101,27,2,4,37,129,54,109" hai2="59,52,92,118,125,114,32,65,43,121,26,127,1" hai3="57,53,106,73,63,76,126,64,112,55,117,33,31"/><V93/><F118/><W107/><G117/><T47/><D134/><U38/><E113/><V85/><F114/><W96/><G126/><N who="2" m="48137" /><F121/><W75/><G112/><T42/><D42/><U98/><E129/><V36/><F1/><W128/><G128/><T88/><D5/><U39/><E109/><V105/><F105/><W135/><G96/><T69/><D91/><U80/><E101/><V15/><F65/><W123/><G123/><T18/><D84/><U122/><E122/><V89/><F36/><W7/><G64/><T70/><D70/><U68/><E68/><V28/><F43/><W82/><G106/><T95/><REACH who="0" step="1"/><D18/><REACH who="0" ten="110,270,365,245" step="2"/><U66/><E4/><V111/><F111/><W81/><G7/><T115/><D115/><U0/><E90/><V22/><F89/><W19/><G19/><T29/><D29/><U97/><E86/><V6/><F85/><W12/><G31/><T79/><D79/><U3/><E98/><V99/><F99/><W35/><G76/><T51/><D51/><U61/><E97/><V119/><F119/><W102/><G102/><T13/><AGARI ba="0,1" hai="8,10,13,17,21,40,47,49,60,67,69,87,88,95" machi="13" ten="20,8000,1" yaku="1,1,0,1,7,1,54,1,53,1" doraHai="131" doraHaiUra="56" who="0" fromWho="0" sc="110,90,270,-20,365,-40,245,-20" />
</Scene>
<Scene>
<INIT seed="3,0,0,1,1,128" ten="200,250,325,225" oya="3" hai0="48,94,123,83,80,117,23,132,45,125,114,111,102" hai1="76,81,30,110,130,122,115,69,55,35,77,121,124" hai2="64,88,22,135,67,25,57,113,127,71,8,13,36" hai3="1,19,96,18,93,66,86,101,72,120,73,104,60"/><W82/><G120/><T31/><D123/><U10/><E115/><V14/><F113/><W97/><G1/><T92/><D117/><U131/><E69/><V95/><F135/><W2/><G2/><T34/><D132/><U50/><E110/><V107/><F107/><W44/><G44/><T43/><D111/><U116/><E116/><V70/><F127/><W98/><G98/><N who="0" m="59719" /><D34/><U47/><E124/><V16/><F36/><W74/><G97/><T56/><D125/><U27/><E10/><V108/><F108/><W7/><G7/><T65/><D114/><U4/><E4/><N who="2" m="3207" /><F70/><W99/><G99/><T118/><D94/><U51/><E77/><V42/><F42/><W9/><G104/><T26/><D118/><U46/><E131/><V38/><F38/><W24/><G9/><T29/><D31/><U17/><E17/><N who="2" m="12495" /><F57/><W84/><G74/><T11/><D11/><U37/><E37/><V3/><F3/><W133/><G133/><T28/><D28/><U5/><E5/><V89/><F71/><W54/><G73/><T61/><AGARI ba="0,0" hai="23,26,29,43,45,48,56,61,65,80,83" m="59719" machi="61" ten="30,2000,0" yaku="25,1,8,1" doraHai="128" who="0" fromWho="0" sc="200,20,250,-5,325,-5,225,-10" />
</Scene>
<Scene>
<INIT seed="4,0,0,5,1,109" ten="220,245,320,215" oya="0" hai0="62,66,30,119,8,113,105,79,17,16,87,83,130" hai1="127,53,84,122,6,48,36,97,125,29,118,52,41" hai2="116,43,94,39,74,55,101,126,73,5,13,86,51" hai3="12,14,80,124,92,71,77,20,42,104,1,63,129"/><T132/><D119/><U21/><E118/><V50/><F116/><W56/><G104/><T54/><D105/><U135/><E122/><V2/><F2/><W107/><G107/><T128/><D132/><U22/><E135/><V10/><F126/><N who="1" m="48137" /><E6/><V26/><F39/><W38/><G1/><T89/><D30/><U112/><E97/><V98/><F26/><W23/><G71/><T78/><D54/><N who="1" m="21099" /><E48/><V103/><F103/><W40/><G124/><T100/><D100/><U117/><E117/><V67/><F67/><W76/><G76/><T115/><D79/><U133/><E133/><V4/><F4/><W34/><G77/><T58/><D78/><U25/><E84/><V31/><F86/><W24/><G14/><N who="0" m="7239" /><D17/><U108/><E108/><V33/><F73/><W0/><G12/><T35/><D35/><N who="1" m="20911" /><E112/><AGARI ba="0,0" hai="58,62,66,83,87,89,112,113,115,128,130" m="7239" machi="112" ten="30,12000,1" yaku="15,1,52,3,54,1" doraHai="109" who="0" fromWho="1" sc="220,120,245,-120,320,0,215,0" />
</Scene>
<Scene>
<INIT seed="4,1,0,2,5,117" ten="340,125,320,215" oya="0" hai0="134,128,16,38,53,131,23,61,113,79,110,13,71" hai1="26,8,101,104,98,76,124,96,122,44,2,6,55" hai2="43,135,84,20,102,114,108,130,52,5,49,15,72" hai3="99,57,133,73,12,37,93,32,88,41,112,64,74"/><T86/><D38/><U78/><E122/><V0/><F108/><W120/><G32/><T91/><D110/><U82/><E124/><V18/><F72/><W40/><G120/><T123/><D79/><U39/><E26/><V10/><F114/><W62/><G112/><T31/><D113/><U51/><E39/><V95/><F130/><N who="0" m="49706" /><D134/><U50/><E82/><V28/><F135/><W36/><G133/><T46/><D31/><U3/><E3/><V107/><F107/><W75/><G37/><T100/><D100/><U7/><E7/><V60/><F43/><W129/><G129/><T103/><D103/><U132/><E132/><V54/><F28/><W45/><G41/><T97/><D97/><U90/><REACH who="1" step="1"/><E51/><REACH who="1" ten="340,115,320,215" step="2"/><V4/><F4/><W58/><REACH who="3" step="1"/><G12/><REACH who="3" ten="340,115,320,205" step="2"/><T105/><D123/><U56/><E56/><AGARI ba="1,2" hai="36,40,45,56,57,58,62,64,73,74,75,88,93,99" machi="56" ten="40,8000,1" yaku="1,1,2,1,54,1,53,1" doraHai="117" doraHaiUra="92" who="3" fromWho="1" sc="340,0,115,-83,320,0,205,103" />
</Scene>
<Scene>
<INIT seed="5,0,0,1,4,32" ten="340,32,320,308" oya="1" hai0="2,1,21,54,4,47,77,13,50,104,53,9,43" hai1="86,11,19,93,101,31,12,97,107,132,129,105,41" hai2="130,108,5,117,23,128,8,78,57,33,116,67,28" hai3="79,63,38,35,17,44,71,15,99,95,56,34,45"/><U109/><E132/><V55/><F108/><W134/><G71/><T30/><D104/><U88/><E109/><V58/><F78/><W122/><G122/><T24/><D77/><U72/><E129/><N who="2" m="49771" /><F67/><W10/><G134/><T121/><D121/><U70/><E70/><V48/><F33/><W103/><G79/><T64/><D64/><U76/><E31/><V120/><F120/><W91/><G45/><T60/><D60/><U46/><E76/><V66/><F66/><W123/><G123/><T110/><D110/><U26/><E26/><N who="2" m="16479" /><F57/><W39/><G44/><T100/><D100/><U40/><E72/><V124/><F124/><W84/><G35/><T59/><REACH who="0" step="1"/><D53/><REACH who="0" ten="330,32,320,308" step="2"/><U102/><REACH who="1" step="1"/><E46/><REACH who="1" ten="330,22,320,308" step="2"/><V29/><F29/><W125/><G125/><T20/><D20/><U0/><E0/><AGARI ba="0,2" hai="0,5,8,48,55,58,116,117" m="16479,49771" machi="0" ten="30,2000,0" yaku="19,1,52,1" doraHai="32" who="2" fromWho="1" sc="330,0,22,-20,320,40,308,0" />
</Scene>
<Scene>
<INIT seed="6,0,0,3,4,58" ten="330,2,360,308" oya="2" hai0="121,123,84,114,120,56,80,85,107,38,103,132,11" hai1="92,135,68,12,59,32,67,130,25,72,112,113,52" hai2="99,104,55,28,77,8,2,45,109,47,82,13,30" hai3="118,125,78,62,105,83,70,22,40,4,42,61,16"/><V71/><F2/><W24/><G105/><T9/><D38/><U126/><E72/><V26/><F109/><W43/><G118/><T119/><D119/><U133/><E12/><V127/><F127/><W108/><G108/><T74/><D114/><N who="1" m="44139" /><E92/><V53/><F71/><W91/><G70/><T31/><D31/><U131/><E25/><V66/><F66/><W100/><G125/><T21/><D21/><U48/><E32/><V98/><F104/><W50/><G100/><T63/><D132/><N who="1" m="50763" /><E126/><V94/><F30/><W96/><G4/><T106/><D74/><U124/><E124/><V44/><F28/><W35/><G35/><T115/><D115/><U89/><E89/><V60/><F26/><W87/><G50/><T95/><D107/><U64/><E68/><V110/><F110/><W37/><G37/><T129/><D106/><U17/><E17/><V101/><F99/><W18/><G18/><T111/><D111/><U49/><E49/><V128/><F82/><W15/><G24/><T88/><D129/><AGARI ba="0,0" hai="48,52,59,64,67,129,130,131" m="50763,44139" machi="129" ten="40,12000,2" yaku="19,1,15,1,20,1,34,2,54,1" doraHai="58" who="1" fromWho="0" sc="330,-120,2,120,360,0,308,0" />
</Scene>
<Scene>
<INIT seed="7,0,0,5,0,52" ten="210,122,360,308" oya="3" hai0="129,80,128,42,103,84,90,125,99,11,0,89,134" hai1="75,2,8,116,27,21,54,122,26,96,110,59,98" hai2="102,30,114,83,13,131,48,22,109,105,135,72,24" hai3="78,64,45,111,20,29,37,106,63,82,100,119,25"/><W127/><G119/><T50/><D125/><U88/><E110/><V77/><F109/><W12/><G111/><T115/><D134/><U101/><E122/><V55/><F135/><W39/><G127/><T67/><D67/><U40/><E75/><V10/><F114/><W97/><G45/><N who="0" m="25911" /><D115/><U104/><E116/><V62/><F62/><W35/><G12/><T6/><D103/><U3/><E40/><V92/><F131/><N who="0" m="50250" /><D99/><U113/><E113/><V14/><F105/><W66/><G20/><T120/><D120/><U47/><E47/><V32/><F32/><W124/><G124/><T43/><D43/><U68/><E68/><V112/><F112/><W16/><G16/><T61/><D61/><U28/><E8/><V121/><F121/><W44/><G44/><T19/><D19/><U38/><E38/><V79/><F10/><W87/><REACH who="3" step="1"/><G66/><REACH who="3" ten="210,122,360,298" step="2"/><T74/><D0/><U33/><E21/><V65/><F65/><W133/><G133/><T51/><D11/><U9/><E9/><V117/><F117/><W132/><G132/><T17/><D17/><U7/><E27/><V1/><F1/><W57/><AGARI ba="0,1" hai="25,29,35,37,39,57,63,64,78,82,87,97,100,106" machi="57" ten="20,12000,1" yaku="1,1,0,1,7,1,52,1,53,1" doraHai="52" doraHaiUra="94" who="3" fromWho="3" sc="210,-40,122,-40,360,-40,298,130" owari="170,-23.0,82,-42.0,320,12.0,428,53.0" />
</Scene>
</mjloggm>