<mjloggm ver="2.3"><GO type="169" lobby="0"/><UN n0="%E6%AF%94%E5%98%89%E7%A7%80%E4%BB%81" n1="%E3%81%8D%E3%81%BE%E3%81%99" n2="%E3%82%B3%E3%83%AD%E3%83%A9%E3%83%89" n3="%E5%A4%AA%E3%81%8F%E3%81%AA%E3%81%84%E3%81%8A" dan="18,16,17,18" rate="2179.19,2082.01,2148.00,2243.38" sx="M,M,M,F"/><TAIKYOKU oya="0"/>

<Scene>
<INIT seed="0,0,0,0,4,79" ten="250,250,250,250" oya="0" hai0="41,5,57,62,91,96,129,85,42,88,23,47,127" hai1="93,68,69,16,82,73,66,50,113,87,58,92,8" hai2="13,9,1,14,34,108,111,67,31,33,15,124,28" hai3="54,94,123,38,98,24,21,59,112,119,110,120,102"/><T63/><D129/><U118/><E73/><V133/><F67/><W86/><G119/><T3/><D127/><U4/><E118/><V74/><F74/><W132/><G112/><T72/><D72/><U122/><E122/><V117/><F117/><W134/><G38/><T40/><D3/><U70/><E113/><V78/><F78/><W19/><G110/><N who="2" m="42025" /><F124/><W104/><G104/><T35/><D35/><N who="2" m="13322" /><F133/><N who="3" m="51307" /><G86/><T48/><D5/><AGARI ba="0,0" hai="1,5,9,13,14,15,28,31" m="13322,42025" machi="5" ten="40,5200,0" yaku="14,1,34,2" doraHai="79" who="2" fromWho="0" sc="250,-52,250,0,250,52,250,0" />
</Scene>
<Scene>
<INIT seed="1,0,0,5,4,45" ten="198,250,302,250" oya="1" hai0="36,104,31,57,54,99,58,80,17,87,20,110,66" hai1="128,38,135,78,18,121,90,44,67,123,43,0,108" hai2="26,127,71,84,56,96,23,2,24,47,129,50,39" hai3="55,14,120,112,111,79,51,48,72,97,41,93,10"/><U64/><E128/><V126/><F71/><W19/><G112/><T9/><D36/><U68/><E0/><V6/><F129/><W116/><G120/><T52/><D110/><U40/><E78/><V117/><F117/><W114/><G114/><T22/><D66/><U30/><E30/><V132/><F132/><W101/><G111/><T15/><D104/><U119/><E119/><V107/><F39/><W86/><G116/><T133/><D99/><U76/><E76/><V115/><F115/><W28/><G72/><T27/><D133/><U34/><E108/><V1/><F56/><N who="0" m="21610" /><D9/><U11/><E34/><V125/><F84/><W89/><G79/><AGARI ba="0,0" hai="15,17,20,22,27,31,52,54,79,80,87" m="21610" machi="79" ten="30,2000,0" yaku="8,1,54,1" doraHai="45" who="0" fromWho="3" sc="198,20,250,0,302,0,250,-20" />
</Scene>
<Scene>
<INIT seed="2,0,0,3,4,75" ten="218,250,302,230" oya="2" hai0="34,89,70,32,36,118,19,123,13,64,26,45,135" hai1="66,130,85,81,74,68,133,93,14,116,5,61,72" hai2="15,98,106,6,42,22,96,50,71,35,82,12,0" hai3="53,108,57,25,112,2,113,9,110,73,101,24,97"/><V129/><F71/><W131/><G73/><T99/><D123/><U76/><E116/><V95/><F35/><W20/><G131/><T83/><D118/><U49/><E133/><V43/><F129/><W124/><G124/><T65/><D135/><U117/><E130/><V52/><F0/><W59/><G9/><T120/><D120/><U88/><E117/><V102/><F82/><W28/><G2/><T107/><D70/><U87/><REACH who="1" step="1"/><E49/><REACH who="1" ten="218,240,302,230" step="2"/><V58/><F50/><W60/><G113/><T44/><D36/><U90/><E90/><V41/><F102/><W30/><G112/><T39/><D39/><U119/><E119/><V126/><F126/><W84/><G108/><T77/><D89/><U121/><E121/><V79/><F42/><W128/><G110/><T103/><D34/><U4/><E4/><V1/><F43/><W69/><G128/><T56/><D32/><U91/><E91/><V111/><F41/><W100/><G100/><T122/><D122/><U127/><E127/><V92/><F6/><W16/><G101/><T17/><D103/><U134/><E134/><V27/><F111/><W40/><G40/><T18/><D107/><U63/><E63/><V78/><F106/><W48/><G60/><T23/><D26/><U115/><E115/><V21/><F27/><W67/><G25/><T86/><D23/><U125/><E125/><V94/><F22/><W7/><G20/><T3/><D3/><U54/><E54/><V47/><F1/><W38/><G38/><T55/><D13/><U33/><E33/><V105/><F21/><W51/><G24/><RYUUKYOKU ba="0,1" sc="218,-10,240,30,302,-10,230,-10" hai1="5,14,61,66,68,72,74,76,81,85,87,88,93" />
</Scene>
<Scene>
<INIT seed="3,1,1,3,0,20" ten="208,270,292,220" oya="3" hai0="100,72,23,35,36,127,50,8,130,60,120,41,62" hai1="37,2,48,123,27,68,110,18,78,82,30,49,91" hai2="74,22,25,131,12,77,124,76,6,119,33,54,28" hai3="21,117,52,83,113,87,29,71,0,64,16,66,84"/><W56/><G117/><T102/><D120/><U53/><E110/><V111/><F119/><W73/><G113/><T122/><D122/><U4/><E68/><V58/><F111/><W13/><G0/><T96/><D36/><U38/><E48/><V98/><F74/><W14/><G71/><T108/><D35/><U65/><E65/><N who="3" m="25194" /><G73/><T17/><D72/><U95/><E18/><V126/><F131/><W114/><G114/><T42/><D108/><U118/><E118/><V5/><F98/><W134/><G134/><T105/><D130/><U44/><E4/><N who="2" m="1643" /><F12/><N who="3" m="9351" /><G29/><T43/><D127/><N who="2" m="48682" /><F33/><W107/><G107/><T3/><D3/><U70/><E2/><V103/><F103/><W47/><G47/><T121/><D102/><U11/><E44/><V125/><N who="2" m="48690" /><V45/><DORA hai="94" /><F45/><W32/><G32/><T133/><D133/><U93/><E123/><V7/><N who="2" m="1651" /><V59/><DORA hai="9" /><F59/><W61/><G84/><T19/><D121/><U86/><E86/><V92/><F92/><W40/><G40/><T39/><D39/><U26/><E95/><V129/><F129/><W89/><AGARI ba="1,1" hai="13,14,52,56,61,83,87,89" m="9351,25194" machi="89" ten="30,18000,2" yaku="8,1,52,3,54,2" doraHai="20,94,9" who="3" fromWho="3" sc="208,-61,270,-61,292,-61,220,193" />
</Scene>
<Scene>
<INIT seed="3,2,0,3,5,9" ten="147,209,231,413" oya="3" hai0="109,126,117,46,115,24,81,45,29,75,83,25,74" hai1="86,48,0,112,73,23,99,18,104,57,37,131,66" hai2="49,62,63,42,84,92,64,65,19,67,26,43,71" hai3="119,102,78,61,10,8,35,110,69,88,79,1,5"/><W87/><G119/><T34/><D117/><U101/><E73/><V129/><F92/><W93/><G35/><T96/><D109/><U11/><E131/><V77/><F84/><W58/><G69/><T89/><D126/><U12/><E37/><V111/><F77/><W80/><G110/><T44/><D115/><U118/><E112/><V85/><F85/><W31/><G31/><T52/><D25/><U56/><E0/><V125/><F111/><W59/><G10/><T114/><D114/><U13/><E118/><V15/><F125/><W127/><G127/><T21/><D34/><U22/><E66/><V100/><F100/><W105/><G105/><T134/><D134/><U68/><E68/><V20/><F129/><W54/><REACH who="3" step="1"/><G58/><REACH who="3" ten="147,209,231,403" step="2"/><T98/><D29/><U50/><E57/><V121/><F71/><W16/><G16/><T2/><D21/><U72/><E56/><V135/><F19/><W28/><G28/><T132/><D132/><U70/><E23/><V4/><F135/><W124/><G124/><T39/><D39/><U3/><E70/><V47/><F20/><W51/><G51/><T90/><D44/><U14/><E50/><V82/><F49/><W122/><G122/><T107/><D107/><U94/><E48/><V36/><F121/><W116/><G116/><T32/><D32/><U7/><REACH who="1" step="1"/><E72/><REACH who="1" ten="147,199,231,403" step="2"/><V120/><F36/><W27/><G27/><T97/><D24/><U128/><E128/><V95/><F26/><W106/><G106/><T30/><D75/><U38/><E38/><V33/><F33/><W41/><G41/><T53/><D74/><RYUUKYOKU ba="2,2" sc="147,-15,199,15,231,-15,403,15" hai1="3,7,11,12,13,14,18,22,86,94,99,101,104" hai3="1,5,8,54,59,61,78,79,80,87,88,93,102" />
</Scene>
<Scene>
<INIT seed="3,3,2,3,3,97" ten="132,214,216,418" oya="3" hai0="112,25,64,24,62,93,78,13,46,130,121,65,95" hai1="41,102,54,72,16,73,108,59,3,31,35,9,119" hai2="115,122,48,61,27,123,7,81,56,1,18,109,51" hai3="90,12,66,43,17,37,15,34,36,19,114,32,86"/><W80/><G114/><T79/><D121/><N who="2" m="46090" /><F115/><W83/><G66/><N who="0" m="25707" /><D112/><U4/><E108/><V110/><F81/><W63/><G63/><T8/><D130/><U85/><E41/><V21/><F61/><W127/><G127/><T84/><D62/><U60/><E119/><V50/><F56/><W134/><G134/><T91/><D95/><U99/><E85/><V70/><F70/><W113/><G113/><T82/><D46/><U5/><E5/><V38/><F38/><W87/><G90/><T76/><D82/><U118/><E118/><V131/><F131/><W107/><G107/><T77/><N who="0" m="19456" /><DORA hai="23" /><T10/><D10/><AGARI ba="3,2" hai="1,7,10,18,21,27,48,50,51,109,110" m="46090" machi="10" ten="40,2600,0" yaku="13,1,52,1" doraHai="97,23" who="2" fromWho="0" sc="132,-35,214,0,216,55,418,0" />
</Scene>
<Scene>
<INIT seed="4,0,0,1,3,39" ten="97,214,271,418" oya="0" hai0="126,21,88,65,30,116,48,59,125,66,84,102,22" hai1="8,75,89,86,120,94,118,38,31,12,16,104,78" hai2="23,54,128,52,87,51,112,100,6,98,85,5,64" hai3="15,20,71,19,10,58,42,121,96,82,34,101,49"/><T72/><D72/><U107/><E118/><V108/><F112/><W92/><G71/><T4/><D116/><U119/><E119/><V99/><F108/><W47/><G121/><T93/><D4/><U91/><E120/><V115/><F115/><W63/><G34/><T106/><D106/><U25/><E38/><V132/><F132/><W70/><G70/><T73/><D73/><U56/><E91/><V27/><F64/><N who="3" m="39031" /><G82/><T17/><D102/><U14/><E14/><V2/><F128/><W29/><G29/><T11/><D11/><AGARI ba="0,0" hai="10,11,15,19,20,42,47,49,92,96,101" m="39031" machi="11" ten="30,2000,0" yaku="8,1,52,1" doraHai="39" who="3" fromWho="0" sc="97,-20,214,0,271,0,418,20" />
</Scene>
<Scene>
<INIT seed="5,0,0,0,3,17" ten="77,214,271,438" oya="1" hai0="63,90,99,129,122,67,0,49,37,134,36,78,15" hai1="81,58,55,2,124,52,131,60,32,18,1,133,74" hai2="11,6,25,130,8,96,103,88,95,127,45,108,105" hai3="38,93,73,66,3,24,41,44,10,82,77,85,119"/><U31/><E133/><V23/><F108/><W135/><G135/><T9/><D0/><U19/><E131/><V112/><F130/><W104/><G104/><T53/><D122/><U123/><E123/><V68/><F68/><W70/><G119/><T106/><D78/><U100/><E124/><V51/><F127/><W42/><G42/><T109/><D109/><U40/><E40/><V94/><F6/><N who="3" m="1375" /><G24/><T50/><D134/><U114/><E114/><V16/><F112/><W86/><G93/><T14/><D50/><U12/><E19/><V125/><F105/><W33/><G33/><T110/><D15/><U61/><E100/><V76/><F76/><W26/><G26/><T69/><D110/><U92/><E92/><V29/><F29/><W43/><G43/><T120/><D120/><U101/><E101/><V62/><F62/><AGARI ba="0,0" hai="38,41,44,62,66,70,73,77,82,85,86" m="1375" machi="62" ten="30,1000,0" yaku="25,1" doraHai="17" who="3" fromWho="2" sc="77,0,214,0,271,-10,438,10" />
</Scene>
<Scene>
<INIT seed="6,0,0,0,1,52" ten="77,214,261,448" oya="2" hai0="135,24,18,99,122,134,128,65,131,75,40,113,118" hai1="50,89,129,104,54,82,66,38,0,47,73,120,107" hai2="1,124,12,105,63,97,19,111,91,51,98,36,25" hai3="127,74,43,69,37,30,77,21,92,84,28,57,23"/><V86/><F36/><W35/><G69/><T61/><D75/><U20/><E129/><N who="0" m="49737" /><D99/><U93/><E0/><V48/><F1/><W101/><G35/><T70/><D24/><U79/><E120/><V16/><F124/><W80/><G37/><T76/><D18/><U81/><E81/><V5/><F111/><W119/><G43/><T55/><D76/><U22/><E66/><V64/><F5/><W117/><G57/><T42/><D122/><U2/><E38/><V78/><F78/><W83/><G127/><T121/><D121/><U6/><E6/><V114/><F25/><W45/><G45/><T11/><D11/><U14/><E2/><V34/><F34/><W7/><G7/><T72/><D72/><U94/><E94/><V33/><F33/><W106/><G83/><T13/><D13/><U109/><E109/><V10/><F19/><W39/><G39/><T9/><D9/><U90/><E89/><V8/><F8/><W58/><G23/><T67/><D118/><U115/><E14/><V103/><F97/><N who="3" m="61743" /><G21/><T53/><D67/><U87/><E22/><V100/><F100/><W112/><G119/><T62/><D113/><U116/><E20/><V125/><F114/><W15/><G112/><T4/><D4/><U123/><E115/><V56/><F125/><W44/><G117/><T102/><D102/><U27/><E116/><V132/><F103/><W41/><G15/><T29/><D29/><U31/><E123/><V126/><F126/><W96/><G30/><T108/><D108/><U133/><E31/><V85/><F12/><W26/><G28/><RYUUKYOKU ba="0,0" sc="77,0,214,0,261,0,448,0" />
</Scene>
<Scene>
<INIT seed="7,1,0,5,3,116" ten="77,214,261,448" oya="3" hai0="69,49,98,94,51,74,83,122,15,96,54,28,45" hai1="88,80,60,72,3,111,21,55,58,105,71,34,32" hai2="1,66,129,81,99,9,35,113,20,75,41,82,17" hai3="126,27,120,127,108,79,30,61,133,63,86,107,97"/><W4/><G120/><T23/><D69/><U119/><E3/><V48/><F75/><W38/><G38/><T19/><D28/><U73/><E111/><V109/><F109/><W100/><G4/><T91/><D51/><U93/><E105/><V62/><F35/><W39/><G39/><T46/><D46/><U7/><E71/><V106/><F106/><W65/><G133/><T2/><D2/><U121/><E73/><V18/><F99/><W124/><G108/><T103/><D74/><U92/><E121/><V104/><F104/><W67/><G79/><T10/><D23/><U37/><E93/><V70/><F113/><W101/><G101/><T128/><D128/><U24/><E37/><V130/><F41/><W117/><G86/><T78/><D98/><U47/><E119/><V43/><F43/><W135/><G135/><T29/><D29/><U125/><E47/><V90/><F48/><W42/><G42/><T76/><REACH who="0" step="1"/><D122/><REACH who="0" ten="67,214,261,448" step="2"/><U131/><E21/><V31/><F31/><W16/><G30/><T13/><D13/><U134/><E131/><V40/><F129/><W87/><G97/><T123/><D123/><U44/><E44/><V26/><F130/><W25/><G117/><T114/><D114/><U77/><E72/><V84/><F1/><W0/><G0/><T102/><D102/><U8/><E34/><V89/><F20/><W110/><G100/><T12/><D12/><U64/><E32/><V56/><F70/><W68/><G68/><T33/><D33/><U85/><E134/><V14/><F14/><W36/><G36/><T5/><D5/><RYUUKYOKU ba="1,1" sc="67,30,214,-10,261,-10,448,-10" hai0="10,15,19,45,49,54,76,78,83,91,94,96,103" owari="97,-40.0,204,-20.0,251,5.0,448,55.0" />
</Scene>
</mjloggm>