<mjloggm ver="2.3"><GO type="169" lobby="0"/><UN n0="%E5%A4%AA%E3%81%8F%E3%81%AA%E3%81%84%E3%81%8A" n1="%4B%E3%80%82" n2="%6E%69%6A%69" n3="%E3%83%AA%E3%83%BC%E3%83%81%EF%BC%91" dan="18,17,16,17" rate="2189.49,2102.68,2067.86,2130.36" sx="F,M,M,M"/><TAIKYOKU oya="0"/>

<Scene>
<INIT seed="0,0,0,1,3,127" ten="250,250,250,250" oya="0" hai0="77,2,0,52,112,94,84,87,98,134,100,34,124" hai1="59,107,105,131,132,111,130,55,5,102,39,14,31" hai2="90,115,133,49,44,43,42,72,47,30,99,24,104" hai3="97,41,67,50,118,35,22,101,60,28,54,79,83"/><T78/><D34/><U128/><E39/><V109/><F72/><W63/><G41/><T38/><D38/><U4/><E132/><V19/><F115/><W113/><G35/><T62/><D112/><U86/><E111/><V57/><F109/><W81/><G118/><T125/><D134/><U10/><E31/><V53/><F133/><W70/><G63/><T71/><D84/><U85/><E5/><V93/><F104/><N who="1" m="40009" /><E102/><V17/><F44/><W6/><G6/><T73/><D73/><U110/><E110/><V69/><F69/><W9/><G9/><T88/><D77/><U65/><E65/><V117/><F42/><W21/><G28/><T11/><D78/><U8/><E8/><V82/><F82/><W121/><G83/><N who="0" m="49279" /><D11/><U23/><E23/><N who="2" m="15647" /><F117/><W64/><G121/><T48/><D62/><AGARI ba="0,0" hai="4,10,14,55,59,62,85,86,128,130,131" m="40009" machi="62" ten="40,8000,1" yaku="19,1,52,3" doraHai="127" who="1" fromWho="0" sc="250,-80,250,80,250,0,250,0" /><AGARI ba="0,0" hai="17,19,43,47,49,53,57,62,90,93,99" m="15647" machi="62" ten="30,1000,0" yaku="8,1" doraHai="127" who="2" fromWho="0" sc="170,-10,330,0,250,10,250,0" />
</Scene>
<Scene>
<INIT seed="1,0,0,0,3,3" ten="160,330,260,250" oya="1" hai0="34,35,128,63,125,109,6,36,39,133,8,135,67" hai1="120,111,101,15,106,74,126,17,49,65,32,92,132" hai2="112,64,60,79,25,80,66,115,48,134,4,103,31" hai3="51,102,33,55,37,130,57,97,23,91,114,75,9"/><U20/><E120/><V83/><F134/><N who="0" m="51210" /><D109/><U99/><E74/><V29/><F103/><W69/><G33/><N who="0" m="12299" /><D128/><U30/><E132/><V131/><F131/><W16/><G69/><N who="0" m="42239" /><D125/><U58/><E111/><V78/><F25/><W123/><G130/><T127/><D127/><U93/><E126/><V2/><F2/><AGARI ba="0,0" hai="2,6,8,36,39" m="42239,12299,51210" machi="2" ten="30,3900,0" yaku="20,1,23,1,52,1" doraHai="3" who="0" fromWho="2" sc="160,39,330,0,260,-39,250,0" />
</Scene>
<Scene>
<INIT seed="2,0,0,3,1,18" ten="199,330,221,250" oya="2" hai0="28,82,74,31,89,26,37,22,45,8,106,60,126" hai1="25,24,76,27,13,54,117,23,94,30,44,35,33" hai2="29,135,43,81,125,70,7,39,101,2,16,66,91" hai3="96,48,49,12,41,50,9,95,112,78,111,15,114"/><V4/><F101/><W119/><G78/><T38/><D106/><U122/><E76/><V42/><F125/><W51/><G111/><T109/><D109/><U64/><E64/><V68/><F135/><W118/><G41/><T61/><D126/><U10/><E94/><V77/><F29/><W53/><G15/><T83/><D74/><U85/><E85/><V67/><F91/><W59/><G95/><T120/><D120/><U127/><E127/><V58/><F58/><W102/><G102/><T69/><D8/><U84/><E84/><V32/><F32/><N who="1" m="12361" /><E54/><V116/><F116/><W104/><G96/><T128/><D69/><U97/><E97/><V80/><F2/><W62/><G104/><T40/><D89/><U47/><E47/><V55/><F77/><W130/><G130/><T3/><D128/><U90/><E90/><V73/><F55/><W115/><N who="3" m="12288" /><DORA hai="105" /><W19/><AGARI ba="0,0" hai="9,12,19,53,59,62,112,114,115,118,119" m="12288" machi="19" ten="50,6400,0" yaku="4,1,0,1,11,1" doraHai="18,105" who="3" fromWho="3" sc="199,-16,330,-16,221,-32,250,64" />
</Scene>
<Scene>
<INIT seed="3,0,0,3,3,15" ten="183,314,189,314" oya="3" hai0="41,117,20,127,17,72,111,60,52,62,97,77,39" hai1="19,9,78,130,49,67,6,82,101,91,1,35,45" hai2="100,128,108,119,33,121,3,132,75,11,27,103,42" hai3="89,58,28,93,29,4,104,83,86,131,73,114,26"/><W106/><G114/><T40/><D117/><U65/><E130/><V47/><F100/><W116/><G131/><T12/><D111/><U64/><E35/><V34/><F128/><W135/><G116/><T90/><D127/><U59/><E101/><V87/><F87/><W129/><G129/><T48/><D39/><U46/><E91/><V88/><F119/><W85/><G73/><T23/><D77/><U25/><E59/><V37/><F108/><W18/><G4/><T63/><D72/><U125/><E125/><V61/><F121/><W98/><G135/><T24/><D90/><U53/><E46/><V22/><F103/><N who="3" m="60879" /><G104/><T5/><D97/><U66/><E66/><V10/><F75/><W107/><G107/><T122/><D122/><U120/><E120/><V112/><F112/><W133/><G106/><T36/><D36/><U134/><E134/><V32/><F3/><W7/><G7/><T115/><D115/><U110/><E110/><V50/><F132/><W80/><G58/><N who="0" m="33031" /><D5/><U102/><E102/><V105/><F105/><W71/><G71/><T99/><D99/><U55/><E1/><V31/><F37/><W14/><G133/><T8/><D8/><U2/><E9/><V76/><F76/><N who="3" m="46215" /><G26/><T96/><D96/><U81/><E2/><V51/><F32/><W126/><G126/><T68/><D68/><U109/><E109/><V38/><F33/><W13/><G13/><T92/><D92/><U69/><E69/><V57/><F34/><W0/><G0/><T43/><D62/><U16/><E25/><V30/><F27/><W79/><G79/><RYUUKYOKU ba="0,0" sc="183,15,314,-15,189,-15,314,15" hai0="12,17,20,23,24,40,41,43,60,63" hai3="14,18,28,29,83,86,89" />
</Scene>
<Scene>
<INIT seed="3,1,0,0,2,48" ten="198,299,174,329" oya="3" hai0="62,133,94,110,127,102,6,111,28,3,123,1,88" hai1="101,26,125,45,67,36,5,91,32,132,103,77,46" hai2="17,37,96,120,134,66,11,25,130,90,83,12,131" hai3="95,113,65,63,73,126,14,0,81,61,64,43,76"/><W121/><G0/><T2/><D123/><U54/><E132/><V20/><F37/><W50/><G121/><T30/><D102/><U35/><E125/><V98/><F120/><W122/><G122/><T109/><D127/><U128/><E128/><N who="2" m="49195" /><F66/><W105/><G105/><T18/><D133/><U55/><E77/><V85/><F134/><W49/><G113/><T23/><D6/><AGARI ba="1,0" hai="6,11,12,17,20,25,83,85,90,96,98" m="49195" machi="6" ten="30,1000,0" yaku="19,1" doraHai="48" who="2" fromWho="0" sc="198,-13,299,0,174,13,329,0" />
</Scene>
<Scene>
<INIT seed="4,0,0,4,2,96" ten="185,299,187,329" oya="0" hai0="27,53,109,32,18,126,13,94,8,103,122,77,31" hai1="51,116,20,73,63,128,45,70,105,130,11,40,91" hai2="57,28,74,82,61,86,87,26,69,56,99,108,131" hai3="16,34,29,81,25,65,46,22,124,98,120,9,12"/><T80/><D122/><U123/><E123/><V62/><F108/><W68/><G120/><T23/><D109/><U21/><E116/><V119/><F119/><W0/><G124/><T127/><D53/><U100/><E73/><V92/><F69/><W19/><G46/><T101/><D94/><U24/><E11/><V102/><F131/><N who="1" m="50217" /><E91/><V2/><F2/><W44/><G68/><T6/><D127/><U60/><E70/><V85/><F82/><W15/><G65/><T37/><D37/><U10/><E10/><V49/><F74/><W83/><G44/><T97/><D97/><N who="1" m="61583" /><E20/><N who="2" m="15431" /><F49/><W115/><G115/><T14/><REACH who="0" step="1"/><D126/><REACH who="0" ten="175,299,187,329" step="2"/><U3/><E3/><V1/><F1/><W5/><G98/><T95/><D95/><U112/><E112/><V135/><F92/><W43/><G43/><T30/><D30/><AGARI ba="0,1" hai="21,24,30,40,45,51,60,63" m="61583,50217" machi="30" ten="30,2000,0" yaku="19,1,52,1" doraHai="96" who="1" fromWho="0" sc="175,-20,299,30,187,0,329,0" />
</Scene>
<Scene>
<INIT seed="5,0,0,3,4,121" ten="155,329,187,329" oya="1" hai0="132,30,118,90,115,12,4,57,70,85,88,71,114" hai1="100,84,54,109,102,131,58,16,51,39,116,9,56" hai2="122,74,93,26,33,27,99,2,89,21,40,64,104" hai3="75,126,81,13,123,11,76,96,77,87,79,36,17"/><U117/><E39/><V128/><F2/><W124/><G123/><T62/><D118/><U98/><E131/><V10/><F122/><W108/><G36/><T18/><D30/><U86/><E109/><V14/><F74/><W103/><G108/><T97/><D4/><U94/><E102/><V67/><F104/><W106/><REACH who="3" step="1"/><G75/><REACH who="3" ten="155,329,187,319" step="2"/><T112/><D132/><U125/><E117/><V69/><F128/><W92/><G92/><T8/><D97/><U29/><E116/><V47/><F93/><W7/><G7/><T73/><D73/><U44/><E125/><AGARI ba="0,1" hai="11,13,17,76,77,79,81,87,96,103,106,124,125,126" machi="125" ten="40,2600,0" yaku="1,1,18,1,53,0" doraHai="121" doraHaiUra="105" who="3" fromWho="1" sc="155,0,329,-26,187,0,319,36" />
</Scene>
<Scene>
<INIT seed="6,0,0,5,2,6" ten="155,303,187,355" oya="2" hai0="118,49,33,41,27,130,78,54,77,100,20,52,29" hai1="68,42,103,89,60,108,87,133,39,115,131,102,55" hai2="119,13,43,106,11,58,128,105,95,69,135,37,117" hai3="53,96,79,98,75,10,31,121,84,50,92,132,110"/><V46/><F69/><W64/><G110/><T129/><D118/><U67/><E108/><V0/><F0/><W70/><G75/><T35/><D100/><U24/><E115/><V101/><F128/><N who="0" m="49258" /><D41/><U73/><E131/><V120/><F120/><W22/><G98/><T113/><D113/><U134/><E73/><V127/><F127/><W47/><G22/><T23/><D23/><U71/><E24/><V90/><F135/><N who="1" m="51721" /><E68/><V17/><F58/><W59/><G31/><T38/><D38/><U86/><E55/><N who="0" m="21033" /><D49/><U123/><E123/><V74/><F74/><W14/><G132/><T72/><D72/><U57/><E71/><V122/><F122/><W36/><G70/><T112/><D112/><U40/><E40/><V48/><F37/><W34/><G36/><T107/><D107/><U94/><E87/><V5/><F105/><W124/><G84/><T82/><D82/><U16/><E39/><V63/><F106/><W56/><G121/><T18/><D29/><U104/><E42/><V19/><F117/><W26/><G50/><T93/><D93/><U45/><E45/><V44/><F44/><W9/><G47/><T116/><D116/><U99/><E103/><V76/><F101/><W65/><G92/><T109/><D109/><U97/><E86/><N who="2" m="52695" /><F119/><W12/><G96/><T51/><D51/><U1/><E1/><V61/><F76/><AGARI ba="0,0" hai="18,20,27,33,35,76,77,78" m="21033,49258" machi="76" ten="30,2000,0" yaku="19,1,54,1" doraHai="6" who="0" fromWho="2" sc="155,20,303,0,187,-20,355,0" />
</Scene>
<Scene>
<INIT seed="7,0,0,2,4,19" ten="175,303,167,355" oya="3" hai0="44,83,97,6,16,66,36,18,68,27,20,5,93" hai1="120,24,42,10,109,58,110,0,121,101,72,38,34" hai2="2,62,82,104,60,90,96,116,132,39,52,131,43" hai3="54,95,84,22,55,128,57,113,15,105,89,127,41"/><W126/><G105/><T115/><D115/><U107/><E58/><V53/><F116/><W26/><G113/><T87/><D68/><U25/><E25/><V59/><F2/><W92/><G41/><T49/><D66/><U67/><E67/><V88/><F131/><W78/><G128/><T50/><D36/><U81/><E101/><V13/><F132/><W117/><G15/><T1/><D18/><U23/><E107/><V64/><F104/><W37/><G37/><T114/><D114/><U14/><E110/><V4/><F43/><W123/><G78/><N who="0" m="46583" /><D1/><U12/><E109/><V71/><F39/><W35/><G95/><T40/><D49/><U103/><E103/><AGARI ba="0,0" hai="5,6,16,20,27,40,44,50,93,97,103" m="46583" machi="103" ten="30,3900,0" yaku="8,1,52,1,54,1" doraHai="19" who="0" fromWho="1" sc="175,39,303,-39,167,0,355,0" owari="214,-19.0,264,6.0,167,-33.0,355,46.0" />
</Scene>
</mjloggm>