<mjloggm ver="2.3"><GO type="169" lobby="0"/><UN n0="%70%69%2D%70%6F" n1="%E2%98%85%E9%9B%80%E9%AC%BC%E7%99%BE%E7%80%AC%E2%98%85" n2="%E3%82%81%E3%82%8D%E3%82%93%E3%81%9D%E3%83%BC%E3%81%A0" n3="%E5%A4%AA%E3%81%8F%E3%81%AA%E3%81%84%E3%81%8A" dan="16,18,16,17" rate="2091.40,2185.36,2105.09,2224.06" sx="M,M,F,M"/><TAIKYOKU oya="0"/>

<Scene>
<INIT seed="0,0,0,1,5,119" ten="250,250,250,250" oya="0" hai0="109,91,11,112,76,50,125,69,16,85,55,51,101" hai1="98,94,124,133,44,81,8,43,49,47,74,127,9" hai2="61,73,118,67,14,29,66,40,24,96,39,65,97" hai3="57,56,59,99,111,123,20,78,7,17,72,62,48"/><T6/><D112/><U134/><E74/><V53/><F73/><W26/><G111/><T89/><D69/><U79/><E81/><V71/><F118/><W75/><G7/><T87/><D125/><N who="1" m="48203" /><E47/><V82/><F82/><W33/><G33/><T21/><D101/><N who="1" m="60631" /><E79/><V83/><F83/><W52/><G78/><T131/><D76/><U95/><E95/><V32/><F39/><W34/><G34/><T92/><D109/><U116/><E116/><V10/><F40/><W15/><G99/><T105/><D105/><U46/><E46/><V80/><F80/><W54/><G26/><T5/><D131/><U110/><E110/><V68/><F97/><W1/><G1/><T102/><D102/><U36/><E49/><V45/><F96/><W115/><G115/><T77/><D77/><U19/><E19/><V63/><F67/><W42/><G42/><T121/><D92/><U60/><E60/><V106/><F106/><W88/><G88/><T100/><D100/><U132/><AGARI ba="0,0" hai="8,9,36,43,44,132,133,134" m="60631,48203" machi="132" ten="40,2700,0" yaku="20,1,18,1" doraHai="119" who="1" fromWho="1" sc="250,-13,250,27,250,-7,250,-7" />
</Scene>
<Scene>
<INIT seed="1,0,0,1,1,103" ten="237,277,243,243" oya="1" hai0="122,3,54,61,134,99,7,64,50,85,29,51,60" hai1="73,114,1,30,15,106,128,84,2,6,14,21,35" hai2="23,132,124,38,37,55,130,91,13,31,78,109,98" hai3="104,129,9,11,56,22,42,40,49,45,97,96,112"/><U34/><E73/><V79/><F109/><W24/><G112/><T116/><D116/><U101/><E84/><V76/><F130/><W33/><G33/><N who="1" m="12298" /><E101/><V108/><F108/><W12/><G129/><T4/><D134/><U102/><E102/><V121/><F121/><W66/><G104/><T58/><D122/><U20/><E106/><V115/><F132/><W75/><G75/><T8/><D29/><U105/><E105/><V27/><F115/><W52/><G66/><T69/><D99/><U87/><E87/><V95/><F124/><W80/><G80/><T111/><D111/><U41/><E41/><V63/><F13/><N who="1" m="4617" /><E128/><V47/><F63/><W65/><G65/><T88/><REACH who="0" step="1"/><D4/><REACH who="0" ten="227,277,243,243" step="2"/><U19/><E114/><V135/><F135/><W77/><G9/><T74/><D74/><U16/><E30/><V107/><F31/><W43/><G96/><T59/><D59/><U82/><E82/><AGARI ba="0,1" hai="3,7,8,50,51,54,58,60,61,64,69,82,85,88" machi="82" ten="30,7700,0" yaku="1,1,7,1,54,1,53,1" doraHai="103" doraHaiUra="83" who="0" fromWho="1" sc="227,87,277,-77,243,0,243,0" />
</Scene>
<Scene>
<INIT seed="2,0,0,3,1,102" ten="314,200,243,243" oya="2" hai0="71,25,63,98,89,33,65,114,72,60,19,35,118" hai1="28,55,15,122,101,75,70,88,32,3,104,6,39" hai2="0,97,12,1,107,8,31,103,68,92,46,9,84" hai3="5,81,45,27,30,90,56,73,16,57,66,59,36"/><V20/><F68/><W51/><G36/><T37/><D114/><U7/><E70/><V132/><F132/><W125/><G125/><T18/><D72/><U22/><E75/><V74/><F74/><W83/><G5/><T43/><D118/><U121/><E39/><V91/><F46/><W109/><G109/><T23/><D37/><U105/><E101/><V44/><F44/><W108/><G108/><T106/><D43/><U69/><E69/><V87/><F87/><W129/><G129/><T13/><D63/><U40/><E40/><V99/><F84/><W10/><G66/><T95/><REACH who="0" step="1"/><D106/><REACH who="0" ten="304,200,243,243" step="2"/><U86/><E104/><V11/><REACH who="2" step="1"/><F12/><REACH who="2" ten="304,200,233,243" step="2"/><N who="3" m="7191" /><G73/><T112/><D112/><U94/><E15/><V41/><F41/><N who="3" m="25007" /><G90/><T124/><D124/><U79/><E88/><V58/><F58/><W67/><G67/><T123/><D123/><U130/><E121/><V17/><F17/><W113/><G113/><T29/><D29/><U126/><E122/><V110/><F110/><W93/><G56/><T82/><D82/><U134/><E126/><V100/><F100/><W14/><G14/><T120/><D120/><U135/><E135/><V49/><F49/><W127/><G127/><T80/><D80/><N who="3" m="30793" /><G59/><T21/><AGARI ba="0,2" hai="13,18,19,21,23,25,33,35,60,65,71,89,95,98" machi="21" ten="20,2700,0" yaku="1,1,0,1,7,1,53,0" doraHai="102" doraHaiUra="26" who="0" fromWho="0" sc="304,47,200,-7,233,-13,243,-7" />
</Scene>
<Scene>
<INIT seed="3,0,0,0,3,88" ten="351,193,220,236" oya="3" hai0="38,40,111,43,17,25,39,135,83,76,70,79,109" hai1="65,114,11,71,87,21,94,119,6,92,96,68,20" hai2="8,98,10,47,44,55,66,72,90,46,34,24,95" hai3="35,33,16,15,36,5,60,54,37,1,56,107,30"/><W112/><G107/><T133/><D70/><U64/><E114/><V49/><F72/><W51/><G112/><T113/><D113/><U102/><E68/><V99/><F66/><N who="1" m="25705" /><E71/><V108/><F108/><N who="0" m="41546" /><D25/><U89/><E119/><V127/><F127/><W48/><G36/><N who="0" m="13867" /><D17/><U81/><E81/><V69/><F69/><W73/><G37/><T130/><D130/><U121/><E121/><V52/><F99/><W84/><G73/><N who="0" m="43407" /><D79/><U22/><E11/><N who="2" m="4139" /><F34/><W77/><G5/><AGARI ba="0,0" hai="5,6,20,21,22,87,89,92,94,96,102" m="25705" machi="5" ten="30,3900,0" yaku="8,1,52,2" doraHai="88" who="1" fromWho="3" sc="351,0,193,39,220,0,236,-39" />
</Scene>
<Scene>
<INIT seed="4,0,0,0,2,87" ten="351,232,220,197" oya="0" hai0="104,7,67,32,33,133,131,98,6,29,86,26,45" hai1="35,47,22,82,128,116,20,123,14,99,54,10,114" hai2="124,43,95,118,16,21,46,111,76,23,38,85,8" hai3="5,90,17,113,78,55,39,24,84,130,49,15,1"/><T122/><D122/><U132/><E123/><V2/><F111/><W52/><G39/><T34/><D131/><U4/><E116/><V60/><F118/><W62/><G130/><T80/><D45/><U100/><E35/><V37/><F37/><W88/><G113/><T51/><D51/><U11/><E128/><V120/><F120/><W126/><G126/><T66/><D133/><U109/><E109/><V69/><F124/><W71/><G1/><T40/><D40/><U9/><E132/><V129/><F129/><W30/><G5/><T94/><D104/><U48/><E82/><V28/><F28/><W103/><G103/><T57/><D6/><U64/><E64/><V89/><F76/><W56/><G71/><T72/><D72/><U102/><E102/><V61/><F69/><W42/><G42/><T119/><D7/><U134/><E134/><V117/><F117/><W127/><G127/><T91/><D119/><U125/><E114/><V0/><F23/><N who="1" m="8745" /><E125/><V18/><F0/><W74/><G74/><T41/><D41/><U115/><E115/><V31/><F31/><W63/><G78/><T13/><D67/><U75/><E75/><V110/><F110/><W27/><G30/><T81/><D81/><U79/><E79/><V59/><F2/><W50/><G84/><T101/><D13/><U68/><E68/><V83/><F38/><W73/><G73/><T135/><D135/><U112/><E112/><V44/><F43/><W53/><G53/><T3/><D3/><U36/><E36/><V12/><F12/><W65/><G15/><T107/><D107/><RYUUKYOKU ba="0,0" sc="351,15,232,15,220,-15,197,-15" hai0="26,29,32,33,34,57,66,80,86,91,94,98,101" hai1="4,9,10,11,14,47,48,54,99,100" />
</Scene>
<Scene>
<INIT seed="4,1,0,0,0,134" ten="366,247,205,182" oya="0" hai0="105,130,35,16,7,83,102,4,116,33,46,120,113" hai1="27,128,127,9,100,24,77,89,67,58,94,18,72" hai2="131,73,55,28,8,95,78,21,129,37,125,68,54" hai3="61,103,118,6,1,88,5,133,39,63,26,20,108"/><T75/><D120/><U101/><E72/><V53/><F68/><W106/><G108/><T43/><D116/><U87/><E77/><V49/><F37/><W60/><G118/><T135/><D113/><U104/><E104/><V44/><F95/><W107/><G39/><T97/><D130/><N who="2" m="49674" /><F8/><W124/><G133/><T42/><D42/><U13/><E127/><V17/><F28/><W34/><G34/><T10/><D16/><N who="1" m="8239" /><E128/><V14/><F125/><W2/><G124/><T64/><D7/><U45/><E45/><V99/><F99/><W110/><G110/><T84/><D135/><U122/><E122/><V36/><F36/><W112/><G112/><T48/><D75/><U57/><E18/><V119/><F119/><W76/><G106/><T115/><D115/><U56/><E67/><V85/><F73/><W31/><G76/><N who="0" m="46183" /><D64/><U74/><E74/><V92/><F78/><W90/><G6/><T52/><D52/><U40/><E40/><V132/><F132/><W80/><G80/><T15/><AGARI ba="1,0" hai="4,10,15,33,35,43,46,48,97,102,105" m="46183" machi="15" ten="30,1500,0" yaku="25,1" doraHai="134" who="0" fromWho="0" sc="366,18,247,-6,205,-6,182,-6" />
</Scene>
<Scene>
<INIT seed="4,2,0,2,5,67" ten="384,241,199,176" oya="0" hai0="23,41,105,114,94,127,112,37,58,80,122,53,133" hai1="18,12,124,54,62,3,9,59,60,106,52,17,125" hai2="107,75,130,5,76,56,123,101,32,19,66,118,13" hai3="20,77,85,46,70,134,57,83,10,24,91,44,100"/><T72/><D105/><U131/><E106/><V42/><F123/><W55/><G134/><T35/><D35/><U121/><E121/><V7/><F32/><W14/><G100/><T99/><D122/><U93/><E131/><V39/><F130/><W8/><G70/><T0/><D0/><U36/><E36/><V63/><F118/><W27/><G77/><N who="0" m="44071" /><D23/><U96/><E3/><V4/><F75/><W81/><G81/><T108/><D108/><U79/><E79/><V15/><F76/><W11/><G14/><T50/><D127/><U88/><E18/><V68/><F56/><AGARI ba="2,0" hai="9,12,17,52,54,56,59,60,62,88,93,96,124,125" machi="56" ten="40,5200,0" yaku="9,1,54,2" doraHai="67" who="1" fromWho="2" sc="384,0,241,58,199,-58,176,0" />
</Scene>
<Scene>
<INIT seed="5,0,0,4,5,85" ten="384,299,141,176" oya="1" hai0="90,126,118,103,87,22,28,42,55,88,61,63,83" hai1="98,9,26,21,8,33,44,5,114,7,73,81,69" hai2="46,10,77,99,39,30,129,125,27,71,122,94,38" hai3="134,128,65,117,2,25,111,123,3,24,82,93,51"/><U4/><E69/><V14/><F122/><W116/><G123/><T52/><D118/><N who="3" m="45673" /><G111/><T19/><D28/><U47/><E114/><V18/><F71/><W29/><G134/><T95/><D103/><U74/><E33/><V75/><F125/><W62/><G128/><T86/><D42/><U89/><E73/><V78/><F129/><W23/><G82/><T102/><D102/><U32/><E32/><V92/><F92/><W6/><G6/><T16/><D126/><U97/><E74/><V135/><F135/><W34/><G51/><T91/><D91/><U53/><E97/><V84/><F75/><W13/><G13/><N who="0" m="9487" /><D19/><U0/><E0/><V11/><F39/><W15/><G15/><T127/><D127/><U31/><E98/><V40/><F84/><W96/><G25/><T133/><D133/><U105/><E105/><V37/><F37/><W101/><G34/><T54/><AGARI ba="0,0" hai="52,54,55,61,63,83,86,87,88,90,95" m="9487" machi="54" ten="30,12000,2" yaku="8,1,52,2,54,3" doraHai="85" who="0" fromWho="0" sc="384,120,299,-60,141,-30,176,-30" />
</Scene>
<Scene>
<INIT seed="6,0,0,5,4,36" ten="504,239,111,146" oya="2" hai0="29,1,128,42,83,63,72,112,53,78,121,80,134" hai1="3,131,76,67,54,126,115,123,6,41,68,96,50" hai2="11,44,2,37,27,10,85,32,100,46,109,116,120" hai3="104,57,49,132,82,70,124,114,127,102,133,103,22"/><V135/><F116/><W99/><G70/><T73/><D29/><U91/><E76/><V86/><F120/><W89/><G114/><T117/><D128/><U15/><E3/><V94/><F135/><N who="3" m="51787" /><G22/><T26/><D53/><U59/><E68/><V84/><F109/><W45/><G57/><T105/><D80/><U33/><E67/><V101/><F2/><W17/><G17/><T92/><D63/><U75/><E33/><V55/><F37/><W71/><G71/><T58/><D58/><U129/><E59/><V56/><F32/><W4/><G4/><T12/><D26/><U87/><E6/><V52/><F27/><W62/><G62/><T107/><D12/><U69/><E15/><V35/><F35/><W122/><G102/><N who="2" m="39529" /><F94/><W20/><G20/><T79/><D92/><U106/><E69/><V90/><F90/><W18/><G18/><T125/><D1/><U61/><E91/><V23/><F23/><W118/><G118/><T13/><D117/><U51/><E129/><V7/><F56/><W31/><G31/><T40/><D121/><U110/><E123/><V77/><F77/><W16/><G122/><T19/><D134/><U93/><E131/><V5/><F5/><W47/><G16/><T111/><D111/><U65/><E110/><V119/><F119/><W95/><G82/><T108/><D83/><U30/><E30/><V38/><F38/><W81/><G81/><T88/><D79/><U8/><E115/><V9/><F7/><W28/><G28/><T130/><D78/><U66/><E66/><V48/><F48/><W39/><G39/><RYUUKYOKU ba="0,0" sc="504,-10,239,-10,111,30,146,-10" hai2="9,10,11,44,46,52,55,84,85,86" />
</Scene>
<Scene>
<INIT seed="6,1,0,3,1,110" ten="494,229,141,136" oya="2" hai0="59,11,81,18,55,22,77,87,48,82,135,106,38" hai1="57,19,73,63,93,15,45,97,49,84,115,89,112" hai2="14,13,92,71,28,53,103,134,58,113,133,1,37" hai3="74,95,21,69,46,41,4,75,0,102,33,61,124"/><V72/><F71/><W98/><G33/><T99/><D38/><U123/><E73/><V121/><F121/><W40/><G124/><T66/><D135/><N who="2" m="51722" /><F1/><W132/><G132/><T100/><D11/><U79/><E123/><V109/><F109/><W94/><G21/><T118/><D118/><U34/><E34/><V117/><F117/><W56/><G69/><T25/><D81/><U126/><E126/><V31/><F37/><W6/><G95/><T114/><D66/><U2/><E2/><V47/><F47/><W78/><G78/><T35/><D35/><U24/><E79/><V111/><F72/><W62/><G62/><T16/><D114/><N who="1" m="43563" /><E24/><V26/><F111/><W88/><G102/><T5/><D5/><U36/><E36/><V67/><F113/><W96/><G96/><T108/><D108/><U27/><E27/><V12/><F26/><W83/><G83/><T90/><D77/><U17/><E15/><V54/><F31/><AGARI ba="1,0" hai="16,18,22,25,31,48,55,59,82,87,90,99,100,106" machi="31" ten="30,2000,0" yaku="7,1,54,1" doraHai="110" who="0" fromWho="2" sc="494,23,229,0,141,-23,136,0" />
</Scene>
<Scene>
<INIT seed="7,0,0,3,1,103" ten="517,229,118,136" oya="3" hai0="77,6,75,133,78,116,56,123,58,100,115,46,42" hai1="120,72,2,94,124,129,87,104,89,41,51,82,29" hai2="3,16,44,31,10,122,11,38,28,24,134,91,12" hai3="80,40,106,73,7,88,98,53,99,111,70,14,20"/><W84/><G70/><T32/><D32/><U30/><E2/><V92/><F134/><W110/><G40/><T43/><D100/><U17/><E104/><V61/><F122/><W18/><G106/><T1/><D116/><U114/><E120/><V71/><F38/><W45/><G73/><T128/><D123/><U65/><E129/><V35/><F31/><W34/><G34/><T102/><D128/><U135/><E124/><V8/><F44/><W76/><G7/><T130/><D130/><U52/><E114/><V112/><F112/><W15/><G15/><T83/><D115/><U93/><E65/><V21/><F61/><W26/><G26/><T131/><D131/><U39/><E135/><V108/><F71/><W105/><G105/><T27/><D133/><U9/><E39/><V25/><F108/><N who="3" m="41515" /><G76/><T48/><D43/><U132/><E72/><V119/><F119/><W113/><G113/><T79/><D27/><U13/><E41/><V95/><F3/><W49/><AGARI ba="0,0" hai="14,18,20,45,49,53,80,84,88,98,99" m="41515" machi="49" ten="30,3000,0" yaku="10,1,54,1" doraHai="103" who="3" fromWho="3" sc="517,-10,229,-10,118,-10,136,30" />
</Scene>
<Scene>
<INIT seed="7,1,0,3,5,50" ten="507,219,108,166" oya="3" hai0="26,107,130,116,64,54,48,134,37,59,31,115,9" hai1="49,111,51,125,72,22,45,65,127,91,69,92,94" hai2="53,43,96,6,44,40,80,15,105,35,52,114,106" hai3="99,90,5,8,110,132,13,3,23,83,2,112,68"/><W122/><G122/><T57/><D116/><U34/><E34/><V24/><F114/><W100/><G68/><T55/><D37/><U41/><E72/><V4/><F106/><W47/><G112/><T33/><D115/><U81/><E111/><V135/><F135/><W108/><G132/><T124/><D134/><U85/><E69/><V38/><F43/><W42/><G90/><T129/><D64/><U118/><E65/><V46/><F80/><W16/><G3/><T66/><D66/><U56/><E118/><V98/><F46/><W97/><G83/><T77/><D124/><N who="1" m="47691" /><E22/><V78/><F78/><W76/><G76/><T128/><D77/><U87/><E87/><V84/><F84/><W101/><G101/><T73/><D73/><U86/><E86/><V95/><F105/><W121/><G121/><T109/><D107/><U93/><E56/><V103/><F98/><W25/><G25/><T32/><D109/><N who="3" m="42089" /><G100/><T17/><D32/><U21/><E21/><V104/><F104/><W79/><G79/><T113/><D113/><U10/><E10/><V82/><F82/><W88/><G88/><T39/><D9/><U28/><E28/><V119/><F119/><W62/><G62/><N who="0" m="36151" /><D17/><U89/><E91/><V61/><F61/><W102/><G102/><T63/><D63/><U131/><E81/><V60/><F60/><W11/><G11/><T7/><D7/><N who="2" m="2602" /><F15/><W27/><G13/><T70/><D70/><U14/><E14/><V29/><F35/><W126/><G126/><T74/><D74/><U30/><E89/><V20/><F38/><W19/><G5/><RYUUKYOKU ba="1,0" sc="507,15,219,-15,108,15,166,-15" hai0="26,31,33,39,48,55,59,128,129,130" hai2="20,24,29,40,44,52,53,95,96,103" owari="522,63.0,204,0.0,123,-38.0,151,-25.0" />
</Scene>
</mjloggm>