<mjloggm ver="2.3"><GO type="169" lobby="0"/><UN n0="%E5%A4%AA%E3%81%8F%E3%81%AA%E3%81%84%E3%81%8A" n1="%E4%B9%9D%E5%B0%BE%E7%99%BD%E7%8B%90" n2="%28%EF%BC%BE%CE%BD%EF%BC%BE%29" n3="%E3%81%A6%E3%82%93%E3%81%BD%E3%81%84%E3%82%93%E3%81%A8" dan="18,16,16,17" rate="2169.53,2098.87,2119.23,2189.13" sx="M,M,M,M"/><TAIKYOKU oya="0"/>

<Scene>
<INIT seed="0,0,0,2,5,0" ten="250,250,250,250" oya="0" hai0="23,37,113,69,109,106,95,132,131,105,8,83,41" hai1="79,34,15,53,134,33,13,84,92,102,29,101,49" hai2="54,14,76,119,1,100,31,12,10,129,90,48,98" hai3="60,18,130,35,93,122,24,78,40,3,133,121,67"/><T87/><D69/><U63/><E134/><V38/><F38/><W39/><G133/><T99/><D132/><U56/><E33/><V51/><F129/><W110/><G3/><T22/><D113/><U128/><E128/><V16/><F119/><W62/><G130/><T86/><D131/><U127/><E127/><V116/><F116/><W7/><G110/><T114/><D114/><U70/><E34/><V47/><F76/><W30/><G78/><T81/><D37/><U124/><E124/><V118/><F118/><W45/><G18/><T68/><D68/><U59/><E70/><V32/><F90/><W125/><G125/><T17/><D41/><U20/><E79/><V117/><F117/><W11/><G93/><T21/><D109/><U58/><E58/><V91/><F91/><W36/><G36/><T108/><D108/><U120/><E120/><N who="3" m="46186" /><G67/><T89/><D106/><U46/><E59/><V112/><F112/><W4/><G11/><T126/><D126/><U6/><E6/><AGARI ba="0,0" hai="4,6,7,24,30,35,39,40,45,60,62" m="46186" machi="6" ten="30,7700,0" yaku="13,1,52,3" doraHai="0" who="3" fromWho="1" sc="250,0,250,-77,250,0,250,77" />
</Scene>
<Scene>
<INIT seed="1,0,0,4,2,76" ten="250,173,250,327" oya="1" hai0="74,105,117,17,0,114,14,112,23,5,63,56,78" hai1="41,50,94,11,22,91,4,121,116,33,61,10,93" hai2="12,62,34,24,128,45,84,82,32,15,97,120,86" hai3="38,9,135,107,92,30,132,46,96,75,109,49,126"/><U31/><E121/><V43/><F120/><W19/><G107/><T2/><D105/><U26/><E116/><V3/><F3/><W127/><G38/><T106/><D106/><U68/><E33/><V51/><F128/><W81/><G30/><T44/><D117/><U130/><E130/><V47/><F97/><W83/><G75/><T134/><D134/><N who="3" m="51241" /><G109/><T7/><D44/><N who="1" m="25871" /><E68/><V20/><F62/><W6/><G19/><T54/><D2/><U133/><E133/><V98/><F98/><W122/><G122/><T119/><D119/><U64/><E64/><V71/><F71/><W65/><G65/><T42/><D42/><U35/><E35/><V16/><F45/><W129/><G129/><T101/><D101/><U36/><E36/><V77/><F34/><W37/><G37/><T58/><D0/><U89/><E61/><V90/><F32/><W87/><G87/><T39/><D39/><U59/><E59/><V100/><F100/><N who="3" m="60423" /><G9/><N who="1" m="3082" /><E4/><V55/><F43/><N who="3" m="24799" /><G6/><T27/><D5/><U52/><E52/><V48/><F51/><W85/><G85/><T111/><D74/><U67/><E67/><V72/><F72/><W53/><G53/><T8/><D54/><U25/><E25/><V13/><F24/><W69/><G69/><T60/><D60/><U29/><E29/><V113/><F113/><W88/><G127/><T99/><D63/><U131/><E131/><V1/><F1/><W108/><G126/><T80/><D7/><U73/><E73/><V115/><F115/><W102/><G108/><T70/><D111/><U110/><E110/><V103/><F103/><RYUUKYOKU ba="0,0" sc="250,-15,173,15,250,15,327,-15" hai1="22,26,31,89,91,93,94" hai2="12,13,15,16,20,47,48,55,77,82,84,86,90" />
</Scene>
<Scene>
<INIT seed="1,1,0,1,3,104" ten="235,188,265,312" oya="1" hai0="99,44,36,135,105,93,10,3,73,109,12,21,107" hai1="27,134,75,74,102,98,17,79,37,123,124,111,30" hai2="54,122,42,68,52,18,87,118,26,45,70,101,100" hai3="58,41,97,129,117,25,48,120,60,77,133,116,90"/><U1/><E123/><V43/><F122/><W31/><G129/><T121/><D121/><U84/><E1/><V76/><F118/><N who="3" m="45675" /><G77/><T112/><D112/><U7/><E7/><V16/><F26/><W113/><G133/><T82/><D21/><U85/><E134/><V38/><F76/><W114/><G120/><T96/><D135/><U132/><E132/><V80/><F80/><W108/><G108/><T46/><D109/><U89/><E111/><V64/><F87/><W35/><G48/><T5/><D12/><U106/><E37/><V19/><F19/><W23/><G41/><N who="0" m="22567" /><D46/><U11/><E11/><V69/><F69/><W65/><G35/><T83/><D83/><N who="1" m="47231" /><E17/><V20/><F38/><W9/><G9/><T67/><D10/><U119/><E27/><V4/><F45/><W24/><G25/><T63/><D3/><U15/><E15/><V29/><F20/><W78/><G78/><T126/><D5/><U66/><E30/><V32/><F4/><W86/><G97/><T72/><D96/><U51/><E51/><V55/><F29/><W110/><G110/><T53/><D99/><U14/><E14/><V2/><F2/><W39/><G39/><T13/><D13/><U22/><E22/><V91/><F32/><W130/><G130/><T61/><D61/><U103/><E119/><V6/><F6/><W88/><G90/><T128/><D128/><U95/><E103/><V33/><F33/><W94/><AGARI ba="1,0" hai="23,24,31,58,60,65,86,88,94,113,114" m="45675" machi="94" ten="30,2000,0" yaku="12,1,54,1" doraHai="104" who="3" fromWho="3" sc="235,-6,188,-11,265,-6,312,23" />
</Scene>
<Scene>
<INIT seed="2,0,0,2,5,15" ten="229,177,259,335" oya="2" hai0="80,36,66,128,98,122,120,30,104,72,26,100,109" hai1="63,21,52,28,12,75,54,60,129,33,9,101,71" hai2="127,1,73,117,108,95,16,42,14,76,17,115,114" hai3="18,47,81,40,5,116,105,44,123,27,126,0,8"/><V112/><F42/><W90/><G116/><T4/><D36/><U45/><E75/><V53/><F53/><W50/><G123/><T93/><D4/><U2/><E129/><V131/><F95/><W134/><G105/><T84/><D66/><U110/><E110/><V24/><F76/><W39/><G134/><T78/><D109/><U56/><E101/><V41/><F41/><W43/><G126/><T133/><D128/><U58/><E71/><V10/><F73/><W68/><G68/><T13/><D13/><U87/><E87/><V121/><F131/><W85/><G27/><T132/><D132/><U119/><E119/><V86/><F86/><W55/><G43/><T59/><D59/><U25/><E2/><V6/><F108/><W97/><G97/><T49/><D49/><U89/><E89/><V74/><F74/><W67/><G67/><T130/><D133/><U99/><E99/><V61/><F61/><W91/><G18/><N who="2" m="7273" /><F117/><W23/><G23/><N who="0" m="15711" /><D130/><U51/><E33/><V31/><F121/><W124/><G124/><T38/><D38/><U135/><E135/><V125/><F1/><W22/><G90/><AGARI ba="0,0" hai="72,78,80,84,90,93,98,100,104,120,122" m="15711" machi="90" ten="30,1000,0" yaku="24,1" doraHai="15" who="0" fromWho="3" sc="229,10,177,0,259,0,335,-10" />
</Scene>
<Scene>
<INIT seed="3,0,0,2,2,132" ten="239,177,259,325" oya="3" hai0="125,5,12,77,88,121,97,30,56,76,14,79,63" hai1="102,119,58,59,98,48,10,25,28,72,80,40,67" hai2="19,8,54,128,96,62,65,73,95,90,6,87,131" hai3="43,64,109,129,108,41,44,116,69,52,36,60,123"/><W1/><G1/><T35/><D121/><U89/><E119/><V38/><F73/><W120/><G116/><T53/><D125/><U105/><E10/><V26/><F38/><W75/><G75/><T100/><D5/><U4/><E4/><V34/><F54/><W124/><G129/><T18/><D35/><U13/><E13/><V71/><F131/><W45/><G124/><T7/><D30/><U37/><E37/><V94/><F128/><W20/><G20/><T17/><D88/><U103/><E103/><V84/><F95/><W33/><G33/><T0/><D0/><U32/><E67/><V107/><F107/><W22/><G22/><T135/><D135/><U3/><E3/><V74/><F74/><W23/><G23/><T110/><D110/><N who="3" m="42601" /><G52/><T39/><D39/><AGARI ba="0,0" hai="36,39,41,43,44,45,60,64,69,120,123" m="42601" machi="39" ten="30,12000,1" yaku="14,1,10,1,23,1,34,2" doraHai="132" who="3" fromWho="0" sc="239,-120,177,0,259,0,325,120" />
</Scene>
<Scene>
<INIT seed="3,1,0,5,1,104" ten="119,177,259,445" oya="3" hai0="51,11,6,81,120,100,121,87,66,40,37,22,105" hai1="129,58,62,84,95,108,53,123,134,133,94,79,124" hai2="39,132,32,111,0,125,34,45,29,77,42,15,47" hai3="112,126,86,93,128,38,102,119,13,103,56,43,110"/><W88/><G112/><T99/><D37/><U91/><E123/><V131/><F0/><W9/><G119/><T135/><D135/><N who="1" m="51723" /><E108/><V23/><F132/><W20/><G128/><T18/><D66/><U61/><E79/><V50/><F111/><W12/><G110/><T83/><D83/><N who="1" m="49567" /><E129/><V48/><F131/><W74/><G126/><T1/><D51/><N who="1" m="31039" /><E124/><V41/><F125/><W107/><G107/><T92/><D40/><U60/><AGARI ba="1,0" hai="60,61,62,94,95" m="31039,49567,51723" machi="60" ten="30,1100,0" yaku="20,1" doraHai="104" who="1" fromWho="1" sc="119,-4,177,14,259,-4,445,-6" />
</Scene>
<Scene>
<INIT seed="4,0,0,4,3,87" ten="115,191,255,439" oya="0" hai0="93,85,30,116,4,53,121,29,24,21,19,125,79" hai1="9,18,17,127,83,33,71,112,105,92,123,99,63" hai2="132,111,61,38,7,36,3,75,73,94,58,122,56" hai3="74,13,78,40,72,100,49,23,34,55,102,135,28"/><T103/><D116/><U25/><E123/><V84/><F122/><W15/><G34/><T120/><D125/><U57/><E71/><V133/><F111/><W20/><G40/><T60/><D120/><U129/><E127/><V89/><F3/><W69/><G69/><T64/><D121/><U97/><E129/><V119/><F7/><W77/><G49/><T70/><D4/><U68/><E68/><V128/><F128/><W91/><G55/><T65/><D65/><U104/><E112/><V35/><F35/><W110/><G28/><T109/><D109/><U26/><E83/><V81/><F119/><W115/><G110/><T131/><D131/><U95/><E33/><V14/><F14/><W101/><G102/><T32/><D53/><U126/><E126/><V37/><F58/><W8/><G8/><T41/><D41/><U46/><E46/><V90/><F56/><W80/><G80/><T98/><D32/><U62/><E57/><V47/><F47/><W48/><G48/><T45/><D45/><U52/><E9/><V22/><F22/><W51/><G51/><T0/><D0/><U113/><E113/><V76/><F61/><W108/><G108/><T82/><AGARI ba="0,0" hai="19,21,24,29,30,60,64,70,79,82,85,93,98,103" machi="82" ten="30,1500,0" yaku="0,1" doraHai="87" who="0" fromWho="0" sc="115,15,191,-5,255,-5,439,-5" />
</Scene>
<Scene>
<INIT seed="4,1,0,5,3,42" ten="130,186,250,434" oya="0" hai0="90,45,2,1,86,57,66,127,111,63,106,82,28" hai1="33,64,113,47,49,29,48,109,120,11,77,24,7" hai2="61,58,123,132,27,6,100,107,122,80,121,34,53" hai3="115,10,40,108,68,119,110,130,105,104,15,32,76"/><T0/><D127/><U3/><E113/><V73/><F132/><W116/><G68/><T44/><D111/><U5/><E109/><V16/><F6/><W25/><G76/><T75/><D106/><U112/><E112/><V89/><F107/><W81/><G81/><T52/><D28/><U35/><E120/><V17/><F100/><W99/><G40/><T88/><D75/><U128/><E128/><V8/><F8/><W39/><G39/><T4/><D4/><U101/><E5/><V37/><F37/><W12/><G115/><T93/><REACH who="0" step="1"/><D66/><REACH who="0" ten="120,186,250,434" step="2"/><U46/><E64/><N who="2" m="38967" /><F123/><W92/><G105/><T55/><D55/><U22/><E101/><V84/><F53/><W41/><G104/><T67/><D67/><U79/><E35/><V30/><F73/><W69/><G32/><T114/><D114/><U21/><E33/><V56/><F122/><W133/><G110/><T72/><D72/><U95/><E95/><V117/><F121/><W60/><G108/><T78/><D78/><U70/><E70/><V43/><F30/><W14/><G92/><T74/><D74/><U131/><E131/><V85/><F34/><W94/><G130/><T71/><D71/><U13/><E3/><V54/><F54/><W20/><G94/><T124/><D124/><U18/><E7/><V103/><F80/><W26/><G69/><T38/><D38/><U134/><E134/><V65/><F65/><W97/><G133/><T83/><D83/><U135/><E135/><V36/><F36/><W125/><G125/><T102/><D102/><U62/><E77/><V51/><F103/><RYUUKYOKU ba="1,1" sc="120,30,186,-10,250,-10,434,-10" hai0="0,1,2,44,45,52,57,63,82,86,88,90,93" />
</Scene>
<Scene>
<INIT seed="4,2,1,5,4,24" ten="150,176,240,424" oya="0" hai0="70,116,33,30,135,102,104,56,31,89,17,53,58" hai1="133,82,12,79,113,94,112,18,26,69,11,19,76" hai2="6,105,10,21,35,55,96,34,65,46,67,59,110" hai3="83,5,128,77,106,78,88,44,85,25,48,132,115"/><T7/><D116/><U68/><E133/><V99/><F110/><W28/><G106/><T73/><D70/><U107/><E107/><V100/><F99/><W3/><G132/><T80/><D135/><U125/><E94/><V84/><F46/><W122/><G115/><N who="1" m="44106" /><E125/><V27/><F84/><W91/><G128/><T95/><D7/><U39/><E39/><V38/><F38/><W2/><G122/><T75/><D33/><U81/><E26/><V131/><F131/><W13/><G91/><T127/><D127/><U124/><E124/><V111/><F111/><W60/><G60/><T20/><D104/><U63/><E63/><V86/><F86/><W126/><G126/><T32/><D32/><U47/><E47/><V52/><F34/><W123/><G123/><T42/><D75/><N who="1" m="43167" /><E18/><V74/><F74/><AGARI ba="2,1" hai="11,12,19,68,69,74,79,82" m="43167,44106" machi="74" ten="30,2000,0" yaku="15,1,11,1" doraHai="24" who="1" fromWho="2" sc="150,0,176,36,240,-26,424,0" />
</Scene>
<Scene>
<INIT seed="5,0,0,0,3,99" ten="150,212,214,424" oya="1" hai0="69,63,1,0,73,129,89,82,74,106,130,126,116" hai1="54,104,59,20,26,42,34,101,29,85,14,90,135" hai2="35,12,123,18,37,10,96,32,33,21,39,77,76" hai3="87,71,56,53,91,93,48,132,134,23,108,78,17"/><U55/><E135/><N who="3" m="51754" /><G71/><T28/><D116/><U43/><E34/><V88/><F123/><W8/><G78/><T13/><D106/><U58/><E104/><V57/><F39/><W112/><G108/><T16/><D28/><U80/><E14/><V22/><F37/><W67/><G67/><N who="0" m="41215" /><D126/><U124/><E124/><V83/><F76/><W27/><G8/><N who="0" m="6183" /><D89/><U3/><E3/><N who="0" m="1097" /><D82/><U120/><E101/><V38/><F38/><W125/><G125/><T102/><D102/><U61/><REACH who="1" step="1"/><E120/><REACH who="1" ten="150,202,214,424" step="2"/><V122/><F122/><W86/><G112/><T11/><D11/><U70/><E70/><V52/><F10/><W103/><G103/><T92/><D130/><U2/><E2/><V107/><F33/><W68/><G68/><T133/><D129/><U105/><E105/><V84/><F22/><W65/><G65/><T5/><D133/><U60/><AGARI ba="0,1" hai="20,26,29,42,43,54,55,58,59,60,61,80,85,90" machi="60" ten="20,12000,1" yaku="1,1,0,1,7,1,9,1,8,1,53,0" doraHai="99" doraHaiUra="128" who="1" fromWho="1" sc="150,-40,202,130,214,-40,424,-40" />
</Scene>
<Scene>
<INIT seed="5,1,0,2,2,4" ten="110,332,174,384" oya="1" hai0="72,65,87,1,45,60,118,31,105,52,61,96,95" hai1="107,30,17,44,13,121,75,35,26,49,82,101,34" hai2="123,37,39,15,93,70,122,54,12,103,6,2,3" hai3="112,106,16,90,80,102,127,48,99,86,91,46,50"/><U68/><E121/><V9/><F70/><W73/><G112/><T130/><D72/><U134/><E134/><V36/><F54/><W29/><G127/><T104/><D118/><U25/><E68/><V79/><F79/><W55/><G73/><T131/><D31/><U116/><E116/><V85/><F15/><W92/><G29/><T108/><D108/><U53/><E101/><V98/><REACH who="2" step="1"/><F85/><REACH who="2" ten="110,332,164,384" step="2"/><W20/><G55/><T59/><D87/><U115/><E115/><V42/><F42/><W51/><G46/><T7/><D45/><U11/><E107/><V124/><F124/><W57/><G57/><N who="0" m="34855" /><D1/><AGARI ba="1,1" hai="1,2,3,6,9,12,36,37,39,93,98,103,122,123" machi="1" ten="50,3200,0" yaku="1,1,52,1,53,0" doraHai="4" doraHaiUra="78" who="2" fromWho="0" sc="110,-35,332,0,164,45,384,0" />
</Scene>
<Scene>
<INIT seed="6,0,0,0,4,47" ten="75,332,209,384" oya="2" hai0="125,34,95,69,126,88,60,11,98,1,106,45,15" hai1="18,41,72,7,8,56,67,93,68,27,28,33,79" hai2="115,17,0,100,94,10,19,2,119,37,87,59,123" hai3="112,81,118,113,84,75,134,4,99,109,82,110,20"/><V14/><F123/><W90/><G118/><T38/><D34/><U50/><E93/><V52/><F119/><W57/><G134/><T65/><D1/><U103/><E103/><V92/><F37/><W12/><G99/><T55/><D106/><U96/><E96/><N who="2" m="59399" /><F2/><W23/><G57/><T58/><D15/><U105/><E18/><N who="2" m="8535" /><F0/><W120/><G120/><T43/><REACH who="0" step="1"/><D11/><REACH who="0" ten="65,332,209,384" step="2"/><U16/><E105/><V22/><F22/><W39/><G23/><T31/><D31/><U104/><E104/><V40/><F115/><W36/><G20/><T61/><AGARI ba="0,1" hai="38,43,45,55,58,60,61,65,69,88,95,98,125,126" machi="61" ten="30,4000,0" yaku="1,1,0,1,54,1,53,0" doraHai="47" doraHaiUra="30" who="0" fromWho="0" sc="65,50,332,-10,209,-20,384,-10" />
</Scene>
<Scene>
<INIT seed="7,0,0,3,4,36" ten="115,322,189,374" oya="3" hai0="119,61,71,131,77,91,126,123,26,28,38,45,105" hai1="103,25,76,124,10,93,6,82,87,88,62,51,84" hai2="9,3,21,17,106,96,132,128,110,66,35,118,46" hai3="130,63,42,112,40,121,74,115,107,108,92,79,98"/><W49/><G121/><T64/><D123/><U13/><E124/><V58/><F110/><W37/><G130/><T111/><D111/><U75/><E25/><V12/><F132/><W122/><G122/><T90/><D119/><U59/><E103/><V114/><F46/><N who="3" m="23823" /><G63/><T1/><D1/><U8/><E8/><V54/><F114/><N who="3" m="43563" /><G107/><T95/><D77/><U56/><E75/><V41/><F106/><W27/><G27/><T33/><D126/><U57/><REACH who="1" step="1"/><E51/><REACH who="1" ten="115,312,189,374" step="2"/><V39/><F128/><W125/><G125/><T31/><D131/><U0/><E0/><V109/><F3/><W99/><G108/><T14/><D31/><U120/><E120/><V50/><F109/><W102/><G74/><T69/><D14/><U134/><E134/><V30/><F9/><W18/><G49/><T32/><D32/><U83/><E83/><V23/><F35/><W4/><G102/><T78/><D78/><U97/><E97/><V68/><F50/><W43/><G79/><T70/><D105/><U73/><E73/><V100/><F100/><W29/><G99/><T116/><D116/><U52/><AGARI ba="0,1" hai="6,10,13,52,56,57,59,62,76,82,84,87,88,93" machi="52" ten="20,12000,2" yaku="1,1,0,1,7,1,8,1,54,2,53,0" doraHai="36" doraHaiUra="65" who="1" fromWho="1" sc="115,-30,312,130,189,-30,374,-60" owari="85,-41.0,442,54.0,159,-24.0,314,11.0" />
</Scene>
</mjloggm>