<mjloggm ver="2.3"><GO type="169" lobby="0"/><UN n0="%41%6D%69%63%68%61%6E" n1="%E3%82%AA%E3%83%8A%E3%83%8B%E3%82%B9%E3%83%88%E4%BC%9D%E7%94%B0" n2="%75%73%6B%31%31%31%35" n3="%E5%A4%AA%E3%81%8F%E3%81%AA%E3%81%84%E3%81%8A" dan="16,17,17,18" rate="2076.33,2134.27,2194.62,2179.80" sx="F,M,M,M"/><TAIKYOKU oya="0"/>

<Scene>
<INIT seed="0,0,0,2,0,65" ten="250,250,250,250" oya="0" hai0="44,113,104,106,66,11,74,27,97,29,10,31,102" hai1="67,105,69,38,112,47,22,72,78,70,6,60,34" hai2="26,109,119,123,18,114,129,118,134,81,90,30,124" hai3="73,84,2,46,35,96,20,21,128,115,94,54,5"/><T122/><D113/><U135/><E22/><N who="2" m="15703" /><F90/><W61/><G73/><T7/><D74/><U40/><E135/><V108/><F81/><W110/><G35/><T92/><D122/><U82/><E112/><V15/><F114/><W133/><G115/><T126/><D126/><U83/><E83/><V48/><F48/><W89/><G133/><T71/><D31/><U52/><E52/><V95/><F95/><W80/><G110/><N who="2" m="42601" /><F134/><W55/><G55/><T43/><D11/><U36/><E6/><V4/><F4/><W64/><G5/><T58/><D44/><U100/><E34/><V14/><F123/><W103/><G54/><T101/><D101/><U33/><E33/><V87/><F87/><W125/><G84/><T19/><D43/><U132/><E132/><V42/><F42/><W131/><G80/><T59/><D92/><U62/><E36/><V3/><F3/><W28/><G103/><T23/><D106/><U116/><E100/><V107/><F107/><W117/><G2/><T45/><D45/><U13/><E105/><V53/><F53/><W57/><G46/><T63/><REACH who="0" step="1"/><D29/><REACH who="0" ten="240,250,250,250" step="2"/><U56/><E72/><V17/><F124/><W127/><G125/><T85/><D85/><U130/><E47/><V0/><F0/><AGARI ba="0,1" hai="0,7,10,19,23,27,58,59,63,66,71,97,102,104" machi="0" ten="30,5800,0" yaku="1,1,7,1,52,1,53,0" doraHai="65" doraHaiUra="9" who="0" fromWho="2" sc="240,68,250,0,250,-58,250,0" />
</Scene>
<Scene>
<INIT seed="0,1,0,0,5,20" ten="308,250,192,250" oya="0" hai0="108,78,57,3,9,66,77,22,67,6,113,116,51" hai1="42,70,15,102,28,69,117,133,17,115,24,71,19" hai2="111,12,123,104,96,47,29,34,1,103,88,119,54" hai3="44,95,79,36,46,31,27,53,48,131,7,126,63"/><T21/><D116/><U45/><E117/><V127/><F119/><W93/><G131/><T91/><D113/><U112/><E133/><V50/><F123/><W81/><G126/><T110/><D91/><U25/><E102/><V124/><F1/><W13/><G63/><N who="0" m="38255" /><D51/><N who="1" m="27063" /><E28/><V99/><F111/><N who="0" m="42538" /><D67/><U76/><E76/><AGARI ba="1,0" hai="3,6,9,21,22,76,77,78" m="42538,38255" machi="76" ten="30,2900,0" yaku="14,1,10,1" doraHai="20" who="0" fromWho="1" sc="308,32,250,-32,192,0,250,0" />
</Scene>
<Scene>
<INIT seed="0,2,0,2,5,120" ten="340,218,192,250" oya="0" hai0="52,101,133,117,58,5,32,44,53,96,79,27,78" hai1="8,109,87,114,18,4,39,89,60,31,80,10,132" hai2="43,85,131,38,97,55,71,24,122,16,41,111,1" hai3="63,88,72,13,134,98,45,92,110,70,37,76,107"/><T135/><D117/><U28/><E39/><V26/><F122/><W104/><G134/><N who="0" m="51211" /><D5/><U2/><E132/><V21/><F1/><W128/><G128/><T20/><D32/><U121/><E109/><V35/><F71/><W23/><G72/><T22/><D44/><U95/><E121/><V103/><F131/><W51/><G37/><T123/><D123/><U105/><E105/><V69/><F69/><W54/><G76/><N who="0" m="29227" /><D58/><U17/><E114/><V82/><F38/><W77/><G77/><T15/><D15/><U94/><E4/><V46/><F35/><W6/><G110/><T130/><D130/><U100/><E2/><V115/><F111/><W99/><G6/><T102/><D102/><U9/><E60/><V56/><F26/><W106/><G13/><T33/><D33/><U3/><E3/><V62/><F46/><W116/><G116/><T47/><D47/><U90/><E100/><V84/><F115/><W91/><G63/><T126/><D126/><U64/><E64/><V19/><F19/><N who="1" m="7177" /><E80/><V113/><F113/><W119/><G119/><T0/><D0/><U59/><E59/><V73/><F73/><W29/><G70/><T86/><D86/><AGARI ba="2,0" hai="8,9,10,28,31,86,87,89,90,94,95" m="7177" machi="86" ten="30,1000,0" yaku="8,1" doraHai="120" who="1" fromWho="0" sc="340,-16,218,16,192,0,250,0" />
</Scene>
<Scene>
<INIT seed="1,0,0,1,5,81" ten="324,234,192,250" oya="1" hai0="72,14,127,134,48,56,43,52,118,4,28,57,82" hai1="113,79,65,54,133,104,95,109,53,36,27,125,123" hai2="66,88,122,60,23,38,45,75,42,120,90,96,63" hai3="3,26,69,135,46,108,8,30,130,98,58,112,29"/><U74/><E113/><V9/><F75/><W71/><G112/><T99/><D118/><U49/><E123/><V33/><F33/><W16/><G108/><T12/><D134/><U70/><E125/><V11/><F63/><W116/><G135/><T76/><D127/><U44/><E109/><V68/><F23/><W64/><G116/><T17/><D28/><U55/><E104/><V117/><F117/><W107/><G130/><T13/><D4/><U67/><E133/><V129/><F129/><W121/><G121/><T41/><D99/><U61/><E95/><V119/><F119/><W110/><G110/><T114/><D114/><U126/><E126/><V92/><REACH who="2" step="1"/><F90/><REACH who="2" ten="324,234,182,250" step="2"/><W25/><G8/><AGARI ba="0,1" hai="8,9,11,38,42,45,60,66,68,88,92,96,120,122" machi="8" ten="40,5200,0" yaku="1,1,2,1,54,1,53,0" doraHai="81" doraHaiUra="78" who="2" fromWho="3" sc="324,0,234,0,182,62,250,-52" />
</Scene>
<Scene>
<INIT seed="2,0,0,0,3,76" ten="324,234,244,198" oya="2" hai0="112,82,108,93,11,65,37,75,41,58,135,57,44" hai1="51,132,99,86,84,0,6,49,96,109,1,87,81" hai2="24,80,131,56,71,77,27,38,12,100,15,126,90" hai3="34,47,2,133,5,25,95,9,73,7,124,122,66"/><V31/><F71/><W91/><G122/><T48/><D112/><U61/><E109/><V4/><F38/><W17/><G73/><T59/><D108/><U3/><E6/><V54/><F131/><W92/><G133/><T88/><D135/><U114/><E132/><V45/><F126/><W117/><G117/><T30/><D30/><U69/><E114/><V101/><F45/><W97/><G124/><T94/><D11/><U85/><E69/><V19/><F4/><W32/><G5/><T50/><D65/><U53/><E61/><V130/><F130/><W63/><G47/><N who="0" m="25711" /><D75/><U42/><E42/><V106/><F90/><W78/><G78/><T13/><D37/><U123/><E123/><V35/><F27/><W70/><G25/><T26/><D13/><U119/><E119/><V127/><F127/><W111/><G111/><T28/><D26/><U105/><E105/><V113/><F113/><W98/><REACH who="3" step="1"/><G17/><REACH who="3" ten="324,234,244,188" step="2"/><T104/><D28/><U20/><E20/><V103/><F19/><W89/><AGARI ba="0,1" hai="2,7,9,32,34,63,66,70,89,91,92,95,97,98" machi="89" ten="20,8000,1" yaku="1,1,2,1,0,1,7,1,9,1,53,0" doraHai="76" doraHaiUra="72" who="3" fromWho="3" sc="324,-20,234,-20,244,-40,188,90" />
</Scene>
<Scene>
<INIT seed="3,0,0,5,2,7" ten="304,214,204,278" oya="3" hai0="73,32,70,108,87,71,27,89,52,114,97,105,119" hai1="29,91,83,11,40,134,56,51,39,103,42,118,90" hai2="20,126,69,2,37,47,45,93,0,25,77,59,122" hai3="68,112,16,58,61,44,43,63,84,46,132,57,65"/><W82/><G112/><T24/><D73/><U92/><E39/><V48/><F69/><W15/><G132/><T28/><D119/><U64/><E134/><V9/><F122/><W50/><G44/><T13/><D114/><U80/><E118/><V55/><F126/><W106/><G106/><T99/><D108/><U113/><E113/><V23/><F77/><W107/><G107/><T124/><D124/><U86/><E29/><V30/><F20/><W19/><G15/><T6/><D27/><U94/><E11/><V78/><F78/><W123/><G123/><T96/><D105/><U18/><E18/><V67/><F93/><W100/><G100/><T110/><D110/><U72/><E72/><V127/><F127/><W1/><G1/><T125/><D125/><U109/><E109/><V10/><F0/><W76/><REACH who="3" step="1"/><G68/><REACH who="3" ten="304,214,204,268" step="2"/><T34/><D71/><U120/><E103/><V98/><F2/><W130/><G130/><T129/><D70/><U101/><E101/><V117/><F117/><W5/><G5/><T135/><D129/><U131/><E131/><V53/><F45/><W133/><G133/><T60/><D13/><U79/><E120/><V3/><F3/><W22/><G22/><N who="0" m="15383" /><D6/><U21/><E21/><V38/><F47/><W81/><G81/><N who="0" m="49391" /><D135/><U31/><E83/><V102/><F23/><W8/><G8/><T85/><D32/><U66/><E80/><V75/><F9/><W115/><G115/><T121/><D34/><U36/><E56/><V95/><F59/><W12/><G12/><T128/><D121/><U26/><E26/><V104/><F25/><RYUUKYOKU ba="0,1" sc="304,-10,214,-10,204,-10,268,30" hai3="16,19,43,46,50,57,58,61,63,65,76,82,84" />
</Scene>
<Scene>
<INIT seed="3,1,1,4,4,96" ten="294,204,194,298" oya="3" hai0="33,5,118,18,11,93,21,27,54,86,43,109,69" hai1="107,74,55,23,73,123,77,36,84,101,2,24,99" hai2="13,44,50,80,117,121,29,119,1,40,91,9,4" hai3="39,72,56,105,125,97,111,108,46,116,106,131,130"/><W20/><G116/><T66/><D118/><U31/><E123/><V15/><F121/><W64/><G72/><T82/><D43/><U45/><E2/><V68/><F68/><W22/><G125/><T87/><D109/><N who="3" m="42057" /><G64/><T126/><D126/><U110/><E110/><V100/><F29/><W135/><G56/><T41/><D41/><U30/><E30/><V79/><F91/><W89/><G135/><T75/><D75/><U49/><REACH who="1" step="1"/><E36/><REACH who="1" ten="294,194,194,298" step="2"/><V3/><F119/><W65/><G39/><T53/><D69/><U8/><E8/><V102/><F117/><W104/><G130/><T35/><D11/><U133/><E133/><V42/><F42/><W10/><G10/><T103/><D35/><U26/><E26/><V57/><F15/><W76/><G131/><T14/><D27/><U25/><E25/><V62/><F1/><W52/><G20/><T81/><D21/><U92/><E92/><V16/><F3/><W113/><G22/><T128/><D33/><U0/><E0/><V63/><F4/><W124/><G124/><T112/><D5/><U60/><E60/><V71/><F63/><W90/><G105/><T114/><D14/><U59/><E59/><V88/><F71/><W120/><G106/><T58/><D58/><U122/><E122/><V94/><F57/><W51/><G120/><T70/><D128/><U6/><E6/><V34/><F62/><W28/><G28/><T115/><D70/><U19/><E19/><V47/><F34/><W129/><G104/><T12/><D18/><U38/><E38/><V7/><F7/><W83/><G129/><RYUUKYOKU ba="1,2" sc="294,-10,194,30,194,-10,298,-10" hai1="23,24,31,45,49,55,73,74,77,84,99,101,107" />
</Scene>
<Scene>
<INIT seed="4,2,2,0,0,16" ten="284,224,184,288" oya="0" hai0="60,132,108,40,27,130,10,2,115,94,129,125,111" hai1="64,100,71,82,90,20,38,124,95,106,89,134,83" hai2="117,73,45,85,69,102,122,70,107,84,59,55,80" hai3="58,119,31,65,96,41,29,19,28,66,75,135,99"/><T93/><D115/><U113/><E38/><V24/><F122/><W53/><G119/><T44/><D125/><U11/><E124/><V3/><F3/><W91/><G75/><T123/><D123/><U104/><E71/><V121/><F121/><W47/><G135/><T49/><D132/><U88/><E134/><V15/><F117/><W36/><G19/><T98/><D60/><U7/><E64/><V87/><F45/><W9/><G9/><T78/><D78/><U37/><E37/><V13/><F107/><W33/><G33/><T23/><D2/><U128/><E113/><V48/><F102/><W17/><G17/><N who="0" m="12783" /><D10/><U21/><E128/><N who="0" m="49257" /><D94/><U79/><E106/><V120/><F120/><W51/><G65/><T5/><D5/><U52/><E104/><V26/><F73/><W39/><G66/><T6/><D6/><U86/><E82/><V42/><F80/><W97/><REACH who="3" step="1"/><G39/><REACH who="3" ten="284,224,184,278" step="2"/><T61/><D61/><U110/><E11/><V54/><F70/><W22/><G22/><T62/><D62/><U127/><E20/><V126/><F69/><W109/><G109/><T35/><D35/><U118/><E21/><V46/><F126/><W68/><G68/><T81/><D81/><U32/><E127/><V92/><F48/><W76/><G76/><T63/><D63/><U14/><E32/><V8/><F8/><W12/><G12/><T25/><D25/><U56/><E14/><V74/><F15/><W18/><G18/><T4/><D4/><U116/><E7/><V1/><F13/><W131/><G131/><T34/><D34/><U103/><E79/><RYUUKYOKU ba="2,3" sc="284,15,224,-15,184,-15,278,15" hai0="40,44,49,93,98,108,111" hai3="28,29,31,36,41,47,51,53,58,91,96,97,99" />
</Scene>
<Scene>
<INIT seed="4,3,3,0,4,27" ten="299,209,169,293" oya="0" hai0="129,98,122,28,112,45,63,74,75,67,2,123,69" hai1="114,12,65,119,49,79,104,46,61,126,56,96,83" hai2="43,93,82,8,64,66,131,10,24,128,111,5,87" hai3="113,130,39,14,34,11,97,21,29,22,100,13,33"/><T133/><D112/><U110/><E126/><V116/><F111/><W121/><G39/><T23/><D2/><U102/><E119/><V55/><F116/><W20/><G113/><T71/><D71/><U18/><E110/><V78/><F43/><W72/><G72/><T52/><D133/><U0/><E114/><V105/><F105/><W127/><G127/><T40/><D129/><N who="2" m="49738" /><F55/><W135/><G130/><T41/><D98/><U60/><E0/><N who="2" m="39" /><F10/><W1/><G135/><T47/><D75/><U42/><E60/><V26/><F93/><W95/><G121/><N who="0" m="46091" /><D74/><U62/><E62/><V120/><F120/><W77/><G1/><T9/><D9/><U17/><REACH who="1" step="1"/><E12/><REACH who="1" ten="299,199,169,293" step="2"/><V89/><F78/><W31/><G77/><T81/><D63/><U6/><E6/><V36/><F36/><W35/><REACH who="3" step="1"/><G14/><REACH who="3" ten="299,199,169,283" step="2"/><T108/><D108/><U4/><E4/><AGARI ba="3,5" hai="4,11,13,20,21,22,29,31,33,34,35,95,97,100" machi="4" ten="50,8000,1" yaku="1,1,2,1,52,2,53,0" doraHai="27" doraHaiUra="68" who="3" fromWho="1" sc="299,0,199,-89,169,0,283,139" />
</Scene>
<Scene>
<INIT seed="5,0,0,4,3,2" ten="299,110,169,422" oya="1" hai0="113,109,17,42,106,38,7,13,53,36,72,105,122" hai1="19,49,28,37,125,22,24,133,107,29,117,96,11" hai2="62,0,103,132,108,60,47,116,32,124,30,130,12" hai3="99,79,73,55,48,51,45,9,59,95,78,91,104"/><U1/><E37/><V89/><F108/><W129/><G129/><T85/><D113/><U43/><E117/><V14/><F116/><W94/><G104/><T119/><D119/><U71/><E71/><V21/><F32/><W50/><G73/><T135/><D72/><U54/><E43/><V33/><F0/><W88/><G9/><T131/><D109/><U64/><E64/><V115/><F33/><W56/><G56/><T52/><D131/><U16/><E133/><V34/><F34/><W98/><G50/><T84/><D135/><U40/><E40/><AGARI ba="0,0" hai="40,45,48,51,55,59,78,79,88,91,94,95,98,99" machi="40" ten="30,7700,0" yaku="7,1,9,1,8,1,54,1" doraHai="2" who="3" fromWho="1" sc="299,0,110,-77,169,0,422,77" />
</Scene>
<Scene>
<INIT seed="6,0,0,5,4,106" ten="299,33,169,499" oya="2" hai0="83,53,100,80,101,24,4,66,97,93,61,9,38" hai1="74,134,90,39,59,113,69,124,70,135,35,31,86" hai2="79,103,51,130,125,89,95,98,105,117,84,94,76" hai3="10,25,67,14,45,111,87,132,88,44,116,28,108"/><V34/><F34/><W16/><G116/><T20/><D38/><U81/><E39/><V85/><F117/><W47/><G67/><T92/><D53/><U1/><E113/><V5/><F5/><W123/><G132/><T27/><D27/><U127/><E1/><V131/><F51/><W107/><G107/><T65/><D65/><U7/><E7/><V30/><F30/><W49/><G123/><T23/><D23/><U50/><E50/><V115/><F115/><W29/><G29/><T13/><D93/><U42/><E42/><V126/><F85/><W54/><G111/><T120/><D101/><U110/><E59/><V55/><F55/><W52/><G54/><T119/><D120/><U58/><E58/><V104/><F95/><N who="3" m="54687" /><G108/><T43/><D43/><U112/><E110/><V12/><F12/><W114/><G114/><T40/><D40/><U2/><E112/><V128/><REACH who="2" step="1"/><F105/><REACH who="2" ten="299,33,159,499" step="2"/><W82/><G28/><T72/><D119/><U46/><E2/><V18/><F18/><W21/><G16/><T68/><D72/><U26/><E74/><V37/><F37/><W8/><G52/><T129/><D129/><U0/><E0/><V102/><F102/><W64/><G14/><T71/><D100/><U48/><E48/><V91/><F91/><W77/><G49/><T41/><D4/><U22/><E35/><V118/><F118/><W121/><G121/><T56/><D13/><U11/><E90/><V73/><F73/><W78/><G45/><T96/><D66/><U6/><E46/><V33/><F33/><W63/><G47/><T15/><D15/><RYUUKYOKU ba="0,1" sc="299,-10,33,-10,159,30,499,-10" hai2="76,79,84,89,94,98,103,104,125,126,128,130,131" />
</Scene>
<Scene>
<INIT seed="6,1,1,3,4,135" ten="289,23,189,489" oya="2" hai0="118,93,30,3,49,77,13,73,52,92,46,125,33" hai1="31,75,134,7,117,78,22,57,54,86,59,71,19" hai2="18,102,50,100,126,106,108,12,89,115,128,27,29" hai3="42,24,95,68,60,81,99,48,5,55,14,41,111"/><V63/><F115/><W131/><G111/><T124/><D3/><U109/><E134/><V40/><F128/><W98/><G68/><T122/><D122/><U10/><E109/><V16/><F108/><W32/><G60/><T28/><D118/><U43/><E117/><V120/><F120/><W11/><G131/><T17/><D77/><U58/><E75/><V36/><F36/><W84/><G24/><T110/><D73/><U64/><E71/><V90/><F63/><W23/><G23/><N who="0" m="11695" /><D110/><U6/><E64/><V132/><F132/><W35/><G35/><T51/><D51/><U70/><E70/><V87/><F106/><W104/><G98/><T88/><D33/><U121/><E121/><V44/><F126/><N who="0" m="48746" /><D93/><U85/><E43/><V47/><F40/><W4/><G32/><T130/><D130/><U9/><E54/><V37/><F50/><W82/><G95/><T26/><D26/><N who="1" m="16855" /><E78/><V8/><F37/><W34/><G34/><T114/><D114/><U83/><E19/><V112/><F112/><W80/><G42/><T133/><D133/><U79/><E85/><V105/><F87/><W66/><G84/><T119/><D119/><U61/><E61/><V21/><F105/><W15/><G104/><T69/><D69/><U38/><E38/><V0/><F0/><W107/><G41/><T39/><D39/><U53/><E53/><V1/><F1/><W25/><G55/><T72/><D72/><U113/><E113/><V97/><F18/><W123/><G107/><T76/><D76/><U94/><E94/><V62/><F16/><W67/><G123/><RYUUKYOKU ba="1,1" sc="289,15,23,15,189,-15,489,-15" hai0="28,30,46,49,52,88,92" hai1="6,7,9,10,57,58,59,79,83,86" />
</Scene>
<Scene>
<INIT seed="7,2,1,3,1,30" ten="304,38,174,474" oya="3" hai0="41,132,104,81,115,117,86,10,22,66,55,113,125" hai1="74,78,126,56,48,135,9,82,108,67,84,100,42" hai2="29,20,80,46,130,131,65,63,43,103,88,95,85" hai3="21,129,123,114,98,121,4,73,5,92,7,97,36"/><W27/><G36/><T16/><D104/><U32/><E135/><V111/><F111/><W35/><G35/><T90/><D132/><U51/><E126/><V122/><F122/><W8/><G73/><T105/><D105/><U18/><E108/><V62/><F20/><W79/><G79/><T110/><D110/><U83/><E100/><V93/><F29/><W112/><G8/><T91/><D125/><U87/><E74/><V118/><F118/><W23/><G129/><N who="2" m="49161" /><F103/><N who="3" m="60839" /><G98/><T15/><D117/><U3/><E3/><V57/><F63/><W38/><G38/><AGARI ba="2,1" hai="38,43,46,57,62,65,80,85,88,93,95" m="49161" machi="38" ten="30,2000,0" yaku="19,1,54,1" doraHai="30" who="2" fromWho="3" sc="304,0,38,0,174,36,474,-26" owari="304,10.0,38,-46.0,210,-19.0,448,55.0" />
</Scene>
</mjloggm>