<mjloggm ver="2.3"><GO type="169" lobby="0"/><UN n0="%E3%83%94%E3%83%A7%E3%83%B3%E5%90%89" n1="%E3%81%B3%E3%82%8A%E3%81%B3%E3%82%8A%E2%98%86%E3%83%93%E3%83%AA%E3%83%BC" n2="%E3%83%86%E3%83%88%E3%83%A9" n3="%E5%A4%AA%E3%81%8F%E3%81%AA%E3%81%84%E3%81%8A" dan="17,18,16,18" rate="2162.25,2147.13,2106.85,2169.79" sx="F,M,F,M"/><TAIKYOKU oya="0"/>

<Scene>
<INIT seed="0,0,0,1,5,32" ten="250,250,250,250" oya="0" hai0="113,93,130,97,43,78,95,25,38,105,128,87,42" hai1="131,94,56,109,121,126,27,17,53,16,135,40,92" hai2="14,59,112,108,2,35,57,9,61,82,98,101,67" hai3="77,134,127,99,46,84,4,31,120,70,119,110,116"/><T125/><D113/><U12/><E121/><V39/><F112/><W48/><G70/><T74/><D125/><U15/><E126/><V132/><F108/><W60/><G127/><T50/><D38/><U83/><E109/><V49/><F132/><W118/><G110/><T103/><D25/><U11/><E135/><V114/><F39/><W102/><G134/><T5/><D5/><U8/><E131/><V6/><F35/><W63/><G31/><T117/><D117/><U44/><E83/><V72/><F72/><W45/><G120/><T107/><D50/><N who="1" m="26887" /><E27/><V21/><F114/><W19/><G4/><T28/><D28/><U80/><E80/><V51/><F82/><W58/><G84/><T96/><D74/><U68/><E68/><V33/><F33/><W41/><G77/><T76/><D87/><U29/><E29/><V89/><F89/><W85/><G85/><T62/><REACH who="0" step="1"/><D103/><REACH who="0" ten="240,250,250,250" step="2"/><U24/><E24/><V20/><F6/><W133/><G133/><T22/><D22/><U124/><E124/><V36/><F21/><W104/><G102/><T111/><D111/><U64/><E11/><V30/><F20/><W3/><G118/><T37/><D37/><U0/><E8/><V123/><F9/><W13/><G116/><T18/><D18/><U129/><E16/><V91/><F101/><W34/><G119/><T115/><D115/><U65/><E17/><V66/><F30/><W69/><G34/><T55/><D55/><U10/><E10/><V47/><F67/><N who="1" m="25673" /><E129/><V79/><F51/><N who="3" m="27055" /><G19/><T90/><D90/><U122/><E53/><V75/><F91/><RYUUKYOKU ba="0,1" sc="240,30,250,-10,250,-10,250,-10" hai0="42,43,62,76,78,93,95,96,97,105,107,128,130" />
</Scene>
<Scene>
<INIT seed="0,1,1,1,2,58" ten="270,240,240,240" oya="0" hai0="132,88,123,61,20,75,49,44,112,111,96,131,9" hai1="67,4,114,41,133,28,22,98,8,90,99,109,89" hai2="6,76,86,102,104,113,46,68,14,70,108,126,100" hai3="87,93,23,64,21,65,0,37,33,101,103,119,43"/><T73/><D112/><U91/><E114/><V26/><F113/><W106/><G33/><T42/><D123/><U62/><E109/><V12/><F108/><W117/><G0/><T60/><D111/><U118/><E118/><V63/><F126/><W79/><G106/><T38/><D131/><U66/><E133/><V7/><F86/><W82/><G37/><T17/><D132/><U83/><E83/><V39/><F26/><W105/><G105/><T135/><D38/><U5/><E41/><V77/><F39/><W55/><G43/><T30/><D135/><U134/><E134/><V3/><F104/><W95/><G55/><T25/><D75/><U48/><E48/><V47/><REACH who="2" step="1"/><F3/><REACH who="2" ten="270,240,230,240" step="2"/><W36/><G36/><T107/><D73/><U69/><E99/><V53/><F53/><W94/><G119/><T57/><D107/><U78/><E98/><V72/><F72/><W13/><G117/><T18/><D9/><U127/><E8/><V35/><F35/><W85/><G85/><T31/><D57/><U50/><E127/><V125/><F125/><W80/><G87/><T130/><D130/><U128/><E128/><V1/><F1/><W56/><G56/><T15/><D31/><U122/><E28/><V27/><F27/><W54/><G54/><T120/><D120/><U10/><E122/><V59/><F59/><W51/><G51/><T115/><D115/><U32/><E50/><V74/><F74/><W81/><G79/><T19/><D15/><U129/><E78/><V97/><F97/><W45/><G13/><T84/><D96/><U24/><E129/><RYUUKYOKU ba="1,2" sc="270,15,240,-15,230,15,240,-15" hai0="17,18,19,20,25,30,42,44,49,60,61,84,88" hai2="6,7,12,14,46,47,63,68,70,76,77,100,102" />
</Scene>
<Scene>
<INIT seed="0,2,2,1,0,29" ten="285,225,245,225" oya="0" hai0="109,87,12,9,24,122,34,15,114,44,111,94,36" hai1="101,3,70,11,30,96,37,41,81,91,93,26,74" hai2="62,131,124,83,66,121,27,90,73,68,118,135,60" hai3="47,84,65,25,72,49,80,59,115,58,22,21,105"/><T43/><D114/><U53/><E70/><V40/><F121/><W51/><G115/><T20/><D122/><U102/><E53/><V103/><F118/><W88/><G105/><T31/><D20/><U61/><E61/><V2/><F2/><W4/><G72/><T107/><D107/><U77/><E41/><V1/><F1/><W120/><G120/><T46/><D46/><U10/><E37/><V95/><F124/><W69/><G4/><T16/><REACH who="0" step="1"/><D12/><REACH who="0" ten="275,225,245,225" step="2"/><U133/><E3/><V63/><F131/><W79/><G21/><T13/><D13/><U42/><E10/><V86/><F135/><W92/><G47/><T110/><D110/><U104/><E133/><V55/><F66/><W19/><G65/><T112/><D112/><U18/><E104/><V17/><F68/><W106/><G106/><T126/><D126/><U97/><E11/><V89/><F27/><W56/><REACH who="3" step="1"/><G69/><REACH who="3" ten="275,225,245,215" step="2"/><T5/><D5/><U33/><E26/><V23/><F23/><W35/><G35/><T117/><D117/><U71/><E33/><V38/><F38/><W14/><G14/><T8/><D8/><U78/><E71/><V52/><F73/><W54/><G54/><T39/><D39/><U7/><E7/><V75/><F52/><W6/><G6/><T116/><D116/><U99/><E74/><V85/><F75/><W76/><G76/><T48/><D48/><U128/><E78/><V132/><F55/><W134/><G134/><T100/><D100/><U57/><E77/><V119/><F103/><W82/><G82/><T108/><D108/><U113/><E102/><RYUUKYOKU ba="2,4" sc="275,15,225,-15,245,-15,215,15" hai0="9,15,16,24,31,34,36,43,44,87,94,109,111" hai3="19,22,25,49,51,56,58,59,79,80,84,88,92" />
</Scene>
<Scene>
<INIT seed="0,3,4,0,0,70" ten="290,210,230,230" oya="0" hai0="53,128,127,80,12,65,110,20,18,59,82,85,35" hai1="0,48,38,98,92,93,25,52,122,120,109,33,41" hai2="58,134,29,96,107,113,1,95,2,88,72,45,40" hai3="64,89,4,73,36,125,11,97,39,57,24,99,115"/><T51/><D35/><U9/><E109/><V3/><F113/><W34/><G115/><T112/><D112/><U111/><E111/><V67/><F134/><W132/><G73/><T116/><D110/><U28/><E41/><V124/><F124/><W94/><G125/><T102/><D127/><U46/><E38/><V10/><F72/><W47/><G132/><T42/><D116/><U55/><E93/><V14/><F107/><W74/><G74/><T135/><D135/><U68/><E68/><V106/><F106/><W22/><G34/><T61/><D42/><U84/><E84/><V133/><F29/><W126/><G126/><T26/><D102/><U81/><E81/><V76/><F76/><W7/><G97/><T32/><D128/><U50/><E9/><V66/><F58/><W130/><G130/><T62/><D85/><U30/><E30/><V86/><F96/><W123/><G123/><T31/><REACH who="0" step="1"/><D61/><REACH who="0" ten="280,210,230,230" step="2"/><U49/><E122/><V17/><REACH who="2" step="1"/><F133/><REACH who="2" ten="280,210,220,230" step="2"/><W44/><G99/><T23/><D23/><U104/><E98/><V108/><F108/><W63/><G22/><T77/><D77/><U75/><E75/><V129/><F129/><W43/><G63/><T103/><D103/><U90/><E33/><V8/><F8/><W60/><G11/><T121/><D121/><U119/><E120/><V6/><F6/><W21/><G4/><T19/><D19/><U78/><E28/><V83/><F83/><W100/><G7/><T13/><D13/><U37/><E119/><V118/><F118/><W5/><G5/><T114/><D114/><U54/><E0/><RYUUKYOKU ba="3,6" sc="280,15,210,-15,220,15,230,-15" hai0="12,18,20,26,31,32,51,53,59,62,65,80,82" hai2="1,2,3,10,14,17,40,45,66,67,86,88,95" />
</Scene>
<Scene>
<INIT seed="0,4,6,4,2,14" ten="295,195,235,215" oya="0" hai0="116,106,33,63,83,68,52,100,133,110,18,108,24" hai1="7,122,0,61,69,114,55,2,90,8,112,5,48" hai2="71,135,64,60,89,31,131,47,128,73,27,3,40" hai3="29,57,15,95,113,67,16,37,38,80,109,4,97"/><T17/><D116/><U19/><E122/><V125/><F73/><W81/><G113/><N who="1" m="43626" /><E90/><V111/><F111/><N who="0" m="42538" /><D133/><U78/><E78/><V119/><F119/><W58/><G109/><T66/><D83/><U77/><E77/><V99/><F125/><W88/><G4/><N who="1" m="1610" /><E19/><N who="0" m="7177" /><D106/><U118/><E8/><V102/><F128/><W49/><G81/><T104/><D104/><U25/><E25/><V23/><F131/><W79/><G80/><T76/><D76/><U127/><E127/><V105/><F135/><W9/><G79/><T85/><D85/><U132/><E132/><V84/><F3/><W26/><G26/><T107/><D52/><U53/><E118/><V22/><F84/><W121/><G121/><T101/><D107/><U43/><E55/><V124/><F124/><W134/><G134/><T11/><D11/><U126/><E126/><V28/><F105/><W36/><G9/><T13/><D13/><U70/><E0/><V65/><F27/><W75/><G15/><T130/><D130/><U93/><E2/><V51/><F102/><W32/><G75/><T30/><AGARI ba="4,6" hai="24,30,33,63,66,68,100,101" m="7177,42538" machi="30" ten="30,12000,1" yaku="14,1,10,1,52,3" doraHai="14" who="0" fromWho="0" sc="295,192,195,-44,235,-44,215,-44" />
</Scene>
<Scene>
<INIT seed="0,5,0,0,1,96" ten="487,151,191,171" oya="0" hai0="25,7,100,63,57,126,69,128,97,15,38,31,95" hai1="14,47,75,46,120,58,107,19,131,127,51,18,20" hai2="112,108,132,130,103,123,22,33,49,113,99,86,43" hai3="64,60,83,110,44,36,24,52,68,116,102,135,90"/><T71/><D38/><U122/><E75/><V34/><F123/><W12/><G116/><T50/><D126/><U79/><E127/><V70/><F70/><W54/><G110/><T40/><D128/><U26/><E131/><V87/><F108/><W76/><G135/><T61/><D61/><U124/><E124/><V81/><F132/><W77/><G24/><T62/><D62/><U98/><E79/><V67/><F130/><W80/><G12/><T27/><D27/><U109/><E109/><V72/><F72/><W66/><G90/><T1/><D1/><U111/><E111/><V5/><F5/><W45/><G60/><T117/><D50/><U74/><E74/><V21/><F49/><W118/><G36/><T42/><D69/><U59/><E122/><V39/><F99/><W17/><G68/><T82/><D82/><U48/><E120/><V73/><F73/><W16/><G118/><T29/><D71/><U41/><E98/><V94/><F81/><W93/><G93/><T115/><D115/><U4/><E107/><V119/><F119/><W55/><G55/><N who="0" m="34239" /><D31/><U88/><E88/><V28/><F39/><W65/><G66/><T114/><D114/><U125/><E125/><V56/><F67/><W8/><G8/><N who="0" m="4511" /><D117/><U6/><E6/><V11/><F34/><W92/><G92/><T9/><D9/><N who="1" m="6479" /><E4/><V106/><F33/><W85/><G85/><T37/><D37/><U133/><E133/><V105/><F106/><W23/><G23/><AGARI ba="5,0" hai="23,25,29,40,42,95,97,100" m="4511,34239" machi="23" ten="30,2900,0" yaku="8,1,52,1" doraHai="96" who="0" fromWho="3" sc="487,44,151,0,191,0,171,-44" />
</Scene>
<Scene>
<INIT seed="0,6,0,5,4,55" ten="531,151,191,127" oya="0" hai0="67,38,66,98,29,1,103,10,52,60,81,88,125" hai1="99,8,47,109,83,71,33,124,85,75,89,5,93" hai2="23,128,42,96,15,126,25,30,134,41,108,76,114" hai3="101,6,119,117,54,22,111,26,56,92,14,133,95"/><T19/><D38/><U127/><E71/><V27/><F114/><W123/><G111/><T107/><D29/><U97/><E33/><V36/><F108/><W82/><G133/><T120/><D120/><U32/><E32/><V73/><F134/><W51/><G123/><T48/><D60/><U18/><E109/><V122/><F122/><W63/><G82/><T12/><D1/><U7/><E75/><V21/><F36/><W79/><G79/><T116/><D125/><N who="1" m="48203" /><E47/><V100/><F128/><W106/><G106/><T91/><D116/><U44/><E44/><V131/><F15/><W50/><G117/><T104/><D104/><U20/><E8/><V86/><F73/><W69/><G119/><T65/><REACH who="0" step="1"/><D81/><REACH who="0" ten="521,151,191,127" step="2"/><U61/><E61/><V9/><F126/><W135/><G135/><T16/><D16/><U45/><E83/><V53/><F131/><W58/><G69/><T35/><D35/><U0/><E0/><V90/><F30/><N who="3" m="17751" /><G51/><T28/><D28/><U64/><E5/><V78/><F27/><W31/><G31/><T84/><D84/><U80/><E7/><V17/><F25/><W37/><G37/><T102/><D102/><U74/><E85/><V24/><F86/><W13/><G101/><T43/><D43/><U113/><E80/><V49/><F17/><W121/><G121/><T40/><D40/><U34/><E18/><V77/><F24/><W94/><G6/><T72/><D72/><U46/><E74/><V3/><F42/><W118/><G118/><T2/><D2/><U132/><E34/><V129/><F41/><W87/><G87/><RYUUKYOKU ba="6,1" sc="521,15,151,-15,191,-15,127,15" hai0="10,12,19,48,52,65,66,67,88,91,98,103,107" hai3="13,14,50,54,56,58,63,92,94,95" />
</Scene>
<Scene>
<INIT seed="0,7,1,1,3,73" ten="536,136,176,142" oya="0" hai0="78,82,68,111,102,63,18,58,128,132,131,35,116" hai1="16,14,40,95,2,87,51,41,104,83,101,27,126" hai2="36,71,135,49,129,26,89,133,62,28,130,47,84" hai3="75,108,22,76,96,81,10,72,66,1,57,25,109"/><T55/><D116/><U21/><E2/><V88/><F36/><W59/><G72/><T124/><D124/><U8/><E104/><V107/><F107/><W42/><G42/><T120/><D120/><U13/><E126/><V110/><F110/><N who="3" m="42603" /><G66/><T7/><D35/><U113/><E113/><V3/><F3/><W74/><G74/><T33/><D33/><U15/><E8/><V12/><F12/><W30/><G96/><T50/><D7/><AGARI ba="7,1" hai="1,7,10,22,25,30,57,59,75,76,81" m="42603" machi="7" ten="30,2000,0" yaku="14,1,52,1" doraHai="73" who="3" fromWho="0" sc="536,-41,136,0,176,0,142,51" />
</Scene>
<Scene>
<INIT seed="1,0,0,1,1,66" ten="495,136,176,193" oya="1" hai0="70,20,27,17,55,41,16,53,6,10,89,51,92" hai1="127,59,124,2,103,34,3,48,65,130,12,40,134" hai2="104,116,24,122,18,30,42,7,52,9,76,126,95" hai3="81,111,100,61,107,90,56,135,91,68,105,113,37"/><U97/><E34/><V62/><F122/><W13/><G113/><T1/><D70/><U118/><E118/><V49/><F116/><W58/><G37/><T15/><D41/><U133/><E12/><N who="2" m="5183" /><F104/><W35/><G35/><T110/><D110/><U39/><E39/><V129/><F129/><W96/><G105/><T4/><D1/><N who="1" m="11" /><E65/><V19/><F126/><N who="1" m="48169" /><E40/><V54/><F76/><W86/><G111/><T109/><D109/><U25/><E25/><V33/><F33/><W106/><G13/><T0/><D0/><U64/><E64/><V78/><F78/><W71/><G135/><N who="1" m="51722" /><E130/><V72/><F72/><W50/><G71/><T14/><D27/><U44/><E44/><N who="2" m="27687" /><F42/><W82/><G68/><T36/><D36/><U93/><E48/><V29/><F95/><W125/><G107/><T23/><D51/><U31/><E59/><N who="2" m="35191" /><F24/><W114/><G125/><T102/><D15/><U119/><E119/><V108/><F108/><W32/><G32/><T45/><D14/><U28/><AGARI ba="0,0" hai="28,31,93,97,103" m="51722,48169,11" machi="28" ten="40,3900,0" yaku="18,1,20,1" doraHai="66" who="1" fromWho="1" sc="495,-13,136,39,176,-13,193,-13" />
</Scene>
<Scene>
<INIT seed="1,1,0,2,0,26" ten="482,175,163,180" oya="1" hai0="55,108,99,17,115,103,134,73,106,14,116,44,93" hai1="78,118,74,75,86,16,45,20,60,88,50,42,23" hai2="25,8,5,119,77,123,114,11,35,112,122,13,133" hai3="65,46,30,94,0,4,21,24,132,131,27,129,61"/><U128/><E118/><V7/><F77/><W101/><G132/><T51/><D108/><U58/><E128/><N who="3" m="49226" /><G46/><T29/><D115/><N who="2" m="44074" /><F119/><W110/><G110/><T135/><D73/><U18/><E78/><V38/><F38/><W126/><G126/><T127/><D116/><U66/><E23/><V121/><F133/><N who="0" m="50698" /><D29/><U9/><E9/><N who="2" m="3659" /><F13/><W120/><G120/><T105/><D127/><U109/><E109/><V80/><F80/><W97/><G4/><T39/><D39/><U47/><E47/><V87/><F87/><W130/><G130/><T89/><D103/><U1/><E1/><V53/><F53/><W59/><G24/><T28/><D55/><U36/><E36/><V3/><F3/><AGARI ba="1,0" hai="0,3,21,27,30,59,61,65,94,97,101" m="49226" machi="3" ten="30,3900,0" yaku="25,1,19,1,52,1" doraHai="26" who="3" fromWho="2" sc="482,0,175,0,163,-42,180,42" />
</Scene>
<Scene>
<INIT seed="2,0,0,0,3,40" ten="482,175,121,222" oya="2" hai0="15,69,98,25,43,36,28,128,67,94,66,32,126" hai1="90,5,111,75,86,50,27,34,133,35,48,7,117" hai2="30,81,103,118,112,121,38,61,13,101,124,83,77" hai3="49,42,122,91,110,134,33,26,116,92,47,125,68"/><V82/><F118/><W12/><G116/><T135/><D126/><U3/><E117/><V79/><F121/><W64/><G122/><T74/><D74/><U11/><E75/><V51/><F112/><W29/><G125/><T96/><D135/><U62/><E133/><V104/><F38/><W72/><G134/><T113/><D113/><U105/><E105/><V41/><F104/><W89/><G72/><T21/><D98/><U53/><E111/><V73/><F124/><W0/><G0/><T39/><D69/><U132/><E132/><V46/><F30/><W127/><G127/><T85/><D85/><U129/><E129/><V59/><F13/><W123/><G123/><T8/><D32/><U22/><E7/><V99/><F99/><W58/><G110/><T131/><D39/><U20/><E20/><V31/><F31/><W55/><G12/><T97/><D97/><U56/><E35/><V102/><REACH who="2" step="1"/><F79/><REACH who="2" ten="482,175,111,222" step="2"/><W108/><G108/><T84/><D96/><U18/><E34/><V88/><F88/><W70/><G91/><N who="0" m="53607" /><D131/><U44/><E90/><V114/><F114/><W100/><G89/><T65/><D128/><U24/><E24/><V45/><F45/><W78/><G78/><T6/><D36/><U37/><E37/><V63/><F63/><N who="3" m="38007" /><G92/><T120/><D120/><U87/><REACH who="1" step="1"/><E50/><REACH who="1" ten="482,165,111,222" step="2"/><V71/><F71/><W17/><G70/><T106/><D106/><U76/><E76/><V19/><F19/><W14/><G68/><T54/><D28/><U109/><E109/><V57/><F57/><W80/><G29/><T93/><D25/><U107/><E107/><RYUUKYOKU ba="0,2" sc="482,-15,165,15,111,15,222,-15" hai1="3,5,11,18,22,27,44,48,53,56,62,86,87" hai2="41,46,51,59,61,73,77,81,82,83,101,102,103" />
</Scene>
<Scene>
<INIT seed="2,1,2,2,0,44" ten="467,180,126,207" oya="2" hai0="25,117,73,79,35,39,93,89,19,7,45,105,95" hai1="99,59,46,48,100,132,85,98,55,33,50,128,43" hai2="83,26,129,37,118,47,54,130,120,92,87,113,58" hai3="15,135,111,71,62,9,86,66,109,114,108,116,5"/><V51/><F113/><W40/><G116/><T28/><D105/><U97/><E33/><V41/><F118/><W64/><G114/><T8/><D117/><U81/><E128/><N who="2" m="49259" /><F120/><W17/><G135/><T57/><D57/><U12/><E132/><V70/><F70/><W119/><G119/><T115/><D19/><U131/><E131/><V77/><F92/><W68/><G40/><N who="0" m="22687" /><D89/><U78/><REACH who="1" step="1"/><E12/><REACH who="1" ten="467,170,126,207" step="2"/><V16/><F26/><W110/><G110/><T72/><D115/><U60/><E60/><N who="2" m="35927" /><F16/><W88/><G17/><T42/><D25/><U65/><E65/><N who="3" m="25194" /><G62/><T123/><D123/><U76/><E76/><V122/><F122/><W6/><G6/><T61/><D7/><U74/><E74/><V11/><F11/><W127/><G127/><T67/><D8/><U38/><E38/><AGARI ba="1,3" hai="37,38,41,47,51,77,83,87" m="35927,49259" machi="38" ten="30,2900,0" yaku="19,1,52,1" doraHai="44" who="2" fromWho="1" sc="467,0,170,-32,126,62,207,0" />
</Scene>
<Scene>
<INIT seed="2,2,0,2,5,85" ten="467,138,188,207" oya="2" hai0="43,16,50,59,123,119,126,66,61,69,75,96,81" hai1="118,27,109,87,36,19,44,31,28,89,7,13,34" hai2="127,77,92,98,120,72,26,3,74,21,5,2,4" hai3="42,6,70,94,135,15,111,63,9,12,8,102,112"/><V45/><F120/><W51/><G111/><T20/><D123/><U71/><E71/><V122/><F122/><W93/><G135/><T60/><D126/><U18/><E109/><V65/><F127/><W79/><G112/><T130/><D130/><U54/><E118/><V106/><F106/><W113/><G113/><T17/><D119/><U73/><E73/><V29/><F65/><W1/><G79/><T114/><D96/><U53/><E7/><V57/><F57/><W25/><G1/><T76/><D114/><U128/><E128/><V82/><F74/><W49/><G25/><T46/><REACH who="0" step="1"/><D20/><REACH who="0" ten="457,138,188,207" step="2"/><U30/><E34/><V86/><F3/><W35/><G35/><T67/><AGARI ba="2,1" hai="16,17,43,46,50,59,60,61,66,67,69,75,76,81" machi="67" ten="20,8000,1" yaku="1,1,2,1,0,1,7,1,54,1,53,0" doraHai="85" doraHaiUra="110" who="0" fromWho="0" sc="457,96,138,-22,188,-42,207,-22" />
</Scene>
<Scene>
<INIT seed="3,0,0,3,3,111" ten="553,116,146,185" oya="3" hai0="13,40,70,34,125,81,21,4,115,77,3,104,32" hai1="80,45,31,78,54,83,27,30,0,64,131,102,128" hai2="127,88,118,107,28,122,100,116,46,103,23,109,76" hai3="52,9,120,108,71,35,51,87,121,36,74,123,20"/><W17/><G74/><T73/><D104/><U135/><E0/><V16/><F109/><W8/><G36/><T79/><D70/><U14/><E135/><V58/><F122/><W2/><G35/><T7/><D79/><U61/><E102/><N who="2" m="38955" /><F107/><W95/><G71/><T38/><D125/><U48/><E14/><N who="2" m="9623" /><F76/><W97/><G108/><T49/><D49/><U89/><E89/><V75/><F75/><W124/><G124/><T106/><D106/><U101/><E101/><V11/><F127/><W18/><G97/><T84/><D84/><U50/><E78/><V93/><F28/><W90/><G2/><T10/><D115/><U96/><E31/><V92/><F92/><W112/><G112/><T69/><D69/><N who="1" m="42127" /><E96/><N who="2" m="57383" /><F118/><W132/><G132/><T15/><D32/><U82/><E30/><V105/><F105/><W85/><G85/><T42/><D34/><U129/><E27/><V99/><F99/><W62/><G121/><T86/><D73/><U56/><E83/><V114/><F114/><W55/><G120/><T130/><D38/><U41/><AGARI ba="0,0" hai="41,45,48,50,54,56,80,82,128,129,131" m="42127" machi="41" ten="30,1100,0" yaku="19,1" doraHai="111" who="1" fromWho="1" sc="553,-3,116,11,146,-3,185,-5" />
</Scene>
<Scene>
<INIT seed="4,0,0,0,3,72" ten="550,127,143,180" oya="0" hai0="117,88,122,47,98,53,127,116,16,82,105,81,23" hai1="2,51,113,121,90,25,57,44,79,107,50,27,67" hai2="43,100,101,74,24,19,111,133,85,131,34,129,56" hai3="9,94,36,118,75,3,110,13,114,54,96,66,91"/><T78/><D122/><U86/><E121/><V97/><F111/><W104/><G110/><T109/><D109/><U87/><E2/><V134/><F74/><W112/><G118/><T4/><D4/><U73/><E73/><V83/><F43/><W45/><G75/><T132/><D132/><N who="2" m="50794" /><F56/><W59/><G3/><T40/><D53/><U65/><E107/><V108/><F108/><W119/><G119/><T21/><D21/><U12/><E113/><N who="3" m="43626" /><G66/><T49/><D127/><U115/><E115/><V38/><F38/><W42/><G104/><T18/><D18/><U48/><E44/><V26/><F97/><W77/><G77/><T61/><D78/><U130/><E130/><N who="2" m="49675" /><F19/><N who="3" m="8623" /><G54/><T60/><D116/><U126/><E67/><V15/><F15/><W84/><G59/><T46/><D117/><U10/><E65/><V0/><F0/><W1/><G1/><T80/><D47/><U31/><E57/><V11/><F11/><W29/><G96/><T106/><D106/><U92/><E10/><V125/><F125/><W68/><G36/><T103/><D105/><U135/><E126/><V128/><N who="2" m="49683" /><V8/><DORA hai="58" /><F8/><W6/><G42/><T52/><D40/><U22/><E135/><V123/><F123/><W17/><G17/><T93/><D103/><N who="2" m="39498" /><F34/><W124/><G124/><T71/><D16/><U35/><E12/><V37/><F37/><W76/><G45/><T120/><D46/><U69/><E35/><V70/><F70/><W28/><G68/><T95/><D71/><U32/><E69/><V64/><F64/><W33/><G33/><T20/><D120/><RYUUKYOKU ba="0,0" sc="550,-10,127,-10,143,30,180,-10" hai2="24,26,83,85" />
</Scene>
<Scene>
<INIT seed="5,1,0,4,4,94" ten="540,117,173,170" oya="1" hai0="77,34,18,83,120,5,124,132,7,105,71,20,84" hai1="126,31,14,6,17,115,107,95,41,76,3,118,32" hai2="82,133,0,125,25,59,121,43,16,33,9,119,134" hai3="64,47,73,19,92,70,99,15,11,89,56,110,4"/><U127/><E118/><V101/><F119/><W130/><G110/><T10/><D34/><U68/><E68/><V114/><F121/><W28/><G73/><T45/><D105/><U91/><E107/><V98/><F125/><N who="1" m="47625" /><E115/><V35/><F114/><W44/><G70/><T40/><D71/><U52/><E76/><V80/><F43/><W60/><G130/><T38/><D132/><N who="2" m="50794" /><F0/><W90/><G28/><T85/><D124/><U53/><E41/><V75/><F59/><W109/><G109/><T37/><D37/><U87/><E6/><V74/><F82/><W22/><REACH who="3" step="1"/><G90/><REACH who="3" ten="540,117,173,160" step="2"/><T57/><D120/><U116/><E116/><V97/><F101/><W100/><G100/><T128/><D5/><U30/><E3/><AGARI ba="1,1" hai="3,4,11,15,19,22,44,47,56,60,64,89,92,99" machi="3" ten="30,7700,0" yaku="1,1,7,1,52,1,53,1" doraHai="94" doraHaiUra="86" who="3" fromWho="1" sc="540,0,117,-80,173,0,160,90" />
</Scene>
<Scene>
<INIT seed="6,0,0,4,3,24" ten="540,37,173,250" oya="2" hai0="135,83,47,60,90,85,97,65,66,52,94,55,98" hai1="62,1,33,37,125,45,102,99,2,128,70,86,72" hai2="19,122,64,8,96,20,100,108,69,74,51,118,103" hai3="57,35,87,124,63,79,105,112,26,133,32,38,117"/><V126/><F118/><W48/><G38/><T3/><D3/><U132/><E72/><V21/><F122/><W101/><G117/><T17/><D135/><U16/><E132/><V113/><F74/><W49/><G133/><T121/><D121/><U88/><E128/><V93/><F113/><W110/><G110/><T11/><D98/><U58/><E125/><V89/><F126/><W111/><G111/><T43/><D11/><U6/><E70/><V115/><F115/><W28/><G35/><T7/><D7/><U50/><E37/><V31/><F108/><W22/><G32/><T71/><D17/><U42/><E33/><V44/><F64/><W12/><G112/><T54/><D66/><U5/><E2/><V0/><F69/><W9/><G101/><T13/><D13/><U10/><E1/><V127/><F127/><W75/><G105/><T53/><D53/><U29/><E29/><V92/><F31/><W36/><G36/><T84/><REACH who="0" step="1"/><D83/><REACH who="0" ten="530,37,173,250" step="2"/><U81/><E16/><V15/><F0/><W56/><G9/><T4/><D4/><U104/><REACH who="1" step="1"/><E10/><REACH who="1" ten="530,27,173,250" step="2"/><V73/><F8/><W67/><G124/><T107/><D107/><U18/><E18/><V40/><F19/><W27/><G12/><T34/><D34/><U91/><E91/><V129/><F15/><W30/><G30/><T131/><D131/><U134/><E134/><V114/><F114/><W130/><G130/><T14/><D14/><U76/><E76/><V106/><F129/><W82/><G28/><T119/><D119/><U109/><E109/><V77/><F77/><W25/><G79/><RYUUKYOKU ba="0,2" sc="530,15,27,15,173,-15,250,-15" hai0="43,47,52,54,55,60,65,71,84,85,90,94,97" hai1="5,6,42,45,50,58,62,81,86,88,99,102,104" />
</Scene>
<Scene>
<INIT seed="7,1,2,4,0,48" ten="545,42,158,235" oya="3" hai0="110,119,82,35,113,95,131,12,94,58,89,134,62" hai1="7,57,130,83,3,109,47,46,81,15,31,100,90" hai2="102,88,122,54,26,93,97,121,107,73,70,128,40" hai3="13,129,118,6,123,1,19,135,74,0,17,77,21"/><W63/><G123/><T56/><D35/><U41/><E109/><V126/><F70/><W59/><G118/><T51/><D110/><U50/><E3/><V116/><F116/><W96/><G6/><T76/><D119/><U18/><E130/><V84/><F128/><W43/><G129/><T124/><D131/><U79/><E100/><V52/><F73/><W104/><G43/><T103/><D103/><U33/><E33/><V127/><F40/><W71/><G71/><T10/><D124/><N who="2" m="47658" /><F26/><W106/><G77/><T60/><D134/><U72/><E31/><V53/><AGARI ba="1,2" hai="52,53,54,84,88,93,97,102,107,121,122" m="47658" machi="53" ten="40,12000,2" yaku="18,1,52,3,54,2" doraHai="48" who="2" fromWho="2" sc="545,-31,42,-31,158,143,235,-61" owari="514,62.0,11,-49.0,301,10.0,174,-23.0" />
</Scene>
</mjloggm>