<mjloggm ver="2.3"><GO type="169" lobby="0"/><UN n0="%61%74%79%61%6E" n1="%E5%A4%AA%E3%81%8F%E3%81%AA%E3%81%84%E3%81%8A" n2="%6E%6B%30%39%31%30" n3="%E7%88%B6%E3%81%A1%E3%82%83%E3%82%93%E8%A6%8B%E3%81%A6%E3%82%8B%EF%BC%9F" dan="17,18,16,17" rate="2155.25,2174.18,2071.14,2150.79" sx="M,M,M,M"/><TAIKYOKU oya="0"/>

<Scene>
<INIT seed="0,0,0,5,3,102" ten="250,250,250,250" oya="0" hai0="45,35,52,9,125,27,24,28,69,116,123,33,118" hai1="81,128,72,70,135,85,32,93,61,16,78,77,114" hai2="112,49,129,34,107,130,0,75,89,122,20,30,131" hai3="36,2,19,124,84,5,8,60,25,1,10,11,101"/><T83/><D123/><U26/><E135/><V103/><F122/><W50/><G36/><T48/><D125/><U79/><E128/><V6/><F112/><W68/><G84/><T92/><D69/><U82/><E114/><V119/><F119/><W74/><G74/><T66/><D66/><U71/><E93/><V39/><F20/><N who="3" m="13471" /><G50/><T91/><D83/><U22/><E77/><V37/><F89/><W44/><G44/><T67/><D67/><U21/><E32/><V43/><F49/><W15/><G101/><T132/><D132/><U17/><REACH who="1" step="1"/><E61/><REACH who="1" ten="250,240,250,250" step="2"/><V94/><F94/><W42/><G60/><T104/><D116/><U64/><E64/><V4/><F34/><W126/><G68/><T46/><D118/><U65/><E65/><V3/><F131/><W97/><G124/><T38/><D92/><U106/><E106/><V110/><F107/><W47/><G126/><T87/><D104/><U53/><E53/><V29/><F43/><W62/><G62/><T40/><D91/><U99/><E99/><V98/><F98/><W96/><G97/><T105/><D105/><U133/><E133/><V108/><F103/><W57/><G96/><T12/><D87/><U127/><E127/><V76/><REACH who="2" step="1"/><F76/><REACH who="2" ten="250,240,240,250" step="2"/><W51/><G42/><N who="0" m="22743" /><D35/><U58/><E58/><V90/><F90/><W54/><G57/><T117/><D117/><U80/><E80/><V13/><F13/><AGARI ba="0,2" hai="13,16,17,21,22,26,70,71,72,78,79,81,82,85" machi="13" ten="30,3900,0" yaku="1,1,7,1,54,1,53,0" doraHai="102" doraHaiUra="88" who="1" fromWho="2" sc="250,0,240,59,240,-39,250,0" />
</Scene>
<Scene>
<INIT seed="1,0,0,5,4,51" ten="250,299,201,250" oya="1" hai0="61,57,63,84,30,25,107,59,71,56,10,36,33" hai1="100,14,4,49,75,133,52,120,118,125,65,18,60" hai2="50,101,112,124,78,127,0,85,45,113,97,44,83" hai3="105,119,86,17,67,102,11,3,135,34,70,41,121"/><U54/><E120/><V81/><F0/><W114/><G121/><T58/><D36/><U76/><E118/><V38/><F38/><W130/><G114/><N who="2" m="44137" /><F83/><W9/><G119/><T129/><D129/><U128/><E128/><V37/><F37/><W99/><G130/><T40/><D40/><U22/><E125/><N who="2" m="48203" /><F50/><W21/><G34/><T90/><D107/><AGARI ba="0,0" hai="44,45,78,81,85,97,101,107" m="48203,44137" machi="107" ten="30,2000,0" yaku="11,1,18,1" doraHai="51" who="2" fromWho="0" sc="250,-20,299,0,201,20,250,0" />
</Scene>
<Scene>
<INIT seed="2,0,0,1,1,20" ten="230,299,221,250" oya="2" hai0="116,31,85,12,122,5,83,117,50,55,23,86,58" hai1="57,69,126,0,110,37,15,84,102,35,42,79,27" hai2="90,40,80,112,65,48,21,70,114,121,104,78,95" hai3="41,63,11,6,13,75,100,9,134,45,25,74,118"/><V39/><F121/><W71/><G118/><N who="0" m="45675" /><D122/><U56/><E0/><V108/><F104/><W76/><G134/><T91/><D85/><U96/><E69/><V53/><F108/><W28/><G100/><T36/><D36/><U7/><E110/><V30/><F40/><W103/><G103/><T92/><D83/><U49/><E37/><V88/><F39/><W4/><G76/><T1/><D1/><U81/><E126/><V125/><F125/><W44/><G71/><T97/><D97/><U135/><E135/><V127/><F127/><W101/><G101/><T124/><D124/><U115/><E115/><V109/><F109/><W106/><G106/><T17/><D31/><N who="1" m="19967" /><E96/><V82/><F82/><W128/><G63/><T3/><D3/><U60/><E60/><V98/><F90/><W99/><G99/><T29/><D29/><U2/><E2/><V72/><F65/><W24/><G28/><T10/><D5/><U133/><E102/><V26/><REACH who="2" step="1"/><F70/><REACH who="2" ten="230,299,211,250" step="2"/><W77/><G41/><T16/><D91/><U119/><E119/><V8/><F8/><W94/><G77/><T87/><D92/><U33/><E133/><V34/><F34/><W64/><G94/><T105/><D105/><U61/><E33/><V129/><F129/><W107/><G107/><T130/><D130/><U89/><E89/><V73/><F73/><W46/><G128/><T131/><D131/><U47/><E79/><V18/><F18/><W19/><G64/><T113/><D113/><U52/><E81/><V111/><F111/><W67/><G67/><T43/><D43/><U66/><E42/><RYUUKYOKU ba="0,1" sc="230,15,299,-15,211,15,250,-15" hai0="10,12,16,17,23,50,55,58,86,87" hai2="21,26,30,48,53,72,78,80,88,95,98,112,114" />
</Scene>
<Scene>
<INIT seed="2,1,1,0,0,37" ten="245,284,226,235" oya="2" hai0="101,18,128,10,31,21,104,102,11,109,103,85,48" hai1="87,91,95,90,113,127,112,47,55,9,53,26,57" hai2="97,84,134,56,7,67,44,96,125,131,14,80,46" hai3="133,6,92,24,107,77,86,126,22,23,64,43,38"/><V70/><F70/><W49/><G107/><T4/><D109/><U45/><E127/><V74/><F74/><W16/><G133/><T19/><D128/><U108/><E108/><V88/><F134/><W121/><G121/><T15/><D104/><U120/><E120/><V78/><F131/><W118/><G118/><T111/><D111/><U94/><E26/><V25/><F125/><W8/><G126/><T75/><D75/><U115/><E9/><N who="2" m="4415" /><F25/><W0/><G38/><T83/><D11/><U34/><E34/><V114/><F114/><W33/><G33/><T65/><D65/><U117/><E117/><V28/><F28/><W68/><G64/><T81/><D31/><U110/><E110/><V41/><F78/><W73/><G68/><T100/><D100/><U69/><E69/><V39/><F39/><W1/><G73/><T116/><D116/><U106/><E106/><V76/><F76/><W3/><G77/><T62/><D62/><U40/><E57/><V50/><F44/><W119/><G119/><T42/><D85/><U99/><REACH who="1" step="1"/><E47/><REACH who="1" ten="245,274,226,235" step="2"/><V89/><F89/><W5/><G24/><N who="0" m="14391" /><D4/><U93/><E93/><V35/><F35/><W32/><G92/><T30/><D30/><U82/><E82/><V13/><F13/><W63/><G32/><T58/><D83/><U27/><E27/><V51/><F67/><W52/><G1/><T12/><D12/><U130/><E130/><V20/><F20/><W79/><G0/><T72/><D15/><U17/><E17/><V36/><F56/><N who="3" m="32783" /><G3/><T98/><D58/><U129/><E129/><V60/><F60/><RYUUKYOKU ba="1,2" sc="245,-15,274,15,226,15,235,-15" hai1="40,45,53,55,87,90,91,94,95,99,112,113,115" hai2="36,41,46,50,51,80,84,88,96,97" />
</Scene>
<Scene>
<INIT seed="2,2,2,5,1,91" ten="230,289,241,220" oya="2" hai0="123,0,15,12,58,102,112,52,108,117,127,24,85" hai1="43,133,28,129,135,31,23,49,14,46,42,7,79" hai2="9,120,10,64,11,76,32,119,118,20,60,121,88" hai3="51,84,68,59,47,83,63,78,93,21,55,6,50"/><V35/><F88/><W65/><G6/><T19/><D112/><U29/><E129/><V45/><F45/><W98/><G21/><N who="0" m="13375" /><D123/><N who="2" m="47178" /><F76/><W16/><G16/><T40/><D0/><U106/><E106/><V1/><F60/><W25/><G25/><T115/><D115/><U4/><E43/><V122/><F64/><W67/><G67/><T75/><D75/><U13/><E79/><V126/><N who="2" m="47186" /><V96/><DORA hai="107" /><F96/><W30/><G30/><T114/><D114/><U124/><E124/><V125/><F1/><W92/><REACH who="3" step="1"/><G98/><REACH who="3" ten="230,289,241,210" step="2"/><T101/><D127/><N who="2" m="48650" /><F20/><W82/><G82/><T5/><D15/><U128/><E14/><V34/><AGARI ba="2,3" hai="9,10,11,32,34,35,118,119" m="48650,47186" machi="34" ten="60,12000,1" yaku="28,2,18,1,34,2" doraHai="91,107" who="2" fromWho="2" sc="230,-42,289,-42,241,156,210,-42" />
</Scene>
<Scene>
<INIT seed="2,3,0,2,3,70" ten="188,247,397,168" oya="2" hai0="48,4,121,101,67,86,6,95,76,61,2,64,103" hai1="28,83,9,21,35,37,3,118,126,102,120,77,131" hai2="0,14,90,114,111,18,15,50,68,19,135,25,42" hai3="107,104,97,29,1,98,91,36,79,27,22,134,129"/><V13/><F114/><W11/><G129/><T119/><D121/><U20/><E118/><V46/><F0/><W34/><G134/><T74/><D74/><U89/><E102/><V17/><F68/><W12/><G79/><T128/><D2/><U87/><E131/><V5/><F135/><W51/><G51/><T71/><D128/><U31/><E120/><V133/><F133/><W26/><G1/><T85/><D48/><U41/><E126/><V16/><F111/><W81/><G36/><T54/><D71/><U47/><E35/><V117/><F117/><W38/><G38/><T116/><D95/><U30/><REACH who="1" step="1"/><E77/><REACH who="1" ten="188,237,397,168" step="2"/><V94/><F25/><W132/><G34/><T75/><D76/><U56/><E56/><V78/><F78/><W23/><G27/><T72/><D72/><U112/><E112/><V63/><F63/><W58/><G58/><T92/><D75/><U127/><E127/><V33/><F33/><W82/><G132/><T32/><D61/><U84/><E84/><N who="2" m="52551" /><F18/><W122/><G26/><T59/><D32/><U49/><E49/><V80/><F17/><W73/><G73/><T10/><D116/><U109/><E109/><V93/><F16/><W8/><G122/><T69/><D69/><U40/><E40/><V123/><F19/><W45/><G23/><T7/><D119/><U65/><E65/><V60/><F60/><W62/><G22/><T125/><D67/><U100/><E100/><V130/><F130/><W108/><G62/><T53/><D64/><U57/><E57/><V110/><F123/><W24/><G108/><T88/><D125/><RYUUKYOKU ba="3,1" sc="188,-10,237,30,397,-10,168,-10" hai1="3,9,20,21,28,30,31,37,41,47,83,87,89" />
</Scene>
<Scene>
<INIT seed="3,4,1,5,5,31" ten="178,267,387,158" oya="3" hai0="24,34,83,23,51,11,104,93,72,1,44,84,96" hai1="102,69,4,118,12,63,68,107,46,25,123,70,95" hai2="48,77,29,35,21,27,89,117,38,90,113,108,33" hai3="7,131,22,42,130,57,9,41,82,106,49,135,13"/><W91/><G106/><T50/><D72/><U37/><E123/><V43/><F38/><W45/><G135/><T120/><D104/><U64/><E118/><V124/><F117/><W28/><G57/><T126/><D126/><U105/><E105/><V132/><F132/><W94/><G82/><T129/><D129/><U128/><E128/><V32/><F124/><W6/><G6/><T115/><D120/><U79/><E95/><V30/><F113/><W16/><G28/><T60/><D60/><U92/><E92/><V110/><F30/><W58/><G58/><T76/><D115/><U119/><E25/><V97/><F77/><W20/><G42/><T80/><D80/><U65/><E79/><V88/><REACH who="2" step="1"/><F97/><REACH who="2" ten="178,267,377,158" step="2"/><W127/><G127/><T62/><D96/><U26/><E37/><V116/><F116/><W66/><G66/><T0/><D76/><U122/><E64/><V133/><F133/><W17/><G131/><T59/><D1/><U87/><E65/><V71/><F71/><W53/><G130/><T52/><D0/><U111/><E69/><V86/><F86/><N who="3" m="52599" /><G41/><T39/><D39/><U15/><E70/><V5/><F5/><W8/><G7/><T121/><D121/><U36/><E4/><V99/><F99/><W75/><G75/><T98/><D98/><U3/><E3/><V134/><F134/><W100/><G100/><T40/><D40/><U61/><E102/><V78/><F78/><W101/><G101/><T74/><D74/><U54/><E122/><V73/><F73/><W81/><G81/><T55/><D83/><U103/><E119/><RYUUKYOKU ba="4,2" sc="178,-15,267,-15,377,15,158,15" hai2="21,27,29,32,33,35,43,48,88,89,90,108,110" hai3="8,9,13,16,17,20,22,45,49,53" />
</Scene>
<Scene>
<INIT seed="3,5,2,0,4,61" ten="163,252,392,173" oya="3" hai0="104,89,120,3,50,20,131,82,5,15,124,76,25" hai1="9,56,66,117,1,41,55,74,125,135,37,0,116" hai2="111,132,26,32,106,28,45,126,12,19,10,27,134" hai3="6,38,87,36,90,59,86,102,21,44,96,62,77"/><W68/><G68/><T65/><D120/><U8/><E74/><V133/><F106/><W24/><G6/><T129/><D124/><U110/><E125/><V13/><F45/><W67/><G77/><T72/><D3/><N who="1" m="1099" /><E110/><V23/><F126/><W113/><G113/><T101/><D89/><U51/><E135/><V130/><F111/><W53/><G36/><T30/><D50/><U17/><E17/><N who="2" m="8343" /><F130/><N who="0" m="49674" /><D65/><U73/><E73/><V121/><F121/><W123/><G123/><T60/><D60/><N who="1" m="38151" /><E41/><V99/><F99/><W112/><G112/><T2/><D2/><U71/><E71/><V92/><F92/><N who="3" m="58631" /><G38/><T85/><D72/><U48/><E48/><V43/><F43/><W22/><G44/><T98/><D5/><U93/><E37/><V103/><F103/><W34/><G34/><T97/><D97/><U114/><E114/><V128/><F128/><W69/><G69/><T105/><D15/><AGARI ba="5,2" hai="13,15,19,23,26,27,28,32,132,133,134" m="8343" machi="15" ten="30,3900,0" yaku="20,1,34,2" doraHai="61" who="2" fromWho="0" sc="163,-54,252,0,392,74,173,0" />
</Scene>
<Scene>
<INIT seed="4,0,0,2,2,133" ten="109,252,466,173" oya="0" hai0="96,56,123,22,114,122,58,97,12,79,132,91,113" hai1="83,63,101,86,131,36,16,64,61,116,77,66,28" hai2="80,54,100,10,26,104,115,129,59,103,0,44,41" hai3="107,15,87,108,18,112,102,25,74,34,130,17,1"/><T68/><D68/><U49/><E36/><V51/><F115/><N who="0" m="44042" /><D132/><U13/><E116/><V3/><F129/><W5/><G74/><T134/><D134/><U128/><E28/><V69/><F69/><W42/><G112/><T71/><D71/><U32/><E32/><V30/><F80/><W76/><G130/><N who="1" m="49706" /><E101/><V121/><F121/><N who="0" m="46090" /><D79/><U109/><E49/><V4/><F3/><W65/><G65/><N who="1" m="25194" /><E109/><V37/><REACH who="2" step="1"/><F104/><REACH who="2" ten="109,252,456,173" step="2"/><W27/><G107/><T7/><D58/><U75/><E75/><V29/><F29/><W78/><G108/><T45/><D56/><U125/><E125/><V92/><F92/><W127/><G127/><T53/><D45/><U24/><E24/><V19/><F19/><W11/><G18/><T70/><D70/><U50/><E16/><V126/><F126/><W67/><G17/><T23/><D7/><U38/><E83/><V62/><F62/><W40/><G5/><T72/><D72/><U31/><E61/><V81/><F81/><W95/><G95/><T39/><D12/><U99/><E13/><V117/><F117/><W111/><G15/><T60/><D60/><U82/><E63/><V85/><F85/><W89/><G87/><T94/><D97/><U73/><E99/><V2/><F2/><W106/><G1/><T21/><D39/><U43/><E38/><V110/><F110/><W119/><G111/><T135/><D135/><U93/><E73/><V84/><F84/><W105/><G119/><T35/><D35/><AGARI ba="0,1" hai="0,4,10,26,30,35,37,41,44,51,54,59,100,103" machi="35" ten="30,2000,0" yaku="1,1,7,1,53,0" doraHai="133" doraHaiUra="9" who="2" fromWho="0" sc="109,-20,252,0,456,30,173,0" />
</Scene>
<Scene>
<INIT seed="5,0,0,1,2,16" ten="89,252,486,173" oya="1" hai0="84,101,50,14,131,5,120,12,34,108,110,132,77" hai1="11,25,33,64,35,85,27,91,7,66,121,8,6" hai2="4,81,29,125,104,74,9,67,72,113,115,39,90" hai3="45,18,13,107,82,109,128,52,51,47,73,19,26"/><U63/><E121/><V78/><F104/><W38/><G109/><T41/><D101/><U28/><E85/><N who="2" m="48311" /><F39/><W23/><G128/><T92/><D34/><U116/><E91/><V71/><F125/><W86/><G107/><T68/><D68/><U15/><E116/><V22/><F90/><N who="3" m="51543" /><G38/><T118/><D118/><U65/><E27/><N who="2" m="16631" /><F67/><W10/><G73/><T102/><D131/><U127/><E127/><V1/><F71/><W83/><G83/><T43/><D120/><U129/><E129/><V48/><F48/><W135/><G135/><T97/><D132/><U30/><E30/><V124/><F124/><W49/><G49/><T17/><D108/><U117/><E117/><V80/><F80/><W54/><G54/><T106/><D110/><U96/><E96/><V62/><F62/><W98/><G98/><T76/><D76/><U60/><REACH who="1" step="1"/><E35/><REACH who="1" ten="89,242,486,173" step="2"/><V134/><F134/><W42/><G42/><T31/><D43/><U46/><E46/><AGARI ba="0,1" hai="10,13,18,19,23,26,45,46,47,51,52" m="51543" machi="46" ten="30,7700,0" yaku="25,1,8,1,52,1,54,1" doraHai="16" who="3" fromWho="1" sc="89,0,242,-77,486,0,173,87" />
</Scene>
<Scene>
<INIT seed="6,0,0,0,5,58" ten="89,165,486,260" oya="2" hai0="72,81,65,11,32,52,47,133,46,64,23,28,135" hai1="35,69,84,48,27,92,41,19,85,30,96,79,25" hai2="95,4,15,123,55,9,13,34,50,16,2,20,36" hai3="38,89,94,24,87,99,37,82,90,112,122,66,88"/><V3/><F36/><W107/><G122/><T77/><D32/><U120/><E69/><V119/><F119/><W125/><G37/><T68/><D11/><U111/><E111/><V49/><F34/><W131/><G38/><T86/><D72/><U45/><E120/><V12/><F3/><W21/><G107/><T75/><D75/><U110/><E110/><V18/><F18/><W1/><G131/><T29/><D64/><U132/><E132/><V73/><F73/><W93/><G125/><T56/><D68/><U43/><E43/><V126/><F126/><W104/><G104/><T109/><D109/><U6/><E6/><V113/><F113/><W39/><G39/><T76/><D65/><U129/><E79/><V78/><F78/><W108/><G108/><T97/><D97/><U17/><E129/><V42/><F123/><W31/><G112/><T0/><D0/><U51/><E51/><V80/><F80/><W100/><G1/><T121/><D121/><U83/><E83/><V22/><F22/><W103/><G66/><T101/><D101/><U57/><E57/><N who="2" m="33007" /><F95/><W106/><G106/><T105/><D105/><U91/><E19/><V71/><F71/><W117/><G117/><T63/><D77/><U5/><E5/><V128/><F128/><W67/><G94/><T115/><D115/><U26/><E17/><V74/><F74/><W59/><G100/><T14/><D14/><U127/><E127/><V53/><F42/><W124/><G124/><T62/><D23/><U116/><E116/><V98/><F98/><W134/><G99/><T118/><D118/><RYUUKYOKU ba="0,0" sc="89,-15,165,15,486,15,260,-15" hai1="25,26,27,30,35,41,45,48,84,85,91,92,96" hai2="2,4,9,12,13,15,16,20,50,53" />
</Scene>
<Scene>
<INIT seed="6,1,0,4,1,126" ten="74,180,501,245" oya="2" hai0="18,6,14,77,19,102,131,78,81,106,90,124,26" hai1="132,12,29,130,37,43,125,110,93,17,133,20,15" hai2="24,69,68,96,10,135,53,66,72,13,36,1,16" hai3="80,73,31,98,38,45,108,64,117,28,7,61,92"/><V55/><F72/><W70/><G108/><T134/><D124/><U86/><E125/><V74/><F74/><W115/><G117/><T52/><D134/><N who="1" m="51819" /><E110/><V47/><F1/><W57/><G7/><T49/><D106/><U128/><E29/><V41/><F96/><W0/><G0/><T22/><D102/><U118/><E118/><V58/><F66/><W79/><G115/><T111/><D111/><U60/><E60/><V91/><F91/><W46/><G45/><T23/><D6/><U107/><E107/><V8/><F55/><W42/><G70/><T56/><REACH who="0" step="1"/><D131/><REACH who="0" ten="64,180,501,245" step="2"/><U119/><E119/><V11/><F135/><W99/><G99/><T9/><D9/><U105/><E105/><V65/><F11/><W39/><G39/><T59/><D59/><U122/><E37/><V54/><F10/><W84/><G98/><T32/><D32/><U85/><E128/><V127/><F58/><W123/><G38/><T75/><D75/><U88/><E130/><V101/><F101/><W94/><G73/><T76/><D76/><U112/><E112/><V35/><F127/><W48/><G79/><T62/><D62/><U95/><E122/><V97/><F8/><W5/><G5/><T63/><D63/><U103/><E103/><V100/><F100/><W114/><G123/><T121/><D121/><U51/><E86/><AGARI ba="1,1" hai="14,18,19,22,23,26,49,52,56,77,78,81,86,90" machi="86" ten="40,5200,0" yaku="1,1,8,1,54,1,53,0" doraHai="126" doraHaiUra="116" who="0" fromWho="1" sc="64,65,180,-55,501,0,245,0" />
</Scene>
<Scene>
<INIT seed="7,0,0,5,3,88" ten="129,125,501,245" oya="3" hai0="83,53,123,22,20,114,46,133,21,116,94,74,102" hai1="62,55,29,126,27,75,14,0,16,69,1,117,7" hai2="119,118,40,77,132,79,56,78,128,87,71,44,43" hai3="66,130,33,15,70,95,124,49,52,115,127,64,80"/><W111/><G33/><T25/><D116/><U103/><E75/><V90/><F71/><W76/><G111/><T65/><D123/><U54/><E117/><V58/><F132/><W39/><G39/><T106/><D106/><U67/><E126/><V96/><F128/><W57/><G130/><T42/><D133/><U24/><E103/><V99/><F119/><W32/><G32/><T131/><D131/><U12/><E12/><V93/><F118/><W23/><G70/><T2/><D2/><U135/><E135/><V9/><F9/><W35/><G35/><T92/><D65/><U101/><E101/><N who="2" m="60559" /><F99/><W73/><G115/><T86/><D74/><U5/><E0/><V36/><F36/><W107/><G107/><T129/><D129/><U18/><E1/><V8/><F8/><W91/><G127/><T72/><D72/><U105/><E105/><V113/><F113/><W68/><G68/><T30/><D102/><U10/><E5/><V37/><F43/><W38/><G38/><T82/><D114/><U100/><E100/><V34/><F34/><W4/><G4/><T134/><D134/><U13/><E29/><V120/><F120/><W45/><G124/><T81/><D86/><U48/><E7/><V125/><F125/><W11/><G66/><T121/><D121/><U51/><E55/><V85/><F85/><W6/><G52/><T122/><D122/><U108/><E108/><V41/><F41/><W17/><G64/><T59/><D42/><U112/><E112/><V104/><F104/><W63/><G73/><T89/><D53/><U109/><E109/><RYUUKYOKU ba="0,0" sc="129,-10,125,-10,501,30,245,-10" hai2="37,40,44,56,58,77,78,79,87,90" owari="119,-28.0,115,-38.0,531,62.0,235,4.0" />
</Scene>
</mjloggm>