<mjloggm ver="2.3"><GO type="169" lobby="0"/><UN n0="%52%69%2D%4D%6F%2D" n1="%53%48%49%53%55%4B%45" n2="%E5%A4%AA%E3%81%8F%E3%81%AA%E3%81%84%E3%81%8A" n3="%E8%88%AC%E5%8D%93%E6%B0%91%E3%81%AE%E6%9C%9D%E3%81%AF%E6%97%A9%E3%81%84" dan="16,17,17,16" rate="2053.03,2096.84,2210.21,2088.03" sx="M,M,M,F"/><TAIKYOKU oya="0"/>

<Scene>
<INIT seed="0,0,0,5,4,63" ten="250,250,250,250" oya="0" hai0="16,89,76,19,35,87,13,11,84,99,104,82,64" hai1="3,62,5,80,101,59,22,94,48,30,32,115,134" hai2="126,92,0,70,42,68,117,110,1,114,81,120,73" hai3="46,54,116,57,102,10,91,100,97,123,107,21,119"/><T88/><D35/><U124/><E32/><V31/><F120/><W53/><G123/><T67/><D76/><U6/><E124/><V79/><F114/><W34/><G34/><T15/><D99/><U69/><E115/><V93/><F126/><W111/><G111/><T130/><D104/><U96/><E134/><V28/><F110/><W90/><G10/><N who="0" m="6199" /><D130/><U103/><E103/><V2/><F42/><W72/><G72/><T43/><D43/><U125/><E125/><V44/><F44/><W85/><G46/><T17/><D17/><U131/><E131/><V71/><REACH who="2" step="1"/><F117/><REACH who="2" ten="250,250,240,250" step="2"/><W65/><G119/><T24/><D24/><U45/><E45/><V14/><F14/><W61/><G61/><T77/><BYE who="3" /><D77/><UN n3="%E8%88%AC%E5%8D%93%E6%B0%91%E3%81%AE%E6%9C%9D%E3%81%AF%E6%97%A9%E3%81%84" /><U33/><E62/><V18/><F18/><W20/><G116/><T83/><AGARI ba="0,1" hai="11,15,19,64,67,82,83,84,87,88,89" m="6199" machi="83" ten="30,12000,1" yaku="8,1,52,2,54,2" doraHai="63" who="0" fromWho="0" sc="250,130,250,-40,240,-40,250,-40" />
</Scene>
<Scene>
<INIT seed="0,1,0,5,4,129" ten="380,210,200,210" oya="0" hai0="104,88,80,57,22,39,41,14,53,34,109,120,31" hai1="2,26,91,19,21,58,127,43,134,18,65,42,5" hai2="116,45,95,135,25,96,69,122,38,75,103,35,111" hai3="133,1,66,87,37,70,112,61,17,119,77,27,74"/><T114/><D114/><U8/><E127/><V64/><F122/><W16/><G112/><T32/><D120/><U113/><E113/><V29/><F75/><W97/><G119/><T107/><D39/><U131/><E131/><V4/><F116/><W100/><G1/><T118/><D41/><U123/><E123/><V115/><F115/><W6/><G6/><T52/><D118/><U12/><E91/><V78/><F78/><W76/><G74/><T90/><D109/><U117/><E117/><V124/><F124/><W67/><G37/><T83/><D14/><U128/><E128/><V84/><F111/><W86/><G133/><T3/><D22/><U46/><E134/><V7/><F135/><W79/><G66/><T81/><D3/><U110/><E110/><V59/><F59/><W40/><G40/><T130/><D130/><U50/><E58/><V126/><F126/><W99/><G27/><T28/><D83/><U102/><E65/><V105/><F45/><W60/><G60/><T132/><D132/><U33/><E102/><V85/><F38/><W63/><G63/><T20/><D20/><U10/><E33/><V89/><REACH who="2" step="1"/><F85/><REACH who="2" ten="380,210,190,210" step="2"/><W98/><REACH who="3" step="1"/><G100/><REACH who="3" ten="380,210,190,200" step="2"/><T51/><REACH who="0" step="1"/><D57/><REACH who="0" ten="370,210,190,200" step="2"/><U48/><E43/><V47/><F47/><W54/><G54/><T121/><D121/><U108/><E108/><V92/><F92/><W24/><G24/><T94/><D94/><U30/><E42/><V11/><F11/><W101/><G101/><T72/><D72/><U82/><E10/><V125/><F125/><W73/><G73/><T56/><D56/><U106/><E46/><RYUUKYOKU ba="1,3" sc="370,10,210,-30,190,10,200,10" hai0="28,31,32,34,51,52,53,80,81,88,90,104,107" hai2="4,7,25,29,35,64,69,84,89,95,96,103,105" hai3="16,17,61,67,70,76,77,79,86,87,97,98,99" />
</Scene>
<Scene>
<INIT seed="0,2,3,2,0,115" ten="380,180,200,210" oya="0" hai0="122,116,32,1,94,131,26,56,5,108,80,49,17" hai1="124,85,70,128,4,8,18,133,22,60,13,77,96" hai2="52,14,0,120,11,114,92,135,39,19,86,105,102" hai3="119,99,118,68,90,88,123,89,107,30,98,93,79"/><T10/><D122/><U58/><E70/><V21/><F114/><W40/><G68/><T62/><D116/><N who="3" m="44585" /><G40/><T27/><D49/><U35/><E35/><V109/><F120/><W71/><G71/><T84/><D94/><U106/><E106/><V130/><F39/><W134/><G123/><T16/><D27/><U51/><E96/><V103/><F105/><W69/><G69/><T9/><D9/><U117/><E51/><V76/><F0/><W74/><G134/><T7/><D7/><U110/><E133/><V75/><F135/><W3/><G3/><T65/><D32/><U43/><E43/><V54/><F75/><W44/><G44/><T67/><D26/><U101/><E4/><V20/><F20/><W82/><G30/><T25/><D1/><U100/><E22/><V132/><F132/><W59/><G59/><T31/><D56/><U41/><E41/><V64/><F64/><W61/><G61/><T53/><D62/><U37/><E60/><V12/><F21/><W36/><G36/><T95/><D65/><U121/><E58/><V87/><F11/><W6/><G6/><T81/><D5/><U15/><E37/><V66/><F66/><W63/><G63/><T29/><D67/><U2/><E2/><V34/><F34/><W104/><G99/><T126/><D10/><U28/><E8/><V46/><F46/><W129/><G129/><T112/><D131/><U57/><E128/><V23/><F130/><W24/><G24/><T47/><D25/><U45/><E121/><V97/><F97/><W48/><G48/><T78/><D112/><RYUUKYOKU ba="2,3" sc="380,-10,180,-10,200,-10,210,30" hai3="74,79,82,88,89,90,93,98,104,107" />
</Scene>
<Scene>
<INIT seed="1,3,3,0,5,100" ten="370,170,190,240" oya="1" hai0="34,88,132,75,68,65,97,4,110,24,116,106,105" hai1="6,104,74,54,95,43,15,21,71,77,58,121,128" hai2="113,86,109,53,111,102,42,96,107,46,0,19,59" hai3="3,91,13,11,60,125,131,40,93,25,51,130,37"/><U16/><E121/><V64/><F0/><W14/><G37/><T126/><D116/><U61/><E128/><N who="3" m="49194" /><G125/><T117/><D117/><U103/><E71/><V63/><F113/><W56/><G25/><T135/><D126/><U133/><E133/><N who="0" m="51273" /><D75/><U62/><E43/><V10/><F86/><N who="3" m="52471" /><G3/><T45/><D4/><U36/><E36/><V78/><F78/><W5/><G13/><T48/><D110/><N who="2" m="41994" /><F10/><W127/><G127/><T112/><D112/><U134/><E134/><V35/><F19/><W122/><G122/><T119/><D119/><U26/><E77/><V87/><F87/><W2/><G2/><T124/><D124/><U73/><E73/><V118/><F35/><W115/><G115/><T98/><D65/><U33/><E74/><V79/><F79/><W81/><G81/><T1/><D68/><U120/><E120/><V7/><F7/><W101/><G101/><T32/><D1/><U82/><E82/><V20/><F20/><W80/><G80/><T72/><D72/><U8/><E33/><N who="0" m="12905" /><D24/><U55/><E26/><V29/><F118/><W69/><G69/><T129/><D129/><U22/><E22/><V66/><F29/><W57/><G60/><T12/><D12/><U123/><E123/><V83/><F83/><W50/><G40/><N who="0" m="24615" /><D88/><U89/><E6/><V39/><AGARI ba="3,3" hai="39,42,46,53,59,63,64,66,96,102,107" m="41994" machi="39" ten="30,2000,0" yaku="14,1,52,1" doraHai="100" who="2" fromWho="2" sc="370,-8,170,-13,190,59,240,-8" />
</Scene>
<Scene>
<INIT seed="2,0,0,2,3,62" ten="362,157,249,232" oya="2" hai0="31,113,98,112,35,33,54,118,77,109,59,45,76" hai1="117,17,134,14,72,41,95,128,48,23,57,124,114" hai2="81,10,39,7,26,104,110,19,88,28,94,40,121" hai3="20,108,21,8,22,127,100,0,44,36,24,51,79"/><V15/><F104/><W107/><G108/><T38/><D109/><U126/><E117/><V1/><F110/><W16/><G127/><T58/><D118/><U135/><E72/><V25/><F121/><W71/><G36/><T11/><D11/><U63/><E114/><V34/><F81/><W82/><G71/><T132/><D54/><U37/><E37/><V29/><F39/><W64/><G64/><T4/><D38/><U60/><E60/><V123/><F40/><W50/><G50/><T52/><D52/><N who="1" m="34215" /><E95/><V96/><F123/><W66/><G66/><T120/><D120/><U101/><E101/><V3/><REACH who="2" step="1"/><F7/><REACH who="2" ten="362,157,239,232" step="2"/><W30/><G107/><T70/><D4/><U27/><E41/><V89/><F89/><W103/><G82/><T55/><D113/><U65/><E126/><V106/><F106/><W90/><G90/><T32/><D112/><U129/><E124/><V9/><F9/><W61/><G8/><T47/><D76/><U69/><E129/><V102/><F102/><W67/><G79/><T73/><D77/><U74/><E128/><V75/><F75/><W46/><G100/><T97/><D73/><U5/><E74/><V87/><F87/><W53/><G103/><T92/><D98/><U13/><E5/><V84/><F84/><W111/><G111/><T86/><D97/><U122/><E122/><V119/><F119/><W12/><G0/><T116/><D86/><U6/><E6/><V43/><F43/><W115/><G115/><T80/><D80/><U93/><E93/><V105/><F105/><W78/><G78/><T99/><D116/><RYUUKYOKU ba="0,1" sc="362,-10,157,-10,239,30,232,-10" hai2="1,3,10,15,19,25,26,28,29,34,88,94,96" />
</Scene>
<Scene>
<INIT seed="2,1,1,1,4,47" ten="352,147,269,222" oya="2" hai0="24,68,34,81,59,63,39,25,94,104,35,51,135" hai1="101,43,115,11,1,88,111,18,89,95,42,131,84" hai2="75,20,33,2,36,116,28,126,21,129,12,102,61" hai3="112,4,54,72,6,80,27,62,55,71,119,92,23"/><V96/><F116/><W125/><G119/><T127/><D104/><U113/><E131/><V86/><F75/><W69/><G125/><T15/><D39/><U67/><E111/><V130/><F2/><W85/><G72/><T73/><D127/><U31/><E31/><V106/><F126/><W107/><G107/><T98/><D68/><U123/><E101/><V79/><F36/><W109/><G109/><T122/><D122/><U76/><E76/><V70/><F79/><W77/><G112/><T110/><D110/><U91/><E123/><V64/><F86/><W120/><G120/><T45/><D81/><U46/><E67/><V90/><F90/><W32/><G32/><T56/><D73/><U5/><E18/><N who="2" m="10311" /><F21/><W9/><G9/><T97/><D97/><U93/><E43/><V52/><F52/><W108/><G108/><T132/><D15/><U60/><E60/><V114/><F114/><W99/><G69/><T41/><D35/><U134/><E89/><V10/><F10/><W30/><G71/><T65/><D56/><U37/><E134/><N who="0" m="51241" /><D34/><U49/><E37/><V3/><F3/><W29/><G29/><T57/><D59/><U16/><E16/><V118/><F118/><W124/><G124/><T66/><D66/><U121/><E121/><V14/><F14/><W105/><G105/><T50/><D65/><U117/><E117/><V83/><F83/><W38/><G38/><T58/><D57/><U82/><E82/><V22/><F22/><W26/><G26/><AGARI ba="1,1" hai="26,28,33,61,64,70,96,102,106,129,130" m="10311" machi="26" ten="30,1500,0" yaku="25,1" doraHai="47" who="2" fromWho="3" sc="352,0,147,0,269,28,222,-18" />
</Scene>
<Scene>
<INIT seed="2,2,0,2,5,75" ten="352,147,297,204" oya="2" hai0="49,103,123,4,43,98,42,25,35,0,58,18,110" hai1="79,108,86,82,119,67,55,60,97,128,39,74,24" hai2="15,17,111,133,21,11,29,109,61,44,94,76,32" hai3="64,70,78,124,36,118,132,7,34,120,116,69,19"/><V9/><F61/><W88/><G36/><T72/><D72/><U56/><E119/><V59/><F59/><W113/><G120/><T71/><D71/><U73/><E39/><V57/><F57/><W51/><G34/><T100/><D123/><U3/><E3/><V37/><F94/><W16/><G7/><T6/><D0/><U1/><E1/><V54/><F54/><W2/><G2/><T8/><D35/><U107/><E108/><N who="2" m="41547" /><F44/><W48/><G132/><T84/><D84/><U23/><E128/><V125/><F37/><W102/><G124/><T12/><D25/><U28/><REACH who="1" step="1"/><E67/><REACH who="1" ten="352,137,297,204" step="2"/><V13/><F125/><W66/><G113/><T117/><D110/><U122/><E122/><V27/><F133/><W10/><G116/><T45/><D117/><U26/><E26/><N who="2" m="18487" /><F76/><W5/><G118/><T127/><D127/><U40/><E40/><V62/><F62/><W65/><G69/><T38/><D42/><U85/><E85/><V101/><F101/><AGARI ba="2,1" hai="23,24,28,55,56,60,73,74,79,82,86,97,101,107" machi="101" ten="40,8000,1" yaku="1,1,52,1,53,2" doraHai="75" doraHaiUra="105" who="1" fromWho="2" sc="352,0,137,96,297,-86,204,0" />
</Scene>
<Scene>
<INIT seed="3,0,0,4,5,52" ten="352,233,211,204" oya="3" hai0="47,127,30,72,7,95,124,5,21,35,133,125,37" hai1="22,33,58,119,100,29,128,19,0,97,73,82,38" hai2="75,131,9,107,49,11,130,60,3,24,4,81,94" hai3="77,54,57,91,109,121,103,8,88,67,102,87,113"/><W59/><G121/><T135/><D72/><U85/><E73/><V64/><F107/><W10/><G113/><T89/><D35/><U61/><E38/><V34/><F94/><N who="3" m="54559" /><G77/><T40/><D21/><U110/><E0/><V48/><F11/><N who="3" m="4139" /><G109/><T28/><D7/><U13/><E110/><V104/><F104/><W42/><G42/><T32/><D5/><U70/><E70/><N who="2" m="42247" /><F34/><W126/><G126/><T12/><D12/><U36/><E36/><V66/><F24/><W123/><G123/><T108/><D108/><U96/><E119/><V6/><F6/><W92/><G67/><T80/><D80/><U114/><E114/><V17/><F17/><W26/><G26/><N who="0" m="18455" /><D30/><U56/><E33/><V23/><F23/><W76/><G76/><T71/><D71/><U98/><E29/><V93/><F66/><W50/><G57/><N who="1" m="22122" /><E128/><N who="2" m="49195" /><F93/><W106/><G106/><T122/><D122/><U90/><E61/><V45/><F45/><W25/><G25/><T84/><AGARI ba="0,0" hai="37,40,47,84,89,95,124,125,127,133,135" m="18455" machi="84" ten="40,1500,0" yaku="18,1" doraHai="52" who="0" fromWho="0" sc="352,15,233,-4,211,-4,204,-7" />
</Scene>
<Scene>
<INIT seed="4,0,0,0,0,59" ten="367,229,207,197" oya="0" hai0="95,63,134,121,28,122,20,111,35,110,84,34,50" hai1="96,53,8,132,123,26,5,58,60,16,103,3,71" hai2="130,82,72,114,7,98,69,15,100,85,73,27,39" hai3="66,46,89,68,83,65,128,40,133,62,11,61,115"/><T6/><D134/><U109/><E123/><V74/><F39/><W107/><G107/><T104/><D104/><U118/><E118/><V70/><F114/><W22/><G115/><T93/><D50/><U32/><E132/><V87/><F130/><W125/><G133/><T75/><D75/><U17/><E109/><N who="0" m="41481" /><D63/><N who="3" m="24073" /><G68/><T9/><D84/><U42/><E42/><V90/><F27/><W23/><G125/><T112/><D93/><U77/><E71/><V92/><F7/><W30/><G128/><T44/><D95/><U116/><E77/><V38/><F38/><W78/><G78/><T41/><D112/><U12/><E116/><V79/><REACH who="2" step="1"/><F15/><REACH who="2" ten="367,229,197,197" step="2"/><W64/><G30/><T101/><D28/><U129/><E129/><V81/><AGARI ba="0,1" hai="69,70,72,73,74,79,81,82,85,87,90,92,98,100" machi="81" ten="40,5200,0" yaku="1,1,2,1,0,1,53,0" doraHai="59" doraHaiUra="31" who="2" fromWho="2" sc="367,-26,229,-13,197,62,197,-13" />
</Scene>
<Scene>
<INIT seed="5,0,0,5,1,41" ten="341,216,259,184" oya="1" hai0="33,37,131,66,9,78,29,96,85,67,54,49,52" hai1="102,108,134,82,15,69,77,31,112,72,90,50,132" hai2="40,89,101,135,109,55,93,98,23,121,84,30,12" hai3="11,79,60,14,107,46,111,42,114,59,128,4,16"/><U22/><E69/><V65/><F109/><W129/><G111/><T39/><D33/><U125/><E108/><V95/><F121/><W48/><G107/><T19/><D29/><U116/><E116/><V38/><F135/><W103/><G103/><T133/><D133/><U120/><E120/><V119/><F119/><W104/><G104/><T100/><D131/><N who="3" m="50249" /><G114/><T26/><D39/><U20/><E132/><V25/><F65/><N who="3" m="39071" /><G79/><T21/><D9/><U5/><E134/><V27/><F55/><N who="0" m="21034" /><D49/><U7/><E102/><V70/><F70/><W17/><AGARI ba="0,0" hai="4,11,14,16,17,42,46,48" m="39071,50249" machi="17" ten="30,4000,0" yaku="19,1,52,1,54,1" doraHai="41" who="3" fromWho="3" sc="341,-10,216,-20,259,-10,184,40" />
</Scene>
<Scene>
<INIT seed="6,0,0,0,0,62" ten="331,196,249,224" oya="2" hai0="78,51,127,13,123,8,32,67,77,52,38,0,1" hai1="27,25,35,110,129,117,82,11,39,76,29,105,60" hai2="4,126,43,54,79,50,9,115,56,47,131,114,87" hai3="37,26,104,20,134,14,100,18,23,108,53,98,128"/><V83/><F131/><W57/><G128/><T40/><D123/><U119/><E110/><V97/><F126/><W124/><G124/><T107/><D32/><U112/><E112/><V113/><F97/><W49/><G134/><T109/><D109/><U125/><E125/><V65/><F65/><W70/><G108/><T45/><D107/><U59/><E39/><V36/><REACH who="2" step="1"/><F114/><REACH who="2" ten="331,196,239,224" step="2"/><W12/><G70/><T15/><D67/><U96/><E129/><V55/><F55/><W48/><G37/><T17/><D52/><U72/><E96/><V103/><F103/><W16/><REACH who="3" step="1"/><G49/><REACH who="3" ten="331,196,239,214" step="2"/><T44/><D51/><U28/><E117/><V24/><F24/><AGARI ba="0,2" hai="12,14,16,18,20,23,24,26,48,53,57,98,100,104" machi="24" ten="30,8000,1" yaku="1,1,2,1,7,1,9,1,54,1,53,0" doraHai="62" doraHaiUra="133" who="3" fromWho="2" sc="331,0,196,0,239,-80,214,100" />
</Scene>
<Scene>
<INIT seed="7,0,0,0,0,129" ten="331,196,159,314" oya="3" hai0="98,22,125,130,68,59,99,0,95,52,70,77,55" hai1="93,19,32,101,35,81,117,104,89,74,29,76,58" hai2="79,60,111,14,53,135,85,78,131,128,114,120,20" hai3="87,51,71,119,44,80,25,92,41,45,11,12,16"/><W47/><G119/><T4/><D130/><N who="2" m="49706" /><F111/><W38/><G71/><T26/><D125/><U39/><E117/><V127/><F127/><W110/><G110/><T134/><D134/><U75/><E75/><V36/><F36/><W124/><G124/><T5/><D68/><U40/><E19/><N who="2" m="10359" /><F114/><W63/><G63/><N who="0" m="36327" /><D70/><U97/><E58/><N who="2" m="34895" /><F120/><W107/><G107/><T88/><D0/><U94/><E29/><V1/><F1/><W62/><G62/><T115/><D77/><N who="2" m="29194" /><F85/><W109/><G109/><T61/><D115/><U122/><E122/><V132/><AGARI ba="0,0" hai="132,135" m="29194,34895,10359,49706" machi="132" ten="40,5200,0" yaku="19,1,52,2" doraHai="129" who="2" fromWho="2" sc="331,-13,196,-13,159,52,314,-26" owari="318,42.0,183,-32.0,211,-19.0,288,9.0" />
</Scene>
</mjloggm>