<mjloggm ver="2.3"><GO type="169" lobby="0"/><UN n0="%E6%AD%A3%E4%BD%93%E4%B8%8D%E6%98%8E" n1="%E3%82%B8%E3%82%AE%E3%82%BF%E3%83%AA%E3%82%B9" n2="%E5%B7%B7%E3%81%AE%E3%82%80%E3%81%99%E3%82%81" n3="%E5%A4%AA%E3%81%8F%E3%81%AA%E3%81%84%E3%81%8A" dan="16,16,16,18" rate="2107.47,2142.18,2051.80,2181.71" sx="F,M,M,M"/><TAIKYOKU oya="0"/>

<Scene>
<INIT seed="0,0,0,1,5,0" ten="250,250,250,250" oya="0" hai0="107,28,6,5,17,98,29,62,7,12,113,9,102" hai1="96,37,97,101,8,34,103,89,46,76,43,38,120" hai2="125,87,78,130,31,15,56,86,32,19,25,115,16" hai3="24,112,111,109,110,59,126,63,49,93,47,74,39"/><T122/><D113/><U68/><E34/><V14/><F78/><W80/><G112/><T20/><D122/><U45/><E68/><V71/><F115/><W90/><G39/><T51/><D62/><U95/><E76/><V40/><F71/><W44/><G126/><T114/><D114/><U132/><E132/><V58/><F40/><W60/><G80/><T81/><D81/><U36/><E120/><V35/><F25/><W84/><G74/><T26/><REACH who="0" step="1"/><D51/><REACH who="0" ten="240,250,250,250" step="2"/><U128/><E37/><V53/><F125/><W4/><G49/><T117/><D117/><U83/><E36/><V57/><F130/><W41/><G60/><T73/><D73/><U119/><E83/><V75/><F75/><W92/><G63/><T99/><D99/><U94/><E97/><V127/><F127/><W108/><G108/><T72/><D72/><U61/><E96/><V91/><F86/><W18/><G84/><T135/><D135/><U55/><E61/><V67/><F87/><W21/><G110/><T106/><D106/><U69/><E38/><V88/><F58/><W64/><G59/><T70/><D70/><U131/><E69/><V77/><F57/><W11/><G111/><T85/><D85/><U10/><E119/><V48/><F56/><W42/><G109/><T133/><D133/><U124/><E124/><V121/><F48/><W118/><G118/><T100/><D100/><U116/><E116/><V82/><F121/><W79/><G79/><T1/><D1/><U134/><E134/><V123/><F77/><W129/><G129/><N who="1" m="49738" /><E103/><V33/><F123/><W105/><G105/><RYUUKYOKU ba="0,1" sc="240,30,250,-10,250,-10,250,-10" hai0="5,6,7,9,12,17,20,26,28,29,98,102,107" />
</Scene>
<Scene>
<INIT seed="0,1,1,2,5,39" ten="270,240,240,240" oya="0" hai0="3,93,104,72,25,116,100,101,49,9,16,42,59" hai1="2,92,57,71,108,135,128,26,56,126,106,84,80" hai2="15,107,114,73,82,74,85,13,1,76,70,31,45" hai3="86,41,20,130,68,99,105,53,91,24,10,67,131"/><T34/><D116/><U8/><E106/><V43/><F1/><W54/><G10/><T121/><D121/><U112/><E71/><V102/><F70/><W89/><G67/><T5/><D72/><U111/><E112/><V46/><F46/><W117/><G68/><T30/><D104/><U23/><E126/><V133/><F31/><N who="3" m="17799" /><G117/><T44/><D93/><U66/><E128/><N who="3" m="49194" /><G41/><T55/><REACH who="0" step="1"/><D16/><REACH who="0" ten="260,240,240,240" step="2"/><N who="1" m="12647" /><E92/><V47/><F114/><W119/><G119/><T63/><AGARI ba="1,2" hai="3,5,9,25,30,34,42,44,49,55,59,63,100,101" machi="63" ten="20,7800,0" yaku="1,1,0,1,7,1,52,1,53,0" doraHai="39" doraHaiUra="124" who="0" fromWho="0" sc="260,101,240,-27,240,-27,240,-27" />
</Scene>
<Scene>
<INIT seed="0,2,0,3,2,112" ten="361,213,213,213" oya="0" hai0="46,124,113,11,110,104,28,64,88,40,24,119,97" hai1="22,90,84,15,111,125,73,118,29,131,19,10,99" hai2="56,109,60,130,114,65,81,66,27,116,121,132,25" hai3="12,48,31,42,16,105,128,63,117,5,47,32,135"/><T100/><D113/><U21/><E73/><V57/><F81/><W37/><G105/><T79/><D124/><U26/><E125/><V75/><F75/><W51/><G135/><T1/><D110/><U36/><E36/><V14/><F114/><W20/><G128/><T23/><D79/><U94/><E111/><V95/><F109/><W92/><G5/><T123/><D123/><U43/><E131/><V49/><F121/><W76/><G76/><T18/><D64/><U71/><E71/><V93/><F130/><W67/><G92/><N who="2" m="35401" /><F132/><W126/><G126/><T53/><D53/><U134/><E134/><V122/><F122/><W74/><G74/><T72/><D72/><U59/><E43/><V68/><F68/><W38/><G38/><T39/><D88/><N who="1" m="55751" /><E118/><V78/><F78/><W3/><G3/><T115/><D115/><U127/><E127/><V7/><F66/><W52/><G117/><T120/><D120/><U55/><E90/><V33/><F33/><W106/><G106/><T44/><D44/><U107/><E107/><V83/><F83/><W85/><G85/><T35/><D1/><U87/><E22/><V80/><F80/><W82/><G82/><T102/><D102/><U4/><E29/><V129/><F129/><W6/><G31/><T30/><D30/><U89/><E89/><V69/><F69/><N who="3" m="42239" /><G32/><T86/><D86/><U34/><E34/><V70/><F70/><W101/><G101/><T58/><D100/><U54/><E54/><N who="2" m="31823" /><F116/><W61/><G6/><T9/><D104/><U91/><E91/><V50/><F50/><AGARI ba="2,0" hai="4,10,15,19,21,26,50,55,59,84,87" m="55751" machi="50" ten="30,2000,0" yaku="8,1,54,1" doraHai="112" who="1" fromWho="2" sc="361,0,213,26,213,-26,213,0" />
</Scene>
<Scene>
<INIT seed="1,0,0,1,2,38" ten="361,239,187,213" oya="1" hai0="21,135,43,12,56,44,46,90,57,58,103,118,81" hai1="4,66,105,11,16,50,96,47,61,122,129,68,69" hai2="117,40,65,51,124,71,45,29,6,82,42,83,73" hai3="15,89,92,3,97,52,104,49,34,125,130,1,131"/><U19/><E69/><V37/><F29/><W48/><G34/><T115/><D115/><U9/><E122/><V30/><F30/><W53/><G104/><T26/><D135/><U98/><E129/><N who="3" m="49162" /><G125/><T54/><D118/><U28/><E28/><V32/><F32/><W88/><G15/><T102/><D12/><U87/><E87/><V22/><F6/><W111/><G111/><T99/><D54/><N who="3" m="21097" /><G89/><T80/><D90/><U36/><E36/><V7/><F7/><W79/><G79/><T41/><D99/><U77/><E77/><V70/><F22/><W18/><G18/><T126/><D21/><U72/><E72/><V39/><F73/><W114/><G114/><T93/><D93/><U55/><E9/><V63/><F117/><W5/><G5/><T113/><D113/><U8/><E8/><V67/><F124/><W133/><G133/><T95/><D95/><U13/><REACH who="1" step="1"/><E96/><REACH who="1" ten="361,229,187,213" step="2"/><V35/><F35/><W110/><G110/><T86/><D126/><U27/><E27/><V31/><F31/><W109/><G109/><T108/><D86/><U20/><E20/><V127/><F127/><W116/><G116/><T94/><D108/><U74/><E74/><V128/><F128/><W10/><G10/><T75/><D75/><U78/><E78/><V0/><F0/><AGARI ba="0,1" hai="0,1,3,48,49,88,92,97" m="21097,49162" machi="0" ten="30,3900,0" yaku="19,1,54,2" doraHai="38" who="3" fromWho="2" sc="361,0,229,0,187,-39,213,49" />
</Scene>
<Scene>
<INIT seed="2,0,0,3,0,66" ten="361,229,148,262" oya="2" hai0="19,65,20,126,41,84,89,35,124,100,116,44,70" hai1="98,36,90,103,14,86,133,134,30,63,38,83,4" hai2="115,117,8,135,112,77,87,107,43,130,108,32,60" hai3="95,53,114,106,61,73,96,10,128,72,51,50,29"/><V82/><F107/><W118/><G106/><T62/><D116/><U49/><E63/><V56/><F32/><W102/><G118/><T101/><D35/><U109/><E49/><V59/><F117/><W7/><G29/><T40/><D100/><U92/><E109/><V42/><F108/><W1/><G128/><T85/><D101/><U64/><E30/><V79/><F130/><W11/><G114/><T68/><D68/><U110/><E64/><V80/><F135/><N who="1" m="51721" /><E110/><V111/><F111/><W97/><G61/><T81/><D84/><U21/><E21/><V93/><F93/><W91/><G11/><AGARI ba="0,0" hai="4,11,14,36,38,83,86,90,92,98,103" m="51721" machi="11" ten="30,1000,0" yaku="20,1" doraHai="66" who="1" fromWho="3" sc="361,0,229,10,148,0,262,-10" />
</Scene>
<Scene>
<INIT seed="3,0,0,2,4,117" ten="361,239,148,252" oya="3" hai0="72,118,104,47,46,61,129,91,44,99,88,12,29" hai1="85,83,97,113,93,26,130,116,64,120,55,63,60" hai2="96,84,32,133,28,106,9,112,131,51,114,24,18" hai3="45,124,127,109,81,135,71,37,67,39,50,13,33"/><W132/><G33/><T102/><D118/><U87/><E113/><V0/><F84/><W20/><G81/><T89/><D129/><U19/><E116/><V35/><F51/><W3/><G3/><T119/><D119/><U108/><E130/><V15/><F96/><W77/><G77/><T58/><D72/><U36/><E108/><V101/><F101/><W65/><G13/><T40/><D29/><U4/><E36/><N who="3" m="13898" /><G20/><T57/><D40/><U76/><E4/><N who="2" m="1159" /><F106/><W107/><G107/><T111/><D111/><U98/><E85/><V75/><F75/><W27/><G27/><T1/><D1/><U21/><E93/><V126/><F131/><W6/><G6/><T43/><D43/><U23/><E97/><V94/><F94/><W68/><G109/><T73/><D73/><U82/><E98/><V100/><F100/><W49/><G67/><T30/><D30/><U17/><E64/><V134/><F35/><W7/><G50/><T56/><REACH who="0" step="1"/><D12/><REACH who="0" ten="351,239,148,252" step="2"/><U31/><E31/><V128/><F128/><W10/><G127/><T121/><D121/><U22/><E120/><V38/><F126/><W11/><G124/><T66/><AGARI ba="0,1" hai="44,46,47,56,57,58,61,66,88,89,91,99,102,104" machi="66" ten="30,4000,0" yaku="1,1,0,1,54,1,53,0" doraHai="117" doraHaiUra="16" who="0" fromWho="0" sc="351,50,239,-10,148,-10,252,-20" />
</Scene>
<Scene>
<INIT seed="4,0,0,4,0,62" ten="401,229,138,232" oya="0" hai0="31,29,42,56,53,93,49,92,81,21,127,36,119" hai1="23,16,40,102,103,44,59,5,20,98,55,11,3" hai2="27,38,15,75,84,109,72,87,100,47,118,25,77" hai3="122,33,106,83,68,131,90,132,73,2,9,8,63"/><T7/><D119/><U74/><E23/><V28/><F100/><W30/><G106/><T66/><D127/><U13/><E74/><V65/><F109/><W95/><G131/><T128/><D128/><U82/><E98/><V51/><F38/><W18/><G2/><T130/><D130/><U110/><E82/><V45/><F118/><W94/><G132/><T129/><D129/><U133/><E133/><V34/><F51/><W114/><G114/><T76/><D7/><U4/><E5/><V43/><F43/><W88/><G30/><T123/><D123/><U105/><E105/><V117/><F117/><W115/><G33/><T57/><D42/><U97/><E97/><V79/><F15/><W89/><G115/><T101/><D36/><U58/><E110/><V108/><F108/><W0/><G122/><T112/><D112/><U1/><E1/><V116/><F116/><W22/><G73/><T120/><D120/><U46/><E58/><V78/><F78/><W19/><G83/><T64/><D56/><U6/><E46/><V60/><F60/><W134/><G134/><T39/><D39/><U124/><E6/><V135/><F135/><W37/><G0/><T35/><D35/><U96/><E96/><V12/><F12/><W71/><G68/><T113/><D113/><U91/><E124/><V48/><F28/><W26/><G37/><T111/><D111/><U61/><E91/><V52/><F34/><W121/><G121/><T126/><D126/><U70/><E70/><V32/><F75/><W80/><G71/><T86/><D101/><U24/><E3/><RYUUKYOKU ba="0,0" sc="401,-10,229,30,138,-10,232,-10" hai1="4,11,13,16,20,24,40,44,55,59,61,102,103" />
</Scene>
<Scene>
<INIT seed="5,1,0,4,0,41" ten="391,259,128,222" oya="1" hai0="108,85,21,20,104,30,103,23,100,119,121,4,82" hai1="22,107,58,38,101,135,102,122,1,124,97,12,26" hai2="33,37,18,11,88,116,75,112,72,110,96,65,84" hai3="79,73,66,127,123,87,52,36,3,13,55,89,131"/><U39/><E122/><V70/><F33/><W50/><G36/><T42/><D119/><U76/><E1/><V9/><F110/><W57/><G3/><T24/><D108/><U60/><E76/><V0/><F116/><W31/><G123/><T93/><D104/><U61/><E102/><N who="0" m="38953" /><D121/><U71/><E124/><V53/><F96/><W10/><G127/><T45/><D4/><U43/><E135/><V25/><F53/><W69/><G131/><T130/><D130/><U125/><E125/><V29/><F65/><W44/><G31/><T34/><D34/><U19/><E43/><V80/><F70/><W64/><G69/><T2/><D93/><U74/><E74/><V27/><F37/><W8/><G79/><N who="0" m="46303" /><D2/><U48/><E71/><V134/><F134/><W128/><G73/><T16/><D30/><N who="1" m="17751" /><E107/><V118/><F29/><W35/><G35/><T5/><D5/><U46/><E39/><V59/><F118/><W92/><G128/><T32/><D32/><U62/><E38/><V78/><F75/><W99/><G99/><T132/><D132/><U94/><E94/><V17/><F59/><W47/><G10/><N who="2" m="3593" /><F72/><W54/><G54/><T114/><D114/><U28/><E28/><V126/><F0/><W56/><G66/><T120/><D120/><U7/><E7/><V129/><F126/><W15/><G64/><T51/><AGARI ba="1,0" hai="16,20,21,23,24,42,45,51" m="46303,38953" machi="51" ten="30,4000,0" yaku="8,1,52,1,54,1" doraHai="41" who="0" fromWho="0" sc="391,43,259,-21,128,-11,222,-11" />
</Scene>
<Scene>
<INIT seed="6,0,0,0,3,29" ten="434,238,117,211" oya="2" hai0="60,38,117,45,127,72,76,43,93,21,119,78,66" hai1="36,54,114,85,13,125,8,20,109,39,121,33,129" hai2="25,7,131,2,135,92,56,30,65,103,107,99,58" hai3="95,24,124,1,71,134,23,118,27,52,96,105,55"/><V83/><F2/><W67/><G118/><N who="0" m="45067" /><D72/><U86/><E109/><V89/><F7/><W80/><G105/><T94/><D127/><U126/><E33/><V19/><F19/><W18/><G1/><T120/><D120/><U3/><E121/><V79/><F65/><W14/><G124/><T61/><D61/><U123/><E123/><V46/><F46/><W87/><G134/><T112/><D112/><U111/><E54/><N who="3" m="20522" /><G71/><N who="0" m="42439" /><D21/><U0/><E20/><V49/><F49/><W64/><G14/><T122/><D122/><U17/><E111/><V9/><F9/><W53/><G27/><T44/><D44/><U73/><E73/><V41/><F41/><W113/><G113/><T115/><D115/><U104/><E114/><V84/><F135/><W116/><G53/><T11/><D11/><U98/><E39/><V51/><F51/><W6/><G6/><T108/><D108/><U133/><E36/><V57/><F131/><W47/><G95/><AGARI ba="0,0" hai="38,43,45,76,78,93,94,95" m="42439,45067" machi="95" ten="30,1000,0" yaku="12,1" doraHai="29" who="0" fromWho="3" sc="434,10,238,0,117,0,211,-10" />
</Scene>
<Scene>
<INIT seed="7,0,0,0,5,75" ten="444,238,117,201" oya="3" hai0="35,104,6,119,74,9,0,5,128,11,102,80,15" hai1="33,53,94,109,63,61,62,43,58,123,120,28,101" hai2="68,78,108,56,59,97,19,124,10,25,114,96,17" hai3="106,118,121,90,82,24,107,27,130,70,12,127,47"/><W72/><G70/><T92/><D128/><U65/><E109/><V98/><F68/><W85/><G121/><T88/><D119/><U110/><E110/><V37/><F108/><W73/><G118/><T3/><D35/><U49/><E33/><V8/><F37/><W66/><G66/><T67/><D67/><U105/><E105/><V126/><F114/><W54/><G107/><T16/><D102/><U93/><E28/><V134/><F134/><W45/><G106/><T76/><D104/><U87/><E43/><V79/><F98/><W18/><G127/><T77/><D77/><U86/><E120/><V132/><F132/><W7/><G7/><T40/><D40/><U91/><E123/><V71/><F71/><W64/><G64/><T52/><D52/><U95/><E101/><V48/><F48/><W42/><G47/><T131/><D131/><U69/><E95/><V31/><F25/><W100/><G100/><T46/><D46/><N who="1" m="27831" /><E69/><V4/><F4/><W55/><G24/><T21/><D92/><U122/><E122/><V44/><F44/><W111/><G27/><T34/><D34/><U60/><E93/><V115/><F115/><W41/><G111/><T117/><D117/><U30/><E30/><AGARI ba="0,0" hai="8,10,17,19,30,31,56,59,78,79,96,97,124,126" machi="30" ten="25,6400,0" yaku="22,2,52,2" doraHai="75" who="2" fromWho="1" sc="444,0,238,-64,117,64,201,0" owari="444,55.0,174,-33.0,181,-22.0,201,0.0" />
</Scene>
</mjloggm>