<mjloggm ver="2.3"><GO type="169" lobby="0"/><UN n0="%E3%83%95%E3%83%AA%E3%83%86%E3%83%B3" n1="%EF%BC%88%EF%BC%8A%EF%BC%9E%EF%BC%9C%EF%BC%89" n2="%E3%83%9D%E3%82%B3%E3%83%94%E3%83%B3" n3="%E5%A4%AA%E3%81%8F%E3%81%AA%E3%81%84%E3%81%8A" dan="18,17,16,18" rate="2206.05,2202.49,2050.74,2195.73" sx="M,M,M,M"/><TAIKYOKU oya="0"/>

<Scene>
<INIT seed="0,0,0,0,4,60" ten="250,250,250,250" oya="0" hai0="132,4,18,57,90,0,3,92,21,17,36,20,56" hai1="29,86,107,7,113,88,119,22,134,123,89,64,121" hai2="85,43,129,42,126,70,77,19,35,59,117,45,39" hai3="34,130,68,24,114,65,125,108,91,122,69,30,124"/><T12/><D36/><U52/><E107/><V25/><F126/><N who="3" m="48747" /><G114/><T62/><D132/><U49/><E119/><V31/><F129/><W15/><G130/><T74/><D74/><U61/><E7/><V54/><F117/><W83/><G108/><T100/><D100/><U105/><E105/><V78/><F70/><W95/><G122/><T66/><D4/><U10/><E10/><V101/><F101/><W84/><G15/><T71/><D3/><U102/><E102/><V53/><F43/><W38/><G38/><T44/><D44/><U80/><E113/><V79/><F19/><W2/><G2/><T128/><D0/><U133/><E89/><V47/><F47/><W106/><G106/><T109/><D109/><U104/><E104/><V28/><F28/><W127/><G127/><T99/><REACH who="0" step="1"/><D128/><REACH who="0" ten="240,250,250,250" step="2"/><U120/><E134/><V23/><F45/><W26/><G34/><T135/><D135/><U9/><E133/><V50/><F35/><W32/><G32/><T5/><D5/><U37/><E37/><V48/><F39/><W94/><G30/><T55/><D55/><U110/><E110/><V58/><F42/><W87/><G65/><T6/><D6/><U40/><E64/><V72/><F72/><W67/><G67/><T116/><D116/><U63/><E29/><V11/><F54/><W1/><G1/><T93/><D93/><U41/><E52/><V81/><F53/><W16/><G94/><T103/><D103/><U111/><E111/><V8/><F31/><W51/><G95/><T97/><D97/><U46/><E123/><V112/><F112/><RYUUKYOKU ba="0,1" sc="240,30,250,-10,250,-10,250,-10" hai0="12,17,18,20,21,56,57,62,66,71,90,92,99" />
</Scene>
<Scene>
<INIT seed="0,1,1,3,3,129" ten="270,240,240,240" oya="0" hai0="115,17,103,39,79,16,109,20,64,22,50,49,78" hai1="134,61,128,118,5,4,92,121,100,48,105,57,53" hai2="13,90,96,99,77,59,113,110,94,36,86,73,63" hai3="35,60,44,102,117,83,37,95,1,66,51,112,76"/><T47/><D115/><U111/><E105/><V91/><F113/><W23/><G35/><T27/><D109/><U38/><E38/><V122/><F122/><W97/><G112/><T56/><D103/><U9/><E121/><V25/><F36/><W82/><G117/><T43/><D39/><U52/><E118/><V88/><F110/><W116/><G116/><T108/><D108/><U93/><E111/><V101/><F73/><W131/><G1/><T135/><D135/><U119/><E119/><V41/><F41/><W28/><G37/><T133/><D133/><U75/><E75/><V19/><F25/><W15/><G15/><BYE who="3" /><N who="0" m="9247" /><D64/><UN n3="%E5%A4%AA%E3%81%8F%E3%81%AA%E3%81%84%E3%81%8A" /><U70/><E128/><V0/><F0/><W46/><G131/><T55/><AGARI ba="1,1" hai="17,22,27,43,47,49,50,55,56,78,79" m="9247" machi="55" ten="30,3000,0" yaku="8,1,54,1" doraHai="129" who="0" fromWho="0" sc="270,43,240,-11,240,-11,240,-11" />
</Scene>
<Scene>
<INIT seed="0,2,0,5,4,131" ten="313,229,229,229" oya="0" hai0="92,120,81,35,97,116,53,27,42,95,30,44,10" hai1="105,89,24,112,84,43,45,122,110,74,90,9,70" hai2="40,101,86,0,4,26,67,134,50,29,25,8,128" hai3="55,11,76,48,130,18,104,108,68,15,107,87,125"/><T91/><D116/><U98/><E74/><V133/><F128/><W7/><G130/><T47/><D120/><U1/><E70/><V16/><F101/><W119/><G119/><T60/><D81/><U63/><E122/><V77/><F67/><W123/><G123/><T69/><D10/><U121/><E121/><V126/><F126/><W19/><G68/><T83/><D83/><U54/><E112/><V75/><F75/><W23/><G125/><T72/><D72/><U36/><E24/><V6/><F6/><W82/><G108/><T127/><D127/><U52/><E110/><V13/><F29/><W59/><REACH who="3" step="1"/><G19/><REACH who="3" ten="313,229,229,219" step="2"/><T39/><D69/><U102/><E63/><V31/><F26/><AGARI ba="2,1" hai="7,11,15,18,23,26,48,55,59,76,82,87,104,107" machi="26" ten="30,8000,1" yaku="1,1,2,1,7,1,53,2" doraHai="131" doraHaiUra="100" who="3" fromWho="2" sc="313,0,229,0,229,-86,219,96" />
</Scene>
<Scene>
<INIT seed="1,0,0,0,1,1" ten="313,229,143,315" oya="1" hai0="105,23,20,113,36,61,9,26,25,57,89,112,43" hai1="107,102,24,11,109,132,62,81,39,29,119,114,10" hai2="64,104,3,58,63,4,22,19,79,116,33,115,91" hai3="98,54,124,118,6,28,108,93,103,70,90,66,87"/><U67/><E39/><V78/><F116/><W101/><G118/><T34/><D105/><U80/><E119/><V14/><F33/><W15/><G108/><T122/><D122/><U38/><E38/><V125/><F115/><W111/><G111/><T73/><D73/><U48/><E114/><V46/><F125/><W45/><G124/><T106/><D106/><U74/><E109/><V126/><F126/><W127/><G127/><T55/><D34/><U30/><E132/><V135/><F135/><W68/><G28/><T37/><D89/><U50/><E30/><V76/><F104/><W82/><G66/><T53/><D9/><U96/><E10/><V88/><REACH who="2" step="1"/><F46/><REACH who="2" ten="313,229,133,315" step="2"/><W75/><G45/><T65/><D112/><U18/><E74/><V32/><F32/><W71/><G75/><T92/><D113/><U0/><E0/><V16/><F16/><W100/><G6/><T123/><D123/><U27/><E18/><V51/><F51/><W69/><G15/><T49/><D36/><U21/><E48/><V131/><F131/><W7/><G7/><T85/><D37/><U83/><E50/><V59/><F59/><W41/><G69/><T99/><D43/><U5/><E27/><V86/><F86/><W97/><G41/><T120/><D85/><U117/><E117/><V94/><F94/><W84/><G84/><T121/><D121/><U8/><REACH who="1" step="1"/><E5/><REACH who="1" ten="313,219,133,315" step="2"/><V130/><F130/><W2/><G2/><T47/><D120/><U110/><E110/><V13/><F13/><W44/><G82/><T52/><D26/><U60/><E60/><V128/><F128/><RYUUKYOKU ba="0,2" sc="313,-30,219,10,133,10,315,10" hai1="8,11,21,24,29,62,67,80,81,83,96,102,107" hai2="3,4,14,19,22,58,63,64,76,78,79,88,91" hai3="44,54,68,70,71,87,90,93,97,98,100,101,103" />
</Scene>
<Scene>
<INIT seed="1,1,2,2,5,123" ten="283,229,143,325" oya="1" hai0="33,17,47,78,63,48,9,28,44,46,108,101,128" hai1="60,13,80,92,66,106,102,38,5,55,52,20,135" hai2="59,68,18,11,61,56,2,91,29,6,111,86,125" hai3="72,88,75,49,39,71,130,15,25,69,50,104,7"/><U98/><E38/><V24/><F125/><W129/><G39/><T134/><D78/><U34/><E34/><V26/><F26/><W30/><G104/><T119/><D101/><U105/><E135/><V43/><F43/><W31/><G15/><T109/><D119/><U35/><E35/><V127/><F127/><W96/><G7/><T23/><D9/><U100/><E80/><V81/><F18/><W116/><G25/><N who="0" m="18575" /><D63/><U112/><E112/><V124/><F124/><W76/><G76/><T57/><D57/><U65/><E5/><V133/><F133/><W107/><G107/><T131/><D48/><U126/><E126/><V77/><F77/><W37/><G37/><T53/><D53/><U12/><E92/><V113/><F113/><W120/><G96/><T95/><D95/><U121/><E20/><V58/><F68/><W1/><G1/><T132/><D132/><U40/><E40/><V79/><F79/><W62/><G62/><T82/><D82/><U21/><E21/><V93/><F81/><W115/><G115/><T64/><D64/><U89/><E60/><V117/><F117/><W27/><G27/><N who="0" m="14831" /><D134/><U22/><E98/><V51/><F51/><W10/><G10/><T16/><D16/><U8/><E8/><V54/><REACH who="2" step="1"/><F111/><AGARI ba="1,2" hai="44,46,47,108,109,111,128,131" m="14831,18575" machi="111" ten="30,7700,0" yaku="14,1,52,3" doraHai="123" who="0" fromWho="2" sc="283,100,229,0,143,-80,325,0" />
</Scene>
<Scene>
<INIT seed="2,0,0,3,1,20" ten="383,229,63,325" oya="2" hai0="99,15,70,105,117,50,53,1,132,129,97,51,68" hai1="47,118,3,107,2,23,45,0,72,88,8,48,103" hai2="85,122,11,19,113,96,33,86,61,6,104,30,37" hai3="81,116,59,130,133,67,24,110,42,58,100,66,64"/><V83/><F122/><W28/><G116/><T92/><D1/><U84/><E72/><V123/><F123/><W95/><G110/><T63/><D117/><U49/><E118/><V21/><F113/><W78/><G133/><T71/><D132/><U22/><E8/><V56/><F37/><W16/><G130/><T102/><D129/><U62/><E62/><V4/><F4/><W39/><G39/><T60/><D15/><U55/><E103/><V54/><F104/><W18/><G42/><T7/><D7/><U75/><E75/><V90/><F96/><W108/><G108/><T65/><D60/><U131/><E107/><V14/><F33/><W32/><G95/><T36/><D36/><U93/><REACH who="1" step="1"/><E131/><REACH who="1" ten="383,219,63,325" step="2"/><V125/><F125/><W38/><G100/><T82/><D63/><U101/><E101/><V57/><F86/><W12/><G38/><T27/><D105/><U77/><E77/><V127/><F127/><W120/><G120/><T52/><D99/><U26/><E26/><N who="2" m="16719" /><F57/><W135/><G135/><T114/><D114/><U111/><E111/><V89/><F6/><W17/><REACH who="3" step="1"/><G12/><REACH who="3" ten="383,219,63,315" step="2"/><T44/><D102/><U34/><E34/><V41/><F41/><AGARI ba="0,2" hai="0,2,3,22,23,41,45,47,48,49,55,84,88,93" machi="41" ten="40,2600,0" yaku="1,1,54,1,53,0" doraHai="20" doraHaiUra="94" who="1" fromWho="2" sc="383,0,219,46,63,-26,315,0" />
</Scene>
<Scene>
<INIT seed="3,0,0,4,2,26" ten="383,265,37,315" oya="3" hai0="54,2,16,25,65,69,29,74,32,80,97,22,38" hai1="47,53,35,62,121,71,107,40,93,129,133,81,127" hai2="86,66,91,95,85,63,113,126,120,12,128,83,96" hai3="60,125,45,70,42,84,105,115,68,67,49,89,102"/><W59/><G115/><T61/><D38/><U46/><E107/><V9/><F113/><W132/><G132/><T43/><D43/><U94/><E35/><V51/><F120/><W27/><G125/><T10/><D54/><U99/><E121/><V101/><F126/><W18/><G105/><T58/><D97/><U88/><E127/><V118/><F118/><W3/><G3/><T108/><D108/><U64/><E133/><V110/><F110/><W17/><G102/><T123/><D123/><U13/><E129/><V21/><F21/><W124/><G124/><T77/><D2/><U48/><E13/><V0/><F0/><W31/><G68/><T82/><D82/><U28/><E28/><V7/><F128/><W75/><G70/><T119/><D119/><U39/><E93/><V117/><F117/><W106/><G75/><T11/><D69/><U55/><E81/><V103/><F85/><W30/><G106/><T15/><AGARI ba="0,0" hai="10,11,15,16,22,25,29,32,58,61,65,74,77,80" machi="15" ten="20,5200,0" yaku="0,1,7,1,52,1,54,1" doraHai="26" who="0" fromWho="0" sc="383,52,265,-13,37,-13,315,-26" />
</Scene>
<Scene>
<INIT seed="4,0,0,2,4,65" ten="435,252,24,289" oya="0" hai0="76,113,96,133,43,87,74,89,54,28,127,17,16" hai1="79,52,25,86,118,112,41,82,104,63,56,131,45" hai2="72,88,83,108,70,132,125,37,130,64,30,19,78" hai3="55,73,9,106,129,69,51,23,42,122,124,29,10"/><T116/><D116/><U103/><E118/><V94/><F108/><W101/><G73/><T107/><D43/><U7/><E131/><V34/><F130/><W115/><G129/><T39/><D39/><U99/><E112/><V60/><F132/><W117/><G117/><T2/><D2/><U18/><E7/><V40/><F125/><W5/><G115/><T85/><D133/><U102/><E102/><V114/><F114/><W95/><G106/><T111/><D87/><U84/><E25/><V93/><F19/><W119/><G119/><T31/><D54/><U105/><E18/><V110/><F110/><W22/><G42/><T6/><D6/><U109/><E109/><V33/><F30/><W97/><G124/><T24/><D31/><U8/><E8/><V44/><REACH who="2" step="1"/><F94/><REACH who="2" ten="435,252,14,289" step="2"/><W36/><G29/><T3/><D28/><U14/><E105/><V12/><F12/><W13/><G13/><T47/><D107/><U66/><E14/><V46/><F46/><W32/><G95/><T100/><D47/><U80/><E45/><V35/><F35/><W91/><G32/><T61/><D127/><U50/><E41/><V120/><F120/><W81/><G122/><T77/><D17/><U21/><E21/><V71/><F71/><W123/><G69/><T75/><D113/><U98/><E104/><V62/><F62/><W26/><G123/><T67/><D111/><U126/><E126/><V38/><F38/><W0/><G36/><T11/><D61/><U53/><E50/><V68/><F68/><W1/><G51/><T4/><D16/><U92/><E63/><RYUUKYOKU ba="0,1" sc="435,-10,252,-10,14,30,289,-10" hai2="33,34,37,40,44,60,64,70,72,78,83,88,93" />
</Scene>
<Scene>
<INIT seed="5,1,1,1,5,97" ten="425,242,44,279" oya="1" hai0="54,59,11,104,107,65,78,45,103,114,128,106,34" hai1="85,20,6,37,56,16,122,91,124,14,35,88,47" hai2="46,115,67,102,0,19,29,18,25,123,21,113,90" hai3="70,23,72,80,99,3,69,5,42,8,68,7,44"/><U116/><E35/><V83/><F123/><W77/><G7/><T92/><D34/><U31/><E122/><V63/><F0/><W98/><REACH who="3" step="1"/><G23/><REACH who="3" ten="425,242,44,269" step="2"/><T119/><D11/><U121/><E121/><V109/><F109/><W48/><AGARI ba="1,2" hai="3,5,8,42,44,48,68,69,70,72,77,80,98,99" machi="48" ten="30,4000,0" yaku="1,1,2,1,0,1,53,0" doraHai="97" doraHaiUra="52" who="3" fromWho="3" sc="425,-11,242,-21,44,-11,269,63" />
</Scene>
<Scene>
<INIT seed="6,0,0,5,5,78" ten="414,221,33,332" oya="2" hai0="1,89,35,129,36,116,94,74,6,47,23,73,83" hai1="32,49,54,24,27,39,56,12,132,45,13,48,81" hai2="131,126,97,68,8,115,107,61,93,85,90,88,65" hai3="75,127,58,52,118,2,53,62,59,30,15,95,102"/><V7/><F126/><W21/><G2/><T79/><D35/><U125/><E125/><V17/><F131/><W43/><G127/><T82/><D23/><U111/><E111/><V46/><F115/><W91/><G118/><T26/><D26/><N who="1" m="9771" /><E39/><V60/><F60/><W40/><G102/><T99/><D129/><U76/><E132/><V124/><F124/><W10/><G75/><T63/><D63/><U112/><E32/><V87/><F17/><W84/><G30/><T44/><D116/><U133/><E133/><V19/><F19/><N who="3" m="10495" /><G10/><T120/><D120/><U96/><E96/><V14/><F107/><W119/><G119/><T16/><D16/><U86/><E112/><V69/><F97/><W25/><G25/><T110/><D110/><U50/><E45/><V33/><F33/><W135/><G135/><T98/><D47/><U105/><E105/><V109/><F109/><W29/><G29/><T72/><D44/><U100/><E100/><V51/><F51/><AGARI ba="0,0" hai="40,43,51,52,53,58,59,62,84,91,95" m="10495" machi="51" ten="30,3900,0" yaku="25,1,8,1,54,1" doraHai="78" who="3" fromWho="2" sc="414,0,221,0,33,-39,332,39" /><AGARI ba="0,0" hai="12,13,48,49,50,51,54,56,76,81,86" m="9771" machi="51" ten="30,2000,0" yaku="8,1,52,1" doraHai="78" who="1" fromWho="2" sc="414,0,221,20,-6,-20,371,0" owari="414,52.0,241,-16.0,-26,-53.0,371,17.0" />
</Scene>
</mjloggm>