<mjloggm ver="2.3"><GO type="169" lobby="0"/><UN n0="%E3%82%82%E3%82%81%E3%82%93%E3%81%AA%E3%81%A1%E3%82%83%E3%81%84" n1="%E5%A4%AA%E3%81%8F%E3%81%AA%E3%81%84%E3%81%8A" n2="%6B%65%6E%79%61%30%31" n3="%E9%BE%8D%E9%96%80%E6%B8%95%E9%80%8F%E8%8A%B1" dan="16,17,16,16" rate="2101.23,2221.70,2105.90,2129.97" sx="F,M,M,M"/><TAIKYOKU oya="0"/>

<Scene>
<INIT seed="0,0,0,3,5,23" ten="250,250,250,250" oya="0" hai0="30,68,129,112,119,94,96,120,56,121,106,37,76" hai1="34,82,83,86,95,116,59,21,54,63,39,66,22" hai2="46,32,48,62,57,61,108,13,9,85,28,77,38" hai3="0,71,58,29,7,65,20,128,2,11,24,4,60"/><T111/><D68/><U6/><E34/><V45/><F108/><W124/><G124/><T70/><D70/><U133/><E116/><V118/><F118/><W44/><G128/><T42/><D106/><U103/><E39/><V52/><F38/><W104/><G104/><T87/><D129/><U131/><E133/><V64/><F32/><W74/><G74/><T47/><D111/><U89/><E131/><V113/><F113/><W43/><G71/><T12/><D119/><U40/><E40/><V78/><F28/><W105/><G105/><T14/><D112/><U19/><E6/><V36/><F36/><W102/><G102/><T107/><D107/><U114/><E114/><V88/><F61/><W72/><G72/><T122/><D122/><U5/><E5/><N who="2" m="3247" /><F45/><W50/><REACH who="3" step="1"/><G4/><REACH who="3" ten="250,250,250,240" step="2"/><T135/><D121/><U8/><E103/><V110/><F110/><W3/><AGARI ba="0,1" hai="0,2,3,7,11,20,24,29,43,44,50,58,60,65" machi="3" ten="20,8000,1" yaku="1,1,2,1,0,1,7,1,52,1,53,0" doraHai="23" doraHaiUra="80" who="3" fromWho="3" sc="250,-40,250,-20,250,-20,240,90" />
</Scene>
<Scene>
<INIT seed="1,0,0,4,2,32" ten="210,230,230,330" oya="1" hai0="3,29,37,135,43,48,16,113,117,11,2,70,72" hai1="85,7,18,74,20,44,126,30,100,60,59,75,51" hai2="47,119,112,91,88,35,87,71,63,69,46,99,38" hai3="83,28,67,36,23,90,105,132,127,86,65,22,89"/><U128/><E126/><V108/><F119/><W111/><G36/><T14/><D37/><U33/><E128/><V53/><F35/><W64/><G105/><T39/><D39/><U49/><E100/><V80/><F108/><W94/><G127/><T116/><D70/><U34/><E7/><V130/><F130/><W41/><G111/><T5/><D72/><U110/><E110/><V123/><F123/><W15/><G132/><T24/><D43/><U109/><E109/><V73/><F73/><W57/><G41/><T81/><D81/><U133/><E33/><V124/><F124/><W103/><G103/><T79/><D79/><U4/><E133/><V78/><F112/><W131/><G131/><T96/><D96/><U93/><E4/><V134/><F134/><W42/><G42/><T12/><D48/><U104/><E104/><V102/><F69/><W40/><G40/><T84/><D84/><U107/><E107/><V8/><F8/><W106/><G106/><T9/><D113/><U66/><E49/><V45/><F38/><W25/><G15/><T97/><D97/><U56/><E44/><V98/><F98/><N who="3" m="57679" /><G23/><N who="0" m="15519" /><D135/><U21/><E74/><V27/><F27/><W114/><G114/><T76/><D76/><U31/><E75/><V120/><F120/><W17/><G57/><T62/><D62/><U118/><E59/><N who="2" m="35311" /><F71/><W129/><G129/><T92/><D92/><AGARI ba="0,0" hai="45,46,47,78,80,87,88,91,92,99,102" m="35311" machi="92" ten="30,2000,0" yaku="8,1,54,1" doraHai="32" who="2" fromWho="0" sc="210,-20,230,0,230,20,330,0" />
</Scene>
<Scene>
<INIT seed="2,0,0,2,5,33" ten="190,230,250,330" oya="2" hai0="96,112,88,117,1,52,106,78,95,14,18,49,36" hai1="66,104,16,98,82,39,84,10,62,132,19,11,103" hai2="40,111,50,55,2,123,85,120,115,92,102,31,119" hai3="77,110,25,105,68,43,45,54,26,3,118,57,17"/><V116/><F31/><W94/><G105/><T129/><D112/><U32/><E132/><V133/><F40/><W8/><G68/><T91/><D106/><U30/><E39/><V107/><F133/><W7/><G118/><T75/><D117/><U20/><E32/><V97/><F115/><W79/><G110/><T24/><D36/><U9/><E30/><V67/><F67/><W99/><G26/><T34/><D129/><U101/><E101/><V83/><F111/><W89/><G17/><T37/><D37/><U124/><E124/><V131/><F131/><W126/><G25/><T74/><D1/><U121/><E121/><V13/><F13/><W6/><G6/><T63/><D63/><U41/><E41/><V128/><F128/><W127/><G45/><T76/><D75/><U27/><E19/><V65/><F65/><W125/><REACH who="3" step="1"/><G43/><REACH who="3" ten="190,230,250,320" step="2"/><T5/><D5/><U134/><E134/><V87/><F116/><W48/><AGARI ba="0,1" hai="3,7,8,48,54,57,77,79,89,94,99,125,126,127" machi="48" ten="30,8000,1" yaku="1,1,2,1,0,1,18,1,52,1,53,0" doraHai="33" doraHaiUra="29" who="3" fromWho="3" sc="190,-20,230,-20,250,-40,320,90" />
</Scene>
<Scene>
<INIT seed="3,0,0,3,4,114" ten="170,210,210,410" oya="3" hai0="82,16,9,28,81,91,78,40,59,96,84,80,101" hai1="103,117,125,33,58,48,38,92,107,43,83,5,15" hai2="3,63,66,17,24,85,75,98,97,68,128,74,56" hai3="2,109,57,105,123,79,87,39,49,53,94,130,90"/><W31/><G123/><T120/><D120/><U60/><E33/><V95/><F3/><W71/><G2/><T116/><D40/><U106/><E38/><V121/><F121/><W70/><G39/><T13/><D116/><U126/><E83/><V127/><F127/><N who="1" m="48649" /><E48/><V6/><F6/><W104/><G130/><T10/><D28/><U7/><E43/><V34/><F68/><W1/><G1/><T46/><D46/><U122/><E122/><V135/><F135/><W14/><G109/><T111/><D111/><U18/><E92/><V124/><F128/><W67/><G31/><T23/><D59/><U115/><E115/><V102/><F124/><W77/><G71/><T47/><D47/><U54/><E117/><V113/><F113/><W26/><G105/><N who="1" m="39946" /><E103/><V72/><F98/><W22/><G104/><T134/><D134/><U29/><E29/><V64/><F85/><W25/><G70/><T86/><REACH who="0" step="1"/><D81/><REACH who="0" ten="160,210,210,410" step="2"/><U88/><E88/><V21/><F34/><W0/><G90/><T65/><D65/><U61/><E61/><V112/><F112/><W51/><G67/><T35/><D35/><U89/><E89/><V11/><F66/><W76/><G76/><T20/><D20/><AGARI ba="0,1" hai="5,7,15,18,20,54,58,60" m="39946,48649" machi="20" ten="30,1000,0" yaku="18,1" doraHai="114" who="1" fromWho="0" sc="160,-10,210,20,210,0,410,0" />
</Scene>
<Scene>
<INIT seed="4,0,0,4,2,51" ten="150,230,210,410" oya="0" hai0="58,55,53,104,123,38,85,0,62,12,35,31,37" hai1="86,68,7,82,43,33,10,48,88,11,114,131,49" hai2="56,1,80,99,50,115,90,47,130,103,89,73,2" hai3="45,128,24,18,97,132,106,61,66,71,133,107,77"/><T60/><D104/><U9/><E33/><V13/><F115/><W40/><G128/><T22/><D0/><U126/><E68/><V93/><F130/><W26/><G77/><T75/><D75/><U59/><E131/><V110/><F110/><W17/><G26/><T28/><D123/><U69/><E69/><V81/><F13/><W79/><G79/><T119/><D119/><U29/><E114/><V57/><F103/><N who="3" m="62831" /><G24/><T4/><D35/><U118/><E118/><V91/><F91/><W42/><G107/><T70/><D70/><U102/><E126/><V117/><F117/><W98/><G98/><T27/><D28/><U46/><E102/><V3/><F73/><W95/><G95/><T64/><D85/><U135/><E135/><N who="3" m="51786" /><G40/><T100/><D100/><U134/><E134/><V39/><F93/><W76/><G76/><T122/><D122/><U20/><E20/><V41/><F99/><W25/><G25/><T67/><D67/><U19/><E19/><V108/><F108/><W5/><G5/><T78/><D78/><U74/><E74/><V96/><F96/><W23/><G23/><T65/><D65/><U94/><E29/><V14/><F81/><W129/><G129/><T105/><D105/><U44/><E94/><V112/><F80/><W116/><G116/><T34/><D64/><U32/><E32/><V125/><F112/><W36/><AGARI ba="0,0" hai="17,18,36,42,45,61,66,71" m="51786,62831" machi="36" ten="30,1100,0" yaku="20,1" doraHai="51" who="3" fromWho="3" sc="150,-5,230,-3,210,-3,410,11" />
</Scene>
<Scene>
<INIT seed="5,0,0,2,3,40" ten="145,227,207,421" oya="1" hai0="65,4,114,132,13,60,91,22,33,73,32,104,86" hai1="9,84,19,109,3,112,44,23,67,58,0,96,57" hai2="134,49,79,42,135,36,6,25,117,53,90,66,21" hai3="81,74,31,68,18,56,130,126,2,131,37,52,14"/><U122/><E122/><V93/><F117/><W103/><G2/><T123/><D104/><U87/><E112/><V72/><F135/><W30/><G68/><T101/><D73/><U41/><E109/><V100/><F134/><W116/><G37/><T98/><D132/><U118/><E118/><V128/><F100/><W127/><G103/><T12/><D114/><U17/><E96/><V45/><F6/><W50/><G116/><T27/><D123/><U70/><E70/><V10/><F10/><N who="3" m="6487" /><G31/><T34/><D4/><U89/><E67/><V107/><F107/><W97/><G97/><T26/><D26/><U82/><E0/><V95/><F66/><W85/><G30/><T92/><D86/><U124/><E124/><N who="3" m="47658" /><G74/><T133/><D133/><U51/><E3/><V29/><F128/><W121/><G121/><T78/><D78/><AGARI ba="0,0" hai="50,52,56,78,81,85,130,131" m="47658,6487" machi="78" ten="30,2000,0" yaku="18,1,54,1" doraHai="40" who="3" fromWho="0" sc="145,-20,227,0,207,0,421,20" />
</Scene>
<Scene>
<INIT seed="6,0,0,5,5,108" ten="125,227,207,441" oya="2" hai0="19,123,120,35,67,29,14,28,74,97,118,84,82" hai1="16,96,105,11,45,101,72,106,87,49,37,81,18" hai2="47,69,131,129,62,128,38,100,130,90,57,36,65" hai3="39,33,54,43,99,127,53,86,5,24,98,55,30"/><V94/><N who="2" m="33280" /><DORA hai="6" /><V107/><F107/><W51/><G127/><T93/><D74/><U115/><E37/><V116/><F116/><W13/><G39/><T68/><D118/><U50/><E72/><V77/><F100/><W73/><G73/><T88/><D67/><U26/><E115/><V76/><F69/><W9/><G86/><T135/><D68/><U102/><E26/><V46/><F36/><W134/><G134/><T17/><D135/><U58/><E58/><V60/><F62/><W70/><G70/><T104/><D104/><U103/><E96/><V64/><F64/><W71/><G71/><T89/><D17/><N who="1" m="6763" /><E106/><V124/><F124/><W110/><G110/><T59/><D59/><U15/><E105/><V61/><F61/><W92/><G92/><T85/><D97/><U80/><E45/><N who="2" m="16907" /><F38/><W66/><G66/><T109/><D109/><U52/><E52/><V8/><F8/><W31/><G54/><T7/><D7/><N who="1" m="3583" /><E81/><V132/><F132/><W114/><G55/><T111/><D111/><U91/><AGARI ba="0,0" hai="49,50,80,87,91,101,102,103" m="3583,6763" machi="91" ten="30,4000,0" yaku="8,1,52,1,54,1" doraHai="108,6" who="1" fromWho="1" sc="125,-10,227,40,207,-20,441,-10" />
</Scene>
<Scene>
<INIT seed="7,0,0,5,5,10" ten="115,267,187,431" oya="3" hai0="56,49,13,25,81,75,18,93,86,20,72,67,16" hai1="47,110,123,117,51,114,132,31,134,14,11,7,60" hai2="65,19,38,106,104,61,98,120,4,69,32,111,55" hai3="122,116,118,94,125,71,40,108,12,1,99,30,74"/><W103/><G1/><T64/><D75/><U70/><E123/><V90/><F111/><W46/><G71/><T88/><D72/><U126/><E110/><V27/><F120/><W9/><G74/><T62/><D49/><U96/><E114/><V130/><F130/><W101/><G122/><T23/><D81/><U50/><E126/><V39/><F4/><W5/><G125/><T43/><D43/><U131/><E131/><V91/><F55/><AGARI ba="0,0" hai="13,16,18,20,23,25,55,56,62,64,67,86,88,93" machi="55" ten="30,8000,1" yaku="7,1,8,1,52,1,54,2" doraHai="10" who="0" fromWho="2" sc="115,80,267,0,187,-80,431,0" owari="195,-20.0,267,7.0,107,-39.0,431,52.0" />
</Scene>
</mjloggm>