<mjloggm ver="2.3"><GO type="169" lobby="0"/><UN n0="%E5%A4%AA%E3%81%8F%E3%81%AA%E3%81%84%E3%81%8A" n1="%47%E3%83%A8%E9%BE%8D%E9%96%80" n2="%E3%83%A1%E3%83%AD%E3%83%B3%EF%BC%9D%E3%82%A2%E3%83%A2%E3%82%B9" n3="%E6%9D%89%E6%B5%A6%E4%BC%8A%E6%BE%84" dan="18,17,16,16" rate="2197.23,2157.57,2105.39,2084.98" sx="M,M,M,M"/><TAIKYOKU oya="0"/>

<Scene>
<INIT seed="0,0,0,4,2,79" ten="250,250,250,250" oya="0" hai0="27,29,43,124,13,81,49,6,38,31,61,100,116" hai1="126,39,47,129,73,113,133,44,94,18,55,33,69" hai2="101,48,11,67,87,99,3,68,130,77,98,66,57" hai3="127,76,72,9,30,28,93,84,4,2,63,117,36"/><T35/><D116/><U83/><E33/><V46/><F130/><W7/><G117/><T114/><D114/><U10/><E69/><V121/><F121/><W1/><G127/><T86/><D38/><U134/><E129/><V24/><F68/><W53/><G36/><T70/><D124/><U119/><E119/><V23/><F11/><W115/><G115/><T91/><D31/><U125/><E113/><V92/><F3/><W37/><G37/><T52/><D43/><N who="1" m="22655" /><E94/><V58/><F99/><W82/><G7/><T25/><D25/><U85/><E73/><V90/><F77/><W0/><G93/><T88/><D100/><U22/><E10/><V105/><F67/><W8/><G72/><T78/><D13/><N who="1" m="9551" /><E47/><V123/><F66/><W41/><G9/><T120/><D120/><U20/><E20/><V16/><F123/><W108/><G8/><T21/><D35/><U26/><E26/><V80/><F105/><W17/><G4/><T5/><D70/><U112/><E55/><AGARI ba="0,0" hai="16,23,24,46,48,55,57,58,80,87,90,92,98,101" machi="55" ten="30,7700,0" yaku="7,1,8,1,52,1,54,1" doraHai="79" who="2" fromWho="1" sc="250,0,250,-77,250,77,250,0" />
</Scene>
<Scene>
<INIT seed="1,0,0,1,3,21" ten="250,173,327,250" oya="1" hai0="126,85,79,45,8,36,108,65,91,112,81,133,11" hai1="72,47,53,132,116,123,68,67,111,92,49,9,118" hai2="22,83,120,80,95,109,6,71,125,39,2,121,12" hai3="44,73,64,38,1,115,35,17,26,3,62,131,30"/><U101/><E123/><V63/><F39/><W5/><G115/><T107/><D112/><U119/><E72/><V31/><F71/><N who="3" m="42391" /><G17/><T29/><D107/><U34/><E34/><V86/><F63/><W70/><G131/><T46/><D65/><U56/><E132/><V89/><F109/><W51/><G51/><T117/><D117/><U128/><E128/><V87/><F125/><W15/><G15/><T78/><D108/><U134/><E134/><V100/><F100/><W48/><G48/><T33/><D133/><U130/><E130/><V84/><F2/><N who="3" m="523" /><G5/><T20/><D126/><U41/><E111/><V96/><F121/><W24/><G24/><N who="0" m="16519" /><D36/><N who="1" m="21927" /><E9/><N who="0" m="3657" /><D33/><U37/><E92/><V43/><F6/><W106/><G70/><T7/><D7/><U14/><E14/><V50/><F12/><W28/><G28/><T99/><D79/><U69/><E101/><V74/><F74/><W122/><G122/><T105/><D105/><U19/><E19/><V97/><F97/><W66/><G66/><T61/><D61/><N who="1" m="40047" /><E69/><V77/><F120/><W57/><G73/><T82/><D99/><U110/><E110/><V114/><F77/><W25/><G25/><T27/><D27/><U98/><E98/><V104/><F114/><W16/><G16/><T113/><D113/><U88/><E37/><V90/><F96/><W60/><G106/><T23/><D23/><U124/><E124/><V102/><F104/><W103/><G103/><T10/><D10/><U93/><E118/><V54/><F102/><W55/><G38/><T58/><D78/><U13/><E13/><V129/><F22/><RYUUKYOKU ba="0,0" sc="250,-15,173,15,327,-15,250,15" hai1="49,53,56,88,93,116,119" hai3="26,30,35,44,55,57,60" />
</Scene>
<Scene>
<INIT seed="1,1,0,0,0,15" ten="235,188,312,265" oya="1" hai0="91,11,8,75,109,13,89,7,3,119,116,65,84" hai1="19,86,29,134,107,10,21,125,88,61,28,9,52" hai2="53,54,47,40,126,42,48,78,25,71,90,130,45" hai3="87,74,118,120,85,60,5,56,98,39,73,37,16"/><U30/><E107/><V31/><F71/><W128/><G120/><T99/><D75/><U114/><E125/><V113/><F130/><W77/><G5/><T96/><D65/><U58/><E134/><V117/><F117/><W104/><G128/><T44/><D109/><U94/><E114/><V20/><F126/><W38/><G118/><T23/><D23/><U82/><E82/><V83/><F90/><W35/><G35/><T17/><D99/><U106/><E106/><V108/><F108/><W100/><G77/><T76/><D76/><U122/><E122/><V2/><F2/><W129/><G129/><T79/><D79/><U55/><E55/><V66/><F66/><W105/><G105/><T115/><D115/><U72/><E72/><V80/><F113/><W22/><G74/><T103/><D89/><U6/><E6/><V92/><F92/><W133/><G73/><T34/><D34/><U36/><E36/><V101/><F101/><W33/><G33/><T43/><D96/><U67/><E67/><V50/><F80/><W49/><G49/><T24/><D103/><U69/><E69/><V97/><F97/><W110/><G110/><T95/><REACH who="0" step="1"/><D24/><AGARI ba="1,0" hai="9,10,19,21,24,28,29,30,52,58,61,86,88,94" machi="24" ten="40,12000,1" yaku="8,1,52,1,54,2" doraHai="15" who="1" fromWho="0" sc="235,-123,188,123,312,0,265,0" />
</Scene>
<Scene>
<INIT seed="1,2,0,4,4,74" ten="112,311,312,265" oya="1" hai0="9,70,99,34,122,41,31,19,93,46,49,135,110" hai1="77,130,4,65,12,101,35,6,11,1,18,117,23" hai2="89,120,90,25,103,109,118,81,94,96,56,8,87" hai3="45,104,102,127,32,91,67,85,28,61,82,55,29"/><U33/><E101/><V5/><F120/><W111/><G111/><T132/><D70/><U39/><E39/><V69/><F118/><W79/><G127/><T106/><D106/><U36/><E36/><V60/><F69/><W26/><G29/><T112/><D112/><U80/><E65/><V24/><F103/><W10/><G10/><T76/><D110/><U72/><E130/><V95/><F95/><W50/><G102/><N who="0" m="60783" /><D31/><U66/><E117/><V133/><F133/><N who="0" m="51274" /><D34/><U126/><E126/><V113/><F113/><W42/><G104/><T21/><D9/><U22/><E4/><V71/><F71/><W88/><G42/><T2/><D2/><U124/><E124/><V7/><F7/><W105/><G105/><T98/><D98/><U59/><REACH who="1" step="1"/><E23/><REACH who="1" ten="112,301,312,265" step="2"/><V78/><F109/><W44/><G44/><T14/><D122/><U38/><E38/><V16/><F5/><W51/><G51/><T116/><D116/><U43/><E43/><V63/><F8/><W27/><G67/><T58/><D58/><U73/><E73/><V75/><F56/><W15/><G61/><AGARI ba="2,1" hai="1,6,11,12,18,22,33,35,59,61,66,72,77,80" machi="61" ten="40,3900,0" yaku="1,1,52,1,53,0" doraHai="74" doraHaiUra="64" who="1" fromWho="3" sc="112,0,301,55,312,0,265,-45" />
</Scene>
<Scene>
<INIT seed="1,3,0,4,0,87" ten="112,356,312,220" oya="1" hai0="19,111,125,67,70,127,17,118,11,51,77,42,94" hai1="30,130,2,25,47,64,49,65,6,84,71,50,76" hai2="110,55,38,89,129,23,10,26,104,24,52,72,114" hai3="113,133,35,0,99,106,108,33,46,122,131,102,109"/><U37/><E37/><V121/><F121/><W128/><G46/><N who="0" m="26071" /><D118/><U20/><E130/><N who="3" m="49706" /><G122/><T40/><D40/><U3/><E71/><V107/><F72/><W43/><G43/><T74/><D111/><N who="3" m="42569" /><G113/><T39/><D39/><U135/><E135/><V81/><F38/><W97/><G133/><T36/><D36/><U68/><E68/><V86/><F110/><W95/><G95/><T63/><D11/><U66/><E6/><V31/><F129/><W29/><G29/><T15/><D94/><U62/><E62/><V61/><F114/><W60/><G60/><T134/><D134/><U69/><E69/><V12/><F61/><W53/><G53/><T79/><D63/><U54/><E50/><V57/><F57/><W28/><G28/><T120/><D120/><U124/><E49/><V14/><F107/><N who="3" m="63951" /><G0/><T34/><D70/><U98/><E2/><V7/><F104/><W126/><G126/><T91/><D127/><U5/><E3/><V59/><F59/><W48/><G48/><T1/><D1/><U88/><E47/><V85/><F24/><W73/><G73/><T123/><D74/><U119/><E124/><V75/><F75/><W16/><G16/><T44/><D19/><U92/><E54/><V21/><F86/><W103/><AGARI ba="3,0" hai="33,35,99,103,106" m="63951,42569,49706" machi="103" ten="40,5200,0" yaku="19,1,14,1,23,1" doraHai="87" who="3" fromWho="3" sc="112,-16,356,-29,312,-16,220,61" />
</Scene>
<Scene>
<INIT seed="2,0,0,1,4,86" ten="96,327,296,281" oya="2" hai0="134,75,127,131,124,105,120,32,93,79,50,23,18" hai1="52,35,85,100,103,69,22,7,122,107,72,71,95" hai2="126,97,88,21,82,130,20,30,112,53,57,81,4" hai3="33,62,104,44,73,115,37,10,76,67,61,64,132"/><V56/><F112/><W91/><G33/><T0/><D105/><U89/><E35/><V116/><F116/><W106/><G76/><T5/><D120/><U26/><E122/><V119/><F119/><W17/><G73/><T96/><D32/><U13/><E72/><V2/><F130/><W94/><G115/><T66/><D66/><U41/><E41/><V135/><F135/><W83/><G83/><N who="2" m="31753" /><F126/><N who="0" m="48170" /><D79/><U29/><E107/><V125/><F2/><W27/><G37/><T109/><D75/><U34/><E69/><V42/><F42/><W90/><G44/><T80/><D80/><U77/><E71/><V65/><F4/><W123/><G10/><T101/><D109/><U133/><E133/><V74/><F74/><W59/><G132/><T60/><D60/><U38/><E38/><V92/><F125/><W9/><G9/><T108/><D108/><U55/><E77/><V48/><F30/><W1/><G1/><T110/><D110/><U6/><E34/><V87/><F97/><W114/><G114/><T70/><D70/><U8/><E6/><V31/><F31/><W16/><G123/><T113/><D113/><U43/><E43/><V14/><F14/><W117/><G117/><T25/><D134/><U12/><E12/><V58/><F65/><W63/><G63/><T99/><D131/><U47/><E55/><V40/><F40/><W24/><G59/><AGARI ba="0,0" hai="20,21,48,53,56,57,58,59,87,88,92" m="31753" machi="59" ten="30,5800,0" yaku="8,1,52,1,54,1" doraHai="86" who="2" fromWho="3" sc="96,0,327,0,296,58,281,-58" />
</Scene>
<Scene>
<INIT seed="2,1,0,2,3,50" ten="96,327,354,223" oya="2" hai0="4,79,58,113,24,23,13,53,116,109,59,134,103" hai1="86,43,22,108,37,94,16,125,10,129,2,3,101" hai2="68,83,70,77,41,126,80,84,56,71,95,39,20" hai3="135,44,35,66,96,99,32,62,112,128,97,69,120"/><V100/><F39/><W48/><G120/><T38/><D113/><U45/><E108/><V28/><F41/><W55/><G112/><T131/><D38/><U127/><E129/><V1/><F1/><W72/><G128/><T124/><D131/><U133/><E133/><V122/><F122/><W78/><REACH who="3" step="1"/><G135/><REACH who="3" ten="96,327,354,213" step="2"/><T11/><D134/><U111/><E111/><V74/><F70/><W91/><G91/><T34/><D109/><U82/><E101/><V76/><F68/><W93/><G93/><T98/><D103/><U30/><E94/><V75/><F71/><W47/><G47/><T33/><D116/><U21/><E45/><V89/><F100/><W90/><G90/><T27/><D124/><U46/><E125/><V52/><F126/><W49/><G49/><T42/><D59/><U25/><E127/><V73/><F74/><W106/><G106/><T36/><D36/><U119/><E119/><V85/><F73/><W0/><G0/><T65/><D58/><U67/><E2/><V12/><F75/><W87/><G87/><T117/><D117/><U29/><E3/><V57/><F57/><W7/><G7/><T6/><D4/><U105/><E86/><V102/><F102/><W130/><G130/><T19/><D6/><U51/><E37/><V110/><F110/><W81/><AGARI ba="1,1" hai="32,35,44,48,55,62,66,69,72,78,81,96,97,99" machi="81" ten="30,4000,0" yaku="1,1,0,1,52,1,53,0" doraHai="50" doraHaiUra="115" who="3" fromWho="3" sc="96,-11,327,-11,354,-21,213,53" />
</Scene>
<Scene>
<INIT seed="3,0,0,2,3,46" ten="85,316,333,266" oya="3" hai0="15,95,109,23,83,122,71,111,29,66,24,96,51" hai1="123,130,7,131,41,129,35,22,77,36,113,55,110" hai2="68,73,127,64,17,54,119,91,25,21,14,80,85" hai3="53,42,33,31,30,67,37,75,133,76,59,38,100"/><W88/><G100/><T52/><D122/><U45/><E110/><N who="0" m="41993" /><D83/><U105/><E123/><V118/><F127/><W18/><G67/><T48/><D15/><U101/><E113/><V20/><F73/><W125/><G76/><T79/><D79/><U61/><E35/><V134/><F134/><W65/><G75/><T99/><D66/><U104/><E101/><V108/><F108/><W34/><G65/><T120/><D71/><U112/><E112/><V128/><F128/><W117/><G117/><T82/><D82/><U27/><E7/><V57/><F64/><W32/><G133/><T1/><D1/><U6/><E6/><V19/><REACH who="2" step="1"/><F68/><REACH who="2" ten="85,316,323,266" step="2"/><W60/><G125/><T8/><D120/><U0/><E129/><V103/><F103/><W107/><G34/><T94/><D8/><U3/><E130/><V102/><F102/><W116/><G33/><T40/><D99/><U126/><E131/><V62/><AGARI ba="0,1" hai="14,17,19,20,21,25,54,57,62,80,85,91,118,119" machi="62" ten="20,8000,1" yaku="1,1,0,1,7,1,53,2" doraHai="46" doraHaiUra="13" who="2" fromWho="2" sc="85,-20,316,-20,323,90,266,-40" />
</Scene>
<Scene>
<INIT seed="4,0,0,5,3,108" ten="65,296,413,226" oya="0" hai0="27,112,36,80,135,70,57,133,102,75,24,64,12" hai1="92,101,85,38,65,29,90,84,127,23,25,18,115" hai2="26,110,61,106,19,49,73,13,116,95,9,28,74" hai3="131,35,91,32,31,124,69,60,83,129,78,11,55"/><T119/><D119/><U120/><E120/><V66/><F106/><W51/><G124/><T39/><D70/><U113/><E127/><V3/><F110/><W40/><G40/><T8/><D102/><U58/><E38/><N who="0" m="14377" /><D64/><U104/><E84/><V72/><F95/><W111/><G111/><T128/><D57/><U34/><E104/><V105/><F105/><W71/><G91/><T37/><N who="0" m="14385" /><T53/><DORA hai="130" /><D53/><U98/><E85/><V63/><F3/><W14/><G60/><T15/><D128/><N who="3" m="49225" /><G31/><T126/><D126/><U86/><E86/><V44/><F116/><W10/><G71/><T122/><D122/><U123/><E123/><V114/><F63/><W103/><G69/><T82/><D112/><N who="1" m="43083" /><E90/><V132/><F114/><W87/><G103/><T93/><D93/><U33/><E18/><V54/><F72/><W16/><G10/><T20/><D75/><U17/><E17/><V118/><F74/><W5/><G5/><N who="0" m="3087" /><D82/><U68/><E68/><V100/><F73/><W47/><AGARI ba="0,0" hai="11,14,16,32,35,47,51,55,78,83,87" m="49225" machi="47" ten="30,2000,0" yaku="19,1,54,1" doraHai="108,130" who="3" fromWho="3" sc="65,-10,296,-5,413,-5,226,20" />
</Scene>
<Scene>
<INIT seed="5,0,0,5,2,69" ten="55,291,408,246" oya="1" hai0="85,6,123,87,17,68,35,91,20,8,38,15,99" hai1="75,33,39,4,131,50,16,37,90,3,116,96,103" hai2="134,130,71,135,49,78,81,101,18,72,79,19,41" hai3="102,46,120,124,118,67,45,25,77,128,0,63,111"/><U84/><E116/><V113/><F71/><W88/><G120/><T59/><D68/><U24/><E75/><V125/><F101/><W76/><G111/><T80/><D123/><U11/><E131/><V132/><F79/><W127/><G102/><T95/><D35/><U22/><E50/><V107/><F107/><W92/><G0/><T122/><D122/><U114/><E114/><V5/><F130/><W34/><G128/><T109/><D109/><U82/><E33/><V28/><F5/><W7/><G7/><T110/><D110/><U54/><E54/><V52/><F28/><N who="3" m="19727" /><G77/><T42/><D59/><U112/><E112/><V58/><F113/><W48/><G76/><T21/><D80/><U97/><E97/><V89/><F125/><N who="3" m="48203" /><G48/><T36/><D42/><U14/><E3/><V66/><F41/><W47/><G118/><T31/><D31/><U10/><E10/><V126/><F126/><W133/><G133/><T73/><D73/><U27/><E27/><V1/><F1/><W26/><G26/><T100/><D21/><U83/><E83/><V119/><F119/><W121/><G121/><T43/><D43/><U40/><E40/><V56/><F89/><W32/><G32/><T29/><D29/><U93/><AGARI ba="0,0" hai="4,11,14,16,22,24,37,39,82,84,90,93,96,103" machi="93" ten="20,12000,1" yaku="0,1,7,1,52,2,54,1" doraHai="69" who="1" fromWho="1" sc="55,-40,291,120,408,-40,246,-40" />
</Scene>
<Scene>
<INIT seed="5,1,0,3,0,93" ten="15,411,368,206" oya="1" hai0="85,8,105,74,119,67,129,28,113,120,32,79,20" hai1="102,112,130,80,27,61,6,62,3,18,110,63,70" hai2="1,53,9,2,99,96,69,135,116,81,134,126,12" hai3="10,89,65,106,117,97,15,35,82,127,115,104,77"/><U43/><E112/><V128/><F116/><W86/><G35/><T87/><D119/><U73/><E130/><V49/><F69/><W124/><G65/><T16/><D105/><U132/><E70/><V36/><F36/><W52/><G15/><T95/><D113/><U59/><E43/><V30/><F81/><W107/><G10/><T103/><D129/><U78/><E102/><V75/><F75/><W26/><G26/><N who="0" m="16455" /><D32/><U44/><E44/><N who="2" m="27815" /><F30/><W4/><G4/><T47/><D74/><U46/><E80/><V121/><F121/><W5/><G5/><T92/><D120/><U22/><E73/><V55/><F55/><W123/><G52/><T29/><D29/><U98/><E3/><N who="2" m="1035" /><F128/><W38/><G38/><T34/><D34/><U19/><E46/><V125/><F12/><W24/><G24/><T122/><D122/><U68/><E27/><V13/><F13/><W23/><G23/><T37/><D67/><U101/><E22/><V60/><F60/><W31/><G31/><T88/><D8/><U100/><E68/><V64/><F64/><W72/><G123/><T21/><D37/><U25/><E25/><V33/><F9/><W14/><G14/><N who="0" m="9367" /><D47/><U131/><E131/><V7/><F7/><W76/><G117/><T41/><D41/><U90/><E6/><V39/><F39/><W71/><G71/><T58/><D58/><U42/><E59/><V111/><F33/><W17/><G115/><T0/><D0/><U48/><E42/><V84/><F111/><W54/><G72/><T57/><D57/><U50/><E110/><V109/><F109/><RYUUKYOKU ba="1,0" sc="15,0,411,0,368,0,206,0" />
</Scene>
<Scene>
<INIT seed="6,2,0,3,2,12" ten="15,411,368,206" oya="2" hai0="78,92,34,109,120,117,41,80,114,95,58,118,125" hai1="128,55,94,126,111,91,15,51,4,100,82,84,106" hai2="18,73,74,7,36,1,29,119,40,67,10,63,42" hai3="124,5,8,21,37,130,99,38,39,121,66,97,79"/><V14/><F119/><N who="0" m="45578" /><D58/><U52/><E111/><V9/><F29/><W46/><G121/><T65/><D41/><U81/><E126/><V89/><F40/><W85/><G124/><T44/><D44/><U101/><E128/><V110/><F110/><W32/><G130/><T59/><D59/><N who="1" m="33183" /><E106/><V48/><F36/><W83/><G32/><T62/><D62/><U23/><E55/><V26/><F26/><W69/><G21/><T113/><D65/><U129/><E129/><V70/><REACH who="2" step="1"/><F89/><REACH who="2" ten="15,411,358,206" step="2"/><W20/><G39/><T90/><D34/><U72/><E72/><V98/><F98/><W64/><G38/><T27/><D109/><U116/><E116/><V77/><F77/><W71/><G99/><N who="0" m="57751" /><D125/><U50/><E91/><V75/><F75/><W17/><G97/><T33/><D120/><U54/><E84/><V57/><F57/><W30/><G30/><N who="0" m="19679" /><D95/><U105/><E94/><V87/><F87/><AGARI ba="2,1" hai="78,80,87,113,114" m="19679,57751,45578" machi="87" ten="30,1000,0" yaku="12,1" doraHai="12" who="0" fromWho="2" sc="15,26,411,0,358,-16,206,0" />
</Scene>
<Scene>
<INIT seed="7,0,0,2,5,30" ten="41,411,342,206" oya="3" hai0="0,84,8,126,88,107,24,116,40,13,119,113,32" hai1="3,124,90,6,110,16,96,81,33,58,59,10,35" hai2="41,125,26,46,69,128,108,112,83,60,109,127,63" hai3="1,72,75,57,65,82,21,104,44,12,94,78,106"/><W114/><G1/><T111/><D107/><U67/><E110/><N who="2" m="42603" /><F83/><W77/><G114/><T130/><D111/><U34/><E124/><N who="2" m="47691" /><F26/><W15/><G44/><T68/><D126/><U76/><E67/><N who="2" m="41191" /><F112/><W121/><G121/><T18/><D68/><U31/><E31/><V123/><F63/><N who="3" m="38127" /><G106/><T122/><D113/><U115/><E115/><V11/><F11/><W99/><G104/><T93/><D122/><U66/><E90/><V91/><F91/><N who="3" m="55775" /><G75/><T62/><D130/><U87/><E96/><V120/><F128/><W54/><G72/><T61/><D40/><U118/><E3/><V95/><F95/><W51/><G82/><T23/><D62/><U71/><E81/><V9/><F9/><W19/><G12/><T135/><D61/><U43/><E10/><V50/><AGARI ba="0,0" hai="41,46,50,120,123" m="41191,47691,42603" machi="50" ten="40,5200,0" yaku="18,1,34,2" doraHai="30" who="2" fromWho="2" sc="41,-13,411,-13,342,52,206,-26" owari="28,-47.0,398,50.0,394,19.0,180,-22.0" />
</Scene>
</mjloggm>