<mjloggm ver="2.3"><GO type="169" lobby="0"/><UN n0="%73%68%6F%6F%74%33%39" n1="%47%2D%6E%65%74" n2="%E5%A4%AA%E3%81%8F%E3%81%AA%E3%81%84%E3%81%8A" n3="%E3%81%AA%E3%81%A3%E3%81%8D%E3%82%8A" dan="19,16,17,16" rate="2223.10,2021.20,2208.70,2051.56" sx="M,M,M,M"/><TAIKYOKU oya="0"/>

<Scene>
<INIT seed="0,0,0,4,2,58" ten="250,250,250,250" oya="0" hai0="26,1,112,30,81,97,121,20,90,70,66,35,103" hai1="91,134,15,92,59,87,125,82,99,42,33,132,84" hai2="16,129,34,22,120,2,115,61,24,65,11,63,72" hai3="104,45,29,53,56,111,100,107,89,71,102,123,9"/><T95/><D121/><U10/><E33/><V101/><F120/><W57/><G71/><T109/><D112/><U124/><E42/><V36/><F115/><W135/><G135/><N who="1" m="51754" /><E59/><V39/><F72/><W96/><G29/><T117/><D117/><U25/><E25/><V86/><F129/><W77/><G111/><T80/><D1/><U6/><E87/><V50/><F101/><AGARI ba="0,0" hai="6,10,15,82,84,91,92,99,101,124,125" m="51754" machi="101" ten="30,1000,0" yaku="20,1" doraHai="58" who="1" fromWho="2" sc="250,0,250,10,250,-10,250,0" />
</Scene>
<Scene>
<INIT seed="1,0,0,0,4,25" ten="250,260,240,250" oya="1" hai0="92,75,42,30,49,81,40,122,80,79,86,4,21" hai1="19,119,8,69,62,5,16,98,54,52,123,131,32" hai2="110,11,68,66,9,105,99,15,43,77,76,1,48" hai3="38,17,89,20,44,28,93,33,0,115,134,101,85"/><U96/><E119/><V132/><F1/><W97/><G0/><T73/><D122/><U90/><E123/><V95/><F105/><W91/><G115/><T70/><D70/><U87/><E32/><V64/><F110/><W50/><G38/><T78/><D4/><U18/><E131/><V13/><F132/><W102/><G134/><T26/><D49/><U84/><E69/><V37/><F37/><W63/><G63/><T56/><D56/><U61/><E5/><N who="2" m="3247" /><F68/><W34/><G34/><T46/><D46/><U59/><E8/><V72/><F72/><W103/><G33/><T135/><D135/><U41/><E41/><V100/><F43/><N who="3" m="24863" /><G28/><T94/><D94/><N who="1" m="54623" /><E84/><V10/><F48/><W23/><G17/><T121/><D121/><U109/><E109/><V58/><F11/><W12/><G12/><T60/><D60/><U65/><E65/><N who="2" m="25195" /><F58/><AGARI ba="0,0" hai="16,18,19,52,54,58,59,61,62,96,98" m="54623" machi="58" ten="30,5800,0" yaku="8,1,54,2" doraHai="25" who="1" fromWho="2" sc="250,0,260,58,240,-58,250,0" />
</Scene>
<Scene>
<INIT seed="1,1,0,3,0,122" ten="250,318,182,250" oya="1" hai0="18,128,104,51,7,99,94,41,123,116,17,26,91" hai1="77,5,27,102,100,57,53,111,49,105,71,60,39" hai2="14,95,52,90,64,47,127,56,63,101,45,16,15" hai3="43,72,9,25,46,31,2,97,113,110,32,3,107"/><U98/><E100/><V22/><F127/><W84/><G84/><T42/><D116/><U11/><E39/><V121/><F121/><W109/><G113/><T36/><D123/><U135/><E135/><V106/><F106/><W23/><G23/><T85/><D36/><U4/><E77/><V8/><F101/><N who="3" m="62895" /><G72/><T130/><D7/><U12/><E111/><N who="3" m="42506" /><G9/><T59/><D85/><U38/><E38/><AGARI ba="1,0" hai="2,3,25,31,32,38,43,46" m="42506,62895" machi="38" ten="30,8000,1" yaku="14,1,23,1,52,3" doraHai="122" who="3" fromWho="1" sc="250,0,318,-83,182,0,250,83" />
</Scene>
<Scene>
<INIT seed="2,0,0,5,3,113" ten="250,235,182,333" oya="2" hai0="86,7,56,63,118,104,119,87,40,49,78,102,116" hai1="18,110,55,21,97,85,99,34,90,69,127,93,17" hai2="23,13,45,35,10,39,24,76,11,29,66,121,126" hai3="28,27,16,46,106,12,132,57,22,26,100,117,79"/><V48/><F39/><W1/><G1/><T51/><D7/><U38/><E110/><V62/><F121/><W81/><G132/><T96/><D40/><U133/><E127/><V64/><F126/><W114/><G114/><T91/><D78/><U130/><E130/><V94/><F76/><W89/><G106/><T72/><D72/><U9/><E133/><V71/><F66/><W70/><G70/><T95/><D87/><U4/><E34/><V135/><F135/><W8/><G100/><T36/><D36/><U115/><E38/><V41/><REACH who="2" step="1"/><F94/><REACH who="2" ten="250,235,172,333" step="2"/><W124/><G79/><T75/><D75/><U58/><E115/><V122/><F122/><W42/><G124/><T109/><D109/><U31/><E69/><V33/><F33/><W101/><G81/><T59/><D59/><U73/><E73/><V2/><F2/><W108/><G57/><T84/><D84/><U67/><E67/><AGARI ba="0,1" hai="49,51,56,63,67,86,91,95,96,102,104,116,118,119" machi="67" ten="40,8000,1" yaku="12,1,52,3" doraHai="113" who="0" fromWho="1" sc="250,90,235,-80,172,0,333,0" />
</Scene>
<Scene>
<INIT seed="3,0,0,1,0,130" ten="340,155,172,333" oya="3" hai0="102,18,47,43,68,23,22,116,50,109,26,135,117" hai1="25,7,77,2,85,44,123,107,94,28,57,61,59" hai2="101,74,67,81,6,126,112,89,21,51,80,91,105" hai3="98,65,41,4,106,46,9,115,0,3,37,27,64"/><W88/><G115/><T32/><D32/><U113/><E123/><V78/><F112/><W132/><G3/><T93/><D68/><U73/><E107/><V38/><F38/><W31/><G132/><T111/><D135/><U76/><E113/><V8/><F126/><W11/><G11/><T45/><D102/><U95/><E73/><V55/><F67/><W72/><G72/><T118/><D93/><U60/><E7/><V52/><F21/><W63/><G63/><T42/><REACH who="0" step="1"/><D23/><REACH who="0" ten="330,155,172,333" step="2"/><U86/><E2/><V96/><F81/><W110/><G106/><T75/><D75/><U48/><E95/><V35/><F35/><W125/><G125/><T17/><D17/><U15/><E94/><V97/><F97/><W14/><G98/><T127/><D127/><U16/><E16/><V90/><REACH who="2" step="1"/><F51/><AGARI ba="0,1" hai="18,22,26,42,43,45,47,50,51,109,111,116,117,118" machi="51" ten="40,8000,1" yaku="1,1,9,1,53,2" doraHai="130" doraHaiUra="36" who="0" fromWho="2" sc="330,90,155,0,172,-80,333,0" />
</Scene>
<Scene>
<INIT seed="4,0,0,5,2,11" ten="420,155,92,333" oya="0" hai0="77,120,103,82,56,99,20,52,59,33,62,4,36" hai1="105,23,51,123,42,122,117,135,86,7,104,79,72" hai2="53,12,96,26,125,1,9,97,49,54,124,67,91" hai3="107,48,5,133,88,114,70,41,47,84,119,15,95"/><T18/><D33/><U94/><E117/><V25/><F1/><W128/><G119/><T60/><D36/><U102/><E135/><V37/><F37/><W68/><G133/><T22/><D4/><U112/><E72/><V35/><F67/><W10/><G128/><T93/><D120/><U121/><E7/><V55/><F49/><W19/><G114/><T6/><D6/><U38/><E38/><V24/><F35/><W44/><G107/><N who="1" m="41034" /><E51/><V17/><REACH who="2" step="1"/><F91/><REACH who="2" ten="420,155,82,333" step="2"/><W100/><G100/><T39/><D39/><U101/><E102/><V8/><F8/><W92/><G70/><T115/><D115/><U109/><E112/><V106/><F106/><W29/><G68/><T43/><D43/><U90/><E42/><V89/><F89/><W50/><G88/><T75/><REACH who="0" step="1"/><D18/><REACH who="0" ten="410,155,82,333" step="2"/><U74/><E121/><V0/><F0/><W65/><G19/><T113/><D113/><U83/><E122/><V80/><F80/><W127/><G41/><T111/><D111/><U14/><E109/><V87/><F87/><W131/><G84/><T81/><D81/><U132/><E83/><V76/><F76/><W85/><G85/><T27/><D27/><U78/><E86/><V118/><F118/><W63/><G5/><T58/><D58/><U13/><E78/><V129/><F129/><W31/><G131/><T116/><D116/><U28/><E79/><V34/><F34/><W71/><G47/><T45/><D45/><U66/><E132/><V21/><F21/><W46/><G44/><T57/><D57/><U3/><E23/><V16/><F16/><N who="3" m="8311" /><G46/><T2/><D2/><RYUUKYOKU ba="0,2" sc="410,15,155,-15,82,15,333,-15" hai0="20,22,52,56,59,60,62,75,77,82,93,99,103" hai2="9,12,17,24,25,26,53,54,55,96,97,124,125" />
</Scene>
<Scene>
<INIT seed="4,1,2,0,0,94" ten="425,140,97,318" oya="0" hai0="93,124,104,117,35,82,66,95,58,106,40,50,5" hai1="36,51,63,105,2,67,16,55,131,19,118,9,47" hai2="52,22,13,46,72,28,88,103,116,39,27,135,119" hai3="32,92,126,83,30,45,75,107,60,87,121,101,84"/><T73/><D117/><N who="2" m="45130" /><F72/><W113/><G32/><T21/><D35/><U128/><E118/><V41/><F135/><W96/><G30/><T14/><D124/><U134/><E134/><V110/><F110/><W115/><G60/><T56/><D106/><U54/><E105/><V1/><F1/><W49/><G126/><T7/><D104/><U85/><E36/><V62/><F103/><W3/><G3/><T79/><D66/><U133/><E133/><V69/><F13/><W100/><G121/><T112/><D112/><N who="3" m="43081" /><G101/><T44/><D7/><N who="1" m="1271" /><E85/><N who="3" m="32842" /><G107/><T129/><D5/><U26/><E26/><V130/><F130/><N who="1" m="49705" /><E54/><V57/><F69/><AGARI ba="1,2" hai="16,19,47,51,55,63,67,69" m="49705,1271" machi="69" ten="30,2000,0" yaku="19,1,54,1" doraHai="94" who="1" fromWho="2" sc="425,0,140,43,97,-23,318,0" />
</Scene>
<Scene>
<INIT seed="5,0,0,0,5,30" ten="425,183,74,318" oya="1" hai0="87,129,0,131,133,126,39,53,58,50,122,5,120" hai1="98,85,54,32,76,67,93,24,7,121,20,57,66" hai2="75,35,70,128,96,34,18,36,65,110,123,6,43" hai3="78,116,22,37,40,111,135,102,13,81,12,84,26"/><U52/><E32/><N who="2" m="12331" /><F18/><W99/><G111/><T25/><D39/><U125/><E125/><V109/><F123/><N who="0" m="47146" /><D126/><U31/><E121/><V86/><F86/><W28/><G135/><T42/><D133/><U48/><E7/><V132/><F132/><W10/><G116/><T114/><D114/><U94/><E85/><V88/><F88/><W3/><G3/><T16/><D42/><U55/><E76/><V134/><F134/><W27/><G27/><T77/><D5/><U64/><E94/><V56/><F56/><W74/><G74/><T14/><D0/><U107/><E107/><V91/><F91/><AGARI ba="0,0" hai="20,24,31,48,52,54,55,57,64,66,67,91,93,98" machi="91" ten="40,3900,0" yaku="8,1,54,1" doraHai="30" who="1" fromWho="2" sc="425,0,183,39,74,-39,318,0" />
</Scene>
<Scene>
<INIT seed="5,1,0,1,3,40" ten="425,222,35,318" oya="1" hai0="22,43,52,71,81,10,113,49,62,14,74,70,88" hai1="37,4,119,82,65,33,99,130,38,23,16,1,7" hai2="41,90,93,91,18,29,120,15,61,9,77,107,51" hai3="101,83,8,73,105,53,39,17,95,19,55,106,135"/><U100/><E119/><V124/><F120/><W89/><G39/><T129/><D113/><U56/><E33/><V87/><F107/><W79/><G135/><T46/><D129/><U84/><E130/><V45/><F124/><W72/><G72/><T6/><D22/><U114/><E114/><V108/><F108/><W80/><G80/><T111/><D111/><U67/><E38/><V112/><F112/><W127/><G127/><T36/><D62/><U63/><E37/><V13/><F29/><W92/><G92/><T54/><D54/><U122/><E67/><V27/><F27/><W126/><G126/><T118/><D118/><U94/><E1/><V85/><F77/><W20/><G8/><T21/><D21/><U26/><REACH who="1" step="1"/><E122/><REACH who="1" ten="425,212,35,318" step="2"/><V44/><F61/><W115/><G115/><T69/><D36/><U11/><E11/><V31/><F31/><W98/><G106/><T12/><D10/><U110/><E110/><V121/><F121/><W131/><G131/><T76/><D6/><U109/><E109/><V60/><F60/><W117/><G117/><T2/><D2/><U0/><E0/><V133/><F133/><W5/><G5/><T102/><D71/><U134/><E134/><V30/><F30/><W42/><G19/><T25/><D70/><U128/><E128/><V34/><F34/><W97/><G42/><T125/><D43/><U3/><E3/><V66/><F66/><W64/><G64/><T48/><D125/><U57/><E57/><V116/><F116/><W32/><G32/><T35/><D69/><U28/><E28/><V104/><F41/><RYUUKYOKU ba="1,1" sc="425,-15,212,15,35,-15,318,15" hai1="4,7,16,23,26,56,63,65,82,84,94,99,100" hai3="17,20,53,55,73,79,83,89,95,97,98,101,105" />
</Scene>
<Scene>
<INIT seed="5,2,1,3,2,58" ten="410,227,20,333" oya="1" hai0="6,114,45,111,8,115,5,129,121,55,43,102,66" hai1="79,119,23,78,1,104,31,63,122,107,28,0,110" hai2="132,89,33,27,49,19,95,35,2,53,92,112,21" hai3="14,125,51,3,50,12,34,41,118,126,39,99,97"/><U109/><E119/><V88/><F2/><N who="1" m="1129" /><E122/><V83/><F132/><W81/><G3/><T82/><D111/><N who="1" m="42507" /><E63/><V135/><F135/><W56/><G34/><T32/><D102/><U67/><E67/><V18/><F112/><W93/><G81/><T76/><D55/><U130/><E23/><V20/><F83/><W17/><G118/><T68/><D66/><U133/><E133/><V128/><F128/><W134/><G134/><T11/><D129/><U47/><E47/><V37/><F37/><W98/><G39/><T71/><D45/><U7/><E7/><V103/><F103/><W60/><G41/><T91/><D43/><U124/><E130/><V26/><REACH who="2" step="1"/><F53/><REACH who="2" ten="410,227,10,333" step="2"/><N who="3" m="33807" /><G125/><T59/><D115/><U64/><E124/><V113/><F113/><W22/><G126/><T61/><D114/><U38/><E38/><V30/><F30/><W70/><G70/><T72/><D71/><U127/><E127/><V44/><F44/><W75/><G75/><T9/><D68/><U36/><E36/><V65/><F65/><W87/><G12/><T96/><D72/><U52/><E64/><V62/><F62/><W13/><G13/><T117/><D61/><U42/><E52/><V29/><F29/><W116/><G116/><T106/><D117/><U80/><E80/><V105/><F105/><W94/><G94/><T131/><D106/><U4/><E104/><V16/><F16/><W100/><G100/><T40/><D82/><U57/><E107/><V25/><F25/><W46/><G46/><T15/><D131/><U48/><E28/><V101/><F101/><W73/><G73/><RYUUKYOKU ba="2,2" sc="410,-15,227,-15,10,15,333,15" hai2="18,19,20,21,26,27,33,35,49,88,89,92,95" hai3="14,17,22,50,51,87,93,97,98,99" />
</Scene>
<Scene>
<INIT seed="6,3,2,0,5,3" ten="395,212,25,348" oya="2" hai0="4,57,43,106,33,51,71,44,112,5,94,29,0" hai1="124,121,42,77,27,7,103,82,74,116,92,97,37" hai2="110,20,105,54,111,98,2,135,25,89,61,65,6" hai3="85,122,80,91,13,49,117,19,102,55,115,46,36"/><V75/><F75/><W107/><G122/><T15/><D71/><U60/><E116/><V127/><F127/><W64/><G117/><T90/><D106/><U50/><E124/><V48/><F135/><W16/><G115/><T22/><D0/><U109/><E109/><N who="2" m="41483" /><F105/><W70/><G36/><T69/><D69/><U120/><E37/><V123/><F123/><N who="1" m="47177" /><E60/><V95/><F2/><W32/><G32/><T81/><D112/><U39/><E27/><V129/><F129/><W35/><G35/><T38/><D33/><U132/><E132/><V45/><F6/><N who="0" m="2666" /><D38/><U11/><E7/><V119/><F119/><W101/><G107/><T126/><D126/><U131/><E131/><V113/><F113/><W114/><G114/><T99/><D81/><U18/><E39/><V128/><F128/><W21/><G70/><T67/><D29/><U83/><E83/><V23/><F25/><N who="3" m="14503" /><G64/><T87/><D99/><U58/><E82/><V53/><F53/><W78/><G78/><T76/><D76/><U96/><E77/><V40/><F54/><W133/><G133/><T1/><D1/><U63/><E97/><V28/><F28/><W66/><G66/><T41/><D41/><U134/><E42/><V30/><F30/><W108/><G108/><T88/><D67/><U34/><E134/><V31/><F31/><W26/><G26/><T130/><D130/><U62/><E34/><V79/><F79/><W73/><G73/><T100/><D43/><U59/><E74/><V24/><F24/><W68/><G68/><AGARI ba="3,2" hai="20,23,40,45,48,61,65,68,89,95,98" m="41483" machi="68" ten="30,1500,0" yaku="10,1" doraHai="3" who="2" fromWho="3" sc="395,0,212,0,25,44,348,-24" />
</Scene>
<Scene>
<INIT seed="6,4,0,2,5,130" ten="395,212,69,324" oya="2" hai0="114,76,79,122,111,12,107,95,61,17,7,4,2" hai1="44,133,34,70,126,72,14,56,20,59,74,94,90" hai2="104,26,116,53,50,27,92,1,55,112,109,118,23" hai3="120,62,131,113,0,16,48,9,10,132,97,83,119"/><V18/><F104/><W8/><G120/><T135/><D107/><U81/><E34/><V115/><F1/><W96/><G119/><N who="2" m="45609" /><F92/><W105/><G131/><T91/><D2/><U63/><E70/><V93/><F93/><W22/><G0/><T127/><D122/><U52/><E81/><V98/><F98/><N who="3" m="37995" /><G113/><N who="2" m="43593" /><F109/><W30/><G132/><T11/><D135/><U100/><E133/><V88/><F88/><W29/><G62/><T66/><D111/><U77/><E100/><V101/><F101/><W21/><G105/><T124/><D114/><U41/><E77/><V84/><F84/><W102/><G102/><T117/><D117/><U69/><E74/><V25/><F50/><W125/><G83/><T121/><D121/><U31/><E72/><V42/><F42/><W51/><G125/><N who="0" m="48203" /><D79/><U106/><E126/><V128/><F128/><W40/><G40/><T64/><D76/><U123/><E106/><V73/><F73/><W67/><G51/><T28/><D95/><U60/><E123/><V15/><AGARI ba="4,0" hai="15,18,23,25,26,27,53,55" m="43593,45609" machi="15" ten="40,2100,0" yaku="15,1" doraHai="130" who="2" fromWho="2" sc="395,-11,212,-11,69,33,324,-11" />
</Scene>
<Scene>
<INIT seed="6,5,0,3,4,104" ten="384,201,102,313" oya="2" hai0="123,46,65,19,118,124,29,17,106,125,21,86,7" hai1="71,121,112,120,62,73,76,129,58,94,108,5,95" hai2="68,27,24,88,34,75,48,113,81,107,127,85,126" hai3="25,54,26,135,117,12,35,116,119,101,111,57,70"/><V6/><F107/><W109/><G70/><T128/><D106/><U74/><E108/><V8/><F68/><W40/><G101/><T59/><D123/><N who="1" m="47179" /><E112/><V105/><F105/><W51/><G135/><T67/><D46/><U84/><E71/><V92/><F113/><W11/><G40/><T90/><D29/><U32/><E32/><V49/><F48/><W77/><G77/><T60/><D7/><U31/><E31/><V61/><F61/><W16/><REACH who="3" step="1"/><G35/><REACH who="3" ten="384,201,102,303" step="2"/><T44/><D118/><U39/><E76/><N who="2" m="44191" /><F34/><W102/><G102/><T2/><D124/><N who="2" m="47658" /><F49/><W23/><G23/><T56/><D21/><U97/><E39/><V69/><F69/><W96/><G96/><T30/><D125/><U83/><E97/><V10/><F10/><W4/><G4/><T20/><D20/><U64/><E5/><V41/><F41/><W130/><G130/><T33/><D128/><U115/><E129/><V72/><F72/><N who="1" m="27753" /><E115/><V63/><F63/><W38/><G38/><T45/><D60/><U37/><E37/><V55/><F55/><W98/><G98/><T0/><D33/><U80/><E84/><V15/><AGARI ba="5,1" hai="6,8,15,24,27,85,88,92" m="47658,44191" machi="15" ten="30,6000,0" yaku="18,1,52,1,54,1" doraHai="104" who="2" fromWho="2" sc="384,-25,201,-25,102,85,303,-25" />
</Scene>
<Scene>
<INIT seed="6,6,0,3,4,78" ten="359,176,187,278" oya="2" hai0="58,42,6,114,85,35,3,84,75,9,56,33,133" hai1="108,130,63,44,71,124,126,37,119,86,106,11,17" hai2="90,72,38,103,118,41,53,129,112,74,76,102,87" hai3="111,81,101,131,73,128,24,8,22,31,40,135,89"/><V93/><F38/><W68/><G68/><T28/><D75/><N who="2" m="28714" /><F41/><W46/><G111/><T62/><D114/><U20/><E108/><V132/><F53/><W57/><G135/><T120/><D133/><U61/><E119/><V107/><F132/><W97/><G8/><T23/><D120/><U43/><E106/><V1/><F1/><W34/><G57/><T91/><D42/><U50/><E130/><N who="3" m="49706" /><G22/><T69/><D85/><U2/><E71/><V77/><F118/><W123/><G123/><T59/><D69/><U115/><E115/><V104/><F112/><W0/><G0/><T95/><D62/><U47/><E86/><N who="2" m="52439" /><F129/><W26/><G26/><T15/><D3/><U45/><E11/><V4/><F4/><W49/><G73/><T29/><D35/><U100/><E100/><N who="2" m="38443" /><F77/><W83/><G89/><T116/><D33/><U134/><E134/><V25/><F25/><W98/><G101/><T82/><D116/><U39/><E2/><V109/><F109/><W125/><G125/><N who="1" m="48234" /><E17/><V122/><F122/><W67/><G67/><T64/><D64/><U5/><E5/><V96/><F96/><AGARI ba="6,0" hai="24,31,34,40,46,49,81,83,96,97,98" m="49706" machi="96" ten="30,3900,0" yaku="19,1,52,2" doraHai="78" who="3" fromWho="2" sc="359,0,176,0,187,-57,278,57" />
</Scene>
<Scene>
<INIT seed="7,0,0,5,4,4" ten="359,176,130,335" oya="3" hai0="115,50,40,30,84,118,52,42,125,69,2,39,62" hai1="133,117,98,81,59,72,80,116,29,61,9,11,114" hai2="41,37,128,97,57,15,8,100,74,130,36,90,127" hai3="91,95,77,1,17,122,0,7,99,110,54,28,103"/><W119/><G119/><N who="1" m="45642" /><E114/><V33/><F33/><W27/><G122/><T135/><D118/><U64/><E133/><V121/><F74/><W123/><G123/><T3/><D42/><U24/><E72/><V79/><F121/><W107/><G110/><T32/><D50/><U46/><E46/><V102/><F79/><W106/><G17/><T134/><D84/><U35/><E98/><V38/><F127/><W16/><G77/><T25/><D115/><U76/><E76/><V63/><F41/><W10/><G16/><T67/><D52/><U22/><E35/><V104/><F100/><W82/><G0/><N who="0" m="43" /><D125/><U13/><E9/><V105/><F105/><W43/><G43/><T45/><AGARI ba="0,0" hai="25,30,32,39,40,45,62,67,69,134,135" m="43" machi="45" ten="30,1100,0" yaku="23,1" doraHai="4" who="0" fromWho="0" sc="359,11,176,-3,130,-3,335,-5" owari="370,47.0,173,-23.0,127,-37.0,330,13.0" />
</Scene>
</mjloggm>