<mjloggm ver="2.3"><GO type="169" lobby="0"/><UN n0="%E5%A4%AA%E3%81%8F%E3%81%AA%E3%81%84%E3%81%8A" n1="%4E%41%4F%33%39" n2="%7A%65%61%6C%E2%88%AB" n3="%E3%81%BF%E3%81%BF%E3%81%9A" dan="17,16,17,17" rate="2151.38,2053.98,2151.87,2267.02" sx="M,M,M,M"/><TAIKYOKU oya="0"/>

<Scene>
<INIT seed="0,0,0,5,0,93" ten="250,250,250,250" oya="0" hai0="76,80,127,116,91,34,63,49,33,112,95,36,29" hai1="109,88,82,1,51,8,45,3,131,62,42,27,13" hai2="129,102,10,130,54,2,113,65,9,74,44,20,52" hai3="115,89,41,7,118,23,46,25,99,87,60,97,86"/><T56/><D36/><U105/><E105/><V94/><F113/><W43/><G115/><T121/><D112/><U0/><E109/><V111/><F74/><W100/><G118/><T11/><D116/><U53/><E131/><N who="2" m="50187" /><F65/><W30/><G7/><T120/><D49/><U69/><E27/><V70/><F70/><W72/><G72/><T28/><D11/><N who="2" m="4106" /><F2/><W47/><G60/><T18/><D18/><U85/><E69/><V135/><F135/><W68/><G68/><T124/><D28/><U39/><E62/><V67/><F67/><W71/><G71/><T17/><D17/><U31/><E31/><V40/><F20/><W90/><G100/><T126/><D29/><U16/><REACH who="1" step="1"/><E0/><REACH who="1" ten="250,240,250,250" step="2"/><V32/><F111/><W133/><G30/><T122/><D63/><U78/><E78/><V81/><F32/><W22/><G133/><T108/><D108/><U4/><E4/><V75/><F75/><W104/><G104/><T26/><D26/><AGARI ba="0,1" hai="22,23,25,26,41,43,46,47,86,87,89,90,97,99" machi="26" ten="25,8000,1" yaku="22,2,8,1,52,2" doraHai="93" who="3" fromWho="0" sc="250,-80,240,0,250,0,250,90" />
</Scene>
<Scene>
<INIT seed="1,0,0,0,0,49" ten="170,240,250,340" oya="1" hai0="119,50,3,132,75,74,40,79,92,59,76,25,82" hai1="21,38,104,24,93,46,135,88,65,121,111,80,33" hai2="62,115,117,87,27,48,13,97,63,123,7,130,9" hai3="58,67,73,128,106,6,81,114,16,124,37,36,60"/><U112/><E104/><V11/><F117/><W29/><G114/><T127/><D119/><U34/><E112/><V44/><F115/><W23/><G106/><T52/><D3/><U91/><E121/><V125/><F123/><W103/><G103/><T42/><D127/><U72/><E65/><V113/><F113/><W56/><G29/><T8/><D132/><U43/><E135/><V18/><F125/><W30/><G30/><T77/><D25/><U95/><E111/><V10/><F130/><W83/><G124/><T101/><D8/><U61/><E61/><V69/><F97/><W134/><G6/><T90/><D101/><U2/><E2/><V41/><F69/><W54/><G134/><T78/><REACH who="0" step="1"/><D75/><REACH who="0" ten="160,240,250,340" step="2"/><U110/><E110/><V12/><F27/><N who="3" m="14823" /><G73/><T102/><D102/><U70/><E72/><V100/><F100/><W118/><G118/><T57/><D57/><U116/><E116/><V32/><F32/><W96/><G128/><T17/><D17/><U122/><E122/><V55/><F11/><W131/><G131/><T99/><AGARI ba="0,1" hai="40,42,50,52,59,74,76,77,78,79,82,90,92,99" machi="99" ten="30,7900,0" yaku="1,1,0,1,52,1,54,1,53,0" doraHai="49" doraHaiUra="68" who="0" fromWho="0" sc="160,89,240,-39,250,-20,340,-20" />
</Scene>
<Scene>
<INIT seed="2,0,0,5,3,112" ten="249,201,230,320" oya="2" hai0="7,135,54,90,124,67,117,97,125,64,120,58,101" hai1="13,131,78,91,26,20,121,3,73,66,25,79,27" hai2="42,29,85,92,53,128,81,130,103,33,82,133,22" hai3="14,63,46,123,75,47,71,118,30,17,126,115,84"/><V119/><F33/><W86/><G75/><T16/><D7/><U99/><E3/><V122/><F122/><W109/><G123/><T1/><D1/><U65/><E121/><V57/><F42/><W38/><G118/><T35/><D35/><U114/><E114/><V60/><F133/><W111/><G30/><T4/><D4/><U70/><E70/><V39/><F39/><W77/><G115/><T93/><D120/><U8/><E20/><V132/><F132/><W129/><G129/><N who="2" m="49769" /><F119/><W2/><G2/><T6/><D6/><N who="1" m="3223" /><E73/><V127/><F127/><N who="0" m="48714" /><D135/><U24/><N who="1" m="6656" /><DORA hai="110" /><U100/><E100/><V106/><F106/><W88/><G126/><T87/><D16/><U56/><E131/><V83/><F29/><W51/><G38/><T62/><D117/><U0/><E0/><V102/><F22/><W31/><G31/><T23/><D23/><U107/><E107/><AGARI ba="0,0" hai="54,58,62,64,67,87,90,93,97,101,107" m="48714" machi="107" ten="30,1000,0" yaku="18,1" doraHai="112,110" who="0" fromWho="1" sc="249,10,201,-10,230,0,320,0" />
</Scene>
<Scene>
<INIT seed="3,0,0,1,4,67" ten="259,191,230,320" oya="3" hai0="85,5,18,82,35,129,90,48,58,116,0,98,95" hai1="50,8,130,106,15,47,87,34,78,20,131,103,42" hai2="135,9,79,96,127,132,122,94,46,73,104,108,13" hai3="10,11,74,99,62,89,71,21,125,124,24,64,120"/><W76/><G120/><T33/><D116/><U45/><E34/><V109/><F104/><W66/><G76/><T59/><D129/><U14/><E106/><V80/><F122/><W105/><G74/><T75/><D75/><U113/><E103/><N who="2" m="60823" /><F46/><W72/><G72/><T41/><D0/><U65/><E113/><V69/><F69/><W40/><G40/><T17/><D5/><U119/><E119/><V86/><F127/><N who="3" m="48715" /><G66/><T2/><D2/><U115/><E115/><V26/><F26/><W56/><G56/><N who="0" m="21547" /><D33/><U92/><E65/><V36/><F36/><W25/><G25/><T102/><D35/><U133/><E47/><AGARI ba="0,0" hai="17,18,41,47,48,82,85,90,95,98,102" m="21547" machi="47" ten="30,1000,0" yaku="8,1" doraHai="67" who="0" fromWho="1" sc="259,10,191,-10,230,0,320,0" />
</Scene>
<Scene>
<INIT seed="4,0,0,2,2,66" ten="269,181,230,320" oya="0" hai0="49,123,89,99,75,21,129,42,95,121,79,93,126" hai1="104,67,83,25,46,87,33,108,57,116,102,103,23" hai2="41,15,78,97,76,60,84,36,18,112,65,32,114" hai3="28,113,118,81,58,44,19,34,69,27,6,124,117"/><T47/><D126/><U24/><E116/><V0/><F32/><W52/><G124/><T111/><D129/><U3/><E3/><V30/><F30/><W120/><G69/><T96/><D111/><U10/><E108/><V1/><F97/><W127/><G127/><T59/><D21/><U106/><E10/><V128/><F128/><W101/><G6/><T20/><D20/><U61/><E33/><V91/><F41/><W94/><G44/><T92/><D59/><U35/><E35/><V17/><F36/><W132/><G132/><T29/><D29/><U43/><E104/><V4/><F4/><W125/><G125/><T56/><D56/><U54/><E54/><V8/><F18/><W63/><G113/><N who="2" m="43625" /><F1/><W109/><G109/><T72/><D93/><U39/><E106/><V2/><F2/><W122/><G81/><T11/><D11/><U115/><E115/><V135/><F135/><W64/><G19/><T131/><D131/><U88/><REACH who="1" step="1"/><E25/><REACH who="1" ten="269,171,230,320" step="2"/><V71/><F0/><W45/><G118/><T134/><D134/><U85/><E85/><V31/><F84/><W55/><G117/><T74/><REACH who="0" step="1"/><D79/><REACH who="0" ten="259,171,230,320" step="2"/><U13/><E13/><V90/><F78/><W105/><G105/><T130/><D130/><U68/><E68/><V119/><F76/><W82/><G27/><T62/><D62/><U9/><E9/><V110/><F119/><W37/><G63/><T16/><D16/><AGARI ba="0,2" hai="16,23,24,39,43,46,57,61,67,83,87,88,102,103" machi="16" ten="30,8000,1" yaku="1,1,7,1,54,2,53,1" doraHai="66" doraHaiUra="77" who="1" fromWho="0" sc="259,-80,171,100,230,0,320,0" />
</Scene>
<Scene>
<INIT seed="5,0,0,2,0,131" ten="179,271,230,320" oya="1" hai0="13,62,35,58,101,56,10,59,66,55,126,85,107" hai1="27,104,110,79,122,70,72,45,50,94,47,78,39" hai2="83,15,60,32,134,54,28,71,11,1,57,132,98" hai3="29,8,95,41,5,76,123,12,67,97,25,18,130"/><U77/><E104/><V118/><F118/><W90/><G123/><T40/><D35/><U127/><E70/><V73/><F1/><W69/><G130/><T37/><D126/><U106/><E106/><V65/><F98/><W2/><G41/><T109/><D109/><U31/><E122/><V33/><F73/><W4/><G76/><T117/><D117/><U36/><E72/><V49/><F83/><W44/><G44/><N who="0" m="23567" /><D85/><U3/><E3/><V86/><F86/><W81/><G81/><T30/><D30/><U17/><E17/><V9/><F9/><W14/><G14/><T103/><D13/><U115/><E127/><V89/><F89/><W111/><G111/><T96/><D10/><U119/><E119/><V21/><F21/><W114/><G114/><T22/><D22/><U16/><E115/><V102/><F102/><W135/><G67/><T46/><D101/><U133/><E47/><V24/><REACH who="2" step="1"/><F32/><REACH who="2" ten="179,271,220,320" step="2"/><N who="3" m="20527" /><G2/><T38/><D103/><U43/><E110/><V112/><F112/><W52/><G8/><T64/><D96/><U68/><E78/><V53/><F53/><W0/><G52/><N who="0" m="34055" /><D107/><U7/><E77/><V129/><F129/><W105/><G105/><T88/><D88/><U100/><E79/><V20/><F20/><W84/><G0/><T121/><D121/><U113/><E100/><V19/><AGARI ba="0,1" hai="11,15,19,24,28,33,49,54,57,60,65,71,132,134" machi="19" ten="30,7900,0" yaku="1,1,0,1,52,2,53,0" doraHai="131" doraHaiUra="34" who="2" fromWho="2" sc="179,-20,271,-39,220,89,320,-20" />
</Scene>
<Scene>
<INIT seed="6,0,0,2,5,119" ten="159,232,309,300" oya="2" hai0="68,116,15,63,22,26,93,133,83,77,100,103,67" hai1="47,6,21,29,92,115,70,59,135,74,120,88,52" hai2="44,31,54,81,60,0,118,122,98,4,123,9,36" hai3="89,107,108,130,42,14,85,64,33,7,11,128,41"/><V131/><F118/><W111/><G107/><T134/><D15/><U10/><E70/><V99/><F31/><W46/><G33/><T129/><D116/><U101/><E74/><V106/><F131/><N who="3" m="50219" /><G64/><T30/><D129/><U109/><E109/><N who="3" m="42058" /><G46/><T25/><D25/><N who="1" m="16559" /><E115/><V3/><F106/><W121/><G121/><T32/><D32/><U37/><E120/><V82/><F44/><W48/><G48/><T96/><REACH who="0" step="1"/><D103/><REACH who="0" ten="149,232,309,300" step="2"/><U1/><E101/><V97/><F122/><W73/><G73/><AGARI ba="0,1" hai="22,26,30,63,67,68,73,77,83,93,96,100,133,134" machi="73" ten="40,2600,0" yaku="1,1,2,1,53,0" doraHai="119" doraHaiUra="8" who="0" fromWho="3" sc="149,36,232,0,309,0,300,-26" />
</Scene>
<Scene>
<INIT seed="7,0,0,0,5,95" ten="185,232,309,274" oya="3" hai0="33,59,6,42,123,79,69,110,58,18,46,1,71" hai1="14,107,39,68,27,25,112,57,20,74,131,52,15" hai2="30,50,47,56,76,116,3,82,135,40,100,16,41" hai3="120,132,83,48,130,90,24,22,108,11,2,44,105"/><W37/><G120/><T36/><D33/><U70/><E39/><V88/><F116/><W65/><G105/><T114/><D18/><U35/><E74/><V133/><F3/><W78/><G65/><T113/><D79/><U111/><E111/><V10/><F30/><W98/><G37/><T92/><D6/><U38/><E38/><V109/><F100/><W118/><G118/><T97/><D1/><U49/><E107/><V8/><F88/><W93/><G130/><T7/><D7/><U85/><E131/><V87/><F109/><W86/><G132/><N who="2" m="50761" /><F41/><W124/><G124/><T4/><D4/><U125/><E125/><V62/><F16/><N who="3" m="12359" /><G2/><T0/><D0/><U54/><E35/><V126/><F126/><W32/><G32/><T89/><D110/><U128/><E128/><V122/><F122/><W26/><G108/><T9/><D9/><U61/><E27/><V106/><F106/><W91/><G26/><T19/><D19/><U55/><E68/><N who="0" m="26185" /><D123/><U60/><E70/><V81/><F81/><W21/><G21/><T96/><D96/><U31/><E85/><V77/><F77/><W99/><G11/><T119/><D119/><U53/><E112/><AGARI ba="0,0" hai="36,42,46,58,59,89,92,97,112,113,114" m="26185" machi="112" ten="30,3900,0" yaku="15,1,11,1,52,1" doraHai="95" who="0" fromWho="1" sc="185,39,232,-39,309,0,274,0" owari="224,-18.0,193,-31.0,309,42.0,274,7.0" />
</Scene>
</mjloggm>