<mjloggm ver="2.3"><GO type="169" lobby="0"/><UN n0="%E3%82%8A%E3%81%A8%E3%82%8B%E3%80%82%E3%80%82" n1="%E5%A4%AA%E3%81%8F%E3%81%AA%E3%81%84%E3%81%8A" n2="%E6%9D%89%E6%B5%A6%E4%BC%8A%E6%BE%84" n3="%E3%81%BE%E3%81%8A%E3%82%89%E3%82%93" dan="17,18,16,16" rate="2126.26,2164.24,2126.20,2043.38" sx="M,M,M,M"/><TAIKYOKU oya="0"/>

<Scene>
<INIT seed="0,0,0,5,4,56" ten="250,250,250,250" oya="0" hai0="10,127,58,91,42,70,65,131,102,111,82,89,125" hai1="43,28,95,73,46,63,77,109,64,59,34,114,41" hai2="66,115,108,84,29,79,81,4,21,101,54,55,88" hai3="5,129,13,8,71,60,100,123,32,3,9,40,122"/><T133/><D70/><U0/><E0/><V33/><F115/><W92/><G32/><T113/><D113/><U96/><E114/><V12/><F33/><W67/><G40/><T52/><D65/><U26/><E109/><V86/><F101/><W49/><G49/><T45/><D111/><U80/><REACH who="1" step="1"/><E46/><REACH who="1" ten="250,240,250,250" step="2"/><V90/><F108/><W51/><G129/><T48/><D131/><U37/><E37/><V61/><F79/><W24/><G122/><T120/><D120/><U119/><E119/><V116/><F116/><W126/><G123/><T31/><D127/><U16/><E16/><V128/><F128/><W1/><G1/><T104/><D125/><U15/><E15/><V20/><F29/><W39/><G39/><T105/><D31/><U98/><E98/><V6/><F12/><W7/><G126/><T78/><D78/><U44/><E44/><V27/><F27/><W99/><G24/><T36/><D36/><U76/><E76/><V97/><F97/><W106/><REACH who="3" step="1"/><G51/><REACH who="3" ten="250,240,250,240" step="2"/><T30/><D48/><U94/><E94/><AGARI ba="0,2" hai="3,5,7,8,9,13,60,67,71,92,94,99,100,106" machi="94" ten="40,5200,0" yaku="1,1,2,1,52,1,53,0" doraHai="56" doraHaiUra="68" who="3" fromWho="1" sc="250,0,240,-52,250,0,240,72" />
</Scene>
<Scene>
<INIT seed="1,0,0,1,1,96" ten="250,188,250,312" oya="1" hai0="26,133,54,112,75,32,108,130,48,20,86,27,22" hai1="107,65,12,99,95,87,102,109,100,55,79,4,128" hai2="135,120,7,67,2,97,81,59,17,68,11,91,3" hai3="5,88,118,69,82,28,92,44,94,19,121,18,29"/><U21/><E128/><V6/><F120/><W116/><G69/><T36/><D75/><U72/><E65/><V131/><F131/><W123/><G5/><T66/><D36/><U76/><E72/><V132/><F68/><W49/><G82/><T35/><D112/><U39/><E39/><V124/><F124/><W114/><G92/><T61/><D133/><N who="2" m="51274" /><F17/><N who="3" m="6155" /><G114/><T103/><D108/><U10/><E109/><V110/><F110/><W15/><G15/><T53/><D86/><U51/><E21/><V105/><F81/><W23/><G23/><T78/><D78/><N who="1" m="29739" /><E107/><V62/><F7/><W60/><G60/><T84/><D84/><U9/><E87/><V106/><F2/><W8/><G8/><T14/><D130/><U16/><E10/><V63/><F63/><W134/><G134/><T64/><D61/><U117/><E4/><V47/><F47/><W13/><G13/><T43/><D14/><U125/><E125/><V58/><F58/><W41/><G121/><T104/><D104/><U119/><E119/><N who="3" m="45610" /><G123/><T46/><D46/><N who="1" m="28151" /><E117/><V37/><F106/><W126/><G126/><T40/><D48/><U129/><E129/><V127/><F127/><W80/><G80/><T38/><D38/><U42/><E42/><V113/><F37/><W74/><G74/><T31/><D31/><U0/><E0/><V25/><F113/><W122/><G122/><T24/><D24/><U52/><E52/><V57/><F25/><W89/><G94/><T98/><D98/><U34/><E34/><V45/><F105/><W30/><AGARI ba="0,0" hai="28,29,30,41,44,49,88,89" m="45610,6155" machi="30" ten="40,2700,0" yaku="12,1,54,1" doraHai="96" who="3" fromWho="3" sc="250,-7,188,-13,250,-7,312,27" />
</Scene>
<Scene>
<INIT seed="2,0,0,0,0,45" ten="243,175,243,339" oya="2" hai0="9,77,107,56,32,47,12,86,130,99,17,135,52" hai1="1,87,21,121,132,24,127,128,2,60,114,111,10" hai2="55,44,8,115,118,11,123,109,106,16,83,65,50" hai3="7,25,80,85,70,79,54,116,4,57,20,100,58"/><V92/><F123/><W68/><G116/><T23/><D32/><U5/><E114/><V28/><F118/><W117/><G117/><T71/><D71/><U113/><E113/><V51/><F115/><W13/><G70/><T39/><D130/><U64/><E128/><V18/><F106/><W3/><G68/><T26/><D135/><U66/><E132/><V6/><F28/><W42/><G3/><T14/><D107/><U69/><E121/><V97/><F65/><W33/><G100/><T134/><D99/><U38/><E66/><V27/><F83/><W103/><G57/><T74/><D74/><U119/><E119/><V31/><F109/><W94/><G42/><T22/><D39/><U96/><E38/><V48/><F31/><W36/><G13/><T104/><D47/><U112/><E112/><V89/><F27/><W93/><G33/><T41/><D41/><U95/><E87/><V63/><F63/><W37/><G37/><T88/><D77/><U29/><E111/><V102/><F102/><W81/><G81/><N who="0" m="49231" /><D104/><U125/><REACH who="1" step="1"/><E2/><REACH who="1" ten="243,165,243,339" step="2"/><V53/><F11/><W62/><G36/><T101/><D134/><U76/><E76/><V91/><F91/><AGARI ba="0,1" hai="1,5,10,21,24,29,60,64,69,91,95,96,125,127" machi="91" ten="40,2600,0" yaku="1,1,53,1" doraHai="45" doraHaiUra="34" who="1" fromWho="2" sc="243,0,165,36,243,-26,339,0" />
</Scene>
<Scene>
<INIT seed="3,0,0,3,2,58" ten="243,201,217,339" oya="3" hai0="81,75,14,112,62,57,134,121,126,35,67,131,102" hai1="44,2,32,28,22,82,34,90,78,111,125,64,83" hai2="73,65,124,52,97,50,127,89,49,106,31,56,118" hai3="54,128,108,39,41,98,48,77,129,120,122,55,40"/><W24/><G77/><T61/><D121/><N who="3" m="46697" /><G98/><T7/><D35/><U103/><E2/><V91/><F73/><W42/><G24/><T133/><D102/><U17/><E28/><V84/><F118/><W53/><G39/><T85/><D75/><U6/><E78/><V110/><F110/><W66/><G66/><T25/><D25/><U123/><E64/><V45/><F31/><W27/><G27/><T116/><D116/><U13/><E111/><V119/><F119/><W113/><G108/><T3/><D3/><U74/><E103/><V20/><F20/><W107/><G107/><T23/><D7/><U19/><E6/><V69/><F69/><W46/><G113/><T26/><D14/><U63/><E13/><V86/><F106/><W115/><G115/><T88/><D112/><U76/><E76/><V9/><F9/><W59/><G55/><T15/><D15/><U8/><E8/><V29/><F29/><W36/><G36/><T79/><D79/><U11/><E11/><V132/><F65/><W43/><G43/><T72/><D72/><U130/><E123/><V135/><F97/><W38/><G38/><T5/><D5/><U117/><E74/><V104/><F104/><W33/><G33/><T71/><D131/><U99/><E130/><V109/><F109/><W93/><G93/><T37/><D37/><U105/><E105/><V12/><F12/><W0/><G0/><T18/><REACH who="0" step="1"/><D126/><REACH who="0" ten="233,201,217,339" step="2"/><U87/><E125/><V47/><F127/><W96/><G128/><T16/><D16/><U70/><E117/><V95/><F124/><W21/><G129/><RYUUKYOKU ba="0,1" sc="233,30,201,-10,217,-10,339,-10" hai0="18,23,26,57,61,62,67,71,81,85,88,133,134" />
</Scene>
<Scene>
<INIT seed="4,1,1,4,0,25" ten="263,191,207,329" oya="0" hai0="109,58,134,110,80,20,33,81,18,113,62,72,12" hai1="21,10,59,87,31,119,63,86,122,71,3,60,106" hai2="76,17,114,130,129,48,54,23,125,5,68,11,91" hai3="29,112,22,47,13,53,84,51,79,46,9,97,73"/><T102/><D113/><U44/><E119/><V93/><F68/><W95/><G73/><T124/><D134/><U83/><E122/><V132/><F76/><W32/><G32/><T77/><D124/><U92/><E106/><V117/><F114/><W107/><G107/><T57/><D33/><U4/><E44/><V45/><F125/><W101/><G112/><T69/><D102/><U64/><E92/><V0/><F132/><W61/><G61/><T6/><D6/><U38/><E38/><V133/><F133/><W128/><G47/><T34/><D34/><U99/><E99/><V49/><F49/><W100/><G101/><T1/><D1/><U55/><REACH who="1" step="1"/><E83/><REACH who="1" ten="263,181,207,329" step="2"/><V121/><F121/><W111/><G97/><T24/><D81/><U67/><E67/><V118/><F93/><W27/><G95/><T88/><D110/><U85/><E85/><V89/><F89/><W2/><G111/><T126/><D126/><U42/><E42/><V116/><REACH who="2" step="1"/><F91/><REACH who="2" ten="263,181,197,329" step="2"/><W7/><G79/><T26/><D88/><U94/><E94/><V96/><F96/><W115/><G115/><T39/><D109/><U104/><E104/><V35/><F35/><W98/><G98/><T43/><D39/><U108/><E108/><V66/><F66/><W90/><G90/><T41/><D80/><U74/><E74/><V105/><F105/><W78/><G78/><T56/><D72/><U65/><E65/><V82/><F82/><W75/><G75/><T30/><D77/><U135/><E135/><V19/><F19/><W15/><G84/><T8/><D18/><U52/><E52/><RYUUKYOKU ba="1,3" sc="263,-15,181,15,197,15,329,-15" hai1="3,4,10,21,31,55,59,60,63,64,71,86,87" hai2="0,5,11,17,23,45,48,54,116,117,118,129,130" />
</Scene>
<Scene>
<INIT seed="5,2,3,0,4,134" ten="248,196,212,314" oya="1" hai0="99,104,97,59,66,72,88,80,31,37,1,77,73" hai1="68,22,60,69,131,9,130,21,15,12,13,125,81" hai2="98,116,67,36,106,115,17,108,107,26,27,93,70" hai3="52,74,102,51,23,100,119,63,6,64,42,111,40"/><U35/><E35/><V47/><F108/><W75/><G111/><T109/><D1/><U45/><E9/><V41/><F116/><W24/><G6/><T5/><D109/><U53/><E81/><V0/><F0/><W7/><G7/><T56/><D37/><U113/><E113/><V14/><F115/><W121/><G121/><T48/><D5/><U65/><E68/><V11/><F67/><W79/><G79/><T94/><D73/><U4/><E4/><V29/><F70/><W135/><G135/><T92/><D104/><U128/><REACH who="1" step="1"/><E125/><REACH who="1" ten="248,186,212,314" step="2"/><V55/><F55/><W129/><G119/><T90/><D66/><U46/><E46/><V78/><F78/><W54/><G54/><T62/><D59/><U82/><E82/><V84/><F47/><W120/><G120/><T33/><D33/><U18/><E18/><V91/><F11/><W61/><G64/><T85/><D31/><U114/><E114/><V123/><F29/><W96/><G52/><N who="0" m="31751" /><D72/><U39/><E39/><V32/><F123/><W43/><G75/><T132/><D132/><U3/><E3/><V25/><F32/><W19/><G74/><T10/><D10/><U34/><E34/><V105/><F36/><W30/><G30/><T101/><D62/><U87/><E87/><V38/><F38/><W126/><G63/><T58/><D58/><U83/><E83/><V117/><F117/><W44/><G61/><T122/><D122/><U89/><E89/><AGARI ba="2,4" hai="77,80,85,88,89,90,92,94,97,99,101" m="31751" machi="89" ten="30,3900,0" yaku="8,1,54,2" doraHai="134" who="0" fromWho="1" sc="248,85,186,-45,212,0,314,0" />
</Scene>
<Scene>
<INIT seed="6,0,0,1,3,49" ten="333,141,212,314" oya="2" hai0="51,109,135,58,57,121,2,111,64,108,119,54,110" hai1="105,103,52,65,0,39,132,14,99,95,35,117,59" hai2="24,20,104,48,60,30,107,21,17,76,32,26,10" hai3="102,47,122,113,97,5,128,1,70,79,91,131,8"/><V114/><F114/><W112/><G70/><T63/><D2/><U98/><E0/><V88/><F76/><W74/><G91/><T55/><D110/><U126/><E117/><V106/><F60/><W27/><G122/><T127/><D121/><U19/><E39/><V123/><F123/><W115/><G27/><T16/><D119/><U18/><E35/><V37/><F37/><W134/><G134/><T9/><D135/><U61/><E132/><V75/><F75/><W11/><G11/><T62/><D127/><U12/><E126/><V77/><F77/><W86/><G86/><T7/><D7/><U85/><E85/><V93/><F10/><W73/><G47/><T94/><D94/><U67/><E14/><V25/><F48/><W33/><G33/><T92/><D92/><U38/><E38/><V101/><F101/><W125/><G125/><T15/><D109/><U46/><E46/><AGARI ba="0,0" hai="9,15,16,46,51,54,55,57,58,62,63,64,108,111" machi="46" ten="30,7700,0" yaku="7,1,52,2,54,1" doraHai="49" who="0" fromWho="1" sc="333,77,141,-77,212,0,314,0" />
</Scene>
<Scene>
<INIT seed="7,0,0,3,0,94" ten="410,64,212,314" oya="3" hai0="46,60,53,83,35,43,2,85,125,91,101,133,0" hai1="9,38,80,98,92,131,99,111,84,135,45,15,130" hai2="58,110,47,65,64,113,51,31,118,76,16,123,87" hai3="73,119,127,78,126,22,124,104,68,86,72,81,21"/><W28/><G68/><T90/><D35/><U134/><E38/><V102/><F31/><W8/><G119/><T33/><D33/><U88/><E45/><V19/><F102/><W66/><G66/><T1/><D133/><N who="1" m="50699" /><E15/><V108/><F118/><W74/><G104/><T17/><D101/><U120/><E9/><V59/><F47/><W75/><N who="3" m="18944" /><DORA hai="4" /><W122/><G122/><T52/><D125/><U7/><E7/><V55/><F51/><W27/><REACH who="3" step="1"/><G8/><REACH who="3" ten="410,64,212,304" step="2"/><T67/><D67/><U37/><E37/><V11/><F123/><W103/><G103/><T56/><D17/><U39/><E39/><V77/><F11/><W106/><G106/><T115/><D115/><U61/><E120/><V89/><F65/><W107/><G107/><T100/><D100/><N who="1" m="60487" /><E61/><V13/><F64/><W30/><G30/><T49/><D53/><U36/><E36/><V57/><F55/><W117/><G117/><T63/><D63/><U48/><E48/><V116/><F116/><W54/><G54/><T41/><D41/><U24/><E24/><V3/><F113/><W25/><G25/><T20/><D20/><AGARI ba="0,1" hai="20,21,22,27,28,78,81,86,124,126,127" m="18944" machi="20" ten="80,12000,1" yaku="1,1,18,1,53,1" doraHai="94,4" doraHaiUra="10,26" who="3" fromWho="0" sc="410,-120,64,0,212,0,304,130" owari="290,9.0,64,-44.0,212,-19.0,434,54.0" />
</Scene>
</mjloggm>