<mjloggm ver="2.3"><GO type="169" lobby="0"/><UN n0="%E3%81%91%E3%82%93%31%39%37%30" n1="%E3%83%AA%E3%83%BC%E3%83%81%EF%BC%91" n2="%E5%A4%AA%E3%81%8F%E3%81%AA%E3%81%84%E3%81%8A" n3="%E3%82%B5%E3%83%B3%E3%83%9E%E9%81%93%E6%A5%BD%E4%BB%A3%E8%A1%A8" dan="16,16,17,16" rate="2148.68,2128.40,2201.08,2068.18" sx="M,M,M,M"/><TAIKYOKU oya="0"/>

<Scene>
<INIT seed="0,0,0,3,2,51" ten="250,250,250,250" oya="0" hai0="88,19,23,85,54,115,47,133,74,17,35,112,129" hai1="12,72,81,124,99,127,30,5,76,13,103,102,121" hai2="116,53,87,26,48,2,14,29,52,126,114,108,16" hai3="118,80,67,4,7,96,0,27,122,11,84,105,63"/><T107/><D74/><U41/><E121/><V111/><F114/><W64/><G118/><T18/><D35/><U123/><E123/><V32/><F116/><W109/><G109/><N who="2" m="42057" /><F126/><N who="1" m="48169" /><E103/><V58/><F2/><W15/><G122/><T94/><D107/><U86/><E30/><V37/><F37/><W101/><G27/><T130/><D23/><U110/><E41/><V93/><F53/><W55/><G0/><T69/><D69/><U75/><E110/><V50/><F50/><W70/><G7/><T113/><D133/><U21/><E12/><V42/><F42/><W39/><G39/><T73/><D73/><U9/><E21/><N who="2" m="11415" /><F87/><W104/><G104/><AGARI ba="0,0" hai="5,9,13,72,75,76,81,86,99,102,104" m="48169" machi="104" ten="30,1000,0" yaku="18,1" doraHai="51" who="1" fromWho="3" sc="250,0,250,10,250,0,250,-10" />
</Scene>
<Scene>
<INIT seed="1,0,0,0,2,132" ten="250,260,250,240" oya="1" hai0="69,73,13,98,131,90,10,103,74,134,28,34,125" hai1="87,135,61,11,129,133,71,83,27,24,52,128,120" hai2="59,79,0,49,76,60,115,110,114,106,20,77,21" hai3="101,92,8,65,62,53,86,3,22,89,84,127,63"/><U85/><E11/><V25/><F0/><W81/><G53/><T123/><D69/><U41/><E41/><V108/><F106/><W124/><G101/><T43/><D43/><U56/><E71/><V116/><F49/><W15/><G3/><T121/><D34/><U82/><E120/><V23/><F25/><N who="1" m="9801" /><E83/><V64/><REACH who="2" step="1"/><F116/><REACH who="2" ten="250,260,240,240" step="2"/><W78/><G22/><T95/><D121/><U104/><E104/><V55/><F55/><W99/><G99/><T17/><D98/><U33/><E33/><V37/><F37/><W117/><G117/><T75/><D123/><U111/><E111/><AGARI ba="0,1" hai="20,21,23,59,60,64,76,77,79,108,110,111,114,115" machi="111" ten="50,3200,0" yaku="1,1,14,1,53,0" doraHai="132" doraHaiUra="7" who="2" fromWho="1" sc="250,0,260,-32,240,42,240,0" />
</Scene>
<Scene>
<INIT seed="2,0,0,2,3,14" ten="250,228,282,240" oya="2" hai0="107,57,15,101,55,70,98,85,104,29,24,40,8" hai1="21,17,37,66,91,128,89,32,117,121,43,23,92" hai2="62,2,71,64,41,83,106,3,4,56,47,19,72" hai3="46,54,36,134,88,28,0,6,75,78,69,60,103"/><V52/><F106/><W100/><G28/><T30/><D70/><U122/><E32/><V116/><F116/><W63/><G134/><T84/><D107/><U67/><E117/><V10/><F3/><W119/><G119/><T90/><D40/><U135/><E135/><V59/><F19/><W77/><G75/><T127/><D127/><U81/><E128/><V18/><F18/><W51/><G36/><T31/><D24/><U111/><E111/><V118/><F118/><W11/><G69/><T20/><D20/><U39/><E43/><V76/><REACH who="2" step="1"/><F52/><REACH who="2" ten="250,228,272,240" step="2"/><W12/><G63/><T109/><D109/><U129/><E17/><V115/><F115/><W79/><G60/><T124/><D55/><U93/><E129/><V73/><F73/><W110/><G110/><T26/><D26/><U95/><E122/><V42/><F42/><W38/><G38/><AGARI ba="0,1" hai="2,4,10,38,41,47,56,59,62,64,71,72,76,83" machi="38" ten="30,11600,0" yaku="1,1,7,1,25,2,53,0" doraHai="14" doraHaiUra="45" who="2" fromWho="3" sc="250,0,228,0,272,126,240,-116" />
</Scene>
<Scene>
<INIT seed="2,1,0,2,4,5" ten="250,228,398,124" oya="2" hai0="122,27,17,29,25,9,63,88,33,89,48,31,104" hai1="74,4,130,131,76,40,98,38,30,93,84,83,101" hai2="32,73,44,99,77,113,46,50,64,132,116,14,36" hai3="75,108,135,57,52,69,23,109,103,8,91,134,66"/><V125/><F113/><W49/><G75/><T2/><D122/><U70/><E70/><V133/><F116/><W128/><G103/><T6/><D104/><U71/><E71/><V87/><F32/><W72/><G72/><T112/><D112/><U117/><E117/><V7/><F73/><W39/><G91/><T61/><D48/><U3/><E30/><V56/><F125/><W68/><G23/><T105/><D105/><U111/><E111/><N who="3" m="42570" /><G39/><T18/><D61/><U47/><REACH who="1" step="1"/><E84/><REACH who="1" ten="250,218,398,124" step="2"/><V97/><F87/><W96/><G96/><T1/><D63/><U115/><E115/><V85/><F85/><W86/><G86/><T100/><D29/><U60/><E60/><V65/><F97/><W16/><G128/><T51/><D31/><U124/><E124/><V19/><F99/><W0/><G0/><T58/><D2/><U10/><AGARI ba="1,1" hai="3,4,10,38,40,47,74,76,83,93,98,101,130,131" machi="10" ten="30,8000,1" yaku="1,1,0,1,25,2,52,1,53,0" doraHai="5" doraHaiUra="67" who="1" fromWho="1" sc="250,-21,218,93,398,-41,124,-21" />
</Scene>
<Scene>
<INIT seed="3,0,0,4,5,56" ten="229,311,357,103" oya="3" hai0="111,10,40,24,16,102,83,8,25,130,42,41,112" hai1="80,114,27,75,77,72,23,49,12,30,29,67,129" hai2="118,43,3,135,32,38,117,104,1,37,79,101,74" hai3="2,44,105,58,57,55,121,92,71,68,76,51,134"/><W48/><G105/><T19/><D111/><U15/><E129/><V50/><F50/><W89/><G2/><N who="2" m="521" /><F32/><W54/><G121/><T70/><D130/><U34/><E114/><V113/><F113/><W73/><G134/><T95/><D112/><U46/><E75/><V4/><F4/><W14/><G73/><T78/><D70/><U99/><E30/><V93/><F93/><W86/><G76/><T90/><D102/><U94/><E34/><V98/><F135/><W115/><G115/><T5/><D5/><U123/><E123/><V127/><F127/><W17/><REACH who="3" step="1"/><G44/><REACH who="3" ten="229,311,357,93" step="2"/><T18/><D78/><U97/><E77/><V82/><F79/><W85/><G85/><T9/><D83/><U125/><E80/><V21/><F82/><W45/><G45/><T91/><D95/><U52/><E94/><V120/><F120/><W47/><G47/><T53/><D53/><U128/><E72/><V88/><F74/><W116/><G116/><T22/><REACH who="0" step="1"/><D22/><AGARI ba="0,1" hai="14,17,22,48,51,54,55,57,58,68,71,86,89,92" machi="22" ten="30,12000,1" yaku="1,1,7,1,9,1,25,2,53,0" doraHai="56" doraHaiUra="31" who="3" fromWho="0" sc="229,-120,311,0,357,0,93,130" />
</Scene>
<Scene>
<INIT seed="3,1,0,0,5,13" ten="109,311,357,223" oya="3" hai0="19,117,127,15,33,56,97,32,120,1,104,45,63" hai1="4,89,88,59,3,42,130,72,54,9,77,111,10" hai2="94,73,6,84,132,60,108,62,51,47,25,109,57" hai3="93,16,23,67,85,28,124,35,119,64,24,114,83"/><W43/><G114/><T125/><D1/><U100/><E111/><N who="2" m="42571" /><F73/><W80/><G119/><T0/><D0/><U69/><E69/><V79/><F132/><W46/><G93/><T122/><D117/><U58/><E130/><V76/><F6/><W40/><G83/><T22/><D45/><U14/><E100/><V21/><F94/><W2/><G2/><T123/><D104/><U38/><E77/><N who="2" m="29771" /><F57/><W74/><G74/><T106/><D97/><U81/><E72/><V92/><F84/><W50/><G43/><T34/><REACH who="0" step="1"/><D106/><REACH who="0" ten="99,311,357,223" step="2"/><U90/><E81/><V53/><F92/><W129/><G129/><T101/><D101/><U134/><E134/><V87/><F87/><W98/><G98/><T66/><AGARI ba="1,1" hai="15,19,22,32,33,34,56,63,66,120,122,123,125,127" machi="66" ten="40,5200,0" yaku="1,1,0,1,52,1,53,0" doraHai="13" doraHaiUra="20" who="0" fromWho="0" sc="99,65,311,-14,357,-14,223,-27" />
</Scene>
<Scene>
<INIT seed="4,0,0,1,2,5" ten="164,297,343,196" oya="0" hai0="38,121,75,64,57,35,100,128,65,124,9,23,123" hai1="93,3,31,122,63,94,87,119,92,108,103,48,111" hai2="115,80,70,46,86,37,8,125,0,39,76,84,127" hai3="97,85,117,2,83,25,102,104,106,7,14,114,72"/><T118/><D35/><U26/><E3/><V17/><F70/><W69/><G117/><T78/><D118/><U101/><E119/><V27/><F115/><W129/><G114/><T130/><D38/><U59/><E122/><V21/><F84/><W10/><G72/><T34/><D34/><U49/><E111/><V77/><F77/><W116/><G116/><T68/><D68/><U12/><E108/><V1/><F46/><W79/><G69/><T32/><D32/><U22/><E87/><V43/><F43/><W67/><G67/><N who="0" m="25675" /><D100/><N who="1" m="38475" /><E12/><N who="2" m="7303" /><F0/><W44/><G129/><N who="0" m="49771" /><D124/><N who="2" m="47690" /><F1/><W133/><G133/><T36/><D36/><U132/><E132/><V105/><F105/><W28/><G44/><T90/><D23/><U89/><E89/><V42/><F42/><W71/><G71/><T47/><D90/><U126/><E126/><V52/><F52/><AGARI ba="0,0" hai="22,26,31,48,49,52,59,63,92,93,94" m="38475" machi="52" ten="30,2000,0" yaku="8,1,54,1" doraHai="5" who="1" fromWho="2" sc="164,0,297,20,343,-20,196,0" />
</Scene>
<Scene>
<INIT seed="5,0,0,3,1,91" ten="164,317,323,196" oya="1" hai0="132,118,23,3,127,105,77,18,28,10,112,7,111" hai1="85,26,81,22,87,21,29,84,43,38,109,74,16" hai2="99,108,27,45,100,37,36,107,13,115,69,98,44" hai3="80,124,33,125,120,60,95,8,41,9,101,93,73"/><U15/><E109/><V20/><F108/><W76/><G33/><T104/><D111/><U35/><E35/><V48/><F69/><W86/><G120/><T94/><D118/><U65/><E74/><V58/><F115/><W62/><G41/><T121/><D127/><N who="3" m="48713" /><G101/><T56/><D132/><U2/><E2/><V129/><F129/><W114/><G86/><T126/><D126/><U47/><REACH who="1" step="1"/><E65/><REACH who="1" ten="164,307,323,196" step="2"/><V19/><F37/><W119/><G119/><T79/><D3/><U5/><E5/><V133/><F36/><W110/><G110/><T113/><D7/><U39/><E39/><V66/><F133/><W122/><G122/><T75/><D121/><U67/><E67/><V61/><F48/><W116/><G116/><T55/><D75/><U90/><AGARI ba="0,1" hai="15,16,21,22,26,29,38,43,47,81,84,85,87,90" machi="90" ten="20,7800,0" yaku="1,1,0,1,7,1,54,1,53,0" doraHai="91" doraHaiUra="97" who="1" fromWho="1" sc="164,-26,307,88,323,-26,196,-26" />
</Scene>
<Scene>
<INIT seed="5,1,0,4,0,18" ten="138,395,297,170" oya="1" hai0="44,119,11,118,121,43,37,45,102,93,27,125,106" hai1="77,8,4,56,75,49,66,107,24,113,105,122,117" hai2="100,26,65,17,34,80,88,81,16,129,63,14,111" hai3="20,2,13,6,76,108,33,47,124,97,96,120,40"/><U86/><E117/><V98/><F111/><W114/><G108/><T132/><D106/><U116/><E122/><V134/><F134/><W39/><G120/><T128/><D121/><U70/><E116/><V51/><F129/><W68/><G68/><T82/><D128/><U29/><E75/><V87/><F51/><W99/><G33/><T62/><D132/><U60/><E113/><V135/><F135/><W7/><G124/><T28/><D125/><U127/><E127/><V12/><F80/><W61/><G2/><T84/><D11/><U38/><E38/><V48/><F48/><W73/><G114/><T31/><D31/><U71/><E71/><V58/><F34/><W22/><G61/><T35/><D45/><U57/><E70/><V42/><F42/><W123/><G123/><T95/><D62/><U112/><E112/><V5/><F5/><W19/><G73/><T15/><D15/><N who="2" m="5674" /><F26/><W59/><G76/><T79/><REACH who="0" step="1"/><D95/><AGARI ba="1,0" hai="16,17,58,63,65,81,87,88,95,98,100" m="5674" machi="95" ten="30,3900,0" yaku="8,1,54,2" doraHai="18" who="2" fromWho="0" sc="138,-42,395,0,297,42,170,0" />
</Scene>
<Scene>
<INIT seed="6,0,0,2,3,42" ten="96,395,339,170" oya="2" hai0="127,102,22,3,17,117,119,71,30,45,47,55,35" hai1="20,39,54,115,78,49,66,58,80,41,116,24,104" hai2="120,81,51,16,65,95,97,118,113,69,92,107,48" hai3="10,5,67,77,105,59,62,89,94,11,12,8,110"/><V106/><F118/><N who="0" m="45066" /><D71/><U52/><E104/><V4/><F4/><W32/><G32/><T23/><D3/><U124/><E116/><V129/><F120/><W72/><G105/><T112/><D102/><U9/><E66/><V123/><F123/><W46/><G110/><T2/><D2/><U60/><E39/><V82/><F65/><W121/><G121/><T40/><D112/><U15/><E41/><V85/><F69/><W70/><G70/><T84/><D127/><U27/><E124/><V56/><F56/><W7/><G72/><T31/><D35/><U53/><E115/><V100/><F100/><W63/><G62/><T44/><D84/><N who="1" m="48151" /><E60/><V13/><F113/><W135/><G77/><T134/><D134/><U37/><E37/><V28/><F85/><W1/><G135/><T101/><D101/><U43/><E43/><V111/><F111/><W125/><G125/><T108/><D108/><U50/><E20/><N who="0" m="7721" /><D17/><N who="1" m="8431" /><E54/><V19/><F13/><W99/><G1/><T36/><D55/><U128/><E128/><V6/><F6/><W68/><G68/><T87/><D87/><U76/><E76/><V34/><F34/><W91/><G7/><T90/><D90/><U29/><E29/><AGARI ba="0,0" hai="29,30,31,36,40,44,45,47" m="7721,45066" machi="29" ten="30,7700,0" yaku="12,1,52,3" doraHai="42" who="0" fromWho="1" sc="96,77,395,-77,339,0,170,0" />
</Scene>
<Scene>
<INIT seed="7,0,0,3,5,107" ten="173,318,339,170" oya="3" hai0="8,3,67,12,113,14,90,36,38,25,2,97,70" hai1="75,17,110,78,68,112,27,20,15,129,56,126,21" hai2="117,98,109,58,59,130,13,57,101,115,86,5,11" hai3="87,71,100,102,133,72,124,47,93,96,111,122,0"/><W31/><G122/><T89/><D70/><U41/><E68/><V95/><F117/><W40/><G71/><T42/><D67/><U80/><E110/><V118/><F118/><W19/><G0/><T104/><D25/><U132/><E112/><V73/><F109/><W29/><G111/><T79/><D113/><U33/><E33/><V127/><F115/><W48/><G72/><T84/><D79/><U83/><E41/><V1/><F73/><W37/><G133/><T9/><D84/><U116/><E116/><V99/><F127/><W134/><G134/><T63/><D63/><U92/><E132/><V121/><F121/><W65/><G124/><T103/><D42/><U108/><E83/><V135/><F135/><W24/><G37/><T34/><D34/><U52/><E108/><V55/><F130/><W85/><G65/><T16/><D3/><U64/><E64/><V119/><F119/><W91/><G100/><T23/><D23/><U69/><E69/><V43/><F43/><W22/><REACH who="3" step="1"/><G87/><REACH who="3" ten="173,318,339,160" step="2"/><T61/><D2/><U131/><E126/><V94/><F86/><W114/><G114/><T74/><D74/><U76/><E131/><V60/><F1/><W123/><G123/><T106/><D103/><AGARI ba="0,1" hai="5,11,13,55,57,58,59,60,94,95,98,99,101,103" machi="103" ten="30,3900,0" yaku="7,1,9,1,8,1" doraHai="107" who="2" fromWho="0" sc="173,-39,318,0,339,49,160,0" owari="134,-37.0,318,12.0,388,49.0,160,-24.0" />
</Scene>
</mjloggm>