<mjloggm ver="2.3"><GO type="169" lobby="0"/><UN n0="%E3%83%8F%E3%83%9E%E3%83%BC" n1="%E5%A4%AA%E3%81%8F%E3%81%AA%E3%81%84%E3%81%8A" n2="%75%73%6B%31%31%31%35" n3="%74%61%6B%75%61%6B%61" dan="17,18,16,16" rate="2202.30,2191.39,2189.29,2103.68" sx="M,M,M,M"/><TAIKYOKU oya="0"/>

<Scene>
<INIT seed="0,0,0,0,0,38" ten="250,250,250,250" oya="0" hai0="43,3,59,132,121,66,44,89,26,77,25,127,99" hai1="58,94,60,111,65,6,23,118,92,53,108,35,93" hai2="29,40,78,125,86,74,22,57,80,46,100,79,133" hai3="105,129,37,12,130,33,9,63,112,56,52,61,36"/><T17/><D121/><U27/><E118/><V85/><F125/><W18/><G105/><T95/><D3/><U49/><E35/><V116/><F133/><W98/><G112/><T62/><D132/><U39/><E39/><V20/><F116/><W11/><G33/><T104/><D127/><U4/><E111/><V15/><F100/><W0/><G98/><T1/><D1/><U5/><E108/><V117/><F117/><W128/><REACH who="3" step="1"/><G63/><REACH who="3" ten="250,250,250,240" step="2"/><T120/><D120/><U24/><REACH who="1" step="1"/><E23/><REACH who="1" ten="250,240,250,240" step="2"/><V82/><F20/><W8/><G8/><T73/><D104/><U102/><E102/><V19/><F22/><W13/><G13/><T119/><D119/><U64/><E64/><V21/><F29/><W10/><G10/><T110/><D110/><U75/><E75/><V76/><F74/><W32/><G32/><T34/><D34/><U109/><E109/><V45/><F21/><W90/><G90/><T88/><D89/><U113/><E113/><V72/><F72/><W101/><G101/><T96/><D73/><U71/><AGARI ba="0,2" hai="4,5,6,24,27,49,53,58,60,65,71,92,93,94" machi="71" ten="30,2000,0" yaku="1,1,0,1,53,0" doraHai="38" doraHaiUra="135" who="1" fromWho="1" sc="250,-10,240,40,250,-5,240,-5" />
</Scene>
<Scene>
<INIT seed="1,0,0,4,2,38" ten="240,280,245,235" oya="1" hai0="82,5,59,108,67,114,19,2,124,107,11,14,119" hai1="77,88,6,71,1,113,130,60,40,39,13,121,16" hai2="131,37,61,48,69,85,65,122,8,35,78,115,87" hai3="23,95,18,26,46,4,128,47,36,117,132,53,41"/><U24/><E113/><V74/><F122/><W134/><G128/><T68/><D107/><U21/><E121/><V45/><F37/><W27/><G117/><T105/><D105/><U99/><E130/><V72/><F131/><W116/><G116/><T125/><D68/><U25/><E77/><V62/><F35/><W90/><G4/><T64/><D119/><U55/><E1/><V98/><F62/><W104/><G104/><T9/><D114/><U33/><E33/><V92/><F8/><W80/><G80/><T120/><D120/><U43/><E39/><V112/><F85/><W30/><G47/><T10/><D108/><U109/><E109/><V135/><F135/><W100/><G53/><T66/><D82/><U129/><E129/><V133/><F133/><N who="3" m="51307" /><G100/><T73/><D73/><U22/><E71/><V84/><F84/><N who="3" m="52679" /><G27/><N who="1" m="10314" /><E6/><V93/><F115/><W106/><G106/><T31/><D5/><U118/><E118/><V123/><F112/><W54/><G54/><T86/><D2/><U7/><E7/><V94/><F123/><W91/><G91/><T44/><D66/><U96/><E22/><V89/><F78/><W76/><G76/><T81/><D64/><U110/><E110/><V111/><F111/><W97/><G97/><N who="1" m="37450" /><E88/><N who="2" m="53279" /><F94/><W56/><G56/><AGARI ba="0,0" hai="13,16,21,40,43,55,56,60" m="37450,10314" machi="56" ten="30,11600,0" yaku="8,1,52,2,54,1" doraHai="38" who="1" fromWho="3" sc="240,0,280,116,245,0,235,-116" />
</Scene>
<Scene>
<INIT seed="1,1,0,1,1,60" ten="240,396,245,119" oya="1" hai0="135,120,101,5,126,117,119,51,61,133,115,127,18" hai1="43,15,69,38,89,55,80,40,98,72,73,52,10" hai2="22,105,30,11,16,8,122,33,95,0,68,113,63" hai3="96,125,81,41,90,92,82,85,34,62,103,6,128"/><U99/><E69/><V104/><F122/><W65/><G125/><N who="0" m="47627" /><D101/><U57/><E73/><V19/><F113/><W29/><G128/><T129/><D5/><U47/><E40/><V130/><F130/><W70/><G41/><T1/><D1/><U88/><E72/><V121/><F121/><W112/><G112/><T53/><D129/><U93/><E57/><V124/><F124/><W45/><G45/><N who="0" m="27887" /><D115/><U20/><E20/><V114/><F114/><W79/><G6/><T26/><D120/><U56/><E56/><V132/><F132/><N who="0" m="50762" /><D18/><U37/><E37/><V116/><F19/><W123/><G123/><T107/><D107/><U134/><E134/><V94/><F16/><W66/><G34/><T13/><D13/><U42/><E42/><V59/><F0/><W14/><G14/><T25/><D61/><U131/><E131/><V106/><F63/><W91/><G29/><T102/><D102/><U118/><E15/><V31/><F33/><W3/><G3/><T44/><D44/><U71/><E47/><V84/><F30/><W77/><REACH who="3" step="1"/><G66/><REACH who="3" ten="240,396,245,109" step="2"/><T111/><D111/><U86/><E43/><V27/><F31/><W49/><G49/><T9/><D9/><U28/><E10/><V36/><F8/><W7/><G7/><T2/><D2/><U78/><E28/><V109/><F11/><W83/><G83/><T21/><D21/><U54/><E80/><V39/><F22/><W110/><G110/><T4/><D4/><U74/><E55/><V87/><F109/><W48/><G48/><T64/><D64/><U32/><E32/><V23/><F23/><RYUUKYOKU ba="1,1" sc="240,15,396,-15,245,-15,109,15" hai0="25,26,117,119" hai3="62,65,70,77,79,81,82,85,90,91,92,96,103" />
</Scene>
<Scene>
<INIT seed="2,2,1,5,0,89" ten="255,381,230,124" oya="2" hai0="23,4,110,10,112,54,94,2,100,13,60,45,39" hai1="12,79,30,3,17,63,78,37,72,114,1,24,132" hai2="27,95,56,51,67,21,128,53,103,58,120,49,106" hai3="35,41,34,77,74,109,124,36,88,98,26,127,93"/><V70/><F120/><W55/><G109/><T121/><D121/><U90/><E114/><V9/><F128/><W86/><G74/><T135/><D112/><U65/><E37/><V66/><F106/><W134/><G134/><T75/><D75/><U11/><E132/><V8/><F70/><W47/><G55/><T119/><D135/><U64/><E64/><V38/><F38/><W111/><G111/><T80/><D80/><U83/><E79/><V101/><F101/><W76/><G35/><T52/><D60/><U105/><E105/><V73/><F73/><W130/><G130/><T57/><D57/><U115/><E90/><V19/><F67/><W129/><G129/><T5/><D119/><U25/><E115/><V71/><F71/><W123/><G123/><T7/><D23/><U87/><E72/><V104/><F104/><W31/><REACH who="3" step="1"/><G86/><REACH who="3" ten="255,381,230,114" step="2"/><T85/><D85/><U116/><E116/><V97/><REACH who="2" step="1"/><F49/><REACH who="2" ten="255,381,220,114" step="2"/><W81/><G81/><T92/><D39/><U96/><E83/><V113/><F113/><W102/><G102/><T131/><D100/><U32/><E63/><AGARI ba="2,3" hai="8,9,19,21,27,51,53,56,58,63,66,95,97,103" machi="63" ten="40,7700,0" yaku="1,1,8,1,52,1,53,0" doraHai="89" doraHaiUra="118" who="2" fromWho="1" sc="255,0,381,-83,220,113,114,0" />
</Scene>
<Scene>
<INIT seed="2,3,0,1,2,32" ten="255,298,333,114" oya="2" hai0="130,30,46,108,12,26,50,41,87,96,113,28,95" hai1="21,115,107,48,121,94,62,100,78,4,134,128,39" hai2="102,5,23,65,17,124,122,98,31,86,83,45,54" hai3="119,70,71,0,105,97,53,112,90,109,56,19,127"/><V27/><F122/><W72/><G119/><T35/><D113/><U92/><E39/><V77/><F124/><W64/><G109/><T38/><D108/><U20/><E115/><V63/><F5/><W125/><G112/><T80/><D130/><U29/><E128/><V6/><F6/><W44/><G72/><T76/><D30/><U74/><E121/><V66/><F31/><W133/><G133/><T114/><D114/><U99/><E134/><V57/><REACH who="2" step="1"/><F45/><REACH who="2" ten="255,298,323,114" step="2"/><W69/><G44/><T104/><D28/><U131/><E4/><V52/><F52/><W89/><G53/><T101/><D46/><U132/><E29/><V103/><F103/><N who="3" m="62703" /><G125/><T25/><D101/><U55/><E100/><V84/><F84/><W106/><G127/><T10/><D87/><U82/><E55/><V42/><F42/><W79/><G19/><T3/><D41/><U7/><E7/><V51/><F51/><W14/><G106/><AGARI ba="3,1" hai="17,23,27,54,57,63,65,66,77,83,86,98,102,106" machi="106" ten="30,11600,0" yaku="1,1,7,1,53,2" doraHai="32" doraHaiUra="61" who="2" fromWho="3" sc="255,0,298,0,323,135,114,-125" owari="255,-14.0,298,10.0,458,55.0,-11,-51.0" />
</Scene>
</mjloggm>