<mjloggm ver="2.3"><GO type="169" lobby="0"/><UN n0="%E3%83%AF%E3%82%A4%E3%83%AB%E3%83%89" n1="%E3%81%82%E3%81%B2%E3%82%8B%E3%81%95%E3%82%93" n2="%E5%A4%AA%E3%81%8F%E3%81%AA%E3%81%84%E3%81%8A" n3="%E8%B5%A4%E3%81%84%E6%80%AA%E7%8D%A3" dan="17,17,17,16" rate="2160.51,2062.23,2128.55,2052.65" sx="M,M,M,F"/><TAIKYOKU oya="0"/>

<Scene>
<INIT seed="0,0,0,5,0,82" ten="250,250,250,250" oya="0" hai0="134,17,29,132,51,21,127,69,7,89,67,30,23" hai1="100,88,41,66,135,73,1,103,18,0,80,109,55" hai2="56,94,86,107,64,129,47,54,62,123,2,22,93" hai3="95,40,36,14,48,83,106,121,5,122,63,117,6"/><T97/><D127/><U90/><E66/><V44/><F107/><W37/><G106/><T16/><D7/><U65/><E65/><V42/><F123/><N who="3" m="47115" /><G63/><T39/><D39/><U79/><E41/><V34/><F34/><W111/><G111/><T108/><D108/><U71/><E71/><V10/><F129/><W59/><G117/><T26/><D51/><U131/><E109/><V19/><F10/><N who="3" m="4431" /><G6/><T99/><D67/><U74/><E131/><V25/><F2/><W53/><G95/><T11/><D11/><U96/><E0/><V120/><F120/><W4/><G4/><T46/><D46/><U87/><E1/><V128/><F128/><W45/><G83/><T9/><D9/><U113/><E113/><V112/><F112/><W77/><G77/><T60/><D60/><U38/><E38/><V110/><F110/><W72/><G72/><T31/><D69/><U43/><E73/><V114/><F114/><W70/><G70/><T57/><D57/><U12/><E74/><V104/><F104/><W3/><G3/><T68/><D68/><U124/><E79/><V85/><F64/><W76/><G76/><T58/><D58/><U119/><E119/><V35/><F35/><W32/><G32/><T92/><REACH who="0" step="1"/><D99/><REACH who="0" ten="240,250,250,250" step="2"/><U115/><E96/><V105/><F44/><W102/><G37/><T84/><D84/><N who="2" m="32362" /><F105/><W81/><G36/><T20/><D20/><U50/><E115/><V75/><F75/><W133/><G45/><T91/><D91/><U24/><E88/><V49/><AGARI ba="0,1" hai="19,22,25,42,47,49,54,56,62,93,94" m="32362" machi="49" ten="30,7900,0" yaku="8,1,52,3" doraHai="82" who="2" fromWho="2" sc="240,-39,250,-20,250,89,250,-20" />
</Scene>
<Scene>
<INIT seed="1,0,0,1,3,92" ten="201,230,339,230" oya="1" hai0="135,134,67,42,6,60,91,94,1,107,45,108,20" hai1="5,10,133,103,114,123,100,46,119,128,124,31,3" hai2="4,115,25,86,21,43,84,120,82,51,63,54,52" hai3="23,66,112,24,14,65,12,15,126,16,39,106,79"/><U102/><E114/><V132/><F120/><W38/><G106/><T50/><D107/><U55/><E119/><V33/><F33/><W75/><G112/><T98/><D108/><U27/><E123/><V99/><F115/><W59/><G126/><T17/><D6/><U131/><E133/><V121/><F121/><W127/><G127/><T40/><D40/><U80/><E124/><V36/><F36/><W77/><G59/><T89/><D1/><U81/><E46/><N who="2" m="26079" /><F132/><W70/><G70/><T30/><D30/><U101/><E55/><N who="2" m="21035" /><F4/><W74/><G74/><T122/><D122/><U118/><E118/><V61/><F99/><W9/><G75/><T28/><D28/><U56/><E56/><V22/><F86/><W64/><REACH who="3" step="1"/><G9/><REACH who="3" ten="201,230,339,220" step="2"/><T78/><D135/><U37/><E10/><V90/><F22/><W7/><G7/><T68/><D134/><U110/><E5/><V87/><F87/><W96/><G96/><T111/><D111/><U34/><E3/><V53/><F61/><W0/><G0/><T11/><D11/><U47/><E110/><V29/><F63/><W109/><G109/><T130/><D98/><U35/><E35/><V125/><F125/><W76/><AGARI ba="0,1" hai="12,14,15,16,23,24,38,39,64,65,66,76,77,79" machi="76" ten="40,12000,2" yaku="1,1,0,1,29,2,54,1,53,2" doraHai="92" doraHaiUra="69" who="3" fromWho="3" sc="201,-30,230,-60,339,-30,220,130" />
</Scene>
<Scene>
<INIT seed="2,0,0,2,4,5" ten="171,170,309,350" oya="2" hai0="21,118,89,78,13,77,54,16,58,80,59,115,106" hai1="24,62,75,117,40,98,81,84,17,29,105,2,36" hai2="63,42,123,97,45,48,18,4,99,107,116,35,125" hai3="43,55,28,7,39,71,10,121,65,94,72,103,129"/><V50/><F116/><W92/><G72/><T34/><D34/><U113/><E75/><V11/><F123/><W102/><G65/><T38/><D38/><U86/><E2/><V68/><F35/><W119/><G28/><T46/><D106/><U109/><E113/><V70/><F125/><W82/><G71/><T87/><D115/><U111/><E117/><V130/><F130/><W93/><G43/><T112/><D112/><U8/><E40/><V12/><F50/><W132/><G132/><T79/><D118/><U135/><E36/><V15/><F107/><W76/><G39/><T47/><REACH who="0" step="1"/><D59/><REACH who="0" ten="161,170,309,350" step="2"/><U19/><E105/><V66/><REACH who="2" step="1"/><F70/><REACH who="2" ten="161,170,299,350" step="2"/><W27/><G119/><T91/><D91/><U23/><E135/><V104/><F104/><W31/><G129/><T9/><D9/><AGARI ba="0,2" hai="4,9,11,12,15,18,42,45,48,63,66,68,97,99" machi="9" ten="30,11600,0" yaku="1,1,7,1,52,2,53,0" doraHai="5" doraHaiUra="114" who="2" fromWho="0" sc="161,-116,170,0,299,136,350,0" />
</Scene>
<Scene>
<INIT seed="2,1,0,1,2,18" ten="45,170,435,350" oya="2" hai0="127,91,87,121,63,23,102,40,76,111,81,36,110" hai1="29,77,42,75,2,120,45,67,54,39,78,134,5" hai2="97,38,82,28,123,131,1,37,71,103,50,74,104" hai3="135,12,84,24,118,115,15,68,51,27,33,34,124"/><V73/><F123/><W98/><G68/><T16/><D121/><U4/><E134/><V95/><F71/><W89/><G118/><T21/><D127/><U53/><E78/><V72/><F1/><W108/><G108/><N who="0" m="41515" /><D102/><U83/><E5/><V122/><F122/><W128/><G124/><T94/><D63/><U112/><E112/><V6/><F6/><W25/><G115/><T130/><D130/><U132/><E132/><V93/><F131/><W100/><G135/><T96/><D16/><U41/><E120/><V85/><F28/><W113/><G113/><T48/><D36/><U31/><E67/><V79/><F50/><W13/><G51/><T133/><D133/><U114/><E42/><V107/><F37/><W116/><G116/><T117/><D117/><U64/><E64/><V125/><F38/><W32/><G128/><T55/><D40/><U14/><E14/><V30/><F30/><W47/><G47/><AGARI ba="1,0" hai="21,23,47,48,55,76,81,87,91,94,96" m="41515" machi="47" ten="30,3900,0" yaku="14,1,52,2" doraHai="18" who="0" fromWho="3" sc="45,42,170,0,435,0,350,-42" />
</Scene>
<Scene>
<INIT seed="3,0,0,5,0,20" ten="87,170,435,308" oya="3" hai0="13,57,92,89,101,26,115,53,63,41,120,83,59" hai1="91,16,98,102,99,11,110,25,70,114,45,24,32" hai2="66,19,112,39,90,60,5,37,105,27,111,80,2" hai3="49,65,72,8,54,126,44,75,40,107,9,133,73"/><W35/><G107/><T124/><D120/><U4/><E70/><V23/><F105/><W130/><G133/><T47/><D124/><U30/><E114/><V46/><F112/><W127/><G35/><T82/><D115/><U48/><E110/><V116/><F116/><W7/><G130/><T52/><D101/><U10/><E91/><V84/><F111/><W51/><G65/><T76/><D13/><U134/><E134/><V79/><F46/><W3/><REACH who="3" step="1"/><G8/><REACH who="3" ten="87,170,435,298" step="2"/><T14/><D14/><U56/><E11/><V31/><F2/><W94/><G94/><T119/><D119/><U43/><E10/><V6/><F5/><W132/><G132/><T1/><D1/><U86/><E4/><V61/><F6/><W81/><G81/><T131/><D131/><U21/><E32/><V29/><F66/><W118/><G118/><T104/><D104/><U122/><E122/><V78/><F80/><W62/><G62/><T67/><D83/><U100/><E21/><V123/><F60/><W58/><AGARI ba="0,1" hai="3,7,9,40,44,49,51,54,58,72,73,75,126,127" machi="58" ten="40,7800,0" yaku="1,1,0,1,53,1" doraHai="20" doraHaiUra="34" who="3" fromWho="3" sc="87,-26,170,-26,435,-26,298,88" />
</Scene>
<Scene>
<INIT seed="3,1,0,4,5,30" ten="61,144,409,386" oya="3" hai0="115,13,45,75,80,46,131,53,41,2,23,43,69" hai1="15,12,68,16,89,119,40,106,9,111,112,47,42" hai2="92,70,50,123,72,3,27,81,56,54,124,134,0" hai3="133,99,20,104,36,108,32,88,28,65,127,102,90"/><W73/><G36/><T62/><D2/><U52/><E68/><V5/><F70/><W91/><G127/><T48/><D131/><U14/><E106/><V18/><F124/><W24/><G73/><T71/><D115/><U126/><E126/><V31/><F134/><W101/><G133/><T97/><D97/><U132/><E132/><V107/><F107/><W125/><G125/><T128/><D128/><U10/><E112/><V110/><F110/><W96/><G108/><T87/><D75/><U78/><E111/><V34/><F123/><W55/><G55/><T79/><D62/><U38/><E119/><V58/><F5/><W66/><REACH who="3" step="1"/><G20/><REACH who="3" ten="61,144,409,376" step="2"/><T1/><D53/><U84/><E38/><V37/><F37/><W94/><AGARI ba="1,1" hai="24,28,32,65,66,88,90,91,94,96,99,101,102,104" machi="94" ten="30,12000,1" yaku="1,1,2,1,0,1,52,1,54,1,53,0" doraHai="30" doraHaiUra="117" who="3" fromWho="3" sc="61,-41,144,-41,409,-41,376,133" />
</Scene>
<Scene>
<INIT seed="3,2,0,4,3,134" ten="20,103,368,509" oya="3" hai0="16,60,24,32,33,57,15,23,29,67,22,10,11" hai1="64,76,84,28,43,51,114,122,81,131,19,118,119" hai2="102,91,26,78,52,66,124,108,31,98,86,8,87" hai3="71,14,49,126,125,20,50,89,92,69,41,109,101"/><W80/><G101/><T40/><REACH who="0" step="1"/><D40/><REACH who="0" ten="10,103,368,509" step="2"/><U115/><E122/><V0/><F108/><W127/><G41/><T105/><D105/><U4/><E43/><V77/><F124/><W58/><G109/><T120/><D120/><U116/><E116/><V35/><F66/><W74/><G127/><T113/><D113/><U46/><E64/><V34/><F52/><W13/><G126/><T128/><D128/><U44/><E131/><V30/><F0/><W103/><G125/><T48/><D48/><U111/><E111/><V107/><F107/><W1/><G50/><T54/><D54/><U3/><E51/><V9/><F102/><W93/><G49/><T61/><D61/><U42/><E42/><V97/><F91/><W36/><G89/><T12/><D12/><U123/><E123/><V90/><F90/><W59/><G103/><T53/><D53/><U25/><E115/><V112/><F112/><W62/><G62/><T96/><D96/><U83/><E114/><V47/><F26/><W95/><G1/><T27/><D27/><U100/><E100/><V75/><F47/><W55/><G55/><T106/><D106/><U38/><E46/><V129/><F129/><W110/><G110/><T65/><D65/><U70/><E44/><V85/><F98/><W73/><G14/><T82/><D82/><U56/><E83/><V68/><F97/><W37/><G80/><T2/><D2/><U130/><E130/><V6/><F78/><W79/><G79/><T18/><D18/><U45/><E19/><V88/><F77/><W7/><G13/><T117/><D117/><RYUUKYOKU ba="2,1" sc="10,30,103,-10,368,-10,509,-10" hai0="10,11,15,16,22,23,24,29,32,33,57,60,67" />
</Scene>
<Scene>
<INIT seed="4,3,1,0,5,15" ten="40,93,358,499" oya="0" hai0="30,20,48,38,119,13,11,43,95,94,58,2,26" hai1="50,133,125,52,64,89,110,109,19,76,103,73,29" hai2="10,69,24,120,32,8,6,46,98,65,82,129,55" hai3="116,7,28,60,80,106,49,4,3,79,40,99,25"/><T72/><D72/><U34/><E133/><V134/><F120/><W131/><G49/><T12/><D119/><U111/><E125/><V86/><F134/><W53/><G40/><T114/><D114/><U122/><E122/><V83/><F129/><W63/><G3/><T91/><D38/><U108/><E103/><V47/><F98/><W22/><G131/><T39/><D39/><U101/><E101/><V104/><F104/><W88/><G106/><T5/><D95/><U51/><E64/><V66/><F69/><W75/><G116/><T57/><D57/><U112/><E51/><V77/><F55/><W78/><G78/><T123/><D123/><U31/><E34/><V36/><F32/><W37/><G37/><T16/><D30/><U1/><E1/><V102/><F102/><W93/><G60/><T54/><REACH who="0" step="1"/><D43/><REACH who="0" ten="30,93,358,499" step="2"/><U44/><E112/><V87/><F36/><W71/><G71/><T74/><D74/><U9/><E109/><V23/><F82/><W132/><G132/><T96/><AGARI ba="3,2" hai="2,5,11,12,13,16,20,26,48,54,58,91,94,96" machi="96" ten="20,18000,2" yaku="1,1,0,1,7,1,52,1,54,1,53,1" doraHai="15" doraHaiUra="14" who="0" fromWho="0" sc="30,209,93,-63,358,-63,499,-63" />
</Scene>
<Scene>
<INIT seed="4,4,0,4,2,95" ten="239,30,295,436" oya="0" hai0="125,111,68,104,6,52,134,19,70,83,16,86,63" hai1="90,20,97,1,25,60,131,13,123,28,62,8,101" hai2="135,82,94,120,50,64,85,133,87,11,18,53,32" hai3="0,105,55,100,24,93,36,44,2,91,109,119,72"/><T34/><D34/><U65/><E131/><V9/><F120/><W121/><G109/><T69/><D111/><U110/><E110/><V43/><F32/><W12/><G119/><T124/><D104/><U102/><E1/><V80/><F43/><W79/><G12/><T5/><D134/><N who="2" m="51210" /><F64/><W113/><G113/><T96/><D96/><U128/><E128/><V114/><F94/><W103/><G24/><T30/><D30/><U4/><E123/><V27/><F114/><W126/><G126/><N who="0" m="48747" /><D63/><N who="1" m="24107" /><E65/><V33/><F33/><W49/><G36/><T14/><D52/><U98/><E90/><N who="2" m="51495" /><F18/><N who="0" m="6698" /><D14/><U61/><N who="1" m="24115" /><U46/><DORA hai="66" /><E46/><N who="2" m="27863" /><F27/><W15/><G105/><T57/><D57/><U122/><E122/><V31/><F31/><W75/><G121/><T42/><D42/><U7/><E7/><V117/><F117/><W45/><G55/><T92/><D92/><U74/><E74/><V21/><F21/><W22/><G22/><T116/><D116/><U115/><E115/><V89/><AGARI ba="4,0" hai="9,11,82,87,89" m="27863,51495,51210" machi="89" ten="30,1100,0" yaku="20,1" doraHai="95,66" who="2" fromWho="2" sc="239,-9,30,-7,295,23,436,-7" />
</Scene>
<Scene>
<INIT seed="5,0,0,5,3,130" ten="230,23,318,429" oya="1" hai0="5,9,88,86,80,60,74,116,17,51,70,15,79" hai1="6,122,129,46,106,68,50,47,42,16,38,77,62" hai2="32,98,125,30,18,108,22,3,71,112,64,107,132" hai3="75,56,55,135,101,78,97,14,133,96,111,94,119"/><U58/><E122/><V124/><F108/><W54/><G111/><T120/><D116/><U126/><E106/><V67/><F3/><W2/><G2/><T53/><D120/><U41/><E129/><V103/><F112/><W11/><G119/><T63/><D70/><U40/><E6/><V1/><F1/><W104/><G78/><T76/><D5/><U87/><E68/><V26/><F132/><N who="3" m="50763" /><G75/><T65/><D65/><U48/><E126/><N who="2" m="48747" /><F71/><W27/><G27/><AGARI ba="0,0" hai="18,22,26,27,30,32,64,67,98,103,107" m="48747" machi="27" ten="30,1000,0" yaku="18,1" doraHai="130" who="2" fromWho="3" sc="230,0,23,0,318,10,429,-10" />
</Scene>
<Scene>
<INIT seed="6,0,0,4,1,121" ten="230,23,328,419" oya="2" hai0="97,87,30,47,9,104,102,59,114,96,78,73,7" hai1="135,0,33,89,36,56,124,24,57,106,65,99,133" hai2="16,55,74,67,132,100,29,12,115,120,27,131,4" hai3="34,111,35,44,83,105,103,101,93,26,1,129,43"/><V14/><F120/><W48/><G1/><T18/><D114/><U86/><E0/><V66/><F74/><W108/><G105/><T68/><D68/><U64/><E36/><V41/><F115/><W3/><G3/><T25/><D73/><U117/><E117/><V49/><F132/><W46/><G129/><T134/><D134/><U109/><E133/><V130/><F41/><W107/><G107/><T71/><D71/><U23/><E33/><V50/><F100/><W10/><G10/><T69/><D69/><U54/><E135/><V125/><F125/><W126/><G126/><T90/><D78/><U70/><E124/><V119/><F119/><W116/><G116/><T112/><D112/><U127/><E127/><V72/><F72/><W122/><G122/><T75/><D75/><U5/><E70/><V88/><F4/><W113/><G113/><T58/><D97/><U40/><E106/><V8/><F14/><W53/><G83/><T11/><D47/><U110/><E5/><V37/><F37/><W118/><G118/><T85/><D18/><U32/><E32/><V31/><F50/><W17/><G103/><T91/><D11/><U63/><E40/><V61/><F61/><W62/><G62/><T79/><D79/><U15/><E15/><V81/><F130/><W76/><G35/><T6/><D6/><U21/><E99/><V84/><F131/><W77/><G34/><T98/><D98/><U123/><E123/><V22/><F31/><W38/><G77/><T42/><D30/><N who="1" m="17679" /><E23/><V19/><F29/><W20/><G76/><T51/><D7/><RYUUKYOKU ba="0,0" sc="230,-15,23,-15,328,15,419,15" hai2="8,12,16,19,22,27,49,55,66,67,81,84,88" hai3="17,20,26,38,43,44,46,48,53,93,101,108,111" />
</Scene>
<Scene>
<INIT seed="6,1,0,5,1,13" ten="215,8,343,434" oya="2" hai0="15,129,35,68,85,48,72,84,102,49,9,43,89" hai1="56,90,76,58,26,70,108,86,127,19,130,66,117" hai2="25,106,100,24,33,124,62,115,1,67,133,8,38" hai3="50,83,75,34,134,93,98,120,97,20,61,95,60"/><V40/><F115/><W69/><G34/><T65/><D72/><U14/><E117/><V126/><F133/><W17/><G120/><T131/><D35/><U46/><E108/><V118/><F118/><W23/><G69/><T7/><D102/><U116/><E116/><V96/><F40/><W99/><G50/><T0/><D85/><U135/><E70/><N who="2" m="42359" /><F38/><W103/><G83/><T80/><D65/><U101/><E127/><N who="2" m="48683" /><F33/><W27/><G75/><T114/><D68/><U79/><E130/><V39/><F39/><W6/><G6/><AGARI ba="1,0" hai="1,6,8,24,25,96,100,106" m="48683,42359" machi="6" ten="30,1500,0" yaku="18,1" doraHai="13" who="2" fromWho="3" sc="215,0,8,0,343,18,434,-18" />
</Scene>
<Scene>
<INIT seed="6,2,0,5,5,103" ten="215,8,361,416" oya="2" hai0="59,2,8,89,97,130,21,105,75,65,121,39,27" hai1="107,85,90,41,35,73,31,96,106,78,127,69,111" hai2="10,95,51,79,24,30,117,82,3,68,0,13,70" hai3="19,43,94,74,18,67,48,45,120,54,29,64,126"/><V72/><F117/><W26/><G74/><T128/><D121/><U134/><E69/><V98/><F68/><W32/><G126/><T71/><D71/><U23/><E35/><V77/><F70/><W80/><G120/><T81/><D39/><U62/><E41/><V88/><F51/><W17/><G80/><T53/><D65/><U114/><E62/><V33/><REACH who="2" step="1"/><F79/><REACH who="2" ten="215,8,351,416" step="2"/><W15/><G15/><T102/><D128/><U116/><E116/><V104/><F104/><N who="1" m="39977" /><E31/><V122/><F122/><W52/><REACH who="3" step="1"/><G94/><REACH who="3" ten="215,8,351,406" step="2"/><T40/><D130/><U55/><E111/><V83/><F83/><W92/><G92/><T22/><D105/><U63/><E63/><V5/><AGARI ba="2,2" hai="0,3,5,10,13,24,30,33,72,77,82,88,95,98" machi="5" ten="20,7800,0" yaku="1,1,0,1,7,1,54,1,53,0" doraHai="103" doraHaiUra="125" who="2" fromWho="2" sc="215,-28,8,-28,351,104,406,-28" owari="187,-21.0,-20,-52.0,455,55.0,378,18.0" />
</Scene>
</mjloggm>