<mjloggm ver="2.3"><GO type="169" lobby="0"/><UN n0="%E3%81%A9%E3%81%B0%E3%81%A8%E3%81%A1%E3%82%83%E3%82%93" n1="%E5%AE%8C%E5%85%A8%E6%84%9F%E8%A6%9A%44" n2="%E3%82%BB%E3%82%A4%E3%83%90%E3%83%BC" n3="%E5%A4%AA%E3%81%8F%E3%81%AA%E3%81%84%E3%81%8A" dan="16,16,17,17" rate="2082.51,2089.77,2133.99,2210.08" sx="F,M,F,M"/><TAIKYOKU oya="0"/>

<Scene>
<INIT seed="0,0,0,2,2,46" ten="250,250,250,250" oya="0" hai0="101,18,40,104,92,48,127,93,69,131,22,67,126" hai1="47,85,109,94,100,59,15,16,42,0,9,117,107" hai2="63,29,68,71,75,125,81,37,8,130,1,80,90" hai3="132,65,123,87,12,122,43,55,133,70,98,23,79"/><T60/><D131/><U120/><E117/><V118/><F37/><W45/><G98/><N who="0" m="61495" /><D40/><U73/><E120/><N who="3" m="46122" /><G79/><T135/><D48/><N who="1" m="26743" /><E0/><V115/><F29/><W105/><G87/><T41/><D41/><U13/><E73/><V78/><F63/><N who="3" m="40255" /><G105/><T58/><D69/><U27/><E107/><V54/><F54/><W44/><G12/><N who="0" m="9543" /><D135/><N who="3" m="51785" /><G23/><T6/><D6/><N who="1" m="3255" /><E27/><V56/><F78/><W49/><G43/><T99/><D99/><N who="1" m="59511" /><E85/><V7/><F75/><W32/><G32/><T10/><D10/><N who="1" m="6263" /><E109/><V84/><F8/><W114/><G114/><T88/><D88/><U91/><E91/><V17/><F90/><W106/><G106/><T76/><D76/><U124/><E124/><AGARI ba="0,0" hai="58,60,67,92,93,124,126,127" m="9543,61495" machi="124" ten="30,1500,0" yaku="18,1" doraHai="46" who="0" fromWho="1" sc="250,15,250,-15,250,0,250,0" />
</Scene>
<Scene>
<INIT seed="0,1,0,4,0,15" ten="265,235,250,250" oya="0" hai0="17,60,27,104,70,45,113,79,11,129,73,6,2" hai1="55,120,75,106,8,82,86,0,130,43,107,25,80" hai2="49,101,88,61,42,93,28,4,77,71,100,121,126" hai3="116,31,127,112,67,62,118,23,111,89,83,115,84"/><T124/><D113/><U38/><E120/><V19/><F121/><W46/><G111/><T16/><D104/><U9/><E130/><V85/><F4/><W34/><G34/><T76/><D129/><U39/><E75/><V92/><F126/><W54/><G127/><T125/><D125/><U29/><E55/><V122/><F28/><W59/><G31/><T66/><D124/><U7/><E9/><V57/><F122/><W22/><G23/><T37/><D27/><U32/><E82/><V58/><F71/><W98/><G22/><T26/><D26/><U135/><E135/><V64/><F77/><W134/><G134/><T51/><D79/><U56/><E56/><V108/><F108/><W44/><G98/><T81/><REACH who="0" step="1"/><D37/><REACH who="0" ten="255,235,250,250" step="2"/><U21/><E38/><V95/><F100/><W52/><G112/><T13/><D13/><U1/><E0/><V96/><F101/><W12/><G12/><T35/><D35/><U24/><E25/><V109/><F109/><W87/><G115/><T94/><D94/><U110/><E110/><V69/><F92/><N who="3" m="54311" /><G118/><T105/><D105/><U36/><E39/><V47/><F95/><W48/><G116/><T41/><AGARI ba="1,1" hai="2,6,11,16,17,41,45,51,60,66,70,73,76,81" machi="41" ten="20,18000,2" yaku="1,1,0,1,7,1,52,2,54,1,53,1" doraHai="15" doraHaiUra="3" who="0" fromWho="0" sc="255,193,235,-61,250,-61,250,-61" />
</Scene>
<Scene>
<INIT seed="0,2,0,2,4,70" ten="448,174,189,189" oya="0" hai0="123,82,124,54,68,18,84,11,110,91,76,69,60" hai1="21,10,48,7,44,62,16,125,4,50,88,42,101" hai2="15,35,86,80,57,40,19,26,78,95,115,9,39" hai3="2,134,22,3,103,31,32,46,27,126,55,45,132"/><T43/><D123/><U99/><E125/><V114/><F57/><W89/><G126/><T64/><D124/><U85/><E62/><V118/><F118/><W28/><G103/><T33/><D33/><U74/><E74/><V30/><REACH who="2" step="1"/><F95/><REACH who="2" ten="448,174,179,189" step="2"/><W100/><G132/><T58/><D58/><U73/><E73/><V29/><F29/><W77/><G31/><T36/><D68/><U131/><E131/><V25/><F25/><W104/><G27/><T81/><D69/><U127/><E127/><V20/><F20/><W5/><G22/><T65/><D81/><N who="1" m="49199" /><E10/><V24/><F24/><W41/><G28/><T67/><D11/><U56/><E56/><V37/><F37/><W98/><G134/><T113/><D36/><U51/><E50/><V17/><F17/><W0/><G32/><T75/><D18/><U106/><E106/><V122/><F122/><W87/><G104/><T116/><D82/><U14/><E51/><V71/><F71/><W130/><G130/><T129/><D129/><U12/><E14/><V63/><F63/><W93/><G93/><T61/><D60/><U112/><E112/><V128/><F128/><W66/><G2/><T52/><D61/><U13/><E12/><V108/><F108/><W8/><G0/><T94/><D94/><N who="1" m="58615" /><E7/><V102/><F102/><W1/><G1/><T79/><D113/><U90/><E4/><V83/><F83/><W107/><G3/><T6/><D6/><U133/><E133/><V105/><F105/><W92/><G5/><T72/><D116/><U135/><E135/><V119/><F119/><W109/><G107/><RYUUKYOKU ba="2,1" sc="448,-15,174,15,179,15,189,-15" hai1="13,16,21,42,44,48,90" hai2="9,15,19,26,30,35,39,40,78,80,86,114,115" />
</Scene>
<Scene>
<INIT seed="1,3,1,1,5,47" ten="433,189,194,174" oya="1" hai0="129,126,33,94,58,37,24,55,98,88,34,42,101" hai1="108,116,76,121,27,26,99,23,7,106,132,107,22" hai2="97,32,127,29,48,87,96,2,117,51,52,114,67" hai3="53,69,113,12,86,95,10,40,112,45,28,103,16"/><U70/><E116/><V118/><F2/><W43/><G69/><T31/><D126/><U65/><E121/><V105/><F118/><W123/><G123/><T110/><D110/><U11/><E108/><V25/><F117/><W14/><G28/><T109/><D109/><U21/><E76/><V71/><F127/><W64/><G64/><T62/><D129/><U41/><E41/><V59/><F114/><W0/><G0/><T79/><D79/><U128/><E128/><V44/><F105/><W9/><G112/><T100/><D37/><U130/><E130/><V50/><F71/><W56/><G113/><T63/><D33/><U92/><E132/><V78/><F67/><W85/><G103/><T39/><D39/><U49/><E49/><V93/><F50/><N who="3" m="26943" /><G95/><T80/><D80/><U111/><E111/><V17/><F17/><N who="3" m="8335" /><G40/><T36/><D36/><U4/><E65/><V1/><F1/><W8/><G8/><T81/><D81/><U91/><E70/><V30/><F30/><W90/><G90/><T19/><D42/><U124/><E124/><V74/><F74/><W120/><G120/><T82/><D82/><U35/><E35/><V46/><F44/><W102/><G102/><T20/><D62/><AGARI ba="3,1" hai="10,14,16,53,56,62,85,86" m="8335,26943" machi="62" ten="30,3900,0" yaku="8,1,52,1,54,1" doraHai="47" who="3" fromWho="0" sc="433,-48,189,0,194,0,174,58" />
</Scene>
<Scene>
<INIT seed="2,0,0,0,3,108" ten="385,189,194,232" oya="2" hai0="28,127,66,100,1,69,96,107,98,63,21,6,48" hai1="126,34,39,102,92,33,97,61,56,123,75,90,10" hai2="36,0,40,67,58,128,62,2,43,16,65,104,68" hai3="54,30,59,81,84,134,27,114,57,18,88,14,5"/><V51/><F104/><W29/><G134/><T64/><D127/><U47/><E126/><V31/><F36/><W19/><G114/><T49/><D66/><U46/><E75/><V110/><F31/><N who="3" m="11787" /><G27/><T115/><D115/><U35/><E123/><V72/><F72/><W109/><G109/><T95/><D6/><U124/><E124/><V53/><F110/><W70/><G70/><T135/><D1/><U12/><E39/><V23/><F128/><W24/><G24/><N who="0" m="16399" /><D69/><U22/><E22/><V111/><F111/><W55/><G5/><T26/><D26/><U133/><E102/><V80/><F67/><W87/><G87/><T13/><D13/><U11/><E133/><V120/><F120/><W116/><G116/><T50/><D50/><U9/><REACH who="1" step="1"/><E12/><REACH who="1" ten="385,179,194,232" step="2"/><N who="2" m="9607" /><F0/><W38/><G38/><T78/><D100/><U42/><E42/><V74/><F2/><W117/><G117/><T105/><D135/><U45/><E45/><V37/><F37/><W89/><G14/><T3/><D3/><U85/><E85/><V118/><F118/><W20/><G20/><T125/><D125/><U44/><E44/><V129/><F129/><W99/><G99/><T122/><D98/><U32/><N who="1" m="8192" /><DORA hai="121" /><U119/><E119/><V71/><F68/><W112/><G112/><T101/><D122/><U132/><E132/><V60/><F62/><W83/><G59/><N who="0" m="36991" /><D48/><U7/><E7/><V8/><F8/><W106/><G57/><T130/><D49/><U113/><E113/><V76/><F71/><W77/><G84/><T17/><D130/><U94/><E94/><V103/><F103/><RYUUKYOKU ba="0,1" sc="385,-15,179,15,194,15,232,-15" hai1="9,10,11,46,47,56,61,90,92,97" hai2="40,43,51,53,58,60,65,74,76,80" />
</Scene>
<Scene>
<INIT seed="2,1,1,2,0,55" ten="370,194,209,217" oya="2" hai0="3,96,54,82,110,113,35,98,28,48,87,94,23" hai1="95,50,51,36,0,123,81,134,22,8,85,84,125" hai2="130,37,46,33,120,9,69,15,77,58,42,99,91" hai3="20,10,29,57,100,74,86,108,14,7,12,133,124"/><V126/><F120/><W60/><G74/><T88/><D35/><U128/><E36/><V105/><F69/><W109/><G124/><T119/><D3/><U90/><E123/><V75/><F33/><W30/><G133/><T43/><D113/><U67/><E134/><V89/><F126/><W107/><G107/><T131/><D110/><N who="3" m="42601" /><G100/><T79/><D43/><U44/><E125/><V2/><F130/><W63/><G63/><T65/><D65/><U5/><E128/><V76/><F75/><W25/><G86/><N who="0" m="52503" /><D119/><U122/><E122/><V38/><F2/><N who="3" m="375" /><G29/><T17/><D28/><U104/><E104/><V26/><F38/><W41/><G41/><T45/><D131/><U127/><E127/><V93/><F105/><W66/><AGARI ba="1,1" hai="12,14,20,25,30,57,60,66" m="375,42601" machi="66" ten="30,2000,0" yaku="14,1,52,1" doraHai="55" who="3" fromWho="3" sc="370,-6,194,-6,209,-11,217,33" />
</Scene>
<Scene>
<INIT seed="3,0,0,3,4,113" ten="364,188,198,250" oya="3" hai0="108,41,50,114,133,19,17,56,18,131,112,79,119" hai1="30,80,28,60,132,27,94,100,1,66,4,88,74" hai2="71,104,59,102,53,120,75,6,69,115,84,55,57" hai3="70,46,21,58,2,51,97,63,81,68,110,38,89"/><W135/><G2/><T116/><D108/><U92/><E132/><V105/><F75/><W83/><G38/><T95/><D133/><U117/><E117/><V121/><F84/><W96/><G135/><T67/><D131/><U20/><E30/><V130/><F102/><W40/><G110/><T43/><D79/><U77/><E100/><V128/><REACH who="2" step="1"/><F6/><REACH who="2" ten="364,188,188,250" step="2"/><W22/><G96/><T42/><D112/><AGARI ba="0,1" hai="53,55,57,59,69,71,104,105,112,115,120,121,128,130" machi="112" ten="25,6400,0" yaku="1,1,2,1,22,2,53,0" doraHai="113" doraHaiUra="0" who="2" fromWho="0" sc="364,-64,188,0,188,74,250,0" />
</Scene>
<Scene>
<INIT seed="4,0,0,2,1,127" ten="300,188,262,250" oya="0" hai0="4,59,1,45,8,65,115,109,112,126,53,128,122" hai1="117,68,30,0,124,23,56,101,73,110,51,89,36" hai2="134,92,10,135,38,100,48,61,63,55,31,44,12" hai3="50,88,72,74,18,6,70,93,67,98,106,57,84"/><T83/><D122/><U27/><E68/><V82/><F38/><W121/><G121/><T29/><D126/><U42/><E36/><V24/><F82/><W22/><G70/><T2/><D65/><U14/><E0/><V40/><F100/><W66/><G6/><T90/><D45/><N who="1" m="26039" /><E73/><V125/><F125/><W33/><G33/><T35/><D1/><U78/><E78/><V32/><F92/><W21/><G106/><T132/><D29/><U91/><E101/><V58/><REACH who="2" step="1"/><F63/><REACH who="2" ten="300,188,252,250" step="2"/><W5/><G93/><T54/><D83/><U131/><E124/><V118/><F118/><W7/><G74/><T9/><D112/><U43/><E117/><V113/><F113/><W105/><G105/><T108/><D115/><U111/><E110/><V19/><AGARI ba="0,1" hai="10,12,19,24,31,32,40,44,48,55,58,61,134,135" machi="19" ten="30,2000,0" yaku="1,1,0,1,53,0" doraHai="127" doraHaiUra="69" who="2" fromWho="2" sc="300,-10,188,-5,252,30,250,-5" />
</Scene>
<Scene>
<INIT seed="5,0,0,1,2,130" ten="290,183,282,245" oya="1" hai0="10,6,16,29,24,102,11,35,40,59,45,33,85" hai1="7,53,54,47,118,41,123,49,12,70,15,92,4" hai2="76,69,105,68,17,60,34,87,109,27,127,26,106" hai3="133,126,25,83,94,58,2,71,3,55,99,78,132"/><U129/><E118/><V122/><F122/><W97/><G71/><T50/><D102/><U20/><E123/><V100/><F100/><W42/><G42/><T80/><D33/><U19/><E129/><V48/><F34/><W95/><G126/><T131/><D131/><U67/><E70/><V8/><F48/><W86/><G25/><T117/><D117/><U93/><E67/><V1/><F76/><W9/><G94/><N who="1" m="36458" /><E12/><V22/><F87/><W82/><G82/><T30/><D30/><U5/><AGARI ba="0,0" hai="4,5,7,15,19,20,41,47,49,53,54" m="36458" machi="5" ten="30,1500,0" yaku="8,1" doraHai="130" who="1" fromWho="1" sc="290,-5,183,15,282,-5,245,-5" />
</Scene>
<Scene>
<INIT seed="5,1,0,5,0,108" ten="285,198,277,240" oya="1" hai0="65,106,31,20,44,56,84,47,72,11,61,14,119" hai1="116,110,54,48,55,83,29,9,34,113,39,114,53" hai2="50,3,115,30,71,104,133,49,112,92,82,35,0" hai3="127,97,7,60,42,43,102,41,128,88,70,93,2"/><U125/><E116/><V132/><F104/><W17/><G127/><T45/><D72/><U90/><E39/><V12/><F71/><W57/><G70/><T120/><D106/><U6/><E125/><V69/><F69/><W23/><G128/><T36/><D119/><U135/><E110/><V21/><F82/><W26/><G2/><N who="2" m="553" /><F92/><W62/><G7/><T85/><D36/><U67/><E67/><V10/><F35/><W94/><REACH who="3" step="1"/><G57/><REACH who="3" ten="285,198,277,230" step="2"/><T52/><D120/><U38/><E6/><N who="2" m="3159" /><F49/><W87/><AGARI ba="1,1" hai="17,23,26,41,42,43,60,62,87,88,93,94,97,102" machi="87" ten="30,7900,0" yaku="1,1,0,1,8,1,54,1,53,0" doraHai="108" doraHaiUra="129" who="3" fromWho="3" sc="285,-21,198,-40,277,-21,230,92" />
</Scene>
<Scene>
<INIT seed="6,0,0,1,2,34" ten="264,158,256,322" oya="2" hai0="97,17,121,6,40,126,57,124,47,106,122,71,130" hai1="44,112,13,20,18,77,69,62,52,80,23,104,76" hai2="107,135,128,38,74,109,72,3,49,30,37,127,94" hai3="79,115,55,134,42,31,70,88,131,12,87,7,22"/><V61/><F107/><W73/><G70/><T48/><D71/><U15/><E112/><V4/><F30/><W39/><G115/><T85/><D130/><U59/><E104/><V1/><F128/><W108/><G131/><T51/><D6/><U129/><E129/><V21/><F4/><W45/><G108/><T120/><D85/><U32/><E32/><V123/><F21/><W114/><G114/><T43/><D17/><U91/><E69/><V133/><F123/><W89/><G134/><N who="2" m="51209" /><F127/><N who="0" m="48682" /><D97/><U111/><E111/><V84/><F49/><N who="0" m="19018" /><D106/><U9/><E44/><V33/><F61/><W92/><G7/><T64/><D47/><U8/><E91/><N who="2" m="53607" /><F33/><W105/><G105/><T29/><D29/><U96/><E96/><V56/><F56/><W24/><G45/><T118/><D118/><U53/><E53/><V26/><F26/><W2/><G24/><T65/><D57/><U117/><E117/><V27/><F27/><W78/><G31/><T46/><D46/><U10/><REACH who="1" step="1"/><E80/><REACH who="1" ten="264,148,256,322" step="2"/><V90/><F90/><W54/><G89/><T0/><D64/><U103/><E103/><V102/><F102/><W119/><G119/><T98/><D65/><U25/><E25/><V41/><F109/><W28/><G28/><T99/><D99/><U110/><E110/><V101/><F101/><W19/><G88/><T132/><D98/><U58/><E58/><V11/><F41/><N who="0" m="15946" /><D132/><U63/><E63/><V36/><F11/><W95/><G95/><T81/><D81/><U5/><E5/><V83/><F83/><W67/><G92/><T66/><D66/><U116/><E116/><RYUUKYOKU ba="0,1" sc="264,10,148,10,256,10,322,-30" hai0="0,120,121,122" hai1="8,9,10,13,15,18,20,23,52,59,62,76,77" hai2="1,3,36,37,38,72,74" />
</Scene>
<Scene>
<INIT seed="6,1,1,5,0,34" ten="274,158,266,292" oya="2" hai0="57,129,95,43,133,61,103,37,107,56,68,110,131" hai1="127,108,33,128,115,21,87,92,102,119,125,18,126" hai2="26,24,53,117,132,16,82,75,101,88,1,118,52" hai3="94,135,77,90,4,31,134,25,73,130,7,28,35"/><V112/><F1/><W74/><G130/><N who="0" m="49675" /><D107/><U99/><E128/><V93/><F117/><W42/><G42/><T114/><D110/><U105/><E108/><V80/><F118/><W48/><G48/><T100/><D114/><U60/><E119/><V36/><F36/><W20/><G35/><T72/><D72/><N who="3" m="27753" /><G77/><T8/><D133/><N who="3" m="50697" /><G28/><T54/><D68/><U70/><E33/><V86/><F132/><W17/><G31/><T45/><D95/><U12/><E115/><V123/><F123/><W50/><G50/><N who="0" m="30807" /><D8/><U40/><E40/><V13/><F112/><W44/><G44/><T66/><AGARI ba="1,1" hai="37,43,45,57,61,66,100,103" m="30807,49675" machi="66" ten="30,1100,0" yaku="19,1" doraHai="34" who="0" fromWho="0" sc="274,24,158,-4,266,-6,292,-4" />
</Scene>
<Scene>
<INIT seed="7,0,0,0,3,51" ten="298,154,260,288" oya="3" hai0="37,114,120,44,118,18,86,129,29,32,41,65,38" hai1="130,61,50,28,60,87,21,127,111,31,98,90,6" hai2="52,49,56,59,112,8,104,57,40,93,78,88,7" hai3="36,45,76,91,63,54,83,64,47,135,12,4,110"/><W26/><G135/><T15/><D118/><U79/><E111/><V13/><F112/><W27/><G110/><T35/><D120/><U34/><E34/><V42/><F104/><W95/><G36/><T75/><D75/><U19/><E127/><V58/><F78/><W30/><G12/><T123/><D123/><U107/><E130/><V68/><F68/><W9/><G9/><T22/><D129/><U106/><E6/><V125/><F125/><W134/><G4/><T33/><D65/><U23/><E79/><V24/><F24/><W126/><G126/><T20/><D114/><U105/><E98/><AGARI ba="0,0" hai="7,8,13,40,42,49,52,56,57,58,59,88,93,98" machi="98" ten="40,8000,1" yaku="8,1,52,1,54,2" doraHai="51" who="2" fromWho="1" sc="298,0,154,-80,260,80,288,0" owari="298,10.0,74,-43.0,340,44.0,288,-11.0" />
</Scene>
</mjloggm>