<mjloggm ver="2.3"><GO type="169" lobby="0"/><UN n0="%E5%A4%AA%E3%81%8F%E3%81%AA%E3%81%84%E3%81%8A" n1="%E6%A8%82%E6%9C%B1%E5%BD%8C%E7%A5%9E" n2="%E8%88%AC%E5%8D%93%E6%B0%91%E3%81%AE%E6%9C%9D%E3%81%AF%E6%97%A9%E3%81%84" n3="%6E%65%6F%40%75%6E%69" dan="17,16,16,18" rate="2214.98,2103.48,2103.00,2231.17" sx="M,F,F,M"/><TAIKYOKU oya="0"/>

<Scene>
<INIT seed="0,0,0,2,2,38" ten="250,250,250,250" oya="0" hai0="53,80,129,73,65,39,118,40,47,54,123,133,111" hai1="115,82,122,52,95,105,87,117,56,57,9,55,37" hai2="51,99,43,127,32,11,72,98,28,18,69,103,77" hai3="68,89,96,125,132,78,14,10,109,50,23,49,83"/><T114/><D114/><U116/><E105/><V31/><F69/><W76/><G68/><T60/><D118/><U119/><E37/><V88/><F127/><W75/><G125/><T25/><D123/><U104/><E104/><V90/><F72/><W71/><G71/><T107/><D107/><U94/><E115/><V131/><F77/><W70/><G70/><N who="0" m="42279" /><D25/><U63/><E9/><V135/><F135/><W7/><G78/><T101/><D101/><U74/><E74/><V3/><F131/><W97/><G132/><T100/><D100/><U93/><E122/><V8/><F32/><W121/><G121/><T102/><D102/><U0/><E0/><V126/><F126/><W108/><G23/><T92/><D92/><U35/><E35/><V128/><F128/><W58/><G89/><N who="2" m="34409" /><F3/><W2/><G2/><T84/><D73/><U20/><E20/><V62/><F62/><W134/><G134/><T64/><D133/><U29/><E29/><N who="2" m="11339" /><F103/><W42/><G76/><T1/><D1/><U61/><REACH who="1" step="1"/><E82/><REACH who="1" ten="250,240,250,250" step="2"/><V15/><F8/><W24/><G83/><T41/><D129/><U30/><E30/><V86/><F86/><AGARI ba="0,1" hai="52,55,56,57,61,63,86,87,93,94,95,116,117,119" machi="86" ten="50,6400,0" yaku="1,1,9,1,54,1,53,0" doraHai="38" doraHaiUra="21" who="1" fromWho="2" sc="250,0,240,74,250,-64,250,0" />
</Scene>
<Scene>
<INIT seed="1,0,0,4,2,43" ten="250,314,186,250" oya="1" hai0="24,75,70,120,20,32,17,46,91,39,117,84,18" hai1="112,101,114,35,67,65,132,111,8,107,130,108,81" hai2="115,106,95,48,45,11,88,57,129,12,102,125,72" hai3="83,121,123,23,22,1,86,93,119,69,100,34,80"/><U62/><E35/><V77/><F125/><W21/><G34/><T42/><D117/><U116/><E8/><V51/><F129/><W131/><G69/><T103/><D75/><U87/><E116/><V64/><F115/><W79/><G119/><T27/><D120/><U29/><E29/><V74/><F74/><W94/><G1/><T126/><D126/><U85/><E130/><V4/><F72/><W68/><G68/><T30/><D70/><U14/><E14/><V89/><F77/><W50/><G131/><T41/><D103/><U28/><E28/><V44/><F106/><W26/><G26/><T55/><D18/><U16/><E132/><V10/><F102/><W71/><G71/><T113/><D113/><U98/><E16/><V61/><F10/><W33/><G33/><T9/><D9/><U90/><E85/><N who="2" m="52623" /><F89/><W135/><G135/><T92/><D41/><U73/><E73/><V54/><F51/><W118/><G118/><T99/><D84/><U76/><E76/><V66/><F66/><N who="1" m="25097" /><E62/><V0/><F0/><W122/><G83/><T127/><D127/><U40/><E40/><V124/><F124/><W19/><G19/><T2/><D2/><U25/><E25/><V36/><F36/><W52/><REACH who="3" step="1"/><G100/><REACH who="3" ten="250,314,186,240" step="2"/><T56/><D24/><U53/><E114/><V49/><F49/><W3/><G3/><T59/><D32/><U47/><E112/><V78/><F78/><W96/><G96/><T82/><D82/><U133/><E133/><V5/><F4/><W38/><G38/><T15/><D30/><U31/><E31/><V104/><F104/><RYUUKYOKU ba="0,1" sc="250,-30,314,10,186,10,240,10" hai1="47,53,81,87,90,98,101,107,108,111" hai2="5,11,12,44,45,48,54,57,61,64" hai3="21,22,23,50,52,79,80,86,93,94,121,122,123" />
</Scene>
<Scene>
<INIT seed="1,1,1,4,2,84" ten="220,324,196,250" oya="1" hai0="32,122,43,119,44,114,15,26,115,9,45,46,127" hai1="65,7,8,39,71,89,21,17,16,95,85,34,37" hai2="13,135,19,69,35,67,55,40,41,4,10,72,86" hai3="117,62,129,124,93,28,78,87,134,47,80,92,58"/><U60/><E34/><V27/><F72/><W113/><G113/><T23/><D119/><U68/><E68/><V30/><F135/><W96/><G134/><T11/><D43/><U24/><REACH who="1" step="1"/><E17/><REACH who="1" ten="220,314,196,250" step="2"/><V112/><F112/><W76/><G117/><T61/><D32/><U1/><AGARI ba="1,2" hai="1,7,8,16,21,24,37,39,60,65,71,85,89,95" machi="1" ten="20,24000,3" yaku="1,1,2,1,0,1,7,1,52,1,54,1,53,2" doraHai="84" doraHaiUra="70" who="1" fromWho="1" sc="220,-81,314,263,196,-81,250,-81" />
</Scene>
<Scene>
<INIT seed="1,2,0,2,0,102" ten="139,577,115,169" oya="1" hai0="58,45,63,38,93,17,32,48,123,118,44,46,31" hai1="20,106,50,12,131,109,24,37,34,104,88,80,39" hai2="87,70,18,53,77,0,62,135,96,67,121,29,73" hai3="5,71,89,99,65,61,125,10,11,25,19,8,59"/><U115/><E34/><V22/><F121/><W79/><G79/><T47/><D118/><U83/><E115/><V86/><F135/><W21/><G125/><T84/><D123/><U78/><E131/><V2/><F29/><W41/><G41/><T16/><D38/><U75/><E12/><V28/><F28/><W95/><REACH who="3" step="1"/><G71/><REACH who="3" ten="139,577,115,159" step="2"/><T105/><D32/><U14/><E78/><V9/><F77/><W74/><G74/><T132/><D132/><U81/><E75/><V113/><F73/><W122/><G122/><T101/><D45/><U15/><E39/><V114/><F113/><W51/><G51/><T60/><D48/><U1/><E37/><V40/><F40/><W130/><G130/><T66/><D60/><U100/><E50/><V56/><F114/><W133/><G133/><T35/><D35/><U98/><E109/><V4/><F70/><W55/><G55/><T116/><D116/><U3/><E1/><AGARI ba="2,1" hai="1,5,8,10,11,19,21,25,59,61,65,89,95,99" machi="1" ten="30,2000,0" yaku="1,1,7,1,53,0" doraHai="102" doraHaiUra="126" who="3" fromWho="1" sc="139,0,577,-26,115,0,159,36" />
</Scene>
<Scene>
<INIT seed="2,0,0,0,5,46" ten="139,551,115,195" oya="2" hai0="4,16,11,25,0,90,134,64,114,18,128,8,23" hai1="123,62,51,96,115,53,89,120,15,33,12,84,45" hai2="122,85,102,56,60,101,66,67,129,32,105,88,104" hai3="86,99,63,49,80,39,68,7,82,93,113,6,83"/><V94/><F122/><N who="1" m="46633" /><E33/><V48/><F32/><W87/><G39/><T54/><D114/><U119/><E115/><V20/><F129/><W69/><G113/><T112/><D112/><U13/><E119/><V133/><F133/><W106/><G106/><T126/><D134/><U70/><E70/><V58/><F20/><W43/><G63/><T135/><D135/><U73/><E73/><V37/><F37/><W42/><G68/><T1/><D128/><U47/><E96/><V111/><F111/><W65/><G65/><T121/><D121/><U78/><E78/><V28/><F28/><W35/><G69/><T130/><D130/><U40/><E62/><V76/><F76/><W19/><G19/><T79/><D64/><U22/><E22/><V116/><F116/><W27/><G27/><T98/><D126/><U127/><E127/><V75/><F75/><W10/><G35/><T92/><D79/><U125/><E125/><V29/><F29/><W109/><G10/><T26/><D54/><U108/><E108/><V55/><REACH who="2" step="1"/><F67/><REACH who="2" ten="139,551,105,195" step="2"/><W36/><G36/><T81/><D23/><U3/><E3/><V34/><F34/><W117/><G117/><T9/><D0/><U50/><E12/><V95/><F95/><AGARI ba="0,1" hai="13,15,40,45,47,50,51,53,84,89,95" m="46633" machi="95" ten="30,3900,0" yaku="13,1,52,2" doraHai="46" who="1" fromWho="2" sc="139,0,551,49,105,-39,195,0" />
</Scene>
<Scene>
<INIT seed="3,0,0,5,0,72" ten="139,600,66,195" oya="3" hai0="114,80,93,35,53,105,45,59,30,25,98,81,73" hai1="57,83,21,100,31,128,124,6,122,131,26,50,109" hai2="0,117,112,132,129,95,49,120,7,20,36,60,88" hai3="126,75,32,11,46,103,118,1,67,24,10,104,62"/><W121/><G121/><T38/><D105/><U43/><E6/><V47/><F120/><W102/><G118/><T4/><D114/><U123/><E100/><V65/><F112/><W64/><G126/><T82/><D4/><U71/><E71/><V39/><F117/><W17/><G75/><T15/><D15/><U42/><E109/><V92/><F132/><W40/><G64/><T19/><D19/><U52/><E124/><V2/><F129/><N who="1" m="49737" /><E43/><V91/><F20/><W13/><G1/><T78/><D45/><N who="1" m="25911" /><E83/><V18/><F18/><W54/><G54/><T111/><D38/><U69/><E69/><V97/><F39/><W27/><G11/><T16/><D16/><U96/><E96/><V63/><F36/><W70/><G104/><T119/><D111/><U22/><E21/><V56/><F63/><AGARI ba="0,0" hai="22,26,31,52,57,63,122,123" m="25911,49737" machi="63" ten="30,2000,0" yaku="19,1,54,1" doraHai="72" who="1" fromWho="2" sc="139,0,600,20,66,-20,195,0" />
</Scene>
<Scene>
<INIT seed="4,0,0,0,2,4" ten="139,620,46,195" oya="0" hai0="132,64,54,58,133,42,83,59,23,49,45,84,118" hai1="74,3,86,96,12,15,97,111,2,100,95,87,69" hai2="22,107,55,99,70,41,131,121,63,19,80,50,124" hai3="127,30,39,90,82,81,46,57,68,31,104,123,20"/><T44/><D23/><U101/><E74/><V5/><F121/><W29/><G68/><T35/><D35/><U109/><E95/><V56/><F131/><W103/><G127/><T16/><D118/><U85/><E85/><V89/><F124/><W114/><G114/><T67/><D16/><U52/><E69/><V135/><F135/><N who="0" m="51786" /><D84/><U79/><E79/><V61/><F5/><W10/><G20/><T17/><D17/><U105/><REACH who="1" step="1"/><E52/><REACH who="1" ten="139,610,46,195" step="2"/><V75/><F75/><W25/><G123/><T14/><D83/><U125/><E125/><V38/><F70/><W13/><G82/><T36/><D64/><U9/><E9/><V91/><F107/><AGARI ba="0,1" hai="2,3,12,15,86,87,96,97,100,101,105,107,109,111" machi="107" ten="25,3200,0" yaku="1,1,22,2,53,0" doraHai="4" doraHaiUra="40" who="1" fromWho="2" sc="139,0,610,42,46,-32,195,0" />
</Scene>
<Scene>
<INIT seed="5,0,0,1,1,74" ten="139,652,14,195" oya="1" hai0="93,117,25,101,110,63,100,124,97,56,16,126,106" hai1="114,39,55,36,135,133,95,128,35,77,48,69,57" hai2="66,112,32,8,91,70,37,104,134,125,10,80,14" hai3="27,44,88,54,26,38,81,113,72,45,34,52,99"/><U51/><E114/><V131/><F32/><W68/><G68/><T49/><D110/><U132/><E35/><V58/><F104/><W46/><G38/><N who="1" m="14378" /><E95/><V108/><F37/><W64/><G64/><T65/><D117/><U123/><E77/><V4/><F70/><W15/><G72/><T71/><D101/><U41/><E69/><V50/><F108/><W9/><G113/><T60/><D49/><N who="1" m="30959" /><E123/><V21/><F131/><W0/><G0/><T76/><D106/><U130/><E48/><V43/><F125/><W67/><G34/><T92/><D92/><U89/><E89/><V11/><F134/><W30/><G99/><T111/><D111/><U28/><E28/><V90/><F112/><W13/><G15/><T59/><D76/><U118/><E118/><V5/><F90/><W6/><G27/><T20/><REACH who="0" step="1"/><D71/><REACH who="0" ten="129,652,14,195" step="2"/><U85/><E130/><V7/><F91/><W121/><G88/><T122/><D122/><U127/><E128/><V84/><F50/><W87/><G121/><T23/><D23/><U102/><E102/><V79/><F21/><W109/><G109/><T1/><D1/><U17/><E132/><V116/><F116/><W75/><G9/><T47/><D47/><U33/><E133/><V18/><F43/><W120/><G45/><T73/><D73/><U53/><E41/><V29/><F29/><W86/><G30/><T105/><D105/><U96/><E33/><V98/><REACH who="2" step="1"/><F98/><REACH who="2" ten="129,652,4,195" step="2"/><W129/><G129/><T42/><D42/><U103/><E96/><V115/><F115/><W61/><G120/><T119/><D119/><U107/><E135/><RYUUKYOKU ba="0,2" sc="129,15,652,-15,4,15,195,-15" hai0="16,20,25,56,59,60,63,65,93,97,100,124,126" hai2="4,5,7,8,10,11,14,18,58,66,79,80,84" />
</Scene>
<Scene>
<INIT seed="6,1,2,4,3,9" ten="144,637,19,180" oya="2" hai0="67,106,113,129,112,38,125,64,41,132,55,23,0" hai1="122,22,83,131,12,37,97,120,99,63,91,54,80" hai2="79,111,71,52,104,65,98,128,95,115,2,109,17" hai3="50,116,20,75,124,21,42,10,14,103,44,3,110"/><V107/><F2/><W1/><G116/><T62/><D0/><U5/><E37/><V27/><F128/><W31/><G75/><T4/><D106/><U126/><E126/><V40/><F40/><W30/><G110/><N who="2" m="41993" /><F79/><W100/><G124/><T68/><D125/><U19/><E5/><V118/><F118/><W133/><G133/><T84/><D4/><U26/><E131/><V58/><F115/><N who="0" m="44106" /><D129/><U45/><E26/><V88/><F71/><W34/><G34/><T47/><D132/><U15/><E120/><V102/><F65/><W117/><G3/><T13/><D84/><U66/><E66/><V60/><F102/><N who="3" m="38955" /><G1/><T86/><D86/><U85/><E122/><V69/><F69/><W105/><G105/><T119/><D119/><U101/><E83/><V135/><F135/><W72/><G72/><T82/><D82/><U57/><E45/><V77/><F77/><W127/><G117/><T24/><D64/><U28/><E28/><N who="3" m="10794" /><G127/><T11/><D55/><U121/><E121/><V18/><F18/><AGARI ba="1,2" hai="10,14,18,20,21,42,44,50" m="10794,38955" machi="18" ten="30,2000,0" yaku="8,1,52,1" doraHai="9" who="3" fromWho="2" sc="144,0,637,0,19,-23,180,43" owari="144,-26.0,637,74.0,-4,-50.0,223,2.0" />
</Scene>
</mjloggm>