<mjloggm ver="2.3"><GO type="169" lobby="0"/><UN n0="%E5%A4%AA%E3%81%8F%E3%81%AA%E3%81%84%E3%81%8A" n1="%6E%69%6A%69" n2="%E3%80%90%E7%BD%AA%E6%AD%8C%E3%80%91" n3="%E9%BE%8D%E9%96%80%E6%B8%95%E9%80%8F%E8%8A%B1" dan="18,17,17,16" rate="2186.84,2142.46,2185.86,2138.94" sx="M,M,F,M"/><TAIKYOKU oya="0"/>

<Scene>
<INIT seed="0,0,0,4,5,59" ten="250,250,250,250" oya="0" hai0="73,125,28,69,104,75,116,35,25,105,19,82,60" hai1="95,120,66,14,86,80,44,33,22,91,71,87,55" hai2="77,124,111,70,52,90,27,56,67,114,131,49,3" hai3="106,48,121,127,12,85,34,103,64,17,78,36,113"/><T42/><D116/><U123/><E33/><V88/><F114/><W10/><G36/><T30/><D125/><U23/><E44/><V24/><F3/><W37/><G37/><T119/><D119/><U92/><E55/><V16/><F131/><W72/><G34/><T62/><D42/><U132/><E132/><V112/><F112/><W84/><G113/><T50/><D50/><U133/><E133/><V65/><F124/><W134/><G134/><T93/><D19/><U96/><E14/><V5/><F111/><W54/><G127/><T39/><D39/><U98/><E66/><N who="2" m="25099" /><F70/><W4/><G64/><T76/><D69/><U128/><E71/><V99/><F5/><W18/><G121/><T46/><D46/><U100/><E128/><V89/><F77/><W102/><G72/><T45/><D45/><U1/><E1/><V63/><F99/><W135/><G106/><T107/><D75/><U97/><E97/><V101/><F101/><N who="3" m="38411" /><G135/><T26/><REACH who="0" step="1"/><D93/><REACH who="0" ten="240,250,250,250" step="2"/><U9/><E100/><V29/><F29/><W20/><G18/><T21/><AGARI ba="0,1" hai="21,25,26,28,30,35,60,62,73,76,82,104,105,107" machi="21" ten="30,12000,1" yaku="1,1,2,1,0,1,52,2,53,0" doraHai="59" doraHaiUra="129" who="0" fromWho="0" sc="240,130,250,-40,250,-40,250,-40" />
</Scene>
<Scene>
<INIT seed="0,1,0,5,3,83" ten="370,210,210,210" oya="0" hai0="101,35,92,3,72,104,68,42,54,32,91,36,88" hai1="4,89,122,28,118,52,0,85,135,96,27,87,121" hai2="48,7,69,22,115,65,38,120,21,117,16,82,79" hai3="20,26,97,116,106,53,57,30,64,100,124,47,90"/><T41/><D3/><U58/><E118/><V129/><F115/><W77/><G116/><T73/><D68/><U31/><E135/><V108/><F38/><W23/><G77/><T111/><D104/><U2/><E2/><V74/><F117/><W46/><G124/><T8/><D101/><U19/><E0/><V95/><F120/><W103/><G103/><T126/><D8/><U81/><E4/><V102/><F7/><W5/><G64/><T39/><D92/><N who="1" m="54335" /><E96/><V71/><F129/><W62/><G5/><T80/><D80/><U86/><E122/><V70/><F108/><W60/><G60/><T132/><D54/><U11/><E121/><V1/><F1/><W98/><REACH who="3" step="1"/><G23/><REACH who="3" ten="370,210,210,200" step="2"/><T14/><D126/><U9/><E11/><V45/><F22/><W61/><G61/><T107/><D111/><U114/><E9/><V93/><F65/><W51/><G51/><T59/><D39/><U75/><E75/><V109/><F102/><W49/><G49/><T76/><D72/><U67/><E67/><V15/><REACH who="2" step="1"/><F109/><REACH who="2" ten="370,210,200,200" step="2"/><W128/><G128/><T33/><D36/><U133/><E133/><V134/><F134/><W112/><G112/><T78/><D132/><U37/><E114/><V17/><F17/><W13/><G13/><T66/><D14/><U131/><E37/><V50/><F50/><W63/><G63/><T43/><D66/><U84/><E131/><V25/><F25/><W125/><G125/><T119/><D119/><U24/><E19/><V127/><F127/><W110/><G110/><T130/><D130/><U56/><E24/><V94/><F94/><AGARI ba="1,2" hai="20,26,30,46,47,53,57,62,90,94,97,98,100,106" machi="94" ten="40,2600,0" yaku="1,1,6,1,53,0" doraHai="83" doraHaiUra="29" who="3" fromWho="2" sc="370,0,210,0,200,-29,200,49" />
</Scene>
<Scene>
<INIT seed="1,0,0,0,0,38" ten="370,210,171,249" oya="1" hai0="36,107,134,114,108,54,61,127,86,30,123,3,102" hai1="83,96,76,1,79,120,91,68,85,113,95,34,26" hai2="118,135,57,92,103,17,14,56,11,98,88,47,4" hai3="59,60,78,109,46,62,23,112,133,82,126,101,129"/><U19/><E1/><V66/><F118/><W110/><G112/><T71/><RYUUKYOKU type="yao9" ba="0,0" sc="370,0,210,0,171,0,249,0" hai0="3,30,36,54,61,71,86,102,107,108,114,123,127,134" />
</Scene>
<Scene>
<INIT seed="1,1,0,1,0,104" ten="370,210,171,249" oya="1" hai0="33,7,118,29,101,54,36,10,83,135,99,56,18" hai1="58,134,75,60,12,13,32,81,72,20,89,82,79" hai2="5,113,37,4,23,98,105,128,46,116,86,53,0" hai3="66,68,84,38,3,9,93,27,111,69,96,63,94"/><U97/><E32/><V51/><F116/><W132/><G38/><T110/><D118/><U107/><E134/><V15/><F128/><W25/><G132/><T48/><D36/><U122/><E122/><V61/><F113/><W80/><G111/><T6/><D135/><U112/><E112/><V57/><F0/><W24/><G69/><T26/><D110/><U28/><E107/><V31/><F37/><W106/><G106/><T115/><D115/><U40/><E40/><V30/><F105/><W92/><G9/><T71/><D18/><U130/><E130/><V88/><F98/><W47/><G47/><T45/><D71/><U64/><E97/><V43/><F15/><W70/><G3/><T50/><D10/><U123/><E123/><V91/><F91/><W125/><G70/><T49/><D49/><U124/><E124/><V42/><F43/><W16/><G125/><T76/><D99/><U95/><E95/><V77/><F77/><W55/><G55/><T120/><D101/><U52/><E64/><V73/><F73/><W109/><G109/><T129/><D120/><U85/><REACH who="1" step="1"/><E75/><REACH who="1" ten="370,200,171,249" step="2"/><V59/><F59/><W121/><G121/><T74/><D129/><U62/><E62/><V127/><F127/><W126/><G126/><T41/><AGARI ba="1,1" hai="6,7,26,29,33,41,45,48,50,54,56,74,76,83" machi="41" ten="20,2700,0" yaku="0,1,7,1,52,1" doraHai="104" who="0" fromWho="0" sc="370,40,200,-14,171,-8,249,-8" />
</Scene>
<Scene>
<INIT seed="2,0,0,4,1,42" ten="410,186,163,241" oya="2" hai0="102,130,115,57,16,54,121,95,67,40,97,92,27" hai1="133,79,47,127,59,109,6,101,126,26,72,60,1" hai2="69,66,118,4,89,0,61,12,19,33,112,81,131" hai3="52,71,43,128,18,21,73,13,108,85,25,111,82"/><V49/><F118/><W35/><G71/><T46/><D115/><U55/><E109/><N who="3" m="42058" /><G73/><T56/><D121/><U75/><E133/><V129/><F112/><W10/><G128/><T96/><D130/><N who="2" m="49674" /><F33/><W120/><G120/><T37/><D67/><U15/><E1/><V113/><F113/><W100/><G100/><T83/><D83/><U39/><E101/><V86/><F49/><W62/><G43/><T29/><D54/><U77/><E26/><V74/><F74/><W30/><G62/><T20/><REACH who="0" step="1"/><D29/><REACH who="0" ten="400,186,163,241" step="2"/><U123/><E123/><V2/><F4/><W11/><G52/><T50/><D50/><U117/><E6/><V76/><F76/><AGARI ba="0,1" hai="10,11,13,18,21,25,30,35,76,82,85" m="42058" machi="76" ten="30,1000,0" yaku="14,1" doraHai="42" who="3" fromWho="2" sc="400,0,186,0,163,-10,241,20" />
</Scene>
<Scene>
<INIT seed="3,0,0,5,2,62" ten="400,186,153,261" oya="3" hai0="61,119,52,33,81,37,84,60,106,29,40,47,87" hai1="121,27,44,103,64,66,99,8,114,55,75,83,74" hai2="67,120,24,11,80,23,31,88,39,73,25,126,111" hai3="132,101,26,118,122,128,0,7,110,93,30,113,38"/><W18/><G38/><T13/><D106/><U51/><E121/><V43/><F111/><W28/><G113/><T76/><D119/><U117/><E114/><V92/><F126/><W56/><G118/><T22/><D33/><U57/><E117/><V71/><F120/><W89/><G122/><T100/><D100/><U14/><E27/><V50/><F39/><W21/><G110/><T36/><D36/><U78/><E57/><V68/><F11/><W133/><G101/><T9/><D84/><U10/><E75/><V123/><F123/><W69/><G69/><T77/><D77/><U48/><E48/><V53/><F43/><W34/><G128/><T58/><D22/><U41/><E55/><V35/><F73/><W105/><G105/><T130/><D29/><U2/><E2/><V5/><F5/><W107/><G107/><T112/><D130/><U20/><E20/><V79/><F80/><W70/><G70/><T96/><D96/><U1/><E1/><V15/><F15/><N who="3" m="9439" /><G56/><T91/><D112/><U42/><E42/><V82/><F82/><W97/><G30/><T6/><D76/><U115/><E115/><V125/><F125/><W65/><G65/><T12/><D12/><U95/><REACH who="1" step="1"/><E8/><AGARI ba="0,0" hai="0,7,8,26,28,34,89,93,97,132,133" m="9439" machi="8" ten="30,1500,0" yaku="24,1" doraHai="62" who="3" fromWho="1" sc="400,0,186,-15,153,0,261,15" />
</Scene>
<Scene>
<INIT seed="3,1,0,0,4,90" ten="400,171,153,276" oya="3" hai0="118,56,47,68,115,32,125,128,101,21,92,57,2" hai1="43,40,13,6,124,134,59,75,121,95,30,34,49" hai2="54,36,42,25,133,107,0,123,10,83,55,84,35" hai3="100,94,76,81,85,87,69,31,122,18,61,120,106"/><W24/><G18/><T71/><D32/><U117/><E75/><V74/><F133/><W88/><G69/><T39/><D2/><U8/><E121/><V105/><F123/><W135/><G61/><T110/><D118/><U132/><E117/><V109/><F109/><W79/><G135/><N who="1" m="51754" /><E124/><V72/><F55/><W66/><G66/><T38/><D21/><U102/><E30/><N who="2" m="19919" /><F54/><W130/><G130/><T12/><D12/><U23/><E34/><V119/><F84/><N who="3" m="52487" /><G24/><T5/><D5/><U60/><E49/><V114/><F114/><W78/><G31/><T70/><D70/><U51/><E51/><V45/><F119/><W64/><G64/><T1/><D68/><U19/><E59/><V82/><F82/><N who="3" m="47303" /><G79/><T103/><D71/><U126/><E60/><V48/><F48/><W62/><G62/><T58/><D115/><U131/><E131/><V9/><F9/><W112/><G112/><T91/><D128/><U93/><E40/><V15/><F15/><W104/><G104/><N who="2" m="40009" /><F83/><W108/><G108/><T98/><D110/><U7/><E43/><V97/><F0/><W20/><G20/><T77/><D1/><U86/><E23/><V4/><F10/><W37/><G37/><T50/><D77/><U22/><E22/><V33/><F4/><W46/><G46/><T113/><D113/><U14/><E14/><V65/><F33/><W116/><G116/><T53/><D38/><U111/><E111/><V29/><F29/><W129/><G129/><T96/><D39/><U16/><E6/><V73/><F65/><W44/><G44/><T127/><D47/><RYUUKYOKU ba="1,0" sc="400,-15,171,-15,153,15,276,15" hai2="36,42,45,72,73,74,97" hai3="78,81,87,100,106,120,122" />
</Scene>
<Scene>
<INIT seed="3,2,0,4,0,25" ten="385,156,168,291" oya="3" hai0="76,49,47,86,44,112,81,53,22,9,109,37,75" hai1="30,106,33,93,123,27,118,94,46,116,91,103,110" hai2="73,62,95,67,43,5,90,121,129,15,124,61,50" hai3="4,42,102,0,133,24,41,117,126,56,39,2,97"/><W48/><G117/><N who="1" m="45162" /><E123/><V115/><F115/><W17/><G126/><T38/><D112/><U65/><E110/><V80/><F124/><W6/><G133/><T10/><D109/><U14/><E65/><V107/><F107/><W105/><G2/><T113/><D113/><U71/><E71/><V92/><F129/><W130/><G130/><T128/><D128/><U135/><E135/><V98/><F121/><W104/><G104/><T134/><D134/><U111/><E111/><V132/><F132/><W122/><G122/><T87/><D75/><U60/><E60/><V63/><F95/><N who="1" m="36361" /><E91/><V8/><F73/><W82/><G82/><T51/><D22/><U69/><E69/><V59/><F80/><W70/><G70/><T29/><D81/><U64/><E64/><V79/><F79/><W52/><G0/><T16/><D76/><U96/><E14/><V11/><F11/><W119/><G119/><T131/><D131/><U88/><E88/><V3/><F3/><W1/><G1/><T54/><D9/><U66/><E66/><V72/><F72/><W55/><G55/><T7/><D10/><U114/><E114/><V32/><F32/><W78/><G78/><T35/><D53/><U12/><E12/><V36/><F36/><W58/><G39/><T99/><D38/><U21/><E33/><V34/><F34/><W19/><G97/><T57/><D99/><U28/><E46/><AGARI ba="2,0" hai="5,8,15,43,46,50,59,61,62,63,67,90,92,98" machi="46" ten="40,1300,0" yaku="8,1" doraHai="25" who="2" fromWho="1" sc="385,0,156,-19,168,19,291,0" />
</Scene>
<Scene>
<INIT seed="4,0,0,4,0,64" ten="385,137,187,291" oya="0" hai0="53,100,8,52,43,130,20,85,97,104,110,66,61" hai1="82,91,93,123,135,101,17,54,12,105,7,132,111" hai2="69,84,122,128,108,30,72,37,31,124,58,70,11" hai3="109,80,102,115,71,76,32,81,50,87,114,83,23"/><T112/><D112/><N who="3" m="43049" /><G32/><T95/><D130/><U126/><E54/><V121/><F108/><W46/><G109/><T67/><D67/><U9/><E7/><V92/><F72/><W2/><G2/><T106/><D110/><U18/><E18/><V42/><F58/><W88/><G102/><T38/><D8/><U74/><E111/><V129/><F124/><W36/><G36/><T96/><D85/><N who="1" m="52463" /><E123/><N who="2" m="47115" /><F11/><W103/><G103/><T19/><D43/><U119/><E119/><V6/><F6/><W47/><G71/><N who="2" m="27145" /><F92/><N who="3" m="54303" /><G23/><T5/><D95/><U26/><E126/><V15/><F84/><N who="3" m="48135" /><G47/><T73/><D20/><U22/><E22/><V51/><F37/><W56/><G56/><T28/><D38/><U48/><E48/><V10/><F10/><W34/><G34/><T13/><D5/><U77/><E26/><V89/><F15/><W55/><AGARI ba="0,0" hai="46,50,55,81,83" m="48135,54303,43049" machi="55" ten="30,2000,0" yaku="15,1,54,1" doraHai="64" who="3" fromWho="3" sc="385,-10,137,-5,187,-5,291,20" />
</Scene>
<Scene>
<INIT seed="5,0,0,2,0,59" ten="375,132,182,311" oya="1" hai0="128,73,95,7,129,123,19,131,55,133,69,126,8" hai1="51,91,70,36,94,38,77,11,127,68,110,53,66" hai2="31,49,4,18,130,9,111,79,64,65,10,48,13" hai3="71,84,16,6,26,92,43,61,118,101,32,42,22"/><U50/><E77/><V62/><F111/><W52/><G118/><T85/><D73/><U74/><E74/><V97/><F130/><W83/><G32/><T56/><D69/><N who="1" m="26731" /><E91/><V115/><F115/><W135/><G135/><T58/><D133/><U86/><E94/><V72/><F31/><W88/><G6/><T116/><D116/><U23/><E86/><V125/><F125/><W29/><G29/><T3/><D126/><U75/><E23/><V20/><F97/><N who="3" m="59559" /><G71/><T44/><D123/><U35/><E11/><V107/><F107/><W63/><G52/><T39/><D19/><U108/><E75/><V122/><F9/><W121/><G121/><T114/><D114/><U106/><E35/><V30/><F30/><W40/><AGARI ba="0,0" hai="16,22,26,40,42,43,61,63,83,84,88" m="59559" machi="40" ten="30,8000,1" yaku="8,1,52,2,54,2" doraHai="59" who="3" fromWho="3" sc="375,-20,132,-40,182,-20,311,80" />
</Scene>
<Scene>
<INIT seed="6,0,0,4,0,44" ten="355,92,162,391" oya="2" hai0="59,133,94,93,15,39,21,108,70,61,11,65,89" hai1="85,135,129,53,114,8,122,38,51,97,18,35,5" hai2="52,90,25,20,98,105,82,34,31,27,50,66,60" hai3="74,117,81,73,83,63,118,69,92,46,3,17,96"/><V80/><F90/><W126/><G3/><T131/><D108/><U112/><E38/><V128/><F128/><W79/><G126/><T102/><D39/><U62/><E129/><V48/><F105/><W26/><G46/><T36/><D36/><U32/><E135/><V115/><F98/><W134/><G134/><T107/><D133/><U28/><E122/><V67/><F115/><W24/><G69/><T45/><D131/><U71/><E97/><V75/><F75/><W77/><G63/><T72/><D72/><U40/><E40/><V16/><F67/><W132/><G132/><T1/><D1/><U111/><E111/><V23/><F34/><W125/><G125/><T33/><D45/><U104/><E104/><V101/><F101/><W47/><G47/><T49/><D33/><U103/><E103/><V119/><F119/><W29/><G17/><T41/><D41/><U127/><E127/><V6/><F6/><W124/><G124/><T121/><D121/><U88/><E18/><V113/><F113/><N who="1" m="43625" /><E28/><V68/><REACH who="2" step="1"/><F52/><REACH who="2" ten="355,92,152,391" step="2"/><W123/><G123/><T95/><D65/><N who="1" m="41399" /><E5/><V19/><F19/><W37/><G117/><T109/><D102/><U78/><E78/><V7/><F7/><W57/><G118/><T91/><D107/><U22/><E22/><V110/><F110/><W120/><G120/><T10/><D21/><U87/><E8/><V14/><F14/><W12/><G12/><T56/><D109/><U84/><E88/><V99/><F99/><W100/><G96/><T30/><D11/><U106/><E106/><V0/><F0/><W9/><G74/><RYUUKYOKU ba="0,1" sc="355,-15,92,15,152,15,391,-15" hai1="32,35,51,53,84,85,87" hai2="16,20,23,25,27,31,48,50,60,66,68,80,82" />
</Scene>
<Scene>
<INIT seed="6,1,1,5,4,87" ten="340,107,167,376" oya="2" hai0="114,36,12,71,34,124,64,90,123,126,35,32,16" hai1="31,133,60,37,72,11,109,106,122,128,18,67,7" hai2="107,118,80,69,23,93,22,119,95,94,57,100,115" hai3="45,3,56,85,4,83,29,75,40,39,15,108,53"/><V113/><F69/><W131/><G108/><T42/><D123/><U112/><E18/><V92/><F57/><W121/><G121/><T0/><D0/><U81/><E122/><V129/><F129/><W30/><G131/><T66/><D114/><N who="2" m="43530" /><F23/><W98/><G15/><T62/><D66/><U91/><E112/><V111/><F22/><W44/><G44/><T63/><D63/><U70/><E128/><V2/><F2/><W78/><G85/><T125/><D90/><U46/><E109/><V68/><F68/><W58/><G98/><T135/><D135/><U97/><E133/><V20/><F20/><W120/><G120/><T55/><D55/><U61/><E61/><V104/><F111/><W86/><G86/><T48/><D48/><U26/><E91/><V89/><F80/><W105/><G105/><N who="2" m="40521" /><F100/><W82/><G82/><T130/><D130/><U21/><E106/><V101/><F101/><W47/><G58/><T103/><D103/><U38/><E46/><V99/><AGARI ba="1,1" hai="89,92,93,94,95,99,118,119" m="40521,43530" machi="99" ten="40,12000,1" yaku="15,1,34,2,52,1" doraHai="87" who="2" fromWho="2" sc="340,-41,107,-41,167,133,376,-41" />
</Scene>
<Scene>
<INIT seed="6,2,0,4,3,95" ten="299,66,300,335" oya="2" hai0="7,126,125,77,26,135,15,60,21,36,22,104,30" hai1="4,41,109,63,107,25,54,6,39,119,29,68,32" hai2="48,120,45,123,62,113,46,24,97,98,0,80,106" hai3="18,57,128,43,122,90,76,102,94,38,92,27,99"/><V75/><F0/><W66/><G122/><T87/><D36/><U19/><E54/><V93/><F113/><W31/><G128/><T49/><D104/><U121/><E19/><V89/><F62/><W105/><G76/><T42/><D135/><U20/><E20/><V59/><F59/><W50/><G38/><T103/><D60/><U131/><E4/><V52/><F46/><N who="3" m="25951" /><G105/><T72/><D72/><U44/><E6/><V101/><REACH who="2" step="1"/><F24/><REACH who="2" ten="299,66,290,335" step="2"/><W40/><G57/><T79/><D26/><U13/><E63/><V11/><F11/><W58/><G58/><T69/><D126/><U88/><E25/><V127/><F127/><W118/><G27/><T9/><D125/><U12/><E44/><V133/><F133/><W8/><G8/><T2/><D9/><U112/><E13/><V23/><F23/><W17/><G118/><T85/><D15/><U64/><E12/><V116/><F116/><W37/><G66/><T65/><D2/><U73/><E64/><V91/><F91/><W83/><G90/><T14/><D65/><U51/><E88/><V34/><F34/><W55/><G102/><T3/><D103/><U78/><E119/><V84/><F84/><W47/><G47/><T70/><D3/><U114/><E32/><V56/><F56/><W33/><G33/><T134/><D134/><U74/><E74/><V108/><F108/><W1/><G1/><T130/><D22/><U10/><E73/><V132/><F132/><W111/><G111/><T35/><D35/><U28/><E109/><V82/><F82/><W81/><G83/><T96/><D21/><RYUUKYOKU ba="2,1" sc="299,-10,66,-10,290,30,335,-10" hai2="45,48,52,75,80,89,93,97,98,101,106,120,123" />
</Scene>
<Scene>
<INIT seed="6,3,1,2,2,100" ten="289,56,320,325" oya="2" hai0="60,113,123,0,25,41,114,11,108,69,83,26,97" hai1="39,96,129,105,20,32,91,23,118,126,61,76,22" hai2="29,47,111,85,50,4,62,15,134,121,133,57,132" hai3="82,122,79,77,73,110,46,55,58,5,115,54,64"/><V17/><F121/><W6/><G110/><T109/><D41/><U89/><E118/><V53/><F111/><N who="0" m="42570" /><D83/><U124/><E39/><V34/><F4/><W131/><G122/><T93/><D123/><U21/><N who="1" m="5120" /><DORA hai="51" /><U8/><E32/><V90/><F34/><W101/><G131/><T94/><D0/><U104/><E129/><V127/><F29/><W95/><G115/><N who="0" m="44043" /><D11/><U30/><E30/><V84/><F127/><N who="1" m="48681" /><E76/><N who="3" m="29258" /><G73/><T117/><D117/><U14/><E61/><V112/><F112/><W28/><G28/><T128/><D128/><U56/><E56/><V13/><F17/><W107/><G107/><N who="1" m="41034" /><E96/><V63/><F63/><N who="3" m="38007" /><G82/><T80/><D80/><U75/><E75/><V125/><F125/><W19/><G19/><AGARI ba="3,1" hai="8,14,19,89,91" m="41034,48681,5120" machi="19" ten="50,8000,1" yaku="18,1,52,3" doraHai="100,51" who="1" fromWho="3" sc="289,0,56,99,320,0,325,-89" />
</Scene>
<Scene>
<INIT seed="7,0,0,2,1,120" ten="289,155,320,236" oya="3" hai0="7,12,1,117,73,46,78,128,102,22,50,39,101" hai1="34,14,132,111,131,27,79,121,125,119,123,129,108" hai2="51,72,95,10,106,67,31,86,69,77,81,42,97" hai3="32,75,2,49,37,87,105,11,5,94,66,130,74"/><W133/><G105/><T53/><D117/><U116/><E79/><V91/><F31/><W112/><G37/><T29/><D128/><N who="1" m="49227" /><E14/><V124/><F124/><W3/><G32/><T80/><D29/><N who="1" m="19775" /><E125/><V93/><F67/><W9/><G130/><T4/><D12/><U103/><E103/><N who="2" m="62831" /><F69/><W115/><G66/><T98/><D1/><U104/><E104/><V23/><F23/><W18/><G133/><T84/><D73/><U59/><E59/><V118/><F118/><N who="1" m="45097" /><E132/><V21/><F21/><W88/><G49/><T16/><D39/><U107/><E107/><V36/><F51/><W109/><G3/><T71/><D71/><U100/><E100/><V8/><F95/><W0/><G2/><T68/><D68/><U48/><E48/><V135/><F135/><W33/><G74/><T13/><D101/><U65/><E65/><V6/><F6/><W19/><G75/><T58/><D58/><U99/><E99/><V114/><F93/><AGARI ba="0,0" hai="4,7,13,16,22,46,50,53,78,80,84,93,98,102" machi="93" ten="30,3900,0" yaku="7,1,8,1,54,1" doraHai="120" who="0" fromWho="2" sc="289,39,155,0,320,-39,236,0" owari="328,42.0,155,-34.0,281,8.0,236,-16.0" />
</Scene>
</mjloggm>