<mjloggm ver="2.3"><GO type="169" lobby="0"/><UN n0="%E3%81%B1%E3%83%BC%E3%81%9D%E3%82%93" n1="%6B%65%6E%79%61%30%31" n2="%E7%BD%AE%E5%82%98" n3="%E5%A4%AA%E3%81%8F%E3%81%AA%E3%81%84%E3%81%8A" dan="16,16,16,17" rate="2082.42,2123.69,2160.84,2172.78" sx="M,M,M,M"/><TAIKYOKU oya="0"/>

<Scene>
<INIT seed="0,0,0,1,1,83" ten="250,250,250,250" oya="0" hai0="16,8,91,52,14,135,126,73,130,102,133,63,31" hai1="104,90,19,4,23,113,123,110,34,38,69,127,51" hai2="89,105,92,71,115,39,62,54,86,94,11,50,59" hai3="33,87,111,35,116,80,6,88,1,36,57,43,27"/><T55/><D73/><U7/><E38/><V2/><F105/><W65/><G116/><T10/><D126/><U81/><E69/><V93/><F39/><W47/><G111/><T53/><D130/><U25/><E104/><V12/><F2/><W76/><G27/><T97/><D31/><U134/><E123/><V66/><REACH who="2" step="1"/><F115/><REACH who="2" ten="250,250,240,250" step="2"/><W49/><G36/><T30/><D30/><U109/><E113/><V75/><F75/><W122/><G122/><T98/><D63/><U17/><E110/><V41/><F41/><W18/><G1/><T121/><D121/><U20/><E109/><V79/><F79/><W29/><G29/><T45/><D102/><U60/><E127/><V95/><F95/><W61/><G6/><AGARI ba="0,1" hai="6,11,12,50,54,59,62,66,71,86,89,92,93,94" machi="6" ten="30,3900,0" yaku="1,1,7,1,52,1,53,0" doraHai="83" doraHaiUra="40" who="2" fromWho="3" sc="250,0,250,0,240,49,250,-39" />
</Scene>
<Scene>
<INIT seed="1,0,0,4,3,85" ten="250,250,289,211" oya="1" hai0="57,36,103,45,32,26,73,132,11,30,67,12,28" hai1="20,80,40,48,4,56,53,97,29,23,111,119,135" hai2="46,39,58,34,9,63,127,94,10,86,19,64,124" hai3="134,41,78,92,5,93,14,133,7,107,114,16,27"/><U3/><E119/><V62/><F34/><W66/><G107/><T100/><D73/><U108/><E135/><N who="3" m="51722" /><G114/><T75/><D75/><U38/><E3/><V24/><F39/><W79/><G41/><T125/><D30/><U98/><E4/><N who="3" m="1610" /><G27/><T89/><D125/><N who="2" m="48202" /><F46/><W21/><G66/><T104/><D45/><N who="1" m="23703" /><E80/><V49/><F49/><W123/><G123/><T55/><D36/><U8/><E8/><V88/><F62/><W70/><G70/><T33/><D67/><U90/><E29/><V2/><F2/><W51/><G51/><T77/><D28/><U22/><E48/><V31/><F31/><W81/><G79/><T6/><D77/><U18/><E56/><V129/><F129/><W122/><G122/><T120/><D132/><U96/><E53/><V52/><F64/><W87/><AGARI ba="0,0" hai="14,16,21,78,81,87,92,93" m="1610,51722" machi="87" ten="30,2000,0" yaku="20,1,54,1" doraHai="85" who="3" fromWho="3" sc="250,-5,250,-10,289,-5,211,20" />
</Scene>
<Scene>
<INIT seed="2,0,0,2,1,65" ten="245,240,284,231" oya="2" hai0="34,69,36,46,20,23,92,135,94,24,53,32,8" hai1="61,17,12,14,89,97,68,28,95,15,33,64,101" hai2="82,11,50,35,84,118,96,126,38,110,13,77,108" hai3="40,129,6,51,78,31,115,42,91,25,127,93,66"/><V59/><F38/><W90/><G127/><T2/><D135/><U16/><REACH who="1" step="1"/><E101/><REACH who="1" ten="245,230,284,231" step="2"/><V43/><F126/><W60/><G115/><T1/><D34/><U130/><E130/><V79/><F35/><W117/><G129/><T26/><D32/><U10/><E10/><V131/><F131/><W74/><G117/><T71/><D8/><U41/><E41/><V55/><F118/><W88/><G40/><T63/><D23/><U62/><E62/><V0/><F43/><W104/><G60/><T49/><D63/><U120/><E120/><V121/><F121/><W18/><G42/><T48/><D36/><U99/><E99/><V122/><F122/><W4/><G51/><T67/><D20/><U80/><E80/><V106/><F0/><W29/><G66/><T111/><D67/><U98/><E98/><V70/><F96/><W9/><G9/><T133/><D49/><U83/><E83/><V57/><F82/><W39/><G39/><T19/><D48/><U125/><E125/><V113/><F113/><W72/><G90/><T3/><D133/><U124/><E124/><V123/><F11/><W56/><G88/><T128/><D128/><U76/><E76/><V119/><F77/><W54/><G78/><T102/><D102/><U132/><E132/><V44/><F79/><W134/><G134/><T52/><D2/><U58/><E58/><V7/><F57/><W107/><G56/><T87/><D3/><U86/><E86/><V47/><F123/><W45/><G91/><T112/><D87/><U5/><E5/><V27/><F119/><W81/><G6/><RYUUKYOKU ba="0,1" sc="245,-10,230,30,284,-10,231,-10" hai1="12,14,15,16,17,28,33,61,64,68,89,95,97" />
</Scene>
<Scene>
<INIT seed="3,1,1,0,5,4" ten="235,260,274,221" oya="3" hai0="105,114,9,63,76,33,34,121,97,3,60,100,107" hai1="32,79,86,129,110,19,132,125,133,66,44,50,13" hai2="29,102,39,47,91,119,26,84,59,40,73,24,1" hai3="90,41,126,2,31,64,117,48,88,101,0,116,30"/><W124/><G101/><T103/><D121/><U92/><E32/><V51/><F73/><W61/><G48/><T35/><D114/><U11/><E110/><V72/><F72/><W108/><G41/><T21/><D76/><U70/><E125/><N who="3" m="48234" /><G108/><T55/><D55/><U77/><E129/><V111/><F119/><N who="3" m="45643" /><G61/><T28/><D103/><U128/><E128/><V23/><F111/><W20/><G64/><T112/><D107/><U85/><E70/><V115/><F115/><W109/><G109/><T58/><D112/><U127/><E66/><V5/><F102/><W46/><G46/><T113/><D113/><U57/><E57/><V43/><F39/><W81/><G81/><T53/><D63/><U98/><E127/><V120/><F59/><W87/><G20/><T118/><D118/><U17/><E50/><V93/><F43/><W82/><G90/><T104/><D105/><U71/><E44/><V131/><F131/><W56/><G56/><T45/><D45/><U96/><E71/><V78/><F78/><W7/><G2/><T6/><REACH who="0" step="1"/><D21/><REACH who="0" ten="225,260,274,221" step="2"/><U54/><E54/><V25/><F120/><W67/><G67/><T65/><D65/><U94/><E77/><V42/><F40/><W74/><G74/><T75/><D75/><U69/><E79/><V10/><AGARI ba="1,2" hai="1,5,10,23,24,25,26,29,42,47,51,84,91,93" machi="10" ten="30,2000,0" yaku="0,1,52,1" doraHai="4" who="2" fromWho="2" sc="225,-6,260,-6,274,43,221,-11" />
</Scene>
<Scene>
<INIT seed="4,0,0,1,3,12" ten="219,254,317,210" oya="0" hai0="49,126,68,78,5,109,53,13,132,101,104,131,80" hai1="47,22,15,129,64,61,45,133,102,87,120,106,86" hai2="107,23,73,8,48,54,39,93,125,82,38,1,27" hai3="110,112,94,3,76,103,40,25,130,62,55,119,58"/><T24/><D126/><U43/><E120/><V16/><F107/><W29/><G110/><T51/><D68/><U50/><E133/><V134/><F125/><W44/><G119/><T96/><D132/><U59/><E129/><V36/><F134/><W127/><G127/><T99/><D109/><U111/><E111/><V18/><F1/><W95/><G3/><T14/><D131/><U30/><E106/><V46/><F93/><W116/><G116/><T33/><D99/><U37/><E102/><V117/><F117/><W17/><G130/><T60/><D60/><U56/><E56/><V124/><F124/><W9/><G112/><T42/><D42/><U11/><E22/><V7/><F7/><W2/><G76/><T97/><D97/><U57/><E30/><V4/><F4/><W121/><G121/><T89/><D89/><U100/><E57/><V69/><F69/><W71/><G71/><T52/><D49/><U70/><E100/><V31/><REACH who="2" step="1"/><F8/><REACH who="2" ten="219,254,307,210" step="2"/><W90/><G2/><T135/><D5/><N who="1" m="3567" /><E70/><V20/><F20/><N who="3" m="15527" /><G103/><T114/><D135/><U91/><E37/><V79/><AGARI ba="0,1" hai="16,18,23,27,31,36,38,39,46,48,54,73,79,82" machi="79" ten="40,8000,1" yaku="1,1,0,1,52,2,54,1,53,0" doraHai="12" doraHaiUra="10" who="2" fromWho="2" sc="219,-40,254,-20,307,90,210,-20" />
</Scene>
<Scene>
<INIT seed="5,0,0,4,1,0" ten="179,234,397,190" oya="1" hai0="92,64,90,11,134,128,53,97,31,71,96,73,8" hai1="82,126,63,95,68,51,19,58,6,30,69,102,56" hai2="45,76,57,52,127,20,117,122,104,23,47,131,87" hai3="130,62,80,125,22,49,1,72,13,113,132,78,83"/><U59/><E126/><V65/><F104/><W91/><G1/><T16/><D73/><U77/><E30/><V24/><F117/><W101/><G125/><T60/><D134/><U34/><E34/><V4/><F122/><W103/><G132/><T46/><D128/><U3/><E19/><V27/><F127/><W66/><G130/><T50/><D31/><U93/><E51/><V81/><F4/><W54/><G113/><T94/><REACH who="0" step="1"/><D16/><REACH who="0" ten="169,234,397,190" step="2"/><U75/><E75/><V10/><F131/><W25/><G25/><T116/><D116/><U85/><E3/><V5/><F24/><W61/><G13/><T38/><D38/><U37/><E37/><V98/><F27/><W35/><G35/><T121/><D121/><U129/><E129/><V120/><F120/><W28/><G28/><T29/><D29/><U115/><E115/><V105/><F23/><W36/><G36/><T14/><D14/><U107/><E6/><V48/><F20/><W74/><G22/><T108/><D108/><U18/><E18/><V70/><F5/><W55/><G72/><T119/><D119/><U43/><E69/><V84/><F70/><W135/><G135/><T17/><D17/><U112/><E112/><V110/><F110/><W89/><G74/><T9/><D9/><U12/><E12/><V100/><F10/><W7/><G7/><T124/><D124/><U26/><E26/><V33/><F33/><W67/><G49/><T109/><D109/><U133/><E133/><V41/><F48/><W118/><G118/><T44/><D44/><U2/><E2/><V88/><F47/><RYUUKYOKU ba="0,1" sc="169,15,234,-15,397,-15,190,15" hai0="8,11,46,50,53,60,64,71,90,92,94,96,97" hai3="54,55,61,62,66,67,78,80,83,89,91,101,103" />
</Scene>
<Scene>
<INIT seed="6,1,1,1,3,61" ten="184,219,382,205" oya="2" hai0="81,59,60,123,21,20,92,47,66,3,19,125,63" hai1="64,113,25,94,85,11,135,9,32,5,107,104,117" hai2="124,31,27,71,26,77,36,30,74,41,114,101,2" hai3="79,110,22,13,127,100,96,4,52,121,39,42,56"/><V115/><F101/><W112/><G110/><T12/><D123/><U88/><E117/><V95/><F95/><W133/><G121/><T69/><D3/><U70/><E113/><V86/><F2/><W23/><G112/><N who="2" m="43049" /><F71/><W89/><G79/><T45/><D125/><U53/><E135/><V55/><F55/><W6/><G89/><T109/><D109/><U132/><E132/><V80/><F74/><W130/><G133/><T118/><D118/><U37/><E37/><V99/><F99/><W0/><G0/><T126/><D126/><U116/><E116/><V7/><F7/><W8/><G4/><T10/><D81/><U67/><E70/><V65/><F65/><N who="1" m="25161" /><E107/><V1/><F1/><W72/><G72/><T34/><D34/><U90/><E104/><V58/><F58/><W129/><G127/><T29/><D69/><U24/><E32/><V75/><F86/><W44/><G129/><T93/><D63/><U119/><E119/><V49/><F36/><W120/><G130/><T46/><D29/><N who="2" m="10762" /><F124/><W87/><G87/><T57/><D57/><U15/><E53/><V50/><F41/><W134/><G120/><T16/><D10/><N who="1" m="4559" /><E90/><V35/><F35/><W54/><G134/><T97/><D97/><U62/><E62/><V14/><F75/><W40/><G40/><T122/><D122/><U111/><E111/><V108/><F50/><N who="3" m="30743" /><G54/><T17/><D19/><U105/><E105/><V128/><F108/><W98/><G98/><T43/><D43/><U131/><E131/><V28/><N who="2" m="10770" /><V76/><DORA hai="33" /><F128/><W82/><G82/><T38/><D38/><RYUUKYOKU ba="1,1" sc="184,10,219,10,382,-30,205,10" hai0="12,16,17,20,21,45,46,47,59,60,66,92,93" hai1="9,11,24,25,85,88,94" hai3="6,8,13,22,23,39,42,44,96,100" />
</Scene>
<Scene>
<INIT seed="7,2,1,3,2,36" ten="194,229,352,215" oya="3" hai0="8,88,94,23,130,91,116,18,34,9,110,85,133" hai1="0,50,98,123,25,119,35,75,126,29,61,89,121" hai2="120,90,53,96,65,122,70,3,104,74,14,13,77" hai3="56,17,107,111,73,92,46,79,67,27,99,134,28"/><W68/><G68/><T83/><D116/><U109/><E109/><V76/><F3/><W39/><G107/><T84/><D34/><U49/><E119/><V45/><F65/><W69/><G69/><T38/><D38/><U59/><E75/><V129/><F70/><W101/><G111/><T37/><D37/><U32/><E0/><V117/><F129/><W26/><G134/><T20/><D110/><U48/><E35/><V112/><F117/><W86/><G73/><T15/><D133/><U42/><E42/><V63/><F112/><W54/><G67/><T30/><D130/><U118/><E118/><V102/><F90/><W78/><G17/><N who="0" m="10303" /><D30/><U103/><E89/><V132/><F132/><W66/><G66/><T43/><D43/><U57/><E126/><V131/><F131/><W125/><G125/><T40/><D40/><U31/><E31/><V16/><F13/><AGARI ba="2,1" hai="8,9,13,18,23,83,84,85,88,91,94" m="10303" machi="13" ten="30,2000,0" yaku="8,1,54,1" doraHai="36" who="0" fromWho="2" sc="194,36,229,0,352,-26,215,0" owari="230,3.0,229,-17.0,326,42.0,215,-28.0" />
</Scene>
</mjloggm>