<mjloggm ver="2.3"><GO type="169" lobby="0"/><UN n0="%E3%81%98%E3%81%9A%E3%83%BC" n1="%E3%81%AB%E3%81%9B%E6%82%9F%E7%A9%BA" n2="%4D%69%74%75%69" n3="%E5%A4%AA%E3%81%8F%E3%81%AA%E3%81%84%E3%81%8A" dan="16,16,16,17" rate="2141.28,2047.06,2104.34,2222.54" sx="M,M,M,M"/><TAIKYOKU oya="0"/>

<Scene>
<INIT seed="0,0,0,3,0,27" ten="250,250,250,250" oya="0" hai0="94,21,93,16,116,87,134,117,103,124,135,64,130" hai1="66,41,126,109,49,70,92,22,0,7,108,78,5" hai2="59,6,17,1,2,30,118,71,45,34,104,75,36" hai3="54,47,25,132,115,46,48,96,97,18,32,114,38"/><T57/><D130/><U43/><E126/><V24/><F59/><W85/><G132/><N who="0" m="50731" /><D124/><U56/><E78/><V119/><F17/><W89/><G114/><T105/><D105/><U42/><E0/><V101/><F71/><W123/><G115/><T91/><D103/><U100/><E22/><V107/><F75/><W63/><G123/><T86/><D94/><U83/><E83/><V102/><F102/><W90/><G63/><N who="0" m="37999" /><D87/><U113/><E92/><V110/><F110/><W77/><G77/><T133/><N who="0" m="50739" /><T128/><DORA hai="112" /><D128/><U69/><E100/><V19/><F19/><W10/><G89/><T37/><D37/><U88/><E88/><V9/><F2/><W3/><G38/><T122/><D122/><U33/><E113/><V55/><F55/><W29/><G47/><T28/><D28/><U82/><E82/><V61/><F61/><W76/><G76/><T129/><D129/><U95/><E95/><V99/><F107/><W40/><G40/><AGARI ba="0,0" hai="1,6,9,24,30,34,36,40,45,99,101,104,118,119" machi="40" ten="40,8000,1" yaku="23,2,52,3" doraHai="27,112" who="2" fromWho="3" sc="250,0,250,0,250,80,250,-80" />
</Scene>
<Scene>
<INIT seed="1,0,0,0,2,54" ten="250,250,330,170" oya="1" hai0="112,109,14,81,30,83,62,125,108,117,50,122,73" hai1="3,116,66,63,23,1,32,9,93,70,15,105,39" hai2="124,64,57,119,8,84,22,38,106,21,129,59,2" hai3="133,90,52,79,17,68,47,120,7,24,123,82,48"/><U94/><E32/><V85/><F106/><W75/><G133/><T115/><D30/><U87/><E105/><V135/><F38/><W121/><G68/><T10/><D117/><U126/><E116/><V104/><F119/><W78/><G7/><T11/><D125/><U60/><E39/><V101/><F104/><W26/><G79/><T27/><D27/><U65/><E126/><V42/><F124/><W61/><G17/><T4/><D122/><U58/><E23/><N who="2" m="8715" /><F2/><W95/><REACH who="3" step="1"/><G61/><REACH who="3" ten="250,250,330,160" step="2"/><T34/><D62/><U118/><E118/><V41/><F135/><W110/><G110/><T51/><D4/><U67/><E67/><V56/><F64/><W28/><G28/><T102/><D109/><U43/><E66/><V16/><F101/><W5/><G5/><T72/><D102/><U0/><E63/><V36/><F36/><W100/><G100/><T19/><D108/><U25/><E70/><V13/><F129/><W31/><G31/><T97/><D19/><U12/><E65/><V89/><F89/><W40/><G40/><AGARI ba="0,1" hai="8,13,16,40,41,42,56,57,59,84,85" m="8715" machi="40" ten="30,8000,1" yaku="8,1,52,3,54,1" doraHai="54" who="2" fromWho="3" sc="250,0,250,0,330,90,160,-80" />
</Scene>
<Scene>
<INIT seed="2,0,0,3,1,64" ten="250,250,420,80" oya="2" hai0="124,135,31,98,96,114,54,84,26,66,15,108,125" hai1="111,49,56,121,10,134,61,6,113,104,13,110,68" hai2="83,51,127,32,97,118,80,75,25,122,70,128,45" hai3="69,3,42,93,24,18,1,14,71,43,29,20,7"/><V59/><F122/><W19/><G19/><T67/><D114/><U52/><E113/><V16/><F118/><W34/><G93/><T120/><D120/><U132/><E104/><V77/><F128/><W4/><G3/><T21/><D108/><N who="1" m="41515" /><E121/><V33/><F127/><N who="0" m="48714" /><D135/><N who="1" m="51755" /><E68/><N who="3" m="26186" /><G7/><T94/><D54/><U58/><E61/><V79/><F70/><W88/><G88/><N who="0" m="53511" /><D15/><U85/><E85/><V126/><F59/><AGARI ba="0,0" hai="6,10,13,49,52,56,58,59" m="51755,41515" machi="59" ten="30,3900,0" yaku="14,1,20,1,54,1" doraHai="64" who="1" fromWho="2" sc="250,0,250,39,420,-39,80,0" />
</Scene>
<Scene>
<INIT seed="3,0,0,0,0,127" ten="250,289,381,80" oya="3" hai0="130,88,14,44,36,67,56,124,23,31,96,71,25" hai1="7,87,9,39,100,104,6,55,40,101,49,12,90" hai2="133,11,80,91,42,41,52,53,51,64,93,98,82" hai3="63,27,30,26,19,15,78,123,75,10,125,66,3"/><W111/><G123/><T106/><D124/><U16/><E39/><V69/><F133/><W86/><G125/><T54/><D106/><U60/><E40/><N who="2" m="15467" /><F69/><W48/><G75/><T83/><D36/><U105/><E105/><V33/><F33/><W1/><G111/><T112/><D112/><U73/><E73/><V120/><F64/><W5/><G48/><T99/><D71/><U18/><E60/><V62/><F120/><W70/><G27/><T29/><D29/><U61/><E61/><V89/><F11/><W59/><G70/><T47/><D67/><U132/><E132/><V43/><F62/><W118/><G118/><T113/><D99/><U102/><E104/><V103/><N who="2" m="15475" /><V84/><DORA hai="38" /><F51/><W21/><REACH who="3" step="1"/><G5/><REACH who="3" ten="250,289,381,70" step="2"/><T85/><D25/><U116/><E6/><V121/><F121/><W81/><AGARI ba="0,1" hai="1,3,10,15,19,21,26,30,59,63,66,78,81,86" machi="81" ten="30,18000,2" yaku="1,1,2,1,0,1,53,3" doraHai="127,38" doraHaiUra="34,76" who="3" fromWho="3" sc="250,-60,289,-60,381,-60,70,190" />
</Scene>
<Scene>
<INIT seed="3,1,0,1,1,79" ten="190,229,321,260" oya="3" hai0="87,108,76,50,98,20,49,128,122,34,28,131,119" hai1="10,102,35,83,23,84,18,121,110,127,31,63,9" hai2="2,99,73,125,120,78,14,25,3,126,51,124,118" hai3="47,96,89,17,37,95,68,80,41,21,59,109,48"/><W117/><G117/><T65/><D119/><U75/><E121/><V100/><F118/><W57/><G68/><T0/><D122/><U4/><E110/><V55/><F120/><W91/><G109/><T7/><D108/><U46/><E127/><V38/><F38/><W115/><G115/><T93/><D34/><U42/><E102/><V53/><F25/><W105/><G105/><T12/><D0/><U92/><E92/><V135/><F135/><W123/><G123/><T88/><D65/><U67/><E75/><V61/><F61/><W94/><G37/><T30/><D131/><U81/><E84/><V66/><F66/><W116/><G116/><T16/><D7/><U132/><E132/><V82/><F14/><W13/><REACH who="3" step="1"/><G80/><REACH who="3" ten="190,229,321,250" step="2"/><N who="0" m="47495" /><D128/><U43/><E83/><V104/><REACH who="2" step="1"/><F53/><REACH who="2" ten="190,229,311,250" step="2"/><W114/><G114/><T6/><D6/><U22/><E4/><V1/><F1/><W70/><G70/><T101/><D101/><U45/><E67/><V69/><F69/><W24/><G24/><T40/><D40/><U85/><E43/><V15/><F15/><W60/><G60/><T26/><D12/><U11/><E63/><V5/><F5/><W62/><G62/><T134/><D134/><U133/><E133/><V19/><F19/><W112/><G112/><T33/><D33/><U71/><E71/><V29/><F29/><AGARI ba="1,2" hai="16,20,26,28,29,30,49,50,88,93,98" m="47495" machi="29" ten="30,7700,0" yaku="8,1,52,1,54,2" doraHai="79" who="0" fromWho="2" sc="190,100,229,0,311,-80,250,0" />
</Scene>
<Scene>
<INIT seed="4,0,0,0,4,129" ten="290,229,231,250" oya="0" hai0="75,100,26,13,42,74,4,76,90,52,119,33,22" hai1="5,27,31,97,105,57,117,70,48,126,134,51,108" hai2="47,115,102,107,96,94,120,23,106,14,24,19,82" hai3="60,21,34,50,86,122,111,69,35,7,83,37,81"/><T67/><D119/><U49/><E117/><V61/><F120/><W64/><G37/><T130/><D42/><U109/><E5/><V112/><F82/><W79/><G111/><T132/><D67/><U59/><E105/><V39/><F39/><W46/><G122/><T36/><D36/><U43/><E97/><V55/><F14/><W1/><G1/><T8/><D100/><U71/><E27/><V103/><F103/><W2/><G2/><T133/><D33/><U45/><E31/><V11/><F11/><W124/><G124/><T62/><D130/><U40/><E126/><V10/><F10/><W38/><G38/><T65/><D90/><U54/><E134/><N who="0" m="51817" /><D52/><N who="1" m="31903" /><E109/><V53/><F53/><W66/><G66/><T58/><D76/><U80/><E80/><V15/><F15/><W63/><G81/><T17/><AGARI ba="0,0" hai="4,8,13,17,22,26,58,62,65,74,75" m="51817" machi="17" ten="30,11700,0" yaku="20,1,52,3" doraHai="129" who="0" fromWho="0" sc="290,117,229,-39,231,-39,250,-39" />
</Scene>
<Scene>
<INIT seed="4,1,0,3,2,47" ten="407,190,192,211" oya="0" hai0="116,129,14,27,64,86,118,89,22,5,107,79,117" hai1="74,101,45,18,6,39,100,77,135,37,75,62,97" hai2="91,133,83,113,33,73,53,11,21,61,59,96,19" hai3="134,72,56,102,66,3,0,115,104,90,65,48,12"/><T16/><D107/><U121/><E121/><V20/><F33/><W94/><G72/><T80/><D64/><U132/><E6/><V111/><F111/><W24/><G115/><T70/><D70/><U98/><E62/><V106/><F113/><W127/><G127/><T126/><D129/><U76/><E45/><V122/><F122/><W28/><G134/><T40/><D40/><U9/><E9/><V43/><F133/><W68/><G12/><T119/><D119/><U114/><E18/><V54/><F43/><W2/><G2/><T49/><D126/><U124/><E114/><V30/><F73/><W23/><G0/><T95/><D5/><U99/><E99/><V78/><F106/><W67/><G3/><T63/><D63/><U38/><E38/><V128/><F78/><W110/><G110/><T41/><D41/><U58/><E58/><V103/><F103/><W92/><G68/><T44/><D27/><U50/><REACH who="1" step="1"/><E124/><REACH who="1" ten="407,180,192,211" step="2"/><V15/><F30/><W4/><G4/><T130/><D118/><U17/><E17/><V57/><F128/><W32/><G56/><T105/><D130/><U131/><E131/><V35/><F35/><W123/><G32/><T69/><D69/><U93/><E93/><N who="2" m="56383" /><F83/><W112/><G112/><T84/><D105/><U13/><E13/><V87/><F87/><N who="3" m="52319" /><G104/><T26/><D14/><U36/><E36/><V109/><F109/><W55/><G123/><T81/><D95/><U1/><E1/><V7/><F7/><W29/><G29/><T120/><D120/><U46/><E46/><V42/><F42/><W10/><G94/><RYUUKYOKU ba="1,1" sc="407,10,180,10,192,10,211,-30" hai0="16,22,26,44,49,79,80,81,84,86,89,116,117" hai1="37,39,50,74,75,76,77,97,98,100,101,132,135" hai2="11,15,19,20,21,53,54,57,59,61" />
</Scene>
<Scene>
<INIT seed="4,2,1,4,3,42" ten="417,190,202,181" oya="0" hai0="110,55,51,15,26,103,20,81,127,31,82,56,76" hai1="125,116,128,100,84,46,69,118,105,90,94,65,96" hai2="62,132,40,115,11,112,75,29,101,98,126,120,41" hai3="106,39,24,25,14,93,97,122,66,34,135,4,73"/><T134/><D134/><U3/><E3/><V133/><F120/><W85/><G73/><T102/><D127/><U1/><E1/><V64/><F75/><W53/><G39/><T2/><D2/><U22/><E125/><V21/><F126/><W77/><G106/><T27/><D110/><U6/><E6/><V33/><F11/><N who="3" m="4455" /><G34/><T19/><D27/><U129/><E65/><V35/><F21/><W71/><G71/><T49/><D49/><U87/><E69/><N who="2" m="42135" /><F41/><W70/><G70/><T60/><D60/><U61/><E46/><V44/><F98/><W38/><G38/><T95/><D95/><U7/><E22/><V9/><F101/><N who="0" m="38410" /><D76/><U37/><E61/><V104/><F9/><AGARI ba="2,1" hai="9,15,19,20,26,31,51,55,56,81,82" m="38410" machi="9" ten="30,1500,0" yaku="8,1" doraHai="42" who="0" fromWho="2" sc="417,31,190,0,202,-21,181,0" />
</Scene>
<Scene>
<INIT seed="4,3,0,4,2,112" ten="448,190,181,181" oya="0" hai0="28,62,104,58,41,127,30,98,35,71,101,4,73" hai1="126,106,86,72,81,68,12,85,102,10,54,21,118" hai2="23,45,78,80,107,90,108,120,51,3,84,95,55" hai3="132,103,6,116,89,69,38,105,134,130,37,16,42"/><T39/><D127/><U99/><E68/><V74/><F108/><W88/><G69/><T7/><D73/><U65/><E65/><V29/><F3/><W119/><G6/><T92/><D71/><U9/><E126/><V63/><F120/><W22/><G103/><T11/><D104/><U46/><E118/><N who="3" m="45098" /><G105/><T48/><D39/><N who="3" m="14857" /><G42/><T122/><D122/><U117/><E21/><V125/><F125/><W19/><G130/><T83/><D83/><U70/><E81/><V15/><F107/><W52/><G52/><N who="0" m="34119" /><D35/><U96/><E106/><V115/><F115/><W2/><G2/><T8/><D7/><U135/><E70/><V44/><F63/><W53/><G53/><T32/><D32/><U49/><E54/><V33/><F33/><W123/><G123/><T1/><D1/><U61/><E102/><V110/><F110/><W20/><G20/><T100/><D101/><U82/><E117/><V121/><F121/><W94/><G94/><T25/><D4/><U64/><E82/><V97/><F74/><W47/><G47/><T67/><D92/><U13/><E46/><N who="2" m="28151" /><F29/><W14/><G19/><AGARI ba="3,0" hai="15,19,23,44,45,78,80,84,90,95,97" m="28151" machi="19" ten="30,1000,0" yaku="8,1" doraHai="112" who="2" fromWho="3" sc="448,0,190,0,181,19,181,-19" />
</Scene>
<Scene>
<INIT seed="5,0,0,1,3,1" ten="448,190,200,162" oya="1" hai0="125,91,116,86,82,81,37,93,0,44,132,31,67" hai1="65,74,124,112,7,56,34,47,39,126,103,12,87" hai2="4,55,119,75,53,130,11,60,105,99,108,98,114" hai3="102,57,135,68,66,63,85,61,96,106,23,110,32"/><U94/><E74/><V41/><F75/><W122/><G135/><T80/><D116/><U113/><E34/><V76/><F119/><W49/><G110/><T58/><D0/><U18/><E65/><V111/><F76/><W120/><G49/><T24/><D125/><N who="1" m="48235" /><E56/><V48/><F130/><W21/><G32/><T40/><D132/><U71/><E71/><V50/><F114/><N who="1" m="44137" /><E39/><V79/><F79/><W107/><G107/><T28/><D58/><U90/><E47/><V88/><F105/><W83/><G120/><T19/><D67/><U78/><E78/><V62/><F11/><W109/><G122/><T51/><D37/><U127/><E127/><V16/><F41/><W26/><G109/><T54/><D40/><U123/><E123/><V17/><REACH who="2" step="1"/><F88/><REACH who="2" ten="448,190,190,162" step="2"/><W121/><G121/><T69/><D91/><U35/><E103/><V27/><F27/><W59/><G26/><T133/><D24/><U77/><E77/><V64/><F64/><W72/><G72/><T22/><D133/><U117/><E117/><V92/><F92/><W29/><G83/><T6/><D93/><U38/><E94/><V73/><F73/><W30/><G85/><T13/><D86/><U43/><E87/><V3/><F3/><W42/><G42/><T9/><D82/><U33/><E90/><V20/><F20/><N who="3" m="7755" /><G63/><T101/><D81/><U70/><E43/><V115/><F115/><W2/><G2/><N who="0" m="215" /><D80/><U134/><E38/><V45/><F45/><W84/><G84/><T131/><D101/><U100/><E100/><V128/><F128/><W10/><G10/><T14/><D131/><RYUUKYOKU ba="0,1" sc="448,-15,190,-15,190,15,162,15" hai2="4,16,17,48,50,53,55,60,62,98,99,108,111" hai3="29,30,57,59,61,66,68,96,102,106" />
</Scene>
<Scene>
<INIT seed="6,1,1,5,4,32" ten="433,175,205,177" oya="2" hai0="64,20,22,56,19,86,92,111,6,110,18,82,57" hai1="8,95,21,0,99,77,108,61,50,133,112,106,35" hai2="118,40,5,63,14,117,114,31,37,25,132,58,44" hai3="97,127,102,78,66,48,23,87,84,116,33,17,10"/><V91/><F114/><W125/><G33/><T105/><D105/><U109/><E35/><V67/><F132/><W51/><G116/><T46/><D92/><U119/><E119/><V135/><F135/><W72/><G72/><T130/><D130/><U124/><E133/><V39/><F37/><W134/><G134/><T29/><D46/><U121/><E106/><V59/><F58/><W73/><G73/><T27/><D6/><U101/><E112/><V55/><F91/><W113/><G113/><T81/><D29/><U42/><E121/><V2/><F14/><N who="3" m="9655" /><G66/><T90/><D64/><U115/><E124/><N who="3" m="47690" /><G10/><T45/><D45/><U28/><E115/><V30/><F30/><W74/><G74/><T41/><D41/><U53/><E109/><V120/><F120/><W128/><G128/><T69/><D69/><U94/><E108/><V79/><F79/><W93/><G93/><T54/><D82/><U98/><E77/><V43/><F43/><W3/><G3/><T83/><D83/><U131/><E42/><V11/><REACH who="2" step="1"/><F67/><REACH who="2" ten="433,175,195,177" step="2"/><W34/><G78/><T122/><D122/><U16/><E131/><V1/><F1/><W103/><G103/><T88/><D90/><U75/><E101/><V76/><F76/><W7/><G102/><T96/><D57/><U123/><E123/><V129/><F129/><W4/><G97/><T65/><D96/><U89/><E99/><V52/><F52/><W68/><G68/><T100/><D65/><U9/><E98/><V62/><F62/><W49/><G34/><AGARI ba="1,2" hai="2,5,11,25,31,34,39,40,44,55,59,63,117,118" machi="34" ten="30,5800,0" yaku="1,1,7,1,52,1,53,0" doraHai="32" doraHaiUra="126" who="2" fromWho="3" sc="433,0,175,0,195,81,177,-61" />
</Scene>
<Scene>
<INIT seed="6,2,0,2,5,40" ten="433,175,276,116" oya="2" hai0="133,8,126,39,5,79,102,116,92,24,80,122,61" hai1="101,119,28,115,76,42,32,65,78,104,93,135,22" hai2="20,52,110,132,130,113,44,54,27,131,43,106,25" hai3="7,109,98,123,14,121,58,33,19,81,73,111,53"/><V66/><F106/><W59/><G33/><T77/><D61/><U35/><E119/><V95/><F66/><W1/><G1/><T41/><D24/><N who="2" m="9290" /><F20/><W75/><G75/><T13/><D79/><U88/><E22/><V6/><F6/><W128/><G7/><T70/><D122/><U134/><E65/><V0/><F0/><W57/><G128/><N who="2" m="49193" /><F113/><W114/><G114/><T69/><D69/><U117/><E104/><V124/><F124/><W56/><N who="3" m="14336" /><DORA hai="18" /><W3/><G3/><T50/><D70/><U63/><E115/><V96/><F132/><W37/><G53/><T99/><D133/><U29/><E35/><V84/><F84/><W74/><G74/><T82/><D126/><U89/><E32/><V38/><F110/><W60/><G60/><T36/><D116/><U46/><E63/><V49/><F38/><W62/><G37/><T112/><D112/><U17/><E117/><V48/><F49/><W118/><G62/><T31/><D39/><U86/><E135/><V51/><F48/><W12/><G118/><T107/><D50/><U129/><E129/><V64/><F64/><W105/><G111/><T67/><D67/><U127/><E127/><V83/><F83/><W23/><G109/><T47/><D82/><U4/><E4/><V97/><F97/><W108/><G108/><T120/><D107/><U16/><E134/><V125/><F125/><W68/><G68/><T26/><D80/><U34/><E34/><V15/><F15/><W91/><G14/><T11/><D13/><U100/><E86/><V103/><AGARI ba="2,0" hai="43,44,51,52,54,95,96,103" m="49193,9290" machi="103" ten="30,6000,0" yaku="19,1,52,1,54,1" doraHai="40,18" who="2" fromWho="2" sc="433,-22,175,-22,276,66,116,-22" />
</Scene>
<Scene>
<INIT seed="6,3,0,0,3,129" ten="411,153,342,94" oya="2" hai0="39,33,107,99,32,50,28,105,78,123,57,52,117" hai1="108,119,47,69,94,66,76,59,15,103,53,36,62" hai2="132,41,122,104,115,27,30,37,42,58,127,45,96" hai3="14,93,89,6,135,128,2,77,51,68,71,7,19"/><V100/><F122/><W112/><G128/><T79/><D123/><U48/><E108/><V55/><F127/><W85/><G112/><T20/><D39/><U97/><E119/><V25/><F115/><W110/><G110/><T54/><D33/><U95/><E76/><V131/><F131/><W10/><G77/><T114/><D32/><U73/><E15/><V18/><F42/><W121/><G121/><T86/><D107/><U134/><E73/><V0/><F0/><W35/><G7/><T38/><D38/><U109/><E109/><V5/><F5/><W90/><G35/><T72/><D72/><U84/><E84/><V63/><F30/><W102/><G102/><T31/><D31/><U91/><E134/><V101/><F101/><W133/><G51/><T49/><D105/><U116/><E116/><V40/><F40/><W26/><G26/><N who="0" m="16455" /><D99/><U23/><E23/><V87/><F132/><N who="3" m="50763" /><G90/><T83/><D117/><U65/><E91/><V118/><F118/><W29/><G29/><T74/><D74/><U46/><E36/><V92/><F18/><W3/><G3/><T61/><D49/><U22/><E48/><V17/><F17/><W21/><AGARI ba="3,0" hai="2,6,10,14,19,21,68,71,85,89,93" m="50763" machi="21" ten="30,7900,0" yaku="20,1,52,3" doraHai="129" who="3" fromWho="3" sc="411,-23,153,-23,342,-42,94,88" />
</Scene>
<Scene>
<INIT seed="7,0,0,3,3,0" ten="388,130,300,182" oya="3" hai0="63,48,111,18,53,118,31,106,59,93,69,68,66" hai1="58,79,44,67,51,84,107,21,76,102,97,135,42" hai2="105,98,3,39,25,134,16,55,112,117,70,14,125" hai3="89,20,32,80,33,4,90,78,12,115,52,133,72"/><W57/><G115/><T64/><D106/><U83/><E135/><V19/><F117/><W110/><G133/><T88/><D118/><U26/><E67/><V109/><F109/><W121/><G121/><T81/><D81/><U85/><E58/><V123/><F134/><W113/><G113/><T49/><D31/><U108/><E108/><V114/><F39/><W56/><G110/><T99/><D111/><U82/><E21/><V120/><F70/><W1/><G1/><T128/><D128/><U6/><E26/><V13/><F3/><W22/><G57/><T36/><D36/><U87/><E87/><V38/><F38/><W130/><G130/><T10/><D49/><U91/><REACH who="1" step="1"/><E6/><REACH who="1" ten="388,120,300,182" step="2"/><V28/><F98/><W124/><G22/><T27/><D66/><U132/><E132/><V92/><F92/><W54/><G56/><T7/><D7/><U65/><E65/><V9/><F105/><W41/><G20/><T95/><D27/><U100/><E100/><V43/><F43/><W34/><G41/><T50/><D69/><U103/><E103/><V131/><F131/><W5/><G5/><T8/><D64/><U104/><E104/><V129/><F129/><W37/><G4/><T101/><D68/><U62/><E62/><V94/><F94/><W40/><G40/><T2/><D95/><U23/><E23/><N who="2" m="11671" /><F55/><W17/><G52/><T45/><D101/><U127/><E127/><V61/><F61/><W15/><G124/><T46/><D63/><U35/><E35/><N who="3" m="13386" /><G54/><T29/><D53/><U77/><AGARI ba="0,1" hai="42,44,51,76,77,79,82,83,84,85,91,97,102,107" machi="77" ten="20,5200,0" yaku="1,1,0,1,7,1,53,1" doraHai="0" doraHaiUra="47" who="1" fromWho="1" sc="388,-13,120,62,300,-13,182,-26" owari="375,47.0,182,-22.0,287,9.0,156,-34.0" />
</Scene>
</mjloggm>