<mjloggm ver="2.3"><GO type="169" lobby="0"/><UN n0="%E5%A4%AA%E3%81%8F%E3%81%AA%E3%81%84%E3%81%8A" n1="%53%48%49%53%55%4B%45" n2="%E6%94%B9%E6%82%9B%E4%B8%80%E5%8F%B7" n3="%E3%83%A9%E3%83%A0%E3%83%80%E3%81%95%E3%82%93" dan="17,17,18,17" rate="2231.63,2098.74,2178.91,2202.38" sx="M,M,M,M"/><TAIKYOKU oya="0"/>

<Scene>
<INIT seed="0,0,0,0,1,133" ten="250,250,250,250" oya="0" hai0="63,57,22,45,109,102,28,61,44,128,65,1,49" hai1="135,14,130,46,48,84,75,99,103,50,115,110,101" hai2="31,77,83,134,62,87,7,24,37,76,72,106,52" hai3="13,131,66,74,34,67,69,64,125,11,2,121,15"/><T120/><D120/><U30/><E75/><V88/><F106/><W41/><G69/><T114/><D114/><U10/><E135/><V5/><F37/><W112/><G112/><T97/><D1/><U113/><E113/><V39/><F39/><W118/><G118/><T117/><D117/><U20/><E115/><V111/><F134/><W21/><G34/><T26/><D128/><U33/><E33/><V51/><F111/><W0/><G74/><T47/><D109/><U89/><E50/><V54/><F62/><W104/><G104/><T81/><D81/><U12/><E99/><V29/><F54/><W79/><G79/><T86/><D86/><U3/><E3/><V123/><F123/><W94/><G121/><T80/><D80/><U36/><E36/><V18/><F18/><W38/><G131/><T4/><D4/><U16/><E110/><V96/><F96/><W122/><G122/><T90/><D90/><U59/><E59/><V43/><F43/><W32/><G32/><T105/><REACH who="0" step="1"/><D63/><REACH who="0" ten="240,250,250,250" step="2"/><U119/><E119/><V55/><F88/><W35/><G0/><T27/><D27/><N who="1" m="16743" /><E130/><V70/><F24/><W127/><G2/><T82/><D82/><N who="1" m="49303" /><E12/><V71/><F83/><W58/><G13/><T107/><D107/><U73/><E73/><V129/><F129/><W92/><G15/><T108/><D108/><U116/><E116/><V85/><F72/><W40/><G92/><T91/><D91/><U60/><E60/><V78/><F78/><W9/><G94/><T126/><D126/><U98/><E98/><V95/><F51/><AGARI ba="0,1" hai="22,26,28,44,45,47,49,51,57,61,65,97,102,105" machi="51" ten="40,3900,0" yaku="1,1,53,1" doraHai="133" doraHaiUra="56" who="0" fromWho="2" sc="240,49,250,0,250,-39,250,0" />
</Scene>
<Scene>
<INIT seed="0,1,0,4,2,75" ten="289,250,211,250" oya="0" hai0="12,87,13,69,134,68,42,21,47,90,97,93,61" hai1="122,118,20,62,44,86,101,132,107,65,59,2,79" hai2="98,56,106,4,117,114,3,70,18,78,112,76,125" hai3="135,85,48,91,116,23,22,104,60,103,73,15,92"/><T102/><D134/><U77/><E122/><V130/><F70/><W30/><G116/><T29/><D29/><U37/><E2/><V124/><F117/><W58/><G135/><T52/><D21/><U8/><E118/><V45/><F130/><W25/><G73/><T31/><D31/><U41/><E8/><N who="2" m="2079" /><F18/><W55/><G104/><T111/><D111/><U38/><E132/><V40/><F56/><W33/><G103/><T7/><D7/><U14/><E38/><N who="2" m="21655" /><F106/><W105/><G105/><T115/><D115/><N who="2" m="44074" /><F98/><W6/><G6/><T129/><D129/><U88/><E101/><V27/><F27/><W35/><REACH who="3" step="1"/><G60/><REACH who="3" ten="289,250,211,240" step="2"/><T100/><D100/><U123/><E107/><V133/><F133/><W66/><G66/><T71/><D61/><U72/><E72/><V43/><F43/><W127/><G127/><AGARI ba="1,1" hai="76,78,124,125,127" m="44074,21655,2079" machi="127" ten="30,3900,0" yaku="18,1,52,2" doraHai="75" who="2" fromWho="3" sc="289,0,250,0,211,52,240,-42" />
</Scene>
<Scene>
<INIT seed="1,0,0,2,0,116" ten="289,250,263,198" oya="1" hai0="104,74,13,18,66,115,60,118,42,128,90,97,26" hai1="134,59,79,24,108,78,46,132,64,5,127,55,122" hai2="40,6,32,83,67,0,94,36,45,71,110,109,103" hai3="4,85,111,86,2,44,35,8,9,1,68,10,53"/><U50/><E122/><V126/><F126/><W114/><G114/><T130/><D118/><U12/><E127/><V27/><F83/><W43/><G35/><T117/><D117/><U48/><E24/><V92/><F71/><W102/><G68/><T84/><D74/><U3/><E3/><V37/><F67/><W11/><G111/><N who="2" m="42505" /><F36/><W88/><G102/><T57/><D115/><U112/><E112/><V70/><F70/><W123/><G123/><T73/><D73/><U23/><E108/><V31/><F103/><W19/><G53/><T119/><D119/><U41/><E64/><V100/><F100/><W56/><G56/><T65/><D97/><U28/><E28/><V121/><F121/><W105/><G105/><T98/><D98/><U17/><REACH who="1" step="1"/><E5/><REACH who="1" ten="289,240,263,198" step="2"/><V89/><F6/><W30/><G30/><T25/><D66/><U80/><E80/><V91/><F0/><W54/><G2/><T69/><D69/><U61/><E61/><V20/><F32/><W72/><G1/><T133/><D25/><U14/><E14/><V51/><F27/><W58/><G4/><T63/><D26/><U52/><E52/><V62/><F31/><W16/><G54/><T75/><D63/><U124/><E124/><V106/><F62/><W96/><G43/><T95/><D42/><U49/><E49/><V107/><F51/><W87/><G19/><T120/><D18/><U77/><AGARI ba="0,1" hai="12,17,23,41,46,48,50,55,59,77,78,79,132,134" machi="77" ten="30,11700,0" yaku="1,1,0,1,53,2" doraHai="116" doraHaiUra="47" who="1" fromWho="1" sc="289,-39,240,127,263,-39,198,-39" />
</Scene>
<Scene>
<INIT seed="1,1,0,0,1,107" ten="250,367,224,159" oya="1" hai0="27,129,74,9,33,49,127,95,19,10,54,116,64" hai1="50,72,42,60,57,97,70,61,52,62,40,35,87" hai2="30,3,101,103,31,80,133,46,24,66,90,39,99" hai3="12,121,7,13,37,105,119,110,93,132,18,25,78"/><U32/><E72/><V51/><F3/><W56/><G121/><T135/><D116/><U5/><E5/><V14/><F39/><W126/><G105/><T79/><D127/><U82/><E97/><V16/><F133/><W17/><G37/><T114/><D114/><U20/><E20/><V23/><F66/><W102/><G126/><T75/><D135/><U118/><E118/><V47/><F31/><W124/><G124/><T98/><D129/><U45/><E70/><V2/><F2/><W6/><G132/><T0/><D64/><U120/><E120/><V53/><F46/><W76/><G110/><T83/><D0/><U36/><REACH who="1" step="1"/><E42/><REACH who="1" ten="250,357,224,159" step="2"/><V106/><F99/><W85/><G119/><T111/><D75/><U84/><E84/><N who="2" m="50439" /><F106/><W21/><G85/><T123/><D123/><U112/><E112/><V77/><F77/><AGARI ba="1,1" hai="32,35,36,40,45,50,52,57,60,61,62,77,82,87" machi="77" ten="40,3900,0" yaku="1,1,54,1,53,0" doraHai="107" doraHaiUra="125" who="1" fromWho="2" sc="250,0,357,52,224,-42,159,0" />
</Scene>
<Scene>
<INIT seed="1,2,0,2,2,61" ten="250,409,182,159" oya="1" hai0="60,46,128,33,117,66,96,74,101,124,85,51,81" hai1="28,90,113,59,19,68,48,125,93,119,67,92,44" hai2="7,39,14,42,15,18,8,108,41,11,126,53,112" hai3="2,43,71,87,123,22,35,82,75,38,80,50,65"/><U102/><E119/><V34/><F34/><W13/><G123/><T64/><D117/><U69/><E113/><V127/><F112/><W118/><G118/><T110/><D74/><U26/><E125/><N who="2" m="47627" /><F39/><W135/><G2/><T29/><D124/><U132/><E132/><V76/><F108/><W58/><G35/><T32/><D110/><U100/><E19/><V73/><F53/><W116/><G116/><T77/><D128/><U131/><E131/><V5/><F18/><W89/><G135/><T23/><D23/><U20/><E93/><V99/><F99/><W95/><G75/><T121/><D121/><U55/><E69/><V115/><F115/><W84/><G38/><T56/><D29/><U52/><E68/><V3/><F3/><W31/><G71/><T12/><D12/><U105/><E105/><V103/><F103/><W130/><G130/><T91/><D91/><U106/><E106/><V6/><F76/><W114/><G114/><T86/><D86/><N who="1" m="52311" /><E55/><V107/><F107/><W4/><G87/><T30/><D30/><U40/><E40/><N who="2" m="15467" /><F73/><W70/><G70/><T129/><D129/><U25/><E25/><V79/><F79/><W63/><G31/><T83/><D101/><U57/><E44/><V122/><F122/><W97/><G84/><N who="0" m="48175" /><D96/><U16/><E28/><V104/><F104/><W62/><G97/><T134/><D134/><U72/><E72/><V54/><F54/><W88/><G89/><N who="0" m="51391" /><D32/><U37/><E37/><V17/><AGARI ba="2,0" hai="5,6,7,8,11,14,15,17" m="15467,47627" machi="17" ten="30,1100,0" yaku="18,1" doraHai="61" who="2" fromWho="2" sc="250,-5,409,-7,182,17,159,-5" />
</Scene>
<Scene>
<INIT seed="2,0,0,2,0,18" ten="245,402,199,154" oya="2" hai0="134,19,6,73,126,28,61,95,39,91,55,13,105" hai1="65,12,106,33,2,109,98,75,32,29,43,54,78" hai2="53,124,60,129,34,9,132,68,87,15,47,76,27" hai3="58,102,131,72,11,90,42,101,79,123,26,111,97"/><V35/><F124/><W135/><G123/><T3/><D105/><U112/><E2/><V44/><F129/><W117/><G117/><T74/><D39/><U16/><E65/><V4/><F132/><W80/><G135/><T22/><D134/><U5/><E5/><V114/><F114/><W62/><G131/><T108/><D126/><U81/><E43/><V59/><F68/><W120/><G120/><T128/><D128/><U71/><E71/><V113/><F113/><W49/><G111/><T69/><D108/><U48/><E29/><V0/><F0/><W17/><G49/><T125/><D125/><U94/><E106/><V46/><REACH who="2" step="1"/><F27/><REACH who="2" ten="245,402,189,154" step="2"/><W25/><G25/><T38/><D69/><U82/><E112/><V99/><F99/><W40/><G26/><T1/><D3/><U116/><E109/><V130/><F130/><W83/><G97/><T31/><D1/><U14/><E116/><V24/><F24/><W103/><G72/><T70/><D73/><U41/><E75/><V23/><F23/><W92/><G11/><T86/><D74/><U45/><E98/><V51/><F51/><W88/><G62/><T77/><D70/><U121/><E48/><V63/><F63/><W119/><G119/><T85/><D38/><U8/><E121/><V21/><F21/><W84/><G84/><T37/><D37/><U93/><E8/><V67/><F67/><W7/><G42/><T100/><D85/><U89/><E41/><V30/><F30/><W118/><G40/><T20/><D31/><U133/><E133/><V127/><F127/><W56/><G118/><RYUUKYOKU ba="0,1" sc="245,-10,402,-10,189,30,154,-10" hai2="4,9,15,34,35,44,46,47,53,59,60,76,87" />
</Scene>
<Scene>
<INIT seed="2,1,1,0,5,23" ten="235,392,219,144" oya="2" hai0="26,104,68,71,17,69,18,112,81,66,40,85,0" hai1="70,54,101,41,58,28,53,88,52,16,83,60,19" hai2="84,125,108,113,103,75,102,72,80,14,79,65,126" hai3="56,50,128,107,98,4,2,33,48,99,55,89,111"/><V105/><F65/><W116/><G116/><T39/><D112/><U94/><E70/><V78/><F14/><W44/><G33/><T135/><D104/><U124/><E124/><N who="2" m="47723" /><F113/><W110/><G128/><T76/><D0/><U51/><E28/><V7/><F7/><W42/><G107/><T61/><D135/><U95/><E83/><N who="2" m="45535" /><F108/><N who="3" m="41515" /><G89/><T63/><D66/><U45/><E101/><N who="2" m="38411" /><F105/><W20/><G20/><T77/><D69/><U34/><E34/><V35/><F35/><W29/><G29/><T47/><D68/><U24/><E95/><V120/><F120/><W121/><G121/><T91/><D71/><U3/><E3/><V6/><F6/><W114/><G114/><T106/><D18/><N who="1" m="6699" /><E24/><V15/><F15/><W27/><G27/><T1/><D1/><U32/><E32/><V92/><F92/><W9/><AGARI ba="1,1" hai="2,4,9,42,44,48,50,55,56,98,99" m="41515" machi="9" ten="30,1100,0" yaku="14,1" doraHai="23" who="3" fromWho="3" sc="235,-4,392,-4,219,-6,144,24" />
</Scene>
<Scene>
<INIT seed="3,0,0,2,5,2" ten="231,388,213,168" oya="3" hai0="19,103,70,101,60,56,4,106,52,16,7,47,34" hai1="74,67,8,53,99,133,122,3,65,135,21,5,64" hai2="98,129,50,77,25,89,30,71,83,0,96,24,33" hai3="92,13,45,112,93,61,108,80,46,100,107,63,29"/><W6/><G112/><T104/><D34/><U59/><E74/><V37/><F37/><W62/><G107/><T87/><D70/><U11/><E122/><V26/><F71/><W69/><G69/><T51/><D106/><U23/><E99/><V127/><F127/><W38/><G108/><T1/><D1/><U22/><REACH who="1" step="1"/><E8/><REACH who="1" ten="231,378,213,168" step="2"/><V118/><F98/><N who="3" m="59463" /><G38/><T119/><D119/><U17/><E17/><N who="0" m="6729" /><D104/><U27/><E27/><V44/><F118/><W40/><G29/><T110/><D110/><U49/><AGARI ba="0,1" hai="3,5,11,21,22,23,49,53,59,64,65,67,133,135" machi="49" ten="40,5200,0" yaku="1,1,0,1,52,1,53,0" doraHai="2" doraHaiUra="75" who="1" fromWho="1" sc="231,-13,378,62,213,-13,168,-26" />
</Scene>
<Scene>
<INIT seed="4,0,0,4,4,85" ten="218,440,200,142" oya="0" hai0="34,104,72,67,77,74,54,88,35,20,109,71,62" hai1="52,25,58,124,89,16,41,129,65,70,53,49,91" hai2="111,38,7,102,47,29,121,0,43,135,95,13,132" hai3="117,3,75,59,90,6,97,26,79,107,1,96,46"/><T2/><D104/><U110/><E110/><V119/><F121/><W42/><G117/><T57/><D2/><U56/><E124/><V76/><F111/><W11/><G1/><T94/><D109/><U14/><E129/><V24/><F119/><W84/><G59/><N who="1" m="22570" /><E25/><V22/><F0/><W86/><G26/><T112/><D112/><U106/><E106/><V133/><F76/><W18/><G18/><T10/><D10/><N who="1" m="6231" /><E65/><V60/><F60/><W100/><G96/><T98/><D20/><U134/><E70/><V4/><REACH who="2" step="1"/><F13/><REACH who="2" ten="218,440,190,142" step="2"/><W115/><G115/><T50/><REACH who="0" step="1"/><D77/><REACH who="0" ten="208,440,190,142" step="2"/><U8/><E8/><V30/><F30/><W87/><G79/><T55/><D55/><U37/><E53/><V9/><F9/><W69/><G11/><T48/><D48/><U131/><E52/><V66/><F66/><W92/><G3/><T83/><D83/><U33/><E49/><V122/><F122/><W51/><G51/><T5/><D5/><U63/><E131/><V108/><F108/><W39/><G6/><T32/><AGARI ba="0,2" hai="32,34,35,50,54,57,62,67,71,72,74,88,94,98" machi="32" ten="30,11700,0" yaku="1,1,0,1,52,1,54,1,53,0" doraHai="85" doraHaiUra="82" who="0" fromWho="0" sc="208,137,440,-39,190,-39,142,-39" />
</Scene>
<Scene>
<INIT seed="4,1,0,2,4,135" ten="345,401,151,103" oya="0" hai0="111,128,13,102,66,29,16,54,99,118,113,42,121" hai1="132,0,44,92,122,131,24,37,133,43,15,88,55" hai2="110,62,78,67,114,10,73,115,83,70,60,93,26" hai3="84,81,4,27,28,100,12,52,104,71,82,91,59"/><T45/><D118/><U103/><E122/><V36/><F36/><W65/><G71/><T130/><D121/><U50/><E0/><V9/><F110/><W46/><G65/><T123/><D123/><U23/><E103/><V8/><F60/><W30/><G46/><T127/><D111/><U86/><E131/><N who="0" m="50217" /><D113/><N who="2" m="43018" /><F26/><W3/><G3/><T25/><D54/><U69/><E69/><V107/><F107/><W61/><G100/><T87/><D87/><U47/><REACH who="1" step="1"/><E15/><REACH who="1" ten="345,391,151,103" step="2"/><V80/><F70/><W94/><G104/><T125/><D66/><U58/><E58/><V76/><F67/><W35/><REACH who="3" step="1"/><G28/><AGARI ba="1,1" hai="23,24,28,37,43,44,47,50,55,86,88,92,132,133" machi="28" ten="40,2600,0" yaku="1,1,54,1,53,0" doraHai="135" doraHaiUra="32" who="1" fromWho="3" sc="345,0,391,39,151,0,103,-29" />
</Scene>
<Scene>
<INIT seed="5,0,0,5,3,5" ten="345,430,151,74" oya="1" hai0="56,18,64,2,34,14,91,73,130,84,113,57,26" hai1="128,30,36,77,9,87,49,124,32,60,7,29,98" hai2="126,48,45,41,111,80,39,131,106,112,109,133,122" hai3="12,16,83,123,100,23,4,44,96,24,101,120,93"/><U19/><E36/><V134/><F106/><W125/><G125/><T22/><D73/><U59/><E32/><V65/><F80/><W51/><G101/><T88/><D113/><U99/><E124/><V38/><F126/><W13/><G83/><T1/><D130/><U20/><E128/><V70/><F122/><W53/><REACH who="3" step="1"/><G24/><REACH who="3" ten="345,430,151,64" step="2"/><T72/><D26/><U89/><E77/><V43/><F112/><W17/><G17/><T66/><D18/><U50/><E19/><V63/><F131/><W33/><G33/><T79/><D34/><U6/><E29/><V132/><F41/><W105/><G105/><T58/><D79/><U119/><E30/><V46/><F46/><W76/><G76/><T129/><D129/><U10/><E119/><V92/><F92/><W55/><G55/><T90/><D90/><U116/><E116/><V11/><F11/><AGARI ba="0,1" hai="4,11,12,13,16,23,44,51,53,93,96,100,120,123" machi="11" ten="40,8000,1" yaku="1,1,52,1,54,1,53,1" doraHai="5" doraHaiUra="42" who="3" fromWho="2" sc="345,0,430,0,151,-80,64,90" />
</Scene>
<Scene>
<INIT seed="6,0,0,4,5,114" ten="345,430,71,154" oya="2" hai0="56,89,11,105,71,9,122,1,70,32,53,38,35" hai1="92,50,115,52,25,65,7,109,121,102,39,96,36" hai2="23,113,4,117,54,125,28,45,116,78,80,85,107" hai3="37,88,90,84,68,40,22,59,133,101,14,19,0"/><V82/><F113/><W94/><G68/><T131/><D38/><U76/><E109/><V99/><F125/><W12/><G0/><T63/><D122/><U111/><E111/><V112/><F112/><W129/><G129/><T118/><D105/><U87/><E115/><V93/><F4/><W98/><G133/><T17/><D131/><U135/><E65/><V42/><F107/><W110/><G110/><T81/><D1/><U69/><E69/><V95/><F54/><W75/><G75/><T64/><D70/><U18/><E7/><V44/><F80/><W77/><G77/><T73/><D11/><U43/><E43/><V134/><F134/><W8/><G37/><T33/><D9/><U10/><E121/><V128/><F128/><W127/><G127/><T16/><D118/><U79/><E79/><V91/><F93/><W48/><G84/><T61/><D89/><U74/><E74/><V126/><F126/><W55/><REACH who="3" step="1"/><G40/><REACH who="3" ten="345,430,71,144" step="2"/><T26/><D73/><U83/><E135/><V100/><F78/><W34/><G34/><T58/><D71/><U24/><E39/><V13/><F42/><W27/><G27/><T106/><D26/><U124/><E36/><V31/><F116/><W30/><G30/><N who="2" m="11305" /><F117/><W60/><G60/><T119/><D119/><U21/><E124/><V29/><N who="2" m="11313" /><V20/><DORA hai="123" /><F13/><W103/><G103/><T108/><D108/><U15/><E15/><V41/><F41/><W120/><G120/><T6/><D33/><U67/><E24/><V51/><F51/><W104/><G104/><T132/><D132/><U57/><E25/><RYUUKYOKU ba="0,1" sc="345,-15,430,-15,71,15,144,15" hai2="20,23,44,45,82,85,91,95,99,100" hai3="8,12,14,19,22,48,55,59,88,90,94,98,101" />
</Scene>
<Scene>
<INIT seed="6,1,1,1,5,83" ten="330,415,86,159" oya="2" hai0="58,2,56,38,132,17,35,25,73,125,102,61,130" hai1="97,135,10,15,14,105,5,7,134,122,54,68,46" hai2="131,31,45,32,48,129,64,112,62,110,116,87,37" hai3="101,119,71,109,95,67,20,107,19,78,70,34,96"/><V72/><F72/><W22/><G109/><T111/><D111/><U114/><E68/><V89/><F110/><W39/><G119/><T50/><D38/><U0/><E122/><V82/><F116/><W3/><G3/><T59/><D73/><U36/><E114/><V11/><F37/><W4/><G4/><T98/><D2/><U124/><E124/><V69/><F112/><W8/><G39/><T94/><D125/><U57/><E36/><V93/><F11/><W16/><G34/><T91/><D132/><N who="1" m="50731" /><E46/><V115/><F115/><W12/><G78/><T33/><D130/><N who="2" m="49674" /><F32/><W66/><G107/><T120/><D120/><U44/><E44/><V29/><F82/><W85/><G85/><T117/><D117/><U127/><E7/><V74/><F74/><W63/><REACH who="3" step="1"/><G19/><REACH who="3" ten="330,415,86,149" step="2"/><T47/><D35/><U40/><E127/><V23/><F23/><W26/><G26/><T13/><D25/><U108/><E108/><V126/><F126/><W113/><G113/><T27/><D27/><U42/><E0/><V121/><F121/><W30/><G30/><T104/><D33/><U9/><E5/><V65/><F65/><W92/><G92/><T76/><D104/><U81/><E105/><V60/><F60/><AGARI ba="1,2" hai="8,12,16,20,22,60,63,66,67,70,71,95,96,101" machi="60" ten="40,5200,0" yaku="1,1,9,1,54,1,53,0" doraHai="83" doraHaiUra="1" who="3" fromWho="2" sc="330,0,415,0,86,-55,149,75" />
</Scene>
<Scene>
<INIT seed="7,0,0,5,2,24" ten="330,415,31,224" oya="3" hai0="47,35,31,78,38,84,50,21,45,28,83,115,16" hai1="127,42,14,57,113,134,18,118,108,34,62,37,3" hai2="73,64,111,7,128,103,112,85,91,19,8,25,131" hai3="101,117,48,97,32,22,120,23,99,90,110,70,72"/><W82/><G120/><T53/><D35/><U15/><E3/><V124/><F64/><W95/><G117/><T40/><REACH who="0" step="1"/><D115/><REACH who="0" ten="320,415,31,224" step="2"/><U69/><E34/><V63/><F63/><W59/><G32/><T81/><D81/><U2/><E113/><V132/><F85/><W109/><G70/><T88/><D88/><U46/><E118/><V129/><F91/><W114/><G114/><T49/><D49/><U29/><E69/><V79/><F103/><W6/><G6/><T61/><D61/><U65/><E62/><V122/><F79/><W68/><G68/><T67/><D67/><U13/><E65/><V89/><F89/><W94/><G72/><T26/><AGARI ba="0,1" hai="16,21,26,28,31,38,40,45,47,50,53,78,83,84" machi="26" ten="20,12000,2" yaku="1,1,0,1,7,1,52,2,54,1,53,0" doraHai="24" doraHaiUra="116" who="0" fromWho="0" sc="320,130,415,-30,31,-30,224,-60" owari="450,55.0,385,19.0,1,-50.0,164,-24.0" />
</Scene>
</mjloggm>