<mjloggm ver="2.3"><GO type="169" lobby="0"/><UN n0="%4D%72%2E%6E%69%6B%75%39" n1="%E3%82%B1%E3%82%A4%EF%BC%91%EF%BC%93" n2="%E5%A4%AA%E3%81%8F%E3%81%AA%E3%81%84%E3%81%8A" n3="%77%61%64%6F%70%72%6F" dan="16,16,17,16" rate="2136.63,2051.27,2195.80,2118.34" sx="F,M,M,M"/><TAIKYOKU oya="0"/>

<Scene>
<INIT seed="0,0,0,1,1,73" ten="250,250,250,250" oya="0" hai0="79,67,17,134,107,85,99,52,37,110,128,64,34" hai1="76,80,123,133,124,14,46,19,131,23,71,83,50" hai2="63,121,77,125,116,86,16,119,40,93,5,47,95" hai3="9,41,6,84,59,24,82,61,75,68,87,42,12"/><T27/><D37/><U1/><E131/><V122/><F5/><W100/><G68/><T13/><D128/><U89/><E133/><V11/><F125/><W102/><G75/><T132/><D110/><U43/><E123/><V10/><F63/><W97/><G24/><T112/><D112/><U103/><E1/><V108/><F108/><W28/><G28/><N who="0" m="19743" /><D99/><U135/><E71/><V109/><F109/><W72/><G72/><T3/><D107/><U48/><E124/><V38/><F93/><N who="3" m="58415" /><G102/><T36/><D36/><U127/><E135/><N who="0" m="51753" /><D3/><U111/><E111/><V98/><F121/><W32/><G32/><T45/><D17/><U35/><E103/><N who="2" m="60895" /><F16/><W33/><G33/><T60/><D13/><U22/><E35/><V0/><F0/><W56/><G87/><T104/><D104/><U113/><E127/><V20/><F122/><W78/><G59/><N who="0" m="34919" /><D45/><N who="1" m="25663" /><E113/><V90/><F38/><W69/><G69/><T31/><D31/><U57/><E57/><V54/><F47/><W81/><G81/><AGARI ba="0,0" hai="64,67,79,81,85" m="34919,51753,19743" machi="81" ten="30,5800,0" yaku="20,1,52,1,54,1" doraHai="73" who="0" fromWho="3" sc="250,58,250,0,250,0,250,-58" />
</Scene>
<Scene>
<INIT seed="0,1,0,5,3,26" ten="308,250,250,192" oya="0" hai0="30,23,39,15,87,49,59,101,88,11,54,82,57" hai1="61,132,4,52,12,56,84,70,103,126,1,81,29" hai2="114,8,122,3,0,42,66,96,64,13,121,119,65" hai3="95,33,90,134,17,20,111,36,50,85,76,55,51"/><T19/><D39/><U31/><E132/><V104/><F114/><W102/><G111/><T69/><D69/><U6/><E126/><V131/><F131/><W127/><G36/><T98/><D59/><U124/><E1/><V41/><F119/><W16/><G33/><T32/><D32/><U128/><E70/><V46/><F104/><W9/><G127/><T43/><D43/><U135/><E128/><V22/><F96/><N who="3" m="59679" /><G76/><T120/><D120/><U72/><E72/><V108/><F108/><W110/><G134/><T86/><D86/><U45/><E103/><V117/><F117/><W62/><G9/><T123/><D123/><U113/><E113/><V58/><F58/><N who="3" m="35167" /><G110/><T75/><D75/><U107/><E107/><V35/><F35/><W14/><G17/><T60/><D60/><U67/><E135/><V105/><F105/><W44/><G44/><T68/><D68/><U28/><E12/><V116/><F116/><W109/><G109/><T125/><D125/><U118/><E118/><V99/><F0/><W97/><G97/><T80/><D98/><U21/><E21/><V129/><F22/><W5/><G5/><T27/><D101/><U93/><E93/><AGARI ba="1,0" hai="14,16,20,50,51,85,90,93" m="35167,59679" machi="93" ten="30,2000,0" yaku="8,1,54,1" doraHai="26" who="3" fromWho="1" sc="308,0,250,-23,250,0,192,23" /><AGARI ba="1,0" hai="11,15,19,23,27,30,49,54,57,80,82,87,88,93" machi="93" ten="30,11600,0" yaku="7,1,8,1,52,1,54,1" doraHai="26" who="0" fromWho="1" sc="308,116,227,-116,250,0,215,0" />
</Scene>
<Scene>
<INIT seed="0,2,0,5,4,114" ten="424,111,250,215" oya="0" hai0="120,13,85,46,62,49,40,92,98,108,111,2,103" hai1="36,35,101,3,53,128,104,1,81,127,48,88,79" hai2="59,41,106,57,117,78,129,67,130,26,96,99,97" hai3="32,90,107,116,131,100,18,69,132,95,71,133,77"/><T0/><D120/><U63/><E35/><V64/><F106/><W10/><G32/><T87/><D62/><U9/><E36/><V124/><F124/><W126/><G77/><T54/><D13/><U91/><E63/><V56/><F78/><W27/><G126/><T66/><D66/><N who="2" m="25130" /><F26/><W72/><G72/><T60/><D60/><U21/><E21/><V39/><F39/><W134/><G131/><N who="2" m="50185" /><F41/><W33/><G100/><T65/><D65/><U47/><E128/><V29/><F29/><W82/><G107/><T135/><D135/><U125/><E125/><V5/><F5/><W38/><G38/><T43/><D43/><U34/><E34/><V119/><AGARI ba="2,0" hai="56,57,59,96,97,99,117,119" m="50185,25130" machi="119" ten="40,8000,1" yaku="28,2,19,1,52,2" doraHai="114" who="2" fromWho="2" sc="424,-42,111,-22,250,86,215,-22" />
</Scene>
<Scene>
<INIT seed="1,0,0,1,5,18" ten="382,89,336,193" oya="1" hai0="36,123,54,131,37,19,124,99,103,113,85,2,111" hai1="42,78,21,64,72,11,61,71,91,31,34,110,59" hai2="93,57,27,119,125,12,58,129,114,69,17,75,116" hai3="25,47,35,70,118,134,30,41,4,52,95,83,109"/><U43/><E34/><V121/><F69/><W90/><G109/><T62/><D113/><U48/><E110/><V0/><F75/><W102/><G70/><T133/><D2/><U130/><E11/><V24/><F93/><W29/><G134/><T81/><D111/><U82/><E130/><V9/><F58/><W108/><G108/><T104/><D133/><U117/><E117/><N who="2" m="45131" /><F57/><W79/><G118/><T128/><D124/><U76/><E76/><V112/><F121/><W92/><G29/><T45/><D123/><U86/><E59/><V100/><F100/><W44/><G4/><T39/><D19/><U122/><E122/><V87/><F87/><W28/><G28/><T14/><D14/><U50/><E50/><V7/><F125/><W26/><G26/><N who="2" m="9769" /><F129/><N who="0" m="49738" /><D62/><U101/><E101/><V8/><AGARI ba="0,0" hai="0,7,8,9,12,17,112,114" m="9769,45131" machi="8" ten="40,2700,0" yaku="34,2" doraHai="18" who="2" fromWho="2" sc="382,-7,89,-13,336,27,193,-7" />
</Scene>
<Scene>
<INIT seed="2,0,0,5,4,111" ten="375,76,363,186" oya="2" hai0="67,6,71,41,20,40,94,129,131,43,55,99,108" hai1="88,78,24,47,107,11,93,62,32,72,66,5,34" hai2="14,3,0,90,115,27,31,110,123,130,23,96,120" hai3="126,7,73,98,36,116,80,13,91,4,1,37,122"/><V48/><F48/><W103/><G116/><T2/><D108/><U12/><E107/><V10/><F90/><W70/><G122/><N who="2" m="46633" /><F96/><W121/><G121/><T58/><D20/><U18/><E78/><V50/><F50/><W49/><G70/><T113/><D113/><U64/><E72/><V54/><F54/><W83/><G49/><N who="0" m="31087" /><D6/><U97/><E47/><V114/><F110/><W84/><G1/><N who="2" m="585" /><F130/><N who="0" m="49674" /><D2/><U8/><E64/><V128/><F128/><W59/><G37/><T92/><D99/><U112/><E112/><V57/><F57/><W52/><G36/><T100/><D100/><U63/><E62/><AGARI ba="0,0" hai="40,41,43,62,67,71,92,94" m="49674,31087" machi="62" ten="30,1000,0" yaku="19,1" doraHai="111" who="0" fromWho="1" sc="375,10,76,-10,363,0,186,0" />
</Scene>
<Scene>
<INIT seed="3,0,0,2,5,7" ten="385,66,363,186" oya="3" hai0="28,95,72,32,25,122,60,62,58,50,86,121,47" hai1="96,44,126,18,80,75,74,64,129,8,54,127,56" hai2="110,48,27,76,94,34,5,31,66,9,89,99,112" hai3="107,119,102,93,103,85,108,20,35,63,37,104,68"/><W105/><G35/><T100/><D72/><U69/><E69/><V71/><F112/><W111/><G37/><T92/><D92/><U2/><E64/><V26/><F110/><N who="3" m="42027" /><G20/><T16/><D62/><U55/><E96/><V67/><F76/><W45/><G45/><T10/><D100/><N who="3" m="38441" /><G63/><T134/><D60/><U42/><E44/><V6/><F71/><W113/><G68/><T61/><D61/><U78/><E42/><V125/><F48/><W133/><G113/><T87/><D58/><U21/><E56/><V23/><F5/><W33/><G33/><T135/><D50/><U52/><E74/><V82/><F125/><W84/><G133/><N who="0" m="50699" /><D47/><U83/><E80/><V46/><F82/><W117/><G84/><T115/><D115/><U128/><E126/><V131/><F46/><W91/><AGARI ba="0,0" hai="85,91,93,104,105,107,117,119" m="38441,42027" machi="91" ten="40,12000,1" yaku="14,1,10,1,34,2" doraHai="7" who="3" fromWho="3" sc="385,-40,66,-40,363,-40,186,120" />
</Scene>
<Scene>
<INIT seed="3,1,0,2,1,84" ten="345,26,323,306" oya="3" hai0="133,87,89,85,118,63,14,25,119,15,101,40,74" hai1="31,3,76,56,17,27,61,124,55,97,104,66,107" hai2="68,127,103,0,29,24,45,21,8,81,71,38,4" hai3="60,53,44,132,5,82,95,93,126,48,106,33,117"/><W129/><G106/><T114/><D74/><U115/><E3/><V47/><F127/><W62/><G117/><T11/><D101/><U92/><E124/><V10/><F103/><W39/><G126/><T7/><D133/><U19/><E76/><V59/><F59/><W91/><G33/><T6/><D114/><U96/><E115/><V9/><F9/><W43/><G129/><T109/><D109/><U2/><E2/><V73/><F8/><W23/><G5/><T135/><D135/><U130/><E130/><V113/><F113/><W116/><G116/><T54/><D40/><U65/><E96/><V51/><F45/><W131/><G131/><T22/><D87/><U32/><E55/><V99/><F99/><W36/><G36/><T98/><D98/><U122/><E66/><V41/><F51/><W100/><G100/><T49/><D63/><U105/><REACH who="1" step="1"/><E122/><REACH who="1" ten="345,16,323,306" step="2"/><V110/><F110/><W121/><G121/><T58/><D118/><U120/><E120/><V128/><F128/><W75/><G132/><T86/><D119/><U20/><E20/><V134/><F134/><W94/><G23/><T12/><D22/><U28/><E28/><V34/><F21/><W123/><G123/><T112/><D112/><U125/><E125/><V108/><F108/><W88/><G75/><T26/><D86/><U52/><E52/><V77/><AGARI ba="1,1" hai="0,4,10,24,29,34,38,41,47,68,71,73,77,81" machi="77" ten="30,12000,2" yaku="0,1,25,2,33,3" doraHai="84" who="2" fromWho="2" sc="345,-31,16,-31,323,133,306,-61" owari="314,11.0,-15,-52.0,456,56.0,245,-15.0" />
</Scene>
</mjloggm>