<mjloggm ver="2.3"><GO type="169" lobby="0"/><UN n0="%E5%A4%AA%E3%81%8F%E3%81%AA%E3%81%84%E3%81%8A" n1="%E6%B8%85%E7%94%B0%E9%9D%99%E6%A8%B9" n2="%E3%83%A1%E3%83%AB%E3%82%AF" n3="%E3%83%8E%E3%83%B3%E3%83%A9%E3%82%B9%E6%89%93%E6%B3%95" dan="18,16,16,17" rate="2255.57,2052.08,2001.57,2104.35" sx="M,M,M,M"/><TAIKYOKU oya="0"/>

<Scene>
<INIT seed="0,0,0,0,0,100" ten="250,250,250,250" oya="0" hai0="85,3,41,68,66,96,89,111,47,121,65,117,88" hai1="107,58,92,32,70,0,63,33,79,25,26,95,124" hai2="128,35,108,49,4,120,39,7,76,30,8,36,98" hai3="104,125,59,103,1,62,38,72,118,44,43,122,106"/><T51/><D117/><U78/><E0/><V16/><F108/><W17/><G103/><T40/><D121/><U27/><E70/><V80/><F128/><W114/><G118/><T60/><D3/><U119/><E119/><V127/><F127/><W29/><G114/><T84/><D111/><U56/><E124/><V21/><F49/><W134/><G125/><T113/><D113/><U73/><E73/><V81/><F81/><W130/><G72/><T42/><D96/><U9/><E9/><V115/><F115/><W101/><G101/><T52/><REACH who="0" step="1"/><D66/><REACH who="0" ten="240,250,250,250" step="2"/><U53/><E33/><V48/><F98/><W109/><G1/><T83/><D83/><U123/><E32/><V34/><F80/><W110/><G122/><T22/><D22/><U87/><E123/><V102/><F21/><W12/><G110/><T90/><AGARI ba="0,1" hai="40,41,42,47,51,52,60,65,68,84,85,88,89,90" machi="90" ten="30,12000,1" yaku="1,1,0,1,54,2,53,1" doraHai="100" doraHaiUra="50" who="0" fromWho="0" sc="240,130,250,-40,250,-40,250,-40" />
</Scene>
<Scene>
<INIT seed="0,1,0,5,5,110" ten="370,210,210,210" oya="0" hai0="79,119,125,6,64,2,133,30,76,15,37,84,135" hai1="105,44,134,67,10,95,127,103,60,48,33,90,5" hai2="57,36,53,65,131,117,114,109,83,24,20,96,34" hai3="111,28,123,82,14,112,129,31,40,38,32,94,13"/><T108/><D119/><U86/><E127/><V56/><F36/><W122/><G111/><T98/><D37/><U22/><E134/><V73/><F34/><W26/><G31/><T68/><D2/><U130/><E130/><V21/><F109/><W121/><G129/><T7/><D108/><U25/><E33/><V72/><F117/><W116/><G116/><T19/><D30/><U51/><E105/><V107/><F131/><W126/><G126/><T87/><D125/><U102/><E10/><V128/><F128/><W66/><G66/><T99/><D64/><U71/><E5/><V52/><F65/><W29/><G29/><T115/><D15/><U97/><E97/><V49/><F114/><W43/><G82/><T45/><D45/><U17/><REACH who="1" step="1"/><E51/><REACH who="1" ten="370,200,210,210" step="2"/><V69/><F49/><W85/><G121/><T58/><D98/><U1/><E1/><V118/><F96/><W11/><G122/><T18/><D99/><U63/><E63/><V132/><F107/><W61/><G123/><T59/><D68/><U104/><E104/><V39/><F132/><W0/><G61/><T75/><D75/><U27/><E27/><V62/><F24/><W4/><G38/><T113/><AGARI ba="1,1" hai="6,7,18,19,58,59,76,79,84,87,113,115,133,135" machi="113" ten="25,12000,1" yaku="0,1,22,2,52,2" doraHai="110" who="0" fromWho="0" sc="370,133,200,-41,210,-41,210,-41" />
</Scene>
<Scene>
<INIT seed="0,2,0,0,5,126" ten="503,159,169,169" oya="0" hai0="27,122,115,40,44,29,77,64,95,30,112,8,31" hai1="132,55,42,102,5,99,15,36,84,113,65,81,38" hai2="46,91,76,59,75,111,17,124,58,123,13,107,56" hai3="66,63,69,41,25,104,12,61,60,133,4,86,74"/><T121/><D77/><U93/><E132/><V114/><F107/><W87/><G74/><T106/><D106/><U90/><E113/><V88/><F111/><W20/><G133/><T100/><D64/><U21/><E65/><V51/><F114/><W2/><G2/><T129/><D27/><U10/><E42/><V96/><F124/><W67/><G104/><T78/><D78/><U128/><E128/><V54/><F123/><W37/><G61/><T19/><D115/><U127/><E127/><V73/><F96/><W0/><G0/><T117/><D117/><U22/><REACH who="1" step="1"/><E55/><REACH who="1" ten="503,149,169,169" step="2"/><V82/><REACH who="2" step="1"/><F75/><REACH who="2" ten="503,149,159,169" step="2"/><W49/><G69/><T116/><D112/><U24/><E24/><V62/><F62/><W39/><G60/><T52/><D121/><U118/><E118/><V57/><N who="2" m="14336" /><DORA hai="18" /><V105/><F105/><W108/><G25/><T80/><D122/><U16/><E16/><V135/><F135/><W34/><G63/><T47/><D19/><U134/><E134/><V14/><F14/><W26/><G12/><T72/><D72/><U43/><E43/><V110/><F110/><W94/><G41/><T28/><D116/><U70/><E70/><V50/><F50/><W97/><G26/><T89/><D40/><U7/><E7/><V11/><AGARI ba="2,2" hai="11,13,17,46,51,54,73,76,82,88,91" m="14336" machi="11" ten="40,8000,1" yaku="1,1,0,1,54,1,53,2" doraHai="126,18" doraHaiUra="120,85" who="2" fromWho="2" sc="503,-42,149,-22,159,106,169,-22" />
</Scene>
<Scene>
<INIT seed="1,0,0,1,3,115" ten="461,127,265,147" oya="1" hai0="74,118,23,72,114,81,38,79,44,30,89,59,107" hai1="63,60,50,134,92,131,104,19,73,48,102,124,109" hai2="16,11,132,128,84,117,6,77,126,94,47,27,45" hai3="22,54,18,53,105,123,56,3,37,71,111,29,65"/><U75/><E104/><V88/><F117/><W68/><G123/><T14/><D114/><U12/><E131/><V91/><F132/><W4/><G105/><T90/><D118/><U93/><E134/><V99/><F126/><W13/><G37/><T85/><D107/><U83/><E124/><V96/><F128/><W40/><G40/><T70/><D70/><U28/><E28/><V135/><F135/><W43/><G43/><T1/><D1/><U61/><E109/><V24/><F77/><W80/><G29/><T101/><D101/><U121/><E121/><V64/><F64/><W112/><G112/><T25/><D38/><U15/><E83/><V82/><F99/><W34/><G34/><T97/><D44/><N who="2" m="16970" /><F6/><W46/><G111/><T129/><D129/><U2/><E2/><V100/><F100/><W49/><G4/><T87/><D97/><U17/><E63/><V119/><F119/><W95/><G65/><T67/><D79/><U51/><E51/><V103/><F103/><AGARI ba="0,0" hai="12,15,17,19,48,50,60,61,73,75,92,93,102,103" machi="103" ten="25,2400,0" yaku="22,2" doraHai="115" who="1" fromWho="2" sc="461,0,127,24,265,-24,147,0" />
</Scene>
<Scene>
<INIT seed="1,1,0,0,3,18" ten="461,151,241,147" oya="1" hai0="100,78,36,118,1,84,127,29,53,123,106,116,119" hai1="71,23,126,37,111,46,50,101,90,131,25,91,22" hai2="55,62,67,68,51,49,32,12,65,72,110,121,128" hai3="130,93,94,26,69,120,95,2,56,82,70,57,42"/><U19/><E37/><V117/><F72/><W5/><G120/><T33/><D1/><U60/><E126/><V40/><F32/><W83/><G130/><T86/><D36/><U135/><E131/><V58/><F12/><W61/><G42/><T43/><D43/><U3/><E3/><V11/><F11/><W0/><G61/><T76/><D53/><U112/><E112/><V104/><F104/><W44/><G26/><T39/><D39/><U81/><E135/><V45/><F128/><W88/><G44/><T102/><D29/><U107/><E111/><V17/><F17/><W52/><G93/><T99/><D33/><U73/><E73/><V59/><F121/><W10/><G10/><T129/><D123/><U134/><E134/><V109/><F117/><W103/><G103/><N who="0" m="62847" /><D127/><U108/><E108/><N who="2" m="41579" /><F68/><W7/><REACH who="3" step="1"/><G52/><AGARI ba="1,0" hai="40,45,49,51,52,55,58,59,62,65,67" m="41579" machi="52" ten="30,7700,0" yaku="14,1,34,2,54,1" doraHai="18" who="2" fromWho="3" sc="461,0,151,0,241,80,147,-80" />
</Scene>
<Scene>
<INIT seed="2,0,0,4,0,72" ten="461,151,321,67" oya="2" hai0="26,3,95,102,75,98,43,115,35,59,27,21,128" hai1="134,92,125,64,12,105,50,119,116,51,8,65,110" hai2="0,79,73,120,62,112,77,132,106,86,1,11,93" hai3="80,122,18,127,53,54,99,30,96,16,85,42,124"/><V89/><F120/><W97/><G122/><T39/><D115/><U37/><E105/><V48/><F106/><W17/><G30/><T44/><D3/><U94/><E37/><V107/><F107/><W31/><G31/><T25/><D35/><U121/><E121/><V84/><F112/><W78/><REACH who="3" step="1"/><G42/><REACH who="3" ten="461,151,321,57" step="2"/><T63/><D128/><U38/><E119/><V28/><F132/><W123/><G123/><T6/><D43/><U36/><E116/><V7/><F0/><W58/><G58/><T23/><D59/><U100/><E134/><V49/><F1/><W9/><G9/><T71/><D71/><U40/><E8/><V109/><F11/><W117/><G117/><T135/><D135/><U76/><E40/><V60/><F109/><W2/><G2/><T32/><D44/><U56/><E56/><V133/><F28/><W118/><G118/><T5/><D32/><U55/><E110/><V10/><F133/><W4/><G4/><T46/><D6/><U114/><E114/><V67/><F10/><W47/><G47/><T131/><D5/><U41/><E41/><V68/><F7/><W34/><G34/><T126/><D46/><U104/><E38/><V69/><F68/><W24/><G24/><T29/><D26/><U61/><E36/><V103/><F69/><W82/><G82/><T130/><D39/><U81/><E81/><V45/><F45/><W90/><G90/><T74/><D29/><U22/><E12/><V101/><F89/><W91/><G91/><T113/><D27/><U20/><E20/><N who="0" m="7753" /><D25/><U14/><E22/><V83/><F83/><RYUUKYOKU ba="0,1" sc="461,-10,151,-10,321,-10,57,30" hai3="16,17,18,53,54,78,80,85,96,97,99,124,127" />
</Scene>
<Scene>
<INIT seed="3,1,1,5,0,65" ten="451,141,311,87" oya="3" hai0="98,112,17,111,125,63,61,55,116,7,0,50,66" hai1="67,127,15,102,40,45,52,47,28,74,114,11,108" hai2="5,30,101,113,16,90,126,20,95,89,41,21,103" hai3="134,100,37,84,13,83,58,78,76,59,124,99,12"/><W62/><G37/><T14/><D116/><U106/><E114/><V27/><F113/><W119/><G119/><T10/><D112/><U121/><E121/><V107/><F126/><W23/><G124/><T131/><D125/><U2/><E127/><V86/><F107/><W49/><G134/><T118/><D118/><U9/><E74/><V39/><F5/><W34/><G34/><T87/><D111/><U71/><E28/><V109/><F109/><W60/><G49/><T129/><D87/><U42/><E108/><V115/><F115/><W96/><G23/><N who="0" m="11703" /><D66/><U82/><E82/><V104/><F104/><W130/><G84/><T53/><D98/><U6/><E102/><V93/><F41/><W122/><G83/><T43/><D43/><U57/><E106/><V25/><F39/><W68/><G130/><N who="0" m="49675" /><D55/><U81/><E81/><V44/><F44/><AGARI ba="1,1" hai="0,7,10,44,50,53,61,63" m="49675,11703" machi="44" ten="30,1000,0" yaku="19,1" doraHai="65" who="0" fromWho="2" sc="451,23,141,0,311,-13,87,0" />
</Scene>
<Scene>
<INIT seed="4,0,0,3,0,29" ten="474,141,298,87" oya="0" hai0="114,40,93,133,81,46,91,51,7,8,79,66,30" hai1="4,131,124,126,60,77,106,36,21,33,62,103,74" hai2="90,28,70,52,125,13,105,98,35,86,102,67,22" hai3="96,42,65,53,44,69,101,10,5,73,129,41,47"/><T121/><D121/><U20/><E36/><V76/><F125/><N who="1" m="48233" /><E33/><V50/><F76/><W128/><G73/><T56/><D114/><U134/><E134/><V89/><F86/><W111/><G111/><T84/><D133/><U107/><E4/><V23/><F23/><N who="1" m="8777" /><E131/><N who="3" m="50250" /><G65/><T16/><D30/><U80/><E103/><V97/><F97/><W116/><G69/><T82/><D16/><U45/><E45/><N who="3" m="17482" /><G53/><T88/><D79/><U119/><E119/><V104/><F104/><AGARI ba="0,0" hai="60,62,74,77,80,104,106,107" m="8777,48233" machi="104" ten="30,1000,0" yaku="18,1" doraHai="29" who="1" fromWho="2" sc="474,0,141,10,298,-10,87,0" />
</Scene>
<Scene>
<INIT seed="5,0,0,2,5,11" ten="474,151,288,87" oya="1" hai0="13,26,51,121,47,12,50,34,35,105,134,70,20" hai1="57,31,22,135,61,79,72,92,85,2,38,43,84" hai2="133,49,86,118,37,4,122,130,69,81,66,41,110" hai3="8,101,76,115,32,103,29,124,116,83,97,10,28"/><U18/><E135/><V94/><F94/><W33/><G115/><T67/><D105/><U68/><E68/><V48/><F86/><W125/><G97/><T128/><D67/><U104/><E104/><V60/><F81/><W78/><REACH who="3" step="1"/><G83/><REACH who="3" ten="474,151,288,77" step="2"/><T77/><D134/><U71/><E72/><V62/><F133/><W112/><G112/><T63/><D121/><U108/><E85/><V39/><F122/><W102/><G102/><T80/><D80/><U119/><E84/><V1/><F110/><W120/><G120/><T87/><D87/><U59/><E108/><V95/><F118/><AGARI ba="0,1" hai="8,10,28,29,32,33,76,78,101,103,116,118,124,125" machi="118" ten="25,3200,0" yaku="1,1,22,2,53,0" doraHai="11" doraHaiUra="9" who="3" fromWho="2" sc="474,0,151,0,288,-32,77,42" />
</Scene>
<Scene>
<INIT seed="6,0,0,5,2,84" ten="474,151,256,119" oya="2" hai0="58,37,60,116,95,106,1,112,119,18,93,68,124" hai1="98,113,57,96,130,34,53,15,30,70,14,63,46" hai2="11,90,50,88,42,99,107,122,56,55,59,3,66" hai3="16,29,27,129,77,41,45,121,82,48,12,78,71"/><V81/><F122/><W39/><G121/><T89/><D106/><U25/><E113/><V76/><F42/><W38/><G71/><T5/><D68/><U94/><E130/><V19/><F107/><W49/><G129/><T10/><D37/><U73/><E73/><V110/><F99/><W33/><G39/><T4/><D112/><U135/><E135/><V134/><F134/><W114/><G114/><T133/><D133/><U127/><E127/><V123/><F123/><W103/><G103/><T101/><D124/><U105/><E70/><V32/><F32/><W7/><G7/><N who="0" m="1391" /><D18/><U111/><E111/><V21/><F110/><W118/><G118/><N who="0" m="45099" /><D95/><U43/><E105/><V0/><F0/><W36/><G36/><T52/><D101/><U40/><E98/><AGARI ba="0,0" hai="4,5,52,58,60,89,93,98" m="45099,1391" machi="98" ten="30,3900,0" yaku="12,1,52,1,54,1" doraHai="84" who="0" fromWho="1" sc="474,39,151,-39,256,0,119,0" />
</Scene>
<Scene>
<INIT seed="7,0,0,4,1,116" ten="513,112,256,119" oya="3" hai0="4,90,16,38,10,82,41,42,96,94,103,56,120" hai1="121,25,73,80,67,113,33,124,69,79,85,47,51" hai2="127,8,118,6,105,9,5,128,92,89,19,119,63" hai3="35,114,93,75,108,132,18,20,115,60,46,54,106"/><W52/><G106/><T7/><D120/><U65/><E121/><V98/><F105/><W40/><G35/><T28/><D28/><U71/><E113/><N who="3" m="43018" /><G75/><T1/><D38/><U30/><E124/><V0/><F128/><W32/><G32/><T53/><D16/><U62/><E73/><V2/><F127/><W131/><G131/><T133/><D133/><U86/><E86/><V112/><F112/><W57/><G132/><T110/><D110/><U34/><E34/><V36/><F36/><N who="3" m="21767" /><G93/><T45/><D45/><U48/><E47/><V129/><F129/><W3/><G3/><T66/><D66/><U50/><REACH who="1" step="1"/><E67/><REACH who="1" ten="513,102,256,119" step="2"/><V37/><F119/><W74/><G74/><T23/><D94/><U130/><E130/><V55/><F118/><W88/><G108/><T17/><D17/><U102/><E102/><V101/><F19/><W59/><G88/><T104/><D23/><U76/><E76/><V31/><F89/><W95/><G95/><T12/><D7/><U135/><E135/><V123/><F92/><W13/><G59/><AGARI ba="0,1" hai="25,30,33,48,50,51,59,62,65,69,71,79,80,85" machi="59" ten="40,2600,0" yaku="1,1,53,1" doraHai="116" doraHaiUra="58" who="1" fromWho="3" sc="513,0,102,36,256,0,119,-26" owari="513,61.0,138,-26.0,256,6.0,93,-41.0" />
</Scene>
</mjloggm>