<mjloggm ver="2.3"><GO type="169" lobby="0"/><UN n0="%E5%A4%AA%E3%81%8F%E3%81%AA%E3%81%84%E3%81%8A" n1="%33%33%62%6C%61%63%6B" n2="%E8%88%AC%E5%8D%93%E6%B0%91%E3%81%AE%E6%9C%9D%E3%81%AF%E6%97%A9%E3%81%84" n3="%30%30%73%61%69" dan="17,16,16,17" rate="2222.53,2135.85,2066.97,2136.68" sx="M,F,F,M"/><TAIKYOKU oya="0"/>

<Scene>
<INIT seed="0,0,0,4,3,50" ten="250,250,250,250" oya="0" hai0="59,90,9,38,68,108,129,134,76,48,111,109,101" hai1="51,45,7,37,91,71,87,106,124,30,53,52,64" hai2="103,14,55,12,89,39,88,16,54,25,74,41,2" hai3="21,107,0,98,66,10,63,24,1,84,65,33,86"/><T77/><D38/><U132/><E106/><V27/><F2/><W60/><G33/><T104/><D68/><U70/><E132/><V122/><F74/><W82/><G107/><T78/><D134/><U49/><E124/><V120/><F39/><W15/><G98/><N who="0" m="61495" /><D129/><U75/><E75/><V11/><F41/><W73/><G73/><T85/><D9/><U128/><E128/><V79/><F103/><W31/><G1/><T100/><D100/><U3/><E37/><V126/><F79/><W94/><G94/><N who="0" m="54607" /><D48/><U57/><E64/><N who="3" m="24682" /><G86/><T97/><D59/><U20/><E7/><V123/><F126/><W110/><G0/><T22/><D22/><U127/><E127/><V6/><F6/><W72/><G72/><T115/><D97/><U40/><E3/><V43/><F43/><W133/><G10/><T29/><D29/><U113/><E113/><AGARI ba="0,0" hai="76,77,78,108,109,111,113,115" m="54607,61495" machi="113" ten="40,12000,1" yaku="14,1,10,1,34,2" doraHai="50" who="0" fromWho="1" sc="250,120,250,-120,250,0,250,0" />
</Scene>
<Scene>
<INIT seed="0,1,0,2,5,81" ten="370,130,250,250" oya="0" hai0="58,126,131,84,8,135,93,87,88,76,25,121,4" hai1="38,3,82,31,47,96,37,111,10,108,65,72,55" hai2="34,42,60,86,23,54,5,14,18,124,32,115,51" hai3="114,59,127,27,52,53,97,33,103,83,89,123,71"/><T29/><D121/><U1/><E65/><V125/><F115/><W0/><G71/><T41/><D126/><U134/><E31/><V21/><F5/><W30/><G114/><T98/><D135/><U110/><E134/><V79/><F60/><W66/><G0/><T94/><D131/><U24/><E96/><V56/><F42/><W109/><G109/><T44/><D58/><U15/><E24/><V17/><F124/><W75/><G123/><T104/><D104/><U28/><E28/><V46/><F125/><W133/><G133/><T74/><D74/><U7/><E55/><V105/><F105/><W120/><G120/><T117/><D117/><U20/><E20/><V57/><F32/><W100/><G103/><T13/><D76/><N who="1" m="44295" /><E37/><V119/><F34/><W2/><G2/><T132/><D93/><U9/><E9/><V95/><F119/><W26/><G26/><T50/><D132/><U130/><E130/><V35/><F35/><AGARI ba="1,0" hai="4,8,13,25,29,35,41,44,50,84,87,88,94,98" machi="35" ten="30,11600,0" yaku="7,1,52,2,54,1" doraHai="81" who="0" fromWho="2" sc="370,119,130,0,250,-119,250,0" />
</Scene>
<Scene>
<INIT seed="0,2,0,1,5,43" ten="489,130,131,250" oya="0" hai0="97,130,116,59,88,24,23,102,39,35,3,7,110" hai1="128,6,118,15,134,27,63,19,52,18,104,49,57" hai2="89,76,50,107,21,82,25,51,93,129,117,94,96" hai3="13,115,26,127,60,87,8,91,73,79,36,42,12"/><T132/><D116/><U11/><E118/><V17/><F117/><W14/><G115/><T126/><D35/><U44/><E128/><V108/><F129/><W46/><G127/><T28/><D130/><U55/><E134/><V72/><F108/><W32/><G73/><T77/><D77/><U58/><E104/><V37/><F37/><W113/><G79/><T34/><D39/><U4/><E57/><V41/><F41/><W95/><G60/><T71/><D71/><U20/><AGARI ba="2,0" hai="4,6,11,15,18,19,20,27,44,49,52,55,58,63" machi="20" ten="30,7900,0" yaku="0,1,8,1,52,1,54,1" doraHai="43" who="1" fromWho="1" sc="489,-41,130,85,131,-22,250,-22" />
</Scene>
<Scene>
<INIT seed="1,0,0,1,4,109" ten="448,215,109,228" oya="1" hai0="19,129,103,126,63,41,47,116,51,61,88,62,39" hai1="56,81,130,115,75,26,87,55,48,31,52,69,29" hai2="60,97,65,35,59,53,70,123,124,79,90,121,15" hai3="133,0,1,118,9,71,80,16,50,95,30,99,122"/><U27/><E75/><V20/><F35/><W83/><G71/><T23/><D116/><U43/><E69/><V119/><F119/><W104/><G104/><T45/><D103/><U84/><E115/><V125/><F79/><W93/><G122/><T117/><D117/><U89/><E130/><V11/><F20/><W37/><G37/><T21/><D129/><U49/><E43/><V22/><F22/><W102/><G30/><N who="1" m="11274" /><E84/><V67/><F67/><W57/><G133/><T24/><D126/><N who="2" m="48746" /><F90/><W28/><G28/><T98/><D21/><U128/><E128/><V96/><F121/><W25/><G95/><N who="0" m="56679" /><D39/><U105/><E105/><V40/><F40/><W14/><G118/><T74/><D74/><U86/><E86/><V12/><F123/><W92/><G92/><T4/><D47/><AGARI ba="0,0" hai="26,27,47,48,49,52,55,56,81,87,89" m="11274" machi="47" ten="30,2900,0" yaku="8,1,54,1" doraHai="109" who="1" fromWho="0" sc="448,-29,215,29,109,0,228,0" />
</Scene>
<Scene>
<INIT seed="1,1,0,3,3,13" ten="419,244,109,228" oya="1" hai0="131,94,36,38,20,80,104,91,93,30,129,81,34" hai1="55,18,121,123,11,62,76,130,27,127,7,64,63" hai2="6,125,49,124,100,135,59,5,116,35,111,0,117" hai3="95,114,1,50,119,101,112,61,83,128,88,122,113"/><U57/><E130/><N who="0" m="49673" /><D104/><U33/><E127/><N who="2" m="48715" /><F35/><W8/><G122/><T78/><D34/><U41/><E41/><V66/><F111/><W53/><G61/><T75/><D81/><U37/><E37/><N who="0" m="14441" /><D91/><U105/><E105/><V134/><F100/><W87/><G119/><N who="2" m="45641" /><F66/><W82/><G101/><T45/><D45/><U43/><E76/><V98/><F98/><W15/><G1/><T70/><D70/><U29/><E43/><V132/><F0/><W65/><G65/><T73/><D73/><U16/><E121/><V133/><N who="2" m="34304" /><DORA hai="25" /><V68/><F68/><W44/><REACH who="3" step="1"/><G128/><REACH who="3" ten="419,244,109,218" step="2"/><T109/><D109/><U26/><E123/><V31/><F31/><W89/><G89/><T46/><D30/><U52/><E64/><V9/><F9/><W96/><G96/><T106/><D106/><U102/><E102/><V67/><F49/><W17/><AGARI ba="1,1" hai="8,15,17,44,50,53,82,83,87,88,95,112,113,114" machi="17" ten="30,7900,0" yaku="1,1,0,1,52,1,54,1,53,0" doraHai="13,25" doraHaiUra="71,3" who="3" fromWho="3" sc="419,-21,244,-40,109,-21,218,92" />
</Scene>
<Scene>
<INIT seed="2,0,0,0,4,133" ten="398,204,88,310" oya="2" hai0="125,30,28,33,17,87,7,39,122,120,96,80,114" hai1="21,69,48,108,22,123,97,99,12,107,24,52,103" hai2="49,15,10,126,66,37,2,68,6,19,11,3,23" hai3="127,13,70,86,71,63,16,109,43,81,110,111,57"/><V40/><F37/><W88/><G127/><T121/><D114/><U72/><E72/><V76/><F66/><N who="3" m="39279" /><G43/><T41/><D7/><U92/><E69/><V94/><F68/><W64/><G64/><T27/><D30/><U8/><E108/><V32/><F94/><W62/><G62/><T5/><D5/><U119/><E119/><V93/><F93/><W115/><G115/><T42/><D39/><U83/><E83/><V84/><F32/><W55/><G55/><T36/><D36/><U44/><E123/><V77/><F126/><W26/><G26/><T91/><D125/><U14/><E8/><AGARI ba="0,0" hai="8,13,16,70,71,81,86,88,109,110,111" m="39279" machi="8" ten="30,3900,0" yaku="14,1,54,2" doraHai="133" who="3" fromWho="1" sc="398,0,204,-39,88,0,310,39" />
</Scene>
<Scene>
<INIT seed="3,0,0,4,3,110" ten="398,165,88,349" oya="3" hai0="47,98,65,126,101,82,73,35,45,74,29,122,38" hai1="22,8,108,26,81,11,9,94,135,0,70,14,5" hai2="75,86,112,120,42,37,109,34,107,133,13,97,27" hai3="93,84,58,16,30,116,50,44,57,40,62,39,103"/><W49/><G116/><T125/><D122/><U123/><E70/><V91/><F91/><W105/><G105/><T102/><D65/><U100/><E123/><V115/><F86/><W79/><G30/><T10/><D10/><U52/><E108/><V119/><F97/><N who="3" m="59823" /><G39/><T87/><D29/><U23/><E135/><V99/><F13/><W60/><G50/><T24/><D24/><U130/><E130/><V2/><F27/><W25/><G60/><T76/><D35/><U121/><E121/><V88/><F88/><W104/><G104/><N who="0" m="63543" /><D102/><U64/><E100/><V128/><F99/><W68/><G68/><T55/><D55/><U18/><E81/><V92/><F92/><W117/><G62/><T129/><D129/><U31/><E94/><V69/><F42/><W96/><G96/><T111/><D111/><U77/><E77/><V134/><F134/><W15/><G25/><T113/><D38/><U17/><E64/><V28/><F28/><W41/><G41/><T36/><D36/><U33/><E52/><V19/><F19/><W51/><G49/><T132/><D132/><U43/><E43/><V118/><F118/><W61/><G61/><T1/><D47/><U53/><E53/><V59/><F59/><W4/><G117/><T78/><D45/><U56/><E56/><V127/><AGARI ba="0,0" hai="2,34,37,69,75,107,109,112,115,119,120,127,128,133" machi="127" ten="0,32000,5" yakuman="47" doraHai="110" who="2" fromWho="2" sc="398,-80,165,-80,88,320,349,-160" />
</Scene>
<Scene>
<INIT seed="4,0,0,5,4,52" ten="318,85,408,189" oya="0" hai0="96,25,73,61,2,36,132,41,12,40,92,54,33" hai1="111,82,117,133,100,60,88,43,75,48,1,74,81" hai2="51,130,89,106,99,44,125,80,122,69,45,19,105" hai3="56,119,101,16,42,116,95,103,72,94,57,20,59"/><T0/><D73/><U84/><E117/><V29/><F122/><W38/><G72/><T49/><D132/><U108/><E1/><V113/><F69/><W123/><G123/><T62/><D0/><U109/><E133/><V31/><F113/><W17/><G38/><T121/><D2/><U53/><E100/><N who="3" m="38474" /><G20/><T34/><D121/><U79/><E74/><V120/><F120/><W135/><G135/><T63/><D36/><U118/><E118/><N who="3" m="45098" /><G42/><T66/><D66/><U6/><E6/><V87/><F19/><AGARI ba="0,0" hai="16,17,19,56,57,59,94,95" m="45098,38474" machi="19" ten="40,12000,2" yaku="28,2,52,3,54,1" doraHai="52" who="3" fromWho="2" sc="318,0,85,0,408,-120,189,120" />
</Scene>
<Scene>
<INIT seed="5,0,0,3,4,9" ten="318,85,288,309" oya="1" hai0="72,48,75,56,102,10,98,118,38,25,96,91,32" hai1="77,129,63,58,8,135,55,43,21,4,26,121,70" hai2="85,107,1,44,88,103,5,15,92,18,16,80,39" hai3="34,76,13,19,110,131,41,61,29,12,46,7,87"/><U100/><E121/><V73/><F39/><W65/><G34/><T2/><D38/><U105/><E129/><V74/><F1/><W78/><G29/><T6/><D118/><U52/><E135/><V130/><F130/><W62/><G110/><T24/><D91/><U59/><E70/><V47/><F74/><W11/><G131/><T99/><D102/><U133/><E133/><V66/><F66/><W84/><G87/><T68/><D68/><U22/><E43/><V108/><F108/><W35/><G35/><T126/><D126/><U79/><E105/><V14/><F5/><W82/><G76/><T0/><D0/><U106/><E100/><V69/><F69/><W132/><G65/><T71/><D71/><U27/><E106/><V60/><F60/><W101/><G101/><T40/><D56/><U57/><E57/><V42/><F73/><W33/><G33/><T127/><D127/><U3/><E26/><V81/><F107/><W114/><G114/><T94/><D94/><U51/><REACH who="1" step="1"/><E21/><REACH who="1" ten="318,75,288,309" step="2"/><N who="2" m="11415" /><F42/><W93/><G132/><T120/><D120/><U95/><E95/><V86/><F103/><W36/><G93/><T109/><D109/><U124/><E124/><V50/><F92/><W64/><G64/><T67/><D67/><U31/><AGARI ba="0,1" hai="3,4,8,22,27,31,51,52,55,58,59,63,77,79" machi="31" ten="20,12000,1" yaku="1,1,0,1,7,1,54,1,53,1" doraHai="9" doraHaiUra="17" who="1" fromWho="1" sc="318,-40,75,130,288,-40,309,-40" />
</Scene>
<Scene>
<INIT seed="5,1,0,1,0,93" ten="278,205,248,269" oya="1" hai0="24,80,110,118,9,75,135,105,87,123,4,17,114" hai1="48,68,84,82,103,55,77,32,0,99,30,56,120" hai2="46,16,108,20,78,66,41,133,11,40,134,2,121" hai3="95,70,12,132,96,1,21,104,86,19,74,13,10"/><U73/><E120/><V69/><F121/><W58/><G70/><T59/><D123/><U8/><E68/><V125/><F108/><W112/><G74/><T25/><D110/><U115/><E115/><V45/><F125/><W35/><G35/><T33/><D75/><U124/><E124/><V28/><F28/><W26/><G1/><T31/><D118/><U126/><E126/><V39/><F78/><W129/><G104/><T89/><D114/><U5/><E32/><V100/><F100/><W50/><G86/><T22/><D135/><N who="2" m="51722" /><F2/><W49/><G129/><T51/><D105/><U34/><E34/><V38/><F11/><W88/><G112/><T65/><D51/><U83/><E30/><V85/><F85/><W53/><G132/><T92/><D59/><U23/><E23/><V6/><F6/><N who="3" m="3159" /><G13/><T127/><D65/><U90/><REACH who="1" step="1"/><E103/><REACH who="1" ten="278,195,248,269" step="2"/><V97/><F69/><W116/><G116/><T91/><D127/><U62/><E62/><AGARI ba="1,1" hai="19,21,26,49,50,53,58,62,88,95,96" m="3159" machi="62" ten="30,7700,0" yaku="25,1,8,1,52,1,54,1" doraHai="93" who="3" fromWho="1" sc="278,0,195,-80,248,0,269,90" />
</Scene>
<Scene>
<INIT seed="6,0,0,0,5,11" ten="278,115,248,359" oya="2" hai0="5,85,101,31,106,91,63,115,4,68,72,47,41" hai1="59,86,105,80,116,132,19,121,66,49,30,123,87" hai2="12,110,0,36,45,127,100,134,81,125,99,118,117" hai3="3,92,54,48,83,37,96,64,120,129,77,104,107"/><V97/><F0/><W124/><G37/><T15/><D72/><U22/><E116/><V1/><F1/><W122/><G3/><T111/><D111/><U57/><E132/><V70/><F70/><W82/><G64/><T103/><D115/><U40/><E105/><V16/><F134/><W98/><G54/><T135/><D135/><U60/><E30/><V126/><F110/><W27/><G27/><T102/><D106/><U21/><E21/><N who="2" m="11399" /><F81/><W8/><G83/><T9/><D31/><U38/><E38/><V93/><F99/><W52/><G96/><T133/><D133/><U56/><E40/><AGARI ba="0,0" hai="36,40,45,93,97,100,117,118,125,126,127" m="11399" machi="40" ten="30,5800,0" yaku="18,1,52,1,54,1" doraHai="11" who="2" fromWho="1" sc="278,0,115,-58,248,58,359,0" />
</Scene>
<Scene>
<INIT seed="6,1,0,1,4,28" ten="278,57,306,359" oya="2" hai0="61,90,121,88,50,102,80,35,125,37,100,97,67" hai1="81,49,47,101,21,93,65,122,25,17,42,64,92" hai2="91,95,26,77,16,94,45,116,14,103,59,58,123" hai3="75,0,68,114,110,131,15,87,52,51,118,89,60"/><V1/><F116/><W107/><G0/><T48/><D121/><U44/><E122/><V98/><F123/><W74/><G107/><T124/><D37/><U109/><E109/><V79/><F1/><W86/><G110/><T24/><D24/><U29/><E81/><V78/><F45/><W119/><G87/><N who="0" m="50279" /><D90/><U135/><E135/><V5/><F5/><W9/><G131/><T96/><D96/><U34/><E44/><V22/><F26/><W23/><G23/><T7/><D7/><U127/><E127/><N who="0" m="48713" /><D35/><U6/><E6/><V55/><F55/><W133/><G89/><T111/><D111/><U70/><E101/><N who="0" m="39017" /><D97/><AGARI ba="1,0" hai="14,16,22,58,59,77,78,79,91,94,95,97,98,103" machi="97" ten="40,3900,0" yaku="8,1,54,1" doraHai="28" who="2" fromWho="0" sc="278,-42,57,0,306,42,359,0" />
</Scene>
<Scene>
<INIT seed="6,2,0,1,3,111" ten="236,57,348,359" oya="2" hai0="106,7,76,48,123,10,88,125,52,84,113,24,14" hai1="12,94,101,3,34,65,50,83,29,127,109,119,97" hai2="135,28,6,44,51,62,122,57,30,81,103,102,98" hai3="37,15,46,68,87,4,5,86,56,114,16,105,96"/><V64/><F122/><W128/><G68/><T32/><D123/><U19/><E3/><V117/><F117/><W13/><G13/><T60/><D106/><U54/><E119/><V71/><F135/><W104/><G128/><T36/><D36/><U132/><E109/><V85/><F6/><W38/><G56/><T55/><D125/><U11/><E127/><V82/><F82/><W67/><G67/><T41/><D76/><U80/><E132/><V70/><F70/><W126/><G15/><T75/><D75/><U33/><E65/><V73/><F73/><W58/><G58/><T27/><D113/><U99/><E34/><V49/><F71/><W0/><G114/><T39/><D39/><U107/><E33/><V95/><F103/><W25/><G46/><N who="0" m="25679" /><D32/><U61/><E61/><V115/><F115/><W17/><G96/><T9/><D9/><U66/><E66/><V45/><F45/><W21/><G21/><T40/><D40/><U53/><E29/><N who="2" m="11371" /><F44/><W92/><G0/><T69/><D69/><U91/><REACH who="1" step="1"/><E54/><REACH who="1" ten="236,47,348,359" step="2"/><N who="0" m="20521" /><D60/><U1/><E1/><V130/><F130/><W100/><G126/><T124/><D124/><U120/><E120/><V22/><F22/><W129/><G129/><T31/><D31/><U72/><E72/><V8/><F8/><W116/><G116/><T35/><D35/><U20/><E20/><V108/><F108/><W78/><G38/><T77/><D77/><AGARI ba="2,1" hai="49,51,57,62,64,77,81,85,95,98,102" m="11371" machi="77" ten="30,1500,0" yaku="8,1" doraHai="111" who="2" fromWho="0" sc="236,-21,47,0,348,31,359,0" />
</Scene>
<Scene>
<INIT seed="6,3,0,2,4,119" ten="215,47,379,359" oya="2" hai0="72,62,35,65,109,40,53,122,47,13,77,32,85" hai1="51,5,37,68,71,106,12,97,120,91,98,11,117" hai2="1,8,112,17,82,76,19,69,114,24,44,94,108" hai3="23,39,21,26,95,124,55,16,88,14,0,128,100"/><V7/><F69/><W49/><G0/><T96/><D85/><U127/><E37/><V99/><F108/><W92/><G39/><N who="0" m="21919" /><D13/><U131/><E117/><V118/><F44/><W58/><G124/><T15/><D15/><U36/><E36/><V125/><F125/><W46/><G128/><T81/><D109/><U105/><E127/><V89/><F118/><W6/><G100/><T86/><D86/><U4/><E131/><V90/><F90/><W87/><G6/><T75/><D53/><U113/><E51/><V52/><F24/><W57/><G95/><T126/><D126/><U48/><E48/><V80/><F52/><W20/><G23/><T61/><D61/><U30/><E12/><V43/><F43/><W116/><G116/><T59/><D59/><U115/><E30/><AGARI ba="3,0" hai="14,16,20,21,26,30,46,49,55,57,58,87,88,92" machi="30" ten="30,7700,0" yaku="7,1,8,1,54,2" doraHai="119" who="3" fromWho="1" sc="215,0,47,-86,379,0,359,86" owari="215,-18.0,-39,-54.0,379,18.0,445,54.0" />
</Scene>
</mjloggm>