<mjloggm ver="2.3"><GO type="169" lobby="0"/><UN n0="%73%61%63%68%69%6F" n1="%E5%89%AF%E5%AF%AE%E9%95%B7" n2="%E7%9C%9F%E7%A9%BA%E3%83%95%E3%82%A7%E3%82%B9%E3%82%BF" n3="%E5%A4%AA%E3%81%8F%E3%81%AA%E3%81%84%E3%81%8A" dan="17,16,16,18" rate="2187.73,2107.10,2053.88,2156.99" sx="M,M,M,M"/><TAIKYOKU oya="0"/>

<Scene>
<INIT seed="0,0,0,2,0,53" ten="250,250,250,250" oya="0" hai0="55,80,102,8,83,61,30,28,12,56,108,9,29" hai1="106,107,100,60,71,115,118,31,85,3,124,103,1" hai2="36,77,135,72,19,133,95,122,81,66,44,129,112" hai3="15,86,78,82,43,93,7,27,24,45,125,89,90"/><T33/><D33/><U73/><E118/><V128/><F66/><W49/><G125/><T38/><D38/><U134/><E73/><V104/><F19/><W79/><G79/><T87/><D108/><U123/><E123/><V75/><F36/><W59/><G59/><T37/><D37/><U6/><E31/><V23/><F44/><W34/><G34/><T52/><D102/><U96/><E134/><N who="2" m="51211" /><F23/><W25/><REACH who="3" step="1"/><G93/><REACH who="3" ten="250,250,250,240" step="2"/><T121/><D121/><U105/><E124/><V74/><F122/><W67/><G67/><T97/><D97/><U4/><E96/><V126/><F126/><W13/><G13/><T21/><D83/><U101/><E115/><V131/><F104/><W117/><G117/><T39/><D39/><U10/><E105/><V51/><F51/><W94/><G94/><T14/><D55/><U48/><E48/><V22/><F22/><W120/><G120/><T42/><D42/><U127/><E127/><V98/><F112/><W114/><G114/><T109/><D109/><U70/><E106/><V18/><F18/><W35/><G35/><T113/><D113/><U88/><E107/><V64/><F64/><W57/><G57/><T40/><D40/><U132/><E132/><V65/><F65/><W46/><G46/><T76/><D14/><U54/><E71/><V119/><F119/><W130/><G130/><T20/><D9/><AGARI ba="0,1" hai="7,9,15,24,25,27,43,45,49,78,82,86,89,90" machi="9" ten="40,8000,1" yaku="1,1,25,2,8,1,53,0" doraHai="53" doraHaiUra="116" who="3" fromWho="0" sc="250,-80,250,0,250,0,240,90" />
</Scene>
<Scene>
<INIT seed="1,0,0,1,2,122" ten="170,250,250,330" oya="1" hai0="29,115,54,85,51,119,120,113,8,12,100,96,76" hai1="90,28,47,16,132,123,45,127,20,131,34,64,114" hai2="89,117,1,133,62,50,32,72,5,79,48,95,135" hai3="82,13,60,102,18,14,53,75,84,111,15,24,46"/><U118/><E123/><V70/><F32/><W69/><G75/><T110/><D120/><U23/><E118/><V67/><F117/><W7/><G7/><T25/><D119/><U106/><E114/><V22/><F22/><W108/><G102/><T17/><D115/><U112/><E112/><V86/><F79/><W88/><G46/><T27/><D113/><U40/><E127/><V129/><F72/><W33/><G53/><T73/><D73/><U42/><E131/><V103/><F103/><W126/><G126/><T11/><D11/><U61/><E132/><N who="2" m="50763" /><F129/><W68/><G60/><T58/><D29/><U93/><E106/><V98/><F98/><W130/><G130/><T81/><D110/><N who="3" m="42025" /><G18/><T57/><REACH who="0" step="1"/><D58/><REACH who="0" ten="160,250,250,330" step="2"/><U71/><E28/><AGARI ba="0,1" hai="13,14,15,24,28,33,68,69,82,84,88" m="42025" machi="28" ten="30,8000,1" yaku="14,1,52,3,54,1" doraHai="122" who="3" fromWho="1" sc="160,0,250,-80,250,0,330,90" />
</Scene>
<Scene>
<INIT seed="2,0,0,4,4,15" ten="160,170,250,420" oya="2" hai0="129,53,41,44,24,21,50,86,56,94,124,126,13" hai1="89,135,132,38,68,32,91,98,96,46,131,45,111" hai2="61,55,107,115,18,83,31,101,79,62,75,119,65" hai3="81,128,85,43,25,40,23,20,67,28,5,95,122"/><V66/><F119/><W133/><G122/><T118/><D129/><U52/><E32/><V110/><F115/><W54/><G128/><T14/><D118/><U100/><E131/><V42/><F42/><W2/><G133/><N who="1" m="51274" /><E68/><V0/><F0/><W74/><G74/><T71/><D71/><U88/><E111/><V16/><F31/><W70/><G2/><T3/><D3/><U26/><E26/><V4/><F4/><W69/><G5/><T11/><D11/><U108/><E108/><V39/><F39/><W76/><G69/><T35/><D35/><U30/><E30/><V97/><F110/><W104/><G104/><T123/><D123/><U121/><E121/><V47/><F61/><W12/><G67/><T80/><D94/><U87/><E87/><V112/><F112/><W116/><G70/><T6/><D6/><U34/><E34/><V1/><F1/><W93/><G54/><T7/><D7/><U17/><E17/><V9/><F9/><W57/><G116/><T29/><D126/><U59/><E38/><V72/><F72/><W19/><G57/><T120/><D124/><U106/><E98/><V77/><F77/><W22/><G22/><T48/><D120/><U78/><E78/><AGARI ba="0,0" hai="13,14,21,24,29,41,44,48,50,53,56,78,80,86" machi="78" ten="30,2000,0" yaku="7,1,8,1" doraHai="15" who="0" fromWho="1" sc="160,20,170,-20,250,0,420,0" />
</Scene>
<Scene>
<INIT seed="3,0,0,4,0,43" ten="180,150,250,420" oya="3" hai0="112,128,130,56,83,29,54,81,51,39,129,47,88" hai1="26,134,67,50,40,32,126,59,66,57,104,24,133" hai2="107,94,80,63,87,27,79,42,109,84,41,25,21" hai3="90,13,91,118,71,114,99,58,123,68,28,113,37"/><W35/><G118/><T0/><D0/><U106/><E40/><V78/><F107/><W55/><G37/><T132/><D132/><U117/><E32/><V1/><F1/><W116/><G116/><T31/><D112/><U12/><E117/><V2/><F2/><W70/><G123/><T131/><N who="0" m="32768" /><DORA hai="69" /><T72/><D83/><U74/><E50/><V105/><F105/><W46/><G13/><T48/><D39/><U89/><E12/><V95/><F109/><W19/><G19/><T111/><D111/><U7/><E7/><V127/><F63/><W52/><G28/><T8/><D8/><U38/><E74/><V4/><F4/><W120/><G35/><T82/><D82/><U97/><E97/><V61/><F61/><W85/><G99/><T121/><D121/><U53/><E38/><V110/><F80/><W119/><G119/><T6/><D6/><U15/><E15/><V76/><F110/><W62/><G120/><T86/><D72/><U3/><E3/><V36/><F36/><W101/><G101/><T23/><D23/><U34/><E34/><V135/><F76/><W65/><G113/><T49/><D49/><U92/><E92/><V96/><F96/><W125/><G114/><T45/><D56/><U103/><E103/><V122/><F122/><W124/><G58/><T108/><D108/><U100/><E100/><V64/><F21/><W33/><G33/><T22/><D22/><U18/><E18/><V115/><F115/><W44/><G70/><T102/><D102/><U11/><E134/><V73/><F135/><W17/><G71/><RYUUKYOKU ba="0,0" sc="180,30,150,-10,250,-10,420,-10" hai0="29,31,45,47,48,51,54,81,86,88" />
</Scene>
<Scene>
<INIT seed="4,1,0,4,3,114" ten="210,140,240,410" oya="0" hai0="87,127,37,117,14,65,24,106,4,0,80,92,98" hai1="61,75,35,28,77,108,104,53,116,130,94,70,134" hai2="113,93,97,15,126,123,78,121,25,12,96,60,128" hai3="74,40,66,71,110,16,8,63,45,62,56,58,122"/><T17/><D37/><U86/><E104/><V34/><F113/><W103/><G74/><T72/><D72/><U19/><E108/><V46/><F78/><W9/><G110/><T42/><D0/><U5/><E130/><V43/><F128/><W21/><G103/><T83/><D106/><U118/><E134/><V3/><F3/><W50/><G122/><T85/><D127/><U107/><E107/><V39/><F126/><W68/><G68/><T29/><D4/><U105/><E105/><V18/><F60/><W2/><G2/><T1/><D1/><U32/><E5/><V100/><F97/><W91/><G91/><N who="0" m="55583" /><D117/><U44/><E19/><V33/><F12/><N who="3" m="9351" /><G71/><T11/><D42/><U69/><E69/><V95/><F95/><W38/><G38/><T47/><D47/><U23/><E23/><V129/><F129/><W41/><G41/><T59/><D59/><U22/><E22/><V79/><F79/><W111/><G111/><T131/><D131/><U30/><E35/><V64/><F64/><AGARI ba="1,0" hai="8,9,40,45,50,56,58,62,63,64,66" m="9351" machi="64" ten="30,2000,0" yaku="8,1,54,1" doraHai="114" who="3" fromWho="2" sc="210,0,140,0,240,-23,410,23" />
</Scene>
<Scene>
<INIT seed="5,0,0,3,3,30" ten="210,140,217,433" oya="1" hai0="86,61,33,93,24,70,60,85,112,38,109,128,16" hai1="8,52,77,131,117,46,132,62,78,49,11,90,73" hai2="43,53,26,13,7,116,64,63,127,94,58,67,89" hai3="20,47,125,9,31,29,118,4,55,32,80,44,59"/><U100/><E117/><V108/><F108/><W42/><G32/><T66/><D109/><U84/><E131/><V113/><F116/><W23/><G118/><T102/><D128/><U81/><E132/><V135/><F135/><W36/><G125/><T103/><D38/><U122/><E122/><V123/><F123/><W35/><G47/><T19/><D112/><U105/><E62/><V120/><F120/><W99/><G99/><T57/><D86/><U98/><REACH who="1" step="1"/><E78/><REACH who="1" ten="210,130,217,433" step="2"/><V124/><F113/><W28/><G35/><T51/><D61/><U96/><E96/><N who="2" m="57423" /><F124/><W27/><G80/><AGARI ba="0,1" hai="8,11,46,49,52,73,77,80,81,84,90,98,100,105" machi="80" ten="30,5800,0" yaku="1,1,7,1,54,1,53,0" doraHai="30" doraHaiUra="18" who="1" fromWho="3" sc="210,0,130,68,217,0,433,-58" />
</Scene>
<Scene>
<INIT seed="5,1,0,0,2,20" ten="210,198,217,375" oya="1" hai0="82,26,129,37,100,113,120,116,9,4,35,92,125" hai1="112,45,32,73,52,48,103,102,31,49,6,85,111" hai2="114,41,18,69,131,104,15,7,28,99,64,36,33" hai3="67,61,101,51,83,55,105,25,89,50,23,93,2"/><U46/><E73/><V124/><F7/><W17/><G2/><T38/><D116/><U130/><E111/><V135/><F131/><W16/><G105/><T110/><D110/><U40/><E130/><V57/><F57/><N who="3" m="37295" /><G101/><T77/><D129/><U65/><E112/><V121/><F121/><W107/><G107/><T68/><D113/><U106/><E65/><V63/><F114/><W72/><G83/><T91/><D100/><U115/><E115/><V24/><F135/><W108/><G72/><T96/><D68/><U84/><E6/><V66/><F66/><W86/><G108/><T118/><D118/><U134/><E134/><V39/><F41/><W27/><G51/><T3/><D125/><U53/><E40/><V117/><F124/><W78/><G78/><T30/><REACH who="0" step="1"/><D120/><REACH who="0" ten="200,198,217,375" step="2"/><U128/><E128/><V21/><F117/><W71/><G71/><T5/><D5/><U11/><E106/><V132/><F132/><W54/><G50/><T10/><D10/><U62/><E11/><V70/><F69/><W13/><G17/><T88/><D88/><U42/><E62/><V75/><F75/><AGARI ba="1,1" hai="3,4,9,26,30,35,37,38,75,77,82,91,92,96" machi="75" ten="30,3900,0" yaku="1,1,7,1,52,1,53,0" doraHai="20" doraHaiUra="98" who="0" fromWho="2" sc="200,52,198,0,217,-42,375,0" />
</Scene>
<Scene>
<INIT seed="6,0,0,2,5,34" ten="252,198,175,375" oya="2" hai0="53,40,104,105,130,59,14,50,7,99,36,22,94" hai1="73,112,85,10,20,18,72,2,135,102,127,3,110" hai2="133,78,126,15,42,132,65,38,32,114,49,64,44" hai3="101,120,90,58,39,55,89,43,25,121,92,5,95"/><V1/><F32/><W111/><G111/><T82/><D130/><U124/><E110/><V16/><F78/><W47/><G101/><T84/><D36/><U4/><E112/><V96/><F114/><W60/><G5/><T27/><D105/><U66/><E135/><N who="2" m="51787" /><F96/><W52/><G25/><T97/><D104/><U9/><E66/><N who="2" m="25707" /><F126/><N who="1" m="48169" /><E102/><V26/><F26/><W129/><G129/><T87/><D40/><U122/><E122/><V12/><F12/><W81/><G81/><T118/><D118/><U61/><E61/><V134/><N who="2" m="51795" /><V119/><DORA hai="67" /><F119/><W56/><G95/><T93/><D93/><U69/><E69/><V103/><F103/><W63/><G90/><N who="0" m="53599" /><D7/><N who="1" m="1271" /><E85/><AGARI ba="0,0" hai="39,43,47,52,55,56,58,60,63,85,89,92,120,121" machi="85" ten="30,3900,0" yaku="7,1,9,1,54,1" doraHai="34,67" who="3" fromWho="1" sc="252,0,198,-39,175,0,375,39" />
</Scene>
<Scene>
<INIT seed="7,0,0,4,4,88" ten="252,159,175,414" oya="3" hai0="69,17,49,75,34,117,66,11,76,70,7,4,126" hai1="31,114,80,77,56,115,30,27,8,105,112,128,123" hai2="100,45,18,90,51,79,32,86,29,47,106,82,37" hai3="132,81,1,53,94,72,97,74,25,44,43,134,113"/><W109/><G113/><N who="1" m="28930" /><U73/><DORA hai="103" /><E123/><V9/><F37/><W107/><G107/><T122/><D122/><U104/><E128/><V16/><F45/><W125/><G1/><T131/><D131/><U39/><E39/><V87/><F29/><N who="1" m="10761" /><E27/><V35/><F100/><N who="3" m="60471" /><G125/><T85/><D126/><U108/><E108/><V64/><F64/><W55/><G25/><T2/><D66/><U133/><E133/><V95/><F106/><N who="1" m="41065" /><E56/><V102/><F102/><W121/><G109/><T116/><D116/><U98/><E98/><V130/><F130/><W33/><G121/><T59/><D117/><U24/><E24/><V71/><F71/><W96/><G96/><T5/><D59/><U0/><E8/><V89/><F79/><W119/><G132/><T15/><D69/><U99/><E99/><V20/><F9/><W61/><G134/><T101/><D70/><U23/><E23/><V54/><F18/><W50/><G119/><T129/><D17/><U110/><E110/><V67/><F67/><W120/><G120/><T14/><D11/><U48/><E48/><V42/><F42/><W52/><G43/><T21/><D49/><U84/><E0/><V118/><F118/><W3/><G3/><T22/><D2/><U28/><N who="1" m="10769" /><U111/><DORA hai="83" /><E111/><V38/><F38/><W58/><G50/><T60/><D129/><U36/><E36/><V41/><F41/><W63/><G58/><T13/><D13/><AGARI ba="0,0" hai="13,16,20,32,35,47,51,54,82,86,87,89,90,95" machi="13" ten="30,8000,1" yaku="7,1,52,3,54,1" doraHai="88,103,83" who="2" fromWho="0" sc="252,-80,159,0,175,80,414,0" owari="172,-23.0,159,-34.0,255,6.0,414,51.0" />
</Scene>
</mjloggm>