<mjloggm ver="2.3"><GO type="169" lobby="0"/><UN n0="%E5%A4%AA%E3%81%8F%E3%81%AA%E3%81%84%E3%81%8A" n1="%E7%8A%AC%E4%BE%8D" n2="%E9%BB%92%E7%8C%AB%EF%BC%BE%EF%BC%8D%EF%BC%BE" n3="%E3%81%8B%E3%81%AB%E3%83%9E%E3%82%B8%E3%83%B3" dan="17,16,16,18" rate="2179.07,2139.48,2055.31,2242.92" sx="M,M,M,M"/><TAIKYOKU oya="0"/>

<Scene>
<INIT seed="0,0,0,4,4,54" ten="250,250,250,250" oya="0" hai0="65,57,110,13,90,25,21,19,47,86,85,51,45" hai1="88,114,104,31,44,117,28,29,53,17,113,98,39" hai2="59,6,132,127,5,124,73,74,50,2,81,16,23" hai3="62,100,112,37,27,115,58,102,49,30,48,18,78"/><T71/><D71/><U63/><E117/><V52/><F132/><W72/><G37/><T11/><D110/><U119/><E119/><V103/><F103/><W24/><G78/><T61/><D90/><U68/><E104/><V1/><F6/><W46/><G72/><T134/><D134/><U67/><E17/><V116/><F116/><W121/><G121/><T107/><D107/><U43/><REACH who="1" step="1"/><E53/><REACH who="1" ten="250,240,250,250" step="2"/><V10/><F1/><W4/><G18/><N who="0" m="12471" /><D45/><U84/><E84/><V32/><F32/><W7/><G46/><T66/><D66/><U34/><E34/><V42/><F42/><AGARI ba="0,1" hai="11,13,19,42,47,51,57,61,65,85,86" m="12471" machi="42" ten="30,2900,0" yaku="8,1,52,1" doraHai="54" who="0" fromWho="2" sc="250,39,240,0,250,-29,250,0" />
</Scene>
<Scene>
<INIT seed="0,1,0,1,5,17" ten="289,240,221,250" oya="0" hai0="109,34,115,95,9,54,4,11,72,84,18,59,75" hai1="81,134,10,20,6,66,41,39,19,118,7,65,78" hai2="103,130,22,56,49,32,36,40,68,64,50,35,88" hai3="100,123,28,47,79,37,30,125,132,80,46,82,120"/><T63/><D115/><U13/><E118/><V99/><F130/><W97/><G125/><T5/><D34/><U122/><E122/><N who="3" m="46634" /><G132/><T62/><D109/><U60/><E134/><V69/><F36/><W12/><G12/><T21/><D75/><U89/><E89/><V1/><F1/><W110/><G110/><T42/><D72/><U102/><E102/><V106/><F35/><W3/><G3/><T73/><D73/><U77/><E7/><N who="0" m="2633" /><D42/><U58/><E66/><V61/><F32/><W90/><G90/><N who="0" m="53703" /><D63/><U114/><E114/><V116/><F116/><W23/><G37/><T92/><D92/><U86/><E78/><V15/><F40/><W98/><G79/><T24/><AGARI ba="1,0" hai="9,11,18,21,24,54,59,62" m="53703,2633" machi="24" ten="30,3000,0" yaku="8,1,52,1" doraHai="17" who="0" fromWho="0" sc="289,33,240,-11,221,-11,250,-11" />
</Scene>
<Scene>
<INIT seed="0,2,0,2,4,29" ten="322,229,210,239" oya="0" hai0="50,46,76,82,44,87,37,26,77,21,124,66,118" hai1="47,85,49,107,81,98,31,38,60,15,125,131,130" hai2="61,13,43,1,23,75,117,33,32,86,18,67,40" hai3="79,30,48,133,69,134,12,34,11,106,42,126,65"/><T57/><D118/><U102/><E125/><V105/><F75/><W109/><G126/><T54/><D124/><U19/><E38/><V116/><F1/><W7/><G106/><T17/><D37/><U0/><E0/><V123/><F123/><W36/><G36/><T62/><REACH who="0" step="1"/><D77/><REACH who="0" ten="312,229,210,239" step="2"/><U115/><E115/><V80/><F105/><W110/><G79/><T94/><D94/><U63/><E131/><V97/><F117/><W129/><G129/><T73/><D73/><U52/><E130/><V53/><F116/><W5/><G134/><T121/><D121/><U45/><E31/><V96/><F96/><W70/><G30/><T103/><D103/><U51/><E81/><V108/><F97/><W68/><G133/><T114/><D114/><U41/><REACH who="1" step="1"/><E85/><REACH who="1" ten="312,219,210,239" step="2"/><V2/><F80/><W27/><G110/><T22/><D22/><AGARI ba="2,2" hai="15,19,22,41,45,47,49,51,52,60,63,98,102,107" machi="22" ten="30,7700,0" yaku="1,1,2,1,7,1,54,1,53,0" doraHai="29" doraHaiUra="112" who="1" fromWho="0" sc="312,-83,219,103,210,0,239,0" />
</Scene>
<Scene>
<INIT seed="1,0,0,2,2,76" ten="229,322,210,239" oya="1" hai0="44,63,55,82,90,108,107,3,29,88,9,75,36" hai1="45,25,71,122,10,81,117,133,127,67,59,70,49" hai2="80,113,110,120,37,19,92,31,106,18,95,116,12" hai3="89,79,115,47,86,123,41,103,66,38,40,30,119"/><U7/><E117/><V24/><F106/><W6/><G115/><T13/><D107/><U111/><E122/><V121/><F37/><W8/><G123/><T39/><D3/><U129/><E127/><V5/><F116/><W118/><G41/><T101/><D101/><U22/><E129/><V85/><F110/><W114/><G114/><T97/><D108/><U135/><E111/><V126/><F113/><W14/><G103/><T43/><D29/><U52/><E81/><V64/><F64/><W26/><G79/><T4/><D39/><U2/><E67/><V99/><F126/><W32/><REACH who="3" step="1"/><G66/><REACH who="3" ten="229,322,210,229" step="2"/><T94/><D75/><U104/><E104/><V87/><F121/><W124/><G124/><T93/><D55/><U42/><E135/><V53/><F53/><W102/><G102/><T51/><D36/><U20/><E133/><V60/><F120/><W134/><G134/><T74/><D74/><U78/><E78/><V109/><F109/><W1/><G1/><T54/><D43/><U15/><E2/><V132/><F132/><W68/><G68/><T21/><D54/><U69/><REACH who="1" step="1"/><E25/><REACH who="1" ten="229,312,210,229" step="2"/><V73/><F24/><W58/><G58/><T130/><D130/><U35/><E35/><V125/><F125/><W77/><G77/><T28/><D44/><U72/><E72/><V11/><F73/><W96/><G96/><T48/><D97/><U23/><E23/><V112/><F99/><W56/><G56/><T65/><D65/><U84/><E84/><V128/><F112/><W16/><G16/><T17/><D17/><U33/><E33/><V46/><F128/><RYUUKYOKU ba="0,2" sc="229,-15,312,15,210,-15,229,15" hai1="7,10,15,20,22,42,45,49,52,59,69,70,71" hai3="6,8,14,26,30,32,38,40,47,86,89,118,119" />
</Scene>
<Scene>
<INIT seed="1,1,2,3,2,109" ten="214,327,195,244" oya="1" hai0="81,94,114,51,112,4,78,61,44,25,92,38,52" hai1="22,98,37,46,20,99,133,42,110,1,126,96,128" hai2="5,34,6,113,27,103,68,86,70,14,71,11,17" hai3="26,134,76,57,16,72,2,87,19,33,56,45,102"/><U111/><E1/><V77/><F103/><W55/><G72/><T0/><D38/><U84/><E126/><V59/><F59/><W48/><G2/><T10/><D25/><U100/><E128/><V12/><F14/><W123/><G123/><T131/><D131/><U40/><E100/><V66/><F66/><W89/><G134/><T58/><D92/><U82/><E42/><V30/><F77/><W8/><G76/><T63/><D94/><U7/><E7/><V28/><F86/><W24/><G102/><T80/><D63/><U75/><E75/><V39/><F39/><W23/><G33/><T53/><D80/><U135/><E20/><V35/><REACH who="2" step="1"/><F113/><REACH who="2" ten="214,327,185,244" step="2"/><W9/><G56/><T13/><D0/><U64/><E64/><V116/><F116/><W65/><G57/><T97/><D97/><U50/><E37/><V62/><F62/><W49/><G65/><T36/><D36/><U130/><E130/><V108/><F108/><N who="1" m="41513" /><E22/><V120/><F120/><W104/><G48/><T43/><REACH who="0" step="1"/><D53/><REACH who="0" ten="204,327,185,244" step="2"/><U132/><E99/><V121/><F121/><W47/><G55/><T60/><D60/><U29/><E98/><V90/><F90/><W15/><G89/><T67/><D67/><U88/><E96/><V105/><F105/><W122/><G104/><T93/><D93/><U73/><E73/><AGARI ba="1,4" hai="4,10,13,43,44,51,52,58,61,73,78,81,112,114" machi="73" ten="30,12000,2" yaku="1,1,7,1,52,2,54,1,53,1" doraHai="109" doraHaiUra="107" who="0" fromWho="1" sc="204,163,327,-123,185,0,244,0" />
</Scene>
<Scene>
<INIT seed="2,0,0,0,1,53" ten="367,204,185,244" oya="2" hai0="36,6,101,129,72,57,85,93,24,40,7,17,31" hai1="134,45,38,2,91,113,28,49,86,75,109,106,0" hai2="81,127,64,90,9,70,96,115,42,60,88,8,122" hai3="18,78,19,43,68,95,12,124,71,65,87,47,103"/><V39/><F122/><W67/><G124/><T131/><D72/><U55/><E113/><V59/><F115/><W15/><G78/><T10/><D36/><U48/><E109/><V69/><F127/><W34/><G34/><T25/><D40/><U92/><E106/><V121/><F121/><W73/><G73/><T22/><D101/><U82/><E134/><V130/><F130/><N who="0" m="49674" /><D93/><U30/><E38/><V80/><F39/><W14/><G68/><T35/><D85/><U116/><E116/><V114/><F114/><W133/><G133/><T107/><D107/><U76/><E2/><V50/><F70/><W125/><G125/><T5/><D57/><U29/><E0/><AGARI ba="0,0" hai="0,5,6,7,10,17,22,24,25,31,35" m="49674" machi="0" ten="30,3900,0" yaku="19,1,34,2" doraHai="53" who="0" fromWho="1" sc="367,39,204,-39,185,0,244,0" />
</Scene>
<Scene>
<INIT seed="3,0,0,0,2,109" ten="406,165,185,244" oya="3" hai0="1,69,120,108,52,46,77,41,2,107,6,86,4" hai1="82,73,5,65,124,47,110,45,61,29,10,101,44" hai2="28,57,90,7,30,58,42,18,68,36,91,74,56" hai3="51,8,48,88,113,12,15,43,106,96,59,92,102"/><W11/><G43/><T128/><D69/><U37/><E37/><V127/><F68/><W63/><G113/><T103/><D120/><U81/><E110/><V123/><F123/><W117/><G117/><T100/><D108/><U66/><E124/><V134/><F127/><W32/><G32/><T22/><D128/><U70/><E66/><V50/><F36/><W132/><G132/><T17/><D2/><U129/><E129/><V60/><F134/><W38/><G38/><T89/><D77/><U39/><E101/><N who="0" m="38985" /><D1/><U114/><E29/><V126/><F126/><W25/><G25/><N who="0" m="14543" /><D41/><U116/><E116/><V3/><F74/><W71/><G71/><T133/><D107/><U131/><E131/><V87/><F3/><W34/><G34/><T121/><D133/><U95/><E95/><V79/><F42/><W75/><G75/><T9/><D9/><N who="3" m="3657" /><G102/><T99/><D99/><U26/><E39/><V19/><F7/><W85/><G96/><T27/><D27/><U93/><E26/><V104/><F104/><W31/><G31/><T13/><D13/><N who="3" m="5193" /><G106/><T54/><D121/><U94/><E73/><V40/><F30/><W55/><AGARI ba="0,0" hai="48,51,55,59,63,85,88,92" m="5193,3657" machi="55" ten="30,3000,0" yaku="8,1,54,1" doraHai="109" who="3" fromWho="3" sc="406,-10,165,-10,185,-10,244,30" />
</Scene>
<Scene>
<INIT seed="3,1,0,4,3,58" ten="396,155,175,274" oya="3" hai0="125,112,41,70,46,40,11,128,108,97,8,130,69" hai1="27,87,19,66,38,24,77,72,126,117,101,65,5" hai2="71,36,82,109,23,56,12,18,43,110,60,62,37" hai3="118,119,49,30,115,123,13,42,21,113,22,55,91"/><W94/><G123/><T4/><D108/><N who="2" m="41578" /><F43/><N who="0" m="16458" /><D46/><U16/><E38/><N who="2" m="14955" /><F71/><N who="0" m="27146" /><D97/><U95/><E72/><V121/><F121/><W44/><G42/><T102/><D102/><U76/><E5/><V79/><F56/><W47/><G47/><T14/><D8/><U133/><E117/><V93/><F93/><W50/><G50/><T104/><D104/><U54/><E54/><V86/><AGARI ba="1,0" hai="12,18,23,60,62,79,82,86" m="14955,41578" machi="86" ten="30,4000,0" yaku="14,1,52,2" doraHai="58" who="2" fromWho="2" sc="396,-11,155,-11,175,43,274,-21" />
</Scene>
<Scene>
<INIT seed="4,0,0,5,5,45" ten="385,144,218,253" oya="0" hai0="32,58,82,14,27,102,94,56,66,12,96,84,59" hai1="111,98,20,77,106,88,50,53,64,2,73,33,38" hai2="80,28,19,55,39,9,105,118,3,112,23,131,107" hai3="132,11,63,113,75,31,13,69,127,79,76,16,1"/><T52/><D66/><U72/><E33/><V120/><F28/><W49/><G127/><T85/><D32/><U44/><E111/><V115/><F80/><W81/><G79/><T35/><D35/><U123/><E2/><V108/><F108/><W91/><G31/><T5/><D27/><U26/><E123/><V17/><F39/><W22/><G132/><T86/><D5/><U61/><E38/><V46/><F120/><W21/><G113/><N who="2" m="43593" /><F131/><W90/><G1/><T70/><D70/><U99/><E106/><N who="2" m="40459" /><F23/><W103/><G103/><T119/><D119/><U36/><E36/><V89/><F89/><W78/><G78/><T37/><D82/><U117/><E117/><V114/><F114/><W54/><G21/><T87/><D37/><U0/><E0/><V43/><F55/><W126/><G22/><T51/><D86/><U8/><E8/><V62/><F62/><W110/><G110/><T104/><D104/><U130/><E130/><V124/><F124/><W7/><G126/><T92/><D92/><U67/><E77/><V57/><F57/><AGARI ba="0,0" hai="12,14,51,52,56,57,58,59,84,85,87,94,96,102" machi="57" ten="40,7700,0" yaku="8,1,52,1,54,1" doraHai="45" who="0" fromWho="2" sc="385,77,144,0,218,-77,253,0" />
</Scene>
<Scene>
<INIT seed="4,1,0,4,2,133" ten="462,144,141,253" oya="0" hai0="60,116,128,30,59,94,0,119,109,123,67,35,6" hai1="113,68,96,41,129,72,20,29,104,130,43,106,21" hai2="127,102,24,70,117,131,48,42,25,2,33,63,86" hai3="52,54,91,1,39,80,8,74,18,56,82,36,61"/><T7/><D123/><U57/><E68/><V85/><F48/><W40/><G54/><T79/><D79/><U55/><E72/><V23/><F23/><W89/><G40/><T32/><D94/><U37/><E113/><V121/><F42/><W11/><G18/><T49/><D49/><U53/><E96/><V114/><F102/><W19/><G19/><T88/><D88/><U17/><E57/><V126/><F2/><W110/><G110/><T92/><D92/><U31/><E17/><V132/><F121/><W75/><G52/><T50/><D50/><U90/><E90/><V95/><F114/><W65/><G56/><T38/><D38/><AGARI ba="1,0" hai="20,21,29,31,37,38,41,43,53,55,104,106,129,130" machi="38" ten="25,1600,0" yaku="22,2" doraHai="133" who="1" fromWho="0" sc="462,-19,144,19,141,0,253,0" />
</Scene>
<Scene>
<INIT seed="5,0,0,1,1,60" ten="443,163,141,253" oya="1" hai0="91,87,100,118,98,57,124,17,39,41,9,92,80" hai1="96,32,56,130,27,7,112,48,126,95,59,122,25" hai2="43,13,53,38,16,34,11,18,21,135,82,73,79" hai3="81,62,40,77,116,106,109,115,85,66,97,103,55"/><U47/><E122/><V120/><F34/><W128/><G109/><T132/><D118/><U31/><E126/><V104/><F104/><W84/><G116/><T105/><D124/><U52/><E112/><V2/><F120/><W114/><G40/><T125/><D125/><U28/><E130/><V4/><F135/><W6/><G6/><T134/><D39/><U94/><E7/><V107/><F107/><W65/><G85/><T49/><D9/><U63/><E96/><V37/><F18/><W29/><G29/><T86/><D17/><U102/><E102/><V42/><F42/><W133/><G133/><N who="0" m="51307" /><D41/><U33/><REACH who="1" step="1"/><E59/><REACH who="1" ten="443,153,141,253" step="2"/><V46/><F37/><W50/><G128/><T76/><D57/><U88/><E88/><V58/><F58/><N who="3" m="35167" /><G50/><AGARI ba="0,1" hai="49,50,76,80,86,87,91,92,98,100,105" m="51307" machi="50" ten="30,1000,0" yaku="20,1" doraHai="60" who="0" fromWho="3" sc="443,20,153,0,141,0,253,-10" />
</Scene>
<Scene>
<INIT seed="6,0,0,1,1,92" ten="463,153,141,243" oya="2" hai0="55,95,23,110,39,35,22,120,124,81,7,76,53" hai1="54,108,12,119,58,65,63,68,115,89,66,40,73" hai2="41,93,106,123,113,78,50,0,74,77,96,34,85" hai3="69,4,33,71,91,100,17,43,134,112,56,24,30"/><V99/><F34/><W133/><G112/><T49/><D39/><U57/><E73/><V8/><F123/><W88/><G4/><T116/><D110/><U64/><E12/><V2/><F113/><W60/><G43/><T44/><D35/><U107/><E115/><V6/><F0/><W111/><G111/><T59/><D120/><U29/><E108/><V118/><F118/><W135/><G17/><T9/><D95/><U31/><E119/><V20/><F74/><W42/><G42/><T105/><D105/><U114/><E114/><V117/><F117/><W79/><G79/><T130/><D124/><U47/><E107/><V75/><F75/><W18/><G18/><T131/><D116/><U25/><E89/><N who="3" m="34378" /><G100/><T51/><D81/><U87/><E87/><V122/><F122/><W132/><G132/><T98/><D76/><U52/><E25/><V36/><F36/><W32/><G32/><T62/><D7/><U72/><E72/><V1/><F1/><W127/><G127/><T84/><D84/><U27/><E27/><V126/><F126/><W82/><G82/><T10/><D131/><U38/><REACH who="1" step="1"/><E68/><REACH who="1" ten="463,143,141,243" step="2"/><V21/><F106/><W15/><G15/><T48/><D130/><U86/><E86/><V5/><F2/><W125/><G125/><T109/><D109/><U103/><E103/><V121/><F85/><W37/><G37/><T14/><D14/><U129/><E129/><V45/><F121/><W26/><G24/><T104/><D104/><U70/><E70/><V80/><F80/><W46/><G46/><T61/><D44/><U101/><E101/><RYUUKYOKU ba="0,1" sc="463,-15,143,15,141,-15,243,15" hai1="29,31,38,40,47,52,54,57,58,63,64,65,66" hai3="26,30,33,56,60,69,71,133,134,135" />
</Scene>
<Scene>
<INIT seed="7,1,1,2,3,113" ten="448,158,126,258" oya="3" hai0="67,94,30,105,4,34,93,59,126,114,35,118,95" hai1="19,39,11,99,89,33,132,75,98,104,12,31,115" hai2="133,20,56,37,129,9,61,52,83,109,74,64,1" hai3="49,28,66,15,125,112,80,121,50,101,63,107,86"/><W32/><G121/><T36/><D105/><U14/><E115/><V70/><F109/><W60/><G112/><T110/><D36/><U81/><E39/><V54/><F129/><W72/><G72/><T25/><D110/><U23/><E132/><V0/><F133/><W116/><G125/><T100/><D118/><U17/><E104/><V134/><F134/><W57/><G116/><T90/><D100/><U77/><E33/><V55/><F37/><W18/><G28/><T84/><D114/><U6/><E31/><V21/><F70/><W29/><G29/><T71/><D71/><U124/><E124/><V51/><F51/><W68/><G32/><T96/><D35/><U87/><E6/><V42/><F42/><W62/><G101/><T45/><D45/><U26/><E26/><V27/><F9/><W48/><G68/><T46/><D46/><U13/><E13/><V10/><F10/><N who="3" m="6519" /><G107/><T73/><D73/><U130/><E130/><V2/><REACH who="2" step="1"/><F27/><REACH who="2" ten="448,158,116,258" step="2"/><W92/><G48/><T5/><D30/><U128/><E128/><V106/><F106/><W79/><G49/><T38/><D34/><U102/><E102/><V103/><F103/><W69/><G50/><T85/><D84/><U122/><E122/><V41/><F41/><W7/><G69/><T111/><D93/><AGARI ba="1,2" hai="11,12,14,17,19,23,75,77,81,87,89,93,98,99" machi="93" ten="30,1000,0" yaku="7,1" doraHai="113" who="1" fromWho="0" sc="448,-13,158,33,116,0,258,0" owari="435,53.0,191,-21.0,116,-38.0,258,6.0" />
</Scene>
</mjloggm>