<mjloggm ver="2.3"><GO type="169" lobby="0"/><UN n0="%E3%80%90%E7%BD%AA%E6%AD%8C%E3%80%91" n1="%E5%A4%AA%E3%81%8F%E3%81%AA%E3%81%84%E3%81%8A" n2="%E6%88%A6%E5%8A%9B%E5%A4%96%E3%83%9D%E3%83%BC%E3%82%AF" n3="%73%68%61%72" dan="17,18,16,18" rate="2187.75,2199.61,2077.28,2201.31" sx="F,M,M,M"/><TAIKYOKU oya="0"/>

<Scene>
<INIT seed="0,0,0,3,2,44" ten="250,250,250,250" oya="0" hai0="108,119,127,105,39,102,32,10,103,12,120,42,79" hai1="13,80,104,135,40,0,90,52,31,94,34,11,131" hai2="62,33,51,126,14,130,123,58,30,121,92,74,49" hai3="60,69,4,110,8,114,27,113,76,75,82,77,116"/><T85/><D120/><U26/><E104/><V24/><F74/><W47/><G77/><T133/><D119/><U1/><E40/><V19/><F130/><W86/><G86/><T78/><D133/><U84/><E131/><V93/><F126/><W112/><G116/><T95/><D32/><U68/><E68/><V124/><F124/><W45/><G27/><T70/><D70/><U64/><E64/><V128/><F128/><W56/><G69/><T57/><D105/><U43/><E43/><V134/><F134/><W9/><G110/><T55/><D108/><U15/><E135/><V96/><F93/><W54/><REACH who="3" step="1"/><G9/><REACH who="3" ten="250,250,250,240" step="2"/><T125/><D79/><U25/><E25/><V101/><F123/><W5/><G5/><T109/><D78/><U89/><E11/><V71/><F71/><W98/><G98/><T37/><D85/><U7/><E7/><V29/><F121/><W38/><G38/><T28/><D37/><U91/><E84/><V115/><F30/><W46/><G46/><N who="0" m="23903" /><D28/><U83/><E26/><V87/><F87/><W107/><G107/><T73/><D109/><U61/><E31/><V17/><F17/><W132/><G132/><T66/><D125/><U65/><E83/><V22/><REACH who="2" step="1"/><F115/><REACH who="2" ten="250,250,240,240" step="2"/><W23/><G23/><T99/><D127/><U41/><E80/><V3/><F3/><AGARI ba="0,2" hai="3,4,8,45,47,54,56,60,75,76,82,112,113,114" machi="3" ten="40,2600,0" yaku="1,1,53,1" doraHai="44" doraHaiUra="2" who="3" fromWho="2" sc="250,0,250,0,240,-26,240,46" />
</Scene>
<Scene>
<INIT seed="1,0,0,5,3,119" ten="250,250,214,286" oya="1" hai0="8,65,21,74,117,57,102,81,135,111,113,37,83" hai1="103,134,63,128,42,67,0,84,49,19,87,94,92" hai2="112,15,30,98,72,40,17,124,16,46,130,56,10" hai3="1,75,90,41,7,23,70,48,4,14,35,44,22"/><U71/><E0/><V18/><F72/><W9/><G35/><T60/><D113/><U53/><E128/><V38/><F112/><W29/><G70/><T43/><D117/><U59/><E134/><V126/><F130/><W80/><G29/><T68/><D135/><U121/><E19/><V62/><F98/><W31/><G31/><T3/><D102/><U91/><E42/><V50/><F38/><W131/><G131/><T5/><D111/><U132/><E132/><V88/><F88/><W69/><G69/><T11/><D11/><U24/><E24/><V95/><F95/><W97/><G75/><T116/><D116/><U127/><E127/><N who="2" m="48683" /><F30/><W118/><G118/><T108/><D108/><U27/><E27/><V2/><F2/><W101/><G4/><T36/><D83/><U115/><E115/><V82/><F82/><W34/><G34/><T122/><D37/><U125/><E125/><V25/><F25/><W114/><G1/><T133/><D133/><U86/><E103/><V54/><AGARI ba="0,0" hai="10,15,16,17,18,40,46,50,54,56,62" m="48683" machi="54" ten="30,2000,0" yaku="18,1,54,1" doraHai="119" who="2" fromWho="2" sc="250,-5,250,-10,214,20,286,-5" />
</Scene>
<Scene>
<INIT seed="2,0,0,1,3,115" ten="245,240,234,281" oya="2" hai0="42,83,86,67,100,14,41,70,9,106,107,45,3" hai1="71,97,98,92,80,73,135,116,31,11,81,33,105" hai2="2,114,95,19,118,8,51,61,108,119,58,84,133" hai3="126,6,26,74,65,85,125,63,77,49,121,89,0"/><V23/><F114/><W132/><G121/><T88/><D3/><U16/><E71/><V57/><F133/><W18/><G132/><T90/><D90/><U123/><E135/><V113/><F113/><W112/><G112/><T128/><D128/><U64/><E64/><V78/><F51/><W25/><G77/><T109/><D109/><U1/><E73/><V103/><F108/><W12/><G74/><T15/><D15/><U56/><E31/><V93/><F57/><N who="3" m="37103" /><G49/><T76/><D100/><U4/><E33/><V111/><F111/><W22/><G6/><T75/><D67/><U127/><E127/><N who="3" m="48650" /><G0/><T87/><D70/><U28/><E4/><V99/><F2/><W39/><G39/><T50/><D42/><U91/><E123/><V20/><F8/><W79/><G79/><T43/><D43/><U35/><E11/><V122/><F122/><W54/><G54/><T7/><REACH who="0" step="1"/><D75/><REACH who="0" ten="235,240,234,281" step="2"/><U55/><E1/><V94/><F78/><W66/><G66/><T46/><D46/><U48/><E91/><V130/><F130/><W62/><G12/><T59/><D59/><U37/><E56/><V24/><F103/><W96/><G89/><T17/><D17/><U21/><E16/><V34/><F19/><W102/><G18/><T134/><D134/><U131/><E131/><V27/><F58/><W129/><G102/><T60/><D60/><U110/><E110/><V40/><F61/><W104/><G62/><T38/><D38/><U101/><E37/><V44/><F40/><W32/><G129/><T72/><D72/><U13/><E101/><V29/><F44/><RYUUKYOKU ba="0,1" sc="235,30,240,-10,234,-10,281,-10" hai0="7,9,14,41,45,50,76,83,86,87,88,106,107" />
</Scene>
<Scene>
<INIT seed="3,1,1,0,2,33" ten="265,230,224,271" oya="3" hai0="75,30,115,82,20,46,34,100,134,8,59,70,95" hai1="122,135,66,83,17,106,114,12,10,119,63,113,76" hai2="47,43,16,48,51,9,0,38,132,87,74,117,28" hai3="129,32,53,101,86,126,55,2,3,90,92,56,45"/><W121/><G121/><T6/><D70/><U61/><E122/><V88/><F117/><W23/><G32/><T35/><D115/><U89/><E106/><V123/><F74/><W25/><G101/><T18/><D134/><U84/><E135/><V127/><F127/><W60/><G129/><T49/><D59/><U79/><E119/><V131/><F131/><W42/><G55/><T68/><D68/><U14/><E114/><V116/><F116/><W103/><G103/><T96/><D30/><U118/><E118/><V124/><F124/><W65/><G53/><T108/><D108/><U1/><E113/><V98/><F98/><W29/><REACH who="3" step="1"/><G126/><REACH who="3" ten="265,230,224,261" step="2"/><T15/><D75/><U85/><E66/><V13/><F132/><W39/><AGARI ba="1,2" hai="2,3,23,25,29,39,42,45,56,60,65,86,90,92" machi="39" ten="20,18000,2" yaku="1,1,2,1,0,1,7,1,52,2,53,0" doraHai="33" doraHaiUra="67" who="3" fromWho="3" sc="265,-61,230,-61,224,-61,261,203" />
</Scene>
<Scene>
<INIT seed="3,2,0,4,2,108" ten="204,169,163,464" oya="3" hai0="115,106,118,35,110,117,38,64,87,49,29,0,13" hai1="92,94,120,62,33,129,40,59,27,45,78,119,11" hai2="130,128,34,41,30,19,81,7,60,116,18,112,5" hai3="85,58,131,107,6,55,95,133,63,2,75,101,44"/><W25/><G75/><T20/><D49/><U65/><E120/><V113/><F41/><W16/><G107/><T23/><D87/><U79/><E129/><N who="2" m="49771" /><F116/><W86/><G131/><T46/><D64/><U127/><E119/><V66/><F81/><W114/><G114/><N who="2" m="44137" /><F34/><W72/><G72/><T109/><D35/><U99/><E33/><V36/><F30/><W97/><G133/><T50/><D29/><U77/><E78/><V31/><F31/><W28/><G28/><T98/><D115/><U76/><E79/><V93/><F93/><W125/><G95/><T82/><D82/><U100/><E92/><V8/><F36/><W83/><G83/><T84/><D38/><U71/><E77/><V88/><F88/><W111/><G111/><T132/><D84/><U52/><E76/><V17/><F8/><W126/><G86/><T124/><D132/><U51/><E11/><V74/><F74/><W9/><G85/><T122/><D118/><U53/><E40/><V32/><F32/><W57/><G9/><T42/><D117/><U69/><E94/><V89/><F89/><W61/><G125/><T104/><D124/><U37/><E127/><V14/><F14/><W121/><G126/><T67/><D13/><U135/><E135/><V1/><F1/><W68/><G2/><T70/><D0/><U26/><E37/><V102/><F102/><W43/><G101/><N who="0" m="62519" /><D106/><N who="1" m="63775" /><E26/><V56/><AGARI ba="2,0" hai="5,7,17,18,19,56,60,66" m="44137,49771" machi="56" ten="40,8000,1" yaku="19,1,52,3" doraHai="108" who="2" fromWho="2" sc="204,-22,169,-22,163,86,464,-42" />
</Scene>
<Scene>
<INIT seed="4,0,0,3,3,29" ten="182,147,249,422" oya="0" hai0="113,129,75,102,19,21,42,4,61,49,20,11,45" hai1="110,98,24,130,90,83,55,104,123,66,99,13,62" hai2="109,47,22,51,106,14,119,50,133,60,56,68,74" hai3="81,41,65,36,17,117,69,124,79,6,91,2,115"/><T134/><D75/><U101/><E110/><V111/><F106/><W46/><G117/><T112/><D102/><U84/><E123/><V0/><F0/><W53/><G115/><T43/><D134/><U1/><E1/><V135/><F74/><N who="3" m="43255" /><G124/><T116/><D116/><U28/><E130/><V93/><F93/><W26/><G53/><T10/><D129/><U3/><E3/><V70/><F22/><W9/><G91/><T8/><D4/><U16/><E55/><N who="2" m="33823" /><F14/><W125/><G125/><T37/><D61/><U72/><E72/><V87/><F87/><W67/><G69/><N who="2" m="26729" /><F119/><W58/><G58/><T63/><D63/><U89/><E98/><V18/><F18/><W100/><G100/><T120/><D120/><U77/><E62/><V32/><F32/><W15/><G26/><T38/><D49/><N who="2" m="18442" /><F47/><W73/><G73/><T48/><D48/><U44/><E44/><V82/><F82/><W88/><G88/><T71/><D71/><U59/><E59/><V107/><F107/><W95/><G95/><T52/><D52/><U39/><E89/><V86/><F86/><W121/><G121/><T122/><D122/><U103/><E90/><V12/><F12/><W94/><G94/><T132/><D19/><U114/><E101/><V76/><F76/><W33/><G33/><T31/><D31/><U126/><E28/><V118/><F118/><W7/><G7/><T5/><D5/><U127/><E127/><V30/><F30/><W25/><G25/><T35/><D35/><U64/><E126/><V97/><F97/><W96/><G96/><T34/><D34/><RYUUKYOKU ba="0,0" sc="182,-15,147,-15,249,15,422,15" hai2="109,111,133,135" hai3="2,6,9,15,17,36,41,46,65,67" />
</Scene>
<Scene>
<INIT seed="5,1,0,4,2,39" ten="167,132,264,437" oya="1" hai0="120,27,49,9,36,121,98,81,34,73,4,6,106" hai1="20,100,51,86,103,41,43,95,50,45,30,129,16" hai2="71,126,89,113,29,37,80,5,116,110,57,13,75" hai3="33,94,88,58,78,18,26,92,128,54,117,68,131"/><U97/><E129/><N who="3" m="49738" /><G68/><T107/><D36/><U119/><E119/><V61/><F71/><W112/><G117/><T115/><D115/><U7/><E7/><V66/><F116/><W114/><G78/><N who="0" m="44239" /><D49/><U111/><E111/><V47/><F110/><W64/><G64/><T19/><D19/><U133/><E133/><V99/><F113/><N who="3" m="43627" /><G88/><T109/><D109/><U3/><E3/><V96/><F89/><W25/><G18/><T10/><D98/><U67/><E67/><V48/><F99/><W123/><G123/><N who="0" m="47179" /><D6/><U21/><E86/><V69/><F96/><W60/><G33/><T8/><D4/><U12/><E103/><V53/><F5/><W101/><G101/><T70/><D70/><U24/><E51/><V85/><F48/><W1/><G1/><T82/><D82/><U46/><E46/><V35/><F80/><W56/><G56/><T87/><D87/><U42/><AGARI ba="1,0" hai="12,16,20,21,24,30,41,42,43,45,50,95,97,100" machi="42" ten="20,18000,2" yaku="0,1,7,1,8,1,52,3,54,1" doraHai="39" who="1" fromWho="1" sc="167,-61,132,183,264,-61,437,-61" />
</Scene>
<Scene>
<INIT seed="5,2,0,5,1,51" ten="106,315,203,376" oya="1" hai0="83,22,116,104,109,134,8,111,122,57,12,65,45" hai1="13,72,127,133,7,61,1,68,117,125,53,131,108" hai2="11,79,82,126,88,80,62,44,128,16,3,100,64" hai3="32,58,85,59,132,91,18,20,4,102,43,69,90"/><U52/><E72/><V124/><F128/><W119/><G32/><T77/><D104/><U23/><E117/><V14/><F3/><W66/><G69/><T89/><D116/><U99/><E1/><V54/><F100/><W73/><G73/><T17/><D134/><U93/><E131/><V110/><F110/><W26/><G119/><T86/><D122/><U28/><E133/><V94/><F79/><W2/><G132/><T0/><D0/><U135/><E135/><V6/><F6/><W40/><G102/><T25/><D77/><U63/><E108/><V107/><F107/><W112/><G112/><T114/><D114/><U118/><E118/><V113/><F113/><W9/><G90/><T37/><D65/><N who="1" m="41007" /><E63/><V47/><F47/><W106/><G106/><T41/><REACH who="0" step="1"/><D57/><REACH who="0" ten="96,315,203,376" step="2"/><U71/><E71/><V76/><F76/><W42/><REACH who="3" step="1"/><G66/><REACH who="3" ten="96,315,203,366" step="2"/><T129/><D129/><U36/><E127/><N who="2" m="48683" /><F64/><W70/><G70/><T46/><D46/><U30/><E125/><V35/><F44/><W87/><G87/><T121/><D121/><U78/><E78/><V98/><F98/><W105/><G105/><T115/><D115/><U34/><E99/><V33/><F82/><AGARI ba="2,2" hai="2,4,9,18,20,26,40,42,43,58,59,82,85,91" machi="82" ten="40,2600,0" yaku="1,1,53,1" doraHai="51" doraHaiUra="84" who="3" fromWho="2" sc="96,0,315,0,203,-32,366,52" />
</Scene>
<Scene>
<INIT seed="6,0,0,2,1,114" ten="96,315,171,418" oya="2" hai0="86,8,120,80,16,17,79,64,97,39,117,14,44" hai1="33,24,6,126,43,113,41,103,108,72,115,40,96" hai2="35,105,91,29,62,51,76,90,101,32,81,15,127" hai3="45,84,30,25,109,50,48,128,130,59,26,7,68"/><V74/><F127/><W102/><G109/><T99/><D120/><U122/><E108/><V60/><F15/><W9/><G68/><T22/><D64/><U71/><E72/><V12/><F12/><W125/><G125/><T4/><D17/><U87/><E126/><V28/><F51/><W36/><G102/><T55/><D117/><U77/><E6/><V63/><F101/><W73/><G73/><T2/><REACH who="0" step="1"/><D55/><REACH who="0" ten="86,315,171,418" step="2"/><U3/><E122/><V19/><F19/><W94/><G128/><T10/><D10/><U31/><E115/><V5/><F5/><W46/><G9/><T65/><D65/><U38/><E113/><V54/><F54/><W88/><G130/><T104/><D104/><U124/><E124/><V57/><F105/><W135/><G7/><T21/><D21/><U34/><E34/><V112/><F112/><W23/><G23/><T134/><D134/><U107/><E33/><V83/><F35/><W92/><G135/><T85/><D85/><U52/><E52/><N who="2" m="33831" /><F32/><W106/><G106/><T75/><D75/><U49/><E107/><V129/><F74/><W69/><G84/><T118/><D118/><U70/><E87/><V42/><F129/><W58/><G30/><T53/><D53/><U13/><E31/><V132/><F132/><W116/><G116/><T56/><D56/><U1/><E71/><V133/><F133/><W110/><G69/><T37/><D37/><U89/><E38/><V66/><F29/><W78/><G36/><T131/><D131/><U0/><E70/><V95/><F28/><W100/><G59/><T67/><D67/><RYUUKYOKU ba="0,1" sc="86,30,315,-10,171,-10,418,-10" hai0="2,4,8,14,16,22,39,44,79,80,86,97,99" />
</Scene>
<Scene>
<INIT seed="7,1,1,3,1,134" ten="116,305,161,408" oya="3" hai0="71,76,59,23,64,25,91,84,39,61,24,78,14" hai1="130,70,63,11,36,4,89,127,42,103,10,52,106" hai2="28,29,8,75,122,3,104,81,97,19,68,5,105" hai3="112,27,17,40,93,90,57,108,48,6,94,109,12"/><W113/><G27/><T47/><D71/><U32/><E130/><V31/><F68/><W66/><G6/><T56/><D39/><U41/><E36/><V21/><F122/><W58/><G94/><T86/><D47/><U67/><E89/><V98/><F98/><N who="3" m="57655" /><G66/><T96/><D96/><U49/><E32/><V107/><F81/><W102/><G102/><T135/><D135/><U69/><E69/><V116/><F97/><W124/><G40/><T50/><D14/><U54/><E103/><V46/><F75/><W60/><G48/><T117/><D117/><U121/><E121/><V2/><F46/><W95/><G95/><T110/><D110/><N who="3" m="42601" /><G60/><T125/><D125/><U115/><E106/><V18/><F116/><W72/><G124/><T100/><D100/><U128/><E128/><V83/><F83/><W9/><G72/><T22/><D91/><U126/><E115/><AGARI ba="1,1" hai="9,12,17,57,58,112,113,115" m="42601,57655" machi="115" ten="30,2900,0" yaku="15,1,10,1" doraHai="134" who="3" fromWho="1" sc="116,0,305,-32,161,0,408,42" owari="116,-38.0,273,7.0,161,-24.0,450,55.0" />
</Scene>
</mjloggm>