<mjloggm ver="2.3"><GO type="169" lobby="0"/><UN n0="%4E%6E%31%33%34" n1="%77%61%64%6F%70%72%6F" n2="%E5%A4%AA%E3%81%8F%E3%81%AA%E3%81%84%E3%81%8A" n3="%E4%BC%9D%E8%AA%AC%E3%81%AE%E3%81%B2%E3%82%88%E3%81%93" dan="16,16,18,16" rate="2075.28,2122.51,2245.33,2046.96" sx="M,M,M,F"/><TAIKYOKU oya="0"/>

<Scene>
<INIT seed="0,0,0,5,2,131" ten="250,250,250,250" oya="0" hai0="85,112,11,10,66,92,7,52,0,18,39,132,74" hai1="111,68,55,28,23,130,21,127,19,3,115,24,82" hai2="65,64,113,84,91,60,128,72,110,119,99,80,13" hai3="9,40,101,17,134,96,56,107,45,93,108,90,30"/><T124/><D74/><U88/><E68/><V67/><F113/><W70/><G70/><T135/><D112/><U106/><E115/><V61/><F128/><W117/><G117/><T16/><D39/><U15/><E130/><V44/><F119/><W89/><G108/><T35/><D35/><U94/><E111/><V126/><F110/><W133/><G56/><T22/><D66/><U14/><E3/><V98/><F126/><W77/><G30/><T8/><D124/><U73/><E106/><V87/><F72/><W29/><G29/><T59/><D85/><U36/><E36/><V49/><F13/><N who="3" m="7343" /><G77/><T58/><D92/><U34/><E127/><V83/><F60/><W105/><G105/><T53/><D10/><U50/><E73/><V121/><F61/><W6/><G6/><T32/><D32/><U78/><E78/><N who="2" m="46103" /><F121/><W63/><G63/><T120/><D120/><U118/><E118/><V114/><F114/><W4/><G4/><T86/><D86/><U62/><E62/><V69/><F69/><W12/><G12/><T71/><D71/><U102/><E102/><V116/><F116/><W129/><G129/><T2/><D22/><U97/><E82/><V5/><F5/><AGARI ba="0,0" hai="0,2,5,7,8,11,16,18,52,53,58,59,132,135" machi="5" ten="25,18000,2" yaku="22,2,52,2,54,2" doraHai="131" who="0" fromWho="2" sc="250,180,250,0,250,-180,250,0" />
</Scene>
<Scene>
<INIT seed="0,1,0,5,3,87" ten="430,250,70,250" oya="0" hai0="116,56,24,135,57,76,65,112,129,45,41,72,5" hai1="17,13,14,107,97,54,63,3,84,43,11,28,32" hai2="89,35,82,15,1,18,58,0,117,68,101,120,25" hai3="19,133,29,67,90,71,124,47,70,26,103,111,42"/><T66/><D116/><U48/><E3/><V27/><F68/><W74/><G74/><T94/><D5/><U7/><E43/><V69/><F69/><W123/><G111/><T118/><D118/><U30/><E63/><V73/><F117/><W6/><G19/><T31/><D76/><U119/><E119/><V110/><F120/><W44/><G44/><T61/><D72/><U12/><E32/><V40/><F110/><W100/><G71/><T83/><D83/><U50/><E50/><V109/><F109/><W86/><G133/><T99/><D129/><U105/><E105/><V59/><F101/><W132/><G124/><T93/><D112/><U106/><E106/><V85/><F40/><W39/><G6/><T80/><D80/><U52/><E54/><V34/><F73/><W134/><G123/><T79/><D79/><U88/><E97/><V51/><F35/><W9/><G9/><T62/><D135/><N who="3" m="51753" /><G67/><T77/><D77/><U113/><E107/><V21/><F27/><W128/><G70/><T23/><D99/><U121/><E113/><V122/><F122/><W98/><G98/><T33/><D33/><U22/><E14/><V104/><F104/><W20/><G128/><T36/><AGARI ba="1,0" hai="23,24,31,36,41,45,56,57,61,62,65,66,93,94" machi="36" ten="20,3900,0" yaku="0,1,7,1,9,1" doraHai="87" who="0" fromWho="0" sc="430,42,250,-14,70,-14,250,-14" />
</Scene>
<Scene>
<INIT seed="0,2,0,5,3,22" ten="472,236,56,236" oya="0" hai0="59,71,33,107,16,106,47,44,56,8,34,129,40" hai1="110,25,5,30,105,133,78,128,124,132,90,94,15" hai2="10,29,28,103,12,50,114,57,96,36,45,69,49" hai3="102,93,4,85,55,120,43,119,76,67,130,104,100"/><T37/><D71/><U26/><E105/><V77/><F69/><W74/><G67/><T1/><D129/><U134/><E128/><V111/><F114/><W127/><G43/><T97/><D47/><U98/><E110/><V63/><F36/><W41/><G41/><T7/><D16/><U118/><E118/><V73/><F111/><W87/><G4/><T18/><D18/><U17/><E124/><V117/><F117/><W51/><G55/><T27/><D34/><U61/><E5/><V54/><F77/><W115/><G51/><T53/><D97/><U88/><E78/><V3/><F73/><W135/><G119/><T11/><D11/><N who="1" m="6399" /><E61/><V92/><F3/><W64/><G130/><T121/><D59/><U122/><E122/><V125/><F125/><W21/><G127/><T108/><D121/><U131/><E131/><V99/><F99/><W13/><G104/><T38/><D38/><U35/><E25/><V82/><F82/><W42/><G135/><N who="1" m="34562" /><U14/><DORA hai="84" /><E14/><V0/><F0/><W52/><G115/><T58/><D58/><U83/><E83/><V81/><F81/><W62/><G62/><T32/><D108/><U9/><E9/><V91/><F103/><AGARI ba="2,0" hai="26,30,35,88,90,94,98,103" m="34562,6399" machi="103" ten="40,8000,1" yaku="20,1,52,3,54,1" doraHai="22,84" who="1" fromWho="2" sc="472,0,236,86,56,-86,236,0" owari="472,57.0,322,12.0,-30,-53.0,236,-16.0" />
</Scene>
</mjloggm>