<mjloggm ver="2.3"><GO type="169" lobby="0"/><UN n0="%E3%81%8A%E3%81%98%E3%81%95%E3%82%93" n1="%E3%81%9F%E3%82%93%E3%81%AB%E3%82%83%E3%81%8A%EF%BC%81" n2="%E5%A4%AA%E3%81%8F%E3%81%AA%E3%81%84%E3%81%8A" n3="%E2%98%86%E3%82%B7%E3%83%A3%E3%83%81%E3%83%8F%E3%82%B2%CE%B2%E2%98%86" dan="17,16,17,17" rate="2175.11,2058.37,2218.99,2126.58" sx="M,M,M,M"/><TAIKYOKU oya="0"/>

<Scene>
<INIT seed="0,0,0,0,5,78" ten="250,250,250,250" oya="0" hai0="42,72,122,110,6,102,71,82,32,40,7,100,105" hai1="23,128,119,19,18,130,117,121,92,67,87,73,65" hai2="45,75,31,114,8,76,37,112,93,123,133,69,77" hai3="30,107,21,95,11,25,99,70,91,12,38,28,14"/><T64/><D122/><U106/><E106/><V22/><F123/><W10/><G70/><T104/><D32/><U39/><E73/><V59/><F69/><W111/><G38/><T57/><D57/><U27/><E39/><V118/><F133/><W79/><G111/><T9/><D110/><U13/><E121/><V51/><F37/><W3/><G3/><T4/><D9/><U88/><E65/><V2/><F118/><W61/><G61/><T55/><D55/><U20/><REACH who="1" step="1"/><E67/><REACH who="1" ten="250,240,250,250" step="2"/><V56/><F75/><W29/><G107/><T83/><D64/><U35/><E35/><V41/><F114/><W124/><G124/><T54/><D105/><U120/><E120/><V103/><F112/><W127/><G127/><T48/><D104/><U96/><E96/><V126/><F126/><W17/><REACH who="3" step="1"/><G79/><REACH who="3" ten="250,240,250,240" step="2"/><T74/><D71/><U109/><E109/><V116/><F76/><W33/><G33/><T36/><D36/><U131/><AGARI ba="0,2" hai="13,18,19,20,23,27,87,88,92,117,119,128,130,131" machi="131" ten="30,12000,2" yaku="1,1,0,1,19,1,54,1,53,3" doraHai="78" doraHaiUra="125" who="1" fromWho="1" sc="250,-60,240,140,250,-30,240,-30" />
</Scene>
<Scene>
<INIT seed="1,0,0,4,3,128" ten="190,380,220,210" oya="1" hai0="95,111,51,41,36,92,65,53,33,83,68,60,114" hai1="93,124,38,3,117,79,70,99,47,34,7,108,59" hai2="37,130,40,42,72,32,80,4,49,115,44,112,87" hai3="110,105,22,88,90,27,46,61,62,17,35,120,14"/><U106/><E70/><V39/><F130/><W86/><G120/><T107/><D114/><N who="2" m="43562" /><F72/><W135/><G105/><T76/><D111/><U96/><E34/><V104/><F104/><W119/><G110/><T66/><D107/><U129/><E117/><V126/><F32/><W97/><G119/><T69/><D33/><U100/><E79/><N who="2" m="46495" /><F126/><W0/><G0/><T11/><D66/><U103/><E59/><V2/><F40/><W57/><G35/><T45/><D69/><U25/><E25/><V85/><F85/><W84/><G97/><T9/><D95/><U91/><E124/><V75/><F75/><W78/><G78/><T132/><D92/><U82/><E82/><V26/><F26/><W67/><G46/><T30/><D30/><U116/><E100/><V12/><F2/><W6/><G62/><T125/><D125/><U113/><E116/><V29/><F29/><W1/><G1/><T98/><D98/><U19/><E3/><V13/><F13/><W50/><G14/><T131/><D131/><U58/><E113/><V15/><F15/><W43/><G43/><T28/><D28/><U20/><E129/><V118/><F118/><W21/><G27/><T52/><D53/><U55/><E96/><V109/><F109/><W81/><G86/><N who="0" m="48487" /><D11/><AGARI ba="0,0" hai="4,11,12,37,39,42,44,49" m="46495,43562" machi="11" ten="30,2000,0" yaku="25,1,11,1" doraHai="128" who="2" fromWho="0" sc="190,-20,380,0,220,20,210,0" />
</Scene>
<Scene>
<INIT seed="2,0,0,0,5,28" ten="170,380,240,210" oya="2" hai0="57,89,34,85,123,70,105,112,81,40,113,7,88" hai1="74,37,48,15,106,46,52,109,111,127,61,10,12" hai2="100,83,66,130,14,60,69,96,9,26,18,122,21" hai3="25,104,131,54,63,58,102,95,73,1,128,32,59"/><V117/><F130/><N who="3" m="49707" /><G1/><T79/><D70/><U65/><E106/><V91/><F117/><W115/><G115/><T49/><D34/><U36/><E74/><V30/><F122/><W13/><G73/><T116/><D123/><U76/><E76/><V42/><F42/><W114/><G114/><T6/><D105/><U62/><E127/><V3/><F3/><W20/><G104/><T86/><D116/><U4/><E15/><V134/><F134/><W17/><G59/><T77/><D57/><N who="1" m="37071" /><E61/><V47/><F47/><W78/><G78/><T92/><D40/><U35/><E35/><V67/><F67/><W50/><G63/><T44/><D44/><U11/><E11/><V108/><F108/><AGARI ba="0,0" hai="4,10,12,36,37,46,48,52,108,109,111" m="37071" machi="108" ten="30,2000,0" yaku="14,1,54,1" doraHai="28" who="1" fromWho="2" sc="170,0,380,20,240,-20,210,0" />
</Scene>
<Scene>
<INIT seed="3,0,0,5,0,68" ten="170,400,220,210" oya="3" hai0="83,6,99,10,109,35,24,70,108,55,48,86,116" hai1="23,5,16,89,84,101,100,121,71,36,32,87,43" hai2="29,96,22,82,88,58,38,94,120,53,98,4,117" hai3="20,127,39,52,112,62,75,27,42,63,135,92,64"/><W67/><G112/><T3/><D116/><U60/><E32/><V61/><F117/><W28/><G75/><T119/><D119/><U40/><E87/><V131/><F131/><W31/><G135/><T107/><D70/><U113/><E5/><V54/><F120/><W97/><G127/><T57/><D99/><U77/><E77/><V47/><F82/><W114/><G114/><T30/><REACH who="0" step="1"/><D107/><REACH who="0" ten="160,400,220,210" step="2"/><U33/><E71/><V9/><F96/><W18/><G97/><T12/><D12/><U2/><E113/><V51/><F38/><W93/><G39/><T102/><D102/><U49/><E36/><V7/><REACH who="2" step="1"/><F9/><REACH who="2" ten="160,400,210,210" step="2"/><W78/><G78/><AGARI ba="0,2" hai="3,6,10,24,30,35,48,55,57,78,83,86,108,109" machi="78" ten="40,2600,0" yaku="1,1,53,1" doraHai="68" doraHaiUra="81" who="0" fromWho="3" sc="160,46,400,0,210,0,210,-26" />
</Scene>
<Scene>
<INIT seed="4,0,0,3,3,76" ten="206,400,210,184" oya="0" hai0="99,110,89,49,58,5,1,126,105,47,35,64,11" hai1="70,112,65,40,82,131,31,63,2,12,134,119,86" hai2="117,111,71,78,73,84,24,107,83,29,132,39,104" hai3="93,130,30,118,20,128,79,103,101,113,135,127,94"/><T44/><D126/><U85/><E2/><V74/><F39/><W22/><G127/><T100/><D35/><U124/><E119/><V60/><F117/><W45/><G118/><T14/><D110/><U13/><E131/><N who="3" m="50218" /><G135/><T41/><D47/><U3/><E3/><V15/><F111/><W68/><G68/><T98/><D1/><U9/><E86/><V7/><F132/><W95/><G45/><T38/><D38/><U54/><E31/><V125/><F125/><W77/><G113/><T36/><D36/><U116/><E40/><V106/><F7/><W46/><G46/><T21/><D21/><N who="3" m="8297" /><G30/><T27/><D27/><U33/><E112/><V50/><F15/><W96/><G96/><T17/><D5/><U133/><E12/><V122/><F50/><W28/><G28/><T0/><D0/><U18/><E116/><V114/><F114/><W91/><G91/><T16/><D17/><U48/><E124/><V75/><F122/><W72/><G72/><T87/><D99/><U57/><E33/><N who="2" m="20647" /><F84/><W123/><G123/><T53/><D64/><AGARI ba="0,0" hai="60,64,71,73,74,75,78,83,104,106,107" m="20647" machi="64" ten="30,3900,0" yaku="33,2,52,1" doraHai="76" who="2" fromWho="0" sc="206,-39,400,0,210,39,184,0" />
</Scene>
<Scene>
<INIT seed="5,0,0,2,3,67" ten="167,400,249,184" oya="1" hai0="38,3,95,111,135,55,14,5,121,36,118,126,52" hai1="131,51,117,61,20,127,26,30,21,79,64,75,122" hai2="94,57,132,119,85,105,116,32,48,2,24,110,53" hai3="41,33,130,89,13,88,109,120,134,37,112,43,125"/><U113/><E117/><V11/><F105/><W46/><G120/><T84/><D3/><U68/><E122/><V15/><F2/><W39/><G109/><T23/><D121/><U69/><E113/><V124/><F110/><W87/><G112/><T40/><D111/><U47/><E127/><V59/><F124/><W7/><G33/><T103/><D118/><U31/><E131/><V17/><F132/><W60/><G134/><T72/><D126/><U133/><E133/><V81/><F94/><W54/><G130/><T58/><D72/><U80/><E30/><V22/><F32/><W0/><G0/><T35/><D35/><U62/><E21/><V115/><F115/><W82/><G125/><T44/><D135/><U4/><E4/><V106/><F106/><W78/><G39/><T71/><D71/><U65/><E51/><V76/><REACH who="2" step="1"/><F59/><REACH who="2" ten="167,400,239,184" step="2"/><N who="3" m="34935" /><G37/><T27/><D38/><U92/><E92/><V49/><F49/><N who="3" m="26831" /><G43/><T28/><D36/><U16/><E47/><V73/><F73/><W56/><G56/><T102/><D58/><U25/><E31/><AGARI ba="0,1" hai="11,15,17,22,24,31,48,53,57,76,81,85,116,119" machi="31" ten="30,2000,0" yaku="1,1,7,1,53,0" doraHai="67" doraHaiUra="66" who="2" fromWho="1" sc="167,0,400,-20,239,30,184,0" />
</Scene>
<Scene>
<INIT seed="6,0,0,1,0,43" ten="167,380,269,184" oya="2" hai0="110,129,65,9,122,29,33,127,125,72,2,50,102" hai1="46,51,130,111,7,3,79,116,120,108,22,25,119" hai2="135,5,20,89,101,55,56,73,98,49,62,0,58" hai3="93,17,31,128,60,23,68,133,27,47,106,61,78"/><V123/><F123/><W96/><G106/><T11/><D72/><U74/><E120/><V70/><F73/><W4/><G133/><T112/><D122/><U1/><E130/><V134/><F70/><W36/><G128/><T132/><D129/><U100/><E100/><V82/><F0/><W115/><G115/><T97/><D112/><U13/><E13/><V39/><F39/><W45/><G36/><T12/><D110/><U103/><E103/><V113/><F5/><W63/><G78/><T67/><D132/><N who="2" m="50730" /><F113/><W14/><G68/><T28/><D50/><U66/><E7/><V48/><F20/><N who="3" m="15847" /><G4/><N who="0" m="1175" /><D33/><U105/><E22/><V35/><F35/><W53/><G53/><T104/><D67/><U26/><E74/><V38/><F38/><W118/><G118/><T59/><D65/><U30/><E1/><V6/><F6/><W8/><G8/><T40/><D40/><U91/><E3/><V19/><F19/><W57/><G57/><T84/><D59/><U131/><E131/><V80/><F49/><W69/><G69/><T15/><D11/><U126/><E51/><V42/><F42/><W124/><G124/><N who="0" m="47691" /><D29/><U24/><E126/><V99/><F58/><W75/><G75/><T117/><D117/><U41/><E119/><V10/><F10/><W88/><AGARI ba="0,0" hai="14,17,23,45,47,60,61,63,88,93,96" m="15847" machi="88" ten="30,7900,0" yaku="8,1,52,2,54,1" doraHai="43" who="3" fromWho="3" sc="167,-20,380,-20,269,-39,184,79" />
</Scene>
<Scene>
<INIT seed="7,0,0,3,5,119" ten="147,360,230,263" oya="3" hai0="113,29,70,31,36,89,27,40,32,117,115,96,95" hai1="127,68,17,50,107,16,41,48,76,21,4,94,110" hai2="49,64,18,111,53,85,39,78,72,43,81,88,67" hai3="30,92,132,11,133,99,131,35,8,55,98,74,13"/><W59/><G74/><T125/><D117/><U122/><E122/><V128/><F111/><W61/><G35/><T14/><D125/><U84/><E107/><V34/><F34/><W75/><G75/><T62/><D31/><U129/><E68/><V26/><F128/><W5/><G30/><T124/><D124/><U65/><E127/><V73/><F39/><W86/><G131/><T97/><D36/><U6/><E110/><V114/><F43/><W105/><G105/><T100/><D40/><U47/><E65/><V42/><F42/><W123/><G123/><T46/><D46/><U23/><E48/><V37/><F73/><W19/><G86/><T104/><REACH who="0" step="1"/><D14/><REACH who="0" ten="137,360,230,263" step="2"/><U57/><E47/><V121/><F37/><W52/><G133/><T15/><D15/><U2/><E41/><V108/><F108/><W9/><G132/><T63/><D63/><U93/><E2/><V45/><F121/><W44/><G44/><T60/><D60/><U28/><E28/><V66/><F114/><W58/><G61/><T80/><D80/><U12/><E12/><V22/><F67/><AGARI ba="0,1" hai="27,29,32,62,67,70,89,95,96,97,100,104,113,115" machi="67" ten="40,5200,0" yaku="1,1,25,2,53,0" doraHai="119" doraHaiUra="51" who="0" fromWho="2" sc="137,62,360,0,230,-52,263,0" owari="199,-20.0,360,46.0,178,-32.0,263,6.0" />
</Scene>
</mjloggm>