<mjloggm ver="2.3"><GO type="169" lobby="0"/><UN n0="%6D%61%6E%5F%6B%6F" n1="%E9%B7%B9%E6%AD%A3%E3%81%AE%E5%80%85%EF%BC%9D%E5%AF%8C%E7%8C%AB" n2="%E5%A4%AA%E3%81%8F%E3%81%AA%E3%81%84%E3%81%8A" n3="%E3%82%BF%E3%82%B1%E3%82%AA%E3%81%97%E3%82%83%E3%82%93" dan="16,16,18,18" rate="2145.57,2070.78,2187.90,2230.63" sx="M,M,M,M"/><TAIKYOKU oya="0"/>

<Scene>
<INIT seed="0,0,0,3,3,56" ten="250,250,250,250" oya="0" hai0="70,62,50,130,8,63,65,69,36,73,34,54,46" hai1="95,84,76,38,47,72,114,30,52,79,116,10,122" hai2="16,105,28,41,33,98,110,81,77,18,117,45,102" hai3="80,13,125,97,61,24,35,85,129,19,127,32,75"/><T3/><D73/><U133/><E72/><V103/><F110/><W96/><G75/><T5/><D34/><U48/><E38/><V93/><F117/><W42/><G42/><T107/><D107/><U100/><E116/><V17/><F33/><W27/><G129/><T104/><D104/><U12/><E122/><V25/><F28/><W112/><G112/><T126/><D130/><U23/><E114/><V31/><F31/><W90/><G32/><T132/><D36/><U68/><E68/><V51/><F105/><W111/><G111/><T118/><D118/><U2/><E2/><V15/><F25/><W26/><G35/><T58/><D126/><U20/><E133/><V94/><F94/><W123/><G123/><T55/><REACH who="0" step="1"/><D132/><REACH who="0" ten="240,250,250,250" step="2"/><U7/><E30/><V64/><F103/><W120/><G127/><T78/><D78/><U128/><E79/><V39/><F39/><W131/><G125/><T53/><D53/><U43/><E52/><V121/><F121/><W67/><G131/><T89/><D89/><U6/><E76/><V66/><F66/><W22/><REACH who="3" step="1"/><G120/><REACH who="3" ten="240,250,250,240" step="2"/><T1/><D1/><U113/><E113/><V74/><REACH who="2" step="1"/><F64/><REACH who="2" ten="240,250,240,240" step="2"/><W9/><G9/><AGARI ba="0,3" hai="9,15,16,17,18,41,45,51,74,77,81,93,98,102" machi="9" ten="30,7700,0" yaku="1,1,2,1,7,1,54,1,53,0" doraHai="56" doraHaiUra="119" who="2" fromWho="3" sc="240,0,250,0,240,107,240,-77" />
</Scene>
<Scene>
<INIT seed="1,0,0,0,4,102" ten="240,250,347,163" oya="1" hai0="19,109,117,129,32,104,112,114,26,99,77,38,42" hai1="52,48,8,72,115,43,120,30,66,98,67,123,134" hai2="131,89,126,124,34,7,130,17,39,57,82,21,62" hai3="13,56,133,2,41,100,53,29,70,110,91,51,10"/><U78/><E115/><V68/><F34/><W14/><G2/><T9/><D77/><U73/><E43/><V71/><F39/><W35/><G70/><N who="2" m="26665" /><F7/><W105/><G133/><T86/><D86/><U15/><E134/><V97/><F82/><W54/><G110/><T113/><D129/><N who="2" m="49162" /><F89/><W127/><G91/><T45/><D38/><U12/><E30/><V37/><F97/><W101/><G41/><T65/><D99/><U40/><E40/><V75/><F75/><W122/><G29/><T119/><D42/><U44/><E98/><V5/><F5/><W83/><G35/><T94/><D32/><U92/><E73/><V20/><F37/><W59/><G83/><T128/><D128/><U125/><E72/><V33/><F33/><W64/><G64/><T106/><D65/><U22/><E78/><V108/><F108/><W28/><G28/><T116/><D109/><U27/><E67/><N who="2" m="39375" /><F21/><W1/><G1/><T55/><D94/><U132/><E92/><V121/><F121/><W25/><G122/><T0/><D0/><U47/><E123/><V87/><F87/><W50/><G10/><T61/><D9/><U6/><E8/><V46/><F46/><W135/><G135/><T84/><D45/><U80/><E47/><V60/><F60/><W93/><G93/><T111/><D84/><U107/><E132/><V11/><F11/><W23/><G23/><N who="0" m="13695" /><D111/><U36/><E36/><V118/><F118/><W24/><G127/><T3/><D3/><U63/><E125/><V74/><F74/><W85/><G85/><T69/><D69/><U90/><E120/><RYUUKYOKU ba="0,0" sc="240,10,250,-30,347,10,163,10" hai0="55,61,104,106,112,113,114,116,117,119" hai2="17,20,124,126" hai3="13,14,24,25,50,51,53,54,56,59,100,101,105" />
</Scene>
<Scene>
<INIT seed="2,1,0,3,3,122" ten="250,220,357,173" oya="2" hai0="59,113,7,120,108,30,127,117,100,101,130,41,90" hai1="37,5,121,28,23,43,128,11,44,94,63,93,31" hai2="104,29,15,3,112,85,13,62,22,48,103,50,83" hai3="18,110,126,97,35,68,71,2,133,109,9,16,33"/><V91/><F3/><W36/><G36/><T118/><D41/><U111/><E121/><V61/><F112/><W96/><G9/><T84/><D7/><U49/><E37/><V47/><F104/><W70/><G2/><T75/><D30/><U124/><E124/><V40/><F103/><N who="0" m="39498" /><D59/><U25/><E31/><V105/><F105/><W81/><G81/><N who="0" m="49423" /><D120/><U132/><E63/><N who="2" m="24075" /><F50/><W12/><G133/><T131/><D127/><U17/><E132/><V79/><F29/><W74/><G74/><T58/><D58/><U21/><E28/><V45/><F45/><W102/><G102/><T95/><D113/><U32/><E49/><V19/><F13/><W76/><G76/><AGARI ba="1,0" hai="15,19,22,40,47,48,76,79,83,85,91" m="24075" machi="76" ten="30,1500,0" yaku="8,1" doraHai="122" who="2" fromWho="3" sc="250,0,220,0,357,18,173,-18" />
</Scene>
<Scene>
<INIT seed="2,2,0,4,2,12" ten="250,220,375,155" oya="2" hai0="86,53,64,90,22,125,4,80,106,84,81,54,33" hai1="133,102,63,87,117,51,62,69,24,36,98,56,97" hai2="47,88,41,119,124,104,109,95,72,77,3,5,14" hai3="122,2,49,27,48,82,99,73,79,38,18,107,39"/><V115/><F104/><W9/><G122/><T28/><D33/><U66/><E36/><V35/><F35/><W112/><G112/><T65/><D106/><U19/><E117/><V116/><F14/><W132/><G132/><T113/><D4/><U71/><E133/><V110/><F115/><W11/><G48/><T78/><D125/><U0/><E0/><V111/><F124/><W1/><G49/><T126/><D126/><U7/><E7/><V67/><F67/><N who="0" m="25674" /><D113/><U45/><E102/><V83/><F5/><W8/><G107/><T21/><D28/><U123/><E123/><V130/><F3/><W105/><G2/><T10/><D10/><U114/><E114/><V42/><F130/><W43/><G43/><N who="2" m="16393" /><F47/><W20/><REACH who="3" step="1"/><G1/><REACH who="3" ten="250,220,375,145" step="2"/><T46/><D46/><U59/><E45/><V52/><F116/><W75/><G75/><T96/><D53/><U16/><E71/><V57/><F119/><W34/><G34/><T23/><D54/><U94/><E69/><V55/><F57/><W76/><G76/><T58/><D58/><U120/><E120/><V15/><F15/><W74/><G74/><T44/><D44/><U93/><E51/><V103/><F103/><AGARI ba="2,1" hai="8,9,11,18,20,27,38,39,73,79,82,99,103,105" machi="103" ten="40,5200,0" yaku="1,1,52,1,53,1" doraHai="12" doraHaiUra="92" who="3" fromWho="2" sc="250,0,220,0,375,-58,145,68" />
</Scene>
<Scene>
<INIT seed="3,0,0,2,2,118" ten="250,220,317,213" oya="3" hai0="14,56,83,107,122,19,47,133,97,89,60,24,16" hai1="43,126,75,20,45,36,119,66,86,104,39,8,80" hai2="69,105,22,7,57,131,55,1,115,10,31,58,65" hai3="62,88,2,74,37,82,81,77,111,52,12,27,51"/><W127/><G2/><T49/><D133/><U123/><E119/><V96/><F115/><W120/><G37/><T48/><D107/><U3/><E104/><V11/><F131/><W17/><G127/><T112/><D112/><U63/><E75/><V130/><F130/><W64/><G27/><T46/><D122/><U87/><E126/><V79/><F79/><W116/><G120/><T71/><D71/><U128/><E123/><V114/><F114/><W21/><G111/><T92/><D83/><U101/><E101/><V67/><F69/><W76/><G116/><T110/><D110/><U117/><E117/><V121/><F11/><W33/><G33/><T42/><D24/><U18/><E36/><V0/><F0/><W135/><G135/><T108/><D14/><U85/><E8/><V15/><F121/><W38/><G38/><T34/><D34/><U106/><E106/><V26/><F1/><W124/><G124/><T68/><D68/><U23/><E3/><V84/><F105/><W70/><G81/><T132/><D108/><U90/><E128/><V9/><F9/><W29/><G29/><T98/><D98/><U4/><E20/><V41/><F96/><W54/><G77/><T100/><D100/><U35/><E4/><V102/><F102/><W99/><REACH who="3" step="1"/><G51/><REACH who="3" ten="250,220,317,203" step="2"/><T129/><D129/><U40/><E35/><V50/><F50/><W113/><G113/><T30/><D132/><U91/><E80/><V93/><F31/><W32/><G32/><T134/><D30/><U95/><E39/><V103/><F26/><W78/><G78/><T13/><D134/><RYUUKYOKU ba="0,1" sc="250,-10,220,-10,317,-10,203,30" hai3="12,17,21,52,54,62,64,70,74,76,82,88,99" />
</Scene>
<Scene>
<INIT seed="3,1,1,2,4,89" ten="240,210,307,233" oya="3" hai0="124,24,9,2,53,78,121,26,108,100,86,111,4" hai1="97,95,81,46,3,105,125,104,117,28,92,34,135" hai2="90,63,61,101,99,112,131,12,93,5,50,68,75" hai3="67,23,85,25,70,128,96,64,113,119,79,35,16"/><W15/><G119/><T132/><D121/><U126/><E3/><V133/><F112/><W39/><G39/><T55/><D124/><N who="1" m="47723" /><E117/><V40/><F75/><W116/><G113/><T123/><D123/><U118/><E118/><V72/><F72/><W87/><G70/><T42/><D100/><N who="1" m="62479" /><E105/><V114/><F131/><W134/><G128/><T57/><D42/><U29/><E135/><V49/><F133/><W94/><G134/><T58/><D132/><U66/><E81/><V77/><F77/><W84/><G79/><T98/><D78/><U110/><E110/><V1/><F1/><W17/><G35/><T37/><D2/><U44/><E66/><V73/><F73/><W32/><G32/><T52/><D108/><U76/><E76/><V74/><F74/><W62/><G62/><T33/><D33/><U19/><E19/><V91/><F61/><W51/><G51/><T20/><D37/><U10/><E10/><N who="2" m="4175" /><F50/><W38/><G38/><T120/><D120/><U60/><E60/><V0/><F0/><W18/><G116/><T103/><D111/><U122/><E122/><V6/><F114/><W80/><G80/><T14/><D57/><U71/><E71/><V13/><F68/><W45/><G45/><N who="1" m="17514" /><E34/><V82/><F82/><W8/><G18/><N who="0" m="10327" /><D58/><U88/><E88/><AGARI ba="1,1" hai="8,15,16,17,23,25,64,67,84,85,87,88,94,96" machi="88" ten="40,12000,1" yaku="8,1,52,1,54,2" doraHai="89" who="3" fromWho="1" sc="240,0,210,-123,307,0,233,133" />
</Scene>
<Scene>
<INIT seed="3,2,0,4,3,11" ten="240,87,307,366" oya="3" hai0="40,30,85,7,53,44,75,130,61,87,17,45,6" hai1="52,62,71,57,95,125,69,96,82,59,55,118,37" hai2="127,123,108,67,22,129,42,102,84,35,27,21,90" hai3="46,128,13,39,34,33,134,18,0,14,117,47,110"/><W135/><G0/><T26/><D75/><U50/><E37/><V5/><F108/><W89/><G117/><T114/><D130/><U109/><E109/><V38/><F129/><W49/><G110/><T28/><D114/><U41/><E41/><V91/><F102/><W70/><G70/><T83/><D40/><U98/><E118/><V66/><F35/><N who="3" m="13323" /><G18/><T78/><D17/><U31/><E31/><N who="0" m="11817" /><D85/><U76/><E125/><V36/><F42/><N who="3" m="22879" /><G89/><T115/><D115/><U8/><E8/><V116/><F84/><W1/><G1/><T107/><D107/><U122/><E122/><V113/><F116/><W4/><G4/><N who="0" m="1579" /><D26/><U24/><E24/><V93/><F5/><W121/><G121/><T132/><D132/><N who="3" m="50729" /><G128/><T101/><D101/><U124/><E124/><V23/><F127/><W25/><G25/><T73/><D87/><U63/><E76/><V60/><F27/><W72/><G72/><T120/><D120/><U106/><E106/><V74/><F123/><W2/><G2/><T88/><D88/><U97/><E82/><V12/><F113/><W48/><G48/><T16/><D16/><U105/><E105/><V19/><F74/><W104/><G104/><T79/><D79/><U92/><E50/><V68/><F90/><W58/><G47/><T54/><D54/><AGARI ba="2,0" hai="13,14,49,54,58" m="50729,22879,13323" machi="54" ten="30,5800,0" yaku="20,1,52,2" doraHai="11" who="3" fromWho="0" sc="240,-64,87,0,307,0,366,64" />
</Scene>
<Scene>
<INIT seed="3,3,0,4,3,89" ten="176,87,307,430" oya="3" hai0="26,58,54,71,81,4,61,14,44,112,42,97,27" hai1="85,60,21,66,29,96,127,62,46,78,120,94,115" hai2="22,72,3,116,126,84,122,117,32,15,131,135,19" hai3="109,133,102,30,132,93,70,73,121,55,90,8,64"/><W65/><G73/><T33/><D33/><U79/><E120/><V18/><F72/><W40/><G102/><T67/><D112/><U25/><E115/><V45/><F45/><W12/><G121/><T80/><D97/><U48/><E127/><V6/><F84/><W16/><G30/><T9/><D27/><U41/><E85/><V125/><F122/><W20/><G109/><T59/><D26/><U31/><E29/><V75/><F75/><W63/><G8/><T52/><D54/><U107/><E107/><V49/><F49/><W23/><G20/><T76/><D76/><U130/><E130/><V35/><F131/><W34/><G34/><N who="2" m="12841" /><F135/><N who="3" m="51787" /><G40/><T91/><D91/><U105/><E105/><V82/><F125/><W7/><G7/><T17/><D4/><U68/><REACH who="1" step="1"/><E62/><REACH who="1" ten="176,77,307,430" step="2"/><V39/><F126/><W77/><G77/><T114/><D114/><U74/><E74/><V1/><F116/><W28/><G28/><T134/><D134/><U104/><E104/><V103/><F117/><W95/><G65/><T108/><D108/><U111/><E111/><V5/><F1/><W119/><G119/><T87/><D67/><U83/><E83/><V2/><F82/><W37/><G63/><T53/><D81/><U43/><E43/><V98/><F2/><W88/><G64/><N who="0" m="41359" /><D42/><U36/><E36/><V56/><F39/><W128/><G37/><T47/><D80/><U118/><E118/><V106/><F3/><W69/><G128/><T13/><D87/><U101/><AGARI ba="3,1" hai="21,25,31,41,46,48,60,66,68,78,79,94,96,101" machi="101" ten="20,8000,1" yaku="1,1,0,1,7,1,52,1,53,1" doraHai="89" doraHaiUra="92" who="1" fromWho="1" sc="176,-23,77,99,307,-23,430,-43" />
</Scene>
<Scene>
<INIT seed="4,0,0,1,2,135" ten="153,176,284,387" oya="0" hai0="83,108,75,104,131,9,52,66,46,82,107,86,11" hai1="23,38,62,16,134,39,12,69,55,21,36,13,24" hai2="53,15,124,112,6,87,45,95,37,67,80,128,74" hai3="7,14,48,101,20,3,59,41,109,57,127,54,77"/><T97/><D66/><U27/><E134/><V113/><F74/><W5/><G3/><T132/><D132/><U72/><E72/><V10/><F128/><W78/><G41/><T121/><D121/><U70/><E55/><V85/><F67/><W79/><G101/><T4/><D131/><U44/><E44/><V19/><F95/><W118/><G109/><T120/><D120/><U126/><E126/><V51/><F37/><W42/><G127/><T115/><D115/><N who="2" m="44106" /><F124/><W47/><G118/><T64/><D64/><U96/><E96/><V130/><F130/><W100/><G100/><T25/><D108/><U102/><E102/><V125/><F125/><W65/><G65/><T94/><D75/><U0/><E0/><N who="2" m="327" /><F80/><W129/><G59/><T116/><D82/><U88/><E62/><V123/><F123/><W91/><G91/><N who="0" m="55519" /><D104/><U99/><E70/><V18/><F18/><N who="3" m="10327" /><G129/><T61/><D107/><U58/><E58/><V40/><F40/><W28/><G28/><T133/><D133/><U29/><REACH who="1" step="1"/><E69/><REACH who="1" ten="153,166,284,387" step="2"/><V84/><F84/><W31/><G31/><T110/><D110/><U32/><E32/><V103/><F103/><W71/><G71/><T17/><D46/><U122/><E122/><V34/><F34/><W50/><AGARI ba="0,1" hai="5,7,42,47,48,50,54,57,77,78,79" m="10327" machi="50" ten="30,1100,0" yaku="8,1" doraHai="135" who="3" fromWho="3" sc="153,-5,166,-3,284,-3,387,21" />
</Scene>
<Scene>
<INIT seed="5,0,0,3,4,129" ten="148,163,281,408" oya="1" hai0="125,7,54,132,34,33,0,35,90,4,11,73,32" hai1="85,84,41,131,94,9,50,44,42,6,29,13,19" hai2="96,100,117,39,88,45,1,87,63,89,16,91,43" hai3="65,112,26,116,72,5,134,14,83,97,93,126,104"/><U92/><E131/><V121/><F117/><W31/><G5/><N who="0" m="1447" /><D73/><U128/><E128/><V86/><F121/><W70/><G14/><T99/><D54/><U101/><E29/><V12/><F63/><W79/><G26/><T130/><D90/><U120/><E120/><V113/><F1/><W133/><G31/><T57/><D57/><U108/><E6/><N who="0" m="2089" /><D99/><N who="1" m="59639" /><E108/><V17/><F113/><W52/><G112/><T53/><D53/><N who="1" m="29895" /><E85/><V23/><REACH who="2" step="1"/><F17/><REACH who="2" ten="148,163,271,408" step="2"/><W49/><G116/><T58/><D130/><U36/><E36/><V107/><AGARI ba="0,1" hai="12,16,23,39,43,45,86,87,88,89,91,96,100,107" machi="107" ten="30,12000,2" yaku="1,1,2,1,0,1,54,2,53,1" doraHai="129" doraHaiUra="95" who="2" fromWho="2" sc="148,-30,163,-60,271,130,408,-30" />
</Scene>
<Scene>
<INIT seed="6,0,0,1,1,130" ten="118,103,401,378" oya="2" hai0="109,92,86,100,88,49,90,103,25,12,52,15,4" hai1="42,128,39,71,114,106,113,107,70,97,119,124,85" hai2="81,55,54,33,17,74,19,84,75,135,101,6,24" hai3="120,14,73,79,111,20,91,9,45,121,35,30,34"/><V116/><F116/><W53/><G73/><T80/><D109/><U115/><E119/><V95/><F6/><W0/><G79/><T108/><D108/><U72/><E72/><V126/><F33/><W3/><G91/><T127/><D127/><U48/><E39/><V77/><F126/><W58/><G45/><N who="0" m="27695" /><D25/><U50/><E124/><V37/><F37/><W62/><G111/><T26/><D26/><U82/><E128/><V105/><F74/><W43/><G43/><T5/><D12/><U94/><E107/><V122/><F122/><W46/><G46/><T56/><D56/><U47/><E50/><V78/><F24/><N who="3" m="18759" /><G35/><T83/><D83/><U59/><E59/><V99/><F81/><W44/><G44/><T7/><D15/><U68/><E106/><V134/><F105/><W129/><G0/><T10/><D10/><U63/><E63/><V65/><F75/><W40/><G40/><T102/><D102/><U76/><REACH who="1" step="1"/><E70/><REACH who="1" ten="118,93,401,378" step="2"/><V98/><F55/><W110/><G110/><T13/><D13/><U31/><E31/><V131/><F54/><W69/><G69/><T11/><D11/><U96/><E96/><AGARI ba="0,1" hai="4,5,7,80,86,88,90,92,96,100,103" m="27695" machi="96" ten="30,3900,0" yaku="8,1,54,2" doraHai="130" who="0" fromWho="1" sc="118,49,93,-39,401,0,378,0" />
</Scene>
<Scene>
<INIT seed="7,0,0,2,5,48" ten="167,54,401,378" oya="3" hai0="114,134,13,72,64,77,73,43,62,109,39,123,63" hai1="115,120,24,128,55,122,90,95,85,45,79,81,47" hai2="131,14,99,80,93,117,71,2,57,92,132,42,129" hai3="78,12,98,4,67,106,70,58,29,69,108,46,50"/><W33/><G78/><T5/><D13/><U88/><E115/><V9/><F71/><W61/><G108/><T89/><D5/><U125/><E125/><V17/><F117/><W21/><G33/><T74/><D89/><U36/><E128/><N who="2" m="49227" /><F132/><W16/><G29/><T135/><D77/><U51/><E90/><V52/><F42/><W31/><G31/><T104/><D104/><U11/><E24/><V22/><F80/><W40/><REACH who="3" step="1"/><G4/><REACH who="3" ten="167,54,401,368" step="2"/><T96/><D109/><U97/><E11/><V3/><F9/><W107/><G107/><T35/><D35/><U30/><E30/><V116/><F116/><W84/><G84/><T44/><D74/><U91/><E79/><V23/><F23/><W32/><G32/><T10/><D73/><U105/><E105/><V124/><F124/><W118/><G118/><T82/><D72/><U119/><E119/><V133/><F133/><W37/><G37/><T19/><D39/><U20/><E20/><V113/><F113/><W130/><G130/><T60/><D114/><U110/><E110/><V8/><F8/><W28/><G28/><T100/><D10/><U6/><E6/><V38/><F38/><W112/><G112/><T34/><D34/><U18/><E18/><V25/><F25/><W103/><AGARI ba="0,1" hai="12,16,21,40,46,50,58,61,67,69,70,98,103,106" machi="103" ten="30,6000,0" yaku="1,1,0,1,54,1,53,0" doraHai="48" doraHaiUra="87" who="3" fromWho="3" sc="167,-20,54,-20,401,-20,368,70" owari="147,-25.0,34,-47.0,381,18.0,438,54.0" />
</Scene>
</mjloggm>