<mjloggm ver="2.3"><GO type="169" lobby="0"/><UN n0="%6D%6F%6E%65%79%2E%2E%2E" n1="%E8%A9%A6%E7%B7%B4%E3%83%8E%E9%BE%8D%E3%83%BB%E6%94%B9" n2="%E6%81%8B%E3%81%99%E3%82%8B%E6%83%91%E6%98%9F" n3="%E5%A4%AA%E3%81%8F%E3%81%AA%E3%81%84%E3%81%8A" dan="16,16,16,18" rate="2101.58,2067.28,2148.41,2206.67" sx="M,M,F,M"/><TAIKYOKU oya="0"/>

<Scene>
<INIT seed="0,0,0,3,1,108" ten="250,250,250,250" oya="0" hai0="101,74,86,130,87,123,28,103,30,120,115,1,10" hai1="96,107,132,73,99,131,60,75,70,4,71,13,59" hai2="125,7,23,64,79,124,77,17,56,88,36,126,67" hai3="98,31,38,11,111,40,82,117,85,21,102,49,116"/><T57/><D74/><U91/><E131/><V127/><F36/><W43/><G38/><T133/><D130/><U110/><E110/><V42/><F42/><W114/><G111/><T66/><D133/><U27/><E107/><V76/><F7/><W97/><G11/><T69/><D69/><U34/><E132/><V29/><F29/><W32/><G32/><T100/><D10/><U41/><E41/><V129/><F129/><W122/><G122/><N who="0" m="46635" /><D1/><U16/><E73/><V118/><F118/><W33/><G33/><T48/><D48/><U112/><E75/><V72/><F72/><W46/><G43/><T134/><D134/><U18/><E4/><V62/><N who="2" m="31744" /><DORA hai="128" /><V6/><F6/><W12/><G31/><N who="0" m="11819" /><D57/><U14/><E34/><V37/><F37/><W52/><G40/><T53/><D53/><U5/><E59/><V78/><N who="2" m="19456" /><DORA hai="113" /><V61/><F88/><W109/><G109/><T81/><D81/><U89/><E5/><V84/><F84/><N who="0" m="32298" /><D66/><U47/><E70/><V9/><F9/><W121/><G82/><T0/><D0/><U24/><E71/><V68/><F23/><W65/><G21/><T35/><D35/><U3/><E3/><V135/><REACH who="2" step="1"/><F135/><REACH who="2" ten="250,250,240,250" step="2"/><W90/><G85/><T39/><D39/><U83/><E89/><V104/><F104/><W54/><G90/><T94/><D94/><U92/><E91/><V55/><F55/><W19/><G52/><T80/><D80/><U25/><E92/><V45/><F45/><W2/><G46/><T106/><D106/><U95/><E47/><V8/><F8/><W51/><G54/><RYUUKYOKU ba="0,1" sc="250,15,250,-15,240,15,250,-15" hai0="100,101,103,115" hai2="17,56,61,62,64,67,68" />
</Scene>
<Scene>
<INIT seed="0,1,1,3,1,47" ten="265,235,255,235" oya="0" hai0="104,80,44,75,13,124,130,60,86,95,107,16,97" hai1="116,24,109,128,53,64,108,100,118,52,50,126,99" hai2="88,102,35,103,89,127,27,28,31,21,57,131,77" hai3="61,114,83,111,9,106,122,48,22,0,15,25,90"/><T40/><D124/><U94/><E126/><V32/><F127/><W81/><G114/><T105/><D130/><U55/><E128/><V29/><F131/><W63/><G106/><T33/><D33/><U125/><E64/><V133/><F133/><W6/><G111/><N who="1" m="42570" /><E125/><V23/><F77/><W98/><G0/><T110/><D110/><U12/><E24/><V85/><F31/><W79/><G122/><T18/><D75/><U82/><E82/><V113/><F27/><W59/><G98/><T38/><D60/><N who="3" m="23113" /><G90/><T8/><D18/><U41/><E12/><V10/><F57/><W101/><G101/><T71/><D71/><U91/><E100/><V68/><F85/><W115/><G79/><T67/><D67/><U20/><E20/><V26/><F26/><W14/><G14/><T45/><D45/><AGARI ba="1,1" hai="41,45,50,52,53,55,91,94,99,116,118" m="42570" machi="45" ten="30,3900,0" yaku="14,1,52,1,54,1" doraHai="47" who="1" fromWho="0" sc="265,-42,235,52,255,0,235,0" />
</Scene>
<Scene>
<INIT seed="1,0,0,0,1,32" ten="223,287,255,235" oya="1" hai0="119,106,3,27,63,90,58,69,62,112,94,101,55" hai1="95,26,11,124,36,46,84,72,102,107,82,53,123" hai2="110,4,105,70,74,122,43,83,61,75,23,2,99" hai3="133,67,47,91,38,73,28,120,39,80,96,66,104"/><U59/><E124/><V51/><F122/><W34/><G120/><T108/><D112/><U21/><E72/><V89/><F110/><W130/><G28/><T117/><D108/><U25/><E107/><V103/><F74/><W128/><G34/><T127/><D127/><U40/><E123/><V129/><F129/><N who="3" m="49771" /><G133/><T1/><D101/><U16/><E11/><V45/><F23/><W79/><G91/><T54/><D27/><U65/><E65/><N who="3" m="24586" /><G47/><T29/><D29/><U14/><E102/><AGARI ba="0,0" hai="38,39,73,79,80,96,102,104" m="24586,49771" machi="102" ten="30,1000,0" yaku="19,1" doraHai="32" who="3" fromWho="1" sc="223,0,287,-10,255,0,235,10" />
</Scene>
<Scene>
<INIT seed="2,0,0,5,2,61" ten="223,277,255,245" oya="2" hai0="60,95,101,128,75,3,122,19,71,27,0,107,62" hai1="76,85,14,87,18,73,57,13,12,130,15,90,89" hai2="82,119,36,33,134,32,91,6,2,21,37,17,115" hai3="94,120,40,86,52,69,84,26,25,112,4,102,98"/><V44/><F119/><W54/><G120/><T96/><D122/><U135/><E130/><V48/><F115/><W45/><G69/><T30/><D75/><U121/><E121/><V10/><F134/><W118/><G118/><T29/><D128/><U56/><E135/><V68/><F68/><W93/><G4/><T124/><D124/><U50/><E73/><V59/><F59/><W9/><G9/><T114/><D114/><U81/><E50/><V123/><F123/><W133/><G133/><T80/><D80/><U83/><REACH who="1" step="1"/><E76/><REACH who="1" ten="223,267,255,245" step="2"/><V53/><F36/><W108/><G112/><T67/><D60/><U38/><E38/><V127/><F37/><W51/><G108/><T7/><D95/><U111/><E111/><V100/><F127/><W22/><G94/><T92/><D92/><U77/><E77/><V132/><F132/><W79/><G79/><T5/><D30/><U66/><E66/><V42/><F100/><W126/><G126/><T11/><D19/><U35/><E35/><V70/><F17/><W104/><G93/><T105/><D105/><U20/><AGARI ba="0,1" hai="12,13,14,15,18,20,56,57,81,83,85,87,89,90" machi="20" ten="30,12000,2" yaku="1,1,0,1,9,1,8,1,53,2" doraHai="61" doraHaiUra="55" who="1" fromWho="1" sc="223,-30,267,130,255,-60,245,-30" />
</Scene>
<Scene>
<INIT seed="3,0,0,4,2,109" ten="193,397,195,215" oya="3" hai0="98,39,130,5,75,81,91,49,48,10,83,36,67" hai1="114,92,43,97,117,118,12,101,86,55,134,112,73" hai2="9,94,33,2,95,133,93,29,23,54,3,25,21" hai3="66,1,82,80,28,90,77,59,122,79,84,38,42"/><W60/><G122/><T102/><D130/><U129/><E43/><V106/><F106/><W88/><G1/><T71/><D49/><U120/><E120/><V87/><F133/><W32/><G32/><T105/><D48/><U76/><E129/><V57/><F87/><W124/><G124/><T35/><D81/><N who="1" m="47399" /><E134/><V0/><REACH who="2" step="1"/><F9/><REACH who="2" ten="193,397,185,215" step="2"/><W107/><G107/><T37/><D75/><U99/><E73/><V104/><F104/><W111/><G111/><T125/><D125/><U26/><E99/><V74/><F74/><W24/><G79/><T11/><D11/><U123/><E123/><V41/><F41/><W17/><G77/><T16/><D105/><U85/><E85/><V19/><F19/><W15/><G84/><T34/><D16/><U68/><E97/><V89/><F89/><W6/><G17/><T64/><D91/><U22/><E101/><V31/><F31/><W119/><G90/><T116/><D83/><U78/><E78/><V53/><F53/><W63/><G88/><T58/><D98/><U20/><E55/><V45/><F45/><N who="3" m="23767" /><G82/><T7/><D102/><U65/><E92/><V30/><F30/><W132/><G80/><T70/><D10/><U27/><E118/><V69/><F69/><N who="3" m="42183" /><G132/><T62/><D116/><U128/><E117/><V126/><F126/><W4/><G119/><T103/><D103/><U13/><E128/><V56/><F56/><W61/><G59/><T121/><D121/><U52/><E68/><N who="0" m="26153" /><D67/><U110/><E65/><V44/><F44/><W18/><G18/><T72/><D72/><U100/><E100/><V113/><F113/><RYUUKYOKU ba="0,1" sc="193,15,397,-15,185,15,215,-15" hai0="5,7,34,35,36,37,39,58,62,64" hai2="0,2,3,21,23,25,29,33,54,57,93,94,95" />
</Scene>
<Scene>
<INIT seed="4,1,1,1,0,129" ten="208,382,200,200" oya="0" hai0="84,111,39,97,30,58,6,46,86,110,45,51,63" hai1="11,9,16,65,116,100,128,78,4,85,42,35,67" hai2="114,124,89,106,33,131,109,88,41,23,37,52,44" hai3="36,70,12,19,130,99,32,47,105,73,126,81,24"/><T64/><D6/><U72/><E35/><V22/><F131/><W95/><G70/><T75/><D75/><U133/><E72/><V66/><F109/><N who="0" m="41482" /><D30/><U0/><E128/><V53/><F33/><W48/><G36/><T49/><D39/><U40/><E116/><V34/><F34/><W61/><G105/><T113/><D97/><U134/><E100/><V123/><F123/><W90/><G130/><T83/><D113/><U71/><E78/><V82/><F106/><W13/><G126/><T77/><D84/><U117/><E85/><V107/><F107/><W80/><G73/><T60/><D60/><U8/><E117/><V17/><F124/><W102/><G61/><T135/><D135/><N who="1" m="51723" /><E67/><V2/><F114/><W118/><G118/><T27/><D27/><U1/><E16/><V54/><F66/><W122/><G122/><T59/><D51/><U18/><E18/><V20/><F17/><W103/><G32/><T43/><D49/><U29/><E29/><V15/><F37/><W87/><G103/><T69/><D64/><U68/><E4/><V115/><F115/><W57/><G24/><T3/><D86/><U93/><E93/><V5/><F89/><W119/><G119/><T76/><D76/><U62/><E71/><V14/><F88/><W112/><G112/><T120/><D77/><U10/><N who="1" m="2048" /><DORA hai="121" /><U101/><E101/><V31/><F31/><W79/><G19/><T7/><D7/><U125/><E125/><V104/><F104/><W108/><G108/><T25/><D120/><U132/><E132/><V50/><F82/><N who="3" m="49527" /><G79/><T26/><D69/><RYUUKYOKU ba="1,1" sc="208,-15,382,15,200,15,200,-15" hai1="0,1,40,42,62,65,68" hai2="2,5,14,15,20,22,23,41,44,50,52,53,54" />
</Scene>
<Scene>
<INIT seed="5,2,1,5,1,31" ten="193,397,215,185" oya="1" hai0="125,131,92,100,91,115,22,82,127,54,12,37,123" hai1="88,32,5,78,72,19,58,61,106,119,114,47,25" hai2="81,113,93,109,6,49,124,1,18,105,4,21,85" hai3="122,102,11,83,80,94,2,67,17,111,44,16,90"/><U130/><E114/><V57/><F105/><W65/><G111/><T20/><D37/><U112/><E112/><V60/><F109/><W70/><G122/><T10/><D115/><U96/><E130/><V118/><F113/><W8/><G102/><T14/><D131/><U40/><E5/><V48/><F118/><W68/><G44/><T74/><D100/><U95/><E119/><V121/><F121/><W108/><G108/><T23/><D123/><U45/><E106/><V128/><F128/><W64/><G2/><T51/><D82/><N who="3" m="31273" /><G70/><T77/><D77/><U34/><E78/><N who="2" m="46263" /><F124/><N who="0" m="47690" /><D10/><N who="3" m="3625" /><G68/><T126/><D74/><U71/><E71/><V84/><F1/><W89/><G94/><T110/><D110/><U104/><E104/><V133/><F6/><W56/><G56/><N who="0" m="32863" /><D126/><U117/><E72/><V42/><F4/><W55/><G55/><T46/><D46/><U35/><E117/><V66/><F57/><W120/><G120/><T132/><D132/><U76/><E76/><V87/><F133/><W13/><G13/><T7/><D7/><U3/><E3/><V53/><F53/><W69/><G69/><T135/><D135/><U98/><E40/><V62/><F42/><W101/><G101/><T39/><D39/><U79/><E79/><V116/><F116/><W36/><G36/><T43/><D43/><U50/><E47/><V103/><F103/><W129/><G129/><T73/><D73/><U63/><E45/><V0/><F0/><W97/><G97/><AGARI ba="2,1" hai="12,14,20,22,23,91,92,97" m="32863,47690" machi="97" ten="30,1000,0" yaku="18,1" doraHai="31" who="0" fromWho="3" sc="193,26,397,0,215,0,185,-16" />
</Scene>
<Scene>
<INIT seed="6,0,0,0,4,63" ten="219,397,215,169" oya="2" hai0="37,22,62,112,89,122,55,46,97,72,61,9,114" hai1="121,115,92,59,44,2,18,120,133,128,47,27,94" hai2="91,101,83,76,111,131,31,67,26,127,52,80,78" hai3="118,125,14,79,15,98,107,106,66,50,64,39,86"/><V117/><F117/><W123/><G118/><T105/><D72/><U34/><E2/><V30/><F131/><W24/><G39/><T116/><D122/><U25/><E115/><N who="0" m="44073" /><D116/><U135/><E18/><V32/><F31/><W19/><G123/><T85/><D9/><U108/><E108/><V81/><F111/><W28/><G125/><T126/><D22/><U4/><E59/><V99/><F91/><W56/><G107/><T93/><D126/><U1/><E1/><V0/><F0/><W130/><G130/><T71/><D71/><U40/><E128/><V5/><F5/><W43/><G106/><T8/><D8/><U73/><E40/><V124/><F124/><W3/><G3/><T87/><D87/><U16/><E4/><V134/><F127/><W75/><G75/><T10/><D10/><U113/><E113/><V68/><F134/><W35/><G98/><T21/><D21/><U119/><E119/><V96/><F96/><W109/><G109/><T100/><D55/><U54/><E54/><V7/><F7/><W132/><G132/><T51/><D51/><U74/><E16/><V53/><F78/><W88/><G79/><T36/><D36/><U57/><E57/><V77/><F76/><W60/><G19/><T103/><D103/><U69/><E69/><V65/><F77/><W6/><G6/><T13/><D13/><U84/><E84/><V129/><F129/><W102/><G102/><T17/><D17/><U33/><AGARI ba="0,0" hai="25,27,33,34,44,47,73,74,92,94,120,121,133,135" machi="33" ten="25,3200,0" yaku="0,1,22,2" doraHai="63" who="1" fromWho="1" sc="219,-8,397,32,215,-16,169,-8" />
</Scene>
<Scene>
<INIT seed="7,0,0,1,0,81" ten="211,429,199,161" oya="3" hai0="74,1,79,86,105,116,99,31,38,95,32,59,78" hai1="118,94,106,33,2,24,73,62,50,12,121,41,91" hai2="102,129,42,122,49,60,80,85,71,101,40,20,22" hai3="7,48,126,113,28,133,96,52,6,17,130,13,115"/><W21/><G130/><T61/><D38/><U69/><E106/><V65/><F129/><W104/><G133/><T15/><D1/><U19/><E2/><V45/><F42/><W111/><G126/><T119/><D15/><U92/><E73/><V117/><F117/><W36/><G36/><T3/><D3/><U72/><E72/><V76/><F122/><W53/><G111/><T66/><D78/><U57/><E50/><V98/><F101/><N who="3" m="62503" /><G28/><T132/><D132/><U87/><E19/><V131/><F131/><W44/><G53/><T37/><D37/><U75/><E12/><V107/><AGARI ba="0,0" hai="20,22,40,45,49,60,65,71,76,80,85,98,102,107" machi="107" ten="20,2700,0" yaku="0,1,7,1,52,1" doraHai="81" who="2" fromWho="2" sc="211,-7,429,-7,199,27,161,-13" owari="204,-20.0,422,52.0,226,3.0,148,-35.0" />
</Scene>
</mjloggm>