<mjloggm ver="2.3"><GO type="169" lobby="0"/><UN n0="%73%5F%6F%6B" n1="%E4%B8%AD%E6%9D%91%E8%B1%AA" n2="%E5%A4%AA%E3%81%8F%E3%81%AA%E3%81%84%E3%81%8A" n3="%E3%82%BC%E3%83%AD%E3%82%B9%E3%83%93%E3%83%BC%E3%83%88" dan="17,16,17,16" rate="2141.03,2131.02,2218.42,2122.89" sx="M,M,M,F"/><TAIKYOKU oya="0"/>

<Scene>
<INIT seed="0,0,0,3,1,115" ten="250,250,250,250" oya="0" hai0="130,83,11,5,89,17,129,78,48,57,128,65,100" hai1="25,19,106,121,60,15,97,73,2,113,86,23,119" hai2="6,85,95,38,125,53,94,4,67,35,0,101,90" hai3="64,87,80,45,7,102,69,50,54,108,135,61,39"/><T43/><D100/><U66/><E73/><V122/><F122/><W1/><G108/><T118/><D89/><U10/><E113/><V47/><F35/><W29/><G135/><T27/><D65/><U91/><E121/><V116/><F125/><W123/><G123/><T117/><D27/><U32/><E2/><V70/><F0/><W96/><G29/><T51/><D17/><U71/><E119/><N who="0" m="45577" /><D57/><U26/><E32/><V126/><F126/><W18/><G18/><T16/><D16/><U62/><E62/><V63/><F116/><W41/><G1/><N who="0" m="431" /><D43/><U74/><E19/><V22/><F22/><W75/><G7/><T59/><D59/><U55/><E23/><V21/><F21/><W3/><G3/><T98/><D98/><U14/><E97/><V124/><F124/><W103/><G96/><T42/><D42/><U31/><E26/><V104/><F94/><W81/><G87/><AGARI ba="0,0" hai="48,51,78,83,87,128,129,130" m="431,45577" machi="87" ten="40,12000,1" yaku="19,1,52,3" doraHai="115" who="0" fromWho="3" sc="250,120,250,0,250,0,250,-120" />
</Scene>
<Scene>
<INIT seed="0,1,0,2,5,4" ten="370,250,250,130" oya="0" hai0="127,48,31,134,29,27,22,53,68,12,52,128,16" hai1="11,46,39,84,90,9,23,1,54,26,91,85,60" hai2="79,94,19,87,28,107,76,61,69,97,42,96,34" hai3="58,109,44,117,33,72,131,122,102,37,89,40,38"/><T63/><D127/><U112/><E112/><V32/><F42/><W83/><G117/><T15/><D128/><U111/><E111/><V77/><F19/><W110/><G33/><T115/><D115/><U66/><E1/><V50/><F50/><W106/><G131/><T5/><D134/><U80/><E39/><V3/><F3/><W100/><G122/><T56/><D68/><U75/><E75/><V92/><F87/><W93/><G58/><T2/><D2/><U129/><E129/><V95/><F28/><N who="0" m="10826" /><D5/><U36/><E36/><V47/><F47/><AGARI ba="1,0" hai="12,15,16,22,27,47,48,52,53,56,63" m="10826" machi="47" ten="30,5800,0" yaku="8,1,54,2" doraHai="4" who="0" fromWho="2" sc="370,61,250,0,250,-61,130,0" />
</Scene>
<Scene>
<INIT seed="0,2,0,4,5,94" ten="431,250,189,130" oya="0" hai0="117,14,17,104,101,135,81,13,103,29,36,47,15" hai1="115,48,22,41,121,86,56,43,33,39,42,9,58" hai2="7,87,79,92,131,65,52,112,75,37,23,44,4" hai3="78,119,66,133,38,67,51,21,2,114,64,80,74"/><T40/><D117/><U116/><E33/><V134/><F112/><W59/><G114/><T106/><D29/><U12/><E115/><V24/><F75/><W118/><G38/><T54/><D135/><U97/><E39/><V110/><F134/><W95/><G2/><T70/><D70/><U126/><E126/><V98/><F110/><W61/><G133/><T132/><D132/><U20/><E121/><V0/><F131/><W91/><G21/><N who="1" m="8298" /><E116/><V100/><F65/><W124/><G124/><T84/><D17/><N who="1" m="8335" /><E48/><N who="2" m="28679" /><F37/><W30/><G30/><T125/><D125/><U76/><E97/><V128/><F0/><W72/><G72/><T45/><D106/><U122/><E122/><V25/><F128/><W1/><G1/><T69/><D69/><U93/><E93/><V49/><F49/><W16/><G51/><T107/><D107/><U46/><E46/><V53/><F53/><W105/><G105/><T109/><D109/><U8/><E8/><V35/><F35/><W99/><G118/><T123/><D123/><U31/><E31/><N who="2" m="17823" /><F25/><W130/><G119/><T96/><D54/><U27/><E27/><V85/><F85/><W102/><G130/><T108/><D108/><U60/><E60/><V5/><F7/><W26/><G26/><T73/><D73/><U19/><E19/><V50/><F50/><W120/><G120/><T88/><D45/><U90/><E76/><V129/><F129/><W3/><G3/><T34/><D34/><U55/><E55/><V127/><F127/><W62/><G16/><T71/><D71/><U63/><E63/><N who="3" m="24074" /><G59/><T113/><D113/><RYUUKYOKU ba="2,0" sc="431,0,250,0,189,0,130,0" hai0="13,14,15,36,40,47,81,84,88,96,101,103,104" hai1="41,42,43,56,58,86,90" hai2="4,5,79,87,92,98,100" hai3="64,66,67,74,78,80,91,95,99,102" />
</Scene>
<Scene>
<INIT seed="0,3,0,1,2,104" ten="431,250,189,130" oya="0" hai0="83,40,121,19,95,123,100,79,118,98,20,8,7" hai1="53,17,41,50,70,131,43,89,51,44,45,77,52" hai2="25,99,61,80,116,72,120,42,0,14,128,6,65" hai3="31,60,71,46,37,32,97,23,76,48,49,106,4"/><T16/><D118/><U101/><E101/><V109/><F120/><W134/><G32/><T87/><D40/><N who="1" m="15435" /><E77/><V127/><F116/><W21/><G37/><T15/><REACH who="0" step="1"/><D19/><REACH who="0" ten="421,250,189,130" step="2"/><U96/><E17/><V119/><F119/><W1/><G134/><T130/><D130/><U91/><E131/><V84/><F128/><W112/><G112/><T81/><D81/><U63/><E44/><V54/><F80/><W28/><G46/><T22/><D22/><U110/><E45/><V108/><F42/><W11/><G21/><T10/><D10/><U132/><E132/><V82/><F82/><W33/><G23/><T113/><D113/><U105/><E110/><V38/><F108/><W92/><G11/><T73/><D73/><U78/><E78/><V9/><F72/><W86/><G76/><T2/><AGARI ba="3,1" hai="2,7,8,15,16,20,79,83,87,95,98,100,121,123" machi="2" ten="20,7800,0" yaku="1,1,0,1,7,1,54,1,53,0" doraHai="104" doraHaiUra="68" who="0" fromWho="0" sc="421,97,250,-29,189,-29,130,-29" />
</Scene>
<Scene>
<INIT seed="0,4,0,0,3,8" ten="518,221,160,101" oya="0" hai0="42,39,107,4,17,81,18,9,28,86,127,1,72" hai1="125,113,99,84,126,73,112,101,58,30,67,93,87" hai2="123,117,45,119,85,68,64,77,44,24,29,31,6" hai3="21,14,32,83,88,53,75,34,65,114,25,79,124"/><T43/><D127/><N who="1" m="48651" /><E30/><V70/><F123/><W118/><G114/><N who="1" m="44138" /><E67/><V20/><F6/><W100/><G118/><N who="2" m="45065" /><F29/><W129/><G100/><T134/><D28/><U89/><E58/><V63/><F70/><W116/><G129/><T76/><D107/><N who="1" m="63935" /><E73/><V92/><F45/><W94/><G124/><T96/><D43/><U56/><E56/><V33/><F44/><W131/><G131/><T10/><D42/><U2/><E2/><V110/><F33/><W52/><G65/><T135/><D39/><U102/><E102/><V12/><F64/><W111/><G116/><T95/><D72/><U105/><E105/><V106/><F106/><W35/><G111/><T16/><D10/><U98/><AGARI ba="4,0" hai="84,87,89,93,98" m="63935,44138,48651" machi="98" ten="30,7900,0" yaku="18,1,11,1,34,2" doraHai="8" who="1" fromWho="1" sc="518,-43,221,91,160,-24,101,-24" />
</Scene>
<Scene>
<INIT seed="1,0,0,3,0,110" ten="475,312,136,77" oya="1" hai0="26,74,34,131,128,25,134,65,78,4,49,42,56" hai1="73,92,120,124,75,64,95,24,135,67,119,102,18" hai2="101,40,121,103,3,45,97,115,72,17,12,99,89" hai3="132,7,70,6,28,122,127,113,23,133,68,1,129"/><U125/><E119/><V33/><F121/><W126/><G70/><T54/><D134/><N who="3" m="51817" /><G68/><T109/><D109/><U50/><E120/><V14/><F3/><W62/><G62/><T32/><D4/><N who="3" m="1577" /><G122/><T83/><D42/><U20/><E135/><V85/><F72/><W30/><G129/><N who="0" m="49739" /><D65/><U16/><E50/><N who="2" m="26919" /><F33/><AGARI ba="0,0" hai="25,26,32,33,34,49,54,56,74,78,83" m="49739" machi="33" ten="30,1000,0" yaku="19,1" doraHai="110" who="0" fromWho="2" sc="475,10,312,0,136,-10,77,0" />
</Scene>
<Scene>
<INIT seed="2,0,0,1,0,97" ten="485,312,126,77" oya="2" hai0="22,66,96,108,71,25,62,14,65,21,117,69,54" hai1="23,45,102,91,8,85,95,1,111,53,64,83,118" hai2="100,36,41,31,128,60,87,114,12,34,68,48,17" hai3="90,57,94,82,24,120,129,13,112,51,37,10,70"/><V79/><F114/><W2/><G112/><T77/><D108/><U103/><E118/><V122/><F122/><W73/><G37/><T72/><D117/><U19/><E111/><V4/><F36/><W50/><G120/><T58/><D77/><N who="1" m="46319" /><E1/><V3/><F128/><W121/><G70/><T110/><D72/><U101/><E64/><V46/><F3/><W125/><G125/><T127/><D127/><U84/><E8/><N who="2" m="4103" /><F17/><W98/><G129/><T32/><D110/><U61/><E45/><V107/><F68/><W105/><G2/><T9/><D32/><U86/><E86/><V78/><F34/><W56/><G24/><T93/><D71/><U89/><E89/><V123/><F123/><W115/><G115/><T40/><D40/><U67/><E67/><V6/><F6/><N who="3" m="3287" /><G105/><T47/><D47/><U130/><E130/><V33/><F33/><W133/><G73/><T18/><D69/><U29/><E29/><V30/><F79/><W126/><G126/><T131/><D131/><U116/><E116/><V20/><F20/><W44/><G121/><T113/><D21/><U106/><E106/><V59/><F107/><W80/><G44/><T38/><D38/><U11/><E11/><V26/><F30/><W132/><G57/><T109/><D113/><U27/><E53/><N who="2" m="33903" /><F31/><W7/><G7/><T119/><D109/><U99/><E61/><V49/><F49/><N who="3" m="18443" /><G56/><T55/><D119/><U134/><E23/><V42/><F42/><W0/><G0/><T88/><D55/><U63/><E63/><V16/><F41/><W39/><G39/><T15/><D9/><RYUUKYOKU ba="0,0" sc="485,15,312,-15,126,-15,77,15" hai0="14,15,18,22,25,54,58,62,65,66,88,93,96" hai3="80,82,90,94,98,132,133" />
</Scene>
<Scene>
<INIT seed="3,1,0,1,0,16" ten="500,297,111,92" oya="3" hai0="38,70,94,77,14,68,57,28,78,55,59,119,18" hai1="2,22,83,52,49,98,129,64,123,45,61,34,35" hai2="53,56,131,76,63,12,127,97,107,15,110,9,92" hai3="40,1,13,75,24,90,41,96,51,108,62,60,33"/><W106/><G75/><T81/><D38/><U5/><E123/><V31/><F110/><W84/><G1/><T27/><D119/><U105/><E129/><V117/><F117/><W118/><G118/><T73/><D78/><U36/><E36/><V32/><F107/><W95/><G108/><T135/><D94/><U74/><E74/><V42/><F131/><W65/><G13/><T20/><D135/><U128/><E128/><V101/><F127/><W4/><G4/><T125/><D125/><U80/><E5/><V37/><F76/><W109/><G109/><T112/><D112/><U104/><E2/><V3/><F3/><W130/><G130/><T87/><D73/><U72/><E72/><V39/><F42/><W121/><G121/><T114/><D114/><U86/><E83/><V58/><F15/><W47/><G41/><T66/><D66/><U103/><E104/><V126/><F126/><W89/><G65/><T11/><D59/><U120/><E120/><V71/><F71/><W113/><G113/><T48/><AGARI ba="1,0" hai="11,14,18,20,27,28,48,55,57,68,70,77,81,87" machi="48" ten="20,2700,0" yaku="0,1,7,1,52,1" doraHai="16" who="0" fromWho="0" sc="500,30,297,-8,111,-8,92,-14" />
</Scene>
<Scene>
<INIT seed="4,0,0,1,4,11" ten="530,289,103,78" oya="0" hai0="1,20,77,52,124,56,112,22,35,41,71,67,121" hai1="4,76,82,122,85,103,5,60,10,105,49,84,44" hai2="73,97,19,12,0,135,29,134,92,34,40,123,118" hai3="88,68,6,27,79,127,61,25,131,48,31,87,70"/><T3/><D35/><U57/><E122/><V117/><F0/><W107/><G107/><T46/><D121/><U74/><E103/><N who="2" m="60839" /><F123/><W65/><G131/><T7/><D112/><U101/><E101/><V47/><F73/><W95/><G127/><T104/><D104/><U59/><E105/><V15/><F29/><W119/><G119/><N who="2" m="45577" /><F34/><W78/><G68/><T130/><D124/><U99/><E99/><V75/><F75/><W120/><G120/><T24/><D130/><U9/><E84/><V66/><F66/><W28/><G6/><N who="1" m="2666" /><E74/><V21/><F15/><W125/><G125/><T26/><D77/><U18/><E18/><V96/><F96/><W32/><REACH who="3" step="1"/><G48/><AGARI ba="0,0" hai="12,19,21,40,47,48,134,135" m="45577,60839" machi="48" ten="30,2000,0" yaku="12,1,52,1" doraHai="11" who="2" fromWho="3" sc="530,0,289,0,103,20,78,-20" />
</Scene>
<Scene>
<INIT seed="5,0,0,4,2,97" ten="530,289,123,58" oya="1" hai0="3,7,130,49,124,9,64,91,25,78,84,2,116" hai1="108,31,86,126,118,55,51,69,29,115,21,12,32" hai2="34,76,89,62,105,110,112,132,92,66,41,35,114" hai3="87,56,122,106,113,70,93,82,38,10,17,135,65"/><U0/><E69/><V15/><F105/><W28/><G122/><T4/><D116/><U23/><E118/><V45/><F110/><W95/><G38/><T134/><D124/><U26/><E0/><V11/><F76/><W24/><G106/><T104/><D64/><U37/><E37/><N who="2" m="21679" /><F132/><W79/><G135/><T20/><D130/><U22/><E108/><V77/><F77/><W111/><G111/><T125/><D78/><U103/><E115/><N who="2" m="44075" /><F89/><W119/><G119/><T1/><D125/><U74/><E74/><V27/><F92/><W71/><G113/><T40/><D104/><U52/><E126/><V101/><F27/><W83/><G83/><T18/><D134/><U46/><E86/><V131/><F131/><W60/><G71/><T44/><D7/><U109/><E109/><V129/><F101/><W99/><G70/><T19/><D19/><U39/><E31/><V117/><F129/><W67/><G67/><T98/><D98/><U59/><E103/><V81/><F81/><AGARI ba="0,0" hai="1,2,3,4,9,18,20,25,40,44,49,81,84,91" machi="81" ten="30,1000,0" yaku="7,1" doraHai="97" who="0" fromWho="2" sc="530,10,289,0,123,-10,58,0" />
</Scene>
<Scene>
<INIT seed="6,0,0,1,0,103" ten="540,289,113,58" oya="2" hai0="79,97,39,60,119,55,25,50,41,2,90,88,115" hai1="28,37,43,78,24,135,14,92,107,80,6,93,44" hai2="23,134,109,124,129,104,130,46,94,73,74,49,131" hai3="32,47,38,76,112,69,87,9,118,127,42,133,81"/><V45/><F124/><W27/><G118/><T91/><D2/><U62/><E107/><V82/><F134/><W67/><G127/><T121/><D39/><U77/><E77/><V48/><F109/><W1/><G133/><T132/><D121/><U57/><E14/><V75/><F104/><W17/><G112/><T30/><D119/><U59/><E6/><V22/><F82/><W12/><G67/><T125/><D125/><U33/><E57/><V86/><F86/><W63/><G63/><T89/><D79/><U68/><E68/><V113/><F94/><W84/><G69/><T8/><D8/><U29/><E29/><V128/><F113/><W5/><G32/><T51/><D115/><U71/><E71/><V110/><F110/><W36/><G27/><T0/><D0/><U15/><E15/><V20/><N who="2" m="32768" /><DORA hai="101" /><V52/><F20/><W102/><G102/><T108/><D108/><U120/><E120/><V40/><AGARI ba="0,0" hai="22,23,40,45,46,48,49,52,73,74,75" m="32768" machi="40" ten="70,12000,1" yaku="0,1,19,1,54,1" doraHai="103,101" who="2" fromWho="2" sc="540,-40,289,-40,113,120,58,-40" />
</Scene>
<Scene>
<INIT seed="6,1,0,0,1,2" ten="500,249,233,18" oya="2" hai0="7,113,102,67,94,8,34,51,38,134,89,35,54" hai1="41,88,0,50,63,56,75,128,116,65,55,74,17" hai2="59,45,90,29,13,73,48,110,117,31,57,133,36" hai3="3,77,79,107,11,114,12,15,104,129,125,106,20"/><V103/><F117/><W47/><G129/><T22/><D113/><U99/><E0/><V64/><F36/><W5/><G125/><T135/><D102/><U126/><E116/><V10/><F73/><W53/><G114/><T115/><D67/><U120/><E128/><V4/><F133/><N who="0" m="50698" /><D22/><U85/><E99/><V24/><F110/><W28/><G47/><N who="0" m="28031" /><D38/><U23/><E41/><V82/><F103/><W46/><G46/><T49/><D49/><U132/><E120/><V121/><F121/><W124/><G124/><T40/><D40/><U19/><E19/><V66/><F66/><W43/><G43/><T62/><D62/><U100/><E100/><V101/><F101/><W37/><G37/><T14/><D115/><U58/><E126/><V105/><F105/><W122/><G122/><T98/><AGARI ba="1,0" hai="7,8,14,34,35,89,94,98" m="28031,50698" machi="98" ten="30,2000,0" yaku="20,1,52,1" doraHai="2" who="0" fromWho="0" sc="500,23,249,-6,233,-11,18,-6" />
</Scene>
<Scene>
<INIT seed="7,0,0,0,3,96" ten="523,243,222,12" oya="3" hai0="112,58,123,68,14,34,120,72,28,77,38,15,92" hai1="60,61,50,39,111,91,67,0,79,4,82,12,56" hai2="20,128,25,102,9,100,83,129,49,101,55,3,88" hai3="125,10,17,47,110,94,44,29,66,80,133,78,122"/><W109/><G122/><T71/><D38/><U35/><E39/><V31/><F88/><W45/><G125/><T33/><D58/><N who="1" m="37303" /><E35/><V121/><F121/><W24/><G66/><T117/><D92/><U107/><E107/><V11/><F83/><W62/><G62/><T42/><D42/><U54/><E0/><V104/><F104/><W86/><G133/><T106/><D106/><U8/><E79/><V64/><F64/><W87/><G94/><T115/><D77/><U27/><E27/><V84/><F84/><W73/><G73/><T85/><D85/><N who="1" m="50615" /><E111/><N who="3" m="42506" /><G87/><T103/><D28/><U18/><E4/><V51/><F51/><AGARI ba="0,0" hai="8,12,18,50,51,54,56,60" m="50615,37303" machi="51" ten="30,1000,0" yaku="8,1" doraHai="96" who="1" fromWho="2" sc="523,0,243,10,222,-10,12,0" owari="523,63.0,253,5.0,212,-19.0,12,-49.0" />
</Scene>
</mjloggm>