<mjloggm ver="2.3"><GO type="169" lobby="0"/><UN n0="%E6%9C%80%E5%BC%B7%E3%83%9A%E3%83%81%E3%83%A7%E3%83%BC%E3%83%AA%E3%83%B3" n1="%E5%A4%AA%E3%81%8F%E3%81%AA%E3%81%84%E3%81%8A" n2="%50%61%65%6C%6C%61" n3="%E2%98%86%E5%A4%A9%E2%98%86%E9%B3%B3%E2%98%86%E6%84%9B%E2%98%86" dan="17,18,16,16" rate="2133.30,2176.37,2115.26,2126.73" sx="M,M,M,F"/><TAIKYOKU oya="0"/>

<Scene>
<INIT seed="0,0,0,0,5,116" ten="250,250,250,250" oya="0" hai0="74,31,63,109,75,67,127,102,46,9,38,34,78" hai1="87,6,130,76,124,92,115,71,84,51,91,69,43" hai2="18,104,128,112,7,60,0,95,68,105,44,17,107" hai3="80,86,19,28,54,94,133,81,82,25,10,4,24"/><T66/><D127/><U58/><E124/><V110/><F110/><W106/><G133/><T45/><D109/><U27/><E130/><V103/><F128/><W41/><G106/><T100/><D9/><U30/><E6/><V120/><F120/><W21/><G41/><T97/><D66/><U64/><E115/><V111/><F111/><W57/><G94/><T70/><D100/><U119/><E119/><V85/><F112/><W123/><G123/><T15/><D15/><U114/><E114/><V131/><F131/><W101/><G101/><T29/><D78/><U99/><E43/><V42/><F7/><W20/><G86/><T26/><D31/><U125/><E125/><V11/><F11/><W89/><G89/><T55/><D55/><U39/><E39/><V77/><F0/><W61/><REACH who="3" step="1"/><G81/><REACH who="3" ten="250,250,250,240" step="2"/><T53/><D38/><U90/><E84/><V50/><F103/><W49/><G49/><T36/><D36/><U88/><E51/><V1/><F95/><W93/><G93/><T59/><D74/><U16/><E90/><V122/><F122/><W2/><AGARI ba="0,1" hai="2,4,10,19,20,21,24,25,28,54,57,61,80,82" machi="2" ten="20,8000,1" yaku="1,1,0,1,7,1,53,2" doraHai="116" doraHaiUra="23" who="3" fromWho="3" sc="250,-40,250,-20,250,-20,240,90" />
</Scene>
<Scene>
<INIT seed="1,0,0,3,4,99" ten="210,230,230,330" oya="1" hai0="103,61,72,87,52,57,26,3,16,106,119,122,81" hai1="115,30,24,118,116,113,104,97,112,78,79,25,63" hai2="126,56,90,101,125,91,83,21,59,14,82,109,53" hai3="5,110,8,73,31,76,12,94,33,65,13,40,28"/><U42/><E42/><V29/><F109/><W48/><G110/><T117/><D3/><U93/><E104/><V35/><F35/><W86/><G73/><T1/><D1/><U134/><E63/><V67/><F67/><W80/><G33/><T50/><D72/><U74/><E134/><V47/><F47/><N who="3" m="25703" /><G65/><T132/><D132/><U46/><E46/><V19/><F29/><W69/><G69/><T70/><D122/><U32/><E24/><V20/><F101/><W100/><G13/><T77/><D70/><U102/><REACH who="1" step="1"/><E74/><REACH who="1" ten="210,220,230,330" step="2"/><V71/><F125/><W4/><G4/><T27/><D61/><U128/><E128/><V131/><F126/><W89/><G89/><T9/><D27/><U2/><E2/><V23/><F91/><W34/><G34/><T95/><D106/><U60/><E60/><V84/><F131/><W85/><G85/><T36/><D26/><U39/><E39/><V7/><F90/><W121/><G121/><T120/><D36/><U124/><E124/><V130/><F84/><W54/><G54/><T92/><D120/><U38/><E38/><V55/><F53/><W44/><G44/><T11/><D87/><U41/><E41/><V88/><F55/><W105/><G105/><T17/><D52/><U135/><E135/><V6/><F88/><W108/><G108/><T98/><D50/><U18/><E18/><V114/><F130/><W22/><G86/><T43/><D43/><U111/><E111/><V107/><F107/><W58/><G58/><T37/><D57/><U68/><E68/><V0/><F71/><W66/><G66/><RYUUKYOKU ba="0,1" sc="210,-10,220,30,230,-10,330,-10" hai1="25,30,32,78,79,93,97,102,112,113,115,116,118" />
</Scene>
<Scene>
<INIT seed="1,1,1,0,3,53" ten="200,250,220,320" oya="1" hai0="121,41,21,0,61,67,110,103,77,27,122,126,105" hai1="132,97,93,16,129,48,46,69,24,83,114,29,60" hai2="30,72,94,117,88,95,19,52,7,34,65,82,99" hai3="5,64,43,17,3,8,1,45,131,128,87,66,39"/><U59/><E114/><V98/><F117/><W54/><G3/><T135/><D0/><U79/><E69/><V86/><F72/><W70/><G17/><T13/><D110/><U133/><E129/><N who="3" m="49738" /><G87/><T47/><D77/><U35/><E16/><V31/><F34/><W74/><G70/><T102/><D13/><U100/><E48/><V63/><F7/><W32/><G32/><T42/><D135/><U6/><E46/><V12/><F95/><W78/><G54/><T92/><D105/><U109/><E6/><V96/><F94/><W123/><G123/><N who="0" m="47115" /><D126/><U127/><E127/><V55/><F65/><W58/><G58/><N who="0" m="37303" /><D92/><U81/><E109/><V76/><F76/><W116/><G116/><T108/><D108/><U28/><E28/><N who="2" m="10795" /><F63/><W9/><G9/><AGARI ba="1,1" hai="9,12,19,52,55,82,86,88,96,98,99" m="10795" machi="9" ten="30,3900,0" yaku="8,1,54,2" doraHai="53" who="2" fromWho="3" sc="200,0,250,0,220,52,320,-42" />
</Scene>
<Scene>
<INIT seed="2,0,0,3,0,83" ten="200,250,272,278" oya="2" hai0="72,130,58,59,31,63,118,96,69,70,76,74,28" hai1="10,8,35,78,24,95,51,75,60,66,80,20,52" hai2="50,121,61,77,104,107,73,16,94,5,2,120,21" hai3="127,57,90,34,135,117,43,87,27,0,93,9,65"/><V122/><F61/><W132/><G117/><T55/><D130/><U115/><E35/><V49/><F94/><W111/><G111/><T7/><D7/><U15/><E95/><V102/><F77/><W79/><G127/><T97/><D118/><U128/><E115/><V100/><F73/><W37/><G79/><T17/><D17/><U133/><E133/><N who="3" m="51274" /><G43/><T98/><D76/><U89/><E89/><V116/><F116/><W44/><G44/><T110/><D110/><U40/><E40/><V82/><F82/><W18/><G37/><T3/><D3/><U6/><E10/><V48/><F5/><N who="3" m="1191" /><G57/><T84/><D58/><U124/><E124/><V1/><F1/><W86/><G65/><T114/><D114/><U30/><E128/><V12/><REACH who="2" step="1"/><F2/><REACH who="2" ten="200,250,262,278" step="2"/><W99/><G18/><T67/><D72/><U33/><E60/><V105/><AGARI ba="0,1" hai="12,16,21,48,49,50,100,102,104,105,107,120,121,122" machi="105" ten="50,18000,2" yaku="1,1,2,1,0,1,29,2,54,1,53,0" doraHai="83" doraHaiUra="92" who="2" fromWho="2" sc="200,-60,250,-60,262,190,278,-60" />
</Scene>
<Scene>
<INIT seed="2,1,0,3,3,98" ten="140,190,452,218" oya="2" hai0="135,108,36,44,87,97,31,109,112,37,126,125,51" hai1="49,10,110,114,34,95,48,47,5,30,35,130,32" hai2="18,58,111,2,100,41,75,21,80,68,56,78,124" hai3="85,69,120,101,53,23,13,1,42,92,0,74,6"/><V19/><F124/><N who="0" m="47722" /><D31/><U65/><E114/><V7/><F68/><W50/><G120/><T11/><D87/><U52/><E110/><N who="0" m="42601" /><D11/><U84/><E130/><V79/><F41/><W63/><G74/><T71/><D97/><U14/><E65/><V123/><F123/><W8/><G42/><N who="0" m="24983" /><D112/><U4/><E4/><V89/><F80/><W72/><G72/><T82/><D82/><U62/><E30/><V59/><F89/><W61/><G23/><T64/><D135/><U15/><E15/><V94/><F7/><W39/><G1/><T43/><D43/><U103/><E84/><V20/><F2/><W102/><G0/><T117/><D117/><U54/><E95/><V115/><F94/><W3/><G3/><T99/><D99/><U17/><E5/><V25/><F75/><W90/><G39/><T91/><D91/><U88/><E88/><V40/><F40/><W22/><G22/><T105/><D105/><U66/><E103/><N who="3" m="39434" /><G69/><T133/><D133/><U131/><E34/><V132/><F20/><W46/><AGARI ba="1,0" hai="6,8,13,46,50,53,61,63,85,90,92" m="39434" machi="46" ten="30,7900,0" yaku="8,1,52,3" doraHai="98" who="3" fromWho="3" sc="140,-21,190,-21,452,-40,218,82" />
</Scene>
<Scene>
<INIT seed="3,0,0,4,5,0" ten="119,169,412,300" oya="3" hai0="123,67,121,12,16,131,34,5,115,50,89,55,4" hai1="7,52,61,56,108,47,110,45,87,66,29,120,44" hai2="30,116,84,70,112,65,76,127,79,20,25,93,117" hai3="22,27,37,91,96,98,80,69,81,99,15,59,26"/><W18/><G69/><T114/><D67/><U38/><E29/><V1/><F127/><W130/><G37/><T122/><D89/><U77/><E120/><V63/><F112/><N who="0" m="43050" /><D34/><U46/><E7/><N who="0" m="2633" /><D131/><U86/><E77/><V128/><F1/><W32/><G130/><T135/><D135/><U83/><E83/><N who="3" m="31818" /><G32/><T72/><D72/><U21/><E21/><V33/><F20/><W125/><G125/><T62/><D62/><N who="1" m="36103" /><E86/><V85/><F85/><W92/><G59/><N who="0" m="33271" /><D123/><U8/><E87/><AGARI ba="0,0" hai="15,18,22,26,27,87,91,92,96,98,99" m="31818" machi="87" ten="30,1500,0" yaku="8,1" doraHai="0" who="3" fromWho="1" sc="119,0,169,-15,412,0,300,15" />
</Scene>
<Scene>
<INIT seed="3,1,0,1,1,72" ten="119,154,412,315" oya="3" hai0="39,45,95,35,92,9,124,118,0,17,46,83,101" hai1="47,134,19,102,34,14,32,132,103,56,1,25,108" hai2="75,43,41,109,114,110,65,133,22,50,106,20,62" hai3="2,31,28,97,99,78,112,68,57,76,90,111,54"/><W77/><G2/><T16/><D118/><U98/><E1/><V120/><F114/><W59/><G68/><T129/><D35/><U26/><E108/><N who="2" m="41579" /><F133/><N who="1" m="51305" /><E47/><N who="0" m="17929" /><D39/><U70/><E70/><N who="2" m="42295" /><F106/><W18/><G112/><T3/><D3/><U96/><E56/><N who="3" m="21578" /><G111/><T7/><D129/><U105/><E26/><V91/><F75/><W33/><G33/><T107/><D107/><N who="1" m="63943" /><E25/><V127/><F22/><AGARI ba="1,0" hai="14,19,22,32,34,98,103,105" m="63943,51305" machi="22" ten="30,1000,0" yaku="20,1" doraHai="72" who="1" fromWho="2" sc="119,0,154,13,412,-13,315,0" />
</Scene>
<Scene>
<INIT seed="4,0,0,4,2,44" ten="119,167,399,315" oya="0" hai0="39,84,31,114,100,127,123,134,62,25,93,54,73" hai1="26,122,45,99,14,13,12,35,97,131,111,15,16" hai2="95,27,115,90,80,55,4,41,51,69,129,30,42" hai3="24,38,2,40,22,101,63,20,5,66,78,108,61"/><T102/><D73/><U6/><E111/><V91/><F115/><W49/><G108/><T112/><D123/><U116/><E122/><V120/><F129/><W29/><G38/><T96/><D39/><U46/><E116/><V8/><F69/><W124/><G124/><T65/><D127/><U86/><E131/><V53/><F120/><W87/><G101/><T135/><D100/><U70/><E70/><V118/><F118/><W74/><G74/><T82/><D54/><U104/><E104/><V88/><F55/><W79/><G2/><T1/><D1/><U113/><E113/><N who="0" m="43625" /><D84/><U76/><E6/><V83/><F95/><W121/><G5/><T58/><D82/><N who="2" m="31274" /><F27/><N who="3" m="16615" /><G87/><T94/><D94/><U32/><E26/><V119/><F30/><W11/><G121/><T126/><D126/><U60/><E86/><V132/><F132/><W105/><G105/><T89/><D89/><U68/><E97/><V10/><F119/><W0/><G0/><T59/><D59/><U43/><E99/><V130/><F130/><W19/><G79/><T133/><D133/><U3/><E76/><V72/><F72/><W52/><G78/><T23/><AGARI ba="0,0" hai="23,25,31,58,62,65,93,96,102,134,135" m="43625" machi="23" ten="30,3000,0" yaku="25,1,15,1" doraHai="44" who="0" fromWho="0" sc="119,30,167,-10,399,-10,315,-10" />
</Scene>
<Scene>
<INIT seed="4,1,0,2,5,10" ten="149,157,389,305" oya="0" hai0="59,73,7,11,33,51,1,0,61,9,126,20,82" hai1="40,129,86,111,127,112,70,91,30,121,89,44,13" hai2="26,55,105,102,108,84,125,79,116,109,107,18,19" hai3="77,62,122,67,133,76,119,25,37,69,68,3,101"/><T21/><D33/><U43/><E111/><V2/><F2/><W27/><G119/><T8/><D51/><U54/><E121/><V80/><F125/><W42/><G133/><T57/><D126/><U93/><E70/><V15/><F116/><W110/><G69/><T83/><D73/><U58/><E127/><V114/><F114/><W117/><G117/><T24/><D7/><U23/><E129/><V118/><F118/><W49/><G37/><T47/><D47/><U71/><E71/><V17/><F26/><W100/><G110/><T45/><D45/><U22/><E112/><V78/><F78/><W96/><G101/><T98/><D98/><N who="1" m="57647" /><E44/><V36/><F36/><W90/><G3/><N who="0" m="1099" /><D61/><N who="1" m="36055" /><E30/><V85/><F105/><W50/><G42/><N who="1" m="15914" /><E13/><V31/><F15/><W65/><G50/><T106/><D106/><U75/><E75/><V130/><F107/><W128/><G49/><T99/><D24/><U103/><E103/><V72/><F72/><W38/><G25/><T115/><D115/><U87/><E87/><V66/><F85/><W39/><G27/><T28/><D28/><U48/><E48/><V132/><F84/><W16/><G100/><T95/><D59/><U123/><E123/><V131/><F31/><W60/><G39/><T41/><D57/><U35/><E35/><V5/><F109/><W74/><G38/><T4/><D41/><U56/><E56/><V81/><F108/><W34/><G74/><T97/><D97/><U104/><E104/><V134/><F130/><W46/><G96/><T53/><D99/><U120/><E120/><V29/><F131/><RYUUKYOKU ba="1,0" sc="149,-10,157,30,389,-10,305,-10" hai1="22,23,86,91" />
</Scene>
<Scene>
<INIT seed="5,2,0,2,0,74" ten="139,187,379,295" oya="1" hai0="40,36,86,6,127,105,49,79,94,57,89,44,98" hai1="99,20,1,41,122,68,4,64,63,100,32,39,77" hai2="82,75,112,0,12,131,108,101,13,120,17,125,61" hai3="84,9,8,11,128,106,80,21,85,24,42,116,37"/><U95/><E122/><V134/><F101/><W30/><G106/><T107/><D127/><U62/><E32/><V124/><F61/><W92/><G128/><T23/><D6/><U16/><E63/><V69/><F17/><W76/><G116/><T87/><D23/><U126/><E126/><V26/><F26/><W135/><G135/><T70/><D70/><U83/><E41/><V104/><F82/><W97/><G37/><T19/><D19/><U110/><E39/><V81/><F81/><W67/><G42/><T31/><D31/><U43/><E43/><V52/><F52/><W118/><G118/><T103/><D79/><U119/><E110/><V91/><F91/><N who="3" m="55455" /><G85/><T50/><D87/><U90/><E119/><V73/><F125/><W115/><G115/><T121/><D121/><U113/><E113/><V117/><F13/><W48/><G48/><T96/><REACH who="0" step="1"/><D57/><REACH who="0" ten="129,187,379,295" step="2"/><U72/><E4/><V33/><F12/><W133/><G133/><T66/><D66/><AGARI ba="2,1" hai="8,9,11,21,24,30,66,67,76,80,84" m="55455" machi="66" ten="30,2000,0" yaku="8,1,52,1" doraHai="74" who="3" fromWho="0" sc="129,-26,187,0,379,0,295,36" />
</Scene>
<Scene>
<INIT seed="6,0,0,5,5,84" ten="103,187,379,331" oya="2" hai0="2,107,43,41,92,120,117,134,87,56,85,78,9" hai1="70,124,122,16,93,95,98,131,62,129,125,89,75" hai2="63,100,3,47,64,48,96,31,22,7,99,25,8" hai3="88,101,83,133,104,14,50,65,111,20,105,36,6"/><V112/><F112/><W39/><G111/><T49/><D107/><U127/><E75/><V15/><F3/><W109/><G109/><T90/><D120/><U72/><E72/><V81/><F81/><W26/><G133/><T38/><D38/><U91/><E122/><V40/><REACH who="2" step="1"/><F100/><REACH who="2" ten="103,187,369,331" step="2"/><W11/><G101/><T58/><D117/><U74/><E125/><V51/><F51/><W116/><G39/><T82/><D134/><U30/><E124/><V0/><F0/><W60/><G36/><T54/><REACH who="0" step="1"/><D58/><AGARI ba="0,1" hai="7,8,15,22,25,31,40,47,48,58,63,64,96,99" machi="58" ten="30,5800,0" yaku="1,1,7,1,8,1,53,0" doraHai="84" doraHaiUra="135" who="2" fromWho="0" sc="103,-58,187,0,369,68,331,0" />
</Scene>
<Scene>
<INIT seed="6,1,0,2,2,126" ten="45,187,437,331" oya="2" hai0="6,36,15,82,99,48,89,66,131,19,107,26,2" hai1="38,40,69,80,129,62,18,101,63,79,120,88,127" hai2="12,42,1,70,32,134,76,59,85,17,98,20,100" hai3="92,25,27,108,111,68,51,123,96,109,84,49,60"/><V14/><F70/><W128/><G123/><T78/><D36/><U50/><E38/><V43/><F1/><W3/><G3/><T73/><D66/><U117/><E117/><V58/><F32/><W103/><G128/><T133/><D133/><U64/><E101/><V93/><F134/><W113/><G113/><T74/><D74/><U56/><E127/><V102/><F102/><W41/><G84/><T29/><D2/><U61/><E120/><V4/><F76/><W122/><G122/><T91/><D6/><U39/><E18/><V116/><F85/><W106/><G106/><T110/><D110/><U34/><E88/><V8/><F116/><W81/><G81/><T114/><D114/><U86/><E34/><V5/><F5/><W7/><G7/><T97/><D48/><U132/><E129/><V9/><F20/><W31/><G25/><T130/><D91/><U112/><E112/><V115/><F115/><W77/><G77/><T16/><D19/><U83/><E83/><V33/><F33/><W90/><G90/><T65/><D65/><U52/><E132/><V35/><F35/><N who="3" m="20991" /><G41/><AGARI ba="1,0" hai="4,8,9,12,14,17,41,42,43,58,59,93,98,100" machi="41" ten="40,2000,0" yaku="8,1" doraHai="126" who="2" fromWho="3" sc="45,0,187,0,437,23,331,-23" />
</Scene>
<Scene>
<INIT seed="6,2,0,0,1,45" ten="45,187,460,308" oya="2" hai0="48,108,64,51,80,23,95,54,15,122,34,104,116" hai1="124,25,55,7,14,49,74,109,112,134,24,19,83" hai2="128,58,123,111,11,94,68,21,10,28,107,42,90" hai3="60,71,40,33,29,76,126,39,72,59,47,127,57"/><V96/><F123/><W20/><G33/><T130/><D104/><U37/><E109/><V114/><F128/><W31/><G76/><T6/><D108/><U85/><E37/><V84/><F114/><W17/><G72/><T125/><D122/><U9/><E74/><V65/><F68/><W98/><G98/><T86/><D34/><U46/><E112/><V26/><F42/><W8/><G8/><N who="0" m="4503" /><D130/><U88/><E124/><N who="3" m="47658" /><G71/><T103/><D125/><U79/><E134/><V110/><F110/><W82/><G82/><T92/><D116/><U117/><E117/><V67/><F67/><N who="3" m="39311" /><G59/><T18/><D64/><U35/><E35/><V53/><F65/><W52/><G52/><T16/><D103/><U129/><E129/><V87/><F111/><W81/><G81/><T93/><D54/><U32/><E32/><V100/><F87/><W97/><G97/><T3/><D3/><U50/><E79/><V101/><F101/><W121/><G121/><T78/><D18/><U73/><E73/><V131/><F131/><W4/><G4/><T30/><D30/><U36/><E36/><V44/><F44/><W38/><G38/><T77/><D78/><U99/><E7/><V22/><F22/><W5/><G5/><T12/><AGARI ba="2,0" hai="12,16,23,48,51,77,80,86,92,93,95" m="4503" machi="12" ten="30,7900,0" yaku="8,1,52,2,54,1" doraHai="45" who="0" fromWho="0" sc="45,85,187,-22,460,-41,308,-22" />
</Scene>
<Scene>
<INIT seed="7,0,0,2,0,132" ten="130,165,419,286" oya="3" hai0="75,63,130,62,55,43,29,104,22,117,89,33,61" hai1="18,98,36,94,84,90,107,42,125,109,60,3,15" hai2="23,111,131,68,25,74,45,96,71,128,116,66,77" hai3="115,41,31,83,126,79,65,30,26,37,105,118,58"/><W50/><G105/><T54/><D117/><U6/><E109/><V78/><F111/><W47/><G115/><T1/><D104/><U124/><E3/><V73/><F116/><W133/><G118/><T34/><D1/><U91/><E6/><V81/><F96/><W113/><G113/><T64/><D64/><U119/><E119/><V123/><F123/><W82/><G133/><T121/><D121/><U2/><E2/><V67/><F45/><W38/><G83/><T103/><D103/><U80/><E107/><V8/><F8/><W9/><G9/><T39/><D75/><U20/><REACH who="1" step="1"/><E60/><REACH who="1" ten="130,155,419,286" step="2"/><V135/><F135/><W70/><G37/><T14/><D130/><U49/><E49/><V114/><F67/><W28/><G38/><T40/><D89/><U46/><AGARI ba="0,1" hai="15,18,20,36,42,46,80,84,90,91,94,98,124,125" machi="46" ten="30,7900,0" yaku="1,1,0,1,52,2,53,0" doraHai="132" doraHaiUra="53" who="1" fromWho="1" sc="130,-20,155,89,419,-20,286,-39" owari="110,-39.0,244,-16.0,399,50.0,247,5.0" />
</Scene>
</mjloggm>