<mjloggm ver="2.3"><GO type="169" lobby="0"/><UN n0="%E3%82%82%E3%82%81%E3%82%93%E3%81%AA%E3%81%A1%E3%82%83%E3%81%84" n1="%E5%A4%AA%E3%81%8F%E3%81%AA%E3%81%84%E3%81%8A" n2="%E3%81%82%E3%81%B2%E3%82%8B%E3%81%95%E3%82%93" n3="%E3%83%95%E3%83%AC%E3%83%BC%E3%82%BA%E3%83%8E" dan="16,17,16,16" rate="2105.14,2217.74,2100.49,2089.95" sx="F,M,M,M"/><TAIKYOKU oya="0"/>

<Scene>
<INIT seed="0,0,0,2,1,7" ten="250,250,250,250" oya="0" hai0="39,117,17,97,112,61,41,113,8,77,13,18,22" hai1="10,133,121,37,48,65,90,134,99,68,82,58,87" hai2="80,2,69,36,30,75,73,27,92,54,96,62,25" hai3="101,89,19,34,44,57,135,88,46,64,15,63,40"/><T85/><D117/><U20/><E37/><V124/><F36/><W122/><G135/><N who="1" m="51722" /><E121/><V12/><F2/><W67/><G122/><T71/><D39/><U26/><E68/><V74/><F124/><W116/><G116/><T56/><D71/><U126/><E126/><V32/><F27/><W23/><G34/><T114/><D41/><U60/><E48/><V31/><F31/><W1/><G1/><T29/><D97/><U132/><N who="1" m="51730" /><U100/><DORA hai="131" /><E10/><V35/><F35/><W16/><G67/><T72/><D72/><U105/><E26/><V0/><F25/><N who="3" m="14567" /><G101/><T110/><D110/><U28/><E20/><V104/><F32/><W24/><G24/><T43/><D29/><AGARI ba="0,0" hai="28,29,58,60,65,82,87,90,99,100,105" m="51730" machi="29" ten="40,8000,1" yaku="20,1,52,4" doraHai="7,131" who="1" fromWho="0" sc="250,-80,250,80,250,0,250,0" />
</Scene>
<Scene>
<INIT seed="1,0,0,0,1,78" ten="170,330,250,250" oya="1" hai0="67,122,10,72,47,48,127,15,77,5,93,59,68" hai1="111,41,25,17,121,70,64,66,18,75,109,51,120" hai2="29,30,11,80,100,124,84,86,76,57,2,13,101" hai3="60,14,91,116,37,119,123,6,16,7,90,19,104"/><U36/><E75/><V114/><F2/><W52/><G123/><N who="1" m="47178" /><E25/><V98/><F124/><W132/><G37/><T131/><D122/><U87/><E87/><V62/><F114/><W115/><G115/><T56/><D127/><U106/><E106/><V88/><F98/><W107/><G132/><T1/><D1/><U21/><E21/><V69/><F69/><W44/><G7/><T32/><D32/><U45/><E17/><N who="3" m="6730" /><G6/><T23/><D131/><U12/><E18/><N who="2" m="8511" /><F29/><W133/><G14/><T94/><D68/><U27/><E27/><V134/><F134/><W34/><G34/><T102/><D23/><U0/><E12/><V130/><F130/><W63/><G133/><T38/><D38/><U53/><E0/><V74/><F74/><W43/><G43/><T31/><D31/><U55/><E55/><N who="2" m="34111" /><F30/><W22/><G104/><T24/><D24/><U50/><E36/><V113/><F113/><W79/><G107/><T35/><D35/><U8/><E8/><V89/><F76/><W129/><G79/><T110/><D72/><U73/><E73/><V3/><F3/><W92/><G22/><T95/><D77/><U54/><E41/><V28/><F28/><W42/><G42/><T46/><D10/><U81/><E70/><V61/><F61/><W105/><G105/><T26/><D26/><U83/><E64/><V4/><F4/><W117/><G129/><T99/><D67/><U126/><E66/><V9/><F9/><W20/><G20/><T85/><D5/><U108/><E126/><V82/><AGARI ba="0,0" hai="80,82,84,86,88,89,100,101" m="34111,8511" machi="82" ten="30,7900,0" yaku="8,1,52,2,54,1" doraHai="78" who="2" fromWho="2" sc="170,-20,330,-39,250,79,250,-20" />
</Scene>
<Scene>
<INIT seed="2,0,0,4,1,114" ten="150,291,329,230" oya="2" hai0="130,62,64,16,9,70,28,115,123,40,132,32,78" hai1="52,55,49,7,122,27,35,38,120,76,0,50,129" hai2="44,133,5,1,18,29,69,36,74,57,41,134,109" hai3="83,84,43,93,34,87,79,131,20,26,14,67,106"/><V23/><F69/><W95/><G106/><T21/><D115/><U8/><E38/><V111/><F74/><W71/><G131/><T104/><D130/><U30/><E129/><V45/><F29/><W58/><G71/><T72/><D123/><U63/><E63/><V82/><F82/><W118/><G43/><T56/><D132/><N who="2" m="50794" /><F45/><W75/><G75/><T98/><D9/><U46/><REACH who="1" step="1"/><E76/><REACH who="1" ten="150,281,329,230" step="2"/><V42/><F36/><W105/><G79/><T33/><D78/><U80/><E80/><V94/><F111/><W81/><G83/><T116/><D72/><U90/><E90/><V117/><F109/><W68/><G81/><T13/><D116/><U85/><E85/><V107/><F117/><W125/><G87/><T3/><D62/><U128/><E128/><V96/><F107/><W51/><G84/><T25/><D104/><U112/><E112/><V17/><F96/><W102/><G105/><T86/><D98/><U97/><E97/><V15/><F94/><W88/><G95/><T113/><D86/><U39/><E39/><V91/><F91/><W2/><G88/><T124/><D113/><U12/><E12/><V11/><F15/><W59/><G93/><T126/><D13/><U37/><E37/><V101/><F101/><W47/><G14/><T22/><D3/><U135/><E135/><V110/><F1/><W53/><G2/><T103/><D103/><U121/><E121/><V99/><F99/><W4/><G102/><T89/><D89/><U60/><E60/><V66/><F110/><W100/><G100/><T73/><D73/><U6/><E6/><RYUUKYOKU ba="0,1" sc="150,-10,281,30,329,-10,230,-10" hai1="0,7,8,27,30,35,46,49,50,52,55,120,122" />
</Scene>
<Scene>
<INIT seed="3,1,1,2,4,79" ten="140,311,319,220" oya="3" hai0="3,125,20,97,23,104,77,129,62,111,9,107,49" hai1="71,110,133,26,96,93,98,94,83,33,87,6,118" hai2="120,29,15,91,116,42,68,66,74,124,40,1,134" hai3="51,53,127,35,126,24,7,37,2,103,132,112,76"/><W88/><G37/><T55/><D129/><U61/><E110/><V64/><F116/><W22/><G112/><T58/><D111/><U135/><E6/><V5/><F74/><W106/><G132/><N who="1" m="50762" /><E118/><V10/><F134/><W44/><G35/><T65/><D125/><N who="3" m="47625" /><G76/><T14/><D3/><U41/><E41/><V69/><F124/><W47/><G103/><T57/><D77/><N who="1" m="46575" /><E93/><V85/><F120/><W13/><G106/><T105/><REACH who="0" step="1"/><D97/><REACH who="0" ten="130,311,319,220" step="2"/><U130/><E130/><V67/><F1/><W56/><G2/><T119/><D119/><U25/><E96/><V82/><F69/><W27/><G27/><T117/><D117/><U123/><E123/><V100/><F68/><W81/><G24/><T31/><D31/><U12/><E33/><V30/><F29/><W70/><G70/><T52/><D52/><U89/><E12/><V86/><F30/><W4/><G13/><T45/><D45/><U48/><E25/><V63/><F15/><W34/><G47/><T78/><D78/><U28/><E26/><V115/><F42/><W84/><G44/><T131/><D131/><U92/><E28/><V36/><F40/><W95/><G34/><T50/><D50/><U60/><E71/><V90/><F36/><W18/><G51/><T0/><D0/><U114/><E48/><V19/><F66/><W46/><G46/><T73/><D73/><U21/><E98/><V8/><F67/><W99/><G53/><T108/><D108/><U122/><E122/><V121/><F121/><W72/><G72/><T75/><D75/><U39/><E39/><V17/><F64/><RYUUKYOKU ba="1,2" sc="130,30,311,-10,319,-10,220,-10" hai0="9,14,20,23,49,55,57,58,62,65,104,105,107" />
</Scene>
<Scene>
<INIT seed="4,2,2,1,5,13" ten="160,301,309,210" oya="0" hai0="87,101,120,127,4,47,112,85,61,71,46,97,63" hai1="116,32,30,49,10,21,123,24,41,129,33,103,98" hai2="109,64,135,58,114,5,118,36,66,37,134,56,60" hai3="39,52,34,68,88,50,67,62,81,124,27,3,96"/><T110/><D120/><U45/><E123/><V31/><F5/><W80/><G3/><T107/><D127/><U40/><E116/><V25/><F109/><W69/><G69/><T8/><D110/><U74/><E74/><V113/><F31/><W132/><G132/><N who="2" m="50729" /><F25/><W0/><G0/><T76/><D112/><N who="2" m="43114" /><F118/><W84/><G96/><T51/><D47/><U117/><E117/><V77/><F77/><W9/><G9/><T104/><D104/><U11/><E129/><V133/><N who="2" m="50737" /><V79/><DORA hai="125" /><F79/><W20/><G39/><N who="2" m="14921" /><F60/><W22/><G34/><T82/><D85/><U18/><E33/><V48/><F48/><W29/><G124/><T95/><D107/><U15/><REACH who="1" step="1"/><E41/><REACH who="1" ten="160,291,309,210" step="2"/><V26/><F26/><W89/><G22/><T57/><D71/><U2/><E2/><V35/><F35/><W126/><G126/><T131/><D131/><U12/><E12/><V42/><F42/><W83/><REACH who="3" step="1"/><G89/><REACH who="3" ten="160,291,309,200" step="2"/><T17/><D101/><U111/><E111/><V28/><F28/><W44/><AGARI ba="2,4" hai="20,27,29,44,50,52,62,67,68,80,81,83,84,88" machi="44" ten="20,12000,2" yaku="1,1,2,1,0,1,7,1,54,2,53,0" doraHai="13,125" doraHaiUra="106,100" who="3" fromWho="3" sc="160,-62,291,-32,309,-32,200,166" />
</Scene>
<Scene>
<INIT seed="5,0,0,1,2,74" ten="98,259,277,366" oya="1" hai0="83,101,36,82,89,31,100,104,28,6,71,20,54" hai1="113,16,69,41,57,118,125,18,128,76,4,58,84" hai2="98,32,59,121,12,93,112,109,115,85,30,26,29" hai3="42,23,123,45,117,131,129,34,134,38,103,33,53"/><U22/><E69/><V43/><F109/><W40/><G123/><T88/><D71/><U75/><E118/><V8/><F121/><W52/><G117/><T111/><D36/><U14/><E75/><V65/><F43/><W9/><G134/><T48/><D111/><U50/><E113/><N who="2" m="43595" /><F30/><W81/><G42/><T96/><D6/><U120/><E120/><V92/><F98/><W90/><G103/><T72/><D101/><U127/><E128/><N who="3" m="49226" /><G23/><T37/><D37/><U55/><E4/><N who="2" m="3079" /><F85/><N who="3" m="50479" /><G9/><T99/><D99/><U60/><E18/><V114/><N who="2" m="43603" /><V66/><DORA hai="24" /><F59/><W56/><G56/><T105/><D105/><U107/><E107/><V87/><F93/><W39/><G39/><T135/><D135/><U79/><E84/><V80/><F92/><W64/><G64/><T78/><D83/><U2/><E2/><V46/><F46/><W15/><G34/><T27/><REACH who="0" step="1"/><D31/><REACH who="0" ten="88,259,277,366" step="2"/><U130/><E130/><V94/><F94/><W63/><G38/><T0/><D0/><U11/><E127/><V61/><F80/><W44/><G40/><T97/><D97/><U70/><E125/><V35/><F29/><W67/><G15/><T77/><D77/><N who="1" m="29771" /><E70/><V49/><F26/><W3/><G3/><T132/><D132/><U68/><E68/><V47/><F87/><W51/><G33/><T119/><D119/><U122/><E122/><V106/><F32/><W95/><G95/><T86/><D86/><U62/><E41/><N who="2" m="24815" /><F35/><W110/><G110/><T5/><D5/><N who="1" m="3439" /><E62/><V19/><F106/><W17/><G63/><T25/><D25/><N who="1" m="14535" /><E60/><V102/><F61/><RYUUKYOKU ba="0,1" sc="88,15,259,15,277,-15,366,-15" hai0="20,27,28,48,54,72,78,82,88,89,96,100,104" hai1="50,55,57,58" />
</Scene>
<Scene>
<INIT seed="5,1,1,4,1,80" ten="103,274,262,351" oya="1" hai0="47,22,125,30,56,82,71,32,74,36,4,95,131" hai1="23,107,130,133,73,64,75,21,103,49,112,88,48" hai2="96,109,53,7,69,94,5,15,44,85,68,124,123" hai3="119,86,63,84,16,120,101,10,0,34,65,83,35"/><U116/><E116/><V62/><F109/><W24/><G120/><T113/><D71/><U41/><E107/><V79/><F123/><W29/><G119/><T76/><D32/><U12/><E103/><V126/><F69/><W13/><G101/><T134/><D134/><U93/><E133/><V27/><F96/><W70/><G0/><T1/><D113/><U115/><E130/><V78/><F27/><W57/><G35/><T92/><D131/><U18/><E64/><V89/><F68/><W66/><G70/><T117/><D125/><N who="2" m="48234" /><F15/><W42/><G42/><N who="0" m="22983" /><D56/><U132/><E132/><V110/><F110/><W26/><G26/><N who="0" m="16727" /><D117/><U31/><E31/><V38/><F38/><W129/><G129/><T127/><D127/><U104/><E104/><V87/><F62/><W37/><G37/><T106/><D106/><U46/><E49/><N who="2" m="28839" /><F78/><W77/><G66/><T20/><D20/><U97/><REACH who="1" step="1"/><E23/><REACH who="1" ten="103,264,262,351" step="2"/><V50/><F50/><W114/><G114/><AGARI ba="1,2" hai="12,18,21,41,46,48,73,75,88,93,97,112,114,115" machi="114" ten="40,12000,1" yaku="1,1,2,1,15,1,54,1,53,0" doraHai="80" doraHaiUra="81" who="1" fromWho="3" sc="103,0,264,143,262,0,351,-123" />
</Scene>
<Scene>
<INIT seed="5,2,0,5,3,35" ten="103,407,262,228" oya="1" hai0="39,127,48,3,107,8,49,86,89,54,60,6,126" hai1="34,52,75,40,56,118,71,99,24,26,31,27,105" hai2="97,113,66,135,51,30,98,81,106,110,25,36,57" hai3="121,111,79,124,41,23,37,61,0,96,14,50,15"/><U7/><E118/><V109/><F36/><W91/><G111/><T43/><D107/><U80/><E40/><V17/><F135/><W77/><G121/><T1/><D39/><U55/><E71/><V130/><F130/><W84/><G37/><T2/><D60/><U114/><E114/><V22/><F110/><W104/><G124/><N who="0" m="47659" /><D43/><U18/><E7/><V132/><F109/><W70/><G0/><N who="0" m="71" /><D54/><U83/><E55/><V134/><F106/><W100/><G70/><T125/><N who="0" m="47667" /><T21/><DORA hai="38" /><D21/><U108/><E108/><V73/><F66/><W32/><G32/><T72/><D72/><U116/><E116/><V44/><F57/><W129/><G61/><T9/><D9/><U4/><E75/><V133/><F113/><W112/><G112/><T88/><D89/><U74/><E74/><V53/><F73/><W12/><G23/><T45/><D45/><U58/><E58/><V102/><F102/><W59/><G129/><T69/><D69/><U19/><E52/><V122/><F81/><AGARI ba="2,0" hai="1,2,3,48,49,81,86,88" m="71,47667" machi="81" ten="50,12000,2" yaku="18,1,52,4,54,1" doraHai="35,38" who="0" fromWho="2" sc="103,126,407,0,262,-126,228,0" />
</Scene>
<Scene>
<INIT seed="6,0,0,1,1,58" ten="229,407,136,228" oya="2" hai0="28,96,123,64,45,57,4,19,130,6,13,132,67" hai1="68,100,66,41,113,104,118,50,37,134,120,29,25" hai2="76,72,70,112,18,60,42,74,71,0,55,88,73" hai3="102,80,40,33,27,14,16,61,85,84,86,94,126"/><V133/><F0/><W22/><G126/><T108/><D123/><U109/><E50/><V10/><F112/><W127/><G127/><T103/><D108/><U77/><E77/><V117/><F117/><W36/><G36/><T30/><D132/><U49/><E49/><V95/><F133/><W105/><G105/><T69/><D69/><U91/><E91/><V65/><F42/><W99/><G40/><T119/><D130/><U26/><E26/><V11/><F71/><W98/><G98/><T51/><D119/><U47/><E134/><V92/><F92/><W82/><G33/><T7/><D96/><N who="1" m="61447" /><E118/><V17/><F76/><W107/><G107/><T128/><D103/><U53/><E53/><V43/><F43/><W21/><G61/><N who="0" m="37935" /><D67/><U46/><E46/><V52/><F10/><W12/><G12/><T131/><D131/><U31/><E31/><AGARI ba="0,0" hai="14,16,21,22,27,31,80,82,84,85,86,94,99,102" machi="31" ten="40,2600,0" yaku="8,1,54,1" doraHai="58" who="3" fromWho="1" sc="229,0,407,-26,136,0,228,26" />
</Scene>
<Scene>
<INIT seed="7,0,0,0,5,7" ten="229,381,136,254" oya="3" hai0="84,134,28,19,10,131,107,96,60,1,25,53,18" hai1="27,103,76,20,127,40,120,128,95,15,87,49,46" hai2="108,116,16,31,130,125,102,48,91,78,4,61,85" hai3="133,12,17,132,62,34,54,38,45,58,71,32,122"/><W26/><G122/><T123/><D123/><U105/><E120/><V118/><F108/><W88/><G71/><T73/><D73/><U39/><E105/><V121/><F121/><W44/><G26/><T93/><D134/><U135/><E135/><N who="3" m="51786" /><G88/><N who="0" m="55335" /><D131/><U69/><E69/><V77/><F125/><W66/><G66/><T64/><D107/><U3/><E3/><V21/><F61/><W6/><G6/><T112/><D1/><U36/><E127/><V29/><F48/><W5/><G5/><T23/><D112/><U80/><E128/><V9/><F130/><W86/><G86/><T47/><D64/><U100/><E15/><V68/><F68/><W104/><G104/><T30/><D84/><U24/><E24/><V42/><F42/><N who="3" m="22615" /><G45/><T109/><D109/><U14/><E39/><V106/><F118/><W129/><G129/><T41/><D41/><U37/><E36/><V90/><F116/><W115/><G115/><T75/><D75/><U114/><E114/><V124/><F124/><W117/><G117/><T43/><D43/><U35/><E37/><V55/><F55/><W2/><G2/><T51/><D60/><U82/><E82/><N who="2" m="49463" /><F91/><W81/><G81/><T59/><D47/><U63/><E63/><V52/><F52/><W126/><G126/><T11/><D30/><N who="2" m="11274" /><F106/><W101/><G101/><T33/><D33/><U50/><E50/><V92/><F102/><W83/><G83/><T89/><D89/><U113/><E113/><V22/><F92/><W97/><G97/><T119/><D119/><U111/><E95/><V13/><F4/><W65/><G65/><RYUUKYOKU ba="0,0" sc="229,10,381,-30,136,10,254,10" hai0="10,11,18,19,23,25,28,51,53,59" hai2="9,13,16,21,22,77,78" hai3="12,17,32,34,54,58,62" />
</Scene>
<Scene>
<INIT seed="7,1,0,0,5,63" ten="239,351,146,264" oya="3" hai0="9,71,41,116,115,14,130,6,49,36,46,65,38" hai1="31,64,70,125,97,86,3,127,5,25,29,135,110" hai2="123,39,23,114,105,87,62,78,92,22,1,34,27" hai3="103,107,80,47,75,43,129,68,48,113,28,67,89"/><W42/><G42/><T100/><D116/><U24/><E110/><V37/><F105/><W60/><G113/><T104/><D115/><U45/><E135/><V11/><F114/><W85/><G129/><T79/><D130/><U58/><E70/><V21/><F123/><W91/><G75/><T101/><D79/><U17/><E3/><V122/><F122/><W133/><G133/><T13/><D13/><U112/><E5/><V74/><F74/><W59/><G28/><N who="1" m="10826" /><E112/><V84/><F34/><W96/><REACH who="3" step="1"/><G68/><REACH who="3" ten="239,351,146,254" step="2"/><T61/><D38/><U4/><E125/><V102/><F39/><W20/><G20/><T81/><D36/><U83/><E127/><V18/><F37/><W53/><G53/><T117/><D117/><U55/><E55/><V76/><F22/><W121/><G121/><T95/><D41/><U15/><E25/><V132/><F132/><W2/><G2/><T108/><D71/><U57/><E24/><V120/><F120/><W16/><G16/><T30/><D30/><U66/><E17/><V0/><F18/><W50/><G50/><T8/><D49/><U93/><E15/><V26/><F11/><W94/><G94/><T7/><D8/><U126/><E126/><V54/><F54/><W119/><G119/><T99/><D95/><U118/><E118/><V40/><F40/><W10/><G10/><T90/><D14/><U134/><E134/><V32/><F92/><W111/><G111/><T19/><D9/><U51/><E51/><V124/><F124/><W128/><G128/><T109/><D19/><U69/><E93/><V56/><F0/><RYUUKYOKU ba="1,1" sc="239,-10,351,-10,146,-10,254,30" hai3="43,47,48,59,60,67,80,85,89,91,96,103,107" />
</Scene>
<Scene>
<INIT seed="7,2,1,4,5,87" ten="229,341,136,284" oya="3" hai0="18,50,85,29,30,116,11,135,60,109,58,32,2" hai1="79,57,0,38,80,129,81,105,20,84,76,55,123" hai2="114,43,59,15,52,108,40,48,99,111,86,130,62" hai3="35,110,119,100,75,4,73,42,95,16,126,7,125"/><W17/><G35/><T118/><D116/><U132/><E123/><V1/><F1/><W34/><G34/><T53/><D118/><U33/><E33/><V133/><F114/><W104/><G104/><T74/><D74/><N who="3" m="28169" /><G119/><T70/><D109/><U71/><E71/><V27/><F133/><W97/><G42/><T63/><D135/><U106/><E132/><V61/><F130/><W131/><G131/><T19/><D32/><U124/><E129/><V78/><F111/><W103/><G110/><T14/><D2/><U90/><E38/><V54/><F108/><W101/><G95/><T65/><D63/><U122/><E0/><V102/><F27/><W41/><G97/><T25/><D85/><N who="1" m="48287" /><E105/><V56/><F48/><W69/><G41/><T46/><D70/><U24/><E106/><V82/><F15/><W91/><G91/><T44/><D44/><U47/><E122/><V112/><F112/><W107/><G69/><T89/><D89/><U128/><E128/><V88/><F78/><W8/><G107/><AGARI ba="2,1" hai="40,43,52,54,56,59,61,62,82,86,88,99,102,107" machi="107" ten="30,8000,1" yaku="7,1,9,1,52,1,54,2" doraHai="87" who="2" fromWho="3" sc="229,0,341,0,136,96,284,-86" owari="229,-17.0,341,44.0,232,3.0,198,-30.0" />
</Scene>
</mjloggm>