<mjloggm ver="2.3"><GO type="169" lobby="0"/><UN n0="%6D%6F%63%68%69%30" n1="%52%4F%4C%4C%59" n2="%E3%82%89%E3%82%93%E3%81%A9%E3%81%8F%E3%82%93" n3="%E5%A4%AA%E3%81%8F%E3%81%AA%E3%81%84%E3%81%8A" dan="17,16,16,17" rate="2205.80,2071.83,2047.34,2228.04" sx="F,M,F,M"/><TAIKYOKU oya="0"/>

<Scene>
<INIT seed="0,0,0,1,3,67" ten="250,250,250,250" oya="0" hai0="74,64,2,131,61,38,91,121,134,71,37,118,47" hai1="103,17,85,101,122,105,97,6,12,83,23,82,13" hai2="5,56,51,102,125,94,115,15,58,10,119,50,68" hai3="87,60,112,127,72,3,89,14,48,27,107,32,73"/><T57/><D2/><U24/><E122/><V126/><F115/><W77/><G3/><T43/><D74/><U46/><E103/><V120/><F120/><W110/><G112/><T42/><D91/><U84/><E6/><V44/><F119/><W78/><G107/><T25/><D25/><U28/><E46/><V79/><F79/><W26/><G14/><T100/><D100/><U86/><REACH who="1" step="1"/><E13/><REACH who="1" ten="250,240,250,250" step="2"/><V88/><F102/><W135/><G27/><T99/><D121/><U108/><E108/><V98/><F5/><W90/><G26/><T59/><D118/><U18/><E18/><V123/><F15/><W35/><G110/><T41/><D99/><U40/><E40/><N who="0" m="15465" /><D134/><U113/><E113/><V19/><F19/><W29/><G135/><T16/><D131/><U81/><E81/><V8/><F123/><W92/><G29/><T111/><D16/><U7/><E7/><V39/><F98/><W93/><G93/><T66/><D111/><U63/><E63/><V9/><F94/><W4/><G92/><T124/><D124/><U95/><E95/><V70/><F125/><W129/><G127/><T55/><D38/><U75/><E75/><V132/><F126/><W76/><G4/><T0/><D0/><U30/><E30/><V106/><F132/><W130/><G73/><T54/><D64/><U128/><E128/><V36/><F36/><W52/><G72/><T109/><D109/><U31/><E31/><V1/><F39/><W69/><G130/><T45/><D45/><U20/><AGARI ba="0,1" hai="12,17,20,23,24,28,82,83,84,85,86,97,101,105" machi="20" ten="30,2000,0" yaku="1,1,0,1,53,0" doraHai="67" doraHaiUra="104" who="1" fromWho="1" sc="250,-10,240,30,250,-5,250,-5" />
</Scene>
<Scene>
<INIT seed="1,0,0,2,3,43" ten="240,270,245,245" oya="1" hai0="62,88,84,44,24,132,66,5,113,87,39,103,30" hai1="72,97,37,128,133,54,70,112,116,29,28,121,92" hai2="85,126,106,41,25,96,101,83,75,35,53,127,129" hai3="117,94,102,131,77,59,76,10,98,33,40,114,135"/><U63/><E112/><V81/><F41/><W119/><G33/><T52/><D113/><U93/><E116/><N who="3" m="44618" /><G114/><T130/><D130/><U115/><E115/><V51/><F129/><W50/><G131/><T2/><D132/><U134/><E121/><V125/><F75/><W90/><G135/><N who="1" m="51722" /><E72/><V118/><F118/><W0/><G102/><T60/><D2/><U120/><E120/><V95/><F106/><W19/><G19/><T9/><D103/><U79/><E79/><V20/><F35/><W45/><G59/><N who="0" m="37215" /><D39/><U12/><E128/><V71/><F85/><W1/><G1/><T13/><D60/><U3/><E3/><V38/><F38/><W15/><G15/><T99/><D24/><U46/><E12/><V48/><F71/><W47/><G10/><T105/><D105/><U82/><E82/><N who="2" m="31243" /><F53/><N who="3" m="29903" /><G0/><T110/><D30/><AGARI ba="0,0" hai="20,25,30,48,51,95,96,101,125,126,127" m="31243" machi="30" ten="30,1000,0" yaku="18,1" doraHai="43" who="2" fromWho="0" sc="240,-10,270,0,245,10,245,0" />
</Scene>
<Scene>
<INIT seed="2,0,0,3,5,121" ten="230,270,255,245" oya="2" hai0="87,14,106,131,118,16,20,66,32,43,80,70,56" hai1="25,92,64,82,79,81,4,132,30,73,1,112,23" hai2="83,102,52,89,100,123,6,99,111,84,38,135,24" hai3="91,11,0,71,104,103,85,53,31,55,42,78,46"/><V69/><F123/><W129/><G71/><T57/><D106/><U21/><E112/><V29/><F69/><W62/><G78/><T77/><D131/><U133/><E64/><V59/><F38/><W119/><G119/><T34/><D118/><U108/><E108/><V19/><F111/><W39/><G129/><T126/><D126/><U3/><E82/><V72/><F72/><W33/><G103/><T67/><D43/><U41/><E41/><V130/><F130/><W22/><G33/><T26/><D26/><U48/><E48/><V47/><F47/><W98/><G98/><T134/><D134/><N who="1" m="51819" /><E4/><V76/><F6/><W50/><G104/><T12/><D12/><U114/><E114/><V17/><F76/><W2/><G62/><T127/><D127/><U101/><E23/><N who="2" m="15519" /><F135/><W60/><G39/><T58/><REACH who="0" step="1"/><D67/><REACH who="0" ten="220,270,255,245" step="2"/><U28/><E30/><V128/><F128/><W75/><G31/><T88/><D88/><U74/><E1/><V5/><F102/><W107/><G0/><T65/><D65/><U61/><E3/><V51/><F5/><W105/><G42/><T94/><D94/><AGARI ba="0,1" hai="17,19,51,52,59,83,84,89,94,99,100" m="15519" machi="94" ten="30,2900,0" yaku="8,1,54,1" doraHai="121" who="2" fromWho="0" sc="220,-29,270,0,255,39,245,0" />
</Scene>
<Scene>
<INIT seed="2,1,0,2,2,12" ten="191,270,294,245" oya="2" hai0="134,47,131,21,81,25,3,4,119,29,65,93,44" hai1="53,58,124,16,115,20,17,80,123,83,38,88,101" hai2="63,39,61,122,22,90,127,121,59,18,110,84,32" hai3="99,82,55,109,37,102,9,70,42,57,85,23,14"/><V126/><F32/><W104/><G70/><T1/><D119/><U62/><E115/><V11/><F11/><W2/><G109/><T96/><D134/><U0/><E0/><V133/><F39/><W94/><G2/><T112/><D112/><U45/><E124/><N who="2" m="47659" /><F133/><W8/><G104/><T73/><D131/><U27/><E123/><V64/><F63/><N who="3" m="36287" /><G37/><T86/><D73/><U51/><E38/><V76/><F76/><N who="3" m="46279" /><G42/><T28/><D65/><N who="1" m="39127" /><E101/><V15/><F110/><W89/><G102/><N who="0" m="60687" /><D1/><U125/><E125/><V71/><F71/><W113/><G113/><T56/><D4/><U67/><E67/><V52/><F64/><W49/><G49/><T98/><D98/><U54/><E54/><V129/><F129/><W10/><G23/><T79/><D3/><U135/><E135/><V33/><F33/><W26/><G26/><T116/><D116/><U111/><E111/><V19/><F121/><W107/><G107/><T31/><D56/><U77/><E77/><V40/><F40/><W92/><G92/><T68/><D68/><U35/><E35/><V41/><F41/><W130/><G130/><T34/><D34/><U5/><E5/><AGARI ba="1,0" hai="5,8,9,10,14,89,94,99" m="46279,36287" machi="5" ten="30,1000,0" yaku="8,1" doraHai="12" who="3" fromWho="1" sc="191,0,270,-13,294,0,245,13" />
</Scene>
<Scene>
<INIT seed="3,0,0,2,3,9" ten="191,257,294,258" oya="3" hai0="78,107,59,108,125,71,79,14,32,51,70,72,88" hai1="50,15,55,69,65,127,89,96,98,47,92,34,26" hai2="53,6,95,30,44,64,91,94,97,73,23,52,48" hai3="39,130,24,85,113,22,109,104,82,100,87,114,60"/><W120/><G39/><T8/><D108/><U129/><E129/><V31/><F73/><W132/><G120/><T46/><D32/><U90/><E127/><V106/><F106/><W40/><G40/><T62/><D125/><U7/><E69/><V102/><F64/><W84/><G130/><T27/><D107/><U56/><E34/><V105/><F105/><W0/><G0/><T49/><D27/><U16/><E7/><V124/><F124/><W17/><G109/><T61/><D72/><U77/><E26/><V103/><F53/><W119/><G119/><T58/><D88/><N who="1" m="33899" /><E92/><V13/><F102/><W75/><G132/><T99/><D99/><N who="1" m="37931" /><E77/><V3/><F3/><W42/><G104/><T112/><D112/><U45/><E65/><V43/><F43/><W1/><G42/><T122/><D122/><U36/><E36/><V66/><F66/><W110/><G1/><T117/><D117/><U115/><E115/><V67/><F67/><W126/><G126/><T86/><D86/><U74/><E74/><V128/><F128/><W5/><G110/><T123/><D123/><U116/><E116/><V12/><F6/><W134/><G5/><T135/><D135/><U131/><E131/><V80/><F80/><W63/><G100/><T35/><D35/><U38/><E38/><V118/><F118/><W111/><G111/><T41/><D71/><U19/><E19/><V76/><F76/><N who="0" m="29226" /><D70/><U11/><AGARI ba="0,0" hai="11,15,16,45,47,50,55,56" m="37931,33899" machi="11" ten="30,7900,0" yaku="8,1,52,1,54,2" doraHai="9" who="1" fromWho="1" sc="191,-20,257,79,294,-20,258,-39" />
</Scene>
<Scene>
<INIT seed="4,0,0,5,2,110" ten="171,336,274,219" oya="0" hai0="33,17,58,46,1,68,64,48,126,109,4,66,76" hai1="67,123,26,18,121,39,5,71,16,50,57,25,122" hai2="98,97,102,13,81,37,24,132,128,69,63,129,96" hai3="103,112,59,52,27,94,88,47,119,54,125,127,93"/><T111/><D33/><U38/><E5/><V135/><F37/><N who="1" m="13833" /><E50/><V0/><F0/><W131/><G119/><T74/><D126/><N who="3" m="48137" /><G131/><N who="2" m="50249" /><F13/><W22/><G47/><T75/><D17/><N who="1" m="6763" /><E57/><V72/><F24/><N who="1" m="9321" /><E67/><N who="0" m="25641" /><D58/><U29/><E29/><V14/><F14/><W45/><G45/><T65/><D65/><U87/><E87/><V28/><F28/><N who="3" m="17527" /><G59/><T15/><D68/><AGARI ba="0,0" hai="68,71,121,122,123" m="9321,6763,13833" machi="68" ten="40,5200,0" yaku="28,2,54,1" doraHai="110" who="1" fromWho="0" sc="171,-52,336,52,274,0,219,0" />
</Scene>
<Scene>
<INIT seed="5,0,0,3,5,18" ten="119,388,274,219" oya="1" hai0="59,13,84,129,105,131,8,82,69,30,42,7,71" hai1="39,37,48,21,22,94,91,26,40,125,41,89,108" hai2="87,44,9,126,116,50,61,123,103,86,80,119,57" hai3="68,45,38,110,56,6,90,24,78,81,31,20,47"/><U27/><E125/><V134/><F126/><W1/><G68/><T115/><D105/><U34/><E94/><V66/><F123/><W75/><G110/><T35/><D115/><U29/><E48/><V46/><F134/><W107/><G107/><T100/><D100/><U133/><E34/><V32/><F32/><W4/><G1/><T14/><D42/><U2/><E2/><V70/><F103/><W17/><G90/><T53/><D14/><U93/><E93/><V25/><F87/><W33/><G56/><T96/><D96/><U130/><E130/><V99/><F99/><W23/><G33/><T83/><D83/><U104/><E104/><V11/><F70/><W16/><G31/><T98/><D98/><U65/><E65/><V109/><F109/><W36/><G47/><N who="2" m="17961" /><F50/><W49/><G38/><T128/><D30/><U118/><E29/><V135/><F135/><W102/><G36/><T43/><D43/><U63/><E133/><V112/><F112/><W88/><G88/><N who="0" m="51223" /><D35/><U95/><E95/><V127/><F127/><W5/><G102/><T79/><D79/><U58/><E108/><V55/><F116/><W74/><G74/><T113/><D113/><U60/><E58/><N who="2" m="37175" /><F119/><AGARI ba="0,0" hai="21,22,26,27,37,39,40,41,60,63,89,91,118,119" machi="119" ten="25,9600,0" yaku="22,2,52,2" doraHai="18" who="1" fromWho="2" sc="119,0,388,96,274,-96,219,0" />
</Scene>
<Scene>
<INIT seed="5,1,0,0,1,106" ten="119,484,178,219" oya="1" hai0="77,115,52,24,4,48,26,93,126,89,70,40,41" hai1="76,96,23,79,57,17,73,78,75,81,8,63,7" hai2="104,43,45,49,16,109,92,74,1,19,59,125,13" hai3="88,36,131,123,6,98,68,9,34,130,128,99,72"/><U105/><E105/><V94/><F104/><W55/><G123/><T121/><D121/><U132/><E96/><V22/><F1/><W21/><G34/><T97/><D126/><U83/><E132/><V33/><F33/><W86/><G36/><T0/><D70/><U108/><E108/><V62/><F125/><W119/><G119/><T25/><D115/><U107/><E107/><V44/><F109/><W100/><G68/><T69/><D69/><U116/><E116/><V42/><F19/><W61/><G100/><T56/><REACH who="0" step="1"/><D77/><REACH who="0" ten="109,484,178,219" step="2"/><U54/><E79/><V27/><F27/><W2/><G130/><T90/><D90/><U31/><E31/><V103/><F103/><W85/><G88/><T124/><D124/><U118/><E118/><V91/><F91/><W112/><G112/><T129/><D129/><U28/><E28/><V87/><F87/><W50/><G86/><T95/><D95/><U114/><E114/><V46/><F94/><W80/><G85/><T18/><D18/><U29/><E29/><V12/><F92/><W30/><G128/><T134/><D134/><U127/><E127/><V20/><F16/><W51/><G131/><T110/><D110/><U101/><E101/><V35/><F35/><W58/><G98/><T111/><D111/><U39/><E17/><V122/><F122/><W11/><G99/><T135/><D135/><U113/><E113/><V133/><F133/><W37/><G30/><T3/><D3/><N who="1" m="127" /><E23/><V53/><F22/><W82/><G21/><T15/><D15/><U38/><E78/><V67/><F20/><W10/><G2/><RYUUKYOKU ba="1,1" sc="109,15,484,15,178,-15,219,-15" hai0="0,4,24,25,26,40,41,48,52,56,89,93,97" hai1="38,39,54,57,63,73,75,76,81,83" />
</Scene>
<Scene>
<INIT seed="5,2,1,5,3,103" ten="124,499,163,204" oya="1" hai0="94,51,58,98,104,74,49,114,111,13,18,115,80" hai1="117,57,112,116,60,105,52,63,131,64,133,12,40" hai2="61,129,38,82,71,119,87,128,125,4,14,39,10" hai3="50,37,11,68,101,69,36,91,90,78,2,48,126"/><U88/><E105/><V32/><F32/><W3/><G101/><N who="0" m="62519" /><D111/><U100/><E100/><V54/><F119/><N who="1" m="45641" /><E88/><N who="2" m="51319" /><F125/><W53/><G126/><T29/><D29/><U79/><E79/><V30/><F30/><W19/><G78/><N who="0" m="44119" /><D58/><N who="1" m="34887" /><E12/><V96/><F96/><W93/><G53/><T47/><D47/><U26/><E26/><V31/><F31/><W5/><G19/><T9/><D94/><U28/><E28/><V16/><F4/><W121/><G93/><T130/><D130/><N who="2" m="50282" /><F54/><W35/><G5/><T27/><D27/><U8/><E131/><V67/><AGARI ba="2,1" hai="10,14,16,38,39,61,67,71" m="50282,51319" machi="67" ten="30,4000,0" yaku="19,1,54,2" doraHai="103" who="2" fromWho="2" sc="124,-12,499,-22,163,56,204,-12" />
</Scene>
<Scene>
<INIT seed="6,0,0,3,4,120" ten="112,477,219,192" oya="2" hai0="74,50,2,63,132,48,15,121,106,112,3,135,86" hai1="20,69,111,79,83,54,118,88,33,115,94,101,53" hai2="34,57,80,87,16,7,28,102,46,51,92,44,13" hai3="14,73,35,55,5,26,27,77,22,100,40,134,30"/><V70/><F70/><W6/><G134/><N who="0" m="51243" /><D121/><U29/><E111/><V107/><F107/><W72/><G40/><T113/><D106/><U96/><E69/><V38/><F7/><W37/><G37/><T68/><D68/><U71/><E71/><V129/><F129/><W119/><G119/><T0/><D15/><U84/><E33/><V128/><F128/><W25/><G100/><T23/><D23/><U56/><E118/><V123/><F123/><W4/><G55/><N who="1" m="21002" /><E56/><V12/><F38/><W89/><G89/><T43/><D43/><U125/><E125/><V131/><F131/><W114/><G77/><T93/><D93/><U39/><E39/><V78/><F57/><W32/><G114/><N who="0" m="44139" /><D86/><U66/><E66/><V108/><F51/><N who="0" m="19498" /><D63/><U65/><E65/><V18/><F13/><W41/><G41/><T11/><D11/><U130/><E130/><V36/><F12/><W126/><G126/><T85/><D85/><U133/><E133/><V99/><F36/><W91/><G91/><T21/><D21/><U124/><E124/><V110/><F46/><W17/><G73/><AGARI ba="0,0" hai="0,2,3,73,74" m="19498,44139,51243" machi="73" ten="40,8000,1" yaku="28,2,20,1,15,1" doraHai="120" who="0" fromWho="3" sc="112,80,477,0,219,0,192,-80" />
</Scene>
<Scene>
<INIT seed="7,0,0,3,5,71" ten="192,477,219,112" oya="3" hai0="40,100,70,51,55,88,90,104,46,56,96,87,4" hai1="115,5,69,31,9,39,15,114,108,122,126,26,123" hai2="119,73,44,11,57,107,36,1,79,132,127,68,128" hai3="98,18,19,33,49,58,41,113,72,59,61,135,37"/><W81/><G33/><T16/><D70/><U92/><E39/><V91/><RYUUKYOKU type="yao9" ba="0,0" sc="192,0,477,0,219,0,112,0" hai2="1,11,36,44,57,68,73,79,91,107,119,127,128,132" />
</Scene>
<Scene>
<INIT seed="7,1,0,1,3,46" ten="192,477,219,112" oya="3" hai0="51,5,25,22,26,23,83,99,30,13,85,86,115" hai1="101,56,44,2,63,27,66,118,50,134,108,96,90" hai2="75,105,126,82,24,3,73,41,60,62,42,84,89" hai3="45,94,64,95,116,93,88,120,65,49,128,79,53"/><W61/><G116/><T67/><D115/><U121/><E108/><V18/><F105/><W114/><G120/><T47/><D67/><N who="3" m="25673" /><G114/><T8/><D99/><U125/><E2/><V57/><F3/><W43/><G128/><T11/><D11/><U10/><E134/><V127/><F75/><W71/><G71/><T97/><D97/><U54/><E125/><N who="2" m="47627" /><F73/><W98/><G79/><T113/><D113/><U68/><E121/><V110/><F110/><W133/><G133/><T80/><D86/><U7/><E27/><V1/><F1/><W29/><G29/><N who="0" m="17591" /><D85/><U28/><E28/><V4/><F4/><W59/><AGARI ba="1,0" hai="43,45,49,53,59,61,88,93,94,95,98" m="25673" machi="59" ten="30,6000,0" yaku="8,1,52,1,54,1" doraHai="46" who="3" fromWho="3" sc="192,-21,477,-21,219,-21,112,63" />
</Scene>
<Scene>
<INIT seed="7,2,0,3,0,131" ten="171,456,198,175" oya="3" hai0="70,73,64,108,48,96,16,60,22,87,36,46,94" hai1="126,97,21,102,12,123,54,72,13,42,14,77,120" hai2="10,78,66,92,91,29,67,117,128,6,44,37,119" hai3="122,51,107,118,0,4,56,111,71,79,132,84,47"/><W50/><G118/><T134/><D134/><U109/><E109/><V15/><F128/><W59/><G71/><T30/><D108/><U106/><E42/><V85/><F78/><W83/><G111/><T121/><D121/><U58/><E21/><V39/><F29/><W8/><G122/><T18/><D36/><U99/><E99/><V95/><F95/><W104/><G132/><T115/><D115/><U57/><E57/><V24/><F24/><W11/><G11/><T20/><D73/><U62/><REACH who="1" step="1"/><E126/><REACH who="1" ten="171,446,198,175" step="2"/><V33/><F117/><W31/><G31/><T86/><D30/><U35/><E35/><V74/><F33/><W43/><REACH who="3" step="1"/><G51/><REACH who="3" ten="171,446,198,165" step="2"/><T19/><D20/><U101/><E101/><V76/><F119/><W53/><G53/><T100/><REACH who="0" step="1"/><D22/><REACH who="0" ten="161,446,198,165" step="2"/><U112/><E112/><V5/><F39/><W105/><AGARI ba="2,3" hai="0,4,8,43,47,50,56,59,79,83,84,104,105,107" machi="105" ten="30,6000,0" yaku="1,1,0,1,53,1" doraHai="131" doraHaiUra="3" who="3" fromWho="3" sc="161,-22,446,-22,198,-22,165,96" />
</Scene>
<Scene>
<INIT seed="7,3,0,5,5,1" ten="139,424,176,261" oya="3" hai0="5,0,99,94,25,28,9,16,133,8,74,31,111" hai1="7,61,45,75,86,81,32,40,65,90,96,10,23" hai2="84,76,113,21,120,87,135,22,17,68,4,122,35" hai3="47,114,6,134,72,95,24,128,52,34,13,85,54"/><W107/><G72/><T38/><D111/><U37/><E32/><V82/><F68/><W50/><G107/><T27/><D133/><U62/><E23/><V44/><F135/><W108/><G134/><T67/><D74/><U71/><E96/><V105/><F105/><W51/><G108/><T106/><D106/><U43/><E43/><V115/><F35/><W12/><G114/><N who="2" m="43529" /><F44/><W42/><G128/><T29/><D38/><U110/><E62/><V80/><F4/><W18/><G34/><T121/><D67/><U92/><E110/><V46/><F46/><N who="3" m="27767" /><G42/><T41/><D41/><U125/><E125/><V103/><F103/><W118/><G118/><T78/><D78/><N who="1" m="44255" /><E92/><V59/><F59/><W66/><G66/><T26/><D121/><N who="2" m="46698" /><F17/><W130/><G130/><T55/><D55/><U73/><E73/><V91/><AGARI ba="3,0" hai="21,22,76,80,82,84,87,91" m="46698,43529" machi="91" ten="30,2000,0" yaku="15,1,13,1" doraHai="1" who="2" fromWho="2" sc="139,-8,424,-8,176,29,261,-13" owari="131,-37.0,416,51.0,205,-19.0,248,5.0" />
</Scene>
</mjloggm>