<mjloggm ver="2.3"><GO type="169" lobby="0"/><UN n0="%E3%81%82%E3%81%B2%E3%82%8B%E3%81%95%E3%82%93" n1="%6D%6F%63%68%69%30" n2="%63%68%75%62%75%37%34" n3="%E5%A4%AA%E3%81%8F%E3%81%AA%E3%81%84%E3%81%8A" dan="16,17,16,18" rate="2090.42,2146.14,2070.33,2185.46" sx="M,F,M,M"/><TAIKYOKU oya="0"/>

<Scene>
<INIT seed="0,0,0,5,5,115" ten="250,250,250,250" oya="0" hai0="111,112,52,11,61,17,45,89,113,78,114,5,130" hai1="94,69,108,86,124,49,44,46,88,53,129,84,101" hai2="131,66,72,121,102,36,135,70,134,30,21,59,32" hai3="40,98,95,64,38,109,62,26,27,22,68,125,87"/><T65/><D130/><U57/><E129/><V71/><F121/><W43/><G109/><T0/><D78/><U93/><E108/><V34/><F72/><W110/><G110/><T104/><D111/><U106/><E124/><V47/><F131/><W41/><G125/><T15/><D104/><U14/><E69/><V73/><F73/><W83/><G38/><T107/><D107/><U4/><E106/><V39/><F102/><W96/><G95/><T1/><D89/><N who="1" m="53415" /><E101/><V81/><F81/><W118/><G118/><T74/><D74/><U90/><E90/><V91/><F91/><W76/><REACH who="3" step="1"/><G27/><REACH who="3" ten="250,250,250,240" step="2"/><T119/><D119/><U58/><E44/><V103/><F47/><W13/><G13/><T127/><D127/><U51/><E14/><V92/><F39/><W75/><G75/><T33/><D45/><U16/><E46/><V77/><F36/><W80/><G80/><T123/><D15/><U54/><E4/><V28/><F92/><W63/><G63/><T56/><D61/><U25/><E25/><V19/><F70/><W133/><G133/><T37/><D37/><U117/><E117/><V23/><F71/><W122/><G122/><T6/><D6/><U100/><E100/><V82/><F135/><W31/><AGARI ba="0,1" hai="22,26,31,40,41,43,62,64,68,76,83,87,96,98" machi="31" ten="30,2000,0" yaku="1,1,0,1,53,0" doraHai="115" doraHaiUra="132" who="3" fromWho="3" sc="250,-10,250,-5,250,-5,240,30" />
</Scene>
<Scene>
<INIT seed="1,0,0,0,0,86" ten="240,245,245,270" oya="1" hai0="121,89,125,101,68,103,23,20,35,51,120,108,106" hai1="83,18,33,126,37,50,94,100,122,40,62,29,16" hai2="118,99,87,128,5,74,46,13,3,38,28,43,71" hai3="104,110,80,0,113,22,53,117,42,8,85,41,21"/><U70/><E122/><V123/><F123/><N who="0" m="47178" /><D68/><U133/><E126/><V34/><F118/><W49/><G113/><T45/><D35/><U72/><E133/><V55/><F128/><W105/><G117/><T102/><D106/><U64/><E37/><V97/><F71/><W73/><G73/><T114/><D114/><U134/><E134/><V7/><F74/><W78/><G110/><T47/><D108/><U91/><E100/><V93/><F3/><W98/><G0/><T65/><D65/><U57/><E72/><V48/><F28/><W30/><G8/><T61/><D61/><U6/><E6/><V109/><F34/><W82/><G30/><T67/><D67/><U127/><E83/><V81/><F13/><W112/><G112/><T4/><D4/><U17/><E127/><V11/><F99/><W14/><G14/><T111/><D111/><U32/><E29/><V76/><F11/><W2/><G2/><T1/><D1/><U19/><N who="1" m="4096" /><DORA hai="54" /><U26/><E26/><V131/><F131/><W66/><G82/><T132/><D125/><U10/><E10/><V39/><F39/><W75/><G75/><T115/><D132/><U90/><E90/><V44/><F109/><W25/><G25/><T52/><D115/><U88/><E88/><AGARI ba="0,0" hai="5,7,38,43,44,46,48,55,76,81,87,88,93,97" machi="88" ten="30,3900,0" yaku="7,1,52,1,54,1" doraHai="86,54" who="2" fromWho="1" sc="240,0,245,-39,245,39,270,0" />
</Scene>
<Scene>
<INIT seed="2,0,0,4,4,58" ten="240,206,284,270" oya="2" hai0="70,106,113,49,16,100,51,71,126,74,111,93,119" hai1="37,75,5,124,109,18,72,63,31,110,64,55,107" hai2="50,117,62,13,57,89,84,135,85,59,4,83,56" hai3="47,92,123,28,131,25,127,133,121,44,120,52,54"/><V104/><F117/><W40/><G127/><T66/><D113/><U103/><E124/><V21/><F104/><W11/><G133/><T116/><D126/><U26/><E37/><V122/><F122/><W24/><G131/><T112/><D112/><U69/><E55/><V91/><F135/><W79/><G79/><T96/><D74/><U33/><E18/><N who="2" m="10447" /><F50/><W14/><G92/><T7/><D111/><N who="1" m="42507" /><E5/><V38/><F38/><W67/><G67/><T45/><D71/><U22/><E22/><V29/><F29/><W32/><G24/><T125/><D125/><U0/><E0/><V6/><F62/><W101/><G101/><T108/><D108/><U12/><E12/><V9/><F9/><W87/><G87/><T48/><D106/><U2/><E2/><V73/><F73/><W86/><G86/><T19/><D7/><U35/><E35/><V65/><F65/><W34/><G34/><T10/><D45/><U77/><E77/><V118/><F118/><N who="0" m="45098" /><D10/><U68/><E68/><V27/><F27/><W17/><REACH who="3" step="1"/><G47/><REACH who="3" ten="240,206,284,260" step="2"/><T90/><D100/><U105/><E105/><V53/><F53/><W41/><G41/><T99/><D96/><AGARI ba="0,1" hai="26,31,33,63,64,69,72,75,96,103,107" m="42507" machi="96" ten="30,7700,0" yaku="25,1,14,1,23,1,52,1" doraHai="58" who="1" fromWho="0" sc="240,-77,206,87,284,0,260,0" />
</Scene>
<Scene>
<INIT seed="3,0,0,3,1,112" ten="163,293,284,260" oya="3" hai0="65,8,133,121,94,67,120,22,105,91,82,134,72" hai1="35,87,41,25,97,34,83,68,115,103,117,101,96" hai2="54,42,16,86,64,100,125,15,31,128,26,29,92" hai3="61,85,9,30,123,81,0,98,57,33,2,37,6"/><W19/><G123/><T122/><D105/><U38/><E115/><V131/><F125/><W47/><G19/><T32/><D32/><U4/><E68/><V80/><F42/><W77/><G30/><T48/><D8/><U55/><E4/><V7/><F7/><W109/><G33/><T56/><D22/><U39/><E55/><V132/><F64/><W40/><G98/><T78/><D48/><U43/><E83/><V45/><F132/><N who="0" m="50794" /><D56/><U62/><E87/><AGARI ba="0,0" hai="65,67,72,78,82,87,91,94,120,121,122" m="50794" machi="87" ten="40,1300,0" yaku="20,1" doraHai="112" who="0" fromWho="1" sc="163,13,293,-13,284,0,260,0" />
</Scene>
<Scene>
<INIT seed="4,0,0,4,2,88" ten="176,280,284,260" oya="0" hai0="31,25,111,82,85,38,116,56,62,68,72,55,66" hai1="119,3,130,54,71,102,42,96,106,39,34,53,18" hai2="0,26,93,87,95,41,108,101,109,99,10,61,76" hai3="134,114,112,90,118,40,44,126,49,19,73,94,21"/><T23/><D116/><U125/><E125/><V59/><F41/><W65/><G118/><T80/><D38/><U30/><E119/><V67/><F0/><W27/><G73/><T117/><D117/><U83/><E130/><V4/><F109/><W16/><G126/><T14/><D111/><U43/><E3/><V120/><F120/><W122/><G122/><T70/><D72/><U51/><E71/><V20/><F108/><W33/><G134/><T113/><D113/><N who="3" m="43625" /><G33/><T98/><D14/><U110/><E110/><V131/><F131/><W52/><G65/><T92/><D66/><U86/><E18/><V128/><F128/><W1/><G1/><T46/><D46/><U15/><E15/><N who="2" m="5575" /><F76/><W89/><G89/><T35/><D35/><U97/><E97/><N who="2" m="59567" /><F87/><N who="3" m="52575" /><G19/><T37/><D37/><U17/><E17/><N who="2" m="12559" /><F95/><W74/><G74/><T69/><REACH who="0" step="1"/><D85/><REACH who="0" ten="166,280,284,260" step="2"/><U45/><E86/><V100/><F100/><AGARI ba="0,1" hai="23,25,31,55,56,62,68,69,70,80,82,92,98,100" machi="100" ten="40,7700,0" yaku="1,1,2,1,52,1,53,0" doraHai="88" doraHaiUra="9" who="0" fromWho="2" sc="166,87,280,0,284,-77,260,0" />
</Scene>
<Scene>
<INIT seed="4,1,0,3,3,1" ten="253,280,207,260" oya="0" hai0="135,38,13,39,124,97,94,68,81,121,117,101,125" hai1="123,67,118,131,41,80,122,95,88,16,132,96,71" hai2="28,104,21,6,59,3,18,36,17,100,134,23,7" hai3="14,63,84,51,24,49,103,12,119,34,82,2,72"/><T65/><D117/><U0/><E118/><V75/><F75/><W55/><G72/><T61/><D121/><U15/><E0/><V107/><F36/><W91/><G2/><T64/><D135/><U108/><E132/><V106/><F3/><W115/><G119/><T92/><D65/><U4/><E108/><V70/><F70/><W37/><G37/><T112/><D112/><U52/><E131/><V29/><F59/><N who="3" m="35327" /><G34/><T93/><D39/><U113/><E113/><V9/><F100/><W128/><G128/><T43/><D81/><U109/><E109/><V25/><F9/><W50/><G115/><T77/><D77/><U87/><E41/><V45/><F134/><W120/><G120/><T22/><D43/><U98/><E71/><V11/><F11/><W127/><G127/><N who="0" m="48715" /><D38/><U44/><E67/><V114/><F45/><W74/><G74/><T35/><D35/><U78/><E98/><V79/><F114/><W102/><G24/><T31/><D31/><N who="2" m="11850" /><F25/><W111/><G111/><T85/><D85/><U54/><E123/><V27/><F27/><W53/><G53/><N who="1" m="20586" /><E44/><V32/><F32/><W19/><G12/><T105/><D13/><U130/><E130/><V48/><F48/><W33/><G33/><T5/><D22/><AGARI ba="1,0" hai="14,19,22,49,50,51,82,84,91,102,103" m="35327" machi="22" ten="30,1000,0" yaku="8,1" doraHai="1" who="3" fromWho="0" sc="253,-13,280,0,207,0,260,13" />
</Scene>
<Scene>
<INIT seed="5,0,0,1,0,8" ten="240,280,207,273" oya="1" hai0="32,49,45,83,16,22,108,117,5,123,129,53,73" hai1="131,62,120,15,130,122,128,20,66,81,90,98,87" hai2="12,64,76,24,44,100,58,42,46,30,124,97,84" hai3="14,118,86,105,74,71,106,115,52,38,72,21,3"/><U23/><E98/><V29/><F124/><W132/><G3/><T31/><D108/><U135/><E135/><V61/><F30/><W37/><G71/><T109/><D109/><U7/><E7/><V85/><F76/><W77/><G132/><T102/><D117/><U0/><E0/><V25/><F25/><W50/><G118/><T56/><D129/><U70/><REACH who="1" step="1"/><E15/><REACH who="1" ten="240,270,207,273" step="2"/><V80/><F12/><W134/><G14/><T36/><D5/><U9/><E9/><V121/><F121/><AGARI ba="0,1" hai="20,23,62,66,70,81,87,90,120,121,122,128,130,131" machi="121" ten="50,4800,0" yaku="1,1,19,1,53,0" doraHai="8" doraHaiUra="99" who="1" fromWho="2" sc="240,0,270,58,207,-48,273,0" />
</Scene>
<Scene>
<INIT seed="5,1,0,4,4,107" ten="240,328,159,273" oya="1" hai0="66,40,16,45,123,12,64,35,4,15,70,105,14" hai1="28,23,34,97,44,92,27,79,101,110,95,37,78" hai2="20,39,54,46,80,81,77,32,118,48,10,130,122" hai3="55,6,53,56,89,63,67,17,86,9,8,60,18"/><U13/><E110/><V33/><F118/><W117/><G117/><T38/><D105/><U73/><E73/><V50/><F122/><W119/><G119/><T121/><D35/><U82/><E82/><V24/><F39/><W90/><G90/><T102/><D102/><U96/><E37/><V94/><F130/><W134/><G134/><T116/><D116/><U25/><E44/><V61/><F61/><W58/><G67/><N who="0" m="25643" /><D4/><U120/><E13/><V99/><F10/><W111/><G111/><T65/><D70/><U11/><E11/><V36/><F50/><W1/><REACH who="3" step="1"/><G9/><REACH who="3" ten="240,328,159,263" step="2"/><N who="0" m="6159" /><D65/><U115/><E120/><AGARI ba="1,1" hai="14,15,38,40,45,120,121,123" m="6159,25643" machi="120" ten="30,2000,0" yaku="13,1,54,1" doraHai="107" who="0" fromWho="1" sc="240,33,328,-23,159,0,263,0" />
</Scene>
<Scene>
<INIT seed="6,0,0,1,3,88" ten="273,305,159,263" oya="2" hai0="37,81,125,70,75,26,61,28,12,49,34,90,30" hai1="31,5,25,128,42,68,40,102,29,73,64,135,46" hai2="80,108,100,113,15,85,129,9,60,114,22,4,56" hai3="3,110,101,99,47,11,38,97,17,130,123,1,55"/><V54/><F129/><W45/><G110/><T58/><D37/><U51/><E128/><V35/><F35/><W21/><G130/><T69/><D125/><U44/><E135/><V116/><F116/><W50/><G123/><T120/><D120/><U109/><E109/><V14/><F108/><W103/><G38/><T93/><D30/><U96/><E73/><V84/><F100/><W98/><G47/><T33/><D33/><U71/><E5/><V122/><F122/><W92/><G11/><T52/><D61/><U82/><E82/><V48/><F85/><W79/><G79/><T127/><D127/><U76/><E76/><V115/><F22/><W23/><G98/><T39/><D39/><U117/><E117/><V10/><F60/><W83/><G83/><T124/><D124/><U13/><E13/><V7/><REACH who="2" step="1"/><F113/><REACH who="2" ten="273,305,149,263" step="2"/><W94/><G23/><T63/><D63/><U41/><E102/><V77/><AGARI ba="0,1" hai="4,7,9,10,14,15,48,54,56,77,80,84,114,115" machi="77" ten="30,11700,0" yaku="1,1,2,1,0,1,9,1,53,0" doraHai="88" doraHaiUra="67" who="2" fromWho="2" sc="273,-39,305,-39,149,127,263,-39" />
</Scene>
<Scene>
<INIT seed="6,1,0,3,2,20" ten="234,266,276,224" oya="2" hai0="7,79,17,48,73,42,25,44,94,100,55,91,57" hai1="133,78,117,83,65,110,33,6,119,98,28,75,13" hai2="32,4,72,113,62,68,45,27,97,74,112,24,128" hai3="11,53,90,15,115,63,61,38,82,67,54,132,99"/><V127/><F32/><W5/><G38/><T105/><D105/><U122/><E110/><V8/><F128/><W120/><G120/><T49/><D100/><U22/><E133/><V87/><F127/><W58/><G132/><T126/><D7/><U96/><E122/><V40/><F87/><W121/><G121/><T66/><D126/><U125/><E125/><V89/><F89/><W60/><G115/><N who="2" m="44105" /><F97/><W36/><G36/><T71/><D73/><N who="2" m="28266" /><F62/><N who="3" m="24171" /><G82/><T46/><D79/><U131/><E98/><V43/><F68/><W134/><G134/><T107/><D71/><U104/><E96/><V80/><F80/><W35/><G35/><T77/><D77/><U76/><E76/><V16/><F16/><W37/><G37/><T9/><D107/><U102/><E131/><V95/><F95/><AGARI ba="1,0" hai="5,11,15,53,54,58,63,67,90,95,99" m="24171" machi="95" ten="30,1000,0" yaku="8,1" doraHai="20" who="3" fromWho="2" sc="234,0,266,0,276,-13,224,13" />
</Scene>
<Scene>
<INIT seed="7,0,0,4,4,119" ten="234,266,263,237" oya="3" hai0="75,95,111,59,37,80,53,48,65,8,132,42,61" hai1="101,87,58,128,76,121,10,135,122,32,94,52,54" hai2="81,68,36,62,106,34,14,15,22,38,43,44,18" hai3="90,40,45,19,96,117,56,83,91,107,1,103,131"/><W97/><G117/><T123/><D111/><U20/><E32/><V31/><F106/><W41/><G1/><T99/><D132/><U104/><E104/><V7/><F38/><W113/><G113/><T64/><D37/><U46/><E135/><V5/><F15/><W60/><G131/><T66/><D75/><U55/><E128/><V72/><F34/><W115/><G115/><T3/><D3/><U33/><E33/><V12/><F31/><W78/><G19/><T105/><D105/><U16/><E10/><V51/><F14/><W39/><G41/><T47/><D8/><U79/><E46/><V30/><F30/><W25/><G25/><T24/><D24/><N who="1" m="14343" /><E122/><V89/><F36/><W0/><G97/><T130/><D130/><U114/><E121/><V84/><F72/><W102/><G102/><T9/><D9/><U93/><E114/><V129/><F129/><W27/><G27/><T118/><D118/><U63/><E101/><V50/><F50/><W126/><G0/><T134/><D134/><U133/><E133/><V11/><F22/><W73/><REACH who="3" step="1"/><G126/><REACH who="3" ten="234,266,263,227" step="2"/><T21/><D21/><U108/><E108/><V4/><F4/><W70/><G70/><T67/><N who="0" m="16896" /><DORA hai="82" /><T88/><D123/><U109/><E109/><V127/><F127/><W35/><G35/><T77/><D77/><U86/><E76/><V100/><F100/><W28/><G28/><T57/><D57/><U17/><E17/><V6/><F68/><W23/><G23/><T29/><D29/><U26/><E26/><V13/><F13/><W85/><G85/><N who="1" m="32266" /><E79/><V49/><F49/><RYUUKYOKU ba="0,1" sc="234,0,266,0,263,0,227,0" hai0="42,47,48,53,59,61,80,88,95,99" hai1="52,54,55,58,63,93,94" hai2="5,6,7,11,12,18,43,44,51,62,81,84,89" hai3="39,40,45,56,60,73,78,83,90,91,96,103,107" />
</Scene>
<Scene>
<INIT seed="7,1,1,0,4,24" ten="234,266,263,227" oya="3" hai0="90,131,129,127,135,46,13,54,113,4,28,105,38" hai1="59,40,99,118,102,78,0,88,58,36,91,79,51" hai2="75,7,71,10,52,96,47,68,23,22,48,122,81" hai3="119,83,3,45,8,56,77,133,74,57,6,29,49"/><W84/><G119/><T30/><D105/><U115/><E118/><V39/><F122/><W103/><G133/><T31/><D127/><U89/><E0/><V12/><F39/><W111/><G111/><T92/><D135/><U20/><E115/><V98/><F71/><W60/><G103/><T120/><D120/><U95/><E36/><V26/><F68/><W34/><G74/><T15/><D113/><U17/><E40/><V37/><F37/><W124/><G124/><T19/><D38/><U2/><E2/><V106/><F106/><W70/><G70/><T125/><D125/><U87/><E51/><V86/><F75/><W117/><G117/><T107/><D107/><U76/><REACH who="1" step="1"/><E87/><REACH who="1" ten="234,256,263,227" step="2"/><V110/><F110/><W130/><G130/><T14/><D131/><U62/><E62/><V9/><F9/><W43/><REACH who="3" step="1"/><G60/><REACH who="3" ten="234,256,263,217" step="2"/><T126/><D129/><U63/><E63/><V25/><F23/><W65/><G65/><T42/><D126/><U69/><E69/><V108/><F108/><W109/><G109/><T116/><D116/><U11/><E11/><V33/><F33/><W44/><G44/><T132/><D132/><U82/><E82/><V66/><F66/><W112/><G112/><T100/><D46/><U94/><E94/><V121/><F121/><W73/><G73/><T104/><D92/><U21/><E21/><V97/><F22/><W55/><G55/><T93/><D54/><U85/><E85/><V61/><F61/><W5/><G5/><T128/><D4/><U1/><E1/><V18/><F7/><W27/><AGARI ba="1,3" hai="3,6,8,27,29,34,43,45,49,56,57,77,83,84" machi="27" ten="30,6000,0" yaku="1,1,0,1,52,1,53,0" doraHai="24" doraHaiUra="50" who="3" fromWho="3" sc="234,-21,256,-21,263,-21,217,93" owari="213,-29.0,235,-16.0,242,4.0,310,41.0" />
</Scene>
</mjloggm>