<mjloggm ver="2.3"><GO type="169" lobby="0"/><UN n0="%EF%BC%88%EF%BC%BE%D0%94%EF%BC%BE%EF%BC%89" n1="%E5%BC%B1%E8%99%AB" n2="%E3%81%BE%E3%81%95%E3%81%A8%E3%81%97" n3="%E5%A4%AA%E3%81%8F%E3%81%AA%E3%81%84%E3%81%8A" dan="16,16,17,17" rate="2128.86,2033.71,2163.14,2212.46" sx="M,M,M,M"/><TAIKYOKU oya="0"/>

<Scene>
<INIT seed="0,0,0,0,4,28" ten="250,250,250,250" oya="0" hai0="25,63,43,66,5,62,104,111,94,12,30,47,73" hai1="6,99,59,134,103,37,116,11,45,105,100,34,120" hai2="129,18,52,1,21,131,83,26,4,126,16,67,117" hai3="64,121,130,61,55,56,9,132,81,123,114,79,42"/><T51/><D104/><U10/><E116/><V109/><F117/><W38/><G114/><T113/><D73/><U118/><E118/><V14/><F109/><W19/><G132/><T125/><D113/><U108/><E120/><N who="3" m="46154" /><G130/><N who="2" m="49673" /><F67/><W72/><G42/><T128/><D111/><U89/><E108/><V40/><F40/><W77/><G38/><T107/><D107/><U124/><E124/><V122/><F122/><W57/><G77/><T32/><D128/><U49/><E134/><V85/><F126/><W82/><G82/><T50/><D125/><U127/><E127/><V119/><F1/><W2/><G19/><T3/><D3/><U46/><E37/><V112/><F112/><W39/><G39/><T75/><D75/><U110/><E110/><V74/><F4/><N who="3" m="1175" /><G55/><T65/><D5/><U68/><E6/><V86/><F119/><W101/><G101/><T35/><D12/><U98/><E103/><V58/><F83/><W60/><G60/><T0/><D0/><U96/><E100/><V22/><F74/><W8/><G8/><T91/><D51/><AGARI ba="0,0" hai="14,16,18,21,22,26,51,52,58,85,86" m="49673" machi="51" ten="30,3900,0" yaku="19,1,54,2" doraHai="28" who="2" fromWho="0" sc="250,-39,250,0,250,39,250,0" />
</Scene>
<Scene>
<INIT seed="1,0,0,0,0,4" ten="211,250,289,250" oya="1" hai0="7,32,111,9,113,55,125,30,38,22,97,118,106" hai1="21,73,19,42,129,112,135,123,128,45,98,80,17" hai2="25,2,36,28,26,31,87,88,34,115,56,131,3" hai3="35,81,126,114,71,108,134,12,68,6,10,120,16"/><U52/><E112/><V69/><F69/><W24/><G120/><T48/><D113/><U8/><E123/><V37/><F115/><W122/><G122/><T104/><D38/><U60/><E135/><V105/><F105/><W99/><G114/><T57/><D118/><U95/><E80/><V77/><F77/><W121/><G121/><T117/><D117/><U102/><E73/><V96/><F96/><W14/><G134/><T116/><D116/><U49/><E8/><V51/><F131/><N who="1" m="50249" /><E21/><V84/><F84/><W130/><G126/><T1/><D111/><U15/><E15/><V124/><F124/><W107/><G108/><T67/><D32/><U43/><E43/><V85/><F85/><W91/><G130/><T86/><D125/><U79/><E79/><V75/><F75/><W40/><G40/><T92/><D86/><U53/><E42/><V29/><F3/><W44/><G81/><T33/><D33/><U110/><E110/><V100/><F2/><W70/><G44/><T63/><D22/><U94/><E94/><V74/><F74/><W66/><G35/><T103/><REACH who="0" step="1"/><D30/><REACH who="0" ten="201,250,289,250" step="2"/><U27/><E27/><N who="2" m="18719" /><F29/><W59/><G24/><T39/><D39/><U101/><E101/><V65/><F100/><W11/><G99/><T5/><D5/><U47/><E98/><V61/><F26/><W89/><REACH who="3" step="1"/><G107/><REACH who="3" ten="201,250,289,240" step="2"/><T41/><D41/><N who="1" m="24751" /><E102/><V119/><F119/><W133/><G133/><T82/><D82/><U13/><E95/><N who="2" m="54687" /><F37/><W127/><G127/><T93/><D93/><U72/><E72/><V76/><F36/><W109/><G109/><T50/><D50/><RYUUKYOKU ba="0,2" sc="201,15,250,-15,289,-15,240,15" hai0="1,7,9,48,55,57,63,67,92,97,103,104,106" hai3="6,10,11,12,14,16,59,66,68,70,71,89,91" />
</Scene>
<Scene>
<INIT seed="2,1,2,0,3,118" ten="216,235,274,255" oya="2" hai0="12,87,66,101,96,131,124,22,56,37,71,11,90" hai1="17,129,104,48,15,51,60,2,9,30,125,0,98" hai2="43,128,46,19,54,74,134,10,26,109,102,92,120" hai3="45,4,94,7,108,65,61,29,107,110,88,119,32"/><V127/><F74/><W40/><G107/><T41/><D131/><U73/><E73/><V39/><F128/><W1/><G119/><T93/><D124/><U123/><E129/><V42/><F127/><W95/><G29/><T49/><D37/><U31/><E125/><V130/><F130/><W52/><G32/><T100/><D71/><U44/><E123/><V35/><F120/><W112/><G112/><T59/><D22/><U67/><E31/><V81/><F134/><W27/><G27/><T55/><D41/><U80/><E30/><V99/><F35/><W57/><G65/><T53/><D66/><U62/><E80/><V36/><F109/><N who="3" m="42091" /><G1/><T13/><D11/><U28/><E28/><V18/><F26/><W34/><G34/><T64/><D64/><U24/><E24/><V69/><F69/><W6/><G88/><T97/><D96/><U83/><E98/><V114/><F114/><W126/><G126/><T21/><D21/><U132/><E67/><V58/><F81/><W70/><G70/><T117/><D117/><U111/><E111/><V121/><F10/><W133/><G133/><T106/><REACH who="0" step="1"/><D101/><REACH who="0" ten="206,235,274,255" step="2"/><U82/><E9/><V50/><F121/><W14/><G14/><T75/><D75/><U68/><E15/><V20/><F20/><W116/><G116/><T91/><D91/><U135/><E68/><V16/><REACH who="2" step="1"/><F43/><REACH who="2" ten="206,235,264,255" step="2"/><W47/><G40/><T63/><AGARI ba="1,4" hai="12,13,49,53,55,56,59,63,87,90,93,97,100,106" machi="63" ten="20,5200,0" yaku="1,1,0,1,7,1,53,1" doraHai="118" doraHaiUra="86" who="0" fromWho="0" sc="206,95,235,-14,264,-27,255,-14" />
</Scene>
<Scene>
<INIT seed="3,0,0,4,2,122" ten="301,221,237,241" oya="3" hai0="97,70,38,37,130,57,109,8,43,17,27,13,117" hai1="93,99,63,48,14,120,25,19,110,86,22,107,124" hai2="81,69,55,133,4,71,84,31,24,28,66,5,121" hai3="12,56,128,29,2,102,3,0,118,59,64,114,11"/><W39/><G114/><T40/><D70/><U60/><E120/><V103/><F121/><W96/><G118/><T78/><D117/><U94/><E107/><V119/><F119/><W85/><G39/><T135/><D135/><U90/><E124/><V127/><F127/><W49/><G128/><T67/><D130/><U104/><E104/><V91/><F103/><W33/><G85/><T47/><D78/><U108/><E48/><V132/><F55/><W116/><G116/><T44/><D97/><U46/><E46/><V51/><F51/><W65/><G29/><N who="2" m="11337" /><F24/><W75/><G33/><T126/><D27/><U53/><E25/><V113/><F113/><W36/><G75/><T129/><D129/><U89/><REACH who="1" step="1"/><E53/><REACH who="1" ten="301,211,237,241" step="2"/><V79/><F133/><W58/><G49/><T77/><D126/><U7/><E7/><V16/><F5/><W76/><G36/><T32/><D47/><U74/><E74/><V112/><F4/><W72/><G72/><T54/><D44/><U21/><E21/><V61/><F112/><W115/><G115/><T82/><D54/><U52/><E52/><V80/><F132/><W87/><G11/><T131/><D8/><U101/><E101/><V111/><F61/><AGARI ba="0,1" hai="14,19,22,60,61,63,86,89,90,93,94,99,108,110" machi="61" ten="40,8000,1" yaku="1,1,52,2,53,2" doraHai="122" doraHaiUra="88" who="1" fromWho="2" sc="301,0,211,90,237,-80,241,0" />
</Scene>
<Scene>
<INIT seed="4,0,0,5,2,76" ten="301,301,157,241" oya="0" hai0="83,111,12,29,123,23,5,101,53,62,118,82,114" hai1="27,109,57,95,48,121,96,37,3,18,69,33,90" hai2="74,22,75,102,7,71,64,99,47,61,46,32,8" hai3="16,132,78,92,34,20,50,93,115,120,42,80,119"/><T84/><D123/><U66/><E121/><V9/><F32/><W104/><G115/><T89/><D118/><U58/><E37/><V133/><F133/><W124/><G119/><T21/><D114/><U45/><E3/><V24/><F74/><W77/><G104/><T17/><D111/><U135/><E109/><V38/><F75/><W2/><G34/><T116/><D116/><U68/><E135/><V130/><F130/><W11/><G132/><T14/><D101/><U44/><E44/><V4/><F4/><W106/><G106/><T1/><D1/><U103/><E90/><V60/><F60/><W87/><G120/><T15/><D5/><U122/><E122/><V107/><F38/><W85/><G124/><T72/><D72/><U126/><E126/><V54/><F54/><W73/><G11/><T70/><D70/><U39/><E39/><V97/><F97/><W127/><G2/><T125/><D125/><U112/><E112/><V81/><F81/><N who="0" m="30730" /><D29/><U117/><E117/><V105/><F9/><W49/><G127/><T6/><D23/><U134/><E134/><V10/><F10/><W63/><G73/><T36/><D6/><U35/><E35/><V65/><F65/><W91/><G78/><T128/><D36/><U108/><E108/><V40/><F107/><W67/><G20/><T59/><D128/><U26/><E33/><V98/><F98/><W88/><G77/><T28/><D28/><U30/><E30/><N who="2" m="17687" /><F40/><W31/><G31/><T110/><D110/><U113/><E113/><V25/><F25/><W129/><G129/><T51/><D62/><RYUUKYOKU ba="0,0" sc="301,15,301,-15,157,15,241,-15" hai0="12,14,15,17,21,51,53,59,84,89" hai2="7,8,46,47,61,64,71,99,102,105" />
</Scene>
<Scene>
<INIT seed="4,1,0,3,0,82" ten="316,286,172,226" oya="0" hai0="135,64,0,41,121,124,86,70,18,79,99,3,80" hai1="14,61,84,20,96,17,59,50,68,104,43,73,30" hai2="72,119,42,12,7,97,1,38,116,57,4,77,31" hai3="125,58,91,133,5,6,63,114,22,111,37,102,78"/><T2/><D121/><U120/><E73/><V106/><F31/><W107/><G111/><T27/><D135/><U39/><E39/><V92/><F106/><W26/><G37/><T11/><D124/><U110/><E110/><V8/><F38/><W21/><G125/><T36/><D70/><U35/><E120/><V10/><F42/><W98/><G133/><T48/><D36/><U23/><E35/><V34/><F34/><W40/><G40/><T65/><D99/><U132/><E132/><V103/><F72/><W69/><G69/><T95/><D95/><U89/><E68/><V118/><F57/><W56/><G78/><AGARI ba="1,0" hai="1,4,7,8,10,12,77,78,92,97,103,116,118,119" machi="78" ten="40,1300,0" yaku="12,1" doraHai="82" who="2" fromWho="3" sc="316,0,286,0,172,16,226,-16" />
</Scene>
<Scene>
<INIT seed="5,0,0,5,4,7" ten="316,286,188,210" oya="1" hai0="82,76,56,58,18,54,8,22,73,128,72,91,108" hai1="12,113,112,74,98,55,19,3,60,10,45,38,69" hai2="53,124,116,6,81,35,14,133,15,86,123,95,31" hai3="83,88,125,46,105,107,25,94,115,109,84,48,111"/><U41/><E74/><V32/><F116/><W71/><G71/><T52/><D108/><U122/><E122/><V70/><F123/><W85/><G115/><N who="1" m="44106" /><E3/><V79/><F70/><W100/><G125/><T75/><D128/><U87/><E98/><V2/><F124/><W121/><G121/><T57/><D91/><U117/><E117/><V127/><F127/><W134/><G134/><T62/><D8/><U11/><E87/><V104/><F104/><W97/><G25/><T44/><D44/><U43/><E43/><V78/><F133/><W42/><REACH who="3" step="1"/><G107/><REACH who="3" ten="316,286,188,200" step="2"/><T118/><D118/><U63/><E69/><V110/><F110/><W51/><G51/><T61/><D58/><N who="1" m="34911" /><E63/><V36/><F36/><W33/><G33/><T99/><D99/><U93/><E93/><V65/><F35/><W132/><G132/><T92/><D92/><U68/><E68/><V1/><F32/><W106/><G106/><T135/><REACH who="0" step="1"/><D135/><REACH who="0" ten="306,286,188,200" step="2"/><U28/><E45/><V4/><F95/><W119/><G119/><T21/><D21/><U131/><E38/><V90/><F2/><W17/><G17/><T130/><D130/><U34/><E131/><V77/><F1/><W9/><G9/><T24/><AGARI ba="0,2" hai="18,22,24,52,54,56,57,61,62,72,73,75,76,82" machi="24" ten="20,8000,1" yaku="1,1,0,1,7,1,9,1,54,1,53,0" doraHai="7" doraHaiUra="37" who="0" fromWho="0" sc="306,100,286,-40,188,-20,200,-20" />
</Scene>
<Scene>
<INIT seed="6,0,0,2,1,65" ten="406,246,168,180" oya="2" hai0="126,34,87,32,100,73,0,109,48,83,42,75,57" hai1="3,122,62,106,53,7,38,36,132,30,14,28,39" hai2="61,72,115,112,59,77,117,125,35,129,110,121,33" hai3="10,91,97,56,85,123,74,66,102,20,101,46,68"/><V25/><F117/><W16/><G74/><T60/><D109/><U120/><E3/><V134/><F121/><N who="1" m="46697" /><E106/><V45/><F110/><W29/><G123/><T89/><D0/><U114/><E114/><N who="2" m="43563" /><F125/><W99/><G68/><T107/><D34/><N who="2" m="12810" /><F134/><W2/><G29/><N who="1" m="11370" /><E132/><V9/><F129/><W64/><G46/><T103/><D103/><N who="3" m="39433" /><G10/><T92/><D32/><U104/><E104/><V70/><F9/><W96/><G56/><T37/><D57/><N who="1" m="35119" /><E14/><V15/><F15/><N who="3" m="9247" /><G2/><T11/><D107/><U1/><E1/><V44/><F25/><W82/><AGARI ba="0,0" hai="64,66,82,85,91,96,97,99" m="9247,39433" machi="82" ten="30,2000,0" yaku="8,1,54,1" doraHai="65" who="3" fromWho="3" sc="406,-5,246,-5,168,-10,180,20" />
</Scene>
<Scene>
<INIT seed="7,0,0,4,1,57" ten="401,241,158,200" oya="3" hai0="42,61,77,64,89,130,121,75,96,131,27,86,103" hai1="4,1,68,54,41,19,125,126,36,90,48,94,34" hai2="18,10,113,70,87,28,100,76,92,73,79,82,29" hai3="35,13,102,22,132,119,135,63,20,50,98,14,40"/><W99/><G35/><T45/><D121/><U127/><E68/><V83/><F113/><W105/><G119/><T24/><D77/><U133/><E133/><N who="3" m="51274" /><G99/><T114/><D75/><U80/><E34/><V30/><F70/><W25/><G63/><T107/><D114/><U0/><E80/><V46/><F46/><N who="3" m="25927" /><G22/><T108/><D108/><U91/><E41/><V71/><F71/><W23/><G20/><T6/><D6/><U52/><E4/><V78/><F100/><W106/><G105/><T84/><D61/><U81/><E36/><V109/><F109/><W12/><G12/><T134/><D64/><U55/><E48/><V11/><F73/><W88/><G88/><T15/><D15/><U120/><E120/><V129/><F129/><N who="0" m="49162" /><D134/><U3/><E91/><V38/><F38/><W39/><G39/><N who="0" m="21727" /><D86/><N who="1" m="50511" /><E94/><AGARI ba="0,0" hai="24,27,84,89,94,96,103,107" m="21727,49162" machi="94" ten="30,1000,0" yaku="19,1" doraHai="57" who="0" fromWho="1" sc="401,10,241,-10,158,0,200,0" owari="411,51.0,231,3.0,158,-34.0,200,-20.0" />
</Scene>
</mjloggm>