<mjloggm ver="2.3"><GO type="169" lobby="0"/><UN n0="%E3%83%8C%E3%83%83%E3%83%97" n1="%E3%83%98%E3%82%AF%E3%82%B5%E3%83%BC" n2="%E5%A4%AA%E3%81%8F%E3%81%AA%E3%81%84%E3%81%8A" n3="%E5%82%B7%E3%81%AF%E6%B5%85%E3%81%84%E3%81%86%E3%81%A1%E3%81%AB" dan="16,19,18,16" rate="2131.02,2323.13,2172.32,2017.85" sx="M,M,M,M"/><TAIKYOKU oya="0"/>

<Scene>
<INIT seed="0,0,0,1,1,94" ten="250,250,250,250" oya="0" hai0="69,49,47,15,56,68,81,76,53,123,43,63,127" hai1="99,14,112,97,29,8,24,2,32,89,135,78,108" hai2="132,61,16,93,10,134,125,27,131,62,72,113,41" hai3="126,83,60,91,74,9,34,105,25,107,71,18,35"/><T55/><D123/><U64/><E108/><V103/><F113/><W3/><G126/><T82/><D82/><U5/><E135/><N who="2" m="51755" /><F72/><W114/><G114/><T115/><D115/><U50/><E112/><V67/><F125/><W65/><G91/><T46/><D15/><U129/><E129/><V21/><F131/><W119/><G18/><T38/><REACH who="0" step="1"/><D127/><REACH who="0" ten="240,250,250,250" step="2"/><U48/><E14/><V90/><F10/><W79/><G9/><T102/><D102/><U86/><E78/><V95/><F103/><W130/><G83/><T59/><D59/><U26/><E26/><V80/><F80/><W33/><G25/><T11/><D11/><U104/><E8/><V28/><F90/><W4/><G130/><T1/><D1/><U75/><E2/><V44/><F27/><W118/><G3/><T20/><D20/><U122/><E24/><V0/><F0/><W106/><G4/><T57/><D57/><U92/><E5/><V84/><F21/><W85/><G33/><T87/><AGARI ba="0,1" hai="38,43,46,47,49,53,55,56,63,68,69,76,81,87" machi="87" ten="20,3900,0" yaku="1,1,0,1,7,1,53,0" doraHai="94" doraHaiUra="110" who="0" fromWho="0" sc="240,49,250,-13,250,-13,250,-13" />
</Scene>
<Scene>
<INIT seed="0,1,0,4,1,133" ten="289,237,237,237" oya="0" hai0="75,62,32,47,38,96,91,108,92,90,22,74,99" hai1="130,122,23,131,1,98,14,135,65,43,94,33,48" hai2="39,35,100,79,83,51,125,16,118,59,97,126,46" hai3="10,13,95,70,58,128,24,101,52,110,28,57,50"/><T60/><D32/><U21/><E122/><V112/><F35/><W73/><G70/><T81/><D108/><U25/><E1/><V15/><F59/><W124/><G110/><T9/><D60/><U121/><E121/><V86/><F39/><W120/><G73/><T61/><D61/><U84/><E135/><V82/><F82/><W6/><G128/><N who="1" m="49194" /><E65/><V76/><F76/><W102/><G120/><T67/><D9/><U7/><E84/><V30/><F30/><W77/><G77/><T54/><D22/><U127/><E127/><N who="2" m="48651" /><F118/><W56/><G124/><T26/><D26/><U41/><E33/><V31/><F31/><W89/><G58/><T134/><D134/><U8/><E48/><V115/><F51/><W104/><G57/><T114/><D54/><U63/><E63/><V78/><F78/><W66/><G66/><T45/><D114/><U116/><E116/><V72/><F46/><W105/><G28/><T113/><D113/><U5/><E41/><V0/><F0/><W68/><G68/><T117/><D117/><U85/><E43/><V80/><F80/><W64/><G64/><T106/><D81/><U2/><E2/><V27/><F27/><W42/><G24/><T55/><D55/><U123/><E25/><V44/><F44/><W69/><G42/><T20/><D38/><U40/><E40/><V87/><F115/><W18/><G69/><T37/><D37/><U88/><E123/><V17/><F112/><W12/><G105/><T111/><D106/><U29/><E29/><V93/><F17/><W132/><G18/><T19/><D19/><RYUUKYOKU ba="1,0" sc="289,-10,237,-10,237,30,237,-10" hai2="15,16,72,79,83,86,87,93,97,100" />
</Scene>
<Scene>
<INIT seed="1,2,0,3,0,33" ten="279,227,267,227" oya="1" hai0="49,114,18,68,15,61,36,51,89,39,54,10,69" hai1="19,66,128,78,102,123,22,130,131,55,8,84,9" hai2="35,115,82,32,111,1,98,92,40,46,126,64,24" hai3="85,120,26,94,87,117,86,134,11,121,127,104,45"/><U52/><E123/><V29/><F111/><W5/><G104/><T119/><D114/><U17/><E66/><V47/><F115/><W38/><G127/><T72/><D72/><U75/><E102/><V81/><F126/><W124/><G124/><T25/><D119/><U2/><E75/><V99/><F64/><W70/><G70/><T20/><D51/><U132/><E132/><V59/><F59/><W14/><G134/><T100/><D100/><U3/><E84/><V6/><F32/><W106/><G106/><T97/><D69/><U118/><E78/><V95/><F95/><W110/><G110/><T103/><D68/><U37/><E37/><V44/><F40/><W34/><G94/><T12/><D61/><U0/><E118/><V96/><REACH who="2" step="1"/><F92/><REACH who="2" ten="279,227,257,227" step="2"/><W122/><G117/><T105/><D105/><U48/><E55/><V43/><F43/><W107/><G107/><T74/><D54/><U109/><E109/><V83/><F83/><W93/><G93/><T27/><D103/><U28/><E28/><V42/><F42/><W4/><G121/><T57/><D97/><U67/><E67/><V108/><F108/><W7/><G122/><T65/><D65/><U79/><E79/><V101/><F101/><W73/><G120/><T13/><D89/><U31/><E31/><V129/><F129/><W71/><G71/><T58/><D57/><N who="1" m="32903" /><E19/><V30/><F30/><N who="3" m="19799" /><G45/><T56/><D18/><U91/><E91/><V112/><F112/><W53/><G53/><T76/><D58/><U62/><E62/><V125/><F125/><W63/><G63/><T135/><D76/><RYUUKYOKU ba="2,1" sc="279,-15,227,15,257,15,227,-15" hai1="0,2,3,8,9,17,22,128,130,131" hai2="1,6,24,29,35,44,46,47,81,82,96,98,99" />
</Scene>
<Scene>
<INIT seed="1,3,1,0,2,55" ten="264,242,272,212" oya="1" hai0="103,62,82,19,33,75,107,29,67,30,59,119,12" hai1="42,17,97,16,39,21,51,6,76,23,98,15,88" hai2="5,38,11,47,90,40,117,114,24,81,95,34,116" hai3="49,14,48,36,72,121,112,110,70,22,101,64,9"/><U102/><E39/><V74/><F114/><W105/><G36/><T66/><D119/><U32/><E32/><V133/><F133/><W115/><G72/><T1/><D1/><U92/><E76/><N who="2" m="44183" /><F24/><W54/><G121/><T83/><D33/><U89/><E6/><V132/><F34/><W46/><G101/><T93/><D107/><U61/><E61/><V10/><F10/><W63/><G105/><T108/><D108/><U109/><E109/><V94/><F132/><W123/><G123/><T71/><D71/><U129/><E129/><V87/><F95/><W58/><G22/><T73/><D73/><U20/><E97/><V31/><F31/><N who="0" m="11786" /><D67/><U118/><E118/><V113/><F113/><W120/><G120/><T7/><D7/><U2/><E2/><AGARI ba="3,1" hai="2,5,11,38,40,47,87,90,94,116,117" m="44183" machi="2" ten="30,1000,0" yaku="25,1" doraHai="55" who="2" fromWho="1" sc="264,0,242,-19,272,29,212,0" />
</Scene>
<Scene>
<INIT seed="2,0,0,1,0,50" ten="264,223,301,212" oya="2" hai0="122,43,19,132,117,41,47,5,34,97,120,112,60" hai1="93,46,89,102,134,82,39,24,6,51,100,131,14" hai2="13,96,33,78,25,125,29,30,0,22,3,12,107" hai3="7,72,98,37,57,36,124,65,80,64,85,133,87"/><V114/><F78/><W10/><G72/><T116/><D34/><U101/><E131/><V32/><F96/><W58/><G124/><T128/><D5/><U9/><E134/><V56/><F56/><W79/><G133/><T113/><D19/><U111/><E39/><V11/><F107/><W61/><G87/><T115/><D97/><U20/><E82/><V74/><F74/><W67/><G98/><T95/><D95/><U94/><E111/><V4/><F114/><W105/><G105/><T106/><D106/><U31/><REACH who="1" step="1"/><E89/><REACH who="1" ten="264,213,301,212" step="2"/><V35/><F125/><W70/><G37/><T71/><D128/><U18/><E18/><N who="2" m="10567" /><F29/><W90/><G36/><N who="0" m="21927" /><D132/><U66/><E66/><V40/><F40/><AGARI ba="0,1" hai="6,9,14,20,24,31,40,46,51,93,94,100,101,102" machi="40" ten="40,2600,0" yaku="1,1,8,1,53,0" doraHai="50" doraHaiUra="129" who="1" fromWho="2" sc="264,0,213,36,301,-26,212,0" />
</Scene>
<Scene>
<INIT seed="3,0,0,5,1,99" ten="264,249,275,212" oya="3" hai0="116,76,69,14,47,120,64,61,82,78,15,24,114" hai1="109,67,102,129,79,93,44,63,70,48,4,54,42" hai2="46,28,35,50,131,32,71,11,13,130,68,115,6" hai3="88,135,34,119,121,103,62,59,84,100,80,55,1"/><W98/><G119/><T12/><D120/><U51/><E109/><V128/><F115/><W43/><G121/><T23/><D114/><U133/><E79/><V127/><F127/><W83/><G34/><N who="2" m="12841" /><F28/><W123/><G1/><T36/><D116/><U113/><E113/><V19/><F6/><W81/><G123/><T56/><D69/><U87/><E4/><V17/><F17/><W132/><G43/><AGARI ba="0,0" hai="11,13,19,43,46,50,68,71,128,130,131" m="12841" machi="43" ten="40,1300,0" yaku="19,1" doraHai="99" who="2" fromWho="3" sc="264,0,249,0,275,13,212,-13" />
</Scene>
<Scene>
<INIT seed="4,0,0,3,0,78" ten="264,249,288,199" oya="0" hai0="109,59,66,93,32,48,50,120,20,72,96,24,2" hai1="129,76,40,3,131,112,102,15,62,77,119,69,34" hai2="118,47,63,113,6,111,135,127,134,67,104,98,88" hai3="4,92,52,128,35,27,84,100,86,90,110,33,1"/><T25/><D72/><U0/><E34/><V37/><F111/><W36/><G110/><T21/><D2/><U57/><E119/><V5/><F118/><W41/><G128/><N who="1" m="49226" /><E40/><N who="2" m="22927" /><F113/><W114/><G114/><T83/><D32/><U130/><E69/><N who="2" m="42239" /><F127/><W49/><G100/><T14/><D120/><U122/><E122/><V65/><F65/><W87/><G41/><T38/><D38/><U11/><E112/><V132/><F104/><W58/><G36/><T60/><D14/><U80/><E102/><V9/><F9/><W121/><G121/><T82/><D109/><U105/><E105/><V97/><F97/><W45/><G45/><T29/><D50/><U46/><E46/><V13/><F13/><W108/><G108/><T44/><D48/><U74/><E77/><V99/><F99/><W79/><G79/><T8/><D8/><U10/><E10/><V51/><F51/><W73/><G1/><T94/><D44/><U71/><E71/><V43/><F43/><W89/><G4/><T126/><D126/><U30/><E130/><V91/><F98/><N who="3" m="57615" /><G90/><AGARI ba="0,0" hai="5,6,88,90,91,132,134,135" m="42239,22927" machi="90" ten="30,2000,0" yaku="20,1,54,1" doraHai="78" who="2" fromWho="3" sc="264,0,249,0,288,20,199,-20" />
</Scene>
<Scene>
<INIT seed="5,0,0,0,5,48" ten="264,249,308,179" oya="1" hai0="76,127,135,33,36,50,29,108,124,114,133,90,94" hai1="86,118,17,130,72,134,81,44,92,100,9,57,14" hai2="104,19,116,88,123,49,113,89,73,117,43,60,21" hai3="126,4,71,115,129,63,61,30,47,125,51,56,105"/><U69/><E118/><V27/><F123/><W55/><G105/><T46/><D36/><U10/><E69/><V18/><F104/><W96/><G96/><T84/><D108/><U34/><E34/><V31/><F73/><W7/><G30/><T99/><D29/><U24/><E130/><V120/><F120/><W41/><G115/><T70/><D70/><U82/><E134/><N who="0" m="51209" /><D114/><U68/><E68/><V106/><F106/><W0/><G129/><T101/><D33/><U6/><E72/><V122/><F122/><W37/><G0/><T91/><D76/><U97/><E44/><N who="2" m="25759" /><F113/><W74/><G74/><T77/><D77/><U75/><E75/><V131/><F131/><W5/><REACH who="3" step="1"/><G63/><REACH who="3" ten="264,249,308,169" step="2"/><T83/><D101/><U22/><E86/><V87/><F117/><W32/><G32/><T80/><D80/><U128/><E128/><V2/><F2/><W58/><G58/><T8/><D8/><U102/><E102/><V40/><F60/><W64/><AGARI ba="0,1" hai="4,5,7,37,41,47,51,55,56,61,64,71,125,126" machi="64" ten="30,12000,2" yaku="1,1,0,1,24,2,52,1,53,1" doraHai="48" doraHaiUra="59" who="3" fromWho="3" sc="264,-30,249,-60,308,-30,169,130" />
</Scene>
<Scene>
<INIT seed="6,0,0,5,3,132" ten="234,189,278,299" oya="2" hai0="126,93,104,59,111,22,131,16,8,60,96,9,29" hai1="129,4,63,128,52,39,6,17,56,1,44,23,74" hai2="95,19,120,21,24,10,7,103,66,101,125,117,65" hai3="70,25,79,94,110,32,51,27,113,40,85,75,73"/><V28/><F117/><W87/><G70/><T37/><D37/><U3/><E74/><V134/><F120/><W116/><G110/><T127/><D104/><U135/><E135/><V43/><F134/><W121/><G40/><T89/><D29/><U82/><E82/><V109/><F109/><W118/><G51/><T77/><D77/><U46/><E39/><V35/><F43/><W64/><G64/><T13/><D131/><N who="1" m="50251" /><E4/><V83/><F83/><W38/><G38/><T84/><D111/><U36/><E36/><V133/><F133/><W78/><G94/><T92/><D9/><N who="1" m="2255" /><E3/><V106/><F106/><W72/><G72/><T62/><D8/><U67/><E67/><V112/><F65/><W11/><G11/><T122/><D122/><U31/><E31/><V90/><F66/><W108/><G108/><T0/><D0/><U49/><E63/><V97/><F7/><W33/><G121/><T69/><D69/><U34/><E34/><V86/><F35/><W54/><G54/><T81/><D59/><U102/><E102/><V68/><F68/><W15/><G75/><T61/><REACH who="0" step="1"/><D81/><REACH who="0" ten="224,189,278,299" step="2"/><U99/><E99/><V5/><F5/><W100/><G116/><T20/><D20/><U114/><E114/><V124/><F97/><W107/><G118/><T47/><D47/><U115/><E115/><V41/><F112/><W98/><G113/><T26/><D26/><AGARI ba="0,1" hai="17,23,26,44,46,49,52,56" m="2255,50251" machi="26" ten="30,2000,0" yaku="19,1,54,1" doraHai="132" who="1" fromWho="0" sc="224,-20,189,30,278,0,299,0" />
</Scene>
<Scene>
<INIT seed="7,0,0,4,1,86" ten="204,219,278,299" oya="3" hai0="78,79,19,58,116,77,74,24,102,73,128,14,99" hai1="27,71,125,111,91,124,68,0,7,94,117,60,129" hai2="5,66,107,37,45,126,51,44,65,88,18,85,108" hai3="112,50,22,70,104,95,93,10,72,32,103,3,122"/><W30/><G122/><T119/><D128/><U132/><E111/><V67/><F108/><W76/><G32/><T55/><D24/><U63/><E129/><V25/><F107/><W135/><G70/><N who="1" m="26666" /><E132/><V113/><F113/><W35/><G35/><T16/><D74/><U96/><E117/><V101/><F126/><N who="1" m="48745" /><E27/><V36/><F101/><W110/><G110/><T49/><D73/><U46/><E46/><V130/><F130/><W131/><G131/><T105/><REACH who="0" step="1"/><D19/><REACH who="0" ten="194,219,278,299" step="2"/><U100/><E100/><V31/><F18/><W61/><G103/><T2/><D2/><U62/><E0/><V106/><F25/><W53/><G72/><T41/><D41/><U84/><E7/><V123/><F5/><W6/><G6/><T4/><D4/><U89/><E63/><V87/><F123/><W28/><G61/><T23/><AGARI ba="0,1" hai="14,16,23,49,55,58,77,78,79,99,102,105,116,119" machi="23" ten="30,4000,0" yaku="1,1,0,1,54,1,53,0" doraHai="86" doraHaiUra="38" who="0" fromWho="0" sc="194,50,219,-10,278,-10,299,-20" />
</Scene>
<Scene>
<INIT seed="8,0,0,0,5,45" ten="244,209,268,279" oya="0" hai0="98,49,74,12,25,75,41,107,29,104,23,97,55" hai1="36,27,82,86,83,103,69,33,39,89,120,79,93" hai2="52,24,46,21,101,115,59,30,110,40,61,117,123" hai3="2,34,90,112,11,121,37,95,44,114,32,80,28"/><T62/><D75/><U13/><E120/><V71/><F123/><W48/><G121/><T109/><D74/><U118/><E118/><V10/><F110/><W85/><G37/><T87/><D109/><U5/><E69/><V134/><F115/><W73/><G2/><T26/><D41/><U17/><E5/><V0/><F0/><W50/><G11/><T72/><D72/><U78/><E103/><V4/><F117/><W60/><G60/><T51/><D104/><U124/><E124/><V91/><F101/><W100/><G50/><N who="0" m="18955" /><D107/><U65/><E65/><V42/><F71/><W133/><G133/><T53/><D87/><U57/><E57/><V19/><F134/><W20/><G73/><T130/><D130/><U127/><E127/><V128/><F128/><W1/><G1/><T106/><D106/><U113/><E113/><V64/><F42/><W70/><G70/><T8/><D26/><U92/><E27/><V77/><F40/><N who="3" m="24583" /><G34/><T3/><D3/><U132/><E33/><V94/><F46/><W76/><G32/><T43/><D43/><U126/><E132/><V68/><F68/><W84/><G84/><T111/><D111/><U119/><E126/><V56/><F24/><N who="3" m="16391" /><G114/><T129/><D129/><U16/><E119/><V125/><F125/><W99/><G112/><T7/><D62/><U105/><E105/><V135/><F135/><W31/><G31/><T47/><D47/><U88/><E86/><V9/><F30/><W6/><G85/><T122/><D122/><U14/><AGARI ba="0,0" hai="13,14,16,17,36,39,78,79,82,83,88,89,92,93" machi="14" ten="25,8000,1" yaku="0,1,22,2,54,2" doraHai="45" who="1" fromWho="1" sc="244,-40,209,80,268,-20,279,-20" />
</Scene>
<Scene>
<INIT seed="9,0,0,1,4,114" ten="204,289,248,259" oya="1" hai0="75,62,46,0,72,125,118,124,48,22,43,1,61" hai1="78,52,126,119,37,127,109,57,6,121,25,55,86" hai2="74,89,63,16,101,70,99,38,115,80,24,129,54" hai3="59,33,26,76,128,68,92,10,71,102,84,94,2"/><U108/><E119/><V36/><F115/><W4/><G128/><T58/><D75/><U135/><E135/><V93/><F129/><W39/><G39/><T112/><D72/><U82/><E121/><V117/><F117/><W66/><G71/><T88/><D112/><U53/><E37/><V95/><F74/><W11/><G11/><T98/><D118/><U87/><E57/><N who="2" m="35255" /><F70/><W51/><G68/><T32/><D32/><U15/><E25/><V56/><F56/><W85/><G102/><T83/><D83/><N who="1" m="47479" /><E15/><V20/><F80/><W91/><G76/><T65/><D62/><U73/><E6/><V50/><F50/><W123/><G123/><T34/><D34/><U60/><E60/><V27/><F27/><W9/><G66/><T42/><D42/><U120/><E73/><V77/><F77/><W111/><G111/><N who="1" m="42570" /><E120/><V17/><F17/><W8/><G26/><T96/><D96/><AGARI ba="0,0" hai="16,20,24,36,38,89,93,95,96,99,101" m="35255" machi="96" ten="30,2000,0" yaku="25,1,54,1" doraHai="114" who="2" fromWho="0" sc="204,-20,289,0,248,20,259,0" />
</Scene>
<Scene>
<INIT seed="10,0,0,4,2,128" ten="184,289,268,259" oya="2" hai0="94,68,73,64,114,0,93,122,58,107,120,8,31" hai1="51,54,121,118,134,67,89,82,77,33,57,48,53" hai2="124,20,95,32,26,86,1,45,125,44,99,12,83" hai3="22,41,27,66,97,129,42,127,106,109,126,35,39"/><V13/><F1/><W133/><G109/><T111/><D107/><U37/><E37/><V24/><F32/><W18/><G129/><T29/><D73/><U113/><E33/><V34/><F34/><W15/><G66/><T36/><D36/><U112/><E89/><V101/><F124/><N who="3" m="47659" /><G133/><T116/><D68/><U46/><E134/><V87/><F87/><W96/><G39/><T7/><D111/><U115/><E82/><V9/><F125/><W85/><G85/><T92/><D114/><U103/><E103/><V60/><F60/><W5/><G5/><T70/><D70/><U50/><E77/><V62/><F62/><W81/><G81/><T84/><D84/><U28/><E28/><V75/><F75/><W16/><G35/><T6/><D6/><U65/><E118/><V25/><F20/><N who="3" m="11295" /><G106/><T135/><D135/><U69/><E121/><V119/><F119/><W130/><G130/><T56/><D116/><U11/><E11/><V4/><REACH who="2" step="1"/><F13/><REACH who="2" ten="184,289,258,259" step="2"/><W23/><G23/><T21/><D21/><U76/><E113/><V90/><AGARI ba="0,1" hai="4,9,12,24,25,26,44,45,83,86,90,95,99,101" machi="90" ten="30,11700,0" yaku="1,1,2,1,0,1,8,1,53,0" doraHai="128" doraHaiUra="63" who="2" fromWho="2" sc="184,-39,289,-39,258,127,259,-39" owari="145,-35.0,250,5.0,385,48.0,220,-18.0" />
</Scene>
</mjloggm>