<mjloggm ver="2.3"><GO type="169" lobby="0"/><UN n0="%E3%82%AB%E3%83%BC%E3%83%AB" n1="%E3%82%86%E3%81%86%E3%81%B4" n2="%E5%A4%AA%E3%81%8F%E3%81%AA%E3%81%84%E3%81%8A" n3="%E3%83%8C%E3%83%83%E3%83%97" dan="17,16,18,16" rate="2213.93,2163.75,2189.76,2137.33" sx="M,M,M,M"/><TAIKYOKU oya="0"/>

<Scene>
<INIT seed="0,0,0,4,5,10" ten="250,250,250,250" oya="0" hai0="132,104,74,14,120,63,83,47,72,75,23,116,51" hai1="117,100,99,124,98,88,19,55,90,33,84,82,18" hai2="70,85,62,130,113,21,24,118,71,35,31,123,127" hai3="7,43,126,91,61,114,103,66,93,125,49,68,56"/><T111/><D116/><U64/><E117/><V15/><F118/><W60/><G114/><T133/><D120/><U11/><E33/><V65/><F113/><W135/><G103/><T12/><D104/><U92/><E124/><N who="3" m="47722" /><G7/><T78/><D63/><U1/><E64/><V121/><F127/><W13/><G13/><N who="0" m="5227" /><D111/><U50/><E1/><V41/><F71/><W76/><G76/><T108/><D108/><U26/><E11/><V57/><F70/><W34/><G34/><T45/><D23/><U94/><E26/><V73/><F123/><W6/><G6/><T37/><D37/><U59/><AGARI ba="0,0" hai="18,19,50,55,59,82,84,88,90,92,94,98,99,100" machi="59" ten="20,5200,0" yaku="0,1,7,1,8,1,54,1" doraHai="10" who="1" fromWho="1" sc="250,-26,250,52,250,-13,250,-13" />
</Scene>
<Scene>
<INIT seed="1,0,0,5,1,53" ten="224,302,237,237" oya="1" hai0="46,36,118,38,108,41,5,120,47,3,82,30,128" hai1="109,110,79,76,117,122,104,63,114,85,22,48,83" hai2="7,45,86,135,60,89,75,68,29,132,58,121,96" hai3="133,74,57,77,106,101,59,55,94,13,131,125,34"/><U32/><E32/><V31/><F121/><W88/><G34/><T40/><D118/><U100/><E122/><V17/><F68/><W27/><G55/><T10/><D120/><U0/><E0/><V54/><F75/><W12/><G27/><T124/><D108/><N who="1" m="41579" /><E117/><V69/><F69/><W20/><G125/><T65/><D124/><U33/><E33/><V64/><F7/><W91/><G91/><T78/><D30/><U129/><E114/><V11/><F96/><N who="3" m="61735" /><G133/><N who="2" m="51273" /><F45/><W9/><G20/><T24/><D24/><U99/><E22/><V25/><F54/><W113/><G113/><T37/><D65/><U35/><E35/><V52/><F64/><W102/><G102/><T67/><D67/><U84/><E48/><V72/><F72/><W8/><G8/><T39/><D128/><U130/><E63/><V87/><F25/><W81/><G131/><N who="1" m="50186" /><E79/><V111/><F111/><W73/><G73/><AGARI ba="0,0" hai="3,5,10,36,37,38,39,40,41,46,47,73,78,82" machi="73" ten="30,12000,2" yaku="7,1,9,1,25,2,33,3" doraHai="53" who="0" fromWho="3" sc="224,120,302,0,237,0,237,-120" /><AGARI ba="0,0" hai="73,76,83,84,85,99,100,104" m="50186,41579" machi="73" ten="30,12000,1" yaku="14,1,10,1,19,1,34,2" doraHai="53" who="1" fromWho="3" sc="344,0,302,120,237,0,117,-120" owari="344,14.0,422,52.0,237,-16.0,-3,-50.0" />
</Scene>
</mjloggm>