<mjloggm ver="2.3"><GO type="169" lobby="0"/><UN n0="%E5%A4%AA%E3%81%8F%E3%81%AA%E3%81%84%E3%81%8A" n1="%E5%AE%89%E7%9C%A0%E3%83%9E%E3%82%AF%E3%83%A9" n2="%6D%75%6B%69%74%74%69" n3="%E3%81%8A%E3%81%98%E3%81%95%E3%82%93" dan="18,17,16,17" rate="2179.88,2207.12,2056.42,2152.28" sx="M,F,M,M"/><TAIKYOKU oya="0"/>

<Scene>
<INIT seed="0,0,0,1,3,91" ten="250,250,250,250" oya="0" hai0="82,118,27,116,127,102,115,58,23,92,33,122,20" hai1="110,30,101,6,17,107,130,0,112,119,7,55,2" hai2="68,104,51,79,108,77,73,89,61,34,94,90,26" hai3="47,11,60,19,59,123,15,57,87,133,84,44,65"/><T8/><D115/><U86/><E119/><V67/><F104/><W9/><G123/><T43/><D122/><U32/><E107/><V63/><F108/><W41/><G133/><T98/><D127/><U132/><E101/><V37/><F37/><W64/><G9/><T14/><D43/><U66/><E66/><V21/><F34/><W38/><REACH who="3" step="1"/><G47/><REACH who="3" ten="250,250,250,240" step="2"/><T109/><D8/><N who="1" m="2135" /><E132/><V18/><F73/><W12/><G12/><T10/><D14/><U100/><E0/><V52/><F61/><AGARI ba="0,1" hai="11,15,19,38,41,44,57,59,60,61,64,65,84,87" machi="61" ten="40,2600,0" yaku="1,1,9,1,53,0" doraHai="91" doraHaiUra="126" who="3" fromWho="2" sc="250,0,250,0,250,-26,240,36" />
</Scene>
<Scene>
<INIT seed="1,0,0,4,1,119" ten="250,250,224,276" oya="1" hai0="87,44,30,24,90,109,122,19,70,23,69,5,47" hai1="95,65,92,11,36,77,100,114,97,25,103,0,20" hai2="118,62,57,125,78,108,52,17,128,56,111,124,81" hai3="80,106,135,129,6,76,117,84,88,86,98,112,53"/><U134/><E36/><V105/><F105/><W93/><G6/><T110/><D5/><U85/><E134/><V18/><F118/><W29/><G29/><T9/><D9/><U39/><E39/><V74/><F128/><W46/><G46/><N who="0" m="17451" /><D19/><N who="2" m="7178" /><F57/><W99/><G53/><T38/><D38/><U101/><E114/><V71/><F71/><W67/><G67/><T131/><D131/><U107/><E107/><V51/><F62/><W91/><G117/><T48/><D48/><U63/><E0/><V127/><AGARI ba="0,0" hai="51,52,56,74,78,81,108,111,124,125,127" m="7178" machi="127" ten="40,2700,0" yaku="18,1,54,1" doraHai="119" who="2" fromWho="2" sc="250,-7,250,-13,224,27,276,-7" />
</Scene>
<Scene>
<INIT seed="2,0,0,3,1,53" ten="243,237,251,269" oya="2" hai0="30,114,135,35,134,2,108,56,43,5,33,133,55" hai1="13,111,109,10,98,95,24,18,89,82,128,75,68" hai2="67,119,60,115,122,61,32,96,66,62,28,120,9" hai3="15,86,65,74,77,79,126,100,21,76,118,101,130"/><V64/><F115/><W131/><G118/><T4/><D114/><U81/><E68/><V69/><F119/><W84/><G65/><T45/><D108/><N who="1" m="41547" /><E128/><N who="3" m="49194" /><G15/><T91/><D91/><U104/><E75/><V58/><F96/><W29/><G29/><T14/><D2/><U70/><E70/><N who="2" m="42247" /><F9/><W27/><G27/><N who="0" m="18655" /><D35/><U117/><E117/><V1/><F28/><W3/><G21/><T22/><D22/><N who="1" m="13399" /><E104/><V124/><F1/><W132/><G3/><T46/><D14/><U57/><E57/><N who="2" m="37167" /><F32/><W123/><G123/><N who="2" m="47145" /><F124/><W85/><G126/><T52/><D5/><AGARI ba="0,0" hai="5,10,13,81,82,89,95,98" m="13399,41547" machi="5" ten="30,1000,0" yaku="14,1" doraHai="53" who="1" fromWho="0" sc="243,-10,237,10,251,0,269,0" />
</Scene>
<Scene>
<INIT seed="3,0,0,0,2,76" ten="233,247,251,269" oya="3" hai0="129,50,31,106,16,80,3,87,126,79,112,85,17" hai1="110,54,36,65,69,64,38,45,68,21,26,72,47" hai2="118,37,61,44,135,99,121,34,49,35,83,100,98" hai3="117,107,15,133,41,40,57,93,53,5,29,125,73"/><W102/><G73/><T77/><D3/><U131/><E72/><V81/><F118/><W132/><G117/><T86/><D106/><U60/><E21/><V130/><F37/><N who="1" m="14441" /><E26/><V88/><F130/><W113/><G125/><T59/><D129/><U74/><E74/><V105/><F135/><N who="3" m="51787" /><G107/><T48/><D126/><U2/><E2/><V92/><F121/><W22/><G113/><T128/><D128/><U71/><E131/><V95/><F105/><W97/><G29/><T82/><D112/><U78/><E78/><N who="0" m="29705" /><D31/><U1/><E1/><V4/><F4/><W127/><G127/><T66/><D66/><N who="1" m="25707" /><E110/><V115/><F115/><W103/><G103/><T75/><D75/><U12/><E12/><V19/><F61/><N who="3" m="36015" /><G22/><T63/><D63/><U111/><E111/><V20/><F35/><W9/><AGARI ba="0,0" hai="5,9,15,40,41,93,97,102" m="36015,51787" machi="9" ten="30,1500,0" yaku="20,1" doraHai="76" who="3" fromWho="3" sc="233,-5,247,-5,251,-5,269,15" />
</Scene>
<Scene>
<INIT seed="3,1,0,0,5,96" ten="228,242,246,284" oya="3" hai0="0,111,26,28,106,64,39,129,15,83,124,79,118" hai1="25,13,1,114,77,113,31,50,65,105,59,100,84" hai2="115,101,122,132,36,93,76,80,17,47,85,29,9" hai3="41,45,102,70,19,60,48,24,88,82,108,119,43"/><W22/><G119/><T2/><D118/><U120/><E1/><V51/><F115/><W87/><G108/><T46/><D111/><U89/><E120/><V62/><F36/><W63/><G70/><T35/><D124/><U14/><E77/><V37/><F37/><W78/><G43/><N who="0" m="22911" /><D15/><U125/><E125/><V10/><F122/><W71/><G71/><T128/><D64/><U8/><E114/><V123/><F123/><W109/><G109/><T72/><D106/><U20/><E113/><V40/><F132/><W110/><G110/><T112/><D112/><U98/><E8/><V121/><F121/><W27/><G102/><T103/><D103/><U12/><E50/><V5/><F29/><W91/><REACH who="3" step="1"/><G27/><REACH who="3" ten="228,242,246,274" step="2"/><T33/><D33/><U42/><E42/><V81/><F40/><W95/><G95/><T44/><D26/><U86/><E100/><V7/><F101/><W135/><G135/><T16/><D35/><U116/><E105/><V90/><F93/><W3/><G3/><T68/><D68/><U73/><E116/><V75/><F80/><W66/><G66/><T97/><D0/><U104/><E104/><V94/><F81/><W21/><G21/><T54/><D2/><U57/><E65/><V30/><F10/><W67/><G67/><T55/><D83/><U32/><E32/><V6/><F9/><W18/><G18/><T53/><D16/><U4/><E20/><V92/><F17/><W49/><G49/><T133/><D133/><U11/><E25/><V117/><F51/><W34/><G34/><T52/><N who="0" m="13312" /><DORA hai="99" /><T38/><D38/><RYUUKYOKU ba="1,1" sc="228,-10,242,-10,246,-10,274,30" hai3="19,22,24,41,45,48,60,63,78,82,87,88,91" />
</Scene>
<Scene>
<INIT seed="3,2,1,5,5,65" ten="218,232,236,304" oya="3" hai0="111,64,25,134,21,114,48,8,129,88,83,80,56" hai1="131,75,124,82,78,38,50,52,27,40,105,4,18" hai2="103,100,115,5,62,30,37,101,58,20,11,120,46" hai3="66,118,84,97,36,6,43,31,51,85,91,89,99"/><W102/><G118/><T133/><D111/><U119/><E105/><V61/><F115/><W74/><G74/><T28/><D114/><U67/><E119/><V41/><F120/><W47/><G31/><T96/><D129/><U126/><E131/><V109/><F109/><W34/><G34/><T121/><D121/><U44/><E4/><V77/><F77/><W24/><G24/><T9/><D83/><U54/><E67/><V72/><F72/><W112/><G112/><T17/><D28/><U59/><REACH who="1" step="1"/><E54/><REACH who="1" ten="218,222,236,304" step="2"/><V73/><F5/><W10/><G66/><T0/><D64/><U132/><E132/><V117/><F117/><W86/><G36/><T110/><D110/><U16/><E16/><V57/><F37/><W22/><G22/><AGARI ba="2,2" hai="18,22,27,38,40,44,50,52,59,75,78,82,124,126" machi="22" ten="40,2600,0" yaku="1,1,54,1,53,0" doraHai="65" doraHaiUra="128" who="1" fromWho="3" sc="218,0,222,52,236,0,304,-32" />
</Scene>
<Scene>
<INIT seed="4,0,0,4,3,85" ten="218,274,236,272" oya="0" hai0="113,39,8,122,52,33,116,54,30,74,83,42,38" hai1="14,11,6,48,26,127,132,28,7,27,2,124,87" hai2="17,110,135,53,128,47,106,61,36,16,20,75,114" hai3="46,121,102,24,21,41,4,100,92,3,79,29,134"/><T1/><D116/><U9/><E48/><V64/><F110/><W31/><G121/><T97/><D122/><U68/><E68/><V130/><F75/><W77/><G134/><T19/><D113/><U81/><E132/><V120/><F135/><W60/><G31/><T123/><D123/><U40/><E40/><V59/><F120/><W101/><G92/><T80/><D30/><U98/><E98/><V56/><F106/><W82/><G60/><T111/><D33/><U94/><E94/><V32/><F32/><W118/><G118/><T44/><D39/><U71/><E71/><V43/><F114/><W10/><REACH who="3" step="1"/><G82/><REACH who="3" ten="218,274,236,262" step="2"/><T129/><D83/><U90/><REACH who="1" step="1"/><E28/><REACH who="1" ten="218,264,236,262" step="2"/><V84/><F61/><W112/><G112/><T49/><D80/><U107/><E107/><V91/><F130/><W117/><G117/><T67/><D129/><U96/><E96/><V93/><F128/><W86/><G86/><T104/><D97/><U25/><AGARI ba="0,2" hai="2,6,7,9,11,14,25,26,27,81,87,90,124,127" machi="25" ten="30,7900,0" yaku="1,1,0,1,52,1,53,1" doraHai="85" doraHaiUra="35" who="1" fromWho="1" sc="218,-39,264,99,236,-20,262,-20" />
</Scene>
<Scene>
<INIT seed="5,0,0,2,2,15" ten="179,363,216,242" oya="1" hai0="0,56,120,131,4,65,108,3,39,66,70,6,106" hai1="115,60,7,34,67,84,30,83,55,114,100,41,23" hai2="53,5,129,91,64,10,117,8,81,102,9,16,14" hai3="128,93,45,21,59,107,38,31,63,135,48,89,79"/><U26/><E41/><V37/><F117/><W97/><G38/><T101/><D108/><U125/><E125/><V40/><F129/><W17/><G135/><T82/><D39/><U105/><E7/><V86/><F64/><N who="3" m="39039" /><G107/><T133/><D70/><N who="1" m="42343" /><E55/><V42/><F102/><W111/><G111/><T58/><D82/><U32/><E100/><V88/><F37/><W132/><G132/><T121/><D101/><U50/><E50/><V27/><F27/><N who="3" m="14767" /><G128/><T98/><D133/><U33/><E105/><V94/><F53/><N who="3" m="29839" /><G79/><T75/><D106/><U74/><E74/><V69/><F69/><W46/><G46/><T51/><D131/><U24/><E33/><V43/><F5/><W113/><G113/><T35/><D51/><U92/><E32/><V87/><AGARI ba="0,0" hai="8,9,10,14,16,40,42,43,81,86,87,88,91,94" machi="87" ten="30,8000,1" yaku="0,1,8,1,52,1,54,2" doraHai="15" who="2" fromWho="2" sc="179,-20,363,-40,216,80,242,-20" />
</Scene>
<Scene>
<INIT seed="6,0,0,4,4,123" ten="159,323,296,222" oya="2" hai0="67,90,128,13,116,106,21,10,77,58,124,126,131" hai1="132,87,94,81,85,91,26,53,118,55,111,135,66" hai2="54,107,43,125,14,73,35,46,9,113,79,59,29" hai3="2,120,78,40,41,1,109,101,121,20,4,49,34"/><V30/><F107/><W93/><G34/><T3/><D106/><U5/><E111/><V114/><F125/><N who="0" m="48234" /><D77/><U127/><E127/><V117/><F117/><W92/><G109/><T57/><D90/><U0/><E118/><V105/><F105/><W33/><G78/><T37/><D37/><U112/><E112/><N who="2" m="43115" /><F35/><W50/><G33/><T97/><D97/><U100/><E66/><V115/><N who="2" m="43123" /><V48/><DORA hai="62" /><F79/><W38/><G38/><T95/><D95/><U98/><E26/><V72/><F73/><W110/><G110/><T71/><D3/><U45/><E87/><V11/><F72/><W25/><G101/><T61/><D21/><U63/><E0/><V18/><F11/><W65/><G20/><T8/><D8/><U31/><E85/><V102/><F102/><W89/><G89/><T119/><D10/><U44/><E91/><V60/><AGARI ba="0,0" hai="9,14,18,29,30,43,46,48,54,59,60" m="43123" machi="60" ten="40,2100,0" yaku="15,1" doraHai="123,62" who="2" fromWho="2" sc="159,-7,323,-7,296,21,222,-7" />
</Scene>
<Scene>
<INIT seed="6,1,0,4,5,48" ten="152,316,317,215" oya="2" hai0="53,116,60,102,131,126,107,114,113,20,46,54,100" hai1="117,28,115,42,7,65,84,4,78,45,41,47,5" hai2="93,26,112,80,82,17,11,58,64,104,70,62,51" hai3="10,49,92,119,32,36,77,101,98,13,94,128,73"/><V121/><F104/><W118/><G36/><T129/><D126/><U86/><E117/><V12/><F121/><W79/><G32/><T22/><D107/><U111/><E111/><V38/><F38/><W50/><G128/><N who="0" m="49227" /><D116/><U21/><E115/><N who="0" m="44041" /><D46/><N who="1" m="17419" /><E65/><V135/><F112/><W71/><G71/><T33/><D33/><U15/><E15/><V122/><F135/><W9/><G73/><T130/><N who="0" m="49235" /><T76/><DORA hai="34" /><D76/><N who="3" m="29257" /><G119/><T74/><D74/><U25/><E78/><V99/><F122/><W14/><G118/><T72/><D72/><U134/><E134/><V89/><REACH who="2" step="1"/><F26/><REACH who="2" ten="152,316,307,215" step="2"/><W110/><G110/><T3/><D3/><U125/><E125/><V68/><F68/><W88/><G14/><T59/><D54/><AGARI ba="1,1" hai="11,12,17,51,54,58,62,64,70,80,82,89,93,99" machi="54" ten="40,3900,0" yaku="1,1,52,1,53,0" doraHai="48,34" doraHaiUra="0,105" who="2" fromWho="0" sc="152,-42,316,0,307,52,215,0" />
</Scene>
<Scene>
<INIT seed="6,2,0,4,1,65" ten="110,316,359,215" oya="2" hai0="53,121,71,54,11,64,0,6,104,10,26,124,68" hai1="102,41,63,47,15,88,48,19,56,82,73,43,103" hai2="16,70,131,34,23,101,40,30,4,118,38,120,20" hai3="84,12,61,109,130,62,42,57,21,52,69,39,87"/><V128/><F120/><W51/><G109/><T129/><D121/><U115/><E115/><V78/><F118/><W50/><G130/><N who="2" m="49705" /><F78/><W1/><G1/><T25/><D129/><U125/><E125/><V66/><F101/><W55/><G39/><T28/><D104/><U108/><E108/><V93/><F93/><W122/><G122/><T114/><D114/><U67/><E41/><V110/><F110/><W59/><G42/><T5/><D124/><U44/><E44/><N who="2" m="23575" /><F4/><W135/><G135/><T7/><D64/><U116/><E116/><V111/><F111/><W29/><G69/><N who="0" m="26699" /><D28/><U113/><E113/><V45/><F45/><W37/><G37/><T96/><D96/><U105/><E105/><V126/><F126/><W72/><G72/><T35/><D35/><U98/><E73/><V127/><F127/><W107/><G107/><T27/><D0/><U94/><REACH who="1" step="1"/><E82/><REACH who="1" ten="110,306,359,215" step="2"/><V91/><F34/><W81/><G81/><T97/><D97/><U80/><E80/><V95/><F30/><W74/><G74/><T112/><D112/><U89/><E89/><V75/><F75/><W90/><G90/><T106/><D106/><U100/><E100/><V17/><F91/><W79/><G29/><T133/><D133/><U83/><E83/><V2/><F95/><W119/><G119/><T77/><D77/><U134/><E134/><V92/><F92/><W76/><G76/><T3/><D3/><U46/><E46/><V24/><F2/><W9/><G79/><T117/><D117/><U132/><E132/><V60/><F24/><N who="0" m="6146" /><T13/><DORA hai="49" /><D13/><U86/><E86/><RYUUKYOKU ba="2,1" sc="110,10,306,10,359,10,215,-30" hai0="5,6,7,10,11,53,54" hai1="15,19,43,47,48,56,63,67,88,94,98,102,103" hai2="16,17,20,23,60,66,70" />
</Scene>
<Scene>
<INIT seed="6,3,1,4,5,12" ten="120,316,369,185" oya="2" hai0="99,21,119,121,114,106,78,60,122,104,27,15,63" hai1="26,44,39,100,32,20,56,134,91,108,101,38,128" hai2="22,4,35,102,80,45,2,97,107,5,71,90,68" hai3="65,30,66,82,58,34,59,89,1,6,132,116,77"/><V11/><F35/><W84/><G116/><T67/><D119/><U115/><E108/><V111/><F111/><W46/><G132/><T23/><D114/><U88/><E32/><V113/><F113/><W95/><G34/><T10/><D78/><U36/><E115/><V50/><F5/><W130/><G130/><T94/><D104/><U40/><E134/><V72/><F22/><W8/><G30/><T117/><D106/><U109/><E109/><V0/><F0/><W14/><G1/><T79/><D79/><U13/><E128/><V9/><F9/><W124/><G124/><T75/><D75/><U83/><E13/><V70/><F90/><W29/><G29/><T42/><D42/><U135/><E135/><V120/><F120/><W31/><G31/><T85/><D85/><U3/><E3/><V125/><F125/><W129/><G129/><T17/><D117/><U24/><E56/><N who="3" m="21546" /><G46/><T92/><D92/><U105/><E83/><V16/><F80/><W74/><G74/><T69/><D63/><U103/><E105/><V123/><F72/><W61/><G61/><T118/><D118/><U64/><E64/><N who="3" m="24682" /><G77/><T19/><REACH who="0" step="1"/><D10/><REACH who="0" ten="110,316,369,185" step="2"/><U62/><E62/><V52/><REACH who="2" step="1"/><F123/><REACH who="2" ten="110,316,359,185" step="2"/><W86/><G82/><T127/><D127/><U76/><E76/><V73/><F73/><W93/><G93/><T47/><D47/><U7/><E44/><V57/><F57/><W18/><G86/><T131/><D131/><U110/><E110/><V126/><F126/><W48/><G84/><T96/><D96/><U37/><E103/><AGARI ba="3,3" hai="15,17,19,21,23,27,60,67,69,94,99,103,121,122" machi="103" ten="30,7700,0" yaku="1,1,7,1,52,2,53,0" doraHai="12" doraHaiUra="33" who="0" fromWho="1" sc="110,116,316,-86,359,0,185,0" />
</Scene>
<Scene>
<INIT seed="7,0,0,5,1,73" ten="226,230,359,185" oya="3" hai0="35,31,108,125,44,99,56,57,43,13,66,60,89" hai1="28,69,49,40,113,103,0,82,22,52,95,86,72" hai2="79,2,63,41,84,32,129,124,119,121,3,128,115" hai3="48,23,96,130,33,132,4,91,20,88,85,71,61"/><W50/><G33/><T9/><D108/><U123/><E123/><V6/><F119/><W39/><G39/><T30/><D125/><U19/><E0/><V80/><F32/><W14/><G130/><N who="2" m="50281" /><F124/><W110/><G110/><T122/><D122/><U34/><E40/><V18/><F121/><W126/><G126/><T15/><D35/><U102/><E69/><V74/><F115/><W47/><G132/><T101/><D89/><U24/><E72/><V26/><F41/><W17/><G4/><T58/><D58/><N who="1" m="33039" /><E34/><V107/><F107/><W68/><G50/><N who="0" m="26911" /><D56/><U64/><E64/><V134/><F134/><W21/><G96/><T111/><D111/><U83/><E113/><V53/><F6/><W67/><G71/><T118/><D118/><U87/><E28/><N who="0" m="10793" /><D9/><U11/><E11/><V45/><F74/><W5/><G5/><T42/><D42/><U10/><E10/><V93/><F93/><AGARI ba="0,0" hai="13,15,57,60,66,93,99,101" m="10793,26911" machi="93" ten="30,1000,0" yaku="8,1" doraHai="73" who="0" fromWho="2" sc="226,10,230,0,359,-10,185,0" owari="236,4.0,230,-17.0,349,44.0,185,-31.0" />
</Scene>
</mjloggm>