<mjloggm ver="2.3"><GO type="169" lobby="0"/><UN n0="%E3%82%A2%E3%83%95%E3%83%AA%E3%82%AB" n1="%E3%82%B8%E3%82%AE%E3%82%BF%E3%83%AA%E3%82%B9" n2="%E5%A4%AA%E3%81%8F%E3%81%AA%E3%81%84%E3%81%8A" n3="%E3%81%BF%E3%81%BF%E3%81%9A" dan="17,16,18,18" rate="2166.37,2135.93,2183.70,2252.30" sx="M,M,M,M"/><TAIKYOKU oya="0"/>

<Scene>
<INIT seed="0,0,0,1,0,39" ten="250,250,250,250" oya="0" hai0="15,103,29,72,65,19,24,17,127,10,133,25,87" hai1="26,100,88,55,32,102,43,54,6,22,134,45,0" hai2="30,12,82,74,42,3,14,28,81,96,40,114,78" hai3="44,58,77,56,135,64,121,80,122,51,124,53,109"/><T110/><D72/><U75/><E32/><V86/><F3/><W27/><G109/><T9/><D110/><U119/><E134/><V13/><F114/><W131/><G135/><T128/><D133/><U106/><E75/><V93/><F30/><W8/><G131/><T85/><D128/><U101/><E119/><V52/><F28/><W90/><G124/><T92/><D127/><U57/><E106/><V130/><F130/><W31/><G90/><T117/><D117/><U18/><E6/><V62/><F81/><W61/><G8/><T125/><D125/><U23/><E0/><V36/><F36/><W123/><G58/><T63/><D103/><U89/><E23/><V84/><F84/><W99/><G99/><T35/><D92/><U111/><E111/><V41/><F74/><W1/><G1/><T97/><D97/><U116/><E116/><V66/><F52/><N who="1" m="20009" /><E57/><N who="2" m="37199" /><F13/><W50/><G50/><AGARI ba="0,0" hai="18,22,26,43,45,50,88,89,100,101,102" m="20009" machi="50" ten="30,7700,0" yaku="8,1,52,1,54,2" doraHai="39" who="1" fromWho="3" sc="250,0,250,77,250,0,250,-77" />
</Scene>
<Scene>
<INIT seed="1,0,0,1,2,22" ten="250,327,250,173" oya="1" hai0="9,1,102,83,66,122,96,43,12,45,5,103,117" hai1="107,97,70,123,110,85,111,94,34,132,49,31,68" hai2="46,113,79,33,3,71,65,42,133,92,59,58,30" hai3="11,130,52,72,134,131,119,19,4,87,56,21,51"/><U75/><E123/><V50/><F3/><W112/><G72/><T28/><D122/><U39/><E75/><V7/><F7/><W73/><G73/><T124/><D124/><U99/><E39/><V118/><F79/><W80/><G112/><T8/><D117/><U74/><E74/><V109/><F118/><W127/><G119/><T135/><D135/><U23/><E34/><V114/><F92/><W67/><G134/><T105/><D103/><U25/><E132/><V101/><F101/><W116/><G116/><T82/><D28/><U81/><E49/><V24/><F109/><N who="1" m="41481" /><E107/><V41/><F41/><W60/><G127/><T98/><D66/><U106/><E106/><V26/><F133/><W2/><G87/><T126/><D98/><N who="1" m="37387" /><E94/><V44/><F65/><W84/><G84/><T16/><REACH who="0" step="1"/><D126/><REACH who="0" ten="240,327,250,173" step="2"/><U64/><E64/><V63/><F114/><W13/><REACH who="3" step="1"/><G80/><REACH who="3" ten="240,327,250,163" step="2"/><T48/><AGARI ba="0,2" hai="1,5,8,9,12,16,43,45,48,82,83,96,102,105" machi="48" ten="20,8000,1" yaku="1,1,2,1,0,1,7,1,54,1,53,0" doraHai="22" doraHaiUra="17" who="0" fromWho="0" sc="240,100,327,-40,250,-20,163,-20" />
</Scene>
<Scene>
<INIT seed="2,0,0,0,0,84" ten="340,287,230,143" oya="2" hai0="3,33,71,11,24,81,68,74,32,130,78,110,91" hai1="73,55,122,117,12,77,57,134,135,131,126,120,23" hai2="28,69,15,96,37,44,102,19,41,49,17,70,88" hai3="63,8,103,123,9,100,64,30,4,109,35,83,53"/><V34/><F37/><W80/><G123/><N who="1" m="47146" /><E117/><V113/><F113/><W38/><G109/><T132/><D110/><U127/><E77/><V101/><F34/><W54/><G38/><T43/><D132/><N who="1" m="50731" /><E73/><V18/><F28/><W67/><G35/><T128/><D43/><U94/><E94/><N who="2" m="56391" /><F70/><N who="0" m="26666" /><D91/><U58/><E131/><N who="0" m="50217" /><D24/><U27/><E12/><V45/><F69/><W14/><G14/><T118/><D118/><U36/><E36/><V87/><F87/><W112/><G112/><T22/><D22/><U59/><E55/><V60/><F15/><W98/><G98/><T51/><D51/><U107/><E107/><V52/><F45/><W116/><G116/><T13/><D3/><U20/><E27/><V29/><F29/><W108/><G30/><T46/><D46/><U95/><E95/><V40/><F41/><W79/><G108/><T121/><D121/><U21/><AGARI ba="0,0" hai="20,21,23,57,58,59,126,127" m="50731,47146" machi="21" ten="40,8000,1" yaku="28,2,13,1,20,1" doraHai="84" who="1" fromWho="1" sc="340,-20,287,80,230,-40,143,-20" />
</Scene>
<Scene>
<INIT seed="3,0,0,3,1,130" ten="320,367,190,123" oya="3" hai0="43,56,69,101,59,61,82,54,50,12,123,25,40" hai1="96,68,135,46,99,57,33,52,39,88,90,14,4" hai2="74,45,72,22,47,49,128,106,1,105,51,20,111" hai3="18,73,125,37,103,98,58,41,11,134,94,97,15"/><W34/><G125/><T102/><D69/><U2/><E33/><V19/><F1/><W122/><G122/><T13/><D123/><U91/><E2/><V63/><F63/><W116/><G116/><T42/><D25/><U107/><E68/><V104/><F128/><W81/><G34/><T71/><D71/><U55/><E135/><V85/><F85/><W31/><G31/><T53/><D82/><U131/><E131/><V126/><F126/><W16/><G134/><T44/><D44/><U24/><E24/><V119/><F111/><W100/><G58/><T28/><D28/><U132/><E132/><V83/><F119/><W60/><G60/><T112/><D112/><U121/><E39/><V93/><F93/><W110/><G110/><T8/><REACH who="0" step="1"/><D13/><REACH who="0" ten="310,367,190,123" step="2"/><U17/><E46/><V32/><F83/><W117/><G117/><T114/><D114/><U79/><E14/><V118/><F118/><W65/><G37/><T5/><AGARI ba="0,1" hai="5,8,12,40,42,43,50,53,54,56,59,61,101,102" machi="5" ten="30,4000,0" yaku="1,1,0,1,8,1,53,0" doraHai="130" doraHaiUra="89" who="0" fromWho="0" sc="310,50,367,-10,190,-10,123,-20" />
</Scene>
<Scene>
<INIT seed="4,0,0,5,5,28" ten="360,357,180,103" oya="0" hai0="97,62,134,84,56,104,26,70,38,71,66,33,88" hai1="109,17,114,123,57,5,4,63,29,7,49,48,133" hai2="77,93,41,99,37,46,128,90,10,2,127,65,35" hai3="60,91,51,110,122,119,130,96,129,69,42,112,3"/><T13/><D38/><U21/><E109/><V6/><F128/><N who="3" m="49259" /><G3/><T27/><D134/><U83/><E123/><V92/><F127/><W23/><G23/><T79/><D79/><U64/><E133/><V100/><F65/><N who="3" m="41127" /><G91/><T16/><D70/><U20/><E114/><V9/><F9/><W44/><G96/><T59/><D97/><U14/><E83/><V54/><F77/><W15/><G15/><T53/><D104/><U94/><E94/><V61/><F92/><W67/><G110/><T36/><D36/><U102/><E102/><V113/><F90/><W68/><G119/><T101/><D101/><U25/><AGARI ba="0,0" hai="4,5,7,14,17,20,21,25,29,48,49,57,63,64" machi="25" ten="30,2000,0" yaku="0,1,8,1" doraHai="28" who="1" fromWho="1" sc="360,-10,357,20,180,-5,103,-5" />
</Scene>
<Scene>
<INIT seed="5,0,0,1,4,133" ten="350,377,175,98" oya="1" hai0="62,38,82,129,41,106,29,131,116,67,71,16,113" hai1="64,134,123,55,107,78,13,70,26,37,0,53,108" hai2="68,103,75,65,28,94,23,74,92,54,99,11,121" hai3="47,132,81,118,9,83,79,50,3,135,31,109,48"/><U15/><E123/><V100/><F121/><W105/><G109/><T88/><D106/><U25/><E37/><V6/><F68/><W89/><G118/><T45/><D116/><U49/><E0/><V80/><F65/><W93/><G105/><T104/><D104/><U86/><E107/><V44/><F28/><W2/><G31/><T27/><D113/><U34/><E134/><N who="3" m="51242" /><G9/><T61/><D61/><U4/><E34/><V22/><F44/><W32/><G32/><T130/><D29/><U76/><E55/><V56/><F80/><N who="3" m="30795" /><G79/><T102/><D102/><U126/><E26/><V66/><F66/><W42/><G48/><T8/><D27/><U119/><E49/><N who="2" m="30799" /><F75/><W125/><G125/><T77/><D77/><U43/><E126/><V124/><F74/><W84/><AGARI ba="0,0" hai="2,3,42,47,50,84,89,93" m="30795,51242" machi="84" ten="30,1100,0" yaku="20,1" doraHai="133" who="3" fromWho="3" sc="350,-3,377,-5,175,-3,98,11" />
</Scene>
<Scene>
<INIT seed="6,0,0,1,2,5" ten="347,372,172,109" oya="2" hai0="3,91,56,44,63,103,22,28,110,50,4,87,134" hai1="113,126,27,72,109,82,45,101,30,88,66,12,38" hai2="42,90,8,57,19,31,58,111,18,69,20,89,104" hai3="83,99,70,26,10,135,14,25,115,85,34,59,92"/><V55/><F69/><W127/><G70/><T13/><D3/><U9/><E109/><V65/><F104/><W46/><G127/><T61/><D110/><U29/><E126/><V129/><F111/><W107/><G135/><T41/><D134/><U108/><E113/><V123/><F123/><W75/><G115/><T68/><D68/><U67/><E108/><V96/><F42/><W86/><G75/><T102/><D63/><U119/><E101/><V94/><F129/><W76/><G107/><T64/><D28/><U131/><E131/><V132/><F132/><W32/><G46/><T74/><D74/><U122/><E119/><V80/><F65/><W100/><G86/><T23/><D23/><N who="1" m="15615" /><E38/><V114/><F114/><W112/><G112/><T97/><D97/><U17/><E72/><V71/><F71/><W47/><G47/><T24/><D24/><U121/><E30/><V79/><F89/><W95/><G95/><T54/><D64/><U15/><E15/><N who="2" m="7527" /><F31/><W116/><G116/><T78/><D78/><U53/><E121/><V52/><F79/><W128/><G128/><T73/><D73/><U11/><E67/><V120/><F120/><W117/><G117/><T16/><D4/><U7/><E66/><V0/><F0/><W2/><G2/><T77/><D77/><U130/><E130/><V125/><F125/><W84/><G84/><T106/><D106/><U105/><E105/><V118/><F118/><W51/><G34/><T93/><AGARI ba="0,0" hai="13,16,22,41,44,50,54,56,61,87,91,93,102,103" machi="93" ten="20,5200,0" yaku="0,1,7,1,8,1,54,1" doraHai="5" who="0" fromWho="0" sc="347,52,372,-13,172,-26,109,-13" />
</Scene>
<Scene>
<INIT seed="7,0,0,5,0,72" ten="399,359,146,96" oya="3" hai0="51,130,106,17,82,96,0,132,116,99,69,87,134" hai1="45,54,92,68,40,50,16,75,102,78,12,127,22" hai2="18,35,47,38,129,10,90,125,36,118,1,42,9" hai3="49,88,62,61,24,20,111,23,122,57,123,73,46"/><W27/><G73/><T41/><D69/><U89/><E68/><V100/><F118/><W113/><G113/><T86/><D0/><U91/><E127/><V104/><F35/><W109/><G57/><T39/><D39/><U128/><E128/><V43/><F129/><W108/><G88/><N who="1" m="33866" /><E75/><V131/><F131/><W115/><G115/><T60/><D116/><U32/><E32/><V33/><F33/><W48/><REACH who="3" step="1"/><G111/><REACH who="3" ten="399,359,146,86" step="2"/><T52/><D130/><U30/><E102/><V2/><F125/><W126/><G126/><T53/><D134/><U59/><E59/><V65/><F90/><W133/><G133/><T114/><D114/><U135/><E135/><V70/><F70/><W37/><G37/><T4/><D132/><U66/><E66/><V112/><F65/><W81/><G81/><T19/><D82/><U29/><E92/><V93/><F112/><W120/><G120/><T95/><D95/><U103/><E103/><V14/><F93/><W84/><G84/><T8/><D86/><U83/><E83/><V79/><F100/><W63/><G63/><T34/><D60/><U77/><E40/><V44/><F38/><W26/><G26/><T7/><D87/><U74/><E74/><V76/><F36/><W80/><G80/><T107/><D41/><U110/><E110/><V55/><F43/><W85/><G85/><T64/><D64/><U117/><E117/><V15/><F42/><W119/><G119/><T6/><D107/><U98/><E98/><V97/><F97/><W28/><G28/><AGARI ba="0,1" hai="12,16,22,28,29,30,45,50,54,77,78" m="33866" machi="28" ten="30,8000,1" yaku="8,1,52,2,54,2" doraHai="72" who="1" fromWho="3" sc="399,0,359,90,146,0,86,-80" owari="399,20.0,449,54.0,146,-25.0,6,-49.0" />
</Scene>
</mjloggm>