<mjloggm ver="2.3"><GO type="169" lobby="0"/><UN n0="%E3%81%8A%E3%81%8B%E3%82%82%E3%81%A8" n1="%E6%B0%B4%E5%86%85%E9%AD%9A%E6%9D%A5%E5%A5%88" n2="%E5%A4%AA%E3%81%8F%E3%81%AA%E3%81%84%E3%81%8A" n3="%E3%83%A8%E3%82%B3%E3%83%A8%E3%82%B3" dan="18,16,18,16" rate="2241.16,2146.16,2185.19,2084.62" sx="M,F,M,M"/><TAIKYOKU oya="0"/>

<Scene>
<INIT seed="0,0,0,4,4,1" ten="250,250,250,250" oya="0" hai0="41,10,11,40,85,118,102,120,119,54,122,49,103" hai1="35,52,110,68,112,65,126,97,8,128,46,36,21" hai2="63,72,132,96,24,17,86,14,87,29,15,51,19" hai3="129,117,22,113,18,20,78,109,9,90,83,130,135"/><T28/><D85/><U64/><E35/><V111/><F72/><W99/><G117/><T0/><D28/><U27/><E68/><V38/><F38/><W84/><G113/><T104/><D0/><U79/><E112/><V32/><F111/><W39/><G109/><T61/><D49/><N who="1" m="28727" /><E36/><V67/><F132/><W44/><G135/><T77/><D54/><U31/><E110/><V25/><F51/><W74/><G99/><T94/><D94/><U42/><E128/><N who="3" m="49258" /><G9/><T53/><D53/><U75/><E75/><V4/><F25/><W121/><G18/><T93/><D93/><U125/><E79/><V23/><F96/><W88/><G121/><T56/><D77/><U107/><E42/><V16/><F4/><W26/><G26/><T45/><D104/><U95/><E107/><V55/><F55/><W50/><G39/><T58/><REACH who="0" step="1"/><D45/><REACH who="0" ten="240,250,250,250" step="2"/><U127/><E95/><V70/><F86/><W30/><G30/><T71/><D71/><U101/><E97/><V108/><F108/><W92/><G90/><T5/><D5/><U3/><E101/><V114/><F87/><W12/><G44/><T106/><D106/><U91/><E91/><V7/><REACH who="2" step="1"/><F114/><REACH who="2" ten="240,250,240,250" step="2"/><W133/><G84/><T82/><D82/><U76/><E76/><V115/><F115/><W59/><G83/><T73/><D73/><U81/><E81/><V105/><F105/><W100/><G78/><T33/><D33/><U48/><E48/><V134/><F134/><W123/><G74/><T2/><D2/><U13/><E3/><V43/><F43/><W62/><G133/><T47/><D47/><RYUUKYOKU ba="0,2" sc="240,10,250,10,240,10,250,-30" hai0="10,11,40,41,56,58,61,102,103,118,119,120,122" hai1="8,13,21,27,31,64,65,125,126,127" hai2="7,14,15,16,17,19,23,24,29,32,63,67,70" />
</Scene>
<Scene>
<INIT seed="0,1,2,3,4,99" ten="250,260,250,220" oya="0" hai0="119,3,17,63,38,49,101,78,53,55,79,74,58" hai1="130,127,56,4,134,51,108,46,132,126,124,9,105" hai2="40,39,50,6,98,0,25,89,21,69,135,7,10" hai3="60,61,67,14,114,2,29,80,118,45,84,22,35"/><T90/><D119/><U75/><E75/><V87/><F69/><W57/><G118/><T109/><D38/><U81/><E81/><V12/><F39/><W8/><G114/><T34/><D34/><U24/><E105/><V32/><F135/><N who="1" m="51753" /><E24/><V26/><F98/><W113/><G113/><T54/><D3/><U110/><E9/><V129/><F129/><W65/><G35/><T93/><D109/><N who="1" m="42091" /><E4/><N who="2" m="3143" /><F26/><W43/><G2/><T95/><D74/><U112/><E112/><V128/><F0/><W123/><G123/><T77/><D17/><U100/><E100/><V48/><F32/><W125/><G29/><T102/><D93/><U42/><E56/><V20/><F20/><W117/><G117/><T70/><D70/><U1/><E1/><V68/><F68/><W72/><G22/><T86/><D63/><U91/><E91/><V104/><F104/><W111/><G72/><T37/><D37/><U62/><E62/><V18/><F6/><W31/><G111/><T103/><AGARI ba="1,2" hai="49,53,54,55,58,77,78,79,86,90,95,101,102,103" machi="103" ten="30,12000,1" yaku="0,1,8,1,52,3" doraHai="99" who="0" fromWho="0" sc="250,143,260,-41,250,-41,220,-41" />
</Scene>
<Scene>
<INIT seed="0,2,0,2,4,45" ten="393,219,209,179" oya="0" hai0="109,8,13,75,128,91,122,23,67,135,119,116,5" hai1="76,35,105,54,94,62,78,61,19,74,38,71,4" hai2="120,1,25,15,6,16,49,96,46,58,84,115,124" hai3="14,131,77,114,2,56,50,57,9,87,55,73,112"/><T27/><D75/><U118/><E38/><V93/><F120/><W89/><G2/><T11/><D67/><U39/><E39/><V123/><F123/><W85/><G131/><T110/><D122/><U60/><E105/><V79/><F115/><W64/><G73/><T53/><D91/><U24/><E118/><N who="0" m="45097" /><D53/><U80/><E4/><V30/><F1/><W37/><G37/><T32/><D128/><U133/><E133/><V126/><F6/><W103/><G103/><T117/><D117/><U66/><E76/><V102/><F58/><W101/><G101/><T83/><D83/><U65/><E94/><V81/><F25/><W98/><G98/><T68/><D68/><U95/><E95/><V104/><F30/><W129/><G129/><T0/><D32/><U3/><E35/><V17/><F104/><W51/><G77/><T125/><D135/><U44/><E66/><V97/><F97/><W40/><G87/><T70/><D70/><U72/><E72/><V107/><F107/><W34/><G34/><T28/><D125/><N who="2" m="48234" /><F15/><W31/><G31/><T99/><D99/><U134/><E3/><V20/><F20/><W113/><G64/><T42/><D0/><U106/><E106/><V86/><F86/><W130/><G130/><T82/><D11/><U41/><E134/><V29/><F29/><W10/><G57/><T22/><D23/><N who="1" m="13439" /><E41/><AGARI ba="2,0" hai="16,17,41,46,49,79,81,84,93,96,102" m="48234" machi="41" ten="30,3900,0" yaku="18,1,52,1,54,1" doraHai="45" who="2" fromWho="1" sc="393,0,219,-45,209,45,179,0" />
</Scene>
<Scene>
<INIT seed="1,0,0,4,4,119" ten="393,174,254,179" oya="1" hai0="13,82,112,26,84,19,56,41,83,17,95,113,46" hai1="134,111,67,75,116,3,74,120,66,71,6,96,91" hai2="123,15,69,11,35,14,0,130,9,36,133,77,118" hai3="25,33,27,117,85,30,38,98,135,122,127,55,1"/><U24/><E116/><V48/><F36/><W87/><G117/><T68/><D68/><U31/><E134/><V105/><F105/><W99/><G135/><T88/><D56/><U10/><E111/><V60/><F118/><W131/><G131/><T22/><D112/><U52/><E120/><V53/><F35/><W63/><G127/><T4/><D4/><U29/><E29/><V129/><F133/><W21/><G1/><T109/><D109/><U126/><E126/><V70/><F77/><W44/><G122/><T59/><D59/><U50/><E71/><V102/><F102/><W42/><G63/><T8/><REACH who="0" step="1"/><D113/><REACH who="0" ten="383,174,254,179" step="2"/><U39/><E67/><V100/><F69/><W124/><G124/><T34/><D34/><U106/><E66/><V93/><F70/><W2/><G2/><T45/><D45/><U107/><E6/><V128/><F0/><W28/><G55/><T110/><D110/><U90/><E3/><V20/><F129/><W16/><REACH who="3" step="1"/><G30/><REACH who="3" ten="383,174,254,169" step="2"/><T47/><D47/><U43/><E31/><V7/><F128/><W76/><G76/><T132/><D132/><U64/><E52/><V81/><F130/><W79/><G79/><T115/><D115/><U78/><E78/><V49/><F53/><W58/><G58/><T5/><D5/><U89/><E64/><V101/><F7/><W86/><AGARI ba="0,2" hai="16,21,25,27,28,33,38,42,44,85,86,87,98,99" machi="86" ten="30,4000,0" yaku="1,1,0,1,54,1,53,0" doraHai="119" doraHaiUra="65" who="3" fromWho="3" sc="383,-10,174,-20,254,-10,169,60" />
</Scene>
<Scene>
<INIT seed="2,0,0,3,2,26" ten="373,154,244,229" oya="2" hai0="71,44,16,121,69,9,104,119,99,55,75,0,77" hai1="20,111,80,11,12,76,43,82,125,19,5,130,120" hai2="40,52,1,34,89,64,47,106,72,60,22,51,87" hai3="36,37,83,134,57,10,13,46,62,14,48,67,101"/><V95/><F34/><W54/><G134/><T133/><D121/><U118/><E118/><V8/><F106/><W112/><G112/><T74/><D55/><U68/><E68/><V88/><F72/><W4/><G101/><N who="0" m="62527" /><D16/><U91/><E120/><V84/><F22/><W63/><G13/><T73/><D133/><U96/><E111/><V110/><F110/><W129/><G129/><T131/><D131/><U61/><E125/><V21/><F21/><W98/><G98/><T105/><D119/><U30/><E130/><V123/><F123/><W85/><REACH who="3" step="1"/><G62/><REACH who="3" ten="373,154,244,219" step="2"/><T70/><D105/><U122/><E61/><V38/><F1/><W58/><G58/><T102/><D102/><U103/><E122/><V45/><F8/><W41/><G41/><T33/><D9/><U17/><E43/><V15/><F15/><W66/><G66/><T93/><D0/><U117/><E117/><V32/><F60/><W79/><AGARI ba="0,1" hai="4,10,14,36,37,46,48,54,57,63,67,79,83,85" machi="79" ten="20,2700,0" yaku="1,1,0,1,7,1,53,0" doraHai="26" doraHaiUra="65" who="3" fromWho="3" sc="373,-7,154,-7,244,-13,219,37" />
</Scene>
<Scene>
<INIT seed="3,0,0,4,5,55" ten="366,147,231,256" oya="3" hai0="129,131,88,34,119,20,8,111,26,36,35,85,124" hai1="123,59,65,44,38,16,62,43,76,72,50,134,22" hai2="125,121,74,21,51,63,39,126,49,54,32,27,130" hai3="67,101,14,64,100,84,102,60,9,132,116,112,19"/><W4/><G116/><T89/><D119/><U91/><E123/><V69/><F32/><W37/><G132/><T87/><D111/><U28/><E134/><V82/><F39/><W48/><G37/><T75/><D75/><U41/><E28/><V47/><F121/><W92/><G112/><T23/><D36/><U96/><E76/><V61/><F130/><N who="0" m="49674" /><D8/><U7/><E72/><V6/><F6/><W57/><G67/><T52/><D124/><N who="2" m="47722" /><F69/><W13/><G48/><T33/><D26/><N who="1" m="14663" /><E7/><V18/><F49/><W12/><REACH who="3" step="1"/><G4/><REACH who="3" ten="366,147,231,246" step="2"/><T42/><D42/><N who="1" m="24855" /><E38/><V10/><F51/><W11/><G11/><T109/><D109/><U40/><E41/><V30/><F10/><W56/><G56/><T78/><D52/><U114/><E114/><V106/><F54/><W108/><G108/><T53/><D53/><U29/><E29/><V45/><F30/><W86/><G86/><T3/><D87/><U128/><E128/><V1/><F47/><W25/><G25/><T105/><D85/><U120/><E120/><V118/><F45/><W122/><G122/><T117/><D117/><U103/><E40/><V31/><F118/><W133/><G133/><T2/><D78/><U104/><E43/><V97/><F31/><W5/><G5/><T90/><D3/><U68/><E68/><V95/><F1/><W113/><G113/><T81/><D2/><U80/><E80/><V107/><F82/><W99/><G99/><T66/><D81/><U94/><E104/><N who="2" m="39979" /><F74/><W24/><G24/><T46/><D66/><U15/><E15/><V135/><F135/><W73/><BYE who="2" /><G73/><RYUUKYOKU ba="0,1" sc="366,-30,147,10,231,10,246,10" hai1="59,62,65,91,94,96,103" hai2="18,21,27,61,63,95,97" hai3="9,12,13,14,19,57,60,64,84,92,100,101,102" />
</Scene>
<Scene>
<INIT seed="3,1,1,5,5,9" ten="336,157,241,256" oya="3" hai0="120,102,48,14,7,29,95,87,106,50,82,90,52" hai1="79,134,110,67,56,132,86,100,135,25,99,72,64" hai2="114,94,4,73,122,123,133,96,75,107,13,54,62" hai3="32,53,112,42,115,130,88,92,93,70,113,46,37"/><W111/><G130/><T19/><D120/><U105/><E110/><V49/><F49/><W126/><G111/><T3/><D3/><U11/><E25/><V117/><F117/><W84/><G126/><T12/><D29/><U68/><E68/><V2/><F2/><W43/><G32/><T16/><D106/><U59/><E72/><V15/><F15/><N who="0" m="5674" /><D7/><U109/><E109/><V121/><F121/><W131/><G131/><T58/><D48/><U108/><E108/><V44/><F44/><W77/><G70/><T27/><D27/><U1/><E11/><V89/><F89/><W127/><G127/><T28/><D28/><U22/><E22/><UN n2="%E5%A4%AA%E3%81%8F%E3%81%AA%E3%81%84%E3%81%8A" /><V35/><F35/><W57/><G42/><T30/><D30/><U0/><E0/><V8/><F107/><W91/><G77/><N who="0" m="46543" /><D102/><U17/><E1/><V38/><F122/><W45/><G46/><T78/><D78/><U103/><E103/><V83/><F123/><W124/><G124/><T21/><D21/><U65/><REACH who="1" step="1"/><E17/><REACH who="1" ten="336,147,241,256" step="2"/><V85/><F73/><W98/><REACH who="3" step="1"/><G113/><REACH who="3" ten="336,147,241,246" step="2"/><T23/><D23/><U26/><E26/><V80/><F114/><W74/><G74/><T129/><D129/><U101/><E101/><V20/><F75/><W60/><AGARI ba="1,3" hai="37,43,45,53,57,60,84,88,91,92,93,98,112,115" machi="60" ten="20,12000,1" yaku="1,1,0,1,7,1,54,1,53,1" doraHai="9" doraHaiUra="39" who="3" fromWho="3" sc="336,-41,147,-41,241,-41,246,153" />
</Scene>
<Scene>
<INIT seed="3,2,0,1,2,117" ten="295,106,200,399" oya="3" hai0="35,98,48,38,104,3,75,12,63,14,124,116,7" hai1="21,61,13,0,73,32,128,131,126,78,112,84,39" hai2="60,88,36,40,22,10,6,1,50,72,64,80,135" hai3="91,56,43,130,87,114,17,100,118,19,103,18,133"/><W74/><G118/><T69/><D38/><U81/><E73/><V52/><F135/><W45/><G133/><T101/><D116/><U125/><E112/><V15/><F36/><W83/><G114/><T23/><D35/><U127/><E39/><V89/><F40/><W99/><G130/><N who="1" m="49706" /><E0/><V111/><F111/><W47/><G74/><T96/><D75/><U54/><E32/><V97/><F97/><W105/><G103/><T94/><D124/><N who="1" m="31747" /><U82/><DORA hai="58" /><E82/><V134/><F134/><W129/><G129/><T95/><D3/><U93/><E93/><V110/><F110/><W46/><REACH who="3" step="1"/><G56/><REACH who="3" ten="295,106,200,389" step="2"/><T122/><D101/><U26/><E13/><V25/><F1/><W33/><G33/><T113/><D14/><U77/><E26/><V24/><F24/><W71/><G71/><T66/><D69/><U42/><E42/><AGARI ba="2,1" hai="17,18,19,42,43,45,46,47,83,87,91,99,100,105" machi="42" ten="40,2000,0" yaku="1,1,53,0" doraHai="117,58" doraHaiUra="109,16" who="3" fromWho="1" sc="295,0,106,-26,200,0,389,36" />
</Scene>
<Scene>
<INIT seed="3,3,0,3,0,81" ten="295,80,200,425" oya="3" hai0="104,119,120,71,100,66,23,94,80,64,14,111,129" hai1="69,115,60,78,51,126,121,103,84,55,57,95,72" hai2="59,13,3,35,34,63,67,11,16,83,88,31,106" hai3="89,128,117,65,15,68,12,134,37,98,19,9,74"/><W22/><G117/><T54/><D119/><U133/><E115/><V56/><F106/><W8/><G128/><T73/><D120/><U79/><E121/><V113/><F113/><W52/><G134/><T96/><D111/><U4/><E133/><V91/><F3/><W75/><G37/><T109/><D109/><U101/><E126/><V53/><F31/><W1/><G1/><T49/><D129/><U82/><E4/><V97/><F91/><W90/><G68/><T38/><D38/><U130/><E130/><V47/><F47/><W116/><G116/><T28/><D71/><U85/><E72/><V36/><F36/><W40/><G40/><T7/><D104/><U131/><E131/><V127/><F127/><W61/><G52/><T46/><D73/><U93/><E69/><V27/><F27/><W29/><G29/><T30/><D80/><N who="1" m="47127" /><E60/><V110/><F110/><W122/><G122/><T70/><D70/><U24/><E24/><V124/><F124/><W48/><G48/><T105/><D105/><U92/><AGARI ba="3,0" hai="51,55,57,79,82,85,92,93,95,101,103" m="47127" machi="92" ten="30,4000,0" yaku="8,1,52,2" doraHai="81" who="1" fromWho="1" sc="295,-13,80,49,200,-13,425,-23" />
</Scene>
<Scene>
<INIT seed="4,0,0,2,3,20" ten="282,129,187,402" oya="0" hai0="47,34,1,97,133,70,121,84,119,55,8,10,112" hai1="66,74,105,45,102,44,129,76,12,125,18,25,86" hai2="73,72,90,54,32,46,98,113,62,38,132,101,123" hai3="37,33,17,28,31,21,104,14,51,29,57,80,2"/><T48/><D121/><U122/><E74/><V40/><F123/><W4/><G104/><T11/><D119/><U100/><E122/><V124/><F124/><W131/><BYE who="2" /><G37/><T24/><D133/><U85/><E125/><V16/><F16/><UN n2="%E5%A4%AA%E3%81%8F%E3%81%AA%E3%81%84%E3%81%8A" /><W30/><G131/><T118/><D118/><U106/><E66/><V39/><F39/><W103/><G103/><T26/><D70/><U83/><E129/><V114/><F32/><W127/><G127/><T82/><D1/><U107/><E86/><V65/><F90/><W9/><G80/><T77/><D112/><N who="2" m="43114" /><F54/><W61/><G51/><T7/><D34/><U0/><E0/><V6/><F6/><W50/><G50/><T3/><D3/><U41/><E41/><V52/><F52/><W130/><G130/><T93/><D7/><U89/><E89/><AGARI ba="0,0" hai="8,10,11,24,26,47,48,55,77,82,84,89,93,97" machi="89" ten="40,7700,0" yaku="8,1,52,2" doraHai="20" who="0" fromWho="1" sc="282,77,129,-77,187,0,402,0" />
</Scene>
<Scene>
<INIT seed="4,1,0,3,3,30" ten="359,52,187,402" oya="0" hai0="103,2,130,24,67,127,114,128,135,104,105,134,98" hai1="80,28,31,55,71,20,111,35,68,66,88,63,92" hai2="19,39,13,40,34,122,10,14,97,56,89,81,74" hai3="36,48,77,108,86,110,26,22,83,84,65,102,12"/><T1/><D67/><U72/><E111/><V46/><F122/><W91/><G36/><T54/><D54/><U47/><E20/><V101/><F56/><W100/><G65/><T69/><D69/><U23/><E23/><V93/><F14/><W99/><G12/><T29/><D105/><U18/><E18/><V132/><F132/><N who="0" m="50730" /><D114/><U116/><E116/><V90/><REACH who="2" step="1"/><F34/><REACH who="2" ten="359,52,177,402" step="2"/><W50/><G108/><T25/><D25/><U59/><E68/><V11/><F11/><W117/><G110/><T64/><D64/><U95/><E71/><V53/><F53/><W15/><G15/><T76/><D127/><U33/><E47/><V32/><F32/><W121/><G121/><T82/><D1/><U118/><E35/><V3/><F3/><W51/><G117/><T94/><D2/><U38/><E33/><V115/><F115/><W6/><G6/><T16/><D24/><U120/><E118/><V109/><F109/><W79/><G26/><T4/><D4/><U119/><E120/><V133/><F133/><W8/><G8/><T45/><D45/><U27/><E119/><V0/><F0/><W9/><G9/><T113/><D113/><U124/><E27/><V42/><F42/><W87/><G22/><T129/><D29/><U123/><E123/><V107/><F107/><W58/><G58/><T78/><D16/><U41/><E28/><V52/><F52/><W43/><G43/><T131/><D131/><U21/><E55/><V17/><F17/><W61/><G61/><T85/><D104/><U112/><E31/><V5/><F5/><W96/><G77/><AGARI ba="1,1" hai="76,77,78,82,85,94,98,103,128,129,130" m="50730" machi="77" ten="40,12000,1" yaku="6,1,19,1,20,1,34,2" doraHai="30" who="0" fromWho="3" sc="359,133,52,0,177,0,402,-123" /><AGARI ba="1,0" hai="10,13,19,39,40,46,74,77,81,89,90,93,97,101" machi="77" ten="40,2600,0" yaku="1,1,6,1,53,0" doraHai="30" doraHaiUra="57" who="2" fromWho="3" sc="492,0,52,0,177,26,279,-26" />
</Scene>
<Scene>
<INIT seed="4,2,0,4,3,11" ten="492,52,203,253" oya="0" hai0="25,39,28,8,21,42,67,98,128,27,36,97,37" hai1="64,53,89,107,115,22,7,124,34,74,125,32,122" hai2="127,5,40,133,30,119,20,16,87,60,80,1,73" hai3="49,112,56,31,70,18,26,29,113,129,66,100,126"/><T14/><D128/><U108/><E107/><V103/><F73/><W118/><G129/><T72/><D72/><U35/><E74/><V65/><F133/><W71/><G118/><T45/><D67/><U83/><E64/><V57/><F119/><W46/><G126/><N who="1" m="48746" /><E53/><V55/><F127/><W102/><G56/><T81/><D81/><U94/><E94/><V99/><F30/><W6/><G6/><T15/><D27/><U90/><E83/><V88/><F40/><W10/><G66/><T85/><D85/><U91/><E7/><V96/><F103/><N who="3" m="39467" /><G31/><T24/><D98/><U43/><E43/><V52/><F5/><W58/><G58/><T51/><D97/><N who="2" m="37450" /><F1/><W12/><G46/><T33/><REACH who="0" step="1"/><D8/><REACH who="0" ten="482,52,203,253" step="2"/><U48/><E122/><V131/><F131/><W104/><G10/><T84/><D84/><U82/><E82/><V61/><F61/><W69/><G71/><T106/><D106/><U117/><E117/><V78/><F78/><W0/><G70/><T38/><N who="0" m="9216" /><DORA hai="132" /><T19/><AGARI ba="2,1" hai="14,15,19,21,24,25,28,33,42,45,51" m="9216" machi="19" ten="60,12000,1" yaku="1,1,4,1,0,1,52,2,53,0" doraHai="11,132" doraHaiUra="4,92" who="0" fromWho="0" sc="482,136,52,-42,203,-42,253,-42" />
</Scene>
<Scene>
<INIT seed="4,3,0,4,3,78" ten="618,10,161,211" oya="0" hai0="72,118,97,134,28,88,68,10,82,124,71,47,46" hai1="84,45,73,77,4,120,8,9,106,114,101,32,63" hai2="96,90,127,67,42,3,56,102,86,104,26,70,93" hai3="53,2,135,91,85,13,12,92,60,7,65,76,115"/><T30/><D118/><U130/><E120/><V17/><F3/><W36/><G135/><T113/><D134/><U123/><E32/><V51/><F127/><W87/><G36/><T43/><D124/><U11/><E123/><V111/><F111/><W25/><G115/><T83/><D72/><U64/><E114/><V80/><F70/><W79/><G53/><T48/><D113/><U15/><E130/><V41/><F104/><W40/><G40/><T29/><D68/><U108/><E108/><V128/><F128/><W112/><G112/><T37/><D71/><U1/><E73/><V35/><F35/><W59/><G25/><T133/><D133/><U58/><E1/><V54/><F67/><W74/><G74/><T39/><D39/><U0/><E0/><V5/><F5/><W122/><G122/><T22/><D22/><AGARI ba="3,0" hai="17,22,26,41,42,51,54,56,80,86,90,93,96,102" machi="22" ten="40,2600,0" yaku="8,1,52,1" doraHai="78" who="2" fromWho="0" sc="618,-35,10,0,161,35,211,0" />
</Scene>
<Scene>
<INIT seed="5,0,0,5,5,70" ten="583,10,196,211" oya="1" hai0="135,16,23,99,116,133,4,33,53,79,51,3,102" hai1="63,107,101,38,73,29,72,27,11,57,94,64,52" hai2="98,109,43,125,132,91,104,96,18,90,56,42,112" hai3="66,110,81,39,115,54,19,121,83,93,61,2,21"/><U123/><E107/><V122/><F109/><W1/><G110/><T84/><D33/><U89/><E101/><V60/><F122/><W17/><G121/><T114/><D116/><U6/><E123/><V106/><F132/><W0/><G115/><T78/><D114/><U28/><E64/><V37/><F112/><W117/><G117/><T9/><D84/><U82/><E38/><V40/><F37/><W36/><G54/><T41/><D41/><U76/><E73/><V65/><F125/><W130/><G130/><T119/><D119/><U118/><E27/><V68/><F68/><W75/><G93/><T13/><D135/><U108/><E118/><V97/><F106/><W103/><G103/><T120/><D133/><U85/><REACH who="1" step="1"/><E108/><REACH who="1" ten="583,0,196,211" step="2"/><V129/><F104/><W69/><G75/><T87/><D120/><U7/><E7/><V30/><F129/><W113/><G113/><T71/><D102/><U31/><E31/><V100/><F100/><W32/><G39/><T5/><D4/><U15/><AGARI ba="0,1" hai="6,11,15,28,29,52,57,63,72,76,82,85,89,94" machi="15" ten="20,7800,0" yaku="1,1,0,1,7,1,54,1,53,0" doraHai="70" doraHaiUra="35" who="1" fromWho="1" sc="583,-26,0,88,196,-26,211,-26" />
</Scene>
<Scene>
<INIT seed="5,1,0,5,3,81" ten="557,88,170,185" oya="1" hai0="23,75,56,85,62,124,36,46,110,100,45,38,97" hai1="127,48,94,117,57,121,26,84,4,32,113,107,126" hai2="118,122,16,72,47,95,34,8,130,49,76,89,105" hai3="54,52,115,135,27,123,65,69,22,28,13,58,39"/><U7/><E121/><V40/><F122/><W131/><G123/><T21/><D75/><U79/><E107/><V55/><F105/><W83/><G115/><T129/><D110/><U125/><E117/><V78/><F118/><W132/><G131/><T11/><D11/><U133/><E113/><V6/><F34/><W91/><G39/><T77/><D124/><N who="1" m="31747" /><U134/><DORA hai="18" /><E32/><V30/><F30/><W33/><G69/><T19/><D46/><U128/><E128/><V82/><F78/><W103/><G103/><T112/><D45/><U120/><E120/><V14/><F130/><W9/><G33/><T12/><D77/><U29/><E26/><V74/><F74/><W87/><G65/><T37/><D36/><U70/><E29/><V114/><F114/><W90/><G91/><T102/><D38/><U0/><E70/><V119/><F119/><W60/><REACH who="3" step="1"/><G54/><REACH who="3" ten="557,88,170,175" step="2"/><T10/><D37/><U80/><E94/><V66/><F66/><W35/><G35/><T96/><D112/><U53/><E0/><V31/><F95/><W86/><G86/><T71/><D71/><U3/><E3/><V24/><F89/><W108/><G108/><T5/><D102/><U92/><E92/><V93/><F93/><W42/><G42/><T68/><D100/><U20/><E20/><N who="2" m="15751" /><F40/><W61/><G61/><T73/><D68/><U63/><E63/><V43/><F43/><W111/><G111/><T99/><D129/><U88/><E79/><V25/><F76/><W51/><G51/><T116/><D116/><U15/><E15/><V109/><F109/><W59/><G59/><RYUUKYOKU ba="1,1" sc="557,-15,88,15,170,-15,175,15" hai1="4,7,48,53,57,80,84,88,133,134" hai3="9,13,22,27,28,52,58,60,83,87,90,132,135" />
</Scene>
<Scene>
<INIT seed="5,2,1,4,5,111" ten="542,103,155,190" oya="1" hai0="77,32,37,86,34,114,48,66,95,18,108,81,24" hai1="63,103,110,65,70,97,129,54,29,107,17,126,40" hai2="102,99,123,44,128,93,69,23,115,30,9,125,62" hai3="130,51,21,104,35,12,118,33,92,14,39,90,117"/><U7/><E110/><V122/><F125/><W41/><G104/><T78/><D37/><U105/><E126/><V6/><F128/><W5/><G130/><T101/><D66/><U19/><E129/><V73/><F73/><W133/><G133/><T13/><D77/><U67/><E40/><V112/><F44/><N who="3" m="25999" /><G39/><T1/><D1/><U20/><E67/><N who="2" m="41207" /><F23/><W120/><G120/><T26/><D48/><U47/><E7/><V42/><F30/><W53/><G53/><T98/><D26/><U2/><E2/><N who="2" m="215" /><F42/><W56/><G56/><T52/><D24/><U55/><E107/><V59/><F59/><W75/><G75/><T127/><D52/><U113/><E113/><AGARI ba="2,1" hai="93,99,102,112,113,115,122,123" m="215,41207" machi="113" ten="30,8000,1" yaku="15,1,11,1,52,3" doraHai="111" who="2" fromWho="1" sc="542,0,103,-86,155,96,190,0" />
</Scene>
<Scene>
<INIT seed="6,0,0,3,0,20" ten="542,17,251,190" oya="2" hai0="43,9,107,132,64,90,121,28,89,55,66,21,73" hai1="124,111,11,100,50,37,49,65,24,61,1,75,41" hai2="88,97,19,131,110,17,117,112,81,6,56,80,103" hai3="59,69,101,22,113,8,109,60,120,32,5,45,47"/><V46/><BYE who="1" /><F117/><W62/><G32/><T126/><D73/><U0/><E0/><V108/><F112/><W130/><G113/><T95/><D107/><U15/><E15/><V40/><F131/><W135/><G130/><T102/><D102/><U53/><E53/><V4/><F56/><W106/><G69/><T122/><D43/><U36/><E36/><V34/><F34/><W127/><G120/><T51/><D126/><U44/><E44/><V71/><F71/><W123/><G123/><T70/><D132/><U31/><E31/><V58/><F58/><W29/><G109/><N who="2" m="42089" /><F19/><W104/><G135/><T83/><D70/><U18/><E18/><V38/><F17/><W116/><G127/><T134/><D134/><U78/><E78/><V67/><F67/><W57/><G101/><T35/><D35/><U39/><E39/><V68/><F68/><W72/><G72/><T7/><D66/><U26/><E26/><V12/><F12/><W54/><G22/><T76/><D64/><U115/><E115/><V23/><F23/><W48/><G29/><T25/><D121/><U94/><E94/><N who="2" m="56519" /><F103/><W33/><G33/><T52/><D122/><U42/><E42/><V85/><F81/><W82/><G82/><T3/><D55/><U133/><E133/><V79/><AGARI ba="0,0" hai="4,6,38,40,46,79,80,85" m="56519,42089" machi="79" ten="30,3000,0" yaku="10,1,54,1" doraHai="20" who="2" fromWho="2" sc="542,-10,17,-10,251,30,190,-10" />
</Scene>
<Scene>
<INIT seed="6,1,0,3,0,90" ten="532,7,281,180" oya="2" hai0="85,86,101,94,67,107,41,87,53,7,110,119,66" hai1="111,99,39,5,17,74,73,23,70,82,116,10,43" hai2="56,45,54,15,112,57,48,13,92,24,11,126,128" hai3="127,103,83,122,52,59,118,78,61,55,72,26,51"/><V20/><F112/><W120/><G118/><T33/><D33/><U44/><E44/><V0/><F0/><W22/><G127/><T133/><D107/><U89/><E89/><V8/><F126/><W131/><G131/><T81/><D41/><U27/><E27/><V69/><F69/><W105/><G105/><T76/><D110/><U19/><E19/><N who="2" m="12319" /><F128/><W123/><G103/><T109/><D7/><U95/><E95/><V50/><F92/><W102/><G102/><T132/><D109/><U117/><E117/><V104/><F104/><W60/><REACH who="3" step="1"/><G55/><REACH who="3" ten="532,7,281,170" step="2"/><T28/><D53/><U46/><E46/><V65/><F65/><W68/><G68/><T96/><D67/><U98/><E98/><V34/><F34/><W80/><G80/><T125/><D66/><U114/><E114/><V18/><F50/><W2/><G2/><T25/><D125/><U36/><E36/><V40/><F54/><W38/><G38/><T9/><D119/><U100/><E100/><V64/><F64/><W21/><G21/><T106/><D106/><U12/><E12/><V97/><F15/><W16/><AGARI ba="1,1" hai="16,22,26,51,52,59,60,61,72,78,83,120,122,123" machi="16" ten="30,7900,0" yaku="1,1,0,1,54,2,53,0" doraHai="90" doraHaiUra="62" who="3" fromWho="3" sc="532,-21,7,-21,281,-40,170,92" owari="511,61.0,-14,-51.0,241,-16.0,262,6.0" />
</Scene>
</mjloggm>