<mjloggm ver="2.3"><GO type="169" lobby="0"/><UN n0="%72%69%73%6B%79" n1="%E7%AB%B9%E4%BA%95%E4%B9%85%EF%BC%A0%E9%83%A8%E9%95%B7" n2="%E3%83%AC%E3%83%87%E3%82%B9%E3%83%9E" n3="%E5%A4%AA%E3%81%8F%E3%81%AA%E3%81%84%E3%81%8A" dan="17,16,16,18" rate="2212.13,2116.52,2085.83,2187.25" sx="M,F,M,M"/><TAIKYOKU oya="0"/>

<Scene>
<INIT seed="0,0,0,3,5,83" ten="250,250,250,250" oya="0" hai0="128,126,90,75,61,69,107,127,57,106,7,59,124" hai1="120,97,130,14,37,10,73,119,64,85,88,19,3" hai2="72,135,89,34,4,104,53,58,39,16,87,91,21" hai3="79,1,41,86,96,102,125,11,71,36,24,101,115"/><T8/><D75/><U84/><E120/><V100/><F72/><W48/><G71/><T62/><D128/><U32/><E119/><V114/><F114/><W111/><G36/><T80/><D69/><U129/><E73/><V66/><F34/><W123/><G115/><T95/><D80/><U78/><E37/><V43/><F66/><W65/><G65/><T44/><D44/><U25/><E78/><V82/><F4/><W18/><G48/><T122/><D122/><U27/><E64/><V112/><F112/><W35/><G101/><T13/><D59/><U45/><E3/><V38/><F135/><W116/><G102/><T15/><D15/><U22/><E32/><V68/><F68/><W99/><G1/><T6/><D6/><U121/><E45/><V98/><F91/><W118/><G35/><T93/><D93/><N who="1" m="56487" /><E27/><V109/><F43/><W49/><G41/><T55/><REACH who="0" step="1"/><D61/><REACH who="0" ten="240,250,250,250" step="2"/><U70/><E70/><V131/><F131/><N who="1" m="50185" /><E121/><V108/><F108/><W51/><G111/><T113/><D113/><U31/><AGARI ba="0,1" hai="10,14,19,22,25,31,84,85" m="50185,56487" machi="31" ten="30,7900,0" yaku="19,1,52,2,54,1" doraHai="83" who="1" fromWho="1" sc="240,-39,250,89,250,-20,250,-20" />
</Scene>
<Scene>
<INIT seed="1,0,0,0,1,118" ten="201,339,230,230" oya="1" hai0="120,31,57,72,30,103,108,129,84,86,21,97,126" hai1="90,80,26,105,123,18,99,24,51,102,82,2,4" hai2="34,87,36,14,54,48,81,132,61,33,9,45,27" hai3="117,65,101,100,12,43,60,23,95,76,66,104,131"/><U75/><E51/><V56/><F132/><W16/><G104/><T49/><D72/><U35/><E123/><V62/><F36/><W3/><G3/><T42/><D108/><U8/><E35/><V68/><F68/><W40/><G117/><T92/><D129/><U79/><E18/><V59/><F27/><W88/><G76/><T10/><D126/><U107/><E105/><V52/><F45/><W112/><G112/><T96/><D96/><U50/><E50/><V133/><F133/><W32/><G32/><T121/><D10/><U71/><E71/><V17/><REACH who="2" step="1"/><F48/><REACH who="2" ten="201,339,220,230" step="2"/><W69/><G131/><T11/><D57/><U106/><E26/><V111/><F111/><W113/><G113/><T78/><D49/><U93/><E24/><V22/><F22/><W25/><G25/><T128/><D21/><U116/><E116/><V130/><F130/><W55/><G55/><T1/><D128/><U6/><E8/><V91/><AGARI ba="0,1" hai="9,14,17,33,34,52,54,56,59,61,62,81,87,91" machi="91" ten="20,8000,1" yaku="1,1,0,1,7,1,9,1,54,1,53,0" doraHai="118" doraHaiUra="109" who="2" fromWho="2" sc="201,-20,339,-40,220,90,230,-20" />
</Scene>
<Scene>
<INIT seed="2,0,0,2,0,20" ten="181,299,310,210" oya="2" hai0="63,111,85,96,46,2,90,108,47,69,31,86,88" hai1="107,102,30,10,93,23,28,72,75,77,26,15,12" hai2="64,42,35,73,87,34,76,98,43,7,59,113,104" hai3="128,11,54,1,14,53,65,115,120,40,6,0,9"/><V19/><F73/><W82/><G120/><T56/><D69/><U71/><E107/><V117/><F117/><W16/><G128/><T68/><D68/><U37/><E71/><V100/><F7/><W27/><G115/><T4/><D31/><U29/><E37/><V45/><F42/><W109/><G109/><N who="0" m="42059" /><D2/><U116/><E116/><V48/><F113/><W129/><G129/><T57/><D4/><U134/><E134/><V62/><REACH who="2" step="1"/><F19/><REACH who="2" ten="181,299,300,210" step="2"/><W8/><G40/><T51/><D96/><U74/><E74/><V39/><F39/><W24/><G6/><T52/><D86/><U130/><E72/><V32/><F32/><W119/><G119/><T49/><D85/><U118/><E75/><V84/><F84/><W67/><G0/><T58/><D63/><U81/><E118/><V61/><F61/><W105/><G1/><T99/><D99/><U55/><E130/><V60/><F60/><W123/><G123/><T131/><D131/><U17/><E17/><V5/><F5/><W112/><G112/><T110/><D110/><U18/><E18/><V122/><F122/><W33/><G33/><T80/><D80/><AGARI ba="0,1" hai="34,35,43,45,48,59,62,64,76,80,87,98,100,104" machi="80" ten="40,2000,0" yaku="1,1,53,0" doraHai="20" doraHaiUra="106" who="2" fromWho="0" sc="181,-20,299,0,300,30,210,0" />
</Scene>
<Scene>
<INIT seed="2,1,0,5,4,61" ten="161,299,330,210" oya="2" hai0="45,27,123,41,54,78,37,35,62,66,43,90,42" hai1="77,16,68,63,24,95,80,57,83,10,132,52,101" hai2="100,97,13,14,82,1,7,99,20,56,70,128,48" hai3="17,46,133,122,29,114,111,74,50,134,112,6,12"/><V87/><F70/><W91/><G74/><T76/><D123/><U131/><E131/><V93/><F128/><W30/><G91/><T51/><D37/><U36/><E36/><V135/><F135/><N who="3" m="51723" /><G6/><T44/><D44/><U85/><E132/><V107/><F1/><W119/><G122/><T15/><D15/><N who="1" m="7287" /><E68/><V59/><F14/><W116/><G50/><T60/><D60/><U129/><E129/><V105/><F105/><W103/><G103/><T31/><REACH who="0" step="1"/><D90/><REACH who="0" ten="151,299,330,210" step="2"/><U11/><E63/><V28/><F13/><W19/><G46/><T92/><D92/><U130/><E95/><V108/><F93/><W121/><G121/><T71/><AGARI ba="1,1" hai="27,31,35,41,42,43,45,51,54,62,66,71,76,78" machi="71" ten="30,7900,0" yaku="1,1,0,1,52,1,53,1" doraHai="61" doraHaiUra="65" who="0" fromWho="0" sc="151,92,299,-21,330,-40,210,-21" />
</Scene>
<Scene>
<INIT seed="3,0,0,3,5,67" ten="243,278,290,189" oya="3" hai0="130,57,23,45,58,7,2,35,87,25,59,78,91" hai1="8,124,46,12,26,52,53,36,123,112,61,117,31" hai2="22,127,115,104,72,110,3,73,6,107,94,92,114" hai3="135,132,54,68,33,16,71,48,38,32,64,106,97"/><W19/><G38/><T44/><D130/><U95/><E123/><V133/><F6/><W83/><G83/><T134/><D134/><N who="3" m="51241" /><G106/><T103/><D35/><N who="3" m="13385" /><G97/><T24/><D103/><U109/><E112/><V126/><F133/><W122/><G122/><T82/><D2/><U1/><E1/><V37/><F3/><W43/><G43/><T93/><D7/><U111/><E124/><V100/><F37/><W129/><G129/><T86/><REACH who="0" step="1"/><D25/><REACH who="0" ten="233,278,290,189" step="2"/><U21/><E26/><V66/><F100/><W89/><G89/><T74/><D74/><U60/><E109/><V90/><F110/><W28/><G28/><AGARI ba="0,1" hai="23,24,28,44,45,57,58,59,78,82,86,87,91,93" machi="28" ten="40,5200,0" yaku="1,1,8,1,53,1" doraHai="67" doraHaiUra="79" who="0" fromWho="3" sc="233,62,278,0,290,0,189,-52" />
</Scene>
<Scene>
<INIT seed="4,0,0,5,3,30" ten="295,278,290,137" oya="0" hai0="65,74,17,51,129,118,91,8,63,106,96,3,41" hai1="95,7,127,80,72,121,81,35,58,93,27,112,12" hai2="5,132,45,50,84,48,4,104,111,23,42,46,59" hai3="22,77,126,25,49,123,28,21,122,67,57,69,125"/><T29/><D74/><U1/><E121/><N who="3" m="46090" /><G77/><T53/><D41/><U110/><E110/><V43/><F111/><W11/><G69/><T113/><D113/><U105/><E105/><V85/><F104/><W36/><G36/><T26/><D129/><U87/><E112/><V98/><F98/><W19/><G67/><T89/><D118/><U6/><E1/><V73/><F73/><W55/><G57/><T99/><D99/><U92/><E127/><N who="3" m="48650" /><G49/><T76/><D76/><U88/><E12/><V124/><F124/><W2/><G55/><T119/><D119/><U120/><E120/><V114/><F59/><W61/><G61/><T34/><D51/><U135/><E135/><V31/><F132/><W62/><G62/><T47/><D47/><U10/><E10/><V14/><F48/><W86/><G86/><T133/><D53/><U33/><E58/><V24/><F50/><W79/><G79/><T90/><D133/><U52/><E72/><V32/><F46/><W54/><G54/><T117/><D117/><U39/><E39/><V75/><F75/><W44/><G44/><T20/><D63/><U13/><E52/><V101/><F45/><W37/><G37/><T9/><D65/><U130/><E81/><V68/><F68/><W56/><G56/><T40/><D40/><U97/><E97/><V18/><F43/><W108/><G108/><T64/><D64/><U15/><E80/><V128/><F42/><W16/><G22/><T70/><D70/><U0/><E87/><V134/><F85/><W82/><G82/><T131/><D106/><U94/><E94/><RYUUKYOKU ba="0,0" sc="295,-10,278,-10,290,-10,137,30" hai3="2,11,16,19,21,25,28" />
</Scene>
<Scene>
<INIT seed="5,1,0,1,5,23" ten="285,268,280,167" oya="1" hai0="130,75,39,26,135,24,14,1,118,9,119,25,74" hai1="55,115,45,52,42,4,128,34,81,85,105,89,108" hai2="5,31,79,73,83,32,43,113,59,95,111,63,28" hai3="8,110,96,109,106,2,92,121,97,3,18,76,27"/><U41/><E105/><V123/><F123/><W65/><G121/><T93/><D39/><U66/><E34/><V100/><F111/><W117/><G65/><T56/><D93/><U98/><E108/><V68/><F68/><W86/><G117/><T129/><D56/><U10/><E115/><V124/><F43/><W88/><G110/><T22/><D1/><U101/><E128/><N who="0" m="49257" /><D135/><U7/><E66/><V91/><F100/><W126/><G109/><T44/><D44/><U49/><E42/><V13/><F32/><W80/><G126/><T15/><D74/><U51/><E51/><V48/><F48/><W20/><REACH who="3" step="1"/><G8/><REACH who="3" ten="285,268,280,157" step="2"/><T131/><D131/><U114/><E114/><V54/><F113/><W133/><G133/><T61/><D118/><U102/><E102/><AGARI ba="1,1" hai="2,3,18,20,27,76,80,86,88,92,96,97,102,106" machi="102" ten="40,5200,0" yaku="1,1,52,1,54,1,53,0" doraHai="23" doraHaiUra="132" who="3" fromWho="1" sc="285,0,268,-55,280,0,157,65" />
</Scene>
<Scene>
<INIT seed="6,0,0,0,3,59" ten="285,213,280,222" oya="2" hai0="32,87,25,86,28,71,123,39,65,82,19,67,26" hai1="6,102,88,105,93,27,53,57,49,1,128,44,99" hai2="16,135,134,15,51,37,129,61,14,23,78,83,113" hai3="0,36,34,132,68,69,130,13,122,52,22,5,29"/><V40/><F113/><W9/><G122/><T72/><D39/><U111/><E111/><V74/><F129/><W55/><G36/><T48/><D123/><U30/><E128/><V50/><F14/><W75/><G75/><T127/><D72/><U54/><E6/><V11/><F23/><W18/><G130/><T95/><D127/><U21/><E1/><V2/><F2/><W33/><G132/><N who="2" m="50729" /><F61/><W12/><G12/><T114/><D71/><N who="3" m="27209" /><G33/><T73/><D73/><U79/><E79/><V3/><F3/><W109/><G109/><T92/><D114/><U126/><E126/><V131/><F131/><W64/><G64/><T84/><D82/><U17/><E30/><V103/><F103/><W4/><G4/><T42/><D65/><U60/><E105/><V62/><F62/><W81/><G81/><T108/><D67/><U124/><E124/><V116/><F116/><W96/><G29/><T121/><D108/><U104/><E104/><V90/><F90/><AGARI ba="0,0" hai="17,21,27,44,49,53,54,57,60,88,90,93,99,102" machi="90" ten="40,5200,0" yaku="8,1,52,1,54,1" doraHai="59" who="1" fromWho="2" sc="285,0,213,52,280,-52,222,0" />
</Scene>
<Scene>
<INIT seed="7,0,0,4,2,24" ten="285,265,228,222" oya="3" hai0="99,26,23,51,119,7,46,17,5,74,54,58,52" hai1="79,103,94,78,107,35,86,111,104,113,85,68,101" hai2="20,36,125,25,84,33,88,0,14,18,96,43,127" hai3="67,64,97,65,80,55,15,82,83,117,10,19,28"/><W124/><G117/><T69/><D69/><U66/><E35/><V22/><F0/><W50/><G124/><N who="2" m="47689" /><F33/><W98/><REACH who="3" step="1"/><G28/><REACH who="3" ten="285,265,228,212" step="2"/><T92/><D119/><U114/><E114/><V2/><F2/><W73/><G73/><T38/><D74/><U87/><E113/><V75/><F75/><W27/><G27/><T4/><D38/><U13/><E111/><V77/><F77/><W29/><G29/><T81/><D26/><U32/><E79/><V40/><F36/><W90/><G90/><T57/><D7/><U76/><E76/><V3/><F3/><W41/><G41/><T70/><D4/><U47/><E78/><V105/><F25/><W133/><G133/><T131/><D5/><U100/><E32/><V121/><F121/><W126/><G126/><T11/><D131/><U123/><E123/><V108/><F108/><W59/><AGARI ba="0,1" hai="10,15,19,50,55,59,64,65,67,80,82,83,97,98" machi="59" ten="30,6000,0" yaku="1,1,0,1,8,1,53,0" doraHai="24" doraHaiUra="34" who="3" fromWho="3" sc="285,-20,265,-20,228,-20,212,70" />
</Scene>
<Scene>
<INIT seed="7,1,0,4,3,62" ten="265,245,208,282" oya="3" hai0="41,112,1,93,26,106,44,103,71,86,80,121,40" hai1="114,12,120,127,3,76,123,19,28,24,0,16,38" hai2="111,99,119,98,64,45,67,72,7,102,109,34,70" hai3="10,92,133,8,43,33,73,21,87,2,81,132,5"/><W97/><G33/><T50/><D121/><N who="1" m="46667" /><E38/><V69/><F34/><W29/><G73/><T47/><D71/><N who="2" m="27146" /><F102/><W116/><G116/><T6/><D112/><U108/><E76/><V30/><F119/><W4/><G43/><T60/><D60/><U56/><E56/><V35/><F35/><W37/><G37/><T77/><D106/><U115/><E127/><V83/><F72/><W124/><G124/><T129/><D26/><U17/><E12/><V32/><F32/><W53/><G53/><T125/><D125/><U42/><E42/><V51/><F83/><W63/><G63/><T74/><D1/><N who="1" m="587" /><E108/><N who="2" m="41547" /><F30/><W23/><G29/><T52/><D74/><U57/><E57/><V65/><F7/><W101/><G23/><AGARI ba="1,0" hai="16,17,19,23,24,28,114,115" m="587,46667" machi="23" ten="40,5200,0" yaku="34,2,54,1" doraHai="62" who="1" fromWho="3" sc="265,0,245,55,208,0,282,-55" owari="265,7.0,300,39.0,208,-29.0,227,-17.0" />
</Scene>
</mjloggm>