<mjloggm ver="2.3"><GO type="169" lobby="0"/><UN n0="%E3%81%82%E3%81%B2%E3%82%8B%E3%81%95%E3%82%93" n1="%E5%A4%AA%E3%81%8F%E3%81%AA%E3%81%84%E3%81%8A" n2="%E8%A6%8B%E5%B4%8E%E9%B3%B4%E3%81%A1%E3%82%83%E3%82%93%EF%BC%81" n3="%6D%6F%6E%65%79%2E%2E%2E" dan="16,18,17,17" rate="2088.14,2179.64,2146.17,2158.68" sx="M,M,M,M"/><TAIKYOKU oya="0"/>

<Scene>
<INIT seed="0,0,0,0,3,130" ten="250,250,250,250" oya="0" hai0="18,10,110,35,74,72,81,106,126,64,26,128,117" hai1="53,42,51,124,102,15,46,70,66,54,14,67,3" hai2="79,16,83,98,73,41,17,94,97,48,8,71,9" hai3="122,119,99,1,111,84,80,27,114,112,82,58,100"/><T61/><D117/><U135/><E3/><V127/><F71/><W28/><G119/><T36/><D36/><U75/><E75/><V91/><F127/><W32/><G1/><T5/><D106/><U11/><E124/><V65/><F65/><W37/><G37/><T33/><D126/><U23/><E102/><V123/><F123/><W49/><G122/><T22/><D128/><U52/><E70/><V2/><F97/><W57/><G111/><T76/><D74/><U96/><E96/><V34/><F34/><W134/><G80/><T68/><REACH who="0" step="1"/><D110/><REACH who="0" ten="240,250,250,250" step="2"/><U89/><E135/><V105/><F105/><W29/><G134/><T108/><D108/><U56/><E56/><V19/><REACH who="2" step="1"/><F2/><AGARI ba="0,1" hai="2,5,10,18,22,26,33,35,61,64,68,72,76,81" machi="2" ten="30,2900,0" yaku="1,1,7,1,53,0" doraHai="130" doraHaiUra="118" who="0" fromWho="2" sc="240,39,250,0,250,-29,250,0" />
</Scene>
<Scene>
<INIT seed="0,1,0,1,2,112" ten="279,250,221,250" oya="0" hai0="11,89,129,91,15,79,26,54,102,7,22,83,104" hai1="53,32,40,57,71,51,123,80,16,106,131,88,90" hai2="67,63,96,37,72,1,48,127,45,31,66,6,108" hai3="82,20,92,107,25,124,98,125,58,109,33,9,18"/><T116/><D129/><U59/><E71/><V81/><F108/><W118/><G118/><T94/><D104/><U100/><E123/><V130/><F130/><W84/><G109/><T134/><D134/><U29/><E131/><V103/><F127/><W46/><G107/><T113/><D113/><U105/><E40/><V62/><F31/><W115/><G115/><T68/><D68/><U44/><E105/><V65/><F37/><W73/><G73/><T133/><D133/><U128/><E128/><V60/><F1/><W39/><G33/><T52/><D102/><U122/><E122/><V101/><F6/><W17/><G58/><T126/><D126/><N who="3" m="48745" /><G46/><T30/><D116/><U4/><E4/><V0/><F0/><W117/><G39/><T23/><D23/><U120/><E120/><V49/><F96/><W50/><G50/><T27/><D27/><U38/><E38/><V10/><F10/><W135/><G135/><T86/><REACH who="0" step="1"/><D91/><REACH who="0" ten="269,250,221,250" step="2"/><U87/><E90/><V64/><F101/><W5/><G117/><T8/><D8/><U21/><E100/><V47/><F103/><N who="3" m="60871" /><G20/><T3/><D3/><U35/><E106/><V111/><F111/><W41/><G25/><T99/><AGARI ba="1,1" hai="7,11,15,22,26,30,52,54,79,83,86,89,94,99" machi="99" ten="20,18000,2" yaku="1,1,0,1,7,1,8,1,54,1,53,1" doraHai="112" doraHaiUra="76" who="0" fromWho="0" sc="269,193,250,-61,221,-61,250,-61" />
</Scene>
<Scene>
<INIT seed="0,2,0,0,5,65" ten="462,189,160,189" oya="0" hai0="33,58,77,32,41,13,70,117,29,56,67,99,109" hai1="14,60,44,68,72,96,87,15,3,80,94,111,88" hai2="40,110,84,134,25,133,52,106,91,90,1,50,75" hai3="73,31,18,35,115,81,132,2,122,104,121,43,23"/><T55/><D117/><U12/><E111/><V76/><F1/><W105/><G115/><T85/><D41/><U95/><E3/><V131/><F110/><W62/><G132/><N who="2" m="50793" /><F106/><W83/><G2/><T130/><D109/><U30/><E30/><V108/><F108/><W92/><G43/><T49/><D130/><U10/><E72/><V20/><F40/><W0/><G0/><T42/><D42/><U37/><E37/><V7/><F7/><W53/><G92/><T57/><D99/><U107/><E44/><N who="2" m="27719" /><F75/><W79/><G104/><T127/><D127/><U100/><REACH who="1" step="1"/><E10/><REACH who="1" ten="462,179,160,189" step="2"/><V59/><F131/><W45/><G73/><T47/><D29/><U120/><E120/><V86/><F59/><W17/><G45/><T36/><D36/><U124/><E124/><V51/><F51/><W39/><G39/><T22/><D57/><U48/><E48/><V125/><F125/><W119/><G121/><T98/><D56/><U114/><E114/><V9/><F9/><W71/><G122/><T123/><D123/><U46/><E46/><V61/><F61/><W27/><G62/><T38/><D38/><U103/><E103/><V54/><F54/><W78/><G53/><T116/><D55/><U112/><E112/><V118/><F118/><W28/><G119/><T128/><D116/><U113/><E113/><V11/><F11/><W26/><G31/><T21/><D47/><U69/><E69/><V89/><F76/><W66/><G78/><T126/><D77/><U4/><E4/><V8/><F8/><W102/><G79/><T135/><D126/><U24/><E24/><RYUUKYOKU ba="2,1" sc="462,-15,179,15,160,15,189,-15" hai1="12,14,15,60,68,80,87,88,94,95,96,100,107" hai2="20,25,84,86,89,90,91" />
</Scene>
<Scene>
<INIT seed="1,3,1,5,1,37" ten="447,194,175,174" oya="1" hai0="1,9,82,101,134,132,13,97,55,90,54,66,40" hai1="56,7,76,125,87,24,122,63,127,25,52,26,69" hai2="81,4,75,112,95,105,70,11,113,10,80,121,100" hai3="88,73,38,67,2,62,27,129,115,16,108,71,130"/><U131/><E122/><V119/><F70/><W19/><G73/><T96/><D1/><U124/><E131/><N who="3" m="50186" /><G115/><N who="2" m="44105" /><F121/><W30/><G2/><T36/><D66/><U46/><E69/><V133/><F119/><W6/><G6/><T114/><D114/><U45/><REACH who="1" step="1"/><E7/><REACH who="1" ten="447,184,175,174" step="2"/><V42/><F4/><W35/><G108/><T106/><D134/><U15/><E15/><V29/><F133/><W102/><G102/><T44/><D132/><U117/><E117/><V14/><F14/><W48/><G38/><T33/><D36/><U51/><E51/><V50/><F50/><W53/><G48/><T123/><D101/><U68/><E68/><V20/><F100/><W5/><G5/><T104/><D123/><U107/><E107/><V78/><F105/><W21/><G35/><T43/><D33/><U92/><E92/><V83/><F95/><W110/><G110/><T39/><D39/><U109/><E109/><V57/><F81/><AGARI ba="3,2" hai="24,25,26,45,46,52,56,63,76,81,87,124,125,127" machi="81" ten="50,12000,1" yaku="1,1,18,1,54,1,53,2" doraHai="37" doraHaiUra="41" who="1" fromWho="2" sc="447,0,184,149,175,-129,174,0" />
</Scene>
<Scene>
<INIT seed="1,4,0,0,0,58" ten="447,333,46,174" oya="1" hai0="63,13,48,128,126,115,106,42,30,84,15,36,82" hai1="29,60,114,132,104,111,123,96,129,4,102,110,26" hai2="92,52,37,19,67,79,78,70,2,133,116,53,54" hai3="32,40,12,35,135,99,112,23,86,73,6,1,0"/><U83/><E114/><V47/><F116/><W49/><G73/><T77/><D106/><U98/><E123/><V24/><F2/><W27/><G86/><T117/><D117/><U3/><E132/><V97/><F133/><W59/><G135/><T14/><D36/><U127/><E129/><V34/><F37/><W93/><G112/><T17/><D115/><U41/><E127/><V76/><F47/><W85/><G85/><T16/><D128/><U7/><E41/><V107/><F107/><W90/><G12/><T8/><D126/><U103/><E83/><V81/><F81/><W71/><G71/><T25/><D17/><U10/><E7/><V5/><F5/><W122/><G122/><T100/><D100/><U121/><E121/><V119/><F119/><W74/><G74/><T43/><D43/><U39/><E39/><V64/><F70/><W51/><G32/><T101/><D101/><U50/><E50/><V134/><F134/><W72/><G35/><T31/><D42/><U95/><REACH who="1" step="1"/><E60/><REACH who="1" ten="447,323,46,174" step="2"/><V94/><F92/><W62/><G40/><T124/><D124/><U113/><E113/><V91/><REACH who="2" step="1"/><F34/><AGARI ba="4,1" hai="3,4,10,26,29,34,95,96,98,102,103,104,110,111" machi="34" ten="40,2000,0" yaku="1,1,53,0" doraHai="58" doraHaiUra="56" who="1" fromWho="2" sc="447,0,323,42,46,-32,174,0" />
</Scene>
<Scene>
<INIT seed="1,5,0,3,3,61" ten="447,365,14,174" oya="1" hai0="5,40,95,127,26,110,18,57,48,12,111,120,30" hai1="100,81,93,89,71,7,27,31,90,85,112,82,37" hai2="86,113,128,3,134,4,125,58,25,56,22,28,99" hai3="131,84,53,1,97,124,87,74,38,77,76,62,116"/><U98/><E112/><V49/><F113/><W119/><G38/><T133/><D5/><U9/><E37/><V0/><F125/><W63/><G1/><T11/><D133/><U106/><E71/><V20/><F134/><W39/><G39/><T29/><D127/><U23/><REACH who="1" step="1"/><E90/><REACH who="1" ten="447,355,14,174" step="2"/><V80/><F128/><W96/><G131/><T21/><D120/><U17/><E17/><V34/><F4/><W83/><G124/><T66/><D30/><U88/><E88/><V75/><F75/><W24/><G74/><T35/><D29/><U46/><E46/><V78/><F99/><W6/><G6/><T52/><D18/><U15/><AGARI ba="5,1" hai="7,9,15,23,27,31,81,82,85,89,93,98,100,106" machi="15" ten="20,7800,0" yaku="1,1,0,1,7,1,53,1" doraHai="61" doraHaiUra="10" who="1" fromWho="1" sc="447,-31,355,103,14,-31,174,-31" owari="416,22.0,458,56.0,-17,-52.0,143,-26.0" />
</Scene>
</mjloggm>