<mjloggm ver="2.3"><GO type="169" lobby="0"/><UN n0="%E3%81%8A%E3%81%98%E3%81%95%E3%82%93" n1="%4A%61%6E%2D%4D%61%63%68" n2="%E6%A5%BD%E5%8B%9D%EF%BC%81" n3="%E5%A4%AA%E3%81%8F%E3%81%AA%E3%81%84%E3%81%8A" dan="17,17,17,17" rate="2210.64,2195.24,2143.28,2152.98" sx="M,M,M,M"/><TAIKYOKU oya="0"/>

<Scene>
<INIT seed="0,0,0,4,3,104" ten="250,250,250,250" oya="0" hai0="108,25,38,85,63,41,9,81,134,52,45,64,22" hai1="84,94,16,102,21,119,3,80,91,39,23,72,53" hai2="89,110,18,17,115,112,24,103,130,74,13,62,33" hai3="95,6,40,69,34,121,113,55,12,86,83,105,19"/><T97/><D134/><U57/><E39/><V66/><F110/><W101/><G113/><T8/><D108/><U30/><E3/><V79/><F130/><W129/><G69/><T68/><D97/><U120/><E120/><V90/><F103/><W71/><G71/><T106/><D106/><U31/><E119/><V42/><F42/><W29/><G6/><T37/><D37/><U47/><E47/><V133/><F133/><W96/><G40/><T59/><D22/><U93/><E23/><V15/><F115/><W32/><G129/><T116/><D25/><U44/><E44/><V125/><F112/><W60/><G121/><T36/><D36/><U118/><E118/><V73/><F125/><W122/><G122/><T114/><D116/><U26/><E93/><V11/><F79/><W124/><G124/><T99/><D99/><N who="1" m="59767" /><E72/><V92/><F33/><W100/><G100/><T4/><D114/><U28/><E31/><V2/><F24/><W20/><G105/><T56/><D56/><U67/><E67/><V0/><F92/><W51/><G29/><T54/><D68/><U43/><E43/><V111/><F111/><W123/><G123/><T88/><D9/><U132/><E132/><V109/><F109/><W87/><G34/><T128/><D128/><U98/><E98/><V78/><F11/><W10/><G32/><T107/><D107/><U77/><E77/><V82/><F78/><N who="3" m="46455" /><G10/><T35/><D35/><U65/><E65/><V50/><F66/><W75/><G20/><T131/><D131/><U58/><E58/><V48/><F82/><W135/><G135/><RYUUKYOKU ba="0,0" sc="250,10,250,10,250,10,250,-30" hai0="4,8,38,41,45,52,54,59,63,64,81,85,88" hai1="16,21,26,28,30,53,57,80,84,91" hai2="0,2,13,15,17,18,48,50,62,73,74,89,90" />
</Scene>
<Scene>
<INIT seed="0,1,0,0,1,24" ten="260,260,260,220" oya="0" hai0="37,106,74,119,134,85,45,55,105,59,0,39,17" hai1="56,82,101,129,27,14,79,4,2,89,46,58,10" hai2="50,12,94,110,127,57,108,75,100,99,93,33,48" hai3="135,15,98,128,53,115,16,65,21,63,121,41,71"/><T6/><D74/><U3/><E101/><V51/><F33/><W97/><G115/><T88/><D119/><U102/><E102/><V67/><F75/><W95/><G135/><T69/><D134/><U38/><E89/><V83/><F83/><W107/><G128/><T52/><D69/><U122/><E122/><V62/><F127/><W54/><G121/><T8/><D17/><U125/><E125/><V116/><F116/><W126/><G126/><T49/><D39/><U117/><E129/><V43/><F12/><W70/><G107/><T86/><D86/><U34/><E3/><V11/><F11/><W18/><G70/><T133/><D133/><U73/><E14/><V92/><REACH who="2" step="1"/><F43/><REACH who="2" ten="260,260,250,220" step="2"/><W47/><G15/><T130/><D130/><U31/><E117/><V68/><F68/><W78/><G41/><AGARI ba="1,1" hai="2,4,10,27,31,34,38,41,46,56,58,73,79,82" machi="41" ten="40,5200,0" yaku="25,2,52,1" doraHai="24" who="1" fromWho="3" sc="260,0,260,65,250,0,220,-55" />
</Scene>
<Scene>
<INIT seed="1,0,0,3,0,76" ten="260,325,250,165" oya="1" hai0="62,125,55,98,93,122,113,30,9,37,64,13,15" hai1="19,104,128,97,70,38,0,131,106,23,17,83,77" hai2="41,129,108,88,48,87,16,85,8,22,50,115,120" hai3="95,21,54,132,7,49,6,101,68,121,51,4,123"/><U130/><E38/><V91/><F120/><W105/><G105/><N who="1" m="40554" /><E70/><V1/><F108/><W72/><G72/><T28/><D122/><U81/><E77/><V127/><F129/><W58/><G68/><T103/><D113/><U126/><E0/><V135/><F127/><W94/><G132/><T20/><D125/><U134/><E126/><V67/><F135/><W14/><G121/><T96/><D37/><U43/><E134/><V73/><F115/><W10/><G123/><T74/><D74/><U61/><E43/><V33/><F33/><W63/><G21/><T40/><D40/><U18/><E23/><V80/><F73/><W100/><G94/><T5/><D55/><U118/><E97/><V34/><F34/><W36/><G36/><T99/><D99/><U31/><E31/><V53/><F1/><W109/><G109/><T71/><D98/><U3/><E3/><V65/><F8/><W44/><G95/><T29/><REACH who="0" step="1"/><D15/><REACH who="0" ten="250,325,250,165" step="2"/><U2/><E2/><V84/><F84/><W90/><G90/><T32/><D32/><U39/><E39/><V52/><F41/><N who="3" m="24719" /><G51/><N who="2" m="19497" /><F91/><W78/><G78/><T57/><D57/><U86/><E86/><V133/><F87/><W92/><G100/><T69/><D69/><U35/><E35/><V26/><F133/><W60/><G60/><T124/><D124/><U119/><E61/><V110/><F110/><W66/><G54/><AGARI ba="0,1" hai="16,22,26,52,53,54,65,67,80,85,88" m="19497" machi="54" ten="30,8000,1" yaku="8,1,52,1,54,3" doraHai="76" who="2" fromWho="3" sc="250,0,325,0,250,90,165,-80" />
</Scene>
<Scene>
<INIT seed="2,0,0,0,5,125" ten="250,325,340,85" oya="2" hai0="86,25,21,57,32,11,111,128,39,23,82,22,40" hai1="68,38,1,64,92,24,122,124,72,15,79,112,67" hai2="119,76,9,2,50,56,78,49,114,85,77,45,44" hai3="8,113,73,33,80,126,7,99,108,34,70,65,116"/><V71/><F114/><W5/><G5/><T100/><D111/><U98/><E1/><V43/><F119/><W129/><G116/><T133/><D133/><U6/><E38/><V3/><F71/><W127/><G108/><T115/><D115/><U27/><E112/><V52/><F9/><W0/><G113/><T17/><D100/><U106/><E106/><V104/><F104/><W110/><G110/><T120/><D120/><U118/><E118/><V16/><F16/><W30/><G99/><T12/><D39/><U89/><E124/><N who="3" m="47658" /><G30/><T18/><D40/><U35/><E27/><V101/><F101/><W96/><G96/><T20/><D32/><N who="3" m="12393" /><G65/><T10/><D10/><U58/><E15/><V75/><F75/><W69/><G129/><T51/><D128/><U102/><E6/><V87/><REACH who="2" step="1"/><F44/><REACH who="2" ten="250,325,330,85" step="2"/><W62/><G62/><T74/><D74/><U29/><E102/><V97/><F97/><W132/><G132/><T107/><D107/><U81/><E68/><V103/><F103/><W37/><G37/><T36/><D36/><U91/><E122/><V46/><F46/><W63/><G63/><T61/><D51/><U88/><E58/><V59/><F59/><W130/><G130/><T4/><D18/><U84/><E98/><V121/><F121/><W131/><G131/><T28/><D4/><U135/><E135/><V105/><F105/><W48/><G48/><T47/><D47/><U95/><E72/><V117/><F117/><W41/><G41/><T54/><REACH who="0" step="1"/><D11/><REACH who="0" ten="240,325,330,85" step="2"/><U123/><E123/><V31/><F31/><W109/><G109/><T83/><D83/><RYUUKYOKU ba="0,2" sc="240,0,325,0,330,0,85,0" hai0="12,17,20,21,22,23,25,28,54,57,61,82,86" hai1="24,29,35,64,67,79,81,84,88,89,91,92,95" hai2="2,3,43,45,49,50,52,56,76,77,78,85,87" hai3="0,7,8,69,70,73,80" />
</Scene>
<Scene>
<INIT seed="2,1,2,2,5,71" ten="240,325,330,85" oya="2" hai0="96,6,78,124,61,129,27,117,10,5,62,44,0" hai1="108,42,90,86,48,103,133,83,51,60,45,66,115" hai2="123,84,97,135,132,77,16,125,73,12,19,1,31" hai3="23,81,63,88,127,11,72,4,119,38,130,15,30"/><V58/><F123/><W43/><G119/><T101/><D117/><U64/><E115/><V114/><F114/><W40/><G127/><T18/><D124/><U17/><E133/><N who="2" m="51275" /><F125/><W110/><G110/><T91/><D6/><U85/><E108/><V29/><F1/><W106/><G106/><T107/><D129/><U104/><E104/><V128/><F128/><W69/><G130/><T41/><D78/><U39/><E103/><V7/><F73/><W94/><G72/><T134/><D91/><U121/><E121/><V26/><F58/><W9/><G81/><T57/><D134/><U126/><E126/><V54/><F54/><W80/><G80/><T24/><D18/><N who="2" m="6698" /><F97/><W76/><G76/><T74/><D74/><U14/><E86/><V47/><F47/><W49/><G11/><T3/><D3/><U55/><E55/><V95/><F26/><N who="3" m="16735" /><G69/><T22/><D22/><U32/><E32/><V21/><F21/><W120/><G120/><T68/><D68/><U20/><E66/><V89/><F77/><W102/><G102/><T100/><D100/><U112/><E112/><V65/><F65/><W70/><G70/><AGARI ba="1,2" hai="14,17,20,39,42,45,48,51,60,64,70,83,85,90" machi="70" ten="30,2000,0" yaku="7,1,52,1" doraHai="71" who="1" fromWho="3" sc="240,0,325,43,330,0,85,-23" />
</Scene>
<Scene>
<INIT seed="3,0,0,4,1,30" ten="240,368,330,62" oya="3" hai0="38,47,90,78,34,70,112,50,76,35,24,0,33" hai1="99,114,17,104,63,133,95,13,39,60,125,58,71" hai2="45,97,84,59,93,15,106,57,119,75,5,113,11" hai3="94,79,68,102,44,31,54,29,46,116,100,26,37"/><W117/><G68/><T134/><D38/><U73/><E104/><V65/><F113/><W66/><G66/><T108/><D112/><U82/><E71/><V12/><F119/><W120/><G120/><T96/><D70/><U61/><E39/><V87/><F75/><W62/><G79/><T72/><D0/><U132/><E114/><V40/><F106/><W77/><G77/><T69/><D69/><U115/><E82/><V19/><F59/><N who="3" m="35191" /><G37/><T2/><D2/><U27/><E27/><V7/><F7/><W124/><G116/><T55/><D134/><N who="1" m="51819" /><E73/><V41/><F65/><W88/><G117/><T86/><D108/><U23/><E125/><V127/><F57/><W83/><G83/><T51/><D72/><U85/><E85/><V21/><F127/><W52/><G124/><T80/><D24/><U123/><E123/><V22/><F22/><N who="3" m="15575" /><G31/><T9/><D9/><U36/><E36/><V8/><F8/><W103/><G52/><T1/><D1/><U74/><E74/><V81/><F45/><W111/><G111/><T18/><D18/><U3/><E3/><V64/><F64/><W101/><N who="3" m="25600" /><DORA hai="110" /><W107/><G107/><T28/><D28/><U53/><E115/><V56/><F56/><W105/><G105/><T122/><D122/><U4/><E4/><V49/><F81/><W98/><AGARI ba="0,0" hai="44,46,88,94,98" m="25600,15575,35191" machi="98" ten="40,3900,0" yaku="8,1,54,1" doraHai="30,110" who="3" fromWho="3" sc="240,-13,368,-13,330,-13,62,39" />
</Scene>
<Scene>
<INIT seed="3,1,0,3,2,109" ten="227,355,317,101" oya="3" hai0="78,62,54,118,39,64,135,60,90,26,68,57,44" hai1="55,67,119,127,10,130,16,111,33,116,80,42,9" hai2="133,97,117,29,79,63,45,92,5,50,124,52,47" hai3="87,91,13,56,66,58,105,89,24,61,4,38,123"/><W22/><G123/><T121/><D121/><U59/><E67/><V110/><F117/><N who="1" m="45129" /><E42/><V126/><F110/><W34/><G34/><T32/><D118/><U82/><E111/><V104/><F133/><W81/><G105/><T1/><D1/><U125/><E33/><V96/><F79/><W73/><G73/><T95/><D78/><U18/><E80/><V98/><F104/><W25/><G38/><T20/><D32/><U106/><E82/><V99/><F29/><W30/><G24/><T27/><D135/><U131/><E55/><V113/><F113/><W94/><G58/><T86/><D20/><U43/><E43/><V11/><F63/><W51/><G51/><T48/><REACH who="0" step="1"/><D39/><REACH who="0" ten="217,355,317,101" step="2"/><U53/><E9/><V41/><F11/><N who="3" m="4327" /><G94/><T132/><D132/><U102/><E10/><V65/><F92/><W37/><G37/><T108/><D108/><U83/><E83/><V31/><F126/><N who="1" m="48137" /><E106/><V36/><F124/><W76/><AGARI ba="1,1" hai="22,25,30,56,61,66,76,81,87,89,91" m="4327" machi="76" ten="30,1500,0" yaku="8,1" doraHai="109" who="3" fromWho="3" sc="217,-6,355,-6,317,-6,101,28" />
</Scene>
<Scene>
<INIT seed="3,2,0,1,4,60" ten="211,349,311,129" oya="3" hai0="113,0,134,77,135,14,11,29,117,103,13,114,71" hai1="18,122,55,104,48,40,10,68,64,57,69,85,12" hai2="47,5,17,101,87,8,130,42,56,65,81,23,98" hai3="62,54,111,15,72,58,110,2,120,132,91,53,61"/><W74/><G2/><T109/><D71/><U128/><E104/><V7/><F130/><W28/><G120/><T82/><D117/><U76/><E122/><V131/><F131/><W24/><G132/><N who="0" m="50731" /><D109/><N who="3" m="41481" /><G15/><N who="0" m="5643" /><D29/><U6/><E128/><V86/><F8/><W38/><G38/><T78/><D103/><U75/><E75/><N who="3" m="28714" /><G91/><T121/><D121/><U43/><E18/><V1/><F17/><W89/><G89/><T105/><D105/><U46/><E40/><V90/><F42/><W127/><G127/><T80/><D11/><U93/><E93/><V50/><F90/><W27/><G28/><T112/><D0/><U129/><E129/><V95/><F1/><W116/><G116/><T9/><D9/><U45/><E45/><V83/><F47/><W115/><G115/><T26/><D26/><N who="3" m="9769" /><G62/><T33/><D33/><U126/><E126/><V67/><F5/><W107/><G107/><T119/><D119/><U4/><E4/><V84/><F7/><W30/><G30/><T100/><D100/><U49/><E69/><V21/><F21/><W25/><N who="3" m="9777" /><W66/><AGARI ba="2,0" hai="53,54,58,61,66" m="9777,28714,41481" machi="66" ten="40,12000,1" yaku="4,1,14,1,10,1,52,1" doraHai="60" who="3" fromWho="3" sc="211,-42,349,-42,311,-42,129,126" />
</Scene>
<Scene>
<INIT seed="3,3,0,5,4,112" ten="169,307,269,255" oya="3" hai0="1,121,10,59,65,17,23,37,38,76,81,78,41" hai1="110,2,82,106,131,135,67,128,93,96,19,99,92" hai2="31,95,98,11,85,94,61,40,7,107,75,4,55" hai3="73,42,69,124,109,126,119,26,77,16,22,25,102"/><W8/><G69/><T63/><D121/><U6/><E67/><V66/><F75/><W20/><G102/><T50/><D50/><U27/><E6/><V62/><F107/><W0/><G42/><T60/><D41/><U117/><E2/><V115/><F115/><W88/><G77/><T101/><D101/><U132/><E106/><V80/><F31/><N who="3" m="17831" /><G73/><T44/><D44/><U116/><E27/><V43/><F66/><W90/><G119/><N who="1" m="45642" /><E82/><V53/><F80/><W57/><G57/><T33/><D59/><U129/><E19/><V46/><F46/><W24/><G24/><T36/><D17/><U13/><E13/><V52/><F55/><W74/><G74/><T84/><D65/><U56/><E56/><V113/><F113/><W30/><G30/><T122/><D81/><U134/><E110/><V89/><F89/><W104/><G104/><T103/><D76/><U64/><E64/><V45/><F45/><W100/><G100/><T18/><D78/><U51/><E51/><V28/><F28/><W123/><G109/><T105/><D38/><U125/><E125/><N who="3" m="48234" /><G123/><T130/><D37/><U32/><E32/><V3/><F3/><W5/><AGARI ba="3,0" hai="0,5,8,16,22,26,88,90" m="48234,17831" machi="5" ten="30,6000,0" yaku="18,1,54,2" doraHai="112" who="3" fromWho="3" sc="169,-23,307,-23,269,-23,255,69" />
</Scene>
<Scene>
<INIT seed="3,4,0,1,1,54" ten="146,284,246,324" oya="3" hai0="102,90,27,0,91,98,14,99,71,128,123,9,62" hai1="115,41,29,82,101,93,130,124,129,19,88,36,8" hai2="75,18,6,31,103,132,16,59,61,2,83,51,38" hai3="44,10,55,1,106,22,97,13,127,11,131,134,112"/><W35/><G35/><T28/><D128/><N who="1" m="49259" /><E29/><V94/><F38/><W81/><G131/><T111/><D111/><U42/><E36/><V84/><F132/><W109/><G112/><T5/><D123/><U15/><E115/><V108/><F75/><W25/><G134/><T34/><D0/><U56/><E101/><V86/><F108/><W70/><G70/><T104/><REACH who="0" step="1"/><D99/><REACH who="0" ten="136,284,246,324" step="2"/><N who="1" m="57767" /><E124/><V117/><F2/><W60/><G1/><T48/><D48/><U4/><E82/><V12/><F51/><W74/><G81/><T119/><D119/><U100/><E100/><V58/><F117/><W85/><G127/><T66/><AGARI ba="4,1" hai="5,9,14,27,28,34,62,66,71,90,91,98,102,104" machi="66" ten="30,7900,0" yaku="1,1,0,1,25,2,53,0" doraHai="54" doraHaiUra="89" who="0" fromWho="0" sc="136,101,284,-24,246,-24,324,-43" />
</Scene>
<Scene>
<INIT seed="4,0,0,3,3,129" ten="237,260,222,281" oya="0" hai0="118,3,78,76,60,31,91,22,54,16,125,51,41" hai1="46,20,113,101,79,47,32,25,90,117,62,124,134" hai2="49,120,97,82,72,37,26,112,29,86,123,119,126" hai3="8,133,10,6,53,19,66,11,83,100,21,104,17"/><T121/><D118/><U14/><E117/><V57/><F37/><W28/><G66/><T99/><D121/><U67/><E32/><V33/><F119/><W115/><G104/><T43/><D3/><U24/><E124/><V59/><F126/><W116/><G100/><T130/><D125/><U135/><E79/><N who="0" m="30249" /><D31/><U7/><E90/><V109/><F72/><W23/><G116/><T12/><D60/><U106/><E24/><V96/><F109/><W48/><G115/><T114/><D114/><U122/><E122/><V132/><F112/><W0/><G83/><T35/><D35/><U95/><E106/><V85/><F82/><W39/><G39/><T73/><D73/><U5/><E113/><V18/><F33/><W27/><G28/><T70/><D70/><U103/><E46/><V61/><F29/><W127/><G127/><T108/><D108/><U36/><E47/><V92/><F61/><W74/><G74/><T52/><D130/><U105/><E36/><V131/><F131/><W58/><REACH who="3" step="1"/><G133/><REACH who="3" ten="237,260,222,271" step="2"/><N who="1" m="50698" /><E105/><V9/><F132/><W98/><G98/><T55/><D51/><U71/><E103/><V44/><F123/><W81/><G81/><T63/><D63/><U40/><E101/><V87/><F120/><W128/><G128/><T77/><D77/><U110/><E110/><V69/><F49/><W13/><AGARI ba="0,1" hai="0,6,8,10,11,13,17,19,21,23,27,48,53,58" machi="13" ten="20,2700,0" yaku="1,1,0,1,7,1,53,0" doraHai="129" doraHaiUra="56" who="3" fromWho="3" sc="237,-13,260,-7,222,-7,271,37" />
</Scene>
<Scene>
<INIT seed="5,0,0,5,2,134" ten="224,253,215,308" oya="1" hai0="12,9,99,127,92,68,106,4,14,10,32,101,47" hai1="135,41,96,82,86,121,100,98,74,75,11,111,25" hai2="119,21,39,66,126,56,3,95,60,20,80,72,51" hai3="33,71,43,49,57,36,87,114,103,67,61,48,23"/><U54/><E41/><V55/><F119/><W45/><G33/><T17/><D32/><U120/><E25/><V83/><F3/><W88/><G114/><T128/><D128/><U1/><E11/><V129/><F39/><W107/><G23/><T30/><D30/><U8/><E54/><V7/><F129/><W93/><REACH who="3" step="1"/><G71/><REACH who="3" ten="224,253,215,298" step="2"/><T59/><D68/><U115/><E115/><V58/><F20/><W38/><G38/><T112/><D112/><U125/><E135/><V91/><F21/><W123/><G123/><T116/><D116/><U131/><E131/><V104/><F104/><W97/><AGARI ba="0,1" hai="36,43,45,48,49,57,61,67,87,88,93,97,103,107" machi="97" ten="30,4000,0" yaku="1,1,0,1,54,1,53,0" doraHai="134" doraHaiUra="18" who="3" fromWho="3" sc="224,-10,253,-20,215,-10,298,50" />
</Scene>
<Scene>
<INIT seed="6,0,0,3,5,109" ten="214,233,205,348" oya="2" hai0="25,98,17,107,112,121,105,85,20,35,128,88,27" hai1="123,122,58,79,34,113,16,15,26,63,108,12,14" hai2="51,91,2,43,82,53,33,45,127,5,103,49,7" hai3="106,18,77,104,125,28,117,9,44,73,131,83,62"/><V3/><F127/><W48/><G117/><T129/><D121/><N who="1" m="46091" /><E79/><V133/><F33/><W111/><G111/><T69/><D69/><U115/><E108/><V1/><F133/><W110/><G110/><T84/><D112/><N who="1" m="43083" /><E34/><V71/><F71/><W114/><G28/><N who="0" m="19871" /><D98/><U41/><E41/><V116/><F116/><W126/><G131/><N who="0" m="50251" /><D85/><U10/><E26/><V11/><F103/><W60/><G114/><T86/><D86/><U29/><E29/><V67/><F91/><W30/><G30/><T19/><D19/><U24/><E24/><V80/><F7/><W66/><G18/><T36/><D36/><U31/><E31/><V97/><F97/><W75/><G75/><T74/><D74/><U130/><E130/><V102/><F102/><W40/><G125/><T23/><D23/><U72/><E72/><V13/><REACH who="2" step="1"/><F67/><AGARI ba="0,0" hai="10,12,14,15,16,58,63,67" m="43083,46091" machi="67" ten="30,12000,2" yaku="13,1,15,1,52,3,54,1" doraHai="109" who="1" fromWho="2" sc="214,0,233,120,205,-120,348,0" />
</Scene>
<Scene>
<INIT seed="7,0,0,3,1,87" ten="214,353,85,348" oya="3" hai0="122,50,74,17,124,53,21,133,108,67,59,119,2" hai1="0,36,1,12,33,5,132,120,84,11,40,96,69" hai2="64,97,121,115,134,135,75,45,103,95,6,110,118" hai3="60,63,52,14,83,130,113,76,10,58,101,15,70"/><W102/><G113/><T49/><D74/><U9/><E69/><V107/><F45/><W48/><G130/><T80/><D119/><U8/><E120/><V34/><F64/><W114/><G114/><T4/><D17/><U7/><E33/><V116/><F6/><W123/><G123/><T46/><D21/><U91/><E96/><V56/><F34/><W109/><G109/><T26/><D50/><U82/><E132/><V61/><F56/><W85/><G70/><T94/><D26/><U41/><E36/><V106/><F61/><N who="3" m="23627" /><G14/><T81/><D4/><AGARI ba="0,0" hai="0,1,4,5,7,8,9,11,12,40,41,82,84,91" machi="4" ten="30,3900,0" yaku="7,1,9,1,52,1" doraHai="87" who="1" fromWho="0" sc="214,-39,353,39,85,0,348,0" /><AGARI ba="0,0" hai="4,10,15,48,52,58,76,83,85,101,102" m="23627" machi="4" ten="30,2900,0" yaku="8,1,54,1" doraHai="87" who="3" fromWho="0" sc="175,-29,392,0,85,0,348,29" />
</Scene>
<Scene>
<INIT seed="7,1,0,3,3,87" ten="146,392,85,377" oya="3" hai0="2,94,43,66,27,101,79,122,85,45,60,31,80" hai1="18,0,92,123,25,39,6,71,34,28,93,55,46" hai2="117,64,58,52,15,91,42,99,130,114,48,106,125" hai3="50,129,90,69,119,10,35,78,41,128,1,124,103"/><W49/><G119/><T83/><D2/><U88/><E71/><V98/><F117/><W33/><G69/><T23/><D122/><U14/><E123/><V74/><F114/><W37/><G124/><T72/><D101/><U17/><E17/><V20/><F125/><W54/><G78/><T22/><D94/><U73/><E73/><V9/><F130/><N who="3" m="50283" /><G103/><T86/><D22/><N who="1" m="11607" /><E55/><V100/><F74/><W59/><G37/><T19/><D19/><U51/><E39/><V5/><F42/><W84/><G49/><T68/><D83/><U82/><E82/><V132/><F132/><W4/><G41/><T53/><D53/><N who="1" m="29943" /><E88/><V26/><F64/><W57/><G57/><T95/><D95/><AGARI ba="1,0" hai="1,4,10,33,35,50,54,59,84,90,95" m="50283" machi="95" ten="30,2900,0" yaku="19,1,52,1" doraHai="87" who="3" fromWho="0" sc="146,-32,392,0,85,0,377,32" owari="114,-29.0,392,19.0,85,-41.0,409,51.0" />
</Scene>
</mjloggm>