<mjloggm ver="2.3"><GO type="169" lobby="0"/><UN n0="%E7%81%BC%E3%81%A1%E3%82%83%E3%82%93%E3%81%8D%E3%82%83%E3%82%8F%E3%82%8F" n1="%E5%A4%AA%E3%81%8F%E3%81%AA%E3%81%84%E3%81%8A" n2="%E4%B8%AD%E6%9D%91%E8%B1%AA" n3="%E6%A2%85%E5%B1%8B%E2%98%86%E7%90%86%E8%AB%96" dan="16,17,16,16" rate="2091.04,2153.75,2142.19,2024.45" sx="M,M,M,M"/><TAIKYOKU oya="0"/>

<Scene>
<INIT seed="0,0,0,3,3,55" ten="250,250,250,250" oya="0" hai0="96,90,35,56,116,30,99,26,126,115,100,27,62" hai1="135,85,121,68,12,134,65,130,15,5,131,75,13" hai2="31,92,63,0,79,114,14,41,59,53,16,127,95" hai3="2,9,103,120,93,61,97,128,94,37,40,23,34"/><T43/><D115/><U8/><E75/><V118/><F0/><W29/><G34/><T33/><D116/><U57/><E68/><V47/><F114/><W1/><G128/><N who="1" m="49194" /><E85/><V113/><F113/><W25/><G120/><T76/><D76/><U46/><E46/><V24/><F79/><W71/><G93/><T81/><D43/><U66/><E121/><V119/><F127/><W102/><G102/><T11/><D126/><U10/><E57/><V7/><F7/><W67/><G9/><N who="1" m="3690" /><E5/><V69/><F69/><W98/><G98/><T104/><D11/><U74/><E74/><V123/><F123/><W6/><G6/><T106/><D81/><U88/><E88/><V89/><F89/><W38/><G40/><T70/><D70/><U48/><E48/><N who="2" m="26735" /><F119/><W125/><G125/><T107/><D90/><U110/><E110/><V105/><F105/><W42/><G42/><T52/><REACH who="0" step="1"/><D96/><REACH who="0" ten="240,250,250,250" step="2"/><U109/><E109/><V22/><F118/><W77/><G77/><T58/><D58/><U21/><E21/><AGARI ba="0,1" hai="14,16,21,22,24,31,53,59,63,92,95" m="26735" machi="21" ten="30,3900,0" yaku="8,1,52,1,54,1" doraHai="55" who="2" fromWho="1" sc="240,0,250,-39,250,49,250,0" />
</Scene>
<Scene>
<INIT seed="1,0,0,3,2,81" ten="240,211,299,250" oya="1" hai0="87,122,12,70,6,44,55,0,103,24,9,32,51" hai1="27,42,106,98,100,75,95,116,53,60,111,8,110" hai2="46,35,36,115,86,73,43,63,48,94,18,15,29" hai3="128,71,3,17,2,101,41,118,76,69,28,50,109"/><U13/><E116/><V133/><F73/><W83/><G101/><T47/><D70/><U20/><E75/><V33/><F133/><W67/><G28/><T57/><D122/><U102/><E42/><V77/><F29/><W119/><G109/><N who="1" m="41482" /><E60/><V78/><F115/><W52/><G41/><T105/><D105/><U107/><E53/><V127/><F127/><W96/><G96/><T132/><D132/><U30/><E100/><V23/><F63/><N who="3" m="40191" /><G71/><T21/><D32/><U40/><E40/><V99/><F36/><W85/><G17/><AGARI ba="0,0" hai="8,13,17,20,27,30,95,98,102,106,107" m="41482" machi="17" ten="30,2900,0" yaku="14,1,10,1" doraHai="81" who="1" fromWho="3" sc="240,0,211,29,299,0,250,-29" />
</Scene>
<Scene>
<INIT seed="1,1,0,0,4,28" ten="240,240,299,221" oya="1" hai0="53,60,9,95,99,0,82,24,85,19,96,127,29" hai1="110,56,69,119,1,12,109,47,73,20,18,26,86" hai2="36,6,68,64,103,79,67,89,123,132,8,111,7" hai3="112,14,16,77,105,43,49,25,121,108,66,65,22"/><U37/><E69/><V75/><F123/><W113/><G121/><T45/><D127/><U78/><E1/><V63/><F67/><W124/><G108/><N who="1" m="41578" /><E119/><V39/><F132/><W35/><G124/><T80/><D0/><U130/><E73/><V70/><F70/><W61/><G105/><T15/><D80/><N who="1" m="47383" /><E130/><V57/><F68/><W135/><G135/><T41/><D41/><N who="1" m="22959" /><E56/><V125/><F75/><W118/><G118/><T84/><D84/><U114/><E114/><V134/><F57/><W44/><G77/><T38/><D38/><U98/><E98/><V72/><F79/><W34/><G66/><T92/><D99/><U100/><E100/><V30/><F103/><W81/><G81/><T90/><D96/><U46/><E46/><V58/><F72/><W54/><G43/><T4/><D4/><U76/><E76/><V106/><F6/><W115/><REACH who="3" step="1"/><G14/><AGARI ba="1,0" hai="12,14,18,20,26" m="22959,47383,41578" machi="14" ten="30,2900,0" yaku="14,1,10,1" doraHai="28" who="1" fromWho="3" sc="240,0,240,32,299,0,221,-32" />
</Scene>
<Scene>
<INIT seed="1,2,0,2,1,36" ten="240,272,299,189" oya="1" hai0="78,103,128,132,0,85,105,39,50,7,53,99,67" hai1="122,1,117,82,60,88,5,90,135,40,119,97,108" hai2="95,31,110,68,96,71,81,54,109,94,2,11,92" hai3="106,125,75,124,35,4,73,101,52,3,26,23,10"/><U59/><E122/><V83/><F31/><W17/><G101/><T121/><D121/><U113/><E113/><V13/><F2/><W114/><G106/><T133/><D39/><U37/><E135/><N who="0" m="51785" /><D53/><U64/><E108/><N who="2" m="41579" /><F54/><W46/><G114/><T120/><D67/><U116/><E97/><V28/><F28/><W49/><REACH who="3" step="1"/><G35/><REACH who="3" ten="240,272,299,179" step="2"/><T33/><D33/><U56/><E117/><V48/><F96/><W20/><G20/><T134/><D134/><U42/><E119/><V126/><F126/><AGARI ba="2,1" hai="3,4,10,17,23,26,46,49,52,73,75,124,125,126" machi="126" ten="40,5200,0" yaku="1,1,18,1,54,1,53,0" doraHai="36" doraHaiUra="112" who="3" fromWho="2" sc="240,0,272,0,299,-58,179,68" />
</Scene>
<Scene>
<INIT seed="2,0,0,1,5,13" ten="240,272,241,247" oya="2" hai0="68,103,128,78,121,35,129,135,30,63,73,79,70" hai1="124,67,55,44,20,60,31,75,50,18,131,77,117" hai2="56,21,113,98,107,6,26,40,15,5,1,118,66" hai3="54,109,29,116,76,41,19,74,45,105,65,7,10"/><V38/><F113/><W4/><G116/><T62/><D121/><U64/><E117/><V57/><F1/><W43/><G65/><T80/><D103/><U102/><E124/><V133/><F118/><W94/><G105/><T114/><D114/><U91/><E131/><N who="0" m="50249" /><D79/><U108/><E108/><V0/><F0/><W96/><G29/><T12/><D12/><U83/><E102/><V28/><F133/><W86/><G74/><T120/><D120/><U87/><E31/><V58/><F66/><W49/><G109/><T125/><D125/><U24/><REACH who="1" step="1"/><E60/><REACH who="1" ten="240,262,241,247" step="2"/><N who="0" m="23081" /><D135/><U101/><E101/><V119/><F119/><W134/><G134/><T71/><D30/><U17/><E17/><V92/><F107/><W69/><G19/><T46/><D35/><U25/><E25/><V8/><F5/><W51/><G7/><T84/><D46/><U115/><E115/><V37/><REACH who="2" step="1"/><F40/><REACH who="2" ten="240,262,231,247" step="2"/><W22/><G41/><T104/><D104/><U39/><E39/><V106/><F106/><W32/><G43/><T130/><D130/><U47/><E47/><V11/><F11/><W61/><G45/><T111/><D111/><U97/><E97/><V34/><F34/><W95/><G32/><T72/><AGARI ba="0,2" hai="68,70,71,72,73,78,80,84" m="23081,50249" machi="72" ten="40,1500,0" yaku="19,1" doraHai="13" who="0" fromWho="0" sc="240,35,262,-4,231,-7,247,-4" />
</Scene>
<Scene>
<INIT seed="3,0,0,2,3,8" ten="275,258,224,243" oya="3" hai0="10,6,37,129,43,96,25,70,13,71,39,64,77" hai1="54,101,42,73,121,133,109,122,89,41,128,15,26" hai2="30,53,126,69,50,31,90,114,99,95,5,2,87" hai3="134,23,57,17,115,11,3,18,36,22,52,93,48"/><W49/><G115/><T78/><D129/><U117/><E73/><V92/><F69/><W80/><G36/><T65/><D96/><U84/><E128/><V119/><F119/><W61/><G3/><T4/><D25/><U111/><E117/><V1/><F114/><W56/><G134/><T97/><D97/><U100/><E133/><V132/><F126/><W21/><G80/><T85/><D85/><U7/><E26/><V107/><F107/><W28/><G28/><T59/><D59/><U120/><E54/><V118/><F118/><W130/><G130/><T112/><D112/><U27/><E27/><V76/><F132/><W60/><G93/><T19/><D19/><U124/><E124/><V88/><F76/><W63/><G11/><T40/><D10/><N who="1" m="4575" /><E100/><V83/><F83/><W104/><G104/><T94/><D94/><N who="1" m="54567" /><E101/><V45/><REACH who="2" step="1"/><F5/><REACH who="2" ten="275,258,214,243" step="2"/><W135/><G135/><T47/><D4/><U72/><E72/><V67/><F67/><W34/><G34/><T108/><D6/><U51/><E122/><V113/><F113/><W20/><N who="3" m="5120" /><DORA hai="127" /><W123/><REACH who="3" step="1"/><G123/><REACH who="3" ten="275,258,214,233" step="2"/><T29/><D39/><U74/><E121/><V106/><F106/><W105/><G105/><T62/><D37/><U55/><E120/><V68/><F68/><W33/><G33/><T44/><D71/><U86/><E74/><V16/><F16/><W38/><G38/><T24/><D70/><U116/><E116/><V98/><F98/><W102/><G102/><T35/><D35/><U91/><E86/><V66/><F66/><W32/><G32/><T14/><D65/><U12/><E91/><RYUUKYOKU ba="0,2" sc="275,-15,258,-15,214,15,233,15" hai2="1,2,30,31,45,50,53,87,88,90,92,95,99" hai3="17,18,48,49,52,56,57,60,61,63" />
</Scene>
<Scene>
<INIT seed="3,1,2,1,0,95" ten="260,243,229,248" oya="3" hai0="89,27,3,73,124,96,126,20,92,128,24,68,119" hai1="49,5,97,125,57,88,36,113,85,70,90,83,55" hai2="71,66,42,56,21,84,61,26,41,1,79,44,118" hai3="101,93,114,31,80,64,13,28,62,50,19,82,9"/><W131/><G114/><T8/><D119/><U108/><E113/><V78/><F1/><W87/><G131/><T75/><D128/><U111/><E125/><N who="0" m="48233" /><D68/><U7/><E36/><V133/><F133/><W74/><G74/><N who="0" m="28171" /><D20/><U103/><E90/><V123/><F123/><W129/><G129/><T122/><D122/><U22/><E70/><V100/><F118/><W134/><G134/><T106/><D106/><N who="1" m="63855" /><E22/><V117/><F117/><W11/><G50/><T35/><D35/><U30/><E30/><N who="3" m="11306" /><G9/><T67/><D67/><U120/><E120/><V25/><F71/><W77/><G77/><T127/><D127/><U34/><E34/><V38/><F79/><W45/><G45/><T109/><D109/><AGARI ba="1,2" hai="5,7,49,55,57,83,85,88,108,109,111" m="63855" machi="109" ten="30,3900,0" yaku="14,1,52,1,54,1" doraHai="95" who="1" fromWho="0" sc="260,-42,243,62,229,0,248,0" />
</Scene>
<Scene>
<INIT seed="4,0,0,3,1,121" ten="218,305,229,248" oya="0" hai0="9,24,96,22,29,39,99,80,4,98,119,133,26" hai1="118,61,64,124,76,35,42,85,65,6,122,91,110" hai2="45,16,53,84,102,105,58,56,52,88,89,3,33" hai3="79,97,62,36,104,93,1,15,21,106,126,43,32"/><T59/><D119/><U127/><E122/><V5/><F33/><W78/><G32/><T134/><D39/><U92/><E118/><V111/><F111/><W48/><G1/><T47/><D47/><U107/><E107/><V94/><F102/><W25/><G36/><T77/><D26/><U131/><E35/><V28/><F28/><W38/><G38/><T19/><D19/><U90/><E42/><V116/><F105/><W115/><G115/><T103/><D103/><U81/><E131/><V71/><F71/><W13/><G126/><N who="1" m="48170" /><E6/><V86/><F116/><W117/><G117/><T125/><D59/><N who="2" m="22570" /><F5/><W114/><G114/><T75/><REACH who="0" step="1"/><D125/><REACH who="0" ten="208,305,229,248" step="2"/><U100/><E100/><V12/><F45/><W63/><G25/><T129/><D129/><U73/><E65/><V112/><F112/><W34/><G104/><T0/><AGARI ba="0,1" hai="0,4,9,22,24,29,75,77,80,96,98,99,133,134" machi="0" ten="30,3000,0" yaku="1,1,0,1,53,0" doraHai="121" doraHaiUra="46" who="0" fromWho="0" sc="208,40,305,-10,229,-10,248,-10" />
</Scene>
<Scene>
<INIT seed="4,1,0,0,3,131" ten="248,295,219,238" oya="0" hai0="55,12,106,20,117,45,78,21,121,30,63,95,130" hai1="116,9,84,99,119,89,74,107,65,69,31,118,36" hai2="123,79,132,50,66,70,49,102,1,24,0,35,126" hai3="17,71,105,85,47,51,37,6,16,96,61,122,11"/><T39/><D117/><U54/><E74/><V10/><F123/><W18/><G37/><T125/><D125/><U109/><E109/><V129/><F129/><W77/><G122/><T27/><D130/><U135/><E36/><V115/><F126/><W19/><G105/><T111/><D106/><U86/><E31/><V58/><F115/><W93/><G71/><T91/><D121/><U53/><E9/><V32/><F79/><W108/><G61/><T124/><D124/><U98/><E107/><V60/><F102/><W80/><G108/><T59/><D111/><U81/><E65/><V40/><F50/><W134/><G134/><T97/><D78/><U87/><E69/><V112/><F112/><W5/><N who="3" m="4096" /><DORA hai="72" /><W75/><G11/><T56/><D12/><U73/><E135/><V104/><F104/><W7/><G75/><T52/><D39/><U120/><E120/><V28/><F35/><W43/><REACH who="3" step="1"/><G7/><REACH who="3" ten="248,295,219,228" step="2"/><T15/><D45/><U3/><E73/><V64/><F132/><W57/><G57/><T42/><D42/><U4/><E118/><V90/><F10/><W26/><G26/><T114/><D114/><U22/><E119/><V82/><F70/><W94/><G94/><T48/><REACH who="0" step="1"/><D15/><REACH who="0" ten="238,295,219,228" step="2"/><U103/><E116/><V29/><F40/><W83/><G83/><T88/><D88/><AGARI ba="1,2" hai="5,6,43,47,51,77,80,85,88,93,96" m="4096" machi="88" ten="50,8000,1" yaku="1,1,8,1,52,1,54,2,53,0" doraHai="131,72" doraHaiUra="127,110" who="3" fromWho="0" sc="238,-83,295,0,219,0,228,103" />
</Scene>
<Scene>
<INIT seed="5,0,0,0,1,63" ten="155,295,219,331" oya="1" hai0="99,94,53,60,116,66,68,49,24,69,9,23,128" hai1="129,45,22,32,2,65,109,93,84,91,115,51,36" hai2="31,59,101,48,75,89,64,92,133,73,38,52,54" hai3="106,82,17,72,47,98,43,56,103,8,40,12,1"/><U39/><E32/><V30/><F38/><W110/><G110/><T78/><D128/><U114/><E2/><V112/><F101/><W76/><G56/><T113/><D113/><N who="1" m="43019" /><E129/><V124/><F124/><W117/><G117/><T127/><D127/><U61/><E22/><V85/><F133/><W13/><G1/><T126/><D126/><U27/><E27/><V20/><F112/><W88/><G47/><T87/><D116/><U37/><E109/><V16/><F75/><W42/><G42/><T107/><D107/><U131/><E131/><V135/><F73/><W18/><REACH who="3" step="1"/><G88/><REACH who="3" ten="155,295,219,321" step="2"/><T26/><D69/><N who="1" m="42159" /><E37/><V121/><F135/><W81/><G81/><T19/><D9/><AGARI ba="0,1" hai="8,9,12,13,17,18,40,43,72,76,82,98,103,106" machi="9" ten="30,3900,0" yaku="1,1,7,1,9,1,53,0" doraHai="63" doraHaiUra="34" who="3" fromWho="0" sc="155,-39,295,0,219,0,321,49" />
</Scene>
<Scene>
<INIT seed="6,0,0,5,1,57" ten="116,295,219,370" oya="2" hai0="99,5,135,42,126,122,115,10,131,52,50,114,33" hai1="72,134,89,28,45,22,69,103,87,9,76,110,88" hai2="108,98,35,48,120,4,65,40,80,14,25,128,96" hai3="100,67,56,75,11,64,23,29,125,83,44,95,109"/><V77/><F120/><W105/><G105/><T1/><D122/><U129/><E110/><V46/><F128/><W124/><G44/><T92/><D131/><U20/><E129/><V31/><F65/><W53/><G11/><T117/><D117/><U43/><E69/><V55/><F55/><W3/><G3/><T107/><D107/><U123/><E123/><V19/><F108/><W78/><G109/><T102/><D135/><U38/><E134/><V86/><REACH who="2" step="1"/><F4/><REACH who="2" ten="116,295,209,370" step="2"/><W79/><G67/><T2/><D42/><U90/><E43/><V101/><F101/><W61/><G64/><T30/><D126/><U63/><E103/><V91/><F91/><W6/><G100/><T26/><REACH who="0" step="1"/><D2/><REACH who="0" ten="106,295,209,370" step="2"/><U54/><E54/><V85/><F85/><W21/><G53/><T133/><D133/><U18/><E87/><V74/><F74/><W104/><G75/><T97/><D97/><U41/><E72/><V32/><F32/><W27/><G124/><T73/><D73/><U121/><E121/><V112/><F112/><W49/><G125/><T0/><D0/><U127/><E127/><V8/><AGARI ba="0,2" hai="8,14,19,25,31,35,40,46,48,77,80,86,96,98" machi="8" ten="20,3900,0" yaku="1,1,0,1,7,1,53,0" doraHai="57" doraHaiUra="34" who="2" fromWho="2" sc="106,-13,295,-13,209,59,370,-13" />
</Scene>
<Scene>
<INIT seed="6,1,0,1,2,37" ten="93,282,268,357" oya="2" hai0="122,52,6,79,21,48,120,35,24,30,121,39,129" hai1="112,34,31,53,133,111,101,100,80,109,5,65,78" hai2="59,26,91,103,99,55,32,36,90,73,131,47,29" hai3="98,22,71,74,88,15,7,106,45,126,87,119,115"/><V23/><F73/><W46/><G74/><T10/><D39/><U25/><E112/><V20/><F131/><W12/><G119/><T11/><D129/><U85/><E133/><V108/><F108/><W107/><G71/><T96/><D79/><U63/><E53/><V28/><F90/><W62/><G62/><T51/><D51/><U75/><E85/><V83/><F29/><W104/><G98/><T70/><D70/><U92/><E5/><V114/><F114/><W19/><G126/><T81/><D81/><U110/><REACH who="1" step="1"/><E92/><REACH who="1" ten="93,272,268,357" step="2"/><V27/><F55/><W130/><G115/><T95/><D6/><U58/><AGARI ba="1,1" hai="25,31,34,58,63,65,75,78,80,100,101,109,110,111" machi="58" ten="30,8000,1" yaku="1,1,2,1,0,1,53,2" doraHai="37" doraHaiUra="97" who="1" fromWho="1" sc="93,-21,272,93,268,-41,357,-21" />
</Scene>
<Scene>
<INIT seed="7,0,0,2,2,7" ten="72,365,227,336" oya="3" hai0="133,135,23,31,113,104,67,48,130,57,53,62,9" hai1="114,52,121,68,80,37,2,84,95,39,79,106,107" hai2="72,125,88,93,1,71,10,21,61,91,26,12,40" hai3="118,54,73,59,103,45,134,97,101,90,102,4,29"/><W65/><G118/><T117/><D31/><U46/><E121/><V18/><F72/><W132/><G73/><T108/><D23/><U75/><E68/><V38/><F125/><W64/><G29/><T47/><D9/><U14/><E2/><V85/><F1/><W16/><G4/><T120/><D104/><U105/><E114/><V127/><F127/><W98/><G45/><T76/><D76/><U66/><E66/><V110/><F110/><W63/><G16/><T122/><D108/><U36/><E14/><V55/><F71/><W87/><G134/><T41/><D117/><U74/><E95/><V35/><F35/><W25/><G25/><T86/><D86/><U89/><E79/><V49/><F40/><W100/><G100/><T83/><D83/><U3/><E3/><V69/><F38/><W30/><G30/><T33/><D33/><U32/><E32/><V19/><F69/><W15/><G15/><T6/><D6/><U126/><E126/><V27/><F91/><W111/><G132/><T96/><D96/><N who="3" m="36969" /><G111/><T34/><D34/><U17/><REACH who="1" step="1"/><E17/><REACH who="1" ten="72,355,227,336" step="2"/><V109/><F109/><W78/><G78/><T92/><D92/><AGARI ba="0,1" hai="54,59,63,64,65,87,90,92,101,102,103" m="36969" machi="92" ten="30,1500,0" yaku="8,1" doraHai="7" who="3" fromWho="0" sc="72,-15,355,0,227,0,336,25" owari="57,-44.0,355,16.0,227,-17.0,361,45.0" />
</Scene>
</mjloggm>