<mjloggm ver="2.3"><GO type="169" lobby="0"/><UN n0="%74%61%72%6F%6F" n1="%EF%BC%A0%E6%A3%AE" n2="%E5%A4%AA%E3%81%8F%E3%81%AA%E3%81%84%E3%81%8A" n3="%E4%BF%BA%E3%82%82%E3%81%86%E3%83%80%E3%83%A1%E3%81%A0%E3%82%8F" dan="18,16,17,17" rate="2212.01,2084.54,2166.60,2168.26" sx="M,F,M,F"/><TAIKYOKU oya="0"/>

<Scene>
<INIT seed="0,0,0,3,3,77" ten="250,250,250,250" oya="0" hai0="84,109,44,4,51,17,112,127,36,91,131,100,116" hai1="20,54,61,118,106,102,40,50,28,74,67,134,23" hai2="73,12,16,132,68,69,33,30,8,24,31,90,18" hai3="59,56,121,111,10,64,37,103,3,21,117,7,101"/><T130/><D116/><U107/><E118/><V9/><F132/><W0/><G117/><T58/><D112/><U93/><E134/><V22/><F73/><W126/><G37/><T41/><D100/><U15/><E74/><V128/><F128/><N who="0" m="49194" /><D4/><U95/><E40/><V52/><F90/><W94/><G64/><T1/><D1/><U55/><E28/><V98/><F98/><W13/><G121/><T48/><D127/><U124/><E124/><V11/><F68/><W85/><G126/><T114/><D114/><U5/><E5/><V57/><F69/><W123/><G123/><T87/><D87/><U105/><E15/><N who="2" m="7295" /><F52/><N who="1" m="20009" /><E50/><N who="0" m="18985" /><D58/><U82/><E61/><V79/><F57/><W2/><G2/><T70/><D17/><U72/><E67/><V65/><F65/><W29/><G59/><T135/><D70/><U96/><E72/><V108/><F79/><W125/><G56/><T47/><D47/><U122/><E122/><V6/><F108/><W89/><G111/><T104/><D135/><U34/><E34/><N who="2" m="20807" /><F6/><W53/><G7/><T66/><D66/><U42/><E42/><V26/><AGARI ba="0,0" hai="8,9,12,18,22,26,31,33" m="20807,7295" machi="26" ten="30,12000,2" yaku="35,5,54,1" doraHai="77" who="2" fromWho="2" sc="250,-60,250,-30,250,120,250,-30" />
</Scene>
<Scene>
<INIT seed="1,0,0,3,1,41" ten="190,220,370,220" oya="1" hai0="22,67,91,59,130,17,5,117,53,121,86,25,92" hai1="133,74,19,14,89,31,134,32,124,103,30,29,69" hai2="48,123,26,113,3,76,110,39,6,4,66,99,107" hai3="101,9,34,96,33,20,11,18,115,71,84,80,108"/><U38/><E38/><V44/><F123/><W54/><G115/><T126/><D117/><U109/><E74/><V87/><F39/><W129/><G71/><T90/><D126/><U62/><E124/><V58/><F113/><W37/><G129/><T36/><D130/><U79/><E79/><V132/><F3/><W128/><G128/><T82/><D36/><U116/><E116/><V7/><F110/><W81/><G108/><T120/><D5/><U122/><E109/><V127/><F127/><W60/><G37/><T15/><D67/><N who="1" m="41207" /><E122/><V28/><F132/><N who="1" m="50793" /><E103/><V78/><F107/><W10/><G34/><T21/><D21/><N who="1" m="11511" /><E89/><V56/><F99/><W52/><G33/><AGARI ba="0,0" hai="29,30,31,32,33" m="11511,50793,41207" machi="33" ten="30,1500,0" yaku="20,1" doraHai="41" who="1" fromWho="3" sc="190,0,220,15,370,0,220,-15" />
</Scene>
<Scene>
<INIT seed="1,1,0,5,3,103" ten="190,235,370,205" oya="1" hai0="68,91,27,11,15,56,107,129,80,36,119,6,125" hai1="44,34,90,111,3,98,81,94,59,102,95,46,35" hai2="8,38,69,110,86,105,24,7,29,28,63,37,77" hai3="104,42,16,51,85,50,48,74,61,40,71,122,12"/><U120/><E120/><V13/><F110/><W100/><G74/><T18/><D68/><U93/><E3/><V14/><F14/><W62/><G122/><T106/><D36/><U33/><E111/><V1/><F13/><W82/><G71/><T23/><D119/><U49/><E59/><V115/><F29/><W0/><G0/><T113/><D113/><U92/><REACH who="1" step="1"/><E49/><REACH who="1" ten="190,225,370,205" step="2"/><V67/><F115/><W83/><G50/><T32/><D56/><U109/><E109/><V55/><F37/><W43/><G48/><T5/><D125/><U65/><E65/><V58/><F38/><W25/><G51/><T64/><D64/><U20/><E20/><V21/><F69/><W52/><G42/><T132/><D32/><U89/><E89/><V22/><F22/><W118/><G43/><T60/><D91/><U31/><E31/><V99/><F67/><W78/><G40/><T41/><D41/><U84/><AGARI ba="1,1" hai="33,34,35,44,46,81,84,90,92,93,94,95,98,102" machi="84" ten="40,18000,2" yaku="1,1,0,1,53,4" doraHai="103" doraHaiUra="88" who="1" fromWho="1" sc="190,-61,225,193,370,-61,205,-61" />
</Scene>
<Scene>
<INIT seed="1,2,0,4,4,7" ten="129,418,309,144" oya="1" hai0="27,65,88,112,34,113,0,10,48,72,73,80,42" hai1="37,74,46,110,47,117,133,31,21,100,91,19,132" hai2="45,84,75,66,53,18,25,94,55,52,23,60,118" hai3="54,24,33,122,104,12,5,13,123,119,96,15,71"/><U127/><E117/><V82/><F118/><W58/><G71/><T61/><D34/><U40/><E31/><V107/><F107/><W98/><G119/><T56/><D27/><U83/><E127/><V32/><F75/><W81/><G33/><T26/><D26/><U70/><E70/><V6/><F32/><W102/><G24/><T30/><D30/><U101/><E47/><V115/><F115/><W14/><G96/><T97/><D72/><U51/><E37/><V109/><F109/><W9/><REACH who="3" step="1"/><G81/><REACH who="3" ten="129,418,309,134" step="2"/><T121/><D97/><U126/><E110/><V128/><F82/><W108/><G108/><T68/><D68/><U16/><E126/><V36/><F25/><W114/><G114/><T78/><D112/><U106/><E83/><V63/><F128/><W57/><G57/><T129/><D113/><U124/><E124/><V111/><F111/><W90/><G90/><T43/><D129/><U120/><E91/><V8/><F45/><W76/><G76/><T134/><D73/><U85/><E74/><V87/><F87/><W105/><G105/><T44/><D78/><U77/><E106/><V130/><F130/><W79/><G79/><T22/><D80/><U11/><E120/><V92/><F84/><W17/><G17/><T103/><D121/><U3/><E85/><V93/><F18/><N who="1" m="6697" /><E77/><V39/><F23/><W28/><G28/><T38/><D44/><U20/><E21/><V125/><F125/><W35/><G35/><T1/><D22/><U29/><E20/><V59/><F59/><W50/><AGARI ba="2,1" hai="5,9,12,13,14,15,50,54,58,98,102,104,122,123" machi="50" ten="30,7900,0" yaku="1,1,0,1,52,1,53,1" doraHai="7" doraHaiUra="2" who="3" fromWho="3" sc="129,-22,418,-41,309,-22,134,95" />
</Scene>
<Scene>
<INIT seed="2,0,0,0,3,68" ten="107,377,287,229" oya="2" hai0="57,90,18,23,61,101,38,60,69,15,94,31,81" hai1="76,111,14,115,11,125,114,77,35,72,25,127,89" hai2="34,2,73,16,107,88,126,82,83,44,28,27,113" hai3="130,104,12,1,51,10,50,64,71,26,105,117,102"/><V49/><F113/><N who="1" m="43017" /><E89/><V75/><F2/><W40/><G117/><T109/><D109/><U74/><E35/><V133/><F107/><W58/><G1/><T129/><D129/><U124/><E25/><V37/><F126/><W55/><G130/><T39/><D69/><U8/><E111/><V128/><F128/><W91/><G26/><T84/><D31/><U86/><E86/><V36/><F133/><W54/><G91/><T122/><D122/><U21/><E21/><V53/><F16/><W7/><G40/><T70/><D70/><U45/><E45/><V98/><F82/><W41/><G41/><T52/><REACH who="0" step="1"/><D61/><REACH who="0" ten="97,377,287,229" step="2"/><U93/><E124/><V103/><F73/><W5/><G71/><T63/><D63/><U87/><E74/><V33/><F33/><W112/><G112/><T48/><D48/><U13/><E72/><V6/><F75/><W46/><G64/><T20/><D20/><U59/><E125/><V123/><F123/><W85/><G51/><T47/><D47/><U121/><E121/><V134/><F134/><W120/><G46/><T65/><D65/><U96/><E127/><V24/><F34/><W78/><G50/><T132/><D132/><U108/><E108/><V66/><F66/><W42/><G120/><T79/><D79/><U29/><E77/><V131/><F131/><W43/><G78/><T80/><D80/><U22/><E76/><V19/><F28/><W119/><G119/><T116/><D116/><U67/><E29/><V92/><F44/><W106/><G58/><T56/><D56/><U17/><E59/><V118/><F118/><RYUUKYOKU ba="0,1" sc="97,30,377,-10,287,-10,229,-10" hai0="15,18,23,38,39,52,57,60,81,84,90,94,101" />
</Scene>
<Scene>
<INIT seed="3,1,1,3,0,6" ten="127,367,277,219" oya="3" hai0="56,73,129,29,88,120,71,42,36,4,7,8,128" hai1="65,89,41,133,131,54,82,122,72,123,80,40,114" hai2="92,33,21,61,96,116,66,135,22,17,98,12,103" hai3="23,84,28,37,90,62,126,101,74,43,51,119,53"/><W134/><G119/><T48/><D73/><U18/><E114/><V94/><F135/><W3/><G74/><T127/><D71/><U112/><E112/><V83/><F33/><W38/><G3/><T52/><D120/><U34/><E133/><V30/><F116/><W77/><G134/><T35/><D127/><U104/><E131/><N who="0" m="50249" /><D4/><U1/><E104/><V117/><F117/><W0/><G0/><N who="0" m="103" /><D29/><U46/><E34/><V132/><F132/><W32/><G77/><T27/><D27/><U68/><E1/><V16/><F83/><W19/><G101/><T55/><D35/><U121/><E18/><V110/><F110/><W69/><G28/><T97/><D55/><U108/><E108/><V70/><F30/><W5/><G5/><T58/><D42/><U130/><E130/><V113/><F113/><W2/><G32/><T125/><D36/><U64/><E72/><V105/><REACH who="2" step="1"/><F98/><REACH who="2" ten="127,367,267,219" step="2"/><W44/><G126/><T91/><D125/><U78/><E82/><V75/><F75/><W100/><G2/><T11/><D97/><U47/><E80/><V49/><F49/><W59/><G100/><T57/><D11/><U63/><E78/><V87/><F87/><W93/><REACH who="3" step="1"/><G69/><REACH who="3" ten="127,367,267,209" step="2"/><T25/><D25/><AGARI ba="1,3" hai="12,16,17,21,22,25,61,66,70,92,94,96,103,105" machi="25" ten="30,3900,0" yaku="1,1,7,1,54,1,53,0" doraHai="6" doraHaiUra="39" who="2" fromWho="0" sc="127,-42,367,0,267,72,209,0" /><AGARI ba="1,0" hai="19,23,25,37,38,43,44,51,53,59,62,84,90,93" machi="25" ten="30,11600,0" yaku="1,1,2,1,7,1,53,1" doraHai="6" doraHaiUra="39" who="3" fromWho="0" sc="85,-116,367,0,339,0,209,116" owari="-31,-53.0,367,46.0,339,14.0,325,-7.0" />
</Scene>
</mjloggm>