<mjloggm ver="2.3"><GO type="169" lobby="0"/><UN n0="%E5%A4%AA%E3%81%8F%E3%81%AA%E3%81%84%E3%81%8A" n1="%4F%5A%4B%59" n2="%E3%81%82%E3%81%B2%E3%82%8B%E3%81%95%E3%82%93" n3="%E3%81%BE%E3%81%82%E3%81%BC%E3%81%86%E5%A4%A7%E4%BD%90" dan="18,17,16,16" rate="2187.80,2115.61,2076.17,2099.64" sx="M,M,M,F"/><TAIKYOKU oya="0"/>

<Scene>
<INIT seed="0,0,0,5,2,97" ten="250,250,250,250" oya="0" hai0="56,48,106,17,69,109,126,21,32,88,90,36,54" hai1="122,93,35,34,70,119,7,25,58,3,86,63,61" hai2="89,22,39,127,116,24,55,79,76,108,105,40,26" hai3="72,77,68,100,60,83,121,118,43,115,12,31,47"/><T52/><D32/><U80/><E119/><V33/><F33/><W123/><G115/><T46/><D69/><U29/><E122/><V104/><F39/><W102/><G31/><T37/><D106/><U18/><E35/><V125/><F40/><W9/><G60/><T51/><D126/><U42/><E42/><V99/><F99/><W2/><G68/><T67/><D109/><U134/><E134/><V130/><F22/><W57/><G57/><T44/><D67/><U101/><E18/><V132/><F89/><W91/><G91/><T19/><D56/><U41/><E41/><V87/><F87/><W20/><G20/><AGARI ba="0,0" hai="17,19,20,21,36,37,44,46,48,51,52,54,88,90" machi="20" ten="25,9600,0" yaku="22,2,54,2" doraHai="97" who="0" fromWho="3" sc="250,96,250,0,250,0,250,-96" />
</Scene>
<Scene>
<INIT seed="0,1,0,4,5,20" ten="346,250,250,154" oya="0" hai0="32,61,35,66,5,117,58,125,24,129,12,116,79" hai1="37,98,75,121,97,21,101,29,86,111,106,2,34" hai2="72,30,50,51,16,56,96,45,93,48,104,128,63" hai3="71,10,19,76,60,124,36,59,105,127,77,47,135"/><T99/><D125/><N who="3" m="48201" /><G71/><T14/><D129/><U118/><E121/><V9/><F72/><W65/><G135/><T119/><D79/><U62/><E118/><V15/><F104/><W8/><G105/><T134/><D134/><U82/><E37/><V126/><F128/><W7/><G19/><T42/><D42/><U23/><E2/><V22/><F126/><W110/><G110/><T85/><D85/><U114/><E111/><V68/><F68/><W11/><G7/><T120/><D120/><U54/><E114/><V115/><F115/><W44/><G44/><T33/><D99/><U53/><E75/><V91/><F30/><W80/><G80/><T17/><REACH who="0" step="1"/><D5/><REACH who="0" ten="336,250,250,154" step="2"/><U94/><E98/><V18/><F45/><W55/><G55/><T103/><D103/><U84/><E54/><V122/><F122/><W64/><G65/><T87/><D87/><U81/><E53/><N who="2" m="34191" /><F50/><W108/><G108/><T133/><D133/><U112/><E84/><V73/><F73/><W3/><G3/><T70/><D70/><U43/><E86/><V132/><F132/><W88/><G88/><T67/><D67/><U57/><E97/><V31/><F51/><W90/><G90/><T52/><D52/><U95/><E101/><V107/><F48/><W130/><G130/><T39/><D39/><U0/><E43/><AGARI ba="1,1" hai="8,10,11,36,43,47,59,60,64,76,77" m="48201" machi="43" ten="30,1000,0" yaku="18,1" doraHai="20" who="3" fromWho="1" sc="336,0,250,-13,250,0,154,23" />
</Scene>
<Scene>
<INIT seed="1,0,0,1,3,130" ten="336,237,250,177" oya="1" hai0="46,85,118,13,52,76,111,56,18,1,120,96,93" hai1="41,63,48,75,77,6,21,89,39,30,31,78,33" hai2="91,0,66,121,79,71,58,36,106,45,68,53,87" hai3="65,7,92,123,24,131,61,23,124,119,88,9,105"/><U5/><E39/><V80/><F121/><W117/><G123/><T122/><D1/><U19/><E33/><V72/><F0/><N who="3" m="231" /><G124/><T59/><D118/><N who="3" m="45065" /><G105/><T94/><D111/><U49/><E63/><V16/><F106/><W101/><G101/><T70/><D70/><U8/><E89/><V47/><F66/><W54/><G54/><T107/><D107/><U134/><E134/><V17/><F71/><W67/><G61/><T25/><D25/><N who="1" m="14527" /><E75/><V11/><F68/><W15/><G15/><T57/><D122/><U2/><E2/><V135/><F135/><W112/><G131/><T42/><D120/><U103/><E103/><V127/><F127/><W38/><G38/><T100/><D94/><U32/><E41/><V3/><F36/><W84/><G112/><T44/><D42/><U37/><E37/><V86/><F72/><W99/><G99/><T55/><D55/><U82/><E49/><V51/><F47/><W129/><G129/><T14/><D52/><U73/><E48/><V43/><F43/><W40/><G40/><T126/><D126/><U113/><E113/><V90/><F45/><W29/><AGARI ba="0,0" hai="23,24,29,65,67,84,88,92" m="45065,231" machi="29" ten="30,2000,0" yaku="12,1,54,1" doraHai="130" who="3" fromWho="3" sc="336,-5,237,-10,250,-5,177,20" />
</Scene>
<Scene>
<INIT seed="2,0,0,0,3,16" ten="331,227,245,197" oya="2" hai0="25,78,21,64,45,53,7,97,123,43,106,18,65" hai1="13,50,1,95,110,41,103,26,80,35,102,99,2" hai2="79,46,23,72,27,135,89,59,112,37,88,71,5" hai3="54,90,96,51,134,30,82,57,6,39,38,121,12"/><V116/><F112/><W84/><G134/><T52/><D123/><U114/><E114/><V69/><F116/><W63/><G121/><T100/><D7/><U129/><E110/><V20/><F135/><W81/><G30/><T77/><D64/><U101/><E129/><V61/><F5/><W74/><G96/><T91/><D65/><U55/><E41/><V98/><F37/><W105/><G105/><T118/><D118/><U9/><E80/><V115/><F115/><W119/><G119/><T17/><D91/><U11/><E35/><V104/><F72/><W85/><G74/><T42/><D42/><U28/><E2/><V70/><F79/><W66/><G12/><T107/><D107/><U126/><E1/><V128/><F128/><W124/><G6/><T49/><REACH who="0" step="1"/><D18/><REACH who="0" ten="321,227,245,197" step="2"/><N who="1" m="8495" /><E126/><V94/><F104/><W0/><G124/><T76/><AGARI ba="0,1" hai="17,21,25,43,45,49,52,53,76,77,78,97,100,106" machi="76" ten="30,7900,0" yaku="1,1,0,1,52,1,54,1,53,0" doraHai="16" doraHaiUra="133" who="0" fromWho="0" sc="321,89,227,-20,245,-39,197,-20" />
</Scene>
<Scene>
<INIT seed="3,0,0,3,0,29" ten="410,207,206,177" oya="3" hai0="19,49,106,116,77,15,95,36,8,41,105,71,32" hai1="108,98,45,31,69,59,112,125,50,3,12,39,34" hai2="84,97,21,64,82,92,52,76,16,93,100,103,90" hai3="131,111,96,133,63,123,5,75,130,134,87,10,18"/><W74/><G123/><T129/><D116/><U121/><E3/><V89/><F64/><W62/><G18/><T86/><D71/><U94/><E121/><V47/><F47/><W57/><G96/><T101/><D36/><U51/><E112/><V104/><F52/><N who="3" m="34087" /><G63/><T99/><D105/><U67/><E108/><V35/><F35/><W23/><G23/><T58/><D106/><U2/><E2/><V66/><F66/><W124/><G87/><T61/><D32/><U6/><E125/><V30/><F30/><W85/><G85/><T65/><D86/><U110/><E110/><V132/><F132/><N who="3" m="50795" /><G124/><T115/><D99/><U113/><E113/><V119/><F119/><W79/><G111/><T7/><D19/><U126/><E126/><V27/><REACH who="2" step="1"/><F104/><REACH who="2" ten="410,207,196,177" step="2"/><W117/><G117/><T9/><D65/><U13/><E34/><V46/><F46/><W88/><G79/><T11/><D77/><U102/><E31/><V83/><F83/><W128/><G88/><T55/><D115/><U14/><E6/><V43/><F43/><W37/><G37/><T4/><D4/><U25/><E98/><AGARI ba="0,1" hai="16,21,27,76,82,84,89,90,92,93,97,98,100,103" machi="98" ten="30,8000,1" yaku="1,1,7,1,9,1,8,1,54,1,53,0" doraHai="29" doraHaiUra="122" who="2" fromWho="1" sc="410,0,207,-80,196,90,177,0" />
</Scene>
<Scene>
<INIT seed="4,0,0,4,1,99" ten="410,127,286,177" oya="0" hai0="47,50,105,113,33,2,55,110,104,25,7,71,49" hai1="132,63,92,108,57,124,3,10,129,29,125,117,14" hai2="80,60,79,30,114,70,75,13,64,111,41,134,22" hai3="52,66,76,72,9,131,135,58,26,96,15,59,6"/><T128/><D71/><U34/><E117/><V17/><F111/><W53/><G135/><T65/><D65/><U67/><E108/><V31/><F114/><W62/><G131/><T21/><D33/><U16/><E132/><V68/><F134/><W103/><G76/><T94/><D110/><U126/><E129/><V56/><F41/><W23/><G59/><T46/><D113/><U91/><E3/><V35/><F35/><W84/><G84/><T85/><D85/><BYE who="0" /><U86/><E34/><V82/><F70/><UN n0="%E5%A4%AA%E3%81%8F%E3%81%AA%E3%81%84%E3%81%8A" /><W109/><G72/><T121/><D121/><U32/><E32/><V40/><F40/><W24/><G24/><T28/><D128/><U8/><REACH who="1" step="1"/><E29/><REACH who="1" ten="410,117,286,177" step="2"/><V20/><F31/><N who="3" m="17887" /><G109/><T89/><D2/><U90/><E90/><V73/><F30/><W11/><G11/><AGARI ba="0,1" hai="8,10,11,14,16,57,63,67,86,91,92,124,125,126" machi="11" ten="40,5200,0" yaku="1,1,18,1,54,1,53,0" doraHai="99" doraHaiUra="51" who="1" fromWho="3" sc="410,0,117,62,286,0,177,-52" />
</Scene>
<Scene>
<INIT seed="5,0,0,1,0,122" ten="410,179,286,125" oya="1" hai0="120,87,90,6,103,53,126,86,99,0,45,46,9" hai1="128,14,115,83,51,80,63,93,62,85,127,82,33" hai2="77,41,88,22,75,56,106,111,44,125,108,28,100" hai3="131,71,42,39,12,96,40,21,67,2,135,66,57"/><U89/><E33/><V18/><F125/><W116/><G2/><T61/><D126/><U114/><E127/><V70/><F70/><W58/><G116/><T15/><D120/><U36/><E36/><V37/><F28/><W13/><G96/><T52/><D0/><U59/><E128/><V19/><F100/><W27/><G39/><T24/><D24/><U23/><E51/><V65/><F106/><W110/><G71/><T32/><D32/><U119/><E119/><V101/><F101/><W74/><G27/><T109/><D109/><U25/><E14/><V48/><F19/><W38/><G38/><T107/><D87/><U118/><E118/><V34/><F34/><W121/><G21/><T105/><D105/><U94/><E94/><V95/><F77/><W10/><G121/><T97/><D97/><U16/><REACH who="1" step="1"/><E59/><REACH who="1" ten="410,169,286,125" step="2"/><V7/><F37/><W130/><G10/><T134/><D15/><U49/><E49/><V112/><F56/><W35/><G35/><T79/><D9/><U43/><E43/><V3/><F41/><W20/><G20/><T113/><D107/><U81/><N who="1" m="20480" /><DORA hai="55" /><U8/><E8/><V50/><F22/><W78/><G78/><T92/><D92/><U69/><E69/><V1/><F95/><W5/><G74/><T31/><D79/><U102/><E102/><V11/><F75/><W72/><G72/><T60/><D103/><U76/><E76/><V17/><F1/><W117/><G117/><T84/><D90/><U124/><E124/><V132/><F88/><W91/><G91/><T54/><D45/><U123/><E123/><RYUUKYOKU ba="0,1" sc="410,-10,169,30,286,-10,125,-10" hai1="16,23,25,62,63,85,89,93,114,115" />
</Scene>
<Scene>
<INIT seed="5,1,1,1,3,95" ten="400,199,276,115" oya="1" hai0="83,53,2,56,33,16,67,7,48,42,55,57,131" hai1="126,128,15,135,35,68,92,70,9,4,107,0,98" hai2="110,17,105,89,19,61,113,85,52,76,104,64,132" hai3="34,66,46,78,129,84,108,100,39,88,47,103,94"/><U21/><E107/><V13/><F110/><W18/><G108/><T93/><D33/><U75/><E75/><V65/><F132/><W49/><G34/><T90/><D131/><U130/><E35/><V120/><F120/><W134/><G129/><N who="1" m="49770" /><E135/><V20/><F105/><W40/><G134/><T41/><D67/><U59/><E126/><V116/><F104/><W114/><G114/><T118/><D118/><U125/><E125/><V63/><F116/><W62/><G18/><T115/><D115/><U99/><E59/><V127/><F127/><W6/><G6/><T112/><D112/><U37/><E37/><V27/><F113/><W30/><G30/><T69/><D69/><N who="1" m="26731" /><E92/><V3/><F3/><W31/><G31/><T10/><D83/><U106/><E106/><V12/><F76/><W119/><G78/><T60/><REACH who="0" step="1"/><D16/><AGARI ba="1,1" hai="0,4,9,15,16,21,98,99" m="26731,49770" machi="16" ten="30,11600,0" yaku="19,1,52,2,54,1" doraHai="95" who="1" fromWho="0" sc="400,-119,199,129,276,0,115,0" />
</Scene>
<Scene>
<INIT seed="5,2,0,3,3,20" ten="281,328,276,115" oya="1" hai0="51,101,88,111,128,126,75,25,19,15,27,71,26" hai1="64,92,36,120,130,50,107,98,17,24,1,45,68" hai2="93,18,129,66,100,37,35,14,38,34,56,43,33" hai3="89,78,127,44,7,104,102,81,4,30,32,40,8"/><U11/><E120/><V29/><F129/><W76/><G127/><T67/><D111/><U85/><E130/><V5/><F5/><W60/><G104/><T73/><D128/><U72/><E72/><V28/><F38/><W91/><G102/><T74/><D101/><U95/><E36/><V114/><F37/><W94/><G4/><T132/><D126/><U79/><E68/><V110/><F110/><W22/><G32/><T115/><D115/><U106/><E64/><V131/><F131/><W13/><G89/><T87/><D132/><U48/><E1/><V2/><F2/><W16/><G30/><T59/><D71/><U122/><E122/><V119/><F119/><W124/><G124/><T70/><D70/><U10/><E107/><V55/><F43/><W96/><G60/><T135/><D135/><U103/><E79/><V53/><F66/><W133/><G133/><T31/><D31/><U117/><E117/><V62/><F55/><W109/><G81/><T97/><D97/><U23/><E50/><V65/><F53/><W42/><G109/><T86/><D88/><N who="1" m="53263" /><E106/><V125/><F125/><W99/><G99/><T49/><D49/><U3/><E3/><V6/><F6/><W47/><G42/><AGARI ba="2,0" hai="10,11,17,23,24,42,45,48,95,98,103" m="53263" machi="42" ten="30,5800,0" yaku="8,1,52,1,54,1" doraHai="20" who="1" fromWho="3" sc="281,0,328,64,276,0,115,-64" />
</Scene>
<Scene>
<INIT seed="5,3,0,0,2,23" ten="281,392,276,51" oya="1" hai0="70,47,97,29,94,134,54,21,31,73,19,40,68" hai1="75,35,17,51,128,98,22,123,2,71,12,39,61" hai2="46,45,56,44,103,32,26,65,6,119,135,132,7" hai3="15,49,66,129,93,107,82,41,108,121,0,81,101"/><U10/><E123/><V34/><F103/><W72/><G129/><T112/><D73/><U105/><E75/><V36/><F36/><W8/><G121/><T57/><D112/><U27/><E39/><V88/><F119/><W67/><G108/><T13/><D134/><U4/><E51/><V92/><F34/><W58/><G0/><T118/><D118/><U37/><E37/><V38/><F38/><W125/><G125/><T110/><D110/><U14/><E128/><V106/><F106/><W5/><G107/><T50/><D68/><U90/><E35/><V78/><F78/><W120/><G120/><T1/><D70/><U28/><E14/><V20/><F32/><W131/><G131/><T16/><D19/><U60/><E71/><V64/><F135/><W77/><G81/><T115/><D1/><U48/><E48/><V102/><F102/><W84/><G72/><T109/><D115/><U87/><E98/><N who="2" m="57607" /><F132/><W43/><G43/><T18/><D18/><U25/><E105/><V9/><F9/><W104/><G104/><T53/><D109/><U69/><E69/><V52/><F6/><W33/><G33/><T126/><D126/><U114/><E114/><V122/><F7/><W30/><G30/><T91/><REACH who="0" step="1"/><D40/><REACH who="0" ten="271,392,276,51" step="2"/><U100/><E2/><V24/><F122/><W124/><G124/><T80/><D80/><U111/><E111/><V3/><F3/><W133/><G133/><T89/><D89/><U42/><E42/><V11/><F11/><W76/><G76/><T59/><D59/><U95/><E100/><V127/><F127/><W55/><G41/><RYUUKYOKU ba="3,1" sc="271,10,392,10,276,-30,51,10" hai0="13,16,21,29,31,47,50,53,54,57,91,94,97" hai1="4,10,12,17,22,25,27,28,60,61,87,90,95" hai3="5,8,15,49,55,58,66,67,77,82,84,93,101" />
</Scene>
<Scene>
<INIT seed="5,4,1,5,0,19" ten="281,402,246,61" oya="1" hai0="64,95,45,15,78,51,4,103,33,121,113,86,77" hai1="96,5,11,91,84,126,101,31,57,67,56,94,100" hai2="20,18,10,59,55,35,120,1,93,68,89,6,73" hai3="99,27,134,106,50,3,30,65,75,9,72,114,41"/><U79/><E126/><V62/><F35/><W87/><G134/><T42/><D33/><U43/><E43/><V61/><F73/><W110/><G110/><T70/><D113/><U54/><E31/><V53/><F120/><W131/><G131/><T52/><D121/><U92/><E67/><V71/><F62/><W81/><G114/><T66/><D70/><U16/><E5/><V123/><F55/><W122/><G122/><T74/><D74/><U107/><E107/><V37/><F37/><W132/><G132/><T40/><D40/><U0/><E0/><V69/><F123/><W32/><G65/><N who="0" m="25195" /><D42/><U12/><E57/><V24/><REACH who="2" step="1"/><F69/><REACH who="2" ten="281,402,236,61" step="2"/><W36/><G36/><T22/><D52/><U128/><E128/><V60/><F60/><W108/><G108/><T63/><D63/><N who="1" m="36247" /><E79/><V46/><F46/><W13/><G50/><T112/><D112/><U109/><E109/><V98/><AGARI ba="4,2" hai="1,6,10,18,20,24,53,59,61,68,71,89,93,98" machi="98" ten="20,12000,2" yaku="1,1,0,1,7,1,25,2,52,1,53,0" doraHai="19" doraHaiUra="124" who="2" fromWho="2" sc="281,-34,402,-64,236,152,61,-34" />
</Scene>
<Scene>
<INIT seed="6,0,0,2,2,19" ten="247,338,388,27" oya="2" hai0="17,46,68,80,104,66,91,64,58,16,105,62,38" hai1="71,55,130,107,132,74,43,61,5,8,45,39,11" hai2="50,30,23,49,118,96,111,77,121,14,42,69,112" hai3="94,37,72,29,24,27,65,67,116,54,36,133,35"/><V4/><F118/><W120/><G116/><T21/><D17/><U115/><E74/><V28/><F121/><W117/><G117/><T48/><D38/><U81/><E107/><V83/><F69/><W15/><G120/><T44/><D44/><U122/><E122/><V76/><F112/><W126/><G72/><T86/><D68/><U113/><E130/><V101/><F111/><W31/><G126/><T2/><D2/><U57/><E132/><V3/><F3/><W53/><G133/><T59/><D59/><U20/><E81/><V52/><F42/><W7/><G94/><T41/><REACH who="0" step="1"/><D66/><REACH who="0" ten="237,338,388,27" step="2"/><U0/><E71/><V32/><F4/><W127/><G7/><T88/><D88/><U134/><E5/><V102/><F77/><W79/><G79/><T95/><D95/><U51/><E0/><V98/><F76/><W26/><G127/><T103/><D103/><U109/><E39/><V123/><F102/><W34/><G24/><T128/><D128/><U119/><E134/><V90/><F101/><W108/><G15/><T129/><D129/><U100/><E119/><V131/><F14/><W13/><G13/><T40/><D40/><U33/><E100/><V125/><F125/><W73/><G108/><T47/><D47/><U85/><E109/><V22/><F131/><W56/><G56/><T78/><D78/><U84/><E115/><V9/><F123/><W114/><G73/><T93/><D93/><U75/><E113/><AGARI ba="0,1" hai="26,27,29,31,34,35,36,37,53,54,65,67,113,114" machi="113" ten="25,1600,0" yaku="22,2" doraHai="19" who="3" fromWho="1" sc="237,0,338,-16,388,0,27,26" />
</Scene>
<Scene>
<INIT seed="7,0,0,5,2,2" ten="237,322,388,53" oya="3" hai0="24,20,54,103,47,110,16,8,10,42,85,9,104" hai1="46,78,86,63,34,37,129,75,7,13,30,39,49" hai2="4,88,64,135,5,130,127,105,48,45,89,123,96" hai3="57,95,36,113,68,122,28,120,74,14,21,82,12"/><W84/><G68/><T43/><D110/><U3/><E129/><V22/><F135/><W97/><G74/><T93/><D104/><U91/><E3/><V118/><F118/><W62/><G36/><T53/><D43/><U71/><E75/><V69/><F127/><W56/><G113/><T124/><D124/><U80/><E91/><V23/><F130/><W77/><G122/><T94/><D94/><U26/><E63/><V126/><F126/><W116/><G116/><T100/><D85/><U101/><E101/><V121/><F69/><W1/><G1/><T65/><D65/><U66/><E66/><V32/><F64/><N who="3" m="38983" /><G57/><T102/><REACH who="0" step="1"/><D93/><REACH who="0" ten="227,322,388,53" step="2"/><U17/><E86/><V60/><F105/><W41/><G41/><T35/><D35/><U0/><E34/><V92/><F32/><W87/><G120/><T18/><D18/><U81/><E17/><V25/><F123/><W90/><G87/><T72/><D72/><U58/><E30/><V115/><F121/><W59/><G59/><T131/><D131/><U133/><E58/><V109/><F109/><W107/><G107/><T117/><D117/><U70/><E71/><V40/><F92/><W31/><G31/><T108/><D108/><U55/><E70/><V134/><F40/><W61/><G61/><T106/><D106/><U19/><E19/><V27/><F60/><W99/><G99/><T125/><D125/><U79/><E55/><V33/><F96/><W11/><G11/><T67/><D67/><U83/><E83/><V111/><F111/><W76/><G76/><N who="1" m="29226" /><E81/><V52/><F33/><W51/><G51/><AGARI ba="0,1" hai="8,9,10,16,20,24,42,47,51,53,54,100,102,103" machi="51" ten="40,8000,1" yaku="1,1,6,1,8,1,54,1,53,0" doraHai="2" doraHaiUra="112" who="0" fromWho="3" sc="227,90,322,0,388,0,53,-80" owari="317,-8.0,322,12.0,388,49.0,-27,-53.0" />
</Scene>
</mjloggm>