<mjloggm ver="2.3"><GO type="169" lobby="0"/><UN n0="%E3%83%91%E3%83%B3%E5%8D%93%E3%81%AE%E6%94%AF%E9%85%8D%E8%80%85" n1="%E3%81%84%E3%81%A1%E3%81%8B%E3%82%8F%E2%99%AA" n2="%E5%A4%A7%E8%83%86%E3%81%AB%E3%83%80%E3%82%A4%E3%82%BF" n3="%E5%A4%AA%E3%81%8F%E3%81%AA%E3%81%84%E3%81%8A" dan="17,16,17,18" rate="2148.14,2102.67,2096.92,2191.95" sx="M,M,M,M"/><TAIKYOKU oya="0"/>

<Scene>
<INIT seed="0,0,0,5,4,76" ten="250,250,250,250" oya="0" hai0="121,23,67,38,8,16,79,48,30,115,74,68,91" hai1="12,111,120,99,77,31,53,19,52,58,113,105,25" hai2="50,32,71,106,6,90,110,93,85,103,128,36,40" hai3="62,102,64,22,24,20,59,17,87,117,125,2,126"/><T1/><D115/><U49/><E113/><V13/><F36/><W54/><G117/><T97/><D121/><U80/><E111/><V127/><F71/><W116/><G116/><T11/><D38/><U51/><E120/><V92/><F32/><W72/><G72/><T108/><D1/><U107/><E99/><V109/><F127/><N who="3" m="48651" /><G2/><T4/><D30/><U95/><E95/><V131/><F40/><W130/><G130/><N who="2" m="49705" /><F50/><W27/><G102/><T37/><D37/><U47/><E25/><V83/><F13/><W123/><G123/><T29/><D29/><U35/><E31/><V66/><F66/><W34/><G34/><T65/><D48/><U86/><REACH who="1" step="1"/><E35/><REACH who="1" ten="250,240,250,250" step="2"/><V18/><F106/><W96/><G96/><T60/><D108/><U55/><E55/><V119/><F119/><W132/><G54/><T69/><D97/><U3/><E3/><V104/><F104/><W14/><G27/><T41/><D68/><U45/><E45/><V56/><F56/><W135/><G24/><T112/><D112/><U101/><E101/><V33/><F103/><W46/><G46/><T124/><D69/><U28/><E28/><V89/><F33/><W10/><G135/><T73/><D124/><U75/><E75/><V0/><F109/><W118/><G132/><T43/><D73/><U78/><E78/><V5/><F0/><W133/><G133/><T81/><D74/><U21/><AGARI ba="0,1" hai="12,19,21,47,49,51,52,53,58,77,80,86,105,107" machi="21" ten="20,12000,2" yaku="1,1,0,1,7,1,52,1,54,1,53,2" doraHai="76" doraHaiUra="44" who="1" fromWho="1" sc="250,-60,240,130,250,-30,250,-30" />
</Scene>
<Scene>
<INIT seed="1,0,0,2,3,71" ten="190,370,220,220" oya="1" hai0="119,55,124,22,114,8,122,84,50,39,27,90,53" hai1="62,11,17,130,128,129,61,5,77,101,36,133,113" hai2="100,127,37,91,56,31,12,116,74,49,105,69,104" hai3="111,110,46,118,102,70,21,38,125,134,64,82,83"/><U67/><E77/><V34/><F69/><W33/><G33/><T20/><D114/><U63/><E113/><V25/><F74/><W88/><G134/><T29/><D119/><U43/><E133/><V10/><F100/><W57/><G70/><T52/><D124/><U6/><E101/><V86/><F37/><W66/><G125/><T59/><D122/><U99/><E99/><V76/><F76/><W24/><G102/><T97/><D97/><U1/><E6/><V28/><F28/><W42/><G118/><T73/><D39/><U32/><E17/><V19/><F116/><W44/><G44/><T117/><D73/><U132/><E32/><V109/><F109/><N who="3" m="41483" /><G57/><T40/><D40/><U35/><E35/><V48/><F48/><W112/><G112/><T72/><D72/><U95/><E95/><V58/><F58/><W14/><G14/><T60/><D50/><U135/><E67/><N who="3" m="25642" /><G88/><T23/><D8/><U89/><REACH who="1" step="1"/><E89/><REACH who="1" ten="190,360,220,220" step="2"/><V120/><F127/><W75/><G75/><T126/><D126/><U47/><AGARI ba="0,1" hai="1,5,11,36,43,47,61,62,63,128,129,130,132,135" machi="47" ten="40,12000,1" yaku="1,1,2,1,0,1,19,1,52,1,53,0" doraHai="71" doraHaiUra="51" who="1" fromWho="1" sc="190,-40,360,130,220,-40,220,-40" />
</Scene>
<Scene>
<INIT seed="1,1,0,1,5,37" ten="150,490,180,180" oya="1" hai0="103,73,129,44,79,6,61,33,42,71,39,22,105" hai1="26,51,81,58,84,48,2,123,106,126,113,56,52" hai2="11,122,27,8,0,32,121,116,20,120,130,1,125" hai3="78,18,3,24,88,40,43,77,91,80,133,59,47"/><U19/><E106/><V38/><F38/><W110/><G3/><N who="2" m="1097" /><F116/><W21/><G110/><T4/><D33/><U50/><E2/><V5/><F32/><W99/><G133/><T35/><D129/><U30/><E123/><V68/><F68/><W107/><G107/><T31/><D22/><N who="1" m="15703" /><E126/><V93/><F93/><N who="3" m="56743" /><G47/><T72/><D79/><N who="3" m="30217" /><G59/><N who="1" m="22570" /><E19/><N who="2" m="12703" /><F125/><W69/><G69/><T17/><D17/><U135/><E113/><V92/><F92/><W97/><G97/><N who="0" m="61679" /><D4/><U46/><E135/><V16/><F5/><W108/><G108/><T10/><D6/><U34/><E34/><V98/><F98/><W90/><G90/><AGARI ba="1,0" hai="46,48,50,51,52,81,84,90" m="22570,15703" machi="90" ten="30,2900,0" yaku="8,1,54,1" doraHai="37" who="1" fromWho="3" sc="150,0,490,32,180,0,180,-32" />
</Scene>
<Scene>
<INIT seed="1,2,0,2,3,68" ten="150,522,180,148" oya="1" hai0="3,19,5,108,135,88,72,59,6,117,10,73,111" hai1="53,38,131,75,58,71,130,47,35,64,34,55,79" hai2="70,84,133,28,42,44,103,45,63,2,61,101,27" hai3="109,41,85,124,50,123,48,134,4,77,102,97,15"/><U12/><E12/><V89/><F2/><W96/><G123/><T24/><D117/><U54/><E79/><V29/><F133/><W18/><G134/><T13/><D135/><U90/><E90/><V9/><F9/><W112/><G112/><T114/><D114/><U118/><E75/><V121/><F121/><W37/><G109/><N who="0" m="42059" /><D6/><U8/><E8/><V78/><F78/><W128/><G128/><N who="1" m="49194" /><E118/><V49/><F70/><W126/><G4/><T22/><D59/><U25/><E25/><V76/><F76/><W43/><G77/><T83/><D3/><U116/><E116/><V23/><F29/><W30/><G30/><T115/><D115/><U57/><E34/><V67/><F45/><N who="3" m="23727" /><G85/><AGARI ba="2,0" hai="5,10,13,19,22,24,72,73,83,85,88" m="42059" machi="85" ten="30,2000,0" yaku="14,1,54,1" doraHai="68" who="0" fromWho="3" sc="150,26,522,0,180,0,148,-26" />
</Scene>
<Scene>
<INIT seed="2,0,0,0,5,135" ten="176,522,180,122" oya="2" hai0="7,84,55,83,111,103,68,77,20,107,99,75,118" hai1="46,6,32,98,19,54,87,14,129,59,127,121,17" hai2="90,16,38,44,91,130,37,82,52,115,0,41,10" hai3="122,67,60,3,50,106,79,116,128,131,63,53,43"/><V85/><F115/><W56/><G106/><T97/><D68/><U89/><E32/><V88/><F130/><N who="3" m="49707" /><G3/><T23/><D111/><U12/><E129/><V4/><F38/><W8/><G8/><T80/><D118/><U102/><E46/><V94/><F94/><W64/><G79/><T95/><D7/><U36/><E36/><V72/><F72/><W74/><G74/><T39/><D55/><U101/><E6/><V113/><F113/><W66/><G116/><T104/><D39/><U25/><E25/><V119/><F119/><W125/><G122/><T133/><D133/><U81/><E98/><V134/><F134/><W24/><G24/><T22/><D22/><N who="1" m="11559" /><E127/><V92/><F92/><W26/><G26/><T11/><D11/><N who="1" m="6623" /><E121/><V45/><REACH who="2" step="1"/><F16/><REACH who="2" ten="176,522,170,122" step="2"/><W58/><G125/><T105/><D105/><U73/><E73/><V132/><F132/><W70/><G70/><T123/><D123/><U49/><AGARI ba="0,1" hai="49,54,59,81,87,89,101,102" m="6623,11559" machi="49" ten="30,1100,0" yaku="8,1" doraHai="135" who="1" fromWho="1" sc="176,-3,522,21,170,-5,122,-3" />
</Scene>
<Scene>
<INIT seed="3,0,0,5,2,26" ten="173,543,165,119" oya="3" hai0="12,76,15,98,37,112,106,111,24,77,82,102,97" hai1="42,85,23,130,120,132,55,114,45,20,22,57,83" hai2="116,31,121,10,134,1,51,5,67,101,75,126,58" hai3="87,46,52,128,119,110,84,56,38,33,79,131,94"/><W62/><G119/><T28/><D111/><U70/><E120/><V2/><F75/><W118/><G118/><T39/><D112/><U100/><E70/><V65/><F121/><W91/><G110/><T13/><D98/><U122/><E122/><V40/><F2/><W19/><G33/><T16/><D77/><U63/><E114/><V47/><F126/><W123/><G123/><T32/><REACH who="0" step="1"/><D16/><REACH who="0" ten="163,543,165,119" step="2"/><U108/><E108/><V36/><F116/><W64/><G19/><T117/><D117/><U107/><E132/><V92/><F134/><W48/><REACH who="3" step="1"/><G38/><REACH who="3" ten="163,543,165,109" step="2"/><T18/><D18/><U29/><E130/><V71/><F36/><W74/><G74/><AGARI ba="0,2" hai="12,13,15,24,28,32,37,39,74,76,82,97,102,106" machi="74" ten="40,5200,0" yaku="1,1,52,1,53,1" doraHai="26" doraHaiUra="78" who="0" fromWho="3" sc="163,72,543,0,165,0,109,-52" />
</Scene>
<Scene>
<INIT seed="4,0,0,3,0,28" ten="235,543,165,57" oya="0" hai0="40,61,65,43,50,100,127,39,131,116,129,106,1" hai1="108,21,104,2,107,72,123,80,128,36,95,46,67" hai2="59,20,88,13,69,8,58,94,91,31,79,82,12" hai3="7,64,73,133,14,121,74,75,132,3,42,101,90"/><T24/><D1/><U10/><E123/><V37/><F69/><W103/><G3/><T89/><D116/><U125/><E95/><V62/><F37/><W112/><G42/><T120/><D120/><U85/><E67/><V117/><F117/><W109/><G121/><T99/><D127/><U57/><E21/><V115/><F115/><W0/><G0/><T68/><D50/><U29/><E57/><V38/><F38/><W4/><G64/><T48/><D48/><U9/><E9/><V76/><F82/><W51/><G51/><T113/><D113/><U11/><E11/><V83/><F83/><W66/><G66/><T5/><D5/><N who="3" m="2121" /><G112/><T92/><D24/><U60/><E29/><V87/><F91/><W54/><G90/><T15/><D15/><N who="2" m="5706" /><F8/><W71/><G14/><T25/><D25/><U96/><E10/><V93/><F93/><W124/><G71/><T23/><D23/><U110/><E2/><V84/><F84/><W134/><G124/><T105/><D105/><U17/><E107/><V118/><F118/><W44/><G109/><T111/><D111/><U98/><E104/><V78/><F62/><W19/><G19/><T55/><D39/><U35/><E36/><V22/><F22/><W47/><G54/><T26/><D55/><U63/><E110/><V70/><F70/><W77/><G77/><T130/><REACH who="0" step="1"/><D26/><AGARI ba="0,0" hai="20,26,31,58,59,76,78,79,87,88,94" m="5706" machi="26" ten="30,2000,0" yaku="8,1,54,1" doraHai="28" who="2" fromWho="0" sc="235,-20,543,0,165,20,57,0" />
</Scene>
<Scene>
<INIT seed="5,0,0,1,4,89" ten="215,543,185,57" oya="1" hai0="70,85,46,64,125,40,99,126,106,122,107,90,37" hai1="100,119,129,33,91,117,39,63,18,48,86,67,73" hai2="68,114,110,21,111,55,121,92,109,34,45,95,12" hai3="82,35,43,96,103,94,3,116,23,11,131,97,113"/><U128/><E33/><V81/><F34/><W31/><G113/><T59/><D122/><U83/><E39/><V71/><F121/><W102/><G131/><N who="1" m="50250" /><E100/><V20/><F81/><W6/><G116/><T16/><D70/><N who="1" m="42367" /><E18/><V1/><F1/><W124/><G124/><N who="0" m="47723" /><D99/><U60/><E60/><V22/><F114/><W123/><G123/><T115/><D115/><U61/><E61/><V69/><F12/><W0/><G35/><T2/><D59/><U74/><E48/><AGARI ba="0,0" hai="20,21,22,45,48,55,68,69,71,92,95,109,110,111" machi="48" ten="60,8000,1" yaku="29,2,52,2" doraHai="89" who="2" fromWho="1" sc="215,0,543,-80,185,80,57,0" />
</Scene>
<Scene>
<INIT seed="6,0,0,4,0,120" ten="215,463,265,57" oya="2" hai0="133,55,31,63,14,100,115,64,121,71,102,78,1" hai1="20,59,5,57,91,70,41,34,47,106,24,98,10" hai2="69,35,128,72,93,65,88,39,85,84,46,51,36" hai3="62,81,29,8,26,27,28,114,66,132,127,37,50"/><V33/><F72/><W80/><G37/><T99/><D1/><U9/><E70/><V130/><F65/><W111/><G132/><T67/><D121/><U134/><E34/><N who="2" m="12811" /><F69/><W119/><G119/><T89/><D31/><U110/><E134/><V75/><F85/><W25/><G127/><T7/><D78/><U44/><E106/><V38/><F75/><W30/><G114/><T32/><D115/><U103/><E103/><V87/><F87/><W3/><G50/><T68/><D32/><U104/><E104/><V49/><F46/><W82/><G111/><T4/><D55/><U123/><E110/><V13/><F13/><W16/><G3/><T90/><D14/><N who="1" m="5423" /><E10/><V116/><F116/><W126/><G126/><T11/><D133/><U118/><E118/><V23/><F23/><W113/><G113/><T0/><D11/><U107/><E107/><V6/><F6/><W15/><REACH who="3" step="1"/><G66/><REACH who="3" ten="215,463,265,47" step="2"/><T101/><D0/><U43/><E123/><V77/><F51/><W2/><G2/><T92/><D64/><U40/><E40/><V22/><F49/><W94/><G94/><T95/><D95/><N who="1" m="56703" /><E43/><V129/><F38/><W79/><G79/><T53/><D68/><U122/><E122/><V48/><F48/><W21/><G21/><T19/><D71/><U117/><E117/><V86/><F22/><W18/><G18/><T12/><D67/><U131/><E41/><V61/><F39/><W52/><G52/><T108/><D108/><U112/><E20/><V96/><F36/><W17/><G17/><T74/><D19/><U124/><E124/><V76/><F77/><RYUUKYOKU ba="0,1" sc="215,-10,463,-10,265,-10,47,30" hai3="8,15,16,25,26,27,28,29,30,62,80,81,82" />
</Scene>
<Scene>
<INIT seed="7,1,1,5,3,52" ten="205,453,255,77" oya="3" hai0="129,112,86,58,60,53,89,65,1,109,120,3,6" hai1="47,31,102,69,94,104,101,81,48,97,106,133,4" hai2="72,85,121,63,83,134,75,55,32,33,100,64,84" hai3="110,105,79,135,57,22,123,10,77,56,41,116,80"/><W66/><G116/><T25/><D109/><U24/><E69/><V125/><F125/><W9/><G123/><T42/><D120/><U61/><E4/><V87/><F121/><W76/><G105/><T103/><D103/><U59/><E81/><V14/><F134/><W78/><G135/><T111/><D111/><U21/><E133/><V54/><F100/><W49/><G110/><T128/><D42/><N who="1" m="24695" /><E101/><V96/><F96/><W117/><G117/><T70/><D25/><U95/><E95/><V130/><F130/><N who="0" m="50282" /><D6/><U43/><E43/><V34/><F14/><W114/><G114/><T127/><D127/><U71/><E71/><V122/><F122/><W7/><G22/><T91/><D91/><U107/><E107/><V17/><F17/><W115/><G115/><T8/><D8/><N who="3" m="3177" /><G7/><T62/><D112/><U67/><AGARI ba="1,1" hai="21,24,31,59,61,67,94,97,102,104,106" m="24695" machi="67" ten="30,2000,0" yaku="25,1,52,1" doraHai="52" who="1" fromWho="1" sc="205,-6,453,33,255,-6,77,-11" owari="199,-20.0,486,58.0,249,5.0,66,-43.0" />
</Scene>
</mjloggm>