<mjloggm ver="2.3"><GO type="169" lobby="0"/><UN n0="%E3%81%99%E3%81%9F%E3%83%BC%E3%82%89%E3%81%84%E3%81%A8%E3%81%B3%E3%83%BC" n1="%E3%83%80%E3%83%81%E3%82%A2%E3%83%BB%E3%82%B5%E3%83%B3%E3%83%87%E3%83%AD" n2="%30%30%73%61%69" n3="%E5%A4%AA%E3%81%8F%E3%81%AA%E3%81%84%E3%81%8A" dan="16,17,16,18" rate="2057.70,2202.06,2121.76,2193.30" sx="F,M,M,M"/><TAIKYOKU oya="0"/>

<Scene>
<INIT seed="0,0,0,1,3,118" ten="250,250,250,250" oya="0" hai0="133,3,130,66,34,104,86,40,123,45,12,129,76" hai1="127,102,120,74,105,128,18,83,88,21,126,96,111" hai2="54,101,134,38,24,68,4,43,114,51,103,52,80" hai3="70,13,109,0,17,56,2,65,37,93,125,64,16"/><T50/><D3/><U95/><E128/><V27/><F68/><W81/><G37/><T44/><D104/><U53/><E111/><V119/><F114/><W55/><G109/><T29/><D133/><U131/><E131/><N who="0" m="50185" /><D66/><U49/><E120/><V33/><F4/><W85/><G125/><T78/><D12/><U58/><E83/><V41/><F80/><W57/><G70/><T7/><D7/><U62/><E74/><V11/><F11/><W10/><G0/><T46/><D86/><U25/><REACH who="1" step="1"/><E49/><REACH who="1" ten="250,240,250,250" step="2"/><V107/><F51/><W90/><G81/><T59/><D123/><U35/><E35/><V61/><F33/><W92/><G2/><T47/><D59/><U94/><E94/><V98/><F107/><W60/><G92/><T100/><D100/><U8/><E8/><V14/><F101/><W26/><G57/><T19/><D19/><U22/><E22/><AGARI ba="0,1" hai="10,13,16,17,22,26,55,56,60,64,65,85,90,93" machi="22" ten="40,2600,0" yaku="8,1,54,1" doraHai="118" who="3" fromWho="1" sc="250,0,240,-26,250,0,250,36" />
</Scene>
<Scene>
<INIT seed="1,0,0,2,5,12" ten="250,214,250,286" oya="1" hai0="84,41,29,60,77,47,24,67,111,20,116,91,23" hai1="76,2,98,36,28,128,52,18,13,102,32,70,57" hai2="16,92,5,27,95,40,35,31,125,99,104,11,106" hai3="86,96,89,119,113,45,72,53,132,71,133,82,120"/><U110/><E2/><V17/><F125/><W6/><G120/><T109/><D116/><U55/><E70/><V68/><F68/><W25/><G113/><T63/><D77/><U54/><E36/><V42/><F95/><W85/><G71/><T64/><D23/><U56/><E128/><V43/><F104/><W100/><G119/><T34/><D34/><U49/><E110/><N who="0" m="41993" /><D63/><U107/><E76/><V131/><F106/><W65/><G65/><T74/><D60/><U118/><E118/><V88/><REACH who="2" step="1"/><F131/><REACH who="2" ten="250,214,240,286" step="2"/><W61/><G133/><T130/><D130/><U58/><E49/><V112/><F112/><W115/><G132/><T14/><D67/><U105/><E107/><V127/><F127/><W51/><G115/><T9/><D64/><U19/><REACH who="1" step="1"/><E13/><AGARI ba="0,1" hai="5,11,13,16,17,27,31,35,40,42,43,88,92,99" machi="13" ten="40,8000,1" yaku="1,1,52,2,54,2,53,0" doraHai="12" doraHaiUra="117" who="2" fromWho="1" sc="250,0,214,-80,240,90,286,0" />
</Scene>
<Scene>
<INIT seed="2,0,0,3,4,61" ten="250,134,330,286" oya="2" hai0="31,63,26,60,32,62,58,12,131,127,35,118,21" hai1="129,27,117,90,37,94,113,128,93,91,53,95,54" hai2="109,36,18,34,45,125,20,98,65,3,111,70,76" hai3="81,86,124,5,84,0,92,14,33,56,80,73,19"/><V120/><F34/><W57/><G33/><T114/><D114/><U75/><E113/><V110/><F120/><W1/><G73/><T11/><D131/><N who="1" m="50251" /><E75/><V106/><F3/><W7/><G92/><T25/><D127/><U132/><E37/><V99/><F76/><W105/><G14/><T77/><D77/><U4/><E4/><V17/><F106/><W97/><G97/><N who="2" m="36873" /><F125/><W16/><REACH who="3" step="1"/><G124/><REACH who="3" ten="250,134,330,276" step="2"/><T40/><D35/><U13/><E13/><V116/><F116/><W78/><G78/><T88/><D118/><U82/><E117/><V89/><F109/><W133/><G133/><T135/><D135/><U8/><E132/><V134/><F134/><W52/><G52/><T72/><D72/><U24/><E82/><V43/><F110/><W112/><G112/><T121/><D121/><U30/><E53/><V59/><F111/><W41/><G41/><T122/><D40/><U83/><E54/><V55/><F43/><W100/><G100/><T50/><D122/><U85/><E83/><V71/><F55/><W101/><G101/><T6/><D32/><U108/><E108/><V103/><F103/><W123/><G123/><T130/><D130/><U15/><E85/><V87/><F87/><W42/><G42/><T68/><D88/><U9/><E15/><V44/><F89/><N who="1" m="33801" /><E24/><V2/><F36/><W47/><G47/><T23/><D26/><U104/><E104/><AGARI ba="0,1" hai="0,1,5,7,16,19,56,57,80,81,84,86,104,105" machi="104" ten="25,6400,0" yaku="1,1,22,2,54,1,53,0" doraHai="61" doraHaiUra="67" who="3" fromWho="1" sc="250,0,134,-64,330,0,276,74" />
</Scene>
<Scene>
<INIT seed="3,0,0,4,4,131" ten="250,70,330,350" oya="3" hai0="103,73,92,32,56,75,71,28,35,9,13,105,107" hai1="111,51,16,23,89,53,61,14,6,46,5,43,55" hai2="29,87,39,24,94,66,126,83,50,79,122,104,85" hai3="15,115,57,130,96,129,119,68,20,54,40,63,82"/><W31/><G115/><T65/><D56/><U52/><E111/><V2/><F39/><W113/><G113/><T106/><D92/><U97/><REACH who="1" step="1"/><E61/><REACH who="1" ten="250,60,330,350" step="2"/><V81/><F122/><W93/><G63/><T90/><D107/><U62/><E62/><V72/><F104/><W127/><G130/><T67/><D106/><U125/><E125/><V19/><F126/><W10/><G129/><T4/><D105/><U78/><E78/><V121/><F79/><W38/><G127/><T8/><D65/><U123/><E123/><V47/><F66/><W91/><G119/><T64/><D67/><U48/><E48/><V135/><F50/><W49/><G49/><T25/><D64/><U11/><E11/><V1/><F121/><W116/><G10/><T60/><D60/><U22/><E22/><V109/><F109/><W3/><G20/><T74/><D9/><U108/><E108/><V86/><F1/><W30/><G3/><T27/><D8/><U120/><E120/><V34/><F2/><W7/><G116/><T99/><D32/><U100/><E100/><V44/><F34/><W33/><G33/><T37/><D103/><U95/><AGARI ba="0,1" hai="5,6,14,16,23,43,46,51,52,53,55,89,95,97" machi="95" ten="30,8000,1" yaku="1,1,0,1,8,1,54,2,53,0" doraHai="131" doraHaiUra="69" who="1" fromWho="1" sc="250,-20,60,90,330,-20,350,-40" />
</Scene>
<Scene>
<INIT seed="4,0,0,5,2,126" ten="230,150,310,310" oya="0" hai0="42,18,15,4,1,44,123,133,32,33,134,49,124" hai1="24,85,57,122,61,71,125,2,94,31,89,45,117" hai2="73,59,56,100,53,52,22,21,16,128,54,95,14" hai3="93,79,65,102,112,27,12,51,46,0,98,35,109"/><T72/><D123/><U81/><E122/><V132/><F73/><W20/><G0/><T25/><D72/><U105/><E117/><V110/><F128/><W127/><G109/><T43/><D124/><U97/><E2/><V55/><F132/><N who="0" m="50794" /><D25/><U78/><E71/><V96/><F110/><W3/><G3/><T88/><D43/><U121/><E121/><V116/><F116/><W5/><G35/><T119/><D119/><U108/><E108/><V11/><REACH who="2" step="1"/><F56/><REACH who="2" ten="230,150,300,310" step="2"/><W83/><G127/><T69/><D69/><U19/><E125/><V10/><F10/><W84/><G112/><T67/><D67/><U9/><E45/><V82/><F82/><W113/><G65/><T47/><D44/><U8/><E105/><V74/><F74/><W131/><G131/><T77/><D47/><U103/><E78/><V101/><F101/><W62/><G102/><T30/><D77/><U13/><E103/><V40/><F40/><W80/><G80/><T60/><D42/><U106/><E106/><V38/><F38/><W26/><G83/><T75/><D75/><U91/><E81/><V64/><F64/><W135/><G113/><T37/><D37/><U6/><E9/><V87/><F87/><W58/><G84/><T28/><D88/><N who="1" m="55495" /><E85/><V114/><F114/><W29/><G79/><T92/><D92/><U7/><E31/><V66/><F66/><W63/><G135/><T129/><D129/><U48/><E57/><V104/><F104/><W41/><G93/><T39/><D39/><U120/><E8/><V34/><F34/><W130/><G130/><T99/><D32/><RYUUKYOKU ba="0,1" sc="230,-10,150,-10,300,30,310,-10" hai2="11,14,16,21,22,52,53,54,55,59,95,96,100" />
</Scene>
<Scene>
<INIT seed="5,1,1,0,1,37" ten="220,140,330,300" oya="1" hai0="57,127,40,55,22,70,72,120,15,86,102,63,24" hai1="128,16,124,28,78,7,4,93,32,117,99,122,112" hai2="129,119,85,116,88,106,50,123,97,5,60,59,10" hai3="9,29,25,76,113,66,108,105,20,125,33,81,1"/><U126/><E122/><V92/><F123/><W62/><G108/><T67/><D72/><U104/><E117/><V6/><F50/><W12/><G113/><T73/><D73/><U17/><E104/><V95/><F106/><W47/><G125/><N who="1" m="48234" /><E112/><V82/><F129/><W18/><G105/><T133/><D127/><U26/><E128/><V38/><F38/><W103/><G103/><T87/><D120/><U130/><E78/><V135/><F135/><W58/><G47/><T111/><D133/><U90/><E130/><V79/><F92/><W56/><G56/><T69/><D111/><U114/><E114/><V3/><F6/><AGARI ba="1,1" hai="4,6,7,16,17,26,28,32,90,93,99" m="48234" machi="6" ten="30,2900,0" yaku="18,1,54,1" doraHai="37" who="1" fromWho="2" sc="220,0,140,42,330,-32,300,0" />
</Scene>
<Scene>
<INIT seed="5,2,0,2,3,90" ten="220,182,298,300" oya="1" hai0="16,77,50,57,83,11,91,27,102,134,30,63,114" hai1="38,97,23,107,13,49,80,120,9,133,5,43,42" hai2="121,19,95,93,8,112,62,10,34,52,105,122,39" hai3="86,118,69,7,100,76,73,54,56,131,18,81,32"/><U60/><E120/><V45/><F105/><W82/><G69/><T26/><D114/><U109/><E38/><V17/><F34/><W88/><G32/><T37/><D37/><U85/><E133/><V0/><F39/><W125/><G125/><T130/><D134/><U129/><E129/><V71/><F71/><W72/><G131/><T48/><D102/><U3/><E109/><V64/><F64/><W46/><G118/><T2/><D130/><U74/><E74/><V21/><F21/><W116/><G116/><T110/><D110/><U132/><E132/><V12/><F112/><W92/><G7/><T113/><D91/><U67/><E49/><V51/><F62/><W98/><G46/><T127/><D127/><U124/><E107/><V103/><F103/><W115/><G18/><T31/><D31/><U106/><E106/><V117/><F117/><W84/><REACH who="3" step="1"/><G115/><REACH who="3" ten="220,182,298,290" step="2"/><T87/><D113/><U128/><E128/><V123/><REACH who="2" step="1"/><F19/><REACH who="2" ten="220,182,288,290" step="2"/><W55/><G55/><T89/><D16/><N who="1" m="10639" /><E124/><V28/><F28/><W78/><G78/><T15/><D77/><N who="1" m="46223" /><E67/><V101/><F101/><W58/><G58/><T94/><D57/><U53/><E53/><V4/><AGARI ba="2,2" hai="0,4,8,10,12,17,45,51,52,93,95,121,122,123" machi="4" ten="40,8000,1" yaku="1,1,0,1,52,2,54,1,53,0" doraHai="90" doraHaiUra="24" who="2" fromWho="2" sc="220,-22,182,-42,288,106,290,-22" />
</Scene>
<Scene>
<INIT seed="6,0,0,2,3,10" ten="198,140,394,268" oya="2" hai0="27,79,12,89,42,53,15,18,35,133,112,83,33" hai1="113,52,62,71,6,39,44,120,107,50,124,43,66" hai2="63,31,29,37,80,101,38,9,75,40,110,22,3" hai3="58,97,76,92,57,48,41,17,23,74,4,16,122"/><V125/><F101/><W30/><G122/><T129/><D42/><U65/><E107/><V86/><F75/><W24/><G4/><T14/><D89/><U130/><E6/><V26/><F63/><W49/><G74/><T54/><D112/><U21/><E113/><V67/><F67/><W104/><G76/><T28/><D35/><U85/><E120/><V103/><F103/><N who="3" m="60839" /><G104/><T111/><D111/><U1/><E1/><V60/><F3/><W13/><G30/><T116/><D133/><U96/><E96/><V7/><F31/><W128/><G128/><T25/><D129/><U117/><E130/><V61/><F38/><W90/><G90/><T135/><D135/><U45/><E85/><V102/><F37/><W32/><G32/><T72/><REACH who="0" step="1"/><D116/><REACH who="0" ten="188,140,394,268" step="2"/><U78/><E117/><V20/><F110/><W81/><G41/><T91/><D91/><U51/><E78/><V82/><F40/><W105/><G81/><T77/><D77/><U106/><E106/><V2/><F82/><W109/><G105/><T87/><D87/><U115/><E115/><V118/><F86/><W47/><G109/><T134/><D134/><U5/><E65/><V69/><F80/><W95/><G95/><T59/><D59/><N who="3" m="22537" /><G47/><T131/><D131/><U98/><E98/><V8/><F118/><W19/><G24/><T0/><D0/><U46/><E46/><V121/><F26/><W34/><G34/><T70/><D70/><U55/><E44/><V123/><F69/><W132/><G132/><T100/><D100/><U119/><E71/><V114/><F2/><W94/><G94/><RYUUKYOKU ba="0,1" sc="188,15,140,-15,394,-15,268,15" hai0="12,14,15,18,25,27,28,33,53,54,72,79,83" hai3="13,16,17,19,23,48,49" />
</Scene>
<Scene>
<INIT seed="7,1,1,3,1,45" ten="203,125,379,283" oya="3" hai0="109,99,131,100,2,13,59,31,130,53,132,92,28" hai1="116,128,88,71,24,29,101,58,25,114,7,93,106" hai2="64,120,9,87,51,41,63,134,81,48,33,94,4" hai3="118,60,47,76,26,126,111,32,44,115,80,107,57"/><W105/><G118/><T83/><D2/><U12/><E71/><V17/><F33/><W104/><G115/><T113/><D109/><U10/><E116/><V121/><F41/><W74/><G111/><T22/><D132/><U15/><E114/><V14/><F94/><W133/><G133/><T23/><D83/><U0/><E128/><N who="0" m="49193" /><D113/><U122/><E122/><N who="2" m="47211" /><F4/><W82/><G126/><T30/><D13/><U42/><E42/><V79/><F134/><W125/><G125/><T34/><D34/><U68/><E68/><AGARI ba="1,1" hai="9,14,17,48,51,63,64,68,79,81,87" m="47211" machi="68" ten="30,3900,0" yaku="13,1,52,2" doraHai="45" who="2" fromWho="1" sc="203,0,125,-42,379,52,283,0" owari="203,-20.0,83,-42.0,431,54.0,283,8.0" />
</Scene>
</mjloggm>