<mjloggm ver="2.3"><GO type="169" lobby="0"/><UN n0="%73%68%6F%6F%74%33%39" n1="%E3%81%B3%E3%82%8A%E3%81%B3%E3%82%8A%E2%98%86%E3%83%93%E3%83%AA%E3%83%BC" n2="%E5%A4%AA%E3%81%8F%E3%81%AA%E3%81%84%E3%81%8A" n3="%E5%B2%A1%E6%9D%91%E9%9D%96%E5%B9%B8" dan="18,16,18,16" rate="2144.19,2121.40,2182.91,2102.92" sx="M,M,M,M"/><TAIKYOKU oya="0"/>

<Scene>
<INIT seed="0,0,0,2,2,37" ten="250,250,250,250" oya="0" hai0="130,15,77,46,119,52,100,95,27,86,127,115,16" hai1="53,112,68,129,28,22,56,10,44,87,83,79,116" hai2="117,113,98,85,96,51,133,55,43,0,134,135,90" hai3="107,109,12,121,78,74,1,39,58,71,69,35,101"/><T9/><D119/><U60/><E116/><V88/><F113/><W125/><RYUUKYOKU type="yao9" ba="0,0" sc="250,0,250,0,250,0,250,0" hai3="1,12,35,39,58,69,71,74,78,101,107,109,121,125" />
</Scene>
<Scene>
<INIT seed="0,1,0,5,4,130" ten="250,250,250,250" oya="0" hai0="92,71,133,85,76,41,79,105,89,25,0,72,95" hai1="54,50,3,88,12,83,125,19,67,94,8,29,112" hai2="119,58,84,126,116,87,7,21,34,16,124,100,18" hai3="127,101,66,122,15,49,128,42,121,63,22,51,4"/><T48/><D71/><U47/><E125/><N who="2" m="48235" /><F34/><W77/><G127/><T99/><D0/><U106/><E112/><V44/><F7/><W39/><G128/><T62/><D105/><U118/><E106/><V61/><F100/><W120/><G101/><T30/><D72/><U68/><E118/><N who="2" m="45099" /><F44/><N who="3" m="23647" /><G77/><T14/><D62/><U90/><E3/><V69/><F69/><N who="3" m="42207" /><G22/><T43/><D14/><U33/><E68/><V40/><F40/><W37/><G37/><T81/><D79/><U98/><E67/><N who="2" m="39351" /><F18/><W17/><G17/><T59/><D43/><U135/><E33/><V5/><F5/><W70/><G70/><T27/><D41/><U55/><E29/><V134/><F84/><W35/><G35/><T32/><D25/><U2/><E2/><V1/><F87/><W131/><G131/><T10/><D10/><AGARI ba="1,0" hai="4,10,15,49,51,120,121,122" m="42207,23647" machi="10" ten="30,1000,0" yaku="13,1" doraHai="130" who="3" fromWho="0" sc="250,-13,250,0,250,0,250,13" />
</Scene>
<Scene>
<INIT seed="1,0,0,0,1,131" ten="237,250,250,263" oya="1" hai0="58,117,113,88,39,29,97,68,77,36,30,79,122" hai1="23,5,24,82,74,83,126,16,134,119,8,42,21" hai2="95,73,20,85,4,72,7,121,128,102,9,129,70" hai3="84,115,32,38,133,33,86,0,11,14,118,3,135"/><U132/><E119/><V55/><F70/><W44/><G118/><T92/><D68/><U108/><E126/><V53/><F121/><W62/><G62/><T52/><D117/><U91/><E108/><V1/><F4/><W61/><G61/><T63/><D113/><U75/><E42/><V109/><F109/><W47/><G115/><T25/><D122/><U93/><E23/><V114/><F114/><W127/><G14/><T101/><D39/><U89/><E83/><V13/><F55/><W18/><G18/><T48/><D36/><U107/><E107/><V125/><F53/><W60/><G60/><T56/><D101/><U116/><E116/><V123/><F125/><W43/><G127/><T6/><D6/><U50/><E50/><V34/><F34/><N who="3" m="13419" /><G11/><T37/><D37/><U81/><E81/><V51/><F51/><W110/><G110/><T57/><D25/><U99/><E75/><V27/><F123/><W2/><G44/><N who="0" m="27655" /><D63/><U46/><E46/><V90/><F129/><W120/><G120/><T130/><D130/><U19/><E19/><V78/><F128/><W31/><G31/><AGARI ba="0,0" hai="29,30,31,56,57,58,77,79,88,92,97" m="27655" machi="31" ten="30,3900,0" yaku="8,1,54,2" doraHai="131" who="0" fromWho="3" sc="237,39,250,0,250,0,263,-39" />
</Scene>
<Scene>
<INIT seed="2,0,0,3,1,65" ten="276,250,250,224" oya="2" hai0="63,19,106,89,125,46,102,91,27,3,35,40,111" hai1="110,104,124,133,83,55,13,68,41,48,86,64,20" hai2="93,117,53,70,103,88,45,52,131,120,115,109,1" hai3="112,87,24,132,114,57,84,37,75,82,15,8,21"/><V76/><F115/><N who="3" m="44075" /><G37/><T134/><D3/><U50/><E104/><V129/><F117/><W98/><G132/><T51/><D134/><U66/><E133/><V14/><F1/><W119/><G119/><T61/><D125/><U126/><E110/><V77/><F120/><W118/><G118/><T74/><D74/><U127/><E41/><V16/><F103/><W12/><G98/><T73/><D73/><U54/><E66/><V97/><F70/><W122/><G57/><T17/><D111/><U6/><E50/><N who="2" m="28751" /><F109/><W105/><G105/><T121/><D121/><U39/><E39/><V43/><F43/><W32/><G32/><T80/><D102/><U29/><E48/><V113/><F53/><W108/><G122/><T99/><D106/><U59/><E59/><V2/><F2/><W128/><G108/><T25/><D35/><U130/><E130/><N who="2" m="49675" /><F113/><W42/><G42/><T23/><D40/><U92/><E55/><V60/><F60/><W22/><G128/><T38/><D38/><U7/><E54/><V116/><F116/><W67/><G67/><T79/><D61/><N who="1" m="39951" /><E92/><V9/><AGARI ba="0,0" hai="9,14,16,76,77,88,93,97" m="49675,28751" machi="9" ten="30,11700,0" yaku="19,1,54,3" doraHai="65" who="2" fromWho="2" sc="276,-39,250,-39,250,117,224,-39" />
</Scene>
<Scene>
<INIT seed="2,1,0,1,0,54" ten="237,211,367,185" oya="2" hai0="91,133,131,9,0,93,74,126,13,33,107,21,122" hai1="15,113,59,17,90,92,135,2,3,6,112,56,32" hai2="18,119,20,46,78,84,83,30,116,40,55,89,76" hai3="38,98,53,71,124,39,49,37,121,111,69,10,57"/><V118/><F30/><W82/><G121/><T19/><D107/><U24/><E135/><V110/><F110/><W34/><G34/><T104/><D104/><U8/><E3/><V65/><F65/><W51/><G111/><T28/><D74/><U42/><E42/><V101/><F101/><W94/><G124/><T85/><D122/><U70/><E70/><V114/><F55/><W12/><G51/><T77/><D77/><U86/><E113/><V48/><REACH who="2" step="1"/><F114/><REACH who="2" ten="237,211,357,185" step="2"/><W14/><G82/><T123/><D28/><N who="1" m="19463" /><E112/><V73/><F73/><W66/><G66/><T105/><D123/><U68/><E68/><V35/><F35/><W120/><G120/><T47/><D33/><U63/><E63/><V87/><F87/><W129/><G71/><T127/><D85/><U62/><E62/><V108/><F108/><W106/><G69/><T125/><D125/><U50/><E50/><V96/><F96/><W58/><G49/><T27/><D127/><U99/><E99/><V109/><F109/><W52/><G37/><T41/><D126/><U60/><E60/><V79/><F79/><W29/><G98/><T115/><D115/><U44/><E44/><V81/><F81/><W80/><G80/><T128/><D47/><U130/><E130/><V4/><F4/><W7/><G129/><T31/><D131/><U97/><E97/><V26/><AGARI ba="1,1" hai="18,20,26,40,46,48,76,78,83,84,89,116,118,119" machi="26" ten="30,11700,0" yaku="1,1,0,1,53,2" doraHai="54" doraHaiUra="75" who="2" fromWho="2" sc="237,-40,211,-40,357,130,185,-40" />
</Scene>
<Scene>
<INIT seed="2,2,0,0,5,31" ten="197,171,487,145" oya="2" hai0="130,132,90,58,9,13,5,15,69,51,32,44,8" hai1="72,125,37,93,124,126,63,75,26,33,91,96,106" hai2="97,22,74,18,108,12,25,53,1,61,82,23,20" hai3="122,42,41,65,28,101,114,77,6,84,120,92,4"/><V34/><F1/><W39/><G114/><T68/><D130/><U131/><E37/><V66/><F108/><W27/><G65/><T105/><D132/><U102/><E131/><V98/><F53/><W43/><G39/><T50/><D105/><U48/><E48/><V67/><F34/><W21/><G122/><T78/><D32/><U59/><E26/><V24/><F74/><W10/><G120/><T16/><D78/><U128/><E128/><V54/><F82/><N who="3" m="47183" /><G10/><T113/><D113/><U73/><E33/><V94/><F54/><W107/><G107/><T88/><D58/><U133/><E133/><V47/><F47/><W110/><G110/><T17/><D5/><U134/><E134/><V56/><F66/><W38/><G38/><T36/><D36/><U81/><E59/><V87/><F87/><W119/><G119/><T76/><D76/><N who="1" m="44167" /><E63/><V29/><REACH who="2" step="1"/><F94/><REACH who="2" ten="197,171,477,145" step="2"/><W70/><G42/><T115/><D115/><U79/><E79/><V86/><F86/><AGARI ba="2,1" hai="73,75,86,91,93,96,102,106,124,125,126" m="44167" machi="86" ten="30,7700,0" yaku="24,1,18,1,34,2" doraHai="31" who="1" fromWho="2" sc="197,0,171,93,477,-83,145,0" />
</Scene>
<Scene>
<INIT seed="3,0,0,5,1,9" ten="197,264,394,145" oya="3" hai0="2,57,49,119,6,1,55,91,44,17,110,101,106" hai1="66,124,72,15,30,13,29,122,103,84,24,92,42" hai2="59,100,47,70,116,80,121,11,37,113,56,89,35" hai3="65,98,126,38,82,48,102,58,81,22,133,118,127"/><W46/><G118/><T4/><D119/><U39/><E122/><V130/><F70/><W73/><G133/><T77/><D110/><U83/><E72/><V19/><F35/><W52/><G22/><T71/><D71/><U104/><E104/><V16/><F113/><W131/><G131/><T36/><D77/><U12/><E124/><N who="3" m="47658" /><G73/><T40/><D106/><U115/><E115/><V32/><F32/><W54/><G65/><T61/><D101/><U90/><E66/><V0/><F100/><W23/><G23/><T107/><D107/><U25/><E42/><V123/><F116/><W62/><G38/><T95/><D1/><U87/><E39/><V135/><F135/><W34/><G34/><T27/><D2/><U99/><E87/><N who="2" m="50407" /><F130/><W3/><G3/><T117/><D36/><U96/><E96/><V75/><F75/><W67/><G67/><T134/><D134/><U45/><E45/><V79/><F0/><W63/><G63/><T85/><D117/><U64/><E64/><V68/><F68/><W129/><G129/><T14/><D27/><AGARI ba="0,0" hai="12,13,15,24,25,27,29,30,83,84,90,92,99,103" machi="27" ten="40,8000,1" yaku="8,1,52,3" doraHai="9" who="1" fromWho="0" sc="197,-80,264,80,394,0,145,0" />
</Scene>
<Scene>
<INIT seed="4,0,0,5,2,116" ten="117,344,394,145" oya="0" hai0="38,65,17,22,42,46,108,103,122,3,77,59,113" hai1="57,16,50,37,18,45,126,60,61,80,84,119,9" hai2="20,10,19,123,87,110,35,21,79,128,124,70,62" hai3="39,7,30,41,133,34,88,68,66,23,132,114,83"/><T13/><D3/><U26/><E119/><V105/><F35/><W131/><G114/><T118/><D118/><U67/><E37/><V69/><F105/><W27/><G131/><T129/><D129/><U33/><E126/><V104/><F104/><W82/><G7/><T91/><D103/><U76/><E9/><V106/><F106/><W58/><G68/><T89/><D113/><U102/><E102/><V53/><F20/><W134/><G34/><T74/><D108/><U115/><E115/><V86/><F86/><W121/><G121/><T49/><D122/><U95/><E95/><V8/><F69/><W120/><G120/><T75/><D77/><U6/><E6/><V90/><F79/><W94/><G41/><T100/><D100/><U56/><E26/><V85/><F124/><W101/><G39/><T48/><D38/><U44/><E33/><V130/><F123/><W43/><G43/><T31/><D31/><U4/><E4/><V28/><F28/><W36/><G36/><T12/><D12/><U135/><E135/><V29/><F29/><W63/><REACH who="3" step="1"/><G101/><REACH who="3" ten="117,344,394,135" step="2"/><T55/><REACH who="0" step="1"/><D65/><REACH who="0" ten="107,344,394,135" step="2"/><U52/><E67/><V54/><F130/><W99/><AGARI ba="0,2" hai="23,27,30,58,63,66,82,83,88,94,99,132,133,134" machi="99" ten="30,8000,1" yaku="1,1,2,1,0,1,20,1,54,1,53,0" doraHai="116" doraHaiUra="51" who="3" fromWho="3" sc="107,-40,344,-20,394,-20,135,100" />
</Scene>
<Scene>
<INIT seed="5,0,0,0,4,30" ten="67,324,374,235" oya="1" hai0="113,41,72,53,79,107,49,62,65,100,58,97,122" hai1="36,117,95,103,105,123,63,56,90,35,89,69,48" hai2="88,131,71,64,118,3,81,12,5,121,6,74,61" hai3="85,125,34,84,66,0,16,80,127,104,51,10,132"/><U50/><E117/><V44/><F121/><W82/><G104/><T43/><D113/><U129/><E36/><V106/><F3/><W52/><G66/><T111/><D111/><U73/><E73/><V134/><F118/><W93/><G132/><T24/><D122/><U2/><E2/><V99/><F134/><W92/><G34/><T26/><D79/><U39/><E39/><V33/><F33/><W46/><G0/><T120/><D72/><U112/><E112/><V54/><F131/><W57/><G57/><T18/><D120/><U108/><E69/><V8/><F106/><W19/><G10/><T98/><D98/><U119/><E119/><V91/><F6/><W38/><G38/><T55/><D55/><U47/><E129/><V86/><F74/><W77/><G127/><T114/><D114/><U28/><E123/><V31/><F31/><W124/><G125/><T126/><D126/><U67/><E108/><V7/><F7/><W29/><G29/><T87/><D87/><U37/><E37/><V15/><F15/><W115/><G115/><T94/><D107/><U109/><E109/><V101/><F101/><W25/><G124/><T32/><D32/><U9/><E105/><V14/><F14/><W40/><G40/><N who="0" m="15435" /><D18/><N who="3" m="6697" /><G25/><T135/><D135/><U20/><E35/><V83/><F54/><W60/><G60/><T76/><D76/><AGARI ba="0,0" hai="46,51,52,76,77,80,82,84,85,92,93" m="6697" machi="76" ten="30,3900,0" yaku="8,1,54,2" doraHai="30" who="3" fromWho="0" sc="67,-39,324,0,374,0,235,39" />
</Scene>
<Scene>
<INIT seed="6,0,0,4,1,92" ten="28,324,374,274" oya="2" hai0="84,7,91,130,54,96,63,73,90,118,111,99,122" hai1="103,31,79,48,49,74,82,52,25,4,2,62,41" hai2="132,102,67,11,71,108,134,119,116,128,114,86,28" hai3="78,21,8,98,127,50,110,123,135,33,9,18,59"/><V81/><F28/><W69/><G123/><T34/><D34/><U65/><E41/><V88/><F11/><W64/><G110/><T53/><D122/><U51/><E4/><V17/><F17/><W117/><G33/><T68/><D111/><U35/><E103/><V3/><F3/><W89/><G117/><N who="2" m="45129" /><F67/><W72/><G69/><T19/><D118/><U61/><E2/><V46/><F46/><W39/><G39/><T5/><D73/><U120/><E120/><V129/><F71/><W100/><G89/><T6/><D130/><N who="2" m="50282" /><F108/><W24/><G64/><T45/><D68/><U83/><E65/><V37/><F37/><W20/><G20/><T55/><D45/><U43/><E43/><V22/><F22/><W47/><G59/><T104/><D104/><U13/><E13/><V38/><F38/><W112/><G8/><T40/><D40/><U93/><E52/><N who="0" m="20073" /><D19/><U60/><E60/><V77/><F102/><W133/><G18/><T126/><D126/><U87/><REACH who="1" step="1"/><E93/><REACH who="1" ten="28,314,374,274" step="2"/><N who="2" m="54423" /><F114/><W85/><G112/><T23/><D23/><U105/><E105/><V30/><F30/><W70/><G21/><T109/><D109/><U56/><E56/><V121/><F121/><W14/><G70/><T12/><D12/><U66/><E66/><V124/><F124/><W94/><G127/><T42/><D42/><U106/><E106/><V80/><F80/><W107/><G107/><T27/><D27/><U26/><E26/><V16/><F16/><W75/><G24/><T58/><D7/><U113/><E113/><V10/><F81/><N who="3" m="47287" /><G14/><T1/><D1/><U76/><AGARI ba="0,1" hai="25,31,35,48,49,51,61,62,74,76,79,82,83,87" machi="76" ten="30,4000,0" yaku="1,1,5,1,0,1,53,0" doraHai="92" doraHaiUra="36" who="1" fromWho="1" sc="28,-10,314,50,374,-20,274,-10" />
</Scene>
<Scene>
<INIT seed="7,0,0,3,2,35" ten="18,364,354,264" oya="3" hai0="30,97,116,18,114,34,52,126,5,100,106,121,131" hai1="56,1,81,64,61,51,119,129,112,103,50,58,13" hai2="69,73,127,87,38,29,10,79,63,53,113,135,4" hai3="24,83,86,46,93,111,117,21,26,99,89,130,28"/><W12/><G117/><T59/><D116/><U80/><E1/><N who="2" m="271" /><F87/><W54/><G130/><T40/><D121/><U132/><E119/><V16/><F16/><W60/><G111/><T25/><D131/><U120/><E129/><V15/><F15/><W2/><G2/><T78/><D114/><U128/><E128/><V76/><F29/><W95/><G12/><T19/><D126/><U27/><E120/><V3/><F3/><W118/><G118/><T109/><D109/><U57/><E112/><V91/><F113/><W115/><G115/><T101/><D5/><U96/><E27/><V70/><F91/><W45/><G26/><T17/><D40/><U55/><E13/><V92/><F92/><W94/><REACH who="3" step="1"/><G99/><REACH who="3" ten="18,364,354,254" step="2"/><T47/><D78/><U65/><E96/><V98/><F98/><W31/><G31/><T72/><D100/><U108/><E103/><V42/><F79/><W0/><G0/><T37/><D72/><U133/><E108/><V134/><F127/><W11/><G11/><T67/><D67/><U85/><E65/><V74/><F74/><W77/><G77/><T123/><D123/><U90/><E81/><V124/><F124/><W49/><G49/><T107/><D107/><U9/><E9/><V125/><F125/><W110/><G110/><T122/><D122/><U48/><E48/><V23/><F73/><W82/><G82/><T22/><D37/><U105/><E105/><V6/><F38/><W84/><G84/><T66/><D66/><U7/><E7/><V39/><F6/><W44/><G44/><T102/><D47/><N who="1" m="28127" /><E51/><V36/><F36/><RYUUKYOKU ba="0,1" sc="18,-15,364,15,354,-15,254,15" hai1="56,57,58,61,64,80,85,90,132,133" hai3="21,24,28,45,46,54,60,83,86,89,93,94,95" />
</Scene>
<Scene>
<INIT seed="7,1,1,1,5,4" ten="3,379,339,269" oya="3" hai0="135,126,15,109,38,114,16,51,129,18,44,19,8" hai1="71,32,29,118,49,125,40,57,63,102,106,41,120" hai2="46,105,96,42,98,24,68,131,104,55,84,34,67" hai3="72,76,124,64,35,50,30,117,80,62,10,36,11"/><W43/><G117/><T115/><D38/><U20/><E120/><V89/><F131/><W21/><G36/><T74/><D74/><U128/><E128/><V47/><F55/><W85/><G35/><T52/><D129/><U26/><E118/><V81/><F96/><W132/><G72/><T112/><D109/><U12/><E125/><V45/><F42/><W90/><G76/><T56/><D126/><U113/><E113/><N who="0" m="28929" /><T61/><DORA hai="58" /><D135/><U54/><E12/><V3/><F3/><W0/><G0/><T14/><D14/><U69/><E20/><V93/><F34/><W123/><G123/><T86/><D86/><U92/><E92/><V60/><REACH who="2" step="1"/><F24/><REACH who="2" ten="3,379,329,269" step="2"/><N who="3" m="16655" /><G132/><T121/><D121/><U27/><E27/><V78/><AGARI ba="1,2" hai="45,46,47,60,67,68,78,81,84,89,93,98,104,105" machi="78" ten="30,4000,0" yaku="1,1,0,1,52,1,53,0" doraHai="4,58" doraHaiUra="48,9" who="2" fromWho="2" sc="3,-11,379,-11,329,63,269,-21" owari="-8,-51.0,368,17.0,392,49.0,248,-15.0" />
</Scene>
</mjloggm>