<mjloggm ver="2.3"><GO type="169" lobby="0"/><UN n0="%72%69%73%6B%79" n1="%E3%83%8D%E3%83%BC%E3%83%A0%E3%83%AC%E3%82%B9%EF%BC%97" n2="%E3%81%8D%E3%81%BF%E3%81%9F%E3%81%BE%E3%81%94" n3="%E5%A4%AA%E3%81%8F%E3%81%AA%E3%81%84%E3%81%8A" dan="17,17,16,17" rate="2101.87,2147.02,2056.43,2231.49" sx="M,M,M,M"/><TAIKYOKU oya="0"/>

<Scene>
<INIT seed="0,0,0,3,4,0" ten="250,250,250,250" oya="0" hai0="93,31,129,83,120,110,35,112,21,72,47,26,66" hai1="132,130,119,111,124,99,54,64,80,90,101,117,89" hai2="70,34,61,86,39,123,8,25,84,12,58,60,7" hai3="68,20,102,55,97,88,96,105,30,106,128,118,10"/><T33/><D112/><U81/><E64/><V9/><F39/><W38/><G118/><N who="1" m="45066" /><E54/><V42/><F42/><W67/><G38/><T87/><D120/><U56/><E56/><V44/><F44/><W4/><G128/><T85/><D129/><U51/><E51/><V43/><F43/><W65/><G68/><T92/><D72/><U74/><E130/><V121/><F70/><W115/><G115/><T127/><D127/><U75/><E124/><V100/><F60/><W108/><G108/><T103/><D110/><U36/><E36/><V16/><F100/><W131/><G131/><T11/><D66/><U77/><E111/><V22/><F9/><W122/><G122/><T15/><D47/><U116/><N who="1" m="45074" /><U94/><DORA hai="59" /><E132/><V45/><F45/><W40/><G40/><T37/><D37/><U23/><E23/><V32/><F121/><W28/><G55/><T133/><D133/><U24/><E24/><V18/><F18/><W19/><G30/><T109/><D109/><U126/><E126/><V71/><F71/><W91/><G28/><T13/><D103/><U14/><E14/><V82/><F123/><W98/><G102/><T79/><D15/><U57/><E57/><V52/><F84/><W135/><G135/><T5/><REACH who="0" step="1"/><D87/><REACH who="0" ten="240,250,250,250" step="2"/><N who="1" m="50415" /><E101/><V53/><REACH who="2" step="1"/><F53/><REACH who="2" ten="240,250,240,250" step="2"/><W69/><G69/><T114/><D114/><U95/><E74/><V62/><F62/><W76/><G67/><T27/><D27/><U125/><E125/><V50/><F50/><W107/><G65/><T49/><D49/><U63/><E63/><V1/><F1/><W3/><G3/><RYUUKYOKU ba="0,2" sc="240,10,250,10,240,10,250,-30" hai0="5,11,13,21,26,31,33,35,79,83,85,92,93" hai1="75,77,80,90,94,95,99" hai2="7,8,12,16,22,25,32,34,52,58,61,82,86" />
</Scene>
<Scene>
<INIT seed="0,1,2,1,3,100" ten="250,260,250,220" oya="0" hai0="123,89,126,46,108,130,65,60,20,41,48,77,98" hai1="64,125,36,82,116,127,92,24,35,132,13,70,66" hai2="112,88,4,59,133,83,28,102,11,86,33,17,45" hai3="1,29,84,40,12,85,71,118,111,121,6,107,105"/><T95/><D123/><U57/><E116/><V80/><F112/><W87/><G118/><T131/><D126/><N who="1" m="48139" /><E36/><V51/><F133/><W49/><G71/><T43/><D77/><U115/><E132/><V91/><F33/><W39/><G1/><T38/><D108/><U61/><E115/><V94/><F28/><W15/><G39/><T90/><D20/><U30/><E92/><V128/><F128/><N who="0" m="49194" /><D38/><U72/><E13/><N who="2" m="7359" /><F59/><W5/><G111/><T42/><D90/><U124/><N who="1" m="48147" /><U113/><DORA hai="50" /><E113/><V74/><F74/><W47/><G121/><T104/><D104/><U99/><E99/><N who="2" m="59767" /><F4/><W7/><REACH who="3" step="1"/><G29/><REACH who="3" ten="250,260,250,210" step="2"/><T75/><D75/><U117/><E117/><V109/><F109/><W32/><G32/><T27/><D27/><U16/><E70/><AGARI ba="1,3" hai="41,42,43,46,48,60,65,70,89,95,98" m="49194" machi="70" ten="30,1500,0" yaku="19,1" doraHai="100,50" who="0" fromWho="1" sc="250,48,260,-18,250,0,210,0" />
</Scene>
<Scene>
<INIT seed="0,2,0,1,1,116" ten="298,242,250,210" oya="0" hai0="111,15,89,10,71,131,118,98,3,122,55,27,66" hai1="22,105,65,64,47,48,54,28,23,36,14,0,24" hai2="82,99,67,110,32,85,75,72,83,128,120,108,31" hai3="17,86,37,127,114,45,129,2,5,46,56,42,73"/><T53/><D118/><U106/><E0/><V97/><F67/><W50/><G114/><T61/><D3/><U124/><E36/><V94/><F32/><W69/><G69/><T112/><D112/><U19/><REACH who="1" step="1"/><E124/><REACH who="1" ten="298,232,250,210" step="2"/><V121/><F31/><W70/><G37/><T8/><D131/><U104/><AGARI ba="2,1" hai="14,19,22,23,24,28,47,48,54,64,65,104,105,106" machi="104" ten="30,7900,0" yaku="1,1,2,1,0,1,53,1" doraHai="116" doraHaiUra="40" who="1" fromWho="1" sc="298,-41,232,95,250,-22,210,-22" />
</Scene>
<Scene>
<INIT seed="1,0,0,2,1,99" ten="257,327,228,188" oya="1" hai0="62,79,101,106,93,4,2,20,5,56,120,78,57" hai1="55,114,90,117,31,71,15,92,69,32,110,35,23" hai2="94,87,49,105,0,63,28,100,24,88,91,76,104" hai3="130,108,7,89,39,84,45,97,16,34,54,68,19"/><U128/><E114/><V44/><F0/><W66/><G34/><T14/><D106/><U135/><E117/><V67/><F91/><W77/><G108/><T53/><D2/><U12/><E110/><V10/><F10/><W17/><G130/><T58/><D120/><U75/><E75/><V36/><F36/><W98/><G77/><N who="0" m="29195" /><D20/><U115/><E115/><V13/><F13/><W21/><G7/><N who="0" m="2635" /><D14/><U43/><E128/><V116/><F76/><W119/><G119/><T96/><AGARI ba="0,0" hai="53,56,57,58,62,93,96,101" m="2635,29195" machi="96" ten="30,2000,0" yaku="8,1,52,1" doraHai="99" who="0" fromWho="0" sc="257,20,327,-10,228,-5,188,-5" />
</Scene>
<Scene>
<INIT seed="2,0,0,4,3,53" ten="277,317,223,183" oya="2" hai0="70,96,50,61,59,51,48,34,25,44,92,125,9" hai1="5,18,54,27,118,32,38,101,100,45,75,3,76" hai2="89,8,47,23,94,86,117,63,93,132,90,33,103" hai3="21,41,74,42,62,88,81,114,91,67,68,97,112"/><V58/><F33/><W4/><G4/><T36/><D125/><U39/><E118/><V28/><F117/><W7/><G7/><T98/><D70/><U124/><E124/><V71/><F71/><W69/><G69/><T123/><D123/><U46/><E101/><V116/><F132/><W83/><G21/><T55/><D36/><U37/><E100/><V12/><F47/><W19/><G19/><T13/><D34/><U107/><E107/><V95/><F103/><W110/><G110/><T40/><D25/><U106/><E106/><V130/><F130/><W80/><G74/><T87/><D87/><U30/><E18/><V121/><F121/><W133/><G133/><T128/><D128/><U16/><E16/><N who="2" m="8199" /><F116/><W77/><G77/><T65/><D92/><U6/><E54/><N who="2" m="34263" /><F89/><W24/><G91/><T20/><D44/><U129/><E129/><V2/><F2/><W131/><G131/><T108/><D9/><N who="1" m="2239" /><E6/><V105/><F105/><W31/><G114/><T66/><D20/><U15/><E15/><V115/><F115/><W119/><G112/><T127/><D127/><U104/><E46/><V1/><F1/><W49/><G119/><T17/><D13/><U120/><E104/><V135/><F135/><W35/><G49/><T14/><D50/><U84/><E120/><V60/><F60/><W26/><G26/><AGARI ba="0,0" hai="23,26,28,86,90,93,94,95" m="34263,8199" machi="26" ten="30,5800,0" yaku="8,1,52,1,54,1" doraHai="53" who="2" fromWho="3" sc="277,0,317,0,223,58,183,-58" />
</Scene>
<Scene>
<INIT seed="2,1,0,4,2,77" ten="277,317,281,125" oya="2" hai0="129,96,59,113,134,102,79,41,85,99,23,116,69" hai1="25,61,45,49,84,94,12,22,32,111,127,27,107" hai2="43,80,21,126,30,4,92,121,44,115,46,47,66" hai3="88,31,5,57,74,15,78,62,8,53,110,133,128"/><V106/><F106/><W91/><G110/><T63/><D69/><U35/><E107/><V0/><F115/><W36/><G36/><T20/><D113/><U93/><E111/><V120/><F126/><W56/><G133/><T18/><D134/><U70/><E127/><V19/><F30/><W75/><G128/><T112/><D112/><U14/><E70/><V28/><F28/><W60/><G31/><T71/><D71/><U83/><E61/><V33/><F92/><N who="1" m="35433" /><E35/><V135/><F66/><W105/><G105/><T72/><D72/><U76/><E32/><V125/><F33/><W86/><G78/><T90/><D129/><U9/><E22/><V17/><F43/><W87/><G87/><T81/><D41/><N who="1" m="24751" /><E12/><V122/><F125/><W67/><REACH who="3" step="1"/><G91/><REACH who="3" ten="277,317,281,115" step="2"/><T95/><D79/><U38/><E38/><V124/><F124/><W123/><G123/><T52/><D90/><U39/><E39/><V7/><F135/><W26/><G26/><T97/><D99/><U131/><E131/><V37/><F37/><W73/><G73/><T13/><D97/><U55/><E25/><V117/><F120/><W1/><G1/><T2/><D2/><U130/><E27/><V29/><F0/><W98/><G98/><T42/><D96/><U6/><E130/><V100/><F29/><W51/><G51/><T16/><D85/><U103/><E103/><V34/><F100/><W68/><G68/><T54/><D102/><U132/><E132/><V10/><F121/><W114/><G114/><T89/><D89/><U48/><E48/><V104/><F122/><W24/><G24/><RYUUKYOKU ba="1,1" sc="277,-15,317,15,281,-15,115,15" hai1="6,9,14,55,76,83,84" hai3="5,8,15,53,56,57,60,62,67,74,75,86,88" />
</Scene>
<Scene>
<INIT seed="3,2,1,2,2,112" ten="262,332,266,130" oya="3" hai0="100,76,57,53,90,110,89,92,121,86,73,98,106" hai1="117,30,103,45,72,22,80,119,44,71,38,59,5" hai2="46,48,12,122,68,11,13,17,95,84,62,88,69" hai3="77,56,87,7,66,124,20,8,19,41,130,108,26"/><W0/><G124/><T52/><D121/><U40/><E71/><V99/><F122/><W113/><G113/><T85/><D110/><U29/><E103/><V74/><F74/><W21/><G108/><T111/><D111/><U102/><E102/><V135/><F135/><W39/><G130/><T15/><D57/><U2/><E45/><V28/><F28/><W105/><G105/><T37/><D37/><U118/><E59/><V54/><F62/><W14/><G39/><T75/><D15/><U93/><E22/><V49/><F49/><W83/><G41/><T131/><D131/><U16/><E93/><V64/><F64/><W4/><G0/><T114/><D114/><U9/><E16/><V96/><F12/><W63/><REACH who="3" step="1"/><G21/><REACH who="3" ten="262,332,266,120" step="2"/><T78/><D53/><U23/><E23/><V107/><F107/><W67/><G67/><T32/><D52/><U81/><E81/><V116/><F68/><W133/><G133/><T120/><D120/><U33/><E33/><V24/><F69/><W109/><G109/><T18/><D32/><U25/><E25/><V47/><F24/><W82/><G82/><N who="0" m="49367" /><D18/><AGARI ba="2,2" hai="4,7,8,14,18,19,20,26,56,63,66,77,83,87" machi="18" ten="30,5800,0" yaku="1,1,7,1,8,1,53,0" doraHai="112" doraHaiUra="70" who="3" fromWho="0" sc="262,-64,332,0,266,0,120,84" />
</Scene>
<Scene>
<INIT seed="3,3,0,3,2,53" ten="198,332,266,204" oya="3" hai0="60,24,97,48,88,39,110,131,64,128,62,58,74" hai1="92,6,122,130,72,23,25,55,35,76,81,15,50" hai2="16,71,82,28,123,8,129,106,70,10,94,0,108" hai3="26,19,45,46,11,42,86,91,13,89,12,104,44"/><W4/><G104/><T125/><D74/><U112/><E112/><V66/><F106/><W109/><G109/><T80/><D39/><U41/><E122/><V61/><F108/><W54/><G26/><T59/><D110/><U14/><E130/><N who="0" m="49705" /><D125/><U100/><E41/><V96/><F28/><W18/><G42/><T29/><D48/><U124/><E124/><V27/><F129/><W79/><G54/><T135/><D135/><U78/><E78/><V37/><F37/><W47/><N who="3" m="11264" /><DORA hai="52" /><W73/><G73/><T9/><D9/><U120/><E35/><V75/><F70/><W107/><G107/><T98/><D80/><U101/><E120/><V132/><F0/><W68/><G68/><N who="0" m="41991" /><D62/><U51/><E51/><V116/><F116/><W114/><G114/><T57/><D88/><N who="3" m="33865" /><G13/><T87/><D87/><U121/><E15/><V20/><F132/><W103/><G103/><T33/><AGARI ba="3,0" hai="24,29,33,57,58,59,97,98" m="41991,49705" machi="33" ten="30,12000,2" yaku="19,1,52,6" doraHai="53,52" who="0" fromWho="0" sc="198,129,332,-33,266,-33,204,-63" />
</Scene>
<Scene>
<INIT seed="4,0,0,4,5,13" ten="327,299,233,141" oya="0" hai0="116,8,24,56,21,51,70,62,133,92,135,91,43" hai1="105,90,7,75,67,132,94,36,79,134,121,76,103" hai2="108,104,74,18,115,3,93,111,113,25,50,54,37" hai3="57,19,10,69,55,99,101,2,129,53,119,9,88"/><T15/><D116/><U107/><E36/><V64/><F104/><N who="1" m="40009" /><E67/><V1/><F37/><W4/><G69/><T31/><D70/><U73/><E7/><V131/><F74/><N who="1" m="28169" /><E103/><V87/><F64/><W39/><G129/><T44/><D62/><U46/><E46/><V12/><F25/><W5/><G119/><T38/><D38/><U102/><E102/><V41/><F41/><W78/><G78/><N who="1" m="29738" /><E121/><V60/><F60/><W77/><G77/><T96/><REACH who="0" step="1"/><D56/><REACH who="0" ten="317,299,233,141" step="2"/><U85/><AGARI ba="0,1" hai="85,90,94,132,134" m="29738,28169,40009" machi="85" ten="40,2700,0" yaku="34,2" doraHai="13" who="1" fromWho="1" sc="317,-13,299,37,233,-7,141,-7" />
</Scene>
<Scene>
<INIT seed="5,0,0,3,5,113" ten="304,336,226,134" oya="1" hai0="76,88,24,85,119,81,103,61,129,50,40,70,114" hai1="134,55,93,64,115,124,67,109,15,120,126,20,48" hai2="7,39,47,43,100,107,30,33,105,77,5,8,99" hai3="63,34,89,3,69,112,14,110,96,98,92,132,75"/><U10/><E120/><V9/><F8/><W127/><G3/><T28/><D114/><U90/><E115/><V83/><F7/><W62/><G112/><T0/><D0/><U31/><E109/><V94/><F30/><W53/><G110/><T1/><D1/><U118/><E134/><V19/><F19/><W22/><G34/><T72/><D129/><U13/><E118/><V17/><F17/><N who="3" m="10551" /><G75/><T106/><D119/><U86/><E126/><V130/><F130/><W91/><G69/><T52/><D40/><U44/><E124/><V78/><F78/><W122/><G122/><T11/><D11/><U73/><E73/><N who="2" m="43439" /><F33/><W87/><G127/><T84/><D70/><U6/><REACH who="1" step="1"/><E13/><REACH who="1" ten="304,326,226,134" step="2"/><V82/><F82/><N who="3" m="49399" /><G132/><T60/><D72/><U49/><E49/><V35/><F35/><W111/><G111/><T80/><D50/><U101/><E101/><V68/><F68/><W57/><G63/><T36/><D61/><U116/><E116/><V71/><F71/><W131/><G131/><T21/><D60/><U25/><AGARI ba="0,1" hai="6,10,15,20,25,31,44,48,55,64,67,86,90,93" machi="25" ten="30,6000,0" yaku="1,1,0,1,8,1,53,0" doraHai="113" doraHaiUra="104" who="1" fromWho="1" sc="304,-20,326,70,226,-20,134,-20" />
</Scene>
<Scene>
<INIT seed="5,1,0,4,3,112" ten="284,396,206,114" oya="1" hai0="50,134,23,85,66,46,40,77,92,60,35,5,79" hai1="107,106,87,42,61,12,96,10,128,62,122,17,124" hai2="25,19,45,100,59,74,6,70,67,58,86,81,105" hai3="27,116,52,51,103,24,31,21,55,41,4,84,73"/><U28/><E122/><V26/><F74/><W133/><G73/><T9/><D35/><U114/><E114/><V75/><F75/><W83/><G133/><T2/><D134/><U98/><E128/><V63/><F6/><W48/><G4/><T56/><D92/><U15/><E124/><V89/><F105/><W95/><G116/><T38/><D85/><U99/><E28/><V18/><F100/><W3/><G3/><T43/><D43/><U97/><E42/><V93/><F45/><W132/><G132/><T111/><D111/><U108/><E108/><V82/><F59/><W123/><G123/><T44/><D44/><U113/><E113/><V68/><F68/><W49/><G41/><T126/><D126/><U102/><E87/><V13/><F70/><W80/><G24/><N who="2" m="9321" /><F19/><W127/><G127/><T20/><REACH who="0" step="1"/><D38/><REACH who="0" ten="274,396,206,114" step="2"/><U131/><E107/><V22/><AGARI ba="1,1" hai="13,18,22,58,63,67,81,82,86,89,93" m="9321" machi="22" ten="30,1100,0" yaku="8,1" doraHai="112" who="2" fromWho="2" sc="274,-4,396,-6,206,24,114,-4" />
</Scene>
<Scene>
<INIT seed="6,0,0,5,4,28" ten="270,390,230,110" oya="2" hai0="65,38,131,128,78,84,59,60,135,33,9,91,53" hai1="94,98,119,36,107,82,64,70,8,12,13,68,58" hai2="42,74,6,35,129,3,24,25,115,49,22,110,55" hai3="14,102,100,51,101,85,130,108,118,43,57,54,46"/><V114/><F74/><W66/><G108/><T56/><D38/><U76/><E119/><V40/><F129/><N who="0" m="49738" /><D78/><U92/><E107/><V90/><F110/><W97/><G130/><T112/><D112/><N who="2" m="43050" /><F90/><W134/><G118/><T123/><D123/><U95/><E36/><V0/><F6/><W93/><G134/><T4/><D135/><U75/><E98/><V89/><F89/><W18/><G66/><T96/><D96/><U50/><E13/><V26/><F22/><W41/><G85/><T63/><D33/><U88/><E88/><V105/><F105/><W132/><G132/><T77/><D77/><U67/><E12/><V37/><F37/><W19/><G19/><T121/><D121/><U29/><E29/><V113/><F35/><W1/><G1/><N who="2" m="585" /><F113/><W125/><G125/><T104/><D104/><U72/><E72/><V80/><F80/><W11/><REACH who="3" step="1"/><G41/><REACH who="3" ten="270,390,230,100" step="2"/><T87/><D87/><U7/><E75/><V61/><F42/><W122/><G122/><T15/><D84/><U71/><E76/><V47/><F40/><W103/><G103/><T117/><D117/><U127/><E127/><V83/><F83/><W106/><G106/><T111/><D111/><U44/><E82/><V124/><F124/><W32/><G32/><T86/><D86/><U34/><E34/><V79/><F79/><W31/><G31/><T39/><D91/><U17/><E17/><V120/><F120/><W73/><G73/><T62/><D65/><U45/><E67/><V2/><F2/><W5/><G5/><T99/><D4/><U21/><E64/><V23/><F23/><RYUUKYOKU ba="0,1" sc="270,-15,390,-15,230,15,100,15" hai2="24,25,26,47,49,55,61" hai3="11,14,18,43,46,51,54,57,93,97,100,101,102" />
</Scene>
<Scene>
<INIT seed="6,1,1,0,5,126" ten="255,375,245,115" oya="2" hai0="31,55,100,7,122,98,116,51,49,1,127,48,94" hai1="84,16,97,53,63,91,39,103,57,15,36,65,66" hai2="133,41,114,121,105,96,72,27,24,30,12,5,77" hai3="112,9,111,92,87,38,109,85,29,60,61,35,101"/><V119/><F119/><W81/><G38/><T28/><D122/><U14/><E39/><V115/><F121/><W82/><G35/><T58/><D116/><U132/><E36/><V70/><F41/><W59/><G112/><T89/><D127/><U74/><E74/><V131/><F70/><W67/><G29/><N who="0" m="11339" /><D1/><U17/><E132/><V37/><F37/><W80/><G111/><T43/><D7/><U130/><E130/><V71/><F71/><W3/><G109/><T106/><D106/><U90/><E103/><N who="2" m="62695" /><F27/><W135/><G135/><T8/><D8/><N who="1" m="6215" /><E97/><V99/><F99/><W68/><G101/><T44/><D100/><U23/><E91/><V124/><F131/><W129/><G92/><AGARI ba="1,1" hai="15,17,23,53,57,63,65,66,84,90,92" m="6215" machi="92" ten="30,2000,0" yaku="8,1,54,1" doraHai="126" who="1" fromWho="3" sc="255,0,375,33,245,0,115,-23" />
</Scene>
<Scene>
<INIT seed="7,0,0,5,4,65" ten="255,408,245,92" oya="3" hai0="74,135,58,76,45,125,84,97,71,25,129,78,83" hai1="1,27,21,75,59,111,105,134,18,40,46,12,81" hai2="42,77,15,106,132,120,29,123,24,94,79,112,62" hai3="61,28,66,52,117,103,80,36,82,51,118,90,50"/><W85/><G36/><T33/><D71/><U47/><E111/><V55/><F106/><W14/><G103/><T96/><D129/><U130/><E1/><V110/><F42/><W93/><G28/><T99/><D45/><U16/><E105/><V98/><F110/><W54/><G118/><T121/><D121/><N who="2" m="46666" /><F112/><W86/><G117/><T23/><D33/><U41/><E59/><N who="2" m="35199" /><F15/><W39/><G39/><T67/><D135/><U56/><E18/><V43/><F43/><W9/><G51/><T2/><D2/><U131/><E21/><N who="2" m="15503" /><F132/><W31/><G31/><N who="0" m="17855" /><D74/><U53/><E56/><V17/><F17/><W26/><G26/><T119/><D125/><U72/><E81/><V127/><F127/><W128/><G128/><T107/><D107/><U37/><E53/><V7/><F7/><W100/><G100/><AGARI ba="0,0" hai="77,79,94,98,100" m="15503,35199,46666" machi="100" ten="30,1000,0" yaku="13,1" doraHai="65" who="2" fromWho="3" sc="255,0,408,0,245,10,92,-10" owari="255,6.0,408,50.0,255,-14.0,82,-42.0" />
</Scene>
</mjloggm>