<mjloggm ver="2.3"><GO type="169" lobby="0"/><UN n0="%E3%81%A7%E3%81%97%EF%BC%96" n1="%E3%81%8B%E3%81%AB%E3%83%9E%E3%82%B8%E3%83%B3" n2="%E5%A4%AA%E3%81%8F%E3%81%AA%E3%81%84%E3%81%8A" n3="%E3%81%AF%E3%81%A3%E3%81%A8%E3%82%8A%E3%81%B8%E3%81%84%E3%81%98" dan="16,18,17,17" rate="2151.49,2249.13,2172.31,2203.21" sx="M,M,M,M"/><TAIKYOKU oya="0"/>

<Scene>
<INIT seed="0,0,0,1,1,91" ten="250,250,250,250" oya="0" hai0="127,30,112,32,29,62,103,99,95,79,90,61,21" hai1="27,7,15,116,89,19,40,128,52,129,92,45,122" hai2="2,72,69,111,123,51,104,25,56,64,106,117,73" hai3="38,130,49,125,114,74,4,26,70,98,135,131,115"/><T86/><BYE who="2" /><D112/><U109/><E122/><UN n2="%E5%A4%AA%E3%81%8F%E3%81%AA%E3%81%84%E3%81%8A" /><V59/><F123/><W76/><G38/><T44/><D127/><U132/><E116/><V97/><F2/><W101/><G70/><T107/><D32/><U12/><E132/><V34/><F117/><W54/><G4/><T78/><D44/><U110/><E27/><V33/><F111/><N who="1" m="42505" /><E7/><V134/><F134/><W39/><G39/><T81/><D79/><U80/><E80/><V63/><F51/><W119/><G119/><T20/><D30/><U67/><E67/><V77/><F77/><W57/><G135/><T96/><REACH who="0" step="1"/><D21/><REACH who="0" ten="240,250,250,250" step="2"/><U66/><E45/><V1/><F34/><W58/><G125/><T84/><D84/><U24/><E129/><V126/><F126/><W82/><G115/><T6/><D6/><U8/><E128/><V93/><F33/><W16/><G114/><T11/><D11/><U48/><E8/><V10/><F10/><W47/><G130/><T55/><D55/><U37/><E40/><V71/><F73/><W94/><REACH who="3" step="1"/><G131/><REACH who="3" ten="240,250,250,240" step="2"/><T28/><D28/><U41/><E37/><V60/><F64/><W133/><G133/><T23/><D23/><AGARI ba="0,2" hai="16,23,26,47,49,54,57,58,74,76,82,94,98,101" machi="23" ten="40,5200,0" yaku="1,1,52,1,54,1,53,0" doraHai="91" doraHaiUra="118" who="3" fromWho="0" sc="240,-52,250,0,250,0,240,72" />
</Scene>
<Scene>
<INIT seed="1,0,0,3,2,66" ten="188,250,250,312" oya="1" hai0="5,18,122,11,28,84,119,111,51,112,31,6,39" hai1="50,100,105,42,93,3,113,36,15,17,25,27,0" hai2="90,64,85,126,63,86,12,7,49,89,97,58,135" hai3="65,67,123,69,87,110,44,16,95,131,43,52,96"/><U121/><E121/><V10/><F126/><W32/><G32/><T75/><D75/><U99/><E36/><V41/><F135/><W133/><G123/><T62/><D39/><U98/><E113/><V30/><F30/><W132/><G110/><T129/><D122/><U37/><E37/><V48/><F97/><W134/><G87/><T24/><D111/><U56/><E0/><V53/><F41/><W54/><G131/><T45/><D119/><U55/><E42/><V128/><F128/><W23/><G43/><T70/><D129/><U127/><E3/><V124/><F124/><W29/><G29/><T47/><D84/><N who="2" m="32362" /><F49/><N who="3" m="28711" /><G54/><T102/><D28/><U34/><E34/><V108/><F108/><W74/><G74/><T59/><D31/><U60/><E127/><V33/><F33/><W130/><G69/><T21/><D70/><U26/><E50/><V114/><F114/><W78/><G78/><T79/><D51/><U14/><REACH who="1" step="1"/><E17/><REACH who="1" ten="188,240,250,312" step="2"/><V107/><F48/><W82/><G130/><T8/><D18/><U20/><E20/><V57/><F7/><W9/><G9/><T106/><D21/><U115/><E115/><V118/><F10/><W61/><G82/><T77/><D112/><U4/><E4/><V91/><F118/><W13/><G61/><T68/><D6/><U71/><E71/><V88/><F63/><W19/><G19/><T46/><D5/><U109/><E109/><V81/><F81/><W1/><G1/><T76/><D11/><U73/><E73/><V103/><N who="2" m="22528" /><DORA hai="38" /><V83/><F83/><W101/><AGARI ba="0,1" hai="13,16,23,65,67,95,96,101,132,133,134" m="28711" machi="101" ten="30,4000,0" yaku="20,1,54,2" doraHai="66,38" who="3" fromWho="3" sc="188,-10,240,-20,250,-10,312,50" />
</Scene>
<Scene>
<INIT seed="2,0,0,3,2,51" ten="178,220,240,362" oya="2" hai0="67,54,121,86,85,27,119,133,127,117,17,131,57" hai1="56,40,106,91,75,112,59,120,125,12,45,18,39" hai2="88,25,52,41,129,60,13,19,29,107,20,1,80" hai3="8,69,128,34,132,123,104,23,74,111,102,32,44"/><V105/><F1/><W14/><G74/><T36/><D121/><U7/><E112/><V26/><F129/><W101/><G123/><T110/><D110/><U46/><E120/><V78/><F41/><W50/><G69/><T4/><D131/><U47/><E125/><V66/><F26/><W30/><G128/><T81/><D127/><U134/><E134/><V61/><F61/><W113/><G111/><T73/><D36/><U130/><E130/><V89/><F105/><W31/><G132/><T83/><D67/><U71/><E71/><V43/><F107/><W62/><G113/><T135/><D4/><U10/><E75/><V94/><F43/><W48/><G62/><N who="0" m="36151" /><D135/><U99/><E7/><V115/><F115/><W58/><G104/><T24/><D83/><U6/><E6/><V109/><F109/><W42/><G32/><T16/><D27/><U21/><E10/><V53/><F78/><W70/><G34/><T76/><D133/><U22/><E22/><N who="2" m="11631" /><F80/><W116/><G116/><N who="0" m="44619" /><D17/><U3/><E3/><V126/><F126/><W90/><G70/><T2/><D2/><U92/><E106/><V103/><F103/><W87/><G101/><T38/><D38/><U122/><E122/><V68/><F68/><W55/><G102/><T108/><D108/><U79/><E79/><V37/><F37/><W11/><G30/><T82/><D82/><U96/><E39/><V77/><F77/><W9/><G31/><T84/><D73/><U124/><E124/><V118/><F118/><W64/><G90/><N who="2" m="34921" /><F94/><W33/><G33/><T95/><D95/><N who="1" m="56447" /><E40/><V35/><F35/><RYUUKYOKU ba="0,0" sc="178,10,220,10,240,10,362,-30" hai0="16,24,76,81,84,85,86" hai1="12,18,21,45,46,47,56,59,92,99" hai2="20,25,29,52,53,60,66" />
</Scene>
<Scene>
<INIT seed="2,1,0,1,5,13" ten="188,230,250,332" oya="2" hai0="44,82,39,27,103,106,102,98,105,125,119,81,77" hai1="56,25,0,74,11,20,10,65,131,41,130,43,83" hai2="107,50,49,109,67,115,73,45,92,29,120,132,52" hai3="99,60,85,61,12,31,93,70,38,30,33,110,63"/><V116/><F107/><W124/><G38/><T22/><D125/><U127/><E127/><V9/><F115/><W113/><G124/><T118/><D44/><U4/><E11/><V26/><F116/><N who="0" m="44586" /><D39/><U8/><E8/><V101/><F120/><W75/><G75/><N who="0" m="43199" /><D82/><U95/><E95/><V36/><F73/><W7/><G70/><T14/><D14/><U94/><E94/><V66/><F36/><W55/><G110/><T134/><D134/><U21/><E83/><V19/><F132/><W79/><G33/><T54/><D54/><U32/><E21/><N who="2" m="15567" /><F109/><W51/><G79/><T62/><D62/><N who="1" m="38087" /><E32/><V128/><F128/><N who="1" m="49193" /><E74/><V57/><F92/><W97/><G113/><T133/><D133/><U6/><E6/><V64/><F101/><N who="0" m="38410" /><D98/><N who="3" m="37385" /><G93/><T88/><D88/><U89/><E89/><V100/><F100/><W135/><G85/><T117/><N who="0" m="44594" /><T18/><AGARI ba="1,0" hai="18,22,27,105,106" m="38410,43199,44594" machi="18" ten="40,5200,0" yaku="4,1,12,1,52,1" doraHai="13" who="0" fromWho="0" sc="188,55,230,-14,250,-27,332,-14" />
</Scene>
<Scene>
<INIT seed="3,0,0,0,1,130" ten="243,216,223,318" oya="3" hai0="77,84,96,63,94,83,118,54,1,38,99,79,91" hai1="129,68,61,104,34,119,115,58,69,55,102,46,33" hai2="87,124,23,131,48,117,76,7,32,43,21,9,28" hai3="20,66,85,86,31,13,12,105,132,98,35,3,59"/><W106/><G3/><T122/><D38/><U15/><E115/><V97/><F117/><W50/><G35/><T100/><D1/><U90/><E129/><V88/><F131/><W109/><G109/><T17/><D118/><U113/><E113/><V121/><F124/><W24/><G106/><T95/><D122/><U74/><E74/><V126/><F126/><W65/><G105/><T93/><D17/><U47/><E119/><V125/><F125/><W41/><G98/><N who="0" m="59487" /><D63/><U45/><E90/><V114/><F114/><W72/><G72/><N who="0" m="43431" /><D54/><U49/><E102/><V36/><F36/><W16/><G13/><T133/><D133/><U30/><E104/><V52/><F43/><W4/><G132/><T53/><D53/><U123/><E123/><V80/><F121/><W67/><G4/><T57/><D57/><U134/><E134/><V5/><F32/><W44/><REACH who="3" step="1"/><G59/><REACH who="3" ten="243,216,223,308" step="2"/><T19/><D19/><U81/><E58/><N who="2" m="33031" /><F28/><W116/><G116/><T10/><D10/><U26/><E33/><V127/><F127/><W71/><G71/><T108/><D108/><U14/><E68/><V27/><F9/><W51/><G51/><T110/><D110/><U120/><E49/><V62/><F62/><W18/><G18/><T11/><D11/><U103/><E69/><V128/><F128/><W111/><G111/><T75/><D96/><U29/><E61/><V56/><F56/><W73/><G73/><T0/><D0/><U60/><E60/><V92/><F27/><W89/><G89/><N who="0" m="55759" /><D75/><U135/><E26/><V8/><F8/><W37/><G37/><T42/><D79/><RYUUKYOKU ba="0,1" sc="243,10,216,-30,223,10,308,10" hai0="42,84,91,93" hai2="5,7,21,23,76,80,87,88,92,97" hai3="12,16,20,24,31,41,44,50,65,66,67,85,86" />
</Scene>
<Scene>
<INIT seed="3,1,1,3,1,123" ten="253,186,233,318" oya="3" hai0="81,25,49,85,28,86,51,55,111,108,121,107,110" hai1="18,76,4,53,109,95,10,37,127,0,70,102,130" hai2="11,9,129,21,115,63,32,7,69,134,82,60,94" hai3="72,29,23,79,39,105,15,3,104,33,17,43,1"/><W122/><G122/><T71/><D121/><U30/><E70/><V41/><F32/><W120/><G120/><T96/><D71/><U112/><E112/><V74/><F115/><W87/><G72/><T93/><D107/><U50/><E37/><V46/><F134/><W6/><G39/><T99/><D93/><U26/><E127/><V128/><F94/><W12/><G43/><T48/><D55/><U38/><E76/><N who="2" m="44311" /><F21/><W24/><G79/><N who="0" m="46271" /><D86/><U78/><E78/><V45/><F45/><W84/><G87/><T54/><D54/><U67/><E67/><N who="2" m="41191" /><F63/><W119/><G84/><T133/><D133/><U106/><E38/><N who="2" m="21815" /><F11/><N who="3" m="4215" /><G105/><T97/><D51/><U98/><E18/><V75/><F75/><W80/><G80/><T57/><D57/><U59/><E106/><V135/><F135/><W126/><G104/><T117/><D117/><U124/><E124/><V47/><F47/><W16/><G126/><T68/><D68/><U88/><E102/><V40/><F40/><W101/><G101/><T27/><D27/><U100/><E100/><V8/><F8/><N who="3" m="6247" /><G119/><T61/><D61/><U90/><E90/><V19/><F19/><W13/><AGARI ba="1,1" hai="1,3,13,17,23,24,29,33" m="6247,4215" machi="13" ten="30,18000,2" yaku="35,5,54,1" doraHai="123" who="3" fromWho="3" sc="253,-61,186,-61,233,-61,318,193" />
</Scene>
<Scene>
<INIT seed="3,2,0,1,0,121" ten="192,125,172,511" oya="3" hai0="12,34,109,73,32,56,48,124,104,84,7,98,131" hai1="21,15,113,30,120,51,49,11,55,135,38,122,28" hai2="62,75,126,64,88,94,16,72,27,81,106,99,9" hai3="128,35,37,46,63,68,112,117,22,18,44,89,47"/><W107/><G107/><T50/><D73/><U85/><E38/><V17/><F126/><W134/><G35/><T6/><D124/><U29/><E113/><V101/><F9/><W77/><G112/><T125/><D125/><U10/><E135/><V4/><F4/><W45/><G134/><T23/><D84/><U61/><E61/><V102/><F102/><W8/><G77/><T33/><D131/><U129/><E129/><V91/><F27/><W74/><G74/><T87/><D87/><U53/><E85/><N who="2" m="52495" /><F91/><W40/><G128/><T54/><D50/><N who="1" m="18955" /><E122/><V42/><F42/><W52/><G8/><N who="1" m="3114" /><E120/><V92/><F92/><W67/><G117/><T65/><D65/><U80/><E80/><V70/><F75/><W116/><G116/><T133/><D133/><U118/><E118/><V60/><F60/><W59/><G89/><T90/><D90/><U14/><E21/><V69/><F69/><W71/><G18/><T82/><D82/><U39/><E39/><V96/><F96/><W100/><G22/><T83/><D83/><U20/><E20/><V57/><F70/><N who="3" m="26667" /><G100/><T78/><D32/><U86/><E86/><V132/><F132/><W19/><G19/><T127/><D33/><U108/><E14/><V26/><F26/><W41/><G41/><T95/><D34/><U119/><E15/><V25/><F25/><W31/><G31/><T110/><D127/><U111/><E119/><V97/><F97/><W0/><G0/><T24/><D24/><U13/><E13/><V36/><F36/><W1/><G1/><T93/><D98/><U130/><E130/><RYUUKYOKU ba="2,0" sc="192,-30,125,10,172,10,511,10" hai1="28,29,30,53,55,108,111" hai2="16,17,57,62,64,72,81,99,101,106" hai3="37,40,44,45,46,47,52,59,63,67" />
</Scene>
<Scene>
<INIT seed="3,3,0,0,0,101" ten="162,135,182,521" oya="3" hai0="45,107,21,8,42,41,114,44,46,22,74,116,78" hai1="135,6,95,50,31,110,51,12,72,96,133,3,4" hai2="5,83,25,106,14,98,112,97,9,0,90,53,111" hai3="84,32,2,94,1,109,38,57,58,36,132,67,19"/><W100/><G32/><T69/><D116/><U82/><E110/><V79/><F112/><W54/><G109/><T76/><D114/><U127/><E127/><V93/><F111/><W52/><G132/><N who="1" m="50762" /><E3/><V70/><F70/><W10/><G67/><T11/><D69/><U103/><E31/><V130/><F130/><W15/><G2/><T118/><D118/><U92/><E92/><V125/><F125/><W68/><G68/><T75/><REACH who="0" step="1"/><D44/><REACH who="0" ten="152,135,182,521" step="2"/><U43/><E12/><V91/><F0/><W80/><G1/><T117/><D117/><U99/><E99/><V63/><F98/><N who="3" m="59479" /><G38/><T113/><D113/><U61/><E61/><V122/><F63/><W77/><G36/><T37/><D37/><U16/><E50/><V85/><F97/><W28/><G58/><T23/><D23/><U59/><E59/><V73/><F122/><W40/><G57/><T26/><D26/><U115/><E115/><V134/><F25/><W126/><G126/><T105/><AGARI ba="3,1" hai="8,11,21,22,41,42,45,46,74,75,76,78,105,107" machi="105" ten="25,12000,2" yaku="1,1,0,1,22,2,52,2,53,0" doraHai="101" doraHaiUra="119" who="0" fromWho="0" sc="152,139,135,-33,182,-33,521,-63" />
</Scene>
<Scene>
<INIT seed="4,0,0,2,0,70" ten="291,102,149,458" oya="0" hai0="28,33,135,125,18,117,120,12,80,112,64,14,83" hai1="27,127,95,19,3,122,44,104,78,124,98,43,10" hai2="105,24,133,100,9,130,106,72,97,79,45,0,68" hai3="1,48,13,67,15,52,57,39,90,113,60,66,20"/><T50/><D120/><U34/><E122/><V76/><F68/><W99/><G1/><T75/><D117/><U62/><E104/><V87/><F72/><W115/><G39/><T17/><D64/><N who="3" m="24617" /><G60/><T30/><D50/><U85/><E62/><V22/><F106/><W123/><G123/><T65/><D65/><U56/><E56/><V116/><F116/><W91/><G99/><T61/><D61/><U109/><E109/><V21/><F21/><W71/><G71/><T81/><D75/><U42/><E42/><V121/><F133/><W32/><G32/><T69/><D69/><U128/><E128/><V29/><F121/><W55/><G55/><T131/><D135/><U38/><E34/><V94/><F130/><W86/><G91/><T31/><D131/><U129/><E129/><V103/><F103/><W107/><G107/><T134/><D134/><U49/><E38/><V110/><F110/><W82/><G20/><T8/><D33/><U25/><E78/><V2/><F2/><W92/><G82/><T41/><D41/><U4/><E85/><V93/><F105/><W119/><G119/><T6/><D6/><U23/><REACH who="1" step="1"/><E27/><REACH who="1" ten="291,92,149,458" step="2"/><V54/><F87/><W126/><G126/><T89/><D125/><U36/><E36/><V114/><F76/><W118/><G118/><T46/><D46/><U88/><AGARI ba="0,1" hai="3,4,10,19,23,25,43,44,49,88,95,98,124,127" machi="88" ten="30,7900,0" yaku="1,1,0,1,54,1,53,1" doraHai="70" doraHaiUra="5" who="1" fromWho="1" sc="291,-39,92,89,149,-20,458,-20" />
</Scene>
<Scene>
<INIT seed="5,0,0,4,3,106" ten="252,181,129,438" oya="1" hai0="113,92,1,43,34,111,2,79,4,19,50,25,131" hai1="107,75,5,12,47,37,120,46,65,57,44,38,125" hai2="90,76,118,124,62,59,16,94,10,103,36,108,61" hai3="129,26,78,68,58,98,39,132,28,102,109,114,56"/><U101/><E120/><V93/><F108/><W85/><G68/><T95/><D111/><U77/><E107/><V18/><F118/><W14/><G109/><T31/><D113/><U42/><E101/><V52/><F36/><W84/><G39/><T99/><D131/><U105/><E105/><V51/><F124/><W40/><G129/><T127/><D127/><U135/><E125/><V119/><F119/><W112/><G40/><T30/><D79/><U22/><E135/><V97/><F76/><W86/><G78/><T73/><D30/><U32/><E32/><V15/><F18/><W24/><G14/><T27/><D95/><U49/><E38/><V29/><F29/><W53/><G132/><T21/><D4/><U88/><E75/><V96/><AGARI ba="0,0" hai="10,15,16,51,52,59,61,62,90,93,94,96,97,103" machi="96" ten="20,8000,1" yaku="0,1,7,1,8,1,54,2" doraHai="106" who="2" fromWho="2" sc="252,-20,181,-40,129,80,438,-20" />
</Scene>
<Scene>
<INIT seed="6,0,0,5,2,9" ten="232,141,209,418" oya="2" hai0="129,47,39,83,67,30,40,5,38,13,12,123,112" hai1="69,92,8,125,73,68,65,1,124,93,55,121,99" hai2="37,35,133,16,113,91,97,90,10,116,134,101,128" hai3="107,105,77,76,119,96,135,54,63,79,81,43,34"/><V3/><F116/><W4/><G34/><T131/><D123/><U49/><E73/><V78/><F35/><W132/><G43/><T61/><D112/><U27/><E121/><V115/><F37/><W22/><G4/><T118/><D118/><U60/><E68/><V109/><F128/><N who="0" m="49226" /><D39/><U89/><E27/><V25/><F78/><W11/><G11/><N who="0" m="4207" /><D13/><U14/><E92/><N who="2" m="58535" /><F3/><W87/><G119/><T36/><D36/><U71/><E71/><V130/><F130/><W100/><G22/><T7/><D7/><U102/><E1/><V111/><F25/><W85/><G105/><T103/><D103/><U45/><REACH who="1" step="1"/><E102/><REACH who="1" ten="232,131,209,418" step="2"/><V2/><F2/><W64/><G100/><T70/><D30/><U95/><E95/><V75/><F75/><W114/><G114/><N who="2" m="43529" /><F111/><W15/><G107/><T62/><D83/><U66/><E66/><V80/><F109/><W24/><G77/><T17/><D67/><U32/><E32/><V53/><F80/><W46/><G81/><T59/><D70/><U117/><E117/><V44/><F90/><W48/><G79/><T120/><D120/><U122/><E122/><V56/><F91/><W29/><G76/><T127/><D127/><U88/><E88/><V18/><F134/><W86/><G132/><T28/><D28/><U50/><E50/><V23/><F133/><W94/><G135/><T33/><D33/><U98/><E98/><V42/><F18/><AGARI ba="0,1" hai="8,14,18,45,49,55,60,65,69,89,93,99,124,125" machi="18" ten="40,2600,0" yaku="1,1,52,1,53,0" doraHai="9" doraHaiUra="104" who="1" fromWho="2" sc="232,0,131,36,209,-26,418,0" />
</Scene>
<Scene>
<INIT seed="7,0,0,1,1,25" ten="232,167,183,418" oya="3" hai0="106,74,6,52,103,75,0,24,42,50,133,94,15" hai1="53,7,40,70,93,126,48,121,26,33,49,95,1" hai2="44,107,67,36,111,92,2,71,105,58,57,68,27" hai3="117,127,9,4,100,60,129,23,102,89,97,124,131"/><W73/><G73/><T78/><D0/><U64/><E121/><V122/><F111/><W98/><G23/><T128/><D42/><U135/><E1/><V28/><F2/><W110/><G60/><T104/><D24/><U69/><E7/><V10/><F122/><W62/><G62/><T31/><D31/><N who="1" m="19703" /><E93/><V118/><F118/><W76/><G117/><T86/><D75/><U54/><E95/><V77/><F10/><W8/><G76/><T55/><D128/><U32/><E32/><N who="2" m="20511" /><F92/><W88/><G4/><T13/><D55/><U115/><E64/><V66/><F57/><W63/><G63/><T11/><D94/><U19/><E19/><V21/><F21/><W82/><G82/><T18/><D11/><U85/><E40/><N who="2" m="22535" /><F58/><W87/><G87/><T56/><D86/><U30/><E85/><V114/><F77/><W37/><G37/><T99/><D78/><U80/><E30/><V125/><F114/><W90/><G90/><T14/><D56/><N who="1" m="32807" /><E80/><V41/><F41/><W108/><AGARI ba="0,0" hai="8,9,88,89,97,98,100,102,108,110,124,127,129,131" machi="108" ten="25,9600,0" yaku="0,1,22,2,54,1" doraHai="25" who="3" fromWho="3" sc="232,-32,167,-32,183,-32,418,96" owari="200,0.0,135,-36.0,151,-25.0,514,61.0" />
</Scene>
</mjloggm>