<mjloggm ver="2.3"><GO type="169" lobby="0"/><UN n0="%61%73%73%65%72%74%69%76" n1="%E5%9B%9B%E6%AE%B5" n2="%E8%87%AA%E7%A7%B0%E6%9C%80%E5%BC%B7%E9%9B%80%E5%A3%AB%EF%BC%93" n3="%E5%A4%AA%E3%81%8F%E3%81%AA%E3%81%84%E3%81%8A" dan="16,16,16,18" rate="2182.93,2094.83,2115.20,2184.13" sx="M,M,M,M"/><TAIKYOKU oya="0"/>

<Scene>
<INIT seed="0,0,0,5,2,59" ten="250,250,250,250" oya="0" hai0="38,55,98,129,93,89,37,97,32,24,64,28,66" hai1="72,110,111,133,6,83,22,47,99,45,114,130,108" hai2="94,44,75,135,107,30,46,109,82,65,16,7,26" hai3="9,116,96,33,67,106,104,113,119,48,50,60,85"/><T81/><D129/><U70/><E6/><V128/><F107/><W88/><G113/><T77/><D66/><U78/><E130/><V74/><F7/><W18/><G33/><T2/><D2/><U84/><E70/><V122/><F122/><W40/><G9/><T102/><D55/><U101/><E22/><V42/><F128/><W69/><G18/><T14/><D14/><U95/><E114/><V71/><F46/><W117/><G40/><T76/><D76/><U58/><E133/><V126/><F135/><W5/><G5/><T17/><D17/><U4/><E4/><V134/><F134/><W103/><REACH who="3" step="1"/><G106/><REACH who="3" ten="250,250,250,240" step="2"/><T131/><D131/><U127/><E127/><V73/><F16/><W123/><G123/><T34/><D34/><U15/><E15/><V0/><F126/><W1/><G1/><T49/><D32/><U112/><E112/><V54/><F0/><W120/><G120/><T13/><D13/><U36/><E111/><V10/><F109/><W19/><G19/><T41/><D41/><U31/><E110/><V121/><F10/><W118/><N who="3" m="29696" /><DORA hai="132" /><W51/><G51/><T87/><D49/><U92/><E108/><V3/><F121/><W68/><G68/><T8/><D8/><U53/><E36/><V91/><F3/><W90/><G90/><T23/><D38/><U86/><E31/><V27/><F30/><W52/><G52/><T12/><D37/><U125/><E125/><V56/><F71/><W124/><G124/><T62/><D12/><U57/><E53/><V21/><F54/><W80/><AGARI ba="0,1" hai="48,50,60,67,69,80,85,88,96,103,104" m="29696" machi="80" ten="60,8000,1" yaku="1,1,0,1,52,1,54,1,53,0" doraHai="59,132" doraHaiUra="29,35" who="3" fromWho="3" sc="250,-40,250,-20,250,-20,240,90" />
</Scene>
<Scene>
<INIT seed="1,0,0,0,2,24" ten="210,230,230,330" oya="1" hai0="108,2,78,62,104,66,67,107,1,111,94,13,92" hai1="115,112,10,119,12,132,121,31,71,133,123,22,120" hai2="73,109,16,47,52,49,81,43,51,72,11,33,129" hai3="18,59,116,124,37,56,6,41,0,135,84,106,105"/><U7/><E71/><V86/><F33/><W126/><G135/><N who="1" m="51786" /><E119/><V80/><F109/><W103/><G116/><T79/><D62/><U58/><E58/><N who="3" m="22058" /><G18/><T28/><D13/><U130/><E130/><V89/><F129/><W39/><G84/><T113/><D113/><U44/><E44/><N who="2" m="27751" /><F81/><W42/><G6/><T35/><D35/><U98/><E98/><V100/><F100/><W32/><G0/><T55/><D55/><U96/><E96/><V23/><F23/><W95/><G95/><T74/><D74/><U53/><E53/><V75/><F75/><W36/><G32/><T76/><D76/><U68/><E68/><V118/><F118/><W48/><G48/><T27/><D27/><AGARI ba="0,0" hai="7,10,12,22,27,31,112,115,120,121,123" m="51786" machi="27" ten="40,12000,1" yaku="20,1,34,2,52,1" doraHai="24" who="1" fromWho="0" sc="210,-120,230,120,230,0,330,0" />
</Scene>
<Scene>
<INIT seed="1,1,0,1,0,88" ten="90,350,230,330" oya="1" hai0="114,72,52,34,69,32,41,96,55,60,127,89,106" hai1="74,35,38,39,130,81,10,76,37,119,100,99,40" hai2="65,48,70,94,1,30,123,2,25,131,63,86,92" hai3="108,111,13,36,58,61,102,75,33,124,62,29,14"/><U82/><E119/><V128/><F123/><W57/><G36/><T19/><D114/><U15/><E35/><V7/><F86/><W120/><G120/><T3/><D3/><U83/><E130/><N who="2" m="49707" /><F48/><W134/><G75/><T80/><D34/><U115/><E40/><V8/><F2/><W117/><G117/><T73/><D32/><AGARI ba="1,0" hai="1,7,8,25,30,32,63,65,70,92,94" m="49707" machi="32" ten="30,3900,0" yaku="19,1,52,2" doraHai="88" who="2" fromWho="0" sc="90,-42,350,0,230,42,330,0" />
</Scene>
<Scene>
<INIT seed="2,0,0,4,3,124" ten="48,350,272,330" oya="2" hai0="67,96,100,135,105,65,117,125,26,28,44,119,51" hai1="45,7,57,14,66,123,75,80,120,22,63,30,72" hai2="21,88,134,101,18,103,91,102,64,46,53,78,20" hai3="43,84,112,97,38,39,110,37,127,83,6,5,24"/><V98/><F78/><W17/><G127/><T132/><D125/><U47/><E7/><V115/><F115/><W70/><G70/><T9/><D9/><U23/><E23/><N who="2" m="8779" /><F64/><W122/><G122/><N who="1" m="46634" /><E80/><V76/><F76/><W73/><G73/><N who="1" m="28234" /><E14/><V29/><F29/><W16/><G6/><T126/><D126/><U13/><E13/><V92/><F134/><N who="0" m="51242" /><D26/><AGARI ba="0,0" hai="22,26,30,45,47,57,63,66" m="28234,46634" machi="26" ten="30,1000,0" yaku="13,1" doraHai="124" who="1" fromWho="0" sc="48,-10,350,10,272,0,330,0" />
</Scene>
<Scene>
<INIT seed="3,0,0,5,5,84" ten="38,360,272,330" oya="3" hai0="123,69,120,116,10,75,92,103,113,14,78,127,130" hai1="73,64,124,7,96,126,47,57,12,119,60,121,34" hai2="48,21,82,133,49,106,111,83,65,17,44,132,3" hai3="112,122,68,23,31,72,63,76,50,98,38,56,4"/><W13/><G38/><T135/><D69/><U54/><E121/><V109/><F3/><W40/><G122/><T134/><D14/><U51/><E73/><V110/><F106/><W27/><G112/><T128/><D10/><U59/><E34/><V108/><N who="2" m="27648" /><DORA hai="115" /><V58/><F65/><W77/><G68/><T30/><D30/><U102/><E119/><V118/><F118/><W79/><G72/><T90/><D113/><U32/><E32/><V20/><F58/><W61/><G98/><N who="0" m="57623" /><D116/><U97/><E97/><V125/><F125/><N who="1" m="48233" /><E7/><V26/><F21/><W74/><G74/><T52/><D52/><N who="1" m="29823" /><E12/><V16/><F17/><W39/><G4/><T42/><D42/><U29/><E29/><V41/><REACH who="2" step="1"/><F49/><REACH who="2" ten="38,360,262,330" step="2"/><W66/><G50/><T0/><D0/><U85/><E59/><V93/><F93/><W88/><G61/><T22/><D22/><U15/><E64/><V129/><F129/><N who="0" m="49770" /><D127/><U46/><E57/><V37/><F37/><W87/><G39/><T70/><D70/><U55/><E60/><V18/><F18/><W28/><G28/><T107/><D123/><U2/><E2/><V89/><F89/><W80/><G13/><T11/><D120/><U33/><E15/><V53/><F53/><W19/><G31/><T81/><D11/><U24/><E55/><V86/><F86/><W104/><G104/><T35/><D35/><U95/><E85/><V91/><F91/><W9/><G9/><T67/><D67/><U114/><E114/><V101/><F101/><W45/><G88/><T99/><AGARI ba="0,1" hai="75,78,81,99,103,107,134,135" m="49770,57623" machi="99" ten="30,7900,0" yaku="19,1,34,2,52,1" doraHai="84,115" who="0" fromWho="0" sc="38,89,360,-20,262,-20,330,-39" />
</Scene>
<Scene>
<INIT seed="4,0,0,4,4,125" ten="127,340,242,291" oya="0" hai0="72,21,32,65,4,15,77,134,46,19,80,126,26" hai1="131,105,101,47,55,14,110,61,127,130,124,96,97" hai2="38,86,74,70,35,119,133,67,2,57,128,41,3" hai3="27,13,118,52,116,117,121,30,93,28,84,56,94"/><T33/><D126/><N who="1" m="48171" /><E110/><V18/><F18/><W8/><G121/><T40/><D134/><U85/><E97/><V20/><F20/><W34/><G28/><T123/><D123/><U87/><E14/><V31/><F57/><W111/><G111/><T91/><D65/><U113/><E113/><V48/><F48/><W22/><G34/><T89/><D33/><U24/><E24/><N who="2" m="18919" /><F86/><N who="1" m="32777" /><E61/><N who="2" m="40303" /><F128/><N who="1" m="49193" /><E55/><V59/><F133/><W88/><G13/><T99/><D99/><U62/><E62/><V45/><F119/><W135/><G135/><T1/><D32/><U43/><E47/><V37/><F59/><W129/><G129/><T66/><D66/><U29/><E29/><V39/><F74/><W82/><G8/><N who="0" m="2063" /><D15/><U114/><E114/><V108/><F108/><W90/><REACH who="3" step="1"/><G90/><REACH who="3" ten="127,340,242,281" step="2"/><T42/><D42/><AGARI ba="0,1" hai="42,43,96,101,105" m="49193,32777,48171" machi="42" ten="40,8000,1" yaku="18,1,19,1,52,3" doraHai="125" who="1" fromWho="0" sc="127,-80,340,90,242,0,281,0" />
</Scene>
<Scene>
<INIT seed="5,0,0,5,2,94" ten="47,430,242,281" oya="1" hai0="127,130,46,115,10,98,86,12,17,79,93,1,113" hai1="8,120,33,122,35,40,57,22,36,123,38,78,2" hai2="41,65,59,125,100,74,43,103,11,7,132,25,58" hai3="3,72,118,76,102,27,20,80,129,109,50,29,28"/><U117/><E117/><V26/><F74/><W48/><G109/><T126/><D46/><U85/><E57/><V77/><F132/><W131/><G118/><T62/><D62/><U69/><E22/><V51/><F125/><W75/><G3/><T52/><D130/><N who="3" m="49673" /><G102/><T47/><D1/><U60/><E85/><V63/><F77/><N who="3" m="44071" /><G28/><T19/><D19/><U124/><E78/><V6/><F63/><W5/><G5/><T96/><D93/><U64/><E124/><N who="0" m="47657" /><D86/><U88/><E2/><V71/><F71/><W81/><AGARI ba="0,0" hai="20,27,29,48,50,75,76,81" m="44071,49673" machi="81" ten="30,1100,0" yaku="19,1" doraHai="94" who="3" fromWho="3" sc="47,-3,430,-5,242,-3,281,11" />
</Scene>
<Scene>
<INIT seed="6,0,0,0,5,33" ten="44,425,239,292" oya="2" hai0="108,89,76,94,90,27,88,22,55,71,67,91,110" hai1="116,45,3,24,104,46,16,28,38,121,9,96,64" hai2="15,26,31,29,39,14,1,66,59,126,69,51,56" hai3="25,105,134,124,115,106,6,81,109,65,77,84,19"/><V21/><F39/><W117/><G109/><T23/><D76/><U98/><E116/><V86/><F69/><W103/><G117/><T11/><D71/><U107/><E64/><V135/><F126/><W30/><G124/><T57/><D67/><U92/><E92/><V132/><F31/><W118/><G118/><T72/><D72/><U79/><E79/><V82/><F1/><W54/><G65/><T99/><D22/><U74/><E74/><V93/><F93/><W49/><G6/><T113/><D113/><U52/><E3/><V111/><F111/><W127/><G127/><T47/><D47/><U53/><E28/><V12/><F51/><W36/><G36/><T61/><REACH who="0" step="1"/><D11/><REACH who="0" ten="34,425,239,292" step="2"/><U63/><E9/><V7/><F66/><W2/><G77/><T68/><D68/><U95/><E46/><V73/><F73/><W80/><G115/><T32/><D32/><U58/><E45/><V18/><F7/><W112/><G112/><T122/><D122/><U60/><E58/><V97/><F59/><W78/><G78/><T20/><D20/><U123/><E123/><V85/><F56/><W129/><G30/><T119/><D119/><U83/><E121/><V62/><F29/><W75/><G75/><T34/><D34/><U87/><E63/><V4/><F4/><W41/><G19/><T70/><D70/><U40/><E60/><V130/><F62/><W43/><G49/><T101/><D101/><U131/><E38/><V48/><F18/><W133/><G103/><T8/><D8/><U128/><E16/><V102/><F48/><W114/><G114/><RYUUKYOKU ba="0,1" sc="34,30,425,-10,239,-10,292,-10" hai0="23,27,55,57,61,88,89,90,91,94,99,108,110" />
</Scene>
<Scene>
<INIT seed="7,1,1,4,4,123" ten="64,415,229,282" oya="3" hai0="38,97,100,79,74,86,40,14,21,15,128,67,84" hai1="7,4,42,2,135,29,111,75,31,129,26,77,23" hai2="114,94,39,53,6,47,71,70,1,55,52,88,95" hai3="120,9,8,118,108,56,127,44,17,124,119,49,3"/><W132/><G120/><T24/><D128/><U81/><E129/><V110/><F110/><W78/><G132/><T121/><D121/><U105/><E111/><V93/><F114/><W85/><G56/><T112/><D40/><U82/><E105/><V102/><F102/><W33/><G33/><T91/><D38/><U0/><E135/><V61/><F61/><W5/><G108/><T90/><D112/><U80/><E42/><V117/><F117/><W43/><G78/><T45/><D45/><U51/><E51/><V109/><F109/><W125/><REACH who="3" step="1"/><G85/><REACH who="3" ten="64,415,229,272" step="2"/><T19/><D79/><U10/><E77/><V63/><F70/><W64/><G64/><T83/><D67/><U104/><E75/><V126/><F71/><W87/><G87/><T28/><D74/><U106/><E80/><V122/><F122/><W46/><G46/><T50/><D50/><U16/><E82/><V34/><F34/><W89/><G89/><T32/><D32/><U11/><E81/><V18/><F63/><W131/><G131/><T12/><D86/><U115/><E115/><V59/><F59/><W13/><AGARI ba="1,2" hai="3,5,8,9,13,17,43,44,49,118,119,124,125,127" machi="13" ten="40,12000,1" yaku="1,1,0,1,18,1,53,1" doraHai="123" doraHaiUra="37" who="3" fromWho="3" sc="64,-41,415,-41,229,-41,272,143" owari="23,-48.0,374,17.0,188,-21.0,415,52.0" />
</Scene>
</mjloggm>