<mjloggm ver="2.3"><GO type="169" lobby="0"/><UN n0="%52%69%2D%4D%6F%2D" n1="%E5%AD%A3%E9%81%95%E3%81%84%E4%BF%B3%E4%BA%BA" n2="%E5%A4%AA%E3%81%8F%E3%81%AA%E3%81%84%E3%81%8A" n3="%E5%AE%8C%E5%85%A8%E6%84%9F%E8%A6%9A%44" dan="16,16,17,16" rate="2056.07,2051.40,2209.97,2093.96" sx="M,M,M,M"/><TAIKYOKU oya="0"/>

<Scene>
<INIT seed="0,0,0,5,5,69" ten="250,250,250,250" oya="0" hai0="87,7,112,125,26,6,31,128,84,116,64,109,95" hai1="71,120,135,111,102,96,132,129,13,99,14,10,18" hai2="82,60,81,110,12,73,122,19,131,42,100,1,72" hai3="53,57,79,97,127,54,46,85,105,114,28,2,93"/><T23/><D112/><U24/><E71/><V30/><F1/><W94/><G2/><T20/><D116/><U35/><E120/><V16/><F122/><W50/><G114/><T83/><D125/><U67/><E67/><V51/><F110/><W123/><G123/><T107/><D107/><U90/><E111/><V49/><F30/><W9/><G127/><T98/><D109/><U8/><E129/><V38/><F100/><W4/><G105/><T41/><D128/><U106/><E90/><V11/><F131/><W29/><G79/><T70/><D41/><U21/><E35/><V63/><F42/><W34/><G85/><N who="0" m="32843" /><D70/><U117/><E96/><V15/><F11/><N who="1" m="4137" /><E117/><V39/><AGARI ba="0,0" hai="12,15,16,19,38,39,49,51,60,63,72,73,81,82" machi="39" ten="25,12000,2" yaku="0,1,22,2,52,2,54,1" doraHai="69" who="2" fromWho="2" sc="250,-60,250,-30,250,120,250,-30" />
</Scene>
<Scene>
<INIT seed="1,0,0,1,0,14" ten="190,220,370,220" oya="1" hai0="61,82,73,116,108,51,91,107,100,19,45,126,10" hai1="94,0,63,5,9,4,12,79,53,33,72,17,89" hai2="32,36,128,123,77,84,71,47,22,104,90,37,11" hai3="15,16,124,57,56,118,74,40,115,101,112,26,66"/><U88/><E33/><V64/><F32/><W80/><G124/><T99/><D116/><U43/><E72/><V38/><F123/><W78/><G118/><T48/><D108/><U129/><E129/><V59/><F104/><W110/><G110/><T133/><D126/><U8/><E79/><V23/><F71/><W75/><G75/><T46/><D133/><U55/><E43/><V95/><F128/><W65/><G101/><T41/><D61/><U113/><E113/><V103/><F103/><W3/><G3/><T2/><D2/><U127/><E127/><V93/><F93/><W39/><G26/><T119/><D119/><U125/><E125/><V122/><F122/><W58/><G40/><T34/><D34/><U13/><E0/><V29/><F29/><W130/><G39/><T85/><D73/><U76/><E76/><V96/><F47/><W92/><G92/><T68/><D68/><U7/><E63/><V102/><F77/><W20/><REACH who="3" step="1"/><G130/><REACH who="3" ten="190,220,370,210" step="2"/><T81/><D81/><U52/><E94/><V67/><F37/><W62/><G62/><T98/><D98/><U44/><E44/><V31/><F36/><W27/><G27/><T49/><REACH who="0" step="1"/><D46/><REACH who="0" ten="180,220,370,210" step="2"/><U60/><REACH who="1" step="1"/><E60/><REACH who="1" ten="180,210,370,210" step="2"/><V25/><F96/><W106/><G106/><T105/><D105/><U83/><E83/><V35/><F95/><W21/><G21/><T6/><D6/><AGARI ba="0,3" hai="4,5,6,7,8,9,12,13,17,52,53,55,88,89" machi="6" ten="40,12000,1" yaku="1,1,8,1,52,1,54,2,53,0" doraHai="14" doraHaiUra="131" who="1" fromWho="0" sc="180,-120,210,150,370,0,210,0" />
</Scene>
<Scene>
<INIT seed="1,1,0,5,3,67" ten="60,360,370,210" oya="1" hai0="84,76,81,77,5,103,69,113,80,126,6,23,43" hai1="90,62,30,2,109,52,70,121,58,101,54,128,130" hai2="112,19,1,65,34,86,21,110,56,99,66,79,11" hai3="64,75,127,44,72,55,13,129,37,132,36,31,82"/><U39/><E121/><V92/><F34/><W120/><G120/><T40/><D113/><U107/><E39/><V83/><F112/><W17/><G127/><T89/><D126/><U102/><E2/><V50/><F110/><W115/><G115/><T38/><D103/><N who="1" m="39435" /><E107/><V119/><F119/><W24/><G132/><T0/><D0/><U133/><E133/><V87/><F87/><W96/><G129/><N who="1" m="49770" /><E109/><V104/><F11/><W88/><G64/><T47/><D89/><U125/><E125/><V106/><F1/><W16/><G37/><T117/><D117/><U74/><E74/><V108/><F108/><W95/><G82/><T68/><D23/><U45/><E30/><V71/><F71/><W7/><G7/><T111/><D111/><U3/><E3/><V60/><F50/><W116/><G116/><T20/><D20/><U53/><E45/><V97/><F66/><W51/><G36/><T8/><D8/><U93/><E70/><V134/><F134/><W85/><G96/><AGARI ba="1,0" hai="52,53,54,58,62,90,93,96" m="49770,39435" machi="96" ten="30,2900,0" yaku="19,1,54,1" doraHai="67" who="1" fromWho="3" sc="60,0,360,32,370,0,210,-32" />
</Scene>
<Scene>
<INIT seed="1,2,0,4,1,122" ten="60,392,370,178" oya="1" hai0="116,69,27,15,90,106,21,63,11,127,38,26,70" hai1="83,3,102,105,82,31,80,124,118,51,100,0,9" hai2="12,7,79,40,36,73,76,78,29,44,107,35,43" hai3="84,50,135,37,93,121,72,110,130,103,41,95,53"/><U52/><E118/><V46/><F107/><W101/><G121/><T99/><D116/><U89/><E124/><V5/><F73/><W96/><G72/><T64/><D127/><U6/><E0/><V22/><F35/><W94/><G135/><T67/><D38/><U111/><E111/><V32/><F32/><W112/><G112/><T108/><D108/><U68/><E68/><V129/><F129/><W115/><G115/><T33/><D21/><U77/><E31/><V16/><REACH who="2" step="1"/><F29/><REACH who="2" ten="60,392,360,178" step="2"/><W87/><G130/><T45/><D33/><U97/><E105/><V48/><AGARI ba="2,1" hai="5,7,12,16,22,36,40,43,44,46,48,76,78,79" machi="48" ten="30,7900,0" yaku="1,1,2,1,0,1,54,1,53,0" doraHai="122" doraHaiUra="58" who="2" fromWho="2" sc="60,-22,392,-41,360,95,178,-22" />
</Scene>
<Scene>
<INIT seed="2,0,0,2,0,52" ten="38,351,455,156" oya="2" hai0="36,30,92,9,22,46,24,1,61,123,62,111,117" hai1="81,105,29,118,66,11,60,77,112,35,41,134,104" hai2="56,75,133,3,124,21,55,74,107,127,15,53,10" hai3="95,13,83,106,119,27,110,5,115,38,126,98,102"/><V19/><F107/><W90/><G119/><T28/><D123/><U18/><E118/><V50/><F133/><W135/><G135/><T103/><D117/><U70/><E112/><V26/><F3/><W87/><G115/><T33/><D111/><U129/><E134/><V131/><F131/><W39/><G110/><T32/><D1/><U20/><E129/><V132/><F132/><W114/><G114/><T42/><D9/><U100/><E41/><V45/><F75/><W23/><G126/><T12/><D33/><U65/><E65/><V125/><F74/><W37/><G5/><T7/><D30/><U86/><E100/><V121/><F121/><W59/><G13/><T64/><D7/><U79/><E79/><V34/><F34/><W6/><G6/><T40/><D40/><U93/><E93/><V89/><F89/><W120/><G120/><T116/><D116/><U109/><E109/><V94/><F94/><W88/><G59/><T63/><D64/><U48/><E11/><V2/><F2/><W122/><G122/><T101/><REACH who="0" step="1"/><D92/><REACH who="0" ten="28,351,455,156" step="2"/><U84/><E29/><N who="2" m="17615" /><F55/><W31/><G106/><T80/><D80/><U49/><E35/><V76/><F127/><W44/><G102/><T57/><D57/><U17/><E104/><V73/><F125/><W43/><AGARI ba="0,1" hai="23,27,31,37,38,39,43,44,83,87,88,90,95,98" machi="43" ten="30,2000,0" yaku="0,1,54,1" doraHai="52" who="3" fromWho="3" sc="28,-5,351,-5,455,-10,156,30" />
</Scene>
<Scene>
<INIT seed="3,0,0,0,4,119" ten="23,346,445,186" oya="3" hai0="130,14,57,90,28,85,69,11,43,109,40,103,63" hai1="56,110,3,80,21,97,18,23,72,41,92,112,111" hai2="77,52,120,7,1,122,126,22,135,128,94,60,0" hai3="59,46,47,124,67,27,19,61,98,9,133,75,125"/><W116/><G75/><T129/><D69/><U78/><E3/><V74/><F126/><N who="3" m="48747" /><G116/><T70/><D70/><U113/><E41/><V99/><F135/><W17/><G133/><T44/><D103/><N who="1" m="60839" /><E56/><N who="2" m="34823" /><F7/><W76/><G76/><T134/><D28/><U118/><E21/><V16/><F77/><W81/><G81/><N who="0" m="49455" /><D109/><N who="1" m="41483" /><E118/><V132/><F74/><W68/><G98/><T104/><D44/><N who="3" m="16937" /><G9/><T34/><D104/><U45/><E45/><V115/><F115/><W131/><G131/><N who="0" m="50187" /><D34/><U123/><E123/><N who="2" m="47147" /><F132/><W50/><G27/><AGARI ba="0,0" hai="18,23,27,72,78,80,112,113" m="41483,60839" machi="27" ten="30,1000,0" yaku="14,1" doraHai="119" who="1" fromWho="3" sc="23,0,346,10,445,0,186,-10" />
</Scene>
<Scene>
<INIT seed="4,0,0,1,0,5" ten="23,356,445,176" oya="0" hai0="70,43,32,1,129,122,52,38,3,79,78,19,6" hai1="23,50,40,63,14,104,58,97,132,30,24,81,126" hai2="13,73,9,110,106,69,46,115,33,45,76,108,130" hai3="12,90,125,121,7,131,103,98,116,94,35,86,82"/><T93/><D122/><U133/><E126/><V22/><F33/><W134/><G116/><T18/><D70/><U95/><E104/><V51/><F106/><W109/><G109/><T54/><D32/><U21/><E81/><V10/><F69/><W123/><G125/><T99/><D129/><U96/><E40/><V87/><F73/><W88/><G35/><T112/><D112/><U11/><E21/><V53/><F115/><W55/><G55/><N who="0" m="21035" /><D38/><U8/><E50/><N who="2" m="28879" /><F110/><W42/><G42/><T0/><D43/><U65/><E14/><V66/><F108/><W107/><G131/><T92/><D99/><U37/><E37/><V85/><F130/><W15/><G134/><N who="1" m="51818" /><E97/><V39/><F39/><W2/><G2/><N who="0" m="515" /><T47/><DORA hai="119" /><D6/><U72/><E72/><V84/><F51/><W16/><G7/><T62/><D62/><U49/><E49/><V48/><F48/><W64/><G64/><T100/><D47/><U74/><E74/><V26/><F46/><W89/><G15/><T111/><D100/><U127/><E127/><V105/><F105/><W71/><G71/><T120/><D111/><U56/><E56/><V34/><F34/><W80/><G80/><T67/><D67/><U29/><E29/><N who="2" m="17623" /><F13/><W77/><REACH who="3" step="1"/><G107/><REACH who="3" ten="23,356,445,166" step="2"/><T4/><D120/><U75/><E75/><V117/><F117/><W101/><G101/><AGARI ba="0,1" hai="8,11,23,24,30,58,63,65,95,96,101" m="51818" machi="101" ten="30,7700,0" yaku="25,1,20,1,52,2" doraHai="5,119" who="1" fromWho="3" sc="23,0,356,87,445,0,166,-77" />
</Scene>
<Scene>
<INIT seed="5,0,0,5,4,111" ten="23,443,445,89" oya="1" hai0="97,0,73,32,12,54,64,14,56,51,33,74,58" hai1="53,40,70,85,72,66,60,96,128,34,110,108,52" hai2="49,120,127,129,37,29,115,71,27,118,63,100,22" hai3="93,75,123,79,133,6,109,13,114,92,23,20,19"/><U134/><E72/><V16/><F37/><W62/><G123/><T99/><D54/><U126/><E34/><V83/><F120/><W122/><G122/><T1/><REACH who="0" step="1"/><D51/><REACH who="0" ten="13,443,445,89" step="2"/><U43/><E53/><V59/><F49/><W55/><G55/><T88/><D88/><U86/><E52/><V41/><F41/><W9/><G109/><T117/><D117/><U125/><E40/><V8/><F118/><W89/><G89/><T131/><D131/><U130/><E43/><V90/><F129/><N who="1" m="49769" /><E110/><V94/><F90/><W113/><G79/><T82/><D82/><U36/><E108/><V80/><F83/><W116/><G116/><T65/><AGARI ba="0,1" hai="0,1,12,14,32,33,56,58,64,65,73,74,97,99" machi="65" ten="25,6400,0" yaku="1,1,0,1,22,2,53,0" doraHai="111" doraHaiUra="42" who="0" fromWho="0" sc="13,74,443,-32,445,-16,89,-16" />
</Scene>
<Scene>
<INIT seed="6,0,0,0,5,8" ten="87,411,429,73" oya="2" hai0="105,94,69,116,93,126,115,61,51,23,45,77,59" hai1="46,75,4,17,57,100,52,101,80,62,107,38,82" hai2="73,11,102,109,122,22,96,48,35,68,25,111,125" hai3="119,128,34,106,66,118,6,40,65,133,83,131,19"/><V15/><F122/><W21/><G34/><T24/><D105/><U70/><E70/><V103/><F68/><W98/><G6/><T44/><D69/><U123/><E107/><V33/><F73/><W121/><G121/><T113/><D126/><U26/><E123/><V55/><F125/><W1/><G1/><T108/><D108/><N who="2" m="41546" /><F22/><W28/><G28/><N who="0" m="17439" /><D77/><U124/><E124/><V60/><F60/><W3/><G3/><T29/><D29/><U88/><E75/><V104/><F25/><W63/><G133/><T78/><D78/><U36/><E36/><V43/><F43/><W97/><G40/><N who="0" m="24967" /><D45/><U16/><E4/><N who="2" m="3559" /><F103/><N who="1" m="39497" /><E38/><V117/><F117/><W67/><G106/><T53/><D116/><N who="3" m="44585" /><G63/><T9/><D9/><U120/><E120/><V49/><F49/><W112/><G112/><AGARI ba="0,0" hai="53,59,61,93,94,112,113,115" m="24967,17439" machi="112" ten="30,1000,0" yaku="15,1" doraHai="8" who="0" fromWho="3" sc="87,10,411,0,429,0,73,-10" />
</Scene>
<Scene>
<INIT seed="7,0,0,4,0,12" ten="97,411,429,63" oya="3" hai0="3,39,6,96,122,27,8,115,75,110,123,41,67" hai1="63,30,133,106,130,51,104,120,118,18,40,119,97" hai2="80,87,16,48,116,93,50,61,82,1,91,4,5" hai3="125,56,34,121,13,126,64,69,105,101,9,17,62"/><W26/><G121/><T14/><D110/><U31/><E120/><V0/><F116/><N who="1" m="44585" /><E133/><V112/><F112/><W59/><G101/><T86/><D86/><U108/><E108/><V15/><F0/><W23/><G105/><N who="1" m="40554" /><E130/><V36/><F36/><W21/><G34/><T131/><D131/><U74/><E74/><V44/><F1/><W113/><G113/><T72/><D3/><U46/><E97/><N who="2" m="57535" /><F61/><W2/><G2/><T98/><D72/><U32/><E32/><V81/><F87/><W89/><G89/><T76/><D75/><U78/><E78/><V10/><F50/><W24/><G24/><T79/><D27/><U53/><E63/><V73/><F73/><W114/><G114/><T20/><D115/><U47/><E18/><V42/><AGARI ba="0,0" hai="4,5,10,15,16,42,44,48,80,81,82" m="57535" machi="42" ten="30,4000,0" yaku="8,1,52,1,54,1" doraHai="12" who="2" fromWho="2" sc="97,-10,411,-10,429,40,63,-20" owari="87,-31.0,401,20.0,469,57.0,43,-46.0" />
</Scene>
</mjloggm>