<mjloggm ver="2.3"><GO type="169" lobby="0"/><UN n0="%E3%82%8C%E3%82%93%EF%BC%8D%4E%65%77" n1="%E5%A4%AA%E3%81%8F%E3%81%AA%E3%81%84%E3%81%8A" n2="%E8%84%B3%E5%A4%A9%E3%81%AE%E6%8B%B3" n3="%E3%82%AE%E3%82%AC%E3%83%9E%E3%82%A4%E3%83%B3" dan="16,17,16,16" rate="2046.80,2129.28,2194.25,2110.43" sx="M,M,M,M"/><TAIKYOKU oya="0"/>

<Scene>
<INIT seed="0,0,0,0,2,22" ten="250,250,250,250" oya="0" hai0="119,40,82,35,59,115,73,15,97,76,34,64,104" hai1="14,99,114,67,107,74,57,41,132,16,90,81,83" hai2="0,45,24,49,88,122,56,42,71,36,130,53,77" hai3="12,135,96,26,98,43,103,28,129,25,27,102,62"/><T66/><D119/><U113/><E132/><V7/><F122/><W30/><G135/><T23/><D40/><U105/><E41/><V11/><F130/><W111/><G111/><T121/><D115/><N who="1" m="44043" /><E67/><V55/><F77/><W109/><G109/><T6/><D121/><U116/><E57/><V50/><F71/><W126/><G129/><T100/><D59/><U128/><E116/><V17/><F88/><W48/><G126/><T95/><D104/><N who="1" m="40011" /><E74/><V65/><F65/><W46/><G62/><T5/><D64/><U54/><E54/><V80/><F80/><W51/><G12/><T110/><D66/><U127/><E127/><V87/><F87/><W13/><G13/><T4/><REACH who="0" step="1"/><D110/><REACH who="0" ten="240,250,250,250" step="2"/><U117/><E117/><V18/><F42/><W69/><G69/><T133/><D133/><U52/><E128/><V44/><F56/><W112/><G112/><T31/><D31/><N who="3" m="11817" /><G51/><T70/><D70/><U84/><E52/><V86/><F36/><W91/><G91/><T120/><D120/><U20/><E99/><AGARI ba="0,1" hai="25,26,27,43,46,48,96,98,99,102,103" m="11817" machi="99" ten="30,7700,0" yaku="8,1,52,3" doraHai="22" who="3" fromWho="1" sc="240,0,250,-77,250,0,250,87" />
</Scene>
<Scene>
<INIT seed="1,0,0,1,0,12" ten="240,173,250,337" oya="1" hai0="32,121,18,15,28,98,50,91,27,29,128,70,108" hai1="54,3,8,97,95,45,24,59,100,123,133,62,1" hai2="114,55,13,35,16,92,0,36,6,19,64,14,42" hai3="78,2,134,48,115,105,107,74,130,96,86,40,44"/><U33/><E123/><V111/><F35/><W17/><G115/><T34/><D70/><U117/><E117/><V10/><F111/><W46/><G74/><T118/><D108/><U81/><E133/><V90/><F114/><W43/><G134/><T11/><D118/><U77/><E45/><V124/><F124/><W66/><G130/><T52/><D128/><U51/><E51/><V21/><F64/><W57/><G2/><T9/><D121/><U131/><E131/><V106/><F106/><W25/><G96/><T53/><D98/><U119/><E119/><V88/><F55/><W68/><G68/><T67/><D67/><U89/><E100/><V112/><F112/><W73/><G73/><T38/><D38/><U87/><REACH who="1" step="1"/><E8/><REACH who="1" ten="240,163,250,337" step="2"/><V23/><F92/><W102/><G48/><T56/><D9/><U47/><E47/><AGARI ba="0,1" hai="0,6,10,13,14,16,19,21,23,36,42,47,88,90" machi="47" ten="40,8000,1" yaku="9,1,52,2,54,2" doraHai="12" who="2" fromWho="1" sc="240,0,163,-80,250,90,337,0" />
</Scene>
<Scene>
<INIT seed="2,0,0,1,2,130" ten="240,83,340,337" oya="2" hai0="104,10,132,45,8,40,38,27,100,68,31,72,131" hai1="99,118,48,37,39,12,7,9,119,42,33,35,129" hai2="94,127,114,58,134,17,81,107,54,1,77,46,71" hai3="30,108,51,63,16,73,122,67,2,75,52,4,90"/><V64/><F107/><W74/><G108/><T92/><D68/><U28/><E129/><V121/><F121/><W82/><G122/><T43/><D131/><U76/><E99/><V29/><F114/><W88/><G30/><T19/><D72/><U126/><E126/><V56/><F127/><W103/><G103/><T53/><D104/><U32/><E28/><V14/><F1/><W123/><G123/><T20/><D43/><U113/><E113/><V18/><F29/><W83/><G2/><T65/><D65/><U93/><E93/><V36/><F94/><W133/><G133/><T96/><D132/><U61/><E61/><V87/><F134/><W62/><G4/><T120/><D120/><U66/><E66/><V80/><F81/><W86/><G67/><T21/><D53/><U13/><E13/><AGARI ba="0,0" hai="8,10,13,19,20,21,27,31,38,40,45,92,96,100" machi="13" ten="30,1000,0" yaku="7,1" doraHai="130" who="0" fromWho="1" sc="240,10,83,-10,340,0,337,0" />
</Scene>
<Scene>
<INIT seed="3,0,0,1,2,48" ten="250,73,340,337" oya="3" hai0="20,126,9,116,65,24,96,52,93,23,50,82,95" hai1="26,46,14,114,66,62,129,72,71,33,29,111,119" hai2="120,8,32,31,27,16,21,85,55,109,63,17,18" hai3="43,108,3,35,5,80,87,51,19,34,30,118,117"/><W2/><G108/><T74/><D116/><U69/><E114/><V135/><F109/><W115/><G115/><T73/><D65/><U79/><E111/><V103/><F135/><W44/><G19/><T83/><D9/><U22/><E119/><V10/><F120/><W99/><G99/><T60/><D60/><U130/><E71/><V92/><F32/><W113/><G113/><T125/><D96/><U49/><E79/><V105/><F105/><W67/><G67/><T37/><D37/><U127/><E72/><V12/><F10/><W86/><G86/><T4/><D4/><U110/><E110/><V123/><F123/><W39/><G39/><T58/><D73/><U134/><E134/><V40/><F40/><W41/><G41/><T13/><D13/><U121/><E121/><V56/><F103/><W81/><G3/><T128/><D128/><N who="1" m="49259" /><E127/><N who="0" m="48649" /><D23/><U53/><E14/><V132/><F132/><W88/><G35/><AGARI ba="0,0" hai="22,26,29,33,35,46,49,53,62,66,69" m="49259" machi="35" ten="30,2000,0" yaku="19,1,52,1" doraHai="48" who="1" fromWho="3" sc="250,0,73,20,340,0,337,-20" />
</Scene>
<Scene>
<INIT seed="4,0,0,0,1,127" ten="250,93,340,317" oya="0" hai0="124,5,7,60,20,55,89,100,26,29,133,44,21" hai1="79,38,86,83,121,9,14,11,32,0,112,119,96" hai2="8,47,120,62,122,67,106,76,84,69,63,42,103" hai3="33,45,36,52,13,16,107,50,53,90,105,129,94"/><T116/><D100/><U49/><E119/><V19/><F63/><W92/><G129/><T35/><D124/><U6/><E38/><V102/><F76/><W40/><G33/><T114/><D114/><U130/><E121/><V4/><F19/><W23/><G94/><T56/><D116/><U91/><E32/><V68/><F68/><W97/><REACH who="3" step="1"/><G53/><REACH who="3" ten="250,93,340,307" step="2"/><T46/><D133/><U108/><E112/><V59/><F122/><W72/><G72/><T135/><D135/><U58/><E108/><V15/><F120/><W61/><G61/><T71/><D55/><U57/><E130/><V80/><F106/><W126/><G126/><T65/><D60/><U2/><E49/><V82/><F69/><W43/><G43/><T125/><D71/><U48/><E48/><V111/><F111/><W70/><G70/><T17/><D125/><U27/><E83/><V12/><F82/><W110/><G110/><T51/><D51/><U22/><E58/><AGARI ba="0,1" hai="13,16,23,36,40,45,50,52,58,90,92,97,105,107" machi="58" ten="30,7700,0" yaku="1,1,7,1,54,2,53,0" doraHai="127" doraHaiUra="109" who="3" fromWho="1" sc="250,0,93,-77,340,0,307,87" />
</Scene>
<Scene>
<INIT seed="5,0,0,2,0,10" ten="250,16,340,394" oya="1" hai0="67,89,29,1,11,17,102,0,73,96,114,122,54" hai1="45,75,53,134,48,90,124,23,24,60,113,47,35" hai2="13,20,27,38,71,44,30,98,7,22,15,100,132" hai3="121,28,2,69,33,74,57,16,101,88,3,135,51"/><U68/><E75/><V85/><F71/><W77/><G121/><T99/><D67/><U8/><E35/><V107/><F132/><W63/><G135/><T125/><D29/><U87/><E134/><V86/><F7/><W14/><G69/><T78/><D122/><U59/><E113/><V5/><F5/><W52/><G101/><T117/><D114/><U126/><E68/><V108/><F108/><W131/><G131/><T21/><D73/><U91/><E8/><V127/><F127/><W64/><G74/><T36/><D125/><U72/><E72/><V6/><F6/><W95/><G77/><T62/><D11/><U129/><E129/><V50/><F38/><W97/><G33/><T116/><D36/><U32/><E32/><V18/><REACH who="2" step="1"/><F15/><REACH who="2" ten="250,16,330,394" step="2"/><W128/><G128/><T109/><D109/><U112/><E112/><V58/><F58/><N who="3" m="33055" /><G3/><T115/><D0/><U49/><E124/><V94/><F94/><W41/><G2/><T81/><D1/><U130/><E126/><V92/><F92/><W4/><G4/><T12/><D115/><U40/><E130/><V79/><F79/><W31/><G41/><AGARI ba="0,1" hai="13,18,20,22,27,30,41,44,50,85,86,98,100,107" machi="41" ten="30,7700,0" yaku="1,1,7,1,52,1,53,1" doraHai="10" doraHaiUra="103" who="2" fromWho="3" sc="250,0,16,0,330,87,394,-77" />
</Scene>
<Scene>
<INIT seed="6,0,0,1,4,46" ten="250,16,417,317" oya="2" hai0="13,18,68,80,105,129,43,132,125,22,52,103,70" hai1="48,101,23,88,54,16,97,134,30,117,74,53,65" hai2="56,2,27,10,100,45,81,112,84,113,96,19,83" hai3="93,31,42,36,115,87,130,120,59,71,24,51,60"/><V135/><F135/><W126/><G120/><T11/><D43/><U26/><E117/><V32/><F45/><W78/><G36/><T25/><D132/><U127/><E134/><V75/><F75/><W133/><G133/><T98/><D129/><U0/><E74/><V39/><F39/><W92/><G130/><T5/><D125/><U4/><E127/><V123/><F123/><W89/><G126/><T6/><D6/><U121/><E121/><V104/><F56/><W85/><G71/><T21/><D80/><U72/><E72/><V118/><F118/><W110/><G110/><T102/><D102/><U41/><E65/><V40/><F40/><W124/><G124/><T47/><D21/><U94/><E0/><V44/><F44/><N who="3" m="26007" /><G115/><N who="2" m="44105" /><F84/><N who="3" m="32331" /><G78/><T86/><D86/><U15/><E4/><N who="2" m="1303" /><F32/><W8/><G89/><T3/><D3/><U131/><E131/><V61/><F61/><W14/><G59/><T57/><D47/><N who="1" m="25711" /><E101/><V49/><F49/><AGARI ba="0,0" hai="5,11,13,18,22,25,49,52,57,68,70,98,103,105" machi="49" ten="30,3900,0" yaku="7,1,52,1,54,1" doraHai="46" who="0" fromWho="2" sc="250,39,16,0,417,-39,317,0" />
</Scene>
<Scene>
<INIT seed="7,0,0,3,2,19" ten="289,16,378,317" oya="3" hai0="94,111,86,18,0,118,113,60,48,117,14,34,120" hai1="61,65,119,10,11,84,24,127,32,82,35,41,12" hai2="77,91,124,43,71,28,105,128,51,1,25,88,134" hai3="110,39,83,38,74,115,26,108,102,95,23,36,67"/><W62/><G115/><T112/><D0/><U58/><E127/><V89/><F1/><W78/><G95/><T76/><D60/><U80/><E119/><V106/><F71/><W40/><G102/><T42/><D34/><N who="1" m="12843" /><E41/><V8/><F8/><N who="1" m="3113" /><E12/><V45/><F124/><W55/><G55/><T122/><D42/><U17/><E84/><V59/><F128/><W37/><G40/><T2/><D2/><U29/><E29/><V121/><F134/><W114/><G114/><N who="0" m="44139" /><D111/><U44/><E44/><V81/><F59/><W69/><REACH who="3" step="1"/><G39/><REACH who="3" ten="289,16,378,307" step="2"/><T7/><D94/><U109/><E109/><V31/><F43/><W20/><G20/><N who="0" m="11351" /><D48/><U107/><E107/><V30/><F106/><W103/><G103/><T97/><D97/><U4/><E4/><V54/><F105/><W3/><G3/><T64/><D7/><U21/><E82/><V104/><F104/><W72/><G72/><T98/><D98/><U87/><E80/><V126/><F126/><W79/><G79/><T90/><D76/><U6/><E6/><V92/><F92/><W52/><G52/><T68/><D64/><U5/><E5/><V130/><F77/><W100/><G100/><T53/><D53/><U101/><E101/><V13/><F81/><W56/><G56/><T133/><D68/><U123/><E87/><V73/><F54/><W75/><G75/><T85/><D85/><U9/><E9/><V46/><F73/><W27/><G27/><T50/><D50/><U49/><E49/><V96/><F25/><W125/><G125/><T131/><D117/><U132/><E132/><V63/><F51/><RYUUKYOKU ba="0,1" sc="289,-15,16,15,378,-15,307,15" hai1="17,21,24,58,61,65,123" hai3="23,26,36,37,38,62,67,69,74,78,83,108,110" />
</Scene>
<Scene>
<INIT seed="7,1,1,4,5,111" ten="274,31,363,322" oya="3" hai0="26,80,36,21,126,4,31,49,39,96,30,134,64" hai1="40,100,23,95,99,63,103,17,69,14,78,3,41" hai2="15,121,51,42,128,90,38,131,6,48,52,76,114" hai3="94,108,12,70,60,66,57,18,8,19,81,34,50"/><W65/><G108/><T22/><D64/><U135/><E135/><V72/><F114/><W44/><G34/><T37/><D134/><U79/><E3/><V35/><F35/><W117/><G117/><T24/><D4/><U112/><E69/><V98/><F121/><W133/><G133/><T88/><D126/><U92/><E63/><V124/><F124/><W82/><G94/><T107/><D49/><U20/><E14/><V55/><F38/><W118/><G118/><T46/><D107/><U32/><E32/><V2/><F2/><W113/><G113/><T25/><D25/><U102/><E112/><V0/><F0/><W116/><G116/><T28/><D28/><U10/><E10/><N who="2" m="4567" /><F76/><W29/><G29/><T97/><REACH who="0" step="1"/><D46/><REACH who="0" ten="264,31,363,322" step="2"/><U68/><E68/><V85/><F51/><W53/><G66/><T83/><D83/><N who="3" m="31753" /><G70/><T105/><D105/><U122/><E122/><V73/><F48/><W5/><AGARI ba="1,2" hai="5,8,12,18,19,44,50,53,57,60,65" m="31753" machi="5" ten="30,1500,0" yaku="8,1" doraHai="111" who="3" fromWho="3" sc="264,-6,31,-6,363,-6,322,38" owari="258,-14.0,25,-47.0,357,16.0,360,45.0" />
</Scene>
</mjloggm>