<mjloggm ver="2.3"><GO type="169" lobby="0"/><UN n0="%31%35%30%30" n1="%73%68%6F%6F%74%33%39" n2="%E5%A4%AA%E3%81%8F%E3%81%AA%E3%81%84%E3%81%8A" n3="%E3%81%8A%E3%81%8B%E3%82%82%E3%81%A8" dan="16,18,18,19" rate="2114.04,2132.33,2188.42,2226.91" sx="M,M,M,M"/><TAIKYOKU oya="0"/>

<Scene>
<INIT seed="0,0,0,1,2,24" ten="250,250,250,250" oya="0" hai0="43,66,33,52,56,20,35,73,65,128,53,89,109" hai1="114,68,134,69,27,91,48,12,42,15,25,117,16" hai2="26,80,11,90,130,4,29,121,30,123,119,46,86" hai3="28,2,6,103,96,62,17,133,112,21,9,37,18"/><T71/><D73/><U135/><E117/><V125/><F119/><W95/><G37/><T13/><D128/><U127/><E127/><V54/><F125/><W63/><G112/><T61/><D43/><U22/><E114/><V84/><F130/><W67/><G133/><N who="1" m="50698" /><E27/><V41/><F54/><W94/><G94/><T104/><D104/><U99/><E42/><V108/><F84/><W36/><G36/><T40/><D40/><U75/><E75/><V97/><F97/><W82/><G82/><T126/><D126/><U1/><E1/><V10/><F108/><W57/><G62/><T122/><D122/><U64/><E48/><V47/><F47/><W38/><G38/><T76/><D76/><U45/><E45/><V100/><F100/><W101/><G103/><T34/><D109/><U102/><E91/><V110/><F110/><W5/><G6/><T113/><D113/><U106/><E64/><V79/><F90/><W51/><G51/><T131/><D131/><U3/><E3/><V74/><F74/><W118/><G118/><T87/><D71/><AGARI ba="0,0" hai="12,15,16,22,25,68,69,71,99,102,106" m="50698" machi="71" ten="30,2000,0" yaku="20,1,54,1" doraHai="24" who="1" fromWho="0" sc="250,-20,250,20,250,0,250,0" />
</Scene>
<Scene>
<INIT seed="1,0,0,2,5,49" ten="230,270,250,250" oya="1" hai0="39,77,103,115,4,48,62,26,54,13,10,99,33" hai1="131,128,104,40,58,83,91,88,96,55,44,7,46" hai2="30,111,102,11,65,61,82,98,71,75,120,51,80" hai3="37,132,122,68,92,21,113,87,1,17,97,89,5"/><U16/><E7/><V23/><F120/><W127/><G68/><T57/><D39/><U31/><E31/><V119/><F119/><W129/><G37/><T52/><D115/><U101/><E16/><V94/><F111/><W108/><G113/><T36/><D36/><N who="1" m="21511" /><E46/><V18/><F75/><W86/><G122/><T90/><D77/><U24/><E24/><V69/><F69/><W8/><G108/><T134/><D134/><U81/><E81/><V2/><F30/><W66/><G132/><T53/><D90/><U41/><E41/><V32/><F32/><W107/><G86/><T76/><D76/><U42/><E42/><V78/><F78/><W72/><G72/><T19/><D33/><U84/><E83/><V121/><F121/><W38/><G38/><T45/><D26/><U73/><E84/><V14/><F51/><W116/><G87/><T85/><D85/><U25/><E25/><V35/><F35/><W70/><G116/><T28/><D28/><U126/><E73/><V63/><F63/><W60/><G60/><T59/><D4/><U50/><E126/><V29/><F29/><W47/><G127/><T112/><D112/><U93/><E104/><V118/><F118/><W56/><G107/><T105/><D59/><U12/><E12/><V43/><F43/><AGARI ba="0,0" hai="10,13,19,43,45,48,52,53,54,57,62,99,103,105" machi="43" ten="30,8000,1" yaku="7,1,52,3,54,1" doraHai="49" who="0" fromWho="2" sc="230,80,270,0,250,-80,250,0" />
</Scene>
<Scene>
<INIT seed="2,0,0,1,3,74" ten="310,270,170,250" oya="2" hai0="37,96,69,102,114,134,127,123,44,105,49,25,122" hai1="29,30,110,130,121,68,129,1,50,21,14,83,59" hai2="118,38,128,10,40,86,48,113,88,3,8,78,84" hai3="17,6,18,35,24,54,51,76,100,109,55,12,15"/><V16/><F113/><W33/><G109/><T72/><D114/><U106/><E68/><V58/><F118/><W66/><G66/><T71/><D127/><U85/><E1/><V32/><F32/><W60/><G100/><T93/><D134/><U57/><E106/><V11/><F128/><N who="1" m="49257" /><E121/><V45/><F3/><W4/><G60/><T104/><D25/><U22/><E110/><V5/><F5/><W26/><REACH who="3" step="1"/><G51/><REACH who="3" ten="310,270,170,240" step="2"/><T13/><D49/><U61/><E50/><V101/><F101/><W132/><G132/><T135/><D135/><U89/><E61/><V112/><F112/><W43/><G43/><T27/><D102/><U95/><E30/><V94/><F38/><W79/><AGARI ba="0,1" hai="4,6,12,15,17,18,24,26,33,35,54,55,76,79" machi="79" ten="25,12000,2" yaku="1,1,0,1,22,2,52,2,53,0" doraHai="74" doraHaiUra="124" who="3" fromWho="3" sc="310,-30,270,-30,170,-60,240,130" />
</Scene>
<Scene>
<INIT seed="3,0,0,2,0,91" ten="280,240,110,370" oya="3" hai0="2,72,104,75,133,59,35,90,27,9,38,61,68" hai1="123,92,87,55,82,70,102,106,25,118,120,105,53" hai2="115,18,117,47,65,19,57,114,76,84,112,77,108" hai3="28,94,96,6,64,21,62,33,85,89,122,34,41"/><W15/><G122/><N who="1" m="46634" /><E25/><V3/><F117/><W95/><G41/><T129/><D133/><U131/><E53/><V7/><F108/><W12/><G33/><T32/><D129/><U4/><E55/><V51/><F3/><W11/><G34/><T23/><D38/><U86/><E4/><V52/><F7/><W132/><G132/><T22/><D59/><U81/><E70/><V67/><F84/><N who="1" m="32297" /><E131/><V116/><F116/><W109/><G109/><T39/><D39/><U93/><E118/><V20/><F18/><W14/><G28/><T24/><D9/><U101/><E101/><V1/><F1/><W8/><G21/><T5/><D5/><U100/><E100/><V0/><F0/><W43/><G43/><T71/><D2/><U69/><E69/><V16/><F19/><W97/><G11/><T103/><D61/><U113/><E113/><V58/><F58/><N who="3" m="36951" /><G85/><T111/><D111/><U79/><E79/><V40/><F77/><W83/><G83/><N who="1" m="31754" /><E102/><AGARI ba="0,0" hai="6,8,12,14,15,89,94,95,96,97,102" m="36951" machi="102" ten="30,5800,0" yaku="8,1,52,2" doraHai="91" who="3" fromWho="1" sc="280,0,240,-58,110,0,370,58" />
</Scene>
<Scene>
<INIT seed="3,1,0,0,3,81" ten="280,182,110,428" oya="3" hai0="17,83,118,123,34,60,131,129,10,46,19,113,96" hai1="7,104,39,23,0,122,103,2,110,106,84,67,35" hai2="16,42,130,27,20,77,86,111,62,126,55,64,134" hai3="101,50,116,48,37,12,47,63,124,89,98,65,43"/><W102/><G116/><T73/><D123/><U87/><E35/><V13/><F111/><W85/><G124/><T14/><D34/><U128/><E39/><V119/><F119/><W99/><G12/><T133/><D118/><U90/><E122/><V59/><F126/><W53/><G99/><T38/><D133/><U33/><E33/><V78/><F134/><W75/><G75/><T125/><D125/><U25/><E110/><V1/><F1/><W30/><G30/><T9/><D96/><U97/><E106/><V68/><F130/><N who="0" m="49674" /><D60/><U54/><E128/><V24/><F42/><W121/><G121/><T66/><D66/><U114/><E114/><V45/><F45/><W58/><G98/><T94/><D94/><U70/><E54/><V5/><F5/><W127/><G127/><T69/><D69/><U100/><E100/><V93/><F77/><W21/><G21/><T36/><D113/><U95/><E7/><V41/><F41/><W18/><G18/><N who="0" m="6667" /><D14/><U79/><E67/><V51/><F78/><W115/><G115/><T15/><D15/><U57/><E70/><V76/><F76/><W72/><G72/><T88/><D73/><U107/><E107/><V109/><REACH who="2" step="1"/><F109/><REACH who="2" ten="280,182,100,428" step="2"/><W132/><G132/><T61/><D46/><U11/><E0/><V91/><AGARI ba="1,1" hai="13,16,20,24,27,51,55,59,62,64,68,86,91,93" machi="91" ten="30,16000,3" yaku="1,1,2,1,0,1,25,2,52,1,54,1,53,1" doraHai="81" doraHaiUra="49" who="2" fromWho="2" sc="280,-41,182,-41,100,173,428,-81" />
</Scene>
<Scene>
<INIT seed="4,0,0,5,1,100" ten="239,141,273,347" oya="0" hai0="32,131,7,0,92,42,89,21,17,101,1,57,35" hai1="43,87,125,95,22,10,97,14,117,24,132,122,47" hai2="55,68,85,51,121,12,127,81,111,98,72,29,115" hai3="103,52,124,69,41,75,99,46,90,6,33,114,64"/><T39/><D131/><U5/><E122/><V37/><F111/><W82/><G33/><T26/><D42/><U88/><E117/><V71/><F37/><W110/><G110/><T36/><D57/><U18/><E125/><V8/><F72/><W25/><G124/><T53/><D101/><U105/><E132/><V91/><F127/><W27/><G114/><T3/><D53/><U19/><E105/><V62/><F121/><W63/><G6/><T107/><D107/><U13/><E97/><V77/><F115/><W44/><G44/><T16/><D7/><U119/><E119/><V20/><F20/><W66/><G66/><T123/><D123/><U116/><E116/><V128/><F29/><W73/><G52/><T104/><D104/><U129/><E129/><V83/><F62/><W94/><G75/><T130/><D130/><U54/><E54/><V60/><F60/><W48/><G73/><T70/><D70/><U40/><REACH who="1" step="1"/><E47/><REACH who="1" ten="239,131,273,347" step="2"/><V15/><F98/><W9/><G99/><T86/><REACH who="0" step="1"/><D17/><REACH who="0" ten="229,131,273,347" step="2"/><U96/><E96/><V67/><F128/><W134/><G103/><T135/><D135/><U118/><E118/><V79/><F55/><W58/><G134/><T84/><D84/><U126/><E126/><V28/><F85/><W31/><G46/><T112/><D112/><U113/><E113/><V76/><F67/><W120/><G64/><T38/><AGARI ba="0,2" hai="0,1,3,16,21,26,32,35,36,38,39,86,89,92" machi="38" ten="40,7800,0" yaku="1,1,0,1,54,1,53,0" doraHai="100" doraHaiUra="61" who="0" fromWho="0" sc="229,98,131,-26,273,-26,347,-26" />
</Scene>
<Scene>
<INIT seed="4,1,0,3,5,51" ten="327,105,247,321" oya="0" hai0="45,74,15,59,124,58,81,39,41,53,67,27,64" hai1="72,7,0,120,129,18,46,48,40,85,73,79,103" hai2="6,75,69,133,88,122,12,135,127,70,24,90,84" hai3="11,126,71,123,119,87,80,50,96,44,132,94,38"/><T5/><D74/><U89/><E120/><V92/><F122/><W47/><G119/><T57/><D81/><U111/><E111/><V99/><F75/><W107/><G71/><T83/><D83/><U109/><E109/><V31/><F127/><W121/><G126/><T76/><D76/><U10/><E129/><V43/><F43/><W110/><G107/><T16/><D124/><U62/><E79/><V52/><F6/><W36/><G132/><N who="2" m="50761" /><F12/><W14/><G110/><T125/><D125/><U22/><E62/><V105/><F24/><W65/><G38/><T112/><D112/><U20/><E103/><N who="2" m="62719" /><F31/><W115/><G36/><T91/><D91/><U37/><E37/><V98/><F84/><W32/><G14/><T3/><D3/><U130/><E130/><V55/><F90/><W95/><G87/><T128/><D128/><U9/><E9/><V17/><F17/><W86/><G86/><T25/><D5/><U49/><E73/><V2/><F2/><W42/><G11/><N who="0" m="6271" /><D41/><U66/><E72/><V100/><F100/><W82/><G42/><T63/><D39/><U61/><E18/><V1/><F1/><W35/><G121/><T131/><D131/><U104/><E104/><V118/><F118/><W114/><G123/><T56/><D45/><N who="1" m="25639" /><E89/><V113/><F113/><W28/><G115/><T93/><D93/><U34/><E85/><V33/><F33/><W68/><G95/><T30/><D30/><U78/><E34/><V4/><F4/><W77/><G32/><T13/><D13/><U102/><E0/><V101/><F101/><W23/><G114/><RYUUKYOKU ba="1,0" sc="327,15,105,-15,247,15,321,-15" hai0="25,27,53,56,57,58,59,63,64,67" hai2="52,55,69,70,88,92,98" />
</Scene>
<Scene>
<INIT seed="4,2,0,2,5,111" ten="342,90,262,306" oya="0" hai0="60,44,131,70,95,57,42,59,37,103,90,56,34" hai1="89,24,22,11,135,133,118,40,17,113,100,82,26" hai2="117,74,55,66,53,93,87,39,0,126,8,72,115" hai3="35,112,104,122,49,79,12,71,134,28,83,15,54"/><T21/><D34/><U102/><E118/><V109/><F109/><W92/><G104/><T97/><D131/><U16/><E40/><V88/><F39/><W50/><G71/><T99/><D21/><U106/><E82/><V48/><F117/><W51/><G134/><N who="1" m="51210" /><E89/><V123/><F123/><W43/><G122/><T31/><D31/><U27/><E106/><V13/><F0/><W68/><G43/><T98/><REACH who="0" step="1"/><D103/><REACH who="0" ten="332,90,262,306" step="2"/><N who="1" m="39467" /><E22/><V20/><F20/><W9/><G35/><T108/><D108/><U10/><E113/><V80/><F115/><W38/><G112/><T110/><D110/><U19/><AGARI ba="2,1" hai="10,11,16,17,19,24,26,27" m="39467,51210" machi="19" ten="40,8000,1" yaku="28,2,20,1,54,1" doraHai="111" who="1" fromWho="1" sc="332,-42,90,96,262,-22,306,-22" />
</Scene>
<Scene>
<INIT seed="5,0,0,3,5,104" ten="290,186,240,284" oya="1" hai0="15,93,89,62,10,4,123,36,122,27,79,50,57" hai1="134,1,99,2,132,24,9,47,17,75,81,52,110" hai2="117,78,38,133,69,87,64,33,73,13,74,6,22" hai3="124,5,46,51,45,21,106,115,84,129,66,34,20"/><U121/><E121/><N who="0" m="46089" /><D36/><U97/><E110/><V128/><F33/><W29/><G106/><T42/><D27/><U68/><E68/><V88/><F117/><W91/><G124/><T56/><D79/><N who="1" m="44287" /><E24/><V102/><F38/><W14/><G66/><T100/><D100/><U116/><E116/><V98/><F78/><W58/><G58/><T95/><D95/><U37/><E17/><V125/><F125/><W67/><G67/><T59/><D42/><N who="1" m="22991" /><E52/><V103/><F69/><W60/><G60/><T120/><D50/><U44/><E44/><V7/><F64/><W55/><G46/><T114/><D114/><U30/><E30/><V135/><F102/><W92/><G115/><T18/><D120/><U53/><E53/><V48/><F48/><W63/><G63/><T39/><D39/><U41/><E41/><V109/><F109/><W16/><G34/><T65/><D18/><U0/><E9/><V85/><F22/><W43/><G43/><T105/><D105/><U101/><E101/><V25/><F25/><N who="3" m="16559" /><G129/><T82/><D93/><U23/><E23/><V19/><F128/><W8/><G20/><T72/><D89/><U130/><E130/><V119/><F119/><W31/><G31/><T111/><D111/><U35/><E35/><V80/><F19/><AGARI ba="0,0" hai="5,8,14,16,19,45,51,55,84,91,92" m="16559" machi="19" ten="30,2000,0" yaku="8,1,54,1" doraHai="104" who="3" fromWho="2" sc="290,0,186,0,240,-20,284,20" />
</Scene>
<Scene>
<INIT seed="6,0,0,1,2,120" ten="290,186,220,304" oya="2" hai0="60,71,8,9,106,28,15,51,54,78,96,80,94" hai1="56,10,26,23,124,129,21,20,30,58,33,132,117" hai2="18,32,70,7,47,69,13,99,36,12,40,90,116" hai3="49,35,74,53,16,68,34,65,128,52,75,126,42"/><V108/><F116/><W105/><G105/><T88/><D106/><U57/><E117/><V109/><F32/><W97/><G42/><T112/><D112/><U98/><E124/><V11/><F99/><W66/><G128/><T111/><D111/><N who="2" m="42570" /><F90/><W55/><G49/><T134/><D28/><U76/><E129/><V95/><F95/><W37/><G97/><T81/><D134/><U115/><E115/><V41/><F41/><W82/><G37/><T29/><D29/><U131/><E131/><V39/><F39/><W101/><G101/><T122/><D122/><U14/><E76/><V64/><F64/><W89/><G66/><T107/><D107/><U103/><E132/><V63/><F63/><W45/><G35/><T102/><D102/><U86/><E86/><V135/><F135/><W84/><G65/><T19/><D78/><U123/><E123/><V130/><F130/><W118/><G34/><T91/><D91/><U83/><E83/><V92/><F92/><W133/><G89/><T43/><D81/><U38/><E38/><V100/><F100/><W5/><G84/><T125/><D80/><U0/><E98/><V24/><F24/><W77/><G82/><T17/><D43/><U127/><E103/><V73/><F73/><W121/><G75/><T62/><D60/><U87/><E87/><V67/><F67/><W93/><G74/><T27/><D62/><U44/><E127/><V50/><F36/><W3/><G133/><T4/><D27/><U79/><E79/><V85/><F85/><W59/><G126/><T22/><D125/><U6/><E44/><RYUUKYOKU ba="0,0" sc="290,-15,186,15,220,15,304,-15" hai1="0,6,10,14,20,21,23,26,30,33,56,57,58" hai2="7,11,12,13,18,40,47,50,69,70" />
</Scene>
<Scene>
<INIT seed="6,1,0,4,4,72" ten="275,201,235,289" oya="2" hai0="79,12,99,36,76,83,45,26,59,126,71,27,17" hai1="119,134,125,95,96,132,42,19,44,88,62,23,93" hai2="68,131,115,3,49,124,21,114,111,100,48,92,34" hai3="78,56,20,82,102,86,112,28,84,15,117,94,41"/><V60/><F34/><W51/><G117/><T58/><D71/><U52/><E119/><V80/><F3/><W11/><G112/><N who="2" m="43049" /><F124/><W107/><G107/><T89/><D126/><U87/><E125/><V33/><F33/><W122/><G122/><T118/><D118/><U46/><E42/><V120/><F120/><W121/><G121/><T55/><D36/><U67/><E67/><N who="2" m="41063" /><F131/><W38/><G38/><T14/><D14/><N who="1" m="9719" /><E134/><V31/><F111/><W109/><G28/><T75/><D75/><U2/><E2/><V103/><F80/><W24/><G20/><T13/><D13/><U74/><E74/><V97/><F103/><W39/><G82/><T63/><D83/><U116/><E132/><V37/><F37/><W43/><G102/><T113/><D113/><U32/><E32/><V105/><F105/><W35/><G39/><T130/><D130/><U104/><E104/><V70/><F70/><W101/><G101/><T6/><D27/><AGARI ba="1,0" hai="21,27,31,48,49,92,97,100" m="41063,43049" machi="27" ten="30,1500,0" yaku="15,1" doraHai="72" who="2" fromWho="0" sc="275,-18,201,0,235,18,289,0" />
</Scene>
<Scene>
<INIT seed="6,2,0,3,4,0" ten="257,201,253,289" oya="2" hai0="133,88,32,53,122,116,118,18,131,39,119,64,108" hai1="13,130,28,26,75,90,12,30,50,73,69,111,83" hai2="31,29,89,10,85,37,25,35,56,109,96,6,60" hai3="77,135,3,126,61,5,127,8,129,48,62,134,36"/><V45/><F109/><W14/><G36/><T7/><D108/><U54/><E69/><V34/><F96/><W15/><G129/><T22/><D32/><U123/><E111/><V66/><F37/><W71/><G77/><T47/><D64/><U86/><E130/><V78/><F78/><W68/><G48/><T99/><D122/><U43/><E123/><V17/><F45/><W57/><G15/><T67/><D67/><U49/><E73/><V81/><F17/><W65/><G3/><T80/><D131/><U102/><E102/><V24/><F10/><W44/><G44/><T70/><D70/><N who="3" m="26665" /><G62/><T95/><D7/><AGARI ba="2,0" hai="6,7,24,25,29,31,34,35,56,60,66,81,85,89" machi="7" ten="40,7700,0" yaku="9,1,52,2" doraHai="0" who="2" fromWho="0" sc="257,-83,201,0,253,83,289,0" />
</Scene>
<Scene>
<INIT seed="6,3,0,1,5,27" ten="174,201,336,289" oya="2" hai0="22,114,77,108,18,1,110,12,135,24,93,45,54" hai1="38,92,57,26,25,28,60,76,41,120,87,124,2" hai2="15,13,69,126,65,127,5,50,44,94,90,96,4" hai3="20,14,33,51,64,31,6,34,104,102,100,19,58"/><V95/><F69/><W105/><G102/><T49/><D1/><U131/><E2/><V85/><F65/><W0/><G100/><T67/><D114/><U106/><E106/><V39/><F39/><W103/><G103/><T42/><D135/><U23/><E120/><V47/><F96/><W55/><G64/><T73/><D67/><U125/><E131/><V123/><F123/><W84/><G84/><T78/><D93/><U3/><E3/><V132/><F132/><W121/><G121/><T71/><D71/><U59/><E38/><V10/><F95/><W11/><G34/><T9/><D42/><U81/><E41/><V74/><F74/><W46/><G46/><T36/><D36/><U62/><E92/><V88/><F90/><W116/><G116/><T63/><D63/><U115/><E115/><V86/><F86/><W80/><G80/><T91/><D91/><U109/><E109/><V72/><F72/><W99/><G99/><T53/><D53/><U134/><E134/><V32/><F32/><W37/><G37/><T118/><D118/><U61/><REACH who="1" step="1"/><E26/><AGARI ba="3,0" hai="0,6,11,14,19,20,26,31,33,51,55,58,104,105" machi="26" ten="40,5200,0" yaku="24,2,52,1" doraHai="27" who="3" fromWho="1" sc="174,0,201,-61,336,0,289,61" />
</Scene>
<Scene>
<INIT seed="7,0,0,5,4,120" ten="174,140,336,350" oya="3" hai0="104,108,5,32,22,29,13,121,50,82,77,24,12" hai1="71,70,16,58,18,89,109,95,107,97,111,92,124" hai2="118,117,114,112,55,4,14,47,87,100,78,102,54" hai3="80,3,26,81,53,1,23,119,115,35,94,15,69"/><W74/><G119/><T72/><BYE who="2" /><D108/><U134/><E107/><V127/><F127/><W132/><G132/><T30/><D121/><U110/><E124/><V28/><F28/><W51/><G69/><T9/><D104/><U19/><E134/><V85/><F85/><W33/><G115/><T73/><D73/><U56/><E56/><V17/><F17/><W37/><G37/><T130/><D130/><U76/><E76/><V68/><F68/><W21/><G94/><T6/><D50/><U122/><E122/><V126/><F126/><W129/><G33/><T96/><D96/><U113/><E113/><V93/><F93/><W40/><G35/><T42/><D42/><U101/><REACH who="1" step="1"/><E58/><REACH who="1" ten="174,130,336,350" step="2"/><V128/><F128/><W8/><G129/><T75/><D75/><U135/><E135/><V2/><F2/><W27/><G1/><T125/><D125/><U36/><E36/><V79/><F79/><W116/><G3/><T99/><D32/><U25/><E25/><V86/><F86/><AGARI ba="0,1" hai="16,18,19,70,71,86,89,92,95,97,101,109,110,111" machi="86" ten="50,12000,2" yaku="1,1,52,3,54,1,53,2" doraHai="120" doraHaiUra="91" who="1" fromWho="2" sc="174,0,130,130,336,-120,350,0" owari="174,-33.0,260,6.0,216,-18.0,350,45.0" />
</Scene>
</mjloggm>