<mjloggm ver="2.3"><GO type="169" lobby="0"/><UN n0="%E3%83%AC%E3%83%87%E3%82%B9%E3%83%9E" n1="%4D%4A%E3%81%AE%E6%9C%80%E9%AB%98%E5%B3%B0" n2="%E5%A4%AA%E3%81%8F%E3%81%AA%E3%81%84%E3%81%8A" n3="%61%6D%65%64%69%6F" dan="16,16,17,17" rate="2131.64,2045.51,2146.83,2147.00" sx="M,M,M,M"/><TAIKYOKU oya="0"/>

<Scene>
<INIT seed="0,0,0,5,3,9" ten="250,250,250,250" oya="0" hai0="42,105,12,10,96,127,97,94,55,34,18,119,13" hai1="43,109,121,26,128,62,21,76,22,116,115,28,66" hai2="123,51,60,39,113,17,131,44,81,112,129,73,25" hai3="84,87,67,57,89,2,122,54,135,47,95,20,59"/><T90/><D119/><U29/><E121/><V65/><F73/><W16/><G2/><T130/><D34/><U31/><E116/><V24/><F81/><W107/><G107/><T103/><D130/><N who="2" m="49674" /><F39/><W49/><G135/><T102/><D127/><U106/><E106/><V6/><F6/><W40/><G122/><T46/><D55/><U68/><E128/><V133/><F123/><W78/><G67/><T132/><D132/><U86/><E115/><N who="2" m="44107" /><F17/><W7/><G7/><T110/><D110/><U0/><E109/><V37/><F37/><W108/><G108/><T30/><D30/><U52/><E0/><V19/><F19/><W104/><G104/><T82/><D82/><U61/><E43/><N who="2" m="24991" /><F133/><W32/><G32/><T75/><D75/><U48/><E76/><V33/><F33/><W85/><G78/><T117/><D117/><U27/><E86/><N who="3" m="33386" /><G40/><T11/><D42/><U35/><E35/><V38/><F38/><W3/><G3/><T134/><D134/><U64/><E31/><V99/><F99/><W56/><G47/><T4/><REACH who="0" step="1"/><D46/><REACH who="0" ten="240,250,250,250" step="2"/><U114/><E114/><V83/><F83/><W1/><G1/><T69/><D69/><AGARI ba="0,1" hai="24,25,60,65,69" m="24991,44107,49674" machi="69" ten="30,1000,0" yaku="19,1" doraHai="9" who="2" fromWho="0" sc="240,-10,250,0,250,20,250,0" />
</Scene>
<Scene>
<INIT seed="1,0,0,0,5,60" ten="230,250,270,250" oya="1" hai0="35,56,69,112,55,92,71,32,98,1,133,96,66" hai1="102,107,83,58,131,129,121,82,7,79,116,24,19" hai2="14,70,59,53,0,73,48,29,23,113,72,39,34" hai3="42,134,13,22,111,108,6,65,46,61,88,126,8"/><U132/><E116/><V127/><F0/><W21/><G134/><T67/><D112/><U103/><E121/><V123/><F123/><W135/><G135/><T125/><D1/><U2/><E132/><V3/><F3/><W99/><G126/><T63/><D133/><U54/><E7/><V52/><F39/><W30/><G30/><T12/><D125/><U100/><E107/><V94/><F127/><W37/><G99/><T43/><D43/><U78/><E2/><V77/><F70/><W50/><G37/><T9/><D35/><U27/><E19/><V15/><F113/><W75/><G75/><T124/><D32/><U86/><E58/><V10/><F34/><W106/><G106/><T25/><D25/><U87/><E54/><V89/><F77/><N who="1" m="29193" /><E27/><N who="2" m="16639" /><F72/><W95/><G22/><T38/><D38/><U44/><E44/><N who="2" m="27655" /><F73/><W119/><G21/><T5/><D124/><U110/><E24/><V49/><F10/><W51/><G51/><T62/><REACH who="0" step="1"/><D92/><REACH who="0" ten="220,250,270,250" step="2"/><U76/><E110/><V16/><F94/><W101/><G119/><T4/><D4/><U64/><E64/><V47/><F14/><W41/><G42/><T120/><D120/><U97/><E97/><V115/><F115/><W36/><G36/><T45/><D45/><U20/><E20/><N who="2" m="11295" /><F47/><W91/><G111/><T81/><D81/><N who="1" m="30731" /><E76/><V93/><F93/><W130/><G108/><T68/><D68/><U105/><E105/><V80/><F80/><W84/><G95/><T31/><D31/><U117/><E117/><V18/><F18/><W128/><G6/><T26/><D26/><U57/><E57/><RYUUKYOKU ba="0,1" sc="220,10,250,10,270,10,250,-30" hai0="5,9,12,55,56,62,63,66,67,69,71,96,98" hai1="86,87,100,102,103,129,131" hai2="49,53,59,89" />
</Scene>
<Scene>
<INIT seed="1,1,1,1,3,13" ten="230,260,280,220" oya="1" hai0="27,90,104,96,91,18,102,130,20,45,92,3,46" hai1="81,133,25,11,8,105,114,28,80,131,95,87,115" hai2="135,120,100,123,79,4,44,65,2,132,82,106,22" hai3="64,9,58,0,37,39,119,101,19,83,67,72,66"/><U55/><E105/><V50/><F65/><W23/><G119/><T57/><D3/><U14/><E131/><V16/><F4/><W47/><G101/><T111/><D130/><U52/><E11/><V93/><F2/><W68/><G68/><T94/><D111/><U40/><E40/><N who="2" m="24839" /><F106/><W122/><G122/><T74/><D74/><U43/><E43/><V77/><F93/><W59/><G9/><T56/><D46/><U71/><E71/><V112/><F100/><W76/><G0/><T41/><D104/><U126/><E95/><V127/><F127/><W89/><G89/><T61/><D61/><U38/><E81/><V51/><F51/><W118/><G118/><T121/><D121/><N who="2" m="46666" /><F82/><W30/><G30/><T7/><D7/><U124/><E38/><V42/><F42/><W88/><G47/><T125/><D125/><N who="1" m="48235" /><E55/><V62/><F62/><W6/><G6/><T78/><D78/><N who="1" m="46487" /><E52/><V15/><F112/><W73/><G39/><T49/><REACH who="0" step="1"/><D102/><REACH who="0" ten="220,260,280,220" step="2"/><U34/><E133/><AGARI ba="1,2" hai="15,16,22,77,79,132,133,135" m="46666,24839" machi="133" ten="30,3900,0" yaku="20,1,52,1,54,1" doraHai="13" who="2" fromWho="1" sc="220,0,260,-42,280,62,220,0" />
</Scene>
<Scene>
<INIT seed="2,0,0,3,5,71" ten="220,218,342,220" oya="2" hai0="18,28,46,107,29,101,59,13,66,88,6,75,55" hai1="116,97,14,22,82,45,100,26,53,12,94,7,121" hai2="93,74,133,105,110,68,72,23,84,117,61,9,127" hai3="63,64,119,81,91,30,99,104,77,21,134,25,39"/><V114/><F105/><W35/><G134/><T65/><D75/><U32/><E116/><V42/><F117/><W69/><G119/><T90/><D6/><U98/><E32/><V103/><F114/><W131/><G91/><N who="0" m="34859" /><D107/><U43/><E121/><V67/><F133/><W109/><G21/><N who="0" m="11471" /><D46/><U79/><E98/><V58/><F68/><W62/><G62/><N who="0" m="36223" /><D101/><U60/><E7/><V5/><F74/><W17/><G17/><T120/><D120/><U57/><E45/><V132/><F72/><N who="3" m="43175" /><G131/><T38/><D38/><U49/><E79/><V2/><F132/><W36/><G109/><T85/><D85/><U8/><E82/><V20/><F110/><W129/><G129/><T56/><D56/><N who="1" m="32815" /><E43/><V80/><F42/><W15/><G15/><T34/><D34/><U0/><E0/><V54/><F80/><W27/><G27/><T48/><D48/><U19/><E8/><V50/><F84/><W47/><G47/><T83/><D83/><U124/><E124/><V73/><F127/><W111/><G111/><T4/><D4/><U11/><E11/><V51/><F73/><W106/><G106/><T41/><D41/><U102/><E102/><AGARI ba="0,0" hai="25,30,35,36,39,63,64,69,99,102,104" m="43175" machi="102" ten="30,8000,1" yaku="25,1,33,2,52,2" doraHai="71" who="3" fromWho="1" sc="220,0,218,-80,342,0,220,80" />
</Scene>
<Scene>
<INIT seed="3,0,0,0,0,100" ten="220,138,342,300" oya="3" hai0="92,82,88,23,135,95,38,65,73,127,57,96,64" hai1="113,56,61,102,87,2,99,14,86,103,129,77,116" hai2="59,8,119,24,85,108,58,35,34,9,101,7,37" hai3="1,121,70,76,120,11,22,114,40,89,43,62,93"/><W132/><G114/><T78/><D38/><U118/><E2/><V66/><F37/><W122/><G76/><T81/><D135/><U91/><E113/><V54/><F119/><N who="1" m="45609" /><E129/><V109/><F101/><W63/><G22/><T133/><D133/><U0/><E0/><V33/><F24/><W97/><G132/><T98/><D127/><U107/><E103/><V74/><F74/><W106/><G106/><T5/><D82/><N who="1" m="47439" /><E14/><V67/><F85/><W115/><G115/><T15/><D57/><N who="2" m="21514" /><F54/><W10/><G70/><T83/><D83/><N who="1" m="49663" /><E56/><V36/><F36/><W27/><G27/><T71/><D71/><U53/><E53/><V117/><F117/><W60/><REACH who="3" step="1"/><G1/><REACH who="3" ten="220,138,342,290" step="2"/><T26/><D15/><U29/><E29/><V69/><F34/><W72/><G72/><T19/><REACH who="0" step="1"/><D5/><REACH who="0" ten="210,138,342,290" step="2"/><U124/><E61/><V90/><F7/><W130/><G130/><T112/><D112/><U18/><E18/><V16/><F69/><W110/><G110/><T4/><D4/><U46/><E46/><V131/><F109/><W51/><G51/><T80/><D80/><U94/><E124/><V12/><F131/><W55/><G55/><T128/><D128/><U41/><E41/><AGARI ba="0,2" hai="10,11,40,41,43,60,62,63,89,93,97,120,121,122" machi="41" ten="50,4800,0" yaku="1,1,53,1" doraHai="100" doraHaiUra="84" who="3" fromWho="1" sc="210,0,138,-48,342,0,290,68" />
</Scene>
<Scene>
<INIT seed="3,1,0,0,4,61" ten="210,90,342,358" oya="3" hai0="51,112,37,42,55,125,1,109,48,119,106,108,49" hai1="85,124,8,87,35,95,111,24,11,50,107,12,75" hai2="79,126,135,93,90,2,63,78,39,122,31,117,101" hai3="89,59,16,98,7,3,70,104,19,132,72,34,116"/><W60/><G70/><T92/><D106/><U29/><E75/><V26/><F117/><W73/><G34/><T64/><D1/><U80/><E107/><V131/><F2/><W77/><G116/><T22/><D22/><U54/><E111/><N who="0" m="42569" /><D92/><U81/><E124/><V123/><F39/><W41/><G41/><T9/><D9/><U103/><E103/><V25/><F101/><W84/><G132/><T82/><D82/><U58/><E95/><V6/><F6/><W114/><G114/><T20/><D20/><U56/><E58/><V38/><F38/><W100/><G7/><T57/><D119/><U32/><E32/><V45/><F93/><N who="3" m="54439" /><G72/><T86/><D86/><U14/><E11/><V88/><F135/><W74/><G73/><T5/><D5/><U4/><E8/><V71/><F126/><W67/><G3/><T0/><D0/><U15/><E4/><V110/><F110/><W66/><G66/><T128/><D125/><U36/><E36/><V21/><F122/><W53/><G53/><T47/><D112/><U115/><E115/><V44/><F123/><W118/><G118/><T43/><D128/><U65/><E65/><V10/><F131/><W83/><AGARI ba="1,0" hai="16,19,59,60,67,74,77,83,98,100,104" m="54439" machi="83" ten="30,6000,0" yaku="24,1,52,1,54,1" doraHai="61" who="3" fromWho="3" sc="210,-21,90,-21,342,-21,358,63" />
</Scene>
<Scene>
<INIT seed="3,2,0,5,4,14" ten="189,69,321,421" oya="3" hai0="39,24,51,27,126,130,129,111,90,101,82,4,104" hai1="48,94,81,61,74,121,95,96,62,12,114,69,45" hai2="18,119,86,42,52,67,78,113,54,1,105,29,97" hai3="76,118,93,44,40,10,31,65,3,106,84,19,30"/><W56/><G106/><T112/><D39/><U108/><E114/><V53/><F113/><W41/><G118/><T63/><D112/><U28/><E121/><V91/><F119/><W6/><G41/><T92/><D111/><U47/><E28/><V37/><F1/><W32/><G32/><T57/><D126/><U26/><E26/><V64/><F29/><W80/><G93/><T7/><D82/><U22/><E69/><V110/><F110/><W15/><G65/><T5/><D51/><U46/><E48/><V13/><F78/><W87/><G56/><T75/><D75/><U88/><E108/><V135/><F135/><W9/><G87/><N who="0" m="52319" /><D101/><N who="1" m="60567" /><E81/><N who="2" m="49615" /><F37/><AGARI ba="2,0" hai="3,6,9,10,15,19,30,31,37,40,44,76,80,84" machi="37" ten="30,2900,0" yaku="7,1,52,1" doraHai="14" who="3" fromWho="2" sc="189,0,69,0,321,-35,421,35" />
</Scene>
<Scene>
<INIT seed="3,3,0,0,5,120" ten="189,69,286,456" oya="3" hai0="10,19,14,44,55,123,107,85,6,86,112,82,18" hai1="50,8,40,11,46,121,45,98,16,65,113,52,94" hai2="29,34,27,54,127,33,56,134,102,69,64,26,72" hai3="128,115,30,100,101,53,20,68,76,99,91,118,59"/><W132/><G68/><T67/><D123/><U37/><E121/><V133/><F72/><W130/><G118/><T4/><D107/><U23/><E65/><V39/><F39/><W110/><G115/><T84/><D112/><U105/><E105/><V131/><F127/><W71/><G71/><T61/><D82/><U119/><E119/><V42/><F42/><W62/><G76/><T117/><D117/><U79/><E79/><V2/><F2/><W126/><G126/><T35/><D35/><U78/><E78/><V97/><F131/><N who="3" m="50219" /><G132/><N who="2" m="50793" /><F64/><W58/><G59/><N who="0" m="37311" /><D4/><U124/><E124/><V129/><F69/><W32/><G32/><N who="2" m="12393" /><F29/><W63/><G63/><T103/><D103/><U135/><E113/><V1/><F1/><W9/><G9/><T109/><D109/><U108/><E108/><V48/><F129/><W17/><G30/><T28/><D28/><U21/><E135/><V7/><F7/><W51/><G110/><T104/><D104/><AGARI ba="3,0" hai="26,27,48,54,56,97,102,104" m="12393,50793" machi="104" ten="30,1000,0" yaku="20,1" doraHai="120" who="2" fromWho="0" sc="189,-19,69,0,286,19,456,0" />
</Scene>
<Scene>
<INIT seed="4,0,0,0,0,67" ten="170,69,305,456" oya="0" hai0="92,129,93,117,34,116,104,112,97,5,51,110,43" hai1="9,78,108,62,124,89,115,126,31,70,35,66,77" hai2="80,81,91,111,85,11,19,27,125,57,118,44,127" hai3="49,50,88,13,121,42,4,113,60,24,105,47,17"/><T75/><D34/><U59/><E108/><V36/><F111/><W99/><G113/><T12/><D110/><U132/><E115/><V68/><F118/><W30/><G121/><T73/><D112/><U1/><E132/><V21/><F57/><W38/><G4/><T55/><D43/><U8/><E31/><V135/><F135/><W120/><G120/><T14/><D104/><U22/><E22/><V28/><F68/><W86/><G99/><T79/><D129/><U26/><E26/><V6/><F81/><W37/><G60/><T0/><D0/><U122/><E35/><V123/><F123/><W69/><G69/><T41/><D41/><U65/><E89/><V2/><F36/><W101/><G101/><T131/><D131/><U16/><E9/><V39/><F39/><W7/><G7/><T40/><D40/><U82/><E1/><V87/><F87/><W133/><G105/><T56/><D93/><U3/><E3/><V71/><F71/><W58/><G133/><T103/><D79/><U48/><E122/><V53/><F53/><N who="3" m="32055" /><G24/><T106/><D106/><U33/><E33/><N who="2" m="20639" /><F44/><W54/><G30/><T15/><REACH who="0" step="1"/><D5/><REACH who="0" ten="160,69,305,456" step="2"/><U114/><E114/><V76/><F76/><W18/><G42/><T96/><D96/><U64/><E78/><V46/><F2/><W134/><G134/><T25/><D25/><U83/><E77/><V128/><F128/><W94/><G38/><T29/><D29/><U45/><E70/><V109/><F109/><W102/><G37/><T61/><D61/><U119/><E62/><V95/><F6/><W84/><G94/><RYUUKYOKU ba="0,1" sc="160,30,69,-10,305,-10,456,-10" hai0="12,14,15,51,55,56,73,75,92,97,103,116,117" />
</Scene>
<Scene>
<INIT seed="4,1,1,2,2,42" ten="190,59,295,446" oya="0" hai0="68,81,67,17,24,96,4,54,110,124,75,50,111" hai1="129,74,132,98,88,77,117,45,73,0,99,18,97" hai2="128,106,108,95,23,58,118,13,120,7,86,123,101" hai3="70,8,43,107,100,92,125,71,55,27,130,21,47"/><T85/><D75/><U131/><E0/><V63/><F108/><N who="0" m="41514" /><D124/><U22/><E22/><V15/><F106/><W33/><G33/><T119/><D119/><U83/><E18/><V72/><F72/><N who="1" m="27753" /><E117/><V94/><F128/><N who="1" m="49225" /><E132/><V56/><F23/><W66/><G107/><T2/><D96/><U82/><E45/><V30/><F7/><W6/><G55/><T64/><D68/><U93/><E77/><V10/><F30/><W60/><G125/><T52/><D17/><U84/><AGARI ba="1,1" hai="82,83,84,88,93,97,98,99" m="49225,27753" machi="84" ten="40,8000,1" yaku="19,1,34,2,54,1" doraHai="42" who="1" fromWho="1" sc="190,-41,59,93,295,-21,446,-21" />
</Scene>
<Scene>
<INIT seed="5,0,0,4,3,36" ten="149,152,274,425" oya="1" hai0="98,122,105,126,79,127,131,104,28,93,15,129,74" hai1="32,44,54,53,1,121,83,63,94,52,57,49,125" hai2="10,118,109,29,46,85,128,132,100,8,59,81,6" hai3="39,37,19,55,67,0,17,50,65,60,115,133,113"/><U72/><E32/><V16/><F109/><W124/><G0/><T103/><D28/><U95/><E1/><V87/><F118/><W91/><G91/><T12/><D12/><U70/><E121/><V4/><F29/><W61/><G133/><T3/><D15/><U90/><E70/><V69/><F69/><N who="3" m="42151" /><G19/><T58/><D58/><U99/><E125/><N who="0" m="47625" /><D3/><U22/><E72/><V51/><F59/><N who="3" m="37311" /><G17/><T27/><D27/><U34/><E34/><V92/><F128/><N who="0" m="49226" /><D122/><U77/><E95/><V110/><F92/><W2/><G2/><T102/><D102/><U97/><E22/><V96/><F6/><W43/><G124/><T78/><D74/><U71/><E71/><V7/><F4/><W123/><G123/><T117/><D117/><U38/><E38/><V120/><F7/><W73/><G73/><T62/><D62/><U86/><E99/><V13/><F96/><W11/><G11/><T106/><AGARI ba="0,0" hai="78,79,93,98,103,104,105,106" m="49226,47625" machi="106" ten="40,8000,1" yaku="18,1,19,1,34,2" doraHai="36" who="0" fromWho="0" sc="149,80,152,-40,274,-20,425,-20" />
</Scene>
<Scene>
<INIT seed="6,0,0,0,0,11" ten="229,112,254,405" oya="2" hai0="122,65,51,2,37,34,135,49,109,12,126,108,110" hai1="14,93,4,77,57,103,26,28,43,55,67,83,44" hai2="9,75,119,24,5,107,32,29,113,35,125,72,21" hai3="91,20,80,7,134,74,27,132,105,56,92,100,19"/><V99/><F119/><W127/><G7/><T69/><D2/><U31/><E67/><V71/><F71/><W33/><G33/><T13/><D122/><U128/><E128/><V62/><F113/><W131/><G131/><T41/><D34/><U0/><E0/><V17/><F35/><W118/><G118/><T111/><D111/><U90/><E103/><V18/><F62/><W59/><G127/><T98/><D98/><U73/><E26/><V63/><F63/><W88/><G100/><T89/><D89/><U106/><E106/><V1/><F125/><W104/><G91/><T112/><D126/><U42/><E42/><V38/><F38/><W79/><G104/><T52/><D112/><U96/><E57/><V16/><F107/><W102/><G102/><T61/><D135/><N who="3" m="51753" /><G105/><T36/><D51/><U101/><E55/><V123/><F99/><AGARI ba="0,0" hai="19,20,27,56,59,74,79,80,88,92,99" m="51753" machi="99" ten="30,2000,0" yaku="20,1,54,1" doraHai="11" who="3" fromWho="2" sc="229,0,112,0,254,-20,405,20" />
</Scene>
<Scene>
<INIT seed="7,0,0,0,1,77" ten="229,112,234,425" oya="3" hai0="122,66,48,64,116,52,108,7,125,73,94,50,95" hai1="58,57,28,47,35,20,130,115,78,114,39,79,104" hai2="132,102,124,127,21,5,83,129,81,15,41,69,55" hai3="113,18,111,30,123,34,12,11,133,4,135,19,54"/><W37/><G37/><T103/><D122/><U67/><E104/><V101/><F69/><W110/><G54/><T44/><D108/><N who="3" m="41513" /><G123/><T74/><D116/><U96/><E35/><V68/><F68/><W86/><G86/><T32/><D32/><U109/><E109/><V89/><F89/><W56/><G56/><T82/><D125/><U92/><E130/><V84/><F21/><W36/><G36/><T88/><D74/><U75/><E58/><V26/><F15/><W27/><G113/><T14/><D50/><U121/><E121/><V2/><F5/><W112/><G112/><T51/><D51/><U24/><E114/><V17/><F17/><AGARI ba="0,0" hai="4,11,12,17,18,19,27,30,34,133,135" m="41513" machi="17" ten="30,5800,0" yaku="10,1,34,2" doraHai="77" who="3" fromWho="2" sc="229,0,112,0,234,-58,425,58" owari="229,3.0,112,-39.0,176,-22.0,483,58.0" />
</Scene>
</mjloggm>