<mjloggm ver="2.3"><GO type="169" lobby="0"/><UN n0="%46%43%50%54%4B" n1="%E3%81%A6%E3%82%93%E3%81%BD%E3%81%84%E3%82%93%E3%81%A8" n2="%E5%A4%AA%E3%81%8F%E3%81%AA%E3%81%84%E3%81%8A" n3="%E5%B0%8F%E5%B9%B3%E3%83%AB%E3%83%8D" dan="16,17,18,16" rate="2100.52,2159.19,2192.73,2113.83" sx="M,M,M,M"/><TAIKYOKU oya="0"/>

<Scene>
<INIT seed="0,0,0,1,1,127" ten="250,250,250,250" oya="0" hai0="38,39,26,59,116,52,95,40,17,45,15,99,78" hai1="7,47,81,44,75,36,25,63,34,54,61,120,121" hai2="41,5,65,42,112,58,134,68,67,74,72,94,6" hai3="12,35,62,46,119,77,66,118,113,21,128,71,37"/><T3/><D116/><U131/><E7/><V22/><F68/><W14/><G113/><T76/><D3/><U64/><E75/><V108/><F22/><W55/><G35/><T4/><D39/><U98/><E81/><V125/><F94/><W101/><G101/><T13/><D4/><U19/><E98/><V43/><F43/><W107/><G107/><T130/><D26/><U115/><E19/><V105/><F58/><W28/><G28/><T109/><D109/><U103/><E103/><V10/><F10/><W50/><G77/><T18/><D18/><U24/><E34/><V97/><F97/><W60/><G60/><T104/><D104/><U129/><E36/><V92/><F92/><W9/><G37/><T31/><D31/><U126/><E126/><V132/><F105/><W85/><G85/><T2/><D2/><U51/><E115/><V123/><F125/><W56/><G71/><T20/><D13/><U79/><E79/><V80/><F112/><W8/><G21/><T30/><D30/><U69/><E63/><V89/><F74/><W83/><G83/><T1/><D1/><U70/><E70/><V32/><F80/><W53/><G119/><T100/><REACH who="0" step="1"/><D130/><REACH who="0" ten="240,250,250,250" step="2"/><N who="1" m="49675" /><E47/><V33/><F6/><N who="3" m="3095" /><G128/><T16/><D16/><U102/><E102/><V73/><F5/><N who="3" m="3375" /><G118/><T49/><AGARI ba="0,1" hai="15,17,20,38,40,45,49,52,59,76,78,95,99,100" machi="49" ten="20,12000,1" yaku="1,1,0,1,7,1,54,1,53,1" doraHai="127" doraHaiUra="96" who="0" fromWho="0" sc="240,130,250,-40,250,-40,250,-40" />
</Scene>
<Scene>
<INIT seed="0,1,0,2,0,98" ten="370,210,210,210" oya="0" hai0="28,111,108,58,63,21,20,22,119,31,48,76,96" hai1="62,121,135,29,112,16,130,97,27,73,105,68,0" hai2="19,88,37,83,117,46,113,92,95,131,9,8,66" hai3="44,45,6,107,104,78,79,42,65,10,86,40,100"/><T109/><D119/><U85/><E73/><V75/><F113/><W47/><G65/><N who="0" m="39159" /><D76/><U17/><E0/><V94/><F117/><W56/><G56/><T49/><D96/><U103/><E121/><V2/><F66/><W102/><G107/><T134/><D134/><U60/><E130/><V18/><F131/><W87/><G104/><T14/><D14/><U67/><E135/><V34/><F34/><W115/><G115/><T25/><D31/><U5/><E5/><N who="2" m="1079" /><F88/><W54/><G54/><T110/><N who="0" m="27648" /><DORA hai="30" /><T125/><D125/><U133/><E133/><V51/><F19/><W15/><G79/><T72/><D72/><U52/><E85/><N who="3" m="32266" /><G78/><T128/><D128/><U132/><E112/><V71/><F18/><W82/><G82/><T1/><D1/><U50/><E62/><V116/><F83/><W43/><AGARI ba="1,0" hai="6,10,15,40,42,43,44,45,47,100,102" m="32266" machi="43" ten="40,5200,0" yaku="8,1,52,2" doraHai="98,30" who="3" fromWho="3" sc="370,-27,210,-14,210,-14,210,55" />
</Scene>
<Scene>
<INIT seed="1,0,0,2,3,75" ten="343,196,196,265" oya="1" hai0="57,19,27,26,6,62,68,81,126,54,99,50,0" hai1="112,92,84,49,58,77,56,7,67,133,28,41,80" hai2="24,115,120,20,18,48,72,104,118,55,30,45,38" hai3="64,34,52,129,85,109,128,35,23,122,15,25,32"/><U107/><E107/><V16/><F120/><W9/><G109/><T42/><D0/><U69/><E112/><V86/><F72/><W61/><G122/><T87/><D6/><U79/><E133/><V74/><F74/><W14/><G85/><T134/><D134/><U1/><E69/><V130/><F118/><W65/><G65/><T96/><D126/><U78/><E28/><V110/><F104/><W113/><G113/><T4/><D4/><U53/><E41/><V3/><F3/><W39/><G39/><T43/><D68/><U131/><E131/><N who="3" m="50250" /><G64/><T125/><D125/><U124/><E124/><V97/><F130/><W114/><G114/><T51/><D43/><U13/><E92/><V22/><F115/><W103/><G103/><T135/><D135/><U60/><E1/><V73/><F73/><W76/><G52/><N who="0" m="31903" /><D42/><U117/><E117/><V105/><F38/><W100/><G100/><T71/><D62/><U37/><E37/><V66/><F66/><W116/><G61/><T90/><D71/><U83/><E84/><V63/><F86/><W119/><G76/><T44/><D19/><U46/><E58/><V70/><F70/><W36/><G36/><T40/><D40/><U2/><E2/><V121/><F121/><W111/><G111/><T123/><D123/><U17/><E7/><V11/><F110/><W132/><G132/><T91/><D91/><U102/><E102/><V94/><F18/><N who="3" m="12535" /><G9/><AGARI ba="0,0" hai="9,13,17,46,49,53,56,60,67,77,78,79,80,83" machi="9" ten="40,12000,1" yaku="8,1,52,3" doraHai="75" who="1" fromWho="3" sc="343,0,196,120,196,0,265,-120" />
</Scene>
<Scene>
<INIT seed="1,1,0,3,3,9" ten="343,316,196,145" oya="1" hai0="66,107,65,133,11,113,105,112,34,91,128,21,96" hai1="13,83,32,1,88,70,17,93,41,122,37,121,109" hai2="40,27,64,51,56,10,53,67,5,54,106,16,25" hai3="39,85,82,86,135,38,52,28,4,47,59,102,6"/><U72/><E70/><V89/><F106/><W57/><G135/><T18/><D34/><U87/><E1/><V58/><F40/><W97/><G28/><T111/><D133/><U50/><E32/><V31/><F89/><W35/><G35/><T33/><D33/><U71/><E71/><V19/><F31/><W75/><G75/><T103/><D107/><U76/><E37/><V134/><F134/><W68/><G68/><T55/><D111/><U3/><E3/><V36/><F36/><W131/><G131/><T49/><D128/><U44/><REACH who="1" step="1"/><E109/><REACH who="1" ten="343,306,196,145" step="2"/><V43/><F43/><W110/><G110/><T63/><D112/><U95/><E95/><V22/><F27/><W14/><G39/><T118/><D113/><U69/><E69/><V62/><REACH who="2" step="1"/><F19/><REACH who="2" ten="343,306,186,145" step="2"/><W99/><G38/><T81/><D105/><U46/><E46/><V79/><F79/><W125/><G47/><T23/><D18/><U114/><E114/><V123/><F123/><W29/><G29/><T0/><D118/><U124/><E124/><V119/><F119/><W74/><G125/><T94/><D94/><U100/><E100/><V126/><F126/><W73/><G102/><T60/><D103/><U30/><E30/><V117/><F117/><W130/><G130/><T104/><D104/><U7/><E7/><V101/><F101/><W77/><G77/><T45/><D91/><U116/><E116/><V26/><F26/><W127/><G127/><T8/><D45/><U2/><E2/><AGARI ba="1,2" hai="2,5,10,16,22,25,51,53,54,56,58,62,64,67" machi="2" ten="30,7700,0" yaku="1,1,7,1,54,1,53,1" doraHai="9" doraHaiUra="12" who="2" fromWho="1" sc="343,0,306,-80,186,100,145,0" />
</Scene>
<Scene>
<INIT seed="2,0,0,4,5,112" ten="343,226,286,145" oya="2" hai0="128,123,125,13,76,41,62,132,104,78,84,42,53" hai1="94,71,69,79,72,16,135,55,21,124,75,34,44" hai2="6,134,50,91,107,31,32,108,121,54,102,110,30" hai3="65,73,61,120,1,51,52,93,64,126,10,131,77"/><V39/><F39/><W68/><G120/><T129/><D123/><U119/><E34/><V83/><F121/><W117/><G65/><T47/><D104/><U111/><E111/><N who="2" m="42539" /><F134/><W109/><G109/><T45/><D132/><U36/><E135/><V118/><F6/><W8/><G131/><N who="0" m="50251" /><D125/><U24/><E124/><V22/><F32/><W58/><G126/><T46/><D13/><U130/><E130/><V74/><F22/><W11/><G117/><T33/><D33/><U3/><E119/><V0/><F0/><W99/><G77/><N who="0" m="29803" /><D84/><U85/><E3/><V5/><F5/><W29/><G29/><T88/><D88/><U98/><E85/><N who="2" m="50623" /><F74/><W97/><G73/><T95/><D95/><U37/><E75/><V114/><F114/><W48/><G1/><T14/><D14/><U40/><E37/><V28/><F118/><W116/><G116/><T49/><D62/><U56/><E72/><V87/><F87/><W66/><G51/><T80/><D80/><U67/><E79/><V101/><F107/><W106/><G106/><T20/><D20/><U113/><E113/><V27/><F27/><W43/><G99/><T105/><D105/><U82/><E82/><V15/><F15/><W18/><G97/><T103/><D103/><U23/><E23/><V26/><F26/><W12/><G93/><T115/><D115/><U86/><E86/><V17/><F17/><W19/><G19/><T122/><D122/><U89/><REACH who="1" step="1"/><E67/><REACH who="1" ten="343,216,286,145" step="2"/><N who="3" m="25642" /><G68/><T25/><D25/><U4/><E4/><V100/><F30/><W7/><G7/><T92/><D92/><U81/><E81/><RYUUKYOKU ba="0,1" sc="343,0,216,0,286,0,145,0" hai0="41,42,45,46,47,49,53" hai1="16,21,24,36,40,44,55,56,69,71,89,94,98" hai2="28,31,50,54,100,101,102" hai3="8,10,11,12,18,43,48,52,58,61" />
</Scene>
<Scene>
<INIT seed="2,1,1,5,5,92" ten="343,216,286,145" oya="2" hai0="84,36,55,12,81,42,59,130,106,41,110,80,118" hai1="21,44,45,111,96,113,65,62,99,39,10,29,90" hai2="135,86,54,98,23,70,40,112,85,122,134,107,25" hai3="129,6,53,64,132,31,50,49,30,66,105,15,71"/><V91/><F122/><W88/><G129/><T79/><D130/><U16/><E113/><V109/><F112/><W35/><G132/><N who="2" m="50729" /><F70/><W95/><G105/><T26/><D106/><U5/><E29/><N who="3" m="10762" /><G71/><T9/><D36/><U77/><E77/><V18/><F40/><W128/><G128/><T67/><D67/><N who="3" m="25641" /><G35/><T69/><D69/><U20/><E111/><V133/><F109/><W4/><G15/><T116/><D110/><U17/><E90/><V19/><F133/><W103/><G103/><T94/><D81/><U82/><E82/><V34/><F34/><W121/><G121/><T83/><D83/><U1/><E39/><V48/><F19/><N who="1" m="7241" /><E1/><V89/><F89/><W27/><G27/><T102/><D26/><U37/><E37/><V117/><F117/><W75/><G75/><T123/><D123/><U33/><E33/><V101/><F91/><W3/><G3/><T47/><D118/><U61/><E5/><N who="3" m="2154" /><G53/><T104/><D104/><U125/><E10/><V78/><F78/><W74/><G74/><T56/><D116/><U93/><E65/><V108/><F108/><W28/><N who="3" m="10770" /><W63/><DORA hai="14" /><G63/><T0/><D0/><U2/><E2/><V126/><F107/><W97/><AGARI ba="1,1" hai="49,50,88,95,97" m="2154,25641,10770" machi="97" ten="40,5200,0" yaku="8,1,52,1,54,1" doraHai="92,14" who="3" fromWho="3" sc="343,-14,216,-14,286,-27,145,65" />
</Scene>
<Scene>
<INIT seed="3,0,0,0,2,20" ten="329,202,259,210" oya="3" hai0="95,114,134,39,81,18,21,67,112,135,85,37,109" hai1="78,19,31,79,30,117,0,46,105,6,113,71,93" hai2="84,130,88,58,72,77,53,59,28,34,133,8,40" hai3="23,94,65,5,128,4,13,3,118,49,62,107,129"/><W121/><G107/><T70/><D95/><U83/><E105/><V75/><F77/><W101/><G121/><T127/><D70/><U131/><E71/><V76/><F76/><W96/><G118/><T126/><D67/><U106/><E106/><V97/><F97/><W99/><G49/><T10/><D10/><U50/><E113/><N who="0" m="43625" /><D109/><U56/><E6/><V15/><F40/><W24/><G99/><T119/><D119/><U38/><E0/><V36/><F36/><N who="0" m="13898" /><D81/><U60/><E38/><V11/><F8/><W27/><G3/><T1/><D85/><U98/><E131/><N who="3" m="50250" /><G23/><T82/><D82/><U92/><E117/><V89/><F130/><W87/><G87/><T54/><D54/><U103/><E93/><V86/><F84/><W125/><G125/><N who="0" m="47627" /><D1/><U35/><E83/><V63/><F86/><W110/><G110/><T64/><D64/><U108/><E108/><V100/><F53/><W42/><G42/><T104/><D104/><U123/><E79/><V26/><F11/><N who="3" m="4327" /><G5/><T44/><D44/><U122/><E78/><V12/><F75/><W55/><G55/><T25/><AGARI ba="0,0" hai="18,21,25,134,135" m="47627,13898,43625" machi="25" ten="40,5200,0" yaku="11,1,18,1,52,1" doraHai="20" who="0" fromWho="0" sc="329,52,202,-13,259,-13,210,-26" />
</Scene>
<Scene>
<INIT seed="4,0,0,1,2,42" ten="381,189,246,184" oya="0" hai0="72,47,20,30,49,46,40,107,99,29,96,7,24" hai1="98,123,14,114,25,102,0,13,120,57,91,128,122" hai2="75,85,26,43,73,37,31,54,109,22,50,15,108" hai3="5,45,105,3,77,48,39,94,83,111,59,32,126"/><T88/><D72/><U4/><E128/><V53/><F53/><W2/><G111/><T132/><D132/><U11/><E114/><V44/><F85/><W21/><G32/><T89/><D7/><U81/><E25/><V115/><F115/><W80/><G105/><T6/><D6/><U79/><E91/><N who="0" m="34889" /><D107/><U65/><E65/><V52/><F54/><W41/><G94/><T70/><D70/><U35/><E57/><V28/><F28/><N who="0" m="10858" /><D47/><U69/><E69/><V76/><F15/><W1/><G45/><T55/><D55/><U127/><E35/><V103/><F103/><W125/><G5/><T90/><N who="0" m="34897" /><T100/><DORA hai="135" /><D100/><U112/><E112/><V58/><REACH who="2" step="1"/><F75/><REACH who="2" ten="381,189,236,184" step="2"/><W67/><G1/><T93/><D93/><U134/><E134/><V38/><F38/><W124/><G39/><T104/><D104/><U68/><E102/><V10/><F10/><W117/><G2/><T130/><D130/><U101/><E101/><V78/><F78/><W74/><G77/><T34/><D34/><U51/><E79/><V64/><F64/><W84/><G67/><T119/><D119/><U9/><E9/><V60/><F60/><W87/><G74/><T95/><D95/><U86/><E11/><V116/><F116/><W61/><G117/><T18/><AGARI ba="0,1" hai="18,20,24,40,46,49,96,99" m="10858,34897" machi="18" ten="40,7800,0" yaku="8,1,52,1,54,1" doraHai="42,135" who="0" fromWho="0" sc="381,88,189,-26,236,-26,184,-26" />
</Scene>
<Scene>
<INIT seed="4,1,0,2,1,8" ten="469,163,210,158" oya="0" hai0="68,117,52,122,74,5,132,112,124,89,109,57,26" hai1="14,88,65,107,121,53,118,33,108,6,103,22,55" hai2="120,49,130,42,125,99,34,13,105,85,131,75,61" hai3="128,18,24,101,73,66,77,115,29,67,114,95,10"/><T48/><D117/><U35/><E108/><V9/><F75/><W11/><G128/><N who="2" m="49193" /><F120/><W116/><G116/><T2/><D122/><U47/><E121/><V17/><F34/><W110/><G110/><T21/><D112/><N who="3" m="43049" /><G77/><T60/><D109/><U90/><E118/><V79/><F125/><W7/><G18/><T0/><D124/><U126/><E126/><V51/><F42/><W54/><G54/><N who="1" m="20490" /><E107/><V45/><F45/><W81/><G81/><T76/><D74/><U86/><E35/><V94/><F61/><W100/><G73/><T59/><D76/><U129/><E33/><V12/><F105/><W16/><G10/><T92/><D68/><U37/><E37/><V111/><F111/><W38/><G38/><T69/><D69/><U134/><E134/><V113/><F113/><W40/><G40/><T72/><D72/><U20/><E129/><V97/><F79/><W39/><G39/><T127/><D127/><U25/><E47/><V106/><F106/><W83/><G29/><T64/><D5/><U27/><E65/><V46/><F46/><W41/><G41/><T93/><D93/><N who="1" m="54423" /><E90/><N who="2" m="53583" /><F51/><W87/><G95/><T78/><D78/><U63/><E63/><V58/><F49/><W80/><G67/><T44/><D44/><U91/><E91/><V133/><F133/><W36/><G66/><T71/><D71/><U96/><E103/><N who="3" m="39498" /><G36/><T50/><D50/><U32/><E32/><V102/><F102/><W104/><G104/><T135/><D135/><U4/><E96/><N who="2" m="36939" /><F58/><W1/><G87/><N who="0" m="52287" /><D132/><U56/><E56/><V62/><F62/><W23/><AGARI ba="1,0" hai="1,7,11,16,23,24,80,83" m="39498,43049" machi="23" ten="30,4000,0" yaku="5,1,15,1,54,1" doraHai="8" who="3" fromWho="3" sc="469,-21,163,-11,210,-11,158,43" />
</Scene>
<Scene>
<INIT seed="5,0,0,3,1,61" ten="448,152,199,201" oya="1" hai0="68,60,17,83,0,43,9,27,80,94,39,49,87" hai1="133,119,20,28,128,36,13,6,41,127,74,70,126" hai2="66,33,16,97,77,62,54,55,118,79,12,1,58" hai3="105,120,91,86,115,106,34,37,124,64,2,56,18"/><U4/><E74/><V53/><F118/><W50/><G120/><T125/><D39/><U100/><E119/><V130/><F1/><W88/><G37/><T78/><D0/><U123/><E123/><V15/><F130/><W59/><G34/><T135/><D135/><U75/><E75/><V11/><F33/><W71/><G71/><T99/><D125/><N who="1" m="47627" /><E100/><V7/><REACH who="2" step="1"/><F97/><REACH who="2" ten="448,152,189,201" step="2"/><W3/><G3/><T131/><D131/><U10/><E128/><V112/><F112/><W102/><G2/><T35/><D99/><U92/><E133/><V30/><F30/><W104/><G115/><T114/><D35/><U48/><E36/><V38/><F38/><W31/><G31/><T32/><D114/><U69/><E4/><V40/><F40/><W113/><G113/><T46/><D32/><U67/><E41/><V111/><F111/><W95/><G124/><T132/><D43/><U98/><E48/><V85/><F85/><W52/><G86/><T8/><D132/><U65/><E98/><V42/><F42/><W109/><G109/><T44/><D87/><U24/><E92/><V23/><AGARI ba="0,1" hai="7,11,12,15,16,23,53,54,55,58,62,66,77,79" machi="23" ten="30,8000,1" yaku="1,1,0,1,8,1,52,1,54,1,53,0" doraHai="61" doraHaiUra="110" who="2" fromWho="2" sc="448,-20,152,-40,189,90,201,-20" />
</Scene>
<Scene>
<INIT seed="6,0,0,1,4,61" ten="428,112,279,181" oya="2" hai0="121,70,47,48,0,6,104,8,36,124,62,132,90" hai1="127,45,66,63,123,74,97,99,117,108,39,101,85" hai2="26,78,107,60,77,81,89,134,129,21,82,96,95" hai3="20,131,51,126,30,69,55,68,35,105,17,15,25"/><V7/><F129/><W79/><G126/><T65/><D121/><U83/><E117/><V18/><F134/><W120/><G131/><T44/><D124/><U92/><E108/><V76/><F107/><W115/><G120/><T119/><D132/><U5/><E127/><V113/><F113/><W23/><G115/><T102/><D119/><U114/><E114/><V31/><F7/><W33/><G105/><T100/><D36/><U28/><E123/><V88/><F89/><W4/><G4/><T75/><D75/><U128/><E128/><V1/><F1/><W98/><G79/><T54/><D104/><U93/><E74/><V27/><REACH who="2" step="1"/><F60/><REACH who="2" ten="428,112,269,181" step="2"/><W43/><G35/><AGARI ba="0,1" hai="18,21,26,27,31,35,76,77,78,81,82,88,95,96" machi="35" ten="40,7700,0" yaku="1,1,2,1,54,1,53,0" doraHai="61" doraHaiUra="56" who="2" fromWho="3" sc="428,0,112,0,269,87,181,-77" />
</Scene>
<Scene>
<INIT seed="6,1,0,1,2,4" ten="428,112,356,104" oya="2" hai0="27,129,47,79,26,21,7,55,87,38,115,134,92" hai1="14,81,15,94,131,67,111,2,17,25,83,124,65" hai2="132,11,18,117,114,101,45,118,80,112,109,54,133" hai3="73,3,9,63,20,34,85,127,105,71,30,91,97"/><V32/><F101/><W89/><G73/><T64/><D64/><N who="1" m="24651" /><E2/><V61/><F32/><W19/><G63/><T5/><D115/><N who="2" m="44074" /><F80/><N who="1" m="30793" /><E111/><V120/><F120/><W0/><G71/><T29/><D79/><U107/><E107/><V70/><F109/><W119/><G119/><N who="2" m="45577" /><F70/><W113/><G34/><T22/><D38/><U58/><E131/><V59/><F45/><W78/><G78/><T49/><D129/><U123/><E124/><V23/><F11/><W31/><G9/><T39/><D39/><U28/><E123/><V72/><F72/><W6/><G127/><T95/><D134/><U46/><E46/><V1/><F1/><W43/><G0/><T66/><D66/><U33/><E33/><V88/><F88/><W99/><G91/><N who="0" m="53375" /><D95/><U74/><E74/><V56/><F56/><W86/><G89/><T13/><D47/><U8/><E58/><V35/><F35/><W122/><G3/><T52/><D22/><N who="1" m="15415" /><E94/><V126/><F126/><W48/><G122/><T42/><D21/><U16/><E14/><AGARI ba="1,0" hai="14,18,23,54,59,61,132,133" m="45577,44074" machi="14" ten="30,1500,0" yaku="15,1" doraHai="4" who="2" fromWho="1" sc="428,0,112,-18,356,18,104,0" />
</Scene>
<Scene>
<INIT seed="6,2,0,1,2,21" ten="428,94,374,104" oya="2" hai0="60,17,106,10,19,53,111,83,67,52,73,103,61" hai1="33,119,49,16,69,78,101,38,59,75,62,130,64" hai2="70,105,114,96,126,100,9,1,120,7,23,85,81" hai3="37,54,65,124,26,51,68,40,5,39,79,47,4"/><V90/><F120/><W45/><G124/><T97/><D111/><U35/><E119/><V71/><F126/><W77/><G39/><T88/><D73/><U92/><E38/><V80/><F114/><W15/><G68/><T108/><D108/><U29/><E130/><V115/><F115/><W27/><G65/><T58/><D10/><U76/><E16/><V20/><F20/><W30/><G26/><T132/><D132/><U104/><E92/><V86/><REACH who="2" step="1"/><F23/><REACH who="2" ten="428,94,364,104" step="2"/><W18/><G30/><T107/><D107/><U116/><E116/><V113/><F113/><W63/><G37/><T48/><D106/><U46/><E35/><V91/><AGARI ba="2,1" hai="1,7,9,70,71,80,81,85,86,90,91,96,100,105" machi="91" ten="20,7800,0" yaku="1,1,0,1,7,1,9,1,53,0" doraHai="21" doraHaiUra="22" who="2" fromWho="2" sc="428,-28,94,-28,364,94,104,-28" />
</Scene>
<Scene>
<INIT seed="6,3,0,3,1,42" ten="400,66,458,76" oya="2" hai0="65,75,46,106,96,64,95,17,35,70,74,1,122" hai1="14,30,22,81,10,89,66,131,40,97,123,13,85" hai2="5,26,43,59,113,21,92,77,90,18,15,79,25" hai3="8,104,16,11,3,24,61,58,60,91,48,62,19"/><V31/><F113/><W2/><G104/><T87/><D122/><U99/><E131/><V84/><F43/><W29/><G2/><T127/><D1/><U118/><E118/><V76/><F5/><W121/><G121/><T108/><D108/><U36/><E123/><V110/><F110/><W101/><G101/><T67/><D35/><U125/><E125/><V23/><REACH who="2" step="1"/><F59/><REACH who="2" ten="400,66,448,76" step="2"/><W135/><G58/><T80/><D127/><U41/><E40/><V53/><F53/><W63/><G63/><T88/><D70/><U111/><E111/><V100/><F100/><W105/><G62/><T132/><D132/><U55/><E55/><V112/><F112/><W9/><G61/><T116/><D116/><U4/><E41/><V12/><AGARI ba="3,1" hai="12,15,18,21,23,25,26,31,76,77,79,84,90,92" machi="12" ten="30,6000,0" yaku="1,1,0,1,8,1,53,0" doraHai="42" doraHaiUra="119" who="2" fromWho="2" sc="400,-23,66,-23,448,79,76,-23" />
</Scene>
<Scene>
<INIT seed="6,4,0,1,3,19" ten="377,43,527,53" oya="2" hai0="85,100,112,105,123,126,113,13,39,69,24,32,99" hai1="52,70,134,67,98,80,114,90,36,88,129,89,3" hai2="56,103,108,7,2,40,110,116,94,41,133,125,49" hai3="84,130,46,117,28,76,29,21,16,38,53,1,37"/><V44/><F116/><W79/><G117/><T62/><D123/><U77/><E114/><N who="0" m="44137" /><D39/><U102/><E129/><V83/><F7/><W72/><G1/><T9/><D126/><U63/><E134/><V127/><F2/><W15/><G72/><T132/><D132/><U48/><E36/><V115/><F133/><W122/><G122/><T43/><D43/><U71/><E71/><V11/><F11/><W61/><G130/><T5/><D85/><U121/><E3/><V54/><F83/><N who="3" m="47207" /><G37/><T8/><D8/><U33/><E33/><V18/><F41/><W75/><G75/><T30/><D62/><U95/><E121/><V104/><F115/><W82/><G38/><T107/><D69/><U131/><E131/><V58/><F40/><W6/><G6/><T42/><D42/><U111/><E111/><V135/><F108/><W20/><G82/><T106/><AGARI ba="4,0" hai="5,9,13,24,30,32,99,100,105,106,107" m="44137" machi="106" ten="30,1100,0" yaku="15,1" doraHai="19" who="0" fromWho="0" sc="377,23,43,-7,527,-9,53,-7" />
</Scene>
<Scene>
<INIT seed="7,0,0,5,3,44" ten="400,36,518,46" oya="3" hai0="110,5,127,131,108,83,97,111,35,41,76,119,64" hai1="12,23,129,56,106,74,122,69,107,11,85,16,46" hai2="112,13,100,31,9,27,7,55,57,84,89,75,103" hai3="132,37,38,1,18,125,2,135,52,0,67,29,77"/><W80/><G29/><T24/><D119/><U48/><E74/><V10/><F75/><W126/><G67/><T54/><D41/><U101/><E69/><V62/><F10/><W14/><G14/><T105/><D64/><U116/><E122/><V33/><F112/><W81/><G18/><T120/><D120/><U86/><E116/><V88/><F89/><W17/><G17/><T123/><D123/><U61/><E129/><V40/><F40/><W90/><G52/><T32/><D131/><U87/><E107/><V59/><F59/><W72/><G90/><T113/><D113/><U65/><E106/><V60/><F60/><W19/><G19/><T71/><D71/><U70/><E101/><V130/><F130/><W117/><G81/><AGARI ba="0,0" hai="7,9,13,27,31,33,55,57,62,81,84,88,100,103" machi="81" ten="30,2000,0" yaku="7,1,54,1" doraHai="44" who="2" fromWho="3" sc="400,0,36,0,518,20,46,-20" owari="400,20.0,36,-36.0,538,63.0,26,-47.0" />
</Scene>
</mjloggm>