<mjloggm ver="2.3"><GO type="169" lobby="0"/><UN n0="%E5%A4%AA%E3%81%8F%E3%81%AA%E3%81%84%E3%81%8A" n1="%E3%81%8A%E8%82%89%E3%81%A1%E3%82%83%E3%82%93" n2="%E5%A4%A7%E6%AD%A3%E7%BE%A9%E9%87%8E%E7%90%83%E5%A8%98" n3="%E3%81%8D%E3%81%BE%E3%81%99" dan="18,17,16,16" rate="2188.40,2112.07,2134.99,2117.80" sx="M,M,F,M"/><TAIKYOKU oya="0"/>

<Scene>
<INIT seed="0,0,0,4,2,38" ten="250,250,250,250" oya="0" hai0="4,110,20,58,52,2,28,64,72,27,33,119,122" hai1="25,6,5,127,69,106,102,77,121,29,7,67,16" hai2="93,68,87,10,79,132,24,59,23,51,35,47,88" hai3="125,90,100,1,14,48,60,78,66,83,44,105,76"/><T70/><D119/><U8/><E121/><V115/><F68/><W65/><G1/><T62/><D122/><U43/><E127/><V129/><F115/><W98/><G125/><T92/><D72/><U96/><E77/><V71/><F71/><W74/><G78/><T126/><D126/><U61/><E43/><V53/><F132/><W18/><G60/><T34/><D110/><U108/><E108/><V124/><F124/><W37/><G37/><T123/><D123/><U97/><E97/><V120/><F120/><W19/><G90/><T63/><REACH who="0" step="1"/><D92/><REACH who="0" ten="240,250,250,250" step="2"/><U49/><E49/><V133/><F133/><W95/><G95/><T130/><D130/><U45/><E45/><V39/><F129/><W99/><G48/><T50/><D50/><U118/><E118/><V30/><F39/><W54/><G44/><T26/><D26/><U46/><E46/><V13/><F47/><W11/><G74/><T134/><D134/><U3/><REACH who="1" step="1"/><E16/><REACH who="1" ten="240,240,250,250" step="2"/><V89/><F51/><W80/><G19/><T9/><AGARI ba="0,2" hai="2,4,9,20,27,28,33,34,52,58,62,63,64,70" machi="9" ten="30,11700,0" yaku="1,1,0,1,54,1,53,1" doraHai="38" doraHaiUra="55" who="0" fromWho="0" sc="240,137,240,-39,250,-39,250,-39" />
</Scene>
<Scene>
<INIT seed="0,1,0,4,3,116" ten="377,201,211,211" oya="0" hai0="94,17,90,124,81,6,2,0,122,102,70,41,78" hai1="59,21,100,35,15,25,51,58,49,64,16,54,75" hai2="82,62,99,132,34,130,89,77,22,114,72,40,50" hai3="48,104,125,45,18,28,107,105,31,85,61,11,29"/><T73/><D70/><U14/><E75/><V19/><F114/><W42/><G125/><T44/><D124/><U97/><E35/><V8/><F34/><W120/><G61/><T27/><D102/><U52/><REACH who="1" step="1"/><E64/><REACH who="1" ten="377,191,211,211" step="2"/><V23/><F132/><W43/><G120/><T126/><D122/><U110/><E110/><V127/><F127/><W92/><G43/><T101/><D126/><U66/><E66/><V76/><F40/><W98/><G85/><T24/><D41/><U67/><E67/><V57/><F72/><W83/><G83/><T3/><D81/><U36/><E36/><V112/><F82/><W4/><G18/><T109/><D17/><U88/><E88/><V106/><F19/><W87/><G87/><T117/><D90/><U86/><E86/><V118/><F89/><W68/><G68/><T7/><D109/><U111/><E111/><V108/><F108/><W20/><G4/><T80/><D7/><U33/><E33/><V5/><F5/><W38/><G38/><T74/><D74/><U39/><E39/><V95/><F76/><W135/><G135/><T121/><D6/><U26/><E26/><N who="0" m="9769" /><D121/><U84/><E84/><V69/><F77/><W91/><G42/><T133/><D133/><U93/><AGARI ba="1,1" hai="14,15,16,21,25,49,51,52,54,58,59,93,97,100" machi="93" ten="20,12000,2" yaku="1,1,0,1,7,1,9,1,8,1,54,2,53,0" doraHai="116" doraHaiUra="113" who="1" fromWho="1" sc="377,-61,191,133,211,-31,211,-31" />
</Scene>
<Scene>
<INIT seed="1,0,0,5,5,56" ten="316,324,180,180" oya="1" hai0="86,118,129,82,2,74,119,13,3,11,69,94,91" hai1="71,108,35,40,121,92,59,87,60,72,63,15,128" hai2="79,120,99,64,113,131,115,112,57,8,28,36,46" hai3="88,78,39,38,45,66,52,122,51,89,100,48,27"/><U97/><E72/><V14/><F120/><W9/><G122/><T18/><D69/><U116/><E121/><V95/><F131/><W133/><G133/><T102/><D129/><U111/><E128/><V61/><F79/><W1/><G100/><T44/><D3/><U16/><E116/><V10/><F28/><W110/><G110/><N who="1" m="42026" /><E35/><V85/><F85/><W130/><G130/><T105/><D2/><U43/><E71/><V101/><REACH who="2" step="1"/><F14/><REACH who="2" ten="316,324,170,180" step="2"/><W41/><G78/><T83/><D13/><U125/><E87/><V33/><F33/><W93/><G27/><T47/><D86/><U26/><E26/><V37/><F37/><W127/><G38/><T104/><D119/><U4/><E4/><V5/><F5/><W50/><G1/><T20/><D118/><U7/><E7/><V123/><F123/><W17/><G39/><T81/><D74/><U77/><E77/><V124/><F124/><W107/><G127/><T6/><D6/><U55/><E125/><V12/><F12/><W67/><G9/><T68/><D11/><U73/><E73/><V96/><F96/><W90/><G17/><T54/><D18/><U126/><E126/><V49/><F49/><W34/><G34/><T114/><D20/><U24/><E24/><V29/><F29/><W19/><G19/><T31/><D31/><U65/><E16/><V109/><F109/><W103/><G50/><T23/><D23/><U84/><E15/><V70/><F70/><W53/><G51/><T135/><D68/><N who="1" m="42023" /><E84/><V42/><AGARI ba="0,1" hai="8,10,36,42,46,57,61,64,95,99,101,112,113,115" machi="42" ten="40,8000,1" yaku="1,1,0,1,11,1,52,1,53,0" doraHai="56" doraHaiUra="117" who="2" fromWho="2" sc="316,-20,324,-40,170,90,180,-20" />
</Scene>
<Scene>
<INIT seed="2,0,0,3,3,117" ten="296,284,260,160" oya="2" hai0="72,66,77,8,61,28,88,52,109,123,56,20,31" hai1="60,135,6,49,7,121,59,29,71,96,113,97,85" hai2="92,37,0,50,78,65,2,43,118,112,39,125,35" hai3="132,106,81,44,68,119,91,24,58,130,11,108,69"/><V103/><F118/><W53/><G119/><T63/><D109/><U15/><E113/><V62/><F35/><W16/><G108/><T1/><D72/><U22/><E135/><V94/><F112/><W3/><G106/><T13/><D1/><U110/><E110/><V25/><F125/><W38/><G130/><T55/><D77/><U120/><E71/><V102/><F78/><W5/><G132/><T17/><D17/><BYE who="0" /><N who="1" m="10559" /><E49/><V54/><F25/><W127/><G127/><T115/><D115/><U30/><E85/><V57/><F0/><W111/><G111/><T82/><D82/><U27/><E97/><V134/><F2/><W76/><G91/><UN n0="%E5%A4%AA%E3%81%8F%E3%81%AA%E3%81%84%E3%81%8A" /><T122/><D20/><U4/><E96/><V114/><F114/><W18/><G68/><T98/><D98/><U14/><E14/><V9/><F9/><W83/><G69/><T32/><D88/><U40/><E40/><V75/><F75/><W87/><G81/><T80/><D80/><U79/><E79/><V10/><F10/><W126/><G126/><T33/><D8/><U84/><E84/><V90/><F134/><W86/><G86/><T73/><D13/><U45/><E45/><N who="2" m="23791" /><F39/><W107/><G107/><T51/><D73/><U36/><E36/><V64/><F64/><W70/><G70/><T47/><D66/><N who="1" m="39199" /><E27/><V48/><F48/><N who="3" m="31015" /><G24/><N who="0" m="18439" /><D63/><U101/><E101/><N who="2" m="38411" /><F90/><W105/><G105/><T128/><D128/><U46/><E46/><N who="2" m="27991" /><F94/><W42/><G38/><T41/><D41/><U93/><E93/><V74/><F92/><W26/><G26/><N who="0" m="18679" /><D47/><U100/><E100/><V129/><F129/><W67/><G67/><RYUUKYOKU ba="0,0" sc="296,0,284,0,260,0,160,0" hai0="51,52,55,56,61,122,123" hai1="4,6,7,29,30,120,121" hai2="57,62,65,74" hai3="3,5,11,16,18,42,44,76,83,87" />
</Scene>
<Scene>
<INIT seed="2,1,0,1,3,60" ten="296,284,260,160" oya="2" hai0="106,35,51,22,96,40,93,25,103,8,59,49,32" hai1="129,24,74,20,107,76,27,17,89,4,61,124,72" hai2="118,11,133,111,78,31,66,55,50,112,116,38,115" hai3="82,67,134,81,23,91,100,34,39,56,128,73,108"/><V47/><F78/><W44/><G34/><T123/><D123/><U52/><E107/><V71/><F31/><W95/><G108/><T83/><D106/><U14/><E129/><V70/><F11/><W0/><G134/><T122/><D122/><U79/><E124/><V99/><F99/><W6/><G128/><T63/><D8/><N who="1" m="4359" /><E72/><V13/><F13/><W127/><G100/><T36/><D36/><U65/><E74/><V130/><F130/><W101/><G101/><T46/><D51/><U54/><E89/><V21/><F21/><W105/><G105/><T125/><D83/><U41/><E41/><N who="2" m="22967" /><F133/><W58/><G127/><T68/><D68/><N who="2" m="26154" /><F111/><W30/><G73/><T135/><D125/><U2/><E2/><V121/><F66/><W84/><G6/><T15/><D15/><U43/><E24/><V16/><F16/><W33/><G0/><T69/><D135/><U18/><E18/><V53/><F121/><W42/><G33/><T3/><D69/><U80/><E80/><V1/><F1/><W10/><G10/><T104/><D104/><U119/><E79/><V19/><F19/><W48/><G30/><N who="0" m="17719" /><D3/><U5/><E5/><V113/><F55/><N who="3" m="31847" /><G23/><T77/><D77/><U87/><E76/><V64/><F64/><AGARI ba="1,0" hai="32,35,40,46,49,59,63,64,93,96,103" m="17719" machi="64" ten="30,2000,0" yaku="25,1,52,1" doraHai="60" who="0" fromWho="2" sc="296,23,284,0,260,-23,160,0" />
</Scene>
<Scene>
<INIT seed="3,0,0,5,5,120" ten="319,284,237,160" oya="3" hai0="25,58,90,9,113,97,94,133,23,65,47,1,15" hai1="50,7,53,81,87,114,14,85,122,129,6,75,79" hai2="93,119,124,126,3,86,72,116,68,8,77,101,115" hai3="88,76,48,71,102,34,31,84,118,82,128,98,110"/><W99/><G71/><T60/><D133/><U49/><E122/><V62/><F115/><W104/><G118/><T95/><D113/><U36/><E36/><V109/><F8/><W16/><G128/><T89/><D89/><BYE who="0" /><U0/><E0/><V56/><F3/><W43/><G34/><T54/><D54/><U66/><E114/><V5/><F5/><W130/><G31/><T32/><D32/><U26/><E129/><V123/><F68/><W61/><G61/><T67/><D67/><U39/><E39/><V135/><F135/><W44/><G130/><T73/><D73/><U80/><E66/><V20/><F123/><UN n0="%E5%A4%AA%E3%81%8F%E3%81%AA%E3%81%84%E3%81%8A" /><W22/><G110/><T74/><D74/><U78/><E75/><V91/><F20/><W121/><G121/><T10/><D1/><U51/><E53/><N who="2" m="34063" /><F101/><W30/><G30/><N who="0" m="17727" /><D47/><U52/><E26/><V107/><F107/><W100/><G99/><N who="0" m="57815" /><D15/><U105/><E105/><V111/><F77/><W17/><G102/><T29/><D29/><U125/><E125/><N who="2" m="48235" /><F72/><W57/><G57/><T64/><D64/><U2/><E2/><V108/><AGARI ba="0,0" hai="86,91,93,108,109,111,116,119" m="48235,34063" machi="108" ten="40,8000,1" yaku="14,1,18,1,52,3" doraHai="120" who="2" fromWho="2" sc="319,-20,284,-20,237,80,160,-40" />
</Scene>
<Scene>
<INIT seed="4,0,0,1,5,10" ten="299,264,317,120" oya="0" hai0="22,104,106,55,31,34,99,64,87,17,135,74,28" hai1="111,5,80,13,112,84,113,95,30,53,75,100,15" hai2="38,35,2,132,0,50,124,4,88,73,1,79,96" hai3="32,131,16,119,33,49,114,43,72,98,56,63,115"/><T45/><D74/><U40/><E111/><V92/><F38/><W130/><G72/><T94/><D135/><U91/><E40/><V29/><F132/><W18/><G43/><T24/><D64/><U37/><E37/><V14/><F124/><W78/><G78/><T97/><D87/><U93/><E5/><V105/><F105/><W41/><G41/><T48/><D31/><U57/><E30/><V116/><F116/><W133/><G49/><T120/><D120/><U21/><E21/><V118/><F118/><W77/><G77/><T20/><D34/><N who="3" m="13417" /><G98/><T129/><D129/><N who="3" m="49161" /><G133/><T61/><D61/><N who="1" m="36015" /><E75/><V82/><F50/><W86/><G86/><T122/><D122/><U8/><E100/><V11/><F35/><W76/><G76/><T25/><D99/><U134/><E134/><V121/><F29/><W9/><G119/><T70/><D70/><U117/><E117/><V42/><F42/><W109/><G109/><T67/><D67/><U59/><E59/><V127/><F127/><W26/><G26/><T19/><REACH who="0" step="1"/><D28/><REACH who="0" ten="289,264,317,120" step="2"/><U123/><E84/><V65/><F65/><N who="3" m="39143" /><G9/><T101/><AGARI ba="0,1" hai="17,19,20,22,24,25,45,48,55,94,97,101,104,106" machi="101" ten="20,7800,0" yaku="1,1,0,1,7,1,9,1,53,0" doraHai="10" doraHaiUra="62" who="0" fromWho="0" sc="289,88,264,-26,317,-26,120,-26" />
</Scene>
<Scene>
<INIT seed="4,1,0,2,0,34" ten="377,238,291,94" oya="0" hai0="30,51,117,102,43,0,6,13,50,113,44,108,48" hai1="101,57,74,125,46,41,21,7,127,78,27,66,49" hai2="104,109,65,88,17,38,126,95,63,79,11,123,23" hai3="45,93,100,85,81,40,119,131,39,86,76,72,83"/><T121/><D117/><U110/><E110/><V3/><F123/><W4/><G119/><T84/><D121/><U62/><E101/><V37/><F104/><W20/><G131/><T90/><D108/><U60/><E60/><V47/><F109/><W55/><G55/><T67/><D113/><U10/><E74/><V135/><F79/><W68/><G68/><T80/><D102/><U36/><E78/><V59/><F135/><W32/><G32/><T42/><D30/><U12/><REACH who="1" step="1"/><E36/><REACH who="1" ten="377,228,291,94" step="2"/><V73/><F73/><W71/><G71/><T54/><D50/><U97/><E97/><V91/><F37/><W133/><G133/><T9/><D51/><U26/><E26/><V87/><F91/><W2/><G100/><T130/><D130/><U22/><E22/><V77/><F77/><W29/><G20/><T115/><D115/><U15/><E15/><V129/><F129/><W111/><G111/><T33/><D33/><U61/><E61/><V106/><F106/><W52/><G85/><T124/><D13/><U89/><E89/><V53/><F38/><W82/><G86/><T5/><D84/><U56/><E56/><V98/><F87/><W92/><G72/><T69/><D90/><U128/><E128/><V14/><F47/><W35/><G76/><T18/><D44/><U64/><E64/><V132/><F132/><W107/><G45/><T58/><D67/><U120/><E120/><V114/><F114/><W28/><G39/><T16/><D69/><U70/><E70/><V94/><F65/><W31/><G35/><T96/><D58/><U105/><E105/><RYUUKYOKU ba="1,1" sc="377,-10,228,30,291,-10,94,-10" hai1="7,10,12,21,27,41,46,49,57,62,66,125,127" />
</Scene>
<Scene>
<INIT seed="5,2,1,0,5,9" ten="367,258,281,84" oya="1" hai0="41,3,43,87,81,122,119,65,99,12,5,82,0" hai1="10,54,89,73,37,22,91,102,79,27,25,104,83" hai2="127,77,44,93,60,48,116,20,4,78,17,107,36" hai3="7,103,56,94,130,125,30,32,109,11,49,31,92"/><U123/><E123/><V63/><F116/><W100/><G109/><T18/><D119/><U29/><E37/><V2/><F107/><W35/><G130/><T33/><D33/><U16/><E54/><V59/><F36/><W52/><G125/><T28/><D28/><U13/><REACH who="1" step="1"/><E27/><REACH who="1" ten="367,248,281,84" step="2"/><V117/><F117/><W40/><G40/><T1/><D122/><U66/><E66/><V134/><F127/><W114/><G114/><T55/><D65/><U85/><E85/><V57/><F134/><W61/><G35/><T98/><D55/><U86/><E86/><V84/><F84/><W45/><G32/><T132/><D132/><U115/><E115/><V105/><F78/><W58/><G52/><T76/><D87/><U26/><E26/><V53/><F77/><W46/><G61/><T121/><D76/><U113/><E113/><V8/><F63/><W88/><G49/><T133/><D133/><U75/><E75/><V67/><F60/><W51/><G51/><T24/><D24/><U118/><E118/><V50/><F67/><W62/><G62/><T21/><D121/><U110/><E110/><V126/><F126/><W129/><G129/><T14/><D43/><U97/><AGARI ba="2,2" hai="10,13,16,22,25,29,73,79,83,89,91,97,102,104" machi="97" ten="30,11700,0" yaku="1,1,0,1,52,1,54,1,53,0" doraHai="9" doraHaiUra="124" who="1" fromWho="1" sc="367,-41,248,143,281,-41,84,-41" />
</Scene>
<Scene>
<INIT seed="5,3,0,0,3,73" ten="326,391,240,43" oya="1" hai0="76,112,117,43,46,22,69,63,54,58,29,101,21" hai1="56,78,109,65,106,40,50,127,45,111,66,10,3" hai2="98,94,124,34,51,100,2,97,13,91,120,17,110" hai3="12,68,84,99,119,52,80,132,118,30,123,59,125"/><U79/><E106/><V24/><F120/><W35/><G68/><T103/><D117/><N who="3" m="44553" /><G123/><T37/><D112/><U55/><E127/><V16/><F2/><W11/><G125/><T39/><D39/><U9/><E66/><V121/><F124/><W27/><G132/><T53/><D53/><U88/><E65/><V93/><F121/><W107/><G107/><T14/><D69/><U104/><E104/><V7/><F110/><N who="1" m="41993" /><E88/><V126/><F126/><W42/><G42/><T115/><D115/><U67/><E67/><V18/><F7/><N who="3" m="3199" /><G99/><T82/><D22/><U57/><E57/><V70/><F70/><W102/><G102/><T33/><D33/><U4/><E10/><V1/><F1/><W25/><G30/><T90/><D29/><U48/><AGARI ba="3,0" hai="3,4,9,40,45,48,50,55,56,78,79" m="41993" machi="48" ten="30,6000,0" yaku="10,1,52,2" doraHai="73" who="1" fromWho="1" sc="326,-23,391,69,240,-23,43,-23" />
</Scene>
<Scene>
<INIT seed="5,4,0,1,3,109" ten="303,460,217,20" oya="1" hai0="93,88,25,43,127,9,56,44,90,107,135,103,53" hai1="63,72,75,126,71,132,0,21,11,38,35,67,74" hai2="42,47,79,87,58,78,102,120,14,61,115,45,130" hai3="129,69,23,119,30,17,82,28,20,110,24,34,39"/><U8/><E35/><V68/><F120/><W59/><G39/><T123/><D123/><U5/><E132/><V92/><F68/><W85/><G69/><T26/><D135/><U100/><E126/><V101/><F130/><W64/><G110/><T54/><D127/><U29/><E100/><N who="2" m="38507" /><F115/><W18/><G64/><T86/><D107/><U106/><E106/><V15/><F92/><W118/><G59/><T117/><D103/><U41/><E11/><V70/><F70/><W77/><G129/><T66/><D117/><N who="3" m="44553" /><G34/><T114/><D114/><U125/><E21/><V4/><F4/><W55/><G55/><T13/><D66/><U32/><E125/><V84/><F42/><W89/><G77/><N who="2" m="29193" /><F47/><W1/><G1/><T27/><D90/><U12/><E0/><V51/><F51/><W31/><G31/><T46/><D43/><U57/><E41/><V40/><F45/><N who="0" m="17514" /><D56/><U52/><E38/><V94/><F40/><W105/><G105/><T37/><D37/><U48/><E32/><V81/><F58/><W121/><G121/><T128/><D128/><U99/><E29/><V98/><F61/><W33/><G33/><T19/><D19/><BYE who="0" /><U122/><E122/><V65/><F65/><W116/><N who="3" m="44561" /><W7/><DORA hai="49" /><G7/><T97/><D97/><U6/><E99/><V108/><F108/><W73/><G73/><T76/><D76/><U3/><E3/><V95/><F98/><W96/><G96/><UN n0="%E5%A4%AA%E3%81%8F%E3%81%AA%E3%81%84%E3%81%8A" /><T60/><D60/><U83/><E6/><V80/><F87/><W134/><G134/><T131/><D131/><U22/><E83/><N who="2" m="31819" /><F84/><W50/><G50/><RYUUKYOKU ba="4,0" sc="303,0,460,0,217,0,20,0" hai0="9,13,25,26,27,53,54,86,88,93" hai1="5,8,12,22,48,52,57,63,67,71,72,74,75" hai2="14,15,94,95" hai3="17,18,20,23,24,28,30,82,85,89" />
</Scene>
<Scene>
<INIT seed="5,5,0,2,4,11" ten="303,460,217,20" oya="1" hai0="56,6,73,30,16,102,95,36,79,72,66,98,26" hai1="68,135,38,90,29,127,33,85,75,113,78,49,87" hai2="101,37,4,74,59,96,3,58,8,63,13,18,129" hai3="34,123,28,65,0,52,107,122,42,25,41,51,125"/><U88/><E38/><V130/><F74/><W104/><G0/><T103/><D36/><U118/><E118/><V108/><F108/><W55/><G65/><T21/><D6/><U23/><E68/><V81/><F37/><W12/><G125/><T76/><D103/><U124/><E113/><V9/><F81/><W27/><G107/><T80/><D73/><U45/><E33/><V61/><F58/><W35/><G104/><T92/><D76/><U84/><E135/><V1/><F1/><W70/><G51/><T93/><D16/><U47/><E23/><V67/><REACH who="2" step="1"/><F63/><AGARI ba="5,0" hai="21,26,30,56,63,66,72,79,80,92,93,95,98,102" machi="63" ten="40,2600,0" yaku="25,2" doraHai="11" who="0" fromWho="2" sc="303,41,460,0,217,-41,20,0" />
</Scene>
<Scene>
<INIT seed="6,0,0,4,3,0" ten="344,460,176,20" oya="2" hai0="61,92,65,4,110,17,31,102,78,134,47,107,45" hai1="87,2,112,66,130,22,72,67,86,36,98,124,101" hai2="64,114,131,85,125,93,23,42,32,63,119,19,118" hai3="43,82,76,58,75,116,103,49,77,71,8,113,7"/><V83/><F32/><W80/><G116/><T40/><D110/><U60/><E72/><V73/><F114/><W133/><G71/><T28/><D107/><U34/><E34/><V51/><F131/><W81/><G133/><T123/><D123/><U12/><E2/><V26/><F73/><W122/><G122/><T5/><D134/><U70/><E36/><V129/><F129/><W62/><G103/><T20/><D78/><U59/><E130/><V48/><F125/><W33/><G33/><T46/><D40/><U1/><E1/><V91/><F83/><W3/><G77/><T135/><D135/><U95/><E112/><V99/><F99/><W89/><G89/><T54/><D54/><U14/><E70/><V100/><F100/><W126/><G126/><T57/><D92/><U37/><E37/><V68/><REACH who="2" step="1"/><F42/><REACH who="2" ten="344,460,166,20" step="2"/><W56/><G113/><T21/><D102/><U16/><E124/><V97/><F97/><W115/><G115/><T24/><REACH who="0" step="1"/><D31/><REACH who="0" ten="334,460,166,20" step="2"/><U84/><E101/><V35/><F35/><W50/><G43/><T9/><D9/><U27/><E98/><V96/><F96/><W41/><G41/><T6/><D6/><U11/><E95/><V120/><F120/><W44/><G8/><T105/><D105/><U94/><E94/><V132/><F132/><W39/><G7/><T55/><D55/><U111/><E11/><V29/><F29/><W128/><G128/><T88/><D88/><U117/><E117/><AGARI ba="0,2" hai="19,23,26,48,51,63,64,68,85,91,93,117,118,119" machi="117" ten="40,2000,0" yaku="1,1,53,0" doraHai="0" doraHaiUra="106" who="2" fromWho="1" sc="334,0,460,-20,166,40,20,0" />
</Scene>
<Scene>
<INIT seed="6,1,0,0,2,18" ten="334,440,206,20" oya="2" hai0="129,71,87,89,110,97,26,19,17,109,60,105,113" hai1="116,29,8,77,61,14,15,12,40,99,115,132,70" hai2="112,134,52,126,74,124,49,100,75,51,85,38,30" hai3="7,28,24,131,10,135,3,98,119,21,48,122,23"/><V53/><F38/><W79/><G119/><T50/><D113/><U96/><E116/><V88/><F112/><W44/><G122/><T5/><D129/><U54/><E115/><V65/><F100/><W103/><G131/><T108/><D5/><U128/><E128/><V13/><F65/><W57/><G79/><T123/><D123/><U81/><E132/><V45/><F134/><W83/><G83/><T36/><D36/><U2/><E40/><V59/><F30/><W47/><G135/><T125/><D125/><N who="2" m="48234" /><F13/><W16/><G57/><T95/><D26/><U120/><E29/><V114/><F114/><W55/><G47/><T34/><D34/><U1/><E15/><V84/><F84/><W76/><G76/><T93/><D105/><U101/><E14/><V92/><AGARI ba="1,0" hai="45,49,51,52,53,59,74,75,85,88,92" m="48234" machi="92" ten="30,6000,0" yaku="18,1,54,2" doraHai="18" who="2" fromWho="2" sc="334,-21,440,-21,206,63,20,-21" owari="313,11.0,419,52.0,269,-13.0,-1,-50.0" />
</Scene>
</mjloggm>