<mjloggm ver="2.3"><GO type="169" lobby="0"/><UN n0="%E5%BA%83%E8%83%BD%E6%98%8C%E4%B8%89" n1="%E6%9C%88%E5%8D%83%E4%B8%80%E5%A4%9C" n2="%E5%A4%AA%E3%81%8F%E3%81%AA%E3%81%84%E3%81%8A" n3="%E3%81%9F%E3%83%BC%E3%81%AC" dan="17,16,17,16" rate="2184.39,2092.53,2211.49,2093.30" sx="M,F,M,M"/><TAIKYOKU oya="0"/>

<Scene>
<INIT seed="0,0,0,3,4,36" ten="250,250,250,250" oya="0" hai0="87,1,105,61,51,13,88,56,21,66,2,107,64" hai1="75,132,112,115,34,5,37,127,130,100,0,101,40" hai2="120,129,110,70,104,55,41,90,97,89,78,47,125" hai3="22,38,68,135,20,111,60,99,26,102,44,28,85"/><T119/><D119/><U114/><E127/><V35/><F120/><W134/><G111/><T33/><D33/><U10/><E130/><V124/><F35/><N who="3" m="20887" /><G85/><T4/><D66/><U126/><E126/><N who="2" m="48747" /><F70/><W3/><G3/><T45/><D2/><U30/><E132/><N who="3" m="50730" /><G38/><T62/><D62/><U27/><REACH who="1" step="1"/><E75/><REACH who="1" ten="250,240,250,250" step="2"/><V83/><F129/><W43/><G68/><T79/><D107/><U7/><E7/><V58/><F104/><N who="3" m="63583" /><G60/><T17/><D105/><U98/><E98/><V59/><F97/><W116/><G116/><T6/><D6/><U74/><E74/><V9/><F110/><W108/><G108/><T133/><D133/><U39/><E39/><V24/><F78/><W93/><G93/><T31/><D79/><U113/><N who="1" m="28672" /><DORA hai="48" /><U8/><E8/><V81/><F9/><W19/><G19/><T23/><D4/><U80/><E80/><V29/><F83/><W63/><G20/><T25/><D23/><U12/><E12/><V84/><F81/><W96/><G22/><T122/><D1/><U76/><E76/><V71/><F84/><W73/><G63/><T77/><D77/><U118/><E118/><V86/><F86/><W128/><G96/><T121/><D13/><U16/><E16/><V82/><F82/><W46/><G73/><T91/><D17/><U18/><E18/><V109/><F109/><W117/><G128/><T69/><D87/><U72/><E72/><V42/><F89/><W53/><G117/><T131/><D131/><U57/><E57/><N who="2" m="21515" /><F90/><N who="0" m="34346" /><D56/><U50/><E50/><N who="2" m="29151" /><F71/><W11/><G11/><T123/><D123/><U106/><E106/><RYUUKYOKU ba="0,1" sc="250,10,240,10,250,10,250,-30" hai0="21,25,31,45,51,61,64,69,121,122" hai1="0,5,10,27,30,34,37,40,100,101" hai2="24,29,41,42" />
</Scene>
<Scene>
<INIT seed="0,1,1,2,3,64" ten="260,250,260,220" oya="0" hai0="97,21,109,68,53,114,83,104,20,129,93,29,82" hai1="107,118,27,122,115,25,128,30,6,0,23,127,119" hai2="124,123,24,12,80,95,61,85,117,51,66,2,38" hai3="73,134,43,36,46,18,7,130,91,34,1,88,74"/><T111/><D114/><U9/><E107/><V15/><F38/><W5/><G134/><T14/><D104/><U35/><E115/><V90/><F2/><W4/><G34/><T17/><D129/><U132/><E132/><V65/><F123/><W47/><G130/><T77/><D53/><U45/><E45/><V67/><F124/><W22/><G1/><T57/><D57/><U62/><E62/><V10/><F117/><N who="1" m="44553" /><E128/><V105/><F105/><W55/><G73/><T59/><D59/><U87/><E87/><V121/><F121/><W44/><G74/><T60/><D77/><U42/><E42/><V113/><F113/><W131/><G131/><T19/><D29/><N who="1" m="19903" /><E127/><V81/><F61/><W70/><G70/><T86/><D86/><U58/><E58/><V103/><F103/><W125/><G125/><T108/><D60/><U76/><E76/><V40/><F40/><W102/><G102/><N who="0" m="60719" /><D68/><U106/><E106/><V84/><F51/><W99/><G99/><T26/><AGARI ba="1,1" hai="14,17,19,20,21,26,82,83,108,109,111" m="60719" machi="26" ten="30,3000,0" yaku="14,1,10,1" doraHai="64" who="0" fromWho="0" sc="260,43,250,-11,260,-11,220,-11" />
</Scene>
<Scene>
<INIT seed="0,2,0,5,3,110" ten="303,239,249,209" oya="0" hai0="4,41,51,50,22,48,125,135,2,90,119,86,18" hai1="36,23,37,72,52,0,108,44,126,16,3,83,127" hai2="55,81,11,45,6,14,102,75,10,21,92,109,7" hai3="133,122,27,57,79,9,132,130,84,12,66,121,95"/><T96/><D119/><U99/><E108/><V31/><F109/><W65/><G130/><T35/><D35/><U98/><E72/><V28/><F75/><W60/><G27/><T19/><D125/><N who="1" m="47627" /><E83/><V40/><F55/><W47/><G47/><T123/><D123/><N who="3" m="47113" /><G66/><T25/><D135/><N who="3" m="51785" /><G79/><T5/><D2/><N who="1" m="555" /><E37/><V26/><F81/><W77/><G77/><T46/><D96/><U64/><E64/><V113/><F31/><W107/><G107/><T105/><D105/><U33/><E33/><V88/><F45/><W42/><G42/><T131/><D131/><U24/><E36/><V67/><F40/><W85/><G95/><N who="0" m="54743" /><D19/><AGARI ba="2,0" hai="9,12,19,57,60,65,84,85" m="51785,47113" machi="19" ten="30,2000,0" yaku="13,1,20,1" doraHai="110" who="3" fromWho="0" sc="303,-26,239,0,249,0,209,26" />
</Scene>
<Scene>
<INIT seed="1,0,0,2,3,74" ten="277,239,249,235" oya="1" hai0="67,51,25,53,127,32,44,41,123,116,55,29,72" hai1="131,102,3,16,119,14,56,117,125,6,39,115,4" hai2="5,132,75,43,110,61,2,10,95,100,84,65,89" hai3="113,120,78,99,26,93,28,114,91,46,62,42,38"/><U36/><E115/><V54/><F110/><W107/><G120/><T20/><D72/><U85/><E131/><V18/><F132/><W9/><G107/><T128/><D116/><U35/><E35/><V121/><F121/><W109/><G109/><T129/><D123/><U22/><E125/><V21/><F43/><W103/><G9/><T37/><D127/><U19/><E102/><V130/><F130/><N who="0" m="50282" /><D67/><U96/><E96/><V60/><F100/><W11/><G11/><T31/><D37/><U13/><E56/><V45/><F75/><W70/><G103/><T104/><D104/><U58/><E58/><V68/><F60/><W33/><G70/><T101/><D101/><U108/><E85/><V47/><REACH who="2" step="1"/><F54/><REACH who="2" ten="277,239,239,235" step="2"/><W87/><G62/><T40/><D40/><U112/><E108/><V71/><F71/><W77/><REACH who="3" step="1"/><G99/><REACH who="3" ten="277,239,239,225" step="2"/><T15/><D41/><U64/><E112/><AGARI ba="0,2" hai="26,28,33,38,42,46,77,78,87,91,93,112,113,114" machi="112" ten="40,8000,1" yaku="1,1,2,1,52,2,53,0" doraHai="74" doraHaiUra="133" who="3" fromWho="1" sc="277,0,239,-80,239,0,225,100" />
</Scene>
<Scene>
<INIT seed="2,0,0,0,1,81" ten="277,159,239,325" oya="2" hai0="102,119,8,94,63,70,54,120,108,42,112,39,52" hai1="128,35,100,12,31,127,75,122,26,16,0,93,92" hai2="131,68,2,32,87,19,135,65,129,123,74,20,58" hai3="114,25,38,51,130,49,105,29,103,91,96,6,9"/><V118/><F74/><W71/><G130/><N who="2" m="49673" /><F118/><W45/><G71/><T22/><D119/><U1/><E128/><V99/><F32/><W55/><G114/><T121/><D112/><U34/><E127/><V64/><F68/><W111/><G111/><T101/><D108/><U60/><E75/><V77/><F123/><W4/><G38/><T89/><D8/><U43/><E122/><V124/><F2/><W104/><G91/><T57/><D70/><U5/><E43/><V107/><F124/><W17/><G105/><T133/><D133/><U62/><E35/><V66/><F135/><W84/><G84/><T44/><D54/><U86/><E93/><V82/><F58/><W24/><G104/><T21/><D120/><U37/><E37/><V115/><F115/><W90/><G45/><T36/><D36/><U78/><E100/><N who="2" m="62879" /><F66/><W33/><G103/><T73/><D73/><U132/><E132/><V85/><F85/><W23/><G96/><T106/><D121/><U117/><E117/><V46/><F46/><W41/><G41/><T40/><D40/><U30/><E30/><V125/><F125/><W48/><G90/><T80/><D106/><U69/><E69/><V98/><F98/><W67/><G67/><T72/><D102/><U47/><E47/><V79/><F79/><W7/><REACH who="3" step="1"/><G55/><REACH who="3" ten="277,159,239,315" step="2"/><T110/><D101/><U56/><E56/><V113/><F113/><W97/><G97/><N who="0" m="57551" /><D110/><U27/><E78/><V109/><F109/><W83/><G83/><T126/><D126/><U95/><E92/><V59/><F59/><W3/><AGARI ba="0,1" hai="3,4,6,7,9,17,23,24,25,29,33,48,49,51" machi="3" ten="30,2000,0" yaku="1,1,0,1,53,0" doraHai="81" doraHaiUra="116" who="3" fromWho="3" sc="277,-5,159,-5,239,-10,315,30" />
</Scene>
<Scene>
<INIT seed="3,0,0,2,5,108" ten="272,154,229,345" oya="3" hai0="102,30,9,6,115,38,96,92,11,33,47,133,1" hai1="51,55,58,124,34,93,128,60,75,87,2,72,52" hai2="98,109,83,29,3,27,74,117,82,53,127,62,42" hai3="70,13,12,32,116,100,7,112,99,122,68,14,76"/><W101/><G116/><T121/><D121/><U126/><E2/><V91/><F117/><W8/><G122/><T71/><D71/><U25/><E128/><V110/><F3/><W50/><G32/><T111/><D111/><N who="2" m="42506" /><F127/><N who="1" m="48681" /><E34/><N who="2" m="20799" /><F74/><N who="1" m="28201" /><E25/><V84/><F42/><W56/><G14/><T15/><D133/><U107/><E107/><V119/><F119/><W54/><G13/><T103/><D33/><U130/><E130/><V89/><F98/><W132/><G12/><T61/><D30/><U22/><E22/><V63/><F53/><W90/><G54/><T37/><D1/><U4/><E4/><V131/><F131/><W66/><G7/><T85/><D15/><U67/><E51/><V125/><F125/><W118/><G50/><T48/><D6/><U120/><E120/><V43/><F43/><W10/><G99/><T86/><D48/><U105/><E105/><V39/><F39/><W88/><G8/><T135/><D38/><U81/><E93/><V31/><F31/><W106/><G10/><T69/><D92/><U18/><E18/><V20/><F20/><W77/><G106/><T64/><D37/><U123/><E123/><V35/><F35/><W78/><G132/><T79/><D135/><U134/><E134/><V49/><F49/><W80/><G70/><T46/><D69/><U45/><E45/><V0/><F0/><W114/><G68/><T41/><D46/><U36/><E36/><V129/><F129/><W5/><G5/><T16/><D47/><U24/><E24/><V44/><F44/><W113/><G118/><T104/><D104/><U73/><E73/><RYUUKYOKU ba="0,0" sc="272,-15,154,15,229,15,345,-15" hai1="52,55,58,60,67,81,87" hai2="62,63,82,83,84,89,91" />
</Scene>
<Scene>
<INIT seed="4,1,0,3,5,79" ten="257,169,244,330" oya="0" hai0="26,129,104,115,100,82,95,58,38,107,11,40,93" hai1="42,56,64,89,99,117,12,70,57,72,2,53,86" hai2="74,13,20,123,61,41,21,97,67,66,103,15,60" hai3="98,52,90,122,78,91,120,94,88,10,113,4,132"/><T17/><D129/><U114/><E117/><V45/><F74/><W106/><G113/><T124/><D115/><U59/><E2/><V126/><F123/><N who="3" m="47147" /><G132/><T14/><D124/><U135/><E72/><V77/><F77/><W119/><G119/><T33/><D58/><U1/><E1/><V32/><F32/><W92/><G78/><T133/><D133/><U102/><E114/><V43/><F126/><W85/><G106/><T63/><D63/><U37/><E70/><V27/><F97/><W105/><G105/><T108/><D108/><U35/><E35/><V101/><F27/><W0/><G52/><T22/><D33/><U128/><E64/><V127/><F127/><W87/><G87/><T80/><D104/><U96/><E128/><V118/><F118/><W68/><G68/><T134/><D134/><U18/><E135/><V116/><F116/><W83/><G94/><N who="0" m="35851" /><D107/><U131/><E131/><V130/><F130/><W46/><G46/><AGARI ba="1,0" hai="13,15,20,21,41,43,45,46,60,61,66,67,101,103" machi="46" ten="25,3200,0" yaku="22,2,8,1" doraHai="79" who="2" fromWho="3" sc="257,0,169,0,244,35,330,-35" />
</Scene>
<Scene>
<INIT seed="5,0,0,0,1,20" ten="257,169,279,295" oya="1" hai0="64,129,38,22,51,59,47,94,10,86,62,96,31" hai1="35,68,107,18,87,54,43,99,65,118,88,135,40" hai2="132,55,97,83,5,105,14,27,61,2,104,134,67" hai3="32,116,91,124,28,12,103,115,33,7,125,75,128"/><U39/><E118/><V133/><F2/><W122/><G116/><T6/><D38/><U121/><E121/><V80/><F55/><W46/><G122/><T77/><D129/><U30/><E135/><V23/><F14/><W69/><G69/><T127/><D127/><N who="3" m="48713" /><G115/><T72/><D72/><U93/><E39/><V52/><F5/><W17/><G128/><T45/><D77/><U126/><E18/><N who="2" m="12791" /><F52/><W24/><G75/><T101/><D86/><U117/><E54/><V114/><F114/><W113/><G113/><T85/><D85/><U25/><E117/><V36/><F36/><W102/><G46/><T110/><D110/><U108/><E108/><V81/><F97/><W37/><G37/><T3/><D51/><U48/><E48/><V41/><F41/><W53/><G53/><T71/><D71/><AGARI ba="0,0" hai="61,67,71,80,81,83,104,105,132,133,134" m="12791" machi="71" ten="40,2600,0" yaku="20,1,52,1" doraHai="20" who="2" fromWho="0" sc="257,-26,169,0,279,26,295,0" />
</Scene>
<Scene>
<INIT seed="6,0,0,4,4,121" ten="231,169,305,295" oya="2" hai0="89,71,79,101,63,47,13,20,26,59,69,42,91" hai1="39,113,97,129,70,130,52,43,90,6,4,84,120" hai2="2,8,83,12,64,48,24,53,56,115,76,51,124" hai3="16,50,19,18,96,78,135,100,37,34,102,105,55"/><V106/><F2/><W109/><G109/><T49/><D79/><U21/><E113/><V116/><F116/><W75/><G37/><T29/><D101/><U17/><E120/><V111/><F106/><W27/><G135/><T119/><D119/><U103/><E70/><V61/><F115/><W11/><G102/><T107/><D107/><U104/><E43/><V62/><F24/><W25/><G34/><T81/><D13/><U99/><E39/><V134/><F124/><W77/><G11/><T65/><D71/><U110/><E99/><V40/><F134/><W108/><G108/><T93/><D81/><U10/><E110/><V35/><F35/><W23/><G75/><T41/><D41/><U112/><E112/><V73/><F111/><W28/><REACH who="3" step="1"/><G27/><REACH who="3" ten="231,169,305,285" step="2"/><T33/><D33/><U38/><E38/><V95/><F8/><W132/><G132/><T44/><D26/><U22/><E6/><V3/><F73/><W14/><G14/><T36/><D36/><U85/><E4/><V125/><F12/><W122/><G122/><T123/><D123/><U68/><E10/><V126/><F126/><W30/><G30/><T92/><D29/><U88/><E17/><V114/><F125/><W31/><G31/><T57/><D20/><U5/><E5/><V45/><F114/><W94/><G94/><T80/><D92/><N who="1" m="54287" /><E21/><V118/><F95/><W54/><G54/><N who="0" m="30015" /><D93/><N who="1" m="54471" /><E22/><V82/><F118/><W15/><G15/><T7/><D7/><U98/><E52/><V46/><F53/><W133/><G133/><T86/><D89/><U0/><E103/><V87/><F40/><RYUUKYOKU ba="0,1" sc="231,15,169,-15,305,-15,285,15" hai0="42,44,57,59,63,65,69,80,86,91" hai3="16,18,19,23,25,28,50,55,77,78,96,100,105" />
</Scene>
<Scene>
<INIT seed="7,1,1,2,0,37" ten="246,154,290,300" oya="3" hai0="58,77,83,104,84,25,48,90,87,7,21,55,5" hai1="38,26,81,108,10,17,13,107,85,100,74,29,19" hai2="1,101,52,40,92,34,44,82,132,133,53,73,114" hai3="122,60,131,31,121,36,59,91,95,89,4,35,46"/><W110/><G4/><T130/><D104/><U11/><E108/><V42/><F1/><W98/><G110/><T50/><D50/><U78/><E38/><N who="2" m="21527" /><F42/><W102/><G131/><T68/><D68/><U15/><E107/><V116/><F34/><W125/><G125/><T70/><D70/><U134/><E134/><N who="2" m="51819" /><F114/><W117/><G117/><T41/><D41/><U123/><E123/><V61/><F116/><W49/><G36/><T86/><D130/><U119/><E119/><V71/><F101/><W14/><G14/><T16/><REACH who="0" step="1"/><D86/><REACH who="0" ten="236,154,290,300" step="2"/><U67/><E67/><N who="2" m="41455" /><F92/><AGARI ba="1,2" hai="5,7,16,21,25,48,55,58,77,83,84,87,90,92" machi="92" ten="30,8000,1" yaku="1,1,7,1,8,1,54,1,53,1" doraHai="37" doraHaiUra="54" who="0" fromWho="2" sc="236,103,154,0,290,-83,300,0" owari="339,44.0,154,-35.0,207,-19.0,300,10.0" />
</Scene>
</mjloggm>