<mjloggm ver="2.3"><GO type="169" lobby="0"/><UN n0="%E3%81%84%E3%81%97%E3%81%97%E3%82%93%49%44%E7%B4%9B%E5%A4%B1" n1="%E8%88%AC%E5%8D%93%E6%B0%91%E3%81%AE%E6%9C%9D%E3%81%AF%E6%97%A9%E3%81%84" n2="%E5%A4%AA%E3%81%8F%E3%81%AA%E3%81%84%E3%81%8A" n3="%E5%A5%88%E8%90%BD%E3%81%AE%E7%8E%8B" dan="16,16,17,17" rate="2045.45,2090.15,2207.72,2142.33" sx="M,F,M,M"/><TAIKYOKU oya="0"/>

<Scene>
<INIT seed="0,0,0,3,4,71" ten="250,250,250,250" oya="0" hai0="39,43,100,78,84,92,94,41,23,128,132,103,33" hai1="14,75,47,27,44,22,117,50,6,11,58,106,20" hai2="7,31,19,4,107,40,76,37,93,64,26,115,3" hai3="82,85,13,109,16,127,54,5,113,0,56,67,18"/><T97/><D33/><U74/><E117/><V86/><F107/><W12/><G113/><T17/><D128/><U114/><E106/><V96/><F115/><W51/><G0/><T29/><D29/><U65/><E114/><V120/><F120/><W57/><G109/><T91/><D132/><U30/><E74/><V21/><F64/><W68/><G68/><T66/><D66/><U69/><E75/><V35/><F86/><W42/><G42/><T38/><D78/><U112/><E69/><V130/><F76/><W59/><G5/><T119/><D119/><U48/><E112/><V52/><F130/><W81/><G127/><T129/><D129/><U8/><E8/><V25/><F3/><W49/><G67/><T28/><D28/><U2/><E22/><V70/><F70/><W80/><G85/><T98/><D43/><U24/><E24/><V110/><F110/><W95/><G95/><T123/><D41/><U73/><E73/><V62/><F40/><W125/><G125/><T124/><D123/><U116/><E116/><V15/><F15/><N who="3" m="5707" /><G54/><T87/><D124/><U77/><E77/><V1/><F1/><W46/><G46/><N who="1" m="17450" /><E2/><V9/><F9/><W72/><G72/><T121/><D121/><U118/><E118/><V104/><F104/><W83/><N who="3" m="20480" /><DORA hai="88" /><W122/><G122/><T101/><D84/><U105/><E105/><V53/><F4/><W89/><G89/><T134/><D87/><U55/><E65/><V32/><F7/><W36/><G36/><T34/><D39/><U99/><E99/><V79/><F37/><W108/><G108/><RYUUKYOKU ba="0,0" sc="250,-15,250,15,250,-15,250,15" hai1="6,11,14,20,27,30,48,50,55,58" hai3="16,18,49,51,56,57,59" />
</Scene>
<Scene>
<INIT seed="1,1,0,1,5,109" ten="235,265,235,265" oya="1" hai0="130,20,60,124,69,1,59,119,95,79,31,68,58" hai1="118,18,2,103,33,27,74,4,5,65,128,32,35" hai2="12,3,123,24,99,80,89,90,86,67,112,122,16" hai3="75,47,115,25,132,39,85,34,106,10,17,64,83"/><U126/><E74/><V81/><F3/><W117/><G106/><T61/><D119/><U93/><E118/><V120/><F67/><W26/><G117/><T30/><D1/><U133/><E65/><V98/><F24/><W0/><G64/><T63/><D79/><U50/><E103/><V62/><F62/><W92/><G34/><T8/><D8/><U6/><E93/><V84/><REACH who="2" step="1"/><F112/><REACH who="2" ten="235,265,225,265" step="2"/><W36/><G0/><T23/><D63/><U37/><E2/><V40/><F40/><W9/><G25/><T13/><D61/><U101/><E27/><V131/><F131/><W43/><G26/><T53/><D60/><U88/><E128/><V97/><F97/><W111/><G43/><T78/><D130/><U116/><E116/><V70/><F70/><W29/><G111/><T55/><D69/><U87/><E35/><V135/><F135/><W52/><G132/><T57/><D68/><U49/><E33/><V22/><AGARI ba="1,1" hai="12,16,22,80,81,84,86,89,90,98,99,120,122,123" machi="22" ten="30,7900,0" yaku="1,1,0,1,9,1,54,1,53,0" doraHai="109" doraHaiUra="91" who="2" fromWho="2" sc="235,-21,265,-40,225,92,265,-21" />
</Scene>
<Scene>
<INIT seed="2,0,0,2,2,117" ten="214,225,317,244" oya="2" hai0="98,88,78,115,25,36,67,104,94,86,71,79,6" hai1="31,107,43,17,130,45,30,57,70,103,46,82,131" hai2="58,108,125,13,127,21,124,14,73,95,51,113,15" hai3="53,135,26,132,41,2,66,111,97,119,60,20,9"/><V35/><F35/><W65/><G119/><T16/><D36/><U12/><E70/><V59/><F113/><W133/><G41/><T81/><D115/><U63/><E82/><V121/><F73/><W122/><G111/><T48/><D104/><U90/><E90/><V22/><F108/><W44/><G122/><T61/><D6/><U7/><E7/><V87/><F121/><W118/><G118/><T114/><D114/><U123/><E103/><V4/><F4/><N who="3" m="1175" /><G97/><T105/><D105/><U18/><E107/><V5/><F5/><W112/><G112/><T92/><D92/><U24/><E123/><V77/><F51/><N who="3" m="28903" /><G60/><T52/><D79/><U56/><E24/><V75/><F75/><W120/><G120/><T83/><D83/><U85/><E85/><V64/><F64/><W76/><G76/><T129/><D129/><N who="1" m="49163" /><E12/><V32/><F32/><W49/><G49/><T19/><REACH who="0" step="1"/><D25/><REACH who="0" ten="204,225,317,244" step="2"/><U39/><E39/><V69/><F77/><W110/><G110/><T28/><D28/><AGARI ba="0,1" hai="20,26,28,65,66,132,133,135" m="28903,1175" machi="28" ten="30,1000,0" yaku="20,1" doraHai="117" who="3" fromWho="0" sc="204,-10,225,0,317,0,244,20" />
</Scene>
<Scene>
<INIT seed="3,0,0,1,5,82" ten="194,225,317,264" oya="3" hai0="69,44,77,79,129,115,41,81,18,73,12,13,103" hai1="88,7,90,119,36,29,67,39,50,92,100,33,65" hai2="66,8,37,60,93,87,116,133,114,124,130,108,63" hai3="35,125,16,85,14,58,42,52,54,56,97,91,104"/><W122/><G35/><T132/><D69/><U2/><E119/><V21/><F114/><W111/><G122/><T86/><D115/><U4/><E100/><V34/><F34/><W96/><G104/><T23/><D129/><U30/><E2/><V123/><F116/><W51/><G42/><T19/><D132/><U61/><E50/><V46/><F133/><W84/><G125/><T106/><D106/><U127/><E33/><V117/><F117/><W74/><G74/><T47/><D103/><U126/><E92/><V110/><F130/><W26/><G26/><T49/><D47/><U101/><E101/><V45/><F124/><W24/><G24/><T55/><D41/><U25/><E25/><V80/><F21/><N who="3" m="11415" /><G111/><N who="2" m="42537" /><F123/><W59/><G85/><T83/><D19/><U120/><E120/><V15/><F37/><W68/><G68/><T1/><D1/><U118/><E118/><V64/><F93/><N who="3" m="54503" /><G54/><T131/><D131/><U40/><E40/><V102/><F102/><W22/><G22/><T10/><D73/><U98/><REACH who="1" step="1"/><E61/><REACH who="1" ten="194,215,317,264" step="2"/><V43/><F63/><W107/><G107/><T76/><D83/><U32/><E32/><V78/><F43/><W53/><G53/><T20/><D55/><U6/><E6/><N who="2" m="3479" /><F66/><W89/><G89/><T95/><D95/><U70/><E70/><AGARI ba="0,1" hai="45,46,60,64,70,78,80,87" m="3479,42537" machi="70" ten="30,2000,0" yaku="14,1,52,1" doraHai="82" who="2" fromWho="1" sc="194,0,215,-20,317,30,264,0" />
</Scene>
<Scene>
<INIT seed="4,0,0,5,0,48" ten="194,195,347,264" oya="0" hai0="88,23,41,0,104,2,115,64,77,29,46,27,80" hai1="92,101,37,75,63,102,12,70,130,5,119,26,76" hai2="57,66,8,20,50,54,95,114,43,36,105,86,134" hai3="82,112,131,59,120,68,35,28,128,1,113,97,111"/><T49/><D104/><U61/><E119/><V10/><F105/><W40/><G68/><T38/><D115/><N who="3" m="44105" /><G40/><T71/><D38/><U44/><E130/><N who="3" m="49706" /><G111/><T125/><D125/><U106/><E92/><V67/><F114/><W58/><G1/><T98/><D64/><N who="2" m="24618" /><F36/><W79/><G97/><T7/><D7/><U78/><E44/><N who="2" m="25887" /><F134/><W52/><G120/><T56/><D71/><U34/><E37/><V16/><F86/><N who="3" m="48479" /><G52/><T32/><D2/><U33/><E70/><V100/><F95/><W24/><AGARI ba="0,0" hai="24,28,35,58,59" m="48479,49706,44105" machi="24" ten="40,2700,0" yaku="15,1,19,1" doraHai="48" who="3" fromWho="3" sc="194,-13,195,-7,347,-7,264,27" />
</Scene>
<Scene>
<INIT seed="5,0,0,2,3,46" ten="181,188,340,291" oya="1" hai0="59,47,71,107,17,69,125,32,1,36,124,10,22" hai1="3,101,95,85,89,119,52,77,29,48,5,14,76" hai2="53,64,84,0,63,131,113,87,18,68,134,91,106" hai3="67,116,55,105,38,88,8,114,21,115,73,104,28"/><U135/><E3/><V82/><F106/><W42/><G73/><T93/><D107/><U62/><E119/><V126/><F0/><W86/><G67/><T57/><D32/><U102/><E29/><V30/><F30/><W25/><G116/><T81/><D81/><U4/><E62/><V100/><F100/><N who="1" m="38505" /><E135/><V27/><F27/><W78/><G78/><N who="1" m="30314" /><E14/><V80/><F134/><W19/><G105/><T79/><D79/><U127/><E127/><V35/><F126/><W26/><G104/><T122/><D71/><U117/><E117/><V66/><F35/><W9/><G55/><T60/><D69/><U99/><E85/><V58/><F68/><W33/><G42/><T94/><D1/><U23/><E23/><V50/><F63/><W123/><G38/><T109/><D36/><U54/><E54/><V96/><F84/><W40/><G40/><T41/><D41/><U90/><E89/><V11/><F87/><W128/><G123/><T51/><D122/><U83/><E83/><V111/><F80/><W49/><G33/><T130/><D125/><U75/><E75/><V72/><F82/><W70/><G70/><T16/><D124/><U108/><E108/><V132/><F111/><W2/><G2/><T92/><D109/><U24/><E24/><V110/><F72/><W118/><G118/><T65/><D60/><U45/><AGARI ba="0,0" hai="4,5,45,48,52,90,95,99" m="30314,38505" machi="45" ten="30,6000,0" yaku="8,1,52,1,54,1" doraHai="46" who="1" fromWho="1" sc="181,-20,188,60,340,-20,291,-20" />
</Scene>
<Scene>
<INIT seed="5,1,0,2,2,16" ten="161,248,320,271" oya="1" hai0="34,59,63,48,25,92,90,3,42,134,33,98,126" hai1="80,19,14,2,133,125,121,82,50,132,20,104,83" hai2="107,12,131,13,103,8,41,15,55,130,57,36,120" hai3="116,127,7,24,0,77,114,47,61,51,112,108,1"/><U102/><E121/><V38/><F120/><W4/><G108/><T39/><D39/><N who="2" m="14890" /><F41/><W94/><G127/><T105/><D3/><U58/><E2/><V95/><F107/><W65/><G77/><T70/><D126/><U113/><E113/><N who="3" m="43626" /><G116/><T64/><D134/><N who="1" m="51819" /><E125/><V119/><F119/><W111/><G111/><T81/><D105/><U123/><E123/><V60/><F95/><W69/><G94/><T135/><D135/><U17/><E17/><N who="2" m="8327" /><F103/><W84/><G84/><T129/><D42/><U37/><E37/><V115/><F115/><W10/><G24/><T40/><D25/><U86/><E102/><V74/><F74/><W85/><G85/><T106/><D106/><U23/><E104/><V79/><F79/><W100/><G100/><T66/><D90/><N who="1" m="51527" /><E20/><V87/><F87/><W78/><G78/><T73/><D73/><U56/><E50/><V110/><F110/><W21/><G21/><T75/><D48/><U118/><E118/><V30/><F30/><W26/><G1/><T101/><D75/><U6/><E6/><V9/><F9/><W76/><G76/><T31/><D31/><U28/><E28/><V72/><F72/><W91/><G7/><T122/><D122/><U97/><E97/><V128/><AGARI ba="1,0" hai="13,15,55,57,60,128,130,131" m="8327,14890" machi="128" ten="40,1500,0" yaku="19,1" doraHai="16" who="2" fromWho="2" sc="161,-5,248,-8,320,18,271,-5" />
</Scene>
<Scene>
<INIT seed="6,0,0,5,1,20" ten="156,240,338,266" oya="2" hai0="124,22,129,52,118,31,86,67,15,133,122,37,68" hai1="57,125,76,81,58,62,88,1,48,56,104,2,34" hai2="90,6,43,16,10,25,12,93,39,42,109,96,85" hai3="30,27,36,92,46,121,61,64,44,100,97,49,120"/><V108/><F39/><W134/><G36/><T117/><D122/><U28/><E104/><V115/><F115/><W11/><G11/><T8/><D37/><U19/><E125/><V106/><F106/><W0/><G0/><T83/><D124/><U105/><E105/><V78/><F109/><W103/><G103/><T53/><D67/><U38/><E38/><V9/><F108/><W80/><G80/><T35/><D68/><U130/><E130/><V24/><F78/><W77/><G77/><T94/><D35/><U79/><E19/><V23/><F96/><W91/><G91/><T45/><D94/><U72/><E76/><V5/><F25/><W98/><G98/><T59/><D45/><U126/><E48/><V73/><F73/><W60/><G60/><T18/><D53/><U110/><E110/><V123/><F123/><W51/><G51/><T74/><D74/><U87/><E62/><V4/><F10/><W55/><G46/><T111/><D129/><U26/><REACH who="1" step="1"/><E126/><REACH who="1" ten="156,230,338,266" step="2"/><V127/><F127/><W119/><G121/><T32/><D111/><U13/><E13/><V63/><F63/><W112/><G120/><T82/><D15/><U114/><E114/><V89/><F12/><W102/><G112/><T50/><D50/><U116/><E116/><V33/><F16/><W54/><G119/><T29/><D118/><U113/><E113/><V21/><F5/><W14/><G14/><T99/><D117/><U107/><E107/><V3/><F6/><W69/><G61/><T95/><D18/><U40/><E40/><V70/><F4/><W66/><G49/><RYUUKYOKU ba="0,1" sc="156,-10,230,30,338,-10,266,-10" hai1="1,2,26,28,34,56,57,58,72,79,81,87,88" />
</Scene>
<Scene>
<INIT seed="7,1,1,4,2,111" ten="146,260,328,256" oya="3" hai0="11,19,119,128,66,96,103,126,7,5,99,102,73" hai1="105,52,120,83,74,101,61,78,28,29,42,36,10" hai2="69,130,39,84,8,107,108,88,40,16,4,37,0" hai3="43,22,68,132,55,6,114,24,86,94,121,46,35"/><W44/><G121/><T85/><D73/><U115/><E120/><V14/><F108/><W38/><G68/><T56/><D119/><U32/><E52/><V125/><F107/><W30/><G6/><T90/><D126/><U118/><E28/><V122/><F122/><W92/><G132/><T95/><D128/><U48/><E48/><V49/><F69/><W113/><G35/><T13/><D66/><U3/><E61/><V45/><F130/><W127/><G127/><T70/><D70/><U62/><E62/><V20/><F125/><W18/><G30/><T27/><D56/><U31/><E31/><V131/><F131/><W23/><G23/><T93/><REACH who="0" step="1"/><D27/><REACH who="0" ten="136,260,328,256" step="2"/><U134/><E118/><V89/><F45/><W97/><G46/><T26/><D26/><U76/><E74/><V47/><F47/><W71/><G71/><T79/><D79/><U104/><E76/><V1/><F39/><W65/><G65/><T75/><D75/><U117/><E78/><V12/><F37/><W58/><G58/><T91/><D91/><U54/><E36/><V112/><F89/><N who="3" m="53303" /><G55/><T106/><D106/><U9/><E54/><V116/><F116/><W2/><G44/><T21/><D21/><U124/><E117/><V67/><F20/><W109/><G38/><T98/><D98/><U129/><E124/><V77/><F67/><W53/><G53/><T25/><D25/><U17/><E129/><V41/><F49/><W57/><G57/><T63/><D63/><U110/><E110/><V15/><F77/><W72/><G109/><T100/><D100/><U135/><E101/><RYUUKYOKU ba="1,2" sc="136,30,260,-10,328,-10,256,-10" hai0="5,7,11,13,19,85,90,93,95,96,99,102,103" owari="166,-33.0,250,5.0,338,43.0,246,-15.0" />
</Scene>
</mjloggm>