<mjloggm ver="2.3"><GO type="169" lobby="0"/><UN n0="%E3%81%AE%E3%81%9F%E3%82%8F" n1="%E5%A4%AA%E3%81%8F%E3%81%AA%E3%81%84%E3%81%8A" n2="%E3%83%90%E3%82%A4%E3%82%A2%E3%83%A9%E3%83%B3" n3="%EF%BC%8D%72%69%6D%75%EF%BC%8D" dan="19,18,18,16" rate="2256.56,2185.18,2208.64,2075.75" sx="M,M,M,M"/><TAIKYOKU oya="0"/>

<Scene>
<INIT seed="0,0,0,5,5,22" ten="250,250,250,250" oya="0" hai0="65,23,68,9,79,56,55,111,106,92,61,89,30" hai1="100,107,124,116,7,76,25,33,110,62,42,67,131" hai2="4,117,16,81,3,8,52,134,88,83,94,108,104" hai3="114,60,125,126,103,20,71,29,48,101,74,46,12"/><T44/><D106/><U86/><E116/><V53/><F108/><W0/><G114/><T115/><D115/><U109/><E131/><V39/><F104/><W129/><G129/><T95/><D111/><N who="1" m="42507" /><E124/><V102/><F39/><W135/><G0/><T43/><D79/><U6/><E42/><V47/><F134/><W27/><G74/><T19/><D9/><U78/><E100/><V13/><F102/><W91/><G135/><T84/><D30/><N who="1" m="19663" /><E107/><V63/><F117/><W82/><G12/><T75/><D75/><U58/><E86/><N who="2" m="52503" /><F4/><AGARI ba="0,0" hai="4,6,7,58,62,67,76,78" m="19663,42507" machi="4" ten="30,2000,0" yaku="14,1,52,1" doraHai="22" who="1" fromWho="2" sc="250,0,250,20,250,-20,250,0" />
</Scene>
<Scene>
<INIT seed="1,0,0,0,3,105" ten="250,270,230,250" oya="1" hai0="92,11,117,120,66,50,128,59,16,84,39,48,47" hai1="2,90,60,64,5,15,104,6,23,63,30,127,108" hai2="0,79,80,17,73,102,44,107,18,40,86,123,62" hai3="88,74,126,38,68,118,61,9,96,1,27,33,115"/><U122/><E122/><V69/><F123/><W95/><G115/><T94/><D117/><U57/><E2/><V42/><F42/><W13/><G118/><T83/><D120/><U54/><E104/><V119/><F119/><W100/><G38/><T4/><D128/><U131/><E131/><V116/><F116/><W41/><G41/><N who="0" m="24687" /><D39/><U14/><E127/><V46/><F46/><W99/><G126/><T125/><D4/><U37/><E37/><V133/><F133/><W21/><G33/><T134/><D134/><U121/><E121/><V76/><F102/><W19/><G1/><T98/><D98/><U65/><E108/><V31/><F31/><W32/><G32/><T97/><D97/><U110/><E110/><V36/><F107/><W10/><G74/><T109/><D109/><U130/><E130/><V93/><F0/><W35/><G35/><T25/><D125/><U71/><E90/><V113/><F113/><W89/><G10/><T20/><D11/><U26/><REACH who="1" step="1"/><E65/><REACH who="1" ten="250,260,230,250" step="2"/><V124/><F124/><W70/><G89/><T72/><D66/><U114/><E114/><V24/><F36/><W132/><G132/><T82/><D94/><U3/><E3/><V56/><F93/><W45/><G95/><T58/><D92/><U55/><E55/><V12/><F80/><W75/><G88/><T43/><D82/><U29/><E29/><V87/><F76/><W8/><G100/><T51/><D83/><U53/><E53/><V91/><F91/><W67/><G67/><T78/><D78/><U101/><E101/><V85/><F79/><W28/><G28/><RYUUKYOKU ba="0,1" sc="250,-10,260,30,230,-10,250,-10" hai1="5,6,14,15,23,26,30,54,57,60,63,64,71" />
</Scene>
<Scene>
<INIT seed="1,1,1,3,5,40" ten="240,290,220,240" oya="1" hai0="98,108,48,122,133,71,90,7,130,129,1,18,61" hai1="9,113,67,135,96,119,99,21,47,0,102,82,58" hai2="35,103,28,75,17,23,111,80,53,24,68,2,109" hai3="100,4,11,15,118,125,6,31,41,81,72,85,30"/><U110/><E119/><V36/><F103/><W112/><G112/><T104/><D108/><N who="2" m="41546" /><F68/><W134/><G72/><T25/><D122/><U97/><E110/><V60/><F36/><W49/><G134/><T73/><D133/><U123/><E135/><V70/><F2/><W34/><G125/><T37/><D37/><U76/><E113/><V106/><F106/><W16/><G118/><T38/><D38/><U29/><E123/><V12/><F53/><W121/><G121/><T128/><D73/><U117/><E117/><V115/><F115/><W87/><G100/><T74/><D74/><U89/><E102/><V107/><F107/><W66/><G66/><T14/><D104/><U105/><E105/><V22/><F80/><W33/><G33/><T55/><D1/><U88/><E82/><V79/><F79/><W91/><G85/><T13/><D71/><U44/><E76/><V126/><F126/><W131/><G131/><T69/><D69/><U52/><E67/><N who="2" m="41319" /><F75/><W43/><G43/><T62/><D128/><U50/><E0/><V64/><F64/><W84/><G84/><T94/><D129/><U86/><E9/><AGARI ba="1,1" hai="9,12,17,22,23,24,28,35" m="41319,41546" machi="9" ten="30,1000,0" yaku="14,1" doraHai="40" who="2" fromWho="1" sc="240,0,290,-13,220,23,240,0" />
</Scene>
<Scene>
<INIT seed="2,0,0,0,2,8" ten="240,277,243,240" oya="2" hai0="59,95,43,13,27,93,44,21,115,66,77,131,87" hai1="117,67,81,3,0,60,69,2,104,64,19,58,63" hai2="99,49,90,22,28,50,32,86,111,112,123,84,52" hai3="109,17,30,29,126,39,96,98,70,128,45,54,127"/><V53/><F32/><W133/><G70/><T24/><D115/><U113/><E113/><V125/><F123/><W103/><G109/><T40/><D131/><U51/><E117/><V25/><F125/><N who="3" m="47627" /><G128/><T85/><D66/><U23/><E104/><V72/><F72/><W35/><G133/><T18/><D59/><U11/><E81/><V119/><F119/><W26/><G30/><T42/><D44/><U134/><E134/><V94/><F111/><W124/><G124/><T79/><D87/><U82/><E82/><V78/><F112/><W56/><G17/><T41/><N who="0" m="10240" /><DORA hai="76" /><T102/><D102/><U118/><E51/><V122/><F122/><W130/><G130/><T80/><REACH who="0" step="1"/><D79/><REACH who="0" ten="230,277,243,240" step="2"/><U36/><E118/><V38/><F78/><W55/><G45/><T62/><D62/><U108/><E108/><V110/><F110/><W101/><G56/><T48/><D48/><U6/><E36/><V7/><F38/><W31/><G39/><T9/><D9/><U47/><E47/><N who="2" m="27711" /><F7/><W83/><G103/><T57/><D57/><AGARI ba="0,1" hai="22,25,28,50,53,57,84,86,90,94,99" m="27711" machi="57" ten="30,2900,0" yaku="8,1,54,1" doraHai="8,76" who="2" fromWho="0" sc="230,-29,277,0,243,39,240,0" />
</Scene>
<Scene>
<INIT seed="2,1,0,3,4,40" ten="201,277,282,240" oya="2" hai0="99,15,64,16,3,17,69,118,5,41,85,61,102" hai1="44,1,59,28,127,87,0,34,75,52,116,130,50" hai2="125,88,81,114,43,39,38,133,96,54,82,26,22" hai3="27,120,94,30,21,62,33,58,100,51,2,105,111"/><V73/><F114/><W77/><G120/><T119/><D85/><U101/><E75/><V80/><F73/><W46/><G111/><T123/><D123/><U110/><E116/><N who="0" m="44585" /><D3/><U113/><E113/><V11/><F133/><W9/><G105/><N who="0" m="63711" /><D41/><U74/><E74/><V103/><F125/><W92/><G77/><T67/><D67/><U24/><E110/><V29/><F103/><W112/><G112/><T117/><N who="0" m="44593" /><T36/><DORA hai="42" /><D36/><U7/><E127/><V91/><F39/><W126/><G126/><T109/><D109/><U121/><E121/><V19/><F43/><W47/><G33/><T129/><D129/><U89/><E101/><V65/><F65/><N who="3" m="39127" /><G2/><T97/><D97/><U132/><E130/><V49/><F96/><N who="3" m="59399" /><G9/><AGARI ba="1,0" hai="5,9,15,16,17,61,64,69" m="63711,44593" machi="9" ten="40,2600,0" yaku="12,1,54,1" doraHai="40,42" who="0" fromWho="3" sc="201,29,277,0,282,0,240,-29" />
</Scene>
<Scene>
<INIT seed="3,0,0,3,5,74" ten="230,277,282,211" oya="3" hai0="40,83,60,37,104,43,130,1,89,6,9,15,10" hai1="14,61,68,84,2,64,48,115,51,39,124,112,78" hai2="120,20,108,23,122,88,44,131,38,17,90,119,134" hai3="12,34,30,92,67,101,7,105,33,97,77,5,128"/><W57/><G128/><T103/><D130/><U28/><E2/><V41/><F108/><W107/><G107/><T135/><D135/><U121/><E39/><V110/><F110/><W82/><G105/><T127/><D127/><U58/><E121/><N who="2" m="46699" /><F131/><W50/><G30/><T36/><D60/><U79/><E124/><V116/><F134/><W24/><G24/><T46/><D104/><U32/><E14/><N who="2" m="9271" /><F23/><W106/><G106/><T133/><D133/><U91/><E32/><V27/><F27/><W53/><G67/><T113/><D103/><U125/><E28/><V126/><F126/><W47/><G57/><T93/><D113/><U132/><E125/><V109/><F109/><W117/><G117/><AGARI ba="0,0" hai="38,41,44,88,90,116,117,119" m="9271,46699" machi="117" ten="30,2000,0" yaku="13,1,54,1" doraHai="74" who="2" fromWho="3" sc="230,0,277,0,282,20,211,-20" />
</Scene>
<Scene>
<INIT seed="4,0,0,5,5,58" ten="230,277,302,191" oya="0" hai0="57,130,29,36,4,117,31,56,90,1,115,134,70" hai1="19,99,47,119,34,46,91,0,107,121,77,128,111" hai2="40,53,50,45,129,39,133,18,97,16,109,69,27" hai3="84,108,96,114,12,9,112,20,37,11,67,116,8"/><T83/><D117/><U60/><E119/><V81/><F109/><W14/><G108/><T98/><D70/><U68/><E111/><V21/><F129/><W87/><G116/><T127/><D130/><U125/><E0/><V122/><F133/><W17/><G37/><T78/><D134/><U86/><E121/><V64/><F81/><W80/><G96/><T65/><D115/><N who="3" m="44073" /><G67/><T103/><D127/><U124/><E34/><V5/><F5/><N who="3" m="3087" /><G87/><T105/><D90/><AGARI ba="0,0" hai="9,11,14,17,20,80,84,90" m="3087,44073" machi="90" ten="30,1000,0" yaku="15,1" doraHai="58" who="3" fromWho="0" sc="230,-10,277,0,302,0,191,10" />
</Scene>
<Scene>
<INIT seed="5,0,0,3,2,6" ten="220,277,302,201" oya="1" hai0="2,26,124,68,35,71,48,123,72,51,4,78,81" hai1="32,131,15,97,103,63,36,60,0,109,116,89,83" hai2="61,119,19,99,28,133,13,64,59,114,57,111,27" hai3="1,127,52,100,40,17,55,25,53,31,24,76,98"/><U34/><E0/><V8/><F111/><W41/><G127/><T91/><D124/><U30/><E116/><V121/><F133/><W69/><G69/><T5/><D123/><U128/><E36/><V117/><F121/><W20/><G1/><T45/><D91/><U108/><E15/><V80/><F114/><W67/><G67/><T85/><D72/><U104/><E89/><V18/><F18/><W21/><REACH who="3" step="1"/><G76/><REACH who="3" ten="220,277,302,191" step="2"/><T10/><D68/><U47/><E108/><V79/><F117/><W46/><G46/><T58/><D71/><U3/><E47/><V33/><F119/><W50/><G50/><T7/><D51/><U37/><E3/><V75/><F64/><W86/><G86/><T9/><D2/><U66/><E66/><V29/><F61/><W106/><AGARI ba="0,1" hai="17,20,21,24,25,31,40,41,52,53,55,98,100,106" machi="106" ten="30,4000,0" yaku="1,1,0,1,54,1,53,0" doraHai="6" doraHaiUra="105" who="3" fromWho="3" sc="220,-10,277,-20,302,-10,191,50" />
</Scene>
<Scene>
<INIT seed="6,0,0,2,5,84" ten="210,257,292,241" oya="2" hai0="25,31,125,81,51,64,103,86,72,97,45,11,36" hai1="94,106,61,102,130,77,134,90,101,16,71,79,2" hai2="70,52,75,41,50,43,96,107,38,122,119,34,114" hai3="49,126,80,14,112,128,10,124,66,8,98,26,67"/><V19/><F119/><W83/><G128/><T92/><D125/><N who="3" m="48233" /><G112/><T46/><D72/><U56/><E2/><V55/><F34/><W5/><G26/><T123/><D123/><U48/><E71/><V54/><F75/><W1/><G98/><T33/><D36/><U132/><E48/><V85/><F70/><W111/><G49/><T121/><D121/><U116/><E116/><V12/><F38/><W88/><G111/><T13/><D64/><N who="3" m="24617" /><G88/><T4/><REACH who="0" step="1"/><D51/><REACH who="0" ten="200,257,292,241" step="2"/><U39/><E39/><V117/><F50/><W35/><G35/><T118/><D118/><U24/><E130/><V44/><F117/><W76/><G76/><AGARI ba="0,1" hai="4,11,13,25,31,33,45,46,76,81,86,92,97,103" machi="76" ten="30,3900,0" yaku="1,1,7,1,53,1" doraHai="84" doraHaiUra="73" who="0" fromWho="3" sc="200,49,257,0,292,0,241,-39" />
</Scene>
<Scene>
<INIT seed="7,0,0,4,3,45" ten="249,257,292,202" oya="3" hai0="38,87,46,91,75,83,99,130,107,53,7,36,20" hai1="34,19,1,88,65,123,77,63,22,116,61,71,95" hai2="80,50,13,44,26,126,122,96,66,15,40,86,12" hai3="89,33,74,115,56,72,25,54,39,104,2,58,8"/><W129/><G39/><T9/><D130/><U128/><E123/><V76/><F126/><W82/><G129/><T106/><D20/><U117/><E34/><V125/><F125/><W78/><G104/><T28/><D28/><U10/><E77/><V21/><F122/><W81/><G115/><T48/><D75/><U90/><E128/><V127/><F127/><W84/><G74/><T32/><D32/><U102/><E63/><V92/><F66/><W3/><G8/><T97/><D107/><U6/><E102/><N who="2" m="60679" /><F13/><W47/><G47/><T103/><REACH who="0" step="1"/><D97/><REACH who="0" ten="239,257,292,202" step="2"/><U31/><E31/><AGARI ba="0,1" hai="12,15,21,26,31,40,44,50,76,80,86" m="60679" machi="31" ten="30,2000,0" yaku="8,1,52,1" doraHai="45" who="2" fromWho="1" sc="239,0,257,-20,292,30,202,0" owari="239,4.0,237,-16.0,322,42.0,202,-30.0" />
</Scene>
</mjloggm>