<mjloggm ver="2.3"><GO type="169" lobby="0"/><UN n0="%4D%4A%E3%81%AE%E6%9C%80%E9%AB%98%E5%B3%B0" n1="%E4%B8%AD%E5%B1%B1%E9%87%8E%E8%8D%89" n2="%E3%83%A9%E3%83%A0%E3%83%80%E3%81%95%E3%82%93" n3="%E5%A4%AA%E3%81%8F%E3%81%AA%E3%81%84%E3%81%8A" dan="17,16,17,17" rate="2161.79,2091.05,2198.72,2220.21" sx="M,F,M,M"/><TAIKYOKU oya="0"/>

<Scene>
<INIT seed="0,0,0,0,5,13" ten="250,250,250,250" oya="0" hai0="23,16,118,50,77,106,83,84,3,98,105,71,59" hai1="127,15,70,46,37,35,45,30,17,66,68,36,25" hai2="62,26,64,56,54,67,86,58,114,95,122,40,19" hai3="42,29,4,41,93,39,112,73,85,10,133,32,130"/><T88/><D3/><U135/><E127/><V104/><F122/><W92/><G73/><T53/><D71/><U6/><E135/><V110/><F114/><W131/><G112/><T38/><D38/><U55/><E6/><V51/><F104/><W12/><G133/><T108/><D118/><U34/><E35/><V90/><F110/><W107/><G107/><T101/><D108/><U61/><E68/><V97/><F40/><N who="3" m="15467" /><G39/><T31/><D31/><U124/><E124/><V115/><F115/><W72/><G72/><T102/><D102/><U63/><E45/><V99/><REACH who="2" step="1"/><F67/><REACH who="2" ten="250,250,240,250" step="2"/><W129/><G129/><T24/><REACH who="0" step="1"/><D106/><REACH who="0" ten="240,250,240,250" step="2"/><U91/><E37/><V89/><F89/><AGARI ba="0,2" hai="16,23,24,50,53,59,77,83,84,88,89,98,101,105" machi="89" ten="40,12000,1" yaku="1,1,2,1,52,1,54,2,53,0" doraHai="13" doraHaiUra="5" who="0" fromWho="2" sc="240,140,250,0,240,-120,250,0" />
</Scene>
<Scene>
<INIT seed="0,1,0,2,5,21" ten="380,250,120,250" oya="0" hai0="57,132,31,126,12,81,92,104,20,67,30,71,84" hai1="2,17,66,116,59,122,135,129,25,96,41,113,75" hai2="83,109,101,51,13,56,74,54,47,100,19,26,27" hai3="40,35,37,44,29,117,108,6,70,107,111,89,3"/><T114/><D104/><U105/><E41/><V18/><F109/><N who="3" m="42059" /><G117/><T69/><D114/><U33/><E66/><V124/><F124/><W103/><G70/><T93/><D126/><U118/><E59/><V22/><F74/><W39/><G89/><T48/><D71/><U82/><E82/><V80/><F80/><W76/><G76/><T115/><D69/><U102/><E102/><V5/><F83/><W131/><G131/><T68/><D68/><U87/><E87/><V133/><F133/><W86/><G86/><T99/><D132/><U14/><E96/><V34/><F34/><W15/><G3/><T97/><D115/><U53/><E113/><V8/><F47/><W127/><G127/><T49/><D67/><U98/><E129/><V123/><F123/><W77/><G77/><T110/><D110/><U23/><E122/><V62/><F62/><W28/><G39/><T134/><D134/><U130/><E130/><V24/><REACH who="2" step="1"/><F19/><REACH who="2" ten="380,250,110,250" step="2"/><W38/><G35/><T0/><D81/><U78/><E17/><V85/><F85/><W79/><G79/><T4/><D84/><U121/><E78/><V7/><F7/><W106/><G6/><T50/><D4/><U11/><E33/><V94/><F94/><W55/><G106/><T1/><D93/><U90/><E135/><V72/><F72/><W95/><G107/><T88/><D92/><U58/><E75/><V36/><F36/><W42/><G38/><T63/><D63/><N who="1" m="36303" /><E105/><V10/><F10/><W16/><G37/><T43/><D49/><U9/><E121/><V46/><F46/><W32/><G44/><RYUUKYOKU ba="1,1" sc="380,-10,250,-10,110,30,250,-10" hai2="5,8,13,18,22,24,26,27,51,54,56,100,101" />
</Scene>
<Scene>
<INIT seed="1,2,1,1,2,49" ten="370,240,140,240" oya="1" hai0="46,16,67,113,98,14,61,8,90,104,47,62,23" hai1="5,109,126,97,33,64,24,69,57,39,28,116,77" hai2="3,128,36,92,114,84,79,121,73,21,32,127,63" hai3="58,100,53,9,91,56,112,1,41,123,30,15,117"/><U42/><E116/><V107/><RYUUKYOKU type="yao9" ba="2,1" sc="370,0,240,0,140,0,240,0" hai2="3,21,32,36,63,73,79,84,92,107,114,121,127,128" />
</Scene>
<Scene>
<INIT seed="1,3,1,3,3,32" ten="370,240,140,240" oya="1" hai0="132,43,28,22,99,113,40,18,26,78,51,46,62" hai1="122,56,35,12,58,5,74,49,1,17,131,33,120" hai2="48,0,100,79,102,87,76,70,21,16,115,116,123" hai3="134,34,129,4,73,42,88,3,64,130,14,38,59"/><U60/><E74/><V68/><F116/><W41/><G34/><T7/><D113/><U13/><E35/><V54/><F123/><W47/><G73/><T85/><D132/><U93/><E33/><V36/><F36/><W104/><G104/><T57/><D7/><U128/><E49/><V10/><F115/><W95/><G134/><T83/><D99/><U67/><E93/><V27/><F68/><W124/><G124/><T94/><D94/><U19/><E5/><V103/><F70/><W108/><G108/><T82/><D82/><U135/><E135/><V91/><F0/><W126/><G126/><T89/><D43/><U8/><E1/><V69/><F69/><W72/><G72/><T61/><D61/><U29/><E29/><V11/><F11/><N who="3" m="2463" /><G14/><T44/><D46/><U15/><E58/><N who="2" m="33095" /><F10/><W119/><G42/><T127/><D127/><U118/><E118/><V30/><F30/><W92/><G119/><T117/><D117/><U24/><E8/><V25/><F25/><W125/><G125/><T97/><D97/><U106/><E24/><V31/><F31/><W81/><G59/><T111/><D111/><U84/><E106/><V110/><F110/><W107/><G107/><T23/><D28/><U71/><E71/><V109/><F109/><W105/><G105/><T9/><D9/><U101/><E101/><N who="2" m="25859" /><V52/><DORA hai="20" /><F52/><W55/><G55/><N who="0" m="34111" /><D23/><U90/><E120/><V133/><F133/><W112/><G112/><T66/><D66/><U77/><E122/><V50/><F50/><W80/><G64/><T114/><D114/><U96/><E67/><RYUUKYOKU ba="3,1" sc="370,15,240,-15,140,15,240,-15" hai0="18,22,26,40,44,51,78,83,85,89" hai2="16,21,27,76,79,87,91" />
</Scene>
<Scene>
<INIT seed="2,4,1,3,4,20" ten="385,225,155,225" oya="2" hai0="135,132,2,42,113,19,82,92,10,66,25,11,54" hai1="27,134,3,131,74,39,111,0,8,100,65,13,22" hai2="52,48,12,57,49,24,7,118,26,127,64,109,67" hai3="88,46,4,89,126,14,23,53,119,80,69,102,51"/><V55/><F118/><W79/><G119/><T94/><D42/><U110/><E39/><V76/><F127/><W1/><G69/><T114/><D66/><N who="2" m="25130" /><F109/><N who="1" m="41481" /><E74/><V81/><F81/><W73/><G126/><T121/><D121/><U95/><E65/><V32/><F32/><W68/><G68/><T96/><D82/><U40/><E40/><V60/><F76/><W101/><G1/><T116/><D116/><U58/><E134/><N who="0" m="51241" /><D54/><U29/><E131/><V63/><F49/><W115/><G115/><N who="0" m="44043" /><D2/><U70/><E70/><V33/><F33/><W71/><G71/><T107/><D107/><U77/><E77/><V61/><F55/><W91/><REACH who="3" step="1"/><G23/><REACH who="3" ten="385,225,155,215" step="2"/><N who="0" m="13567" /><D94/><U41/><E0/><V17/><F7/><W50/><G50/><T6/><D6/><U44/><E3/><V35/><F35/><W72/><G72/><T62/><D62/><U98/><E22/><AGARI ba="4,2" hai="12,17,22,24,26,48,52,57,60,61,63" m="25130" machi="22" ten="30,11600,0" yaku="8,1,52,2,54,1" doraHai="20" who="2" fromWho="1" sc="385,0,225,-128,155,148,215,0" />
</Scene>
<Scene>
<INIT seed="2,5,0,1,3,58" ten="385,97,303,215" oya="2" hai0="61,54,45,76,85,19,29,9,108,11,10,14,96" hai1="78,79,42,106,68,47,130,57,56,80,119,37,132" hai2="129,72,84,102,20,128,110,17,105,83,1,70,35" hai3="104,53,60,16,13,116,64,93,117,59,63,133,88"/><V22/><F35/><W98/><G133/><T91/><D108/><U38/><E106/><V81/><F1/><W4/><G104/><T28/><D76/><U8/><E119/><V121/><F121/><W41/><G4/><T103/><D96/><U6/><E130/><N who="2" m="50283" /><F110/><W24/><G41/><T125/><D103/><U52/><E132/><V46/><F70/><W75/><G75/><T32/><D125/><U21/><E68/><V131/><F131/><W33/><G33/><T120/><D120/><U86/><E56/><V111/><F111/><W40/><G40/><T115/><D115/><U101/><E101/><V55/><F72/><W123/><G123/><T69/><D69/><U113/><E113/><V124/><F124/><W109/><G109/><T15/><D32/><U43/><E21/><V26/><F22/><N who="3" m="13383" /><G13/><T89/><D89/><U23/><E23/><V18/><F18/><W36/><G36/><T118/><D118/><U97/><E38/><V62/><F46/><W114/><G114/><T34/><D45/><U74/><E74/><V49/><F49/><W50/><G50/><T112/><D34/><U67/><E37/><V66/><F55/><W107/><G107/><T122/><D122/><U5/><E5/><V25/><F25/><W2/><G2/><T39/><D39/><U44/><E44/><V77/><F105/><W48/><G48/><T82/><D112/><U92/><E47/><V0/><F0/><W51/><G51/><T3/><D3/><N who="1" m="95" /><E52/><V100/><F83/><W27/><G27/><T99/><D11/><U73/><E73/><V12/><F26/><RYUUKYOKU ba="5,0" sc="385,-15,97,-15,303,15,215,15" hai2="12,17,20,62,66,77,81,84,100,102" hai3="53,59,60,63,64,88,93,98,116,117" />
</Scene>
<Scene>
<INIT seed="2,6,0,2,0,58" ten="370,82,318,230" oya="2" hai0="36,85,37,123,17,31,50,0,44,121,1,20,14" hai1="51,125,126,21,4,69,103,18,91,100,109,5,77" hai2="79,132,16,23,27,129,26,65,22,49,81,9,73" hai3="42,68,127,60,43,45,90,86,115,11,104,48,76"/><V101/><F129/><W128/><G104/><T28/><D85/><U92/><E69/><V88/><F132/><W130/><G127/><N who="1" m="48650" /><E109/><V108/><F108/><W55/><G76/><T89/><D89/><U102/><E77/><V120/><F120/><W98/><G98/><T63/><D36/><U32/><E32/><V124/><F124/><W106/><G106/><T34/><D37/><U7/><E51/><V135/><F135/><W59/><G115/><T24/><D31/><U97/><E91/><V56/><F101/><W119/><G119/><T19/><D121/><U87/><E87/><V107/><F107/><W131/><G11/><T38/><D38/><U62/><E62/><V70/><F70/><W99/><G99/><T12/><D63/><U117/><E117/><V30/><F9/><W2/><G2/><T112/><D112/><U94/><E97/><V116/><F116/><W61/><G68/><T6/><D123/><U8/><E8/><V25/><F88/><W35/><G35/><T83/><D6/><N who="1" m="1539" /><U57/><DORA hai="110" /><E57/><V84/><F73/><W133/><G133/><T105/><D105/><U74/><E74/><V53/><REACH who="2" step="1"/><F65/><REACH who="2" ten="370,82,308,230" step="2"/><W111/><G111/><T15/><D83/><U41/><E41/><N who="3" m="15370" /><G90/><T96/><D1/><U114/><E114/><V82/><F82/><W80/><G80/><T122/><D0/><U95/><E102/><V39/><F39/><W13/><G86/><T10/><D122/><U54/><E54/><V118/><F118/><W75/><G75/><T3/><D3/><U113/><E113/><V93/><F93/><N who="1" m="23809" /><U33/><DORA hai="46" /><E33/><RYUUKYOKU ba="6,1" sc="370,-15,82,15,308,15,230,-15" hai1="18,21,100,103" hai2="16,22,23,25,26,27,30,49,53,56,79,81,84" />
</Scene>
<Scene>
<INIT seed="2,7,1,3,4,64" ten="355,97,323,215" oya="2" hai0="89,120,97,73,85,38,25,12,66,45,86,126,61" hai1="107,106,131,19,119,51,127,28,30,22,60,113,17" hai2="34,75,102,57,129,94,67,70,35,96,47,91,77" hai3="95,133,109,92,74,98,101,50,16,79,40,117,82"/><V13/><F129/><W29/><G117/><T43/><D73/><U121/><E119/><V93/><F57/><W59/><G29/><T130/><D120/><U14/><E121/><V123/><F123/><W15/><G109/><T125/><D130/><U128/><E113/><V37/><F13/><W55/><G133/><T135/><D135/><U31/><E127/><N who="0" m="48649" /><D25/><U83/><E128/><V39/><F77/><W99/><G40/><T2/><D2/><U5/><E131/><V0/><F75/><W103/><G15/><T65/><D65/><U112/><E112/><V90/><F0/><W63/><REACH who="3" step="1"/><G16/><REACH who="3" ten="355,97,323,205" step="2"/><N who="1" m="6218" /><E107/><V68/><F67/><W33/><G33/><T115/><D12/><U84/><E106/><V52/><F35/><W100/><G100/><T3/><D3/><U58/><E5/><V134/><F34/><W21/><G21/><T81/><D115/><U42/><E14/><V20/><F20/><W53/><G53/><T48/><D38/><U108/><E108/><V104/><F134/><W80/><G80/><T8/><D8/><U56/><E22/><V1/><F1/><W4/><G4/><T54/><D43/><U78/><E42/><V26/><F102/><W23/><G23/><T116/><D116/><U69/><E51/><AGARI ba="7,2" hai="50,51,55,59,63,74,79,82,92,95,98,99,101,103" machi="51" ten="40,2600,0" yaku="1,1,9,1,53,0" doraHai="64" doraHaiUra="6" who="3" fromWho="1" sc="355,0,97,-47,323,0,205,67" />
</Scene>
<Scene>
<INIT seed="3,0,0,1,1,69" ten="355,50,323,272" oya="3" hai0="58,18,71,68,57,30,89,106,111,27,82,23,53" hai1="88,135,59,75,10,6,33,17,73,117,43,19,120" hai2="129,100,11,39,94,126,31,35,0,7,95,107,127" hai3="40,9,121,90,29,14,99,42,56,66,13,112,93"/><W1/><G112/><T28/><D106/><U122/><E33/><V45/><F129/><W128/><G121/><T81/><D111/><U51/><E117/><V49/><F49/><W133/><G128/><T116/><D116/><U119/><E119/><V113/><F113/><W36/><G133/><T131/><D131/><U74/><E135/><V97/><F95/><W47/><G29/><T124/><D124/><U34/><E34/><V60/><F94/><W92/><G40/><T76/><D71/><U98/><E98/><V79/><F79/><W87/><G1/><T44/><D68/><U5/><E10/><V65/><F60/><W52/><G66/><T12/><D30/><U86/><E59/><V114/><F65/><W50/><REACH who="3" step="1"/><G9/><REACH who="3" ten="355,50,323,262" step="2"/><T2/><D2/><U132/><E132/><V72/><F114/><W96/><G96/><T101/><D28/><U41/><E120/><V91/><F31/><W38/><G38/><T125/><D23/><U4/><E122/><V62/><F11/><W130/><G130/><T22/><D22/><U85/><E51/><V21/><F0/><W109/><G109/><T134/><D134/><U15/><E15/><V25/><F97/><W48/><G48/><T104/><D12/><U110/><E110/><V118/><F39/><W77/><G77/><T54/><D76/><U24/><E24/><V84/><F25/><W70/><G70/><T37/><D37/><U26/><E26/><V20/><F126/><W3/><G3/><T83/><D125/><U105/><E43/><V64/><F127/><W102/><AGARI ba="0,1" hai="13,14,36,42,47,50,52,56,87,90,92,93,99,102" machi="102" ten="20,12000,1" yaku="1,1,0,1,7,1,52,1,54,1,53,0" doraHai="69" doraHaiUra="32" who="3" fromWho="3" sc="355,-40,50,-40,323,-40,262,130" />
</Scene>
<Scene>
<INIT seed="3,1,0,0,1,65" ten="315,10,283,392" oya="3" hai0="40,52,6,134,106,59,91,23,16,114,128,74,113" hai1="1,135,15,50,33,77,101,56,44,19,120,39,61" hai2="85,26,3,4,82,10,34,80,97,70,58,12,68" hai3="55,127,2,110,57,78,90,60,117,88,8,67,111"/><W51/><G117/><T83/><D106/><U108/><E120/><V9/><F97/><W0/><G78/><T72/><D40/><U86/><E108/><N who="3" m="41514" /><G127/><T124/><D6/><U93/><E135/><V21/><F34/><W11/><G11/><T132/><D124/><U81/><E39/><V75/><F75/><N who="0" m="28714" /><D83/><U43/><E33/><V14/><F58/><N who="3" m="33151" /><G8/><T27/><D91/><AGARI ba="1,0" hai="0,2,57,60,67,88,90,91" m="33151,41514" machi="91" ten="30,5800,0" yaku="14,1,10,1,54,1" doraHai="65" who="3" fromWho="0" sc="315,-61,10,0,283,0,392,61" />
</Scene>
<Scene>
<INIT seed="3,2,0,3,1,8" ten="254,10,283,453" oya="3" hai0="11,134,104,80,64,97,65,101,88,45,5,10,36" hai1="18,86,37,76,85,1,30,92,22,47,54,56,127" hai2="49,83,100,124,72,41,39,131,129,125,34,89,91" hai3="33,6,68,99,13,94,78,15,95,73,24,107,93"/><W32/><G68/><T79/><D134/><U103/><E1/><V96/><F49/><W71/><G71/><T0/><D11/><U67/><E127/><N who="2" m="48715" /><F41/><W108/><G108/><T17/><D17/><U53/><E76/><N who="2" m="44423" /><F34/><W20/><G6/><T52/><D36/><U44/><E30/><V69/><F69/><W115/><G115/><T12/><D0/><U121/><E121/><V19/><F19/><W2/><G2/><T109/><D109/><U26/><E37/><V123/><F39/><W62/><G62/><T102/><D101/><U112/><E112/><V28/><F28/><W74/><G107/><T55/><D88/><N who="2" m="33866" /><F123/><W77/><G20/><T25/><D25/><U117/><E103/><V105/><AGARI ba="2,0" hai="96,100,105,129,131" m="33866,44423,48715" machi="105" ten="30,7900,0" yaku="18,1,34,2,54,1" doraHai="8" who="2" fromWho="2" sc="254,-22,10,-22,283,85,453,-41" owari="232,-17.0,-12,-51.0,368,17.0,412,51.0" />
</Scene>
</mjloggm>