<mjloggm ver="2.3"><GO type="169" lobby="0"/><UN n0="%E3%81%A6%E3%82%93%E3%81%BD%E3%81%84%E3%82%93%E3%81%A8" n1="%E3%83%A1%E3%82%AB%E3%82%BC%E3%83%83%E3%83%88%E3%83%B3" n2="%E4%B9%9D%E5%B0%BE%E7%99%BD%E7%8B%90" n3="%E5%A4%AA%E3%81%8F%E3%81%AA%E3%81%84%E3%81%8A" dan="17,17,16,18" rate="2190.91,2221.03,2105.10,2163.41" sx="M,M,M,M"/><TAIKYOKU oya="0"/>

<Scene>
<INIT seed="0,0,0,5,1,40" ten="250,250,250,250" oya="0" hai0="15,68,62,107,35,112,7,32,60,56,25,41,76" hai1="67,17,83,3,108,61,34,91,1,102,128,132,63" hai2="4,121,54,26,95,53,117,49,9,24,97,122,59" hai3="125,38,101,43,81,105,23,69,78,2,33,129,73"/><T89/><D112/><U48/><E34/><V45/><F117/><W16/><G33/><T64/><D107/><U5/><E108/><V79/><F79/><W84/><G69/><T70/><D76/><U11/><E128/><V51/><F122/><W96/><G129/><T39/><D89/><U106/><E132/><V116/><F116/><W131/><G131/><T133/><D133/><U8/><E48/><V42/><F42/><W58/><G2/><T36/><D36/><U87/><E17/><V0/><REACH who="2" step="1"/><F121/><REACH who="2" ten="250,250,240,250" step="2"/><W18/><G43/><T19/><D41/><U65/><E106/><V94/><F94/><W88/><G38/><T113/><D39/><U115/><E115/><V50/><F50/><W99/><G78/><T126/><D113/><U119/><E119/><V14/><F14/><W74/><G105/><T103/><D15/><U71/><E1/><V75/><F75/><W127/><G73/><T104/><D104/><U30/><E3/><V85/><F85/><W10/><G74/><T110/><D110/><U100/><E87/><V20/><F20/><W120/><G23/><T21/><D35/><U13/><E13/><V57/><F57/><W82/><G58/><T93/><D32/><U31/><E71/><V22/><F22/><W123/><G84/><T44/><D70/><U6/><REACH who="1" step="1"/><E83/><REACH who="1" ten="250,240,240,250" step="2"/><V114/><F114/><W80/><G82/><T92/><D68/><U47/><E47/><V109/><F109/><W52/><G120/><T135/><D44/><U28/><E28/><V98/><F98/><W66/><G123/><T111/><D111/><U134/><E134/><RYUUKYOKU ba="0,2" sc="250,-15,240,15,240,15,250,-15" hai1="5,6,8,11,30,31,61,63,65,67,91,100,102" hai2="0,4,9,24,26,45,49,51,53,54,59,95,97" />
</Scene>
<Scene>
<INIT seed="1,1,2,4,4,15" ten="235,255,255,235" oya="1" hai0="69,33,4,102,108,62,27,115,74,95,132,75,0" hai1="92,134,104,40,82,30,94,56,64,76,23,28,46" hai2="114,6,44,53,66,99,84,29,51,96,37,26,79" hai3="112,88,50,89,97,12,3,63,128,77,2,117,25"/><U109/><E104/><V17/><F37/><W124/><G112/><T135/><D115/><U101/><E134/><V127/><F127/><W61/><G77/><T36/><D36/><U67/><E109/><V21/><F114/><W118/><G124/><T85/><D108/><U48/><E56/><V87/><F6/><W113/><G113/><T131/><D131/><U14/><E101/><V9/><F66/><N who="1" m="25129" /><E82/><N who="2" m="47199" /><F87/><W42/><G128/><T90/><D102/><U123/><E76/><V125/><F125/><W81/><G81/><T10/><D69/><U129/><E123/><V34/><F34/><W54/><G89/><T86/><D62/><U83/><E83/><V116/><F116/><W1/><G63/><T107/><D107/><U18/><E129/><V35/><F35/><W121/><G121/><T8/><D75/><U11/><E30/><V65/><F65/><W70/><G70/><T103/><D103/><U122/><E122/><V59/><F59/><N who="3" m="35063" /><G2/><T72/><D74/><U110/><E110/><V19/><F9/><W31/><G1/><T20/><D33/><U32/><E32/><V120/><F120/><W111/><G3/><T7/><D72/><U130/><E130/><V78/><F78/><W41/><G111/><T80/><D0/><U38/><E38/><V24/><F24/><AGARI ba="1,2" hai="11,14,18,23,24,28,40,46,48,92,94" m="25129" machi="24" ten="30,2900,0" yaku="8,1,52,1" doraHai="15" who="1" fromWho="2" sc="235,0,255,52,255,-32,235,0" />
</Scene>
<Scene>
<INIT seed="1,2,0,5,3,93" ten="235,307,223,235" oya="1" hai0="14,43,77,40,48,85,5,66,80,128,1,135,123" hai1="73,50,20,88,90,6,12,132,34,22,82,125,16" hai2="25,28,11,110,104,33,59,44,130,127,13,61,107" hai3="9,0,54,116,101,26,2,79,89,56,120,111,32"/><U115/><E34/><V63/><F130/><W18/><G120/><T74/><D128/><U68/><E68/><V60/><F110/><W53/><G79/><T10/><D135/><U97/><E115/><V86/><F127/><W37/><G37/><T70/><D123/><U100/><E132/><V8/><F8/><W58/><G101/><T62/><D1/><U27/><E125/><V83/><F44/><W67/><G67/><T39/><D39/><U69/><E69/><V45/><F45/><W36/><G36/><T35/><D35/><U75/><E50/><V78/><REACH who="2" step="1"/><F59/><REACH who="2" ten="235,307,213,235" step="2"/><W65/><G58/><T99/><D10/><U38/><E38/><V119/><F119/><W49/><G9/><T21/><D70/><U108/><E108/><V134/><F134/><W87/><G116/><T51/><D5/><AGARI ba="2,1" hai="5,11,13,25,28,33,60,61,63,78,83,86,104,107" machi="5" ten="40,1300,0" yaku="1,1,53,0" doraHai="93" doraHaiUra="52" who="2" fromWho="0" sc="235,-19,307,0,213,29,235,0" />
</Scene>
<Scene>
<INIT seed="2,0,0,1,4,0" ten="216,307,242,235" oya="2" hai0="10,46,63,47,96,53,95,92,3,40,22,130,118" hai1="99,25,15,31,127,104,39,1,90,87,43,16,67" hai2="48,7,102,5,76,94,34,23,112,113,131,24,120" hai3="4,126,75,17,128,114,44,20,80,55,29,14,2"/><V111/><F76/><W66/><G128/><T108/><D130/><U19/><E1/><V37/><F37/><W124/><G114/><N who="2" m="44137" /><F48/><N who="3" m="29063" /><G66/><T103/><D108/><U83/><E67/><V82/><F82/><W72/><G29/><T9/><D118/><U121/><E127/><N who="3" m="48682" /><G80/><T84/><D22/><U71/><E71/><V69/><F69/><W8/><AGARI ba="0,0" hai="2,4,8,14,17,20,72,75" m="48682,29063" machi="8" ten="30,2000,0" yaku="18,1,52,1" doraHai="0" who="3" fromWho="3" sc="216,-5,307,-5,242,-10,235,20" />
</Scene>
<Scene>
<INIT seed="3,0,0,4,3,133" ten="211,302,232,255" oya="3" hai0="68,117,17,101,12,18,5,122,21,49,63,124,119" hai1="35,10,16,110,125,111,76,11,128,23,26,81,106" hai2="131,103,67,74,69,114,36,94,75,64,9,45,8" hai3="13,15,40,107,85,90,120,100,0,92,4,27,22"/><W28/><G120/><T132/><D122/><U99/><E128/><V135/><F114/><W79/><G40/><T61/><D132/><U42/><E42/><V62/><F135/><W118/><G118/><T59/><D5/><U6/><E35/><V7/><F131/><W116/><G116/><T104/><D49/><U47/><E47/><V60/><F94/><W2/><G79/><T105/><D68/><U56/><E56/><V95/><F95/><W88/><G90/><T113/><D113/><U93/><E106/><V108/><F108/><N who="1" m="41513" /><E125/><V77/><F77/><W66/><G66/><T37/><D37/><U41/><E6/><V97/><F9/><W55/><G4/><T58/><D21/><U82/><E41/><V126/><F126/><W53/><G2/><T112/><D112/><U50/><E50/><V3/><F45/><W109/><G0/><T102/><REACH who="0" step="1"/><D12/><REACH who="0" ten="201,302,232,255" step="2"/><U129/><E129/><V54/><F36/><W80/><G109/><T89/><D89/><U91/><E76/><V20/><F20/><W115/><G115/><T51/><D51/><U25/><E25/><V96/><F54/><W121/><G121/><T57/><D57/><U130/><E130/><V46/><F46/><W14/><G55/><T87/><D87/><U38/><E38/><V32/><F32/><W73/><G53/><T127/><AGARI ba="0,1" hai="17,18,58,59,61,63,101,102,104,105,117,119,124,127" machi="127" ten="25,12000,2" yaku="1,1,0,1,22,2,52,2,53,0" doraHai="133" doraHaiUra="33" who="0" fromWho="0" sc="201,130,302,-30,232,-30,255,-60" />
</Scene>
<Scene>
<INIT seed="4,0,0,3,0,6" ten="331,272,202,195" oya="0" hai0="40,62,96,119,83,45,44,51,8,101,128,38,94" hai1="73,46,67,85,125,87,9,0,120,103,107,133,130" hai2="104,14,86,4,36,29,23,74,106,41,127,12,17" hai3="31,2,75,1,59,63,111,129,37,82,55,26,78"/><T123/><D119/><U35/><E73/><V3/><F74/><W90/><G111/><T22/><D123/><U77/><E35/><V28/><F127/><W88/><G37/><T118/><D118/><U66/><E120/><V80/><F3/><W102/><G129/><T126/><D128/><U20/><E130/><V56/><F104/><W68/><G102/><T65/><D126/><U132/><E125/><V11/><F106/><W33/><REACH who="3" step="1"/><G68/><REACH who="3" ten="331,272,202,185" step="2"/><T135/><D101/><U30/><E103/><V121/><F121/><W34/><G34/><T97/><D38/><U81/><E133/><V15/><F36/><W105/><G105/><T5/><D135/><U76/><E132/><V53/><F41/><W114/><G114/><T91/><D40/><U109/><E109/><V98/><F14/><W122/><G122/><T95/><D51/><U70/><E107/><V10/><F23/><W100/><G100/><T84/><D22/><U32/><E20/><V24/><F24/><W71/><G71/><T89/><D62/><U93/><E32/><V52/><F98/><W72/><G72/><T134/><D134/><U117/><E117/><V79/><F53/><W110/><G110/><T113/><D113/><U115/><E115/><V18/><F4/><W64/><G64/><T43/><D65/><U54/><E67/><V25/><F25/><W47/><G47/><T48/><D44/><U69/><E66/><V42/><F42/><W58/><G58/><T50/><D50/><AGARI ba="0,1" hai="10,11,12,15,17,18,28,29,50,52,56,79,80,86" machi="50" ten="30,12000,2" yaku="7,1,9,1,8,1,52,2,54,1" doraHai="6" who="2" fromWho="0" sc="331,-120,272,0,202,130,185,0" />
</Scene>
<Scene>
<INIT seed="5,0,0,5,4,23" ten="211,272,332,185" oya="1" hai0="33,116,8,121,38,80,22,81,86,91,92,97,29" hai1="79,32,103,134,50,64,35,88,108,73,45,40,89" hai2="132,37,77,65,128,124,24,76,54,110,69,66,51" hai3="90,104,107,34,109,30,95,46,25,55,71,59,20"/><U49/><E134/><V114/><F24/><W102/><G109/><T125/><D116/><U118/><E118/><V18/><F18/><W126/><G71/><T105/><D38/><U123/><E123/><V21/><F21/><W82/><G126/><T4/><D33/><U44/><E108/><V17/><F17/><W119/><G119/><T60/><D125/><U42/><E64/><V117/><F76/><W99/><G46/><T130/><D121/><U14/><E103/><V7/><F7/><W68/><G68/><T93/><D105/><U106/><E106/><V61/><F77/><W84/><REACH who="3" step="1"/><G34/><REACH who="3" ten="211,272,332,175" step="2"/><T53/><D130/><U98/><E32/><V78/><F124/><W13/><G13/><N who="0" m="5255" /><D22/><U58/><E35/><V112/><F117/><W70/><G70/><T74/><D74/><U85/><E73/><V19/><F110/><W100/><G100/><N who="0" m="60455" /><D29/><U133/><E14/><V31/><F31/><W10/><G10/><T26/><D26/><U15/><E15/><V111/><F111/><W6/><G6/><T127/><D127/><U115/><E133/><V122/><F132/><W36/><G36/><T83/><D83/><U47/><E40/><V0/><F122/><W43/><G43/><T72/><D72/><U2/><E42/><V52/><F37/><W56/><G56/><AGARI ba="0,1" hai="53,56,60,80,81,86,91,93" m="60455,5255" machi="56" ten="30,1000,0" yaku="8,1" doraHai="23" who="0" fromWho="3" sc="211,20,272,0,332,0,175,-10" />
</Scene>
<Scene>
<INIT seed="6,0,0,5,1,74" ten="231,272,332,165" oya="2" hai0="18,134,37,101,121,13,107,46,81,69,51,0,67" hai1="1,77,115,66,55,4,65,116,96,64,111,135,17" hai2="78,49,83,14,62,15,118,75,70,128,109,39,130" hai3="99,33,122,84,112,103,10,44,41,11,32,34,124"/><V24/><F118/><W80/><G122/><T125/><D121/><U56/><E111/><V89/><F39/><W105/><G124/><T110/><D110/><U50/><E116/><V86/><F109/><W47/><G112/><T38/><D0/><U113/><E135/><V5/><F49/><W58/><G58/><T129/><D134/><U42/><E42/><V123/><F123/><W48/><REACH who="3" step="1"/><G47/><REACH who="3" ten="231,272,332,155" step="2"/><T117/><D125/><U25/><E56/><V2/><F70/><W54/><G54/><T22/><D117/><U100/><E55/><V85/><F62/><W95/><G95/><T59/><D69/><U88/><E113/><V79/><F75/><W57/><G57/><T20/><D59/><U91/><E115/><V76/><F86/><W19/><G19/><T30/><D46/><U21/><E17/><V36/><F5/><W31/><G31/><T94/><D94/><U27/><E4/><V61/><F61/><W3/><G3/><T6/><D18/><U82/><E1/><V87/><F2/><W7/><G7/><T52/><D30/><U45/><E45/><V90/><F36/><W40/><G40/><T120/><D38/><U132/><E132/><V114/><F114/><W97/><G97/><T35/><D37/><U71/><E96/><V53/><F53/><W9/><G9/><T28/><D6/><U104/><E71/><V131/><F24/><W106/><G106/><T73/><D107/><U119/><E119/><V133/><F133/><W127/><G127/><T72/><D52/><U92/><E104/><V26/><F26/><N who="1" m="9737" /><E92/><AGARI ba="0,1" hai="14,15,76,78,79,83,85,87,89,90,92,128,130,131" machi="92" ten="50,12000,1" yaku="19,1,52,3" doraHai="74" who="2" fromWho="1" sc="231,0,272,-120,332,130,155,0" />
</Scene>
<Scene>
<INIT seed="6,1,0,1,4,55" ten="231,152,462,155" oya="2" hai0="26,22,105,14,43,33,67,7,48,54,132,13,77" hai1="0,39,115,17,46,65,78,21,124,62,96,1,69" hai2="95,31,61,18,45,128,8,80,102,129,68,109,52" hai3="5,42,19,81,70,112,72,114,82,47,108,86,76"/><V63/><F109/><W2/><G70/><T98/><D132/><U75/><E115/><N who="3" m="44074" /><G108/><T56/><D33/><U121/><E124/><V90/><F31/><W37/><G19/><T64/><D43/><U30/><E30/><V107/><F107/><W51/><G5/><T87/><D98/><U23/><E121/><V104/><F104/><W126/><G2/><T38/><D38/><U24/><E21/><V97/><F68/><W27/><G27/><T106/><D106/><U35/><E35/><V59/><F63/><W101/><G101/><T36/><D36/><U116/><E116/><V32/><F32/><W12/><G12/><N who="0" m="4715" /><D105/><U9/><E9/><V130/><F45/><W92/><G92/><T93/><D7/><U134/><E134/><V123/><F123/><W25/><G25/><T28/><D93/><U125/><E125/><V74/><F18/><W94/><G94/><T34/><D34/><U119/><E119/><V73/><F8/><W99/><G99/><T15/><D15/><U29/><E96/><V41/><F41/><W110/><G110/><T103/><D103/><U113/><E113/><V100/><F100/><W60/><G126/><T4/><D4/><U83/><E29/><V84/><AGARI ba="1,0" hai="52,59,61,73,74,80,84,90,95,97,102,128,129,130" machi="84" ten="40,12000,1" yaku="0,1,19,1,52,1,54,1" doraHai="55" who="2" fromWho="2" sc="231,-41,152,-41,462,123,155,-41" />
</Scene>
<Scene>
<INIT seed="6,2,0,5,2,26" ten="190,111,585,114" oya="2" hai0="96,49,111,90,22,115,89,74,63,75,59,113,85" hai1="5,103,55,1,61,7,81,21,106,30,34,40,123" hai2="16,37,133,134,67,32,98,64,118,33,108,27,56" hai3="95,117,91,88,57,46,68,80,109,120,14,110,2"/><V129/><F118/><W29/><G68/><T135/><D111/><U58/><E123/><V78/><F37/><W66/><G2/><T31/><D49/><U39/><E34/><V19/><F108/><W112/><G117/><T122/><D135/><N who="2" m="51722" /><F129/><W124/><G120/><T72/><D122/><U62/><E62/><V93/><F78/><W105/><G105/><T12/><D96/><U42/><E81/><V131/><F131/><W94/><G80/><T53/><D85/><U70/><E70/><V60/><F64/><W65/><G124/><T114/><D12/><U20/><E20/><N who="2" m="13703" /><F19/><W104/><G65/><T102/><D113/><U6/><E39/><V79/><F79/><W132/><G112/><T17/><D17/><U99/><REACH who="1" step="1"/><E1/><REACH who="1" ten="190,101,585,114" step="2"/><V0/><F0/><W54/><G132/><T15/><D114/><U126/><E126/><V97/><F97/><W48/><G110/><T47/><D115/><U13/><E13/><V87/><F87/><W121/><G14/><T11/><D15/><U23/><E23/><V44/><F44/><W82/><G46/><T9/><D47/><U125/><E125/><V128/><F128/><W3/><G3/><T127/><D127/><U84/><E84/><V28/><F28/><W4/><G29/><T10/><D31/><U38/><E38/><V92/><F98/><W76/><G109/><T69/><D22/><U45/><E45/><V24/><F24/><AGARI ba="2,1" hai="5,6,7,21,24,30,40,42,55,58,61,99,103,106" machi="24" ten="40,2600,0" yaku="1,1,52,1,53,0" doraHai="26" doraHaiUra="119" who="1" fromWho="2" sc="190,0,101,42,585,-32,114,0" />
</Scene>
<Scene>
<INIT seed="7,0,0,4,0,34" ten="190,143,553,114" oya="3" hai0="95,19,12,55,37,121,30,9,80,90,77,97,2" hai1="99,24,65,86,0,109,35,132,54,112,134,104,7" hai2="122,60,1,89,69,131,127,5,119,123,92,41,68" hai3="26,36,116,88,83,94,101,56,14,50,108,133,11"/><W126/><G116/><T118/><D2/><U25/><E109/><V58/><F119/><W15/><G36/><T73/><D121/><N who="2" m="46090" /><F41/><W125/><G108/><T128/><D128/><U53/><E99/><N who="2" m="57743" /><F131/><W70/><G70/><T93/><D30/><U57/><E53/><N who="2" m="33871" /><F127/><N who="3" m="48651" /><G133/><T13/><D37/><U75/><E25/><V81/><F81/><W79/><G101/><T62/><D95/><U32/><E75/><V23/><F23/><W124/><N who="3" m="48659" /><W39/><DORA hai="40" /><G39/><T91/><D118/><U33/><E86/><V76/><F76/><W8/><G26/><T78/><D78/><U3/><E24/><V45/><F45/><W29/><G29/><T67/><D77/><U44/><E54/><V42/><F42/><W43/><G83/><T82/><D82/><U51/><E104/><V135/><F135/><N who="1" m="51753" /><E44/><V105/><F105/><W21/><G79/><T120/><D120/><U59/><E59/><V107/><F107/><W49/><G56/><T114/><D80/><U31/><E31/><V74/><F74/><W84/><G21/><T66/><D73/><U27/><E27/><V96/><F96/><W16/><G43/><T10/><D97/><U130/><E130/><V48/><F48/><W17/><AGARI ba="0,0" hai="8,11,14,15,16,17,49,50,84,88,94" m="48659" machi="17" ten="40,7800,0" yaku="18,1,54,2" doraHai="34,40" who="3" fromWho="3" sc="190,-26,143,-26,553,-26,114,78" />
</Scene>
<Scene>
<INIT seed="7,1,0,1,4,29" ten="164,117,527,192" oya="3" hai0="76,17,59,132,56,79,55,86,68,15,90,118,18" hai1="14,134,51,33,72,84,39,112,106,38,82,93,1" hai2="43,22,107,21,10,92,81,58,45,34,69,116,48" hai3="128,73,49,57,94,28,114,27,32,70,31,77,23"/><W103/><G70/><T95/><D132/><U133/><E1/><V83/><F107/><W46/><G114/><T117/><D68/><U89/><E106/><V127/><F69/><W119/><G119/><T37/><D37/><U135/><E112/><V47/><F34/><W124/><G57/><N who="0" m="22091" /><D118/><U44/><E33/><V36/><F116/><W91/><G91/><BYE who="3" /><T11/><D117/><U24/><E24/><V102/><F127/><W100/><G100/><T74/><D74/><U80/><E14/><V64/><F10/><W63/><G63/><T5/><D55/><UN n3="%E5%A4%AA%E3%81%8F%E3%81%AA%E3%81%84%E3%81%8A" /><U104/><E104/><V88/><F102/><W108/><G128/><T6/><D18/><U75/><E75/><V60/><F45/><W41/><G108/><T7/><AGARI ba="1,0" hai="5,6,7,11,15,17,76,79,86,90,95" m="22091" machi="7" ten="30,1100,0" yaku="8,1" doraHai="29" who="0" fromWho="0" sc="164,14,117,-4,527,-4,192,-6" owari="178,-22.0,113,-39.0,523,62.0,186,-1.0" />
</Scene>
</mjloggm>