<mjloggm ver="2.3"><GO type="169" lobby="0"/><UN n0="%E5%A4%AA%E3%81%8F%E3%81%AA%E3%81%84%E3%81%8A" n1="%E6%96%B0%E4%B8%96%E7%95%8C%E3%81%AE%E7%B4%99" n2="%74%63%61%30%30" n3="%E4%B8%8B%E5%AE%B6%E3%81%AF%E3%82%B2%E3%82%A4" dan="17,17,17,16" rate="2169.15,2173.63,2147.50,2073.63" sx="M,M,M,M"/><TAIKYOKU oya="0"/>

<Scene>
<INIT seed="0,0,0,0,2,55" ten="250,250,250,250" oya="0" hai0="98,113,0,50,25,122,63,65,42,85,126,108,130" hai1="135,82,104,110,79,86,36,19,58,129,18,38,12" hai2="6,40,47,102,83,103,75,121,14,60,71,92,125" hai3="116,53,78,27,88,9,80,48,24,10,94,66,70"/><T128/><D113/><U44/><E110/><V13/><F121/><W90/><G116/><T35/><D122/><U52/><E135/><V134/><F134/><W115/><G115/><T68/><D0/><U93/><E104/><V3/><F125/><W11/><G66/><T133/><D133/><U4/><E129/><N who="0" m="49769" /><D126/><U99/><E44/><V76/><F71/><W57/><G70/><T22/><D22/><BYE who="0" /><U33/><E33/><V118/><F118/><W51/><G51/><T119/><D119/><U15/><E38/><N who="2" m="21911" /><F60/><W2/><G2/><T73/><D73/><U91/><E36/><V72/><F72/><W49/><G49/><T107/><D107/><U45/><E45/><V21/><F92/><W29/><G94/><UN n0="%E5%A4%AA%E3%81%8F%E3%81%AA%E3%81%84%E3%81%8A" /><T31/><D98/><U56/><E4/><V109/><F109/><W87/><REACH who="3" step="1"/><G27/><REACH who="3" ten="250,250,250,240" step="2"/><T84/><D108/><U16/><E58/><V8/><F13/><W7/><G7/><T114/><D114/><U41/><E41/><V26/><F14/><W20/><AGARI ba="0,1" hai="9,10,11,20,24,29,48,53,57,78,80,87,88,90" machi="20" ten="30,12000,2" yaku="1,1,0,1,8,1,52,1,54,1,53,1" doraHai="55" doraHaiUra="74" who="3" fromWho="3" sc="250,-60,250,-30,250,-30,240,130" />
</Scene>
<Scene>
<INIT seed="1,0,0,4,1,88" ten="190,220,220,370" oya="1" hai0="85,135,52,25,133,13,14,95,47,104,0,115,97" hai1="81,44,68,134,34,94,83,114,31,53,40,18,110" hai2="33,100,90,109,69,39,15,10,99,93,76,127,122" hai3="128,111,78,102,29,70,107,89,72,130,91,118,21"/><U17/><E114/><V4/><F33/><W98/><G70/><T84/><D0/><U6/><E68/><V41/><F69/><W8/><G8/><T96/><D115/><U65/><E65/><V26/><F122/><W123/><G29/><T28/><D104/><U103/><E134/><N who="0" m="51209" /><D13/><U120/><E120/><V32/><F127/><W106/><G21/><N who="0" m="15407" /><D14/><U63/><E6/><V43/><F109/><W82/><G123/><T23/><D23/><U2/><E2/><V121/><F121/><W87/><G111/><T119/><D119/><U58/><E110/><V42/><F76/><W37/><G37/><T3/><D3/><U101/><E34/><V124/><F124/><W20/><G20/><T7/><D7/><U48/><E31/><V108/><F108/><W74/><G118/><T49/><D97/><N who="1" m="59575" /><E103/><AGARI ba="0,0" hai="47,49,52,84,85,95,96,103" m="15407,51209" machi="103" ten="30,3900,0" yaku="20,1,52,1,54,1" doraHai="88" who="0" fromWho="1" sc="190,39,220,-39,220,0,370,0" />
</Scene>
<Scene>
<INIT seed="2,0,0,2,3,56" ten="229,181,220,370" oya="2" hai0="112,124,91,51,105,39,82,135,8,28,12,67,73" hai1="75,62,132,83,40,88,79,13,127,130,71,52,125" hai2="20,77,86,47,43,116,55,54,97,46,65,29,92" hai3="19,1,94,41,21,100,24,99,119,64,117,90,57"/><V107/><F116/><W126/><G126/><N who="1" m="48138" /><E132/><V118/><F118/><W129/><G1/><T98/><D39/><U18/><E130/><V72/><F46/><W34/><G129/><T59/><D124/><U11/><E40/><V61/><F107/><W53/><G41/><T106/><D112/><U109/><E109/><V93/><F72/><W2/><G2/><T32/><D135/><U37/><E37/><V17/><F29/><W9/><G64/><T10/><D32/><U26/><E26/><V30/><F30/><W78/><G34/><T25/><D73/><U3/><E3/><V96/><F77/><W31/><G78/><T7/><D10/><U22/><E71/><V95/><F86/><W14/><G100/><T133/><D133/><U69/><E69/><V36/><F97/><W49/><AGARI ba="0,0" hai="9,14,19,21,24,31,49,53,57,90,94,99,117,119" machi="49" ten="20,1500,0" yaku="0,1,7,1" doraHai="56" who="3" fromWho="3" sc="229,-4,181,-4,220,-7,370,15" />
</Scene>
<Scene>
<INIT seed="3,0,0,1,1,13" ten="225,177,213,385" oya="3" hai0="39,34,4,111,96,132,40,24,12,133,120,94,95" hai1="32,63,79,10,23,26,37,67,54,88,53,19,135" hai2="11,93,43,78,113,72,68,74,105,3,58,15,27" hai3="9,101,46,124,100,81,21,41,85,16,31,116,56"/><W65/><G124/><T35/><D120/><U75/><E37/><V112/><F105/><W110/><G31/><T92/><D111/><U0/><E135/><N who="0" m="51785" /><D96/><U91/><E32/><N who="0" m="12329" /><D24/><U103/><E103/><V2/><F68/><W17/><G110/><T33/><D33/><U77/><E10/><V50/><F27/><N who="3" m="14759" /><G116/><T122/><D122/><U66/><E0/><V38/><F38/><W121/><G121/><T62/><D62/><U64/><E75/><V1/><F72/><W60/><G46/><N who="0" m="23839" /><D12/><U104/><E104/><V8/><F15/><N who="3" m="7407" /><G41/><T80/><D80/><U99/><E63/><V36/><F1/><W14/><G14/><T30/><D30/><U117/><E117/><V119/><F2/><W83/><G83/><T134/><D134/><U107/><E107/><V98/><F3/><W71/><G71/><T114/><D114/><U82/><E99/><V87/><F98/><W130/><G130/><T123/><D123/><U28/><E28/><V61/><F119/><W51/><G51/><T5/><AGARI ba="0,0" hai="4,5,92,94,95" m="23839,12329,51785" machi="5" ten="40,1500,0" yaku="20,1" doraHai="13" who="0" fromWho="0" sc="225,15,177,-4,213,-4,385,-7" />
</Scene>
<Scene>
<INIT seed="4,0,0,3,4,8" ten="240,173,209,378" oya="0" hai0="96,28,93,114,89,70,133,62,130,103,65,123,0" hai1="134,10,29,86,55,66,75,13,97,73,21,1,20" hai2="71,32,98,135,53,56,54,45,48,129,99,5,131" hai3="51,9,120,58,117,57,37,52,106,100,74,31,2"/><T108/><D123/><U118/><E118/><V105/><F32/><W17/><G74/><T47/><D0/><U18/><E134/><V33/><F33/><W23/><G37/><T72/><D72/><U60/><E1/><V128/><F71/><W94/><G106/><T38/><D133/><U3/><E3/><V77/><F135/><W92/><G117/><T30/><D114/><U78/><E55/><V83/><F105/><W126/><G100/><T46/><D130/><U109/><E109/><V116/><F116/><W87/><G126/><T124/><D124/><U24/><E97/><V36/><F5/><W113/><G113/><T41/><D108/><U39/><E39/><V63/><REACH who="2" step="1"/><F36/><REACH who="2" ten="240,173,199,378" step="2"/><W34/><G34/><T82/><D38/><U127/><E127/><V27/><F27/><W112/><G120/><T81/><D70/><U90/><E78/><V42/><F42/><W69/><G69/><T85/><D41/><U107/><E107/><V61/><F61/><W122/><G122/><T6/><D6/><U125/><E125/><V7/><F7/><W95/><G2/><T64/><D62/><U4/><E60/><V67/><F67/><W110/><G112/><T11/><D65/><U44/><E66/><V132/><F132/><W91/><G110/><T49/><D64/><U40/><E40/><V26/><F26/><W25/><G58/><T15/><D47/><U119/><E44/><V121/><F121/><W50/><G51/><T14/><D49/><U101/><E119/><V76/><F76/><W43/><G43/><T104/><D46/><U115/><E115/><RYUUKYOKU ba="0,1" sc="240,-15,173,-15,199,15,378,15" hai2="45,48,53,54,56,63,77,83,98,99,128,129,131" hai3="9,17,23,25,31,50,52,57,87,91,92,94,95" />
</Scene>
<Scene>
<INIT seed="5,1,1,1,4,56" ten="225,158,214,393" oya="1" hai0="22,120,82,99,79,57,71,86,0,94,25,45,27" hai1="72,117,59,118,36,102,43,129,133,7,52,75,21" hai2="14,134,131,121,87,20,126,63,51,35,105,53,68" hai3="78,41,106,135,17,124,88,11,97,40,104,81,103"/><U48/><E133/><V107/><F121/><W54/><G106/><T76/><D71/><U32/><E32/><V98/><F35/><W13/><G135/><T84/><D0/><U31/><E7/><V34/><F34/><W122/><G122/><T93/><D120/><U116/><E129/><V46/><F134/><W112/><G112/><T80/><D45/><U38/><E102/><V24/><F131/><W33/><G124/><T23/><D57/><U28/><E43/><V110/><F110/><W44/><G78/><T12/><D12/><U119/><N who="1" m="29696" /><DORA hai="9" /><U10/><E10/><V1/><F1/><W95/><G33/><T67/><D67/><U74/><REACH who="1" step="1"/><E21/><REACH who="1" ten="225,148,214,393" step="2"/><V16/><F126/><W18/><G18/><N who="0" m="12503" /><D99/><U19/><E19/><AGARI ba="1,2" hai="19,23,27,76,79,80,82,84,86,93,94" m="12503" machi="19" ten="30,1000,0" yaku="8,1" doraHai="56,9" who="0" fromWho="1" sc="225,33,148,-13,214,0,393,0" />
</Scene>
<Scene>
<INIT seed="6,0,0,3,2,21" ten="258,135,214,393" oya="2" hai0="132,72,53,77,8,11,126,55,71,3,130,104,95" hai1="57,15,131,82,65,60,19,66,116,40,44,119,36" hai2="2,109,86,112,23,90,42,94,41,0,5,127,100" hai3="125,10,16,118,27,64,114,110,20,28,105,98,43"/><V61/><F112/><W37/><G43/><T76/><D104/><U67/><E131/><V128/><F128/><W48/><G37/><T103/><D130/><U49/><E82/><V6/><F127/><W32/><G48/><T12/><D71/><U75/><E75/><V7/><F109/><W63/><G125/><T107/><D107/><U24/><E15/><V120/><F120/><W30/><G118/><T134/><D126/><U102/><E102/><V89/><F100/><W35/><G110/><T113/><D113/><U46/><BYE who="0" /><E24/><V17/><F61/><UN n0="%E5%A4%AA%E3%81%8F%E3%81%AA%E3%81%84%E3%81%8A" /><W26/><G114/><T97/><D3/><U39/><E19/><V81/><F0/><W122/><G122/><T1/><D1/><U47/><E39/><V14/><REACH who="2" step="1"/><F2/><REACH who="2" ten="258,135,204,393" step="2"/><W124/><G124/><T33/><D103/><U80/><E80/><V117/><F117/><N who="1" m="45129" /><E36/><V99/><AGARI ba="0,1" hai="5,6,7,14,17,23,41,42,81,86,89,90,94,99" machi="99" ten="30,6000,0" yaku="1,1,0,1,8,1,53,0" doraHai="21" doraHaiUra="121" who="2" fromWho="2" sc="258,-20,135,-20,204,70,393,-20" />
</Scene>
<Scene>
<INIT seed="6,1,0,3,5,95" ten="238,115,274,373" oya="2" hai0="20,34,132,81,85,87,41,135,133,94,125,112,115" hai1="40,51,64,46,58,124,22,53,128,92,9,6,113" hai2="90,12,70,84,4,116,61,23,76,17,82,43,119" hai3="108,60,121,54,69,74,18,97,83,96,11,106,1"/><V66/><F43/><W109/><G121/><T93/><D34/><U107/><E107/><V98/><REACH who="2" step="1"/><F4/><REACH who="2" ten="238,115,264,373" step="2"/><W24/><G109/><T73/><D41/><U126/><E113/><V79/><F79/><W68/><G108/><T105/><D112/><U37/><E128/><V110/><F110/><W100/><G1/><T77/><D115/><U16/><E64/><V36/><F36/><W26/><G69/><T7/><D7/><U67/><E67/><V71/><F71/><W118/><G68/><T80/><D77/><U103/><E6/><V50/><F50/><W101/><G118/><T29/><D133/><U5/><E5/><V13/><F13/><W45/><G60/><T62/><D62/><U131/><E131/><V14/><F14/><W127/><G127/><T129/><D125/><U89/><E9/><V38/><F38/><W88/><G54/><T27/><D129/><U35/><E35/><V32/><F32/><W15/><G45/><T122/><D135/><U44/><E44/><V111/><F111/><W2/><G2/><T48/><D48/><U42/><E42/><V91/><F91/><W117/><G88/><T33/><D33/><U31/><E89/><V59/><F59/><W123/><G117/><T120/><D132/><U99/><REACH who="1" step="1"/><E31/><REACH who="1" ten="238,105,264,373" step="2"/><V75/><F75/><W57/><G11/><T8/><D8/><U10/><E10/><V104/><F104/><W52/><G106/><T0/><D105/><U56/><E56/><V134/><F134/><W78/><G57/><T86/><D0/><U55/><E55/><V19/><F19/><W63/><G52/><RYUUKYOKU ba="1,2" sc="238,-15,105,15,264,15,373,-15" hai1="16,22,37,40,46,51,53,58,92,99,103,124,126" hai2="12,17,23,61,66,70,76,82,84,90,98,116,119" />
</Scene>
<Scene>
<INIT seed="6,2,2,0,3,47" ten="223,120,279,358" oya="2" hai0="52,115,50,48,9,56,112,82,14,54,125,129,85" hai1="97,44,13,27,133,68,130,123,25,57,55,79,51" hai2="15,80,43,107,66,104,131,122,26,39,32,117,28" hai3="87,93,94,60,1,24,116,45,124,111,98,76,101"/><V53/><F122/><W132/><G1/><T92/><D125/><U42/><E123/><V46/><F117/><W78/><G111/><T3/><D3/><U34/><E133/><V67/><F131/><W35/><G124/><T73/><D73/><U6/><E130/><V102/><F80/><W105/><G132/><T135/><D135/><U38/><E79/><V31/><F31/><W37/><G116/><T11/><D129/><U100/><E34/><V0/><F0/><W103/><G105/><T7/><D92/><U4/><E68/><V62/><F104/><W72/><G72/><T89/><D11/><U106/><REACH who="1" step="1"/><E13/><REACH who="1" ten="223,110,279,358" step="2"/><V17/><F15/><W41/><G78/><T127/><D127/><U74/><E74/><V2/><F32/><W114/><G76/><T83/><D83/><U22/><E22/><V108/><F2/><W90/><G35/><T109/><D109/><U33/><E33/><V19/><F108/><W64/><G24/><AGARI ba="2,3" hai="4,6,24,25,27,38,42,44,51,55,57,97,100,106" machi="24" ten="40,8000,1" yaku="1,1,52,1,53,3" doraHai="47" doraHaiUra="21" who="1" fromWho="3" sc="223,0,110,116,279,0,358,-86" />
</Scene>
<Scene>
<INIT seed="7,0,0,2,5,115" ten="223,226,279,272" oya="3" hai0="14,108,42,61,62,64,72,126,104,120,21,20,52" hai1="128,58,16,101,4,53,88,74,25,113,6,84,65" hai2="22,80,60,79,45,26,47,81,8,13,39,93,116" hai3="92,118,91,94,33,7,34,71,105,117,86,28,11"/><W18/><G71/><T10/><D108/><U12/><E74/><V103/><F116/><N who="3" m="44651" /><G91/><T40/><D120/><U19/><E65/><V135/><F135/><W109/><G86/><T27/><D104/><U100/><E113/><V59/><F39/><W119/><G119/><T83/><D126/><U3/><E3/><V68/><F68/><W121/><G105/><T106/><D106/><U114/><E128/><V102/><F102/><N who="1" m="39529" /><E25/><V63/><F63/><W41/><G41/><T89/><D72/><U90/><E19/><N who="2" m="8615" /><F80/><W1/><G121/><T78/><D78/><U17/><E17/><N who="2" m="12623" /><F81/><W85/><G85/><N who="0" m="50367" /><D64/><U95/><E90/><V5/><F79/><W127/><G34/><T32/><D32/><U75/><E114/><V76/><F76/><W66/><G66/><T50/><D42/><U43/><E43/><V132/><F93/><W110/><G127/><T48/><D40/><U37/><E37/><V77/><F77/><W23/><G92/><T44/><D50/><N who="1" m="31031" /><E75/><V38/><F38/><W57/><G94/><T55/><D55/><U82/><E82/><V9/><F103/><W36/><G36/><T125/><D125/><U15/><E15/><V29/><F60/><N who="0" m="23146" /><D27/><U124/><E124/><V107/><F107/><W30/><G57/><T87/><D87/><U130/><E130/><V35/><F59/><W96/><G96/><T111/><D111/><N who="3" m="42505" /><G33/><T46/><D46/><U54/><E54/><V0/><F45/><W67/><G67/><T98/><D98/><U73/><E73/><V69/><F47/><W99/><G99/><T97/><D97/><U51/><E84/><RYUUKYOKU ba="0,0" sc="223,15,226,-15,279,-15,272,15" hai0="10,14,20,21,44,48,52" hai3="1,7,11,18,23,28,30" />
</Scene>
<Scene>
<INIT seed="7,1,0,4,3,82" ten="238,211,264,287" oya="3" hai0="110,36,74,84,44,101,11,53,35,123,90,111,47" hai1="68,23,116,112,133,98,103,51,40,93,52,73,70" hai2="16,64,57,119,65,15,85,106,12,13,54,80,87" hai3="126,124,28,5,49,71,6,24,10,34,41,81,21"/><W131/><G71/><T9/><D123/><U88/><E112/><V91/><F106/><W31/><G131/><T102/><D74/><U26/><E73/><V115/><F119/><W37/><G37/><T135/><D35/><U2/><E2/><V114/><F114/><W72/><G31/><T62/><D135/><U63/><E133/><V17/><F115/><W108/><G34/><T132/><D132/><U134/><E134/><V50/><F85/><W95/><G108/><T59/><D111/><U109/><E109/><V120/><F120/><W14/><G95/><N who="0" m="54727" /><D36/><U107/><E116/><V45/><F45/><N who="0" m="17482" /><D110/><U105/><E40/><V77/><F77/><N who="3" m="44199" /><G49/><T38/><D38/><U30/><E63/><V55/><F55/><W121/><G41/><T42/><D42/><U89/><E89/><V22/><F12/><W67/><G67/><T1/><D1/><U58/><REACH who="1" step="1"/><E107/><REACH who="1" ten="238,201,264,287" step="2"/><V20/><AGARI ba="1,1" hai="13,15,16,17,20,22,50,54,57,64,65,80,87,91" machi="20" ten="20,12000,2" yaku="0,1,7,1,9,1,8,1,52,1,54,1" doraHai="82" who="2" fromWho="2" sc="238,-31,201,-31,264,133,287,-61" owari="207,-19.0,170,-33.0,397,49.0,226,3.0" />
</Scene>
</mjloggm>