<mjloggm ver="2.3"><GO type="169" lobby="0"/><UN n0="%E5%A4%AA%E3%81%8F%E3%81%AA%E3%81%84%E3%81%8A" n1="%63%61%6C%6C%33" n2="%E3%82%AF%E3%83%AD%E3%83%8E%E3%82%B9%40" n3="%E6%AD%A6%E5%89%87%E8%BC%9D%E6%B5%B7" dan="17,17,17,16" rate="2157.76,2159.04,2157.08,2088.83" sx="M,M,M,M"/><TAIKYOKU oya="0"/>

<Scene>
<INIT seed="0,0,0,1,2,56" ten="250,250,250,250" oya="0" hai0="113,4,65,46,103,49,71,130,17,72,59,122,98" hai1="1,40,78,21,90,14,129,133,91,93,127,86,118" hai2="28,6,24,34,97,42,105,0,12,76,23,53,26" hai3="63,11,119,73,33,102,44,25,84,2,64,10,61"/><T77/><D113/><U31/><E118/><V109/><F42/><W99/><G73/><T108/><D122/><U57/><E1/><V8/><F76/><W94/><G119/><T38/><D4/><U16/><E129/><V92/><F109/><W62/><G64/><T55/><D130/><U45/><E133/><V27/><F105/><W9/><G2/><T36/><D108/><U41/><E127/><V95/><F95/><W37/><G37/><T128/><D128/><U81/><E31/><V74/><F74/><W75/><G75/><T88/><D71/><U131/><E131/><V43/><F43/><W19/><G44/><T47/><D38/><U20/><E20/><V30/><F53/><W121/><G121/><T69/><D36/><U48/><E41/><V18/><F92/><W52/><G84/><T124/><D124/><U58/><REACH who="1" step="1"/><E91/><REACH who="1" ten="250,240,250,250" step="2"/><V80/><F80/><W54/><G33/><T116/><D88/><U83/><E83/><V96/><REACH who="2" step="1"/><F26/><REACH who="2" ten="250,240,240,250" step="2"/><W35/><G35/><AGARI ba="0,2" hai="0,6,8,12,18,23,24,27,28,30,34,35,96,97" machi="35" ten="30,12000,2" yaku="1,1,2,1,7,1,9,1,24,2,53,1" doraHai="56" doraHaiUra="13" who="2" fromWho="3" sc="250,0,240,0,240,140,250,-120" />
</Scene>
<Scene>
<INIT seed="1,0,0,2,1,112" ten="250,240,380,130" oya="1" hai0="91,45,62,89,48,53,46,128,43,122,133,123,42" hai1="61,77,83,13,124,99,90,110,41,1,36,29,81" hai2="57,49,98,102,4,69,63,34,131,118,74,40,44" hai3="25,106,108,120,103,97,88,22,100,114,71,65,39"/><U47/><E124/><V19/><F74/><W15/><G39/><N who="0" m="21727" /><D91/><U32/><E110/><V56/><F34/><W82/><G114/><T0/><D89/><U68/><E1/><V96/><F131/><W113/><G113/><T92/><D92/><U30/><E32/><V105/><F118/><W109/><G120/><N who="0" m="46123" /><D0/><U111/><E111/><N who="3" m="42570" /><G103/><T127/><D128/><U117/><E117/><V6/><F96/><W11/><G88/><T58/><D127/><U93/><E81/><V67/><F19/><N who="3" m="8703" /><G82/><T135/><AGARI ba="0,0" hai="43,46,48,53,58,62,133,135" m="46123,21727" machi="135" ten="30,4000,0" yaku="13,1,34,2" doraHai="112" who="0" fromWho="0" sc="250,40,240,-20,380,-10,130,-10" />
</Scene>
<Scene>
<INIT seed="2,0,0,4,1,99" ten="290,220,370,120" oya="2" hai0="0,108,122,95,38,4,98,51,89,72,103,53,44" hai1="39,37,18,92,131,83,8,107,118,128,11,123,127" hai2="1,62,35,12,47,74,102,67,110,14,132,3,78" hai3="126,93,119,55,76,69,56,10,63,32,34,125,22"/><V112/><F112/><W60/><G76/><T23/><D122/><U61/><E107/><V30/><F132/><W84/><G119/><T13/><D72/><U16/><E118/><V5/><F110/><W71/><G22/><T7/><D108/><U85/><E127/><V54/><F54/><W80/><G10/><T135/><D0/><U104/><E104/><V111/><F111/><W9/><G9/><N who="1" m="3658" /><E61/><V106/><F47/><W49/><G93/><N who="0" m="58831" /><D38/><N who="1" m="14347" /><E92/><V48/><F48/><W121/><G121/><T100/><D135/><U133/><E133/><V68/><F5/><W64/><G84/><N who="0" m="52647" /><D100/><U50/><E50/><V66/><F66/><N who="3" m="41159" /><G80/><T19/><AGARI ba="0,0" hai="4,7,13,19,23,44,51,53" m="52647,58831" machi="19" ten="30,2000,0" yaku="8,1,52,1" doraHai="99" who="0" fromWho="0" sc="290,20,220,-5,370,-10,120,-5" />
</Scene>
<Scene>
<INIT seed="3,0,0,2,5,120" ten="310,215,360,115" oya="3" hai0="77,34,6,89,67,82,90,74,117,44,126,127,26" hai1="86,104,45,50,32,10,123,129,53,128,11,48,57" hai2="22,72,109,71,91,69,47,23,130,135,17,92,43" hai3="31,42,0,78,80,18,12,102,119,38,66,103,39"/><W46/><G119/><T88/><D117/><U59/><E104/><V30/><F72/><W35/><G39/><T97/><D6/><U37/><E32/><V27/><F109/><W55/><G0/><T2/><D2/><U108/><E37/><V121/><F130/><N who="1" m="50281" /><E123/><V65/><F65/><W93/><G66/><T114/><D114/><U28/><E28/><V24/><F135/><W40/><G40/><T14/><D14/><U73/><E73/><V111/><F111/><W134/><G134/><T110/><D110/><U94/><E108/><V133/><F133/><W116/><G116/><T61/><D44/><U54/><E45/><V96/><F121/><W5/><G5/><T115/><D115/><U56/><E94/><V76/><F76/><W70/><G70/><T7/><D7/><U99/><E86/><V25/><F25/><W21/><G93/><T1/><D1/><U98/><E57/><V85/><F85/><W68/><G68/><T16/><D97/><AGARI ba="0,0" hai="10,11,48,50,53,54,56,59,97,98,99" m="50281" machi="97" ten="30,1000,0" yaku="19,1" doraHai="120" who="1" fromWho="0" sc="310,-10,215,10,360,0,115,0" />
</Scene>
<Scene>
<INIT seed="4,0,0,2,0,66" ten="300,225,360,115" oya="0" hai0="34,24,32,91,15,74,48,22,81,12,90,127,8" hai1="13,36,82,54,38,122,108,86,113,103,49,130,110" hai2="121,47,135,79,4,115,78,35,117,56,28,21,53" hai3="93,80,94,29,68,5,64,75,10,20,57,59,14"/><T102/><D127/><U114/><E103/><V58/><F121/><W9/><G75/><T83/><D102/><U87/><E13/><V31/><F35/><W16/><G80/><T60/><D48/><U3/><E3/><V26/><F115/><N who="1" m="44041" /><E122/><V119/><F135/><W18/><G29/><T72/><D60/><U25/><E25/><N who="2" m="16431" /><F4/><W63/><G94/><T111/><D22/><U89/><E87/><V51/><F58/><W11/><G5/><T134/><D24/><U50/><E130/><V92/><F26/><W61/><G61/><T105/><D8/><U129/><E129/><V1/><F1/><W77/><G77/><T6/><D6/><U27/><E27/><V131/><F131/><W120/><G120/><T65/><D134/><U71/><E50/><N who="2" m="30775" /><F92/><W44/><G18/><T124/><D105/><U99/><E99/><V33/><F31/><W98/><REACH who="3" step="1"/><G44/><REACH who="3" ten="300,225,360,105" step="2"/><T116/><D72/><U106/><E82/><V109/><F79/><W46/><G46/><T101/><D74/><U123/><E123/><V76/><F78/><W118/><G118/><T107/><D116/><U7/><E7/><V128/><F76/><W40/><G40/><T70/><D83/><U104/><E104/><V133/><F128/><W2/><G2/><T73/><D81/><U85/><E106/><V88/><F119/><W84/><G84/><T30/><D73/><U126/><E86/><V45/><F117/><W23/><G23/><T43/><D107/><U55/><E85/><V96/><F45/><W37/><G37/><T52/><D30/><U19/><E36/><V41/><F41/><RYUUKYOKU ba="0,1" sc="300,-10,225,-10,360,-10,105,30" hai3="9,10,11,14,16,20,57,59,63,64,68,93,98" />
</Scene>
<Scene>
<INIT seed="5,1,1,2,1,2" ten="290,215,350,135" oya="1" hai0="11,38,3,128,78,36,19,80,46,37,94,17,40" hai1="69,102,67,70,130,97,120,9,85,104,16,23,74" hai2="52,35,45,93,123,124,44,122,0,48,96,111,21" hai3="107,79,13,56,106,108,76,30,14,41,43,24,99"/><U75/><E120/><V131/><F35/><W134/><G108/><T133/><D133/><U72/><E130/><V83/><F111/><W15/><G56/><T113/><D128/><U8/><E85/><V118/><F118/><W126/><G99/><T59/><D113/><U103/><E103/><V77/><F131/><W42/><G134/><T117/><D59/><U71/><REACH who="1" step="1"/><E67/><REACH who="1" ten="290,205,350,135" step="2"/><V101/><F123/><W125/><G76/><T26/><D78/><U109/><E109/><V105/><F101/><W129/><G79/><T55/><D117/><U5/><E5/><V20/><F77/><W25/><G129/><T32/><D80/><U68/><N who="1" m="17920" /><DORA hai="62" /><U47/><E47/><V115/><F45/><W22/><REACH who="3" step="1"/><G25/><AGARI ba="1,2" hai="8,9,16,23,25,72,74,75,97,102,104" m="17920" machi="25" ten="70,6800,0" yaku="1,1,54,1,53,0" doraHai="2,62" doraHaiUra="84,112" who="1" fromWho="3" sc="290,0,205,91,350,0,135,-71" />
</Scene>
<Scene>
<INIT seed="5,2,0,1,0,80" ten="290,296,350,64" oya="1" hai0="29,30,70,50,37,95,45,82,103,77,22,121,67" hai1="69,87,85,17,43,60,59,79,35,130,102,114,61" hai2="58,119,124,116,33,118,23,91,113,76,111,34,65" hai3="63,83,131,47,18,9,7,134,105,71,57,89,94"/><U123/><E123/><V64/><F111/><W14/><G105/><T2/><D37/><U6/><E35/><V39/><F39/><W73/><G131/><T92/><D2/><U62/><E69/><V19/><F76/><W96/><G134/><T53/><D121/><U101/><E130/><V0/><F0/><W106/><G106/><T108/><D108/><U120/><E120/><V5/><F5/><W4/><G71/><T51/><D70/><U54/><E114/><V32/><F113/><W46/><G73/><T24/><D67/><U84/><E6/><V109/><F109/><W48/><G47/><T112/><D112/><U104/><E104/><V110/><F110/><W86/><G57/><T40/><D30/><U66/><E66/><V132/><F132/><W68/><G63/><N who="1" m="24138" /><E43/><V42/><F42/><W3/><G68/><T1/><D103/><N who="1" m="39435" /><E17/><V93/><F65/><W127/><G3/><T8/><D1/><U44/><E44/><V41/><F41/><W100/><G127/><T125/><D125/><U21/><E21/><V28/><F124/><W10/><G10/><T52/><D8/><U12/><E12/><N who="2" m="9703" /><F64/><W78/><G78/><AGARI ba="2,0" hai="54,59,62,78,79,84,85,87" m="39435,24138" machi="78" ten="30,11600,0" yaku="8,1,52,3" doraHai="80" who="1" fromWho="3" sc="290,0,296,122,350,0,64,-122" owari="290,-11.0,418,52.0,350,15.0,-58,-56.0" />
</Scene>
</mjloggm>