<mjloggm ver="2.3"><GO type="169" lobby="0"/><UN n0="%E8%B7%AF%E5%9C%B0%E8%A3%8F%E3%81%AE%E3%81%B2%E3%81%BE%E3%82%8F%E3%82%8A" n1="%E3%81%8D%E3%81%8F%E3%81%A6%E3%81%83%E3%81%99%E2%98%86" n2="%E5%A4%AA%E3%81%8F%E3%81%AA%E3%81%84%E3%81%8A" n3="%E3%83%A4%E3%82%AD%E3%83%B3" dan="16,16,17,18" rate="2072.72,2129.91,2175.91,2177.25" sx="M,M,M,M"/><TAIKYOKU oya="0"/>

<Scene>
<INIT seed="0,0,0,0,3,12" ten="250,250,250,250" oya="0" hai0="70,60,81,85,108,54,36,122,63,6,133,72,41" hai1="131,135,132,134,73,111,49,40,97,126,94,77,127" hai2="93,57,83,17,21,20,5,10,121,88,56,1,7" hai3="96,32,67,91,71,27,59,109,61,68,2,124,30"/><T23/><D122/><U53/><E111/><V62/><F121/><W39/><G2/><T55/><D72/><U48/><E73/><V87/><F5/><W43/><G109/><T52/><D108/><U112/><E77/><V104/><F104/><W64/><G124/><N who="1" m="47658" /><E112/><V51/><F51/><N who="1" m="19529" /><E40/><V28/><F28/><W44/><G67/><T86/><D133/><U106/><E106/><V3/><F3/><W118/><G118/><T9/><D70/><U78/><E78/><V35/><F35/><W13/><G13/><N who="0" m="5303" /><D41/><U102/><E53/><V98/><F21/><W65/><G65/><T74/><D74/><U26/><E26/><V11/><F11/><W114/><G114/><T84/><D36/><U22/><E22/><V120/><F62/><N who="0" m="23594" /><D23/><U95/><E95/><V47/><F47/><W34/><G34/><T31/><D31/><U113/><E113/><V50/><F50/><W58/><G71/><T42/><D42/><U25/><E25/><V19/><F120/><W89/><G59/><T110/><D110/><U33/><E33/><V37/><F37/><W99/><G58/><T82/><AGARI ba="0,0" hai="52,54,55,81,82,84,85,86" m="23594,5303" machi="82" ten="40,3900,0" yaku="8,1,54,1" doraHai="12" who="0" fromWho="0" sc="250,39,250,-13,250,-13,250,-13" />
</Scene>
<Scene>
<INIT seed="0,1,0,0,2,43" ten="289,237,237,237" oya="0" hai0="51,21,6,39,120,88,130,41,36,18,19,110,83" hai1="20,55,12,89,107,5,0,15,23,106,121,38,31" hai2="84,67,13,85,108,58,114,37,75,65,95,90,98" hai3="40,14,60,49,9,79,64,44,66,94,61,126,10"/><T111/><D120/><U101/><E121/><V77/><F114/><W33/><G33/><T81/><D130/><U103/><E38/><N who="0" m="14377" /><D6/><U113/><E113/><V30/><F37/><W1/><G126/><T8/><D8/><U34/><E34/><V129/><F129/><W45/><G79/><T132/><D132/><U50/><E0/><V68/><F30/><W48/><G1/><T125/><D125/><U86/><E107/><V135/><F13/><N who="1" m="5193" /><E5/><V105/><F85/><W128/><G128/><T93/><D21/><N who="1" m="8267" /><E31/><V35/><F105/><W92/><G14/><T53/><D41/><AGARI ba="1,0" hai="9,10,40,41,44,45,48,49,60,61,64,66,92,94" machi="41" ten="25,8000,1" yaku="22,2,8,1,52,2" doraHai="43" who="3" fromWho="0" sc="289,-83,237,0,237,0,237,83" />
</Scene>
<Scene>
<INIT seed="1,0,0,0,1,97" ten="206,237,237,320" oya="1" hai0="8,7,36,52,109,91,134,33,113,38,29,43,135" hai1="23,4,114,72,51,42,44,18,108,13,95,79,107" hai2="74,6,127,69,45,126,58,40,84,103,128,47,121" hai3="34,49,123,87,122,129,78,73,12,11,124,28,99"/><U89/><E114/><V5/><F74/><W65/><G73/><T41/><D113/><U21/><E108/><V92/><F69/><W106/><G65/><T30/><D109/><U82/><E107/><V81/><F121/><W37/><G37/><T26/><D30/><U19/><E4/><V53/><F128/><W112/><G112/><T59/><D91/><U105/><E105/><V14/><F14/><W61/><G61/><N who="0" m="36071" /><D36/><U35/><E35/><V32/><F32/><W31/><G49/><T71/><D71/><U115/><E115/><V67/><F67/><W85/><G99/><T27/><D27/><U2/><E2/><V94/><F53/><W3/><G106/><T10/><D10/><U60/><E60/><V56/><F58/><W118/><G11/><T68/><D38/><U39/><E39/><V55/><F56/><W117/><G3/><N who="0" m="127" /><D68/><U110/><E110/><V66/><F66/><W25/><G25/><T64/><D64/><U54/><E54/><V15/><F55/><W88/><G12/><T86/><D86/><U104/><E104/><V90/><F84/><W100/><G34/><T83/><D83/><U120/><E120/><V17/><F81/><W24/><G24/><T101/><D101/><U16/><REACH who="1" step="1"/><E23/><REACH who="1" ten="206,227,237,320" step="2"/><V22/><F5/><W111/><G111/><T75/><D75/><U102/><E102/><V80/><F6/><W1/><G100/><T0/><D0/><U57/><E57/><V125/><F103/><W77/><G1/><T20/><D33/><U130/><E130/><V63/><F63/><W76/><G129/><T119/><D119/><RYUUKYOKU ba="0,1" sc="206,15,227,15,237,-15,320,-15" hai0="20,26,29,41,43,134,135" hai1="13,16,18,19,21,42,44,51,72,79,82,89,95" />
</Scene>
<Scene>
<INIT seed="1,1,1,0,1,48" ten="221,242,222,305" oya="1" hai0="23,66,111,40,72,35,49,105,65,57,41,132,82" hai1="75,76,92,2,61,109,7,52,5,113,36,25,17" hai2="42,44,63,112,88,101,31,73,3,68,102,124,30" hai3="45,97,134,94,107,106,20,81,87,58,18,67,120"/><U125/><E113/><V15/><F3/><W123/><G107/><T38/><D35/><U118/><E118/><V116/><F73/><W98/><G106/><T29/><D105/><U28/><E36/><V91/><F116/><W51/><G134/><T90/><D132/><U80/><E125/><V43/><F124/><W33/><G33/><T16/><D29/><U37/><E37/><V8/><F112/><W69/><G69/><T71/><D111/><U53/><E109/><V0/><F0/><W114/><G114/><T133/><D133/><U47/><E17/><V129/><F129/><W6/><G6/><T79/><D71/><U115/><E115/><V24/><F68/><W11/><G11/><T19/><D19/><U135/><E135/><V127/><F63/><N who="3" m="38391" /><G94/><T131/><D131/><U93/><E47/><V54/><F127/><W77/><G123/><T56/><D90/><N who="2" m="34346" /><F43/><N who="3" m="25023" /><G120/><T122/><D122/><U126/><E126/><V117/><F42/><W104/><G104/><T60/><D38/><U103/><E61/><V39/><F117/><W21/><G21/><T62/><REACH who="0" step="1"/><D49/><REACH who="0" ten="211,242,222,305" step="2"/><U108/><E108/><V99/><F39/><W78/><G78/><T14/><AGARI ba="1,2" hai="14,16,23,40,41,56,57,60,62,65,66,72,79,82" machi="14" ten="20,12000,2" yaku="1,1,2,1,0,1,7,1,9,1,54,1,53,0" doraHai="48" doraHaiUra="46" who="0" fromWho="0" sc="211,143,242,-61,222,-31,305,-31" />
</Scene>
<Scene>
<INIT seed="2,0,0,1,3,116" ten="354,181,191,274" oya="2" hai0="25,46,27,19,9,63,41,125,20,62,74,134,100" hai1="44,64,1,53,88,2,104,126,5,30,128,40,120" hai2="35,123,97,55,61,33,21,13,8,47,15,6,79" hai3="65,135,67,60,37,32,38,68,108,95,122,12,58"/><V51/><F79/><W133/><G32/><T112/><D112/><U75/><E75/><V39/><F39/><N who="3" m="14859" /><G12/><T82/><D125/><U96/><E126/><V106/><F61/><N who="3" m="39983" /><G95/><T31/><D100/><U34/><E128/><V121/><F106/><W66/><G108/><T105/><D105/><U77/><E77/><V78/><F97/><W14/><G14/><T52/><D41/><U89/><E64/><V131/><F131/><W107/><G107/><T0/><D0/><U36/><E53/><V124/><F124/><W11/><G11/><T101/><D101/><N who="1" m="62503" /><E89/><V87/><F87/><W10/><G10/><T70/><D9/><N who="1" m="2223" /><E88/><V99/><F99/><W94/><BYE who="2" /><G94/><T109/><D109/><U83/><E2/><V91/><F91/><W22/><G22/><T111/><D20/><U18/><E83/><V42/><F42/><W71/><G122/><T93/><D82/><U16/><E18/><V72/><F72/><W28/><G28/><UN n2="%E5%A4%AA%E3%81%8F%E3%81%AA%E3%81%84%E3%81%8A" /><T132/><D19/><U69/><E16/><V103/><F103/><W118/><G118/><T119/><D31/><U81/><E81/><V43/><F78/><W114/><G114/><T56/><D119/><U80/><E80/><V130/><F130/><W76/><G76/><T85/><D111/><U17/><E17/><N who="2" m="10415" /><F43/><W102/><G102/><T50/><D74/><U54/><E120/><N who="2" m="46155" /><F35/><W23/><G67/><T4/><D85/><U90/><E90/><V45/><F33/><W26/><G71/><T59/><D70/><U117/><E117/><V115/><F115/><W92/><G92/><T127/><D93/><U24/><E69/><RYUUKYOKU ba="0,0" sc="354,-30,181,10,191,10,274,10" hai1="24,30,34,36,40,44,54" hai2="6,8,15,45,47,51,55" hai3="23,26,58,60,66,133,135" />
</Scene>
<Scene>
<INIT seed="2,1,0,2,1,4" ten="324,191,201,284" oya="2" hai0="49,45,60,33,51,19,107,73,23,81,133,109,80" hai1="10,94,135,43,34,13,132,15,100,6,61,22,127" hai2="62,11,96,75,17,21,3,63,118,57,66,56,5" hai3="86,52,29,31,134,74,26,93,54,112,76,128,18"/><V85/><F75/><W16/><G74/><T70/><D33/><U108/><E34/><V106/><F118/><W130/><G134/><N who="1" m="51242" /><E108/><V120/><F120/><W124/><G124/><T36/><D109/><U105/><E105/><V72/><F72/><W82/><G112/><T117/><D117/><U47/><E127/><V121/><F121/><W92/><G128/><T83/><D107/><U98/><E61/><V32/><F32/><W65/><G65/><T99/><D99/><U14/><E22/><V126/><F126/><W27/><G130/><T8/><D73/><U7/><E7/><V44/><F44/><W88/><G76/><T46/><D133/><U55/><E55/><N who="3" m="21034" /><G27/><T113/><D113/><U25/><E25/><V91/><F106/><W39/><G39/><AGARI ba="1,0" hai="6,10,13,14,15,39,43,47,94,98,100" m="51242" machi="39" ten="30,2000,0" yaku="20,1,52,1" doraHai="4" who="1" fromWho="3" sc="324,0,191,23,201,0,284,-23" />
</Scene>
<Scene>
<INIT seed="3,0,0,4,5,8" ten="324,214,201,261" oya="3" hai0="36,81,101,12,0,93,70,60,23,117,10,115,110" hai1="111,68,120,13,89,38,127,105,77,21,73,124,90" hai2="45,80,85,65,74,119,55,20,16,26,97,3,112" hai3="42,102,37,84,62,100,54,130,5,99,116,91,61"/><W2/><G116/><T25/><D117/><U9/><E120/><V48/><F119/><W104/><G100/><T66/><D0/><U92/><E68/><V50/><F112/><W134/><G134/><T30/><D115/><U58/><E105/><V75/><F3/><W46/><G130/><T6/><D110/><U135/><E135/><V71/><F97/><W43/><G43/><T57/><D36/><U95/><E111/><V86/><F86/><W67/><G54/><T106/><D106/><U109/><E109/><V35/><F35/><W4/><G2/><T52/><D81/><U107/><E107/><V53/><F71/><W33/><G33/><T126/><D126/><N who="1" m="48171" /><E38/><V76/><REACH who="2" step="1"/><F65/><REACH who="2" ten="324,214,191,261" step="2"/><W129/><G129/><T69/><D66/><U121/><E121/><V24/><F24/><W31/><G67/><T125/><D125/><U78/><E73/><V32/><F32/><W94/><G84/><T40/><D70/><U15/><E78/><V11/><F11/><W17/><G99/><N who="0" m="59631" /><D69/><U103/><E77/><V87/><F87/><W72/><G72/><T51/><D60/><U114/><E114/><V79/><F79/><W49/><G62/><T7/><D7/><U132/><E132/><V28/><F28/><W34/><G61/><T27/><D25/><U82/><E9/><V64/><F64/><W44/><G5/><T123/><D123/><U96/><E96/><V113/><F113/><W19/><G4/><T39/><D27/><U1/><E1/><V14/><F14/><W59/><G34/><T18/><D30/><U108/><E108/><V133/><F133/><RYUUKYOKU ba="0,1" sc="324,-10,214,-10,191,30,261,-10" hai2="16,20,26,45,48,50,53,55,74,75,76,80,85" />
</Scene>
<Scene>
<INIT seed="4,1,1,2,2,97" ten="314,204,221,251" oya="0" hai0="44,107,47,83,31,105,37,120,9,1,67,103,55" hai1="15,71,124,69,127,115,72,123,99,26,70,101,22" hai2="52,45,68,106,91,53,112,117,132,85,130,64,13" hai3="118,0,126,46,111,61,77,43,4,58,110,16,7"/><T28/><D120/><U94/><E72/><V92/><F106/><W2/><G118/><T104/><D67/><U60/><E123/><V74/><F74/><W57/><G77/><T73/><D55/><U23/><E115/><V98/><F112/><W32/><G32/><T41/><D47/><U65/><E15/><V87/><F117/><W95/><G126/><N who="1" m="48170" /><E23/><V125/><F125/><W63/><G46/><T36/><D36/><U128/><E128/><V84/><F130/><W3/><G3/><T49/><D49/><U50/><E50/><V108/><F108/><W8/><G8/><T10/><D10/><U113/><E113/><V75/><F75/><W35/><G35/><T86/><D73/><U56/><E71/><V88/><F13/><W29/><G29/><AGARI ba="1,1" hai="22,26,29,56,60,65,69,70,94,99,101" m="48170" machi="29" ten="30,3900,0" yaku="25,1,18,1,52,1" doraHai="97" who="1" fromWho="3" sc="314,0,204,52,221,0,251,-42" />
</Scene>
<Scene>
<INIT seed="5,0,0,3,3,63" ten="314,256,221,209" oya="1" hai0="38,35,8,133,123,127,101,126,118,116,129,44,16" hai1="132,95,15,130,72,115,49,53,77,36,92,31,83" hai2="34,48,128,99,108,125,131,111,74,97,29,0,106" hai3="45,60,61,79,88,6,41,81,62,121,135,104,32"/><U12/><E36/><V18/><F0/><W71/><G121/><T75/><D123/><U59/><E115/><V13/><F74/><W78/><G104/><T56/><D129/><N who="2" m="49738" /><F48/><N who="3" m="26671" /><G32/><T47/><D133/><U80/><E130/><V27/><F106/><W14/><G71/><T46/><D38/><U5/><E132/><V87/><F87/><N who="3" m="50287" /><G135/><T1/><D75/><U9/><E31/><V117/><F117/><W3/><G3/><T70/><D70/><U100/><E100/><V24/><F125/><W105/><G105/><T39/><D35/><U89/><E15/><V58/><F58/><W4/><G14/><T68/><D68/><U52/><E83/><V109/><F27/><W91/><G91/><T54/><D39/><U64/><E89/><V98/><F109/><W30/><G30/><T96/><D118/><U51/><E72/><V26/><F26/><W84/><G84/><T42/><D116/><U20/><E77/><AGARI ba="0,0" hai="4,6,60,61,62,77,78,79" m="50287,26671" machi="77" ten="30,2000,0" yaku="8,1,54,1" doraHai="63" who="3" fromWho="1" sc="314,0,256,-20,221,0,209,20" />
</Scene>
<Scene>
<INIT seed="6,0,0,4,0,63" ten="314,236,221,229" oya="2" hai0="16,127,117,24,74,17,57,20,43,72,6,85,64" hai1="52,34,61,45,115,25,41,77,5,100,124,105,1" hai2="97,122,53,9,3,13,90,69,103,110,86,129,2" hai3="31,39,33,98,91,84,73,78,113,49,135,18,40"/><V10/><F122/><W119/><G39/><T75/><D127/><U47/><E124/><V79/><F79/><W51/><G73/><T88/><D117/><U112/><E77/><V106/><F69/><W116/><G33/><T37/><D6/><U89/><E105/><V121/><F121/><W48/><G31/><T66/><D17/><U92/><E100/><V99/><F99/><W93/><G119/><T58/><D58/><N who="1" m="35015" /><E1/><V55/><F129/><W23/><G135/><T36/><D57/><U35/><E5/><V14/><F110/><W87/><G113/><N who="1" m="43594" /><E25/><V81/><F2/><W60/><G116/><T111/><D36/><N who="1" m="21671" /><E47/><V19/><F3/><W56/><G78/><T130/><D111/><U125/><E125/><V28/><F28/><W27/><G40/><T102/><D102/><U0/><E0/><V131/><F131/><W109/><G109/><T134/><D134/><U46/><E46/><V7/><AGARI ba="0,0" hai="7,9,10,13,14,19,53,55,81,86,90,97,103,106" machi="7" ten="20,2100,0" yaku="0,1,7,1" doraHai="63" who="2" fromWho="2" sc="314,-7,236,-7,221,21,229,-7" />
</Scene>
<Scene>
<INIT seed="6,1,0,0,5,57" ten="307,229,242,222" oya="2" hai0="38,125,14,44,22,93,81,79,18,33,91,101,17" hai1="130,23,65,20,25,126,54,58,19,98,59,64,121" hai2="124,80,78,92,3,74,95,113,47,94,133,52,53" hai3="83,6,70,41,42,68,21,9,0,39,127,43,66"/><V106/><F106/><W87/><G127/><T103/><D33/><U111/><E111/><V32/><F32/><W30/><G39/><T135/><D135/><U7/><E126/><V8/><F124/><W115/><G115/><T100/><D125/><U134/><E134/><V50/><F133/><W85/><G85/><N who="0" m="48319" /><D38/><U34/><E34/><V117/><F113/><W56/><G30/><T2/><D2/><U63/><E130/><V49/><F117/><W40/><N who="3" m="10752" /><DORA hai="77" /><W16/><G66/><T69/><D69/><U76/><E121/><V89/><F8/><W99/><G56/><T110/><D110/><U129/><E129/><V51/><F3/><W132/><G99/><N who="0" m="57791" /><D44/><U45/><E45/><V48/><REACH who="2" step="1"/><F53/><REACH who="2" ten="307,229,232,222" step="2"/><W105/><G105/><T11/><D103/><U31/><E54/><V97/><AGARI ba="1,1" hai="47,48,49,50,51,52,74,78,80,89,92,94,95,97" machi="97" ten="30,18000,2" yaku="1,1,2,1,0,1,52,1,54,1,53,1" doraHai="57,77" doraHaiUra="102,75" who="2" fromWho="2" sc="307,-61,229,-61,232,193,222,-61" />
</Scene>
<Scene>
<INIT seed="6,2,0,4,0,127" ten="246,168,425,161" oya="2" hai0="22,6,65,69,19,78,17,29,8,68,67,123,9" hai1="93,13,85,114,112,92,110,113,35,94,133,125,24" hai2="38,62,100,121,61,120,51,49,0,10,43,77,134" hai3="74,4,106,2,48,130,12,47,30,90,119,81,71"/><V102/><F77/><W27/><G119/><T76/><D123/><U104/><E110/><V40/><F10/><W91/><G2/><T25/><D69/><U1/><E1/><V60/><F0/><W39/><G39/><T11/><D6/><U66/><E104/><V31/><F31/><W135/><G71/><T109/><D109/><U15/><E125/><V46/><F134/><W111/><G106/><T5/><D5/><U36/><E36/><V58/><F100/><W33/><G135/><T75/><D75/><U32/><E133/><V124/><F102/><W117/><G117/><T96/><D96/><U34/><E66/><N who="0" m="25097" /><D68/><U88/><REACH who="1" step="1"/><E24/><REACH who="1" ten="246,158,425,161" step="2"/><V97/><F124/><W87/><G111/><T98/><D25/><U116/><E116/><V122/><F38/><W56/><G27/><T126/><D126/><U64/><E64/><V23/><F121/><W53/><G30/><T63/><D29/><U16/><E16/><V21/><F122/><W132/><G132/><T80/><D19/><U131/><E131/><V128/><F128/><W3/><G130/><T59/><D17/><U7/><E7/><V18/><F18/><W129/><G129/><T44/><D11/><U73/><E73/><V70/><F70/><W37/><G74/><T55/><D9/><U82/><AGARI ba="2,1" hai="13,15,32,34,35,82,85,88,92,93,94,112,113,114" machi="82" ten="50,12000,2" yaku="1,1,0,1,29,2,15,1,54,1,53,0" doraHai="127" doraHaiUra="57" who="1" fromWho="1" sc="246,-32,158,136,425,-62,161,-32" />
</Scene>
<Scene>
<INIT seed="7,0,0,3,3,116" ten="214,294,363,129" oya="3" hai0="98,85,80,59,21,13,51,117,118,99,28,120,72" hai1="111,54,12,56,27,44,11,7,42,53,36,38,106" hai2="83,30,62,90,126,49,43,96,124,40,132,0,86" hai3="20,24,79,66,123,84,78,119,63,103,5,61,68"/><W37/><G119/><T2/><D120/><U32/><E111/><V52/><F0/><W33/><G37/><T14/><D72/><U22/><E32/><V133/><F30/><W94/><G33/><T23/><D2/><U95/><E106/><V46/><F96/><N who="0" m="36906" /><D118/><U128/><E128/><V97/><F97/><W71/><G103/><T114/><D114/><U75/><E75/><V1/><F1/><W81/><G94/><T76/><D117/><U47/><E95/><V77/><F90/><W60/><G5/><T92/><D92/><U17/><E56/><N who="2" m="35079" /><F40/><AGARI ba="0,0" hai="7,11,12,17,22,27,36,38,40,42,44,47,53,54" machi="40" ten="40,1300,0" yaku="9,1" doraHai="116" who="1" fromWho="2" sc="214,0,294,13,363,-13,129,0" owari="214,-19.0,307,11.0,350,45.0,129,-37.0" />
</Scene>
</mjloggm>