<mjloggm ver="2.3"><GO type="169" lobby="0"/><UN n0="%E3%82%88%E3%81%97%E3%81%9E%E3%83%BC" n1="%E5%A4%AA%E3%81%8F%E3%81%AA%E3%81%84%E3%81%8A" n2="%6A%69%6E%6B%61%69" n3="%E3%82%AF%E3%83%AD%E3%83%8E%E3%82%B9%40" dan="16,18,16,17" rate="2073.28,2158.24,2080.99,2118.57" sx="M,M,M,M"/><TAIKYOKU oya="0"/>

<Scene>
<INIT seed="0,0,0,1,2,21" ten="250,250,250,250" oya="0" hai0="55,27,58,7,115,113,110,57,80,85,131,62,3" hai1="45,41,128,122,84,8,92,69,102,129,111,24,39" hai2="18,30,42,34,100,118,68,124,54,120,22,127,12" hai3="49,73,106,9,47,28,64,6,104,97,71,14,112"/><T125/><D131/><N who="1" m="50251" /><E122/><V134/><F68/><W79/><G112/><T108/><D125/><N who="2" m="48202" /><F42/><W48/><G48/><T86/><D3/><U51/><E111/><N who="0" m="42537" /><D7/><U66/><E8/><V4/><F100/><W25/><G97/><T89/><D85/><U46/><E66/><V11/><F54/><W101/><G101/><T98/><D98/><N who="1" m="59719" /><E69/><V107/><F107/><W36/><G36/><T32/><D58/><U87/><E24/><N who="2" m="18759" /><F120/><W130/><G64/><T23/><D32/><U52/><AGARI ba="0,0" hai="39,41,45,46,51,52,84,87" m="59719,50251" machi="52" ten="30,2000,0" yaku="19,1,54,1" doraHai="21" who="1" fromWho="1" sc="250,-10,250,20,250,-5,250,-5" />
</Scene>
<Scene>
<INIT seed="1,0,0,1,3,60" ten="240,270,245,245" oya="1" hai0="44,64,7,10,85,8,130,6,27,113,101,122,39" hai1="84,41,127,132,47,90,2,31,11,111,14,102,120" hai2="30,86,118,107,12,119,67,103,5,63,38,117,0" hai3="23,92,106,9,78,91,35,115,98,72,61,131,81"/><U43/><E120/><V59/><F38/><W104/><G35/><T77/><D122/><U116/><E116/><V134/><F134/><W1/><G23/><T53/><D113/><U34/><E2/><V108/><F108/><W58/><G115/><T33/><D130/><U112/><E112/><V70/><F30/><W71/><G71/><T124/><D124/><U55/><E127/><V109/><F109/><W80/><G80/><N who="0" m="47247" /><D39/><U97/><E111/><V24/><F24/><W51/><G51/><N who="0" m="28903" /><D33/><U93/><E132/><V17/><F86/><W129/><G129/><T100/><D27/><U36/><E34/><V29/><F29/><W95/><G131/><T42/><D42/><U105/><E31/><V48/><F0/><W49/><G49/><T19/><D64/><U121/><E121/><V79/><F79/><W123/><G123/><T74/><D74/><U114/><E114/><V133/><F133/><W4/><REACH who="3" step="1"/><G92/><REACH who="3" ten="240,270,245,235" step="2"/><T87/><D87/><U18/><E41/><V94/><F94/><W32/><G32/><T52/><D8/><U46/><E43/><V28/><F117/><W15/><G15/><T20/><D10/><U88/><E36/><V83/><F118/><W75/><G75/><T50/><D7/><U76/><E76/><V45/><F5/><W126/><G126/><T54/><D6/><U13/><E13/><V21/><F21/><W26/><G26/><N who="0" m="14623" /><D50/><N who="1" m="29143" /><E47/><V37/><F119/><W40/><G40/><T110/><D110/><U125/><E125/><V3/><F3/><W89/><G89/><T68/><D68/><U99/><E90/><V96/><F70/><RYUUKYOKU ba="0,1" sc="240,10,270,10,245,-30,235,10" hai0="52,54,100,101" hai1="11,14,18,84,88,93,97,99,102,105" hai3="1,4,9,58,61,72,78,81,91,95,98,104,106" />
</Scene>
<Scene>
<INIT seed="1,1,1,2,2,17" ten="250,280,215,245" oya="1" hai0="26,98,62,22,37,82,95,80,28,75,79,34,40" hai1="133,45,97,105,100,3,35,99,57,130,0,61,114" hai2="111,88,10,121,27,117,4,127,83,24,86,58,31" hai3="65,21,77,32,23,14,47,94,73,2,38,8,112"/><U59/><E114/><V84/><F121/><W66/><G32/><T20/><D37/><U69/><E130/><V54/><F111/><W104/><G104/><T131/><D40/><U74/><E74/><V46/><F117/><W9/><G112/><T115/><D115/><U93/><E133/><V68/><F68/><W108/><G108/><T72/><D131/><U76/><E76/><V55/><F127/><W5/><G94/><T53/><D80/><U39/><E35/><V16/><F31/><W71/><G71/><T19/><D75/><U70/><E70/><V132/><F132/><W51/><G66/><T125/><D125/><U129/><E69/><V48/><F84/><W113/><G65/><T52/><D62/><U6/><E129/><V122/><F122/><W42/><G51/><T103/><REACH who="0" step="1"/><D34/><REACH who="0" ten="240,280,215,245" step="2"/><U7/><E61/><N who="2" m="36063" /><F4/><N who="3" m="3335" /><G113/><T107/><D107/><U56/><E6/><V29/><F29/><W102/><G102/><T87/><D87/><U124/><E7/><V78/><F78/><W81/><AGARI ba="1,2" hai="2,5,9,21,23,38,42,47,73,77,81" m="3335" machi="81" ten="30,4000,0" yaku="25,1,52,2" doraHai="17" who="3" fromWho="3" sc="240,-11,280,-21,215,-11,245,63" />
</Scene>
<Scene>
<INIT seed="2,0,0,2,4,32" ten="229,259,204,308" oya="2" hai0="93,101,56,64,106,82,17,55,76,25,38,12,87" hai1="2,109,34,58,103,62,95,52,132,60,122,35,53" hai2="50,121,21,127,54,84,70,9,47,39,33,125,72" hai3="73,57,31,107,15,83,74,80,89,16,30,104,120"/><V90/><F72/><W98/><G120/><T63/><D38/><U79/><E122/><V108/><F121/><W1/><G1/><T27/><D106/><U71/><E109/><V86/><F70/><W43/><G43/><T23/><REACH who="0" step="1"/><D64/><REACH who="0" ten="219,259,204,308" step="2"/><U105/><E105/><V75/><F39/><W97/><G107/><T13/><D13/><U114/><E114/><V119/><F125/><W67/><G104/><T110/><D110/><U14/><E14/><V134/><F108/><W46/><G15/><T91/><D91/><U41/><E2/><V24/><F127/><W77/><G89/><T130/><D130/><U81/><E132/><V68/><F134/><W10/><G67/><T36/><D36/><U26/><E103/><V117/><F90/><W113/><G113/><T133/><D133/><U135/><E135/><V124/><F124/><W40/><G77/><T66/><D66/><U42/><E79/><V116/><F117/><W126/><G126/><T96/><AGARI ba="0,1" hai="12,17,23,25,27,55,56,63,76,82,87,93,96,101" machi="96" ten="30,4000,0" yaku="1,1,0,1,8,1,53,0" doraHai="32" doraHaiUra="111" who="0" fromWho="0" sc="219,50,259,-10,204,-20,308,-10" />
</Scene>
<Scene>
<INIT seed="3,0,0,4,4,102" ten="269,249,184,298" oya="3" hai0="135,134,65,83,24,63,51,2,37,121,17,82,77" hai1="90,125,105,111,119,79,71,25,34,62,100,130,110" hai2="124,59,28,70,50,30,11,94,104,120,9,32,1" hai3="40,112,81,80,72,39,126,76,0,42,99,86,116"/><W36/><G112/><T108/><D121/><U92/><E125/><V122/><F70/><W27/><G116/><T128/><D37/><U97/><E119/><V38/><F38/><W16/><G0/><T131/><D2/><U75/><E130/><N who="0" m="49705" /><D51/><U55/><E55/><V113/><F50/><W6/><G6/><T12/><D24/><U123/><E123/><N who="2" m="47147" /><F59/><W64/><G64/><T53/><D53/><U84/><E79/><V14/><F94/><W54/><G126/><T45/><D45/><U18/><E75/><V106/><F124/><W23/><G39/><T66/><D108/><U117/><E117/><V7/><F113/><W68/><G68/><N who="0" m="42047" /><D66/><N who="1" m="41431" /><E18/><N who="2" m="8543" /><F32/><W13/><G36/><T48/><D48/><U33/><E33/><V21/><F21/><W3/><G54/><T19/><D83/><U56/><E56/><V47/><F47/><W78/><G3/><T115/><D115/><U73/><E73/><V49/><F49/><W41/><REACH who="3" step="1"/><G99/><REACH who="3" ten="269,249,184,288" step="2"/><T74/><D19/><U114/><E114/><V20/><F1/><W61/><G61/><T44/><D44/><U35/><E111/><V26/><F7/><W31/><G31/><T67/><D67/><U57/><E110/><V60/><F60/><W10/><G10/><AGARI ba="0,1" hai="10,12,17,74,77,82,134,135" m="42047,49705" machi="10" ten="30,1000,0" yaku="19,1" doraHai="102" who="0" fromWho="3" sc="269,20,249,0,184,0,288,-10" />
</Scene>
<Scene>
<INIT seed="4,0,0,3,5,122" ten="289,249,184,278" oya="0" hai0="66,75,130,133,31,113,95,124,77,73,48,71,47" hai1="70,111,117,103,121,7,26,127,112,85,27,24,10" hai2="45,131,15,18,61,2,129,110,63,68,96,13,79" hai3="76,32,115,125,12,44,81,128,92,89,74,0,135"/><T22/><D130/><N who="2" m="49674" /><F2/><W8/><G32/><T39/><D39/><U49/><E121/><V97/><F79/><W40/><G115/><T4/><D113/><U17/><E112/><V43/><F110/><W60/><G135/><T35/><D133/><U46/><E117/><V104/><F104/><W119/><G119/><T62/><D4/><U109/><E70/><V101/><F68/><W78/><G78/><T80/><D35/><U72/><E72/><V132/><F132/><W9/><G125/><T90/><D124/><U21/><E127/><V51/><F15/><W29/><G29/><T56/><D75/><U105/><E85/><V28/><F28/><W86/><G128/><T82/><D71/><U33/><E103/><V67/><F67/><W65/><G12/><T55/><D73/><U34/><E105/><N who="2" m="63655" /><F97/><W100/><G100/><T30/><D77/><U20/><E34/><V53/><F43/><W52/><G0/><T114/><D31/><U123/><E33/><V126/><F126/><W99/><G74/><T11/><D114/><U6/><E123/><V134/><F134/><W87/><G99/><N who="0" m="57847" /><D11/><AGARI ba="0,0" hai="11,13,18,45,51,53,61,63" m="63655,49674" machi="11" ten="30,1000,0" yaku="19,1" doraHai="122" who="2" fromWho="0" sc="289,-10,249,0,184,10,278,0" />
</Scene>
<Scene>
<INIT seed="5,0,0,4,4,48" ten="279,249,194,278" oya="1" hai0="24,112,81,65,84,13,122,28,40,105,49,51,78" hai1="55,35,80,60,7,109,107,22,114,20,11,130,95" hai2="2,76,53,45,89,69,3,94,17,5,26,100,123" hai3="79,34,27,97,64,92,9,36,1,87,110,52,106"/><U77/><E107/><V108/><F108/><W68/><G36/><T50/><D112/><U25/><E114/><V82/><F69/><W29/><G110/><T102/><D122/><U126/><E109/><V75/><F123/><W128/><G128/><T124/><D124/><U73/><E130/><V74/><F74/><W14/><G1/><T46/><D65/><U62/><E126/><V119/><F100/><W134/><G134/><T101/><D105/><U44/><E35/><V37/><F119/><W99/><G79/><T19/><D102/><U61/><E95/><V18/><F26/><W4/><G106/><T90/><D101/><U41/><E25/><V86/><F2/><W121/><G121/><T72/><D72/><U38/><REACH who="1" step="1"/><E55/><REACH who="1" ten="279,239,194,278" step="2"/><V116/><F53/><W103/><G52/><T111/><D111/><U56/><E56/><V93/><F93/><W39/><G68/><T0/><D24/><U47/><E47/><V127/><F127/><W8/><G27/><T104/><D104/><U30/><E30/><V125/><F125/><W96/><G29/><T91/><D28/><U83/><E83/><V113/><F113/><W135/><G92/><T132/><D46/><U54/><E54/><V115/><F115/><W118/><G34/><T21/><D81/><U32/><E32/><V43/><REACH who="2" step="1"/><F116/><REACH who="2" ten="279,239,184,278" step="2"/><W15/><G118/><T129/><D129/><U66/><E66/><V131/><F131/><W42/><G64/><T23/><D132/><U88/><E88/><V117/><F117/><W33/><G135/><T12/><D91/><U58/><E58/><V31/><F31/><RYUUKYOKU ba="0,2" sc="279,-15,239,15,184,15,278,-15" hai1="7,11,20,22,38,41,44,60,61,62,73,77,80" hai2="3,5,17,18,37,43,45,75,76,82,86,89,94" />
</Scene>
<Scene>
<INIT seed="5,1,2,2,3,87" ten="264,254,199,263" oya="1" hai0="14,13,127,82,19,109,119,105,90,10,132,31,99" hai1="38,124,84,89,5,79,71,33,102,60,116,21,76" hai2="37,7,45,94,36,131,123,40,92,22,73,118,133" hai3="32,121,77,134,120,66,34,9,125,96,98,110,27"/><U88/><E33/><V29/><F123/><W56/><G110/><T93/><D109/><U11/><E116/><V115/><F118/><W67/><G77/><T20/><D119/><U57/><E71/><V122/><F122/><W4/><G56/><T30/><D132/><U55/><E38/><V43/><F133/><W130/><G134/><T44/><D127/><U135/><E135/><V39/><F73/><W63/><G63/><T18/><D105/><U126/><E102/><V41/><F7/><W107/><G27/><T113/><D113/><U15/><E126/><V101/><F115/><W12/><G130/><T108/><D108/><U83/><E124/><V95/><F131/><W68/><G125/><T65/><D65/><N who="3" m="24585" /><G68/><T70/><D70/><U6/><E6/><V8/><F101/><N who="3" m="62887" /><G98/><T85/><D44/><U48/><E79/><AGARI ba="1,2" hai="10,13,14,18,19,20,30,31,79,82,85,90,93,99" machi="79" ten="30,3900,0" yaku="7,1,8,1,52,1" doraHai="87" who="0" fromWho="1" sc="264,62,254,-42,199,0,263,0" />
</Scene>
<Scene>
<INIT seed="6,0,0,0,1,32" ten="326,212,199,263" oya="2" hai0="122,2,14,42,86,60,11,5,41,10,83,128,88" hai1="135,113,131,33,115,119,80,91,82,15,57,68,100" hai2="0,84,123,95,39,87,64,36,1,132,65,20,35" hai3="55,99,44,13,31,114,108,127,117,49,71,121,43"/><V103/><F123/><W70/><G31/><T21/><D122/><U12/><E68/><N who="3" m="26154" /><G13/><N who="1" m="5194" /><E119/><V69/><F35/><W54/><G99/><T61/><D128/><U89/><E33/><V63/><F20/><W3/><G3/><T116/><D116/><U102/><E57/><V4/><F65/><W19/><G19/><T58/><D21/><U134/><E131/><V38/><F132/><N who="1" m="50729" /><E89/><V8/><REACH who="2" step="1"/><F0/><REACH who="2" ten="326,212,189,263" step="2"/><W118/><G121/><T59/><D2/><U81/><E91/><V72/><F72/><W111/><G118/><T34/><D34/><U79/><E79/><V40/><F40/><W27/><G43/><T17/><D42/><U52/><E52/><V24/><F24/><W94/><G27/><T78/><D41/><U28/><E28/><V29/><F29/><W7/><G117/><T76/><D76/><U106/><E106/><V126/><F126/><W120/><G127/><T112/><D78/><U9/><E9/><V104/><F104/><W51/><G120/><T98/><D10/><U47/><E47/><V46/><F46/><W18/><G55/><T129/><D129/><U107/><E107/><V130/><F130/><W23/><G54/><T45/><D45/><U48/><E48/><V50/><F50/><W25/><G44/><T92/><D11/><U133/><E133/><V97/><AGARI ba="0,1" hai="1,4,8,36,38,39,63,64,69,84,87,95,97,103" machi="97" ten="40,7800,0" yaku="1,1,0,1,52,1,53,0" doraHai="32" doraHaiUra="101" who="2" fromWho="2" sc="326,-26,212,-26,189,88,263,-26" />
</Scene>
<Scene>
<INIT seed="6,1,0,1,1,28" ten="300,186,277,237" oya="2" hai0="132,54,124,135,93,23,72,53,60,74,2,6,125" hai1="61,16,51,14,89,119,30,27,25,63,43,31,80" hai2="95,10,126,84,97,102,9,55,134,120,94,11,1" hai3="82,0,26,33,121,59,58,35,113,44,18,130,50"/><V34/><F34/><W111/><G121/><T66/><D23/><U116/><E43/><V99/><F120/><W87/><G111/><T67/><D93/><U45/><E119/><V110/><F110/><W19/><G0/><T117/><D6/><U77/><E116/><V85/><F126/><N who="0" m="48746" /><D117/><U103/><E103/><V20/><F134/><N who="0" m="51242" /><D2/><U64/><E89/><V56/><F1/><W49/><G113/><T37/><D37/><U104/><E104/><V92/><F20/><W48/><G35/><T76/><D76/><U105/><E105/><V129/><F102/><W57/><G33/><T36/><D36/><U128/><E31/><V62/><F97/><W52/><G19/><T5/><D5/><U7/><E7/><V29/><F29/><W22/><REACH who="3" step="1"/><G130/><REACH who="3" ten="300,186,277,227" step="2"/><T46/><D74/><U68/><E128/><V79/><F129/><W32/><G32/><T98/><D72/><U8/><E30/><V107/><F99/><W91/><AGARI ba="1,1" hai="18,22,26,44,48,49,50,52,57,58,59,82,87,91" machi="91" ten="30,12000,2" yaku="1,1,0,1,8,1,54,1,53,3" doraHai="28" doraHaiUra="47" who="3" fromWho="3" sc="300,-31,186,-31,277,-61,227,133" />
</Scene>
<Scene>
<INIT seed="7,0,0,3,2,122" ten="269,155,216,360" oya="3" hai0="78,1,93,35,29,46,113,63,28,110,27,89,68" hai1="18,133,58,5,76,31,127,130,12,128,114,108,61" hai2="64,8,9,112,88,13,30,15,17,43,99,83,117" hai3="86,0,101,132,119,77,85,91,107,14,54,131,4"/><W67/><G119/><T100/><D1/><U44/><E76/><V52/><F117/><W70/><G0/><T53/><D78/><U45/><E5/><V73/><F112/><W71/><G54/><T11/><D113/><U120/><E114/><V124/><F124/><W96/><G131/><N who="1" m="50218" /><E31/><V65/><F43/><W97/><G132/><T121/><D29/><U42/><E18/><N who="2" m="8487" /><F73/><W25/><G25/><T111/><D121/><U72/><E72/><V24/><F52/><W82/><G67/><T60/><D100/><U20/><E20/><N who="2" m="15623" /><F83/><W34/><G97/><T36/><D11/><U10/><E10/><V104/><F104/><W98/><G96/><T94/><D94/><AGARI ba="0,0" hai="9,15,17,64,65,88,94,99" m="15623,8487" machi="94" ten="30,2000,0" yaku="8,1,54,1" doraHai="122" who="2" fromWho="0" sc="269,-20,155,0,216,20,360,0" owari="249,5.0,155,-34.0,236,-16.0,360,45.0" />
</Scene>
</mjloggm>