<mjloggm ver="2.3"><GO type="169" lobby="0"/><UN n0="%E3%82%B9%E3%82%B1%E3%83%BC%E3%82%BF%E3%83%BC" n1="%E5%A4%AA%E3%81%8F%E3%81%AA%E3%81%84%E3%81%8A" n2="%E6%B0%B7%E6%B2%B3%E9%A2%A8" n3="%E3%81%8F%E3%83%BC%E3%82%84" dan="17,18,17,16" rate="2105.39,2178.85,2147.96,2120.47" sx="M,M,M,M"/><TAIKYOKU oya="0"/>

<Scene>
<INIT seed="0,0,0,3,4,73" ten="250,250,250,250" oya="0" hai0="30,19,91,49,101,5,6,29,132,14,109,120,15" hai1="106,13,99,85,0,116,83,87,54,125,115,58,79" hai2="134,36,9,64,62,129,117,22,70,35,75,102,130" hai3="3,24,119,48,94,123,88,50,133,80,127,71,112"/><T97/><D120/><U52/><E0/><V40/><F35/><W86/><G3/><T7/><D132/><U39/><E116/><V46/><F75/><W16/><G71/><T43/><D109/><U128/><E39/><V113/><F102/><W53/><G119/><T74/><D74/><U69/><E69/><V18/><F117/><W78/><G112/><T56/><D91/><U1/><E1/><V121/><F121/><W17/><G123/><T84/><D84/><U33/><E33/><V27/><F113/><W96/><G133/><T23/><D15/><U68/><E68/><V104/><F104/><W26/><G127/><T72/><D72/><U63/><E115/><V118/><F118/><W66/><G66/><T92/><REACH who="0" step="1"/><D56/><REACH who="0" ten="240,250,250,250" step="2"/><U47/><E13/><V31/><F134/><W34/><G50/><T20/><D20/><U42/><E85/><V124/><F124/><W135/><G135/><T82/><D82/><U45/><E125/><V44/><F22/><W32/><G32/><T67/><D67/><U51/><E87/><V93/><F64/><W110/><G110/><T37/><D37/><U10/><E83/><V100/><F36/><W126/><G126/><T103/><D103/><U65/><E65/><V4/><F100/><W61/><G61/><T89/><D89/><U95/><E63/><V11/><F62/><W77/><G34/><T131/><D131/><U25/><E128/><V57/><F70/><W76/><G26/><T28/><D28/><U21/><E25/><V2/><F130/><W108/><G108/><T38/><D38/><N who="1" m="21719" /><E58/><V81/><F57/><RYUUKYOKU ba="0,1" sc="240,30,250,-10,250,-10,250,-10" hai0="5,6,7,14,19,23,29,30,43,49,92,97,101" />
</Scene>
<Scene>
<INIT seed="0,1,1,3,1,77" ten="270,240,240,240" oya="0" hai0="12,1,102,6,47,88,64,97,81,16,115,93,90" hai1="84,101,98,60,44,92,99,51,109,87,128,30,7" hai2="21,65,122,67,33,4,132,104,78,107,91,75,19" hai3="17,116,83,25,133,113,111,68,117,71,52,35,106"/><T82/><D115/><U73/><E73/><V43/><F122/><W18/><G106/><T34/><D34/><U3/><E109/><V103/><F33/><W127/><G113/><T74/><D74/><U56/><E128/><V100/><F4/><W121/><G111/><T15/><D1/><U118/><E118/><V11/><F11/><W39/><G39/><T40/><D64/><U10/><E30/><V129/><F43/><W42/><G42/><T66/><D66/><U131/><E131/><V0/><F0/><W110/><G110/><T38/><D15/><U37/><E37/><V14/><F129/><W63/><G25/><T62/><D62/><U96/><E84/><V108/><F108/><W50/><G63/><T32/><D6/><U79/><E79/><V13/><F91/><W114/><G50/><N who="0" m="26983" /><D32/><U5/><E5/><V9/><F132/><W54/><G133/><T125/><D125/><U76/><E51/><V112/><F112/><W89/><G35/><T61/><D61/><U46/><E46/><V69/><F69/><W45/><G114/><T36/><D36/><U31/><E44/><V72/><F78/><W124/><G45/><T8/><D38/><U85/><E76/><V2/><F2/><W29/><G121/><T24/><D24/><U135/><E135/><V20/><F9/><W70/><G70/><T58/><D58/><U53/><E3/><V94/><F19/><W49/><G117/><T27/><D27/><U57/><E31/><V28/><F28/><W120/><G116/><T59/><D59/><U41/><E41/><V80/><F75/><RYUUKYOKU ba="1,1" sc="270,30,240,-10,240,-10,240,-10" hai0="8,12,16,81,82,88,90,93,97,102" />
</Scene>
<Scene>
<INIT seed="0,2,1,1,0,29" ten="300,230,230,230" oya="0" hai0="117,3,113,8,75,69,57,24,1,26,82,106,35" hai1="6,36,128,73,85,17,96,90,103,126,76,38,127" hai2="115,2,67,101,12,78,42,37,11,107,94,89,100" hai3="41,31,87,109,64,5,39,47,125,120,132,0,133"/><T70/><D117/><U52/><E6/><V79/><F115/><W59/><G125/><N who="1" m="47626" /><E76/><V112/><F2/><N who="0" m="522" /><D113/><U10/><E73/><V30/><F112/><W34/><G120/><T102/><D8/><U51/><E128/><V65/><F30/><W99/><G109/><T88/><D57/><N who="1" m="32927" /><E17/><V129/><F129/><W116/><G116/><T13/><D13/><U72/><E72/><V84/><F37/><W121/><G121/><T60/><D60/><U77/><E77/><N who="2" m="29195" /><F42/><W58/><G64/><N who="2" m="24649" /><F107/><W46/><G31/><N who="0" m="19943" /><D75/><U93/><E10/><V21/><F21/><W56/><G5/><AGARI ba="2,1" hai="5,11,12,84,89,94,100,101" m="24649,29195" machi="5" ten="30,1000,0" yaku="8,1" doraHai="29" who="2" fromWho="3" sc="300,0,230,0,230,26,230,-16" />
</Scene>
<Scene>
<INIT seed="1,0,0,3,5,85" ten="300,230,256,214" oya="1" hai0="130,9,102,94,64,126,63,77,36,34,98,65,40" hai1="97,37,80,100,44,45,88,62,101,10,67,38,119" hai2="3,103,47,8,31,95,25,135,131,54,28,125,57" hai3="68,83,14,0,61,5,58,15,66,87,72,118,24"/><U48/><E119/><V1/><F135/><W74/><G118/><T86/><D34/><U7/><E45/><V124/><F131/><W133/><G133/><T106/><D130/><U104/><E100/><V112/><F47/><W46/><G0/><N who="2" m="73" /><F8/><W113/><G113/><T42/><D126/><N who="2" m="48746" /><F112/><W89/><G46/><T91/><D9/><U73/><E73/><V50/><F25/><W11/><G15/><T43/><D36/><U107/><E107/><V123/><F123/><W82/><G24/><T4/><D4/><U78/><E10/><V21/><F21/><W75/><REACH who="3" step="1"/><G68/><REACH who="3" ten="300,230,256,204" step="2"/><T69/><D43/><U22/><E38/><V121/><F121/><W49/><G49/><T27/><D27/><U105/><E37/><V53/><F50/><W13/><G13/><T2/><D2/><U84/><E48/><V71/><F71/><W41/><G41/><T111/><D42/><U70/><E44/><V99/><F57/><W59/><G59/><T115/><D40/><U92/><E7/><V114/><F114/><W129/><G129/><T35/><D115/><U16/><E101/><V33/><F103/><W23/><G23/><T108/><D102/><U32/><E32/><V30/><F33/><W18/><G18/><T60/><D35/><U79/><E79/><AGARI ba="0,1" hai="5,11,14,58,61,66,72,74,75,79,82,83,87,89" machi="79" ten="40,2600,0" yaku="1,1,52,1,53,0" doraHai="85" doraHaiUra="39" who="3" fromWho="1" sc="300,0,230,-26,256,0,204,36" />
</Scene>
<Scene>
<INIT seed="2,0,0,5,1,43" ten="300,204,256,240" oya="2" hai0="105,91,61,22,103,30,13,34,3,89,28,125,121" hai1="55,112,9,106,74,0,39,18,129,96,14,117,71" hai2="100,124,41,68,46,95,58,57,10,134,72,77,73" hai3="69,133,62,79,83,45,56,122,78,81,40,94,15"/><V93/><F68/><W32/><G69/><T90/><D3/><U132/><RYUUKYOKU type="yao9" ba="0,0" sc="300,0,204,0,256,0,240,0" hai1="0,9,14,18,39,55,71,74,96,106,112,117,129,132" />
</Scene>
<Scene>
<INIT seed="2,1,0,2,5,40" ten="300,204,256,240" oya="2" hai0="30,134,36,12,107,49,72,37,126,94,11,106,26" hai1="127,61,80,55,7,87,68,132,42,99,98,118,100" hai2="96,64,78,102,120,74,117,19,125,79,97,115,103" hai3="38,82,28,59,81,101,52,113,39,21,62,63,57"/><V130/><F117/><W70/><G70/><T23/><D72/><U93/><E118/><V65/><F115/><W123/><G123/><T43/><D126/><U111/><E127/><V20/><F125/><W69/><G69/><T73/><D73/><U108/><E42/><V0/><F0/><W71/><G71/><T92/><D134/><U1/><E132/><V9/><F9/><W90/><G101/><N who="2" m="38409" /><F74/><W110/><G110/><N who="1" m="42026" /><E99/><N who="2" m="37963" /><F130/><W13/><G113/><T85/><D37/><U2/><E7/><V34/><F34/><W16/><G28/><T33/><D36/><U88/><E55/><V105/><F105/><W91/><G39/><T50/><D33/><U45/><E45/><V41/><F41/><W67/><G38/><T119/><D119/><U4/><E4/><V3/><F3/><W6/><G6/><N who="0" m="3191" /><D107/><U32/><E32/><V44/><F120/><W51/><G63/><T128/><D106/><U95/><E95/><V109/><F44/><W31/><G31/><T135/><D135/><U77/><E100/><V112/><F112/><W53/><G67/><AGARI ba="1,0" hai="1,2,61,67,68,77,80,87,88,93,98" m="42026" machi="67" ten="30,2000,0" yaku="14,1,54,1" doraHai="40" who="1" fromWho="3" sc="300,0,204,23,256,0,240,-23" />
</Scene>
<Scene>
<INIT seed="3,0,0,5,4,128" ten="300,227,256,217" oya="3" hai0="91,4,19,34,127,7,93,32,134,119,50,42,39" hai1="79,97,71,10,46,13,95,53,18,116,45,89,125" hai2="112,114,3,44,132,81,14,113,49,51,98,102,61" hai3="54,56,29,122,8,66,92,60,59,99,5,88,2"/><W33/><G122/><T63/><D119/><U68/><E116/><V94/><F3/><W24/><REACH who="3" step="1"/><G54/><REACH who="3" ten="300,227,256,207" step="2"/><T11/><D127/><U109/><E125/><V118/><F118/><W36/><G36/><T111/><D39/><U78/><E53/><V47/><F114/><W12/><G12/><T74/><D111/><U84/><E109/><V107/><F113/><W20/><G20/><T87/><D34/><U52/><E52/><V0/><F112/><W121/><G121/><T82/><D32/><U41/><E13/><V130/><F0/><W90/><G90/><T103/><D91/><U135/><E89/><V17/><F130/><W86/><G86/><T96/><D87/><U124/><E84/><V72/><F14/><W83/><G83/><T62/><D82/><U123/><E124/><V133/><F81/><W120/><G120/><T37/><D37/><U26/><E123/><V106/><F72/><W25/><G25/><T27/><D27/><U21/><E26/><V131/><F131/><W40/><G40/><T73/><D74/><U85/><E41/><V28/><F102/><W65/><G65/><T16/><D73/><U115/><E115/><V69/><F98/><W105/><G105/><T55/><D42/><U6/><E97/><V64/><F106/><W129/><G129/><T15/><D55/><U67/><E85/><V23/><F107/><W110/><G110/><T38/><D38/><U1/><E1/><V104/><F104/><W30/><G30/><T48/><D103/><U75/><E75/><V77/><F28/><W43/><G43/><T108/><D96/><RYUUKYOKU ba="0,1" sc="300,-10,227,-10,256,-10,207,30" hai3="2,5,8,24,29,33,56,59,60,66,88,92,99" />
</Scene>
<Scene>
<INIT seed="3,1,1,3,3,76" ten="290,217,246,237" oya="3" hai0="100,36,23,115,78,1,58,105,55,46,74,7,114" hai1="70,5,53,123,134,47,4,0,94,113,125,102,27" hai2="8,31,3,85,9,73,81,6,59,130,42,83,67" hai3="99,30,107,108,66,48,87,132,71,104,75,25,68"/><W63/><G75/><T33/><D33/><U89/><E123/><V124/><F130/><W17/><G132/><T52/><D23/><U11/><E113/><N who="0" m="43017" /><D58/><U84/><E70/><V40/><F124/><W29/><G108/><T103/><D7/><U120/><E120/><V54/><F67/><W2/><G2/><T34/><D34/><U64/><E64/><V118/><F118/><W50/><G71/><T62/><D62/><U10/><E125/><V21/><F9/><W28/><G87/><T119/><D1/><U51/><E134/><V39/><F21/><W96/><G17/><T127/><D119/><U69/><E69/><V117/><F31/><W35/><G29/><T88/><D88/><U22/><E5/><V93/><F117/><W106/><G30/><T86/><D86/><U13/><E10/><V37/><F73/><W110/><G110/><T101/><D105/><U77/><E0/><V95/><F85/><W19/><REACH who="3" step="1"/><G19/><REACH who="3" ten="290,217,246,227" step="2"/><T72/><D127/><U97/><E77/><V65/><F3/><W12/><G12/><T129/><D74/><U57/><E27/><V14/><F14/><W135/><G135/><T133/><D133/><U98/><E84/><V112/><F112/><W38/><G38/><T126/><D126/><U80/><E13/><V24/><F39/><W45/><G45/><T49/><D36/><U15/><E47/><V111/><F37/><W128/><G128/><T41/><D129/><U32/><E15/><V20/><F111/><W56/><G56/><T122/><D122/><U82/><E57/><V131/><F59/><W121/><G121/><RYUUKYOKU ba="1,2" sc="290,15,217,-15,246,-15,227,15" hai0="41,46,49,52,55,72,78,100,101,103" hai3="25,28,35,48,50,63,66,68,96,99,104,106,107" />
</Scene>
<Scene>
<INIT seed="3,2,2,3,0,9" ten="305,202,231,242" oya="3" hai0="102,24,85,86,76,50,37,101,80,40,103,38,91" hai1="1,62,15,100,11,29,65,47,122,55,115,32,132" hai2="82,79,61,84,112,44,99,109,31,51,26,120,56" hai3="75,12,119,96,48,123,88,60,33,106,104,45,39"/><W118/><G123/><T73/><D73/><U13/><E122/><V46/><F120/><W21/><G33/><T5/><D5/><U87/><E115/><V121/><F112/><W81/><G39/><T14/><D24/><U52/><E132/><V90/><F121/><W135/><G135/><T18/><D50/><U98/><E1/><V23/><F109/><W77/><G60/><T69/><D69/><U36/><E87/><V68/><F68/><W111/><G111/><T110/><D40/><U129/><E129/><V57/><F51/><W35/><G35/><T2/><D2/><U27/><E36/><V17/><F31/><W97/><G97/><T95/><REACH who="0" step="1"/><D110/><REACH who="0" ten="295,202,231,242" step="2"/><U59/><E47/><N who="2" m="17963" /><F61/><W71/><G71/><T6/><D6/><U30/><E30/><V10/><F57/><W4/><G4/><T28/><D28/><U126/><E126/><V74/><F56/><W19/><G119/><T89/><D89/><U117/><E117/><V25/><F74/><W42/><G118/><T107/><D107/><U108/><E108/><V41/><F26/><W133/><G133/><T16/><D16/><U83/><E27/><V127/><F41/><W54/><REACH who="3" step="1"/><G42/><REACH who="3" ten="295,202,231,232" step="2"/><T130/><D130/><U125/><E32/><V116/><F116/><W70/><G70/><T20/><AGARI ba="2,4" hai="14,18,20,37,38,76,80,85,86,91,95,101,102,103" machi="20" ten="30,4000,0" yaku="1,1,0,1,52,1,53,0" doraHai="9" doraHaiUra="93" who="0" fromWho="0" sc="295,86,202,-12,231,-12,232,-22" />
</Scene>
<Scene>
<INIT seed="4,0,0,0,5,120" ten="381,190,219,210" oya="0" hai0="130,11,86,31,18,99,112,133,56,125,77,29,82" hai1="5,58,48,43,64,78,45,101,73,38,96,49,7" hai2="67,93,33,23,108,52,127,128,111,100,123,68,124" hai3="71,42,59,122,27,76,36,104,85,44,35,90,57"/><T0/><D112/><U22/><E22/><V81/><F123/><W79/><G104/><T53/><D125/><N who="2" m="48202" /><F33/><W41/><G71/><T94/><D130/><U3/><E5/><V13/><F128/><W62/><G122/><T40/><D40/><U106/><E58/><V110/><F81/><W117/><G117/><T114/><D133/><U80/><REACH who="1" step="1"/><E64/><REACH who="1" ten="381,180,219,210" step="2"/><V6/><F6/><W55/><G59/><T20/><D20/><U17/><E17/><N who="2" m="10671" /><F52/><W107/><G55/><T70/><D53/><U135/><E135/><V51/><F51/><W84/><G57/><T28/><D56/><U16/><E16/><V126/><F126/><W25/><G62/><T1/><D18/><U103/><E103/><V74/><F74/><W66/><G66/><T54/><D54/><U132/><E132/><V116/><F116/><W21/><G21/><T102/><D102/><U87/><E87/><V75/><F75/><W91/><G36/><T2/><D86/><U50/><E50/><V60/><F100/><W34/><REACH who="3" step="1"/><G44/><REACH who="3" ten="381,180,219,200" step="2"/><T4/><D70/><U88/><E88/><V105/><F105/><W65/><G65/><T26/><D77/><U37/><E37/><V118/><F118/><W129/><G129/><T24/><D99/><U83/><E83/><V63/><F63/><W14/><G14/><T69/><D82/><U121/><E121/><V119/><F119/><W109/><G109/><T115/><D69/><U30/><E30/><V134/><F134/><W98/><G98/><T32/><D28/><U131/><E131/><V113/><F113/><W89/><G89/><T39/><D114/><RYUUKYOKU ba="0,2" sc="381,-30,180,10,219,10,200,10" hai1="3,7,38,43,45,48,49,73,78,80,96,101,106" hai2="60,67,68,93,108,110,111" hai3="25,27,34,35,41,42,76,79,84,85,90,91,107" />
</Scene>
<Scene>
<INIT seed="5,1,2,5,4,118" ten="351,190,229,210" oya="1" hai0="86,78,84,80,65,96,26,39,49,52,4,90,87" hai1="67,115,27,112,127,106,47,30,77,17,107,70,89" hai2="101,16,60,9,82,99,10,36,61,32,2,35,14" hai3="73,34,23,110,113,57,105,128,48,6,95,109,133"/><U97/><E127/><V12/><F36/><W58/><G34/><T103/><D39/><U117/><E117/><V75/><BYE who="1" /><F2/><W72/><G105/><T129/><D129/><U119/><E119/><V50/><F50/><UN n1="%E5%A4%AA%E3%81%8F%E3%81%AA%E3%81%84%E3%81%8A" /><W41/><G128/><T100/><D65/><U40/><E17/><V104/><F32/><W62/><G113/><N who="1" m="43594" /><E107/><BYE who="1" /><V66/><F35/><W131/><G133/><T122/><D122/><U120/><E120/><V76/><REACH who="2" step="1"/><F66/><REACH who="2" ten="351,190,219,210" step="2"/><W22/><G131/><T81/><D49/><U54/><E54/><V64/><F64/><W135/><G48/><T74/><D52/><U21/><E21/><V46/><F46/><W68/><G23/><T69/><D69/><U18/><E18/><AGARI ba="1,3" hai="9,10,12,14,16,18,60,61,75,76,82,99,101,104" machi="18" ten="30,12000,2" yaku="1,1,7,1,9,1,54,1,53,2" doraHai="118" doraHaiUra="59" who="2" fromWho="1" sc="351,0,190,-123,219,153,210,0" />
</Scene>
<Scene>
<INIT seed="6,0,0,3,2,108" ten="351,67,372,210" oya="2" hai0="7,109,122,114,59,104,89,42,134,53,5,125,97" hai1="100,57,58,98,72,9,4,13,49,10,81,67,119" hai2="83,22,75,70,60,52,44,41,31,127,130,34,105" hai3="73,2,86,35,128,18,45,80,76,56,90,6,36"/><V93/><F105/><W8/><G35/><T115/><D109/><UN n1="%E5%A4%AA%E3%81%8F%E3%81%AA%E3%81%84%E3%81%8A" /><U50/><E119/><V129/><F34/><W120/><G120/><T121/><D42/><U12/><E72/><V21/><F127/><W79/><G128/><N who="2" m="49257" /><F93/><W1/><G79/><T118/><D125/><U62/><E81/><V43/><F31/><W95/><G56/><T107/><D118/><U51/><E58/><N who="2" m="34887" /><F70/><W65/><G65/><T28/><D28/><U24/><E24/><V133/><F133/><W101/><G18/><T37/><D134/><U113/><E113/><N who="0" m="43017" /><D37/><U69/><E69/><V48/><F43/><W126/><G126/><T3/><D89/><U99/><REACH who="1" step="1"/><E100/><REACH who="1" ten="351,57,372,210" step="2"/><V112/><F112/><W123/><G101/><N who="0" m="62511" /><D107/><U88/><E88/><V87/><F75/><W92/><G73/><T94/><D94/><U135/><E135/><V27/><F27/><W111/><G92/><T29/><D29/><U85/><E85/><V30/><F30/><W19/><G95/><T106/><D106/><U61/><E61/><V38/><F38/><W26/><G86/><T23/><D23/><U54/><E54/><V0/><F21/><W77/><G36/><T103/><D103/><U124/><E124/><V33/><F22/><W102/><G111/><T20/><D20/><U96/><E96/><V132/><F132/><W110/><G102/><T71/><D71/><U131/><E131/><V32/><F32/><W84/><G90/><T15/><D122/><U14/><E14/><V91/><F33/><W46/><G123/><T116/><D121/><U55/><E55/><V68/><F68/><W64/><G110/><RYUUKYOKU ba="0,1" sc="351,-15,57,15,372,15,210,-15" hai1="4,9,10,12,13,49,50,51,57,62,67,98,99" hai2="0,41,44,48,83,87,91" />
</Scene>
<Scene>
<INIT seed="6,1,1,2,0,49" ten="336,72,387,195" oya="2" hai0="14,24,105,3,52,40,103,122,123,104,101,66,109" hai1="119,96,7,65,83,131,72,29,92,90,0,22,54" hai2="21,5,91,127,57,6,99,45,63,1,39,73,60" hai3="107,62,93,35,47,9,38,97,8,81,106,79,94"/><V56/><F73/><W69/><G35/><T32/><D3/><U100/><E119/><V50/><F39/><W108/><G108/><T42/><D109/><U4/><E131/><V44/><F127/><W129/><G129/><T126/><D66/><U36/><E36/><V70/><F70/><W118/><G118/><T74/><D74/><U34/><E34/><V23/><F1/><W31/><G31/><T135/><D14/><U86/><E65/><V25/><F99/><W59/><G69/><T19/><D32/><U2/><E2/><V95/><F95/><W134/><G47/><N who="2" m="17993" /><F91/><W102/><G38/><T10/><D126/><U115/><E115/><V120/><F120/><W124/><G124/><T48/><D105/><U26/><E0/><V30/><F23/><W78/><G134/><T67/><D104/><U133/><E133/><V89/><F89/><W37/><G37/><T88/><D88/><U77/><REACH who="1" step="1"/><E54/><REACH who="1" ten="336,62,387,195" step="2"/><N who="2" m="31831" /><F63/><W55/><G107/><AGARI ba="1,2" hai="4,7,22,26,29,72,77,83,86,90,92,96,100,107" machi="107" ten="30,7700,0" yaku="1,1,7,1,24,2,53,0" doraHai="49" doraHaiUra="64" who="1" fromWho="3" sc="336,0,62,100,387,0,195,-80" />
</Scene>
<Scene>
<INIT seed="7,0,0,4,5,116" ten="336,162,387,115" oya="3" hai0="81,50,91,113,33,61,7,115,99,86,134,73,122" hai1="42,102,121,38,21,57,128,132,92,114,41,37,96" hai2="76,51,112,29,43,82,44,24,74,1,59,11,107" hai3="23,129,63,117,75,16,120,56,131,22,10,58,78"/><W6/><G120/><T12/><D33/><U35/><E35/><V126/><F107/><W31/><G117/><T8/><D134/><U49/><E121/><V66/><F112/><N who="0" m="43082" /><D73/><U25/><E114/><V118/><F118/><W30/><G78/><T103/><D50/><U101/><E132/><V14/><F1/><N who="3" m="335" /><G75/><T26/><D26/><U124/><E128/><N who="3" m="49226" /><G23/><T133/><D61/><U80/><E124/><V13/><F126/><W100/><G100/><T0/><D0/><U88/><E38/><V69/><F69/><W79/><G79/><T77/><D133/><U90/><E37/><V68/><F68/><W105/><G105/><N who="0" m="63743" /><D77/><U127/><E127/><V87/><F74/><W71/><G71/><T67/><D67/><U34/><E34/><V125/><F125/><W5/><G5/><T111/><D111/><U39/><E39/><V93/><F66/><N who="3" m="39271" /><G58/><T4/><D7/><U15/><E21/><N who="2" m="15503" /><F59/><W83/><G83/><T54/><D54/><N who="1" m="31951" /><E15/><AGARI ba="0,0" hai="15,16,22,30,31" m="39271,49226,335" machi="15" ten="30,2900,0" yaku="19,1,54,1" doraHai="116" who="3" fromWho="1" sc="336,0,162,-29,387,0,115,29" />
</Scene>
<Scene>
<INIT seed="7,1,0,5,0,83" ten="336,133,387,144" oya="3" hai0="34,87,50,8,38,20,35,118,27,49,111,91,97" hai1="31,79,10,29,122,135,61,40,92,44,16,47,129" hai2="28,54,110,74,25,19,128,69,30,72,80,45,88" hai3="108,105,95,48,57,133,36,75,73,59,21,84,89"/><W106/><G36/><T52/><D38/><U134/><E122/><V63/><F110/><W71/><G71/><T6/><D111/><U64/><E129/><V41/><F128/><W131/><G108/><T127/><D97/><U56/><E79/><V103/><F103/><W116/><G131/><T132/><D50/><N who="1" m="26887" /><E47/><V5/><F5/><W62/><G116/><T60/><D60/><U55/><E64/><V12/><F30/><W107/><G133/><N who="1" m="50698" /><E92/><V113/><F45/><W37/><G37/><T11/><D127/><U67/><E67/><V46/><F46/><W124/><G124/><T9/><D6/><U86/><E86/><V51/><F51/><W94/><G94/><T93/><D118/><U42/><E42/><V120/><F12/><AGARI ba="1,0" hai="10,12,16,29,31,55,56,61" m="50698,26887" machi="12" ten="30,2000,0" yaku="20,1,54,1" doraHai="83" who="1" fromWho="2" sc="336,0,133,23,387,-23,144,0" owari="336,14.0,156,-24.0,364,46.0,144,-36.0" />
</Scene>
</mjloggm>