<mjloggm ver="2.3"><GO type="169" lobby="0"/><UN n0="%E3%81%8F%E3%82%89%E3%81%BF%E3%81%98%E3%81%82" n1="%E5%A4%96%E9%81%93" n2="%E5%A4%AA%E3%81%8F%E3%81%AA%E3%81%84%E3%81%8A" n3="%E3%82%AB%E3%83%9C%E3%83%81%E3%83%A3%E3%82%BF%E3%83%8D" dan="16,17,18,17" rate="2156.12,2168.25,2254.98,2200.56" sx="M,M,M,M"/><TAIKYOKU oya="0"/>

<Scene>
<INIT seed="0,0,0,1,5,128" ten="250,250,250,250" oya="0" hai0="42,80,53,110,47,2,118,34,109,20,83,28,79" hai1="111,58,96,50,134,91,29,52,100,40,98,88,117" hai2="95,105,82,32,24,125,119,9,101,97,37,12,36" hai3="18,41,31,45,78,0,23,114,131,15,69,62,133"/><T11/><D118/><U5/><E117/><V4/><F119/><W21/><G114/><T19/><D53/><U135/><E111/><N who="0" m="42505" /><D28/><U86/><E5/><V74/><F125/><W13/><G131/><T56/><D56/><U57/><E29/><V63/><F32/><W26/><G0/><T112/><D34/><U70/><E70/><V38/><F24/><W126/><G126/><T85/><D83/><U17/><E17/><V30/><F30/><W130/><G130/><T99/><D99/><U16/><E16/><V59/><F82/><W115/><G115/><T87/><D112/><U123/><E123/><V102/><F74/><W132/><G78/><T124/><D124/><U61/><E40/><V72/><F72/><W68/><G15/><N who="0" m="9343" /><D11/><U46/><E96/><V73/><F73/><W89/><G89/><T49/><D2/><U76/><E76/><V94/><REACH who="2" step="1"/><F102/><REACH who="2" ten="250,250,240,250" step="2"/><W121/><G121/><T33/><D33/><U6/><E100/><V22/><F22/><W48/><G62/><T43/><D85/><U65/><E86/><V108/><F108/><W116/><REACH who="3" step="1"/><G116/><REACH who="3" ten="250,250,240,240" step="2"/><T60/><D79/><U1/><E98/><V64/><AGARI ba="0,2" hai="4,9,12,36,37,38,59,63,64,94,95,97,101,105" machi="64" ten="30,4000,0" yaku="1,1,0,1,53,1" doraHai="128" doraHaiUra="92" who="2" fromWho="2" sc="250,-20,250,-10,240,60,240,-10" />
</Scene>
<Scene>
<INIT seed="1,0,0,1,4,71" ten="230,240,300,230" oya="1" hai0="72,112,13,123,132,20,55,2,70,134,7,96,39" hai1="60,118,130,43,131,15,64,97,24,0,73,85,80" hai2="23,33,21,16,103,30,110,11,120,65,79,82,40" hai3="41,101,133,28,78,5,119,49,26,74,108,62,67"/><U92/><E0/><V29/><F120/><W9/><G108/><T63/><D112/><U27/><E73/><V34/><F65/><W125/><G125/><T128/><D2/><U104/><E104/><V69/><F69/><W48/><G133/><T4/><D72/><U124/><E124/><V105/><F40/><W17/><G17/><T115/><D115/><U98/><E118/><V84/><F110/><W93/><G119/><T10/><D123/><U114/><E114/><V12/><F33/><W91/><G101/><T129/><D7/><U75/><E75/><V95/><F105/><W113/><G41/><T44/><D20/><N who="2" m="7754" /><F34/><W102/><G78/><T77/><D77/><U1/><E1/><V81/><F81/><W76/><G76/><T54/><D96/><AGARI ba="0,0" hai="11,12,16,29,30,79,82,84,95,96,103" m="7754" machi="96" ten="30,2000,0" yaku="8,1,54,1" doraHai="71" who="2" fromWho="0" sc="230,-20,240,0,300,20,230,0" />
</Scene>
<Scene>
<INIT seed="2,0,0,1,1,28" ten="210,240,320,230" oya="2" hai0="29,115,134,98,27,124,81,114,52,17,131,43,62" hai1="73,66,84,122,50,70,118,85,116,113,19,88,86" hai2="112,20,65,34,0,51,93,79,64,25,72,30,127" hai3="89,97,10,99,126,44,54,119,121,3,91,69,24"/><V110/><F112/><W2/><G119/><T80/><D124/><U77/><E113/><V117/><F117/><W40/><G69/><T68/><D131/><U56/><E70/><V36/><F36/><W92/><G121/><T22/><D43/><U46/><E122/><V107/><F107/><W58/><G126/><T38/><D38/><U94/><E73/><V109/><F127/><W18/><G44/><T120/><D120/><U74/><E74/><V78/><F0/><W132/><G40/><T133/><D98/><U7/><E7/><V53/><F93/><W33/><G132/><N who="0" m="50795" /><D17/><U95/><E77/><N who="2" m="29195" /><F20/><W23/><G10/><T59/><D68/><U9/><E116/><V45/><F72/><W14/><G99/><T123/><D123/><U11/><E118/><V13/><F13/><W104/><G104/><T105/><D105/><U96/><E95/><V55/><F55/><W32/><G89/><T125/><D125/><U111/><E111/><AGARI ba="0,0" hai="25,30,34,45,51,53,64,65,109,110,111" m="29195" machi="111" ten="30,5800,0" yaku="14,1,10,1,52,1" doraHai="28" who="2" fromWho="1" sc="210,0,240,-58,320,58,230,0" />
</Scene>
<Scene>
<INIT seed="2,1,0,4,1,48" ten="210,182,378,230" oya="2" hai0="29,83,134,12,76,58,94,122,37,26,5,71,132" hai1="118,112,87,46,2,106,85,108,72,63,69,57,110" hai2="1,92,91,116,0,123,81,50,101,43,36,49,67" hai3="125,56,62,54,80,27,121,34,107,42,3,17,41"/><V135/><F116/><W93/><G107/><T68/><D37/><U115/><E72/><V97/><F123/><W8/><G121/><T102/><D122/><U39/><E118/><V31/><F135/><W13/><G125/><T78/><D5/><U32/><E32/><V105/><F67/><W10/><G80/><T127/><D12/><U75/><E75/><V114/><F114/><W90/><G3/><T19/><D19/><U51/><E106/><V38/><F31/><W73/><G73/><T103/><D127/><U99/><E99/><V104/><F81/><W18/><G34/><T98/><D102/><U82/><E2/><V55/><F49/><W6/><G6/><T111/><D111/><N who="1" m="42539" /><E87/><V33/><F33/><W120/><G120/><T130/><D78/><N who="1" m="46295" /><E69/><V117/><F117/><W14/><G27/><T23/><D71/><U47/><E47/><V86/><F104/><W74/><G74/><T21/><D68/><U79/><E79/><V40/><F0/><W59/><G56/><T128/><D58/><U84/><E84/><AGARI ba="1,0" hai="8,10,13,14,17,18,41,42,54,59,62,84,90,93" machi="84" ten="30,7700,0" yaku="7,1,9,1,8,1,52,1" doraHai="48" who="3" fromWho="1" sc="210,0,182,-80,378,0,230,80" />
</Scene>
<Scene>
<INIT seed="3,0,0,3,3,19" ten="210,102,378,310" oya="3" hai0="107,61,88,95,76,56,32,58,26,77,24,127,55" hai1="125,49,86,14,18,64,29,16,79,70,4,102,40" hai2="93,73,28,111,52,22,3,6,113,91,51,37,48" hai3="66,43,123,31,133,21,116,60,101,62,72,92,132"/><W30/><G72/><T89/><D107/><U82/><E125/><V106/><F37/><W68/><G116/><T85/><D127/><U44/><E102/><V87/><F113/><W69/><G123/><T59/><D32/><U9/><REACH who="1" step="1"/><E29/><REACH who="1" ten="210,92,378,310" step="2"/><V38/><F28/><W1/><G31/><T98/><D77/><U63/><AGARI ba="0,1" hai="4,9,14,16,18,40,44,49,63,64,70,79,82,86" machi="63" ten="30,12000,2" yaku="1,1,2,1,0,1,25,2,54,1,53,0" doraHai="19" doraHaiUra="50" who="1" fromWho="1" sc="210,-30,92,130,378,-30,310,-60" />
</Scene>
<Scene>
<INIT seed="4,0,0,5,5,18" ten="180,222,348,250" oya="0" hai0="14,41,108,125,100,33,124,23,120,107,87,35,118" hai1="127,81,4,68,64,36,59,72,37,91,113,5,98" hai2="66,11,15,85,84,130,62,132,55,69,57,78,60" hai3="9,70,112,73,111,129,34,13,7,95,63,2,90"/><T122/><D118/><U134/><E127/><N who="0" m="48713" /><D41/><U43/><E134/><V25/><F132/><W128/><G111/><T24/><D108/><U99/><E68/><V30/><F78/><W51/><G73/><T53/><D14/><U76/><E113/><V101/><F101/><W83/><G34/><N who="0" m="12811" /><D87/><U135/><E135/><V67/><F55/><W58/><G83/><T109/><D109/><U48/><E43/><V8/><F130/><W71/><G13/><T121/><D53/><U114/><E114/><V133/><F133/><W26/><G26/><T16/><D100/><U49/><E37/><V54/><F54/><N who="3" m="34263" /><G51/><T97/><D97/><U10/><E36/><V93/><F8/><W102/><G102/><T119/><D119/><U12/><E99/><V110/><F110/><W92/><G112/><T56/><D56/><U46/><E98/><V1/><F15/><W50/><G50/><T32/><N who="0" m="12819" /><T94/><DORA hai="79" /><D94/><U22/><E59/><V74/><F93/><W80/><G95/><T21/><D21/><U45/><E22/><N who="2" m="15671" /><F85/><N who="3" m="50471" /><G92/><T52/><D52/><U117/><E117/><V47/><F84/><W123/><G128/><T96/><D96/><U103/><E103/><V116/><F116/><W104/><G129/><T39/><D39/><U82/><E49/><V115/><F115/><W6/><G9/><T86/><D86/><N who="1" m="50639" /><E48/><V105/><F11/><W106/><G71/><T131/><D131/><U89/><E10/><V42/><F69/><W17/><G70/><T65/><D65/><U31/><E64/><V19/><F66/><W126/><G126/><T29/><D107/><RYUUKYOKU ba="0,0" sc="180,30,222,-10,348,-10,250,-10" hai0="16,23,24,29,120,121,122" />
</Scene>
<Scene>
<INIT seed="4,1,0,4,3,45" ten="210,212,338,240" oya="0" hai0="52,123,121,81,63,84,80,69,124,87,47,48,46" hai1="33,49,107,78,110,57,112,94,58,12,40,39,132" hai2="114,19,14,62,113,64,18,25,128,129,126,83,70" hai3="133,17,135,34,120,59,91,99,30,98,115,28,130"/><T71/><D124/><U4/><E33/><V96/><F126/><W36/><G36/><T50/><REACH who="0" step="1"/><D52/><REACH who="0" ten="200,212,338,240" step="2"/><U106/><E40/><V27/><F128/><W6/><G130/><T26/><D26/><U79/><E110/><V9/><F25/><W74/><G135/><T56/><D56/><U66/><E57/><V15/><F27/><W67/><G59/><T5/><D5/><U31/><E132/><V7/><F7/><W134/><G6/><T61/><AGARI ba="1,1" hai="46,47,48,50,61,63,69,71,80,81,84,87,121,123" machi="61" ten="25,18000,2" yaku="1,1,0,1,22,2,52,2,53,0" doraHai="45" doraHaiUra="127" who="0" fromWho="0" sc="200,193,212,-61,338,-61,240,-61" />
</Scene>
<Scene>
<INIT seed="4,2,0,2,3,56" ten="393,151,277,179" oya="0" hai0="83,37,72,65,29,82,84,47,109,134,93,78,27" hai1="58,66,68,87,21,112,115,16,7,125,131,75,117" hai2="79,5,20,60,102,49,97,35,62,99,38,73,85" hai3="6,12,130,95,119,70,80,2,0,69,98,96,43"/><T9/><D134/><U3/><E75/><V121/><F35/><W42/><G119/><T26/><D109/><U30/><E117/><V55/><F38/><W89/><G6/><T104/><D104/><U124/><E68/><V92/><F73/><W81/><G89/><T67/><D93/><U24/><E87/><V52/><F121/><W45/><G45/><T63/><D9/><N who="1" m="2303" /><E131/><V132/><F132/><W129/><G12/><T113/><D113/><N who="1" m="43595" /><E66/><V32/><F32/><W128/><G128/><T71/><D65/><U33/><E58/><N who="2" m="33039" /><F5/><W31/><REACH who="3" step="1"/><G95/><REACH who="3" ten="393,151,277,169" step="2"/><T135/><D135/><U127/><E125/><V4/><F4/><W25/><G25/><AGARI ba="2,1" hai="16,21,24,25,30,33,124,127" m="43595,2303" machi="25" ten="30,8000,1" yaku="15,1,11,1,34,2,54,1" doraHai="56" who="1" fromWho="3" sc="393,0,151,96,277,0,169,-86" />
</Scene>
<Scene>
<INIT seed="5,0,0,2,4,83" ten="393,247,277,83" oya="1" hai0="72,11,74,98,102,51,112,113,61,125,134,30,13" hai1="119,132,46,63,69,64,104,79,129,33,117,99,62" hai2="70,1,110,22,109,39,116,66,23,73,56,47,65" hai3="29,31,68,20,122,126,94,50,88,34,84,54,82"/><U103/><E129/><V86/><F73/><W43/><G68/><T12/><D125/><U4/><E132/><V135/><F1/><W16/><G122/><T90/><D134/><U100/><E100/><V76/><F135/><W58/><G34/><T27/><D51/><U24/><E79/><V130/><F116/><W60/><G126/><T3/><D90/><U106/><E106/><V107/><F70/><W7/><G7/><T45/><D45/><U26/><E26/><V115/><F107/><W0/><G0/><T120/><D3/><U121/><E121/><V32/><F32/><W25/><G82/><T59/><D120/><U18/><E4/><V2/><F2/><W96/><G84/><T78/><D78/><U114/><E114/><V123/><F123/><W124/><G124/><T35/><D98/><U92/><E92/><V9/><F115/><N who="0" m="44106" /><D102/><U52/><E18/><V8/><F76/><W81/><G81/><T10/><D13/><U108/><E108/><V71/><F47/><AGARI ba="0,0" hai="16,20,25,29,31,43,47,50,54,58,60,88,94,96" machi="47" ten="40,8000,1" yaku="25,2,8,1,54,2" doraHai="83" who="3" fromWho="2" sc="393,0,247,0,277,-80,83,80" />
</Scene>
<Scene>
<INIT seed="6,0,0,0,5,100" ten="393,247,197,163" oya="2" hai0="105,82,111,41,78,134,90,115,32,0,43,84,81" hai1="48,37,19,122,20,7,87,57,126,55,11,128,31" hai2="85,56,54,47,21,97,28,74,23,25,107,80,104" hai3="89,125,116,131,5,127,4,52,83,42,53,61,17"/><V34/><F74/><W51/><G116/><T113/><D0/><U72/><E72/><V75/><F75/><W14/><G131/><T91/><D32/><U45/><E126/><V95/><F47/><W99/><G127/><T36/><D111/><U60/><E122/><V13/><F23/><W10/><G125/><T110/><D110/><U86/><E37/><V49/><F13/><W101/><G42/><N who="0" m="15883" /><D36/><U117/><E31/><V77/><REACH who="2" step="1"/><F34/><REACH who="2" ten="393,247,187,163" step="2"/><W73/><G73/><N who="0" m="43215" /><D134/><U58/><E128/><V112/><F112/><W102/><G5/><T76/><D113/><U38/><E45/><V59/><F59/><N who="3" m="35055" /><G4/><T93/><D115/><U118/><E117/><V94/><F94/><N who="3" m="56783" /><G83/><T133/><D133/><U39/><E118/><V6/><F6/><W120/><G120/><T119/><D119/><U62/><E39/><V27/><F27/><W92/><G92/><T69/><D93/><U129/><E38/><V63/><F63/><W70/><G70/><T26/><D69/><U15/><E129/><V29/><F29/><W79/><G79/><T12/><D26/><N who="1" m="14623" /><E60/><V33/><F33/><W124/><G124/><T108/><D12/><U109/><E109/><V50/><F50/><W44/><AGARI ba="0,1" hai="10,14,17,44,51,52,101,102" m="56783,35055" machi="44" ten="30,2000,0" yaku="8,1,54,1" doraHai="100" who="3" fromWho="3" sc="393,-5,247,-5,187,-10,163,30" />
</Scene>
<Scene>
<INIT seed="7,0,0,3,1,99" ten="388,242,177,193" oya="3" hai0="46,64,80,60,45,91,30,89,109,52,61,15,93" hai1="119,38,24,100,0,106,6,92,42,84,59,128,70" hai2="35,16,75,32,118,55,8,19,58,37,130,78,65" hai3="12,127,97,124,102,69,120,104,17,41,77,5,4"/><W39/><G120/><T108/><D108/><U66/><E70/><V94/><F118/><W105/><G69/><T133/><D109/><U90/><E128/><V87/><F37/><W72/><G41/><T135/><D30/><U131/><E131/><V33/><F130/><W40/><G40/><T95/><D15/><U126/><E126/><N who="3" m="48170" /><G39/><T9/><D9/><U68/><E68/><V3/><F65/><W10/><G105/><T74/><D74/><U20/><E6/><N who="3" m="2666" /><G72/><T114/><D64/><U2/><E119/><V82/><F3/><W111/><G77/><T18/><D52/><U51/><E38/><V31/><F31/><W28/><G28/><T50/><D60/><U132/><E66/><V29/><F29/><W122/><G122/><T1/><D61/><U117/><E117/><V101/><F8/><W47/><G47/><T7/><D46/><U79/><E42/><V53/><F53/><W86/><G86/><T76/><D45/><U63/><E63/><V96/><REACH who="2" step="1"/><F75/><REACH who="2" ten="388,242,167,193" step="2"/><W134/><G134/><T83/><D133/><U113/><E132/><V11/><F11/><W85/><G85/><T71/><D135/><U49/><E84/><V121/><F121/><W34/><G111/><T26/><D1/><U110/><E2/><V23/><F23/><W88/><G88/><T36/><D89/><U62/><E0/><V98/><F98/><W54/><G54/><T81/><D91/><U56/><E90/><V27/><F27/><W14/><G14/><T44/><D26/><U107/><E24/><V13/><F13/><W116/><G116/><T112/><D76/><RYUUKYOKU ba="0,1" sc="388,-15,242,-15,167,15,193,15" hai2="16,19,32,33,35,55,58,78,82,87,94,96,101" hai3="10,12,17,34,97,102,104" />
</Scene>
<Scene>
<INIT seed="7,1,1,2,5,86" ten="373,227,182,208" oya="3" hai0="122,111,106,117,55,28,44,5,93,123,97,7,54" hai1="6,94,128,73,48,61,50,112,126,135,34,20,65" hai2="110,69,90,35,42,24,82,132,60,9,17,58,125" hai3="77,127,67,33,63,116,11,38,109,64,0,83,1"/><W91/><G116/><T101/><D117/><U26/><E73/><V21/><F110/><W57/><G33/><T113/><D111/><U87/><E112/><V46/><F69/><W51/><G38/><T30/><D106/><U19/><E128/><V98/><F35/><W18/><G109/><T108/><D108/><U76/><E135/><V124/><F132/><W119/><G119/><T102/><D113/><U25/><E6/><N who="0" m="2057" /><D123/><U80/><E126/><N who="2" m="48747" /><F9/><W96/><G127/><T74/><D74/><U36/><E36/><N who="2" m="21831" /><F82/><W121/><G121/><T78/><D78/><U89/><E26/><V104/><F104/><W88/><G0/><T72/><D72/><U45/><E45/><V70/><F70/><W29/><G29/><N who="0" m="11371" /><D122/><U99/><E34/><V10/><F10/><W115/><G1/><T81/><D81/><U43/><E43/><V92/><F58/><AGARI ba="1,1" hai="19,20,25,48,50,58,61,65,76,80,87,89,94,99" machi="58" ten="30,3900,0" yaku="7,1,8,1,52,1" doraHai="86" who="1" fromWho="2" sc="373,0,227,52,182,-42,208,0" owari="373,47.0,279,8.0,140,-36.0,208,-19.0" />
</Scene>
</mjloggm>