<mjloggm ver="2.3"><GO type="169" lobby="0"/><UN n0="%E5%A4%AA%E3%81%8F%E3%81%AA%E3%81%84%E3%81%8A" n1="%73%68%6F%6F%74%33%39" n2="%E3%81%B3%E3%82%8A%E3%81%B3%E3%82%8A%E2%98%86%E3%83%93%E3%83%AA%E3%83%BC" n3="%6D%6F%6E%65%79%2E%2E%2E" dan="18,18,16,17" rate="2185.07,2150.17,2119.23,2156.32" sx="M,M,M,M"/><TAIKYOKU oya="0"/>

<Scene>
<INIT seed="0,0,0,4,3,66" ten="250,250,250,250" oya="0" hai0="122,95,10,93,62,3,1,87,33,59,48,112,39" hai1="116,78,86,104,8,82,22,70,131,100,26,36,29" hai2="34,68,132,13,128,84,53,118,0,96,64,9,2" hai3="92,129,17,24,44,76,56,72,80,14,20,6,135"/><T31/><D39/><U110/><E116/><V130/><F34/><W111/><G111/><T49/><D112/><U71/><E36/><V103/><F118/><W27/><G129/><N who="2" m="49769" /><F132/><W107/><G107/><T47/><D122/><U43/><E43/><V73/><F73/><W120/><G135/><T32/><D31/><U7/><E131/><V60/><F84/><W35/><G35/><T126/><D126/><U106/><E110/><V101/><F53/><W123/><G92/><T99/><D87/><U42/><E42/><V134/><F134/><W55/><G44/><T119/><D119/><U133/><E133/><V81/><F81/><W19/><G6/><T94/><D99/><U98/><REACH who="1" step="1"/><E106/><REACH who="1" ten="250,240,250,250" step="2"/><N who="2" m="63783" /><F103/><W79/><G120/><T121/><D121/><U40/><E40/><V57/><F57/><W61/><G123/><T127/><D59/><U102/><E102/><V54/><F54/><W115/><G55/><T90/><D47/><U63/><E63/><V18/><AGARI ba="0,1" hai="0,2,9,13,18,60,64,68" m="63783,49769" machi="18" ten="30,2000,0" yaku="19,1,52,1" doraHai="66" who="2" fromWho="2" sc="250,-10,240,-5,250,30,250,-5" />
</Scene>
<Scene>
<INIT seed="1,0,0,5,5,36" ten="240,235,280,245" oya="1" hai0="59,105,52,58,124,5,110,14,28,60,9,49,75" hai1="40,115,0,83,65,69,61,125,135,26,123,72,29" hai2="85,16,92,32,47,132,91,41,17,19,30,66,12" hai3="94,95,68,86,8,73,89,96,133,109,23,64,101"/><U45/><E123/><V130/><F130/><W56/><G68/><T46/><D110/><U99/><E115/><V78/><F132/><W71/><G71/><T102/><D124/><U13/><E135/><V119/><F66/><W129/><G133/><T7/><D75/><U118/><E118/><V97/><F119/><W51/><G73/><T106/><D28/><U114/><E114/><V43/><F12/><W24/><G109/><T111/><D111/><U74/><E125/><V20/><F32/><W42/><G129/><T50/><D102/><U6/><E13/><V62/><F62/><N who="3" m="37959" /><G8/><T25/><D25/><U55/><E55/><V134/><F134/><W35/><G35/><T1/><D1/><U10/><E99/><V112/><F112/><W76/><G76/><T57/><D7/><U98/><E98/><V84/><F47/><N who="3" m="26103" /><G23/><T120/><D120/><U33/><E83/><N who="2" m="47223" /><F97/><W4/><G4/><T22/><D22/><U44/><E44/><V34/><F34/><W80/><G24/><AGARI ba="0,0" hai="16,17,19,20,24,30,41,43,85,91,92" m="47223" machi="24" ten="30,7700,0" yaku="8,1,52,2,54,1" doraHai="36" who="2" fromWho="3" sc="240,0,235,0,280,77,245,-77" />
</Scene>
<Scene>
<INIT seed="2,0,0,2,1,89" ten="240,235,357,168" oya="2" hai0="133,53,134,87,16,118,42,90,21,92,129,59,74" hai1="94,88,135,108,63,14,104,125,124,44,65,120,128" hai2="86,115,96,93,29,121,15,100,131,60,47,43,99" hai3="24,17,6,91,85,116,46,76,5,48,39,132,130"/><V23/><F115/><W20/><G116/><T36/><D74/><U70/><E104/><V119/><F119/><W113/><G113/><T41/><D129/><U79/><E79/><V12/><F121/><W110/><G130/><T81/><D118/><U77/><E77/><V61/><F86/><W3/><G110/><T64/><D64/><U18/><E128/><V19/><F29/><W40/><G132/><N who="0" m="50795" /><D36/><U22/><E135/><V105/><F15/><W34/><G76/><T98/><D98/><U49/><E108/><V31/><F31/><W82/><G3/><T7/><D7/><U66/><E66/><V114/><F114/><W56/><G34/><T58/><D81/><U122/><E49/><V62/><F131/><W72/><G72/><T1/><D1/><U109/><E44/><V55/><F55/><W4/><G39/><T84/><D84/><N who="1" m="52487" /><E109/><V106/><REACH who="2" step="1"/><F99/><REACH who="2" ten="240,235,347,168" step="2"/><W107/><G107/><T75/><D75/><U45/><E45/><V68/><F68/><W9/><G56/><N who="0" m="21547" /><D53/><U10/><E10/><V97/><F97/><W52/><G9/><T111/><D111/><U69/><E69/><V50/><AGARI ba="0,1" hai="12,19,23,43,47,50,60,61,62,93,96,100,105,106" machi="50" ten="30,12000,1" yaku="1,1,0,1,52,1,53,2" doraHai="89" doraHaiUra="101" who="2" fromWho="2" sc="240,-40,235,-40,347,130,168,-40" />
</Scene>
<Scene>
<INIT seed="2,1,0,3,3,31" ten="200,195,477,128" oya="2" hai0="9,129,23,94,67,28,97,40,5,83,117,42,99" hai1="30,4,108,82,121,35,56,119,81,113,18,3,95" hai2="52,124,39,21,0,13,68,118,101,7,54,11,69" hai3="14,105,116,102,61,2,72,88,6,122,73,107,24"/><V43/><F118/><W132/><G116/><T38/><D117/><U91/><E119/><RYUUKYOKU type="kaze4" ba="1,0" sc="200,0,195,0,477,0,128,0" />
</Scene>
<Scene>
<INIT seed="2,2,0,5,0,14" ten="200,195,477,128" oya="2" hai0="56,83,5,21,105,28,115,40,111,42,48,94,53" hai1="88,106,118,15,120,132,54,110,95,128,45,25,66" hai2="78,86,98,108,126,41,23,4,133,87,0,107,113" hai3="36,122,7,29,24,17,82,117,58,85,90,30,57"/><V74/><F113/><W127/><G117/><T50/><D105/><U91/><E106/><V6/><F133/><W34/><G122/><T131/><D115/><U79/><E118/><V124/><F74/><W67/><G36/><T8/><D111/><U9/><E110/><V68/><F68/><W73/><G127/><N who="2" m="48681" /><F108/><W70/><G7/><N who="2" m="2601" /><F41/><W16/><G30/><T44/><D131/><U22/><E128/><V26/><F78/><W20/><G73/><T121/><D83/><U123/><E79/><V69/><F69/><W49/><G34/><T114/><D121/><U37/><E132/><V35/><F35/><W89/><G70/><T92/><D42/><U96/><E123/><V75/><F75/><W76/><G67/><T101/><D101/><U32/><E66/><V71/><F71/><W43/><G76/><T52/><D40/><U27/><E32/><V81/><F81/><W11/><G89/><T135/><D114/><U60/><E91/><V93/><F107/><W18/><G11/><T100/><D100/><U64/><E9/><V62/><F62/><W116/><G116/><T39/><D135/><U55/><E120/><V99/><F99/><W31/><G31/><T46/><D28/><U3/><E96/><V129/><F0/><W2/><REACH who="3" step="1"/><G2/><REACH who="3" ten="200,195,477,118" step="2"/><T103/><D39/><U63/><E3/><V72/><F72/><W119/><G119/><T134/><D134/><U33/><E37/><V112/><F112/><W47/><AGARI ba="2,1" hai="16,17,18,20,24,29,43,47,49,57,58,82,85,90" machi="47" ten="30,16000,3" yaku="1,1,0,1,8,1,52,3,54,1,53,3" doraHai="14" doraHaiUra="13" who="3" fromWho="3" sc="200,-42,195,-42,477,-82,118,176" />
</Scene>
<Scene>
<INIT seed="3,0,0,5,4,65" ten="158,153,395,294" oya="3" hai0="101,108,92,80,86,15,49,109,19,79,62,64,35" hai1="121,31,14,69,44,40,6,85,36,58,122,83,32" hai2="18,102,135,68,59,34,130,56,111,114,12,99,57" hai3="76,113,5,47,131,128,125,3,26,55,118,1,45"/><W107/><G107/><T70/><D35/><U129/><E129/><N who="3" m="49738" /><G113/><T88/><D49/><U7/><E32/><V127/><F114/><W104/><G104/><T24/><D24/><U48/><E31/><V89/><F34/><W133/><G118/><T75/><REACH who="0" step="1"/><D101/><REACH who="0" ten="148,153,395,294" step="2"/><U13/><E48/><V74/><F102/><W0/><G26/><T46/><D46/><U2/><E44/><V100/><F100/><W54/><G47/><T17/><D17/><U66/><E122/><V94/><F130/><W41/><G45/><T95/><D95/><U90/><E121/><V81/><F18/><W11/><G41/><T8/><AGARI ba="0,1" hai="8,15,19,62,64,70,75,79,80,86,88,92,108,109" machi="8" ten="30,7900,0" yaku="1,1,0,1,52,1,54,1,53,0" doraHai="65" doraHaiUra="21" who="0" fromWho="0" sc="148,89,153,-20,395,-20,294,-39" />
</Scene>
<Scene>
<INIT seed="4,0,0,1,4,37" ten="237,133,375,255" oya="0" hai0="6,87,61,115,41,123,63,119,8,19,26,57,18" hai1="7,85,98,69,111,42,90,47,16,82,116,40,45" hai2="50,9,36,20,43,71,83,15,102,95,121,89,120" hai3="76,30,118,80,77,104,25,14,58,51,86,100,134"/><T96/><D119/><U64/><E116/><V110/><F110/><W52/><G118/><T130/><D123/><U12/><E111/><V2/><F36/><W128/><G134/><T108/><D108/><U1/><E1/><V88/><F71/><W66/><G128/><T105/><D130/><U35/><E35/><V44/><F2/><W62/><G14/><N who="0" m="5399" /><D105/><U33/><E33/><V34/><F34/><W135/><G135/><T131/><D96/><U79/><E7/><V10/><F102/><W23/><G104/><T117/><D131/><U125/><E125/><V84/><F121/><W93/><G93/><T27/><D63/><U4/><E4/><V122/><F122/><W92/><G92/><T5/><D87/><U53/><E64/><V67/><F67/><W74/><G100/><T124/><D5/><U129/><E69/><V11/><F120/><W112/><G112/><T60/><D60/><U22/><E129/><V113/><F113/><W48/><G66/><N who="0" m="39215" /><D124/><U39/><E53/><V0/><F0/><W56/><G74/><T13/><D19/><U132/><E132/><V38/><F38/><W99/><G99/><T46/><D117/><U29/><E29/><V133/><F133/><W24/><G30/><T106/><D106/><U65/><E65/><V94/><F89/><W3/><G3/><T68/><D68/><U49/><REACH who="1" step="1"/><E98/><REACH who="1" ten="237,123,375,255" step="2"/><V91/><F91/><AGARI ba="0,1" hai="12,16,22,39,40,42,45,47,49,79,82,85,90,91" machi="91" ten="40,8000,1" yaku="1,1,2,1,52,2,54,1,53,0" doraHai="37" doraHaiUra="101" who="1" fromWho="2" sc="237,0,123,90,375,-80,255,0" />
</Scene>
<Scene>
<INIT seed="5,0,0,0,2,30" ten="237,213,295,255" oya="1" hai0="35,109,76,119,95,135,41,75,31,82,91,121,32" hai1="57,24,58,66,36,88,70,8,126,19,110,50,117" hai2="21,127,98,69,11,133,55,65,106,74,43,10,44" hai3="107,3,61,20,49,103,132,131,129,80,86,85,13"/><U79/><E117/><V53/><F74/><W6/><G132/><T105/><D119/><U101/><E36/><V1/><F133/><W102/><G3/><T42/><D135/><U2/><E101/><V111/><F111/><W59/><G49/><T125/><D109/><U118/><E79/><V92/><F106/><W90/><G107/><T25/><D125/><U94/><E118/><V33/><F33/><W38/><G38/><T54/><D121/><U99/><E110/><V124/><F21/><W68/><G68/><T71/><D71/><U39/><E39/><V18/><F18/><N who="3" m="10319" /><G6/><T83/><D105/><U128/><E126/><N who="2" m="48171" /><F65/><N who="3" m="39103" /><G86/><T0/><D0/><U93/><E70/><V67/><F67/><W17/><G17/><T37/><D37/><U14/><E2/><V29/><F29/><W5/><G5/><T81/><D35/><U34/><E66/><V122/><F69/><W40/><G40/><T63/><D41/><U96/><E50/><N who="2" m="26911" /><F122/><W116/><G116/><T87/><D42/><U100/><REACH who="1" step="1"/><E128/><AGARI ba="0,0" hai="80,85,90,102,103,128,129,131" m="39103,10319" machi="128" ten="30,1000,0" yaku="19,1" doraHai="30" who="3" fromWho="1" sc="237,0,213,-10,295,0,255,10" />
</Scene>
<Scene>
<INIT seed="6,0,0,0,1,134" ten="237,203,295,265" oya="2" hai0="46,39,63,71,103,131,43,56,107,51,2,116,121" hai1="94,93,106,135,132,65,98,6,9,73,122,91,90" hai2="47,60,55,72,104,92,70,126,1,78,37,22,130" hai3="100,119,68,49,21,97,82,44,18,32,110,129,8"/><V13/><F104/><W105/><G110/><T23/><D2/><U76/><E65/><V111/><F1/><W67/><G119/><T3/><D3/><U26/><E26/><V35/><F35/><W120/><G120/><T117/><D121/><U15/><E122/><V31/><F111/><W133/><G32/><T125/><D103/><U14/><E106/><V79/><F130/><W25/><G133/><N who="1" m="51274" /><E15/><V4/><F31/><W114/><G114/><T69/><D107/><U34/><E34/><V24/><F24/><W41/><G129/><T30/><D131/><U19/><E76/><V87/><F78/><W33/><G33/><T112/><D112/><U95/><E73/><V75/><F75/><W102/><G102/><T50/><D30/><U53/><E53/><V48/><F37/><W109/><G82/><T29/><D29/><U113/><E113/><V64/><F72/><W36/><G109/><T128/><D128/><U99/><E94/><V101/><F79/><W10/><G67/><N who="0" m="39399" /><D116/><U59/><E59/><V86/><F4/><AGARI ba="0,0" hai="4,6,9,14,19,90,91,93,95,98,99" m="51274" machi="4" ten="30,1000,0" yaku="20,1" doraHai="134" who="1" fromWho="2" sc="237,0,203,10,295,-10,265,0" />
</Scene>
<Scene>
<INIT seed="7,0,0,1,3,31" ten="237,213,285,265" oya="3" hai0="28,33,48,43,93,12,133,7,90,126,45,77,58" hai1="81,115,105,76,120,104,50,49,59,26,116,124,25" hai2="71,129,111,66,132,29,19,39,54,65,68,6,8" hai3="110,82,34,62,0,128,97,80,95,84,73,24,70"/><W127/><G0/><T135/><D126/><U109/><E120/><V63/><F111/><W3/><G3/><T103/><D103/><U86/><E109/><V16/><F39/><W67/><G110/><T98/><D77/><U85/><E124/><V10/><F129/><W44/><G127/><T41/><D58/><U46/><E116/><V100/><F132/><N who="0" m="50762" /><D7/><U107/><E115/><V52/><F29/><W113/><G113/><T119/><D12/><U74/><E59/><V35/><F35/><W60/><G128/><T13/><D13/><U64/><E64/><V108/><F100/><W91/><G62/><T78/><D78/><U69/><E69/><V122/><F108/><W106/><G106/><T125/><D125/><U92/><E50/><V36/><F36/><W9/><G73/><T14/><D14/><U32/><E32/><V89/><F89/><W15/><G44/><T27/><D119/><U61/><E61/><V47/><F47/><W83/><G34/><T88/><D90/><U56/><E56/><V79/><F79/><W102/><REACH who="3" step="1"/><G24/><REACH who="3" ten="237,213,285,255" step="2"/><T5/><D45/><U53/><REACH who="1" step="1"/><E92/><REACH who="1" ten="237,203,285,255" step="2"/><V121/><F63/><W1/><G1/><T112/><D112/><U22/><E22/><V123/><F123/><W130/><G130/><T2/><D48/><U118/><E118/><V96/><F6/><AGARI ba="0,2" hai="6,9,15,60,67,70,80,82,83,84,91,95,97,102" machi="6" ten="30,2900,0" yaku="1,1,7,1,53,0" doraHai="31" doraHaiUra="37" who="3" fromWho="2" sc="237,0,203,0,285,-29,255,49" owari="237,-16.0,203,-30.0,256,6.0,304,40.0" />
</Scene>
</mjloggm>