<mjloggm ver="2.3"><GO type="169" lobby="0"/><UN n0="%E5%A4%AA%E3%81%8F%E3%81%AA%E3%81%84%E3%81%8A" n1="%75%73%6B%31%31%31%35" n2="%6B%61%64%75%6B%69%69" n3="%E3%81%A8%E3%82%8C%E3%82%82%E3%82%8D" dan="18,16,16,16" rate="2197.75,2184.09,2140.76,2057.62" sx="M,M,M,M"/><TAIKYOKU oya="0"/>

<Scene>
<INIT seed="0,0,0,4,3,80" ten="250,250,250,250" oya="0" hai0="89,63,26,87,44,88,110,92,52,28,124,30,93" hai1="12,68,6,120,19,94,34,84,7,108,23,59,50" hai2="66,81,43,77,104,37,131,64,1,75,58,65,35" hai3="129,69,54,101,13,97,27,73,134,118,79,14,8"/><T133/><D133/><U51/><E68/><V53/><F104/><W112/><G112/><T38/><D124/><U61/><E120/><V74/><F35/><W3/><G118/><T70/><D110/><U71/><E71/><V72/><F131/><W78/><G3/><T11/><D38/><U114/><E34/><V16/><F1/><W39/><G39/><T29/><D11/><U57/><E108/><V82/><F82/><W9/><G69/><T45/><D26/><U4/><E114/><V86/><F43/><W47/><G27/><T122/><D122/><U127/><E127/><V10/><F37/><W107/><G129/><T96/><REACH who="0" step="1"/><D52/><REACH who="0" ten="240,250,250,250" step="2"/><N who="1" m="34023" /><E57/><V25/><F25/><W103/><G54/><T113/><D113/><U22/><E22/><V130/><F130/><W5/><G9/><T128/><D128/><U105/><E105/><V56/><F53/><W115/><G8/><T109/><D109/><U111/><E111/><V55/><REACH who="2" step="1"/><F55/><REACH who="2" ten="240,250,240,250" step="2"/><W15/><G107/><T24/><D24/><U76/><E51/><V126/><F126/><W40/><G115/><T41/><D41/><U62/><E50/><V100/><F100/><W36/><G103/><T135/><D135/><U116/><E62/><V46/><F46/><W2/><G134/><T123/><D123/><U117/><E117/><V0/><F0/><W90/><G101/><T60/><D60/><U98/><E116/><V21/><F21/><W99/><G2/><T132/><D132/><U106/><E106/><V119/><F119/><W17/><G36/><T49/><D49/><U67/><E23/><V33/><F33/><RYUUKYOKU ba="0,2" sc="240,15,250,-15,240,15,250,-15" hai0="28,29,30,44,45,63,70,87,88,89,92,93,96" hai2="10,16,56,58,64,65,66,72,74,75,77,81,86" />
</Scene>
<Scene>
<INIT seed="0,1,2,3,1,129" ten="255,235,255,235" oya="0" hai0="28,8,15,102,7,118,121,95,50,56,107,20,13" hai1="47,96,127,101,100,108,55,34,60,65,125,61,67" hai2="135,14,91,5,40,87,6,16,104,35,131,2,103" hai3="85,119,78,83,114,116,21,109,52,66,120,117,23"/><T58/><D118/><U86/><E34/><V105/><F35/><W51/><G114/><T59/><D107/><U93/><E108/><V29/><F29/><W12/><G109/><T130/><D121/><U22/><E86/><V37/><F131/><W94/><G120/><T134/><D130/><U71/><E22/><V42/><F103/><W124/><G124/><N who="1" m="47690" /><E55/><V75/><F75/><W99/><G66/><T41/><D41/><U49/><E49/><V89/><F37/><W111/><G12/><T69/><D69/><N who="1" m="42151" /><E47/><V48/><F48/><W97/><G111/><T11/><D50/><U82/><E82/><V17/><F87/><W70/><G70/><T123/><D123/><U38/><E38/><V63/><F14/><W62/><G62/><T72/><D72/><U9/><E9/><V90/><F63/><W45/><REACH who="3" step="1"/><G97/><REACH who="3" ten="255,235,255,225" step="2"/><N who="0" m="59711" /><D15/><U74/><E74/><V26/><F26/><W3/><G3/><T84/><D11/><U32/><E32/><V19/><F2/><W4/><G4/><T18/><D7/><U27/><E27/><V1/><F1/><W80/><G80/><T98/><D98/><U24/><E24/><V77/><F6/><W106/><G106/><T54/><D8/><U126/><E126/><V36/><F5/><W64/><G64/><T81/><D81/><U10/><E10/><V115/><F104/><W133/><G133/><T88/><D134/><U79/><E79/><V76/><F105/><W43/><G43/><N who="2" m="16425" /><F135/><W128/><G128/><T30/><D54/><U0/><E0/><V31/><F115/><W122/><G122/><T112/><D112/><RYUUKYOKU ba="1,3" sc="255,10,235,10,255,-30,225,10" hai0="13,18,20,28,30,56,58,59,84,88" hai1="61,67,71,93,96,100,101" hai3="21,23,45,51,52,78,83,85,94,99,116,117,119" />
</Scene>
<Scene>
<INIT seed="0,2,3,4,4,122" ten="265,245,225,235" oya="0" hai0="58,119,44,30,19,24,87,38,94,68,12,57,71" hai1="26,98,56,14,13,46,113,77,89,11,126,37,65" hai2="69,60,48,101,49,63,125,114,118,84,8,97,104" hai3="39,70,53,75,5,135,130,10,32,64,91,109,52"/><T80/><D119/><U134/><E77/><V124/><F114/><W66/><G39/><T108/><D94/><N who="1" m="56655" /><E126/><N who="2" m="48747" /><F118/><W110/><G32/><T99/><D99/><U36/><E134/><V90/><F8/><W129/><G75/><T3/><D3/><U17/><E37/><V95/><F63/><N who="3" m="40223" /><G66/><AGARI ba="2,3" hai="48,49,60,66,69,84,90,95,97,101,104" m="48747" machi="66" ten="30,1000,0" yaku="18,1" doraHai="122" who="2" fromWho="3" sc="265,0,245,0,225,46,235,-16" />
</Scene>
<Scene>
<INIT seed="1,0,0,4,5,123" ten="265,245,271,219" oya="1" hai0="25,50,11,56,14,29,78,35,63,107,104,19,16" hai1="36,15,71,0,82,44,24,80,91,18,85,83,41" hai2="70,69,103,108,28,93,76,129,55,105,134,2,39" hai3="127,52,9,121,65,87,125,96,62,130,132,34,88"/><U31/><E0/><V122/><F93/><W4/><G121/><T17/><D78/><U117/><E71/><V27/><F55/><W6/><G34/><T68/><D50/><U3/><E3/><V84/><F122/><W102/><G132/><T12/><D68/><U42/><E42/><V46/><F134/><W101/><G130/><T22/><REACH who="0" step="1"/><D19/><REACH who="0" ten="255,245,271,219" step="2"/><U67/><E117/><V119/><F69/><W90/><G127/><T30/><D30/><U128/><E128/><V111/><F70/><W20/><G125/><T124/><D124/><U49/><E36/><V109/><F129/><W110/><G62/><T81/><D81/><U89/><E85/><V53/><F119/><W45/><G87/><T66/><AGARI ba="0,1" hai="11,12,14,16,17,22,25,29,35,56,63,66,104,107" machi="66" ten="20,5200,0" yaku="1,1,0,1,7,1,54,1,53,0" doraHai="123" doraHaiUra="98" who="0" fromWho="0" sc="255,62,245,-26,271,-13,219,-13" />
</Scene>
<Scene>
<INIT seed="2,0,0,1,5,11" ten="317,219,258,206" oya="2" hai0="78,1,99,50,55,62,32,36,25,57,8,47,38" hai1="127,119,111,63,64,121,26,134,96,10,86,123,56" hai2="58,13,39,46,125,69,42,2,132,28,6,23,79" hai3="5,100,97,19,103,72,30,70,120,83,82,133,107"/><V71/><F132/><W91/><G120/><T95/><D78/><U75/><E75/><V40/><F125/><W128/><G70/><T90/><D32/><U124/><E119/><V112/><F112/><W43/><G103/><T51/><D51/><U76/><E111/><V126/><F42/><W104/><G104/><T129/><D129/><U7/><E26/><V135/><F135/><W122/><G122/><N who="1" m="46602" /><E96/><V93/><F126/><N who="1" m="48169" /><E134/><V131/><F131/><W116/><G97/><T17/><D1/><N who="1" m="367" /><E76/><V85/><F79/><W29/><G72/><T27/><D27/><U45/><E45/><V102/><F46/><W24/><G24/><T88/><D90/><U21/><E21/><V3/><F23/><W18/><G91/><T106/><D106/><U68/><E86/><V22/><F85/><W108/><G108/><T109/><D109/><U113/><E56/><V84/><F58/><W41/><G107/><T92/><D25/><U77/><E77/><V81/><F84/><W44/><G44/><T98/><D98/><U80/><E80/><V59/><F81/><W37/><G116/><T65/><REACH who="0" step="1"/><D95/><REACH who="0" ten="307,219,258,206" step="2"/><U61/><E61/><V74/><F93/><W53/><G133/><T15/><AGARI ba="0,1" hai="8,15,17,36,38,47,50,55,57,62,65,88,92,99" machi="15" ten="30,8000,1" yaku="1,1,2,1,0,1,52,1,54,1,53,0" doraHai="11" doraHaiUra="114" who="0" fromWho="0" sc="307,90,219,-20,258,-40,206,-20" />
</Scene>
<Scene>
<INIT seed="3,0,0,0,0,92" ten="397,199,218,186" oya="3" hai0="67,18,34,60,109,70,31,68,26,23,58,17,30" hai1="36,6,87,83,129,123,32,27,117,19,78,121,126" hai2="71,98,73,65,44,3,8,62,47,108,105,43,35" hai3="107,2,55,72,7,74,54,5,132,114,90,112,11"/><W42/><G107/><T127/><D109/><U89/><E36/><V15/><F47/><W12/><G42/><T91/><D127/><U24/><E126/><V116/><F116/><W16/><G132/><T81/><D18/><U52/><E117/><V76/><F108/><W77/><G90/><T97/><D31/><U37/><E37/><N who="2" m="21615" /><F15/><W28/><G28/><T33/><D33/><U128/><E6/><N who="2" m="1119" /><F35/><W10/><G5/><T85/><REACH who="0" step="1"/><D97/><REACH who="0" ten="387,199,218,186" step="2"/><U48/><E32/><V113/><F113/><W130/><G114/><T86/><D86/><U96/><E19/><V115/><F115/><W61/><G112/><T63/><D63/><U1/><E123/><V94/><F98/><W59/><G130/><N who="1" m="50282" /><E121/><V49/><F62/><W134/><G134/><T29/><D29/><U53/><E1/><V133/><F133/><W25/><G25/><AGARI ba="0,1" hai="17,23,25,26,30,34,58,60,67,68,70,81,85,91" machi="25" ten="30,2000,0" yaku="1,1,7,1,53,0" doraHai="92" doraHaiUra="119" who="0" fromWho="3" sc="387,30,199,0,218,0,186,-20" />
</Scene>
<Scene>
<INIT seed="4,0,0,4,0,94" ten="417,199,218,166" oya="0" hai0="24,125,103,25,55,6,78,101,100,12,114,112,45" hai1="51,4,39,5,3,92,97,131,95,74,127,56,69" hai2="90,98,7,107,124,46,104,113,34,110,65,87,21" hai3="49,75,102,99,64,14,76,86,18,52,28,54,105"/><T61/><D125/><U53/><E74/><V1/><F110/><W62/><G75/><T134/><D134/><U43/><E127/><V27/><F34/><W79/><G28/><T84/><D6/><U81/><E131/><V10/><F124/><W83/><G79/><T129/><D12/><U11/><E69/><V82/><F113/><N who="0" m="43626" /><D129/><U13/><E81/><V42/><F65/><W38/><G38/><T118/><D118/><U17/><E92/><V122/><F122/><W121/><G49/><N who="0" m="29103" /><D61/><U41/><E3/><V16/><REACH who="2" step="1"/><F98/><REACH who="2" ten="417,199,208,166" step="2"/><W85/><G121/><T31/><D31/><U132/><E132/><V128/><F128/><W89/><G64/><T50/><D101/><N who="1" m="60607" /><E39/><AGARI ba="0,1" hai="1,7,10,16,21,27,39,42,46,82,87,90,104,107" machi="39" ten="30,7700,0" yaku="1,1,7,1,54,1,53,1" doraHai="94" doraHaiUra="35" who="2" fromWho="1" sc="417,0,199,-77,208,87,166,0" />
</Scene>
<Scene>
<INIT seed="5,0,0,0,4,122" ten="417,122,295,166" oya="1" hai0="84,24,120,126,127,18,9,71,88,99,81,3,33" hai1="48,90,49,128,55,36,75,96,97,28,44,50,23" hai2="103,63,47,68,0,8,11,102,95,87,111,25,107" hai3="91,116,133,43,121,131,100,125,70,115,22,14,135"/><U54/><E75/><V78/><F111/><W15/><G121/><T104/><D71/><U37/><E128/><V101/><F107/><W85/><G131/><T10/><D120/><U61/><E61/><V134/><F134/><N who="3" m="51211" /><G115/><T69/><D69/><U86/><E37/><V26/><F0/><W66/><G125/><N who="0" m="47627" /><D3/><U45/><E36/><V113/><F113/><W89/><G100/><N who="0" m="62495" /><D18/><U98/><E49/><V65/><F47/><W19/><G43/><T112/><D112/><U132/><E132/><V109/><F78/><W42/><G42/><T83/><D83/><U106/><E106/><V93/><F68/><W20/><G116/><T30/><AGARI ba="0,0" hai="9,10,24,30,33,81,84,88" m="62495,47627" machi="30" ten="30,2000,0" yaku="18,1,54,1" doraHai="122" who="0" fromWho="0" sc="417,20,122,-10,295,-5,166,-5" />
</Scene>
<Scene>
<INIT seed="6,0,0,4,4,7" ten="437,112,290,161" oya="2" hai0="68,80,82,75,127,49,120,55,102,73,34,109,33" hai1="98,20,122,89,125,48,114,9,57,37,8,0,103" hai2="115,21,60,118,36,93,88,111,85,101,95,83,24" hai3="66,71,1,121,90,116,4,108,58,105,22,69,29"/><V96/><F36/><W117/><G108/><T76/><D109/><U52/><E37/><V46/><F111/><W31/><G121/><T113/><D120/><U38/><E38/><V78/><F118/><W130/><G105/><T12/><D68/><U79/><E122/><V30/><F115/><W91/><G58/><T41/><D41/><U43/><E0/><V70/><F46/><W135/><G66/><T5/><D113/><U16/><E114/><V6/><F6/><W131/><G4/><T62/><D62/><N who="1" m="36135" /><E79/><V74/><F60/><W51/><G51/><T28/><D102/><U119/><E119/><V42/><REACH who="2" step="1"/><F70/><REACH who="2" ten="437,112,280,161" step="2"/><W86/><G69/><T18/><D5/><U25/><E125/><V134/><F134/><W126/><G71/><T61/><D61/><U112/><E112/><V50/><F50/><W97/><G126/><T100/><D127/><U15/><E103/><V47/><F47/><W35/><G135/><T129/><D100/><U19/><E48/><V44/><F44/><W132/><G132/><T26/><D49/><U84/><E43/><AGARI ba="0,1" hai="21,24,30,42,43,74,78,83,85,88,93,95,96,101" machi="43" ten="40,7700,0" yaku="1,1,54,1,53,1" doraHai="7" doraHaiUra="23" who="2" fromWho="1" sc="437,0,112,-77,280,87,161,0" />
</Scene>
<Scene>
<INIT seed="6,1,0,5,2,85" ten="437,35,367,161" oya="2" hai0="105,101,128,48,132,130,69,92,64,15,117,17,29" hai1="6,9,58,100,20,32,0,79,75,19,107,135,39" hai2="110,134,74,45,83,84,109,51,44,12,95,65,126" hai3="27,104,70,78,8,119,94,115,125,50,96,131,4"/><V22/><F126/><W18/><G119/><T124/><D105/><U71/><E71/><V59/><F134/><W13/><G104/><T41/><D132/><U31/><E39/><V11/><F95/><W86/><G125/><T68/><D124/><U52/><E135/><V113/><F74/><W38/><G38/><T55/><D41/><U37/><E37/><V26/><F113/><W133/><G70/><T30/><D117/><U24/><E107/><V53/><F65/><W3/><G131/><N who="0" m="50219" /><D101/><U116/><E116/><V90/><F22/><N who="3" m="13783" /><G3/><T23/><D92/><U82/><E100/><V33/><F26/><W25/><G25/><T72/><D72/><U76/><E76/><V112/><F33/><W10/><G10/><T36/><D36/><U121/><E121/><V7/><REACH who="2" step="1"/><F112/><REACH who="2" ten="437,35,357,161" step="2"/><W62/><G133/><T73/><D73/><U47/><E47/><AGARI ba="1,1" hai="7,11,12,44,45,47,51,53,59,83,84,90,109,110" machi="47" ten="40,7700,0" yaku="1,1,2,1,52,1,53,0" doraHai="85" doraHaiUra="114" who="2" fromWho="1" sc="437,0,35,-80,357,90,161,0" owari="437,24.0,-45,-55.0,447,55.0,161,-24.0" />
</Scene>
</mjloggm>