<mjloggm ver="2.3"><GO type="169" lobby="0"/><UN n0="%E3%83%98%E3%82%AF%E3%82%B5%E3%83%BC" n1="%E5%A4%AA%E3%81%8F%E3%81%AA%E3%81%84%E3%81%8A" n2="%41%70%70%6C%65%2A" n3="%74%61%6B%75%61%6B%61" dan="19,17,16,16" rate="2209.48,2142.04,2044.17,2129.37" sx="M,M,M,M"/><TAIKYOKU oya="0"/>

<Scene>
<INIT seed="0,0,0,2,2,92" ten="250,250,250,250" oya="0" hai0="94,108,97,114,102,24,111,59,16,33,69,74,5" hai1="78,38,46,119,23,60,26,20,87,90,43,127,89" hai2="125,123,134,7,49,14,51,62,57,105,65,99,122" hai3="79,107,27,25,9,72,132,40,31,0,101,68,4"/><T81/><D114/><U88/><E119/><V67/><F125/><W106/><G132/><T45/><D69/><U95/><E127/><V100/><F134/><W98/><G107/><T135/><D135/><U50/><E38/><V118/><F67/><W37/><G68/><T104/><D5/><U39/><E39/><V22/><F118/><W112/><G112/><T130/><D130/><U64/><E78/><V8/><REACH who="2" step="1"/><F22/><REACH who="2" ten="250,250,240,250" step="2"/><W103/><G31/><T58/><D33/><U6/><E20/><V1/><F1/><W133/><G133/><T129/><D129/><U44/><E6/><V47/><F47/><W10/><G10/><T84/><D45/><U109/><E46/><V113/><F113/><W34/><G34/><T124/><D124/><U19/><REACH who="1" step="1"/><E109/><REACH who="1" ten="250,240,240,250" step="2"/><V117/><F117/><W93/><G4/><T80/><D108/><U85/><E85/><V54/><F54/><W131/><G131/><T21/><D111/><U42/><E42/><V63/><F63/><W56/><G40/><T96/><D74/><U13/><E13/><V121/><AGARI ba="0,2" hai="7,8,14,49,51,57,62,65,99,100,105,121,122,123" machi="121" ten="30,7900,0" yaku="1,1,0,1,52,1,53,1" doraHai="92" doraHaiUra="3" who="2" fromWho="2" sc="250,-39,240,-20,240,99,250,-20" />
</Scene>
<Scene>
<INIT seed="1,0,0,3,1,57" ten="211,220,339,230" oya="1" hai0="83,2,95,70,52,133,4,71,120,51,18,10,105" hai1="22,25,16,12,28,119,58,44,29,130,89,114,6" hai2="125,20,116,126,101,30,0,5,102,76,132,62,13" hai3="73,79,8,112,35,82,39,40,111,69,80,49,129"/><U78/><E114/><V128/><F128/><W33/><G112/><T93/><D105/><U43/><E119/><V63/><F132/><W14/><G111/><T9/><D133/><U41/><E130/><V100/><F76/><W37/><G129/><T27/><D120/><U121/><E121/><V47/><F0/><W74/><G69/><T53/><D83/><U7/><E78/><V87/><F87/><W38/><G74/><T68/><D53/><U46/><E89/><V55/><F116/><W42/><G82/><T19/><D19/><U117/><E117/><V66/><F66/><W131/><G131/><T127/><D127/><N who="2" m="48650" /><F5/><W94/><G94/><T110/><D110/><U123/><E123/><V103/><F103/><W54/><G35/><T31/><D18/><U106/><E106/><V92/><F92/><W23/><G33/><T50/><D9/><U75/><E75/><V81/><F81/><W98/><G23/><T24/><D50/><U91/><E91/><V86/><F86/><W60/><G98/><T17/><D17/><U59/><E6/><V134/><F134/><W45/><REACH who="3" step="1"/><G60/><REACH who="3" ten="211,220,339,220" step="2"/><T97/><D93/><U118/><E118/><V124/><F124/><W36/><N who="3" m="9728" /><DORA hai="99" /><W85/><G85/><T122/><D122/><U15/><E22/><V34/><F34/><W84/><G84/><T11/><D95/><U104/><E104/><V113/><F113/><W115/><G115/><T96/><D96/><U3/><E25/><N who="2" m="16679" /><F13/><W77/><G77/><T108/><D97/><U107/><E107/><V56/><F63/><W67/><G67/><T64/><D64/><RYUUKYOKU ba="0,1" sc="211,-15,220,-15,339,15,220,15" hai2="47,55,56,62,100,101,102" hai3="8,14,40,42,45,49,54,73,79,80" />
</Scene>
<Scene>
<INIT seed="2,1,1,0,3,43" ten="196,205,354,235" oya="2" hai0="104,42,1,85,12,70,95,128,124,135,45,16,82" hai1="67,114,60,94,25,73,86,2,37,34,76,78,112" hai2="51,62,93,8,92,15,26,87,107,24,79,81,131" hai3="29,69,111,10,105,46,7,28,0,97,127,50,39"/><V113/><F107/><W89/><G111/><T17/><D1/><U133/><E2/><V125/><F113/><W80/><G127/><T103/><D124/><U40/><E73/><V49/><F131/><W119/><G69/><T63/><D128/><U54/><E133/><V98/><F62/><W83/><G119/><T9/><D104/><U56/><E78/><V74/><F74/><W108/><G108/><T130/><D130/><U109/><E109/><V53/><F49/><W36/><G83/><T68/><D135/><U96/><E86/><V91/><F93/><W57/><G57/><T100/><D17/><U41/><E76/><V116/><F116/><W22/><G80/><T38/><D95/><U64/><E114/><V115/><F125/><W3/><G3/><T90/><REACH who="0" step="1"/><D70/><REACH who="0" ten="186,205,354,235" step="2"/><U35/><E112/><V65/><F115/><W52/><G105/><T13/><D13/><U102/><E94/><V77/><F92/><W71/><G71/><T132/><D132/><U5/><E5/><V88/><F15/><W44/><G7/><T99/><D99/><U117/><E96/><V75/><F98/><W118/><G97/><T30/><D30/><U110/><E117/><V134/><F134/><W20/><G118/><T19/><D19/><U14/><E110/><V31/><F31/><W72/><G29/><T61/><D61/><U126/><E60/><V27/><F27/><W129/><G28/><T21/><D21/><U121/><E126/><V32/><F26/><W11/><G129/><T120/><D120/><U4/><E121/><V59/><F24/><W48/><G0/><RYUUKYOKU ba="1,2" sc="186,30,205,-10,354,-10,235,-10" hai0="9,12,16,38,42,45,63,68,82,85,90,100,103" />
</Scene>
<Scene>
<INIT seed="3,2,2,4,3,133" ten="216,195,344,225" oya="3" hai0="74,80,130,46,70,81,135,77,43,41,110,59,1" hai1="44,13,114,86,32,113,84,122,99,6,8,69,47" hai2="104,111,109,88,14,17,134,31,117,118,26,90,129" hai3="52,45,68,108,7,89,98,128,76,22,61,35,36"/><W85/><G35/><T38/><D70/><U4/><E69/><V79/><F79/><W42/><G128/><T95/><D135/><U83/><E32/><N who="2" m="20599" /><F104/><W53/><G76/><T0/><D130/><U50/><E122/><V91/><F129/><W131/><G131/><T132/><D132/><U124/><E99/><V121/><F134/><W40/><G40/><T97/><D110/><N who="2" m="41994" /><F121/><W60/><G108/><T27/><D80/><U116/><E116/><V12/><F12/><W93/><G98/><T72/><D72/><U15/><E83/><V33/><F33/><W127/><G68/><T39/><D59/><U24/><E24/><V66/><F66/><W78/><G78/><T103/><REACH who="0" step="1"/><D27/><REACH who="0" ten="206,195,344,225" step="2"/><U120/><E120/><V5/><F5/><W96/><G7/><T11/><D11/><AGARI ba="2,3" hai="11,14,17,88,90,91,117,118" m="41994,20599" machi="11" ten="30,2000,0" yaku="14,1,54,1" doraHai="133" who="2" fromWho="0" sc="206,-26,195,0,344,56,225,0" />
</Scene>
<Scene>
<INIT seed="4,0,0,4,4,43" ten="180,195,400,225" oya="0" hai0="115,11,45,133,118,29,95,77,60,86,49,65,87" hai1="1,101,62,4,96,16,89,42,92,91,64,21,122" hai2="51,116,39,25,57,8,94,80,99,15,52,79,110" hai3="114,40,108,76,61,19,53,134,63,83,3,126,41"/><T54/><D118/><U7/><E122/><V82/><F110/><W50/><G108/><T112/><D133/><U33/><E33/><V129/><F39/><W67/><G126/><T88/><D29/><U93/><E42/><V119/><F25/><W111/><G111/><T32/><D32/><U24/><E1/><V27/><F27/><W103/><G3/><T128/><D128/><U125/><E125/><V28/><F28/><W69/><G61/><T124/><D11/><U104/><E104/><V58/><F129/><W5/><G5/><T66/><D124/><U34/><E34/><V70/><F70/><W127/><G127/><T68/><REACH who="0" step="1"/><D65/><REACH who="0" ten="170,195,400,225" step="2"/><U48/><E64/><V117/><F116/><W75/><G134/><T84/><D84/><U71/><E21/><V35/><F35/><W123/><G123/><T59/><D59/><U46/><E71/><V98/><F117/><W74/><G74/><T44/><D44/><U36/><E46/><N who="2" m="27767" /><F119/><W20/><G69/><T97/><D97/><U23/><E96/><V18/><F99/><W14/><G67/><T37/><D37/><U131/><E36/><V135/><F135/><W13/><G75/><T38/><D38/><U72/><E72/><V0/><F58/><W105/><G20/><T9/><D9/><U22/><E22/><V56/><F57/><W132/><G132/><T6/><D6/><U73/><E4/><V90/><F56/><W85/><G85/><T31/><D31/><U107/><E73/><V121/><F121/><W130/><G130/><T47/><D47/><U2/><E131/><V106/><F98/><RYUUKYOKU ba="0,1" sc="170,30,195,-10,400,-10,225,-10" hai0="45,49,54,60,66,68,77,86,87,88,95,112,115" />
</Scene>
<Scene>
<INIT seed="4,1,1,4,3,52" ten="200,185,390,215" oya="0" hai0="39,47,30,86,48,15,113,79,93,29,80,25,59" hai1="109,72,119,55,46,22,60,26,101,53,28,127,97" hai2="81,64,12,125,4,56,71,42,38,129,77,6,96" hai3="66,37,69,35,43,54,8,115,108,9,16,31,17"/><T87/><D113/><U32/><E109/><V98/><F71/><W44/><G108/><T117/><D117/><U112/><E119/><V7/><F38/><W118/><G118/><T11/><D39/><U124/><E72/><V132/><F42/><W74/><G74/><T70/><D70/><U91/><E112/><V24/><F132/><W120/><G115/><T130/><D130/><U103/><E32/><V10/><F125/><N who="1" m="48201" /><E55/><V14/><F24/><W73/><G73/><T126/><D126/><U40/><E91/><V88/><F77/><W58/><G31/><T34/><D59/><N who="1" m="34927" /><E97/><N who="2" m="37483" /><F10/><N who="3" m="4203" /><G35/><T1/><D1/><U78/><E78/><V128/><F129/><W2/><G2/><T65/><D65/><U18/><E28/><V121/><F121/><W67/><G67/><T99/><D29/><U116/><E116/><V83/><F83/><W63/><G120/><T85/><D99/><U94/><E94/><V82/><F82/><W50/><AGARI ba="1,1" hai="16,17,37,43,44,50,54,58,63,66,69" m="4203" machi="50" ten="30,4000,0" yaku="24,1,52,1,54,1" doraHai="52" who="3" fromWho="3" sc="200,-21,185,-11,390,-11,215,53" />
</Scene>
<Scene>
<INIT seed="5,0,0,1,5,25" ten="179,174,379,268" oya="1" hai0="69,38,19,131,120,82,68,21,105,47,74,36,34" hai1="22,90,112,13,104,28,135,59,80,130,70,110,103" hai2="81,63,88,95,40,48,111,20,108,33,92,84,61" hai3="89,0,31,7,27,77,37,64,30,73,121,16,72"/><U117/><E70/><V8/><F33/><W32/><G121/><T115/><D115/><U119/><E104/><V35/><F35/><W79/><G37/><T43/><D120/><U122/><E122/><V44/><F108/><W11/><G72/><T107/><D131/><U93/><E112/><V99/><F8/><W5/><G73/><T54/><D54/><U76/><E103/><N who="2" m="60903" /><F111/><W106/><G106/><N who="0" m="40459" /><D19/><U124/><E110/><V26/><F95/><W94/><G64/><T97/><D97/><U23/><E130/><V86/><F86/><W114/><G114/><T96/><D96/><U14/><E93/><V67/><F67/><W132/><G132/><T51/><D21/><U134/><E23/><V125/><F125/><W9/><G32/><T113/><D113/><U101/><E124/><V10/><F10/><N who="3" m="3595" /><G0/><T87/><D34/><U46/><E101/><V100/><F100/><W42/><G42/><T118/><D74/><U49/><E134/><V98/><F98/><N who="3" m="57679" /><G77/><N who="0" m="46543" /><D36/><U41/><E135/><V75/><F75/><W6/><G79/><T91/><D38/><U2/><E76/><V102/><F102/><W133/><G133/><T29/><D91/><U116/><E2/><V56/><F56/><W15/><G27/><T85/><D85/><N who="1" m="50471" /><E59/><V126/><F126/><W127/><G127/><T66/><D69/><U39/><E39/><V58/><F58/><W18/><G15/><T55/><D43/><U12/><E22/><V53/><F40/><W78/><G78/><T4/><D68/><U123/><E123/><V1/><BYE who="1" /><F1/><W17/><AGARI ba="0,0" hai="5,6,7,16,17,18,30,31" m="57679,3595" machi="17" ten="40,8000,1" yaku="8,1,52,2,54,1" doraHai="25" who="3" fromWho="3" sc="179,-20,174,-40,379,-20,268,80" />
</Scene>
<Scene>
<INIT seed="6,0,0,4,1,117" ten="159,134,359,348" oya="2" hai0="68,26,120,128,59,3,17,12,114,71,127,54,132" hai1="47,29,99,101,92,35,93,73,43,60,21,82,111" hai2="104,25,122,102,57,70,63,2,105,15,18,24,27" hai3="44,106,84,0,56,7,66,34,85,45,130,13,51"/><V131/><F2/><W95/><G106/><T33/><D3/><U46/><E46/><N who="3" m="18026" /><G0/><T40/><D120/><UN n1="%E5%A4%AA%E3%81%8F%E3%81%AA%E3%81%84%E3%81%8A" /><U41/><E35/><V78/><F70/><W61/><G34/><T79/><D114/><U50/><E111/><V37/><F37/><W22/><G130/><T52/><D128/><U4/><E4/><V83/><F131/><W125/><G125/><T126/><D40/><N who="1" m="24935" /><E73/><V74/><F102/><W115/><G115/><T123/><D123/><U30/><E82/><V94/><F94/><W86/><G51/><N who="0" m="31135" /><D79/><U8/><E8/><V118/><F118/><W108/><G108/><T107/><D107/><U72/><E72/><V19/><F122/><W75/><G75/><T97/><D97/><N who="1" m="59559" /><E60/><V88/><F104/><W109/><G109/><T119/><D119/><U9/><E9/><N who="2" m="6511" /><F74/><W77/><G7/><T135/><D68/><U133/><E133/><N who="0" m="51273" /><D71/><U112/><E112/><V89/><F105/><W58/><G77/><T20/><D54/><U116/><E116/><V55/><F78/><W28/><G95/><T10/><D33/><U11/><E11/><V31/><F31/><AGARI ba="0,0" hai="10,12,17,20,26,31,126,127" m="51273,31135" machi="31" ten="30,2000,0" yaku="20,1,54,1" doraHai="117" who="0" fromWho="2" sc="159,20,134,0,359,-20,348,0" />
</Scene>
<Scene>
<INIT seed="7,0,0,5,2,31" ten="179,134,339,348" oya="3" hai0="130,56,122,118,135,12,9,4,49,40,83,51,27" hai1="61,74,86,28,131,133,55,99,67,71,78,114,19" hai2="68,82,127,103,100,45,79,124,39,58,63,43,10" hai3="81,80,111,21,50,3,16,106,8,29,64,23,76"/><W57/><G106/><T97/><D122/><U66/><E74/><N who="2" m="43383" /><F10/><W129/><G3/><T53/><D130/><U109/><E109/><V132/><F68/><W126/><G129/><T105/><D135/><U32/><E131/><V36/><F36/><W110/><G126/><N who="2" m="48169" /><F132/><W46/><G8/><T22/><D118/><U20/><E133/><V41/><F41/><N who="3" m="24911" /><G29/><T35/><D83/><N who="3" m="31817" /><G16/><T101/><D40/><U128/><E128/><V17/><F17/><W104/><G76/><T75/><D75/><U0/><E78/><V94/><F94/><W88/><G88/><T14/><D51/><U90/><E0/><V119/><F119/><W123/><G104/><T62/><D49/><U120/><E120/><V52/><AGARI ba="0,0" hai="39,43,45,52,58,63,100,103" m="48169,43383" machi="52" ten="30,2000,0" yaku="18,1,54,1" doraHai="31" who="2" fromWho="2" sc="179,-5,134,-5,339,20,348,-10" owari="174,-23.0,129,-37.0,359,46.0,338,14.0" />
</Scene>
</mjloggm>