<mjloggm ver="2.3"><GO type="169" lobby="0"/><UN n0="%E5%A4%AA%E3%81%8F%E3%81%AA%E3%81%84%E3%81%8A" n1="%50%61%65%6C%6C%61" n2="%E3%81%B2%E3%81%AA%E3%81%9F%E5%BD%B1%E4%B8%B8" n3="%E3%81%A6%E3%82%93%E3%81%BD%E3%81%84%E3%82%93%E3%81%A8" dan="18,16,16,17" rate="2158.84,2119.02,2019.42,2197.48" sx="M,M,M,F"/><TAIKYOKU oya="0"/>

<Scene>
<INIT seed="0,0,0,4,4,115" ten="250,250,250,250" oya="0" hai0="131,95,20,105,0,73,100,68,11,117,124,76,60" hai1="27,99,3,24,4,10,130,16,103,85,64,28,17" hai2="63,49,82,123,67,125,47,81,38,50,58,91,2" hai3="25,118,114,75,5,83,111,56,42,129,13,107,122"/><T101/><D95/><U126/><E64/><V132/><F123/><W29/><G107/><T9/><D20/><U87/><E126/><V55/><F125/><W52/><G114/><T89/><D89/><U30/><E130/><V106/><F132/><W92/><G129/><T7/><D124/><U51/><E51/><V22/><F2/><W79/><G122/><T62/><D131/><U97/><E3/><V59/><F106/><W36/><G92/><T84/><D84/><U71/><E71/><V128/><F128/><W23/><G5/><T66/><D11/><U93/><E4/><V78/><F38/><W12/><G111/><T35/><D35/><U40/><E93/><V80/><F78/><W113/><G113/><T18/><D18/><U46/><E10/><V65/><F22/><W15/><G36/><T39/><D62/><U57/><E57/><V86/><REACH who="2" step="1"/><F67/><REACH who="2" ten="250,250,240,250" step="2"/><W43/><REACH who="3" step="1"/><G118/><REACH who="3" ten="250,250,240,240" step="2"/><T74/><D117/><U48/><E103/><V33/><F33/><W98/><G98/><T104/><D39/><U41/><E48/><AGARI ba="0,2" hai="12,13,15,23,25,29,42,43,48,52,56,75,79,83" machi="48" ten="40,2600,0" yaku="1,1,54,1,53,0" doraHai="115" doraHaiUra="61" who="3" fromWho="1" sc="250,0,250,-26,240,0,240,46" />
</Scene>
<Scene>
<INIT seed="1,0,0,3,2,75" ten="250,224,240,286" oya="1" hai0="62,79,56,97,89,49,18,110,130,116,109,119,84" hai1="78,111,33,108,120,39,101,121,48,95,41,35,61" hai2="4,57,99,24,63,66,100,133,43,25,26,83,38" hai3="29,114,58,16,113,74,94,15,103,77,47,124,28"/><U30/><E39/><V106/><F133/><W85/><G74/><T107/><D49/><U54/><E41/><V68/><F4/><W131/><G114/><T122/><D130/><U59/><E48/><V69/><F38/><W93/><G113/><T67/><D122/><U50/><E50/><V31/><F43/><W3/><G3/><T7/><D7/><U128/><E128/><V86/><REACH who="2" step="1"/><F31/><REACH who="2" ten="250,224,230,286" step="2"/><W51/><G131/><T45/><D116/><U115/><E30/><V9/><F9/><W5/><G5/><T42/><D119/><U65/><E115/><V23/><F23/><W118/><G118/><T55/><D42/><U73/><E120/><V98/><F98/><W126/><G29/><T87/><D97/><N who="1" m="59583" /><E121/><V82/><F82/><W64/><G28/><T27/><D110/><N who="1" m="42027" /><E65/><V44/><F44/><W52/><G47/><T76/><D45/><U88/><E88/><AGARI ba="0,1" hai="24,25,26,57,63,66,68,69,83,86,88,99,100,106" machi="88" ten="40,2600,0" yaku="1,1,54,1,53,0" doraHai="75" doraHaiUra="12" who="2" fromWho="1" sc="250,0,224,-26,230,36,286,0" />
</Scene>
<Scene>
<INIT seed="2,0,0,5,3,44" ten="250,198,266,286" oya="2" hai0="119,48,66,2,46,59,73,16,25,24,115,105,51" hai1="21,18,39,124,79,85,74,93,83,99,35,0,110" hai2="6,82,69,30,89,10,116,131,28,41,15,23,128" hai3="27,55,71,14,42,84,117,64,22,127,100,87,50"/><V37/><F116/><W81/><G117/><T134/><D115/><U108/><E124/><V104/><F69/><W95/><G127/><T11/><D119/><U54/><E35/><V9/><F104/><W53/><G71/><T20/><D73/><U94/><E0/><V40/><F37/><W58/><G64/><T102/><D134/><U90/><E39/><V125/><F125/><W38/><G38/><T47/><D105/><U67/><E67/><V92/><F82/><W52/><G14/><N who="0" m="7263" /><D2/><U135/><E135/><V7/><F23/><W129/><G129/><N who="2" m="49737" /><F9/><W107/><G107/><T78/><D102/><U26/><REACH who="1" step="1"/><E54/><REACH who="1" ten="250,188,266,286" step="2"/><V123/><F123/><W65/><G65/><T19/><D78/><U60/><E60/><V86/><F6/><W118/><G118/><T120/><D120/><U49/><E49/><N who="0" m="19017" /><D25/><U70/><E70/><V77/><F77/><W101/><G27/><T113/><D113/><U109/><E109/><V57/><F57/><W75/><G58/><T4/><D4/><U45/><E45/><V62/><F62/><AGARI ba="0,1" hai="19,20,24,46,47,59,62,66" m="19017,7263" machi="62" ten="30,8000,1" yaku="8,1,52,3,54,1" doraHai="44" who="0" fromWho="2" sc="250,90,188,0,266,-80,286,0" />
</Scene>
<Scene>
<INIT seed="3,0,0,5,3,56" ten="340,188,186,286" oya="3" hai0="85,20,74,47,6,11,43,3,26,32,131,88,130" hai1="29,129,107,118,86,84,61,0,89,91,98,34,66" hai2="52,67,112,123,97,72,128,101,30,35,110,12,38" hai3="59,27,100,41,114,63,10,132,31,65,133,53,73"/><W5/><G73/><T16/><D32/><U48/><E0/><V60/><F123/><W79/><G79/><T92/><REACH who="0" step="1"/><D74/><REACH who="0" ten="330,188,186,286" step="2"/><U93/><E34/><V7/><F112/><W62/><G114/><T105/><D105/><U111/><E107/><V9/><F110/><W18/><G132/><T33/><D33/><U58/><E111/><V108/><F108/><W109/><G133/><T54/><D54/><U64/><E64/><V83/><F72/><W36/><G109/><T90/><D90/><U135/><E135/><V94/><F35/><W68/><G53/><T96/><D96/><U42/><E98/><V117/><F52/><W77/><G65/><T102/><D102/><U13/><E66/><V125/><F67/><W39/><G100/><T82/><D82/><U25/><E89/><V87/><F83/><W116/><G68/><T50/><AGARI ba="0,1" hai="3,6,11,16,20,26,43,47,50,85,88,92,130,131" machi="50" ten="30,7900,0" yaku="1,1,0,1,54,2,53,0" doraHai="56" doraHaiUra="113" who="0" fromWho="0" sc="330,89,188,-20,186,-20,286,-39" />
</Scene>
<Scene>
<INIT seed="4,0,0,4,0,59" ten="419,168,166,247" oya="0" hai0="65,95,11,64,89,28,98,6,124,40,81,93,50" hai1="4,24,96,68,18,107,61,16,0,118,3,115,5" hai2="33,53,52,63,101,54,56,92,17,86,38,67,76" hai3="100,80,79,71,116,91,99,29,123,78,130,37,94"/><T125/><D28/><U121/><E118/><V87/><F33/><W55/><G37/><T69/><D81/><U39/><E39/><V104/><F38/><W97/><G71/><T42/><D93/><U110/><E110/><V85/><F104/><W45/><G116/><T48/><D48/><U132/><E132/><V41/><F41/><W127/><G29/><T75/><D75/><U109/><E109/><V8/><F76/><W22/><G22/><T135/><D135/><U119/><E119/><V74/><F74/><W62/><G45/><T108/><D108/><U57/><E68/><V10/><F17/><W112/><G112/><T49/><D49/><U44/><E44/><V31/><F31/><W36/><G36/><T7/><D7/><U51/><E51/><V77/><F77/><W46/><G46/><N who="0" m="25927" /><D69/><U27/><E115/><V113/><F113/><W120/><G80/><T72/><D72/><U14/><E121/><V126/><F126/><N who="0" m="48746" /><D42/><U111/><E111/><V43/><F43/><W105/><G127/><T128/><D128/><U66/><E107/><V103/><F103/><W83/><G130/><T133/><D133/><U35/><E4/><V102/><F102/><W21/><G83/><T117/><D117/><U9/><E5/><V19/><F19/><W129/><G129/><T82/><D82/><U30/><REACH who="1" step="1"/><E96/><AGARI ba="0,0" hai="8,10,52,53,54,56,63,67,85,86,87,92,96,101" machi="96" ten="40,5200,0" yaku="8,1,52,1,54,1" doraHai="59" who="2" fromWho="1" sc="419,0,168,-52,166,52,247,0" />
</Scene>
<Scene>
<INIT seed="5,0,0,1,3,95" ten="419,116,218,247" oya="1" hai0="1,27,32,14,112,35,110,123,3,117,90,45,107" hai1="59,134,18,72,102,8,46,31,74,44,69,81,19" hai2="108,42,100,94,76,0,114,37,87,133,60,25,4" hai3="16,115,130,118,124,61,11,96,23,119,48,132,101"/><U86/><E134/><V88/><F108/><W7/><G132/><T127/><D107/><U9/><E69/><V84/><F133/><W29/><G29/><T22/><D90/><U93/><E31/><V75/><F25/><W17/><G115/><T125/><D110/><U5/><E59/><V28/><F28/><W39/><G39/><T129/><D117/><N who="3" m="44553" /><G130/><T62/><D112/><U54/><E54/><V99/><F114/><W65/><G48/><T15/><D62/><U122/><E122/><V104/><F60/><W105/><G23/><T49/><D129/><U113/><E113/><V70/><F70/><N who="3" m="42287" /><G124/><N who="0" m="47691" /><D123/><U64/><E64/><V21/><F21/><W120/><G120/><T40/><D3/><AGARI ba="0,0" hai="3,7,11,16,17,96,101,105" m="42287,44553" machi="3" ten="30,3900,0" yaku="12,1,52,1,54,1" doraHai="95" who="3" fromWho="0" sc="419,-39,116,0,218,0,247,39" />
</Scene>
<Scene>
<INIT seed="6,0,0,5,5,102" ten="380,116,218,286" oya="2" hai0="78,32,110,116,120,11,54,117,100,66,72,134,88" hai1="26,82,62,79,121,126,12,51,112,122,40,6,38" hai2="13,96,132,85,83,107,17,124,9,70,59,90,89" hai3="21,63,123,14,133,29,8,52,71,76,53,24,93"/><V25/><F70/><W56/><G123/><T92/><D120/><N who="1" m="46187" /><E112/><V130/><F132/><W27/><G133/><T104/><D134/><U15/><E126/><V0/><F124/><W74/><G71/><T18/><D110/><U69/><E38/><V114/><F130/><W119/><G119/><N who="0" m="45643" /><D32/><U20/><E6/><V36/><F114/><W7/><G93/><T131/><D66/><N who="1" m="41175" /><E51/><V94/><F36/><W135/><G135/><T87/><D54/><U10/><E10/><V55/><F0/><W33/><G76/><T99/><D131/><U37/><E40/><V16/><F107/><W3/><G74/><T58/><D58/><U67/><E67/><V30/><F30/><W128/><G128/><T108/><D108/><U28/><E37/><V60/><REACH who="2" step="1"/><F25/><REACH who="2" ten="380,116,208,286" step="2"/><W105/><G105/><T65/><D104/><U1/><E1/><V22/><F22/><W48/><G3/><T41/><D11/><U31/><E31/><V103/><F103/><W125/><G125/><T47/><D100/><U64/><E64/><V68/><F68/><W2/><G2/><T61/><D65/><U50/><E50/><V95/><F95/><W44/><G27/><T101/><D92/><U84/><AGARI ba="0,1" hai="12,15,20,26,28,79,82,84" m="41175,46187" machi="84" ten="30,1100,0" yaku="13,1" doraHai="102" who="1" fromWho="1" sc="380,-3,116,21,208,-5,286,-3" />
</Scene>
<Scene>
<INIT seed="7,0,0,3,5,80" ten="377,137,203,283" oya="3" hai0="87,26,88,130,65,132,63,66,44,36,128,93,83" hai1="129,82,103,16,52,92,8,78,59,99,127,68,117" hai2="60,29,17,4,74,120,25,118,79,5,1,112,69" hai3="85,58,54,95,71,119,49,18,106,70,11,110,76"/><W35/><G106/><T109/><D109/><U98/><E117/><V45/><F118/><W27/><G119/><T31/><D132/><U111/><E127/><V42/><F112/><W9/><G110/><T14/><D14/><N who="1" m="7239" /><E111/><V94/><F1/><W47/><G71/><T100/><D36/><U37/><E37/><V12/><F74/><W126/><G70/><T90/><D100/><U48/><E68/><V107/><F107/><W32/><G126/><T116/><D44/><U56/><E129/><N who="0" m="49769" /><D63/><U3/><E3/><V41/><F42/><W91/><G35/><N who="0" m="20983" /><D116/><U114/><E114/><V135/><F135/><W62/><G76/><T15/><D15/><U77/><E98/><AGARI ba="0,0" hai="65,66,83,87,88,90,93,98" m="20983,49769" machi="98" ten="30,3900,0" yaku="19,1,52,1,54,1" doraHai="80" who="0" fromWho="1" sc="377,39,137,-39,203,0,283,0" owari="416,52.0,98,-40.0,203,-20.0,283,8.0" />
</Scene>
</mjloggm>