<mjloggm ver="2.3"><GO type="169" lobby="0"/><UN n0="%E5%A4%AA%E3%81%8F%E3%81%AA%E3%81%84%E3%81%8A" n1="%53%48%49%53%55%4B%45" n2="%28%E3%80%8C%E3%83%BB%60%CF%89%E3%83%BB%29%E3%80%8C" n3="%61%73%73%65%72%74%69%76" dan="17,17,16,16" rate="2232.91,2104.05,2113.92,2109.42" sx="M,M,M,M"/><TAIKYOKU oya="0"/>

<Scene>
<INIT seed="0,0,0,3,0,15" ten="250,250,250,250" oya="0" hai0="80,98,32,117,71,88,41,51,0,46,66,105,129" hai1="100,64,91,82,21,114,87,110,92,74,111,9,25" hai2="89,101,104,65,67,24,18,90,48,120,11,133,30" hai3="115,107,59,73,56,70,3,124,83,37,99,118,2"/><T4/><D117/><U125/><E125/><V16/><F120/><W13/><G13/><T60/><D129/><U36/><E36/><V20/><F133/><W8/><G8/><T135/><D135/><U44/><E44/><V108/><F108/><W55/><G83/><T132/><D132/><U42/><E42/><V39/><F39/><W31/><G31/><T106/><D32/><U119/><E119/><V40/><F104/><W22/><G99/><T19/><D4/><U68/><E9/><V5/><F101/><W94/><G107/><T134/><D0/><U1/><E1/><V43/><F5/><W76/><G3/><T77/><D134/><U53/><E53/><V126/><F126/><W33/><G55/><T54/><D41/><N who="2" m="15946" /><F48/><W116/><G37/><T45/><D45/><U50/><E50/><V128/><F128/><W27/><G2/><T47/><D47/><U38/><E38/><V69/><F69/><W28/><G70/><T122/><D122/><U7/><E7/><V130/><F130/><W78/><G124/><T61/><D61/><U12/><E68/><V81/><F11/><W72/><G33/><T75/><D106/><U102/><E111/><V95/><F81/><W57/><G116/><T131/><D131/><U93/><E82/><V34/><F34/><W52/><G52/><T109/><D109/><U84/><E110/><V6/><F6/><W96/><G118/><T112/><D112/><U85/><E114/><V63/><F63/><W113/><G113/><T127/><D127/><U10/><E10/><V97/><F90/><N who="3" m="55383" /><G115/><T14/><D71/><RYUUKYOKU ba="0,0" sc="250,-15,250,-15,250,15,250,15" hai2="16,18,20,24,30,65,67,89,95,97" hai3="22,27,28,56,57,59,72,73,76,78" />
</Scene>
<Scene>
<INIT seed="1,1,0,0,0,18" ten="235,235,265,265" oya="1" hai0="128,51,40,54,44,132,43,99,81,52,5,106,93" hai1="17,103,41,67,127,89,59,123,58,114,77,22,20" hai2="48,24,4,28,69,115,0,63,25,13,126,37,102" hai3="85,101,94,23,131,31,34,80,46,97,88,134,12"/><U68/><E123/><V6/><F37/><W70/><G70/><T122/><D106/><U2/><E2/><V55/><F0/><W75/><G134/><T135/><D122/><U119/><E119/><V35/><F24/><W45/><G131/><T125/><D128/><U66/><E68/><V120/><F120/><W118/><G118/><T83/><D125/><U39/><E77/><V124/><F102/><W32/><G32/><T91/><D5/><U8/><E103/><V57/><F115/><W110/><G110/><T113/><D113/><U3/><E114/><V36/><F36/><W30/><G34/><T72/><D54/><U42/><E39/><V29/><F29/><N who="3" m="10763" /><G75/><T9/><D9/><U50/><E3/><V96/><F13/><W121/><G121/><T111/><D111/><U108/><E127/><N who="2" m="48683" /><F96/><W15/><G15/><T47/><D72/><U82/><E108/><V60/><F60/><W56/><G56/><T112/><D112/><U49/><E8/><V92/><F92/><W129/><G129/><T117/><D117/><U84/><E59/><V116/><F116/><W79/><G101/><T64/><D135/><U105/><E105/><V76/><F76/><W133/><G133/><T87/><D132/><U26/><E58/><V11/><F11/><W33/><G33/><T98/><D47/><N who="1" m="25847" /><E50/><V109/><F109/><W65/><G65/><AGARI ba="1,0" hai="4,6,25,28,35,48,55,57,63,65,69" m="48683" machi="65" ten="30,1000,0" yaku="18,1" doraHai="18" who="2" fromWho="3" sc="235,0,235,0,265,13,265,-13" />
</Scene>
<Scene>
<INIT seed="2,0,0,3,5,131" ten="235,235,278,252" oya="2" hai0="26,5,25,13,47,45,32,36,68,113,76,28,51" hai1="118,89,37,82,98,56,115,130,121,21,66,70,72" hai2="49,73,104,15,22,96,17,20,1,63,64,50,124" hai3="41,102,10,86,92,85,11,60,46,4,100,117,23"/><V119/><F1/><W18/><G117/><T2/><D113/><U7/><E37/><V67/><F119/><W95/><G60/><T80/><D68/><U97/><E70/><V107/><F73/><W42/><G23/><T19/><D26/><U54/><E66/><V87/><F124/><W65/><G65/><T52/><D5/><U78/><E118/><V55/><F67/><W106/><G4/><T93/><D2/><U84/><E115/><V127/><F127/><W91/><G46/><T74/><D93/><U8/><E21/><V40/><F40/><W35/><G18/><T61/><D61/><U122/><E130/><V59/><F87/><W62/><G62/><T101/><D101/><U88/><E98/><V110/><F110/><W33/><G91/><T6/><D6/><U135/><E97/><V44/><F50/><W57/><G57/><T111/><D111/><U90/><E72/><V69/><F69/><W77/><G77/><T12/><REACH who="0" step="1"/><D19/><REACH who="0" ten="225,235,278,252" step="2"/><U27/><E27/><V16/><F96/><W29/><G106/><T31/><D31/><AGARI ba="0,1" hai="10,11,29,31,33,35,41,42,85,86,92,95,100,102" machi="31" ten="25,1600,0" yaku="22,2" doraHai="131" who="3" fromWho="0" sc="225,-16,235,0,278,0,252,26" />
</Scene>
<Scene>
<INIT seed="3,0,0,5,2,35" ten="209,235,278,278" oya="3" hai0="46,109,53,34,134,45,39,49,47,111,44,63,51" hai1="98,36,10,119,99,67,58,27,25,33,55,130,56" hai2="11,28,135,62,102,122,64,103,12,118,32,16,4" hai3="48,80,59,65,17,108,50,113,126,24,7,70,29"/><W21/><G113/><T90/><D34/><U115/><E115/><V19/><F118/><W89/><G126/><T43/><D90/><U124/><E36/><V77/><F122/><W81/><G70/><T131/><D134/><U60/><E33/><V116/><F116/><W0/><G108/><N who="0" m="41547" /><D131/><U18/><E130/><V9/><F77/><W104/><G104/><T123/><D123/><U120/><E124/><V100/><F135/><W87/><G29/><T15/><D15/><N who="1" m="7543" /><E119/><V13/><F4/><W42/><G0/><T127/><D127/><U69/><E69/><V2/><F2/><W96/><G7/><T110/><N who="0" m="41555" /><T57/><AGARI ba="0,0" hai="39,43,44,45,46,47,49,51,53,57,63" m="41555" machi="57" ten="50,8000,1" yaku="4,1,14,1,34,2" doraHai="35" who="0" fromWho="0" sc="209,80,235,-20,278,-20,278,-40" />
</Scene>
<Scene>
<INIT seed="4,0,0,0,0,85" ten="289,215,258,238" oya="0" hai0="19,64,6,105,70,112,20,68,35,69,1,2,12" hai1="111,37,118,62,43,92,36,65,49,4,11,96,121" hai2="106,54,134,83,7,123,130,82,41,18,94,90,133" hai3="53,26,0,66,78,95,71,40,101,22,79,59,99"/><T103/><D112/><U116/><E111/><V39/><F106/><W117/><G0/><T67/><D35/><U38/><E121/><V17/><F123/><W113/><G113/><T76/><D76/><U46/><E11/><V15/><F130/><W14/><G117/><T77/><D77/><U126/><E4/><V30/><F30/><W114/><G40/><T109/><D109/><U108/><E108/><V52/><F7/><W135/><G135/><N who="2" m="51721" /><F41/><W51/><G114/><T60/><D60/><U122/><E122/><V24/><F39/><W131/><G131/><T84/><D6/><U58/><REACH who="1" step="1"/><E126/><REACH who="1" ten="289,205,258,238" step="2"/><V32/><F32/><W61/><REACH who="3" step="1"/><G14/><REACH who="3" ten="289,205,258,228" step="2"/><T132/><D132/><U55/><E55/><V98/><F54/><W72/><G72/><T33/><D1/><U81/><E81/><V47/><F82/><W88/><G88/><AGARI ba="0,2" hai="36,37,38,43,46,49,58,62,65,88,92,96,116,118" machi="88" ten="40,5200,0" yaku="1,1,52,1,54,1,53,0" doraHai="85" doraHaiUra="110" who="1" fromWho="3" sc="289,0,205,72,258,0,228,-52" />
</Scene>
<Scene>
<INIT seed="5,0,0,1,0,10" ten="289,277,258,176" oya="1" hai0="128,35,66,104,47,40,120,71,62,134,70,39,93" hai1="6,101,36,44,121,113,127,99,22,9,4,2,87" hai2="100,65,97,13,81,126,82,46,60,89,56,98,78" hai3="11,79,91,88,29,110,54,124,116,21,19,26,123"/><U38/><E121/><V42/><F126/><W14/><G123/><T52/><D104/><U30/><E6/><V25/><F25/><W0/><G110/><T102/><D120/><U86/><E127/><V133/><F133/><W61/><G124/><T7/><D35/><U43/><E38/><V80/><F89/><W24/><G116/><T112/><D134/><U77/><E113/><V90/><F90/><W73/><G73/><T3/><D112/><U8/><E8/><V64/><F64/><W76/><G0/><T83/><D128/><U118/><E118/><V122/><F122/><W37/><G37/><T18/><D7/><U132/><E132/><V5/><F78/><N who="3" m="29739" /><G26/><T105/><D105/><U51/><E51/><N who="2" m="27095" /><F100/><W67/><G67/><T107/><D107/><U53/><E53/><V20/><F5/><N who="3" m="3439" /><G29/><T48/><D3/><U114/><E114/><V28/><F28/><W85/><G85/><T84/><D70/><U103/><E103/><V12/><F20/><W15/><G24/><T16/><D84/><U41/><E41/><V69/><F69/><W31/><G31/><T32/><D32/><U94/><E77/><V130/><F130/><W57/><AGARI ba="0,0" hai="15,19,21,54,57,61,88,91" m="3439,29739" machi="57" ten="30,7900,0" yaku="8,1,52,2,54,1" doraHai="10" who="3" fromWho="3" sc="289,-20,277,-39,258,-20,176,79" />
</Scene>
<Scene>
<INIT seed="6,0,0,2,2,49" ten="269,238,238,255" oya="2" hai0="133,35,51,8,103,117,73,77,53,92,14,110,41" hai1="23,5,111,121,97,108,50,37,11,102,79,135,88" hai2="15,66,109,63,131,85,16,18,20,76,130,6,17" hai3="128,9,104,125,55,94,86,115,74,91,100,24,67"/><V43/><F43/><W89/><G67/><T118/><D110/><U33/><E33/><V61/><F109/><W68/><G68/><T70/><D70/><U58/><E37/><V26/><F6/><W34/><G9/><T124/><D35/><U87/><E79/><V95/><F15/><W39/><G39/><T72/><D41/><U19/><E50/><V122/><F122/><W120/><G24/><T69/><D69/><U30/><E30/><V47/><F47/><W126/><G55/><T64/><D64/><U134/><E58/><N who="2" m="37175" /><F63/><W98/><G34/><T31/><D31/><U36/><E36/><V65/><F65/><W46/><G46/><N who="0" m="27895" /><D77/><U62/><E62/><V38/><F38/><W123/><G74/><T107/><D107/><U12/><E121/><N who="3" m="46666" /><G128/><N who="2" m="49193" /><F76/><W22/><G22/><T7/><D14/><U93/><E111/><V25/><F25/><W75/><G75/><T81/><D73/><U78/><E108/><V105/><F105/><W0/><G0/><T3/><D72/><U56/><E78/><V52/><F52/><W101/><G104/><T116/><D3/><U32/><E32/><V127/><F127/><N who="3" m="48651" /><G115/><T129/><D124/><U80/><REACH who="1" step="1"/><E56/><REACH who="1" ten="269,228,238,255" step="2"/><V132/><F132/><W54/><G54/><T2/><D129/><U90/><E90/><AGARI ba="0,1" hai="16,17,18,20,26,85,90,95" m="49193,37175" machi="90" ten="30,2900,0" yaku="19,1,54,1" doraHai="49" who="2" fromWho="1" sc="269,0,228,-29,238,39,255,0" />
</Scene>
<Scene>
<INIT seed="6,1,0,5,3,96" ten="269,199,277,255" oya="2" hai0="113,28,8,53,73,109,111,89,57,119,48,60,29" hai1="86,19,75,33,118,88,0,7,81,122,87,67,58" hai2="107,5,21,6,43,32,93,52,16,38,80,23,13" hai3="71,65,121,116,120,56,106,15,3,114,44,63,66"/><V94/><F107/><W124/><G3/><T102/><D73/><U90/><E75/><V135/><F32/><W117/><G106/><T12/><D113/><U51/><E33/><V39/><F135/><W98/><G98/><T83/><D119/><N who="3" m="45641" /><G15/><T41/><D111/><U2/><E118/><V128/><F128/><W49/><G114/><T61/><D109/><U131/><E7/><N who="2" m="2571" /><F39/><W105/><G105/><T47/><D102/><U95/><E122/><N who="3" m="47210" /><G124/><T129/><D129/><U55/><E131/><V108/><F38/><W68/><G66/><T62/><D83/><U17/><E67/><V132/><F132/><W9/><G9/><T14/><D89/><U92/><E81/><V26/><F43/><AGARI ba="1,0" hai="43,44,49,56,63,65,68,71" m="47210,45641" machi="43" ten="30,2000,0" yaku="34,2" doraHai="96" who="3" fromWho="2" sc="269,0,199,0,277,-23,255,23" />
</Scene>
<Scene>
<INIT seed="7,0,0,2,1,10" ten="269,199,254,278" oya="3" hai0="80,125,109,71,94,46,67,60,73,83,7,127,40" hai1="27,4,68,49,63,23,118,28,54,31,57,21,51" hai2="70,42,5,61,112,88,110,6,81,48,134,1,105" hai3="129,121,33,123,37,133,126,16,13,75,115,79,76"/><W12/><G37/><T72/><D109/><U102/><E68/><V11/><F105/><W25/><G75/><N who="0" m="28747" /><D94/><U131/><E118/><V65/><F110/><W122/><G115/><T2/><D7/><U96/><E4/><V17/><F112/><W3/><G3/><T77/><D2/><U82/><E82/><V106/><F106/><W74/><G74/><N who="0" m="43063" /><D83/><U0/><E0/><V15/><F1/><W29/><G129/><T55/><D55/><U89/><E89/><V66/><F66/><W97/><G97/><T50/><D50/><U53/><E131/><V113/><F113/><W43/><G126/><T107/><D107/><U117/><E117/><V14/><F42/><W98/><G43/><T135/><D135/><U20/><E31/><V116/><F116/><W30/><G98/><T114/><D114/><U26/><E26/><V58/><F134/><W47/><G47/><T108/><D108/><U111/><E111/><V64/><F48/><W22/><G133/><T84/><D84/><U130/><E130/><V39/><F39/><W99/><G99/><T18/><D18/><U35/><REACH who="1" step="1"/><E53/><REACH who="1" ten="269,189,254,278" step="2"/><V62/><F5/><W124/><G30/><T9/><D127/><U24/><E24/><V92/><F81/><W32/><G124/><T128/><D125/><U85/><E85/><V104/><F6/><W87/><G87/><T93/><D128/><U36/><E36/><V132/><F132/><W90/><G90/><T52/><D52/><U56/><E56/><V120/><F88/><W19/><G19/><T34/><D71/><U95/><AGARI ba="0,1" hai="20,21,23,27,28,35,49,51,54,57,63,95,96,102" machi="95" ten="30,7900,0" yaku="1,1,0,1,53,2" doraHai="10" doraHaiUra="45" who="1" fromWho="1" sc="269,-20,189,89,254,-20,278,-39" />
</Scene>
<Scene>
<INIT seed="8,0,0,0,1,27" ten="249,278,234,239" oya="0" hai0="56,121,97,134,43,36,129,40,109,101,86,55,87" hai1="118,19,89,65,13,26,95,72,79,48,47,59,67" hai2="21,9,104,116,107,90,113,76,73,131,130,35,29" hai3="57,94,66,18,2,12,119,122,37,34,1,135,62"/><T7/><D121/><U42/><E72/><V98/><F113/><W15/><G119/><T5/><D134/><U117/><E79/><V14/><F35/><W64/><G37/><T81/><D129/><N who="2" m="49162" /><F116/><N who="1" m="44649" /><E26/><N who="2" m="16591" /><F76/><W46/><G34/><T128/><D128/><U63/><E59/><V108/><F73/><W124/><G124/><T25/><D109/><U17/><E63/><V23/><F23/><W39/><G135/><T82/><D25/><U45/><E45/><V92/><F108/><W24/><G24/><T28/><D28/><U91/><E19/><AGARI ba="0,0" hai="9,14,19,90,92,98,104,107" m="16591,49162" machi="19" ten="30,2000,0" yaku="19,1,52,1" doraHai="27" who="2" fromWho="1" sc="249,0,278,-20,234,20,239,0" />
</Scene>
<Scene>
<INIT seed="9,0,0,5,1,110" ten="249,258,254,239" oya="1" hai0="9,82,32,97,93,81,41,127,113,10,128,17,74" hai1="55,60,73,62,116,25,87,70,85,91,75,27,31" hai2="36,119,68,90,101,19,49,133,103,61,104,123,76" hai3="132,43,46,42,98,71,86,130,54,35,121,112,21"/><U56/><E25/><V67/><F36/><W48/><G35/><T38/><D32/><U88/><E85/><V14/><F123/><W78/><G121/><T15/><D127/><U69/><E91/><V96/><F133/><W63/><G112/><T65/><D128/><U131/><E116/><V18/><F119/><W29/><G130/><T102/><D65/><U37/><E37/><V106/><F76/><W129/><G129/><T34/><D34/><U105/><E105/><V57/><F90/><W20/><G98/><T12/><D74/><U124/><E124/><V107/><F103/><W89/><G78/><T45/><REACH who="0" step="1"/><D113/><REACH who="0" ten="239,258,254,239" step="2"/><U125/><E131/><V28/><F67/><W50/><G132/><T77/><D77/><U3/><E125/><V51/><F107/><W95/><G29/><T64/><D64/><U120/><E120/><V111/><F106/><W47/><G71/><T115/><D115/><U2/><E70/><V118/><F68/><W100/><G100/><T94/><D94/><U83/><E73/><V16/><F28/><W5/><G5/><AGARI ba="0,1" hai="5,9,10,12,15,17,38,41,45,81,82,93,97,102" machi="5" ten="30,3900,0" yaku="1,1,7,1,53,1" doraHai="110" doraHaiUra="92" who="0" fromWho="3" sc="239,49,258,0,254,0,239,-39" />
</Scene>
<Scene>
<INIT seed="10,0,0,4,2,119" ten="288,258,254,200" oya="2" hai0="38,20,4,48,24,124,110,80,100,60,75,61,99" hai1="34,44,32,1,97,22,107,65,117,72,118,120,19" hai2="11,26,58,105,106,130,41,78,17,54,16,8,0" hai3="9,49,51,96,88,104,43,63,116,39,14,5,12"/><V74/><F130/><W57/><G116/><T114/><D38/><U108/><E1/><V91/><F41/><W89/><G39/><T42/><D110/><U93/><E107/><V81/><F91/><W7/><G104/><T10/><D114/><U35/><E72/><V129/><F129/><W46/><G51/><T95/><D124/><U113/><E113/><V25/><F0/><W94/><G12/><N who="0" m="5191" /><D75/><U66/><E108/><V122/><F122/><W76/><G76/><T50/><D80/><U123/><E44/><V125/><F125/><W84/><G5/><T132/><D132/><U71/><E71/><V55/><F74/><W103/><REACH who="3" step="1"/><G84/><REACH who="3" ten="288,258,254,190" step="2"/><T70/><D48/><U6/><E118/><V83/><F78/><W56/><G56/><AGARI ba="0,1" hai="8,11,16,17,25,26,54,55,56,58,81,83,105,106" machi="56" ten="25,4800,0" yaku="22,2,54,1" doraHai="119" who="2" fromWho="3" sc="288,0,258,0,254,58,190,-48" owari="288,9.0,258,-14.0,312,41.0,142,-36.0" />
</Scene>
</mjloggm>