<mjloggm ver="2.3"><GO type="169" lobby="0"/><UN n0="%E5%A4%AA%E3%81%8F%E3%81%AA%E3%81%84%E3%81%8A" n1="%E6%B4%A5%E7%94%B0%E6%B2%BC%E3%81%A3%E5%AD%90" n2="%28%EF%BC%BE%CE%BD%EF%BC%BE%29" n3="%E3%82%AB%E3%83%8B%E3%83%9E%E3%83%A8" dan="18,16,16,17" rate="2170.63,2076.55,2123.33,2077.59" sx="M,M,M,M"/><TAIKYOKU oya="0"/>

<Scene>
<INIT seed="0,0,0,1,1,128" ten="250,250,250,250" oya="0" hai0="17,1,74,39,96,107,54,0,62,28,129,71,133" hai1="53,33,16,83,121,69,80,47,5,41,34,11,125" hai2="113,114,58,119,68,104,78,99,93,90,60,32,94" hai3="81,42,98,89,52,118,115,25,108,27,86,29,70"/><T14/><D74/><U49/><E69/><V4/><F68/><W135/><G70/><T31/><D39/><U72/><E121/><V8/><F32/><W56/><G118/><T85/><D129/><U59/><E125/><V95/><F119/><W18/><G108/><T21/><D85/><U116/><E116/><V57/><F78/><W102/><G42/><T88/><D107/><U55/><E55/><V10/><F58/><W63/><G115/><T122/><D122/><U73/><E73/><V65/><F10/><W66/><G18/><T97/><D97/><U82/><E72/><V130/><F130/><W43/><G43/><T13/><D13/><U22/><E11/><V100/><REACH who="2" step="1"/><F90/><REACH who="2" ten="250,250,240,250" step="2"/><W37/><G89/><T46/><D71/><U132/><E132/><V3/><AGARI ba="0,1" hai="3,4,8,57,60,65,93,94,95,99,100,104,113,114" machi="3" ten="30,7900,0" yaku="1,1,2,1,0,1,53,1" doraHai="128" doraHaiUra="35" who="2" fromWho="2" sc="250,-39,250,-20,240,89,250,-20" />
</Scene>
<Scene>
<INIT seed="1,0,0,1,4,114" ten="211,230,329,230" oya="1" hai0="49,89,7,53,122,87,88,1,0,76,93,2,74" hai1="22,111,12,107,29,102,33,35,26,14,40,10,3" hai2="32,84,128,121,38,21,4,62,23,78,80,64,126" hai3="25,92,105,69,91,15,36,109,123,100,67,34,54"/><U127/><E107/><V11/><F121/><W19/><G36/><T55/><D122/><U82/><E102/><V6/><F32/><W61/><G109/><T124/><D124/><U5/><E40/><V72/><F126/><W17/><G123/><T44/><D89/><U68/><E68/><V96/><F128/><W45/><G15/><T48/><D7/><U113/><E82/><V135/><F135/><W70/><G70/><T59/><D76/><U20/><E127/><V8/><F96/><N who="3" m="61575" /><G45/><T90/><D90/><U79/><E79/><V50/><F38/><W108/><G54/><T125/><D125/><U98/><E98/><V85/><F50/><W117/><G108/><T112/><D74/><U43/><E43/><V120/><F120/><W71/><G71/><T134/><D112/><U77/><E77/><V103/><F103/><W9/><G9/><T94/><REACH who="0" step="1"/><D134/><REACH who="0" ten="201,230,329,230" step="2"/><U81/><E113/><V73/><F73/><W18/><G91/><T30/><D30/><U99/><E111/><V28/><F6/><W16/><G19/><T42/><D42/><U31/><E81/><AGARI ba="0,1" hai="0,1,2,44,48,49,53,55,59,81,87,88,93,94" machi="81" ten="40,2600,0" yaku="1,1,54,1,53,0" doraHai="114" doraHaiUra="116" who="0" fromWho="1" sc="201,36,230,-26,329,0,230,0" />
</Scene>
<Scene>
<INIT seed="2,0,0,0,2,87" ten="237,204,329,230" oya="2" hai0="26,50,76,109,81,95,93,0,37,8,31,20,115" hai1="130,127,22,63,57,83,29,12,64,97,82,54,129" hai2="19,1,122,3,18,38,79,112,113,134,99,92,69" hai3="86,119,45,71,107,35,66,67,101,68,72,125,17"/><V53/><F38/><W80/><G72/><T41/><D115/><U14/><E127/><V89/><F122/><W108/><G35/><T40/><D109/><U43/><E43/><V32/><F69/><W6/><G6/><N who="0" m="1095" /><D50/><U117/><E117/><V118/><F118/><W103/><G119/><T39/><D41/><U90/><E64/><V77/><F32/><W94/><G107/><T23/><D23/><U51/><E63/><V34/><F34/><W126/><G45/><N who="0" m="23695" /><D39/><U56/><E56/><V104/><F104/><W120/><G120/><T116/><D116/><U61/><E61/><V30/><F30/><W27/><G108/><T75/><AGARI ba="0,0" hai="20,26,31,75,76,81,93,95" m="23695,1095" machi="75" ten="30,1100,0" yaku="25,1" doraHai="87" who="0" fromWho="0" sc="237,11,204,-3,329,-5,230,-3" />
</Scene>
<Scene>
<INIT seed="3,0,0,4,1,42" ten="248,201,324,227" oya="3" hai0="21,22,58,40,113,41,134,90,123,59,31,98,108" hai1="87,93,130,83,30,131,125,88,103,52,82,124,35" hai2="56,9,112,10,72,19,44,48,129,45,16,6,64" hai3="111,116,36,80,23,63,102,24,127,69,86,68,57"/><W26/><G36/><T28/><D123/><U29/><E35/><V25/><F112/><W100/><G116/><T120/><D120/><U85/><E30/><V1/><F129/><N who="1" m="49161" /><E29/><V51/><F72/><W70/><G127/><N who="1" m="48714" /><E52/><N who="2" m="29711" /><F1/><W49/><G111/><T77/><D108/><U65/><E65/><V39/><F39/><W34/><G34/><T46/><D28/><U17/><E17/><N who="2" m="6731" /><F25/><W66/><G24/><T75/><D31/><U74/><E74/><V47/><F6/><W73/><G26/><T53/><D75/><U99/><E85/><V27/><F27/><W0/><G0/><T12/><D21/><U126/><N who="1" m="48722" /><U78/><DORA hai="92" /><E78/><V119/><F119/><W106/><G23/><T15/><D77/><U38/><E38/><V133/><F133/><W114/><G73/><T128/><D134/><U110/><E110/><V50/><F50/><W81/><G49/><T60/><D128/><U107/><AGARI ba="0,0" hai="82,83,87,88,93,99,103,107" m="48722,49161" machi="107" ten="50,12000,2" yaku="19,1,18,1,34,2,52,1,54,1" doraHai="42,92" who="1" fromWho="1" sc="248,-30,201,120,324,-30,227,-60" />
</Scene>
<Scene>
<INIT seed="4,0,0,0,4,23" ten="218,321,294,167" oya="0" hai0="16,81,9,68,69,65,135,51,82,130,72,101,57" hai1="7,15,40,125,103,117,80,47,31,77,14,79,34" hai2="17,2,99,71,134,87,58,56,38,98,41,66,22" hai3="27,131,86,12,59,123,25,76,115,127,88,94,132"/><T60/><D130/><U42/><E117/><V89/><F2/><W78/><G131/><T116/><D116/><U35/><E125/><V73/><F73/><W55/><G127/><T52/><D135/><U126/><E126/><V120/><F120/><W18/><G115/><T48/><D101/><U83/><E103/><V105/><F134/><W96/><G123/><T54/><D68/><U67/><E67/><V11/><F11/><N who="3" m="6431" /><G132/><T10/><D72/><U122/><E122/><V1/><F1/><W118/><G118/><T3/><D10/><U45/><E31/><V133/><F71/><W63/><G96/><T97/><D97/><U104/><E7/><V128/><F128/><W107/><G107/><AGARI ba="0,0" hai="14,15,34,35,40,42,45,47,77,79,80,83,104,107" machi="107" ten="25,1600,0" yaku="22,2" doraHai="23" who="1" fromWho="3" sc="218,0,321,16,294,0,167,-16" />
</Scene>
<Scene>
<INIT seed="5,0,0,2,2,110" ten="218,337,294,151" oya="1" hai0="14,87,109,73,65,105,4,31,12,27,126,39,95" hai1="91,75,106,13,114,82,64,102,57,72,63,66,53" hai2="107,97,16,94,2,134,88,55,62,9,104,113,11" hai3="83,61,129,119,45,0,69,118,17,117,5,81,101"/><U44/><E114/><V35/><F35/><W127/><G5/><T54/><D109/><U112/><E112/><V51/><F113/><W115/><G0/><T93/><D105/><U3/><E3/><V41/><F134/><W98/><G115/><T8/><D73/><U6/><E106/><V22/><F41/><W42/><G129/><T74/><D74/><U124/><E102/><V30/><F30/><W32/><G32/><T20/><D39/><U15/><E124/><V84/><F62/><W52/><G127/><T38/><D38/><U28/><E28/><V21/><F21/><W68/><G17/><T71/><D126/><U96/><E75/><V79/><F2/><W47/><G81/><T128/><D128/><U58/><E72/><V122/><F122/><W46/><G83/><T67/><D71/><U77/><E77/><V99/><F104/><W131/><G131/><T49/><D14/><U103/><E103/><V89/><F79/><W120/><G120/><T130/><D130/><U76/><E76/><V36/><F36/><W108/><G108/><T59/><D93/><U50/><E6/><V40/><F40/><W23/><G23/><T60/><D60/><N who="1" m="38167" /><E82/><N who="2" m="49303" /><F99/><W90/><G42/><T56/><D56/><U18/><E18/><V100/><F100/><W85/><G85/><T48/><D48/><U133/><E133/><V125/><F125/><W92/><G101/><T34/><D34/><U33/><E33/><V25/><F107/><W135/><G135/><T78/><D78/><U26/><E26/><V24/><F24/><W121/><G121/><T19/><D31/><RYUUKYOKU ba="0,0" sc="218,0,337,0,294,0,151,0" hai0="4,8,12,19,20,27,49,54,59,65,67,87,95" hai1="13,15,44,50,53,57,63,64,91,96" hai2="9,11,16,22,25,51,55,88,94,97" hai3="45,46,47,52,61,68,69,90,92,98,117,118,119" />
</Scene>
<Scene>
<INIT seed="5,1,0,5,0,37" ten="218,337,294,151" oya="1" hai0="12,10,75,6,124,28,107,34,131,94,72,16,9" hai1="93,24,25,49,42,18,26,76,55,91,39,44,73" hai2="66,70,115,13,117,112,109,23,88,126,103,17,62" hai3="84,125,14,123,108,82,52,130,33,92,99,116,85"/><U133/><E133/><V53/><F109/><W11/><G33/><T57/><D107/><U120/><E120/><V129/><F117/><W110/><G123/><T8/><D124/><U121/><E121/><V22/><F103/><W30/><G125/><T127/><D127/><U134/><E134/><V15/><F126/><W106/><G30/><T119/><D119/><U97/><E76/><V104/><F104/><W3/><G3/><T20/><D131/><U87/><E73/><V101/><F101/><W35/><G35/><T2/><D94/><U63/><E63/><V67/><F129/><W31/><G31/><T79/><D57/><U89/><E18/><V100/><F100/><W118/><G106/><T65/><D65/><U51/><REACH who="1" step="1"/><E55/><REACH who="1" ten="218,327,294,151" step="2"/><V56/><F53/><W38/><G130/><T7/><D79/><U68/><E68/><V98/><F70/><W54/><G116/><T80/><D72/><U41/><E41/><V21/><F17/><W78/><G118/><T19/><D75/><U36/><E36/><V64/><F115/><W83/><G38/><T50/><D19/><U32/><E32/><V132/><F132/><W45/><G110/><T47/><D34/><U48/><E48/><V114/><F114/><W40/><G108/><T113/><D113/><U135/><E135/><V71/><F71/><W105/><G40/><N who="0" m="24935" /><D28/><U46/><E46/><V96/><F112/><W77/><G45/><T58/><D58/><U90/><E90/><V5/><F56/><W95/><G54/><T29/><D29/><U111/><E111/><V61/><F61/><W1/><G77/><RYUUKYOKU ba="1,1" sc="218,-10,327,30,294,-10,151,-10" hai1="24,25,26,39,42,44,49,51,87,89,91,93,97" />
</Scene>
<Scene>
<INIT seed="5,2,1,5,5,124" ten="208,357,284,141" oya="1" hai0="16,92,110,3,40,121,107,11,113,73,25,132,83" hai1="58,19,31,78,74,120,68,15,42,135,84,45,87" hai2="5,106,98,100,47,99,101,9,134,4,29,116,36" hai3="77,63,60,39,52,28,91,56,111,17,81,119,118"/><U90/><E68/><V26/><F116/><N who="3" m="44587" /><G39/><T66/><D107/><U53/><E120/><V125/><F125/><W94/><G28/><T51/><D110/><U76/><E135/><V131/><F134/><W115/><G111/><T109/><D109/><U104/><E104/><V61/><F61/><N who="3" m="35975" /><G115/><T122/><D132/><U128/><E31/><V41/><F9/><W8/><G8/><T22/><D66/><U93/><E74/><V64/><F64/><W49/><G17/><T69/><D69/><U127/><E87/><V2/><F2/><W32/><G49/><T105/><D113/><U37/><E127/><V34/><F131/><W82/><G32/><T27/><D11/><U117/><E128/><V70/><F70/><W103/><G103/><T23/><D51/><U96/><E96/><V79/><F79/><W33/><G33/><T57/><D16/><U130/><E130/><V86/><F86/><N who="3" m="52599" /><G82/><T129/><D83/><U18/><E117/><V48/><F48/><W1/><G1/><T75/><D3/><U95/><E95/><AGARI ba="2,1" hai="4,5,26,29,34,36,41,47,95,98,99,100,101,106" machi="95" ten="30,1000,0" yaku="7,1" doraHai="124" who="2" fromWho="1" sc="208,0,357,-16,284,26,141,0" />
</Scene>
<Scene>
<INIT seed="6,0,0,5,3,57" ten="208,341,310,141" oya="2" hai0="40,119,96,1,64,68,80,45,88,122,110,28,59" hai1="19,39,54,65,91,0,48,129,32,121,102,52,22" hai2="128,29,93,98,3,126,70,43,31,113,101,114,5" hai3="47,106,46,120,105,18,82,35,61,50,118,115,37"/><V67/><F128/><W100/><G118/><T7/><D110/><U78/><E121/><V89/><F126/><W44/><G35/><T72/><D122/><U95/><E39/><V24/><F43/><W66/><G120/><T38/><D28/><U20/><E0/><V75/><F75/><W13/><G37/><T81/><D119/><U71/><E32/><V108/><F108/><W83/><G50/><T36/><D36/><U6/><E6/><V33/><F31/><W109/><G109/><T41/><D41/><U14/><E129/><V55/><F55/><W134/><G134/><T21/><D21/><U111/><E102/><V77/><F77/><W79/><G100/><T10/><D68/><U124/><E124/><V76/><F76/><W26/><G26/><T84/><D96/><U117/><E117/><V9/><F89/><W23/><G115/><N who="2" m="44041" /><F67/><W85/><REACH who="3" step="1"/><G83/><REACH who="3" ten="208,341,310,131" step="2"/><T135/><D135/><U112/><E111/><V132/><F132/><W25/><G25/><T17/><D80/><U127/><E127/><V11/><F101/><W86/><G86/><T123/><D123/><U104/><E48/><V99/><F24/><W92/><G92/><T53/><D38/><U74/><E95/><V116/><F93/><W107/><G107/><T12/><D81/><U30/><E104/><V4/><F33/><W131/><G131/><T125/><D125/><U69/><E74/><V16/><F116/><W63/><G63/><T73/><D72/><U97/><E97/><V49/><F49/><W56/><AGARI ba="0,1" hai="13,18,23,44,46,47,56,61,66,79,82,85,105,106" machi="56" ten="30,4000,0" yaku="1,1,0,1,52,1,53,0" doraHai="57" doraHaiUra="2" who="3" fromWho="3" sc="208,-10,341,-10,310,-20,131,50" />
</Scene>
<Scene>
<INIT seed="7,0,0,3,0,44" ten="198,331,290,181" oya="3" hai0="74,35,81,68,59,117,104,121,109,91,53,4,30" hai1="72,23,14,16,50,95,79,39,112,60,75,41,118" hai2="69,82,83,2,8,86,5,11,100,90,125,7,54" hai3="70,114,12,47,102,76,34,37,128,32,46,61,24"/><W9/><G128/><T29/><D109/><U131/><E39/><V134/><F69/><W58/><G114/><T67/><D117/><U84/><E118/><V33/><F33/><W49/><G70/><T17/><D104/><U113/><E131/><V28/><F28/><W71/><G102/><T93/><D121/><U21/><E60/><V31/><F31/><W27/><G76/><T135/><D135/><U18/><E41/><V89/><F134/><W45/><G37/><T96/><D4/><U55/><E79/><V51/><F100/><W123/><G71/><T77/><D35/><U6/><E6/><V1/><F125/><W78/><G78/><T63/><D17/><U20/><E84/><V43/><F43/><N who="3" m="24767" /><G123/><T115/><D115/><N who="1" m="44107" /><E95/><V127/><F127/><W10/><G10/><T88/><D77/><U85/><E85/><V120/><F120/><W48/><G34/><T3/><D63/><U92/><E92/><V97/><F97/><W108/><G32/><T62/><D96/><U66/><E66/><V110/><F110/><W132/><G132/><T111/><D67/><U19/><E14/><V36/><F36/><W107/><G107/><T94/><D111/><U73/><E73/><V26/><F26/><N who="3" m="9771" /><G108/><T126/><D74/><U0/><E0/><V42/><F42/><W122/><G122/><T105/><D3/><U25/><E25/><V119/><F119/><W64/><G48/><N who="0" m="31143" /><D126/><U133/><E133/><V57/><REACH who="2" step="1"/><F89/><REACH who="2" ten="198,331,280,181" step="2"/><W13/><G13/><T38/><D38/><U40/><E40/><V52/><F52/><W124/><G124/><T99/><D29/><RYUUKYOKU ba="0,1" sc="198,-30,331,10,280,10,181,10" hai1="16,18,19,20,21,23,50,55,72,75" hai2="1,2,5,7,8,11,51,54,57,82,83,86,90" hai3="9,12,46,47,58,61,64" />
</Scene>
<Scene>
<INIT seed="7,1,1,0,1,46" ten="168,341,290,191" oya="3" hai0="39,45,67,42,107,112,94,96,104,20,12,86,28" hai1="22,77,26,35,126,47,9,72,114,124,60,74,125" hai2="132,123,6,30,117,13,32,120,109,128,133,108,15" hai3="101,111,52,102,88,59,68,66,73,56,134,1,70"/><W83/><G1/><T90/><D112/><U25/><E114/><V4/><F117/><W75/><G134/><N who="2" m="51817" /><F128/><W80/><G66/><T87/><D67/><U82/><E60/><V122/><F30/><W23/><G23/><T19/><REACH who="0" step="1"/><D28/><REACH who="0" ten="158,341,290,191" step="2"/><U98/><E126/><V53/><F123/><W55/><G88/><T99/><D99/><U89/><E98/><V2/><F122/><W92/><REACH who="3" step="1"/><G92/><REACH who="3" ten="158,341,290,181" step="2"/><T43/><D43/><U41/><E89/><V135/><F135/><W113/><G113/><T100/><D100/><U71/><E41/><V8/><F120/><W84/><G84/><AGARI ba="1,3" hai="12,19,20,39,42,45,84,86,87,90,94,96,104,107" machi="84" ten="40,1300,0" yaku="1,1,53,0" doraHai="46" doraHaiUra="34" who="0" fromWho="3" sc="158,46,341,0,290,0,181,-16" owari="204,-20.0,341,44.0,290,9.0,165,-33.0" />
</Scene>
</mjloggm>