<mjloggm ver="2.3"><GO type="169" lobby="0"/><UN n0="%E3%82%86%E3%81%86%E3%81%B4" n1="%E5%A4%AA%E3%81%8F%E3%81%AA%E3%81%84%E3%81%8A" n2="%73%2E%63%65%6C%74%79" n3="%E8%B5%A4%E3%83%89%E3%83%B3%E3%81%A1%E3%82%83%E3%82%93" dan="16,18,16,16" rate="2192.10,2181.94,2066.48,2033.01" sx="M,M,F,M"/><TAIKYOKU oya="0"/>

<Scene>
<INIT seed="0,0,0,3,2,104" ten="250,250,250,250" oya="0" hai0="4,22,17,35,28,103,94,86,59,82,124,87,5" hai1="0,44,72,132,74,43,34,55,63,129,79,77,21" hai2="33,93,130,134,68,20,42,52,12,120,18,25,114" hai3="109,36,24,76,27,56,78,125,50,127,53,54,6"/><T105/><D124/><N who="3" m="47689" /><G36/><T108/><D108/><U64/><E34/><V99/><F120/><W119/><G119/><T31/><D105/><U49/><E0/><V80/><F114/><W133/><G109/><T81/><D103/><U45/><E132/><V48/><F130/><W89/><G133/><T88/><D59/><U69/><E129/><V128/><F128/><W39/><G39/><T98/><D35/><U84/><E21/><V23/><F68/><W96/><G6/><N who="0" m="2667" /><D98/><U126/><E126/><V2/><F2/><W123/><G123/><T10/><D10/><U71/><E71/><V112/><F112/><W116/><G116/><T106/><D106/><U9/><E9/><V107/><F107/><W32/><G54/><T121/><D121/><U11/><E11/><V46/><F33/><W118/><G118/><T92/><D92/><U8/><E8/><V62/><F134/><W16/><G32/><T58/><D58/><U29/><E29/><N who="0" m="11337" /><D86/><U97/><E97/><V131/><F131/><W135/><G96/><T122/><D122/><U47/><E84/><V95/><F99/><W65/><G56/><T3/><D3/><U73/><REACH who="1" step="1"/><E45/><REACH who="1" ten="250,240,250,250" step="2"/><V7/><F7/><W26/><G135/><T37/><D37/><AGARI ba="0,1" hai="37,43,44,47,49,55,63,64,69,72,73,74,77,79" machi="37" ten="40,8000,1" yaku="1,1,2,1,52,3,53,0" doraHai="104" doraHaiUra="117" who="1" fromWho="0" sc="250,-80,240,90,250,0,250,0" />
</Scene>
<Scene>
<INIT seed="1,0,0,1,4,128" ten="170,330,250,250" oya="1" hai0="62,26,126,120,102,98,59,105,67,89,0,29,84" hai1="66,65,63,92,2,4,78,75,112,72,14,114,50" hai2="77,9,130,10,31,83,45,110,19,3,17,53,57" hai3="135,95,24,25,8,22,1,132,47,109,23,111,76"/><U97/><E2/><V81/><F130/><W46/><G76/><T104/><D0/><U82/><E72/><V99/><F110/><N who="3" m="41995" /><G95/><T16/><D120/><U119/><E119/><V127/><F127/><W107/><G107/><T44/><D105/><U125/><E125/><V18/><F31/><N who="3" m="17815" /><G46/><T64/><D44/><U30/><E30/><V41/><F99/><W123/><G47/><T91/><D126/><U13/><E50/><N who="2" m="26927" /><F3/><W42/><G42/><T69/><D67/><U38/><E38/><V40/><F40/><W96/><G96/><T80/><D16/><U87/><E75/><V90/><F77/><W51/><G51/><T79/><REACH who="0" step="1"/><D59/><REACH who="0" ten="160,330,250,250" step="2"/><U5/><E65/><V131/><F131/><W54/><G123/><T117/><D117/><U115/><E5/><V15/><F10/><W49/><G54/><T36/><D36/><U113/><E4/><V124/><F124/><W86/><G49/><T12/><D12/><U39/><E39/><V37/><F37/><W56/><G56/><T48/><D48/><U116/><E116/><V73/><F9/><W129/><G129/><T103/><D103/><U35/><E112/><V32/><F15/><W108/><G108/><T133/><D133/><U70/><E13/><V60/><F18/><W21/><G8/><T101/><D101/><U118/><E118/><V52/><F19/><W68/><G1/><T43/><D43/><U27/><E14/><V106/><F17/><W134/><G135/><T55/><D55/><U7/><E7/><V121/><F53/><W58/><G134/><T85/><D85/><U74/><E87/><RYUUKYOKU ba="0,1" sc="160,30,330,-10,250,-10,250,-10" hai0="26,29,62,64,69,79,80,84,89,91,98,102,104" />
</Scene>
<Scene>
<INIT seed="2,1,1,2,4,85" ten="190,320,240,240" oya="2" hai0="76,67,135,132,105,28,62,69,31,122,109,51,25" hai1="97,131,8,33,84,23,118,58,56,119,70,92,59" hai2="96,54,75,9,107,45,36,55,88,81,49,124,47" hai3="50,116,14,42,30,112,34,7,133,77,46,2,125"/><V63/><F124/><W72/><G116/><T120/><D105/><U13/><E33/><V24/><F24/><W19/><G125/><T57/><D76/><U66/><E131/><V121/><F121/><W3/><G133/><N who="0" m="51275" /><D31/><U48/><E23/><V53/><F9/><W43/><G112/><T123/><D25/><U113/><E84/><V128/><F128/><W80/><G43/><T17/><D17/><U73/><E73/><V104/><F75/><W1/><G30/><T94/><D28/><U89/><E113/><V86/><F63/><W12/><G34/><T102/><D94/><U127/><E127/><V91/><F36/><W106/><G106/><T18/><D102/><U100/><E100/><V60/><F60/><W26/><G7/><T16/><D109/><U22/><E22/><V4/><F4/><W98/><G26/><T27/><D27/><U39/><E8/><V78/><F47/><W44/><G98/><T130/><D130/><U68/><E13/><V64/><F64/><W20/><G14/><T5/><D5/><U93/><E66/><V95/><REACH who="2" step="1"/><F78/><REACH who="2" ten="190,320,230,240" step="2"/><W11/><G11/><T40/><D69/><U79/><E79/><V82/><F82/><W41/><G3/><T37/><D37/><AGARI ba="1,2" hai="1,2,12,19,20,37,41,42,44,46,50,72,77,80" machi="37" ten="30,1000,0" yaku="7,1" doraHai="85" who="3" fromWho="0" sc="190,-13,320,0,230,0,240,33" />
</Scene>
<Scene>
<INIT seed="3,0,0,0,5,61" ten="177,320,230,273" oya="3" hai0="36,78,1,66,10,37,108,14,131,40,135,74,109" hai1="43,65,27,122,99,73,118,54,46,13,110,12,106" hai2="4,125,56,79,83,98,96,128,31,38,91,41,19" hai3="49,87,5,63,86,89,50,64,60,100,16,107,94"/><W53/><G5/><T62/><D131/><U2/><E2/><V120/><F128/><W114/><G114/><T6/><D14/><U71/><E122/><V105/><F125/><W8/><G107/><T123/><D123/><U51/><E73/><V117/><F31/><W70/><G100/><T84/><D84/><U132/><E110/><N who="0" m="42601" /><D135/><U28/><E132/><V7/><F117/><W116/><G116/><T81/><D40/><U22/><E118/><V130/><F130/><W59/><REACH who="3" step="1"/><G87/><REACH who="3" ten="177,320,230,263" step="2"/><T80/><D81/><U29/><E106/><V39/><F83/><W42/><G42/><T35/><D35/><U17/><E43/><V76/><F105/><W88/><G88/><T23/><D23/><U0/><E22/><V95/><F41/><W3/><G3/><T18/><D18/><U134/><E0/><V103/><F19/><W119/><G119/><T102/><D102/><U124/><E17/><V82/><F82/><W113/><G113/><T45/><D45/><U69/><E46/><V30/><F91/><W77/><G77/><T104/><D104/><U11/><E134/><V112/><F79/><W57/><G57/><AGARI ba="0,1" hai="1,6,10,36,37,57,62,66,74,78,80" m="42601" machi="57" ten="30,2000,0" yaku="14,1,52,1" doraHai="61" who="0" fromWho="3" sc="177,30,320,0,230,0,263,-20" />
</Scene>
<Scene>
<INIT seed="4,0,0,3,1,36" ten="207,320,230,243" oya="0" hai0="46,103,121,134,2,76,101,10,24,6,106,16,124" hai1="127,8,125,34,25,48,37,63,75,45,71,26,1" hai2="97,29,53,72,56,110,126,59,87,102,19,66,112" hai3="115,88,73,86,84,14,27,99,42,89,9,40,79"/><T38/><D121/><U69/><E37/><V50/><F72/><W32/><G115/><T49/><D134/><U21/><E75/><V117/><F110/><W35/><G99/><T90/><D124/><N who="1" m="47691" /><E34/><V12/><F112/><W7/><G73/><T61/><D38/><U43/><E63/><N who="2" m="38271" /><F117/><W31/><G35/><T120/><D76/><U30/><E26/><V118/><F118/><W98/><G98/><T52/><D106/><U22/><E22/><N who="2" m="11623" /><F126/><W74/><G74/><T18/><D120/><U80/><E80/><V96/><F29/><W91/><REACH who="3" step="1"/><G79/><REACH who="3" ten="207,320,230,233" step="2"/><T128/><D90/><U113/><E113/><V44/><F102/><W55/><G55/><T107/><D107/><U62/><E62/><N who="2" m="36111" /><F87/><AGARI ba="0,1" hai="7,9,14,27,31,32,40,42,84,86,87,88,89,91" machi="87" ten="40,8000,1" yaku="1,1,52,2,54,1,53,0" doraHai="36" doraHaiUra="114" who="3" fromWho="2" sc="207,0,320,0,230,-80,233,90" />
</Scene>
<Scene>
<INIT seed="5,0,0,3,5,73" ten="207,320,150,323" oya="1" hai0="135,49,45,30,90,121,93,53,71,128,22,86,102" hai1="61,81,132,63,26,109,19,29,4,42,118,72,40" hai2="76,10,31,124,25,84,134,54,14,127,104,35,111" hai3="79,37,16,80,32,75,60,55,51,94,39,15,87"/><U47/><E118/><V59/><F104/><W98/><G32/><T99/><D71/><U44/><E132/><V13/><F111/><W107/><G60/><T133/><D128/><U64/><E109/><V77/><F134/><W101/><G75/><T21/><D121/><U114/><E4/><N who="2" m="3271" /><F84/><W126/><G107/><T65/><D65/><U85/><E72/><V52/><F14/><W62/><G62/><T67/><D67/><U24/><E19/><V9/><F9/><W105/><G105/><T103/><D135/><U66/><E114/><V106/><F106/><W120/><G126/><N who="2" m="48169" /><F54/><W50/><G50/><AGARI ba="0,0" hai="25,31,35,50,52,59,76,77" m="48169,3271" machi="50" ten="30,7700,0" yaku="18,1,52,2,54,1" doraHai="73" who="2" fromWho="3" sc="207,0,320,0,150,77,323,-77" />
</Scene>
<Scene>
<INIT seed="6,0,0,4,1,122" ten="207,320,227,246" oya="2" hai0="12,41,108,49,80,68,1,92,57,107,55,4,31" hai1="74,11,70,82,105,81,54,99,7,84,19,48,0" hai2="10,53,2,24,130,120,113,42,110,58,132,64,3" hai3="17,52,121,127,118,95,18,8,29,91,35,26,45"/><V30/><F120/><W9/><G121/><T115/><D107/><U117/><E117/><V62/><F113/><W90/><G118/><T65/><D108/><U50/><E70/><V25/><F130/><W38/><G127/><T6/><D115/><U5/><E5/><V83/><F132/><W59/><G38/><T16/><D31/><U63/><E74/><V101/><F101/><W40/><G40/><T61/><D80/><U20/><E63/><V77/><F110/><W46/><G9/><T67/><D67/><U116/><E116/><V27/><F30/><W87/><G91/><T69/><D69/><U100/><E54/><V32/><F32/><W13/><REACH who="3" step="1"/><G18/><REACH who="3" ten="207,320,227,236" step="2"/><T94/><D41/><U15/><E81/><V56/><F42/><W102/><G102/><T128/><D128/><U23/><E23/><V44/><F10/><W119/><G119/><T43/><D43/><U72/><E72/><V124/><F124/><W129/><G129/><T85/><D1/><U114/><E114/><V33/><F3/><W98/><G98/><T22/><D94/><U133/><E133/><V71/><F2/><W125/><G125/><T104/><D104/><U103/><E103/><V86/><F33/><W89/><G89/><AGARI ba="0,1" hai="4,6,12,16,22,49,55,57,61,65,68,85,89,92" machi="89" ten="40,5200,0" yaku="25,2,54,1" doraHai="122" who="0" fromWho="3" sc="207,62,320,0,227,0,236,-52" /><AGARI ba="0,0" hai="0,7,11,15,19,20,48,50,82,84,89,99,100,105" machi="89" ten="30,1000,0" yaku="7,1" doraHai="122" who="1" fromWho="3" sc="269,0,320,10,227,0,184,-10" />
</Scene>
<Scene>
<INIT seed="7,0,0,5,4,84" ten="269,330,227,174" oya="3" hai0="1,77,67,98,124,64,105,80,131,117,120,113,119" hai1="60,8,109,2,38,33,55,111,52,30,74,102,125" hai2="51,89,72,114,19,73,23,27,97,41,85,4,134" hai3="22,83,7,94,103,14,45,3,82,56,132,115,95"/><W48/><G115/><T129/><D1/><U116/><E74/><V104/><F114/><W13/><G132/><T9/><D113/><U29/><E38/><V130/><F130/><N who="0" m="49674" /><D9/><U86/><E102/><V96/><F134/><W26/><G3/><T62/><D124/><U17/><E33/><V112/><F112/><W65/><G83/><T31/><D31/><U118/><E125/><V108/><F108/><W40/><G82/><T21/><D21/><U78/><E86/><V133/><F4/><W123/><G123/><T10/><D10/><U28/><E78/><V99/><F104/><W58/><G7/><T63/><D98/><U91/><E2/><V12/><F133/><W18/><G103/><T106/><D80/><U50/><E8/><V75/><F41/><W36/><G36/><T37/><D37/><U107/><E17/><V69/><F69/><W47/><G47/><T79/><D67/><U39/><E39/><V59/><F27/><W68/><G68/><N who="0" m="42007" /><D63/><U88/><E29/><V5/><F5/><W20/><G14/><T44/><D44/><U122/><E60/><V25/><F25/><W54/><G65/><T135/><D120/><U43/><E122/><V11/><F11/><W66/><G66/><T126/><D126/><U71/><E71/><V100/><F100/><W61/><REACH who="3" step="1"/><G58/><REACH who="3" ten="269,330,227,164" step="2"/><T81/><D135/><U121/><E121/><V128/><F128/><W15/><G15/><T93/><D81/><U53/><E109/><V110/><F110/><W24/><G24/><T32/><D79/><U42/><E111/><V127/><F127/><W0/><G0/><RYUUKYOKU ba="0,1" sc="269,-10,330,-10,227,-10,164,30" hai3="13,18,20,22,26,40,45,48,54,56,61,94,95" />
</Scene>
<Scene>
<INIT seed="7,1,1,1,5,132" ten="259,320,217,194" oya="3" hai0="61,99,68,93,6,76,123,101,103,81,37,7,47" hai1="31,73,78,85,83,22,59,91,95,113,74,77,25" hai2="120,84,32,39,48,29,128,126,30,114,104,94,102" hai3="49,10,86,105,5,79,130,13,135,24,122,26,98"/><W125/><G122/><T124/><D124/><U108/><E108/><V131/><F39/><W2/><G135/><T109/><D109/><U1/><E1/><V100/><F126/><W19/><G125/><T134/><D123/><U66/><E113/><V106/><F114/><W8/><G130/><N who="2" m="49705" /><F120/><W45/><G105/><N who="2" m="40553" /><F48/><W14/><G2/><T117/><D117/><U55/><E66/><V15/><F15/><W56/><G56/><T40/><D103/><N who="2" m="39466" /><F32/><W34/><G98/><T116/><D116/><U65/><E65/><V0/><F0/><W46/><G34/><T44/><D44/><N who="3" m="17001" /><G49/><T96/><D96/><U41/><E41/><V62/><F62/><W119/><G119/><T69/><D134/><U23/><E59/><V82/><F94/><W20/><G20/><T92/><D92/><U110/><E23/><V36/><F36/><W127/><G127/><T42/><D42/><U11/><E22/><V35/><F35/><W89/><G79/><AGARI ba="1,1" hai="29,30,79,82,84" m="39466,40553,49705" machi="79" ten="30,1000,0" yaku="19,1" doraHai="132" who="2" fromWho="3" sc="259,0,320,0,217,23,194,-13" owari="259,6.0,320,42.0,240,-16.0,181,-32.0" />
</Scene>
</mjloggm>