<mjloggm ver="2.3"><GO type="169" lobby="0"/><UN n0="%E5%A4%AA%E3%81%8F%E3%81%AA%E3%81%84%E3%81%8A" n1="%73%68%61%72" n2="%E3%83%AD%E3%83%83%E3%83%86%E9%9B%80%EF%BC%84%E6%94%B9" n3="%E6%B0%91%E8%8A%B8" dan="18,18,17,17" rate="2199.47,2202.38,2193.36,2212.04" sx="M,M,M,M"/><TAIKYOKU oya="0"/>

<Scene>
<INIT seed="0,0,0,4,5,132" ten="250,250,250,250" oya="0" hai0="97,115,20,110,125,40,104,109,50,100,80,99,95" hai1="92,6,9,21,108,126,57,102,70,7,42,60,94" hai2="61,64,86,52,72,15,32,65,26,11,5,38,112" hai3="29,22,111,1,28,34,17,46,47,79,91,12,55"/><T53/><D115/><U2/><E70/><V36/><F72/><W105/><G105/><T44/><D80/><U51/><E7/><V96/><F112/><W63/><G1/><T114/><D114/><U30/><E108/><N who="0" m="41577" /><D20/><U25/><E102/><V120/><F120/><W87/><G79/><T123/><D123/><U88/><E88/><V3/><F96/><W131/><G131/><T19/><D19/><U76/><E76/><V69/><F86/><W134/><G134/><T67/><D67/><U90/><E90/><V77/><F65/><W48/><G34/><T118/><D118/><U85/><E85/><V84/><F84/><W14/><G111/><T113/><D113/><U128/><E128/><V23/><F77/><W18/><G63/><T41/><D125/><U10/><E10/><V103/><F103/><AGARI ba="0,0" hai="40,41,44,50,53,95,97,99,100,103,104" m="41577" machi="103" ten="30,2900,0" yaku="14,1,10,1" doraHai="132" who="0" fromWho="2" sc="250,29,250,0,250,-29,250,0" />
</Scene>
<Scene>
<INIT seed="0,1,0,3,3,69" ten="279,250,221,250" oya="0" hai0="131,43,3,23,94,122,117,38,42,110,48,5,17" hai1="130,79,77,104,119,30,128,73,59,132,100,66,97" hai2="116,26,106,120,16,46,11,51,68,62,25,85,71" hai3="60,49,28,76,37,10,67,20,56,35,29,91,126"/><T124/><D122/><U14/><E119/><V84/><F120/><W112/><G112/><T82/><D117/><U27/><E132/><V7/><F116/><W0/><G35/><T113/><D113/><U88/><E14/><V74/><F74/><W114/><G114/><T22/><D124/><U105/><E105/><V102/><F102/><W135/><G76/><T103/><D82/><U127/><E127/><V87/><F106/><W1/><G126/><T12/><D131/><N who="1" m="50219" /><E73/><V99/><F99/><W108/><G135/><T80/><D80/><U21/><E88/><V125/><F125/><W18/><G91/><T31/><D48/><U55/><E66/><V134/><F134/><W6/><G67/><T83/><D83/><U81/><E81/><V101/><F101/><W47/><G1/><T63/><D3/><U24/><E24/><V92/><F92/><W93/><G93/><T57/><D94/><U70/><E70/><V96/><F96/><W39/><G0/><T36/><D103/><U50/><AGARI ba="1,0" hai="21,27,30,50,55,59,77,79,97,100,104" m="50219" machi="50" ten="30,1100,0" yaku="19,1" doraHai="69" who="1" fromWho="1" sc="279,-6,250,14,221,-4,250,-4" />
</Scene>
<Scene>
<INIT seed="1,0,0,5,0,17" ten="273,264,217,246" oya="1" hai0="124,72,8,35,71,111,110,108,62,15,47,79,10" hai1="69,81,48,85,12,50,101,19,114,46,33,30,26" hai2="83,126,9,5,125,116,37,2,117,27,131,92,129" hai3="89,53,130,18,16,29,22,132,82,6,32,63,94"/><U67/><E114/><V38/><F83/><W76/><G32/><T64/><D124/><N who="2" m="47722" /><F92/><W109/><G6/><T104/><D35/><U66/><E101/><V100/><F100/><W43/><G43/><T77/><D104/><U54/><E50/><V41/><F41/><W25/><G109/><T24/><D24/><U73/><E69/><V107/><F107/><W113/><G130/><N who="2" m="49673" /><F27/><W95/><G95/><T40/><D72/><U120/><E73/><V14/><F14/><W70/><G70/><T20/><D77/><U42/><E42/><V91/><F91/><W44/><G94/><T84/><D79/><U102/><E102/><V99/><F99/><W60/><G89/><T90/><D90/><U36/><E36/><AGARI ba="0,0" hai="2,5,9,36,37,38,116,117" m="49673,47722" machi="36" ten="40,5200,0" yaku="18,1,19,1,23,1" doraHai="17" who="2" fromWho="1" sc="273,0,264,-52,217,52,246,0" />
</Scene>
<Scene>
<INIT seed="2,0,0,5,0,132" ten="273,212,269,246" oya="2" hai0="84,107,25,11,9,2,50,3,119,85,48,124,131" hai1="52,89,97,104,33,40,86,28,65,113,135,56,77" hai2="116,70,38,12,90,121,10,17,106,61,128,31,130" hai3="8,95,32,27,126,14,13,80,15,71,118,4,111"/><V58/><F116/><W30/><G71/><T72/><D25/><U74/><E113/><V134/><F134/><W78/><G118/><T112/><D119/><U123/><E135/><V16/><F121/><W34/><G111/><T92/><D92/><U23/><E33/><V127/><F127/><W87/><G32/><T81/><D81/><U88/><E40/><V129/><F38/><W35/><G35/><T37/><D72/><U93/><E65/><N who="2" m="41263" /><F106/><W64/><G64/><T94/><D94/><U120/><E74/><V73/><F73/><W42/><G42/><T36/><D107/><U57/><E77/><V68/><F68/><W6/><G126/><T55/><D55/><U82/><E104/><V110/><F110/><W83/><G83/><T29/><D29/><U5/><E5/><N who="2" m="3151" /><F31/><W24/><G24/><T109/><D109/><U0/><E0/><V69/><F69/><W54/><G6/><T75/><D75/><U18/><E28/><V43/><F43/><W59/><REACH who="3" step="1"/><G95/><REACH who="3" ten="273,212,269,236" step="2"/><T99/><D124/><U79/><E79/><V60/><F90/><W125/><G125/><T122/><D122/><N who="1" m="46635" /><E52/><AGARI ba="0,1" hai="16,17,52,58,60,128,129,130" m="3151,41263" machi="52" ten="30,5800,0" yaku="19,1,54,2" doraHai="132" who="2" fromWho="1" sc="273,0,212,-58,269,68,236,0" />
</Scene>
<Scene>
<INIT seed="2,1,0,4,4,57" ten="273,154,337,236" oya="2" hai0="45,2,88,40,84,132,100,70,129,28,17,11,13" hai1="75,42,22,60,122,119,33,20,114,85,29,52,79" hai2="128,99,98,30,23,74,66,87,125,112,121,123,92" hai3="83,4,18,126,116,81,38,97,64,14,32,133,134"/><V103/><F112/><W16/><G38/><T51/><D70/><U12/><E114/><V105/><F74/><W90/><G32/><T62/><D132/><N who="3" m="50793" /><G116/><T58/><D129/><U31/><E119/><V106/><F128/><W104/><G126/><T115/><D115/><U78/><E33/><V94/><F125/><W54/><G64/><T101/><D28/><N who="1" m="10827" /><E75/><V69/><F69/><W110/><G110/><T25/><D25/><U26/><E122/><V109/><F66/><W24/><G54/><N who="0" m="34135" /><D2/><U8/><E42/><V47/><F47/><W80/><G24/><T91/><D91/><U120/><E120/><N who="2" m="46155" /><F23/><N who="1" m="8745" /><E85/><V61/><F30/><W48/><G90/><T67/><D67/><U19/><E26/><V63/><F87/><W86/><G86/><T118/><D118/><U21/><N who="1" m="8753" /><U68/><DORA hai="96" /><E68/><V55/><F109/><W41/><G104/><T43/><D40/><U124/><E124/><V53/><F106/><W9/><G41/><T77/><D77/><U76/><E76/><V56/><F105/><W71/><G71/><T39/><D39/><U59/><AGARI ba="1,0" hai="8,12,19,52,59,60,78,79" m="8753,10827" machi="59" ten="40,5200,0" yaku="8,1,52,1,54,1" doraHai="57,96" who="1" fromWho="1" sc="273,-14,154,55,337,-27,236,-14" />
</Scene>
<Scene>
<INIT seed="3,0,0,2,0,67" ten="259,209,310,222" oya="3" hai0="79,47,83,27,112,99,94,49,70,100,96,1,120" hai1="106,119,81,126,87,17,61,68,18,93,77,121,98" hai2="9,44,5,46,78,6,102,114,25,52,92,39,15" hai3="122,76,72,116,125,97,132,57,129,111,133,40,103"/><W32/><G32/><T95/><D120/><U56/><E121/><V30/><F114/><W34/><G122/><T41/><D1/><U86/><E126/><V48/><F78/><W8/><G34/><T33/><D112/><U22/><E119/><V42/><F5/><W36/><G36/><T118/><D118/><U65/><E106/><V38/><F38/><W37/><G37/><T21/><D33/><U74/><E56/><V26/><REACH who="2" step="1"/><F30/><REACH who="2" ten="259,209,300,222" step="2"/><W4/><G116/><T110/><D110/><U85/><REACH who="1" step="1"/><E22/><REACH who="1" ten="259,199,300,222" step="2"/><V101/><F101/><AGARI ba="0,2" hai="17,18,61,65,68,74,77,81,85,86,87,93,98,101" machi="101" ten="40,5200,0" yaku="1,1,2,1,52,1,53,0" doraHai="67" doraHaiUra="135" who="1" fromWho="2" sc="259,0,199,72,300,-52,222,0" />
</Scene>
<Scene>
<INIT seed="4,0,0,4,0,82" ten="259,271,248,222" oya="0" hai0="95,87,3,99,55,22,19,36,67,128,106,125,61" hai1="112,126,33,97,15,20,44,34,37,65,79,109,35" hai2="50,88,135,42,103,130,48,119,102,105,94,90,93" hai3="24,132,73,89,43,123,118,17,60,30,70,26,14"/><T7/><D36/><U84/><E109/><V92/><F130/><W69/><G118/><T72/><D72/><U31/><E126/><V47/><F135/><W114/><G73/><T56/><D128/><U39/><E65/><V6/><F119/><W121/><G132/><T8/><D125/><U21/><E97/><N who="2" m="57495" /><F105/><W58/><G43/><T0/><D106/><U98/><E98/><N who="2" m="57639" /><F6/><W76/><G76/><T110/><D110/><U115/><E31/><V96/><F50/><W38/><G38/><N who="1" m="14346" /><E15/><V133/><F133/><W78/><G78/><T117/><D117/><U75/><E44/><V129/><F129/><W9/><G89/><AGARI ba="0,0" hai="42,47,48,89,94,96,102,103" m="57639,57495" machi="89" ten="30,2000,0" yaku="8,1,54,1" doraHai="82" who="2" fromWho="3" sc="259,0,271,0,248,20,222,-20" />
</Scene>
<Scene>
<INIT seed="5,0,0,3,2,19" ten="259,271,268,202" oya="1" hai0="27,41,61,67,103,28,39,52,68,25,31,21,3" hai1="8,16,11,20,49,18,29,91,30,58,93,26,15" hai2="1,109,116,43,85,134,92,135,10,102,7,84,32" hai3="75,54,81,70,40,64,14,34,126,113,46,129,80"/><U115/><E115/><V38/><F109/><W123/><G123/><T121/><D3/><U33/><E33/><V48/><F38/><W79/><G34/><T24/><D121/><U44/><E58/><V119/><F32/><W132/><G113/><T72/><D72/><U124/><E8/><V130/><F130/><W90/><G129/><T47/><D103/><U108/><E124/><V69/><F69/><W133/><G54/><T74/><D74/><U78/><E78/><V114/><F114/><W6/><G64/><T100/><D100/><U110/><E110/><V56/><F102/><W0/><G70/><T98/><D98/><N who="1" m="57663" /><E108/><V118/><F92/><W37/><G126/><T128/><D128/><U96/><E96/><V122/><F122/><W88/><G14/><T17/><REACH who="0" step="1"/><D52/><AGARI ba="0,0" hai="11,15,16,18,20,26,29,30,44,49,52" m="57663" machi="52" ten="30,11600,0" yaku="8,1,52,1,54,2" doraHai="19" who="1" fromWho="0" sc="259,-116,271,116,268,0,202,0" />
</Scene>
<Scene>
<INIT seed="5,1,0,4,5,38" ten="143,387,268,202" oya="1" hai0="64,14,52,0,133,21,130,36,112,5,28,102,82" hai1="84,44,89,77,65,114,68,94,10,58,135,108,26" hai2="78,85,47,59,24,27,110,49,31,125,120,101,122" hai3="131,22,62,43,71,23,39,11,40,50,48,41,34"/><U30/><E68/><V116/><F110/><W72/><G39/><T129/><D64/><U134/><E108/><V119/><F101/><W8/><G34/><T69/><D69/><U100/><E114/><V9/><F59/><W93/><G72/><T73/><D102/><U97/><E77/><V19/><F85/><W90/><G131/><N who="0" m="50187" /><D112/><U75/><E75/><V115/><F78/><W15/><G62/><T33/><D33/><U54/><E10/><N who="3" m="3626" /><G71/><T37/><D0/><U105/><E44/><V81/><F47/><W25/><G15/><T86/><D73/><U113/><E65/><V46/><F46/><W103/><G103/><T45/><D5/><U60/><REACH who="1" step="1"/><E113/><REACH who="1" ten="143,377,268,202" step="2"/><V107/><F115/><W63/><G23/><AGARI ba="1,1" hai="23,26,30,54,58,60,84,89,94,97,100,105,134,135" machi="23" ten="40,3900,0" yaku="1,1,2,1,53,0" doraHai="38" doraHaiUra="76" who="1" fromWho="3" sc="143,0,377,52,268,0,202,-42" />
</Scene>
<Scene>
<INIT seed="5,2,0,4,2,18" ten="143,429,268,160" oya="1" hai0="48,46,132,15,94,97,123,24,70,6,66,112,80" hai1="111,77,73,53,65,35,39,61,9,12,107,10,117" hai2="129,13,47,76,3,31,118,23,95,89,101,8,121" hai3="109,104,106,52,51,127,84,69,71,67,14,113,26"/><U120/><E117/><V135/><F129/><W88/><G109/><T92/><D112/><U45/><E120/><V125/><F135/><W102/><G113/><T124/><D132/><U90/><E107/><V134/><F134/><W19/><G127/><T44/><D124/><U57/><E35/><V33/><F125/><W32/><G32/><T29/><D123/><U83/><E111/><V68/><F33/><W63/><G26/><T22/><D70/><U40/><E90/><V115/><F68/><W60/><G102/><T119/><D119/><U50/><REACH who="1" step="1"/><E12/><REACH who="1" ten="143,419,268,160" step="2"/><V27/><F13/><W62/><G104/><T100/><D15/><U87/><E87/><V64/><F89/><W103/><G106/><T82/><D100/><U93/><E93/><V34/><F95/><W75/><G103/><T54/><D94/><U5/><E5/><V126/><F101/><W59/><G75/><T49/><D6/><U74/><E74/><V4/><F4/><W7/><G7/><T30/><D92/><U105/><E105/><V2/><F121/><W21/><G69/><AGARI ba="2,1" hai="9,10,39,40,45,50,53,57,61,65,69,73,77,83" machi="69" ten="30,11600,0" yaku="1,1,7,1,24,2,53,0" doraHai="18" doraHaiUra="91" who="1" fromWho="3" sc="143,0,419,132,268,0,160,-122" />
</Scene>
<Scene>
<INIT seed="5,3,0,3,3,135" ten="143,551,268,38" oya="1" hai0="6,11,110,95,48,79,85,87,112,90,40,15,105" hai1="63,24,23,22,134,106,117,20,60,35,72,128,101" hai2="98,109,126,30,57,83,91,97,81,71,92,86,54" hai3="84,96,4,58,19,68,10,67,8,118,14,102,121"/><U130/><E117/><V104/><F126/><W51/><G121/><T125/><D110/><U46/><E72/><V108/><F71/><W45/><G68/><T114/><D105/><U103/><E46/><V59/><F30/><W94/><G118/><T42/><D125/><U29/><E134/><V34/><F34/><W93/><G67/><T18/><D18/><U65/><E63/><N who="2" m="36279" /><F104/><W115/><G115/><N who="0" m="44075" /><D48/><U113/><E113/><V16/><F109/><W37/><G37/><T100/><D100/><U78/><E78/><V107/><F107/><W69/><G69/><T27/><D27/><U47/><E47/><V80/><F108/><W9/><G4/><T131/><D131/><N who="1" m="50219" /><E106/><V89/><F89/><N who="3" m="53415" /><G58/><AGARI ba="3,0" hai="20,22,23,24,29,35,58,60,65,101,103" m="50219" machi="58" ten="30,1500,0" yaku="19,1" doraHai="135" who="1" fromWho="3" sc="143,0,551,24,268,0,38,-24" />
</Scene>
<Scene>
<INIT seed="5,4,0,4,3,80" ten="143,575,268,14" oya="1" hai0="18,53,102,79,81,134,86,27,37,101,1,19,116" hai1="97,16,87,5,22,104,100,49,39,63,124,4,30" hai2="61,114,72,43,117,42,40,57,103,118,21,13,31" hai3="54,50,107,129,83,91,48,38,69,74,55,93,109"/><U120/><E39/><V84/><F72/><W23/><G109/><T78/><D116/><U96/><E120/><V115/><F103/><W111/><G111/><T8/><D37/><U94/><E30/><V123/><F123/><W6/><G107/><T41/><D41/><U58/><E49/><V0/><F0/><W130/><G38/><T56/><D134/><U14/><E124/><V47/><F47/><W59/><G69/><T25/><D78/><U15/><E15/><V99/><F99/><W90/><G6/><T131/><D131/><N who="3" m="50185" /><G23/><N who="0" m="13559" /><D1/><U65/><REACH who="1" step="1"/><E87/><REACH who="1" ten="143,565,268,14" step="2"/><V95/><F84/><N who="3" m="50463" /><G74/><T46/><D86/><U33/><E33/><V44/><F117/><W108/><G108/><T3/><D3/><U17/><E17/><V119/><F118/><W133/><G133/><T85/><D19/><U106/><E106/><V64/><F119/><W34/><G34/><T89/><D85/><U132/><E132/><V36/><F36/><W60/><G55/><T73/><D53/><U20/><E20/><V88/><F21/><W67/><G54/><T35/><D35/><U127/><E127/><V68/><F31/><W125/><G125/><T105/><D105/><U112/><E112/><V51/><F115/><W122/><G122/><T76/><D73/><U92/><E92/><V9/><F95/><W12/><G12/><T71/><D79/><U135/><E135/><V2/><F13/><W28/><G28/><T66/><D76/><U26/><E26/><V121/><F114/><W70/><G70/><T11/><D71/><U24/><E24/><V75/><F68/><W82/><G93/><RYUUKYOKU ba="4,1" sc="143,-15,565,15,268,-15,14,15" hai1="4,5,14,16,22,58,63,65,94,96,97,100,104" hai3="48,50,59,60,67,82,91" />
</Scene>
<Scene>
<INIT seed="5,5,1,0,3,60" ten="128,580,253,29" oya="1" hai0="115,42,98,18,124,70,3,32,79,135,27,89,43" hai1="102,68,36,41,48,53,24,21,82,123,92,117,34" hai2="85,129,33,122,38,45,76,121,73,84,40,6,12" hai3="131,54,26,16,95,8,51,15,30,87,109,127,114"/><U28/><E117/><V39/><F129/><W37/><G109/><T31/><D3/><U35/><E123/><V90/><F33/><W125/><G37/><T63/><D79/><U126/><E68/><V81/><F38/><W1/><G131/><T13/><D115/><U62/><E36/><V134/><F134/><W130/><G130/><T104/><D135/><U56/><E82/><V7/><F73/><W44/><G114/><T106/><D124/><U10/><E10/><V78/><F78/><W69/><G69/><T113/><D104/><U23/><E23/><V110/><F110/><W57/><G1/><T11/><D113/><U52/><E41/><V101/><F101/><W118/><G118/><T14/><D14/><U72/><E72/><V133/><F133/><W88/><REACH who="3" step="1"/><G44/><REACH who="3" ten="128,580,253,19" step="2"/><T61/><D70/><U9/><E126/><V91/><F45/><W112/><G112/><T19/><D43/><U128/><E128/><V29/><F40/><W25/><G25/><T120/><D42/><U83/><E24/><V50/><F39/><W93/><G93/><T2/><D2/><U99/><E92/><V96/><F122/><W94/><G94/><T71/><D71/><U75/><E56/><V4/><F121/><W77/><G77/><T132/><D120/><U86/><E83/><V59/><F81/><W103/><G103/><T22/><D132/><U64/><E102/><V107/><F76/><W5/><G5/><T105/><D105/><U55/><E75/><V119/><F4/><W49/><G49/><T116/><D116/><U80/><E48/><V46/><F50/><RYUUKYOKU ba="5,2" sc="128,-10,580,-10,253,-10,19,30" hai3="8,15,16,26,30,51,54,57,87,88,95,125,127" />
</Scene>
<Scene>
<INIT seed="6,6,2,1,3,135" ten="118,570,243,49" oya="2" hai0="1,30,95,114,122,118,108,10,99,2,4,98,94" hai1="82,32,6,5,79,47,88,23,91,36,58,117,113" hai2="93,80,59,78,90,38,77,101,87,92,124,65,73" hai3="3,45,37,39,107,21,133,132,81,42,41,50,97"/><V134/><F124/><W120/><G3/><T89/><D108/><U105/><E32/><V119/><F38/><N who="3" m="14347" /><G21/><T56/><D122/><U61/><E117/><V96/><F59/><W69/><G81/><T57/><D118/><U29/><E105/><N who="2" m="63655" /><F65/><W72/><G72/><T111/><D111/><U112/><E47/><V8/><F8/><W52/><G120/><T24/><D1/><U71/><E71/><V74/><F134/><N who="3" m="51819" /><G69/><T100/><D114/><U14/><E113/><V126/><F126/><W104/><G104/><T34/><AGARI ba="6,2" hai="2,4,10,24,30,34,56,57,89,94,95,98,99,100" machi="34" ten="20,1500,0" yaku="0,1,7,1" doraHai="135" who="0" fromWho="0" sc="118,53,570,-10,243,-13,49,-10" />
</Scene>
<Scene>
<INIT seed="7,0,0,5,5,112" ten="171,560,230,39" oya="3" hai0="45,62,117,93,18,83,7,86,104,85,26,54,95" hai1="123,65,21,0,17,35,119,91,106,72,97,99,103" hai2="22,15,109,66,130,34,75,37,64,44,107,56,2" hai3="98,68,60,32,42,55,25,113,40,52,5,115,127"/><W100/><G5/><T23/><D104/><U63/><E35/><V92/><F107/><W125/><G32/><T31/><D117/><U48/><E123/><V13/><F2/><W134/><G25/><T79/><D7/><U74/><E0/><V49/><F34/><W132/><G68/><T114/><D114/><N who="3" m="43529" /><G98/><T133/><D133/><N who="3" m="51305" /><G100/><T131/><D31/><U59/><E99/><V41/><F130/><W20/><G20/><T102/><D131/><U4/><E97/><V67/><F109/><W108/><G108/><T126/><D102/><U57/><E4/><V101/><F22/><W105/><G105/><T73/><D23/><U110/><E103/><V30/><F101/><W61/><G61/><T29/><D62/><U78/><E63/><V16/><F13/><W1/><G1/><T116/><D26/><U120/><E106/><V33/><F15/><W122/><G122/><T89/><D29/><U71/><E120/><V118/><F30/><W38/><G38/><T94/><D18/><U88/><E17/><V58/><F16/><W135/><N who="3" m="51313" /><W43/><DORA hai="8" /><G60/><T128/><D128/><U39/><E21/><V82/><F37/><W28/><G28/><T69/><D69/><U90/><E71/><V36/><F36/><W124/><AGARI ba="0,0" hai="40,42,43,52,55,124,125,127" m="51313,43529" machi="124" ten="60,24000,3" yaku="28,2,18,1,15,1,20,1,34,2,54,1" doraHai="112,8" who="3" fromWho="3" sc="171,-80,560,-80,230,-80,39,240" />
</Scene>
<Scene>
<INIT seed="7,1,0,5,3,58" ten="91,480,150,279" oya="3" hai0="51,64,19,132,31,124,12,67,125,6,131,115,25" hai1="62,133,97,76,65,40,42,116,46,112,53,73,16" hai2="10,93,54,60,117,39,89,63,61,4,23,20,55" hai3="5,7,2,106,130,84,95,135,21,104,68,108,82"/><W119/><G119/><T3/><D51/><N who="1" m="28919" /><E73/><V9/><F39/><W32/><G32/><N who="0" m="20591" /><D67/><U114/><E76/><V102/><F117/><W128/><G68/><T13/><D64/><U127/><E116/><V100/><F55/><W96/><G21/><N who="2" m="8265" /><F54/><W79/><G2/><T45/><D45/><U11/><E133/><V37/><F37/><W18/><G18/><T50/><D50/><U92/><E127/><N who="0" m="48713" /><D132/><U48/><E48/><V98/><F4/><N who="3" m="1611" /><G135/><T34/><D34/><U14/><E112/><V101/><AGARI ba="1,0" hai="9,10,60,61,63,89,93,98,100,101,102" m="8265" machi="101" ten="40,8000,1" yaku="8,1,52,3" doraHai="58" who="2" fromWho="2" sc="91,-21,480,-21,150,83,279,-41" owari="70,-43.0,459,56.0,233,-17.0,238,4.0" />
</Scene>
</mjloggm>