<mjloggm ver="2.3"><GO type="169" lobby="0"/><UN n0="%E3%83%86%E3%83%AC%E3%83%93%E3%81%A3%E5%AD%90" n1="%74%61%6E%61%4B%61%E8%8A%8B%E5%AD%90" n2="%E5%A4%AA%E3%81%8F%E3%81%AA%E3%81%84%E3%81%8A" n3="%E9%96%BB%E9%AD%94%E3%81%82%E3%81%84" dan="17,17,17,16" rate="2146.77,2057.11,2161.41,2092.47" sx="M,F,M,F"/><TAIKYOKU oya="0"/>

<Scene>
<INIT seed="0,0,0,5,5,74" ten="250,250,250,250" oya="0" hai0="41,45,57,127,98,27,77,12,2,133,96,113,10" hai1="91,55,94,70,71,131,3,18,128,95,44,42,97" hai2="21,122,51,29,78,68,125,38,14,112,124,111,117" hai3="116,43,132,39,84,22,82,104,8,81,47,93,60"/><T64/><D133/><U87/><E3/><V58/><F38/><W63/><G104/><T20/><D127/><N who="2" m="48714" /><F68/><W36/><G36/><T83/><D2/><U16/><E55/><V50/><F122/><W61/><G116/><T23/><D113/><U73/><E73/><V105/><F105/><W130/><G132/><T108/><D108/><U11/><E71/><V86/><F112/><W49/><G130/><N who="1" m="49706" /><E70/><V17/><F111/><W90/><G39/><T102/><D64/><U37/><E11/><V79/><F117/><W59/><G8/><T114/><D57/><U5/><E5/><V69/><F69/><W99/><G22/><T40/><D114/><U89/><AGARI ba="0,0" hai="16,18,37,42,44,87,89,91,94,95,97" m="49706" machi="89" ten="30,2000,0" yaku="19,1,54,1" doraHai="74" who="1" fromWho="1" sc="250,-10,250,20,250,-5,250,-5" />
</Scene>
<Scene>
<INIT seed="1,0,0,1,4,135" ten="240,270,245,245" oya="1" hai0="128,78,81,84,75,60,53,72,119,70,80,105,71" hai1="3,33,77,2,129,5,61,100,112,125,20,64,18" hai2="102,12,1,19,93,89,82,26,126,10,66,106,95" hai3="94,9,124,90,23,45,103,28,109,118,63,13,97"/><U65/><E112/><V91/><F1/><W123/><G123/><T122/><D105/><U48/><E33/><V69/><F106/><W111/><G118/><T117/><D122/><U96/><E77/><V127/><F102/><W29/><G45/><T76/><D84/><U25/><E129/><V55/><F82/><W121/><G121/><T120/><D120/><U98/><E48/><V40/><F40/><W132/><G132/><T131/><D53/><U46/><E46/><V86/><F55/><W43/><G43/><T57/><D57/><U116/><E116/><V101/><F101/><W6/><G63/><AGARI ba="0,0" hai="60,63,70,71,72,75,76,78,80,81,117,119,128,131" machi="63" ten="25,1600,0" yaku="22,2" doraHai="135" who="0" fromWho="3" sc="240,16,270,0,245,0,245,-16" />
</Scene>
<Scene>
<INIT seed="2,0,0,2,2,131" ten="256,270,245,229" oya="2" hai0="109,101,107,47,95,38,78,64,122,8,113,126,19" hai1="42,77,31,4,28,17,65,59,134,103,1,15,105" hai2="130,49,33,57,3,116,84,115,55,43,73,60,72" hai3="111,93,114,66,21,92,119,88,14,62,104,133,26"/><V110/><F115/><W69/><G104/><T123/><D126/><U68/><E77/><V2/><F116/><W45/><G119/><T81/><D109/><U129/><E68/><V12/><F33/><W82/><G111/><T125/><D113/><U23/><E42/><V11/><F110/><W50/><G114/><T54/><D125/><U96/><E129/><V7/><F130/><W120/><G120/><T10/><D107/><U75/><E75/><V106/><F106/><W85/><G133/><T52/><D64/><U6/><E134/><V41/><F41/><W40/><REACH who="3" step="1"/><G14/><REACH who="3" ten="256,270,245,219" step="2"/><T13/><D123/><U80/><E1/><V63/><F3/><W86/><G86/><T112/><D122/><U20/><E15/><V22/><F84/><W44/><G44/><T46/><D112/><U79/><E105/><V36/><F73/><W83/><G83/><T71/><D81/><U30/><E80/><V135/><F72/><W53/><G53/><T39/><D13/><U91/><E79/><V25/><F2/><W76/><G76/><T5/><D78/><U74/><E74/><V48/><F135/><W61/><G61/><T98/><D47/><U35/><E35/><V117/><F117/><W102/><G102/><T24/><D46/><U37/><E103/><V51/><F63/><W58/><G58/><T97/><D101/><U128/><E59/><V94/><F94/><W90/><G90/><T56/><D95/><U118/><E91/><V29/><F60/><W87/><G87/><T108/><D108/><U132/><E118/><V34/><F34/><W100/><G100/><RYUUKYOKU ba="0,1" sc="256,-15,270,-15,245,15,219,15" hai2="7,11,12,22,25,29,36,43,48,49,51,55,57" hai3="21,26,40,45,50,62,66,69,82,85,88,92,93" />
</Scene>
<Scene>
<INIT seed="2,1,1,4,0,111" ten="241,255,260,234" oya="2" hai0="49,122,11,112,48,8,2,39,72,131,101,116,64" hai1="43,100,61,69,91,87,123,74,41,68,132,79,89" hai2="31,126,13,105,6,80,76,92,125,0,62,75,96" hai3="77,109,7,42,90,130,60,107,47,15,52,54,3"/><V127/><F31/><W45/><G107/><T34/><D34/><U18/><E123/><V32/><F32/><W73/><G109/><T81/><D116/><U51/><E132/><V46/><F13/><W134/><G134/><T106/><D122/><U70/><E100/><V84/><F62/><W33/><G33/><T129/><D64/><U37/><E61/><V1/><F6/><W83/><G130/><T35/><D35/><U65/><E65/><V4/><F4/><W118/><G118/><T110/><D110/><U5/><E5/><V128/><F128/><W55/><G47/><T66/><D66/><U29/><E29/><V56/><F56/><W97/><G15/><T26/><D39/><U17/><E74/><V119/><F119/><W19/><G19/><T40/><D72/><U88/><E37/><V59/><F59/><W67/><G97/><T57/><D106/><U58/><E79/><V115/><F46/><W85/><G7/><T104/><D104/><U16/><E87/><V10/><F10/><W25/><G25/><T22/><D26/><U14/><E14/><V12/><F12/><W117/><G3/><N who="2" m="1097" /><F105/><W103/><G103/><T78/><D101/><U99/><E99/><V95/><F75/><W120/><G120/><T36/><D2/><U24/><E24/><V30/><F30/><W93/><G117/><T50/><D129/><U63/><E63/><V44/><F44/><W121/><G121/><T53/><D57/><U28/><E28/><V20/><F20/><W135/><G135/><T94/><D131/><U21/><E21/><V82/><F126/><RYUUKYOKU ba="1,1" sc="241,-10,255,30,260,-10,234,-10" hai1="16,17,18,41,43,51,58,68,69,70,88,89,91" />
</Scene>
<Scene>
<INIT seed="3,2,1,0,2,7" ten="231,285,250,224" oya="3" hai0="97,87,11,127,33,62,125,131,67,47,32,35,90" hai1="134,9,73,133,94,135,63,79,59,114,111,102,100" hai2="96,92,31,119,78,22,91,112,60,71,30,19,45" hai3="42,15,120,49,132,8,53,129,28,52,5,55,2"/><W61/><G120/><T14/><D97/><U107/><E111/><V1/><F112/><W48/><G132/><T29/><D47/><U39/><E39/><V110/><F119/><W80/><G129/><T21/><D131/><U65/><E114/><V6/><F110/><W34/><G2/><T123/><D123/><U24/><E107/><V41/><F78/><W50/><G34/><T81/><D21/><U18/><E94/><V113/><F113/><W82/><G28/><T115/><D115/><U40/><E40/><V12/><F71/><W108/><G108/><T0/><D0/><U83/><E24/><V98/><F60/><W128/><G128/><T106/><D106/><U118/><E118/><V101/><F6/><W75/><G75/><T72/><D72/><U93/><E93/><N who="2" m="58511" /><F1/><W37/><REACH who="3" step="1"/><G61/><REACH who="3" ten="231,285,250,214" step="2"/><T51/><D29/><U126/><E126/><V23/><F31/><W104/><G104/><T77/><D127/><U88/><E135/><V85/><F30/><W66/><G66/><T69/><D125/><U117/><E133/><V116/><F116/><W44/><AGARI ba="2,2" hai="5,8,15,37,42,44,48,49,50,52,53,55,80,82" machi="44" ten="40,12000,1" yaku="1,1,0,1,52,1,54,1,53,0" doraHai="7" doraHaiUra="25" who="3" fromWho="3" sc="231,-42,285,-42,250,-42,214,146" />
</Scene>
<Scene>
<INIT seed="3,3,0,1,5,10" ten="189,243,208,360" oya="3" hai0="72,94,77,79,11,27,113,9,107,97,90,91,78" hai1="92,86,99,46,122,82,40,130,61,120,109,45,44" hai2="76,128,118,23,83,13,12,50,93,37,39,19,15" hai3="102,121,8,21,100,87,48,26,106,81,41,47,67"/><W58/><G106/><T24/><D72/><U68/><E109/><V1/><F1/><W55/><G8/><N who="0" m="3147" /><D107/><U101/><E130/><V18/><F118/><W131/><G67/><T57/><D113/><U75/><E75/><V28/><F128/><W129/><G121/><T104/><D104/><U51/><E68/><V70/><F70/><W43/><G43/><T42/><D42/><U108/><E61/><V111/><F111/><W74/><G74/><T114/><D114/><U69/><E69/><V30/><F50/><W25/><G25/><N who="0" m="9803" /><D57/><U59/><E108/><V117/><F117/><W7/><G7/><T88/><AGARI ba="3,0" hai="77,78,79,88,90,91,94,97" m="9803,3147" machi="88" ten="40,2700,0" yaku="8,1,54,1" doraHai="10" who="0" fromWho="0" sc="189,36,243,-10,208,-10,360,-16" />
</Scene>
<Scene>
<INIT seed="4,0,0,5,0,83" ten="225,233,198,344" oya="0" hai0="80,89,10,116,90,32,50,74,114,117,62,115,132" hai1="16,88,133,36,119,106,79,33,45,73,49,54,130" hai2="65,134,24,105,67,43,100,6,0,110,40,3,109" hai3="18,124,92,52,70,84,98,57,69,7,37,12,97"/><T30/><D10/><U46/><E119/><N who="0" m="45641" /><D50/><U127/><E106/><V29/><F105/><W38/><G38/><T107/><D62/><U51/><E33/><V128/><F100/><W93/><G37/><T48/><D48/><U82/><E36/><V53/><F53/><W72/><G7/><T1/><D1/><U103/><E103/><V27/><F6/><W76/><G72/><T17/><D17/><U28/><E28/><V34/><F29/><W13/><G18/><T104/><D30/><U91/><E16/><V123/><F134/><W61/><G61/><T41/><D41/><U26/><E26/><V64/><F64/><W5/><G5/><T81/><D32/><U66/><E66/><V60/><F60/><W113/><G52/><T101/><D132/><U58/><E133/><V125/><F34/><W135/><G135/><T63/><D63/><U129/><E58/><V20/><F20/><W14/><G14/><T31/><D31/><U19/><E19/><V35/><F35/><W108/><G57/><T11/><D11/><U47/><E54/><V71/><F71/><W112/><G12/><T102/><D102/><U4/><E4/><V85/><F65/><W42/><G42/><T78/><D107/><U44/><N who="1" m="11264" /><DORA hai="8" /><U120/><E49/><V9/><F67/><W56/><G56/><T118/><N who="0" m="45649" /><T39/><DORA hai="121" /><D39/><U99/><E51/><V95/><F40/><W86/><G13/><T15/><D15/><U22/><E22/><V122/><F43/><W55/><G69/><T68/><D68/><U126/><E120/><V21/><F122/><RYUUKYOKU ba="0,0" sc="225,0,233,0,198,0,344,0" />
</Scene>
<Scene>
<INIT seed="5,1,0,5,1,109" ten="225,233,198,344" oya="1" hai0="133,20,73,112,52,113,95,131,96,32,39,41,97" hai1="76,22,38,107,17,78,127,106,123,98,61,103,77" hai2="50,69,94,130,28,57,125,26,51,85,47,132,15" hai3="58,18,6,27,0,12,19,55,2,4,129,91,33"/><U43/><E123/><V134/><F69/><W111/><G111/><T44/><D32/><U110/><E110/><V124/><F15/><W11/><G129/><T7/><D131/><U83/><E127/><N who="2" m="48715" /><F57/><W45/><G45/><T53/><D73/><U90/><E61/><V100/><F130/><W66/><G66/><T37/><D37/><U29/><E29/><V120/><F120/><W119/><G119/><T13/><D133/><N who="2" m="51306" /><F47/><W93/><G0/><T79/><D79/><U115/><E77/><V64/><F64/><W3/><G3/><T56/><D96/><U1/><E78/><V65/><F65/><W23/><G2/><T36/><D36/><U14/><E1/><V42/><F42/><W128/><G128/><T116/><D116/><U75/><E43/><V59/><F59/><W63/><G33/><T30/><D30/><U104/><E38/><V80/><F94/><W35/><G35/><T121/><D121/><U82/><E106/><V84/><F100/><W49/><G49/><N who="2" m="18441" /><F80/><W114/><G93/><T67/><D67/><U48/><E83/><V21/><AGARI ba="1,0" hai="21,26,28,84,85" m="18441,51306,48715" machi="21" ten="40,2700,0" yaku="18,1,20,1" doraHai="109" who="2" fromWho="2" sc="225,-8,233,-14,198,30,344,-8" />
</Scene>
<Scene>
<INIT seed="6,0,0,2,0,39" ten="217,219,228,336" oya="2" hai0="97,50,45,74,17,104,26,24,14,77,52,54,116" hai1="75,91,2,18,69,92,120,94,129,98,79,86,36" hai2="66,35,118,29,37,25,19,6,31,95,4,85,82" hai3="135,134,51,99,32,119,110,101,3,67,89,8,58"/><V47/><F118/><W59/><G32/><T57/><D116/><U5/><E69/><V87/><F31/><W114/><G119/><T0/><D0/><U13/><E120/><V56/><F19/><W28/><G110/><T133/><D133/><U122/><E122/><V11/><F95/><W109/><G109/><T61/><D74/><U7/><E129/><V102/><F102/><W112/><G28/><T93/><D77/><U80/><E36/><V30/><F30/><W121/><G121/><T48/><D48/><U76/><E76/><V106/><F106/><N who="3" m="63807" /><G89/><T68/><D68/><U115/><E2/><V103/><F103/><W64/><G3/><T40/><D104/><U125/><E125/><V90/><F85/><W15/><G51/><T105/><D54/><U34/><E34/><V23/><F35/><W33/><G33/><T111/><D105/><U107/><E107/><V96/><F96/><W126/><G126/><T41/><D111/><U20/><E115/><N who="3" m="44074" /><G58/><T100/><REACH who="0" step="1"/><D41/><REACH who="0" ten="207,219,228,336" step="2"/><U128/><E128/><V127/><F127/><W1/><G1/><T88/><D88/><AGARI ba="0,1" hai="5,7,13,18,20,75,79,80,86,88,91,92,94,98" machi="88" ten="30,2000,0" yaku="7,1,54,1" doraHai="39" who="1" fromWho="0" sc="207,-20,219,30,228,0,336,0" />
</Scene>
<Scene>
<INIT seed="7,0,0,5,4,132" ten="187,249,228,336" oya="3" hai0="45,54,96,47,101,9,121,40,130,109,41,77,11" hai1="83,81,94,58,116,35,127,68,102,19,44,43,39" hai2="2,112,95,49,59,93,42,66,84,30,113,34,119" hai3="129,104,89,64,76,51,63,107,17,99,3,23,124"/><W13/><G129/><T98/><D121/><U87/><E68/><V4/><F119/><W97/><G3/><T128/><D77/><U125/><E116/><V103/><F2/><W15/><G76/><T29/><D29/><U18/><E35/><V70/><F4/><W8/><G51/><T85/><D85/><U120/><E120/><V118/><F118/><W74/><G74/><T75/><D75/><U78/><E58/><V5/><F5/><W12/><G12/><T60/><D60/><U32/><E32/><V134/><F134/><W100/><G89/><T50/><D50/><U123/><E83/><V65/><F70/><W135/><G99/><T114/><D114/><N who="2" m="44138" /><F84/><W21/><G107/><T25/><D25/><U117/><E117/><V122/><F122/><W61/><G61/><T24/><D24/><U91/><E123/><V46/><F103/><W131/><G100/><T62/><D62/><U6/><E102/><V92/><F59/><W0/><G0/><T28/><D101/><U37/><E6/><V14/><F14/><W106/><G13/><T56/><D28/><U16/><REACH who="1" step="1"/><E37/><REACH who="1" ten="187,239,228,336" step="2"/><V10/><F34/><W53/><G106/><T111/><REACH who="0" step="1"/><D56/><REACH who="0" ten="177,239,228,336" step="2"/><U108/><E108/><V36/><F36/><W7/><G104/><T90/><D90/><U82/><E82/><V33/><F33/><W133/><G133/><T1/><D1/><U126/><E126/><V67/><F30/><W48/><G135/><T71/><D71/><U38/><E38/><V88/><F88/><W20/><G124/><T73/><D73/><AGARI ba="0,2" hai="16,18,19,39,43,44,73,78,81,87,91,94,125,127" machi="73" ten="40,8000,1" yaku="1,1,52,2,54,1,53,0" doraHai="132" doraHaiUra="31" who="1" fromWho="0" sc="177,-80,239,100,228,0,336,0" owari="97,-40.0,339,43.0,228,-17.0,336,14.0" />
</Scene>
</mjloggm>