<mjloggm ver="2.3"><GO type="169" lobby="0"/><UN n0="%E5%A4%AA%E3%81%8F%E3%81%AA%E3%81%84%E3%81%8A" n1="%E3%81%8B%E3%81%AB%E3%83%9E%E3%82%B8%E3%83%B3" n2="%E3%82%A6%E3%82%A3%E3%83%89%E3%82%A5%EF%BC%A0%E9%98%AA%E7%A5%9E" n3="%E7%8A%AC%E4%BE%8D" dan="17,18,16,16" rate="2185.11,2241.24,2140.24,2141.30" sx="M,M,M,M"/><TAIKYOKU oya="0"/>

<Scene>
<INIT seed="0,0,0,4,4,60" ten="250,250,250,250" oya="0" hai0="52,22,91,80,97,135,10,128,23,62,45,44,41" hai1="125,11,102,108,0,49,96,113,129,116,18,73,118" hai2="114,58,123,34,7,94,98,95,39,5,103,29,9" hai3="79,84,127,87,119,47,17,124,111,14,37,27,75"/><T38/><D135/><U21/><E73/><V90/><F123/><W26/><G119/><T40/><D128/><U33/><E49/><V28/><F39/><W69/><G69/><T59/><D10/><U42/><E42/><V48/><F114/><W68/><G75/><T31/><D31/><U6/><E113/><V66/><F34/><W105/><G105/><T4/><D4/><U106/><E33/><V115/><F115/><W55/><G68/><T61/><D61/><U71/><E129/><V13/><F5/><W25/><G111/><T72/><D97/><U2/><E2/><V132/><F132/><W1/><G1/><T81/><D81/><U101/><E101/><V50/><F50/><N who="3" m="29151" /><G79/><T86/><REACH who="0" step="1"/><D72/><REACH who="0" ten="240,250,250,250" step="2"/><U8/><E6/><V53/><F28/><W130/><G130/><T93/><D93/><U109/><E8/><V134/><F29/><W107/><G107/><T77/><D77/><U30/><E11/><V89/><F134/><W43/><G87/><T65/><D65/><U54/><E96/><N who="2" m="57431" /><F66/><W121/><G84/><T131/><D131/><U126/><E30/><V78/><F78/><W51/><G121/><T88/><D88/><AGARI ba="0,1" hai="7,9,13,48,53,58,88,89,95,98,103" m="57431" machi="88" ten="30,2000,0" yaku="8,1,54,1" doraHai="60" who="2" fromWho="0" sc="240,-20,250,0,250,30,250,0" />
</Scene>
<Scene>
<INIT seed="1,0,0,5,1,119" ten="220,250,280,250" oya="1" hai0="29,94,96,51,26,38,92,68,79,23,110,100,115" hai1="61,10,107,20,25,80,127,45,90,105,134,56,133" hai2="58,114,125,111,78,2,77,1,86,4,24,57,18" hai3="81,50,13,117,65,21,82,36,135,30,3,98,132"/><U44/><E127/><V9/><F125/><W27/><G36/><T72/><D38/><U7/><E80/><V62/><F1/><W93/><G3/><T6/><D115/><U12/><E90/><V54/><F114/><W35/><G117/><T0/><D68/><U67/><E45/><V60/><F111/><W128/><G128/><T70/><D70/><U22/><E44/><V11/><F86/><W91/><G65/><T19/><D110/><U14/><E14/><V102/><F102/><W120/><G120/><T85/><D72/><U52/><E67/><V87/><F87/><W109/><G109/><T71/><D71/><U108/><E20/><V116/><F116/><W59/><G59/><T76/><D0/><U42/><E42/><V121/><F121/><W83/><G50/><T129/><D6/><U130/><E130/><V124/><F124/><W103/><G91/><N who="0" m="53359" /><D129/><U34/><E34/><V5/><F5/><W97/><G97/><T41/><D29/><N who="1" m="17591" /><E108/><V28/><F28/><W84/><G84/><T47/><AGARI ba="0,0" hai="19,23,26,41,47,51,76,79,94,96,100" m="53359" machi="47" ten="30,1100,0" yaku="8,1" doraHai="119" who="0" fromWho="0" sc="220,11,250,-5,280,-3,250,-3" />
</Scene>
<Scene>
<INIT seed="2,0,0,2,1,32" ten="231,245,277,247" oya="2" hai0="107,37,126,42,134,122,98,99,89,39,18,73,28" hai1="63,62,128,4,22,129,111,2,113,79,91,69,21" hai2="17,104,0,86,114,68,33,46,64,115,94,67,100" hai3="119,10,90,56,96,66,31,50,74,135,5,125,130"/><V71/><F104/><W15/><G119/><T75/><D122/><U3/><E113/><V16/><F33/><W52/><G125/><T82/><D28/><U20/><E4/><V88/><F100/><W19/><G130/><N who="1" m="50282" /><E79/><V38/><F0/><N who="1" m="41" /><E69/><V72/><F72/><W36/><G135/><T87/><D75/><U132/><E132/><V95/><F46/><W58/><G74/><T77/><D134/><U57/><E111/><V116/><F38/><W92/><G36/><T97/><D39/><U6/><E6/><V80/><F80/><W49/><G31/><T105/><D126/><U14/><E14/><V47/><F47/><W23/><G66/><T65/><D65/><N who="1" m="39119" /><E91/><V127/><F127/><W53/><G5/><T34/><D89/><U29/><E63/><V83/><F116/><W81/><G81/><T48/><D82/><U30/><AGARI ba="0,0" hai="20,21,22,29,30" m="39119,41,50282" machi="30" ten="40,8000,1" yaku="19,1,52,3" doraHai="32" who="1" fromWho="1" sc="231,-20,245,80,277,-40,247,-20" />
</Scene>
<Scene>
<INIT seed="3,0,0,5,4,111" ten="211,325,237,227" oya="3" hai0="110,133,23,24,56,73,6,82,3,125,36,47,99" hai1="26,90,19,9,76,71,69,88,114,124,86,38,75" hai2="97,129,54,100,1,87,105,59,63,20,113,37,53" hai3="85,15,91,77,89,107,49,31,109,92,39,115,81"/><W123/><G39/><T127/><D110/><U10/><E38/><V58/><F37/><W33/><G109/><T98/><D133/><U67/><E124/><N who="0" m="47689" /><D6/><U35/><E75/><V122/><F129/><W16/><G123/><T34/><D34/><U112/><E76/><V45/><F122/><W18/><G107/><T61/><D3/><U29/><E90/><V96/><F45/><W46/><G115/><T106/><D106/><U8/><E19/><V21/><F113/><W48/><G91/><T131/><D131/><U74/><E74/><V132/><F1/><W121/><G121/><T70/><D70/><U30/><E69/><V13/><F132/><W94/><G94/><T101/><D101/><U135/><E135/><V11/><F87/><W22/><G46/><T66/><D82/><U79/><E79/><V134/><F134/><W104/><G104/><T118/><D73/><U17/><E17/><V14/><F100/><W83/><G83/><T28/><D118/><U80/><REACH who="1" step="1"/><E29/><REACH who="1" ten="211,315,237,227" step="2"/><V64/><F105/><W27/><REACH who="3" step="1"/><G18/><REACH who="3" ten="211,315,237,217" step="2"/><T52/><D36/><U42/><E42/><V68/><F68/><W2/><G2/><T65/><D47/><U72/><E72/><AGARI ba="0,2" hai="15,16,22,27,31,33,48,49,72,77,81,85,89,92" machi="72" ten="30,5800,0" yaku="1,1,7,1,54,1,53,0" doraHai="111" doraHaiUra="108" who="3" fromWho="1" sc="211,0,315,-58,237,0,217,78" />
</Scene>
<Scene>
<INIT seed="3,1,0,4,4,57" ten="211,257,237,295" oya="3" hai0="1,43,58,127,135,34,27,3,71,15,134,110,24" hai1="95,38,6,103,55,126,125,47,40,18,36,68,99" hai2="56,113,82,48,109,10,66,122,62,64,5,26,25" hai3="60,79,8,12,111,115,96,119,70,16,44,50,132"/><W23/><G115/><T90/><D71/><U63/><E6/><V88/><F113/><W129/><G119/><T14/><D43/><U98/><E18/><V114/><F114/><W83/><G129/><T75/><D75/><U59/><E68/><V2/><F109/><W74/><G132/><N who="0" m="50731" /><D90/><U0/><E0/><N who="0" m="73" /><D58/><U106/><REACH who="1" step="1"/><E36/><REACH who="1" ten="211,247,237,295" step="2"/><V81/><F122/><W84/><G111/><T97/><D110/><U39/><E39/><V29/><F5/><W20/><G74/><T52/><D127/><U120/><E120/><V13/><F2/><W107/><G107/><T69/><D69/><U101/><AGARI ba="1,1" hai="38,40,47,55,59,63,95,98,99,101,103,106,125,126" machi="101" ten="30,7900,0" yaku="1,1,0,1,52,1,53,1" doraHai="57" doraHaiUra="49" who="1" fromWho="1" sc="211,-21,247,92,237,-21,295,-40" />
</Scene>
<Scene>
<INIT seed="4,0,0,1,0,83" ten="190,339,216,255" oya="0" hai0="12,121,20,75,91,77,51,38,54,78,112,110,72" hai1="44,6,100,81,111,134,76,128,95,84,79,125,40" hai2="126,74,80,96,14,33,99,29,127,61,64,22,17" hai3="109,85,69,98,0,115,24,66,94,37,86,5,90"/><T46/><D121/><U105/><E111/><V1/><F1/><W13/><G109/><T34/><D110/><U120/><E120/><V3/><F3/><W117/><G37/><T53/><D34/><U89/><E6/><V116/><F116/><W102/><G117/><T93/><D112/><U25/><E25/><N who="2" m="18607" /><F80/><W35/><G115/><T19/><D38/><U135/><E125/><N who="2" m="47627" /><F74/><W42/><G0/><T16/><D75/><N who="1" m="43167" /><E128/><V45/><F45/><W11/><G42/><T88/><D72/><U2/><E2/><V132/><F132/><N who="1" m="50729" /><E79/><V70/><AGARI ba="0,0" hai="14,17,22,61,64,70,96,99" m="47627,18607" machi="70" ten="30,1100,0" yaku="18,1" doraHai="83" who="2" fromWho="2" sc="190,-5,339,-3,216,11,255,-3" />
</Scene>
<Scene>
<INIT seed="5,0,0,0,2,40" ten="185,336,227,252" oya="1" hai0="115,110,27,95,5,32,47,123,12,29,6,57,117" hai1="116,18,74,37,35,87,38,58,85,101,124,59,98" hai2="61,76,96,126,56,132,94,131,114,122,17,11,54" hai3="82,118,13,92,106,46,121,39,80,20,36,45,73"/><U42/><E74/><V108/><F122/><W44/><G106/><T135/><D110/><U33/><E124/><V63/><F108/><W120/><G118/><T15/><D117/><U65/><E116/><V10/><F126/><W103/><G13/><T113/><D57/><U21/><E65/><V30/><F30/><W69/><G69/><T50/><D123/><N who="3" m="47177" /><G20/><T79/><D79/><U52/><E58/><V31/><F31/><W24/><G92/><T90/><D15/><U128/><E128/><V2/><F131/><W4/><G103/><T125/><D125/><U99/><E85/><V1/><F76/><W49/><G49/><T0/><D12/><U91/><E33/><V109/><F109/><W64/><G64/><T66/><D66/><U51/><E35/><V93/><F96/><W14/><G14/><T7/><D0/><U77/><E77/><V8/><F17/><W111/><G111/><T84/><REACH who="0" step="1"/><D135/><REACH who="0" ten="175,336,227,252" step="2"/><U16/><E59/><N who="2" m="35063" /><F132/><W100/><G24/><T43/><AGARI ba="0,1" hai="5,6,7,27,29,32,43,47,50,84,90,95,113,115" machi="43" ten="30,4000,0" yaku="1,1,0,1,52,1,53,0" doraHai="40" doraHaiUra="104" who="0" fromWho="0" sc="175,50,336,-20,227,-10,252,-10" />
</Scene>
<Scene>
<INIT seed="6,0,0,2,5,134" ten="225,316,217,242" oya="2" hai0="75,88,47,5,16,101,68,36,71,89,87,100,12" hai1="104,6,97,31,63,98,83,46,122,64,78,118,53" hai2="30,86,119,69,124,26,130,132,79,73,129,2,70" hai3="23,80,95,120,84,14,111,92,123,37,57,117,55"/><V81/><F119/><W131/><G111/><T10/><D75/><U42/><E118/><V127/><F2/><W50/><G117/><T109/><D109/><U19/><E53/><V11/><F11/><W59/><G37/><T17/><D71/><N who="2" m="27146" /><F86/><W65/><G131/><N who="2" m="50185" /><F132/><W34/><G34/><AGARI ba="0,0" hai="26,30,34,73,79,81,124,127" m="50185,27146" machi="34" ten="30,11600,0" yaku="19,1,23,1,52,2" doraHai="134" who="2" fromWho="3" sc="225,0,316,0,217,116,242,-116" />
</Scene>
<Scene>
<INIT seed="6,1,0,2,1,47" ten="225,316,333,126" oya="2" hai0="75,89,26,106,129,86,22,127,27,54,122,36,5" hai1="70,126,1,48,111,55,76,34,99,13,115,135,46" hai2="117,40,108,29,132,73,82,2,71,105,19,134,77" hai3="39,30,53,93,25,83,11,35,128,3,116,24,21"/><V118/><F105/><W4/><G116/><T101/><D75/><U90/><E34/><V14/><F29/><W92/><G128/><T16/><D122/><U56/><E70/><V51/><F71/><W68/><G68/><T15/><D36/><U38/><E1/><V43/><F2/><W112/><G112/><T23/><D129/><U130/><E130/><V49/><F43/><W58/><G83/><T96/><D127/><U91/><E76/><V121/><F40/><W7/><G7/><T6/><D54/><U66/><E115/><V12/><F12/><W33/><G39/><T80/><REACH who="0" step="1"/><D15/><REACH who="0" ten="215,316,333,126" step="2"/><U42/><E13/><V84/><F73/><W113/><G113/><T81/><D81/><U131/><E131/><V95/><F121/><W85/><G85/><T63/><D63/><U97/><E126/><V20/><F108/><W88/><G25/><T79/><D79/><U119/><E111/><V109/><F109/><W45/><G45/><T32/><D32/><U10/><E46/><V69/><F117/><W114/><G114/><T104/><D104/><U28/><E38/><V61/><F118/><W125/><G125/><T0/><D0/><U124/><E124/><V59/><F95/><W50/><G93/><T9/><D9/><U44/><E10/><V57/><F61/><W72/><G72/><T31/><AGARI ba="1,1" hai="5,6,16,22,23,26,27,31,80,86,89,96,101,106" machi="31" ten="20,5200,0" yaku="1,1,0,1,7,1,54,1,53,0" doraHai="47" doraHaiUra="67" who="0" fromWho="0" sc="215,65,316,-14,333,-27,126,-14" />
</Scene>
<Scene>
<INIT seed="7,0,0,2,1,78" ten="280,302,306,112" oya="3" hai0="32,38,109,15,94,72,124,112,91,71,2,105,68" hai1="57,8,42,18,129,133,104,48,25,103,47,34,132" hai2="21,24,134,54,45,116,73,6,60,125,114,100,76" hai3="110,81,14,82,59,56,65,1,33,20,117,90,84"/><W61/><G117/><T79/><RYUUKYOKU type="yao9" ba="0,0" sc="280,0,302,0,306,0,112,0" hai0="2,15,32,38,68,71,72,79,91,94,105,109,112,124" />
</Scene>
<Scene>
<INIT seed="7,1,0,2,2,54" ten="280,302,306,112" oya="3" hai0="84,12,51,117,75,11,100,34,59,30,108,90,42" hai1="71,93,20,13,80,83,22,103,128,134,10,0,104" hai2="53,119,89,16,72,26,110,123,76,133,15,127,113" hai3="28,1,19,23,130,36,124,50,101,121,107,38,86"/><W41/><G121/><T79/><D108/><U45/><E0/><V77/><F110/><W95/><G1/><T57/><D117/><U67/><E104/><V74/><F119/><W4/><G107/><T98/><D75/><U14/><E71/><V31/><F113/><W60/><G4/><N who="0" m="3175" /><D34/><U94/><E67/><V49/><F127/><W62/><G124/><T91/><D30/><U43/><E128/><V21/><F133/><W24/><G130/><T112/><D112/><U9/><E103/><V7/><F7/><W106/><G106/><T52/><D42/><U64/><E64/><V2/><F2/><W96/><G86/><T135/><D135/><U65/><E65/><V39/><F39/><W66/><G62/><T131/><D131/><U122/><E134/><V132/><F132/><W37/><G19/><T17/><D17/><U125/><E125/><V40/><F40/><W115/><G115/><T88/><D100/><U56/><E43/><V58/><F123/><W18/><G18/><T29/><D29/><U35/><E122/><V32/><REACH who="2" step="1"/><F89/><REACH who="2" ten="280,302,296,112" step="2"/><W6/><G6/><T116/><D116/><U78/><E9/><V70/><F70/><W46/><G36/><T99/><D59/><AGARI ba="1,1" hai="23,24,28,37,38,41,46,50,59,60,66,95,96,101" machi="59" ten="30,11600,0" yaku="7,1,25,2,52,1" doraHai="54" who="3" fromWho="0" sc="280,-119,302,0,296,0,112,129" />
</Scene>
<Scene>
<INIT seed="7,2,0,4,3,106" ten="161,302,296,241" oya="3" hai0="3,134,78,87,33,64,110,84,122,97,71,23,43" hai1="36,67,82,4,51,118,20,42,77,119,132,9,114" hai2="99,39,8,58,102,107,15,108,21,124,94,53,90" hai3="74,63,117,0,22,81,19,112,105,52,18,121,59"/><W75/><G117/><N who="1" m="44554" /><E114/><V46/><F108/><W91/><G121/><T55/><D33/><U27/><E132/><V127/><F21/><W93/><G105/><T17/><D110/><U29/><E67/><V95/><F46/><W32/><G32/><T37/><D122/><U129/><E129/><V5/><F39/><W41/><G112/><T7/><D134/><U100/><E100/><V30/><F30/><W11/><G41/><T28/><D28/><U48/><E36/><V50/><REACH who="2" step="1"/><F107/><REACH who="2" ten="161,302,286,241" step="2"/><W16/><G22/><T10/><D37/><U25/><E42/><V72/><F72/><W57/><G81/><T115/><D43/><U68/><E27/><V12/><F12/><W54/><G0/><T103/><D115/><U24/><E25/><V79/><F79/><W73/><G11/><T92/><D78/><U135/><E135/><V98/><AGARI ba="2,1" hai="5,8,15,50,53,58,90,94,95,98,99,102,124,127" machi="98" ten="30,2000,0" yaku="1,1,0,1,53,0" doraHai="106" doraHaiUra="62" who="2" fromWho="2" sc="161,-7,302,-7,286,36,241,-12" owari="154,-35.0,295,10.0,322,42.0,229,-17.0" />
</Scene>
</mjloggm>