<mjloggm ver="2.3"><GO type="169" lobby="0"/><UN n0="%7A%65%6C%64%65%6E" n1="%E6%9B%BF%E7%8E%89%E5%9B%BA%E9%BA%BA" n2="%E5%A4%AA%E3%81%8F%E3%81%AA%E3%81%84%E3%81%8A" n3="%E5%AD%91%E5%AD%91" dan="16,16,18,16" rate="2077.42,2132.35,2186.73,2101.28" sx="M,M,M,F"/><TAIKYOKU oya="0"/>

<Scene>
<INIT seed="0,0,0,3,5,78" ten="250,250,250,250" oya="0" hai0="119,15,49,108,69,65,3,91,116,23,0,46,135" hai1="83,52,76,98,12,20,24,28,87,134,86,99,43" hai2="2,63,93,57,22,7,111,112,125,16,14,126,59" hai3="113,72,45,124,40,35,62,10,84,36,27,32,115"/><T74/><D74/><U4/><E134/><V50/><F112/><W101/><G72/><T11/><D135/><U18/><E43/><V107/><F107/><W104/><G124/><N who="2" m="47721" /><F111/><W61/><G10/><T75/><D75/><U100/><E4/><V51/><F93/><W88/><G101/><T1/><D108/><U73/><E52/><N who="2" m="34215" /><F59/><W37/><G104/><T118/><D23/><U103/><E99/><V42/><F42/><W95/><G36/><T127/><D127/><U96/><E96/><V53/><F53/><W81/><G95/><T34/><D34/><U39/><E39/><V80/><F80/><W33/><REACH who="3" step="1"/><G27/><REACH who="3" ten="250,250,250,240" step="2"/><T38/><D38/><U5/><E100/><V123/><F123/><W21/><G21/><T92/><D116/><U54/><E103/><V68/><F68/><W82/><G82/><T55/><D69/><U56/><E24/><V120/><F120/><W26/><G26/><T31/><D118/><U70/><E83/><V129/><F129/><W13/><G13/><T67/><D119/><U90/><E12/><V114/><F114/><AGARI ba="0,1" hai="32,33,35,37,40,45,61,62,81,84,88,113,114,115" machi="114" ten="50,6400,0" yaku="1,1,52,1,54,1,53,0" doraHai="78" doraHaiUra="9" who="3" fromWho="2" sc="250,0,250,0,250,-64,240,74" />
</Scene>
<Scene>
<INIT seed="1,0,0,5,4,77" ten="250,250,186,314" oya="1" hai0="120,95,87,85,44,55,83,135,132,80,3,29,57" hai1="123,31,111,72,114,5,30,50,94,88,102,27,42" hai2="71,36,22,11,0,40,38,59,107,113,104,47,49" hai3="35,51,18,92,84,89,81,53,129,28,75,2,60"/><U24/><E114/><V10/><F113/><W109/><G2/><T108/><D108/><U79/><E123/><V34/><F34/><W99/><G109/><T100/><D3/><U96/><E111/><V8/><F0/><W12/><G129/><T128/><D128/><U127/><E127/><V73/><F71/><W110/><G110/><T90/><D120/><U54/><E42/><V52/><F73/><W33/><G28/><N who="1" m="10794" /><E72/><V98/><F38/><W61/><G75/><T125/><D125/><U62/><E79/><V115/><F115/><W119/><G119/><T69/><D69/><U105/><E105/><V130/><F130/><W121/><G121/><T25/><D44/><N who="1" m="27975" /><E5/><V41/><F41/><W124/><G124/><T91/><D100/><U116/><E116/><V37/><F37/><W15/><G15/><T32/><REACH who="0" step="1"/><D95/><REACH who="0" ten="240,250,186,314" step="2"/><N who="1" m="58655" /><E62/><AGARI ba="0,1" hai="25,29,32,55,57,62,80,83,85,87,90,91,132,135" machi="62" ten="40,8000,1" yaku="1,1,9,1,52,2,53,1" doraHai="77" doraHaiUra="48" who="0" fromWho="1" sc="240,90,250,-80,186,0,314,0" />
</Scene>
<Scene>
<INIT seed="2,0,0,4,4,77" ten="330,170,186,314" oya="2" hai0="32,66,40,1,96,111,103,107,113,87,47,67,92" hai1="98,72,70,71,126,95,29,82,90,48,84,39,101" hai2="4,51,127,5,76,2,118,104,94,109,57,73,43" hai3="114,54,119,59,44,122,34,17,115,61,135,128,110"/><V105/><F118/><W123/><G34/><T10/><D111/><U16/><E39/><V130/><F94/><W99/><G99/><T14/><D32/><U75/><E126/><V100/><F127/><W124/><G124/><T65/><D1/><U50/><E29/><V102/><F109/><W45/><G17/><T23/><D113/><N who="3" m="43017" /><G110/><T8/><D23/><U49/><REACH who="1" step="1"/><E16/><REACH who="1" ten="330,160,186,314" step="2"/><V131/><F131/><W30/><G30/><T6/><D10/><U28/><E28/><V53/><F130/><W120/><G119/><T81/><D107/><U97/><E97/><V121/><F105/><W108/><G108/><T69/><D69/><AGARI ba="0,1" hai="48,49,50,69,70,71,72,75,82,84,90,95,98,101" machi="69" ten="40,2600,0" yaku="1,1,52,1,53,0" doraHai="77" doraHaiUra="116" who="1" fromWho="0" sc="330,-26,160,36,186,0,314,0" />
</Scene>
<Scene>
<INIT seed="3,0,0,5,0,35" ten="304,196,186,314" oya="3" hai0="55,42,133,15,126,58,64,45,37,16,102,99,41" hai1="50,4,121,33,120,101,14,96,118,22,124,82,95" hai2="70,44,20,94,43,9,0,97,81,26,8,98,105" hai3="52,36,93,10,23,92,67,135,90,71,72,111,18"/><W7/><G72/><T47/><D126/><U62/><E124/><V86/><F70/><W60/><G36/><T78/><D133/><U84/><E33/><V127/><F127/><W61/><G135/><T39/><D78/><U107/><E118/><V112/><F105/><W25/><G111/><T129/><D129/><U51/><E107/><V28/><F112/><W119/><G119/><T56/><D64/><U76/><E120/><V27/><F27/><W110/><G110/><T59/><D55/><U65/><E121/><V13/><F0/><W83/><G83/><T3/><D3/><U54/><E54/><V19/><F94/><W11/><G7/><T68/><D68/><U116/><E116/><V132/><F9/><W106/><G106/><T5/><D5/><U91/><E76/><V74/><F74/><W122/><G122/><T49/><D49/><U123/><E123/><V79/><REACH who="2" step="1"/><F132/><REACH who="2" ten="304,196,176,314" step="2"/><W87/><G92/><T40/><D39/><AGARI ba="0,1" hai="8,13,19,20,26,28,39,43,44,79,81,86,97,98" machi="39" ten="30,7700,0" yaku="1,1,2,1,7,1,53,1" doraHai="35" doraHaiUra="38" who="2" fromWho="0" sc="304,-77,196,0,176,87,314,0" />
</Scene>
<Scene>
<INIT seed="4,0,0,3,5,13" ten="227,196,263,314" oya="0" hai0="30,80,62,126,28,90,37,71,44,116,57,102,67" hai1="60,2,117,24,79,91,14,6,104,133,132,54,73" hai2="83,42,40,8,118,43,72,56,111,63,85,10,128" hai3="47,125,9,35,55,108,121,51,114,22,106,92,18"/><T29/><D116/><U49/><E117/><V122/><F118/><W15/><G35/><T34/><D126/><U31/><E104/><V97/><F111/><W119/><G106/><T109/><D109/><U115/><E115/><V41/><F72/><W69/><G108/><T130/><D130/><U82/><E2/><V110/><F122/><W101/><G119/><T78/><D102/><U1/><E1/><V84/><F128/><W100/><G69/><T81/><D34/><U86/><E60/><V77/><F110/><W96/><G125/><T17/><D90/><U88/><E6/><V58/><F97/><W94/><G114/><T36/><D44/><U0/><E0/><V39/><F39/><W75/><G75/><T16/><D71/><U21/><E14/><V53/><N who="2" m="10752" /><DORA hai="95" /><V25/><F25/><W68/><G68/><T26/><D26/><U38/><E38/><V33/><F33/><W59/><G121/><T3/><D3/><U11/><E11/><V123/><F123/><W5/><G47/><T99/><D99/><U7/><E7/><V48/><REACH who="2" step="1"/><F84/><REACH who="2" ten="227,196,253,314" step="2"/><W98/><G5/><T4/><D4/><U89/><REACH who="1" step="1"/><E73/><REACH who="1" ten="227,186,253,314" step="2"/><V107/><F107/><W135/><G135/><T50/><D37/><U105/><E105/><V23/><F23/><AGARI ba="0,2" hai="9,15,18,22,23,51,55,59,92,94,96,98,100,101" machi="23" ten="40,8000,1" yaku="9,1,8,1,52,3" doraHai="13,95" who="3" fromWho="2" sc="227,0,186,0,253,-80,314,100" />
</Scene>
<Scene>
<INIT seed="5,0,0,0,5,0" ten="227,186,173,414" oya="1" hai0="25,38,16,77,63,108,9,46,128,105,86,72,40" hai1="107,15,116,118,1,104,30,70,99,48,80,53,135" hai2="52,3,49,58,87,79,101,39,85,74,36,96,5" hai3="31,127,91,78,132,73,98,24,120,2,11,19,124"/><U122/><E122/><V121/><F74/><W51/><G120/><T84/><D108/><U23/><E1/><V93/><F121/><W7/><G132/><T68/><D105/><U115/><E70/><V97/><F97/><W10/><G51/><T66/><D128/><U20/><E135/><V69/><F69/><W76/><G73/><T95/><D95/><U90/><E115/><V8/><REACH who="2" step="1"/><F79/><REACH who="2" ten="227,186,163,414" step="2"/><W110/><G78/><T12/><D77/><U47/><E118/><V59/><F59/><W114/><G76/><T89/><D72/><U28/><E116/><V123/><F123/><W71/><G71/><T41/><D84/><AGARI ba="0,1" hai="3,5,8,36,39,49,52,58,84,85,87,93,96,101" machi="84" ten="40,5200,0" yaku="1,1,52,1,54,1,53,0" doraHai="0" doraHaiUra="67" who="2" fromWho="0" sc="227,-52,186,0,163,62,414,0" />
</Scene>
<Scene>
<INIT seed="6,0,0,3,1,64" ten="175,186,225,414" oya="2" hai0="48,77,76,26,65,51,8,58,86,61,49,30,43" hai1="36,24,18,82,123,44,7,111,93,13,114,81,25" hai2="28,63,5,130,96,131,98,4,73,50,134,108,10" hai3="99,120,15,115,127,62,84,1,100,95,3,91,2"/><V59/><F73/><W101/><G120/><T19/><D43/><U89/><E111/><V0/><F108/><W57/><G127/><T80/><D76/><U92/><E123/><V104/><F134/><W55/><G115/><T47/><D47/><U87/><E114/><V29/><F50/><W135/><G135/><T119/><D119/><U124/><E124/><V37/><F37/><W14/><REACH who="3" step="1"/><G101/><REACH who="3" ten="175,186,225,404" step="2"/><T20/><REACH who="0" step="1"/><D8/><REACH who="0" ten="165,186,225,404" step="2"/><U9/><E36/><V71/><F10/><W116/><G116/><T60/><D60/><U126/><E126/><V67/><F63/><W83/><AGARI ba="0,2" hai="1,2,3,14,15,55,57,62,83,84,91,95,99,100" machi="83" ten="30,4000,0" yaku="1,1,0,1,53,1" doraHai="64" doraHaiUra="54" who="3" fromWho="3" sc="165,-10,186,-10,225,-20,404,60" />
</Scene>
<Scene>
<INIT seed="7,0,0,0,0,57" ten="155,176,205,464" oya="3" hai0="13,88,71,21,122,103,86,95,82,54,69,91,42" hai1="89,65,4,70,12,46,87,109,121,79,23,41,126" hai2="26,67,114,129,134,15,48,10,5,7,3,11,37" hai3="106,9,19,22,53,84,60,110,40,61,131,133,100"/><W112/><G112/><T62/><D122/><U75/><E109/><V81/><F37/><W68/><G40/><T2/><D2/><U127/><E121/><V58/><F114/><W31/><G9/><T97/><D42/><U32/><E32/><V123/><F123/><W66/><G31/><T17/><REACH who="0" step="1"/><D103/><REACH who="0" ten="145,176,205,464" step="2"/><U101/><E101/><V117/><F3/><W96/><G100/><T115/><D115/><U128/><E128/><V20/><F129/><W8/><G131/><T43/><D43/><U85/><E41/><V124/><F117/><W29/><G133/><T99/><D99/><U47/><E79/><V116/><F116/><W135/><G96/><T50/><D50/><U102/><E102/><V78/><F48/><W77/><G110/><T105/><D105/><U125/><E89/><V45/><F78/><W52/><G106/><T73/><D73/><U56/><E75/><V76/><F76/><W74/><G77/><T98/><D98/><U83/><E83/><V49/><F81/><W120/><G74/><T28/><D28/><U36/><E36/><V119/><F134/><W27/><G29/><T33/><D33/><U1/><E1/><V16/><F119/><W35/><G120/><T90/><D90/><U38/><E38/><V0/><F0/><W59/><G135/><T55/><D55/><U44/><E70/><V39/><F39/><W34/><G53/><T92/><D92/><U118/><E118/><V104/><F104/><W51/><G52/><T25/><D25/><U113/><E113/><V18/><F26/><W64/><G27/><T130/><D130/><RYUUKYOKU ba="0,1" sc="145,30,176,-10,205,-10,464,-10" hai0="13,17,21,54,62,69,71,82,86,88,91,95,97" owari="175,-22.0,166,-33.0,195,0.0,464,55.0" />
</Scene>
</mjloggm>