<mjloggm ver="2.3"><GO type="169" lobby="0"/><UN n0="%E3%81%BE%E3%81%95%E3%81%A8%E3%81%97" n1="%E3%83%97%E3%83%AD%E3%83%86%E3%82%A4%E3%83%B3%E5%BE%97%E7%9B%9B" n2="%E5%A4%AA%E3%81%8F%E3%81%AA%E3%81%84%E3%81%8A" n3="%E3%83%98%E3%82%AF%E3%82%B5%E3%83%BC" dan="17,17,17,18" rate="2144.54,2122.86,2201.66,2261.16" sx="M,M,M,M"/><TAIKYOKU oya="0"/>

<Scene>
<INIT seed="0,0,0,1,1,92" ten="250,250,250,250" oya="0" hai0="7,103,95,130,30,74,115,46,116,31,62,67,61" hai1="101,65,114,123,47,121,134,80,12,119,19,8,93" hai2="94,86,15,18,88,79,125,118,113,72,26,51,49" hai3="104,54,40,11,75,129,96,109,126,97,64,37,81"/><T9/><D115/><U44/><E119/><V35/><F113/><W133/><G104/><T4/><D74/><U91/><E114/><V60/><F118/><W128/><G64/><T78/><D116/><U89/><E134/><V66/><F125/><W100/><G100/><T124/><D124/><U68/><E101/><V24/><F72/><W36/><G126/><T38/><D130/><N who="3" m="50281" /><G133/><T82/><D38/><N who="3" m="14953" /><G40/><T59/><D46/><U132/><E132/><V2/><F2/><W21/><G109/><T32/><D32/><U108/><E108/><V42/><F79/><N who="3" m="44287" /><G21/><T13/><D7/><U110/><E110/><V76/><F76/><W56/><G11/><T70/><D95/><U41/><E47/><V5/><F5/><W105/><G105/><T71/><D103/><U84/><E65/><V20/><F35/><W107/><G107/><T29/><REACH who="0" step="1"/><D62/><AGARI ba="0,0" hai="54,56,62,96,97" m="44287,14953,50281" machi="62" ten="30,3900,0" yaku="19,1,52,2" doraHai="92" who="3" fromWho="0" sc="250,-39,250,0,250,0,250,39" />
</Scene>
<Scene>
<INIT seed="1,0,0,5,0,81" ten="211,250,250,289" oya="1" hai0="37,12,56,61,50,60,128,68,111,24,110,33,11" hai1="107,71,25,78,114,32,39,131,73,95,88,100,124" hai2="76,23,133,125,84,108,85,58,105,13,120,66,106" hai3="135,40,69,134,8,97,9,83,21,122,92,31,10"/><U22/><E39/><V4/><F120/><W89/><G122/><T0/><D37/><U57/><E71/><V6/><F108/><N who="0" m="41514" /><D0/><U51/><E32/><V102/><F125/><W121/><G121/><T104/><D104/><U7/><E7/><N who="2" m="2603" /><F106/><W55/><G69/><T75/><D75/><U41/><E124/><V17/><F105/><W87/><G40/><T53/><D128/><U49/><E131/><V1/><F1/><W15/><G55/><T112/><D68/><U18/><E114/><V54/><F133/><N who="3" m="50699" /><G31/><N who="0" m="19687" /><D112/><U82/><E107/><V26/><F102/><N who="3" m="60711" /><G21/><T101/><D101/><U36/><E100/><V117/><F117/><W20/><G20/><T79/><D79/><U45/><REACH who="1" step="1"/><E57/><REACH who="1" ten="211,240,250,289" step="2"/><V118/><F118/><W74/><G74/><T70/><D70/><U77/><E77/><V115/><F76/><W42/><G42/><T123/><D123/><U30/><E30/><N who="2" m="17759" /><F115/><W109/><G109/><T64/><D64/><U116/><E116/><V27/><F66/><W127/><G127/><T5/><AGARI ba="0,1" hai="5,11,12,50,53,56,60,61" m="19687,41514" machi="5" ten="30,1100,0" yaku="14,1" doraHai="81" who="0" fromWho="0" sc="211,21,240,-5,250,-3,289,-3" />
</Scene>
<Scene>
<INIT seed="2,0,0,2,5,51" ten="232,235,247,286" oya="2" hai0="15,42,82,13,37,69,124,4,11,89,110,111,97" hai1="93,7,95,86,55,9,3,98,21,22,58,6,129" hai2="24,25,34,20,39,30,131,72,50,74,41,64,1" hai3="84,27,18,38,120,68,48,102,12,52,101,132,17"/><V56/><F1/><W31/><G38/><T29/><D69/><U16/><E129/><V107/><F107/><W99/><G120/><T83/><D124/><U134/><E134/><V117/><F117/><W43/><G132/><T80/><D29/><U8/><E86/><V35/><F131/><W23/><G68/><T109/><D42/><U121/><E121/><V130/><F130/><W14/><G43/><T76/><D37/><U105/><E105/><V54/><F64/><W81/><G14/><N who="0" m="5479" /><D76/><U118/><E118/><V96/><F96/><W128/><G128/><T91/><D97/><U0/><E22/><V108/><F108/><W60/><G60/><T26/><D26/><U49/><E98/><V100/><F100/><W19/><G12/><AGARI ba="0,0" hai="12,13,15,80,82,83,89,91,109,110,111" m="5479" machi="12" ten="40,1300,0" yaku="14,1" doraHai="51" who="0" fromWho="3" sc="232,13,235,0,247,0,286,-13" /><AGARI ba="0,0" hai="0,3,6,7,8,9,12,16,21,49,55,58,93,95" machi="12" ten="30,7700,0" yaku="7,1,9,1,52,1,54,1" doraHai="51" who="1" fromWho="3" sc="245,0,235,77,247,0,273,-77" />
</Scene>
<Scene>
<INIT seed="3,0,0,5,2,123" ten="245,312,247,196" oya="3" hai0="84,28,43,116,5,125,132,122,74,104,24,112,61" hai1="79,82,86,64,118,16,40,38,41,14,92,113,75" hai2="4,102,119,66,12,110,2,57,22,67,88,117,45" hai3="111,26,129,51,114,3,96,59,121,94,70,25,49"/><W13/><G114/><T109/><D112/><U133/><E113/><V15/><F102/><W68/><G3/><T81/><D122/><U35/><E35/><V87/><F2/><W58/><G121/><T130/><D116/><U101/><E133/><V11/><F45/><W63/><G129/><T135/><D130/><U23/><E118/><V60/><F67/><W10/><G111/><T71/><D104/><U93/><E38/><V31/><F110/><W52/><G68/><T134/><D74/><U42/><E64/><V80/><REACH who="2" step="1"/><F12/><REACH who="2" ten="245,312,237,196" step="2"/><W27/><G70/><T120/><D109/><U54/><E101/><V89/><F89/><N who="3" m="55375" /><G58/><T97/><D71/><U37/><E37/><V95/><F95/><W46/><G46/><T34/><D132/><U29/><E93/><V126/><F126/><W76/><G76/><T69/><D125/><U65/><E65/><V7/><F7/><AGARI ba="0,1" hai="7,10,13,25,26,27,49,51,52,59,63" m="55375" machi="7" ten="30,2900,0" yaku="8,1,54,1" doraHai="123" who="3" fromWho="2" sc="245,0,312,0,237,-29,196,39" />
</Scene>
<Scene>
<INIT seed="3,1,0,4,5,108" ten="245,312,208,235" oya="3" hai0="37,1,39,121,118,41,57,26,88,101,47,100,35" hai1="2,64,102,112,77,76,124,46,0,24,132,27,15" hai2="114,97,113,73,8,87,125,98,56,119,55,29,95" hai3="61,107,50,94,85,126,69,129,22,134,86,99,9"/><W103/><G129/><T32/><D118/><U83/><E102/><V49/><F73/><W6/><G134/><T58/><D121/><U59/><E132/><V23/><F119/><W3/><G126/><T20/><D1/><U79/><E124/><V93/><F125/><W14/><G50/><T17/><D39/><U105/><E105/><V78/><F8/><W71/><G61/><T4/><D4/><U120/><E120/><V110/><F110/><W111/><G111/><T60/><D58/><U117/><E83/><V28/><F78/><W10/><G22/><T133/><D133/><U54/><E64/><V116/><F116/><W74/><G74/><T106/><D100/><U115/><E46/><V81/><F95/><W127/><G127/><T43/><D43/><U66/><E66/><V62/><F49/><W63/><G63/><T44/><D44/><U131/><E131/><V19/><F29/><W70/><REACH who="3" step="1"/><G107/><REACH who="3" ten="245,312,208,225" step="2"/><T82/><D106/><U25/><E117/><V89/><F28/><W18/><AGARI ba="1,1" hai="3,6,9,10,14,18,69,70,71,85,86,94,99,103" machi="18" ten="30,6000,0" yaku="1,1,2,1,0,1,53,0" doraHai="108" doraHaiUra="104" who="3" fromWho="3" sc="245,-21,312,-21,208,-21,225,73" />
</Scene>
<Scene>
<INIT seed="3,2,0,0,1,109" ten="224,291,187,298" oya="3" hai0="74,103,134,106,3,12,90,75,36,115,5,130,10" hai1="66,46,23,92,86,47,4,33,107,127,135,78,39" hai2="50,119,123,112,57,15,38,19,131,120,89,7,40" hai3="102,26,31,14,67,94,6,42,29,97,84,20,21"/><W105/><G42/><T73/><D130/><U85/><E107/><V37/><F119/><W129/><G129/><T80/><D134/><U61/><E33/><V110/><F131/><W70/><G6/><T43/><D12/><U25/><E135/><V122/><F7/><W108/><G108/><T81/><D115/><U44/><E127/><V76/><F110/><W87/><G94/><T54/><D54/><U32/><E32/><V71/><F71/><W98/><G97/><N who="0" m="61807" /><D90/><U95/><E4/><V8/><F76/><W22/><G14/><T65/><D81/><U133/><E39/><N who="2" m="14859" /><F89/><W9/><G9/><T72/><D65/><U53/><E53/><N who="2" m="31927" /><F40/><W114/><G31/><T51/><D51/><U59/><E133/><V58/><F58/><W34/><REACH who="3" step="1"/><G114/><AGARI ba="2,0" hai="8,15,19,112,114,120,122,123" m="31927,14859" machi="114" ten="40,5200,0" yaku="13,1,52,2" doraHai="109" who="2" fromWho="3" sc="224,0,291,0,187,58,298,-58" />
</Scene>
<Scene>
<INIT seed="4,0,0,3,1,18" ten="224,291,245,240" oya="0" hai0="0,111,10,98,14,88,72,108,130,107,37,86,41" hai1="30,42,106,66,35,62,12,68,13,124,38,93,25" hai2="114,132,77,122,63,8,79,121,15,26,128,64,69" hai3="102,32,126,127,51,99,9,7,120,1,22,11,94"/><T2/><D72/><U113/><E113/><V36/><F114/><W58/><G32/><T57/><D130/><U53/><E124/><N who="3" m="47658" /><G120/><T74/><D74/><U24/><E93/><V103/><F128/><W109/><G109/><N who="0" m="42059" /><D41/><U83/><E83/><V27/><F36/><W104/><G104/><T59/><D37/><U133/><E133/><V34/><F132/><W43/><G9/><T91/><D98/><U117/><E117/><V40/><F40/><W44/><G58/><N who="0" m="22027" /><D107/><U70/><E70/><V4/><F103/><W84/><G84/><T73/><D73/><U97/><E53/><V6/><F6/><W5/><G7/><N who="0" m="3423" /><D91/><U61/><E61/><V82/><F77/><W65/><G65/><T39/><D39/><U115/><E115/><V92/><F122/><W71/><G71/><T3/><D3/><U131/><E131/><V55/><F121/><W78/><G78/><T119/><D119/><U100/><E25/><V123/><F123/><W23/><AGARI ba="0,0" hai="1,5,11,22,23,43,44,51,94,99,102" m="47658" machi="23" ten="30,4000,0" yaku="18,1,52,2" doraHai="18" who="3" fromWho="3" sc="224,-20,291,-10,245,-10,240,40" />
</Scene>
<Scene>
<INIT seed="5,0,0,5,4,58" ten="204,281,235,280" oya="1" hai0="59,85,80,130,49,86,69,64,81,110,51,2,78" hai1="70,134,114,119,92,120,135,113,108,111,79,4,11" hai2="40,27,12,131,41,106,3,129,54,100,122,48,8" hai3="24,72,63,52,35,66,57,116,1,133,23,82,21"/><U45/><E70/><V33/><F3/><W5/><G133/><N who="1" m="50698" /><E45/><N who="2" m="27919" /><F122/><W53/><G116/><T99/><D110/><N who="1" m="42027" /><E79/><V26/><F100/><W109/><G109/><T15/><D130/><N who="2" m="49674" /><F106/><W95/><G95/><T50/><D2/><N who="1" m="407" /><E92/><V117/><F117/><W65/><G1/><T32/><D32/><U118/><E120/><V31/><F27/><W10/><G24/><T89/><D69/><U42/><E42/><V88/><F88/><W75/><G82/><T16/><D99/><U28/><E28/><V128/><N who="2" m="49682" /><V68/><DORA hai="0" /><F68/><W107/><G107/><T22/><REACH who="0" step="1"/><D64/><REACH who="0" ten="194,281,235,280" step="2"/><U90/><E90/><V43/><F43/><W123/><G65/><T104/><D104/><U19/><E119/><V101/><F101/><W44/><G123/><T37/><D37/><U93/><E118/><V74/><F74/><W94/><G66/><T62/><D62/><U17/><E93/><V77/><F77/><W126/><G94/><T97/><D97/><U14/><E14/><V84/><F84/><W7/><G72/><T73/><D73/><U47/><E47/><V39/><F39/><W127/><G75/><T132/><D132/><U61/><E61/><V83/><F83/><W30/><G44/><T71/><D71/><U46/><E46/><V98/><F98/><W20/><G63/><T121/><D121/><U76/><E76/><V124/><F41/><W13/><G13/><T67/><D67/><U38/><E38/><V25/><F40/><W60/><G60/><T9/><D9/><U56/><E56/><AGARI ba="0,1" hai="15,16,22,49,50,51,56,59,78,80,81,85,86,89" machi="56" ten="40,5200,0" yaku="1,1,8,1,54,1,53,0" doraHai="58,0" doraHaiUra="6,125" who="0" fromWho="1" sc="194,62,281,-52,235,0,280,0" />
</Scene>
<Scene>
<INIT seed="6,0,0,5,2,101" ten="256,229,235,280" oya="2" hai0="126,9,88,132,107,114,57,71,19,54,109,68,36" hai1="69,98,78,31,46,55,20,7,56,86,53,3,28" hai2="59,130,4,5,14,70,47,43,97,76,118,16,113" hai3="85,2,22,21,122,27,108,135,115,116,17,34,127"/><V0/><F70/><W121/><G85/><T91/><D109/><U24/><E69/><V6/><F118/><W129/><G108/><T72/><D72/><U1/><E31/><V92/><F0/><W134/><G116/><T125/><D36/><U45/><E98/><V90/><F113/><W38/><G38/><T79/><D79/><U66/><E66/><V75/><F130/><W83/><G83/><T123/><D123/><N who="3" m="47113" /><G115/><T96/><D114/><U30/><E30/><V40/><F47/><W13/><G129/><T50/><D132/><N who="3" m="50729" /><G34/><T62/><D68/><U15/><E1/><V52/><F76/><W93/><G93/><T63/><D71/><U58/><E3/><V32/><F32/><W12/><G2/><T61/><D107/><U48/><E86/><V74/><F74/><W106/><G106/><T77/><D77/><U82/><E82/><V11/><REACH who="2" step="1"/><F75/><REACH who="2" ten="256,229,225,280" step="2"/><W100/><G127/><T37/><D126/><U44/><E78/><V29/><F29/><N who="3" m="17647" /><G100/><T81/><D125/><U128/><E128/><V112/><F112/><W133/><G133/><T42/><D91/><U39/><E39/><V73/><F73/><W105/><G105/><T35/><D37/><U84/><E84/><V111/><F111/><W41/><G41/><T94/><D42/><U64/><E45/><V80/><F80/><W119/><G119/><T10/><D35/><U99/><E46/><V104/><F104/><W49/><G49/><AGARI ba="0,1" hai="4,5,6,11,14,16,40,43,49,52,59,90,92,97" machi="49" ten="40,12000,1" yaku="1,1,8,1,54,2,53,1" doraHai="101" doraHaiUra="8" who="2" fromWho="3" sc="256,0,229,0,225,130,280,-120" />
</Scene>
<Scene>
<INIT seed="6,1,0,3,5,86" ten="256,229,355,160" oya="2" hai0="45,33,37,23,55,82,39,93,15,132,53,56,17" hai1="32,19,5,88,129,61,99,35,12,112,48,94,90" hai2="67,75,103,108,10,122,65,111,47,101,73,117,69" hai3="79,54,59,118,49,114,127,31,77,16,113,121,120"/><V22/><F117/><W106/><G106/><T46/><D33/><U8/><E112/><N who="3" m="43114" /><G118/><T87/><D132/><U78/><E129/><V115/><F115/><W25/><G127/><T60/><D39/><U29/><E78/><N who="3" m="29706" /><G31/><T83/><D37/><U66/><E48/><V26/><F10/><W84/><G84/><T57/><D93/><U81/><E29/><V107/><F47/><N who="0" m="17930" /><D87/><U102/><E81/><V97/><F103/><W11/><G25/><T92/><D92/><U134/><E134/><V109/><F122/><W2/><G2/><T105/><D105/><U76/><E76/><V28/><REACH who="2" step="1"/><F69/><REACH who="2" ten="256,229,345,160" step="2"/><W123/><G120/><T41/><D41/><U72/><E72/><AGARI ba="1,1" hai="22,26,28,65,67,72,73,75,97,101,107,108,109,111" machi="72" ten="50,12000,1" yaku="1,1,2,1,10,1,53,1" doraHai="86" doraHaiUra="18" who="2" fromWho="1" sc="256,0,229,-123,345,133,160,0" />
</Scene>
<Scene>
<INIT seed="6,2,0,3,3,61" ten="256,106,478,160" oya="2" hai0="135,122,41,78,103,21,44,57,101,62,55,85,10" hai1="123,31,113,12,23,86,121,29,17,70,120,8,130" hai2="30,111,3,115,47,36,2,64,58,118,32,20,22" hai3="5,84,66,42,28,18,126,132,82,52,27,116,71"/><V131/><F58/><W133/><G116/><T106/><D122/><U34/><E70/><V53/><F53/><W90/><G126/><T96/><D135/><N who="3" m="51785" /><G42/><T43/><D10/><U63/><E63/><V11/><F11/><W98/><G5/><T60/><D101/><U39/><E39/><V4/><F47/><W33/><G18/><T91/><D78/><U35/><E86/><V9/><F22/><W51/><G98/><T93/><D21/><U109/><E109/><V67/><F20/><W83/><G83/><T92/><D106/><U72/><E72/><V77/><F4/><W68/><G66/><N who="0" m="39183" /><D62/><U102/><E102/><V76/><F76/><W24/><G27/><T0/><D0/><U46/><E46/><AGARI ba="2,0" hai="24,28,33,46,51,52,68,71,82,84,90" m="51785" machi="46" ten="30,2000,0" yaku="20,1,54,1" doraHai="61" who="3" fromWho="1" sc="256,0,106,-26,478,0,160,26" />
</Scene>
<Scene>
<INIT seed="7,0,0,3,1,6" ten="256,80,478,186" oya="3" hai0="58,42,33,116,25,128,50,5,117,9,122,55,98" hai1="51,18,108,63,133,26,66,72,39,74,73,99,4" hai2="84,15,120,23,11,24,129,57,134,82,38,64,86" hai3="97,34,28,90,16,78,130,75,31,10,17,30,8"/><W69/><G69/><T53/><D122/><U7/><E39/><V96/><F38/><W40/><G34/><T20/><D33/><U83/><E108/><V119/><F119/><W106/><G106/><T12/><D128/><U67/><E133/><V61/><F134/><W41/><G75/><T89/><D42/><N who="3" m="16489" /><G78/><T43/><D43/><U131/><E131/><V112/><F129/><W94/><G130/><T121/><D121/><U22/><E83/><V56/><F120/><W92/><G94/><T3/><D3/><U135/><E135/><V27/><F112/><W110/><G110/><T100/><D89/><U45/><E99/><V126/><F126/><W103/><G103/><T14/><D55/><U95/><E95/><V1/><F1/><W102/><G102/><T107/><D14/><U62/><E51/><V36/><F36/><W111/><G111/><T0/><D12/><U54/><E54/><V76/><F96/><W68/><G68/><T47/><D47/><U29/><E45/><V35/><F35/><W48/><G48/><T80/><D80/><U77/><E77/><V123/><F123/><W65/><G65/><T87/><D87/><U71/><REACH who="1" step="1"/><E29/><AGARI ba="0,0" hai="0,5,9,20,25,29,50,53,58,98,100,107,116,117" machi="29" ten="30,2000,0" yaku="7,1,52,1" doraHai="6" who="0" fromWho="1" sc="256,20,80,-20,478,0,186,0" owari="276,8.0,60,-44.0,478,57.0,186,-21.0" />
</Scene>
</mjloggm>