<mjloggm ver="2.3"><GO type="169" lobby="0"/><UN n0="%E5%A4%AA%E3%81%8F%E3%81%AA%E3%81%84%E3%81%8A" n1="%E8%B5%A4%E6%9C%A8%E3%81%97%E3%81%92%E3%82%8C" n2="%E4%B8%8A%E6%9F%BF%E3%82%81%E3%81%90%E3%81%BF" n3="%74%61%6E%61%4B%61%E8%8A%8B%E5%AD%90" dan="17,16,16,17" rate="2163.59,2068.69,2150.35,2084.41" sx="M,M,F,F"/><TAIKYOKU oya="0"/>

<Scene>
<INIT seed="0,0,0,4,2,5" ten="250,250,250,250" oya="0" hai0="93,133,60,66,87,86,116,134,24,12,89,98,131" hai1="101,104,11,67,65,90,118,29,119,49,45,27,1" hai2="30,10,70,82,59,61,57,110,28,81,130,56,53" hai3="120,112,94,64,95,117,40,54,83,77,42,16,80"/><T71/><D116/><U43/><E118/><V0/><F130/><W38/><G112/><T26/><D131/><U35/><E119/><V85/><F110/><W50/><G120/><T2/><D2/><U135/><E135/><N who="0" m="51721" /><D12/><U69/><E69/><V114/><F114/><W4/><G64/><T47/><D47/><U31/><E31/><V88/><F81/><N who="3" m="31307" /><G77/><T51/><D51/><U106/><E90/><V102/><F102/><W18/><G38/><T39/><D39/><U74/><E74/><V23/><F70/><W78/><G78/><T33/><D33/><U48/><E48/><V99/><F99/><W96/><G4/><T75/><D75/><U97/><REACH who="1" step="1"/><E106/><REACH who="1" ten="250,240,250,250" step="2"/><V32/><F32/><W115/><G117/><T92/><D87/><U8/><E8/><V76/><F30/><W123/><G123/><T20/><D20/><U15/><E15/><V126/><F76/><W124/><G50/><T129/><D129/><U107/><E107/><V100/><F28/><W19/><G115/><T3/><D3/><U68/><E68/><V105/><F105/><W44/><G42/><T17/><D86/><U22/><E22/><V14/><F23/><W37/><G40/><T79/><D79/><U62/><E62/><V103/><F0/><W21/><G37/><T58/><D71/><U72/><E72/><V111/><F14/><W46/><G21/><N who="0" m="13359" /><D26/><U127/><E127/><V52/><F126/><W36/><G124/><T63/><D63/><U6/><AGARI ba="0,1" hai="1,6,11,27,29,35,43,45,49,65,67,97,101,104" machi="6" ten="30,4000,0" yaku="1,1,0,1,52,1,53,0" doraHai="5" doraHaiUra="121" who="1" fromWho="1" sc="250,-20,240,50,250,-10,250,-10" />
</Scene>
<Scene>
<INIT seed="1,0,0,2,1,117" ten="230,290,240,240" oya="1" hai0="96,21,62,124,40,119,51,125,99,18,113,58,34" hai1="35,4,115,126,128,6,69,92,120,7,25,94,24" hai2="3,42,75,91,14,100,28,135,74,64,50,11,2" hai3="90,130,31,107,73,134,132,81,65,66,0,72,127"/><U108/><E115/><V52/><F42/><W39/><G39/><T133/><D34/><U29/><E69/><V45/><F100/><W111/><G0/><T110/><D119/><U106/><E106/><V59/><F28/><W43/><G43/><T47/><D113/><U56/><E128/><V19/><F135/><N who="3" m="51755" /><G31/><T116/><D116/><U23/><E126/><N who="0" m="48745" /><D110/><U118/><E118/><V46/><F46/><W129/><G107/><T13/><D133/><U16/><E108/><V63/><REACH who="2" step="1"/><F91/><REACH who="2" ten="230,290,230,240" step="2"/><W57/><G111/><T67/><AGARI ba="0,1" hai="13,18,21,40,47,51,58,62,67,96,99" m="48745" machi="67" ten="30,1100,0" yaku="18,1" doraHai="117" who="0" fromWho="0" sc="230,21,290,-5,230,-3,240,-3" />
</Scene>
<Scene>
<INIT seed="2,0,0,4,1,24" ten="251,285,227,237" oya="2" hai0="109,124,106,110,98,44,72,21,60,3,128,69,35" hai1="84,25,116,52,111,64,99,133,40,77,51,134,56" hai2="37,119,29,10,59,73,45,90,5,105,46,82,83" hai3="39,113,100,58,86,50,103,61,28,32,126,102,132"/><V42/><F119/><W93/><G113/><T88/><D35/><U94/><E111/><N who="0" m="42505" /><D72/><U6/><E116/><V87/><F105/><W7/><G39/><T97/><D3/><U15/><E25/><V85/><F46/><W118/><G132/><N who="1" m="50794" /><E64/><V34/><F59/><W70/><G7/><T1/><D1/><U89/><E40/><V74/><F34/><W68/><G126/><T75/><D75/><U91/><E77/><V92/><F92/><W27/><G118/><T65/><D124/><U47/><E47/><V0/><REACH who="2" step="1"/><F29/><REACH who="2" ten="251,285,217,237" step="2"/><W67/><G70/><T63/><D106/><U80/><E94/><V95/><F95/><W114/><G114/><T13/><D44/><U76/><E99/><V120/><F120/><W122/><G122/><T2/><D97/><U62/><E62/><V54/><F54/><W107/><G107/><T18/><D63/><U131/><E56/><V30/><F30/><W78/><G93/><T4/><D98/><U12/><E52/><V129/><F129/><W8/><G68/><T112/><D128/><U16/><E131/><V23/><F23/><W71/><G71/><T41/><D112/><U33/><E33/><V49/><F49/><W135/><G50/><T17/><D69/><U127/><E51/><V53/><F53/><W9/><G135/><T130/><D130/><U31/><E31/><V11/><F11/><W38/><G38/><T125/><D60/><U66/><E127/><V108/><F108/><W22/><G32/><T57/><D125/><U48/><E48/><V96/><F96/><W26/><G26/><T43/><D57/><RYUUKYOKU ba="0,1" sc="251,-15,285,-15,217,15,237,15" hai2="0,5,10,37,42,45,73,74,82,83,85,87,90" hai3="8,9,22,27,28,58,61,67,78,86,100,102,103" />
</Scene>
<Scene>
<INIT seed="2,1,1,3,1,128" ten="236,270,232,252" oya="2" hai0="103,26,7,39,132,73,111,8,113,122,2,112,83" hai1="48,77,117,47,5,31,62,40,34,9,42,107,69" hai2="130,81,95,46,13,123,88,135,109,76,133,49,97" hai3="67,108,120,61,104,84,114,82,53,96,102,70,79"/><V78/><F123/><W90/><G120/><T127/><D122/><U15/><E117/><V124/><F130/><W12/><G108/><T20/><D103/><U11/><E107/><V98/><F13/><W105/><G114/><T51/><D51/><U115/><E115/><V86/><F109/><W25/><G12/><T74/><D111/><U71/><E77/><N who="2" m="29803" /><F124/><W52/><G104/><T75/><D39/><U110/><E110/><V89/><F49/><W3/><G3/><T56/><D56/><U80/><E80/><V6/><F6/><W72/><REACH who="3" step="1"/><G25/><REACH who="3" ten="236,270,232,242" step="2"/><T0/><D0/><U126/><E15/><V41/><F41/><W60/><G60/><T55/><D112/><U121/><E62/><V116/><F46/><W92/><AGARI ba="1,2" hai="52,53,61,67,70,72,79,82,84,90,92,96,102,105" machi="92" ten="20,12000,2" yaku="1,1,0,1,7,1,24,2,54,1,53,1" doraHai="128" doraHaiUra="99" who="3" fromWho="3" sc="236,-31,270,-31,232,-61,242,143" />
</Scene>
<Scene>
<INIT seed="3,0,0,2,2,56" ten="205,239,171,385" oya="3" hai0="28,93,44,26,1,130,48,49,82,41,131,43,62" hai1="120,63,129,57,91,67,4,132,80,70,113,86,36" hai2="0,102,2,29,54,85,20,117,8,14,124,10,78" hai3="47,119,3,71,7,92,88,15,12,46,76,103,97"/><W33/><G33/><T95/><D1/><U72/><E120/><V118/><F102/><W106/><G119/><T55/><D82/><U58/><E113/><V34/><F78/><W50/><G71/><T87/><D87/><U105/><E36/><V107/><F85/><W53/><G76/><T96/><D62/><U19/><E105/><V84/><F84/><W42/><G3/><N who="2" m="1065" /><F54/><W127/><G127/><T16/><D16/><U60/><E72/><V21/><F107/><W116/><G116/><N who="2" m="44649" /><F124/><W51/><G7/><T73/><D73/><U108/><E4/><N who="2" m="3335" /><F10/><W100/><G106/><T109/><D96/><U111/><E70/><V89/><F89/><W30/><G103/><T23/><D43/><U101/><E101/><V99/><F99/><W5/><G100/><T125/><D125/><U37/><E37/><V74/><F74/><W35/><G5/><T94/><D48/><U68/><E68/><V83/><F83/><W110/><G51/><T115/><D41/><U134/><E91/><V65/><F65/><W69/><G47/><T128/><D115/><U40/><E86/><V133/><F133/><W81/><G53/><T31/><D31/><U59/><E40/><V122/><F122/><W22/><G69/><T17/><REACH who="0" step="1"/><D28/><REACH who="0" ten="195,239,171,385" step="2"/><U75/><E75/><V77/><F77/><W38/><G30/><T24/><D24/><AGARI ba="0,1" hai="20,21,24,29,34" m="3335,44649,1065" machi="24" ten="30,2000,0" yaku="34,2" doraHai="56" who="2" fromWho="0" sc="195,-20,239,0,171,30,385,0" />
</Scene>
<Scene>
<INIT seed="4,0,0,2,3,63" ten="175,239,201,385" oya="0" hai0="112,131,118,60,67,6,133,82,55,86,31,49,39" hai1="97,47,70,101,84,28,71,2,135,120,72,98,26" hai2="51,8,105,122,68,15,125,42,62,20,134,87,13" hai3="37,46,94,129,36,1,130,114,58,10,90,76,77"/><T115/><D118/><U95/><E72/><V99/><F122/><W3/><G114/><N who="0" m="43563" /><D39/><U41/><E120/><V38/><F38/><W104/><G104/><T74/><D74/><U121/><E121/><V108/><F108/><W85/><G37/><T66/><D133/><U107/><E84/><V50/><F134/><W103/><G36/><T52/><D131/><U117/><E2/><V29/><F125/><W0/><G46/><N who="0" m="27703" /><D6/><U23/><E117/><V80/><F42/><W96/><G129/><T43/><D43/><U61/><E135/><V14/><F8/><W4/><G130/><T5/><D5/><U123/><E123/><V126/><F126/><W19/><G1/><T25/><D60/><U53/><E41/><V106/><F62/><W27/><G3/><T100/><D100/><U9/><E61/><V56/><F50/><W75/><G75/><T30/><D55/><U21/><E53/><V7/><F7/><W34/><G4/><T12/><D12/><U16/><E47/><V92/><F13/><W79/><G0/><T110/><D110/><U81/><E101/><N who="2" m="60647" /><F15/><W102/><G102/><T64/><D25/><U132/><E26/><N who="2" m="16583" /><F14/><N who="3" m="7639" /><G103/><T124/><D124/><U78/><E132/><V24/><F24/><W54/><G27/><T33/><D33/><U83/><E71/><V109/><F68/><W116/><G34/><T119/><D119/><U73/><E70/><V128/><F109/><W111/><G111/><T57/><D57/><U35/><E35/><V22/><F128/><W88/><G116/><T17/><D17/><U32/><E16/><V44/><F56/><RYUUKYOKU ba="0,0" sc="175,30,239,-10,201,-10,385,-10" hai0="30,31,64,66,67,82,86" />
</Scene>
<Scene>
<INIT seed="4,1,0,3,4,52" ten="205,229,191,375" oya="0" hai0="27,128,83,22,34,131,101,30,122,132,112,99,119" hai1="37,61,113,32,28,44,15,7,16,3,80,121,38" hai2="17,135,68,95,118,97,57,110,75,103,62,42,72" hai3="48,69,8,65,47,41,1,6,12,2,23,10,134"/><T71/><D119/><U29/><E121/><V91/><F110/><W96/><G134/><T39/><D122/><U94/><E113/><V79/><F135/><W51/><G96/><T129/><D132/><U109/><E109/><V125/><F68/><W54/><G23/><T0/><D112/><U74/><E94/><V76/><F42/><W45/><G69/><T126/><D126/><U14/><E14/><V81/><F125/><W60/><REACH who="3" step="1"/><G10/><REACH who="3" ten="205,229,191,365" step="2"/><T116/><D71/><U87/><E32/><V63/><F118/><W43/><G43/><T26/><D116/><U31/><E31/><V21/><F97/><W107/><G107/><T82/><D99/><U33/><E28/><V18/><F21/><W85/><G85/><T127/><D127/><U19/><E87/><N who="2" m="50671" /><F75/><W106/><G106/><T70/><D70/><U25/><E29/><V102/><F72/><W9/><G9/><T66/><D34/><U24/><E74/><V100/><F100/><W111/><G111/><T56/><D101/><U124/><E33/><V89/><F103/><W55/><G55/><T35/><D35/><U133/><E133/><V67/><F102/><W59/><AGARI ba="1,1" hai="1,2,6,8,12,41,45,47,48,51,54,59,60,65" machi="59" ten="20,5200,0" yaku="1,1,0,1,7,1,52,1,53,0" doraHai="52" doraHaiUra="120" who="3" fromWho="3" sc="205,-27,229,-14,191,-14,365,65" />
</Scene>
<Scene>
<INIT seed="5,0,0,1,5,93" ten="178,215,177,430" oya="1" hai0="59,79,17,77,34,120,16,54,48,131,29,116,39" hai1="91,4,106,25,84,74,97,38,100,23,3,15,81" hai2="51,52,53,76,31,42,130,117,9,128,67,69,95" hai3="65,63,45,2,125,118,122,96,0,94,46,73,111"/><U37/><E3/><V115/><F31/><W64/><G122/><T102/><D116/><U92/><E15/><V19/><F117/><W33/><G33/><T90/><D39/><U86/><E4/><V103/><F76/><N who="0" m="29258" /><D34/><U8/><E8/><V133/><F133/><W22/><G46/><T109/><D109/><U36/><E74/><V87/><F69/><W107/><G63/><T105/><D105/><U12/><E12/><N who="2" m="7567" /><F67/><W127/><G94/><T18/><D120/><U20/><REACH who="1" step="1"/><E25/><REACH who="1" ten="178,205,177,430" step="2"/><V88/><F115/><W83/><G73/><T43/><D131/><N who="2" m="50218" /><F103/><W82/><G118/><T26/><D102/><U85/><E85/><V24/><F24/><W75/><G75/><T13/><D13/><U123/><E123/><V58/><F42/><W113/><G2/><T41/><D26/><U112/><E112/><V27/><F27/><W11/><G0/><T30/><D43/><U124/><E124/><V72/><F72/><W40/><G113/><T121/><D121/><U98/><E98/><N who="2" m="57703" /><F53/><W104/><G125/><T78/><D41/><U66/><E66/><V114/><F114/><W129/><G127/><T6/><D6/><U28/><E28/><V70/><F70/><W110/><G64/><T5/><D5/><U55/><E55/><V80/><F87/><W10/><G65/><T44/><D30/><U68/><E68/><V108/><F108/><W132/><G129/><T1/><D29/><U134/><E134/><V32/><F32/><W21/><G132/><T50/><D54/><U62/><E62/><V35/><F35/><W119/><G40/><T56/><D1/><RYUUKYOKU ba="0,1" sc="178,-15,205,15,177,15,430,-15" hai1="20,23,36,37,38,81,84,86,91,92,97,100,106" hai2="51,52,58,80" />
</Scene>
<Scene>
<INIT seed="5,1,1,2,2,67" ten="163,220,192,415" oya="1" hai0="50,71,82,84,7,52,93,54,56,33,105,6,55" hai1="79,10,95,134,26,121,47,106,13,88,21,37,9" hai2="0,110,46,99,104,101,66,123,11,32,87,125,24" hai3="130,51,69,42,44,111,70,127,97,12,117,43,128"/><U28/><E121/><V39/><F87/><W35/><G35/><T124/><D105/><U3/><E106/><V57/><F57/><W63/><G97/><T86/><D33/><U76/><E134/><V115/><F110/><W92/><G92/><T131/><D124/><U94/><E94/><V89/><F89/><W8/><G111/><T45/><D71/><N who="3" m="27145" /><G63/><T120/><D131/><N who="3" m="50217" /><G127/><T108/><D108/><U91/><E91/><V20/><F125/><W100/><G100/><T98/><D120/><U126/><E126/><V65/><F32/><W18/><G117/><T64/><D64/><U114/><E95/><V132/><F66/><W1/><G43/><T103/><D55/><U107/><E88/><V102/><F99/><W68/><G68/><T41/><D54/><U73/><E107/><V29/><F102/><W109/><G109/><T122/><D122/><U119/><E119/><V85/><F101/><W90/><G90/><T38/><REACH who="0" step="1"/><D86/><REACH who="0" ten="153,220,192,415" step="2"/><U48/><E73/><V59/><F85/><W17/><G42/><T40/><D40/><U129/><E129/><V36/><F104/><W2/><G44/><T31/><D31/><U34/><E28/><V81/><F29/><W77/><G77/><AGARI ba="1,2" hai="6,7,38,41,45,50,52,56,77,82,84,93,98,103" machi="77" ten="30,7700,0" yaku="1,1,7,1,54,1,53,1" doraHai="67" doraHaiUra="78" who="0" fromWho="3" sc="153,100,220,0,192,0,415,-80" />
</Scene>
<Scene>
<INIT seed="6,0,0,0,3,0" ten="253,220,192,335" oya="2" hai0="124,54,50,66,76,98,128,35,58,114,107,37,79" hai1="104,47,86,3,52,80,46,111,45,72,24,5,16" hai2="64,89,63,92,65,77,32,134,109,27,131,90,28" hai3="13,41,127,73,100,40,11,15,21,19,94,26,4"/><V67/><F131/><W84/><G73/><T57/><D37/><U42/><E111/><V78/><F134/><W125/><G26/><T115/><D35/><U113/><E104/><V69/><F109/><W62/><G62/><N who="0" m="38231" /><D128/><U33/><E72/><V22/><F32/><W108/><G108/><T38/><D38/><U126/><E33/><V7/><F89/><N who="3" m="53543" /><G100/><N who="0" m="62871" /><D124/><AGARI ba="0,0" hai="4,11,13,15,19,21,40,41,124,125,127" m="53543" machi="124" ten="30,2000,0" yaku="18,1,52,1" doraHai="0" who="3" fromWho="0" sc="253,-20,220,0,192,0,335,20" />
</Scene>
<Scene>
<INIT seed="7,0,0,4,4,100" ten="233,220,192,355" oya="3" hai0="110,12,124,112,60,83,131,43,107,46,26,48,121" hai1="108,57,113,96,119,104,103,17,80,53,45,85,47" hai2="25,31,1,127,8,91,101,35,66,10,118,38,0" hai3="81,40,128,70,42,120,39,14,20,22,52,87,135"/><W76/><G128/><T36/><D110/><U123/><E123/><V98/><F91/><W134/><G70/><T74/><D121/><U126/><E108/><V68/><F118/><W63/><G120/><T106/><D131/><U55/><E119/><V117/><F117/><W15/><G39/><T79/><D124/><U11/><E126/><V109/><F127/><W115/><G115/><T5/><D112/><U99/><E99/><V133/><F109/><W130/><G130/><T24/><D60/><U67/><E67/><V56/><F56/><N who="3" m="35207" /><G20/><T51/><D51/><U37/><E37/><V129/><F129/><W30/><G134/><T86/><D74/><U6/><E17/><V2/><F38/><W122/><G135/><T58/><D58/><U7/><E55/><V92/><F133/><W54/><G54/><T28/><D36/><U125/><E113/><V44/><F44/><W18/><G30/><T72/><D72/><U111/><E111/><V82/><F82/><W13/><G122/><T34/><D26/><AGARI ba="0,0" hai="13,14,15,18,22,26,40,42,76,81,87" m="35207" machi="26" ten="30,2900,0" yaku="8,1,54,1" doraHai="100" who="3" fromWho="0" sc="233,-29,220,0,192,0,355,29" owari="204,-20.0,220,2.0,192,-31.0,384,49.0" />
</Scene>
</mjloggm>