<mjloggm ver="2.3"><GO type="169" lobby="0"/><UN n0="%E8%90%BD%E5%90%88" n1="%E5%8F%A4%E5%B7%9D%E8%AA%A0%E5%A4%AA%E9%83%8E" n2="%55%4E%4B%4F%63%68%61%6E" n3="%E5%A4%AA%E3%81%8F%E3%81%AA%E3%81%84%E3%81%8A" dan="17,16,16,17" rate="2159.99,2056.82,2138.76,2239.93" sx="M,M,M,M"/><TAIKYOKU oya="0"/>

<Scene>
<INIT seed="0,0,0,3,3,74" ten="250,250,250,250" oya="0" hai0="87,100,46,13,21,128,91,70,121,15,118,86,12" hai1="34,28,42,115,105,67,77,25,89,0,134,50,4" hai2="83,107,98,63,79,26,41,6,94,18,97,62,9" hai3="23,8,75,111,48,27,20,53,32,106,81,29,24"/><T133/><D121/><U22/><E105/><V61/><F41/><W16/><G106/><T104/><D118/><U101/><E101/><V95/><F26/><W131/><G111/><T76/><D70/><U59/><E115/><V11/><F18/><W116/><G116/><T37/><D128/><U55/><E134/><V117/><F117/><W66/><G131/><T85/><D133/><U7/><E42/><V127/><F127/><W19/><G66/><T102/><D37/><U43/><E43/><V120/><F120/><W124/><G124/><T126/><D126/><U72/><E67/><V108/><F108/><W10/><G75/><T99/><D46/><U112/><E112/><V47/><F47/><W33/><G81/><T119/><D119/><U2/><E89/><V52/><F52/><W60/><G60/><T30/><D100/><U44/><E44/><V135/><F135/><W114/><G114/><T132/><D132/><U57/><E57/><V84/><F107/><W88/><G88/><T36/><D36/><U113/><E34/><N who="3" m="13418" /><G53/><T5/><D91/><U3/><REACH who="1" step="1"/><E113/><REACH who="1" ten="250,240,250,250" step="2"/><V68/><F68/><W122/><G122/><T64/><D64/><U82/><AGARI ba="0,1" hai="0,2,3,4,7,22,25,28,50,55,59,72,77,82" machi="82" ten="40,8000,1" yaku="1,1,2,1,0,1,52,1,53,0" doraHai="74" doraHaiUra="58" who="1" fromWho="1" sc="250,-40,240,90,250,-20,250,-20" />
</Scene>
<Scene>
<INIT seed="1,0,0,1,3,128" ten="210,330,230,230" oya="1" hai0="74,72,6,13,83,53,111,29,23,28,79,19,39" hai1="0,95,112,123,119,81,68,18,104,33,114,26,93" hai2="133,52,8,117,129,40,82,70,22,55,132,66,85" hai3="54,46,80,71,98,101,86,87,34,103,56,109,113"/><U118/><E104/><V99/><F117/><W12/><G71/><T9/><D111/><U122/><E68/><V44/><F129/><W21/><G34/><T78/><D39/><U126/><E0/><V45/><F8/><W127/><G113/><N who="1" m="43626" /><E18/><V60/><F99/><W115/><G115/><T97/><D97/><U89/><E26/><V110/><F22/><W14/><G46/><T7/><D7/><U59/><E59/><V90/><F110/><W121/><G121/><N who="1" m="46090" /><E33/><V50/><REACH who="2" step="1"/><F55/><REACH who="2" ten="210,330,220,230" step="2"/><W36/><G54/><T62/><D53/><U96/><E126/><V24/><F24/><W108/><G21/><T125/><D125/><U5/><E5/><V27/><F27/><W47/><G127/><T15/><D62/><U10/><E10/><V100/><F100/><W102/><G101/><T67/><D67/><U38/><E119/><V91/><F91/><W116/><G116/><T106/><D106/><U1/><E96/><V135/><F135/><W35/><G98/><T4/><D4/><U64/><E118/><V31/><F31/><W2/><G102/><T134/><D134/><U48/><E64/><V20/><F20/><W25/><G103/><T32/><D32/><U3/><E89/><V120/><F120/><W73/><G35/><T75/><D78/><U130/><E130/><V37/><AGARI ba="0,1" hai="37,40,44,45,50,52,60,66,70,82,85,90,132,133" machi="37" ten="30,12000,2" yaku="1,1,0,1,52,2,54,1,53,1" doraHai="128" doraHaiUra="51" who="2" fromWho="2" sc="210,-30,330,-60,220,130,230,-30" />
</Scene>
<Scene>
<INIT seed="2,0,0,3,4,52" ten="180,270,350,200" oya="2" hai0="66,46,22,122,87,102,89,41,12,50,96,59,84" hai1="72,115,56,86,0,17,90,132,65,28,110,36,6" hai2="79,33,112,91,120,127,118,123,106,130,80,97,75" hai3="129,77,111,113,109,27,95,20,35,67,19,60,2"/><V114/><F33/><W63/><G2/><T53/><D122/><N who="2" m="46634" /><F118/><W55/><G129/><T121/><D121/><U68/><E115/><N who="2" m="44075" /><F130/><W128/><G128/><T101/><D66/><U45/><E28/><V100/><F91/><W94/><G113/><T107/><D101/><U16/><E72/><V4/><F4/><W26/><G77/><T81/><D87/><U42/><E68/><V18/><F18/><W13/><G55/><T74/><D74/><U38/><E38/><V25/><F25/><N who="3" m="9227" /><G63/><T58/><REACH who="0" step="1"/><D41/><REACH who="0" ten="170,270,350,200" step="2"/><U24/><E65/><V48/><F48/><W11/><G67/><T73/><D73/><U117/><E86/><V78/><F78/><W3/><G60/><T70/><D70/><U92/><E42/><V119/><F119/><W125/><G35/><T49/><D49/><U62/><E117/><V98/><F98/><W76/><G76/><T21/><D21/><U85/><E62/><V47/><F47/><W8/><G20/><T40/><D40/><U32/><E32/><V37/><F37/><W88/><G88/><T93/><D93/><U124/><E85/><V64/><F64/><W39/><G39/><T54/><D54/><U23/><E45/><V126/><AGARI ba="0,1" hai="75,79,80,97,100,106,126,127" m="44075,46634" machi="126" ten="40,7800,0" yaku="23,1,34,2" doraHai="52" who="2" fromWho="2" sc="170,-26,270,-26,350,88,200,-26" />
</Scene>
<Scene>
<INIT seed="2,1,0,1,4,42" ten="144,244,438,174" oya="2" hai0="82,106,8,57,127,21,24,23,67,130,16,131,19" hai1="54,45,83,40,55,123,71,74,18,39,49,30,75" hai2="33,44,100,43,38,86,103,101,76,20,109,14,61" hai3="79,7,122,118,6,46,58,41,53,15,84,68,102"/><V52/><F33/><W37/><G118/><T92/><D106/><U87/><E123/><V85/><F109/><W98/><G122/><T1/><D82/><U129/><E71/><V125/><F125/><W65/><G79/><T126/><D92/><U9/><E30/><V51/><F76/><W104/><G84/><T66/><D57/><U128/><E55/><V26/><F14/><W48/><G15/><N who="0" m="9471" /><D66/><U133/><E133/><V69/><F69/><W63/><AGARI ba="1,0" hai="6,7,37,41,46,48,53,58,63,65,68,98,102,104" machi="63" ten="30,7900,0" yaku="0,1,24,2,52,1" doraHai="42" who="3" fromWho="3" sc="144,-21,244,-21,438,-40,174,82" />
</Scene>
<Scene>
<INIT seed="3,0,0,0,1,118" ten="123,223,398,256" oya="3" hai0="73,80,120,56,104,68,26,124,72,5,95,114,19" hai1="112,134,65,43,122,13,61,10,103,20,28,24,115" hai2="81,132,84,55,88,94,108,2,89,77,14,41,76" hai3="85,31,48,54,69,27,17,105,50,0,37,42,107"/><W99/><G0/><T100/><D68/><U6/><E134/><V79/><F2/><W45/><G69/><T59/><D114/><U111/><E111/><V22/><F108/><W123/><G17/><T47/><D104/><U74/><E74/><V3/><F3/><W131/><G131/><T121/><D5/><U126/><E126/><V90/><F41/><W60/><G85/><T87/><D124/><U129/><E129/><V66/><F66/><W62/><G37/><T116/><D116/><U113/><E43/><V98/><F132/><W21/><G123/><T52/><D47/><U96/><E122/><V53/><F89/><W91/><G105/><T109/><D59/><U44/><E44/><V83/><F81/><W71/><G71/><T30/><D19/><AGARI ba="0,0" hai="14,19,22,53,55,76,77,79,83,84,88,90,94,98" machi="19" ten="40,2600,0" yaku="8,1,54,1" doraHai="118" who="2" fromWho="0" sc="123,-26,223,0,398,26,256,0" />
</Scene>
<Scene>
<INIT seed="4,0,0,3,5,116" ten="97,223,424,256" oya="0" hai0="96,94,101,93,59,48,80,71,31,82,76,67,135" hai1="60,32,22,125,113,130,89,56,54,6,61,57,62" hai2="72,121,126,123,42,9,88,58,129,66,109,73,105" hai3="41,68,45,128,37,118,74,7,104,36,55,30,47"/><T35/><D135/><U50/><E32/><V3/><F105/><W111/><G74/><T77/><D71/><U23/><E125/><V100/><F109/><W79/><G79/><T18/><D35/><U131/><E6/><V4/><F100/><W52/><G104/><T8/><D31/><U115/><E89/><V98/><F42/><N who="3" m="22727" /><G7/><T112/><D112/><N who="1" m="43083" /><E57/><V65/><F126/><W107/><G107/><T85/><D93/><U103/><E103/><V102/><F102/><W87/><G87/><T34/><D34/><U122/><E122/><V33/><F33/><W134/><G30/><T51/><D67/><U12/><E12/><V69/><F69/><W92/><G92/><T75/><REACH who="0" step="1"/><D59/><REACH who="0" ten="87,223,424,256" step="2"/><U46/><E56/><V81/><F58/><W120/><G134/><T64/><D64/><U29/><E29/><V78/><F66/><W26/><G68/><T10/><D10/><U99/><E23/><V124/><F65/><W28/><G28/><T110/><D110/><U5/><E22/><V15/><F124/><W21/><G21/><T83/><D83/><U63/><E130/><V117/><F129/><W86/><G128/><T1/><D1/><U25/><E131/><V95/><F3/><W97/><G111/><T108/><D108/><U39/><E63/><V132/><F132/><W40/><G118/><T0/><D0/><U119/><E119/><V38/><F117/><W106/><G106/><T44/><D44/><U133/><E133/><V17/><F9/><W14/><G47/><T11/><D11/><U16/><E46/><V53/><F81/><W90/><G40/><RYUUKYOKU ba="0,1" sc="87,30,223,-10,424,-10,256,-10" hai0="8,18,48,51,75,76,77,80,82,85,94,96,101" />
</Scene>
<Scene>
<INIT seed="4,1,1,1,3,96" ten="117,213,414,246" oya="0" hai0="119,123,125,64,19,12,15,85,76,6,34,61,21" hai1="10,7,133,40,80,28,92,84,135,11,35,48,67" hai2="86,116,118,55,31,129,132,88,65,91,59,74,30" hai3="17,78,51,4,131,77,117,71,23,2,73,89,62"/><T124/><D34/><U113/><E67/><V103/><F74/><W128/><G117/><N who="2" m="45161" /><F129/><N who="3" m="49739" /><G73/><T95/><D119/><U36/><E36/><V111/><F111/><W26/><G51/><T70/><D123/><U54/><E40/><V82/><F132/><W0/><G89/><T97/><D85/><U38/><E38/><V120/><F65/><N who="3" m="41399" /><G4/><T60/><D60/><U39/><E7/><V29/><F120/><W45/><G45/><T114/><D114/><U25/><E39/><V41/><F41/><W37/><G37/><T56/><D76/><AGARI ba="1,1" hai="0,2,17,23,26,76,77,78" m="41399,49739" machi="76" ten="30,1000,0" yaku="19,1" doraHai="96" who="3" fromWho="0" sc="117,-13,213,0,414,0,246,23" />
</Scene>
<Scene>
<INIT seed="5,0,0,4,1,92" ten="104,213,414,269" oya="1" hai0="44,71,32,9,86,65,87,21,113,12,125,47,73" hai1="132,118,109,93,78,85,117,112,5,18,35,62,102" hai2="104,80,75,58,45,39,130,124,88,31,54,131,36" hai3="116,66,107,121,120,15,0,56,103,90,50,98,101"/><U28/><E5/><V105/><F31/><W42/><G0/><T74/><D32/><U7/><E7/><V95/><F124/><W24/><G116/><T108/><D108/><U60/><E109/><V68/><F68/><W91/><G101/><T133/><D65/><U79/><E18/><V46/><F75/><W128/><G128/><N who="2" m="49193" /><F80/><W13/><G24/><T122/><D71/><U134/><E28/><V48/><F45/><W19/><G15/><T82/><D125/><U126/><E35/><V119/><F119/><W84/><G91/><T97/><D82/><N who="1" m="47319" /><E79/><V127/><F127/><W4/><G4/><T55/><D74/><U16/><E126/><V37/><F46/><W25/><G25/><T57/><D73/><U77/><E77/><V23/><F23/><W72/><G72/><T51/><D21/><U33/><E33/><V27/><F27/><W29/><G29/><T70/><D70/><U129/><E117/><V135/><F135/><N who="1" m="51753" /><E118/><V61/><F61/><W89/><G19/><T30/><D30/><U43/><E16/><V114/><F114/><W49/><G121/><T63/><D122/><U2/><E112/><V41/><F41/><W1/><G42/><T34/><D34/><U100/><E43/><V96/><AGARI ba="0,0" hai="36,37,39,48,54,58,88,95,96,104,105" m="49193" machi="96" ten="40,5200,0" yaku="19,1,52,1,54,1" doraHai="92" who="2" fromWho="2" sc="104,-13,213,-26,414,52,269,-13" />
</Scene>
<Scene>
<INIT seed="6,0,0,0,0,50" ten="91,187,466,256" oya="2" hai0="84,88,127,39,17,4,75,97,135,103,73,83,52" hai1="54,80,53,94,69,56,58,1,111,12,48,55,92" hai2="22,104,32,6,106,89,11,60,131,121,74,14,112" hai3="101,82,114,71,130,28,21,33,76,37,16,108,93"/><V2/><F121/><W38/><G108/><T18/><D39/><U102/><E1/><V99/><F74/><W59/><G71/><T61/><D127/><U105/><E69/><V8/><F32/><W36/><G130/><T87/><D135/><U115/><E111/><V3/><F131/><W70/><G70/><T113/><D113/><U119/><E119/><V20/><F112/><W110/><G110/><T25/><D4/><U63/><E115/><V78/><F78/><W68/><G68/><T62/><D75/><U90/><E105/><V123/><F123/><W86/><G114/><T126/><D73/><U19/><E102/><V45/><F3/><W98/><G59/><N who="0" m="35047" /><D126/><U23/><E55/><V118/><F118/><W67/><G67/><T120/><D120/><U57/><E57/><V107/><F60/><W44/><G33/><T5/><D5/><U47/><E47/><V72/><F72/><W9/><G9/><T81/><D62/><U27/><E12/><V24/><F45/><W46/><G28/><T0/><D0/><U125/><E125/><V122/><F122/><W134/><G134/><T31/><D31/><U7/><E7/><V26/><F8/><W51/><G51/><T64/><D64/><U29/><E29/><V109/><F109/><W133/><G133/><T85/><D103/><U132/><E132/><V41/><F2/><W128/><G128/><T66/><D66/><U43/><E43/><V42/><F42/><W116/><G116/><T77/><D77/><U95/><E90/><V117/><F41/><W34/><G34/><T10/><D88/><RYUUKYOKU ba="0,0" sc="91,-15,187,15,466,-15,256,15" hai1="19,23,27,48,53,54,56,58,63,80,92,94,95" hai3="16,21,36,37,38,44,46,76,82,86,93,98,101" />
</Scene>
<Scene>
<INIT seed="7,1,0,5,5,65" ten="76,202,451,271" oya="3" hai0="53,12,1,123,62,112,100,85,14,74,49,0,54" hai1="75,127,131,94,110,48,78,40,26,82,35,96,9" hai2="118,130,97,70,90,68,50,33,16,43,89,114,105" hai3="129,29,92,47,61,80,31,38,3,27,116,10,120"/><W72/><G116/><T5/><D85/><U7/><E110/><V113/><F118/><W86/><G120/><T101/><D5/><U124/><E40/><V57/><F33/><W132/><G132/><T42/><D42/><U51/><E35/><V56/><F130/><W66/><G129/><T23/><D123/><U18/><E131/><V76/><F76/><W134/><G134/><T8/><D23/><U104/><E104/><V121/><F121/><W63/><G72/><T4/><D74/><U20/><E94/><N who="2" m="56527" /><F105/><W34/><G31/><T83/><D4/><U102/><E96/><V87/><F16/><W122/><G122/><T13/><D8/><U93/><E93/><N who="2" m="54495" /><F56/><W19/><G92/><T119/><D119/><U64/><E102/><V21/><F21/><W37/><G47/><T67/><D83/><U103/><E103/><V125/><F125/><W60/><G66/><T79/><D79/><U99/><E64/><V91/><F91/><W106/><G106/><T71/><D112/><N who="2" m="43114" /><F57/><W28/><G3/><T15/><N who="0" m="3072" /><DORA hai="81" /><T41/><D101/><U84/><E99/><V6/><F6/><W109/><G34/><T108/><D100/><U126/><REACH who="1" step="1"/><E75/><REACH who="1" ten="76,192,451,271" step="2"/><V55/><F43/><W117/><G109/><T32/><D32/><U46/><E46/><V2/><F2/><AGARI ba="1,1" hai="2,7,9,18,20,26,48,51,78,82,84,124,126,127" machi="2" ten="40,12000,2" yaku="1,1,18,1,52,1,53,4" doraHai="65,81" doraHaiUra="77,133" who="1" fromWho="2" sc="76,0,192,133,451,-123,271,0" owari="76,-42.0,325,13.0,328,42.0,271,-13.0" />
</Scene>
</mjloggm>