<mjloggm ver="2.3"><GO type="169" lobby="0"/><UN n0="%E4%B8%8D%E8%81%B4%E7%89%8C%E3%83%AA%E3%83%BC%E3%83%81" n1="%7A%65%61%6C%E2%88%AB" n2="%E5%A4%AA%E3%81%8F%E3%81%AA%E3%81%84%E3%81%8A" n3="%E5%82%B7%E3%81%AF%E6%B5%85%E3%81%84%E3%81%86%E3%81%A1%E3%81%AB" dan="17,17,18,16" rate="2140.56,2196.92,2178.27,2016.57" sx="M,M,M,M"/><TAIKYOKU oya="0"/>

<Scene>
<INIT seed="0,0,0,5,1,100" ten="250,250,250,250" oya="0" hai0="22,24,62,124,36,91,122,112,21,39,14,8,125" hai1="74,88,109,103,101,12,114,23,119,97,26,121,61" hai2="87,40,55,93,2,52,129,20,66,126,135,48,46" hai3="30,54,123,111,64,28,70,106,45,65,49,59,75"/><T71/><D122/><U38/><E121/><V108/><F2/><W113/><G75/><T13/><D112/><U73/><E109/><V95/><F108/><W10/><G111/><T47/><D14/><U102/><E119/><V3/><F3/><W7/><G70/><T33/><D33/><U115/><E38/><V76/><F135/><W118/><G118/><T127/><D91/><U132/><E61/><V32/><F32/><W31/><G113/><N who="1" m="43018" /><E12/><V117/><F117/><W43/><G106/><T120/><D120/><U92/><E132/><V90/><F129/><W110/><G110/><T27/><D27/><U35/><E35/><V63/><F126/><W131/><G131/><T134/><D134/><U81/><E81/><V56/><F76/><W128/><G128/><T34/><D34/><U80/><E80/><V86/><F20/><W19/><G123/><T130/><D130/><U25/><E25/><V96/><REACH who="2" step="1"/><F86/><REACH who="2" ten="250,250,240,250" step="2"/><W78/><G78/><T83/><D22/><U116/><E116/><V82/><F82/><W85/><G85/><T15/><D83/><U53/><E74/><V105/><F105/><W60/><G7/><T133/><D133/><U104/><E73/><V107/><F107/><W0/><G0/><T29/><D125/><U98/><E104/><V79/><F79/><W18/><G10/><T9/><D9/><U44/><E98/><V50/><F50/><W5/><G5/><T84/><D8/><U11/><E11/><V58/><F58/><W69/><G69/><T17/><D124/><U16/><E44/><V51/><F51/><W94/><G94/><RYUUKYOKU ba="0,1" sc="250,-30,250,10,240,10,250,10" hai1="16,23,26,53,88,92,97,101,102,103" hai2="40,46,48,52,55,56,63,66,87,90,93,95,96" hai3="18,19,28,30,31,43,45,49,54,59,60,64,65" />
</Scene>
<Scene>
<INIT seed="1,1,1,3,5,122" ten="220,260,250,260" oya="1" hai0="59,130,108,6,30,127,91,99,62,107,79,38,20" hai1="28,118,80,40,74,77,16,54,78,22,41,50,90" hai2="84,129,101,60,106,109,105,64,67,111,115,32,51" hai3="112,8,71,21,87,36,39,14,117,89,82,95,11"/><U46/><E118/><V2/><F2/><W3/><G71/><T49/><D38/><U102/><E102/><V73/><F73/><W94/><G117/><T114/><D114/><U7/><E7/><V5/><F5/><W92/><G112/><T68/><D68/><U48/><E28/><V86/><F115/><W120/><G120/><T31/><D79/><U53/><E78/><V135/><F32/><W119/><G119/><T57/><D49/><U43/><E90/><V83/><F135/><W134/><G134/><T45/><D45/><U58/><REACH who="1" step="1"/><E43/><REACH who="1" ten="220,250,250,260" step="2"/><V23/><F101/><W63/><G89/><T113/><D91/><U75/><E75/><V133/><F133/><W26/><G3/><T17/><D6/><U27/><AGARI ba="1,2" hai="16,22,27,40,41,46,48,50,53,54,58,74,77,80" machi="27" ten="20,12000,1" yaku="1,1,0,1,7,1,54,1,53,1" doraHai="122" doraHaiUra="13" who="1" fromWho="1" sc="220,-41,250,143,250,-41,260,-41" />
</Scene>
<Scene>
<INIT seed="1,2,0,1,0,85" ten="179,393,209,219" oya="1" hai0="123,51,109,75,25,66,11,78,7,127,116,36,76" hai1="104,21,84,45,101,1,135,23,102,61,17,73,94" hai2="118,110,56,28,58,55,65,129,121,9,68,99,74" hai3="30,38,117,34,46,6,39,47,105,57,92,18,49"/><U50/><E73/><V54/><F74/><W80/><G105/><T128/><D36/><U42/><E1/><V27/><F118/><W113/><G113/><T3/><D116/><U16/><E104/><V130/><F121/><W64/><G6/><T10/><D123/><U52/><E135/><V98/><F68/><W126/><G18/><N who="1" m="7274" /><E61/><N who="2" m="38055" /><F9/><W72/><G30/><T86/><D75/><U15/><E42/><V2/><F2/><W132/><G34/><T63/><D11/><U35/><E35/><N who="2" m="20895" /><F54/><W125/><G132/><T115/><D115/><U77/><E15/><V120/><F120/><W19/><G19/><T124/><D25/><U100/><E77/><V13/><F13/><W106/><G106/><T91/><D78/><U90/><AGARI ba="2,0" hai="21,23,45,50,52,84,90,94,100,101,102" m="7274" machi="90" ten="30,11700,0" yaku="8,1,52,1,54,2" doraHai="85" who="1" fromWho="1" sc="179,-41,393,123,209,-41,219,-41" />
</Scene>
<Scene>
<INIT seed="1,3,0,4,2,35" ten="138,516,168,178" oya="1" hai0="15,17,87,67,80,69,39,128,29,63,37,7,46" hai1="31,12,58,4,117,92,130,123,120,8,85,11,42" hai2="48,30,32,93,53,110,68,54,55,34,71,127,5" hai3="23,104,60,106,135,111,99,107,41,45,28,19,57"/><U18/><E117/><V81/><F110/><W115/><G111/><T66/><D128/><U114/><E114/><V43/><F127/><W98/><G115/><T49/><D29/><U0/><E130/><V131/><F131/><W64/><G28/><T14/><D66/><U3/><E42/><V105/><F105/><W126/><G135/><T74/><D74/><U50/><E31/><V26/><F34/><W121/><G121/><T65/><D65/><U125/><E125/><V33/><F33/><W95/><G95/><T44/><D7/><N who="1" m="1151" /><E58/><V20/><F32/><W91/><G91/><T124/><D124/><U78/><E50/><V113/><F113/><W25/><REACH who="3" step="1"/><G126/><REACH who="3" ten="138,516,168,168" step="2"/><T112/><D112/><U90/><E92/><V9/><F93/><W84/><G84/><T38/><D87/><U27/><E90/><V13/><F81/><W72/><G72/><T83/><D80/><U51/><E85/><V10/><F30/><W61/><G61/><T21/><D83/><U22/><E78/><V24/><F5/><W40/><G40/><T119/><D119/><U77/><E77/><V76/><F76/><W88/><G88/><T96/><D63/><U36/><E36/><AGARI ba="3,1" hai="19,23,25,36,41,45,57,60,64,98,99,104,106,107" machi="36" ten="40,1300,0" yaku="1,1,53,0" doraHai="35" doraHaiUra="132" who="3" fromWho="1" sc="138,0,516,-22,168,0,168,32" />
</Scene>
<Scene>
<INIT seed="2,0,0,5,3,49" ten="138,494,168,200" oya="2" hai0="53,89,98,34,17,73,13,22,26,75,19,0,40" hai1="57,74,37,114,91,9,64,55,127,120,71,100,6" hai2="121,135,56,105,82,93,96,11,115,106,39,25,23" hai3="81,131,79,130,63,94,107,24,110,50,31,129,35"/><V54/><F115/><W88/><G107/><T87/><D0/><U133/><E74/><V122/><F39/><W134/><G110/><T124/><D124/><U18/><E37/><V103/><F135/><W90/><G134/><T52/><D40/><U66/><E114/><V58/><F58/><W51/><G63/><T77/><D34/><U14/><E71/><V2/><F82/><W109/><G109/><T45/><D45/><U7/><E127/><V70/><F70/><W104/><G104/><T61/><D61/><N who="1" m="36031" /><E100/><V15/><F2/><W3/><G3/><T46/><D46/><U86/><E120/><V92/><F105/><W95/><G94/><N who="0" m="56655" /><D75/><U28/><E28/><V8/><F106/><W83/><G83/><N who="0" m="47599" /><D73/><U60/><E60/><V112/><F93/><W48/><REACH who="3" step="1"/><G95/><REACH who="3" ten="138,494,168,190" step="2"/><T68/><D68/><U125/><E125/><V126/><F126/><W10/><G10/><AGARI ba="0,1" hai="10,13,17,19,22,26,52,53" m="47599,56655" machi="10" ten="30,7700,0" yaku="8,1,52,2,54,1" doraHai="49" who="0" fromWho="3" sc="138,87,494,0,168,0,190,-77" />
</Scene>
<Scene>
<INIT seed="3,0,0,5,5,44" ten="225,494,168,113" oya="3" hai0="108,60,85,117,29,48,102,28,67,36,25,97,80" hai1="46,78,112,49,16,61,10,89,1,7,39,93,107" hai2="118,103,88,31,5,52,38,23,0,62,8,135,20" hai3="87,121,64,37,27,35,101,42,71,104,84,81,3"/><W56/><G121/><T132/><D36/><U122/><E112/><V50/><F38/><W72/><G3/><T13/><D117/><U131/><E107/><V82/><F118/><W130/><G130/><T114/><D114/><U47/><E39/><V109/><F103/><W30/><G56/><T21/><D108/><U26/><E78/><V57/><F109/><W123/><G123/><T76/><D132/><U45/><E61/><V18/><F135/><W69/><G69/><T106/><D13/><N who="1" m="5343" /><E131/><V75/><F31/><W115/><G115/><T54/><D29/><U113/><E1/><V9/><F75/><W133/><G133/><T90/><D76/><U4/><E4/><V17/><F62/><N who="3" m="40343" /><G81/><T19/><D19/><N who="2" m="7178" /><F0/><W55/><G72/><T105/><D105/><U2/><E2/><V74/><F74/><W134/><G134/><T96/><D102/><U116/><E113/><V126/><F126/><W86/><G37/><T22/><D106/><U92/><E116/><V125/><F125/><W100/><G104/><T66/><D22/><N who="2" m="8234" /><F5/><W119/><G119/><T40/><D28/><U83/><E122/><V63/><F63/><W51/><G101/><T128/><D60/><U127/><E127/><V15/><F15/><W98/><G100/><T24/><D128/><U111/><E111/><V79/><F79/><W53/><G98/><T41/><D96/><U73/><E73/><V95/><F82/><W91/><G91/><T43/><D90/><U70/><E83/><V68/><F68/><W34/><G34/><T14/><D80/><U32/><E32/><V59/><F59/><RYUUKYOKU ba="0,0" sc="225,-15,494,-15,168,15,113,15" hai2="8,9,50,52,57,88,95" hai3="27,30,35,42,51,53,55,84,86,87" />
</Scene>
<Scene>
<INIT seed="3,1,0,2,2,57" ten="210,479,183,128" oya="3" hai0="105,109,35,110,31,20,64,88,29,135,23,120,86" hai1="2,85,115,97,66,99,30,76,96,0,12,26,1" hai2="54,21,133,103,61,8,92,59,89,70,39,79,58" hai3="65,14,118,52,42,94,124,132,49,6,81,117,101"/><W122/><G122/><T53/><D105/><U108/><E115/><V16/><F39/><W63/><G124/><T102/><D102/><U27/><E108/><N who="0" m="41577" /><D120/><U87/><E66/><V82/><F133/><W125/><G125/><T22/><D35/><U107/><E107/><V80/><F70/><W18/><G6/><T104/><D104/><U44/><E12/><N who="2" m="7175" /><F79/><W130/><G132/><T111/><D135/><U83/><E44/><V38/><F38/><W55/><G130/><T84/><D84/><U69/><E69/><V46/><F103/><W123/><G123/><T126/><D126/><U36/><E36/><V129/><F46/><N who="3" m="25815" /><G117/><T48/><D64/><U113/><E113/><V90/><F129/><W95/><G81/><N who="2" m="31337" /><F92/><N who="3" m="35371" /><G101/><T9/><D111/><U15/><E76/><V56/><F21/><N who="3" m="11479" /><G118/><T41/><D29/><U11/><E83/><V127/><F127/><W19/><G19/><T73/><D31/><U98/><E30/><V24/><F24/><W32/><G32/><T62/><D73/><U74/><E74/><V93/><F89/><W3/><G3/><T37/><D88/><U60/><E1/><V91/><F90/><W71/><G71/><T67/><D37/><U131/><E131/><V68/><F68/><W47/><G47/><T7/><D7/><U134/><E134/><V106/><F106/><W119/><G119/><T121/><D121/><U75/><E75/><V4/><F4/><W50/><G50/><T100/><D100/><U13/><E2/><V40/><F40/><W10/><G10/><T28/><D41/><U51/><N who="1" m="24576" /><DORA hai="25" /><U45/><E0/><RYUUKYOKU ba="1,0" sc="210,-15,479,-15,183,15,128,15" hai2="54,56,58,59,61,91,93" hai3="52,55,63,65" />
</Scene>
<Scene>
<INIT seed="3,2,0,0,1,76" ten="195,464,198,143" oya="3" hai0="2,36,7,29,114,56,15,43,23,13,97,69,115" hai1="86,87,117,101,64,65,61,47,73,74,52,123,91" hai2="104,82,1,122,75,66,0,46,106,109,128,16,90" hai3="84,26,11,6,55,22,121,89,21,81,103,30,49"/><W108/><G121/><T39/><D69/><U118/><E101/><V131/><F122/><W9/><G108/><T58/><D2/><N who="2" m="1130" /><F109/><W60/><G6/><T134/><D134/><U54/><E123/><V127/><F66/><W28/><G60/><T40/><D97/><U133/><E133/><V68/><F68/><W41/><G41/><T70/><D7/><U4/><E4/><V125/><F46/><W100/><G103/><T93/><D93/><U98/><E98/><V10/><F10/><W111/><G111/><T95/><D95/><U116/><E47/><V130/><F16/><N who="3" m="12615" /><G100/><T12/><D70/><N who="1" m="42255" /><E65/><V110/><F110/><W88/><G89/><T119/><D119/><U18/><E18/><V5/><F5/><W92/><G92/><T129/><D40/><U37/><E37/><V83/><F90/><W77/><G77/><T17/><D43/><U48/><E91/><V57/><F75/><N who="1" m="28681" /><E48/><V14/><F106/><W85/><G85/><AGARI ba="2,0" hai="52,54,85,86,87,116,117,118" m="28681,42255" machi="85" ten="40,2600,0" yaku="12,1,54,1" doraHai="76" who="1" fromWho="3" sc="195,0,464,32,198,0,143,-32" />
</Scene>
<Scene>
<INIT seed="4,0,0,3,2,59" ten="195,496,198,111" oya="0" hai0="7,43,102,115,133,88,100,122,55,67,35,11,9" hai1="3,64,57,27,41,78,70,81,56,22,73,98,79" hai2="36,85,76,66,49,92,58,38,93,17,32,112,105" hai3="132,134,13,135,87,72,31,95,48,68,121,117,84"/><T25/><D122/><U60/><E3/><V91/><F105/><W62/><G72/><T104/><D43/><U23/><E98/><V83/><F32/><W12/><G117/><T29/><D115/><U103/><E103/><V77/><F112/><W130/><G130/><T53/><D133/><U89/><E89/><V131/><F131/><W127/><G127/><T33/><D33/><U42/><E79/><N who="2" m="30283" /><F38/><W74/><G74/><T28/><D28/><U61/><E70/><V80/><F36/><W124/><G124/><T2/><D67/><U119/><E119/><V110/><F110/><W24/><G121/><T113/><D113/><U37/><E23/><V52/><F17/><W75/><G75/><T96/><BYE who="3" /><D100/><U90/><E90/><N who="2" m="53327" /><F66/><W34/><G34/><UN n3="%E5%82%B7%E3%81%AF%E6%B5%85%E3%81%84%E3%81%86%E3%81%A1%E3%81%AB" /><T106/><D106/><U120/><E120/><V5/><F5/><W30/><G30/><T129/><D129/><U111/><E37/><V82/><F82/><W86/><G95/><T21/><D11/><U108/><E108/><V50/><F50/><W126/><G48/><T19/><REACH who="0" step="1"/><D88/><REACH who="0" ten="185,496,198,111" step="2"/><U20/><E111/><V10/><F10/><W69/><G126/><T45/><D45/><U4/><E64/><V97/><AGARI ba="0,1" hai="49,52,58,80,83,91,93,97" m="53327,30283" machi="97" ten="30,2000,0" yaku="8,1,54,1" doraHai="59" who="2" fromWho="2" sc="185,-10,496,-5,198,30,111,-5" />
</Scene>
<Scene>
<INIT seed="5,0,0,4,3,24" ten="175,491,228,106" oya="1" hai0="13,73,106,132,98,41,65,110,52,21,82,4,23" hai1="5,107,131,102,121,104,86,83,119,118,101,111,64" hai2="3,34,42,134,79,117,122,7,116,59,17,71,99" hai3="78,76,66,56,8,103,89,18,123,133,60,33,30"/><U40/><E40/><V45/><F71/><W63/><G123/><T129/><D65/><U26/><E64/><V77/><F122/><W15/><G133/><T67/><D67/><U97/><E5/><V19/><F34/><W57/><G103/><T91/><D41/><U12/><E12/><V88/><F134/><W84/><G63/><T94/><D110/><U9/><E9/><V22/><F3/><W31/><G33/><T55/><D132/><U135/><E26/><V81/><F7/><W0/><G0/><T61/><D106/><U46/><E46/><V72/><F79/><N who="3" m="30251" /><G56/><N who="0" m="34951" /><D73/><U29/><E102/><V95/><F59/><W113/><G113/><T27/><D129/><U49/><E49/><V51/><REACH who="2" step="1"/><F17/><REACH who="2" ten="175,491,218,106" step="2"/><W54/><G66/><T124/><D4/><U44/><E121/><V100/><F100/><W112/><G112/><T10/><D91/><U58/><E101/><V53/><F53/><W75/><G75/><T120/><D55/><U85/><E135/><V68/><F68/><W32/><G32/><T125/><D120/><U74/><E74/><V2/><F2/><W105/><G105/><T37/><D125/><U130/><E107/><V14/><AGARI ba="0,1" hai="14,19,22,42,45,51,72,77,81,88,95,99,116,117" machi="14" ten="20,12000,2" yaku="1,1,0,1,7,1,54,1,53,2" doraHai="24" doraHaiUra="115" who="2" fromWho="2" sc="175,-30,491,-60,218,130,106,-30" />
</Scene>
<Scene>
<INIT seed="6,0,0,0,0,25" ten="145,431,348,76" oya="2" hai0="62,72,82,8,89,42,26,96,119,27,98,97,15" hai1="73,65,84,4,35,113,37,83,55,0,99,128,39" hai2="54,60,108,50,90,67,135,16,38,85,2,86,87" hai3="32,78,13,59,122,36,11,48,45,49,93,58,29"/><V70/><F2/><W118/><G118/><T47/><D119/><U94/><E73/><V17/><F38/><W18/><G122/><T80/><D62/><U5/><E35/><V91/><F135/><W133/><G133/><T34/><D72/><U117/><E65/><V79/><F79/><W21/><G36/><T41/><D34/><U69/><E69/><V22/><F108/><W44/><G32/><T1/><D1/><U107/><E107/><V76/><F76/><W123/><G123/><T92/><D27/><U127/><E55/><V88/><REACH who="2" step="1"/><F22/><REACH who="2" ten="145,431,338,76" step="2"/><W131/><G78/><T3/><D3/><U130/><E39/><V115/><F115/><W102/><G21/><T112/><D112/><U68/><E37/><V20/><F20/><W23/><G23/><T114/><D114/><U81/><E113/><V129/><F129/><W10/><G131/><T103/><D26/><U111/><E128/><V75/><F75/><W33/><G33/><T64/><D103/><U124/><E130/><V9/><F9/><W105/><G11/><T14/><D8/><U132/><E132/><V56/><AGARI ba="0,1" hai="16,17,50,54,56,60,67,70,85,86,87,88,90,91" machi="56" ten="30,11700,0" yaku="1,1,0,1,54,2,53,0" doraHai="25" doraHaiUra="30" who="2" fromWho="2" sc="145,-39,431,-39,338,127,76,-39" />
</Scene>
<Scene>
<INIT seed="6,1,0,2,3,88" ten="106,392,465,37" oya="2" hai0="94,9,93,65,69,132,111,15,22,14,78,101,96" hai1="108,110,114,55,86,113,104,124,135,119,91,41,128" hai2="123,73,29,85,44,37,43,134,16,109,3,133,83" hai3="50,5,66,90,60,117,72,21,131,127,89,34,13"/><V45/><F123/><W81/><G34/><T39/><D111/><N who="1" m="42539" /><E41/><V2/><F73/><W53/><G117/><T0/><D39/><U126/><E55/><V6/><F109/><W52/><G127/><N who="1" m="48682" /><E104/><V92/><F29/><W99/><G131/><T82/><D132/><N who="2" m="50794" /><F6/><W1/><G1/><T12/><D22/><U25/><E135/><V48/><F16/><N who="3" m="10383" /><G5/><T97/><D0/><U98/><E25/><V76/><F92/><N who="3" m="56727" /><G72/><T20/><D20/><U87/><E119/><V31/><F31/><W38/><G38/><T4/><D65/><U8/><E8/><V129/><F129/><W95/><G81/><T28/><D28/><U116/><E116/><V18/><F37/><W49/><G66/><T71/><D71/><U51/><E51/><N who="3" m="19466" /><G60/><T100/><D69/><U57/><E128/><V106/><F106/><W63/><G63/><T67/><D67/><U40/><E40/><V80/><F43/><W17/><G17/><T107/><D107/><U75/><E75/><AGARI ba="1,0" hai="4,9,12,14,15,75,78,82,93,94,96,97,100,101" machi="75" ten="30,7700,0" yaku="7,1,9,1,52,2" doraHai="88" who="0" fromWho="1" sc="106,80,392,-80,465,0,37,0" />
</Scene>
<Scene>
<INIT seed="7,0,0,5,5,22" ten="186,312,465,37" oya="3" hai0="10,14,125,42,66,56,8,98,51,46,95,39,27" hai1="61,79,102,31,64,122,132,75,89,4,105,21,97" hai2="62,90,29,11,57,135,1,19,5,38,124,96,52" hai3="73,130,68,109,108,67,28,26,36,101,33,104,34"/><W120/><G120/><T32/><D125/><U3/><E122/><V100/><F38/><W87/><G73/><T16/><D32/><U91/><E132/><V37/><F37/><W113/><G113/><T49/><D8/><U80/><E21/><V30/><F135/><W81/><G130/><T111/><D111/><N who="3" m="42569" /><G36/><T6/><D39/><U72/><E31/><V83/><F124/><W123/><G123/><T45/><D56/><U71/><E4/><V85/><F19/><W134/><G134/><T69/><D69/><U0/><E89/><V24/><F24/><W12/><G12/><T114/><D66/><U58/><E58/><V121/><F121/><W82/><G34/><T128/><D128/><U70/><E91/><V86/><F86/><W84/><G87/><T35/><D35/><U103/><E103/><V129/><F129/><W119/><G119/><T2/><D114/><U93/><E93/><AGARI ba="0,0" hai="1,5,11,29,30,52,57,62,83,85,90,93,96,100" machi="93" ten="30,2000,0" yaku="7,1,54,1" doraHai="22" who="2" fromWho="1" sc="186,0,312,-20,465,20,37,0" owari="186,-21.0,292,9.0,485,58.0,37,-46.0" />
</Scene>
</mjloggm>