<mjloggm ver="2.3"><GO type="169" lobby="0"/><UN n0="%4A%61%6E%2D%4D%61%63%68" n1="%E3%82%A4%E3%82%B5%E3%82%AD" n2="%E5%A4%AA%E3%81%8F%E3%81%AA%E3%81%84%E3%81%8A" n3="%E4%BF%BA%E3%82%82%E3%81%86%E3%83%80%E3%83%A1%E3%81%A0%E3%82%8F" dan="17,17,17,17" rate="2190.65,2198.80,2166.71,2166.18" sx="M,M,M,F"/><TAIKYOKU oya="0"/>

<Scene>
<INIT seed="0,0,0,5,1,97" ten="250,250,250,250" oya="0" hai0="103,128,64,57,85,119,125,33,32,37,98,99,89" hai1="36,3,34,22,69,67,38,75,4,96,0,62,87" hai2="61,109,118,72,54,91,9,8,90,42,120,46,121" hai3="66,13,77,104,71,63,112,76,73,78,15,14,2"/><T105/><D37/><U52/><E75/><V122/><F72/><W31/><G73/><T95/><D119/><U116/><E34/><V11/><F118/><W93/><G2/><T82/><D128/><U53/><E0/><V39/><F109/><W81/><G81/><T10/><D125/><U48/><E116/><V70/><REACH who="2" step="1"/><F54/><REACH who="2" ten="250,250,240,250" step="2"/><W12/><G112/><T126/><D126/><U107/><E53/><V41/><F41/><W49/><G104/><T5/><D64/><AGARI ba="0,1" hai="8,9,11,39,42,46,61,64,70,90,91,120,121,122" machi="64" ten="50,3200,0" yaku="1,1,53,1" doraHai="97" doraHaiUra="40" who="2" fromWho="0" sc="250,-32,250,0,240,42,250,0" />
</Scene>
<Scene>
<INIT seed="1,0,0,2,0,20" ten="218,250,282,250" oya="1" hai0="21,47,88,90,92,70,93,134,105,31,117,35,68" hai1="86,16,13,36,62,118,120,133,38,75,110,127,116" hai2="84,28,1,17,77,78,81,43,24,135,112,54,6" hai3="37,96,119,55,44,0,103,113,98,4,76,14,126"/><U57/><E120/><V106/><F106/><W108/><G113/><T2/><D35/><U102/><E75/><V30/><F112/><W104/><G0/><T52/><D105/><U69/><E69/><V91/><F135/><W121/><G121/><T80/><D2/><U132/><E127/><V94/><F43/><W48/><G126/><T83/><D117/><U73/><E73/><V42/><F42/><W60/><G119/><T123/><D123/><U95/><E38/><V125/><F125/><W97/><G108/><T53/><D134/><N who="1" m="51819" /><E36/><V99/><F1/><W12/><G37/><T19/><D31/><N who="2" m="11818" /><F6/><W9/><G12/><T49/><D68/><U29/><E29/><V115/><F115/><W27/><G76/><T25/><D53/><N who="1" m="34095" /><E110/><V131/><F131/><W7/><G7/><T109/><D70/><U5/><E5/><V23/><F54/><W107/><G107/><T45/><D45/><U3/><E3/><V41/><F41/><W128/><G128/><T46/><D46/><U82/><E95/><N who="0" m="36425" /><D109/><U8/><E102/><AGARI ba="0,0" hai="17,23,24,77,78,81,84,91,94,99,102" m="11818" machi="102" ten="30,2000,0" yaku="8,1,52,1" doraHai="20" who="2" fromWho="1" sc="218,0,250,-20,282,20,250,0" />
</Scene>
<Scene>
<INIT seed="2,0,0,0,4,131" ten="218,230,302,250" oya="2" hai0="113,125,37,2,24,45,75,13,116,108,21,40,31" hai1="87,77,104,82,60,115,10,16,84,29,68,52,80" hai2="78,69,124,51,28,111,129,46,86,110,128,7,0" hai3="81,8,43,65,54,22,42,9,120,26,112,89,34"/><V12/><F0/><W133/><G120/><T83/><D2/><U121/><E104/><V11/><F69/><W103/><G34/><T102/><D113/><U64/><E115/><V95/><F28/><W3/><G3/><T107/><D116/><U93/><E121/><V130/><F124/><W20/><G112/><T32/><D125/><U126/><E29/><V92/><F78/><W99/><G65/><T119/><D119/><U63/><E93/><N who="2" m="35915" /><F86/><W94/><G133/><T55/><D55/><AGARI ba="0,0" hai="7,11,12,46,51,55,110,111,128,129,130" m="35915" machi="55" ten="40,2000,0" yaku="19,1" doraHai="131" who="2" fromWho="0" sc="218,-20,230,0,302,20,250,0" />
</Scene>
<Scene>
<INIT seed="2,1,0,4,2,53" ten="198,230,322,250" oya="2" hai0="54,21,61,41,12,98,63,117,20,19,13,58,113" hai1="38,77,125,114,83,80,86,45,32,132,47,84,92" hai2="33,3,79,2,126,127,105,116,122,59,1,66,42" hai3="115,97,120,99,112,11,4,43,17,37,107,124,95"/><V56/><F116/><W76/><G120/><T67/><D117/><U96/><E114/><N who="3" m="43562" /><G124/><N who="2" m="47657" /><F122/><W35/><G35/><T18/><D113/><U64/><E125/><V101/><F33/><W51/><G37/><T5/><D98/><U89/><E132/><V93/><F105/><W78/><G17/><T74/><D74/><U55/><E32/><V25/><F66/><W111/><G111/><T27/><D41/><U73/><E38/><V134/><F134/><W75/><G75/><T46/><D46/><U34/><E34/><V85/><F25/><W24/><G24/><T7/><D27/><U49/><E64/><V6/><F6/><W52/><G43/><T109/><REACH who="0" step="1"/><D109/><REACH who="0" ten="188,230,322,250" step="2"/><U87/><REACH who="1" step="1"/><E45/><REACH who="1" ten="188,220,322,250" step="2"/><V119/><F119/><W29/><G107/><T50/><D50/><U131/><E131/><V31/><F42/><W57/><G99/><T130/><D130/><U70/><E70/><AGARI ba="1,2" hai="5,7,12,13,18,19,20,21,54,58,61,63,67,70" machi="70" ten="30,7700,0" yaku="1,1,7,1,9,1,52,1,53,0" doraHai="53" doraHaiUra="23" who="0" fromWho="1" sc="188,100,220,-80,322,0,250,0" />
</Scene>
<Scene>
<INIT seed="3,0,0,2,0,112" ten="288,140,322,250" oya="3" hai0="5,46,90,115,74,91,107,58,96,125,76,87,55" hai1="12,86,2,35,59,15,50,82,106,103,110,117,88" hai2="121,32,95,85,93,49,109,66,114,68,33,51,126" hai3="34,26,22,100,104,13,116,23,30,108,133,118,105"/><W24/><G133/><T134/><D134/><U129/><E2/><V31/><F114/><W1/><G100/><T65/><D115/><U38/><E38/><V54/><F68/><W37/><G37/><T20/><D74/><U120/><E120/><V72/><F72/><W29/><G108/><T71/><D46/><U97/><E35/><V131/><F66/><W111/><G111/><T45/><D45/><U78/><E129/><V92/><F109/><W8/><G105/><T10/><D65/><U42/><E110/><V113/><F113/><W79/><G79/><T73/><D125/><U127/><E127/><V18/><F126/><W36/><G104/><T52/><D55/><U14/><E78/><V70/><F70/><W63/><G63/><T101/><D20/><U43/><REACH who="1" step="1"/><E117/><REACH who="1" ten="288,130,322,250" step="2"/><N who="3" m="45162" /><G36/><T69/><D76/><U44/><E44/><V56/><F33/><N who="3" m="20647" /><G1/><T119/><D119/><U21/><E21/><V3/><F3/><W94/><G94/><T99/><D107/><U98/><E98/><V102/><F93/><W80/><G80/><T84/><D96/><U53/><AGARI ba="0,1" hai="12,14,15,42,43,50,53,59,82,86,88,97,103,106" machi="53" ten="30,4000,0" yaku="1,1,0,1,54,1,53,0" doraHai="112" doraHaiUra="61" who="1" fromWho="1" sc="288,-10,130,50,322,-10,250,-20" />
</Scene>
<Scene>
<INIT seed="4,0,0,5,5,64" ten="278,180,312,230" oya="0" hai0="89,24,6,4,3,114,100,49,30,37,69,109,79" hai1="18,42,59,101,84,134,99,23,1,133,111,43,62" hai2="115,112,17,128,130,46,106,34,94,87,38,29,88" hai3="0,131,126,82,35,70,68,14,11,123,21,53,76"/><T8/><D37/><U48/><E1/><V33/><F106/><W118/><G35/><N who="2" m="13321" /><F29/><W122/><G118/><T57/><D6/><U60/><E111/><V32/><N who="2" m="13329" /><V92/><DORA hai="47" /><F17/><N who="3" m="10423" /><G131/><N who="2" m="50217" /><F94/><W20/><G20/><T71/><D24/><U15/><E84/><V55/><F55/><W95/><G95/><T96/><D30/><U26/><E26/><V93/><F93/><W120/><G126/><T91/><D79/><U39/><E39/><V22/><F22/><W40/><G40/><AGARI ba="0,0" hai="38,40,46,87,88,92,112,115" m="50217,13329" machi="40" ten="50,3200,0" yaku="19,1,54,1" doraHai="64,47" who="2" fromWho="3" sc="278,0,180,0,312,32,230,-32" />
</Scene>
<Scene>
<INIT seed="5,0,0,4,2,46" ten="278,180,344,198" oya="1" hai0="13,90,18,115,130,58,36,109,100,61,118,55,111" hai1="29,99,8,11,96,69,131,3,9,38,62,30,126" hai2="113,0,123,50,14,77,89,22,83,120,104,12,15" hai3="4,121,41,48,21,35,85,112,107,17,103,54,75"/><U132/><E3/><V91/><F0/><W80/><G35/><T24/><D36/><U71/><E38/><V59/><F104/><W101/><G4/><T6/><D118/><U64/><E126/><V39/><F39/><W68/><G68/><T25/><D100/><U56/><E132/><V88/><F113/><W93/><G121/><T16/><D115/><U133/><E133/><V95/><F95/><W7/><G7/><T134/><D134/><U125/><E125/><V66/><F22/><W135/><G112/><T32/><D130/><U72/><E72/><V53/><REACH who="2" step="1"/><F66/><REACH who="2" ten="278,180,334,198" step="2"/><W84/><G135/><T124/><D124/><U63/><E131/><V102/><F102/><W87/><G107/><T49/><D32/><U105/><E105/><V92/><F92/><W33/><G33/><T31/><D111/><U110/><E110/><V65/><F65/><W45/><G93/><T128/><D109/><U70/><REACH who="1" step="1"/><E63/><REACH who="1" ten="278,170,334,198" step="2"/><V51/><F51/><W23/><G48/><T60/><D61/><U1/><E1/><V28/><F28/><AGARI ba="0,2" hai="8,9,11,28,29,30,56,62,64,69,70,71,96,99" machi="28" ten="50,2400,0" yaku="1,1,53,0" doraHai="46" doraHaiUra="81" who="1" fromWho="2" sc="278,0,170,44,334,-24,198,0" />
</Scene>
<Scene>
<INIT seed="5,1,0,4,2,85" ten="278,214,310,198" oya="1" hai0="55,99,27,50,97,2,92,83,128,16,3,112,72" hai1="43,26,47,60,129,54,34,46,89,91,90,32,39" hai2="35,63,101,124,37,59,132,114,93,66,7,86,78" hai3="123,51,95,23,44,84,45,49,29,103,52,131,48"/><U115/><E115/><V15/><F35/><W19/><G131/><T68/><D68/><U62/><E129/><V65/><F37/><W41/><G123/><T119/><D119/><U126/><E126/><V18/><F124/><W118/><G118/><T0/><D112/><U1/><E1/><V96/><F114/><W71/><G71/><T82/><D99/><U110/><E110/><V88/><F132/><W10/><G29/><T135/><D72/><U20/><E62/><V4/><F78/><W98/><G10/><T56/><D135/><U77/><E77/><V24/><F24/><W117/><G117/><T57/><D57/><U94/><E94/><N who="2" m="54551" /><F65/><W120/><G120/><T17/><D128/><U100/><E100/><V30/><F30/><W5/><G5/><T38/><D17/><U28/><REACH who="1" step="1"/><E60/><REACH who="1" ten="278,204,310,198" step="2"/><V108/><F108/><W25/><REACH who="3" step="1"/><G84/><REACH who="3" ten="278,204,310,188" step="2"/><T125/><D125/><U21/><E21/><AGARI ba="1,2" hai="4,7,15,18,21,59,63,66,93,96,101" m="54551" machi="21" ten="30,3900,0" yaku="8,1,52,1,54,1" doraHai="85" who="2" fromWho="1" sc="278,0,204,-42,310,62,188,0" />
</Scene>
<Scene>
<INIT seed="6,0,0,0,5,91" ten="278,162,372,188" oya="2" hai0="37,125,62,53,74,38,72,101,77,4,85,112,6" hai1="50,79,67,92,17,46,97,7,111,51,41,124,25" hai2="110,16,90,95,15,39,135,83,78,100,19,71,23" hai3="122,30,104,28,36,45,1,70,121,87,55,75,89"/><V96/><F39/><W133/><G104/><T47/><D101/><U117/><E111/><V76/><F71/><W44/><G1/><T88/><D77/><U86/><E117/><V27/><F135/><W66/><G133/><T123/><D123/><U114/><E114/><V82/><F110/><W106/><G106/><T131/><D112/><U128/><E124/><V94/><F78/><W61/><G75/><T93/><D74/><U119/><E128/><V120/><F76/><W116/><G116/><T57/><D72/><U63/><E7/><V33/><F120/><W58/><G28/><T5/><D125/><U60/><E50/><V105/><F105/><W48/><G30/><T8/><D131/><U12/><E25/><V109/><F109/><W32/><G32/><T98/><D8/><N who="1" m="6279" /><E67/><V11/><F33/><W129/><G129/><T118/><D118/><U0/><E0/><V102/><F102/><W56/><G44/><T2/><D2/><U49/><E49/><V20/><REACH who="2" step="1"/><F11/><REACH who="2" ten="278,162,362,188" step="2"/><W107/><G107/><T64/><D38/><U134/><E134/><V43/><F43/><W130/><G130/><T80/><D37/><U73/><E119/><V34/><F34/><W29/><G36/><T81/><D98/><AGARI ba="0,1" hai="15,16,19,20,23,27,82,83,90,94,95,96,98,100" machi="98" ten="30,18000,2" yaku="1,1,7,1,8,1,52,2,54,1,53,0" doraHai="91" doraHaiUra="3" who="2" fromWho="0" sc="278,-180,162,0,362,190,188,0" />
</Scene>
<Scene>
<INIT seed="6,1,0,2,3,67" ten="98,162,552,188" oya="2" hai0="39,107,50,52,130,87,36,100,68,74,76,23,119" hai1="30,0,131,41,110,31,49,79,55,84,9,103,25" hai2="48,54,2,90,51,77,122,3,8,10,132,57,93" hai3="115,60,80,120,32,70,128,106,5,133,29,98,27"/><V83/><F132/><W66/><G120/><T125/><D74/><U105/><E110/><V63/><F51/><W53/><G53/><T124/><D119/><U92/><E105/><V99/><F122/><W21/><G21/><T73/><D73/><U81/><E41/><V62/><F3/><W13/><G133/><T45/><D100/><U22/><E131/><V42/><F2/><W86/><G128/><T97/><D130/><U129/><E129/><V34/><F34/><W127/><G127/><N who="0" m="48715" /><D23/><U35/><E0/><V18/><F42/><W16/><G5/><T101/><D76/><U118/><E9/><V75/><F18/><W91/><G16/><T43/><D87/><U126/><E126/><V82/><F82/><W7/><G13/><T112/><D112/><U65/><E65/><V121/><F121/><W96/><G7/><T15/><D15/><U123/><E118/><V72/><F72/><W85/><G115/><T113/><D113/><U59/><E35/><V47/><F8/><W46/><G46/><N who="0" m="23935" /><D36/><U33/><E33/><V109/><F10/><W37/><G37/><T114/><D114/><U117/><E117/><V135/><F77/><W69/><G96/><T111/><D111/><U17/><E123/><V28/><F99/><AGARI ba="1,0" hai="17,22,25,30,31,49,55,59,79,81,84,92,99,103" machi="99" ten="40,1300,0" yaku="8,1" doraHai="67" who="1" fromWho="2" sc="98,0,162,16,552,-16,188,0" />
</Scene>
<Scene>
<INIT seed="7,0,0,0,1,126" ten="98,178,536,188" oya="3" hai0="89,63,11,2,76,60,128,124,94,36,14,87,82" hai1="71,112,17,13,125,95,83,123,129,127,62,91,41" hai2="16,68,38,92,27,42,77,99,81,56,12,84,106" hai3="80,105,86,43,50,108,101,8,93,24,85,30,74"/><W102/><G105/><T96/><D2/><U46/><E129/><V22/><F68/><W51/><G74/><T116/><D36/><U0/><E0/><V54/><F106/><W79/><G108/><T19/><D116/><U97/><E83/><V47/><F12/><W37/><G37/><T28/><D124/><U40/><E112/><V29/><F29/><W75/><G75/><T104/><D28/><U21/><E123/><V7/><F7/><W20/><G8/><T132/><D132/><U135/><E135/><V65/><F65/><W114/><G114/><T111/><D111/><U133/><E133/><V90/><F56/><W73/><G73/><T32/><D32/><U4/><E41/><V39/><F54/><W72/><G72/><T1/><D1/><U10/><E62/><V49/><AGARI ba="0,0" hai="16,22,27,38,39,42,47,49,77,81,84,90,92,99" machi="49" ten="20,2700,0" yaku="0,1,7,1,54,1" doraHai="126" who="2" fromWho="2" sc="98,-7,178,-7,536,27,188,-13" owari="91,-41.0,171,-23.0,563,66.0,175,-2.0" />
</Scene>
</mjloggm>