<mjloggm ver="2.3"><GO type="169" lobby="0"/><UN n0="%E3%81%9D%E3%81%AE%E4%B8%80%E6%96%B9%E3%81%AA%E3%81%84%E3%82%8F%EF%BD%9E" n1="%57%69%6E%73%74%6F%6E" n2="%E5%A4%AA%E3%81%8F%E3%81%AA%E3%81%84%E3%81%8A" n3="%E8%B7%AF%E5%9C%B0%E8%A3%8F%E3%81%AE%E3%81%B2%E3%81%BE%E3%82%8F%E3%82%8A" dan="16,16,17,16" rate="2056.30,2086.67,2172.47,2078.25" sx="M,M,M,M"/><TAIKYOKU oya="0"/>

<Scene>
<INIT seed="0,0,0,3,0,56" ten="250,250,250,250" oya="0" hai0="53,83,113,126,73,29,130,114,119,97,40,61,112" hai1="125,55,23,85,24,36,42,117,31,47,6,103,121" hai2="28,106,88,86,11,4,17,87,92,109,133,3,41" hai3="20,101,131,50,60,39,58,49,99,76,35,62,77"/><T46/><D29/><U80/><E117/><V7/><F106/><W52/><G35/><T65/><D97/><U98/><E121/><V132/><F109/><W100/><G39/><N who="0" m="21791" /><D83/><U32/><E6/><V78/><F28/><W38/><G38/><T70/><D73/><U34/><E125/><V81/><F4/><W13/><G131/><T25/><D25/><U135/><E135/><V64/><F41/><W94/><G101/><T44/><D119/><U93/><REACH who="1" step="1"/><E55/><REACH who="1" ten="250,240,250,250" step="2"/><V71/><REACH who="2" step="1"/><F17/><REACH who="2" ten="250,240,240,250" step="2"/><N who="3" m="10287" /><G49/><N who="0" m="28839" /><D130/><U0/><E0/><V33/><F33/><W111/><G111/><T128/><D128/><U91/><AGARI ba="0,2" hai="23,24,31,32,34,36,42,47,80,85,91,93,98,103" machi="91" ten="20,5200,0" yaku="1,1,0,1,7,1,53,1" doraHai="56" doraHaiUra="21" who="1" fromWho="1" sc="250,-26,240,72,240,-13,250,-13" />
</Scene>
<Scene>
<INIT seed="1,0,0,4,0,51" ten="224,312,227,237" oya="1" hai0="89,23,68,3,111,95,76,102,120,135,70,101,90" hai1="62,119,16,43,99,133,60,49,75,45,27,126,77" hai2="31,117,96,134,105,92,103,104,29,69,12,107,80" hai3="47,115,127,14,79,128,8,63,38,65,22,55,56"/><U106/><E119/><V53/><F117/><W32/><G115/><T98/><D3/><U21/><E126/><V91/><F69/><W11/><G32/><T6/><D6/><U109/><E133/><V2/><F2/><W44/><G127/><T17/><D135/><U124/><E124/><V41/><F134/><W97/><G128/><T114/><D114/><U9/><E9/><V15/><F41/><W86/><G97/><T82/><D111/><U42/><E42/><V125/><F125/><W57/><G22/><T129/><D129/><U100/><REACH who="1" step="1"/><E109/><REACH who="1" ten="224,302,227,237" step="2"/><V73/><F12/><W5/><G8/><T118/><D118/><U112/><E112/><V18/><F15/><W26/><G26/><T130/><D130/><U122/><E122/><V1/><F1/><W20/><G38/><T13/><D120/><U36/><E36/><V35/><F18/><W4/><G4/><T46/><D13/><U123/><E123/><V84/><F29/><W108/><G108/><T131/><D17/><U72/><E72/><V19/><F19/><W78/><G5/><T81/><D131/><U113/><E113/><V67/><F73/><W25/><G11/><T93/><D23/><U116/><E116/><V121/><F121/><W58/><G14/><T48/><D98/><U110/><E110/><V59/><F31/><W64/><G20/><T74/><D74/><U85/><E85/><V66/><REACH who="2" step="1"/><F35/><REACH who="2" ten="224,302,217,237" step="2"/><W61/><G25/><T132/><D132/><U87/><E87/><V0/><F0/><W39/><G39/><T52/><D70/><U94/><E94/><V88/><F88/><RYUUKYOKU ba="0,2" sc="224,-15,302,15,217,15,237,-15" hai1="16,21,27,43,45,49,60,62,75,77,99,100,106" hai2="53,59,66,67,80,84,91,92,96,103,104,105,107" />
</Scene>
<Scene>
<INIT seed="1,1,2,0,1,41" ten="209,317,232,222" oya="1" hai0="8,73,21,78,55,60,107,2,106,39,12,61,108" hai1="99,42,93,22,110,40,133,26,86,91,128,27,104" hai2="24,100,95,34,80,38,121,75,115,98,87,132,33" hai3="102,88,134,59,13,135,76,109,52,126,72,119,18"/><U120/><E120/><V9/><F121/><W124/><G109/><T79/><D39/><U116/><E116/><V112/><F75/><W48/><G119/><T89/><D2/><U97/><E128/><V77/><F38/><W130/><G102/><T4/><D108/><U37/><E133/><N who="3" m="50698" /><G130/><T53/><D73/><U16/><E110/><V81/><F132/><W43/><G43/><N who="1" m="16426" /><E104/><V14/><F81/><N who="3" m="45191" /><G88/><T94/><D107/><U3/><E37/><V84/><F84/><W71/><G71/><T68/><D106/><U82/><E3/><V57/><F115/><W56/><G56/><T64/><D21/><AGARI ba="1,2" hai="13,18,21,48,52,59,124,126" m="45191,50698" machi="21" ten="30,2000,0" yaku="20,1,54,1" doraHai="41" who="3" fromWho="0" sc="209,-23,317,0,232,0,222,43" />
</Scene>
<Scene>
<INIT seed="2,0,0,4,1,25" ten="186,317,232,265" oya="2" hai0="123,106,75,89,103,84,72,59,114,90,77,81,65" hai1="16,32,37,112,47,120,109,126,41,9,79,73,121" hai2="116,11,27,43,134,88,31,42,53,20,129,68,96" hai3="69,7,133,30,40,80,46,5,10,23,52,45,60"/><V127/><F116/><W92/><G133/><T97/><D65/><U101/><E112/><V62/><F134/><W8/><G80/><N who="0" m="49287" /><D59/><U115/><E115/><V66/><F127/><W110/><G110/><T14/><D14/><U98/><E109/><V91/><F129/><W76/><G76/><T49/><D49/><U22/><E9/><V111/><F111/><W119/><G119/><T58/><D58/><U70/><E70/><V19/><F53/><W99/><G10/><T63/><D63/><U12/><E32/><V94/><F91/><W56/><G69/><T13/><D13/><U105/><E126/><V113/><F113/><W86/><G86/><N who="0" m="48431" /><D114/><U33/><E33/><V24/><REACH who="2" step="1"/><F11/><REACH who="2" ten="186,317,222,265" step="2"/><W29/><G8/><T83/><D123/><N who="1" m="47179" /><E79/><V118/><F118/><W39/><G52/><T100/><D100/><U128/><E128/><V132/><F132/><W34/><G40/><T125/><D125/><U130/><E130/><V51/><F51/><W104/><G39/><T17/><D90/><U38/><E37/><V0/><F0/><W28/><G60/><T3/><D3/><U54/><E54/><V131/><F131/><W122/><G122/><T93/><D103/><U124/><E124/><V2/><F2/><W15/><G34/><AGARI ba="0,1" hai="19,20,24,27,31,34,42,43,62,66,68,88,94,96" machi="34" ten="30,12000,1" yaku="1,1,7,1,52,1,54,1,53,1" doraHai="25" doraHaiUra="95" who="2" fromWho="3" sc="186,0,317,0,222,130,265,-120" />
</Scene>
<Scene>
<INIT seed="2,1,0,2,1,27" ten="186,317,352,145" oya="2" hai0="132,24,112,29,102,85,77,74,4,114,113,17,61" hai1="1,71,83,58,22,97,79,90,55,121,25,92,117" hai2="16,86,66,23,42,34,2,54,134,107,87,6,120" hai3="18,84,60,14,115,8,104,80,119,116,59,15,118"/><V45/><F120/><W0/><G104/><T81/><D4/><U68/><E1/><V76/><F34/><W36/><G115/><T32/><D132/><U133/><E133/><V122/><F107/><W37/><G0/><T5/><D5/><U93/><E92/><V38/><F122/><W108/><G15/><T3/><D3/><U101/><E101/><V64/><F134/><W100/><G100/><T95/><D61/><U53/><E117/><V28/><F54/><W72/><G72/><T26/><D17/><U128/><E121/><V70/><F28/><W91/><REACH who="3" step="1"/><G108/><REACH who="3" ten="186,317,352,135" step="2"/><T41/><D74/><U63/><E128/><V46/><F2/><W98/><G98/><T19/><D114/><U109/><E109/><V62/><F87/><W110/><G110/><T51/><D113/><U31/><REACH who="1" step="1"/><E55/><AGARI ba="1,1" hai="8,14,18,36,37,55,59,60,80,84,91,116,118,119" machi="55" ten="40,1300,0" yaku="1,1,53,0" doraHai="27" doraHaiUra="89" who="3" fromWho="1" sc="186,0,317,-16,352,0,135,26" />
</Scene>
<Scene>
<INIT seed="3,0,0,4,5,12" ten="186,301,352,161" oya="3" hai0="100,22,71,74,37,121,27,58,130,103,31,99,4" hai1="122,17,46,87,95,35,94,11,106,33,62,114,5" hai2="115,97,127,54,53,44,109,82,24,111,16,21,91" hai3="59,48,32,104,63,30,9,78,131,124,112,123,107"/><W29/><G112/><T98/><D121/><U18/><E106/><V102/><F115/><W55/><G123/><T65/><D71/><U101/><E122/><V81/><F127/><W93/><G124/><T83/><D37/><U50/><E114/><V26/><F26/><W128/><G78/><T49/><D74/><U92/><E62/><V39/><F39/><W10/><G93/><N who="1" m="35946" /><E33/><V6/><F6/><W8/><G63/><N who="0" m="38135" /><D130/><N who="3" m="49705" /><G32/><T56/><D4/><U132/><E35/><V15/><F24/><W129/><N who="3" m="49713" /><W113/><DORA hai="60" /><G113/><T69/><D69/><U76/><E132/><V72/><F91/><W75/><G75/><T88/><D49/><U42/><E11/><N who="3" m="2818" /><W86/><DORA hai="120" /><G86/><N who="0" m="50271" /><D56/><U3/><E5/><V67/><F72/><W13/><G13/><T45/><D45/><U126/><E3/><V84/><F44/><W90/><G90/><T79/><D79/><U80/><E126/><V70/><F70/><W19/><G19/><T118/><D118/><U64/><E64/><V7/><F67/><W38/><G38/><T108/><D103/><U0/><E0/><V119/><F7/><W47/><G47/><T2/><D2/><U20/><E20/><V96/><F119/><W41/><G41/><T61/><D61/><U1/><E1/><V23/><F102/><W66/><G66/><T105/><D99/><AGARI ba="0,0" hai="17,18,42,46,50,76,80,87,95,99,101" m="35946" machi="99" ten="30,3900,0" yaku="8,1,52,2" doraHai="12,60,120" who="1" fromWho="0" sc="186,-39,301,39,352,0,161,0" />
</Scene>
<Scene>
<INIT seed="4,0,0,0,1,12" ten="147,340,352,161" oya="0" hai0="135,71,65,57,99,83,85,5,2,25,120,17,49" hai1="37,78,31,21,50,109,32,100,124,22,24,18,74" hai2="44,92,63,35,8,45,105,93,75,4,42,36,103" hai3="51,61,101,70,20,60,26,14,132,59,89,97,56"/><T33/><D120/><U115/><E109/><V82/><F35/><W77/><G132/><T9/><D71/><U130/><E37/><V94/><F63/><W76/><G89/><T133/><D99/><U98/><E124/><V106/><F45/><W43/><G70/><T113/><D113/><U134/><E134/><N who="0" m="51209" /><D33/><U58/><E130/><V53/><F53/><N who="3" m="33903" /><G14/><T15/><D25/><U55/><E115/><V117/><F103/><W41/><G97/><T84/><D83/><U119/><E119/><V131/><F131/><W23/><G101/><T102/><D102/><U54/><E32/><V68/><F68/><W81/><G23/><N who="0" m="11711" /><D65/><U7/><E98/><V91/><F117/><W39/><G39/><T3/><D3/><U11/><E100/><V123/><F123/><W110/><G110/><T73/><D73/><U30/><E74/><V80/><F80/><W129/><G129/><T52/><AGARI ba="0,0" hai="2,5,9,49,52,57,84,85" m="11711,51209" machi="52" ten="30,6000,0" yaku="20,1,52,1,54,1" doraHai="12" who="0" fromWho="0" sc="147,60,340,-20,352,-20,161,-20" />
</Scene>
<Scene>
<INIT seed="4,1,0,3,3,58" ten="207,320,332,141" oya="0" hai0="46,86,91,21,52,98,75,70,8,60,31,88,38" hai1="120,26,27,78,118,63,90,41,53,36,93,49,62" hai2="80,4,48,42,23,22,96,107,0,45,59,133,24" hai3="69,83,106,67,116,109,5,33,84,34,10,128,3"/><T44/><D75/><U43/><E118/><V81/><F133/><W94/><G116/><T29/><D70/><U112/><E120/><V111/><F111/><W61/><G106/><T108/><D38/><U2/><E2/><V113/><F113/><W82/><G109/><T105/><D108/><U18/><E78/><V39/><F0/><W76/><G128/><T73/><D73/><U126/><E126/><V119/><F4/><W134/><G134/><T57/><D105/><U12/><E36/><V9/><F9/><W14/><G83/><N who="0" m="49247" /><D8/><N who="1" m="6407" /><E112/><V6/><F6/><W99/><REACH who="3" step="1"/><G3/><REACH who="3" ten="207,320,332,131" step="2"/><T130/><D130/><U132/><E132/><V7/><F81/><W117/><G117/><T11/><D11/><U127/><E127/><V121/><F80/><W28/><G28/><N who="0" m="10827" /><D21/><U15/><E93/><AGARI ba="1,1" hai="44,46,52,57,60,91,93,98" m="10827,49247" machi="93" ten="30,11600,0" yaku="8,1,52,1,54,2" doraHai="58" who="0" fromWho="1" sc="207,129,320,-119,332,0,131,0" />
</Scene>
<Scene>
<INIT seed="4,2,0,3,0,50" ten="336,201,332,131" oya="0" hai0="77,120,107,31,135,131,19,79,58,89,36,99,42" hai1="102,95,109,119,27,56,91,12,63,74,82,70,44" hai2="106,122,60,20,118,25,68,108,76,1,3,46,17" hai3="134,66,18,111,112,101,54,126,84,123,59,10,117"/><T65/><D120/><U53/><E119/><V93/><F106/><W0/><G117/><T48/><D31/><U129/><E109/><V104/><F104/><W100/><G111/><T130/><D36/><U24/><E129/><N who="0" m="49161" /><D135/><U21/><E102/><V39/><F108/><W73/><G134/><T2/><D2/><U55/><E70/><V128/><F118/><W40/><G73/><T61/><D19/><N who="1" m="10471" /><E82/><V87/><F128/><W14/><G123/><T64/><D64/><U7/><E7/><V78/><F122/><W13/><G66/><T6/><D6/><U103/><E103/><V69/><F1/><W15/><G126/><T97/><D107/><U4/><E4/><V110/><F3/><W43/><G112/><T35/><D35/><U81/><E81/><V5/><F110/><W38/><G0/><T116/><D116/><U8/><E8/><V51/><F39/><W49/><G100/><T29/><D29/><U88/><E74/><V57/><F68/><W96/><G38/><T83/><D89/><N who="1" m="34379" /><E95/><V133/><F69/><W71/><G71/><T67/><D83/><U16/><E16/><V132/><F133/><W52/><G84/><T30/><D30/><U75/><E75/><V41/><F132/><W124/><G124/><T32/><D32/><U26/><E44/><V92/><F5/><W127/><G127/><T121/><D121/><U86/><E86/><V113/><F113/><W45/><G18/><T34/><D34/><U94/><E94/><N who="2" m="36459" /><F87/><W11/><G96/><T9/><D99/><U90/><N who="1" m="34387" /><U37/><DORA hai="115" /><E37/><V28/><F17/><RYUUKYOKU ba="2,0" sc="336,-15,201,15,332,15,131,-15" hai1="24,26,27,53,55,56,63" hai2="20,25,28,41,46,51,57,60,76,78" />
</Scene>
<Scene>
<INIT seed="5,3,0,1,0,1" ten="321,216,347,116" oya="1" hai0="70,29,123,59,93,126,7,78,71,112,3,41,67" hai1="65,22,103,25,24,0,57,9,38,51,2,19,14" hai2="110,99,34,15,4,81,131,86,69,113,97,45,89" hai3="61,122,85,117,48,105,120,46,101,133,94,95,36"/><U20/><E38/><V107/><F110/><W21/><G36/><T13/><D3/><U6/><E103/><V87/><F34/><W129/><G129/><T76/><D112/><U116/><E116/><V72/><F69/><W47/><G117/><T5/><D126/><U18/><E51/><V135/><F72/><W39/><G133/><T92/><D123/><U42/><E42/><V8/><F135/><W27/><G105/><T74/><D74/><U91/><E91/><N who="2" m="51663" /><F107/><W100/><G39/><T90/><D71/><U32/><REACH who="1" step="1"/><E32/><REACH who="1" ten="321,206,347,116" step="2"/><V119/><F119/><W124/><G124/><T128/><D41/><U28/><E28/><V77/><F131/><W79/><G122/><T63/><D29/><U115/><E115/><V49/><F113/><W26/><G120/><T56/><D128/><U52/><E52/><N who="2" m="29743" /><F77/><W35/><G79/><T82/><D78/><U84/><E84/><V104/><F104/><W114/><G85/><T64/><D76/><U130/><E130/><V43/><F43/><W40/><G114/><T96/><D90/><U33/><E33/><V106/><F106/><W23/><G35/><T58/><D63/><AGARI ba="3,1" hai="0,2,6,9,14,18,19,20,22,24,25,57,63,65" machi="63" ten="40,12000,1" yaku="1,1,9,1,52,1,53,1" doraHai="1" doraHaiUra="60" who="1" fromWho="0" sc="321,-129,206,139,347,0,116,0" />
</Scene>
<Scene>
<INIT seed="5,4,0,5,1,127" ten="192,345,347,116" oya="1" hai0="19,75,96,18,60,74,111,128,126,131,98,95,81" hai1="38,36,119,13,65,77,24,21,57,52,33,42,92" hai2="27,134,102,22,122,84,0,47,120,40,83,82,104" hai3="32,49,25,97,44,101,123,28,37,86,117,116,50"/><U43/><E119/><V11/><F134/><W39/><G123/><T70/><D111/><U121/><E121/><V54/><F104/><W9/><G86/><T107/><D126/><U114/><E114/><V10/><F102/><W3/><G50/><T48/><D107/><U79/><E33/><V68/><F68/><W2/><G2/><T26/><D48/><N who="1" m="30855" /><E36/><V72/><F72/><N who="0" m="27690" /><D60/><U91/><E65/><V66/><F66/><W55/><G3/><T132/><D70/><U63/><E63/><V73/><F73/><W59/><G9/><T16/><D81/><U53/><E53/><V90/><F82/><W87/><G87/><T129/><D132/><U8/><E38/><V35/><F35/><W15/><G15/><T78/><D78/><N who="1" m="29707" /><E8/><V51/><F10/><W31/><G39/><T34/><D95/><U94/><E94/><V125/><F125/><W46/><G37/><T71/><D71/><U14/><E14/><V30/><F54/><W113/><G113/><T56/><D56/><U103/><E103/><V130/><F120/><W41/><G41/><T1/><D1/><U61/><E61/><V62/><F62/><W99/><G116/><T20/><D34/><U106/><E106/><V133/><F133/><W4/><G117/><T58/><D58/><U69/><E69/><V93/><F122/><W110/><G101/><T80/><D80/><U115/><E115/><V88/><F0/><W135/><G135/><T109/><D109/><U7/><E7/><V67/><F83/><W45/><G110/><T85/><D85/><N who="1" m="52335" /><E13/><V89/><F84/><W105/><G4/><RYUUKYOKU ba="4,0" sc="192,15,345,15,347,-15,116,-15" hai0="16,18,19,20,26,96,98,128,129,131" hai1="21,24,42,43" />
</Scene>
<Scene>
<INIT seed="5,5,0,2,0,70" ten="207,360,332,101" oya="1" hai0="62,118,128,132,76,53,77,63,60,12,98,29,58" hai1="108,19,20,40,103,75,26,14,90,83,71,38,54" hai2="106,39,11,123,22,35,119,30,34,100,111,93,59" hai3="23,82,28,32,64,68,15,125,18,69,16,50,4"/><U5/><E108/><V24/><F111/><W92/><G125/><T1/><D118/><U121/><E121/><V87/><F119/><W129/><G129/><T45/><D1/><U85/><E71/><V27/><F123/><W126/><G126/><T13/><D128/><U25/><E103/><V94/><F39/><W105/><G105/><T56/><D132/><U7/><E75/><V0/><F87/><W120/><G120/><T37/><D29/><N who="1" m="17575" /><E38/><V81/><F81/><W61/><G4/><N who="1" m="1610" /><E54/><V33/><F0/><W57/><G82/><T10/><D98/><U110/><E110/><V42/><F42/><W99/><G50/><N who="0" m="28879" /><D37/><U78/><E40/><V107/><F100/><W31/><G31/><T80/><D80/><U101/><E26/><V9/><F34/><W133/><G133/><T17/><D77/><U115/><E115/><V114/><F30/><W36/><G36/><T3/><D76/><U95/><E101/><V122/><F122/><W51/><G51/><T104/><D104/><U97/><E14/><V47/><F114/><W44/><G28/><T96/><D13/><U66/><E66/><V49/><F49/><W130/><G32/><T46/><D12/><U48/><E48/><V43/><F43/><W134/><G134/><T86/><D46/><U113/><E113/><V72/><F47/><W21/><G130/><T116/><D58/><U127/><E127/><V67/><F59/><W41/><G44/><T109/><D56/><U2/><E2/><V84/><F72/><W102/><G41/><T135/><D109/><U117/><E117/><V124/><F124/><RYUUKYOKU ba="5,0" sc="207,-15,360,15,332,-15,101,15" hai1="19,78,83,85,90,95,97" hai3="15,16,18,21,23,57,61,64,68,69,92,99,102" />
</Scene>
<Scene>
<INIT seed="5,6,0,1,1,5" ten="192,375,317,116" oya="1" hai0="78,114,6,122,11,38,30,21,105,20,51,33,75" hai1="63,48,113,107,109,120,118,100,130,44,72,73,125" hai2="94,70,42,115,53,86,41,4,81,76,18,58,25" hai3="135,28,119,47,97,22,54,83,26,92,49,66,112"/><U3/><RYUUKYOKU type="yao9" ba="6,0" sc="192,0,375,0,317,0,116,0" hai1="3,44,48,63,72,73,100,107,109,113,118,120,125,130" />
</Scene>
<Scene>
<INIT seed="5,7,0,4,4,74" ten="192,375,317,116" oya="1" hai0="46,65,37,21,98,128,71,42,124,114,26,89,131" hai1="41,105,86,17,126,70,91,24,0,66,13,5,108" hai2="135,110,43,99,28,18,12,109,112,93,85,117,9" hai3="125,130,62,90,102,78,49,116,45,76,47,67,7"/><U35/><E105/><V36/><F117/><W39/><G116/><T103/><D114/><U51/><E126/><V29/><F112/><W56/><G125/><T64/><D124/><U3/><E108/><V129/><F135/><W104/><G130/><N who="0" m="49707" /><D89/><U79/><E70/><V61/><F129/><W97/><G7/><T87/><D87/><U15/><E66/><V69/><F69/><W95/><G39/><T100/><D71/><U6/><E41/><V25/><F61/><W54/><REACH who="3" step="1"/><G45/><REACH who="3" ten="192,375,317,106" step="2"/><T16/><D103/><U58/><E5/><V75/><F36/><W107/><G107/><AGARI ba="7,1" hai="16,21,26,37,42,46,64,65,98,100,107" m="49707" machi="107" ten="30,2000,0" yaku="19,1,54,1" doraHai="74" who="0" fromWho="3" sc="192,51,375,0,317,0,106,-41" />
</Scene>
<Scene>
<INIT seed="6,0,0,1,2,7" ten="243,375,317,65" oya="2" hai0="59,112,81,101,76,57,44,56,96,69,85,68,25" hai1="93,79,49,21,22,117,71,105,73,135,129,108,9" hai2="128,94,100,123,26,12,8,63,35,122,107,14,127" hai3="87,34,98,30,72,28,52,125,116,91,134,124,115"/><V15/><F107/><W11/><G72/><T118/><D112/><U18/><E117/><V74/><F74/><W61/><G116/><T106/><D118/><U132/><E105/><V104/><F104/><W77/><G115/><T67/><D67/><U3/><E108/><V17/><F63/><W39/><G39/><T80/><D25/><U55/><E71/><V121/><F94/><W0/><G134/><T20/><D20/><U53/><E129/><V120/><N who="2" m="31232" /><DORA hai="2" /><V84/><F84/><W114/><G114/><T36/><REACH who="0" step="1"/><D81/><REACH who="0" ten="233,375,317,65" step="2"/><N who="1" m="45295" /><E21/><V45/><F128/><W27/><G30/><T42/><AGARI ba="0,1" hai="36,42,44,56,57,59,68,69,76,80,85,96,101,106" machi="42" ten="30,7900,0" yaku="1,1,0,1,53,2" doraHai="7,2" doraHaiUra="90,65" who="0" fromWho="0" sc="233,89,375,-20,317,-39,65,-20" />
</Scene>
<Scene>
<INIT seed="7,0,0,4,2,15" ten="322,355,278,45" oya="3" hai0="10,125,2,112,105,61,131,64,16,58,71,36,117" hai1="0,28,84,49,116,108,46,57,89,95,39,88,9" hai2="35,3,26,133,80,6,44,66,14,38,59,100,128" hai3="23,134,83,69,48,104,24,103,29,52,60,11,129"/><W63/><G134/><T42/><D117/><U98/><E108/><V127/><F3/><W91/><G129/><T90/><D105/><U75/><E75/><V109/><F109/><W96/><G11/><T13/><D131/><U119/><E28/><V8/><F128/><W73/><G69/><T70/><D2/><U43/><E9/><V124/><F133/><W30/><G30/><T132/><D132/><U114/><E0/><V122/><F122/><W25/><G25/><T53/><D125/><U110/><E110/><V101/><F80/><W67/><G67/><T107/><D107/><U79/><E79/><V33/><F66/><W32/><G32/><T68/><D112/><U130/><E114/><V18/><F59/><W99/><G73/><T102/><D102/><U55/><REACH who="1" step="1"/><E130/><REACH who="1" ten="322,345,278,45" step="2"/><V56/><F56/><W123/><G123/><T97/><D68/><U37/><E37/><V27/><F38/><W106/><G106/><T87/><D70/><U4/><E4/><V40/><F100/><W45/><REACH who="3" step="1"/><G99/><REACH who="3" ten="322,345,278,35" step="2"/><T92/><D71/><U19/><E19/><V65/><F18/><W7/><G7/><T34/><D34/><U72/><E72/><V126/><F35/><W21/><G21/><T85/><D64/><U51/><E51/><N who="2" m="27015" /><F33/><W113/><G113/><T86/><D36/><U20/><E20/><V12/><F65/><W93/><G93/><AGARI ba="0,2" hai="39,43,46,49,55,57,84,88,89,93,95,98,116,119" machi="93" ten="40,5200,0" yaku="1,1,54,1,53,1" doraHai="15" doraHaiUra="50" who="1" fromWho="3" sc="322,0,345,72,278,0,35,-52" owari="322,12.0,417,52.0,278,-12.0,-17,-52.0" />
</Scene>
</mjloggm>