<mjloggm ver="2.3"><GO type="169" lobby="0"/><UN n0="%E5%A4%AA%E3%81%8F%E3%81%AA%E3%81%84%E3%81%8A" n1="%E9%BA%BB%E7%94%9F%E9%9B%80%E5%AD%90" n2="%E3%82%AB%E3%83%AA%E3%83%95%E3%82%A9%E3%83%AB%E3%83%8B%E3%82%A2%E9%A2%A8" n3="%74%61%63%6F%73" dan="17,16,17,16" rate="2208.10,2057.56,2135.29,2136.51" sx="M,F,M,M"/><TAIKYOKU oya="0"/>

<Scene>
<INIT seed="0,0,0,2,4,45" ten="250,250,250,250" oya="0" hai0="100,109,104,44,49,51,121,52,67,14,102,24,55" hai1="19,6,31,63,85,127,129,60,26,73,65,59,42" hai2="64,130,110,7,27,22,106,10,50,58,30,77,66" hai3="20,101,93,124,2,37,123,88,97,71,39,117,41"/><T74/><D121/><U36/><E73/><V3/><F106/><W48/><G117/><T76/><D109/><U5/><E129/><V105/><F105/><W11/><G71/><T128/><D128/><U92/><E19/><V79/><F130/><W135/><G123/><T122/><D122/><U57/><E36/><V72/><F110/><W82/><G124/><T91/><D67/><U120/><E42/><V86/><F72/><W32/><G32/><T116/><D116/><U40/><E40/><V132/><F132/><W90/><G135/><T108/><D108/><U119/><E119/><V35/><F35/><W17/><G2/><T95/><D104/><U81/><E92/><V99/><F99/><W133/><G11/><T25/><D14/><U61/><E127/><V54/><REACH who="2" step="1"/><F86/><REACH who="2" ten="250,250,240,250" step="2"/><W84/><G133/><T80/><D102/><U62/><E120/><V16/><F16/><W112/><G112/><T75/><D100/><U134/><E134/><V47/><F47/><W34/><G34/><T21/><D75/><U125/><E125/><V28/><F28/><W89/><G37/><T29/><D29/><U111/><E111/><V70/><F70/><W114/><G39/><T9/><D44/><U126/><E126/><V53/><F53/><W87/><G114/><T38/><D38/><U115/><E59/><V8/><F8/><W18/><G84/><N who="0" m="52711" /><D9/><U12/><E115/><V56/><F56/><W15/><G18/><T96/><D96/><U78/><REACH who="1" step="1"/><E12/><REACH who="1" ten="250,240,240,250" step="2"/><V113/><F113/><W43/><G41/><T23/><D74/><U83/><E83/><V4/><F4/><RYUUKYOKU ba="0,2" sc="250,-30,240,10,240,10,250,10" hai1="5,6,26,31,57,60,61,62,63,65,78,81,85" hai2="3,7,10,22,27,30,50,54,58,64,66,77,79" hai3="15,17,20,43,48,82,87,88,89,90,93,97,101" />
</Scene>
<Scene>
<INIT seed="1,1,2,1,4,84" ten="220,250,250,260" oya="1" hai0="13,112,3,102,69,57,22,98,93,134,44,31,83" hai1="131,2,16,9,35,53,120,96,0,124,133,97,100" hai2="86,75,117,39,74,20,51,5,15,46,21,27,109" hai3="58,7,28,10,82,56,99,78,103,45,85,76,26"/><U43/><E120/><V1/><F39/><W123/><G123/><T129/><D69/><U104/><E35/><V4/><F1/><W107/><G78/><T130/><D3/><U113/><E113/><V33/><F33/><W37/><G37/><T81/><D112/><U73/><E73/><V48/><F117/><W115/><G115/><T11/><D134/><U67/><E133/><V36/><F36/><W30/><G45/><T111/><D111/><U79/><E79/><V95/><F109/><W55/><G26/><N who="0" m="16855" /><D44/><U119/><E119/><V24/><F15/><W80/><G80/><T94/><D57/><U41/><E67/><V106/><F106/><W25/><G25/><T61/><D61/><U88/><E124/><V126/><F126/><W18/><G18/><N who="0" m="8511" /><D93/><N who="1" m="56359" /><E131/><AGARI ba="1,2" hai="81,83,94,98,102,129,130,131" m="8511,16855" machi="131" ten="30,1000,0" yaku="19,1" doraHai="84" who="0" fromWho="1" sc="220,33,250,-13,250,0,260,0" />
</Scene>
<Scene>
<INIT seed="2,0,0,3,2,51" ten="253,237,250,260" oya="2" hai0="15,41,133,46,121,100,35,111,128,29,64,69,57" hai1="53,83,3,13,86,110,87,92,129,135,0,97,122" hai2="81,107,94,58,131,89,93,11,95,60,49,103,6" hai3="116,20,43,117,28,127,96,8,102,61,90,91,79"/><V73/><F49/><W63/><G127/><T1/><D1/><U88/><E122/><V34/><F34/><W42/><G79/><T12/><D121/><U68/><E68/><V27/><F27/><N who="3" m="16487" /><G117/><T5/><D69/><U104/><E110/><V120/><F120/><W105/><G105/><T130/><D111/><U62/><E129/><N who="0" m="49769" /><D133/><U132/><E104/><V4/><F4/><W75/><G75/><T115/><D115/><U84/><E83/><V33/><F33/><W30/><G30/><T38/><D100/><U74/><E74/><V119/><F131/><W65/><G65/><T123/><D123/><U109/><E13/><V17/><F119/><W114/><G8/><T31/><D35/><U98/><E98/><V67/><F107/><W56/><G102/><T59/><D15/><U40/><E40/><V124/><F103/><W76/><G42/><T82/><D64/><U125/><E125/><V22/><F124/><W52/><G43/><T37/><D37/><U24/><E24/><V66/><F66/><W134/><G134/><N who="1" m="51242" /><E109/><V78/><F22/><W118/><G114/><T48/><D38/><U14/><E14/><V55/><F67/><W23/><G116/><T50/><D5/><U16/><E16/><V7/><F17/><W108/><G108/><T9/><D29/><U36/><E36/><V85/><REACH who="2" step="1"/><F7/><REACH who="2" ten="253,237,240,260" step="2"/><W18/><G118/><T113/><D31/><U10/><E10/><V72/><F72/><W39/><G39/><T126/><D126/><U101/><E101/><V80/><F80/><W2/><G18/><T32/><D9/><U44/><E62/><RYUUKYOKU ba="0,1" sc="253,-15,237,15,240,15,260,-15" hai1="0,3,44,53,84,86,87,88,92,97" hai2="6,11,55,58,60,73,78,81,85,89,93,94,95" />
</Scene>
<Scene>
<INIT seed="2,1,1,2,1,11" ten="238,252,255,245" oya="2" hai0="70,33,37,53,43,63,79,15,109,40,92,84,99" hai1="128,31,45,93,67,101,129,27,76,88,94,12,58" hai2="5,24,59,55,100,97,9,0,8,117,36,54,30" hai3="60,38,72,98,80,119,127,114,71,2,120,107,95"/><V103/><F36/><W44/><RYUUKYOKU type="yao9" ba="1,1" sc="238,0,252,0,255,0,245,0" hai3="2,38,44,60,71,72,80,95,98,107,114,119,120,127" />
</Scene>
<Scene>
<INIT seed="2,2,1,1,1,95" ten="238,252,255,245" oya="2" hai0="101,47,92,127,109,59,25,15,112,94,27,60,105" hai1="55,46,32,99,85,18,129,3,37,119,73,90,1" hai2="52,93,75,69,48,116,104,50,49,14,74,123,107" hai3="5,97,12,0,10,62,22,134,20,40,16,81,103"/><V108/><F69/><W68/><G134/><T35/><D109/><U4/><E73/><V84/><F116/><W34/><G34/><T9/><D112/><U79/><E119/><V82/><F123/><W53/><G40/><T6/><D127/><U113/><E113/><V135/><F75/><W7/><G7/><T122/><D122/><U96/><E129/><V100/><F74/><W36/><G36/><T78/><D78/><U33/><E33/><V8/><F107/><W23/><G81/><T45/><D105/><U72/><E72/><V98/><F104/><W54/><G54/><T64/><D92/><U44/><E32/><V70/><F70/><W91/><G91/><T2/><D2/><U128/><E128/><V43/><F43/><W118/><G118/><T130/><D130/><U110/><E110/><V125/><F125/><W19/><G0/><T61/><D61/><U71/><E71/><V77/><F135/><W106/><REACH who="3" step="1"/><G68/><REACH who="3" ten="238,252,255,235" step="2"/><T76/><D35/><U111/><E1/><V28/><F108/><W126/><G126/><T17/><D76/><U51/><E3/><V80/><F80/><W26/><G26/><N who="0" m="9739" /><D6/><U83/><E4/><N who="2" m="3335" /><F28/><W131/><G131/><T13/><D13/><U56/><E111/><V58/><AGARI ba="2,2" hai="48,49,50,52,58,77,82,84,93,98,100" m="3335" machi="58" ten="30,6000,0" yaku="8,1,52,1,54,1" doraHai="95" who="2" fromWho="2" sc="238,-22,252,-22,255,86,235,-22" />
</Scene>
<Scene>
<INIT seed="2,3,0,1,0,40" ten="216,230,341,213" oya="2" hai0="107,73,10,58,43,36,74,130,71,61,113,59,70" hai1="66,86,33,69,75,109,96,0,131,85,63,49,110" hai2="41,35,95,76,13,106,42,7,65,9,46,91,15" hai3="12,53,124,3,135,118,98,1,19,121,100,125,16"/><V31/><F106/><W104/><G121/><T133/><D107/><U108/><E75/><V82/><F42/><W81/><G118/><T6/><D113/><U67/><E33/><V117/><F65/><W26/><G135/><T68/><D133/><U87/><E131/><V114/><F117/><W115/><G115/><T77/><D130/><U4/><E67/><V105/><F105/><W21/><G81/><N who="0" m="45231" /><D61/><U128/><E128/><V47/><F114/><W92/><G104/><T84/><D84/><U37/><E37/><V5/><F41/><W101/><G101/><T119/><D74/><U29/><E29/><V97/><F31/><W120/><G120/><T55/><D55/><U52/><E96/><V126/><F35/><W8/><REACH who="3" step="1"/><G53/><REACH who="3" ten="216,230,341,203" step="2"/><T32/><D119/><U44/><E4/><V14/><F5/><W99/><G99/><T57/><D43/><U129/><E129/><V34/><F126/><AGARI ba="3,1" hai="1,3,8,12,16,19,21,26,92,98,100,124,125,126" machi="126" ten="40,5200,0" yaku="1,1,18,1,54,1,53,0" doraHai="40" doraHaiUra="62" who="3" fromWho="2" sc="216,0,230,0,341,-61,203,71" />
</Scene>
<Scene>
<INIT seed="3,0,0,3,5,113" ten="216,230,280,274" oya="3" hai0="111,58,9,27,94,118,51,103,12,125,54,65,80" hai1="70,29,0,17,85,45,83,16,96,28,108,133,39" hai2="74,130,53,124,126,135,26,120,106,73,61,123,23" hai3="11,57,43,109,79,42,71,66,117,127,99,100,34"/><W89/><G34/><T46/><D111/><U41/><E108/><V6/><F106/><W30/><G109/><T22/><D125/><N who="2" m="48234" /><F6/><W112/><G79/><T102/><D118/><U55/><E70/><V63/><F53/><W52/><G71/><T10/><D80/><U3/><E133/><V31/><F135/><W2/><G66/><T98/><D102/><U50/><E96/><V5/><F5/><W104/><G30/><T1/><D1/><U14/><E3/><V134/><F134/><W132/><G132/><T8/><D65/><U49/><E0/><V91/><F91/><W77/><G77/><T119/><D119/><U62/><E17/><V129/><F61/><W20/><G112/><T72/><D72/><N who="2" m="27754" /><F63/><W36/><G89/><T35/><D35/><U131/><E62/><V88/><F88/><W114/><G114/><T37/><D37/><U107/><E39/><V7/><F7/><N who="3" m="1527" /><G36/><T13/><REACH who="0" step="1"/><D58/><REACH who="0" ten="206,230,280,274" step="2"/><N who="1" m="33135" /><E107/><V78/><F78/><W68/><G127/><T60/><D60/><U4/><E83/><V76/><F76/><W64/><G117/><T47/><D47/><U59/><E45/><V90/><F90/><W110/><G110/><T18/><AGARI ba="0,1" hai="8,9,10,12,13,18,22,27,46,51,54,94,98,103" machi="18" ten="30,4000,0" yaku="1,1,0,1,8,1,53,0" doraHai="113" doraHaiUra="122" who="0" fromWho="0" sc="206,50,230,-10,280,-10,274,-20" />
</Scene>
<Scene>
<INIT seed="4,0,0,5,3,35" ten="256,220,270,254" oya="0" hai0="37,67,4,108,73,26,13,92,86,28,93,2,109" hai1="88,49,53,46,68,75,16,69,22,116,104,3,45" hai2="119,82,1,54,19,50,132,78,25,18,95,27,77" hai3="122,102,113,120,129,48,100,55,72,126,118,47,36"/><T128/><D73/><U66/><E75/><V7/><F132/><W79/><G118/><T105/><D105/><U99/><E116/><V74/><F78/><W8/><G113/><T103/><D37/><U58/><E3/><V114/><F119/><W11/><G126/><T20/><D128/><U130/><E130/><V134/><F114/><W12/><G129/><T23/><D67/><U80/><E104/><V21/><F134/><W64/><G64/><T101/><D13/><U59/><E69/><V98/><F7/><W85/><G72/><T87/><D4/><U71/><E71/><V39/><F39/><W0/><G0/><T40/><D40/><U76/><E68/><V44/><F1/><W106/><G36/><T70/><D70/><U115/><E76/><V94/><F98/><W42/><G55/><T117/><D117/><U41/><E115/><V24/><REACH who="2" step="1"/><F19/><REACH who="2" ten="256,220,260,254" step="2"/><W63/><G79/><T112/><D112/><U121/><E99/><V60/><F60/><W6/><G63/><T83/><D2/><U57/><E66/><V51/><F51/><W65/><G6/><T125/><D125/><U96/><E96/><V56/><F56/><W5/><G5/><T30/><D109/><U123/><E46/><V15/><AGARI ba="0,1" hai="15,18,21,24,25,27,44,50,54,74,77,82,94,95" machi="15" ten="30,2000,0" yaku="1,1,0,1,53,0" doraHai="35" doraHaiUra="133" who="2" fromWho="2" sc="256,-10,220,-5,260,30,254,-5" />
</Scene>
<Scene>
<INIT seed="5,0,0,1,5,126" ten="246,215,290,249" oya="1" hai0="106,24,87,18,12,99,83,130,42,49,84,124,50" hai1="58,118,62,9,94,31,15,60,103,26,67,120,54" hai2="51,3,109,90,80,81,21,135,77,66,47,43,53" hai3="52,39,127,34,10,32,71,37,16,121,129,57,27"/><U115/><E115/><V30/><F3/><W123/><G71/><T64/><D124/><U55/><E118/><V110/><F66/><W38/><G127/><T128/><D64/><U11/><E120/><V35/><F35/><W40/><G40/><T132/><D132/><U88/><E103/><V14/><F135/><W125/><G125/><T65/><D65/><U117/><E117/><V69/><F69/><W134/><G134/><T8/><D24/><U19/><E9/><V96/><F109/><W116/><G116/><T23/><D8/><U93/><E93/><V76/><F53/><W68/><G68/><T75/><D75/><U5/><E5/><V25/><F14/><W111/><G111/><T73/><D73/><U33/><REACH who="1" step="1"/><E62/><REACH who="1" ten="246,205,290,249" step="2"/><V63/><F63/><W100/><G100/><T102/><D102/><U28/><E28/><V89/><F30/><W98/><G121/><T0/><D106/><U17/><E17/><V131/><F110/><W61/><G123/><T79/><D18/><U97/><AGARI ba="0,1" hai="11,15,19,26,31,33,54,55,58,60,67,88,94,97" machi="97" ten="20,7800,0" yaku="1,1,0,1,7,1,54,1,53,0" doraHai="126" doraHaiUra="45" who="1" fromWho="1" sc="246,-26,205,88,290,-26,249,-26" />
</Scene>
<Scene>
<INIT seed="5,1,0,3,3,74" ten="220,293,264,223" oya="1" hai0="113,78,62,58,48,90,88,109,98,44,101,2,75" hai1="82,46,59,103,0,71,91,114,35,63,121,133,81" hai2="131,107,84,17,9,47,5,115,67,3,40,129,1" hai3="13,38,93,80,27,73,26,10,77,89,16,65,135"/><U56/><E121/><V11/><F107/><W42/><G135/><T33/><D109/><U126/><E114/><V122/><F122/><W132/><G132/><T29/><D2/><U31/><E133/><V102/><F102/><W28/><G65/><T116/><D116/><U120/><E120/><V110/><F67/><W86/><REACH who="3" step="1"/><G28/><REACH who="3" ten="220,293,264,213" step="2"/><T15/><D113/><U30/><E30/><V36/><F115/><W83/><G83/><T123/><D123/><U43/><E81/><V134/><F134/><W55/><G55/><T12/><D29/><U37/><E31/><V125/><F110/><W94/><G94/><T99/><D33/><U106/><E35/><V6/><F125/><W95/><G95/><T4/><D101/><U51/><E126/><V34/><F34/><W68/><G68/><T52/><D52/><U45/><E71/><V8/><F131/><W108/><G108/><T19/><D19/><U61/><E82/><V66/><F66/><W96/><G96/><T57/><D99/><U54/><E106/><V119/><F129/><W76/><G76/><T117/><D98/><U22/><E54/><V49/><F17/><W87/><G87/><T130/><D130/><U25/><E43/><V127/><F127/><W124/><G124/><T50/><D78/><U92/><E103/><V64/><F64/><W53/><G53/><T14/><D75/><U24/><E91/><V105/><F105/><W70/><G70/><T104/><D104/><U20/><E92/><V118/><F40/><W97/><G97/><T72/><D72/><U69/><E69/><V79/><F79/><RYUUKYOKU ba="1,1" sc="220,-10,293,-10,264,-10,213,30" hai3="10,13,16,26,27,38,42,73,77,80,86,89,93" />
</Scene>
<Scene>
<INIT seed="6,2,1,5,1,117" ten="210,283,254,243" oya="2" hai0="56,66,34,22,106,119,27,95,101,47,55,97,35" hai1="50,53,73,78,71,116,83,17,6,1,32,13,51" hai2="20,11,98,48,8,81,86,114,123,54,18,87,45" hai3="100,63,105,103,94,124,42,46,59,99,82,93,125"/><V37/><F123/><W79/><G100/><T109/><D109/><U111/><E71/><V31/><F114/><W92/><G59/><T110/><D110/><U19/><E32/><V61/><F37/><W113/><G113/><T23/><D119/><U89/><E116/><V104/><F31/><W21/><G21/><T39/><D23/><U85/><E111/><V49/><F61/><W60/><G60/><N who="0" m="38151" /><D106/><U44/><E1/><V72/><F72/><W122/><G63/><T129/><D129/><U88/><E50/><V9/><F104/><W118/><G122/><T0/><D0/><U15/><E73/><V30/><F30/><W36/><REACH who="3" step="1"/><G118/><REACH who="3" ten="210,283,254,233" step="2"/><T132/><D132/><U126/><E126/><V80/><F20/><W10/><G10/><T77/><D35/><U69/><E69/><V131/><F8/><W24/><G24/><T65/><D34/><U130/><E130/><V28/><F9/><W68/><G68/><T133/><D133/><U14/><E6/><V70/><F70/><W91/><G91/><AGARI ba="2,2" hai="13,14,15,17,19,44,51,53,78,83,85,88,89,91" machi="91" ten="40,2600,0" yaku="8,1,54,1" doraHai="117" who="1" fromWho="3" sc="210,0,283,52,254,0,233,-32" />
</Scene>
<Scene>
<INIT seed="7,0,0,1,1,135" ten="210,335,254,201" oya="3" hai0="60,93,74,111,122,94,26,71,18,59,78,28,103" hai1="30,123,76,124,44,12,118,19,16,87,48,106,4" hai2="35,116,115,75,114,69,83,51,92,91,57,131,20" hai3="68,105,56,63,132,109,31,127,24,50,36,97,62"/><W29/><G36/><T22/><D111/><U110/><E106/><V42/><F69/><W39/><G39/><T80/><D122/><U37/><E123/><V52/><F35/><N who="3" m="20903" /><G31/><T38/><D38/><U15/><E37/><V99/><F42/><W54/><G109/><T104/><D71/><U32/><E110/><V119/><F131/><W107/><G107/><T90/><D104/><U98/><E98/><V47/><F47/><W40/><G40/><T125/><D103/><U88/><E76/><N who="2" m="44447" /><F20/><W66/><G132/><T25/><D125/><U9/><E124/><V34/><F34/><W13/><G13/><T6/><D6/><U27/><E118/><V33/><F33/><W46/><G127/><T121/><D121/><U86/><E15/><V2/><F2/><W61/><G46/><T120/><D120/><U67/><E67/><V129/><F129/><W70/><G70/><T77/><D28/><U53/><E86/><V113/><AGARI ba="0,0" hai="51,52,57,91,92,99,113,114,115,116,119" m="44447" machi="113" ten="30,2000,0" yaku="15,1,54,1" doraHai="135" who="2" fromWho="2" sc="210,-5,335,-5,254,20,201,-10" owari="205,-19.0,330,43.0,274,7.0,191,-31.0" />
</Scene>
</mjloggm>