<mjloggm ver="2.3"><GO type="169" lobby="0"/><UN n0="%E7%94%9F%E8%82%89%E3%81%A7%E3%81%99%E3%82%88" n1="%E5%A4%AA%E3%81%8F%E3%81%AA%E3%81%84%E3%81%8A" n2="%73%73%74%61%72%6F" n3="%E3%81%8B%E3%82%8D%E3%83%BC%E3%82%89%2E%41" dan="16,17,17,16" rate="2124.39,2213.85,2101.67,2044.81" sx="M,M,M,M"/><TAIKYOKU oya="0"/>

<Scene>
<INIT seed="0,0,0,5,5,25" ten="250,250,250,250" oya="0" hai0="35,33,98,26,28,58,110,16,89,94,68,99,120" hai1="90,34,131,19,122,105,42,36,24,4,113,15,84" hai2="91,95,118,29,60,38,21,101,51,126,27,59,47" hai3="18,133,134,75,78,125,62,128,64,74,48,109,121"/><T97/><D68/><U49/><E122/><V100/><F38/><W44/><G78/><T9/><D120/><U103/><E36/><V7/><F7/><W111/><G18/><T61/><D110/><N who="3" m="41993" /><G75/><T71/><D71/><U23/><E131/><V52/><F126/><W87/><G87/><T53/><REACH who="0" step="1"/><D35/><REACH who="0" ten="240,250,250,250" step="2"/><U39/><E34/><V85/><REACH who="2" step="1"/><F118/><REACH who="2" ten="240,250,240,250" step="2"/><W69/><G121/><T79/><D79/><U54/><E113/><V8/><F8/><W65/><G125/><T132/><D132/><U108/><E108/><V41/><AGARI ba="0,2" hai="21,27,29,41,47,51,52,59,60,85,91,95,100,101" machi="41" ten="20,12000,2" yaku="1,1,0,1,7,1,8,1,52,1,54,1,53,0" doraHai="25" doraHaiUra="117" who="2" fromWho="2" sc="240,-60,250,-30,240,140,250,-30" />
</Scene>
<Scene>
<INIT seed="1,0,0,0,4,58" ten="180,220,380,220" oya="1" hai0="41,56,127,27,84,79,126,60,19,134,2,115,53" hai1="62,117,16,48,42,108,93,135,61,102,11,111,13" hai2="123,69,113,107,70,90,92,64,132,106,0,8,3" hai3="12,85,87,44,133,52,101,73,125,5,81,124,63"/><U59/><E117/><V9/><F123/><W21/><G101/><T65/><D115/><U78/><E135/><V39/><F113/><W14/><G133/><T10/><D134/><U50/><E78/><V7/><F132/><W68/><G73/><T36/><D41/><U54/><E42/><V130/><F39/><W118/><G118/><T105/><D105/><U26/><E26/><V96/><F130/><W28/><G28/><T46/><D46/><U57/><E102/><V34/><F34/><W100/><G100/><T33/><D36/><U35/><E35/><V1/><F64/><W88/><G87/><T128/><D128/><U114/><E93/><V110/><F110/><N who="1" m="42025" /><E114/><V49/><F49/><W51/><G5/><T55/><D2/><U82/><E82/><V18/><F107/><W120/><G120/><T38/><D38/><U30/><E30/><V43/><F106/><W29/><G29/><T86/><D33/><U95/><E95/><V99/><F43/><W129/><G129/><T23/><D10/><U17/><E17/><V119/><F119/><W15/><REACH who="3" step="1"/><G21/><REACH who="3" ten="180,220,380,210" step="2"/><T22/><D22/><U98/><E98/><V131/><F131/><W37/><G37/><T31/><D31/><U74/><E74/><V40/><F99/><W45/><G45/><T20/><D20/><U112/><E112/><V72/><F72/><W66/><AGARI ba="0,1" hai="12,14,15,44,51,52,63,66,68,81,85,88,124,125" machi="66" ten="30,8000,1" yaku="1,1,0,1,52,1,54,2,53,0" doraHai="58" doraHaiUra="109" who="3" fromWho="3" sc="180,-20,220,-40,380,-20,210,90" />
</Scene>
<Scene>
<INIT seed="2,0,0,3,3,127" ten="160,180,360,300" oya="2" hai0="70,7,133,114,0,73,102,57,40,62,9,82,96" hai1="108,61,13,80,77,129,36,113,71,41,76,47,64" hai2="66,44,78,60,46,107,111,86,5,35,6,119,88" hai3="29,43,74,121,95,122,65,63,93,105,26,104,134"/><V85/><F119/><W56/><G74/><T126/><D114/><U118/><E113/><V50/><F107/><W69/><G134/><T87/><D133/><U12/><E118/><V45/><F35/><W15/><G43/><T124/><D87/><U2/><E108/><V106/><F106/><W130/><G15/><T53/><D70/><U120/><E120/><V19/><F111/><W37/><G37/><T39/><D96/><U128/><E2/><V72/><F72/><W52/><G104/><T103/><D103/><U20/><E76/><V4/><F19/><W98/><G95/><T100/><D100/><U49/><E36/><V110/><F110/><W11/><G11/><T92/><D92/><U25/><E12/><V33/><F33/><W90/><G105/><T94/><D94/><U1/><E13/><V3/><F78/><W16/><G29/><T115/><D102/><U48/><E48/><V112/><F112/><W14/><G14/><T54/><D54/><U34/><E1/><V27/><F3/><W99/><G99/><T131/><D115/><U23/><E34/><V31/><F50/><W38/><G38/><T132/><D132/><U97/><E97/><V117/><F117/><W58/><G122/><T8/><D8/><U67/><E67/><V32/><F86/><W84/><G84/><T59/><D59/><U55/><E55/><V42/><F42/><W101/><G58/><T123/><D123/><U116/><E116/><V75/><F75/><W109/><G121/><T81/><D73/><N who="1" m="43055" /><E25/><V91/><F85/><W17/><G26/><T51/><D39/><RYUUKYOKU ba="0,0" sc="160,-15,180,15,360,15,300,-15" hai1="20,23,41,47,49,61,64,71,128,129" hai2="4,5,6,27,31,32,44,45,46,60,66,88,91" />
</Scene>
<Scene>
<INIT seed="2,1,0,5,5,118" ten="145,195,375,285" oya="2" hai0="24,38,35,101,91,108,67,122,78,94,57,63,97" hai1="12,21,41,114,51,69,105,16,19,32,107,128,126" hai2="130,102,73,80,119,27,56,20,81,72,30,46,53" hai3="70,18,103,100,123,113,29,25,124,132,74,17,66"/><V75/><F119/><W65/><G74/><T43/><D108/><U2/><E114/><V37/><F130/><W11/><G132/><T71/><D78/><U13/><E2/><V48/><REACH who="2" step="1"/><F102/><REACH who="2" ten="145,195,365,285" step="2"/><W84/><G103/><T0/><D101/><U47/><E128/><V60/><F60/><W77/><G100/><T44/><D0/><U98/><E107/><V116/><F116/><W87/><G113/><T90/><D90/><U58/><E105/><V104/><F104/><W112/><G112/><T133/><D133/><U86/><E126/><V8/><F8/><W109/><G109/><T110/><D110/><U85/><E98/><V45/><F45/><W4/><G77/><T28/><REACH who="0" step="1"/><D71/><REACH who="0" ten="135,195,365,285" step="2"/><U93/><E69/><V99/><F99/><W9/><G70/><T117/><D117/><U54/><E93/><V22/><F22/><W127/><G127/><T49/><D49/><N who="1" m="31055" /><E32/><V6/><F6/><W59/><G4/><T89/><D89/><U1/><E1/><V88/><F88/><W134/><G134/><T3/><D3/><U34/><E34/><V68/><F68/><W33/><G33/><T82/><D82/><U7/><E7/><V95/><F95/><W42/><G124/><T10/><D10/><AGARI ba="1,2" hai="10,12,13,16,19,21,41,47,51,85,86" m="31055" machi="10" ten="30,2000,0" yaku="8,1,54,1" doraHai="118" who="1" fromWho="0" sc="135,-23,195,43,365,0,285,0" />
</Scene>
<Scene>
<INIT seed="3,0,0,3,0,77" ten="112,238,365,285" oya="3" hai0="105,21,57,32,92,44,74,58,31,79,78,12,109" hai1="65,110,89,88,85,102,45,25,131,106,5,130,22" hai2="23,128,127,19,13,99,111,107,1,68,59,3,119" hai3="73,60,108,72,29,15,121,54,63,98,101,66,90"/><W6/><G121/><T124/><D105/><U17/><E110/><V24/><F68/><W120/><G120/><T16/><D109/><U87/><E65/><V93/><F111/><W64/><G29/><T38/><D79/><U123/><E123/><V46/><F107/><W76/><G90/><N who="1" m="34922" /><E5/><V104/><F104/><W103/><G54/><T42/><D124/><U4/><E4/><V0/><F127/><W133/><G133/><T118/><D118/><U117/><E117/><V126/><F119/><W20/><G108/><T2/><D2/><U100/><E45/><V83/><F126/><W86/><G73/><T36/><D36/><U62/><E62/><N who="3" m="23594" /><G72/><T81/><REACH who="0" step="1"/><D92/><REACH who="0" ten="102,238,365,285" step="2"/><U71/><E106/><V18/><F3/><W11/><G76/><T95/><D95/><U26/><E131/><V61/><F128/><W40/><G98/><T35/><D35/><U53/><E130/><V96/><F1/><W34/><G34/><T27/><AGARI ba="0,1" hai="12,16,21,27,31,32,38,42,44,57,58,74,78,81" machi="27" ten="30,7900,0" yaku="1,1,0,1,52,1,54,1,53,0" doraHai="77" doraHaiUra="125" who="0" fromWho="0" sc="102,89,238,-20,365,-20,285,-39" />
</Scene>
<Scene>
<INIT seed="4,0,0,3,5,105" ten="191,218,345,246" oya="0" hai0="117,10,79,121,88,51,48,28,80,46,40,5,118" hai1="32,66,107,114,17,15,98,68,57,124,37,8,55" hai2="102,112,7,26,2,59,9,104,122,6,39,134,82" hai3="76,129,29,47,100,24,70,60,65,43,27,36,31"/><T90/><D121/><U3/><E37/><V61/><F122/><W53/><G129/><T67/><D67/><U94/><E107/><V84/><F39/><W52/><G76/><T77/><D28/><U92/><E32/><V21/><F134/><W115/><G115/><T81/><D117/><U109/><E109/><V78/><F112/><W19/><G19/><T83/><D118/><U89/><E114/><V44/><F44/><W103/><G29/><T20/><D20/><U64/><E68/><V23/><F7/><W123/><G123/><T16/><D51/><N who="1" m="30975" /><E3/><V18/><F104/><W71/><G71/><T108/><D108/><U116/><E116/><V50/><F102/><W25/><G31/><T22/><D77/><U1/><E1/><V30/><F50/><W35/><G35/><T49/><D49/><U86/><E124/><V96/><F96/><W131/><G131/><T120/><D120/><U14/><E14/><V56/><F61/><W133/><G133/><T113/><D113/><U111/><E111/><V119/><F119/><W74/><G74/><T45/><D45/><U33/><E33/><V72/><F72/><W69/><G69/><T91/><D79/><U85/><E85/><V63/><F63/><W132/><G132/><T12/><D5/><U125/><E125/><V128/><F128/><W42/><G43/><T13/><D10/><U110/><E110/><V54/><F54/><W135/><G135/><T93/><D12/><AGARI ba="0,0" hai="2,6,9,12,18,21,23,26,30,56,59,78,82,84" machi="12" ten="30,1000,0" yaku="7,1" doraHai="105" who="2" fromWho="0" sc="191,-10,218,0,345,10,246,0" />
</Scene>
<Scene>
<INIT seed="5,0,0,0,2,81" ten="181,218,355,246" oya="1" hai0="3,48,36,123,71,74,62,112,29,37,30,1,120" hai1="28,100,53,25,104,110,102,21,108,13,5,45,20" hai2="44,129,17,122,84,126,111,127,0,131,40,12,98" hai3="24,101,83,59,56,92,72,66,87,63,11,51,88"/><U82/><E104/><V15/><F122/><N who="0" m="46634" /><D48/><N who="1" m="28815" /><E82/><V61/><F111/><N who="1" m="42537" /><E21/><V35/><F35/><W105/><G105/><T50/><D50/><U97/><E97/><V125/><F0/><N who="0" m="74" /><D74/><U91/><E91/><V73/><F73/><W67/><G72/><T77/><D77/><U52/><E52/><V34/><F34/><W57/><G51/><T135/><D135/><U19/><E28/><N who="0" m="10857" /><D112/><U23/><E23/><V85/><F126/><W39/><G39/><N who="0" m="14923" /><D62/><U31/><E31/><V65/><F61/><W27/><G63/><T6/><D6/><U60/><E60/><V94/><F127/><W99/><G11/><AGARI ba="0,0" hai="5,11,13,19,20,25,100,102" m="42537,28815" machi="11" ten="30,1500,0" yaku="10,1" doraHai="81" who="1" fromWho="3" sc="181,0,218,15,355,0,246,-15" />
</Scene>
<Scene>
<INIT seed="5,1,0,3,0,67" ten="181,233,355,231" oya="1" hai0="93,85,77,112,21,28,70,97,53,87,114,125,130" hai1="52,36,59,24,111,134,7,127,95,56,121,4,35" hai2="13,100,34,19,44,86,48,84,71,47,118,29,26" hai3="39,92,131,41,11,106,80,75,124,110,16,38,12"/><U96/><E121/><V17/><F118/><W33/><G106/><T18/><D125/><U3/><E36/><V58/><F71/><W83/><G124/><T116/><D116/><U6/><E127/><V115/><F115/><N who="0" m="44074" /><D130/><U120/><E120/><V99/><F58/><W135/><G110/><T104/><D28/><U79/><E111/><V113/><F113/><W117/><G33/><T82/><D104/><U37/><E37/><V122/><F122/><W14/><G131/><T63/><D87/><U133/><E3/><V102/><F44/><W103/><G117/><T45/><D45/><U109/><E109/><V91/><F99/><W132/><G75/><T43/><D43/><U15/><E15/><V94/><F86/><W22/><G39/><T72/><D72/><U76/><E24/><V66/><F66/><W51/><G38/><T107/><D107/><U90/><E35/><V55/><F19/><W54/><G41/><T119/><D119/><U62/><REACH who="1" step="1"/><E59/><REACH who="1" ten="181,223,355,231" step="2"/><V108/><F108/><W5/><G135/><AGARI ba="1,1" hai="4,6,7,52,56,62,76,79,90,95,96,133,134,135" machi="135" ten="40,12000,1" yaku="1,1,2,1,20,1,54,1,53,0" doraHai="67" doraHaiUra="61" who="1" fromWho="3" sc="181,0,223,133,355,0,231,-123" />
</Scene>
<Scene>
<INIT seed="5,2,0,1,4,92" ten="181,356,355,108" oya="1" hai0="85,123,7,114,95,69,76,118,58,100,81,17,121" hai1="70,89,28,5,18,56,33,22,51,31,2,79,133" hai2="52,80,105,30,14,34,61,26,98,1,45,74,131" hai3="44,97,113,71,86,99,78,120,43,104,134,59,77"/><U84/><E70/><V127/><F1/><W115/><G71/><T72/><D114/><N who="3" m="43529" /><G120/><T54/><D69/><U13/><E133/><V48/><F131/><W29/><G104/><T49/><D118/><U16/><E79/><N who="3" m="30218" /><G86/><T116/><D116/><U94/><E33/><V64/><F127/><W111/><G111/><T37/><D37/><U35/><E35/><V112/><F112/><W65/><G29/><T129/><D129/><U57/><E57/><V103/><F74/><W53/><G65/><T24/><D7/><U96/><E2/><V75/><F75/><W3/><G3/><T36/><D36/><U67/><E5/><V9/><F80/><W124/><G124/><T19/><D72/><U11/><E84/><V101/><F101/><W132/><G132/><T47/><D123/><U15/><REACH who="1" step="1"/><E51/><REACH who="1" ten="181,346,355,108" step="2"/><V6/><F34/><W108/><G134/><T60/><D121/><U63/><AGARI ba="2,1" hai="11,13,15,16,18,22,28,31,56,63,67,89,94,96" machi="63" ten="30,18000,2" yaku="1,1,2,1,0,1,8,1,52,1,54,1,53,0" doraHai="92" doraHaiUra="32" who="1" fromWho="1" sc="181,-62,346,196,355,-62,108,-62" />
</Scene>
<Scene>
<INIT seed="5,3,0,0,0,98" ten="119,542,293,46" oya="1" hai0="7,103,34,28,91,119,18,67,117,87,104,107,131" hai1="114,43,21,60,30,40,90,64,118,52,39,88,66" hai2="13,11,92,85,101,135,74,106,124,57,48,86,5" hai3="9,46,56,19,23,79,84,97,100,63,27,3,108"/><U105/><E105/><V47/><F74/><W133/><G108/><T111/><D111/><U42/><E39/><V83/><F135/><W37/><G133/><T44/><D131/><U61/><E114/><V53/><F124/><W93/><G37/><T125/><D125/><U112/><E112/><V20/><F106/><W110/><G110/><T132/><D132/><U55/><E118/><V69/><F69/><W24/><G46/><T14/><D7/><U33/><E33/><V32/><F32/><W82/><G3/><T8/><D104/><U50/><E30/><V4/><F4/><W25/><REACH who="3" step="1"/><G9/><REACH who="3" ten="119,542,293,36" step="2"/><T54/><D44/><U116/><E116/><V15/><F47/><W29/><G29/><T96/><D28/><U59/><E40/><V36/><F36/><W127/><G127/><T76/><D117/><U80/><E43/><V1/><F1/><W129/><G129/><T6/><D119/><U17/><E42/><V122/><F11/><W126/><G126/><T77/><D8/><U72/><E21/><V38/><F20/><W73/><G73/><T128/><D128/><U95/><E72/><V49/><F38/><W123/><G123/><T81/><D34/><U26/><E17/><V94/><F122/><W51/><G51/><T75/><D75/><U120/><E120/><V89/><F49/><W109/><G109/><T31/><D31/><U71/><E50/><V121/><F121/><W35/><G35/><T134/><D18/><U130/><E130/><V12/><F48/><W10/><G10/><N who="0" m="4439" /><D134/><U62/><E62/><V45/><F45/><W115/><G115/><RYUUKYOKU ba="3,1" sc="119,-10,542,-10,293,-10,36,30" hai3="19,23,24,25,27,56,63,79,82,84,93,97,100" />
</Scene>
<Scene>
<INIT seed="6,4,1,4,4,109" ten="109,532,283,66" oya="2" hai0="72,133,18,3,121,19,35,12,40,16,11,79,123" hai1="38,95,120,26,45,2,87,135,36,14,30,9,23" hai2="107,116,6,62,25,82,31,13,49,46,92,118,86" hai3="47,53,37,34,111,42,90,94,28,48,93,99,110"/><V7/><F107/><W97/><G34/><T54/><D133/><U74/><E74/><V83/><F92/><W71/><G71/><T127/><D127/><U89/><E135/><V63/><F83/><W20/><G28/><T104/><D104/><U129/><E2/><V33/><F118/><W69/><G20/><T119/><D119/><U114/><E114/><V57/><F116/><W55/><G69/><T130/><D130/><U88/><E129/><V134/><F134/><W84/><G55/><T78/><D35/><U52/><E120/><V75/><F75/><W112/><G112/><T39/><D54/><U60/><E89/><V32/><F32/><W15/><G15/><T61/><D61/><U100/><E100/><V117/><F117/><W132/><G132/><T4/><D78/><U67/><E45/><V103/><F103/><W113/><G113/><T41/><D41/><U21/><E21/><V51/><F51/><W115/><G115/><T81/><D12/><U10/><E10/><V27/><F27/><W73/><G73/><T68/><D68/><U64/><E38/><V101/><F62/><W124/><G124/><T76/><D76/><U102/><E36/><V122/><F63/><W105/><G105/><T91/><D91/><U77/><E102/><V56/><F101/><W85/><G85/><T5/><D4/><N who="1" m="3367" /><E77/><V96/><F7/><W59/><REACH who="3" step="1"/><G94/><REACH who="3" ten="109,532,283,56" step="2"/><T128/><D128/><U0/><E0/><V17/><F13/><W8/><G8/><T66/><D66/><U24/><E24/><V80/><F25/><W43/><G43/><T44/><AGARI ba="4,2" hai="3,5,11,16,18,19,39,40,44,72,79,81,121,123" machi="44" ten="30,8000,1" yaku="5,1,0,1,25,2,54,1" doraHai="109" who="0" fromWho="0" sc="109,112,532,-24,283,-44,56,-24" />
</Scene>
<Scene>
<INIT seed="7,0,0,5,5,28" ten="221,508,239,32" oya="3" hai0="5,129,17,117,94,30,68,10,104,65,74,31,7" hai1="66,38,99,77,33,93,55,58,134,25,92,15,105" hai2="16,3,78,116,46,50,4,59,53,110,22,101,75" hai3="64,20,39,70,122,123,24,42,9,133,115,135,91"/><W0/><G115/><T48/><D117/><U51/><E38/><V81/><F116/><W119/><G119/><T37/><D104/><U41/><E41/><V52/><F110/><W23/><G91/><T113/><D129/><U62/><E134/><N who="3" m="51210" /><G42/><T83/><D37/><U29/><E77/><V73/><F101/><W60/><G39/><T90/><D113/><U21/><E15/><V125/><F125/><W49/><G49/><T57/><D68/><N who="1" m="42071" /><E21/><N who="3" m="8266" /><G24/><T12/><D48/><U71/><E71/><V96/><F96/><W97/><G97/><T89/><D89/><U132/><E132/><V109/><F109/><W131/><G131/><T82/><D74/><U87/><E87/><V67/><F75/><W13/><G0/><T108/><D108/><U95/><E95/><V6/><F3/><W130/><G130/><T19/><D94/><U26/><E26/><V80/><F80/><W11/><G11/><T27/><D90/><U40/><E40/><V18/><F18/><AGARI ba="0,0" hai="9,13,18,60,64,70,122,123" m="8266,51210" machi="18" ten="30,1500,0" yaku="20,1" doraHai="28" who="3" fromWho="2" sc="221,0,508,0,239,-15,32,15" />
</Scene>
<Scene>
<INIT seed="7,1,0,5,3,129" ten="221,508,224,47" oya="3" hai0="30,62,117,24,98,81,130,43,50,105,120,93,79" hai1="102,112,90,107,3,88,97,71,86,49,10,59,5" hai2="37,84,29,23,54,99,44,122,16,6,28,45,40" hai3="15,114,46,33,77,103,14,51,19,58,92,56,135"/><W39/><G39/><T124/><D120/><U73/><E73/><V106/><F6/><W63/><G33/><T41/><D117/><U87/><E71/><V12/><F122/><W61/><G114/><T34/><D124/><U9/><E112/><V13/><F13/><W70/><G70/><T69/><D50/><U65/><E10/><V67/><F67/><W128/><G128/><T21/><D21/><U42/><E65/><V38/><F84/><W0/><G0/><T1/><D1/><U2/><E2/><V52/><F54/><N who="3" m="30071" /><G77/><T85/><D130/><U134/><E134/><V110/><F110/><W96/><G135/><T125/><D125/><U20/><E20/><V118/><F118/><W64/><G19/><T53/><D53/><AGARI ba="1,0" hai="14,15,53,56,58,61,63,64,92,96,103" m="30071" machi="53" ten="30,1500,0" yaku="8,1" doraHai="129" who="3" fromWho="0" sc="221,-18,508,0,224,0,47,18" />
</Scene>
<Scene>
<INIT seed="7,2,0,2,2,4" ten="203,508,224,65" oya="3" hai0="40,66,124,75,112,26,61,9,96,69,95,70,0" hai1="14,116,11,59,5,107,67,80,38,45,105,81,63" hai2="115,126,121,79,19,111,31,49,123,39,114,44,71" hai3="85,27,83,102,92,43,46,91,117,41,104,42,130"/><W97/><G117/><T86/><D75/><U1/><E116/><V36/><F126/><W122/><G122/><N who="2" m="46601" /><F111/><W55/><G130/><T50/><D124/><U16/><E80/><V73/><F71/><W65/><G65/><T34/><D112/><N who="2" m="43050" /><F31/><W84/><G27/><T57/><D86/><U74/><E16/><V88/><F79/><W103/><G103/><T23/><D34/><U72/><E14/><V132/><F73/><W133/><G133/><T131/><D131/><U77/><E72/><V127/><F132/><W68/><G68/><T60/><D60/><U32/><E32/><V106/><F106/><W87/><REACH who="3" step="1"/><G104/><REACH who="3" ten="203,508,224,55" step="2"/><T3/><D69/><U101/><E101/><V56/><F127/><W6/><G6/><T33/><D70/><U78/><E107/><V8/><F39/><W135/><G135/><T90/><D26/><U109/><E105/><V129/><F36/><W10/><G10/><T24/><D9/><U12/><E38/><V29/><F8/><W54/><G54/><T113/><D113/><U35/><E11/><V30/><F129/><W13/><G13/><T93/><D3/><U58/><E12/><V7/><F7/><W110/><G110/><T28/><D0/><U125/><E125/><V52/><F19/><W2/><G2/><T98/><D33/><U15/><E1/><V37/><F29/><W108/><G108/><T48/><D40/><U62/><E109/><V94/><F30/><W89/><G89/><AGARI ba="2,1" hai="23,24,28,48,50,57,61,66,89,90,93,95,96,98" machi="89" ten="30,3900,0" yaku="7,1,9,1,8,1" doraHai="4" who="0" fromWho="3" sc="203,55,508,0,224,0,55,-45" owari="258,6.0,508,61.0,224,-18.0,10,-49.0" />
</Scene>
</mjloggm>