<mjloggm ver="2.3"><GO type="169" lobby="0"/><UN n0="%E5%A4%AA%E3%81%8F%E3%81%AA%E3%81%84%E3%81%8A" n1="%6B%61%64%75%6B%69%69" n2="%E3%82%BF%E3%82%B1%E3%82%AA%E3%81%97%E3%82%83%E3%82%93" n3="%E3%83%96%E3%83%AA%E3%83%86%E3%82%A3" dan="18,16,18,17" rate="2176.65,2141.12,2232.85,2199.30" sx="M,M,M,M"/><TAIKYOKU oya="0"/>

<Scene>
<INIT seed="0,0,0,5,3,37" ten="250,250,250,250" oya="0" hai0="131,133,20,26,74,43,86,6,119,4,35,21,88" hai1="57,47,23,105,85,120,111,51,132,99,12,122,19" hai2="91,106,92,16,134,94,14,46,3,49,87,58,7" hai3="101,9,100,110,59,25,40,60,34,69,84,97,90"/><T15/><D74/><U114/><E111/><V2/><F106/><W48/><G110/><T108/><D108/><U66/><E132/><V123/><F134/><W39/><G39/><T125/><D133/><U27/><E114/><V67/><F7/><W24/><G9/><T77/><D119/><U112/><E112/><V128/><F128/><W109/><G109/><T124/><D77/><U41/><E85/><V89/><F123/><W107/><G101/><T98/><D98/><U95/><E105/><V130/><F58/><W116/><G116/><T63/><D131/><U129/><E129/><V75/><F67/><W62/><G69/><T53/><D35/><U121/><E66/><V33/><F33/><W65/><G62/><T68/><D68/><U135/><E57/><V64/><F64/><W93/><REACH who="3" step="1"/><G34/><REACH who="3" ten="250,250,250,240" step="2"/><T73/><D63/><U28/><E135/><V45/><F130/><W18/><G18/><T32/><D32/><U126/><E126/><V56/><F2/><W54/><G54/><T80/><D53/><U13/><REACH who="1" step="1"/><E19/><REACH who="1" ten="250,240,250,240" step="2"/><V70/><F16/><W30/><G30/><T72/><D125/><U79/><E79/><V38/><F70/><W78/><G78/><T96/><D124/><U118/><E118/><V76/><F76/><W22/><G22/><T115/><D20/><U113/><E113/><V71/><F71/><W103/><G103/><AGARI ba="0,2" hai="12,13,23,27,28,41,47,51,95,99,103,120,121,122" machi="103" ten="40,5200,0" yaku="1,1,52,1,53,1" doraHai="37" doraHaiUra="17" who="1" fromWho="3" sc="250,0,240,72,250,0,240,-52" />
</Scene>
<Scene>
<INIT seed="1,0,0,3,4,59" ten="250,312,250,188" oya="1" hai0="36,107,3,129,93,113,128,73,96,10,120,74,56" hai1="100,95,66,71,52,86,77,48,130,15,76,42,82" hai2="9,32,22,133,2,64,110,44,92,54,81,61,80" hai3="47,135,72,97,41,37,108,114,17,26,35,23,14"/><U12/><E130/><N who="0" m="50281" /><D113/><U102/><E71/><V104/><F104/><W60/><G114/><T7/><D107/><U45/><E66/><V58/><F32/><W75/><G108/><T28/><D36/><U13/><E77/><V25/><F110/><W124/><G124/><T65/><D28/><U132/><E132/><V0/><F133/><W8/><G135/><T39/><D39/><U112/><E112/><V6/><F0/><W46/><G35/><T21/><D21/><U62/><E95/><V51/><REACH who="2" step="1"/><F92/><REACH who="2" ten="250,312,240,188" step="2"/><W40/><G97/><T20/><D120/><U91/><E76/><V125/><F125/><W90/><G90/><T43/><D93/><U33/><E33/><V85/><F85/><W123/><G123/><T24/><D96/><U30/><E30/><AGARI ba="0,1" hai="2,6,9,22,25,30,44,51,54,58,61,64,80,81" machi="30" ten="30,7700,0" yaku="1,1,7,1,52,1,53,1" doraHai="59" doraHaiUra="57" who="2" fromWho="1" sc="250,0,312,-77,240,87,188,0" />
</Scene>
<Scene>
<INIT seed="2,0,0,5,5,81" ten="250,235,327,188" oya="2" hai0="36,120,14,5,88,123,11,118,130,39,121,66,84" hai1="7,56,48,46,96,47,35,30,115,83,70,17,51" hai2="112,102,23,106,71,74,0,12,49,43,87,27,110" hai3="107,85,16,61,67,127,8,95,108,124,109,119,24"/><V63/><F74/><W73/><G107/><T57/><D130/><U10/><E70/><V21/><F0/><W78/><G119/><T2/><D118/><U40/><E96/><V3/><F3/><W19/><G73/><T79/><D79/><U33/><E17/><N who="3" m="6730" /><G8/><T76/><D76/><U134/><E30/><V129/><F12/><W105/><G24/><T55/><D66/><U104/><E104/><V18/><F21/><W42/><G105/><T65/><D65/><U101/><E101/><V98/><F129/><W41/><G42/><T122/><N who="0" m="30720" /><DORA hai="58" /><T52/><D2/><U89/><E35/><V113/><F110/><N who="3" m="42603" /><G41/><T64/><D64/><U44/><E33/><V20/><F20/><W111/><N who="3" m="42611" /><W25/><DORA hai="117" /><G25/><T135/><D135/><U6/><E10/><V92/><F106/><W125/><G95/><T69/><D69/><U128/><E40/><V91/><F71/><N who="3" m="42479" /><G127/><T131/><D131/><U99/><E128/><V28/><F43/><W13/><G13/><T60/><REACH who="0" step="1"/><D55/><REACH who="0" ten="240,235,327,188" step="2"/><N who="1" m="31871" /><E134/><V93/><F112/><W54/><G54/><T77/><D77/><U90/><E115/><V29/><F113/><W94/><G78/><T38/><D38/><U22/><E90/><AGARI ba="0,1" hai="85,90,94,124,125" m="42479,42611,6730" machi="90" ten="50,8000,1" yaku="14,1,52,2,54,1" doraHai="81,58,117" who="3" fromWho="1" sc="240,0,235,-80,327,0,188,90" />
</Scene>
<Scene>
<INIT seed="3,0,0,5,4,15" ten="240,155,327,278" oya="3" hai0="19,131,58,43,76,90,25,50,18,26,27,6,67" hai1="79,82,31,98,1,52,72,101,56,59,115,34,127" hai2="4,40,44,103,69,108,112,62,73,53,102,55,130" hai3="17,68,57,118,8,116,11,87,117,0,24,89,106"/><W104/><G68/><T125/><D125/><U37/><E1/><V85/><F73/><W121/><G121/><T105/><D105/><U71/><E37/><V28/><F4/><W84/><G87/><T36/><D36/><U42/><E42/><V2/><F2/><W10/><G0/><T21/><D131/><U13/><E127/><V135/><F28/><W78/><G78/><T39/><D39/><U91/><E71/><V12/><F112/><W33/><G57/><T51/><D6/><U83/><E59/><V96/><F102/><W49/><G49/><N who="0" m="18443" /><D76/><U32/><E115/><V107/><F62/><W122/><G122/><T47/><D43/><U70/><E70/><V46/><F40/><W110/><G110/><T120/><D120/><U74/><E74/><V29/><F108/><W97/><G97/><T14/><D47/><U77/><E72/><V126/><F46/><W41/><G41/><T9/><D90/><U45/><E91/><V63/><F44/><W132/><G132/><T128/><D128/><U124/><E45/><V129/><F135/><W61/><G61/><AGARI ba="0,0" hai="9,14,18,19,21,25,26,27,58,61,67" m="18443" machi="61" ten="30,3900,0" yaku="8,1,52,2" doraHai="15" who="0" fromWho="3" sc="240,39,155,0,327,0,278,-39" />
</Scene>
<Scene>
<INIT seed="4,0,0,4,4,52" ten="279,155,327,239" oya="0" hai0="48,123,25,122,61,108,70,129,107,63,65,114,133" hai1="79,6,98,0,124,7,109,74,18,93,10,76,83" hai2="2,44,40,28,21,71,13,94,50,5,8,58,99" hai3="97,110,125,39,12,85,131,49,36,35,24,121,78"/><T102/><D114/><U72/><E109/><V68/><F28/><W51/><G110/><T105/><D108/><U90/><E124/><V73/><F73/><W67/><G125/><T120/><D133/><U16/><REACH who="1" step="1"/><E7/><REACH who="1" ten="279,145,327,239" step="2"/><V19/><F58/><W9/><G121/><T113/><D122/><U15/><E15/><V112/><F112/><W64/><G12/><T62/><D113/><U69/><E69/><V81/><F81/><AGARI ba="0,1" hai="0,6,10,16,18,72,74,76,79,81,83,90,93,98" machi="81" ten="40,5200,0" yaku="1,1,9,1,54,1,53,0" doraHai="52" doraHaiUra="20" who="1" fromWho="2" sc="279,0,145,62,327,-52,239,0" />
</Scene>
<Scene>
<INIT seed="5,0,0,4,5,77" ten="279,207,275,239" oya="1" hai0="104,128,51,56,101,133,10,76,58,125,106,130,115" hai1="61,92,68,98,124,70,57,53,99,109,3,117,19" hai2="90,110,49,44,21,36,41,81,9,64,102,94,35" hai3="105,132,88,40,65,46,2,74,33,83,119,84,23"/><U24/><E3/><V11/><F35/><W120/><G33/><T86/><D115/><U26/><E117/><V126/><F110/><W95/><G120/><T73/><D73/><U82/><E109/><V1/><F126/><W8/><G119/><T123/><D125/><U13/><E124/><V112/><F64/><W4/><G105/><T16/><D123/><U135/><E135/><V43/><F1/><W0/><G132/><T93/><D133/><U47/><E47/><V66/><F66/><W71/><G2/><T134/><D134/><U100/><E99/><N who="2" m="59767" /><F41/><W63/><G23/><T79/><D79/><U87/><E70/><V111/><F36/><W25/><G25/><T5/><D5/><U80/><E68/><V62/><F62/><W17/><G17/><T37/><D37/><U67/><E67/><V7/><F7/><W42/><G74/><T129/><D101/><U122/><E122/><V30/><F112/><W45/><G45/><T116/><D116/><U75/><E75/><V55/><F43/><W32/><G32/><T89/><D76/><U113/><E113/><V14/><F111/><W29/><G29/><T131/><D131/><U28/><E87/><N who="2" m="50543" /><F30/><W34/><G34/><T108/><D108/><U97/><E28/><V118/><F118/><W15/><G0/><T54/><D58/><U60/><E60/><V18/><AGARI ba="0,0" hai="9,11,14,18,21,44,49,55" m="50543,59767" machi="18" ten="30,2000,0" yaku="8,1,52,1" doraHai="77" who="2" fromWho="2" sc="279,-5,207,-10,275,20,239,-5" />
</Scene>
<Scene>
<INIT seed="6,0,0,2,5,107" ten="274,197,295,234" oya="2" hai0="37,118,44,116,68,9,48,43,24,55,20,86,128" hai1="60,100,120,121,65,66,29,10,69,53,94,57,8" hai2="27,113,82,101,13,117,46,6,1,96,35,76,51" hai3="64,34,18,25,102,50,70,38,63,95,112,79,123"/><V81/><F81/><W72/><G38/><T109/><D109/><U75/><E29/><V74/><F113/><W3/><G123/><T40/><D68/><U7/><E10/><V78/><F78/><W54/><G3/><T30/><D128/><U125/><E125/><V130/><F130/><W131/><G131/><T41/><D37/><U99/><E75/><V124/><F124/><W110/><G110/><T108/><D108/><U127/><E127/><V122/><F1/><W17/><G112/><T47/><D47/><U111/><E111/><V104/><F27/><W97/><G79/><T77/><D9/><U90/><E100/><V126/><F35/><W11/><G72/><T87/><REACH who="0" step="1"/><D77/><REACH who="0" ten="264,197,295,234" step="2"/><U52/><E69/><V83/><F76/><W4/><G11/><T26/><D26/><U19/><E66/><V71/><F46/><W88/><G70/><T61/><D61/><U91/><E121/><V98/><F71/><W12/><G63/><T80/><D80/><U14/><E120/><V134/><F82/><W114/><G64/><T5/><D5/><U32/><E32/><V36/><F83/><W21/><G114/><T42/><N who="0" m="10240" /><DORA hai="84" /><T92/><D92/><N who="1" m="56727" /><E7/><V135/><F6/><W0/><G34/><T49/><D49/><U93/><E93/><V59/><F36/><W132/><G0/><T106/><D106/><U28/><E28/><V33/><F33/><W23/><G4/><T129/><D129/><U85/><AGARI ba="0,1" hai="8,14,19,52,53,57,60,65,85,91,94" m="56727" machi="85" ten="30,7900,0" yaku="8,1,52,2,54,1" doraHai="107,84" who="1" fromWho="1" sc="264,-20,197,89,295,-39,234,-20" />
</Scene>
<Scene>
<INIT seed="7,0,0,3,3,76" ten="244,286,256,214" oya="3" hai0="5,61,17,85,7,116,19,31,135,23,20,12,52" hai1="133,101,55,100,110,79,121,72,96,33,50,60,127" hai2="4,48,86,39,114,64,22,119,6,128,51,10,71" hai3="74,3,104,1,126,67,99,42,62,81,113,123,54"/><W44/><G123/><T97/><D116/><U37/><E33/><V26/><F39/><W2/><G113/><T94/><D135/><U63/><E37/><V57/><F71/><W82/><G126/><T78/><D31/><U53/><E110/><V38/><F38/><W8/><G54/><T84/><D84/><U45/><E127/><V49/><F128/><W13/><G74/><T115/><D115/><U91/><E72/><V134/><F134/><W34/><G34/><T107/><D107/><U118/><E118/><V111/><F111/><W83/><G104/><T9/><D85/><U93/><E133/><V36/><F36/><W77/><G99/><T47/><D78/><U15/><E79/><V117/><F10/><W30/><G30/><T68/><D68/><U25/><E55/><V87/><F114/><W89/><G77/><T124/><D124/><U122/><E121/><V92/><F87/><W131/><G89/><N who="0" m="55503" /><D9/><U73/><E73/><V56/><F117/><W29/><G29/><T108/><D108/><U120/><E120/><V98/><F86/><W95/><G95/><T125/><D125/><U32/><E122/><V16/><F119/><W14/><G131/><T35/><D35/><U40/><E32/><V66/><F57/><N who="3" m="37327" /><G8/><T21/><D47/><U43/><E101/><N who="2" m="60615" /><F56/><W129/><G129/><T58/><D21/><U132/><E132/><V103/><F103/><W80/><N who="3" m="20480" /><DORA hai="59" /><W18/><G18/><T102/><D102/><U130/><E100/><V46/><F46/><W27/><G27/><AGARI ba="0,0" hai="5,7,12,17,19,20,23,27,52,58,61" m="55503" machi="27" ten="30,7700,0" yaku="25,1,8,1,52,1,54,1" doraHai="76,59" who="0" fromWho="3" sc="244,77,286,0,256,0,214,-77" owari="321,41.0,286,9.0,256,-14.0,137,-36.0" />
</Scene>
</mjloggm>