<mjloggm ver="2.3"><GO type="169" lobby="0"/><UN n0="%6C%62%69%72%64%31" n1="%E5%A4%AA%E3%81%8F%E3%81%AA%E3%81%84%E3%81%8A" n2="%E3%83%8F%E3%82%B4%E2%98%85%E6%B2%B3%E7%AB%A5" n3="%E3%82%A4%E3%83%8B%E3%82%A8%E3%82%B9%E3%82%BF" dan="16,18,16,18" rate="2071.55,2169.52,2051.13,2160.38" sx="M,M,M,M"/><TAIKYOKU oya="0"/>

<Scene>
<INIT seed="0,0,0,3,5,125" ten="250,250,250,250" oya="0" hai0="92,123,111,56,53,14,122,105,54,49,65,25,12" hai1="62,126,3,48,68,134,79,31,95,57,80,61,107" hai2="0,119,29,22,113,33,103,73,109,19,90,129,88" hai3="98,45,102,43,46,39,94,67,10,84,27,9,32"/><T101/><D105/><U114/><E107/><V28/><F113/><W133/><G133/><T40/><D40/><U6/><E31/><V18/><F73/><W82/><G67/><T110/><D65/><U70/><E48/><V76/><F0/><W127/><G127/><T15/><D25/><U83/><E83/><V24/><F76/><W121/><G121/><T1/><D1/><U78/><E78/><V131/><F109/><N who="0" m="41482" /><D54/><U2/><E2/><V30/><F119/><W97/><G46/><T11/><D11/><U99/><E3/><V42/><F33/><W13/><G32/><T51/><D51/><U16/><E126/><V120/><F120/><W118/><G27/><T128/><D128/><N who="2" m="49226" /><F42/><W63/><G43/><T117/><D117/><U37/><E114/><V69/><F69/><W100/><G118/><T91/><D101/><U38/><E68/><V132/><F132/><W23/><G100/><T135/><D135/><U52/><E134/><V20/><F103/><W35/><G102/><T130/><D130/><U108/><E108/><V124/><F124/><W41/><G35/><T26/><D26/><AGARI ba="0,0" hai="18,19,20,22,24,26,28,29,30,88,90" m="49226" machi="26" ten="30,8000,1" yaku="19,1,52,3,54,1" doraHai="125" who="2" fromWho="0" sc="250,-80,250,0,250,80,250,0" />
</Scene>
<Scene>
<INIT seed="1,0,0,2,0,25" ten="170,250,330,250" oya="1" hai0="59,107,83,91,114,102,85,51,32,124,118,110,24" hai1="33,103,34,58,3,50,46,38,66,106,48,16,23" hai2="8,132,49,31,5,119,13,69,57,65,42,117,126" hai3="22,78,130,43,20,4,105,56,96,35,129,36,97"/><U134/><E3/><V125/><F69/><W45/><G35/><T95/><D118/><U6/><E6/><V0/><F132/><W44/><G4/><T14/><D114/><U112/><E38/><V111/><F111/><W11/><G11/><T28/><D110/><U81/><E112/><V53/><F65/><W128/><G56/><T88/><D124/><N who="2" m="47722" /><F42/><N who="3" m="22599" /><G78/><T30/><D102/><U123/><E123/><V116/><F31/><W12/><G12/><AGARI ba="0,0" hai="0,5,8,12,13,49,53,57,116,117,119" m="47722" machi="12" ten="40,1300,0" yaku="18,1" doraHai="25" who="2" fromWho="3" sc="170,0,250,0,330,13,250,-13" />
</Scene>
<Scene>
<INIT seed="2,0,0,1,1,92" ten="170,250,343,237" oya="2" hai0="70,97,118,125,71,68,1,47,42,83,28,55,11" hai1="38,40,14,59,67,49,73,131,69,13,109,53,123" hai2="99,65,86,82,116,96,58,85,77,30,129,88,20" hai3="134,108,72,36,63,17,74,5,22,24,64,61,60"/><V41/><F116/><W76/><G36/><T121/><D118/><U57/><E73/><V114/><F114/><W93/><G108/><T16/><D121/><U122/><E109/><V52/><F129/><W100/><G134/><T19/><D125/><U80/><E80/><N who="2" m="47247" /><F65/><W101/><G64/><T44/><D28/><U103/><E131/><V15/><F41/><W132/><G132/><T34/><D34/><U21/><E59/><V32/><F32/><W8/><G76/><T12/><D1/><U50/><E38/><V27/><F15/><W84/><G100/><T18/><D83/><U75/><E13/><V110/><F110/><W46/><G46/><T117/><D117/><U104/><E75/><V133/><F133/><W112/><G112/><T91/><D55/><U51/><E67/><V6/><F6/><W120/><G120/><T29/><D29/><U98/><E69/><V4/><F4/><W48/><G74/><T95/><REACH who="0" step="1"/><D47/><REACH who="0" ten="160,250,343,237" step="2"/><U9/><E123/><V45/><F45/><W66/><G66/><T43/><D43/><U113/><E122/><V87/><F87/><W115/><G115/><T128/><D128/><U127/><E113/><V56/><F56/><W78/><G72/><T130/><D130/><U135/><E135/><V0/><F0/><W26/><G84/><T25/><D25/><U3/><E40/><V107/><F107/><W7/><G26/><T111/><D111/><U106/><E106/><V81/><F81/><W105/><G24/><T33/><D33/><U54/><E3/><V124/><F124/><W89/><G105/><T79/><D79/><RYUUKYOKU ba="0,1" sc="160,15,250,-15,343,15,237,-15" hai0="11,12,16,18,19,42,44,68,70,71,91,95,97" hai2="20,27,30,52,58,82,86,88,96,99" />
</Scene>
<Scene>
<INIT seed="2,1,1,5,4,49" ten="175,235,358,222" oya="2" hai0="9,30,100,54,132,93,94,21,78,99,75,66,98" hai1="33,42,22,125,92,135,131,13,110,10,126,116,45" hai2="47,95,34,127,11,121,74,6,124,53,123,16,61" hai3="115,130,102,82,89,7,90,44,0,60,26,101,111"/><V5/><F74/><W57/><G111/><T87/><D132/><U76/><E33/><V80/><F80/><W50/><G130/><T105/><D75/><U128/><E116/><V71/><F34/><W79/><G115/><T97/><D66/><U2/><E76/><V108/><F108/><W19/><G7/><N who="2" m="2569" /><F95/><W3/><G3/><T122/><D122/><U12/><E2/><V14/><F71/><W4/><G4/><T69/><D69/><U1/><E1/><V8/><F8/><W25/><G0/><T35/><D35/><U109/><E10/><V114/><F114/><W62/><G101/><T117/><D117/><U118/><E118/><V64/><F64/><W38/><G102/><T81/><D9/><U119/><E119/><V48/><F61/><W36/><G62/><T32/><D32/><U28/><E92/><N who="0" m="35433" /><D105/><U88/><E110/><V106/><F106/><W85/><G38/><T133/><D100/><U29/><E109/><V129/><F129/><W120/><G36/><T31/><D133/><U65/><E65/><V59/><F47/><W37/><G37/><T27/><D31/><U96/><E135/><V18/><F18/><W134/><G134/><T52/><AGARI ba="1,1" hai="21,27,30,52,54,78,81,87,97,98,99" m="35433" machi="52" ten="30,7900,0" yaku="8,1,52,2,54,1" doraHai="49" who="0" fromWho="0" sc="175,92,235,-21,358,-40,222,-21" />
</Scene>
<Scene>
<INIT seed="3,0,0,2,0,21" ten="267,214,318,201" oya="3" hai0="82,68,76,5,23,116,20,2,30,133,106,25,65" hai1="113,107,115,100,118,123,130,45,108,56,59,111,119" hai2="122,43,38,74,51,8,80,31,104,18,112,97,16" hai3="98,54,55,17,39,88,93,78,35,75,12,129,37"/><W63/><G129/><T94/><D106/><U109/><E100/><V53/><F38/><W89/><G35/><T22/><D116/><N who="1" m="44587" /><E107/><V131/><F43/><W110/><G110/><T28/><D133/><U62/><E130/><V26/><F112/><N who="1" m="43081" /><E45/><V9/><F131/><W36/><G89/><T86/><D65/><N who="1" m="39111" /><E59/><V71/><F71/><W58/><G75/><T24/><D68/><U14/><E14/><V46/><F122/><AGARI ba="0,0" hai="108,109,111,122,123" m="39111,43081,44587" machi="122" ten="40,32000,5" yakuman="50" doraHai="21" who="1" fromWho="2" sc="267,0,214,320,318,-320,201,0" owari="267,7.0,534,63.0,-2,-50.0,201,-20.0" />
</Scene>
</mjloggm>