<mjloggm ver="2.3"><GO type="169" lobby="0"/><UN n0="%E3%83%90%E3%83%88%E3%83%AB%E3%83%89%E3%83%BC%E3%83%A0%EF%BC%81" n1="%74%6F%6D%75%74%6F%6D%69" n2="%EF%BC%88%EF%BC%BE%D0%94%EF%BC%BE%EF%BC%89" n3="%E5%A4%AA%E3%81%8F%E3%81%AA%E3%81%84%E3%81%8A" dan="17,16,16,17" rate="2094.82,2088.51,2105.02,2137.36" sx="M,M,M,M"/><TAIKYOKU oya="0"/>

<Scene>
<INIT seed="0,0,0,5,0,22" ten="250,250,250,250" oya="0" hai0="41,120,34,32,66,58,134,80,55,71,95,130,93" hai1="45,109,65,17,69,87,122,40,6,108,49,15,27" hai2="113,118,128,35,51,67,78,5,100,101,0,119,14" hai3="50,81,24,64,133,31,53,82,36,2,85,92,62"/><T126/><D120/><U70/><E122/><V97/><F113/><W16/><G36/><T115/><D115/><U21/><E65/><V132/><F0/><W37/><G37/><T52/><D126/><U28/><E6/><V86/><F128/><W106/><G106/><T68/><D134/><U117/><E87/><V56/><F132/><W127/><G2/><T77/><D130/><U73/><E73/><V135/><F135/><W33/><G133/><T4/><D41/><U131/><E117/><V112/><F35/><W13/><G127/><T105/><D105/><U107/><E107/><V47/><F119/><W121/><G121/><T20/><D4/><U103/><E103/><V74/><F74/><W30/><G30/><T116/><D116/><U25/><E28/><V104/><F112/><W114/><G114/><T11/><D11/><U63/><E63/><V72/><F72/><W91/><G62/><T110/><D110/><N who="1" m="42603" /><E131/><V8/><F118/><W18/><G64/><T26/><D71/><AGARI ba="0,0" hai="15,17,21,25,27,40,45,49,69,70,71" m="42603" machi="71" ten="30,3900,0" yaku="14,1,52,2" doraHai="22" who="1" fromWho="0" sc="250,-39,250,39,250,0,250,0" />
</Scene>
<Scene>
<INIT seed="1,0,0,2,3,123" ten="211,289,250,250" oya="1" hai0="85,43,18,87,93,28,21,121,82,10,133,91,70" hai1="120,59,52,96,17,1,108,2,105,86,67,29,92" hai2="23,50,128,113,110,38,83,27,40,88,106,117,66" hai3="11,36,16,22,72,42,62,98,94,60,104,3,127"/><U115/><E115/><V130/><F117/><W81/><G104/><T7/><D121/><U45/><E120/><V0/><F0/><W76/><G127/><T124/><D124/><U25/><E17/><V33/><F33/><W71/><G71/><T89/><D133/><U77/><E45/><N who="2" m="25895" /><F38/><W109/><G42/><T112/><D112/><U4/><E4/><V9/><F106/><W41/><G41/><T74/><D74/><U56/><E105/><V78/><F66/><W125/><G36/><T118/><D118/><U100/><E108/><V95/><F9/><W64/><G125/><T44/><D28/><U126/><E126/><V84/><F113/><W14/><G64/><T129/><D70/><U80/><E67/><V37/><F37/><W54/><G54/><T134/><D134/><U68/><E59/><V19/><F110/><W55/><G55/><T99/><D129/><N who="2" m="49770" /><F78/><W34/><G34/><T79/><D10/><U12/><E12/><V15/><F83/><W26/><G3/><T135/><D135/><U58/><E58/><V111/><F111/><W24/><G109/><T97/><D7/><U6/><E6/><V101/><F101/><W122/><G122/><T131/><D131/><U63/><E68/><V20/><F20/><AGARI ba="0,0" hai="1,2,20,25,29,52,56,63,77,80,86,92,96,100" machi="20" ten="30,2900,0" yaku="7,1,54,1" doraHai="123" who="1" fromWho="2" sc="211,0,289,29,250,-29,250,0" />
</Scene>
<Scene>
<INIT seed="1,1,0,2,4,102" ten="211,318,221,250" oya="1" hai0="105,2,101,19,67,109,33,97,86,32,23,115,62" hai1="1,24,46,61,45,113,77,7,129,0,87,82,73" hai2="133,49,40,4,98,126,95,39,72,68,56,66,127" hai3="16,128,70,37,26,57,63,10,123,135,100,20,78"/><U55/><E113/><V5/><F72/><W107/><G123/><T114/><D109/><U79/><E129/><V90/><F133/><W41/><G135/><T38/><D2/><U34/><E7/><V106/><F68/><W58/><G128/><T96/><D38/><U48/><E73/><V36/><F106/><W35/><G78/><T124/><D124/><N who="2" m="47658" /><F66/><W9/><G70/><T80/><D96/><U94/><E77/><V42/><F56/><W64/><G35/><T28/><D28/><U52/><E94/><V121/><F121/><W30/><G57/><T54/><D54/><U110/><E61/><V99/><F99/><W27/><G100/><T85/><D32/><U92/><E92/><V17/><F17/><W76/><G76/><T11/><D33/><U69/><E69/><V29/><F29/><W18/><G107/><T132/><D132/><U15/><E15/><V21/><F21/><W89/><G89/><T125/><D125/><U74/><E74/><V47/><F42/><W6/><G27/><T51/><D23/><U122/><E122/><V83/><F83/><W116/><G116/><T53/><D80/><U120/><E120/><V117/><F117/><W60/><G60/><T43/><D43/><U71/><E71/><V8/><F4/><W44/><REACH who="3" step="1"/><G10/><REACH who="3" ten="211,318,221,240" step="2"/><T65/><D114/><U108/><E24/><V3/><AGARI ba="1,1" hai="3,5,8,36,39,40,47,49,90,95,98" m="47658" machi="3" ten="30,1100,0" yaku="18,1" doraHai="102" who="2" fromWho="2" sc="211,-4,318,-6,221,24,240,-4" />
</Scene>
<Scene>
<INIT seed="2,0,0,0,4,107" ten="207,312,245,236" oya="2" hai0="103,46,80,129,0,112,54,50,104,58,135,83,121" hai1="20,41,89,16,66,43,59,55,69,90,132,70,74" hai2="116,81,25,44,123,108,30,133,39,119,118,36,125" hai3="19,18,17,94,60,128,64,84,75,97,49,33,37"/><V35/><F123/><W82/><G37/><N who="2" m="14409" /><F44/><W57/><G128/><T79/><D121/><U3/><E3/><V22/><F22/><W48/><G33/><T68/><D112/><U101/><E101/><V72/><F133/><W21/><G75/><T51/><D135/><U6/><E6/><V76/><F108/><W15/><G49/><T105/><D129/><U27/><E74/><V8/><F8/><W111/><G48/><T127/><D68/><U117/><E117/><V99/><F99/><W115/><G111/><T71/><D71/><U12/><E70/><V106/><F106/><W26/><G115/><T126/><D0/><U131/><E131/><V62/><F62/><W38/><G38/><T67/><D103/><U40/><E66/><V31/><F31/><W91/><REACH who="3" step="1"/><G26/><REACH who="3" ten="207,312,245,226" step="2"/><T102/><D51/><N who="1" m="31231" /><E132/><V9/><F35/><W10/><G10/><T14/><D50/><U56/><E69/><V100/><F9/><W77/><AGARI ba="0,1" hai="15,17,18,19,21,57,60,64,77,82,84,91,94,97" machi="77" ten="20,8000,1" yaku="1,1,0,1,7,1,8,1,53,1" doraHai="107" doraHaiUra="95" who="3" fromWho="3" sc="207,-20,312,-20,245,-40,226,90" />
</Scene>
<Scene>
<INIT seed="3,0,0,5,5,15" ten="187,292,205,316" oya="3" hai0="71,120,125,45,124,118,134,115,41,95,6,33,126" hai1="111,98,99,38,67,113,102,23,93,17,52,36,21" hai2="20,80,31,8,119,82,0,34,109,130,112,77,92" hai3="108,26,3,73,122,132,110,10,60,49,42,62,83"/><W105/><G105/><T84/><D118/><U135/><E113/><V106/><F106/><W16/><G122/><T94/><D120/><U22/><E111/><N who="3" m="42538" /><G132/><T121/><D121/><U12/><E135/><V76/><F34/><W69/><G69/><T65/><D115/><U96/><E67/><V72/><F130/><W44/><G3/><T4/><D134/><U64/><E64/><V129/><F129/><W104/><G104/><T13/><D33/><U59/><E38/><V78/><F78/><N who="3" m="44495" /><G10/><T81/><D71/><U107/><E36/><V91/><F119/><W61/><G26/><T37/><D65/><U97/><E107/><V40/><F8/><W53/><G16/><T116/><D116/><U11/><E11/><V133/><F0/><W66/><G66/><T127/><D127/><U28/><E28/><V51/><F31/><W103/><G103/><T114/><D114/><U14/><E14/><V30/><F30/><W100/><G100/><T58/><D13/><U24/><E24/><V90/><F133/><W19/><G19/><T55/><D6/><U131/><E131/><V57/><F112/><W39/><G39/><T70/><D70/><U86/><E86/><V128/><F109/><W50/><G50/><AGARI ba="0,0" hai="12,17,21,22,23,50,52,59,93,96,97,98,99,102" machi="50" ten="40,5200,0" yaku="8,1,52,1,54,1" doraHai="15" who="1" fromWho="3" sc="187,0,292,52,205,0,316,-52" />
</Scene>
<Scene>
<INIT seed="4,0,0,5,3,67" ten="187,344,205,264" oya="0" hai0="112,12,122,35,96,8,64,23,42,105,1,55,7" hai1="118,104,3,60,51,87,45,130,4,133,57,92,40" hai2="126,39,132,44,99,89,113,59,32,86,88,98,53" hai3="16,70,78,115,82,71,14,29,75,102,106,111,119"/><T58/><D122/><U49/><E104/><V114/><F32/><W128/><G111/><T31/><D112/><N who="2" m="43114" /><F132/><W125/><G115/><T19/><D64/><U0/><E118/><V117/><F117/><W100/><G119/><T107/><D42/><U123/><E123/><V90/><F126/><W101/><G106/><T63/><REACH who="0" step="1"/><D96/><REACH who="0" ten="177,344,205,264" step="2"/><U17/><E40/><N who="2" m="22559" /><F86/><W109/><G109/><T69/><D69/><U103/><E87/><V74/><F74/><W83/><G125/><T76/><D76/><U13/><E133/><V77/><F77/><W27/><G128/><T61/><D61/><AGARI ba="0,1" hai="53,59,61,88,89,90,98,99" m="22559,43114" machi="61" ten="30,2000,0" yaku="15,1,54,1" doraHai="67" who="2" fromWho="0" sc="177,-20,344,0,205,30,264,0" />
</Scene>
<Scene>
<INIT seed="5,0,0,0,2,56" ten="157,344,235,264" oya="1" hai0="14,67,82,21,131,79,8,28,105,15,74,61,62" hai1="32,91,45,65,84,133,26,73,130,46,99,80,52" hai2="119,59,92,107,22,64,34,3,38,48,4,6,60" hai3="123,70,18,68,88,55,24,54,17,31,97,114,124"/><U95/><E73/><V69/><F34/><W50/><G123/><T20/><D131/><U25/><E133/><V111/><F107/><W135/><G135/><T40/><D105/><U75/><E75/><V89/><F119/><W23/><G114/><T112/><D112/><U27/><E130/><V33/><F33/><W13/><G124/><T35/><D40/><U121/><E121/><V44/><F3/><W9/><G70/><T87/><D35/><U125/><E125/><V58/><F58/><W132/><G68/><T5/><D74/><U122/><E122/><V93/><F93/><N who="3" m="56487" /><G132/><T16/><D67/><U19/><E65/><V81/><F81/><W129/><G129/><T83/><D83/><U120/><E32/><V113/><F111/><W104/><G104/><T127/><D127/><U100/><E120/><V0/><F0/><W85/><G85/><T117/><D117/><U134/><E134/><V63/><F22/><N who="3" m="15767" /><G50/><T72/><D72/><U109/><E109/><V7/><F38/><W1/><G1/><T108/><D108/><U12/><E52/><N who="3" m="20010" /><G23/><AGARI ba="0,0" hai="12,19,23,25,26,27,45,46,80,84,91,95,99,100" machi="23" ten="40,2000,0" yaku="8,1" doraHai="56" who="1" fromWho="3" sc="157,0,344,20,235,0,264,-20" />
</Scene>
<Scene>
<INIT seed="5,1,0,4,5,15" ten="157,364,235,244" oya="1" hai0="85,134,51,39,45,4,75,100,121,112,60,69,42" hai1="81,36,26,83,127,70,71,50,17,24,113,98,94" hai2="118,108,11,106,97,129,40,79,74,29,6,124,41" hai3="56,64,107,34,10,66,3,105,133,22,54,90,1"/><U125/><E36/><V38/><F41/><W0/><G34/><T109/><D75/><U93/><E50/><V126/><F29/><W20/><G133/><T114/><D134/><U25/><E98/><V30/><F30/><W131/><G131/><T18/><D4/><U72/><E113/><N who="0" m="43625" /><D100/><U84/><E84/><V103/><F108/><W16/><G10/><T59/><D85/><U55/><E55/><V37/><F118/><W44/><G44/><N who="0" m="23647" /><D18/><U73/><E26/><V102/><F102/><W135/><G135/><T115/><N who="0" m="43633" /><T86/><DORA hai="92" /><D86/><U82/><E82/><N who="2" m="45431" /><F129/><W117/><G90/><T49/><D109/><U43/><E43/><V57/><F40/><W87/><G87/><T63/><D121/><U61/><E61/><V122/><F57/><W35/><G117/><T130/><D130/><U47/><E47/><V23/><F122/><W110/><G110/><T9/><D9/><U58/><E58/><V132/><F132/><W28/><G28/><T31/><D31/><U48/><E48/><V77/><F77/><W68/><G35/><T33/><D33/><U95/><E95/><V88/><F23/><W8/><G22/><T80/><D69/><U99/><E99/><V53/><F97/><W104/><G68/><T76/><D51/><U123/><E123/><V101/><F37/><W19/><G20/><T67/><D60/><U7/><E7/><V62/><F6/><W119/><G119/><T65/><D65/><N who="3" m="25193" /><G8/><T2/><D2/><N who="3" m="513" /><W12/><DORA hai="21" /><G12/><T91/><D91/><U128/><E128/><V78/><F88/><W32/><G32/><RYUUKYOKU ba="1,0" sc="157,-15,364,15,235,-15,244,15" hai1="17,24,25,70,71,72,73,81,83,93,94,125,127" hai3="16,19,54,56,104,105,107" />
</Scene>
<Scene>
<INIT seed="5,2,0,2,2,35" ten="142,379,220,259" oya="1" hai0="71,2,93,103,56,57,4,133,131,21,53,69,18" hai1="111,13,19,46,31,91,78,96,130,110,66,85,108" hai2="26,135,10,120,132,89,74,61,94,54,118,72,80" hai3="99,126,6,32,127,134,23,24,20,67,36,83,117"/><U75/><E130/><V17/><F120/><W76/><G36/><T122/><D122/><U63/><E31/><V124/><F118/><W43/><G43/><T22/><D131/><U12/><E96/><N who="2" m="57423" /><F124/><N who="3" m="47659" /><G117/><T90/><D133/><N who="2" m="51274" /><F80/><W128/><G134/><T29/><D103/><U113/><E113/><V60/><F10/><W73/><G128/><T48/><D29/><U112/><E112/><V102/><F102/><W45/><G45/><T47/><D69/><U1/><E46/><V50/><F61/><W123/><G123/><T51/><D71/><U9/><E78/><V109/><F60/><W34/><G67/><T121/><D121/><U14/><E75/><V95/><F95/><W97/><G6/><T7/><D2/><U33/><E1/><V11/><F109/><W88/><G20/><N who="0" m="7787" /><D18/><U3/><E3/><V55/><F17/><N who="3" m="12399" /><G99/><N who="0" m="57783" /><D57/><N who="1" m="37231" /><E33/><V39/><F39/><W100/><G88/><T59/><D56/><U86/><E86/><V105/><F74/><W64/><G64/><T42/><AGARI ba="2,0" hai="4,7,42,47,48,51,53,59" m="57783,7787" machi="42" ten="30,1100,0" yaku="8,1" doraHai="35" who="0" fromWho="0" sc="142,17,379,-7,220,-5,259,-5" />
</Scene>
<Scene>
<INIT seed="6,0,0,2,3,43" ten="159,372,215,254" oya="2" hai0="17,58,42,92,120,66,122,74,109,60,97,99,84" hai1="45,93,38,116,132,14,106,70,40,31,18,115,41" hai2="100,39,107,16,111,54,117,3,68,91,2,108,119" hai3="114,72,89,36,71,121,53,30,118,112,13,80,65"/><V55/><F68/><W67/><G118/><N who="2" m="45065" /><F39/><W124/><G121/><T62/><D74/><U130/><E106/><V19/><F91/><W113/><G124/><T57/><D109/><N who="2" m="42058" /><F100/><W81/><G36/><T59/><D42/><U87/><E70/><V90/><F90/><W51/><G71/><T77/><D17/><N who="2" m="6730" /><F107/><W75/><G89/><T5/><D99/><U103/><E116/><V96/><F96/><W8/><G80/><T6/><D120/><U46/><E103/><V23/><F23/><W7/><G81/><N who="0" m="47151" /><D122/><U83/><E83/><V33/><F33/><W34/><G34/><T15/><D59/><U1/><E38/><V133/><F133/><W104/><G104/><T20/><D92/><U47/><E132/><V12/><F12/><W123/><G123/><T63/><D63/><U35/><E35/><V61/><F61/><W82/><G72/><T131/><D97/><U105/><E93/><V127/><F127/><W86/><G86/><T129/><D62/><U4/><E87/><V125/><F125/><W73/><G73/><T49/><D58/><U102/><E102/><V134/><F134/><W24/><G75/><T22/><D49/><U78/><E105/><V29/><F29/><W50/><G82/><T26/><D15/><U88/><E31/><V52/><AGARI ba="0,0" hai="2,3,52,54,55" m="6730,42058,45065" machi="52" ten="40,12000,1" yaku="28,2,10,1,54,2" doraHai="43" who="2" fromWho="2" sc="159,-40,372,-40,215,120,254,-40" />
</Scene>
<Scene>
<INIT seed="6,1,0,5,1,103" ten="119,332,335,214" oya="2" hai0="116,97,25,22,28,43,90,120,58,88,81,38,94" hai1="71,59,32,135,96,47,37,39,2,56,117,5,7" hai2="19,77,78,51,73,131,18,112,83,123,101,65,75" hai3="125,113,3,27,86,93,26,40,13,49,70,118,53"/><V111/><F123/><W52/><G3/><T24/><D120/><U74/><E117/><V62/><F112/><W84/><G118/><T42/><D116/><U115/><E74/><V31/><F31/><W82/><G70/><T0/><D0/><U87/><E71/><V12/><F131/><W106/><G106/><T108/><D108/><U30/><E32/><V54/><F101/><W46/><G113/><T85/><D38/><U21/><E2/><V44/><F111/><W66/><G66/><T92/><D25/><N who="3" m="9225" /><G125/><T61/><REACH who="0" step="1"/><D81/><REACH who="0" ten="109,332,335,214" step="2"/><U126/><E39/><V109/><F109/><W45/><G13/><T29/><D29/><U20/><E37/><V17/><F12/><W14/><G14/><T91/><D91/><U114/><E30/><V110/><F110/><W48/><G82/><T89/><D89/><U128/><E128/><V119/><F119/><W72/><G72/><T99/><D99/><U36/><E96/><V124/><F75/><W57/><G93/><T15/><D15/><U6/><E36/><V63/><F73/><W35/><G35/><T107/><D107/><U67/><E115/><V121/><F83/><W95/><G95/><T16/><D16/><U79/><E114/><V10/><F121/><W129/><G129/><T100/><D100/><U132/><E5/><V11/><F19/><W105/><G105/><T34/><D34/><U98/><E6/><V50/><F18/><W1/><G1/><T9/><D9/><U104/><E7/><V8/><F17/><W134/><G134/><T130/><D130/><U64/><E135/><V76/><F10/><RYUUKYOKU ba="1,1" sc="109,15,332,-15,335,-15,214,15" hai0="22,24,28,42,43,58,61,85,88,90,92,94,97" hai3="40,45,46,48,49,52,53,57,84,86" />
</Scene>
<Scene>
<INIT seed="7,2,1,2,2,129" ten="124,317,320,229" oya="3" hai0="11,103,109,58,12,60,7,52,124,24,117,13,121" hai1="61,120,130,55,96,29,92,20,126,17,128,56,39" hai2="68,51,43,18,74,134,21,87,6,133,105,46,131" hai3="108,79,53,37,3,102,83,94,48,88,91,16,99"/><W62/><G37/><T95/><D109/><U49/><E120/><V113/><F74/><W101/><G3/><T28/><D117/><U114/><E114/><V15/><F131/><N who="1" m="50217" /><E39/><V9/><F113/><W89/><G108/><T112/><D112/><U116/><E29/><V50/><F68/><W5/><G5/><T76/><D124/><U84/><E84/><V135/><F105/><W123/><G123/><T110/><D110/><U78/><E78/><V119/><F119/><W57/><G101/><T47/><D121/><U34/><E34/><V115/><F115/><W107/><G16/><T63/><D76/><U90/><E126/><V54/><F87/><W106/><REACH who="3" step="1"/><G48/><REACH who="3" ten="124,317,320,219" step="2"/><T10/><D47/><U86/><E116/><V59/><REACH who="2" step="1"/><F135/><REACH who="2" ten="124,317,310,219" step="2"/><W26/><G26/><AGARI ba="2,3" hai="6,9,15,18,21,26,43,46,50,51,54,59,133,134" machi="26" ten="40,8000,1" yaku="1,1,2,1,52,2,53,1" doraHai="129" doraHaiUra="41" who="2" fromWho="3" sc="124,0,317,0,310,116,219,-86" owari="124,-38.0,317,12.0,426,53.0,133,-27.0" />
</Scene>
</mjloggm>