<mjloggm ver="2.3"><GO type="169" lobby="0"/><UN n0="%E3%83%A4%E3%82%AD%E3%83%B3" n1="%E8%85%B9%E7%97%9B%E3%81%AE%E3%83%8B%E3%82%B3%E3%83%90%E3%83%B3" n2="%E5%A4%AA%E3%81%8F%E3%81%AA%E3%81%84%E3%81%8A" n3="%E9%BB%92%E7%8C%AB%EF%BC%BE%EF%BC%8D%EF%BC%BE" dan="18,16,17,16" rate="2217.07,2087.48,2217.34,2127.73" sx="M,M,M,M"/><TAIKYOKU oya="0"/>

<Scene>
<INIT seed="0,0,0,2,4,73" ten="250,250,250,250" oya="0" hai0="83,105,127,38,123,59,26,72,20,49,10,23,131" hai1="111,1,82,118,71,121,56,3,31,30,22,12,66" hai2="53,9,29,112,69,86,117,13,2,44,67,7,128" hai3="91,110,35,106,92,8,80,79,63,108,90,113,14"/><T126/><D38/><U102/><E118/><V134/><F112/><W57/><G35/><T130/><D105/><U100/><E71/><V40/><F117/><W43/><G43/><T114/><D114/><U101/><E121/><V135/><F128/><N who="0" m="49194" /><D123/><U55/><E66/><V88/><F29/><W99/><G106/><T24/><D10/><U93/><E93/><V25/><F25/><N who="0" m="9834" /><D59/><U37/><E37/><V50/><F2/><W18/><G113/><T32/><D49/><U124/><E1/><V107/><F107/><W54/><REACH who="3" step="1"/><G91/><REACH who="3" ten="250,250,250,240" step="2"/><T70/><D127/><U122/><E124/><V48/><F40/><W87/><AGARI ba="0,1" hai="8,14,18,54,57,63,79,80,87,90,92,99,108,110" machi="87" ten="30,7900,0" yaku="1,1,2,1,0,1,52,1,53,0" doraHai="73" doraHaiUra="132" who="3" fromWho="3" sc="250,-39,250,-20,250,-20,240,89" />
</Scene>
<Scene>
<INIT seed="1,0,0,0,4,30" ten="211,230,230,329" oya="1" hai0="89,14,55,109,39,16,47,130,61,52,135,18,84" hai1="90,126,92,98,82,123,32,59,93,0,13,122,38" hai2="25,33,60,66,96,80,81,58,105,63,1,40,69" hai3="64,101,99,128,76,31,53,20,78,83,26,125,6"/><U103/><E0/><V67/><F40/><W57/><G125/><T21/><D109/><U7/><E38/><V48/><F48/><W74/><G128/><T121/><D130/><U51/><E126/><V71/><F58/><W36/><G36/><T62/><D135/><U28/><E82/><V91/><F1/><W100/><G76/><T94/><D121/><U29/><E123/><V50/><F50/><W2/><G64/><T34/><D34/><U54/><E32/><V107/><F91/><W116/><G116/><T3/><D3/><U131/><E131/><V35/><F25/><W112/><G112/><T118/><D118/><U44/><E44/><V15/><F15/><W22/><G99/><AGARI ba="0,0" hai="33,35,60,63,66,67,69,71,80,81,96,99,105,107" machi="99" ten="25,6400,0" yaku="22,2,52,2" doraHai="30" who="2" fromWho="3" sc="211,0,230,0,230,64,329,-64" />
</Scene>
<Scene>
<INIT seed="2,0,0,4,4,52" ten="211,230,294,265" oya="2" hai0="94,44,9,129,21,108,111,73,110,103,7,26,57" hai1="49,124,133,120,119,123,16,61,132,84,3,11,88" hai2="17,42,78,101,62,50,2,81,64,109,83,1,128" hai3="89,39,85,72,0,45,92,41,22,68,67,112,55"/><V18/><F128/><W117/><G117/><T40/><D73/><U135/><E119/><V100/><F109/><W63/><G112/><T79/><D79/><U113/><E113/><V27/><F42/><W43/><G72/><T36/><D129/><U66/><E49/><V131/><F50/><W97/><G0/><T118/><D118/><U46/><E46/><V8/><F131/><W23/><G43/><T86/><D103/><U74/><E74/><V4/><F2/><W19/><G55/><T95/><D86/><U106/><E106/><V25/><F25/><W65/><G65/><T122/><D122/><N who="1" m="46635" /><E124/><V105/><F27/><W121/><G121/><T90/><D90/><U51/><E51/><V29/><F29/><W127/><G127/><T116/><D116/><U37/><E37/><V32/><F32/><W130/><G130/><T76/><D76/><U6/><E16/><V126/><F126/><W31/><G31/><N who="0" m="17871" /><D9/><U59/><E84/><V58/><F78/><W80/><REACH who="3" step="1"/><G19/><REACH who="3" ten="211,230,294,255" step="2"/><T24/><D7/><U60/><E60/><V15/><F18/><W35/><G35/><T134/><D40/><U70/><E70/><V93/><F17/><W96/><G96/><T38/><D38/><U77/><E77/><AGARI ba="0,1" hai="22,23,39,41,45,63,67,68,77,80,85,89,92,97" machi="77" ten="30,2000,0" yaku="1,1,7,1,53,0" doraHai="52" doraHaiUra="30" who="3" fromWho="1" sc="211,0,230,-20,294,0,255,30" />
</Scene>
<Scene>
<INIT seed="3,0,0,1,1,104" ten="211,210,294,285" oya="3" hai0="90,65,18,121,17,75,28,112,71,86,108,102,128" hai1="32,20,119,22,84,24,76,98,99,14,82,106,12" hai2="64,77,34,127,94,103,48,113,37,36,87,15,54" hai3="132,129,67,110,122,95,57,19,117,60,49,42,100"/><W59/><G122/><T111/><D121/><U8/><E119/><V135/><F113/><W26/><G117/><T123/><D123/><U74/><E32/><V6/><F34/><W118/><G118/><T126/><D28/><U66/><E106/><V55/><F64/><W38/><G38/><T109/><D102/><U130/><E66/><V116/><F116/><W3/><G3/><T81/><D126/><U91/><E130/><V46/><F127/><W97/><G129/><T78/><D112/><U16/><E14/><V39/><F135/><W89/><G132/><T43/><D43/><U11/><E11/><N who="2" m="4599" /><F94/><W30/><G19/><N who="0" m="7179" /><D128/><U40/><E40/><N who="2" m="24647" /><F103/><W92/><G110/><T21/><D21/><U7/><REACH who="1" step="1"/><E20/><REACH who="1" ten="211,200,294,285" step="2"/><V131/><F131/><W52/><G42/><T41/><D41/><U50/><E50/><V114/><F114/><W0/><G0/><T25/><D25/><U63/><E63/><V5/><F5/><W51/><G51/><T29/><D65/><U45/><E45/><V44/><F44/><W56/><G26/><T69/><D29/><U35/><E35/><V101/><F54/><W96/><REACH who="3" step="1"/><G30/><REACH who="3" ten="211,200,294,275" step="2"/><T61/><D61/><U9/><E9/><V33/><F37/><W47/><AGARI ba="0,2" hai="47,49,52,56,57,59,60,67,89,92,95,96,97,100" machi="47" ten="20,18000,2" yaku="1,1,2,1,0,1,7,1,8,1,54,1,53,0" doraHai="104" doraHaiUra="1" who="3" fromWho="3" sc="211,-60,200,-60,294,-60,275,200" />
</Scene>
<Scene>
<INIT seed="3,1,0,5,1,105" ten="151,140,234,475" oya="3" hai0="48,21,40,69,134,108,51,36,74,130,97,28,92" hai1="0,61,4,31,49,47,120,71,85,102,55,18,113" hai2="81,65,79,82,44,117,6,59,121,54,129,106,89" hai3="3,93,35,98,68,42,58,75,38,26,123,10,76"/><W24/><G68/><T13/><D69/><U11/><E113/><V96/><F117/><W14/><G123/><T19/><D108/><U1/><E31/><V33/><F33/><W15/><G58/><T86/><D134/><U133/><E133/><V20/><F121/><W135/><G135/><T27/><D74/><U131/><E131/><V72/><F129/><W90/><G35/><T22/><D130/><U118/><E118/><V12/><F65/><W60/><G60/><T39/><D40/><U100/><E0/><V126/><F126/><W104/><G104/><T77/><D39/><U119/><E119/><V103/><F44/><N who="3" m="23639" /><G15/><T70/><D36/><U111/><E111/><V124/><F124/><W23/><G14/><T95/><D70/><U80/><E18/><V63/><F20/><W101/><G101/><N who="0" m="60583" /><D95/><U88/><REACH who="1" step="1"/><E120/><REACH who="1" ten="151,130,234,475" step="2"/><V107/><F6/><W32/><G3/><T29/><D29/><U109/><E109/><V94/><F12/><W34/><G34/><T128/><D128/><U115/><E115/><V5/><F5/><W66/><G32/><T91/><D91/><U56/><E56/><V125/><F125/><W41/><G90/><T127/><D127/><U43/><E43/><V84/><AGARI ba="1,1" hai="54,59,63,72,79,81,82,84,89,94,96,103,106,107" machi="84" ten="30,2000,0" yaku="0,1,52,1" doraHai="105" who="2" fromWho="2" sc="151,-6,130,-6,234,33,475,-11" />
</Scene>
<Scene>
<INIT seed="4,0,0,3,0,55" ten="145,124,267,464" oya="0" hai0="126,57,28,79,60,40,3,101,95,39,23,109,2" hai1="128,85,96,4,36,84,129,16,111,29,7,123,19" hai2="9,21,38,64,27,76,99,63,74,44,51,37,97" hai3="116,41,122,53,91,98,58,30,133,75,50,56,59"/><T66/><D126/><U25/><E111/><V110/><F110/><W11/><G116/><T112/><D109/><U78/><E36/><V67/><F74/><W5/><G75/><T12/><D79/><U118/><E118/><V120/><F120/><W119/><G119/><T100/><D112/><U132/><E123/><V92/><F76/><W62/><G122/><T89/><D39/><U93/><E132/><V54/><F9/><W49/><G133/><T10/><D40/><U115/><E115/><V72/><F72/><W47/><G30/><T81/><D81/><N who="1" m="47159" /><E85/><V14/><F14/><N who="3" m="5487" /><G62/><T125/><D125/><U22/><E129/><V42/><F64/><W68/><G68/><T82/><D82/><U131/><E131/><V77/><F77/><W106/><G106/><T113/><D113/><U45/><E45/><V104/><F104/><W134/><G134/><T114/><D114/><U24/><E128/><V108/><F108/><W70/><G70/><T86/><D3/><U80/><E80/><V17/><F97/><W8/><G8/><T13/><D2/><U105/><E105/><V52/><F38/><W35/><G35/><T117/><D117/><U31/><E31/><V94/><F37/><W130/><G130/><T33/><D33/><N who="1" m="20647" /><E19/><V0/><F0/><W127/><G127/><T43/><D28/><U87/><E96/><V124/><F124/><W65/><G65/><T73/><D73/><U103/><E103/><N who="2" m="60903" /><F94/><AGARI ba="0,0" hai="41,47,49,50,53,56,58,59,91,94,98" m="5487" machi="94" ten="30,7700,0" yaku="8,1,52,3" doraHai="55" who="3" fromWho="2" sc="145,0,124,0,267,-77,464,77" />
</Scene>
<Scene>
<INIT seed="5,0,0,5,4,44" ten="145,124,190,541" oya="1" hai0="112,88,87,51,22,104,39,128,58,93,132,8,84" hai1="129,42,134,91,54,59,15,21,74,119,30,29,90" hai2="122,24,131,45,57,135,50,5,80,89,76,92,61" hai3="13,101,49,86,73,36,115,31,118,125,34,6,109"/><U20/><E119/><V78/><F122/><W14/><G36/><T63/><D104/><U110/><E74/><V41/><F135/><W77/><G73/><T62/><D39/><U105/><E105/><V10/><F131/><W38/><G38/><T102/><D112/><U123/><E123/><V46/><F46/><W60/><G101/><T99/><D132/><U127/><E129/><V47/><F47/><W0/><G115/><T26/><D8/><U114/><E114/><V12/><F24/><W28/><G60/><N who="0" m="23083" /><D128/><U107/><E107/><V113/><F80/><W126/><G86/><T9/><D9/><U69/><E69/><V64/><F113/><W17/><G77/><T83/><D87/><AGARI ba="0,0" hai="5,10,12,41,45,50,57,61,64,76,78,87,89,92" machi="87" ten="30,3900,0" yaku="7,1,8,1,52,1" doraHai="44" who="2" fromWho="0" sc="145,-39,124,0,190,39,541,0" />
</Scene>
<Scene>
<INIT seed="6,0,0,1,1,13" ten="106,124,229,541" oya="2" hai0="126,114,97,104,59,44,106,42,52,34,0,102,46" hai1="131,125,96,111,61,29,132,26,5,101,3,110,22" hai2="74,98,95,112,75,66,47,2,27,62,24,17,113" hai3="41,94,35,88,14,135,82,40,68,80,55,105,93"/><V79/><F2/><W36/><G105/><T65/><D0/><U58/><E132/><V69/><F47/><W33/><G68/><T134/><D34/><U133/><E133/><V89/><F79/><W11/><G55/><T43/><D134/><U21/><E131/><V78/><F78/><W103/><G135/><T32/><D32/><U108/><E125/><V90/><F90/><W16/><G33/><T73/><D73/><N who="2" m="27658" /><F17/><W81/><G35/><T15/><D126/><U51/><E51/><V118/><F118/><W19/><G36/><T117/><D117/><U107/><E22/><V109/><F109/><W63/><G63/><T30/><D65/><U87/><E87/><V7/><F7/><W48/><G48/><T25/><D46/><U57/><REACH who="1" step="1"/><E61/><REACH who="1" ten="106,114,229,541" step="2"/><V70/><F62/><W76/><G76/><T86/><D86/><U72/><E72/><V10/><F112/><W31/><G41/><T130/><D114/><U121/><E121/><V92/><F113/><W53/><G40/><T28/><D130/><U56/><E56/><V77/><F70/><W9/><G9/><AGARI ba="0,1" hai="3,5,9,21,26,29,57,58,96,101,107,108,110,111" machi="9" ten="40,2600,0" yaku="1,1,53,1" doraHai="13" doraHaiUra="100" who="1" fromWho="3" sc="106,0,114,36,229,0,541,-26" />
</Scene>
<Scene>
<INIT seed="7,0,0,1,1,46" ten="106,150,229,515" oya="3" hai0="134,45,75,99,25,100,49,65,38,116,85,77,8" hai1="82,36,115,127,110,19,78,71,52,9,98,27,40" hai2="50,66,112,28,76,20,90,118,113,29,89,68,120" hai3="102,53,3,126,125,86,0,122,61,92,62,54,10"/><W39/><G122/><T105/><D116/><U74/><E110/><V119/><F120/><W16/><G39/><T21/><D134/><U33/><E71/><V111/><F111/><W12/><G102/><T57/><D75/><U72/><E72/><V41/><F76/><W2/><G92/><T35/><D35/><U114/><E127/><N who="3" m="48650" /><G86/><T129/><D129/><U81/><E81/><V128/><F20/><W48/><G54/><T130/><D130/><U22/><E33/><V84/><F29/><W30/><G30/><T109/><D109/><U79/><E79/><V106/><F68/><W24/><G24/><T70/><D70/><U31/><E98/><V1/><F1/><W131/><G131/><T91/><D77/><U104/><E104/><V59/><F59/><AGARI ba="0,0" hai="0,2,3,10,12,16,48,53,59,61,62" m="48650" machi="59" ten="40,7700,0" yaku="18,1,52,1,54,1" doraHai="46" who="3" fromWho="2" sc="106,0,150,0,229,-77,515,77" owari="106,-39.0,150,-25.0,152,-5.0,592,69.0" />
</Scene>
</mjloggm>