<mjloggm ver="2.3"><GO type="169" lobby="0"/><UN n0="%E3%81%9D%E3%82%89%E8%B1%86%E5%85%88%E7%94%9F" n1="%E3%83%AD%E3%83%83%E3%83%86%E9%9B%80%EF%BC%84%E6%94%B9" n2="%E5%A4%AA%E3%81%8F%E3%81%AA%E3%81%84%E3%81%8A" n3="%73%70%6F%69%6C%65%64" dan="17,17,18,17" rate="2162.34,2244.33,2187.11,2202.99" sx="M,M,M,F"/><TAIKYOKU oya="0"/>

<Scene>
<INIT seed="0,0,0,3,2,132" ten="250,250,250,250" oya="0" hai0="58,52,32,113,35,127,25,96,105,51,124,94,3" hai1="50,21,37,1,12,44,95,109,89,129,135,80,54" hai2="22,123,91,63,88,61,99,40,71,41,106,101,90" hai3="5,87,26,83,72,75,38,65,134,116,76,53,100"/><T108/><D113/><U20/><E109/><V98/><F123/><W27/><G116/><T102/><D3/><U64/><E1/><V84/><F84/><W125/><G38/><T131/><D131/><U59/><E129/><V66/><F98/><W55/><G134/><T92/><D108/><U67/><E135/><V46/><F46/><W2/><G100/><T70/><D70/><U56/><E80/><V103/><F103/><W6/><G65/><N who="1" m="25162" /><E37/><V19/><REACH who="2" step="1"/><F63/><REACH who="2" ten="250,250,240,250" step="2"/><W117/><G87/><T42/><D42/><U36/><E36/><V115/><F115/><W4/><G75/><T30/><REACH who="0" step="1"/><D35/><REACH who="0" ten="240,250,240,250" step="2"/><U31/><E44/><V11/><F11/><W128/><G128/><T7/><D7/><U45/><E45/><V120/><F120/><W47/><G5/><T69/><D69/><U77/><E59/><V112/><F112/><W118/><G6/><T86/><D86/><U60/><E56/><V78/><F78/><W81/><G4/><T85/><D85/><U10/><E77/><V14/><AGARI ba="0,2" hai="14,19,22,40,41,61,66,71,88,90,91,99,101,106" machi="14" ten="30,4000,0" yaku="1,1,0,1,54,1,53,0" doraHai="132" doraHaiUra="68" who="2" fromWho="2" sc="240,-20,250,-10,240,60,250,-10" />
</Scene>
<Scene>
<INIT seed="1,0,0,5,3,12" ten="220,240,300,240" oya="1" hai0="83,118,65,51,23,17,82,135,22,130,104,133,29" hai1="113,86,55,89,127,34,96,124,87,9,128,15,45" hai2="71,44,102,11,10,14,20,119,90,76,97,81,31" hai3="107,109,43,67,26,48,24,42,68,111,25,74,19"/><U21/><E113/><V54/><F71/><W122/><G74/><T85/><D118/><U37/><E34/><V95/><F119/><W5/><G107/><T2/><D2/><U66/><E128/><V32/><F32/><W93/><G5/><T92/><D104/><U115/><E115/><V35/><F35/><W58/><G122/><T116/><D116/><U59/><E21/><V106/><F54/><N who="3" m="32071" /><G93/><T40/><D130/><U70/><E70/><V16/><F44/><W78/><G78/><T99/><D65/><U79/><E66/><V103/><F31/><W49/><G49/><T69/><D69/><U33/><E33/><V27/><F106/><W126/><G126/><N who="1" m="48170" /><E79/><V112/><F112/><W63/><G19/><T3/><D3/><U72/><E72/><V114/><F114/><W120/><G120/><T131/><D131/><U57/><E96/><V28/><REACH who="2" step="1"/><F11/><REACH who="2" ten="220,240,290,240" step="2"/><W132/><G68/><T77/><D29/><U56/><E55/><V98/><F98/><W134/><G43/><T84/><D133/><U60/><E60/><V53/><F53/><W110/><G42/><T6/><D135/><N who="3" m="51753" /><G63/><T75/><D40/><N who="1" m="22671" /><E89/><V50/><F50/><W52/><G52/><T125/><D51/><U38/><E38/><V94/><F94/><W46/><G67/><T39/><D39/><U41/><E41/><V100/><F100/><W101/><G46/><T0/><D125/><U4/><AGARI ba="0,1" hai="4,9,15,56,57,59,86,87" m="22671,48170" machi="4" ten="30,1500,0" yaku="18,1" doraHai="12" who="1" fromWho="1" sc="220,-5,240,25,290,-5,240,-5" />
</Scene>
<Scene>
<INIT seed="1,1,0,5,4,19" ten="215,265,285,235" oya="1" hai0="39,49,3,5,0,94,42,11,120,112,68,134,43" hai1="71,7,28,119,38,46,132,18,80,47,125,30,55" hai2="16,98,12,99,129,81,61,45,103,59,77,62,35" hai3="104,86,78,29,87,73,36,15,37,63,126,90,66"/><U88/><E119/><V130/><F35/><W72/><G104/><T121/><D112/><U105/><E105/><V109/><F45/><W20/><G126/><T8/><D68/><U91/><E125/><V27/><F27/><W40/><G86/><T2/><D134/><U83/><E132/><V75/><F109/><W10/><G40/><N who="0" m="15403" /><D49/><N who="1" m="29111" /><E71/><V135/><F135/><W76/><G73/><T25/><D94/><U22/><E47/><V34/><F34/><W31/><G72/><T51/><D51/><U107/><E107/><V114/><F114/><W82/><G37/><T1/><D39/><U116/><E7/><V26/><F62/><W13/><G36/><T60/><D60/><U127/><E127/><V79/><F61/><W6/><G31/><N who="1" m="11818" /><E116/><V64/><F75/><W131/><G131/><T32/><D32/><U92/><E38/><V93/><F130/><W113/><G113/><T52/><D52/><U95/><E95/><V54/><F93/><W21/><G29/><T97/><D97/><N who="1" m="57479" /><E91/><V4/><F129/><W84/><G84/><T128/><D128/><U58/><E58/><V101/><F59/><N who="3" m="37247" /><G15/><AGARI ba="1,0" hai="15,18,22,80,83" m="57479,11818,29111" machi="15" ten="30,5800,0" yaku="8,1,52,1,54,1" doraHai="19" who="1" fromWho="3" sc="215,0,265,61,285,0,235,-61" />
</Scene>
<Scene>
<INIT seed="1,2,0,3,0,52" ten="215,326,285,174" oya="1" hai0="39,7,36,12,80,69,35,74,32,55,82,64,110" hai1="50,92,23,102,21,15,67,16,83,34,77,124,37" hai2="10,8,14,127,42,115,117,134,20,56,0,106,90" hai3="31,131,22,126,101,1,76,30,40,62,24,18,6"/><U26/><E124/><V66/><F117/><W4/><G31/><T130/><D110/><U54/><E34/><V105/><F42/><W125/><G40/><T49/><D130/><U72/><E37/><V84/><F127/><N who="3" m="48651" /><G76/><T61/><D35/><U120/><E67/><V104/><F134/><W114/><G101/><T45/><D32/><U122/><E92/><V47/><F47/><W99/><G99/><T11/><REACH who="0" step="1"/><D74/><REACH who="0" ten="205,326,285,174" step="2"/><U19/><REACH who="1" step="1"/><E102/><REACH who="1" ten="205,316,285,174" step="2"/><V63/><F115/><W51/><G131/><T68/><D68/><U100/><E100/><V57/><F105/><W112/><G114/><T59/><D59/><AGARI ba="2,2" hai="15,16,19,21,23,26,50,54,59,72,77,83,120,122" machi="59" ten="30,11600,0" yaku="1,1,7,1,52,1,54,1,53,0" doraHai="52" doraHaiUra="109" who="1" fromWho="0" sc="205,-122,316,142,285,0,174,0" />
</Scene>
<Scene>
<INIT seed="1,3,0,0,4,32" ten="83,458,285,174" oya="1" hai0="81,94,73,43,23,72,44,74,128,53,65,124,110" hai1="135,68,101,78,119,61,93,96,45,25,47,35,120" hai2="14,107,82,116,70,18,109,27,102,100,90,130,20" hai3="66,105,121,57,104,54,67,56,133,51,55,9,22"/><U3/><E3/><V49/><F116/><W17/><G121/><T80/><D110/><U42/><E120/><V123/><F123/><W41/><G41/><T95/><D124/><U84/><E119/><V19/><F70/><W24/><G133/><T132/><D132/><U118/><E135/><V2/><F109/><W59/><G9/><T37/><D128/><U89/><E78/><V97/><F130/><W127/><G127/><T16/><D65/><N who="3" m="24585" /><G105/><T48/><D80/><U5/><E5/><V21/><F100/><W4/><G104/><T0/><D0/><U30/><E68/><V58/><F2/><W13/><G51/><T87/><D43/><U29/><E61/><V6/><F6/><W38/><G38/><T12/><REACH who="0" step="1"/><D37/><REACH who="0" ten="73,458,285,174" step="2"/><U36/><E36/><V46/><F82/><W113/><G113/><T77/><AGARI ba="3,1" hai="12,16,23,44,48,53,72,73,74,77,81,87,94,95" machi="77" ten="30,7900,0" yaku="1,1,2,1,0,1,54,1,53,0" doraHai="32" doraHaiUra="114" who="0" fromWho="0" sc="73,98,458,-42,285,-23,174,-23" />
</Scene>
<Scene>
<INIT seed="2,0,0,0,5,1" ten="171,416,262,151" oya="2" hai0="106,84,62,91,133,116,71,78,117,123,10,51,95" hai1="126,109,129,80,7,30,93,35,40,49,12,41,89" hai2="45,15,115,44,130,131,135,54,87,114,17,81,121" hai3="124,70,100,61,99,22,132,127,98,59,125,36,26"/><V24/><F121/><W14/><G36/><T69/><D123/><U111/><E126/><V60/><F24/><W28/><G70/><T2/><D106/><U42/><E80/><V46/><F135/><W4/><G132/><T68/><D133/><U58/><E129/><N who="2" m="49163" /><F60/><W79/><G79/><T57/><D51/><U13/><E30/><V20/><F54/><W29/><G29/><T67/><REACH who="0" step="1"/><D78/><AGARI ba="0,0" hai="15,17,20,44,45,46,78,81,87,114,115" m="49163" machi="78" ten="30,1500,0" yaku="19,1" doraHai="1" who="2" fromWho="0" sc="171,-15,416,0,262,15,151,0" />
</Scene>
<Scene>
<INIT seed="2,1,0,1,4,51" ten="156,416,277,151" oya="2" hai0="134,18,112,127,104,36,85,83,34,66,94,30,22" hai1="92,45,73,3,119,95,123,89,49,135,39,121,68" hai2="133,57,105,116,128,7,114,70,76,81,10,53,42" hai3="28,86,109,131,15,72,54,102,19,75,93,20,14"/><V63/><F116/><W43/><G109/><T64/><D112/><U48/><E135/><V40/><F114/><W130/><G28/><T59/><D104/><U6/><E119/><V32/><F32/><W79/><G43/><T65/><D36/><U113/><E113/><V9/><F105/><W13/><G102/><T5/><D134/><U31/><E31/><V46/><F133/><W37/><G37/><T74/><D127/><U77/><E68/><V132/><F132/><W106/><G106/><T97/><D74/><U16/><E49/><V88/><F70/><W124/><G124/><T35/><D5/><U99/><E95/><V21/><F128/><N who="3" m="49195" /><G54/><T23/><D30/><U56/><E56/><V69/><F69/><W101/><G101/><N who="0" m="60599" /><D34/><U87/><E6/><V0/><F10/><W8/><G8/><T26/><D23/><U98/><E3/><V60/><F21/><W24/><G93/><T52/><D35/><U29/><E92/><V110/><F110/><W55/><G55/><T67/><D67/><U126/><E29/><V11/><F11/><W12/><N who="3" m="3072" /><DORA hai="96" /><W120/><G120/><T2/><D2/><U122/><E122/><V80/><F42/><W82/><AGARI ba="1,0" hai="19,20,24,72,75,79,82,86" m="3072,49195" machi="82" ten="50,1600,0" yaku="19,1" doraHai="51,96" who="3" fromWho="3" sc="156,-5,416,-5,277,-9,151,19" />
</Scene>
<Scene>
<INIT seed="3,0,0,1,1,16" ten="151,411,268,170" oya="3" hai0="8,56,34,113,10,89,84,44,40,97,125,120,65" hai1="76,88,130,7,134,116,51,55,111,53,41,61,98" hai2="121,109,100,17,91,13,18,26,69,35,132,43,12" hai3="74,101,63,21,52,67,2,58,66,99,42,25,81"/><W27/><G2/><T90/><D120/><U70/><E111/><V115/><F69/><W122/><G42/><T78/><D34/><U5/><E130/><V85/><F115/><W75/><G122/><T94/><D125/><U38/><E38/><V59/><F121/><W72/><G81/><T3/><D78/><U129/><E134/><V36/><F100/><W30/><REACH who="3" step="1"/><G27/><REACH who="3" ten="151,411,268,160" step="2"/><T68/><D3/><U19/><E116/><V28/><F43/><W11/><G11/><T126/><D113/><U95/><E129/><V102/><F26/><W103/><G103/><T29/><D10/><U104/><E5/><V92/><F102/><W46/><G46/><T45/><D8/><U93/><E7/><V0/><F0/><W60/><G60/><N who="0" m="39975" /><D126/><U32/><E61/><V71/><F12/><W110/><G110/><T1/><D1/><U87/><E104/><AGARI ba="0,1" hai="21,25,30,52,58,63,66,67,72,74,75,99,101,104" machi="104" ten="40,7700,0" yaku="1,1,52,1,54,1,53,0" doraHai="16" doraHaiUra="77" who="3" fromWho="1" sc="151,0,411,-77,268,0,160,87" />
</Scene>
<Scene>
<INIT seed="3,1,0,5,2,74" ten="151,334,268,247" oya="3" hai0="31,53,6,80,10,85,58,133,101,113,4,78,94" hai1="34,93,122,28,42,23,127,32,84,62,110,73,111" hai2="103,65,132,27,33,0,125,45,128,44,29,114,15" hai3="96,129,1,55,54,87,61,134,70,24,90,16,21"/><W102/><G1/><T8/><D133/><U2/><E73/><V123/><F114/><W51/><G134/><T22/><D113/><U38/><E122/><V40/><F132/><W109/><G129/><T135/><D135/><U13/><E2/><V60/><F0/><W99/><G109/><N who="1" m="41482" /><E127/><V18/><F125/><W119/><G119/><T37/><D37/><U108/><E108/><V67/><F128/><W95/><G102/><T12/><D31/><U63/><E42/><V59/><F123/><W47/><REACH who="3" step="1"/><G70/><REACH who="3" ten="151,334,268,237" step="2"/><T19/><D6/><U92/><E34/><V117/><F103/><W97/><G97/><N who="0" m="59575" /><D4/><U17/><E32/><V86/><F117/><W76/><G76/><T41/><D41/><U48/><E93/><V107/><F40/><W66/><G66/><T25/><D25/><U11/><E92/><V7/><F7/><W5/><G5/><T124/><D124/><U69/><E69/><V83/><F67/><W115/><G115/><T104/><D104/><U64/><E64/><V91/><F107/><W49/><G49/><AGARI ba="1,1" hai="8,10,12,19,22,49,53,58,78,80,85" m="59575" machi="49" ten="30,2000,0" yaku="8,1,52,1" doraHai="74" who="0" fromWho="3" sc="151,33,334,0,268,0,237,-23" />
</Scene>
<Scene>
<INIT seed="4,0,0,0,0,119" ten="184,334,268,214" oya="0" hai0="19,37,90,104,89,93,128,25,132,110,117,14,47" hai1="11,52,64,29,122,134,0,8,88,68,45,60,102" hai2="74,35,4,127,15,54,26,109,43,6,116,98,10" hai3="100,86,105,51,82,91,33,40,123,69,125,34,65"/><T129/><D117/><U32/><E122/><V114/><F74/><W17/><G125/><T13/><D104/><U133/><E102/><V85/><F116/><W24/><G17/><T70/><D70/><U96/><E29/><V44/><F109/><W46/><G24/><T81/><D110/><U131/><E32/><V95/><F54/><W56/><G69/><T49/><D37/><U59/><E45/><V2/><F85/><W108/><G108/><T106/><D106/><U87/><E96/><V111/><F111/><W3/><G3/><T55/><D132/><N who="1" m="50795" /><E0/><V23/><F35/><W67/><G67/><T84/><D129/><U75/><E75/><V9/><F127/><W77/><G77/><T121/><D128/><U113/><E113/><V31/><F114/><W20/><G20/><N who="0" m="13471" /><D121/><U16/><E16/><V39/><F98/><AGARI ba="0,0" hai="13,14,47,49,55,81,84,89,90,93,98" m="13471" machi="98" ten="30,1500,0" yaku="8,1" doraHai="119" who="0" fromWho="2" sc="184,15,334,0,268,-15,214,0" />
</Scene>
<Scene>
<INIT seed="4,1,0,0,3,56" ten="199,334,253,214" oya="0" hai0="82,25,45,86,116,119,125,29,62,49,26,48,17" hai1="108,73,15,111,126,132,39,70,84,14,7,58,135" hai2="128,101,102,68,11,43,51,107,98,75,20,61,34" hai3="67,117,118,94,52,0,4,106,91,42,35,64,1"/><T16/><D125/><U21/><E73/><V96/><F34/><W10/><G106/><T44/><D119/><U112/><E70/><V23/><F75/><W77/><G35/><T9/><D116/><U41/><E39/><V103/><F128/><W31/><G31/><T133/><D133/><N who="1" m="51275" /><E41/><V76/><F76/><W46/><G1/><T30/><D9/><N who="1" m="4415" /><E84/><V89/><F11/><W123/><G123/><T72/><D72/><U81/><E81/><V114/><F43/><W113/><G77/><T27/><D62/><U78/><E78/><V121/><F68/><W99/><G118/><T66/><D66/><U40/><E40/><V32/><F61/><W74/><G74/><T129/><D129/><U53/><E126/><V105/><F98/><W63/><G117/><T80/><D27/><U65/><E65/><V5/><F96/><W22/><G22/><T120/><REACH who="0" step="1"/><D86/><REACH who="0" ten="189,334,253,214" step="2"/><U92/><E111/><V104/><F121/><AGARI ba="1,1" hai="16,17,25,26,29,30,44,45,48,49,80,82,120,121" machi="121" ten="25,12000,1" yaku="1,1,2,1,22,2,54,1,53,0" doraHai="56" doraHaiUra="122" who="0" fromWho="2" sc="189,133,334,0,253,-123,214,0" />
</Scene>
<Scene>
<INIT seed="4,2,0,4,0,41" ten="322,334,130,214" oya="0" hai0="47,23,78,64,110,5,102,58,132,94,32,48,87" hai1="65,85,55,18,106,16,101,90,118,25,34,6,109" hai2="8,128,84,115,67,26,49,51,46,15,125,52,31" hai3="76,133,127,53,30,17,44,59,57,121,43,89,56"/><T1/><D32/><U130/><E109/><V97/><F115/><W24/><G127/><T82/><D132/><U116/><E130/><V122/><F122/><W3/><G3/><T112/><D112/><U29/><E6/><V72/><F72/><W88/><G133/><T96/><D110/><U117/><E65/><V99/><F128/><W81/><G121/><T131/><D131/><U79/><E79/><V9/><F125/><W0/><G0/><T12/><D1/><U33/><E33/><V20/><F67/><W98/><G17/><N who="0" m="10663" /><D5/><U28/><E28/><V13/><F84/><W135/><G135/><T36/><D36/><U42/><E42/><N who="2" m="24791" /><F15/><W50/><G98/><N who="2" m="37385" /><F13/><W10/><G10/><T21/><D21/><U74/><E74/><V70/><F70/><W104/><G43/><N who="0" m="24703" /><D64/><U107/><E107/><V114/><F114/><W37/><G37/><T92/><D92/><U126/><E106/><V71/><F71/><W45/><G104/><T60/><D58/><AGARI ba="2,0" hai="8,9,20,26,31,51,52,58" m="37385,24791" machi="58" ten="30,3900,0" yaku="8,1,52,1,54,1" doraHai="41" who="2" fromWho="0" sc="322,-45,334,0,130,45,214,0" />
</Scene>
<Scene>
<INIT seed="5,0,0,2,4,74" ten="277,334,175,214" oya="1" hai0="73,98,60,63,71,119,131,66,127,88,58,133,47" hai1="56,83,25,110,54,11,96,0,82,6,23,78,122" hai2="38,115,14,106,44,21,105,95,39,94,48,22,93" hai3="120,55,50,102,62,9,40,114,65,51,70,80,34"/><U130/><E122/><V67/><F67/><W24/><G120/><T27/><D119/><U8/><E130/><V68/><F68/><W75/><G114/><T124/><D131/><U101/><E110/><V61/><F61/><W97/><G40/><T107/><D133/><U89/><E89/><V3/><F3/><W116/><G116/><T100/><D73/><U86/><E82/><V42/><F115/><W28/><G9/><T117/><D117/><U125/><E125/><V35/><F35/><W85/><G75/><T1/><D1/><U113/><E113/><V84/><F84/><W134/><G55/><T57/><D27/><U92/><E6/><V16/><REACH who="2" step="1"/><F22/><REACH who="2" ten="277,334,165,214" step="2"/><W31/><G134/><T17/><D71/><U18/><E0/><V104/><AGARI ba="0,1" hai="14,16,21,38,39,42,44,48,93,94,95,104,105,106" machi="104" ten="40,8000,1" yaku="1,1,2,1,0,1,54,1,53,0" doraHai="74" doraHaiUra="32" who="2" fromWho="2" sc="277,-20,334,-40,165,90,214,-20" />
</Scene>
<Scene>
<INIT seed="6,0,0,4,3,44" ten="257,294,255,194" oya="2" hai0="18,106,70,98,48,45,64,127,12,2,49,55,56" hai1="36,42,89,118,6,85,68,129,80,120,76,33,58" hai2="74,72,69,135,57,16,97,40,122,73,14,110,66" hai3="108,5,39,32,61,99,46,134,23,53,19,124,84"/><V31/><F122/><W95/><G32/><T83/><D2/><U10/><E118/><V93/><F135/><W35/><G35/><T51/><D127/><U102/><E68/><V128/><F128/><W62/><G108/><T87/><D70/><U103/><E33/><V41/><F69/><W63/><G134/><T82/><D106/><U4/><E129/><V28/><F110/><W43/><G124/><T114/><D114/><U3/><E6/><V117/><F117/><W24/><G5/><T100/><D100/><U65/><E120/><V8/><F66/><W132/><G84/><T94/><D98/><U126/><E126/><V109/><F57/><W116/><G116/><T17/><D94/><N who="1" m="54575" /><E58/><V130/><F109/><W96/><G132/><T71/><D71/><U113/><E65/><V121/><F121/><W25/><G25/><T11/><D17/><U75/><E113/><V67/><F67/><W88/><REACH who="3" step="1"/><G99/><REACH who="3" ten="257,294,255,184" step="2"/><T60/><D83/><U79/><E79/><AGARI ba="0,1" hai="11,12,18,45,48,49,51,55,56,60,64,79,82,87" machi="79" ten="30,8000,1" yaku="7,1,8,1,52,3" doraHai="44" who="0" fromWho="1" sc="257,90,294,-80,255,0,184,0" />
</Scene>
<Scene>
<INIT seed="7,0,0,3,1,11" ten="347,214,255,184" oya="3" hai0="102,94,26,131,71,49,52,5,57,82,95,75,108" hai1="129,130,36,35,21,115,25,89,15,59,13,87,44" hai2="117,20,9,66,93,12,0,105,45,43,99,41,124" hai3="46,38,22,69,55,61,83,2,77,122,92,7,3"/><W30/><G122/><T37/><D108/><U106/><E35/><V60/><F117/><W31/><G92/><T27/><D94/><N who="1" m="54591" /><E106/><V48/><F105/><W18/><G69/><T80/><D57/><U86/><E115/><V128/><F0/><W62/><G62/><T97/><D26/><U118/><E118/><V29/><F128/><N who="1" m="49257" /><E86/><V67/><F124/><W132/><G132/><T134/><D52/><U91/><E91/><N who="2" m="55743" /><F43/><N who="3" m="22903" /><G61/><T1/><D49/><U28/><E59/><V32/><F60/><W39/><G55/><T34/><D5/><U40/><AGARI ba="0,0" hai="13,15,21,25,28,36,40,44" m="49257,54591" machi="40" ten="30,4000,0" yaku="19,1,52,2" doraHai="11" who="1" fromWho="1" sc="347,-10,214,40,255,-10,184,-20" owari="337,44.0,254,5.0,245,-15.0,164,-34.0" />
</Scene>
</mjloggm>