<mjloggm ver="2.3"><GO type="169" lobby="0"/><UN n0="%E3%83%9A%E3%83%81%E3%83%A7%E3%83%BC%E3%83%AA%E3%83%B3%E3%83%81%E3%83%BC" n1="%E3%83%86%E3%83%88%E3%83%A9" n2="%E5%A4%AA%E3%81%8F%E3%81%AA%E3%81%84%E3%81%8A" n3="%E5%B2%A1%E6%9D%91%E9%9D%96%E5%B9%B8" dan="17,16,18,17" rate="2102.16,2113.43,2169.33,2167.97" sx="F,F,M,M"/><TAIKYOKU oya="0"/>

<Scene>
<INIT seed="0,0,0,2,3,2" ten="250,250,250,250" oya="0" hai0="103,68,130,8,131,43,123,72,65,122,33,28,30" hai1="95,108,17,32,80,26,4,59,84,104,16,56,5" hai2="107,21,15,66,111,77,129,61,88,120,73,54,92" hai3="3,74,133,49,25,100,29,82,24,76,132,41,110"/><T47/><D72/><U69/><E104/><V46/><F107/><W94/><G110/><T27/><D103/><U12/><E69/><V127/><F120/><W81/><G3/><T53/><D28/><U119/><E119/><V39/><F111/><W71/><G71/><T116/><D116/><U11/><E108/><V99/><F127/><W87/><G41/><T63/><D53/><U114/><E114/><V79/><F129/><N who="0" m="49162" /><D8/><N who="1" m="6151" /><E95/><V98/><F73/><W31/><G49/><AGARI ba="0,0" hai="27,30,33,43,47,49,63,65,68,122,123" m="49162" machi="49" ten="30,1500,0" yaku="19,1" doraHai="2" who="0" fromWho="3" sc="250,15,250,0,250,0,250,-15" />
</Scene>
<Scene>
<INIT seed="0,1,0,5,1,65" ten="265,250,250,235" oya="0" hai0="105,120,123,134,42,14,70,22,106,89,30,117,47" hai1="103,31,29,28,3,24,41,87,5,25,85,115,53" hai2="4,2,128,43,59,10,50,75,62,0,37,12,127" hai3="78,135,93,74,94,15,54,121,111,16,90,116,33"/><T96/><D117/><U83/><E83/><V13/><F127/><W57/><G116/><T40/><D134/><U130/><E130/><V131/><F75/><W55/><G33/><T113/><D113/><U38/><E115/><V49/><F37/><W73/><G135/><T27/><D70/><U46/><E103/><V91/><F91/><W69/><G69/><T107/><D42/><U23/><E53/><V71/><F71/><W118/><G118/><T72/><D72/><U125/><E125/><V101/><F101/><W109/><G121/><T48/><REACH who="0" step="1"/><D14/><REACH who="0" ten="255,250,250,235" step="2"/><U11/><REACH who="1" step="1"/><E31/><REACH who="1" ten="255,240,250,235" step="2"/><V112/><F112/><W64/><G74/><T56/><D56/><U104/><E104/><V66/><F59/><W58/><G58/><T68/><D68/><U80/><E80/><V76/><F128/><W36/><G57/><T8/><D8/><U124/><E124/><V51/><F10/><W60/><G64/><T132/><D132/><U102/><E102/><V126/><F131/><W119/><G119/><T45/><D45/><U95/><E95/><AGARI ba="1,2" hai="22,27,30,40,47,48,89,95,96,105,106,107,120,123" machi="95" ten="40,3900,0" yaku="1,1,53,1" doraHai="65" doraHaiUra="92" who="0" fromWho="1" sc="255,62,240,-42,250,0,235,0" />
</Scene>
<Scene>
<INIT seed="0,2,0,0,2,2" ten="317,198,250,235" oya="0" hai0="134,116,121,29,78,47,82,108,123,126,17,34,84" hai1="61,109,13,70,4,3,44,90,131,10,112,57,83" hai2="101,15,39,37,71,36,28,115,14,119,117,66,6" hai3="68,58,81,24,114,67,73,110,127,23,92,60,76"/><T96/><D116/><N who="2" m="44618" /><F115/><W102/><G114/><T50/><D134/><U55/><E109/><V52/><F101/><W45/><G110/><T43/><D126/><U33/><E112/><V51/><F28/><W85/><G127/><T103/><D17/><U128/><E70/><V124/><F124/><W63/><G45/><T31/><D108/><U26/><E44/><N who="2" m="27751" /><F6/><W32/><G102/><T30/><REACH who="0" step="1"/><D34/><REACH who="0" ten="307,198,250,235" step="2"/><U118/><E118/><V125/><F125/><W106/><G32/><T19/><D19/><U56/><E33/><V86/><F37/><W94/><G106/><AGARI ba="2,1" hai="29,30,31,43,47,50,78,82,84,96,103,106,121,123" machi="106" ten="40,2000,0" yaku="1,1,53,0" doraHai="2" doraHaiUra="9" who="0" fromWho="3" sc="307,36,198,0,250,0,235,-26" />
</Scene>
<Scene>
<INIT seed="0,3,0,1,2,20" ten="343,198,250,209" oya="0" hai0="107,25,51,9,99,28,23,95,130,68,101,19,42" hai1="7,111,122,90,24,71,46,10,92,106,47,14,102" hai2="2,34,88,5,50,84,18,65,49,72,78,16,17" hai3="79,86,31,119,125,8,121,22,113,30,54,12,48"/><T118/><D118/><U38/><E111/><V1/><F34/><W55/><G119/><T6/><D130/><U109/><E109/><V35/><F35/><W53/><G113/><T127/><D127/><U128/><E122/><V117/><F117/><W81/><G125/><T108/><D108/><U89/><E71/><V61/><F72/><W132/><G132/><T45/><D68/><U15/><E38/><V104/><F104/><W134/><G134/><T27/><D107/><U56/><E106/><V64/><F78/><W131/><G131/><T82/><D82/><U76/><E76/><V124/><F124/><W74/><G121/><T59/><D59/><U126/><E126/><V110/><F110/><W123/><G123/><T105/><D105/><U62/><E128/><V60/><F5/><W94/><G48/><N who="2" m="18537" /><F2/><W116/><G116/><T112/><D112/><U114/><E15/><V58/><F1/><W96/><G74/><T40/><D40/><U77/><E77/><V129/><F129/><W41/><G41/><T44/><D44/><N who="1" m="16939" /><E102/><V43/><F43/><W75/><G75/><T3/><D28/><U87/><E90/><V120/><F120/><W4/><REACH who="3" step="1"/><G22/><REACH who="3" ten="343,198,250,199" step="2"/><T66/><D42/><U33/><E114/><V21/><F21/><W91/><AGARI ba="3,1" hai="4,8,12,30,31,53,54,55,79,81,86,91,94,96" machi="91" ten="30,7900,0" yaku="1,1,2,1,0,1,8,1,53,0" doraHai="20" doraHaiUra="70" who="3" fromWho="3" sc="343,-42,198,-23,250,-23,199,98" />
</Scene>
<Scene>
<INIT seed="1,0,0,3,0,105" ten="301,175,227,297" oya="1" hai0="92,5,60,131,77,76,134,30,108,34,8,113,96" hai1="33,43,47,95,44,107,40,10,104,70,0,89,27" hai2="82,129,29,15,21,111,17,97,88,61,49,42,3" hai3="18,127,68,94,73,81,50,14,16,46,100,75,62"/><U132/><E70/><V26/><F3/><W93/><G127/><T1/><D113/><U90/><E132/><V86/><F111/><W63/><G68/><T64/><D108/><U109/><E109/><V19/><F129/><W128/><G128/><T72/><D134/><U133/><E133/><V78/><F61/><N who="3" m="23051" /><G100/><T7/><D7/><U36/><E0/><V71/><F71/><W55/><G81/><T91/><D131/><U130/><E130/><V39/><F39/><W51/><G55/><T37/><D37/><U32/><E10/><V31/><F42/><W125/><G46/><T12/><D1/><U20/><E43/><V67/><F67/><W6/><G14/><T54/><D54/><U116/><E47/><V112/><F49/><N who="3" m="18443" /><G6/><T110/><D110/><U118/><E104/><V80/><F112/><W11/><G11/><T101/><D101/><U52/><E107/><V4/><F4/><W123/><G123/><T117/><D117/><U98/><E52/><V65/><F65/><W2/><G2/><T22/><D34/><U38/><E38/><V87/><REACH who="2" step="1"/><F97/><REACH who="2" ten="301,175,217,297" step="2"/><W28/><G125/><T35/><D64/><U45/><E40/><V53/><F53/><W122/><G122/><T103/><D96/><U121/><E36/><V102/><F102/><W23/><G28/><T41/><D103/><N who="1" m="60895" /><E121/><V83/><F83/><W84/><G18/><T59/><D41/><U135/><E135/><V106/><F106/><W74/><G94/><T56/><D5/><U69/><E69/><V124/><F124/><W85/><G93/><T58/><D92/><U48/><E45/><RYUUKYOKU ba="0,1" sc="301,-15,175,-15,217,15,297,15" hai2="15,17,19,21,26,29,31,78,80,82,86,87,88" hai3="16,23,73,74,75,84,85" />
</Scene>
<Scene>
<INIT seed="2,1,1,2,1,118" ten="286,160,232,312" oya="2" hai0="15,82,98,66,77,103,124,121,107,127,54,36,43" hai1="61,76,72,55,104,10,64,63,53,95,18,7,119" hai2="135,105,87,106,41,70,45,74,69,62,40,16,35" hai3="129,96,51,60,47,111,71,11,48,128,94,132,68"/><V85/><F74/><W113/><G111/><T126/><D121/><U1/><E104/><V44/><F62/><W84/><G132/><T134/><D134/><U57/><E119/><V123/><F135/><W93/><G113/><T17/><D66/><U89/><E18/><V100/><F100/><W130/><G84/><N who="0" m="48207" /><D54/><U12/><E1/><V92/><F92/><N who="3" m="35435" /><G96/><T108/><D108/><U14/><E14/><V115/><F35/><W79/><G79/><T4/><D4/><U37/><E37/><V86/><F86/><W112/><G112/><T56/><D56/><U19/><E7/><V120/><F16/><W21/><G60/><T59/><D59/><U109/><E109/><V33/><F33/><W67/><G67/><T34/><D34/><U88/><E89/><V133/><F133/><W31/><G71/><T38/><D43/><U110/><E110/><V39/><F115/><W90/><G68/><T0/><D0/><U28/><E28/><V22/><F22/><AGARI ba="1,1" hai="15,17,22,36,38,98,103,107,124,126,127" m="48207" machi="22" ten="30,1000,0" yaku="18,1" doraHai="118" who="0" fromWho="2" sc="286,23,160,0,232,-13,312,0" />
</Scene>
<Scene>
<INIT seed="3,0,0,5,1,115" ten="309,160,219,312" oya="3" hai0="94,96,123,92,52,76,103,118,127,82,28,33,88" hai1="50,66,124,53,21,47,40,134,101,3,49,46,15" hai2="104,12,93,97,37,14,117,68,10,30,44,54,132" hai3="29,45,114,0,16,24,80,27,58,35,84,62,4"/><W18/><G114/><T129/><D118/><U119/><E3/><V125/><F68/><W113/><G113/><T39/><D123/><U26/><E134/><V133/><F104/><W77/><G24/><T85/><D39/><U57/><E124/><V41/><F125/><W130/><G130/><T71/><D129/><U131/><E131/><V36/><F36/><W8/><REACH who="3" step="1"/><G45/><REACH who="3" ten="309,160,219,302" step="2"/><T86/><D127/><U106/><E119/><V135/><F117/><W31/><G31/><T128/><D128/><U38/><E106/><V42/><F30/><W105/><G105/><T74/><D28/><U87/><E47/><V43/><F44/><W91/><G91/><T109/><D88/><U79/><E101/><V55/><F133/><W72/><G72/><T51/><D103/><U32/><E46/><V120/><F135/><W19/><G19/><T98/><D74/><U112/><E112/><V48/><F132/><W65/><AGARI ba="0,1" hai="0,4,8,16,18,27,29,35,58,62,65,77,80,84" machi="65" ten="20,12000,1" yaku="1,1,0,1,7,1,54,1,53,1" doraHai="115" doraHaiUra="56" who="3" fromWho="3" sc="309,-40,160,-40,219,-40,302,130" />
</Scene>
<Scene>
<INIT seed="3,1,0,3,0,12" ten="269,120,179,432" oya="3" hai0="5,25,92,86,13,32,4,1,115,38,82,99,100" hai1="133,21,74,66,44,49,129,90,35,106,43,103,39" hai2="85,57,36,78,63,29,135,50,113,112,42,9,40" hai3="6,127,111,34,7,132,45,124,59,53,48,19,22"/><W75/><G34/><T18/><D1/><U65/><E133/><V51/><F29/><W102/><G132/><T60/><D38/><U95/><E129/><V79/><F135/><W94/><G75/><T130/><D130/><U84/><E35/><V117/><F117/><W33/><G33/><T89/><D115/><U64/><E74/><V68/><F68/><W101/><G111/><T55/><D25/><U67/><N who="1" m="16384" /><DORA hai="134" /><U110/><E110/><V58/><F85/><W54/><G6/><T107/><D107/><U37/><REACH who="1" step="1"/><E21/><REACH who="1" ten="269,110,179,432" step="2"/><V121/><F112/><W71/><G71/><T125/><D32/><U28/><E28/><V105/><F113/><W70/><G70/><T2/><D2/><U31/><E31/><V123/><F121/><W46/><G22/><N who="0" m="11599" /><D125/><U93/><E93/><V88/><F123/><W47/><G94/><T131/><D131/><U41/><E41/><V52/><F42/><W61/><G127/><T20/><D20/><U109/><E109/><V80/><F40/><W87/><G124/><T120/><D120/><U3/><E3/><V16/><F105/><W0/><G0/><T104/><D104/><U62/><E62/><V56/><F63/><W119/><G61/><T76/><D60/><U26/><E26/><V69/><F69/><W73/><G73/><N who="0" m="43279" /><D55/><U14/><E14/><V24/><F52/><W11/><G54/><T98/><D92/><U128/><E128/><V30/><F24/><W15/><G53/><T91/><D86/><U122/><E122/><V17/><F30/><W72/><G87/><T116/><D116/><U27/><E27/><RYUUKYOKU ba="1,1" sc="269,-10,110,30,179,-10,432,-10" hai1="37,39,43,44,49,84,90,95,103,106" />
</Scene>
<Scene>
<INIT seed="4,2,1,2,0,135" ten="259,140,169,422" oya="0" hai0="105,120,48,47,23,125,121,74,89,72,101,119,75" hai1="114,30,96,1,62,95,20,53,73,41,81,37,87" hai2="28,19,128,129,123,51,111,77,3,91,26,80,113" hai3="97,27,34,83,43,38,7,36,58,21,126,63,44"/><T8/><D119/><U49/><E1/><V92/><F111/><W69/><G69/><T78/><D78/><N who="1" m="46519" /><E73/><V55/><F3/><W85/><G34/><T116/><D116/><U12/><E37/><V117/><F123/><W10/><G97/><T99/><D89/><N who="1" m="55407" /><E114/><V64/><F64/><W109/><G36/><T112/><D112/><U90/><E41/><V88/><F19/><W86/><G83/><T82/><D82/><U6/><E62/><V18/><F18/><W124/><G109/><T110/><D110/><U100/><E90/><V127/><F91/><W9/><G85/><T102/><D74/><U56/><E100/><V94/><F113/><W16/><G86/><T67/><D72/><U108/><E108/><V70/><F117/><W61/><G61/><T115/><D75/><U22/><E30/><V46/><F70/><W133/><G133/><T4/><D102/><U65/><E65/><V24/><F28/><W50/><G38/><T79/><D67/><U104/><E104/><V66/><F66/><W15/><REACH who="3" step="1"/><G10/><AGARI ba="2,1" hai="6,10,12,20,22,49,53,56" m="55407,46519" machi="10" ten="30,1000,0" yaku="8,1" doraHai="135" who="1" fromWho="3" sc="259,0,140,26,169,0,422,-16" />
</Scene>
<Scene>
<INIT seed="5,0,0,0,4,117" ten="259,166,169,406" oya="1" hai0="40,61,6,133,67,14,31,41,35,93,50,99,118" hai1="55,112,60,87,81,10,105,95,13,45,131,16,36" hai2="86,82,34,94,39,91,54,32,96,89,126,120,122" hai3="130,134,27,85,2,46,109,9,22,80,15,43,29"/><U72/><E112/><V59/><F39/><W12/><G109/><T44/><D118/><U90/><E131/><V75/><F75/><W48/><G130/><T4/><D133/><U70/><E105/><V18/><F126/><W28/><G134/><T30/><D35/><U20/><E72/><V7/><F7/><W68/><G68/><T119/><D40/><U103/><E36/><V3/><F3/><W102/><G102/><T19/><D30/><U123/><E123/><V84/><F18/><N who="3" m="12759" /><G2/><T132/><D31/><N who="3" m="11849" /><G9/><T121/><D121/><U69/><E10/><V128/><F128/><W101/><G101/><T125/><D125/><U107/><E107/><V49/><F32/><W57/><G57/><N who="0" m="37295" /><D119/><U129/><E129/><V37/><F34/><W71/><G71/><T113/><D113/><U8/><E20/><V65/><F37/><W111/><G111/><T53/><D41/><U116/><E116/><V114/><F114/><W23/><G23/><N who="0" m="11767" /><D132/><U100/><E95/><V106/><F65/><W64/><G64/><T104/><D104/><U97/><E97/><V127/><REACH who="2" step="1"/><F127/><REACH who="2" ten="259,166,159,406" step="2"/><W25/><G25/><T79/><D4/><U11/><E11/><V92/><F92/><W88/><AGARI ba="0,1" hai="12,15,43,46,48,80,85,88" m="11849,12759" machi="88" ten="30,2000,0" yaku="8,1,54,1" doraHai="117" who="3" fromWho="3" sc="259,-5,166,-10,159,-5,406,30" />
</Scene>
<Scene>
<INIT seed="6,0,0,3,4,79" ten="254,156,154,436" oya="2" hai0="6,105,78,11,38,4,5,69,37,12,0,129,67" hai1="74,87,111,95,107,117,31,42,106,109,13,91,76" hai2="81,29,121,64,33,68,9,84,28,113,133,35,134" hai3="41,96,27,65,124,120,48,32,102,122,14,36,59"/><V130/><F121/><W108/><G124/><T3/><D105/><N who="1" m="39947" /><E42/><V119/><F119/><W46/><G108/><N who="1" m="41546" /><E31/><N who="2" m="11851" /><F113/><W61/><G32/><T53/><D129/><U92/><E13/><V132/><F9/><W55/><G27/><T7/><D3/><U110/><E110/><V26/><BYE who="1" /><F26/><W115/><G14/><T72/><D0/><U97/><E97/><V30/><N who="2" m="11859" /><V19/><DORA hai="2" /><F19/><W114/><G96/><T71/><D71/><U66/><E66/><V131/><F64/><UN n1="%E3%83%86%E3%83%88%E3%83%A9" /><W22/><G102/><T104/><D104/><U93/><E117/><V70/><F68/><N who="3" m="42031" /><G22/><T20/><D20/><U40/><E40/><V128/><F70/><W57/><G57/><T44/><D67/><U80/><AGARI ba="0,0" hai="74,76,80,87,91,92,93,95" m="41546,39947" machi="80" ten="40,5200,0" yaku="34,2,52,1" doraHai="79,2" who="1" fromWho="1" sc="254,-13,156,52,154,-26,436,-13" />
</Scene>
<Scene>
<INIT seed="7,0,0,1,1,101" ten="241,208,128,423" oya="3" hai0="130,71,82,11,58,124,114,4,134,49,20,14,9" hai1="102,80,78,65,17,90,48,126,50,75,22,72,30" hai2="83,63,92,12,57,125,10,53,39,81,64,117,35" hai3="28,43,37,3,13,95,47,86,98,29,36,41,40"/><W100/><G3/><T19/><D71/><U106/><E126/><V34/><F117/><W112/><G112/><T7/><D124/><U46/><E30/><V85/><F125/><W87/><G13/><N who="0" m="5287" /><D114/><U119/><E119/><V1/><F1/><W116/><G116/><T61/><D130/><U93/><E65/><V2/><F2/><W51/><G37/><T121/><D134/><U66/><E72/><V107/><F39/><W70/><G70/><T132/><D132/><U108/><E66/><V73/><F73/><W59/><G59/><T79/><D49/><U118/><E108/><V52/><F107/><W127/><G36/><T135/><D121/><U91/><E118/><V33/><F92/><W104/><G104/><T133/><D133/><U31/><E31/><N who="3" m="11850" /><G127/><T115/><D115/><U69/><E69/><V97/><F97/><W32/><G32/><T113/><D113/><U96/><E46/><V67/><F67/><W88/><G87/><N who="0" m="48607" /><D135/><U54/><E54/><V99/><F99/><W25/><G25/><N who="0" m="14495" /><D58/><U0/><E0/><V16/><REACH who="2" step="1"/><F81/><REACH who="2" ten="241,208,118,423" step="2"/><W23/><G98/><T128/><D128/><U84/><E91/><AGARI ba="0,1" hai="10,12,16,33,34,35,52,53,57,63,64,83,85,91" machi="91" ten="40,8000,1" yaku="1,1,2,1,54,2,53,1" doraHai="101" doraHaiUra="60" who="2" fromWho="1" sc="241,0,208,-80,118,90,423,0" owari="241,4.0,128,-37.0,208,-19.0,423,52.0" />
</Scene>
</mjloggm>