<mjloggm ver="2.3"><GO type="169" lobby="0"/><UN n0="%E5%A4%AA%E3%81%8F%E3%81%AA%E3%81%84%E3%81%8A" n1="%E3%81%9F%E3%82%8D%E3%81%9F%E3%82%8D%2E" n2="%73%73%74%61%72%6F" n3="%6D%6F%74%6F%79%61" dan="17,18,17,16" rate="2223.30,2241.77,2100.65,2090.98" sx="M,M,M,M"/><TAIKYOKU oya="0"/>

<Scene>
<INIT seed="0,0,0,0,0,114" ten="250,250,250,250" oya="0" hai0="134,16,87,68,91,128,118,38,52,133,34,44,122" hai1="43,96,36,26,120,61,17,45,59,77,108,113,83" hai2="107,40,89,27,135,39,92,47,6,2,70,22,5" hai3="35,110,62,98,1,131,123,0,13,9,41,60,4"/><T7/><D122/><U85/><E120/><V55/><F135/><N who="0" m="51722" /><D34/><U86/><E113/><V37/><F107/><W57/><G35/><T14/><D68/><U102/><E108/><V65/><F39/><W12/><G123/><T29/><D29/><U20/><E86/><V46/><F2/><W54/><G110/><T76/><D128/><U82/><E82/><V111/><F111/><W129/><G41/><T50/><D7/><U32/><E32/><V48/><F65/><W51/><G98/><T64/><D64/><U10/><E10/><V18/><F70/><W101/><G101/><T84/><D76/><U42/><E45/><V69/><F69/><W25/><G25/><T106/><D106/><U112/><E36/><V30/><F30/><W63/><REACH who="3" step="1"/><G1/><REACH who="3" ten="250,250,250,240" step="2"/><T11/><D38/><U78/><E112/><V23/><F23/><W56/><G56/><T71/><D71/><U15/><E26/><V72/><F72/><W88/><G88/><T117/><D87/><AGARI ba="0,1" hai="5,6,18,22,27,37,40,46,47,48,55,87,89,92" machi="87" ten="30,1000,0" yaku="7,1" doraHai="114" who="2" fromWho="0" sc="250,-10,250,0,250,20,240,0" />
</Scene>
<Scene>
<INIT seed="1,0,0,3,1,39" ten="240,250,270,240" oya="1" hai0="70,104,26,35,73,38,127,27,15,6,96,60,65" hai1="130,103,19,1,110,53,8,32,99,24,48,91,31" hai2="5,25,42,66,17,87,92,105,10,43,93,76,83" hai3="94,55,121,51,132,134,88,0,81,12,113,95,126"/><U115/><E115/><V106/><F66/><W34/><G0/><T89/><D73/><U84/><E130/><V36/><F36/><W61/><G34/><T67/><D127/><U41/><E110/><V75/><F106/><W54/><G113/><T79/><D79/><U37/><E1/><V123/><F105/><W44/><G121/><T120/><D120/><U74/><E74/><V20/><F123/><W33/><G33/><T18/><D6/><U109/><E109/><V90/><REACH who="2" step="1"/><F93/><REACH who="2" ten="240,250,260,240" step="2"/><W29/><G95/><T13/><D38/><U28/><E37/><V52/><F52/><W3/><G55/><T135/><D104/><U129/><E53/><V68/><F68/><W14/><G94/><T50/><D70/><U125/><E125/><V133/><F133/><W71/><G126/><T111/><D135/><U46/><E129/><V56/><F56/><W7/><G134/><T124/><D124/><U78/><E103/><V77/><F77/><W72/><G71/><T114/><D111/><U116/><E78/><V69/><F69/><W23/><G54/><T128/><D128/><U101/><E101/><V102/><F102/><W59/><G59/><T118/><D114/><U9/><E116/><V40/><F40/><W108/><G132/><T98/><D118/><U112/><E112/><V58/><F58/><W100/><G100/><T107/><D107/><U4/><E41/><V63/><F63/><W97/><G61/><T21/><D60/><U85/><E48/><V131/><F131/><W57/><G57/><T49/><D50/><U119/><E119/><V82/><F82/><RYUUKYOKU ba="0,1" sc="240,-10,250,-10,260,30,240,-10" hai2="5,10,17,20,25,42,43,75,76,83,87,90,92" />
</Scene>
<Scene>
<INIT seed="2,1,1,0,4,32" ten="230,240,290,230" oya="2" hai0="7,48,29,109,114,21,81,15,76,94,125,117,17" hai1="4,2,62,43,63,126,123,130,37,66,28,90,52" hai2="50,79,78,102,119,85,105,103,47,0,87,11,95" hai3="129,12,134,30,116,10,97,118,131,89,111,44,70"/><V112/><F119/><W120/><G70/><T86/><D114/><U13/><E28/><V19/><F112/><W69/><G69/><T26/><D117/><U135/><E13/><N who="2" m="7615" /><F0/><W20/><G120/><T99/><D109/><U73/><E73/><V77/><F105/><W42/><G111/><T133/><D125/><U27/><E123/><V54/><F95/><N who="3" m="56559" /><G20/><T104/><D133/><U122/><E2/><V113/><F113/><W6/><G30/><T65/><D104/><U49/><E126/><V93/><F93/><W124/><G124/><T39/><D39/><U82/><E135/><V64/><F64/><W9/><G9/><T60/><D48/><U25/><E66/><V83/><F87/><W88/><G134/><T41/><D41/><U92/><E82/><V110/><F110/><W8/><G8/><T91/><D7/><U108/><E92/><V33/><F33/><W3/><G12/><T68/><REACH who="0" step="1"/><D15/><REACH who="0" ten="220,240,290,230" step="2"/><U96/><E37/><V1/><F1/><W101/><G118/><T5/><D5/><U51/><E43/><V115/><F115/><W31/><G116/><T55/><D55/><U40/><E52/><V121/><F121/><W74/><G3/><T45/><D45/><U80/><E4/><V59/><F47/><W34/><G6/><T71/><D71/><U16/><E40/><V61/><F50/><W98/><G44/><T106/><D106/><U18/><E51/><V128/><F128/><W36/><G42/><T24/><D24/><U57/><E49/><V14/><F14/><W56/><G36/><T67/><D67/><U84/><E130/><RYUUKYOKU ba="1,2" sc="220,15,240,-15,290,15,230,-15" hai0="17,21,26,29,60,65,68,76,81,86,91,94,99" hai2="54,59,61,77,78,79,83,85,102,103" />
</Scene>
<Scene>
<INIT seed="2,2,2,2,0,110" ten="235,225,305,215" oya="2" hai0="53,58,125,36,108,65,64,80,75,85,46,45,47" hai1="70,99,49,43,38,135,30,81,4,111,69,34,44" hai2="113,22,93,6,102,132,57,31,48,2,8,71,56" hai3="19,20,21,25,96,42,77,23,61,118,16,101,114"/><V63/><F132/><W98/><G118/><T89/><D108/><U24/><E111/><V116/><F116/><W59/><G77/><T119/><D119/><U0/><E135/><V28/><F113/><W32/><G42/><T73/><D36/><U78/><E49/><V51/><F71/><W128/><G128/><T127/><D65/><U94/><E94/><V39/><F39/><W79/><G79/><T55/><D64/><U131/><E131/><V35/><F35/><W107/><G98/><T74/><REACH who="0" step="1"/><D58/><REACH who="0" ten="225,225,305,215" step="2"/><U17/><E99/><N who="2" m="59759" /><F57/><W29/><REACH who="3" step="1"/><G114/><REACH who="3" ten="225,225,305,205" step="2"/><T62/><D62/><U3/><E69/><V67/><F63/><W126/><G126/><AGARI ba="2,4" hai="45,46,47,53,55,73,74,75,80,85,89,125,126,127" machi="126" ten="50,3200,0" yaku="1,1,18,1,53,0" doraHai="110" doraHaiUra="100" who="0" fromWho="3" sc="225,78,225,0,305,0,205,-38" />
</Scene>
<Scene>
<INIT seed="3,0,0,5,0,22" ten="303,225,305,167" oya="3" hai0="121,133,33,17,7,63,42,39,2,87,67,9,23" hai1="16,59,60,93,0,27,66,11,64,14,83,57,82" hai2="131,90,40,44,62,112,86,106,6,50,88,53,32" hai3="4,19,113,55,132,52,65,58,15,41,26,124,120"/><W111/><G120/><T79/><D121/><U134/><E0/><V45/><F112/><W46/><G113/><T76/><D133/><U3/><E3/><V75/><F75/><W70/><G132/><T99/><D33/><U47/><E134/><V85/><F106/><W24/><G70/><T130/><D130/><U12/><E47/><V94/><F131/><W37/><G4/><T68/><D87/><U29/><E14/><V81/><F32/><W61/><G124/><T104/><D42/><U30/><E93/><V36/><F6/><W126/><G126/><T123/><D39/><U8/><E8/><V114/><F114/><W31/><G111/><T13/><REACH who="0" step="1"/><D123/><REACH who="0" ten="293,225,305,167" step="2"/><U5/><E5/><V109/><REACH who="2" step="1"/><F62/><REACH who="2" ten="293,225,295,167" step="2"/><W116/><G116/><T96/><D96/><U71/><E60/><V128/><F128/><W18/><G18/><T72/><D72/><U135/><E16/><V129/><F129/><W43/><G43/><T51/><D51/><U127/><E127/><V119/><F119/><W21/><REACH who="3" step="1"/><G31/><REACH who="3" ten="293,225,295,157" step="2"/><T49/><D49/><U20/><E30/><V117/><F117/><W100/><G100/><AGARI ba="0,3" hai="2,7,9,13,17,23,63,67,68,76,79,99,100,104" machi="100" ten="40,5200,0" yaku="1,1,53,2" doraHai="22" doraHaiUra="74" who="0" fromWho="3" sc="293,82,225,0,295,0,157,-52" />
</Scene>
<Scene>
<INIT seed="4,0,0,2,0,57" ten="375,225,295,105" oya="0" hai0="6,87,28,37,106,35,5,93,92,46,82,101,114" hai1="44,128,68,24,19,115,72,83,2,98,62,33,1" hai2="8,102,86,90,100,41,84,17,107,124,94,126,18" hai3="65,14,15,131,110,112,70,71,34,118,109,69,91"/><T119/><D119/><U10/><E98/><V25/><F41/><W4/><G34/><T103/><D114/><U99/><E44/><V12/><F107/><W42/><G118/><T88/><D35/><U95/><E115/><V26/><F86/><W30/><G30/><T121/><D28/><U45/><E45/><V78/><F78/><W85/><G112/><T111/><D121/><U59/><E68/><V40/><F40/><W43/><G131/><T116/><D116/><U129/><E33/><V89/><F89/><W134/><G134/><T64/><D111/><U81/><E2/><V21/><REACH who="2" step="1"/><F26/><REACH who="2" ten="375,225,285,105" step="2"/><W66/><G43/><T120/><D106/><U22/><E83/><V63/><F63/><W27/><G42/><T96/><D82/><U52/><E81/><V29/><F29/><W7/><G27/><T75/><D87/><U39/><E39/><V74/><F74/><W51/><G51/><T55/><D75/><U67/><E72/><V11/><F11/><W20/><G85/><T36/><D36/><U3/><E10/><V80/><F80/><W32/><G91/><T130/><D88/><N who="1" m="55783" /><E3/><V97/><F97/><W61/><G61/><T53/><D96/><U31/><E1/><V13/><F13/><W77/><G77/><T58/><D37/><U123/><E31/><V0/><F0/><W60/><G60/><T9/><D9/><U117/><E24/><V108/><F108/><W23/><REACH who="3" step="1"/><G71/><REACH who="3" ten="375,225,285,95" step="2"/><T38/><D38/><U125/><E117/><V16/><F16/><W50/><G50/><T135/><D135/><U133/><E133/><V127/><AGARI ba="0,2" hai="8,12,17,18,21,25,84,90,94,100,102,124,126,127" machi="127" ten="30,7900,0" yaku="1,1,5,1,0,1,18,1,53,0" doraHai="57" doraHaiUra="73" who="2" fromWho="2" sc="375,-39,225,-20,285,99,95,-20" />
</Scene>
<Scene>
<INIT seed="5,0,0,1,1,52" ten="336,205,384,75" oya="1" hai0="80,64,105,17,30,129,117,29,87,97,88,42,57" hai1="47,41,7,61,116,132,56,92,131,18,19,14,135" hai2="6,34,13,111,109,10,15,89,79,100,70,21,124" hai3="12,126,114,130,45,122,23,91,63,40,35,24,96"/><U85/><E116/><V90/><F34/><W55/><G122/><T74/><D117/><U36/><E131/><V50/><F70/><W127/><G114/><T25/><D129/><U134/><E7/><V3/><F79/><W4/><G35/><T112/><D112/><U113/><E113/><V28/><F100/><W108/><G130/><T59/><D74/><U83/><E92/><V27/><F124/><W123/><G123/><T84/><D42/><U104/><E104/><V22/><F50/><W107/><G108/><N who="2" m="41545" /><F89/><W93/><G107/><T133/><D133/><U60/><E60/><V99/><F90/><W125/><G12/><T33/><D64/><N who="1" m="38951" /><E14/><V118/><F99/><W78/><G78/><AGARI ba="0,0" hai="18,19,36,41,47,78,83,85,132,134,135" m="38951" machi="78" ten="30,2900,0" yaku="20,1,52,1" doraHai="52" who="1" fromWho="3" sc="336,0,205,29,384,0,75,-29" />
</Scene>
<Scene>
<INIT seed="5,1,0,2,4,120" ten="336,234,384,46" oya="1" hai0="118,101,91,40,76,62,126,52,73,133,51,114,72" hai1="94,129,88,104,116,134,108,38,5,19,50,20,123" hai2="12,29,8,16,96,93,135,75,127,61,4,79,85" hai3="23,132,33,119,27,3,24,18,71,87,7,26,41"/><U99/><E99/><V86/><F29/><N who="3" m="19647" /><G71/><T112/><D118/><U100/><E38/><V9/><F135/><W66/><G66/><T47/><D133/><U10/><E116/><V92/><F127/><W98/><G87/><T39/><D126/><U25/><E123/><V83/><F61/><W43/><G98/><T105/><D62/><U22/><E134/><V31/><F31/><W55/><G55/><T60/><D60/><U64/><E100/><V89/><F93/><W82/><G82/><T109/><D91/><U32/><E104/><V106/><F106/><W121/><G43/><T128/><D128/><U117/><E117/><V113/><F113/><N who="0" m="43626" /><D76/><U49/><E64/><V130/><F130/><W6/><G41/><T48/><D48/><U80/><E80/><V54/><F54/><W77/><G77/><T58/><D109/><U44/><E49/><V53/><F53/><W107/><G107/><T74/><D105/><U102/><E102/><AGARI ba="1,0" hai="39,40,47,51,52,58,72,73,74,101,102" m="43626" machi="102" ten="40,2600,0" yaku="15,1,54,1" doraHai="120" who="0" fromWho="1" sc="336,29,234,-29,384,0,46,0" />
</Scene>
<Scene>
<INIT seed="6,0,0,5,2,104" ten="365,205,384,46" oya="2" hai0="132,76,116,43,123,53,114,77,50,64,130,63,51" hai1="85,10,133,28,24,127,13,8,84,61,96,122,34" hai2="93,12,99,113,88,67,7,134,26,21,91,45,75" hai3="55,109,83,72,52,101,16,41,124,30,100,37,23"/><V62/><F113/><W98/><G109/><T46/><D123/><U27/><E127/><V111/><F134/><W5/><G30/><T25/><D114/><U1/><E133/><V78/><F111/><W112/><G112/><T129/><D132/><U32/><E122/><V69/><F45/><W36/><G5/><T60/><D25/><U17/><E61/><N who="0" m="23625" /><D64/><U90/><E96/><V121/><F121/><W110/><G110/><T80/><D116/><U89/><E28/><V97/><F78/><W117/><G117/><T82/><D82/><U19/><REACH who="1" step="1"/><E13/><REACH who="1" ten="365,195,384,46" step="2"/><V49/><F12/><W95/><G124/><T59/><D129/><U74/><E74/><V6/><F75/><W40/><G100/><T29/><D29/><U118/><E118/><V126/><F126/><W47/><G72/><T42/><D130/><U2/><AGARI ba="0,1" hai="1,2,8,10,17,19,24,27,32,34,84,85,89,90" machi="2" ten="25,6400,0" yaku="1,1,0,1,22,2,53,0" doraHai="104" doraHaiUra="128" who="1" fromWho="1" sc="365,-16,195,74,384,-32,46,-16" />
</Scene>
<Scene>
<INIT seed="7,0,0,2,3,42" ten="349,269,352,30" oya="3" hai0="71,112,35,36,100,124,82,95,14,113,47,83,84" hai1="104,121,105,93,69,90,29,120,61,23,122,33,86" hai2="109,31,119,55,94,88,135,51,70,66,43,60,67" hai3="102,40,74,73,81,26,2,89,48,30,75,25,41"/><W115/><G2/><T54/><D71/><U11/><E33/><V76/><F119/><W50/><G102/><T134/><D35/><U92/><E11/><V78/><F109/><W101/><G101/><T126/><D134/><U68/><E61/><V130/><F135/><W17/><G115/><N who="0" m="44107" /><D14/><U99/><E23/><V65/><F130/><W111/><G111/><T45/><D36/><U18/><E18/><V128/><F128/><W103/><G103/><T49/><D45/><U15/><E15/><V131/><F131/><W13/><G89/><N who="0" m="53671" /><D100/><U72/><E29/><V9/><F70/><W129/><G129/><T37/><D37/><U1/><E1/><V3/><F31/><W7/><G7/><T116/><D116/><U127/><E69/><V5/><F60/><W44/><G81/><AGARI ba="0,0" hai="47,49,54,81,82,83,124,126" m="53671,44107" machi="81" ten="30,3900,0" yaku="15,1,11,1,52,1" doraHai="42" who="0" fromWho="3" sc="349,39,269,0,352,0,30,-39" owari="388,49.0,269,-13.0,352,15.0,-9,-51.0" />
</Scene>
</mjloggm>