<mjloggm ver="2.3"><GO type="169" lobby="0"/><UN n0="%E7%88%B6%E3%81%A1%E3%82%83%E3%82%93%E8%A6%8B%E3%81%A6%E3%82%8B%EF%BC%9F" n1="%70%67%61%69%6E" n2="%62%75%74%69%74%61%6D%61" n3="%E5%A4%AA%E3%81%8F%E3%81%AA%E3%81%84%E3%81%8A" dan="17,16,17,18" rate="2152.73,2080.82,2102.16,2168.00" sx="M,M,M,M"/><TAIKYOKU oya="0"/>

<Scene>
<INIT seed="0,0,0,2,2,76" ten="250,250,250,250" oya="0" hai0="80,103,128,119,5,18,81,20,116,135,14,15,104" hai1="40,69,46,30,124,63,22,16,109,6,134,42,73" hai2="52,99,77,54,2,24,66,55,38,72,60,70,58" hai3="121,10,71,129,29,12,47,68,35,97,79,106,67"/><T84/><D128/><U92/><E109/><V34/><F2/><W91/><G129/><T105/><D135/><U7/><E134/><V74/><F38/><W126/><G126/><T51/><D103/><U75/><E124/><V39/><F39/><W115/><G115/><T90/><D51/><U127/><E127/><V48/><F99/><W4/><G121/><T120/><D120/><U37/><E42/><V32/><F72/><W101/><G79/><T45/><D45/><U36/><E36/><V44/><F24/><W9/><G47/><T0/><D0/><U85/><E30/><V96/><F96/><W82/><G67/><T83/><D119/><U8/><E92/><V102/><F102/><W25/><REACH who="3" step="1"/><G10/><REACH who="3" ten="250,250,250,240" step="2"/><T86/><D116/><U123/><E8/><V50/><REACH who="2" step="1"/><F55/><REACH who="2" ten="250,250,240,240" step="2"/><W3/><G3/><T114/><D114/><U118/><E118/><V23/><F23/><W11/><G11/><N who="0" m="4463" /><D105/><U108/><E123/><V110/><F110/><W26/><G26/><T133/><D104/><U31/><E108/><V21/><F21/><W1/><G1/><T100/><D133/><U93/><E22/><V87/><F87/><AGARI ba="0,2" hai="4,9,12,25,29,35,68,71,82,87,91,97,101,106" machi="87" ten="40,2600,0" yaku="1,1,52,1,53,0" doraHai="76" doraHaiUra="33" who="3" fromWho="2" sc="250,0,250,0,240,-26,240,46" />
</Scene>
<Scene>
<INIT seed="1,0,0,0,5,129" ten="250,250,214,286" oya="1" hai0="35,37,39,30,66,121,91,11,71,97,67,45,34" hai1="88,19,14,90,98,20,68,116,0,49,79,18,43" hai2="17,92,72,110,10,4,127,31,93,118,2,48,123" hai3="100,107,7,87,54,42,46,59,130,134,57,85,82"/><U32/><E116/><V111/><F118/><W21/><G130/><T115/><D115/><U117/><E117/><V5/><F123/><W1/><G107/><T55/><D121/><U22/><E32/><V102/><F72/><W73/><G100/><T6/><D97/><U101/><E0/><V125/><F31/><W112/><G112/><T69/><D30/><U8/><E68/><V135/><F5/><W63/><G21/><T64/><D91/><U126/><E126/><N who="2" m="48139" /><F102/><W74/><G59/><T86/><D86/><U84/><E79/><V16/><F48/><W52/><G54/><T24/><D24/><N who="1" m="14359" /><E84/><V41/><F41/><W95/><G95/><N who="2" m="36425" /><F135/><W128/><G134/><T77/><D39/><U58/><E101/><V26/><F26/><W70/><G128/><T114/><D37/><U78/><E78/><V113/><F113/><W89/><G85/><T108/><D77/><U23/><E98/><V13/><F17/><W131/><G131/><T44/><D114/><U15/><E23/><AGARI ba="0,0" hai="2,4,10,13,16,23,110,111" m="36425,48139" machi="23" ten="30,2000,0" yaku="18,1,54,1" doraHai="129" who="2" fromWho="1" sc="250,0,250,-20,214,20,286,0" />
</Scene>
<Scene>
<INIT seed="2,0,0,0,1,126" ten="250,230,234,286" oya="2" hai0="133,135,118,15,122,37,110,88,48,41,54,14,35" hai1="116,9,71,45,18,79,92,65,77,21,93,26,11" hai2="5,113,39,53,25,46,36,131,114,134,74,61,124" hai3="82,4,85,69,52,58,129,123,40,29,33,50,31"/><V94/><F74/><W7/><G69/><T90/><D122/><U60/><E116/><V8/><F124/><W12/><G123/><T101/><D35/><U106/><E106/><V103/><F134/><N who="0" m="51210" /><D118/><U89/><E45/><V34/><F103/><W64/><G64/><T22/><D110/><U62/><E93/><V98/><F39/><W68/><G68/><T91/><D101/><U23/><E23/><V43/><F61/><N who="1" m="23657" /><E65/><V105/><F53/><W97/><G40/><T112/><D112/><U128/><E128/><V27/><F105/><W49/><G129/><T84/><D84/><N who="1" m="52263" /><E71/><V81/><F81/><W119/><G97/><T6/><D22/><U28/><E28/><V132/><F132/><W117/><G31/><T104/><D104/><U63/><N who="1" m="23665" /><U130/><DORA hai="111" /><E130/><V87/><F87/><W0/><G29/><T10/><D37/><U66/><E66/><V100/><F131/><W2/><G33/><T32/><D32/><U57/><E57/><V95/><F95/><W86/><G58/><N who="0" m="33095" /><D41/><U56/><E56/><V102/><F102/><W76/><G117/><T70/><D70/><U13/><E26/><V115/><REACH who="2" step="1"/><F34/><REACH who="2" ten="250,230,224,286" step="2"/><W80/><G119/><T75/><D75/><U121/><E121/><V72/><F72/><W24/><G52/><T96/><D96/><U127/><E127/><V47/><F47/><W51/><G51/><T55/><D55/><U78/><AGARI ba="0,1" hai="9,11,13,18,21,77,78,79" m="52263,23665" machi="78" ten="40,1500,0" yaku="8,1" doraHai="126,111" who="1" fromWho="1" sc="250,-4,230,25,224,-7,286,-4" />
</Scene>
<Scene>
<INIT seed="3,0,0,1,1,108" ten="246,255,217,282" oya="3" hai0="83,98,2,20,103,116,92,17,110,32,11,14,57" hai1="0,4,119,49,19,63,21,94,91,48,68,117,84" hai2="35,67,10,87,5,55,1,113,95,12,106,73,62" hai3="40,125,65,71,82,78,88,69,37,114,89,27,29"/><W100/><G100/><T105/><D110/><U76/><E76/><V104/><F73/><W131/><G131/><T118/><D32/><U38/><E38/><V107/><F35/><W30/><G125/><T135/><D135/><U45/><E45/><V123/><F123/><W60/><G71/><T97/><D83/><U61/><E4/><V9/><F55/><W74/><G114/><T130/><D130/><U132/><E0/><V93/><F87/><W42/><G30/><T64/><D64/><N who="1" m="40975" /><E63/><V112/><F95/><W24/><G24/><T28/><D57/><U44/><E44/><V39/><F93/><W36/><G42/><T8/><D28/><U34/><E34/><V127/><F127/><W15/><G15/><T134/><D134/><U121/><E121/><V13/><F39/><W111/><G111/><T99/><D99/><U129/><E132/><V109/><F109/><W96/><G96/><T51/><D51/><U79/><E79/><V47/><F47/><W126/><G126/><T85/><D85/><U18/><E18/><V33/><F33/><W128/><G128/><T81/><D81/><U59/><E59/><V53/><F53/><W101/><G36/><T115/><D115/><U43/><E43/><V41/><F41/><W66/><G66/><T22/><D22/><U86/><E86/><V50/><F50/><N who="1" m="19561" /><E129/><V6/><F1/><W31/><G37/><T7/><REACH who="0" step="1"/><D20/><REACH who="0" ten="236,255,217,282" step="2"/><U75/><E75/><V16/><REACH who="2" step="1"/><F5/><REACH who="2" ten="236,255,207,282" step="2"/><W23/><G40/><T102/><AGARI ba="0,2" hai="2,7,8,11,14,17,92,97,98,102,103,105,116,118" machi="102" ten="20,5200,0" yaku="1,1,2,1,0,1,7,1,53,0" doraHai="108" doraHaiUra="77" who="0" fromWho="0" sc="236,72,255,-13,207,-13,282,-26" />
</Scene>
<Scene>
<INIT seed="4,0,0,4,1,11" ten="308,242,194,256" oya="0" hai0="51,107,64,73,132,7,61,19,6,86,114,92,29" hai1="37,1,57,111,134,22,67,93,101,133,8,78,17" hai2="83,65,31,28,99,33,14,131,68,4,49,40,120" hai3="54,2,82,16,116,76,87,15,13,122,105,3,50"/><T43/><D107/><U98/><E111/><V55/><F120/><W85/><G116/><T115/><D73/><U47/><E78/><V62/><F131/><W97/><G122/><T23/><D132/><N who="1" m="50795" /><E67/><V127/><F40/><W36/><G36/><T109/><D29/><U70/><E70/><V69/><F69/><W56/><G85/><T108/><D43/><U46/><E57/><V52/><F127/><W25/><G25/><T34/><D34/><U125/><E37/><V121/><F121/><W113/><G113/><N who="0" m="43019" /><D51/><U30/><E30/><V48/><F33/><W117/><G117/><T129/><D129/><U60/><E60/><V12/><F83/><W38/><G38/><T130/><D130/><U94/><E94/><V71/><F99/><W0/><REACH who="3" step="1"/><G16/><REACH who="3" ten="308,242,194,246" step="2"/><T72/><D86/><U106/><E125/><V77/><F4/><W32/><G32/><T102/><D6/><N who="1" m="1103" /><E106/><V88/><F77/><W74/><G74/><T84/><D7/><U91/><E101/><AGARI ba="0,1" hai="0,2,3,13,15,50,54,56,76,82,87,97,101,105" machi="101" ten="40,5200,0" yaku="1,1,52,2,53,0" doraHai="11" doraHaiUra="63" who="3" fromWho="1" sc="308,0,242,-52,194,0,246,62" />
</Scene>
<Scene>
<INIT seed="5,0,0,0,4,103" ten="308,190,194,308" oya="1" hai0="56,124,37,12,6,105,44,73,50,18,70,35,86" hai1="9,0,20,79,55,97,116,115,11,135,26,108,24" hai2="83,89,102,100,51,66,82,41,36,74,5,46,85" hai3="88,93,29,78,43,10,13,58,95,59,90,15,68"/><U75/><E116/><V45/><F66/><W69/><G78/><T16/><D73/><U54/><E115/><V118/><F118/><W64/><G43/><T60/><D35/><U67/><E135/><V113/><F113/><W52/><G29/><T132/><D132/><U80/><E108/><V91/><F5/><W23/><G64/><T101/><D124/><U114/><E114/><V2/><F2/><W106/><G23/><T53/><D86/><U99/><E67/><V14/><F14/><W110/><G10/><T22/><D70/><U39/><E39/><V30/><F30/><W3/><G3/><T92/><D37/><U134/><E134/><V133/><F133/><W27/><G27/><T61/><D6/><U77/><E20/><V87/><REACH who="2" step="1"/><F74/><REACH who="2" ten="308,190,184,308" step="2"/><W31/><G31/><T47/><D12/><U19/><E75/><V121/><F121/><W120/><G120/><T76/><D18/><U32/><E0/><V109/><F109/><W127/><G110/><T40/><D16/><U28/><E28/><V25/><F25/><W112/><G112/><T111/><D111/><U33/><E19/><V96/><F96/><W57/><G13/><T130/><D22/><U81/><AGARI ba="0,1" hai="9,11,24,26,32,33,54,55,77,79,80,81,97,99" machi="81" ten="25,4800,0" yaku="0,1,22,2" doraHai="103" who="1" fromWho="1" sc="308,-16,190,58,184,-16,308,-16" />
</Scene>
<Scene>
<INIT seed="5,1,0,0,5,89" ten="292,248,168,292" oya="1" hai0="117,63,25,107,42,95,47,120,0,2,77,73,109" hai1="45,23,65,122,27,134,130,9,11,84,58,50,7" hai2="8,94,98,135,87,41,110,104,32,66,6,46,103" hai3="111,40,132,114,21,72,92,88,119,52,102,79,105"/><U131/><E122/><V86/><F110/><W78/><G111/><T126/><D107/><U44/><E134/><V17/><F32/><W38/><G132/><T60/><D109/><U3/><E11/><V26/><F135/><W56/><G114/><T29/><D117/><U127/><E127/><V71/><F104/><W74/><G119/><T48/><D126/><U4/><E4/><V116/><F116/><W82/><G21/><T54/><D120/><U53/><E84/><V128/><F128/><N who="1" m="49193" /><E65/><V61/><F17/><AGARI ba="1,0" hai="3,7,9,17,23,27,44,45,50,53,58" m="49193" machi="17" ten="30,1500,0" yaku="19,1" doraHai="89" who="1" fromWho="2" sc="292,0,248,18,168,-18,292,0" />
</Scene>
<Scene>
<INIT seed="5,2,0,5,1,25" ten="292,266,150,292" oya="1" hai0="79,41,30,60,123,81,7,87,45,76,103,130,34" hai1="122,67,17,88,16,85,74,119,2,3,53,5,65" hai2="57,33,98,63,117,83,96,64,19,132,1,62,73" hai3="86,68,120,124,121,104,12,13,93,118,77,114,112"/><U99/><E74/><V14/><F1/><W52/><G104/><T110/><D110/><U0/><E5/><V44/><F117/><W127/><G68/><T22/><D130/><U116/><E99/><V37/><F132/><W128/><G128/><T11/><D34/><U75/><E75/><V42/><F33/><W10/><G118/><T23/><D123/><N who="3" m="47177" /><G52/><T95/><D79/><U9/><E122/><V115/><F115/><N who="3" m="44075" /><G13/><T50/><D60/><U28/><E3/><V31/><F31/><W24/><G24/><T27/><D23/><U70/><E53/><V100/><F62/><W39/><G39/><T8/><D7/><U38/><E38/><V18/><F14/><W108/><G108/><T71/><D71/><U72/><E70/><V94/><REACH who="2" step="1"/><F98/><AGARI ba="2,0" hai="8,11,22,27,30,41,45,50,76,81,87,95,98,103" machi="98" ten="40,2600,0" yaku="8,1,52,1" doraHai="25" who="0" fromWho="2" sc="292,32,266,0,150,-32,292,0" />
</Scene>
<Scene>
<INIT seed="6,0,0,3,0,63" ten="324,266,118,292" oya="2" hai0="71,123,107,91,58,33,30,121,102,52,73,57,125" hai1="61,77,13,112,31,32,22,103,85,90,114,38,42" hai2="8,56,46,69,27,120,92,126,93,4,53,135,130" hai3="133,55,122,2,60,86,105,106,87,17,94,104,51"/><V124/><F69/><W116/><G116/><T76/><D71/><U66/><E77/><V37/><F120/><W19/><G122/><T41/><D125/><N who="2" m="48234" /><F130/><W129/><G2/><T39/><D57/><N who="1" m="37167" /><E103/><V72/><F72/><W132/><G60/><T115/><D115/><U74/><E74/><V75/><F75/><W18/><G129/><T45/><D76/><U29/><E32/><V23/><F135/><N who="3" m="51787" /><G94/><T127/><D73/><U9/><E22/><V109/><F109/><W111/><G111/><T82/><D127/><U10/><E10/><V119/><F119/><W95/><G95/><T62/><D33/><U108/><E108/><V16/><F56/><AGARI ba="0,0" hai="17,18,19,51,55,56,86,87,104,105,106" m="51787" machi="56" ten="40,1300,0" yaku="20,1" doraHai="63" who="3" fromWho="2" sc="324,0,266,0,118,-13,292,13" />
</Scene>
<Scene>
<INIT seed="7,0,0,5,1,36" ten="324,266,105,305" oya="3" hai0="114,11,0,127,26,27,37,56,71,92,125,44,17" hai1="118,29,46,119,1,32,116,23,100,107,126,54,3" hai2="28,68,103,120,110,43,35,70,48,8,94,7,47" hai3="64,105,15,101,65,30,50,25,85,41,74,67,121"/><W76/><BYE who="2" /><G121/><T78/><D71/><U84/><E32/><V132/><F132/><W59/><G74/><T131/><D131/><U83/><E126/><N who="0" m="48137" /><D114/><UN n2="%62%75%74%69%74%61%6D%61" /><U60/><E100/><V102/><F110/><W90/><G76/><T58/><D78/><U117/><N who="1" m="29696" /><DORA hai="72" /><U66/><E107/><V34/><F120/><W33/><G15/><N who="0" m="7423" /><D0/><U10/><E10/><V20/><F34/><W133/><G133/><T6/><D6/><U104/><E104/><V86/><F35/><W69/><G69/><T40/><D92/><U45/><E23/><V88/><F68/><W95/><G41/><T109/><D109/><U51/><E46/><V87/><F70/><W108/><G108/><T19/><D19/><U93/><E29/><V38/><F38/><W42/><G42/><T53/><D58/><N who="1" m="37143" /><E93/><V31/><F31/><W82/><G105/><T106/><D106/><U97/><E97/><V61/><F61/><AGARI ba="0,0" hai="26,27,37,40,44,53,56,61" m="7423,48137" machi="61" ten="30,2000,0" yaku="18,1,52,1" doraHai="36,72" who="0" fromWho="2" sc="324,20,266,0,105,-20,305,0" owari="344,43.0,266,-13.0,85,-41.0,305,11.0" />
</Scene>
</mjloggm>