<mjloggm ver="2.3"><GO type="169" lobby="0"/><UN n0="%E7%AB%B9%E7%94%B0%E8%AA%A0%E5%BF%97" n1="%E3%82%A8%E3%82%B9%E3%83%86%E3%83%BC" n2="%E5%AD%91%E5%AD%91" n3="%E5%A4%AA%E3%81%8F%E3%81%AA%E3%81%84%E3%81%8A" dan="16,16,16,18" rate="2084.03,2107.43,2103.90,2197.58" sx="M,M,F,M"/><TAIKYOKU oya="0"/>

<Scene>
<INIT seed="0,0,0,3,4,31" ten="250,250,250,250" oya="0" hai0="25,9,76,12,49,35,27,60,10,5,69,122,40" hai1="101,1,51,45,13,24,105,109,15,115,18,128,126" hai2="131,97,38,92,63,11,26,59,79,91,94,86,16" hai3="73,110,33,120,6,30,55,65,130,107,61,106,37"/><T100/><D122/><U112/><E105/><V117/><F38/><W77/><G55/><T123/><D123/><U64/><E64/><V114/><F114/><N who="1" m="43561" /><E101/><V56/><F117/><W133/><G120/><T29/><D100/><U111/><E51/><V75/><F131/><W119/><G119/><T34/><D76/><U72/><E45/><V129/><F129/><W46/><G6/><T116/><D116/><U0/><E72/><V14/><F75/><W57/><G130/><T80/><D80/><U96/><E96/><V134/><F134/><W3/><G3/><N who="1" m="1098" /><E126/><V47/><F47/><W67/><G67/><T82/><D82/><U4/><E128/><V85/><F26/><N who="3" m="18647" /><G57/><T113/><D113/><U36/><E36/><V8/><F8/><W68/><G133/><T2/><D40/><U54/><E54/><V17/><F17/><W7/><G7/><T44/><D60/><U22/><E4/><V62/><F56/><W81/><G110/><AGARI ba="0,0" hai="13,15,18,22,24,109,110,111" m="1098,43561" machi="110" ten="40,8000,1" yaku="14,1,11,1,34,2" doraHai="31" who="1" fromWho="3" sc="250,0,250,80,250,0,250,-80" />
</Scene>
<Scene>
<INIT seed="1,0,0,5,4,108" ten="250,330,250,170" oya="1" hai0="110,4,77,3,87,88,95,48,15,117,81,121,91" hai1="125,42,36,129,78,62,79,98,31,20,119,64,59" hai2="7,103,132,127,89,72,80,16,45,57,56,12,134" hai3="112,126,29,94,37,97,116,27,51,35,44,135,96"/><U19/><E125/><V5/><F127/><W85/><G126/><T65/><D117/><U66/><E129/><V2/><F103/><W58/><G116/><T75/><D3/><U92/><E119/><V99/><F2/><W49/><G135/><N who="2" m="51753" /><F45/><W68/><G68/><T128/><D110/><U46/><E64/><V33/><F33/><W1/><G1/><T100/><D128/><U105/><E105/><V61/><F57/><W39/><G58/><T67/><D75/><U8/><E8/><N who="2" m="6151" /><F99/><W25/><G44/><T131/><D121/><U40/><E40/><V11/><F11/><W107/><G107/><T69/><D69/><U114/><E114/><V38/><F38/><W76/><G35/><T47/><D131/><U106/><E106/><V93/><F93/><W111/><G94/><T50/><D100/><U83/><E83/><V71/><F71/><W22/><G111/><T70/><D70/><U18/><E18/><V115/><F115/><W52/><G112/><T9/><D95/><U102/><REACH who="1" step="1"/><E19/><REACH who="1" ten="250,320,250,170" step="2"/><V17/><F17/><W86/><G39/><T43/><D67/><U122/><E122/><V14/><F80/><W34/><G37/><N who="0" m="21999" /><D65/><U104/><E104/><V124/><F124/><W24/><G52/><T63/><D81/><U53/><E53/><V10/><F10/><W74/><G74/><T90/><D9/><U54/><E54/><N who="2" m="33943" /><F72/><W26/><G34/><T118/><D118/><U55/><E55/><V28/><F5/><W32/><G32/><T84/><D4/><U73/><E73/><V101/><F7/><W30/><G22/><T113/><D113/><RYUUKYOKU ba="0,1" sc="250,-10,320,30,250,-10,170,-10" hai1="20,31,36,42,46,59,62,66,78,79,92,98,102" />
</Scene>
<Scene>
<INIT seed="1,1,1,1,5,81" ten="240,350,240,160" oya="1" hai0="69,22,57,5,30,33,84,129,40,12,17,58,121" hai1="11,37,56,109,39,67,131,100,60,21,95,42,78" hai2="134,1,64,4,115,119,50,89,135,106,74,107,41" hai3="130,55,82,15,14,77,13,113,92,18,8,19,87"/><U116/><E116/><V44/><F74/><W65/><G113/><T28/><D69/><U86/><E131/><V88/><F119/><W66/><G130/><T53/><D129/><U20/><E109/><V75/><F75/><W71/><G71/><T9/><D121/><U3/><E3/><V93/><F115/><W120/><G120/><T10/><D33/><U63/><E11/><N who="2" m="2447" /><F64/><W72/><G14/><T117/><D40/><U68/><E100/><V32/><F32/><W125/><G125/><T126/><D126/><U99/><E99/><V52/><F41/><W62/><G72/><T24/><D117/><U70/><E70/><V76/><F76/><W90/><G55/><T128/><D128/><U6/><E6/><V110/><F110/><W103/><G103/><T2/><D58/><U34/><E34/><V73/><F73/><W98/><REACH who="3" step="1"/><G62/><REACH who="3" ten="240,350,240,150" step="2"/><T101/><D101/><U112/><E60/><V96/><F89/><W31/><G31/><T105/><D30/><U124/><E124/><V43/><F43/><W23/><AGARI ba="1,2" hai="8,13,15,18,19,23,65,66,77,82,87,90,92,98" machi="23" ten="20,8000,1" yaku="1,1,0,1,7,1,8,1,52,1,53,0" doraHai="81" doraHaiUra="25" who="3" fromWho="3" sc="240,-21,350,-41,240,-21,150,103" />
</Scene>
<Scene>
<INIT seed="2,0,0,3,2,16" ten="219,309,219,253" oya="2" hai0="98,17,121,76,52,101,123,89,23,77,28,135,95" hai1="86,35,53,109,5,18,96,92,91,74,83,97,88" hai2="39,68,46,67,56,15,69,113,63,50,10,78,118" hai3="93,11,117,29,66,1,111,84,22,105,106,8,0"/><V9/><F118/><W81/><G117/><T61/><D135/><U102/><E35/><V58/><F113/><W99/><G111/><T25/><D123/><U45/><E109/><V132/><F78/><N who="0" m="30314" /><D121/><U94/><E74/><V12/><F132/><W57/><G57/><BYE who="3" /><N who="0" m="34983" /><D17/><U100/><E5/><UN n3="%E5%A4%AA%E3%81%8F%E3%81%AA%E3%81%84%E3%81%8A" /><V21/><F21/><W131/><G105/><T47/><D47/><U38/><E18/><V27/><F27/><W44/><G106/><T13/><D13/><U43/><REACH who="1" step="1"/><E53/><REACH who="1" ten="219,299,219,253" step="2"/><V71/><F12/><W64/><G0/><T114/><D114/><U37/><E37/><V7/><F39/><W62/><G1/><T133/><D133/><U41/><E41/><V31/><F31/><W65/><G29/><T24/><D24/><U116/><E116/><V51/><F15/><W48/><G8/><T42/><D42/><U34/><E34/><V55/><F9/><W124/><G11/><T70/><D70/><N who="2" m="27242" /><F10/><W2/><G2/><T32/><D32/><U125/><E125/><V80/><F7/><W72/><G124/><T33/><D33/><U103/><AGARI ba="0,1" hai="38,43,45,83,86,88,91,92,94,96,97,100,102,103" machi="103" ten="20,5200,0" yaku="1,1,0,1,7,1,54,1,53,0" doraHai="16" doraHaiUra="119" who="1" fromWho="1" sc="219,-13,299,62,219,-26,253,-13" />
</Scene>
<Scene>
<INIT seed="3,0,0,3,5,66" ten="206,361,193,240" oya="3" hai0="77,60,120,28,125,7,79,43,45,96,122,78,111" hai1="135,98,81,46,63,19,24,131,6,87,21,27,112" hai2="12,15,50,2,25,38,52,33,85,16,62,90,109" hai3="10,1,103,114,118,126,13,121,69,67,34,123,117"/><W75/><G103/><T124/><D7/><U64/><E112/><V84/><F2/><W53/><G13/><T91/><D28/><U128/><E135/><V20/><F38/><W97/><G97/><T93/><D60/><U41/><E6/><V99/><F109/><W36/><G75/><T42/><D42/><U18/><E98/><V104/><F62/><N who="3" m="40183" /><G34/><T107/><D45/><U92/><E92/><V88/><F104/><W100/><G100/><N who="0" m="62855" /><D43/><U22/><E46/><N who="2" m="27735" /><F33/><W130/><G10/><T74/><D74/><U101/><E41/><V3/><F3/><W65/><G1/><T68/><D68/><U26/><E101/><V39/><F39/><W106/><G36/><T49/><D49/><U59/><E24/><V73/><F73/><W5/><G5/><T4/><D111/><U61/><E61/><V86/><F99/><W11/><G106/><T44/><D4/><U105/><E105/><V71/><F71/><W17/><G65/><T14/><D14/><AGARI ba="0,0" hai="12,14,15,16,20,25,84,85,86,88,90" m="27735" machi="14" ten="30,7700,0" yaku="8,1,54,3" doraHai="66" who="2" fromWho="0" sc="206,-77,361,0,193,77,240,0" />
</Scene>
<Scene>
<INIT seed="4,0,0,4,3,66" ten="129,361,270,240" oya="0" hai0="55,78,90,37,3,115,80,108,131,113,22,69,14" hai1="83,15,51,26,50,102,40,28,46,81,109,129,100" hai2="110,62,39,126,0,49,123,20,122,31,67,132,21" hai3="27,36,23,73,44,41,121,93,7,29,32,103,87"/><T89/><D3/><U84/><E109/><V24/><F39/><W117/><G73/><T59/><D108/><U82/><E129/><V70/><F0/><W53/><G117/><T119/><D119/><U65/><E65/><V18/><F110/><W57/><G121/><T77/><D37/><U64/><E64/><V106/><F132/><W116/><G116/><T56/><D131/><U124/><E124/><V98/><F126/><W118/><G118/><T107/><D107/><U5/><E84/><V61/><F61/><W114/><G114/><N who="0" m="43531" /><D69/><U86/><E86/><V91/><F49/><W1/><G1/><T9/><D22/><N who="1" m="15447" /><E50/><V135/><F135/><W63/><G7/><N who="0" m="3391" /><D59/><U99/><E99/><V38/><F38/><W111/><G111/><T120/><D120/><U101/><E101/><V10/><F10/><AGARI ba="0,0" hai="5,10,15,40,46,51,81,82,83,100,102" m="15447" machi="10" ten="30,1000,0" yaku="8,1" doraHai="66" who="1" fromWho="2" sc="129,0,361,10,270,-10,240,0" />
</Scene>
<Scene>
<INIT seed="5,0,0,0,5,16" ten="129,371,260,240" oya="1" hai0="38,3,54,132,81,70,45,75,94,62,1,118,88" hai1="83,37,110,8,30,98,4,116,78,61,48,129,51" hai2="104,50,113,58,99,26,79,133,42,91,5,14,93" hai3="20,66,127,73,7,15,123,121,53,19,97,74,47"/><U100/><E129/><V12/><F133/><W36/><G127/><T107/><D107/><U109/><E61/><V90/><F113/><W92/><G66/><T112/><D118/><U13/><E37/><V46/><F104/><W122/><G7/><T60/><D132/><U71/><E71/><V72/><F26/><W24/><G15/><T77/><D112/><U126/><E126/><V31/><F31/><W82/><G82/><T95/><D95/><U128/><E128/><V89/><F72/><W43/><REACH who="3" step="1"/><G53/><REACH who="3" ten="129,371,260,230" step="2"/><T49/><D38/><U101/><E83/><V86/><F5/><W68/><G68/><T10/><D70/><U119/><E13/><N who="2" m="5227" /><F58/><W115/><G115/><T120/><D120/><U76/><E4/><V11/><F11/><W135/><G135/><T18/><D1/><U35/><E8/><V106/><F106/><W105/><G105/><T63/><D3/><U33/><E116/><V23/><F79/><W69/><G69/><T134/><D134/><U28/><E119/><V124/><F124/><W59/><G59/><T96/><D10/><U103/><E78/><V67/><F67/><W117/><G117/><T39/><D39/><U34/><E76/><V114/><F114/><W27/><G27/><T57/><REACH who="0" step="1"/><D18/><REACH who="0" ten="119,371,260,230" step="2"/><U0/><E0/><V130/><F130/><W52/><G52/><AGARI ba="0,2" hai="45,49,52,54,57,60,62,63,75,77,81,88,94,96" machi="52" ten="30,12000,2" yaku="1,1,2,1,7,1,54,2,53,1" doraHai="16" doraHaiUra="84" who="0" fromWho="3" sc="119,140,371,0,260,0,230,-120" />
</Scene>
<Scene>
<INIT seed="6,0,0,5,4,40" ten="259,371,260,110" oya="2" hai0="67,73,52,88,45,97,15,11,62,25,119,16,134" hai1="2,102,112,44,114,107,130,123,110,49,35,71,70" hai2="72,29,76,63,115,38,48,74,27,24,104,131,99" hai3="5,34,80,36,23,66,58,135,43,9,92,125,68"/><V47/><F38/><W4/><G34/><T31/><D73/><U1/><E110/><V12/><F115/><W0/><G68/><T78/><D78/><U124/><E124/><V51/><F131/><W69/><G69/><T129/><D129/><U126/><E126/><V55/><F63/><W41/><G125/><T7/><D134/><U118/><E118/><V20/><F76/><W105/><G105/><T91/><D119/><U121/><E35/><V37/><F37/><W81/><G135/><T85/><D97/><N who="1" m="61903" /><E130/><V13/><F104/><W14/><G92/><N who="0" m="54287" /><D91/><U57/><E57/><V65/><F65/><W32/><G32/><T19/><D67/><U96/><E96/><V42/><F99/><W101/><G101/><T64/><D64/><U127/><E127/><V117/><F117/><W90/><G90/><T30/><D62/><U106/><E106/><V86/><F86/><W18/><G5/><T79/><D79/><U3/><E71/><V8/><F24/><W83/><G36/><T98/><D98/><U17/><E17/><N who="0" m="6729" /><D25/><U46/><E70/><V103/><F103/><W21/><G21/><T120/><D120/><N who="1" m="46155" /><E49/><AGARI ba="0,0" hai="7,11,15,30,31,45,49,52" m="6729,54287" machi="49" ten="30,8000,1" yaku="8,1,52,1,54,3" doraHai="40" who="0" fromWho="1" sc="259,80,371,-80,260,0,110,0" />
</Scene>
<Scene>
<INIT seed="7,0,0,4,5,36" ten="339,291,260,110" oya="3" hai0="43,132,130,41,95,96,91,92,72,121,1,38,70" hai1="27,65,68,102,124,53,61,31,42,83,84,99,80" hai2="55,5,18,78,35,33,87,103,15,63,9,37,111" hai3="133,110,16,69,32,86,123,77,10,131,107,26,119"/><W29/><G119/><T97/><D121/><U46/><E124/><V6/><F111/><W28/><G123/><T7/><D70/><U90/><E53/><V22/><F37/><W71/><G107/><T3/><D72/><U45/><E83/><V79/><F103/><W13/><G110/><T4/><D38/><U89/><E89/><V0/><F6/><W104/><G104/><T59/><D59/><U85/><E85/><V118/><F118/><W120/><G120/><T47/><D47/><U34/><REACH who="1" step="1"/><E42/><REACH who="1" ten="339,281,260,110" step="2"/><V126/><F126/><W112/><G112/><T19/><D43/><U44/><E44/><V24/><F35/><W93/><G131/><T134/><D41/><U114/><E114/><V67/><F55/><W101/><G133/><T49/><D91/><U60/><E60/><V8/><F87/><W74/><G74/><T76/><D130/><U54/><E54/><V129/><F129/><W48/><G48/><T98/><D49/><U21/><E21/><V56/><REACH who="2" step="1"/><F33/><REACH who="2" ten="339,281,250,110" step="2"/><W113/><G113/><T39/><D134/><U2/><E2/><V125/><F125/><W117/><G117/><T12/><D1/><U128/><E128/><V135/><F135/><W75/><G75/><T25/><D3/><U14/><E14/><V20/><F20/><W40/><G40/><T62/><D12/><U30/><E30/><V122/><F122/><W106/><G29/><T88/><D132/><U58/><E58/><V82/><F82/><N who="3" m="47439" /><G106/><AGARI ba="0,2" hai="27,31,34,45,46,61,65,68,80,84,90,99,102,106" machi="106" ten="30,7700,0" yaku="1,1,7,1,25,2,53,0" doraHai="36" doraHaiUra="116" who="1" fromWho="3" sc="339,0,281,97,250,0,110,-77" owari="339,14.0,378,48.0,250,-15.0,33,-47.0" />
</Scene>
</mjloggm>