<mjloggm ver="2.3"><GO type="169" lobby="0"/><UN n0="%E3%81%9D%E3%82%89%E8%B1%86%E5%85%88%E7%94%9F" n1="%E5%A4%AA%E3%81%8F%E3%81%AA%E3%81%84%E3%81%8A" n2="%E3%81%AE%E3%81%9F%E3%82%8F" n3="%E3%81%A6%E3%82%93%E3%81%BD%E3%81%84%E3%82%93%E3%81%A8" dan="16,18,19,17" rate="2163.36,2170.42,2244.65,2197.95" sx="M,M,M,F"/><TAIKYOKU oya="0"/>

<Scene>
<INIT seed="0,0,0,2,3,109" ten="250,250,250,250" oya="0" hai0="120,97,118,75,52,65,130,77,96,18,71,70,61" hai1="25,14,98,56,54,43,55,33,5,10,19,53,110" hai2="115,13,134,59,73,51,32,99,38,76,74,69,81" hai3="119,15,117,92,80,40,66,41,82,128,11,64,106"/><T9/><D118/><U0/><E110/><V2/><F2/><W104/><G92/><T58/><D120/><U90/><E43/><V94/><F115/><W100/><G15/><T112/><D112/><U57/><E90/><V88/><F134/><W121/><G121/><T67/><D130/><U105/><E98/><V17/><F38/><W83/><G83/><T85/><D75/><U103/><E103/><V16/><F69/><W50/><G50/><T129/><D129/><U23/><REACH who="1" step="1"/><E105/><REACH who="1" ten="250,240,250,250" step="2"/><V91/><F91/><W72/><G100/><T22/><D96/><U111/><E111/><V24/><F73/><W84/><G72/><T89/><D97/><U35/><E35/><V1/><F32/><W12/><G128/><T30/><D77/><U6/><E6/><V93/><F74/><W108/><G108/><T28/><D89/><U62/><E62/><V125/><F76/><W60/><G60/><N who="0" m="40295" /><D85/><U39/><E39/><V68/><F99/><W133/><G84/><T21/><D71/><U86/><E86/><V101/><F68/><W37/><G37/><T102/><D102/><U63/><E63/><V122/><F101/><W8/><G106/><T131/><D131/><U79/><E79/><V135/><F122/><W26/><G104/><T107/><D107/><U34/><E34/><V49/><F88/><W87/><G87/><T20/><D65/><U48/><E48/><V27/><F49/><W132/><G66/><T3/><D18/><U42/><E42/><V124/><F17/><W47/><G64/><T31/><D31/><AGARI ba="0,1" hai="0,5,10,14,19,23,25,31,33,53,54,55,56,57" machi="31" ten="40,5200,0" yaku="1,1,24,2,53,0" doraHai="109" doraHaiUra="36" who="1" fromWho="0" sc="250,-52,240,62,250,0,250,0" />
</Scene>
<Scene>
<INIT seed="1,0,0,5,4,113" ten="198,302,250,250" oya="1" hai0="97,46,0,120,91,94,26,31,85,121,12,21,88" hai1="81,125,96,112,70,44,51,65,79,86,90,49,130" hai2="13,110,57,109,11,132,107,87,33,83,127,129,18" hai3="4,117,56,45,22,71,25,69,61,8,106,67,124"/><U98/><E112/><V93/><F107/><W58/><G106/><T102/><D0/><U99/><E125/><V78/><F127/><W19/><G124/><T68/><D68/><U28/><E130/><V108/><F129/><W7/><G7/><T104/><D46/><U63/><E28/><V62/><F132/><W122/><G122/><T118/><D118/><U37/><REACH who="1" step="1"/><E79/><REACH who="1" ten="198,292,250,250" step="2"/><V59/><F33/><W43/><G117/><T53/><D53/><U116/><E116/><V36/><F36/><W126/><G126/><T103/><D103/><U119/><E119/><V9/><F78/><W6/><G6/><T111/><D111/><U20/><E20/><V128/><F128/><W30/><G30/><T17/><REACH who="0" step="1"/><D91/><REACH who="0" ten="188,292,250,250" step="2"/><U1/><E1/><V134/><F108/><W76/><G76/><T92/><D92/><U42/><AGARI ba="0,2" hai="37,42,44,49,51,63,65,70,81,86,90,96,98,99" machi="42" ten="30,3000,0" yaku="1,1,0,1,53,0" doraHai="113" doraHaiUra="15" who="1" fromWho="1" sc="188,-10,292,50,250,-10,250,-10" />
</Scene>
<Scene>
<INIT seed="1,1,0,0,4,84" ten="178,342,240,240" oya="1" hai0="33,68,76,116,42,131,120,22,52,41,20,62,67" hai1="61,55,66,132,5,118,91,15,17,43,88,2,23" hai2="112,96,87,115,6,63,128,78,27,75,60,51,70" hai3="65,95,77,0,133,38,8,54,110,123,103,29,100"/><U101/><E118/><V45/><F128/><W97/><G123/><T79/><D116/><U40/><E132/><V104/><F75/><W102/><G133/><T31/><D131/><U98/><E55/><V24/><F6/><W48/><G110/><T37/><D120/><U19/><E2/><V14/><F14/><W71/><G38/><T74/><D33/><U1/><E1/><V9/><F9/><W10/><G77/><T89/><D74/><U13/><E5/><V4/><F4/><W134/><G134/><T46/><D42/><U28/><E28/><V32/><F70/><W92/><G0/><T57/><D22/><U111/><E111/><V129/><F129/><W18/><G29/><T121/><D121/><U117/><E117/><V3/><F3/><W109/><G109/><T30/><D30/><U113/><E113/><N who="2" m="43595" /><F32/><W36/><G71/><T130/><D130/><U12/><E43/><N who="2" m="25023" /><F87/><W125/><G8/><T106/><D106/><U59/><E40/><V50/><F50/><W25/><G48/><T80/><D20/><N who="1" m="11303" /><E15/><V69/><F78/><W107/><G107/><T82/><D31/><U83/><E83/><V85/><F69/><W16/><G10/><T73/><D73/><U58/><E58/><V11/><F11/><W105/><G105/><T127/><D80/><U53/><E53/><V86/><F24/><W49/><G25/><T35/><D35/><U26/><E26/><V114/><F27/><W99/><G54/><T90/><D52/><U122/><E122/><V135/><N who="2" m="43603" /><V72/><DORA hai="94" /><F72/><W56/><G56/><T124/><D57/><RYUUKYOKU ba="1,0" sc="178,-10,342,30,240,-10,240,-10" hai1="13,19,23,59,61,66,88,91,98,101" />
</Scene>
<Scene>
<INIT seed="1,2,0,2,0,127" ten="168,372,230,230" oya="1" hai0="3,105,79,66,75,13,71,27,31,19,111,130,85" hai1="134,56,0,23,14,16,68,20,99,91,57,101,80" hai2="22,40,7,87,76,70,63,119,60,98,4,121,9" hai3="33,25,93,90,104,32,1,78,89,21,112,5,11"/><U50/><E68/><V8/><F121/><W38/><G104/><T77/><D3/><U86/><E134/><V96/><F119/><W34/><G112/><T15/><D105/><U36/><E36/><V81/><F40/><W37/><G78/><T113/><D113/><U41/><E0/><V24/><F70/><W43/><G43/><T128/><D75/><U62/><E23/><V53/><F8/><W59/><G59/><T45/><D111/><U118/><E118/><V61/><F53/><W73/><G73/><T132/><D132/><U29/><E29/><V12/><REACH who="2" step="1"/><F4/><REACH who="2" ten="168,372,220,230" step="2"/><W30/><REACH who="3" step="1"/><G90/><REACH who="3" ten="168,372,220,220" step="2"/><T58/><D71/><U74/><E41/><V125/><F125/><W6/><G6/><T129/><D45/><U54/><E57/><V49/><F49/><W108/><G108/><T28/><D58/><U92/><REACH who="1" step="1"/><E74/><REACH who="1" ten="168,362,220,220" step="2"/><V47/><F47/><W106/><G106/><T135/><D135/><U131/><E131/><V52/><F52/><W35/><N who="3" m="8192" /><DORA hai="39" /><W65/><G65/><T126/><D66/><U115/><E115/><V18/><AGARI ba="2,3" hai="7,9,12,18,22,24,60,61,63,76,81,87,96,98" machi="18" ten="30,4000,0" yaku="1,1,0,1,8,1,53,0" doraHai="127,39" doraHaiUra="44,110" who="2" fromWho="2" sc="168,-12,362,-22,220,76,220,-12" />
</Scene>
<Scene>
<INIT seed="2,0,0,4,2,39" ten="156,340,296,208" oya="2" hai0="13,82,104,109,19,106,71,36,76,69,48,92,65" hai1="35,7,47,20,129,73,74,93,57,27,134,60,5" hai2="83,12,59,18,114,42,63,87,14,86,100,90,95" hai3="56,29,10,58,98,51,8,124,17,4,43,135,24"/><V28/><F114/><W40/><G135/><T55/><D109/><U103/><E35/><V126/><F126/><W119/><G119/><T66/><D36/><U80/><E134/><V64/><F28/><W78/><G124/><T110/><D110/><U52/><E129/><V125/><F125/><W2/><G78/><T41/><D92/><U11/><E47/><V111/><F111/><W62/><G98/><T1/><D1/><U53/><E53/><V107/><F107/><W46/><G62/><T72/><D106/><U50/><E50/><V31/><F31/><W38/><G38/><T84/><D104/><U132/><E132/><V115/><F115/><W34/><REACH who="3" step="1"/><G43/><REACH who="3" ten="156,340,296,198" step="2"/><T117/><D117/><U37/><E37/><V23/><F42/><W128/><G128/><T6/><D41/><U122/><E60/><V91/><REACH who="2" step="1"/><F100/><REACH who="2" ten="156,340,286,198" step="2"/><W121/><G121/><T25/><D71/><U49/><E122/><V116/><F116/><W3/><G3/><T32/><D69/><U108/><E108/><V85/><F85/><W9/><G9/><N who="0" m="4279" /><D84/><U67/><E11/><V120/><F120/><W70/><G70/><T105/><D72/><U0/><E74/><V112/><F112/><W26/><G26/><AGARI ba="0,2" hai="12,14,18,23,26,59,63,64,83,86,87,90,91,95" machi="26" ten="30,5800,0" yaku="1,1,7,1,8,1,53,0" doraHai="39" doraHaiUra="118" who="2" fromWho="3" sc="156,0,340,0,286,78,198,-58" />
</Scene>
<Scene>
<INIT seed="2,1,0,0,4,93" ten="156,340,364,140" oya="2" hai0="125,117,31,22,26,127,124,99,123,25,83,36,112" hai1="3,15,30,121,34,88,44,95,70,120,130,63,133" hai2="65,98,11,115,12,20,69,45,0,94,81,84,56" hai3="129,18,21,41,109,114,107,119,77,6,64,116,89"/><V35/><F115/><W13/><G114/><T108/><D112/><U92/><E3/><V59/><F35/><W37/><G109/><T110/><D36/><U97/><E130/><V2/><F69/><W46/><G129/><T104/><D123/><N who="1" m="47179" /><E133/><V51/><F20/><W85/><G107/><T53/><D117/><U42/><E15/><V128/><F128/><W103/><G103/><N who="0" m="62591" /><D83/><U32/><E30/><V126/><F126/><N who="0" m="32258" /><T38/><DORA hai="61" /><D38/><N who="1" m="21591" /><E92/><V14/><F14/><W57/><G77/><T29/><D53/><U78/><E78/><N who="2" m="46135" /><F65/><AGARI ba="1,0" hai="32,34,63,65,70,88,95,97" m="21591,47179" machi="65" ten="30,7700,0" yaku="13,1,52,2,54,1" doraHai="93,61" who="1" fromWho="2" sc="156,0,340,80,364,-80,140,0" />
</Scene>
<Scene>
<INIT seed="3,0,0,4,3,9" ten="156,420,284,140" oya="3" hai0="2,108,33,54,85,32,125,97,94,11,78,7,60" hai1="56,133,128,30,130,27,124,42,122,90,98,43,1" hai2="95,76,110,100,53,4,70,40,105,37,114,66,119" hai3="31,14,75,120,48,28,29,135,64,83,79,71,44"/><W112/><G112/><T131/><D108/><U101/><E122/><V50/><F110/><W107/><G120/><T17/><D125/><U52/><E1/><V65/><F114/><W34/><G107/><T132/><D131/><N who="1" m="50219" /><E90/><V13/><F119/><W45/><G135/><T24/><D132/><U73/><E73/><V129/><F105/><W118/><G118/><T113/><D113/><U123/><E124/><V22/><F129/><W92/><G34/><T89/><D85/><U46/><E46/><V38/><F76/><W82/><G82/><T77/><D33/><N who="1" m="20703" /><E123/><V121/><F100/><W126/><G126/><T62/><D62/><N who="1" m="36103" /><E133/><V104/><F121/><W99/><G48/><T16/><D32/><U134/><E134/><V96/><F50/><W5/><G64/><T72/><D72/><U127/><E127/><V23/><F65/><W61/><G61/><T80/><D80/><U63/><E63/><V74/><F66/><W49/><G71/><T0/><D0/><U86/><E86/><V81/><F70/><W84/><G75/><T12/><D2/><U25/><E25/><V59/><F74/><W103/><REACH who="3" step="1"/><G49/><REACH who="3" ten="156,420,284,130" step="2"/><T20/><D60/><U58/><E58/><V57/><F59/><W67/><G67/><T18/><D54/><U117/><E117/><V116/><F53/><W69/><G69/><T21/><D77/><U91/><E43/><V111/><F40/><W115/><G115/><T87/><D78/><U39/><E42/><V109/><F116/><W35/><G35/><T102/><D24/><U8/><E39/><N who="2" m="14859" /><F81/><W88/><G88/><T51/><D51/><RYUUKYOKU ba="0,1" sc="156,15,420,-15,284,-15,130,15" hai0="7,11,12,16,17,18,20,21,87,89,94,97,102" hai3="5,14,28,29,31,44,45,79,83,84,92,99,103" />
</Scene>
<Scene>
<INIT seed="3,1,1,2,3,25" ten="171,405,269,145" oya="3" hai0="29,98,80,88,135,124,131,130,56,101,76,31,9" hai1="34,59,45,48,67,89,119,79,6,20,118,33,2" hai2="72,32,27,68,86,104,122,57,26,47,81,96,113" hai3="75,58,69,127,120,42,94,126,108,107,22,0,35"/><W63/><G107/><T83/><D124/><N who="3" m="47657" /><G35/><T82/><D135/><U71/><E71/><V129/><F113/><W51/><G120/><T117/><D117/><N who="1" m="44555" /><E79/><V73/><F122/><W97/><G75/><T8/><D76/><U1/><E20/><V110/><F110/><W121/><G121/><T38/><D38/><U65/><E89/><V87/><F129/><N who="0" m="49162" /><D56/><U109/><E109/><V17/><F57/><W95/><G108/><T15/><D9/><N who="1" m="2255" /><E2/><V112/><F68/><W70/><G0/><T52/><D52/><N who="1" m="29711" /><E59/><V78/><F112/><W92/><G97/><T49/><D49/><U3/><E3/><V93/><F96/><W74/><G74/><T100/><D88/><U133/><E133/><V106/><F72/><W50/><G50/><T123/><D123/><U54/><E54/><V64/><F73/><W125/><G125/><T30/><D98/><U37/><E37/><V85/><F85/><W41/><G22/><T60/><D60/><U4/><E4/><AGARI ba="1,1" hai="4,8,15,29,30,31,80,82,83,100,101" m="49162" machi="4" ten="40,8000,1" yaku="19,1,52,3" doraHai="25" who="0" fromWho="1" sc="171,93,405,-83,269,0,145,0" />
</Scene>
<Scene>
<INIT seed="4,0,0,1,0,98" ten="264,322,269,145" oya="0" hai0="107,5,20,72,90,132,77,37,29,8,52,6,70" hai1="41,114,61,106,95,112,87,120,14,60,67,55,11" hai2="4,46,82,100,32,48,116,51,18,44,68,130,113" hai3="69,50,99,42,122,111,78,104,2,127,1,28,85"/><T131/><D70/><U94/><E106/><V7/><F113/><N who="1" m="43625" /><E120/><V121/><F121/><W71/><G122/><T63/><D5/><N who="1" m="3439" /><E41/><V49/><F130/><W15/><G111/><T9/><D9/><U39/><E39/><V23/><F32/><W57/><G28/><T76/><D131/><U134/><E134/><V102/><F68/><W45/><G127/><T53/><D37/><U66/><E55/><N who="2" m="30087" /><F82/><W124/><G124/><T109/><D132/><U0/><E0/><V80/><F80/><W115/><G115/><T19/><D29/><U129/><E129/><V13/><F116/><W101/><G71/><T26/><D107/><U128/><E128/><V93/><F93/><N who="1" m="35337" /><E87/><V79/><F79/><W58/><G69/><T118/><D118/><U74/><E74/><V105/><F105/><W16/><G78/><N who="0" m="30315" /><D72/><U30/><E30/><V47/><F4/><W135/><G135/><T62/><D90/><U31/><E31/><V125/><F7/><W84/><G1/><T27/><D109/><U83/><E83/><V97/><F125/><W108/><G2/><T91/><D91/><U86/><E86/><V24/><F97/><W89/><G108/><T119/><D119/><U81/><E81/><V117/><F117/><W126/><G126/><T40/><D40/><U59/><E59/><N who="3" m="22538" /><G89/><T34/><D34/><U10/><E10/><N who="2" m="6455" /><F46/><W133/><G133/><T22/><D8/><U38/><E38/><V64/><F47/><W36/><G36/><T110/><D110/><U25/><E25/><V3/><F3/><W17/><G17/><N who="0" m="12559" /><D6/><U43/><E43/><V35/><F35/><RYUUKYOKU ba="0,0" sc="264,10,322,10,269,-30,145,10" hai0="19,22,27,52,53,62,63" hai1="60,61,66,67" hai3="15,16,42,45,50,84,85,99,101,104" />
</Scene>
<Scene>
<INIT seed="4,1,0,0,3,46" ten="274,332,239,155" oya="0" hai0="35,74,41,43,110,109,119,31,12,93,63,51,7" hai1="107,123,70,85,77,21,108,11,54,56,134,16,6" hai2="60,29,42,78,102,57,14,37,73,30,116,20,39" hai3="100,126,4,90,13,5,32,8,125,49,80,71,131"/><T111/><D119/><U50/><E108/><V3/><F3/><W0/><G71/><T97/><D74/><U105/><E70/><V19/><F116/><W47/><G32/><T17/><D7/><U87/><E123/><V59/><F102/><W48/><G100/><T135/><D135/><U114/><E134/><V121/><F121/><W98/><G131/><T62/><D31/><U55/><E114/><V36/><F42/><W53/><G0/><T106/><D106/><U52/><E105/><V82/><REACH who="2" step="1"/><F57/><REACH who="2" ten="274,332,229,155" step="2"/><N who="3" m="32935" /><G126/><T23/><D43/><U83/><E107/><V1/><F1/><W58/><G58/><T124/><D124/><U34/><E56/><V129/><F129/><W94/><G125/><T72/><D72/><U69/><E69/><V2/><F2/><W26/><G26/><T91/><D35/><U118/><E34/><V86/><F86/><W112/><G112/><T44/><AGARI ba="1,1" hai="12,17,23,41,44,51,62,63,91,93,97,109,110,111" machi="44" ten="40,7800,0" yaku="0,1,10,1,52,1" doraHai="46" who="0" fromWho="0" sc="274,91,332,-27,229,-27,155,-27" />
</Scene>
<Scene>
<INIT seed="4,2,0,4,2,50" ten="365,305,202,128" oya="0" hai0="67,45,18,89,110,128,77,76,93,27,66,7,26" hai1="98,3,109,14,129,131,101,126,17,127,92,81,65" hai2="118,123,47,94,11,2,132,103,121,10,135,122,42" hai3="29,80,106,85,62,36,34,46,114,51,107,113,5"/><T69/><D128/><N who="1" m="49227" /><E3/><V60/><F118/><W8/><G36/><T86/><D110/><U40/><E109/><V13/><F2/><W21/><G34/><T104/><D104/><U19/><E40/><V105/><F105/><W111/><G111/><T96/><D7/><U73/><E65/><N who="0" m="24585" /><D69/><U12/><E73/><V71/><F71/><W88/><G62/><T134/><D134/><N who="2" m="51242" /><F60/><W52/><G21/><N who="0" m="13623" /><D27/><U43/><E43/><V120/><F120/><W39/><G29/><T56/><D56/><U112/><E81/><V61/><F61/><W90/><G39/><T97/><D45/><U95/><E112/><N who="3" m="43114" /><G90/><T100/><D100/><U30/><E30/><V20/><F20/><W23/><G23/><T82/><D82/><U33/><E33/><V15/><F10/><W63/><G63/><T84/><D84/><U55/><E101/><V74/><F74/><W54/><G54/><T0/><D0/><AGARI ba="2,0" hai="0,5,8,46,51,52,80,85,88,106,107" m="43114" machi="0" ten="30,7700,0" yaku="15,1,52,1,54,2" doraHai="50" who="3" fromWho="0" sc="365,-83,305,0,202,0,128,83" />
</Scene>
<Scene>
<INIT seed="5,0,0,2,1,64" ten="282,305,202,211" oya="1" hai0="130,93,87,26,133,72,134,108,106,89,46,67,128" hai1="68,75,51,41,42,38,7,13,107,104,24,35,39" hai2="126,56,111,23,119,20,100,16,8,50,54,91,129" hai3="116,28,125,15,84,65,52,36,99,29,59,18,9"/><U69/><E51/><V60/><F111/><W5/><G36/><T114/><D108/><U19/><E7/><V83/><F119/><W17/><G116/><T70/><D114/><U86/><E75/><V121/><F121/><W31/><G125/><T44/><D72/><U57/><E57/><V117/><F117/><W102/><G84/><T1/><D1/><U110/><E110/><V21/><F126/><W37/><G65/><T96/><D26/><U11/><E86/><N who="2" m="50655" /><F129/><N who="0" m="49770" /><D106/><U43/><E107/><V118/><F118/><W27/><G27/><T78/><D78/><U109/><E104/><V97/><F100/><W92/><REACH who="3" step="1"/><G37/><REACH who="3" ten="282,305,202,201" step="2"/><T3/><D87/><U132/><E109/><V120/><F120/><W135/><G135/><T85/><D85/><U66/><E132/><V101/><F97/><W77/><G77/><T48/><D133/><U74/><E74/><V63/><F101/><W71/><G71/><T113/><D67/><U32/><E66/><V123/><F123/><W124/><G124/><T94/><D70/><U12/><E39/><V6/><F6/><W95/><G95/><T10/><D134/><U25/><E38/><V127/><F127/><W58/><G58/><T55/><D93/><U61/><E69/><V81/><F81/><W47/><G47/><N who="0" m="28063" /><D113/><U73/><E73/><V76/><F76/><W105/><G105/><T45/><D45/><U82/><E82/><V40/><F40/><W62/><AGARI ba="0,1" hai="5,9,15,17,18,28,29,31,52,59,62,92,99,102" machi="62" ten="30,7900,0" yaku="1,1,0,1,8,1,54,1,53,0" doraHai="64" doraHaiUra="115" who="3" fromWho="3" sc="282,-20,305,-39,202,-20,201,89" />
</Scene>
<Scene>
<INIT seed="6,0,0,5,1,119" ten="262,266,182,290" oya="2" hai0="86,117,25,47,103,77,67,31,135,54,93,21,75" hai1="1,126,35,125,95,43,89,133,66,84,40,132,87" hai2="46,122,20,12,114,62,0,26,36,92,116,50,2" hai3="45,58,104,83,11,42,88,80,61,127,23,64,59"/><V76/><F36/><W6/><G104/><T7/><D135/><N who="1" m="51787" /><E1/><V15/><F116/><W41/><G127/><N who="1" m="48650" /><E35/><V90/><F114/><W8/><G59/><T73/><D117/><U124/><N who="1" m="48658" /><U131/><DORA hai="111" /><E66/><V30/><F122/><W70/><G70/><T52/><D7/><U51/><E51/><V44/><F76/><W32/><G32/><T24/><D67/><U101/><E101/><V38/><F38/><W72/><G72/><T4/><D4/><U5/><E5/><V109/><F109/><W28/><G6/><T118/><D118/><U79/><E131/><V37/><F37/><W34/><G34/><T74/><D103/><U56/><E56/><V130/><F130/><W60/><G60/><T9/><D47/><U71/><E71/><V68/><F68/><W110/><G110/><T22/><D54/><U85/><E79/><V53/><F62/><W112/><G45/><T13/><D52/><U78/><E78/><V107/><F107/><W115/><G42/><AGARI ba="0,0" hai="40,42,43,84,85,87,89,95" m="48658,51787" machi="42" ten="50,3200,0" yaku="20,1,18,1" doraHai="119,111" who="1" fromWho="3" sc="262,0,266,32,182,0,290,-32" />
</Scene>
<Scene>
<INIT seed="7,0,0,1,1,93" ten="262,298,182,258" oya="3" hai0="126,49,34,28,62,51,107,87,109,61,26,112,133" hai1="2,119,69,124,98,36,76,101,125,131,44,48,95" hai2="94,4,68,55,116,45,115,13,110,10,72,74,65" hai3="14,15,113,81,66,122,96,25,92,108,0,111,132"/><W16/><G0/><T129/><D109/><N who="3" m="42057" /><G122/><T46/><D107/><U43/><E69/><V32/><F110/><W134/><G113/><T47/><D126/><N who="1" m="48747" /><E131/><V97/><F116/><W30/><G66/><T53/><D133/><N who="3" m="51305" /><G81/><T71/><D71/><U37/><E119/><V35/><F115/><W123/><G16/><T1/><D1/><U20/><E2/><V84/><F84/><W135/><G123/><T27/><D129/><U100/><E76/><V50/><F65/><W117/><G117/><T52/><D112/><U7/><E7/><V33/><REACH who="2" step="1"/><F68/><REACH who="2" ten="262,298,172,258" step="2"/><W29/><G135/><T12/><D87/><U90/><E20/><V6/><F6/><W80/><G80/><T17/><D27/><U5/><E5/><V86/><F86/><W23/><G30/><T85/><D85/><U67/><E67/><V83/><F83/><W54/><G54/><T70/><D70/><U31/><E31/><V73/><F73/><W38/><G38/><AGARI ba="0,1" hai="36,37,38,43,44,48,90,95,98,100,101" m="48747" machi="38" ten="30,2000,0" yaku="18,1,52,1" doraHai="93" who="1" fromWho="3" sc="262,0,298,30,172,0,258,-20" owari="262,6.0,328,43.0,172,-33.0,238,-16.0" />
</Scene>
</mjloggm>