<mjloggm ver="2.3"><GO type="41" lobby="0"/><UN n0="%63%6B%62" n1="%E5%A4%AA%E3%81%8F%E3%81%AA%E3%81%84%E3%81%8A" n2="%70%75%74%69%68%6F%73%65" n3="%53%65%61" dan="13,17,13,15" rate="1905.64,2244.56,1836.38,2002.28" sx="M,M,M,M"/><TAIKYOKU oya="0"/>

<Scene>
<INIT seed="0,0,0,0,1,118" ten="250,250,250,250" oya="0" hai0="108,42,62,0,112,19,126,98,41,85,123,119,113" hai1="50,69,107,95,121,106,104,13,124,102,82,89,26" hai2="5,105,117,72,6,18,1,43,7,56,31,116,4" hai3="100,92,131,101,76,16,74,77,10,29,130,17,75"/><T35/><D0/><U59/><E69/><V2/><F105/><W54/><G54/><T57/><D119/><N who="2" m="45642" /><F72/><N who="3" m="27691" /><G29/><T22/><D35/><U87/><E124/><V96/><F43/><W46/><G46/><T3/><D3/><U14/><E26/><V61/><F96/><W51/><G51/><T24/><D126/><U109/><E109/><V84/><F84/><W129/><G10/><T132/><D108/><U122/><E102/><N who="3" m="39530" /><G92/><T40/><D132/><U39/><E39/><V115/><F115/><W37/><G37/><T97/><D113/><U38/><E38/><V111/><F111/><W63/><G63/><T91/><D123/><U71/><E71/><V133/><F133/><W47/><G47/><T55/><REACH who="0" step="1"/><D112/><REACH who="0" ten="240,250,250,250" step="2"/><U8/><E121/><V134/><F134/><W28/><G28/><T81/><AGARI ba="0,1" hai="19,22,24,40,41,42,55,57,62,81,85,91,97,98" machi="81" ten="30,12000,1" yaku="1,1,2,1,0,1,8,1,53,1" doraHai="118" doraHaiUra="20" who="0" fromWho="0" sc="240,130,250,-40,250,-40,250,-40" />
</Scene>
<Scene>
<INIT seed="0,1,0,0,3,115" ten="370,210,210,210" oya="0" hai0="34,30,22,82,52,70,57,18,47,67,128,59,33" hai1="69,76,116,124,58,131,46,24,110,114,32,84,91" hai2="125,121,87,42,85,28,92,126,94,103,100,10,99" hai3="132,53,63,119,72,60,35,17,96,90,105,95,129"/><T120/><D120/><U0/><E69/><V16/><F121/><W6/><G72/><T48/><D128/><U62/><E0/><V11/><F42/><W5/><G129/><T37/><D30/><U4/><E131/><V44/><F28/><W43/><G35/><T98/><D98/><U3/><E76/><V108/><F44/><W101/><G43/><N who="0" m="23023" /><D82/><U77/><E77/><V93/><F93/><W102/><G132/><T113/><D113/><U130/><E24/><V65/><F65/><W45/><G102/><T38/><D38/><U36/><E36/><V127/><F108/><W56/><G119/><T15/><D59/><U13/><E58/><V8/><F99/><W71/><G45/><T109/><D109/><U31/><E31/><V80/><F80/><W29/><G29/><T20/><D20/><U75/><E46/><V51/><F51/><W86/><G17/><T49/><D49/><U14/><E130/><V133/><F133/><W66/><AGARI ba="1,0" hai="5,6,53,56,60,63,66,71,86,90,95,96,101,105" machi="66" ten="30,1100,0" yaku="0,1" doraHai="115" who="3" fromWho="3" sc="370,-6,210,-4,210,-4,210,14" />
</Scene>
<Scene>
<INIT seed="1,0,0,5,3,28" ten="364,206,206,224" oya="1" hai0="93,72,88,91,57,11,50,132,2,4,54,22,111" hai1="90,79,128,105,135,86,62,25,49,104,20,5,94" hai2="59,114,46,21,53,55,65,107,119,129,120,18,101" hai3="31,14,3,33,121,30,95,112,38,87,0,80,134"/><U68/><E135/><V125/><F119/><W8/><G121/><T51/><D72/><U16/><E128/><V124/><F120/><W127/><G134/><T37/><D37/><U122/><E122/><V85/><F129/><W26/><G112/><T66/><D132/><U118/><E118/><V56/><F114/><W103/><G38/><T117/><D111/><U92/><E79/><V42/><F101/><W109/><G127/><N who="2" m="48713" /><F107/><W73/><G31/><T97/><D117/><U126/><E126/><V106/><F106/><W133/><G133/><T113/><D113/><U17/><E5/><V108/><F108/><W9/><G109/><T64/><D51/><U32/><E32/><V82/><F65/><W13/><G73/><T70/><D70/><U34/><E34/><V84/><F56/><W74/><G74/><T100/><D22/><U7/><E7/><V43/><F84/><W23/><G33/><T102/><D66/><U36/><E36/><V1/><F1/><W40/><G3/><T39/><D39/><U116/><E116/><V45/><F59/><W115/><G0/><T6/><D6/><U19/><E49/><V76/><F43/><W29/><G40/><T89/><D64/><N who="1" m="40983" /><E105/><V44/><F42/><W83/><G115/><T71/><D71/><U99/><E104/><V47/><N who="2" m="11776" /><DORA hai="75" /><V130/><F130/><W123/><G123/><T27/><D102/><U60/><E60/><V78/><F78/><W110/><G110/><T15/><D2/><U69/><E69/><V96/><F96/><N who="3" m="59807" /><G87/><T24/><AGARI ba="0,0" hai="4,11,15,24,27,50,54,57,88,89,91,93,97,100" machi="24" ten="30,4000,0" yaku="0,1,8,1,54,1" doraHai="28,75" who="0" fromWho="0" sc="364,40,206,-20,206,-10,224,-10" />
</Scene>
<Scene>
<INIT seed="2,0,0,3,5,42" ten="404,186,196,214" oya="2" hai0="25,90,5,111,113,28,132,57,51,125,131,72,120" hai1="86,119,23,19,33,100,46,88,3,52,2,13,89" hai2="109,122,78,97,104,127,116,34,85,24,59,76,40" hai3="43,117,10,8,135,17,65,77,107,71,103,32,67"/><V49/><F116/><W123/><G117/><T93/><D120/><U130/><E119/><V0/><F122/><W115/><G123/><T16/><D72/><U39/><E33/><V36/><F0/><W44/><G77/><T121/><D113/><U82/><E130/><V108/><F127/><W128/><G128/><T4/><D131/><U7/><E100/><N who="2" m="62479" /><F36/><W12/><G32/><T70/><D70/><U50/><E39/><V45/><F59/><W133/><G115/><T75/><D75/><U114/><E114/><V80/><F34/><W98/><G10/><T35/><D121/><U26/><REACH who="1" step="1"/><E89/><REACH who="1" ten="404,176,196,214" step="2"/><N who="2" m="51367" /><F24/><W21/><G133/><T11/><D132/><U22/><E22/><V101/><F101/><W96/><G135/><T69/><D125/><U84/><E84/><V110/><AGARI ba="0,1" hai="40,45,49,76,78,108,109,110" m="51367,62479" machi="110" ten="30,6000,0" yaku="14,1,10,1,52,1" doraHai="42" who="2" fromWho="2" sc="404,-20,176,-20,196,70,214,-20" />
</Scene>
<Scene>
<INIT seed="2,1,0,2,2,105" ten="384,156,266,194" oya="2" hai0="93,35,131,20,27,19,73,115,10,127,121,44,60" hai1="117,106,77,49,38,88,34,66,86,16,55,100,82" hai2="87,15,63,83,98,114,94,118,54,2,110,125,126" hai3="101,22,12,69,18,39,7,52,132,53,56,97,109"/><V51/><F118/><W40/><G69/><T9/><D121/><U119/><E38/><V111/><F114/><W108/><G132/><T42/><D115/><U116/><E34/><V71/><F2/><W26/><G40/><T95/><D35/><U37/><E37/><V0/><F0/><W64/><G39/><T76/><D131/><U74/><E66/><V28/><F28/><W57/><G64/><T133/><D127/><N who="2" m="48650" /><F15/><W11/><G56/><T8/><D133/><U24/><E106/><V122/><F122/><W129/><G129/><T75/><D76/><U65/><E65/><N who="2" m="41407" /><F51/><W32/><G32/><T25/><D60/><U46/><E100/><V59/><F59/><W23/><G23/><T17/><D44/><U85/><REACH who="1" step="1"/><E88/><REACH who="1" ten="384,146,266,194" step="2"/><N who="2" m="51327" /><F54/><W70/><G53/><T67/><D42/><U134/><E134/><V135/><F135/><W92/><REACH who="3" step="1"/><G70/><REACH who="3" ten="384,146,266,184" step="2"/><T78/><D67/><U47/><E47/><V29/><F29/><W1/><G1/><T104/><D20/><AGARI ba="1,2" hai="16,20,24,46,49,55,74,77,82,85,86,116,117,119" machi="20" ten="40,5200,0" yaku="1,1,52,1,54,1,53,0" doraHai="105" doraHaiUra="102" who="1" fromWho="0" sc="384,-55,146,75,266,0,184,0" />
</Scene>
<Scene>
<INIT seed="3,0,0,0,1,107" ten="329,221,266,184" oya="3" hai0="103,99,52,42,3,126,69,116,125,45,27,17,81" hai1="82,2,44,121,20,80,89,135,13,57,62,115,73" hai2="85,4,60,61,64,118,90,58,19,123,113,63,47" hai3="91,41,36,134,48,114,14,28,5,74,132,108,129"/><W86/><G114/><T128/><D116/><U94/><E2/><V34/><F113/><W43/><G129/><T83/><D128/><U23/><E115/><V110/><F118/><W87/><G36/><T109/><D3/><U68/><E68/><V124/><F34/><W70/><G70/><T72/><D69/><U29/><E121/><V22/><F123/><W84/><G28/><T46/><D109/><U21/><E135/><N who="3" m="51754" /><G91/><T65/><D65/><U88/><E29/><V39/><F110/><W71/><G71/><T100/><D42/><N who="3" m="15881" /><G108/><T120/><D120/><U56/><E44/><V6/><F124/><N who="0" m="47722" /><D17/><U54/><E57/><V105/><F105/><W75/><G48/><N who="0" m="28687" /><D46/><U79/><E80/><V7/><F47/><W16/><G5/><T37/><D37/><U26/><E26/><V40/><F40/><W18/><G18/><T122/><D122/><U111/><E111/><V55/><F39/><W76/><G76/><N who="0" m="44167" /><D27/><U33/><E56/><V1/><F1/><W112/><G112/><T130/><D130/><U0/><E0/><V95/><F64/><W25/><G25/><AGARI ba="0,0" hai="4,6,7,19,22,25,55,58,60,61,63,85,90,95" machi="25" ten="40,1300,0" yaku="8,1" doraHai="107" who="2" fromWho="3" sc="329,0,221,0,266,13,184,-13" />
</Scene>
<Scene>
<INIT seed="4,0,0,0,4,20" ten="329,221,279,171" oya="0" hai0="32,12,119,70,31,37,124,1,36,114,34,28,109" hai1="46,69,85,55,25,135,67,51,50,105,90,17,82" hai2="94,2,132,92,118,73,10,44,71,52,104,133,62" hai3="78,106,18,47,64,74,89,5,40,26,134,101,98"/><T16/><D70/><U13/><E105/><V110/><F73/><W9/><G134/><N who="2" m="51817" /><F110/><W43/><G64/><T127/><D37/><U122/><E135/><V126/><F104/><W27/><G18/><T99/><D99/><U130/><E122/><V59/><F126/><N who="0" m="48170" /><D36/><U0/><E0/><V14/><F2/><W63/><G63/><T15/><D1/><U72/><E130/><V33/><F33/><N who="0" m="12906" /><D109/><U6/><E72/><V42/><F118/><W22/><G89/><T87/><D87/><U100/><E100/><V54/><F71/><W39/><G43/><T3/><D3/><U93/><E67/><V128/><F128/><W121/><G121/><T41/><D41/><U131/><E69/><V77/><F77/><W29/><G78/><T129/><D129/><U66/><E66/><V115/><F115/><W84/><G74/><T120/><D120/><U7/><E131/><V125/><F125/><W65/><G84/><T81/><D81/><U102/><E51/><N who="2" m="27031" /><F54/><W48/><G48/><T60/><D114/><U111/><E111/><V45/><F45/><W96/><G47/><T58/><D119/><U49/><E49/><V79/><F79/><W24/><G39/><T35/><N who="0" m="12914" /><T112/><DORA hai="103" /><D112/><U88/><E102/><V116/><F116/><W19/><G101/><T23/><D12/><U53/><E13/><V108/><F108/><W61/><G40/><T113/><D113/><U11/><E46/><V68/><F68/><W95/><G106/><T57/><D57/><U30/><E50/><V86/><F86/><W76/><G76/><T38/><D38/><RYUUKYOKU ba="0,0" sc="329,15,221,-15,279,15,171,-15" hai0="15,16,23,28,31,58,60" hai2="10,14,52,59,62,92,94" />
</Scene>
<Scene>
<INIT seed="4,1,0,4,1,44" ten="344,206,294,156" oya="0" hai0="112,20,108,124,23,101,19,49,34,122,88,75,84" hai1="52,46,95,80,67,36,0,27,48,110,131,82,66" hai2="103,120,2,54,116,22,104,16,115,73,26,43,33" hai3="56,78,31,37,53,18,70,77,130,7,4,134,40"/><T10/><D122/><U132/><E0/><V59/><F120/><W87/><G70/><T113/><D75/><U125/><E110/><V42/><F73/><W35/><G134/><T39/><D34/><U21/><E132/><V8/><F103/><W102/><G102/><T30/><D39/><U29/><E125/><V69/><F69/><W135/><G135/><T85/><D101/><U121/><E121/><V86/><F104/><W28/><G130/><T117/><D117/><U96/><E36/><V81/><F116/><W1/><G37/><T114/><D124/><U15/><E131/><V98/><F115/><W105/><G105/><T9/><D108/><U57/><E15/><V17/><F33/><W94/><G18/><T133/><D84/><U72/><E72/><V62/><F98/><W3/><G40/><T93/><D30/><N who="3" m="11305" /><G35/><T32/><D23/><U25/><E25/><V106/><F106/><W74/><G74/><T64/><D64/><N who="1" m="24619" /><E57/><V123/><F123/><W41/><G41/><T109/><D32/><U119/><E119/><V128/><F128/><W50/><G1/><T127/><D109/><U79/><E79/><N who="3" m="30218" /><G3/><T47/><D133/><U71/><E71/><V55/><F54/><W118/><G118/><T58/><D58/><U24/><E24/><V100/><F100/><AGARI ba="1,0" hai="21,27,29,46,48,52,80,82,95,96,100" m="24619" machi="100" ten="30,3900,0" yaku="8,1,52,1,54,1" doraHai="44" who="1" fromWho="2" sc="344,0,206,42,294,-42,156,0" />
</Scene>
<Scene>
<INIT seed="5,0,0,2,4,92" ten="344,248,252,156" oya="1" hai0="56,109,125,6,63,61,41,69,135,3,85,117,127" hai1="62,129,131,132,34,29,42,90,13,88,32,2,49" hai2="46,134,89,39,48,47,31,65,15,130,77,73,99" hai3="119,115,55,11,26,5,112,0,126,35,68,17,79"/><U9/><E2/><V124/><F77/><W28/><G68/><T121/><D117/><U108/><E132/><V25/><F73/><W82/><G55/><T52/><D109/><U8/><E108/><V101/><F134/><W33/><G82/><T114/><D121/><U14/><E62/><V91/><F65/><W105/><G105/><T71/><D135/><U122/><E49/><V37/><F124/><N who="0" m="47690" /><D6/><U87/><E42/><V51/><F130/><W22/><G79/><T116/><D3/><U76/><E76/><V123/><F123/><W75/><G75/><T80/><D116/><U97/><E122/><V84/><F15/><N who="3" m="9535" /><G126/><T57/><D114/><N who="3" m="43561" /><G119/><T113/><D113/><U93/><E87/><V45/><F39/><W133/><G133/><T70/><D85/><U12/><E90/><V103/><F37/><W43/><G43/><T128/><D80/><U19/><E13/><V106/><F101/><W96/><G96/><T36/><D128/><N who="1" m="49227" /><E29/><V38/><F38/><W21/><AGARI ba="0,0" hai="0,5,11,21,26,28,33,35" m="43561,9535" machi="21" ten="30,4000,0" yaku="15,1,34,2" doraHai="92" who="3" fromWho="3" sc="344,-10,248,-20,252,-10,156,40" />
</Scene>
<Scene>
<INIT seed="6,0,0,5,3,3" ten="334,228,242,196" oya="2" hai0="39,93,11,103,60,8,67,80,26,41,61,120,54" hai1="64,130,122,73,107,55,77,90,97,47,69,88,24" hai2="128,15,75,79,31,124,17,20,58,72,99,63,129" hai3="0,119,108,96,134,37,4,84,14,29,83,12,125"/><V85/><F124/><W126/><G119/><T115/><D120/><U81/><E122/><V95/><F31/><W5/><G108/><T91/><D115/><U56/><E130/><N who="2" m="50283" /><F85/><W44/><G134/><T106/><D106/><U112/><E112/><V123/><F123/><W13/><G29/><T16/><D41/><U43/><E24/><V27/><F79/><N who="3" m="46207" /><G96/><T36/><D39/><N who="1" m="22015" /><E107/><V32/><F32/><W89/><G0/><T68/><D36/><U28/><E97/><V6/><F6/><N who="3" m="2667" /><G89/><T23/><D103/><U118/><E28/><V132/><F132/><W100/><G100/><T86/><D80/><U133/><E118/><V82/><F15/><W49/><G37/><T34/><D34/><U98/><E98/><V46/><F46/><W62/><G62/><T33/><D33/><U135/><E133/><V104/><F104/><W117/><G117/><T102/><D102/><U48/><E135/><V127/><F82/><W42/><G125/><T78/><D78/><U53/><E53/><N who="2" m="34255" /><F127/><W51/><G126/><T113/><D113/><U94/><E94/><V116/><F116/><W38/><G38/><T70/><D54/><U121/><E121/><V66/><F66/><AGARI ba="0,0" hai="8,11,16,23,26,60,61,66,67,68,70,86,91,93" machi="66" ten="40,2600,0" yaku="9,1,54,1" doraHai="3" who="0" fromWho="2" sc="334,26,228,0,242,-26,196,0" />
</Scene>
<Scene>
<INIT seed="7,0,0,5,5,109" ten="360,228,216,196" oya="3" hai0="92,63,36,14,89,27,80,11,21,127,70,98,108" hai1="116,16,94,82,128,23,130,131,53,48,68,102,0" hai2="47,51,86,15,66,25,81,28,114,18,121,112,106" hai3="49,73,95,29,67,31,69,123,72,37,4,91,83"/><W135/><G123/><T32/><D108/><U30/><E116/><V125/><F121/><W6/><G37/><T97/><D36/><U20/><E0/><V105/><F125/><W124/><G124/><T50/><D32/><U71/><E30/><N who="3" m="11274" /><G69/><N who="1" m="26698" /><E82/><V62/><F105/><W33/><G33/><T39/><D39/><U75/><E75/><V2/><F106/><W113/><G67/><T57/><D70/><U60/><E60/><V96/><F96/><N who="3" m="57471" /><G72/><T44/><D80/><U103/><E94/><V54/><F2/><W126/><G126/><T7/><D98/><U56/><E20/><V129/><F129/><W79/><G135/><T17/><D127/><U43/><E43/><V84/><F25/><AGARI ba="0,0" hai="16,23,25,48,53,56,102,103,128,130,131" m="26698" machi="25" ten="40,2600,0" yaku="19,1,54,1" doraHai="109" who="1" fromWho="2" sc="360,0,228,26,216,-26,196,0" owari="360,46.0,254,5.0,190,-31.0,196,-20.0" />
</Scene>
</mjloggm>