<mjloggm ver="2.3"><GO type="169" lobby="0"/><UN n0="%73%61%74%6F%72%75%53%50" n1="%E3%83%95%E3%83%AA%E3%83%86%E3%83%B3" n2="%E5%A4%AA%E3%81%8F%E3%81%AA%E3%81%84%E3%81%8A" n3="%E3%83%86%E3%83%AC%E3%83%93%E3%81%A3%E5%AD%90" dan="16,17,17,17" rate="2080.69,2140.83,2212.53,2124.37" sx="M,M,M,M"/><TAIKYOKU oya="0"/>

<Scene>
<INIT seed="0,0,0,2,5,69" ten="250,250,250,250" oya="0" hai0="25,103,66,135,92,14,47,110,125,9,114,113,65" hai1="63,82,53,62,104,46,95,84,111,64,10,81,128" hai2="2,8,107,102,32,132,106,108,80,44,100,43,19" hai3="38,133,31,0,123,99,15,59,48,18,73,105,42"/><T115/><D125/><U26/><E104/><V76/><F32/><W93/><G0/><T127/><D127/><U109/><E128/><V30/><F30/><W22/><G73/><T36/><D135/><U7/><E26/><V11/><F132/><W98/><G133/><T124/><D124/><U55/><E95/><V97/><F108/><N who="1" m="41545" /><E62/><V51/><F2/><W117/><G117/><T78/><D110/><U23/><E23/><V131/><F131/><W61/><G31/><T75/><D25/><U120/><E120/><V29/><F29/><W90/><G123/><T6/><D75/><U33/><E33/><V118/><F118/><W67/><G105/><T49/><D78/><N who="1" m="46135" /><E46/><V101/><F19/><W54/><G90/><T91/><D103/><U57/><E82/><V86/><REACH who="2" step="1"/><F101/><REACH who="2" ten="250,250,240,250" step="2"/><W89/><G18/><N who="0" m="8527" /><D114/><U122/><E122/><V77/><F77/><W24/><G24/><T116/><D113/><U126/><E126/><V121/><F121/><W45/><G15/><AGARI ba="0,1" hai="7,10,15,53,55,57,63,64" m="46135,41545" machi="15" ten="30,1000,0" yaku="14,1" doraHai="69" who="1" fromWho="3" sc="250,0,250,20,240,0,250,-10" />
</Scene>
<Scene>
<INIT seed="1,0,0,1,0,123" ten="250,270,240,240" oya="1" hai0="34,124,92,130,0,20,71,18,53,25,120,29,31" hai1="81,12,65,19,101,49,72,14,76,13,58,23,24" hai2="103,90,37,118,50,97,119,128,99,32,8,3,26" hai3="95,127,84,30,83,73,2,64,35,111,87,100,69"/><U113/><E113/><V11/><F37/><W91/><G2/><T16/><D71/><U44/><E101/><V89/><F128/><W39/><G39/><T129/><D92/><U131/><E131/><N who="0" m="50185" /><D53/><U47/><REACH who="1" step="1"/><E49/><REACH who="1" ten="250,260,240,240" step="2"/><V61/><F50/><W41/><G100/><T105/><D120/><U134/><E134/><V57/><F103/><W132/><G132/><T109/><D124/><U1/><E1/><V48/><F48/><W22/><G127/><T85/><D0/><U112/><E112/><V116/><F3/><W86/><G83/><T51/><D51/><U75/><E75/><V15/><F118/><W66/><G41/><T36/><D36/><U45/><E45/><V117/><F116/><W63/><G95/><T5/><D105/><U68/><E68/><V9/><F117/><W121/><G69/><T107/><D107/><U17/><E17/><V52/><F119/><W42/><G121/><T74/><D16/><U27/><E27/><V21/><F15/><W115/><G42/><T108/><D18/><U62/><AGARI ba="0,1" hai="12,13,14,19,23,24,44,47,58,62,65,72,76,81" machi="62" ten="30,3000,0" yaku="1,1,0,1,53,0" doraHai="123" doraHaiUra="110" who="1" fromWho="1" sc="250,-10,260,40,240,-10,240,-10" />
</Scene>
<Scene>
<INIT seed="1,1,0,1,1,98" ten="240,300,230,230" oya="1" hai0="103,50,95,86,31,128,14,48,131,21,37,133,113" hai1="34,83,44,75,126,4,134,130,72,56,135,15,51" hai2="3,105,23,74,78,77,108,40,25,42,1,26,68" hai3="89,71,70,52,36,39,129,124,97,115,2,53,81"/><U17/><E34/><V118/><F118/><W85/><G2/><T65/><D133/><N who="1" m="50699" /><E130/><N who="0" m="49705" /><D113/><U33/><E33/><V101/><F68/><W94/><G129/><T62/><D37/><U45/><E4/><V111/><F105/><W63/><G115/><T93/><D86/><U102/><E126/><V57/><F57/><W49/><G124/><T54/><D54/><N who="1" m="31839" /><E102/><V125/><F125/><W73/><G73/><N who="1" m="28234" /><E83/><V8/><F74/><W9/><G9/><AGARI ba="1,0" hai="9,15,17,44,45" m="28234,31839,50699" machi="9" ten="30,1500,0" yaku="20,1" doraHai="98" who="1" fromWho="3" sc="240,0,300,18,230,0,230,-18" />
</Scene>
<Scene>
<INIT seed="1,2,0,4,1,60" ten="240,318,230,212" oya="1" hai0="111,110,44,0,129,107,103,119,89,124,82,99,58" hai1="135,98,21,55,123,101,8,125,127,88,42,120,76" hai2="109,79,84,122,27,94,69,134,45,38,35,51,75" hai3="78,12,90,49,46,15,132,112,34,100,48,73,24"/><U13/><E42/><V68/><F122/><W121/><G121/><T1/><D119/><U86/><E76/><V92/><F38/><W65/><G112/><T115/><D115/><U71/><E135/><V108/><F75/><W93/><G132/><T28/><D124/><N who="1" m="47691" /><E21/><V87/><F134/><W106/><G49/><T41/><D129/><U105/><E71/><N who="2" m="27211" /><F35/><W5/><G12/><T126/><D126/><U43/><E55/><N who="2" m="30191" /><F27/><W52/><G106/><T29/><D0/><U54/><E54/><V36/><F36/><W114/><G100/><T57/><D1/><U83/><E43/><V95/><F79/><W18/><G114/><T47/><D28/><U17/><AGARI ba="2,0" hai="8,13,17,83,86,88,98,101,105,120,123" m="47691" machi="17" ten="30,3000,0" yaku="18,1,54,1" doraHai="60" who="1" fromWho="1" sc="240,-12,318,36,230,-12,212,-12" />
</Scene>
<Scene>
<INIT seed="1,3,0,5,4,40" ten="228,354,218,200" oya="1" hai0="52,8,36,117,34,132,3,96,22,92,11,130,64" hai1="74,25,124,44,14,35,6,90,5,57,49,120,108" hai2="123,41,110,65,27,33,26,121,79,69,103,50,20" hai3="77,135,129,2,55,58,46,63,104,102,93,51,86"/><U10/><E120/><V7/><F110/><W101/><G2/><T109/><D36/><U131/><E108/><V70/><F7/><W133/><G129/><T84/><D117/><U42/><E131/><V15/><F79/><W112/><G112/><T59/><D130/><U94/><E124/><V80/><F80/><N who="3" m="47375" /><G104/><T134/><D34/><U100/><E100/><V62/><F70/><W48/><G48/><N who="0" m="31111" /><D3/><U67/><E74/><V98/><F15/><W83/><G83/><T116/><D116/><U60/><E35/><V75/><F75/><W12/><G93/><T29/><D64/><U4/><REACH who="1" step="1"/><E25/><REACH who="1" ten="228,344,218,200" step="2"/><V85/><F27/><W118/><G118/><T17/><D109/><U114/><E114/><V82/><F33/><W91/><G102/><T76/><D132/><U127/><E127/><V126/><F126/><W23/><G101/><T122/><D134/><U125/><E125/><V61/><F123/><W31/><G135/><T30/><D122/><U0/><E0/><V113/><F121/><W71/><G133/><T28/><D30/><U38/><E38/><V18/><F113/><W19/><G31/><T97/><D29/><U53/><E53/><V37/><F37/><W87/><G12/><T119/><D28/><U43/><E43/><V1/><F1/><W45/><G55/><T32/><D119/><U73/><E73/><V21/><F26/><W24/><G24/><T107/><D32/><U81/><E81/><V106/><F41/><W115/><G115/><T47/><D107/><U88/><E88/><V9/><F106/><W54/><G91/><T128/><D128/><RYUUKYOKU ba="3,1" sc="228,-10,344,30,218,-10,200,-10" hai1="4,5,6,10,14,42,44,49,57,60,67,90,94" />
</Scene>
<Scene>
<INIT seed="1,4,1,2,3,26" ten="218,374,208,190" oya="1" hai0="134,91,59,47,101,120,89,61,77,121,35,5,85" hai1="8,133,36,9,30,54,107,115,104,92,7,46,95" hai2="50,64,96,105,88,78,33,123,52,80,111,63,132" hai3="1,113,118,124,38,58,4,106,131,43,94,73,3"/><U31/><E115/><V75/><F123/><W100/><G94/><N who="1" m="35882" /><E36/><V129/><F111/><W99/><G58/><T56/><D134/><U112/><E104/><V10/><F132/><W62/><G62/><T15/><D35/><U71/><E107/><V13/><F129/><W122/><G43/><T22/><D101/><U25/><E71/><V60/><F33/><W40/><G40/><T51/><D77/><U125/><E112/><V11/><F64/><W70/><G4/><T29/><D29/><N who="1" m="10763" /><E133/><V20/><F20/><W48/><G48/><T97/><D22/><U19/><E125/><V102/><F88/><W117/><G99/><T74/><D91/><U108/><E108/><V27/><F27/><W130/><G100/><T12/><D97/><U103/><E103/><V28/><F28/><W14/><G14/><T41/><D89/><U114/><E114/><V16/><REACH who="2" step="1"/><F11/><REACH who="2" ten="218,374,198,190" step="2"/><W135/><G131/><T93/><D121/><U66/><E66/><V128/><F128/><W98/><G98/><T69/><D120/><U84/><E25/><V72/><F72/><W32/><G118/><T65/><D74/><U87/><E9/><V68/><F68/><W49/><G49/><T2/><D65/><U67/><E67/><V21/><F21/><W39/><G38/><T0/><D51/><N who="1" m="29047" /><E87/><V6/><F6/><W110/><AGARI ba="4,2" hai="1,3,32,39,70,73,106,110,113,117,122,124,130,135" machi="110" ten="0,32000,5" yakuman="47" doraHai="26" who="3" fromWho="3" sc="218,-84,374,-164,198,-84,190,352" />
</Scene>
<Scene>
<INIT seed="2,0,0,3,5,43" ten="134,210,114,542" oya="2" hai0="85,14,70,81,11,33,127,89,16,54,17,91,8" hai1="110,98,23,19,132,28,55,115,41,107,126,129,20" hai2="73,80,72,29,37,51,68,99,75,111,4,124,84" hai3="106,82,134,40,108,121,86,119,109,63,112,71,32"/><V123/><F37/><W1/><G86/><T60/><D127/><U31/><E115/><V104/><F68/><W24/><G24/><T18/><D70/><U78/><E110/><V122/><F29/><W113/><G63/><T133/><D133/><U0/><E0/><V88/><F4/><W96/><G96/><T15/><D33/><U50/><E126/><V130/><F124/><W27/><G40/><T5/><REACH who="0" step="1"/><D91/><REACH who="0" ten="124,210,114,542" step="2"/><U52/><E132/><V125/><F125/><W42/><G134/><T74/><D74/><U44/><E129/><V21/><F130/><W46/><G32/><T36/><D36/><U77/><E77/><V10/><F111/><W79/><G71/><T39/><D39/><U34/><E78/><V13/><F21/><W100/><G79/><T25/><D25/><U116/><E34/><V3/><F3/><W2/><G2/><T105/><D105/><U66/><E107/><V22/><F22/><W128/><G106/><T95/><D95/><U120/><E23/><V58/><F13/><W131/><G1/><T114/><D114/><U118/><E31/><V62/><F10/><W56/><G27/><T47/><D47/><U65/><E28/><V102/><REACH who="2" step="1"/><F51/><REACH who="2" ten="124,210,104,542" step="2"/><W87/><G128/><T67/><D67/><AGARI ba="0,2" hai="58,62,67,72,73,75,80,84,88,99,102,104,122,123" machi="67" ten="40,12000,1" yaku="1,1,2,1,54,1,53,1" doraHai="43" doraHaiUra="92" who="2" fromWho="0" sc="124,-120,210,0,104,140,542,0" />
</Scene>
<Scene>
<INIT seed="2,1,0,3,2,118" ten="4,210,244,542" oya="2" hai0="17,125,53,127,24,38,75,30,96,31,87,128,13" hai1="49,68,22,11,26,131,113,95,47,44,91,83,16" hai2="123,122,18,93,43,58,120,117,36,110,14,97,2" hai3="77,54,106,82,69,71,21,41,57,129,8,103,42"/><V67/><F2/><W29/><G129/><T50/><D128/><U64/><E131/><V3/><F3/><W23/><G106/><T19/><D75/><U25/><E113/><V45/><F117/><W135/><G103/><T132/><D38/><U107/><E107/><V88/><F110/><W84/><G135/><T48/><D132/><U46/><E83/><V124/><F124/><N who="0" m="47690" /><D87/><U102/><E102/><V73/><F73/><W111/><G111/><T7/><D96/><U60/><E11/><V0/><F0/><W100/><G100/><T116/><D116/><U115/><E115/><V32/><F32/><W33/><G33/><N who="0" m="20679" /><D31/><U72/><E72/><V52/><F67/><W66/><G8/><N who="0" m="4255" /><D50/><U27/><REACH who="1" step="1"/><E49/><REACH who="1" ten="4,200,244,542" step="2"/><V37/><F37/><W6/><G82/><T9/><D9/><U59/><E59/><AGARI ba="1,1" hai="17,19,48,53,59" m="4255,20679,47690" machi="59" ten="30,1000,0" yaku="18,1" doraHai="118" who="0" fromWho="1" sc="4,23,200,-13,244,0,542,0" />
</Scene>
<Scene>
<INIT seed="3,0,0,4,2,4" ten="27,187,244,542" oya="3" hai0="57,49,30,108,65,50,15,64,18,130,28,16,132" hai1="69,127,39,123,117,81,97,53,0,79,133,59,2" hai2="41,107,83,20,5,31,62,106,70,119,96,87,12" hai3="23,26,104,94,78,21,124,73,67,88,32,101,11"/><W91/><G124/><T118/><D108/><U98/><E69/><V58/><F119/><W90/><G67/><N who="0" m="25675" /><D118/><U109/><E109/><V48/><F70/><W71/><G71/><T77/><D130/><U55/><E59/><V24/><F96/><W95/><G32/><T92/><D132/><U135/><E81/><V60/><F106/><W56/><G56/><T7/><D77/><U85/><E85/><V103/><F103/><W115/><G115/><T128/><D128/><U82/><E82/><V61/><F107/><W126/><G126/><T37/><D37/><U80/><E80/><V6/><F12/><W40/><G78/><T122/><D122/><U38/><E79/><N who="2" m="46591" /><F58/><W27/><G73/><T25/><D92/><U76/><E76/><V121/><F121/><W10/><G91/><T105/><D105/><U9/><E117/><V66/><F66/><W47/><G104/><T102/><D102/><U129/><E123/><V131/><F131/><W84/><G101/><T72/><D72/><U17/><E129/><V35/><F35/><W134/><G134/><T51/><D57/><U42/><E127/><V1/><F1/><W33/><G33/><N who="0" m="20623" /><D30/><U34/><E34/><V99/><F99/><W54/><G84/><T44/><D44/><AGARI ba="0,0" hai="5,6,20,24,31,41,44,48,60,61,62" m="46591" machi="44" ten="30,1000,0" yaku="8,1" doraHai="4" who="2" fromWho="0" sc="27,-10,187,0,244,10,542,0" />
</Scene>
<Scene>
<INIT seed="4,0,0,1,0,20" ten="17,187,254,542" oya="0" hai0="88,60,86,130,99,42,7,40,33,117,92,13,53" hai1="28,16,69,54,127,98,21,107,76,132,119,111,51" hai2="49,74,0,55,50,19,100,120,66,95,93,62,57" hai3="4,125,116,78,56,65,82,112,15,10,126,75,85"/><T70/><D117/><U113/><E111/><V80/><F120/><W123/><G123/><T103/><D33/><U64/><E119/><V27/><F0/><W30/><G116/><T129/><D7/><U14/><E132/><V91/><F74/><W23/><G112/><T52/><D13/><U12/><E113/><V47/><F100/><W108/><G108/><T18/><D18/><U133/><E133/><V122/><F122/><W135/><G135/><T58/><D70/><U114/><E76/><V29/><F19/><W97/><G97/><T17/><D17/><U121/><E121/><V11/><F11/><W101/><G101/><T46/><D53/><U39/><E39/><V36/><F36/><W31/><G75/><T79/><D79/><U109/><E109/><V61/><F50/><W81/><G81/><T87/><D86/><U1/><E54/><V67/><F80/><W37/><G37/><T24/><D24/><U2/><E21/><V6/><F6/><W26/><G30/><T43/><REACH who="0" step="1"/><D46/><REACH who="0" ten="7,187,254,542" step="2"/><U83/><E16/><V48/><F27/><W44/><G44/><T32/><D32/><U59/><E14/><V106/><F47/><W5/><G5/><T38/><D38/><U63/><E12/><V118/><F55/><W104/><G4/><T77/><D77/><U131/><E69/><V71/><F118/><W115/><G15/><T9/><D9/><U41/><E114/><V73/><F71/><W3/><G10/><T94/><AGARI ba="0,1" hai="40,42,43,52,58,60,87,88,92,94,99,103,129,130" machi="94" ten="30,12000,1" yaku="1,1,0,1,54,2,53,1" doraHai="20" doraHaiUra="84" who="0" fromWho="0" sc="7,130,187,-40,254,-40,542,-40" />
</Scene>
<Scene>
<INIT seed="4,1,0,1,3,130" ten="137,147,214,502" oya="0" hai0="77,11,97,17,61,39,50,65,91,9,58,109,62" hai1="64,119,69,134,22,35,72,78,44,10,52,4,82" hai2="108,26,16,55,24,81,135,32,76,125,20,30,45" hai3="1,102,48,43,7,96,49,127,41,129,15,118,67"/><T86/><D109/><U46/><E119/><V74/><F108/><W29/><G1/><T84/><D39/><U28/><E35/><V8/><F125/><W123/><G129/><T126/><D126/><U71/><E134/><V2/><F135/><W104/><G123/><T75/><D75/><U121/><E121/><V0/><REACH who="2" step="1"/><F8/><REACH who="2" ten="137,147,204,502" step="2"/><W13/><G127/><T106/><D9/><U19/><E10/><V128/><F128/><W117/><G118/><T70/><D11/><U34/><E4/><V95/><F95/><W25/><G117/><T21/><D106/><U36/><E82/><V87/><F87/><W5/><G7/><T107/><D107/><U85/><E85/><V89/><F89/><W122/><G5/><T120/><D120/><U6/><E6/><V38/><F38/><W92/><G122/><T114/><D84/><U56/><E36/><V98/><F98/><W103/><G104/><T131/><D97/><U88/><E88/><V51/><AGARI ba="1,1" hai="0,2,16,20,24,26,30,32,45,51,55,74,76,81" machi="51" ten="30,4000,0" yaku="1,1,0,1,54,1,53,0" doraHai="130" doraHaiUra="54" who="2" fromWho="2" sc="137,-21,147,-11,204,53,502,-11" />
</Scene>
<Scene>
<INIT seed="5,0,0,3,2,42" ten="116,136,257,491" oya="1" hai0="19,58,21,29,5,108,93,81,59,98,71,134,128" hai1="65,32,121,12,135,101,49,94,13,30,57,131,38" hai2="3,50,104,115,99,54,113,129,24,106,63,10,34" hai3="130,15,36,7,86,14,72,62,117,40,70,22,46"/><U16/><E121/><V123/><F123/><W124/><G72/><T28/><D71/><U111/><E38/><V66/><F129/><W56/><G124/><T107/><D128/><U103/><E131/><V85/><F85/><W91/><G117/><T31/><D107/><U92/><E135/><V77/><F77/><W26/><G70/><T80/><D108/><U67/><E111/><V64/><F3/><W78/><G78/><T100/><D134/><U52/><E30/><N who="2" m="19783" /><F10/><W60/><G130/><T47/><D5/><U105/><E32/><V51/><F51/><W61/><G56/><N who="0" m="21547" /><D47/><N who="1" m="27711" /><E105/><N who="2" m="40555" /><F63/><W84/><G7/><T89/><D100/><N who="1" m="38475" /><E13/><AGARI ba="0,0" hai="13,19,21,28,29,31,80,81,89,93,98" m="21547" machi="13" ten="30,1000,0" yaku="8,1" doraHai="42" who="0" fromWho="1" sc="116,10,136,-10,257,0,491,0" />
</Scene>
<Scene>
<INIT seed="6,0,0,0,2,106" ten="126,126,257,491" oya="2" hai0="23,117,100,118,17,7,62,18,25,57,9,38,103" hai1="102,113,105,22,8,114,65,126,37,77,75,53,11" hai2="60,51,127,34,54,30,21,79,115,1,104,109,15" hai3="58,40,14,55,41,111,70,29,101,95,56,130,44"/><V122/><F1/><W35/><G70/><T68/><D38/><U93/><E105/><V92/><F104/><W31/><G35/><T123/><D123/><U52/><E65/><V67/><F122/><W36/><G41/><T135/><D135/><U66/><E66/><V59/><F115/><N who="1" m="44041" /><E37/><V27/><F127/><W89/><G111/><T3/><D68/><U0/><E22/><V87/><F109/><W85/><G130/><T125/><D125/><U108/><E126/><V97/><F34/><W6/><G101/><T26/><D25/><U80/><E108/><V78/><F87/><W32/><G32/><T13/><D26/><U84/><E0/><V116/><F15/><W76/><G76/><T28/><D28/><U45/><E102/><V83/><F83/><W42/><G42/><T16/><D100/><U19/><E45/><V131/><F116/><N who="0" m="44650" /><D103/><U91/><E11/><V10/><F10/><W98/><G56/><T48/><D48/><U134/><E134/><V90/><F131/><W63/><G85/><T69/><D69/><AGARI ba="0,0" hai="21,27,30,51,54,59,60,67,69,78,79,90,92,97" machi="69" ten="30,1500,0" yaku="7,1" doraHai="106" who="2" fromWho="0" sc="126,-15,126,0,257,15,491,0" />
</Scene>
<Scene>
<INIT seed="6,1,0,2,1,43" ten="111,126,272,491" oya="2" hai0="17,30,49,31,119,60,99,116,94,67,27,38,91" hai1="129,110,122,104,121,135,74,108,34,106,78,44,8" hai2="54,47,14,9,80,65,55,18,98,88,86,61,52" hai3="132,105,126,41,53,97,87,68,15,101,81,130,22"/><V0/><F0/><W76/><G68/><T10/><D38/><U6/><E34/><V58/><F98/><W36/><G130/><T56/><D116/><U73/><E129/><V71/><F71/><W46/><G132/><T13/><D119/><U131/><E131/><V59/><F59/><W1/><G1/><T112/><D112/><U82/><E135/><V64/><F64/><W48/><G126/><T100/><D100/><U33/><E33/><V35/><F35/><W70/><G70/><T16/><D49/><U45/><E8/><V63/><F63/><W62/><G62/><T115/><D115/><U102/><E6/><V79/><F79/><W19/><G36/><T128/><D128/><U21/><E21/><AGARI ba="1,0" hai="10,13,16,17,21,27,30,31,56,60,67,91,94,99" machi="21" ten="40,2600,0" yaku="8,1,54,1" doraHai="43" who="0" fromWho="1" sc="111,29,126,-29,272,0,491,0" />
</Scene>
<Scene>
<INIT seed="7,0,0,5,0,50" ten="140,97,272,491" oya="3" hai0="79,11,27,21,15,69,125,49,100,131,129,126,17" hai1="121,83,73,96,118,38,87,26,20,86,62,122,60" hai2="135,13,33,31,24,71,0,68,25,46,40,1,76" hai3="89,66,19,35,112,116,133,41,22,119,110,105,72"/><W120/><G89/><T85/><D69/><U37/><E118/><V92/><F135/><W132/><G19/><N who="0" m="12735" /><D100/><U109/><E109/><V98/><F76/><W103/><G22/><T32/><D32/><U104/><E73/><V75/><F75/><W51/><G51/><T3/><D3/><U91/><E104/><V115/><F115/><W127/><G66/><T10/><D49/><U111/><E111/><V61/><F13/><W34/><G41/><T59/><D59/><U2/><E2/><V84/><F68/><W106/><G103/><T47/><D47/><U14/><E14/><V77/><F25/><W36/><G105/><T80/><D11/><U18/><E96/><V78/><F98/><W52/><G52/><T95/><D95/><U57/><E62/><V8/><F8/><W124/><G124/><AGARI ba="0,0" hai="10,15,17,79,80,85,124,125,126,129,131" m="12735" machi="124" ten="30,1000,0" yaku="18,1" doraHai="50" who="0" fromWho="3" sc="140,10,97,0,272,0,491,-10" owari="150,-25.0,97,-40.0,272,7.0,481,58.0" />
</Scene>
</mjloggm>