<mjloggm ver="2.3"><GO type="169" lobby="0"/><UN n0="%E5%A4%AA%E3%81%8F%E3%81%AA%E3%81%84%E3%81%8A" n1="%E5%BC%B1%E8%99%AB" n2="%E3%83%AB%E3%82%BF%E3%82%B9%E3%82%B1" n3="%E3%81%8F%E3%82%8D%E3%81%AF%E3%81%A1" dan="17,16,16,16" rate="2177.93,2057.43,2091.53,2091.13" sx="M,M,M,M"/><TAIKYOKU oya="0"/>

<Scene>
<INIT seed="0,0,0,1,2,126" ten="250,250,250,250" oya="0" hai0="104,26,49,6,42,120,40,14,20,80,129,72,122" hai1="53,111,77,73,43,60,112,99,61,11,103,101,71" hai2="130,131,118,109,64,1,32,88,134,117,57,91,56" hai3="133,70,9,30,84,115,50,38,67,31,95,54,10"/><T28/><D104/><U36/><E111/><V48/><F1/><W13/><G38/><T79/><D129/><N who="2" m="49162" /><F32/><W81/><G133/><T41/><REACH who="0" step="1"/><D49/><REACH who="0" ten="240,250,250,250" step="2"/><U63/><E36/><V23/><F134/><W16/><G115/><T96/><D96/><U93/><E99/><V74/><F109/><W45/><G95/><T105/><D105/><U68/><E93/><V29/><F74/><W123/><G123/><T119/><D119/><N who="2" m="45578" /><F48/><W46/><G45/><T127/><D127/><U5/><E73/><V110/><F110/><W44/><G44/><T107/><D107/><U98/><E98/><V34/><F34/><W92/><G92/><T121/><D121/><U15/><E112/><V113/><F113/><W2/><G2/><T4/><D4/><U17/><E5/><V97/><F97/><W25/><G50/><T85/><D85/><U12/><E103/><V75/><F75/><W22/><G84/><T128/><D128/><U62/><E101/><V0/><F0/><W87/><G87/><T100/><D100/><U47/><E47/><V65/><F91/><W132/><G132/><T39/><D39/><U55/><E71/><V58/><F88/><W21/><G70/><T78/><D78/><U102/><E68/><V76/><F76/><W24/><G46/><T83/><D83/><U27/><E77/><V86/><F86/><W18/><G81/><T59/><D59/><U106/><E102/><V90/><F90/><W3/><G3/><T69/><D69/><U82/><E82/><V89/><F89/><W66/><G13/><T7/><D7/><U116/><E106/><RYUUKYOKU ba="0,1" sc="240,10,250,-30,250,10,250,10" hai0="6,14,20,26,28,40,41,42,72,79,80,120,122" hai2="23,29,56,57,58,64,65" hai3="9,10,16,18,21,22,24,25,30,31,54,66,67" />
</Scene>
<Scene>
<INIT seed="0,1,1,4,5,61" ten="250,220,260,260" oya="0" hai0="76,27,33,32,133,40,123,5,95,26,117,96,49" hai1="121,113,129,118,92,134,89,16,44,13,60,0,101" hai2="7,34,54,2,120,51,98,128,116,85,79,111,15" hai3="114,21,65,93,100,67,84,106,69,132,80,70,38"/><T108/><D117/><U99/><E121/><V102/><F120/><W97/><G114/><T24/><D123/><U50/><E118/><V94/><F2/><W45/><G132/><T86/><D133/><U130/><E134/><V82/><F34/><W87/><G106/><T107/><D107/><U3/><E113/><V103/><F116/><W9/><G69/><T1/><D108/><U20/><E60/><V64/><F111/><W119/><G70/><T11/><D86/><U8/><E101/><N who="2" m="60631" /><F64/><N who="3" m="24651" /><G38/><T78/><D40/><N who="1" m="24839" /><E8/><N who="2" m="4511" /><F128/><AGARI ba="1,1" hai="0,3,13,16,20,89,92,99,128,129,130" m="24839" machi="128" ten="30,2000,0" yaku="19,1,54,1" doraHai="61" who="1" fromWho="2" sc="250,0,220,33,260,-23,260,0" />
</Scene>
<Scene>
<INIT seed="1,0,0,4,5,49" ten="250,253,237,260" oya="1" hai0="80,31,75,2,78,37,79,65,8,15,26,1,9" hai1="40,32,91,88,72,112,124,106,62,120,27,109,12" hai2="53,17,28,10,6,18,74,85,128,35,42,107,51" hai3="104,101,68,19,3,34,93,92,60,50,58,73,43"/><U122/><E112/><V5/><F74/><W86/><G73/><T45/><D78/><U113/><E113/><V89/><F107/><W59/><G3/><T48/><D65/><U96/><E72/><V103/><F103/><W71/><G34/><T21/><D37/><U24/><E40/><V56/><F128/><W118/><G104/><T90/><D90/><U57/><E124/><V81/><F28/><W11/><G68/><T134/><D134/><U127/><E127/><V130/><F35/><W133/><G71/><T69/><D69/><U22/><E109/><V39/><F130/><W108/><G108/><T76/><D76/><U125/><E125/><V83/><F83/><W95/><G101/><T55/><REACH who="0" step="1"/><D8/><REACH who="0" ten="240,253,237,260" step="2"/><U23/><E91/><V110/><F110/><W77/><G11/><T105/><D105/><U25/><E106/><V66/><F66/><W64/><G77/><T98/><D98/><U63/><E96/><V0/><F39/><W70/><G70/><T102/><D102/><U87/><E88/><V132/><F132/><W94/><G133/><T61/><D61/><U99/><E63/><V131/><F131/><W126/><G60/><T52/><D52/><U38/><E62/><V36/><F36/><W41/><G64/><T47/><D47/><U46/><E46/><N who="2" m="26071" /><F10/><W44/><G126/><T111/><D111/><U121/><E38/><V33/><F0/><W7/><G44/><T123/><D123/><U16/><E122/><V54/><F54/><W100/><G41/><T82/><D82/><U117/><E121/><V20/><F53/><W129/><G43/><RYUUKYOKU ba="0,1" sc="240,30,253,-10,237,-10,260,-10" hai0="1,2,9,15,21,26,31,45,48,55,75,79,80" />
</Scene>
<Scene>
<INIT seed="2,1,1,5,2,106" ten="270,243,227,250" oya="2" hai0="125,135,111,121,0,54,77,25,100,110,101,30,127" hai1="107,28,26,38,123,98,102,48,15,112,119,49,58" hai2="72,118,90,31,81,24,120,13,60,42,85,56,7" hai3="103,108,55,66,89,59,51,5,67,17,133,36,41"/><V61/><F118/><W32/><G32/><T95/><D0/><U22/><E112/><V47/><F120/><W39/><G103/><N who="0" m="39499" /><D121/><U113/><E113/><V8/><F72/><W69/><G5/><T116/><D116/><U27/><E123/><V126/><F126/><N who="0" m="48138" /><D135/><U2/><E2/><V130/><F56/><W105/><G105/><T104/><D104/><U124/><E124/><V50/><REACH who="2" step="1"/><F130/><REACH who="2" ten="270,243,217,250" step="2"/><W80/><G59/><T11/><D111/><U63/><E119/><V93/><F93/><W65/><G108/><T3/><D95/><U4/><E58/><V79/><F79/><W14/><G133/><T70/><D77/><U131/><E131/><V6/><F6/><W94/><G94/><T40/><D110/><U19/><E4/><V62/><F62/><W1/><G80/><T76/><D76/><U16/><E63/><V75/><F75/><W96/><G69/><T84/><D70/><U21/><REACH who="1" step="1"/><E38/><REACH who="1" ten="270,233,217,250" step="2"/><V86/><F86/><W129/><G36/><T68/><D84/><U18/><E18/><V45/><F45/><W12/><G17/><T83/><D68/><U46/><E46/><V23/><AGARI ba="1,3" hai="7,8,13,23,24,31,42,47,50,60,61,81,85,90" machi="23" ten="20,7800,0" yaku="1,1,0,1,7,1,8,1,53,0" doraHai="106" doraHaiUra="128" who="2" fromWho="2" sc="270,-27,233,-27,217,111,250,-27" />
</Scene>
<Scene>
<INIT seed="2,2,0,3,3,71" ten="243,206,328,223" oya="2" hai0="126,34,67,129,26,31,45,59,13,14,106,78,62" hai1="107,97,72,122,81,51,134,37,93,29,100,56,110" hai2="65,6,16,1,105,135,12,28,38,24,132,47,55" hai3="123,54,39,94,130,66,40,25,46,48,15,121,3"/><V18/><F105/><W125/><G3/><T41/><D106/><U103/><E110/><V115/><F65/><W22/><G130/><T116/><D129/><U53/><E134/><N who="2" m="51243" /><F55/><W20/><G125/><T111/><D111/><U33/><E122/><V79/><F79/><W127/><G127/><T69/><D126/><U61/><E37/><V5/><F38/><W68/><G94/><T58/><D116/><U75/><E81/><V77/><F47/><W114/><G114/><T104/><D78/><U95/><E107/><V2/><F77/><W57/><G15/><T131/><D131/><U98/><E51/><V84/><F84/><W124/><G20/><T90/><D90/><U23/><E23/><N who="2" m="11655" /><F18/><W50/><G50/><T117/><D104/><U63/><E63/><V0/><F115/><W73/><G73/><T96/><D96/><U92/><E92/><V36/><F36/><W120/><G124/><T4/><D59/><U7/><E75/><V11/><F5/><W76/><G76/><T74/><D4/><U35/><E72/><V8/><F8/><W128/><G128/><T101/><D74/><U99/><E99/><V9/><F9/><W42/><G42/><T133/><D133/><U86/><E86/><V88/><F88/><W108/><G120/><T113/><D113/><U43/><E43/><V85/><F85/><W119/><G108/><T70/><D101/><U10/><E7/><V60/><F60/><N who="3" m="40007" /><G121/><T27/><D41/><U17/><E10/><V91/><F91/><W112/><G123/><T102/><D62/><U89/><E61/><V32/><AGARI ba="2,0" hai="0,1,2,6,11,24,28,32" m="11655,51243" machi="32" ten="30,18000,2" yaku="5,1,24,1,20,1,34,2,54,1" doraHai="71" who="2" fromWho="2" sc="243,-62,206,-62,328,186,223,-62" />
</Scene>
<Scene>
<INIT seed="2,3,0,1,5,29" ten="181,144,514,161" oya="2" hai0="64,7,24,88,28,14,99,30,72,51,47,86,77" hai1="57,19,59,125,46,101,116,132,20,106,89,23,134" hai2="128,94,22,13,16,115,131,135,108,96,90,44,113" hai3="133,50,34,63,93,107,75,126,3,0,87,71,82"/><V9/><F108/><W45/><G107/><T56/><D72/><U73/><E116/><V43/><F135/><W84/><G133/><N who="1" m="51306" /><E73/><V8/><F8/><W81/><G75/><T83/><D64/><U95/><E101/><V39/><REACH who="2" step="1"/><F9/><REACH who="2" ten="181,144,504,161" step="2"/><W110/><G110/><T21/><D7/><U48/><E125/><V25/><F25/><W124/><G124/><T42/><D14/><N who="1" m="9335" /><E106/><V40/><F40/><W61/><G126/><T65/><D24/><U120/><E120/><V121/><F121/><W49/><G0/><T70/><D42/><N who="1" m="24663" /><E23/><V105/><F105/><W67/><G3/><T54/><D21/><U74/><E74/><V127/><F127/><W79/><G71/><T10/><D70/><U130/><E130/><AGARI ba="3,1" hai="13,16,22,39,43,44,90,94,96,113,115,128,130,131" machi="130" ten="40,12000,1" yaku="1,1,19,1,54,1,53,1" doraHai="29" doraHaiUra="11" who="2" fromWho="1" sc="181,0,144,-129,504,139,161,0" />
</Scene>
<Scene>
<INIT seed="2,4,0,4,1,127" ten="181,15,643,161" oya="2" hai0="54,5,83,116,2,42,20,115,84,107,24,112,62" hai1="58,135,12,82,104,25,8,97,68,57,60,66,78" hai2="101,103,50,31,37,80,98,120,126,102,75,130,91" hai3="72,51,48,7,125,118,105,11,14,110,36,69,27"/><V0/><F0/><W9/><G118/><T21/><D107/><U106/><E135/><V26/><F37/><W44/><G72/><T46/><D116/><U77/><E25/><V121/><F126/><W96/><G69/><T119/><D119/><U10/><E10/><V59/><F75/><W38/><G125/><T108/><D108/><U28/><E28/><V65/><F121/><W17/><G110/><T113/><D2/><U81/><E81/><V70/><F70/><W79/><G79/><T43/><D5/><U16/><E77/><V40/><F40/><W88/><G51/><T128/><D128/><U52/><E97/><V15/><F130/><W131/><G131/><T124/><D124/><U6/><E6/><V132/><F15/><W45/><G45/><T95/><D95/><U13/><E13/><V1/><F1/><W30/><G105/><T67/><D84/><U63/><REACH who="1" step="1"/><E68/><REACH who="1" ten="181,5,643,161" step="2"/><V122/><F132/><W39/><G9/><T99/><D83/><U18/><E18/><V129/><F129/><W100/><G7/><T94/><D24/><U123/><E123/><V114/><F122/><W71/><G71/><N who="0" m="42487" /><D21/><U33/><E33/><V111/><F120/><W74/><G27/><T109/><D20/><U47/><E47/><V4/><F111/><W56/><G30/><T32/><D32/><U55/><E55/><N who="2" m="32247" /><F80/><W76/><G44/><T85/><D109/><U49/><E49/><V89/><F26/><W90/><G76/><T73/><D99/><U34/><E34/><V3/><F31/><W117/><G117/><T22/><D46/><U53/><E53/><RYUUKYOKU ba="4,1" sc="181,-10,5,30,643,-10,161,-10" hai1="8,12,16,52,57,58,60,63,66,78,82,104,106" />
</Scene>
<Scene>
<INIT seed="3,5,1,1,4,50" ten="171,35,633,151" oya="3" hai0="40,41,66,0,6,46,110,99,42,116,31,84,10" hai1="73,35,7,120,19,132,4,28,64,107,106,114,54" hai2="22,68,86,58,105,59,26,14,1,25,69,67,89" hai3="93,102,125,8,61,47,91,126,45,52,34,15,2"/><W104/><G34/><T16/><D116/><U72/><E120/><V55/><F1/><W119/><G2/><T62/><D110/><U71/><E71/><V23/><F105/><W20/><G119/><T128/><D128/><U74/><E64/><V57/><F68/><W44/><G20/><N who="2" m="7721" /><F14/><W129/><G129/><T101/><D31/><U134/><E114/><V130/><F69/><W76/><G76/><T13/><D84/><U9/><E19/><V56/><F67/><W33/><G33/><T70/><D0/><U108/><E108/><V39/><F39/><W75/><G75/><T24/><D24/><N who="2" m="9322" /><F59/><N who="3" m="35047" /><G102/><T81/><D81/><U123/><E123/><V21/><F21/><W103/><G103/><T133/><D6/><N who="1" m="2091" /><E35/><V121/><F121/><W12/><G104/><N who="1" m="39978" /><E28/><V36/><F36/><W100/><G100/><T92/><REACH who="0" step="1"/><D133/><REACH who="0" ten="161,35,633,151" step="2"/><N who="1" m="51307" /><E9/><V32/><F32/><W43/><G8/><T83/><D83/><U18/><E18/><V96/><F130/><W118/><G118/><T122/><D122/><U117/><E117/><V77/><F96/><N who="3" m="57407" /><G43/><T29/><D29/><U30/><E30/><V131/><F131/><W87/><G87/><T135/><D135/><U124/><E74/><V78/><F86/><W109/><G109/><T51/><AGARI ba="5,2" hai="10,13,16,40,41,42,46,51,62,66,70,92,99,101" machi="51" ten="20,8000,1" yaku="1,1,0,1,7,1,54,1,53,1" doraHai="50" doraHaiUra="98" who="0" fromWho="0" sc="161,115,35,-25,633,-25,151,-45" />
</Scene>
<Scene>
<INIT seed="4,0,0,4,4,28" ten="276,10,608,106" oya="0" hai0="96,21,104,34,18,1,62,16,72,88,134,59,124" hai1="49,107,4,110,121,101,99,37,100,31,47,58,12" hai2="97,23,112,63,80,79,81,5,51,123,103,119,42" hai3="43,7,40,95,74,109,92,117,6,67,86,87,93"/><T135/><D34/><U9/><E110/><V22/><F123/><W30/><G74/><T89/><D1/><U8/><E121/><V75/><F5/><N who="3" m="1547" /><G109/><T91/><D72/><U56/><E37/><V41/><F119/><W64/><G30/><T55/><D124/><U14/><E101/><V102/><F63/><W17/><G17/><T90/><D104/><U84/><E31/><V85/><F112/><W94/><G94/><N who="0" m="56391" /><D18/><U44/><E44/><V73/><F97/><W60/><G60/><T32/><D32/><U46/><E46/><V39/><F51/><W133/><G133/><N who="0" m="50699" /><D91/><U52/><REACH who="1" step="1"/><E84/><REACH who="1" ten="276,0,608,106" step="2"/><N who="3" m="32298" /><G117/><T45/><D45/><U11/><E11/><V106/><F85/><W105/><G105/><T26/><AGARI ba="0,1" hai="16,21,26,55,59,62,89,90" m="50699,56391" machi="26" ten="30,11700,0" yaku="25,1,20,1,54,2" doraHai="28" who="0" fromWho="0" sc="276,127,0,-39,608,-39,106,-39" owari="403,20.0,-39,-54.0,569,67.0,67,-33.0" />
</Scene>
</mjloggm>