<mjloggm ver="2.3"><GO type="169" lobby="0"/><UN n0="%E3%81%A6%E3%82%93%E3%81%BD%E3%81%84%E3%82%93%E3%81%A8" n1="%E5%A4%AA%E3%81%8F%E3%81%AA%E3%81%84%E3%81%8A" n2="%61%6C%75%63%61%72%64" n3="%E3%82%80%E3%83%BC%E3%81%BF%E3%82%93%5F%32%31" dan="17,18,17,17" rate="2158.96,2201.45,2113.78,2130.72" sx="M,M,M,M"/><TAIKYOKU oya="0"/>

<Scene>
<INIT seed="0,0,0,0,0,40" ten="250,250,250,250" oya="0" hai0="15,5,73,105,113,6,0,108,23,124,111,10,26" hai1="109,53,1,25,67,127,54,50,48,134,3,121,78" hai2="22,70,2,21,29,110,86,35,133,42,62,17,36" hai3="9,130,94,119,55,120,51,81,37,91,89,106,103"/><T95/><D105/><U43/><E121/><V82/><F2/><W33/><G37/><T76/><D95/><U122/><E122/><V47/><F110/><N who="0" m="42026" /><D76/><U83/><E43/><V75/><F75/><W100/><G120/><T66/><D66/><U45/><E109/><V77/><F133/><W135/><G135/><T16/><D73/><U4/><E134/><V131/><F131/><W115/><G130/><T85/><D85/><U65/><E127/><V128/><F128/><W11/><G119/><T60/><D60/><U49/><E67/><V97/><F97/><W69/><G69/><T28/><D124/><U56/><E65/><V88/><F77/><W101/><G115/><T102/><D102/><U93/><E93/><V61/><F70/><W57/><G106/><T107/><D107/><U96/><E96/><V71/><F71/><W18/><G33/><N who="0" m="20631" /><D5/><U72/><E4/><V92/><F92/><W30/><G81/><T34/><D34/><U118/><E118/><V112/><F112/><AGARI ba="0,0" hai="0,6,10,15,16,23,112,113" m="20631,42026" machi="112" ten="30,18000,2" yaku="24,1,14,1,10,1,34,2,54,1" doraHai="40" who="0" fromWho="2" sc="250,180,250,0,250,-180,250,0" />
</Scene>
<Scene>
<INIT seed="0,1,0,3,3,130" ten="430,250,70,250" oya="0" hai0="41,92,115,62,66,65,103,13,134,42,64,50,27" hai1="106,124,72,10,15,52,17,94,43,56,102,57,125" hai2="129,1,34,81,110,68,61,131,111,89,80,30,22" hai3="123,91,35,85,12,109,48,116,95,40,33,3,14"/><T54/><D115/><U77/><E106/><V76/><F1/><W126/><G109/><N who="2" m="41481" /><F34/><W100/><G116/><T71/><D71/><U117/><E117/><V11/><F11/><W108/><G108/><T26/><D62/><U23/><E43/><N who="0" m="16393" /><D13/><U70/><E70/><V112/><F112/><W83/><G3/><T4/><D4/><U105/><E105/><V113/><F113/><W58/><G126/><N who="1" m="48746" /><E77/><V39/><F39/><W24/><G123/><T55/><D55/><U101/><E72/><N who="2" m="43015" /><F30/><W96/><G35/><T2/><D2/><U6/><E94/><V8/><F22/><W90/><G33/><T98/><D134/><U44/><E44/><AGARI ba="1,0" hai="26,27,44,50,54,64,65,66,92,98,103" m="16393" machi="44" ten="30,1500,0" yaku="8,1" doraHai="130" who="0" fromWho="1" sc="430,18,250,-18,70,0,250,0" />
</Scene>
<Scene>
<INIT seed="0,2,0,2,1,83" ten="448,232,70,250" oya="0" hai0="19,14,12,89,100,114,26,31,49,105,40,46,23" hai1="108,10,82,127,52,78,9,38,92,27,34,30,93" hai2="54,22,119,6,4,126,76,69,124,74,101,21,61" hai3="73,32,77,17,80,5,129,98,47,121,103,112,15"/><T56/><D114/><U75/><E38/><V68/><F101/><W97/><G112/><T135/><D135/><U66/><E66/><V41/><F41/><W87/><G129/><T113/><D113/><U81/><E108/><V2/><F119/><W18/><G121/><T51/><D100/><U44/><E127/><N who="2" m="48683" /><F76/><W1/><G32/><T64/><D105/><U88/><E82/><V91/><F74/><W102/><G1/><T8/><D89/><U20/><E34/><V86/><F54/><W109/><G109/><T0/><D0/><U60/><E93/><N who="2" m="54519" /><F61/><W95/><G73/><T63/><REACH who="0" step="1"/><D14/><REACH who="0" ten="438,232,70,250" step="2"/><U58/><REACH who="1" step="1"/><E44/><REACH who="1" ten="438,222,70,250" step="2"/><V48/><F2/><W71/><G47/><T35/><D35/><U42/><E42/><V11/><F69/><W45/><G45/><T28/><D28/><U70/><E70/><V85/><F68/><W122/><G71/><T94/><D94/><U110/><E110/><V33/><F33/><W131/><G122/><T128/><D128/><U43/><E43/><V130/><F130/><W57/><G131/><T84/><D84/><AGARI ba="2,2" hai="9,10,20,27,30,52,58,60,75,78,81,84,88,92" machi="84" ten="30,8000,1" yaku="1,1,7,1,52,1,54,2,53,0" doraHai="83" doraHaiUra="62" who="1" fromWho="0" sc="438,-86,222,106,70,0,250,0" />
</Scene>
<Scene>
<INIT seed="1,0,0,1,5,86" ten="352,328,70,250" oya="1" hai0="99,132,110,43,97,134,32,52,58,82,20,35,46" hai1="90,103,55,133,3,4,54,74,124,113,47,18,72" hai2="130,117,36,106,102,23,114,7,93,128,105,87,0" hai3="83,65,118,81,92,25,8,24,44,51,76,26,88"/><U121/><E121/><V9/><F117/><W33/><G118/><T38/><D20/><U53/><E113/><V125/><F114/><W120/><G120/><T70/><D70/><U67/><E103/><V71/><F36/><W78/><G33/><N who="0" m="12875" /><D82/><N who="3" m="31241" /><G65/><T98/><D110/><U10/><E133/><N who="0" m="51305" /><D99/><U6/><E124/><V63/><F125/><W95/><G8/><T96/><D96/><U48/><E67/><N who="2" m="41471" /><F23/><W41/><G95/><T11/><D11/><U115/><E115/><V21/><F21/><W62/><G62/><AGARI ba="0,0" hai="38,43,46,52,58,62,97,98" m="51305,12875" machi="62" ten="30,2000,0" yaku="20,1,54,1" doraHai="86" who="0" fromWho="3" sc="352,20,328,0,70,0,250,-20" />
</Scene>
<Scene>
<INIT seed="2,0,0,0,0,89" ten="372,328,70,230" oya="2" hai0="68,94,23,22,78,2,46,30,75,117,18,64,57" hai1="55,104,102,92,6,90,126,54,65,128,26,34,135" hai2="53,93,32,100,118,38,97,99,52,39,87,25,85" hai3="21,98,41,12,4,130,61,31,96,42,77,115,120"/><V103/><F32/><W69/><G120/><T50/><D2/><U123/><E123/><V1/><F1/><W0/><G130/><T45/><D68/><U132/><E128/><V28/><F25/><W44/><G115/><T110/><D75/><U131/><E131/><V51/><F28/><W105/><G77/><T91/><D78/><U76/><E126/><V40/><F40/><W37/><G42/><T121/><D110/><U56/><E6/><V88/><F118/><W9/><G12/><T74/><D74/><U67/><E76/><V124/><F124/><W125/><G125/><T109/><D109/><U127/><E102/><V35/><F35/><W43/><G43/><T116/><D121/><U81/><E81/><V114/><F114/><W80/><G80/><T83/><D83/><U19/><E104/><V27/><F27/><W86/><G86/><N who="0" m="52599" /><D30/><N who="1" m="19799" /><E19/><V29/><F29/><W133/><G98/><N who="2" m="37385" /><F38/><W48/><G48/><T13/><D23/><U24/><E127/><V113/><F39/><W10/><G10/><T49/><D116/><U79/><E24/><V95/><F113/><W101/><G21/><T3/><D3/><U33/><E33/><V112/><F112/><W47/><G31/><T8/><D22/><U71/><E71/><V72/><F72/><W111/><G111/><T106/><D106/><U16/><E135/><V36/><F36/><W14/><G133/><T62/><D117/><U60/><E132/><V82/><F82/><W107/><G107/><T63/><D63/><U5/><E60/><V17/><F51/><AGARI ba="0,0" hai="8,13,18,45,46,49,50,51,57,62,64" m="52599" machi="51" ten="30,2000,0" yaku="8,1,52,1" doraHai="89" who="0" fromWho="2" sc="372,20,328,0,70,-20,230,0" />
</Scene>
<Scene>
<INIT seed="3,0,0,5,5,131" ten="392,328,50,230" oya="3" hai0="56,26,102,12,82,96,2,77,18,4,48,1,7" hai1="132,124,73,92,118,93,70,114,83,41,53,3,116" hai2="79,99,126,15,74,28,61,81,103,120,76,128,71" hai3="87,31,21,98,11,66,30,23,80,85,57,130,20"/><W19/><G130/><T95/><D26/><U39/><E3/><V125/><F128/><W72/><G72/><T121/><D121/><U75/><E70/><V43/><F120/><W135/><G98/><T34/><D34/><U90/><E53/><V49/><F28/><W115/><G115/><T65/><D2/><U50/><E50/><V42/><F15/><W24/><G87/><N who="0" m="48591" /><D1/><U68/><E68/><V78/><F61/><N who="3" m="38191" /><G135/><T64/><D48/><U127/><E41/><N who="2" m="15371" /><F49/><W89/><G30/><T22/><D65/><U16/><E39/><V33/><F71/><W62/><G62/><AGARI ba="0,0" hai="4,7,12,18,22,56,62,64,95,96,102" m="48591" machi="62" ten="30,1000,0" yaku="8,1" doraHai="131" who="0" fromWho="3" sc="392,10,328,0,50,0,230,-10" />
</Scene>
<Scene>
<INIT seed="4,0,0,4,3,16" ten="402,328,50,220" oya="0" hai0="127,66,95,65,106,0,108,11,70,97,122,81,58" hai1="46,34,101,60,120,71,40,72,86,131,24,119,92" hai2="121,114,8,96,3,55,25,125,41,47,15,87,75" hai3="29,118,91,129,6,10,61,128,77,4,73,26,63"/><T112/><D106/><U38/><E119/><V2/><F75/><W7/><G118/><T99/><D70/><U57/><E72/><V52/><F121/><W22/><G91/><T116/><D122/><U19/><E120/><V48/><F114/><W109/><G109/><T28/><D112/><U85/><E71/><V111/><F111/><W67/><G10/><T32/><D108/><U88/><E101/><V102/><F125/><W33/><G33/><T123/><D127/><U13/><E131/><N who="3" m="50250" /><G67/><T42/><D66/><U62/><E85/><V5/><F25/><W107/><G107/><T135/><D65/><U124/><E124/><V130/><F130/><W82/><AGARI ba="0,0" hai="4,6,7,22,26,29,61,63,73,77,82" m="50250" machi="82" ten="40,2700,0" yaku="19,1,52,1" doraHai="16" who="3" fromWho="3" sc="402,-13,328,-7,50,-7,220,27" />
</Scene>
<Scene>
<INIT seed="5,0,0,2,0,40" ten="389,321,43,247" oya="1" hai0="37,122,23,71,42,84,127,39,121,43,48,7,120" hai1="90,16,33,10,93,111,126,69,20,3,102,128,49" hai2="34,82,131,87,92,62,104,77,51,80,116,117,12" hai3="14,17,32,85,109,8,135,53,41,125,81,130,110"/><U54/><E33/><V57/><F104/><W115/><G32/><T78/><D127/><U55/><E69/><V91/><F34/><W123/><G125/><T106/><D106/><U97/><E126/><V86/><F131/><W108/><G130/><T134/><D134/><U83/><E128/><V103/><F12/><W30/><G135/><T31/><D71/><U28/><E111/><V45/><F103/><W88/><G123/><T63/><D7/><U11/><E28/><V38/><F38/><N who="0" m="14346" /><D63/><U96/><E3/><V76/><F57/><W50/><G115/><T114/><D114/><U4/><E4/><V1/><F62/><W64/><G30/><T36/><D36/><U119/><E119/><V13/><F13/><W107/><G107/><T67/><D67/><U105/><E83/><V118/><F1/><W6/><G64/><T112/><D48/><U0/><E0/><V113/><F113/><W56/><G41/><T60/><D60/><U98/><E98/><V9/><F9/><W2/><REACH who="3" step="1"/><G110/><REACH who="3" ten="389,321,43,237" step="2"/><T61/><D112/><U99/><E55/><V79/><REACH who="2" step="1"/><F82/><REACH who="2" ten="389,321,33,237" step="2"/><W95/><G95/><T66/><D121/><U44/><E105/><V21/><F21/><AGARI ba="0,2" hai="2,6,8,14,17,21,50,53,56,81,85,88,108,109" machi="21" ten="30,3900,0" yaku="1,1,7,1,54,1,53,0" doraHai="40" doraHaiUra="26" who="3" fromWho="2" sc="389,0,321,0,33,-39,237,59" owari="389,49.0,321,12.0,-6,-51.0,296,-10.0" />
</Scene>
</mjloggm>