<mjloggm ver="2.3"><GO type="169" lobby="0"/><UN n0="%E5%A4%AA%E3%81%8F%E3%81%AA%E3%81%84%E3%81%8A" n1="%E4%B8%8D%E8%A8%B1%E5%8F%AF" n2="%E3%82%A2%E3%83%AA%E3%83%A7%E3%83%BC%E3%82%B7%E3%83%A3" n3="%68%61%79%61%74%6F%E2%98%86" dan="17,16,16,18" rate="2205.74,2095.50,2046.11,2272.48" sx="M,M,M,M"/><TAIKYOKU oya="0"/>

<Scene>
<INIT seed="0,0,0,4,0,60" ten="250,250,250,250" oya="0" hai0="57,126,130,54,102,106,50,6,89,118,110,22,135" hai1="35,55,23,11,94,96,2,0,93,9,28,66,105" hai2="133,77,97,7,58,121,17,87,113,31,103,100,13" hai3="81,51,21,114,5,15,37,122,125,111,128,47,34"/><T41/><D118/><U62/><E35/><V30/><F113/><W40/><G122/><T79/><D126/><U95/><E55/><V85/><F121/><W64/><G114/><T45/><D135/><U76/><E76/><V108/><F108/><W75/><G34/><T74/><D110/><U52/><E52/><V70/><F70/><W78/><G125/><T14/><D130/><U99/><E9/><V134/><F58/><W132/><G128/><T12/><D106/><U20/><E28/><N who="2" m="10795" /><F7/><W68/><G132/><N who="2" m="50793" /><F97/><W107/><G107/><T80/><D102/><N who="2" m="38954" /><F77/><W90/><G111/><T38/><D22/><AGARI ba="0,0" hai="13,17,22,85,87" m="38954,50793,10795" machi="22" ten="30,1000,0" yaku="20,1" doraHai="60" who="2" fromWho="0" sc="250,-10,250,0,250,10,250,0" />
</Scene>
<Scene>
<INIT seed="1,0,0,4,2,66" ten="240,250,260,250" oya="1" hai0="135,10,132,96,5,43,130,115,32,55,101,48,12" hai1="109,77,2,45,113,104,103,119,117,118,9,19,128" hai2="80,100,105,15,87,81,56,71,33,13,0,70,84" hai3="64,28,58,23,68,73,22,41,120,26,112,114,53"/><U39/><E113/><V95/><F0/><W52/><G73/><T124/><D115/><U99/><E128/><V106/><F33/><W83/><G120/><T54/><D32/><U57/><E109/><V25/><F100/><W121/><G121/><T74/><D74/><U116/><E116/><V125/><F56/><W47/><G83/><T88/><D130/><U37/><E77/><V17/><F17/><W72/><G72/><T65/><D124/><U36/><E57/><V92/><REACH who="2" step="1"/><F25/><REACH who="2" ten="240,250,250,250" step="2"/><W38/><G23/><T7/><D101/><U11/><E19/><V111/><F111/><W89/><G112/><T133/><D7/><N who="1" m="1271" /><E11/><V59/><F59/><W85/><G114/><T27/><D27/><U4/><E4/><V97/><F97/><W102/><G102/><T34/><D34/><U108/><E108/><V79/><F79/><W126/><G126/><AGARI ba="0,1" hai="13,15,70,71,80,81,84,87,92,95,105,106,125,126" machi="126" ten="25,12000,2" yaku="1,1,22,2,52,2,53,2" doraHai="66" doraHaiUra="91" who="2" fromWho="3" sc="240,0,250,0,250,130,250,-120" />
</Scene>
<Scene>
<INIT seed="2,0,0,1,2,102" ten="240,250,380,130" oya="2" hai0="79,66,97,120,49,75,32,12,62,93,81,51,134" hai1="112,15,27,6,43,58,132,24,57,110,38,125,91" hai2="16,111,133,74,78,122,131,41,92,25,61,56,96" hai3="23,124,4,47,55,80,26,42,8,107,64,108,83"/><V14/><F122/><W10/><G108/><T28/><D120/><U89/><E110/><V135/><F111/><W76/><G124/><T31/><D134/><N who="2" m="51210" /><F41/><W94/><G64/><T52/><D12/><U129/><E132/><V115/><F25/><W70/><G70/><T36/><D36/><U1/><E125/><V113/><F78/><W2/><G107/><T90/><D32/><U95/><E112/><V18/><F74/><W127/><G127/><T54/><D51/><U98/><E1/><V35/><F35/><W87/><G10/><T20/><D20/><U86/><E129/><V101/><F131/><W121/><G121/><T65/><D65/><U37/><E37/><V60/><F18/><W103/><G55/><T85/><D75/><U117/><E43/><V105/><F92/><W128/><G128/><T63/><D54/><U34/><E38/><V0/><F0/><W53/><G53/><T17/><D17/><U106/><E34/><V44/><F44/><W123/><G123/><T69/><REACH who="0" step="1"/><D63/><REACH who="0" ten="230,250,380,130" step="2"/><U46/><E15/><V100/><F61/><W40/><G23/><T48/><D48/><U68/><E24/><V130/><F60/><W73/><G26/><T77/><D77/><U9/><E27/><V72/><F72/><W19/><G19/><T88/><D88/><U7/><E91/><V114/><F114/><W33/><G33/><T116/><D116/><U104/><E117/><V3/><F115/><W67/><G67/><T21/><D21/><U118/><E89/><V126/><F113/><W11/><G2/><T109/><D109/><U82/><E118/><RYUUKYOKU ba="0,1" sc="230,30,250,-10,380,-10,130,-10" hai0="28,31,49,52,62,66,69,79,81,85,90,93,97" />
</Scene>
<Scene>
<INIT seed="3,1,1,0,3,84" ten="260,240,370,120" oya="3" hai0="70,118,135,134,39,46,48,72,129,50,76,18,116" hai1="51,95,103,107,77,20,63,126,55,113,100,8,11" hai2="88,108,41,90,31,122,74,12,99,68,125,97,73" hai3="89,78,4,54,25,94,80,75,7,28,57,26,43"/><W0/><G43/><N who="0" m="22911" /><D18/><U123/><E113/><V121/><F108/><W47/><G47/><T109/><D76/><U114/><E114/><V9/><F31/><W17/><G26/><T56/><D72/><N who="2" m="27754" /><F41/><W66/><G66/><T132/><D70/><U32/><E123/><N who="2" m="47115" /><F68/><W3/><G3/><T29/><D29/><U85/><E32/><V44/><F44/><W38/><G38/><T120/><D120/><U59/><E107/><V62/><F62/><W69/><G69/><T130/><D109/><U40/><E126/><V45/><F125/><W82/><G82/><T128/><D56/><U10/><E20/><V117/><F45/><W133/><G133/><T60/><D60/><U91/><E77/><V52/><F52/><W6/><G0/><T35/><D35/><U96/><E96/><N who="2" m="36939" /><F117/><AGARI ba="1,1" hai="48,50,116,117,118,128,129,130,132,134,135" m="22911" machi="117" ten="40,8000,1" yaku="19,1,20,1,34,2" doraHai="84" who="0" fromWho="2" sc="260,93,240,0,370,-83,120,0" />
</Scene>
<Scene>
<INIT seed="4,0,0,5,2,58" ten="353,240,287,120" oya="0" hai0="80,67,76,24,94,18,8,12,0,91,100,10,87" hai1="107,15,121,4,39,41,14,36,23,111,51,90,112" hai2="20,31,106,123,46,29,99,6,128,57,63,49,133" hai3="105,135,96,73,86,124,120,27,110,134,9,122,32"/><T77/><D67/><U78/><E111/><V7/><F123/><N who="3" m="47147" /><G9/><T130/><D130/><U54/><E121/><V89/><F128/><W104/><G32/><T53/><D0/><U68/><E112/><V113/><F113/><W62/><G27/><T92/><D24/><U43/><E107/><N who="3" m="41034" /><G110/><T61/><D8/><U75/><E68/><V50/><F20/><W108/><G108/><T2/><D2/><U93/><E39/><V103/><F7/><W55/><G73/><T30/><D30/><U60/><E36/><V116/><F6/><W19/><G19/><T72/><D72/><U95/><E75/><V13/><F13/><W65/><G55/><T85/><D100/><U125/><E14/><V21/><F21/><W35/><G35/><T71/><D71/><U26/><E54/><V3/><F31/><W25/><G25/><T38/><D38/><U118/><E4/><V37/><F29/><W69/><G86/><T64/><D53/><U44/><E23/><V132/><F3/><W79/><G79/><N who="0" m="30283" /><D87/><U66/><E78/><V17/><F17/><W127/><G96/><T42/><D85/><U117/><E15/><V109/><F109/><W126/><AGARI ba="0,0" hai="62,65,69,124,126,127,134,135" m="41034,47147" machi="126" ten="40,8000,1" yaku="18,1,13,1,23,1,52,1" doraHai="58" who="3" fromWho="3" sc="353,-40,240,-20,287,-20,120,80" />
</Scene>
<Scene>
<INIT seed="5,0,0,1,5,61" ten="313,220,267,200" oya="1" hai0="110,129,66,25,126,42,39,14,46,81,26,19,56" hai1="122,116,59,98,3,16,8,85,55,103,15,9,65" hai2="92,43,125,18,52,134,12,58,75,1,101,118,6" hai3="29,97,62,83,109,89,4,105,96,24,93,78,23"/><U30/><E116/><V48/><F118/><W131/><G131/><T37/><D110/><U33/><E122/><V124/><F75/><W50/><G109/><T113/><D37/><U77/><E30/><V108/><F108/><W35/><G4/><T44/><D44/><U41/><E33/><V90/><F101/><W94/><G105/><T57/><D129/><U71/><E41/><V34/><F34/><W60/><G35/><T121/><D121/><U132/><E132/><V49/><F6/><W10/><G10/><T2/><D2/><U100/><E71/><V76/><F76/><W67/><G50/><N who="0" m="26967" /><D113/><U47/><E47/><V40/><F1/><W28/><G28/><T127/><D39/><U86/><E65/><V119/><F119/><W22/><G22/><N who="0" m="11639" /><D81/><U73/><E73/><V13/><F134/><W106/><G106/><T27/><D66/><U133/><E133/><V20/><F49/><W91/><REACH who="3" step="1"/><G67/><REACH who="3" ten="313,220,267,190" step="2"/><T70/><D70/><U69/><E69/><V72/><F48/><W68/><G68/><T95/><D127/><U54/><E8/><V80/><F125/><W21/><G21/><T117/><D126/><U45/><E3/><V104/><F104/><W111/><G111/><T32/><D32/><U115/><E9/><V120/><F20/><W17/><G17/><T107/><D107/><U112/><E16/><V63/><F18/><W87/><AGARI ba="0,1" hai="23,24,29,60,62,78,83,87,89,91,93,94,96,97" machi="87" ten="20,8000,1" yaku="1,1,0,1,7,1,9,1,8,1,53,0" doraHai="61" doraHaiUra="128" who="3" fromWho="3" sc="313,-20,220,-40,267,-20,190,90" />
</Scene>
<Scene>
<INIT seed="6,0,0,4,0,62" ten="293,180,247,280" oya="2" hai0="31,52,66,12,20,84,18,114,39,85,9,7,79" hai1="97,8,42,48,128,109,122,80,65,56,1,124,28" hai2="26,110,117,87,21,25,4,60,41,70,14,130,49" hai3="99,35,116,106,129,125,32,22,103,29,0,23,47"/><V112/><F117/><W86/><G116/><T104/><D39/><U71/><E109/><V135/><F110/><W46/><G0/><T119/><D104/><U72/><E124/><V95/><F130/><W73/><G73/><T44/><D119/><U126/><E126/><V92/><F112/><W15/><G125/><T16/><D114/><U132/><E128/><V2/><F2/><W76/><G129/><T61/><D31/><U53/><E132/><V51/><F135/><W30/><G76/><T67/><D79/><U94/><E122/><V91/><F70/><W40/><G86/><N who="0" m="33387" /><D7/><U74/><E28/><N who="2" m="17455" /><F60/><W75/><G75/><T13/><D44/><U3/><E42/><V50/><F26/><W134/><G134/><T59/><AGARI ba="0,0" hai="9,12,13,16,18,20,52,59,61,66,67" m="33387" machi="59" ten="30,8000,1" yaku="8,1,52,2,54,2" doraHai="62" who="0" fromWho="0" sc="293,80,180,-20,247,-40,280,-20" />
</Scene>
<Scene>
<INIT seed="7,0,0,1,0,47" ten="373,160,207,260" oya="3" hai0="73,100,118,50,15,75,89,59,119,121,49,67,68" hai1="83,78,10,95,132,88,18,52,94,71,13,51,127" hai2="27,8,48,25,103,70,79,134,116,111,109,37,69" hai3="98,31,77,55,16,135,26,74,3,85,90,29,80"/><W114/><G3/><T123/><D100/><U60/><E127/><V72/><F116/><N who="0" m="44586" /><D89/><U22/><E132/><V81/><F37/><W108/><G108/><T53/><D15/><N who="1" m="9567" /><E71/><V24/><F134/><W117/><G117/><T34/><D34/><U65/><E78/><V130/><F130/><W107/><G135/><T63/><D75/><U41/><E41/><V66/><F103/><N who="3" m="62967" /><G55/><N who="0" m="32247" /><D73/><U0/><E60/><V14/><F111/><W54/><G54/><T35/><D35/><U40/><E40/><V28/><F28/><W42/><G42/><T115/><D115/><U45/><E65/><V19/><F66/><W46/><G46/><AGARI ba="0,0" hai="46,49,53,63,67,68,121,123" m="32247,44586" machi="46" ten="30,7700,0" yaku="34,2,52,2" doraHai="47" who="0" fromWho="3" sc="373,77,160,0,207,0,260,-77" owari="450,55.0,160,-34.0,207,1.0,183,-22.0" />
</Scene>
</mjloggm>