<mjloggm ver="2.3"><GO type="169" lobby="0"/><UN n0="%E8%B7%AF%E5%9C%B0%E8%A3%8F%E3%81%AE%E3%81%B2%E3%81%BE%E3%82%8F%E3%82%8A" n1="%E6%9E%9D%E8%B1%86%E3%82%AB%E3%83%AC%E3%83%BC%E7%94%98%E5%8F%A3" n2="%33%33%62%6C%61%63%6B" n3="%E5%A4%AA%E3%81%8F%E3%81%AA%E3%81%84%E3%81%8A" dan="16,16,16,17" rate="2071.06,2099.16,2035.72,2181.73" sx="M,F,M,M"/><TAIKYOKU oya="0"/>

<Scene>
<INIT seed="0,0,0,5,3,24" ten="250,250,250,250" oya="0" hai0="90,104,85,123,92,134,45,53,127,74,60,11,40" hai1="120,59,43,15,126,110,36,14,31,114,66,6,21" hai2="100,1,58,55,67,7,65,25,70,108,41,95,18" hai3="125,135,116,50,33,96,12,69,9,91,57,132,121"/><T122/><D127/><U3/><E120/><V77/><F108/><W117/><G69/><T8/><D134/><N who="3" m="51241" /><G33/><T48/><D74/><U103/><E110/><V107/><F107/><W87/><G96/><T2/><D104/><U29/><E3/><V26/><F70/><W131/><G125/><T78/><D78/><U102/><E126/><V39/><F77/><W54/><G131/><T80/><D80/><U113/><E36/><V124/><F7/><N who="3" m="3135" /><G121/><T30/><D11/><N who="1" m="4471" /><E43/><V68/><F41/><W73/><G73/><T130/><D130/><U118/><E118/><V99/><F39/><W63/><G50/><T89/><D8/><U27/><E15/><V129/><F1/><W71/><G71/><T101/><D2/><U0/><E0/><V51/><F129/><W42/><G42/><T52/><D101/><N who="1" m="38411" /><E114/><V4/><F68/><W115/><G115/><T28/><D123/><U32/><E32/><V133/><F133/><W5/><G5/><T20/><D122/><U10/><E10/><V34/><F34/><W44/><G44/><T109/><D109/><U83/><E83/><AGARI ba="0,0" hai="54,57,63,83,87,91,116,117" m="3135,51241" machi="83" ten="30,1000,0" yaku="20,1" doraHai="24" who="3" fromWho="1" sc="250,0,250,-10,250,0,250,10" />
</Scene>
<Scene>
<INIT seed="1,0,0,5,2,3" ten="250,240,250,260" oya="1" hai0="76,13,89,125,42,41,104,99,8,61,64,24,26" hai1="29,82,2,0,135,124,121,34,106,30,46,80,92" hai2="118,119,102,20,98,114,86,10,44,22,19,12,45" hai3="108,85,94,97,66,90,1,132,11,49,56,115,21"/><U101/><E121/><V47/><F114/><W116/><G115/><T88/><D125/><U95/><E46/><V48/><F48/><W67/><G108/><T65/><D76/><U70/><E70/><V107/><REACH who="2" step="1"/><F86/><REACH who="2" ten="250,240,240,260" step="2"/><W123/><G85/><T129/><D129/><U4/><E124/><V100/><F100/><W52/><G49/><T62/><D99/><U122/><E101/><V17/><F17/><W31/><G97/><T128/><D128/><U37/><E122/><V81/><F81/><W6/><G123/><T133/><D133/><U39/><E135/><V7/><F7/><W69/><G6/><T103/><D103/><U5/><REACH who="1" step="1"/><E34/><REACH who="1" ten="250,230,240,260" step="2"/><V40/><F40/><W14/><G132/><T63/><D42/><U58/><E58/><V35/><F35/><W57/><G56/><T33/><D41/><U28/><E28/><V131/><F131/><W50/><G57/><T25/><D33/><U27/><E27/><V79/><F79/><W32/><G31/><T54/><D26/><U109/><E109/><V120/><F120/><W59/><G59/><T53/><D25/><U60/><E60/><V93/><F93/><W36/><G94/><T72/><D24/><U111/><E111/><V113/><F113/><W38/><G32/><T87/><D62/><U105/><AGARI ba="0,2" hai="0,2,4,5,29,30,37,39,80,82,92,95,105,106" machi="105" ten="25,18000,2" yaku="1,1,0,1,22,2,52,2,53,0" doraHai="3" doraHaiUra="73" who="1" fromWho="1" sc="250,-60,230,200,240,-60,260,-60" />
</Scene>
<Scene>
<INIT seed="1,1,0,3,0,109" ten="190,430,180,200" oya="1" hai0="28,107,16,84,69,35,30,27,119,128,117,1,15" hai1="90,116,11,114,96,134,80,106,76,37,102,7,111" hai2="13,103,85,75,20,83,91,74,120,62,89,88,34" hai3="52,95,4,93,3,60,63,61,50,44,66,126,32"/><U9/><E116/><V94/><F62/><W135/><G32/><T72/><D72/><U57/><E37/><V29/><F34/><W87/><G126/><T65/><D1/><U131/><E111/><V64/><F64/><W38/><G135/><T121/><D121/><U45/><E45/><V101/><F120/><W115/><G66/><T14/><D30/><U81/><E134/><V42/><F42/><W17/><G38/><T124/><D124/><U82/><E76/><N who="2" m="44447" /><F13/><W86/><G17/><T70/><D14/><U39/><E39/><V0/><F20/><W100/><G4/><T54/><D107/><U21/><E21/><V112/><F29/><W53/><G3/><T10/><D128/><U12/><E131/><V58/><F58/><W130/><G130/><T132/><D132/><U24/><E24/><V6/><F6/><W8/><G8/><T41/><D41/><U113/><E11/><V108/><F0/><W18/><G18/><T40/><D40/><U2/><E2/><V51/><F51/><W47/><G100/><N who="2" m="38473" /><F74/><W68/><G61/><N who="0" m="40111" /><D54/><U5/><E5/><V48/><F48/><W118/><G50/><T79/><D70/><U77/><E57/><V110/><F112/><W99/><G115/><T98/><D119/><U67/><E67/><V92/><F89/><W122/><G122/><T23/><D117/><U133/><E133/><V71/><F71/><W123/><G123/><T26/><D35/><U127/><E127/><V49/><F49/><W78/><G118/><T43/><D43/><U125/><E125/><V19/><F19/><W36/><G68/><RYUUKYOKU ba="1,0" sc="190,-10,430,-10,180,30,200,-10" hai2="85,88,91,92,94,108,110" />
</Scene>
<Scene>
<INIT seed="2,2,0,5,4,50" ten="180,420,210,190" oya="2" hai0="18,113,86,51,71,91,41,73,114,96,118,26,131" hai1="13,127,3,36,69,46,123,95,6,44,84,104,33" hai2="29,68,70,107,38,103,35,12,108,8,54,76,24" hai3="67,40,115,39,2,102,133,1,4,62,72,57,85"/><V109/><F38/><W98/><G72/><T49/><D73/><U25/><E104/><V94/><F76/><W65/><G133/><T105/><D71/><U134/><E134/><V15/><F107/><W126/><G126/><T28/><D131/><U52/><E127/><V90/><F103/><W55/><G115/><T77/><D118/><U63/><E3/><V43/><F43/><W116/><G116/><T93/><D18/><U100/><E123/><V45/><F15/><W97/><G85/><T0/><D0/><U89/><E100/><V130/><F130/><W128/><G128/><T110/><D110/><N who="2" m="42602" /><F45/><W124/><G124/><T99/><D51/><U112/><E112/><V121/><F121/><W23/><G1/><T132/><D132/><U20/><E33/><V11/><F54/><W119/><G119/><T16/><D105/><U81/><E36/><V122/><F122/><W64/><G102/><T82/><D114/><U120/><E120/><V21/><F35/><W19/><G40/><T129/><D113/><U74/><E44/><V34/><F34/><W66/><G39/><T87/><D129/><U56/><E46/><V111/><N who="2" m="42610" /><V14/><DORA hai="42" /><F14/><W61/><G2/><T117/><D117/><U17/><E13/><V47/><F47/><W30/><G4/><T5/><D5/><U80/><E6/><N who="2" m="3095" /><F11/><W27/><REACH who="3" step="1"/><G19/><REACH who="3" ten="180,420,210,180" step="2"/><T60/><D16/><U32/><E74/><V48/><F48/><W59/><AGARI ba="2,1" hai="23,27,30,55,57,59,61,62,64,65,66,67,97,98" machi="59" ten="30,12000,2" yaku="1,1,2,1,0,1,8,1,52,1,53,2" doraHai="50,42" doraHaiUra="92,125" who="3" fromWho="3" sc="180,-32,420,-32,210,-62,180,136" />
</Scene>
<Scene>
<INIT seed="3,0,0,2,5,109" ten="148,388,148,316" oya="3" hai0="64,78,32,55,88,86,114,47,107,96,126,118,20" hai1="73,65,13,122,115,54,97,125,85,117,82,2,89" hai2="49,66,127,72,103,7,74,95,121,46,44,22,19" hai3="102,26,133,123,110,12,70,106,50,80,36,104,38"/><W84/><G123/><T33/><D118/><U98/><E2/><V113/><F121/><W120/><G120/><T87/><D126/><U48/><E122/><V68/><F127/><W35/><G70/><T40/><D64/><U108/><E125/><V119/><F119/><W14/><G110/><T112/><D55/><U58/><E108/><V69/><F7/><W11/><G133/><T8/><D8/><U53/><E117/><V81/><F44/><W3/><G3/><T57/><D57/><U79/><E115/><N who="0" m="44073" /><D20/><U41/><E41/><V128/><F128/><W9/><G9/><T45/><D45/><U0/><E0/><V37/><F66/><W111/><G111/><T101/><D78/><U131/><E131/><V90/><F113/><W76/><G11/><T100/><D100/><U31/><E65/><V134/><F103/><W42/><G102/><T67/><D67/><U15/><E54/><V17/><F68/><W6/><G76/><T30/><D30/><U18/><E31/><V124/><F69/><W116/><G116/><T29/><D29/><U24/><E53/><V129/><F46/><W56/><G56/><T63/><D63/><U99/><E58/><V5/><F124/><W94/><G42/><T93/><D87/><U52/><E52/><V92/><F129/><W34/><G84/><T39/><AGARI ba="0,0" hai="32,33,39,40,47,86,88,93,96,101,107" m="44073" machi="39" ten="30,8000,1" yaku="11,1,52,3,54,1" doraHai="109" who="0" fromWho="0" sc="148,80,388,-20,148,-20,316,-40" />
</Scene>
<Scene>
<INIT seed="4,0,0,2,1,109" ten="228,368,128,276" oya="0" hai0="28,12,113,3,132,71,22,120,53,44,79,42,72" hai1="124,100,52,87,2,1,54,67,75,82,48,26,9" hai2="43,107,70,118,25,23,51,19,114,41,104,131,10" hai3="32,115,7,103,46,89,20,40,108,98,47,0,56"/><T55/><D120/><U111/><E111/><V74/><F70/><W29/><G108/><T66/><D3/><U61/><E75/><V121/><F121/><W86/><G32/><T49/><D132/><U14/><E124/><V17/><F131/><W59/><G0/><T50/><D113/><U91/><E100/><V58/><F74/><W126/><G7/><T133/><D133/><U16/><E26/><V97/><F118/><W73/><G73/><T8/><D66/><U37/><E37/><V102/><F107/><W80/><G126/><T106/><D71/><U96/><E96/><V99/><F99/><W127/><G127/><T93/><D106/><U62/><E54/><V30/><F114/><W64/><G115/><T122/><D93/><U101/><E101/><V15/><REACH who="2" step="1"/><F30/><REACH who="2" ten="228,368,118,276" step="2"/><W134/><G29/><T63/><D28/><U77/><E77/><V125/><F125/><W68/><G98/><T94/><D79/><U13/><E67/><V135/><F135/><W24/><G64/><T119/><D72/><U110/><E110/><V85/><F85/><W4/><G86/><T65/><D65/><U78/><E78/><V18/><F18/><W84/><G84/><T45/><D122/><U35/><E87/><V105/><F105/><W39/><G134/><T60/><D119/><U112/><E16/><V36/><F36/><W92/><G39/><T95/><D95/><U76/><E112/><V11/><F11/><W21/><G92/><T88/><D8/><U38/><E76/><V27/><F27/><W31/><G68/><T117/><D117/><U90/><E38/><RYUUKYOKU ba="0,1" sc="228,-10,368,-10,118,30,276,-10" hai2="10,15,17,19,23,25,41,43,51,58,97,102,104" />
</Scene>
<Scene>
<INIT seed="5,1,1,1,5,66" ten="218,358,148,266" oya="1" hai0="80,81,18,68,30,77,84,38,131,120,83,34,32" hai1="36,12,89,16,4,9,44,85,52,3,23,47,41" hai2="86,135,42,88,72,2,133,130,29,56,15,61,46" hai3="37,116,101,111,43,106,48,21,109,91,20,71,40"/><U121/><E121/><V97/><F2/><W104/><G37/><T98/><D120/><U10/><E10/><V45/><F72/><W51/><G91/><T63/><D38/><U50/><E85/><V79/><F130/><W123/><G123/><T74/><D131/><U28/><E28/><V54/><F29/><W58/><G58/><T11/><D98/><U49/><E36/><V93/><F15/><W95/><G95/><T59/><D68/><U64/><E64/><V105/><F105/><W73/><G101/><T70/><D70/><U112/><E112/><V19/><F19/><W102/><G102/><T94/><D94/><U127/><E127/><V82/><REACH who="2" step="1"/><F42/><REACH who="2" ten="218,358,138,266" step="2"/><W96/><G73/><T113/><D30/><U134/><E134/><AGARI ba="1,2" hai="45,46,54,56,61,79,82,86,88,93,97,133,134,135" machi="134" ten="40,8000,1" yaku="1,1,2,1,20,1,54,1,53,1" doraHai="66" doraHaiUra="55" who="2" fromWho="1" sc="218,0,358,-83,138,103,266,0" />
</Scene>
<Scene>
<INIT seed="6,0,0,4,1,95" ten="218,275,241,266" oya="2" hai0="57,21,10,38,46,89,20,33,71,60,22,4,45" hai1="112,19,81,70,68,85,78,34,96,123,84,122,73" hai2="117,131,100,114,121,40,75,65,44,36,26,97,87" hai3="111,62,99,110,42,31,11,48,108,54,134,90,103"/><V127/><F117/><W72/><G72/><T49/><D33/><U32/><E112/><V69/><F75/><W101/><G134/><T51/><D71/><U14/><E34/><V80/><F121/><W115/><G115/><T64/><D89/><U94/><E32/><V17/><F114/><W109/><G31/><T56/><D56/><U77/><E70/><V124/><F131/><W67/><G42/><T12/><REACH who="0" step="1"/><D38/><REACH who="0" ten="208,275,241,266" step="2"/><U120/><E68/><V5/><F69/><N who="3" m="42231" /><G90/><T24/><D24/><U47/><E47/><AGARI ba="0,1" hai="4,10,12,20,21,22,45,46,47,49,51,57,60,64" machi="47" ten="40,2600,0" yaku="1,1,8,1,53,0" doraHai="95" doraHaiUra="133" who="0" fromWho="1" sc="208,36,275,-26,241,0,266,0" />
</Scene>
<Scene>
<INIT seed="7,0,0,2,3,13" ten="244,249,241,266" oya="3" hai0="45,33,55,27,99,111,2,71,82,130,3,24,22" hai1="56,118,86,29,43,44,98,132,15,87,28,114,46" hai2="72,12,58,42,61,17,123,117,60,30,94,135,121" hai3="6,62,1,107,0,38,67,128,108,76,116,18,23"/><W70/><G116/><T54/><D111/><U96/><E114/><V110/><F110/><W48/><G38/><T39/><D71/><U80/><E118/><V73/><F117/><W31/><G108/><T4/><D130/><U47/><E132/><V21/><F135/><W131/><G107/><T81/><D99/><N who="1" m="37931" /><E43/><V129/><F129/><N who="3" m="49739" /><G31/><T66/><D66/><U7/><E56/><V88/><F42/><W32/><G32/><T90/><D90/><N who="1" m="51527" /><E87/><N who="2" m="52511" /><F30/><W53/><G6/><T134/><D134/><U26/><E26/><V51/><F51/><W52/><G76/><T126/><D33/><U16/><E7/><V112/><F112/><W127/><G127/><T50/><D126/><U100/><E100/><V49/><F49/><W37/><G37/><T34/><D39/><U20/><AGARI ba="0,0" hai="15,16,20,28,29,44,46,47" m="51527,37931" machi="20" ten="30,4000,0" yaku="8,1,52,1,54,1" doraHai="13" who="1" fromWho="1" sc="244,-10,249,40,241,-10,266,-20" />
</Scene>
<Scene>
<INIT seed="8,0,0,1,4,24" ten="234,289,231,246" oya="0" hai0="26,85,113,94,62,118,127,48,119,40,7,23,47" hai1="20,65,99,30,122,72,106,83,132,32,67,60,91" hai2="71,68,41,90,57,6,31,112,27,133,135,5,52" hai3="34,58,50,121,69,8,104,39,4,114,49,14,76"/><T92/><D113/><U105/><E122/><V53/><F112/><W0/><G114/><T64/><D7/><N who="2" m="2570" /><F41/><W28/><G69/><N who="2" m="26697" /><F90/><W117/><G117/><N who="0" m="44555" /><D127/><U74/><E132/><N who="2" m="50763" /><F57/><W19/><G58/><N who="0" m="36951" /><D85/><U131/><E67/><V36/><F36/><W123/><G39/><T89/><D89/><U25/><E72/><V15/><F15/><W87/><G87/><T79/><D79/><U3/><E3/><V111/><F111/><W9/><G76/><T115/><D94/><U116/><E116/><V11/><F11/><W63/><G123/><T100/><D115/><U42/><E74/><V46/><F46/><W95/><G121/><T129/><D92/><U22/><E91/><V103/><F103/><W88/><G95/><T55/><D129/><U97/><E131/><V98/><F98/><W134/><G88/><T59/><D100/><U120/><E120/><V12/><F12/><W18/><G134/><T61/><D26/><U75/><E75/><V73/><F73/><W84/><G84/><T38/><D23/><AGARI ba="0,0" hai="23,27,31,52,53" m="50763,26697,2570" machi="23" ten="30,3900,0" yaku="20,1,52,1,54,1" doraHai="24" who="2" fromWho="0" sc="234,-39,289,0,231,39,246,0" />
</Scene>
<Scene>
<INIT seed="9,0,0,2,0,6" ten="195,289,270,246" oya="1" hai0="91,108,39,84,49,55,31,88,47,86,74,36,63" hai1="72,114,59,68,79,3,15,1,8,66,127,119,107" hai2="98,56,121,103,51,80,118,26,73,52,32,43,78" hai3="28,76,41,42,54,131,5,27,122,99,37,82,48"/><U62/><E114/><V29/><F121/><W71/><G71/><T130/><D74/><U34/><E119/><V53/><F118/><W102/><G37/><T96/><D108/><U132/><E132/><V24/><F24/><W109/><G5/><T20/><D130/><U101/><E127/><V30/><F30/><W4/><G4/><T50/><D63/><U35/><E59/><V67/><F67/><W10/><G10/><T70/><D70/><U106/><E15/><V83/><F83/><W89/><G89/><N who="0" m="34379" /><D36/><U85/><E85/><N who="0" m="32873" /><D39/><U23/><E23/><V46/><REACH who="2" step="1"/><F56/><REACH who="2" ten="195,289,260,246" step="2"/><W7/><G82/><T12/><D50/><U115/><E115/><V17/><F17/><W65/><G48/><T124/><D124/><U11/><E35/><V0/><F0/><W113/><G113/><T57/><D57/><U40/><E34/><V117/><F117/><W90/><G122/><T38/><D38/><U128/><E1/><V9/><F9/><W135/><G65/><T95/><D31/><U69/><E68/><V64/><F64/><W2/><G28/><T125/><D125/><U87/><E3/><V129/><F129/><W21/><G131/><T18/><D96/><U58/><E69/><V93/><AGARI ba="0,1" hai="26,29,32,43,46,51,52,53,73,78,80,93,98,103" machi="93" ten="20,8000,1" yaku="1,1,0,1,7,1,54,1,53,1" doraHai="6" doraHaiUra="44" who="2" fromWho="2" sc="195,-20,289,-40,260,90,246,-20" owari="175,-32.0,249,5.0,350,44.0,226,-17.0" />
</Scene>
</mjloggm>