<mjloggm ver="2.3"><GO type="169" lobby="0"/><UN n0="%E5%A4%AA%E3%81%8F%E3%81%AA%E3%81%84%E3%81%8A" n1="%E3%81%98%E3%82%83%E3%81%8C%E3%81%84%E3%82%82%E5%89%A3%E5%A3%AB" n2="%75%73%6B%31%31%31%35" n3="%7A%65%72%6F%52%58" dan="17,17,16,17" rate="2145.17,2216.63,2200.20,2184.44" sx="M,M,M,M"/><TAIKYOKU oya="0"/>

<Scene>
<INIT seed="0,0,0,3,1,122" ten="250,250,250,250" oya="0" hai0="65,114,83,25,84,57,61,90,68,59,41,62,69" hai1="48,117,58,113,73,77,72,63,99,30,45,44,134" hai2="120,106,135,87,79,23,19,33,53,47,13,52,94" hai3="102,98,51,80,104,96,101,36,116,40,112,49,88"/><T91/><D114/><U18/><E117/><V4/><F120/><W39/><G116/><T66/><D41/><U128/><E134/><V111/><F33/><W85/><G112/><T2/><D2/><U110/><E113/><V105/><F135/><W133/><G133/><T0/><D0/><U28/><E128/><V71/><F71/><W20/><G20/><T92/><REACH who="0" step="1"/><D25/><REACH who="0" ten="240,250,250,250" step="2"/><U129/><E129/><V15/><F15/><W26/><G26/><T43/><D43/><U64/><E72/><V37/><F13/><W54/><G40/><T78/><D78/><U124/><E73/><V35/><F79/><W70/><G70/><T86/><AGARI ba="0,1" hai="57,59,61,62,65,66,68,69,83,84,86,90,91,92" machi="86" ten="20,7800,0" yaku="1,1,0,1,7,1,9,1,53,0" doraHai="122" doraHaiUra="75" who="0" fromWho="0" sc="240,88,250,-26,250,-26,250,-26" />
</Scene>
<Scene>
<INIT seed="0,1,0,3,3,96" ten="328,224,224,224" oya="0" hai0="47,90,57,72,121,100,133,113,58,132,11,92,36" hai1="43,117,95,55,56,134,107,69,74,35,127,38,7" hai2="135,108,86,42,85,29,9,89,10,4,33,115,26" hai3="116,75,93,49,0,25,12,94,14,46,17,114,122"/><T67/><D113/><U97/><E7/><V103/><F115/><W16/><G114/><T23/><D121/><U63/><E35/><V91/><F135/><N who="0" m="51786" /><D72/><U22/><E134/><V5/><F108/><W81/><G0/><T19/><D11/><U106/><E22/><V130/><F42/><W88/><G116/><T27/><D67/><N who="1" m="41215" /><E74/><V44/><F44/><W65/><G65/><T129/><D129/><U120/><E120/><V73/><F73/><W110/><G110/><T66/><D66/><U50/><E127/><V76/><F130/><W126/><G126/><T48/><D36/><U109/><E117/><V20/><F33/><W39/><G39/><T102/><D57/><U112/><E112/><V62/><F62/><W118/><G118/><T53/><D58/><U131/><E109/><V68/><F68/><W41/><G75/><T28/><D28/><U64/><E64/><V104/><F76/><W1/><G1/><T119/><D119/><U128/><E128/><V77/><F77/><W3/><G3/><T37/><D37/><U60/><E60/><V32/><F32/><W87/><G122/><T111/><D111/><U98/><E131/><V40/><F40/><W78/><G25/><T125/><D125/><U54/><E43/><V80/><F9/><N who="3" m="6159" /><G78/><T59/><D47/><U70/><E38/><V8/><F8/><AGARI ba="1,0" hai="8,14,17,41,46,49,81,87,88,93,94" m="6159" machi="8" ten="30,3900,0" yaku="8,1,54,2" doraHai="96" who="3" fromWho="2" sc="328,0,224,0,224,-42,224,42" />
</Scene>
<Scene>
<INIT seed="1,0,0,5,1,58" ten="328,224,182,266" oya="1" hai0="90,0,101,98,114,17,56,105,135,83,74,102,69" hai1="30,61,50,36,42,38,12,40,95,25,112,130,104" hai2="59,20,57,127,6,134,120,4,41,115,77,54,64" hai3="94,32,82,66,7,51,33,111,1,109,113,73,121"/><U29/><E104/><V124/><F120/><W72/><G121/><T86/><D69/><U48/><E112/><V35/><F35/><W11/><G113/><T23/><D114/><U47/><E130/><V18/><F115/><W10/><G66/><T31/><D0/><U76/><E76/><V49/><F134/><W46/><G94/><T3/><D3/><U15/><E95/><V125/><F77/><N who="3" m="44327" /><G73/><T79/><D102/><U91/><E91/><V70/><F70/><W110/><G10/><T92/><D31/><U67/><E25/><V89/><F41/><AGARI ba="0,0" hai="1,7,11,32,33,41,46,51,109,110,111" m="44327" machi="41" ten="30,1000,0" yaku="14,1" doraHai="58" who="3" fromWho="2" sc="328,0,224,0,182,-10,266,10" />
</Scene>
<Scene>
<INIT seed="2,0,0,2,0,7" ten="328,224,172,276" oya="2" hai0="41,133,93,84,51,20,25,76,114,3,113,124,102" hai1="58,110,16,75,134,96,44,71,79,22,108,104,77" hai2="28,49,121,132,127,9,125,119,109,92,99,112,89" hai3="35,18,65,103,95,38,10,105,43,107,67,34,54"/><V94/><F121/><W2/><G38/><T1/><D41/><U31/><E71/><V69/><F119/><W32/><G43/><T11/><D51/><U53/><E31/><V111/><F112/><W48/><G95/><T100/><D76/><U60/><E134/><V17/><F69/><W106/><G103/><T87/><D93/><U116/><E116/><V23/><F132/><W12/><REACH who="3" step="1"/><G2/><REACH who="3" ten="328,224,172,266" step="2"/><T33/><D1/><U55/><E104/><V36/><F36/><W90/><G90/><T82/><D3/><U88/><E110/><N who="2" m="41995" /><F92/><W40/><G40/><T15/><D100/><U64/><E108/><V115/><F115/><W45/><AGARI ba="0,1" hai="10,12,18,32,34,35,45,48,54,65,67,105,106,107" machi="45" ten="40,5200,0" yaku="1,1,0,1,52,1,53,0" doraHai="7" doraHaiUra="74" who="3" fromWho="3" sc="328,-13,224,-13,172,-26,266,62" />
</Scene>
<Scene>
<INIT seed="3,0,0,5,1,32" ten="315,211,146,328" oya="3" hai0="23,89,14,59,2,22,123,17,98,96,58,97,70" hai1="107,39,30,132,35,115,83,126,93,133,26,88,63" hai2="47,111,114,43,99,50,131,33,41,9,71,74,28" hai3="7,19,10,73,38,110,91,6,85,106,45,20,49"/><W103/><G73/><T84/><D70/><U65/><E115/><V5/><F114/><W130/><G38/><T86/><D123/><U105/><E39/><V34/><F74/><W31/><G130/><T125/><D125/><U60/><E83/><V77/><F71/><W21/><G31/><T1/><D23/><U46/><E46/><V11/><F77/><W48/><G6/><T112/><D112/><U118/><E118/><V94/><F131/><W95/><G110/><T80/><REACH who="0" step="1"/><D86/><REACH who="0" ten="305,211,146,328" step="2"/><N who="1" m="52375" /><E126/><V57/><F111/><W121/><G20/><T51/><D51/><U109/><E109/><V0/><F11/><W119/><G49/><T79/><D79/><U55/><E63/><V53/><F28/><W135/><G121/><T104/><D104/><U69/><E107/><V12/><F12/><W102/><G106/><T66/><D66/><U52/><E105/><V108/><F108/><W124/><G124/><T64/><D64/><U3/><E60/><V44/><F33/><W87/><G87/><T92/><D92/><U25/><E65/><V40/><REACH who="2" step="1"/><F34/><REACH who="2" ten="305,211,136,328" step="2"/><W36/><G119/><T24/><D24/><U18/><E69/><V100/><AGARI ba="0,2" hai="0,5,9,40,41,43,44,47,50,53,57,94,99,100" machi="100" ten="30,7900,0" yaku="1,1,2,1,0,1,52,1,53,0" doraHai="32" doraHaiUra="81" who="2" fromWho="2" sc="305,-20,211,-20,136,99,328,-39" />
</Scene>
<Scene>
<INIT seed="4,0,0,0,2,29" ten="285,191,235,289" oya="0" hai0="34,115,25,92,73,86,112,94,59,43,52,17,91" hai1="111,130,22,133,103,95,101,124,128,61,110,119,1" hai2="132,9,129,3,75,28,50,19,106,70,117,47,93" hai3="8,100,109,5,134,11,46,105,135,14,131,33,68"/><T125/><D73/><U99/><E1/><V51/><F70/><W79/><G109/><N who="1" m="41482" /><E22/><V122/><F106/><W104/><G68/><T21/><D125/><U63/><E63/><V41/><F122/><W123/><G123/><T45/><D94/><N who="1" m="58615" /><E61/><V102/><F75/><W53/><G79/><T4/><D4/><U62/><E62/><V31/><F117/><W39/><G131/><N who="1" m="50218" /><E133/><V87/><F132/><W12/><G134/><T23/><D23/><U44/><E44/><V64/><F129/><W48/><G135/><T13/><D59/><U16/><E16/><V36/><F19/><W66/><G66/><T89/><D52/><U76/><E76/><V32/><F64/><W120/><G120/><T58/><D58/><U84/><E124/><V37/><F47/><W69/><G69/><T6/><D45/><U83/><E83/><V126/><F3/><W81/><G81/><N who="0" m="49359" /><D43/><U57/><E57/><V26/><F41/><W80/><G80/><T97/><D6/><U65/><E65/><V2/><F2/><W96/><G39/><T67/><D67/><U127/><E127/><V55/><F37/><W116/><G33/><T113/><D13/><U24/><E24/><V35/><F36/><W27/><G27/><T85/><D34/><U10/><E10/><V118/><F9/><W49/><G49/><T71/><D71/><U40/><E40/><V18/><F50/><W82/><G12/><T108/><D108/><U72/><E72/><V7/><F51/><W77/><G11/><T88/><D113/><U30/><E30/><V90/><F126/><W54/><G48/><RYUUKYOKU ba="0,0" sc="285,30,191,-10,235,-10,289,-10" hai0="17,21,25,85,88,91,92,97,112,115" />
</Scene>
<Scene>
<INIT seed="4,1,0,2,3,34" ten="315,181,225,279" oya="0" hai0="12,81,97,89,69,14,13,57,87,43,39,63,104" hai1="23,128,98,42,19,20,109,117,52,101,31,119,100" hai2="121,58,123,131,11,24,122,99,73,45,124,120,114" hai3="30,85,76,35,53,26,103,113,95,62,94,71,5"/><T125/><D69/><U28/><E109/><V40/><F73/><W83/><G113/><T105/><D125/><U130/><E42/><V107/><F114/><W44/><G5/><T17/><D17/><U96/><REACH who="1" step="1"/><E19/><REACH who="1" ten="315,171,225,279" step="2"/><V74/><F40/><W6/><G6/><T102/><D43/><U7/><E7/><V27/><F122/><W82/><G71/><T48/><D39/><U134/><E134/><V126/><F123/><W9/><G103/><T108/><D108/><U18/><E18/><V111/><F121/><W110/><G110/><T16/><D16/><U72/><E72/><V32/><F74/><W38/><G38/><T66/><D102/><U22/><E22/><V10/><F120/><W51/><G9/><T80/><D12/><U133/><E133/><V21/><F111/><W78/><G62/><T49/><D13/><U118/><E118/><V68/><F21/><W2/><G2/><T37/><D14/><U84/><E84/><AGARI ba="1,1" hai="26,30,35,44,51,53,76,78,82,83,84,85,94,95" machi="84" ten="30,2000,0" yaku="7,1,9,1" doraHai="34" who="3" fromWho="1" sc="315,0,171,-23,225,0,279,33" />
</Scene>
<Scene>
<INIT seed="5,0,0,3,4,66" ten="315,148,225,312" oya="1" hai0="40,75,125,71,72,33,48,24,83,134,64,5,74" hai1="95,59,4,111,130,108,47,22,109,54,115,85,35" hai2="63,29,50,112,110,102,89,32,15,53,98,58,117" hai3="7,127,43,55,103,73,36,135,20,79,9,56,61"/><U12/><E35/><V119/><F110/><W118/><G135/><T132/><D125/><U70/><E115/><V105/><F112/><W77/><G127/><T25/><D5/><U6/><E130/><V28/><F89/><W76/><G103/><T101/><D101/><U41/><E70/><V31/><F32/><W46/><G20/><T129/><D129/><U68/><E68/><V1/><F1/><W93/><G93/><T116/><D116/><U57/><E95/><V80/><F80/><N who="3" m="45071" /><G118/><T88/><D40/><U106/><E106/><V11/><REACH who="2" step="1"/><F50/><REACH who="2" ten="315,148,215,312" step="2"/><W97/><G97/><T131/><D48/><N who="1" m="26735" /><E85/><V34/><F34/><W26/><G79/><T30/><D131/><U2/><E2/><V122/><F122/><W23/><G77/><T49/><D74/><U82/><E82/><V69/><F69/><W13/><G36/><T19/><D72/><U60/><E59/><V81/><F81/><W18/><G56/><T8/><D75/><U86/><E86/><V100/><F100/><W96/><G96/><T128/><D128/><U124/><E124/><V10/><F10/><W39/><G9/><T99/><D83/><U78/><E78/><V84/><F84/><W94/><G39/><T120/><D120/><U37/><E37/><V104/><F104/><W67/><G23/><T51/><D99/><U123/><E123/><V114/><F114/><W45/><G94/><T14/><D88/><U62/><E62/><V17/><AGARI ba="0,1" hai="11,15,17,28,29,31,53,58,63,98,102,105,117,119" machi="17" ten="30,2000,0" yaku="1,1,0,1,53,0" doraHai="66" doraHaiUra="38" who="2" fromWho="2" sc="315,-5,148,-10,215,30,312,-5" />
</Scene>
<Scene>
<INIT seed="6,0,0,5,0,10" ten="310,138,245,307" oya="2" hai0="85,95,110,88,117,132,27,133,109,29,76,40,121" hai1="22,21,14,101,5,99,83,131,100,48,23,1,96" hai2="42,56,63,28,104,120,17,106,127,105,12,73,108" hai3="118,79,77,45,67,64,112,74,94,128,35,126,125"/><V4/><F120/><W2/><G118/><T75/><D121/><U66/><E131/><V135/><F73/><W92/><G2/><T69/><D69/><U116/><E116/><V9/><F127/><N who="3" m="48651" /><G35/><N who="0" m="20927" /><D40/><U41/><E1/><V51/><F135/><N who="0" m="51786" /><D117/><U31/><E31/><V113/><F113/><W20/><G128/><T50/><D50/><U16/><E5/><V103/><F28/><W60/><G112/><T58/><D58/><U24/><E66/><N who="3" m="25130" /><G60/><T13/><D13/><N who="1" m="9359" /><E83/><AGARI ba="0,0" hai="75,76,83,85,88,95,109,110" m="51786,20927" machi="83" ten="30,2000,0" yaku="20,1,54,1" doraHai="10" who="0" fromWho="1" sc="310,20,138,-20,245,0,307,0" />
</Scene>
<Scene>
<INIT seed="7,0,0,0,3,83" ten="330,118,245,307" oya="3" hai0="82,81,65,119,44,71,86,57,13,4,38,1,114" hai1="104,101,35,75,56,31,103,17,27,121,122,7,133" hai2="28,49,72,66,2,63,59,47,26,97,80,37,134" hai3="64,123,50,24,112,6,85,22,3,117,128,41,23"/><W92/><G123/><T115/><D119/><U42/><E133/><V29/><F2/><W87/><G117/><T68/><D1/><U73/><E56/><V32/><F134/><W43/><G112/><N who="0" m="43051" /><D4/><U132/><E132/><V106/><F29/><N who="3" m="17559" /><G3/><T0/><D13/><U88/><E7/><V131/><F131/><W69/><G69/><N who="0" m="26699" /><D0/><U70/><E70/><V76/><F106/><W127/><G6/><T99/><D99/><U113/><E113/><V78/><F37/><W98/><G128/><T108/><D108/><U79/><E17/><V77/><F97/><W129/><G129/><T111/><D111/><U124/><E124/><V9/><F9/><W135/><G135/><T89/><D82/><U100/><E104/><V84/><REACH who="2" step="1"/><F72/><REACH who="2" ten="330,118,235,307" step="2"/><W118/><G118/><T48/><D38/><U54/><E42/><AGARI ba="0,1" hai="26,28,32,42,47,49,59,63,66,76,77,78,80,84" machi="42" ten="30,7700,0" yaku="1,1,2,1,7,1,52,1,53,0" doraHai="83" doraHaiUra="10" who="2" fromWho="1" sc="330,0,118,-77,235,87,307,0" owari="330,43.0,41,-46.0,322,12.0,307,-9.0" />
</Scene>
</mjloggm>