<mjloggm ver="2.3"><GO type="169" lobby="0"/><UN n0="%E5%8D%97%E6%A5%B5%31%E5%8F%B7" n1="%6D%6F%6E%65%79%2E%2E%2E" n2="%61%6D%65%64%69%6F" n3="%E5%A4%AA%E3%81%8F%E3%81%AA%E3%81%84%E3%81%8A" dan="16,17,17,18" rate="2049.41,2166.47,2152.08,2177.29" sx="M,M,M,M"/><TAIKYOKU oya="0"/>

<Scene>
<INIT seed="0,0,0,4,4,130" ten="250,250,250,250" oya="0" hai0="21,34,84,24,8,46,13,37,3,129,111,117,107" hai1="42,135,59,75,31,2,53,43,45,120,7,92,20" hai2="50,114,131,93,9,54,23,112,6,70,11,87,79" hai3="61,48,97,10,60,69,66,74,121,27,0,33,128"/><T89/><D107/><U47/><E120/><V64/><F131/><W85/><G74/><T41/><D117/><U4/><E75/><V102/><F70/><W16/><G128/><T82/><D129/><U76/><E76/><V36/><F36/><W32/><G121/><T71/><D71/><U88/><E45/><V52/><F64/><W98/><G60/><T40/><D40/><U90/><E2/><V1/><F11/><W94/><G85/><T22/><D111/><U17/><E31/><V30/><F54/><W25/><G48/><T19/><REACH who="0" step="1"/><D3/><REACH who="0" ten="240,250,250,250" step="2"/><U116/><E116/><V115/><F112/><W78/><G0/><T99/><D99/><U39/><E43/><V5/><F114/><W91/><G97/><T73/><D73/><U58/><E58/><V14/><F115/><W101/><G98/><T122/><D122/><U108/><E108/><V35/><F1/><W119/><G119/><T96/><D96/><U56/><E56/><V28/><F102/><W95/><G101/><T127/><D127/><U118/><E118/><V68/><F68/><W106/><G106/><T109/><D109/><U26/><E135/><V133/><F133/><W51/><G69/><T65/><D65/><U113/><E113/><V80/><F87/><W72/><G72/><T123/><D123/><U125/><E125/><V15/><F52/><W57/><G66/><T105/><D105/><U67/><E67/><V86/><F86/><W44/><G57/><T29/><AGARI ba="0,1" hai="8,13,19,21,22,24,29,34,37,41,46,82,84,89" machi="29" ten="30,6000,0" yaku="1,1,0,1,53,1" doraHai="130" doraHaiUra="12" who="0" fromWho="0" sc="240,70,250,-20,250,-20,250,-20" />
</Scene>
<Scene>
<INIT seed="0,1,0,4,1,110" ten="310,230,230,230" oya="0" hai0="92,126,21,28,81,97,70,108,105,31,130,134,61" hai1="33,124,26,50,60,39,123,101,113,72,19,63,38" hai2="109,57,91,133,18,104,59,115,98,121,30,118,69" hai3="9,93,27,36,0,128,117,44,73,47,32,129,112"/><T99/><D108/><U1/><E123/><V15/><F69/><W24/><G117/><T125/><D130/><N who="3" m="50281" /><G73/><T84/><D134/><U8/><E72/><V3/><F3/><W54/><G32/><T43/><D43/><U40/><E124/><N who="0" m="47721" /><D105/><U66/><E101/><V82/><F133/><W45/><G36/><T62/><D70/><U86/><E86/><V120/><F118/><W85/><G54/><T122/><D122/><U51/><E33/><V12/><F104/><W107/><G107/><T41/><D41/><U71/><E1/><V76/><F109/><W94/><G112/><T131/><D131/><U114/><E60/><N who="0" m="23145" /><D21/><N who="1" m="13631" /><E8/><V75/><F120/><W48/><G48/><N who="1" m="18474" /><E40/><V11/><F121/><W6/><G85/><T64/><D99/><U16/><E16/><V102/><F30/><W5/><G5/><T74/><D64/><U65/><E65/><V89/><F98/><W52/><G52/><T17/><D17/><U68/><E68/><V23/><F102/><W13/><G0/><T88/><D74/><U119/><E119/><V116/><F116/><W35/><G35/><T42/><D42/><U46/><E46/><V77/><F75/><W37/><G37/><T127/><D127/><U49/><E49/><V25/><F18/><W132/><G132/><T29/><D29/><U95/><E95/><AGARI ba="1,0" hai="6,9,13,24,27,44,45,47,93,94,95" m="50281" machi="95" ten="30,1000,0" yaku="19,1" doraHai="110" who="3" fromWho="1" sc="310,0,230,-13,230,0,230,13" />
</Scene>
<Scene>
<INIT seed="1,0,0,2,0,9" ten="310,217,230,243" oya="1" hai0="22,25,96,64,31,134,54,116,39,117,75,8,133" hai1="127,111,81,118,14,47,38,1,128,122,48,34,27" hai2="71,12,59,93,57,18,46,26,65,36,87,105,5" hai3="13,0,15,100,21,107,119,125,66,102,76,80,135"/><U86/><E118/><V123/><F105/><W6/><G119/><T40/><D64/><U106/><E122/><V35/><F123/><W33/><G33/><T58/><D75/><U49/><E1/><V37/><F37/><W56/><G135/><N who="0" m="51723" /><D96/><U23/><E127/><V60/><F5/><W90/><G125/><T115/><D115/><U97/><E128/><V3/><F3/><W29/><G0/><T109/><D109/><U89/><E111/><V4/><F4/><W17/><G29/><T113/><D113/><U53/><E34/><V45/><F26/><W41/><G41/><T101/><D101/><U24/><E38/><V84/><F35/><W42/><G42/><T78/><D78/><U108/><E108/><V52/><F71/><W32/><G32/><T67/><D67/><U70/><E70/><V92/><F36/><W131/><G131/><T7/><D40/><N who="1" m="24679" /><E97/><V2/><F2/><W63/><G90/><T77/><D77/><U43/><E43/><V74/><F74/><W85/><G107/><T28/><D39/><U44/><E106/><V68/><F68/><W11/><AGARI ba="0,0" hai="6,11,13,15,17,21,56,63,66,76,80,85,100,102" machi="11" ten="30,7900,0" yaku="0,1,8,1,52,2" doraHai="9" who="3" fromWho="3" sc="310,-20,217,-39,230,-20,243,79" />
</Scene>
<Scene>
<INIT seed="2,0,0,0,3,99" ten="290,178,210,322" oya="2" hai0="63,53,84,123,52,126,107,98,6,91,78,101,92" hai1="129,94,135,40,100,15,81,85,39,68,9,64,128" hai2="29,25,120,28,60,47,74,30,42,121,71,16,51" hai3="86,113,1,38,82,109,130,50,43,95,61,115,111"/><V31/><F74/><W58/><G1/><T119/><D123/><U76/><E135/><V20/><N who="2" m="7168" /><DORA hai="14" /><V35/><REACH who="2" step="1"/><F35/><REACH who="2" ten="290,178,200,322" step="2"/><W33/><G33/><T90/><D119/><U83/><E128/><V49/><F49/><W54/><G50/><T10/><D63/><U125/><E129/><V5/><F5/><W7/><G7/><T117/><D117/><U93/><E39/><V22/><F22/><W11/><G130/><T124/><D124/><U134/><E125/><V23/><F23/><W96/><G38/><T13/><D126/><U34/><E34/><V24/><F24/><W75/><G75/><T8/><D8/><U12/><E134/><V102/><F102/><N who="3" m="60703" /><G11/><T104/><D104/><U110/><E100/><V114/><F114/><W88/><G113/><T65/><D10/><U46/><E9/><V131/><F131/><W77/><G115/><T116/><D6/><U67/><E15/><V87/><F87/><W105/><G105/><T32/><D13/><U80/><E12/><V55/><F55/><W59/><G54/><T2/><D32/><U0/><E0/><V118/><F118/><W57/><G86/><N who="0" m="52343" /><D2/><U132/><E132/><V133/><F133/><W19/><G111/><T103/><D103/><U79/><E110/><V70/><F70/><W48/><G109/><T37/><D37/><U122/><E68/><V4/><F4/><W26/><G48/><T27/><D116/><U17/><E85/><V69/><F69/><W21/><G61/><T106/><D84/><U62/><E62/><V108/><F108/><W97/><G26/><T72/><D101/><RYUUKYOKU ba="0,1" sc="290,-10,178,-10,200,30,322,-10" hai2="16,20,25,42,47,51,60,71,120,121" />
</Scene>
<Scene>
<INIT seed="2,1,1,1,4,43" ten="280,168,230,312" oya="2" hai0="126,29,110,77,69,67,72,111,102,38,39,96,17" hai1="132,103,26,133,135,8,74,51,104,49,95,0,64" hai2="100,101,16,33,97,70,108,1,40,109,58,112,78" hai3="105,99,75,9,20,37,114,45,119,31,54,53,11"/><V27/><F70/><W131/><G119/><T130/><D29/><U129/><E129/><V21/><F1/><W94/><G105/><T71/><D17/><U127/><E127/><V15/><F78/><W118/><G118/><T83/><D126/><U41/><E74/><V73/><F73/><W63/><G75/><T84/><D84/><U4/><E104/><V113/><F58/><N who="3" m="35279" /><G37/><N who="0" m="13835" /><D130/><U128/><E128/><V59/><F59/><W87/><G87/><T61/><D71/><U42/><E64/><V47/><F33/><W92/><G131/><T30/><D30/><U85/><E26/><V6/><F6/><W121/><G121/><T125/><D125/><U65/><E65/><V57/><F57/><W124/><G114/><T117/><D117/><U55/><E49/><N who="2" m="26855" /><F15/><W44/><G124/><T106/><AGARI ba="1,1" hai="61,67,69,72,77,83,96,102,106,110,111" m="13835" machi="106" ten="30,1100,0" yaku="23,1" doraHai="43" who="0" fromWho="0" sc="280,24,168,-4,230,-6,312,-4" />
</Scene>
<Scene>
<INIT seed="3,0,0,0,1,42" ten="304,164,224,308" oya="3" hai0="28,13,85,112,11,118,48,15,73,30,66,108,1" hai1="43,135,55,37,124,12,62,134,110,128,50,65,47" hai2="104,6,86,68,75,107,23,40,131,89,44,67,119" hai3="129,18,56,132,63,2,14,64,120,51,58,122,121"/><W25/><G2/><T10/><D118/><U78/><E110/><V97/><F131/><W32/><G129/><T57/><D73/><U115/><E128/><V99/><F75/><W130/><G130/><T53/><D1/><U31/><E115/><V36/><F23/><W94/><G132/><T96/><D66/><U84/><E31/><V59/><F6/><W133/><G133/><T103/><D85/><U111/><E111/><V0/><F0/><W9/><G94/><T27/><D27/><U17/><E124/><V49/><F107/><W60/><G51/><T117/><D117/><U116/><E116/><V29/><F29/><W69/><G32/><T71/><D71/><U87/><E87/><V123/><F104/><W38/><G38/><T52/><D53/><U125/><E125/><V90/><F90/><W19/><G25/><T74/><D74/><U22/><E84/><V91/><F91/><W34/><G34/><T76/><D76/><U45/><REACH who="1" step="1"/><E78/><REACH who="1" ten="304,154,224,308" step="2"/><V35/><F119/><W72/><G72/><T79/><D79/><U4/><E4/><V33/><F123/><W16/><REACH who="3" step="1"/><G69/><AGARI ba="0,1" hai="12,17,22,37,43,45,47,50,55,62,65,69,134,135" machi="69" ten="40,8000,1" yaku="1,1,52,2,53,2" doraHai="42" doraHaiUra="41" who="1" fromWho="3" sc="304,0,154,90,224,0,308,-80" />
</Scene>
<Scene>
<INIT seed="4,0,0,5,0,5" ten="304,244,224,228" oya="0" hai0="28,121,97,117,102,24,116,87,84,99,85,11,7" hai1="76,110,79,78,40,30,83,134,114,118,119,88,59" hai2="32,94,95,46,72,71,49,77,89,125,57,98,6" hai3="4,111,34,17,66,123,130,22,2,109,93,128,61"/><T90/><D121/><U10/><E110/><N who="3" m="41994" /><G93/><T91/><D116/><U47/><E134/><V113/><F71/><W16/><G61/><T131/><D131/><N who="3" m="50217" /><G66/><T48/><D48/><U100/><E30/><V62/><F95/><W133/><G34/><T103/><D117/><U19/><E114/><V115/><F32/><W60/><G60/><T1/><D99/><U25/><E59/><V127/><F77/><W63/><G63/><T82/><D82/><U101/><E118/><V45/><F72/><W21/><G133/><T13/><D102/><U12/><E25/><V96/><F96/><W70/><G70/><T35/><REACH who="0" step="1"/><D1/><REACH who="0" ten="294,244,224,228" step="2"/><U36/><E119/><V26/><F98/><W112/><G123/><T31/><D31/><U124/><E124/><V8/><F49/><W52/><G112/><T38/><D38/><U73/><E73/><V56/><F62/><W120/><G120/><T23/><D23/><U81/><E81/><V129/><F129/><W51/><G21/><T55/><D55/><U65/><E65/><V74/><F74/><W69/><G22/><T126/><D126/><U80/><E80/><V39/><F39/><W29/><G29/><T44/><D44/><U14/><E83/><V122/><F122/><W92/><G69/><T54/><D54/><U75/><E75/><V9/><F125/><W58/><G92/><AGARI ba="0,1" hai="7,11,13,24,28,35,84,85,87,90,91,92,97,103" machi="92" ten="40,3900,0" yaku="1,1,52,1,53,0" doraHai="5" doraHaiUra="42" who="0" fromWho="3" sc="294,49,244,0,224,0,228,-39" />
</Scene>
<Scene>
<INIT seed="4,1,0,0,2,39" ten="343,244,224,189" oya="0" hai0="50,79,2,47,114,15,124,87,43,96,88,75,56" hai1="45,130,111,135,73,98,36,63,27,95,106,44,35" hai2="112,33,1,104,90,53,32,37,108,128,100,55,46" hai3="54,110,51,4,92,66,13,19,93,7,131,101,12"/><T26/><D2/><U25/><E111/><V31/><F108/><W82/><G110/><T132/><D132/><U20/><E135/><V68/><F1/><W64/><G131/><T91/><D114/><U122/><E122/><V21/><F68/><W126/><G126/><T29/><D15/><U94/><E130/><V6/><F6/><N who="3" m="2091" /><G82/><T11/><D11/><U83/><E27/><V105/><F128/><W16/><G101/><T69/><D69/><U28/><E63/><V134/><F100/><W10/><G66/><T58/><D75/><U72/><E35/><V38/><F134/><W14/><G64/><T24/><D79/><U121/><E121/><V81/><F81/><W107/><G107/><T84/><D96/><U103/><E45/><V70/><F46/><N who="3" m="28023" /><G13/><T117/><D117/><U0/><E0/><V85/><F70/><W57/><G57/><T65/><D65/><U125/><E125/><V77/><F77/><W41/><G41/><T22/><D26/><U74/><E83/><V133/><F133/><W99/><G99/><T97/><D97/><U120/><E120/><V9/><F112/><W127/><G127/><T8/><D8/><AGARI ba="1,0" hai="8,10,12,14,16,19,92,93" m="28023,2091" machi="8" ten="30,2000,0" yaku="8,1,54,1" doraHai="39" who="3" fromWho="0" sc="343,-23,244,0,224,0,189,23" />
</Scene>
<Scene>
<INIT seed="5,0,0,2,4,105" ten="320,244,224,212" oya="1" hai0="87,54,34,26,113,127,1,128,38,131,64,51,112" hai1="42,8,2,122,123,135,30,72,98,107,96,19,28" hai2="97,102,124,31,119,11,20,25,109,78,71,106,117" hai3="44,125,133,74,86,70,57,111,12,85,35,82,81"/><U69/><E69/><V3/><F109/><W48/><G70/><T0/><D38/><U80/><E135/><V63/><F124/><W60/><G111/><T15/><D15/><U121/><E42/><V99/><F99/><W93/><G35/><T43/><D43/><U14/><E2/><V120/><F120/><W88/><G125/><T110/><D64/><U92/><E107/><V29/><F29/><W41/><G133/><T79/><D110/><U114/><E114/><N who="0" m="44137" /><D127/><U116/><E96/><V56/><F78/><W49/><G12/><T27/><D87/><U4/><E116/><V103/><F103/><W130/><G130/><N who="0" m="49707" /><D79/><U83/><E4/><V101/><F101/><W118/><G118/><T115/><D115/><U100/><E80/><V91/><F91/><W18/><G85/><T23/><D34/><U32/><E32/><V37/><F37/><W24/><G82/><T90/><D90/><U58/><E121/><V16/><F71/><W21/><G81/><T129/><D129/><U46/><E122/><V33/><F3/><N who="0" m="1098" /><D23/><U9/><E123/><V73/><F117/><W68/><G68/><T5/><D5/><U7/><E7/><V95/><F119/><W47/><G41/><T22/><D22/><U62/><E83/><V132/><F132/><W89/><G89/><T65/><D65/><U94/><E100/><V53/><F33/><W126/><G126/><T76/><D76/><U39/><E39/><V10/><F95/><W45/><G93/><T84/><D84/><U108/><E92/><V55/><F20/><W6/><G21/><T36/><D36/><RYUUKYOKU ba="0,0" sc="320,30,244,-10,224,-10,212,-10" hai0="26,27,51,54" />
</Scene>
<Scene>
<INIT seed="6,1,0,3,4,29" ten="350,234,214,202" oya="2" hai0="104,114,3,90,115,33,9,111,125,117,23,87,5" hai1="10,63,41,34,135,107,130,61,85,46,36,6,91" hai2="100,106,64,131,18,101,12,47,102,52,109,11,25" hai3="54,83,76,53,8,24,45,72,112,57,48,122,42"/><V108/><F131/><W92/><G122/><T30/><D104/><U88/><E130/><V79/><F79/><W39/><G112/><N who="0" m="43051" /><D111/><N who="2" m="42570" /><F64/><W44/><G92/><N who="0" m="54367" /><D125/><U119/><E107/><V121/><F121/><W68/><G68/><T124/><D124/><U126/><E119/><V78/><F78/><W32/><G8/><T0/><D33/><U97/><E34/><V93/><F25/><W21/><G32/><T55/><D55/><U134/><E126/><V49/><F106/><W98/><G98/><AGARI ba="1,0" hai="11,12,18,47,49,52,93,98,100,101,102" m="42570" machi="98" ten="30,2900,0" yaku="10,1,54,1" doraHai="29" who="2" fromWho="3" sc="350,0,234,0,214,32,202,-32" />
</Scene>
<Scene>
<INIT seed="6,2,0,5,1,50" ten="350,234,246,170" oya="2" hai0="103,0,124,75,64,125,43,25,70,14,78,23,32" hai1="101,60,51,128,45,91,19,3,77,117,107,15,17" hai2="99,63,104,116,59,110,58,98,126,13,93,16,29" hai3="34,130,26,7,37,92,97,131,18,53,67,133,65"/><V61/><F116/><W41/><G7/><T54/><D43/><U127/><E3/><V115/><F126/><W24/><G41/><T6/><D64/><U5/><E117/><V100/><F115/><W74/><G37/><T21/><D70/><U46/><E127/><V96/><F29/><W20/><G74/><T57/><D103/><U81/><E91/><V86/><F86/><W120/><G120/><T112/><D112/><U4/><E128/><N who="3" m="49194" /><G26/><T106/><D78/><U72/><E60/><V135/><F135/><W132/><G34/><T114/><D25/><U108/><E45/><V10/><F104/><W9/><G9/><T121/><D114/><U105/><E108/><V118/><F110/><W36/><G36/><T82/><D121/><U79/><E19/><V52/><F118/><W123/><G123/><T85/><D32/><U49/><E49/><V55/><AGARI ba="2,0" hai="10,13,16,52,55,58,59,61,63,93,96,98,99,100" machi="55" ten="20,24000,3" yaku="0,1,7,1,9,1,8,1,52,2,54,2" doraHai="50" who="2" fromWho="2" sc="350,-82,234,-82,246,246,170,-82" />
</Scene>
<Scene>
<INIT seed="6,3,0,5,1,69" ten="268,152,492,88" oya="2" hai0="39,91,34,18,128,71,78,61,19,113,24,9,56" hai1="118,13,86,95,133,125,72,63,16,135,103,102,83" hai2="43,94,88,33,38,1,64,12,10,93,116,65,123" hai3="120,98,76,31,82,47,73,29,52,127,130,126,121"/><V105/><F105/><W114/><G29/><T129/><D78/><U30/><E118/><V32/><F1/><W80/><G31/><T42/><D71/><U107/><E125/><N who="3" m="47626" /><G52/><N who="0" m="33927" /><D113/><U23/><E107/><V21/><F123/><N who="3" m="47179" /><G47/><N who="0" m="24031" /><D91/><U112/><E112/><V119/><F21/><W75/><G114/><T132/><D34/><U15/><E95/><V53/><F12/><W115/><G115/><T108/><D108/><U111/><E111/><V28/><F10/><W6/><G6/><T92/><D92/><U50/><E30/><V89/><F28/><W85/><G130/><T110/><D9/><U20/><E63/><V117/><F117/><W68/><G68/><T74/><D110/><U109/><E50/><V79/><F79/><N who="3" m="44159" /><G98/><T49/><D24/><U0/><E0/><V17/><F17/><W51/><G51/><T100/><D49/><U27/><E109/><V131/><F131/><W54/><G54/><T106/><D19/><U36/><E27/><V59/><F53/><W60/><G60/><T77/><D18/><U22/><E16/><V66/><F64/><W81/><G81/><T25/><D25/><U37/><E23/><V70/><F70/><W122/><N who="3" m="47187" /><W99/><DORA hai="84" /><G99/><T7/><D7/><U26/><E83/><V101/><F32/><W96/><G96/><T48/><D48/><U87/><E26/><V55/><F33/><W134/><G134/><T58/><D132/><U67/><E67/><V90/><F66/><W2/><G2/><T44/><D44/><U45/><E45/><V3/><F3/><W11/><G11/><T46/><D128/><RYUUKYOKU ba="3,0" sc="268,-15,152,15,492,-15,88,15" hai1="13,15,20,22,36,37,72,86,87,102,103,133,135" hai3="73,76,82,85" />
</Scene>
<Scene>
<INIT seed="7,4,0,2,4,82" ten="253,167,477,103" oya="3" hai0="48,43,1,113,39,123,8,32,89,64,130,6,117" hai1="56,16,125,42,11,47,28,26,20,12,111,57,3" hai2="74,95,124,19,79,76,120,45,126,14,54,38,93" hai3="37,18,101,50,83,41,40,0,132,69,66,75,134"/><W87/><G75/><T10/><D117/><U115/><E111/><V29/><F29/><W116/><G116/><T98/><D123/><U90/><E115/><V131/><F131/><W112/><G0/><T35/><D113/><U118/><E118/><V24/><F24/><W60/><G112/><T15/><D64/><U5/><E90/><V65/><F65/><W70/><G70/><T114/><D39/><U81/><E81/><V30/><F30/><W86/><G37/><T61/><D61/><U59/><E125/><N who="2" m="48235" /><F120/><W110/><G110/><T21/><D21/><U77/><E77/><N who="2" m="29771" /><F74/><W91/><G101/><T135/><D130/><U68/><E68/><V33/><F33/><W94/><G18/><T102/><D102/><U92/><E92/><V73/><F73/><W23/><G23/><T109/><D109/><U104/><E104/><V96/><F96/><W78/><REACH who="3" step="1"/><G50/><REACH who="3" ten="253,167,477,93" step="2"/><T52/><D114/><U122/><E3/><V9/><F38/><W128/><G128/><T7/><D48/><AGARI ba="4,1" hai="9,14,19,45,48,54,93,95" m="29771,48235" machi="48" ten="30,1000,0" yaku="18,1" doraHai="82" who="2" fromWho="0" sc="253,-22,167,0,477,32,93,0" owari="231,3.0,167,-23.0,509,61.0,93,-41.0" />
</Scene>
</mjloggm>