<mjloggm ver="2.3"><GO type="169" lobby="0"/><UN n0="%E3%83%86%E3%83%88%E3%83%A9" n1="%E3%82%88%E3%81%98%E3%81%92%E3%82%93" n2="%E6%96%B0%E5%AE%BF%E6%96%B9%E9%9D%A2" n3="%E5%A4%AA%E3%81%8F%E3%81%AA%E3%81%84%E3%81%8A" dan="16,16,18,18" rate="2096.40,2163.92,2254.97,2157.79" sx="F,M,M,M"/><TAIKYOKU oya="0"/>

<Scene>
<INIT seed="0,0,0,4,0,3" ten="250,250,250,250" oya="0" hai0="118,121,86,33,17,43,116,94,48,49,45,53,61" hai1="88,39,73,133,69,14,18,122,128,104,15,54,98" hai2="55,31,132,60,68,34,56,113,82,92,119,28,134" hai3="72,105,131,123,8,0,21,57,52,76,64,40,42"/><T66/><D121/><U13/><E73/><V12/><F113/><W51/><G105/><T20/><D33/><U96/><E39/><V100/><F119/><W24/><G123/><T109/><D109/><U19/><E122/><V44/><F68/><W80/><G131/><T102/><D53/><U90/><E69/><V101/><F82/><W78/><G64/><T1/><D1/><U46/><E128/><V22/><F34/><W6/><REACH who="3" step="1"/><G78/><REACH who="3" ten="250,250,250,240" step="2"/><T71/><D116/><U99/><E104/><V9/><F134/><W107/><G107/><T83/><D118/><U23/><E133/><V129/><F132/><W120/><G120/><T95/><D102/><U125/><E125/><V135/><F129/><W97/><G97/><T27/><REACH who="0" step="1"/><D49/><REACH who="0" ten="240,250,250,240" step="2"/><U62/><E62/><V4/><F101/><W50/><G50/><T89/><AGARI ba="0,2" hai="17,20,27,43,45,48,61,66,71,83,86,89,94,95" machi="89" ten="20,7800,0" yaku="1,1,2,1,0,1,7,1,53,0" doraHai="3" doraHaiUra="126" who="0" fromWho="0" sc="240,98,250,-26,250,-26,240,-26" />
</Scene>
<Scene>
<INIT seed="0,1,0,0,5,109" ten="338,224,224,214" oya="0" hai0="132,5,121,95,61,112,108,117,110,106,123,77,76" hai1="84,22,42,63,125,50,75,37,62,47,120,23,6" hai2="72,70,57,91,19,33,35,116,97,1,4,40,8" hai3="65,46,78,27,14,3,99,31,113,20,21,16,11"/><T89/><D117/><U49/><E120/><N who="0" m="46153" /><D106/><U88/><E75/><V103/><F70/><W133/><G65/><T12/><D132/><U18/><E125/><V30/><F116/><W64/><G64/><T53/><D61/><U93/><E6/><V55/><F72/><W115/><G78/><N who="0" m="30315" /><D53/><U48/><REACH who="1" step="1"/><E23/><REACH who="1" ten="338,214,224,214" step="2"/><V29/><F35/><N who="3" m="20991" /><G133/><T124/><D5/><U38/><E38/><V17/><F33/><W129/><G21/><T2/><D124/><U111/><E111/><V79/><F4/><N who="3" m="1439" /><G129/><T101/><D2/><U41/><E41/><V7/><F40/><W10/><G10/><T68/><D110/><U60/><E60/><V130/><F130/><W58/><G20/><T131/><D108/><U51/><N who="1" m="12800" /><DORA hai="26" /><U82/><E82/><V122/><F122/><W28/><G46/><T36/><D36/><U100/><E100/><V114/><F103/><W32/><G32/><T67/><D101/><U86/><E86/><V126/><F126/><W118/><G118/><T98/><D131/><U9/><E9/><V127/><F127/><W135/><G135/><T69/><D69/><U39/><E39/><V66/><F8/><W13/><G58/><T83/><D83/><U102/><E102/><V56/><F57/><W87/><G87/><T71/><D68/><U134/><E134/><V74/><F56/><W0/><G0/><T44/><D71/><U128/><E128/><V96/><F1/><W92/><G99/><T25/><D98/><U81/><E81/><V119/><F97/><W45/><G45/><T15/><D44/><U52/><E52/><V94/><F96/><RYUUKYOKU ba="1,1" sc="338,-10,214,30,224,-10,214,-10" hai1="18,22,37,42,47,62,63,84,88,93" />
</Scene>
<Scene>
<INIT seed="1,2,1,5,1,70" ten="328,244,214,204" oya="1" hai0="80,22,84,114,73,40,120,23,41,51,17,61,87" hai1="28,20,99,117,101,92,123,14,29,33,3,59,103" hai2="128,7,9,24,116,119,56,109,132,126,25,36,134" hai3="10,77,102,97,11,12,106,121,96,79,39,89,110"/><U72/><E117/><N who="2" m="45131" /><F56/><W8/><G121/><T21/><D114/><U112/><E123/><V50/><F50/><W57/><G110/><T52/><D120/><U90/><E112/><V115/><F115/><W32/><G32/><T135/><D135/><N who="2" m="51754" /><F36/><W26/><G26/><N who="2" m="10345" /><F109/><W1/><G57/><N who="0" m="34983" /><D51/><U105/><E33/><V65/><F65/><W42/><G39/><T31/><D73/><U93/><E72/><V74/><F74/><W30/><G42/><T127/><D41/><U68/><E68/><V113/><F113/><W71/><G71/><T18/><D40/><U107/><E59/><V82/><F82/><W83/><G83/><T130/><D80/><U98/><E90/><V60/><F60/><W81/><G81/><T95/><D87/><U48/><E48/><V124/><F128/><W6/><G89/><N who="0" m="53671" /><D130/><U38/><E38/><V13/><AGARI ba="2,1" hai="7,9,13,124,126" m="10345,51754,45131" machi="13" ten="40,5200,0" yaku="20,1,34,2" doraHai="70" who="2" fromWho="2" sc="328,-15,244,-28,214,68,204,-15" />
</Scene>
<Scene>
<INIT seed="2,0,0,3,2,93" ten="313,216,282,189" oya="2" hai0="7,24,39,46,111,125,31,100,106,90,26,123,19" hai1="20,85,98,83,47,34,36,129,52,84,69,99,55" hai2="1,132,64,72,10,116,110,22,11,117,91,130,120" hai3="104,27,134,18,37,80,128,5,88,126,124,87,12"/><V109/><F64/><W3/><G37/><T86/><D123/><U127/><E34/><V97/><F72/><W101/><G134/><T23/><D111/><N who="2" m="42506" /><F120/><W50/><G128/><T113/><D113/><U78/><E69/><V75/><F75/><W57/><G27/><T81/><D125/><N who="3" m="48233" /><G5/><T89/><D39/><U25/><E127/><V103/><F130/><W49/><G3/><T4/><D46/><U122/><E129/><V17/><F91/><W60/><G104/><T82/><D100/><U105/><E105/><N who="2" m="63727" /><F132/><W68/><G101/><T21/><D106/><U0/><E0/><V54/><F54/><N who="1" m="20521" /><E36/><V67/><F67/><N who="3" m="39311" /><G68/><T77/><D90/><N who="1" m="51487" /><E122/><V115/><F115/><W121/><G121/><T32/><D32/><U112/><E112/><V61/><F61/><W71/><G71/><T73/><AGARI ba="0,0" hai="4,7,19,21,23,24,26,31,73,77,81,82,86,89" machi="73" ten="20,1500,0" yaku="0,1,7,1" doraHai="93" who="0" fromWho="0" sc="313,15,216,-4,282,-7,189,-4" />
</Scene>
<Scene>
<INIT seed="3,0,0,0,3,21" ten="328,212,275,185" oya="3" hai0="67,92,18,64,66,59,87,32,16,50,6,4,11" hai1="43,41,38,79,99,114,61,65,5,90,120,17,126" hai2="110,63,48,96,71,49,33,85,131,121,130,115,70" hai3="132,7,25,135,84,37,58,34,75,1,35,44,89"/><W106/><G75/><T45/><D32/><U3/><E120/><V83/><F115/><W98/><G1/><T118/><D118/><U10/><E114/><V107/><F110/><W26/><G7/><N who="0" m="2603" /><D11/><U53/><E126/><V91/><F121/><W109/><G109/><T111/><D59/><U82/><E38/><V27/><F49/><W127/><G127/><T46/><D111/><U40/><E53/><V117/><F48/><W119/><G119/><T15/><D15/><U78/><E17/><N who="0" m="6761" /><D50/><U19/><E19/><V134/><F117/><W22/><G58/><T55/><D55/><U123/><E123/><V13/><F13/><W69/><G69/><T57/><D57/><U2/><E2/><V68/><F63/><W122/><G122/><T128/><D128/><U12/><E3/><V124/><F124/><W72/><G72/><T100/><D100/><U97/><E78/><V54/><F54/><W60/><G60/><T52/><D52/><U105/><E105/><V62/><F62/><W30/><G37/><T80/><D92/><U42/><N who="1" m="10752" /><DORA hai="74" /><U76/><E61/><V113/><F113/><W116/><G116/><T88/><AGARI ba="0,0" hai="45,46,64,66,67,80,87,88" m="6761,2603" machi="88" ten="30,4000,0" yaku="8,1,54,2" doraHai="21,74" who="0" fromWho="0" sc="328,40,212,-10,275,-10,185,-20" />
</Scene>
<Scene>
<INIT seed="4,0,0,3,1,41" ten="368,202,265,165" oya="0" hai0="65,17,123,92,58,73,114,97,43,134,31,119,93" hai1="34,45,100,96,103,36,129,91,101,49,52,67,72" hai2="117,121,55,30,56,85,63,87,3,46,12,40,86" hai3="13,27,95,25,90,10,77,110,42,80,60,131,99"/><T7/><D119/><U0/><E0/><V78/><F3/><W122/><G110/><T69/><D123/><U84/><E72/><V11/><F121/><W22/><G122/><T23/><D73/><U128/><E34/><V62/><F117/><W4/><G131/><N who="1" m="50250" /><E67/><V126/><F126/><W74/><G22/><T61/><D114/><U64/><E64/><V29/><F63/><W102/><G60/><T70/><D134/><U54/><E36/><V26/><F78/><W130/><G130/><T48/><D92/><N who="1" m="54375" /><E54/><V105/><F105/><AGARI ba="0,0" hai="45,49,52,96,100,101,103,105" m="54375,50250" machi="105" ten="30,3900,0" yaku="19,1,52,1,54,1" doraHai="41" who="1" fromWho="2" sc="368,0,202,39,265,-39,165,0" />
</Scene>
<Scene>
<INIT seed="5,0,0,3,3,10" ten="368,241,226,165" oya="1" hai0="57,121,117,133,95,61,94,48,101,126,35,69,102" hai1="23,128,124,47,91,22,134,2,130,99,49,89,19" hai2="3,7,110,77,129,105,125,88,119,86,92,0,79" hai3="66,113,82,71,93,76,64,131,12,29,60,85,103"/><U20/><E2/><V1/><F110/><W98/><G113/><T25/><D117/><U74/><E74/><V8/><F119/><W32/><G131/><N who="1" m="50218" /><E124/><V100/><F129/><W9/><G64/><T96/><D121/><U52/><E134/><V31/><F125/><W132/><G132/><T116/><D133/><U45/><E45/><V115/><F115/><W97/><G97/><T90/><D116/><U37/><E37/><V118/><F118/><W50/><G50/><T13/><D69/><U55/><E55/><V27/><F100/><W6/><REACH who="3" step="1"/><G29/><REACH who="3" ten="368,241,226,155" step="2"/><T127/><D48/><U36/><E36/><V41/><F105/><W16/><G16/><T120/><D96/><U80/><E99/><V81/><F41/><W18/><G18/><T28/><D120/><U30/><E30/><V67/><F67/><W51/><G51/><T73/><D28/><U56/><E47/><V63/><F63/><W59/><G59/><T53/><D57/><U11/><E80/><V40/><F40/><W108/><G108/><T4/><D61/><U34/><E19/><V122/><F122/><W68/><G68/><T107/><D107/><U109/><E109/><V114/><F114/><W78/><G78/><T26/><D126/><U21/><E49/><V5/><F5/><W58/><G58/><T112/><D127/><U75/><E56/><V15/><REACH who="2" step="1"/><F81/><REACH who="2" ten="368,241,216,155" step="2"/><W42/><G42/><T87/><D112/><U33/><E52/><V54/><F54/><W104/><G104/><T46/><D53/><U38/><E38/><V70/><F70/><W62/><G62/><T84/><D46/><RYUUKYOKU ba="0,2" sc="368,-15,241,-15,216,15,155,15" hai2="0,1,3,7,8,15,27,31,77,79,86,88,92" hai3="6,9,12,32,60,66,71,76,82,85,93,98,103" />
</Scene>
<Scene>
<INIT seed="6,1,2,0,4,124" ten="353,226,231,170" oya="2" hai0="105,49,63,91,3,27,102,132,11,9,127,45,70" hai1="5,22,35,111,10,114,6,68,125,62,23,25,32" hai2="1,133,110,119,87,77,24,107,52,66,121,39,76" hai3="122,67,41,59,40,15,51,58,54,90,80,14,79"/><V118/><F1/><W33/><G33/><T123/><D132/><U84/><E111/><V18/><F39/><W71/><G71/><T72/><D123/><U86/><E125/><V53/><F107/><W0/><G0/><T26/><D72/><U117/><E117/><N who="2" m="44555" /><F121/><W134/><G122/><T48/><D127/><U78/><E114/><V94/><F66/><W64/><G90/><T36/><D49/><U73/><E73/><V100/><F133/><W93/><G93/><T135/><D48/><U103/><E5/><V13/><F24/><W75/><G134/><T109/><D91/><U101/><E23/><N who="2" m="11727" /><F110/><W37/><G37/><T74/><D102/><U12/><E101/><V116/><F116/><W104/><G104/><T46/><D105/><U17/><E103/><V97/><F87/><W130/><G64/><T95/><D36/><U85/><E78/><V106/><F106/><W92/><G14/><T57/><D26/><U120/><E120/><V30/><F30/><W16/><G15/><T20/><D27/><U129/><E35/><V7/><F7/><W61/><G16/><T99/><D3/><U81/><E32/><V82/><F82/><W38/><G38/><T47/><D109/><U44/><E81/><V8/><F8/><W65/><G65/><T4/><D9/><U88/><E68/><V89/><F100/><W28/><G28/><T21/><D11/><U108/><E108/><V56/><F56/><W19/><G19/><T34/><D57/><U115/><E88/><V29/><F29/><W83/><G75/><T113/><D74/><U126/><E10/><RYUUKYOKU ba="1,2" sc="353,-10,226,-10,231,30,170,-10" hai2="52,53,76,77,89,94,97" />
</Scene>
<Scene>
<INIT seed="6,2,2,2,3,9" ten="343,216,261,160" oya="2" hai0="22,115,25,56,117,62,44,47,33,20,19,37,10" hai1="132,35,28,89,133,94,6,32,42,43,11,4,38" hai2="107,17,69,74,106,76,14,29,48,54,58,101,111" hai3="31,108,1,24,52,110,68,134,98,77,105,90,39"/><V36/><F69/><W71/><G39/><T128/><D33/><N who="1" m="12875" /><E28/><V103/><F29/><W0/><G77/><T61/><D115/><U51/><E38/><V122/><F36/><W123/><G123/><T59/><D128/><U50/><E94/><V41/><F41/><N who="1" m="15369" /><E89/><V5/><F5/><N who="1" m="2153" /><E11/><V65/><F65/><W53/><G31/><N who="0" m="17847" /><D10/><U91/><E91/><V92/><F122/><W113/><G90/><T26/><D117/><U78/><E78/><V104/><F92/><W130/><G71/><T34/><D34/><U88/><E88/><V85/><F85/><W96/><G68/><T87/><D37/><U13/><E13/><V114/><F114/><W109/><G113/><T79/><D87/><U70/><E70/><V60/><F76/><W102/><G109/><T64/><D79/><U21/><E21/><V23/><F111/><W40/><G108/><T3/><D3/><U55/><E55/><AGARI ba="2,2" hai="19,20,26,44,47,55,56,59,61,62,64" m="17847" machi="55" ten="30,1000,0" yaku="8,1" doraHai="9" who="0" fromWho="1" sc="343,36,216,-16,261,0,160,0" />
</Scene>
<Scene>
<INIT seed="7,0,0,1,3,79" ten="379,200,261,160" oya="3" hai0="39,50,33,24,75,12,129,27,130,5,132,41,128" hai1="45,55,54,47,101,123,114,111,31,18,13,19,90" hai2="98,95,73,78,59,83,62,34,10,64,93,102,4" hai3="60,125,0,57,38,20,40,112,37,119,127,104,17"/><W92/><G104/><T36/><D75/><U68/><E68/><V48/><F34/><W32/><G32/><T115/><D115/><U8/><E123/><V89/><F48/><W46/><G0/><T134/><D33/><U85/><E111/><V43/><F43/><W91/><G38/><N who="0" m="14379" /><D41/><U28/><E101/><V72/><F72/><W97/><G119/><T22/><D50/><U122/><E114/><V71/><F71/><W99/><G99/><T121/><D121/><U66/><E66/><V25/><F25/><N who="0" m="9802" /><D22/><U49/><E122/><V133/><F133/><N who="0" m="51306" /><D12/><N who="1" m="7431" /><E47/><V77/><F77/><W117/><G112/><T82/><D82/><N who="1" m="49463" /><E55/><V52/><F64/><W113/><G113/><T116/><D5/><U35/><E35/><V70/><F70/><W14/><REACH who="3" step="1"/><G117/><AGARI ba="0,0" hai="116,117,128,129,130" m="51306,9802,14379" machi="117" ten="40,8000,1" yaku="28,2,19,1,20,1" doraHai="79" who="0" fromWho="3" sc="379,80,200,0,261,0,160,-80" owari="459,56.0,200,-20.0,261,6.0,80,-42.0" />
</Scene>
</mjloggm>