<mjloggm ver="2.3"><GO type="169" lobby="0"/><UN n0="%E9%BA%BB%E9%9B%80%E5%95%86%E4%BA%BA%E3%81%8F%E3%82%93%E2%99%AA" n1="%E5%A4%AA%E3%81%8F%E3%81%AA%E3%81%84%E3%81%8A" n2="%E8%B6%85%E3%83%92%E3%83%A2%E3%83%AA%E3%83%AD" n3="%6B%69%79%6F%64%61%69" dan="16,17,17,17" rate="2094.22,2223.30,2174.33,2221.96" sx="M,M,F,M"/><TAIKYOKU oya="0"/>

<Scene>
<INIT seed="0,0,0,4,5,86" ten="250,250,250,250" oya="0" hai0="34,132,52,78,26,44,59,29,84,35,38,110,106" hai1="53,25,105,83,0,94,134,63,95,111,102,80,32" hai2="129,130,131,39,10,92,125,126,64,133,37,114,89" hai3="18,96,73,9,14,40,61,56,41,120,98,30,15"/><T123/><D123/><U93/><E0/><V74/><F74/><W69/><G69/><T135/><D106/><U42/><E42/><N who="3" m="16490" /><G73/><T121/><D121/><U5/><E5/><V3/><F3/><W113/><G30/><T115/><D115/><U107/><E111/><V104/><F104/><W91/><G113/><T6/><D6/><U21/><E32/><V82/><F10/><N who="3" m="6487" /><G120/><T72/><D72/><U8/><E8/><V87/><F114/><W108/><G108/><T68/><D68/><U50/><E134/><N who="0" m="51241" /><D110/><U17/><E63/><V118/><F133/><W49/><G49/><N who="0" m="31119" /><D44/><U99/><REACH who="1" step="1"/><E107/><REACH who="1" ten="250,240,250,250" step="2"/><V24/><F64/><W112/><G112/><T101/><D35/><U55/><E55/><V20/><F118/><W62/><G62/><T122/><D122/><U54/><E54/><V2/><F2/><W57/><G61/><T77/><D101/><U100/><E100/><V7/><F7/><W51/><G51/><T128/><D128/><U16/><E16/><N who="2" m="12295" /><F39/><W45/><G45/><AGARI ba="0,1" hai="17,21,25,45,50,53,80,83,93,94,95,99,102,105" machi="45" ten="40,1300,0" yaku="1,1,53,0" doraHai="86" doraHaiUra="70" who="1" fromWho="3" sc="250,0,240,23,250,0,250,-13" />
</Scene>
<Scene>
<INIT seed="1,0,0,2,2,123" ten="250,263,250,237" oya="1" hai0="17,9,74,102,53,43,134,73,62,79,3,93,8" hai1="110,35,71,103,61,83,19,101,63,49,41,30,6" hai2="77,111,46,2,21,96,66,27,15,58,91,89,51" hai3="92,82,31,125,116,90,39,86,75,98,119,45,131"/><U130/><E6/><V25/><F2/><W20/><G75/><T67/><D43/><U44/><E130/><V0/><F0/><W107/><G39/><T70/><D79/><U36/><E35/><V127/><F127/><W87/><G45/><T57/><D134/><U54/><E30/><V135/><F135/><W47/><G47/><T132/><D132/><U100/><E19/><N who="2" m="10495" /><F77/><N who="3" m="46415" /><G20/><T85/><D9/><U117/><E117/><N who="3" m="45130" /><G31/><T60/><D74/><U50/><E83/><V56/><F111/><W18/><G18/><T14/><D73/><U129/><E129/><V42/><F96/><W59/><G59/><N who="2" m="22569" /><F66/><W88/><G131/><T29/><D3/><U80/><E71/><V23/><F27/><W7/><G7/><T128/><D128/><U104/><E36/><V34/><F34/><W33/><G33/><T13/><D13/><U126/><E126/><V52/><F42/><W115/><G125/><T37/><D37/><U99/><E61/><V109/><F109/><W76/><G76/><T95/><D29/><AGARI ba="0,0" hai="23,25,29,46,51,52,89,91" m="22569,10495" machi="29" ten="30,2000,0" yaku="8,1,54,1" doraHai="123" who="2" fromWho="0" sc="250,-20,263,0,250,20,237,0" />
</Scene>
<Scene>
<INIT seed="2,0,0,5,4,24" ten="230,263,270,237" oya="2" hai0="12,7,92,34,15,35,95,110,135,112,119,70,49" hai1="22,18,111,67,117,134,36,5,76,42,83,72,30" hai2="93,58,113,59,101,16,1,66,48,81,65,125,123" hai3="68,63,109,87,6,97,94,130,52,71,31,38,60"/><V64/><F113/><W13/><G38/><T121/><D49/><U79/><E117/><V57/><F1/><W47/><G109/><T19/><D70/><U114/><E114/><V74/><F123/><W104/><G104/><T80/><D80/><U9/><E111/><V82/><F125/><W55/><G71/><T106/><D110/><U127/><E127/><V53/><F74/><W105/><G105/><T78/><D78/><U28/><E67/><V32/><F32/><W26/><G87/><T131/><D19/><U77/><E134/><V73/><F73/><W41/><G41/><T21/><D21/><U120/><E120/><V128/><F128/><W107/><G107/><T103/><D103/><U46/><E77/><V90/><F101/><W10/><G68/><T20/><D20/><U37/><E76/><V116/><F116/><W54/><G47/><T102/><D102/><U0/><E37/><V99/><REACH who="2" step="1"/><F16/><REACH who="2" ten="230,263,260,237" step="2"/><W56/><G130/><T45/><D131/><U23/><E23/><V40/><F40/><W33/><G60/><T27/><D112/><U3/><E3/><V51/><F51/><W122/><G122/><T17/><D121/><U43/><E43/><V4/><F4/><W89/><AGARI ba="0,1" hai="6,10,13,26,31,33,52,54,55,56,63,89,94,97" machi="89" ten="20,5200,0" yaku="0,1,7,1,52,1,54,1" doraHai="24" who="3" fromWho="3" sc="230,-13,263,-13,260,-26,237,62" />
</Scene>
<Scene>
<INIT seed="3,0,0,2,3,112" ten="217,250,234,299" oya="3" hai0="91,56,34,126,23,45,113,61,129,107,20,83,116" hai1="66,11,132,22,98,79,95,1,54,38,12,53,118" hai2="27,24,55,96,74,36,21,31,102,6,82,127,88" hai3="64,16,41,94,85,105,15,51,92,44,49,33,106"/><W81/><G33/><T122/><D34/><U10/><E38/><V103/><F36/><W84/><G106/><T13/><D107/><U9/><E1/><V26/><F127/><W8/><G105/><T117/><D122/><U19/><E132/><V97/><F6/><W60/><G51/><T130/><D126/><U135/><E135/><V76/><F55/><W73/><G73/><T111/><D45/><U128/><E128/><N who="0" m="49257" /><D113/><U18/><E79/><V46/><F46/><W80/><G84/><N who="0" m="50591" /><D111/><U63/><E19/><V120/><F120/><W121/><G81/><T86/><D86/><U99/><E118/><N who="0" m="45673" /><D13/><U58/><REACH who="1" step="1"/><E99/><REACH who="1" ten="217,240,234,299" step="2"/><V108/><F108/><W78/><REACH who="3" step="1"/><G121/><REACH who="3" ten="217,240,234,289" step="2"/><T4/><D4/><U68/><E68/><AGARI ba="0,2" hai="8,15,16,41,44,49,60,64,68,78,80,85,92,94" machi="68" ten="30,11600,0" yaku="1,1,2,1,7,1,54,1,53,0" doraHai="112" doraHaiUra="70" who="3" fromWho="1" sc="217,0,240,-116,234,0,289,136" />
</Scene>
<Scene>
<INIT seed="3,1,0,0,3,108" ten="217,124,234,425" oya="3" hai0="80,33,111,95,15,91,89,106,48,28,32,81,96" hai1="46,68,53,128,54,103,11,50,66,35,117,134,59" hai2="110,86,47,114,72,34,123,109,75,41,88,105,30" hai3="104,29,125,120,107,132,60,43,122,20,44,13,42"/><W12/><G125/><T57/><D111/><N who="2" m="42506" /><F105/><W4/><G60/><T93/><D106/><U69/><E35/><V65/><F65/><W2/><G2/><T19/><D28/><U31/><E31/><V85/><F85/><W38/><G29/><T40/><D32/><U113/><E103/><V102/><F102/><W14/><G132/><T18/><D33/><U78/><E78/><V16/><F123/><W10/><G14/><T26/><D26/><U5/><E134/><V21/><F30/><W23/><G44/><N who="0" m="25607" /><D57/><U90/><E128/><V82/><F114/><W67/><G67/><T129/><D129/><U112/><E117/><V92/><F92/><W52/><G10/><N who="0" m="6519" /><D19/><U121/><E121/><V98/><F98/><AGARI ba="1,0" hai="80,81,89,91,93,95,96,98" m="6519,25607" machi="98" ten="30,1000,0" yaku="8,1" doraHai="108" who="0" fromWho="2" sc="217,13,124,0,234,-13,425,0" />
</Scene>
<Scene>
<INIT seed="4,0,0,5,2,99" ten="230,124,221,425" oya="0" hai0="47,18,132,131,50,110,118,68,27,106,2,128,129" hai1="41,60,89,0,83,108,11,88,122,6,30,66,114" hai2="38,28,119,63,23,91,71,113,24,61,25,42,9" hai3="120,14,124,7,95,82,104,32,98,125,31,96,134"/><T101/><D118/><U74/><E108/><V57/><F113/><W73/><G134/><T90/><D132/><U70/><E122/><V10/><F119/><W81/><G73/><T79/><D79/><U20/><E114/><V39/><F39/><W76/><G76/><T34/><D110/><U4/><E41/><V130/><F130/><W65/><G65/><T48/><D2/><U56/><E74/><V78/><F78/><W37/><G37/><T13/><D68/><U62/><E83/><V100/><F100/><N who="3" m="62471" /><G31/><N who="0" m="19839" /><D90/><U97/><E6/><V5/><F42/><W84/><G32/><T54/><D50/><U123/><E123/><V93/><F38/><W22/><G84/><T21/><D106/><U77/><E77/><V40/><F40/><W29/><G29/><T17/><D17/><U105/><E20/><V43/><F43/><W121/><G22/><T75/><D75/><U107/><E30/><V26/><F71/><W133/><G133/><T15/><D101/><U116/><E116/><V16/><F63/><W44/><G44/><T112/><D112/><U103/><REACH who="1" step="1"/><E107/><REACH who="1" ten="230,114,221,425" step="2"/><V72/><F72/><W1/><G121/><T12/><AGARI ba="0,1" hai="12,13,15,18,21,47,48,54,128,129,131" m="19839" machi="12" ten="40,2100,0" yaku="19,1" doraHai="99" who="0" fromWho="0" sc="230,31,114,-7,221,-7,425,-7" />
</Scene>
<Scene>
<INIT seed="4,1,0,0,1,125" ten="261,107,214,418" oya="0" hai0="98,49,102,55,104,32,65,58,52,85,70,135,78" hai1="50,110,122,116,76,53,5,47,6,133,90,84,38" hai2="101,18,30,42,24,129,111,51,2,23,64,128,69" hai3="39,97,108,60,0,41,10,43,105,36,62,100,83"/><T112/><D112/><U103/><E110/><V66/><F111/><W29/><G108/><T81/><D81/><U86/><E122/><V74/><F74/><W46/><G29/><T34/><D135/><U67/><E116/><V71/><F2/><W61/><G83/><T7/><D7/><U106/><E133/><V114/><F114/><W16/><G41/><T12/><D70/><U54/><E38/><V19/><F101/><W22/><G39/><T131/><D65/><N who="2" m="25194" /><F69/><W130/><G130/><N who="2" m="50281" /><F71/><W123/><G123/><T87/><D131/><U26/><E67/><V120/><F120/><W113/><G113/><T3/><D3/><U27/><E106/><V13/><F13/><W89/><G89/><T72/><D12/><U11/><E103/><V40/><F40/><W107/><G107/><T93/><D72/><U31/><E76/><V9/><F9/><W77/><G77/><T117/><D104/><U14/><E6/><V63/><F63/><W95/><G105/><T1/><D78/><U28/><E53/><V59/><F42/><W80/><G10/><T75/><D1/><U88/><E27/><V94/><F94/><W121/><G0/><T91/><D102/><U35/><E26/><V37/><F37/><W33/><G121/><T132/><D75/><U25/><REACH who="1" step="1"/><E31/><REACH who="1" ten="261,97,214,418" step="2"/><V21/><F21/><W119/><G22/><T57/><D132/><U45/><E45/><V92/><F92/><W8/><G95/><T15/><D93/><U118/><E118/><V73/><F73/><W109/><G119/><T96/><D117/><U17/><E17/><V134/><F134/><RYUUKYOKU ba="1,1" sc="261,-15,97,15,214,15,418,-15" hai1="5,11,14,25,28,35,47,50,54,84,86,88,90" hai2="18,19,23,24,30,51,59" />
</Scene>
<Scene>
<INIT seed="5,2,1,3,2,25" ten="246,112,229,403" oya="1" hai0="128,15,86,30,102,90,54,20,12,4,5,9,76" hai1="59,52,87,67,81,121,6,39,119,72,61,16,80" hai2="97,99,63,107,62,117,19,89,33,114,100,28,115" hai3="29,112,94,83,109,111,1,43,47,78,46,10,21"/><U93/><E119/><V116/><F19/><W95/><G47/><T58/><D128/><U130/><E121/><V77/><F77/><W42/><G42/><T49/><D102/><U2/><E39/><V64/><F89/><W122/><G112/><N who="2" m="43049" /><F99/><W71/><G71/><T124/><D124/><U35/><E35/><V103/><F103/><W18/><G29/><T120/><D120/><U56/><E130/><V45/><F45/><W125/><G125/><T36/><D36/><U88/><E72/><V34/><F34/><W85/><G122/><T8/><D76/><U132/><E132/><V96/><F96/><W24/><G95/><T48/><D30/><U118/><E118/><N who="2" m="45675" /><F64/><W110/><G94/><N who="0" m="54615" /><D20/><U105/><E105/><V26/><AGARI ba="2,1" hai="26,28,33,62,63,97,100,107" m="45675,43049" machi="26" ten="40,5200,0" yaku="15,1,11,1,52,1" doraHai="25" who="2" fromWho="2" sc="246,-15,112,-28,229,68,403,-15" />
</Scene>
<Scene>
<INIT seed="6,0,0,1,4,82" ten="231,84,297,388" oya="2" hai0="29,93,51,30,39,113,7,5,116,132,95,53,54" hai1="134,18,84,11,125,55,90,100,23,133,120,31,2" hai2="56,103,36,101,135,112,130,25,32,121,43,65,94" hai3="63,78,86,6,26,58,91,106,17,111,80,105,97"/><V61/><F121/><W129/><G111/><T81/><D113/><U126/><E100/><V119/><F119/><W67/><G129/><T64/><D132/><N who="1" m="50795" /><E55/><V73/><F73/><W85/><G6/><T110/><D110/><U99/><E99/><V79/><F135/><W114/><G114/><T68/><D68/><U44/><E44/><V117/><F117/><W104/><G17/><T124/><D116/><U88/><E31/><V60/><F112/><W72/><G26/><T45/><D64/><U128/><E120/><V102/><F130/><W70/><G70/><T83/><D45/><U46/><E46/><V74/><F43/><W19/><G19/><T21/><D51/><U12/><E128/><V66/><F36/><W107/><G107/><T10/><D39/><U77/><E2/><V0/><F0/><W42/><G42/><T49/><D49/><U38/><E38/><V109/><F109/><W122/><G122/><T9/><D21/><U28/><E28/><N who="2" m="19471" /><F79/><W52/><G67/><T92/><D92/><N who="1" m="54279" /><E77/><V33/><F74/><W22/><G22/><T14/><D30/><U87/><E23/><V35/><F94/><AGARI ba="0,0" hai="11,12,18,87,90,94,125,126" m="54279,50795" machi="94" ten="30,7700,0" yaku="20,1,52,2,54,1" doraHai="82" who="1" fromWho="2" sc="231,0,84,77,297,-77,388,0" />
</Scene>
<Scene>
<INIT seed="7,0,0,0,2,53" ten="231,161,220,388" oya="3" hai0="116,124,13,64,44,71,15,131,89,92,101,21,49" hai1="7,35,22,11,65,32,0,20,6,61,99,108,114" hai2="106,127,52,110,118,47,27,14,19,30,117,48,23" hai3="132,120,84,76,87,28,126,107,31,18,36,113,67"/><W130/><G36/><T133/><D116/><U112/><E99/><V121/><F106/><W111/><G67/><T66/><D71/><U80/><E80/><V125/><F110/><W5/><G5/><N who="1" m="1546" /><E61/><V51/><F121/><W25/><G18/><T115/><D89/><U104/><E104/><V100/><F100/><W135/><G25/><T72/><D92/><U77/><E77/><V73/><F73/><W119/><G113/><N who="1" m="43626" /><E65/><V83/><F83/><W59/><G126/><N who="2" m="48137" /><F51/><W8/><G130/><T105/><D131/><U129/><E129/><V109/><F109/><W103/><G8/><AGARI ba="0,0" hai="8,14,19,23,27,30,47,48,52,117,118" m="48137" machi="8" ten="30,2000,0" yaku="18,1,54,1" doraHai="53" who="2" fromWho="3" sc="231,0,161,0,220,20,388,-20" owari="231,-17.0,161,-34.0,240,4.0,368,47.0" />
</Scene>
</mjloggm>