<mjloggm ver="2.3"><GO type="169" lobby="0"/><UN n0="%E4%BD%90%E8%97%A4%E3%83%95%E3%83%AA%E3%83%BC%E3%82%B6" n1="%E3%82%A6%E3%82%A3%E3%83%89%E3%82%A5%EF%BC%A0%E9%98%AA%E7%A5%9E" n2="%E2%98%85%74%61%72%75%74%6F%E2%98%85" n3="%E5%A4%AA%E3%81%8F%E3%81%AA%E3%81%84%E3%81%8A" dan="16,16,16,18" rate="2128.55,2096.82,2119.51,2194.61" sx="F,M,M,M"/><TAIKYOKU oya="0"/>

<Scene>
<INIT seed="0,0,0,3,2,135" ten="250,250,250,250" oya="0" hai0="69,122,100,8,111,103,64,48,13,26,47,38,56" hai1="68,79,37,62,63,52,22,104,128,115,60,21,45" hai2="73,93,87,108,57,99,117,134,77,31,7,131,82" hai3="50,133,49,114,113,32,71,61,91,118,83,19,46"/><T89/><D122/><U14/><E104/><V84/><F134/><W107/><G32/><T53/><D111/><U98/><E128/><V121/><F7/><W6/><G107/><T12/><D26/><U119/><E119/><V90/><F31/><W96/><G6/><T124/><D124/><U88/><E115/><V25/><F25/><W55/><G133/><T80/><D13/><U92/><E68/><V54/><F121/><W109/><G118/><T9/><D9/><U1/><E1/><V67/><F67/><W97/><G97/><T127/><D127/><U36/><E79/><V132/><F132/><W129/><G129/><T2/><D2/><U95/><E22/><V76/><F131/><W3/><G3/><T20/><D20/><U125/><E125/><V41/><F117/><W126/><G109/><T27/><D27/><U70/><E70/><V18/><F108/><W74/><G126/><T94/><D80/><U17/><REACH who="1" step="1"/><E95/><REACH who="1" ten="250,240,250,250" step="2"/><V78/><F77/><W42/><G71/><T0/><D0/><U130/><E130/><V11/><F78/><W4/><G114/><T81/><D69/><U102/><E102/><V110/><F76/><W5/><G113/><T35/><D35/><U43/><E43/><V66/><F41/><W10/><G42/><N who="0" m="22999" /><D94/><U30/><E30/><V29/><F93/><W116/><G116/><T58/><D81/><U44/><E44/><V40/><F82/><W39/><G83/><T24/><D103/><U105/><E105/><V72/><F29/><W51/><G46/><T65/><D100/><U120/><E120/><V85/><F110/><RYUUKYOKU ba="0,1" sc="250,-10,240,30,250,-10,250,-10" hai1="14,17,21,36,37,45,52,60,62,63,88,92,98" />
</Scene>
<Scene>
<INIT seed="1,1,1,1,0,20" ten="240,270,240,240" oya="1" hai0="116,51,72,44,43,125,56,106,32,15,34,10,63" hai1="0,19,86,120,93,65,58,57,5,123,60,23,18" hai2="98,55,22,47,69,61,54,127,77,36,92,128,25" hai3="59,74,27,76,132,104,30,112,16,90,115,108,1"/><U78/><E0/><V85/><F128/><W42/><G104/><T121/><D116/><U40/><E5/><V117/><F117/><W134/><G1/><T83/><D106/><U135/><E135/><N who="3" m="51754" /><G108/><T94/><D125/><U13/><E40/><V97/><F127/><W41/><G90/><T110/><D110/><U80/><E93/><V133/><F133/><W99/><G99/><T62/><D94/><U102/><E102/><V84/><F36/><W73/><G59/><T64/><D121/><U37/><E37/><V119/><F119/><W31/><G31/><T24/><D24/><U82/><E58/><V3/><F3/><W87/><G87/><T126/><D126/><U7/><E7/><V38/><F38/><W50/><G42/><T26/><D63/><U71/><E71/><V21/><F69/><W100/><G100/><T70/><D70/><U35/><E35/><V88/><F22/><N who="3" m="13767" /><G30/><T39/><D39/><U91/><REACH who="1" step="1"/><E19/><REACH who="1" ten="240,260,240,240" step="2"/><V68/><F68/><W96/><G41/><T114/><D34/><U79/><E79/><V131/><F77/><W9/><G76/><T89/><D32/><U12/><E12/><V124/><F124/><W2/><G2/><T109/><D109/><U67/><E67/><V105/><F105/><W122/><G122/><T14/><D64/><U103/><E103/><V46/><F92/><W107/><G107/><T53/><D43/><U130/><E130/><V113/><F131/><W6/><G6/><T101/><D15/><U111/><E111/><V17/><F17/><W28/><G28/><T81/><D14/><U49/><E49/><RYUUKYOKU ba="1,2" sc="240,-10,260,30,240,-10,240,-10" hai1="13,18,23,57,60,65,78,80,82,86,91,120,123" />
</Scene>
<Scene>
<INIT seed="1,2,2,1,3,19" ten="230,290,230,230" oya="1" hai0="69,102,55,38,7,82,123,17,131,119,24,92,34" hai1="106,64,31,68,73,4,53,70,95,100,26,91,66" hai2="83,103,13,39,86,37,78,23,40,72,89,135,98" hai3="0,47,32,93,43,120,77,60,5,125,96,21,18"/><U116/><E116/><V132/><F40/><W129/><G120/><T16/><D119/><U90/><E73/><V109/><F109/><W41/><G32/><T49/><D123/><U105/><E4/><V104/><F13/><W101/><G129/><T35/><D38/><U42/><E42/><V124/><F23/><W33/><G33/><T108/><D69/><U134/><E134/><N who="2" m="51243" /><F39/><W1/><G125/><T79/><D108/><U114/><E114/><V30/><F30/><W127/><G127/><T9/><D131/><U61/><E53/><V115/><F37/><W74/><G60/><T48/><D48/><U85/><E100/><V118/><F124/><W54/><G54/><T75/><D35/><U87/><E66/><V130/><F130/><W45/><G43/><T10/><D10/><U63/><E63/><V88/><F118/><W65/><G65/><T112/><D112/><U99/><E70/><V36/><F36/><W29/><G29/><T111/><D111/><U81/><E99/><V126/><F126/><W122/><G122/><T80/><D34/><AGARI ba="2,2" hai="26,31,34,61,64,68,81,85,87,90,91,95,105,106" machi="34" ten="30,1500,0" yaku="7,1" doraHai="19" who="1" fromWho="0" sc="230,-21,290,41,230,0,230,0" />
</Scene>
<Scene>
<INIT seed="1,3,0,0,3,95" ten="209,331,230,230" oya="1" hai0="23,134,117,54,1,30,71,2,24,7,37,73,11" hai1="72,88,98,77,34,75,101,135,129,28,107,83,64" hai2="119,51,52,22,27,68,120,39,46,41,20,33,57" hai3="38,105,121,19,110,0,35,113,115,55,58,66,86"/><U104/><E34/><V131/><F120/><W40/><G0/><T109/><D117/><U108/><E28/><V10/><F119/><W124/><G105/><N who="1" m="40522" /><E64/><V103/><F103/><W92/><G92/><T62/><D73/><N who="1" m="43439" /><E129/><V69/><F131/><W94/><G19/><T111/><D37/><U85/><E135/><V18/><F33/><W125/><G66/><N who="0" m="41431" /><D134/><U96/><E108/><N who="0" m="41545" /><D54/><U29/><E29/><V26/><REACH who="2" step="1"/><F10/><REACH who="2" ten="209,331,220,230" step="2"/><W74/><G110/><T81/><D81/><N who="1" m="49199" /><E101/><V32/><F32/><W16/><G35/><T8/><D8/><U123/><E123/><V84/><F84/><W5/><G86/><T12/><AGARI ba="3,1" hai="1,2,7,11,12,23,24,30" m="41545,41431" machi="12" ten="30,1100,0" yaku="14,1" doraHai="95" who="0" fromWho="0" sc="209,30,331,-8,220,-6,230,-6" />
</Scene>
<Scene>
<INIT seed="2,0,0,3,5,94" ten="239,323,214,224" oya="2" hai0="79,86,78,97,111,87,104,135,121,46,9,26,57" hai1="49,77,0,96,10,29,56,95,109,20,80,100,25" hai2="82,60,93,48,107,114,66,13,131,31,98,102,19" hai3="50,126,101,36,76,83,22,16,123,44,116,7,15"/><V119/><F131/><W122/><G116/><T17/><D121/><U64/><E109/><V128/><F128/><W4/><G36/><T89/><D111/><U92/><E0/><V75/><F119/><W24/><G126/><T14/><D135/><U2/><E2/><V105/><F114/><W51/><G101/><T120/><D120/><U5/><E5/><V23/><F31/><W45/><G123/><T58/><D104/><U129/><E129/><V6/><F6/><W132/><G132/><T72/><D72/><U8/><E92/><V21/><F21/><W81/><G122/><T106/><D46/><U52/><REACH who="1" step="1"/><E64/><REACH who="1" ten="239,313,214,224" step="2"/><V108/><F108/><W35/><G7/><T3/><D106/><U43/><E43/><V62/><F105/><W30/><G4/><T41/><D41/><U113/><E113/><V68/><F107/><W34/><G34/><T39/><D3/><U33/><E33/><V67/><F67/><W63/><G81/><T99/><D39/><U117/><E117/><V47/><F66/><W85/><G35/><T84/><D26/><U130/><E130/><V73/><F82/><W1/><G1/><T91/><D79/><U54/><E54/><V90/><F68/><W115/><G115/><T103/><D78/><U69/><E69/><V11/><F75/><AGARI ba="0,1" hai="8,10,20,25,29,49,52,56,75,77,80,95,96,100" machi="75" ten="30,7700,0" yaku="1,1,7,1,52,1,54,1,53,0" doraHai="94" doraHaiUra="70" who="1" fromWho="2" sc="239,0,313,87,214,-77,224,0" />
</Scene>
<Scene>
<INIT seed="3,0,0,4,0,72" ten="239,400,137,224" oya="3" hai0="114,46,118,108,82,90,98,107,135,132,18,80,47" hai1="36,40,2,129,78,45,84,124,27,20,7,70,26" hai2="17,99,104,91,35,33,94,126,112,56,50,21,15" hai3="67,49,54,16,88,92,105,6,113,57,25,22,1"/><W13/><G105/><T66/><D118/><U103/><E70/><V102/><F112/><W59/><G113/><T60/><D114/><U19/><E103/><V131/><F126/><W41/><G41/><T62/><D108/><U23/><E124/><V63/><F131/><W61/><G1/><T100/><D18/><U43/><E43/><V8/><F8/><W52/><G6/><T81/><D90/><U79/><E129/><V68/><F68/><W44/><G13/><T29/><D29/><U9/><E84/><V73/><F73/><W87/><G54/><T0/><D0/><U75/><E75/><V69/><F69/><AGARI ba="0,0" hai="16,22,25,44,49,52,57,59,61,67,69,87,88,92" machi="69" ten="30,11600,0" yaku="7,1,54,3" doraHai="72" who="3" fromWho="2" sc="239,0,400,0,137,-116,224,116" />
</Scene>
<Scene>
<INIT seed="3,1,0,1,5,112" ten="239,400,21,340" oya="3" hai0="77,11,74,121,37,24,132,126,102,47,32,118,123" hai1="39,84,95,108,36,71,124,113,120,117,20,42,125" hai2="16,81,67,28,61,17,98,86,10,0,8,54,101" hai3="51,83,48,99,4,119,111,34,89,134,76,9,33"/><W5/><G134/><T70/><D132/><U115/><E71/><V12/><F28/><W53/><G111/><T85/><D70/><U31/><E120/><V45/><F0/><W64/><G64/><T41/><D126/><N who="1" m="48747" /><E108/><V6/><F10/><W40/><G40/><T97/><D85/><U131/><E131/><V30/><F30/><W25/><G25/><T49/><D49/><U22/><E42/><V35/><F35/><W66/><G66/><T90/><D90/><N who="1" m="53703" /><E117/><V60/><F67/><W23/><G23/><N who="1" m="8746" /><E31/><V21/><F6/><W130/><G130/><T114/><D118/><U62/><E62/><V56/><F45/><W82/><G119/><T107/><D114/><AGARI ba="1,0" hai="36,39,113,114,115" m="8746,53703,48747" machi="114" ten="30,1000,0" yaku="18,1" doraHai="112" who="1" fromWho="0" sc="239,-13,400,13,21,0,340,0" />
</Scene>
<Scene>
<INIT seed="4,0,0,3,4,88" ten="226,413,21,340" oya="0" hai0="0,116,19,25,7,78,129,44,57,73,42,24,76" hai1="5,130,64,69,21,96,20,28,2,35,123,85,67" hai2="77,17,110,80,1,135,38,112,100,121,59,62,54" hai3="87,104,46,106,79,68,27,95,102,36,51,26,50"/><T72/><D116/><U56/><E123/><V128/><F121/><W127/><G68/><T98/><D129/><U71/><E35/><V23/><F38/><W6/><G36/><T99/><D57/><U43/><E43/><V48/><F110/><W37/><G37/><T65/><D65/><U119/><E119/><V18/><F135/><W70/><G70/><T41/><D7/><U14/><E5/><V63/><F112/><W10/><G127/><T126/><D19/><U108/><E85/><V34/><F1/><W30/><G102/><T117/><D0/><U33/><E96/><V114/><F34/><W8/><G6/><T101/><D101/><U74/><E14/><V93/><F114/><W12/><G12/><T86/><D86/><U16/><E28/><V15/><F128/><W11/><G30/><T58/><D58/><U61/><E74/><V111/><F111/><W82/><G27/><T109/><D109/><U131/><E56/><V124/><F124/><W134/><G26/><T40/><D117/><U9/><E33/><V94/><F100/><W113/><G113/><T107/><BYE who="3" /><D41/><U52/><E108/><V133/><F133/><W105/><G105/><T45/><REACH who="0" step="1"/><D126/><REACH who="0" ten="216,413,21,340" step="2"/><U32/><E131/><V103/><F103/><W31/><G31/><T53/><D53/><U83/><E69/><V55/><F18/><W132/><G132/><T122/><D122/><UN n3="%E5%A4%AA%E3%81%8F%E3%81%AA%E3%81%84%E3%81%8A" /><U49/><E71/><V13/><F13/><W125/><G134/><T22/><D22/><U75/><E21/><V81/><F55/><W92/><G125/><T115/><D115/><U97/><E130/><RYUUKYOKU ba="0,1" sc="216,30,413,-10,21,-10,340,-10" hai0="24,25,40,42,44,45,72,73,76,78,98,99,107" />
</Scene>
<Scene>
<INIT seed="4,1,1,4,5,5" ten="246,403,11,330" oya="0" hai0="21,22,56,87,68,42,112,80,66,8,46,117,23" hai1="60,24,101,82,90,13,130,65,41,37,30,95,118" hai2="79,26,39,59,134,133,70,106,25,76,38,11,114" hai3="32,110,128,107,6,48,67,119,92,125,49,105,28"/><T3/><D117/><U116/><E130/><V97/><F70/><W111/><G119/><T50/><D68/><U2/><E2/><V62/><F114/><W75/><G75/><T83/><D112/><U15/><E41/><V55/><F106/><W91/><G67/><T29/><D29/><U131/><E37/><V53/><F97/><W64/><G64/><T16/><D3/><U77/><E131/><V127/><F59/><W69/><G69/><T14/><D87/><U129/><E129/><V135/><F62/><AGARI ba="1,1" hai="8,14,16,21,22,23,42,46,50,56,62,66,80,83" machi="62" ten="40,7700,0" yaku="8,1,52,1,54,1" doraHai="5" who="0" fromWho="2" sc="246,90,403,0,11,-80,330,0" owari="336,14.0,403,50.0,-69,-57.0,330,-7.0" />
</Scene>
</mjloggm>