<mjloggm ver="2.3"><GO type="169" lobby="0"/><UN n0="%E5%A4%AA%E3%81%8F%E3%81%AA%E3%81%84%E3%81%8A" n1="%4D%4A%E3%81%AE%E6%9C%80%E9%AB%98%E5%B3%B0" n2="%E7%84%A1%E4%BF%AE%E6%AD%A3" n3="%46%43%50%54%4B" dan="17,16,16,16" rate="2158.55,2044.35,2071.35,2144.98" sx="M,M,F,M"/><TAIKYOKU oya="0"/>

<Scene>
<INIT seed="0,0,0,1,4,45" ten="250,250,250,250" oya="0" hai0="92,104,56,112,80,20,68,130,87,101,30,85,69" hai1="25,110,114,33,12,54,95,41,116,66,57,91,49" hai2="126,120,83,70,51,78,35,38,23,60,11,24,55" hai3="100,61,17,72,19,125,16,10,133,98,88,73,81"/><T52/><D112/><U15/><E116/><V32/><F120/><W4/><G125/><T29/><D104/><U5/><E114/><V129/><F38/><W0/><G133/><T21/><D130/><U94/><E110/><V74/><F129/><W102/><G61/><T124/><D124/><U44/><E66/><V58/><F11/><W118/><G118/><T7/><D7/><U121/><E121/><V9/><F9/><W47/><G47/><T75/><D75/><U93/><E5/><V18/><F126/><W79/><REACH who="3" step="1"/><G73/><REACH who="3" ten="250,250,250,240" step="2"/><T108/><D108/><U27/><E91/><V6/><F6/><W40/><G40/><T42/><D42/><U109/><E109/><V89/><F70/><W135/><G135/><T103/><D69/><U77/><E77/><V131/><F131/><W76/><G76/><T50/><D68/><U13/><REACH who="1" step="1"/><E33/><REACH who="1" ten="250,240,250,240" step="2"/><V128/><F128/><W22/><G22/><T39/><D20/><U59/><E59/><V96/><F35/><W105/><G105/><T8/><D21/><U3/><E3/><V97/><F32/><W34/><G34/><T65/><D56/><U123/><E123/><V99/><REACH who="2" step="1"/><F60/><AGARI ba="0,2" hai="12,13,15,25,27,41,44,49,54,57,60,93,94,95" machi="60" ten="40,12000,2" yaku="1,1,8,1,52,1,53,3" doraHai="45" doraHaiUra="90" who="1" fromWho="2" sc="250,0,240,140,250,-120,240,0" />
</Scene>
<Scene>
<INIT seed="1,0,0,1,3,47" ten="250,380,130,240" oya="1" hai0="49,52,126,24,80,84,27,10,8,6,130,101,36" hai1="122,99,77,132,68,57,5,75,98,4,61,102,50" hai2="33,107,103,54,40,9,125,60,79,124,62,37,59" hai3="11,64,110,70,35,97,131,73,106,123,55,32,112"/><U76/><E122/><V31/><F79/><N who="1" m="30281" /><E68/><V41/><F37/><W86/><G112/><T133/><D36/><U26/><E132/><V66/><F9/><W15/><G123/><T71/><D71/><U43/><E26/><V21/><F33/><W82/><G73/><T119/><D119/><U44/><E75/><V81/><F81/><W94/><G106/><T46/><D133/><U128/><E128/><V2/><F2/><W51/><G131/><T7/><D130/><U109/><E109/><V13/><F31/><W104/><G104/><T20/><D101/><U39/><E39/><V117/><F117/><W89/><G110/><T22/><D126/><N who="2" m="48746" /><F103/><W74/><G74/><T90/><D7/><N who="1" m="2635" /><E102/><V25/><F107/><W16/><G70/><T18/><D6/><U120/><E120/><V111/><F111/><W91/><REACH who="3" step="1"/><G64/><AGARI ba="0,0" hai="43,44,50,57,61,64,98,99" m="2635,30281" machi="64" ten="30,2900,0" yaku="8,1,52,1" doraHai="47" who="1" fromWho="3" sc="250,0,380,29,130,0,240,-29" />
</Scene>
<Scene>
<INIT seed="1,1,0,4,3,63" ten="250,409,130,211" oya="1" hai0="128,35,28,34,37,59,6,96,130,50,0,86,124" hai1="134,64,123,117,66,29,45,18,26,94,125,41,89" hai2="13,19,116,10,27,68,1,82,62,135,16,91,20" hai3="40,4,76,55,7,114,53,25,122,44,132,133,71"/><U88/><E117/><V42/><F116/><W8/><G114/><T58/><D37/><U78/><E123/><V48/><F135/><W118/><G122/><T36/><D36/><U102/><E78/><V121/><F121/><W52/><G71/><T107/><D124/><U49/><E134/><N who="3" m="51818" /><G118/><T93/><D107/><U81/><E125/><V24/><F1/><W17/><G76/><T101/><D86/><N who="1" m="50255" /><E29/><V70/><F27/><W21/><G8/><N who="0" m="2119" /><D28/><U2/><E102/><V115/><F115/><W104/><G104/><T119/><D119/><U108/><E108/><V75/><F75/><W112/><G112/><T12/><D12/><U74/><E74/><V97/><F62/><W46/><G46/><T98/><D98/><N who="1" m="57679" /><E2/><V111/><F111/><W73/><G73/><T106/><D106/><U9/><E9/><V87/><F42/><W110/><G110/><T51/><D34/><U67/><E26/><V113/><F48/><AGARI ba="1,0" hai="4,7,17,21,25,40,44,48,52,53,55" m="51818" machi="48" ten="30,2000,0" yaku="20,1,54,1" doraHai="63" who="3" fromWho="2" sc="250,0,409,0,130,-23,211,23" />
</Scene>
<Scene>
<INIT seed="2,0,0,2,3,97" ten="250,409,107,234" oya="2" hai0="92,6,28,30,99,1,25,37,23,125,49,87,12" hai1="16,42,27,134,8,62,89,63,93,66,133,83,53" hai2="113,11,35,81,112,36,85,71,108,55,130,80,129" hai3="46,59,2,94,0,3,4,65,34,15,95,109,106"/><V127/><F71/><W122/><G106/><T76/><D37/><U72/><E42/><V88/><F36/><W22/><G122/><T38/><D38/><U52/><E72/><V21/><F35/><W51/><G34/><T119/><D1/><U100/><E83/><V107/><F107/><W96/><G109/><T5/><D125/><U26/><E26/><V117/><F117/><W90/><G95/><T84/><D119/><U78/><E78/><V126/><F55/><W120/><G120/><T98/><D30/><U104/><E104/><V114/><F11/><W47/><G51/><T111/><D111/><U121/><E121/><V24/><F108/><W67/><G4/><N who="0" m="1643" /><D12/><N who="1" m="7175" /><E27/><V64/><F64/><W61/><REACH who="3" step="1"/><G67/><REACH who="3" ten="250,409,107,224" step="2"/><T17/><D49/><U118/><E118/><V75/><F21/><W14/><G14/><T57/><D92/><U56/><E63/><V86/><F24/><W13/><G13/><T19/><D23/><U32/><E32/><V31/><F31/><W33/><G33/><T44/><D28/><U48/><E48/><V131/><REACH who="2" step="1"/><F75/><REACH who="2" ten="250,409,97,224" step="2"/><W103/><G103/><T54/><D25/><U60/><E100/><V41/><F41/><W50/><G50/><T18/><D54/><U123/><E123/><V116/><F116/><W124/><G124/><T135/><D44/><U132/><E62/><V45/><F45/><W70/><G70/><T110/><D110/><U20/><E20/><V73/><F73/><W69/><G69/><T58/><D58/><U82/><E53/><V115/><N who="2" m="28672" /><DORA hai="74" /><V40/><F40/><W102/><G102/><T43/><D43/><RYUUKYOKU ba="0,2" sc="250,-15,409,-15,97,15,224,15" hai2="80,81,85,86,88,126,127,129,130,131" hai3="0,2,3,15,22,46,47,59,61,65,90,94,96" />
</Scene>
<Scene>
<INIT seed="2,1,2,2,2,21" ten="235,394,112,239" oya="2" hai0="22,116,62,80,68,57,29,84,89,64,118,65,123" hai1="74,20,131,3,72,125,59,41,126,47,130,40,38" hai2="76,24,30,51,69,35,25,43,129,100,106,63,27" hai3="104,34,1,28,53,18,79,66,7,50,73,97,32"/><V70/><F76/><W19/><G66/><T112/><D123/><U44/><E3/><V14/><F14/><W15/><G1/><T58/><D112/><U95/><E95/><V55/><F43/><W39/><G39/><T61/><REACH who="0" step="1"/><D68/><REACH who="0" ten="225,394,112,239" step="2"/><U96/><E131/><V56/><F129/><W4/><G73/><T46/><D46/><U121/><E130/><V128/><F128/><W77/><G34/><T88/><D88/><U36/><E74/><V6/><F70/><W5/><G32/><T37/><D37/><U85/><E72/><V132/><F132/><W12/><G77/><T83/><D83/><U52/><E121/><V60/><F6/><W117/><G79/><T113/><D113/><U54/><E47/><V114/><F114/><W11/><G5/><T31/><D31/><U17/><E44/><V93/><F63/><W90/><G28/><T16/><D16/><U87/><E17/><V105/><F93/><N who="3" m="56503" /><G104/><T45/><D45/><U110/><E38/><V0/><F106/><W94/><G94/><T127/><D127/><U48/><E125/><V75/><F75/><W81/><G81/><T103/><D103/><U82/><E36/><V133/><F133/><W92/><G92/><T120/><D120/><U9/><E82/><V122/><F122/><W91/><G91/><T135/><D135/><U78/><E78/><V99/><REACH who="2" step="1"/><F0/><REACH who="2" ten="225,394,102,239" step="2"/><W115/><G115/><T49/><D49/><U98/><E48/><V10/><F10/><W108/><G4/><T124/><D124/><U23/><E126/><V71/><F71/><W107/><G7/><T86/><D86/><RYUUKYOKU ba="1,4" sc="225,15,394,-15,102,15,239,-15" hai0="22,29,57,58,61,62,64,65,80,84,89,116,118" hai2="24,25,27,30,35,51,55,56,60,69,99,100,105" />
</Scene>
<Scene>
<INIT seed="2,2,4,0,3,35" ten="240,379,117,224" oya="2" hai0="24,86,51,49,125,122,132,100,0,15,2,25,91" hai1="14,52,21,93,39,74,9,45,40,47,112,127,103" hai2="77,22,134,114,92,30,3,55,26,108,128,70,120" hai3="60,50,62,57,82,53,4,71,43,106,32,95,44"/><V133/><F114/><W72/><G106/><T101/><D122/><U76/><E112/><V20/><F120/><W130/><G32/><T34/><D15/><U115/><E115/><V37/><F37/><W10/><G71/><T65/><D65/><U1/><E21/><V89/><F70/><W27/><G27/><T119/><D125/><U98/><E127/><V5/><F77/><N who="3" m="44327" /><G95/><T6/><D6/><N who="1" m="1231" /><E14/><V69/><F69/><W87/><G87/><T68/><D68/><U7/><E7/><V59/><F22/><W84/><G84/><T111/><D111/><U121/><E47/><V102/><F102/><W66/><G66/><T117/><D132/><N who="2" m="50794" /><F108/><W88/><G88/><T64/><D64/><U107/><E52/><V85/><F128/><W33/><G33/><T19/><D34/><U90/><E121/><V16/><F30/><W94/><G94/><T109/><D109/><U99/><E107/><V131/><F131/><W75/><G75/><T36/><D36/><U56/><E56/><V54/><F59/><W58/><G58/><T63/><D100/><U48/><E103/><V17/><F17/><W97/><G97/><T104/><D101/><U124/><E124/><V113/><F113/><W135/><G130/><T46/><D104/><U61/><E61/><V105/><F105/><W31/><G31/><T118/><D63/><U67/><E67/><V38/><F38/><N who="3" m="21623" /><G135/><T23/><D25/><U13/><E48/><N who="0" m="18505" /><D46/><U79/><E74/><V96/><F96/><N who="1" m="36905" /><E13/><V73/><F73/><W129/><G129/><T28/><D28/><U116/><E116/><V11/><AGARI ba="2,4" hai="3,5,11,16,20,26,54,55,85,89,92" m="50794" machi="11" ten="30,11700,0" yaku="5,1,20,1,52,1,54,1" doraHai="35" who="2" fromWho="2" sc="240,-41,379,-41,117,163,224,-41" />
</Scene>
<Scene>
<INIT seed="2,3,0,1,4,30" ten="199,338,280,183" oya="2" hai0="42,98,99,96,103,13,102,37,135,38,70,119,47" hai1="52,22,25,2,75,11,132,116,93,15,125,122,41" hai2="77,57,7,69,53,83,129,24,72,60,87,124,5" hai3="29,97,81,85,113,126,4,19,71,55,118,130,18"/><V35/><F124/><W106/><G118/><T121/><D121/><U10/><E75/><V64/><F129/><W1/><G130/><T63/><D119/><U32/><E116/><V44/><F44/><W105/><G126/><T31/><D135/><U43/><E125/><V58/><F72/><W90/><G71/><T59/><D70/><U127/><E132/><V133/><F133/><W74/><G74/><T117/><D117/><U104/><E104/><V131/><F131/><W84/><G113/><T40/><D13/><U95/><E2/><V65/><F69/><W108/><G108/><T100/><D31/><U51/><E32/><V56/><F56/><W82/><G29/><T76/><D76/><U88/><E95/><V62/><REACH who="2" step="1"/><F53/><REACH who="2" ten="199,338,270,183" step="2"/><W17/><G55/><T68/><D68/><U78/><E127/><V114/><F114/><W80/><G106/><T6/><D47/><U49/><E122/><V66/><F66/><W12/><G105/><T92/><D40/><U115/><E43/><V0/><F0/><W111/><G1/><T21/><D42/><U39/><E115/><V20/><F20/><W23/><G111/><T28/><D21/><U109/><E22/><V112/><F112/><W91/><G23/><T3/><D28/><AGARI ba="3,1" hai="5,7,24,28,35,57,58,60,62,64,65,77,83,87" machi="28" ten="40,7700,0" yaku="1,1,9,1,52,1,53,0" doraHai="30" doraHaiUra="33" who="2" fromWho="0" sc="199,-86,338,0,270,96,183,0" />
</Scene>
<Scene>
<INIT seed="2,4,0,3,2,119" ten="113,338,366,183" oya="2" hai0="59,56,18,47,105,3,107,63,68,33,5,84,128" hai1="99,36,118,112,44,115,88,121,120,22,102,85,66" hai2="17,23,103,57,87,93,12,130,51,37,25,14,46" hai3="109,6,52,61,54,50,114,48,31,39,72,78,86"/><V13/><F130/><W55/><G39/><T4/><D33/><U24/><E66/><V98/><F37/><W20/><G72/><T106/><D128/><U79/><E36/><V82/><F57/><W53/><G6/><T80/><D47/><U96/><E44/><V110/><F110/><W90/><G78/><T74/><D74/><U116/><E79/><V9/><F9/><W83/><G109/><T94/><D94/><N who="1" m="54543" /><E24/><V0/><F0/><W135/><G135/><T29/><D29/><U58/><E58/><V104/><F104/><W129/><G129/><T127/><D127/><U40/><E40/><V7/><F7/><W117/><G117/><N who="1" m="45162" /><E22/><V11/><F11/><W101/><G101/><T62/><D68/><U16/><E16/><V123/><F87/><W43/><G43/><T10/><D5/><U91/><E91/><V65/><F65/><W28/><G114/><N who="1" m="43562" /><E99/><V67/><F67/><W133/><G133/><T64/><D18/><U132/><E132/><V8/><F8/><W81/><G81/><T1/><D1/><U122/><E121/><V75/><F123/><W49/><G20/><T35/><D35/><U41/><E41/><N who="2" m="25039" /><F75/><W30/><G61/><T69/><D63/><U71/><E71/><V76/><F76/><W26/><G26/><T19/><D19/><U73/><E73/><V21/><F21/><W131/><G131/><T95/><D69/><U97/><E97/><V45/><F45/><AGARI ba="4,0" hai="28,30,31,45,48,49,50,52,53,54,55,83,86,90" machi="45" ten="40,2600,0" yaku="8,1,54,1" doraHai="119" who="3" fromWho="2" sc="113,0,338,0,366,-38,183,38" />
</Scene>
<Scene>
<INIT seed="3,0,0,2,5,82" ten="113,338,328,221" oya="3" hai0="49,126,10,30,24,124,101,53,48,29,58,72,91" hai1="18,44,3,56,92,106,51,4,80,115,52,9,75" hai2="119,116,107,28,113,19,88,38,129,130,109,33,78" hai3="20,134,36,84,100,131,16,73,8,47,120,23,123"/><W118/><G118/><T26/><D72/><U67/><E106/><V133/><F38/><W74/><G131/><N who="2" m="50185" /><F107/><W42/><G100/><T104/><D10/><U111/><E115/><V71/><F113/><W70/><G70/><T76/><D76/><U95/><E111/><V65/><F78/><W27/><G134/><T7/><D7/><U85/><E75/><V46/><F46/><W64/><G64/><T57/><D104/><U103/><E103/><V35/><F109/><W22/><G74/><T37/><D37/><U128/><BYE who="0" /><E128/><V121/><F121/><W39/><G73/><T12/><D12/><N who="1" m="7439" /><E3/><V87/><F133/><W55/><G39/><T45/><D45/><UN n0="%E5%A4%AA%E3%81%8F%E3%81%AA%E3%81%84%E3%81%8A" /><U43/><E4/><V41/><F41/><W15/><G123/><T6/><D101/><U11/><E11/><V59/><F71/><W98/><G98/><T79/><D79/><N who="1" m="46239" /><E67/><V132/><F132/><W83/><G120/><T114/><D6/><U122/><E122/><V81/><F19/><W17/><REACH who="3" step="1"/><G55/><REACH who="3" ten="113,338,328,211" step="2"/><T105/><D114/><U94/><E43/><V102/><F102/><W54/><G54/><T135/><D105/><U31/><E44/><V5/><F119/><W14/><G14/><T21/><D135/><U62/><E51/><V66/><F116/><W90/><AGARI ba="0,1" hai="8,15,16,17,20,22,23,27,36,42,47,83,84,90" machi="90" ten="20,12000,1" yaku="1,1,0,1,7,1,52,1,54,1,53,0" doraHai="82" doraHaiUra="96" who="3" fromWho="3" sc="113,-40,338,-40,328,-40,211,130" />
</Scene>
<Scene>
<INIT seed="3,1,0,3,5,23" ten="73,298,288,341" oya="3" hai0="79,99,112,59,128,35,125,39,45,12,84,13,22" hai1="110,49,31,14,57,27,55,76,81,123,34,30,91" hai2="65,106,97,107,90,61,56,32,116,26,44,130,96" hai3="66,33,70,121,15,134,48,69,93,104,117,6,102"/><W101/><G121/><T1/><D35/><U126/><E123/><V53/><F116/><W83/><G33/><T113/><D1/><U40/><E110/><V114/><F114/><N who="0" m="44138" /><D125/><U68/><E68/><V29/><F130/><W41/><G117/><T0/><D0/><U75/><E126/><V109/><F109/><W115/><G115/><T11/><D128/><U9/><E31/><V17/><F17/><W50/><G104/><T51/><D39/><U42/><REACH who="1" step="1"/><E91/><REACH who="1" ten="73,288,288,341" step="2"/><V118/><F118/><W73/><G70/><T133/><D133/><U2/><E2/><V43/><F65/><W88/><G66/><T54/><D79/><U58/><E58/><V127/><F127/><W24/><G69/><T60/><D59/><U105/><E105/><V87/><F106/><W132/><G132/><T67/><D67/><U85/><E85/><V100/><F107/><W129/><G134/><T37/><D84/><U77/><E77/><V4/><F100/><W122/><G101/><T71/><D71/><U7/><AGARI ba="1,1" hai="7,9,14,27,30,34,40,42,49,55,57,75,76,81" machi="7" ten="20,5200,0" yaku="1,1,0,1,7,1,52,1,53,0" doraHai="23" doraHaiUra="103" who="1" fromWho="1" sc="73,-14,288,65,288,-14,341,-27" />
</Scene>
<Scene>
<INIT seed="4,0,0,0,2,93" ten="59,353,274,314" oya="0" hai0="131,135,112,125,113,48,107,101,111,115,0,123,16" hai1="108,46,132,57,75,11,43,17,127,58,133,92,71" hai2="9,72,14,20,38,106,54,4,61,27,119,100,47" hai3="15,25,102,82,23,19,44,66,87,60,50,81,80"/><T52/><D123/><U7/><E75/><V64/><F72/><W22/><G102/><T33/><D0/><U24/><E71/><V105/><F119/><W6/><G6/><T8/><D33/><U42/><E108/><V130/><F130/><W70/><G87/><T30/><D30/><U67/><E127/><V41/><F54/><W128/><G128/><T83/><D131/><U21/><E43/><V91/><F91/><W116/><G116/><T2/><D125/><U94/><E132/><V1/><F1/><W95/><G95/><T114/><N who="0" m="28672" /><DORA hai="63" /><T5/><D135/><U76/><E76/><V62/><F62/><W120/><G120/><T32/><D32/><U88/><E94/><V55/><F55/><W45/><REACH who="3" step="1"/><G50/><REACH who="3" ten="59,353,274,304" step="2"/><T110/><D83/><U103/><E103/><V40/><F100/><W53/><G53/><T122/><D122/><U56/><E133/><V129/><F129/><W124/><G124/><T29/><D29/><AGARI ba="0,1" hai="15,19,22,23,25,29,44,45,60,66,70,80,81,82" machi="29" ten="40,2600,0" yaku="1,1,52,1,53,0" doraHai="93,63" doraHaiUra="98,99" who="3" fromWho="0" sc="59,-26,353,0,274,0,304,36" />
</Scene>
<Scene>
<INIT seed="5,0,0,3,4,133" ten="33,353,274,340" oya="1" hai0="114,90,58,134,21,33,112,29,10,6,22,84,83" hai1="75,18,9,8,1,92,42,99,49,135,103,126,35" hai2="3,17,131,109,105,39,15,51,34,125,96,97,76" hai3="77,69,63,98,32,13,130,5,47,128,65,119,108"/><U117/><E117/><V28/><F39/><W50/><G108/><T37/><D37/><U59/><E75/><V43/><F3/><W95/><G119/><T26/><D134/><U78/><E135/><V56/><F109/><W20/><G32/><T86/><D58/><U85/><E35/><V36/><F36/><W54/><G77/><T124/><D84/><U94/><E1/><V52/><F105/><W110/><G110/><T73/><D73/><U111/><E111/><V79/><F28/><W62/><G62/><T93/><D83/><N who="1" m="47351" /><E126/><V68/><F68/><W129/><G20/><T4/><D4/><U104/><E104/><V16/><F125/><W40/><G40/><T38/><D38/><U67/><E18/><V81/><F34/><W89/><G5/><T64/><D64/><U88/><E42/><V82/><F131/><W113/><REACH who="3" step="1"/><G13/><REACH who="3" ten="33,353,274,330" step="2"/><T44/><D124/><U25/><E25/><V41/><F41/><W30/><G30/><T66/><D66/><U80/><E9/><N who="2" m="6255" /><F43/><W87/><G87/><T91/><D33/><U132/><E8/><V115/><F79/><W11/><G11/><T70/><D22/><U23/><E23/><V100/><F76/><W48/><G48/><T74/><D74/><U127/><E127/><V116/><F116/><W2/><G2/><T120/><D10/><U61/><E132/><V31/><F31/><W27/><G27/><T101/><D6/><U122/><E49/><V53/><F17/><W102/><G102/><T106/><D101/><U55/><E103/><V123/><F51/><W24/><G24/><T46/><D26/><RYUUKYOKU ba="0,1" sc="33,-10,353,-10,274,-10,330,30" hai3="47,50,54,63,65,69,89,95,98,113,128,129,130" />
</Scene>
<Scene>
<INIT seed="6,1,1,5,5,116" ten="23,343,264,360" oya="2" hai0="72,13,53,121,112,119,2,5,60,77,107,94,114" hai1="41,32,117,12,104,57,54,47,135,22,90,35,70" hai2="59,73,126,33,96,56,48,29,40,21,67,6,42" hai3="49,11,105,66,128,0,88,8,92,38,34,39,93"/><V37/><F73/><W118/><G118/><T111/><D13/><U83/><E70/><V7/><F33/><W124/><G105/><T80/><D53/><U69/><E69/><V43/><F96/><W71/><G34/><T65/><D119/><U133/><E104/><V109/><F109/><W120/><G120/><T4/><D111/><U95/><E83/><V100/><F100/><W86/><G124/><T16/><D94/><U101/><E101/><V87/><F37/><W14/><G0/><T99/><D16/><N who="1" m="10503" /><E117/><V102/><F102/><W113/><G11/><T18/><D18/><U52/><E54/><N who="2" m="31815" /><F87/><W36/><G71/><T115/><D99/><N who="1" m="57847" /><E47/><V50/><F126/><W127/><G127/><T131/><D107/><U24/><E41/><V1/><F1/><W130/><G66/><T79/><D79/><U110/><E24/><N who="2" m="16527" /><F50/><W68/><G68/><N who="0" m="42023" /><D131/><N who="3" m="50217" /><G49/><T31/><D31/><U84/><E84/><V123/><F123/><W28/><G28/><T76/><D76/><U103/><E103/><V74/><F74/><W25/><G25/><T20/><D20/><U55/><E55/><V134/><F134/><N who="1" m="51209" /><E110/><V26/><F26/><W3/><G3/><T75/><D75/><U64/><E64/><V89/><F89/><W63/><G63/><AGARI ba="1,1" hai="32,35,52,57,63" m="51209,57847,10503" machi="63" ten="30,3900,0" yaku="20,1,54,2" doraHai="116" who="1" fromWho="3" sc="23,0,343,52,264,0,360,-42" /><AGARI ba="1,0" hai="6,7,40,42,43,59,63,67" m="16527,31815" machi="63" ten="30,1500,0" yaku="8,1" doraHai="116" who="2" fromWho="3" sc="23,0,395,0,264,15,318,-15" />
</Scene>
<Scene>
<INIT seed="6,2,0,0,5,42" ten="23,395,279,303" oya="2" hai0="128,99,77,72,87,33,26,39,93,48,25,59,109" hai1="76,16,11,57,108,106,116,4,111,13,132,17,78" hai2="74,122,35,64,31,32,70,75,98,8,24,6,50" hai3="46,126,43,37,115,18,119,20,5,127,123,135,91"/><V110/><F122/><W95/><G119/><T29/><D39/><U7/><E106/><V84/><F110/><W105/><G123/><T131/><D109/><U30/><E116/><V56/><F70/><W102/><G5/><T61/><D72/><U55/><E111/><V83/><F35/><W124/><G105/><T71/><D71/><U22/><E108/><V65/><F98/><W101/><G135/><T1/><D1/><U47/><E30/><V120/><F120/><W118/><G118/><T81/><D25/><N who="1" m="14535" /><E47/><V86/><F86/><N who="3" m="52727" /><G115/><T113/><D113/><U63/><E132/><V133/><F133/><W41/><G41/><T12/><D12/><AGARI ba="2,0" hai="12,18,20,37,43,46,101,102,124,126,127" m="52727" machi="12" ten="30,2000,0" yaku="18,1,52,1" doraHai="42" who="3" fromWho="0" sc="23,-26,395,0,279,0,303,26" owari="-3,-50.0,395,49.0,279,-12.0,329,13.0" />
</Scene>
</mjloggm>