<mjloggm ver="2.3"><GO type="169" lobby="0"/><UN n0="%E3%81%9F%E3%82%93%E3%81%AB%E3%82%83%E3%81%8A%EF%BC%81" n1="%E5%B7%9D%E6%9D%91%E6%99%83%E8%A3%95%EF%BC%88%E4%B8%A1%E6%96%B9%EF%BC%89" n2="%43%52%41%5A%59%42%45%45" n3="%E5%A4%AA%E3%81%8F%E3%81%AA%E3%81%84%E3%81%8A" dan="16,16,17,17" rate="2058.70,2066.55,2108.01,2212.25" sx="M,M,M,M"/><TAIKYOKU oya="0"/>

<Scene>
<INIT seed="0,0,0,0,0,104" ten="250,250,250,250" oya="0" hai0="0,73,110,8,33,32,20,71,114,75,48,128,40" hai1="106,102,113,126,84,7,46,27,2,5,91,65,45" hai2="55,99,64,129,94,49,6,60,130,24,108,21,25" hai3="97,57,101,53,89,39,107,38,95,35,119,11,68"/><T134/><D114/><U74/><E113/><V1/><F108/><W69/><G119/><T116/><D116/><U42/><E74/><V109/><F109/><W41/><G35/><T34/><D110/><U23/><E65/><V17/><F6/><W15/><G68/><T85/><D71/><U93/><E126/><V10/><F10/><W14/><G69/><T18/><D134/><U76/><E76/><V82/><F82/><W77/><G77/><T51/><D128/><N who="2" m="49258" /><F1/><W96/><G41/><T103/><D103/><U98/><E2/><V4/><F4/><W16/><REACH who="3" step="1"/><G15/><REACH who="3" ten="250,250,250,240" step="2"/><T44/><D40/><U81/><E42/><V63/><F25/><W59/><G59/><T112/><D112/><U31/><E46/><N who="2" m="28087" /><F64/><W125/><G125/><T131/><D131/><U66/><E66/><V26/><F24/><W61/><AGARI ba="0,1" hai="11,14,16,38,39,53,57,61,89,95,96,97,101,107" machi="61" ten="20,5200,0" yaku="1,1,0,1,7,1,54,1,53,0" doraHai="104" doraHaiUra="28" who="3" fromWho="3" sc="250,-26,250,-13,250,-13,240,62" />
</Scene>
<Scene>
<INIT seed="1,0,0,4,2,124" ten="224,237,237,302" oya="1" hai0="123,46,127,80,57,104,120,99,48,13,42,37,107" hai1="15,113,60,5,112,132,103,125,82,0,114,92,22" hai2="36,45,8,118,3,106,135,122,56,95,55,115,84" hai3="76,109,33,134,6,121,126,131,101,67,51,111,4"/><U94/><E125/><V73/><F118/><W98/><G126/><T130/><D127/><U81/><E132/><V18/><F122/><N who="0" m="46634" /><D80/><U25/><E0/><V69/><F106/><W71/><G121/><T88/><D13/><U85/><E60/><V62/><F73/><W43/><G33/><T83/><D130/><U74/><E74/><V68/><F135/><W27/><G27/><T65/><D37/><U64/><E82/><V72/><F72/><W24/><G24/><T23/><D23/><U39/><E15/><V21/><F115/><W10/><G76/><T89/><D83/><U34/><E39/><V9/><F3/><W97/><G97/><T31/><D31/><N who="1" m="17847" /><E34/><V105/><F105/><N who="0" m="40522" /><D99/><N who="1" m="59879" /><E114/><V47/><F36/><W19/><G134/><T91/><D57/><U54/><E81/><V40/><F68/><W86/><G71/><T38/><D38/><U100/><E113/><V108/><F69/><W53/><G86/><T63/><D63/><U119/><E85/><V29/><F84/><W79/><G79/><T52/><D65/><U44/><E64/><V30/><F62/><W1/><G67/><T49/><D91/><U20/><E112/><V66/><F66/><W16/><G1/><T41/><D41/><U32/><E32/><V35/><F40/><W87/><G43/><T17/><D17/><N who="3" m="6729" /><G87/><T11/><D11/><U129/><E129/><V78/><F35/><W93/><G131/><T75/><D75/><U61/><E61/><V96/><F9/><W14/><G6/><T128/><D128/><U50/><E5/><V58/><F8/><W26/><G26/><RYUUKYOKU ba="0,0" sc="224,15,237,-15,237,-15,302,15" hai0="42,46,48,49,52,88,89" hai3="4,10,14,51,53,93,98,101,109,111" />
</Scene>
<Scene>
<INIT seed="2,1,0,4,4,44" ten="239,222,222,317" oya="2" hai0="113,6,104,131,62,118,60,37,1,7,135,24,68" hai1="108,132,49,14,85,53,65,69,119,33,2,103,98" hai2="123,9,5,88,41,57,124,55,43,11,129,52,110" hai3="26,95,39,29,28,82,109,101,46,23,106,115,77"/><V27/><F123/><W36/><G106/><T64/><D113/><U102/><E2/><V17/><F124/><W114/><G109/><T22/><D104/><U79/><E119/><V93/><F129/><W21/><G101/><T15/><D37/><U38/><E38/><V42/><F110/><W133/><G95/><T16/><D118/><U58/><E33/><V0/><F57/><W116/><G116/><T47/><D131/><U61/><E108/><V130/><F130/><W73/><G133/><T112/><D112/><N who="3" m="43049" /><G46/><T134/><D1/><U117/><E117/><V91/><F91/><W99/><G99/><T72/><D72/><U12/><E132/><N who="0" m="50729" /><D62/><U128/><E128/><V66/><F66/><W126/><G126/><T81/><D81/><U10/><E98/><V48/><F48/><W30/><G23/><N who="0" m="11679" /><D47/><U100/><REACH who="1" step="1"/><E10/><REACH who="1" ten="239,212,222,317" step="2"/><V67/><F11/><W56/><G39/><T90/><D90/><U20/><E20/><V92/><F88/><W71/><G36/><T13/><D13/><U96/><E96/><V40/><F9/><W32/><G32/><T111/><D111/><U94/><E94/><V121/><F93/><W105/><G105/><T45/><D45/><U34/><E34/><V74/><F92/><W19/><G21/><T120/><D120/><U31/><E31/><AGARI ba="1,1" hai="6,7,22,24,31,60,64,68" m="11679,50729" machi="31" ten="30,2000,0" yaku="20,1,54,1" doraHai="44" who="0" fromWho="1" sc="239,33,212,-23,222,0,317,0" />
</Scene>
<Scene>
<INIT seed="3,0,0,1,1,28" ten="272,189,222,317" oya="3" hai0="49,120,135,123,74,3,42,97,44,54,29,82,110" hai1="111,48,38,12,85,39,67,19,128,43,40,33,10" hai2="132,121,81,1,126,119,92,113,58,73,26,117,25" hai3="52,47,107,57,69,100,101,78,24,66,131,108,0"/><W63/><G0/><T94/><D3/><U14/><E111/><V64/><F113/><W59/><G108/><T124/><D110/><U105/><E105/><V84/><F1/><W22/><G131/><T55/><D135/><U96/><E128/><V133/><F73/><W72/><G72/><T9/><D124/><U99/><E67/><V77/><F126/><W76/><G47/><T95/><D9/><U116/><E116/><N who="2" m="44619" /><F92/><W34/><G34/><T102/><D29/><U70/><E70/><V91/><F77/><N who="3" m="29803" /><G69/><T125/><D82/><U11/><E85/><V83/><F81/><W16/><G107/><T104/><D74/><U15/><E15/><V130/><F121/><W8/><G8/><T45/><D125/><U129/><E129/><V21/><F21/><W62/><AGARI ba="0,0" hai="16,22,24,52,57,59,62,63,66,100,101" m="29803" machi="62" ten="30,6000,0" yaku="8,1,54,2" doraHai="28" who="3" fromWho="3" sc="272,-20,189,-20,222,-20,317,60" />
</Scene>
<Scene>
<INIT seed="3,1,0,1,3,114" ten="252,169,202,377" oya="3" hai0="11,84,16,133,0,57,68,80,70,20,108,37,112" hai1="54,79,43,31,19,29,36,1,4,58,75,67,96" hai2="24,110,46,48,135,93,120,45,105,61,102,52,66" hai3="82,111,22,117,129,38,115,7,59,30,116,25,83"/><W128/><G38/><T103/><D112/><U134/><E67/><V73/><F105/><W63/><G115/><T91/><D37/><U99/><E19/><V119/><F119/><N who="3" m="45643" /><G7/><T131/><D108/><U64/><E64/><V127/><F110/><W55/><G111/><T9/><D131/><AGARI ba="1,0" hai="22,25,30,55,59,63,82,83,128,129,131" m="45643" machi="131" ten="30,11600,0" yaku="19,1,52,3" doraHai="114" who="3" fromWho="0" sc="252,-119,169,0,202,0,377,119" />
</Scene>
<Scene>
<INIT seed="3,2,0,0,2,52" ten="133,169,202,496" oya="3" hai0="27,35,41,115,49,109,13,39,105,116,62,101,95" hai1="51,133,70,64,112,72,73,22,108,45,18,28,67" hai2="23,46,66,102,120,59,76,75,104,106,57,94,65" hai3="107,32,82,34,36,25,96,129,50,9,61,74,6"/><W48/><G36/><T19/><D105/><U55/><E112/><V10/><F75/><W53/><G129/><T17/><D39/><U15/><E133/><V38/><F38/><W63/><G74/><T71/><D115/><U8/><E108/><V126/><F76/><W7/><G82/><T81/><D109/><U110/><E110/><V132/><F132/><W117/><G117/><T125/><D125/><U118/><E118/><V83/><F83/><W98/><G107/><T58/><D81/><U121/><E121/><V90/><F104/><W97/><G25/><T130/><D130/><U12/><E28/><V79/><F79/><W69/><G69/><T124/><D124/><U14/><E14/><V119/><F119/><W31/><G31/><T30/><D71/><U128/><E128/><V87/><F126/><W85/><G85/><T135/><D135/><U77/><E77/><V114/><F114/><W86/><G86/><T127/><D127/><U78/><E78/><V122/><F46/><W60/><G50/><T88/><D101/><U68/><E70/><V16/><F10/><W84/><G84/><T92/><D92/><U123/><E123/><N who="2" m="47147" /><F102/><W134/><G134/><T40/><D116/><U91/><E91/><V47/><F47/><W111/><G111/><T0/><D0/><U4/><E68/><V100/><F100/><W44/><REACH who="3" step="1"/><G7/><REACH who="3" ten="133,169,202,486" step="2"/><T54/><D49/><U103/><E72/><V2/><F106/><W89/><G89/><T24/><D24/><U20/><E73/><V21/><F90/><W56/><G56/><T43/><D13/><AGARI ba="2,1" hai="6,9,13,32,34,44,48,53,60,61,63,96,97,98" machi="13" ten="40,2000,0" yaku="1,1,53,0" doraHai="52" doraHaiUra="37" who="3" fromWho="0" sc="133,-26,169,0,202,0,486,36" />
</Scene>
<Scene>
<INIT seed="3,3,0,1,5,127" ten="107,169,202,522" oya="3" hai0="115,133,83,89,72,113,41,99,25,84,71,101,91" hai1="70,16,3,0,96,46,34,15,87,2,130,94,111" hai2="63,43,124,90,54,30,135,31,109,98,59,26,75" hai3="106,39,108,60,107,126,12,13,55,123,19,7,64"/><W129/><G39/><T85/><D71/><U61/><E34/><V6/><F75/><W37/><G37/><T8/><D41/><U79/><E111/><V20/><F124/><W35/><G35/><T5/><D25/><U44/><E130/><V49/><F109/><W42/><G42/><T17/><D17/><U76/><E61/><V78/><F78/><W114/><G55/><T73/><D8/><U47/><E87/><V93/><F135/><W38/><G38/><T51/><D51/><U121/><E70/><V92/><F6/><W27/><G27/><T11/><D11/><U4/><E4/><V57/><F93/><W28/><G28/><T66/><D66/><U65/><E65/><N who="2" m="39151" /><F43/><W88/><G129/><T132/><D5/><U100/><REACH who="1" step="1"/><E121/><REACH who="1" ten="107,159,202,522" step="2"/><V128/><F128/><W103/><G123/><T14/><D72/><U134/><E134/><N who="0" m="51817" /><D73/><U102/><E102/><V50/><F50/><W48/><G103/><T105/><D14/><U82/><E82/><AGARI ba="3,1" hai="82,83,84,85,89,91,99,101,105,113,115" m="51817" machi="82" ten="30,3900,0" yaku="20,1,34,2" doraHai="127" who="0" fromWho="1" sc="107,58,159,-48,202,0,522,0" />
</Scene>
<Scene>
<INIT seed="4,0,0,0,4,27" ten="165,111,202,522" oya="0" hai0="17,95,49,99,44,15,98,50,56,53,60,130,43" hai1="30,40,28,123,32,116,25,13,57,119,81,127,124" hai2="84,70,4,20,9,125,1,115,39,106,18,11,45" hai3="58,108,7,46,79,87,114,34,72,55,102,82,89"/><T131/><D49/><U33/><E40/><V94/><F106/><W5/><G108/><T128/><REACH who="0" step="1"/><D95/><REACH who="0" ten="155,111,202,522" step="2"/><U75/><E123/><V0/><F94/><W126/><G114/><T14/><D14/><U117/><E13/><V90/><F115/><W3/><G3/><T36/><D36/><U64/><E81/><V26/><F39/><W93/><G126/><N who="1" m="48170" /><E75/><V74/><F74/><W52/><G72/><T88/><D88/><U112/><E112/><V104/><F90/><W85/><G89/><T110/><D110/><U92/><E92/><V41/><F125/><W101/><G93/><T59/><D59/><U96/><E96/><V83/><F83/><W118/><G58/><T78/><D78/><U10/><E25/><V68/><F26/><W6/><G79/><T54/><D54/><U100/><E100/><V22/><F0/><W113/><G113/><T21/><AGARI ba="0,1" hai="15,17,21,43,44,50,53,56,60,98,99,128,130,131" machi="21" ten="30,6000,0" yaku="1,1,0,1,19,1,53,0" doraHai="27" doraHaiUra="63" who="0" fromWho="0" sc="155,70,111,-20,202,-20,522,-20" />
</Scene>
<Scene>
<INIT seed="4,1,0,1,2,8" ten="225,91,182,502" oya="0" hai0="19,62,103,26,114,31,6,94,127,85,49,22,101" hai1="18,7,21,83,47,64,41,128,77,87,53,12,72" hai2="67,102,112,134,45,40,11,23,88,71,119,135,59" hai3="58,86,78,95,2,81,3,91,120,42,0,123,108"/><T133/><D114/><U28/><E128/><V121/><F71/><W55/><G42/><T109/><D133/><N who="2" m="50698" /><F121/><N who="3" m="46667" /><G108/><T116/><D116/><U69/><E7/><V13/><F112/><W97/><G3/><T105/><D105/><U15/><E28/><V5/><F102/><W110/><G110/><T75/><D75/><U73/><E53/><V17/><F119/><W54/><G54/><T118/><D118/><U48/><REACH who="1" step="1"/><E15/><REACH who="1" ten="225,81,182,502" step="2"/><N who="2" m="9663" /><F67/><W30/><G30/><T107/><D6/><U84/><E84/><V70/><F70/><W122/><G122/><T90/><D31/><U60/><AGARI ba="1,1" hai="12,18,21,41,47,48,60,64,69,72,73,77,83,87" machi="60" ten="30,7900,0" yaku="1,1,0,1,52,1,53,1" doraHai="8" doraHaiUra="65" who="1" fromWho="1" sc="225,-40,81,92,182,-21,502,-21" />
</Scene>
<Scene>
<INIT seed="5,0,0,2,2,37" ten="185,173,161,481" oya="1" hai0="92,65,98,46,110,124,63,82,28,87,68,20,109" hai1="117,114,80,9,91,43,101,93,127,78,54,97,71" hai2="129,103,25,6,15,45,107,36,16,62,39,132,84" hai3="2,122,73,21,70,48,31,3,135,49,128,115,27"/><U10/><E117/><V134/><F129/><W106/><G73/><T32/><D32/><U22/><E71/><V89/><F6/><W104/><G122/><T130/><D130/><U23/><E114/><V95/><F25/><W123/><G123/><T118/><D124/><U7/><E127/><V17/><F62/><W0/><G128/><T108/><D118/><U111/><E111/><V64/><F64/><W121/><G121/><T113/><D113/><U61/><E43/><N who="2" m="22759" /><F39/><W58/><G70/><T83/><D46/><U120/><E120/><V51/><F51/><W72/><G115/><T40/><D40/><U19/><E91/><V112/><F15/><W57/><G72/><T60/><D60/><U33/><E33/><V66/><F66/><W99/><G135/><N who="2" m="51753" /><F112/><W47/><G49/><T59/><D68/><U100/><E7/><V41/><F41/><W102/><REACH who="3" step="1"/><G106/><REACH who="3" ten="185,173,161,471" step="2"/><T44/><D109/><U11/><E61/><V85/><F85/><W67/><G67/><T126/><D87/><U35/><E54/><AGARI ba="0,1" hai="0,2,3,21,27,31,47,48,54,57,58,99,102,104" machi="54" ten="40,1300,0" yaku="1,1,53,0" doraHai="37" doraHaiUra="133" who="3" fromWho="1" sc="185,0,173,-13,161,0,471,23" />
</Scene>
<Scene>
<INIT seed="6,0,0,1,0,64" ten="185,160,161,494" oya="2" hai0="44,104,31,37,33,65,5,78,100,90,111,46,41" hai1="82,51,117,133,17,11,58,30,42,81,123,101,12" hai2="45,109,112,88,50,34,21,119,24,32,59,77,91" hai3="4,16,102,10,87,6,25,128,114,15,116,134,99"/><V121/><F121/><W48/><G116/><T107/><D111/><U49/><E117/><V95/><F119/><W79/><G128/><T72/><D5/><U63/><E133/><V18/><F109/><W54/><G134/><T2/><D2/><U126/><E126/><V27/><F77/><W53/><G114/><T8/><D8/><U110/><E110/><V62/><F112/><W13/><G25/><T131/><D90/><U93/><E123/><V57/><F91/><W80/><G48/><N who="1" m="18506" /><E30/><V20/><F62/><W3/><G3/><T76/><D46/><U132/><E42/><N who="2" m="24887" /><F32/><W35/><G35/><T86/><D72/><U29/><E29/><N who="2" m="17551" /><F34/><W52/><REACH who="3" step="1"/><G15/><REACH who="3" ten="185,160,161,484" step="2"/><T55/><D33/><U108/><E132/><V1/><F1/><W106/><AGARI ba="0,1" hai="4,6,10,13,16,52,53,54,79,80,87,99,102,106" machi="106" ten="30,12000,2" yaku="1,1,2,1,0,1,54,2,53,2" doraHai="64" doraHaiUra="0" who="3" fromWho="3" sc="185,-30,160,-30,161,-60,484,130" />
</Scene>
<Scene>
<INIT seed="7,0,0,2,0,37" ten="155,130,101,614" oya="3" hai0="113,23,109,75,98,39,8,78,104,123,30,84,2" hai1="124,12,66,134,43,52,10,61,131,69,60,97,26" hai2="45,86,106,93,20,40,127,58,72,57,112,120,6" hai3="42,13,117,62,25,99,130,49,102,76,87,101,24"/><W56/><G117/><T71/><D109/><U51/><E124/><V132/><F106/><W44/><G130/><T88/><D123/><U38/><E131/><V33/><F33/><W53/><G13/><T111/><D111/><U4/><E134/><V108/><F108/><W129/><G129/><T46/><D71/><U22/><E61/><V59/><F72/><W18/><G18/><T103/><D23/><U133/><E133/><V74/><F74/><W29/><G29/><T90/><D30/><U54/><E38/><V89/><F132/><W96/><G76/><T28/><D84/><U92/><E43/><V100/><F127/><W121/><G87/><T64/><D64/><U35/><E51/><N who="2" m="27047" /><F112/><W79/><G79/><T114/><D39/><U70/><E70/><V77/><F120/><W83/><G83/><N who="0" m="45535" /><D46/><U47/><E47/><V5/><F77/><W73/><G73/><T9/><D28/><U125/><E35/><V17/><F100/><N who="3" m="38507" /><G121/><T0/><D0/><U80/><E125/><V116/><F116/><W126/><G126/><T16/><D2/><U110/><E110/><V11/><F11/><W105/><G105/><T115/><D8/><U50/><E22/><V122/><F122/><W36/><G36/><T32/><D32/><U65/><E26/><AGARI ba="0,0" hai="5,6,17,20,26,57,58,59,86,89,93" m="27047" machi="26" ten="30,2000,0" yaku="8,1,52,1" doraHai="37" who="2" fromWho="1" sc="155,0,130,-20,101,20,614,0" /><AGARI ba="0,0" hai="24,25,26,42,44,49,53,56,62,96,99" m="38507" machi="26" ten="30,2900,0" yaku="8,1,52,1" doraHai="37" who="3" fromWho="1" sc="155,0,110,-29,121,0,614,29" owari="155,-4.0,81,-42.0,121,-28.0,643,74.0" />
</Scene>
</mjloggm>