<mjloggm ver="2.3"><GO type="169" lobby="0"/><UN n0="%E5%A4%AA%E3%81%8F%E3%81%AA%E3%81%84%E3%81%8A" n1="%E3%81%82%E3%81%B2%E3%82%8B%E3%81%95%E3%82%93" n2="%E4%B8%AD%E6%9D%91%E8%B1%AA" n3="%74%61%72%6F%6F" dan="17,16,16,18" rate="2154.79,2055.57,2144.00,2188.07" sx="M,M,M,M"/><TAIKYOKU oya="0"/>

<Scene>
<INIT seed="0,0,0,5,0,83" ten="250,250,250,250" oya="0" hai0="18,43,100,77,20,25,4,24,90,94,74,40,45" hai1="29,32,30,3,61,101,7,42,118,48,126,34,31" hai2="80,122,67,11,87,2,110,82,0,59,6,78,81" hai3="70,115,13,123,68,97,103,98,57,8,41,56,19"/><T86/><D4/><U93/><E118/><V55/><F122/><W36/><G115/><T63/><D100/><U10/><E126/><V73/><F110/><W79/><G123/><T26/><D63/><U107/><E107/><V120/><F120/><W112/><G112/><T88/><D90/><U121/><E121/><V127/><F127/><W50/><G36/><T66/><D66/><U85/><E101/><V130/><F130/><W35/><G35/><T39/><REACH who="0" step="1"/><D43/><REACH who="0" ten="240,250,250,250" step="2"/><U58/><E42/><V104/><F67/><W51/><G41/><T17/><D17/><U33/><E61/><V131/><F131/><W12/><G103/><T117/><D117/><U114/><E114/><V71/><F6/><W76/><G19/><T65/><D65/><U132/><E132/><V135/><F135/><W22/><G8/><T124/><D124/><U28/><E28/><V95/><F11/><W133/><G133/><T23/><D23/><AGARI ba="0,1" hai="12,13,22,23,50,51,56,57,68,70,76,79,97,98" machi="23" ten="25,1600,0" yaku="22,2" doraHai="83" who="3" fromWho="0" sc="240,-16,250,0,250,0,250,26" />
</Scene>
<Scene>
<INIT seed="1,0,0,4,1,125" ten="224,250,250,276" oya="1" hai0="107,96,37,80,0,11,50,75,127,102,98,64,116" hai1="90,20,106,121,3,31,77,69,54,1,17,53,52" hai2="8,49,86,72,39,38,6,41,29,108,130,42,57" hai3="79,68,59,44,73,103,129,114,10,22,82,70,61"/><U25/><E121/><V74/><F29/><W26/><G114/><T34/><D116/><U23/><E69/><V46/><F108/><W12/><G103/><T13/><D127/><U47/><E106/><V110/><F110/><W58/><G44/><T101/><D37/><U35/><E77/><V93/><F130/><W15/><G129/><T92/><D34/><U117/><E117/><V62/><F93/><W43/><G43/><T28/><D28/><U51/><E90/><V16/><F86/><W30/><G59/><T97/><D0/><U134/><E134/><V76/><F16/><W85/><G73/><T119/><D119/><U118/><E118/><V87/><F42/><W33/><G15/><T83/><D75/><N who="2" m="28714" /><F62/><W45/><G45/><T111/><D111/><U48/><E35/><V18/><F18/><W115/><G115/><T24/><D24/><U105/><E105/><V132/><F57/><W95/><G95/><T122/><D97/><U5/><E51/><V133/><F87/><W67/><REACH who="3" step="1"/><G33/><REACH who="3" ten="224,250,250,266" step="2"/><T128/><D128/><U126/><E126/><V9/><F41/><W56/><G56/><T2/><D101/><U135/><E135/><V89/><F46/><W94/><G94/><T109/><D109/><U21/><E1/><V66/><F132/><W4/><AGARI ba="0,1" hai="4,10,12,22,26,30,58,61,67,68,70,79,82,85" machi="4" ten="20,2700,0" yaku="1,1,0,1,7,1,53,0" doraHai="125" doraHaiUra="120" who="3" fromWho="3" sc="224,-7,250,-13,250,-7,266,37" />
</Scene>
<Scene>
<INIT seed="2,0,0,2,1,32" ten="217,237,243,303" oya="2" hai0="75,102,93,112,80,61,85,24,67,72,7,117,129" hai1="38,18,96,88,105,94,125,51,130,41,42,128,111" hai2="59,89,133,33,81,119,50,52,3,63,20,68,131" hai3="113,37,39,127,122,11,123,54,97,29,36,22,91"/><V21/><F33/><W31/><G127/><T58/><D112/><U1/><E38/><V103/><F119/><W92/><G113/><T70/><D117/><U84/><E111/><V74/><F103/><W77/><G77/><T6/><D129/><U47/><E41/><V71/><F131/><N who="1" m="50217" /><E125/><V110/><F133/><W43/><G43/><T30/><D70/><U60/><E60/><V35/><F35/><W83/><G83/><T45/><D45/><U116/><E116/><V25/><F110/><W106/><G106/><T16/><D72/><U115/><E115/><V76/><F3/><W12/><G54/><T104/><D104/><U40/><E40/><V44/><F89/><W64/><G64/><T49/><D49/><U132/><E132/><V118/><F118/><W98/><G98/><N who="0" m="59727" /><D30/><U57/><E57/><V135/><F135/><W87/><G97/><T4/><D75/><U19/><E1/><V46/><F46/><W23/><G29/><T73/><D73/><U126/><E126/><V0/><F0/><W14/><G31/><T90/><D4/><U26/><E26/><V99/><F99/><W134/><G134/><T82/><D82/><N who="1" m="49175" /><E105/><V65/><REACH who="2" step="1"/><F21/><AGARI ba="0,0" hai="6,7,16,21,24,58,61,67,80,85,90" m="59727" machi="21" ten="30,2000,0" yaku="8,1,54,1" doraHai="32" who="0" fromWho="2" sc="217,20,237,0,243,-20,303,0" />
</Scene>
<Scene>
<INIT seed="3,0,0,3,1,65" ten="237,237,223,303" oya="3" hai0="50,78,104,73,12,38,120,59,89,23,26,99,70" hai1="132,95,34,131,96,93,37,134,116,47,36,16,31" hai2="53,24,98,32,45,1,127,30,14,2,119,97,82" hai3="105,11,51,76,92,6,125,123,106,126,101,87,108"/><W84/><G123/><T0/><D0/><U3/><E3/><V10/><F119/><W42/><G108/><T118/><D38/><U48/><E95/><V28/><F127/><N who="3" m="48651" /><G42/><T57/><D118/><U128/><E116/><V4/><F30/><W15/><G51/><T100/><D120/><U62/><E62/><V112/><F112/><W35/><G35/><T27/><D70/><U133/><E31/><V55/><F1/><W64/><G64/><T77/><D89/><N who="1" m="55343" /><E34/><V66/><F66/><W80/><G87/><T9/><D50/><U90/><E90/><V56/><F82/><W41/><G41/><T63/><D63/><U71/><E71/><V39/><F2/><W91/><G76/><T54/><D77/><U52/><E16/><V107/><F107/><N who="3" m="40971" /><G101/><T68/><D78/><U81/><E81/><AGARI ba="0,0" hai="6,11,15,80,81,84,91,92" m="40971,48651" machi="81" ten="30,1500,0" yaku="18,1" doraHai="65" who="3" fromWho="1" sc="237,0,237,-15,223,0,303,15" />
</Scene>
<Scene>
<INIT seed="3,1,0,3,5,115" ten="237,222,223,318" oya="3" hai0="58,121,6,65,83,46,42,14,85,78,86,103,118" hai1="32,126,30,26,8,34,123,100,129,19,98,114,40" hai2="69,91,106,39,128,112,12,81,135,61,84,71,18" hai3="4,23,131,64,29,59,72,35,31,43,108,90,57"/><W97/><G72/><T73/><D121/><U117/><E34/><V107/><F39/><W96/><G35/><T92/><D118/><U132/><E114/><V70/><F112/><W3/><G43/><T104/><D104/><U93/><E123/><V88/><F128/><W48/><G4/><T105/><D105/><U21/><E132/><V20/><F135/><W54/><G3/><T77/><D65/><U101/><E126/><V102/><F102/><W66/><G108/><T68/><D68/><U15/><E129/><V63/><F63/><N who="3" m="38015" /><G66/><T116/><D58/><U13/><E40/><V134/><F134/><W94/><G131/><T7/><D116/><U25/><E117/><V79/><F61/><W44/><G44/><T22/><D73/><U10/><REACH who="1" step="1"/><E101/><REACH who="1" ten="237,212,223,318" step="2"/><V56/><F56/><W55/><G57/><T74/><D42/><U82/><E82/><V111/><F111/><W124/><G124/><T50/><D83/><U45/><E45/><V95/><REACH who="2" step="1"/><F91/><REACH who="2" ten="237,212,213,318" step="2"/><W133/><G90/><T41/><D103/><U113/><E113/><V125/><F125/><W99/><G133/><T130/><D130/><U60/><E60/><V110/><F110/><W67/><G48/><T89/><D50/><U75/><E75/><AGARI ba="1,2" hai="12,18,20,69,70,71,75,79,81,84,88,95,106,107" machi="75" ten="40,2600,0" yaku="1,1,54,1,53,0" doraHai="115" doraHaiUra="37" who="2" fromWho="1" sc="237,0,212,-29,213,49,318,0" />
</Scene>
<Scene>
<INIT seed="4,0,0,3,1,25" ten="237,183,262,318" oya="0" hai0="121,60,91,64,7,46,37,93,134,44,90,51,11" hai1="108,124,95,106,20,36,101,112,39,27,55,8,1" hai2="2,13,84,127,98,34,109,102,117,75,81,80,29" hai3="49,48,94,129,26,135,47,131,19,35,86,4,0"/><T113/><D121/><U3/><E108/><V15/><F2/><W21/><G135/><T31/><D134/><U128/><E106/><V24/><F109/><W110/><G110/><T92/><D113/><U69/><E69/><V23/><F127/><W6/><G48/><T115/><D115/><U16/><E112/><V96/><F117/><W52/><G35/><T9/><D37/><U83/><E1/><V28/><F96/><W120/><G0/><T22/><D22/><U38/><E128/><N who="3" m="49226" /><G120/><T88/><D31/><U87/><E124/><V5/><F75/><W56/><G56/><N who="0" m="36871" /><D46/><U72/><E72/><V132/><F132/><W133/><G133/><T100/><D100/><U111/><E111/><V54/><F5/><W77/><G94/><N who="0" m="36459" /><D7/><U30/><E3/><V32/><F54/><AGARI ba="0,0" hai="9,11,44,51,54,88,90,91" m="36459,36871" machi="54" ten="30,2900,0" yaku="8,1,54,1" doraHai="25" who="0" fromWho="2" sc="237,29,183,0,262,-29,318,0" />
</Scene>
<Scene>
<INIT seed="4,1,0,1,3,17" ten="266,183,233,318" oya="0" hai0="68,32,3,81,16,71,57,116,114,45,66,96,132" hai1="94,79,26,74,115,101,41,69,27,22,95,33,126" hai2="60,100,108,119,123,128,44,134,102,130,85,40,55" hai3="110,99,47,120,112,91,53,122,89,131,86,127,67"/><T34/><D116/><U61/><E126/><V59/><F108/><W121/><G110/><T75/><D3/><U11/><E33/><V14/><F123/><W24/><G112/><T42/><D114/><U62/><E115/><V90/><F134/><W9/><G131/><N who="2" m="50217" /><F14/><W104/><G127/><T2/><D2/><U111/><E111/><V117/><F85/><W29/><G9/><T103/><D132/><U23/><E74/><V77/><F90/><W50/><G67/><T12/><D57/><U25/><E79/><V43/><F77/><W118/><G118/><N who="2" m="45065" /><F43/><W63/><G86/><T10/><D81/><U21/><E41/><V28/><F28/><W106/><G91/><T0/><D0/><U58/><E11/><V65/><F65/><W46/><G89/><T72/><D72/><U105/><E69/><V39/><AGARI ba="1,0" hai="39,40,44,55,59,60,100,102" m="45065,50217" machi="39" ten="30,2000,0" yaku="19,1,12,1" doraHai="17" who="2" fromWho="2" sc="266,-11,183,-6,233,23,318,-6" />
</Scene>
<Scene>
<INIT seed="5,0,0,5,5,46" ten="255,177,256,312" oya="1" hai0="103,130,82,68,57,49,98,115,110,109,40,17,22" hai1="117,32,54,30,97,58,131,18,60,89,25,43,16" hai2="85,104,92,20,66,42,95,80,90,88,69,59,12" hai3="91,127,73,112,105,107,122,62,9,27,50,116,101"/><U71/><E117/><V28/><F104/><W83/><G122/><T120/><D68/><U61/><E131/><V123/><F69/><W26/><G62/><T31/><D130/><U48/><E43/><V121/><F42/><W76/><G101/><T11/><D120/><U70/><E70/><V24/><F80/><W34/><G34/><T8/><D115/><U135/><E135/><V41/><F41/><W102/><G112/><T52/><D40/><U44/><E71/><V45/><F45/><W55/><G127/><T64/><D64/><U2/><E2/><V86/><F12/><W39/><G39/><T119/><D119/><U47/><E47/><V21/><F21/><W36/><G36/><T33/><D33/><U84/><E97/><V78/><F78/><W53/><G53/><T111/><D31/><U4/><E4/><V72/><F72/><W74/><G74/><T129/><D82/><U14/><E44/><V133/><F133/><W108/><G73/><T6/><D6/><U35/><E35/><V37/><F37/><W56/><G76/><T67/><D67/><U94/><E18/><V13/><F13/><W128/><G128/><T10/><D129/><U15/><E14/><V77/><F77/><W0/><G0/><T118/><D118/><U99/><E99/><V96/><F96/><W125/><G105/><T75/><D75/><U29/><E29/><V19/><F28/><W113/><G107/><N who="0" m="63991" /><D111/><U51/><E61/><AGARI ba="0,0" hai="19,20,24,59,61,66,85,86,88,90,92,95,121,123" machi="61" ten="40,2600,0" yaku="9,1,54,1" doraHai="46" who="2" fromWho="1" sc="255,0,177,-26,256,26,312,0" />
</Scene>
<Scene>
<INIT seed="6,0,0,4,4,60" ten="255,151,282,312" oya="2" hai0="53,31,67,81,17,128,59,123,106,22,64,124,52" hai1="77,83,110,74,26,6,111,49,29,76,30,100,120" hai2="135,37,58,43,121,93,84,80,102,3,24,112,98" hai3="14,89,65,122,12,34,103,70,105,79,2,131,57"/><V1/><F121/><W87/><G2/><T85/><D123/><U118/><E120/><V42/><F112/><W95/><G122/><T133/><D106/><U48/><E100/><V36/><F135/><W28/><G79/><N who="0" m="46271" /><D133/><U4/><E83/><V38/><F24/><N who="3" m="18695" /><G57/><T66/><D128/><U134/><E26/><V88/><REACH who="2" step="1"/><F58/><REACH who="2" ten="255,151,272,312" step="2"/><W109/><G131/><T44/><D124/><U96/><E134/><V92/><F92/><W8/><G95/><T5/><D31/><U63/><E118/><V21/><F21/><W113/><G113/><T62/><D5/><U40/><E4/><V19/><F19/><W99/><G105/><T72/><D72/><U41/><E6/><V71/><F71/><W126/><G70/><T47/><D53/><U125/><E74/><V50/><F50/><W116/><G126/><T130/><D130/><U129/><E125/><V27/><F27/><AGARI ba="0,1" hai="17,22,27,44,47,52,59,62,64,66,67" m="46271" machi="27" ten="30,8000,1" yaku="8,1,52,3,54,1" doraHai="60" who="0" fromWho="2" sc="255,90,151,0,272,-80,312,0" />
</Scene>
<Scene>
<INIT seed="7,0,0,2,2,55" ten="345,151,192,312" oya="3" hai0="103,64,54,115,0,36,73,3,5,28,118,79,78" hai1="29,65,129,19,38,49,77,98,89,70,74,12,121" hai2="25,71,83,106,104,101,92,35,127,119,15,44,125" hai3="16,128,111,21,10,91,24,23,27,1,84,87,116"/><W48/><G116/><T22/><D118/><U47/><E38/><V93/><F71/><W31/><G111/><T66/><D36/><U95/><E121/><V80/><F119/><W40/><G128/><T130/><D103/><U102/><E129/><V45/><F15/><W32/><G32/><T63/><D130/><U46/><E74/><V42/><F25/><W6/><REACH who="3" step="1"/><G91/><REACH who="3" ten="345,151,192,302" step="2"/><T26/><D115/><U60/><E77/><N who="0" m="29193" /><D73/><U59/><E102/><V105/><F35/><W122/><G122/><T132/><D0/><U126/><E126/><V117/><F117/><W9/><G9/><T11/><D3/><U37/><E37/><V67/><F127/><W109/><G109/><T94/><D132/><U96/><E70/><V107/><F125/><W61/><G61/><T53/><D94/><U52/><E29/><V124/><F93/><W110/><G110/><T81/><D81/><U85/><E47/><AGARI ba="0,1" hai="1,6,10,16,21,23,24,27,31,40,47,48,84,87" machi="47" ten="40,7700,0" yaku="1,1,54,1,53,1" doraHai="55" doraHaiUra="34" who="3" fromWho="1" sc="345,0,151,-77,192,0,302,87" owari="345,15.0,74,-43.0,192,-21.0,389,49.0" />
</Scene>
</mjloggm>