<mjloggm ver="2.3"><GO type="169" lobby="0"/><UN n0="%E6%A5%BD%E5%8B%9D%EF%BC%81" n1="%E5%A4%AA%E3%81%8F%E3%81%AA%E3%81%84%E3%81%8A" n2="%E3%83%AD%E3%83%A1%E3%82%AA" n3="%E3%81%82%E3%81%B2%E3%82%8B%E3%81%95%E3%82%93" dan="17,17,17,16" rate="2155.42,2149.08,2177.62,2048.26" sx="M,M,M,M"/><TAIKYOKU oya="0"/>

<Scene>
<INIT seed="0,0,0,2,0,18" ten="250,250,250,250" oya="0" hai0="106,75,117,54,119,127,91,3,130,116,61,48,41" hai1="45,9,17,34,4,81,115,114,22,67,2,26,99" hai2="70,133,108,47,13,35,111,98,55,25,131,125,94" hai3="77,1,51,43,23,50,86,87,58,134,59,76,60"/><T33/><D33/><U53/><E67/><V10/><F70/><W14/><G1/><T68/><D3/><U118/><E118/><V124/><F131/><W20/><G14/><T84/><D75/><U92/><E81/><V57/><F47/><W42/><REACH who="3" step="1"/><G60/><REACH who="3" ten="250,250,250,240" step="2"/><T16/><D61/><U74/><E114/><V120/><F120/><W11/><G11/><T72/><D119/><U103/><E115/><V123/><F123/><W128/><G128/><T105/><D130/><U100/><E9/><V104/><F133/><AGARI ba="0,1" hai="20,23,42,43,50,51,58,59,76,77,86,87,133,134" machi="133" ten="25,8000,1" yaku="1,1,22,2,52,2,53,0" doraHai="18" doraHaiUra="122" who="3" fromWho="2" sc="250,0,250,0,250,-80,240,90" />
</Scene>
<Scene>
<INIT seed="1,0,0,3,3,40" ten="250,250,170,330" oya="1" hai0="29,100,21,39,4,52,36,104,119,25,80,47,96" hai1="89,37,84,9,123,128,42,24,86,31,85,12,22" hai2="30,45,43,109,111,68,16,59,116,72,124,14,106" hai3="122,54,114,112,27,105,2,53,118,99,110,10,94"/><U113/><E113/><V117/><F68/><W8/><G105/><T102/><D119/><U121/><E128/><V32/><F72/><W0/><G94/><T134/><D134/><U3/><E3/><V13/><F106/><W82/><G99/><T62/><D4/><U38/><E89/><V60/><F30/><W108/><G82/><T98/><D80/><U34/><E34/><V130/><F32/><W11/><G27/><T91/><D91/><U46/><REACH who="1" step="1"/><E38/><REACH who="1" ten="250,240,170,330" step="2"/><N who="2" m="21751" /><F130/><W75/><G118/><T51/><REACH who="0" step="1"/><D62/><REACH who="0" ten="240,240,170,330" step="2"/><U57/><E57/><V83/><F116/><W77/><G114/><T65/><D65/><U58/><E58/><V33/><F117/><W92/><G112/><T23/><D23/><U87/><N who="1" m="21504" /><DORA hai="66" /><U15/><E15/><V67/><F14/><W127/><G0/><T5/><D5/><AGARI ba="0,2" hai="5,9,12,22,24,31,37,42,46,121,123" m="21504" machi="5" ten="50,4800,0" yaku="1,1,52,1,53,0" doraHai="40,66" doraHaiUra="129,55" who="1" fromWho="0" sc="240,-48,240,68,170,0,330,0" />
</Scene>
<Scene>
<INIT seed="1,1,0,3,3,86" ten="192,308,170,330" oya="1" hai0="13,14,135,19,5,95,26,117,30,7,107,66,53" hai1="131,9,56,90,58,119,76,110,113,63,133,97,50" hai2="111,84,87,70,73,16,130,121,43,49,96,88,33" hai3="120,32,10,3,85,59,54,104,44,27,67,122,99"/><U115/><E119/><V35/><F73/><W116/><G67/><T125/><D117/><U105/><E133/><V37/><F70/><W123/><G44/><T28/><D107/><U126/><E126/><V91/><F37/><W106/><G106/><T75/><D75/><U52/><E131/><V18/><F96/><W93/><G104/><T47/><D125/><U132/><E76/><V80/><F121/><W4/><G85/><T114/><D114/><U98/><E132/><V89/><F130/><W11/><G11/><T81/><D135/><U0/><E110/><V102/><F102/><W127/><G127/><T118/><D118/><U8/><E105/><V46/><F111/><W57/><G116/><T40/><D81/><U23/><E0/><V38/><F38/><W15/><G3/><T51/><D66/><N who="1" m="39271" /><E115/><V92/><REACH who="2" step="1"/><F91/><REACH who="2" ten="192,308,160,330" step="2"/><W64/><G99/><N who="1" m="37898" /><E113/><V36/><F36/><W45/><G122/><T55/><D95/><U41/><E90/><V134/><F134/><W31/><G93/><T71/><D71/><U77/><E77/><V103/><F103/><W22/><G123/><T82/><D82/><U124/><E124/><V6/><F6/><W17/><G4/><T69/><D5/><U2/><E2/><V108/><F108/><W100/><G100/><T24/><D69/><U94/><E94/><V60/><F60/><W25/><G120/><T129/><D7/><U83/><E83/><V101/><F101/><W34/><G34/><AGARI ba="1,1" hai="16,18,33,34,35,43,46,49,80,84,87,88,89,92" machi="34" ten="40,8000,1" yaku="1,1,52,2,54,2,53,0" doraHai="86" doraHaiUra="61" who="2" fromWho="3" sc="192,0,308,0,160,93,330,-83" />
</Scene>
<Scene>
<INIT seed="2,0,0,0,3,58" ten="192,308,253,247" oya="2" hai0="5,72,125,62,20,7,46,129,24,116,60,50,123" hai1="86,18,71,128,61,68,34,80,81,132,130,102,43" hai2="70,19,131,124,54,105,120,106,103,122,27,90,37" hai3="40,84,33,2,95,94,93,76,133,101,73,79,4"/><V117/><F117/><W13/><G33/><T45/><D72/><U39/><E34/><V35/><F37/><W127/><G2/><T42/><D123/><U113/><E113/><V65/><F131/><N who="1" m="50217" /><E132/><V75/><F75/><W135/><G40/><T104/><D104/><U111/><E111/><V98/><F106/><W109/><G4/><N who="0" m="1611" /><D129/><U96/><E18/><V32/><F32/><W89/><G13/><T26/><D125/><U126/><E126/><V57/><F90/><W21/><G21/><T0/><D0/><U38/><E43/><V108/><F108/><W85/><G127/><T44/><D116/><U66/><E71/><V55/><F55/><W17/><G17/><N who="0" m="12303" /><D26/><U56/><E68/><V134/><F134/><N who="3" m="51211" /><G109/><T77/><D77/><N who="3" m="29769" /><G73/><T52/><D42/><U31/><E31/><N who="2" m="19967" /><F19/><W99/><G84/><T30/><D30/><U64/><E86/><V59/><F124/><W88/><G89/><T51/><D51/><U10/><E39/><V118/><F118/><W91/><G91/><T74/><D74/><U83/><E38/><V47/><F122/><W78/><N who="3" m="29777" /><W28/><DORA hai="110" /><G28/><T48/><D48/><U15/><E15/><V16/><F16/><W9/><G9/><T107/><D107/><AGARI ba="0,0" hai="85,88,93,94,95,99,101,107" m="29777,51211" machi="107" ten="40,8000,1" yaku="20,1,34,2,54,1" doraHai="58,110" who="3" fromWho="0" sc="192,-80,308,0,253,0,247,80" />
</Scene>
<Scene>
<INIT seed="3,0,0,4,1,121" ten="112,308,253,327" oya="3" hai0="29,15,83,122,130,85,19,74,35,128,108,52,118" hai1="14,28,103,113,112,115,20,123,54,80,77,87,10" hai2="116,78,131,42,93,39,47,22,89,105,59,9,1" hai3="76,53,24,72,109,51,23,111,36,101,75,97,73"/><W66/><G36/><T70/><D118/><U90/><E123/><V94/><F131/><N who="0" m="50218" /><D122/><U102/><E28/><V12/><F105/><W41/><G41/><T2/><D70/><U4/><E20/><V43/><F116/><W126/><G66/><T96/><D2/><U16/><E4/><V63/><F42/><W67/><G67/><T120/><D96/><U46/><REACH who="1" step="1"/><E77/><REACH who="1" ten="112,298,253,327" step="2"/><V6/><F78/><W81/><G126/><T27/><D29/><U110/><E110/><V21/><F1/><W48/><G73/><T49/><D74/><U44/><E44/><V124/><F124/><W107/><G72/><T127/><D120/><U37/><E37/><V65/><REACH who="2" step="1"/><F94/><REACH who="2" ten="112,298,243,327" step="2"/><W132/><G76/><T86/><D127/><U95/><E95/><V125/><F125/><W61/><G75/><T79/><D79/><U133/><E133/><V84/><AGARI ba="0,2" hai="6,9,12,21,22,39,43,47,59,63,65,84,89,93" machi="84" ten="20,2700,0" yaku="1,1,0,1,7,1,53,0" doraHai="121" doraHaiUra="34" who="2" fromWho="2" sc="112,-7,298,-7,243,47,327,-13" />
</Scene>
<Scene>
<INIT seed="4,0,0,0,3,89" ten="105,291,290,314" oya="0" hai0="51,36,55,70,46,12,71,126,9,52,98,118,20" hai1="90,40,114,121,134,77,35,38,14,95,13,62,25" hai2="86,122,119,99,6,53,21,68,100,103,105,27,42" hai3="3,82,47,69,94,108,72,123,24,43,29,110,79"/><T0/><D118/><U10/><E121/><V124/><F122/><W30/><G30/><T91/><D126/><U117/><E117/><V57/><F119/><W8/><G123/><T15/><D0/><U11/><E134/><V127/><F68/><W101/><G69/><T59/><D71/><U26/><E114/><V28/><F6/><N who="3" m="1119" /><G101/><T18/><D70/><U83/><E62/><V92/><F42/><W33/><G94/><T120/><D36/><AGARI ba="0,0" hai="24,29,33,36,43,47,72,79,82,108,110" m="1119" machi="36" ten="30,2000,0" yaku="25,1,23,1" doraHai="89" who="3" fromWho="0" sc="105,-20,291,0,290,0,314,20" />
</Scene>
<Scene>
<INIT seed="5,0,0,2,5,116" ten="85,291,290,334" oya="1" hai0="112,101,128,52,93,68,85,91,9,109,72,111,10" hai1="35,86,2,64,57,14,124,77,102,30,97,61,25" hai2="0,15,80,4,88,1,123,126,34,47,16,63,131" hai3="22,59,105,78,83,73,11,81,23,12,76,74,89"/><U49/><E2/><V67/><F123/><W8/><G105/><T122/><D68/><U113/><E113/><V13/><F34/><W115/><G115/><T28/><D112/><U5/><E124/><V39/><F126/><W17/><G89/><T43/><D128/><U29/><E29/><V50/><F39/><W104/><G104/><T38/><D72/><U75/><E75/><V134/><F15/><W48/><G8/><T82/><D28/><U96/><E49/><V37/><F37/><W106/><G106/><T107/><D107/><U54/><E54/><AGARI ba="0,0" hai="11,12,17,22,23,48,54,59,73,74,76,78,81,83" machi="54" ten="40,1300,0" yaku="9,1" doraHai="116" who="3" fromWho="1" sc="85,0,291,-13,290,0,334,13" />
</Scene>
<Scene>
<INIT seed="6,0,0,1,2,52" ten="85,278,290,347" oya="2" hai0="129,3,133,122,11,17,18,82,13,15,81,43,6" hai1="85,105,4,46,134,58,53,131,77,101,123,31,61" hai2="121,114,66,33,112,34,120,74,25,50,2,65,88" hai3="108,107,38,30,62,8,103,89,124,44,111,36,37"/><V59/><F2/><W90/><G30/><T47/><D122/><U0/><E123/><V51/><F25/><W64/><G124/><T86/><D129/><U72/><E131/><V125/><F74/><W99/><G44/><T69/><D133/><U57/><E134/><V55/><F88/><W79/><G79/><T102/><D69/><U45/><E72/><V135/><F135/><W32/><G32/><T106/><D106/><U84/><E0/><V41/><F125/><W71/><REACH who="3" step="1"/><G8/><REACH who="3" ten="85,278,290,337" step="2"/><T19/><D102/><U68/><E31/><V91/><F34/><W117/><G117/><T35/><D35/><U63/><E77/><V12/><F33/><W7/><G7/><T54/><D54/><U70/><E4/><V73/><F55/><W95/><G95/><T76/><REACH who="0" step="1"/><D82/><REACH who="0" ten="75,278,290,337" step="2"/><U93/><E53/><V115/><F121/><W20/><G20/><T116/><D116/><U23/><E23/><V80/><F120/><W75/><G75/><T127/><D127/><U5/><E105/><V10/><F73/><W97/><G97/><T60/><D60/><U132/><E132/><V16/><F80/><W56/><G56/><T21/><D21/><U14/><E61/><V83/><F59/><W28/><G28/><T92/><D92/><U22/><E63/><V67/><F41/><W87/><G87/><AGARI ba="0,2" hai="10,12,16,50,51,65,66,67,83,87,91,112,114,115" machi="87" ten="50,4800,0" yaku="15,1,54,1" doraHai="52" who="2" fromWho="3" sc="75,0,278,0,290,68,337,-48" />
</Scene>
<Scene>
<INIT seed="6,1,0,1,3,76" ten="75,278,358,289" oya="2" hai0="8,104,125,48,23,63,1,27,92,65,0,28,112" hai1="122,115,45,109,128,102,86,117,129,68,13,99,7" hai2="11,124,41,60,44,80,29,101,116,131,90,61,135" hai3="15,18,38,57,111,47,42,12,19,113,81,34,24"/><V39/><F116/><W53/><G111/><T127/><D112/><U103/><E68/><V107/><F29/><W73/><G34/><T6/><D104/><U100/><E109/><V31/><F31/><W62/><G113/><T49/><D0/><U46/><E117/><V77/><F90/><W20/><REACH who="3" step="1"/><G18/><REACH who="3" ten="75,278,358,279" step="2"/><T5/><D5/><U118/><E118/><V89/><F131/><N who="1" m="50249" /><E115/><V72/><F135/><W52/><G52/><T55/><D92/><N who="1" m="58471" /><E122/><V79/><F107/><W33/><G33/><T58/><REACH who="0" step="1"/><D55/><REACH who="0" ten="65,278,358,279" step="2"/><U134/><E134/><V78/><F41/><W32/><G32/><T14/><D14/><U132/><E132/><V4/><F4/><W121/><G121/><T95/><D95/><U17/><E7/><V69/><F72/><W82/><G82/><T56/><D56/><U16/><E13/><V87/><F80/><W119/><G119/><T88/><D88/><U67/><E45/><V96/><F44/><W59/><G59/><T50/><AGARI ba="1,2" hai="1,6,8,23,27,28,48,49,50,58,63,65,125,127" machi="50" ten="30,2000,0" yaku="1,1,0,1,53,0" doraHai="76" doraHaiUra="106" who="0" fromWho="0" sc="65,43,278,-6,358,-11,279,-6" />
</Scene>
<Scene>
<INIT seed="7,0,0,3,2,94" ten="108,272,347,273" oya="3" hai0="3,106,122,14,114,27,60,84,85,92,132,58,100" hai1="49,78,61,32,117,83,118,75,72,64,34,39,11" hai2="1,17,110,29,19,35,18,67,2,97,105,102,135" hai3="30,47,101,59,22,88,16,116,6,50,81,98,38"/><W62/><G38/><T41/><D122/><U93/><E39/><V133/><F110/><W37/><G37/><T113/><D132/><N who="2" m="50762" /><F67/><N who="3" m="39391" /><G116/><N who="1" m="44650" /><E75/><V99/><F99/><W10/><G30/><T23/><D3/><N who="2" m="1034" /><F29/><W120/><G120/><T4/><D41/><U86/><E11/><V21/><F35/><W131/><G131/><T74/><D14/><AGARI ba="0,0" hai="14,17,18,19,21,97,102,105" m="1034,50762" machi="14" ten="30,2000,0" yaku="20,1,52,1" doraHai="94" who="2" fromWho="0" sc="108,-20,272,0,347,20,273,0" owari="88,-41.0,272,-13.0,367,47.0,273,7.0" />
</Scene>
</mjloggm>