<mjloggm ver="2.3"><GO type="169" lobby="0"/><UN n0="%E3%82%A2%E3%83%95%E3%83%AA%E3%82%AB" n1="%E3%82%86%E3%81%A3%E3%81%8F%E3%82%8A%E5%A6%96%E5%A4%A2" n2="%E3%83%9E%E3%82%AA%E3%83%8A%E3%83%A2%E3%83%9F" n3="%E5%A4%AA%E3%81%8F%E3%81%AA%E3%81%84%E3%81%8A" dan="18,16,16,17" rate="2270.40,2120.83,2094.23,2165.34" sx="M,M,M,M"/><TAIKYOKU oya="0"/>

<Scene>
<INIT seed="0,0,0,3,3,87" ten="250,250,250,250" oya="0" hai0="97,11,27,121,3,61,39,1,28,19,58,127,71" hai1="66,51,104,118,76,0,78,81,90,105,119,89,23" hai2="6,99,59,70,132,84,113,36,32,52,88,69,109" hai3="43,107,5,7,93,73,24,29,63,45,79,77,102"/><T49/><D39/><U67/><E0/><V123/><F123/><W30/><G107/><T18/><D121/><U126/><E51/><V117/><F36/><W64/><G73/><T41/><D71/><U108/><E23/><V14/><F32/><W22/><G30/><T128/><D127/><U106/><E126/><V62/><F113/><W72/><G72/><T38/><D38/><U10/><E10/><V80/><F117/><N who="1" m="44553" /><E81/><V122/><F122/><W12/><G45/><T48/><D48/><U42/><E42/><V16/><F6/><W94/><G43/><T20/><D49/><U31/><E31/><V37/><F37/><W2/><G2/><T91/><D41/><U26/><E26/><V25/><F25/><W40/><G40/><T53/><D3/><U46/><E46/><V96/><F109/><W116/><G116/><T13/><D1/><U56/><E56/><V98/><REACH who="2" step="1"/><F132/><REACH who="2" ten="250,250,240,250" step="2"/><W85/><G7/><T60/><D28/><U125/><E108/><V95/><F95/><W74/><G94/><T82/><D27/><U86/><E125/><V101/><F101/><W68/><G102/><T120/><D120/><U33/><E33/><V21/><AGARI ba="0,1" hai="14,16,21,52,59,62,69,70,80,84,88,96,98,99" machi="21" ten="30,12000,2" yaku="1,1,0,1,52,1,54,3,53,0" doraHai="87" doraHaiUra="112" who="2" fromWho="2" sc="250,-60,250,-30,240,130,250,-30" />
</Scene>
<Scene>
<INIT seed="1,0,0,1,2,12" ten="190,220,370,220" oya="1" hai0="78,119,47,122,118,76,57,83,41,25,66,10,3" hai1="117,112,37,20,87,77,135,52,106,127,104,28,109" hai2="9,6,62,42,26,110,58,17,115,81,29,102,114" hai3="89,69,4,39,73,85,11,27,51,16,126,82,23"/><U24/><E117/><V30/><F110/><W93/><G39/><T7/><D76/><U130/><E112/><N who="2" m="43051" /><F42/><W132/><G132/><T5/><D122/><U68/><E135/><V21/><F102/><W32/><G126/><T61/><D25/><U105/><E37/><V79/><F81/><W49/><G69/><T131/><D131/><U18/><E130/><V0/><F79/><W65/><G65/><AGARI ba="0,0" hai="0,6,9,17,21,26,29,30,58,62,65" m="43051" machi="65" ten="30,2000,0" yaku="11,1,52,1" doraHai="12" who="2" fromWho="3" sc="190,0,220,0,370,20,220,-20" />
</Scene>
<Scene>
<INIT seed="2,0,0,1,3,134" ten="190,220,390,200" oya="2" hai0="127,116,101,97,124,131,121,11,56,20,51,48,27" hai1="71,52,115,75,24,13,10,107,35,73,74,117,46" hai2="92,78,129,19,100,0,47,79,132,112,39,2,22" hai3="105,15,37,54,119,3,84,69,103,113,61,99,31"/><V58/><F132/><W16/><G119/><T34/><D34/><U65/><E107/><V6/><F58/><W14/><G3/><T41/><D116/><U88/><E115/><V111/><F6/><W123/><G123/><T23/><D121/><U114/><E114/><V1/><F129/><W106/><G113/><T120/><D120/><U93/><E71/><V77/><F111/><W5/><G37/><T86/><D131/><U64/><E24/><V128/><F128/><W63/><G31/><T33/><D11/><U133/><E35/><V95/><F100/><W60/><G69/><T53/><D86/><U83/><E117/><V85/><F85/><W118/><G118/><T130/><D130/><U45/><E83/><V109/><F109/><W12/><G5/><T55/><D41/><U87/><E46/><V40/><REACH who="2" step="1"/><F112/><REACH who="2" ten="190,220,380,200" step="2"/><W44/><G84/><T82/><D82/><U108/><E108/><V50/><F50/><W126/><G103/><T9/><D51/><U68/><E133/><V57/><F57/><W135/><G135/><T18/><D56/><U66/><E68/><V94/><F94/><W8/><G105/><T98/><D48/><N who="1" m="28687" /><E75/><V91/><F91/><W59/><G59/><T70/><D70/><U29/><E74/><V43/><F43/><W110/><G110/><T122/><D122/><U26/><E73/><V90/><F90/><W21/><G106/><T17/><D101/><U67/><E66/><V49/><F49/><W76/><G60/><T81/><D81/><U4/><E67/><V89/><F89/><W80/><G61/><T38/><D38/><RYUUKYOKU ba="0,1" sc="190,-15,220,15,380,15,200,-15" hai1="4,10,13,26,29,64,65,87,88,93" hai2="0,1,2,19,22,39,40,47,77,78,79,92,95" />
</Scene>
<Scene>
<INIT seed="2,1,1,5,2,97" ten="175,235,395,185" oya="2" hai0="120,92,50,72,33,74,25,0,53,128,9,103,109" hai1="6,31,4,79,28,42,134,93,13,94,110,130,127" hai2="57,8,66,84,27,60,37,12,26,20,44,54,104" hai3="40,90,23,58,29,81,14,36,49,51,1,77,35"/><V116/><F116/><W2/><G35/><T24/><D120/><U18/><E110/><V47/><F104/><W119/><G119/><T112/><D109/><U17/><E127/><V111/><F111/><W56/><G36/><T133/><D112/><U106/><E106/><V100/><F100/><W59/><G90/><T89/><D128/><U115/><E115/><V70/><F84/><W124/><G124/><T83/><D103/><U32/><E79/><V15/><F15/><W41/><G1/><T75/><D133/><U45/><E130/><V117/><F117/><W48/><G2/><T46/><D83/><U102/><E134/><V122/><F37/><W68/><G68/><T55/><D55/><U73/><E73/><V21/><F27/><W30/><G14/><T61/><D61/><U78/><E78/><V135/><F135/><W82/><G23/><T39/><D39/><U88/><E32/><V85/><F21/><W63/><G63/><T71/><D71/><U118/><E118/><V5/><F85/><N who="3" m="48303" /><G82/><T87/><REACH who="0" step="1"/><D33/><REACH who="0" ten="165,235,395,185" step="2"/><U65/><E102/><V3/><F122/><W69/><G69/><T34/><D34/><U108/><E108/><V7/><F70/><W10/><G10/><T113/><D113/><U107/><E65/><V22/><F66/><W98/><G98/><T43/><D43/><AGARI ba="1,2" hai="29,30,40,41,43,48,49,51,56,58,59" m="48303" machi="43" ten="30,1000,0" yaku="8,1" doraHai="97" who="3" fromWho="0" sc="165,-13,235,0,395,0,185,33" />
</Scene>
<Scene>
<INIT seed="3,0,0,3,1,11" ten="152,235,395,218" oya="3" hai0="117,41,84,104,27,21,26,49,114,80,66,17,94" hai1="81,64,7,76,116,65,52,67,54,120,105,73,5" hai2="53,128,126,13,51,95,108,68,127,39,20,29,135" hai3="25,1,47,8,40,134,100,111,0,34,59,50,131"/><W121/><G121/><T89/><D104/><U118/><E105/><V63/><F39/><W92/><G134/><T123/><D123/><U132/><E120/><V112/><F128/><W10/><G131/><T79/><D114/><U22/><E22/><V101/><F112/><W71/><G71/><T42/><D117/><N who="1" m="45163" /><E132/><V35/><F35/><W86/><G111/><T129/><D129/><U30/><E30/><V107/><F107/><W61/><G0/><T97/><D66/><N who="1" m="16899" /><U44/><DORA hai="24" /><E44/><V77/><F68/><W33/><G1/><T83/><D49/><U119/><N who="1" m="45171" /><U82/><DORA hai="19" /><E82/><V18/><F51/><W46/><G46/><T130/><D130/><U109/><E109/><V102/><F108/><W28/><G34/><T87/><REACH who="0" step="1"/><D27/><REACH who="0" ten="142,235,395,218" step="2"/><U15/><E5/><V56/><F126/><W23/><G33/><T60/><D60/><U36/><E36/><V124/><F127/><W55/><REACH who="3" step="1"/><G100/><AGARI ba="0,1" hai="17,21,26,41,42,79,80,83,84,87,89,94,97,100" machi="100" ten="30,8000,1" yaku="1,1,7,1,8,1,52,1,53,1" doraHai="11,24,19" doraHaiUra="4,70,12" who="0" fromWho="3" sc="142,90,235,0,395,0,218,-80" />
</Scene>
<Scene>
<INIT seed="4,0,0,1,4,92" ten="232,235,395,138" oya="0" hai0="67,132,79,133,38,17,90,16,80,122,24,127,21" hai1="4,72,103,81,91,100,22,37,49,7,85,117,78" hai2="63,53,109,58,118,5,56,99,42,69,84,98,88" hai3="125,68,48,107,6,18,128,116,108,62,44,39,41"/><T11/><D38/><U83/><E37/><V65/><F109/><W87/><G108/><T113/><D122/><U97/><E117/><V55/><F118/><W1/><G116/><T111/><D111/><U101/><E22/><V57/><F5/><W74/><G125/><T27/><D127/><U14/><E49/><N who="2" m="30767" /><F42/><W86/><G128/><T115/><D90/><U28/><E28/><V123/><F69/><W29/><G29/><T46/><D46/><U15/><REACH who="1" step="1"/><E97/><REACH who="1" ten="232,225,395,138" step="2"/><V106/><F123/><W124/><G124/><T60/><D27/><U104/><E104/><V64/><F106/><W36/><G107/><T52/><D21/><U2/><E2/><V126/><F126/><W12/><G39/><T89/><D24/><U26/><E26/><V66/><F58/><W33/><G36/><T61/><D11/><U119/><E119/><V102/><F102/><W95/><G1/><T13/><D13/><AGARI ba="0,1" hai="4,7,13,14,15,72,78,81,83,85,91,100,101,103" machi="13" ten="40,1300,0" yaku="1,1,53,0" doraHai="92" doraHaiUra="45" who="1" fromWho="0" sc="232,-13,225,23,395,0,138,0" />
</Scene>
<Scene>
<INIT seed="5,0,0,5,3,45" ten="219,248,395,138" oya="1" hai0="57,129,10,52,88,37,118,26,16,4,71,22,2" hai1="20,99,75,61,66,100,32,134,86,130,40,5,103" hai2="68,78,14,13,90,24,11,55,50,125,36,51,60" hai3="120,113,127,89,17,56,12,81,46,47,106,39,91"/><U9/><E75/><V53/><F36/><W93/><G106/><T18/><D129/><U1/><E32/><V49/><F78/><W94/><G120/><T107/><D107/><U6/><E130/><V131/><F131/><W104/><G104/><T95/><D37/><U72/><E72/><V108/><F108/><W126/><G113/><T73/><D73/><U82/><E134/><V96/><F24/><W54/><G81/><T38/><D38/><U122/><E99/><V58/><F68/><W23/><G39/><T76/><D76/><U41/><E6/><N who="2" m="3319" /><F125/><W15/><G15/><T0/><D71/><U83/><E83/><V3/><F3/><W123/><G123/><T128/><D128/><U87/><E87/><V67/><F14/><W109/><G109/><T70/><D70/><U27/><E103/><V84/><F96/><N who="3" m="57391" /><G127/><T29/><D118/><U105/><E100/><V25/><F25/><W80/><G80/><AGARI ba="0,0" hai="49,50,51,53,55,58,60,67,80,84,90" m="3319" machi="80" ten="30,7700,0" yaku="8,1,52,3" doraHai="45" who="2" fromWho="3" sc="219,0,248,0,395,77,138,-77" />
</Scene>
<Scene>
<INIT seed="6,0,0,2,4,30" ten="219,248,472,61" oya="2" hai0="80,61,2,31,91,29,39,66,34,49,76,120,98" hai1="74,78,3,58,114,89,106,67,77,123,50,12,9" hai2="47,37,130,125,18,19,87,131,97,65,117,128,59" hai3="85,28,33,14,23,4,21,24,46,27,43,99,110"/><V92/><F117/><W6/><G110/><T108/><D39/><U115/><E3/><V127/><F87/><W0/><G99/><T124/><D2/><U135/><E74/><V8/><F8/><N who="3" m="2055" /><G46/><T32/><D108/><U16/><E135/><V103/><F47/><W69/><G69/><T121/><D124/><N who="2" m="47690" /><F37/><W134/><G85/><T44/><D98/><U93/><E106/><V113/><F113/><N who="1" m="43017" /><E123/><V68/><F68/><W45/><G45/><T42/><D91/><U84/><E67/><V35/><F65/><W20/><G43/><T25/><D31/><U62/><E62/><V36/><F36/><W40/><G40/><T118/><D118/><U15/><E15/><V64/><F64/><W88/><G88/><T126/><D126/><U52/><AGARI ba="0,0" hai="9,12,16,50,52,58,77,78,84,89,93" m="43017" machi="52" ten="30,4000,0" yaku="15,1,54,2" doraHai="30" who="1" fromWho="1" sc="219,-10,248,40,472,-20,61,-10" />
</Scene>
<Scene>
<INIT seed="7,0,0,0,0,37" ten="209,288,452,51" oya="3" hai0="107,126,112,12,87,118,124,18,134,9,20,110,54" hai1="15,23,117,103,11,47,76,86,56,17,58,92,114" hai2="52,0,66,35,77,73,42,116,38,48,123,72,4" hai3="133,33,102,59,135,43,113,27,24,65,51,62,53"/><W81/><G113/><T80/><D107/><U111/><E111/><V19/><F38/><W36/><G102/><T89/><D110/><U131/><E131/><V8/><F35/><W128/><G81/><T91/><D112/><U14/><E117/><V44/><F73/><W109/><G109/><T78/><D118/><U7/><E114/><V104/><F104/><W74/><G74/><T121/><D121/><U39/><E39/><V105/><F105/><W120/><G120/><T31/><D134/><N who="3" m="51209" /><G33/><T70/><D70/><U16/><E7/><V106/><F106/><W97/><G97/><T67/><D67/><U90/><E103/><V79/><F77/><W94/><G94/><T32/><D32/><U49/><E76/><V93/><F79/><W75/><G75/><T119/><D119/><U68/><E68/><V25/><F93/><W40/><G128/><T13/><D54/><AGARI ba="0,0" hai="11,14,15,16,17,23,47,49,54,56,58,86,90,92" machi="54" ten="30,3900,0" yaku="7,1,8,1,54,1" doraHai="37" who="1" fromWho="0" sc="209,-39,288,39,452,0,51,0" owari="170,-23.0,327,13.0,452,55.0,51,-45.0" />
</Scene>
</mjloggm>