<mjloggm ver="2.3"><GO type="169" lobby="0"/><UN n0="%E6%BA%9D%E5%86%85%E5%A4%A7%E6%A8%B9" n1="%E6%96%B0%E4%B8%96%E7%95%8C%E3%81%AE%E7%B4%99" n2="%E3%81%82%E3%83%BC%E3%81%BF%E3%82%93%E2%98%86" n3="%E5%A4%AA%E3%81%8F%E3%81%AA%E3%81%84%E3%81%8A" dan="17,16,18,18" rate="2151.60,2133.80,2209.25,2188.49" sx="M,M,F,M"/><TAIKYOKU oya="0"/>

<Scene>
<INIT seed="0,0,0,2,2,20" ten="250,250,250,250" oya="0" hai0="41,135,96,3,100,36,31,87,66,0,110,4,60" hai1="62,57,32,70,38,69,61,44,18,12,5,39,33" hai2="71,108,109,50,29,49,117,130,113,98,128,84,23" hai3="126,64,54,106,74,19,52,67,58,86,101,85,114"/><T48/><D135/><U25/><E5/><V37/><F37/><W133/><G74/><T75/><D48/><U72/><E72/><V131/><F71/><W115/><G133/><T132/><D132/><U122/><E122/><V43/><F113/><W93/><G106/><T94/><D75/><U22/><E39/><V15/><F117/><W59/><G93/><T11/><D110/><N who="2" m="42602" /><F43/><W27/><G19/><T10/><D31/><U102/><E102/><V103/><F84/><W77/><G101/><T24/><D87/><U26/><E32/><V82/><F82/><W134/><G134/><T105/><D94/><U112/><E112/><V81/><F81/><W51/><G51/><T42/><D36/><U55/><E33/><V17/><F29/><W129/><G129/><T118/><D118/><U89/><E89/><V120/><F120/><W16/><G126/><T111/><D111/><U40/><REACH who="1" step="1"/><E70/><REACH who="1" ten="250,240,250,250" step="2"/><V79/><F79/><W99/><G77/><T7/><REACH who="0" step="1"/><D24/><REACH who="0" ten="240,240,250,250" step="2"/><U97/><E97/><V14/><F131/><W13/><G27/><T9/><D9/><U53/><E53/><V73/><F73/><W35/><G99/><T34/><D34/><U78/><E78/><V8/><F130/><W107/><G35/><T80/><D80/><U127/><E127/><V116/><F128/><W124/><G124/><T45/><D45/><U47/><E47/><V76/><F116/><W63/><G114/><T46/><D46/><U56/><E56/><AGARI ba="0,2" hai="0,3,4,7,10,11,41,42,56,60,66,96,100,105" machi="56" ten="30,5800,0" yaku="1,1,7,1,9,1,53,0" doraHai="20" doraHaiUra="21" who="0" fromWho="1" sc="240,78,240,-58,250,0,250,0" />
</Scene>
<Scene>
<INIT seed="0,1,0,4,2,77" ten="318,182,250,250" oya="0" hai0="65,107,70,30,42,48,124,83,20,90,73,7,121" hai1="134,62,53,34,57,78,38,22,128,74,10,41,119" hai2="63,133,129,14,0,110,5,71,36,125,93,80,114" hai3="27,126,26,98,102,132,13,15,92,127,122,60,87"/><T25/><D121/><U85/><E34/><V89/><F36/><W106/><G122/><T50/><D107/><U113/><E119/><V96/><F110/><W28/><G132/><T79/><D124/><N who="3" m="47657" /><G60/><T61/><D7/><U67/><E134/><V69/><F0/><W118/><G118/><T47/><REACH who="0" step="1"/><D90/><REACH who="0" ten="308,182,250,250" step="2"/><U2/><E113/><V21/><F5/><W100/><G106/><T18/><D18/><U99/><E128/><V52/><F129/><W23/><G102/><T59/><D59/><U82/><E57/><V95/><F114/><W3/><G100/><T58/><D58/><U8/><E2/><V51/><F125/><W123/><G3/><T68/><D68/><U56/><E56/><V101/><F69/><W104/><G104/><T116/><D116/><U109/><E109/><V115/><F115/><W24/><G123/><T4/><D4/><U43/><E67/><V12/><F71/><W19/><G19/><T131/><D131/><U49/><E62/><V88/><F63/><W135/><G135/><T1/><D1/><U9/><E41/><V46/><F133/><W16/><G16/><T103/><D103/><U64/><E64/><V111/><F111/><W112/><G112/><T76/><D76/><U94/><E43/><V11/><F89/><W40/><G40/><T6/><D6/><U37/><E78/><V130/><F130/><W33/><G28/><T72/><D72/><U108/><E74/><V17/><F101/><W55/><G55/><T45/><D45/><N who="1" m="27823" /><E108/><V31/><F46/><W66/><G66/><T54/><D54/><U44/><E44/><RYUUKYOKU ba="1,1" sc="308,30,182,-10,250,-10,250,-10" hai0="20,25,30,42,47,48,50,61,65,70,73,79,83" />
</Scene>
<Scene>
<INIT seed="0,2,1,5,2,7" ten="338,172,240,240" oya="0" hai0="2,28,74,36,80,96,52,100,76,37,115,69,33" hai1="75,66,3,93,67,107,47,14,22,8,12,105,16" hai2="68,23,17,62,51,1,84,44,114,103,21,26,83" hai3="64,35,128,124,116,57,118,27,109,46,71,99,102"/><T31/><D115/><U78/><E3/><V89/><F1/><W59/><G109/><T98/><D69/><U41/><E93/><V29/><F114/><W54/><G128/><T127/><D127/><U85/><E75/><V121/><F121/><W45/><G124/><T10/><D98/><U63/><E105/><V73/><F73/><W15/><G46/><T94/><D31/><U32/><E32/><V79/><F103/><W112/><G45/><T110/><D110/><U13/><E107/><V88/><F62/><N who="3" m="40343" /><G15/><T86/><D86/><U106/><E106/><V126/><F68/><W95/><G57/><T48/><D28/><U90/><E78/><V123/><F123/><W24/><G24/><T132/><D132/><U40/><E13/><N who="2" m="9391" /><F126/><W72/><G72/><T61/><D61/><U56/><E47/><V50/><F50/><N who="3" m="31191" /><G112/><T104/><D104/><U131/><E66/><V120/><F120/><W111/><G111/><T34/><D34/><U43/><E131/><V18/><F18/><W129/><G129/><T122/><D33/><U70/><E70/><V130/><F130/><W97/><G35/><T117/><D117/><U53/><E67/><V25/><F25/><W81/><G27/><T113/><D113/><U6/><E85/><V77/><F77/><W30/><G118/><T87/><D122/><U19/><E19/><V134/><F134/><W65/><G116/><T119/><D119/><U108/><E108/><V135/><F135/><W49/><G30/><T4/><D74/><U125/><E125/><V38/><F38/><W92/><G65/><T11/><D11/><RYUUKYOKU ba="2,1" sc="338,10,172,10,240,10,240,-30" hai0="2,4,10,36,37,48,52,76,80,87,94,96,100" hai1="6,8,12,14,16,22,40,41,43,53,56,63,90" hai2="23,26,29,44,51,79,83,84,88,89" />
</Scene>
<Scene>
<INIT seed="0,3,1,4,3,41" ten="348,182,250,210" oya="0" hai0="42,55,95,45,46,67,97,20,9,8,127,131,10" hai1="30,93,24,94,33,48,86,51,115,89,77,60,61" hai2="6,68,71,78,84,124,36,26,34,92,54,135,63" hai3="126,120,110,116,122,91,128,47,113,21,79,73,19"/><T134/><D127/><U75/><E115/><V119/><F36/><W121/><G113/><T88/><D134/><U22/><E33/><V15/><F119/><W85/><G116/><T111/><D131/><U70/><E70/><V82/><F135/><W39/><G128/><T27/><D111/><U130/><E130/><V114/><F114/><W59/><G110/><T17/><D67/><U35/><E35/><V58/><F124/><W28/><G126/><T65/><D65/><U56/><E61/><V81/><F92/><N who="3" m="54383" /><G28/><T106/><D106/><U57/><E57/><V96/><F96/><W104/><G104/><T3/><D3/><U12/><E93/><V62/><F62/><W99/><G99/><T69/><D69/><U98/><E75/><V108/><F108/><W23/><G59/><T29/><D55/><N who="1" m="33823" /><E12/><V132/><F132/><W32/><G32/><T52/><D52/><U37/><E37/><V44/><F34/><W105/><G105/><T49/><REACH who="0" step="1"/><D46/><REACH who="0" ten="338,182,250,210" step="2"/><U72/><E72/><V101/><F68/><W107/><G107/><T74/><D74/><U103/><E103/><V13/><F101/><W133/><G133/><T43/><D43/><U66/><E66/><V40/><F71/><W90/><G47/><T38/><D38/><U1/><E1/><V16/><F44/><W87/><G39/><T83/><D83/><AGARI ba="3,2" hai="22,24,30,48,51,77,83,86,89,94,98" m="33823" machi="83" ten="30,1000,0" yaku="8,1" doraHai="41" who="1" fromWho="0" sc="338,-19,182,39,250,0,210,0" />
</Scene>
<Scene>
<INIT seed="1,0,0,3,5,83" ten="319,221,250,210" oya="1" hai0="10,98,43,76,125,45,54,6,133,7,44,127,22" hai1="79,113,48,120,126,33,38,101,99,80,30,112,75" hai2="5,90,107,87,86,117,74,115,4,53,0,88,47" hai3="135,119,73,41,46,59,28,78,121,105,25,81,132"/><U103/><E120/><V128/><F107/><W16/><G121/><T24/><D133/><N who="3" m="51273" /><G105/><T104/><D76/><U118/><E118/><V1/><F74/><W95/><G119/><T60/><D104/><U92/><E38/><V20/><F117/><W82/><G82/><T62/><D98/><N who="1" m="59591" /><E48/><N who="2" m="28831" /><F0/><W71/><G71/><T69/><D54/><U102/><E30/><V94/><F1/><W37/><G59/><T77/><D77/><U67/><E67/><V42/><F128/><W29/><G95/><T91/><D91/><U64/><E64/><V72/><F72/><W124/><G124/><N who="0" m="47691" /><D69/><U50/><E50/><V21/><F42/><W23/><AGARI ba="0,0" hai="16,23,25,28,29,37,41,46,73,78,81" m="51273" machi="23" ten="30,2000,0" yaku="20,1,54,1" doraHai="83" who="3" fromWho="3" sc="319,-5,221,-10,250,-5,210,20" />
</Scene>
<Scene>
<INIT seed="2,0,0,3,1,15" ten="314,211,245,230" oya="2" hai0="2,90,121,49,50,66,101,33,41,16,112,24,127" hai1="98,51,102,32,96,77,0,20,7,87,9,79,21" hai2="17,11,72,63,56,92,70,4,115,10,88,69,12" hai3="18,81,19,131,80,58,22,105,48,104,130,5,125"/><V39/><F72/><W116/><G116/><T120/><D2/><U74/><E32/><V118/><F39/><W36/><G36/><T25/><D112/><U34/><E34/><V110/><F118/><W42/><G5/><T106/><D66/><U117/><E117/><V103/><F103/><W114/><G114/><T57/><D127/><U128/><E74/><V30/><F30/><W133/><G125/><T132/><D132/><U67/><E128/><N who="3" m="49194" /><G133/><T84/><D33/><U109/><E109/><V23/><F110/><W73/><G73/><T95/><D101/><U35/><E35/><V59/><F115/><W123/><G123/><T26/><D106/><N who="3" m="41065" /><G58/><T62/><D120/><U27/><E102/><V91/><F59/><W13/><G19/><T60/><D121/><U111/><E111/><V55/><F11/><W43/><G48/><T53/><D16/><U113/><E51/><V86/><REACH who="2" step="1"/><F91/><REACH who="2" ten="314,211,235,230" step="2"/><W61/><G61/><T71/><D71/><U37/><E37/><V78/><F78/><W28/><G28/><T129/><D129/><U100/><E79/><V46/><F46/><AGARI ba="0,1" hai="24,25,26,41,46,49,50,53,57,60,62,84,90,95" machi="46" ten="40,1300,0" yaku="8,1" doraHai="15" who="0" fromWho="2" sc="314,23,211,0,235,-13,230,0" />
</Scene>
<Scene>
<INIT seed="3,0,0,4,2,56" ten="337,211,222,230" oya="3" hai0="33,61,126,116,45,7,88,46,123,121,42,51,105" hai1="114,112,26,49,62,99,118,40,52,76,131,128,63" hai2="132,50,17,87,29,19,110,95,91,93,108,111,104" hai3="5,16,98,59,94,65,41,58,96,64,72,55,27"/><W22/><G72/><T100/><D116/><U32/><E40/><V13/><F104/><W9/><G41/><T73/><D73/><U74/><E99/><V77/><F77/><W25/><G25/><T125/><D33/><U14/><E14/><V31/><F132/><W84/><G84/><T107/><D7/><U23/><E32/><V66/><F66/><W38/><G38/><T48/><D100/><U30/><E118/><V135/><F135/><W36/><G36/><T53/><D61/><N who="1" m="23051" /><E76/><V21/><F50/><N who="3" m="31095" /><G59/><T37/><D37/><U124/><E74/><V1/><F1/><W20/><G20/><T119/><D119/><U70/><E70/><V113/><F113/><W130/><G98/><T12/><D12/><U47/><E124/><V117/><F117/><W0/><G0/><T101/><D42/><U134/><E134/><V83/><F108/><W85/><G96/><T122/><D125/><U2/><E2/><V103/><F110/><W133/><G133/><T89/><D126/><U115/><E115/><V28/><F111/><W71/><G71/><T80/><D122/><U35/><E35/><V18/><F103/><W3/><G65/><T109/><D101/><U81/><E81/><V4/><F4/><W90/><G64/><T68/><D80/><U78/><E78/><V15/><F15/><W82/><G82/><T127/><D127/><U24/><E24/><V44/><F13/><W79/><G79/><T60/><D109/><U106/><E106/><V129/><F83/><W92/><G92/><T43/><D121/><U75/><E75/><V39/><F95/><RYUUKYOKU ba="0,0" sc="337,-15,211,15,222,-15,230,15" hai1="23,26,30,47,49,52,112,114,128,131" hai3="3,5,9,16,22,27,85,90,94,130" />
</Scene>
<Scene>
<INIT seed="3,1,0,5,5,68" ten="322,226,207,245" oya="3" hai0="91,60,122,71,82,2,21,95,128,35,29,103,83" hai1="76,26,34,7,31,106,39,41,84,22,123,67,15" hai2="72,37,14,107,134,4,50,121,127,87,93,49,108" hai3="8,130,119,120,132,99,52,117,27,65,44,124,116"/><W69/><G120/><T54/><D35/><U59/><E123/><V58/><F107/><W46/><G132/><T16/><D122/><U12/><E106/><V97/><F72/><W51/><G130/><T45/><D29/><U33/><E33/><V90/><F37/><W112/><G112/><T25/><D2/><U62/><E34/><V75/><F75/><W88/><G124/><T115/><D128/><U18/><E7/><V43/><F108/><W104/><G27/><T19/><D19/><U28/><E39/><V94/><F134/><W56/><G8/><T85/><D115/><U92/><E41/><V78/><F127/><W80/><G104/><T129/><D129/><U113/><E113/><V111/><F111/><W102/><G102/><T3/><D3/><U133/><E133/><V79/><F43/><W105/><G105/><T86/><D103/><U118/><E118/><V96/><F87/><W125/><G125/><T0/><D0/><U6/><E92/><V73/><F73/><W32/><G32/><T38/><BYE who="3" /><D38/><U131/><E131/><V11/><F121/><W40/><G40/><T81/><D71/><U1/><E1/><V9/><F9/><W61/><G61/><T5/><D5/><U53/><E67/><V77/><REACH who="2" step="1"/><F58/><REACH who="2" ten="322,226,197,245" step="2"/><W66/><G66/><T48/><REACH who="0" step="1"/><D86/><REACH who="0" ten="312,226,197,245" step="2"/><U101/><E84/><V36/><F36/><W47/><G47/><T55/><D55/><U42/><E53/><V63/><F63/><AGARI ba="1,2" hai="16,21,25,45,48,54,60,63,81,82,83,85,91,95" machi="63" ten="40,8000,1" yaku="1,1,8,1,54,1,53,1" doraHai="68" doraHaiUra="17" who="0" fromWho="2" sc="312,103,226,0,197,-83,245,0" /><UN n3="%E5%A4%AA%E3%81%8F%E3%81%AA%E3%81%84%E3%81%8A" />
</Scene>
<Scene>
<INIT seed="4,0,0,4,1,102" ten="415,226,114,245" oya="0" hai0="84,81,126,4,1,124,133,42,74,12,89,67,10" hai1="97,63,130,49,8,72,9,54,56,118,90,58,18" hai2="92,93,62,19,23,6,29,91,21,46,123,16,50" hai3="71,131,52,20,2,127,31,105,94,73,59,40,121"/><T115/><D133/><U119/><E72/><V44/><F123/><W65/><G2/><T111/><D115/><U61/><E130/><V51/><F6/><W106/><G73/><T134/><D134/><U88/><E49/><V3/><F3/><W13/><G40/><T107/><D107/><U117/><E97/><V98/><F62/><N who="3" m="40375" /><G94/><T55/><D67/><U128/><E128/><V109/><F109/><W38/><G131/><T87/><D111/><U33/><E33/><V135/><F135/><W39/><G39/><T34/><D34/><U15/><REACH who="1" step="1"/><E9/><REACH who="1" ten="415,216,114,245" step="2"/><V5/><F98/><W76/><G38/><T14/><D74/><U132/><E132/><V86/><F51/><W57/><G121/><T68/><D10/><U78/><E78/><V22/><F29/><W110/><G76/><T66/><D87/><U79/><E79/><V83/><F46/><W41/><G31/><T35/><D84/><U43/><E43/><V37/><F37/><W95/><G41/><T48/><D42/><U26/><E26/><V32/><F32/><W0/><G110/><T64/><D35/><U80/><E80/><V108/><F108/><W25/><G25/><T82/><D81/><U104/><E104/><V112/><F112/><W113/><G105/><T77/><D82/><U122/><E122/><V129/><F129/><W114/><G106/><T60/><D77/><U96/><E96/><V47/><F47/><W75/><G113/><T101/><D60/><U36/><E36/><V120/><F120/><W30/><G30/><T70/><D68/><U17/><E17/><N who="2" m="6731" /><F5/><W103/><G114/><RYUUKYOKU ba="0,1" sc="415,-15,216,15,114,15,245,-15" hai1="8,15,18,54,56,58,61,63,88,90,117,118,119" hai2="21,22,23,44,50,83,86,91,92,93" />
</Scene>
<Scene>
<INIT seed="5,1,1,2,2,101" ten="400,231,129,230" oya="1" hai0="132,54,131,7,5,109,115,93,16,18,87,119,3" hai1="90,129,88,33,94,21,134,45,122,76,66,112,130" hai2="19,13,75,103,61,47,121,27,15,53,96,100,25" hai3="79,104,102,114,0,42,17,118,84,55,82,28,12"/><U106/><E33/><V51/><F75/><W62/><G0/><T44/><D119/><U83/><E122/><V20/><F121/><W133/><G118/><T99/><D109/><U73/><E112/><V63/><F100/><W95/><G114/><T69/><D69/><U10/><E66/><V56/><F27/><W36/><G133/><T81/><D115/><U46/><E134/><V107/><REACH who="2" step="1"/><F63/><REACH who="2" ten="400,231,119,230" step="2"/><W97/><G62/><T105/><D132/><U127/><E129/><V58/><F58/><W35/><G102/><N who="0" m="60783" /><D131/><U125/><E130/><V9/><F9/><W52/><G35/><T24/><D24/><U85/><E10/><V1/><F1/><W22/><G22/><T70/><D3/><U108/><E108/><V41/><AGARI ba="1,2" hai="13,15,19,20,25,41,47,51,53,56,61,96,103,107" machi="41" ten="20,12000,2" yaku="1,1,0,1,7,1,52,1,53,2" doraHai="101" doraHaiUra="8" who="2" fromWho="2" sc="400,-31,231,-61,119,143,230,-31" />
</Scene>
<Scene>
<INIT seed="6,0,0,3,1,66" ten="369,170,262,199" oya="2" hai0="11,95,121,49,132,126,123,69,45,39,31,110,27" hai1="86,51,125,127,102,5,35,15,41,40,76,34,3" hai2="61,9,30,16,7,17,54,70,57,22,81,0,118" hai3="72,10,135,63,131,112,4,62,42,53,21,37,25"/><V18/><F118/><W36/><G72/><T134/><D110/><U109/><E109/><V1/><F81/><W114/><G135/><N who="0" m="51755" /><D126/><N who="1" m="48139" /><E102/><V87/><F87/><W79/><G79/><T12/><D39/><N who="3" m="14921" /><G53/><N who="0" m="29871" /><D95/><U14/><E76/><V67/><F0/><N who="3" m="263" /><G42/><N who="1" m="16490" /><E86/><V6/><F6/><W97/><G97/><T113/><D113/><N who="3" m="43625" /><G131/><T38/><D38/><U100/><E100/><V129/><F129/><W74/><G74/><T75/><D75/><U56/><E3/><V65/><F30/><AGARI ba="0,0" hai="21,25,30,62,63" m="43625,263,14921" machi="30" ten="30,2000,0" yaku="15,1,11,1" doraHai="66" who="3" fromWho="2" sc="369,0,170,0,262,-20,199,20" />
</Scene>
<Scene>
<INIT seed="7,0,0,3,1,79" ten="369,170,242,219" oya="3" hai0="3,105,32,110,78,109,115,8,133,83,23,55,4" hai1="128,18,13,27,121,7,57,49,81,14,34,76,2" hai2="46,127,48,118,20,111,85,41,106,15,114,10,50" hai3="16,12,89,103,113,123,68,99,107,84,71,37,59"/><W135/><G123/><T22/><D105/><U21/><E121/><V104/><F111/><W101/><G37/><T86/><D133/><U33/><E128/><V75/><F75/><W80/><G135/><T73/><D32/><U29/><E34/><V96/><F114/><W129/><G113/><T52/><D115/><U100/><E100/><V31/><F96/><W94/><G129/><T69/><D69/><U90/><E90/><V130/><F50/><W56/><G103/><T134/><D134/><U28/><E2/><V43/><F43/><W120/><G120/><T82/><D23/><U72/><E7/><V77/><F127/><W44/><G44/><T64/><D64/><U54/><REACH who="1" step="1"/><E29/><REACH who="1" ten="369,160,242,219" step="2"/><V87/><F31/><W131/><G131/><T35/><D35/><U61/><E61/><V98/><F130/><W93/><G71/><T119/><D3/><U108/><E108/><V125/><F77/><N who="3" m="46095" /><G68/><T97/><D78/><U5/><E5/><V88/><F88/><N who="3" m="55719" /><G107/><T11/><D109/><U47/><E47/><V40/><F106/><W67/><G101/><T66/><D110/><U0/><E0/><V53/><F104/><W65/><G59/><T6/><D119/><U42/><E42/><V74/><F41/><W92/><G56/><T124/><D124/><U70/><E70/><V126/><F125/><W117/><G117/><T58/><D58/><U9/><E9/><V17/><F126/><W122/><G122/><T51/><D8/><U30/><E30/><V39/><F118/><W25/><G89/><T24/><D11/><U36/><E36/><V62/><F39/><RYUUKYOKU ba="0,1" sc="369,-10,160,30,242,-10,219,-10" hai1="13,14,18,21,27,28,33,49,54,57,72,76,81" owari="369,47.0,190,-31.0,232,3.0,209,-19.0" />
</Scene>
</mjloggm>