<mjloggm ver="2.3"><GO type="169" lobby="0"/><UN n0="%6E%69%63%6B%2E" n1="%E3%82%BC%E3%83%AD%E3%82%B9%E3%83%93%E3%83%BC%E3%83%88" n2="%E3%81%8A%E3%81%98%E3%81%95%E3%82%93" n3="%E5%A4%AA%E3%81%8F%E3%81%AA%E3%81%84%E3%81%8A" dan="16,16,17,17" rate="2109.12,2129.23,2172.67,2207.34" sx="M,F,M,M"/><TAIKYOKU oya="0"/>

<Scene>
<INIT seed="0,0,0,5,3,133" ten="250,250,250,250" oya="0" hai0="12,32,36,8,86,134,61,63,92,85,30,40,20" hai1="81,15,4,13,9,103,80,38,58,24,56,11,100" hai2="111,23,120,74,51,70,122,96,82,109,10,7,77" hai3="62,98,41,55,104,91,67,126,125,5,31,131,73"/><T108/><D134/><U53/><E38/><V87/><F70/><W135/><G135/><T26/><D108/><N who="2" m="41546" /><F51/><W1/><G73/><T117/><D117/><U76/><E24/><V83/><F23/><W112/><G112/><T19/><D32/><U118/><E118/><V48/><F48/><W78/><G78/><T47/><REACH who="0" step="1"/><D86/><REACH who="0" ten="240,250,250,250" step="2"/><U17/><E4/><V95/><F7/><W16/><G5/><T33/><D33/><U128/><E128/><V132/><F132/><W59/><G131/><T49/><D49/><U129/><E129/><V94/><F10/><W127/><G127/><T37/><D37/><U35/><E11/><V89/><F95/><W123/><G125/><T102/><D102/><AGARI ba="0,1" hai="74,77,82,83,87,89,94,96,102,120,122" m="41546" machi="102" ten="30,3900,0" yaku="14,1,34,2" doraHai="133" who="2" fromWho="0" sc="240,-39,250,0,250,49,250,0" />
</Scene>
<Scene>
<INIT seed="1,0,0,3,2,66" ten="201,250,299,250" oya="1" hai0="29,30,43,103,88,121,2,56,129,15,89,127,133" hai1="110,79,126,25,82,101,132,105,91,107,26,78,12" hai2="83,77,33,58,72,95,5,131,10,49,20,90,53" hai3="38,108,85,59,62,106,113,55,22,8,9,109,94"/><U3/><E3/><V134/><F131/><W93/><G106/><T80/><D2/><U24/><E132/><V6/><F134/><W98/><G113/><T45/><D133/><U57/><E126/><V116/><F116/><W19/><G38/><T86/><D127/><U51/><E12/><V123/><F123/><W70/><G70/><T97/><D129/><U14/><E14/><V68/><F33/><W50/><G62/><T114/><D114/><U74/><E110/><N who="3" m="42602" /><G85/><T31/><D121/><U40/><E79/><V67/><F20/><W76/><G76/><T44/><D56/><U81/><E101/><V61/><REACH who="2" step="1"/><F10/><REACH who="2" ten="201,250,289,250" step="2"/><N who="3" m="4203" /><G98/><AGARI ba="0,1" hai="5,6,49,53,58,61,67,68,72,77,83,90,95,98" machi="98" ten="30,3900,0" yaku="1,1,7,1,52,1,53,0" doraHai="66" doraHaiUra="122" who="2" fromWho="3" sc="201,0,250,0,289,49,250,-39" />
</Scene>
<Scene>
<INIT seed="2,0,0,1,0,73" ten="201,250,338,211" oya="2" hai0="115,74,8,29,20,118,41,69,124,127,44,114,48" hai1="49,130,16,79,13,85,35,82,88,21,61,46,116" hai2="58,18,70,24,3,63,121,134,126,37,62,123,31" hai3="71,68,52,102,60,19,107,51,103,119,55,22,54"/><V77/><F3/><W45/><G119/><T64/><D74/><U12/><E35/><V122/><F18/><W43/><G107/><T53/><D118/><U86/><E130/><V17/><F17/><W6/><G6/><T108/><D8/><U89/><E61/><V0/><F0/><W94/><G60/><N who="0" m="40071" /><D20/><U5/><E116/><V67/><F37/><W76/><G76/><T26/><D26/><U117/><E117/><V42/><F42/><W132/><G132/><T112/><D29/><U36/><E36/><V99/><F134/><W113/><G113/><T104/><D104/><U97/><E97/><V65/><F126/><N who="0" m="48170" /><D108/><U75/><E75/><V133/><F133/><W80/><G80/><T50/><D50/><U78/><E5/><V129/><F129/><W14/><REACH who="3" step="1"/><G94/><REACH who="3" ten="201,250,338,201" step="2"/><T59/><D59/><U40/><E13/><V93/><F77/><W15/><G15/><T66/><D66/><U23/><E23/><N who="2" m="15775" /><F123/><W28/><G28/><T32/><D32/><U128/><E128/><V84/><F122/><W83/><G83/><AGARI ba="0,1" hai="12,16,21,40,46,49,78,79,82,83,85,86,88,89" machi="83" ten="30,12000,2" yaku="7,1,9,1,8,1,52,2,54,2" doraHai="73" who="1" fromWho="3" sc="201,0,250,130,338,0,201,-120" />
</Scene>
<Scene>
<INIT seed="3,0,0,4,0,91" ten="201,380,338,81" oya="3" hai0="27,67,68,134,56,11,25,59,110,44,114,102,86" hai1="50,40,71,97,52,101,111,19,96,24,22,35,8" hai2="126,133,28,17,76,53,37,60,130,84,4,5,88" hai3="58,135,48,74,103,47,9,1,7,20,123,75,34"/><W45/><G34/><T39/><D110/><U65/><E111/><V82/><F126/><W92/><G123/><T13/><D134/><U83/><E40/><V106/><F133/><W0/><G135/><T124/><D124/><U85/><E35/><V73/><F130/><W38/><G1/><T41/><D114/><U78/><E8/><V69/><F37/><W55/><G20/><T46/><D102/><U87/><E87/><V99/><F28/><W36/><G36/><T42/><D86/><U62/><REACH who="1" step="1"/><E101/><REACH who="1" ten="201,370,338,81" step="2"/><V118/><F84/><W127/><G127/><T122/><D122/><U21/><E21/><V2/><F118/><W43/><REACH who="3" step="1"/><G47/><AGARI ba="0,1" hai="19,22,24,47,50,52,62,65,71,78,83,85,96,97" machi="47" ten="30,7700,0" yaku="1,1,7,1,54,1,53,1" doraHai="91" doraHaiUra="23" who="1" fromWho="3" sc="201,0,370,87,338,0,81,-77" />
</Scene>
<Scene>
<INIT seed="4,0,0,1,2,122" ten="201,457,338,4" oya="0" hai0="29,57,45,112,133,134,37,85,120,81,63,104,115" hai1="46,89,82,16,28,62,132,111,9,43,64,24,93" hai2="25,100,127,53,4,76,129,92,80,116,86,52,102" hai3="74,13,87,106,35,66,91,40,59,47,117,5,99"/><T126/><D120/><U55/><E111/><V65/><F116/><W90/><G74/><T11/><D104/><U73/><E132/><N who="0" m="50793" /><D29/><U60/><E55/><V98/><F127/><W12/><G117/><T3/><D3/><U75/><E82/><V121/><F121/><W49/><G35/><T10/><D45/><U54/><E54/><V34/><F129/><W79/><G106/><T6/><D37/><U1/><E1/><V83/><F65/><W70/><G70/><T44/><D44/><U125/><E125/><V97/><F4/><W135/><G135/><T88/><D126/><U33/><E62/><V27/><F34/><W114/><G114/><N who="0" m="43563" /><D6/><U107/><E107/><V58/><F53/><AGARI ba="0,0" hai="10,11,53,57,63,81,85,88" m="43563,50793" machi="53" ten="30,5800,0" yaku="20,1,15,1,54,1" doraHai="122" who="0" fromWho="2" sc="201,58,457,0,338,-58,4,0" />
</Scene>
<Scene>
<INIT seed="4,1,0,5,1,38" ten="259,457,280,4" oya="0" hai0="112,91,87,6,30,56,124,42,23,99,109,27,98" hai1="8,59,79,70,133,63,31,51,95,17,89,132,84" hai2="107,134,4,114,110,122,21,55,24,135,39,120,83" hai3="108,16,20,53,61,88,14,97,115,15,94,73,96"/><T80/><D112/><U13/><E31/><N who="2" m="17807" /><F39/><W9/><G108/><T76/><D124/><U77/><E51/><V106/><F110/><W75/><G115/><T45/><D109/><U113/><E70/><V85/><F114/><W43/><G75/><T41/><D6/><U7/><E17/><V111/><F111/><W40/><G73/><T0/><D0/><U32/><E32/><V72/><F55/><W3/><G3/><T103/><D56/><U119/><E119/><V78/><F4/><N who="3" m="3367" /><G97/><N who="0" m="36875" /><D103/><U12/><E12/><V123/><F72/><W19/><G19/><T49/><D76/><U131/><E131/><V129/><F129/><W130/><G130/><T1/><D1/><U125/><E125/><V62/><F62/><W29/><G29/><T10/><D10/><U81/><E113/><V50/><F50/><W48/><G61/><T127/><D127/><U22/><E8/><V18/><F18/><W26/><G26/><T25/><D25/><U65/><E7/><V33/><F33/><W35/><G35/><T37/><D37/><U117/><E117/><V11/><F11/><W105/><G105/><T2/><D2/><U102/><E102/><V118/><F118/><W121/><G121/><T66/><D66/><U86/><E77/><V57/><F57/><AGARI ba="1,0" hai="15,16,20,40,43,48,53,57,88,94,96" m="3367" machi="57" ten="30,8000,1" yaku="8,1,52,2,54,2" doraHai="38" who="3" fromWho="2" sc="259,0,457,0,280,-83,4,83" />
</Scene>
<Scene>
<INIT seed="5,0,0,5,0,108" ten="259,457,197,87" oya="1" hai0="114,0,22,76,40,42,18,11,127,79,117,68,10" hai1="104,94,122,45,69,33,31,77,131,125,51,95,115" hai2="126,105,109,15,110,25,46,17,48,56,41,53,34" hai3="112,6,21,84,83,29,9,129,57,132,130,27,91"/><U7/><E115/><V20/><F105/><W38/><G38/><T85/><D114/><U3/><E104/><V24/><F126/><W52/><G132/><T90/><D117/><U70/><E131/><V100/><F100/><W2/><REACH who="3" step="1"/><G112/><REACH who="3" ten="259,457,197,77" step="2"/><T67/><D127/><U88/><E125/><V113/><F113/><W99/><G99/><T47/><D0/><U50/><E3/><V89/><F89/><W93/><G93/><T63/><D79/><U44/><E94/><V121/><F121/><W58/><G58/><T96/><D96/><U107/><E107/><V75/><F75/><W37/><G37/><T103/><D76/><U23/><E95/><V14/><F110/><W12/><G12/><T43/><D103/><U59/><E77/><V32/><F109/><W16/><G16/><T39/><D39/><U26/><E59/><V8/><F15/><W71/><G71/><T82/><D47/><U92/><E45/><V54/><F25/><W28/><G28/><T78/><D78/><U101/><E70/><V86/><F86/><W35/><G35/><T106/><D106/><U64/><E33/><V111/><F111/><W4/><G4/><T133/><D133/><U19/><E7/><V128/><F128/><W30/><G30/><T118/><D118/><U49/><E31/><V97/><F97/><W116/><G116/><T119/><D119/><U87/><E92/><V80/><F34/><W1/><G1/><T123/><D123/><U62/><E87/><V124/><F32/><W135/><G135/><T65/><D68/><U66/><E122/><V74/><F124/><RYUUKYOKU ba="0,1" sc="259,-10,457,-10,197,-10,77,30" hai3="2,6,9,21,27,29,52,57,83,84,91,129,130" />
</Scene>
<Scene>
<INIT seed="6,1,1,3,0,41" ten="249,447,187,107" oya="2" hai0="4,62,128,127,99,12,88,47,97,80,87,112,56" hai1="109,9,125,22,54,94,46,96,2,36,6,91,17" hai2="57,66,35,74,8,104,48,119,79,1,82,121,5" hai3="85,102,31,105,86,89,118,49,92,16,26,71,37"/><V13/><F119/><W7/><G37/><T84/><D112/><U101/><E109/><V15/><F121/><W73/><G118/><T77/><D47/><U45/><E125/><V60/><F35/><W20/><G73/><T90/><D127/><U44/><E36/><V58/><REACH who="2" step="1"/><F104/><REACH who="2" ten="249,447,177,107" step="2"/><W29/><G71/><T53/><D128/><U52/><REACH who="1" step="1"/><E101/><REACH who="1" ten="249,437,177,107" step="2"/><V10/><F10/><W25/><G102/><T27/><D90/><U100/><E100/><V131/><F131/><W59/><G105/><T123/><D88/><U134/><E134/><V67/><F67/><W75/><G75/><T98/><D123/><U81/><E81/><V122/><F122/><W21/><G7/><T11/><D80/><U51/><E51/><V68/><F68/><W113/><G113/><T55/><D77/><U117/><E117/><V72/><F72/><W129/><G129/><T63/><D62/><U0/><E0/><V50/><F50/><W114/><G114/><T30/><REACH who="0" step="1"/><D55/><AGARI ba="1,3" hai="1,5,8,13,15,48,55,57,58,60,66,74,79,82" machi="55" ten="40,3900,0" yaku="1,1,53,1" doraHai="41" doraHaiUra="106" who="2" fromWho="0" sc="249,-42,437,0,177,72,107,0" />
</Scene>
<Scene>
<INIT seed="6,2,0,2,5,46" ten="207,437,249,107" oya="2" hai0="130,6,79,81,42,12,1,117,18,128,54,99,70" hai1="13,127,115,86,31,7,67,132,66,27,8,16,69" hai2="90,65,133,21,83,38,73,51,98,39,113,68,121" hai3="124,87,111,107,37,100,11,49,105,63,32,25,56"/><V30/><F121/><W60/><G37/><T77/><D70/><U125/><E115/><V103/><F113/><W135/><G111/><T104/><D117/><U89/><E7/><V134/><F51/><W20/><G32/><T131/><D42/><U58/><E58/><V101/><F21/><W64/><G124/><N who="1" m="47690" /><E69/><V84/><F30/><W118/><G118/><T71/><D71/><U108/><E132/><N who="2" m="50795" /><F73/><W19/><G135/><T106/><D1/><U48/><E48/><V5/><F5/><W116/><G116/><T88/><D6/><U53/><E53/><V80/><F80/><W10/><G63/><T24/><D24/><U97/><E108/><V129/><F129/><W91/><G105/><N who="0" m="40555" /><D54/><U122/><E122/><V36/><F98/><W55/><G107/><T44/><D44/><U0/><E97/><V96/><F96/><W22/><G100/><T59/><D59/><U82/><E0/><V114/><F114/><W9/><G22/><AGARI ba="2,0" hai="8,13,16,22,27,31,66,67,82,86,89" m="47690" machi="22" ten="30,2000,0" yaku="18,1,54,1" doraHai="46" who="1" fromWho="3" sc="207,0,437,26,249,0,107,-26" />
</Scene>
<Scene>
<INIT seed="7,0,0,4,5,28" ten="207,463,249,81" oya="3" hai0="36,73,21,11,133,65,10,107,5,79,77,50,121" hai1="1,125,31,134,69,66,92,70,55,109,37,115,90" hai2="72,59,61,80,93,76,43,38,56,26,0,16,85" hai3="97,112,126,131,120,64,75,135,101,102,3,99,58"/><W122/><G3/><T25/><D121/><N who="3" m="46697" /><G58/><T53/><D107/><U117/><E90/><V128/><F0/><W32/><G64/><T49/><D133/><U54/><E92/><V78/><F38/><W12/><G12/><N who="0" m="5199" /><D36/><U71/><E54/><V41/><F128/><W118/><G32/><T23/><D73/><U46/><E1/><V98/><F72/><W17/><G17/><N who="0" m="12463" /><D65/><U67/><E31/><V44/><F76/><W108/><G118/><T104/><D104/><U110/><E117/><V34/><F34/><W105/><G131/><T94/><D94/><U111/><E55/><N who="2" m="33951" /><F59/><W87/><G75/><T89/><D89/><U60/><E60/><V29/><F29/><W18/><G18/><T57/><D11/><U7/><E7/><V106/><F44/><W52/><G135/><T9/><D9/><U96/><E134/><V82/><F26/><W103/><G108/><T13/><D50/><U48/><E46/><V129/><F16/><AGARI ba="0,0" hai="13,16,23,49,53,57,77,79" m="12463,5199" machi="16" ten="30,2000,0" yaku="8,1,54,1" doraHai="28" who="0" fromWho="2" sc="207,20,463,0,249,-20,81,0" owari="227,-17.0,463,56.0,229,3.0,81,-42.0" />
</Scene>
</mjloggm>