<mjloggm ver="2.3"><GO type="169" lobby="0"/><UN n0="%E3%82%86%E3%81%86%E3%81%B4" n1="%E3%81%BE%E3%81%82%E3%81%BC%E3%81%86%E5%A4%A7%E4%BD%90" n2="%E3%81%AA%E3%82%93%E3%81%AA%E3%82%93%E3%81%A0%E3%83%BC" n3="%E5%A4%AA%E3%81%8F%E3%81%AA%E3%81%84%E3%81%8A" dan="17,16,18,17" rate="2187.75,2103.89,2160.57,2156.57" sx="M,F,M,M"/><TAIKYOKU oya="0"/>

<Scene>
<INIT seed="0,0,0,2,4,115" ten="250,250,250,250" oya="0" hai0="47,124,29,83,71,88,46,23,101,72,94,126,53" hai1="30,0,4,120,24,26,135,57,48,21,95,14,134" hai2="104,3,43,42,50,12,5,92,116,70,6,123,129" hai3="128,44,17,80,85,27,33,40,89,102,108,86,34"/><T87/><D71/><U109/><E120/><V97/><F104/><W68/><G68/><T36/><D36/><U13/><E109/><V31/><F70/><W37/><G108/><T90/><D101/><U121/><E121/><V66/><F3/><W67/><G67/><T56/><D29/><N who="1" m="17551" /><E95/><V111/><F123/><W74/><G74/><T19/><D126/><U73/><E73/><V52/><F66/><W118/><G128/><T125/><D125/><U8/><E57/><V119/><F31/><W132/><G132/><N who="1" m="50730" /><E48/><V76/><F129/><W77/><G102/><T84/><D72/><U41/><E41/><N who="2" m="15371" /><F111/><W35/><G17/><T117/><D117/><N who="2" m="45130" /><F12/><W62/><G118/><T113/><D113/><U99/><E99/><V122/><F122/><W32/><G27/><N who="0" m="14847" /><D124/><U79/><E79/><V11/><F76/><W64/><G64/><T65/><D65/><U106/><E106/><V107/><F107/><W51/><G77/><T9/><D9/><U131/><E131/><V1/><F11/><W110/><G110/><T39/><D39/><U75/><E75/><V25/><F25/><W20/><G37/><T58/><D58/><U112/><E112/><V105/><F105/><W81/><G34/><AGARI ba="0,0" hai="0,4,8,13,14,26,30,34" m="50730,17551" machi="34" ten="30,3900,0" yaku="20,1,34,2" doraHai="115" who="1" fromWho="3" sc="250,0,250,39,250,0,250,-39" />
</Scene>
<Scene>
<INIT seed="1,0,0,5,1,34" ten="250,289,250,211" oya="1" hai0="82,8,120,75,10,40,36,65,77,122,116,18,128" hai1="115,70,23,17,127,76,78,16,7,119,69,46,44" hai2="6,54,71,98,107,133,131,96,86,22,101,67,2" hai3="21,123,50,97,58,5,4,19,62,45,13,32,79"/><U112/><E7/><V88/><F131/><W20/><G32/><T126/><D128/><U31/><E23/><V103/><F133/><W29/><G123/><T108/><D116/><U0/><E31/><V9/><F67/><W49/><G79/><T38/><D126/><U135/><E119/><V81/><F71/><W24/><G97/><T60/><D108/><U26/><E26/><V42/><F54/><W117/><G117/><T100/><D100/><U84/><E84/><V68/><F68/><W85/><G85/><T51/><D51/><U59/><E59/><V95/><REACH who="2" step="1"/><F22/><REACH who="2" ten="250,289,240,211" step="2"/><W118/><G118/><T109/><D109/><U110/><E110/><V14/><F14/><W132/><G132/><T30/><D122/><U47/><E135/><V66/><F66/><W72/><G20/><T61/><D120/><U90/><E127/><V114/><F114/><W91/><G13/><T33/><D65/><U55/><E55/><V130/><F130/><W37/><G21/><T25/><D40/><AGARI ba="0,1" hai="2,6,9,40,42,81,86,88,95,96,98,101,103,107" machi="40" ten="40,5200,0" yaku="1,1,52,1,54,1,53,0" doraHai="34" doraHaiUra="125" who="2" fromWho="0" sc="250,-52,289,0,240,62,211,0" />
</Scene>
<Scene>
<INIT seed="2,0,0,1,2,9" ten="198,289,302,211" oya="2" hai0="82,50,18,87,81,16,132,126,67,60,86,43,122" hai1="24,11,110,47,66,113,36,120,100,64,130,76,124" hai2="14,3,93,6,52,94,23,125,115,7,19,55,112" hai3="95,45,42,46,59,20,53,34,101,129,33,71,118"/><V57/><F125/><W0/><G118/><T73/><D126/><U32/><E110/><V69/><F69/><W17/><G71/><T70/><D122/><U41/><E130/><V75/><F75/><W49/><G0/><T83/><D132/><U31/><E113/><V106/><F106/><W10/><G129/><T25/><D73/><U92/><E124/><V123/><F123/><W134/><G134/><T40/><D18/><U121/><E76/><V8/><F6/><W13/><G45/><T26/><D26/><U103/><E11/><V15/><F3/><W51/><REACH who="3" step="1"/><G10/><REACH who="3" ten="198,289,302,201" step="2"/><T48/><D70/><U56/><E121/><V79/><F115/><W77/><G77/><T62/><D43/><U89/><E120/><V111/><F112/><W133/><G133/><T28/><D40/><U29/><E47/><V78/><F111/><W96/><AGARI ba="0,1" hai="13,17,20,33,34,42,46,49,51,53,59,95,96,101" machi="96" ten="30,7900,0" yaku="1,1,0,1,52,1,53,1" doraHai="9" doraHaiUra="91" who="3" fromWho="3" sc="198,-20,289,-20,302,-39,201,89" />
</Scene>
<Scene>
<INIT seed="3,0,0,1,4,42" ten="178,269,263,290" oya="3" hai0="111,127,39,90,62,55,24,14,22,13,33,117,53" hai1="91,110,92,41,89,114,119,26,133,18,59,20,78" hai2="95,8,27,115,112,120,76,44,109,15,129,58,64" hai3="80,7,65,104,98,83,38,77,48,54,32,10,74"/><W97/><G38/><T68/><D117/><U82/><E110/><V102/><F109/><W106/><G32/><T28/><D111/><U81/><E133/><V66/><F120/><W73/><G65/><T122/><D122/><U96/><E114/><V23/><F129/><W85/><G98/><T67/><D127/><U9/><E119/><V101/><F76/><W103/><G104/><T63/><D39/><U29/><E41/><V25/><F115/><W0/><REACH who="3" step="1"/><G83/><REACH who="3" ten="178,269,263,280" step="2"/><T56/><D33/><U46/><E82/><V50/><F112/><W93/><G93/><T6/><D6/><U17/><E92/><V118/><F118/><W86/><G86/><T52/><D90/><U11/><E96/><V71/><F95/><W57/><AGARI ba="0,1" hai="0,7,10,48,54,57,73,74,77,80,85,97,103,106" machi="57" ten="20,3900,0" yaku="1,1,0,1,7,1,53,0" doraHai="42" doraHaiUra="19" who="3" fromWho="3" sc="178,-13,269,-13,263,-13,280,49" />
</Scene>
<Scene>
<INIT seed="3,1,0,4,4,51" ten="165,256,250,329" oya="3" hai0="25,29,31,53,79,21,90,11,45,119,108,73,115" hai1="78,121,48,2,39,19,101,100,9,46,99,69,118" hai2="32,106,24,17,66,49,122,89,59,74,13,84,34" hai3="27,135,41,63,86,83,77,52,60,4,113,16,85"/><W70/><G113/><T134/><D119/><U72/><E121/><V80/><F106/><W40/><G135/><T26/><D108/><U126/><E126/><V23/><F122/><W93/><G4/><T103/><D134/><U114/><E114/><V87/><F74/><W68/><G68/><T44/><D103/><U14/><E69/><V91/><F24/><W131/><G131/><T104/><D104/><U6/><E118/><V71/><F71/><W112/><G112/><T8/><D115/><U5/><E39/><V43/><F43/><W81/><G93/><T102/><D102/><U125/><E125/><V76/><F76/><N who="3" m="46247" /><G70/><T127/><D127/><U55/><E2/><V61/><REACH who="2" step="1"/><F49/><REACH who="2" ten="165,256,240,329" step="2"/><W36/><G36/><T3/><D79/><U38/><E78/><V28/><F28/><W7/><G41/><T95/><D73/><U62/><E72/><V37/><F37/><W124/><G40/><T57/><D26/><U128/><E38/><V133/><F133/><W120/><G120/><T33/><D31/><U22/><E128/><V15/><F15/><W56/><G124/><T117/><D117/><U107/><E107/><V12/><F12/><W82/><G77/><T88/><D3/><U97/><E48/><V67/><F67/><W47/><G27/><T18/><D29/><U105/><E105/><V98/><F98/><W96/><G96/><N who="0" m="57447" /><D33/><U64/><E99/><V0/><F0/><W129/><G129/><T75/><D75/><U65/><E97/><V10/><F10/><N who="0" m="3626" /><D90/><U1/><E1/><V130/><F130/><W20/><G86/><T110/><D110/><RYUUKYOKU ba="1,1" sc="165,15,256,-15,240,15,329,-15" hai0="18,21,25,44,45,53,57" hai2="13,17,23,32,34,59,61,66,80,84,87,89,91" />
</Scene>
<Scene>
<INIT seed="4,2,1,2,0,80" ten="180,241,255,314" oya="0" hai0="51,88,33,46,111,116,95,104,55,133,87,132,56" hai1="70,50,8,109,45,69,18,79,12,17,15,74,32" hai2="14,5,20,39,59,41,72,84,66,6,93,81,68" hai3="122,28,13,112,118,31,40,129,54,128,49,102,113"/><T58/><D116/><U106/><E32/><V60/><F72/><W127/><G118/><T44/><D104/><U86/><E74/><V21/><F68/><W100/><G40/><T26/><D111/><U117/><E106/><V52/><F39/><W30/><G127/><T65/><D33/><U47/><E109/><V89/><F41/><W2/><G2/><T103/><D103/><N who="3" m="39465" /><G13/><T124/><D26/><U131/><E131/><N who="3" m="50250" /><G122/><T10/><D10/><U119/><E79/><N who="2" m="46143" /><F66/><W126/><G126/><T11/><D11/><U48/><REACH who="1" step="1"/><E8/><REACH who="1" ten="180,231,255,314" step="2"/><N who="2" m="4367" /><F6/><W23/><G23/><T83/><D124/><U16/><E16/><V63/><F20/><W91/><G30/><T96/><D133/><U57/><E57/><V125/><F21/><W121/><G28/><T94/><D132/><U36/><E36/><V29/><F29/><W99/><G31/><T38/><D38/><U120/><E120/><V98/><F125/><W35/><G121/><T0/><D0/><U53/><E53/><V110/><F110/><W114/><G35/><T42/><D58/><U3/><E3/><V123/><F123/><W75/><G75/><T71/><D46/><U78/><E78/><V27/><F27/><W62/><G114/><T76/><D71/><U101/><E101/><V64/><F64/><W1/><G1/><T135/><D135/><U4/><E4/><V134/><F134/><W37/><G37/><N who="0" m="21583" /><D65/><U115/><E115/><V67/><F67/><W105/><G105/><T73/><D73/><U97/><E97/><V24/><F24/><W25/><G113/><T9/><D9/><U61/><E61/><AGARI ba="2,2" hai="52,59,60,61,63,89,93,98" m="4367,46143" machi="61" ten="30,7700,0" yaku="6,1,8,1,52,1,54,1" doraHai="80" who="2" fromWho="1" sc="180,0,231,-83,255,103,314,0" />
</Scene>
<Scene>
<INIT seed="5,0,0,3,1,70" ten="180,148,358,314" oya="1" hai0="67,60,15,35,63,42,59,123,10,47,102,11,19" hai1="76,8,41,119,126,28,29,31,133,134,46,91,4" hai2="130,128,54,14,77,38,69,26,116,22,87,5,50" hai3="112,44,17,66,61,113,103,97,106,9,96,129,85"/><U45/><E119/><V104/><F69/><W132/><G129/><N who="2" m="49769" /><F104/><W37/><G132/><N who="1" m="50794" /><E76/><V92/><F116/><W32/><G32/><T21/><D123/><U75/><E75/><V33/><F33/><W27/><G96/><T120/><D120/><U83/><E126/><V36/><F14/><W89/><G9/><T43/><D35/><U95/><E83/><N who="2" m="47599" /><F92/><W2/><G2/><T118/><D118/><U16/><E41/><V74/><F5/><W34/><G34/><T23/><D43/><U57/><E57/><N who="2" m="32983" /><F74/><W73/><G73/><T127/><D127/><U81/><E81/><V7/><F7/><W49/><G27/><T117/><D117/><U30/><N who="1" m="7680" /><DORA hai="6" /><U53/><E4/><V52/><F26/><W115/><G115/><T100/><D23/><U71/><E71/><V93/><F22/><W72/><G72/><T105/><D63/><U86/><E53/><V39/><F52/><W111/><G113/><T125/><D125/><U114/><E114/><V40/><F93/><W24/><G112/><T124/><D124/><U78/><E78/><V51/><F51/><W62/><G49/><N who="0" m="26871" /><D105/><U65/><E65/><V56/><F40/><N who="3" m="22543" /><G66/><T58/><D58/><AGARI ba="0,0" hai="36,38,39,56,58" m="32983,47599,49769" machi="58" ten="40,8000,1" yaku="19,1,52,3" doraHai="70,6" who="2" fromWho="0" sc="180,-80,148,0,358,80,314,0" />
</Scene>
<Scene>
<INIT seed="6,0,0,0,1,48" ten="100,148,438,314" oya="2" hai0="118,108,7,94,6,87,18,44,59,129,21,116,88" hai1="38,57,101,12,73,72,36,77,58,78,85,2,120" hai2="130,52,47,83,131,110,97,113,80,98,0,105,117" hai3="56,65,96,39,49,67,50,22,126,54,51,132,27"/><V68/><F117/><N who="0" m="45162" /><D108/><U37/><E2/><V93/><F68/><W91/><G39/><T9/><D129/><N who="2" m="49162" /><F0/><W79/><G126/><T122/><D122/><U8/><E101/><N who="2" m="62647" /><F110/><W71/><G132/><T103/><D103/><U135/><E135/><V66/><F66/><N who="3" m="25099" /><G79/><T111/><D44/><U19/><E120/><V1/><F1/><W99/><G71/><T30/><D111/><U33/><E33/><V89/><F113/><W29/><G91/><T81/><D30/><U64/><E64/><V123/><F123/><W15/><G15/><N who="0" m="9439" /><D9/><U82/><REACH who="1" step="1"/><E78/><REACH who="1" ten="100,138,438,314" step="2"/><V26/><F89/><W127/><G127/><T74/><D59/><AGARI ba="0,1" hai="8,12,19,36,37,38,57,58,59,72,73,77,82,85" machi="59" ten="40,8000,1" yaku="1,1,2,1,53,2" doraHai="48" doraHaiUra="104" who="1" fromWho="0" sc="100,-80,138,90,438,0,314,0" />
</Scene>
<Scene>
<INIT seed="7,0,0,5,3,15" ten="20,228,438,314" oya="3" hai0="95,122,54,1,85,79,106,64,102,5,30,77,43" hai1="75,103,124,116,48,62,88,72,91,12,52,128,59" hai2="36,11,57,100,41,45,20,38,33,22,126,28,80" hai3="125,114,110,0,135,44,42,107,115,29,14,46,96"/><W3/><G125/><T67/><D122/><U26/><E124/><V40/><F126/><W81/><G135/><T82/><D30/><U31/><E128/><V93/><F57/><W18/><G110/><T35/><D35/><U66/><E103/><V84/><F33/><W98/><G29/><T120/><D120/><U51/><E51/><V101/><F11/><N who="3" m="6495" /><G81/><T130/><D43/><U61/><E61/><V53/><F53/><W117/><G117/><T39/><D39/><U7/><E116/><V112/><F112/><N who="3" m="43051" /><G46/><T21/><D130/><U60/><E60/><V74/><F80/><W89/><G89/><T70/><D70/><U129/><E129/><V6/><F45/><W19/><G19/><T27/><D79/><U108/><E108/><V65/><F28/><W69/><G69/><T132/><D77/><U2/><E2/><N who="3" m="554" /><G107/><T37/><D67/><U17/><E7/><V97/><F65/><W104/><G104/><T111/><D64/><U90/><E31/><V73/><F6/><W23/><G23/><T86/><D5/><U118/><E26/><V34/><F34/><W25/><G25/><T123/><D1/><U76/><E76/><V83/><F83/><W32/><G32/><T133/><D21/><U105/><E105/><V109/><F109/><W13/><G13/><T87/><D27/><U63/><E118/><V94/><F84/><W99/><G99/><AGARI ba="0,0" hai="20,22,36,38,40,41,73,74,93,94,97,99,100,101" machi="99" ten="25,1600,0" yaku="22,2" doraHai="15" who="2" fromWho="3" sc="20,0,228,0,438,16,314,-16" owari="20,-48.0,228,-17.0,454,55.0,298,10.0" />
</Scene>
</mjloggm>