<mjloggm ver="2.3"><GO type="169" lobby="0"/><UN n0="%E3%82%A8%E3%82%B9%E3%83%86%E3%83%BC" n1="%E5%A4%AA%E3%81%8F%E3%81%AA%E3%81%84%E3%81%8A" n2="%E3%82%A4%E3%83%8B%E3%82%A8%E3%82%B9%E3%82%BF" n3="%E8%B7%AF%E5%9C%B0%E8%A3%8F%E3%81%AE%E3%81%B2%E3%81%BE%E3%82%8F%E3%82%8A" dan="17,17,18,16" rate="2114.67,2167.01,2160.62,2077.85" sx="F,M,M,M"/><TAIKYOKU oya="0"/>

<Scene>
<INIT seed="0,0,0,3,0,107" ten="250,250,250,250" oya="0" hai0="134,34,76,33,67,42,93,9,88,89,131,120,1" hai1="105,52,130,64,126,65,62,118,68,41,5,37,11" hai2="24,75,99,103,57,83,45,129,98,54,50,51,60" hai3="70,29,92,44,8,40,10,63,22,53,12,39,82"/><T31/><D120/><U132/><E132/><V47/><BYE who="1" /><F129/><W81/><G92/><T16/><D134/><U36/><E36/><V18/><F75/><W38/><G38/><UN n1="%E5%A4%AA%E3%81%8F%E3%81%AA%E3%81%84%E3%81%8A" /><T133/><D133/><U106/><E118/><V43/><F83/><W55/><G8/><T116/><D116/><U109/><E65/><V122/><F122/><W13/><G53/><T79/><D131/><U23/><E130/><V6/><F6/><W74/><G74/><T123/><D123/><U95/><E109/><V112/><F112/><W21/><G21/><T124/><D124/><U108/><E108/><V72/><F72/><W84/><G84/><N who="0" m="52359" /><D33/><U77/><E77/><N who="0" m="29769" /><D34/><U30/><E126/><V121/><F121/><W78/><G78/><T25/><D1/><U48/><E95/><V73/><F73/><W104/><G104/><T100/><D100/><U15/><E30/><V128/><F128/><W71/><G71/><T91/><D42/><U20/><E106/><V56/><F103/><W35/><G35/><T4/><D4/><U94/><E105/><V2/><F2/><W135/><G135/><T113/><D113/><U7/><E7/><V80/><F80/><W0/><G0/><T14/><D67/><U101/><E101/><V119/><F119/><W46/><G70/><T125/><D125/><U26/><E94/><V90/><F90/><N who="0" m="34314" /><D31/><U66/><E66/><N who="2" m="39175" /><F57/><W85/><G39/><T27/><AGARI ba="0,0" hai="9,14,16,25,27" m="34314,29769,52359" machi="27" ten="30,6000,0" yaku="8,1,54,2" doraHai="107" who="0" fromWho="0" sc="250,60,250,-20,250,-20,250,-20" />
</Scene>
<Scene>
<INIT seed="0,1,0,5,3,99" ten="310,230,230,230" oya="0" hai0="90,30,33,56,94,117,133,122,1,63,131,112,126" hai1="72,20,91,15,5,43,23,96,80,0,53,67,110" hai2="75,2,70,106,103,49,7,39,107,50,108,28,47" hai3="24,61,12,121,130,86,36,115,88,69,40,57,35"/><T19/><D122/><U22/><E110/><V51/><F70/><W79/><G115/><T97/><D112/><U68/><E0/><V65/><F65/><W4/><G121/><T95/><D117/><U92/><E43/><V16/><F28/><W44/><G69/><T31/><D1/><U87/><E72/><V8/><F75/><W25/><G130/><T55/><D126/><U101/><E53/><V74/><F74/><W124/><G79/><T66/><D133/><U85/><E68/><V93/><F108/><W3/><G3/><T81/><D81/><U109/><E109/><V14/><F39/><W102/><G102/><N who="0" m="60727" /><D33/><U120/><E67/><V84/><F47/><W58/><G124/><T9/><D66/><U77/><E120/><V100/><F106/><W34/><G34/><T119/><D131/><U18/><REACH who="1" step="1"/><E5/><REACH who="1" ten="310,220,230,230" step="2"/><V27/><F2/><W21/><G4/><T104/><D119/><U46/><E46/><V11/><F107/><AGARI ba="1,1" hai="15,18,20,22,23,77,80,85,87,91,92,96,101,107" machi="107" ten="30,3900,0" yaku="1,1,7,1,52,1,53,0" doraHai="99" doraHaiUra="42" who="1" fromWho="2" sc="310,0,220,52,230,-42,230,0" />
</Scene>
<Scene>
<INIT seed="1,0,0,1,3,12" ten="310,272,188,230" oya="1" hai0="47,13,115,72,42,124,27,59,77,38,135,79,126" hai1="3,52,99,26,73,118,61,2,128,92,93,31,49" hai2="76,130,14,107,87,34,22,51,67,63,75,10,71" hai3="106,89,37,103,108,90,83,105,81,112,58,101,80"/><U121/><E118/><V20/><F34/><W9/><G37/><T60/><D115/><U45/><E121/><V0/><F75/><W21/><G9/><T102/><D135/><U4/><E73/><V55/><F0/><W69/><G69/><T129/><D129/><U46/><E128/><V68/><F107/><N who="3" m="40971" /><G21/><T95/><D27/><U100/><E4/><V30/><F71/><W127/><G58/><T66/><D72/><U32/><E61/><V134/><F30/><W11/><G11/><T119/><D119/><U85/><E85/><V98/><F98/><W35/><G35/><T23/><D95/><U96/><REACH who="1" step="1"/><E45/><REACH who="1" ten="310,262,188,230" step="2"/><V19/><F130/><W78/><G112/><T8/><D47/><U16/><E16/><V120/><F120/><W82/><G127/><T43/><D124/><U36/><E36/><V48/><F134/><W74/><G108/><T1/><D60/><U7/><E7/><V50/><F87/><W116/><G116/><T17/><D38/><U117/><E117/><V84/><F84/><W104/><G104/><T41/><D126/><U88/><AGARI ba="0,1" hai="2,3,26,31,32,46,49,52,88,92,93,96,99,100" machi="88" ten="20,12000,1" yaku="1,1,0,1,7,1,54,2,53,0" doraHai="12" doraHaiUra="131" who="1" fromWho="1" sc="310,-40,262,130,188,-40,230,-40" />
</Scene>
<Scene>
<INIT seed="1,1,0,4,2,33" ten="270,392,148,190" oya="1" hai0="126,128,107,56,90,130,89,7,63,95,67,80,28" hai1="30,61,122,57,71,32,101,119,65,99,60,36,54" hai2="17,77,62,132,11,15,34,93,134,124,70,9,45" hai3="85,44,10,120,26,23,129,14,81,8,1,47,53"/><U103/><E119/><V55/><F34/><W19/><G120/><T75/><D107/><U66/><E122/><V6/><F77/><W35/><G129/><N who="0" m="49771" /><D126/><U49/><E36/><V18/><F124/><W113/><G113/><T86/><D28/><U69/><REACH who="1" step="1"/><E99/><REACH who="1" ten="270,382,148,190" step="2"/><V111/><F132/><W50/><G35/><T43/><D75/><U98/><E98/><V52/><F134/><W123/><G123/><T100/><D100/><U16/><E16/><V131/><F18/><W31/><G10/><T135/><D135/><U51/><E51/><V118/><F17/><W68/><G68/><T112/><D112/><U64/><E64/><V117/><F11/><W94/><G94/><T25/><D95/><U87/><E87/><V102/><F131/><W78/><REACH who="3" step="1"/><G1/><REACH who="3" ten="270,382,148,180" step="2"/><T24/><D80/><U127/><E127/><V48/><F70/><W4/><G4/><T37/><D7/><U84/><E84/><V88/><F117/><W27/><G27/><AGARI ba="1,2" hai="27,30,32,49,54,57,60,61,65,66,69,71,101,103" machi="27" ten="40,7700,0" yaku="1,1,9,1,53,1" doraHai="33" doraHaiUra="46" who="1" fromWho="3" sc="270,0,382,100,148,0,180,-80" />
</Scene>
<Scene>
<INIT seed="1,2,0,0,3,90" ten="270,482,148,100" oya="1" hai0="15,84,132,56,34,79,74,71,20,102,7,75,76" hai1="131,129,1,77,14,72,88,16,0,70,85,41,122" hai2="66,18,92,106,42,99,57,63,120,32,86,24,67" hai3="111,73,60,28,101,47,128,25,53,96,51,22,110"/><U117/><E117/><V89/><F120/><W94/><G73/><T124/><D34/><U125/><E122/><V8/><F32/><W87/><G128/><N who="1" m="49226" /><E70/><V121/><F121/><W40/><G87/><T46/><D46/><U104/><E104/><V108/><F108/><W29/><G29/><T105/><D102/><U64/><E64/><V31/><F42/><W133/><G133/><T52/><D71/><U113/><E113/><V127/><F127/><W48/><REACH who="3" step="1"/><G60/><REACH who="3" ten="270,482,148,90" step="2"/><T103/><D84/><U68/><E85/><V81/><F31/><W61/><G61/><T98/><D132/><U114/><E72/><V37/><F63/><W123/><G123/><T3/><D75/><U33/><E114/><V17/><F86/><W107/><G107/><T13/><D74/><U11/><E125/><V39/><F106/><W35/><G35/><T27/><D124/><U49/><E33/><V95/><F81/><W91/><G91/><T12/><D76/><U5/><E88/><V59/><F89/><W83/><G83/><T62/><D79/><U130/><E77/><V9/><F99/><W118/><G118/><T69/><D69/><U2/><E68/><V30/><F30/><W109/><G109/><T80/><D80/><U45/><E130/><V10/><F10/><AGARI ba="2,1" hai="0,1,2,5,10,11,14,16,41,45,49" m="49226" machi="10" ten="30,2900,0" yaku="19,1,54,1" doraHai="90" who="1" fromWho="2" sc="270,0,482,45,148,-35,90,0" />
</Scene>
<Scene>
<INIT seed="1,3,0,0,4,51" ten="270,527,113,90" oya="1" hai0="2,47,49,93,69,55,36,35,71,61,115,24,122" hai1="111,37,117,129,76,40,70,6,133,123,82,90,135" hai2="68,52,15,8,66,98,103,50,33,22,31,29,100" hai3="58,9,5,104,20,101,87,79,38,60,132,41,18"/><U107/><E70/><V13/><F33/><W89/><G132/><T131/><D115/><U99/><E6/><N who="2" m="3223" /><F68/><W116/><G79/><T64/><D2/><U32/><E32/><V30/><F66/><W16/><G116/><T57/><D131/><U84/><E40/><V7/><F98/><W59/><G101/><N who="2" m="38985" /><F7/><W19/><G104/><T39/><D122/><U3/><E37/><N who="0" m="14409" /><D93/><N who="1" m="56759" /><E3/><V128/><F128/><W10/><G59/><N who="0" m="36927" /><D35/><U97/><E129/><V62/><F62/><W120/><G120/><T85/><D85/><U96/><E123/><V81/><F81/><W119/><G119/><T88/><D69/><U56/><E82/><V17/><F30/><W21/><G5/><T121/><D71/><U74/><E107/><V127/><F127/><W113/><G113/><T130/><D130/><U11/><E117/><V65/><F65/><W43/><G9/><T45/><D121/><U94/><E11/><V83/><F83/><N who="3" m="49407" /><G10/><T124/><D124/><U118/><E118/><V126/><F126/><W44/><G21/><T26/><D88/><U106/><E106/><V114/><F114/><W95/><G20/><T28/><D28/><U12/><E133/><V134/><F134/><W105/><G105/><T23/><D23/><U48/><E135/><V125/><F125/><W67/><G95/><T102/><D102/><U92/><E94/><V14/><F14/><W108/><G19/><T80/><D80/><U78/><E92/><V110/><F31/><W25/><G18/><T112/><D112/><U72/><E96/><V4/><F29/><W0/><G16/><T27/><AGARI ba="3,0" hai="24,26,27,45,47,49,55,57" m="36927,14409" machi="27" ten="30,2000,0" yaku="5,1,52,1" doraHai="51" who="0" fromWho="0" sc="270,29,527,-13,113,-8,90,-8" />
</Scene>
<Scene>
<INIT seed="2,0,0,2,1,63" ten="299,514,105,82" oya="2" hai0="20,43,61,23,58,77,99,60,120,64,27,94,9" hai1="132,3,21,30,15,34,91,78,112,24,82,53,131" hai2="90,56,10,109,103,29,44,127,37,7,74,17,87" hai3="8,5,113,115,22,92,129,104,135,89,48,65,13"/><V2/><F74/><W110/><G104/><T119/><D120/><U114/><E3/><V50/><F29/><W68/><G110/><T41/><D119/><U95/><E132/><V12/><F109/><W14/><G135/><T71/><D77/><U46/><E131/><V55/><F103/><W25/><G129/><T59/><D9/><U36/><E15/><V124/><F37/><W67/><G13/><T11/><D11/><U106/><E34/><V76/><F76/><W101/><G101/><T97/><D71/><U125/><E106/><V118/><F118/><W1/><G1/><T100/><D97/><U40/><E53/><V38/><F38/><W130/><G68/><T62/><D62/><U121/><E121/><V75/><F75/><W47/><G130/><T83/><D83/><U88/><E91/><V6/><F44/><W54/><G115/><T117/><D20/><U35/><E35/><V26/><F26/><W116/><G113/><T126/><D126/><N who="2" m="48170" /><F2/><W85/><G116/><T123/><D123/><U45/><E45/><V16/><F7/><W102/><G102/><T31/><D117/><U80/><E125/><V86/><F86/><W33/><G33/><T69/><D69/><U70/><E70/><V81/><AGARI ba="0,0" hai="6,10,12,16,17,50,55,56,81,87,90" m="48170" machi="81" ten="30,3000,0" yaku="18,1,54,1" doraHai="63" who="2" fromWho="2" sc="299,-10,514,-10,105,30,82,-10" />
</Scene>
<Scene>
<INIT seed="2,1,0,5,1,98" ten="289,504,135,72" oya="2" hai0="56,87,41,61,22,126,49,60,104,14,114,38,135" hai1="46,45,105,50,90,1,31,123,115,51,9,35,129" hai2="18,10,39,79,101,125,127,81,88,52,12,63,67" hai3="122,48,112,97,93,0,28,32,4,33,58,130,25"/><V111/><F39/><W121/><G33/><T2/><D2/><U68/><E105/><V131/><F131/><W113/><G130/><T19/><D114/><N who="3" m="44137" /><G4/><T7/><D38/><U102/><E90/><V64/><F111/><W89/><G0/><T78/><D104/><U85/><E85/><N who="2" m="50223" /><F79/><W99/><G99/><T103/><D126/><N who="2" m="48138" /><F101/><W37/><G37/><T94/><D135/><U120/><E102/><V21/><F21/><W53/><AGARI ba="1,0" hai="25,28,32,48,53,58,89,93,97,121,122" m="44137" machi="53" ten="30,1100,0" yaku="11,1" doraHai="98" who="3" fromWho="3" sc="289,-4,504,-4,135,-6,72,14" />
</Scene>
<Scene>
<INIT seed="3,0,0,2,5,88" ten="285,500,129,86" oya="3" hai0="111,83,22,104,124,25,69,91,73,47,62,64,8" hai1="55,19,26,90,12,80,28,108,98,102,127,128,118" hai2="113,15,96,43,100,31,56,51,52,20,134,7,6" hai3="61,94,63,112,130,35,33,1,123,77,126,110,84"/><W65/><G112/><T109/><D104/><U89/><E108/><V30/><F113/><W38/><G123/><T45/><D124/><U9/><E127/><V129/><F134/><W24/><G126/><T40/><D8/><U116/><E128/><V2/><F2/><W21/><G130/><T50/><D45/><U106/><E55/><V87/><F43/><W76/><G110/><N who="0" m="41995" /><D91/><U46/><E46/><V17/><F129/><W92/><G38/><T114/><D114/><U5/><E5/><V68/><F68/><W66/><G1/><T75/><D83/><U49/><E49/><V132/><F132/><W135/><G135/><T105/><D105/><U115/><E115/><V36/><F36/><W54/><G54/><T57/><D57/><U72/><E90/><V101/><F87/><W42/><G42/><T23/><D23/><U60/><E89/><V107/><F100/><W71/><G21/><T81/><D81/><U82/><E82/><V11/><F6/><W120/><G120/><T27/><D22/><U85/><E85/><V125/><F125/><W133/><G133/><T74/><AGARI ba="0,0" hai="25,27,40,47,50,62,64,69,73,74,75" m="41995" machi="74" ten="40,1500,0" yaku="14,1" doraHai="88" who="0" fromWho="0" sc="285,15,500,-4,129,-4,86,-7" />
</Scene>
<Scene>
<INIT seed="4,0,0,2,0,125" ten="300,496,125,79" oya="0" hai0="50,111,23,118,55,93,42,8,7,27,19,4,51" hai1="58,107,21,131,110,11,62,78,91,80,104,46,41" hai2="122,6,53,129,67,26,123,71,109,18,49,1,101" hai3="120,83,40,68,117,52,134,73,132,38,9,37,16"/><T25/><D118/><U61/><E61/><V82/><F101/><W64/><G117/><T119/><D119/><U20/><E20/><V29/><F109/><W95/><G120/><T85/><D111/><U72/><E110/><V69/><F18/><W75/><G95/><T17/><D42/><U30/><E91/><V24/><F82/><W86/><G64/><T133/><D133/><N who="3" m="51305" /><G68/><T34/><D34/><U45/><E45/><V112/><F67/><W89/><G40/><T105/><D105/><U33/><E33/><V90/><F53/><W121/><G121/><T92/><D85/><U13/><E21/><V106/><F106/><W65/><G65/><T99/><D23/><U22/><E22/><V77/><F71/><W66/><G66/><T12/><D55/><U81/><E30/><V43/><F69/><W98/><G98/><T100/><D100/><U48/><E104/><V39/><F43/><W59/><G37/><T103/><D103/><U70/><E107/><V0/><F39/><W97/><G97/><T127/><D99/><U126/><E70/><V115/><F122/><W124/><G124/><T96/><D96/><U63/><E126/><V57/><F123/><W36/><G36/><T130/><D127/><U87/><E41/><V10/><F29/><W108/><G108/><T3/><D92/><U56/><E80/><V135/><F135/><W5/><G38/><T32/><D93/><U128/><E81/><V35/><F90/><W15/><G5/><T102/><D4/><U44/><E78/><V116/><F116/><W60/><AGARI ba="0,0" hai="9,15,16,52,59,60,73,75,83,86,89" m="51305" machi="60" ten="30,4000,0" yaku="20,1,54,2" doraHai="125" who="3" fromWho="3" sc="300,-20,496,-10,125,-10,79,40" />
</Scene>
<Scene>
<INIT seed="5,0,0,5,3,9" ten="280,486,115,119" oya="1" hai0="71,49,38,135,129,44,103,112,120,79,95,76,97" hai1="34,73,96,62,104,48,51,22,105,123,54,99,47" hai2="24,12,37,109,30,57,60,41,106,98,127,46,50" hai3="31,40,90,87,121,45,110,21,15,92,108,86,69"/><U8/><E34/><V119/><F109/><W114/><G121/><T118/><D118/><U5/><E73/><V17/><F119/><W72/><G72/><T116/><D116/><U67/><E123/><V102/><F127/><W74/><G74/><T133/><D120/><U1/><E22/><V27/><F37/><W55/><G114/><T80/><D112/><U19/><E19/><V36/><F36/><W32/><G69/><T84/><D129/><U122/><E122/><V101/><F101/><W14/><G32/><T58/><D71/><U42/><E99/><V117/><F30/><W132/><G132/><N who="0" m="50763" /><D58/><U100/><E104/><V20/><REACH who="2" step="1"/><F117/><REACH who="2" ten="280,486,105,119" step="2"/><W78/><G110/><T89/><D38/><U82/><E100/><V130/><F130/><W6/><G108/><T113/><D113/><U0/><E105/><V115/><F115/><W33/><G33/><T93/><D93/><U68/><E82/><V23/><F23/><W64/><G21/><T81/><D80/><U2/><E96/><V16/><F16/><W52/><G31/><T61/><D103/><U77/><E77/><V29/><F29/><W107/><G107/><T59/><D97/><U53/><E42/><V131/><F131/><W88/><G78/><T56/><D81/><U70/><E5/><V75/><F75/><W128/><G128/><T111/><D111/><U35/><E35/><V134/><F134/><W4/><G40/><N who="0" m="24711" /><D79/><U43/><E43/><V126/><F126/><W94/><G45/><T25/><D76/><U125/><E47/><V65/><AGARI ba="0,1" hai="12,17,20,24,27,41,46,50,57,60,65,98,102,106" machi="65" ten="20,5200,0" yaku="1,1,0,1,7,1,52,1,53,0" doraHai="9" doraHaiUra="66" who="2" fromWho="2" sc="280,-13,486,-26,105,62,119,-13" />
</Scene>
<Scene>
<INIT seed="6,0,0,5,4,93" ten="267,460,167,106" oya="2" hai0="105,72,95,116,122,32,59,53,20,64,84,78,18" hai1="25,129,15,62,3,113,66,130,21,26,8,22,96" hai2="19,67,86,52,83,77,127,81,55,80,35,88,39" hai3="24,50,28,63,9,16,70,14,106,121,69,115,119"/><V90/><F39/><W76/><G119/><T45/><D122/><U112/><E3/><V124/><F35/><W2/><G121/><T107/><D45/><U101/><E22/><V6/><F6/><W30/><G115/><N who="1" m="44106" /><E15/><V92/><F67/><W23/><G106/><T103/><D95/><N who="1" m="58527" /><E8/><V108/><F108/><W51/><G76/><T71/><D59/><N who="1" m="37215" /><E26/><V79/><F19/><AGARI ba="0,0" hai="19,21,25,129,130" m="37215,58527,44106" machi="19" ten="30,2000,0" yaku="15,1,52,1" doraHai="93" who="1" fromWho="2" sc="267,0,460,20,167,-20,106,0" />
</Scene>
<Scene>
<INIT seed="7,0,0,4,5,67" ten="267,480,147,106" oya="3" hai0="125,44,103,120,71,122,118,83,63,131,132,27,18" hai1="88,58,119,99,108,36,54,52,62,127,0,106,10" hai2="70,50,96,128,80,111,73,19,84,69,107,49,59" hai3="15,2,115,75,20,12,117,48,33,13,30,51,109"/><W53/><G117/><T9/><D118/><U64/><E119/><V93/><F111/><W86/><G75/><T46/><D83/><U35/><E35/><V11/><F107/><W16/><G109/><T57/><D125/><U129/><E36/><V87/><F73/><W23/><G115/><T39/><D131/><U29/><E108/><V89/><F128/><W61/><G2/><T72/><D132/><U130/><E29/><V95/><F69/><W56/><G33/><T98/><D44/><U112/><E112/><V100/><F70/><W79/><G30/><T135/><D71/><U74/><E54/><V121/><F121/><W4/><G4/><T81/><D27/><U34/><E88/><N who="2" m="51303" /><F59/><W38/><G38/><T126/><D126/><U28/><E10/><V32/><F32/><W123/><G123/><T1/><D18/><U41/><E41/><V8/><F8/><W14/><REACH who="3" step="1"/><G23/><REACH who="3" ten="267,480,147,96" step="2"/><T85/><D72/><U124/><E28/><V110/><F110/><W40/><G40/><T17/><D39/><U25/><E0/><V7/><F7/><W24/><G24/><T77/><D1/><U5/><E25/><V26/><F11/><W91/><G91/><T133/><D9/><U105/><E5/><V6/><F6/><W68/><G68/><T42/><D42/><U47/><E34/><V82/><F82/><AGARI ba="0,1" hai="12,13,14,15,16,20,48,51,53,56,61,79,82,86" machi="82" ten="40,7700,0" yaku="1,1,8,1,54,1,53,0" doraHai="67" doraHaiUra="114" who="3" fromWho="2" sc="267,0,480,0,147,-77,96,87" />
</Scene>
<Scene>
<INIT seed="7,1,0,5,5,120" ten="267,480,70,183" oya="3" hai0="130,122,69,112,0,24,51,102,35,94,76,55,133" hai1="81,89,53,5,26,34,74,103,16,71,127,86,90" hai2="57,37,38,131,58,97,99,32,52,108,47,59,114" hai3="111,77,68,65,85,63,70,3,134,124,88,29,18"/><W116/><G116/><T119/><D119/><U30/><E71/><V135/><F32/><W21/><G77/><T125/><D94/><U110/><E5/><V75/><F75/><W80/><G124/><T105/><D24/><U93/><E103/><V20/><F20/><W50/><G134/><T123/><D51/><U78/><E127/><V9/><F9/><W73/><G111/><T43/><D55/><U33/><E110/><V84/><F108/><W44/><G29/><T126/><D76/><U40/><E40/><V129/><F84/><W72/><G68/><T49/><D43/><U36/><E36/><N who="2" m="13931" /><F99/><W27/><G3/><T42/><D69/><U115/><E53/><AGARI ba="1,0" hai="18,21,27,44,50,53,63,65,70,72,73,80,85,88" machi="53" ten="30,2900,0" yaku="7,1,54,1" doraHai="120" who="3" fromWho="1" sc="267,0,480,-32,70,0,183,32" />
</Scene>
<Scene>
<INIT seed="7,2,0,0,4,8" ten="267,448,70,215" oya="3" hai0="56,106,1,81,20,85,66,25,0,9,79,116,133" hai1="22,36,107,61,29,93,105,49,118,132,122,26,77" hai2="4,104,119,88,78,58,6,124,5,103,14,13,95" hai3="112,55,62,83,57,32,96,115,30,18,19,59,82"/><W3/><G3/><T121/><D116/><U130/><E36/><V31/><F119/><W92/><G59/><T41/><D121/><U42/><E118/><V68/><F68/><W74/><G32/><T117/><D117/><U110/><E110/><V90/><F104/><W131/><G30/><N who="0" m="17703" /><D106/><U71/><E122/><V64/><F124/><W113/><G131/><T28/><D0/><U102/><E77/><V128/><F128/><W51/><G51/><T15/><D1/><U87/><E130/><V72/><F31/><W101/><G74/><T109/><D109/><U38/><E38/><V80/><F103/><W35/><G35/><T94/><D28/><U65/><E132/><V63/><REACH who="2" step="1"/><F90/><REACH who="2" ten="267,448,60,215" step="2"/><W12/><G101/><T123/><D123/><U2/><E102/><V111/><F111/><W76/><G115/><T50/><D133/><U99/><E105/><V134/><F134/><W47/><G113/><T48/><D41/><U52/><E42/><V69/><F69/><W89/><G89/><T34/><D34/><U108/><E107/><V67/><F67/><W7/><G112/><T120/><D120/><U86/><E65/><V125/><F125/><W60/><G55/><T129/><D129/><U127/><E52/><V46/><F46/><W98/><G47/><T91/><D66/><U75/><E127/><V126/><F126/><W54/><G54/><T53/><D53/><U24/><E71/><V84/><AGARI ba="2,1" hai="4,5,6,13,14,58,63,64,72,78,80,84,88,95" machi="84" ten="30,12000,2" yaku="1,1,0,1,52,2,54,1,53,1" doraHai="8" doraHaiUra="73" who="2" fromWho="2" sc="267,-32,448,-32,60,136,215,-62" owari="235,4.0,416,51.0,196,-20.0,153,-35.0" />
</Scene>
</mjloggm>