<mjloggm ver="2.3"><GO type="169" lobby="0"/><UN n0="%E3%83%94%E3%83%A7%E3%83%B3%E5%90%89" n1="%E6%A5%A0%E5%B9%B8%E6%9D%91" n2="%72%69%74%65" n3="%E5%A4%AA%E3%81%8F%E3%81%AA%E3%81%84%E3%81%8A" dan="17,16,16,18" rate="2167.02,2101.11,2099.25,2163.01" sx="F,F,M,M"/><TAIKYOKU oya="0"/>

<Scene>
<INIT seed="0,0,0,0,1,67" ten="250,250,250,250" oya="0" hai0="10,63,17,19,135,95,35,82,91,125,76,102,18" hai1="101,89,119,5,23,118,81,96,15,4,70,44,134" hai2="27,8,104,52,45,92,47,34,33,120,88,60,128" hai3="129,87,65,16,57,122,40,79,98,103,24,72,112"/><T43/><D35/><U99/><E134/><V49/><F120/><W3/><G112/><T38/><D135/><U75/><E70/><V80/><F128/><W85/><G3/><T109/><D102/><U48/><E75/><V117/><F104/><W9/><G129/><T32/><D32/><U108/><E108/><V133/><F133/><W20/><G122/><T31/><D31/><U132/><E132/><V26/><F117/><W86/><G40/><T93/><D125/><U130/><E130/><V50/><F80/><W84/><G72/><T37/><D63/><U100/><E23/><V73/><F73/><W51/><G9/><T126/><D126/><U59/><E59/><N who="2" m="34919" /><F34/><W105/><G65/><T97/><D95/><U22/><E22/><V106/><F33/><W113/><G113/><T41/><D109/><U124/><E124/><V127/><F106/><W2/><G2/><T114/><D114/><U115/><E115/><V28/><F8/><W66/><G66/><T74/><REACH who="0" step="1"/><D10/><REACH who="0" ten="240,250,250,250" step="2"/><U6/><E118/><V56/><F127/><W62/><G62/><T0/><D0/><U36/><E119/><V90/><F28/><W77/><G103/><T58/><D58/><U121/><E101/><V21/><F56/><W25/><G57/><T14/><D14/><U78/><E100/><V71/><F21/><W110/><G110/><T12/><D12/><U123/><E15/><V30/><F30/><W54/><G20/><T61/><D61/><U39/><E123/><V42/><F92/><W94/><G94/><T107/><D107/><U13/><E121/><V64/><F27/><RYUUKYOKU ba="0,1" sc="240,30,250,-10,250,-10,250,-10" hai0="17,18,19,37,38,41,43,74,76,82,91,93,97" />
</Scene>
<Scene>
<INIT seed="0,1,1,5,2,81" ten="270,240,240,240" oya="0" hai0="87,68,59,90,57,82,113,99,103,63,7,25,121" hai1="39,48,37,58,70,46,6,14,109,88,29,45,122" hai2="36,21,16,126,105,95,19,52,111,50,2,91,96" hai3="55,3,106,53,1,0,18,4,94,130,86,78,131"/><T30/><D113/><U9/><E122/><V49/><F2/><W84/><G106/><T34/><D121/><U104/><E104/><V107/><F36/><W133/><G133/><T89/><D7/><U114/><E70/><V83/><F111/><W66/><G4/><T41/><D41/><U38/><E109/><V112/><F112/><W76/><G66/><T132/><D132/><U119/><E119/><V80/><F126/><W85/><G94/><T116/><D116/><U134/><E134/><V72/><F107/><W42/><G42/><T51/><D51/><U69/><E69/><V92/><F105/><W44/><G18/><N who="2" m="6697" /><F72/><W28/><G28/><T117/><D117/><U17/><E114/><V97/><F21/><W101/><G101/><T64/><REACH who="0" step="1"/><D103/><REACH who="0" ten="260,240,240,240" step="2"/><U54/><E29/><V79/><F50/><W135/><G135/><T8/><D8/><U43/><E43/><V129/><F129/><N who="3" m="49163" /><G44/><T62/><D62/><U35/><E6/><V128/><F128/><W71/><G71/><T10/><D10/><U12/><E12/><V22/><F49/><W108/><G108/><T74/><D74/><U125/><E125/><V67/><F79/><AGARI ba="1,2" hai="0,1,3,53,55,76,78,79,84,85,86" m="49163" machi="79" ten="40,12000,2" yaku="28,2,19,1,52,3" doraHai="81" who="3" fromWho="2" sc="260,0,240,0,240,-123,240,143" />
</Scene>
<Scene>
<INIT seed="1,0,0,1,1,103" ten="260,240,117,383" oya="1" hai0="62,19,96,89,115,84,6,59,13,27,72,126,98" hai1="109,133,99,120,68,102,30,35,121,41,0,53,64" hai2="119,20,128,104,85,110,94,14,130,83,33,69,37" hai3="114,91,12,125,117,79,7,106,71,24,48,77,5"/><U61/><E0/><V93/><F33/><W132/><G114/><T65/><D72/><U66/><E66/><V38/><F119/><W111/><G71/><T82/><D126/><U3/><E133/><V51/><F69/><W86/><G111/><T101/><D115/><U11/><E53/><V108/><F51/><W32/><G125/><T118/><D118/><U73/><E41/><V54/><F54/><W100/><G117/><T47/><D47/><U49/><E49/><V63/><F63/><W124/><G124/><T42/><D42/><U21/><E73/><V127/><F127/><W40/><G132/><T46/><D46/><U75/><E75/><V36/><F20/><W16/><G48/><T9/><D101/><U43/><E21/><AGARI ba="0,0" hai="6,9,13,19,21,27,59,62,65,82,84,89,96,98" machi="21" ten="40,1300,0" yaku="8,1" doraHai="103" who="0" fromWho="1" sc="260,13,240,-13,117,0,383,0" />
</Scene>
<Scene>
<INIT seed="2,0,0,1,5,48" ten="273,227,117,383" oya="2" hai0="106,5,131,61,125,116,15,109,102,91,19,119,16" hai1="100,90,28,88,124,133,115,122,52,14,84,129,95" hai2="24,21,57,93,13,112,47,27,89,0,104,58,81" hai3="9,105,33,117,10,69,111,99,12,51,110,107,42"/><V53/><F0/><W46/><G117/><N who="0" m="45131" /><D109/><N who="3" m="41481" /><G33/><T54/><D125/><U85/><E122/><V96/><F112/><W43/><G69/><T86/><D102/><U63/><E115/><V29/><F104/><N who="3" m="40011" /><G99/><T123/><D131/><U134/><E129/><V45/><F13/><W114/><G114/><T126/><D126/><U23/><E124/><V30/><F81/><W2/><G2/><T68/><D106/><U7/><E100/><V18/><F58/><W83/><G83/><T72/><D72/><U8/><E28/><N who="2" m="10859" /><F24/><W75/><G75/><T64/><D123/><U40/><E23/><V113/><F113/><W62/><G10/><N who="0" m="4559" /><D54/><U31/><E31/><V32/><F32/><W67/><G9/><T60/><D61/><AGARI ba="0,0" hai="18,21,27,45,47,53,57,61,89,93,96" m="10859" machi="61" ten="30,5800,0" yaku="25,1,8,1,52,1" doraHai="48" who="2" fromWho="0" sc="273,-58,227,0,117,58,383,0" />
</Scene>
<Scene>
<INIT seed="2,1,0,4,2,16" ten="215,227,175,383" oya="2" hai0="124,69,88,97,89,134,27,26,31,28,108,22,5" hai1="10,91,90,50,114,102,39,70,126,99,38,71,58" hai2="95,84,47,40,77,116,75,45,14,64,63,6,0" hai3="72,105,9,118,3,86,122,12,103,21,30,115,80"/><V81/><F116/><W74/><G118/><T35/><D108/><U33/><E33/><V119/><F119/><W59/><G122/><T57/><D69/><U104/><E114/><V83/><F95/><W19/><G115/><T7/><D124/><U132/><E126/><V49/><F0/><W65/><G105/><T129/><D57/><U109/><E109/><V131/><F131/><W100/><G74/><T96/><D129/><U106/><E132/><V135/><F135/><W78/><G72/><T42/><D42/><U94/><E106/><V92/><F92/><W121/><G121/><T43/><D43/><U48/><E91/><V13/><F47/><W82/><G82/><T11/><D134/><U8/><E70/><V73/><F6/><W111/><G111/><T98/><REACH who="0" step="1"/><D5/><REACH who="0" ten="205,227,175,383" step="2"/><U87/><E71/><V36/><F36/><W66/><G59/><T120/><D120/><U76/><E39/><V51/><F49/><W44/><G44/><T46/><D46/><U125/><E38/><V20/><F75/><W130/><G130/><T112/><D112/><U67/><E125/><V29/><F63/><W4/><G4/><T52/><D52/><U110/><E110/><V24/><REACH who="2" step="1"/><F64/><REACH who="2" ten="205,227,165,383" step="2"/><W18/><G66/><T25/><D25/><U23/><E67/><V117/><F117/><W34/><G65/><T127/><D127/><U113/><E50/><V133/><F133/><W85/><G3/><AGARI ba="1,2" hai="3,7,11,22,26,27,28,31,35,88,89,96,97,98" machi="3" ten="40,5200,0" yaku="1,1,52,1,54,1,53,0" doraHai="16" doraHaiUra="41" who="0" fromWho="3" sc="205,75,227,0,165,0,383,-55" />
</Scene>
<Scene>
<INIT seed="3,0,0,2,5,106" ten="280,227,165,328" oya="3" hai0="25,93,131,34,86,31,33,135,48,62,65,49,63" hai1="16,18,58,23,102,104,109,17,50,126,5,114,85" hai2="29,35,41,87,103,10,113,0,73,21,60,74,51" hai3="4,46,28,37,19,66,99,36,118,88,57,64,115"/><W94/><G115/><T134/><D131/><U130/><E114/><V122/><F113/><W97/><G118/><T90/><D34/><U9/><E130/><V101/><F35/><W119/><G119/><T83/><D63/><U76/><E126/><V82/><F122/><W71/><G71/><T116/><D116/><U69/><E69/><V128/><F128/><W120/><G120/><T100/><D100/><U52/><E109/><V59/><F41/><W108/><G28/><T127/><D127/><U78/><E23/><V56/><F51/><W61/><G64/><T132/><REACH who="0" step="1"/><D93/><REACH who="0" ten="270,227,165,328" step="2"/><U26/><E26/><N who="2" m="16591" /><F103/><W91/><G94/><T27/><D27/><U13/><REACH who="1" step="1"/><E85/><REACH who="1" ten="270,217,165,328" step="2"/><V40/><F87/><W42/><G108/><T15/><D15/><U70/><E70/><AGARI ba="0,2" hai="25,31,33,48,49,62,65,70,83,86,90,132,134,135" machi="70" ten="40,2600,0" yaku="1,1,20,1,53,0" doraHai="106" doraHaiUra="43" who="0" fromWho="1" sc="270,46,217,-26,165,0,328,0" />
</Scene>
<Scene>
<INIT seed="4,0,0,1,5,7" ten="316,191,165,328" oya="0" hai0="82,9,113,65,127,111,59,40,16,91,48,14,79" hai1="85,62,116,37,26,42,0,103,43,13,39,126,24" hai2="101,41,25,61,72,75,15,81,135,36,53,27,100" hai3="23,8,35,70,119,106,73,12,60,118,21,4,94"/><T84/><D113/><U11/><E116/><V44/><F135/><W108/><G106/><T30/><D127/><U45/><E126/><V76/><F75/><W31/><G73/><T131/><D131/><U132/><E132/><V114/><F114/><W124/><G124/><T1/><D1/><U133/><E133/><V128/><F128/><W71/><G108/><T19/><D30/><U63/><E103/><V46/><F25/><W20/><G94/><T17/><D111/><U67/><E0/><V86/><F72/><W117/><REACH who="3" step="1"/><G60/><REACH who="3" ten="316,191,165,318" step="2"/><N who="0" m="38047" /><D79/><U74/><E63/><V2/><F61/><W102/><G102/><T88/><D91/><U10/><E74/><V107/><F100/><W32/><G32/><T129/><D129/><U78/><E62/><V104/><F101/><W96/><G96/><T130/><D130/><U3/><E85/><V56/><F104/><W105/><G105/><T58/><D58/><U95/><E95/><V51/><F107/><W125/><G125/><T109/><D109/><U99/><E99/><V115/><F56/><W121/><G121/><T89/><D89/><U77/><E77/><V54/><F115/><W80/><G80/><T69/><D69/><U64/><E78/><V123/><F123/><W97/><G97/><T122/><D122/><U52/><E45/><AGARI ba="0,1" hai="9,14,16,17,19,40,45,48,82,84,88" m="38047" machi="45" ten="30,11600,0" yaku="8,1,52,1,54,2" doraHai="7" who="0" fromWho="1" sc="316,126,191,-116,165,0,318,0" />
</Scene>
<Scene>
<INIT seed="4,1,0,5,3,18" ten="442,75,165,318" oya="0" hai0="26,48,0,111,77,131,81,54,14,105,99,114,66" hai1="28,64,103,57,7,37,112,31,2,89,120,22,11" hai2="124,128,126,132,27,76,129,25,102,8,123,84,88" hai3="113,125,43,85,65,13,104,91,52,59,53,55,9"/><T70/><D0/><U40/><E120/><V45/><F123/><W46/><G104/><T1/><D1/><U74/><E74/><V44/><F76/><W39/><G113/><T51/><D131/><N who="2" m="50250" /><F102/><W79/><G125/><N who="2" m="48233" /><F8/><W96/><G96/><T19/><D99/><U21/><E112/><V58/><F58/><W12/><G79/><T3/><D3/><U47/><E103/><V95/><F132/><W17/><G65/><T130/><D66/><U94/><E28/><V63/><F63/><W93/><REACH who="3" step="1"/><G13/><REACH who="3" ten="442,75,165,308" step="2"/><T75/><D14/><U69/><E69/><V16/><F44/><W72/><G72/><T100/><D75/><U115/><E115/><V86/><F45/><W119/><G119/><T4/><D70/><U117/><E117/><V15/><F86/><W36/><G36/><T6/><D114/><U67/><E31/><V135/><F135/><W49/><AGARI ba="1,1" hai="9,12,17,39,43,46,49,52,53,55,59,85,91,93" machi="49" ten="20,5200,0" yaku="1,1,0,1,7,1,54,1,53,0" doraHai="18" doraHaiUra="29" who="3" fromWho="3" sc="442,-27,75,-14,165,-14,308,65" />
</Scene>
<Scene>
<INIT seed="5,0,0,1,0,56" ten="415,61,151,373" oya="1" hai0="50,38,77,123,9,20,90,125,57,128,8,48,26" hai1="109,68,80,34,59,58,91,44,73,103,101,39,47" hai2="32,62,112,106,63,130,83,53,113,55,22,54,51" hai3="21,118,92,126,79,93,25,97,88,43,133,81,114"/><U60/><E34/><V75/><F32/><W30/><G114/><N who="2" m="44137" /><F106/><W64/><G126/><T17/><D38/><U40/><E109/><V61/><F130/><W122/><G122/><T12/><D128/><U1/><E1/><V70/><F70/><W5/><G133/><T100/><D100/><U104/><E104/><V36/><F36/><W65/><G118/><T6/><D77/><U71/><E44/><N who="2" m="27879" /><F22/><W124/><G124/><T33/><D33/><U105/><E58/><V107/><F107/><W28/><G43/><T117/><D117/><U10/><E10/><V27/><F27/><W78/><G30/><T111/><D111/><U85/><E73/><V96/><F96/><W132/><G132/><T4/><D123/><U16/><E16/><V108/><F108/><W84/><G5/><T121/><D121/><U7/><E7/><V82/><F75/><W87/><REACH who="3" step="1"/><G79/><REACH who="3" ten="415,61,151,363" step="2"/><T115/><D115/><U89/><E89/><AGARI ba="0,1" hai="21,25,28,64,65,78,81,84,87,88,89,92,93,97" machi="89" ten="30,8000,1" yaku="1,1,2,1,7,1,8,1,54,1,53,0" doraHai="56" doraHaiUra="0" who="3" fromWho="1" sc="415,0,61,-80,151,0,363,90" owari="415,22.0,-19,-52.0,151,-25.0,453,55.0" />
</Scene>
</mjloggm>