<mjloggm ver="2.3"><GO type="169" lobby="0"/><UN n0="%E9%81%8A%E8%B5%B0" n1="%73%68%61%70%65%6C%65%72" n2="%E5%A4%AA%E3%81%8F%E3%81%AA%E3%81%84%E3%81%8A" n3="%41%6B%6B%69%79" dan="16,16,17,16" rate="2112.82,2120.29,2163.19,2085.94" sx="F,M,M,M"/><TAIKYOKU oya="0"/>

<Scene>
<INIT seed="0,0,0,1,2,7" ten="250,250,250,250" oya="0" hai0="106,53,80,124,61,83,0,91,101,88,43,77,13" hai1="95,114,3,45,39,117,19,17,94,6,73,16,27" hai2="47,30,108,119,20,60,66,10,28,5,102,122,51" hai3="26,81,111,112,90,64,57,55,40,127,134,110,123"/><T104/><D0/><U72/><E117/><V68/><F119/><W85/><G112/><T31/><D43/><U132/><E114/><V22/><F122/><W12/><G134/><T86/><D124/><U2/><E27/><V21/><F102/><W99/><G64/><T34/><D13/><U131/><E132/><V1/><REACH who="2" step="1"/><F108/><REACH who="2" ten="250,250,240,250" step="2"/><W4/><G123/><T25/><D101/><U65/><E131/><V89/><F89/><W76/><G127/><T100/><D100/><U115/><E115/><V37/><F37/><W62/><G90/><T130/><D130/><U56/><E39/><V29/><F29/><W84/><G110/><T71/><D91/><U49/><E73/><V63/><F63/><W24/><G111/><T74/><REACH who="0" step="1"/><D53/><AGARI ba="0,1" hai="1,5,10,20,21,22,28,30,47,51,53,60,66,68" machi="53" ten="40,5200,0" yaku="1,1,52,1,53,1" doraHai="7" doraHaiUra="50" who="2" fromWho="0" sc="250,-52,250,0,240,62,250,0" />
</Scene>
<Scene>
<INIT seed="1,0,0,0,5,83" ten="198,250,302,250" oya="1" hai0="10,22,108,119,79,54,95,34,29,52,25,24,7" hai1="15,58,130,106,14,46,82,93,81,57,39,21,68" hai2="42,44,4,13,84,27,5,123,131,120,115,65,0" hai3="48,62,124,75,8,78,111,94,61,86,105,135,11"/><U107/><E68/><V12/><F131/><W125/><G105/><T51/><D119/><U114/><E114/><V77/><F115/><W36/><G36/><T19/><D108/><U16/><E130/><V85/><F65/><W90/><G111/><T99/><D79/><U109/><E109/><V38/><F0/><W117/><G117/><T102/><REACH who="0" step="1"/><D51/><REACH who="0" ten="188,250,302,250" step="2"/><U72/><E39/><V32/><F77/><W64/><G78/><T70/><D70/><U88/><E72/><V118/><F118/><W76/><G76/><T113/><D113/><U132/><E132/><V35/><F38/><W122/><G135/><T3/><AGARI ba="0,1" hai="3,7,10,19,22,24,25,29,34,52,54,95,99,102" machi="3" ten="20,5200,0" yaku="1,1,0,1,7,1,54,1,53,0" doraHai="83" doraHaiUra="126" who="0" fromWho="0" sc="188,62,250,-26,302,-13,250,-13" />
</Scene>
<Scene>
<INIT seed="2,0,0,2,3,8" ten="250,224,289,237" oya="2" hai0="94,127,56,25,22,18,112,52,125,48,24,107,120" hai1="32,1,69,47,134,121,119,27,29,124,101,59,54" hai2="76,68,2,7,42,33,49,100,82,91,96,129,92" hai3="85,20,117,14,126,67,44,79,39,4,97,89,122"/><V72/><F129/><W51/><G122/><T36/><D107/><U109/><E69/><V45/><F68/><W53/><G39/><T102/><D36/><U6/><E119/><V86/><F33/><W12/><G126/><N who="0" m="48139" /><D112/><U128/><E124/><V60/><F60/><W87/><G67/><T103/><D120/><U74/><E121/><V58/><F58/><W0/><G0/><T81/><D94/><U64/><E74/><V13/><F2/><W5/><G117/><T31/><D81/><U98/><E128/><V131/><F131/><W57/><G44/><T38/><D38/><U40/><E64/><V61/><F61/><W78/><G97/><T108/><D108/><U63/><E109/><V16/><F7/><N who="3" m="2635" /><G20/><AGARI ba="0,0" hai="18,20,22,24,25,31,48,52,56,102,103" m="48139" machi="20" ten="30,2000,0" yaku="18,1,54,1" doraHai="8" who="0" fromWho="3" sc="250,20,224,0,289,0,237,-20" />
</Scene>
<Scene>
<INIT seed="3,0,0,3,5,23" ten="270,224,289,217" oya="3" hai0="100,26,104,84,107,123,121,83,41,46,35,63,72" hai1="102,17,64,65,116,16,80,119,1,21,95,111,5" hai2="45,51,79,32,113,62,25,130,14,118,77,42,9" hai3="122,90,92,103,78,86,128,96,38,133,70,49,109"/><W82/><G70/><T37/><D84/><U57/><E111/><V4/><F113/><W81/><G38/><T69/><D83/><U53/><E80/><V85/><F118/><W50/><G122/><T89/><D89/><U43/><E43/><V40/><F130/><W93/><G128/><T74/><D121/><U101/><E5/><V56/><F42/><W34/><G34/><T28/><D123/><U125/><E1/><V97/><F97/><W6/><G133/><T88/><D88/><U60/><E125/><V30/><REACH who="2" step="1"/><F85/><REACH who="2" ten="270,224,279,217" step="2"/><W11/><G109/><T52/><D104/><U127/><E127/><V59/><F59/><W29/><G82/><T73/><D100/><U27/><E119/><V108/><F108/><W106/><G93/><T129/><D129/><U105/><E116/><V24/><F24/><W131/><G131/><T47/><D107/><U12/><E105/><V117/><F117/><W115/><G115/><T114/><D114/><U36/><E36/><V135/><F135/><W68/><G68/><T33/><D69/><U98/><REACH who="1" step="1"/><E102/><REACH who="1" ten="270,214,279,217" step="2"/><V134/><F134/><W87/><REACH who="3" step="1"/><G29/><REACH who="3" ten="270,214,279,207" step="2"/><N who="0" m="19639" /><D37/><U39/><E39/><V3/><F3/><AGARI ba="0,3" hai="3,6,11,49,50,78,81,86,87,90,92,96,103,106" machi="3" ten="30,2900,0" yaku="1,1,7,1,53,0" doraHai="23" doraHaiUra="18" who="3" fromWho="2" sc="270,0,214,0,279,-29,207,59" />
</Scene>
<Scene>
<INIT seed="3,1,0,2,4,106" ten="270,214,250,266" oya="3" hai0="42,127,89,134,70,15,101,83,33,100,1,114,3" hai1="6,81,49,92,39,118,41,131,117,84,12,111,105" hai2="104,9,86,79,24,0,116,132,65,110,123,26,62" hai3="7,17,4,64,72,16,30,66,98,20,27,58,125"/><W68/><G68/><T95/><D70/><U28/><E105/><V21/><F116/><W29/><G72/><T50/><D33/><U129/><E39/><V43/><F104/><W119/><G119/><N who="1" m="45578" /><E28/><N who="3" m="10858" /><G125/><T80/><D127/><U122/><E92/><V93/><F43/><W10/><G98/><T107/><D107/><U73/><E73/><V121/><F110/><W130/><G130/><T108/><D108/><U112/><E111/><V57/><F132/><W82/><G82/><T22/><D134/><U11/><E112/><V47/><F47/><W25/><G58/><T38/><D38/><U71/><E71/><V53/><F93/><W115/><G115/><T14/><D114/><U126/><E122/><V54/><F123/><W55/><G55/><T61/><D61/><U75/><E75/><V67/><F54/><W56/><G56/><T35/><D83/><U34/><E34/><V135/><F53/><W102/><G102/><T120/><D80/><U78/><E126/><V74/><F135/><W40/><G40/><T59/><D35/><U103/><E103/><V96/><F121/><W18/><G66/><T133/><D101/><U23/><E23/><V37/><F65/><W94/><G94/><T109/><D22/><U76/><E76/><V77/><F77/><W69/><G64/><T48/><D100/><U36/><E36/><V2/><F37/><W63/><G63/><T124/><D120/><U91/><E78/><V45/><F79/><W52/><G69/><T19/><D109/><U128/><E41/><V46/><F74/><W5/><G20/><T99/><D124/><RYUUKYOKU ba="1,0" sc="270,-10,214,30,250,-10,266,-10" hai1="6,11,12,49,81,84,91,128,129,131" />
</Scene>
<Scene>
<INIT seed="4,2,0,0,1,37" ten="260,244,240,256" oya="0" hai0="48,88,124,62,73,79,135,17,112,126,109,94,9" hai1="117,25,91,39,32,89,71,75,104,3,23,30,68" hai2="56,44,111,130,65,57,22,31,123,134,8,6,58" hai3="82,95,115,35,50,92,55,103,116,64,13,7,46"/><T83/><D112/><U24/><E3/><V52/><F111/><W28/><G35/><T121/><D121/><U110/><E75/><V114/><F123/><W67/><G28/><T105/><D105/><U11/><E104/><V85/><F114/><W33/><G33/><T20/><D109/><U47/><E110/><V120/><F120/><W29/><G29/><T0/><D135/><U66/><E11/><V12/><F134/><W101/><G116/><T100/><D100/><N who="3" m="38473" /><G82/><T74/><D74/><U106/><E106/><V2/><F130/><W80/><G80/><T128/><D128/><U49/><E39/><V107/><F107/><W61/><G61/><T38/><D38/><U133/><E117/><V69/><F69/><W36/><G36/><T4/><D62/><U102/><E102/><V96/><F2/><W113/><G113/><T84/><REACH who="0" step="1"/><D48/><REACH who="0" ten="250,244,240,256" step="2"/><U54/><E133/><V1/><F65/><N who="3" m="25163" /><G115/><T90/><D90/><U27/><E66/><V53/><F1/><W108/><G108/><T45/><D45/><U86/><E91/><V81/><F44/><W42/><G55/><T21/><D21/><U15/><E68/><V93/><F22/><W99/><G99/><T98/><D98/><U78/><E71/><V10/><F53/><W19/><G50/><T18/><D18/><N who="1" m="10719" /><E89/><N who="2" m="55343" /><F52/><W63/><G63/><T119/><D119/><U129/><E129/><V16/><F31/><W125/><G42/><T72/><D72/><U76/><E86/><V70/><F70/><W87/><G87/><T41/><D41/><U59/><E47/><V131/><F131/><W40/><G46/><RYUUKYOKU ba="2,1" sc="250,15,244,15,240,-15,256,-15" hai0="0,4,9,17,20,73,79,83,84,88,94,124,126" hai1="24,25,27,30,32,49,54,59,76,78" />
</Scene>
<Scene>
<INIT seed="4,3,1,3,5,41" ten="265,259,225,241" oya="0" hai0="52,15,8,132,12,25,65,119,68,0,92,37,24" hai1="125,93,82,53,50,112,21,34,103,122,28,2,98" hai2="130,27,16,102,22,1,44,64,101,39,128,67,114" hai3="84,127,116,96,121,129,108,107,100,51,54,38,79"/><T42/><D119/><U134/><E2/><V135/><F1/><W3/><G3/><T18/><D0/><U47/><E122/><V73/><F73/><W4/><G4/><T117/><D117/><U33/><E134/><V48/><F39/><W45/><G116/><T104/><D104/><U5/><E5/><V88/><F135/><W57/><G129/><N who="2" m="49769" /><F114/><W31/><G127/><T35/><D132/><U120/><E120/><V49/><F49/><W75/><G108/><T6/><D68/><U60/><E125/><V94/><F64/><W59/><G75/><T99/><D65/><U70/><E112/><V111/><F67/><W86/><G31/><T62/><D35/><U43/><E70/><V124/><F111/><W89/><G121/><T83/><D83/><U95/><E82/><V23/><F23/><W110/><G110/><T40/><D37/><U97/><E60/><V14/><F14/><W13/><G13/><T133/><D133/><U76/><E76/><V63/><F63/><W74/><G38/><T115/><D115/><U118/><E118/><V11/><F11/><W19/><G74/><T109/><D109/><U126/><E126/><V123/><F123/><W72/><G72/><T32/><D32/><U80/><E80/><V58/><F58/><W30/><G59/><N who="0" m="35175" /><D25/><N who="1" m="16431" /><E33/><V29/><F124/><W56/><G56/><T66/><D66/><U77/><E77/><V20/><F29/><W36/><G79/><T9/><D24/><U69/><E69/><V105/><F105/><W7/><G30/><T46/><D9/><U61/><E34/><V78/><F27/><RYUUKYOKU ba="3,1" sc="265,0,259,0,225,0,241,0" />
</Scene>
<Scene>
<INIT seed="5,4,1,2,4,44" ten="265,259,225,241" oya="1" hai0="72,106,19,84,71,48,2,125,43,49,40,92,37" hai1="21,20,68,102,62,98,57,33,127,116,9,96,11" hai2="52,7,36,18,55,56,126,6,74,50,83,115,65" hai3="27,95,99,25,100,81,73,66,35,28,70,69,85"/><U58/><E33/><V5/><F36/><W4/><G73/><T118/><D72/><U79/><E116/><V131/><F131/><W104/><G4/><T134/><D71/><U64/><E79/><V30/><F126/><W94/><G27/><T67/><D37/><U14/><E127/><V113/><F30/><W111/><G111/><T53/><D106/><U3/><E3/><V77/><F65/><W8/><G8/><T117/><D2/><U17/><E20/><V60/><REACH who="2" step="1"/><F18/><REACH who="2" ten="265,259,215,241" step="2"/><W89/><G70/><T120/><D67/><U103/><E68/><V61/><F61/><AGARI ba="4,2" hai="25,28,35,61,66,69,81,85,89,94,95,99,100,104" machi="61" ten="40,2600,0" yaku="25,2" doraHai="44" who="3" fromWho="2" sc="265,0,259,0,215,-38,241,58" />
</Scene>
<Scene>
<INIT seed="6,0,0,5,4,110" ten="265,259,177,299" oya="2" hai0="44,68,46,45,114,40,9,17,121,120,76,108,103" hai1="19,128,129,126,124,0,42,134,10,71,36,101,72" hai2="91,28,104,112,43,15,89,60,116,25,107,117,95" hai3="105,97,33,125,3,32,37,63,54,59,5,135,119"/><V1/><F1/><W80/><G37/><T115/><D108/><U7/><E71/><V11/><F43/><W70/><G119/><T39/><D103/><U22/><E72/><V131/><F131/><N who="1" m="50249" /><E101/><V31/><F60/><W106/><G135/><T67/><D76/><U58/><E58/><V118/><F112/><N who="0" m="43050" /><D67/><U99/><E99/><V109/><F109/><W122/><G70/><T56/><D68/><U61/><E61/><V98/><F91/><W73/><G73/><T50/><D56/><U74/><E74/><V38/><F38/><W26/><G59/><T62/><D62/><U24/><E134/><V132/><F132/><W12/><G63/><T93/><D93/><U111/><E111/><V47/><F47/><AGARI ba="0,0" hai="0,7,10,19,22,24,36,42,47,124,126" m="50249" machi="47" ten="30,1000,0" yaku="19,1" doraHai="110" who="1" fromWho="2" sc="265,0,259,10,177,-10,299,0" />
</Scene>
<Scene>
<INIT seed="7,0,0,5,1,99" ten="265,269,167,299" oya="3" hai0="120,62,76,87,107,59,50,123,96,131,79,44,97" hai1="94,49,111,2,48,19,73,3,28,90,43,104,67" hai2="58,14,60,124,68,82,35,112,11,81,24,93,121" hai3="80,110,1,64,115,128,27,10,69,51,4,57,103"/><W6/><G6/><T78/><D131/><U89/><E104/><V15/><F68/><W77/><G115/><T83/><D120/><U113/><E73/><V26/><F112/><W95/><G128/><T37/><D37/><U22/><E111/><V71/><F71/><W5/><G5/><T42/><D123/><U133/><E113/><V47/><F121/><W116/><G116/><T32/><D32/><U56/><E28/><V91/><F124/><W132/><G132/><T108/><D108/><U61/><E133/><V98/><F47/><W9/><G9/><T127/><D127/><U102/><E3/><V25/><F35/><W130/><G130/><T40/><D40/><U29/><E2/><V134/><F134/><W70/><G27/><T8/><D8/><U114/><E29/><V21/><F21/><W118/><G118/><T36/><D36/><U53/><E43/><V20/><F20/><W7/><G7/><T75/><D75/><U30/><E30/><V63/><F63/><N who="3" m="37999" /><G51/><T66/><REACH who="0" step="1"/><D107/><REACH who="0" ten="255,269,167,299" step="2"/><U126/><E126/><V84/><F11/><W119/><G110/><T88/><AGARI ba="0,1" hai="42,44,50,59,62,66,76,78,79,83,87,88,96,97" machi="88" ten="30,8000,1" yaku="1,1,2,1,0,1,8,1,54,1,53,0" doraHai="99" doraHaiUra="105" who="0" fromWho="0" sc="255,90,269,-20,167,-20,299,-40" owari="345,44.0,249,-15.0,147,-35.0,259,6.0" />
</Scene>
</mjloggm>