<mjloggm ver="2.3"><GO type="169" lobby="0"/><UN n0="%E5%B8%B8%E5%A4%8F%E3%83%91%E3%82%A4%E5%8A%A9" n1="%E3%82%AF%E3%83%AD%E3%83%8E%E3%82%B9%40" n2="%E3%81%A4%E3%81%B0%E3%81%8D%E3%81%A1%30%33" n3="%E5%A4%AA%E3%81%8F%E3%81%AA%E3%81%84%E3%81%8A" dan="16,17,17,18" rate="2063.07,2224.15,2143.59,2248.13" sx="F,M,M,M"/><TAIKYOKU oya="0"/>

<Scene>
<INIT seed="0,0,0,0,4,76" ten="250,250,250,250" oya="0" hai0="111,38,135,125,93,119,106,39,78,127,118,26,115" hai1="61,86,49,35,96,51,82,46,64,121,123,32,62" hai2="81,13,1,28,66,31,128,20,12,100,21,7,52" hai3="24,58,57,134,84,110,42,54,91,14,107,45,103"/><T15/><D106/><U87/><E96/><V94/><F128/><W56/><G110/><T43/><D115/><U97/><E97/><N who="2" m="59447" /><F66/><W37/><G134/><T124/><D135/><U27/><E27/><V80/><F1/><W18/><G24/><T116/><D111/><U88/><E32/><V22/><F52/><W89/><G103/><T60/><D43/><U70/><E35/><V4/><F13/><W36/><G107/><T98/><D15/><U10/><E62/><V129/><F129/><W122/><G122/><T95/><D60/><U41/><E10/><N who="2" m="4167" /><F7/><W83/><G37/><T101/><D26/><U9/><E9/><V67/><F67/><W2/><G2/><T11/><D11/><U44/><REACH who="1" step="1"/><E87/><REACH who="1" ten="250,240,250,250" step="2"/><V30/><AGARI ba="0,1" hai="20,21,22,28,30,31,80,81" m="4167,59447" machi="30" ten="30,4000,0" yaku="8,1,52,2" doraHai="76" who="2" fromWho="2" sc="250,-20,240,-10,250,50,250,-10" />
</Scene>
<Scene>
<INIT seed="1,0,0,2,3,118" ten="230,230,300,240" oya="1" hai0="127,25,86,70,72,134,131,121,2,110,60,64,28" hai1="26,85,37,9,93,4,120,14,52,88,107,8,96" hai2="6,74,71,67,101,80,78,75,45,61,83,12,106" hai3="5,31,108,84,18,7,77,113,112,19,35,59,73"/><U58/><E37/><V32/><F45/><W99/><G73/><T124/><D110/><U79/><E120/><V15/><F6/><N who="3" m="2059" /><G59/><T27/><D72/><U122/><E122/><V24/><F83/><W21/><G84/><T81/><D2/><U11/><E26/><V91/><F91/><W87/><G87/><T114/><D114/><U92/><E107/><V125/><F125/><N who="0" m="48202" /><D131/><U109/><E109/><V39/><F75/><W10/><G99/><T23/><D134/><U22/><E22/><V44/><F44/><W65/><G65/><T130/><D130/><U62/><E79/><V16/><F39/><W133/><G77/><N who="0" m="46383" /><D27/><U43/><E43/><V129/><F129/><W51/><G51/><T103/><D103/><AGARI ba="0,0" hai="4,8,9,11,14,52,58,62,85,88,92,93,96,103" machi="103" ten="30,11600,0" yaku="7,1,8,1,54,2" doraHai="118" who="1" fromWho="0" sc="230,-116,230,116,300,0,240,0" />
</Scene>
<Scene>
<INIT seed="1,1,0,3,1,94" ten="114,346,300,240" oya="1" hai0="55,116,6,91,13,127,88,102,114,30,26,4,7" hai1="59,109,132,80,93,68,110,11,90,64,39,131,18" hai2="37,16,33,78,42,81,61,113,22,103,24,49,9" hai3="34,36,19,73,130,51,76,83,104,77,14,98,87"/><U86/><E39/><V25/><F113/><W75/><G36/><T124/><D114/><U45/><E45/><N who="2" m="25783" /><F33/><W92/><G34/><T84/><D116/><U111/><E131/><V48/><F61/><W12/><G130/><T99/><D13/><N who="1" m="7487" /><E68/><V52/><F9/><W101/><G51/><T50/><D30/><U97/><E132/><V82/><F37/><W40/><G40/><T96/><D26/><N who="2" m="10346" /><F103/><W100/><G19/><T44/><D91/><N who="1" m="51655" /><E59/><N who="2" m="33159" /><F78/><N who="3" m="46583" /><G12/><AGARI ba="1,0" hai="12,16,22,81,82" m="33159,10346,25783" machi="12" ten="30,3900,0" yaku="8,1,54,2" doraHai="94" who="2" fromWho="3" sc="114,0,346,0,300,42,240,-42" />
</Scene>
<Scene>
<INIT seed="2,0,0,2,4,132" ten="114,346,342,198" oya="2" hai0="56,83,62,100,17,129,26,119,55,117,18,9,37" hai1="126,85,134,130,94,50,24,44,46,120,123,3,31" hai2="93,29,95,99,66,2,114,82,36,41,133,73,42" hai3="78,45,11,13,106,68,20,116,21,0,98,4,87"/><V61/><F114/><W47/><G116/><N who="0" m="44619" /><D37/><U90/><E3/><V30/><F2/><W16/><G68/><T10/><D129/><U113/><E113/><V79/><F133/><W14/><G106/><T96/><D83/><U110/><E110/><V128/><F128/><W54/><G98/><T34/><D34/><U53/><E134/><V25/><F36/><W48/><G45/><T63/><D62/><U80/><E130/><V124/><F95/><W71/><G71/><T5/><D26/><U69/><E69/><V39/><F39/><W84/><REACH who="3" step="1"/><G78/><REACH who="3" ten="114,346,342,188" step="2"/><T52/><D96/><U108/><E46/><V12/><F99/><W103/><G103/><T104/><D100/><U76/><E108/><V8/><F79/><W118/><G118/><T101/><D101/><U125/><E123/><V49/><F42/><W23/><G23/><T1/><D104/><U91/><E120/><V27/><F41/><W33/><G33/><T43/><D43/><U15/><E91/><V131/><F131/><W57/><G57/><N who="0" m="35239" /><D10/><U92/><E15/><V19/><F12/><W88/><G88/><T35/><D35/><U60/><E76/><V59/><F59/><W22/><G22/><T51/><AGARI ba="0,1" hai="1,5,9,17,18,51,55,56" m="35239,44619" machi="51" ten="30,2000,0" yaku="12,1,54,1" doraHai="132" who="0" fromWho="0" sc="114,30,346,-5,342,-10,188,-5" />
</Scene>
<Scene>
<INIT seed="3,0,0,0,3,3" ten="144,341,332,183" oya="3" hai0="88,127,41,35,54,6,43,100,63,115,19,77,103" hai1="113,87,119,13,98,73,47,44,59,126,9,2,96" hai2="109,118,97,129,112,114,46,65,20,34,92,128,122" hai3="67,5,1,89,70,117,84,45,75,40,51,15,33"/><W23/><G117/><T55/><D115/><N who="2" m="44074" /><F34/><W95/><G33/><T48/><D127/><U68/><E68/><V18/><F65/><W72/><G1/><T12/><D35/><U74/><E126/><V39/><F39/><W24/><G70/><T50/><D77/><U121/><E121/><V85/><F46/><W80/><G67/><T116/><D63/><U91/><E74/><V123/><F20/><W25/><G95/><T135/><D116/><U83/><E73/><V11/><F18/><W124/><G124/><T105/><D135/><U71/><E71/><V0/><F109/><W42/><G42/><T58/><D105/><U108/><E108/><V99/><F11/><W29/><REACH who="3" step="1"/><G25/><REACH who="3" ten="144,341,332,173" step="2"/><T38/><D43/><U111/><E2/><V102/><F0/><W106/><G106/><T26/><D41/><U110/><E119/><V4/><F118/><W104/><G104/><T130/><D26/><U30/><E113/><V7/><F123/><W81/><G81/><T131/><D131/><U17/><E111/><V8/><F122/><W76/><G76/><T62/><D130/><U107/><E110/><V28/><F129/><W61/><G61/><T82/><D62/><U86/><E107/><V134/><F92/><W49/><G49/><T10/><D50/><U133/><E133/><V120/><F134/><W36/><G36/><T64/><D48/><U21/><E83/><V79/><F128/><W22/><G22/><T69/><D82/><U16/><E21/><V60/><F60/><W14/><G14/><T90/><D38/><U27/><E13/><V101/><F120/><RYUUKYOKU ba="0,1" sc="144,-10,341,-10,332,-10,173,30" hai3="5,15,23,24,29,40,45,51,72,75,80,84,89" />
</Scene>
<Scene>
<INIT seed="3,1,1,5,5,30" ten="134,331,322,203" oya="3" hai0="77,3,34,55,120,87,66,2,115,19,9,35,97" hai1="8,102,91,45,38,50,47,25,76,88,61,127,44" hai2="10,100,113,71,95,103,128,108,135,24,80,109,21" hai3="79,104,22,126,130,116,58,110,64,32,85,89,39"/><W16/><G116/><T122/><D115/><U67/><E38/><V56/><F113/><W123/><G123/><T101/><D66/><U133/><E133/><V114/><F71/><W33/><G104/><T125/><D125/><U60/><E76/><V81/><F135/><W131/><G39/><T129/><D129/><N who="3" m="49161" /><G79/><T75/><D75/><U28/><E102/><N who="2" m="38955" /><F95/><N who="3" m="54703" /><G126/><T27/><D77/><U37/><E37/><V78/><F128/><W68/><G68/><T117/><D117/><U5/><E50/><V15/><F78/><W29/><G29/><T84/><D122/><U124/><E124/><V53/><F114/><W14/><G110/><T96/><D120/><U98/><E61/><AGARI ba="1,1" hai="14,16,22,32,33,58,61,64" m="54703,49161" machi="61" ten="30,11600,0" yaku="19,1,52,2,54,1" doraHai="30" who="3" fromWho="1" sc="134,0,331,-119,322,0,203,129" />
</Scene>
<Scene>
<INIT seed="3,2,0,5,1,51" ten="134,212,322,332" oya="3" hai0="82,64,18,55,79,65,87,38,52,73,80,101,58" hai1="48,103,42,86,1,60,50,49,89,53,31,32,25" hai2="2,43,98,75,69,3,36,114,62,14,57,110,104" hai3="131,28,81,54,46,127,134,11,70,99,118,34,26"/><W29/><G118/><T17/><D38/><U115/><E1/><V37/><F110/><W120/><G120/><T113/><D113/><U67/><E103/><N who="2" m="62583" /><F14/><W76/><G70/><T12/><D101/><U4/><E4/><V40/><F57/><W0/><G127/><T21/><D18/><U123/><E123/><V20/><F20/><W24/><G134/><T41/><D41/><U126/><E42/><V133/><F43/><W108/><G131/><T93/><D93/><U135/><E126/><V72/><F114/><W96/><G108/><T97/><D97/><U100/><E100/><V7/><F7/><W6/><G46/><T30/><D30/><U71/><E135/><V59/><F59/><W8/><G8/><T130/><D130/><U109/><E109/><V35/><F35/><W27/><G54/><T85/><D73/><N who="2" m="28234" /><F133/><W22/><G26/><T90/><REACH who="0" step="1"/><D55/><REACH who="0" ten="124,212,322,332" step="2"/><U5/><E115/><V92/><F40/><W105/><G105/><T111/><D111/><U102/><E5/><V66/><F37/><W23/><G34/><T88/><D88/><U9/><E102/><V74/><F36/><W83/><G83/><T78/><D78/><U117/><E117/><V33/><F33/><W68/><G81/><T77/><D77/><U129/><E129/><V124/><F124/><W10/><G76/><T116/><D116/><U44/><REACH who="1" step="1"/><E9/><REACH who="1" ten="124,202,322,332" step="2"/><V121/><F121/><W106/><G106/><T132/><D132/><U56/><E56/><V125/><F125/><W19/><G68/><T15/><D15/><AGARI ba="2,2" hai="0,6,10,11,15,19,22,23,24,27,28,29,96,99" machi="15" ten="40,2000,0" yaku="9,1" doraHai="51" who="3" fromWho="0" sc="124,-26,202,0,322,0,332,46" />
</Scene>
<Scene>
<INIT seed="3,3,0,3,1,112" ten="98,202,322,378" oya="3" hai0="71,128,49,68,18,92,117,85,74,27,4,35,55" hai1="134,1,65,86,3,46,34,15,57,75,33,69,30" hai2="111,14,87,26,43,53,101,9,105,135,61,37,45" hai3="59,72,12,131,13,21,89,98,93,88,114,80,127"/><W38/><G114/><T126/><D74/><U132/><E69/><V48/><F111/><W11/><G38/><T17/><D128/><U100/><E100/><V63/><F135/><W22/><G131/><T119/><D126/><U104/><E104/><V77/><F26/><W113/><G113/><T31/><D4/><U124/><E75/><V82/><F37/><W40/><G127/><T110/><D110/><U0/><E124/><V91/><F53/><W94/><G40/><T133/><D133/><U102/><E46/><V28/><F28/><W36/><G36/><T95/><D85/><U32/><E102/><V120/><F120/><W78/><G59/><T10/><D10/><U109/><E86/><V84/><F101/><W7/><REACH who="3" step="1"/><G13/><REACH who="3" ten="98,202,322,368" step="2"/><T107/><D71/><U50/><E15/><V60/><F105/><W58/><G58/><T42/><D107/><U116/><E57/><V25/><F25/><W96/><AGARI ba="3,1" hai="7,11,12,21,22,72,78,80,88,89,93,94,96,98" machi="96" ten="20,12000,1" yaku="1,1,0,1,7,1,9,1,54,1,53,0" doraHai="112" doraHaiUra="52" who="3" fromWho="3" sc="98,-43,202,-43,322,-43,368,139" />
</Scene>
<Scene>
<INIT seed="3,4,0,4,3,31" ten="55,159,279,507" oya="3" hai0="49,56,77,109,114,73,22,36,100,55,102,25,41" hai1="23,43,93,116,133,67,71,65,30,134,127,81,90" hai2="47,131,39,129,119,20,79,96,121,107,74,101,13" hai3="105,75,33,78,69,70,72,85,60,46,12,99,51"/><W29/><G85/><T89/><D109/><U132/><E127/><V61/><F119/><W110/><G12/><T130/><D130/><N who="2" m="49674" /><F121/><W0/><G110/><T92/><D114/><U32/><E71/><V16/><F61/><W48/><G0/><T5/><D5/><U111/><E43/><N who="2" m="23039" /><F79/><W128/><G128/><T112/><D112/><U122/><E111/><V6/><F6/><W52/><G51/><T103/><D36/><U66/><E122/><V59/><F59/><W9/><G9/><T115/><D115/><U38/><E38/><V88/><F88/><W18/><G78/><T34/><D77/><U27/><E81/><V26/><F13/><W91/><G91/><T63/><D73/><AGARI ba="4,0" hai="16,20,26,73,74,96,101,107" m="23039,49674" machi="73" ten="30,2000,0" yaku="19,1,54,1" doraHai="31" who="2" fromWho="0" sc="55,-32,159,0,279,32,507,0" />
</Scene>
<Scene>
<INIT seed="4,0,0,2,0,121" ten="23,159,311,507" oya="0" hai0="18,109,56,57,3,6,20,91,107,115,79,23,96" hai1="8,129,67,66,77,89,124,14,103,97,62,70,47" hai2="86,60,133,108,65,113,84,7,13,134,100,25,61" hai3="2,50,106,33,1,31,72,59,21,53,46,11,93"/><T99/><D115/><U119/><E119/><V9/><F113/><W111/><G111/><T37/><D37/><U116/><E129/><V49/><F108/><W38/><G106/><T127/><D127/><U30/><E30/><V34/><F100/><W43/><G72/><T135/><D135/><N who="2" m="51722" /><F49/><W27/><G33/><T112/><D112/><U128/><E67/><V36/><F36/><W22/><G11/><T104/><D79/><U32/><E89/><V28/><F61/><W75/><G75/><T17/><D91/><U105/><E47/><V123/><F123/><W74/><G74/><T110/><REACH who="0" step="1"/><D6/><REACH who="0" ten="13,159,311,507" step="2"/><N who="1" m="3351" /><E77/><V40/><F7/><W63/><G38/><T98/><D98/><U42/><E97/><V94/><F86/><W114/><G114/><T101/><D101/><U35/><E103/><V82/><F84/><W51/><G2/><AGARI ba="0,1" hai="2,3,17,18,20,23,56,57,96,99,104,107,109,110" machi="2" ten="25,18000,2" yaku="1,1,22,2,52,2,53,2" doraHai="121" doraHaiUra="95" who="0" fromWho="3" sc="13,190,159,0,311,0,507,-180" />
</Scene>
<Scene>
<INIT seed="4,1,0,1,5,49" ten="203,159,311,327" oya="0" hai0="52,9,98,64,0,75,82,56,83,134,78,113,131" hai1="11,33,2,91,35,102,130,133,30,38,55,109,18" hai2="32,115,101,71,46,20,43,7,90,45,122,24,100" hai3="73,107,127,70,12,21,119,14,37,31,15,4,65"/><T121/><D121/><U54/><E109/><V117/><F32/><W17/><G37/><T111/><D113/><U80/><E38/><V58/><F71/><W27/><G73/><T19/><D111/><U103/><E130/><V94/><F122/><W96/><G119/><T128/><D134/><U129/><E129/><N who="0" m="49737" /><D64/><U40/><E133/><V62/><F7/><W47/><G47/><N who="2" m="17929" /><F43/><W118/><G118/><T79/><D98/><U50/><E2/><V124/><F124/><W5/><G127/><T63/><D19/><U126/><E126/><V106/><F106/><W72/><G72/><N who="0" m="43335" /><D9/><U120/><E120/><V114/><F114/><W125/><G125/><T34/><D34/><U116/><E116/><V104/><F104/><W36/><G36/><T48/><D0/><U76/><E30/><N who="2" m="17671" /><F115/><W105/><G17/><T86/><D75/><U84/><E35/><V123/><F123/><W68/><G105/><T53/><D48/><U3/><E33/><V29/><F29/><W59/><G107/><T25/><D25/><U26/><E3/><V51/><F51/><W112/><G112/><T60/><D56/><U88/><E40/><V95/><F58/><W81/><G68/><T132/><D132/><U13/><E26/><V85/><F117/><W93/><G70/><T1/><D1/><U110/><E110/><V10/><F10/><W16/><G31/><T99/><D99/><U74/><E74/><V67/><F101/><N who="1" m="38409" /><E50/><V6/><F100/><N who="3" m="60431" /><G5/><T42/><D42/><U135/><E135/><V92/><F6/><W77/><G4/><T28/><D28/><U57/><E57/><RYUUKYOKU ba="1,0" sc="203,10,159,10,311,10,327,-30" hai0="52,53,60,63,79,83,86" hai1="11,13,18,54,55,76,80,84,88,91" hai2="62,67,85,90,92,94,95" />
</Scene>
<Scene>
<INIT seed="4,2,0,5,0,56" ten="213,169,321,297" oya="0" hai0="54,98,127,1,103,113,96,122,69,44,31,94,24" hai1="43,29,10,36,19,47,5,15,18,121,20,73,125" hai2="88,90,12,27,106,114,28,39,70,133,52,45,85" hai3="130,3,55,59,110,66,60,95,46,117,65,7,76"/><T22/><D122/><U13/><E121/><V77/><F70/><W4/><G110/><T8/><D113/><U84/><E125/><V30/><F106/><W116/><G130/><T61/><D127/><U58/><E73/><V82/><F114/><W64/><G76/><T11/><D1/><U91/><E29/><N who="2" m="11371" /><F39/><W108/><G108/><T34/><D22/><U33/><E33/><V134/><F27/><W105/><G105/><T57/><D69/><U50/><E36/><V81/><F12/><W35/><G35/><T107/><REACH who="0" step="1"/><D44/><REACH who="0" ten="203,169,321,297" step="2"/><U14/><E58/><V21/><F21/><W9/><G46/><T67/><D67/><U49/><E47/><V71/><F71/><W26/><G3/><T51/><D51/><U102/><E43/><V135/><F82/><W83/><G83/><T92/><D92/><U74/><E50/><AGARI ba="2,1" hai="45,50,52,77,81,85,88,90,133,134,135" m="11371" machi="50" ten="40,5200,0" yaku="20,1,54,2" doraHai="56" who="2" fromWho="1" sc="203,0,169,-58,321,68,297,0" />
</Scene>
<Scene>
<INIT seed="5,0,0,0,1,39" ten="203,111,389,297" oya="1" hai0="103,81,55,2,84,13,63,57,58,111,89,120,26" hai1="94,80,100,51,66,67,12,48,35,24,74,42,130" hai2="96,54,128,102,28,109,107,88,87,114,20,112,60" hai3="14,115,59,126,1,50,44,23,118,53,7,34,49"/><U119/><E119/><V25/><F109/><W62/><G34/><T132/><D2/><U121/><E121/><V125/><F125/><W31/><G126/><T9/><D111/><U85/><E130/><V5/><F5/><W71/><G118/><T43/><D120/><U133/><E133/><V17/><F128/><W122/><G122/><T76/><D132/><U110/><E110/><V27/><F60/><W22/><G1/><T99/><D26/><U104/><E104/><V4/><F4/><W30/><G71/><T69/><D69/><U97/><E74/><V135/><F54/><W83/><G115/><N who="2" m="44073" /><F135/><W92/><G83/><T11/><D43/><U0/><E0/><V105/><F107/><W127/><G92/><T131/><D131/><U68/><E68/><V82/><F27/><W108/><G50/><N who="1" m="18986" /><E35/><V52/><F52/><N who="3" m="34151" /><G127/><T16/><D58/><U106/><E106/><V29/><AGARI ba="0,0" hai="17,20,25,28,29,82,87,88,96,102,105" m="44073" machi="29" ten="30,4000,0" yaku="15,1,11,1,54,1" doraHai="39" who="2" fromWho="2" sc="203,-10,111,-20,389,40,297,-10" />
</Scene>
<Scene>
<INIT seed="6,0,0,3,2,68" ten="193,91,429,287" oya="2" hai0="2,32,24,120,33,18,112,83,48,71,107,70,45" hai1="51,89,30,79,121,134,108,4,29,3,135,58,75" hai2="123,61,19,85,15,28,31,59,14,69,114,35,103" hai3="72,87,41,21,99,119,23,117,44,115,10,54,105"/><V25/><F114/><W122/><G72/><T106/><D120/><U11/><E108/><V13/><F69/><W90/><G122/><T47/><D2/><U128/><E121/><V55/><F123/><W39/><G115/><T40/><D112/><U43/><E128/><V60/><F103/><W102/><G54/><T94/><D83/><U36/><E89/><V74/><F74/><W1/><G23/><T116/><D116/><U109/><E109/><V88/><F61/><W66/><G66/><T86/><D33/><U62/><E51/><V130/><F130/><W118/><G21/><T57/><D57/><U77/><E77/><V96/><F96/><W38/><G10/><T46/><D71/><U76/><E76/><V92/><REACH who="2" step="1"/><F31/><REACH who="2" ten="193,91,419,287" step="2"/><W82/><G118/><T17/><D70/><U80/><E135/><V5/><F5/><W127/><G117/><T22/><D107/><U27/><E134/><V91/><F91/><W37/><G119/><T0/><D106/><U98/><E98/><V52/><F52/><W20/><G105/><T95/><D86/><U6/><E6/><V56/><F56/><W129/><G129/><T8/><D40/><U42/><E42/><V81/><F81/><W50/><G99/><T12/><D95/><U53/><REACH who="1" step="1"/><E27/><REACH who="1" ten="193,81,419,287" step="2"/><V49/><F49/><W7/><G50/><T67/><D48/><U113/><E113/><V65/><F65/><W133/><G133/><T9/><D67/><U16/><E16/><AGARI ba="0,2" hai="13,14,15,16,19,25,28,35,55,59,60,85,88,92" machi="16" ten="40,7700,0" yaku="1,1,54,2,53,0" doraHai="68" doraHaiUra="126" who="2" fromWho="1" sc="193,0,81,-77,419,97,287,0" />
</Scene>
<Scene>
<INIT seed="6,1,0,2,3,72" ten="193,4,516,287" oya="2" hai0="73,84,36,112,39,114,87,119,60,55,63,17,131" hai1="105,113,67,15,85,128,49,51,117,38,8,94,110" hai2="123,68,45,13,111,52,92,25,0,116,121,125,14" hai3="43,30,89,81,37,122,21,83,70,130,134,2,108"/><V129/><F92/><W126/><G122/><T48/><D73/><U103/><E67/><V66/><F25/><N who="3" m="16687" /><G70/><T9/><D119/><U115/><E51/><V22/><F52/><W3/><G108/><T79/><D131/><U132/><E49/><V40/><F45/><W50/><G37/><T11/><D48/><U104/><E15/><V78/><F14/><W46/><G2/><T23/><D23/><U91/><E8/><V34/><F22/><W82/><G3/><T100/><D55/><U20/><E20/><V1/><F40/><W98/><G130/><T62/><D100/><U127/><E85/><V4/><F4/><W106/><G106/><T65/><D63/><U58/><E58/><V74/><F66/><W93/><G126/><T135/><D17/><U28/><E28/><V97/><F125/><W33/><G33/><T75/><D75/><U109/><E91/><V118/><F13/><W59/><G134/><T29/><D29/><U88/><E88/><V101/><F129/><W107/><G107/><T47/><D47/><U41/><E94/><V31/><F123/><W57/><AGARI ba="1,0" hai="43,46,50,57,59,81,82,83,89,93,98" m="16687" machi="57" ten="30,1100,0" yaku="8,1" doraHai="72" who="3" fromWho="3" sc="193,-4,4,-4,516,-6,287,14" />
</Scene>
<Scene>
<INIT seed="7,0,0,2,4,32" ten="189,0,510,301" oya="3" hai0="41,64,60,93,105,26,108,77,110,28,43,40,90" hai1="94,117,39,58,50,25,62,21,44,30,95,104,4" hai2="120,69,125,35,74,97,82,83,134,67,22,9,102" hai3="133,48,63,126,122,71,121,6,18,135,79,72,128"/><W11/><G126/><T12/><D105/><U23/><E39/><V101/><F35/><W100/><G128/><T68/><D77/><U124/><E104/><V112/><F9/><W81/><G18/><T116/><D116/><U113/><E124/><V31/><F125/><W61/><G100/><T73/><D73/><U24/><E117/><V5/><F5/><W38/><G48/><T92/><D12/><U89/><E113/><V56/><F101/><W19/><G19/><T59/><D68/><U132/><E132/><N who="3" m="50762" /><G38/><T47/><D93/><U1/><E1/><V70/><F102/><W53/><G53/><T80/><D110/><U0/><E0/><V127/><F127/><W37/><G37/><T3/><D108/><U106/><E4/><V52/><F52/><W27/><G27/><T49/><D80/><U45/><E106/><V2/><F83/><W36/><G36/><T55/><D26/><U54/><E89/><V123/><F82/><W33/><G33/><T76/><D76/><U87/><E87/><V118/><F118/><W57/><G71/><T65/><D65/><N who="1" m="39127" /><E45/><V8/><F70/><W88/><G88/><T16/><D28/><U66/><E66/><V7/><F69/><W42/><G42/><T29/><D29/><N who="1" m="17551" /><E95/><V103/><F103/><W51/><G121/><T98/><D16/><N who="1" m="12519" /><E94/><V34/><F120/><W13/><G122/><T99/><D99/><U85/><E30/><V131/><F34/><W78/><G78/><T114/><D114/><U46/><E85/><V129/><F123/><W10/><G79/><T96/><D96/><U111/><E111/><RYUUKYOKU ba="0,0" sc="189,15,0,15,510,-15,301,-15" hai0="3,40,41,43,47,49,55,59,60,64,90,92,98" hai1="44,46,50,54" owari="204,-20.0,15,-48.0,495,59.0,286,9.0" />
</Scene>
</mjloggm>