<mjloggm ver="2.3"><GO type="169" lobby="0"/><UN n0="%E3%81%8D%E3%81%8F%E3%81%A6%E3%81%83%E3%81%99%E2%98%86" n1="%E5%A4%AA%E3%81%8F%E3%81%AA%E3%81%84%E3%81%8A" n2="%E8%91%B5%E6%9C%88" n3="%2D%72%6F%6E%2D" dan="16,18,16,16" rate="2066.20,2164.48,2097.27,2130.62" sx="F,M,M,M"/><TAIKYOKU oya="0"/>

<Scene>
<INIT seed="0,0,0,5,4,56" ten="250,250,250,250" oya="0" hai0="29,98,96,135,119,41,124,5,92,59,105,111,108" hai1="122,101,126,83,50,107,55,134,3,22,95,37,17" hai2="106,104,118,69,113,27,67,88,52,109,63,93,130" hai3="87,8,94,76,49,7,14,62,74,91,68,6,102"/><T116/><D135/><U99/><E122/><V57/><F113/><W10/><G49/><T53/><D124/><U16/><E37/><V43/><F109/><N who="0" m="42058" /><D41/><U73/><E134/><V47/><F130/><W61/><G68/><T35/><D5/><U110/><E3/><V129/><F27/><W40/><G40/><T9/><D9/><U128/><E128/><V23/><F23/><W127/><G127/><T1/><D1/><U31/><E110/><V123/><F123/><W12/><G102/><N who="0" m="62679" /><D29/><U81/><E126/><V100/><F100/><W13/><G13/><T39/><D35/><U58/><E107/><V114/><F114/><W34/><G34/><T82/><D82/><AGARI ba="0,0" hai="6,7,8,10,12,14,61,62,74,76,82,87,91,94" machi="82" ten="40,5200,0" yaku="9,1,52,2" doraHai="56" who="3" fromWho="0" sc="250,-52,250,0,250,0,250,52" />
</Scene>
<Scene>
<INIT seed="1,0,0,4,3,71" ten="198,250,250,302" oya="1" hai0="55,88,9,98,135,16,131,23,44,49,117,70,25" hai1="36,133,65,2,92,69,72,26,35,114,20,121,125" hai2="54,82,56,119,68,41,28,14,77,118,32,45,97" hai3="62,15,42,85,126,101,86,75,48,129,94,120,84"/><U7/><RYUUKYOKU type="yao9" ba="0,0" sc="198,0,250,0,250,0,302,0" hai1="2,7,20,26,35,36,65,69,72,92,114,121,125,133" />
</Scene>
<Scene>
<INIT seed="1,1,0,1,5,72" ten="198,250,250,302" oya="1" hai0="84,39,135,53,120,104,62,113,106,38,111,127,112" hai1="24,50,80,65,125,34,21,110,130,12,58,0,41" hai2="17,100,74,91,26,114,121,13,61,79,47,9,7" hai3="89,20,69,101,36,44,46,66,82,16,49,77,8"/><U73/><E0/><V2/><F121/><W42/><G101/><T122/><D111/><U124/><E34/><V129/><F129/><W117/><G117/><T6/><D6/><U134/><E130/><V43/><F114/><W81/><G8/><T83/><D62/><U63/><E134/><V52/><F100/><W105/><G105/><N who="0" m="40555" /><D53/><U57/><E12/><V18/><F91/><W70/><G66/><T27/><D27/><U75/><E110/><V88/><F88/><W86/><G44/><T133/><D39/><U51/><E41/><V131/><F131/><W55/><G36/><T30/><D30/><U32/><E32/><V93/><F93/><W31/><G31/><T123/><D38/><U59/><E51/><V1/><F1/><W14/><REACH who="3" step="1"/><G42/><REACH who="3" ten="198,250,250,292" step="2"/><T48/><D113/><U10/><E10/><V94/><F43/><W68/><G68/><T132/><D112/><U102/><E102/><V54/><F47/><W76/><G76/><N who="0" m="46183" /><D48/><U96/><E50/><V118/><F118/><W90/><G90/><T108/><D108/><U11/><E65/><V109/><F9/><W78/><G78/><T87/><D87/><AGARI ba="1,1" hai="14,16,20,46,49,55,69,70,77,81,82,86,87,89" machi="87" ten="30,7700,0" yaku="1,1,7,1,52,1,54,1,53,0" doraHai="72" doraHaiUra="33" who="3" fromWho="0" sc="198,-80,250,0,250,0,292,90" />
</Scene>
<Scene>
<INIT seed="2,0,0,3,1,88" ten="118,250,250,382" oya="2" hai0="116,13,89,60,22,72,0,10,66,96,12,133,38" hai1="91,65,19,63,33,20,97,113,39,82,14,84,8" hai2="52,26,2,55,100,107,62,85,70,117,29,125,34" hai3="77,37,42,78,27,124,21,90,73,30,109,7,71"/><V111/><F117/><W105/><G105/><T46/><D116/><U87/><E113/><V28/><F2/><W24/><G71/><T45/><D72/><U57/><E33/><V49/><F125/><W131/><G131/><T67/><D133/><U9/><E39/><V6/><F6/><W51/><G37/><T80/><D0/><U53/><E97/><V15/><F111/><W75/><G109/><T50/><D38/><U121/><E121/><V76/><F15/><W130/><G7/><T93/><D80/><U104/><E104/><V48/><F29/><W23/><G130/><T44/><D50/><N who="2" m="19562" /><F85/><W115/><G115/><T92/><D22/><U122/><E122/><V69/><F76/><W108/><G108/><T83/><D83/><N who="1" m="49567" /><E65/><N who="2" m="41143" /><F70/><W110/><G110/><T17/><D93/><U106/><E106/><V61/><F61/><W86/><G124/><T99/><D99/><AGARI ba="0,0" hai="26,28,34,52,55,99,100,107" m="41143,19562" machi="99" ten="30,2900,0" yaku="25,1,54,1" doraHai="88" who="2" fromWho="0" sc="118,-29,250,0,250,29,382,0" />
</Scene>
<Scene>
<INIT seed="2,1,0,0,0,54" ten="89,250,279,382" oya="2" hai0="29,52,69,22,116,12,66,14,62,79,83,21,8" hai1="19,61,131,56,86,115,98,43,9,0,73,41,46" hai2="105,124,87,47,38,55,28,99,85,100,71,31,39" hai3="34,81,16,7,103,5,70,95,50,63,53,97,25"/><V49/><F124/><W74/><G81/><T104/><D104/><U120/><E73/><V107/><F71/><W108/><G74/><T135/><D135/><U111/><E115/><V44/><F107/><W11/><G108/><T40/><D116/><U102/><E111/><V113/><F113/><W36/><G36/><T15/><D40/><U114/><E114/><V119/><F119/><W88/><G34/><T121/><D121/><U75/><E75/><V77/><BYE who="1" /><F38/><W3/><G63/><T110/><D110/><U92/><E92/><V91/><F77/><UN n1="%E5%A4%AA%E3%81%8F%E3%81%AA%E3%81%84%E3%81%8A" /><W1/><G70/><T89/><D89/><U133/><E86/><V68/><F68/><W4/><G103/><T122/><D122/><U134/><E131/><V123/><F123/><W37/><G37/><T78/><D8/><U126/><E126/><V58/><F85/><W84/><G97/><T17/><D79/><U106/><E120/><V117/><F117/><W24/><G1/><T94/><D94/><U80/><E80/><V67/><F67/><W32/><G32/><T129/><D129/><U18/><E0/><V48/><F39/><W20/><G24/><T109/><D109/><U57/><E133/><V90/><F91/><W93/><G93/><T35/><D35/><U33/><E33/><V59/><F28/><W125/><G125/><T118/><D118/><U64/><E134/><V6/><F31/><W60/><G60/><T76/><D76/><U42/><E106/><V26/><F26/><W101/><G101/><T30/><D30/><U2/><E102/><V13/><F105/><W112/><G112/><RYUUKYOKU ba="1,0" sc="89,-10,250,-10,279,-10,382,30" hai3="3,4,5,7,11,16,20,25,50,53,84,88,95" />
</Scene>
<Scene>
<INIT seed="3,2,0,4,2,65" ten="79,240,269,412" oya="3" hai0="118,135,94,10,74,98,63,84,33,13,112,50,92" hai1="96,45,78,102,97,132,70,114,55,115,122,129,75" hai2="49,41,29,126,21,73,31,60,106,30,68,127,117" hai3="125,25,42,34,43,120,77,87,80,0,22,90,23"/><W12/><G0/><T54/><D118/><U66/><E122/><V36/><F117/><W130/><G130/><T17/><D74/><U38/><E129/><V110/><F73/><W83/><G120/><T111/><D33/><U71/><E132/><V6/><F106/><W57/><G34/><T95/><D135/><U4/><E4/><V69/><F36/><W128/><G128/><T48/><D112/><U62/><E97/><V85/><F110/><W72/><G125/><N who="2" m="47625" /><F60/><W88/><G57/><T61/><D111/><U44/><E44/><N who="2" m="25743" /><F6/><W32/><G32/><T51/><D84/><U56/><E78/><V58/><F58/><W11/><G90/><T133/><D133/><U107/><E75/><V121/><F121/><W103/><G103/><N who="0" m="60871" /><D54/><U124/><E124/><V46/><F46/><W131/><G131/><T15/><D15/><U3/><E3/><V79/><F21/><W64/><G23/><T101/><D101/><U16/><E115/><V119/><F119/><W91/><G91/><T67/><D67/><U52/><E114/><V39/><F39/><W59/><G64/><T35/><D35/><U82/><E66/><V100/><F100/><W28/><G59/><T1/><D1/><U26/><E56/><V113/><F113/><W19/><AGARI ba="2,0" hai="11,12,19,22,25,28,42,43,72,77,80,83,87,88" machi="19" ten="20,3900,0" yaku="0,1,7,1,54,1" doraHai="65" who="3" fromWho="3" sc="79,-15,240,-15,269,-15,412,45" />
</Scene>
<Scene>
<INIT seed="3,3,0,1,3,115" ten="64,225,254,457" oya="3" hai0="78,127,28,79,100,1,59,4,64,114,0,41,19" hai1="106,25,76,87,109,8,15,104,38,116,108,134,95" hai2="30,58,73,126,37,47,43,2,29,50,57,113,99" hai3="130,5,20,88,72,3,86,48,67,123,83,10,91"/><W45/><G123/><T14/><D114/><U68/><E38/><V93/><F113/><W26/><G67/><T131/><D131/><U63/><E134/><V110/><F110/><N who="1" m="42601" /><E25/><V31/><F126/><W61/><G61/><T92/><D127/><U128/><E128/><V56/><F73/><W75/><G91/><T81/><D28/><U22/><E22/><V84/><F2/><W53/><REACH who="3" step="1"/><G130/><REACH who="3" ten="64,225,254,447" step="2"/><T111/><D64/><U102/><E63/><V65/><F65/><W119/><G119/><T27/><D111/><U96/><E116/><V39/><F39/><W122/><G122/><T101/><D100/><U33/><E102/><N who="2" m="60783" /><F37/><W54/><G54/><T42/><D101/><U118/><E118/><V117/><F117/><W52/><G52/><T23/><D79/><U120/><E76/><V85/><AGARI ba="3,1" hai="29,30,31,43,47,50,56,57,58,84,85" m="60783" machi="85" ten="40,1500,0" yaku="8,1" doraHai="115" who="2" fromWho="2" sc="64,-7,225,-7,254,34,447,-10" />
</Scene>
<Scene>
<INIT seed="4,0,0,5,3,96" ten="57,218,288,437" oya="0" hai0="8,44,82,115,14,89,102,51,31,131,9,125,41" hai1="71,133,97,95,132,76,61,46,30,78,22,110,58" hai2="128,94,79,127,98,18,52,2,107,112,35,29,134" hai3="103,68,63,130,69,42,91,117,48,47,12,38,111"/><T123/><D123/><U3/><E71/><V75/><F2/><W23/><G111/><T36/><D125/><U15/><E3/><V120/><F120/><W126/><G117/><T100/><D131/><U77/><E110/><V73/><F107/><W25/><G12/><T28/><D115/><U7/><E46/><V70/><F70/><W21/><G21/><T43/><D36/><U55/><E7/><V33/><F18/><W40/><G130/><T5/><D43/><U13/><E30/><N who="0" m="11305" /><D9/><U122/><E122/><V105/><F105/><W4/><G4/><T108/><D108/><U116/><E116/><V27/><F75/><W60/><G42/><T10/><D10/><U121/><E121/><V57/><F73/><W81/><G68/><T11/><D11/><U39/><E39/><V129/><F35/><W74/><G74/><T26/><D26/><U64/><E64/><V84/><F33/><W16/><G126/><T92/><D82/><U24/><E24/><V119/><F27/><W37/><G37/><T1/><D1/><U53/><E22/><V109/><F109/><W88/><G38/><T66/><D66/><N who="1" m="39223" /><E13/><V113/><F127/><W32/><G32/><T104/><D104/><U50/><E15/><V99/><F119/><W85/><G69/><T20/><D20/><U62/><E132/><V49/><F134/><W0/><G0/><T101/><D89/><N who="3" m="34377" /><G103/><T86/><D86/><U72/><E72/><V65/><F84/><W56/><G56/><T135/><D135/><U59/><E133/><V83/><F113/><W6/><G6/><T93/><AGARI ba="0,0" hai="5,8,14,41,44,51,92,93,100,101,102" m="11305" machi="93" ten="30,12000,1" yaku="5,1,8,1,52,3" doraHai="96" who="0" fromWho="0" sc="57,120,218,-40,288,-40,437,-40" />
</Scene>
<Scene>
<INIT seed="4,1,0,1,5,10" ten="177,178,248,397" oya="0" hai0="0,59,29,45,115,81,77,38,30,48,28,128,86" hai1="26,50,53,74,55,19,24,57,7,44,109,73,134" hai2="16,118,78,99,66,39,94,98,125,84,105,80,117" hai3="72,70,6,93,36,54,110,15,3,126,123,34,131"/><T68/><D68/><U1/><E109/><V56/><F39/><W31/><RYUUKYOKU type="yao9" ba="1,0" sc="177,0,178,0,248,0,397,0" hai3="3,6,15,31,34,36,54,70,72,93,110,123,126,131" />
</Scene>
<Scene>
<INIT seed="4,2,0,0,0,12" ten="177,178,248,397" oya="0" hai0="121,120,88,109,78,135,103,54,122,134,118,98,110" hai1="116,38,6,13,31,5,37,11,39,126,45,61,133" hai2="114,85,42,33,0,58,75,8,80,48,70,64,99" hai3="124,59,89,2,74,46,41,57,52,123,60,131,44"/><T69/><D69/><U113/><E116/><V125/><F70/><W132/><G2/><T105/><D54/><U68/><E133/><N who="0" m="50697" /><D118/><U127/><E31/><V27/><F75/><W92/><G132/><T67/><D67/><N who="1" m="41071" /><E45/><V90/><F33/><W104/><G124/><N who="1" m="47658" /><E113/><V7/><F27/><W95/><G52/><T62/><D62/><U25/><E25/><V10/><F114/><W86/><G60/><T128/><D128/><U73/><E73/><V112/><F112/><W130/><G131/><T77/><D88/><U71/><E71/><V93/><F125/><W56/><G89/><T87/><D87/><U108/><E108/><AGARI ba="2,0" hai="77,78,98,103,105,108,109,110,120,121,122" m="50697" machi="108" ten="40,12000,1" yaku="10,1,20,1,34,2" doraHai="12" who="0" fromWho="1" sc="177,126,178,-126,248,0,397,0" />
</Scene>
<Scene>
<INIT seed="4,3,0,1,3,88" ten="303,52,248,397" oya="0" hai0="98,47,50,92,60,94,26,52,31,57,14,127,11" hai1="28,12,99,70,55,0,39,104,108,32,2,49,82" hai2="77,71,107,54,17,5,124,121,68,91,86,132,128" hai3="34,84,125,129,105,24,81,20,100,74,19,13,37"/><T25/><D127/><U78/><E108/><V131/><F107/><W126/><G74/><T106/><D106/><U130/><E39/><V79/><F124/><N who="3" m="47723" /><G37/><T120/><D120/><U6/><E130/><N who="2" m="49707" /><F132/><W58/><G129/><T51/><D51/><U133/><E133/><V48/><F121/><W15/><G34/><T75/><D75/><U29/><E70/><N who="2" m="26667" /><F17/><W109/><G109/><T43/><D98/><U76/><E12/><V85/><F5/><W59/><G13/><T112/><D112/><U96/><E6/><V22/><F22/><N who="3" m="11647" /><G100/><T117/><D117/><U102/><E32/><V3/><F3/><W30/><G105/><T41/><D41/><U72/><E0/><V18/><F18/><W56/><G56/><T40/><D40/><U93/><E2/><V111/><F111/><W83/><G83/><T8/><D8/><U135/><E135/><V118/><F118/><W16/><G30/><T73/><D73/><U69/><E69/><V4/><F4/><W45/><G45/><T35/><D26/><U116/><E116/><V63/><F63/><W44/><G44/><T95/><D95/><U89/><REACH who="1" step="1"/><E78/><AGARI ba="3,0" hai="16,20,24,58,59,78,81,84" m="11647,47723" machi="78" ten="30,2000,0" yaku="18,1,54,1" doraHai="88" who="3" fromWho="1" sc="303,0,52,-29,248,0,397,29" />
</Scene>
<Scene>
<INIT seed="5,0,0,2,3,11" ten="303,23,248,426" oya="1" hai0="58,104,38,25,75,62,0,60,82,23,118,51,3" hai1="94,2,69,128,21,131,24,120,81,13,31,86,53" hai2="119,102,66,68,87,40,98,90,103,125,133,123,17" hai3="121,110,71,85,114,19,79,72,97,99,78,10,63"/><U56/><E2/><V84/><F123/><W116/><G72/><T112/><D38/><U29/><E120/><V57/><F119/><W74/><G74/><T61/><D118/><U96/><E69/><V93/><F68/><W36/><G36/><T32/><D32/><U47/><E47/><V41/><F125/><W20/><G10/><T122/><D122/><U91/><E31/><V83/><F133/><W64/><G116/><T50/><D104/><U37/><E37/><V132/><F132/><W46/><G110/><T9/><D112/><U26/><E26/><V127/><F127/><W92/><G114/><T16/><D58/><U55/><E131/><V12/><F66/><W117/><G117/><T65/><D65/><U28/><E128/><V45/><F57/><W73/><G73/><T43/><D3/><U34/><E29/><V52/><F87/><W49/><G85/><T115/><D115/><U80/><E55/><V70/><F70/><W39/><G99/><T130/><D130/><U105/><E105/><V4/><F4/><W106/><G106/><T108/><D108/><U88/><E81/><V54/><F103/><W77/><G39/><T8/><D0/><U67/><E67/><V15/><F15/><W35/><G35/><T59/><D59/><U33/><REACH who="1" step="1"/><E13/><REACH who="1" ten="303,13,248,426" step="2"/><V48/><REACH who="2" step="1"/><F54/><REACH who="2" ten="303,13,238,426" step="2"/><N who="3" m="30007" /><G121/><T126/><D126/><U42/><E42/><V111/><F111/><W44/><G71/><T22/><D43/><U107/><E107/><V7/><F7/><W30/><G64/><T6/><D6/><U129/><E129/><V134/><F134/><W109/><G109/><RYUUKYOKU ba="0,2" sc="303,-15,13,15,238,15,426,-15" hai1="21,24,28,33,34,53,56,80,86,88,91,94,96" hai2="12,17,40,41,45,48,52,83,84,90,93,98,102" />
</Scene>
<Scene>
<INIT seed="5,1,2,5,1,66" ten="288,28,253,411" oya="1" hai0="107,94,87,32,44,50,106,123,75,100,56,103,91" hai1="25,79,16,63,134,7,36,92,33,117,109,69,135" hai2="13,21,86,60,101,88,19,82,0,26,24,89,3" hai3="38,72,55,29,112,90,2,116,102,128,49,39,45"/><U118/><E36/><V11/><F101/><N who="0" m="38986" /><D32/><U4/><E79/><V95/><F60/><W30/><G112/><T124/><D56/><U5/><E92/><V98/><REACH who="2" step="1"/><F26/><REACH who="2" ten="288,28,243,411" step="2"/><W67/><G102/><T68/><D107/><U8/><E109/><V85/><F85/><W121/><G72/><T54/><D106/><U131/><E131/><V23/><F23/><W110/><G128/><T97/><D75/><U22/><E33/><V74/><F74/><W14/><G110/><T111/><D87/><U12/><E63/><V41/><F41/><W65/><G121/><T78/><D111/><U9/><E69/><V34/><F34/><W126/><G116/><N who="1" m="44650" /><E9/><V47/><F47/><W48/><G45/><T113/><D68/><U104/><E104/><V46/><F46/><W28/><G39/><T17/><D123/><U83/><E83/><V64/><F64/><W115/><G38/><T99/><D44/><U15/><E15/><V6/><AGARI ba="1,3" hai="0,3,6,11,13,19,21,24,82,86,88,89,95,98" machi="6" ten="20,5200,0" yaku="1,1,0,1,7,1,54,1,53,0" doraHai="66" doraHaiUra="108" who="2" fromWho="2" sc="288,-14,28,-27,243,85,411,-14" />
</Scene>
<Scene>
<INIT seed="6,0,0,2,2,127" ten="274,1,328,397" oya="2" hai0="26,89,95,27,120,56,52,68,100,5,106,36,32" hai1="61,121,69,64,50,67,87,44,28,134,12,108,128" hai2="96,66,94,1,104,90,71,74,132,3,20,43,23" hai3="49,77,24,112,47,119,91,11,15,81,84,17,53"/><V115/><F74/><W86/><G119/><T16/><D120/><U54/><E28/><V85/><F132/><W79/><G112/><T129/><D68/><U88/><E108/><V111/><F111/><W131/><G131/><T45/><D129/><U98/><E134/><V33/><F33/><W34/><G86/><T76/><D76/><U82/><E121/><V35/><F35/><W31/><AGARI ba="0,0" hai="11,15,17,24,31,34,47,49,53,77,79,81,84,91" machi="31" ten="30,4000,0" yaku="0,1,25,2" doraHai="127" who="3" fromWho="3" sc="274,-10,1,-10,328,-20,397,40" owari="264,-14.0,-9,-51.0,308,11.0,437,54.0" />
</Scene>
</mjloggm>