<mjloggm ver="2.3"><GO type="169" lobby="0"/><UN n0="%E3%81%88%E3%81%8C%E3%81%8A%E3%82%92%E3%81%BF%E3%81%9B%E3%81%A6" n1="%E3%81%8A%E3%81%8B%E3%82%82%E3%81%A8" n2="%E5%A4%AA%E3%81%8F%E3%81%AA%E3%81%84%E3%81%8A" n3="%7A%6B%75%72%74" dan="16,18,18,17" rate="2008.47,2208.09,2199.49,2251.48" sx="M,M,M,M"/><TAIKYOKU oya="0"/>

<Scene>
<INIT seed="0,0,0,4,3,12" ten="250,250,250,250" oya="0" hai0="96,87,119,126,82,115,44,21,127,110,20,39,38" hai1="25,42,80,40,6,67,29,51,13,74,85,32,75" hai2="62,48,57,125,37,18,43,41,123,104,94,70,3" hai3="61,113,98,111,14,76,1,17,33,36,73,77,0"/><T116/><D115/><U47/><E67/><V58/><F104/><W99/><G113/><T72/><D72/><U26/><E42/><V5/><F37/><W54/><G36/><T66/><D66/><U71/><E71/><V97/><F70/><W93/><G33/><T11/><D11/><N who="1" m="4343" /><E26/><V24/><F123/><W107/><G111/><T16/><D96/><U60/><E60/><V52/><F125/><N who="0" m="47626" /><D110/><U69/><E69/><V46/><F3/><W90/><G107/><T106/><D106/><U35/><E32/><V50/><F5/><W64/><G99/><T114/><D114/><U22/><E35/><V10/><F43/><W95/><G64/><T15/><D21/><U92/><E92/><V27/><F94/><W34/><G34/><T120/><D120/><U130/><E130/><V30/><F97/><N who="3" m="57527" /><G73/><T135/><D135/><U108/><E108/><V55/><F30/><W56/><G0/><T134/><D134/><U117/><E117/><N who="0" m="45129" /><D44/><U112/><E112/><V118/><F118/><W68/><BYE who="2" /><G1/><T2/><D2/><U122/><E122/><V103/><F103/><N who="3" m="60895" /><G68/><T121/><D121/><UN n2="%E5%A4%AA%E3%81%8F%E3%81%AA%E3%81%84%E3%81%8A" /><U49/><E75/><V89/><F89/><AGARI ba="0,0" hai="15,16,20,38,39,82,87,89" m="45129,47626" machi="89" ten="30,5800,0" yaku="18,1,52,1,54,1" doraHai="12" who="0" fromWho="2" sc="250,58,250,0,250,-58,250,0" />
</Scene>
<Scene>
<INIT seed="0,1,0,3,0,89" ten="308,250,192,250" oya="0" hai0="50,64,68,87,110,12,93,36,102,14,82,112,73" hai1="3,38,18,84,72,109,16,78,101,63,41,56,98" hai2="113,62,88,131,135,125,107,122,44,95,70,117,92" hai3="34,80,133,106,97,46,119,108,86,57,115,32,35"/><T42/><D112/><U81/><E109/><V25/><F113/><W52/><G115/><T31/><D36/><U85/><E3/><V4/><F122/><W58/><G119/><T39/><D39/><U53/><E38/><V129/><F107/><W99/><G108/><T37/><D37/><U66/><E41/><V132/><F117/><W27/><G133/><N who="2" m="51273" /><F4/><W134/><G134/><T8/><D110/><U47/><E72/><V83/><F44/><W45/><G58/><T30/><D73/><U65/><E85/><N who="2" m="50239" /><F25/><W127/><G127/><T6/><D14/><U121/><E121/><V74/><F74/><W13/><G13/><T126/><D126/><U51/><REACH who="1" step="1"/><E66/><REACH who="1" ten="308,240,192,250" step="2"/><N who="2" m="41303" /><F125/><W11/><G86/><T124/><D124/><U0/><E0/><V15/><F15/><W114/><G114/><T118/><D87/><U116/><E116/><V123/><F123/><W94/><G27/><T105/><D12/><U71/><E71/><V91/><F91/><W130/><G97/><T104/><D68/><U20/><E20/><V67/><F67/><W10/><G99/><T60/><D64/><U19/><E19/><V55/><F55/><W24/><G52/><T28/><D118/><U43/><E43/><V9/><F9/><W2/><G11/><T7/><D8/><U54/><E54/><V1/><F1/><W26/><G10/><T49/><D42/><U5/><E5/><V76/><F76/><W21/><G2/><T29/><D7/><U111/><E111/><V59/><F59/><W48/><G57/><T33/><D6/><U120/><E120/><V22/><F22/><RYUUKYOKU ba="1,1" sc="308,-15,240,15,192,15,250,-15" hai1="16,18,47,51,53,56,63,65,78,81,84,98,101" hai2="92,95,129,131" />
</Scene>
<Scene>
<INIT seed="1,2,1,4,0,130" ten="293,255,207,235" oya="1" hai0="70,106,71,37,116,113,16,126,18,30,47,100,114" hai1="64,23,125,17,14,117,44,105,96,46,34,128,98" hai2="57,68,49,123,22,10,81,133,20,103,101,131,102" hai3="39,38,60,28,93,48,63,61,50,92,82,36,45"/><U89/><E117/><V75/><F68/><W108/><G28/><T3/><D116/><U15/><E128/><V78/><F131/><W91/><G108/><T76/><D30/><U29/><E125/><V55/><F123/><W42/><G82/><T74/><D3/><U33/><E64/><V12/><REACH who="2" step="1"/><F133/><REACH who="2" ten="293,255,197,235" step="2"/><W90/><G42/><T87/><D71/><U7/><E33/><V0/><F0/><W65/><G65/><T40/><D70/><U127/><E34/><V24/><F24/><W58/><G58/><T135/><D40/><U95/><E127/><V107/><F107/><W80/><G45/><T84/><D47/><U104/><E104/><V26/><F26/><W54/><G54/><T124/><D106/><U53/><E46/><V88/><F88/><N who="3" m="33835" /><G80/><T109/><D126/><U73/><E44/><V51/><F51/><AGARI ba="2,2" hai="36,38,39,48,50,51,60,61,63,92,93" m="33835" machi="51" ten="40,5200,0" yaku="28,2,54,1" doraHai="130" who="3" fromWho="2" sc="293,0,255,0,197,-58,235,78" />
</Scene>
<Scene>
<INIT seed="2,0,0,2,3,90" ten="293,255,139,313" oya="2" hai0="48,59,92,24,33,57,21,132,120,108,47,9,117" hai1="124,42,79,91,80,25,123,40,72,38,134,84,56" hai2="105,62,39,36,32,61,75,8,23,55,101,113,71" hai3="66,102,81,51,44,27,93,68,109,98,13,1,97"/><V89/><F32/><W12/><G1/><T14/><D120/><U103/><E123/><V2/><F113/><W87/><G109/><T78/><D33/><U53/><E124/><V85/><F75/><W74/><G74/><T15/><D108/><U11/><E134/><V67/><F105/><W41/><G68/><T116/><D132/><U131/><E131/><V45/><F101/><W106/><G66/><T50/><D78/><U58/><E103/><V6/><F23/><W22/><G98/><T64/><D64/><U128/><E128/><V35/><F35/><W112/><G106/><T49/><D47/><U107/><E25/><V83/><REACH who="2" step="1"/><F45/><REACH who="2" ten="293,255,129,313" step="2"/><W34/><G34/><T29/><D117/><U20/><E107/><V77/><F77/><W30/><G112/><T31/><D116/><U54/><E20/><V52/><F52/><W86/><G86/><T96/><D29/><U19/><E79/><AGARI ba="0,1" hai="12,13,22,27,30,41,44,51,79,81,87,93,97,102" machi="79" ten="30,3900,0" yaku="7,1,8,1,52,1" doraHai="90" who="3" fromWho="1" sc="293,0,255,-39,129,0,313,49" />
</Scene>
<Scene>
<INIT seed="3,0,0,5,1,78" ten="293,216,129,362" oya="3" hai0="123,133,124,17,3,121,93,75,35,8,67,77,39" hai1="103,30,102,115,114,1,107,53,24,104,108,85,126" hai2="5,27,116,57,95,134,41,26,11,79,117,88,82" hai3="122,130,118,69,4,111,105,32,68,131,38,45,9"/><W21/><G21/><T19/><D35/><U51/><E1/><V60/><F134/><W44/><G9/><T127/><D133/><U58/><E108/><V128/><F128/><W132/><G4/><N who="0" m="1055" /><D67/><U61/><E126/><N who="0" m="48169" /><D39/><U49/><E104/><V100/><F100/><W89/><G89/><T16/><D93/><U70/><E107/><V71/><F41/><W64/><G105/><T119/><D119/><U55/><E103/><V46/><F46/><W40/><G32/><T13/><D77/><U125/><E102/><V81/><F71/><W66/><G118/><T112/><D75/><U56/><E125/><V91/><F117/><W0/><G0/><T47/><D47/><U84/><E114/><V31/><F116/><W74/><G74/><T20/><D112/><U109/><E115/><V97/><F91/><W25/><G132/><T29/><D29/><U15/><E109/><V50/><F50/><W23/><G111/><T43/><D43/><U101/><E101/><V6/><F79/><W2/><G2/><T73/><D73/><U62/><E70/><V22/><F27/><W34/><G45/><T106/><D106/><U42/><E15/><N who="2" m="5615" /><F6/><W7/><G7/><T36/><D36/><U12/><E12/><V96/><F96/><W37/><G37/><T129/><D129/><U10/><E42/><V83/><F83/><W113/><G113/><T92/><D92/><U72/><E72/><V98/><F98/><W59/><G131/><T135/><D135/><U110/><E110/><V48/><F48/><W18/><G130/><T63/><D63/><U28/><E24/><RYUUKYOKU ba="0,0" sc="293,10,216,10,129,10,362,-30" hai0="13,16,17,19,20,121,123" hai1="10,28,30,49,51,53,55,56,58,61,62,84,85" hai2="22,26,31,57,60,81,82,88,95,97" />
</Scene>
<Scene>
<INIT seed="4,1,0,1,4,87" ten="303,226,139,332" oya="0" hai0="125,92,127,7,77,36,109,85,58,110,81,38,34" hai1="114,75,107,128,116,27,29,86,122,66,39,79,135" hai2="3,33,51,84,99,115,61,13,73,59,126,12,54" hai3="95,93,65,112,74,108,55,14,47,30,129,43,133"/><T21/><D34/><U60/><E116/><V8/><F73/><W123/><G74/><T6/><D58/><U56/><E122/><V100/><F33/><W70/><G108/><N who="0" m="41579" /><D21/><U52/><E107/><V98/><F115/><W63/><G123/><T104/><D104/><U50/><E39/><N who="0" m="14889" /><D92/><U105/><E105/><V120/><F120/><W96/><G112/><T53/><D53/><U24/><E114/><V106/><F126/><AGARI ba="1,0" hai="6,7,77,81,85,125,126,127" m="14889,41579" machi="126" ten="40,3900,0" yaku="18,1,10,1" doraHai="87" who="0" fromWho="2" sc="303,42,226,0,139,-42,332,0" />
</Scene>
<Scene>
<INIT seed="4,2,0,5,3,12" ten="345,226,97,332" oya="0" hai0="3,126,135,9,124,70,104,84,36,65,29,133,97" hai1="93,100,37,79,102,23,110,61,123,8,22,34,17" hai2="40,72,118,54,51,27,66,101,89,112,92,107,38" hai3="120,88,75,67,96,60,10,63,14,76,119,132,109"/><T30/><D36/><U86/><E110/><V83/><F112/><W18/><G109/><T20/><D84/><U116/><E116/><V128/><F118/><W74/><G119/><T127/><D65/><U113/><E123/><V7/><F128/><W99/><G120/><T5/><D70/><U130/><E34/><V81/><F66/><W105/><G132/><N who="0" m="50763" /><D104/><U43/><E130/><V57/><F7/><W53/><G76/><T114/><D114/><U85/><E113/><V16/><F72/><W78/><G78/><T106/><D106/><U125/><E125/><V47/><F101/><W56/><G105/><T11/><D97/><U44/><E79/><V90/><F107/><W52/><G53/><T68/><D68/><U26/><E85/><V73/><F73/><W21/><G74/><T129/><D11/><U13/><E8/><V77/><F77/><W91/><G75/><T50/><D50/><N who="1" m="26911" /><E61/><N who="2" m="36023" /><F38/><W121/><G121/><T98/><D98/><N who="3" m="37417" /><G10/><T49/><D49/><U122/><E37/><V82/><F92/><W25/><G25/><N who="0" m="16551" /><D30/><N who="1" m="17751" /><E122/><V62/><F62/><N who="3" m="23595" /><G67/><T6/><D6/><U48/><E48/><AGARI ba="2,0" hai="14,18,21,48,52,56,88,91" m="23595,37417" machi="48" ten="30,7700,0" yaku="8,1,52,1,54,2" doraHai="12" who="3" fromWho="1" sc="345,0,226,-83,97,0,332,83" />
</Scene>
<Scene>
<INIT seed="5,0,0,4,4,78" ten="345,143,97,415" oya="1" hai0="26,94,22,77,81,70,96,86,60,15,20,122,38" hai1="65,47,127,10,62,123,132,28,45,59,120,31,40" hai2="92,80,85,36,79,48,24,99,84,54,56,2,126" hai3="131,16,83,42,21,63,5,35,4,95,19,13,37"/><U58/><E127/><V55/><F126/><W90/><G35/><T17/><D38/><U74/><E74/><V41/><F2/><W87/><G131/><T112/><D122/><U124/><E124/><V109/><F109/><W107/><G107/><T116/><D116/><U44/><E132/><V114/><F114/><W89/><G37/><T61/><D70/><U29/><E40/><V113/><F113/><W133/><G42/><T76/><D112/><U73/><E73/><V75/><F24/><N who="3" m="14375" /><G63/><T102/><REACH who="0" step="1"/><D77/><REACH who="0" ten="335,143,97,415" step="2"/><U27/><E120/><V101/><REACH who="2" step="1"/><F55/><REACH who="2" ten="335,143,87,415" step="2"/><W43/><G133/><T14/><D14/><U64/><E123/><V100/><F100/><W128/><G128/><T52/><D52/><N who="1" m="34119" /><E27/><V53/><F53/><W11/><G43/><T121/><D121/><U134/><E134/><V93/><F93/><W49/><G49/><T125/><D125/><U115/><E115/><V108/><F108/><W105/><G105/><T97/><D97/><AGARI ba="0,2" hai="4,5,11,13,19,83,87,89,90,95,97" m="14375" machi="97" ten="30,3900,0" yaku="8,1,52,1,54,1" doraHai="78" who="3" fromWho="0" sc="335,-39,143,0,87,0,415,59" />
</Scene>
<Scene>
<INIT seed="6,0,0,5,0,27" ten="296,143,87,474" oya="2" hai0="58,2,39,127,44,66,76,28,102,123,110,45,125" hai1="72,60,92,40,23,133,87,106,97,29,10,112,34" hai2="101,114,42,47,32,126,37,91,86,12,94,90,38" hai3="89,55,16,128,130,69,7,22,98,75,50,21,51"/><V79/><F114/><W115/><G75/><T59/><D123/><U96/><E112/><V119/><F119/><W35/><G35/><T109/><D2/><U5/><E72/><V108/><F126/><N who="0" m="48138" /><D76/><U18/><E133/><V31/><F108/><N who="0" m="41578" /><D102/><U13/><E40/><V83/><F37/><W68/><G7/><T26/><D39/><U25/><E106/><V46/><F46/><N who="0" m="18026" /><D66/><U53/><E87/><V4/><F101/><W120/><G120/><T33/><AGARI ba="0,0" hai="26,28,33,58,59" m="18026,41578,48138" machi="33" ten="40,2700,0" yaku="18,1,52,1" doraHai="27" who="0" fromWho="0" sc="296,27,143,-7,87,-13,474,-7" />
</Scene>
<Scene>
<INIT seed="7,0,0,4,3,61" ten="323,136,74,467" oya="3" hai0="80,67,35,63,53,50,74,4,135,44,83,130,42" hai1="115,105,22,13,39,102,76,71,17,88,31,125,70" hai2="16,33,24,40,104,127,81,114,78,14,126,73,133" hai3="58,65,99,30,56,120,128,46,27,75,1,72,66"/><W109/><G1/><T59/><D35/><U79/><E39/><V29/><F104/><W64/><G120/><T116/><D116/><U119/><E119/><V45/><F114/><W43/><G128/><T93/><D130/><U92/><E115/><V7/><F133/><W121/><G99/><T124/><D135/><U134/><E134/><V91/><F91/><W28/><G28/><T41/><D124/><U96/><E125/><V12/><F12/><W54/><G58/><T36/><D4/><U37/><E37/><V18/><F127/><W100/><G100/><T132/><D132/><U3/><E3/><V98/><F126/><W48/><G121/><T90/><D42/><U94/><E105/><V5/><F98/><W97/><G97/><T20/><D20/><N who="1" m="11311" /><E71/><V21/><REACH who="2" step="1"/><F18/><REACH who="2" ten="323,136,64,467" step="2"/><W19/><G19/><T89/><D89/><U82/><E88/><V15/><F15/><W60/><REACH who="3" step="1"/><G109/><REACH who="3" ten="323,136,64,457" step="2"/><T77/><D90/><U34/><E96/><V69/><F69/><W47/><G47/><T57/><D44/><U0/><E70/><V8/><F8/><W84/><G84/><T32/><D77/><U113/><E79/><V55/><F55/><W6/><G6/><T52/><D53/><U68/><E76/><V62/><F62/><W122/><G122/><T101/><D52/><U25/><E68/><V108/><F108/><W86/><G86/><T107/><D63/><U2/><E113/><V129/><F129/><W23/><AGARI ba="0,2" hai="23,27,30,43,46,48,54,56,60,64,65,66,72,75" machi="23" ten="30,12000,1" yaku="1,1,0,1,52,3,53,0" doraHai="61" doraHaiUra="95" who="3" fromWho="3" sc="323,-40,136,-40,64,-40,457,140" owari="283,8.0,96,-30.0,24,-48.0,597,70.0" />
</Scene>
</mjloggm>