<mjloggm ver="2.3"><GO type="169" lobby="0"/><UN n0="%6E%69%63%6B%2E" n1="%77%61%64%6F%70%72%6F" n2="%E5%A4%AA%E3%81%8F%E3%81%AA%E3%81%84%E3%81%8A" n3="%EF%BC%88%E2%88%AA%EF%BC%BE%CF%89%EF%BC%BE%EF%BC%89%E3%81%8A%EF%BC%81" dan="16,16,17,16" rate="2104.20,2123.05,2217.42,2142.53" sx="M,M,M,M"/><TAIKYOKU oya="0"/>

<Scene>
<INIT seed="0,0,0,5,3,19" ten="250,250,250,250" oya="0" hai0="127,110,74,42,1,84,4,27,119,67,114,24,118" hai1="13,6,123,34,97,111,112,8,77,122,71,92,36" hai2="22,50,45,73,99,116,39,10,59,12,41,58,126" hai3="106,132,93,101,131,60,95,115,104,14,133,124,113"/><T33/><D74/><U16/><E71/><V23/><F73/><W21/><G60/><T57/><D42/><U32/><E36/><V128/><F128/><W105/><G14/><T37/><D37/><U49/><E77/><V43/><F126/><W125/><G21/><N who="2" m="7689" /><F39/><W62/><G62/><T44/><D44/><U72/><E72/><V83/><F116/><W68/><G68/><T35/><D84/><U78/><E78/><V94/><F83/><W88/><G101/><T80/><D80/><U48/><E32/><V85/><F85/><N who="3" m="52367" /><G95/><T53/><D118/><U55/><E34/><V9/><F43/><W52/><G52/><T100/><D53/><U102/><E112/><N who="3" m="43082" /><G131/><T17/><D114/><U26/><E123/><V3/><F3/><W54/><G54/><T30/><D119/><U79/><E122/><V40/><F40/><W82/><G82/><T86/><D86/><U70/><E70/><V66/><F66/><W120/><G120/><T20/><D67/><U75/><E75/><V109/><F9/><W98/><G98/><T134/><D1/><U81/><E8/><V47/><F47/><W56/><G56/><T7/><D57/><U15/><E81/><V90/><F109/><W28/><G28/><T0/><D30/><U46/><E111/><V25/><F25/><W38/><G38/><T96/><D0/><U63/><E46/><V11/><F11/><W64/><G64/><T103/><D110/><U135/><E79/><V29/><F29/><W121/><G121/><T31/><D31/><U18/><E97/><V76/><F76/><W87/><G87/><RYUUKYOKU ba="0,0" sc="250,-15,250,-15,250,15,250,15" hai2="10,12,41,45,50,58,59,90,94,99" hai3="104,105,106,124,125,132,133" />
</Scene>
<Scene>
<INIT seed="1,1,0,3,4,103" ten="235,235,265,265" oya="1" hai0="41,74,117,93,125,40,61,126,9,110,23,35,109" hai1="119,44,90,87,16,55,78,76,106,1,69,135,63" hai2="42,28,7,112,96,17,0,132,101,38,4,62,14" hai3="10,50,127,13,21,30,130,133,100,60,49,37,2"/><U39/><E119/><V56/><F132/><W72/><G72/><T70/><D35/><U47/><E1/><V102/><F112/><W73/><G73/><T57/><D70/><U97/><E135/><V94/><F0/><W48/><G127/><N who="0" m="48651" /><D74/><U104/><E97/><V81/><F28/><W46/><G130/><T59/><D117/><U54/><E69/><V45/><F81/><W77/><G77/><T65/><D9/><U91/><E63/><V22/><REACH who="2" step="1"/><F102/><REACH who="2" ten="235,235,255,265" step="2"/><W64/><G100/><T25/><D109/><U19/><E87/><V98/><F98/><W36/><G2/><T123/><D110/><U89/><E89/><V66/><AGARI ba="1,1" hai="4,7,14,17,22,38,42,45,56,62,66,94,96,101" machi="66" ten="20,2700,0" yaku="1,1,0,1,7,1,53,0" doraHai="103" doraHaiUra="24" who="2" fromWho="2" sc="235,-8,235,-14,255,40,265,-8" />
</Scene>
<Scene>
<INIT seed="2,0,0,5,5,42" ten="227,221,295,257" oya="2" hai0="75,46,32,120,60,128,53,4,79,106,123,70,101" hai1="85,55,19,47,135,73,91,26,113,20,117,124,84" hai2="1,41,43,17,51,131,88,25,78,6,22,23,66" hai3="133,24,126,114,35,2,58,0,30,100,44,118,89"/><V132/><F131/><W99/><G118/><T82/><D128/><U80/><E117/><V103/><F132/><W77/><G126/><T13/><D32/><U111/><E73/><V7/><F78/><W21/><G133/><T95/><D106/><U59/><E135/><V28/><F103/><W65/><G114/><T62/><D101/><U92/><E111/><V134/><F134/><W11/><G77/><T14/><D95/><U52/><E124/><V27/><F66/><W94/><G35/><T40/><D53/><U37/><E113/><V33/><F33/><W86/><G11/><T48/><D14/><U116/><E116/><V34/><F34/><W93/><G44/><T76/><D76/><U49/><E37/><V15/><F1/><W57/><G57/><T50/><D50/><N who="1" m="31127" /><E84/><V109/><F109/><W108/><REACH who="3" step="1"/><G108/><REACH who="3" ten="227,221,295,247" step="2"/><T122/><D70/><U67/><E67/><V81/><F7/><W36/><G36/><T125/><D125/><U105/><E105/><V107/><F107/><W72/><G72/><T38/><D38/><U63/><E63/><AGARI ba="0,1" hai="0,2,21,24,30,58,63,65,86,89,93,94,99,100" machi="63" ten="40,5200,0" yaku="1,1,25,2,53,0" doraHai="42" doraHaiUra="119" who="3" fromWho="1" sc="227,0,221,-52,295,0,247,62" />
</Scene>
<Scene>
<INIT seed="3,0,0,2,1,22" ten="227,169,295,309" oya="3" hai0="43,18,5,44,47,133,63,124,27,96,123,41,29" hai1="71,95,130,70,59,76,58,107,67,119,129,79,114" hai2="94,10,65,111,34,118,97,135,3,7,125,77,104" hai3="57,28,37,105,93,92,50,60,66,51,89,49,33"/><W15/><G105/><T98/><D123/><U16/><E107/><V102/><F118/><W31/><G37/><T88/><D124/><U12/><E114/><V73/><F125/><W9/><G33/><T131/><D131/><N who="1" m="50187" /><E119/><V55/><F111/><W121/><G121/><T39/><D133/><U4/><E4/><V40/><F135/><W127/><G127/><T53/><D5/><U74/><E95/><N who="3" m="36426" /><G89/><T23/><D29/><U84/><E74/><V1/><F34/><W62/><G62/><T75/><D75/><U90/><E58/><V20/><F104/><W46/><G46/><T100/><D88/><U68/><E90/><V42/><F3/><W36/><G36/><T11/><D11/><N who="1" m="6175" /><E84/><V35/><F73/><W32/><G32/><T14/><D100/><U82/><E82/><V110/><F35/><W120/><G120/><T115/><D115/><U38/><E38/><V101/><F101/><W108/><G108/><T103/><D103/><U6/><E6/><AGARI ba="0,0" hai="6,9,15,28,31,49,50,51,57,60,66" m="36426" machi="6" ten="30,1500,0" yaku="8,1" doraHai="22" who="3" fromWho="1" sc="227,0,169,-15,295,0,309,15" />
</Scene>
<Scene>
<INIT seed="3,1,0,5,2,83" ten="227,154,295,324" oya="3" hai0="66,48,125,111,106,90,54,114,132,80,61,84,88" hai1="59,96,74,49,22,131,30,58,21,110,127,3,71" hai2="86,113,135,77,81,0,97,62,26,53,76,42,79" hai3="128,133,95,104,31,129,14,64,118,115,68,27,102"/><W34/><G118/><T72/><D111/><U35/><E74/><V120/><F113/><W85/><G115/><T65/><D114/><U109/><E71/><V41/><F0/><W19/><G133/><T89/><D132/><U63/><E3/><V44/><F135/><W28/><G28/><T4/><D106/><U1/><E1/><V126/><F126/><W56/><G68/><T11/><D125/><U50/><E127/><V29/><F120/><W60/><G104/><T67/><D72/><U101/><E35/><V107/><F107/><W46/><G46/><T108/><D108/><U15/><E15/><V12/><F97/><W75/><G75/><T5/><D61/><U116/><E63/><V99/><F99/><W112/><G112/><T130/><D130/><N who="3" m="50281" /><G102/><T51/><D51/><U38/><E131/><V82/><F12/><W55/><G64/><T92/><D11/><U37/><E30/><V52/><F62/><W32/><G32/><T6/><D80/><U100/><REACH who="1" step="1"/><E96/><REACH who="1" ten="227,144,295,324" step="2"/><V16/><F29/><W87/><G95/><T103/><REACH who="0" step="1"/><D103/><REACH who="0" ten="217,144,295,324" step="2"/><U121/><E121/><V134/><F134/><W45/><G45/><AGARI ba="1,2" hai="4,5,6,45,48,54,65,66,67,84,88,89,90,92" machi="45" ten="40,8000,1" yaku="1,1,2,1,8,1,52,1,54,1,53,0" doraHai="83" doraHaiUra="17" who="0" fromWho="3" sc="217,103,144,0,295,0,324,-83" />
</Scene>
<Scene>
<INIT seed="4,0,0,1,4,47" ten="320,144,295,241" oya="0" hai0="72,99,85,49,105,86,46,79,87,133,8,123,37" hai1="66,129,74,13,127,106,122,3,91,59,42,80,45" hai2="53,58,16,70,125,135,52,1,68,0,134,69,6" hai3="39,111,83,9,50,33,30,130,109,96,88,121,18"/><T2/><D123/><U101/><E3/><N who="2" m="1099" /><F6/><W128/><G39/><T54/><D133/><N who="2" m="50698" /><F125/><W48/><G121/><T14/><D37/><U93/><E122/><V24/><F58/><W41/><G41/><T90/><D2/><U64/><E127/><V117/><F117/><W20/><G33/><T119/><D119/><U103/><E129/><N who="3" m="49770" /><G30/><T21/><D21/><AGARI ba="0,0" hai="16,21,24,52,53,68,69,70" m="50698,1099" machi="21" ten="40,5200,0" yaku="20,1,54,2" doraHai="47" who="2" fromWho="0" sc="320,-52,144,0,295,52,241,0" />
</Scene>
<Scene>
<INIT seed="5,0,0,2,2,73" ten="268,144,347,241" oya="1" hai0="86,88,6,110,125,127,75,83,41,108,112,5,87" hai1="68,116,121,82,64,32,122,51,95,20,80,93,25" hai2="52,24,126,62,17,90,61,10,97,119,130,120,31" hai3="15,70,58,71,111,42,135,78,43,45,129,57,117"/><U37/><E37/><V59/><F120/><W92/><G117/><T77/><D41/><U44/><E32/><V21/><F119/><W14/><G92/><N who="0" m="54295" /><D6/><U18/><E116/><V28/><F126/><N who="0" m="48138" /><D5/><U39/><E39/><V131/><F61/><W66/><G66/><T49/><D49/><U107/><E107/><V65/><F65/><W106/><G106/><T94/><D112/><U134/><E134/><V40/><F40/><W89/><G89/><AGARI ba="0,0" hai="75,77,83,87,89,94,108,110" m="48138,54295" machi="89" ten="30,8000,1" yaku="18,1,34,2,52,1,54,1" doraHai="73" who="0" fromWho="3" sc="268,80,144,0,347,0,241,-80" />
</Scene>
<Scene>
<INIT seed="6,0,0,1,5,125" ten="348,144,347,161" oya="2" hai0="104,96,134,42,119,29,12,21,122,92,103,43,79" hai1="22,74,27,62,123,108,87,129,8,93,24,32,20" hai2="52,51,71,25,50,66,2,55,11,95,118,114,59" hai3="46,19,4,5,15,0,17,77,116,67,78,57,14"/><V84/><F118/><W38/><G116/><T89/><D119/><U117/><E74/><V35/><F114/><W1/><G38/><T94/><D122/><U83/><E108/><V26/><F71/><W106/><G106/><T135/><D79/><U61/><E117/><V113/><F113/><W16/><G46/><T45/><D104/><U100/><E123/><V107/><F107/><W6/><G57/><T81/><D81/><U47/><E32/><V70/><F70/><W133/><G67/><T124/><D124/><U48/><E129/><V9/><F66/><W130/><G130/><T69/><D69/><U115/><E115/><V65/><F65/><W56/><G56/><T34/><D34/><U131/><E131/><V120/><F120/><W10/><G78/><T7/><D7/><N who="3" m="2633" /><G77/><T73/><D73/><U126/><E126/><V40/><F40/><W58/><G58/><T99/><D12/><N who="3" m="4649" /><G133/><N who="0" m="50699" /><D45/><U3/><E61/><V13/><F95/><W72/><G72/><T105/><D94/><U109/><E62/><V60/><F60/><W127/><G127/><T88/><D89/><U53/><E53/><V82/><F59/><W31/><G31/><T23/><D29/><U98/><E47/><V37/><F37/><W80/><G80/><T44/><D43/><U85/><E83/><V86/><F82/><W28/><G28/><T18/><D18/><U39/><E39/><AGARI ba="0,0" hai="21,23,39,42,44,88,92,96,99,103,105" m="50699" machi="39" ten="30,2000,0" yaku="20,1,54,1" doraHai="125" who="0" fromWho="1" sc="348,20,144,-20,347,0,161,0" />
</Scene>
<Scene>
<INIT seed="7,0,0,5,0,87" ten="368,124,347,161" oya="3" hai0="7,106,72,16,50,55,101,32,130,79,39,64,25" hai1="2,80,120,30,41,59,129,0,92,85,78,52,83" hai2="119,33,88,43,15,74,131,65,31,4,124,133,42" hai3="44,97,86,8,96,54,135,126,125,63,111,73,115"/><W13/><G115/><T104/><D39/><U24/><E120/><V21/><F119/><W48/><G111/><T40/><D40/><N who="2" m="15402" /><F74/><W122/><G122/><T36/><D36/><U77/><E129/><V22/><F33/><W89/><G135/><T113/><D130/><U68/><E68/><V93/><F131/><W6/><G63/><T127/><D113/><U28/><E41/><V118/><F118/><W69/><G73/><T19/><D7/><U123/><E123/><V46/><F133/><W121/><G69/><T108/><D108/><U81/><E92/><V110/><F110/><W112/><G112/><T56/><D127/><N who="3" m="48649" /><G121/><T107/><D101/><U102/><E102/><V91/><F124/><W75/><G75/><T12/><D64/><U103/><E103/><V35/><F35/><W132/><G132/><T34/><D25/><U62/><E28/><V11/><F65/><W134/><G134/><T9/><REACH who="0" step="1"/><D19/><REACH who="0" ten="358,124,347,161" step="2"/><U58/><E58/><V1/><F1/><W116/><G116/><T18/><D18/><U99/><E99/><N who="2" m="57767" /><F31/><W71/><G71/><T114/><D114/><U29/><E29/><V60/><F60/><W47/><G96/><T90/><D90/><U84/><E81/><AGARI ba="0,1" hai="9,12,16,32,34,50,55,56,72,79,81,104,106,107" machi="81" ten="40,8000,1" yaku="1,1,54,1,53,3" doraHai="87" doraHaiUra="100" who="0" fromWho="1" sc="358,90,124,-80,347,0,161,0" owari="448,55.0,44,-46.0,347,15.0,161,-24.0" />
</Scene>
</mjloggm>