<mjloggm ver="2.3"><GO type="169" lobby="0"/><UN n0="%2D%72%6F%6E%2D" n1="%E3%83%96%E3%83%AB%E3%83%96%E3%83%AB%E3%83%8F%E3%83%BC%E3%83%84" n2="%E6%9D%BE%E5%B3%B6" n3="%E5%A4%AA%E3%81%8F%E3%81%AA%E3%81%84%E3%81%8A" dan="16,16,16,18" rate="2111.31,2075.54,2148.34,2180.56" sx="M,M,M,M"/><TAIKYOKU oya="0"/>

<Scene>
<INIT seed="0,0,0,4,1,3" ten="250,250,250,250" oya="0" hai0="94,30,74,11,9,127,10,21,50,118,1,15,115" hai1="27,110,119,2,90,113,18,60,66,131,83,99,104" hai2="22,55,91,124,17,88,98,45,84,52,5,51,129" hai3="96,59,120,135,47,43,24,103,35,16,121,7,86"/><T73/><D115/><U29/><E119/><V65/><F124/><W76/><G135/><T19/><D118/><U0/><E113/><V48/><F65/><W87/><G59/><T4/><D127/><U102/><E131/><V61/><F61/><W26/><G35/><T123/><D123/><N who="3" m="47177" /><G7/><T63/><D94/><U13/><E110/><V49/><F129/><W133/><G133/><T97/><D97/><U85/><E13/><N who="2" m="9519" /><F5/><W38/><G76/><T58/><D50/><N who="2" m="19562" /><F98/><W82/><G96/><T42/><D42/><U69/><REACH who="1" step="1"/><E18/><REACH who="1" ten="250,240,250,250" step="2"/><V57/><F84/><W64/><G87/><T79/><D74/><U100/><E100/><V62/><AGARI ba="0,1" hai="45,51,52,55,57,62,88,91" m="19562,9519" machi="62" ten="30,4000,0" yaku="8,1,54,2" doraHai="3" who="2" fromWho="2" sc="250,-20,240,-10,250,50,250,-10" />
</Scene>
<Scene>
<INIT seed="1,0,0,2,5,20" ten="230,230,300,240" oya="1" hai0="78,27,117,122,9,93,42,60,12,131,119,95,25" hai1="58,21,110,71,112,118,59,70,23,4,67,8,130" hai2="44,61,65,103,121,88,80,53,100,36,133,91,46" hai3="41,37,55,64,107,92,83,43,96,82,2,132,81"/><U3/><E118/><V40/><F121/><W49/><G2/><T69/><D42/><U134/><E112/><V32/><F32/><W73/><G73/><T56/><D122/><U76/><E21/><V30/><F133/><W72/><G72/><T84/><D69/><U74/><E134/><V126/><F126/><W129/><G132/><T128/><D119/><U102/><E102/><V105/><F30/><W85/><G129/><N who="0" m="49739" /><D117/><U54/><E130/><V62/><F105/><W48/><G37/><T89/><D78/><U18/><E110/><V45/><F40/><W101/><G64/><N who="0" m="38919" /><D93/><U79/><E67/><V51/><F36/><W75/><G75/><T34/><D34/><U90/><E59/><N who="2" m="37055" /><F62/><W14/><G49/><T38/><D38/><U104/><E104/><V116/><F116/><W63/><G63/><T35/><D35/><U94/><E71/><V135/><F135/><W6/><G48/><T5/><AGARI ba="0,0" hai="5,9,12,25,27,84,89,95" m="38919,49739" machi="5" ten="30,4000,0" yaku="19,1,52,2" doraHai="20" who="0" fromWho="0" sc="230,40,230,-20,300,-10,240,-10" />
</Scene>
<Scene>
<INIT seed="2,0,0,3,3,46" ten="270,210,290,230" oya="2" hai0="115,109,70,61,64,48,114,91,57,82,14,113,29" hai1="55,7,135,116,112,45,15,132,134,22,37,107,34" hai2="27,52,1,68,102,85,119,5,28,126,56,110,26" hai3="53,90,0,19,51,129,94,10,66,89,8,100,92"/><V41/><F119/><W118/><G118/><T6/><D29/><U21/><E116/><V3/><F68/><W39/><G39/><T98/><D109/><U11/><E112/><V108/><F41/><W44/><G129/><T12/><D6/><U16/><E107/><V125/><F102/><W97/><G66/><T43/><D98/><U81/><E34/><N who="2" m="20759" /><F85/><W67/><G67/><T42/><D42/><N who="1" m="22735" /><E81/><V124/><F27/><W4/><REACH who="3" step="1"/><G94/><REACH who="3" ten="270,210,290,220" step="2"/><T38/><D38/><U71/><E71/><V93/><F93/><W79/><G79/><T78/><D70/><U75/><E75/><V13/><F3/><W20/><G20/><N who="1" m="7786" /><E55/><V33/><F33/><W32/><G32/><T96/><D114/><U58/><E58/><V104/><F104/><W103/><G103/><T36/><D57/><U31/><E31/><V83/><F83/><W122/><G122/><T123/><D82/><U35/><E35/><V105/><F105/><W88/><G88/><T106/><D91/><U49/><E7/><V69/><F1/><W120/><G120/><T23/><D123/><U121/><E121/><V65/><F65/><W87/><G87/><T30/><D64/><U9/><E9/><N who="2" m="4271" /><F69/><W60/><G60/><AGARI ba="0,1" hai="52,56,60,108,110,124,125,126" m="4271,20759" machi="60" ten="40,3900,0" yaku="18,1,54,1" doraHai="46" who="2" fromWho="3" sc="270,0,210,0,290,49,220,-39" />
</Scene>
<Scene>
<INIT seed="2,1,0,1,1,42" ten="270,210,339,181" oya="2" hai0="132,89,66,15,112,34,88,96,80,110,121,100,67" hai1="45,104,59,11,3,55,103,20,18,39,126,24,99" hai2="47,131,107,65,134,125,40,13,35,26,116,64,32" hai3="114,86,92,58,12,122,105,91,117,22,109,10,4"/><V54/><F107/><W118/><G122/><T128/><D112/><U8/><E126/><V46/><F116/><W93/><G105/><T16/><D121/><U23/><E3/><V95/><F125/><W135/><G114/><T30/><D128/><U90/><E20/><V84/><F131/><W7/><G109/><T38/><D38/><U62/><E39/><V1/><F1/><W53/><G135/><T111/><D132/><U5/><E5/><V82/><F134/><W28/><G7/><T14/><D30/><U98/><REACH who="1" step="1"/><E45/><REACH who="1" ten="270,200,339,181" step="2"/><N who="2" m="16907" /><F32/><W85/><G22/><N who="0" m="11543" /><D34/><U94/><AGARI ba="1,1" hai="8,11,18,23,24,55,59,62,90,94,98,99,103,104" machi="94" ten="30,7900,0" yaku="1,1,0,1,25,2,53,0" doraHai="42" doraHaiUra="69" who="1" fromWho="1" sc="270,-21,200,92,339,-40,181,-21" />
</Scene>
<Scene>
<INIT seed="3,0,0,5,5,77" ten="249,292,299,160" oya="3" hai0="17,80,53,109,13,115,74,89,110,8,14,73,20" hai1="65,75,72,132,112,38,125,16,134,47,46,126,37" hai2="90,67,88,107,64,15,84,102,23,99,62,45,79" hai3="5,57,119,24,120,6,70,116,18,71,10,28,93"/><W131/><G57/><T85/><D115/><U41/><E65/><V111/><F111/><N who="0" m="42506" /><D53/><U68/><E112/><V69/><F45/><N who="1" m="16905" /><E68/><V0/><F0/><W39/><G39/><N who="1" m="14858" /><E41/><V129/><F64/><W117/><G120/><T27/><D14/><U50/><E50/><V105/><F105/><W82/><G131/><T123/><D123/><U35/><E16/><AGARI ba="0,0" hai="8,13,16,17,20,27,73,74,80,85,89" m="42506" machi="16" ten="30,3900,0" yaku="14,1,52,1,54,1" doraHai="77" who="0" fromWho="1" sc="249,39,292,-39,299,0,160,0" />
</Scene>
<Scene>
<INIT seed="4,0,0,0,2,33" ten="288,253,299,160" oya="0" hai0="22,46,102,2,116,45,82,134,56,27,110,129,78" hai1="95,64,59,31,25,133,26,42,14,132,126,87,8" hai2="98,61,62,21,29,88,9,124,0,38,107,66,96" hai3="70,115,20,80,60,100,40,4,57,113,58,55,85"/><T93/><D116/><U75/><E75/><V72/><F72/><W16/><G70/><T91/><D129/><U47/><E126/><V108/><F38/><W122/><G122/><T71/><D71/><U106/><E106/><V128/><F128/><W36/><G100/><T65/><D102/><U83/><E95/><V73/><F73/><W68/><G68/><T7/><D134/><N who="1" m="51819" /><E59/><V123/><F123/><W117/><G117/><T89/><D110/><U79/><E64/><V13/><F61/><W32/><G32/><T131/><D131/><U30/><E26/><V109/><F107/><W51/><G4/><T135/><D135/><U3/><E25/><V90/><F0/><W99/><G99/><N who="2" m="37929" /><F124/><W121/><G121/><T44/><D93/><U43/><E3/><V69/><F109/><W37/><G115/><T19/><D2/><U103/><E103/><V97/><F108/><W125/><G113/><T101/><D101/><U76/><E76/><V118/><F118/><W1/><G125/><T120/><D120/><U35/><E42/><V112/><F112/><W12/><G1/><T53/><D65/><U15/><E15/><V92/><F21/><W52/><REACH who="3" step="1"/><G40/><REACH who="3" ten="288,253,299,150" step="2"/><T10/><D7/><N who="1" m="3359" /><E35/><V34/><F34/><W24/><G24/><T105/><D105/><U23/><E23/><V49/><F29/><W50/><G50/><AGARI ba="0,1" hai="30,31,43,47,50,79,83,87" m="3359,51819" machi="50" ten="30,2000,0" yaku="25,1,20,1" doraHai="33" who="1" fromWho="3" sc="288,0,253,30,299,0,150,-20" />
</Scene>
<Scene>
<INIT seed="5,0,0,0,2,61" ten="288,283,299,130" oya="1" hai0="124,108,7,102,56,25,29,37,101,32,35,111,58" hai1="63,115,95,90,4,118,28,36,72,85,24,93,41" hai2="107,89,17,105,78,2,88,91,76,43,34,116,84" hai3="81,38,82,23,130,46,112,13,120,16,106,26,104"/><U66/><E72/><V71/><F2/><W59/><G120/><T18/><D37/><U74/><E74/><V100/><F34/><W14/><G112/><T123/><D123/><U44/><E115/><V39/><F71/><W135/><G135/><T73/><D73/><U19/><E118/><V97/><F17/><W126/><G130/><T10/><D124/><U87/><E4/><V15/><F15/><W125/><G59/><T127/><D127/><N who="3" m="48649" /><G38/><T9/><D18/><U86/><E19/><V30/><F30/><N who="3" m="17759" /><G46/><T99/><D29/><U109/><E93/><N who="2" m="58415" /><F43/><W53/><G53/><T51/><D25/><U20/><REACH who="1" step="1"/><E109/><REACH who="1" ten="288,273,299,130" step="2"/><V54/><F116/><W69/><G14/><T94/><D111/><U31/><E31/><V134/><F134/><W52/><G13/><T98/><D108/><U64/><E64/><V103/><F54/><W131/><G52/><T49/><D7/><U57/><AGARI ba="0,1" hai="20,24,28,36,41,44,57,63,66,85,86,87,90,95" machi="57" ten="20,12000,1" yaku="1,1,0,1,7,1,52,1,53,1" doraHai="61" doraHaiUra="22" who="1" fromWho="1" sc="288,-40,273,130,299,-40,130,-40" />
</Scene>
<Scene>
<INIT seed="5,1,0,0,0,135" ten="248,403,259,90" oya="1" hai0="113,8,125,124,46,72,121,22,35,100,58,24,116" hai1="110,96,17,15,34,75,80,93,3,65,44,10,56" hai2="88,86,128,1,51,117,59,133,49,62,105,98,7" hai3="37,45,103,73,12,42,18,26,119,31,82,2,74"/><U67/><E34/><V16/><F117/><W53/><G119/><T118/><D72/><U41/><E110/><V50/><F128/><W55/><G2/><T77/><D77/><U112/><E112/><V0/><F133/><W60/><G103/><T32/><D113/><U52/><E3/><V97/><F105/><W54/><G60/><T129/><D100/><U132/><E80/><N who="2" m="49223" /><F7/><W90/><G90/><T57/><D46/><U27/><E75/><V111/><F111/><W79/><G73/><T76/><D76/><U122/><E27/><V104/><F104/><W40/><G40/><T23/><D8/><U108/><E132/><V95/><F0/><W126/><G126/><T36/><D36/><U30/><E30/><V19/><F1/><W102/><G102/><T120/><D24/><U127/><E127/><V63/><F97/><W48/><G37/><T123/><REACH who="0" step="1"/><D123/><REACH who="0" ten="238,403,259,90" step="2"/><U64/><E122/><V70/><F70/><W83/><G74/><T81/><D81/><U13/><E108/><V11/><F11/><N who="3" m="6431" /><G79/><T114/><D114/><U66/><E44/><V85/><F59/><W78/><G78/><T87/><D87/><U130/><E10/><V107/><F85/><W9/><G9/><T14/><D14/><U101/><E13/><V91/><F107/><W21/><AGARI ba="1,1" hai="21,26,31,42,45,48,53,54,55,82,83" m="6431" machi="21" ten="30,1100,0" yaku="8,1" doraHai="135" who="3" fromWho="3" sc="238,-4,403,-6,259,-4,90,24" />
</Scene>
<Scene>
<INIT seed="6,0,0,4,0,68" ten="234,397,255,114" oya="2" hai0="25,18,58,110,135,12,41,13,106,94,47,0,65" hai1="23,48,123,6,43,27,116,108,88,78,115,63,102" hai2="19,3,128,87,64,79,33,72,46,89,38,132,83" hai3="9,119,82,105,113,69,73,114,120,57,86,67,59"/><V53/><F128/><W28/><G120/><T117/><D0/><U39/><E39/><V32/><F132/><W7/><G119/><T131/><D110/><U93/><E102/><V17/><F64/><W80/><G105/><T118/><D106/><U104/><E104/><V81/><F3/><W85/><G28/><T91/><D131/><U122/><E6/><V29/><F53/><W66/><G73/><T36/><D25/><U20/><E78/><V52/><F29/><W101/><G101/><T49/><D135/><U76/><E76/><V129/><F129/><W133/><G133/><T56/><D65/><U16/><E63/><V75/><F75/><W15/><G69/><T26/><D26/><U71/><E71/><V55/><F55/><W103/><G103/><T34/><D34/><U8/><E8/><V77/><F77/><W4/><REACH who="3" step="1"/><G9/><REACH who="3" ten="234,397,255,104" step="2"/><N who="0" m="6415" /><D118/><U51/><E116/><V62/><F32/><W134/><G134/><T95/><D117/><U112/><E122/><V92/><F33/><W98/><G98/><T124/><D124/><U24/><E123/><V54/><F72/><W14/><AGARI ba="0,1" hai="4,7,14,15,57,59,66,67,80,82,85,86,113,114" machi="14" ten="25,6400,0" yaku="1,1,0,1,22,2,53,0" doraHai="68" doraHaiUra="74" who="3" fromWho="3" sc="234,-16,397,-16,255,-32,104,74" />
</Scene>
<Scene>
<INIT seed="7,0,0,1,0,110" ten="218,381,223,178" oya="3" hai0="88,9,65,104,102,13,47,84,96,40,70,91,124" hai1="4,112,108,17,5,42,48,85,95,3,6,128,38" hai2="122,107,8,33,87,45,94,2,58,68,89,26,12" hai3="115,100,30,59,10,46,44,67,134,83,123,82,19"/><W73/><G123/><T57/><D70/><U131/><E108/><V51/><F107/><W29/><G134/><T80/><D124/><U21/><E38/><V55/><F122/><W97/><G30/><T43/><D91/><N who="1" m="53743" /><E42/><N who="2" m="25015" /><F2/><W35/><G35/><T54/><D65/><U129/><E48/><N who="2" m="31079" /><F33/><W75/><G29/><T18/><D47/><N who="3" m="17961" /><G73/><T34/><D34/><U133/><E133/><V93/><F68/><W120/><G75/><T127/><D127/><U56/><E56/><V39/><F39/><W125/><G120/><T86/><D86/><U118/><E118/><V66/><F66/><W79/><G125/><T76/><D76/><U92/><E92/><N who="2" m="54335" /><F26/><W11/><G79/><T78/><D78/><U64/><E64/><V74/><F74/><W109/><G109/><T53/><D53/><U37/><E37/><V130/><F130/><W71/><G71/><T52/><D54/><U1/><E1/><V63/><F63/><AGARI ba="0,0" hai="9,13,18,40,43,52,57,63,80,84,88,96,102,104" machi="63" ten="30,3900,0" yaku="7,1,54,2" doraHai="110" who="0" fromWho="2" sc="218,39,381,0,223,-39,178,0" owari="257,6.0,381,48.0,184,-22.0,178,-32.0" />
</Scene>
</mjloggm>