<mjloggm ver="2.3"><GO type="169" lobby="0"/><UN n0="%E3%81%B5%E3%81%8B%E3%81%98" n1="%4D%4A%E3%81%AE%E6%9C%80%E9%AB%98%E5%B3%B0" n2="%E5%A4%AA%E3%81%8F%E3%81%AA%E3%81%84%E3%81%8A" n3="%E3%81%82%E3%81%B2%E3%82%8B%E3%81%95%E3%82%93" dan="17,16,17,17" rate="2125.94,2080.20,2145.78,2063.25" sx="M,M,M,M"/><TAIKYOKU oya="0"/>

<Scene>
<INIT seed="0,0,0,0,2,6" ten="250,250,250,250" oya="0" hai0="92,55,24,135,51,61,49,108,79,30,65,131,87" hai1="66,97,69,120,32,12,123,34,111,68,40,105,22" hai2="114,113,53,110,128,18,125,2,58,112,121,106,93" hai3="89,9,36,56,101,103,50,28,70,84,10,78,20"/><T133/><D131/><U82/><E40/><V127/><F106/><W11/><G36/><T90/><D79/><U37/><E37/><V109/><F2/><W88/><G70/><T119/><D119/><U0/><E82/><V5/><F5/><W8/><G78/><T102/><D102/><N who="3" m="38921" /><G89/><T96/><D87/><U21/><E97/><V85/><F18/><W60/><G50/><T14/><D14/><U13/><E66/><V100/><F85/><W115/><G115/><T43/><D43/><U91/><E91/><V35/><F35/><W98/><G98/><T62/><D62/><U122/><E123/><V44/><F93/><N who="3" m="54407" /><G28/><T64/><D51/><U27/><E0/><V126/><F100/><W3/><G3/><T31/><D31/><U54/><E27/><V47/><F121/><W7/><G7/><T1/><D1/><U72/><E72/><V59/><F128/><W48/><G48/><T117/><D117/><U57/><E69/><V16/><F16/><W134/><G134/><N who="0" m="51211" /><D61/><U83/><E120/><V86/><F86/><W67/><N who="3" m="2560" /><DORA hai="81" /><W19/><G19/><T63/><D63/><U80/><E122/><V107/><F107/><W77/><G77/><T129/><D129/><U104/><E105/><V71/><F71/><W23/><AGARI ba="0,0" hai="20,23,56,60,67" m="2560,54407,38921" machi="23" ten="50,12000,2" yaku="8,1,52,5,54,1" doraHai="6,81" who="3" fromWho="3" sc="250,-60,250,-30,250,-30,250,120" />
</Scene>
<Scene>
<INIT seed="1,0,0,0,2,133" ten="190,220,220,370" oya="1" hai0="42,60,62,6,7,51,126,69,1,89,132,26,87" hai1="37,74,109,81,5,0,83,84,114,25,68,76,12" hai2="124,129,3,45,71,20,117,127,118,93,101,10,28" hai3="107,36,135,52,122,82,39,75,130,72,35,16,119"/><U85/><E68/><V31/><F71/><W110/><RYUUKYOKU type="yao9" ba="0,0" sc="190,0,220,0,220,0,370,0" hai3="16,35,36,39,52,72,75,82,107,110,119,122,130,135" />
</Scene>
<Scene>
<INIT seed="1,1,0,5,4,118" ten="190,220,220,370" oya="1" hai0="9,53,34,50,101,129,49,43,99,29,58,39,51" hai1="107,14,20,21,1,61,84,22,124,92,133,0,131" hai2="82,17,63,85,11,135,18,47,28,31,102,48,111" hai3="7,59,60,41,98,2,25,64,100,10,3,74,67"/><U94/><E107/><V122/><F111/><W130/><G74/><T35/><D129/><U110/><E131/><V12/><F135/><W106/><G130/><T16/><D39/><U52/><E133/><V66/><F102/><W90/><G41/><T44/><D29/><U87/><E124/><V72/><F72/><W38/><G38/><T119/><D119/><U70/><E110/><V75/><F75/><W114/><G114/><T126/><D126/><U56/><E70/><V19/><F122/><W116/><G116/><T57/><D57/><U40/><E40/><N who="2" m="24679" /><F63/><W121/><G2/><T36/><D36/><U93/><REACH who="1" step="1"/><E14/><REACH who="1" ten="190,210,220,370" step="2"/><V80/><F12/><W125/><G125/><T30/><D43/><U83/><E83/><V96/><F80/><W71/><G71/><T117/><D117/><U62/><E62/><V112/><F82/><W109/><G109/><T45/><D50/><U32/><E32/><V26/><F112/><W46/><G60/><T79/><D49/><U76/><E76/><V103/><F26/><W24/><G24/><N who="0" m="18759" /><D79/><U4/><E4/><V65/><F11/><W37/><G10/><T78/><D78/><U123/><E123/><V13/><F13/><W120/><G120/><T127/><D35/><U115/><E115/><V68/><F68/><W73/><G121/><T132/><D127/><U108/><E108/><V55/><F55/><W27/><G7/><T6/><D132/><U8/><E8/><V128/><F128/><W5/><G5/><T42/><D6/><U88/><E88/><V89/><F89/><W105/><G90/><T77/><D53/><RYUUKYOKU ba="1,1" sc="190,-10,210,30,220,-10,370,-10" hai1="0,1,20,21,22,52,56,61,84,87,92,93,94" />
</Scene>
<Scene>
<INIT seed="1,2,1,3,4,133" ten="180,240,210,360" oya="1" hai0="69,73,63,117,116,77,46,28,14,65,76,57,24" hai1="5,55,105,13,27,48,129,135,125,39,56,49,114" hai2="101,97,70,110,112,44,78,127,21,31,3,123,23" hai3="62,12,83,36,47,61,128,19,106,80,25,98,67"/><U40/><E105/><V16/><F123/><W9/><G128/><T64/><D14/><U22/><E114/><V130/><F3/><W18/><G36/><T54/><D76/><U17/><E39/><V7/><F70/><W82/><G106/><T122/><D122/><U26/><E135/><V92/><F112/><W108/><G108/><T107/><D107/><U113/><E113/><V81/><F110/><W102/><G47/><T131/><D131/><U94/><E129/><V104/><F130/><W1/><G1/><T86/><D86/><U89/><E5/><V58/><F7/><W93/><G67/><T85/><D73/><U132/><E132/><V79/><F104/><W72/><G72/><T45/><D116/><U91/><E91/><V90/><F44/><W0/><G0/><T29/><D117/><U84/><E125/><V75/><F79/><W88/><G102/><T96/><D96/><U111/><E111/><V126/><F101/><W120/><G120/><T20/><D29/><U52/><E40/><V59/><F31/><W42/><G42/><T119/><D119/><U103/><E103/><V11/><F11/><W30/><REACH who="3" step="1"/><G18/><REACH who="3" ten="180,240,210,350" step="2"/><T74/><D74/><U109/><E109/><V2/><F2/><W134/><G134/><T115/><D64/><U15/><E13/><V68/><F68/><W50/><G50/><N who="0" m="30935" /><D115/><U100/><E100/><V121/><F121/><W8/><G8/><T87/><D69/><U60/><E60/><V99/><F75/><W10/><G10/><T71/><D71/><U41/><E41/><V66/><F66/><W4/><G4/><RYUUKYOKU ba="2,2" sc="180,-15,240,15,210,-15,350,15" hai1="15,17,22,26,27,48,49,52,55,56,84,89,94" hai3="9,12,19,25,30,61,62,80,82,83,88,93,98" />
</Scene>
<Scene>
<INIT seed="1,3,2,5,2,132" ten="165,255,195,365" oya="1" hai0="71,28,80,135,3,34,33,87,123,53,113,131,30" hai1="25,13,116,125,48,122,75,67,82,130,27,52,22" hai2="109,77,119,134,78,4,21,18,103,15,108,92,124" hai3="44,97,0,112,16,62,69,40,84,85,65,86,111"/><U83/><E116/><V12/><F119/><W19/><G112/><T61/><D113/><U60/><E122/><V91/><F103/><W10/><G111/><N who="2" m="42569" /><F134/><W50/><REACH who="3" step="1"/><G97/><REACH who="3" ten="165,255,195,355" step="2"/><T72/><D135/><U105/><E130/><V88/><F124/><W107/><G107/><T114/><D131/><U35/><E105/><V96/><F91/><W1/><G1/><T94/><D3/><U106/><E106/><V133/><F133/><W54/><G54/><T66/><D53/><U120/><E125/><V45/><F45/><W57/><G57/><T29/><D114/><U100/><E100/><V115/><F115/><W36/><G36/><T47/><D47/><U49/><E120/><V32/><F32/><W11/><G11/><AGARI ba="3,3" hai="4,11,12,15,18,21,77,78,88,92,96" m="42569" machi="11" ten="30,2000,0" yaku="14,1,54,1" doraHai="132" who="2" fromWho="3" sc="165,0,255,0,195,59,355,-29" />
</Scene>
<Scene>
<INIT seed="2,0,0,4,3,130" ten="165,255,254,326" oya="2" hai0="8,34,80,121,99,63,86,29,131,23,98,105,133" hai1="62,11,33,60,51,87,95,61,125,93,28,30,53" hai2="119,18,82,0,88,49,41,13,110,106,5,81,127" hai3="69,4,65,75,64,107,72,67,123,22,102,90,21"/><V24/><F119/><W57/><G123/><T9/><D34/><U71/><E71/><V20/><F106/><W10/><G69/><T43/><D121/><U103/><E33/><V47/><F127/><W19/><G102/><T31/><D131/><U35/><E35/><V3/><F110/><W108/><G107/><T97/><D105/><U112/><E112/><V7/><F0/><W46/><G108/><T77/><D43/><U37/><E37/><V26/><F3/><W56/><G46/><T52/><D133/><U132/><E132/><V70/><F70/><W15/><G22/><T85/><D85/><U66/><E66/><V39/><F39/><W45/><G45/><T91/><D77/><U124/><E11/><V59/><F59/><W83/><G75/><T6/><D23/><U104/><E104/><V55/><F41/><W118/><G118/><T116/><D116/><U135/><E135/><V100/><F100/><W17/><G17/><T50/><D63/><U111/><E111/><V40/><F40/><W120/><G120/><T128/><D128/><U48/><E124/><V42/><F42/><W25/><G72/><T2/><REACH who="0" step="1"/><D9/><REACH who="0" ten="155,255,254,326" step="2"/><U126/><E125/><V14/><F26/><W129/><G129/><T115/><D115/><U117/><E126/><V109/><F109/><W92/><REACH who="3" step="1"/><G83/><REACH who="3" ten="155,255,254,316" step="2"/><T122/><D122/><U76/><E117/><V84/><REACH who="2" step="1"/><F82/><REACH who="2" ten="155,255,244,316" step="2"/><W73/><G73/><T134/><D134/><U36/><E36/><V114/><F114/><W54/><G54/><T79/><D79/><U101/><E76/><V68/><F68/><W12/><G12/><AGARI ba="0,3" hai="5,7,12,13,14,18,20,24,47,49,55,81,84,88" machi="12" ten="40,12000,1" yaku="1,1,6,1,8,1,54,1,53,0" doraHai="130" doraHaiUra="96" who="2" fromWho="3" sc="155,0,255,0,244,150,316,-120" />
</Scene>
<Scene>
<INIT seed="2,1,0,5,5,2" ten="155,255,394,196" oya="2" hai0="105,19,29,9,74,71,35,25,36,99,45,42,131" hai1="49,79,61,68,124,54,86,21,83,67,91,72,52" hai2="116,48,4,95,88,115,34,41,127,23,117,31,132" hai3="97,122,76,89,80,111,130,24,65,123,55,90,134"/><V75/><F75/><W47/><G111/><T17/><D17/><U1/><E1/><V39/><F34/><W58/><G130/><T135/><D19/><U18/><E49/><V38/><F115/><W27/><G134/><T20/><D20/><U44/><E44/><V118/><F132/><W112/><G65/><T43/><D135/><U106/><E106/><V28/><F127/><W104/><G47/><T53/><D53/><U120/><E120/><V40/><F48/><W102/><G112/><T126/><D42/><U96/><E96/><V73/><F73/><W69/><G69/><T121/><D121/><U82/><REACH who="1" step="1"/><E124/><REACH who="1" ten="155,245,394,196" step="2"/><V50/><F50/><W15/><G123/><T78/><D99/><U32/><E32/><V114/><F114/><W101/><G122/><T64/><D105/><U10/><E10/><V51/><F51/><W37/><G104/><T98/><D98/><U113/><E113/><V26/><F41/><W110/><G97/><T92/><D9/><U12/><AGARI ba="1,1" hai="12,18,21,52,54,61,67,68,72,79,82,83,86,91" machi="12" ten="20,5200,0" yaku="1,1,0,1,7,1,54,1,53,0" doraHai="2" doraHaiUra="108" who="1" fromWho="1" sc="155,-14,245,65,394,-27,196,-14" />
</Scene>
<Scene>
<INIT seed="3,0,0,4,4,92" ten="141,310,367,182" oya="3" hai0="57,83,70,77,49,87,122,38,96,56,82,54,3" hai1="19,105,45,76,52,36,74,88,62,10,132,85,18" hai2="114,1,39,116,128,16,24,65,6,73,68,121,104" hai3="101,115,86,13,64,123,78,41,81,69,7,135,47"/><W43/><G115/><T20/><D70/><U113/><E113/><V94/><RYUUKYOKU type="yao9" ba="0,0" sc="141,0,310,0,367,0,182,0" hai2="1,6,16,24,39,65,68,73,94,104,114,116,121,128" />
</Scene>
<Scene>
<INIT seed="3,1,0,5,3,99" ten="141,310,367,182" oya="3" hai0="0,56,82,78,106,118,22,131,65,98,6,94,113" hai1="81,44,86,62,1,3,15,116,51,123,13,42,92" hai2="74,103,114,54,129,60,19,64,16,96,79,23,9" hai3="57,132,53,41,95,76,25,108,11,109,111,2,135"/><W37/><G76/><T34/><D118/><U83/><E123/><V80/><F114/><W63/><G41/><T85/><D34/><U36/><E116/><V35/><F35/><W71/><G37/><T77/><D113/><U126/><E126/><V18/><F129/><W105/><G105/><T67/><D106/><U45/><E83/><V20/><F54/><W66/><G25/><T102/><D0/><U27/><E27/><V84/><F74/><W72/><G72/><T87/><D6/><U17/><E62/><V28/><F9/><W75/><G75/><T49/><D131/><U134/><E92/><N who="2" m="58759" /><F28/><W125/><G125/><T73/><D22/><N who="2" m="8234" /><F60/><N who="3" m="35887" /><G95/><T119/><D119/><U29/><E29/><V61/><F61/><W91/><G91/><T101/><D73/><U21/><E15/><V120/><F120/><W48/><G48/><T93/><D49/><U107/><E107/><V127/><F127/><W30/><G30/><T4/><D82/><U130/><E130/><V8/><F8/><W104/><G104/><T117/><D117/><U124/><E124/><V89/><F64/><W68/><G68/><T40/><D40/><U90/><E3/><V47/><F47/><W121/><G121/><T112/><D112/><U12/><E1/><V97/><F97/><W128/><G128/><T26/><D98/><U46/><E13/><V5/><F79/><W55/><G55/><T50/><D78/><U10/><E45/><V110/><F89/><W88/><G88/><T100/><D77/><U43/><E10/><V69/><F80/><W7/><AGARI ba="1,0" hai="2,7,11,63,66,71,108,109,111,132,135" m="35887" machi="7" ten="40,3900,0" yaku="14,1,10,1" doraHai="99" who="3" fromWho="3" sc="141,-14,310,-14,367,-14,182,42" />
</Scene>
<Scene>
<INIT seed="3,2,0,4,3,14" ten="127,296,353,224" oya="3" hai0="77,3,61,106,114,55,86,100,107,37,127,44,67" hai1="135,34,126,12,93,71,47,13,117,36,8,112,99" hai2="116,1,64,4,0,16,35,50,51,74,24,104,46" hai3="70,28,95,87,122,110,66,65,115,32,45,68,52"/><W39/><G115/><T72/><D86/><U80/><E71/><V108/><F116/><W128/><G122/><T10/><D114/><U92/><E34/><V9/><F74/><W113/><G113/><T125/><D55/><U91/><E117/><V40/><F104/><W18/><G128/><T134/><D134/><U2/><E135/><V119/><F119/><W30/><G39/><T56/><D100/><U20/><E126/><V131/><F131/><W85/><G32/><T23/><D23/><U11/><E2/><V130/><F130/><W94/><G45/><T60/><D60/><U29/><E80/><V96/><F96/><W132/><G132/><T27/><D27/><U53/><E36/><V89/><F89/><W7/><G7/><N who="0" m="1407" /><D106/><U42/><E53/><V19/><F108/><W33/><G33/><T109/><D107/><U5/><E112/><V31/><F1/><W75/><G52/><T124/><D109/><U48/><E93/><V54/><F64/><W118/><G110/><T17/><D17/><N who="1" m="10287" /><E11/><V22/><F35/><W25/><G118/><T15/><D72/><U73/><E73/><V69/><F69/><W90/><G75/><T78/><D37/><U81/><E81/><V79/><F79/><W120/><G120/><T49/><D78/><U102/><E29/><V88/><F88/><AGARI ba="2,0" hai="5,8,12,42,47,48,88,91,92,99,102" m="10287" machi="88" ten="30,3900,0" yaku="8,1,52,1,54,1" doraHai="14" who="1" fromWho="2" sc="127,0,296,45,353,-45,224,0" />
</Scene>
<Scene>
<INIT seed="4,0,0,4,4,28" ten="127,341,308,224" oya="0" hai0="121,112,88,44,26,76,35,131,66,69,2,130,126" hai1="104,70,114,5,25,94,67,78,83,113,7,38,72" hai2="110,56,49,92,10,99,96,98,107,115,24,120,74" hai3="3,8,118,102,111,128,60,6,29,33,47,123,4"/><T82/><D121/><U91/><E38/><V122/><F110/><W39/><G111/><T101/><D2/><U1/><E104/><V31/><F74/><W64/><G118/><T50/><D112/><N who="1" m="43115" /><E1/><V89/><F115/><W55/><G128/><N who="0" m="49195" /><D101/><U58/><E70/><V81/><F81/><W134/><G123/><T17/><D126/><U124/><E124/><V79/><F79/><W93/><G134/><T117/><D117/><U132/><E132/><V75/><F75/><W62/><G102/><T45/><D66/><U57/><E25/><V108/><F108/><W106/><G106/><T109/><D69/><U27/><E27/><V61/><F49/><W105/><G105/><T42/><D109/><U129/><E129/><V85/><F10/><W16/><G64/><T21/><D45/><U119/><E119/><V54/><REACH who="2" step="1"/><F107/><REACH who="2" ten="127,341,298,224" step="2"/><W15/><G8/><T53/><D76/><U103/><E78/><V36/><F36/><W30/><G39/><T20/><D82/><U116/><E83/><V19/><F19/><W125/><G16/><T135/><D17/><U63/><E72/><V14/><F14/><W34/><G15/><T71/><D50/><U32/><E116/><V95/><F95/><W80/><G93/><T86/><D135/><U37/><E94/><V100/><F100/><W65/><G80/><T43/><D88/><U46/><E91/><V127/><F127/><W90/><G90/><T23/><D86/><U11/><E103/><V22/><AGARI ba="0,1" hai="22,24,31,54,56,61,85,89,92,96,98,99,120,122" machi="22" ten="30,4000,0" yaku="1,1,0,1,53,1" doraHai="28" doraHaiUra="84" who="2" fromWho="2" sc="127,-20,341,-10,298,50,224,-10" />
</Scene>
<Scene>
<INIT seed="5,0,0,4,0,69" ten="107,331,348,214" oya="1" hai0="127,103,39,129,36,125,97,73,60,88,5,11,76" hai1="52,61,14,20,66,45,133,35,58,117,79,49,119" hai2="0,23,46,30,26,34,130,120,114,75,78,116,48" hai3="64,107,95,83,123,135,59,74,118,65,6,67,50"/><U101/><E35/><V84/><F116/><W47/><G107/><N who="0" m="63983" /><D60/><U94/><E133/><V113/><F120/><W7/><G123/><T32/><D32/><U121/><E121/><V44/><F0/><W110/><G135/><T38/><D88/><U77/><E117/><V70/><F70/><W18/><G110/><T102/><D102/><U17/><E119/><V2/><F2/><W92/><G74/><T96/><D96/><AGARI ba="0,0" hai="14,17,20,45,49,52,58,61,66,77,79,94,96,101" machi="96" ten="40,3900,0" yaku="8,1,54,1" doraHai="69" who="1" fromWho="0" sc="107,-39,331,39,348,0,214,0" />
</Scene>
<Scene>
<INIT seed="5,1,0,4,1,52" ten="68,370,348,214" oya="1" hai0="34,27,82,122,38,95,69,96,121,124,62,127,97" hai1="98,42,3,64,58,77,104,17,19,115,91,83,12" hai2="130,22,39,54,60,102,20,9,43,123,32,70,109" hai3="57,118,45,113,36,90,101,25,47,112,78,103,33"/><U28/><E3/><V135/><F109/><W119/><G78/><T67/><D38/><U31/><E115/><N who="3" m="44106" /><G36/><T131/><D27/><U65/><E42/><V26/><F123/><N who="0" m="47114" /><D34/><U10/><E17/><V16/><F102/><N who="3" m="38923" /><G33/><T61/><D61/><U51/><E104/><V87/><F135/><W21/><G90/><N who="0" m="55415" /><D62/><U15/><E15/><V80/><F32/><W7/><G7/><T63/><D63/><U125/><E77/><V41/><F39/><W40/><G40/><T48/><D48/><U108/><E108/><V79/><F130/><W73/><G73/><T5/><D5/><U56/><E51/><V100/><F100/><W86/><G25/><T75/><D67/><N who="1" m="25675" /><E125/><N who="0" m="48201" /><D69/><U134/><E134/><V53/><F70/><W13/><G13/><T81/><D131/><U49/><E49/><V74/><F60/><W2/><G2/><T14/><D14/><U105/><E105/><V133/><F43/><W35/><G35/><T84/><D97/><U114/><E98/><V37/><F41/><W55/><G21/><T85/><D75/><U30/><E114/><V106/><F74/><W66/><G66/><T132/><D132/><U128/><E128/><V107/><F133/><W71/><G71/><T23/><D23/><N who="2" m="8746" /><F37/><W76/><G45/><T68/><D68/><U4/><E4/><V117/><F26/><W126/><G47/><T129/><D129/><U99/><E99/><V116/><F106/><W92/><G126/><T93/><D93/><U6/><E6/><V59/><F107/><W24/><G24/><T46/><D46/><U44/><E44/><V89/><F16/><RYUUKYOKU ba="1,0" sc="68,15,370,15,348,-15,214,-15" hai0="81,82,84,85" hai1="10,12,19,28,30,31,56,58,83,91" />
</Scene>
<Scene>
<INIT seed="5,2,0,2,1,107" ten="83,385,333,199" oya="1" hai0="119,36,67,46,69,32,114,96,132,24,38,13,71" hai1="126,99,94,47,57,66,53,42,7,55,21,93,25" hai2="4,108,26,97,37,9,130,100,48,1,128,6,125" hai3="17,16,82,88,34,89,123,31,77,3,23,35,10"/><U45/><BYE who="3" /><E126/><V127/><F37/><N who="0" m="14442" /><D13/><U8/><E94/><N who="2" m="58423" /><F108/><UN n3="%E3%81%82%E3%81%B2%E3%82%8B%E3%81%95%E3%82%93" /><W129/><G123/><T72/><D96/><U80/><E80/><V22/><F48/><W86/><G129/><N who="2" m="49769" /><F6/><W79/><G17/><AGARI ba="2,0" hai="1,4,9,17,22,26,125,127" m="49769,58423" machi="17" ten="30,1000,0" yaku="19,1" doraHai="107" who="2" fromWho="3" sc="83,0,385,0,333,16,199,-16" />
</Scene>
<Scene>
<INIT seed="6,0,0,3,3,75" ten="83,385,349,183" oya="2" hai0="56,110,44,132,91,88,51,123,45,65,8,53,27" hai1="42,107,116,29,122,59,98,12,57,43,72,135,14" hai2="102,21,81,34,104,86,41,125,66,22,63,80,46" hai3="39,90,15,64,79,19,103,32,83,6,26,49,5"/><V68/><F125/><W30/><G39/><T105/><D110/><U118/><E72/><V101/><F34/><W128/><G128/><T1/><D123/><U9/><E29/><V58/><F68/><W35/><G35/><T47/><D105/><U112/><E98/><V16/><F104/><W40/><G103/><T70/><D132/><U93/><E107/><V74/><F74/><W2/><G64/><T113/><D113/><U52/><E93/><V120/><F22/><W114/><G2/><T62/><REACH who="0" step="1"/><D27/><REACH who="0" ten="73,385,349,183" step="2"/><U25/><E25/><N who="2" m="14503" /><F120/><W100/><G114/><T119/><D119/><U126/><E112/><V109/><F109/><W10/><G26/><T60/><D60/><U78/><E122/><V37/><F37/><W3/><G32/><T77/><D77/><U73/><E78/><N who="2" m="46359" /><F81/><W17/><G83/><T96/><D96/><U69/><E118/><V94/><F94/><W127/><G79/><T20/><D20/><U71/><E116/><V50/><AGARI ba="0,1" hai="41,46,50,58,63,66,101,102" m="46359,14503" machi="50" ten="30,6000,0" yaku="8,1,52,1,54,1" doraHai="75" who="2" fromWho="2" sc="73,-20,385,-20,349,70,183,-20" />
</Scene>
<Scene>
<INIT seed="6,1,0,4,4,37" ten="53,365,419,163" oya="2" hai0="114,31,1,93,42,16,109,94,108,36,58,83,64" hai1="77,48,86,69,71,131,85,32,33,62,56,130,65" hai2="133,41,11,13,117,92,73,4,91,43,14,39,26" hai3="25,61,87,105,54,110,123,102,124,106,19,129,55"/><V135/><F117/><W27/><G110/><T20/><D1/><U17/><E17/><V22/><F73/><W76/><G123/><T52/><D31/><U67/><E77/><V97/><F14/><W2/><G2/><T125/><D64/><U79/><E79/><V57/><F57/><W132/><G106/><T81/><D114/><U70/><E48/><V82/><F82/><W7/><G7/><T75/><D125/><U101/><E101/><V0/><F0/><W84/><G105/><T45/><D75/><U23/><E23/><V122/><F122/><W107/><G107/><T119/><D119/><U44/><E44/><V88/><F91/><W134/><G102/><T95/><D109/><U118/><E118/><V120/><F120/><W103/><G103/><T29/><D29/><U113/><E113/><V89/><F89/><W90/><G76/><T126/><D126/><U49/><E67/><V116/><F116/><W10/><G90/><T40/><D40/><U47/><E33/><V24/><F24/><W78/><G78/><T80/><D108/><U100/><E32/><V128/><F128/><N who="1" m="49193" /><E100/><V72/><F72/><W3/><G129/><T66/><D66/><U18/><E18/><N who="2" m="12631" /><F39/><W74/><G74/><T34/><D34/><U112/><E112/><V121/><F121/><W59/><G124/><T50/><REACH who="0" step="1"/><D81/><REACH who="0" ten="43,365,419,163" step="2"/><U53/><AGARI ba="1,1" hai="47,49,53,56,62,65,69,70,71,85,86" m="49193" machi="53" ten="40,1500,0" yaku="19,1" doraHai="37" who="1" fromWho="1" sc="43,-5,365,28,419,-8,163,-5" />
</Scene>
<Scene>
<INIT seed="7,0,0,3,1,87" ten="38,393,411,158" oya="3" hai0="33,57,117,85,81,116,82,27,128,36,119,127,62" hai1="44,73,50,108,89,39,65,80,67,22,56,100,61" hai2="19,54,40,6,5,79,25,42,83,118,75,30,18" hai3="66,26,63,76,0,15,10,105,84,115,9,41,133"/><W17/><G105/><T23/><D36/><U91/><E108/><V55/><F118/><W130/><G41/><T45/><D33/><U96/><E39/><V95/><F42/><W97/><G130/><T60/><D128/><U120/><E120/><V13/><F40/><W103/><G133/><T123/><D123/><U34/><E34/><V98/><F54/><W20/><G0/><T109/><D109/><U21/><E67/><V12/><F55/><W47/><G47/><T52/><D127/><U131/><E131/><V112/><F112/><W2/><G115/><T46/><D60/><U16/><E22/><V94/><F18/><W122/><G2/><T64/><D64/><U11/><E11/><V111/><F111/><W4/><G10/><T106/><D106/><U101/><E73/><V129/><F129/><W88/><G76/><T31/><REACH who="0" step="1"/><D82/><REACH who="0" ten="28,393,411,158" step="2"/><U24/><E80/><V14/><F83/><N who="3" m="49183" /><G122/><T72/><D72/><U74/><E74/><V107/><F107/><W110/><G110/><T38/><D38/><U135/><E135/><V53/><F75/><W104/><G66/><T71/><D71/><U69/><E69/><V70/><F70/><W68/><G68/><T58/><D58/><U92/><E101/><V35/><F35/><W99/><G63/><T125/><D125/><U43/><AGARI ba="0,1" hai="16,21,24,43,44,50,56,61,65,89,91,92,96,100" machi="43" ten="20,12000,2" yaku="0,1,7,1,8,1,52,2,54,1" doraHai="87" who="1" fromWho="1" sc="28,-30,393,130,411,-30,158,-60" owari="-2,-50.0,523,62.0,381,18.0,98,-30.0" />
</Scene>
</mjloggm>