<mjloggm ver="2.3"><GO type="169" lobby="0"/><UN n0="%E5%87%B1%E7%AB%A0" n1="%E5%A4%AA%E3%81%8F%E3%81%AA%E3%81%84%E3%81%8A" n2="%4A%57%35%35" n3="%E8%B5%A4%E3%81%84%E6%80%AA%E7%8D%A3" dan="16,17,16,16" rate="2086.77,2161.95,2059.44,2046.73" sx="M,M,M,F"/><TAIKYOKU oya="0"/>

<Scene>
<INIT seed="0,0,0,1,4,48" ten="250,250,250,250" oya="0" hai0="83,2,95,22,89,128,1,92,11,36,25,8,103" hai1="123,3,114,85,40,116,34,60,70,96,73,13,100" hai2="59,49,37,46,91,24,58,71,122,107,119,106,109" hai3="81,53,126,135,30,98,39,54,27,62,80,55,69"/><T108/><D36/><U7/><E73/><V61/><F109/><W18/><G39/><T38/><D38/><U110/><E116/><V105/><F122/><W121/><G121/><T4/><D108/><U90/><E123/><V42/><F119/><W67/><G135/><T130/><D103/><U99/><E110/><V51/><F71/><W0/><G0/><T88/><D83/><U113/><E34/><V56/><F61/><W9/><G126/><T14/><D25/><U41/><E3/><V120/><F120/><W64/><G64/><T19/><D22/><U87/><E7/><V15/><F15/><W112/><G112/><T86/><REACH who="0" step="1"/><D2/><REACH who="0" ten="240,250,250,250" step="2"/><U132/><E100/><V43/><F24/><W65/><G27/><T131/><D131/><U45/><E114/><V115/><F115/><W17/><G30/><T127/><D127/><U117/><E113/><V74/><F37/><W50/><G81/><T76/><D76/><U23/><E23/><V77/><F77/><W102/><G80/><T35/><D35/><U97/><E117/><V129/><F129/><W118/><G118/><T10/><D10/><U6/><E90/><V133/><F91/><W93/><G9/><T63/><D63/><U104/><E60/><V52/><F133/><W32/><G32/><T5/><D5/><U134/><E6/><V82/><F82/><W66/><G62/><T31/><D31/><U29/><E29/><V72/><F51/><W78/><G78/><T79/><D79/><U20/><E134/><V16/><F16/><N who="3" m="6251" /><G69/><T94/><D94/><U47/><E132/><V111/><F111/><RYUUKYOKU ba="0,1" sc="240,10,250,-30,250,10,250,10" hai0="1,4,8,11,14,19,86,88,89,92,95,128,130" hai2="42,43,46,49,52,56,58,59,72,74,105,106,107" hai3="50,53,54,55,65,66,67,93,98,102" />
</Scene>
<Scene>
<INIT seed="0,1,1,5,4,8" ten="250,220,260,260" oya="0" hai0="126,27,34,4,41,135,125,116,54,82,75,130,87" hai1="119,53,113,48,132,114,120,101,21,59,40,100,25" hai2="108,91,16,84,94,129,57,77,90,80,10,12,29" hai3="14,105,96,65,121,1,97,85,78,39,45,89,43"/><T67/><D75/><U36/><E119/><V46/><F108/><W81/><G1/><T99/><D116/><U109/><E120/><V13/><F129/><W50/><G121/><T68/><D41/><U110/><E132/><V18/><F29/><W102/><G65/><T3/><D130/><U47/><E101/><V37/><F37/><W49/><G96/><T118/><D118/><U103/><E103/><V106/><F106/><W62/><G62/><T111/><D99/><U128/><E100/><V104/><F104/><W76/><G76/><T20/><D34/><U122/><E122/><V63/><F46/><W95/><REACH who="3" step="1"/><G14/><REACH who="3" ten="250,220,260,250" step="2"/><T30/><D135/><U44/><E128/><V64/><REACH who="2" step="1"/><F94/><REACH who="2" ten="250,220,250,250" step="2"/><W22/><G22/><AGARI ba="1,3" hai="10,12,13,16,18,22,57,63,64,77,80,84,90,91" machi="22" ten="30,16000,3" yaku="1,1,2,1,7,1,8,1,52,2,54,1,53,1" doraHai="8" doraHaiUra="5" who="2" fromWho="3" sc="250,0,220,0,250,193,250,-163" />
</Scene>
<Scene>
<INIT seed="1,0,0,3,5,39" ten="250,220,443,87" oya="1" hai0="94,67,89,33,12,61,43,131,45,9,122,58,15" hai1="79,85,7,13,68,110,113,21,48,29,4,27,88" hai2="97,133,104,95,56,112,19,120,18,102,69,65,70" hai3="101,59,77,3,10,62,54,2,53,125,60,105,47"/><U36/><E36/><V0/><F120/><W46/><G77/><T108/><D33/><U40/><E113/><V78/><F0/><W11/><G105/><T134/><D108/><U52/><E68/><V44/><F133/><W14/><G101/><T115/><D115/><U80/><E110/><V42/><F70/><W107/><G107/><T17/><D134/><U32/><E40/><V103/><F69/><W41/><G125/><T34/><D34/><U119/><E119/><V86/><F112/><W23/><G23/><T73/><D73/><U30/><E30/><V121/><F121/><W71/><G71/><T127/><D131/><U75/><E32/><V22/><F22/><W92/><G92/><T109/><D127/><U93/><REACH who="1" step="1"/><E13/><REACH who="1" ten="250,210,443,87" step="2"/><V50/><F42/><W31/><G31/><T82/><D122/><U26/><E26/><V57/><F104/><W118/><G118/><T55/><D15/><U24/><E24/><V28/><F28/><W117/><G117/><T37/><D109/><U123/><E123/><V6/><F103/><W81/><G14/><T129/><D129/><U98/><E98/><V74/><F97/><W76/><G41/><T35/><D35/><U126/><E126/><V5/><F102/><W25/><G3/><T16/><D37/><U83/><E83/><V72/><F95/><W124/><G25/><T1/><D82/><U90/><E90/><V99/><F99/><W64/><G124/><T128/><D1/><U66/><E66/><V20/><F65/><W38/><G2/><T111/><D128/><U114/><E114/><V49/><F78/><RYUUKYOKU ba="0,1" sc="250,-10,210,30,443,-10,87,-10" hai1="4,7,21,27,29,48,52,75,79,80,85,88,93" />
</Scene>
<Scene>
<INIT seed="1,1,1,0,1,20" ten="240,240,433,77" oya="1" hai0="43,95,10,63,97,111,75,88,101,130,49,50,34" hai1="91,121,100,120,89,27,90,68,19,4,76,83,6" hai2="99,15,107,9,16,128,61,70,74,94,32,44,117" hai3="102,106,26,109,28,30,52,116,69,45,62,25,82"/><U79/><E68/><V133/><F117/><W59/><G109/><T60/><D75/><U47/><E100/><V2/><F74/><W17/><G116/><T21/><D34/><U129/><E129/><V78/><F32/><W84/><G69/><T54/><D111/><U92/><E92/><V48/><F128/><W53/><G106/><T13/><D130/><U3/><E3/><V58/><F70/><W125/><G102/><T103/><D21/><N who="1" m="13759" /><E121/><V38/><F38/><W73/><G73/><T42/><D101/><U81/><E120/><V110/><F2/><W114/><G114/><T96/><D96/><U22/><E47/><V33/><F33/><W122/><G122/><T98/><D98/><U35/><E35/><V77/><F107/><W108/><G125/><T118/><D103/><U86/><E22/><V85/><F99/><W55/><G108/><T14/><D118/><U132/><E132/><V40/><F133/><W56/><G17/><N who="0" m="8375" /><D14/><U37/><E37/><V51/><F110/><W64/><G45/><N who="0" m="25791" /><D42/><U29/><E29/><N who="3" m="11370" /><G59/><AGARI ba="1,1" hai="50,54,59,60,63,88,95,97" m="25791,8375" machi="59" ten="30,2000,0" yaku="8,1,54,1" doraHai="20" who="0" fromWho="3" sc="240,33,240,0,433,0,77,-23" />
</Scene>
<Scene>
<INIT seed="2,0,0,1,0,61" ten="273,240,433,54" oya="2" hai0="99,22,66,130,94,74,69,135,71,72,121,30,24" hai1="89,16,44,88,7,85,5,37,62,33,45,13,134" hai2="48,97,9,15,38,128,108,8,21,100,117,17,81" hai3="14,64,18,106,56,131,103,82,95,116,25,51,76"/><V123/><F117/><W79/><G106/><T119/><D121/><U84/><E33/><V91/><F123/><W26/><G131/><T80/><D130/><U50/><E134/><V109/><F38/><W36/><G36/><T11/><D135/><U70/><E37/><V46/><F128/><W67/><G116/><T113/><D113/><U125/><E125/><V35/><F35/><W83/><G51/><T114/><D114/><U126/><E126/><V59/><F59/><W39/><G39/><T98/><D98/><U3/><E3/><V127/><F127/><W1/><G1/><T52/><D11/><N who="1" m="6207" /><E70/><V28/><F28/><W60/><G67/><T63/><D69/><U111/><E62/><V96/><F96/><N who="3" m="59807" /><G79/><T92/><D119/><U29/><E29/><V75/><F75/><W23/><G76/><T54/><D92/><N who="1" m="54279" /><E111/><V42/><F109/><W115/><G115/><T110/><D110/><U43/><E45/><V93/><F108/><W118/><G118/><T65/><D65/><U124/><E124/><V68/><F68/><W122/><G122/><T77/><D72/><U57/><E57/><V49/><F48/><W0/><G0/><T55/><D54/><U34/><E34/><V87/><AGARI ba="0,0" hai="8,9,15,17,21,42,46,49,81,87,91,93,97,100" machi="87" ten="30,3000,0" yaku="0,1,8,1" doraHai="61" who="2" fromWho="2" sc="273,-10,240,-10,433,30,54,-10" />
</Scene>
<Scene>
<INIT seed="2,1,0,2,1,114" ten="263,230,463,44" oya="2" hai0="31,40,22,60,32,46,64,69,100,74,99,75,21" hai1="37,88,9,102,23,4,67,107,118,130,48,44,78" hai2="50,96,53,82,68,57,73,133,103,5,83,126,65" hai3="35,47,115,39,2,63,110,30,122,12,71,131,80"/><V19/><F126/><W93/><G2/><T41/><D40/><U38/><E78/><V49/><F73/><W62/><G122/><T15/><D15/><U127/><E127/><V98/><F5/><W104/><G104/><T132/><D22/><U24/><E130/><V84/><F68/><W1/><G1/><T10/><D21/><U52/><E67/><V0/><F0/><W119/><G119/><T79/><D10/><U17/><E118/><V124/><F65/><W108/><G131/><T61/><D61/><U105/><E88/><V135/><F124/><W117/><G117/><T70/><D79/><U123/><E123/><V33/><F33/><W81/><G71/><T125/><D69/><U16/><E17/><V97/><F19/><W113/><G93/><T45/><D45/><U34/><E34/><V112/><F112/><W94/><G94/><T92/><D132/><U76/><E76/><V72/><F72/><W13/><G47/><T55/><D55/><U26/><E26/><V14/><F14/><W91/><G35/><T109/><D109/><U90/><E90/><V51/><F103/><W28/><G91/><T120/><D120/><U25/><E25/><V29/><F29/><W43/><G43/><T42/><D42/><U7/><E7/><V59/><F84/><W66/><G66/><T8/><D125/><U89/><E89/><V111/><F111/><W36/><AGARI ba="1,0" hai="12,13,28,30,36,39,62,63,80,81,108,110,113,115" machi="36" ten="25,3200,0" yaku="0,1,22,2" doraHai="114" who="3" fromWho="3" sc="263,-9,230,-9,463,-17,44,35" />
</Scene>
<Scene>
<INIT seed="3,0,0,5,3,114" ten="254,221,446,79" oya="3" hai0="65,28,106,120,112,102,94,34,26,17,42,62,51" hai1="72,47,29,103,4,44,43,6,80,49,5,100,108" hai2="121,27,20,75,89,71,61,84,23,63,70,73,116" hai3="97,18,36,117,122,22,126,13,87,15,85,50,53"/><W123/><G36/><T30/><D120/><U9/><E108/><V95/><F121/><W31/><G126/><T60/><D112/><U33/><E9/><V93/><F116/><W135/><G135/><T58/><D28/><U118/><E118/><V68/><F93/><W101/><G31/><T82/><D82/><U92/><E92/><V129/><F129/><W127/><G127/><T128/><D17/><U59/><E59/><V32/><F32/><W0/><G0/><T16/><D128/><U14/><E14/><V131/><F131/><W3/><G3/><T83/><D83/><U91/><E47/><V107/><F107/><W25/><G122/><T24/><D106/><U66/><E66/><V2/><F2/><W74/><G74/><T67/><D42/><U79/><REACH who="1" step="1"/><E91/><REACH who="1" ten="254,211,446,79" step="2"/><V124/><F124/><W7/><G117/><T99/><D67/><U37/><E37/><V64/><F64/><W8/><G123/><T52/><D65/><U55/><E55/><V132/><F71/><W81/><G15/><T46/><D46/><U56/><E56/><V98/><F70/><W133/><G133/><T134/><D134/><U113/><E113/><V41/><F132/><W77/><G81/><T1/><D1/><U19/><E19/><V125/><F125/><W21/><G77/><T104/><D104/><U130/><E130/><V86/><F68/><W76/><G76/><T105/><D105/><U88/><E88/><V12/><F12/><W69/><G69/><T45/><D45/><U96/><E96/><V54/><F98/><W119/><G119/><T78/><D78/><RYUUKYOKU ba="0,1" sc="254,15,211,15,446,-15,79,-15" hai0="16,24,26,30,34,51,52,58,60,62,94,99,102" hai1="4,5,6,29,33,43,44,49,72,79,80,100,103" />
</Scene>
<Scene>
<INIT seed="4,1,1,5,0,82" ten="269,226,431,64" oya="0" hai0="67,102,52,19,22,99,25,77,120,73,75,48,125" hai1="47,134,79,101,122,50,8,43,64,74,30,24,76" hai2="44,69,17,41,20,38,45,70,11,117,93,0,57" hai3="59,27,55,90,63,87,89,88,51,133,56,23,106"/><T32/><D120/><U65/><E122/><V16/><F117/><W111/><G106/><T35/><D125/><U15/><E134/><V31/><F31/><W91/><G111/><T46/><D67/><N who="1" m="25675" /><E74/><V119/><F57/><W40/><G40/><T7/><D7/><N who="1" m="3487" /><E101/><V71/><F119/><W53/><G133/><T92/><REACH who="0" step="1"/><D77/><REACH who="0" ten="259,226,431,64" step="2"/><U66/><E66/><V129/><F71/><W95/><REACH who="3" step="1"/><G91/><REACH who="3" ten="259,226,431,54" step="2"/><T9/><D9/><U86/><E79/><V13/><F11/><W85/><G85/><T103/><D103/><U60/><E76/><V14/><F70/><W107/><G107/><T62/><D62/><U61/><E86/><V21/><F69/><W49/><G49/><T127/><D127/><U6/><E6/><V58/><F38/><W131/><G131/><T110/><D110/><U12/><E61/><V54/><F129/><W26/><G26/><T4/><D4/><U112/><E60/><V83/><F41/><W18/><AGARI ba="1,3" hai="18,23,27,51,53,55,56,59,63,87,88,89,90,95" machi="18" ten="20,12000,2" yaku="1,1,0,1,7,1,8,1,52,1,54,1,53,0" doraHai="82" doraHaiUra="98" who="3" fromWho="3" sc="259,-61,226,-31,431,-31,54,153" />
</Scene>
<Scene>
<INIT seed="5,0,0,4,4,73" ten="198,195,400,207" oya="1" hai0="99,109,113,111,106,41,29,7,87,27,83,116,1" hai1="81,91,65,35,44,62,59,80,20,129,86,84,30" hai2="54,9,101,122,69,48,131,12,8,94,105,71,88" hai3="56,135,132,13,55,38,89,92,72,37,100,46,125"/><U52/><E129/><V5/><F122/><W82/><G100/><T96/><D116/><U123/><E35/><V126/><F126/><W120/><G120/><T67/><D67/><U117/><E123/><V49/><F131/><W47/><G13/><T66/><D66/><U17/><E117/><V0/><F105/><W97/><G125/><T24/><D41/><U28/><E44/><N who="3" m="16938" /><G82/><T85/><D113/><U95/><E65/><V2/><F101/><W115/><G72/><T53/><D106/><U70/><E70/><V18/><F2/><W3/><G3/><T98/><D7/><U76/><E95/><V39/><F39/><W68/><G68/><T108/><D1/><U57/><E57/><V79/><F49/><N who="3" m="30831" /><G115/><T104/><D104/><U11/><E11/><V43/><F43/><W119/><G119/><T90/><D53/><U103/><E103/><V6/><F6/><W10/><G10/><T127/><D127/><U26/><AGARI ba="0,0" hai="17,20,26,28,30,52,59,62,76,80,81,84,86,91" machi="26" ten="20,12000,1" yaku="0,1,7,1,8,1,52,1,54,1" doraHai="73" who="1" fromWho="1" sc="198,-40,195,120,400,-40,207,-40" />
</Scene>
<Scene>
<INIT seed="5,1,0,1,1,70" ten="158,315,360,167" oya="1" hai0="69,118,9,92,115,7,47,88,58,54,14,98,80" hai1="56,129,103,86,124,75,72,38,100,127,87,91,33" hai2="110,128,93,45,12,20,107,11,95,46,77,26,111" hai3="8,37,135,35,112,48,49,25,63,113,17,73,52"/><U30/><E56/><V99/><F128/><W122/><G73/><N who="1" m="28234" /><E30/><V36/><F107/><W19/><G122/><T109/><D69/><U4/><E4/><V53/><F77/><W133/><G37/><T40/><D118/><U62/><E62/><V123/><F123/><W81/><G81/><T130/><D130/><U119/><E33/><V31/><F110/><W3/><G63/><T50/><D109/><U116/><E38/><V5/><F111/><W65/><G65/><T96/><D115/><N who="3" m="44105" /><G49/><T59/><D80/><N who="1" m="49607" /><E87/><V41/><F46/><N who="3" m="27671" /><G35/><T131/><D131/><U55/><E55/><V22/><F53/><W1/><G25/><T78/><D78/><U21/><E129/><V94/><REACH who="2" step="1"/><F20/><REACH who="2" ten="158,315,350,167" step="2"/><W84/><G133/><T114/><D114/><U24/><E21/><V105/><F105/><W89/><G135/><T102/><REACH who="0" step="1"/><D54/><REACH who="0" ten="148,315,350,167" step="2"/><U117/><E24/><V108/><F108/><W43/><G1/><T82/><D82/><U27/><E27/><V0/><F0/><W23/><G3/><T97/><D97/><AGARI ba="1,2" hai="5,11,12,22,26,31,36,41,45,93,94,95,97,99" machi="97" ten="40,2600,0" yaku="1,1,52,1,53,0" doraHai="70" doraHaiUra="101" who="2" fromWho="0" sc="148,-29,315,0,350,49,167,0" />
</Scene>
<Scene>
<INIT seed="6,0,0,1,4,1" ten="119,315,399,167" oya="2" hai0="100,69,9,54,77,12,120,94,123,86,3,87,97" hai1="58,45,84,93,132,35,117,74,22,5,81,46,104" hai2="44,82,78,109,72,128,6,43,24,99,39,96,114" hai3="7,28,107,2,20,88,62,25,32,64,27,91,23"/><V66/><F114/><W111/><G107/><T83/><D69/><U112/><E35/><V8/><F128/><W68/><G111/><T33/><D33/><U85/><E104/><V110/><F66/><W18/><REACH who="3" step="1"/><G23/><REACH who="3" ten="119,315,399,157" step="2"/><T61/><D120/><U98/><E22/><V95/><F109/><W17/><G17/><T48/><D123/><U105/><E105/><V42/><F110/><W113/><G113/><T41/><D3/><U29/><E112/><V118/><F118/><W36/><G36/><T71/><D71/><U127/><E117/><V26/><F42/><W106/><G106/><T116/><D116/><U53/><E29/><V80/><F43/><W126/><G126/><T47/><D61/><U103/><E127/><V67/><F39/><W57/><G57/><T55/><REACH who="0" step="1"/><D87/><REACH who="0" ten="109,315,399,157" step="2"/><U135/><E84/><V13/><F72/><W125/><G125/><T15/><D15/><U38/><E74/><V11/><F13/><W10/><AGARI ba="0,2" hai="2,7,10,18,20,25,27,28,32,62,64,68,88,91" machi="10" ten="30,7900,0" yaku="1,1,0,1,52,1,54,1,53,0" doraHai="1" doraHaiUra="131" who="3" fromWho="3" sc="109,-20,315,-20,399,-39,157,99" />
</Scene>
<Scene>
<INIT seed="7,0,0,3,1,133" ten="89,295,360,256" oya="3" hai0="73,11,126,107,103,100,48,127,90,82,31,21,0" hai1="36,129,38,86,59,75,35,109,111,97,65,93,26" hai2="5,124,7,92,49,28,57,74,72,105,88,23,8" hai3="53,46,83,63,112,1,85,29,54,32,34,60,37"/><W62/><G1/><T51/><D107/><U128/><E75/><V69/><F105/><W94/><G112/><T76/><D90/><U15/><E86/><V25/><F124/><N who="0" m="47658" /><D31/><N who="1" m="19959" /><E15/><V130/><F69/><W122/><G29/><T135/><D135/><U64/><E36/><V114/><F114/><W89/><G34/><T131/><D21/><U132/><E38/><V18/><F74/><W66/><G32/><T104/><D131/><N who="1" m="50251" /><E59/><V30/><F72/><W121/><G94/><T91/><D91/><N who="1" m="55487" /><E132/><V39/><F39/><W68/><G89/><T84/><D84/><U4/><E4/><N who="2" m="1611" /><F130/><W56/><G85/><T61/><D0/><U10/><E10/><V6/><F6/><W80/><G83/><T71/><D11/><U70/><E70/><V81/><F81/><W33/><G80/><T40/><D104/><U99/><E99/><N who="2" m="57735" /><F8/><W123/><G33/><T125/><N who="0" m="47666" /><T47/><DORA hai="98" /><D51/><U106/><E106/><V12/><F12/><W14/><G14/><T9/><D9/><U116/><E116/><V77/><F30/><W79/><G79/><T43/><D43/><U110/><AGARI ba="0,0" hai="64,65,109,110,111" m="55487,50251,19959" machi="110" ten="40,1500,0" yaku="19,1" doraHai="133,98" who="1" fromWho="1" sc="89,-4,295,15,360,-4,256,-7" owari="85,-41.0,310,11.0,356,45.0,249,-15.0" />
</Scene>
</mjloggm>