<mjloggm ver="2.3"><GO type="169" lobby="0"/><UN n0="%E5%A4%AA%E3%81%8F%E3%81%AA%E3%81%84%E3%81%8A" n1="%E3%81%9D%E3%81%AE%E4%B8%80%E6%96%B9%E3%81%AA%E3%81%84%E3%82%8F%EF%BD%9E" n2="%75%73%6B%31%31%31%35" n3="%7A%65%72%6F%52%58" dan="17,16,16,17" rate="2172.83,2059.47,2201.35,2201.17" sx="M,M,M,M"/><TAIKYOKU oya="0"/>

<Scene>
<INIT seed="0,0,0,5,5,38" ten="250,250,250,250" oya="0" hai0="56,36,24,93,72,106,25,84,20,42,122,134,99" hai1="47,94,70,18,114,12,85,81,59,87,77,89,63" hai2="121,55,2,103,53,9,127,22,76,14,48,108,116" hai3="37,41,8,86,100,109,29,45,4,123,13,82,125"/><T51/><D72/><U54/><E114/><V102/><F121/><W115/><G123/><T11/><D122/><U124/><E124/><V52/><F127/><W80/><G125/><T98/><D36/><U91/><E70/><V10/><F108/><W31/><G109/><T95/><D106/><U97/><E47/><V27/><F2/><W132/><G132/><T44/><D134/><U26/><E26/><V135/><F135/><W16/><G115/><T17/><D11/><N who="2" m="4106" /><F14/><W75/><G100/><N who="2" m="38441" /><F76/><W107/><G107/><T129/><D129/><U110/><E110/><V78/><F78/><W88/><REACH who="3" step="1"/><G4/><REACH who="3" ten="250,250,250,240" step="2"/><T58/><D99/><U96/><REACH who="1" step="1"/><E77/><AGARI ba="0,1" hai="8,13,16,29,31,37,41,45,75,77,80,82,86,88" machi="77" ten="40,8000,1" yaku="1,1,2,1,52,1,54,2,53,0" doraHai="38" doraHaiUra="90" who="3" fromWho="1" sc="250,0,250,-80,250,0,240,90" />
</Scene>
<Scene>
<INIT seed="1,0,0,3,4,48" ten="250,170,250,330" oya="1" hai0="33,52,50,59,90,18,105,13,89,88,55,35,77" hai1="110,76,78,99,130,61,71,87,28,69,9,104,131" hai2="111,26,100,106,83,4,74,5,97,121,101,47,6" hai3="108,7,107,40,68,62,113,31,53,54,122,8,1"/><U112/><E112/><V24/><F121/><W16/><G122/><T22/><D105/><U32/><E9/><V127/><F111/><W23/><G107/><T119/><D119/><U27/><E87/><V36/><F127/><W19/><G113/><T98/><D98/><U42/><E42/><V30/><F101/><W114/><G114/><T15/><D77/><U46/><E46/><V91/><F30/><W20/><G40/><T58/><REACH who="0" step="1"/><D13/><REACH who="0" ten="240,170,250,330" step="2"/><U92/><E104/><V10/><F97/><W129/><G108/><T49/><AGARI ba="0,1" hai="15,18,22,33,35,49,50,52,55,58,59,88,89,90" machi="49" ten="30,16000,3" yaku="1,1,2,1,0,1,9,1,52,2,54,2,53,0" doraHai="48" doraHaiUra="128" who="0" fromWho="0" sc="240,170,170,-80,250,-40,330,-40" />
</Scene>
<Scene>
<INIT seed="2,0,0,4,5,5" ten="410,90,210,290" oya="2" hai0="132,101,27,15,108,69,67,131,30,127,72,36,93" hai1="49,124,12,87,3,60,37,135,71,82,61,116,119" hai2="0,115,99,2,20,129,106,9,38,43,121,54,100" hai3="89,105,133,47,63,11,68,39,51,32,41,113,42"/><V120/><F115/><W52/><G32/><T78/><D36/><U46/><E3/><V17/><F129/><W130/><G105/><T88/><D101/><U8/><E37/><V62/><F38/><W75/><G75/><T25/><D131/><U111/><E111/><V84/><F43/><W134/><G130/><T58/><D69/><U4/><E124/><V59/><F84/><W95/><G113/><T31/><D108/><U109/><E109/><V91/><F91/><W10/><G68/><T57/><D127/><U35/><E35/><V24/><REACH who="2" step="1"/><F0/><REACH who="2" ten="410,90,200,290" step="2"/><W128/><G42/><T21/><D72/><U117/><E135/><N who="3" m="51722" /><G128/><T19/><D132/><U23/><E71/><V18/><F18/><W77/><G77/><T76/><D78/><U44/><E119/><V97/><F97/><N who="3" m="57583" /><G63/><T73/><D76/><U83/><E117/><V55/><F55/><W126/><G126/><T86/><D73/><U80/><E116/><V79/><F79/><W98/><G98/><T33/><REACH who="0" step="1"/><D67/><REACH who="0" ten="400,90,200,290" step="2"/><U65/><E65/><V102/><F102/><W66/><G66/><T74/><D74/><U45/><E87/><V14/><F14/><W125/><G125/><T107/><D107/><U81/><N who="1" m="20480" /><DORA hai="48" /><U56/><REACH who="1" step="1"/><E23/><AGARI ba="0,2" hai="15,19,21,23,25,27,30,31,33,57,58,86,88,93" machi="23" ten="30,3900,0" yaku="1,1,7,1,54,1,53,0" doraHai="5,48" doraHaiUra="40,118" who="0" fromWho="1" sc="400,59,90,-39,200,0,290,0" />
</Scene>
<Scene>
<INIT seed="3,0,0,3,3,121" ten="459,51,200,290" oya="3" hai0="9,65,93,59,97,21,67,76,2,53,104,95,128" hai1="27,131,106,100,40,105,116,90,58,130,133,91,37" hai2="124,74,110,75,84,16,11,13,61,19,85,20,45" hai3="39,103,99,92,87,114,6,119,32,4,10,56,113"/><W94/><G39/><T57/><D104/><N who="1" m="40043" /><E58/><V101/><F124/><W29/><G119/><T125/><D76/><U48/><E48/><V73/><F101/><W108/><G108/><T71/><D71/><U62/><E62/><V38/><F110/><W132/><G132/><T96/><D125/><U55/><E55/><V50/><F38/><W127/><G127/><T82/><D82/><U117/><E40/><V49/><F61/><W41/><G41/><T126/><D128/><N who="1" m="49195" /><E27/><V46/><F50/><W60/><G4/><T86/><D86/><U22/><E22/><V3/><F3/><W83/><G32/><T118/><D93/><U15/><E15/><V8/><F8/><W107/><G94/><T89/><D89/><N who="1" m="33803" /><E37/><V31/><F31/><W98/><G29/><T77/><D2/><U68/><E68/><V25/><REACH who="2" step="1"/><F45/><REACH who="2" ten="459,51,190,290" step="2"/><W122/><G60/><T0/><D9/><U42/><E42/><AGARI ba="0,1" hai="11,13,16,19,20,25,42,46,49,73,74,75,84,85" machi="42" ten="40,5200,0" yaku="1,1,2,1,54,1,53,0" doraHai="121" doraHaiUra="26" who="2" fromWho="1" sc="459,0,51,-52,190,62,290,0" owari="459,56.0,-1,-50.0,252,-15.0,290,9.0" />
</Scene>
</mjloggm>