<mjloggm ver="2.3"><GO type="169" lobby="0"/><UN n0="%74%61%72%6F%6F" n1="%E9%BA%BB%E7%94%9F%E9%9B%80%E5%AD%90" n2="%E5%A4%AA%E3%81%8F%E3%81%AA%E3%81%84%E3%81%8A" n3="%E3%81%82%E3%81%B2%E3%82%8B%E3%81%95%E3%82%93" dan="18,16,17,16" rate="2193.81,2023.25,2156.70,2049.98" sx="M,F,M,M"/><TAIKYOKU oya="0"/>

<Scene>
<INIT seed="0,0,0,5,1,92" ten="250,250,250,250" oya="0" hai0="97,131,124,122,125,99,40,87,109,79,28,116,91" hai1="74,29,64,7,105,23,31,73,50,134,34,86,46" hai2="117,12,51,4,58,80,49,113,59,128,65,112,38" hai3="132,43,62,68,111,33,123,9,78,82,83,55,133"/><T103/><D40/><U44/><E105/><V32/><F32/><W30/><G82/><T89/><D28/><U10/><E34/><V57/><F80/><W127/><G43/><T90/><D122/><U13/><E134/><V98/><F38/><W11/><G30/><T25/><D25/><U93/><E64/><V120/><F120/><W47/><G33/><T108/><D116/><U42/><E31/><V66/><F117/><W118/><G9/><T129/><D79/><U2/><E46/><V45/><F128/><N who="0" m="49226" /><D87/><U8/><E23/><V61/><F112/><W0/><G11/><T85/><D85/><U26/><E26/><V114/><F113/><W76/><G76/><T27/><D27/><U5/><E29/><V95/><F114/><W75/><G78/><T94/><D99/><U88/><AGARI ba="0,0" hai="2,5,7,8,10,13,42,44,50,73,74,86,88,93" machi="88" ten="30,2000,0" yaku="0,1,54,1" doraHai="92" who="1" fromWho="1" sc="250,-10,250,20,250,-5,250,-5" />
</Scene>
<Scene>
<INIT seed="1,0,0,5,2,18" ten="240,270,245,245" oya="1" hai0="83,101,70,93,82,39,89,12,106,34,99,20,69" hai1="52,71,110,113,7,59,58,56,9,17,45,100,117" hai2="60,51,36,122,90,98,53,63,19,55,130,48,54" hai3="129,35,118,75,4,77,42,5,10,6,86,74,14"/><U105/><E113/><V115/><F122/><W128/><G35/><T109/><D39/><U47/><E117/><V22/><F36/><W97/><G118/><T57/><D34/><U79/><E71/><V25/><F130/><W65/><G65/><T16/><D109/><U81/><E110/><V108/><F115/><W29/><G29/><T131/><D131/><U27/><E100/><V125/><F125/><W49/><G129/><T37/><D37/><U112/><E105/><V41/><F108/><W64/><G64/><T50/><D69/><U95/><E95/><N who="2" m="56695" /><F48/><W135/><G75/><T31/><D31/><U103/><E103/><V87/><F87/><W33/><G74/><T26/><D26/><U91/><E91/><V66/><F66/><W38/><G33/><T127/><D127/><U121/><E121/><V61/><F41/><W46/><G128/><T40/><D70/><U67/><E67/><V11/><F11/><W30/><G30/><T119/><D119/><U28/><E28/><V13/><F25/><W43/><G135/><T80/><D40/><U21/><E52/><N who="2" m="20075" /><F63/><W133/><G133/><T126/><D126/><U44/><E112/><V102/><F102/><W1/><G1/><T116/><D116/><U32/><E32/><V84/><F84/><W72/><G72/><T132/><D132/><U2/><REACH who="1" step="1"/><E44/><AGARI ba="0,0" hai="13,19,22,44,51,55,60,61" m="20075,56695" machi="44" ten="30,3900,0" yaku="8,1,52,1,54,1" doraHai="18" who="2" fromWho="1" sc="240,0,270,-39,245,39,245,0" />
</Scene>
<Scene>
<INIT seed="2,0,0,0,5,47" ten="240,231,284,245" oya="2" hai0="53,86,124,80,32,95,63,77,25,79,116,101,106" hai1="104,55,17,66,130,3,119,83,35,44,18,13,33" hai2="0,98,94,54,28,92,48,102,71,14,30,108,76" hai3="15,2,135,89,121,67,34,131,23,115,78,22,123"/><V46/><F0/><W109/><G2/><T132/><D132/><U87/><E119/><V74/><F71/><W58/><G34/><T114/><D114/><U38/><E3/><V128/><F128/><W105/><G105/><T6/><D124/><U50/><E130/><V51/><F108/><W61/><G131/><T1/><D106/><U56/><E104/><V134/><F134/><W75/><G135/><T64/><D6/><U84/><E18/><V24/><F74/><W111/><G115/><T129/><D1/><U112/><E84/><V19/><F76/><W57/><G78/><T62/><D116/><U133/><E133/><V100/><F24/><W118/><G75/><T12/><D79/><U40/><E66/><V31/><F51/><W27/><G118/><T10/><D25/><U70/><E70/><V45/><F45/><W7/><G121/><T107/><D107/><U93/><E112/><V72/><F72/><W20/><G123/><T91/><D77/><U52/><E83/><V82/><F82/><W39/><G39/><T99/><D129/><U65/><E55/><V85/><F85/><W16/><G7/><N who="0" m="3167" /><D64/><U11/><REACH who="1" step="1"/><E65/><REACH who="1" ten="240,221,284,245" step="2"/><V90/><REACH who="2" step="1"/><F94/><REACH who="2" ten="240,221,274,245" step="2"/><W43/><G111/><T127/><D95/><U37/><E37/><V68/><F68/><W59/><G109/><T42/><D80/><U117/><E117/><V8/><AGARI ba="0,2" hai="8,14,19,28,30,31,46,48,54,90,92,98,100,102" machi="8" ten="30,11700,0" yaku="1,1,0,1,8,1,52,1,53,0" doraHai="47" doraHaiUra="103" who="2" fromWho="2" sc="240,-39,221,-39,274,137,245,-39" />
</Scene>
<Scene>
<INIT seed="2,1,0,2,2,117" ten="201,182,411,206" oya="2" hai0="102,105,121,20,93,99,125,28,33,12,38,62,104" hai1="14,37,115,119,76,68,27,97,126,112,89,87,42" hai2="130,50,95,19,15,98,43,79,103,70,131,100,52" hai3="32,44,135,45,17,26,116,23,108,83,113,107,46"/><V73/><F70/><W75/><G107/><T84/><D38/><U110/><E119/><V3/><F3/><W31/><G116/><T48/><D33/><U47/><E110/><V109/><F43/><W134/><G108/><T82/><D125/><U57/><E68/><V24/><F109/><W123/><G113/><T39/><D39/><U59/><E126/><V111/><F111/><W21/><G32/><T81/><D48/><U55/><E59/><V56/><F24/><W64/><G64/><T78/><D62/><U40/><E40/><V34/><F34/><W77/><G123/><T124/><D124/><U85/><E97/><V96/><F79/><W8/><REACH who="3" step="1"/><G8/><REACH who="3" ten="201,182,411,196" step="2"/><T1/><D121/><U65/><E65/><V71/><F71/><W36/><G36/><T67/><D67/><U30/><E112/><V91/><F73/><W16/><G16/><T132/><D105/><U80/><E115/><V128/><REACH who="2" step="1"/><F98/><REACH who="2" ten="201,182,401,196" step="2"/><W0/><G0/><T18/><D1/><U133/><E14/><AGARI ba="1,2" hai="14,17,21,23,26,31,44,45,46,75,77,83,134,135" machi="14" ten="40,8000,1" yaku="1,1,53,3" doraHai="117" doraHaiUra="41" who="3" fromWho="1" sc="201,0,182,-83,401,0,196,103" />
</Scene>
<Scene>
<INIT seed="3,0,0,0,3,5" ten="201,99,401,299" oya="3" hai0="106,39,25,64,90,131,24,7,128,99,88,97,61" hai1="40,69,20,83,46,44,125,35,133,122,73,47,62" hai2="67,58,102,16,127,50,129,72,2,114,93,111,70" hai3="30,34,95,37,109,84,63,117,87,51,15,1,130"/><W91/><G117/><T101/><D39/><U118/><E35/><V26/><F114/><W14/><G37/><T124/><D124/><U76/><E118/><V54/><F2/><W36/><G36/><T59/><D7/><U94/><E125/><V108/><F127/><W0/><G0/><T42/><D42/><U38/><E122/><V22/><F72/><W17/><G1/><T3/><D3/><U98/><E133/><V74/><F74/><W115/><G115/><T77/><D77/><U116/><E116/><V13/><F129/><N who="0" m="49738" /><D97/><U68/><E20/><V80/><F80/><W27/><G130/><T60/><D60/><U107/><E107/><V45/><F70/><W96/><G14/><T18/><D18/><U29/><E29/><V66/><F26/><AGARI ba="0,0" hai="24,25,26,59,61,64,88,90,99,101,106" m="49738" machi="26" ten="30,2000,0" yaku="19,1,54,1" doraHai="5" who="0" fromWho="2" sc="201,20,99,0,401,-20,299,0" />
</Scene>
<Scene>
<INIT seed="4,0,0,0,2,32" ten="221,99,381,299" oya="0" hai0="55,5,77,48,64,91,86,2,52,70,114,125,9" hai1="79,100,57,58,30,96,67,3,4,21,24,71,49" hai2="135,75,73,29,108,81,50,34,99,8,33,97,98" hai3="10,19,116,66,14,83,82,115,117,85,41,0,130"/><T118/><D118/><U126/><E79/><V56/><F108/><W38/><G115/><T31/><D114/><U13/><E126/><V22/><F135/><W37/><G130/><T84/><D125/><U102/><E102/><V72/><F81/><W112/><G112/><T131/><D131/><U119/><E119/><V53/><REACH who="2" step="1"/><F8/><REACH who="2" ten="221,99,371,299" step="2"/><W109/><G109/><T90/><D77/><U17/><E49/><V104/><F104/><W95/><G117/><T43/><D31/><U92/><E71/><V44/><F44/><W121/><G116/><T93/><D70/><U59/><E67/><V18/><F18/><W28/><G28/><T11/><D64/><U89/><E59/><V132/><F132/><W74/><G66/><T78/><D78/><U42/><E42/><V94/><F94/><W15/><G95/><T120/><D120/><U69/><E69/><V16/><F16/><W62/><G19/><T106/><D106/><U61/><E61/><V1/><F1/><W65/><G0/><T105/><D105/><U88/><E58/><V101/><F101/><W129/><G62/><T7/><D43/><U134/><E57/><V23/><F23/><W20/><G20/><T46/><D55/><U63/><E63/><V60/><F60/><W40/><G40/><T87/><D91/><U111/><E111/><V35/><F35/><W76/><G41/><T110/><D110/><U122/><E134/><V45/><F45/><W80/><G121/><T123/><D123/><U36/><E122/><V39/><F39/><W128/><G38/><T27/><D27/><AGARI ba="0,1" hai="22,27,29,33,34,50,53,56,72,73,75,97,98,99" machi="27" ten="50,1600,0" yaku="1,1,53,0" doraHai="32" doraHaiUra="12" who="2" fromWho="0" sc="221,-16,99,0,371,26,299,0" />
</Scene>
<Scene>
<INIT seed="5,0,0,5,2,18" ten="205,99,397,299" oya="1" hai0="79,131,7,123,129,106,110,25,27,95,93,71,53" hai1="26,75,4,92,100,11,65,114,8,80,73,15,28" hai2="70,33,58,24,29,134,112,128,32,84,61,63,30" hai3="57,19,82,40,107,48,85,50,0,103,102,23,97"/><U122/><E122/><V78/><F134/><W86/><G0/><T118/><D106/><U130/><E130/><V104/><F104/><W49/><G103/><T94/><D118/><U36/><E114/><V21/><F128/><N who="0" m="49226" /><D71/><U113/><E113/><V76/><F112/><W56/><G40/><T1/><D79/><U39/><E11/><V20/><F70/><W135/><G135/><T5/><D110/><U47/><E65/><V133/><F133/><W99/><G99/><T81/><D81/><U14/><E14/><V2/><F2/><W132/><G132/><T52/><D1/><U6/><E6/><N who="0" m="2057" /><D123/><U121/><E121/><V31/><F84/><W62/><G82/><T46/><D46/><U44/><E44/><V77/><F24/><AGARI ba="0,0" hai="24,25,27,52,53,93,94,95" m="2057,49226" machi="24" ten="40,8000,1" yaku="28,2,19,1,54,1" doraHai="18" who="0" fromWho="2" sc="205,80,99,0,397,-80,299,0" />
</Scene>
<Scene>
<INIT seed="6,0,0,4,1,107" ten="285,99,317,299" oya="2" hai0="1,105,100,61,85,11,46,24,39,41,116,64,37" hai1="128,43,51,29,121,38,49,19,3,47,54,21,18" hai2="84,2,66,98,4,119,57,26,56,33,82,35,117" hai3="14,86,129,133,16,74,13,93,81,115,40,131,17"/><V110/><F110/><W99/><G40/><T94/><D116/><U79/><E3/><V132/><F132/><W96/><G133/><T71/><D94/><U0/><E0/><V112/><F112/><W44/><G44/><T15/><D85/><U78/><E128/><V52/><F98/><W67/><G67/><T59/><D37/><U104/><E104/><V126/><F126/><W69/><G69/><T127/><D127/><U28/><E38/><V87/><F66/><W10/><G115/><T114/><D114/><U9/><E121/><V22/><F2/><W120/><G120/><T32/><D59/><U8/><E43/><V89/><F4/><W97/><G93/><T30/><D15/><U63/><E63/><V5/><F5/><W50/><G50/><T20/><D20/><U80/><E80/><V83/><F56/><W134/><G134/><T23/><D23/><U130/><E130/><V135/><F135/><W73/><G131/><T108/><D11/><U109/><E21/><V60/><F117/><W113/><G129/><T91/><D91/><U62/><E62/><V102/><F102/><W123/><G113/><T76/><D76/><N who="1" m="29227" /><E51/><V55/><F119/><W27/><G123/><T106/><D1/><U122/><E122/><V125/><F125/><W124/><G124/><T45/><D45/><U72/><E72/><V65/><F33/><W34/><G34/><T25/><D108/><U95/><E95/><V77/><F35/><W42/><G42/><T70/><D70/><U88/><E109/><V101/><F101/><W53/><G99/><N who="0" m="61599" /><D106/><U6/><E47/><RYUUKYOKU ba="0,0" sc="285,15,99,-15,317,15,299,-15" hai0="24,25,30,32,39,41,46,61,64,71" hai2="22,26,52,55,57,60,65,77,82,83,84,87,89" />
</Scene>
<Scene>
<INIT seed="6,1,0,4,0,123" ten="300,84,332,284" oya="2" hai0="104,45,86,102,46,120,115,51,31,44,5,117,64" hai1="133,100,50,101,0,54,81,124,29,26,127,2,87" hai2="59,112,52,95,35,107,77,72,70,18,121,114,48" hai3="99,82,88,73,55,33,58,43,39,122,111,92,21"/><V110/><F121/><W91/><G33/><T84/><D120/><U62/><E133/><V7/><F107/><W103/><G122/><T37/><D37/><U10/><E0/><V94/><F70/><W96/><G39/><T19/><D115/><N who="2" m="44074" /><F35/><W9/><G43/><T67/><D5/><U57/><E124/><V129/><F7/><W68/><G68/><T38/><D38/><U40/><E127/><V119/><F119/><W65/><G65/><T74/><D74/><U106/><E106/><V4/><F4/><W32/><G32/><T113/><D113/><U61/><E10/><V42/><F42/><W28/><G9/><T6/><D6/><U80/><E2/><V134/><F134/><W98/><G111/><T118/><D51/><U108/><E80/><N who="2" m="45095" /><F129/><W11/><G11/><T23/><D31/><U85/><E108/><V63/><F63/><W83/><G73/><T30/><D30/><U109/><E109/><V56/><F56/><W126/><G126/><T22/><D104/><U24/><E29/><V66/><F66/><N who="0" m="25130" /><D102/><N who="1" m="39531" /><E85/><N who="0" m="32873" /><D19/><U131/><E131/><V89/><F110/><W17/><G28/><T130/><D130/><U1/><E1/><V90/><F18/><W105/><G98/><T13/><D13/><U125/><E125/><V14/><F14/><W71/><G71/><T27/><D27/><N who="1" m="10283" /><E40/><V135/><F135/><W128/><G128/><T3/><D3/><U69/><E69/><V76/><F76/><W20/><G105/><T49/><D49/><U53/><E54/><V97/><F94/><W41/><G92/><T93/><D93/><U34/><E34/><RYUUKYOKU ba="1,0" sc="300,10,84,10,332,10,284,-30" hai0="22,23,44,45,46,117,118" hai1="50,53,57,61,62,81,87" hai2="48,52,59,89,90,95,97" />
</Scene>
<Scene>
<INIT seed="6,2,0,3,3,50" ten="310,94,342,254" oya="2" hai0="97,25,44,127,4,32,1,3,113,96,98,131,132" hai1="105,134,58,57,21,13,0,22,49,9,54,116,28" hai2="120,66,86,34,74,30,60,12,65,84,104,102,42" hai3="14,24,100,64,103,112,121,123,71,62,40,117,61"/><V119/><F74/><W124/><G117/><T6/><D113/><U122/><E116/><V52/><F119/><W10/><G124/><T85/><D127/><U126/><E126/><V43/><F120/><W53/><G40/><T133/><D131/><U92/><E105/><V47/><F34/><W128/><G128/><T79/><D44/><U36/><E0/><N who="0" m="73" /><D32/><U94/><E36/><V125/><F30/><W69/><G24/><T109/><D25/><U77/><E122/><V89/><F125/><W83/><G123/><T73/><D73/><U18/><E77/><V11/><F104/><W87/><G121/><T17/><D17/><U38/><E38/><V48/><F102/><W135/><G135/><N who="0" m="51787" /><D109/><U90/><E134/><V51/><F60/><W15/><G112/><T130/><D130/><U27/><E9/><V108/><F108/><W80/><G10/><T45/><D45/><U78/><E78/><V107/><F107/><W93/><G93/><T106/><D106/><U70/><E70/><V35/><F35/><W91/><G64/><N who="2" m="24681" /><F48/><W23/><G23/><T75/><D75/><U29/><E28/><V33/><F33/><W16/><G87/><N who="2" m="33321" /><F89/><W95/><G95/><N who="1" m="36394" /><E90/><V41/><F41/><W115/><G115/><T56/><D85/><U59/><AGARI ba="2,0" hai="13,18,21,22,27,29,49,54,57,58,59" m="36394" machi="59" ten="30,2000,0" yaku="8,1,52,1" doraHai="50" who="1" fromWho="1" sc="310,-7,94,26,342,-12,254,-7" />
</Scene>
<Scene>
<INIT seed="7,0,0,1,0,71" ten="303,120,330,247" oya="3" hai0="0,53,38,18,9,12,69,54,135,110,58,120,92" hai1="127,14,70,103,133,67,94,56,3,47,50,27,90" hai2="81,39,129,19,96,101,131,42,59,8,10,21,33" hai3="134,111,95,116,26,126,109,34,55,25,99,104,72"/><W51/><G116/><T74/><D74/><U130/><E3/><V44/><F33/><W61/><G72/><T41/><D110/><N who="3" m="41993" /><G104/><T15/><D120/><U11/><E70/><V5/><F59/><N who="3" m="35071" /><G34/><T132/><D69/><U86/><E127/><V87/><F21/><W66/><G66/><T52/><D0/><U89/><E130/><N who="2" m="49675" /><F5/><W79/><G79/><T128/><D128/><U40/><E133/><N who="0" m="51273" /><D92/><U78/><E78/><N who="2" m="46519" /><F19/><W76/><G76/><T36/><D58/><U65/><E103/><V60/><F60/><W6/><G134/><T24/><D41/><U105/><E105/><AGARI ba="0,0" hai="8,10,39,42,44,96,101,105" m="46519,49675" machi="105" ten="30,2000,0" yaku="19,1,52,1" doraHai="71" who="2" fromWho="1" sc="303,0,120,-20,330,20,247,0" owari="303,10.0,100,-40.0,350,45.0,247,-15.0" />
</Scene>
</mjloggm>