<mjloggm ver="2.3"><GO type="169" lobby="0"/><UN n0="%E5%A4%AA%E3%81%8F%E3%81%AA%E3%81%84%E3%81%8A" n1="%E9%B4%A8%E8%91%B1%E7%97%94%E9%83%8E" n2="%E3%83%A4%E3%82%AD%E3%83%B3" n3="%E3%82%AB%E3%83%8B%E3%83%9E%E3%83%A8" dan="18,17,16,17" rate="2155.78,2210.81,2113.82,2145.35" sx="M,M,M,M"/><TAIKYOKU oya="0"/>

<Scene>
<INIT seed="0,0,0,2,0,44" ten="250,250,250,250" oya="0" hai0="116,63,87,66,57,113,12,101,123,42,21,64,128" hai1="88,133,82,45,81,131,102,105,112,99,72,25,115" hai2="3,6,9,121,41,94,80,36,38,18,129,28,79" hai3="26,46,89,78,96,62,75,71,11,32,40,39,13"/><T76/><D123/><U19/><E19/><V106/><F106/><W8/><G78/><T108/><D116/><U90/><E25/><V130/><F121/><W29/><G75/><T93/><D113/><N who="1" m="43595" /><E45/><N who="2" m="23719" /><F18/><W27/><G27/><T120/><D120/><U86/><E133/><V30/><F94/><W132/><G132/><T4/><D42/><U85/><E72/><N who="2" m="43111" /><F38/><W92/><REACH who="3" step="1"/><G13/><REACH who="3" ten="250,250,250,240" step="2"/><T5/><D12/><U51/><E131/><AGARI ba="0,1" hai="3,6,9,28,30,129,130,131" m="43111,23719" machi="131" ten="30,2000,0" yaku="25,1,19,1" doraHai="44" who="2" fromWho="1" sc="250,0,250,-20,250,30,240,0" />
</Scene>
<Scene>
<INIT seed="1,0,0,0,1,56" ten="250,230,280,240" oya="1" hai0="73,81,70,120,117,108,22,28,35,23,27,102,61" hai1="20,2,11,90,87,31,26,9,75,100,16,111,25" hai2="91,6,115,109,116,32,110,1,135,63,76,93,4" hai3="58,72,29,36,118,82,57,107,80,114,52,30,94"/><U12/><E75/><V49/><F116/><W101/><G107/><T55/><D117/><U62/><E100/><V60/><F32/><W21/><G114/><T77/><D108/><N who="2" m="41578" /><F115/><W34/><G36/><T133/><D133/><U84/><E111/><V64/><F76/><W66/><G34/><T51/><D120/><U78/><E78/><V129/><F135/><W85/><G118/><T130/><D130/><U33/><E90/><V83/><F83/><W125/><G125/><T104/><D51/><U19/><E2/><V112/><F112/><W113/><G72/><T86/><D86/><U18/><E62/><N who="2" m="23595" /><F64/><W122/><G66/><N who="0" m="41295" /><D55/><U121/><E121/><V41/><F1/><W69/><G69/><T65/><D65/><U74/><E74/><V98/><F129/><W97/><G82/><T53/><D53/><U59/><E59/><V71/><F71/><W45/><G122/><T38/><D38/><U5/><E87/><V96/><F96/><AGARI ba="0,0" hai="22,23,27,28,35,73,77,81,96,102,104" m="41295" machi="96" ten="30,2000,0" yaku="25,1,52,1" doraHai="56" who="0" fromWho="2" sc="250,20,230,0,280,-20,240,0" />
</Scene>
<Scene>
<INIT seed="2,0,0,1,1,92" ten="270,230,260,240" oya="2" hai0="7,39,42,20,68,98,41,25,11,57,43,23,74" hai1="106,76,14,27,95,103,94,88,70,86,81,129,49" hai2="0,32,71,67,31,102,73,22,34,16,29,4,52" hai3="1,131,46,64,66,55,54,26,135,51,60,104,91"/><V45/><F73/><W40/><G1/><T62/><D74/><U6/><E70/><V65/><F0/><W12/><G104/><T121/><D121/><U125/><E125/><V90/><F34/><W130/><G26/><T24/><D68/><U38/><E38/><V120/><F4/><W124/><G124/><T122/><D39/><U105/><E27/><N who="0" m="10313" /><D122/><U9/><E129/><N who="3" m="49162" /><G12/><N who="0" m="5247" /><D98/><N who="1" m="59871" /><E106/><V89/><F102/><W118/><G118/><T112/><D112/><U59/><E105/><V53/><F32/><W109/><G109/><T77/><D77/><U72/><E72/><V3/><F3/><W116/><G116/><T83/><D83/><U10/><E10/><V123/><F71/><N who="3" m="42375" /><G91/><T47/><D47/><U113/><E113/><V115/><F115/><W56/><G135/><T128/><D128/><U111/><E111/><V35/><F35/><W85/><G85/><T87/><D87/><U133/><E133/><V82/><F82/><W8/><G8/><T101/><D101/><U50/><E59/><V107/><F107/><W75/><G75/><T93/><D93/><U30/><E76/><V117/><F45/><W33/><G33/><T119/><D119/><U15/><E81/><V84/><F84/><W100/><G100/><T5/><D5/><U69/><E69/><V44/><F44/><W21/><G21/><T127/><D127/><U28/><E86/><V37/><F117/><W126/><G126/><T18/><D18/><U110/><E110/><V134/><F134/><W61/><AGARI ba="0,0" hai="40,46,51,54,55,56,61,66" m="42375,49162" machi="61" ten="30,4000,0" yaku="19,1,34,2" doraHai="92" who="3" fromWho="3" sc="270,-10,230,-10,260,-20,240,40" />
</Scene>
<Scene>
<INIT seed="3,0,0,0,5,107" ten="260,220,240,280" oya="3" hai0="76,95,91,98,9,56,113,94,30,24,1,52,61" hai1="120,103,108,34,128,132,57,105,116,22,2,121,88" hai2="80,79,39,130,106,33,17,84,50,6,19,47,25" hai3="49,133,114,87,101,69,28,109,71,70,12,32,115"/><W125/><G101/><T26/><D113/><U97/><E2/><V68/><F106/><W4/><G133/><T89/><D76/><U11/><E132/><V40/><F130/><W74/><G28/><T43/><D43/><U72/><E34/><V129/><F129/><W123/><G32/><T63/><D63/><U102/><E11/><V124/><F68/><W37/><G37/><T81/><D81/><U20/><E128/><V58/><F124/><W117/><G117/><T135/><D135/><U38/><E38/><V18/><F6/><W55/><G123/><T41/><D41/><U131/><E131/><V23/><F33/><W65/><G125/><T75/><D75/><U67/><E72/><V127/><F127/><W3/><G74/><T111/><D111/><U8/><E8/><V112/><F112/><W0/><G12/><T62/><D62/><U66/><E57/><V15/><F39/><W31/><G65/><T119/><D30/><U45/><E45/><V46/><F46/><W35/><G109/><T54/><D54/><U122/><E108/><V7/><F58/><W44/><G4/><T42/><D42/><U118/><E103/><V36/><F36/><W82/><G31/><T73/><D73/><U16/><E88/><V85/><F85/><W99/><G35/><T29/><D29/><U27/><E22/><V104/><F104/><W59/><G44/><T21/><D21/><U110/><E110/><V13/><F13/><W90/><G99/><N who="0" m="57807" /><D119/><AGARI ba="0,0" hai="16,20,27,66,67,97,102,105,116,118,119,120,121,122" machi="119" ten="50,3200,0" yaku="12,1,54,1" doraHai="107" who="1" fromWho="0" sc="260,-32,220,32,240,0,280,0" />
</Scene>
<Scene>
<INIT seed="4,0,0,2,1,130" ten="228,252,240,280" oya="0" hai0="118,85,115,42,55,49,59,51,111,19,7,121,84" hai1="36,116,63,33,35,44,73,4,20,72,103,9,66" hai2="57,93,98,117,101,107,38,133,62,6,114,69,95" hai3="1,28,105,108,24,94,26,81,30,74,52,126,60"/><T16/><D121/><U10/><E10/><V91/><F38/><W131/><G105/><T70/><D118/><U76/><E20/><V56/><F69/><W65/><G108/><T82/><D70/><U5/><E5/><V48/><F117/><W90/><G1/><T89/><D111/><U54/><E103/><V53/><F114/><W127/><G131/><T86/><D7/><U113/><E113/><V71/><F71/><W135/><G135/><T13/><D115/><U11/><E11/><V96/><F6/><W134/><G134/><T22/><REACH who="0" step="1"/><D19/><REACH who="0" ten="218,252,240,280" step="2"/><U128/><E116/><V100/><F133/><W102/><G127/><T104/><D104/><U67/><E4/><V80/><F107/><W122/><G122/><T50/><D50/><U97/><E128/><V88/><REACH who="2" step="1"/><F80/><REACH who="2" ten="218,252,230,280" step="2"/><W18/><G81/><T83/><D83/><U17/><E36/><V129/><F129/><W78/><G126/><T132/><D132/><U64/><E63/><V29/><F29/><W12/><G30/><T45/><AGARI ba="0,2" hai="13,16,22,42,45,49,51,55,59,82,84,85,86,89" machi="45" ten="30,11700,0" yaku="1,1,0,1,8,1,54,1,53,0" doraHai="130" doraHaiUra="27" who="0" fromWho="0" sc="218,137,252,-39,230,-39,280,-39" />
</Scene>
<Scene>
<INIT seed="4,1,0,1,1,120" ten="355,213,191,241" oya="0" hai0="105,45,91,66,70,88,9,10,14,47,49,82,98" hai1="43,129,58,26,57,60,96,112,20,106,119,19,133" hai2="22,46,99,109,76,55,54,77,134,18,94,125,11" hai3="89,6,5,107,115,63,23,61,71,90,116,2,50"/><T104/><D70/><U51/><E119/><V114/><F114/><W52/><G116/><T103/><D66/><U33/><E133/><V44/><F134/><W21/><G107/><T93/><D104/><U15/><E129/><V62/><F11/><W13/><G115/><T59/><D82/><U42/><E112/><V65/><F109/><W124/><G124/><T74/><D74/><U31/><E57/><N who="2" m="35127" /><F125/><W132/><G132/><T41/><D59/><U69/><E51/><N who="2" m="29159" /><F65/><W86/><G2/><T131/><D131/><U64/><REACH who="1" step="1"/><E58/><REACH who="1" ten="355,203,191,241" step="2"/><V72/><F46/><W75/><G71/><T110/><D47/><U113/><E113/><V36/><F36/><W28/><G50/><T130/><D130/><U92/><E92/><V4/><F72/><W24/><G63/><T101/><D105/><U73/><E73/><V1/><F1/><W32/><G75/><T122/><D93/><U118/><E118/><V38/><F38/><W135/><G135/><T83/><D49/><U35/><E35/><V0/><F0/><W84/><G32/><T81/><D45/><U79/><E79/><V87/><F94/><W126/><G126/><T121/><D121/><U7/><E7/><N who="3" m="2570" /><G61/><T3/><D122/><U37/><E37/><V102/><F4/><W25/><G52/><T40/><D3/><U85/><E85/><V53/><F87/><W48/><G48/><T128/><D128/><U100/><AGARI ba="1,1" hai="15,19,20,26,31,33,42,43,60,64,69,96,100,106" machi="100" ten="30,7900,0" yaku="1,1,0,1,25,2,53,0" doraHai="120" doraHaiUra="117" who="1" fromWho="1" sc="355,-40,203,92,191,-21,241,-21" />
</Scene>
<Scene>
<INIT seed="5,0,0,0,3,80" ten="315,295,170,220" oya="1" hai0="110,99,135,130,68,72,56,44,36,25,13,76,48" hai1="66,30,16,115,10,54,128,63,38,6,87,117,51" hai2="73,5,82,77,59,7,55,21,40,41,11,91,26" hai3="58,129,106,123,75,114,84,104,31,46,103,14,24"/><U94/><E38/><V45/><F91/><W67/><G75/><T126/><D68/><U65/><E117/><V88/><F88/><W133/><G123/><T52/><D110/><U97/><E30/><V78/><F78/><W15/><G114/><T116/><D116/><U86/><E115/><V57/><F55/><W83/><G46/><T17/><D135/><U71/><E66/><V8/><F8/><W20/><G133/><T124/><D130/><U92/><E128/><V34/><F34/><W43/><G43/><N who="0" m="22631" /><D25/><U109/><E109/><V132/><F132/><W53/><G67/><T127/><D99/><U121/><E121/><V101/><F101/><W61/><G129/><T108/><D108/><U105/><E105/><V79/><F79/><W37/><G37/><T64/><D64/><U49/><E49/><V74/><F74/><W131/><G131/><T62/><D76/><U12/><E6/><V113/><F113/><W122/><G122/><T42/><D72/><U98/><E94/><V47/><F41/><W22/><G103/><T39/><D39/><U4/><E4/><V120/><F120/><W2/><G2/><T23/><D42/><U96/><REACH who="1" step="1"/><E92/><REACH who="1" ten="315,285,170,220" step="2"/><V111/><F7/><W90/><G106/><T100/><D100/><U134/><E134/><V85/><F111/><W81/><G104/><T3/><D48/><U0/><E0/><AGARI ba="0,1" hai="0,3,13,17,23,52,56,62,124,126,127" m="22631" machi="0" ten="30,2000,0" yaku="18,1,54,1" doraHai="80" who="0" fromWho="1" sc="315,30,285,-20,170,0,220,0" />
</Scene>
<Scene>
<INIT seed="6,0,0,1,5,21" ten="345,265,170,220" oya="2" hai0="70,66,48,63,122,14,37,50,132,33,53,4,115" hai1="130,47,61,31,128,104,133,131,25,68,116,59,98" hai2="18,129,17,56,92,55,6,96,84,51,3,103,13" hai3="54,40,60,16,23,41,67,12,106,73,43,123,38"/><V35/><F129/><W7/><G123/><T77/><D122/><U45/><E116/><V90/><F3/><W58/><G106/><T76/><D37/><U109/><E109/><V15/><F35/><W93/><G73/><T125/><D33/><U72/><E72/><V82/><REACH who="2" step="1"/><F6/><REACH who="2" ten="345,265,160,220" step="2"/><W44/><G7/><T127/><D4/><U81/><E131/><V111/><F111/><W89/><REACH who="3" step="1"/><G67/><REACH who="3" ten="345,265,160,210" step="2"/><T62/><D66/><U100/><E130/><V26/><F26/><W5/><G5/><T124/><D124/><U29/><E128/><V119/><F119/><W57/><G57/><T95/><D125/><U107/><E25/><V28/><F28/><W113/><G113/><T1/><D115/><U36/><E29/><V121/><F121/><W108/><G108/><T71/><D127/><U101/><E31/><V49/><F49/><W134/><G134/><T99/><D48/><U75/><E133/><V120/><F120/><W0/><G0/><T69/><D1/><U32/><E59/><V97/><F97/><AGARI ba="0,2" hai="12,16,23,38,40,41,43,44,54,58,60,89,93,97" machi="97" ten="30,3900,0" yaku="1,1,7,1,54,1,53,0" doraHai="21" doraHaiUra="126" who="3" fromWho="2" sc="345,0,265,0,160,-39,210,59" />
</Scene>
<Scene>
<INIT seed="7,0,0,4,2,104" ten="345,265,121,269" oya="3" hai0="105,54,120,108,128,127,37,60,11,3,118,16,67" hai1="24,56,63,28,98,51,52,103,29,61,66,6,19" hai2="126,131,116,74,68,22,99,73,94,65,0,77,76" hai3="34,5,20,102,88,113,115,48,26,135,95,46,93"/><W78/><G34/><T13/><D108/><U35/><E6/><V117/><F0/><W82/><G5/><T17/><D120/><U36/><E36/><V123/><F68/><W129/><G129/><T72/><D118/><N who="2" m="45674" /><F65/><W50/><G135/><T70/><D72/><N who="2" m="27754" /><F22/><W41/><G50/><T106/><D127/><U7/><E7/><V112/><F126/><W75/><G102/><T21/><D128/><U49/><E19/><V45/><F45/><W18/><REACH who="3" step="1"/><G95/><REACH who="3" ten="345,265,121,259" step="2"/><T119/><D119/><U59/><REACH who="1" step="1"/><E29/><REACH who="1" ten="345,255,121,259" step="2"/><V125/><F125/><W42/><G42/><T96/><D37/><U121/><E121/><V53/><F123/><W90/><G90/><T84/><D17/><U100/><E100/><N who="2" m="60535" /><F53/><W89/><G89/><T86/><D54/><U80/><E80/><V124/><F124/><W23/><G23/><T58/><D21/><U130/><E130/><V71/><F71/><W55/><G55/><T134/><D70/><U122/><E122/><V2/><F2/><W133/><G133/><T107/><D134/><U12/><E12/><V10/><F10/><W1/><G1/><T33/><D3/><U14/><E14/><V31/><F31/><W8/><G8/><T47/><D11/><U32/><E32/><V25/><F131/><W38/><G38/><T57/><D13/><U27/><E27/><V114/><F25/><W92/><G92/><AGARI ba="0,2" hai="24,28,35,49,51,52,56,59,61,63,66,92,98,103" machi="92" ten="30,7700,0" yaku="1,1,7,1,54,1,53,1" doraHai="104" doraHaiUra="30" who="1" fromWho="3" sc="345,0,255,97,121,0,259,-77" owari="345,15.0,352,45.0,121,-38.0,182,-22.0" />
</Scene>
</mjloggm>