<mjloggm ver="2.3"><GO type="169" lobby="0"/><UN n0="%E9%BA%A6%E9%87%8E%E6%B2%88%E5%88%A9" n1="%E3%81%95%E3%81%95%E3%81%95%E3%81%95" n2="%E5%A4%AA%E3%81%8F%E3%81%AA%E3%81%84%E3%81%8A" n3="%E5%89%8D%E6%88%AF%33%30%E5%88%86" dan="16,16,17,17" rate="2053.23,2107.56,2154.08,2131.40" sx="F,M,M,F"/><TAIKYOKU oya="0"/>

<Scene>
<INIT seed="0,0,0,1,0,100" ten="250,250,250,250" oya="0" hai0="94,3,102,98,99,127,36,77,73,89,80,28,75" hai1="6,55,1,25,9,125,17,101,82,52,13,53,95" hai2="60,21,76,88,62,35,59,123,39,66,41,57,54" hai3="4,34,110,0,124,87,120,63,7,117,23,11,118"/><T90/><D36/><U130/><E130/><V128/><F35/><W42/><G120/><T85/><D3/><U93/><E125/><V8/><F123/><W92/><G34/><T37/><D28/><U107/><E82/><V48/><F76/><W16/><G7/><T129/><D37/><U72/><E72/><N who="0" m="27721" /><D129/><U126/><E25/><V113/><F128/><W134/><G42/><T96/><D127/><U83/><E83/><V64/><F21/><W65/><G124/><T132/><D132/><U71/><E71/><N who="2" m="42375" /><F88/><AGARI ba="0,0" hai="77,80,85,88,89,90,94,96,98,99,102" m="27721" machi="88" ten="30,18000,2" yaku="35,5,54,1" doraHai="100" who="0" fromWho="2" sc="250,180,250,0,250,-180,250,0" />
</Scene>
<Scene>
<INIT seed="0,1,0,0,5,128" ten="430,250,70,250" oya="0" hai0="133,120,122,6,60,40,51,35,47,57,112,23,105" hai1="4,87,132,95,121,44,56,92,129,75,8,111,0" hai2="9,39,85,79,58,130,114,77,98,25,107,123,109" hai3="97,48,31,101,69,127,113,30,49,64,14,72,54"/><T83/><D105/><U135/><E129/><V2/><F130/><W45/><G113/><T88/><D35/><U37/><E75/><V50/><F39/><W33/><G72/><T1/><D112/><U108/><E121/><V131/><F123/><W93/><G127/><T10/><D133/><N who="1" m="51275" /><E56/><V29/><F58/><W80/><G48/><T53/><REACH who="0" step="1"/><D23/><REACH who="0" ten="420,250,70,250" step="2"/><U5/><E5/><V24/><F107/><W117/><G33/><T90/><D90/><N who="1" m="53343" /><E95/><V119/><F114/><W102/><G93/><T125/><D125/><U42/><AGARI ba="1,1" hai="0,4,8,37,42,44,108,111" m="53343,51275" machi="42" ten="30,7900,0" yaku="20,1,52,3" doraHai="128" who="1" fromWho="1" sc="420,-40,250,92,70,-21,250,-21" />
</Scene>
<Scene>
<INIT seed="1,0,0,4,1,27" ten="380,342,49,229" oya="1" hai0="36,68,75,74,103,85,79,135,28,73,0,25,109" hai1="63,131,125,34,19,119,55,90,89,97,42,43,14" hai2="117,50,29,67,5,49,10,38,17,69,77,132,54" hai3="58,1,114,32,46,20,72,81,66,70,26,128,86"/><U51/><E119/><V16/><F38/><W130/><G70/><T98/><D109/><U11/><E131/><N who="3" m="50218" /><G1/><T44/><D85/><U127/><E34/><V8/><F117/><W7/><G7/><T57/><D57/><U134/><E63/><V12/><F132/><W41/><G32/><N who="0" m="20495" /><D0/><U21/><E134/><V52/><F77/><W108/><G72/><T87/><D87/><U91/><E97/><V9/><F69/><W31/><G114/><T121/><D135/><U95/><E95/><V80/><F80/><W65/><G58/><T2/><D2/><U22/><E43/><V30/><F67/><W35/><G35/><T48/><D48/><N who="2" m="18538" /><F5/><W76/><G108/><T120/><D79/><U78/><E78/><V59/><F17/><W40/><G40/><N who="0" m="22535" /><D68/><U113/><E42/><V101/><F101/><W112/><G112/><T60/><D60/><U84/><E84/><V105/><F105/><AGARI ba="0,0" hai="73,74,75,98,103,105,120,121" m="22535,20495" machi="105" ten="30,2000,0" yaku="23,1,52,1" doraHai="27" who="0" fromWho="2" sc="380,20,342,0,49,-20,229,0" />
</Scene>
<Scene>
<INIT seed="2,0,0,2,1,3" ten="400,342,29,229" oya="2" hai0="131,133,34,39,128,71,113,4,54,68,117,52,83" hai1="22,8,79,134,94,58,130,6,2,108,116,57,45" hai2="74,81,76,25,66,125,93,98,0,47,129,12,30" hai3="120,61,78,135,107,119,1,23,9,124,111,15,40"/><V11/><F125/><W70/><G78/><T13/><D34/><U82/><E116/><V67/><F129/><N who="0" m="49738" /><D39/><U43/><E130/><V115/><F0/><W24/><G40/><T21/><D113/><U69/><E69/><N who="0" m="26697" /><D133/><U64/><E134/><V126/><F47/><W75/><G107/><T73/><D117/><U97/><E64/><V110/><F115/><W31/><G1/><T89/><D21/><U56/><E22/><V28/><F126/><W59/><G75/><T112/><D112/><U96/><E108/><V37/><F37/><W88/><G70/><T46/><D46/><U132/><E132/><V77/><F77/><W18/><G135/><T92/><D83/><U36/><REACH who="1" step="1"/><E94/><REACH who="1" ten="400,332,29,229" step="2"/><V49/><F110/><W62/><G111/><T105/><D105/><U19/><E19/><V33/><F28/><W99/><G119/><T42/><D73/><AGARI ba="0,1" hai="2,6,8,36,43,45,56,57,58,73,79,82,96,97" machi="73" ten="40,8000,1" yaku="1,1,25,2,52,1,53,0" doraHai="3" doraHaiUra="51" who="1" fromWho="0" sc="400,-80,332,90,29,0,229,0" />
</Scene>
<Scene>
<INIT seed="3,0,0,3,3,30" ten="320,422,29,229" oya="3" hai0="58,63,134,118,83,12,59,49,89,19,5,77,47" hai1="6,110,95,76,112,108,115,7,81,92,37,2,23" hai2="11,34,61,51,10,84,113,65,43,16,121,9,131" hai3="50,4,21,15,28,17,114,64,79,125,96,57,13"/><W99/><G114/><T56/><D118/><U128/><E37/><V40/><F113/><W127/><G79/><T80/><D134/><U106/><E23/><V120/><F131/><W103/><G28/><T98/><D5/><U25/><E25/><V55/><F84/><W67/><G96/><T8/><D63/><U132/><E2/><V41/><F16/><N who="3" m="10383" /><G4/><T124/><D124/><N who="3" m="47689" /><G50/><T46/><D49/><U35/><E76/><V101/><F101/><W68/><G57/><T116/><D116/><U90/><E132/><V86/><F86/><W78/><G78/><T38/><D38/><U53/><E6/><V29/><F51/><W36/><G68/><T97/><D97/><U0/><E7/><V54/><F29/><W93/><G36/><T18/><D18/><U39/><E39/><V31/><F31/><W91/><G103/><T130/><D130/><U3/><E128/><V105/><F105/><W45/><G45/><N who="0" m="16907" /><D77/><U87/><E106/><V44/><F44/><W52/><G52/><N who="2" m="20009" /><F61/><W126/><N who="3" m="47697" /><W117/><DORA hai="71" /><G117/><T88/><D98/><U42/><E53/><V122/><F65/><W33/><G33/><AGARI ba="0,0" hai="9,10,11,33,34,40,41,43,120,121,122" m="20009" machi="33" ten="40,16000,3" yaku="29,2,28,2,13,1,52,2,54,1" doraHai="30,71" who="2" fromWho="3" sc="320,0,422,0,29,160,229,-160" />
</Scene>
<Scene>
<INIT seed="4,0,0,2,4,125" ten="320,422,189,69" oya="0" hai0="68,13,69,73,109,54,11,44,14,64,17,106,93" hai1="24,100,38,99,131,30,86,33,71,128,76,23,52" hai2="78,34,116,119,132,31,97,122,20,90,127,117,81" hai3="129,66,135,55,126,92,26,21,110,43,111,70,22"/><T91/><D106/><U103/><E38/><V82/><F34/><W37/><G126/><T49/><D73/><U123/><E123/><V7/><F127/><W10/><G135/><T118/><D118/><U124/><E124/><V113/><F122/><W83/><G55/><T133/><D133/><U42/><E42/><V46/><F132/><W108/><G10/><T3/><D3/><U75/><E75/><V98/><F7/><W77/><G92/><T58/><D109/><U84/><E71/><V101/><F113/><W25/><G66/><T88/><D68/><U56/><E33/><V95/><F46/><N who="3" m="23919" /><G70/><T59/><D69/><U62/><E100/><V48/><F48/><W79/><G83/><T94/><D64/><U32/><E32/><V35/><F35/><W134/><G134/><T16/><D93/><N who="1" m="58863" /><E76/><V0/><F0/><W29/><G129/><AGARI ba="0,0" hai="23,24,30,52,56,62,84,86,128,129,131" m="58863" machi="129" ten="30,8000,1" yaku="19,1,52,3,54,1" doraHai="125" who="1" fromWho="3" sc="320,0,422,80,189,0,69,-80" owari="320,12.0,502,60.0,189,-21.0,-11,-51.0" />
</Scene>
</mjloggm>