<mjloggm ver="2.3"><GO type="169" lobby="0"/><UN n0="%E7%82%B9%E8%8D%89%E7%8B%AC%E6%AD%A9" n1="%66%75%6B%75%30%32" n2="%E5%A4%AA%E3%81%8F%E3%81%AA%E3%81%84%E3%81%8A" n3="%E6%B0%B7%E6%B2%B3%E9%A2%A8" dan="16,16,17,18" rate="2107.60,2061.02,2152.82,2263.30" sx="F,M,M,M"/><TAIKYOKU oya="0"/>

<Scene>
<INIT seed="0,0,0,1,4,115" ten="250,250,250,250" oya="0" hai0="17,78,9,116,58,95,56,22,120,1,134,30,20" hai1="69,111,14,35,132,122,44,77,50,106,112,101,75" hai2="7,31,63,104,21,67,76,123,27,72,119,60,0" hai3="100,124,23,121,96,51,85,25,88,52,133,48,125"/><T39/><D120/><U127/><RYUUKYOKU type="yao9" ba="0,0" sc="250,0,250,0,250,0,250,0" hai1="14,35,44,50,69,75,77,101,106,111,112,122,127,132" />
</Scene>
<Scene>
<INIT seed="0,1,0,2,0,44" ten="250,250,250,250" oya="0" hai0="78,128,64,121,4,129,98,52,111,10,24,43,120" hai1="37,38,110,99,79,59,97,29,60,36,71,54,68" hai2="80,21,32,100,17,11,42,50,93,65,9,28,132" hai3="27,62,73,69,33,115,30,31,39,106,41,25,58"/><T125/><D125/><U105/><E79/><V123/><F123/><W101/><G115/><T12/><D111/><U7/><E110/><V119/><F132/><W15/><G15/><T13/><D43/><U118/><E118/><V116/><F65/><W84/><G84/><T56/><D64/><U23/><E7/><V34/><F80/><W22/><G73/><T133/><D133/><U67/><E105/><V113/><F100/><W18/><G18/><T14/><D78/><U61/><E71/><V88/><F113/><W94/><G106/><T85/><D24/><U95/><E95/><V89/><F28/><W70/><G41/><T108/><D98/><U92/><E92/><V96/><F89/><W55/><G39/><T127/><D85/><U48/><REACH who="1" step="1"/><E61/><REACH who="1" ten="250,240,250,250" step="2"/><V6/><F6/><W53/><G70/><T8/><D108/><U77/><E77/><V82/><F82/><W117/><G69/><T46/><D127/><U81/><E81/><V114/><F114/><W51/><G117/><T16/><D13/><U86/><E86/><V90/><F116/><W47/><G94/><T109/><D109/><U20/><E20/><V103/><F119/><W72/><G72/><T76/><D76/><U131/><E131/><N who="0" m="50249" /><D46/><U19/><E19/><V74/><F74/><W26/><G27/><AGARI ba="1,1" hai="23,27,29,36,37,38,48,54,59,60,67,68,97,99" machi="27" ten="40,2600,0" yaku="1,1,52,1,53,0" doraHai="44" doraHaiUra="102" who="1" fromWho="3" sc="250,0,240,39,250,0,250,-29" />
</Scene>
<Scene>
<INIT seed="1,0,0,0,2,133" ten="250,279,250,221" oya="1" hai0="42,39,5,134,68,94,14,86,43,87,31,10,45" hai1="79,57,120,15,61,58,107,29,135,50,105,69,63" hai2="77,98,56,41,116,115,27,30,132,91,55,65,103" hai3="12,23,34,9,21,52,123,16,84,121,36,92,19"/><U28/><E120/><V26/><F116/><W114/><G34/><T4/><D134/><U76/><E135/><V67/><F132/><W130/><G36/><T108/><D108/><U119/><E119/><V49/><F115/><W90/><G114/><T48/><D68/><U8/><E69/><V40/><F77/><W127/><G127/><T110/><D110/><U64/><E50/><V117/><F91/><W122/><G130/><T118/><D118/><U18/><E107/><V124/><F117/><W72/><G72/><T44/><D31/><N who="1" m="11851" /><E105/><V111/><F111/><W126/><G126/><T2/><D2/><U109/><E109/><V11/><F11/><W71/><G71/><T53/><D53/><AGARI ba="0,0" hai="8,15,18,53,57,58,61,63,64,76,79" m="11851" machi="53" ten="30,1500,0" yaku="8,1" doraHai="133" who="1" fromWho="0" sc="250,-15,279,15,250,0,221,0" />
</Scene>
<Scene>
<INIT seed="1,1,0,2,1,81" ten="235,294,250,221" oya="1" hai0="34,13,132,36,124,69,104,105,84,118,46,135,47" hai1="39,14,67,123,125,102,20,75,37,95,92,82,113" hai2="23,71,134,30,55,21,77,114,103,41,101,112,74" hai3="58,12,16,51,106,32,122,31,111,128,33,1,129"/><U50/><E123/><V57/><F71/><W42/><G1/><T83/><D118/><U78/><E113/><N who="2" m="43627" /><F134/><W126/><G122/><T70/><D34/><U127/><E67/><V28/><F41/><W110/><G106/><T43/><D13/><U24/><E14/><V59/><F74/><W96/><G96/><T9/><D9/><U40/><E50/><V68/><F68/><W61/><G126/><N who="1" m="48138" /><E40/><V49/><F77/><W15/><G15/><T17/><D17/><N who="1" m="12303" /><E102/><N who="2" m="38923" /><F59/><W120/><G120/><T19/><D124/><U99/><E99/><V98/><F98/><W25/><G33/><T2/><D70/><U100/><E100/><V109/><F23/><N who="3" m="11655" /><G42/><T22/><D43/><U26/><E26/><N who="2" m="16463" /><F30/><W79/><G51/><T90/><D69/><U53/><E37/><V97/><F97/><W89/><G58/><T85/><D36/><U48/><E39/><V117/><F117/><W64/><G64/><T60/><D132/><U52/><E53/><V130/><F49/><W133/><G133/><T72/><D135/><U116/><E116/><V11/><F55/><W80/><G61/><T0/><D60/><U94/><E52/><V131/><F57/><W76/><G76/><T93/><D105/><U119/><E119/><V29/><F29/><W18/><G79/><T88/><D104/><U10/><E48/><V45/><F45/><W54/><G54/><T87/><D47/><U8/><AGARI ba="1,0" hai="8,10,75,78,82,92,94,95" m="12303,48138" machi="8" ten="40,2100,0" yaku="18,1" doraHai="81" who="1" fromWho="1" sc="235,-8,294,24,250,-8,221,-8" />
</Scene>
<Scene>
<INIT seed="1,2,0,2,0,135" ten="227,318,242,213" oya="1" hai0="115,5,119,82,26,6,14,51,98,80,29,39,13" hai1="73,103,128,131,99,116,28,10,104,45,87,36,77" hai2="31,68,78,41,120,91,117,8,133,57,32,59,12" hai3="63,30,3,69,44,0,11,42,7,123,23,121,122"/><U75/><E116/><V105/><F117/><W93/><G3/><T107/><D39/><U46/><E28/><V106/><F68/><W100/><G100/><T4/><D119/><U64/><E64/><V113/><F120/><W84/><G69/><T66/><D115/><U27/><E27/><V61/><F78/><W18/><G30/><T125/><D66/><U54/><E87/><V43/><F133/><W50/><G63/><T88/><D107/><U16/><E46/><V60/><F113/><W24/><G93/><T97/><D51/><N who="1" m="29039" /><E77/><V20/><F32/><W102/><G102/><T124/><D14/><N who="1" m="7255" /><E36/><V95/><F31/><W108/><G84/><T132/><D13/><U96/><E96/><V55/><F105/><W9/><G9/><T129/><D132/><U17/><E17/><N who="2" m="10279" /><F8/><W118/><G118/><T85/><D82/><U101/><E101/><V25/><F25/><W38/><G38/><T47/><D47/><U49/><E49/><V58/><F106/><W134/><G134/><T53/><D53/><U72/><E72/><V76/><F76/><W79/><G79/><T89/><D129/><N who="1" m="49739" /><E73/><V48/><F60/><W81/><G81/><T15/><D15/><U34/><E75/><V62/><F61/><W56/><G56/><N who="2" m="21609" /><F62/><W35/><G35/><AGARI ba="2,0" hai="34,35,99,103,104" m="49739,7255,29039" machi="35" ten="30,2900,0" yaku="19,1,54,1" doraHai="135" who="1" fromWho="3" sc="227,0,318,35,242,0,213,-35" />
</Scene>
<Scene>
<INIT seed="1,3,0,0,3,61" ten="227,353,242,178" oya="1" hai0="119,26,79,15,132,40,11,30,86,63,32,3,17" hai1="89,52,90,1,33,20,116,102,94,71,129,29,109" hai2="101,21,35,54,97,64,117,36,77,0,38,69,70" hai3="22,99,49,57,55,56,58,45,13,125,42,98,92"/><U120/><E116/><V91/><F117/><W100/><G125/><T93/><D119/><U10/><E120/><V62/><F70/><W72/><G72/><T112/><D112/><U47/><E33/><V44/><F0/><W106/><G13/><T60/><D132/><U113/><E113/><V87/><F77/><W43/><REACH who="3" step="1"/><G22/><REACH who="3" ten="227,353,242,168" step="2"/><T118/><D118/><U111/><E20/><V5/><F21/><W123/><G123/><T82/><D3/><U74/><E1/><V46/><F35/><W88/><AGARI ba="3,1" hai="42,43,45,49,55,56,57,58,88,92,98,99,100,106" machi="88" ten="30,4000,0" yaku="1,1,0,1,54,1,53,0" doraHai="61" doraHaiUra="78" who="3" fromWho="3" sc="227,-13,353,-23,242,-13,168,59" />
</Scene>
<Scene>
<INIT seed="2,0,0,1,1,5" ten="214,330,229,227" oya="2" hai0="86,3,52,69,8,31,102,23,108,74,109,85,115" hai1="27,131,19,112,83,87,43,62,35,38,120,33,103" hai2="110,47,22,6,25,61,88,16,21,97,96,126,76" hai3="11,2,37,10,57,125,49,39,13,51,60,114,105"/><V119/><F119/><W84/><G105/><T64/><D74/><U104/><E112/><V67/><F126/><W63/><G125/><T4/><D115/><U90/><E131/><V1/><F76/><W82/><G114/><T95/><D64/><U65/><E120/><V79/><F79/><N who="3" m="46175" /><G39/><T56/><D69/><U127/><E127/><V24/><F110/><N who="0" m="42602" /><D102/><U77/><E43/><V46/><F6/><W93/><G37/><T72/><D72/><U54/><E54/><V53/><F1/><W44/><G2/><T107/><D107/><U113/><E38/><V94/><F97/><W92/><G13/><T128/><D128/><U106/><E113/><V14/><F53/><N who="3" m="29863" /><G51/><N who="0" m="30751" /><D95/><N who="3" m="36425" /><G63/><T122/><D122/><U40/><E106/><V99/><F99/><W118/><G118/><T121/><D121/><U50/><E104/><V15/><F15/><W68/><G68/><T41/><D41/><U34/><E103/><V66/><F14/><W130/><G130/><T36/><D36/><U30/><E40/><V48/><F48/><W9/><G60/><T78/><D78/><U20/><E50/><V29/><REACH who="2" step="1"/><F67/><REACH who="2" ten="214,330,219,227" step="2"/><W129/><G129/><T32/><D32/><U0/><E77/><V28/><F28/><W45/><G45/><T123/><D123/><U71/><REACH who="1" step="1"/><E0/><REACH who="1" ten="214,320,219,227" step="2"/><V12/><F12/><AGARI ba="0,2" hai="12,19,20,27,30,33,34,35,62,65,71,83,87,90" machi="12" ten="30,3900,0" yaku="1,1,2,1,7,1,53,0" doraHai="5" doraHaiUra="134" who="1" fromWho="2" sc="214,0,320,59,219,-39,227,0" />
</Scene>
<Scene>
<INIT seed="3,0,0,3,3,41" ten="214,379,180,227" oya="3" hai0="45,48,90,52,51,119,21,118,128,17,19,3,116" hai1="53,23,80,132,2,9,25,121,44,65,35,70,106" hai2="79,42,26,31,63,54,11,112,100,1,94,82,108" hai3="95,33,22,114,97,15,59,55,73,105,58,117,125"/><W68/><G33/><T4/><D128/><U96/><E121/><V87/><F112/><W62/><G68/><T56/><D4/><U30/><E132/><V16/><F108/><W122/><G105/><T66/><D3/><U27/><E80/><V34/><F42/><W6/><G73/><T86/><D66/><U102/><E2/><V126/><F126/><W37/><G37/><T38/><D38/><U98/><E98/><V14/><F1/><W49/><G117/><T83/><REACH who="0" step="1"/><D21/><REACH who="0" ten="204,379,180,227" step="2"/><U109/><E65/><V88/><F100/><N who="3" m="60479" /><G122/><T93/><D93/><U77/><E102/><V130/><F130/><W133/><G133/><T8/><D8/><U0/><E9/><V50/><F63/><W124/><G114/><T71/><D71/><U75/><E70/><V69/><F69/><W92/><G92/><T123/><D123/><U85/><E0/><V101/><F101/><W40/><G124/><T110/><D110/><U113/><E109/><V81/><REACH who="2" step="1"/><F79/><REACH who="2" ten="204,379,170,227" step="2"/><W7/><G125/><T5/><D5/><U67/><E77/><V131/><F131/><W78/><G78/><T64/><D64/><U10/><E67/><V111/><F111/><W39/><G7/><T84/><D84/><U89/><E85/><V120/><F120/><W28/><G6/><T134/><D134/><U91/><E113/><V60/><F60/><W36/><G62/><T47/><D47/><AGARI ba="0,2" hai="11,14,16,26,31,34,47,50,54,81,82,87,88,94" machi="47" ten="30,8000,1" yaku="1,1,7,1,52,1,54,2,53,0" doraHai="41" doraHaiUra="107" who="2" fromWho="0" sc="204,-80,379,0,170,100,227,0" />
</Scene>
<Scene>
<INIT seed="4,0,0,2,1,92" ten="124,379,270,227" oya="0" hai0="123,81,39,114,75,74,82,116,98,69,119,56,80" hai1="124,104,126,68,0,58,112,5,73,34,25,132,49" hai2="88,62,29,50,117,102,54,131,71,95,51,99,59" hai3="14,83,105,86,100,47,127,15,63,118,4,2,46"/><T22/><D69/><U67/><E73/><V91/><F131/><W78/><G118/><T90/><D39/><U133/><E68/><V85/><F117/><N who="0" m="45130" /><D22/><U8/><E104/><V121/><F121/><W65/><G127/><N who="1" m="48682" /><E112/><V60/><F29/><W9/><G2/><T45/><D45/><U87/><E87/><V130/><F130/><W125/><G125/><T76/><D56/><U53/><E67/><V111/><F111/><W106/><G15/><T122/><D114/><U23/><E34/><V57/><F71/><W89/><G105/><T37/><D37/><U38/><E38/><V128/><F91/><W84/><G100/><T26/><D26/><U27/><E27/><V113/><F128/><W42/><G106/><T94/><D75/><U6/><E6/><V21/><F21/><W11/><G11/><T66/><D66/><U32/><E32/><V3/><F3/><W48/><G47/><T61/><D61/><U43/><E43/><V7/><F7/><W13/><G13/><T30/><D30/><AGARI ba="0,0" hai="0,5,8,23,25,30,49,53,58,132,133" m="48682" machi="30" ten="30,1000,0" yaku="18,1" doraHai="92" who="1" fromWho="0" sc="124,-10,379,10,270,0,227,0" />
</Scene>
<Scene>
<INIT seed="5,0,0,2,4,129" ten="114,389,270,227" oya="1" hai0="88,52,69,4,53,41,22,64,2,81,47,12,56" hai1="29,87,21,97,17,130,59,42,60,48,73,134,40" hai2="31,124,127,117,98,112,66,28,62,27,102,71,100" hai3="119,39,120,34,90,132,93,26,74,84,79,106,54"/><U103/><E73/><V94/><F117/><W111/><G39/><T123/><D123/><U121/><E121/><V99/><F112/><W7/><G120/><T58/><D2/><U118/><E118/><V125/><REACH who="2" step="1"/><F27/><REACH who="2" ten="114,389,260,227" step="2"/><W82/><G119/><T49/><D69/><U115/><E115/><V95/><AGARI ba="0,1" hai="28,31,62,66,71,94,95,98,99,100,102,124,125,127" machi="95" ten="30,8000,1" yaku="1,1,2,1,0,1,9,1,18,1,53,0" doraHai="129" doraHaiUra="122" who="2" fromWho="2" sc="114,-20,389,-40,260,90,227,-20" />
</Scene>
<Scene>
<INIT seed="6,0,0,4,3,19" ten="94,349,350,207" oya="2" hai0="127,54,35,53,50,124,57,8,98,60,123,2,10" hai1="41,85,108,91,52,115,67,58,102,46,84,28,40" hai2="13,47,62,129,56,135,11,25,34,61,68,17,120" hai3="74,110,78,20,22,132,134,133,24,71,26,82,97"/><V75/><F120/><W45/><G110/><T92/><D123/><U111/><E115/><V63/><F75/><W131/><G131/><T94/><D35/><U100/><E67/><V36/><F129/><W93/><G71/><T130/><D130/><U112/><E112/><V73/><F73/><W79/><G79/><T126/><D2/><U18/><E28/><V12/><F68/><W86/><G74/><T21/><D94/><U64/><E64/><V118/><F118/><W23/><G45/><T32/><D32/><U105/><E18/><V128/><F128/><W69/><G69/><T42/><D42/><U1/><E1/><V81/><F81/><W29/><G29/><T70/><D70/><U66/><E66/><V7/><F135/><W113/><G113/><T80/><D80/><U87/><E91/><AGARI ba="0,0" hai="20,22,23,24,26,78,82,86,91,93,97,132,133,134" machi="91" ten="50,8000,1" yaku="20,1,52,3" doraHai="19" who="3" fromWho="1" sc="94,0,349,-80,350,0,207,80" />
</Scene>
<Scene>
<INIT seed="7,0,0,2,1,119" ten="94,269,350,287" oya="3" hai0="31,89,10,79,66,63,90,37,78,130,114,57,83" hai1="54,35,52,0,21,11,50,41,73,70,97,133,60" hai2="49,74,80,45,27,51,22,47,42,30,55,17,122" hai3="67,48,69,2,87,131,3,25,29,135,95,128,108"/><W72/><G72/><T34/><D37/><U36/><E35/><V28/><REACH who="2" step="1"/><F122/><REACH who="2" ten="94,269,340,287" step="2"/><W126/><G135/><T112/><D34/><U134/><E134/><V92/><F92/><W13/><G126/><T115/><D31/><U4/><E133/><V53/><F53/><W118/><G118/><T103/><D130/><N who="3" m="49705" /><G108/><T81/><D103/><U76/><E54/><V116/><F116/><W40/><G13/><T65/><D10/><U15/><E15/><V123/><F123/><W24/><G67/><T5/><D5/><U111/><E111/><V117/><F117/><W39/><G39/><T6/><D6/><U68/><E36/><V99/><F99/><W88/><G69/><T91/><D57/><U38/><E97/><V84/><F84/><W46/><G25/><T107/><D107/><U85/><E85/><V120/><F120/><W96/><G96/><T16/><D16/><U62/><E68/><V56/><F56/><W132/><G132/><T14/><D14/><U33/><E70/><V82/><F82/><W18/><G18/><T86/><D86/><U94/><E94/><V61/><F61/><W7/><G7/><T59/><D59/><N who="1" m="33175" /><E33/><AGARI ba="0,1" hai="2,3,24,29,33,40,46,48,87,88,95" m="49705" machi="33" ten="30,2900,0" yaku="19,1,54,1" doraHai="119" who="3" fromWho="1" sc="94,0,269,-29,340,0,287,39" />
</Scene>
<Scene>
<INIT seed="7,1,0,3,5,42" ten="94,240,340,326" oya="3" hai0="16,7,96,91,117,98,101,49,12,135,63,5,108" hai1="60,105,52,9,80,107,126,119,2,93,130,61,54" hai2="131,21,33,72,1,50,75,116,59,84,20,64,15" hai3="24,112,37,39,58,88,129,125,10,95,69,121,132"/><W92/><G69/><T134/><D108/><U57/><E119/><V43/><F1/><W111/><G121/><T123/><D117/><U55/><E126/><V3/><F3/><W103/><G111/><T89/><D123/><U100/><E130/><V53/><F33/><W27/><G129/><T29/><D29/><U35/><E35/><V36/><F116/><W46/><G125/><T110/><D110/><U114/><E114/><V31/><F131/><W109/><G109/><T128/><D128/><U0/><E80/><V68/><F84/><N who="3" m="52231" /><G39/><T74/><D74/><N who="2" m="28202" /><F15/><W78/><G37/><T71/><D71/><U62/><E57/><V99/><F99/><N who="3" m="59903" /><G112/><T66/><D66/><U40/><E40/><V65/><F31/><W4/><G132/><T6/><D101/><U51/><E51/><V56/><F56/><W86/><G58/><T34/><D34/><U85/><E0/><V67/><F67/><W122/><G122/><T45/><D63/><U22/><E22/><V28/><F28/><W118/><G118/><T30/><D30/><U13/><E2/><V115/><F115/><W120/><G46/><T94/><D134/><U79/><E79/><V87/><F64/><W38/><G38/><T44/><D135/><U82/><E82/><V19/><F87/><W81/><G120/><T76/><D76/><U14/><E85/><V73/><N who="2" m="28210" /><V18/><DORA hai="102" /><F68/><W47/><G47/><N who="0" m="17995" /><D49/><U77/><E77/><V32/><F65/><W26/><G10/><N who="0" m="6167" /><D7/><AGARI ba="1,0" hai="4,7,24,26,27,78,81,86" m="59903,52231" machi="7" ten="30,2900,0" yaku="8,1,54,1" doraHai="42,102" who="3" fromWho="0" sc="94,-32,240,0,340,0,326,32" owari="62,-44.0,240,-16.0,340,14.0,358,46.0" />
</Scene>
</mjloggm>