<mjloggm ver="2.3"><GO type="169" lobby="0"/><UN n0="%E2%98%85%E9%9B%80%E9%AC%BC%E7%99%BE%E7%80%AC%E2%98%85" n1="%E5%A4%AA%E3%81%8F%E3%81%AA%E3%81%84%E3%81%8A" n2="%E3%81%8A%E3%83%BC%E3%81%84%E3%81%8A%E8%8C%B6" n3="%47%2D%6E%65%74" dan="18,17,16,16" rate="2180.46,2202.29,2089.20,2019.73" sx="M,M,M,M"/><TAIKYOKU oya="0"/>

<Scene>
<INIT seed="0,0,0,3,1,29" ten="250,250,250,250" oya="0" hai0="115,36,28,125,24,3,45,131,84,60,64,98,72" hai1="132,13,70,19,61,105,94,7,66,82,67,1,15" hai2="95,38,21,59,62,99,39,135,65,54,33,63,104" hai3="91,133,83,101,112,134,16,100,58,52,56,23,102"/><T50/><D72/><U44/><E105/><V11/><F135/><N who="3" m="51723" /><G112/><T25/><D115/><U88/><E132/><V8/><F33/><W103/><N who="3" m="25600" /><DORA hai="32" /><W108/><G108/><T77/><D98/><U0/><E82/><V123/><F104/><W127/><G127/><T51/><D125/><U86/><E66/><V49/><F123/><W12/><G52/><T106/><D106/><U69/><E69/><V76/><F76/><W42/><G42/><T111/><D111/><U93/><E93/><V2/><F95/><W116/><G116/><T14/><D25/><U107/><E107/><V96/><F39/><W31/><G31/><T53/><D36/><U26/><E44/><V75/><F38/><W81/><G81/><T122/><D122/><U27/><E13/><V46/><F2/><W9/><G9/><T71/><D14/><U37/><E37/><V87/><F11/><W80/><G80/><T128/><D3/><U74/><E0/><V78/><F8/><W10/><G10/><T18/><D50/><U17/><E1/><V114/><F114/><W119/><G119/><T110/><D110/><U35/><E67/><V30/><F65/><W117/><G117/><T22/><D28/><U85/><E94/><V97/><F46/><W109/><G109/><T73/><D73/><U68/><E19/><V40/><F75/><W57/><G57/><T130/><D130/><U79/><E79/><V4/><F78/><W121/><G121/><T120/><D120/><U89/><E17/><V129/><F129/><N who="0" m="49738" /><D77/><U34/><E74/><V55/><F49/><W126/><G126/><RYUUKYOKU ba="0,0" sc="250,15,250,-15,250,-15,250,15" hai0="18,22,24,45,51,53,60,64,71,84" hai3="12,16,23,56,58,83,91" />
</Scene>
<Scene>
<INIT seed="0,1,0,1,3,133" ten="265,235,235,265" oya="0" hai0="98,88,125,106,111,34,135,78,62,46,10,91,26" hai1="19,39,44,107,4,112,54,126,13,40,92,67,45" hai2="100,3,36,32,20,128,70,117,25,9,53,127,93" hai3="124,120,17,89,94,49,1,118,14,123,108,132,66"/><T8/><D78/><U82/><E107/><V104/><F104/><W41/><G132/><T33/><D135/><U50/><E112/><V110/><F110/><W121/><G108/><T59/><D106/><U15/><E67/><V60/><F117/><W27/><G118/><T38/><D111/><U23/><E82/><V122/><F122/><W7/><G66/><T119/><D119/><U56/><E92/><V96/><F128/><W105/><G105/><T76/><D76/><U113/><E113/><V95/><F32/><W64/><G64/><T43/><D34/><U72/><E72/><V71/><F36/><W87/><G27/><T130/><D130/><U114/><E114/><V2/><F93/><W30/><G30/><T90/><D98/><U57/><REACH who="1" step="1"/><E126/><REACH who="1" ten="265,225,235,265" step="2"/><V47/><F127/><W35/><G124/><T12/><D125/><U5/><E5/><V81/><F81/><W16/><G7/><T68/><D68/><U79/><E79/><V65/><F70/><W55/><G94/><T85/><D85/><U77/><E77/><V18/><F71/><W29/><G87/><T97/><D97/><U61/><E61/><V101/><F65/><W84/><G84/><T31/><REACH who="0" step="1"/><D12/><REACH who="0" ten="255,225,235,265" step="2"/><U51/><E51/><N who="2" m="28927" /><F96/><W115/><G14/><T134/><D134/><U63/><E63/><V83/><F60/><W28/><G115/><T102/><D102/><U42/><E42/><V6/><F101/><W58/><G41/><T131/><D131/><U21/><E21/><V73/><F100/><W22/><G22/><T69/><D69/><U37/><E37/><V116/><F73/><RYUUKYOKU ba="1,2" sc="255,15,225,15,235,-15,265,-15" hai0="8,10,26,31,33,38,43,46,59,62,88,90,91" hai1="4,13,15,19,23,39,40,44,45,50,54,56,57" />
</Scene>
<Scene>
<INIT seed="0,2,2,1,2,60" ten="270,240,220,250" oya="0" hai0="45,72,9,115,42,37,94,38,128,39,75,76,59" hai1="126,68,16,23,31,43,78,33,29,132,46,35,92" hai2="49,48,105,21,117,108,124,63,11,106,41,18,57" hai3="95,80,91,74,67,125,36,86,28,107,122,77,97"/><T121/><D115/><U20/><E68/><V3/><F108/><W73/><G36/><T98/><D121/><U34/><E126/><V26/><F124/><W102/><G28/><T15/><D128/><U109/><E109/><V5/><F117/><W30/><G30/><T87/><D87/><U120/><E120/><V99/><F41/><W70/><G125/><T96/><D96/><U113/><E113/><V85/><F85/><W81/><G122/><T19/><D59/><U7/><E132/><V129/><F129/><W52/><G52/><T103/><REACH who="0" step="1"/><D76/><REACH who="0" ten="260,240,220,250" step="2"/><U0/><E78/><V82/><F82/><W123/><G123/><T131/><D131/><U116/><E116/><V90/><F105/><W89/><G74/><AGARI ba="2,3" hai="9,15,19,37,38,39,42,45,72,74,75,94,98,103" machi="74" ten="40,2000,0" yaku="1,1,53,0" doraHai="60" doraHaiUra="110" who="0" fromWho="3" sc="260,56,240,0,220,0,250,-26" />
</Scene>
<Scene>
<INIT seed="0,3,0,4,2,85" ten="316,240,220,224" oya="0" hai0="55,42,57,97,113,99,38,36,64,124,18,32,28" hai1="6,10,56,58,73,19,109,93,40,51,123,33,86" hai2="29,76,75,117,132,43,15,17,96,106,46,69,39" hai3="41,34,103,9,116,21,128,91,105,84,25,83,126"/><T104/><D113/><U71/><E73/><V1/><F132/><W35/><G116/><T11/><D32/><U133/><E71/><V110/><F117/><W2/><G126/><T62/><D28/><U111/><E123/><V26/><F69/><W112/><G112/><T63/><D124/><U65/><E33/><V107/><F110/><N who="1" m="41993" /><E133/><V27/><F1/><W114/><G114/><T3/><D104/><U53/><E40/><V72/><F96/><W122/><G128/><T30/><D30/><U90/><E19/><V127/><F127/><W31/><G122/><T92/><D42/><U24/><E24/><V70/><F70/><W45/><G103/><T5/><D18/><U81/><E65/><V98/><F98/><W60/><G105/><T23/><D99/><N who="1" m="57783" /><E51/><V79/><F27/><W0/><G60/><T108/><D108/><U118/><E53/><V49/><F49/><W52/><G52/><T48/><D62/><U102/><E102/><V74/><F106/><W67/><G67/><T12/><D64/><U66/><E66/><V59/><F107/><W4/><REACH who="3" step="1"/><G2/><REACH who="3" ten="316,240,220,214" step="2"/><T14/><D63/><U8/><E118/><V47/><F47/><W119/><G119/><T134/><D134/><U95/><E58/><V88/><F59/><W54/><G54/><T135/><D135/><U121/><E56/><V68/><F68/><W50/><AGARI ba="3,1" hai="0,4,9,21,25,31,34,35,41,45,50,83,84,91" machi="50" ten="20,8000,1" yaku="1,1,0,1,7,1,52,1,53,1" doraHai="85" doraHaiUra="16" who="3" fromWho="3" sc="316,-43,240,-23,220,-23,214,99" />
</Scene>
<Scene>
<INIT seed="1,0,0,5,0,11" ten="273,217,197,313" oya="1" hai0="48,49,44,121,30,92,130,27,127,94,81,125,83" hai1="120,36,61,114,17,63,102,13,133,108,62,98,95" hai2="135,118,85,134,116,80,104,20,128,14,111,76,35" hai3="57,46,5,28,60,31,29,37,89,22,86,67,96"/><U77/><E114/><V113/><F35/><W38/><G5/><T33/><D130/><U99/><E120/><V93/><F128/><W131/><G131/><T10/><D121/><U112/><E112/><V71/><F71/><W123/><G123/><T97/><D48/><U100/><E133/><N who="2" m="50699" /><F113/><W66/><G96/><T105/><D105/><U50/><E36/><V132/><F104/><W25/><G67/><T82/><D10/><U90/><E108/><V53/><N who="2" m="50707" /><V69/><DORA hai="16" /><F69/><W32/><G46/><T56/><D56/><U68/><E68/><V70/><F70/><W59/><G59/><T88/><REACH who="0" step="1"/><D94/><REACH who="0" ten="263,217,197,313" step="2"/><N who="1" m="56663" /><E50/><V122/><F122/><W65/><G37/><T26/><D26/><U45/><E45/><V124/><F111/><W117/><G38/><T75/><D75/><U106/><E106/><V15/><F93/><W109/><G109/><T47/><D47/><U41/><E41/><AGARI ba="0,1" hai="27,30,33,41,44,49,81,82,83,88,92,97,125,127" machi="41" ten="40,2600,0" yaku="1,1,54,1,53,0" doraHai="11,16" doraHaiUra="103,101" who="0" fromWho="1" sc="263,36,217,-26,197,0,313,0" />
</Scene>
<Scene>
<INIT seed="2,0,0,0,5,33" ten="299,191,197,313" oya="2" hai0="9,37,2,85,76,108,44,12,58,69,61,15,96" hai1="8,123,0,93,118,56,114,14,99,80,89,121,107" hai2="133,74,66,95,79,39,67,129,22,5,34,41,82" hai3="131,97,52,26,115,20,84,21,130,64,112,38,81"/><V25/><F129/><N who="3" m="49163" /><G64/><T62/><D69/><U18/><E114/><V78/><F133/><W3/><G3/><T59/><D108/><U10/><E118/><V113/><F113/><N who="3" m="43595" /><G97/><T128/><D128/><U57/><E107/><V87/><F34/><W70/><G70/><T105/><D105/><U122/><REACH who="1" step="1"/><E80/><REACH who="1" ten="299,181,197,313" step="2"/><V55/><F82/><W36/><G81/><T71/><D71/><U116/><E116/><V134/><F134/><W60/><G84/><T17/><D85/><U109/><E109/><V92/><F87/><W73/><G73/><T124/><D96/><U45/><E45/><V106/><F74/><W132/><G132/><T13/><D44/><U111/><E111/><V46/><F106/><W77/><G77/><T91/><D76/><U86/><E86/><V35/><F79/><W75/><G75/><T101/><D58/><U11/><E11/><V90/><F78/><W43/><G20/><T88/><D59/><U125/><E125/><V30/><F22/><W102/><G21/><T120/><D124/><U47/><E47/><V63/><F46/><W32/><G32/><T40/><D9/><U28/><E28/><V19/><F30/><W51/><G36/><T98/><D37/><U4/><AGARI ba="0,1" hai="0,4,8,10,14,18,56,57,89,93,99,121,122,123" machi="4" ten="40,12000,2" yaku="1,1,0,1,13,1,52,1,53,2" doraHai="33" doraHaiUra="6" who="1" fromWho="1" sc="299,-30,181,130,197,-60,313,-30" />
</Scene>
<Scene>
<INIT seed="3,0,0,1,4,50" ten="269,311,137,283" oya="3" hai0="60,127,18,123,112,29,0,11,39,69,108,30,80" hai1="105,107,84,117,128,119,109,33,83,118,96,113,133" hai2="110,61,2,7,35,23,38,56,120,72,37,135,40" hai3="24,91,93,126,73,41,25,45,115,64,78,22,20"/><W86/><G115/><T17/><D39/><U132/><E33/><V92/><F120/><W98/><G126/><T51/><D123/><U53/><E113/><V3/><F110/><W10/><G64/><T85/><D112/><U125/><E109/><V6/><F35/><W5/><G73/><T34/><D108/><U101/><E125/><V76/><F135/><N who="1" m="51785" /><E53/><V63/><F92/><W44/><G78/><T36/><D36/><U27/><E27/><V67/><F76/><W95/><G24/><T4/><D127/><U68/><E68/><V54/><F72/><W52/><G41/><T47/><D60/><U43/><E43/><V102/><F40/><W87/><G52/><T97/><D69/><U62/><E62/><V99/><F37/><W21/><G25/><T15/><D34/><U49/><E49/><V75/><F38/><W74/><G74/><T81/><D97/><U116/><N who="1" m="29696" /><DORA hai="77" /><U14/><E14/><V71/><F75/><W104/><G98/><T13/><D13/><U70/><E70/><V129/><F63/><W130/><G21/><T94/><D0/><U111/><E111/><V58/><F2/><W66/><G66/><T1/><D1/><U106/><E128/><V134/><F129/><W122/><G130/><T59/><D59/><U26/><E26/><V124/><F134/><W31/><G31/><N who="0" m="11787" /><D51/><U79/><AGARI ba="0,0" hai="79,83,84,96,101,105,106,107" m="29696,51785" machi="79" ten="60,8000,1" yaku="20,1,12,1,34,2,52,1" doraHai="50,77" who="1" fromWho="1" sc="269,-20,311,80,137,-20,283,-40" />
</Scene>
<Scene>
<INIT seed="4,0,0,0,5,55" ten="249,391,117,243" oya="0" hai0="99,7,93,74,38,96,4,40,63,116,88,113,110" hai1="12,89,52,21,109,25,95,79,1,104,41,83,135" hai2="121,5,115,107,128,19,43,133,39,60,32,58,30" hai3="122,67,97,46,51,57,37,8,18,11,26,126,87"/><T49/><D116/><U61/><E1/><V85/><F121/><W73/><G122/><T36/><D74/><U6/><E104/><V98/><F115/><W29/><G126/><T105/><D113/><U112/><E112/><V119/><F119/><W70/><G73/><T15/><D110/><U10/><E109/><V124/><F128/><W33/><G37/><T131/><D131/><U66/><E135/><V48/><F124/><W117/><G70/><T47/><D63/><U9/><E41/><V94/><F5/><W68/><G117/><T16/><D36/><U27/><E10/><V127/><F127/><W80/><G97/><T24/><D24/><U114/><E114/><V129/><F39/><W134/><G68/><T92/><D105/><U132/><E132/><V20/><F133/><W28/><G28/><T69/><D69/><U23/><E66/><V54/><F129/><W59/><G134/><T77/><D77/><U64/><E64/><V42/><F107/><W2/><G67/><T44/><D44/><U62/><E27/><N who="2" m="16743" /><F32/><W103/><G103/><N who="0" m="60807" /><D38/><U76/><E61/><V72/><F72/><W22/><G8/><AGARI ba="0,0" hai="4,7,8,15,16,40,47,49,88,93,99" m="60807" machi="8" ten="30,5800,0" yaku="8,1,54,2" doraHai="55" who="0" fromWho="3" sc="249,58,391,0,117,0,243,-58" />
</Scene>
<Scene>
<INIT seed="4,1,0,3,2,96" ten="307,391,117,185" oya="0" hai0="69,43,100,62,48,54,80,89,131,33,132,97,123" hai1="23,82,39,93,18,61,16,125,45,94,13,5,0" hai2="9,119,57,51,112,109,87,111,91,17,32,58,65" hai3="127,106,63,129,120,52,4,84,66,130,83,30,3"/><T36/><D33/><U105/><E105/><V98/><F32/><W86/><G106/><T76/><D123/><U115/><E125/><V121/><F121/><W64/><G127/><T128/><D89/><U104/><E104/><V47/><F112/><W12/><G120/><T118/><D118/><U8/><E115/><V22/><F119/><W35/><G3/><T124/><D124/><U31/><E31/><V11/><F98/><W126/><G126/><T92/><D132/><U19/><E61/><V116/><F116/><W114/><G114/><T67/><D43/><U77/><E94/><V37/><F37/><W72/><G30/><T7/><D7/><U88/><E45/><V113/><F113/><W24/><G24/><T2/><D2/><U59/><E59/><V55/><F111/><W42/><G42/><T6/><D6/><U41/><E41/><V74/><F74/><W71/><G35/><T75/><REACH who="0" step="1"/><D36/><REACH who="0" ten="297,391,117,185" step="2"/><U101/><E39/><V26/><F109/><W135/><G4/><T38/><D38/><U29/><E0/><V107/><F107/><W99/><G130/><T122/><D122/><U25/><E88/><V20/><F91/><W15/><G129/><T1/><D1/><U28/><E93/><V10/><F65/><W103/><G64/><T102/><D102/><U90/><E90/><V21/><F87/><W85/><G72/><T95/><D95/><U78/><E101/><V110/><F110/><W14/><G135/><T34/><D34/><U73/><E78/><V49/><F49/><W50/><G103/><T44/><AGARI ba="1,1" hai="44,48,54,62,67,69,75,76,80,92,97,100,128,131" machi="44" ten="30,6000,0" yaku="1,1,0,1,52,1,53,0" doraHai="96" doraHaiUra="134" who="0" fromWho="0" sc="297,73,391,-21,117,-21,185,-21" />
</Scene>
<Scene>
<INIT seed="4,2,0,1,5,78" ten="370,370,96,164" oya="0" hai0="0,58,70,38,63,57,53,94,134,25,36,54,100" hai1="102,42,71,126,90,51,86,32,4,115,40,10,59" hai2="84,127,133,37,106,46,11,113,13,74,132,15,76" hai3="69,50,19,68,18,5,17,72,125,12,82,52,29"/><T16/><D0/><U122/><E71/><V6/><F113/><W110/><G110/><T123/><D123/><U87/><E122/><V91/><F127/><W14/><G125/><T48/><D70/><U96/><E32/><V116/><F106/><W99/><G29/><T128/><D128/><U73/><E73/><V80/><F116/><W101/><G5/><T75/><D75/><U103/><E126/><V3/><F84/><W97/><G72/><T112/><D112/><U9/><E115/><V31/><F31/><W30/><G30/><T65/><D134/><N who="2" m="51818" /><F91/><W121/><G121/><T83/><D83/><N who="1" m="49503" /><E87/><V41/><AGARI ba="2,0" hai="3,6,11,13,15,37,41,46,74,76,80" m="51818" machi="41" ten="30,4000,0" yaku="25,1,20,1,52,1" doraHai="78" who="2" fromWho="2" sc="370,-22,370,-12,96,46,164,-12" />
</Scene>
<Scene>
<INIT seed="5,0,0,4,2,127" ten="348,358,142,152" oya="1" hai0="7,110,32,56,50,134,57,22,71,109,123,80,112" hai1="49,111,23,102,121,119,133,76,129,91,39,126,2" hai2="116,122,20,48,87,41,3,108,14,42,37,60,6" hai3="124,94,51,115,64,75,78,8,31,95,74,82,26"/><U5/><E119/><V77/><F116/><W47/><G124/><T67/><D32/><U44/><E121/><V99/><F122/><W25/><G115/><T4/><D123/><U36/><E126/><V0/><F108/><W10/><G64/><T118/><D118/><U18/><E102/><V81/><F37/><W40/><G75/><T66/><D112/><U101/><E101/><V15/><F99/><W70/><G70/><T16/><D71/><U61/><E76/><V52/><F60/><W72/><G72/><T88/><D134/><U54/><E133/><V79/><F79/><W43/><G43/><T11/><D110/><U117/><E117/><V1/><F20/><W106/><G106/><T21/><D21/><U107/><E107/><V105/><F105/><W17/><G26/><N who="0" m="14663" /><D109/><U65/><E111/><V27/><F27/><W93/><REACH who="3" step="1"/><G17/><REACH who="3" ten="348,358,142,142" step="2"/><T38/><D67/><U30/><E18/><V85/><F42/><W68/><G68/><T132/><D66/><U86/><E65/><V62/><F41/><W29/><G29/><T92/><D132/><U135/><E30/><V35/><F35/><AGARI ba="0,1" hai="8,10,25,31,35,40,47,51,74,78,82,93,94,95" machi="35" ten="40,1300,0" yaku="1,1,53,0" doraHai="127" doraHaiUra="84" who="3" fromWho="2" sc="348,0,358,0,142,-13,142,23" />
</Scene>
<Scene>
<INIT seed="6,0,0,3,1,72" ten="348,358,129,165" oya="2" hai0="111,2,70,41,19,95,43,16,32,58,87,73,85" hai1="8,77,110,65,28,125,56,26,7,35,25,79,86" hai2="92,3,67,94,49,123,23,100,71,44,103,6,45" hai3="54,4,74,120,102,80,31,121,129,135,15,75,12"/><V34/><F123/><W76/><G129/><T83/><D70/><U64/><E110/><V42/><F34/><W47/><G135/><T59/><D32/><U10/><E125/><V60/><F6/><W22/><G75/><T38/><D2/><U116/><E116/><V127/><F3/><W98/><G15/><T61/><D73/><U113/><E113/><V24/><F127/><W84/><G74/><T20/><D111/><U122/><E122/><V114/><F114/><W117/><G117/><T97/><D38/><U104/><E104/><V131/><F131/><W17/><G4/><T107/><D107/><U105/><E105/><V18/><REACH who="2" step="1"/><F45/><REACH who="2" ten="348,358,119,165" step="2"/><W50/><REACH who="3" step="1"/><G31/><REACH who="3" ten="348,358,119,155" step="2"/><T5/><D5/><U124/><E124/><V91/><F91/><W13/><G13/><T9/><D19/><U101/><E7/><V14/><F14/><W36/><G36/><T82/><D16/><U81/><E28/><V134/><F134/><W133/><G133/><T126/><D126/><U99/><E101/><AGARI ba="0,2" hai="18,23,24,42,44,49,60,67,71,92,94,100,101,103" machi="101" ten="40,2000,0" yaku="1,1,53,0" doraHai="72" doraHaiUra="68" who="2" fromWho="1" sc="348,0,358,-20,119,40,155,0" />
</Scene>
<Scene>
<INIT seed="6,1,0,4,1,94" ten="348,338,159,155" oya="2" hai0="130,83,22,56,74,55,53,122,112,71,47,131,80" hai1="6,87,23,68,75,129,132,70,78,128,44,11,101" hai2="21,33,69,95,105,31,88,58,15,109,115,127,39" hai3="57,60,84,16,3,8,52,134,85,12,42,40,30"/><V61/><F115/><W36/><G3/><T93/><D122/><U20/><E75/><V82/><F69/><N who="1" m="26729" /><E132/><V120/><F120/><W113/><G134/><T119/><D71/><U18/><E101/><V19/><F127/><W96/><G113/><T92/><D112/><U114/><E114/><V125/><F125/><W117/><G117/><T81/><D74/><U123/><E123/><V77/><F39/><W46/><G30/><T79/><D79/><U51/><E18/><V111/><F105/><W90/><REACH who="3" step="1"/><G40/><REACH who="3" ten="348,338,159,145" step="2"/><T24/><D119/><U104/><E128/><V107/><F31/><W43/><G43/><T26/><D131/><U10/><E129/><V67/><F33/><W121/><G121/><T100/><D130/><U34/><E34/><V35/><F35/><W76/><G76/><T97/><D92/><AGARI ba="1,1" hai="8,12,16,36,42,46,52,57,60,84,85,90,92,96" machi="92" ten="40,8000,1" yaku="1,1,52,1,54,2,53,0" doraHai="94" doraHaiUra="98" who="3" fromWho="0" sc="348,-83,338,0,159,0,145,93" />
</Scene>
<Scene>
<INIT seed="7,0,0,5,5,34" ten="265,338,159,238" oya="3" hai0="104,111,118,134,55,76,37,135,116,97,6,101,27" hai1="51,23,53,44,81,88,48,33,103,91,93,125,105" hai2="109,56,87,30,36,94,1,64,39,72,106,96,63" hai3="28,75,128,46,54,4,110,7,60,119,83,31,62"/><W82/><G119/><T73/><D37/><U50/><E33/><V14/><F109/><W18/><G128/><T115/><D111/><U123/><E123/><V20/><F72/><W129/><G129/><T26/><D6/><U29/><E105/><V45/><F45/><W43/><G110/><T21/><D115/><U133/><E125/><V13/><F106/><W127/><G75/><T126/><D126/><U24/><E133/><N who="0" m="50697" /><D27/><U95/><E103/><V32/><F32/><W19/><G127/><T117/><D55/><N who="1" m="30087" /><E81/><V15/><F87/><W58/><G54/><T8/><D8/><U107/><E107/><V122/><F122/><W38/><G38/><T65/><D65/><U40/><E40/><V47/><F47/><W131/><G131/><T66/><D66/><U84/><E53/><V80/><F80/><W12/><G58/><T17/><D73/><U114/><E114/><V42/><F42/><W57/><G57/><T5/><D5/><U68/><E68/><V35/><F35/><W11/><G46/><T90/><D76/><U98/><AGARI ba="0,0" hai="23,24,29,50,51,84,88,91,93,95,98" m="30087" machi="98" ten="30,2000,0" yaku="8,1,54,1" doraHai="34" who="1" fromWho="1" sc="265,-5,338,20,159,-5,238,-10" owari="260,6.0,358,46.0,154,-35.0,228,-17.0" />
</Scene>
</mjloggm>