<mjloggm ver="2.3"><GO type="169" lobby="0"/><UN n0="%E6%9D%89%E6%B5%A6%E4%BC%8A%E6%BE%84" n1="%6A%75%6D%70%2D%75%70" n2="%E5%A4%AA%E3%81%8F%E3%81%AA%E3%81%84%E3%81%8A" n3="%E9%BA%BB%E7%94%9F%E9%9B%80%E5%AD%90" dan="17,16,17,16" rate="2216.10,2040.60,2166.33,2043.70" sx="M,M,M,F"/><TAIKYOKU oya="0"/>

<Scene>
<INIT seed="0,0,0,5,0,107" ten="250,250,250,250" oya="0" hai0="69,91,71,120,24,128,46,90,38,101,98,117,63" hai1="8,87,45,23,29,130,82,20,32,34,1,58,55" hai2="121,118,79,42,62,74,35,93,47,14,36,88,86" hai3="124,94,75,109,41,50,127,112,6,13,15,56,131"/><T104/><D120/><U48/><E130/><V80/><F121/><W51/><G112/><T96/><D117/><U21/><E29/><V44/><F118/><W49/><G109/><T70/><D128/><U25/><E34/><V135/><F135/><W108/><G131/><T89/><D63/><U77/><E32/><V0/><F35/><W99/><G108/><T11/><D24/><U122/><E122/><V106/><F0/><W85/><G41/><T22/><D22/><U3/><E8/><V5/><F106/><W33/><G33/><T40/><REACH who="0" step="1"/><D11/><REACH who="0" ten="240,250,250,250" step="2"/><U37/><E25/><V123/><F123/><W43/><G49/><T28/><D28/><U119/><E119/><V67/><F36/><W95/><G51/><T126/><D126/><U76/><E3/><V61/><F62/><W16/><G124/><T111/><D111/><U60/><E1/><V116/><F116/><W103/><G127/><T54/><D54/><U2/><E2/><V105/><F42/><W100/><G43/><T9/><D9/><U4/><E4/><V12/><F5/><W31/><G31/><T78/><D78/><N who="1" m="46551" /><E37/><V30/><F30/><W52/><G6/><T39/><D39/><U97/><E97/><AGARI ba="0,1" hai="38,40,46,69,70,71,89,90,91,96,97,98,101,104" machi="97" ten="50,2400,0" yaku="1,1,53,0" doraHai="107" doraHaiUra="27" who="0" fromWho="1" sc="240,34,250,-24,250,0,250,0" />
</Scene>
<Scene>
<INIT seed="0,1,0,2,4,73" ten="274,226,250,250" oya="0" hai0="70,34,126,134,65,92,32,0,35,93,45,87,20" hai1="3,53,29,51,91,38,122,97,5,85,17,15,59" hai2="89,37,56,94,33,48,11,106,64,16,86,124,44" hai3="62,18,117,66,113,98,55,131,82,80,49,76,74"/><T63/><D0/><U75/><E75/><V60/><F124/><W118/><G113/><T30/><D126/><U125/><E125/><V43/><F106/><W27/><G98/><T71/><D134/><U79/><E38/><V72/><F72/><W61/><G131/><T111/><D111/><U105/><E29/><V102/><F33/><W84/><G27/><T10/><D10/><U19/><E3/><V110/><F110/><W103/><G103/><T99/><D71/><U90/><E105/><V95/><F37/><W50/><G18/><N who="1" m="6666" /><E97/><V52/><F102/><W133/><G133/><T28/><D20/><U78/><E91/><V40/><F95/><W58/><G50/><T4/><D4/><U116/><E122/><V108/><F108/><W68/><REACH who="3" step="1"/><G61/><REACH who="3" ten="274,226,250,240" step="2"/><T23/><D99/><U128/><E128/><V2/><REACH who="2" step="1"/><F2/><REACH who="2" ten="274,226,240,240" step="2"/><W120/><G120/><T123/><D123/><U107/><E107/><V121/><F121/><W69/><G69/><T129/><D70/><U67/><E116/><V104/><F104/><W31/><G31/><T25/><D30/><U81/><E67/><V100/><F100/><W7/><G7/><T127/><D127/><U8/><AGARI ba="1,2" hai="5,8,15,51,53,59,78,79,81,85,90" m="6666" machi="8" ten="30,4000,0" yaku="8,1,52,2" doraHai="73" who="1" fromWho="1" sc="274,-21,226,63,240,-11,240,-11" />
</Scene>
<Scene>
<INIT seed="1,0,0,5,3,80" ten="253,289,229,229" oya="1" hai0="46,43,28,45,70,32,18,2,81,55,115,133,95" hai1="13,72,20,41,83,40,122,116,38,52,100,10,94" hai2="16,62,89,71,85,129,34,120,58,14,96,15,48" hai3="79,111,76,60,86,135,5,73,118,61,57,49,92"/><U113/><E122/><V24/><F120/><W50/><G111/><T47/><D115/><U107/><E107/><V1/><F1/><W22/><G73/><T74/><D70/><U102/><E116/><V124/><F124/><W59/><G118/><T108/><D108/><U104/><E104/><V109/><F109/><W54/><G5/><T131/><D2/><U78/><E20/><N who="2" m="13319" /><F71/><W117/><G117/><T101/><D28/><U106/><E106/><V6/><F34/><W12/><G135/><T132/><D32/><U7/><E38/><V68/><F68/><W69/><G69/><T23/><D131/><U0/><E0/><V65/><F129/><W112/><G112/><T35/><D35/><U127/><E127/><V119/><F119/><W123/><G123/><T88/><D55/><U44/><E113/><V17/><F96/><W77/><G22/><T4/><D4/><U126/><E126/><V64/><F6/><W19/><G19/><T98/><D43/><U39/><E41/><V130/><F130/><W30/><G30/><T82/><D74/><U11/><E11/><N who="2" m="6367" /><F48/><W42/><G12/><N who="0" m="9671" /><D101/><U26/><E26/><V63/><F15/><W67/><G42/><T114/><D114/><U66/><E102/><V103/><F103/><W37/><G37/><T27/><D27/><U33/><E100/><V87/><F89/><AGARI ba="0,0" hai="49,50,54,57,59,60,61,67,76,77,79,86,89,92" machi="89" ten="40,2600,0" yaku="8,1,52,1" doraHai="80" who="3" fromWho="2" sc="253,0,289,0,229,-26,229,26" />
</Scene>
<Scene>
<INIT seed="2,0,0,0,1,121" ten="253,289,203,255" oya="2" hai0="31,1,27,101,89,3,29,32,45,66,57,98,83" hai1="19,117,24,26,113,128,81,95,4,30,106,116,54" hai2="17,87,132,79,2,124,50,130,39,72,108,102,97" hai3="58,71,109,62,103,51,69,82,64,38,133,120,123"/><V8/><F39/><W16/><G103/><T118/><D118/><U115/><E106/><V94/><F124/><W47/><G133/><T48/><D31/><U76/><E95/><V131/><F132/><W12/><G38/><T35/><D35/><U42/><E42/><V59/><F72/><W80/><G80/><T61/><D89/><U23/><E54/><N who="2" m="32215" /><F17/><W93/><G82/><T34/><D83/><U84/><E128/><N who="2" m="49195" /><F8/><W52/><G93/><T0/><D34/><U75/><E75/><V11/><F79/><W86/><G86/><T73/><D73/><U74/><E74/><V104/><F11/><W78/><G78/><T36/><D36/><U28/><E84/><V100/><F2/><W56/><G16/><T105/><D0/><U21/><E81/><V60/><F60/><W9/><G9/><T134/><D134/><U111/><E76/><V91/><F100/><W126/><G12/><T18/><D18/><U127/><E19/><V65/><F65/><W125/><G71/><T20/><D32/><U25/><E25/><V122/><F122/><N who="3" m="46635" /><G69/><T15/><D15/><U77/><E77/><V53/><F53/><AGARI ba="0,0" hai="1,3,20,27,29,45,48,53,57,61,66,98,101,105" machi="53" ten="30,1000,0" yaku="7,1" doraHai="121" who="0" fromWho="2" sc="253,10,289,0,203,-10,255,0" />
</Scene>
<Scene>
<INIT seed="3,0,0,4,5,91" ten="263,289,193,255" oya="3" hai0="11,12,100,128,106,36,33,104,62,77,55,111,42" hai1="122,112,41,93,99,127,44,83,4,74,47,5,129" hai2="53,92,60,123,135,59,124,72,126,25,34,26,23" hai3="88,130,15,68,38,101,97,17,121,35,116,109,2"/><W21/><G121/><T45/><D33/><U61/><E129/><V105/><F105/><W13/><G116/><T6/><D128/><U110/><E127/><N who="2" m="48683" /><F72/><W81/><G130/><T107/><D111/><U18/><E110/><V82/><F82/><W20/><G2/><T125/><D125/><U96/><E112/><V22/><F123/><W63/><G109/><T102/><D77/><U7/><E83/><V108/><F108/><W80/><G38/><T132/><D132/><U10/><E74/><V3/><F3/><W71/><G35/><T79/><D79/><U131/><E131/><V29/><F135/><W73/><G73/><T87/><D87/><U75/><E75/><V90/><F26/><W64/><G71/><T85/><D85/><AGARI ba="0,0" hai="22,23,25,29,34,53,59,60,85,90,92" m="48683" machi="85" ten="30,2000,0" yaku="18,1,52,1" doraHai="91" who="2" fromWho="0" sc="263,-20,289,0,193,20,255,0" />
</Scene>
<Scene>
<INIT seed="4,0,0,0,2,91" ten="243,289,213,255" oya="0" hai0="88,101,8,99,22,81,1,29,74,10,61,24,62" hai1="110,122,129,123,9,127,28,83,121,30,132,14,21" hai2="126,75,133,53,65,11,82,114,16,51,42,13,103" hai3="3,58,6,26,12,40,94,20,120,84,119,57,39"/><T35/><D35/><U5/><E110/><V109/><F109/><W106/><G3/><T60/><D1/><U4/><E83/><V54/><F114/><W34/><G34/><T116/><D116/><U23/><E127/><V128/><F126/><W49/><G106/><T64/><D64/><U72/><E72/><V124/><F124/><W130/><G39/><T107/><REACH who="0" step="1"/><D88/><REACH who="0" ten="233,289,213,255" step="2"/><U0/><E129/><V86/><F128/><W87/><G130/><T18/><D18/><U67/><E67/><V93/><F65/><W96/><G119/><T89/><D89/><U46/><E132/><V113/><F133/><W38/><G120/><T78/><AGARI ba="0,1" hai="8,10,22,24,29,60,61,62,74,78,81,99,101,107" machi="78" ten="30,3000,0" yaku="1,1,0,1,53,0" doraHai="91" doraHaiUra="70" who="0" fromWho="0" sc="233,40,289,-10,213,-10,255,-10" />
</Scene>
<Scene>
<INIT seed="4,1,0,4,5,111" ten="273,279,203,245" oya="0" hai0="121,3,12,96,119,74,120,14,36,45,69,93,124" hai1="57,75,43,16,68,49,105,61,100,13,133,41,134" hai2="17,5,38,78,47,31,15,102,72,19,126,28,112" hai3="76,51,90,10,11,71,135,46,7,108,97,33,106"/><T24/><D119/><U88/><E100/><V91/><F126/><W18/><G33/><T6/><D69/><U107/><E68/><V4/><F102/><W118/><G118/><T30/><D124/><U58/><E58/><V94/><F72/><W127/><G127/><T35/><D74/><U77/><E77/><V65/><F78/><W21/><G76/><T9/><D36/><U132/><E75/><V125/><F65/><W130/><G71/><T63/><D45/><N who="1" m="25775" /><E88/><V82/><F82/><W79/><G108/><T104/><D63/><U25/><E25/><V37/><F125/><W114/><G79/><T99/><D104/><U122/><E43/><V128/><F91/><W85/><G106/><T110/><D110/><U115/><E115/><V8/><F94/><W67/><G114/><T60/><D60/><U0/><E0/><V92/><F92/><W23/><G67/><T95/><D95/><U42/><E42/><V117/><F117/><W98/><G98/><T50/><D50/><U84/><E84/><V26/><F112/><W34/><G97/><T101/><REACH who="0" step="1"/><D96/><REACH who="0" ten="263,279,203,245" step="2"/><U2/><E107/><V48/><F48/><W53/><G51/><T113/><D113/><U73/><E105/><V86/><F47/><W64/><G64/><T89/><D89/><U83/><E132/><V87/><F37/><W103/><G46/><T66/><D66/><U44/><E133/><V22/><F38/><W62/><G62/><T123/><AGARI ba="1,1" hai="3,6,9,12,14,24,30,35,93,99,101,120,121,123" machi="123" ten="30,3000,0" yaku="1,1,0,1,53,0" doraHai="111" doraHaiUra="109" who="0" fromWho="0" sc="263,43,279,-11,203,-11,245,-11" />
</Scene>
<Scene>
<INIT seed="4,2,0,3,1,135" ten="306,268,192,234" oya="0" hai0="87,40,97,18,50,131,49,16,28,23,2,61,85" hai1="26,118,19,38,122,62,124,104,25,17,21,120,91" hai2="119,56,80,112,51,117,133,57,114,72,41,108,45" hai3="13,12,98,0,27,31,84,111,63,125,24,54,86"/><T126/><D2/><U11/><E104/><V100/><F100/><W113/><G111/><T129/><D126/><U47/><E124/><V101/><F101/><W7/><G125/><T67/><D97/><U93/><E62/><V29/><F29/><W83/><G0/><T22/><D28/><U64/><E64/><V103/><F103/><W15/><G113/><N who="2" m="43625" /><F80/><W109/><G7/><T74/><D74/><U121/><E118/><N who="2" m="45067" /><F72/><W4/><G4/><T71/><D40/><U76/><E76/><V88/><F88/><N who="3" m="51231" /><G109/><T77/><D77/><U65/><E65/><V1/><F1/><W127/><G127/><T48/><D87/><U5/><E91/><V132/><F108/><W39/><G39/><T68/><D85/><U55/><E93/><V92/><F92/><W9/><G9/><T3/><D3/><U34/><E38/><V123/><F123/><W134/><G134/><AGARI ba="2,0" hai="41,45,51,56,57,132,133,134" m="45067,43625" machi="134" ten="40,8000,1" yaku="20,1,15,1,12,1,34,2" doraHai="135" who="2" fromWho="3" sc="306,0,268,0,192,86,234,-86" />
</Scene>
<Scene>
<INIT seed="5,0,0,3,4,28" ten="306,268,278,148" oya="1" hai0="89,2,10,79,24,73,32,40,16,96,12,105,27" hai1="122,76,83,36,8,72,29,135,95,6,103,134,59" hai2="133,106,47,55,119,104,62,100,92,66,14,97,75" hai3="21,39,107,86,31,56,130,67,74,110,61,116,15"/><U26/><E36/><V42/><F119/><W71/><G74/><T94/><D40/><U17/><E17/><V70/><F75/><W20/><G110/><T9/><D105/><U127/><E127/><V1/><F1/><W81/><G39/><T102/><D102/><U25/><E122/><V123/><F123/><W22/><G107/><T117/><D117/><U5/><E26/><V131/><F133/><W35/><G116/><T46/><D46/><U108/><E108/><V45/><F131/><W41/><G41/><T115/><D115/><U64/><E95/><V4/><F47/><W58/><G130/><T84/><D73/><U57/><E64/><V91/><F55/><W52/><G15/><N who="0" m="7279" /><D32/><N who="1" m="20527" /><E103/><V101/><F106/><W60/><G71/><T53/><D53/><U49/><E49/><V129/><F129/><W54/><G35/><T11/><D2/><N who="1" m="55" /><E6/><V112/><F104/><W80/><G67/><T113/><D113/><U87/><E72/><V44/><F112/><W124/><G124/><T68/><D10/><U121/><E121/><V51/><F4/><W118/><G118/><T43/><D68/><U30/><E30/><V126/><F126/><W38/><G38/><T111/><D111/><U90/><E76/><V132/><F14/><W34/><REACH who="3" step="1"/><G86/><REACH who="3" ten="306,268,278,138" step="2"/><T78/><D43/><U33/><E33/><V3/><F3/><W7/><G7/><N who="0" m="3199" /><D84/><U13/><E13/><V0/><F0/><W63/><G63/><T23/><D27/><AGARI ba="0,1" hai="20,21,22,27,31,34,52,54,56,58,60,61,80,81" machi="27" ten="40,8000,1" yaku="1,1,9,1,52,1,54,1,53,0" doraHai="28" doraHaiUra="82" who="3" fromWho="0" sc="306,-80,268,0,278,0,138,90" />
</Scene>
<Scene>
<INIT seed="6,0,0,3,0,105" ten="226,268,278,228" oya="2" hai0="16,45,21,74,84,24,44,114,22,18,15,98,95" hai1="35,123,13,126,59,92,121,27,115,102,117,62,69" hai2="38,12,104,93,108,3,110,88,85,60,94,63,32" hai3="127,29,130,135,39,90,68,77,8,73,72,20,37"/><V87/><F3/><W1/><G77/><T129/><D114/><U70/><E115/><V0/><F0/><W91/><G68/><T49/><D129/><U86/><E13/><V42/><F104/><W100/><G130/><T47/><D84/><U64/><E126/><V11/><F32/><W82/><G100/><T96/><D74/><U52/><E117/><V81/><F42/><W36/><G127/><T111/><D111/><N who="2" m="42538" /><F38/><W112/><G112/><T76/><D76/><U128/><E128/><V71/><F71/><W119/><G119/><T56/><D95/><N who="2" m="36362" /><F85/><W34/><G34/><T66/><D49/><U133/><E133/><V25/><F25/><W61/><G135/><T89/><D89/><N who="1" m="53303" /><E102/><V131/><F131/><W103/><G103/><T109/><D109/><U125/><E125/><V97/><F97/><W120/><G61/><AGARI ba="0,0" hai="15,16,18,21,22,24,44,45,47,56,61,66,96,98" machi="61" ten="40,2600,0" yaku="8,1,54,1" doraHai="105" who="0" fromWho="3" sc="226,26,268,0,278,0,228,-26" />
</Scene>
<Scene>
<INIT seed="7,0,0,3,2,16" ten="252,268,278,202" oya="3" hai0="92,96,53,58,113,133,7,111,23,134,33,118,15" hai1="74,112,128,46,52,68,37,101,47,102,126,30,116" hai2="80,1,50,61,8,71,70,121,117,107,2,36,5" hai3="20,131,13,94,51,32,14,97,85,43,114,39,64"/><W129/><G32/><T82/><D111/><U130/><E112/><V72/><F117/><W38/><G64/><T75/><D33/><U54/><E68/><V25/><F50/><W91/><G114/><T55/><D113/><U12/><E74/><V63/><F25/><W42/><G13/><T45/><D118/><U93/><E30/><V119/><F119/><W0/><G0/><T66/><D66/><U87/><E116/><V31/><F31/><W22/><G14/><T28/><D45/><N who="1" m="16907" /><E12/><V59/><F36/><N who="3" m="13867" /><G51/><N who="0" m="31039" /><D55/><N who="1" m="21035" /><E126/><V86/><F72/><W21/><G97/><T123/><D82/><U4/><E4/><V104/><F5/><W57/><G57/><T98/><D92/><U24/><E24/><V120/><F59/><W26/><G26/><N who="0" m="16479" /><D75/><U27/><E27/><V90/><F80/><W125/><G125/><T84/><D84/><U29/><E29/><V18/><F86/><W135/><G135/><N who="0" m="51723" /><D123/><U3/><E3/><V19/><F8/><AGARI ba="0,0" hai="7,8,15,96,98" m="51723,16479,31039" machi="8" ten="30,2000,0" yaku="20,1,52,1" doraHai="16" who="0" fromWho="2" sc="252,20,268,0,278,-20,202,0" />
</Scene>
<Scene>
<INIT seed="8,0,0,0,0,55" ten="272,268,258,202" oya="0" hai0="90,100,38,31,39,72,121,10,80,107,66,70,33" hai1="29,13,2,94,22,88,127,99,112,86,28,44,97" hai2="119,130,128,37,60,46,63,51,91,43,15,104,81" hai3="111,1,11,87,75,129,3,77,135,69,117,62,64"/><T115/><D121/><U123/><E127/><V16/><F104/><W26/><G117/><T131/><D115/><U79/><E123/><V6/><F6/><W53/><G111/><T108/><D10/><U113/><E2/><V89/><F37/><W58/><G75/><T73/><D90/><N who="2" m="34314" /><F81/><W95/><G135/><T59/><D59/><U9/><E79/><V40/><F40/><W74/><G74/><N who="0" m="28779" /><D80/><U109/><E44/><V57/><F119/><W17/><G129/><N who="2" m="49769" /><F57/><W18/><G26/><N who="0" m="18679" /><D108/><U126/><E109/><V133/><F133/><W84/><G84/><T96/><D131/><U98/><E126/><V19/><F19/><W103/><G77/><T116/><D116/><U93/><E22/><AGARI ba="0,0" hai="15,16,22,43,46,51,60,63" m="49769,34314" machi="22" ten="30,2000,0" yaku="19,1,54,1" doraHai="55" who="2" fromWho="1" sc="272,0,268,-20,258,20,202,0" />
</Scene>
<Scene>
<INIT seed="9,0,0,2,1,30" ten="272,248,278,202" oya="1" hai0="107,75,102,11,42,117,103,113,4,19,93,87,55" hai1="13,78,112,12,36,54,43,2,16,123,133,80,9" hai2="110,95,32,79,109,33,45,41,24,91,124,126,53" hai3="129,68,17,57,60,56,121,40,130,26,73,5,81"/><U106/><E106/><V99/><F53/><W28/><G121/><T76/><D113/><U35/><E35/><N who="2" m="13387" /><F24/><W125/><G5/><T25/><D42/><U74/><E133/><V84/><F84/><W51/><G125/><N who="2" m="48233" /><F79/><W69/><G17/><T92/><D87/><U94/><E112/><V61/><F61/><W85/><G73/><T135/><D55/><U71/><E123/><V104/><F104/><W132/><G132/><T29/><D135/><U134/><E134/><V119/><F119/><W98/><G98/><T82/><D19/><U114/><E54/><V72/><F72/><W96/><G96/><T52/><D52/><U58/><E16/><V120/><F120/><W18/><G18/><T108/><D107/><U0/><E114/><V1/><F1/><W116/><G116/><T48/><D117/><U67/><E2/><V131/><F131/><N who="3" m="50187" /><G26/><T59/><D25/><U63/><E0/><V65/><F65/><N who="3" m="39055" /><G28/><T122/><D29/><U64/><E64/><V7/><F7/><W15/><G15/><T22/><D4/><U44/><E13/><V20/><F20/><W46/><G56/><T50/><D22/><U38/><E58/><V8/><F8/><W90/><AGARI ba="0,0" hai="40,46,51,68,69,81,85,90" m="39055,50187" machi="90" ten="30,1100,0" yaku="19,1" doraHai="30" who="3" fromWho="3" sc="272,-3,248,-5,278,-3,202,11" />
</Scene>
<Scene>
<INIT seed="10,0,0,0,3,116" ten="269,243,275,213" oya="2" hai0="78,107,76,26,41,114,22,85,61,125,54,5,108" hai1="34,36,44,131,45,98,16,42,132,10,35,82,29" hai2="102,109,93,122,97,17,49,65,25,64,124,77,115" hai3="63,9,40,120,90,66,23,3,99,68,118,2,69"/><V38/><F38/><W53/><G118/><T96/><D108/><U58/><E132/><V121/><F115/><W80/><G40/><T135/><D114/><U4/><E131/><V18/><F109/><W11/><G69/><T13/><D107/><U7/><E45/><V28/><F124/><W8/><G120/><T111/><D111/><U106/><E58/><V50/><F77/><W101/><G23/><T128/><D128/><U129/><E129/><V62/><F18/><W60/><G80/><T130/><D135/><U89/><E35/><V86/><F17/><W91/><G60/><T57/><D41/><U24/><E106/><V103/><F86/><W134/><G53/><T88/><D125/><U70/><E70/><V105/><F102/><W37/><G37/><T127/><D127/><U94/><E82/><V104/><F104/><W92/><REACH who="3" step="1"/><G134/><REACH who="3" ten="269,243,275,203" step="2"/><T119/><D119/><U67/><E67/><V117/><F117/><W39/><G39/><T6/><D130/><U51/><E36/><V0/><F65/><W47/><G47/><T33/><D33/><U43/><E42/><V52/><F52/><W126/><G126/><T133/><D133/><U1/><E1/><AGARI ba="0,1" hai="1,2,3,8,9,11,63,66,68,90,91,92,99,101" machi="1" ten="40,1300,0" yaku="1,1,53,0" doraHai="116" doraHaiUra="27" who="3" fromWho="1" sc="269,0,243,-13,275,0,203,23" />
</Scene>
<Scene>
<INIT seed="11,0,0,5,5,102" ten="269,230,275,226" oya="3" hai0="83,56,98,63,76,75,71,82,87,130,60,17,31" hai1="123,126,1,67,72,6,28,29,103,43,104,7,122" hai2="38,115,34,97,48,124,62,16,118,46,33,19,110" hai3="9,13,74,90,99,70,135,59,128,129,108,121,68"/><W20/><G121/><T117/><D117/><U52/><E126/><V105/><F38/><W18/><G74/><T40/><D130/><N who="3" m="50281" /><G135/><T119/><D119/><U0/><E72/><V81/><F110/><W96/><G108/><T92/><D31/><U24/><E67/><V30/><F115/><W57/><G9/><T12/><D71/><N who="3" m="27177" /><G90/><T100/><D40/><U106/><E43/><V86/><F118/><W4/><G4/><T95/><D95/><U125/><E103/><V54/><F34/><W45/><G45/><T14/><D56/><AGARI ba="0,0" hai="13,18,20,56,57,59,96,99" m="27177,50281" machi="56" ten="30,1500,0" yaku="19,1" doraHai="102" who="3" fromWho="0" sc="269,-15,230,0,275,0,226,15" />
</Scene>
<Scene>
<INIT seed="11,1,0,2,0,131" ten="254,230,275,241" oya="3" hai0="119,7,43,105,121,35,11,57,107,115,135,8,2" hai1="21,109,92,106,67,79,68,10,13,99,111,0,90" hai2="58,19,49,78,56,112,95,18,15,59,129,116,61" hai3="122,86,50,69,127,71,123,23,29,47,27,84,55"/><W12/><G127/><T85/><D121/><U3/><E106/><V98/><F112/><W52/><G122/><T63/><D35/><U70/><E79/><V62/><F129/><W9/><G123/><T17/><D115/><U77/><E77/><V34/><F34/><W24/><G24/><T128/><D128/><U41/><E41/><V16/><F116/><W4/><G69/><T87/><D119/><U133/><E133/><V1/><F1/><W88/><G71/><T64/><D43/><U14/><E70/><V130/><F130/><W117/><G117/><T73/><D73/><U54/><E3/><V60/><F78/><W72/><G72/><T94/><D135/><U82/><E0/><V25/><F25/><W132/><G132/><T125/><D125/><U36/><E36/><V51/><F15/><W97/><G55/><T126/><D126/><U5/><E54/><V96/><F96/><W53/><G53/><T46/><D46/><U37/><E37/><V120/><F120/><W44/><G44/><T118/><D118/><U33/><E33/><V103/><AGARI ba="1,0" hai="16,18,19,49,51,56,58,59,60,61,62,95,98,103" machi="103" ten="40,8000,1" yaku="0,1,29,2,8,1,54,1" doraHai="131" who="2" fromWho="2" sc="254,-21,230,-21,275,83,241,-41" owari="233,3.0,209,-19.0,358,46.0,200,-30.0" />
</Scene>
</mjloggm>