<mjloggm ver="2.3"><GO type="169" lobby="0"/><UN n0="%46%43%50%54%4B" n1="%E3%81%BE%E3%81%82%E3%81%BC%E3%81%86%E5%A4%A7%E4%BD%90" n2="%E8%B7%AF%E5%9C%B0%E8%A3%8F%E3%81%AE%E3%81%B2%E3%81%BE%E3%82%8F%E3%82%8A" n3="%E5%A4%AA%E3%81%8F%E3%81%AA%E3%81%84%E3%81%8A" dan="16,16,16,17" rate="2140.37,2082.41,2081.48,2163.38" sx="M,F,M,M"/><TAIKYOKU oya="0"/>

<Scene>
<INIT seed="0,0,0,1,5,63" ten="250,250,250,250" oya="0" hai0="101,60,71,7,5,10,89,47,132,48,29,14,4" hai1="113,42,30,91,36,102,72,20,96,123,122,51,73" hai2="115,75,104,125,124,45,59,80,17,99,106,107,98" hai3="119,38,131,27,103,40,11,46,8,6,111,18,44"/><T85/><D101/><U12/><E36/><V32/><F32/><W78/><G119/><T79/><D79/><U9/><E113/><V2/><F115/><W95/><G111/><T41/><D132/><U3/><E3/><V134/><F134/><W130/><G78/><T67/><REACH who="0" step="1"/><D29/><REACH who="0" ten="240,250,250,250" step="2"/><U77/><E77/><V0/><F107/><W110/><G103/><T120/><D120/><U62/><E123/><V52/><F106/><W33/><G110/><T94/><AGARI ba="0,1" hai="4,5,7,10,14,41,47,48,60,67,71,85,89,94" machi="94" ten="20,12000,1" yaku="1,1,0,1,7,1,52,1,53,1" doraHai="63" doraHaiUra="66" who="0" fromWho="0" sc="240,130,250,-40,250,-40,250,-40" />
</Scene>
<Scene>
<INIT seed="0,1,0,3,4,115" ten="370,210,210,210" oya="0" hai0="130,133,25,37,128,84,86,53,51,34,44,16,46" hai1="48,61,105,22,91,102,100,40,93,64,55,122,41" hai2="117,120,126,56,4,79,3,21,59,58,82,70,69" hai3="6,77,26,83,73,52,65,68,71,74,99,36,94"/><T19/><D133/><U62/><E122/><V85/><F120/><W39/><G74/><T108/><D34/><U33/><E33/><V123/><F123/><W78/><G78/><T15/><D25/><U17/><E105/><V106/><F126/><W118/><G6/><T49/><D37/><U67/><E61/><V29/><F106/><W20/><G68/><T32/><D32/><U135/><E135/><V111/><F111/><W57/><G65/><N who="1" m="25162" /><E62/><V104/><F104/><W131/><G71/><T63/><D63/><U119/><E119/><V2/><F2/><W96/><G96/><T124/><D108/><U18/><E55/><V10/><F117/><W132/><G132/><T88/><D124/><U66/><E66/><V129/><F129/><N who="0" m="49770" /><D15/><N who="1" m="9535" /><E18/><N who="0" m="6697" /><D88/><U8/><E8/><V116/><F116/><W45/><G131/><T107/><D107/><U127/><E127/><V54/><F70/><W113/><G118/><T103/><D103/><N who="1" m="39467" /><E48/><N who="0" m="18505" /><D53/><U95/><E95/><V12/><F69/><W9/><G39/><T72/><D72/><U28/><E28/><V97/><F54/><W76/><G36/><T7/><D7/><U43/><E43/><V92/><F29/><W114/><G73/><T24/><D24/><U81/><E81/><V11/><F11/><W5/><G83/><T38/><D38/><U134/><E134/><V90/><F21/><W60/><G9/><T98/><D98/><AGARI ba="1,0" hai="40,41,91,93,98" m="39467,9535,25162" machi="98" ten="30,1000,0" yaku="8,1" doraHai="115" who="1" fromWho="0" sc="370,-13,210,13,210,0,210,0" />
</Scene>
<Scene>
<INIT seed="1,0,0,4,5,3" ten="357,223,210,210" oya="1" hai0="5,20,72,114,64,4,60,43,32,51,11,134,77" hai1="116,28,7,67,30,50,120,66,93,112,117,68,94" hai2="37,25,21,80,13,1,61,107,18,81,102,106,82" hai3="19,52,126,83,97,65,76,129,12,78,35,133,9"/><U92/><E120/><V70/><F1/><W29/><G126/><T47/><D114/><U49/><E112/><V79/><F37/><W56/><G133/><T118/><D32/><U54/><E54/><V131/><F131/><W22/><G129/><T103/><D134/><U111/><E111/><V98/><F79/><W14/><G65/><N who="1" m="24586" /><E7/><V73/><F73/><W6/><G97/><T24/><D118/><N who="1" m="45675" /><E68/><V0/><F0/><W123/><G123/><T130/><D130/><U132/><E132/><V69/><F61/><W109/><G109/><T88/><D103/><U44/><E44/><V39/><F39/><W57/><G57/><T2/><D72/><U23/><E23/><V55/><F55/><W41/><G41/><T71/><D77/><U128/><E128/><V127/><F107/><W84/><G35/><T74/><D74/><U90/><E90/><V58/><F58/><W87/><G29/><AGARI ba="0,0" hai="28,29,30,49,50,92,93,94" m="45675,24586" machi="29" ten="40,3900,0" yaku="28,2" doraHai="3" who="1" fromWho="3" sc="357,0,223,39,210,0,210,-39" />
</Scene>
<Scene>
<INIT seed="1,1,0,0,3,4" ten="357,262,210,171" oya="1" hai0="13,88,126,85,109,131,105,11,121,67,91,24,36" hai1="115,5,39,73,57,113,47,64,52,103,20,55,97" hai2="118,46,30,102,33,114,17,125,100,111,78,66,128" hai3="82,124,129,19,2,34,31,108,83,7,74,107,10"/><U80/><E64/><V130/><F118/><W77/><G108/><T76/><D36/><U59/><E39/><V56/><F111/><W62/><G124/><T41/><D109/><U99/><E47/><V106/><F125/><W1/><G129/><N who="2" m="49769" /><F114/><W120/><G120/><T79/><D131/><U32/><E32/><V21/><F46/><W38/><G107/><T110/><D41/><U45/><E45/><V16/><F78/><W112/><G38/><T71/><D121/><U44/><E44/><V23/><F33/><W122/><G122/><T35/><D110/><U104/><E20/><N who="2" m="7755" /><F30/><W135/><G112/><T12/><D105/><U116/><E116/><V14/><F14/><W28/><G1/><T92/><D126/><U58/><E97/><N who="2" m="61711" /><F102/><W96/><G34/><T89/><D13/><U6/><E115/><V60/><AGARI ba="1,0" hai="16,17,56,60,66" m="61711,7755,49769" machi="60" ten="30,2000,0" yaku="19,1,54,1" doraHai="4" who="2" fromWho="2" sc="357,-6,262,-11,210,23,171,-6" />
</Scene>
<Scene>
<INIT seed="2,0,0,3,5,34" ten="351,251,233,165" oya="2" hai0="115,105,78,21,35,22,101,32,68,16,52,128,47" hai1="12,112,135,125,103,4,91,110,33,76,42,85,60" hai2="29,67,121,114,8,98,62,106,111,108,17,97,75" hai3="130,63,92,87,123,53,113,88,129,37,50,41,131"/><V28/><F114/><W26/><G123/><T6/><D115/><U74/><E33/><V11/><F121/><W82/><G113/><T89/><D68/><U116/><E42/><V57/><F75/><W134/><G134/><T10/><D78/><U46/><E46/><V70/><F70/><W20/><G63/><T1/><D128/><U45/><E45/><V55/><F67/><W59/><G41/><T119/><D119/><U96/><E60/><V39/><F39/><W117/><G37/><T79/><D79/><U90/><E12/><N who="2" m="7303" /><F11/><W107/><G107/><T122/><D122/><U13/><E13/><V30/><F106/><W71/><G71/><T77/><D77/><U44/><E44/><V118/><F118/><W24/><G117/><T48/><D21/><U94/><E4/><V27/><F27/><W132/><G132/><T25/><REACH who="0" step="1"/><D89/><REACH who="0" ten="341,251,233,165" step="2"/><U80/><E112/><V83/><F111/><W81/><REACH who="3" step="1"/><G24/><REACH who="3" ten="341,251,233,155" step="2"/><T66/><D66/><U133/><E116/><V126/><F108/><W40/><G40/><T2/><D2/><U18/><E110/><V86/><F126/><W19/><AGARI ba="0,2" hai="19,20,26,50,53,59,81,82,87,88,92,129,130,131" machi="19" ten="30,8000,1" yaku="1,1,0,1,19,1,54,1,53,1" doraHai="34" doraHaiUra="23" who="3" fromWho="3" sc="341,-20,251,-20,233,-40,155,100" />
</Scene>
<Scene>
<INIT seed="3,0,0,1,4,46" ten="321,231,193,255" oya="3" hai0="6,47,56,27,12,129,5,51,110,134,37,34,127" hai1="85,74,125,38,130,36,122,103,1,98,71,81,92" hai2="39,108,2,33,100,15,89,94,21,8,72,44,118" hai3="113,31,48,78,69,13,82,97,111,0,126,88,128"/><W32/><G0/><T63/><D37/><U75/><E122/><V42/><F118/><W73/><G113/><T60/><D127/><U80/><E125/><V87/><F33/><W132/><G126/><T54/><D129/><U7/><E71/><V58/><F108/><W14/><G69/><T131/><D131/><U61/><E130/><V66/><F72/><W16/><G128/><T40/><D110/><U114/><E114/><V55/><F66/><W64/><G64/><T106/><D106/><U24/><E1/><V117/><F117/><W133/><G111/><T22/><D34/><U35/><E7/><V53/><F100/><W59/><G31/><T135/><D63/><U116/><E116/><V23/><F2/><W70/><G70/><T96/><D96/><U65/><E75/><V4/><REACH who="2" step="1"/><F55/><REACH who="2" ten="321,231,183,255" step="2"/><N who="3" m="32231" /><G32/><T3/><D3/><U115/><E65/><V107/><F107/><W84/><G73/><T49/><D134/><U41/><E35/><V112/><F112/><W121/><G121/><T102/><D102/><U19/><E103/><V105/><F105/><W67/><G67/><N who="0" m="39303" /><D135/><U62/><E115/><V123/><F123/><W50/><G132/><T45/><D12/><U25/><E74/><V30/><F30/><AGARI ba="0,1" hai="5,6,22,27,30,40,45,47,49,51,54" m="39303" machi="30" ten="30,3900,0" yaku="8,1,52,2" doraHai="46" who="0" fromWho="2" sc="321,49,231,0,183,-39,255,0" />
</Scene>
<Scene>
<INIT seed="4,0,0,1,5,16" ten="370,231,144,255" oya="0" hai0="6,81,131,68,36,13,23,74,126,58,92,100,11" hai1="61,82,22,20,14,17,53,132,135,55,26,28,39" hai2="15,52,37,5,88,32,121,1,90,62,10,85,43" hai3="79,83,4,108,69,64,89,111,72,114,24,110,75"/><T77/><D68/><U116/><E39/><V113/><F121/><W19/><G4/><T30/><D36/><U91/><E116/><V9/><F113/><W49/><G114/><T101/><D126/><U56/><E82/><V2/><F32/><W50/><G75/><T133/><D133/><N who="1" m="51275" /><E91/><V12/><F43/><W8/><G89/><T115/><D115/><U120/><E120/><V107/><F107/><W118/><G118/><T99/><D131/><U63/><E63/><V73/><F73/><W25/><G64/><AGARI ba="0,0" hai="14,17,20,22,26,28,53,55,56,61,64" m="51275" machi="64" ten="30,3900,0" yaku="20,1,52,2" doraHai="16" who="1" fromWho="3" sc="370,0,231,39,144,0,255,-39" />
</Scene>
<Scene>
<INIT seed="5,0,0,4,4,60" ten="370,270,144,216" oya="1" hai0="64,124,134,70,30,115,104,37,86,72,76,87,51" hai1="13,8,26,5,3,100,68,132,98,52,79,34,58" hai2="123,88,31,33,135,119,9,12,54,21,59,63,84" hai3="10,69,113,67,23,105,39,85,50,122,82,7,74"/><U19/><E68/><V127/><F119/><W28/><G39/><T57/><D37/><U0/><E79/><V35/><F123/><W56/><G105/><T75/><D104/><U99/><E132/><V44/><F135/><W66/><G74/><T48/><D70/><U81/><E81/><V94/><F127/><W117/><G69/><T14/><D134/><U111/><E111/><V96/><F31/><W102/><G102/><T41/><D124/><U131/><E131/><V128/><F128/><W16/><G28/><T45/><D115/><U107/><E99/><V129/><F129/><W40/><G122/><T62/><D30/><U38/><E38/><V36/><F21/><W65/><G113/><T49/><D86/><U97/><E97/><V120/><F120/><W83/><G117/><T112/><D112/><U95/><E107/><V47/><F96/><W116/><G116/><T108/><D108/><U53/><E53/><V126/><F126/><W121/><G121/><T80/><D72/><U90/><E100/><V103/><F103/><W46/><G56/><T61/><D75/><U42/><E42/><V101/><F101/><W93/><G93/><T11/><REACH who="0" step="1"/><D62/><REACH who="0" ten="360,270,144,216" step="2"/><N who="1" m="36167" /><E34/><V77/><F35/><W114/><G114/><T125/><D125/><U133/><E133/><V1/><F33/><W118/><G118/><T43/><D43/><U15/><E15/><V55/><F36/><W91/><G85/><T22/><D22/><AGARI ba="0,1" hai="0,3,5,8,13,19,22,26,90,95,98" m="36167" machi="22" ten="30,2900,0" yaku="25,1,54,1" doraHai="60" who="1" fromWho="0" sc="360,-29,270,39,144,0,216,0" />
</Scene>
<Scene>
<INIT seed="5,1,0,3,1,100" ten="331,309,144,216" oya="1" hai0="16,81,50,47,72,127,96,44,115,40,51,26,59" hai1="21,85,130,132,46,125,20,24,128,76,124,70,119" hai2="34,129,19,27,71,116,30,84,5,49,114,93,38" hai3="58,12,43,45,111,98,28,99,64,121,69,57,78"/><U74/><E70/><V39/><F116/><W33/><G111/><T53/><D115/><U36/><E119/><V103/><F114/><W68/><G121/><T131/><D131/><N who="1" m="50219" /><E74/><V83/><F129/><W92/><G78/><T77/><D127/><N who="1" m="48715" /><E76/><V67/><F5/><W112/><G12/><T41/><D96/><U65/><E65/><V15/><F49/><W79/><G98/><T86/><D72/><U62/><E62/><V3/><F3/><W63/><G79/><T120/><D120/><U107/><E107/><V18/><F18/><W29/><G68/><T42/><D47/><U73/><E73/><V56/><F71/><W2/><G64/><T60/><D60/><U134/><E85/><V106/><F93/><W133/><G92/><T1/><D1/><U6/><E6/><V54/><F67/><W25/><G2/><T80/><D81/><U48/><E36/><V7/><F7/><W17/><G63/><T37/><D37/><U101/><E101/><V104/><F103/><W82/><G69/><T0/><D0/><U31/><E20/><AGARI ba="1,0" hai="16,20,26,40,41,42,44,50,51,53,59,77,80,86" machi="20" ten="40,2600,0" yaku="8,1,54,1" doraHai="100" who="0" fromWho="1" sc="331,29,309,-29,144,0,216,0" />
</Scene>
<Scene>
<INIT seed="6,0,0,5,3,44" ten="360,280,144,216" oya="2" hai0="128,35,37,111,1,64,123,8,9,32,89,63,47" hai1="41,54,90,34,48,2,126,29,100,81,58,77,99" hai2="86,53,87,112,56,130,50,38,76,19,61,57,109" hai3="110,52,72,21,124,68,24,85,79,51,122,0,69"/><V4/><F38/><W115/><G110/><T33/><D123/><U96/><E2/><V102/><F109/><W17/><G122/><T20/><D111/><U101/><E29/><V82/><F112/><W121/><G121/><T133/><D128/><U30/><E30/><V120/><F120/><W132/><G0/><T127/><D127/><U27/><E27/><V119/><F119/><W91/><G124/><T93/><D133/><U28/><E28/><V5/><F130/><W113/><G79/><T22/><D47/><N who="1" m="25711" /><E34/><V45/><F102/><N who="1" m="39529" /><E77/><V67/><F87/><W116/><G72/><T95/><D37/><U40/><E40/><N who="2" m="24871" /><F19/><W10/><G116/><T103/><D103/><U62/><E126/><V106/><F106/><W134/><G68/><T31/><D93/><U74/><E74/><V42/><F42/><W11/><G69/><T92/><D92/><U118/><E118/><V55/><F67/><W39/><G39/><T98/><D31/><U23/><E23/><V13/><F13/><W7/><G132/><T60/><D1/><U97/><E81/><V46/><F46/><N who="3" m="27767" /><G134/><T114/><D114/><N who="3" m="43529" /><G7/><T75/><D75/><U65/><E65/><V12/><F12/><W104/><G104/><T129/><D129/><U131/><E131/><V125/><F125/><W3/><G3/><T135/><D135/><U117/><E117/><V108/><F108/><W73/><G73/><T70/><D70/><U26/><E26/><V66/><F66/><W6/><G6/><T25/><D64/><U107/><E107/><V49/><AGARI ba="0,0" hai="4,5,49,53,55,56,57,61,76,82,86" m="24871" machi="49" ten="30,6000,0" yaku="8,1,52,2" doraHai="44" who="2" fromWho="2" sc="360,-20,280,-20,144,60,216,-20" />
</Scene>
<Scene>
<INIT seed="6,1,0,1,1,88" ten="340,260,204,196" oya="2" hai0="48,14,130,111,44,125,67,6,74,27,98,133,71" hai1="96,1,73,104,128,17,66,109,115,64,72,26,120" hai2="127,53,51,42,58,78,86,35,83,122,39,124,114" hai3="10,57,23,107,20,38,99,105,0,69,93,18,75"/><V7/><F122/><W113/><G69/><T41/><D74/><U60/><E109/><V123/><F123/><W56/><G75/><T135/><D111/><U110/><E110/><V22/><F35/><W63/><G38/><T12/><D125/><N who="2" m="48202" /><F114/><W119/><G119/><T9/><D130/><U54/><E1/><V91/><F7/><W43/><G43/><T37/><D37/><U118/><E118/><V129/><F129/><W90/><G113/><T106/><D27/><U11/><E128/><V87/><F22/><W55/><G23/><T89/><D14/><U85/><E115/><V2/><F2/><W32/><G32/><T94/><REACH who="0" step="1"/><D106/><REACH who="0" ten="330,260,204,196" step="2"/><U108/><E104/><V52/><F39/><W59/><G107/><T101/><D101/><U30/><E26/><V36/><F36/><W65/><G105/><T132/><D132/><U126/><E73/><V4/><F4/><N who="3" m="1287" /><G65/><T28/><D28/><U46/><E72/><V24/><F24/><AGARI ba="1,1" hai="18,20,24,55,56,57,59,63,90,93,99" m="1287" machi="24" ten="30,2000,0" yaku="25,1,52,1" doraHai="88" who="3" fromWho="2" sc="330,0,260,0,204,-23,196,33" />
</Scene>
<Scene>
<INIT seed="7,0,0,1,5,3" ten="330,260,181,229" oya="3" hai0="26,22,56,25,81,43,115,93,110,116,46,108,133" hai1="24,80,104,86,79,27,50,92,28,130,2,34,59" hai2="14,78,9,76,89,114,42,41,18,117,29,105,129" hai3="17,48,7,38,16,4,112,87,39,6,47,37,44"/><W95/><G112/><T101/><D116/><U32/><E104/><V15/><F114/><W122/><G122/><T113/><D113/><U118/><E2/><V10/><F117/><W35/><G35/><T62/><D115/><U85/><E130/><V68/><F129/><W96/><G87/><T120/><D120/><U84/><E118/><V60/><F29/><W97/><G97/><T33/><D33/><U63/><E50/><V123/><F123/><W8/><G8/><T71/><D71/><U88/><E27/><V54/><F105/><W135/><G135/><T121/><D133/><U94/><E32/><V102/><F102/><W77/><G77/><T49/><D121/><U23/><E34/><V132/><F132/><W19/><G48/><T126/><D126/><U72/><REACH who="1" step="1"/><E94/><REACH who="1" ten="330,250,181,229" step="2"/><V103/><F103/><AGARI ba="0,1" hai="4,6,7,16,17,19,37,38,39,44,47,95,96,103" machi="103" ten="50,18000,2" yaku="29,2,52,3,54,1" doraHai="3" who="3" fromWho="2" sc="330,0,250,0,181,-180,229,190" owari="330,13.0,250,-15.0,1,-50.0,419,52.0" />
</Scene>
</mjloggm>