<mjloggm ver="2.3"><GO type="169" lobby="0"/><UN n0="%6E%65%75%74%72%6F%6E" n1="%E3%83%86%E3%83%AC%E3%83%93%E3%81%A3%E5%AD%90" n2="%E5%A4%AA%E3%81%8F%E3%81%AA%E3%81%84%E3%81%8A" n3="%E3%82%8F%E3%81%A3%E3%81%93%E3%83%BC%E3%83%BB%EF%BC%A1%E3%83%BB%E3%83%8E" dan="16,17,17,16" rate="2084.74,2120.35,2207.90,2062.16" sx="M,M,M,M"/><TAIKYOKU oya="0"/>

<Scene>
<INIT seed="0,0,0,5,4,119" ten="250,250,250,250" oya="0" hai0="132,0,3,58,78,91,106,80,110,12,135,92,4" hai1="19,11,17,79,99,56,77,112,63,90,7,13,21" hai2="71,129,5,116,61,32,55,6,2,85,26,57,69" hai3="33,40,127,41,93,82,87,131,39,95,8,35,84"/><T37/><D106/><U74/><E112/><V123/><F116/><W60/><G131/><T103/><D37/><U104/><E74/><V130/><F85/><W89/><G127/><T97/><D110/><U83/><E104/><V51/><F2/><W44/><G41/><T86/><D58/><U81/><E19/><V65/><F71/><W62/><G8/><T105/><D12/><U52/><E99/><V109/><F109/><W66/><G62/><T122/><D4/><U125/><E125/><V68/><F68/><W36/><G36/><T59/><D59/><U27/><REACH who="1" step="1"/><E90/><REACH who="1" ten="250,240,250,250" step="2"/><V45/><F6/><W46/><G87/><N who="0" m="52351" /><D3/><U48/><E48/><V54/><F5/><W108/><G108/><T114/><D0/><U100/><E100/><V118/><F118/><W10/><G39/><T24/><D114/><U128/><E128/><V14/><F129/><W72/><G72/><T94/><D24/><U50/><E50/><N who="2" m="30967" /><F130/><W38/><G38/><T47/><D105/><U16/><E16/><V23/><F14/><W88/><G89/><T126/><D126/><U49/><E49/><V70/><F26/><W96/><G88/><T30/><D30/><U73/><E73/><V113/><F113/><W101/><G84/><T1/><D1/><U15/><E15/><V67/><F51/><W34/><G46/><T121/><D47/><U53/><E53/><V18/><F45/><W111/><G101/><T28/><D28/><U75/><E75/><V124/><F124/><W134/><G44/><T42/><D42/><U25/><E25/><V9/><F54/><W115/><G40/><RYUUKYOKU ba="0,1" sc="250,15,240,15,250,-15,250,-15" hai0="78,80,86,94,97,103,121,122,132,135" hai1="7,11,13,17,21,27,52,56,63,77,79,81,83" />
</Scene>
<Scene>
<INIT seed="0,1,1,1,1,87" ten="265,255,235,235" oya="0" hai0="5,15,64,30,47,82,11,26,8,127,88,43,133" hai1="28,63,46,7,90,39,134,62,13,41,125,24,135" hai2="58,126,124,109,89,129,122,0,92,48,57,38,78" hai3="34,95,111,75,55,23,37,42,77,16,110,27,3"/><T128/><D127/><N who="2" m="48682" /><F38/><W72/><G3/><T71/><D128/><U51/><E125/><V9/><F122/><W21/><G34/><T53/><D133/><N who="1" m="50699" /><E39/><V19/><F129/><W61/><G42/><T49/><D71/><U65/><E65/><V118/><F109/><N who="3" m="41483" /><G77/><T36/><D64/><U60/><E7/><N who="2" m="1255" /><F118/><W12/><G95/><T70/><D70/><U59/><E13/><V76/><F19/><N who="3" m="12799" /><G37/><T14/><D36/><U6/><E6/><V54/><F58/><AGARI ba="1,1" hai="12,16,21,55,58,61,72,75" m="12799,41483" machi="58" ten="30,2000,0" yaku="14,1,54,1" doraHai="87" who="3" fromWho="2" sc="265,0,255,0,235,-23,235,33" />
</Scene>
<Scene>
<INIT seed="1,0,0,0,0,92" ten="265,255,212,268" oya="1" hai0="117,31,67,112,37,132,105,77,50,44,56,21,16" hai1="30,34,109,120,118,63,110,22,58,126,91,61,85" hai2="46,84,13,114,0,134,15,88,111,70,33,123,93" hai3="55,69,131,53,83,57,36,64,72,35,121,119,39"/><U74/><E74/><V11/><F123/><W80/><G121/><T17/><D112/><U18/><E120/><V45/><F33/><W4/><G35/><T71/><D117/><U9/><E118/><V20/><F70/><W28/><G28/><T14/><D77/><U133/><E9/><V78/><F114/><W96/><G55/><T54/><D105/><U26/><E126/><V103/><F111/><N who="1" m="42505" /><E133/><V102/><F134/><W75/><G131/><T7/><D7/><U108/><N who="1" m="42513" /><U12/><DORA hai="127" /><E58/><V38/><F0/><W87/><G57/><T8/><D132/><U59/><E59/><V128/><F78/><W104/><G4/><T42/><D31/><U24/><E24/><V99/><F128/><W10/><G72/><T79/><D79/><U130/><E130/><V3/><F3/><W97/><G75/><T90/><D90/><U2/><E2/><V122/><F122/><W107/><G10/><T94/><D94/><AGARI ba="0,0" hai="12,18,22,26,30,34,61,63,85,91,94" m="42513" machi="94" ten="40,3900,0" yaku="14,1,10,1" doraHai="92,127" who="1" fromWho="0" sc="265,-39,255,39,212,0,268,0" />
</Scene>
<Scene>
<INIT seed="1,1,0,0,1,114" ten="226,294,212,268" oya="1" hai0="133,83,132,63,78,95,110,52,121,44,35,15,108" hai1="58,12,96,49,13,27,54,118,14,73,28,9,62" hai2="89,50,42,32,59,77,75,70,56,82,67,84,113" hai3="39,53,25,60,61,86,81,85,4,34,104,112,74"/><U76/><E73/><V57/><F32/><W11/><G112/><T41/><D35/><U23/><E76/><V111/><F113/><W126/><G104/><T43/><D95/><U36/><E36/><V29/><F29/><W90/><G74/><T22/><D22/><U105/><E105/><V8/><F111/><N who="0" m="42538" /><D15/><U102/><E102/><V7/><F70/><W18/><G126/><T109/><N who="0" m="42546" /><T88/><DORA hai="48" /><D78/><U1/><E96/><V103/><F103/><W93/><G39/><T124/><D124/><U69/><E1/><V130/><F130/><W107/><G107/><T66/><D121/><U17/><E118/><V21/><F21/><W24/><G18/><T91/><D83/><U64/><AGARI ba="1,0" hai="9,12,13,14,17,23,27,28,49,54,58,62,64,69" machi="64" ten="30,3000,0" yaku="0,1,52,1" doraHai="114,48" who="1" fromWho="1" sc="226,-11,294,33,212,-11,268,-11" />
</Scene>
<Scene>
<INIT seed="1,2,0,3,2,46" ten="215,327,201,257" oya="1" hai0="31,28,71,96,114,15,53,131,59,106,49,112,30" hai1="126,52,56,100,87,19,79,33,9,67,84,62,78" hai2="66,119,23,8,127,105,36,95,82,41,74,99,117" hai3="91,26,103,6,85,38,47,110,129,83,12,72,10"/><U80/><E33/><V132/><F127/><W32/><G110/><T60/><D131/><U7/><E100/><N who="2" m="62623" /><F23/><W109/><G109/><T1/><D1/><U13/><E126/><V25/><F25/><W101/><G129/><T123/><D123/><U89/><E67/><V22/><F22/><W68/><G68/><T42/><D15/><U54/><E54/><V88/><F66/><W81/><G72/><T55/><D42/><U135/><E135/><V93/><F8/><W35/><G83/><T120/><D120/><U107/><E107/><V121/><F121/><W65/><G65/><T94/><D106/><U134/><E134/><V37/><F41/><W98/><G98/><T58/><REACH who="0" step="1"/><D71/><REACH who="0" ten="205,327,201,257" step="2"/><U5/><REACH who="1" step="1"/><E79/><REACH who="1" ten="205,317,201,257" step="2"/><N who="2" m="44407" /><F132/><W39/><G35/><T108/><D108/><U50/><E50/><V64/><F36/><W118/><G38/><T14/><D14/><U90/><E90/><AGARI ba="2,2" hai="28,30,31,49,53,55,58,59,60,90,94,96,112,114" machi="90" ten="40,2600,0" yaku="1,1,52,1,53,0" doraHai="46" doraHaiUra="125" who="0" fromWho="1" sc="205,52,317,-32,201,0,257,0" />
</Scene>
<Scene>
<INIT seed="2,0,0,1,2,54" ten="257,285,201,257" oya="2" hai0="99,8,33,3,60,73,24,12,47,52,57,5,94" hai1="45,129,109,131,121,58,126,46,119,130,64,61,65" hai2="32,7,49,123,41,102,14,66,108,69,103,51,56" hai3="43,22,114,21,55,34,2,112,39,79,15,96,83"/><V90/><F123/><W40/><G2/><T98/><D73/><U76/><E76/><V95/><F32/><W106/><G34/><T82/><D82/><U59/><E121/><V97/><F69/><W86/><G39/><T48/><D3/><U81/><E81/><V17/><F7/><W31/><G31/><T117/><D117/><U124/><E119/><V84/><F108/><W118/><G118/><T50/><D50/><U116/><E116/><V132/><F132/><W134/><G134/><T16/><D33/><U68/><E109/><V20/><F41/><W92/><G106/><T70/><D70/><U6/><E6/><V122/><F122/><W1/><G1/><T113/><D113/><N who="3" m="43625" /><G55/><N who="0" m="33855" /><D94/><U13/><E13/><V105/><REACH who="2" step="1"/><F103/><REACH who="2" ten="257,285,191,257" step="2"/><W110/><G110/><T135/><D135/><U44/><REACH who="1" step="1"/><E65/><REACH who="1" ten="257,275,191,257" step="2"/><V37/><F37/><W62/><G40/><T89/><D89/><U18/><E18/><V100/><F100/><W26/><G43/><T29/><D29/><U38/><E38/><V9/><F9/><W111/><G111/><T28/><D28/><U87/><E87/><V25/><F25/><W125/><G26/><T11/><D11/><U88/><E88/><V107/><F107/><W91/><G91/><T4/><D4/><U127/><AGARI ba="0,2" hai="44,45,46,58,59,61,64,68,124,126,127,129,130,131" machi="127" ten="50,24000,4" yaku="1,1,0,1,29,2,18,1,19,1,34,3,52,2,53,0" doraHai="54" doraHaiUra="115" who="1" fromWho="1" sc="257,-60,275,260,191,-120,257,-60" />
</Scene>
<Scene>
<INIT seed="3,0,0,2,0,97" ten="197,535,71,197" oya="3" hai0="45,117,8,130,19,63,86,32,50,46,124,1,44" hai1="85,53,17,61,80,114,133,111,92,25,40,81,34" hai2="66,6,69,132,119,91,96,12,62,99,48,2,88" hai3="94,57,127,65,71,95,54,78,37,43,35,74,23"/><W9/><G35/><T49/><D117/><U116/><E111/><V100/><F119/><W109/><G109/><T125/><D32/><U3/><E3/><V70/><F2/><W122/><G122/><T4/><D130/><U134/><E114/><V93/><F132/><W29/><G9/><T83/><D63/><U131/><E40/><V10/><F48/><W58/><G58/><T27/><D27/><U72/><E131/><V129/><F129/><W22/><G127/><N who="0" m="48715" /><D19/><U105/><E105/><V123/><F123/><W87/><G74/><T14/><D1/><U73/><E116/><V112/><F112/><W28/><G65/><T76/><AGARI ba="0,0" hai="4,8,14,44,45,46,49,50,76,83,86" m="48715" machi="76" ten="30,1100,0" yaku="18,1" doraHai="97" who="0" fromWho="0" sc="197,11,535,-3,71,-3,197,-5" />
</Scene>
<Scene>
<INIT seed="4,0,0,5,1,103" ten="208,532,68,192" oya="0" hai0="21,123,50,62,125,128,129,98,111,39,65,52,22" hai1="43,11,89,16,25,19,104,15,78,33,94,93,102" hai2="48,41,28,23,60,97,86,99,91,132,75,131,119" hai3="40,18,2,20,134,61,47,58,74,3,76,49,84"/><T133/><D123/><U6/><E78/><V79/><F132/><W46/><G74/><T120/><D120/><U77/><E77/><V5/><F131/><N who="0" m="50250" /><D133/><U101/><E43/><V17/><F119/><W70/><G70/><N who="0" m="42295" /><D125/><U29/><E104/><V54/><F28/><W135/><G135/><T31/><D111/><U27/><E94/><V127/><F127/><W59/><G59/><N who="0" m="33175" /><D39/><U107/><E107/><V69/><F75/><W30/><G134/><T56/><D56/><U26/><E33/><V44/><F79/><W34/><G76/><T51/><D51/><U38/><E29/><V35/><F35/><W112/><G30/><T81/><D81/><U68/><E38/><V8/><F69/><W10/><G34/><T114/><D114/><U110/><E68/><V71/><F71/><W92/><G112/><T63/><D63/><U1/><E110/><V105/><F60/><W88/><G47/><T36/><D36/><U57/><E57/><V67/><F67/><W124/><G124/><T13/><D31/><U12/><E1/><V42/><F42/><W100/><G2/><T122/><D122/><U55/><E55/><V45/><F45/><W85/><G3/><T106/><D13/><U108/><E108/><V7/><F41/><W9/><G58/><T113/><D113/><U130/><E130/><V115/><F115/><W90/><G61/><T87/><D87/><N who="1" m="52415" /><E19/><V83/><F7/><W24/><G100/><AGARI ba="0,0" hai="21,22,98,100,106" m="33175,42295,50250" machi="100" ten="30,5800,0" yaku="19,1,52,1,54,1" doraHai="103" who="0" fromWho="3" sc="208,58,532,0,68,0,192,-58" />
</Scene>
<Scene>
<INIT seed="4,1,0,4,0,43" ten="266,532,68,134" oya="0" hai0="135,28,105,77,53,36,0,64,50,11,68,88,33" hai1="86,76,31,41,48,119,84,37,59,13,3,113,21" hai2="101,49,131,70,81,56,10,110,128,78,65,14,118" hai3="100,69,102,116,54,123,40,80,93,106,38,4,114"/><T55/><D36/><U83/><E3/><V66/><F110/><W127/><G116/><T27/><D77/><U6/><E119/><V17/><F118/><W72/><G69/><T67/><D135/><U115/><E37/><V62/><F101/><W30/><G127/><T9/><D55/><U71/><E71/><V90/><F90/><W23/><G106/><T32/><D32/><U98/><E98/><V46/><F70/><W20/><G4/><T2/><D105/><U51/><E84/><V8/><F66/><W79/><G114/><N who="1" m="43530" /><E41/><V1/><F1/><W95/><G123/><T112/><D112/><U39/><E39/><V47/><F10/><W44/><G54/><T61/><D67/><U111/><E111/><V24/><F24/><W104/><G104/><T18/><D9/><N who="1" m="4279" /><E59/><V130/><REACH who="2" step="1"/><F49/><REACH who="2" ten="266,532,58,134" step="2"/><N who="3" m="26759" /><G102/><T82/><D11/><U122/><E122/><V35/><F35/><W91/><G38/><T5/><D0/><U63/><E63/><V26/><F26/><AGARI ba="1,1" hai="21,26,31,48,51,76,83,86" m="4279,43530" machi="26" ten="30,2000,0" yaku="15,1,11,1" doraHai="43" who="1" fromWho="2" sc="266,0,532,33,58,-23,134,0" />
</Scene>
<Scene>
<INIT seed="5,0,0,2,2,24" ten="266,565,35,134" oya="1" hai0="37,131,43,114,66,6,122,29,16,40,3,58,38" hai1="14,108,20,45,44,7,59,96,39,125,128,75,109" hai2="12,28,68,98,82,123,23,55,92,74,84,117,71" hai3="61,119,19,88,31,17,78,1,36,54,104,112,25"/><U33/><E33/><V86/><F117/><W52/><G1/><T111/><D111/><U116/><E116/><V113/><F123/><W11/><G36/><T83/><D83/><U106/><E75/><V101/><F113/><W99/><G119/><T69/><D58/><U120/><E120/><V2/><F2/><W65/><G78/><T42/><D6/><U62/><E128/><V107/><F84/><W47/><G112/><T134/><D3/><U91/><E125/><V8/><F107/><W51/><G54/><T90/><D90/><U126/><E126/><V127/><F74/><W34/><G11/><T79/><D79/><U118/><E118/><V21/><F127/><W121/><G121/><T77/><D77/><U70/><E70/><V73/><F73/><W56/><REACH who="3" step="1"/><G88/><REACH who="3" ten="266,565,35,124" step="2"/><T48/><D37/><U97/><E39/><V81/><F55/><W49/><G49/><T27/><D48/><U124/><E124/><V76/><F82/><W89/><G89/><T63/><D38/><U41/><E109/><V15/><F8/><W50/><G50/><T35/><D114/><U130/><E108/><V129/><F76/><W72/><G72/><T26/><D122/><U4/><E130/><V103/><F129/><W18/><G18/><T10/><D131/><U135/><E135/><V94/><F81/><W22/><G22/><T100/><D134/><U87/><E106/><V102/><F86/><W85/><G85/><T60/><D10/><U95/><E87/><V32/><F23/><W110/><G110/><T46/><D16/><U30/><E20/><V57/><F21/><RYUUKYOKU ba="0,1" sc="266,-10,565,-10,35,-10,124,30" hai3="17,19,25,31,34,47,51,52,56,61,65,99,104" />
</Scene>
<Scene>
<INIT seed="6,1,1,4,5,97" ten="256,555,25,154" oya="2" hai0="39,125,45,49,68,120,80,37,29,82,66,12,13" hai1="95,134,89,127,121,61,102,111,43,9,91,116,33" hai2="54,21,81,135,1,26,124,74,94,118,133,130,122" hai3="63,131,47,62,18,51,132,6,48,50,22,128,2"/><V58/><F118/><W110/><G110/><T88/><D120/><U59/><E33/><V28/><F122/><W115/><G132/><N who="2" m="50761" /><F1/><W119/><G119/><T34/><D66/><U16/><E134/><V114/><F114/><W25/><G115/><T35/><D68/><U69/><E69/><V108/><F108/><W70/><G70/><T65/><D65/><U5/><E116/><V41/><F130/><N who="3" m="49707" /><G47/><T90/><D45/><U40/><E111/><V56/><F124/><W3/><G6/><T52/><D49/><U92/><E121/><V64/><F41/><W7/><G7/><T104/><D29/><U99/><E127/><V73/><F81/><W78/><G78/><T24/><D24/><U38/><E38/><V79/><F79/><W20/><G20/><T126/><D104/><U42/><E92/><V87/><F64/><W8/><G8/><T103/><D52/><N who="1" m="34023" /><E5/><V85/><F58/><W113/><G113/><T93/><D93/><U44/><E44/><V117/><F117/><W84/><G84/><N who="2" m="32329" /><F94/><W11/><G3/><T19/><D19/><U83/><E83/><V31/><F31/><N who="3" m="17847" /><G2/><T60/><D60/><AGARI ba="1,1" hai="21,26,28,54,56,60,73,74" m="32329,50761" machi="60" ten="30,1500,0" yaku="20,1" doraHai="97" who="2" fromWho="0" sc="256,-18,555,0,25,28,154,0" />
</Scene>
<Scene>
<INIT seed="6,2,0,4,2,17" ten="238,555,53,154" oya="2" hai0="57,115,110,91,2,72,113,60,92,94,6,111,38" hai1="51,62,58,126,104,47,35,33,45,61,127,46,122" hai2="67,40,12,30,64,78,8,13,28,116,87,131,98" hai3="14,120,31,84,20,39,82,21,105,7,86,132,3"/><V88/><F116/><W24/><G39/><T112/><D72/><U99/><E122/><V36/><F131/><W85/><G105/><T9/><D38/><U26/><E51/><V108/><F108/><W95/><G120/><T117/><D117/><U101/><E62/><V79/><F98/><W23/><G132/><T56/><D94/><U18/><E18/><N who="2" m="8455" /><F36/><W74/><G3/><T0/><D0/><U43/><E43/><V129/><F40/><W65/><G65/><N who="2" m="25161" /><F129/><W123/><G123/><T50/><D50/><U121/><E121/><V16/><F28/><W109/><G109/><N who="0" m="41483" /><D60/><U37/><E37/><V128/><F30/><W54/><G54/><T53/><D53/><U49/><E33/><V83/><F128/><W25/><G31/><T22/><D57/><U48/><E35/><V59/><F59/><W90/><G74/><T130/><D56/><U75/><E75/><V1/><F1/><W52/><G52/><T100/><D130/><U119/><E119/><V71/><F71/><W11/><G84/><N who="0" m="52327" /><D100/><U55/><E49/><V32/><F32/><W97/><G85/><T70/><D70/><U135/><E48/><V34/><F34/><W69/><G69/><T27/><D27/><U80/><E26/><V68/><F68/><W124/><G124/><N who="1" m="47658" /><E135/><V118/><F118/><W114/><G114/><T29/><D29/><U41/><E41/><V133/><F133/><W15/><G15/><T66/><D66/><U107/><E107/><V96/><F96/><W44/><G44/><T103/><D103/><AGARI ba="2,0" hai="7,11,14,20,21,23,24,25,82,86,90,95,97,103" machi="103" ten="40,8000,1" yaku="8,1,52,3" doraHai="17" who="3" fromWho="0" sc="238,-86,555,0,53,0,154,86" />
</Scene>
<Scene>
<INIT seed="7,0,0,0,2,11" ten="152,555,53,240" oya="3" hai0="35,77,58,86,8,93,83,75,38,29,13,111,114" hai1="1,64,112,37,87,72,32,9,115,110,54,19,130" hai2="24,97,122,26,2,18,76,113,89,53,23,10,121" hai3="49,0,15,70,108,90,42,68,47,12,61,117,22"/><W44/><G0/><T84/><D111/><U126/><E87/><V124/><F76/><W27/><G117/><T133/><D38/><U118/><E54/><V132/><F53/><W21/><G108/><T41/><D41/><U100/><E19/><V45/><F45/><W80/><G61/><T6/><D133/><U107/><E9/><V134/><F89/><W52/><G70/><T99/><D114/><U125/><E100/><V25/><F97/><W128/><G128/><T55/><D29/><U103/><E103/><V131/><F113/><W74/><G68/><T94/><D35/><U135/><E64/><V95/><F95/><W3/><G3/><T40/><D40/><U50/><E50/><V102/><F102/><W33/><G33/><T28/><D28/><U91/><E91/><V51/><F51/><N who="3" m="27031" /><G22/><T46/><D46/><U81/><E81/><V20/><F131/><W119/><G119/><T120/><D120/><N who="2" m="46186" /><F124/><W98/><G74/><T101/><REACH who="0" step="1"/><D93/><REACH who="0" ten="142,555,53,240" step="2"/><U48/><E48/><AGARI ba="0,1" hai="6,8,13,48,55,58,75,77,83,84,86,94,99,101" machi="48" ten="30,7700,0" yaku="1,1,2,1,7,1,52,1,53,0" doraHai="11" doraHaiUra="39" who="0" fromWho="1" sc="142,87,555,-77,53,0,240,0" owari="229,-17.0,478,58.0,53,-45.0,240,4.0" />
</Scene>
</mjloggm>