<mjloggm ver="2.3"><GO type="169" lobby="0"/><UN n0="%4D%69%74%75%69" n1="%4F%5A%4B%59" n2="%E3%82%A8%E3%82%B9%E3%83%86%E3%83%BC" n3="%E5%A4%AA%E3%81%8F%E3%81%AA%E3%81%84%E3%81%8A" dan="16,16,17,17" rate="2039.51,2067.33,2123.34,2157.68" sx="M,M,F,M"/><TAIKYOKU oya="0"/>

<Scene>
<INIT seed="0,0,0,4,1,128" ten="250,250,250,250" oya="0" hai0="52,33,28,120,11,38,35,1,9,21,44,127,94" hai1="37,14,98,117,7,82,88,5,76,111,133,70,104" hai2="83,78,107,23,17,100,85,105,51,8,63,132,90" hai3="72,84,66,125,131,121,36,4,3,122,31,64,129"/><T119/><D120/><N who="3" m="46185" /><G72/><T81/><D119/><U73/><E117/><V34/><F34/><W45/><G31/><T75/><D127/><U109/><E70/><V55/><F100/><W130/><G84/><T103/><D11/><U96/><E37/><V118/><F118/><W93/><G93/><T110/><D110/><N who="1" m="41995" /><E133/><V86/><F63/><W20/><G20/><T116/><D116/><U48/><E48/><V114/><F8/><N who="3" m="2079" /><G125/><T0/><D21/><U42/><E42/><AGARI ba="0,0" hai="36,42,45,64,66,129,130,131" m="2079,46185" machi="42" ten="40,2600,0" yaku="19,1,13,1" doraHai="128" who="3" fromWho="1" sc="250,0,250,-26,250,0,250,26" />
</Scene>
<Scene>
<INIT seed="1,0,0,0,3,58" ten="250,224,250,276" oya="1" hai0="28,47,15,92,129,94,39,21,132,113,99,34,4" hai1="37,124,117,90,84,82,33,62,81,2,30,106,133" hai2="64,35,108,19,61,71,5,17,107,76,123,0,115" hai3="134,18,74,114,12,87,83,127,66,73,8,77,3"/><U85/><E117/><V130/><F123/><W59/><G114/><T42/><D113/><U26/><E106/><V45/><F115/><W38/><G38/><T20/><D132/><U16/><E37/><V22/><F35/><W40/><G40/><T110/><D110/><U116/><E2/><V125/><F107/><W55/><G66/><T121/><D129/><U23/><E116/><V120/><F120/><W9/><G134/><T101/><D121/><U96/><E133/><V91/><F91/><W72/><G127/><T70/><D70/><U97/><E124/><V46/><F130/><W29/><G29/><T11/><REACH who="0" step="1"/><D94/><REACH who="0" ten="240,224,250,276" step="2"/><U118/><E118/><V60/><F108/><W52/><G59/><T119/><D119/><U88/><REACH who="1" step="1"/><E62/><REACH who="1" ten="240,214,250,276" step="2"/><V98/><F61/><W105/><G105/><T54/><D54/><U126/><E126/><V48/><F60/><W78/><G52/><T80/><D80/><U1/><E1/><V10/><F0/><W14/><G55/><T41/><D41/><U131/><E131/><V93/><F125/><W50/><G3/><T31/><D31/><U103/><E103/><V69/><F69/><W57/><G57/><T24/><AGARI ba="0,2" hai="4,11,15,20,21,24,28,34,39,42,47,92,99,101" machi="24" ten="30,2000,0" yaku="1,1,0,1,53,0" doraHai="58" doraHaiUra="51" who="0" fromWho="0" sc="240,40,214,-10,250,-5,276,-5" />
</Scene>
<Scene>
<INIT seed="2,0,0,2,2,103" ten="280,204,245,271" oya="2" hai0="79,7,81,4,85,92,101,19,125,107,42,43,108" hai1="41,114,93,64,27,31,11,86,1,63,2,62,102" hai2="10,98,113,45,111,75,29,115,99,51,89,96,21" hai3="12,110,135,40,14,120,17,117,127,122,129,116,20"/><V124/><F75/><W76/><G40/><T112/><D112/><U68/><E114/><V8/><F113/><W126/><G76/><T56/><D125/><N who="3" m="47625" /><G110/><T131/><D108/><U77/><E41/><N who="0" m="15369" /><D131/><U35/><E63/><V28/><F124/><W78/><G78/><T121/><D121/><N who="3" m="46697" /><G129/><T23/><D56/><U48/><E48/><V95/><F115/><W60/><G60/><T66/><D107/><U9/><E77/><V57/><F45/><W90/><G90/><T65/><D92/><U132/><E132/><V30/><F21/><W38/><G38/><T105/><D105/><U106/><E86/><N who="2" m="52663" /><F111/><W47/><G47/><T3/><D101/><U72/><E72/><V97/><N who="2" m="24576" /><DORA hai="70" /><V91/><F91/><W94/><G94/><T80/><D3/><U118/><E93/><V134/><F134/><W82/><G82/><T39/><D81/><U84/><E102/><V37/><F37/><W128/><G128/><T33/><D33/><U46/><E106/><V16/><F57/><W71/><G71/><T25/><D39/><U44/><E118/><N who="3" m="45674" /><G135/><T15/><D66/><U0/><REACH who="1" step="1"/><E84/><REACH who="1" ten="280,194,245,271" step="2"/><V49/><F49/><W83/><G83/><T52/><D65/><U74/><E74/><V61/><F51/><W73/><G73/><T133/><D133/><U13/><E13/><AGARI ba="0,1" hai="12,13,14,17,20" m="45674,46697,47625" machi="13" ten="40,5200,0" yaku="18,1,34,2" doraHai="103,70" who="3" fromWho="1" sc="280,0,194,-52,245,0,271,62" />
</Scene>
<Scene>
<INIT seed="3,0,0,5,4,96" ten="280,142,245,333" oya="3" hai0="74,135,55,27,68,123,63,77,95,20,23,57,7" hai1="82,117,134,70,73,17,6,24,90,113,26,124,64" hai2="86,128,115,59,40,89,47,29,132,84,36,44,45" hai3="107,32,19,46,3,2,65,91,61,120,75,97,9"/><W99/><G120/><T49/><D123/><U111/><E113/><V78/><F115/><W109/><G75/><T104/><D104/><U50/><E111/><V133/><F29/><W38/><G32/><T35/><D135/><N who="2" m="51786" /><F128/><W25/><G109/><T10/><D35/><U131/><E131/><V43/><F36/><W18/><G25/><T21/><D74/><U28/><E134/><V41/><F78/><W48/><G38/><T0/><D77/><U130/><E130/><V102/><F102/><W92/><G99/><T15/><D0/><U119/><E124/><V98/><F59/><W62/><G107/><T87/><D68/><U72/><E6/><V30/><F30/><W37/><G37/><T122/><D122/><U94/><E50/><V118/><F118/><N who="1" m="45065" /><E17/><V129/><F129/><W112/><G112/><T88/><REACH who="0" step="1"/><D49/><REACH who="0" ten="270,142,245,333" step="2"/><U101/><E72/><V33/><F33/><W110/><G2/><T5/><D5/><U76/><E70/><V108/><F108/><W53/><G110/><T81/><D81/><U51/><E51/><V4/><F4/><W52/><G3/><T126/><D126/><U127/><E127/><V12/><F41/><W42/><G42/><T67/><D67/><U80/><E80/><V58/><F40/><W34/><G34/><T54/><D54/><U56/><E64/><V114/><F114/><W69/><G53/><T39/><D39/><U100/><E56/><V103/><F43/><W13/><G62/><T22/><D22/><N who="1" m="15383" /><E26/><AGARI ba="0,1" hai="7,10,15,20,21,23,26,27,55,57,63,87,88,95" machi="26" ten="40,5200,0" yaku="1,1,8,1,54,1,53,0" doraHai="96" doraHaiUra="60" who="0" fromWho="1" sc="270,62,142,-52,245,0,333,0" />
</Scene>
<Scene>
<INIT seed="4,0,0,5,2,127" ten="332,90,245,333" oya="0" hai0="133,77,90,74,31,106,94,103,20,75,108,47,92" hai1="122,35,118,19,120,134,15,33,87,91,17,2,39" hai2="114,111,84,5,49,66,40,76,23,70,68,9,63" hai3="78,123,116,22,61,59,46,126,25,50,42,100,88"/><T97/><D108/><U98/><E39/><V45/><F111/><W58/><G116/><T82/><D47/><U4/><E118/><V13/><F114/><W89/><G126/><T14/><D31/><U28/><E134/><V83/><REACH who="2" step="1"/><F23/><REACH who="2" ten="332,90,235,333" step="2"/><W85/><G22/><T7/><D133/><U102/><E122/><V79/><F79/><W96/><G78/><T69/><D20/><U51/><E120/><V95/><F95/><W131/><G123/><T36/><D36/><U16/><E35/><V11/><F11/><W18/><G25/><T67/><D75/><U110/><E33/><V71/><AGARI ba="0,1" hai="5,9,13,40,45,49,63,66,68,70,71,76,83,84" machi="71" ten="20,8000,1" yaku="1,1,0,1,7,1,25,2,53,0" doraHai="127" doraHaiUra="24" who="2" fromWho="2" sc="332,-40,90,-20,235,90,333,-20" />
</Scene>
<Scene>
<INIT seed="5,0,0,5,0,59" ten="292,70,325,313" oya="1" hai0="30,25,39,80,84,31,60,124,19,123,53,82,45" hai1="44,100,32,74,17,18,56,64,125,119,2,21,97" hai2="55,48,135,6,65,26,93,106,78,4,110,49,133" hai3="68,86,70,127,121,126,41,8,50,117,35,115,34"/><U62/><E119/><V128/><F106/><W3/><G121/><T5/><D123/><U42/><E74/><V13/><F110/><W132/><G117/><T61/><D39/><U83/><E32/><N who="3" m="12330" /><G115/><T63/><D124/><N who="3" m="47657" /><G132/><T112/><D112/><U7/><E125/><V116/><F128/><W76/><G76/><N who="0" m="46087" /><D5/><U22/><E83/><V131/><F65/><W107/><G107/><T120/><D82/><U75/><E75/><V43/><F48/><W72/><G86/><T103/><D103/><U9/><E22/><V14/><F4/><N who="3" m="1055" /><G72/><T24/><D120/><U71/><E21/><V54/><F49/><W90/><G90/><T96/><D96/><U12/><E2/><V37/><F37/><W129/><G129/><T95/><D95/><N who="1" m="58431" /><E71/><V87/><F93/><W111/><G111/><T23/><D25/><U134/><E134/><V79/><F26/><W67/><G67/><T38/><D38/><U94/><E94/><V52/><F116/><W89/><G89/><T81/><D81/><U1/><E1/><V118/><F118/><W66/><G66/><T109/><D109/><U101/><E101/><V113/><F131/><W28/><G28/><N who="0" m="10795" /><D45/><AGARI ba="0,0" hai="41,45,50,68,70" m="1055,47657,12330" machi="45" ten="30,1000,0" yaku="18,1" doraHai="59" who="3" fromWho="0" sc="292,-10,70,0,325,0,313,10" />
</Scene>
<Scene>
<INIT seed="6,0,0,0,1,9" ten="282,70,325,323" oya="2" hai0="101,105,21,88,38,3,85,16,123,114,7,84,28" hai1="126,66,46,33,1,18,55,90,121,77,116,40,113" hai2="17,80,2,23,96,50,64,106,35,130,36,60,99" hai3="39,11,70,57,78,112,82,61,132,103,37,26,76"/><V104/><F36/><W31/><G70/><T122/><D38/><U56/><E116/><V83/><F2/><W10/><G132/><T48/><D114/><U65/><E1/><V19/><F35/><W6/><G103/><T75/><D75/><U79/><E113/><V5/><F5/><W27/><G112/><T24/><D85/><U89/><E33/><V45/><F130/><W109/><G109/><T22/><D7/><U41/><E18/><N who="2" m="6667" /><F106/><W52/><G10/><T120/><D3/><U67/><E121/><V30/><F104/><W20/><G27/><T86/><D86/><U71/><E71/><V8/><F8/><W108/><G108/><T62/><D62/><U97/><E126/><V135/><F60/><W111/><G111/><T14/><D105/><U68/><E68/><V54/><F64/><W127/><G127/><T117/><D101/><U72/><E40/><V29/><F135/><W49/><G76/><T87/><D117/><U98/><E72/><V110/><F110/><W43/><G43/><T74/><D74/><U4/><E4/><V93/><F99/><N who="1" m="37897" /><E46/><V125/><F125/><W69/><G61/><T47/><REACH who="0" step="1"/><D88/><REACH who="0" ten="272,70,325,323" step="2"/><N who="1" m="33899" /><E41/><AGARI ba="0,1" hai="14,16,21,22,24,28,41,47,48,84,87,120,122,123" machi="41" ten="40,5200,0" yaku="1,1,52,1,54,1,53,0" doraHai="9" doraHaiUra="124" who="0" fromWho="1" sc="272,62,70,-52,325,0,323,0" />
</Scene>
<Scene>
<INIT seed="7,0,0,0,5,55" ten="334,18,325,323" oya="3" hai0="113,91,63,11,78,103,67,53,17,47,83,129,96" hai1="24,77,86,107,58,34,48,126,121,89,97,99,41" hai2="125,116,74,62,98,134,59,95,108,124,2,85,1" hai3="6,122,111,82,80,61,115,15,35,28,0,54,120"/><W51/><G0/><T64/><D129/><U131/><E121/><V117/><F108/><W39/><G39/><T105/><D113/><U18/><E131/><V114/><F134/><W19/><G6/><T81/><D78/><U87/><E126/><N who="2" m="48747" /><F114/><W76/><G115/><T60/><D91/><U37/><E37/><V29/><F85/><W21/><G111/><T3/><D53/><U23/><E34/><V43/><F43/><W70/><G35/><T79/><D47/><U102/><E41/><V123/><F29/><W68/><G28/><T90/><D90/><U26/><E26/><V104/><F104/><W84/><G80/><T128/><D128/><U33/><E33/><V92/><F74/><W73/><G73/><T94/><D105/><U110/><E110/><V69/><F69/><W57/><REACH who="3" step="1"/><G68/><REACH who="3" ten="334,18,325,313" step="2"/><T45/><D3/><N who="2" m="1034" /><F123/><W4/><G4/><T16/><D83/><U8/><E107/><V93/><F98/><W135/><G135/><T36/><D81/><U130/><E130/><V25/><F25/><W30/><G30/><T56/><D79/><U101/><E89/><V112/><F112/><W65/><AGARI ba="0,1" hai="15,19,21,51,54,57,61,65,70,76,82,84,120,122" machi="65" ten="30,6000,0" yaku="1,1,0,1,52,1,53,0" doraHai="55" doraHaiUra="32" who="3" fromWho="3" sc="334,-20,18,-20,325,-20,313,70" owari="314,11.0,-2,-50.0,305,-9.0,383,48.0" />
</Scene>
</mjloggm>