<mjloggm ver="2.3"><GO type="169" lobby="0"/><UN n0="%E3%81%A1%E3%82%83%E3%81%9D%E2%98%86" n1="%E3%81%9F%E3%81%91%E3%81%AB%E3%81%8D" n2="%E5%A4%AA%E3%81%8F%E3%81%AA%E3%81%84%E3%81%8A" n3="%E6%B9%8A%E3%81%AE%E9%87%A3%E5%B8%AB" dan="17,16,17,16" rate="2097.64,2061.92,2205.75,2093.94" sx="M,M,M,M"/><TAIKYOKU oya="0"/>

<Scene>
<INIT seed="0,0,0,5,1,87" ten="250,250,250,250" oya="0" hai0="96,5,64,41,109,47,104,32,90,123,127,112,81" hai1="98,122,74,110,7,19,92,50,11,30,99,27,76" hai2="130,17,83,3,43,108,63,10,72,37,121,28,44" hai3="54,111,60,6,1,101,117,29,59,82,107,61,129"/><T113/><D123/><U51/><E122/><V84/><F121/><W58/><G117/><T91/><D32/><U14/><E110/><V67/><F108/><W115/><G111/><T16/><D109/><U120/><E120/><V125/><F125/><W69/><G115/><T21/><D5/><U26/><E99/><V24/><F130/><W31/><G129/><T131/><D131/><U79/><E19/><V128/><F128/><W2/><G82/><T38/><D127/><U46/><E74/><V97/><F97/><W55/><G69/><T106/><D64/><U71/><E71/><V65/><F63/><W0/><G6/><T25/><D81/><U53/><E50/><V62/><F62/><W93/><G107/><T52/><D52/><U89/><REACH who="1" step="1"/><E26/><REACH who="1" ten="250,240,250,250" step="2"/><V40/><F17/><W39/><G39/><T23/><D96/><AGARI ba="0,1" hai="0,1,2,29,31,54,55,58,59,60,61,93,96,101" machi="96" ten="40,1300,0" yaku="9,1" doraHai="87" who="3" fromWho="0" sc="250,-13,240,0,250,0,250,23" />
</Scene>
<Scene>
<INIT seed="1,0,0,3,5,6" ten="237,240,250,273" oya="1" hai0="117,29,75,15,79,38,108,16,132,45,63,56,104" hai1="124,41,71,37,99,130,68,93,70,12,116,52,95" hai2="18,25,106,77,123,14,50,46,115,107,8,24,57" hai3="85,81,40,78,89,48,119,105,111,69,129,36,20"/><U90/><E116/><V96/><F123/><W87/><G119/><T30/><D117/><U121/><E121/><V127/><F127/><W80/><G105/><T5/><D108/><U35/><E35/><V72/><F115/><W43/><G69/><T31/><D104/><U102/><E124/><V101/><F106/><W88/><G111/><T13/><D132/><U1/><E1/><V86/><F72/><W76/><G129/><T33/><D33/><U109/><E109/><V120/><F120/><W9/><G36/><T4/><D75/><U122/><E122/><V54/><F77/><W7/><G20/><N who="0" m="11295" /><D38/><U47/><E130/><V26/><REACH who="2" step="1"/><F86/><REACH who="2" ten="237,240,240,273" step="2"/><W114/><G114/><T55/><D79/><U82/><E82/><V59/><AGARI ba="0,1" hai="8,14,18,24,25,26,46,50,54,57,59,96,101,107" machi="59" ten="30,7900,0" yaku="1,1,2,1,0,1,52,1,53,0" doraHai="6" doraHaiUra="135" who="2" fromWho="2" sc="237,-20,240,-39,240,89,273,-20" />
</Scene>
<Scene>
<INIT seed="2,0,0,1,1,95" ten="217,201,329,253" oya="2" hai0="16,129,100,103,66,17,94,114,87,58,60,112,128" hai1="70,75,45,124,43,36,21,127,108,93,68,134,123" hai2="105,32,26,12,63,119,62,31,53,69,10,67,73" hai3="98,116,132,38,106,117,18,52,72,56,80,82,88"/><V27/><F119/><W74/><G38/><T107/><D107/><U30/><E75/><V115/><F115/><N who="0" m="44074" /><D87/><U22/><E108/><V20/><F73/><W84/><G132/><T44/><D44/><U57/><E134/><V34/><F105/><W131/><G131/><N who="0" m="50251" /><D100/><U35/><E35/><V86/><F27/><W48/><G74/><T118/><D118/><U33/><E33/><V99/><F86/><W83/><G18/><T76/><D76/><U121/><E57/><V39/><F39/><W46/><G46/><T79/><D79/><U61/><E93/><V110/><F110/><W126/><G126/><N who="1" m="48170" /><E21/><V85/><F85/><W28/><G72/><T122/><D122/><N who="1" m="46603" /><E61/><V133/><F133/><W25/><G117/><T130/><D130/><U24/><AGARI ba="0,0" hai="22,24,30,36,43,45,68,70" m="46603,48170" machi="24" ten="40,2700,0" yaku="18,1,13,1" doraHai="95" who="1" fromWho="1" sc="217,-7,201,27,329,-13,253,-7" />
</Scene>
<Scene>
<INIT seed="3,0,0,1,5,109" ten="210,228,316,246" oya="3" hai0="57,34,18,27,14,100,127,13,106,97,22,125,131" hai1="32,104,126,30,1,40,81,98,110,135,111,58,99" hai2="75,90,115,130,118,85,133,60,77,45,63,102,11" hai3="47,129,108,79,68,9,21,23,124,19,52,72,70"/><W20/><G108/><N who="1" m="41514" /><E1/><V12/><F118/><W61/><G129/><T44/><D131/><U31/><E40/><V33/><F130/><W64/><G124/><N who="0" m="47691" /><D34/><U101/><E135/><V88/><F33/><W80/><G70/><T86/><D57/><U37/><E37/><V29/><F133/><W59/><G47/><T112/><D112/><U82/><E58/><V96/><F29/><N who="1" m="10761" /><E32/><V35/><F35/><W73/><G73/><T15/><D86/><U95/><E126/><V51/><F75/><W5/><G68/><T74/><D74/><U113/><E113/><V120/><F115/><W105/><G64/><T53/><D53/><U122/><E122/><V6/><F120/><W54/><G54/><T38/><D44/><U66/><E66/><V55/><F77/><W134/><G134/><T103/><D103/><AGARI ba="0,0" hai="81,82,95,98,99,101,103,104" m="10761,41514" machi="103" ten="30,1000,0" yaku="14,1" doraHai="109" who="1" fromWho="0" sc="210,-10,228,10,316,0,246,0" />
</Scene>
<Scene>
<INIT seed="4,0,0,5,2,102" ten="200,238,316,246" oya="0" hai0="76,44,122,71,33,20,10,42,80,97,116,107,31" hai1="96,52,43,74,128,62,48,99,68,79,87,49,83" hai2="111,105,30,6,7,88,75,28,123,103,14,131,104" hai3="81,60,18,47,112,86,17,66,3,41,8,73,46"/><T19/><D116/><U16/><E128/><V100/><F75/><W93/><G112/><T78/><D122/><U91/><E68/><V98/><F123/><W101/><G73/><T38/><D71/><U67/><E67/><V59/><F111/><W135/><G135/><T117/><D117/><U15/><E43/><V115/><F115/><W54/><G54/><T132/><D132/><U108/><E62/><V72/><F72/><W92/><G46/><T118/><D80/><U2/><E2/><V90/><F59/><W89/><G101/><T69/><D69/><U4/><E4/><V82/><F82/><W58/><G3/><T119/><D10/><U34/><E34/><V84/><F14/><W1/><G1/><T36/><D36/><U109/><E48/><V56/><F56/><W45/><G45/><T53/><D53/><U70/><E70/><V0/><F0/><W40/><G40/><T134/><D134/><U130/><E130/><V50/><F98/><N who="1" m="37417" /><E109/><V133/><F133/><W22/><G8/><T26/><D119/><U25/><E25/><V63/><F131/><W9/><G9/><T124/><D124/><U120/><E74/><V55/><F55/><W106/><G18/><T125/><D125/><U129/><E108/><V113/><F113/><W29/><G29/><T110/><D110/><U13/><E120/><V126/><F50/><N who="3" m="26991" /><G106/><T11/><D11/><N who="1" m="6207" /><E129/><V32/><F126/><W12/><AGARI ba="0,0" hai="12,17,22,58,60,66,81,86,89,92,93" m="26991" machi="12" ten="30,1100,0" yaku="8,1" doraHai="102" who="3" fromWho="3" sc="200,-5,238,-3,316,-3,246,11" />
</Scene>
<Scene>
<INIT seed="5,0,0,5,4,42" ten="195,235,313,257" oya="1" hai0="95,43,132,44,82,122,79,99,134,27,2,8,39" hai1="5,124,109,107,7,83,4,72,3,103,37,102,104" hai2="41,13,131,120,135,118,1,125,113,119,51,90,129" hai3="45,58,78,100,65,21,75,70,112,17,32,84,76"/><U97/><E124/><V96/><F1/><W68/><G32/><T74/><D122/><U108/><E3/><V18/><F120/><W23/><G112/><T80/><D80/><U26/><E37/><V33/><F33/><W47/><G100/><T46/><D27/><U31/><E72/><V98/><F125/><W59/><G75/><T11/><D44/><U89/><E89/><V16/><F113/><W85/><G17/><N who="2" m="6761" /><F13/><W88/><G88/><N who="0" m="55783" /><D8/><U101/><E83/><V69/><F135/><W14/><G14/><T15/><D15/><U127/><E127/><V105/><F69/><W130/><REACH who="3" step="1"/><G65/><REACH who="3" ten="195,235,313,247" step="2"/><T20/><D20/><N who="1" m="15815" /><E97/><V38/><F90/><W92/><G92/><T55/><D55/><U54/><E54/><V53/><F98/><W66/><G66/><T81/><D81/><U22/><E22/><V34/><F34/><W49/><G49/><T73/><D73/><U10/><E10/><V48/><F48/><W117/><G117/><T64/><D64/><U67/><E67/><V106/><F51/><W126/><G126/><T63/><D63/><U133/><E133/><V114/><F53/><W94/><G94/><T52/><D52/><U28/><E28/><V36/><F114/><W91/><G91/><T111/><D134/><U121/><E121/><V61/><F61/><W57/><G57/><T6/><D132/><U93/><E93/><V40/><F96/><W115/><G115/><T62/><D62/><U116/><E116/><N who="2" m="44587" /><F36/><W71/><G71/><T77/><D77/><U35/><E35/><V30/><F38/><W9/><G9/><T60/><D60/><RYUUKYOKU ba="0,1" sc="195,10,235,10,313,-30,247,10" hai0="2,6,11,39,43,46,74,79,82,111" hai1="4,5,7,101,102,103,104,107,108,109" hai3="21,23,45,47,58,59,68,70,76,78,84,85,130" />
</Scene>
<Scene>
<INIT seed="5,1,1,4,1,87" ten="205,245,283,257" oya="1" hai0="111,61,129,49,90,48,81,89,114,41,35,65,116" hai1="128,100,18,82,3,79,19,23,22,71,88,42,120" hai2="2,127,43,134,72,39,0,6,133,14,11,1,83" hai3="32,118,96,21,85,105,86,106,30,132,17,31,58"/><U34/><E120/><V59/><F127/><W29/><G132/><N who="2" m="50793" /><F59/><W73/><G32/><T52/><D116/><U107/><E34/><V56/><F56/><W26/><G73/><T38/><D111/><U13/><E3/><V98/><F98/><W112/><G118/><T53/><D35/><U64/><E42/><V130/><F130/><W99/><G112/><T55/><D129/><U117/><E117/><V63/><F63/><W62/><G106/><T44/><D114/><U91/><E128/><V123/><F123/><W54/><G105/><T9/><D9/><U69/><E100/><V95/><F95/><W103/><G103/><T57/><REACH who="0" step="1"/><D81/><REACH who="0" ten="195,245,283,257" step="2"/><U78/><E82/><V12/><F11/><W75/><G75/><T37/><D37/><U27/><E107/><V51/><F39/><W110/><G110/><T45/><D45/><U28/><E28/><V135/><F135/><W131/><G131/><T97/><D97/><AGARI ba="1,2" hai="17,21,26,29,30,31,54,58,62,85,86,96,97,99" machi="97" ten="40,1300,0" yaku="8,1" doraHai="87" who="3" fromWho="0" sc="195,-16,245,0,283,0,257,36" />
</Scene>
<Scene>
<INIT seed="6,0,0,4,3,129" ten="179,245,283,293" oya="2" hai0="40,80,108,70,114,33,37,125,31,21,83,5,131" hai1="68,94,88,54,79,28,44,123,55,111,8,100,119" hai2="97,14,96,134,93,9,30,124,0,95,56,122,115" hai3="7,121,53,36,71,76,66,61,133,73,60,57,18"/><V2/><F122/><W74/><G121/><T48/><D70/><U17/><E119/><V25/><F115/><W26/><G36/><T65/><D108/><U72/><E111/><V12/><F124/><W107/><G107/><T42/><D33/><U52/><E100/><V69/><F69/><W32/><G7/><T46/><D125/><U63/><E28/><V109/><F109/><W92/><G76/><T6/><D131/><U102/><E102/><V45/><F45/><W64/><G64/><T67/><D114/><U117/><E117/><V103/><F56/><W50/><G50/><T49/><D21/><U128/><E128/><V99/><F14/><W85/><G32/><T62/><D62/><U110/><E110/><V41/><F41/><W4/><G4/><T11/><D31/><U106/><E106/><V24/><F24/><W75/><G18/><T127/><D127/><U126/><E126/><V15/><F15/><W86/><G26/><T10/><REACH who="0" step="1"/><D37/><REACH who="0" ten="169,245,283,293" step="2"/><U91/><E63/><V77/><F30/><W39/><G39/><T34/><D34/><U82/><E68/><V132/><F9/><W112/><G61/><T51/><D51/><N who="1" m="28775" /><E123/><V104/><F104/><W90/><G112/><T87/><D87/><N who="1" m="50679" /><E72/><V3/><F99/><W135/><G86/><T113/><D113/><U1/><E8/><V78/><F96/><W130/><G130/><T58/><D58/><U98/><E98/><V84/><F97/><W118/><G118/><T43/><D43/><U59/><E59/><V101/><F103/><W89/><G74/><T13/><D13/><U105/><E105/><RYUUKYOKU ba="0,1" sc="169,30,245,-10,283,-10,293,-10" hai0="5,6,10,11,40,42,46,48,49,65,67,80,83" />
</Scene>
<Scene>
<INIT seed="7,1,1,3,4,1" ten="199,235,273,283" oya="3" hai0="46,135,45,66,17,109,3,111,65,49,131,98,20" hai1="90,84,36,38,40,132,81,133,96,63,79,69,60" hai2="105,14,61,108,32,128,43,130,123,97,114,87,91" hai3="56,89,129,88,8,0,119,70,121,73,19,115,31"/><W124/><G119/><T85/><D85/><U7/><E7/><V72/><F108/><N who="0" m="41546" /><D17/><U62/><E69/><V78/><F32/><W39/><G121/><T26/><D98/><U57/><E57/><V99/><F123/><W113/><G70/><T118/><D3/><U64/><E64/><N who="0" m="24681" /><D118/><U30/><E30/><V22/><F61/><W116/><G116/><T47/><D20/><U112/><E112/><N who="3" m="43082" /><G129/><N who="2" m="49769" /><F43/><W28/><G124/><T77/><D77/><U75/><E96/><V110/><F114/><W93/><G73/><T103/><D131/><U101/><E101/><V2/><F2/><W12/><G0/><T15/><D15/><U44/><REACH who="1" step="1"/><E36/><REACH who="1" ten="199,225,273,283" step="2"/><V33/><F110/><W24/><G39/><T54/><D103/><U117/><E117/><V27/><F97/><N who="3" m="57511" /><G31/><T21/><D26/><U82/><AGARI ba="1,2" hai="38,40,44,60,62,63,75,79,81,82,84,90,132,133" machi="82" ten="30,4000,0" yaku="1,1,0,1,53,1" doraHai="1" doraHaiUra="37" who="1" fromWho="1" sc="199,-11,225,63,273,-11,283,-21" />
</Scene>
<Scene>
<INIT seed="8,0,0,0,1,17" ten="188,288,262,262" oya="0" hai0="20,73,122,36,51,74,37,125,92,117,64,114,38" hai1="24,109,119,61,34,118,45,28,42,81,124,3,79" hai2="102,70,110,69,84,29,105,127,59,16,80,68,87" hai3="2,72,7,27,46,83,6,107,99,86,126,11,67"/><T76/><D125/><U88/><E124/><V47/><F127/><W130/><G126/><T22/><D114/><U120/><E120/><V135/><F110/><W95/><G130/><T132/><D122/><U32/><E109/><V14/><F135/><W54/><G72/><T133/><D64/><U78/><E3/><V19/><F29/><W58/><G107/><T33/><D33/><U10/><E10/><V96/><F59/><W60/><G7/><T13/><D117/><N who="1" m="44555" /><E61/><V40/><F19/><W104/><G104/><T113/><D113/><U44/><E34/><V9/><REACH who="2" step="1"/><F80/><REACH who="2" ten="188,288,252,262" step="2"/><W121/><G121/><T23/><D13/><U103/><E44/><V106/><F106/><W8/><G46/><T112/><D112/><U82/><E82/><V71/><N who="2" m="17408" /><DORA hai="75" /><V4/><F4/><W52/><G6/><T30/><D30/><U18/><E18/><V41/><F41/><W65/><G83/><T26/><D26/><U56/><E56/><V77/><F77/><W123/><G27/><T134/><D76/><U85/><E103/><V97/><F97/><W100/><G123/><T89/><D51/><AGARI ba="0,1" hai="24,28,32,42,45,51,78,79,81,85,88" m="44555" machi="51" ten="30,7700,0" yaku="16,1,52,2,54,1" doraHai="17,75" who="1" fromWho="0" sc="188,-77,288,87,252,0,262,0" /><AGARI ba="0,0" hai="9,14,16,40,47,51,84,87,96,102,105" m="17408" machi="51" ten="70,4500,0" yaku="1,1,54,1,53,0" doraHai="17,75" doraHaiUra="25,21" who="2" fromWho="0" sc="111,-45,375,0,252,45,262,0" owari="66,-43.0,375,47.0,297,10.0,262,-14.0" />
</Scene>
</mjloggm>