<mjloggm ver="2.3"><GO type="169" lobby="0"/><UN n0="%E5%A4%AA%E3%81%8F%E3%81%AA%E3%81%84%E3%81%8A" n1="%E5%88%B9%E9%82%A3%E3%81%AE%E5%A3%B0" n2="%6D%69%6E%32%30%30%32" n3="%E3%83%A4%E3%82%AD%E3%83%B3" dan="17,16,16,18" rate="2212.65,2138.69,2064.35,2212.42" sx="M,M,F,M"/><TAIKYOKU oya="0"/>

<Scene>
<INIT seed="0,0,0,5,5,26" ten="250,250,250,250" oya="0" hai0="6,71,112,11,62,79,63,47,66,48,59,98,4" hai1="38,37,118,56,25,18,10,91,42,31,132,5,135" hai2="74,94,33,45,129,49,1,119,60,90,124,115,75" hai3="64,50,36,101,85,65,57,17,28,109,19,54,55"/><T35/><D112/><U21/><E118/><V96/><F115/><W84/><G36/><T12/><D35/><U69/><E69/><V128/><F119/><W73/><G73/><T30/><D79/><U92/><E56/><V32/><F124/><W111/><G101/><T89/><D98/><U130/><E130/><N who="2" m="50283" /><F1/><W100/><G100/><T44/><D89/><U3/><E18/><V108/><F60/><W13/><G57/><T82/><D82/><U70/><E70/><V127/><F127/><W113/><G113/><T83/><D83/><U106/><E106/><V52/><F108/><W131/><G131/><T61/><D4/><U46/><REACH who="1" step="1"/><E38/><REACH who="1" ten="250,240,250,250" step="2"/><V107/><F107/><W122/><G19/><T77/><D71/><U22/><E22/><V134/><F134/><W2/><G17/><T23/><D59/><U114/><E114/><V68/><F68/><W72/><G109/><T121/><D23/><U95/><E95/><V8/><F8/><W123/><G111/><T102/><D11/><U117/><E117/><V0/><F0/><W67/><G2/><T87/><D6/><U105/><E105/><V103/><F33/><W20/><G20/><T34/><D34/><U86/><AGARI ba="0,1" hai="3,5,10,21,25,31,37,42,46,86,91,92,132,135" machi="86" ten="30,4000,0" yaku="1,1,0,1,52,1,53,0" doraHai="26" doraHaiUra="125" who="1" fromWho="1" sc="250,-20,240,50,250,-10,250,-10" />
</Scene>
<Scene>
<INIT seed="1,0,0,4,5,88" ten="230,290,240,240" oya="1" hai0="64,115,71,17,117,131,87,49,109,90,15,77,95" hai1="65,21,25,55,29,126,98,125,85,86,81,18,3" hai2="46,8,124,114,24,60,122,110,34,26,11,61,47" hai3="129,119,111,52,30,31,100,20,5,69,1,44,91"/><U2/><E65/><V96/><F122/><W32/><G32/><T73/><D115/><U35/><E55/><V50/><F114/><W76/><G69/><T63/><D117/><U133/><E98/><V127/><F110/><W6/><G76/><T4/><D109/><U102/><E102/><V103/><F11/><W57/><G119/><T108/><D108/><U12/><E85/><V94/><F8/><W59/><G129/><T135/><D131/><U39/><E39/><V23/><F34/><W58/><G100/><T9/><D135/><U48/><E48/><V132/><F132/><W16/><G1/><T93/><D49/><U66/><E66/><V120/><F26/><N who="3" m="14599" /><G111/><T70/><D4/><N who="3" m="1641" /><G91/><T79/><D73/><U13/><E133/><V42/><F120/><W99/><G99/><T101/><D71/><U82/><E3/><V43/><F127/><N who="1" m="48649" /><E86/><V67/><F124/><W74/><G74/><T106/><D106/><U51/><E2/><V27/><F67/><W0/><G0/><T22/><D101/><U62/><E35/><V116/><F116/><W84/><G84/><T33/><D33/><U75/><E75/><V130/><F130/><W40/><G40/><T78/><REACH who="0" step="1"/><D9/><REACH who="0" ten="220,290,240,240" step="2"/><U80/><E21/><V128/><F128/><W54/><G44/><T118/><D118/><U14/><E81/><AGARI ba="0,1" hai="15,17,22,63,64,70,77,78,79,81,87,90,93,95" machi="81" ten="40,5200,0" yaku="1,1,52,2,53,0" doraHai="88" doraHaiUra="41" who="0" fromWho="1" sc="220,62,290,-52,240,0,240,0" />
</Scene>
<Scene>
<INIT seed="2,0,0,5,0,19" ten="282,238,240,240" oya="2" hai0="43,127,75,107,82,88,79,31,7,11,45,65,66" hai1="14,85,13,124,37,17,68,102,6,93,44,133,114" hai2="24,83,10,36,108,98,34,128,77,95,74,121,100" hai3="112,56,78,48,25,90,23,47,50,51,106,29,30"/><V60/><F121/><W42/><G106/><T110/><D107/><U101/><E114/><V111/><F128/><W33/><G112/><T61/><D110/><N who="2" m="42026" /><F36/><W15/><G78/><T91/><D31/><U22/><E68/><V5/><F60/><W26/><G90/><T53/><D53/><U86/><E124/><V96/><F96/><W18/><REACH who="3" step="1"/><G56/><REACH who="3" ten="282,238,240,230" step="2"/><T113/><D113/><U103/><E133/><V20/><F34/><AGARI ba="0,1" hai="15,18,23,25,26,29,30,33,34,42,47,48,50,51" machi="34" ten="30,8000,1" yaku="1,1,2,1,7,1,9,1,52,1,53,0" doraHai="19" doraHaiUra="54" who="3" fromWho="2" sc="282,0,238,0,240,-80,230,90" />
</Scene>
<Scene>
<INIT seed="3,0,0,2,0,7" ten="282,238,160,320" oya="3" hai0="117,88,5,102,11,131,83,96,114,56,132,1,113" hai1="65,78,101,62,29,9,6,36,34,111,124,53,135" hai2="116,89,125,54,39,40,48,12,106,50,76,63,118" hai3="25,13,87,8,28,134,0,37,84,73,128,60,92"/><W33/><G73/><T110/><D117/><U35/><E36/><V67/><F106/><W55/><G37/><T120/><D120/><U4/><E4/><V43/><F76/><W133/><G0/><T10/><D110/><U75/><E53/><V103/><F103/><W14/><G14/><T64/><D132/><N who="3" m="50793" /><G128/><T94/><D131/><U30/><E75/><V15/><F125/><W22/><G33/><T104/><D83/><U86/><E34/><V115/><F39/><W72/><G72/><T109/><D109/><U70/><E35/><V85/><F115/><N who="0" m="44042" /><D5/><U105/><E124/><V17/><F15/><W82/><G82/><T80/><D80/><U42/><E111/><V97/><F118/><W38/><G38/><T68/><D68/><U49/><E70/><V32/><F116/><W57/><G92/><T112/><D1/><U2/><E2/><V90/><F32/><W77/><G77/><T121/><D121/><U93/><E78/><V129/><F129/><W123/><G123/><T47/><D47/><U24/><E93/><V3/><F3/><W108/><G108/><T69/><D69/><U74/><E74/><V99/><F12/><W27/><G25/><T44/><D44/><U100/><E24/><V20/><F99/><W95/><G95/><T23/><D23/><U59/><E135/><V107/><F97/><W66/><G84/><N who="0" m="52487" /><D112/><U31/><E86/><V127/><F85/><W126/><G126/><T52/><D64/><U61/><E101/><V98/><F67/><W16/><G87/><T51/><AGARI ba="0,0" hai="10,11,51,52,56,96,102,104" m="52487,44042" machi="51" ten="30,8000,1" yaku="11,1,52,2,54,2" doraHai="7" who="0" fromWho="0" sc="282,80,238,-20,160,-20,320,-40" />
</Scene>
<Scene>
<INIT seed="4,0,0,1,3,44" ten="362,218,140,280" oya="0" hai0="50,21,100,129,17,92,55,120,72,51,46,117,18" hai1="36,34,90,127,57,11,131,30,104,1,119,102,19" hai2="13,93,77,95,54,107,42,3,105,109,87,78,134" hai3="27,108,2,45,132,133,39,113,24,63,110,26,68"/><T60/><D117/><U135/><E90/><V62/><F3/><W79/><G2/><T83/><D120/><U76/><E57/><V58/><F109/><W98/><G79/><T80/><D129/><U106/><E106/><V97/><F134/><N who="3" m="51819" /><G113/><T74/><D74/><U82/><E119/><V33/><F33/><W23/><G98/><N who="0" m="59463" /><D72/><U59/><E36/><V73/><F73/><W0/><G0/><T112/><D112/><U56/><E76/><V14/><F42/><N who="3" m="22751" /><G23/><T70/><D70/><U48/><E131/><V114/><F114/><W101/><G101/><T20/><D60/><U66/><E102/><V43/><F78/><W41/><G41/><N who="0" m="24911" /><D21/><U61/><E135/><V6/><F43/><W22/><G22/><T31/><D31/><U52/><E30/><V85/><F77/><W81/><G68/><T121/><D121/><U28/><E1/><V122/><F122/><W89/><G63/><T103/><D103/><U5/><E28/><V96/><F107/><W115/><G115/><T53/><D53/><U38/><E104/><V47/><F105/><W10/><G110/><T75/><D75/><U69/><E69/><V94/><F62/><W35/><G108/><T4/><D4/><U71/><E5/><V25/><F6/><W123/><G123/><T84/><D84/><U116/><E116/><V37/><F85/><N who="3" m="50351" /><G10/><T8/><D8/><U91/><E71/><V99/><F87/><W130/><G130/><T67/><D67/><N who="1" m="39335" /><E11/><V65/><F65/><W32/><AGARI ba="0,0" hai="24,26,27,32,35" m="50351,22751,51819" machi="32" ten="40,1500,0" yaku="20,1" doraHai="44" who="3" fromWho="3" sc="362,-7,218,-4,140,-4,280,15" />
</Scene>
<Scene>
<INIT seed="5,0,0,5,2,129" ten="355,214,136,295" oya="1" hai0="35,13,60,16,18,57,46,127,3,2,23,122,108" hai1="71,126,117,118,104,42,98,25,124,134,7,110,68" hai2="82,47,50,78,5,6,30,43,112,133,95,34,88" hai3="39,69,76,19,59,36,74,63,29,20,89,109,62"/><U121/><E7/><V119/><F119/><N who="1" m="45577" /><E25/><V51/><F112/><W85/><G29/><T86/><D108/><U15/><E15/><V8/><F34/><W67/><G109/><T38/><D35/><U1/><E98/><V132/><F30/><W32/><G74/><T9/><D127/><N who="1" m="48683" /><E104/><V114/><F114/><W106/><G76/><T92/><D122/><U105/><E105/><V107/><F51/><W41/><G106/><T91/><D38/><U123/><E110/><V26/><F26/><W48/><G32/><T111/><D111/><U102/><E102/><V27/><F27/><W115/><G115/><T55/><D46/><U21/><E21/><V61/><F61/><W113/><G62/><T75/><D75/><U12/><E12/><AGARI ba="0,0" hai="2,3,9,12,13,16,18,23,55,57,60,86,91,92" machi="12" ten="30,2000,0" yaku="7,1,54,1" doraHai="129" who="0" fromWho="1" sc="355,20,214,-20,136,0,295,0" />
</Scene>
<Scene>
<INIT seed="6,0,0,4,2,56" ten="375,194,136,295" oya="2" hai0="109,77,111,64,61,22,129,25,6,103,53,112,57" hai1="108,124,102,115,131,12,73,33,59,75,20,52,122" hai2="31,128,81,116,7,36,79,94,15,5,80,98,32" hai3="51,58,14,90,16,29,76,99,49,4,85,121,126"/><V63/><F116/><W60/><G121/><T39/><D39/><U93/><E108/><V24/><F36/><W105/><G126/><T74/><D112/><U89/><E33/><V35/><F35/><W66/><G29/><T55/><D129/><U41/><E102/><V88/><F128/><W106/><G4/><T135/><D135/><U120/><E131/><V48/><F48/><W10/><G76/><T130/><D130/><U34/><E34/><V70/><F15/><W123/><G123/><T28/><D6/><U54/><E41/><V65/><REACH who="2" step="1"/><F81/><REACH who="2" ten="375,194,126,295" step="2"/><W97/><G51/><T18/><D111/><U47/><E120/><V42/><F42/><W69/><G49/><T125/><D109/><U45/><E122/><V133/><F133/><W113/><G113/><T72/><D125/><U82/><E124/><V27/><F27/><W91/><G14/><T3/><D25/><U96/><E115/><V117/><F117/><W1/><G1/><T119/><D3/><U132/><E132/><V50/><F50/><W37/><G37/><T26/><D119/><U127/><E127/><V9/><F9/><W114/><G10/><T8/><D8/><U110/><E110/><V23/><F23/><W101/><G114/><T2/><D22/><U83/><E20/><V44/><F44/><N who="1" m="16969" /><E12/><V92/><F92/><N who="3" m="56471" /><G105/><T62/><D26/><U100/><E83/><V43/><F43/><W87/><G106/><T78/><D2/><U107/><E82/><V40/><F40/><W46/><G46/><T19/><D19/><U67/><E107/><V68/><F68/><W71/><G69/><RYUUKYOKU ba="0,1" sc="375,-10,194,-10,126,30,295,-10" hai2="5,7,24,31,32,63,65,70,79,80,88,94,98" />
</Scene>
<Scene>
<INIT seed="6,1,1,1,4,79" ten="365,184,156,285" oya="2" hai0="50,117,122,25,4,20,107,100,16,78,70,101,90" hai1="125,108,53,96,133,102,77,66,114,81,84,135,83" hai2="69,103,65,11,126,113,129,106,123,132,36,72,67" hai3="7,111,49,55,82,19,34,43,88,22,130,21,115"/><V1/><RYUUKYOKU type="yao9" ba="1,1" sc="365,0,184,0,156,0,285,0" hai2="1,11,36,65,67,69,72,103,106,113,123,126,129,132" />
</Scene>
<Scene>
<INIT seed="6,2,1,3,3,80" ten="365,184,156,285" oya="2" hai0="36,93,78,14,85,66,41,9,90,113,17,20,35" hai1="92,34,32,72,28,44,84,45,99,16,5,109,125" hai2="75,106,29,77,55,31,52,94,69,24,128,56,114" hai3="18,129,0,96,89,117,91,135,82,65,11,124,6"/><V15/><F106/><W86/><G117/><T68/><D35/><U87/><E109/><V51/><F69/><W4/><G124/><T119/><D119/><U67/><E72/><V115/><F128/><W126/><G126/><T95/><D113/><N who="2" m="43018" /><F24/><W46/><G135/><T64/><D68/><U22/><E125/><V130/><F130/><W111/><G111/><T49/><D36/><U40/><E32/><V81/><F15/><N who="3" m="7551" /><G0/><T25/><D78/><U120/><E120/><V39/><F39/><W76/><G65/><T127/><D127/><U57/><E28/><N who="2" m="10827" /><F55/><W54/><G129/><T26/><D93/><AGARI ba="2,1" hai="51,52,56,75,77,81,93,94" m="10827,43018" machi="93" ten="30,2900,0" yaku="15,1,54,1" doraHai="80" who="2" fromWho="0" sc="365,-35,184,0,156,45,285,0" />
</Scene>
<Scene>
<INIT seed="6,3,0,4,0,99" ten="330,184,201,285" oya="2" hai0="25,110,3,14,78,65,114,95,123,33,22,29,72" hai1="134,56,122,61,63,2,113,39,40,20,28,90,19" hai2="98,87,10,59,76,35,43,81,48,9,112,111,83" hai3="79,133,84,94,54,88,64,30,18,96,6,15,45"/><V92/><F35/><W69/><G133/><T31/><D110/><U23/><E2/><V129/><F111/><W13/><G30/><T109/><D109/><U16/><E28/><V101/><F112/><W131/><G131/><T85/><D3/><U121/><E134/><V38/><F38/><W118/><G118/><T26/><D114/><U17/><E113/><V49/><F129/><W52/><G69/><T124/><D124/><U80/><E39/><V115/><F115/><W104/><G64/><T117/><D117/><U102/><E40/><V67/><F83/><N who="3" m="47231" /><G104/><T105/><D105/><U7/><E7/><V71/><F71/><W93/><G45/><T77/><D72/><U50/><E50/><N who="2" m="19563" /><F43/><W44/><G44/><T89/><D123/><N who="1" m="47115" /><E63/><AGARI ba="3,0" hai="9,10,59,63,67,76,81,87,92,98,101" m="19563" machi="63" ten="30,2900,0" yaku="8,1,52,1" doraHai="99" who="2" fromWho="1" sc="330,0,184,-38,201,38,285,0" />
</Scene>
<Scene>
<INIT seed="6,4,0,4,0,23" ten="330,146,239,285" oya="2" hai0="127,75,31,68,17,65,49,25,12,51,123,102,39" hai1="101,115,16,77,9,40,81,7,92,37,47,87,55" hai2="97,130,100,112,48,76,10,110,45,131,29,82,122" hai3="26,59,79,18,70,64,119,58,60,124,86,41,125"/><V134/><F122/><W53/><G41/><T21/><D39/><U13/><E115/><V135/><F112/><W43/><G43/><T24/><D123/><U62/><E101/><V99/><F10/><W32/><G119/><T19/><D75/><U1/><E92/><N who="2" m="58407" /><F99/><W83/><G70/><T15/><D102/><U91/><E62/><V95/><F95/><W30/><REACH who="3" step="1"/><G18/><REACH who="3" ten="330,146,239,275" step="2"/><T109/><D68/><U11/><REACH who="1" step="1"/><E55/><REACH who="1" ten="330,136,239,275" step="2"/><V80/><F110/><W36/><G36/><T117/><D117/><U3/><E3/><V128/><F128/><W126/><G126/><T78/><D127/><U96/><E96/><V2/><F131/><W4/><G4/><T0/><D0/><U103/><E103/><V14/><F130/><W56/><G56/><T133/><D109/><U113/><E113/><V71/><F2/><W6/><G6/><T121/><D121/><U20/><E20/><V8/><F71/><W28/><G28/><T89/><D31/><U120/><E120/><V27/><F29/><W107/><G107/><T93/><D21/><U84/><E84/><V38/><F134/><W132/><G132/><T54/><D133/><U111/><E111/><V90/><F135/><W46/><G46/><T73/><D73/><U105/><E105/><V114/><F45/><W129/><G129/><T118/><D118/><U52/><E52/><V50/><F114/><W106/><G106/><T85/><D85/><U5/><E5/><V42/><F42/><W94/><G94/><T66/><D93/><U35/><E35/><V98/><F98/><W108/><G108/><T116/><D116/><RYUUKYOKU ba="4,2" sc="330,-15,136,15,239,-15,275,15" hai1="1,7,9,11,13,16,37,40,47,77,81,87,91" hai3="26,30,32,53,58,59,60,64,79,83,86,124,125" />
</Scene>
<Scene>
<INIT seed="7,5,2,2,0,39" ten="315,151,224,290" oya="3" hai0="111,27,120,10,66,123,67,107,84,63,112,124,88" hai1="113,79,103,60,130,78,61,104,45,49,53,24,11" hai2="46,131,33,2,14,117,71,9,127,121,110,22,58" hai3="1,16,28,42,118,77,40,86,82,119,0,74,132"/><W15/><G1/><T55/><D111/><U51/><E113/><V31/><F71/><W98/><G0/><T29/><D107/><U106/><E130/><V37/><F110/><W20/><G74/><T57/><D112/><U100/><E24/><V126/><F117/><W17/><G119/><T7/><D124/><N who="2" m="47658" /><F33/><W91/><G132/><T34/><D67/><U3/><E3/><V4/><F131/><W116/><G116/><T13/><D66/><U35/><E35/><V73/><F73/><W75/><G75/><T101/><D101/><U114/><E114/><V25/><F121/><W38/><G38/><T56/><D56/><U41/><E11/><V108/><F58/><W32/><G32/><T48/><D63/><U64/><E64/><V47/><F37/><W8/><G28/><T65/><D65/><U21/><E21/><N who="2" m="15791" /><F108/><W59/><G59/><T134/><D134/><U83/><E45/><V87/><F87/><N who="3" m="48591" /><G98/><T26/><D26/><U102/><E102/><V133/><F133/><W76/><G76/><T97/><D97/><U36/><E36/><V18/><AGARI ba="5,2" hai="2,4,9,14,18,22,46,47" m="15791,47658" machi="18" ten="30,1100,0" yaku="18,1" doraHai="39" who="2" fromWho="2" sc="315,-8,151,-8,224,46,290,-10" owari="307,41.0,143,-36.0,270,-13.0,280,8.0" />
</Scene>
</mjloggm>