<mjloggm ver="2.3"><GO type="169" lobby="0"/><UN n0="%75%73%6B%31%31%31%35" n1="%E5%A4%AA%E3%81%8F%E3%81%AA%E3%81%84%E3%81%8A" n2="%68%61%6E%67%61%6B%75" n3="%62%75%67%79%61%77%69" dan="16,18,16,17" rate="2175.55,2200.37,2087.23,2128.65" sx="M,M,M,M"/><TAIKYOKU oya="0"/>

<Scene>
<INIT seed="0,0,0,5,4,50" ten="250,250,250,250" oya="0" hai0="19,103,95,5,74,80,52,55,65,11,7,45,38" hai1="2,41,26,0,12,6,71,92,109,24,18,20,28" hai2="78,25,120,22,66,35,117,33,39,67,61,69,40" hai3="4,134,68,115,10,91,99,110,49,31,104,87,30"/><T114/><D114/><U29/><E71/><V82/><F120/><W1/><G115/><T72/><D65/><U127/><E41/><V118/><F67/><W9/><G68/><T48/><D38/><U75/><E92/><V94/><F94/><W106/><G110/><T124/><D124/><U89/><E89/><V46/><F22/><W27/><G10/><T102/><D74/><U108/><E75/><N who="2" m="43359" /><F25/><N who="1" m="9833" /><E127/><V8/><F8/><W121/><G134/><T130/><D130/><U79/><E79/><V21/><F21/><W13/><G1/><N who="1" m="618" /><E6/><N who="0" m="2057" /><D72/><U77/><E77/><V126/><F126/><W128/><G128/><T3/><D3/><U76/><E76/><V43/><F43/><W37/><G37/><T34/><D34/><AGARI ba="0,0" hai="33,34,35,39,40,46,61,66,69,117,118" m="43359" machi="34" ten="30,1000,0" yaku="23,1" doraHai="50" who="2" fromWho="0" sc="250,-10,250,0,250,10,250,0" />
</Scene>
<Scene>
<INIT seed="1,0,0,1,3,20" ten="240,250,260,250" oya="1" hai0="50,110,66,1,30,104,62,9,68,109,48,28,81" hai1="60,95,11,89,57,67,36,13,133,85,61,33,80" hai2="55,119,94,101,19,111,43,114,69,15,34,83,3" hai3="71,120,106,129,135,130,70,125,103,38,25,121,123"/><U100/><E133/><V92/><F119/><W134/><G38/><T42/><D104/><U113/><E113/><V72/><F3/><W58/><G58/><T7/><D81/><U102/><E36/><V0/><F0/><W22/><G103/><T39/><D39/><U115/><E115/><V75/><F114/><W124/><G106/><T118/><D118/><U73/><E33/><V24/><F69/><N who="3" m="26123" /><G25/><T47/><REACH who="0" step="1"/><D48/><REACH who="0" ten="230,250,260,250" step="2"/><U91/><E60/><V105/><F83/><W52/><G22/><T82/><D82/><U76/><REACH who="1" step="1"/><E91/><REACH who="1" ten="230,240,260,250" step="2"/><V16/><F101/><W40/><G40/><T127/><D127/><N who="3" m="48713" /><G52/><T2/><D2/><U59/><E59/><V65/><F43/><W49/><G49/><T31/><AGARI ba="0,2" hai="1,7,9,28,30,31,42,47,50,62,66,68,109,110" machi="31" ten="30,2000,0" yaku="1,1,0,1,53,0" doraHai="20" doraHaiUra="17" who="0" fromWho="0" sc="230,40,240,-10,260,-5,250,-5" />
</Scene>
<Scene>
<INIT seed="2,0,0,4,3,0" ten="270,230,255,245" oya="2" hai0="81,93,23,60,47,82,48,49,12,115,15,51,53" hai1="46,97,118,32,96,20,34,124,78,100,80,94,19" hai2="58,134,59,63,33,69,38,84,14,68,114,103,121" hai3="77,126,44,91,55,117,42,70,102,122,56,125,105"/><V41/><F33/><W24/><G70/><T106/><D106/><U35/><E118/><V67/><F121/><W133/><G117/><T52/><D115/><U61/><E124/><V27/><F114/><W5/><G122/><T113/><D113/><U88/><E61/><V43/><F103/><W83/><G91/><T129/><D129/><U127/><E46/><N who="2" m="23863" /><F84/><W28/><G133/><T101/><D60/><U26/><E127/><N who="3" m="48650" /><G102/><T132/><D132/><U29/><E78/><V120/><F120/><W39/><G105/><T92/><D101/><U99/><REACH who="1" step="1"/><E29/><REACH who="1" ten="270,220,255,245" step="2"/><V131/><F63/><N who="3" m="36255" /><G28/><T16/><D47/><U71/><E71/><V74/><F69/><W95/><G77/><T4/><D82/><U119/><E119/><V25/><F68/><W112/><G83/><T89/><D81/><U18/><E18/><V11/><F134/><W13/><G44/><T108/><D108/><U54/><E54/><N who="0" m="21097" /><D89/><U130/><E130/><V3/><F131/><W135/><G135/><T87/><D87/><AGARI ba="0,1" hai="19,20,26,32,34,35,80,87,88,94,96,97,99,100" machi="87" ten="40,2600,0" yaku="1,1,54,1,53,0" doraHai="0" doraHaiUra="72" who="1" fromWho="0" sc="270,-26,220,36,255,0,245,0" />
</Scene>
<Scene>
<INIT seed="3,0,0,3,1,25" ten="244,256,255,245" oya="3" hai0="79,89,45,125,26,83,97,101,131,104,67,5,72" hai1="129,17,46,58,54,81,133,98,40,105,128,74,34" hai2="99,41,42,13,23,12,59,52,24,21,130,51,61" hai3="113,3,86,28,115,16,35,124,18,92,70,39,33"/><W108/><G70/><T93/><D67/><U80/><E133/><V122/><F130/><N who="1" m="50281" /><E34/><N who="3" m="12810" /><G92/><T6/><D131/><U38/><E74/><V9/><F122/><W96/><G96/><T57/><D125/><U49/><E17/><N who="3" m="6762" /><G86/><T106/><D106/><U43/><E43/><N who="2" m="16395" /><F99/><W134/><G39/><T84/><D26/><U119/><E119/><V30/><F23/><W44/><G44/><T4/><D57/><U88/><E88/><V2/><F2/><W132/><G28/><T20/><REACH who="0" step="1"/><D20/><REACH who="0" ten="234,256,255,245" step="2"/><U63/><E38/><V15/><F9/><W73/><G124/><T77/><D77/><U111/><E105/><V53/><F53/><W68/><G68/><T100/><D100/><U82/><E54/><V85/><F85/><W8/><G73/><T107/><D107/><U118/><E40/><V69/><F69/><W114/><G108/><T62/><D62/><AGARI ba="0,1" hai="12,13,15,21,24,30,51,52,59,61,62" m="16395" machi="62" ten="30,3900,0" yaku="8,1,52,1,54,1" doraHai="25" who="2" fromWho="0" sc="234,-39,256,0,255,49,245,0" />
</Scene>
<Scene>
<INIT seed="4,0,0,1,5,115" ten="195,256,304,245" oya="0" hai0="102,31,132,47,60,119,11,88,2,103,122,14,32" hai1="89,46,110,97,67,43,98,108,29,96,134,124,117" hai2="131,42,34,9,33,105,81,91,85,41,5,113,30" hai3="53,58,126,24,44,90,72,93,27,109,17,121,10"/><T71/><D122/><U36/><E134/><V51/><F105/><W106/><G106/><T20/><D132/><U77/><E124/><V114/><F131/><W111/><G72/><T116/><D47/><U7/><E77/><V104/><F104/><W49/><G121/><T1/><D60/><U86/><E67/><V107/><F107/><W40/><G126/><T112/><D71/><U21/><E7/><V84/><F84/><W6/><G17/><N who="0" m="10295" /><D112/><N who="2" m="43114" /><F51/><W78/><G78/><T130/><D130/><U101/><E101/><N who="0" m="38409" /><D88/><U3/><E3/><N who="2" m="191" /><F34/><W127/><G127/><T64/><D64/><U128/><E128/><V23/><F33/><W133/><G133/><T25/><D1/><U79/><E79/><V48/><F48/><W94/><G90/><T28/><D28/><U70/><E86/><V123/><F123/><W62/><G94/><T26/><D26/><AGARI ba="0,0" hai="23,26,30,41,42,81,85,91" m="191,43114" machi="26" ten="30,1000,0" yaku="15,1" doraHai="115" who="2" fromWho="0" sc="195,-10,256,0,304,10,245,0" />
</Scene>
<Scene>
<INIT seed="5,0,0,0,1,15" ten="185,256,314,245" oya="1" hai0="68,34,58,16,42,120,40,4,134,93,53,64,51" hai1="110,55,127,135,87,19,30,114,65,9,129,125,49" hai2="5,25,122,107,43,92,36,18,79,112,2,91,132" hai3="103,77,124,95,41,101,74,33,111,56,52,62,66"/><U86/><E114/><V69/><F122/><W99/><G111/><T47/><D34/><U78/><E110/><V118/><F118/><W38/><G33/><T57/><D120/><U60/><E135/><V13/><F107/><W8/><G124/><N who="1" m="47690" /><E129/><V73/><F69/><W11/><G103/><T3/><D134/><U28/><E9/><N who="2" m="2231" /><F25/><W85/><G74/><T100/><D3/><U80/><E86/><V126/><F132/><W94/><G41/><N who="0" m="15979" /><D4/><U123/><E19/><V109/><F109/><W37/><G37/><T83/><D68/><N who="1" m="42023" /><E123/><V108/><F108/><W89/><G38/><T84/><D93/><U10/><E10/><V45/><F112/><W26/><G77/><N who="0" m="46191" /><D100/><U128/><E128/><V102/><F102/><W106/><G106/><T130/><D130/><U96/><E96/><V67/><F126/><W20/><REACH who="3" step="1"/><G66/><REACH who="3" ten="185,256,314,235" step="2"/><T27/><D64/><U50/><E50/><V71/><F67/><W115/><G115/><T97/><D97/><U14/><E49/><V113/><F113/><W7/><G7/><T76/><D76/><U131/><E131/><V48/><F79/><W17/><AGARI ba="0,1" hai="8,11,17,20,26,52,56,62,85,89,94,95,99,101" machi="17" ten="20,12000,2" yaku="1,1,0,1,7,1,8,1,52,1,54,1,53,0" doraHai="15" doraHaiUra="39" who="3" fromWho="3" sc="185,-30,256,-60,314,-30,235,130" />
</Scene>
<Scene>
<INIT seed="6,0,0,5,0,14" ten="155,196,284,365" oya="2" hai0="54,27,111,45,110,12,99,24,40,73,7,62,5" hai1="11,37,66,89,9,101,39,18,42,129,98,84,125" hai2="93,16,106,50,30,6,87,69,122,52,55,1,134" hai3="119,130,70,79,46,115,103,131,76,78,126,86,133"/><V102/><F122/><W118/><G70/><T36/><D73/><U58/><E125/><V96/><F69/><W64/><G64/><T91/><D27/><U48/><E129/><N who="3" m="49162" /><G126/><T109/><D24/><U72/><E72/><V83/><F30/><W113/><G133/><T85/><D99/><U47/><E66/><V127/><F127/><W60/><G60/><T21/><D62/><U82/><E58/><V63/><F134/><W2/><G2/><T100/><D100/><U71/><E71/><V135/><F135/><W81/><G103/><T15/><D54/><U34/><E34/><V94/><F1/><W132/><G46/><T116/><D116/><N who="3" m="44585" /><G132/><T51/><D36/><U43/><E43/><V13/><F6/><W31/><G31/><T117/><D117/><U75/><E39/><V33/><F63/><W65/><G65/><T23/><D12/><U22/><E37/><V108/><F33/><W28/><G28/><T107/><D107/><U92/><E75/><V29/><F29/><W57/><G57/><T61/><D61/><U74/><E74/><V8/><F108/><W32/><G32/><T44/><D44/><U80/><E80/><V88/><REACH who="2" step="1"/><F55/><REACH who="2" ten="155,196,274,365" step="2"/><W35/><G35/><T112/><D112/><AGARI ba="0,1" hai="76,78,79,81,86,112,113,115" m="44585,49162" machi="112" ten="40,8000,1" yaku="15,1,11,1,19,1,34,2" doraHai="14" who="3" fromWho="0" sc="155,-80,196,0,274,0,365,90" />
</Scene>
<Scene>
<INIT seed="7,0,0,1,5,49" ten="75,196,274,455" oya="3" hai0="62,78,126,45,15,25,117,17,14,83,26,86,24" hai1="133,43,92,94,84,58,114,128,122,4,50,40,98" hai2="5,53,16,100,104,79,75,42,131,48,74,97,120" hai3="65,89,82,80,118,9,130,101,134,1,2,44,8"/><W38/><G118/><T93/><D126/><U96/><E114/><V95/><F131/><W107/><G65/><T91/><D117/><U70/><E70/><V32/><F32/><W36/><G101/><T115/><D115/><U3/><E3/><V88/><F120/><W71/><G107/><T111/><D111/><U102/><E4/><V64/><F5/><W109/><G71/><T73/><D73/><U60/><E133/><V68/><F42/><W59/><G59/><T69/><D69/><U119/><E128/><V23/><F79/><W11/><G11/><T34/><D34/><U99/><E99/><V33/><F33/><W124/><G44/><T54/><D14/><U66/><E84/><V110/><F110/><W31/><G89/><T51/><D62/><U37/><E37/><V47/><F64/><W18/><G18/><T39/><D39/><U116/><E122/><V121/><F68/><W105/><G105/><T125/><D125/><U56/><E119/><V85/><REACH who="2" step="1"/><F121/><REACH who="2" ten="75,196,264,455" step="2"/><W72/><G130/><T113/><D113/><U0/><E116/><V81/><F81/><W90/><G82/><T46/><D46/><U10/><E0/><V28/><F28/><W132/><G2/><T7/><D7/><U87/><E60/><V41/><F41/><W76/><G1/><T6/><D6/><U22/><E43/><V55/><F55/><W13/><G31/><T106/><D106/><U30/><E40/><V12/><AGARI ba="0,1" hai="12,16,23,47,48,53,74,75,85,88,95,97,100,104" machi="12" ten="20,12000,2" yaku="1,1,0,1,7,1,52,1,54,2,53,0" doraHai="49" doraHaiUra="63" who="2" fromWho="2" sc="75,-30,196,-30,264,130,455,-60" owari="45,-45.0,166,-23.0,394,19.0,395,49.0" />
</Scene>
</mjloggm>