<mjloggm ver="2.3"><GO type="169" lobby="0"/><UN n0="%E5%A4%AA%E3%81%8F%E3%81%AA%E3%81%84%E3%81%8A" n1="%E3%82%AB%E3%83%9D%E3%83%8D%E5%9B%A3%E3%81%AE%E5%85%84%E8%B2%B4" n2="%E6%B9%98%E5%8C%97%E2%91%AD%E4%B8%89%E4%BA%95%E5%AF%BF" n3="%E3%82%84%E3%81%97%E3%82%8D%E3%81%A1%E3%82%83%E3%82%93" dan="18,17,17,16" rate="2204.26,2147.58,2167.74,2132.22" sx="M,M,M,M"/><TAIKYOKU oya="0"/>

<Scene>
<INIT seed="0,0,0,4,5,17" ten="250,250,250,250" oya="0" hai0="133,132,83,101,13,105,75,45,114,91,22,80,23" hai1="47,11,14,97,95,96,61,59,86,121,66,10,18" hai2="98,110,72,53,102,104,77,57,112,107,113,15,115" hai3="32,3,67,87,8,27,118,89,56,71,124,100,51"/><T99/><D114/><U119/><E119/><V134/><F134/><N who="0" m="51818" /><D13/><U28/><E121/><V30/><F110/><W35/><G124/><T20/><D75/><U42/><E28/><V78/><F107/><W128/><G128/><T129/><D129/><U79/><E11/><V82/><F78/><W111/><G71/><T135/><N who="0" m="51826" /><T60/><DORA hai="44" /><D60/><U1/><E1/><V49/><F15/><W0/><G111/><T122/><D122/><U125/><E125/><V55/><F30/><W41/><G27/><T33/><D33/><U130/><E130/><V68/><F68/><W70/><G70/><T92/><D45/><U46/><E47/><V39/><REACH who="2" step="1"/><F55/><REACH who="2" ten="250,250,240,250" step="2"/><W84/><G0/><T24/><D24/><U76/><E79/><V108/><F108/><W69/><G3/><T62/><D62/><U5/><E76/><V6/><F6/><W120/><G69/><T12/><D12/><U127/><E5/><V19/><F19/><W7/><G7/><T31/><D31/><U26/><E127/><V37/><AGARI ba="0,1" hai="37,39,49,53,57,72,77,82,98,102,104,112,113,115" machi="37" ten="40,5200,0" yaku="1,1,0,1,52,1,53,0" doraHai="17,44" doraHaiUra="126,65" who="2" fromWho="2" sc="250,-26,250,-13,240,62,250,-13" />
</Scene>
<Scene>
<INIT seed="1,0,0,3,1,122" ten="224,237,302,237" oya="1" hai0="115,131,56,73,27,134,25,123,93,100,108,54,20" hai1="96,48,29,95,57,119,99,132,89,128,77,83,26" hai2="52,65,37,0,105,51,11,6,114,19,13,84,80" hai3="55,79,41,2,117,120,85,70,116,35,98,64,113"/><U18/><E119/><V60/><F105/><W126/><G120/><T28/><D123/><U50/><E128/><V49/><F37/><W94/><G35/><T63/><D115/><U30/><E132/><V12/><F114/><W86/><G2/><T8/><D73/><U102/><E18/><V87/><F0/><W46/><G113/><T118/><D118/><N who="3" m="45673" /><G126/><T44/><D131/><U133/><E133/><V22/><F51/><N who="3" m="27087" /><G55/><T74/><D74/><U112/><E112/><V69/><REACH who="2" step="1"/><F80/><REACH who="2" ten="224,237,292,237" step="2"/><W53/><G53/><T36/><D54/><U124/><E50/><V42/><F42/><W75/><G64/><T40/><D40/><U125/><E48/><V82/><F82/><N who="3" m="45439" /><G70/><T38/><D134/><U121/><E121/><V78/><F78/><W14/><G14/><T33/><D38/><U10/><E77/><V127/><F127/><W59/><G59/><AGARI ba="0,1" hai="6,11,12,13,19,22,49,52,59,60,65,69,84,87" machi="59" ten="30,7700,0" yaku="1,1,7,1,54,1,53,1" doraHai="122" doraHaiUra="16" who="2" fromWho="3" sc="224,0,237,0,292,87,237,-77" />
</Scene>
<Scene>
<INIT seed="2,0,0,3,5,111" ten="224,237,379,160" oya="2" hai0="37,31,105,15,54,22,52,4,60,6,12,25,86" hai1="43,114,14,9,75,78,21,66,76,45,59,3,56" hai2="42,19,119,44,50,129,70,26,39,132,18,72,79" hai3="38,109,97,81,10,108,110,64,7,8,102,95,20"/><V91/><F119/><W30/><G38/><T127/><D37/><U67/><E3/><V82/><F70/><W40/><G40/><T131/><D105/><U133/><E21/><V55/><F129/><W130/><G130/><T11/><D131/><U115/><E133/><V100/><F100/><W17/><G64/><T83/><D127/><U112/><E67/><V128/><F128/><W106/><G30/><T69/><D69/><U35/><E35/><V99/><F132/><W90/><G81/><T34/><D60/><U122/><E122/><V89/><F26/><W104/><G90/><T84/><D84/><U120/><E120/><V126/><F126/><W65/><G65/><T85/><D85/><U51/><E75/><V49/><F39/><W61/><G61/><T134/><D134/><U88/><E88/><V68/><F68/><W62/><G62/><T29/><D29/><U33/><E33/><V58/><REACH who="2" step="1"/><F91/><REACH who="2" ten="224,237,369,160" step="2"/><W101/><G101/><T36/><D36/><U121/><E121/><V47/><F47/><W5/><G104/><T124/><D124/><U117/><E117/><V73/><F73/><W63/><G106/><T125/><D125/><U94/><E45/><V123/><F123/><W87/><G110/><T16/><REACH who="0" step="1"/><D6/><REACH who="0" ten="214,237,369,160" step="2"/><U93/><E66/><V53/><F53/><W74/><G109/><T46/><D46/><U135/><E135/><V80/><F80/><W103/><G108/><T41/><D41/><U27/><E43/><V118/><F118/><W92/><G5/><T1/><D1/><U96/><E56/><V23/><F23/><W116/><G20/><RYUUKYOKU ba="0,2" sc="214,15,237,-15,369,15,160,-15" hai0="4,11,12,15,16,22,25,31,34,52,54,83,86" hai2="18,19,42,44,49,50,55,58,72,79,82,89,99" />
</Scene>
<Scene>
<INIT seed="2,1,2,1,3,57" ten="229,222,384,145" oya="2" hai0="117,121,94,21,69,114,113,125,123,91,62,132,37" hai1="54,112,26,107,122,95,66,129,104,89,74,70,48" hai2="16,101,51,86,83,119,85,53,92,17,126,109,34" hai3="99,36,131,84,33,65,4,124,45,133,18,118,39"/><V15/><F34/><W120/><G4/><T31/><D37/><U5/><E74/><V3/><F3/><W78/><G18/><T103/><D103/><U25/><E112/><V1/><F1/><W96/><G118/><T128/><D117/><U102/><E5/><V75/><F119/><W77/><G120/><T64/><D125/><U12/><E12/><V27/><F126/><W32/><G124/><T49/><D128/><U79/><E79/><V2/><F2/><W73/><G73/><T59/><D132/><U135/><E129/><V58/><F75/><W88/><G131/><T13/><D114/><U35/><E135/><V42/><F42/><W47/><G133/><T105/><D105/><U29/><E26/><V67/><F67/><W87/><REACH who="3" step="1"/><G65/><REACH who="3" ten="229,222,384,135" step="2"/><T108/><D113/><U100/><E122/><V71/><F17/><W11/><G11/><T0/><D121/><U98/><E104/><V9/><F27/><W23/><G23/><T55/><D123/><U116/><E107/><V80/><F9/><W7/><G7/><T61/><D21/><U14/><E116/><V130/><F16/><W82/><G82/><T60/><D64/><U41/><E66/><V19/><F83/><W134/><G134/><T93/><D0/><U72/><E72/><V127/><F80/><W111/><G111/><T20/><D108/><U106/><E106/><V46/><F127/><W63/><G63/><N who="0" m="36351" /><D20/><U50/><E35/><V6/><F130/><W56/><G56/><T10/><D10/><U68/><E25/><V44/><F58/><W43/><G43/><T28/><D62/><RYUUKYOKU ba="1,3" sc="229,-10,222,-10,384,-10,135,30" hai3="32,33,36,39,45,47,77,78,84,87,88,96,99" />
</Scene>
<Scene>
<INIT seed="3,2,3,5,2,12" ten="219,212,374,165" oya="3" hai0="77,61,48,89,57,65,30,130,95,124,28,106,132" hai1="66,52,67,114,59,34,104,42,54,131,88,60,31" hai2="11,84,108,93,51,85,110,116,58,33,18,19,23" hai3="100,43,103,38,72,71,26,98,3,101,79,8,44"/><W7/><G71/><T17/><D106/><U0/><E0/><V5/><F33/><W97/><REACH who="3" step="1"/><G26/><REACH who="3" ten="219,212,374,155" step="2"/><T117/><D117/><U45/><E114/><V62/><F116/><W53/><G53/><T21/><D132/><U126/><E54/><V119/><F119/><W29/><G29/><T120/><D30/><U70/><E31/><V37/><F110/><W105/><G105/><T118/><D28/><U14/><E104/><V102/><F108/><W1/><G1/><T73/><D118/><U16/><E67/><V135/><F135/><W128/><G128/><T78/><D130/><U15/><E131/><V69/><F69/><W83/><AGARI ba="2,4" hai="3,7,8,38,43,44,72,79,83,97,98,100,101,103" machi="83" ten="30,12000,1" yaku="1,1,0,1,25,2,53,1" doraHai="12" doraHaiUra="74" who="3" fromWho="3" sc="219,-42,212,-42,374,-42,155,166" />
</Scene>
<Scene>
<INIT seed="3,3,0,4,5,116" ten="177,170,332,321" oya="3" hai0="70,74,5,85,7,108,71,89,95,90,42,119,82" hai1="26,21,126,1,22,133,29,41,34,44,32,11,25" hai2="48,91,58,75,49,52,47,83,111,45,122,60,20" hai3="72,24,87,115,120,19,46,123,69,73,4,3,106"/><W105/><G69/><T68/><D119/><U93/><E93/><V37/><F75/><N who="3" m="28747" /><G19/><T43/><D108/><U8/><E44/><V13/><F111/><W109/><G109/><T128/><D128/><U28/><E41/><V110/><F110/><W134/><G24/><T61/><D61/><U125/><E133/><V14/><F37/><W50/><G50/><T30/><D30/><U112/><REACH who="1" step="1"/><E1/><REACH who="1" ten="177,160,332,321" step="2"/><V130/><F47/><W92/><G92/><T132/><D132/><U35/><E35/><V97/><F45/><W98/><G134/><T99/><D43/><U10/><E10/><V51/><F130/><W86/><G3/><T56/><D42/><U78/><E78/><V38/><F38/><W104/><G46/><T62/><REACH who="0" step="1"/><D74/><REACH who="0" ten="167,160,332,321" step="2"/><U18/><E18/><V101/><F49/><W65/><G106/><T9/><D9/><U0/><E0/><V39/><F51/><W80/><G80/><T64/><AGARI ba="3,2" hai="5,7,56,62,64,68,70,71,82,85,89,90,95,99" machi="64" ten="30,4000,0" yaku="1,1,0,1,53,1" doraHai="116" doraHaiUra="55" who="0" fromWho="0" sc="167,69,160,-13,332,-13,321,-23" />
</Scene>
<Scene>
<INIT seed="4,0,0,2,4,132" ten="236,147,319,298" oya="0" hai0="53,34,4,39,87,50,1,29,106,85,81,83,68" hai1="47,52,120,21,62,11,42,92,93,57,17,133,104" hai2="89,36,123,82,108,16,65,105,3,95,60,20,79" hai3="128,109,72,26,135,64,54,69,13,119,12,49,44"/><T77/><D39/><U98/><E120/><V115/><F105/><W58/><G109/><T0/><D68/><U86/><E133/><V107/><F107/><W15/><G119/><T97/><D34/><U41/><E104/><V5/><F36/><W96/><G135/><T129/><D29/><U23/><E11/><V80/><F108/><W48/><G72/><T14/><D129/><U102/><E23/><V90/><F123/><W32/><G128/><T126/><D14/><U19/><E17/><V74/><F115/><W88/><G69/><T33/><D33/><U55/><E92/><V2/><F82/><W71/><G71/><T78/><D4/><U66/><E86/><V43/><F43/><W117/><G117/><T45/><REACH who="0" step="1"/><D126/><REACH who="0" ten="226,147,319,298" step="2"/><U8/><E8/><V127/><F127/><W110/><G110/><T37/><D37/><U7/><E7/><V35/><F35/><W46/><G32/><T10/><D10/><U24/><REACH who="1" step="1"/><E42/><REACH who="1" ten="226,137,319,298" step="2"/><V30/><F5/><W51/><G15/><T61/><D61/><U28/><E28/><V75/><F30/><W94/><G13/><T18/><D18/><U67/><E67/><V118/><F16/><W31/><G12/><T131/><D131/><U76/><E76/><V100/><F79/><W73/><G64/><T59/><D59/><U130/><E130/><V70/><F65/><W124/><G31/><T40/><D40/><U121/><E121/><V84/><F118/><W101/><G58/><T111/><D111/><U9/><E9/><V38/><F70/><W113/><G124/><T134/><D134/><U116/><E116/><RYUUKYOKU ba="0,2" sc="226,15,137,15,319,-15,298,-15" hai0="0,1,45,50,53,77,78,81,83,85,87,97,106" hai1="19,21,24,41,47,52,55,57,62,66,93,98,102" />
</Scene>
<Scene>
<INIT seed="4,1,2,1,3,14" ten="241,152,304,283" oya="0" hai0="10,20,59,88,38,15,102,25,54,47,108,57,6" hai1="48,49,37,68,109,93,122,31,95,131,29,67,71" hai2="133,91,134,74,65,55,105,92,22,18,89,121,51" hai3="79,120,127,104,3,24,42,60,36,16,5,9,0"/><T72/><D72/><U116/><E67/><V45/><F105/><W97/><G3/><T86/><D102/><U26/><E131/><V81/><F121/><W132/><G120/><T80/><D108/><U41/><E122/><V99/><F65/><W76/><G132/><N who="2" m="50793" /><F74/><W96/><G127/><T135/><D135/><U17/><E109/><V40/><F81/><W78/><G104/><T75/><D75/><U118/><E41/><V11/><F11/><W63/><G42/><T113/><D113/><U124/><E124/><V77/><F77/><W32/><G36/><T106/><D106/><U19/><REACH who="1" step="1"/><E26/><REACH who="1" ten="241,142,304,283" step="2"/><N who="2" m="14679" /><F40/><W58/><G24/><T35/><D38/><AGARI ba="1,3" hai="17,19,29,31,37,38,48,49,68,71,93,95,116,118" machi="38" ten="25,12000,2" yaku="1,1,22,2,52,2,53,2" doraHai="14" doraHaiUra="27" who="1" fromWho="0" sc="241,-123,142,153,304,0,283,0" />
</Scene>
<Scene>
<INIT seed="5,0,0,0,5,108" ten="118,295,304,283" oya="1" hai0="86,28,53,87,111,77,80,120,19,68,79,34,94" hai1="33,4,93,35,78,83,51,121,56,43,119,12,36" hai2="26,65,85,42,29,82,23,47,30,117,130,107,71" hai3="17,38,124,48,116,76,45,31,57,103,62,44,89"/><U58/><E36/><V115/><F107/><W128/><G128/><T69/><D111/><U100/><E119/><V126/><F130/><W66/><G124/><T0/><D0/><U110/><E121/><V95/><F117/><W88/><G116/><T5/><D5/><U49/><E110/><V118/><F126/><W96/><G76/><T8/><D120/><U102/><E93/><V135/><F118/><W21/><G31/><T46/><D34/><U64/><E64/><V10/><F135/><W15/><G44/><T18/><D28/><U131/><E131/><V134/><F134/><W27/><G15/><T55/><D94/><U109/><E109/><V7/><F30/><W122/><G38/><T104/><D46/><N who="1" m="25823" /><E35/><V52/><F95/><N who="3" m="58783" /><G122/><T24/><D8/><N who="1" m="4103" /><E33/><V132/><F132/><W25/><G25/><T13/><D24/><U67/><E67/><V97/><F65/><W113/><G113/><T90/><D13/><U54/><E56/><V6/><F115/><W70/><G70/><T81/><REACH who="0" step="1"/><D104/><REACH who="0" ten="108,295,304,283" step="2"/><U14/><E14/><V37/><F7/><W40/><AGARI ba="0,1" hai="17,21,27,40,45,48,57,62,66,88,89" m="58783" machi="40" ten="30,2000,0" yaku="8,1,54,1" doraHai="108" who="3" fromWho="3" sc="108,-5,295,-10,304,-5,283,30" />
</Scene>
<Scene>
<INIT seed="6,0,0,5,1,127" ten="103,285,299,313" oya="2" hai0="130,117,49,133,55,75,65,89,53,15,67,111,17" hai1="135,116,132,0,115,4,64,30,76,110,107,82,79" hai2="35,95,102,106,60,6,108,37,32,93,129,29,61" hai3="44,74,3,71,19,47,36,128,98,134,126,40,118"/><V5/><F37/><W96/><G118/><T7/><D111/><U84/><E116/><V83/><F83/><W103/><G126/><T94/><D117/><U42/><E107/><V46/><F46/><W13/><G3/><T105/><D105/><U21/><E110/><V11/><F106/><W131/><G134/><T25/><D75/><U8/><E64/><V38/><F38/><W104/><G71/><T72/><D72/><U88/><E42/><V33/><F108/><W87/><G74/><T31/><D7/><U18/><E30/><V78/><F33/><W77/><G98/><T125/><D133/><N who="1" m="51275" /><E115/><V70/><F29/><W68/><G68/><T112/><D112/><U52/><E52/><V39/><F70/><W62/><G62/><T56/><D125/><U1/><E1/><V27/><F39/><W73/><G73/><T12/><D55/><U81/><E81/><V114/><F114/><W24/><G24/><AGARI ba="0,0" hai="0,4,8,18,21,24,76,79,82,84,88" m="51275" machi="24" ten="30,2000,0" yaku="20,1,54,1" doraHai="127" who="1" fromWho="3" sc="103,0,285,20,299,0,313,-20" />
</Scene>
<Scene>
<INIT seed="7,0,0,2,4,111" ten="103,305,299,293" oya="3" hai0="114,120,6,98,27,54,105,71,67,51,52,36,18" hai1="116,118,119,68,79,65,32,77,95,0,75,59,48" hai2="14,50,23,43,20,121,7,41,16,78,12,101,24" hai3="69,9,55,72,135,123,81,107,38,117,131,109,110"/><W85/><RYUUKYOKU type="yao9" ba="0,0" sc="103,0,305,0,299,0,293,0" hai3="9,38,55,69,72,81,85,107,109,110,117,123,131,135" />
</Scene>
<Scene>
<INIT seed="7,1,0,2,2,79" ten="103,305,299,293" oya="3" hai0="38,107,110,6,13,114,55,1,35,93,33,23,91" hai1="40,19,129,41,54,103,130,115,100,74,49,86,125" hai2="94,113,82,42,48,45,126,76,95,58,84,4,29" hai3="0,134,105,15,20,12,61,102,132,92,8,123,57"/><W97/><G123/><T10/><D107/><U88/><E74/><V72/><F126/><W44/><G20/><T71/><D110/><U124/><E19/><V26/><F113/><W59/><G59/><T117/><D117/><U67/><E67/><V104/><F104/><W101/><G44/><T9/><D71/><U87/><E115/><V60/><F72/><W47/><G47/><T25/><D38/><U90/><E54/><V17/><F4/><N who="3" m="1031" /><G102/><T64/><D64/><U77/><E77/><V11/><F29/><W16/><G16/><T56/><D114/><U119/><E49/><V89/><F76/><W24/><G24/><T80/><D10/><U111/><E111/><V78/><F78/><W34/><G34/><T131/><D1/><U118/><AGARI ba="1,0" hai="40,41,86,87,88,90,100,103,118,119,124,125,129,130" machi="118" ten="25,6400,0" yaku="0,1,22,2,54,1" doraHai="79" who="1" fromWho="1" sc="103,-17,305,67,299,-17,293,-33" owari="86,-41.0,372,47.0,282,8.0,260,-14.0" />
</Scene>
</mjloggm>