<mjloggm ver="2.3"><GO type="169" lobby="0"/><UN n0="%6D%61%6E%5F%6B%6F" n1="%E3%83%AC%E3%83%87%E3%82%B9%E3%83%9E" n2="%E5%A4%AA%E3%81%8F%E3%81%AA%E3%81%84%E3%81%8A" n3="%73%68%61%70%65%6C%65%72" dan="16,16,18,17" rate="2154.59,2065.40,2184.78,2147.60" sx="M,M,M,M"/><TAIKYOKU oya="0"/>

<Scene>
<INIT seed="0,0,0,4,1,65" ten="250,250,250,250" oya="0" hai0="93,96,8,115,72,24,53,110,6,73,101,11,106" hai1="66,21,118,12,27,114,77,84,76,25,103,37,35" hai2="75,127,112,46,14,122,95,57,87,61,23,34,91" hai3="71,52,7,4,83,131,126,10,40,109,56,78,18"/><T113/><D110/><U119/><E37/><V135/><F34/><W86/><G109/><T1/><D11/><U107/><E35/><V47/><F122/><W62/><G40/><T20/><D106/><U58/><E12/><V50/><F75/><W54/><G131/><T5/><D5/><U130/><E130/><V88/><F112/><W16/><G126/><T60/><D60/><U108/><E108/><V2/><F2/><W67/><G7/><T98/><D98/><U13/><E13/><V36/><F127/><W26/><G26/><T133/><D133/><U102/><E114/><V0/><F0/><W79/><G79/><T99/><D53/><U63/><E27/><V44/><F36/><W105/><G105/><T125/><D125/><U129/><E129/><V19/><F135/><W17/><REACH who="3" step="1"/><G56/><REACH who="3" ten="250,250,250,240" step="2"/><T51/><D115/><U49/><E76/><V32/><F32/><W120/><G120/><T30/><D113/><U80/><E107/><V92/><F46/><W28/><G28/><T38/><D30/><U3/><E25/><V29/><F29/><W69/><G69/><T39/><D24/><U31/><E77/><V68/><F68/><W59/><G59/><T121/><D6/><U128/><E58/><V48/><F44/><W22/><G22/><T123/><D20/><U64/><E21/><V117/><F47/><W116/><G116/><T41/><D41/><U94/><E31/><V89/><F117/><W111/><G111/><T74/><D121/><U132/><E128/><V55/><F95/><W134/><G134/><T45/><D123/><U81/><E132/><RYUUKYOKU ba="0,1" sc="250,-15,250,-15,250,15,240,15" hai2="14,19,23,48,50,55,57,61,87,88,89,91,92" hai3="4,10,16,17,18,52,54,62,67,71,78,83,86" />
</Scene>
<Scene>
<INIT seed="1,1,1,4,1,34" ten="235,235,265,255" oya="1" hai0="77,132,70,61,118,45,7,73,4,59,107,56,94" hai1="11,38,8,13,86,74,18,44,17,117,127,48,110" hai2="104,116,55,80,52,83,39,126,46,87,67,9,124" hai3="6,88,30,121,85,75,103,54,27,98,41,125,90"/><U19/><E74/><V49/><F116/><W43/><G75/><T29/><D118/><U60/><E117/><V123/><F123/><W28/><G121/><T109/><D107/><U105/><E38/><V106/><F67/><W99/><G125/><N who="2" m="48233" /><F39/><W1/><G54/><N who="2" m="20521" /><F9/><W23/><G30/><T131/><D29/><U35/><E35/><V93/><F93/><W111/><G111/><T130/><D94/><U66/><E127/><V72/><F72/><W79/><G79/><T120/><D73/><U50/><E105/><N who="2" m="40555" /><F87/><W20/><G85/><T32/><D109/><U101/><E110/><V95/><F95/><W47/><G99/><T12/><D120/><U68/><E101/><V24/><F24/><W128/><G98/><T96/><D96/><U134/><E134/><V42/><AGARI ba="1,1" hai="42,46,49,80,83" m="40555,20521,48233" machi="42" ten="40,2700,0" yaku="18,1,54,1" doraHai="34" who="2" fromWho="2" sc="235,-8,235,-14,265,40,255,-8" />
</Scene>
<Scene>
<INIT seed="2,0,0,4,1,93" ten="227,221,305,247" oya="2" hai0="63,65,39,28,66,7,51,40,118,100,122,105,67" hai1="88,11,25,19,20,91,34,73,24,81,111,135,97" hai2="26,36,33,43,126,120,128,112,70,52,71,107,30" hai3="46,21,13,98,84,132,5,16,61,74,87,0,109"/><V76/><F112/><W134/><G74/><T108/><D7/><U92/><E111/><V60/><F120/><W27/><G109/><T104/><D28/><U86/><E135/><N who="3" m="51754" /><G46/><N who="0" m="23839" /><D100/><U114/><E114/><V102/><F76/><W6/><G0/><T131/><D104/><U78/><E11/><V123/><F123/><W14/><G61/><T31/><D31/><U9/><E9/><V57/><F128/><W22/><G98/><T95/><D108/><U89/><E34/><V82/><F82/><W99/><G99/><T48/><D105/><U55/><E25/><V68/><F126/><W125/><G125/><T37/><D95/><U1/><E1/><V75/><F75/><W38/><G38/><T77/><D77/><U54/><REACH who="1" step="1"/><E73/><REACH who="1" ten="227,211,305,247" step="2"/><V94/><F26/><W96/><G14/><T117/><D122/><U127/><E127/><V56/><F33/><W2/><G2/><T58/><D131/><U12/><E12/><V133/><F133/><W110/><G110/><T3/><D3/><U59/><E59/><V42/><F57/><W124/><G124/><T44/><D58/><U29/><E29/><V121/><F30/><W83/><G27/><T113/><D113/><U80/><E80/><V32/><F32/><W90/><G22/><T41/><D63/><U119/><E119/><AGARI ba="0,1" hai="37,41,44,48,51,65,66,67,117,118,119" m="23839" machi="119" ten="30,3900,0" yaku="12,1,34,2" doraHai="93" who="0" fromWho="1" sc="227,49,211,-39,305,0,247,0" />
</Scene>
<Scene>
<INIT seed="3,0,0,4,0,134" ten="276,172,305,247" oya="3" hai0="123,68,30,49,66,63,23,5,82,61,33,76,17" hai1="14,119,12,102,132,81,105,46,116,42,113,72,36" hai2="40,107,53,29,79,71,128,34,122,58,95,124,121" hai3="51,41,114,52,38,74,133,100,64,67,27,25,10"/><W7/><G74/><T118/><D118/><N who="1" m="45099" /><E132/><V26/><F107/><W73/><G73/><T103/><D123/><N who="2" m="47114" /><F71/><W48/><G38/><T130/><D130/><U131/><E131/><V50/><F128/><W44/><G114/><T83/><D103/><U69/><E69/><V84/><F40/><W47/><G100/><T16/><D33/><U43/><E43/><V126/><F95/><W94/><G94/><T8/><D49/><U4/><E4/><V54/><F54/><W31/><G133/><T24/><D61/><U1/><E1/><V99/><F99/><W89/><G89/><T20/><D20/><U77/><E113/><V78/><F84/><W22/><REACH who="3" step="1"/><G27/><REACH who="3" ten="276,172,305,237" step="2"/><T9/><D82/><U70/><E102/><V125/><AGARI ba="0,1" hai="26,29,34,50,53,58,78,79,124,125,126" m="47114" machi="125" ten="40,8000,1" yaku="18,1,13,1,52,3" doraHai="134" who="2" fromWho="2" sc="276,-20,172,-20,305,90,237,-40" />
</Scene>
<Scene>
<INIT seed="4,0,0,4,0,116" ten="256,152,395,197" oya="0" hai0="109,92,35,102,4,43,110,52,49,86,132,104,126" hai1="14,69,23,81,17,75,133,59,82,80,88,123,38" hai2="55,8,36,71,70,97,135,31,129,12,64,3,87" hai3="60,84,130,34,112,115,41,37,42,27,22,113,114"/><T68/><D68/><U76/><E69/><V2/><F36/><W131/><G34/><T46/><D35/><U65/><E38/><V117/><F31/><W25/><N who="3" m="28672" /><DORA hai="121" /><W30/><G37/><T44/><D104/><U39/><E39/><V63/><F71/><W134/><G60/><T127/><D132/><U106/><E106/><V96/><F135/><W58/><G58/><N who="0" m="33039" /><D4/><U98/><E133/><V16/><F117/><W77/><G27/><T56/><D56/><U5/><E5/><V78/><F129/><N who="3" m="49163" /><G134/><T6/><D6/><U124/><E124/><N who="0" m="47657" /><D43/><U120/><E81/><AGARI ba="0,0" hai="22,25,30,41,42,77,81,84" m="49163,28672" machi="81" ten="60,3900,0" yaku="15,1,19,1" doraHai="116,121" who="3" fromWho="1" sc="256,0,152,-39,395,0,197,39" />
</Scene>
<Scene>
<INIT seed="5,0,0,1,3,57" ten="256,113,395,236" oya="1" hai0="89,71,9,25,32,17,2,11,130,43,129,5,74" hai1="64,132,119,39,12,38,36,69,63,31,100,101,121" hai2="33,123,92,42,77,28,106,55,56,60,122,111,97" hai3="91,48,102,99,95,90,73,20,127,14,96,18,94"/><U82/><E119/><V49/><F106/><W134/><G73/><T86/><D74/><U1/><E1/><V80/><F111/><W83/><G134/><T50/><D71/><U47/><E121/><V131/><F131/><N who="0" m="50186" /><D5/><U78/><E132/><V114/><F114/><W81/><G127/><T126/><D2/><U116/><E116/><V70/><F28/><W13/><G102/><T104/><D104/><U68/><E68/><V45/><F33/><W120/><G120/><T84/><D126/><U24/><E12/><V113/><F113/><W109/><G109/><T62/><D62/><U52/><E47/><V19/><F19/><W40/><G13/><N who="0" m="7343" /><D11/><U125/><E125/><V22/><F22/><W66/><G66/><T124/><D89/><U46/><E46/><AGARI ba="0,0" hai="14,18,20,40,46,48,81,83,90,91,94,95,96,99" machi="46" ten="40,2600,0" yaku="9,1,8,1" doraHai="57" who="3" fromWho="1" sc="256,0,113,-26,395,0,236,26" />
</Scene>
<Scene>
<INIT seed="6,0,0,2,5,31" ten="256,87,395,262" oya="2" hai0="86,87,79,75,18,118,111,43,81,49,8,104,37" hai1="125,127,83,65,64,33,60,88,80,7,128,16,114" hai2="13,124,22,5,3,91,26,12,48,66,41,72,130" hai3="11,117,17,95,116,0,97,19,68,9,82,56,63"/><V126/><F72/><W52/><G68/><T100/><D111/><U67/><E114/><V4/><F66/><W121/><G121/><T14/><D118/><U119/><E119/><V94/><F130/><W113/><G113/><T96/><D49/><U10/><E128/><V57/><F3/><W55/><G82/><T135/><D135/><U101/><E101/><V74/><F74/><W15/><G55/><T123/><D123/><U133/><E133/><V77/><F77/><W76/><G76/><T62/><D62/><U134/><E134/><V50/><F57/><W115/><G115/><T35/><D35/><U105/><E105/><V40/><F22/><W45/><G45/><T106/><REACH who="0" step="1"/><D104/><REACH who="0" ten="246,87,395,262" step="2"/><U34/><E60/><V103/><F48/><W23/><G0/><T69/><D69/><U27/><E27/><V92/><F50/><W1/><G1/><T131/><D131/><U90/><E16/><V46/><F26/><W84/><G117/><T25/><D25/><U71/><E71/><V44/><F124/><N who="1" m="47689" /><E7/><V102/><F126/><W20/><G116/><T51/><D51/><U120/><E120/><V107/><F107/><W112/><G112/><T53/><D53/><U61/><E61/><V54/><F54/><W58/><G52/><T132/><D132/><U99/><E10/><V42/><F42/><W85/><G63/><T73/><D73/><U38/><E38/><V47/><F47/><AGARI ba="0,1" hai="8,14,18,37,43,47,75,79,81,86,87,96,100,106" machi="47" ten="40,1300,0" yaku="1,1,53,0" doraHai="31" doraHaiUra="2" who="0" fromWho="2" sc="246,23,87,0,395,-13,262,0" />
</Scene>
<Scene>
<INIT seed="7,0,0,5,1,51" ten="269,87,382,262" oya="3" hai0="41,77,72,34,78,36,110,42,102,19,82,54,4" hai1="123,80,73,76,97,15,23,105,14,88,122,132,135" hai2="89,30,96,128,49,113,124,35,20,95,46,117,3" hai3="71,61,31,8,45,22,131,70,55,129,68,17,101"/><W57/><G31/><T37/><D110/><U60/><E60/><V65/><F117/><W5/><G101/><T75/><D34/><U26/><E15/><V47/><F3/><W106/><G106/><T134/><D4/><U48/><E14/><V87/><F35/><W79/><G79/><T121/><D121/><U27/><E48/><V18/><F30/><W103/><G103/><T112/><D102/><U86/><E26/><V52/><F113/><W104/><G104/><T91/><D112/><U74/><E23/><V6/><F6/><W66/><G45/><T127/><D127/><U67/><E27/><N who="2" m="14743" /><F124/><W0/><REACH who="3" step="1"/><G66/><REACH who="3" ten="269,87,382,252" step="2"/><T28/><D28/><U21/><E67/><V64/><F46/><W115/><G115/><T53/><D134/><N who="1" m="51243" /><E21/><V84/><F128/><W92/><G92/><T32/><D32/><U25/><E25/><AGARI ba="0,1" hai="0,5,8,17,22,25,55,57,61,68,70,71,129,131" machi="25" ten="40,3900,0" yaku="1,1,52,1,53,0" doraHai="51" doraHaiUra="99" who="3" fromWho="1" sc="269,0,87,-39,382,0,252,49" />
</Scene>
<Scene>
<INIT seed="7,1,0,3,1,34" ten="269,48,382,301" oya="3" hai0="118,75,49,44,5,15,61,109,59,48,4,115,86" hai1="99,97,111,62,55,25,94,23,70,131,26,120,124" hai2="100,114,105,84,106,65,72,32,13,57,46,104,130" hai3="11,108,91,119,83,133,117,19,17,2,79,132,22"/><W92/><G108/><T21/><D109/><U16/><E111/><V85/><F72/><W43/><G43/><T127/><D75/><U31/><E120/><V102/><F32/><W71/><G71/><T40/><D118/><U101/><E131/><V51/><F130/><W3/><G117/><T110/><D110/><U89/><E124/><V66/><F114/><W69/><G69/><T29/><D127/><U81/><E81/><V78/><F13/><W37/><G37/><T103/><D115/><U35/><E55/><V63/><F66/><W73/><G119/><T7/><D103/><U20/><E35/><V76/><F85/><W33/><G33/><T74/><D74/><U45/><E45/><V38/><F38/><W47/><G47/><T41/><D86/><U113/><E113/><V135/><F135/><N who="3" m="51787" /><G11/><T123/><D123/><U12/><E12/><V95/><F78/><W60/><G60/><T36/><D36/><U39/><E39/><V58/><F58/><W125/><G125/><T129/><D129/><U27/><E27/><V82/><REACH who="2" step="1"/><F95/><REACH who="2" ten="269,48,372,301" step="2"/><W64/><G64/><T56/><D61/><U126/><E126/><V50/><F50/><W28/><G28/><T53/><D29/><U90/><E62/><V14/><F14/><N who="3" m="9527" /><G19/><N who="0" m="10495" /><D56/><U8/><E70/><V1/><F1/><W68/><G68/><T67/><D67/><U121/><E121/><V42/><AGARI ba="1,1" hai="42,46,51,57,63,65,76,82,84,100,102,104,105,106" machi="42" ten="30,2000,0" yaku="1,1,0,1,53,0" doraHai="34" doraHaiUra="122" who="2" fromWho="2" sc="269,-6,48,-6,372,33,301,-11" owari="263,-14.0,42,-46.0,405,51.0,290,9.0" />
</Scene>
</mjloggm>