<mjloggm ver="2.3"><GO type="169" lobby="0"/><UN n0="%E5%B0%BC%E9%BE%8D" n1="%E3%81%AA%E3%82%93%E3%81%AA%E3%82%93%E3%81%A0%E3%83%BC" n2="%E5%A4%AA%E3%81%8F%E3%81%AA%E3%81%84%E3%81%8A" n3="%E8%B7%AF%E5%9C%B0%E8%A3%8F%E3%81%AE%E3%81%B2%E3%81%BE%E3%82%8F%E3%82%8A" dan="16,18,17,16" rate="2057.43,2183.00,2148.27,2086.55" sx="M,M,M,M"/><TAIKYOKU oya="0"/>

<Scene>
<INIT seed="0,0,0,5,5,13" ten="250,250,250,250" oya="0" hai0="119,38,49,65,34,108,1,60,75,129,66,16,116" hai1="19,57,76,14,73,5,127,88,112,84,72,22,51" hai2="52,50,47,70,90,25,61,125,42,69,78,62,91" hai3="24,64,124,107,120,95,80,100,117,132,131,114,121"/><T45/><D1/><U115/><E127/><V10/><F78/><W18/><G114/><N who="1" m="43562" /><E5/><V41/><F125/><W105/><G117/><T83/><D34/><U9/><E76/><V111/><F111/><W26/><G124/><T54/><D129/><U134/><E134/><V130/><F130/><W17/><G131/><T126/><D126/><U15/><E9/><V32/><F10/><W43/><G80/><T28/><D28/><U85/><E15/><V93/><F32/><W46/><G64/><T2/><D2/><U122/><E122/><N who="3" m="47210" /><G132/><T86/><D75/><U82/><E85/><V89/><F93/><W113/><G113/><T8/><D38/><U109/><E109/><V40/><REACH who="2" step="1"/><F25/><REACH who="2" ten="250,250,240,250" step="2"/><N who="3" m="9835" /><G95/><T33/><D33/><U59/><E73/><V68/><AGARI ba="0,1" hai="40,41,42,47,50,52,61,62,68,69,70,89,90,91" machi="68" ten="40,16000,3" yaku="1,1,0,1,29,2,54,1,53,3" doraHai="13" doraHaiUra="39" who="2" fromWho="2" sc="250,-80,250,-40,240,170,250,-40" />
</Scene>
<Scene>
<INIT seed="1,0,0,2,0,82" ten="170,210,410,210" oya="1" hai0="35,10,21,71,73,28,99,75,25,98,50,88,6" hai1="80,86,20,29,114,111,66,77,132,65,52,67,110" hai2="53,107,14,127,105,129,108,5,26,96,94,113,101" hai3="34,78,90,85,120,54,4,133,124,130,89,60,95"/><U33/><E114/><V134/><F113/><W62/><G120/><T83/><D71/><U48/><E33/><V56/><F108/><N who="1" m="41513" /><E132/><V102/><F134/><W118/><G133/><T41/><D35/><U104/><E104/><V11/><F127/><W7/><G124/><T44/><D98/><U58/><E29/><V116/><F116/><W122/><G122/><T97/><D97/><U84/><E20/><V0/><F129/><W19/><G78/><T76/><D75/><AGARI ba="0,0" hai="48,52,58,65,66,67,75,77,80,84,86" m="41513" machi="75" ten="30,12000,1" yaku="14,1,10,1,52,2,54,1" doraHai="82" who="1" fromWho="0" sc="170,-120,210,120,410,0,210,0" />
</Scene>
<Scene>
<INIT seed="1,1,0,3,3,102" ten="50,330,410,210" oya="1" hai0="51,133,82,54,88,72,1,37,114,94,73,17,59" hai1="4,2,104,128,109,76,127,90,53,129,11,0,87" hai2="52,81,120,28,68,70,84,80,35,66,12,113,130" hai3="77,58,116,44,5,46,78,21,119,115,23,3,64"/><U14/><E127/><V25/><F120/><W74/><G115/><T118/><D114/><U96/><E76/><V55/><F113/><W26/><G5/><T6/><D37/><U20/><E53/><V99/><F130/><N who="1" m="50281" /><E109/><V39/><F39/><W60/><G3/><T83/><D118/><N who="3" m="45097" /><G23/><T16/><D133/><U65/><E65/><V29/><F12/><W121/><G121/><T36/><D36/><U131/><N who="1" m="50289" /><U15/><DORA hai="106" /><E14/><V13/><F13/><W71/><G71/><T24/><D1/><U124/><E124/><V49/><F55/><W48/><G74/><T98/><D6/><U85/><E0/><V38/><F66/><W67/><G67/><T45/><D45/><N who="3" m="17513" /><G48/><T107/><D24/><U126/><E126/><V43/><F38/><W9/><G9/><T57/><D57/><U97/><E20/><V31/><F70/><W7/><G7/><T92/><D92/><N who="1" m="56343" /><E15/><V62/><F68/><W112/><G112/><T123/><D123/><U100/><AGARI ba="1,0" hai="2,4,11,85,87,97,100,104" m="56343,50289" machi="100" ten="40,3900,0" yaku="19,1,52,1" doraHai="102,106" who="1" fromWho="1" sc="50,-14,330,42,410,-14,210,-14" />
</Scene>
<Scene>
<INIT seed="1,2,0,0,2,104" ten="36,372,396,196" oya="1" hai0="52,106,101,63,44,69,94,7,111,21,92,33,124" hai1="73,45,75,97,116,54,51,103,71,50,38,64,65" hai2="87,86,2,89,60,129,4,77,109,122,40,91,95" hai3="20,135,96,105,53,49,84,27,55,48,80,118,110"/><U32/><E116/><V15/><F122/><W132/><G110/><T31/><D111/><U102/><E32/><V16/><F109/><W119/><G96/><N who="0" m="61735" /><D124/><U83/><E38/><V128/><F77/><N who="3" m="46095" /><G105/><T90/><D7/><U6/><E6/><V9/><F40/><W112/><G112/><T99/><D21/><U25/><E25/><V30/><F30/><N who="3" m="17767" /><G49/><N who="0" m="28711" /><D99/><U36/><E36/><V81/><REACH who="2" step="1"/><F60/><REACH who="2" ten="36,372,386,196" step="2"/><W100/><G119/><T67/><D90/><U42/><E102/><V126/><F126/><W11/><G100/><T43/><D43/><U131/><E131/><V29/><F29/><W17/><G118/><T62/><D62/><U56/><E71/><V108/><F108/><W14/><G48/><T133/><D133/><AGARI ba="2,1" hai="11,14,17,53,55,132,133,135" m="17767,46095" machi="133" ten="30,1000,0" yaku="20,1" doraHai="104" who="3" fromWho="0" sc="36,-16,372,0,386,0,196,26" />
</Scene>
<Scene>
<INIT seed="2,0,0,2,4,60" ten="20,372,386,222" oya="2" hai0="6,14,79,45,66,4,88,65,70,75,109,71,78" hai1="35,82,98,129,76,17,135,90,52,108,39,134,67" hai2="122,36,132,126,84,127,92,61,2,16,73,8,44" hai3="83,121,133,97,41,100,11,68,46,33,103,5,53"/><V1/><F73/><W32/><G121/><T128/><D109/><U115/><E108/><V104/><F104/><W38/><G133/><N who="1" m="50698" /><E115/><V37/><F132/><W12/><G68/><T74/><D45/><U81/><E39/><N who="2" m="14923" /><F122/><W62/><G83/><T3/><D14/><U94/><E35/><V28/><F28/><W18/><G5/><T91/><REACH who="0" step="1"/><D128/><REACH who="0" ten="10,372,386,222" step="2"/><U112/><E129/><V111/><F111/><W34/><G46/><T25/><D25/><U54/><E112/><V55/><F44/><W80/><G12/><T93/><D93/><U119/><E119/><V40/><F40/><W86/><G41/><T13/><D13/><U7/><E7/><V20/><F8/><W131/><G11/><T118/><D118/><U30/><E81/><V51/><F1/><AGARI ba="0,1" hai="1,3,4,6,65,66,70,71,74,75,78,79,88,91" machi="1" ten="25,16000,3" yaku="1,1,22,2,52,2,54,1,53,2" doraHai="60" doraHaiUra="87" who="0" fromWho="2" sc="10,170,372,0,386,-160,222,0" />
</Scene>
<Scene>
<INIT seed="3,0,0,0,3,39" ten="180,372,226,222" oya="3" hai0="4,123,74,61,29,21,82,117,48,64,35,5,68" hai1="115,20,109,60,7,1,59,76,49,55,85,23,79" hai2="107,52,113,80,71,56,72,67,2,47,89,110,125" hai3="44,99,33,126,32,43,53,40,28,105,6,131,78"/><W81/><G126/><T50/><D123/><U75/><E75/><V63/><F113/><W26/><G131/><T11/><D35/><U36/><E36/><V19/><F2/><W129/><G129/><T118/><D5/><U133/><E115/><V24/><F107/><W17/><G33/><T104/><D104/><U16/><E133/><V38/><F125/><W122/><G122/><T119/><D29/><U120/><E120/><V66/><F110/><W14/><G6/><T37/><D37/><U93/><E109/><V116/><F116/><W97/><G53/><T90/><D21/><U54/><E23/><V69/><F19/><W18/><G18/><T41/><D90/><N who="1" m="53455" /><E7/><V73/><F24/><W57/><G57/><T108/><D108/><U31/><E31/><V84/><F67/><W91/><G91/><T101/><D101/><U103/><E103/><V121/><F121/><W83/><G105/><T98/><D98/><U62/><E1/><V25/><F25/><W135/><G135/><T130/><D130/><U102/><E102/><V132/><F132/><W58/><G99/><T95/><D95/><U86/><E86/><V128/><F128/><W94/><G97/><T42/><D50/><U46/><E62/><V88/><F89/><W30/><G94/><T106/><D48/><U0/><E0/><V100/><F100/><W15/><G30/><T92/><D92/><U96/><E96/><V112/><F112/><W12/><G17/><T77/><D106/><U22/><E22/><V65/><F88/><W70/><G32/><T124/><D124/><U13/><AGARI ba="0,0" hai="13,16,20,46,49,54,55,59,60,76,79" m="53455" machi="13" ten="30,4000,0" yaku="5,1,8,1,54,1" doraHai="39" who="1" fromWho="1" sc="180,-10,372,40,226,-10,222,-20" />
</Scene>
<Scene>
<INIT seed="4,0,0,1,4,88" ten="170,412,216,202" oya="0" hai0="115,20,84,52,108,87,32,7,56,131,126,24,59" hai1="49,11,50,76,8,89,9,14,135,120,104,23,35" hai2="81,118,22,61,0,124,70,65,13,63,54,121,69" hai3="68,62,34,31,132,30,111,19,125,127,128,133,122"/><T112/><D32/><U60/><E35/><V72/><F0/><W4/><G111/><T114/><D108/><U86/><E104/><V117/><F121/><W75/><G122/><T106/><D106/><U27/><E120/><V67/><F124/><N who="3" m="47691" /><G4/><T37/><D126/><U130/><E130/><V58/><F13/><W94/><G75/><T134/><D131/><U95/><E135/><N who="3" m="51786" /><G128/><T93/><D134/><U109/><E109/><V43/><F22/><W42/><G42/><T99/><D37/><U90/><E76/><V6/><F6/><W10/><G34/><T15/><D7/><U3/><E3/><V29/><F29/><W107/><G107/><T82/><D15/><U110/><E110/><V46/><F81/><W113/><G113/><T123/><D82/><U45/><E60/><N who="2" m="35927" /><F72/><W78/><G78/><T26/><D59/><U96/><E14/><V48/><AGARI ba="0,0" hai="43,46,48,61,63,65,67,69,70,117,118" m="35927" machi="48" ten="30,2000,0" yaku="34,2" doraHai="88" who="2" fromWho="2" sc="170,-10,412,-5,216,20,202,-5" />
</Scene>
<Scene>
<INIT seed="5,0,0,3,5,16" ten="160,407,236,197" oya="1" hai0="111,119,100,2,120,20,40,0,61,116,123,42,95" hai1="43,132,77,83,30,93,127,28,107,63,85,121,99" hai2="23,135,49,59,56,31,26,104,91,10,125,37,51" hai3="45,54,124,70,79,36,29,66,18,69,82,105,87"/><U78/><E121/><N who="0" m="46665" /><D100/><U44/><E107/><V110/><F110/><W35/><G105/><T14/><D95/><U84/><E127/><V41/><F104/><W122/><G122/><T134/><D61/><U86/><E132/><V102/><F102/><W22/><G124/><T47/><D111/><U81/><E63/><V117/><F125/><W19/><G66/><T80/><D80/><U3/><E3/><N who="0" m="1065" /><D134/><U67/><E67/><V1/><F135/><W17/><G35/><T98/><D98/><U4/><E4/><V55/><F117/><N who="0" m="45130" /><D47/><U33/><E85/><V64/><F91/><W65/><G65/><T103/><D103/><N who="1" m="60911" /><E33/><V90/><F90/><W15/><G82/><T38/><D38/><U112/><E44/><V57/><F37/><W9/><G36/><T32/><D32/><U130/><E84/><V48/><F64/><W34/><G87/><T133/><D133/><U131/><E86/><V6/><REACH who="2" step="1"/><F55/><REACH who="2" ten="160,407,226,197" step="2"/><W27/><G54/><T92/><D92/><U52/><E52/><V115/><F115/><W76/><G70/><T5/><D5/><U126/><E112/><V11/><F11/><W94/><G69/><T12/><D42/><AGARI ba="0,1" hai="1,6,10,23,26,31,41,42,48,49,51,56,57,59" machi="42" ten="40,2600,0" yaku="1,1,52,1,53,0" doraHai="16" doraHaiUra="60" who="2" fromWho="0" sc="160,-26,407,0,226,36,197,0" />
</Scene>
<Scene>
<INIT seed="6,0,0,1,0,7" ten="134,407,262,197" oya="2" hai0="46,5,16,55,6,33,109,0,116,19,121,14,1" hai1="84,119,97,57,49,123,113,21,15,96,65,130,126" hai2="45,85,75,129,108,91,87,76,69,66,133,114,52" hai3="32,134,39,58,132,94,120,104,10,99,88,40,50"/><V17/><F114/><W78/><G120/><T47/><D55/><U35/><E35/><V124/><F124/><W44/><G32/><T13/><D47/><U4/><E119/><V38/><F129/><W9/><G78/><T42/><D46/><U18/><E123/><V22/><F133/><N who="3" m="51307" /><G104/><T93/><D93/><U37/><E37/><V80/><F108/><W53/><AGARI ba="0,0" hai="9,10,39,40,44,50,53,58,88,94,99" m="51307" machi="53" ten="30,7900,0" yaku="20,1,52,2,54,1" doraHai="7" who="3" fromWho="3" sc="134,-20,407,-20,262,-39,197,79" />
</Scene>
<Scene>
<INIT seed="7,0,0,5,3,19" ten="114,387,223,276" oya="3" hai0="2,16,47,57,38,123,70,100,118,50,23,81,97" hai1="106,43,39,45,103,122,67,83,80,3,31,9,36" hai2="119,102,131,91,120,64,101,110,32,55,75,98,117" hai3="105,20,14,96,10,111,62,109,82,88,93,86,60"/><W44/><G105/><T116/><D123/><U21/><E122/><V108/><F32/><W6/><G44/><T25/><D2/><U66/><E39/><V58/><F64/><W68/><G68/><T63/><D70/><U65/><E106/><V92/><F120/><W99/><G99/><T37/><D37/><U56/><E103/><N who="2" m="39435" /><F55/><W94/><G94/><T54/><D38/><U124/><E124/><V112/><F58/><W77/><REACH who="3" step="1"/><G20/><REACH who="3" ten="114,387,223,266" step="2"/><T128/><D128/><U0/><E80/><V8/><F92/><W84/><G84/><T26/><D81/><U78/><E56/><V49/><F98/><W13/><G13/><T115/><D115/><U12/><E21/><V11/><F112/><W104/><G104/><T73/><D73/><U5/><REACH who="1" step="1"/><E31/><REACH who="1" ten="114,377,223,266" step="2"/><V126/><F75/><AGARI ba="0,2" hai="0,3,5,9,12,36,43,45,65,66,67,75,78,83" machi="75" ten="40,2600,0" yaku="1,1,2,1,53,0" doraHai="19" doraHaiUra="52" who="1" fromWho="2" sc="114,0,377,46,223,-26,266,0" owari="114,-39.0,423,52.0,197,-20.0,266,7.0" />
</Scene>
</mjloggm>