<mjloggm ver="2.3"><GO type="169" lobby="0"/><UN n0="%73%73%74%61%72%6F" n1="%74%61%6E%61%4B%61%E8%8A%8B%E5%AD%90" n2="%E5%A4%AA%E3%81%8F%E3%81%AA%E3%81%84%E3%81%8A" n3="%54%E3%81%96%E3%82%8F" dan="17,17,17,17" rate="2099.29,2069.67,2225.01,2122.95" sx="M,F,M,M"/><TAIKYOKU oya="0"/>

<Scene>
<INIT seed="0,0,0,4,3,124" ten="250,250,250,250" oya="0" hai0="36,17,135,23,3,66,115,32,0,63,91,79,84" hai1="134,4,133,101,128,46,93,41,50,30,100,68,111" hai2="125,77,42,29,24,74,102,132,52,7,75,18,62" hai3="64,28,121,39,86,33,55,10,129,53,78,72,73"/><T109/><D115/><U58/><E68/><V110/><F125/><W31/><G39/><T65/><D135/><N who="1" m="51723" /><E30/><V89/><F132/><W35/><G10/><T81/><D32/><U127/><E58/><V38/><F110/><W49/><G49/><T122/><D122/><U118/><E118/><V61/><F102/><N who="1" m="39529" /><E111/><V114/><F29/><W99/><G99/><T59/><D109/><U27/><E27/><V90/><F24/><W104/><G86/><T43/><D66/><U51/><E93/><V5/><F62/><W97/><G97/><T76/><D43/><U1/><E127/><V44/><F61/><W113/><G78/><T54/><D36/><U47/><E4/><V8/><F5/><W57/><G57/><T60/><D79/><U80/><E80/><V22/><F7/><W95/><G95/><T14/><D76/><U106/><E106/><V131/><F38/><W87/><G87/><T13/><D13/><U56/><E56/><AGARI ba="0,0" hai="0,3,14,17,23,54,56,59,60,63,65,81,84,91" machi="56" ten="30,1500,0" yaku="7,1" doraHai="124" who="0" fromWho="1" sc="250,15,250,-15,250,0,250,0" />
</Scene>
<Scene>
<INIT seed="0,1,0,2,2,15" ten="265,235,250,250" oya="0" hai0="62,9,102,27,14,49,7,82,125,114,18,84,113" hai1="118,93,8,92,31,61,105,71,33,43,41,88,28" hai2="47,132,131,57,20,78,42,39,34,30,35,50,89" hai3="121,21,103,127,90,94,83,73,11,79,22,6,116"/><T124/><D102/><U75/><E105/><V68/><F78/><W10/><G121/><T98/><D98/><U110/><E75/><V123/><F123/><W51/><G127/><N who="0" m="48715" /><D49/><U53/><E93/><V115/><F115/><N who="0" m="44042" /><D62/><U66/><E110/><V134/><F68/><W117/><G103/><T109/><D109/><U36/><E118/><V111/><F111/><W104/><G104/><T55/><D55/><U108/><E108/><V19/><F50/><W2/><G51/><T56/><D56/><U48/><E8/><V16/><F57/><W119/><REACH who="3" step="1"/><G11/><REACH who="3" ten="265,235,250,240" step="2"/><T97/><D97/><AGARI ba="1,1" hai="2,6,10,21,22,73,79,83,90,94,97,116,117,119" machi="97" ten="40,2600,0" yaku="1,1,2,1,53,0" doraHai="15" doraHaiUra="13" who="3" fromWho="0" sc="265,-29,235,0,250,0,240,39" />
</Scene>
<Scene>
<INIT seed="1,0,0,1,2,62" ten="236,235,250,279" oya="1" hai0="48,121,7,19,25,126,81,18,76,97,55,75,125" hai1="92,39,10,40,73,131,33,46,58,122,98,90,67" hai2="106,114,80,123,108,13,105,36,83,5,101,37,99" hai3="110,16,53,9,45,34,41,127,31,74,109,28,0"/><U86/><E122/><V8/><F123/><W102/><G74/><T47/><D121/><U6/><E33/><V49/><F108/><W94/><G127/><N who="0" m="48651" /><D7/><U87/><E131/><V112/><F106/><W135/><G135/><T29/><D97/><U111/><E73/><V30/><F30/><W66/><G66/><T103/><D103/><U68/><E68/><V12/><F49/><W69/><G69/><T88/><D88/><U65/><E111/><N who="3" m="42506" /><G53/><T27/><D27/><U50/><E39/><N who="2" m="14923" /><F12/><N who="3" m="7183" /><G0/><T129/><D129/><U120/><E120/><V51/><F51/><N who="3" m="27055" /><G34/><AGARI ba="0,0" hai="18,19,25,29,34,47,48,55,75,76,81" m="48651" machi="34" ten="30,1000,0" yaku="18,1" doraHai="62" who="0" fromWho="3" sc="236,10,235,0,250,0,279,-10" />
</Scene>
<Scene>
<INIT seed="2,0,0,1,0,14" ten="246,235,250,269" oya="2" hai0="97,135,24,85,20,122,16,41,11,113,84,54,80" hai1="105,61,86,112,35,6,108,77,109,128,116,19,75" hai2="3,124,29,88,71,81,118,92,7,115,0,107,36" hai3="30,42,131,34,104,63,69,114,5,133,74,17,64"/><V31/><F107/><W132/><G74/><T129/><D122/><U44/><E116/><V111/><F118/><W103/><G42/><T27/><D113/><U12/><E112/><V55/><F115/><W83/><G114/><T93/><D135/><N who="3" m="51785" /><G83/><T2/><D129/><U94/><E105/><V117/><F117/><W52/><G5/><T101/><D41/><U1/><E35/><V56/><F71/><W100/><G131/><T106/><D106/><U119/><E119/><V120/><F120/><W18/><G52/><T121/><D121/><U32/><E32/><V68/><F68/><W125/><G125/><T38/><D38/><U72/><E128/><V62/><F36/><W67/><G64/><T126/><D126/><U87/><E6/><V90/><F124/><W4/><G4/><T43/><D43/><U130/><E1/><V37/><F37/><W95/><G95/><T96/><D96/><U46/><E130/><V45/><F45/><W58/><G58/><T22/><D2/><U40/><E94/><V76/><F3/><W23/><G23/><N who="0" m="8747" /><D54/><U8/><E40/><V33/><F33/><W26/><G103/><T70/><D70/><U79/><E8/><V134/><F134/><W9/><G9/><T13/><D85/><U28/><E75/><N who="2" m="43167" /><F0/><W91/><G91/><AGARI ba="0,0" hai="11,13,16,24,27,80,84,91,93,97,101" m="8747" machi="91" ten="30,3900,0" yaku="8,1,52,1,54,1" doraHai="14" who="0" fromWho="3" sc="246,39,235,0,250,0,269,-39" />
</Scene>
<Scene>
<INIT seed="3,0,0,5,3,67" ten="285,235,250,230" oya="3" hai0="62,70,98,58,18,44,97,126,93,91,41,40,19" hai1="11,65,111,118,55,10,133,76,49,77,117,74,82" hai2="130,71,32,83,95,116,56,96,132,46,38,13,78" hai3="35,64,69,66,23,12,51,30,29,90,26,63,86"/><W25/><G66/><N who="0" m="39255" /><D70/><U61/><E111/><V57/><F116/><N who="1" m="44649" /><E77/><V113/><F32/><W123/><G123/><T39/><D126/><U16/><E133/><V119/><F119/><W125/><G125/><T43/><D39/><U75/><E75/><V108/><F113/><W110/><G110/><T9/><D44/><N who="1" m="28071" /><E16/><N who="0" m="6185" /><D9/><U59/><AGARI ba="0,0" hai="10,11,59,61,65,74,76,82" m="28071,44649" machi="59" ten="30,1100,0" yaku="12,1" doraHai="67" who="1" fromWho="1" sc="285,-3,235,11,250,-3,230,-5" />
</Scene>
<Scene>
<INIT seed="4,0,0,0,5,100" ten="282,246,247,225" oya="0" hai0="27,86,126,90,65,108,69,20,49,87,71,103,113" hai1="93,57,50,128,26,134,44,12,84,114,36,135,124" hai2="99,32,10,122,0,39,2,42,15,24,88,13,18" hai3="123,5,95,72,40,3,64,74,77,56,118,60,48"/><T41/><D113/><U59/><E128/><V89/><F122/><W9/><G118/><T4/><D126/><U83/><E124/><V109/><F109/><W58/><G123/><T23/><D108/><U78/><E36/><V68/><F68/><W79/><G74/><T1/><D103/><U73/><E26/><V105/><F39/><W117/><G117/><T43/><D1/><U55/><E114/><V76/><F42/><W54/><G72/><T35/><D35/><U125/><E125/><V102/><F76/><W119/><G119/><T38/><D38/><U81/><E93/><V70/><F70/><W17/><G40/><T29/><D4/><U120/><E120/><V127/><F127/><W129/><G129/><T66/><D49/><U96/><E96/><V46/><F46/><W37/><G37/><T16/><D27/><U121/><E121/><V104/><F104/><W111/><G111/><T14/><D14/><U63/><E12/><V51/><F51/><W85/><G17/><T110/><D110/><U30/><E30/><V130/><F130/><W101/><REACH who="3" step="1"/><G85/><REACH who="3" ten="282,246,247,215" step="2"/><T132/><D16/><U131/><E131/><V34/><F18/><W31/><G31/><T106/><D29/><U28/><E28/><V22/><F32/><W107/><G107/><T11/><D106/><U75/><E75/><V92/><F34/><W8/><G8/><T21/><D11/><U80/><E73/><V7/><F105/><W25/><G25/><T52/><D87/><U45/><E84/><V115/><F24/><W112/><G112/><T98/><D86/><U62/><E78/><RYUUKYOKU ba="0,1" sc="282,-10,246,-10,247,-10,215,30" hai3="3,5,9,48,54,56,58,60,64,77,79,95,101" />
</Scene>
<Scene>
<INIT seed="5,1,1,0,2,71" ten="272,236,237,245" oya="1" hai0="61,127,67,68,19,11,34,27,10,4,64,115,91" hai1="87,56,109,42,69,96,111,73,132,90,81,37,103" hai2="131,125,95,15,129,100,3,57,80,110,58,63,97" hai3="86,66,62,1,94,85,76,60,0,72,47,23,17"/><U130/><E69/><V122/><F3/><W105/><G105/><T113/><D127/><U43/><E132/><V65/><F110/><N who="1" m="41993" /><E73/><V38/><F122/><W99/><G72/><T102/><D67/><U124/><E124/><V55/><F125/><W39/><G62/><T112/><D102/><U121/><E121/><V49/><F80/><W119/><G119/><T24/><D91/><U83/><E130/><N who="2" m="49675" /><F15/><W77/><G85/><T52/><D52/><U31/><E31/><V44/><F38/><W5/><G77/><T75/><D75/><U53/><E81/><V82/><F82/><W25/><G5/><T78/><D78/><U120/><E120/><V22/><F22/><W20/><G20/><N who="0" m="13343" /><D4/><U84/><E37/><V2/><F2/><W128/><G128/><T74/><D74/><U26/><E26/><V101/><F101/><W6/><G6/><T106/><D106/><N who="1" m="63847" /><E84/><V48/><F48/><AGARI ba="1,1" hai="42,43,48,53,56,83,87,90" m="63847,41993" machi="48" ten="30,1500,0" yaku="10,1" doraHai="71" who="1" fromWho="2" sc="272,0,236,28,237,-18,245,0" />
</Scene>
<Scene>
<INIT seed="5,2,0,0,5,42" ten="272,264,219,245" oya="1" hai0="12,99,39,122,126,114,62,45,51,41,76,17,96" hai1="28,30,50,112,132,14,49,113,21,84,108,127,123" hai2="93,88,86,52,26,54,115,0,9,60,116,1,48" hai3="13,71,27,91,109,83,106,79,46,107,68,94,101"/><U95/><E123/><V117/><F115/><N who="1" m="44105" /><E127/><V85/><F26/><W5/><G109/><T121/><D114/><U6/><E132/><V130/><F130/><W22/><G106/><T134/><D126/><U61/><E108/><V4/><F0/><W59/><G59/><T58/><D134/><U102/><E61/><V92/><F60/><W57/><G57/><T128/><D128/><U40/><E102/><V66/><F66/><W98/><G13/><T33/><D33/><U125/><E125/><V24/><F24/><W11/><G11/><T90/><D76/><U100/><E100/><V78/><F54/><W75/><G46/><T133/><D133/><U119/><E119/><V73/><F73/><W87/><REACH who="3" step="1"/><G5/><REACH who="3" ten="272,264,219,235" step="2"/><T38/><D58/><U36/><E6/><V74/><F74/><W47/><G47/><T81/><D45/><N who="1" m="23687" /><E14/><V16/><F4/><W135/><G135/><T29/><D12/><U43/><E43/><V35/><F9/><W32/><G32/><T10/><D10/><U15/><E15/><V37/><F35/><W63/><G63/><T89/><D62/><U105/><E105/><V131/><F131/><W67/><G67/><T31/><D41/><U110/><E110/><V2/><F52/><W69/><G69/><T97/><D39/><U70/><E70/><V65/><F37/><W104/><G104/><T23/><D38/><U34/><E34/><V3/><F65/><W103/><G103/><T80/><D51/><N who="1" m="19467" /><E21/><V25/><F48/><W44/><G44/><T18/><D23/><U64/><E64/><V118/><F118/><W129/><G129/><RYUUKYOKU ba="2,1" sc="272,-15,264,15,219,-15,235,15" hai1="28,30,84,95" hai3="22,27,68,71,75,79,83,87,91,94,98,101,107" />
</Scene>
<Scene>
<INIT seed="5,3,1,0,0,9" ten="257,279,204,250" oya="1" hai0="25,37,79,122,93,58,134,57,50,40,103,2,64" hai1="59,18,63,65,34,39,54,117,123,67,127,105,91" hai2="74,126,118,68,35,99,87,53,19,21,106,12,88" hai3="4,36,120,42,78,15,66,75,20,48,69,7,96"/><U27/><E123/><V114/><F118/><W1/><G120/><T3/><D122/><U130/><E39/><V85/><F74/><W16/><G36/><T73/><D134/><U23/><E117/><V56/><F68/><W13/><G1/><T102/><D37/><U129/><E127/><V77/><F35/><W128/><G69/><T8/><D25/><N who="1" m="14583" /><E105/><V61/><F126/><W83/><G66/><T14/><D2/><U95/><E34/><V31/><F114/><W55/><G42/><T121/><D3/><U112/><E112/><V86/><F77/><W81/><G128/><N who="1" m="49258" /><E27/><N who="2" m="16879" /><F106/><W92/><G83/><T49/><D121/><U109/><E109/><V132/><F132/><W111/><G111/><T62/><D93/><U98/><AGARI ba="3,1" hai="54,59,63,65,67,91,95,98" m="49258,14583" machi="98" ten="30,3000,0" yaku="25,1,19,1" doraHai="9" who="1" fromWho="1" sc="257,-13,279,49,204,-13,250,-13" />
</Scene>
<Scene>
<INIT seed="5,4,0,3,0,125" ten="244,328,191,237" oya="1" hai0="113,78,110,106,69,15,49,62,90,81,122,89,79" hai1="41,71,60,67,30,59,2,77,43,135,100,18,65" hai2="103,134,4,22,61,124,109,75,86,23,130,111,0" hai3="105,72,95,35,29,126,16,97,116,128,40,34,17"/><U55/><E135/><V119/><F75/><W14/><G105/><T117/><D110/><N who="2" m="41994" /><F86/><W1/><G72/><T96/><D117/><U51/><E2/><V12/><F61/><W101/><G116/><T50/><D15/><U74/><E30/><V73/><F103/><W83/><G1/><T28/><D28/><U11/><E100/><V76/><F76/><W120/><G120/><T87/><D122/><U68/><E77/><V132/><F73/><W26/><G126/><T84/><D113/><U25/><E74/><V37/><F37/><W46/><G17/><T115/><D115/><U45/><E68/><V66/><F66/><N who="1" m="25097" /><E71/><V5/><F119/><W6/><G6/><N who="2" m="2665" /><F124/><W47/><G47/><T98/><D69/><U91/><E91/><N who="0" m="34825" /><D106/><U58/><E58/><V129/><F0/><W44/><G44/><T21/><D62/><U39/><E39/><V131/><F12/><W33/><G83/><N who="0" m="47223" /><D49/><U127/><E127/><V70/><F70/><W20/><REACH who="3" step="1"/><G128/><REACH who="3" ten="244,328,191,227" step="2"/><T27/><D81/><U42/><E45/><V8/><F8/><W118/><G118/><T3/><D3/><U13/><E11/><V114/><F114/><W36/><AGARI ba="4,1" hai="14,16,20,26,29,33,34,35,36,40,46,95,97,101" machi="36" ten="20,5200,0" yaku="1,1,0,1,7,1,54,1,53,0" doraHai="125" doraHaiUra="53" who="3" fromWho="3" sc="244,-17,328,-30,191,-17,227,74" />
</Scene>
<Scene>
<INIT seed="6,0,0,3,4,124" ten="227,298,174,301" oya="2" hai0="5,33,37,45,53,92,106,118,83,90,31,111,117" hai1="57,73,103,59,39,125,89,94,99,110,100,66,85" hai2="72,104,130,127,3,8,58,44,95,68,49,120,62" hai3="109,14,87,126,131,43,1,101,97,54,69,77,70"/><V34/><F104/><W133/><G1/><T4/><D106/><U56/><E110/><V27/><F120/><W11/><G109/><T102/><D111/><U26/><E73/><V96/><F127/><W65/><G126/><T63/><D102/><U7/><E125/><V30/><F72/><W40/><G54/><T28/><D83/><N who="1" m="49343" /><E103/><V19/><F68/><W16/><G87/><N who="0" m="52319" /><D63/><N who="1" m="38247" /><E39/><V71/><F71/><W47/><G77/><T22/><D33/><U121/><E121/><V86/><F86/><W29/><G29/><N who="0" m="11339" /><D22/><U64/><E26/><V46/><F49/><W80/><G80/><T98/><D98/><U76/><E76/><V112/><F112/><W51/><G97/><T67/><D67/><U122/><E122/><V105/><F105/><W2/><G65/><T21/><D21/><U132/><E64/><N who="2" m="38999" /><F96/><W91/><G70/><T25/><D25/><U135/><E7/><N who="2" m="1151" /><F95/><W116/><G101/><T50/><D37/><U12/><E12/><V52/><F34/><W134/><G69/><T82/><D82/><U48/><E48/><V17/><F30/><W60/><G2/><T42/><D42/><U107/><E107/><V36/><F27/><W41/><G41/><T9/><D9/><U20/><E20/><V93/><F93/><W24/><G43/><T10/><D10/><U0/><E0/><V114/><F36/><W75/><G24/><T108/><D108/><U88/><E100/><V61/><F114/><W18/><G11/><T78/><D78/><U128/><E59/><N who="2" m="35047" /><F17/><W113/><G18/><T119/><AGARI ba="0,0" hai="4,5,45,50,53,117,118,119" m="11339,52319" machi="119" ten="40,1500,0" yaku="12,1" doraHai="124" who="0" fromWho="0" sc="227,15,298,-4,174,-7,301,-4" />
</Scene>
<Scene>
<INIT seed="7,0,0,3,1,73" ten="242,294,167,297" oya="3" hai0="20,126,58,113,74,43,60,31,12,84,4,53,1" hai1="48,68,17,29,101,132,88,106,75,22,24,118,47" hai2="21,99,8,37,6,100,127,57,62,9,107,19,42" hai3="78,94,61,32,69,54,7,66,46,2,124,11,86"/><W10/><G124/><T134/><D74/><U33/><E132/><V82/><F127/><W71/><G32/><T120/><D120/><U89/><E68/><V51/><F37/><W109/><G109/><T0/><D134/><U112/><E112/><V87/><F6/><W116/><G116/><T15/><D126/><U50/><E75/><V28/><F28/><W93/><G71/><T114/><D43/><U98/><E118/><V18/><F51/><W102/><G102/><T80/><D15/><U81/><E81/><V30/><F30/><W115/><G115/><N who="0" m="44043" /><D4/><U85/><E85/><V52/><F42/><W3/><G3/><T35/><D35/><U77/><E50/><V38/><F38/><W23/><G10/><T16/><D31/><U105/><E105/><V5/><F5/><W72/><G72/><T65/><D65/><U34/><E34/><V95/><F107/><W108/><G108/><T104/><D104/><U133/><E133/><V111/><F111/><W128/><G23/><T64/><D64/><U63/><E63/><V125/><F125/><W76/><G128/><T110/><D110/><U91/><E29/><V131/><F131/><W45/><G54/><T119/><D119/><U26/><E33/><V55/><F55/><W56/><G69/><T44/><D44/><U27/><E47/><N who="3" m="17930" /><G86/><T121/><D121/><U79/><E48/><V117/><F117/><W13/><G2/><T39/><D39/><U40/><E40/><V90/><REACH who="2" step="1"/><F18/><REACH who="2" ten="242,294,157,297" step="2"/><W49/><G49/><T97/><D53/><U130/><E130/><V122/><F122/><W123/><G123/><RYUUKYOKU ba="0,1" sc="242,-30,294,10,157,10,297,10" hai1="17,22,24,26,27,77,79,88,89,91,98,101,106" hai2="8,9,19,21,52,57,62,82,87,90,95,99,100" hai3="7,11,13,56,61,66,76,78,93,94" owari="212,-19.0,304,10.0,167,-33.0,317,42.0" />
</Scene>
</mjloggm>