<mjloggm ver="2.3"><GO type="169" lobby="0"/><UN n0="%6D%61%6E%5F%6B%6F" n1="%E5%A4%AA%E3%81%8F%E3%81%AA%E3%81%84%E3%81%8A" n2="%6D%6F%6B%61%2D" n3="%6A%69%6E%6B%61%69" dan="16,18,17,16" rate="2118.08,2172.71,2158.62,2078.34" sx="M,M,M,M"/><TAIKYOKU oya="0"/>

<Scene>
<INIT seed="0,0,0,4,1,84" ten="250,250,250,250" oya="0" hai0="1,123,61,9,112,22,119,27,10,36,37,77,38" hai1="103,58,16,67,28,29,104,81,79,132,88,30,20" hai2="108,121,41,94,91,7,63,32,74,89,106,118,113" hai3="12,33,69,127,131,40,21,50,125,54,53,102,25"/><T59/><D119/><U72/><E132/><V109/><F121/><W31/><G69/><T111/><D123/><U57/><E67/><V18/><F113/><W116/><G116/><T76/><D112/><U97/><REACH who="1" step="1"/><E88/><REACH who="1" ten="250,240,250,250" step="2"/><V117/><F89/><W75/><G125/><T82/><D111/><U105/><E105/><V68/><F106/><W4/><G127/><T39/><D77/><U114/><E114/><V92/><F118/><W124/><G124/><T95/><D95/><U86/><E86/><N who="2" m="52343" /><F94/><W135/><G102/><T56/><D76/><U51/><E51/><V100/><F117/><W42/><G50/><T98/><D98/><U46/><E46/><V110/><F100/><W120/><G135/><T34/><D82/><U14/><AGARI ba="0,1" hai="14,16,20,28,29,30,57,58,72,79,81,97,103,104" machi="14" ten="30,4000,0" yaku="1,1,0,1,54,1,53,0" doraHai="84" doraHaiUra="48" who="1" fromWho="1" sc="250,-20,240,50,250,-10,250,-10" />
</Scene>
<Scene>
<INIT seed="1,0,0,5,5,126" ten="230,290,240,240" oya="1" hai0="18,76,11,48,100,132,102,12,27,53,97,128,50" hai1="25,113,129,9,64,10,69,67,120,109,30,117,127" hai2="98,135,93,133,65,79,44,32,46,22,107,124,92" hai3="54,96,20,105,104,80,1,125,91,116,19,37,51"/><U101/><E113/><V38/><F32/><W86/><G1/><T73/><D132/><N who="2" m="50762" /><F124/><W49/><G37/><T58/><D128/><U47/><E127/><V43/><F79/><W83/><G125/><T110/><D110/><U52/><E117/><V90/><F65/><W13/><G116/><T2/><D2/><U122/><E101/><N who="2" m="62903" /><F90/><W134/><G134/><T68/><D68/><U5/><E109/><V33/><F33/><W24/><G96/><T88/><D76/><U114/><E114/><V35/><F35/><W15/><G80/><T31/><D73/><U59/><E69/><V89/><F89/><W41/><G105/><T108/><D108/><U39/><E67/><V42/><F22/><W62/><G104/><T112/><D112/><U95/><E64/><V56/><F56/><N who="3" m="35095" /><G41/><T8/><D88/><U99/><E59/><V4/><F4/><W17/><G24/><T118/><D27/><U85/><E25/><V81/><F81/><W3/><G3/><T123/><D118/><U23/><E5/><V119/><F119/><W130/><G15/><T115/><D12/><U29/><E23/><V28/><F28/><W94/><G19/><T131/><D18/><U87/><E30/><V45/><F45/><W55/><G83/><T121/><D31/><U78/><E29/><V77/><F77/><W34/><G34/><T57/><D115/><U21/><E78/><V66/><F66/><W16/><G17/><T74/><D74/><U103/><E21/><V0/><F0/><W7/><G7/><T6/><D6/><U84/><E47/><V106/><F106/><RYUUKYOKU ba="0,0" sc="230,-10,290,-10,240,30,240,-10" hai2="38,42,43,44,46,92,93" />
</Scene>
<Scene>
<INIT seed="2,1,0,0,5,2" ten="220,280,270,230" oya="2" hai0="10,38,82,56,96,13,132,89,36,129,73,19,114" hai1="29,87,124,23,111,75,55,104,5,14,51,50,76" hai2="77,63,94,53,22,91,105,24,128,83,62,134,32" hai3="16,33,28,47,116,71,37,74,46,95,72,120,68"/><V110/><F105/><W70/><G120/><T119/><D114/><U99/><E75/><V86/><F32/><W4/><G116/><T69/><D69/><U40/><E111/><V20/><F134/><W123/><G123/><T131/><D132/><U133/><E133/><V65/><F128/><N who="0" m="49226" /><D119/><U67/><E124/><V78/><F110/><W8/><G95/><N who="0" m="56431" /><D56/><U45/><E67/><V26/><F53/><W30/><G46/><T112/><D112/><U108/><E108/><V48/><F48/><W107/><G47/><T61/><D61/><N who="2" m="23050" /><F65/><W64/><G64/><T118/><D118/><U0/><E0/><V15/><F15/><W60/><G60/><T41/><D41/><U80/><E104/><V109/><F109/><W115/><G37/><T106/><D106/><U100/><E14/><V42/><F42/><W43/><G43/><T135/><D135/><U117/><E117/><V9/><F9/><W122/><G107/><T97/><D97/><U39/><E55/><V92/><F92/><W66/><G66/><T102/><D102/><U31/><E51/><V27/><F94/><W79/><G115/><T49/><D49/><U126/><E39/><V44/><F44/><W7/><G122/><T88/><D73/><U57/><E57/><V59/><F59/><W12/><G72/><T18/><D18/><U25/><E45/><V98/><F98/><W93/><G74/><T1/><D1/><U103/><E99/><V84/><F84/><AGARI ba="1,0" hai="10,13,19,36,38,82,84,88" m="56431,49226" machi="84" ten="30,2000,0" yaku="19,1,54,1" doraHai="2" who="0" fromWho="2" sc="220,23,280,0,270,-23,230,0" />
</Scene>
<Scene>
<INIT seed="3,0,0,3,2,81" ten="243,280,247,230" oya="3" hai0="41,113,133,4,121,99,27,54,120,95,103,37,100" hai1="5,114,101,80,68,90,88,125,76,9,16,62,122" hai2="47,59,30,79,106,78,1,61,55,6,112,129,29" hai3="42,73,124,49,134,126,108,74,21,51,38,131,75"/><W2/><G2/><T18/><D133/><U25/><E122/><V107/><F112/><W128/><G134/><T102/><D113/><U35/><E114/><V26/><F129/><N who="3" m="49739" /><G108/><T86/><D4/><U58/><E68/><V77/><F30/><W48/><G21/><T11/><D37/><U65/><E125/><N who="3" m="48234" /><G38/><T33/><D33/><U83/><E101/><V64/><F6/><W40/><AGARI ba="0,0" hai="40,42,48,49,51,73,74,75" m="48234,49739" machi="40" ten="50,12000,1" yaku="28,2,19,1,18,1" doraHai="81" who="3" fromWho="3" sc="243,-40,280,-40,247,-40,230,120" />
</Scene>
<Scene>
<INIT seed="3,1,0,2,3,105" ten="203,240,207,350" oya="3" hai0="100,40,101,55,44,95,134,20,81,123,126,89,57" hai1="132,92,63,24,112,5,31,19,28,35,43,46,109" hai2="21,125,96,122,30,70,121,50,94,72,59,111,60" hai3="128,84,98,71,66,56,130,12,10,110,133,45,22"/><W108/><G71/><T48/><D123/><N who="2" m="47114" /><F111/><N who="3" m="42539" /><G22/><T79/><D134/><U97/><E109/><V38/><F125/><W23/><G23/><T9/><D126/><U103/><E112/><V6/><F72/><W37/><G133/><T124/><D124/><U119/><E132/><V99/><F38/><W27/><G27/><T42/><D20/><U67/><E119/><V102/><F6/><N who="3" m="3159" /><G98/><T87/><D9/><U90/><E5/><V47/><F99/><W41/><G84/><T117/><D117/><U39/><E19/><V135/><F70/><W33/><G33/><T77/><D77/><U106/><E31/><V64/><F135/><W11/><G11/><T78/><D78/><U8/><E8/><V86/><F86/><W32/><G32/><T127/><D127/><U0/><E0/><V76/><F76/><W1/><G1/><T74/><REACH who="0" step="1"/><D40/><REACH who="0" ten="193,240,207,350" step="2"/><U14/><E43/><N who="2" m="24959" /><F21/><W113/><G113/><T2/><D2/><U120/><E120/><V91/><F30/><W7/><G7/><T36/><AGARI ba="1,1" hai="36,42,44,48,55,57,74,79,81,87,89,95,100,101" machi="36" ten="20,5200,0" yaku="1,1,0,1,7,1,52,1,53,0" doraHai="105" doraHaiUra="61" who="0" fromWho="0" sc="193,65,240,-14,207,-14,350,-27" />
</Scene>
<Scene>
<INIT seed="4,0,0,0,5,38" ten="258,226,193,323" oya="0" hai0="5,110,125,108,12,74,95,34,71,81,66,78,127" hai1="63,73,53,131,116,114,75,50,132,92,64,24,16" hai2="123,31,65,102,115,55,39,83,126,36,30,90,43" hai3="19,88,94,54,105,111,37,17,51,69,40,130,103"/><T48/><D34/><U134/><E116/><V79/><F123/><W129/><G111/><N who="0" m="42539" /><D66/><U33/><E131/><N who="3" m="50186" /><G69/><T22/><D71/><N who="1" m="42399" /><E92/><V85/><F115/><W86/><G103/><T77/><D77/><U106/><E106/><V91/><F126/><N who="0" m="48138" /><D95/><U18/><E114/><V122/><F122/><W2/><G105/><T9/><D48/><U100/><E100/><V87/><F102/><W14/><G2/><T3/><D22/><U60/><E60/><V61/><F39/><W109/><G109/><T20/><D20/><U104/><E104/><V121/><F121/><W35/><G35/><T133/><D12/><U42/><E33/><V113/><F113/><W21/><G19/><T41/><D41/><U28/><E42/><V45/><F55/><W6/><G6/><T120/><D120/><U89/><E18/><V44/><F79/><W107/><G107/><T27/><D27/><U99/><E16/><V26/><F26/><W124/><G124/><T117/><D117/><U97/><E24/><V68/><REACH who="2" step="1"/><F45/><REACH who="2" ten="258,226,183,323" step="2"/><N who="3" m="26023" /><G54/><T76/><D76/><U128/><E53/><V101/><F101/><W15/><G37/><T1/><D3/><U59/><E128/><V23/><F23/><W98/><G15/><T82/><D82/><AGARI ba="0,1" hai="30,31,36,43,44,61,65,68,82,83,85,87,90,91" machi="82" ten="30,7700,0" yaku="1,1,7,1,9,1,52,1,53,0" doraHai="38" doraHaiUra="119" who="2" fromWho="0" sc="258,-77,226,0,183,87,323,0" />
</Scene>
<Scene>
<INIT seed="5,0,0,0,5,125" ten="181,226,270,323" oya="1" hai0="90,68,18,23,120,79,44,111,91,25,26,17,118" hai1="132,30,76,54,104,36,3,88,5,122,2,133,83" hai2="15,75,6,37,57,103,4,74,16,97,12,9,14" hai3="78,105,0,113,22,96,92,67,20,71,134,127,1"/><U53/><E122/><V47/><F57/><W116/><G105/><T94/><D111/><U135/><E104/><V66/><F66/><W50/><G78/><T46/><D68/><U115/><E36/><V82/><F6/><W81/><G81/><T64/><D64/><U52/><E115/><V98/><F98/><W130/><G127/><T65/><D65/><U109/><E109/><V48/><F37/><W39/><G67/><T117/><D120/><U61/><E30/><V93/><F82/><W40/><G40/><T62/><D62/><U70/><E70/><V51/><F51/><W41/><G41/><T32/><D23/><U29/><E29/><V87/><F87/><W123/><G22/><T59/><D79/><U60/><E88/><V34/><F34/><W99/><G20/><T13/><D13/><U77/><E77/><V31/><F31/><W108/><G39/><T121/><D121/><U33/><E33/><V85/><F85/><W106/><G71/><T110/><D32/><U27/><E27/><V58/><F58/><W128/><G106/><T119/><D59/><U35/><E35/><V55/><REACH who="2" step="1"/><F15/><REACH who="2" ten="181,226,260,323" step="2"/><W101/><G99/><T124/><D118/><U84/><E5/><V24/><F24/><W80/><G96/><T73/><D117/><U129/><E60/><V69/><F69/><W126/><G116/><T19/><D119/><U56/><E61/><V95/><F95/><W89/><G92/><T45/><D94/><U43/><E56/><V114/><F114/><W131/><G113/><T21/><D25/><U102/><E83/><V42/><F42/><RYUUKYOKU ba="0,1" sc="181,-10,226,-10,260,30,323,-10" hai2="4,9,12,14,16,47,48,55,74,75,93,97,103" />
</Scene>
<Scene>
<INIT seed="6,1,1,2,3,78" ten="171,216,290,313" oya="2" hai0="14,97,19,84,15,21,93,38,11,68,39,85,129" hai1="46,101,92,112,42,50,98,86,7,6,62,121,119" hai2="108,48,99,12,95,81,64,70,5,90,33,52,57" hai3="71,59,83,109,34,58,87,89,61,131,102,103,105"/><V1/><F1/><W51/><G34/><T73/><D73/><U133/><E119/><V32/><F108/><W10/><G109/><T24/><D129/><U37/><E112/><V3/><F3/><W69/><G131/><T60/><D39/><U45/><E133/><V20/><F70/><W29/><G29/><T2/><D38/><U0/><E121/><V67/><F33/><W66/><G10/><T30/><D2/><U4/><E62/><V122/><F32/><W107/><G107/><T75/><D75/><U49/><E0/><V8/><F122/><W94/><G105/><T63/><D14/><U56/><E56/><V91/><F20/><W115/><G115/><T72/><D72/><U35/><E35/><V82/><F90/><N who="3" m="51583" /><G69/><T25/><D25/><U13/><E13/><V76/><F82/><W125/><G125/><T117/><D117/><U9/><E9/><V123/><F123/><W120/><G71/><T47/><D47/><U118/><E118/><V132/><F132/><W16/><G16/><N who="0" m="12327" /><D68/><U130/><E130/><V96/><F96/><N who="3" m="57423" /><G120/><T110/><D30/><U135/><E135/><V26/><F26/><W55/><AGARI ba="1,1" hai="51,55,58,59,61,66,102,103" m="57423,51583" machi="55" ten="30,2000,0" yaku="8,1,52,1" doraHai="78" who="3" fromWho="3" sc="171,-6,216,-6,290,-11,313,33" />
</Scene>
<Scene>
<INIT seed="7,0,0,5,4,82" ten="165,210,279,346" oya="3" hai0="28,131,29,99,79,117,36,32,120,72,129,88,76" hai1="44,101,75,37,57,71,121,21,38,47,119,4,100" hai2="86,106,67,51,83,113,42,19,110,35,84,104,105" hai3="55,74,66,127,118,62,134,46,27,108,128,91,130"/><W25/><G118/><T30/><D32/><U26/><E71/><V132/><F35/><W31/><G74/><T22/><D117/><U112/><E75/><V16/><F67/><W0/><G0/><T98/><D120/><U92/><E119/><V3/><F3/><W68/><G108/><T7/><D36/><U11/><E121/><V90/><F110/><W89/><G127/><T24/><D7/><U102/><E112/><V96/><F113/><W56/><G46/><T85/><D72/><U54/><E38/><V94/><F132/><W97/><G134/><T39/><D39/><U9/><E92/><V58/><F105/><W64/><G64/><T33/><D33/><U135/><E135/><V126/><F106/><W81/><G81/><N who="0" m="49199" /><D131/><N who="3" m="50217" /><G97/><N who="0" m="36875" /><D129/><U45/><E37/><V12/><F104/><W8/><G8/><N who="1" m="3146" /><E4/><V52/><F42/><W63/><G27/><T114/><D114/><U93/><E93/><N who="2" m="54487" /><F12/><W50/><G63/><T1/><D1/><U87/><E87/><V15/><F15/><W73/><G73/><T20/><D24/><U107/><E107/><V95/><F126/><W13/><G13/><T59/><D59/><U17/><E101/><N who="2" m="60567" /><F95/><W69/><G68/><T34/><D34/><AGARI ba="0,0" hai="25,31,34,50,55,56,62,66,69,89,91" m="50217" machi="34" ten="30,1500,0" yaku="19,1" doraHai="82" who="3" fromWho="0" sc="165,-15,210,0,279,0,346,15" owari="150,-35.0,210,-19.0,279,8.0,361,46.0" />
</Scene>
</mjloggm>