<mjloggm ver="2.3"><GO type="169" lobby="0"/><UN n0="%64%61%61%61%61%61%61%61" n1="%E8%B7%AF%E5%9C%B0%E8%A3%8F%E3%81%AE%E3%81%B2%E3%81%BE%E3%82%8F%E3%82%8A" n2="%E5%A4%AA%E3%81%8F%E3%81%AA%E3%81%84%E3%81%8A" n3="%E3%83%89%E3%83%A9%E3%83%83%E3%82%AF%E3%82%AD%E3%83%B3%E3%82%B0" dan="16,16,18,16" rate="2000.15,2061.03,2179.29,2034.24" sx="M,M,M,M"/><TAIKYOKU oya="0"/>

<Scene>
<INIT seed="0,0,0,5,2,5" ten="250,250,250,250" oya="0" hai0="68,107,87,112,44,93,53,97,125,19,4,90,15" hai1="13,39,117,102,47,30,130,84,72,35,132,36,118" hai2="70,128,43,46,88,96,122,105,11,49,31,99,78" hai3="114,7,94,85,18,119,106,41,134,92,28,63,21"/><T110/><D112/><U32/><E72/><V6/><F122/><W123/><G106/><T73/><D68/><U22/><E102/><V127/><F70/><W52/><G119/><T124/><D73/><U83/><E132/><V8/><F127/><N who="0" m="48714" /><D4/><U3/><E3/><V129/><F78/><W17/><G114/><T48/><D110/><U45/><E130/><N who="2" m="50283" /><F31/><W131/><G134/><T51/><D51/><U104/><E104/><V120/><F120/><W109/><G109/><T108/><D108/><U69/><E69/><V54/><F6/><W55/><G41/><T121/><D121/><U56/><E36/><N who="2" m="21863" /><F105/><W100/><G123/><T75/><D75/><U74/><E74/><V133/><F133/><W60/><G7/><T57/><D44/><U61/><E47/><N who="2" m="27967" /><F99/><W76/><G131/><T26/><D26/><U23/><E118/><V29/><F29/><W33/><G28/><T40/><D40/><U64/><E30/><V50/><F50/><W2/><G2/><T37/><D37/><U89/><E117/><V111/><F111/><W1/><G1/><T12/><D19/><U16/><E39/><V25/><F25/><W0/><G0/><T80/><D107/><U115/><E115/><V135/><F135/><W71/><G71/><T34/><D34/><N who="1" m="12843" /><E45/><V38/><F38/><W66/><G33/><T79/><AGARI ba="0,0" hai="12,15,48,53,57,79,80,87,90,93,97" m="48714" machi="79" ten="30,1500,0" yaku="18,1" doraHai="5" who="0" fromWho="0" sc="250,15,250,-5,250,-5,250,-5" />
</Scene>
<Scene>
<INIT seed="0,1,0,2,0,16" ten="265,245,245,245" oya="0" hai0="98,38,41,7,114,22,46,85,123,86,6,49,118" hai1="121,63,80,26,87,107,113,25,42,47,56,100,70" hai2="124,126,20,51,101,35,32,48,135,99,8,17,61" hai3="78,116,89,10,2,59,55,130,65,4,66,73,109"/><T72/><D118/><U111/><E70/><V106/><F135/><W133/><G116/><T127/><D123/><U57/><E121/><V81/><F8/><W19/><G133/><T105/><D114/><U28/><E111/><V37/><F37/><W15/><G109/><T131/><D72/><U83/><E113/><V14/><F61/><W88/><G130/><T36/><D131/><U84/><E26/><V79/><F32/><W33/><G33/><T117/><D117/><U52/><E57/><V64/><F64/><W76/><G66/><T60/><D36/><U129/><E129/><V23/><F35/><W34/><G34/><T82/><D38/><U44/><E100/><V39/><F39/><W1/><G65/><T119/><D119/><U31/><E107/><V103/><F103/><W102/><G102/><T62/><D127/><N who="2" m="48682" /><F20/><W11/><G2/><T29/><D105/><U68/><E68/><V0/><F0/><W12/><G1/><T91/><D98/><U58/><E63/><N who="0" m="24105" /><D85/><AGARI ba="1,0" hai="14,17,23,48,51,79,81,85,99,101,106" m="48682" machi="85" ten="30,2000,0" yaku="18,1,52,1" doraHai="16" who="2" fromWho="0" sc="265,-23,245,0,245,23,245,0" />
</Scene>
<Scene>
<INIT seed="1,0,0,4,4,32" ten="242,245,268,245" oya="1" hai0="126,25,66,62,132,51,71,102,86,115,78,43,128" hai1="38,127,81,24,74,100,19,82,94,39,53,76,17" hai2="60,110,1,107,6,99,79,28,16,101,90,50,124" hai3="57,44,27,122,112,75,114,108,41,30,111,96,98"/><U36/><E127/><V42/><F28/><W104/><G75/><T63/><D115/><U56/><E81/><V47/><F124/><W2/><G122/><T105/><D126/><U83/><E83/><V129/><F79/><W37/><G57/><T29/><D128/><U117/><E117/><V106/><F129/><W131/><G131/><T85/><D132/><U77/><E77/><V119/><F119/><W58/><G58/><T118/><D118/><U3/><E3/><V11/><F110/><N who="3" m="42027" /><G2/><T5/><D5/><U133/><E133/><V113/><F113/><W92/><G104/><T49/><D62/><U89/><E100/><V26/><F90/><N who="3" m="55319" /><G98/><N who="0" m="61655" /><D78/><U12/><E24/><V15/><F60/><W48/><G37/><T72/><D72/><U13/><E13/><V68/><F68/><W55/><G41/><T22/><D22/><AGARI ba="0,0" hai="22,27,30,44,48,55,112,114" m="55319,42027" machi="22" ten="30,1000,0" yaku="14,1" doraHai="32" who="3" fromWho="0" sc="242,-10,245,0,268,0,245,10" />
</Scene>
<Scene>
<INIT seed="2,0,0,0,1,105" ten="232,245,268,255" oya="2" hai0="112,57,82,131,129,111,128,17,22,113,79,109,77" hai1="91,25,10,32,7,36,11,71,14,69,96,126,78" hai2="30,118,63,20,23,47,68,133,46,52,92,83,103" hai3="130,86,24,85,123,120,87,102,49,72,39,66,53"/><V33/><F118/><W100/><G39/><T16/><D57/><U15/><E36/><V21/><F133/><W29/><G66/><T12/><D17/><U127/><E78/><N who="0" m="29705" /><D82/><U73/><E73/><V135/><F135/><W58/><G130/><T74/><D74/><U115/><E115/><AGARI ba="0,0" hai="12,16,22,109,111,112,113,115,128,129,131" m="29705" machi="115" ten="40,2600,0" yaku="19,1,54,1" doraHai="105" who="0" fromWho="1" sc="232,26,245,-26,268,0,255,0" />
</Scene>
<Scene>
<INIT seed="3,0,0,3,3,25" ten="258,219,268,255" oya="3" hai0="81,98,52,99,1,30,62,135,6,10,29,89,21" hai1="13,80,33,67,19,14,27,120,127,88,35,131,70" hai2="69,9,24,87,100,38,124,111,68,97,45,117,123" hai3="20,26,4,15,43,133,79,37,55,116,16,46,11"/><W28/><G133/><T125/><D135/><U36/><E120/><V93/><F117/><W58/><G116/><T73/><D125/><U108/><E127/><V22/><F124/><W18/><REACH who="3" step="1"/><G79/><REACH who="3" ten="258,219,268,245" step="2"/><T110/><D73/><U115/><E115/><V64/><F123/><W66/><G66/><T39/><D110/><U31/><E67/><V78/><F64/><W3/><G3/><T51/><D1/><U104/><E108/><V122/><F78/><W92/><G92/><T40/><D81/><U53/><E80/><V57/><F93/><W63/><AGARI ba="0,1" hai="4,11,15,16,18,20,26,28,37,43,46,55,58,63" machi="63" ten="20,12000,1" yaku="1,1,0,1,7,1,52,1,54,1,53,0" doraHai="25" doraHaiUra="113" who="3" fromWho="3" sc="258,-40,219,-40,268,-40,245,130" />
</Scene>
<Scene>
<INIT seed="3,1,0,0,4,81" ten="218,179,228,375" oya="3" hai0="26,82,70,10,64,34,20,119,9,73,86,69,48" hai1="104,0,58,68,45,130,97,50,67,12,114,24,53" hai2="30,37,28,57,84,120,47,122,94,112,103,89,127" hai3="79,6,46,3,110,93,31,23,4,59,38,129,56"/><W98/><G129/><T42/><D73/><U109/><E0/><V35/><F112/><W60/><G79/><N who="0" m="46431" /><D34/><U91/><E114/><V21/><F35/><W95/><G110/><T105/><D105/><U27/><E130/><V133/><F133/><W61/><G3/><T7/><D70/><U54/><E109/><V14/><F127/><W52/><G38/><T76/><D69/><U106/><E106/><V128/><F128/><W16/><G46/><N who="0" m="25687" /><D119/><U78/><E78/><V118/><F118/><W107/><G31/><N who="0" m="17863" /><D7/><N who="3" m="2601" /><G98/><T11/><D64/><U36/><E67/><V85/><F37/><W134/><G107/><T63/><D63/><U44/><E68/><V115/><F115/><W2/><G2/><T113/><D113/><U116/><E116/><V126/><F122/><W121/><G121/><T131/><D131/><U8/><E36/><V117/><F120/><W108/><G134/><T55/><D55/><U125/><E54/><V17/><F117/><W43/><G43/><T51/><D51/><U71/><E71/><V22/><F126/><W75/><G75/><T92/><D76/><U32/><E32/><V1/><F1/><W101/><G108/><T96/><D9/><U87/><E125/><V132/><F132/><W74/><G74/><T111/><D111/><U41/><E41/><V13/><F30/><W99/><G60/><T29/><D29/><U19/><E45/><V135/><F28/><W72/><G72/><T83/><D83/><N who="1" m="49663" /><E44/><V123/><F135/><W5/><G59/><T88/><AGARI ba="1,0" hai="10,11,88,92,96" m="17863,25687,46431" machi="88" ten="30,4000,0" yaku="8,1,52,1,54,1" doraHai="81" who="0" fromWho="0" sc="218,43,179,-11,228,-11,375,-21" />
</Scene>
<Scene>
<INIT seed="4,0,0,5,4,105" ten="261,168,217,354" oya="0" hai0="8,120,42,99,12,90,20,56,129,50,118,16,107" hai1="88,33,23,34,9,91,5,10,39,29,70,44,126" hai2="80,18,28,78,77,87,110,102,7,86,63,94,53" hai3="84,117,1,11,133,32,132,85,114,128,54,36,52"/><T38/><D120/><U65/><E126/><V13/><F110/><W73/><G32/><T115/><D118/><U95/><E23/><V101/><F28/><W57/><G36/><T21/><D38/><U51/><E39/><V93/><F7/><W14/><G1/><T89/><D107/><U41/><E9/><V48/><F63/><W92/><G117/><T55/><D115/><U100/><E100/><N who="2" m="38507" /><F87/><W40/><G40/><T67/><D129/><U72/><E72/><V96/><F78/><W112/><G128/><T37/><D67/><U98/><E91/><N who="0" m="34825" /><D37/><U82/><E82/><V59/><F96/><W134/><G73/><T130/><D130/><U79/><E79/><V104/><F104/><W68/><G68/><T71/><D71/><U83/><E83/><V116/><F116/><W75/><G75/><T108/><D108/><U135/><E135/><V3/><F3/><W69/><G69/><T109/><D109/><U58/><E29/><V31/><F31/><W19/><G92/><T64/><D64/><U124/><E70/><V43/><F43/><W131/><G131/><T123/><D123/><U66/><E66/><V103/><N who="2" m="38515" /><V35/><DORA hai="45" /><F35/><W60/><G54/><T81/><D99/><U26/><E124/><V106/><F106/><W47/><G114/><T27/><D81/><U113/><E113/><V2/><F2/><W119/><G112/><T49/><D27/><U62/><E26/><V61/><F61/><W121/><G121/><T97/><D97/><U122/><E122/><V0/><F0/><AGARI ba="0,0" hai="0,5,10,33,34,41,44,51,58,62,65,88,95,98" machi="0" ten="30,3900,0" yaku="7,1,52,1,54,1" doraHai="105,45" who="1" fromWho="2" sc="261,0,168,39,217,-39,354,0" />
</Scene>
<Scene>
<INIT seed="5,0,0,2,4,45" ten="261,207,178,354" oya="1" hai0="113,116,25,6,58,17,92,16,103,15,125,65,85" hai1="117,0,67,4,20,8,29,13,102,3,21,97,23" hai2="91,55,35,88,135,96,34,42,33,75,109,69,2" hai3="121,128,62,130,74,49,28,87,50,48,63,86,72"/><U89/><E117/><V5/><F109/><W54/><G121/><T59/><D116/><U57/><E89/><V120/><F120/><W131/><G28/><T18/><D113/><U52/><E67/><V32/><N who="2" m="8192" /><DORA hai="94" /><V44/><F75/><N who="3" m="28715" /><G54/><T26/><D125/><U123/><E29/><V43/><F69/><W61/><AGARI ba="0,0" hai="48,49,50,61,62,63,86,87,128,130,131" m="28715" machi="61" ten="50,16000,3" yaku="29,2,28,2,19,1,52,3" doraHai="45,94" who="3" fromWho="3" sc="261,-40,207,-80,178,-40,354,160" />
</Scene>
<Scene>
<INIT seed="6,0,0,4,5,26" ten="221,127,138,514" oya="2" hai0="16,65,86,15,57,60,76,67,95,12,105,130,46" hai1="79,25,83,99,58,13,18,114,56,91,107,9,24" hai2="66,69,27,29,50,90,128,63,53,11,32,123,115" hai3="49,33,8,119,4,117,28,134,17,89,113,47,120"/><V44/><F123/><W127/><G120/><T102/><D105/><U68/><E68/><V133/><F115/><W37/><G37/><T20/><D130/><U34/><E114/><V96/><F128/><W75/><G75/><T38/><D65/><U103/><E91/><V92/><REACH who="2" step="1"/><F11/><REACH who="2" ten="221,127,128,514" step="2"/><W61/><G113/><T131/><D131/><U132/><E132/><AGARI ba="0,1" hai="27,29,32,44,50,53,63,66,69,90,92,96,132,133" machi="132" ten="40,7700,0" yaku="1,1,2,1,52,1,53,0" doraHai="26" doraHaiUra="72" who="2" fromWho="1" sc="221,0,127,-77,128,87,514,0" />
</Scene>
<Scene>
<INIT seed="6,1,0,4,1,57" ten="221,50,215,514" oya="2" hai0="81,84,87,15,45,72,104,19,3,55,102,36,86" hai1="20,9,85,10,117,1,53,75,113,13,39,58,107" hai2="122,115,28,12,133,101,25,120,17,24,129,26,97" hai3="118,132,99,94,103,48,76,92,119,52,11,47,35"/><V128/><F97/><W110/><G35/><T106/><D3/><U21/><E75/><V61/><F101/><W65/><G110/><T2/><D2/><U91/><E107/><V63/><F28/><W8/><G132/><T98/><D106/><U114/><E117/><V82/><F82/><W121/><G121/><N who="2" m="46697" /><F133/><W93/><G76/><T37/><D72/><U34/><E34/><V5/><F5/><W22/><G119/><T40/><D36/><U95/><E39/><V116/><F116/><W125/><G118/><T88/><REACH who="0" step="1"/><D55/><REACH who="0" ten="211,50,215,514" step="2"/><U83/><E1/><V46/><F115/><W64/><G125/><T73/><D73/><U59/><E59/><V127/><F127/><W7/><G52/><T27/><D27/><U60/><E10/><AGARI ba="1,1" hai="10,15,19,37,40,45,81,84,86,87,88,98,102,104" machi="10" ten="30,3900,0" yaku="1,1,7,1,54,1,53,0" doraHai="57" doraHaiUra="112" who="0" fromWho="1" sc="211,52,50,-42,215,0,514,0" />
</Scene>
<Scene>
<INIT seed="7,0,0,4,2,6" ten="263,8,215,514" oya="3" hai0="121,64,57,97,13,91,120,51,130,132,93,1,110" hai1="106,61,47,74,79,134,56,45,104,39,105,129,37" hai2="3,113,125,67,25,117,58,90,85,115,114,2,122" hai3="30,109,70,38,29,76,87,100,0,71,8,92,7"/><W41/><G109/><T124/><D110/><U28/><E79/><V10/><F117/><W82/><G38/><T43/><D1/><U112/><E56/><V118/><F118/><W88/><G41/><T5/><D124/><U98/><E61/><N who="2" m="38327" /><F125/><W55/><G100/><T14/><D121/><U77/><E98/><V73/><F73/><W123/><G123/><T40/><D120/><U116/><E77/><V81/><F122/><W20/><G55/><N who="0" m="31999" /><D130/><U95/><E116/><V11/><F25/><W12/><G30/><T22/><D132/><U111/><E111/><V83/><F83/><W119/><G119/><T65/><D14/><U80/><E129/><V135/><F135/><W49/><G49/><T42/><D22/><U15/><E134/><V24/><F24/><W108/><G108/><T96/><D96/><U103/><E103/><V101/><F101/><W107/><G107/><T19/><D19/><U63/><E74/><V46/><F46/><W59/><G59/><T126/><D126/><U78/><E78/><V35/><F35/><W62/><G62/><T127/><D127/><U32/><E15/><V133/><F133/><W72/><G29/><T9/><AGARI ba="0,0" hai="5,9,13,40,42,43,64,65,91,93,97" m="31999" machi="9" ten="30,2000,0" yaku="8,1,52,1" doraHai="6" who="0" fromWho="0" sc="263,20,8,-5,215,-5,514,-10" owari="283,8.0,3,-50.0,210,-19.0,504,61.0" />
</Scene>
</mjloggm>