<mjloggm ver="2.3"><GO type="169" lobby="0"/><UN n0="%E8%A1%A8%E8%A3%8F%E8%A3%8F" n1="%E3%81%82%E3%82%8B%E3%81%A6%E3%81%BF%E3%81%97%E3%81%8A%E3%82%93" n2="%E7%86%8A%E7%8C%AB%E5%8C%96%E9%9B%AA" n3="%E5%A4%AA%E3%81%8F%E3%81%AA%E3%81%84%E3%81%8A" dan="17,17,16,18" rate="2167.37,2164.87,2075.90,2176.15" sx="M,F,M,M"/><TAIKYOKU oya="0"/>

<Scene>
<INIT seed="0,0,0,4,0,90" ten="250,250,250,250" oya="0" hai0="102,132,29,112,67,20,52,65,103,61,87,96,8" hai1="50,95,80,75,23,26,68,16,59,98,33,107,12" hai2="74,79,60,14,69,124,120,30,6,18,92,104,81" hai3="108,58,100,43,117,110,76,118,114,70,97,109,119"/><T40/><D112/><U25/><E68/><V37/><F104/><W106/><G70/><T35/><D35/><U133/><E133/><V2/><F120/><W125/><G43/><T101/><D132/><U56/><E107/><V9/><F37/><W11/><G11/><T127/><D127/><U77/><E33/><V72/><F124/><W42/><G125/><T134/><D134/><U36/><E36/><V48/><F30/><W130/><G42/><T49/><D96/><U15/><E25/><V105/><F105/><W19/><G19/><T5/><D40/><U7/><E7/><V64/><F48/><W89/><G58/><T91/><D61/><U46/><E59/><V135/><F135/><W128/><G114/><T94/><D20/><U47/><E56/><V111/><F111/><W82/><G89/><T123/><D29/><U27/><E27/><V126/><F126/><W55/><G55/><T57/><REACH who="0" step="1"/><D123/><REACH who="0" ten="240,250,250,250" step="2"/><U122/><E122/><V115/><F115/><W99/><REACH who="3" step="1"/><G99/><REACH who="3" ten="240,250,250,240" step="2"/><T121/><D121/><U84/><E98/><V51/><F60/><W45/><G45/><T41/><D41/><U88/><E46/><V73/><F9/><W1/><G1/><AGARI ba="0,2" hai="1,5,8,49,52,57,65,67,87,91,94,101,102,103" machi="1" ten="40,7700,0" yaku="1,1,52,1,54,1,53,0" doraHai="90" doraHaiUra="28" who="0" fromWho="3" sc="240,97,250,0,250,0,240,-77" />
</Scene>
<Scene>
<INIT seed="0,1,0,2,1,3" ten="337,250,250,163" oya="0" hai0="16,128,57,38,7,113,83,80,41,22,37,48,44" hai1="12,46,65,129,106,102,112,59,69,91,71,92,42" hai2="56,103,95,10,107,62,87,116,51,28,130,101,90" hai3="70,78,105,13,122,8,63,64,123,25,98,40,77"/><T96/><D113/><U79/><E129/><V20/><F130/><W133/><G133/><T94/><D128/><U81/><E112/><V52/><F116/><W131/><G131/><T23/><D7/><U125/><E125/><V75/><F75/><W15/><G40/><T30/><D30/><U109/><E109/><V76/><F76/><W33/><G78/><T47/><D57/><U104/><E12/><V135/><F135/><W39/><G39/><T43/><D48/><U9/><E9/><V117/><F117/><W2/><G77/><T118/><D118/><U73/><E59/><V68/><F107/><W111/><G111/><T120/><D120/><U108/><E108/><V97/><F97/><W1/><G15/><T84/><D84/><U121/><E121/><N who="3" m="46090" /><G25/><T99/><REACH who="0" step="1"/><D94/><REACH who="0" ten="327,250,250,163" step="2"/><U11/><E92/><V50/><F51/><W34/><G1/><T85/><D85/><U49/><E71/><V66/><F68/><W61/><G2/><T115/><D115/><U55/><E69/><V6/><F50/><W45/><G63/><T100/><D100/><U14/><E102/><V60/><F62/><W82/><G61/><T36/><D36/><U88/><E104/><V31/><F103/><W127/><G70/><T32/><D32/><U53/><E106/><V29/><F101/><W17/><G105/><T67/><D67/><U18/><E65/><V132/><F66/><W21/><G64/><T119/><D119/><U27/><E27/><N who="2" m="16487" /><F132/><W114/><G114/><T19/><AGARI ba="1,1" hai="16,19,22,23,37,38,41,43,44,47,80,83,96,99" machi="19" ten="25,12000,1" yaku="1,1,0,1,22,2,54,1,53,0" doraHai="3" doraHaiUra="86" who="0" fromWho="0" sc="327,133,250,-41,250,-41,163,-41" />
</Scene>
<Scene>
<INIT seed="0,2,0,1,2,127" ten="460,209,209,122" oya="0" hai0="102,46,89,65,88,60,117,110,57,28,11,95,51" hai1="113,111,132,109,24,43,105,125,22,129,114,32,116" hai2="106,107,26,27,81,0,17,121,112,71,90,7,67" hai3="9,36,15,52,104,72,21,44,58,128,74,82,96"/><T126/><D117/><U25/><E105/><V78/><F121/><W115/><G115/><N who="1" m="44042" /><E43/><V130/><F112/><W83/><G21/><T93/><D126/><U124/><E116/><V47/><F130/><W77/><G44/><T12/><D110/><N who="1" m="41995" /><E129/><V94/><F106/><W97/><G36/><T135/><D28/><N who="1" m="19471" /><E132/><V55/><F107/><W20/><G128/><T56/><D56/><U34/><E34/><V42/><F42/><W38/><G38/><T30/><D30/><AGARI ba="2,0" hai="22,24,30,124,125" m="19471,41995,44042" machi="30" ten="30,7700,0" yaku="11,1,14,1,34,2" doraHai="127" who="1" fromWho="0" sc="460,-83,209,83,209,0,122,0" />
</Scene>
<Scene>
<INIT seed="1,0,0,2,3,30" ten="377,292,209,122" oya="1" hai0="107,36,68,123,78,113,19,120,69,91,79,132,102" hai1="89,55,25,75,66,24,101,54,81,97,110,5,126" hai2="99,116,112,9,2,71,103,124,104,73,65,35,80" hai3="86,0,77,38,117,94,95,52,74,98,8,26,6"/><U51/><E126/><V45/><F124/><W121/><G121/><T53/><D36/><U76/><E66/><V88/><F116/><W32/><G117/><T1/><D1/><U39/><E39/><V3/><F112/><W21/><G38/><T108/><D113/><U40/><E110/><V129/><F129/><W87/><G74/><T12/><D107/><U29/><E5/><V111/><F111/><W96/><G77/><T16/><D102/><U46/><E89/><V127/><F45/><W84/><G32/><T37/><D37/><U60/><E60/><N who="2" m="40359" /><F88/><W61/><G96/><T22/><D108/><U11/><E11/><V118/><F118/><W49/><G61/><T44/><D91/><U47/><E47/><V114/><F114/><W48/><G98/><T64/><D64/><U28/><E28/><V83/><F83/><W109/><G49/><T93/><D44/><U62/><E62/><V18/><F18/><W130/><G130/><T41/><D41/><U63/><E63/><V105/><F127/><W14/><G0/><N who="2" m="41" /><F9/><W128/><G128/><T134/><D53/><U100/><E100/><V135/><F105/><W133/><G109/><T58/><D93/><U59/><E59/><V122/><F122/><W34/><G94/><T20/><D12/><U106/><REACH who="1" step="1"/><E24/><REACH who="1" ten="377,282,209,122" step="2"/><V33/><F135/><W7/><G133/><T131/><D131/><U31/><E31/><V119/><F119/><W13/><G7/><T57/><AGARI ba="0,1" hai="16,19,20,22,57,58,68,69,78,79,120,123,132,134" machi="57" ten="25,6400,0" yaku="0,1,22,2,54,1" doraHai="30" who="0" fromWho="0" sc="377,74,282,-32,209,-16,122,-16" />
</Scene>
<Scene>
<INIT seed="2,0,0,4,1,129" ten="451,250,193,106" oya="2" hai0="28,93,44,12,64,86,113,48,107,6,122,87,49" hai1="39,91,102,26,134,4,20,121,66,58,88,111,0" hai2="103,33,61,43,101,67,81,85,126,78,47,69,132" hai3="90,11,130,68,83,95,41,21,5,16,92,1,124"/><V36/><F126/><W3/><G68/><T23/><D107/><U117/><E117/><V72/><F132/><W77/><G130/><T133/><D113/><U35/><E35/><V89/><REACH who="2" step="1"/><F33/><REACH who="2" ten="451,250,183,106" step="2"/><W96/><G124/><T46/><D133/><U128/><E134/><V29/><F29/><W30/><G30/><T118/><D28/><U8/><E128/><V123/><F123/><W27/><G41/><T76/><D122/><U105/><E121/><V131/><F131/><W9/><G95/><AGARI ba="0,1" hai="36,43,47,61,67,69,72,78,81,85,89,95,101,103" machi="95" ten="30,2900,0" yaku="1,1,7,1,53,0" doraHai="129" doraHaiUra="127" who="2" fromWho="3" sc="451,0,250,0,183,39,106,-29" />
</Scene>
<Scene>
<INIT seed="2,1,0,1,1,66" ten="451,250,222,77" oya="2" hai0="80,34,12,110,129,33,133,92,6,111,95,98,50" hai1="21,27,70,24,40,52,35,22,58,108,29,25,93" hai2="125,30,53,126,124,59,76,39,82,67,69,115,127" hai3="135,23,10,14,103,55,117,84,71,51,75,20,28"/><V5/><F115/><W88/><G117/><T123/><D123/><U86/><E108/><V16/><F30/><W72/><G135/><T107/><D133/><U94/><E70/><V99/><F5/><W43/><G43/><T113/><D129/><U48/><E40/><V112/><F112/><W36/><G36/><T47/><D107/><U130/><E130/><V78/><F39/><W79/><G103/><T9/><D80/><U105/><E105/><V17/><F99/><W109/><G109/><N who="0" m="41483" /><D113/><U96/><E86/><N who="2" m="48455" /><F67/><W89/><G71/><T46/><D46/><U121/><E121/><V26/><F69/><W131/><G131/><T119/><D119/><U65/><E65/><V41/><F41/><W128/><G128/><T83/><D83/><U4/><E4/><V31/><F78/><W7/><G79/><T87/><D87/><U1/><E1/><V116/><F116/><W13/><G72/><T100/><D95/><U61/><E61/><N who="2" m="36079" /><F127/><W85/><G75/><T38/><D38/><U56/><E56/><V49/><F49/><W57/><G28/><T2/><D2/><U102/><E94/><V8/><F8/><N who="3" m="4255" /><G84/><T114/><D114/><U68/><E68/><V90/><F90/><N who="3" m="34923" /><G85/><T19/><D6/><AGARI ba="1,0" hai="6,10,14,20,23,51,55,57" m="34923,4255" machi="6" ten="30,2000,0" yaku="8,1,54,1" doraHai="66" who="3" fromWho="0" sc="451,-23,250,0,222,0,77,23" />
</Scene>
<Scene>
<INIT seed="3,0,0,5,0,22" ten="428,250,222,100" oya="3" hai0="123,47,116,28,121,89,98,59,104,74,82,103,107" hai1="130,37,115,70,63,119,1,97,75,135,13,134,4" hai2="46,57,2,131,40,9,25,79,55,56,68,112,35" hai3="125,45,58,110,113,54,39,109,17,44,118,31,11"/><W41/><G113/><T105/><D47/><U106/><RYUUKYOKU type="yao9" ba="0,0" sc="428,0,250,0,222,0,100,0" hai1="1,4,13,37,63,70,75,97,106,115,119,130,134,135" />
</Scene>
<Scene>
<INIT seed="3,1,0,0,2,75" ten="428,250,222,100" oya="3" hai0="52,9,83,29,66,134,122,91,41,114,18,101,126" hai1="46,108,80,53,63,110,113,86,19,125,13,106,70" hai2="116,10,84,36,105,22,130,71,32,45,131,1,17" hai3="81,61,100,0,42,12,25,103,69,67,38,34,11"/><W65/><G0/><T28/><D122/><U124/><E106/><V135/><F116/><W88/><G65/><T60/><D114/><U133/><E113/><V68/><F32/><W50/><G38/><T15/><D134/><U95/><E95/><V98/><F135/><W85/><G42/><T2/><D126/><N who="1" m="48747" /><E133/><V129/><F84/><W79/><G50/><T49/><D41/><U94/><E94/><V121/><F121/><W117/><G117/><T93/><D101/><U27/><E27/><N who="2" m="14799" /><F45/><W51/><G51/><T21/><D2/><U90/><E46/><V43/><F43/><W82/><G25/><T44/><D21/><N who="1" m="11503" /><E53/><V4/><F36/><W20/><G20/><T74/><D74/><U24/><E24/><V78/><F71/><W97/><G34/><T109/><D83/><U35/><E35/><V56/><F68/><W115/><G115/><T3/><D93/><U14/><E14/><V118/><F118/><W40/><G40/><T77/><D3/><U112/><E112/><V76/><F56/><W73/><REACH who="3" step="1"/><G97/><REACH who="3" ten="428,250,222,90" step="2"/><T30/><D49/><U7/><E110/><V87/><F87/><W123/><G123/><T58/><D109/><U8/><E108/><V72/><F72/><W107/><G107/><T96/><D66/><U59/><E70/><V54/><F54/><W99/><G99/><T31/><D96/><U120/><E120/><V89/><F105/><W33/><G33/><T64/><D52/><N who="1" m="34279" /><E8/><V102/><F10/><W128/><G128/><T39/><D9/><U119/><E119/><V132/><F131/><W6/><AGARI ba="1,1" hai="6,11,12,61,67,69,73,79,81,82,85,88,100,103" machi="6" ten="20,18000,2" yaku="1,1,0,1,7,1,52,1,54,1,53,1" doraHai="75" doraHaiUra="57" who="3" fromWho="3" sc="428,-61,250,-61,222,-61,90,193" />
</Scene>
<Scene>
<INIT seed="3,2,0,3,0,44" ten="367,189,161,283" oya="3" hai0="53,124,99,112,100,66,101,98,4,123,1,38,0" hai1="108,68,50,61,133,27,60,20,135,30,59,36,103" hai2="28,11,79,40,105,76,88,116,57,75,26,71,117" hai3="5,10,83,91,127,102,12,126,96,78,48,132,33"/><W37/><G37/><T35/><D123/><U65/><E36/><V3/><F71/><W109/><G33/><T18/><D112/><U7/><E108/><V86/><F105/><W47/><G91/><T107/><D35/><U113/><E113/><V130/><F130/><W39/><G39/><T52/><D124/><U70/><E103/><V119/><F40/><W9/><G9/><T17/><D38/><U74/><E74/><V85/><F75/><W13/><G13/><T84/><D66/><U51/><E7/><V95/><F85/><N who="3" m="48375" /><G109/><T80/><D4/><U45/><E45/><V90/><F90/><W125/><G132/><N who="1" m="50762" /><E70/><V89/><F89/><W72/><G72/><T120/><D120/><U29/><E29/><V63/><F3/><W106/><G47/><T77/><D1/><U115/><E115/><V19/><F28/><W114/><G114/><T81/><D0/><U21/><E21/><V67/><REACH who="2" step="1"/><F11/><REACH who="2" ten="367,189,151,283" step="2"/><W41/><G41/><T23/><D84/><U82/><E82/><V87/><F87/><W56/><G106/><T24/><D107/><U64/><AGARI ba="2,1" hai="20,27,30,50,51,59,60,61,64,65,68" m="50762" machi="64" ten="30,4000,0" yaku="20,1,52,2" doraHai="44" who="1" fromWho="1" sc="367,-12,189,56,151,-12,283,-22" />
</Scene>
<Scene>
<INIT seed="4,0,0,3,5,14" ten="355,245,139,261" oya="0" hai0="131,26,104,83,111,88,65,103,105,73,87,29,97" hai1="59,74,6,32,23,7,39,17,25,116,10,55,124" hai2="60,127,63,109,134,40,36,99,89,49,20,94,13" hai3="108,48,101,85,128,91,78,93,50,28,68,130,125"/><T64/><D111/><U90/><E116/><V43/><F109/><W54/><G108/><T71/><D131/><N who="3" m="50217" /><G68/><T34/><D73/><U3/><E124/><V42/><F127/><W66/><G66/><T21/><D105/><U2/><E39/><V81/><F36/><W30/><G125/><T56/><D71/><U67/><E74/><V75/><F134/><W33/><G33/><T106/><D106/><U15/><E67/><V62/><F75/><W98/><G78/><T16/><D56/><U95/><E32/><V9/><F20/><W112/><G112/><T45/><D45/><U44/><E44/><V69/><F69/><W37/><G37/><T122/><D122/><U84/><REACH who="1" step="1"/><E7/><REACH who="1" ten="355,235,139,261" step="2"/><V8/><F49/><AGARI ba="0,1" hai="2,3,6,10,15,17,23,25,49,55,59,84,90,95" machi="49" ten="30,7700,0" yaku="1,1,2,1,7,1,52,1,53,0" doraHai="14" doraHaiUra="38" who="1" fromWho="2" sc="355,0,235,87,139,-77,261,0" />
</Scene>
<Scene>
<INIT seed="5,0,0,4,0,69" ten="355,322,62,261" oya="1" hai0="63,112,21,18,84,130,119,42,53,54,92,94,26" hai1="126,97,125,22,47,99,103,65,12,66,8,113,49" hai2="132,95,135,80,5,133,115,24,67,76,88,41,118" hai3="62,56,89,90,85,93,29,51,98,108,36,60,64"/><U74/><E74/><N who="2" m="43031" /><F67/><N who="1" m="25609" /><E22/><V7/><F24/><W131/><G108/><T79/><D130/><U86/><E86/><N who="2" m="52631" /><F41/><W11/><G131/><T101/><D119/><U27/><E27/><V19/><F19/><W78/><G29/><T6/><D6/><N who="1" m="3095" /><E113/><V31/><F31/><W128/><G128/><T73/><D112/><U3/><E3/><V55/><F55/><W37/><G62/><T17/><D73/><U75/><E75/><V71/><F71/><W39/><G78/><T100/><D79/><U50/><E47/><V57/><F115/><W121/><G11/><T72/><D72/><U33/><E33/><V44/><F57/><W58/><G121/><T15/><D42/><U16/><E16/><V134/><F44/><W83/><REACH who="3" step="1"/><G51/><REACH who="3" ten="355,322,62,251" step="2"/><T117/><D63/><U35/><E49/><V46/><F46/><W87/><G87/><T40/><D84/><U4/><E50/><V0/><F0/><W70/><AGARI ba="0,1" hai="36,37,39,56,58,60,64,70,83,85,89,90,93,98" machi="70" ten="30,8000,1" yaku="1,1,0,1,52,3,53,0" doraHai="69" doraHaiUra="102" who="3" fromWho="3" sc="355,-20,322,-40,62,-20,251,90" />
</Scene>
<Scene>
<INIT seed="6,0,0,5,2,25" ten="335,282,42,341" oya="2" hai0="47,38,99,40,19,39,52,73,97,54,95,8,122" hai1="15,21,63,26,93,49,91,109,72,106,7,98,132" hai2="14,36,81,101,58,85,118,32,121,18,4,23,44" hai3="120,114,112,115,29,79,20,37,45,27,13,127,28"/><V33/><F121/><W75/><G120/><T68/><D122/><U110/><E132/><V34/><F118/><W131/><G127/><T130/><D130/><U64/><E72/><V119/><F119/><W103/><G131/><T24/><D73/><U86/><E49/><V126/><F126/><W107/><G13/><T10/><D68/><U83/><E106/><V104/><F4/><W92/><G107/><T46/><D24/><U90/><E15/><V108/><F108/><W77/><G75/><T88/><D99/><U116/><E7/><V50/><F36/><W17/><G103/><T57/><D19/><U65/><E116/><V53/><F104/><W9/><G92/><T16/><D16/><U84/><E98/><V100/><REACH who="2" step="1"/><F44/><REACH who="2" ten="335,282,32,341" step="2"/><W96/><G45/><T71/><D39/><U22/><E110/><V5/><F5/><W129/><G37/><T135/><D47/><U41/><E109/><V74/><F74/><W94/><G129/><T124/><D124/><U6/><E6/><V55/><F55/><W134/><G134/><T82/><D54/><U61/><E65/><V1/><F1/><W51/><G114/><T0/><D0/><U3/><E3/><V70/><F70/><W60/><G115/><T30/><D135/><U128/><E128/><V111/><F111/><W48/><G112/><T11/><D71/><U76/><E64/><V12/><F12/><W117/><G117/><T102/><D52/><U56/><E56/><V31/><F31/><W89/><G28/><T78/><D30/><U133/><E133/><V125/><F125/><W66/><G29/><RYUUKYOKU ba="0,1" sc="335,-10,282,-10,32,30,341,-10" hai2="14,18,23,32,33,34,50,53,58,81,85,100,101" />
</Scene>
<Scene>
<INIT seed="6,1,1,3,5,121" ten="325,272,62,331" oya="2" hai0="44,63,33,96,65,50,23,17,113,20,11,32,132" hai1="102,60,3,54,88,100,35,83,24,134,40,90,133" hai2="66,31,5,34,84,101,7,42,115,29,1,72,53" hai3="116,110,114,105,106,135,99,2,78,25,19,43,21"/><V47/><F72/><W122/><G122/><T6/><D132/><N who="1" m="50795" /><E3/><V98/><F115/><W37/><G116/><T27/><D113/><U9/><E40/><V15/><F1/><W117/><G117/><T79/><D79/><U62/><E9/><V130/><F130/><W38/><G114/><T13/><D96/><U82/><E82/><V48/><F66/><W127/><G135/><T30/><D63/><N who="1" m="24107" /><E54/><V61/><F84/><W12/><G43/><T81/><D81/><U41/><E41/><V93/><F34/><N who="0" m="13418" /><D50/><U87/><E90/><V123/><F123/><W107/><G2/><N who="0" m="471" /><D44/><U14/><E14/><V125/><F125/><W92/><G127/><T57/><D57/><U69/><E69/><V111/><F111/><W131/><G110/><T70/><D70/><U68/><E68/><V16/><F5/><W97/><G78/><T71/><D71/><U55/><E55/><V126/><F7/><W22/><G38/><T28/><D65/><U51/><E51/><V26/><F126/><W74/><G37/><T58/><D58/><U52/><E52/><V128/><F128/><W56/><G131/><T8/><D23/><U73/><E73/><V64/><F42/><W89/><G74/><T10/><D10/><U109/><E109/><V91/><F91/><W85/><G56/><T129/><D129/><U120/><E120/><V49/><F48/><W108/><G108/><T18/><AGARI ba="1,1" hai="8,13,17,18,20,27,28,30" m="471,13418" machi="18" ten="30,8000,1" yaku="35,5" doraHai="121" who="0" fromWho="0" sc="325,93,272,-21,62,-41,331,-21" />
</Scene>
<Scene>
<INIT seed="7,0,0,0,3,106" ten="418,251,21,310" oya="3" hai0="56,132,26,103,99,112,93,131,10,83,111,71,6" hai1="7,79,29,37,126,84,21,90,107,67,114,130,105" hai2="43,34,8,60,134,55,88,122,57,92,9,66,13" hai3="2,102,22,28,48,32,27,35,53,75,117,123,120"/><W91/><G117/><T125/><D71/><U78/><E37/><V108/><F34/><W100/><G2/><T31/><D111/><U5/><E67/><V115/><F108/><W119/><G119/><T3/><D132/><U86/><E114/><V44/><F115/><W110/><G110/><T41/><D112/><U80/><E126/><V98/><F134/><W46/><G91/><T124/><D131/><U121/><E121/><V113/><F122/><W4/><G123/><T82/><D41/><U77/><E130/><V59/><F113/><W128/><G120/><T33/><REACH who="0" step="1"/><D56/><REACH who="0" ten="408,251,21,310" step="2"/><U20/><E29/><V62/><REACH who="2" step="1"/><F13/><REACH who="2" ten="408,251,11,310" step="2"/><W36/><G128/><T101/><D101/><U72/><E72/><V118/><F118/><W19/><G75/><T76/><D76/><U0/><E0/><V58/><F58/><W51/><G102/><T18/><D18/><U69/><E69/><V45/><F45/><W16/><G100/><T49/><D49/><U61/><E61/><V133/><F133/><W104/><G36/><T129/><D129/><U65/><E78/><V127/><F127/><AGARI ba="0,2" hai="3,6,10,26,31,33,82,83,93,99,103,124,125,127" machi="127" ten="40,5200,0" yaku="1,1,18,1,53,1" doraHai="106" doraHaiUra="95" who="0" fromWho="2" sc="408,72,251,0,11,-52,310,0" owari="480,58.0,251,-15.0,-41,-54.0,310,11.0" />
</Scene>
</mjloggm>