<mjloggm ver="2.3"><GO type="169" lobby="0"/><UN n0="%33%33%62%6C%61%63%6B" n1="%E5%A4%AA%E3%81%8F%E3%81%AA%E3%81%84%E3%81%8A" n2="%E7%86%8A%E7%8C%AB%E5%8C%96%E9%9B%AA" n3="%E8%A1%A8%E8%A3%8F%E8%A3%8F" dan="16,18,16,17" rate="2045.99,2178.00,2070.26,2173.27" sx="M,M,M,M"/><TAIKYOKU oya="0"/>

<Scene>
<INIT seed="0,0,0,4,3,64" ten="250,250,250,250" oya="0" hai0="77,72,104,34,97,118,116,30,101,126,70,85,56" hai1="40,124,79,7,84,107,58,1,28,5,82,130,37" hai2="128,62,115,129,108,63,15,21,93,119,65,89,12" hai3="94,45,109,22,90,69,96,111,26,106,20,16,61"/><T19/><D126/><U68/><E107/><V33/><F115/><W31/><G106/><T42/><D56/><U81/><E124/><V43/><F33/><W14/><REACH who="3" step="1"/><G45/><REACH who="3" ten="250,250,250,240" step="2"/><T10/><D104/><U75/><E130/><V131/><F131/><W36/><G36/><T74/><D118/><U18/><E37/><V11/><F119/><W49/><G49/><T91/><D116/><U13/><E40/><V87/><F43/><W135/><G135/><T9/><D42/><U80/><E75/><V3/><F129/><W60/><G60/><T23/><D74/><U105/><E105/><V73/><F73/><W25/><G25/><T92/><D72/><U127/><E127/><V46/><F128/><W88/><G88/><T4/><D91/><U53/><E79/><V114/><F46/><W113/><G113/><T71/><D77/><U32/><E80/><V66/><F114/><W17/><G17/><T83/><D83/><U50/><E18/><V103/><F63/><W0/><G0/><T132/><D132/><U55/><E1/><V98/><F62/><W117/><G117/><T54/><D19/><U76/><E81/><N who="2" m="49391" /><F3/><W122/><G122/><T95/><D101/><U29/><E76/><V59/><F103/><W120/><G120/><T8/><D92/><U57/><E82/><V100/><F100/><W125/><G125/><T110/><D95/><U47/><E47/><V52/><F93/><W6/><G6/><T38/><D4/><U44/><E44/><V99/><F66/><AGARI ba="0,1" hai="14,16,20,22,26,31,61,66,69,90,94,96,109,111" machi="66" ten="40,5200,0" yaku="1,1,52,1,54,1,53,0" doraHai="64" doraHaiUra="133" who="3" fromWho="2" sc="250,0,250,0,250,-52,240,62" />
</Scene>
<Scene>
<INIT seed="1,0,0,1,4,34" ten="250,250,198,302" oya="1" hai0="127,93,36,3,49,122,2,56,80,15,105,61,71" hai1="85,133,65,102,26,84,109,43,73,106,88,82,41" hai2="90,59,51,63,114,72,83,28,7,14,6,42,91" hai3="12,9,0,81,126,69,45,20,118,40,31,132,60"/><U23/><E73/><V33/><F114/><W32/><G118/><T5/><D105/><U111/><E133/><V48/><F90/><W135/><G32/><T107/><D107/><U115/><E115/><V86/><F72/><W21/><G126/><T30/><D36/><U47/><E65/><V112/><F112/><W128/><G128/><T124/><D30/><U44/><E106/><V67/><F42/><N who="1" m="15881" /><E102/><V68/><F68/><W54/><G81/><T104/><D104/><U24/><E84/><V39/><F39/><W121/><G121/><T1/><D122/><U38/><E38/><V87/><F86/><W129/><G129/><T130/><D130/><U57/><E57/><V53/><F67/><W131/><G131/><T113/><D113/><U46/><E23/><V62/><F33/><W64/><G54/><T37/><D37/><U66/><E66/><V22/><F63/><W99/><G99/><T74/><D71/><U101/><E101/><V123/><F123/><W97/><G97/><T125/><D49/><N who="2" m="19018" /><F28/><W98/><G98/><T77/><D93/><U94/><E94/><V89/><F91/><W116/><G31/><T18/><D5/><U19/><E19/><AGARI ba="0,0" hai="6,7,14,19,22,53,59,62,83,87,89" m="19018" machi="19" ten="30,1000,0" yaku="8,1" doraHai="34" who="2" fromWho="1" sc="250,0,250,-10,198,10,302,0" />
</Scene>
<Scene>
<INIT seed="2,0,0,4,3,27" ten="250,240,208,302" oya="2" hai0="3,121,120,79,47,7,6,40,76,61,111,105,109" hai1="131,49,1,113,38,64,37,89,118,42,103,81,54" hai2="41,70,130,55,99,29,133,97,95,53,85,74,24" hai3="119,128,132,90,43,134,102,110,67,82,5,58,123"/><V73/><F70/><W50/><G5/><N who="0" m="1547" /><D3/><U15/><E1/><V31/><F130/><W39/><G128/><T33/><D105/><U93/><E131/><V26/><F95/><W96/><G123/><T32/><D61/><U36/><E113/><V104/><F85/><W28/><G119/><T4/><D4/><U19/><E64/><V117/><F41/><W45/><G110/><N who="0" m="41995" /><D47/><U59/><E81/><V101/><F117/><W77/><G90/><T115/><D115/><U80/><E80/><V108/><F108/><W12/><G67/><T125/><D40/><U116/><E103/><V48/><F133/><W10/><G58/><T84/><D84/><U94/><E42/><V21/><F99/><W11/><G50/><T14/><D14/><U87/><REACH who="1" step="1"/><E93/><REACH who="1" ten="250,230,208,302" step="2"/><V66/><F66/><W106/><G82/><T18/><D121/><U65/><E65/><V52/><REACH who="2" step="1"/><F48/><REACH who="2" ten="250,230,198,302" step="2"/><W112/><G43/><T75/><D120/><U2/><E2/><V9/><F9/><AGARI ba="0,2" hai="9,15,19,36,37,38,49,54,59,87,89,94,116,118" machi="9" ten="40,1300,0" yaku="1,1,53,0" doraHai="27" doraHaiUra="62" who="1" fromWho="2" sc="250,0,230,33,198,-13,302,0" />
</Scene>
<Scene>
<INIT seed="3,0,0,5,3,35" ten="250,263,185,302" oya="3" hai0="127,48,89,45,46,104,107,120,43,90,18,6,87" hai1="24,133,63,113,23,105,54,83,22,72,112,68,52" hai2="9,62,77,13,111,135,58,8,40,129,16,82,69" hai3="88,125,47,57,51,4,7,109,122,75,73,91,29"/><W100/><G122/><T26/><D120/><U1/><E105/><V17/><F111/><W80/><G125/><T61/><D127/><U81/><E133/><V15/><F135/><W11/><G29/><T93/><D61/><U119/><E119/><V39/><F129/><W124/><G124/><T12/><D26/><U19/><E1/><V106/><F106/><W132/><G132/><T50/><D6/><U126/><E126/><V96/><F96/><W79/><G100/><T60/><D60/><U2/><E2/><V74/><F69/><W31/><G31/><T27/><D27/><U3/><E3/><V33/><F33/><W101/><G101/><T97/><D89/><U44/><E72/><V65/><F40/><W56/><G47/><T78/><D78/><U99/><E44/><V64/><REACH who="2" step="1"/><F39/><REACH who="2" ten="250,263,175,302" step="2"/><W108/><G109/><T121/><D97/><U55/><E99/><V53/><AGARI ba="0,1" hai="8,9,13,15,16,17,53,58,62,64,65,74,77,82" machi="53" ten="20,12000,2" yaku="1,1,2,1,0,1,7,1,9,1,54,1,53,0" doraHai="35" doraHaiUra="110" who="2" fromWho="2" sc="250,-30,263,-30,175,130,302,-60" />
</Scene>
<Scene>
<INIT seed="4,0,0,1,2,2" ten="220,233,305,242" oya="0" hai0="119,28,99,30,5,93,34,91,24,121,110,42,81" hai1="6,129,101,128,43,130,134,127,44,75,61,86,14" hai2="116,39,36,54,84,10,120,122,59,115,77,133,45" hai3="67,23,26,124,12,29,95,18,25,65,112,105,7"/><T48/><D119/><U83/><E127/><V8/><F116/><W72/><G105/><T52/><D121/><U135/><E75/><V33/><F33/><W76/><G112/><T92/><D110/><U21/><E101/><V74/><F74/><W3/><G124/><T17/><D42/><U58/><E21/><V97/><F115/><W40/><G40/><T111/><D111/><U118/><E118/><V57/><F133/><W1/><G26/><T85/><D30/><U62/><E14/><V47/><F77/><W35/><G95/><T71/><D71/><U73/><E73/><V113/><F113/><W15/><G15/><T100/><D17/><U82/><E6/><V109/><F109/><W53/><G53/><T0/><D5/><U27/><E27/><V51/><F54/><W46/><G46/><T123/><D0/><U68/><E68/><V50/><REACH who="2" step="1"/><F97/><REACH who="2" ten="220,233,295,242" step="2"/><W90/><G76/><T56/><REACH who="0" step="1"/><D123/><REACH who="0" ten="210,233,295,242" step="2"/><U66/><E135/><V79/><F79/><W88/><G35/><T22/><D22/><U69/><E134/><V132/><F132/><W102/><G23/><T20/><D20/><U70/><E129/><V78/><F78/><W131/><G131/><T19/><D19/><U117/><E130/><V16/><F16/><W38/><G18/><T80/><AGARI ba="0,2" hai="24,28,34,48,52,56,80,81,85,91,92,93,99,100" machi="80" ten="30,11700,0" yaku="1,1,0,1,54,1,53,1" doraHai="2" doraHaiUra="49" who="0" fromWho="0" sc="210,137,233,-39,295,-39,242,-39" />
</Scene>
<Scene>
<INIT seed="4,1,0,0,3,67" ten="347,194,256,203" oya="0" hai0="63,16,60,89,92,27,42,74,79,132,45,99,39" hai1="101,94,117,113,41,51,122,0,48,6,130,28,119" hai2="56,123,21,19,68,110,73,76,128,108,106,88,43" hai3="58,112,70,18,47,40,134,107,80,129,109,125,103"/><T35/><D132/><U3/><E122/><V17/><F123/><W7/><G109/><T81/><REACH who="0" step="1"/><D35/><REACH who="0" ten="337,194,256,203" step="2"/><U36/><E117/><V85/><F110/><W29/><G134/><T61/><D61/><U100/><E119/><V126/><F108/><W25/><G125/><T131/><D131/><U114/><E130/><V83/><F126/><W5/><G129/><T11/><D11/><U66/><E114/><V62/><F128/><W127/><G112/><T69/><D69/><U95/><E113/><V120/><F68/><W97/><G70/><T87/><D87/><U14/><E0/><V44/><F120/><W22/><G127/><T65/><D65/><U59/><E3/><V8/><F8/><W34/><G34/><T93/><D93/><U54/><E66/><V46/><F106/><W102/><G107/><T57/><D57/><U111/><E111/><V121/><F121/><W78/><G58/><T77/><D77/><U90/><E94/><V20/><F56/><W38/><G78/><T53/><D53/><U72/><E54/><V104/><F104/><W118/><G118/><T10/><D10/><U133/><E59/><V84/><F62/><W32/><G80/><T116/><D116/><U98/><E133/><V33/><F33/><W135/><G135/><T1/><D1/><U86/><E86/><V50/><F85/><W12/><G97/><T96/><D96/><U105/><E98/><V2/><F2/><W55/><G55/><T75/><D75/><U13/><E72/><V23/><F46/><W124/><G124/><T49/><D49/><N who="1" m="19019" /><E105/><V24/><F73/><RYUUKYOKU ba="1,1" sc="337,15,194,-15,256,-15,203,15" hai0="16,27,39,42,45,60,63,74,79,81,89,92,99" hai3="5,7,12,18,22,25,29,32,38,40,47,102,103" />
</Scene>
<Scene>
<INIT seed="4,2,1,2,1,91" ten="352,179,241,218" oya="0" hai0="72,46,80,71,116,92,29,4,86,135,30,85,20" hai1="2,113,126,1,110,119,57,70,42,108,75,63,41" hai2="115,104,25,39,99,18,65,133,87,19,134,36,127" hai3="6,56,132,122,83,102,51,8,101,121,67,44,5"/><T118/><D71/><U82/><E75/><V79/><F115/><W53/><G132/><T26/><D135/><U77/><E77/><V13/><F127/><W55/><G67/><T27/><D4/><N who="3" m="1641" /><G8/><T32/><D46/><U131/><E82/><V93/><F65/><W120/><G83/><T73/><D92/><U16/><E70/><V7/><F133/><W14/><G14/><T81/><REACH who="0" step="1"/><D20/><REACH who="0" ten="342,179,241,218" step="2"/><U114/><E114/><V117/><F134/><W96/><G121/><T59/><D59/><U35/><E57/><V64/><F93/><W74/><G122/><T61/><D61/><U124/><E63/><V89/><F104/><W22/><G120/><T62/><D62/><U112/><E113/><V103/><F117/><W66/><G22/><T60/><D60/><U23/><E23/><V68/><F7/><W90/><G66/><T129/><D129/><U11/><E131/><V24/><F64/><W47/><G44/><T107/><D107/><U105/><E105/><V12/><F68/><W130/><G130/><T100/><D100/><U3/><E112/><V84/><F103/><W37/><G56/><T38/><D38/><U49/><E119/><V48/><F36/><W98/><G37/><T40/><D40/><U97/><E41/><V34/><F39/><W15/><G47/><T10/><D10/><U69/><E69/><V106/><F106/><W94/><G102/><T78/><D78/><U31/><E42/><V111/><F79/><W58/><G101/><T45/><D45/><U128/><E128/><V43/><F43/><W28/><G58/><T21/><D21/><RYUUKYOKU ba="2,2" sc="342,30,179,-10,241,-10,218,-10" hai0="26,27,29,30,32,72,73,80,81,85,86,116,118" />
</Scene>
<Scene>
<INIT seed="4,3,2,5,2,13" ten="372,169,231,208" oya="0" hai0="119,70,111,12,107,6,38,101,80,9,122,4,116" hai1="125,77,39,14,5,123,27,72,115,18,71,3,61" hai2="75,94,1,54,21,98,120,56,112,29,26,134,76" hai3="40,53,124,44,73,36,69,97,45,128,83,0,95"/><T30/><D122/><U126/><E123/><V66/><F120/><W51/><G69/><T55/><D38/><U91/><E39/><V114/><F1/><W133/><G0/><T92/><D70/><U113/><E27/><V102/><F134/><W127/><G133/><T34/><D107/><U24/><E24/><V33/><F66/><W8/><G128/><T28/><D4/><U7/><E3/><V32/><F76/><W90/><REACH who="3" step="1"/><G8/><REACH who="3" ten="372,169,231,198" step="2"/><T63/><D9/><N who="1" m="6479" /><E7/><V108/><F108/><W82/><G82/><T49/><D80/><N who="1" m="45095" /><E5/><V86/><F114/><N who="1" m="43529" /><E91/><V2/><F112/><W89/><G89/><T84/><D6/><U37/><E37/><V42/><F2/><W31/><G31/><T117/><D30/><U17/><E17/><V46/><F29/><W10/><G10/><T57/><D28/><U74/><E74/><V43/><F75/><W81/><G81/><T121/><D121/><U131/><E131/><V64/><F33/><W99/><G99/><T135/><D34/><U65/><AGARI ba="3,3" hai="61,65,71,125,126" m="43529,45095,6479" machi="65" ten="30,4000,0" yaku="15,1,11,1,52,1" doraHai="13" who="1" fromWho="1" sc="372,-23,169,79,231,-13,198,-13" />
</Scene>
<Scene>
<INIT seed="5,0,0,5,5,49" ten="349,248,218,185" oya="1" hai0="110,47,42,114,3,128,120,90,117,22,122,29,60" hai1="39,135,54,44,76,85,68,53,97,78,81,83,16" hai2="43,2,51,21,107,119,79,69,66,100,126,116,32" hai3="91,35,115,77,14,9,38,24,62,123,94,17,4"/><U121/><E121/><V5/><F32/><W57/><G123/><T111/><D117/><U15/><E68/><V45/><F126/><W84/><G115/><T8/><D60/><U74/><E135/><V52/><F79/><W88/><G38/><T30/><D90/><U96/><E39/><V18/><F107/><W13/><G35/><T102/><D102/><U113/><E113/><V129/><F100/><W23/><G77/><T108/><D114/><U105/><E44/><V98/><F98/><W103/><G103/><T59/><D59/><U11/><REACH who="1" step="1"/><E105/><REACH who="1" ten="349,238,218,185" step="2"/><V48/><F119/><W89/><REACH who="3" step="1"/><G24/><REACH who="3" ten="349,238,218,175" step="2"/><N who="0" m="16535" /><D120/><U125/><E125/><V133/><F116/><W95/><G95/><T134/><D122/><U80/><E80/><V72/><F133/><W131/><G131/><T34/><D128/><U26/><E26/><V86/><F129/><W132/><G132/><T112/><D134/><U25/><E25/><V67/><F69/><W82/><G82/><T28/><D112/><U6/><E6/><V46/><F5/><W58/><G58/><T61/><D110/><U71/><E71/><V12/><F45/><W124/><G124/><T70/><D111/><U127/><E127/><V99/><F46/><W19/><G19/><T104/><D108/><U41/><E41/><V20/><F43/><W130/><G130/><T93/><D47/><U73/><E73/><V65/><F72/><W33/><G33/><T1/><D42/><U50/><E50/><V7/><F48/><W87/><G87/><T101/><D34/><U0/><E0/><V109/><F2/><W36/><G36/><RYUUKYOKU ba="0,2" sc="349,-15,238,15,218,-15,175,15" hai1="11,15,16,53,54,74,76,78,81,83,85,96,97" hai3="4,9,13,14,17,23,57,62,84,88,89,91,94" />
</Scene>
<Scene>
<INIT seed="5,1,2,3,2,49" ten="334,253,203,190" oya="1" hai0="37,60,40,135,17,26,22,127,62,31,120,63,71" hai1="110,20,125,131,78,51,119,74,121,117,13,104,38" hai2="73,41,91,33,6,30,72,94,89,97,55,107,133" hai3="102,126,95,82,103,93,14,116,111,7,112,80,128"/><U3/><RYUUKYOKU type="yao9" ba="1,2" sc="334,0,253,0,203,0,190,0" hai1="3,13,20,38,51,74,78,104,110,117,119,121,125,131" />
</Scene>
<Scene>
<INIT seed="5,2,2,4,0,67" ten="334,253,203,190" oya="1" hai0="92,61,94,128,59,109,28,72,83,75,60,13,69" hai1="21,27,85,10,135,90,4,30,20,74,19,102,16" hai2="133,48,81,14,119,24,103,31,131,42,34,87,17" hai3="5,29,54,117,18,36,122,130,40,9,123,106,95"/><U44/><E74/><V76/><F119/><W114/><G106/><T26/><D109/><U73/><E73/><V46/><F131/><W65/><G29/><T68/><D128/><U22/><E135/><V132/><REACH who="2" step="1"/><F103/><REACH who="2" ten="334,253,193,190" step="2"/><W43/><G130/><T88/><D75/><U51/><E102/><V111/><F111/><W98/><G117/><T23/><D72/><U35/><E90/><V71/><F71/><W110/><G110/><T79/><D69/><U39/><E85/><V12/><F12/><W66/><G122/><T126/><D68/><U134/><E134/><V82/><F82/><W78/><G123/><T104/><D13/><U47/><E39/><V115/><F115/><W6/><G36/><T97/><D83/><U63/><E63/><V55/><F55/><W93/><G54/><T124/><D61/><U53/><REACH who="1" step="1"/><E44/><REACH who="1" ten="334,243,193,190" step="2"/><V99/><F99/><W3/><G98/><T96/><D96/><U129/><E129/><V86/><F86/><W107/><G78/><T118/><D79/><U0/><AGARI ba="2,4" hai="0,4,10,16,19,20,21,22,27,30,35,47,51,53" machi="0" ten="30,11700,0" yaku="1,1,0,1,54,1,53,1" doraHai="67" doraHaiUra="32" who="1" fromWho="1" sc="334,-41,243,163,193,-41,190,-41" />
</Scene>
<Scene>
<INIT seed="5,3,0,2,1,0" ten="293,406,152,149" oya="1" hai0="125,46,43,127,5,124,13,60,126,119,115,123,27" hai1="77,106,105,70,79,25,109,83,86,51,19,48,130" hai2="33,80,122,47,22,45,11,88,53,132,18,74,99" hai3="78,90,28,114,62,56,98,84,55,64,10,30,110"/><U6/><E70/><V2/><F122/><W91/><G110/><T3/><D119/><U101/><E109/><V102/><F33/><W117/><G117/><T54/><D123/><U68/><E68/><V134/><F53/><W21/><G114/><T61/><D115/><U24/><E130/><V131/><F131/><W29/><G21/><T89/><D3/><U82/><E19/><V87/><F74/><W116/><G116/><T92/><D27/><U118/><E118/><V41/><F41/><W20/><G20/><T23/><D54/><U16/><E16/><V40/><F40/><W12/><G98/><T120/><D120/><U73/><E101/><V35/><F35/><W103/><G103/><T72/><D72/><U37/><E73/><V67/><F67/><W1/><G1/><T107/><D107/><U111/><E86/><V135/><F11/><W52/><G78/><T44/><D23/><U75/><E75/><V7/><F2/><W76/><G76/><T34/><D34/><U133/><E111/><V85/><F87/><W17/><REACH who="3" step="1"/><G91/><REACH who="3" ten="293,406,152,139" step="2"/><T31/><D124/><U49/><E79/><V66/><F66/><W113/><G113/><T8/><D31/><U100/><E77/><V97/><F99/><W96/><G96/><N who="0" m="57359" /><D44/><U108/><E108/><V59/><F47/><W57/><G57/><T9/><D9/><U121/><E121/><V71/><F59/><W94/><AGARI ba="3,1" hai="10,12,17,28,29,30,52,55,56,62,64,84,90,94" machi="94" ten="30,7900,0" yaku="1,1,0,1,8,1,54,1,53,0" doraHai="0" doraHaiUra="38" who="3" fromWho="3" sc="293,-23,406,-42,152,-23,139,98" />
</Scene>
<Scene>
<INIT seed="6,0,0,4,5,130" ten="270,364,129,237" oya="2" hai0="17,133,62,7,23,10,20,114,99,86,96,27,85" hai1="83,21,92,122,71,63,115,46,118,34,97,87,94" hai2="31,132,128,1,72,119,70,49,120,16,93,18,110" hai3="67,124,45,84,89,64,69,129,57,60,125,103,127"/><V100/><F128/><W88/><G129/><T113/><D133/><U47/><E34/><V73/><F120/><W116/><G116/><T44/><D44/><U0/><E0/><V25/><F119/><W48/><G103/><T3/><D62/><U106/><E106/><V135/><F1/><W134/><G134/><N who="2" m="51241" /><F70/><W41/><G89/><T54/><D54/><U11/><E71/><V121/><F121/><W65/><REACH who="3" step="1"/><G69/><REACH who="3" ten="270,364,129,227" step="2"/><T5/><D113/><U79/><E115/><V90/><F100/><W35/><G35/><T112/><D114/><U19/><E118/><V22/><F110/><W13/><G13/><T29/><D112/><U117/><E117/><V77/><F49/><W61/><G61/><T15/><D5/><U28/><E122/><V76/><F77/><W9/><G9/><T40/><D3/><U75/><E63/><V107/><F107/><W30/><G30/><T80/><D29/><U55/><E79/><V98/><F76/><W56/><G56/><T52/><D10/><U26/><E11/><V33/><F18/><W53/><G53/><T42/><D52/><U66/><E19/><V24/><AGARI ba="0,1" hai="16,22,24,25,31,33,72,73,90,93,98" m="51241" machi="24" ten="30,12000,1" yaku="20,1,52,3,54,1" doraHai="130" who="2" fromWho="2" sc="270,-40,364,-40,129,130,227,-40" />
</Scene>
<Scene>
<INIT seed="6,1,0,0,2,26" ten="230,324,259,187" oya="2" hai0="6,45,25,111,31,15,75,90,79,120,13,131,70" hai1="89,17,8,56,93,134,108,54,83,91,62,88,0" hai2="3,49,52,9,132,105,127,77,122,121,130,32,64" hai3="125,35,1,5,39,21,69,110,116,76,107,67,101"/><V34/><F105/><W53/><G110/><T23/><D111/><U68/><E108/><V41/><F127/><W58/><G125/><T78/><D120/><U59/><E134/><V128/><F132/><W43/><G35/><T117/><D70/><U42/><E68/><V4/><F64/><W126/><G126/><T119/><D131/><N who="2" m="50218" /><F41/><W66/><G116/><N who="0" m="44619" /><D45/><U50/><E83/><V10/><F77/><N who="0" m="29194" /><D75/><U27/><E0/><V97/><F9/><W63/><G76/><T106/><D106/><U55/><E42/><V38/><F38/><W14/><G1/><T87/><D6/><U46/><E46/><N who="2" m="27703" /><F97/><W22/><G39/><T60/><D60/><U124/><E124/><V94/><F94/><AGARI ba="1,0" hai="13,15,23,25,31,87,90,94" m="29194,44619" machi="94" ten="30,2000,0" yaku="12,1,52,1" doraHai="26" who="0" fromWho="2" sc="230,23,324,0,259,-23,187,0" />
</Scene>
<Scene>
<INIT seed="7,0,0,2,3,125" ten="253,324,236,187" oya="3" hai0="46,107,36,109,37,76,96,26,120,11,65,21,92" hai1="18,70,34,16,15,124,93,90,83,45,55,94,121" hai2="80,63,47,131,56,82,29,59,39,122,30,14,84" hai3="106,69,35,110,115,23,5,67,75,4,3,129,71"/><W58/><G110/><T85/><D109/><U8/><E121/><V127/><F122/><W31/><G35/><T112/><D107/><U105/><E105/><V128/><F127/><W9/><G106/><T88/><D120/><U117/><E70/><N who="3" m="26634" /><G75/><T89/><D76/><U113/><E34/><V41/><F14/><W61/><G5/><T32/><D32/><U118/><E124/><V123/><F123/><W40/><G40/><T50/><D65/><U77/><E18/><V49/><F39/><W133/><G133/><T103/><D11/><U43/><E55/><N who="2" m="34303" /><F56/><W102/><G102/><T99/><D89/><U19/><E19/><V135/><F135/><W17/><G31/><N who="2" m="11785" /><F84/><W74/><G74/><T54/><D99/><U104/><E90/><V2/><F2/><N who="3" m="151" /><G115/><T73/><D112/><U111/><E113/><V44/><F44/><W51/><G51/><T116/><D116/><N who="1" m="44651" /><E111/><V68/><F68/><N who="3" m="42095" /><G3/><T52/><D73/><N who="1" m="43439" /><E104/><V91/><F91/><W6/><G6/><T28/><D54/><U48/><AGARI ba="0,0" hai="8,15,16,43,45,48,93,94" m="43439,44651" machi="48" ten="30,2000,0" yaku="12,1,54,1" doraHai="125" who="1" fromWho="1" sc="253,-5,324,20,236,-5,187,-10" owari="248,5.0,344,44.0,231,-17.0,177,-32.0" />
</Scene>
</mjloggm>