<mjloggm ver="2.3"><GO type="169" lobby="0"/><UN n0="%E3%82%86%E3%81%A3%E3%81%8F%E3%82%8A%E5%A6%96%E5%A4%A2" n1="%E5%A4%AA%E3%81%8F%E3%81%AA%E3%81%84%E3%81%8A" n2="%28%E8%9B%99%E3%83%BB%60%CF%89%E3%83%BB%C2%B4%29" n3="%E4%B8%AD%E6%9D%91%E8%B1%AA" dan="16,17,16,16" rate="2115.17,2222.12,2119.55,2126.82" sx="M,M,M,M"/><TAIKYOKU oya="0"/>

<Scene>
<INIT seed="0,0,0,3,0,79" ten="250,250,250,250" oya="0" hai0="93,66,92,126,31,98,37,0,74,10,49,120,104" hai1="35,41,30,106,131,111,129,17,9,48,101,123,96" hai2="84,40,45,83,69,46,32,132,61,115,44,130,67" hai3="21,58,39,29,55,27,18,51,95,2,112,4,70"/><T134/><D120/><U60/><E123/><V15/><F132/><W124/><G70/><T109/><D37/><U121/><E121/><V82/><F130/><N who="1" m="49673" /><E111/><V16/><F32/><W52/><G39/><T128/><D128/><U63/><E30/><V127/><F127/><W34/><G112/><T43/><D134/><U110/><E35/><V75/><F115/><W117/><G117/><T99/><D126/><U6/><E17/><V73/><F40/><W94/><G124/><T11/><D109/><U1/><E110/><V88/><REACH who="2" step="1"/><F82/><REACH who="2" ten="250,250,240,250" step="2"/><W125/><G125/><T26/><D43/><U77/><E77/><V62/><F62/><W25/><G55/><T42/><D42/><U19/><E41/><V14/><F14/><W8/><AGARI ba="0,1" hai="2,4,8,18,21,25,27,29,34,51,52,58,94,95" machi="8" ten="30,2000,0" yaku="0,1,54,1" doraHai="79" who="3" fromWho="3" sc="250,-10,250,-5,240,-5,250,30" />
</Scene>
<Scene>
<INIT seed="1,0,0,2,5,90" ten="240,245,235,280" oya="1" hai0="51,115,96,16,60,126,36,117,19,83,125,65,26" hai1="109,17,82,111,5,11,128,113,73,66,59,15,92" hai2="58,80,86,98,81,52,3,41,40,8,104,24,1" hai3="70,124,102,37,105,133,43,53,69,47,13,131,116"/><U2/><E113/><V64/><F64/><W54/><G102/><T122/><D36/><U77/><E128/><V27/><F104/><W14/><G105/><T21/><D117/><U87/><E66/><V0/><F8/><W23/><G131/><T135/><D115/><U127/><E59/><V28/><F98/><W34/><G34/><T79/><D135/><U44/><E127/><N who="0" m="48649" /><D51/><U88/><REACH who="1" step="1"/><E44/><REACH who="1" ten="240,235,235,280" step="2"/><V12/><F58/><W112/><G47/><T25/><D122/><U94/><E94/><V71/><F71/><W46/><G46/><T57/><D57/><U76/><E76/><V114/><F114/><W42/><G124/><T75/><D65/><U100/><E100/><V68/><F68/><W108/><G112/><T89/><D60/><U39/><E39/><V106/><F106/><W93/><G37/><T31/><D26/><U91/><E91/><V9/><F27/><W67/><G67/><T134/><D134/><U132/><E132/><V20/><F81/><W101/><G133/><T49/><D49/><U129/><E129/><V35/><F80/><W7/><G101/><T118/><D118/><U95/><E95/><AGARI ba="0,1" hai="16,19,21,25,31,75,79,83,89,95,96" m="48649" machi="95" ten="30,3900,0" yaku="18,1,52,1,54,1" doraHai="90" who="0" fromWho="1" sc="240,49,235,-39,235,0,280,0" />
</Scene>
<Scene>
<INIT seed="2,0,0,2,5,96" ten="289,196,235,280" oya="2" hai0="11,105,120,59,29,122,14,67,33,6,115,94,41" hai1="62,69,4,78,110,65,111,79,0,85,13,42,23" hai2="53,113,7,87,50,93,82,117,95,131,56,26,108" hai3="54,102,84,30,98,124,68,129,135,35,20,106,92"/><V43/><F113/><W75/><G68/><T15/><D105/><U119/><E119/><V118/><F131/><W80/><G35/><T39/><D115/><U112/><E112/><V12/><F26/><N who="3" m="16711" /><G54/><T45/><D33/><U37/><E0/><V2/><F2/><W18/><G18/><T9/><D29/><U134/><E134/><V81/><F108/><N who="1" m="41513" /><E85/><V130/><F130/><W57/><G57/><T127/><D127/><U25/><E42/><V47/><F117/><W27/><G27/><T89/><D59/><U61/><E37/><V3/><F3/><W76/><G129/><T71/><D67/><N who="1" m="41199" /><E13/><V121/><F118/><W10/><G10/><T86/><D71/><N who="1" m="42423" /><E4/><AGARI ba="0,0" hai="4,6,9,11,14,15,39,41,45,86,89,94,120,122" machi="4" ten="30,2000,0" yaku="7,1,9,1" doraHai="96" who="0" fromWho="1" sc="289,20,196,-20,235,0,280,0" />
</Scene>
<Scene>
<INIT seed="3,0,0,1,0,64" ten="309,176,235,280" oya="3" hai0="76,44,40,69,88,16,56,9,74,17,107,52,29" hai1="59,51,82,63,80,71,10,4,132,75,37,93,124" hai2="61,95,134,36,68,6,72,62,35,122,38,30,84" hai3="42,98,58,28,32,91,87,94,53,24,123,110,135"/><W5/><G123/><T26/><D107/><U125/><E37/><V55/><F72/><W101/><G42/><T79/><D69/><U126/><E132/><V128/><F128/><W109/><G5/><T50/><D74/><U89/><E51/><V108/><F108/><N who="3" m="41579" /><G135/><T66/><D66/><N who="1" m="41439" /><E59/><V111/><F68/><W112/><G112/><T127/><D127/><N who="1" m="32515" /><U131/><DORA hai="45" /><E75/><V119/><F134/><W60/><G87/><T31/><D88/><AGARI ba="0,0" hai="24,28,32,53,58,60,88,91,94,98,101" m="41579" machi="88" ten="30,5800,0" yaku="14,1,10,1,54,1" doraHai="64,45" who="3" fromWho="0" sc="309,-58,176,0,235,0,280,58" />
</Scene>
<Scene>
<INIT seed="3,1,0,4,4,122" ten="251,176,235,338" oya="3" hai0="15,85,133,58,5,63,106,112,43,37,24,56,73" hai1="69,91,2,103,21,126,99,114,53,119,82,101,36" hai2="83,10,33,120,105,1,134,0,45,28,76,124,90" hai3="12,109,47,70,41,79,130,100,131,59,55,78,127"/><W81/><G70/><T46/><D73/><U52/><E114/><V87/><F134/><W31/><G127/><T26/><D106/><U71/><E36/><V66/><F124/><W75/><G31/><T22/><D133/><U32/><E32/><V135/><F135/><W57/><G100/><T86/><D112/><U108/><E126/><V118/><F118/><W11/><G79/><T30/><D26/><U51/><E2/><V54/><F105/><W20/><G20/><T93/><D93/><U38/><E38/><V40/><F66/><W65/><G65/><T107/><D107/><U77/><E119/><V94/><F54/><W113/><G113/><T42/><D42/><U4/><E4/><V129/><F129/><N who="3" m="49163" /><G55/><T9/><REACH who="0" step="1"/><D58/><REACH who="0" ten="241,176,235,338" step="2"/><U123/><E69/><V61/><F94/><W49/><G59/><T67/><AGARI ba="1,1" hai="5,9,15,22,24,30,37,43,46,56,63,67,85,86" machi="67" ten="20,5200,0" yaku="1,1,2,1,0,1,7,1,53,0" doraHai="122" doraHaiUra="111" who="0" fromWho="0" sc="241,65,176,-14,235,-14,338,-27" />
</Scene>
<Scene>
<INIT seed="4,0,0,4,5,59" ten="306,162,221,311" oya="0" hai0="100,114,48,71,38,18,68,23,65,31,130,49,62" hai1="124,79,43,33,108,87,96,95,121,78,73,134,80" hai2="131,129,89,102,92,116,8,135,41,22,85,76,97" hai3="46,56,32,51,26,94,88,16,20,133,75,28,101"/><T11/><D114/><U70/><E33/><V77/><F41/><W15/><G75/><T29/><D38/><U35/><E35/><V99/><F8/><W44/><G101/><T60/><D130/><N who="2" m="49674" /><F22/><W61/><G133/><T6/><D100/><U13/><E108/><V45/><F45/><W82/><G82/><T25/><D31/><U111/><E111/><V9/><F9/><W115/><G51/><T63/><D29/><U30/><E121/><V107/><F135/><W21/><G32/><T42/><D42/><U36/><E134/><V3/><F3/><W17/><G28/><T5/><D5/><U110/><E110/><V47/><F47/><W113/><G113/><T81/><D81/><U112/><E112/><V127/><F127/><W54/><G115/><T126/><D126/><U37/><E124/><V72/><F116/><W90/><G90/><T27/><D27/><U103/><E73/><V69/><F69/><W1/><G1/><T64/><D63/><U50/><E79/><N who="2" m="30283" /><F85/><AGARI ba="0,0" hai="15,16,17,20,21,26,44,46,54,56,61,85,88,94" machi="85" ten="30,8000,1" yaku="7,1,8,1,52,1,54,2" doraHai="59" who="3" fromWho="2" sc="306,0,162,0,221,-80,311,80" />
</Scene>
<Scene>
<INIT seed="5,0,0,4,1,38" ten="306,162,141,391" oya="1" hai0="127,89,64,80,5,88,102,132,6,37,69,131,0" hai1="116,114,93,75,12,18,63,40,100,82,113,49,81" hai2="26,47,45,103,34,120,43,41,23,31,9,42,53" hai3="118,15,7,44,91,76,96,104,70,106,4,28,121"/><U51/><E116/><V107/><F120/><W33/><G121/><T48/><D37/><U74/><E63/><V124/><F124/><W20/><G70/><T119/><D64/><U32/><E32/><V22/><F9/><W122/><G122/><T111/><D69/><U97/><E81/><V134/><F134/><W29/><G76/><T25/><D80/><U36/><E36/><V46/><REACH who="2" step="1"/><F53/><REACH who="2" ten="306,162,131,391" step="2"/><W126/><G126/><T73/><D132/><U105/><E114/><V27/><F27/><W101/><G118/><T3/><D25/><U39/><E113/><V54/><F54/><W58/><G4/><T56/><D6/><U86/><E105/><V19/><F19/><W57/><G7/><T59/><D5/><U109/><E109/><V1/><F1/><W83/><G106/><T60/><D3/><U68/><E18/><V71/><F71/><W135/><G104/><T108/><D0/><U8/><E68/><V128/><F128/><W95/><G135/><T2/><D131/><U110/><E110/><V67/><F67/><W92/><G29/><T78/><D2/><U84/><E8/><V35/><F35/><W133/><G28/><T17/><D17/><U13/><E13/><V94/><F94/><W52/><G95/><T77/><D119/><U50/><E12/><V87/><F87/><W72/><G92/><T61/><D127/><U85/><REACH who="1" step="1"/><E82/><REACH who="1" ten="306,152,131,391" step="2"/><V55/><F55/><W21/><G52/><T14/><D14/><U117/><E117/><V10/><F10/><W130/><G83/><T123/><D111/><U129/><E129/><V125/><F125/><RYUUKYOKU ba="0,2" sc="306,-15,152,15,131,15,391,-15" hai1="39,40,49,50,51,74,75,84,85,86,93,97,100" hai2="22,23,26,31,34,41,42,43,45,46,47,103,107" />
</Scene>
<Scene>
<INIT seed="5,1,2,4,2,61" ten="291,167,146,376" oya="1" hai0="131,107,22,34,122,5,132,67,104,29,112,103,91" hai1="56,74,8,35,59,118,72,28,101,99,121,82,134" hai2="53,20,84,50,33,87,30,95,57,37,25,81,69" hai3="45,90,124,31,117,36,127,114,2,38,24,23,17"/><U66/><E118/><V115/><F37/><W119/><G2/><T86/><D34/><U58/><E121/><V129/><F129/><W111/><G111/><T11/><D131/><U39/><E39/><N who="3" m="14890" /><G45/><T44/><D132/><U123/><E123/><V70/><F115/><W96/><G114/><T26/><D112/><U19/><E134/><V100/><F33/><N who="3" m="20711" /><G90/><T32/><D44/><U14/><E82/><V80/><F70/><W47/><G96/><T135/><D22/><U110/><E110/><V120/><F69/><W85/><G85/><N who="2" m="32841" /><F120/><W109/><G47/><T92/><D135/><U62/><E35/><V10/><F10/><W4/><G4/><T54/><D122/><U130/><E28/><V12/><F12/><N who="3" m="9639" /><G109/><T93/><D29/><U15/><E130/><V78/><F78/><W75/><G75/><T98/><D32/><U108/><E108/><V18/><F30/><W63/><G63/><T77/><D104/><U60/><E15/><V43/><F43/><W94/><G94/><T9/><D93/><U89/><E89/><V27/><F27/><W79/><G79/><T64/><D26/><U51/><E51/><V106/><F106/><W65/><G119/><T55/><D77/><U7/><E7/><V83/><F95/><W88/><G117/><T133/><D133/><U125/><E125/><V105/><F105/><W71/><G88/><T52/><REACH who="0" step="1"/><D11/><REACH who="0" ten="281,167,146,376" step="2"/><U0/><E8/><V76/><F76/><W49/><G127/><T3/><AGARI ba="1,3" hai="3,5,9,52,54,55,64,67,86,91,92,98,103,107" machi="3" ten="30,12000,2" yaku="1,1,2,1,0,1,52,2,54,1,53,0" doraHai="61" doraHaiUra="13" who="0" fromWho="0" sc="281,153,167,-61,146,-31,376,-31" />
</Scene>
<Scene>
<INIT seed="6,0,0,2,5,4" ten="434,106,115,345" oya="2" hai0="36,5,28,59,38,26,91,41,87,95,84,77,79" hai1="1,0,9,124,83,24,110,31,46,74,53,3,11" hai2="51,21,90,101,113,37,44,32,47,108,116,92,126" hai3="112,19,48,68,128,64,86,14,34,72,122,96,118"/><V89/><F113/><W85/><G72/><T65/><D38/><U69/><E110/><V133/><F116/><W123/><G118/><T109/><D36/><U97/><E69/><V61/><F32/><W73/><G73/><T55/><D65/><U12/><E124/><V98/><F126/><W70/><G34/><T134/><D41/><U67/><E67/><V100/><F108/><W35/><G35/><T27/><D134/><U107/><E46/><V99/><F37/><W16/><G128/><T17/><D5/><U111/><E111/><V56/><F133/><W121/><G112/><T57/><D57/><U81/><E53/><N who="2" m="33935" /><F21/><W66/><G96/><T120/><D120/><U52/><E52/><N who="2" m="29799" /><F47/><W131/><G131/><T103/><D55/><U94/><E107/><V80/><F80/><W30/><G122/><T43/><D59/><U39/><E39/><V45/><F45/><W23/><G23/><T115/><D43/><U125/><E125/><V2/><F2/><W106/><G106/><T54/><D54/><U119/><E119/><V20/><F20/><W10/><G48/><T76/><D115/><U33/><E74/><V6/><F6/><W129/><G129/><T104/><D104/><U82/><REACH who="1" step="1"/><E12/><REACH who="1" ten="434,96,115,345" step="2"/><V42/><F42/><W29/><G14/><T18/><D109/><U8/><E8/><AGARI ba="0,1" hai="8,10,16,19,29,30,64,66,68,70,85,86,121,123" machi="8" ten="25,8000,1" yaku="22,2,52,2,54,1" doraHai="4" who="3" fromWho="1" sc="434,0,96,-80,115,0,345,90" />
</Scene>
<Scene>
<INIT seed="7,0,0,1,5,1" ten="434,16,115,435" oya="3" hai0="32,75,45,13,44,133,117,21,91,84,76,113,14" hai1="64,122,42,69,73,86,31,119,126,68,87,72,125" hai2="52,10,11,134,135,56,0,106,8,57,3,98,93" hai3="26,109,123,71,70,30,54,129,102,110,116,60,120"/><W12/><G116/><T23/><D32/><U111/><E111/><N who="3" m="42506" /><G129/><T83/><D117/><U15/><E119/><V94/><F106/><W28/><G12/><N who="0" m="4715" /><D75/><U61/><E122/><N who="3" m="46634" /><G102/><T9/><D133/><N who="2" m="50698" /><F57/><N who="3" m="34871" /><G30/><T48/><D113/><U16/><E31/><V5/><F0/><W17/><G17/><T33/><D33/><AGARI ba="0,0" hai="26,28,33,70,71" m="34871,46634,42506" machi="33" ten="30,1500,0" yaku="10,1" doraHai="1" who="3" fromWho="0" sc="434,-15,16,0,115,0,435,15" owari="419,22.0,16,-48.0,115,-28.0,450,54.0" />
</Scene>
</mjloggm>