<mjloggm ver="2.3"><GO type="169" lobby="0"/><UN n0="%6E%69%63%6B%2E" n1="%E5%A4%AA%E3%81%8F%E3%81%AA%E3%81%84%E3%81%8A" n2="%73%61%74%6F%72%75%53%50" n3="%E3%81%A9%E3%81%85%E3%83%BC%E3%81%96%E3%82%93" dan="16,17,16,16" rate="2110.42,2219.07,2082.55,2025.92" sx="M,M,M,M"/><TAIKYOKU oya="0"/>

<Scene>
<INIT seed="0,0,0,1,0,25" ten="250,250,250,250" oya="0" hai0="14,101,18,29,53,83,49,75,64,90,86,47,113" hai1="41,116,95,99,51,19,89,8,134,56,50,133,109" hai2="7,123,98,122,128,1,23,32,93,127,135,126,131" hai3="72,31,30,44,76,112,11,107,15,4,61,58,37"/><T28/><D113/><U63/><E116/><V79/><F79/><W59/><G112/><T120/><D120/><U91/><E109/><V78/><F78/><W106/><G76/><T55/><D75/><U70/><E70/><V65/><F65/><W88/><G72/><T108/><D108/><U71/><E71/><V124/><F32/><W20/><G20/><T119/><D119/><U102/><E133/><V36/><F36/><W27/><G27/><T69/><D101/><U130/><E130/><N who="2" m="49707" /><F23/><W26/><G26/><T3/><D3/><U62/><E134/><V74/><F74/><W42/><G59/><T33/><D33/><U60/><E56/><V46/><F46/><W35/><G35/><T105/><D105/><U21/><E8/><N who="2" m="2159" /><F135/><W9/><G11/><N who="0" m="6495" /><D69/><U97/><E41/><V118/><F118/><W85/><G107/><T66/><D55/><U125/><E125/><N who="2" m="32003" /><V82/><DORA hai="16" /><F82/><W54/><G106/><T114/><D114/><U43/><E43/><V12/><F12/><W2/><G15/><T5/><D5/><U117/><E117/><V96/><F96/><W80/><AGARI ba="0,0" hai="2,4,9,30,31,37,42,44,54,58,61,80,85,88" machi="80" ten="20,8000,1" yaku="0,1,7,1,52,2,54,1" doraHai="25,16" who="3" fromWho="3" sc="250,-40,250,-20,250,-20,250,80" />
</Scene>
<Scene>
<INIT seed="1,0,0,3,3,130" ten="210,230,230,330" oya="1" hai0="61,1,92,4,51,32,0,107,67,63,73,111,31" hai1="113,8,122,132,22,135,103,129,34,133,86,68,57" hai2="55,37,115,50,45,25,134,112,18,26,117,17,20" hai3="39,48,120,94,43,76,123,85,87,35,102,97,106"/><U24/><E68/><V58/><F117/><W125/><G39/><T38/><D38/><U105/><E113/><N who="2" m="43595" /><F26/><W30/><G30/><T90/><D107/><U19/><E122/><V21/><F20/><W14/><G14/><T52/><D73/><U33/><E129/><V75/><F75/><W5/><G5/><T59/><D111/><U124/><E124/><V88/><F134/><W62/><G35/><T98/><D4/><U119/><E119/><V6/><F6/><W83/><G62/><T65/><D31/><N who="1" m="17815" /><E86/><V82/><F37/><W15/><G15/><T131/><D32/><N who="1" m="12395" /><E57/><V56/><F18/><W99/><G48/><T108/><D108/><U121/><E121/><N who="3" m="46666" /><G43/><T89/><D131/><U3/><E3/><V80/><F82/><W27/><G125/><T74/><D74/><U69/><E69/><V13/><F58/><W79/><G27/><T77/><D77/><N who="3" m="29769" /><G83/><T128/><D128/><U78/><E78/><V46/><F25/><W41/><G41/><T118/><D118/><U28/><E28/><V66/><F66/><N who="0" m="25098" /><D1/><U53/><E53/><V126/><F126/><W116/><G116/><T47/><D0/><U71/><E71/><V93/><F80/><W44/><G44/><T104/><D47/><U101/><E105/><V72/><F72/><W29/><G29/><T23/><D104/><U114/><E114/><V95/><F46/><W127/><G127/><T54/><D54/><U109/><E109/><V91/><F45/><W49/><G49/><T12/><D51/><U36/><E36/><V42/><F42/><W9/><G106/><T60/><D59/><RYUUKYOKU ba="0,0" sc="210,-15,230,15,230,15,330,-15" hai1="8,19,101,103,132,133,135" hai2="13,17,21,50,55,56,88,91,93,95" />
</Scene>
<Scene>
<INIT seed="1,1,0,3,4,70" ten="195,245,245,315" oya="1" hai0="130,96,8,73,95,118,43,135,4,59,100,2,3" hai1="37,108,51,48,31,39,45,56,116,134,64,9,79" hai2="129,18,77,46,124,133,120,98,122,55,78,104,13" hai3="92,1,83,84,106,35,17,102,103,117,125,20,82"/><U49/><E116/><V81/><F124/><W29/><G125/><T113/><D118/><U90/><E79/><V67/><F129/><W123/><G123/><T58/><D113/><U89/><E134/><V80/><F133/><W127/><G127/><T97/><D135/><U86/><E31/><V34/><F34/><W42/><G1/><T74/><D130/><U114/><E114/><V85/><F67/><W119/><G106/><T112/><D112/><U69/><E69/><V41/><F55/><W93/><G42/><T47/><D3/><U15/><E108/><V88/><F104/><W33/><G29/><T44/><D96/><U6/><E45/><V19/><F18/><W11/><G11/><T52/><D58/><U72/><E72/><V54/><F41/><W0/><G0/><T132/><D132/><U26/><E26/><V131/><F131/><W121/><G121/><T21/><D21/><U57/><E89/><V14/><F120/><W24/><G20/><T75/><REACH who="0" step="1"/><D43/><REACH who="0" ten="185,245,245,315" step="2"/><U128/><E128/><V101/><F122/><W30/><G119/><T68/><D68/><U38/><REACH who="1" step="1"/><E64/><REACH who="1" ten="185,235,245,315" step="2"/><V107/><F101/><W99/><G117/><T115/><D115/><U105/><E105/><V91/><F107/><W5/><G103/><T16/><D16/><U63/><E63/><AGARI ba="1,2" hai="2,4,8,44,47,52,59,63,73,74,75,95,97,100" machi="63" ten="40,2600,0" yaku="1,1,54,1,53,0" doraHai="70" doraHaiUra="87" who="0" fromWho="1" sc="185,49,235,-29,245,0,315,0" />
</Scene>
<Scene>
<INIT seed="2,0,0,0,0,119" ten="234,206,245,315" oya="2" hai0="71,123,67,47,10,84,135,92,68,98,82,50,112" hai1="18,111,134,27,9,26,87,69,29,99,65,132,56" hai2="38,52,77,28,37,16,46,120,4,17,129,128,59" hai3="131,78,74,44,39,31,35,104,94,127,30,64,83"/><V58/><F120/><W22/><G131/><N who="2" m="50249" /><F77/><W114/><G104/><T55/><D112/><U25/><E69/><V40/><F28/><W76/><G127/><T122/><D135/><N who="1" m="51755" /><E111/><V34/><F34/><W72/><G35/><T42/><D10/><U90/><E99/><V85/><F4/><W125/><G125/><T33/><D33/><N who="1" m="20655" /><E65/><V7/><F7/><W108/><G64/><T88/><D42/><U32/><E56/><N who="2" m="21547" /><F85/><W97/><G108/><T19/><D19/><N who="2" m="7242" /><F52/><W66/><G114/><T0/><D0/><U13/><E32/><V2/><F2/><W95/><G66/><T130/><D130/><U116/><E116/><V117/><F117/><W121/><G30/><T70/><REACH who="0" step="1"/><D67/><REACH who="0" ten="224,206,245,315" step="2"/><U45/><E45/><V101/><F101/><AGARI ba="0,1" hai="47,50,55,68,70,71,82,84,88,92,98,101,122,123" machi="101" ten="40,8000,1" yaku="1,1,2,1,52,2,54,1,53,0" doraHai="119" doraHaiUra="124" who="0" fromWho="2" sc="224,90,206,0,245,-80,315,0" />
</Scene>
<Scene>
<INIT seed="3,0,0,2,5,57" ten="314,206,165,315" oya="3" hai0="96,93,52,13,28,84,129,3,122,91,106,51,53" hai1="41,110,63,54,55,25,76,14,89,119,130,81,132" hai2="39,46,16,83,31,44,56,123,65,37,101,49,48" hai3="20,43,61,5,133,59,86,126,127,80,19,45,100"/><W108/><G133/><T8/><D122/><U64/><E132/><V33/><F123/><W22/><G100/><T88/><D129/><U79/><E130/><V105/><F83/><W27/><G5/><T32/><D3/><U9/><E110/><V87/><F87/><W72/><G72/><T77/><D77/><U40/><E119/><V69/><F33/><W6/><G6/><T58/><D106/><U2/><E2/><V29/><F105/><W71/><G71/><T113/><D113/><U128/><E128/><V36/><F101/><W47/><G20/><T30/><D53/><N who="1" m="19979" /><E89/><V50/><F16/><N who="3" m="12743" /><G108/><T102/><D32/><U99/><E99/><V115/><F115/><W107/><G43/><N who="1" m="16458" /><E25/><V95/><F95/><W92/><G92/><N who="0" m="54279" /><D102/><U18/><E81/><V97/><F97/><W134/><G134/><T24/><D24/><U73/><E73/><V34/><F34/><W75/><G75/><T82/><D82/><U74/><E74/><V111/><F111/><W109/><G107/><T68/><D68/><U11/><E11/><V21/><F21/><W90/><G19/><AGARI ba="0,0" hai="8,13,19,28,30,51,52,58,91,93,96" m="54279" machi="19" ten="30,3900,0" yaku="8,1,54,2" doraHai="57" who="0" fromWho="3" sc="314,39,206,0,165,0,315,-39" />
</Scene>
<Scene>
<INIT seed="4,0,0,0,3,104" ten="353,206,165,276" oya="0" hai0="32,83,4,45,68,46,73,33,42,72,63,134,86" hai1="122,44,10,124,80,70,3,62,110,113,101,49,1" hai2="81,109,65,108,17,59,135,20,15,52,66,84,31" hai3="111,95,18,131,11,7,2,76,14,55,26,12,53"/><T61/><D134/><U25/><E110/><V125/><F135/><W13/><G111/><T60/><D68/><U58/><E122/><V123/><F123/><W27/><G131/><T129/><D129/><U22/><E70/><V93/><F125/><W103/><G76/><T127/><D127/><U0/><E124/><V37/><F37/><W126/><G126/><T132/><D4/><U36/><E36/><V51/><F31/><W74/><G74/><T112/><D112/><U133/><E133/><V69/><F69/><W118/><G118/><T121/><D121/><U64/><E113/><V115/><F115/><W87/><G18/><T48/><D132/><U130/><E130/><V92/><F108/><W38/><G38/><T8/><D8/><U119/><E119/><V120/><F120/><W41/><G41/><T21/><D21/><U78/><E101/><V99/><F109/><W79/><G103/><T16/><D16/><U29/><E10/><V77/><REACH who="2" step="1"/><F93/><REACH who="2" ten="353,206,155,276" step="2"/><W57/><G95/><T28/><D28/><U90/><E90/><AGARI ba="0,1" hai="15,17,20,51,52,59,65,66,77,81,84,90,92,99" machi="90" ten="30,8000,1" yaku="1,1,2,1,7,1,8,1,54,1,53,0" doraHai="104" doraHaiUra="23" who="2" fromWho="1" sc="353,0,206,-80,155,90,276,0" />
</Scene>
<Scene>
<INIT seed="5,0,0,0,3,127" ten="353,126,245,276" oya="1" hai0="112,87,131,8,60,0,108,38,52,134,90,93,113" hai1="115,10,110,11,53,14,41,120,30,78,75,22,5" hai2="96,42,43,37,70,103,40,13,17,106,118,107,48" hai3="126,76,46,117,69,20,105,25,77,102,123,59,3"/><U36/><E120/><V44/><F118/><W6/><G123/><T31/><D108/><U9/><E110/><V80/><F70/><W19/><G69/><T55/><D38/><U104/><E104/><V89/><F37/><W67/><G126/><T50/><D134/><U51/><E115/><N who="0" m="44105" /><D131/><U7/><E36/><V101/><F106/><W32/><G46/><N who="0" m="27735" /><D31/><U24/><E41/><V133/><F133/><W71/><G71/><T54/><D60/><U45/><REACH who="1" step="1"/><E5/><AGARI ba="0,0" hai="0,5,8,54,55,87,90,93" m="27735,44105" machi="5" ten="30,2000,0" yaku="15,1,54,1" doraHai="127" who="0" fromWho="1" sc="353,20,126,-20,245,0,276,0" />
</Scene>
<Scene>
<INIT seed="6,0,0,5,5,55" ten="373,106,245,276" oya="2" hai0="84,41,50,12,46,126,5,44,21,28,33,56,40" hai1="104,18,30,78,80,127,121,131,23,7,134,124,77" hai2="101,74,130,98,11,116,0,100,34,132,110,43,49" hai3="90,123,108,135,58,39,111,3,27,91,92,118,88"/><V63/><F116/><W119/><G123/><T70/><D126/><N who="1" m="48171" /><E30/><V129/><F74/><W114/><G39/><T128/><D128/><N who="2" m="49258" /><F34/><W115/><G3/><T67/><D70/><U102/><E131/><V106/><F110/><N who="3" m="42027" /><G27/><N who="0" m="16495" /><D33/><U107/><E7/><N who="2" m="1511" /><F132/><W83/><G58/><T65/><D84/><N who="1" m="48143" /><E18/><V64/><F106/><N who="1" m="40489" /><E23/><V36/><F36/><W112/><G135/><T15/><D5/><U59/><E134/><V68/><F98/><N who="3" m="57607" /><G83/><T32/><D32/><U69/><E69/><V86/><F68/><W66/><G66/><T24/><D67/><U93/><E121/><V113/><F63/><W13/><G13/><T25/><D65/><U103/><E59/><V9/><F64/><W79/><G79/><T35/><D35/><U122/><E122/><V52/><F43/><N who="0" m="16458" /><D12/><U85/><E78/><V54/><F9/><W95/><G90/><AGARI ba="0,0" hai="85,90,93,102,103" m="40489,48143,48171" machi="90" ten="30,3900,0" yaku="18,1,34,2" doraHai="55" who="1" fromWho="3" sc="373,0,106,39,245,0,276,-39" />
</Scene>
<Scene>
<INIT seed="7,0,0,2,3,77" ten="373,145,245,237" oya="3" hai0="64,16,8,88,115,121,79,19,114,22,17,131,96" hai1="27,65,101,135,110,123,116,6,47,86,63,51,69" hai2="91,4,81,133,104,85,78,37,23,49,50,95,32" hai3="128,62,20,72,45,112,118,28,30,60,36,73,13"/><W35/><G118/><T5/><D121/><U98/><E123/><V44/><F104/><W46/><G112/><N who="0" m="43051" /><D131/><U42/><E116/><V0/><F133/><W41/><G128/><T89/><D79/><U38/><E135/><V105/><F105/><W33/><G20/><T113/><D113/><U124/><E110/><V59/><F32/><W122/><G122/><T18/><D64/><U40/><E124/><V57/><F23/><W48/><G48/><T129/><D129/><U11/><E40/><N who="2" m="22543" /><F50/><W61/><G13/><N who="0" m="9583" /><D96/><U67/><E67/><V99/><F49/><W24/><G46/><T58/><D58/><U102/><E27/><AGARI ba="0,0" hai="24,27,28,30,33,35,36,41,45,60,61,62,72,73" machi="27" ten="40,2000,0" yaku="9,1" doraHai="77" who="3" fromWho="1" sc="373,0,145,-20,245,0,237,20" />
</Scene>
<Scene>
<INIT seed="7,1,0,5,4,83" ten="373,125,245,257" oya="3" hai0="123,13,59,84,63,8,69,29,0,109,89,104,73" hai1="131,77,108,10,88,103,110,33,93,82,11,43,115" hai2="75,129,52,55,39,72,48,114,106,100,120,2,118" hai3="58,99,127,124,23,22,12,94,9,32,128,5,26"/><W6/><G128/><T35/><D109/><U112/><E33/><V76/><F118/><W15/><G58/><T25/><D73/><U62/><E43/><V79/><F39/><W7/><G94/><T16/><D123/><U105/><E62/><V31/><F2/><W17/><G99/><T36/><D36/><U117/><E10/><V86/><F129/><W98/><G98/><T130/><D130/><U42/><E11/><V40/><F120/><W60/><G60/><T132/><D132/><U64/><E42/><V116/><F116/><W102/><G102/><T19/><D104/><U34/><E34/><V78/><F114/><N who="1" m="43561" /><E64/><V70/><F70/><W38/><G38/><T113/><D69/><U68/><E68/><V92/><F31/><N who="3" m="17887" /><G32/><T71/><D71/><U80/><E131/><V57/><F40/><W24/><G15/><T21/><D0/><U46/><E46/><V45/><F45/><W95/><G95/><N who="0" m="54695" /><D35/><U135/><E117/><V65/><F57/><W87/><G87/><T125/><D113/><U96/><E135/><V66/><F65/><W111/><G111/><N who="1" m="42538" /><E77/><V81/><F78/><W133/><G133/><T3/><D3/><U119/><E119/><V27/><F76/><W51/><G51/><T4/><D125/><AGARI ba="1,0" hai="5,6,7,9,12,17,22,24,124,125,127" m="17887" machi="125" ten="30,5800,0" yaku="18,1,34,2" doraHai="83" who="3" fromWho="0" sc="373,-61,125,0,245,0,257,61" owari="312,11.0,125,-37.0,245,-15.0,318,41.0" />
</Scene>
</mjloggm>