<mjloggm ver="2.3"><GO type="169" lobby="0"/><UN n0="%E5%A4%AA%E3%81%8F%E3%81%AA%E3%81%84%E3%81%8A" n1="%E8%B7%AF%E5%9C%B0%E8%A3%8F%E3%81%AE%E3%81%B2%E3%81%BE%E3%82%8F%E3%82%8A" n2="%E3%82%AB%E3%83%8B%E3%83%9E%E3%83%A8" n3="%E9%BB%92%E6%B2%A2%E7%A5%90%E4%B8%80" dan="18,17,17,16" rate="2178.46,2181.72,2158.11,2117.36" sx="M,M,M,M"/><TAIKYOKU oya="0"/>

<Scene>
<INIT seed="0,0,0,0,2,84" ten="250,250,250,250" oya="0" hai0="135,35,51,48,23,126,131,99,112,47,118,9,105" hai1="10,130,22,0,115,88,49,124,113,93,83,78,123" hai2="39,108,77,80,68,76,82,119,120,106,38,44,89" hai3="81,132,7,25,58,59,24,100,104,53,94,57,116"/><T129/><D35/><U26/><E123/><V1/><F106/><W2/><G116/><T61/><D118/><U66/><E124/><V37/><F1/><W60/><G104/><T17/><D112/><N who="1" m="43083" /><E130/><N who="0" m="49673" /><D126/><U65/><E49/><V16/><F68/><W134/><G81/><T19/><D135/><N who="3" m="51753" /><G7/><T3/><D61/><U12/><E0/><V34/><F34/><W45/><G2/><T102/><D23/><U63/><E63/><V107/><F107/><W21/><G45/><T72/><D72/><N who="1" m="43463" /><E12/><V15/><F44/><W67/><G53/><N who="0" m="29855" /><D51/><U6/><E10/><V5/><F39/><W40/><G40/><T32/><D32/><U98/><E6/><AGARI ba="0,0" hai="3,6,9,17,19,99,102,105" m="29855,49673" machi="6" ten="30,1500,0" yaku="19,1" doraHai="84" who="0" fromWho="1" sc="250,15,250,-15,250,0,250,0" />
</Scene>
<Scene>
<INIT seed="0,1,0,2,1,81" ten="265,235,250,250" oya="0" hai0="19,39,75,60,38,78,114,115,22,40,21,134,6" hai1="85,102,120,131,68,133,24,87,34,11,12,94,50" hai2="86,54,125,80,25,77,28,67,72,53,132,97,108" hai3="126,47,56,98,32,62,92,15,52,20,61,130,76"/><T10/><D134/><U111/><E120/><V1/><F1/><W118/><G32/><T41/><D60/><U69/><E133/><V110/><F132/><W17/><G118/><T71/><D71/><U83/><E34/><V84/><F67/><W57/><G126/><T96/><D96/><N who="1" m="59671" /><E111/><N who="2" m="42539" /><F97/><W2/><G2/><T112/><D75/><U127/><E69/><V70/><F70/><W44/><G76/><T26/><D78/><U43/><E68/><V123/><F125/><W49/><G130/><T100/><D100/><U55/><E131/><V65/><F65/><W0/><G0/><T35/><D35/><U58/><E127/><V18/><F18/><W73/><G73/><T31/><D10/><U14/><E83/><N who="2" m="47215" /><F123/><W89/><REACH who="3" step="1"/><G49/><REACH who="3" ten="265,235,250,240" step="2"/><T16/><D114/><U59/><E50/><V74/><F74/><W3/><G3/><T5/><REACH who="0" step="1"/><D26/><REACH who="0" ten="255,235,250,240" step="2"/><U88/><E24/><V124/><F72/><W135/><G135/><T9/><D9/><U109/><E11/><V37/><F124/><W106/><G106/><T66/><D66/><AGARI ba="1,2" hai="15,17,20,44,47,52,56,57,61,62,66,89,92,98" machi="66" ten="30,7700,0" yaku="1,1,7,1,8,1,54,1,53,0" doraHai="81" doraHaiUra="27" who="3" fromWho="0" sc="255,-80,235,0,250,0,240,100" />
</Scene>
<Scene>
<INIT seed="1,0,0,3,0,135" ten="175,235,250,340" oya="1" hai0="31,120,84,41,116,63,48,16,19,126,112,21,38" hai1="118,133,72,17,130,58,45,82,57,39,30,119,71" hai2="108,113,77,69,93,102,104,101,24,98,70,97,12" hai3="131,20,1,68,2,132,107,109,79,64,0,27,66"/><U47/><E71/><V56/><F108/><W61/><G107/><T11/><D116/><U3/><E133/><V23/><F77/><W25/><G132/><T94/><D112/><U92/><E30/><V100/><F113/><W95/><G109/><T105/><D105/><U8/><E130/><V125/><F102/><W44/><G131/><T46/><D120/><U6/><E92/><V106/><F93/><W128/><G128/><T33/><D33/><U62/><E17/><V96/><F96/><W50/><G79/><T15/><D38/><U83/><E58/><V9/><F56/><W81/><G81/><T36/><D36/><U49/><E47/><V99/><F99/><W18/><G64/><T4/><D63/><U103/><E103/><V34/><F34/><W42/><REACH who="3" step="1"/><G95/><REACH who="3" ten="175,235,250,330" step="2"/><T5/><D126/><U111/><E111/><V134/><F125/><W85/><G85/><T114/><D114/><U13/><E119/><V60/><F134/><W43/><G43/><T54/><D41/><U110/><E118/><V7/><F60/><W74/><G74/><T117/><D117/><U91/><E72/><V115/><F115/><W28/><G28/><AGARI ba="0,1" hai="7,9,12,23,24,28,69,70,97,98,100,101,104,106" machi="28" ten="30,2000,0" yaku="7,1,9,1" doraHai="135" who="2" fromWho="3" sc="175,0,235,0,250,30,330,-20" />
</Scene>
<Scene>
<INIT seed="2,0,0,4,0,101" ten="175,235,280,310" oya="2" hai0="114,59,2,73,119,54,115,57,22,68,46,83,61" hai1="1,6,88,40,64,122,58,23,8,20,91,66,56" hai2="82,74,92,72,125,3,69,39,47,55,104,9,113" hai3="70,75,130,126,49,7,50,131,117,63,10,134,109"/><V42/><F69/><W89/><G75/><T0/><D119/><U93/><E122/><V71/><F71/><W118/><G89/><T94/><D68/><U60/><E40/><V37/><F37/><W52/><G7/><T27/><D46/><U62/><REACH who="1" step="1"/><E91/><REACH who="1" ten="175,225,280,310" step="2"/><V100/><F42/><W107/><G118/><T105/><D114/><U124/><E124/><V85/><F125/><W98/><G117/><T41/><D41/><U80/><E80/><V4/><F113/><W77/><G126/><T21/><D83/><U132/><E132/><V35/><F82/><W44/><G134/><T11/><D115/><U90/><E90/><V12/><F39/><W87/><G130/><T76/><D76/><U84/><AGARI ba="0,1" hai="1,6,8,20,23,56,58,60,62,64,66,84,88,93" machi="84" ten="20,12000,2" yaku="1,1,0,1,7,1,9,1,54,1,53,2" doraHai="101" doraHaiUra="17" who="1" fromWho="1" sc="175,-30,225,130,280,-60,310,-30" />
</Scene>
<Scene>
<INIT seed="3,0,0,1,2,8" ten="145,355,220,280" oya="3" hai0="46,44,55,20,98,28,74,48,84,91,123,47,131" hai1="77,17,69,5,15,18,59,83,76,95,11,80,89" hai2="115,45,130,3,65,129,10,93,126,86,14,110,53" hai3="64,120,94,109,100,23,106,33,122,37,25,9,58"/><W1/><G37/><T60/><D74/><U21/><E69/><V88/><F3/><W27/><G106/><T68/><D123/><U56/><E80/><V36/><F115/><W66/><G109/><T73/><D73/><U31/><E31/><V52/><F126/><W102/><G33/><T104/><D131/><N who="2" m="50186" /><F65/><W90/><G1/><T40/><D104/><U71/><E71/><V114/><F114/><W117/><G117/><T39/><D98/><N who="1" m="57711" /><E5/><N who="2" m="3407" /><F110/><W96/><G9/><T107/><D107/><U105/><E105/><V7/><F7/><W57/><G90/><T97/><D97/><U4/><E4/><V127/><F127/><W116/><G96/><T70/><D60/><U22/><E11/><V38/><F38/><W13/><G94/><T30/><D30/><U85/><E76/><V50/><F36/><W24/><G116/><T82/><D68/><U19/><E19/><V26/><F26/><AGARI ba="0,0" hai="15,17,18,21,22,26,56,59,77,83,85" m="57711" machi="26" ten="30,2000,0" yaku="8,1,52,1" doraHai="8" who="1" fromWho="2" sc="145,0,355,20,220,-20,280,0" />
</Scene>
<Scene>
<INIT seed="4,0,0,1,0,86" ten="145,375,200,280" oya="0" hai0="7,79,114,121,0,122,24,74,72,83,128,97,14" hai1="25,87,93,98,8,2,37,100,111,45,76,6,61" hai2="15,30,115,113,46,16,31,39,50,36,91,130,101" hai3="13,99,68,70,80,59,32,66,106,40,120,28,89"/><T108/><D114/><N who="2" m="43530" /><F101/><W38/><G120/><T3/><D74/><U49/><E37/><N who="2" m="14411" /><F130/><W96/><G13/><T48/><D128/><U110/><E61/><V92/><F50/><W81/><G59/><T43/><D108/><U26/><E26/><V119/><F119/><W57/><G57/><T54/><D43/><U90/><E76/><V42/><F46/><W133/><G133/><T29/><D14/><U123/><E25/><V71/><F71/><W55/><G55/><T132/><D97/><U12/><E2/><V35/><F35/><W51/><G51/><T112/><D132/><U73/><E73/><V116/><F42/><W117/><G117/><T41/><D41/><U62/><E62/><V107/><F107/><W52/><G40/><T75/><D75/><U95/><E123/><V44/><F44/><W135/><G32/><T69/><D69/><U47/><E47/><V5/><F5/><W4/><G4/><T19/><D112/><U129/><E129/><V84/><F116/><W77/><G38/><T125/><D7/><U63/><E63/><V67/><F67/><W22/><G66/><T21/><D121/><U118/><E118/><V56/><F56/><W1/><G106/><T23/><D122/><U103/><E103/><V124/><F124/><W88/><G68/><T20/><D125/><U94/><E111/><V64/><F64/><W11/><G70/><T127/><D127/><U17/><E110/><V104/><F104/><W131/><G131/><T82/><D48/><U58/><E6/><V10/><AGARI ba="0,0" hai="10,15,16,30,31,84,91,92" m="14411,43530" machi="10" ten="30,4000,0" yaku="15,1,52,1,54,1" doraHai="86" who="2" fromWho="2" sc="145,-20,375,-10,200,40,280,-10" />
</Scene>
<Scene>
<INIT seed="5,0,0,2,5,19" ten="125,365,240,270" oya="1" hai0="26,106,110,5,79,96,124,92,121,104,15,118,36" hai1="25,86,125,57,13,71,99,54,6,40,120,83,49" hai2="10,24,93,8,16,131,33,112,115,51,61,39,84" hai3="129,66,135,132,123,97,119,82,7,17,90,11,44"/><U67/><E120/><V107/><F39/><W46/><G123/><T113/><D121/><U27/><E125/><V43/><F107/><W22/><G66/><T94/><D36/><U80/><E99/><V69/><F131/><W34/><G34/><T12/><D110/><U74/><E74/><V35/><F61/><W117/><G129/><T60/><D118/><N who="3" m="45065" /><G44/><T77/><D124/><U62/><E40/><V59/><F69/><W9/><G46/><T14/><D113/><N who="2" m="43594" /><F43/><W108/><G108/><T91/><D5/><U30/><E27/><V4/><F4/><W63/><G63/><T45/><D45/><U100/><E100/><V134/><F134/><W64/><G64/><T31/><D60/><U95/><E6/><V128/><F128/><W114/><G114/><T103/><D104/><U105/><E105/><V32/><F8/><N who="3" m="3147" /><G7/><T53/><D53/><U76/><E67/><V102/><F51/><W38/><G38/><T58/><D58/><U47/><E49/><V130/><F59/><W52/><G52/><T111/><D111/><U127/><E57/><V21/><F10/><W70/><G70/><T1/><D1/><U29/><E71/><V65/><F65/><W3/><G3/><T72/><D72/><U81/><E62/><V0/><F0/><W56/><G56/><T42/><D42/><U50/><E127/><V122/><F122/><W126/><G126/><T23/><REACH who="0" step="1"/><D106/><REACH who="0" ten="115,365,240,270" step="2"/><U75/><E75/><V48/><F130/><W116/><G116/><T18/><D18/><U133/><E47/><V89/><F48/><W28/><G17/><T68/><D68/><RYUUKYOKU ba="0,1" sc="115,15,365,-15,240,15,270,-15" hai0="12,14,15,23,26,31,77,79,91,92,94,96,103" hai2="16,21,24,32,33,35,84,89,93,102" />
</Scene>
<Scene>
<INIT seed="6,1,1,0,4,131" ten="130,350,255,255" oya="2" hai0="127,116,107,118,135,39,14,33,44,82,104,41,28" hai1="47,62,51,55,10,45,103,83,12,112,26,124,19" hai2="6,11,20,38,79,123,16,67,119,70,53,49,66" hai3="113,48,106,18,43,8,4,77,17,130,75,100,85"/><V22/><F38/><W87/><G130/><T134/><D127/><U132/><E124/><V93/><F123/><W59/><G75/><T1/><D1/><U3/><E112/><V78/><F119/><N who="0" m="45610" /><D14/><U24/><E103/><V96/><F70/><W65/><G106/><N who="0" m="40491" /><D82/><U36/><E83/><V57/><F11/><W121/><G100/><T109/><D109/><U102/><E102/><N who="2" m="60687" /><F6/><W63/><G121/><T71/><D71/><U80/><E10/><V27/><F22/><W35/><G35/><T54/><D54/><U40/><E3/><V126/><F126/><W115/><G115/><T73/><D73/><U92/><E36/><V105/><F105/><W29/><G113/><T46/><D44/><U25/><E47/><V125/><F125/><W129/><G129/><T7/><D7/><U101/><E45/><V98/><F98/><W9/><G9/><T52/><D52/><U89/><E40/><V128/><F128/><W23/><G4/><T114/><D114/><U37/><E37/><V60/><F49/><W86/><G8/><T88/><D88/><U69/><E51/><V90/><F90/><W34/><G34/><T95/><D95/><U81/><E89/><V21/><F21/><W97/><G43/><T13/><D13/><U84/><E81/><V32/><F32/><W56/><G48/><T42/><D42/><U68/><E80/><V50/><F50/><W133/><G23/><T117/><N who="0" m="45618" /><T111/><DORA hai="120" /><D111/><U72/><E69/><V2/><F2/><W99/><G65/><AGARI ba="1,1" hai="16,20,27,53,57,60,65,66,67,78,79" m="60687" machi="65" ten="30,2900,0" yaku="8,1,54,1" doraHai="131,120" who="2" fromWho="3" sc="130,0,350,0,255,42,255,-32" />
</Scene>
<Scene>
<INIT seed="6,2,0,5,0,135" ten="130,350,297,223" oya="2" hai0="88,8,125,19,15,6,101,50,9,11,70,61,94" hai1="36,43,98,18,121,117,51,2,49,74,35,67,132" hai2="92,78,100,77,53,90,39,84,119,17,126,80,41" hai3="86,10,103,85,128,102,62,33,91,12,112,96,87"/><V45/><F119/><W82/><G33/><T54/><D101/><U127/><E67/><V65/><F65/><W71/><G71/><T72/><D72/><U83/><E98/><V124/><F100/><W120/><G120/><T44/><D70/><U25/><E18/><V5/><F5/><W55/><G128/><T32/><D32/><U46/><E117/><V20/><F53/><W123/><G123/><T109/><D109/><U129/><E121/><V14/><REACH who="2" step="1"/><F78/><REACH who="2" ten="130,350,287,223" step="2"/><W73/><G103/><T13/><D61/><U64/><E64/><V30/><F30/><W105/><G55/><T56/><D125/><U16/><E127/><V116/><F116/><W97/><G62/><T81/><D81/><U104/><E83/><V57/><F57/><W122/><G122/><T93/><D93/><U34/><E104/><V59/><F59/><W118/><G118/><T133/><D133/><U29/><E29/><V68/><F68/><W1/><G82/><T69/><D69/><U4/><E4/><V23/><F23/><W111/><G102/><T66/><D66/><U75/><E34/><V21/><F21/><W130/><G105/><T60/><D9/><U37/><E35/><V114/><F114/><W26/><G112/><T89/><REACH who="0" step="1"/><D94/><REACH who="0" ten="120,350,287,223" step="2"/><U79/><E132/><V52/><F52/><W63/><G63/><T38/><D38/><U22/><E37/><V134/><F134/><W42/><G10/><T7/><D7/><U131/><E36/><V48/><F48/><W0/><G111/><T108/><D108/><U40/><E51/><V106/><F106/><W31/><G130/><RYUUKYOKU ba="2,2" sc="120,15,350,-15,287,15,223,-15" hai0="6,8,11,13,15,19,44,50,54,56,60,88,89" hai2="14,17,20,39,41,45,77,80,84,90,92,124,126" />
</Scene>
<Scene>
<INIT seed="6,3,2,0,5,91" ten="135,335,302,208" oya="2" hai0="12,83,126,2,48,52,109,58,133,24,71,66,59" hai1="121,6,101,65,125,108,50,87,7,105,47,34,25" hai2="117,85,100,15,120,29,92,99,31,88,89,97,112" hai3="14,28,20,36,32,62,4,111,86,69,90,27,128"/><V102/><F117/><W127/><G111/><T13/><D109/><U72/><E108/><V9/><F112/><W67/><G36/><T129/><D2/><U96/><E72/><V119/><F119/><W95/><G127/><T57/><D126/><U30/><E125/><V124/><F120/><W56/><G128/><T98/><D129/><U106/><E121/><V78/><F78/><W122/><G122/><T74/><D133/><U134/><E134/><V104/><F124/><W8/><REACH who="3" step="1"/><G69/><REACH who="3" ten="135,335,302,198" step="2"/><T1/><D1/><U3/><E3/><V40/><F40/><W55/><G55/><T135/><D135/><U130/><E130/><V54/><F54/><W64/><G64/><T19/><D71/><U18/><E65/><V35/><F35/><AGARI ba="3,3" hai="4,8,14,20,27,28,32,35,56,62,67,86,90,95" machi="35" ten="40,5200,0" yaku="1,1,52,1,53,1" doraHai="91" doraHaiUra="11" who="3" fromWho="2" sc="135,0,335,0,302,-61,198,91" />
</Scene>
<Scene>
<INIT seed="7,0,0,0,4,123" ten="135,335,241,289" oya="3" hai0="135,57,122,49,84,71,97,31,81,80,19,76,110" hai1="104,128,88,10,64,120,17,8,4,77,134,75,63" hai2="20,36,18,107,94,105,38,5,53,37,98,126,1" hai3="7,46,96,69,32,131,45,111,93,22,78,51,115"/><W27/><G32/><T41/><D122/><U83/><E120/><V3/><F126/><W35/><G35/><T14/><D71/><U67/><E128/><V28/><F28/><W39/><G69/><T90/><D135/><U106/><E134/><V73/><F73/><W11/><G131/><T34/><D34/><U48/><E48/><V112/><F112/><W85/><G39/><T13/><D31/><U121/><E121/><V42/><F42/><W16/><G115/><T44/><D57/><U119/><E119/><V103/><F53/><W100/><G111/><T132/><D132/><U133/><E133/><V82/><F82/><N who="3" m="47319" /><G51/><T25/><D25/><U56/><E67/><V117/><F117/><W101/><G101/><T70/><D70/><U91/><E17/><V87/><F5/><W43/><G43/><T52/><D41/><U68/><E68/><V124/><F124/><W86/><G86/><T58/><D58/><U62/><E62/><V21/><F21/><W125/><G125/><T2/><D2/><U99/><E10/><V127/><F127/><W30/><G7/><T65/><D65/><U59/><E59/><V29/><F29/><W12/><AGARI ba="0,0" hai="11,12,16,22,27,30,45,46,93,96,100" m="47319" machi="12" ten="30,3000,0" yaku="8,1,54,1" doraHai="123" who="3" fromWho="3" sc="135,-10,335,-10,241,-10,289,30" />
</Scene>
<Scene>
<INIT seed="7,1,0,1,4,130" ten="125,325,231,319" oya="3" hai0="18,23,15,56,53,27,104,134,109,101,102,58,71" hai1="106,77,80,29,114,103,33,116,49,111,0,73,119" hai2="62,22,43,126,9,107,88,66,4,40,112,74,70" hai3="68,84,17,85,7,87,65,37,78,55,92,123,76"/><W94/><G123/><T67/><D109/><U81/><E111/><V10/><F74/><W132/><G37/><T12/><D71/><U118/><E114/><V115/><F107/><W31/><G132/><T100/><D104/><U110/><E110/><V121/><F126/><W41/><G68/><T5/><D67/><U98/><E0/><V3/><F121/><W133/><G133/><T127/><D127/><U129/><E81/><V59/><F10/><W97/><G65/><T64/><D5/><U52/><E129/><V35/><F35/><W124/><G124/><T6/><D6/><U89/><E89/><V54/><F22/><W26/><G7/><T60/><D134/><U122/><E122/><V32/><F32/><W21/><G41/><T83/><D83/><U135/><E135/><V2/><F2/><W120/><G120/><T13/><D27/><N who="1" m="18623" /><E52/><V117/><F117/><W25/><G55/><T91/><REACH who="0" step="1"/><D91/><REACH who="0" ten="115,325,231,319" step="2"/><U30/><E30/><V47/><F70/><W1/><G1/><T39/><D39/><U28/><E28/><V38/><F66/><W128/><G128/><T90/><D90/><U19/><E19/><V51/><F38/><W42/><G42/><T36/><D36/><U105/><E105/><V8/><F40/><W93/><REACH who="3" step="1"/><G97/><REACH who="3" ten="115,325,231,309" step="2"/><T63/><AGARI ba="1,2" hai="12,13,15,18,23,53,56,58,60,63,64,100,101,102" machi="63" ten="30,7900,0" yaku="1,1,0,1,8,1,53,1" doraHai="130" doraHaiUra="16" who="0" fromWho="0" sc="115,102,325,-21,231,-21,309,-40" owari="217,-18.0,304,40.0,210,-29.0,269,7.0" />
</Scene>
</mjloggm>