<mjloggm ver="2.3"><GO type="169" lobby="0"/><UN n0="%E8%B5%A4%E6%9C%A8%E3%81%97%E3%81%92%E3%82%8C" n1="%EF%BC%88%E2%88%AA%EF%BC%BE%CF%89%EF%BC%BE%EF%BC%89%E3%81%8A%EF%BC%81" n2="%E5%A4%AA%E3%81%8F%E3%81%AA%E3%81%84%E3%81%8A" n3="%74%61%6E%61%4B%61%E8%8A%8B%E5%AD%90" dan="16,16,17,17" rate="2077.58,2145.17,2211.00,2103.19" sx="M,M,M,F"/><TAIKYOKU oya="0"/>

<Scene>
<INIT seed="0,0,0,4,4,89" ten="250,250,250,250" oya="0" hai0="28,93,87,64,8,105,65,13,53,111,104,20,75" hai1="119,122,100,41,98,96,107,79,66,74,29,5,135" hai2="25,24,95,44,49,54,81,30,57,23,63,84,72" hai3="69,33,116,94,129,43,42,113,60,86,121,11,45"/><T36/><D75/><U83/><E41/><V109/><F109/><W120/><G113/><T32/><D32/><U80/><E29/><V34/><F72/><W7/><G42/><T97/><D36/><U127/><E5/><V126/><F126/><W132/><G33/><T134/><D134/><U19/><E119/><V55/><F95/><W92/><G86/><T48/><D87/><U6/><E6/><V90/><F34/><W31/><G31/><T15/><D104/><U2/><E66/><N who="0" m="25705" /><D105/><U3/><E122/><N who="3" m="47210" /><G116/><T131/><D8/><U10/><E3/><V40/><REACH who="2" step="1"/><F24/><REACH who="2" ten="250,250,240,250" step="2"/><W108/><G108/><T27/><D111/><U117/><E117/><V73/><F73/><W124/><G124/><T38/><D131/><U78/><E127/><V39/><F39/><N who="3" m="21759" /><G129/><T128/><D38/><U56/><E135/><V18/><F18/><W123/><G123/><T77/><D128/><U0/><E19/><V61/><F61/><W21/><G132/><T47/><D77/><U4/><E0/><V82/><F82/><W102/><G60/><T14/><D14/><U125/><E125/><V114/><F114/><W103/><G94/><T22/><D22/><U101/><E80/><V133/><F133/><W17/><G92/><T62/><D62/><U99/><E78/><V118/><F118/><W52/><G17/><T9/><D9/><U71/><E107/><V68/><F68/><W88/><G69/><T59/><D59/><U91/><E71/><V51/><F51/><W85/><G21/><T70/><D70/><U76/><E56/><V110/><F110/><W46/><G11/><RYUUKYOKU ba="0,1" sc="250,15,250,-15,240,15,250,-15" hai0="13,15,20,27,28,47,48,53,93,97" hai2="23,25,30,40,44,49,54,55,57,63,81,84,90" />
</Scene>
<Scene>
<INIT seed="0,1,1,2,5,40" ten="265,235,255,235" oya="0" hai0="21,20,28,95,125,103,6,17,38,34,24,36,4" hai1="49,59,30,128,106,126,27,133,124,110,99,16,25" hai2="12,58,51,69,130,100,74,56,116,2,80,85,114" hai3="76,89,108,79,63,1,135,55,41,107,9,84,65"/><T18/><D125/><N who="1" m="48235" /><E106/><V112/><F2/><W75/><G135/><T3/><D38/><U48/><E110/><V104/><F69/><W66/><G108/><T26/><D36/><U23/><E99/><V62/><F74/><W117/><G107/><T29/><D95/><U43/><E128/><V7/><F130/><W47/><G117/><T19/><D103/><U33/><E59/><V5/><F116/><W105/><G105/><T115/><D115/><U61/><E61/><V11/><F7/><N who="0" m="2602" /><D3/><U91/><E91/><V134/><F134/><W88/><G75/><T90/><D90/><N who="3" m="34921" /><G1/><T81/><D81/><U98/><E98/><V46/><F104/><W50/><G9/><T73/><D73/><U94/><E94/><V44/><F100/><W82/><G79/><T37/><D37/><U15/><E133/><V39/><F39/><W127/><G127/><T72/><D72/><U13/><E48/><V64/><F114/><W8/><G8/><T122/><D122/><U92/><E92/><V113/><F112/><W109/><G109/><T119/><D119/><U32/><E49/><V86/><F113/><W60/><G41/><T57/><D57/><U132/><E43/><V118/><F118/><W121/><G121/><T10/><D10/><U111/><E132/><V71/><F71/><W120/><G120/><T83/><D83/><U123/><E123/><V93/><F93/><W53/><G63/><T0/><D0/><U78/><E111/><V129/><F129/><W45/><G60/><T96/><D96/><U22/><E78/><N who="2" m="46231" /><F86/><W70/><G70/><T31/><D34/><AGARI ba="1,1" hai="13,15,16,22,23,25,27,30,32,33,34" m="48235" machi="34" ten="30,8000,1" yaku="6,1,18,1,34,2,54,1" doraHai="40" who="1" fromWho="0" sc="265,-83,235,93,255,0,235,0" />
</Scene>
<Scene>
<INIT seed="1,0,0,0,4,27" ten="182,328,255,235" oya="1" hai0="48,41,135,85,50,75,81,101,119,88,54,62,95" hai1="131,83,102,29,78,116,53,120,59,55,71,89,24" hai2="25,105,114,67,134,107,2,49,130,86,13,103,21" hai3="98,60,65,32,7,68,61,36,5,22,84,37,28"/><U109/><E120/><V99/><F2/><W77/><G32/><T108/><D119/><U42/><E116/><V64/><F107/><W43/><G60/><T97/><D108/><U80/><E71/><V82/><F134/><W9/><G98/><T18/><D135/><U17/><E42/><V23/><F130/><W133/><G133/><T26/><D75/><U16/><E131/><V39/><F39/><W106/><G106/><T104/><D104/><U76/><E102/><V122/><F122/><W127/><G127/><T91/><D101/><U129/><E129/><V115/><F49/><W126/><G126/><T121/><D121/><U30/><E24/><V111/><F13/><W57/><G68/><T110/><D41/><U35/><E35/><V94/><F105/><W31/><G22/><N who="2" m="8201" /><F25/><W73/><G73/><T96/><D96/><U70/><E70/><V56/><F56/><W46/><G36/><T69/><D110/><U45/><E59/><V10/><F10/><W100/><G100/><T93/><D81/><U66/><E109/><V12/><F12/><W38/><G37/><T124/><D124/><U4/><E4/><V123/><F123/><W72/><G7/><T112/><D112/><N who="2" m="43050" /><F111/><W87/><G9/><T0/><D0/><U19/><E19/><V34/><F34/><W117/><G5/><T63/><D69/><U51/><E51/><N who="0" m="19497" /><D54/><U44/><E89/><AGARI ba="0,0" hai="64,67,82,86,89,94,99,103" m="43050,8201" machi="89" ten="30,1000,0" yaku="11,1" doraHai="27" who="2" fromWho="1" sc="182,0,328,-10,255,10,235,0" />
</Scene>
<Scene>
<INIT seed="2,0,0,0,2,9" ten="182,318,265,235" oya="2" hai0="128,113,47,131,105,6,48,55,62,53,11,38,68" hai1="106,71,19,26,119,87,122,70,56,98,125,58,49" hai2="69,82,44,108,130,116,30,94,52,17,79,22,86" hai3="63,90,132,93,89,88,43,60,20,36,67,92,80"/><V10/><F116/><W7/><G132/><T120/><D105/><U91/><E119/><V129/><F69/><W35/><G35/><T42/><D120/><U39/><E39/><V126/><F126/><W96/><G36/><T34/><D34/><U16/><E122/><V29/><F108/><W12/><G43/><T37/><D11/><U78/><E106/><V103/><F10/><N who="3" m="4191" /><G67/><N who="0" m="41079" /><D6/><U3/><E3/><V13/><F103/><N who="3" m="60807" /><G80/><T72/><D72/><U83/><E70/><V31/><REACH who="2" step="1"/><F94/><REACH who="2" ten="182,318,255,235" step="2"/><W117/><G117/><T27/><D113/><U5/><E71/><V15/><F15/><W104/><G104/><T100/><D27/><U61/><E125/><V24/><F24/><W18/><G93/><T45/><D100/><U134/><E26/><AGARI ba="0,1" hai="18,20,26,60,63,88,89,90" m="60807,4191" machi="26" ten="30,3900,0" yaku="8,1,52,1,54,1" doraHai="9" who="3" fromWho="1" sc="182,0,318,-39,255,0,235,49" />
</Scene>
<Scene>
<INIT seed="3,0,0,1,0,29" ten="182,279,255,284" oya="3" hai0="25,1,20,62,97,7,28,116,51,77,85,103,36" hai1="14,110,82,81,126,65,105,112,27,12,45,26,133" hai2="40,57,123,30,46,47,79,95,121,11,0,15,35" hai3="74,109,90,61,66,32,41,98,8,89,22,102,84"/><W43/><G74/><T63/><D36/><U39/><E105/><V2/><F79/><W55/><G32/><T53/><D116/><U83/><E110/><V48/><F57/><W120/><G120/><N who="2" m="46153" /><F95/><W129/><G129/><T5/><D85/><U99/><E112/><V106/><F106/><W34/><G109/><T60/><D77/><U125/><E65/><V115/><F115/><W101/><G61/><T124/><D1/><U21/><E39/><N who="2" m="21791" /><F30/><W73/><G73/><T18/><D28/><U134/><E45/><V4/><F35/><W38/><G34/><T6/><D124/><N who="1" m="47723" /><E99/><V127/><F127/><W131/><G98/><T107/><REACH who="0" step="1"/><D63/><REACH who="0" ten="172,279,255,284" step="2"/><U91/><E133/><V92/><F0/><W96/><G38/><T94/><D94/><U100/><E134/><V64/><F92/><W104/><G84/><T128/><D128/><U88/><E82/><V75/><F2/><W87/><G87/><T24/><D24/><U119/><E27/><V58/><F75/><W86/><G86/><T122/><D122/><U19/><E119/><V111/><F111/><W113/><G131/><T70/><D70/><U31/><E83/><V80/><F80/><W69/><G69/><T44/><AGARI ba="0,1" hai="5,6,7,18,20,25,44,51,53,60,62,97,103,107" machi="44" ten="30,4000,0" yaku="1,1,0,1,53,1" doraHai="29" doraHaiUra="17" who="0" fromWho="0" sc="172,50,279,-10,255,-10,284,-20" />
</Scene>
<Scene>
<INIT seed="4,0,0,3,0,11" ten="222,269,245,264" oya="0" hai0="116,97,57,2,68,80,34,109,49,17,51,14,69" hai1="77,70,102,93,42,3,111,83,76,125,89,126,32" hai2="90,45,31,13,46,7,55,103,5,15,110,73,124" hai3="0,112,28,135,131,86,105,60,121,52,22,119,113"/><T82/><D116/><U127/><E70/><V18/><F110/><W16/><G119/><T12/><D2/><U25/><E3/><V94/><F73/><W98/><G135/><T79/><D34/><U84/><E42/><V50/><F124/><W92/><G28/><T72/><D109/><U106/><E25/><V115/><F115/><N who="3" m="44107" /><G131/><T117/><D117/><U133/><E32/><V23/><F103/><N who="3" m="60871" /><G0/><T9/><D97/><N who="1" m="61775" /><E111/><V99/><F31/><W85/><G105/><T19/><D82/><U118/><E118/><V24/><F46/><W74/><G74/><T104/><D104/><U123/><E123/><V26/><F26/><N who="3" m="14663" /><G121/><T6/><D6/><AGARI ba="0,0" hai="5,6,7,13,15,18,23,24,45,50,55,90,94,99" machi="6" ten="40,5200,0" yaku="8,1,52,2" doraHai="11" who="2" fromWho="0" sc="222,-52,269,0,245,52,264,0" />
</Scene>
<Scene>
<INIT seed="5,0,0,0,4,63" ten="170,269,297,264" oya="1" hai0="129,54,108,37,12,27,119,38,105,56,5,122,50" hai1="7,71,14,131,66,18,70,24,43,41,47,58,93" hai2="84,88,82,100,73,16,92,72,124,4,20,127,130" hai3="80,117,81,91,83,21,17,107,28,68,32,39,95"/><U64/><E131/><V61/><F130/><W98/><G68/><T13/><D129/><U113/><E113/><V34/><F34/><W128/><G128/><T51/><D108/><U35/><E71/><V109/><F109/><W101/><G39/><T1/><D105/><U87/><E70/><V11/><F61/><W116/><G32/><T8/><D119/><U104/><E104/><V9/><F100/><W49/><G28/><T69/><D69/><U0/><E0/><V59/><F59/><W60/><G60/><T48/><D122/><U52/><E7/><V67/><F67/><N who="1" m="25641" /><E24/><N who="2" m="14343" /><F92/><N who="3" m="58567" /><G49/><T135/><D135/><U44/><E35/><V79/><F79/><W106/><G106/><T15/><REACH who="0" step="1"/><D27/><REACH who="0" ten="160,269,297,264" step="2"/><U40/><E40/><V102/><F124/><W123/><G107/><T46/><D46/><U118/><E118/><V29/><F127/><W94/><G117/><T3/><D3/><U65/><E43/><V133/><F133/><W10/><G116/><T121/><D121/><U85/><E41/><V132/><F132/><W33/><G123/><T2/><D2/><U126/><E126/><V78/><F29/><W134/><G134/><T53/><D53/><U115/><E115/><V89/><F73/><W114/><G114/><T75/><D75/><U25/><E25/><V111/><F72/><W19/><G33/><T31/><D31/><U36/><E47/><V30/><F30/><W42/><G42/><T6/><D6/><U76/><E44/><V97/><F111/><W74/><G74/><T112/><D112/><U103/><E52/><V55/><F55/><W45/><G45/><RYUUKYOKU ba="0,1" sc="160,30,269,-10,297,-10,264,-10" hai0="1,5,8,12,13,15,37,38,48,50,51,54,56" />
</Scene>
<Scene>
<INIT seed="6,1,1,3,4,79" ten="190,259,287,254" oya="2" hai0="35,47,61,30,52,65,114,110,1,68,115,40,81" hai1="75,98,101,27,46,17,29,56,100,135,87,93,127" hai2="70,120,41,90,111,38,86,84,95,92,99,15,108" hai3="51,67,49,57,55,125,71,18,33,83,85,72,132"/><V82/><F70/><W134/><G33/><T131/><D110/><N who="2" m="42026" /><F38/><W112/><G72/><T106/><D106/><U66/><E127/><V14/><F41/><W0/><G0/><T7/><D131/><U118/><E118/><V60/><F60/><W64/><G125/><T43/><D30/><U32/><E135/><N who="3" m="51754" /><G18/><T4/><D35/><U53/><E75/><V39/><F39/><W22/><G22/><T45/><D81/><U34/><E66/><N who="3" m="25130" /><G71/><T31/><D31/><U3/><E3/><V91/><F120/><W104/><G104/><T80/><D80/><U26/><E46/><V10/><F10/><W76/><G112/><N who="0" m="43051" /><D1/><U16/><E100/><AGARI ba="1,1" hai="14,15,82,84,86,90,91,92,95,99,100" m="42026" machi="100" ten="30,2900,0" yaku="10,1,52,1" doraHai="79" who="2" fromWho="1" sc="190,0,259,-32,287,42,254,0" />
</Scene>
<Scene>
<INIT seed="6,2,0,4,5,75" ten="190,227,329,254" oya="2" hai0="79,131,54,61,107,122,109,50,104,39,47,99,127" hai1="53,10,34,13,35,28,3,58,18,125,93,22,80" hai2="8,112,130,113,88,115,118,126,52,41,43,7,29" hai3="9,96,91,4,105,30,11,0,20,46,63,123,108"/><V84/><F118/><W45/><G123/><T36/><D122/><U97/><E125/><V81/><F126/><W21/><G108/><T5/><D127/><U2/><E80/><V15/><F130/><W12/><G63/><T86/><D109/><U69/><E69/><V44/><F29/><W134/><G134/><T14/><D131/><U103/><E2/><V124/><F124/><W116/><G116/><T89/><D61/><U38/><E38/><V73/><F73/><W51/><G30/><T26/><D26/><U17/><E28/><V27/><F27/><W60/><G60/><T25/><D25/><U135/><E135/><V102/><F102/><W98/><G46/><T128/><D128/><U133/><E133/><V106/><F106/><W101/><G96/><T87/><D39/><U78/><E3/><V82/><F82/><W32/><G32/><T76/><D36/><U71/><E71/><V40/><F52/><W66/><G66/><T64/><D64/><U114/><E114/><V57/><F57/><W72/><G72/><T65/><D65/><U31/><E31/><V100/><F100/><W111/><G111/><T24/><D24/><N who="1" m="14415" /><E35/><V1/><F1/><W16/><G91/><T49/><D49/><AGARI ba="2,0" hai="7,8,15,40,41,43,44,49,81,84,88,112,113,115" machi="49" ten="40,3900,0" yaku="15,1,54,1" doraHai="75" who="2" fromWho="0" sc="190,-45,227,0,329,45,254,0" />
</Scene>
<Scene>
<INIT seed="6,3,0,4,5,130" ten="145,227,374,254" oya="2" hai0="56,40,47,22,68,101,21,37,64,108,105,103,121" hai1="2,9,82,26,44,112,30,120,66,3,78,13,61" hai2="34,76,67,128,20,85,31,91,129,81,54,27,12" hai3="52,70,63,74,4,83,24,93,122,7,29,111,36"/><V15/><F67/><W55/><G122/><T90/><D121/><U88/><E120/><V45/><F54/><W46/><G111/><T43/><D108/><U5/><E112/><V98/><F45/><W102/><G74/><T95/><D68/><U53/><E2/><V100/><F76/><W107/><G83/><T104/><D43/><U131/><E3/><V28/><F28/><W65/><G93/><T94/><D64/><U92/><E131/><N who="2" m="50251" /><F34/><W123/><G123/><T79/><D79/><U14/><E44/><V125/><F125/><W116/><G116/><T89/><D56/><U84/><E53/><V35/><F35/><W19/><G55/><T51/><D47/><U117/><E117/><V57/><F57/><W119/><G119/><T50/><REACH who="0" step="1"/><D40/><REACH who="0" ten="135,227,374,254" step="2"/><U10/><E66/><V33/><F33/><W115/><G65/><T17/><D17/><U71/><E71/><V109/><F109/><W86/><G19/><T32/><D32/><U135/><E61/><V134/><F134/><W97/><G63/><T11/><D11/><U48/><E135/><V69/><F69/><W0/><G70/><T113/><D113/><U1/><E10/><V42/><F42/><W87/><G115/><T58/><D58/><U62/><E62/><V127/><F127/><W60/><G60/><T73/><D73/><U75/><E48/><V49/><F49/><W96/><G52/><T118/><D118/><U80/><E80/><V59/><F59/><W25/><G46/><T41/><D41/><U133/><E133/><V18/><F81/><W39/><G29/><T38/><AGARI ba="3,1" hai="21,22,37,38,50,51,89,90,94,95,101,103,104,105" machi="38" ten="25,8000,1" yaku="1,1,5,1,0,1,22,2,53,0" doraHai="130" doraHaiUra="106" who="0" fromWho="0" sc="135,99,227,-23,374,-43,254,-23" />
</Scene>
<Scene>
<INIT seed="7,0,0,3,3,59" ten="234,204,331,231" oya="3" hai0="44,13,52,109,132,43,20,58,18,69,49,53,133" hai1="4,32,67,27,124,131,95,100,91,60,98,68,63" hai2="37,102,7,82,125,117,84,127,17,62,116,80,31" hai3="76,106,81,130,74,23,96,57,50,26,47,72,118"/><W2/><G2/><T5/><D109/><U121/><E121/><V97/><F37/><W40/><G118/><T126/><D69/><U3/><E124/><N who="2" m="47691" /><F7/><W88/><G130/><T8/><D126/><U104/><E131/><V34/><F17/><W61/><G106/><T114/><D114/><U22/><E3/><V33/><F62/><W15/><G15/><T56/><D56/><U83/><E4/><V123/><F123/><W25/><G74/><T129/><D129/><U29/><E22/><V89/><F82/><W39/><G39/><T120/><D120/><U78/><E63/><V6/><F6/><W87/><G96/><T45/><D20/><U38/><E38/><V86/><F86/><W115/><G23/><T110/><D5/><U46/><E46/><V66/><F66/><W111/><G111/><T12/><D45/><U112/><E112/><V14/><F14/><W0/><G0/><T1/><D13/><U79/><E83/><V10/><F10/><W19/><G19/><T65/><D110/><U119/><E119/><N who="2" m="45643" /><F31/><W42/><G115/><T101/><D1/><U77/><E77/><V75/><F75/><W48/><G76/><T93/><D65/><U113/><E113/><V28/><F28/><W55/><G72/><T128/><D128/><U134/><E134/><N who="0" m="51817" /><D58/><U90/><E90/><V41/><F41/><N who="3" m="15979" /><G47/><T36/><D36/><U51/><E51/><AGARI ba="0,0" hai="25,26,48,50,51,55,57,61,81,87,88" m="15979" machi="51" ten="30,5800,0" yaku="8,1,52,1,54,1" doraHai="59" who="3" fromWho="1" sc="234,0,204,-58,331,0,231,58" />
</Scene>
<Scene>
<INIT seed="7,1,0,2,0,131" ten="234,146,331,289" oya="3" hai0="119,78,134,3,128,60,4,17,75,112,0,116,32" hai1="64,94,50,81,124,63,95,83,103,59,33,23,35" hai2="72,51,57,107,66,110,69,114,53,129,132,80,20" hai3="73,89,115,77,48,28,133,104,92,87,96,6,61"/><W47/><G133/><T105/><D105/><U126/><E103/><V71/><F110/><W25/><G115/><T36/><D36/><U70/><E33/><V10/><F107/><W58/><G6/><T62/><D32/><U135/><E35/><V55/><F129/><W117/><G117/><T5/><D128/><U39/><E23/><V41/><F114/><W130/><G130/><T45/><D112/><U13/><E13/><V1/><F132/><W31/><G73/><T24/><D134/><U38/><E135/><V122/><F122/><W111/><G111/><T79/><D75/><U49/><E59/><V120/><F120/><W40/><G25/><T34/><D34/><U37/><E63/><V44/><F20/><W98/><G104/><T15/><D24/><U14/><E14/><V43/><F43/><W11/><G11/><T42/><D42/><U7/><E7/><N who="2" m="1391" /><F55/><N who="3" m="34015" /><G77/><T86/><D79/><U12/><E12/><V52/><F53/><W54/><G54/><T68/><D78/><U125/><E64/><V21/><F66/><W27/><G27/><T56/><D15/><U8/><E8/><V100/><F21/><W30/><AGARI ba="1,0" hai="28,30,31,40,47,48,87,89,92,96,98" m="34015" machi="30" ten="30,1500,0" yaku="8,1" doraHai="131" who="3" fromWho="3" sc="234,-6,146,-6,331,-6,289,18" />
</Scene>
<Scene>
<INIT seed="7,2,0,2,5,7" ten="228,140,325,307" oya="3" hai0="83,125,63,78,115,40,102,3,86,107,0,124,88" hai1="99,117,20,114,47,53,133,2,85,72,41,98,6" hai2="51,27,73,10,61,67,76,42,13,132,45,96,49" hai3="26,29,22,134,36,65,64,84,21,126,54,19,34"/><W8/><G36/><T58/><D40/><U113/><E72/><V50/><F132/><W110/><G110/><T30/><D30/><U37/><E117/><V118/><F118/><W68/><G134/><T60/><D102/><U128/><E133/><V127/><F127/><N who="0" m="48714" /><D107/><U89/><E128/><V4/><F73/><W90/><G126/><T112/><D78/><U111/><E111/><V75/><F75/><W43/><G43/><T121/><D121/><U70/><E70/><V57/><F76/><W80/><G68/><T129/><D129/><U28/><E53/><V59/><F59/><W9/><G54/><N who="0" m="33879" /><D63/><U82/><E28/><V62/><F62/><W48/><G48/><N who="2" m="18537" /><F27/><N who="3" m="14783" /><G34/><T71/><D71/><U97/><E20/><V130/><F130/><W135/><G135/><T16/><D16/><U25/><E25/><V18/><F18/><W108/><G108/><T11/><D11/><AGARI ba="2,0" hai="8,9,11,22,26,29,64,65,80,84,90" m="14783" machi="11" ten="30,11600,0" yaku="8,1,52,3" doraHai="7" who="3" fromWho="0" sc="228,-122,140,0,325,0,307,122" owari="106,-39.0,140,-26.0,325,13.0,429,52.0" />
</Scene>
</mjloggm>