<mjloggm ver="2.3"><GO type="169" lobby="0"/><UN n0="%46%75%72%75%79%61" n1="%E3%83%90%E3%83%88%E3%83%AB%E3%83%89%E3%83%BC%E3%83%A0%EF%BC%81" n2="%EF%BC%88%EF%BC%BE%D0%94%EF%BC%BE%EF%BC%89" n3="%E5%A4%AA%E3%81%8F%E3%81%AA%E3%81%84%E3%81%8A" dan="16,17,16,17" rate="2094.71,2100.78,2098.97,2135.50" sx="M,M,M,M"/><TAIKYOKU oya="0"/>

<Scene>
<INIT seed="0,0,0,4,2,14" ten="250,250,250,250" oya="0" hai0="126,44,47,43,59,134,72,114,29,55,119,111,48" hai1="78,87,19,112,130,0,85,4,121,92,2,80,33" hai2="86,95,77,90,81,51,38,124,91,133,110,46,41" hai3="117,108,25,57,20,67,50,84,56,58,102,107,123"/><T42/><D72/><U100/><E121/><V116/><F110/><W52/><G117/><T24/><D119/><U31/><E130/><V125/><F116/><W1/><G1/><T127/><D114/><U99/><E112/><V105/><F105/><W16/><G108/><T66/><D111/><U93/><E4/><V28/><F133/><W26/><G123/><T97/><D97/><U79/><E33/><V96/><F28/><W65/><G107/><T103/><D103/><U12/><E31/><V45/><REACH who="2" step="1"/><F91/><REACH who="2" ten="250,250,240,250" step="2"/><W101/><G102/><T22/><D134/><U64/><E100/><V13/><F13/><N who="3" m="9231" /><G101/><T82/><D127/><U60/><E0/><V9/><F9/><W15/><G15/><T30/><D126/><U104/><E12/><V129/><F129/><W75/><G75/><T68/><D30/><U83/><E2/><V70/><F70/><W71/><G71/><T113/><D113/><U40/><E104/><V37/><F37/><W32/><G32/><T76/><D68/><U21/><E79/><V63/><F63/><N who="3" m="38119" /><G84/><N who="0" m="48199" /><D66/><U128/><E64/><V88/><F88/><W49/><G49/><T8/><D8/><U53/><E128/><V106/><F106/><W61/><AGARI ba="0,1" hai="25,26,50,52,57,58,61,67" m="38119,9231" machi="61" ten="30,7900,0" yaku="8,1,52,1,54,2" doraHai="14" who="3" fromWho="3" sc="250,-39,250,-20,240,-20,250,89" />
</Scene>
<Scene>
<INIT seed="1,0,0,3,1,112" ten="211,230,220,339" oya="1" hai0="132,3,50,108,129,12,77,114,73,47,38,56,90" hai1="26,91,127,96,64,41,103,55,21,123,48,63,76" hai2="29,121,84,72,51,11,101,126,61,81,120,82,18" hai3="34,16,118,75,93,131,30,109,94,115,130,117,49"/><U104/><E123/><V65/><F126/><W7/><G75/><T6/><D114/><U106/><E127/><V71/><F101/><W62/><G115/><T53/><D108/><U36/><E106/><V128/><F128/><N who="3" m="49195" /><G7/><T32/><D129/><U0/><E0/><V27/><F51/><W52/><G109/><T92/><D132/><U14/><E76/><V69/><F69/><W99/><G62/><T122/><D122/><U88/><E14/><V98/><F98/><W57/><G16/><T95/><D32/><U46/><E21/><V5/><F18/><W44/><G44/><T35/><D35/><U20/><E20/><V25/><F25/><N who="3" m="18767" /><G93/><T58/><D92/><U1/><E26/><V119/><F72/><W79/><G79/><T8/><D73/><U13/><E13/><V54/><F29/><W42/><G42/><T2/><D77/><U59/><REACH who="1" step="1"/><E1/><REACH who="1" ten="211,220,220,339" step="2"/><V110/><F27/><W19/><G19/><T17/><D2/><U97/><E97/><V45/><F121/><W24/><G24/><T102/><D3/><U85/><E85/><V4/><F84/><W87/><G87/><N who="0" m="52703" /><D17/><U86/><E86/><V67/><F120/><W10/><G10/><T33/><D33/><U60/><E60/><V23/><F61/><W80/><G80/><T28/><D12/><U15/><E15/><V40/><F82/><W113/><G113/><T89/><D8/><U22/><E22/><V133/><F81/><W111/><G111/><T78/><D78/><U31/><E31/><V37/><F110/><W74/><G74/><T135/><D28/><U43/><E43/><RYUUKYOKU ba="0,1" sc="211,-15,220,15,220,-15,339,15" hai1="36,41,46,48,55,59,63,64,88,91,96,103,104" hai3="49,52,57,94,99,117,118" />
</Scene>
<Scene>
<INIT seed="1,1,1,2,2,65" ten="196,235,205,354" oya="1" hai0="62,69,104,56,31,23,57,97,58,90,102,107,41" hai1="47,108,95,98,126,35,34,120,18,84,110,7,40" hai2="85,70,55,66,2,93,67,9,94,101,30,19,83" hai3="37,27,111,86,81,73,79,133,51,88,119,76,42"/><U129/><E120/><V26/><F67/><W68/><G111/><N who="1" m="42538" /><E129/><V130/><F130/><W46/><G133/><T12/><D41/><U106/><E106/><V54/><F94/><W38/><G119/><T13/><D107/><U53/><E126/><V52/><F93/><W5/><G68/><T43/><D43/><U121/><E7/><V77/><F101/><W4/><G27/><T15/><D90/><U45/><E121/><V91/><F91/><W105/><G105/><T50/><D50/><N who="1" m="28895" /><E18/><V134/><F134/><W39/><REACH who="3" step="1"/><G79/><REACH who="3" ten="196,235,205,344" step="2"/><T14/><D69/><U36/><E84/><V92/><F85/><W116/><G116/><T28/><REACH who="0" step="1"/><D62/><REACH who="0" ten="186,235,205,344" step="2"/><U127/><E127/><V112/><F70/><W64/><G64/><T114/><D114/><U8/><E36/><V11/><F66/><W122/><G122/><T115/><D115/><U125/><E125/><V113/><F112/><W87/><G87/><T117/><D117/><U103/><E98/><V10/><F113/><W32/><G32/><T24/><D24/><U1/><E34/><V59/><F26/><W132/><G132/><T74/><D74/><U118/><E35/><V124/><F124/><W3/><G3/><T21/><D21/><U44/><E1/><V100/><F2/><W22/><G22/><T61/><D61/><U6/><E118/><V16/><F77/><W20/><G20/><T33/><D33/><U72/><E72/><V0/><F0/><W109/><G109/><T25/><D25/><U78/><E78/><V60/><F60/><W96/><G96/><T123/><D123/><U29/><E8/><RYUUKYOKU ba="1,3" sc="186,15,235,-15,205,-15,344,15" hai0="12,13,14,15,23,28,31,56,57,58,97,102,104" hai3="4,5,37,38,39,42,46,51,73,76,81,86,88" />
</Scene>
<Scene>
<INIT seed="2,2,3,2,2,76" ten="201,220,190,359" oya="2" hai0="17,53,108,61,8,105,75,111,48,4,12,66,117" hai1="78,10,73,57,55,30,0,82,128,49,107,67,3" hai2="132,27,123,72,7,23,14,38,2,91,5,102,133" hai3="39,1,16,20,74,13,81,56,21,22,51,54,65"/><V29/><F38/><W115/><G39/><T85/><D75/><U32/><E128/><V113/><F72/><W122/><G122/><T79/><D105/><U120/><E120/><V69/><F69/><W60/><G1/><T104/><D104/><U70/><E10/><N who="2" m="2359" /><F102/><W26/><G115/><T50/><D117/><U106/><E106/><V58/><F58/><W63/><G26/><T83/><D4/><U45/><E107/><V93/><F123/><W62/><REACH who="3" step="1"/><G65/><REACH who="3" ten="201,220,190,349" step="2"/><T131/><D131/><U127/><E67/><V15/><F113/><W9/><G9/><T135/><D135/><N who="2" m="51786" /><F7/><W80/><G80/><T40/><D66/><U94/><E82/><V41/><F41/><W109/><G109/><N who="0" m="42059" /><D40/><U92/><E3/><V25/><F25/><W31/><G31/><T47/><D50/><U52/><E30/><V101/><F101/><W86/><G86/><AGARI ba="2,4" hai="14,15,23,27,29,86,91,93" m="51786,2359" machi="86" ten="30,1500,0" yaku="20,1" doraHai="76" who="2" fromWho="3" sc="201,0,220,0,190,61,349,-21" />
</Scene>
<Scene>
<INIT seed="2,3,0,5,2,116" ten="201,220,251,328" oya="2" hai0="75,93,54,118,123,31,104,10,29,30,37,90,62" hai1="45,66,44,132,12,33,71,7,52,8,117,65,100" hai2="103,18,111,133,35,95,64,107,78,11,125,126,113" hai3="13,27,17,96,41,28,124,9,38,22,14,73,50"/><V25/><F113/><W67/><G73/><T55/><D104/><U3/><E117/><V48/><F107/><W60/><G124/><T23/><D118/><U85/><E132/><V135/><F78/><W16/><G38/><T88/><D75/><U56/><E33/><V115/><F115/><W120/><G96/><T49/><D37/><U81/><E100/><V119/><F119/><W1/><G1/><T24/><D123/><U79/><E3/><V112/><F112/><W92/><G92/><T134/><D134/><N who="2" m="51210" /><F64/><N who="1" m="24681" /><E71/><V77/><F77/><W58/><G120/><T53/><D62/><AGARI ba="3,0" hai="7,8,12,44,45,52,56,62,79,81,85" m="24681" machi="62" ten="30,2000,0" yaku="8,1,54,1" doraHai="116" who="1" fromWho="0" sc="201,-29,220,29,251,0,328,0" />
</Scene>
<Scene>
<INIT seed="3,0,0,0,3,131" ten="172,249,251,328" oya="3" hai0="91,133,33,6,55,101,115,125,21,134,68,85,58" hai1="78,31,81,3,61,57,114,22,87,49,110,26,67" hai2="2,17,29,95,122,121,70,79,105,47,35,86,127" hai3="126,27,112,28,13,71,30,72,84,24,93,123,18"/><W98/><G72/><T83/><D33/><U90/><E110/><V39/><F105/><W9/><G112/><T56/><D115/><U109/><E109/><V11/><F70/><W120/><G71/><T66/><D125/><U107/><E107/><V99/><F127/><W63/><G126/><T41/><D41/><U75/><E3/><V92/><F35/><W36/><G36/><T15/><D101/><U103/><E114/><V42/><F29/><W113/><G113/><T74/><D74/><U111/><E111/><V54/><F54/><W69/><G84/><T7/><D68/><U76/><E103/><V65/><F65/><W20/><G63/><N who="0" m="38247" /><D21/><U38/><E38/><V59/><F59/><W53/><G53/><T117/><D117/><U97/><E97/><V82/><F99/><W118/><G69/><T130/><D15/><U106/><E106/><V129/><F129/><W100/><REACH who="3" step="1"/><G118/><REACH who="3" ten="172,249,251,318" step="2"/><T19/><D130/><U12/><E75/><V16/><F86/><W44/><G44/><T52/><D55/><U0/><E87/><V45/><F39/><W5/><G5/><T48/><D19/><U96/><E61/><V1/><F16/><W43/><G43/><T119/><D119/><U77/><E96/><V64/><F42/><W62/><G62/><T108/><D108/><U89/><E67/><V10/><F64/><W4/><G4/><T14/><D6/><U124/><E124/><V80/><F17/><W73/><G73/><T104/><D7/><U46/><E49/><V102/><F1/><W37/><G37/><T132/><D14/><U25/><E12/><RYUUKYOKU ba="0,1" sc="172,15,249,-15,251,-15,318,15" hai0="48,52,58,83,85,91,104,132,133,134" hai3="9,13,18,20,24,27,28,30,93,98,100,120,123" />
</Scene>
<Scene>
<INIT seed="3,1,1,4,0,46" ten="187,234,236,333" oya="3" hai0="85,76,45,31,59,42,69,35,33,57,22,9,2" hai1="87,1,80,36,66,64,97,126,125,101,12,26,105" hai2="5,111,0,55,78,52,104,91,120,68,98,25,38" hai3="8,94,102,13,29,4,89,83,113,81,112,115,122"/><W84/><G122/><T128/><D69/><U56/><E1/><V135/><F38/><W18/><G29/><T50/><D128/><U72/><E72/><V79/><F111/><W63/><G102/><T117/><D117/><U30/><E36/><V71/><F25/><W73/><G73/><T27/><D35/><U40/><E40/><V77/><F5/><W14/><REACH who="3" step="1"/><G63/><REACH who="3" ten="187,234,236,323" step="2"/><T132/><D33/><U34/><E34/><V60/><F120/><W10/><AGARI ba="1,2" hai="4,8,10,13,14,18,81,83,84,89,94,112,113,115" machi="10" ten="40,7800,0" yaku="1,1,2,1,0,1,53,0" doraHai="46" doraHaiUra="124" who="3" fromWho="3" sc="187,-27,234,-27,236,-27,323,101" />
</Scene>
<Scene>
<INIT seed="3,2,0,4,5,53" ten="160,207,209,424" oya="3" hai0="24,63,70,22,13,124,109,83,4,72,76,89,17" hai1="119,77,79,27,45,67,114,111,38,128,68,50,101" hai2="11,133,78,97,132,0,122,57,120,54,59,23,134" hai3="37,26,84,131,113,25,95,51,115,127,108,91,43"/><W58/><G37/><T88/><D109/><U125/><E27/><V46/><F78/><W105/><G105/><T32/><D124/><U21/><E21/><V16/><F97/><W103/><G127/><T15/><D15/><U2/><E2/><V99/><F99/><N who="3" m="59903" /><G113/><T130/><D130/><U112/><E101/><V14/><F46/><N who="3" m="26079" /><G115/><T86/><D72/><U123/><E38/><V106/><F106/><W81/><G131/><T3/><D70/><U12/><E68/><V6/><REACH who="2" step="1"/><F54/><REACH who="2" ten="160,207,199,424" step="2"/><W35/><G108/><T1/><D3/><U80/><E111/><V5/><F5/><W90/><G90/><T96/><D96/><U98/><E98/><V71/><F71/><W85/><G85/><T129/><D129/><U75/><E114/><V62/><F62/><W74/><G74/><T102/><D102/><U33/><E75/><V42/><F42/><W7/><G7/><T60/><D76/><U93/><E79/><V61/><F61/><W69/><G69/><T110/><D89/><U100/><E77/><V47/><F47/><W30/><G91/><T48/><D110/><U64/><E45/><V56/><AGARI ba="2,1" hai="0,6,11,14,16,23,56,57,59,120,122,132,133,134" machi="56" ten="40,16000,3" yaku="1,1,0,1,20,1,52,3,54,1,53,1" doraHai="53" doraHaiUra="34" who="2" fromWho="2" sc="160,-42,207,-42,199,176,424,-82" />
</Scene>
<Scene>
<INIT seed="4,0,0,5,0,15" ten="118,165,375,342" oya="0" hai0="8,39,11,35,64,80,85,6,46,60,1,25,121" hai1="78,65,116,34,54,2,67,94,99,71,17,33,87" hai2="123,86,117,92,24,88,91,106,132,52,5,97,76" hai3="84,122,108,40,124,61,118,66,119,100,32,73,95"/><T114/><D121/><U90/><E116/><V98/><F123/><W68/><G122/><T21/><D114/><U83/><E2/><V103/><F117/><W111/><G73/><T53/><D35/><U120/><E120/><V127/><F127/><W31/><G124/><T57/><D11/><U63/><E67/><V23/><F132/><W81/><G40/><T58/><D39/><U47/><E54/><V93/><F5/><W89/><G119/><T133/><D133/><U96/><E47/><V59/><F76/><W43/><G43/><T22/><D46/><U37/><E37/><V109/><F109/><W72/><G118/><T0/><D0/><U41/><E41/><V45/><F45/><W29/><G72/><T125/><D125/><U36/><E36/><V126/><F126/><W16/><G32/><T70/><D53/><U104/><E104/><V74/><F74/><W9/><G111/><T55/><D55/><U50/><E50/><V27/><REACH who="2" step="1"/><F23/><REACH who="2" ten="118,165,365,342" step="2"/><W56/><G108/><T62/><D22/><U134/><E134/><V51/><AGARI ba="0,1" hai="24,27,51,52,59,86,88,91,92,93,97,98,103,106" machi="51" ten="20,12000,2" yaku="1,1,2,1,0,1,7,1,54,2,53,0" doraHai="15" doraHaiUra="130" who="2" fromWho="2" sc="118,-60,165,-30,365,130,342,-30" />
</Scene>
<Scene>
<INIT seed="5,0,0,4,5,117" ten="58,135,495,312" oya="1" hai0="49,100,23,8,13,127,121,50,38,70,48,42,14" hai1="95,81,63,47,15,5,33,58,22,56,7,41,78" hai2="11,27,35,18,102,85,113,114,37,107,9,40,98" hai3="104,3,44,115,103,123,88,6,90,106,91,74,118"/><U128/><E128/><V65/><F65/><W36/><G118/><T82/><D70/><U66/><E33/><V124/><F124/><W12/><G3/><T28/><D127/><U86/><E95/><V1/><F85/><W31/><G74/><T111/><D111/><U108/><E108/><V133/><F133/><W30/><G115/><N who="2" m="44041" /><F1/><W122/><G6/><T2/><D2/><U46/><E56/><V57/><F57/><W129/><G12/><T51/><N who="0" m="12800" /><DORA hai="109" /><T69/><D69/><U131/><E131/><V26/><F35/><W76/><G76/><T116/><D116/><U84/><E78/><V54/><F54/><W29/><G129/><T71/><D71/><U4/><E86/><V80/><F80/><W24/><G24/><N who="2" m="9257" /><F18/><W20/><G30/><T19/><D28/><U52/><E84/><V94/><F107/><W62/><G104/><T87/><D82/><U99/><E81/><V77/><F77/><W67/><G31/><T126/><D87/><U43/><E52/><V59/><F59/><W32/><G32/><T101/><D126/><U34/><E34/><V112/><N who="2" m="44049" /><V45/><AGARI ba="0,0" hai="9,11,37,40,45,94,98,102" m="9257,44049" machi="45" ten="50,12000,2" yaku="4,1,15,1,11,1,52,4" doraHai="117,109" who="2" fromWho="2" sc="58,-30,135,-60,495,120,312,-30" />
</Scene>
<Scene>
<INIT seed="6,0,0,3,2,116" ten="28,75,615,282" oya="2" hai0="19,28,129,132,45,39,113,124,67,4,97,8,43" hai1="120,54,61,56,51,105,18,2,32,26,134,99,95" hai2="119,40,20,17,96,21,118,80,122,100,84,31,9" hai3="22,133,59,38,57,74,66,91,0,98,5,68,14"/><V11/><F122/><W64/><G38/><T53/><D113/><U81/><E105/><V13/><F119/><W1/><G74/><T128/><D28/><U42/><E2/><V88/><F118/><W29/><G68/><T135/><D19/><U52/><E134/><N who="0" m="51241" /><D67/><U77/><E120/><V60/><F40/><W126/><G133/><T49/><D97/><U117/><E117/><V125/><F125/><W87/><G98/><T34/><D34/><U102/><E42/><V36/><F36/><W92/><G64/><T62/><D62/><U76/><E32/><V65/><F21/><W70/><G22/><T85/><D85/><U10/><E81/><V75/><F75/><W35/><G87/><T58/><D4/><U44/><E26/><V37/><F37/><W12/><G5/><T48/><D8/><U130/><E130/><N who="0" m="50281" /><D124/><U50/><E61/><V23/><F11/><W131/><G29/><T111/><D48/><U127/><E127/><V103/><F103/><W104/><G66/><T110/><AGARI ba="0,0" hai="39,43,45,49,53,58,110,111" m="50281,51241" machi="110" ten="40,8000,1" yaku="20,1,19,1,34,2" doraHai="116" who="0" fromWho="0" sc="28,80,75,-20,615,-40,282,-20" />
</Scene>
<Scene>
<INIT seed="7,0,0,4,3,23" ten="108,55,575,262" oya="3" hai0="105,8,13,32,57,59,118,72,116,29,111,35,126" hai1="102,112,41,1,46,121,94,27,95,99,89,115,110" hai2="69,79,58,103,120,33,106,38,12,117,54,16,132" hai3="17,71,18,55,135,122,52,75,14,10,86,28,56"/><W73/><G71/><T15/><D111/><U80/><E110/><V76/><F69/><W61/><G122/><T85/><D72/><U92/><E121/><V130/><F38/><W124/><G124/><T30/><D85/><U84/><E1/><V48/><F33/><W22/><G135/><T11/><REACH who="0" step="1"/><D105/><REACH who="0" ten="98,55,575,262" step="2"/><N who="1" m="63711" /><E27/><V133/><F103/><W2/><G75/><T26/><D26/><U49/><E49/><V93/><F54/><W67/><G86/><T68/><D68/><U5/><E41/><V21/><F16/><W88/><G73/><T83/><D83/><U66/><E5/><V6/><F21/><W0/><G28/><T114/><D114/><N who="1" m="43563" /><E66/><V100/><F58/><W45/><G67/><T97/><D97/><N who="1" m="57487" /><E46/><V4/><F79/><W119/><G45/><T131/><D131/><U20/><E20/><V127/><F12/><W24/><G0/><T109/><D109/><U81/><E81/><V51/><F100/><W43/><G2/><T7/><D7/><U129/><E129/><V60/><F60/><W101/><G43/><T34/><D34/><U9/><E9/><V74/><F93/><W63/><G63/><T25/><D25/><U113/><N who="1" m="43571" /><U37/><DORA hai="134" /><E37/><V123/><F106/><W50/><G61/><T31/><D31/><U98/><E98/><V87/><F87/><W53/><G24/><T96/><D96/><U104/><E104/><V128/><F74/><W108/><G108/><T64/><D64/><U107/><E107/><V82/><F82/><W70/><G70/><T3/><D3/><U19/><E19/><V91/><F132/><RYUUKYOKU ba="0,1" sc="98,15,55,15,575,-15,262,-15" hai0="8,11,13,15,29,30,32,35,57,59,116,118,126" hai1="80,84,94,95" owari="113,-29.0,70,-43.0,570,67.0,247,5.0" />
</Scene>
</mjloggm>