<mjloggm ver="2.3"><GO type="169" lobby="0"/><UN n0="%E5%A4%AA%E3%81%8F%E3%81%AA%E3%81%84%E3%81%8A" n1="%E9%96%BB%E9%AD%94%E3%81%82%E3%81%84" n2="%E8%88%AC%E5%8D%93%E6%B0%91%E3%81%AE%E6%9C%9D%E3%81%AF%E6%97%A9%E3%81%84" n3="%64%69%67%69%74%61%6C%38" dan="17,16,16,17" rate="2215.66,2095.44,2066.50,2110.18" sx="M,F,M,M"/><TAIKYOKU oya="0"/>

<Scene>
<INIT seed="0,0,0,4,0,25" ten="250,250,250,250" oya="0" hai0="19,114,26,107,9,116,67,31,34,28,55,22,99" hai1="11,122,131,65,87,29,92,4,49,12,129,27,121" hai2="89,102,128,71,51,75,115,17,74,98,66,48,52" hai3="111,40,41,85,42,124,6,36,7,133,118,0,47"/><T112/><D116/><U134/><E65/><V91/><F115/><W62/><G118/><T123/><D123/><U113/><E113/><V76/><F128/><N who="1" m="49225" /><E134/><V93/><F51/><W13/><G133/><T80/><D67/><U82/><E92/><V38/><F38/><W127/><G0/><T8/><D80/><U103/><E49/><V94/><F66/><W56/><G85/><T108/><D108/><U84/><E103/><V95/><F71/><W90/><G90/><T61/><D114/><U2/><E2/><V15/><F75/><W63/><G111/><T106/><D112/><U104/><E104/><V86/><F74/><W97/><G97/><T44/><D107/><U120/><E82/><V60/><F60/><N who="3" m="23083" /><G13/><T73/><D73/><U110/><E110/><V10/><F76/><W18/><G18/><T57/><D44/><U105/><E105/><V88/><F95/><W58/><G47/><AGARI ba="0,0" hai="10,15,17,47,48,52,86,88,89,91,93,94,98,102" machi="47" ten="30,7700,0" yaku="7,1,8,1,54,2" doraHai="25" who="2" fromWho="3" sc="250,0,250,0,250,77,250,-77" />
</Scene>
<Scene>
<INIT seed="1,0,0,2,5,71" ten="250,250,327,173" oya="1" hai0="77,33,0,21,115,60,3,116,28,110,34,25,72" hai1="59,62,41,131,97,119,63,124,1,118,102,31,130" hai2="13,40,17,6,14,92,121,114,76,38,80,75,18" hai3="84,112,39,16,54,15,69,104,5,81,107,55,134"/><U23/><E1/><N who="0" m="585" /><D60/><U46/><E124/><V93/><F121/><W127/><G69/><T132/><D77/><U86/><E86/><V100/><F6/><W103/><G112/><T67/><D67/><N who="1" m="39391" /><E63/><V52/><F114/><W78/><G127/><T27/><D72/><U96/><E31/><V98/><F14/><W125/><G5/><T51/><D51/><N who="1" m="27087" /><E23/><V117/><F117/><N who="1" m="44553" /><E102/><V30/><F30/><W26/><G103/><T12/><D116/><U106/><E106/><V73/><F73/><W85/><G125/><T10/><D115/><U9/><E9/><V2/><F2/><W8/><G85/><T135/><D27/><U68/><E68/><V35/><F35/><N who="0" m="13322" /><D10/><U61/><E61/><V50/><F93/><W65/><G26/><T48/><D12/><U91/><E91/><V90/><F90/><W32/><G32/><T94/><D94/><U42/><E42/><V64/><F13/><W95/><G95/><T57/><D21/><U126/><E126/><V109/><F75/><W83/><G65/><T101/><D101/><U19/><E19/><V88/><F64/><W53/><G83/><T47/><D25/><U87/><E87/><N who="2" m="48519" /><F100/><W11/><G11/><T133/><D28/><U44/><E44/><N who="2" m="23575" /><F18/><W111/><G107/><T129/><D47/><U58/><E58/><N who="2" m="33047" /><F17/><W108/><G104/><T74/><D74/><U24/><E24/><V66/><F66/><W99/><G16/><T4/><D4/><U82/><E82/><V79/><F79/><W22/><G78/><T20/><D20/><U37/><E37/><V89/><F89/><N who="3" m="51343" /><G39/><T105/><D105/><RYUUKYOKU ba="0,0" sc="250,-15,250,15,327,15,173,-15" hai1="96,97,130,131" hai2="88,92,98,109" />
</Scene>
<Scene>
<INIT seed="1,1,0,4,0,85" ten="235,265,342,158" oya="1" hai0="110,88,79,100,104,69,23,72,77,35,133,47,89" hai1="123,92,78,125,12,121,57,52,84,36,22,46,61" hai2="112,49,102,113,17,29,98,105,71,107,24,62,55" hai3="66,109,70,75,76,9,91,20,94,130,44,21,114"/><U5/><E125/><V115/><F17/><W82/><G114/><T135/><D35/><U40/><E78/><N who="0" m="29705" /><D69/><U96/><E84/><V6/><F6/><W31/><G109/><T28/><D72/><U27/><E12/><V83/><F83/><W81/><G81/><T97/><D47/><U2/><E5/><V26/><F105/><W54/><G130/><T11/><D11/><U4/><E4/><V19/><F19/><W32/><G9/><T131/><D110/><U95/><E2/><V65/><F29/><W120/><G120/><T1/><D1/><U56/><E56/><AGARI ba="1,0" hai="24,26,49,55,56,62,65,71,98,102,107,112,113,115" machi="56" ten="40,1300,0" yaku="11,1" doraHai="85" who="2" fromWho="1" sc="235,0,265,-16,342,16,158,0" />
</Scene>
<Scene>
<INIT seed="2,0,0,4,0,66" ten="235,249,358,158" oya="2" hai0="123,87,70,104,86,36,109,5,29,21,108,133,20" hai1="17,106,16,53,124,68,57,15,110,98,47,134,41" hai2="79,27,118,24,38,93,11,30,69,46,85,42,39" hai3="92,31,61,121,76,135,58,67,3,95,62,12,91"/><V6/><F118/><W96/><G3/><T122/><D36/><U18/><E110/><N who="0" m="42601" /><D104/><U14/><E124/><V7/><F27/><W8/><G121/><N who="0" m="46091" /><D133/><U55/><E134/><V126/><F126/><W48/><G135/><T51/><D5/><U115/><E115/><V114/><F114/><W100/><G31/><T50/><D29/><U83/><E83/><V107/><F107/><W119/><G76/><T2/><D2/><U128/><E128/><V34/><F38/><W99/><G119/><T81/><D70/><U4/><E68/><V54/><F69/><W113/><G113/><T130/><D130/><U131/><E131/><V63/><F7/><W26/><G26/><T105/><D105/><U77/><E4/><V59/><F6/><N who="3" m="3095" /><G67/><T72/><D72/><U111/><E111/><V44/><F24/><W40/><G58/><T102/><D102/><U49/><E77/><V73/><F79/><W32/><G32/><T19/><D81/><U74/><E74/><V89/><F73/><W1/><G1/><T120/><N who="0" m="46099" /><T43/><DORA hai="78" /><D43/><U80/><E80/><V9/><F30/><W22/><G22/><N who="0" m="8811" /><D19/><U45/><E41/><V90/><F42/><W117/><G117/><T64/><D64/><U65/><E65/><V116/><F39/><W0/><G0/><T112/><D112/><U37/><E37/><V125/><F116/><W103/><G100/><T97/><D97/><U75/><E75/><V101/><F101/><W129/><G129/><T52/><D50/><N who="1" m="30903" /><E98/><V60/><F59/><AGARI ba="0,0" hai="51,52,59,86,87" m="8811,46099,42601" machi="59" ten="50,3200,0" yaku="14,1,54,1" doraHai="66,78" who="0" fromWho="2" sc="235,32,249,0,358,-32,158,0" />
</Scene>
<Scene>
<INIT seed="3,0,0,3,4,11" ten="267,249,326,158" oya="3" hai0="27,133,26,69,105,76,67,9,29,19,56,17,0" hai1="95,134,82,81,121,129,74,50,49,119,115,51,132" hai2="30,104,39,124,99,70,35,71,34,90,84,112,25" hai3="53,131,43,77,98,41,1,28,66,75,38,20,46"/><W130/><G1/><T78/><D69/><U106/><E106/><V79/><F112/><W4/><G4/><T101/><D133/><N who="1" m="51307" /><E115/><V73/><F124/><W65/><G43/><T12/><D0/><U6/><E121/><V47/><F35/><W116/><G116/><T128/><D128/><N who="3" m="49193" /><G53/><T63/><D105/><U111/><E129/><V14/><F79/><W96/><G77/><T113/><D113/><U55/><E119/><V91/><F73/><W92/><G75/><T103/><D78/><N who="1" m="44247" /><E111/><V7/><F47/><W127/><G127/><T10/><D76/><U102/><E6/><V83/><F39/><W21/><G92/><T59/><D59/><N who="1" m="33263" /><E82/><V57/><F57/><W24/><G21/><T8/><D8/><U32/><E32/><V88/><F104/><W60/><G66/><T122/><D122/><U61/><E61/><V68/><REACH who="2" step="1"/><F99/><AGARI ba="0,0" hai="50,51,95,99,102" m="33263,44247,51307" machi="99" ten="30,1000,0" yaku="20,1" doraHai="11" who="1" fromWho="2" sc="267,0,249,10,326,-10,158,0" />
</Scene>
<Scene>
<INIT seed="4,0,0,5,5,60" ten="267,259,316,158" oya="0" hai0="126,83,95,81,18,70,129,76,6,35,102,69,26" hai1="67,111,37,82,62,58,3,114,78,49,55,118,116" hai2="88,61,92,13,86,68,109,15,33,75,28,64,130" hai3="133,47,34,121,5,39,25,65,30,117,122,23,2"/><T112/><D6/><U91/><E3/><V45/><F109/><W131/><G39/><T21/><D112/><U108/><E114/><V4/><F75/><W87/><G87/><T89/><D102/><U12/><E37/><V71/><F130/><W11/><G47/><T27/><D129/><U20/><E91/><V73/><F73/><W113/><G131/><T53/><D126/><U41/><E41/><V29/><F71/><W54/><G54/><T36/><D36/><U66/><E12/><V46/><F13/><W97/><G97/><T127/><D127/><U72/><E20/><V110/><F110/><W63/><G113/><T19/><D53/><U17/><E17/><V74/><F74/><W80/><G80/><T32/><D21/><U93/><E93/><V10/><F33/><W48/><G48/><T44/><D95/><U100/><E100/><V0/><F0/><W104/><G104/><T14/><D14/><U132/><E111/><V115/><F115/><W96/><G96/><T43/><D89/><U120/><E108/><V135/><REACH who="2" step="1"/><F135/><REACH who="2" ten="267,259,306,158" step="2"/><W101/><G133/><T38/><D70/><U22/><E132/><V79/><F79/><W8/><G34/><N who="0" m="12843" /><D69/><U105/><E72/><V42/><F42/><W125/><G125/><T85/><D26/><U51/><E78/><V7/><F7/><W52/><G5/><T24/><D27/><U119/><E119/><V134/><F134/><W103/><G25/><T124/><D124/><U9/><E118/><V107/><F107/><W98/><G117/><T77/><D24/><U123/><E116/><V59/><F59/><RYUUKYOKU ba="0,1" sc="267,15,259,-15,306,15,158,-15" hai0="18,19,38,43,44,76,77,81,83,85" hai2="4,10,15,28,29,45,46,61,64,68,86,88,92" />
</Scene>
<Scene>
<INIT seed="4,1,1,2,0,19" ten="282,244,321,143" oya="0" hai0="82,63,34,48,27,13,52,59,104,45,14,47,0" hai1="98,119,85,46,116,68,56,115,83,94,84,95,35" hai2="126,66,58,5,117,11,125,128,7,90,4,105,31" hai3="30,40,127,8,86,92,2,87,81,57,9,36,133"/><T72/><D0/><U61/><E35/><V78/><F105/><W118/><G118/><T129/><D104/><U65/><E115/><V39/><F39/><W20/><G127/><N who="2" m="48649" /><F78/><W17/><G133/><T135/><D135/><U23/><E46/><V69/><F117/><W67/><G30/><T49/><D129/><U123/><E123/><V42/><F128/><W26/><G2/><T64/><D72/><U74/><E74/><V101/><F42/><W15/><G40/><T62/><D82/><U16/><E68/><V41/><F41/><W73/><G36/><T54/><REACH who="0" step="1"/><D63/><REACH who="0" ten="272,244,321,143" step="2"/><U43/><E119/><V102/><F102/><W122/><G73/><T134/><D134/><U97/><E116/><V91/><F101/><W28/><G81/><T70/><D70/><U38/><E83/><V80/><F69/><W131/><G131/><T106/><D106/><U109/><E61/><N who="2" m="38199" /><F80/><W33/><G122/><T79/><D79/><U89/><E95/><V18/><F90/><W60/><G92/><T6/><D6/><U130/><E94/><V96/><F4/><W120/><G120/><T44/><D44/><U1/><E89/><V22/><F5/><W75/><G75/><T114/><D114/><U24/><E130/><V71/><F71/><W29/><G87/><T121/><D121/><U37/><E85/><V51/><F7/><W113/><G113/><T53/><D53/><U32/><E84/><V88/><F91/><W21/><G86/><T12/><D12/><U124/><E1/><V107/><F107/><W50/><G50/><T55/><D55/><U3/><E124/><RYUUKYOKU ba="1,2" sc="272,15,244,-15,321,-15,143,15" hai0="13,14,27,34,45,47,48,49,52,54,59,62,64" hai3="8,9,15,17,20,21,26,28,29,33,57,60,67" />
</Scene>
<Scene>
<INIT seed="4,2,2,0,0,53" ten="287,229,306,158" oya="0" hai0="99,13,33,66,72,108,117,102,69,49,62,83,126" hai1="5,17,36,37,1,10,115,12,6,116,92,18,75" hai2="70,133,65,79,23,129,52,57,74,86,9,48,110" hai3="27,90,124,43,77,15,131,39,0,121,78,16,106"/><T4/><D117/><U112/><E75/><V67/><F110/><W35/><G106/><T38/><D38/><U103/><E116/><V130/><F74/><W127/><G43/><T26/><D108/><U25/><E6/><V54/><F70/><W120/><G39/><T88/><D126/><N who="3" m="48169" /><G0/><T104/><D49/><U82/><E82/><V44/><F44/><W60/><BYE who="2" /><G90/><UN n2="%E8%88%AC%E5%8D%93%E6%B0%91%E3%81%AE%E6%9C%9D%E3%81%AF%E6%97%A9%E3%81%84" /><T71/><D71/><U80/><E80/><N who="2" m="47391" /><F54/><W97/><G97/><T30/><D72/><U32/><E103/><V119/><F119/><W7/><G60/><T21/><D4/><U128/><E92/><V42/><F42/><W105/><G105/><T58/><D58/><U135/><E135/><V61/><F133/><W96/><G96/><T45/><D45/><U107/><E107/><V73/><F73/><W50/><G50/><T122/><D122/><U19/><E128/><N who="2" m="49259" /><F48/><W20/><G131/><T81/><REACH who="0" step="1"/><D88/><REACH who="0" ten="277,229,306,158" step="2"/><U28/><E1/><V63/><F61/><W76/><G7/><T98/><D98/><U55/><E37/><V123/><F123/><W95/><G95/><T59/><D59/><U68/><E36/><V114/><F63/><W46/><G46/><T22/><D22/><U100/><E68/><V24/><F57/><W40/><G40/><T84/><D84/><U94/><E5/><V29/><F23/><N who="3" m="11679" /><G35/><T14/><D14/><U111/><E111/><V47/><F47/><W2/><G2/><T134/><D134/><U8/><E32/><V91/><F91/><W3/><G3/><T101/><D101/><U93/><E100/><V118/><F118/><W31/><AGARI ba="2,3" hai="20,27,31,76,77,78,120,121" m="11679,48169" machi="31" ten="40,5200,0" yaku="5,1,18,1,54,1" doraHai="53" who="3" fromWho="3" sc="277,-28,229,-15,306,-15,158,88" />
</Scene>
<Scene>
<INIT seed="5,0,0,1,3,120" ten="249,214,291,246" oya="1" hai0="2,17,80,84,47,16,59,36,71,89,39,130,28" hai1="1,77,105,69,34,113,35,32,91,100,5,66,114" hai2="107,62,110,104,126,63,134,12,33,51,42,13,115" hai3="112,37,38,76,60,72,26,11,10,101,103,6,25"/><U116/><E116/><V97/><F110/><W82/><G112/><N who="1" m="43114" /><E77/><V131/><F115/><W53/><G53/><T106/><D71/><U48/><E48/><V15/><F33/><W96/><G60/><T44/><D106/><U43/><E43/><V92/><F134/><W27/><G103/><T68/><D68/><U135/><E135/><V8/><F131/><W95/><REACH who="3" step="1"/><G11/><REACH who="3" ten="249,214,291,236" step="2"/><T109/><D130/><U4/><E100/><V122/><F63/><W74/><G74/><T85/><D109/><U129/><E129/><V3/><F62/><W41/><G41/><T125/><D44/><U79/><E66/><V88/><F122/><W24/><N who="3" m="6144" /><DORA hai="29" /><W23/><G23/><T75/><D47/><U30/><E34/><V0/><F8/><W65/><G65/><T22/><D22/><U73/><E73/><V133/><F133/><W111/><G111/><T49/><D75/><U87/><E32/><V70/><F70/><W18/><G18/><T21/><D17/><U9/><E69/><V7/><F7/><W90/><G90/><T118/><D89/><U64/><E5/><V45/><REACH who="2" step="1"/><F126/><REACH who="2" ten="249,214,281,236" step="2"/><W98/><G98/><T102/><D125/><U67/><E35/><V14/><N who="2" m="3584" /><DORA hai="108" /><V121/><F121/><W93/><G93/><T19/><D19/><U46/><E4/><V132/><F132/><W40/><G40/><T55/><D16/><U83/><E9/><V52/><F52/><W20/><G20/><T61/><D21/><U94/><E67/><V50/><F50/><W119/><G119/><T54/><D118/><U127/><E64/><V86/><F86/><RYUUKYOKU ba="0,2" sc="249,-15,214,-15,281,15,236,15" hai2="0,3,42,45,51,88,92,97,104,107" hai3="6,10,37,38,72,76,82,95,96,101" />
</Scene>
<Scene>
<INIT seed="6,1,2,1,4,79" ten="234,199,296,251" oya="2" hai0="63,87,17,124,74,105,70,23,62,83,117,51,12" hai1="77,44,134,1,102,47,86,126,27,71,118,115,91" hai2="7,65,127,123,5,9,107,131,42,76,20,113,61" hai3="109,59,89,25,122,46,78,4,26,68,96,103,54"/><V92/><F123/><W15/><G68/><T130/><D74/><U135/><E1/><V55/><F107/><W52/><G109/><T104/><D124/><U36/><E71/><V73/><F55/><W106/><G78/><T75/><D75/><U80/><E118/><V64/><F7/><W33/><G33/><T100/><D117/><U72/><E126/><V32/><F32/><W28/><G28/><T22/><D130/><U120/><E120/><V39/><F127/><W18/><G4/><T121/><D121/><U132/><E115/><V94/><F20/><W35/><G35/><T43/><D23/><U30/><E102/><V50/><F113/><W60/><G122/><T2/><D2/><U82/><E36/><V90/><F131/><W38/><G89/><T112/><D112/><U128/><E128/><V88/><F39/><W110/><G110/><T41/><D70/><U114/><E114/><V111/><F111/><W53/><G38/><T13/><D13/><U119/><E119/><V125/><F125/><W10/><REACH who="3" step="1"/><G46/><REACH who="3" ten="234,199,296,241" step="2"/><T133/><D17/><U34/><AGARI ba="1,3" hai="27,30,34,44,47,72,77,80,82,86,91,132,134,135" machi="34" ten="30,7900,0" yaku="0,1,20,1,52,2" doraHai="79" who="1" fromWho="1" sc="234,-21,199,112,296,-40,241,-21" />
</Scene>
<Scene>
<INIT seed="7,0,0,3,5,44" ten="213,311,256,220" oya="3" hai0="48,107,95,116,19,50,89,5,17,70,21,27,72" hai1="36,55,68,47,29,45,104,115,123,98,112,53,34" hai2="41,66,35,15,96,67,0,130,64,120,132,28,63" hai3="133,126,109,9,90,113,56,119,54,33,16,77,128"/><W74/><G119/><T125/><D116/><U3/><E3/><V62/><F0/><W37/><G37/><T129/><D107/><U57/><E68/><V38/><F132/><W85/><G33/><T71/><D72/><U82/><E123/><V121/><F35/><W65/><G133/><T75/><D75/><U13/><E82/><V26/><F26/><W94/><G109/><T52/><D125/><U118/><E118/><V117/><F28/><W2/><G126/><T87/><D129/><U60/><E36/><V4/><F15/><N who="3" m="7279" /><G2/><T10/><D19/><U135/><E135/><V84/><F4/><W51/><G128/><T42/><D42/><U93/><E104/><V88/><F96/><N who="3" m="57431" /><G74/><T24/><D24/><U99/><E34/><V30/><F30/><W59/><G113/><T102/><D102/><U14/><E29/><V83/><F117/><W7/><G7/><T103/><D103/><U61/><E93/><V69/><F130/><W100/><G100/><T76/><D76/><U110/><E110/><V8/><F69/><W32/><G32/><T49/><REACH who="0" step="1"/><D52/><REACH who="0" ten="203,311,256,220" step="2"/><U86/><E115/><V106/><F106/><W91/><G77/><T131/><D131/><U134/><E112/><V20/><F41/><W122/><G122/><T105/><D105/><U124/><E124/><V73/><F73/><W39/><G39/><T6/><D6/><U78/><E134/><V101/><F38/><W81/><G65/><N who="2" m="25193" /><F101/><W23/><G59/><T79/><D79/><U12/><E78/><V22/><F67/><W25/><G25/><T1/><AGARI ba="0,1" hai="1,5,10,17,21,27,48,49,50,70,71,87,89,95" machi="1" ten="30,8000,1" yaku="1,1,0,1,52,3,53,0" doraHai="44" doraHaiUra="40" who="0" fromWho="0" sc="203,90,311,-20,256,-20,220,-40" />
</Scene>
<Scene>
<INIT seed="8,0,0,2,4,12" ten="293,291,236,180" oya="0" hai0="131,78,51,87,11,6,98,62,89,104,45,42,80" hai1="127,28,133,83,4,110,2,25,101,90,60,71,50" hai2="93,17,118,125,76,30,92,24,95,108,121,120,54" hai3="70,106,77,88,13,55,109,81,10,20,112,135,14"/><T107/><D131/><U113/><E110/><V126/><F108/><W59/><G109/><T85/><D62/><U75/><E133/><V15/><F76/><W97/><G70/><T124/><D98/><U23/><E127/><N who="2" m="48651" /><F118/><W33/><G33/><T67/><D67/><U63/><E113/><V123/><F54/><W58/><G135/><T132/><D132/><U18/><E71/><V27/><F30/><W5/><G112/><T36/><D36/><U69/><E69/><V1/><F1/><W91/><G106/><T32/><D32/><U65/><E65/><V114/><F114/><W128/><G128/><T16/><D16/><U46/><E101/><V43/><F43/><W35/><G35/><T34/><D34/><U29/><E2/><V130/><F130/><W37/><G37/><T96/><D96/><U86/><E4/><V49/><F49/><W99/><G99/><T19/><D19/><U119/><E75/><V72/><F72/><W47/><G97/><T3/><D124/><U117/><E117/><V116/><F116/><W122/><G122/><T84/><D84/><U68/><E119/><V48/><F48/><N who="3" m="29087" /><G20/><AGARI ba="0,0" hai="15,17,20,24,27,92,93,95,120,121,123" m="48651" machi="20" ten="40,2600,0" yaku="18,1,52,1" doraHai="12" who="2" fromWho="3" sc="293,0,291,0,236,26,180,-26" />
</Scene>
<Scene>
<INIT seed="9,0,0,1,2,17" ten="293,291,262,154" oya="1" hai0="6,102,134,121,57,70,109,12,59,26,106,16,119" hai1="7,58,114,40,68,125,94,127,129,92,97,45,14" hai2="38,77,75,111,62,66,87,2,35,120,116,21,15" hai3="118,65,117,126,123,29,19,1,28,131,60,46,91"/><U81/><E68/><V122/><F111/><W103/><G123/><T23/><D70/><U73/><E114/><V89/><F38/><W88/><G103/><T128/><D109/><U105/><E129/><V80/><F2/><W71/><G1/><T8/><D128/><U56/><E105/><V61/><F35/><W34/><G131/><T84/><D121/><U3/><E3/><V135/><F116/><N who="3" m="44651" /><G126/><N who="1" m="48138" /><E73/><V98/><F135/><W101/><G101/><T44/><D119/><U107/><E81/><V69/><F62/><W18/><G46/><T78/><D134/><U93/><E107/><V130/><F98/><W0/><G0/><T50/><D102/><U49/><E97/><V110/><F110/><W85/><G91/><T30/><D106/><U11/><AGARI ba="0,0" hai="7,11,14,40,45,49,56,58,92,93,94" m="48138" machi="11" ten="40,2100,0" yaku="18,1" doraHai="17" who="1" fromWho="1" sc="293,-7,291,21,262,-7,154,-7" owari="286,9.0,312,40.0,255,-14.0,147,-35.0" />
</Scene>
</mjloggm>