<mjloggm ver="2.3"><GO type="169" lobby="0"/><UN n0="%E3%81%B3%E3%82%8A%E3%81%B3%E3%82%8A%E2%98%86%E3%83%93%E3%83%AA%E3%83%BC" n1="%E3%83%AC%E3%82%AA%E3%83%B3%E3%83%AA%E3%83%BC%E3%80%82" n2="%66%65%65%73" n3="%E5%A4%AA%E3%81%8F%E3%81%AA%E3%81%84%E3%81%8A" dan="17,16,16,17" rate="2155.16,2045.58,2130.08,2157.37" sx="M,M,M,M"/><TAIKYOKU oya="0"/>

<Scene>
<INIT seed="0,0,0,0,3,46" ten="250,250,250,250" oya="0" hai0="45,96,69,40,8,24,23,17,74,31,57,78,82" hai1="16,9,84,54,113,10,100,125,127,60,89,39,38" hai2="118,68,12,112,59,52,33,104,126,35,105,32,97" hai3="102,79,88,44,122,67,50,121,94,43,27,20,80"/><T14/><D69/><U133/><E100/><V76/><F112/><W134/><G102/><T65/><D96/><U90/><E113/><V108/><F68/><W111/><G67/><T1/><D1/><U29/><E29/><V49/><F126/><N who="1" m="48137" /><E133/><V15/><F108/><W18/><G111/><T95/><D95/><U13/><E9/><V106/><F118/><W47/><G134/><T21/><D65/><U66/><E54/><V103/><REACH who="2" step="1"/><F76/><REACH who="2" ten="250,250,240,250" step="2"/><W132/><G132/><T87/><D78/><U135/><E135/><V62/><F62/><W99/><REACH who="3" step="1"/><G47/><REACH who="3" ten="250,250,240,240" step="2"/><T26/><D45/><U130/><E130/><V77/><F77/><W61/><G61/><T128/><D128/><U25/><E90/><V83/><F83/><W92/><G92/><AGARI ba="0,2" hai="12,15,32,33,35,49,52,59,92,97,103,104,105,106" machi="92" ten="50,8000,1" yaku="1,1,52,1,54,1,53,1" doraHai="46" doraHaiUra="91" who="2" fromWho="3" sc="250,0,250,0,240,100,240,-80" />
</Scene>
<Scene>
<INIT seed="1,0,0,5,1,69" ten="250,250,340,160" oya="1" hai0="81,4,104,33,113,52,116,124,74,92,72,84,42" hai1="112,117,61,16,105,102,44,28,101,59,31,80,75" hai2="35,17,40,63,106,111,85,126,32,51,15,57,64" hai3="22,13,1,60,8,123,97,89,128,93,45,37,39"/><U133/><E112/><V71/><F106/><W82/><G123/><T135/><D113/><U87/><E117/><V53/><F111/><W20/><G1/><T30/><D4/><U70/><E70/><V98/><F126/><W134/><G128/><T7/><D7/><U114/><E75/><V68/><F68/><W77/><G134/><T109/><D104/><U86/><E114/><V67/><F67/><W78/><G60/><T66/><D66/><U121/><E44/><V55/><F98/><W99/><G99/><T131/><D74/><U73/><E73/><V9/><F40/><W26/><G45/><T38/><D72/><U90/><E105/><V54/><F54/><W96/><G96/><T47/><D124/><U29/><E133/><V127/><F127/><W110/><G110/><T2/><D109/><U50/><E50/><V58/><REACH who="2" step="1"/><F85/><REACH who="2" ten="250,250,330,160" step="2"/><W46/><G97/><T79/><D84/><N who="1" m="32299" /><E121/><V48/><AGARI ba="0,1" hai="9,15,17,32,35,48,51,53,55,57,58,63,64,71" machi="48" ten="20,5200,0" yaku="1,1,0,1,7,1,9,1,53,0" doraHai="69" doraHaiUra="27" who="2" fromWho="2" sc="250,-13,250,-26,330,62,160,-13" />
</Scene>
<Scene>
<INIT seed="2,0,0,3,1,0" ten="237,224,392,147" oya="2" hai0="85,54,112,86,109,64,116,104,21,128,44,75,90" hai1="35,51,71,115,47,4,17,73,74,78,126,22,131" hai2="69,63,37,105,45,61,36,58,100,33,2,72,89" hai3="28,34,108,135,120,94,99,76,25,80,88,91,15"/><V49/><F33/><W12/><G120/><T93/><D75/><U39/><E71/><V3/><F72/><W24/><G108/><T83/><D104/><U95/><E35/><V11/><F69/><W130/><G130/><T38/><D112/><U8/><E39/><V10/><F89/><W68/><G135/><T31/><D64/><U87/><E115/><V60/><F58/><W30/><G68/><T18/><D31/><U127/><E131/><V13/><F105/><W55/><G91/><T114/><D109/><U122/><E122/><V66/><F100/><W77/><G55/><T27/><D128/><U102/><E102/><V110/><F110/><W6/><G6/><T132/><D132/><U52/><E95/><V81/><F81/><W125/><G125/><N who="1" m="47626" /><E87/><V56/><F56/><W41/><G41/><T48/><D38/><U19/><E78/><V121/><F121/><W84/><REACH who="3" step="1"/><G77/><REACH who="3" ten="237,224,392,137" step="2"/><T133/><D133/><U26/><E19/><V14/><F66/><W79/><G79/><T1/><D114/><U16/><E17/><V129/><F129/><W118/><G118/><T57/><D116/><U113/><E113/><V5/><F2/><AGARI ba="0,1" hai="2,4,8,16,22,26,47,51,52,73,74" m="47626" machi="2" ten="30,7700,0" yaku="18,1,52,1,54,2" doraHai="0" who="1" fromWho="2" sc="237,0,224,87,392,-77,137,0" />
</Scene>
<Scene>
<INIT seed="3,0,0,1,0,105" ten="237,311,315,137" oya="3" hai0="62,31,107,128,127,24,64,71,12,121,36,40,7" hai1="99,18,16,54,19,25,38,61,57,67,111,37,70" hai2="120,98,72,30,45,115,84,28,10,79,103,47,66" hai3="58,33,5,131,85,32,73,106,65,132,83,11,51"/><W34/><G106/><T74/><D121/><U49/><E111/><V130/><F120/><W80/><G132/><T91/><D107/><U46/><E99/><V87/><F115/><W48/><G131/><T20/><D127/><U63/><REACH who="1" step="1"/><E25/><REACH who="1" ten="237,301,315,137" step="2"/><V42/><F98/><W60/><G73/><T6/><D74/><U108/><E108/><V75/><F72/><W76/><REACH who="3" step="1"/><G83/><REACH who="3" ten="237,301,315,127" step="2"/><T102/><D128/><U113/><E113/><V97/><F75/><W23/><G23/><T1/><D20/><U77/><E77/><V117/><F79/><W78/><G78/><T14/><D102/><U119/><E119/><V39/><F103/><W125/><G125/><T27/><D91/><U15/><E15/><AGARI ba="0,2" hai="5,11,15,32,33,34,48,51,58,60,65,76,80,85" machi="15" ten="40,2000,0" yaku="1,1,53,0" doraHai="105" doraHaiUra="104" who="3" fromWho="1" sc="237,0,301,-20,315,0,127,40" />
</Scene>
<Scene>
<INIT seed="3,1,0,5,0,47" ten="237,281,315,167" oya="3" hai0="62,132,107,102,17,2,78,87,3,31,18,33,25" hai1="34,11,118,37,57,125,52,112,53,5,24,48,85" hai2="105,89,111,72,30,75,122,88,61,96,1,93,99" hai3="16,68,90,36,70,4,59,109,13,120,65,79,92"/><W10/><G120/><T63/><D132/><U73/><E37/><V91/><F1/><W82/><G36/><T127/><D127/><U42/><E73/><V20/><F61/><W44/><G109/><T128/><D128/><U21/><E42/><V8/><F8/><W114/><G114/><T100/><D87/><U55/><E34/><V95/><F105/><W58/><G44/><T19/><D78/><U56/><E125/><V83/><F111/><W27/><G68/><T40/><D40/><U77/><E112/><V113/><F113/><W50/><G70/><T69/><D63/><U45/><E118/><V32/><F32/><W115/><G115/><T116/><D102/><U121/><E121/><V103/><F122/><W60/><G27/><T126/><D116/><U131/><E131/><V66/><F66/><W6/><G59/><N who="1" m="22602" /><E11/><V129/><F129/><W49/><G4/><T130/><D130/><U133/><E5/><V97/><F103/><W71/><G6/><T54/><D54/><U46/><E46/><V0/><F0/><W134/><G71/><T108/><D108/><U29/><E133/><V51/><F75/><W76/><G134/><T43/><D43/><U104/><E104/><V106/><F106/><W41/><G41/><T94/><D126/><U81/><AGARI ba="1,0" hai="21,24,29,45,48,52,53,55,77,81,85" m="22602" machi="81" ten="30,4000,0" yaku="8,1,52,1,54,1" doraHai="47" who="1" fromWho="1" sc="237,-11,281,43,315,-11,167,-21" />
</Scene>
<Scene>
<INIT seed="4,0,0,4,0,47" ten="226,324,304,146" oya="0" hai0="9,123,10,81,16,76,51,90,130,67,96,33,132" hai1="35,118,122,117,7,68,83,120,59,124,79,74,18" hai2="28,0,58,20,113,115,41,93,42,17,64,127,29" hai3="125,104,91,86,72,73,57,133,25,100,37,65,32"/><T128/><D123/><U56/><E68/><V5/><F127/><W21/><G32/><T4/><D33/><U95/><E35/><V8/><F93/><W52/><G37/><T48/><D132/><U106/><E7/><V131/><F64/><W80/><G65/><T19/><D67/><U60/><E56/><V49/><F58/><W114/><G125/><T30/><D30/><N who="2" m="11882" /><F131/><N who="0" m="50218" /><D90/><U99/><E59/><V63/><F63/><W2/><G2/><N who="0" m="151" /><D96/><U24/><E99/><V34/><F49/><N who="0" m="19018" /><D10/><U108/><E124/><V15/><F34/><W50/><G133/><T110/><D110/><U6/><E108/><V27/><F0/><W84/><G100/><T98/><D98/><U45/><E120/><V78/><F78/><W1/><G1/><T3/><D3/><U77/><E79/><V82/><F8/><W119/><G91/><T14/><D14/><U62/><E77/><V39/><F15/><W129/><G129/><T103/><D103/><U94/><E122/><V36/><F113/><W26/><G114/><T97/><D97/><U101/><E101/><V87/><F115/><W40/><G57/><T66/><D66/><U11/><E11/><V55/><F5/><W23/><G26/><T121/><D121/><U61/><E6/><V75/><F27/><W13/><G25/><T69/><D69/><U31/><E24/><V107/><F17/><W71/><G71/><T54/><D54/><U102/><E18/><V12/><F55/><W43/><G52/><T111/><D111/><U46/><E62/><V88/><F88/><W116/><G13/><T126/><D126/><RYUUKYOKU ba="0,0" sc="226,30,324,-10,304,-10,146,-10" hai0="16,19,76,81" />
</Scene>
<Scene>
<INIT seed="4,1,0,1,1,89" ten="256,314,294,136" oya="0" hai0="120,76,77,7,46,23,83,34,84,86,15,109,96" hai1="39,66,56,60,3,73,42,44,90,38,54,58,88" hai2="62,116,97,99,51,25,94,32,11,131,107,108,117" hai3="43,45,49,68,2,101,12,93,104,130,16,127,75"/><T4/><D120/><U27/><E3/><V105/><F108/><W40/><G40/><T6/><BYE who="3" /><D34/><UN n3="%E5%A4%AA%E3%81%8F%E3%81%AA%E3%81%84%E3%81%8A" /><U48/><E88/><N who="2" m="55495" /><F131/><W20/><G130/><T26/><D109/><U41/><E90/><V135/><F135/><W126/><G104/><T128/><D128/><U72/><E27/><V30/><F62/><W91/><G101/><T52/><D96/><U9/><E9/><V71/><F71/><W53/><G75/><T103/><D103/><U65/><E73/><V132/><F132/><W81/><G81/><N who="0" m="47143" /><D15/><U102/><E102/><V8/><F51/><W17/><G68/><T19/><D46/><N who="1" m="23871" /><E72/><V61/><F61/><W87/><G2/><T110/><D110/><U112/><E112/><V111/><F111/><W124/><G17/><T21/><D23/><U79/><E79/><V57/><F57/><N who="3" m="32943" /><G43/><T59/><D7/><U37/><E37/><V18/><F99/><W95/><G45/><T80/><D80/><U129/><E129/><V36/><F36/><W121/><G95/><T47/><D47/><U55/><AGARI ba="1,0" hai="38,42,44,48,54,55,56,58,60,65,66" m="23871" machi="55" ten="30,8000,1" yaku="35,5" doraHai="89" who="1" fromWho="1" sc="256,-41,314,83,294,-21,136,-21" />
</Scene>
<Scene>
<INIT seed="5,0,0,1,3,126" ten="215,397,273,115" oya="1" hai0="133,94,79,63,120,97,116,98,16,40,64,80,81" hai1="71,36,51,119,75,25,83,121,82,72,41,14,77" hai2="93,68,55,34,130,69,105,43,66,129,57,102,78" hai3="27,39,74,24,58,106,11,127,131,45,86,7,128"/><U49/><E119/><V85/><F34/><W107/><G74/><T1/><D1/><U100/><E71/><V48/><F43/><N who="3" m="22783" /><G58/><T50/><D116/><U73/><E100/><V10/><F66/><W29/><G86/><T17/><D98/><U13/><E25/><V53/><F105/><N who="3" m="39947" /><G127/><T6/><D81/><U20/><E121/><V19/><F102/><W67/><G67/><T28/><D120/><U8/><E20/><V0/><F55/><W89/><G89/><T2/><D64/><U122/><E122/><V108/><F108/><W23/><G23/><T70/><D70/><U91/><E91/><N who="2" m="53487" /><F78/><W115/><G115/><T47/><D79/><U124/><E124/><V38/><F38/><W61/><G61/><T54/><D63/><U84/><E36/><V132/><F132/><W22/><G22/><T114/><D133/><U125/><E125/><V110/><F110/><W109/><G109/><T117/><D114/><U32/><E75/><V56/><F56/><W46/><G46/><T90/><D117/><U3/><E41/><V30/><F30/><W101/><G101/><T134/><D28/><U76/><E76/><V87/><F87/><W35/><G27/><T33/><D134/><U12/><E77/><V88/><F88/><W96/><G96/><T21/><D40/><U4/><E84/><V42/><F42/><W112/><G112/><T9/><D33/><U113/><E32/><V59/><F57/><W44/><G44/><T15/><D80/><N who="1" m="30763" /><E113/><V92/><F92/><W123/><G123/><T31/><D31/><U99/><E99/><V65/><F65/><RYUUKYOKU ba="0,0" sc="215,10,397,10,273,-30,115,10" hai0="2,6,9,15,16,17,21,47,50,54,90,94,97" hai1="3,4,8,12,13,14,49,51,72,73" hai3="7,11,24,29,35,128,131" />
</Scene>
<Scene>
<INIT seed="5,1,0,5,2,97" ten="225,407,243,125" oya="1" hai0="104,116,129,22,38,4,40,11,100,71,82,50,101" hai1="47,134,95,6,15,90,41,51,64,73,16,65,56" hai2="58,111,92,0,2,69,106,68,8,42,43,78,85" hai3="52,7,127,80,119,132,98,125,128,1,21,67,75"/><U70/><E70/><V10/><F106/><W84/><G75/><T133/><D116/><U20/><E73/><V105/><F105/><W36/><G36/><T93/><D71/><U60/><E134/><V17/><F111/><W102/><G67/><T108/><D108/><U34/><E34/><V110/><F110/><W122/><G122/><T44/><D104/><U12/><E65/><V28/><F28/><W32/><G32/><T63/><D129/><U88/><REACH who="1" step="1"/><E95/><REACH who="1" ten="225,397,243,125" step="2"/><V99/><F92/><N who="3" m="58695" /><G132/><T24/><D133/><U112/><E112/><V31/><F69/><W86/><G128/><T13/><D93/><U9/><AGARI ba="1,1" hai="6,9,12,15,16,20,41,47,51,56,60,64,88,90" machi="9" ten="30,12000,1" yaku="1,1,0,1,8,1,54,2,53,0" doraHai="97" doraHaiUra="49" who="1" fromWho="1" sc="225,-41,397,133,243,-41,125,-41" />
</Scene>
<Scene>
<INIT seed="5,2,0,5,0,106" ten="184,530,202,84" oya="1" hai0="108,65,80,74,127,6,15,23,73,84,135,110,57" hai1="50,67,53,133,42,66,40,105,13,10,90,61,20" hai2="126,35,118,97,36,87,75,70,12,31,46,113,26" hai3="125,83,37,24,121,95,51,59,7,79,8,68,29"/><U85/><E105/><V56/><F70/><W0/><G121/><T32/><D32/><U134/><E20/><V38/><F118/><W100/><G68/><T72/><D135/><U78/><E78/><V69/><F69/><W52/><G125/><T48/><D127/><U129/><E129/><V14/><F126/><W71/><G71/><T92/><D92/><U130/><E130/><V63/><F75/><W62/><G37/><T98/><D98/><U96/><E96/><V107/><F87/><W1/><G95/><T25/><D15/><U115/><E115/><V47/><F113/><W88/><G100/><T30/><D6/><U44/><E133/><V54/><F38/><W99/><G99/><T81/><D81/><U17/><E134/><V123/><F123/><W114/><G114/><T91/><D48/><U19/><E19/><V119/><F119/><W76/><G1/><T117/><D117/><U43/><REACH who="1" step="1"/><E61/><REACH who="1" ten="184,520,202,84" step="2"/><V55/><F107/><W89/><G62/><T21/><D21/><U5/><E5/><V22/><F97/><W132/><G132/><T16/><D16/><U2/><E2/><V102/><F22/><W103/><G103/><T104/><D104/><U39/><E39/><V82/><F102/><W128/><G128/><T64/><D23/><U58/><E58/><V34/><F36/><W28/><G76/><T111/><D57/><U122/><E122/><V124/><F63/><W77/><G79/><T60/><D60/><U11/><E11/><V33/><F124/><W101/><G101/><T3/><D3/><U94/><AGARI ba="2,1" hai="10,13,17,40,42,43,44,50,53,66,67,85,90,94" machi="94" ten="30,11700,0" yaku="1,1,0,1,8,1,53,1" doraHai="106" doraHaiUra="41" who="1" fromWho="1" sc="184,-41,520,133,202,-41,84,-41" />
</Scene>
<Scene>
<INIT seed="5,3,0,2,2,16" ten="143,653,161,43" oya="1" hai0="119,110,88,103,0,107,3,123,128,18,45,83,109" hai1="12,35,92,68,117,8,94,67,11,75,130,69,28" hai2="41,124,31,9,120,6,63,115,96,5,104,81,87" hai3="90,73,85,61,15,36,114,2,52,23,53,24,21"/><U32/><E117/><V77/><F120/><W25/><G2/><T39/><D119/><U46/><E75/><V129/><F5/><W64/><G73/><T62/><D123/><U66/><E28/><V122/><F122/><W48/><G36/><T40/><D128/><U84/><E12/><V17/><F129/><W121/><G121/><T91/><D91/><U80/><E46/><V22/><F31/><N who="3" m="17807" /><G15/><T71/><D3/><U99/><E84/><V89/><F41/><W33/><G33/><T108/><D0/><U105/><E80/><V27/><F124/><W106/><G106/><T100/><D18/><U134/><E130/><V97/><F104/><W20/><G114/><T44/><D107/><U1/><E105/><V125/><F125/><W116/><G116/><T113/><D113/><U51/><E1/><V70/><F115/><W133/><G133/><T74/><D74/><U135/><E99/><V55/><F77/><W111/><G111/><T93/><D110/><U54/><E51/><V131/><F131/><W76/><G76/><T102/><D109/><U7/><E7/><V59/><F70/><W56/><G25/><T29/><D108/><U13/><E13/><AGARI ba="3,0" hai="6,9,13,17,22,27,55,59,63,81,87,89,96,97" machi="13" ten="30,3900,0" yaku="7,1,8,1,52,1" doraHai="16" who="2" fromWho="1" sc="143,0,653,-48,161,48,43,0" />
</Scene>
<Scene>
<INIT seed="6,0,0,0,0,19" ten="143,605,209,43" oya="2" hai0="93,94,133,110,0,87,36,61,117,97,18,52,75" hai1="2,41,77,66,30,25,131,3,12,20,59,120,4" hai2="8,130,43,51,47,37,135,62,103,100,91,79,84" hai3="68,114,1,104,115,67,33,42,81,85,17,106,119"/><V132/><F79/><W57/><G68/><T123/><D75/><U105/><E41/><V111/><F130/><W28/><G119/><T44/><D0/><U46/><E105/><V29/><F111/><W26/><G1/><T35/><D35/><U122/><E77/><V101/><F29/><W45/><G17/><T125/><D123/><N who="1" m="47147" /><E46/><V22/><F22/><W99/><G57/><T107/><D18/><N who="1" m="10311" /><E4/><V55/><F8/><W60/><G85/><T121/><D87/><U112/><E112/><N who="3" m="43050" /><G81/><T63/><D44/><U118/><E118/><V73/><F73/><W34/><G34/><T128/><D117/><U127/><E127/><V15/><F15/><W16/><G99/><T78/><D97/><U54/><E66/><V27/><F27/><W32/><G32/><T134/><D121/><U89/><E89/><V116/><F116/><W71/><G16/><T6/><D78/><U39/><E39/><AGARI ba="0,0" hai="26,28,33,39,42,45,60,67,71,104,106" m="43050" machi="39" ten="30,3900,0" yaku="15,1,11,1,23,1" doraHai="19" who="3" fromWho="1" sc="143,0,605,-39,209,0,43,39" />
</Scene>
<Scene>
<INIT seed="7,0,0,1,2,11" ten="143,566,209,82" oya="3" hai0="127,4,122,26,50,88,126,135,34,46,6,52,18" hai1="92,66,85,80,28,129,103,79,75,7,56,82,58" hai2="91,107,5,41,95,108,117,25,23,97,55,48,114" hai3="100,53,60,9,124,72,116,96,57,98,40,21,29"/><W120/><G116/><T71/><D122/><U123/><E123/><V12/><F117/><W36/><G120/><T131/><D71/><U106/><E28/><V63/><F108/><W14/><G72/><T128/><D135/><U20/><E129/><N who="0" m="49737" /><D88/><U113/><E113/><V132/><F107/><W61/><G124/><N who="0" m="47659" /><D34/><U76/><E7/><V17/><F41/><W24/><G60/><T31/><D31/><U101/><E106/><V62/><F114/><W59/><G59/><T84/><D84/><U51/><E66/><V35/><F132/><W13/><G9/><T44/><D44/><U45/><E20/><AGARI ba="0,0" hai="4,6,18,20,26,46,50,52" m="47659,49737" machi="20" ten="30,3900,0" yaku="19,1,18,1,54,1" doraHai="11" who="0" fromWho="1" sc="143,39,566,-39,209,0,82,0" owari="182,-22.0,527,63.0,209,1.0,82,-42.0" />
</Scene>
</mjloggm>