<mjloggm ver="2.3"><GO type="169" lobby="0"/><UN n0="%73%61%63%68%69%6F" n1="%E8%B6%85%E3%83%92%E3%83%A2%E3%83%AA%E3%83%AD" n2="%E5%A4%AA%E3%81%8F%E3%81%AA%E3%81%84%E3%81%8A" n3="%E3%83%81%E3%83%BC%E3%82%BF%E3%83%BC" dan="16,17,18,16" rate="2121.16,2095.66,2193.49,2168.26" sx="M,M,M,M"/><TAIKYOKU oya="0"/>

<Scene>
<INIT seed="0,0,0,4,4,27" ten="250,250,250,250" oya="0" hai0="46,76,8,120,20,97,44,17,23,48,84,131,128" hai1="69,31,58,88,73,96,33,0,134,18,16,7,130" hai2="74,19,92,89,59,4,119,85,118,122,83,102,61" hai3="125,95,78,5,9,24,86,126,30,21,108,71,94"/><T50/><D120/><U37/><E69/><V123/><F4/><W111/><G71/><T57/><D97/><U55/><E37/><V100/><F19/><W105/><G105/><T52/><D8/><U41/><E41/><V54/><F74/><W107/><G107/><T56/><D23/><U3/><E73/><V36/><F36/><W45/><G45/><T114/><D114/><U77/><E77/><V91/><F102/><W64/><G64/><T113/><D113/><U117/><E117/><N who="2" m="44555" /><F100/><W51/><G51/><T66/><D66/><U25/><E134/><V47/><F47/><W82/><G95/><T87/><D131/><U53/><E130/><V79/><F79/><W34/><G94/><T127/><D127/><N who="3" m="48649" /><G34/><T12/><D128/><U43/><E43/><V2/><F92/><W106/><G106/><T112/><D112/><U90/><E96/><V29/><F122/><W62/><G62/><T132/><D132/><U70/><E70/><V13/><F61/><W35/><G35/><T115/><D115/><U1/><E7/><V98/><F98/><W135/><G135/><T65/><D65/><U109/><E55/><V99/><F54/><W81/><G81/><N who="0" m="47143" /><D87/><U93/><E109/><V60/><F85/><W80/><G80/><T22/><D22/><U101/><E101/><V38/><F83/><W39/><G39/><T68/><D68/><U11/><E93/><V40/><F38/><W129/><G129/><T28/><D28/><U63/><REACH who="1" step="1"/><E11/><REACH who="1" ten="250,240,250,250" step="2"/><V104/><F104/><W49/><G49/><T110/><D110/><N who="3" m="42025" /><G9/><T103/><D103/><U133/><E133/><RYUUKYOKU ba="0,1" sc="250,10,240,10,250,-30,250,10" hai0="12,17,20,44,46,48,50,52,56,57" hai1="0,1,3,16,18,25,31,33,53,58,63,88,90" hai3="5,21,24,30,78,82,86" />
</Scene>
<Scene>
<INIT seed="0,1,1,1,4,97" ten="260,250,220,260" oya="0" hai0="45,57,73,123,118,61,116,90,94,87,53,3,17" hai1="44,6,10,82,52,110,129,126,1,9,41,54,106" hai2="14,74,112,56,12,81,93,102,96,120,27,46,70" hai3="28,15,36,75,68,91,115,26,23,65,25,89,101"/><T83/><D123/><U20/><E106/><V38/><F70/><W119/><G36/><T22/><D3/><U72/><E110/><V133/><F120/><W55/><G75/><T5/><D5/><U48/><E10/><V60/><F112/><W0/><G0/><T58/><D45/><U42/><E126/><V33/><F133/><W51/><G119/><T31/><D31/><U13/><E129/><V79/><F33/><W39/><G39/><T37/><D37/><N who="1" m="21551" /><E42/><V113/><F113/><W130/><G115/><T76/><REACH who="0" step="1"/><D58/><REACH who="0" ten="250,250,220,260" step="2"/><U103/><E1/><V111/><F46/><W49/><G28/><T109/><D109/><U16/><E6/><V18/><F111/><W71/><G71/><T50/><D50/><U11/><E48/><V78/><F38/><W7/><G49/><T21/><D21/><U85/><E20/><V99/><F56/><W100/><G51/><T19/><D19/><U135/><E16/><V47/><F47/><W77/><G23/><T125/><D125/><U69/><E69/><V80/><F18/><W104/><G68/><T43/><D43/><U35/><E9/><V62/><F60/><W122/><G7/><T128/><D128/><U32/><E11/><V127/><F62/><W131/><G131/><T134/><D134/><U84/><E135/><V40/><F40/><W8/><G130/><T30/><D30/><U132/><E132/><V105/><F127/><W88/><G8/><T117/><D117/><U98/><E35/><V114/><F114/><W4/><G4/><T92/><D92/><N who="1" m="58823" /><E32/><V124/><F124/><W121/><G121/><RYUUKYOKU ba="1,2" sc="250,30,250,-10,220,-10,260,-10" hai0="17,22,53,57,61,73,76,83,87,90,94,116,118" />
</Scene>
<Scene>
<INIT seed="0,2,2,3,3,99" ten="280,240,210,250" oya="0" hai0="95,102,82,9,109,21,114,92,58,1,54,38,51" hai1="89,10,56,70,62,75,57,107,59,124,30,79,48" hai2="111,46,17,80,33,31,78,63,120,110,81,127,41" hai3="34,134,49,37,44,23,72,112,15,74,19,93,113"/><T98/><D114/><U13/><E107/><V16/><F120/><W18/><G34/><T5/><D38/><U45/><E124/><V8/><F127/><W84/><G134/><T67/><D82/><U133/><E133/><V87/><F63/><W85/><G37/><T122/><D122/><U24/><E89/><V47/><F31/><W115/><G19/><T66/><D109/><N who="2" m="41482" /><F33/><W53/><REACH who="3" step="1"/><G93/><REACH who="3" ten="280,240,210,240" step="2"/><T73/><D73/><AGARI ba="2,3" hai="15,18,23,44,49,53,72,73,74,84,85,112,113,115" machi="73" ten="50,3200,0" yaku="1,1,2,1,53,0" doraHai="99" doraHaiUra="116" who="3" fromWho="0" sc="280,-38,240,0,210,0,240,68" />
</Scene>
<Scene>
<INIT seed="1,0,0,5,2,106" ten="242,240,210,308" oya="1" hai0="16,110,117,121,70,87,68,24,109,105,104,74,64" hai1="71,30,43,49,40,36,78,125,32,2,18,80,7" hai2="99,95,120,42,122,133,86,131,84,45,90,3,34" hai3="119,62,65,19,57,66,13,39,58,73,6,48,85"/><U102/><E102/><V98/><F3/><W112/><G39/><T26/><D117/><U124/><E49/><V15/><F34/><W22/><G112/><T94/><D94/><U28/><E18/><V61/><F131/><W53/><G119/><T126/><D87/><U116/><E116/><V55/><F133/><W76/><G6/><T46/><D46/><N who="1" m="23815" /><E71/><V25/><F15/><W129/><G129/><T103/><D126/><N who="1" m="48747" /><E43/><V59/><F42/><W52/><G73/><T72/><D121/><U88/><E88/><V123/><F45/><W10/><G10/><T21/><D103/><U69/><E69/><V41/><F41/><W14/><G14/><T128/><D128/><U130/><E32/><V44/><F44/><W118/><REACH who="3" step="1"/><G118/><REACH who="3" ten="242,240,210,298" step="2"/><T113/><D113/><U47/><E130/><V51/><F122/><W54/><G54/><T97/><D64/><U23/><E7/><V79/><F123/><W77/><G77/><T92/><D74/><U4/><E4/><V5/><F5/><W0/><G0/><T100/><D72/><U38/><E2/><V35/><F120/><W31/><G31/><T82/><D26/><N who="1" m="16479" /><E30/><V93/><F25/><W20/><G20/><T27/><D27/><U115/><E115/><V37/><F37/><W29/><G29/><T11/><D24/><U17/><E17/><V127/><F127/><W107/><G107/><T91/><D21/><U50/><E38/><V114/><F114/><W134/><G134/><T81/><D105/><U75/><E75/><V9/><F35/><W96/><G96/><T1/><D104/><U108/><E78/><RYUUKYOKU ba="0,1" sc="242,-10,240,-10,210,-10,298,30" hai3="13,19,22,48,52,53,57,58,62,65,66,76,85" />
</Scene>
<Scene>
<INIT seed="2,1,1,0,5,109" ten="232,230,200,328" oya="2" hai0="27,62,99,101,41,56,50,102,5,80,53,94,119" hai1="58,63,39,97,84,100,15,23,30,92,73,115,126" hai2="113,82,72,116,130,81,18,29,19,9,33,134,110" hai3="3,55,14,65,1,4,36,122,128,86,49,42,107"/><V61/><F116/><W40/><G107/><T77/><D119/><U132/><E73/><V133/><F130/><W11/><G122/><T95/><D5/><U34/><E39/><V35/><F110/><W114/><G128/><T8/><D8/><U90/><E34/><V93/><F93/><W57/><G36/><T44/><D27/><U22/><E126/><V32/><F29/><W111/><G111/><T89/><REACH who="0" step="1"/><D95/><REACH who="0" ten="222,230,200,328" step="2"/><U10/><E132/><V75/><F9/><W70/><G3/><T28/><D28/><U98/><E30/><V37/><F35/><W108/><G1/><T127/><D127/><U48/><E23/><V76/><F33/><W12/><G108/><T129/><D129/><U105/><E22/><V68/><F32/><W79/><G12/><T6/><D6/><U112/><E97/><V52/><F134/><W71/><G14/><T54/><D54/><U103/><E103/><V121/><F52/><W45/><G11/><T0/><D0/><U125/><E125/><V85/><F133/><W118/><G4/><T31/><D31/><U123/><E123/><V43/><F121/><W17/><G118/><T2/><D2/><U51/><E15/><V117/><F117/><W20/><G20/><T59/><D59/><U38/><E10/><V106/><F18/><W24/><G17/><T120/><D120/><U13/><E13/><V131/><F19/><W135/><G24/><T67/><D67/><U64/><E92/><V46/><F131/><W21/><G21/><T87/><AGARI ba="1,2" hai="41,44,50,53,56,62,77,80,87,89,94,99,101,102" machi="87" ten="20,8000,1" yaku="1,1,0,1,7,1,8,1,53,1" doraHai="109" doraHaiUra="74" who="0" fromWho="0" sc="222,103,230,-21,200,-41,328,-21" />
</Scene>
<Scene>
<INIT seed="3,0,0,4,4,93" ten="325,209,159,307" oya="3" hai0="89,90,63,81,135,33,66,18,16,103,20,126,71" hai1="61,105,122,102,53,41,116,134,75,82,8,31,119" hai2="128,29,80,106,54,92,62,28,19,39,114,97,68" hai3="74,133,83,130,112,123,91,14,26,47,115,108,100"/><W87/><G123/><T44/><D33/><U15/><E122/><V52/><F114/><W76/><G26/><T42/><D126/><U96/><E134/><V99/><F39/><W121/><G121/><T34/><D34/><U79/><E31/><N who="2" m="11851" /><F106/><W67/><G67/><T65/><D65/><U84/><E41/><V57/><F68/><W48/><G133/><T0/><D0/><U86/><E61/><V21/><F128/><W46/><G130/><T73/><D135/><U50/><E116/><V55/><F80/><W35/><G35/><T2/><D2/><U70/><E70/><V72/><F72/><W1/><G1/><T45/><D45/><U125/><E125/><V107/><F107/><W43/><G108/><T64/><D64/><U7/><REACH who="1" step="1"/><E119/><REACH who="1" ten="325,199,159,307" step="2"/><V127/><F127/><W56/><G43/><T4/><D71/><U36/><E36/><V23/><F62/><W22/><G115/><T78/><D63/><U37/><E37/><V131/><F131/><W95/><G112/><T132/><D132/><U124/><E124/><V118/><F118/><W85/><G74/><T69/><D69/><U38/><E38/><V49/><F55/><W101/><G48/><T10/><D66/><U27/><E27/><V129/><F129/><W59/><G47/><AGARI ba="0,1" hai="7,8,15,47,50,53,75,79,82,84,86,96,102,105" machi="47" ten="30,3900,0" yaku="1,1,7,1,52,1,53,0" doraHai="93" doraHaiUra="30" who="1" fromWho="3" sc="325,0,199,49,159,0,307,-39" />
</Scene>
<Scene>
<INIT seed="4,0,0,0,4,95" ten="325,248,159,268" oya="0" hai0="30,60,44,15,64,112,84,118,9,21,50,39,3" hai1="67,93,76,109,4,33,32,90,114,72,108,113,121" hai2="96,29,68,122,12,59,25,131,91,24,10,83,94" hai3="47,57,46,43,98,27,102,119,0,49,100,129,63"/><T14/><D118/><U103/><E67/><V17/><F68/><W125/><G0/><T87/><D39/><U111/><E4/><V56/><F122/><W38/><G119/><T130/><D112/><N who="1" m="43115" /><E33/><V71/><F71/><W134/><G134/><T22/><D130/><U86/><E32/><V18/><F131/><W78/><G78/><T126/><D126/><U28/><E28/><V11/><F83/><W62/><G129/><T13/><D3/><U52/><E52/><V31/><F31/><W115/><G102/><T65/><D9/><U75/><E121/><V35/><REACH who="2" step="1"/><F25/><REACH who="2" ten="325,248,149,268" step="2"/><W85/><G115/><T110/><D110/><U92/><E76/><V51/><F51/><W74/><G27/><N who="0" m="16751" /><D60/><U55/><E55/><V23/><F23/><W7/><G63/><T58/><D22/><U117/><E117/><V106/><F106/><W41/><G62/><N who="0" m="37975" /><D65/><U77/><E77/><V128/><F128/><W42/><G49/><T26/><D26/><U101/><E93/><V107/><F107/><W135/><G38/><T105/><D105/><U34/><E34/><V104/><F104/><W66/><G66/><T88/><D50/><U1/><E1/><V120/><F120/><W132/><G132/><T20/><D20/><U116/><E116/><V8/><F8/><W124/><G135/><T16/><D44/><U70/><E70/><V123/><F123/><W2/><G47/><T53/><D53/><U73/><AGARI ba="0,1" hai="72,73,75,86,90,92,101,103,108,109,111" m="43115" machi="73" ten="50,8000,1" yaku="15,1,11,1,34,2" doraHai="95" who="1" fromWho="1" sc="325,-40,248,90,149,-20,268,-20" />
</Scene>
<Scene>
<INIT seed="5,0,0,2,4,105" ten="285,338,129,248" oya="1" hai0="93,75,66,135,2,51,81,78,83,65,16,121,125" hai1="42,67,29,33,106,41,28,116,30,20,25,4,35" hai2="50,69,22,92,96,131,109,0,1,103,114,115,91" hai3="70,77,88,68,62,128,23,94,82,8,34,59,98"/><U127/><E106/><V126/><F109/><W119/><G34/><T130/><D125/><U79/><E116/><V15/><F69/><W19/><G119/><T31/><D2/><U110/><E127/><V132/><F126/><W84/><G8/><T99/><D31/><U113/><E110/><V129/><F132/><W60/><G128/><N who="2" m="49225" /><F50/><W101/><G62/><T76/><D130/><U45/><E113/><N who="2" m="43019" /><F103/><W49/><G49/><T43/><D135/><U24/><E4/><V11/><F22/><W72/><G59/><T26/><D121/><U37/><E42/><V85/><F96/><W55/><G55/><T102/><D51/><U87/><E67/><V52/><F52/><W58/><G58/><T6/><D6/><AGARI ba="0,0" hai="0,1,6,11,15,85,91,92" m="43019,49225" machi="6" ten="30,3900,0" yaku="19,1,15,1,11,1" doraHai="105" who="2" fromWho="0" sc="285,-39,338,0,129,39,248,0" />
</Scene>
<Scene>
<INIT seed="6,0,0,1,5,88" ten="246,338,168,248" oya="2" hai0="66,111,57,35,134,102,83,82,86,126,18,22,41" hai1="72,116,95,46,6,119,10,123,85,1,27,78,67" hai2="65,109,11,38,92,73,59,93,60,36,45,49,113" hai3="26,121,44,68,125,104,47,15,115,114,13,101,90"/><V71/><F73/><W7/><G68/><T12/><D111/><U51/><E72/><V76/><F76/><W53/><G121/><T5/><D35/><U24/><E123/><V117/><F117/><W34/><G125/><T74/><D74/><U62/><E116/><V25/><F109/><W105/><G90/><T132/><D126/><U61/><E119/><V91/><F113/><N who="3" m="43019" /><G101/><T94/><D41/><U64/><E78/><V58/><F25/><W21/><G34/><T52/><D66/><U103/><E62/><V30/><F30/><N who="3" m="17743" /><G53/><T108/><D5/><U4/><E4/><V55/><F11/><N who="3" m="4351" /><G15/><T128/><D128/><U39/><E64/><V48/><F71/><W98/><G98/><T130/><D130/><U133/><E67/><V69/><F69/><W124/><G124/><T131/><D131/><U80/><E1/><V129/><F129/><W33/><G33/><T50/><D108/><U110/><E110/><V2/><F2/><W97/><G97/><T43/><D43/><U42/><E42/><V120/><F120/><W87/><G87/><T29/><D29/><U19/><E85/><V70/><F70/><W112/><N who="3" m="43027" /><W89/><DORA hai="127" /><G89/><N who="0" m="53559" /><D102/><U40/><E103/><V8/><F8/><W106/><AGARI ba="0,0" hai="44,47,104,105,106" m="4351,17743,43027" machi="106" ten="50,3200,0" yaku="15,1,11,1" doraHai="88,127" who="3" fromWho="3" sc="246,-8,338,-8,168,-16,248,32" />
</Scene>
<Scene>
<INIT seed="7,0,0,0,1,89" ten="238,330,152,280" oya="3" hai0="1,54,72,26,59,110,103,122,14,58,112,31,37" hai1="13,55,18,43,86,56,16,84,82,21,66,111,127" hai2="35,39,77,95,121,93,83,40,57,130,27,51,62" hai3="106,134,78,17,25,128,63,45,118,81,115,75,67"/><W98/><G118/><T3/><D110/><U97/><E111/><V131/><F39/><W79/><G79/><T96/><D122/><U30/><E127/><V64/><F121/><W92/><G115/><T99/><D72/><U11/><E43/><V60/><F35/><W70/><G134/><T129/><D37/><U15/><E66/><V50/><F27/><W123/><G123/><T20/><D112/><U33/><E33/><V69/><F40/><W94/><G128/><T4/><D129/><U117/><E117/><V41/><F131/><W52/><G106/><T24/><D99/><U10/><E97/><V23/><F130/><W53/><G45/><T49/><D59/><U34/><E34/><V124/><F124/><W105/><G105/><T65/><D65/><U22/><E30/><V8/><F23/><N who="1" m="8713" /><E82/><V19/><F69/><W38/><G38/><T61/><D26/><U80/><E80/><V44/><F51/><AGARI ba="0,0" hai="10,11,13,15,16,18,51,55,56,84,86" m="8713" machi="51" ten="30,2000,0" yaku="8,1,54,1" doraHai="89" who="1" fromWho="2" sc="238,0,330,20,152,-20,280,0" owari="238,-16.0,350,45.0,132,-37.0,280,8.0" />
</Scene>
</mjloggm>