<mjloggm ver="2.3"><GO type="169" lobby="0"/><UN n0="%E5%A4%AA%E3%81%8F%E3%81%AA%E3%81%84%E3%81%8A" n1="%E3%81%82%E3%81%B2%E3%82%8B%E3%81%95%E3%82%93" n2="%E2%98%85%74%61%72%75%74%6F%E2%98%85" n3="%6D%6F%6E%65%79%2E%2E%2E" dan="18,16,16,17" rate="2192.90,2078.76,2113.40,2152.47" sx="M,M,M,M"/><TAIKYOKU oya="0"/>

<Scene>
<INIT seed="0,0,0,0,3,78" ten="250,250,250,250" oya="0" hai0="40,72,122,112,37,82,127,39,118,91,33,58,23" hai1="102,69,60,104,46,80,125,32,71,97,114,109,57" hai2="8,115,21,31,135,93,77,79,124,51,100,94,87" hai3="1,38,64,2,85,17,92,29,84,62,120,42,30"/><T101/><D33/><U63/><E109/><V45/><F115/><W7/><G120/><T99/><D112/><U9/><E32/><V47/><F135/><W49/><G38/><T103/><D122/><U5/><E125/><V50/><F124/><W96/><G17/><T16/><D127/><U113/><E113/><V110/><F110/><W106/><G106/><T25/><D118/><U86/><E114/><V36/><F36/><W70/><G84/><T126/><D126/><U74/><E74/><V68/><F68/><W24/><G7/><T22/><D58/><U81/><E63/><V73/><F73/><W14/><G14/><T6/><D6/><U27/><E27/><N who="2" m="16879" /><F8/><W0/><G85/><T66/><D66/><U108/><E108/><V19/><F19/><W3/><G24/><T52/><D23/><U111/><E111/><V28/><F28/><W4/><G4/><T54/><D39/><U43/><E86/><V89/><F100/><W10/><G10/><T15/><D25/><U131/><E131/><V132/><F94/><W123/><G123/><T76/><D103/><U44/><E71/><V65/><F65/><W12/><G12/><T129/><D129/><U20/><E69/><V67/><F67/><W18/><G18/><T56/><D56/><U41/><E20/><V11/><F11/><W90/><G3/><T53/><D101/><U117/><E102/><V48/><F132/><W134/><G134/><T35/><D35/><U26/><E104/><V95/><F95/><W105/><G105/><T13/><D72/><U128/><E128/><V34/><F34/><RYUUKYOKU ba="0,0" sc="250,-15,250,-15,250,15,250,15" hai2="45,47,48,50,51,77,79,87,89,93" hai3="0,1,2,29,30,42,49,62,64,70,90,92,96" />
</Scene>
<Scene>
<INIT seed="1,1,0,4,3,124" ten="235,235,265,265" oya="1" hai0="85,20,101,31,2,107,7,94,84,26,73,10,89" hai1="130,18,27,60,121,108,111,38,12,96,51,68,80" hai2="66,114,17,44,98,135,78,29,36,34,117,55,45" hai3="69,50,19,129,42,48,102,24,11,15,113,57,67"/><U71/><E121/><V6/><F117/><W8/><G113/><T13/><D73/><U52/><E38/><V46/><F135/><W122/><G122/><T30/><D107/><U105/><E27/><V43/><F114/><W28/><G69/><T88/><D101/><U91/><E105/><V32/><F6/><W93/><G11/><T110/><D110/><N who="1" m="42027" /><E60/><V61/><F78/><W39/><G39/><T95/><D2/><U0/><E0/><V59/><F98/><W134/><G134/><T133/><D133/><U83/><E130/><V63/><F29/><AGARI ba="1,0" hai="7,10,13,20,26,29,30,31,84,85,88,89,94,95" machi="29" ten="30,7700,0" yaku="7,1,9,1,8,1,54,1" doraHai="124" who="0" fromWho="2" sc="235,80,235,0,265,-80,265,0" />
</Scene>
<Scene>
<INIT seed="2,0,0,3,0,102" ten="315,235,185,265" oya="2" hai0="37,7,121,82,89,94,126,61,15,56,127,114,110" hai1="93,133,108,51,74,87,79,119,125,53,83,98,111" hai2="129,39,69,78,105,45,101,77,27,32,9,34,107" hai3="109,80,62,104,28,30,117,42,19,21,20,106,0"/><V52/><F129/><W57/><G117/><T131/><D121/><U76/><E119/><V1/><F101/><W59/><G0/><T4/><D114/><U70/><E70/><V54/><F69/><W130/><G130/><T55/><D131/><U124/><E51/><V36/><F27/><W92/><G109/><N who="1" m="42058" /><E53/><N who="2" m="20587" /><F45/><W120/><G120/><T8/><D110/><U67/><E67/><V116/><F9/><W38/><G38/><N who="2" m="14377" /><F1/><W16/><G92/><T91/><D37/><U123/><E123/><V97/><F97/><W26/><G80/><T23/><D23/><U75/><E133/><V35/><F116/><W60/><G26/><T29/><D29/><U5/><E5/><V73/><F73/><N who="1" m="27657" /><E76/><AGARI ba="0,0" hai="32,34,35,76,77,78,105,107" m="14377,20587" machi="76" ten="40,12000,1" yaku="28,2,52,2,54,1" doraHai="102" who="2" fromWho="1" sc="315,0,235,-120,185,120,265,0" />
</Scene>
<Scene>
<INIT seed="2,1,0,0,4,57" ten="315,115,305,265" oya="2" hai0="56,49,105,125,46,108,76,62,7,118,83,135,68" hai1="31,86,127,50,63,0,53,131,59,121,126,43,58" hai2="65,91,115,128,109,36,40,100,79,23,25,10,1" hai3="13,35,96,52,122,130,113,3,5,77,92,9,133"/><V120/><F120/><W22/><G122/><T18/><D105/><U97/><E0/><V73/><F115/><W47/><G130/><T116/><D68/><U84/><E121/><V69/><F128/><W70/><G35/><T14/><D7/><U106/><E131/><V117/><F117/><N who="0" m="45162" /><D108/><U21/><E106/><V89/><F109/><W71/><G113/><T64/><D125/><U103/><E127/><V38/><F100/><W132/><G77/><T85/><D135/><N who="3" m="51785" /><G22/><N who="0" m="11607" /><D49/><U8/><E126/><V98/><F98/><W110/><G13/><T33/><D46/><U72/><E72/><V44/><F38/><W17/><G17/><T27/><D27/><N who="1" m="16879" /><E8/><V112/><F112/><W111/><G111/><T20/><D20/><U28/><E28/><N who="2" m="17471" /><F65/><W12/><G3/><T32/><AGARI ba="1,0" hai="32,33,56,62,64,76,83,85" m="11607,45162" machi="32" ten="30,2000,0" yaku="12,1,52,1" doraHai="57" who="0" fromWho="0" sc="315,23,115,-6,305,-11,265,-6" />
</Scene>
<Scene>
<INIT seed="3,0,0,4,3,15" ten="338,109,294,259" oya="3" hai0="116,22,45,2,93,37,101,94,40,110,66,123,102" hai1="84,90,49,62,95,20,112,68,72,7,97,86,8" hai2="109,126,74,87,60,125,85,92,12,131,89,10,79" hai3="63,42,104,129,127,52,0,14,6,44,33,36,99"/><W43/><G127/><T32/><D32/><U26/><E72/><V80/><F131/><W4/><G0/><T55/><D116/><U73/><E73/><V76/><F109/><W61/><G129/><T134/><D123/><U18/><E112/><V47/><F74/><W28/><G42/><T118/><D118/><U30/><E68/><V67/><F47/><W121/><G121/><T119/><D119/><U41/><E30/><V11/><F79/><W1/><G1/><T108/><D2/><U48/><E41/><V65/><F11/><W128/><G128/><T9/><D66/><U3/><REACH who="1" step="1"/><E62/><REACH who="1" ten="338,99,294,259" step="2"/><V115/><F115/><W91/><G61/><T19/><D40/><U83/><E83/><V96/><F60/><W53/><G63/><T82/><D82/><U46/><E46/><V75/><F67/><W106/><G28/><T56/><D45/><U34/><E34/><V135/><F65/><W38/><G33/><T77/><D110/><U25/><E25/><V132/><F126/><W71/><G71/><T100/><D108/><U31/><E31/><V78/><F125/><W124/><G124/><T27/><D27/><U54/><E54/><V130/><F130/><W107/><G44/><T114/><D55/><U113/><E113/><V98/><F75/><W13/><G43/><T51/><D114/><U50/><AGARI ba="0,1" hai="3,7,8,18,20,26,48,49,50,84,86,90,95,97" machi="50" ten="30,7900,0" yaku="1,1,0,1,52,1,53,1" doraHai="15" doraHaiUra="16" who="1" fromWho="1" sc="338,-20,99,89,294,-20,259,-39" />
</Scene>
<Scene>
<INIT seed="4,0,0,1,3,90" ten="318,188,274,220" oya="0" hai0="135,36,51,29,26,53,33,80,126,107,83,31,48" hai1="42,111,14,12,38,66,79,43,62,99,129,91,134" hai2="19,121,88,28,109,89,118,15,133,78,52,128,55" hai3="114,85,108,124,24,6,131,47,21,63,44,40,2"/><T35/><D36/><U86/><E111/><V8/><F121/><W17/><G108/><T92/><D107/><U95/><E134/><V75/><F109/><W112/><G124/><T18/><D126/><U9/><E129/><V10/><F133/><W72/><G72/><T23/><D135/><U123/><E123/><V100/><F128/><W30/><G131/><T82/><D35/><U4/><E38/><V3/><F118/><W22/><G63/><T94/><D48/><U130/><E130/><V16/><F28/><N who="0" m="10826" /><D33/><U34/><E34/><V25/><F100/><W61/><G61/><T27/><D27/><U37/><E37/><V1/><F78/><W127/><G127/><T106/><D106/><U32/><E32/><V84/><F75/><W115/><G85/><T87/><D87/><U39/><E39/><V13/><F84/><W65/><G65/><T110/><D110/><U81/><REACH who="1" step="1"/><E14/><REACH who="1" ten="318,178,274,220" step="2"/><V113/><REACH who="2" step="1"/><F25/><REACH who="2" ten="318,178,264,220" step="2"/><W49/><G24/><T5/><D5/><U45/><E45/><AGARI ba="0,2" hai="18,23,26,45,51,53,80,82,83,92,94" m="10826" machi="45" ten="30,5800,0" yaku="8,1,52,2" doraHai="90" who="0" fromWho="1" sc="318,78,178,-58,264,0,220,0" />
</Scene>
<Scene>
<INIT seed="4,1,0,0,3,53" ten="396,120,264,220" oya="0" hai0="3,85,134,56,91,37,65,5,108,105,34,8,62" hai1="123,38,48,17,116,94,12,14,130,115,49,96,88" hai2="33,106,129,100,55,87,69,114,70,83,64,42,59" hai3="75,40,46,10,43,6,121,89,41,103,20,128,133"/><T67/><D37/><U25/><E116/><V92/><F33/><W102/><G128/><T60/><D134/><U81/><E123/><V29/><F29/><W127/><G133/><T15/><D108/><U9/><E38/><V132/><F106/><W21/><G121/><T119/><D119/><U79/><E130/><V0/><F0/><W68/><G68/><T120/><D105/><U19/><E25/><V112/><F42/><W22/><G75/><T124/><D34/><U28/><E28/><V76/><F132/><W11/><G127/><T86/><D124/><U72/><REACH who="1" step="1"/><E115/><REACH who="1" ten="396,110,264,220" step="2"/><V4/><F129/><W125/><G125/><T13/><D120/><U61/><E61/><V1/><F114/><W84/><G46/><T113/><D113/><U18/><E18/><V131/><F131/><W73/><G6/><T135/><D135/><U66/><E66/><V99/><F64/><W71/><G71/><T52/><D65/><U78/><E78/><V31/><F112/><W82/><G73/><T7/><D7/><U32/><E32/><V57/><F70/><W39/><G39/><T45/><D62/><U16/><E16/><V27/><F69/><W24/><G24/><T58/><D60/><U90/><E90/><V54/><F27/><W122/><G122/><T26/><D91/><U110/><E110/><V63/><F31/><W107/><G102/><T104/><D26/><U98/><E98/><V109/><F109/><W111/><G111/><T51/><D5/><U50/><E50/><N who="2" m="30935" /><F4/><W80/><G103/><T23/><D45/><U74/><E74/><V30/><F30/><RYUUKYOKU ba="1,1" sc="396,-15,110,15,264,15,220,-15" hai1="9,12,14,17,19,48,49,72,79,81,88,94,96" hai2="1,55,59,63,76,83,87,92,99,100" />
</Scene>
<Scene>
<INIT seed="5,2,1,2,3,135" ten="381,125,279,205" oya="1" hai0="85,73,121,2,117,16,7,83,42,5,66,71,15" hai1="18,115,60,105,27,33,95,124,17,102,110,93,46" hai2="78,132,89,94,127,6,11,41,34,68,103,111,56" hai3="130,129,44,98,28,79,104,31,128,119,113,52,84"/><U69/><E115/><V50/><F68/><W126/><G113/><T9/><D73/><U77/><E110/><V12/><F34/><W29/><G119/><T26/><D117/><U48/><E77/><V106/><F132/><W107/><G98/><T90/><D121/><U32/><E105/><V100/><F106/><W86/><G79/><T51/><D26/><U10/><E69/><V55/><F111/><W49/><G126/><T118/><D118/><U3/><E3/><V23/><F127/><W82/><G82/><T74/><D74/><U99/><E124/><V120/><F78/><W67/><G67/><T25/><D25/><U109/><E109/><V122/><F122/><W134/><G134/><T47/><D2/><U8/><E60/><V61/><F120/><W80/><G80/><T72/><D72/><U75/><E75/><V59/><F23/><W43/><G43/><T70/><D70/><U62/><E62/><V125/><F125/><W45/><REACH who="3" step="1"/><G44/><REACH who="3" ten="381,125,279,195" step="2"/><T13/><D66/><U64/><E64/><N who="2" m="38951" /><F41/><W81/><G81/><T88/><D71/><U4/><E46/><V36/><F36/><W39/><G39/><T40/><D40/><U1/><E99/><AGARI ba="2,2" hai="6,11,12,50,55,59,89,94,99,100,103" m="38951" machi="99" ten="30,1000,0" yaku="8,1" doraHai="135" who="2" fromWho="1" sc="381,0,125,-16,279,36,195,0" />
</Scene>
<Scene>
<INIT seed="6,0,0,3,3,45" ten="381,109,315,195" oya="2" hai0="28,93,7,79,120,9,126,65,85,46,41,119,101" hai1="14,98,124,38,50,49,88,24,39,122,58,129,111" hai2="3,44,99,96,61,114,82,59,62,26,47,8,83" hai3="53,57,104,86,51,22,71,92,102,35,18,113,33"/><V81/><F114/><W89/><G71/><T95/><D120/><U11/><E111/><V112/><F112/><W72/><G72/><T135/><D135/><U30/><E129/><V91/><F3/><W87/><G113/><T107/><D107/><U116/><E116/><V75/><F75/><W10/><G10/><T94/><D119/><U125/><E122/><V21/><F8/><W31/><G31/><T100/><D65/><U130/><E130/><V108/><F108/><W67/><G67/><T42/><D28/><U64/><E39/><V70/><F70/><W128/><G128/><T103/><D126/><N who="1" m="48747" /><E38/><V80/><F62/><W109/><G109/><T74/><D74/><U56/><E64/><N who="2" m="38975" /><F82/><W48/><G86/><T106/><D106/><U63/><E63/><V16/><F91/><W97/><REACH who="3" step="1"/><G51/><REACH who="3" ten="381,109,315,185" step="2"/><T132/><D9/><U90/><E98/><AGARI ba="0,1" hai="16,21,26,44,47,80,81,83,96,98,99" m="38975" machi="98" ten="30,2900,0" yaku="8,1,54,1" doraHai="45" who="2" fromWho="1" sc="381,0,109,-29,315,39,185,0" />
</Scene>
<Scene>
<INIT seed="6,1,0,2,2,53" ten="381,80,354,185" oya="2" hai0="25,116,108,21,100,104,134,6,117,61,99,131,115" hai1="103,130,42,46,101,40,132,127,94,20,59,128,69" hai2="84,107,66,60,33,41,14,120,105,81,19,31,113" hai3="93,118,86,95,76,49,51,37,30,123,0,75,22"/><V92/><F120/><W58/><G118/><N who="0" m="45675" /><D115/><U1/><E69/><V65/><F113/><W83/><G37/><T28/><D134/><U111/><E111/><V67/><F41/><W15/><G0/><T50/><D108/><U47/><E1/><V12/><F92/><W26/><G123/><T57/><D131/><U7/><E7/><V23/><F14/><W56/><G75/><T124/><D50/><N who="3" m="18953" /><G15/><T89/><D124/><U68/><E68/><V126/><F126/><W72/><G72/><T88/><D6/><U80/><E127/><V52/><F33/><W121/><G121/><T109/><D109/><U27/><E94/><AGARI ba="1,0" hai="22,26,30,56,58,76,83,86,93,94,95" m="18953" machi="94" ten="30,3900,0" yaku="8,1,52,2" doraHai="53" who="3" fromWho="1" sc="381,0,80,-42,354,0,185,42" />
</Scene>
<Scene>
<INIT seed="7,0,0,1,1,0" ten="381,38,354,227" oya="3" hai0="38,128,88,86,104,109,91,40,63,82,34,113,48" hai1="74,32,59,87,130,13,55,103,24,64,107,133,19" hai2="125,15,78,84,124,120,35,98,14,126,42,62,4" hai3="49,99,36,115,80,1,118,117,56,25,105,90,79"/><W23/><G36/><T2/><D109/><U135/><E74/><V131/><F35/><W58/><G115/><T68/><D2/><U93/><E107/><V129/><F120/><W119/><G1/><T31/><D38/><U102/><E32/><V41/><F62/><W83/><G49/><T100/><D113/><U81/><E130/><N who="2" m="49675" /><F98/><W110/><G110/><T51/><D128/><U33/><E33/><V39/><F39/><W17/><G83/><T57/><D40/><N who="2" m="15466" /><F4/><W52/><G52/><T22/><D34/><U112/><E112/><V45/><F45/><W123/><G123/><T89/><D68/><U9/><E64/><V46/><F46/><W111/><G111/><T75/><D104/><U61/><E135/><V127/><N who="2" m="31744" /><DORA hai="30" /><V11/><F11/><W47/><G47/><T71/><D71/><U85/><E133/><V101/><F101/><W44/><G44/><T108/><D100/><U96/><E103/><V116/><F116/><W3/><G3/><T65/><D108/><U21/><REACH who="1" step="1"/><E81/><AGARI ba="0,0" hai="14,15,78,81,84" m="31744,15466,49675" machi="81" ten="60,3900,0" yaku="19,1,18,1" doraHai="0,30" who="2" fromWho="1" sc="381,0,38,-39,354,39,227,0" owari="381,18.0,-1,-50.0,393,49.0,227,-17.0" />
</Scene>
</mjloggm>