<mjloggm ver="2.3"><GO type="169" lobby="0"/><UN n0="%E3%81%A1%E3%82%83%E3%81%9D%E2%98%86" n1="%4D%72%2E%6E%69%6B%75%39" n2="%E3%82%80%E3%81%A3%E3%81%8D%E3%83%BC" n3="%E5%A4%AA%E3%81%8F%E3%81%AA%E3%81%84%E3%81%8A" dan="16,17,18,18" rate="2094.70,2176.43,2200.16,2167.55" sx="M,F,F,M"/><TAIKYOKU oya="0"/>

<Scene>
<INIT seed="0,0,0,0,0,82" ten="250,250,250,250" oya="0" hai0="118,119,1,6,19,100,53,33,29,25,129,2,127" hai1="58,48,59,70,89,99,124,24,122,128,85,108,52" hai2="34,93,130,11,90,98,72,7,113,75,105,21,73" hai3="91,97,49,107,71,69,135,12,27,3,41,38,115"/><T28/><D100/><U16/><E122/><V15/><F34/><W86/><G3/><N who="0" m="1035" /><D53/><U67/><E70/><V131/><F113/><W96/><G38/><T57/><D57/><U47/><E108/><V88/><F105/><W132/><G115/><T110/><D110/><U13/><E128/><V120/><F120/><W84/><G41/><T45/><D45/><U43/><E124/><V104/><F104/><W18/><G49/><T114/><D114/><U111/><E24/><V55/><F21/><W123/><G123/><T10/><D129/><U9/><E111/><V20/><F20/><W40/><G40/><T116/><D127/><U42/><E99/><V61/><REACH who="2" step="1"/><F90/><REACH who="2" ten="250,250,240,250" step="2"/><W83/><G91/><T121/><D121/><U46/><E67/><V109/><F109/><W112/><G112/><T126/><D126/><U44/><REACH who="1" step="1"/><E59/><AGARI ba="0,1" hai="7,11,15,55,59,61,72,73,75,88,93,98,130,131" machi="59" ten="50,6400,0" yaku="1,1,54,1,53,1" doraHai="82" doraHaiUra="54" who="2" fromWho="1" sc="250,0,250,-64,240,74,250,0" />
</Scene>
<Scene>
<INIT seed="1,0,0,3,1,42" ten="250,186,314,250" oya="1" hai0="11,26,105,79,33,134,24,17,31,65,23,78,90" hai1="133,110,115,112,107,29,92,10,81,109,76,121,77" hai2="36,67,75,5,3,98,22,34,53,69,120,50,124" hai3="27,126,130,58,38,28,37,72,89,131,51,129,32"/><U56/><E56/><V4/><F34/><W118/><G126/><T63/><D134/><U55/><E55/><V20/><F120/><W18/><G118/><T73/><D73/><N who="1" m="43183" /><E10/><V122/><F122/><W82/><G18/><T70/><D105/><U35/><E29/><V49/><F75/><W57/><G51/><T68/><D90/><U25/><E35/><V8/><F36/><N who="3" m="13931" /><G89/><T88/><D88/><U14/><E14/><V93/><F124/><W113/><G113/><N who="1" m="43594" /><E25/><V46/><F5/><W0/><G0/><T99/><D99/><U54/><E54/><V103/><F67/><W119/><G119/><T123/><D123/><U66/><E66/><V116/><F69/><W41/><G41/><T132/><D132/><U16/><E16/><V43/><REACH who="2" step="1"/><F116/><REACH who="2" ten="250,186,304,250" step="2"/><W19/><G72/><T6/><D70/><U80/><E121/><V100/><F100/><W96/><G32/><T102/><D102/><U94/><E133/><V95/><F95/><N who="1" m="36393" /><E107/><V15/><F15/><AGARI ba="0,1" hai="6,11,15,17,23,24,26,31,33,63,65,68,78,79" machi="15" ten="30,1000,0" yaku="7,1" doraHai="42" who="0" fromWho="2" sc="250,20,186,0,304,-10,250,0" />
</Scene>
<Scene>
<INIT seed="2,0,0,1,4,45" ten="270,186,294,250" oya="2" hai0="68,60,31,126,131,135,87,133,79,34,123,38,13" hai1="39,71,6,117,26,5,120,88,15,46,62,78,56" hai2="115,4,91,63,65,75,35,72,1,48,124,80,7" hai3="101,28,74,97,99,90,134,41,105,114,42,36,128"/><V64/><F35/><W66/><G74/><T70/><D123/><U47/><E117/><V73/><F115/><W127/><G114/><T33/><D38/><U20/><E71/><N who="0" m="27177" /><D31/><U129/><E78/><V22/><F124/><W111/><G66/><T23/><D126/><U76/><E76/><V107/><F107/><W54/><G127/><T40/><D40/><U21/><E129/><V51/><F1/><W57/><G128/><T110/><D110/><U25/><E39/><V100/><F100/><W108/><G28/><T0/><D0/><U113/><E113/><V12/><F91/><W132/><G90/><T92/><D60/><U95/><E120/><V104/><F104/><W8/><G8/><T19/><D131/><U94/><E15/><V98/><F98/><W44/><G44/><BYE who="3" /><N who="1" m="16938" /><E95/><V83/><F75/><UN n3="%E5%A4%AA%E3%81%8F%E3%81%AA%E3%81%84%E3%81%8A" /><W121/><G121/><T103/><D79/><U10/><E10/><V89/><F89/><W82/><G36/><T52/><D103/><U3/><E3/><V14/><F63/><N who="3" m="36279" /><G41/><T96/><D33/><U43/><E43/><V85/><F22/><N who="1" m="8809" /><E25/><V50/><F50/><W67/><G42/><T2/><D34/><U106/><E26/><V69/><F69/><W37/><G37/><T61/><D2/><U93/><E106/><V109/><F109/><W16/><G111/><T55/><D96/><N who="1" m="57383" /><E94/><V116/><F85/><W119/><G108/><T112/><D112/><U17/><E17/><V125/><F125/><W30/><G105/><T130/><D130/><U59/><E62/><V81/><F81/><W118/><G99/><T24/><D92/><U27/><E27/><RYUUKYOKU ba="0,0" sc="270,-15,186,15,294,15,250,-15" hai1="5,6,56,59" hai2="4,7,12,14,48,51,64,65,72,73,80,83,116" />
</Scene>
<Scene>
<INIT seed="2,1,0,3,0,101" ten="255,201,309,235" oya="2" hai0="38,17,91,134,117,31,89,63,72,111,30,29,62" hai1="12,77,3,0,22,44,129,103,48,51,46,58,67" hai2="37,64,50,126,52,43,8,27,69,76,55,23,105" hai3="95,70,5,104,118,109,36,92,114,11,4,9,135"/><V90/><F76/><W107/><G70/><T40/><D111/><U88/><E103/><V119/><F119/><W6/><G36/><T68/><D117/><U21/><E77/><V53/><F126/><W78/><G118/><T106/><D72/><U73/><E73/><V83/><F8/><N who="3" m="3147" /><G78/><T59/><D106/><N who="3" m="40489" /><G109/><T19/><D68/><U99/><E129/><V57/><F105/><W10/><N who="3" m="3155" /><W87/><DORA hai="16" /><G87/><T1/><D31/><U96/><E67/><V25/><F25/><W122/><G135/><T33/><D38/><U34/><E58/><V41/><F37/><W32/><G32/><T112/><D59/><U124/><E124/><V116/><F116/><W13/><G13/><T128/><D33/><U49/><E49/><V60/><F69/><W35/><G35/><T120/><D134/><U42/><E34/><V115/><F115/><W2/><G114/><T123/><D112/><U132/><E132/><V93/><F83/><W84/><G84/><T127/><D127/><U20/><E12/><V82/><F82/><W61/><G61/><T66/><D63/><U125/><E125/><V85/><F50/><W110/><G110/><T75/><D62/><U56/><E56/><V121/><F121/><W130/><G122/><T81/><D81/><U74/><E74/><V14/><F14/><W65/><G130/><T26/><D75/><U7/><E7/><V18/><AGARI ba="1,0" hai="18,23,27,41,43,52,53,55,57,60,64,85,90,93" machi="18" ten="30,11700,0" yaku="0,1,8,1,52,1,54,1" doraHai="101,16" who="2" fromWho="2" sc="255,-40,201,-40,309,120,235,-40" />
</Scene>
<Scene>
<INIT seed="2,2,0,2,3,2" ten="215,161,429,195" oya="2" hai0="130,84,96,100,55,116,22,71,46,105,36,45,42" hai1="120,48,47,118,115,125,97,70,51,88,43,109,60" hai2="63,93,95,62,122,79,21,74,57,91,10,112,39" hai3="75,132,129,1,20,68,27,98,78,107,58,69,44"/><V16/><F122/><W94/><G107/><T110/><D110/><U127/><E115/><V82/><F112/><W26/><G1/><T114/><D114/><U131/><E118/><V121/><F39/><W103/><G129/><T128/><D116/><U37/><E131/><N who="0" m="50217" /><D71/><U65/><E109/><V53/><F121/><W4/><G132/><T111/><D111/><U9/><E120/><V5/><F63/><W61/><G44/><N who="0" m="23623" /><D55/><U59/><E9/><V35/><F35/><W28/><G26/><T25/><D84/><U117/><E117/><V29/><F29/><AGARI ba="2,0" hai="22,25,29,45,46,96,100,105" m="23623,50217" machi="29" ten="30,1000,0" yaku="19,1" doraHai="2" who="0" fromWho="2" sc="215,16,161,0,429,-16,195,0" />
</Scene>
<Scene>
<INIT seed="3,0,0,3,0,57" ten="231,161,413,195" oya="3" hai0="6,58,22,91,33,35,50,107,95,55,76,37,29" hai1="49,108,114,15,30,99,65,32,21,34,9,104,39" hai2="126,25,77,96,112,75,24,132,45,105,82,20,111" hai3="85,3,4,81,74,54,5,68,135,118,63,56,10"/><W98/><G118/><T41/><D107/><U70/><E39/><V59/><F112/><W131/><G131/><T8/><D76/><U130/><E114/><V79/><F111/><W84/><G135/><T17/><D29/><U134/><E108/><V92/><F105/><W26/><G5/><T133/><D133/><U67/><E134/><V48/><F79/><W103/><G74/><T90/><D41/><U109/><E109/><V62/><F126/><W116/><G116/><T43/><D43/><U124/><E49/><V40/><F20/><W78/><G68/><T94/><D37/><U18/><E67/><V61/><F61/><W89/><G26/><T115/><D115/><U11/><E34/><V110/><F110/><W97/><REACH who="3" step="1"/><G103/><REACH who="3" ten="231,161,413,185" step="2"/><T28/><D6/><U51/><E70/><V36/><F132/><W102/><G102/><T12/><D12/><U73/><E15/><V2/><F2/><W120/><G120/><T129/><D129/><U113/><E73/><V38/><F24/><W69/><G69/><T19/><D33/><U64/><E32/><V52/><F25/><W42/><G42/><T46/><D35/><U119/><E130/><V71/><F71/><W31/><G31/><T1/><D28/><U16/><E30/><V123/><F123/><W121/><G121/><T117/><D117/><U101/><E119/><V106/><F38/><W72/><G72/><T27/><D1/><U122/><E122/><V13/><F13/><W23/><G23/><T66/><D27/><U87/><E113/><V44/><F36/><W88/><G88/><T125/><D91/><RYUUKYOKU ba="0,1" sc="231,-10,161,-10,413,-10,185,30" hai3="3,4,10,54,56,63,78,81,84,85,89,97,98" />
</Scene>
<Scene>
<INIT seed="3,1,1,3,3,2" ten="221,151,403,215" oya="3" hai0="115,64,72,45,102,75,114,73,17,118,129,28,8" hai1="41,106,92,132,109,14,61,90,85,36,15,120,131" hai2="89,6,121,31,84,11,110,82,0,130,83,119,96" hai3="52,3,135,20,38,93,99,35,66,81,127,13,58"/><W50/><G35/><T116/><D28/><U104/><E120/><V57/><F119/><W49/><G38/><T112/><D64/><U76/><E109/><V71/><F71/><W54/><G3/><T101/><D45/><U91/><E132/><V100/><F110/><W19/><G135/><T24/><D129/><U79/><E131/><V80/><F130/><W7/><G127/><T25/><D8/><U48/><E36/><V62/><F31/><W108/><G108/><T68/><D68/><U78/><E61/><V12/><F0/><W10/><G81/><T34/><D17/><U46/><REACH who="1" step="1"/><E91/><REACH who="1" ten="221,141,403,215" step="2"/><V39/><F39/><W60/><G66/><T22/><D118/><U55/><E55/><N who="2" m="34111" /><F121/><W65/><G54/><T86/><D116/><U123/><E123/><V42/><F42/><W44/><G50/><T88/><D88/><U23/><E23/><V134/><F134/><W53/><G65/><T107/><D22/><U117/><E117/><V113/><F113/><W18/><G20/><T33/><D115/><U133/><E133/><V69/><F69/><W98/><G98/><T56/><D114/><U70/><E70/><V9/><F96/><W30/><REACH who="3" step="1"/><G30/><REACH who="3" ten="221,141,403,205" step="2"/><N who="0" m="19655" /><D112/><U95/><E95/><V105/><F82/><W63/><G63/><T5/><D34/><U74/><E74/><V37/><F37/><W128/><G128/><T26/><D75/><U77/><N who="1" m="19456" /><DORA hai="124" /><U87/><E87/><V4/><F83/><W94/><G94/><T16/><D86/><U47/><E47/><V51/><F80/><W59/><G59/><T125/><D56/><U122/><E122/><RYUUKYOKU ba="1,3" sc="221,-15,141,15,403,-15,205,15" hai1="14,15,41,46,48,85,90,92,104,106" hai3="7,10,13,18,19,44,49,52,53,58,60,93,99" />
</Scene>
<Scene>
<INIT seed="3,2,3,5,0,70" ten="206,156,388,220" oya="3" hai0="104,82,4,34,78,42,19,107,121,29,92,125,83" hai1="2,86,16,43,49,102,119,133,131,126,53,9,66" hai2="17,47,56,36,18,112,68,52,118,22,85,51,122" hai3="62,95,101,23,1,10,0,127,76,129,80,120,37"/><W27/><G120/><T135/><D121/><U63/><E126/><V8/><F122/><W15/><G127/><T50/><D125/><U64/><E131/><V44/><F118/><W84/><G129/><T48/><D4/><U57/><E133/><V100/><F68/><W46/><G62/><T117/><D117/><U30/><E119/><V13/><F112/><W72/><G101/><T110/><D110/><U123/><E123/><V14/><F36/><W105/><G105/><T24/><D135/><U55/><E30/><V115/><F115/><W67/><G67/><N who="1" m="25642" /><E2/><V45/><F100/><W113/><G113/><T25/><D92/><U74/><E74/><V73/><F73/><W6/><G95/><T35/><D19/><U98/><E43/><V39/><F39/><W97/><G97/><T94/><D94/><N who="1" m="58711" /><E86/><AGARI ba="2,3" hai="8,13,14,17,18,22,44,45,47,51,52,56,85,86" machi="86" ten="40,2600,0" yaku="8,1,54,1" doraHai="70" who="2" fromWho="1" sc="206,0,156,-32,388,62,220,0" />
</Scene>
<Scene>
<INIT seed="4,0,0,1,2,109" ten="206,124,450,220" oya="0" hai0="99,64,84,73,54,31,34,119,110,75,98,101,80" hai1="114,12,49,91,111,68,133,85,78,65,96,72,30" hai2="10,117,134,61,11,8,57,69,5,33,62,122,7" hai3="22,20,1,14,67,56,58,100,86,29,88,127,17"/><T52/><D119/><U38/><E111/><V94/><F122/><W105/><G1/><T126/><D110/><U23/><E38/><V51/><F33/><W70/><G127/><T115/><D115/><U121/><E121/><V4/><F117/><W27/><G70/><T50/><D126/><U76/><E133/><V35/><F35/><W46/><G67/><T21/><D34/><U60/><E72/><V125/><F125/><W39/><G105/><T113/><D113/><U116/><E116/><V26/><F26/><W107/><G107/><T59/><D64/><U118/><E118/><V92/><F134/><W89/><G100/><T2/><D2/><U106/><E49/><V9/><F69/><W40/><REACH who="3" step="1"/><G89/><REACH who="3" ten="206,124,450,210" step="2"/><T63/><D101/><U130/><E106/><V43/><F4/><W19/><G19/><T15/><D31/><U55/><E30/><V77/><F5/><W81/><AGARI ba="0,1" hai="14,17,20,22,27,29,39,40,46,56,58,81,86,88" machi="81" ten="20,5200,0" yaku="1,1,0,1,7,1,54,1,53,0" doraHai="109" doraHaiUra="108" who="3" fromWho="3" sc="206,-26,124,-13,450,-13,210,62" />
</Scene>
<Scene>
<INIT seed="5,0,0,3,3,132" ten="180,111,437,272" oya="1" hai0="126,12,28,94,65,119,83,101,95,93,82,86,62" hai1="13,96,78,19,125,61,69,2,75,121,8,118,1" hai2="128,76,46,41,105,81,10,50,32,36,84,91,108" hai3="48,55,66,29,33,6,124,45,97,114,58,79,98"/><U59/><E118/><V39/><F32/><W54/><G114/><T35/><D119/><U30/><E121/><V22/><F108/><W37/><G6/><T7/><D126/><U87/><E75/><V49/><F105/><W89/><G79/><T18/><D7/><U52/><E125/><V70/><F70/><W77/><G77/><T17/><D101/><U16/><E30/><V127/><F127/><W129/><G124/><T104/><D104/><U71/><E96/><V4/><F22/><W23/><G33/><T40/><D40/><U122/><E122/><V110/><F128/><W14/><G66/><T99/><D99/><U15/><E69/><V112/><F112/><W56/><G129/><T73/><D73/><U111/><E71/><V135/><F135/><W133/><G133/><T117/><D117/><U24/><E24/><V5/><F5/><W11/><G37/><T31/><D35/><U26/><E26/><V51/><F39/><W85/><G11/><N who="0" m="6303" /><D18/><U106/><E106/><V92/><F110/><W64/><G64/><T38/><D38/><U102/><E102/><V0/><REACH who="2" step="1"/><F51/><REACH who="2" ten="180,111,427,272" step="2"/><W72/><G48/><T21/><D21/><U34/><E34/><V42/><F42/><W113/><G23/><T67/><D28/><U103/><E111/><V68/><F68/><W60/><G29/><T44/><D31/><U63/><E63/><V131/><F131/><W88/><G113/><T47/><D62/><U57/><E61/><V115/><F115/><W100/><G60/><T3/><D67/><U134/><E134/><V123/><F123/><W130/><G130/><RYUUKYOKU ba="0,1" sc="180,-10,111,-10,427,30,272,-10" hai2="0,4,10,36,41,46,49,50,76,81,84,91,92" />
</Scene>
<Scene>
<INIT seed="6,1,1,0,5,117" ten="170,101,457,262" oya="2" hai0="23,41,84,16,127,120,31,88,11,19,89,107,76" hai1="69,101,20,118,14,115,25,97,67,132,58,128,43" hai2="0,47,74,49,53,110,63,45,100,62,86,66,123" hai3="113,12,82,30,87,7,130,29,131,56,135,9,3"/><V55/><F74/><W37/><G37/><T24/><D127/><U78/><E118/><V90/><F0/><W59/><G135/><T36/><D120/><U26/><E69/><V83/><F110/><W112/><G3/><T52/><D107/><U68/><E68/><V92/><F123/><W95/><G95/><T72/><D72/><U61/><E132/><V99/><F66/><W105/><G105/><T54/><D36/><U48/><E115/><N who="3" m="44106" /><G56/><T108/><D41/><U17/><E128/><N who="3" m="49194" /><G59/><T119/><D119/><U22/><E78/><AGARI ba="1,1" hai="7,9,12,29,30,78,82,87" m="49194,44106" machi="78" ten="30,3900,0" yaku="15,1,11,1,19,1" doraHai="117" who="3" fromWho="1" sc="170,0,101,-42,457,0,262,52" />
</Scene>
<Scene>
<INIT seed="7,0,0,4,3,23" ten="170,59,457,314" oya="3" hai0="122,27,69,132,107,104,102,25,126,89,19,31,125" hai1="82,119,97,1,11,49,98,54,33,76,94,5,14" hai2="40,67,34,65,73,35,101,134,130,9,37,77,72" hai3="109,46,21,68,113,127,124,80,84,30,47,131,120"/><W79/><G120/><T75/><D122/><U48/><E119/><V51/><F37/><W111/><G68/><T2/><D132/><U8/><E33/><V13/><F101/><W81/><G113/><T32/><D75/><U114/><E114/><V53/><F40/><W112/><G112/><T92/><D2/><U0/><E0/><V59/><F134/><W56/><G131/><T64/><D64/><U57/><E49/><V99/><F99/><W74/><G56/><T43/><D43/><U135/><E135/><V22/><F130/><W116/><G116/><T62/><D62/><U87/><E94/><V39/><F39/><W50/><G21/><T117/><D117/><U26/><E97/><V63/><F22/><W10/><G10/><T118/><D118/><U42/><E98/><V6/><F67/><W106/><G30/><T4/><D31/><U91/><E76/><V95/><F95/><W129/><G106/><T83/><D32/><U96/><E96/><V78/><F73/><W115/><G115/><T93/><D93/><U15/><E1/><V88/><F72/><W18/><G18/><T123/><D92/><U28/><E42/><V29/><F29/><W133/><G133/><T3/><D3/><U71/><E71/><V41/><F34/><W86/><G129/><T24/><D69/><U52/><E54/><V12/><F35/><W110/><G74/><T85/><D123/><U100/><E100/><V16/><F9/><W45/><REACH who="3" step="1"/><G50/><REACH who="3" ten="170,59,457,304" step="2"/><T44/><D107/><U70/><E70/><N who="2" m="42303" /><F51/><W17/><G17/><T58/><D19/><N who="1" m="8671" /><E28/><V7/><F16/><RYUUKYOKU ba="0,1" sc="170,-15,59,15,457,-15,304,15" hai1="5,8,15,26,48,52,57,82,87,91" hai3="45,46,47,79,80,81,84,86,109,110,111,124,127" />
</Scene>
<Scene>
<INIT seed="7,1,1,4,1,133" ten="155,74,442,319" oya="3" hai0="114,126,52,89,47,12,63,105,134,88,71,55,10" hai1="132,85,91,3,35,84,104,76,15,39,90,127,98" hai2="11,74,48,99,26,17,67,120,119,32,50,110,124" hai3="107,79,65,42,54,94,115,19,33,18,38,102,86"/><W130/><G33/><T23/><D126/><U117/><E35/><V22/><F110/><W31/><G31/><T64/><D114/><U36/><E3/><V14/><F74/><W43/><G65/><T6/><D134/><U2/><E2/><V20/><F124/><W9/><G115/><T95/><D105/><U60/><E132/><V25/><F119/><W83/><G107/><T59/><D71/><U122/><E60/><V111/><F32/><W24/><G38/><T101/><D23/><N who="2" m="8746" /><F111/><W70/><G70/><T113/><D113/><U108/><E108/><V62/><F99/><N who="3" m="59767" /><G24/><N who="2" m="9321" /><F120/><W123/><G123/><T37/><D37/><U40/><E39/><V103/><F103/><W44/><G130/><T0/><D0/><U51/><E36/><V73/><F73/><W1/><G1/><T93/><D101/><U21/><E122/><V4/><F4/><W77/><G77/><T96/><D47/><N who="1" m="26087" /><E104/><V46/><F46/><W125/><G125/><T82/><D82/><N who="1" m="47175" /><E127/><V135/><F135/><W28/><G28/><T5/><D64/><U58/><E117/><V121/><F121/><W53/><G44/><T27/><D63/><U8/><E21/><V129/><F129/><W81/><G81/><T116/><D116/><U100/><E58/><AGARI ba="1,1" hai="11,14,17,48,50,58,62,67" m="9321,8746" machi="58" ten="30,1000,0" yaku="8,1" doraHai="133" who="2" fromWho="1" sc="155,0,74,-13,442,23,319,0" owari="155,-24.0,61,-44.0,465,56.0,319,12.0" />
</Scene>
</mjloggm>