<mjloggm ver="2.3"><GO type="169" lobby="0"/><UN n0="%66%72%65%65%7A%65%37" n1="%E5%A4%AA%E3%81%8F%E3%81%AA%E3%81%84%E3%81%8A" n2="%43%52%41%5A%59%42%45%45" n3="%6D%65%24%6F" dan="16,18,17,17" rate="2095.27,2181.17,2141.08,2143.04" sx="M,M,M,M"/><TAIKYOKU oya="0"/>

<Scene>
<INIT seed="0,0,0,1,3,76" ten="250,250,250,250" oya="0" hai0="31,41,30,133,46,8,65,27,125,5,50,93,123" hai1="14,122,131,6,77,92,64,107,56,115,109,20,69" hai2="11,33,87,66,114,25,55,116,54,49,129,24,13" hai3="96,3,121,2,9,57,111,40,43,120,17,7,78"/><T135/><D123/><N who="3" m="47177" /><G111/><T134/><D125/><U34/><E34/><V48/><F114/><W97/><G78/><T81/><D65/><U74/><E107/><V28/><F66/><W119/><G119/><T18/><D93/><U99/><E69/><V62/><F116/><W15/><G57/><T132/><N who="0" m="33792" /><DORA hai="82" /><T83/><D18/><U23/><E92/><V91/><F25/><W127/><G127/><T124/><D124/><U72/><E109/><V102/><F102/><W86/><G86/><T85/><D85/><U53/><E115/><V95/><F129/><W68/><G68/><T98/><D98/><N who="3" m="37993" /><G2/><N who="0" m="55" /><D31/><U71/><E71/><V88/><F91/><W117/><G117/><T103/><D103/><U12/><E99/><V4/><REACH who="2" step="1"/><F62/><REACH who="2" ten="250,250,240,250" step="2"/><W67/><G67/><T32/><AGARI ba="0,1" hai="27,30,32,41,46,50,81,83" m="55,33792" machi="32" ten="60,11700,0" yaku="20,1,52,2" doraHai="76,82" who="0" fromWho="0" sc="250,127,250,-39,240,-39,250,-39" />
</Scene>
<Scene>
<INIT seed="0,1,0,1,2,100" ten="377,211,201,211" oya="0" hai0="45,11,94,79,57,12,84,95,54,108,30,29,62" hai1="65,89,113,35,102,72,20,4,24,40,53,131,110" hai2="90,0,71,52,124,128,70,36,42,135,85,19,114" hai3="81,130,75,50,23,66,127,31,69,133,55,107,78"/><T83/><D108/><U68/><E72/><V3/><F114/><W27/><G130/><T59/><D59/><U98/><E40/><V1/><F128/><W51/><G133/><T9/><D45/><U37/><E37/><V122/><F122/><W56/><G127/><T34/><D34/><U87/><E131/><V123/><F123/><W77/><G77/><T44/><D44/><U8/><E110/><V74/><F74/><W5/><G5/><N who="0" m="3119" /><D11/><U46/><E113/><V80/><F135/><W126/><G126/><T115/><D115/><U25/><E35/><V32/><F32/><W63/><REACH who="3" step="1"/><G107/><REACH who="3" ten="377,211,201,201" step="2"/><T64/><D64/><U6/><E4/><V93/><F124/><W17/><G17/><T99/><D95/><U132/><E132/><V18/><F93/><W88/><G88/><AGARI ba="1,1" hai="29,30,54,57,62,79,83,84,88,94,99" m="3119" machi="88" ten="30,2900,0" yaku="8,1,54,1" doraHai="100" who="0" fromWho="3" sc="377,42,211,0,201,0,201,-32" />
</Scene>
<Scene>
<INIT seed="0,2,0,5,4,134" ten="419,211,201,169" oya="0" hai0="65,24,0,26,38,88,10,108,55,52,87,76,91" hai1="18,17,99,70,43,41,94,6,117,79,15,31,101" hai2="60,25,23,129,135,120,51,73,84,126,82,37,123" hai3="72,114,61,115,49,45,69,59,68,127,106,16,118"/><T3/><D38/><U64/><E117/><V36/><F73/><W32/><G72/><T92/><D108/><U1/><E31/><V113/><F113/><W28/><G118/><T33/><D65/><U5/><E1/><V48/><F135/><W81/><G106/><T8/><D76/><U71/><E79/><V27/><F60/><W22/><G81/><T109/><D109/><U125/><E64/><V57/><F57/><W111/><G111/><T42/><D42/><U103/><E15/><V58/><F58/><W116/><G116/><T11/><D33/><U12/><E12/><V13/><F13/><W100/><G100/><T132/><D132/><U56/><E56/><V89/><F129/><W74/><G74/><T110/><D110/><U20/><E99/><V78/><F78/><W19/><G68/><T102/><D102/><U30/><E94/><V121/><F25/><N who="0" m="9834" /><D3/><U97/><E97/><V53/><F36/><W77/><G69/><T104/><D104/><U122/><E30/><N who="2" m="17791" /><F37/><W39/><G39/><T66/><D66/><U85/><E85/><V62/><F62/><W46/><G77/><T75/><D75/><U90/><E122/><V9/><F48/><W96/><G32/><T107/><D107/><U63/><E63/><V133/><F133/><W86/><G28/><T50/><D0/><U131/><E131/><V4/><F51/><W98/><G114/><T47/><D91/><U80/><E90/><V40/><F123/><W130/><G130/><T95/><D55/><U35/><E35/><V54/><F121/><W119/><G115/><T83/><AGARI ba="2,0" hai="8,10,11,47,50,52,83,87,88,92,95" m="9834" machi="83" ten="30,11700,0" yaku="5,1,8,1,54,2" doraHai="134" who="0" fromWho="0" sc="419,123,211,-41,201,-41,169,-41" />
</Scene>
<Scene>
<INIT seed="0,3,0,1,5,125" ten="542,170,160,128" oya="0" hai0="86,57,131,1,87,100,94,40,35,42,115,124,31" hai1="81,27,111,33,83,37,133,46,106,34,13,17,98" hai2="54,49,99,129,15,128,7,26,122,10,32,56,53" hai3="44,69,70,119,38,126,96,45,118,92,108,67,84"/><T123/><D115/><U114/><E114/><V28/><F122/><W16/><G126/><T9/><D123/><U91/><E111/><V23/><F99/><W8/><G108/><T74/><D124/><U82/><E133/><V0/><F54/><W2/><G84/><T11/><D74/><U68/><E68/><V117/><F117/><W30/><G30/><T127/><D127/><U61/><E61/><V85/><F85/><W36/><G2/><T78/><D1/><U22/><E27/><V105/><F105/><W41/><G67/><T51/><D35/><U48/><E37/><V104/><F104/><W93/><G8/><T65/><D31/><U43/><REACH who="1" step="1"/><E91/><REACH who="1" ten="542,160,160,128" step="2"/><V29/><F28/><W109/><G109/><T95/><D100/><AGARI ba="3,1" hai="13,17,22,33,34,43,46,48,81,82,83,98,100,106" machi="100" ten="40,2600,0" yaku="1,1,2,1,53,0" doraHai="125" doraHaiUra="73" who="1" fromWho="0" sc="542,-35,160,45,160,0,128,0" />
</Scene>
<Scene>
<INIT seed="1,0,0,0,4,33" ten="507,205,160,128" oya="1" hai0="6,107,115,3,32,16,96,128,69,117,0,110,62" hai1="100,9,126,1,61,35,113,12,94,104,120,87,127" hai2="54,10,109,66,95,34,47,79,13,57,78,4,21" hai3="29,121,81,28,132,72,5,43,14,38,67,41,39"/><U17/><E113/><V60/><F34/><W56/><G121/><T30/><D115/><U44/><E120/><V124/><F109/><W76/><G132/><T85/><D117/><U73/><E73/><V131/><F131/><W91/><G91/><T75/><D75/><U22/><E35/><V74/><F74/><W98/><G98/><T112/><D112/><U105/><E44/><V52/><F124/><N who="1" m="47657" /><E61/><V122/><F122/><W18/><G5/><T59/><D110/><U130/><E130/><V25/><F95/><W88/><G88/><T82/><D128/><U8/><E87/><V92/><F92/><W42/><G39/><T118/><D118/><U114/><E114/><V71/><F47/><W123/><G38/><T84/><D69/><U53/><E53/><N who="2" m="20587" /><F71/><W119/><G119/><T103/><D85/><U99/><E1/><V86/><F86/><W97/><G123/><T90/><D6/><N who="1" m="3095" /><E9/><V26/><F25/><AGARI ba="0,0" hai="17,22,25,94,99,100,104,105" m="3095,47657" machi="25" ten="30,1500,0" yaku="18,1" doraHai="33" who="1" fromWho="2" sc="507,0,205,15,160,-15,128,0" />
</Scene>
<Scene>
<INIT seed="1,1,0,4,4,118" ten="507,220,145,128" oya="1" hai0="135,31,104,95,76,75,7,44,53,97,10,91,64" hai1="34,46,8,80,105,108,32,127,124,94,126,114,55" hai2="61,66,28,86,38,133,129,83,72,43,4,100,57" hai3="92,45,117,30,12,35,17,120,13,121,59,68,96"/><U99/><E114/><V56/><F72/><W58/><G68/><T123/><D135/><U41/><E105/><V19/><F133/><W48/><G117/><T102/><D64/><U33/><E108/><V112/><F4/><W128/><G128/><T51/><D31/><U101/><E55/><V18/><F129/><W107/><G107/><T106/><D123/><U36/><E80/><V29/><F100/><W40/><G35/><T37/><D102/><U65/><E65/><V62/><F112/><W81/><G30/><N who="2" m="11881" /><F43/><W5/><G81/><T131/><D131/><U52/><E8/><V134/><F38/><W116/><G116/><T89/><D89/><U14/><E14/><V2/><F2/><W122/><G5/><T85/><D97/><U73/><E52/><N who="2" m="33927" /><F134/><W111/><G111/><T27/><D37/><U20/><E20/><V22/><F22/><W70/><G70/><T125/><D106/><U115/><E115/><V71/><F71/><W130/><G130/><T110/><D104/><U42/><E42/><V74/><F74/><AGARI ba="1,0" hai="32,33,34,36,41,46,73,74,94,99,101,124,126,127" machi="74" ten="50,2400,0" yaku="18,1" doraHai="118" who="1" fromWho="2" sc="507,0,220,27,145,-27,128,0" />
</Scene>
<Scene>
<INIT seed="1,2,0,3,5,41" ten="507,247,118,128" oya="1" hai0="72,52,97,98,122,18,56,117,119,118,19,66,5" hai1="42,133,103,99,46,120,58,84,1,109,75,62,24" hai2="116,38,102,92,22,127,100,36,110,7,31,106,101" hai3="49,128,95,50,64,115,47,43,20,91,14,104,35"/><U32/><E75/><V61/><F116/><W33/><G104/><T86/><D72/><U76/><E120/><V124/><F106/><W51/><G115/><T48/><D122/><U85/><E1/><V68/><F7/><W113/><G113/><T15/><D86/><U112/><E112/><V59/><F68/><W80/><G128/><T6/><D66/><U87/><E133/><V28/><F110/><W129/><G129/><T4/><REACH who="0" step="1"/><D19/><REACH who="0" ten="497,247,118,128" step="2"/><U8/><E85/><V121/><F121/><W13/><G64/><T60/><D60/><U54/><E87/><V114/><F114/><W71/><G80/><T132/><D132/><U78/><E84/><V125/><F92/><W88/><G71/><T21/><AGARI ba="2,1" hai="4,5,6,15,18,21,48,52,56,97,98,117,118,119" machi="21" ten="40,5200,0" yaku="1,1,0,1,54,1,53,0" doraHai="41" doraHaiUra="82" who="0" fromWho="0" sc="497,68,247,-28,118,-15,128,-15" />
</Scene>
<Scene>
<INIT seed="2,0,0,0,3,135" ten="565,219,103,113" oya="2" hai0="33,39,71,6,95,60,93,66,4,76,87,123,64" hai1="86,8,62,78,92,34,110,102,56,9,49,42,45" hai2="120,84,113,112,96,1,106,17,129,20,128,54,35" hai3="85,74,2,12,55,108,47,27,105,126,43,15,48"/><V97/><F35/><W65/><G74/><T30/><D123/><U70/><E34/><V101/><F1/><W57/><G2/><T37/><D33/><U10/><E70/><V31/><F31/><W89/><G105/><T25/><D25/><U82/><E110/><V77/><F120/><W125/><G108/><T14/><D30/><U98/><REACH who="1" step="1"/><E9/><REACH who="1" ten="565,209,103,113" step="2"/><V75/><F113/><W83/><G65/><AGARI ba="0,1" hai="8,10,42,45,49,56,62,65,78,82,86,92,98,102" machi="65" ten="30,12000,2" yaku="1,1,2,1,7,1,8,1,53,2" doraHai="135" doraHaiUra="5" who="1" fromWho="3" sc="565,0,209,130,103,0,113,-120" owari="565,67.0,339,14.0,103,-30.0,-7,-51.0" />
</Scene>
</mjloggm>