<mjloggm ver="2.3"><GO type="169" lobby="0"/><UN n0="%E5%A4%AA%E3%81%8F%E3%81%AA%E3%81%84%E3%81%8A" n1="%E3%81%8F%E3%82%89%E3%81%BF%E3%81%98%E3%81%82" n2="%E3%81%B5%E3%81%8B%E3%81%98" n3="%E3%81%A7%E3%81%97%EF%BC%96" dan="18,16,17,16" rate="2235.42,2178.41,2114.30,2117.88" sx="M,M,M,M"/><TAIKYOKU oya="0"/>

<Scene>
<INIT seed="0,0,0,0,4,115" ten="250,250,250,250" oya="0" hai0="101,10,56,37,93,49,114,78,2,9,64,112,111" hai1="108,30,46,71,55,74,119,117,44,80,104,72,65" hai2="128,110,54,77,52,1,53,61,57,48,133,125,89" hai3="42,19,8,5,0,105,79,31,33,15,82,17,81"/><T76/><D37/><U107/><E30/><V127/><F1/><W73/><G105/><T70/><D70/><U62/><E108/><V84/><F110/><W66/><G66/><T88/><D111/><U7/><E7/><V92/><F128/><W68/><G68/><T132/><D132/><U45/><E55/><V26/><F133/><W41/><G81/><T51/><D101/><U85/><E104/><V131/><F131/><W67/><G67/><T116/><D2/><U24/><E24/><V86/><F26/><N who="3" m="18679" /><G19/><T121/><D121/><U96/><E96/><V102/><F102/><W129/><G129/><T36/><D36/><U58/><E107/><V39/><F39/><W124/><G124/><N who="2" m="47689" /><F61/><W60/><G60/><T106/><D106/><U75/><REACH who="1" step="1"/><E71/><REACH who="1" ten="250,240,250,250" step="2"/><V97/><F97/><W20/><AGARI ba="0,1" hai="0,5,8,15,17,20,41,42,73,79,82" m="18679" machi="20" ten="30,1100,0" yaku="24,1" doraHai="115" who="3" fromWho="3" sc="250,-5,240,-3,250,-3,250,21" />
</Scene>
<Scene>
<INIT seed="1,0,0,0,0,84" ten="245,237,247,271" oya="1" hai0="118,111,32,81,46,102,45,58,104,60,25,10,64" hai1="113,129,65,121,105,13,2,95,96,86,55,11,78" hai2="34,73,39,114,100,72,0,36,79,70,66,17,97" hai3="135,93,61,132,59,123,54,67,94,50,90,1,98"/><U12/><E121/><V9/><F17/><W20/><G123/><T75/><D118/><U48/><E105/><N who="2" m="63631" /><F34/><W27/><G1/><T28/><D111/><U57/><E113/><V85/><F85/><W62/><G94/><T14/><D104/><U63/><E129/><V125/><F125/><W56/><REACH who="3" step="1"/><G50/><REACH who="3" ten="245,237,247,261" step="2"/><T6/><D102/><U29/><E2/><V33/><F0/><W37/><G37/><T3/><D3/><U119/><E119/><V131/><F39/><W116/><G116/><T130/><D130/><U7/><E13/><V77/><F36/><W23/><G23/><T128/><D128/><U76/><E29/><AGARI ba="0,1" hai="20,27,29,54,56,59,61,62,67,90,93,98,132,135" machi="29" ten="40,2600,0" yaku="1,1,52,1,53,0" doraHai="84" doraHaiUra="103" who="3" fromWho="1" sc="245,0,237,-26,247,0,261,36" />
</Scene>
<Scene>
<INIT seed="2,0,0,3,1,37" ten="245,211,247,297" oya="2" hai0="77,16,90,29,121,105,126,57,73,67,28,115,5" hai1="2,61,3,112,125,63,96,51,88,134,62,94,6" hai2="86,92,93,15,47,116,43,85,75,58,24,13,76" hai3="95,123,18,78,42,130,44,64,110,0,49,31,26"/><V25/><F116/><W98/><G123/><T10/><D121/><U39/><E39/><V83/><F58/><W91/><G110/><T82/><D115/><U106/><E112/><V117/><F117/><W34/><G130/><T128/><D105/><U1/><E134/><V68/><F68/><W107/><G0/><T35/><D128/><U66/><E125/><V118/><F118/><W129/><G129/><T40/><D126/><U80/><E106/><V7/><F75/><W120/><G120/><T79/><D79/><U52/><E80/><V109/><F109/><W102/><G78/><T70/><D70/><U132/><E132/><V127/><F127/><W27/><G64/><T108/><D108/><U32/><E32/><V124/><F124/><W12/><G27/><N who="2" m="10313" /><F86/><W22/><REACH who="3" step="1"/><G107/><REACH who="3" ten="245,211,247,287" step="2"/><T104/><D104/><U23/><E66/><V53/><F76/><W46/><G46/><T100/><D77/><U74/><E74/><V65/><F65/><W113/><G113/><T30/><D73/><U71/><E71/><V48/><F47/><W103/><AGARI ba="0,1" hai="12,18,22,26,31,34,42,44,49,91,95,98,102,103" machi="103" ten="30,7900,0" yaku="1,1,0,1,52,1,53,1" doraHai="37" doraHaiUra="20" who="3" fromWho="3" sc="245,-20,211,-20,247,-39,287,89" />
</Scene>
<Scene>
<INIT seed="3,0,0,4,3,23" ten="225,191,208,376" oya="3" hai0="60,1,85,105,93,125,104,61,4,127,66,3,77" hai1="58,84,67,9,6,75,101,86,39,100,131,33,30" hai2="83,89,112,71,117,78,57,135,102,73,53,52,28" hai3="121,88,64,113,120,119,8,40,43,16,31,128,70"/><W38/><G119/><T96/><D77/><U92/><E75/><V24/><F117/><W126/><G113/><T17/><D85/><U5/><E39/><V10/><F112/><W14/><G126/><N who="0" m="48139" /><D17/><U79/><E79/><V107/><F71/><W27/><G128/><T106/><D4/><U98/><E101/><V7/><F135/><W11/><G11/><T13/><D13/><U32/><E131/><V110/><F110/><W69/><G69/><N who="0" m="42183" /><D61/><U19/><E19/><V108/><F108/><W50/><G38/><T103/><AGARI ba="0,0" hai="1,3,93,96,103,104,105,106" m="42183,48139" machi="103" ten="40,1500,0" yaku="18,1" doraHai="23" who="0" fromWho="0" sc="225,15,191,-4,208,-4,376,-7" />
</Scene>
<Scene>
<INIT seed="4,0,0,1,1,128" ten="240,187,204,369" oya="0" hai0="59,83,56,120,35,55,63,43,124,37,29,11,96" hai1="106,74,36,98,2,91,22,135,19,82,31,100,23" hai2="78,32,10,4,123,5,40,86,34,68,44,113,132" hai3="111,117,57,94,126,45,9,16,21,58,20,39,52"/><T97/><D120/><U88/><E2/><V41/><F123/><W8/><G117/><T89/><D124/><U51/><E36/><V71/><F113/><W28/><G111/><T66/><D35/><U76/><E135/><V129/><F129/><W0/><G126/><T72/><D29/><U77/><E77/><V53/><F53/><W15/><G39/><T48/><D11/><N who="3" m="4169" /><G0/><T130/><D130/><U103/><E103/><V13/><F132/><W134/><G134/><T107/><D107/><U46/><E31/><V6/><F34/><W26/><G94/><T38/><D38/><U119/><E119/><V42/><F32/><W110/><G110/><T84/><REACH who="0" step="1"/><D72/><REACH who="0" ten="230,187,204,369" step="2"/><U17/><E23/><V61/><F10/><W25/><G25/><T60/><D60/><U90/><REACH who="1" step="1"/><E22/><REACH who="1" ten="230,177,204,369" step="2"/><V118/><F118/><W114/><G114/><T121/><D121/><U75/><E75/><V112/><F112/><W81/><G21/><T127/><D127/><U93/><E93/><V104/><F104/><W87/><G28/><T1/><D1/><U73/><E73/><V64/><F61/><W24/><G24/><T122/><D122/><U131/><E131/><V70/><F13/><W101/><G15/><T115/><D115/><U14/><E14/><V105/><F105/><W95/><G26/><T30/><D30/><U69/><E69/><V125/><F125/><W116/><G116/><T54/><D54/><AGARI ba="0,2" hai="17,19,46,51,54,74,76,82,88,90,91,98,100,106" machi="54" ten="40,8000,1" yaku="1,1,54,1,53,3" doraHai="128" doraHaiUra="85" who="1" fromWho="0" sc="230,-80,177,100,204,0,369,0" />
</Scene>
<Scene>
<INIT seed="5,0,0,2,3,109" ten="150,277,204,369" oya="1" hai0="54,116,58,126,127,87,24,123,96,46,72,44,107" hai1="49,76,114,2,40,5,31,3,36,130,32,119,18" hai2="29,101,60,68,23,25,83,71,61,124,38,12,135" hai3="15,132,108,106,55,19,105,75,53,1,57,81,113"/><U69/><E36/><V117/><F117/><W92/><G108/><T79/><D116/><U6/><E119/><V48/><F38/><W7/><G132/><T52/><D72/><U128/><E69/><V30/><F135/><W56/><G92/><T9/><D123/><U39/><E39/><V45/><F124/><N who="0" m="47658" /><D9/><U103/><E103/><V41/><F101/><W21/><G113/><T73/><D73/><U121/><E76/><V43/><F83/><W89/><G1/><T13/><D13/><U85/><E85/><V59/><F12/><W17/><G7/><T65/><D65/><U120/><E49/><V37/><F30/><W100/><G100/><N who="0" m="62855" /><D24/><U28/><E40/><V50/><F37/><W47/><G75/><T104/><D104/><U86/><E86/><V35/><F35/><W84/><G47/><N who="0" m="17963" /><D58/><U99/><E99/><V112/><F59/><W111/><G111/><T26/><D26/><U51/><E51/><V27/><F45/><W102/><G102/><T82/><AGARI ba="0,0" hai="52,54,79,82,87" m="17963,62855,47658" machi="82" ten="30,2000,0" yaku="18,1,54,1" doraHai="109" who="0" fromWho="0" sc="150,20,277,-10,204,-5,369,-5" />
</Scene>
<Scene>
<INIT seed="6,0,0,5,3,115" ten="170,267,199,364" oya="2" hai0="26,85,78,101,36,62,40,102,82,4,32,49,94" hai1="124,133,19,95,112,109,135,35,90,50,110,106,13" hai2="126,28,43,68,33,17,73,39,123,9,88,107,89" hai3="24,92,134,15,130,38,21,70,53,16,60,47,29"/><V84/><F123/><W61/><G130/><T14/><D36/><U3/><E106/><V132/><F73/><W71/><G134/><N who="1" m="51210" /><E3/><V127/><F68/><W66/><G92/><T57/><D32/><U1/><E1/><V72/><F72/><W58/><G70/><T0/><D0/><U121/><E35/><V25/><F132/><W30/><REACH who="3" step="1"/><G24/><REACH who="3" ten="170,267,199,354" step="2"/><T122/><D122/><U42/><E121/><V87/><F25/><W96/><G96/><T55/><D94/><U65/><E112/><V20/><F107/><W100/><G100/><T114/><D26/><U23/><E124/><V64/><F126/><W37/><G37/><T8/><D114/><U125/><E125/><V5/><F39/><W98/><G98/><T77/><D77/><U54/><E110/><V56/><F127/><W12/><G12/><T63/><D63/><U75/><E109/><V41/><F89/><W99/><G99/><T34/><D34/><U2/><E2/><V113/><F88/><W31/><G31/><T7/><D7/><U67/><E90/><V118/><F113/><W51/><G51/><T120/><D120/><U6/><E95/><V83/><F28/><W45/><G45/><AGARI ba="0,1" hai="4,8,14,40,45,49,55,57,62,78,82,85,101,102" machi="45" ten="40,5200,0" yaku="25,2,8,1" doraHai="115" who="0" fromWho="3" sc="170,62,267,0,199,0,354,-52" />
</Scene>
<Scene>
<INIT seed="7,0,0,1,1,18" ten="232,267,199,302" oya="3" hai0="21,3,11,36,127,119,114,38,52,61,75,67,79" hai1="47,94,68,93,65,9,35,60,16,86,124,8,78" hai2="104,134,120,14,53,99,118,4,42,56,73,85,95" hai3="126,96,5,12,74,102,19,58,88,31,109,112,131"/><W71/><G71/><N who="0" m="42479" /><D52/><U32/><E124/><V135/><F118/><W33/><G112/><T45/><D21/><U40/><E93/><V7/><F73/><W69/><G69/><T111/><D119/><U24/><E32/><V34/><F34/><W133/><G102/><T117/><D117/><U70/><E70/><V62/><F120/><W92/><G31/><T48/><D48/><U132/><E132/><N who="2" m="50731" /><F42/><W29/><G74/><T77/><D77/><U50/><E35/><V20/><F85/><W128/><G5/><N who="2" m="2121" /><F104/><W110/><G133/><T6/><D127/><U80/><REACH who="1" step="1"/><E94/><REACH who="1" ten="232,257,199,302" step="2"/><V130/><F130/><W46/><G92/><T54/><D114/><U57/><E57/><V22/><F14/><W27/><G12/><T64/><D111/><U125/><E125/><V17/><F17/><W115/><G126/><T90/><D6/><U63/><E63/><V15/><F15/><W107/><G115/><T23/><D3/><U105/><E105/><V121/><F121/><W10/><G19/><T97/><D97/><U26/><E26/><V81/><F81/><W87/><G110/><T66/><D45/><U100/><E100/><AGARI ba="0,1" hai="20,22,53,56,62,95,99,100" m="2121,50731" machi="100" ten="30,3900,0" yaku="20,1,52,2" doraHai="18" who="2" fromWho="1" sc="232,0,257,-39,199,49,302,0" owari="232,-17.0,218,-28.0,248,5.0,302,40.0" />
</Scene>
</mjloggm>