<mjloggm ver="2.3"><GO type="169" lobby="0"/><UN n0="%7A%65%72%6F%52%58" n1="%6D%79" n2="%E5%A4%AA%E3%81%8F%E3%81%AA%E3%81%84%E3%81%8A" n3="%E5%AE%89%E7%9C%A0%E3%83%9E%E3%82%AF%E3%83%A9" dan="17,16,18,17" rate="2195.05,2065.48,2178.23,2204.41" sx="M,M,M,F"/><TAIKYOKU oya="0"/>

<Scene>
<INIT seed="0,0,0,2,2,84" ten="250,250,250,250" oya="0" hai0="102,26,56,75,117,46,132,109,5,67,62,57,72" hai1="14,6,69,30,92,126,10,59,61,8,130,54,95" hai2="42,131,71,28,40,74,122,73,116,60,90,15,94" hai3="65,114,39,121,83,78,115,80,97,49,113,79,105"/><T111/><D117/><U11/><E130/><V38/><F122/><W3/><G39/><T100/><D132/><U36/><E36/><V50/><F38/><W89/><G3/><T13/><D26/><U106/><E106/><V70/><F131/><W63/><G121/><T53/><D46/><U21/><E126/><V87/><F116/><W77/><G49/><N who="0" m="30767" /><D5/><U98/><E69/><V24/><F15/><W64/><G64/><T82/><D13/><U135/><E135/><V108/><F24/><W33/><G33/><T7/><D7/><U86/><E86/><V25/><F87/><N who="3" m="50431" /><G63/><T124/><D124/><U118/><E118/><V19/><F60/><W120/><G65/><T23/><D23/><U12/><E12/><V4/><F50/><W22/><G22/><T123/><D123/><U37/><E37/><V55/><F25/><W32/><G32/><T133/><D133/><U104/><E104/><V20/><F20/><W125/><G120/><T110/><D75/><U81/><E81/><V58/><F73/><N who="3" m="43119" /><G125/><T119/><D119/><U31/><E95/><V103/><F94/><W1/><G1/><T44/><D44/><U68/><E68/><V76/><F70/><W134/><G134/><T29/><D29/><N who="1" m="10763" /><E21/><V99/><F71/><W35/><G35/><T43/><D43/><U47/><E47/><V101/><F42/><W85/><G85/><T51/><D51/><U41/><E41/><V52/><F40/><W127/><G127/><T48/><D48/><U91/><AGARI ba="0,0" hai="6,8,10,11,14,54,59,61,91,92,98" m="10763" machi="91" ten="30,2000,0" yaku="8,1,52,1" doraHai="84" who="1" fromWho="1" sc="250,-10,250,20,250,-5,250,-5" />
</Scene>
<Scene>
<INIT seed="1,0,0,4,2,126" ten="240,270,245,245" oya="1" hai0="94,15,40,85,123,49,43,42,8,91,27,96,120" hai1="39,18,10,26,105,111,112,13,76,38,59,30,19" hai2="1,28,90,69,21,127,84,107,51,89,16,103,48" hai3="135,133,35,73,93,106,95,87,124,129,72,34,121"/><U61/><E112/><V74/><F74/><N who="3" m="28779" /><G121/><N who="0" m="46667" /><D27/><U31/><E105/><V0/><F69/><W6/><G6/><N who="0" m="3479" /><D96/><U47/><E111/><V46/><F28/><W36/><G36/><T9/><D9/><U78/><E19/><V2/><F127/><W132/><G106/><T77/><D77/><U58/><E58/><V109/><F109/><W70/><G70/><T79/><D79/><U101/><E101/><V100/><F107/><W102/><G124/><T64/><D64/><U32/><E31/><V114/><F114/><W131/><G87/><T29/><D29/><U97/><E97/><V53/><F89/><W75/><N who="3" m="28787" /><W62/><DORA hai="67" /><G62/><T83/><D49/><U108/><E108/><V98/><F51/><W7/><G7/><T113/><D113/><U5/><E5/><V52/><F98/><N who="3" m="59743" /><G93/><AGARI ba="0,0" hai="40,42,43,83,85,91,93,94" m="3479,46667" machi="93" ten="30,1000,0" yaku="13,1" doraHai="126,67" who="0" fromWho="3" sc="240,10,270,0,245,0,245,-10" />
</Scene>
<Scene>
<INIT seed="2,0,0,0,1,114" ten="250,270,245,235" oya="2" hai0="101,34,103,47,18,130,109,37,78,6,2,3,129" hai1="31,19,97,122,43,10,32,77,53,8,56,48,50" hai2="134,119,26,21,81,127,14,29,15,16,52,88,113" hai3="70,96,90,124,99,117,67,61,131,23,76,75,123"/><V83/><F113/><W74/><G123/><T68/><D68/><U94/><E122/><V65/><F127/><W20/><G124/><T51/><D37/><U28/><E77/><V107/><F107/><W1/><G1/><T5/><D34/><U24/><E31/><V110/><F134/><W100/><G131/><N who="0" m="50187" /><D109/><U108/><E108/><V92/><F110/><W11/><G117/><T71/><D78/><U104/><E104/><V33/><F65/><W45/><G11/><T49/><D71/><U89/><E19/><V7/><F119/><W60/><G76/><T125/><D18/><U25/><E25/><V112/><F112/><W82/><G45/><T40/><D51/><U0/><E0/><N who="0" m="41" /><D125/><U39/><E39/><V135/><F135/><W62/><G70/><T79/><D79/><U42/><E48/><V36/><F36/><W98/><G100/><AGARI ba="0,0" hai="5,6,40,47,49,100,101,103" m="41,50187" machi="100" ten="30,1000,0" yaku="19,1" doraHai="114" who="0" fromWho="3" sc="250,10,270,0,245,0,235,-10" />
</Scene>
<Scene>
<INIT seed="3,0,0,5,1,17" ten="260,270,245,225" oya="3" hai0="46,24,34,121,23,27,47,63,93,5,25,122,38" hai1="96,35,4,86,51,64,92,119,62,53,81,107,41" hai2="67,70,65,97,91,88,128,100,94,110,101,45,103" hai3="77,6,126,133,16,7,114,104,74,30,102,8,66"/><W87/><G114/><T76/><D34/><U95/><E107/><V129/><F110/><W125/><G74/><T15/><D76/><U59/><E35/><V75/><F75/><W69/><G133/><T83/><D83/><U124/><E119/><V13/><F70/><W80/><G30/><T56/><D38/><U130/><E124/><N who="3" m="47722" /><G102/><T60/><D93/><U127/><E127/><V68/><F91/><W57/><G69/><T14/><D5/><U22/><E130/><N who="2" m="50283" /><F68/><W40/><G40/><T111/><D25/><U48/><E4/><V134/><F134/><W99/><G99/><T106/><D56/><U113/><E113/><V10/><F45/><W3/><G104/><T54/><D106/><U37/><E37/><V26/><F26/><W123/><G123/><T120/><D120/><U73/><E73/><V44/><F44/><W29/><G29/><T98/><D98/><U28/><E41/><V33/><F33/><W1/><G16/><AGARI ba="0,0" hai="10,13,16,65,67,88,94,97,100,101,103" m="50283" machi="16" ten="30,3900,0" yaku="19,1,54,2" doraHai="17" who="2" fromWho="3" sc="260,0,270,0,245,39,225,-39" />
</Scene>
<Scene>
<INIT seed="4,0,0,5,1,27" ten="260,270,284,186" oya="0" hai0="68,122,79,17,55,44,102,5,80,18,107,99,129" hai1="67,89,28,10,69,109,123,6,4,135,114,64,126" hai2="11,105,31,41,42,65,128,97,84,76,30,74,37" hai3="62,1,88,93,118,132,2,73,77,106,120,3,24"/><T82/><D122/><U48/><E109/><V12/><F74/><W7/><G118/><T57/><D68/><U23/><E123/><V112/><F112/><W61/><G106/><T19/><D129/><U133/><E114/><V125/><F128/><W14/><G120/><T9/><D44/><U108/><E108/><V63/><F125/><W50/><G132/><N who="1" m="50762" /><E6/><V81/><F105/><W100/><G100/><T34/><D34/><U71/><E48/><V101/><F37/><W59/><G24/><T22/><D22/><U32/><E32/><V78/><F78/><W46/><G73/><T86/><D82/><U98/><E126/><V85/><F85/><W43/><G77/><T56/><REACH who="0" step="1"/><D55/><REACH who="0" ten="250,270,284,186" step="2"/><U13/><E71/><V91/><F41/><W110/><G110/><T127/><D127/><U25/><E69/><V53/><F42/><W52/><G43/><T45/><D45/><U134/><E134/><V29/><F53/><W124/><G124/><T92/><D92/><AGARI ba="0,1" hai="4,10,13,23,25,28,64,67,89,92,98" m="50762" machi="92" ten="30,2000,0" yaku="20,1,52,1" doraHai="27" who="1" fromWho="0" sc="250,-20,270,30,284,0,186,0" />
</Scene>
<Scene>
<INIT seed="5,0,0,1,2,132" ten="230,300,284,186" oya="1" hai0="107,123,33,41,8,133,1,55,118,38,78,130,43" hai1="86,104,7,98,68,14,28,135,81,2,49,115,6" hai2="51,121,27,99,83,126,77,18,40,16,0,50,63" hai3="67,111,128,92,74,114,53,25,10,134,42,31,36"/><U109/><E68/><V20/><F121/><W105/><G111/><T112/><RYUUKYOKU type="yao9" ba="0,0" sc="230,0,300,0,284,0,186,0" hai0="1,8,33,38,41,43,55,78,107,112,118,123,130,133" />
</Scene>
<Scene>
<INIT seed="5,1,0,0,1,30" ten="230,300,284,186" oya="1" hai0="88,120,121,2,10,6,134,48,56,127,86,13,27" hai1="131,96,58,68,105,123,118,32,23,16,98,95,60" hai2="38,116,64,33,103,44,78,94,126,12,81,1,39" hai3="18,55,8,67,97,24,122,82,49,35,79,76,85"/><U11/><E118/><V61/><F1/><W19/><G122/><N who="0" m="47211" /><D134/><U133/><E123/><V72/><F116/><W20/><G67/><T62/><D127/><U46/><E133/><V117/><F117/><W128/><G128/><T45/><D27/><U70/><E131/><V4/><F126/><W66/><G66/><T47/><D48/><U91/><E11/><V36/><F12/><W50/><G35/><T104/><D104/><U52/><E46/><V83/><F4/><W112/><G112/><T54/><D2/><U41/><E41/><V119/><F119/><W21/><G8/><T74/><D74/><U42/><E42/><V84/><F44/><W75/><G97/><T130/><D130/><U93/><E105/><V37/><F33/><W102/><G102/><T80/><AGARI ba="1,0" hai="6,10,13,45,47,54,56,62,80,86,88" m="47211" machi="80" ten="30,2000,0" yaku="13,1,54,1" doraHai="30" who="0" fromWho="0" sc="230,23,300,-11,284,-6,186,-6" />
</Scene>
<Scene>
<INIT seed="6,0,0,5,0,129" ten="253,289,278,180" oya="2" hai0="1,12,77,27,18,104,28,17,80,70,42,121,103" hai1="76,97,116,92,41,52,45,106,135,66,4,53,95" hai2="123,100,82,59,130,40,86,32,72,61,90,75,122" hai3="14,118,64,37,87,23,124,25,34,88,48,36,84"/><V115/><F32/><W134/><G118/><T67/><D1/><U22/><E116/><V13/><F130/><W55/><G124/><T31/><D121/><U101/><E76/><V63/><F115/><W16/><G134/><T85/><D42/><U20/><E66/><V108/><F108/><W38/><G64/><T127/><D104/><U68/><E68/><V78/><F40/><W3/><G3/><T71/><D103/><U24/><E4/><V102/><F63/><W15/><G34/><T125/><D18/><U126/><E126/><N who="0" m="48137" /><D67/><U5/><E5/><V132/><F100/><W19/><G84/><T44/><D44/><U65/><E65/><V30/><F102/><W81/><REACH who="3" step="1"/><G19/><REACH who="3" ten="253,289,278,170" step="2"/><T46/><D17/><U112/><E135/><V57/><F132/><W93/><G93/><T47/><D85/><U83/><E95/><V131/><F131/><W26/><G26/><T54/><D27/><U113/><E24/><V119/><F119/><W117/><G117/><T51/><D12/><U133/><E133/><V99/><F13/><W73/><G73/><T58/><D71/><U35/><E35/><V43/><F75/><W49/><G49/><T11/><D70/><U10/><E92/><N who="2" m="56727" /><F72/><W21/><G21/><T107/><D107/><U6/><E22/><V9/><F61/><W111/><G111/><T50/><D50/><N who="1" m="26927" /><E20/><V128/><F128/><W7/><G7/><T91/><D51/><U29/><E113/><V2/><F2/><W120/><G120/><T69/><D69/><U89/><E112/><V74/><F123/><W98/><G98/><T114/><D114/><RYUUKYOKU ba="0,1" sc="253,-10,289,-10,278,-10,170,30" hai3="14,15,16,23,25,36,37,38,48,55,81,87,88" />
</Scene>
<Scene>
<INIT seed="7,1,1,0,4,42" ten="243,279,268,200" oya="3" hai0="96,50,59,83,1,103,133,0,39,56,44,80,75" hai1="4,74,134,51,106,91,11,110,12,98,34,63,118" hai2="113,86,88,94,129,65,108,40,122,124,115,54,15" hai3="58,22,81,38,53,28,105,61,119,5,14,43,93"/><W72/><G105/><T100/><D39/><U21/><E34/><V6/><F108/><W97/><G119/><T46/><D75/><U24/><E110/><V17/><F124/><W2/><G2/><T67/><D50/><U130/><E74/><V76/><F129/><W78/><G5/><T107/><D67/><U45/><E130/><V27/><F122/><W87/><G72/><T120/><D96/><U37/><E37/><V121/><F121/><W29/><G38/><T18/><D120/><U16/><E118/><V30/><F6/><W111/><G43/><T23/><D23/><U85/><E134/><V132/><F65/><W13/><G111/><T104/><D18/><U79/><E79/><V3/><F3/><W116/><G116/><T135/><AGARI ba="1,1" hai="0,1,44,46,56,59,80,83,100,103,104,107,133,135" machi="135" ten="25,8000,1" yaku="0,1,22,2,52,2" doraHai="42" who="0" fromWho="0" sc="243,93,279,-21,268,-21,200,-41" owari="336,43.0,258,6.0,247,-15.0,159,-34.0" />
</Scene>
</mjloggm>