<mjloggm ver="2.3"><GO type="169" lobby="0"/><UN n0="%E3%80%90%E3%81%A1%E3%82%85%E3%81%AE%E3%81%A0%E3%80%91" n1="%E5%A4%AA%E3%81%8F%E3%81%AA%E3%81%84%E3%81%8A" n2="%E3%81%B3%E3%82%8A%E3%81%B3%E3%82%8A%E2%98%86%E3%83%93%E3%83%AA%E3%83%BC" n3="%E3%81%91%E3%82%93%31%39%37%30" dan="16,17,17,16" rate="2078.73,2176.05,2184.80,2176.53" sx="M,M,M,M"/><TAIKYOKU oya="0"/>

<Scene>
<INIT seed="0,0,0,1,4,11" ten="250,250,250,250" oya="0" hai0="72,66,69,7,39,32,74,47,102,116,65,67,61" hai1="45,101,9,51,54,53,48,3,78,119,40,100,126" hai2="52,46,20,16,89,105,128,113,95,85,56,13,25" hai3="106,29,10,6,57,64,58,108,0,73,79,55,93"/><T98/><D116/><U90/><E119/><V122/><F113/><W35/><G106/><N who="0" m="63831" /><D66/><U99/><E126/><V135/><F122/><W75/><G64/><T94/><D94/><N who="1" m="56791" /><E3/><V117/><F105/><W70/><G70/><N who="0" m="42287" /><D7/><U59/><E78/><V63/><F117/><W112/><G93/><T83/><D83/><U33/><E33/><V24/><F135/><W91/><G91/><T96/><D96/><U103/><E9/><V26/><F128/><W68/><G68/><T60/><D32/><U14/><E14/><V30/><REACH who="2" step="1"/><F46/><REACH who="2" ten="250,250,240,250" step="2"/><W38/><G112/><T84/><D84/><U109/><E109/><V104/><F104/><W5/><G108/><T86/><D86/><U23/><E45/><V49/><F49/><W43/><G75/><T92/><D92/><U115/><E51/><V129/><F129/><W120/><G73/><T12/><D47/><U19/><E115/><V34/><AGARI ba="0,1" hai="13,16,20,24,25,26,30,34,52,56,63,85,89,95" machi="34" ten="20,12000,2" yaku="1,1,0,1,7,1,52,1,54,2,53,0" doraHai="11" doraHaiUra="62" who="2" fromWho="2" sc="250,-60,250,-30,240,130,250,-30" />
</Scene>
<Scene>
<INIT seed="1,0,0,3,4,114" ten="190,220,370,220" oya="1" hai0="88,50,89,99,31,125,10,116,20,27,113,123,135" hai1="93,52,9,111,34,87,8,37,127,65,7,120,97" hai2="68,66,36,74,18,121,107,95,76,77,126,102,30" hai3="45,57,117,13,14,58,53,6,4,134,90,109,81"/><U63/><E120/><V2/><F121/><W16/><G109/><T56/><D123/><U108/><E37/><V43/><F2/><W51/><G134/><T0/><D113/><U17/><E34/><V70/><F107/><W40/><G117/><T1/><D135/><U78/><E127/><V21/><F30/><W73/><G14/><T32/><D116/><U80/><E17/><V71/><F126/><W129/><G129/><T42/><D125/><U104/><E104/><V46/><F66/><W25/><G25/><T103/><D32/><U11/><E7/><V132/><F132/><W38/><G58/><T105/><D0/><U133/><E133/><V115/><F115/><W48/><G38/><T62/><D1/><U100/><REACH who="1" step="1"/><E52/><REACH who="1" ten="190,210,370,220" step="2"/><V55/><F55/><W64/><G64/><T26/><D105/><U29/><E29/><V118/><F18/><W98/><G73/><T91/><D31/><U96/><E96/><V130/><F74/><W22/><G98/><T28/><D99/><U23/><E23/><V39/><F21/><W12/><G13/><T110/><D20/><U82/><E82/><V69/><F39/><W67/><G67/><T122/><D28/><U83/><E83/><V72/><F72/><W24/><G12/><T41/><D122/><U15/><E15/><V3/><F3/><W128/><G128/><T106/><D106/><U94/><E94/><V35/><F130/><W61/><G51/><T124/><D50/><U5/><E5/><V92/><F35/><W119/><G119/><T54/><D124/><U101/><E101/><V84/><F102/><RYUUKYOKU ba="0,1" sc="190,-15,210,15,370,-15,220,15" hai1="8,9,11,63,65,78,80,87,93,97,100,108,111" hai3="4,6,16,22,24,40,45,48,53,57,61,81,90" />
</Scene>
<Scene>
<INIT seed="1,1,1,1,5,109" ten="175,225,355,235" oya="1" hai0="95,37,79,13,88,99,82,51,29,78,52,16,120" hai1="75,35,38,134,12,4,69,20,98,104,53,119,23" hai2="5,25,128,81,66,14,94,123,62,8,67,26,68" hai3="45,58,63,0,60,113,105,108,21,106,43,33,93"/><U15/><E119/><V111/><F123/><W10/><G33/><T1/><D1/><U19/><E35/><V9/><F111/><W96/><G108/><T41/><D29/><U77/><E69/><V127/><F127/><W130/><G130/><T124/><D124/><U86/><E75/><V70/><F128/><W89/><G63/><T44/><D82/><N who="1" m="47439" /><E38/><V39/><F39/><W27/><G10/><T76/><D120/><U115/><E104/><V24/><F81/><W61/><G60/><T84/><D99/><U133/><E98/><V103/><F94/><W83/><G83/><T40/><D37/><U48/><E4/><V32/><F103/><W57/><G57/><T64/><D64/><U36/><E36/><V91/><F91/><W3/><G105/><T17/><D17/><N who="1" m="10279" /><E48/><V102/><F102/><W92/><G106/><T80/><D95/><U59/><E59/><V56/><F32/><W7/><G7/><T101/><D101/><U55/><E115/><V116/><F116/><W131/><G113/><T73/><D73/><U71/><E71/><V117/><F117/><W125/><G93/><T47/><D47/><U54/><E134/><V6/><F67/><N who="3" m="39351" /><G125/><T87/><D84/><U74/><E74/><V135/><F135/><W132/><G132/><T121/><D121/><U85/><E133/><V114/><F114/><W34/><G34/><T22/><AGARI ba="1,1" hai="13,16,22,40,41,44,51,52,76,78,79,80,87,88" machi="22" ten="30,8000,1" yaku="0,1,8,1,54,3" doraHai="109" who="0" fromWho="0" sc="175,93,225,-41,355,-21,235,-21" />
</Scene>
<Scene>
<INIT seed="2,0,0,5,5,29" ten="268,184,334,214" oya="2" hai0="44,107,68,28,39,18,130,105,109,123,38,125,122" hai1="37,82,35,30,56,96,49,117,90,59,58,101,78" hai2="74,84,129,6,111,63,53,61,23,55,20,112,21" hai3="106,97,91,124,75,99,80,113,9,36,102,103,12"/><V7/><F112/><W118/><G36/><T31/><D68/><U43/><E117/><V47/><F74/><W17/><G118/><T119/><D119/><U134/><E134/><V13/><F129/><W98/><G113/><T8/><D18/><U135/><E135/><V104/><F104/><W42/><G124/><T4/><D8/><U66/><E37/><V10/><F111/><W114/><G114/><T45/><D4/><U120/><E90/><V3/><F3/><W34/><G42/><T83/><D83/><U70/><E120/><V88/><F7/><W79/><G97/><T26/><D26/><U60/><E43/><V71/><F71/><W57/><G57/><T25/><D25/><U27/><E49/><N who="2" m="28863" /><F55/><W128/><G128/><T40/><D40/><U48/><E48/><V5/><F5/><W62/><G62/><T67/><D130/><U72/><REACH who="1" step="1"/><E56/><REACH who="1" ten="268,174,334,214" step="2"/><V54/><F54/><W126/><G91/><T132/><D132/><U86/><E86/><V95/><AGARI ba="0,1" hai="6,10,13,20,21,23,61,63,84,88,95" m="28863" machi="95" ten="30,3000,0" yaku="8,1,54,1" doraHai="29" who="2" fromWho="2" sc="268,-10,174,-10,334,40,214,-10" />
</Scene>
<Scene>
<INIT seed="2,1,0,1,5,37" ten="258,164,374,204" oya="2" hai0="124,66,107,132,71,2,9,62,11,81,57,59,90" hai1="63,40,39,94,18,60,23,128,135,111,92,53,89" hai2="127,49,100,35,56,19,3,114,70,34,96,74,103" hai3="41,55,36,7,122,83,95,0,64,5,46,48,31"/><V28/><F114/><W113/><G122/><T17/><D107/><U125/><E111/><V101/><F70/><W123/><G123/><T75/><D124/><U85/><E125/><V116/><F127/><W105/><G105/><T16/><D132/><U33/><E33/><V8/><F116/><W20/><G113/><T67/><D71/><U86/><E135/><V1/><F74/><W15/><G0/><T76/><D90/><U119/><E119/><V32/><F28/><W43/><G64/><T22/><D2/><U69/><E128/><V6/><F3/><W88/><G83/><T25/><D17/><U65/><E60/><AGARI ba="1,0" hai="9,11,16,22,25,57,59,60,62,66,67,75,76,81" machi="60" ten="40,2600,0" yaku="9,1,54,1" doraHai="37" who="0" fromWho="1" sc="258,29,164,-29,374,0,204,0" />
</Scene>
<Scene>
<INIT seed="3,0,0,5,3,6" ten="287,135,374,204" oya="3" hai0="77,12,3,36,39,126,68,56,63,132,17,26,111" hai1="122,83,69,13,78,19,58,29,135,44,106,41,21" hai2="93,16,115,86,117,50,127,103,55,18,7,90,74" hai3="4,70,2,45,97,104,51,38,133,27,43,72,67"/><W23/><G133/><T105/><D105/><U0/><E69/><V28/><F117/><W59/><G72/><T98/><D68/><U53/><E122/><V20/><F115/><W8/><G104/><T102/><D3/><U37/><E135/><V76/><F127/><W94/><G70/><T40/><D111/><U87/><E106/><V32/><F32/><W101/><G38/><T91/><D102/><U119/><E119/><V22/><F7/><W5/><G2/><T14/><D77/><U123/><E0/><V42/><F42/><W100/><G100/><T30/><D126/><U54/><E123/><V10/><F103/><W80/><G80/><T25/><D25/><U64/><REACH who="1" step="1"/><E29/><REACH who="1" ten="287,125,374,204" step="2"/><V1/><F28/><W81/><G67/><T95/><D30/><U113/><E113/><V107/><F107/><W118/><G118/><T61/><D132/><U99/><E99/><V121/><F121/><W116/><G116/><T84/><D98/><U34/><E34/><V109/><F1/><W71/><G71/><T96/><D96/><U66/><E66/><V130/><F109/><W65/><G65/><T49/><D36/><U60/><AGARI ba="0,1" hai="13,19,21,37,41,44,53,54,58,60,64,78,83,87" machi="60" ten="30,2000,0" yaku="1,1,0,1,53,0" doraHai="6" doraHaiUra="88" who="1" fromWho="1" sc="287,-5,125,30,374,-5,204,-10" />
</Scene>
<Scene>
<INIT seed="4,0,0,4,5,5" ten="282,155,369,194" oya="0" hai0="17,16,47,36,19,91,2,111,105,62,134,67,58" hai1="124,129,78,57,4,56,61,35,27,68,84,3,53" hai2="118,12,102,95,133,15,106,71,10,128,80,24,100" hai3="60,122,119,8,82,81,50,104,83,11,77,18,40"/><T21/><D105/><U135/><E124/><V123/><F123/><W45/><G119/><T64/><D2/><U32/><E68/><V99/><F71/><W26/><G122/><T66/><D134/><U25/><E135/><V74/><F133/><W70/><G104/><T48/><D36/><U0/><E129/><V29/><F128/><W132/><G132/><T110/><D21/><U69/><E69/><V126/><F126/><W85/><G70/><T121/><D91/><U125/><E125/><V22/><F118/><W127/><G127/><T38/><D38/><U7/><E84/><V31/><F31/><W94/><G60/><T103/><D103/><U87/><E87/><V34/><F34/><W44/><G44/><T37/><D37/><U130/><E130/><V79/><F106/><W115/><G115/><T114/><D114/><U75/><E78/><V39/><F39/><W46/><G46/><T63/><D121/><U55/><REACH who="1" step="1"/><E61/><REACH who="1" ten="282,145,369,194" step="2"/><V20/><F79/><W59/><G77/><T51/><D63/><U88/><E88/><V42/><F102/><W52/><G85/><T113/><D113/><U89/><E89/><V73/><F100/><W43/><G83/><T112/><D112/><U13/><E13/><V117/><F80/><W1/><G82/><T54/><REACH who="0" step="1"/><D51/><REACH who="0" ten="272,145,369,194" step="2"/><U98/><E98/><V93/><F99/><W108/><G50/><T72/><D72/><AGARI ba="0,2" hai="0,3,4,7,25,27,32,35,53,55,56,57,72,75" machi="72" ten="25,3200,0" yaku="1,1,22,2,53,0" doraHai="5" doraHaiUra="120" who="1" fromWho="0" sc="272,-32,145,52,369,0,194,0" />
</Scene>
<Scene>
<INIT seed="5,0,0,3,0,87" ten="240,197,369,194" oya="1" hai0="119,58,120,99,55,124,38,69,110,91,123,75,72" hai1="85,17,7,86,114,96,12,82,92,48,61,78,122" hai2="21,19,97,13,93,77,47,106,63,42,115,24,26" hai3="103,130,59,54,105,11,73,3,129,88,22,68,71"/><U44/><E122/><N who="0" m="46633" /><D69/><U28/><E114/><V109/><F109/><W121/><G121/><T4/><D110/><U45/><E7/><V67/><F106/><W133/><G73/><T111/><D111/><U1/><E1/><V65/><F77/><W20/><G103/><T83/><D38/><U79/><E28/><V41/><F115/><W57/><G105/><T113/><D113/><U6/><E6/><V104/><F104/><W107/><G107/><T10/><D124/><U35/><E35/><V108/><F108/><W29/><G11/><T90/><D119/><U118/><E118/><V89/><F67/><W70/><G3/><N who="0" m="287" /><D99/><U62/><E85/><V51/><F42/><W131/><G133/><T34/><D34/><U76/><E61/><V49/><F51/><W64/><G29/><T134/><D134/><U32/><E62/><V98/><F98/><W18/><G64/><T132/><D132/><U16/><E32/><V52/><F41/><W56/><G54/><T25/><D25/><U128/><E128/><V116/><F116/><W27/><G22/><T39/><D39/><U80/><E86/><V100/><F100/><W31/><G31/><T53/><D53/><N who="1" m="29831" /><E45/><V125/><F125/><W60/><G60/><N who="0" m="35935" /><D83/><N who="1" m="31787" /><E12/><V23/><F23/><W14/><G14/><T15/><D15/><U95/><E95/><V43/><F43/><W101/><G101/><AGARI ba="0,0" hai="16,17,76,78,79,92,96,101" m="31787,29831" machi="101" ten="30,2900,0" yaku="8,1,54,1" doraHai="87" who="1" fromWho="3" sc="240,0,197,29,369,0,194,-29" />
</Scene>
<Scene>
<INIT seed="5,1,0,4,5,59" ten="240,226,369,165" oya="1" hai0="63,24,13,7,40,126,20,120,130,112,22,108,32" hai1="45,64,26,106,5,61,60,79,37,51,2,15,30" hai2="131,14,122,55,102,0,128,42,18,3,50,56,118" hai3="123,35,71,113,117,34,31,48,93,29,65,8,73"/><U11/><E106/><V129/><F118/><W124/><G93/><T95/><D108/><U39/><E79/><V27/><F122/><W68/><G48/><T110/><D110/><U67/><E2/><V46/><F27/><W78/><G123/><T91/><D120/><U19/><E5/><V17/><F102/><W125/><G117/><T58/><D112/><U86/><E86/><V81/><F81/><W9/><G113/><T28/><D40/><U47/><E37/><N who="2" m="21839" /><F18/><W16/><G78/><T99/><D126/><U133/><E133/><V23/><AGARI ba="1,0" hai="0,3,14,17,23,50,55,56,128,129,131" m="21839" machi="23" ten="30,1100,0" yaku="19,1" doraHai="59" who="2" fromWho="2" sc="240,-4,226,-6,369,14,165,-4" />
</Scene>
<Scene>
<INIT seed="6,0,0,2,4,55" ten="236,220,383,161" oya="2" hai0="59,87,81,30,93,92,79,4,116,119,112,52,132" hai1="124,24,73,89,123,120,126,74,53,95,14,128,9" hai2="33,82,65,36,32,2,94,125,18,15,77,37,47" hai3="57,90,130,21,102,38,131,134,42,63,54,122,117"/><V7/><F125/><N who="1" m="48233" /><E24/><V5/><F65/><W16/><G102/><T26/><D4/><N who="1" m="3367" /><E128/><N who="3" m="49194" /><G122/><N who="1" m="46634" /><E53/><V28/><F2/><W71/><G117/><N who="0" m="45131" /><D112/><U49/><E49/><V103/><F37/><W0/><G0/><T99/><D99/><AGARI ba="0,0" hai="73,74,89,95,99" m="46634,3367,48233" machi="99" ten="30,2000,0" yaku="18,1,13,1" doraHai="55" who="1" fromWho="0" sc="236,-20,220,20,383,0,161,0" />
</Scene>
<Scene>
<INIT seed="7,0,0,4,1,67" ten="216,240,383,161" oya="3" hai0="132,97,87,105,46,9,34,119,111,58,49,129,53" hai1="45,55,107,29,123,63,83,50,133,90,77,94,120" hai2="21,48,52,65,88,115,108,109,81,84,118,18,128" hai3="6,122,72,126,61,24,30,73,37,89,47,96,99"/><W25/><G122/><T64/><D119/><U5/><E107/><V124/><F118/><W134/><G6/><T106/><D111/><U92/><E133/><V16/><F115/><W85/><G134/><T26/><D132/><U2/><E92/><V70/><F128/><W31/><G126/><T19/><D129/><U40/><E29/><N who="3" m="10762" /><G37/><T103/><D34/><U44/><E2/><V104/><F104/><W33/><G33/><T56/><D105/><U32/><E5/><V62/><F124/><W20/><G73/><T127/><D127/><U10/><E10/><V117/><F117/><W78/><G72/><T114/><D114/><U1/><E1/><V86/><F86/><W17/><G78/><T76/><D64/><U135/><E32/><V59/><F18/><N who="3" m="12311" /><G47/><T130/><D130/><U36/><E63/><V22/><F21/><N who="3" m="13487" /><G61/><T42/><D42/><U23/><E23/><V39/><F39/><W28/><N who="3" m="10770" /><W14/><DORA hai="13" /><G14/><AGARI ba="0,0" hai="14,16,22,48,52,59,62,65,70,81,84,88,108,109" machi="14" ten="30,12000,2" yaku="7,1,52,2,54,3" doraHai="67,13" who="2" fromWho="3" sc="216,0,240,0,383,120,161,-120" owari="216,-18.0,240,4.0,503,60.0,41,-46.0" />
</Scene>
</mjloggm>