<mjloggm ver="2.3"><GO type="169" lobby="0"/><UN n0="%E7%9F%A2%E7%94%B0%E3%81%8F%E3%82%93" n1="%E2%98%86%E3%82%BF%E3%82%AD%E3%82%AA%E3%83%B3%E2%98%85" n2="%E5%A4%AA%E3%81%8F%E3%81%AA%E3%81%84%E3%81%8A" n3="%E3%82%B9%E3%82%B1%E3%83%BC%E3%82%BF%E3%83%BC" dan="16,16,17,17" rate="2123.99,2102.98,2150.36,2146.77" sx="M,M,M,M"/><TAIKYOKU oya="0"/>

<Scene>
<INIT seed="0,0,0,1,3,98" ten="250,250,250,250" oya="0" hai0="111,16,64,40,93,130,57,126,61,116,10,47,27" hai1="62,95,44,28,15,34,39,78,8,109,41,83,72" hai2="0,55,135,49,67,65,58,112,80,29,124,101,20" hai3="25,127,123,30,119,48,50,42,129,6,106,66,14"/><T17/><D116/><U99/><E109/><V60/><F112/><W13/><G119/><T3/><D111/><U87/><E62/><V11/><F135/><W91/><G127/><T31/><D126/><U104/><E28/><V1/><F124/><W75/><G75/><T43/><D130/><U82/><E34/><V7/><F80/><W12/><G129/><T97/><D3/><U54/><E104/><V56/><F1/><W59/><G106/><T86/><D86/><U115/><E115/><V81/><F81/><W53/><G66/><T103/><D10/><U52/><E83/><V132/><F132/><W9/><G123/><T107/><D107/><U19/><REACH who="1" step="1"/><E72/><REACH who="1" ten="250,240,250,250" step="2"/><V125/><F125/><W21/><G91/><AGARI ba="0,1" hai="8,15,19,39,41,44,52,54,78,82,87,91,95,99" machi="91" ten="30,8000,1" yaku="1,1,2,1,7,1,54,1,53,1" doraHai="98" doraHaiUra="5" who="1" fromWho="3" sc="250,0,240,90,250,0,250,-80" />
</Scene>
<Scene>
<INIT seed="1,0,0,4,2,32" ten="250,330,250,170" oya="1" hai0="120,23,86,47,59,66,58,4,123,40,7,134,105" hai1="28,76,2,127,91,27,75,129,13,90,50,49,56" hai2="94,118,114,20,9,73,103,68,41,33,21,25,89" hai3="54,83,80,110,48,121,116,5,71,132,101,82,65"/><U39/><E39/><V15/><F118/><W104/><G121/><N who="0" m="46667" /><D105/><U57/><E129/><V3/><F73/><W119/><G110/><T45/><D134/><U67/><E127/><V44/><F68/><W34/><G132/><T92/><D23/><U64/><E13/><V131/><F131/><W113/><G113/><T38/><D47/><U16/><E76/><V30/><F103/><W69/><G34/><T109/><D109/><U29/><E27/><V43/><F114/><W107/><G5/><N who="0" m="2123" /><D66/><U112/><E75/><V6/><F15/><W122/><G122/><T36/><D36/><U53/><E112/><V0/><F0/><W17/><G65/><T115/><D115/><U31/><E31/><V111/><F111/><W74/><G74/><T99/><D86/><U93/><E53/><V55/><F55/><W42/><G42/><T126/><D126/><U87/><E87/><V24/><F44/><W128/><G128/><T62/><D62/><U124/><E124/><V51/><F51/><W52/><G48/><T1/><D1/><U117/><E2/><V60/><F60/><W37/><G37/><T26/><D26/><U130/><E130/><V61/><F61/><W102/><REACH who="3" step="1"/><G80/><REACH who="3" ten="250,330,250,160" step="2"/><T70/><D70/><U78/><E49/><V85/><REACH who="2" step="1"/><F33/><REACH who="2" ten="250,330,240,160" step="2"/><W72/><G72/><T12/><D38/><U81/><E50/><V84/><F84/><W88/><G88/><T125/><D125/><U79/><E91/><V106/><F106/><W19/><AGARI ba="0,2" hai="17,19,52,54,69,71,82,83,101,102,104,107,116,119" machi="19" ten="25,8000,1" yaku="1,1,0,1,22,2,54,1,53,0" doraHai="32" doraHaiUra="10" who="3" fromWho="3" sc="250,-20,330,-40,240,-20,160,100" />
</Scene>
<Scene>
<INIT seed="2,0,0,5,1,38" ten="230,290,220,260" oya="2" hai0="119,54,5,125,36,52,131,1,101,107,134,34,56" hai1="133,123,78,79,76,86,28,102,74,22,94,13,26" hai2="21,58,40,113,67,96,27,17,10,87,35,14,2" hai3="4,121,80,111,100,25,15,98,73,9,114,42,83"/><V106/><F113/><W127/><G121/><T16/><D125/><U81/><E133/><V84/><F106/><W90/><G127/><T51/><D134/><U64/><E123/><V3/><F3/><W63/><G114/><T72/><D36/><U95/><E64/><V39/><F96/><W97/><G111/><T122/><D122/><U92/><E74/><V33/><F2/><W124/><G124/><T66/><D72/><U104/><REACH who="1" step="1"/><E13/><REACH who="1" ten="230,280,220,260" step="2"/><V117/><F14/><W30/><G73/><T8/><D1/><U44/><E44/><V99/><F117/><W31/><G15/><T132/><D66/><U0/><E0/><V50/><F67/><W112/><G112/><T128/><D119/><U59/><E59/><V126/><F58/><W71/><G71/><T85/><D132/><U60/><E60/><V19/><F126/><W109/><G63/><T93/><D56/><U18/><E18/><V11/><F19/><W130/><G31/><T110/><D16/><U135/><E135/><V6/><F17/><W32/><G30/><T23/><D110/><U68/><E68/><V62/><F62/><W75/><G75/><T20/><D128/><U29/><E29/><V47/><F47/><W129/><G109/><T65/><D65/><U43/><E43/><V45/><F40/><W53/><G42/><T115/><D131/><U88/><E88/><V55/><F45/><W105/><G130/><T77/><D115/><U120/><E120/><V91/><F91/><W49/><G90/><T48/><D34/><U7/><E7/><V12/><F33/><W103/><G129/><RYUUKYOKU ba="0,1" sc="230,-10,280,30,220,-10,260,-10" hai1="22,26,28,76,78,79,81,86,92,94,95,102,104" />
</Scene>
<Scene>
<INIT seed="3,1,1,2,4,83" ten="220,310,210,250" oya="3" hai0="41,116,107,18,9,124,28,105,50,96,45,51,62" hai1="130,13,22,53,123,97,110,73,1,60,120,88,85" hai2="5,126,63,99,127,106,65,23,78,8,58,132,101" hai3="68,119,52,71,114,79,131,49,77,118,111,128,39"/><W109/><G114/><T76/><D116/><N who="3" m="44585" /><G39/><T38/><D124/><U48/><E1/><V113/><F113/><W26/><G26/><T11/><D28/><U17/><E73/><V4/><F132/><W72/><G72/><T7/><D76/><N who="3" m="29257" /><G49/><T55/><D62/><U80/><E110/><N who="3" m="41994" /><G52/><T134/><D134/><U81/><E53/><V67/><F67/><W25/><G25/><T75/><D75/><U90/><E48/><V35/><F35/><W135/><G135/><T33/><D51/><U37/><E37/><V59/><F59/><W0/><G0/><T93/><D33/><U14/><E60/><V94/><F65/><W6/><G6/><T30/><D55/><U43/><E43/><V86/><F5/><W91/><G91/><T82/><D50/><U15/><E90/><N who="2" m="53591" /><F78/><W36/><G36/><T115/><D7/><U108/><E88/><V24/><F63/><W57/><G57/><T56/><D56/><U34/><E34/><V42/><F58/><W87/><G87/><T44/><D38/><U104/><E85/><V100/><F4/><W47/><G47/><T27/><D45/><U40/><E40/><V70/><F24/><W129/><AGARI ba="1,1" hai="68,71,128,129,131" m="41994,29257,44585" machi="129" ten="40,12000,1" yaku="28,2,19,1,14,1,10,1" doraHai="83" who="3" fromWho="3" sc="220,-41,310,-41,210,-41,250,133" />
</Scene>
<Scene>
<INIT seed="3,2,0,5,3,0" ten="179,269,169,383" oya="3" hai0="49,31,124,21,131,52,9,108,42,97,90,11,8" hai1="95,132,32,37,114,85,86,101,64,73,67,35,12" hai2="20,39,25,133,68,79,16,24,113,63,99,96,89" hai3="70,112,107,102,123,19,38,18,1,13,100,110,22"/><W60/><G1/><T48/><D108/><U14/><E114/><V27/><F113/><W62/><G38/><T58/><D124/><U2/><E2/><V126/><F39/><W47/><G47/><N who="0" m="25719" /><D131/><U130/><E73/><V105/><F126/><W72/><G72/><T122/><D122/><U120/><E120/><V44/><F133/><W127/><G70/><T17/><D31/><U87/><E37/><V34/><F79/><W91/><G127/><T61/><D49/><U84/><E130/><V117/><F117/><W46/><G107/><T119/><D119/><U83/><E132/><V53/><F105/><W30/><G30/><T118/><D118/><U82/><E87/><V10/><F10/><W33/><G33/><N who="1" m="12874" /><E95/><V94/><F34/><W93/><G123/><T6/><D6/><U71/><E101/><V116/><F116/><W5/><G102/><T134/><D134/><U92/><E92/><N who="2" m="56335" /><F68/><W129/><G129/><T115/><D115/><U77/><E71/><V54/><F44/><W106/><G46/><T69/><D69/><U98/><E77/><V111/><F111/><W56/><G110/><T103/><D103/><U3/><E3/><V80/><F80/><N who="1" m="30761" /><E98/><V125/><F125/><W104/><G112/><T88/><D97/><U7/><E7/><V40/><F99/><W78/><G106/><T50/><D50/><U59/><E59/><V26/><F94/><W66/><G104/><T4/><D4/><U65/><AGARI ba="2,0" hai="12,14,64,65,67,84,85,86" m="30761,12874" machi="65" ten="40,2700,0" yaku="28,2" doraHai="0" who="1" fromWho="1" sc="179,-9,269,33,169,-9,383,-15" />
</Scene>
<Scene>
<INIT seed="4,0,0,5,0,45" ten="170,302,160,368" oya="0" hai0="19,74,28,66,133,85,125,126,90,72,116,46,82" hai1="50,134,55,61,119,114,122,40,7,44,123,20,67" hai2="47,51,31,95,99,96,121,112,29,12,59,73,41" hai3="93,2,88,86,4,69,79,17,107,105,58,36,94"/><T27/><D116/><U32/><E32/><V30/><F121/><N who="1" m="46089" /><E20/><V5/><F73/><W62/><G69/><T124/><D133/><U52/><E7/><V64/><F112/><W75/><G36/><T87/><D66/><U68/><E119/><V118/><F118/><W13/><G4/><T37/><D19/><U132/><E114/><V8/><REACH who="2" step="1"/><F95/><REACH who="2" ten="170,302,150,368" step="2"/><W25/><G94/><N who="0" m="54607" /><D37/><U11/><E11/><V109/><F109/><W14/><G107/><T83/><D74/><U97/><E97/><V108/><F108/><W84/><G105/><T1/><D72/><U38/><E38/><V101/><F101/><W80/><G75/><T21/><D125/><U60/><E60/><AGARI ba="0,1" hai="5,8,12,29,30,31,41,47,51,59,60,64,96,99" machi="60" ten="40,5200,0" yaku="1,1,8,1,52,1,53,0" doraHai="45" doraHaiUra="49" who="2" fromWho="1" sc="170,0,302,-52,150,62,368,0" />
</Scene>
<Scene>
<INIT seed="5,0,0,0,3,100" ten="170,250,212,368" oya="1" hai0="49,113,1,24,38,26,0,68,7,90,116,3,34" hai1="51,108,13,4,21,126,80,39,111,109,118,81,97" hai2="64,59,29,112,70,105,33,69,46,74,9,17,37" hai3="44,91,78,35,57,40,2,62,32,28,71,50,86"/><U23/><E39/><V15/><F74/><W133/><G2/><T84/><D38/><U8/><E118/><V123/><F123/><W127/><G71/><T45/><D116/><U130/><E130/><V41/><F112/><W107/><G107/><T115/><D68/><U110/><N who="1" m="27648" /><DORA hai="31" /><U47/><E126/><V98/><F59/><W88/><G127/><T122/><D7/><U5/><E5/><V14/><F64/><W75/><G133/><T135/><D135/><U121/><E121/><V117/><F117/><W11/><G11/><T128/><D128/><U89/><E97/><V82/><F82/><N who="1" m="31849" /><E89/><V18/><F98/><W52/><G75/><T131/><D131/><U48/><E48/><V73/><F73/><W95/><G78/><T120/><D49/><U58/><E58/><V104/><F70/><W12/><G91/><T66/><D45/><U20/><E23/><V96/><F96/><W53/><G12/><T36/><D36/><U132/><E132/><V77/><F69/><W124/><G124/><T56/><D56/><U27/><E27/><N who="0" m="10281" /><D66/><U22/><E22/><V55/><F37/><W42/><REACH who="3" step="1"/><G28/><REACH who="3" ten="170,250,212,358" step="2"/><T6/><D122/><U114/><E114/><V87/><F77/><W101/><G101/><T106/><D120/><U119/><E119/><V102/><F102/><W60/><G60/><T83/><D113/><U19/><E4/><V92/><F29/><W54/><G54/><AGARI ba="0,1" hai="8,13,19,20,21,47,51,54" m="31849,27648" machi="54" ten="60,2900,0" yaku="10,1" doraHai="100,31" who="1" fromWho="3" sc="170,0,250,39,212,0,358,-29" />
</Scene>
<Scene>
<INIT seed="5,1,0,1,0,25" ten="170,289,212,329" oya="1" hai0="20,75,66,46,105,74,0,18,97,57,23,5,92" hai1="84,135,51,43,88,87,109,129,41,1,34,58,60" hai2="80,85,10,77,94,56,107,95,101,98,35,110,104" hai3="59,90,13,52,31,12,120,121,21,111,16,106,14"/><U79/><E1/><V91/><F35/><W122/><G111/><T49/><D105/><N who="2" m="40522" /><F56/><W83/><G106/><T131/><D131/><U115/><E34/><V45/><F10/><W118/><G31/><T28/><D5/><U133/><E129/><V55/><F55/><W112/><G112/><T3/><D0/><U134/><E115/><V119/><F45/><W71/><G71/><T37/><D3/><U86/><E109/><V64/><F64/><W36/><G36/><T62/><D37/><U15/><E79/><V30/><F30/><W53/><G118/><T96/><D96/><U70/><E70/><V27/><F27/><W22/><G22/><T82/><D82/><N who="1" m="49175" /><E15/><V93/><F110/><W78/><G90/><T113/><D113/><U69/><E69/><V89/><F119/><W48/><REACH who="3" step="1"/><G53/><REACH who="3" ten="170,289,212,319" step="2"/><T116/><D116/><U127/><E134/><V81/><F91/><W117/><G117/><T4/><D23/><U29/><E29/><V32/><F32/><W42/><G42/><T8/><D28/><U39/><E43/><V2/><F2/><W33/><G33/><T54/><D20/><U63/><E41/><V26/><F26/><W108/><G108/><T126/><D54/><U67/><E135/><V99/><F98/><W44/><G44/><T125/><D97/><U9/><E133/><V102/><F99/><W124/><G124/><T128/><D46/><U73/><E127/><V132/><F132/><W114/><G114/><T130/><D125/><U68/><E68/><V100/><F94/><W24/><G24/><T11/><D126/><U40/><E40/><RYUUKYOKU ba="1,1" sc="170,-15,289,-15,212,15,319,15" hai2="77,80,81,85,89,93,95,100,101,102" hai3="12,13,14,16,21,48,52,59,78,83,120,121,122" />
</Scene>
<Scene>
<INIT seed="6,2,1,2,1,123" ten="155,274,227,334" oya="2" hai0="113,58,54,135,52,124,6,34,37,114,109,67,108" hai1="82,10,99,96,86,17,26,83,7,21,129,88,16" hai2="36,13,31,68,5,94,43,110,65,53,51,104,93" hai3="38,14,12,128,74,30,72,19,4,32,90,92,56"/><V131/><F104/><W46/><G128/><T112/><D34/><U71/><E71/><V127/><F31/><W63/><G4/><T48/><D124/><U9/><E129/><V57/><F131/><W95/><G12/><T126/><D126/><U78/><E17/><V105/><F105/><W45/><G95/><T133/><D6/><U15/><REACH who="1" step="1"/><E9/><REACH who="1" ten="155,264,227,334" step="2"/><V62/><F127/><W130/><G130/><T23/><D23/><U60/><E60/><V66/><F62/><W33/><G33/><T107/><D107/><U101/><E101/><V42/><F5/><W80/><G63/><N who="0" m="38391" /><D37/><U116/><E116/><V85/><F36/><W59/><G38/><T91/><D91/><U27/><E27/><V122/><F122/><W28/><G90/><T98/><D98/><U79/><E79/><V89/><F68/><W76/><G76/><T29/><D29/><U39/><E39/><V84/><F89/><W55/><G32/><T18/><D18/><U87/><AGARI ba="2,2" hai="7,10,15,16,21,26,78,82,83,86,87,88,96,99" machi="87" ten="20,12000,2" yaku="1,1,0,1,7,1,8,1,54,2,53,0" doraHai="123" doraHaiUra="44" who="1" fromWho="1" sc="155,-32,264,146,227,-62,334,-32" />
</Scene>
<Scene>
<INIT seed="7,0,0,0,0,102" ten="123,410,165,302" oya="3" hai0="24,58,35,105,63,76,5,99,98,47,86,83,52" hai1="48,80,61,38,114,73,77,0,26,68,32,122,27" hai2="120,36,117,72,134,103,34,119,13,64,14,54,31" hai3="88,67,10,18,133,46,104,79,50,40,92,116,37"/><W89/><G116/><N who="2" m="44617" /><F36/><W87/><G133/><T9/><D47/><U129/><E38/><V4/><F72/><W62/><G79/><T59/><D105/><U2/><E122/><V118/><F64/><W106/><G37/><T30/><REACH who="0" step="1"/><D59/><REACH who="0" ten="113,410,165,302" step="2"/><U74/><E74/><V75/><F75/><W110/><G110/><T8/><D8/><U97/><E114/><V28/><F118/><W100/><G100/><T66/><D66/><U124/><E129/><V51/><F134/><W25/><G89/><T17/><D17/><U19/><E124/><V49/><F120/><W7/><G18/><T16/><D16/><U93/><E48/><V22/><F51/><W108/><G25/><T78/><D78/><U6/><E6/><V39/><F39/><W1/><REACH who="3" step="1"/><G108/><REACH who="3" ten="113,410,165,292" step="2"/><T135/><D135/><U95/><E77/><V130/><F103/><W23/><G23/><T128/><D128/><U125/><E26/><V69/><F130/><W126/><G126/><T85/><D85/><U107/><E27/><V132/><F132/><W111/><G111/><T53/><D53/><U101/><E101/><V113/><F54/><W44/><G44/><T21/><D21/><U94/><E125/><V71/><F113/><W56/><AGARI ba="0,2" hai="1,7,10,40,46,50,56,62,67,87,88,92,104,106" machi="56" ten="20,18000,2" yaku="1,1,0,1,7,1,52,2,54,1,53,0" doraHai="102" doraHaiUra="29" who="3" fromWho="3" sc="113,-60,410,-60,165,-60,292,200" owari="53,-45.0,350,15.0,105,-29.0,492,59.0" />
</Scene>
</mjloggm>