<mjloggm ver="2.3"><GO type="233" lobby="0"/><UN n0="%E5%A4%AA%E3%81%8F%E3%81%AA%E3%81%84%E3%81%8A" n1="%6E%61%6B%61%6A%75%75%6E" n2="%E5%A4%A7%E6%AD%A3%E7%BE%A9%E9%87%8E%E7%90%83%E5%A8%98" n3="%65%76%61%63%61%6E%69%61" dan="17,18,16,17" rate="2156.24,2256.50,2137.99,2164.91" sx="M,M,F,M"/><TAIKYOKU oya="0"/>

<Scene>
<INIT seed="0,0,0,0,0,26" ten="250,250,250,250" oya="0" hai0="11,54,105,104,79,10,22,110,81,42,36,97,57" hai1="53,119,131,56,65,130,1,117,74,108,124,27,44" hai2="78,98,14,111,40,99,72,126,23,82,63,43,4" hai3="70,83,39,100,112,31,73,123,87,133,17,129,106"/><T115/><D115/><U30/><E74/><V101/><F111/><W0/><RYUUKYOKU type="yao9" ba="0,0" sc="250,0,250,0,250,0,250,0" hai3="0,17,31,39,70,73,83,87,100,106,112,123,129,133" />
</Scene>
<Scene>
<INIT seed="0,1,0,5,3,123" ten="250,250,250,250" oya="0" hai0="135,24,53,113,48,130,40,84,1,43,89,83,42" hai1="81,104,13,105,45,11,61,98,27,99,91,129,20" hai2="85,119,19,131,110,94,41,106,71,2,69,74,39" hai3="51,78,33,62,93,82,8,28,15,14,6,63,54"/><T125/><D113/><U59/><E129/><V120/><RYUUKYOKU type="yao9" ba="1,0" sc="250,0,250,0,250,0,250,0" hai2="2,19,39,41,69,71,74,85,94,106,110,119,120,131" />
</Scene>
<Scene>
<INIT seed="0,2,0,1,5,57" ten="250,250,250,250" oya="0" hai0="87,116,74,4,128,24,53,95,107,119,29,132,124" hai1="42,58,86,108,66,125,118,1,26,28,67,43,81" hai2="56,72,71,113,32,135,64,109,27,120,115,47,130" hai3="112,20,76,13,102,69,50,99,41,40,62,7,110"/><T46/><D74/><U77/><E118/><V52/><F120/><W38/><G112/><T122/><D107/><U94/><E125/><V126/><F72/><W44/><G110/><T35/><D122/><U5/><E108/><V80/><F109/><W104/><G76/><T8/><D124/><U30/><E30/><V65/><F80/><W79/><G79/><T123/><D123/><U134/><E134/><V59/><F126/><W33/><G33/><T106/><D106/><U129/><E129/><V17/><F17/><W22/><G40/><T85/><D132/><U31/><E31/><V15/><F15/><W100/><G38/><T114/><D114/><N who="2" m="43530" /><F27/><W88/><G102/><T92/><D128/><U11/><E94/><V90/><F90/><W55/><G88/><T89/><D92/><U16/><E16/><V131/><F32/><W83/><G83/><T78/><D78/><U45/><E58/><N who="2" m="22059" /><F135/><W54/><G22/><T93/><D93/><U12/><E1/><V0/><F0/><W51/><G20/><T14/><D87/><U97/><E97/><V6/><F6/><W37/><G13/><T3/><D3/><U2/><E2/><V98/><F98/><W61/><G7/><T25/><D25/><U75/><E75/><V63/><F65/><W96/><G100/><T127/><D127/><U19/><E19/><V18/><F18/><W91/><G91/><T101/><D101/><U10/><E10/><V48/><AGARI ba="2,0" hai="47,48,52,63,64,71,130,131" m="22059,43530" machi="48" ten="40,8000,1" yaku="34,2,52,1,54,1" doraHai="57" who="2" fromWho="2" sc="250,-42,250,-22,250,86,250,-22" />
</Scene>
<Scene>
<INIT seed="1,0,0,2,4,8" ten="208,228,336,228" oya="1" hai0="30,36,70,48,83,17,24,60,51,134,9,135,44" hai1="61,63,37,117,34,128,132,0,75,1,79,39,104" hai2="12,129,106,7,52,101,56,116,40,78,57,81,108" hai3="80,98,96,86,109,20,90,41,103,107,130,97,55"/><U93/><E93/><V64/><F116/><W125/><G41/><N who="0" m="22567" /><D83/><U112/><E79/><V67/><F40/><W14/><G109/><T21/><D70/><U35/><E117/><V62/><F108/><W99/><G125/><T3/><D60/><N who="1" m="23115" /><E112/><V45/><F45/><W46/><G130/><T26/><D3/><N who="1" m="1099" /><E104/><V72/><F57/><W121/><G121/><T82/><D82/><U15/><E15/><V27/><F129/><W19/><REACH who="3" step="1"/><G98/><REACH who="3" ten="208,228,336,218" step="2"/><T122/><D122/><U31/><E128/><V120/><F120/><W38/><G38/><T65/><D135/><U68/><E132/><V54/><F67/><W53/><G53/><T5/><D65/><U2/><E39/><V29/><F64/><W58/><G58/><T71/><D134/><U100/><E37/><V77/><F54/><W13/><G13/><T33/><D71/><U74/><E2/><V4/><F12/><W22/><G22/><T11/><D21/><U73/><E68/><V69/><F69/><W66/><G66/><T42/><D42/><U84/><E84/><V32/><F78/><W126/><G126/><T123/><D123/><U10/><E10/><V115/><F115/><W23/><G23/><N who="0" m="13423" /><D11/><U28/><E100/><V18/><F72/><W114/><G114/><T110/><D110/><U43/><E43/><V95/><F101/><W76/><G76/><T50/><D9/><U47/><E47/><V87/><F77/><W102/><G102/><T91/><D5/><U16/><E75/><V85/><F4/><W49/><AGARI ba="0,1" hai="14,19,20,46,49,55,80,86,90,96,97,99,103,107" machi="49" ten="30,4000,0" yaku="1,1,0,1,52,1,53,0" doraHai="8" doraHaiUra="118" who="3" fromWho="3" sc="208,-10,228,-20,336,-10,218,50" />
</Scene>
<Scene>
<INIT seed="2,0,0,3,1,31" ten="198,208,326,268" oya="2" hai0="78,68,113,80,98,85,118,57,34,67,110,69,130" hai1="13,132,101,122,128,18,87,89,23,50,9,103,32" hai2="16,22,45,43,90,7,112,81,109,36,58,28,17" hai3="38,129,63,93,6,29,84,12,19,53,11,14,79"/><V46/><F112/><W99/><G38/><T64/><D113/><U48/><E128/><V114/><F114/><W4/><G29/><T25/><D130/><U66/><E132/><V107/><F107/><W83/><G129/><T72/><D110/><U20/><E122/><V62/><F7/><W86/><G86/><T51/><D118/><U95/><E66/><V91/><F109/><W40/><G40/><T76/><D72/><U131/><E32/><V0/><F0/><W124/><G124/><T75/><D75/><U39/><E39/><V24/><F81/><W108/><G108/><T15/><D76/><U119/><E119/><V71/><F71/><W115/><G115/><T61/><D15/><U37/><E37/><V111/><F111/><W104/><G104/><T65/><D51/><N who="1" m="19499" /><E131/><V27/><F45/><W21/><G63/><T33/><D98/><N who="1" m="59615" /><E103/><V42/><F42/><W88/><REACH who="3" step="1"/><G53/><REACH who="3" ten="198,208,326,258" step="2"/><T123/><D123/><U47/><E47/><V60/><F60/><W77/><G77/><T102/><D65/><U82/><AGARI ba="0,1" hai="9,13,18,20,23,82,87,89" m="59615,19499" machi="82" ten="30,1100,0" yaku="8,1" doraHai="31" who="1" fromWho="1" sc="198,-3,208,21,326,-5,258,-3" />
</Scene>
<Scene>
<INIT seed="3,0,0,5,4,122" ten="195,229,321,255" oya="3" hai0="55,12,11,115,30,90,107,87,46,83,68,33,119" hai1="3,80,65,1,128,35,66,99,5,21,133,101,20" hai2="72,93,94,61,7,26,51,59,37,16,110,4,13" hai3="62,88,6,85,97,113,77,123,34,58,49,64,23"/><W91/><G113/><T103/><D119/><U15/><E35/><V75/><F37/><W70/><G34/><T74/><D68/><U96/><E128/><V105/><F105/><W79/><G123/><T40/><D115/><U31/><E133/><V129/><F129/><W27/><G6/><T25/><D74/><U73/><E73/><V14/><F75/><W56/><G97/><T63/><D107/><U45/><E80/><V104/><F104/><W39/><G39/><T8/><D103/><U28/><E15/><N who="2" m="5643" /><F51/><W9/><G9/><T135/><D135/><U117/><E5/><N who="2" m="2123" /><F110/><W48/><G70/><T81/><D81/><U54/><E45/><V127/><F127/><W131/><G131/><T32/><D32/><U95/><E95/><V43/><F43/><W50/><G56/><T17/><D63/><U44/><E44/><V22/><F72/><W0/><G0/><T118/><D118/><U89/><E117/><V18/><F18/><W106/><G106/><T2/><D2/><U120/><E120/><V41/><F41/><W38/><G38/><T109/><D11/><U24/><E3/><V76/><F76/><N who="3" m="29259" /><G85/><T114/><D114/><U100/><E1/><V47/><F47/><W78/><N who="3" m="29267" /><W132/><DORA hai="10" /><G132/><T69/><D69/><U84/><E84/><V19/><F19/><AGARI ba="0,0" hai="19,23,27,48,49,50,58,62,64,88,91" m="29267" machi="19" ten="40,3900,0" yaku="8,1,54,1" doraHai="122,10" who="3" fromWho="2" sc="195,0,229,0,321,-39,255,39" />
</Scene>
<Scene>
<INIT seed="3,1,0,5,2,34" ten="195,229,282,294" oya="3" hai0="133,92,116,16,105,58,27,17,82,104,23,1,64" hai1="18,89,56,113,51,107,3,86,120,127,134,91,135" hai2="106,54,31,99,61,90,118,12,74,84,71,60,20" hai3="46,130,93,4,94,53,65,15,124,85,131,44,109"/><W110/><G124/><T126/><D116/><U21/><E120/><V38/><F74/><W97/><G65/><T48/><D126/><U10/><E107/><V112/><F38/><W35/><G35/><T33/><D133/><N who="1" m="50699" /><E127/><V63/><F112/><W114/><G114/><T80/><D33/><U69/><E69/><V13/><F118/><W25/><G25/><T5/><D92/><N who="3" m="35433" /><G85/><T52/><D64/><U115/><E86/><V102/><F71/><W75/><G97/><T87/><D17/><U30/><E30/><V100/><F100/><W0/><G75/><T2/><D82/><U132/><E113/><V88/><F54/><W77/><G77/><T121/><D121/><U123/><E123/><V24/><REACH who="2" step="1"/><F90/><REACH who="2" ten="195,229,272,294" step="2"/><W76/><G53/><T62/><D48/><U42/><E115/><V49/><F49/><W83/><G76/><T19/><D104/><U29/><E51/><V96/><F96/><W67/><G67/><T39/><D105/><U125/><E125/><V45/><F45/><W73/><G46/><T95/><D39/><U26/><E132/><V6/><F6/><W117/><G44/><T11/><D5/><N who="1" m="1343" /><E56/><V7/><F7/><W70/><G73/><T36/><D36/><U78/><E42/><V108/><F108/><W59/><G70/><T68/><D68/><U101/><E78/><V37/><F37/><W57/><G117/><T40/><D40/><U41/><E41/><V66/><F66/><W22/><G110/><T129/><D58/><U119/><E119/><V14/><F14/><W122/><G109/><T72/><D72/><U8/><E101/><RYUUKYOKU ba="1,1" sc="195,-15,229,15,272,15,294,-15" hai1="8,18,21,26,29,89,91" hai2="12,13,20,24,31,60,61,63,84,88,99,102,106" />
</Scene>
<Scene>
<INIT seed="4,2,1,0,3,116" ten="180,244,287,279" oya="0" hai0="58,4,100,6,73,41,87,25,110,91,106,38,11" hai1="109,135,5,84,118,37,3,80,101,121,17,47,77" hai2="88,18,66,99,56,79,69,19,50,75,27,7,53" hai3="122,20,49,103,83,123,74,86,76,48,126,13,26"/><T24/><D73/><U124/><E118/><V51/><F7/><W112/><G112/><T117/><D117/><U85/><E109/><V97/><F69/><W93/><G126/><T114/><D114/><U125/><E101/><V62/><F75/><W102/><G13/><T68/><D68/><U14/><E121/><N who="3" m="46090" /><G103/><T54/><D110/><U90/><E135/><V82/><F79/><W113/><G113/><T61/><D38/><U8/><E47/><N who="2" m="27871" /><F51/><N who="3" m="19531" /><G102/><T71/><D100/><U132/><E37/><V64/><F64/><W43/><G43/><T60/><D41/><U0/><E132/><V130/><F130/><W45/><G45/><T1/><D6/><U57/><E57/><V12/><F27/><W72/><G93/><T29/><D25/><U67/><E67/><V81/><F12/><W105/><G105/><T129/><D106/><U92/><REACH who="1" step="1"/><E0/><REACH who="1" ten="180,234,287,279" step="2"/><V42/><F56/><W70/><G70/><T33/><D71/><U134/><E134/><V32/><F66/><W52/><G52/><T10/><D61/><U119/><E119/><V22/><F62/><W55/><G55/><T104/><D104/><U31/><E31/><AGARI ba="2,2" hai="20,26,31,72,74,76,83,86" m="19531,46090" machi="31" ten="30,7700,0" yaku="13,1,52,3" doraHai="116" who="3" fromWho="1" sc="180,0,234,-83,287,0,279,103" />
</Scene>
<Scene>
<INIT seed="5,0,0,0,5,114" ten="180,151,287,382" oya="1" hai0="123,75,86,98,26,47,71,28,134,83,132,88,52" hai1="87,107,22,124,34,109,46,131,119,74,7,118,55" hai2="79,64,84,94,93,67,66,51,0,92,104,99,11" hai3="81,14,61,112,128,72,113,38,37,4,43,77,97"/><U13/><E74/><V39/><F39/><W95/><G128/><T40/><D71/><U105/><E34/><V56/><F104/><W1/><G1/><T18/><D123/><U101/><E131/><V58/><F0/><W32/><G32/><T102/><D18/><N who="1" m="10575" /><E7/><V21/><F11/><N who="3" m="4455" /><G61/><T85/><D75/><U63/><E101/><V82/><F99/><W20/><G20/><T108/><D108/><U19/><E19/><V65/><N who="2" m="16384" /><DORA hai="30" /><V15/><F51/><W17/><G17/><AGARI ba="0,0" hai="15,17,21,56,58,79,82,84,92,93,94" m="16384" machi="17" ten="60,2000,0" yaku="8,1" doraHai="114,30" who="2" fromWho="3" sc="180,0,151,0,287,20,382,-20" />
</Scene>
<Scene>
<INIT seed="6,0,0,4,0,93" ten="180,151,307,362" oya="2" hai0="13,79,42,90,74,95,133,80,122,28,2,132,27" hai1="58,5,48,81,36,89,129,25,88,73,69,50,63" hai2="37,46,8,61,44,96,16,32,127,52,57,38,109" hai3="112,20,114,6,33,45,123,30,78,29,64,68,125"/><V34/><F127/><W47/><G123/><T124/><D2/><U108/><E36/><V53/><F109/><W21/><G125/><T91/><D124/><U23/><E108/><V113/><F113/><W85/><G6/><T54/><D122/><U19/><E69/><V100/><F37/><W15/><G68/><T22/><D42/><U97/><E5/><V75/><F75/><W131/><G64/><T105/><D105/><U59/><E129/><V49/><F34/><W14/><G85/><T11/><D54/><N who="1" m="34295" /><E73/><V10/><F32/><W101/><G101/><T135/><D95/><N who="1" m="56551" /><E58/><V17/><F38/><W102/><G102/><T51/><D51/><U128/><E128/><V111/><F44/><W39/><G39/><T118/><D118/><U70/><E70/><V99/><F111/><W67/><G33/><T107/><D107/><U76/><E76/><V24/><F100/><W103/><G103/><T35/><D35/><U106/><E106/><V0/><F0/><W110/><G78/><T115/><D115/><U1/><E1/><V120/><F120/><W4/><G131/><T71/><D71/><U98/><E98/><N who="2" m="37419" /><F24/><W130/><G130/><T119/><D119/><U84/><AGARI ba="0,0" hai="19,23,25,48,50,81,84,89" m="56551,34295" machi="84" ten="30,7900,0" yaku="25,1,8,1,52,1,54,1" doraHai="93" who="1" fromWho="1" sc="180,-20,151,79,307,-39,362,-20" />
</Scene>
<Scene>
<INIT seed="7,0,0,0,5,50" ten="160,230,268,342" oya="3" hai0="61,11,127,82,59,0,32,68,8,115,93,49,10" hai1="71,41,33,67,122,14,124,100,13,95,57,128,55" hai2="29,69,3,30,84,129,31,77,24,104,45,74,19" hai3="2,134,111,119,109,52,118,85,91,56,81,28,103"/><W106/><G2/><T88/><D32/><U62/><E122/><V27/><F104/><W116/><G134/><T86/><D127/><U96/><E124/><V123/><F69/><W87/><G28/><T51/><D115/><U75/><E75/><V23/><F74/><W113/><G113/><T44/><D68/><U64/><E33/><V98/><F3/><W76/><G103/><T1/><D51/><U125/><E125/><V66/><F66/><N who="1" m="25129" /><E71/><V92/><F129/><W38/><G38/><T121/><D121/><U63/><E128/><V34/><F123/><W17/><G17/><T89/><D59/><N who="1" m="35199" /><E41/><V54/><F45/><W108/><G106/><T94/><D61/><U70/><E70/><V35/><F54/><AGARI ba="0,0" hai="13,14,54,57,63,95,96,100" m="35199,25129" machi="54" ten="30,3900,0" yaku="8,1,52,2" doraHai="50" who="1" fromWho="2" sc="160,0,230,39,268,-39,342,0" owari="160,-34.0,269,7.0,229,-17.0,342,44.0" />
</Scene>
</mjloggm>