<mjloggm ver="2.3"><GO type="169" lobby="0"/><UN n0="%E5%8F%A4%E5%B7%9D%E8%AA%A0%E5%A4%AA%E9%83%8E" n1="%28%E3%80%8C%E3%83%BB%60%CF%89%E3%83%BB%29%E3%80%8C" n2="%E5%A4%AA%E3%81%8F%E3%81%AA%E3%81%84%E3%81%8A" n3="%53%48%49%53%55%4B%45" dan="16,16,17,17" rate="2062.48,2120.06,2234.45,2102.24" sx="M,M,M,M"/><TAIKYOKU oya="0"/>

<Scene>
<INIT seed="0,0,0,4,1,27" ten="250,250,250,250" oya="0" hai0="31,50,89,43,62,124,68,111,98,45,41,64,122" hai1="73,33,115,4,17,106,61,66,6,32,39,125,69" hai2="100,11,107,15,37,70,42,0,14,8,21,16,23" hai3="131,35,81,108,44,10,90,76,72,117,34,133,97"/><T129/><D122/><U103/><E73/><V113/><F113/><W25/><G117/><T12/><D129/><U83/><E39/><V77/><F70/><W29/><G108/><T20/><D124/><U101/><E115/><V84/><F0/><W38/><G131/><T86/><D98/><U104/><E125/><V19/><F107/><W123/><G123/><T56/><D111/><U80/><E17/><V67/><F100/><W54/><G10/><T71/><D43/><U58/><E58/><V60/><F37/><W120/><G120/><T1/><D1/><U114/><E114/><V40/><F77/><W49/><G133/><T5/><D5/><U94/><E94/><V96/><F96/><W87/><G97/><T118/><D118/><U134/><E66/><V24/><F84/><W130/><G38/><T78/><D78/><U36/><E36/><V22/><REACH who="2" step="1"/><F24/><REACH who="2" ten="250,250,240,250" step="2"/><W52/><G130/><T116/><D116/><U95/><E69/><V135/><F135/><W92/><REACH who="3" step="1"/><G54/><REACH who="3" ten="250,250,240,240" step="2"/><T48/><D41/><U85/><E134/><V99/><F99/><W65/><G65/><T110/><D64/><U26/><E106/><V75/><F75/><W88/><G88/><T47/><D89/><U55/><E104/><V112/><F112/><W126/><G126/><T93/><D86/><U7/><E85/><V9/><F9/><W82/><G82/><T127/><D127/><U2/><E83/><V105/><F105/><W30/><G30/><T102/><D93/><U46/><E80/><V128/><F128/><W28/><G28/><T51/><D31/><U79/><E95/><RYUUKYOKU ba="0,2" sc="250,-15,250,-15,240,15,240,15" hai2="8,11,14,15,16,19,21,22,23,40,42,60,67" hai3="25,29,34,35,44,49,52,72,76,81,87,90,92" />
</Scene>
<Scene>
<INIT seed="1,1,2,0,4,67" ten="235,235,255,255" oya="1" hai0="54,39,51,91,120,135,57,33,23,25,50,99,133" hai1="10,127,46,73,111,70,64,28,130,17,6,11,108" hai2="118,113,117,116,44,112,104,107,115,61,98,131,62" hai3="76,45,36,88,86,100,77,128,125,124,84,7,12"/><U20/><E73/><V47/><F131/><W102/><G36/><T69/><D39/><U1/><E130/><V41/><F98/><W119/><G45/><N who="2" m="17481" /><F41/><W95/><G128/><T71/><D33/><U48/><E127/><N who="3" m="48714" /><G12/><T8/><D120/><U31/><E11/><V65/><F65/><W49/><G49/><T105/><D50/><U32/><E32/><V85/><F85/><N who="3" m="32875" /><G7/><T53/><D8/><U92/><E48/><V129/><F129/><W3/><G3/><T5/><D5/><U35/><E46/><V74/><F74/><W59/><G59/><T94/><D105/><AGARI ba="1,2" hai="61,62,104,105,107,112,113,115,116,117,118" m="17481" machi="105" ten="50,6400,0" yaku="28,2,11,1" doraHai="67" who="2" fromWho="0" sc="235,-67,235,0,255,87,255,0" />
</Scene>
<Scene>
<INIT seed="2,0,0,4,2,22" ten="168,235,342,255" oya="2" hai0="82,27,123,68,8,46,108,122,84,89,1,21,92" hai1="63,62,95,103,2,0,41,51,121,125,16,40,104" hai2="32,133,33,47,101,75,81,115,55,117,135,50,130" hai3="131,116,48,76,112,87,15,91,113,119,78,126,120"/><V61/><F115/><N who="3" m="44107" /><G48/><T7/><D68/><U49/><E121/><V3/><F117/><N who="3" m="45131" /><G15/><T96/><D46/><U111/><E104/><V35/><F3/><W118/><G120/><T97/><D97/><N who="1" m="59839" /><E0/><V72/><F130/><W52/><G52/><T67/><D67/><U31/><E2/><V99/><F61/><N who="1" m="23049" /><E31/><V129/><F129/><W53/><G53/><T83/><D108/><U12/><E111/><V11/><F11/><W114/><G131/><T43/><D83/><U109/><E109/><V44/><F44/><W74/><G74/><T59/><D43/><N who="1" m="16459" /><E125/><V19/><F81/><N who="3" m="49647" /><G118/><T14/><D59/><U65/><E65/><V4/><F72/><W10/><G10/><AGARI ba="0,0" hai="10,12,16,49,51" m="16459,23049,59839" machi="10" ten="30,2000,0" yaku="8,1,54,1" doraHai="22" who="1" fromWho="3" sc="168,0,235,20,342,0,255,-20" />
</Scene>
<Scene>
<INIT seed="3,0,0,3,3,134" ten="168,255,342,235" oya="3" hai0="37,40,82,3,53,8,75,127,48,20,65,7,116" hai1="91,69,90,67,21,103,14,87,66,78,86,135,70" hai2="50,76,130,85,44,122,111,126,119,68,125,0,110" hai3="43,49,29,129,84,114,99,95,16,62,104,5,13"/><W93/><G114/><T33/><D116/><U27/><E103/><V6/><F119/><W19/><G104/><T92/><D33/><U46/><E14/><V71/><F130/><W96/><G29/><T128/><D65/><U22/><E46/><V123/><F6/><W108/><G5/><T115/><D128/><U72/><E78/><V25/><F0/><W15/><G84/><T120/><D120/><N who="2" m="46122" /><F25/><W9/><G62/><T80/><D115/><U1/><E1/><V36/><F36/><W102/><G108/><N who="2" m="41513" /><F85/><W132/><G132/><T74/><D37/><U30/><E27/><V61/><F76/><W41/><G49/><T58/><D3/><U117/><E117/><V32/><F32/><W79/><G79/><T35/><D35/><U26/><E26/><V54/><F61/><W23/><G129/><T109/><D7/><U98/><E135/><V51/><F50/><W101/><AGARI ba="0,0" hai="9,13,15,16,19,23,41,43,93,95,96,99,101,102" machi="101" ten="20,12000,1" yaku="0,1,7,1,9,1,8,1,54,1" doraHai="134" who="3" fromWho="3" sc="168,-40,255,-40,342,-40,235,120" />
</Scene>
<Scene>
<INIT seed="3,1,0,0,0,80" ten="128,215,302,355" oya="3" hai0="61,132,36,45,82,52,41,40,129,19,105,116,112" hai1="66,131,107,8,119,86,17,124,51,25,133,127,101" hai2="93,102,134,60,111,13,47,23,88,64,11,109,108" hai3="14,83,70,27,56,33,71,121,37,87,24,74,10"/><W35/><G74/><T72/><D105/><U57/><E119/><V73/><F134/><W126/><G37/><T54/><D72/><U53/><E133/><V43/><F73/><W84/><G121/><T38/><D82/><U98/><E66/><V15/><F102/><W90/><G70/><T114/><D132/><U18/><E131/><V115/><F23/><W20/><G71/><T104/><D104/><U16/><E25/><V0/><F115/><N who="0" m="44074" /><D19/><U81/><REACH who="1" step="1"/><E8/><REACH who="1" ten="128,205,302,355" step="2"/><V67/><F67/><W2/><G27/><T31/><D116/><U63/><E63/><V118/><F118/><W26/><G26/><T32/><D129/><U110/><E110/><V106/><F60/><W5/><G33/><T97/><D61/><U34/><E34/><V103/><F64/><W42/><G35/><T28/><D32/><U78/><AGARI ba="1,1" hai="16,17,18,51,53,57,78,81,86,98,101,107,124,127" machi="78" ten="30,8000,1" yaku="1,1,0,1,52,1,54,1,53,1" doraHai="80" doraHaiUra="44" who="1" fromWho="1" sc="128,-21,205,93,302,-21,355,-41" />
</Scene>
<Scene>
<INIT seed="4,0,0,5,3,38" ten="107,298,281,314" oya="0" hai0="29,16,8,31,68,39,127,48,96,110,119,124,49" hai1="20,61,26,92,122,81,98,56,134,23,87,55,32" hai2="30,10,25,72,35,53,104,46,121,64,66,97,129" hai3="108,69,133,95,84,2,52,70,112,131,11,118,106"/><T13/><D119/><U88/><E134/><V101/><F121/><W41/><G106/><T100/><D68/><U51/><E122/><V3/><F72/><W76/><G118/><T105/><D39/><U21/><E32/><V58/><F129/><W77/><G133/><T114/><D110/><U5/><E5/><V85/><F46/><W75/><G75/><T89/><D89/><U19/><E51/><N who="0" m="19529" /><D114/><U36/><E36/><V37/><F37/><W120/><G120/><T7/><D7/><U1/><E1/><V123/><F123/><W128/><G112/><T90/><D90/><AGARI ba="0,0" hai="19,20,21,23,26,55,56,61,81,87,88,90,92,98" machi="90" ten="30,8000,1" yaku="7,1,25,2,8,1,54,1" doraHai="38" who="1" fromWho="0" sc="107,-80,298,80,281,0,314,0" />
</Scene>
<Scene>
<INIT seed="5,0,0,4,4,59" ten="27,378,281,314" oya="1" hai0="1,109,102,100,71,2,0,73,92,21,49,30,120" hai1="101,7,44,81,98,18,55,46,61,29,75,52,72" hai2="34,108,57,95,105,69,132,77,128,9,133,38,67" hai3="124,82,117,112,64,110,56,31,23,25,32,66,45"/><U116/><E116/><V99/><F38/><W125/><G110/><T74/><D71/><U121/><E121/><V41/><F108/><W35/><G112/><T123/><D109/><U134/><E134/><N who="2" m="51819" /><F41/><W6/><G117/><T87/><D49/><U33/><E7/><V43/><F43/><W130/><G130/><T19/><D30/><U65/><E18/><V79/><F105/><W135/><G135/><T84/><D21/><U42/><E81/><V54/><F34/><W11/><G35/><T90/><D19/><U107/><E75/><V48/><F128/><W91/><G32/><T76/><D76/><U89/><E89/><N who="2" m="55791" /><F9/><W96/><G45/><N who="1" m="17514" /><E42/><V80/><F80/><W63/><G82/><T97/><D74/><U68/><E72/><V131/><F131/><W26/><G91/><T12/><D73/><U22/><E22/><V8/><F8/><W104/><G104/><T10/><D123/><U27/><AGARI ba="0,0" hai="27,29,33,52,55,61,65,68,98,101,107" m="17514" machi="27" ten="30,6000,0" yaku="25,1,52,1,54,1" doraHai="59" who="1" fromWho="1" sc="27,-20,378,60,281,-20,314,-20" />
</Scene>
<Scene>
<INIT seed="5,1,0,4,5,21" ten="7,438,261,294" oya="1" hai0="59,88,96,82,18,16,62,107,114,12,8,85,75" hai1="29,4,20,78,124,42,98,17,121,23,14,37,56" hai2="69,112,71,89,34,19,134,122,105,1,130,52,129" hai3="35,127,119,65,10,13,33,125,91,110,24,73,68"/><U74/><E121/><V133/><F105/><W97/><G73/><T55/><D75/><U72/><E4/><V64/><F1/><W41/><G110/><T22/><D114/><U135/><E135/><N who="2" m="51723" /><F122/><W39/><G119/><T47/><D107/><U66/><E98/><V53/><F34/><W115/><G115/><T70/><D70/><N who="2" m="26634" /><F112/><W31/><G35/><T131/><D131/><N who="2" m="50186" /><F64/><W118/><G118/><T84/><D47/><U6/><E66/><V67/><F67/><W101/><G65/><T0/><D0/><U99/><E99/><V111/><F111/><W45/><G68/><T61/><D96/><U5/><E74/><V38/><F38/><W132/><G132/><T126/><D85/><U25/><E72/><V54/><F19/><W95/><REACH who="3" step="1"/><G101/><REACH who="3" ten="7,438,261,284" step="2"/><T102/><D102/><U90/><E37/><V60/><F89/><W30/><G30/><T43/><D43/><U9/><E42/><V51/><F60/><W94/><G94/><T32/><D32/><U11/><E29/><V87/><F87/><W80/><G80/><T28/><D28/><U120/><E90/><V109/><F109/><W116/><G116/><T63/><D126/><U100/><E124/><V36/><F36/><W108/><G108/><T27/><AGARI ba="1,1" hai="8,12,16,18,22,27,55,59,61,62,63,82,84,88" machi="27" ten="20,12000,2" yaku="0,1,7,1,8,1,52,1,54,2" doraHai="21" who="0" fromWho="0" sc="7,133,438,-61,261,-31,284,-31" />
</Scene>
<Scene>
<INIT seed="6,0,0,5,3,6" ten="140,377,230,253" oya="2" hai0="23,56,71,48,47,101,66,61,80,46,39,94,2" hai1="27,99,42,14,74,64,8,55,96,128,92,86,32" hai2="115,130,124,89,113,7,78,120,77,125,38,11,83" hai3="20,87,60,134,43,50,24,79,103,84,0,1,44"/><V33/><F38/><W127/><G127/><N who="2" m="48713" /><F120/><W98/><G134/><T9/><D71/><U72/><E42/><V85/><F33/><W116/><G116/><T102/><D39/><U13/><E64/><V105/><F105/><W132/><G132/><T51/><D80/><U57/><E86/><V5/><F5/><W133/><G79/><N who="2" m="30217" /><F130/><W10/><G0/><AGARI ba="0,0" hai="0,7,11,83,85,89,113,115" m="30217,48713" machi="0" ten="30,2900,0" yaku="18,1,52,1" doraHai="6" who="2" fromWho="3" sc="140,0,377,0,230,29,253,-29" />
</Scene>
<Scene>
<INIT seed="6,1,0,1,5,66" ten="140,377,259,224" oya="2" hai0="74,105,3,124,23,93,46,48,57,17,18,75,42" hai1="16,99,51,82,109,38,56,54,98,114,72,2,86" hai2="115,5,90,6,14,22,29,15,63,100,97,62,108" hai3="87,11,128,103,94,120,52,4,21,35,12,131,59"/><V55/><F115/><W24/><G35/><T125/><D105/><U84/><E2/><V44/><F108/><W133/><G120/><T70/><D70/><U95/><E38/><V126/><F126/><W89/><G103/><T61/><D3/><U111/><E72/><V91/><F44/><W20/><G133/><T68/><D93/><U9/><E114/><V7/><F29/><W32/><G32/><T121/><D121/><U107/><E107/><V135/><F135/><W92/><G92/><T76/><D17/><U77/><E109/><V102/><F22/><W28/><REACH who="3" step="1"/><G21/><REACH who="3" ten="140,377,259,214" step="2"/><T47/><D124/><U39/><E95/><V132/><F132/><W40/><G40/><T58/><D125/><U134/><E134/><V127/><F127/><W73/><G73/><T31/><D75/><U27/><E111/><V78/><F100/><W123/><G123/><T110/><D110/><U1/><E82/><V119/><F102/><W53/><G53/><N who="0" m="29855" /><D74/><U64/><E54/><V49/><F55/><W41/><G41/><T79/><D42/><U33/><E33/><V0/><F119/><W106/><G106/><T129/><D23/><U50/><E98/><V37/><F97/><W65/><G65/><T69/><D129/><U104/><E99/><V34/><F34/><W71/><G71/><T30/><D68/><U60/><E64/><V112/><F112/><W25/><G25/><T116/><D69/><U13/><E27/><V117/><F117/><W67/><G67/><T122/><D116/><U130/><E104/><V43/><F43/><W10/><G10/><T8/><D8/><RYUUKYOKU ba="1,1" sc="140,-10,377,-10,259,-10,214,30" hai3="4,11,12,20,24,28,52,59,87,89,94,128,131" />
</Scene>
<Scene>
<INIT seed="7,2,1,1,4,87" ten="130,367,249,244" oya="3" hai0="83,75,92,14,66,22,126,67,17,101,41,47,133" hai1="106,26,3,113,21,6,37,91,94,20,105,117,95" hai2="10,28,43,130,90,89,93,61,88,111,42,103,102" hai3="100,110,119,76,121,118,24,45,114,80,68,85,98"/><W59/><G68/><T40/><D133/><U122/><E37/><V30/><F111/><W11/><G121/><T128/><D128/><U78/><E78/><V74/><F74/><W63/><G114/><T48/><D75/><U127/><E122/><V123/><F130/><W99/><G99/><T124/><D41/><N who="2" m="15370" /><F123/><W54/><G45/><T33/><D33/><U51/><E91/><N who="2" m="34891" /><F61/><W25/><G11/><T131/><D131/><U9/><E9/><V56/><F56/><W96/><G96/><T77/><D92/><U107/><E95/><V135/><F10/><W134/><G134/><T46/><D101/><N who="2" m="38410" /><F135/><W71/><G110/><T79/><D47/><U0/><E94/><V112/><F112/><W36/><G36/><T109/><D109/><U65/><E113/><V108/><F108/><W49/><G100/><T38/><D38/><U5/><E107/><V116/><F116/><W34/><G118/><T60/><D79/><U57/><E117/><V16/><F16/><W73/><G119/><T62/><D62/><U86/><E57/><V69/><F69/><W84/><G71/><T53/><D40/><U39/><E39/><V115/><F115/><W13/><G63/><T52/><D53/><U44/><E106/><V12/><F12/><W120/><G13/><T29/><D60/><U2/><E105/><V55/><F55/><W125/><G54/><T32/><D124/><U82/><E127/><V81/><F81/><W8/><G125/><T64/><D126/><U19/><E19/><V23/><F23/><W7/><G73/><N who="0" m="43439" /><D32/><U27/><E82/><V97/><AGARI ba="2,1" hai="28,30,90,93,97" m="38410,34891,15370" machi="97" ten="30,12000,2" yaku="5,1,8,1,52,4,54,1" doraHai="87" who="2" fromWho="2" sc="130,-32,367,-32,249,136,244,-62" owari="98,-40.0,335,14.0,385,48.0,182,-22.0" />
</Scene>
</mjloggm>