<mjloggm ver="2.3"><GO type="169" lobby="0"/><UN n0="%E3%82%AB%E3%83%8B%E3%83%9E%E3%83%A8" n1="%31%35%30%30" n2="%E5%A4%AA%E3%81%8F%E3%81%AA%E3%81%84%E3%81%8A" n3="%E3%83%A4%E3%82%AD%E3%83%B3" dan="17,16,18,17" rate="2075.40,2026.20,2172.93,2176.11" sx="M,M,M,M"/><TAIKYOKU oya="0"/>

<Scene>
<INIT seed="0,0,0,2,4,59" ten="250,250,250,250" oya="0" hai0="4,26,60,80,101,99,88,15,19,11,68,71,38" hai1="44,107,16,53,106,84,130,33,110,89,83,66,61" hai2="114,96,122,49,134,31,50,42,73,22,23,21,41" hai3="124,127,28,56,62,58,135,52,36,121,131,91,27"/><T45/><D38/><U34/><E110/><V128/><F122/><W20/><G121/><T69/><D45/><U57/><E130/><V18/><F114/><W64/><G131/><T55/><D26/><U116/><E116/><V40/><F73/><W79/><G79/><T81/><D4/><U32/><E44/><V0/><F0/><W82/><G36/><T102/><D102/><U133/><E133/><V72/><F72/><W108/><G135/><T78/><D78/><U54/><REACH who="1" step="1"/><E16/><REACH who="1" ten="250,240,250,250" step="2"/><V105/><F18/><W70/><G108/><T123/><D123/><U43/><E43/><V74/><F41/><W112/><G112/><T115/><D115/><U6/><E6/><V37/><F42/><W30/><G30/><T35/><D19/><U109/><E109/><V119/><F40/><W111/><G111/><T14/><D11/><U65/><E65/><V67/><F67/><W129/><G129/><T51/><D15/><U97/><E97/><V39/><F96/><W5/><G5/><T2/><D14/><U46/><E46/><V126/><F128/><W76/><G64/><T13/><D13/><U10/><E10/><V100/><F39/><W90/><G28/><T125/><D2/><U95/><E95/><V12/><F37/><W7/><G7/><T113/><D113/><U3/><E3/><V24/><F31/><W86/><G127/><T29/><D29/><U87/><E87/><V132/><F126/><W9/><G124/><T103/><D125/><U94/><E94/><V8/><F132/><W25/><G9/><T75/><D99/><U117/><E117/><RYUUKYOKU ba="0,1" sc="250,-10,240,30,250,-10,250,-10" hai1="32,33,34,53,54,57,61,66,83,84,89,106,107" />
</Scene>
<Scene>
<INIT seed="1,1,1,3,3,134" ten="240,270,240,240" oya="1" hai0="24,106,107,110,113,91,92,70,102,112,88,40,23" hai1="96,61,127,56,50,103,122,55,135,42,87,105,0" hai2="133,79,97,75,25,123,15,35,90,47,83,84,19" hai3="120,89,72,10,3,32,51,62,67,27,132,86,38"/><U109/><E122/><V11/><F123/><W31/><G120/><T36/><D70/><U98/><E135/><V111/><F133/><W68/><G132/><T114/><D110/><U9/><E109/><V54/><F111/><W53/><G72/><T108/><D108/><U59/><E98/><V28/><F97/><W49/><G38/><T125/><D102/><U48/><E48/><N who="2" m="28959" /><F79/><W95/><G51/><T131/><D131/><U14/><E0/><V104/><F75/><W46/><G3/><T119/><D119/><U43/><E87/><V20/><F104/><W26/><G10/><T128/><D128/><U65/><REACH who="1" step="1"/><E127/><REACH who="1" ten="240,260,240,240" step="2"/><V116/><F116/><W78/><G86/><T13/><D125/><U45/><E45/><V12/><F84/><W29/><G49/><T69/><D113/><U21/><E21/><V5/><F20/><W6/><G46/><T76/><D114/><U130/><E130/><V74/><F74/><W81/><G32/><T37/><D37/><U117/><E117/><V18/><F35/><W99/><G99/><T66/><D112/><U82/><E82/><V121/><F83/><W2/><G81/><T1/><D1/><U71/><E71/><V7/><F121/><W39/><G39/><T44/><D69/><U34/><E34/><V126/><F126/><W118/><G118/><T115/><D115/><U30/><E30/><V64/><F28/><W4/><G2/><T60/><D36/><U77/><E77/><V16/><F90/><W58/><G78/><T41/><D91/><U94/><E94/><V101/><F101/><W100/><G100/><RYUUKYOKU ba="1,2" sc="240,-10,260,30,240,-10,240,-10" hai1="9,14,42,43,50,55,56,59,61,65,96,103,105" />
</Scene>
<Scene>
<INIT seed="1,2,2,4,3,67" ten="230,290,230,230" oya="1" hai0="101,75,21,97,46,99,41,125,17,102,120,55,60" hai1="131,29,133,104,34,51,109,39,65,117,90,78,132" hai2="47,87,62,79,82,94,98,59,122,106,16,8,93" hai3="95,22,48,85,14,24,80,76,28,114,10,25,118"/><U77/><E39/><V19/><F122/><W57/><G114/><T84/><D75/><U49/><E117/><V119/><F119/><W54/><G118/><T18/><D125/><U112/><E112/><V27/><F106/><W116/><G116/><T113/><D113/><U35/><E131/><V20/><F47/><W71/><G25/><T30/><D120/><U130/><E104/><V6/><F19/><W5/><REACH who="3" step="1"/><G95/><REACH who="3" ten="230,290,230,220" step="2"/><T103/><D30/><U36/><E130/><V107/><F107/><W61/><G61/><T3/><D60/><U96/><E132/><V42/><F98/><W13/><G13/><T100/><D99/><U37/><E133/><V135/><F135/><W45/><G45/><T88/><D3/><U69/><E96/><V11/><F94/><W89/><G89/><T40/><D97/><U124/><E90/><V108/><F93/><W91/><G91/><T38/><D101/><U83/><E124/><V32/><F62/><W73/><G73/><T72/><D72/><U15/><E15/><V33/><F27/><W2/><G2/><T26/><D102/><U1/><E1/><V74/><F74/><W105/><G105/><T134/><D134/><U9/><E78/><V4/><F79/><W86/><G86/><T43/><D103/><U92/><E92/><V0/><F87/><W31/><G31/><N who="0" m="17871" /><D100/><U115/><E29/><V23/><F0/><W126/><G126/><T121/><D121/><U66/><E115/><V70/><F33/><W81/><G81/><T63/><D84/><N who="1" m="48239" /><E35/><V68/><F32/><W127/><G127/><T53/><D88/><RYUUKYOKU ba="2,3" sc="230,-10,290,-10,230,-10,220,30" hai3="5,10,14,22,24,28,48,54,57,71,76,80,85" />
</Scene>
<Scene>
<INIT seed="2,3,3,1,4,32" ten="220,280,220,250" oya="2" hai0="107,95,33,133,53,57,80,29,52,128,130,62,59" hai1="132,113,61,41,26,21,25,99,18,111,51,16,87" hai2="89,73,72,34,64,103,22,76,74,40,127,45,78" hai3="85,86,108,88,68,131,11,82,17,1,91,19,14"/><V47/><F34/><W43/><G68/><T6/><D107/><U50/><E111/><V120/><F120/><W94/><G108/><T126/><D126/><U93/><E113/><V15/><F103/><W39/><G131/><N who="0" m="50219" /><D133/><U12/><E132/><V66/><F127/><W31/><G31/><T106/><D106/><U37/><E87/><V102/><F102/><W3/><REACH who="3" step="1"/><G19/><REACH who="3" ten="220,280,220,240" step="2"/><T55/><D29/><U8/><E18/><N who="2" m="10591" /><F73/><W81/><G81/><T97/><D80/><U42/><E37/><V119/><F74/><W0/><G0/><T96/><D33/><U84/><E61/><V27/><F72/><W125/><G125/><T2/><D62/><U65/><E16/><V28/><F28/><W71/><G71/><T79/><D79/><U36/><E36/><V135/><F76/><W13/><G13/><T56/><D95/><U134/><E12/><V5/><F78/><W101/><G101/><T115/><D115/><U10/><E134/><V48/><F135/><W104/><G104/><T121/><D121/><U109/><E109/><V83/><F83/><W23/><G23/><T4/><D4/><U35/><E21/><V58/><F5/><W112/><G112/><T129/><D129/><U122/><E35/><V77/><F77/><W116/><G116/><T117/><D117/><U75/><E75/><V105/><F105/><W118/><G118/><T110/><D110/><U49/><E122/><V7/><F7/><W9/><G9/><AGARI ba="3,4" hai="2,6,9,52,53,55,56,57,59,96,97" m="50219" machi="9" ten="40,5200,0" yaku="19,1,52,1,54,1" doraHai="32" who="0" fromWho="3" sc="220,101,280,0,220,0,240,-61" />
</Scene>
<Scene>
<INIT seed="3,0,0,3,0,73" ten="321,280,220,179" oya="3" hai0="59,96,18,81,76,111,117,101,79,120,20,75,62" hai1="4,103,82,130,94,67,43,2,122,8,95,112,92" hai2="114,41,132,32,72,135,124,104,50,105,12,14,70" hai3="5,123,98,134,44,125,61,74,65,35,108,86,30"/><W15/><G74/><T131/><D120/><U68/><E122/><V60/><F114/><W129/><G123/><T24/><D117/><U126/><E112/><V10/><F32/><W23/><G125/><T13/><D131/><U28/><E126/><V31/><F31/><W27/><G129/><T47/><D111/><U51/><E28/><V11/><F72/><W6/><G108/><T85/><D75/><U34/><E34/><V110/><F110/><W9/><G134/><N who="2" m="51241" /><F124/><W106/><G44/><T22/><D47/><U100/><E130/><V38/><F38/><W91/><G23/><T71/><D71/><U88/><E43/><V116/><F50/><W64/><G6/><T66/><D85/><U40/><E40/><V39/><F116/><W84/><G65/><T36/><D81/><U52/><E67/><N who="2" m="41319" /><F41/><W83/><G83/><T109/><D36/><U53/><E68/><V89/><F89/><W48/><G48/><T69/><D69/><U133/><E133/><V77/><F77/><W115/><G115/><T37/><D37/><U118/><E118/><V80/><F80/><W49/><G49/><T33/><D33/><U0/><E0/><V46/><F46/><W56/><REACH who="3" step="1"/><G91/><REACH who="3" ten="321,280,220,169" step="2"/><T21/><D109/><U7/><E4/><N who="2" m="3143" /><F39/><W127/><G127/><T78/><D24/><U58/><E53/><V57/><F57/><W54/><G54/><T121/><D121/><U128/><E128/><V45/><F45/><W87/><G87/><T3/><D59/><U26/><E82/><V113/><F113/><W42/><G42/><T55/><D55/><U63/><E88/><RYUUKYOKU ba="0,1" sc="321,-15,280,-15,220,15,169,15" hai2="11,14,104,105" hai3="5,9,15,27,30,35,56,61,64,84,86,98,106" />
</Scene>
<Scene>
<INIT seed="3,1,1,0,5,31" ten="306,265,235,184" oya="3" hai0="23,30,109,45,27,102,116,8,20,119,63,54,112" hai1="90,52,0,25,124,53,12,35,39,51,15,11,115" hai2="68,77,83,84,33,93,3,129,19,36,5,87,73" hai3="38,122,2,6,70,91,22,104,65,121,114,62,72"/><W98/><G114/><T1/><D112/><U125/><E39/><V135/><F68/><W18/><G72/><T28/><D109/><U26/><E115/><V76/><F129/><W96/><G38/><T105/><D105/><U88/><E0/><V113/><F113/><W108/><G108/><T71/><D102/><U64/><E64/><V130/><F130/><W85/><G2/><T10/><D71/><U47/><E35/><V48/><F135/><W46/><G6/><T97/><D97/><U61/><E61/><V74/><F48/><W117/><G117/><T56/><D45/><U34/><E34/><V42/><F19/><W81/><G46/><T134/><D134/><U101/><E101/><V89/><F76/><W131/><G131/><T50/><D50/><U66/><E66/><V57/><F57/><W86/><G86/><T55/><D55/><U37/><E37/><V128/><F128/><W133/><G133/><T59/><D59/><U94/><E53/><V29/><F42/><W103/><REACH who="3" step="1"/><G96/><REACH who="3" ten="306,265,235,174" step="2"/><T99/><D99/><U100/><E124/><V111/><F36/><W106/><G106/><T9/><D1/><U60/><E125/><V79/><F111/><W17/><G17/><T75/><D75/><N who="2" m="28682" /><F5/><W7/><G7/><T78/><D119/><U82/><E47/><V95/><F3/><W92/><G92/><N who="2" m="35401" /><F87/><W58/><G58/><T132/><D132/><U49/><E60/><V16/><F16/><W24/><AGARI ba="1,2" hai="18,22,24,62,65,70,81,85,91,98,103,104,121,122" machi="24" ten="20,7800,0" yaku="1,1,0,1,7,1,53,1" doraHai="31" doraHaiUra="13" who="3" fromWho="3" sc="306,-27,265,-27,235,-27,174,101" />
</Scene>
<Scene>
<INIT seed="3,2,0,4,1,134" ten="279,238,208,275" oya="3" hai0="122,98,87,19,11,80,124,109,85,100,3,135,96" hai1="118,130,133,92,64,55,35,46,6,76,114,119,29" hai2="58,127,44,73,8,101,69,115,30,28,107,106,129" hai3="10,84,5,105,51,123,77,102,14,26,112,61,88"/><W36/><G112/><T63/><D122/><U97/><E114/><V60/><F115/><W65/><G36/><T70/><D135/><U78/><E64/><V34/><F73/><W53/><G77/><T33/><D33/><U47/><E6/><V37/><F129/><W49/><G123/><T56/><D70/><U91/><E133/><V72/><F72/><W15/><G26/><T79/><D109/><U68/><E68/><V38/><F8/><N who="3" m="4367" /><G102/><T12/><D3/><U75/><E130/><V32/><F69/><W22/><G22/><T93/><D98/><U20/><E35/><V18/><F101/><W86/><G105/><T99/><D99/><U4/><E4/><V71/><F71/><W50/><G65/><T117/><D117/><N who="1" m="44555" /><E75/><V120/><F120/><W128/><G128/><T83/><D83/><U125/><E125/><V0/><F127/><W95/><G84/><N who="0" m="48159" /><D124/><U66/><E66/><AGARI ba="2,0" hai="11,12,19,56,63,66,85,87,93,96,100" m="48159" machi="66" ten="30,1000,0" yaku="8,1" doraHai="134" who="0" fromWho="1" sc="279,16,238,-16,208,0,275,0" />
</Scene>
<Scene>
<INIT seed="4,0,0,3,1,60" ten="295,222,208,275" oya="0" hai0="38,84,105,13,90,106,76,16,7,52,44,30,127" hai1="115,69,120,108,54,39,93,94,48,71,135,9,24" hai2="2,110,23,55,113,0,12,99,14,116,130,129,64" hai3="27,88,107,15,97,35,103,114,100,72,91,49,98"/><T28/><D76/><U131/><E39/><V3/><F110/><W112/><G15/><N who="2" m="5673" /><F55/><W42/><G27/><T43/><D127/><U45/><E108/><V126/><F99/><W75/><G35/><T61/><D7/><U111/><E9/><V73/><F73/><N who="3" m="28235" /><G49/><N who="0" m="28711" /><D106/><U36/><E111/><V4/><F126/><W124/><G42/><T82/><D105/><U68/><E36/><V59/><F113/><N who="3" m="43627" /><G124/><T6/><D6/><U133/><E115/><V1/><F23/><W56/><G56/><T26/><D26/><U104/><E104/><AGARI ba="0,0" hai="88,91,97,98,100,103,104,107" m="43627,28235" machi="104" ten="30,7700,0" yaku="15,1,34,2,54,1" doraHai="60" who="3" fromWho="1" sc="295,0,222,-77,208,0,275,77" />
</Scene>
<Scene>
<INIT seed="5,0,0,0,4,108" ten="295,145,208,352" oya="1" hai0="31,17,128,39,131,72,67,93,123,29,10,34,118" hai1="83,109,66,7,40,126,30,86,129,85,26,105,1" hai2="89,19,111,38,135,73,23,107,80,51,64,115,84" hai3="13,42,71,44,20,25,122,21,28,55,15,68,96"/><U77/><E109/><V120/><F111/><W90/><G122/><T125/><D39/><U101/><E126/><V58/><F38/><W59/><G68/><T112/><D72/><U133/><E129/><V24/><F120/><W69/><G69/><T54/><D123/><U48/><E133/><V45/><F107/><W81/><G71/><T16/><D67/><U117/><E66/><V121/><F121/><W87/><G96/><T3/><D93/><U116/><E1/><V130/><F135/><W5/><G5/><T52/><D118/><U46/><E7/><V100/><F73/><W47/><G21/><T11/><D34/><U22/><REACH who="1" step="1"/><E85/><REACH who="1" ten="295,135,208,352" step="2"/><V27/><F130/><W18/><G87/><T70/><D3/><U104/><E104/><V33/><F64/><W91/><G91/><T57/><D125/><U119/><E119/><V82/><F89/><W65/><G90/><T94/><D131/><U102/><E102/><V75/><F100/><W62/><G65/><T60/><D128/><U0/><E0/><V36/><F84/><W56/><G81/><T98/><D70/><U32/><E32/><V50/><F33/><W4/><G4/><T127/><D127/><U79/><E79/><V106/><F106/><W43/><G43/><T53/><D94/><U63/><E63/><V114/><F80/><W99/><G42/><T113/><D60/><U110/><E110/><V92/><F82/><W76/><G76/><T8/><D57/><U41/><E41/><V103/><F58/><W6/><G59/><T9/><D54/><U132/><E132/><V14/><F92/><RYUUKYOKU ba="0,1" sc="295,-10,135,30,208,-10,352,-10" hai1="22,26,30,40,46,48,77,83,86,101,105,116,117" />
</Scene>
<Scene>
<INIT seed="5,1,1,4,5,133" ten="285,165,198,342" oya="1" hai0="97,26,129,119,123,11,96,121,23,10,109,74,72" hai1="65,128,13,15,76,84,33,7,106,135,88,81,2" hai2="126,6,102,85,36,69,122,8,77,22,34,31,61" hai3="127,114,132,60,105,40,32,35,100,101,44,45,89"/><U95/><E135/><V75/><F122/><N who="0" m="46602" /><D119/><U90/><E33/><V104/><F36/><W103/><G132/><T38/><D38/><U82/><E106/><V70/><F85/><W118/><G105/><T110/><D129/><U24/><E128/><V43/><F22/><W53/><G114/><T64/><D64/><U42/><E42/><V49/><F49/><W94/><G118/><T108/><D96/><U48/><E48/><V99/><F43/><W9/><G60/><T63/><D63/><U79/><E24/><N who="2" m="18791" /><F61/><W125/><G53/><T120/><D97/><U78/><E65/><V28/><F28/><W56/><G56/><T55/><D55/><U27/><E27/><V46/><F46/><N who="3" m="18027" /><G9/><N who="0" m="3083" /><D120/><U87/><E7/><V66/><F66/><W51/><G51/><T4/><D4/><U62/><E2/><N who="2" m="87" /><F69/><W0/><G0/><T111/><D111/><U20/><E62/><V115/><F70/><W50/><G50/><T57/><D57/><U116/><E116/><V25/><F104/><W91/><G40/><T18/><AGARI ba="1,1" hai="18,23,26,72,74,108,109,110" m="3083,46602" machi="18" ten="40,1500,0" yaku="13,1" doraHai="133" who="0" fromWho="0" sc="285,28,165,-8,198,-5,342,-5" />
</Scene>
<Scene>
<INIT seed="6,0,0,1,3,43" ten="313,157,193,337" oya="2" hai0="89,97,129,49,6,8,120,104,74,16,125,42,101" hai1="69,28,5,94,112,1,39,102,11,17,14,132,126" hai2="76,96,79,26,7,73,86,118,90,10,35,103,24" hai3="67,33,114,75,65,109,54,56,45,41,52,110,113"/><V21/><F118/><W106/><G75/><T108/><D74/><U116/><E116/><V20/><F35/><W0/><G106/><T134/><D108/><N who="3" m="41577" /><G54/><T48/><D129/><U15/><E69/><V40/><F40/><W27/><G0/><T130/><D120/><U122/><E122/><V66/><F66/><N who="3" m="25099" /><G27/><T133/><D130/><U12/><E39/><V127/><F127/><W46/><G33/><T22/><D125/><U91/><E126/><V63/><F63/><N who="3" m="36231" /><G46/><T62/><D89/><U84/><E102/><V99/><F73/><W2/><G2/><T92/><D104/><U3/><E28/><V70/><F10/><W36/><AGARI ba="0,0" hai="36,41,45,113,114" m="36231,25099,41577" machi="36" ten="40,8000,1" yaku="34,2,52,1,54,1" doraHai="43" who="3" fromWho="3" sc="313,-20,157,-20,193,-40,337,80" />
</Scene>
<Scene>
<INIT seed="7,0,0,0,0,115" ten="293,137,153,417" oya="3" hai0="6,109,134,99,76,124,73,1,74,121,51,18,16" hai1="24,42,118,56,97,17,64,34,59,94,52,45,81" hai2="48,90,68,57,100,91,86,3,38,127,123,30,67" hai3="88,102,25,31,35,125,21,112,92,28,5,39,80"/><W8/><G112/><T108/><D121/><U111/><E111/><V2/><F38/><W106/><G125/><T19/><D124/><U72/><E118/><V44/><F127/><W9/><G39/><T26/><D26/><U132/><E132/><V13/><F68/><W20/><G106/><T49/><D134/><U116/><E116/><V113/><F100/><W61/><G102/><T63/><D99/><U12/><E81/><V96/><F113/><W29/><G80/><T75/><D76/><U77/><E77/><V40/><F123/><W133/><G61/><T114/><D114/><U69/><E72/><V82/><F30/><N who="3" m="11883" /><G35/><T10/><D63/><N who="1" m="37991" /><E34/><V129/><F96/><W11/><G21/><T60/><D60/><N who="1" m="35943" /><E69/><V62/><F129/><W32/><G32/><T119/><D119/><U36/><E24/><V41/><F91/><W58/><G58/><T78/><D78/><U83/><E83/><V98/><F98/><N who="3" m="57607" /><G133/><T37/><D37/><U53/><E53/><N who="2" m="29831" /><F2/><W87/><G87/><T50/><AGARI ba="0,0" hai="1,6,10,16,18,19,49,50,51,73,74,75,108,109" machi="50" ten="40,8000,1" yaku="0,1,29,2,54,1" doraHai="115" who="0" fromWho="0" sc="293,80,137,-20,153,-20,417,-40" owari="373,17.0,117,-38.0,133,-27.0,377,48.0" />
</Scene>
</mjloggm>