<mjloggm ver="2.3"><GO type="169" lobby="0"/><UN n0="%6D%79" n1="%75%73%6B%31%31%31%35" n2="%E5%A4%AA%E3%81%8F%E3%81%AA%E3%81%84%E3%81%8A" n3="%E5%A6%B9%E7%B4%85" dan="16,16,18,16" rate="2064.84,2174.85,2191.37,2075.88" sx="M,M,M,F"/><TAIKYOKU oya="0"/>

<Scene>
<INIT seed="0,0,0,5,1,62" ten="250,250,250,250" oya="0" hai0="81,99,68,24,52,119,91,111,88,132,113,28,65" hai1="108,122,34,127,86,82,42,14,101,41,135,54,26" hai2="70,114,29,105,66,126,37,61,130,112,90,0,8" hai3="69,44,124,3,6,110,9,63,38,50,33,51,133"/><T78/><D113/><U120/><E108/><V13/><F105/><W109/><G33/><T103/><D119/><U100/><E34/><V22/><F37/><W5/><G133/><T27/><D111/><N who="3" m="42505" /><G6/><T77/><D132/><U134/><E26/><V1/><F126/><W48/><G124/><T39/><D39/><U49/><E14/><V79/><F79/><W123/><G123/><T87/><D78/><U47/><E127/><V56/><F130/><W11/><G11/><T72/><D28/><U30/><E30/><V76/><F76/><W40/><G63/><T84/><D72/><U12/><E12/><V35/><F35/><W73/><G69/><T98/><D98/><U102/><E86/><V104/><F70/><W57/><G73/><T129/><D129/><U106/><E82/><V83/><F83/><W32/><G32/><T53/><D68/><U19/><E19/><V15/><F8/><W89/><G89/><N who="0" m="34379" /><D65/><U118/><E106/><V43/><F104/><W115/><G115/><T4/><D4/><U31/><E118/><V85/><F112/><W60/><G38/><T93/><D87/><U10/><E31/><V96/><F85/><W55/><AGARI ba="0,0" hai="3,5,9,40,44,48,50,51,55,57,60" m="42505" machi="55" ten="30,1100,0" yaku="14,1" doraHai="62" who="3" fromWho="3" sc="250,-5,250,-3,250,-3,250,11" />
</Scene>
<Scene>
<INIT seed="1,0,0,2,5,101" ten="245,247,247,261" oya="1" hai0="46,49,61,30,110,134,41,37,31,81,67,106,29" hai1="99,6,82,62,98,18,103,125,39,120,53,116,8" hai2="50,94,63,3,77,13,121,20,35,93,73,128,97" hai3="80,5,54,88,12,92,95,34,86,32,70,71,78"/><U4/><E116/><V16/><F121/><W42/><G42/><T127/><D110/><U9/><E39/><V74/><F128/><W126/><G126/><T105/><D127/><U100/><E125/><V1/><F35/><W114/><G114/><T91/><D134/><U57/><E120/><V102/><F63/><W112/><G112/><T130/><D130/><U66/><E53/><V90/><F50/><W135/><G135/><T117/><D117/><U48/><E48/><V36/><F36/><W44/><G34/><T79/><D91/><U89/><E18/><V45/><F45/><W28/><G28/><T17/><D17/><U124/><E124/><V65/><F65/><W27/><G27/><T24/><D24/><U14/><E99/><V83/><REACH who="2" step="1"/><F74/><REACH who="2" ten="245,247,237,261" step="2"/><W69/><G32/><T133/><D37/><U58/><E58/><V2/><F2/><W0/><G0/><T26/><D133/><U19/><E57/><V23/><F23/><W129/><G129/><T22/><D31/><U122/><E122/><V107/><F107/><W55/><G44/><T72/><REACH who="0" step="1"/><D30/><REACH who="0" ten="235,247,237,261" step="2"/><U75/><E75/><V56/><F56/><AGARI ba="0,2" hai="22,26,29,41,46,49,56,61,67,72,79,81,105,106" machi="56" ten="30,12000,2" yaku="1,1,2,1,7,1,52,2,53,1" doraHai="101" doraHaiUra="25" who="0" fromWho="2" sc="235,140,247,0,237,-120,261,0" />
</Scene>
<Scene>
<INIT seed="2,0,0,2,3,26" ten="375,247,117,261" oya="2" hai0="39,58,72,51,20,108,100,30,1,60,130,41,128" hai1="33,7,57,110,19,111,53,109,103,131,44,69,24" hai2="81,135,134,48,126,65,98,42,92,56,35,36,32" hai3="97,99,31,11,0,18,86,107,94,89,47,106,61"/><V38/><F126/><W55/><G106/><T96/><D39/><N who="2" m="14890" /><F81/><W46/><G107/><T82/><D1/><U120/><E120/><V115/><F115/><W91/><G0/><T122/><D122/><U66/><E103/><V5/><F5/><W34/><G34/><T13/><D108/><U3/><E3/><V132/><F65/><W83/><G31/><T73/><D73/><U2/><E44/><N who="2" m="25623" /><F56/><N who="3" m="34975" /><G99/><T93/><D72/><U123/><E123/><V4/><F4/><W88/><G91/><AGARI ba="0,0" hai="32,35,91,92,98,132,134,135" m="25623,14890" machi="91" ten="40,2000,0" yaku="20,1" doraHai="26" who="2" fromWho="3" sc="375,0,247,0,117,20,261,-20" />
</Scene>
<Scene>
<INIT seed="2,1,0,0,0,62" ten="375,247,137,241" oya="2" hai0="105,125,7,131,11,49,32,8,61,65,87,112,122" hai1="63,60,21,15,4,54,135,16,93,73,83,27,48" hai2="80,29,52,81,89,44,128,0,69,20,85,46,23" hai3="96,130,17,72,132,86,94,134,5,99,88,39,110"/><V113/><F113/><W101/><G39/><T43/><D122/><U77/><E135/><N who="3" m="51754" /><G5/><T24/><D112/><U119/><E119/><V31/><F0/><W28/><G28/><N who="2" m="10825" /><F69/><W67/><G110/><T10/><D105/><U102/><E102/><V9/><F128/><W78/><G17/><T33/><D131/><U91/><E4/><V107/><F107/><N who="3" m="63911" /><G67/><T133/><D133/><U123/><E27/><V66/><F9/><W37/><G37/><T71/><D7/><U90/><E123/><V114/><F114/><W92/><G130/><T106/><D106/><U50/><E50/><N who="2" m="28743" /><F66/><W18/><G18/><T6/><D6/><U34/><E34/><V22/><F46/><W47/><G47/><T19/><D33/><U84/><REACH who="1" step="1"/><E91/><REACH who="1" ten="375,237,137,241" step="2"/><V115/><F115/><W118/><G118/><T36/><D32/><U129/><E129/><V51/><F51/><W104/><G104/><T108/><D49/><U76/><E76/><V121/><F121/><W117/><G117/><T42/><D36/><U98/><E98/><V25/><F25/><W26/><G26/><T14/><D24/><U124/><E124/><V103/><F103/><N who="3" m="60903" /><G78/><T109/><D125/><U97/><E97/><V70/><F70/><W12/><G12/><T58/><D71/><U35/><E35/><V38/><F38/><W64/><G72/><T126/><D126/><U111/><E111/><N who="0" m="42569" /><D87/><U68/><E68/><V45/><F45/><AGARI ba="1,1" hai="15,16,21,45,48,54,60,63,73,77,83,84,90,93" machi="45" ten="30,7700,0" yaku="1,1,7,1,54,1,53,1" doraHai="62" doraHaiUra="75" who="1" fromWho="2" sc="375,0,237,90,137,-80,241,0" />
</Scene>
<Scene>
<INIT seed="3,0,0,5,5,14" ten="375,327,57,241" oya="3" hai0="71,48,2,95,65,21,50,68,11,74,84,25,39" hai1="91,47,67,31,83,54,131,132,32,122,38,27,113" hai2="15,45,28,63,78,66,34,57,76,41,9,42,79" hai3="10,19,133,40,114,120,29,100,116,85,126,81,87"/><W108/><G120/><T16/><D39/><U80/><E122/><V88/><F34/><W99/><G116/><T135/><D74/><U37/><E113/><V123/><F123/><W22/><G114/><T30/><D135/><U93/><E132/><V121/><F121/><W64/><G133/><T86/><D86/><U51/><E131/><V49/><F28/><W24/><G126/><T128/><D128/><U20/><E67/><V36/><F36/><W89/><G40/><T115/><D115/><U3/><E3/><V102/><F102/><W90/><G64/><T53/><D65/><U103/><E103/><V110/><F110/><W12/><G108/><T6/><D50/><U117/><E117/><V59/><F59/><W44/><G44/><T73/><D73/><U7/><E7/><V77/><N who="2" m="19456" /><DORA hai="107" /><V52/><REACH who="2" step="1"/><F88/><REACH who="2" ten="375,327,47,241" step="2"/><W46/><G46/><T61/><D71/><U97/><E38/><V94/><F94/><W124/><G124/><T75/><D95/><U69/><E37/><V23/><F23/><W92/><G87/><T105/><D84/><U13/><E69/><V98/><F98/><W55/><G90/><T112/><D68/><U8/><E32/><V130/><F130/><W5/><G29/><T118/><D30/><U26/><E31/><V56/><F56/><W72/><G72/><T35/><D75/><U111/><E111/><V58/><F58/><W119/><G119/><T70/><D118/><U82/><E20/><V33/><F33/><W43/><G100/><T106/><D112/><U60/><E93/><V96/><F96/><W127/><G99/><RYUUKYOKU ba="0,1" sc="375,-10,327,-10,47,30,241,-10" hai2="9,15,41,42,45,49,52,57,63,66" />
</Scene>
<Scene>
<INIT seed="4,1,1,0,3,109" ten="365,317,77,231" oya="0" hai0="43,58,17,8,88,110,84,104,56,97,31,130,12" hai1="108,92,70,38,120,29,7,116,18,42,132,113,68" hai2="100,19,27,61,111,94,6,15,33,2,103,118,9" hai3="79,20,23,106,60,51,123,3,64,93,1,126,48"/><T98/><D110/><U37/><E7/><V101/><F111/><W54/><G106/><T122/><D122/><U4/><E4/><V80/><F118/><W129/><G123/><T73/><D73/><U83/><E29/><V81/><F94/><W131/><G126/><T134/><D130/><N who="3" m="49673" /><G79/><T77/><D77/><U22/><E92/><V67/><F61/><W26/><G93/><T28/><D134/><U41/><E83/><V76/><F67/><W47/><G51/><T95/><D43/><U135/><E22/><N who="3" m="8234" /><G26/><T112/><D112/><U107/><E18/><V46/><F27/><W14/><G14/><T96/><D104/><U16/><E16/><V21/><F33/><W74/><G74/><T25/><REACH who="0" step="1"/><D31/><REACH who="0" ten="355,317,77,231" step="2"/><U35/><E107/><V50/><REACH who="2" step="1"/><F76/><REACH who="2" ten="355,317,67,231" step="2"/><W115/><G115/><T55/><D55/><AGARI ba="1,3" hai="2,6,9,15,19,21,46,50,55,80,81,100,101,103" machi="55" ten="40,2600,0" yaku="1,1,2,1,53,0" doraHai="109" doraHaiUra="102" who="2" fromWho="0" sc="355,-29,317,0,67,59,231,0" />
</Scene>
<Scene>
<INIT seed="5,0,0,4,3,64" ten="326,317,126,231" oya="1" hai0="110,28,27,98,30,117,49,29,84,43,6,118,104" hai1="7,44,41,53,129,55,9,50,10,119,73,11,85" hai2="12,63,51,133,37,78,97,115,111,135,125,0,108" hai3="22,20,72,60,71,75,120,113,32,33,83,81,5"/><U95/><E119/><V132/><F0/><W112/><G5/><T114/><D110/><N who="2" m="42026" /><F78/><W46/><G46/><T34/><D114/><U127/><E73/><V40/><F97/><W4/><G4/><T2/><D2/><U93/><E127/><V45/><F12/><W26/><G60/><T8/><D84/><U18/><E129/><V15/><F15/><W94/><G94/><N who="1" m="35850" /><E7/><V91/><F91/><W105/><G105/><T31/><D43/><U58/><E85/><V90/><F90/><W66/><G66/><T59/><D104/><U128/><E128/><V25/><F25/><W65/><G65/><T13/><D98/><U17/><E41/><N who="2" m="22703" /><F125/><W14/><G14/><T131/><D131/><U80/><E80/><V68/><F115/><W96/><G96/><T36/><D118/><U109/><E109/><V76/><F76/><W16/><G26/><T24/><D117/><U124/><E124/><V121/><F121/><W89/><G89/><T88/><D27/><U48/><AGARI ba="0,0" hai="9,10,11,17,18,44,48,50,53,55,58" m="35850" machi="48" ten="30,1500,0" yaku="8,1" doraHai="64" who="1" fromWho="1" sc="326,-5,317,15,126,-5,231,-5" />
</Scene>
<Scene>
<INIT seed="5,1,0,4,4,109" ten="321,332,121,226" oya="1" hai0="78,85,86,135,114,50,115,22,41,83,121,28,104" hai1="88,112,3,27,105,54,60,126,12,70,129,64,106" hai2="110,84,89,4,99,128,44,77,97,19,13,59,82" hai3="92,29,40,21,76,14,107,93,25,7,30,38,113"/><U20/><E3/><V108/><F110/><W90/><G107/><T1/><D1/><U26/><E126/><V79/><F108/><W75/><G30/><T56/><D104/><U134/><E134/><V98/><F128/><W51/><G38/><T66/><D135/><U16/><E129/><V48/><F59/><W35/><G113/><N who="0" m="43019" /><D121/><U127/><E112/><V24/><F24/><W74/><G76/><T47/><D86/><U69/><E69/><V95/><F4/><W124/><G124/><T132/><D132/><U43/><E43/><V18/><F95/><W62/><G93/><T58/><D66/><U65/><E65/><V102/><F102/><W46/><G62/><T53/><D41/><U96/><E127/><V80/><F80/><W55/><G40/><T10/><D10/><U101/><E106/><V131/><F131/><W94/><G94/><T49/><D49/><U72/><E72/><V0/><F0/><W119/><G75/><T71/><D71/><U31/><E54/><V9/><REACH who="2" step="1"/><F19/><REACH who="2" ten="321,332,111,226" step="2"/><W42/><G92/><T52/><D53/><AGARI ba="1,1" hai="9,13,18,44,48,53,77,79,82,84,89,97,98,99" machi="53" ten="40,12000,2" yaku="1,1,2,1,25,2,8,1,53,1" doraHai="109" doraHaiUra="8" who="2" fromWho="0" sc="321,-123,332,0,111,133,226,0" />
</Scene>
<Scene>
<INIT seed="6,0,0,3,2,21" ten="198,332,244,226" oya="2" hai0="95,81,118,63,78,5,123,121,4,46,106,86,58" hai1="91,90,126,3,38,98,129,44,113,23,117,79,10" hai2="19,96,59,29,17,40,97,51,62,107,93,83,124" hai3="99,27,133,76,70,34,100,55,127,56,25,32,49"/><V84/><F107/><W2/><G2/><T132/><D106/><U64/><E117/><V115/><F115/><W13/><G70/><T89/><D118/><U47/><E64/><V1/><F1/><W30/><G76/><T82/><D132/><U128/><E79/><V68/><F68/><W66/><G66/><T61/><D82/><U102/><E23/><V109/><F29/><W39/><G39/><T120/><D46/><U135/><E126/><V122/><F124/><W111/><G127/><T125/><D125/><U110/><E110/><V12/><F122/><W88/><G13/><T112/><D112/><U87/><E38/><V85/><F109/><W26/><G133/><T43/><D43/><U94/><E91/><N who="2" m="53487" /><F51/><W77/><G77/><T119/><D119/><U28/><E28/><V73/><F40/><W48/><G111/><T71/><D71/><U16/><E113/><V116/><F17/><W45/><G32/><T11/><D11/><U20/><E135/><V18/><F19/><W80/><G80/><T42/><D42/><U0/><E0/><V74/><F74/><W31/><G34/><T7/><REACH who="0" step="1"/><D58/><REACH who="0" ten="188,332,244,226" step="2"/><U15/><E47/><V108/><F116/><W8/><G8/><T114/><D114/><U54/><E44/><V92/><F108/><W104/><G45/><T50/><D50/><U103/><E10/><N who="2" m="6423" /><F83/><W53/><G49/><T75/><AGARI ba="0,1" hai="4,5,7,61,63,75,78,81,86,89,95,120,121,123" machi="75" ten="40,2700,0" yaku="1,1,0,1,53,0" doraHai="21" doraHaiUra="9" who="0" fromWho="0" sc="188,37,332,-7,244,-13,226,-7" />
</Scene>
<Scene>
<INIT seed="7,0,0,0,0,119" ten="225,325,231,219" oya="3" hai0="110,112,46,121,84,93,130,53,100,59,132,54,135" hai1="113,20,117,131,45,128,123,9,40,52,48,68,4" hai2="122,78,27,34,31,106,99,116,85,101,62,72,91" hai3="2,13,12,87,47,28,66,107,88,1,67,7,98"/><W102/><G28/><T32/><D110/><U14/><E68/><V81/><F116/><W115/><G115/><T26/><D130/><N who="1" m="49707" /><E123/><V36/><F36/><W69/><G69/><T120/><D112/><U94/><E117/><V35/><F62/><W77/><G77/><T8/><D46/><U25/><E113/><V44/><F44/><W64/><G47/><T80/><D8/><U73/><E73/><V43/><F43/><W42/><G42/><T103/><D54/><U23/><E94/><N who="2" m="54639" /><F122/><N who="0" m="47210" /><D93/><U74/><E74/><V65/><F65/><W82/><REACH who="3" step="1"/><G7/><REACH who="3" ten="225,325,231,209" step="2"/><T97/><D32/><AGARI ba="0,1" hai="27,31,32,34,35,72,78,81,99,101,106" m="54639" machi="32" ten="30,1000,0" yaku="24,1" doraHai="119" who="2" fromWho="0" sc="225,-10,325,0,231,20,209,0" owari="215,-18.0,325,42.0,251,5.0,209,-29.0" />
</Scene>
</mjloggm>