<mjloggm ver="2.3"><GO type="169" lobby="0"/><UN n0="%70%69%2D%70%6F" n1="%6E%65%6F%40%75%6E%69" n2="%E5%A4%AA%E3%81%8F%E3%81%AA%E3%81%84%E3%81%8A" n3="%7A%65%6C%64%65%6E" dan="16,18,18,16" rate="2107.39,2226.18,2183.48,2062.83" sx="M,M,M,M"/><TAIKYOKU oya="0"/>

<Scene>
<INIT seed="0,0,0,1,2,76" ten="250,250,250,250" oya="0" hai0="85,128,5,35,113,0,9,118,52,109,22,7,91" hai1="126,44,42,106,6,123,83,53,3,75,11,54,103" hai2="19,111,127,80,61,122,36,115,45,133,33,84,130" hai3="66,40,99,100,29,28,94,110,34,21,131,107,93"/><T95/><D113/><U63/><E63/><V129/><F115/><W38/><G110/><T64/><D118/><U82/><E123/><V62/><F122/><W105/><G131/><N who="2" m="50185" /><F33/><W46/><G34/><T4/><D128/><U24/><E126/><V15/><F111/><W114/><G114/><T30/><D109/><U96/><E24/><V27/><F27/><W18/><G66/><T23/><D64/><U73/><E75/><V26/><F26/><W102/><G105/><T25/><D22/><U57/><E57/><V8/><F127/><W10/><G10/><T101/><D101/><U65/><E65/><V37/><F133/><W14/><REACH who="3" step="1"/><G107/><REACH who="3" ten="250,250,250,240" step="2"/><T74/><D35/><U17/><E17/><V77/><F19/><W59/><G59/><T68/><D68/><U58/><E58/><V79/><F8/><W72/><G72/><T50/><REACH who="0" step="1"/><D74/><REACH who="0" ten="240,250,250,240" step="2"/><U89/><E73/><V69/><F69/><W43/><G43/><T70/><D70/><U120/><E120/><V119/><F119/><W12/><G12/><T81/><D81/><U16/><E82/><V98/><F15/><W67/><G67/><T112/><D112/><U1/><E83/><V116/><F116/><W134/><G134/><T56/><AGARI ba="0,2" hai="0,4,5,7,9,23,25,30,50,52,56,85,91,95" machi="56" ten="20,12000,1" yaku="1,1,0,1,7,1,54,1,53,1" doraHai="76" doraHaiUra="55" who="0" fromWho="0" sc="240,140,250,-40,250,-40,240,-40" />
</Scene>
<Scene>
<INIT seed="0,1,0,3,2,1" ten="380,210,210,200" oya="0" hai0="110,19,23,72,52,115,92,39,98,100,2,69,27" hai1="11,127,112,124,85,80,130,87,67,126,30,26,47" hai2="6,34,96,84,89,78,128,28,116,82,102,31,129" hai3="60,58,134,97,133,106,50,123,0,29,64,13,135"/><T107/><D115/><U10/><E67/><V93/><F116/><W12/><G0/><T75/><D69/><U74/><E112/><V105/><F6/><W20/><G123/><T8/><D39/><U131/><E47/><V48/><F48/><W57/><G57/><T54/><D110/><U70/><E74/><V37/><F37/><W120/><G120/><T59/><D107/><U55/><E55/><V41/><F41/><W40/><G50/><T15/><D2/><U53/><E53/><V46/><F46/><W99/><G40/><T68/><D68/><U38/><E70/><V119/><F119/><W118/><G118/><T62/><REACH who="0" step="1"/><D54/><REACH who="0" ten="370,210,210,200" step="2"/><U77/><E38/><V88/><F129/><W51/><G106/><T95/><D95/><U56/><E131/><V79/><F128/><W44/><G133/><T61/><D61/><U65/><E130/><V42/><F42/><W94/><G94/><T49/><D49/><U25/><E127/><V43/><F43/><W66/><G134/><T24/><D24/><U35/><E26/><V63/><F63/><W22/><G135/><T103/><D103/><U109/><E109/><V3/><F3/><W122/><G122/><T9/><D9/><U73/><E11/><V108/><F108/><W32/><G60/><T104/><D104/><U33/><E10/><V86/><F105/><W101/><G51/><T117/><D117/><U132/><E132/><V91/><F102/><W121/><G101/><T45/><D45/><U17/><E126/><V5/><F93/><W7/><G121/><T125/><D125/><U18/><E124/><RYUUKYOKU ba="1,1" sc="370,30,210,-10,210,-10,200,-10" hai0="8,15,19,23,27,52,59,62,72,75,92,98,100" />
</Scene>
<Scene>
<INIT seed="0,2,1,5,5,2" ten="400,200,200,190" oya="0" hai0="51,92,15,122,10,94,111,47,93,35,57,77,128" hai1="120,53,107,125,68,4,44,62,8,134,26,91,85" hai2="21,65,115,70,84,113,14,22,90,23,55,96,7" hai3="66,126,95,39,29,135,58,36,32,0,97,75,3"/><T119/><D122/><U45/><E107/><V124/><F124/><W86/><G75/><T104/><D119/><U130/><E120/><V1/><F1/><W81/><G126/><T49/><D104/><U132/><E26/><V103/><F55/><W98/><G135/><N who="1" m="51754" /><E130/><V52/><F65/><W25/><G97/><T18/><D128/><U110/><E110/><V33/><F70/><W48/><G3/><T72/><D35/><U108/><E108/><V56/><F33/><W12/><G0/><T112/><D111/><U64/><E53/><V116/><F116/><W20/><G12/><T106/><D106/><U9/><E125/><V123/><F123/><W79/><G32/><T6/><D112/><U28/><E28/><V73/><F73/><W133/><G133/><T129/><D129/><U37/><E4/><V24/><F24/><W131/><G131/><T76/><D72/><U105/><E105/><V88/><F115/><W60/><REACH who="3" step="1"/><G48/><REACH who="3" ten="400,200,200,180" step="2"/><T30/><D51/><U71/><E37/><V41/><F113/><W67/><G67/><T63/><D49/><U69/><E64/><V102/><F96/><W87/><G87/><T42/><D15/><U89/><E62/><N who="2" m="36103" /><F84/><W17/><G17/><T127/><D18/><U114/><E114/><V78/><F14/><W50/><G50/><T100/><D127/><U54/><E54/><V101/><F7/><W117/><G117/><T34/><D6/><U16/><E16/><V118/><F118/><W80/><G80/><T40/><D34/><U38/><E38/><V74/><F41/><N who="0" m="15978" /><D63/><U27/><E85/><V109/><F109/><RYUUKYOKU ba="2,2" sc="400,-15,200,-15,200,15,180,15" hai2="21,22,23,74,78,88,90,101,102,103" hai3="20,25,29,36,39,58,60,66,79,81,86,95,98" />
</Scene>
<Scene>
<INIT seed="1,3,2,2,4,28" ten="385,185,215,195" oya="1" hai0="71,128,46,5,64,59,77,133,109,120,112,20,38" hai1="45,25,82,33,135,122,69,22,10,98,47,114,111" hai2="36,79,134,103,23,117,43,41,91,86,55,44,100" hai3="72,76,18,110,95,68,108,3,123,7,99,92,1"/><U61/><E10/><V80/><F117/><W87/><G123/><T51/><D112/><U4/><E4/><V90/><F134/><W16/><G68/><T85/><D133/><U30/><E122/><V27/><F43/><W118/><G72/><T113/><D113/><U6/><E6/><V37/><F37/><W11/><G3/><T84/><D71/><U15/><E135/><V62/><F62/><W132/><G118/><T54/><D120/><U81/><E114/><V66/><F66/><W2/><G2/><T131/><D20/><U124/><E124/><V63/><F63/><W106/><G106/><T65/><D109/><N who="3" m="42089" /><G132/><T56/><D5/><U14/><E111/><V24/><F55/><W130/><G130/><N who="0" m="49707" /><D77/><U17/><E15/><V126/><F27/><W115/><G115/><T58/><D38/><U8/><E8/><V89/><REACH who="2" step="1"/><F126/><REACH who="2" ten="385,185,205,195" step="2"/><W31/><G31/><AGARI ba="3,3" hai="23,24,31,36,41,44,79,80,86,89,90,91,100,103" machi="31" ten="40,2600,0" yaku="1,1,2,1,53,0" doraHai="28" doraHaiUra="50" who="2" fromWho="3" sc="385,0,185,0,205,65,195,-35" />
</Scene>
<Scene>
<INIT seed="2,0,0,0,4,19" ten="385,185,270,160" oya="2" hai0="108,79,90,16,103,74,85,99,89,50,59,48,134" hai1="76,125,114,18,28,96,7,47,124,83,52,84,49" hai2="54,82,97,131,86,75,115,81,10,2,95,65,100" hai3="44,110,106,130,69,8,37,3,25,33,11,26,129"/><V119/><F115/><W6/><G106/><T22/><D108/><U122/><E7/><V102/><F119/><W77/><G69/><T45/><D134/><U5/><E5/><V31/><F65/><W15/><G77/><T1/><D1/><U72/><E114/><V12/><F2/><W94/><G94/><N who="0" m="58871" /><D74/><U41/><E28/><V24/><F131/><N who="3" m="50187" /><G44/><T32/><D32/><U55/><E122/><V107/><F75/><W111/><G37/><T58/><D79/><U38/><E96/><V104/><F102/><W73/><G73/><T70/><D70/><U91/><E18/><V60/><F54/><W20/><G33/><T105/><D105/><U78/><E52/><V27/><F82/><W43/><G43/><N who="0" m="24639" /><D50/><U109/><E109/><N who="3" m="41482" /><G20/><T128/><D128/><U56/><REACH who="1" step="1"/><E76/><REACH who="1" ten="385,175,270,160" step="2"/><V88/><F97/><W63/><G63/><T34/><D89/><U14/><E14/><V64/><F12/><W57/><G57/><T113/><D113/><U117/><E117/><V62/><F88/><W68/><G68/><T116/><D116/><U98/><E98/><V80/><F62/><W66/><G66/><T126/><D58/><U118/><E118/><V71/><F71/><W39/><G39/><T51/><D59/><U23/><E23/><V121/><F64/><W127/><G127/><T120/><D22/><U36/><E36/><V67/><F67/><W21/><G21/><T133/><D90/><U42/><E42/><V61/><F60/><W40/><G40/><T35/><D126/><U13/><E13/><V93/><F61/><W0/><G15/><T101/><D35/><RYUUKYOKU ba="0,1" sc="385,-15,175,15,270,-15,160,15" hai1="38,41,47,49,55,56,72,78,83,84,91,124,125" hai3="0,3,6,8,11,25,26" />
</Scene>
<Scene>
<INIT seed="3,1,1,5,5,113" ten="370,190,255,175" oya="3" hai0="82,86,20,68,8,125,103,44,54,47,45,106,42" hai1="97,30,105,0,127,2,90,53,121,116,36,98,52" hai2="32,88,89,87,15,27,114,78,100,17,9,43,13" hai3="102,72,35,122,109,46,130,71,57,39,99,73,34"/><W120/><G57/><T108/><D68/><U55/><E36/><V77/><F114/><W85/><G85/><T83/><D108/><U49/><E30/><V65/><F100/><W50/><G109/><T134/><D134/><U133/><E121/><N who="3" m="46698" /><G50/><T48/><D125/><U70/><E70/><V69/><F43/><N who="3" m="22911" /><G71/><T80/><D20/><U123/><E49/><V129/><F65/><W63/><G63/><T5/><D106/><U37/><E37/><V18/><F69/><W22/><G22/><T67/><D67/><U104/><E55/><V95/><F89/><W60/><G60/><T66/><D66/><U24/><E123/><V4/><F17/><W135/><G135/><T23/><D23/><U26/><E90/><V74/><F18/><W64/><G64/><T28/><D103/><U112/><E133/><V131/><F15/><W101/><G101/><T94/><D28/><U56/><E112/><V40/><F40/><W29/><G130/><T11/><D42/><U110/><E110/><V25/><F131/><W38/><G38/><T6/><D86/><U41/><E41/><V111/><F129/><W7/><G7/><N who="0" m="2571" /><D94/><U1/><E1/><V14/><F111/><W93/><G29/><T59/><AGARI ba="1,1" hai="8,11,44,45,47,48,54,59,80,82,83" m="2571" machi="59" ten="40,1500,0" yaku="8,1" doraHai="113" who="0" fromWho="0" sc="370,28,190,-5,255,-5,175,-8" />
</Scene>
<Scene>
<INIT seed="4,0,0,1,2,45" ten="398,185,250,167" oya="0" hai0="48,91,36,128,84,93,131,66,63,129,115,78,55" hai1="111,40,31,49,104,105,53,135,24,124,85,60,98" hai2="22,30,126,54,90,67,73,8,0,133,130,102,103" hai3="86,34,51,33,88,89,15,75,108,38,12,39,46"/><T95/><D36/><U58/><E98/><V42/><F73/><W19/><G108/><T21/><D115/><U17/><E111/><V80/><F67/><W119/><G75/><T25/><D78/><U27/><E124/><V14/><F0/><W81/><G119/><T121/><D121/><U61/><E135/><V57/><F42/><W72/><G72/><T59/><D93/><U127/><E127/><V65/><F65/><W96/><G15/><T79/><D79/><U1/><E1/><V16/><F126/><W11/><G89/><T5/><D5/><U113/><E113/><V9/><F133/><W77/><G77/><T87/><D87/><U101/><E101/><N who="2" m="38411" /><F30/><W18/><G18/><N who="0" m="12471" /><D66/><U37/><E85/><N who="2" m="50471" /><F130/><W82/><G96/><T56/><D56/><U68/><E68/><V6/><F6/><W3/><G82/><T134/><D134/><U52/><E105/><V50/><AGARI ba="0,0" hai="8,9,14,16,22,50,54,57" m="50471,38411" machi="50" ten="30,4000,0" yaku="8,1,52,1,54,1" doraHai="45" who="2" fromWho="2" sc="398,-20,185,-10,250,40,167,-10" />
</Scene>
<Scene>
<INIT seed="5,0,0,4,2,73" ten="378,175,290,157" oya="1" hai0="132,49,43,35,98,59,48,111,123,113,6,47,120" hai1="91,86,20,7,52,82,58,118,1,105,107,121,95" hai2="92,97,131,9,54,34,109,63,15,125,68,21,3" hai3="116,65,122,117,81,4,40,99,72,108,37,100,78"/><U23/><E23/><V56/><F34/><W24/><G108/><T36/><D35/><U96/><E121/><N who="0" m="46665" /><D111/><U101/><E118/><N who="3" m="45674" /><G122/><T10/><D113/><U90/><E90/><V76/><F109/><W16/><G65/><T60/><D98/><U51/><REACH who="1" step="1"/><E20/><REACH who="1" ten="378,165,290,157" step="2"/><V17/><F21/><N who="3" m="13351" /><G4/><T62/><D132/><U80/><E80/><V26/><F17/><W38/><G40/><T50/><D59/><U87/><E87/><V128/><F56/><W29/><G29/><T57/><D57/><U14/><E14/><AGARI ba="0,1" hai="6,10,14,36,43,47,48,49,50,60,62" m="46665" machi="14" ten="30,1000,0" yaku="13,1" doraHai="73" who="0" fromWho="1" sc="378,20,165,-10,290,0,157,0" />
</Scene>
<Scene>
<INIT seed="6,0,0,5,4,26" ten="398,155,290,157" oya="2" hai0="125,55,50,20,114,67,69,122,56,88,85,78,64" hai1="68,113,57,111,12,48,90,14,130,1,42,100,3" hai2="117,98,81,102,17,80,29,62,118,109,43,110,10" hai3="84,39,40,96,87,77,107,71,123,2,129,45,31"/><V89/><F43/><W61/><G123/><T0/><D122/><U116/><E68/><V115/><F62/><W28/><G2/><T128/><D0/><U59/><E42/><V75/><F17/><W23/><G129/><T70/><D128/><U86/><E130/><V47/><F47/><W91/><G77/><T76/><D114/><U131/><E131/><V135/><F10/><W9/><G9/><T73/><D73/><U41/><E41/><V27/><F115/><W49/><G39/><T104/><D104/><U72/><E72/><V95/><F135/><W46/><G46/><T15/><D69/><U106/><E113/><V33/><F75/><W58/><G71/><T36/><D36/><U11/><E111/><N who="2" m="42507" /><F102/><W25/><G31/><T5/><D70/><U7/><E1/><V13/><F13/><W82/><G58/><T92/><D5/><U38/><E38/><V65/><F65/><W79/><G61/><T53/><D53/><U34/><E34/><V52/><F52/><W37/><G37/><T112/><D112/><U18/><E116/><AGARI ba="0,0" hai="27,29,33,80,81,89,95,98,116,117,118" m="42507" machi="116" ten="30,2900,0" yaku="10,1,52,1" doraHai="26" who="2" fromWho="1" sc="398,0,155,-29,290,29,157,0" />
</Scene>
<Scene>
<INIT seed="6,1,0,0,5,70" ten="398,126,319,157" oya="2" hai0="103,16,37,47,40,113,84,25,36,59,39,21,46" hai1="124,14,32,31,127,26,55,54,20,74,94,125,104" hai2="92,28,45,107,3,120,30,17,79,83,5,135,77" hai3="67,65,69,119,2,27,133,116,73,101,134,64,57"/><V105/><F120/><W19/><G73/><T33/><D113/><U0/><E104/><V80/><F135/><N who="3" m="51723" /><G2/><T71/><D71/><U102/><E74/><V93/><F3/><W76/><G76/><T114/><D114/><U78/><E78/><V98/><F45/><W60/><G101/><T34/><D59/><U112/><E112/><V66/><F66/><N who="3" m="39183" /><G19/><T82/><D103/><U58/><E0/><V117/><F17/><W85/><G85/><T11/><D11/><U122/><E122/><V108/><F5/><W7/><G7/><T111/><D111/><U86/><E58/><V126/><F98/><W118/><G27/><T6/><D6/><U115/><E115/><V48/><F108/><W87/><G87/><T49/><REACH who="0" step="1"/><D47/><REACH who="0" ten="388,126,319,157" step="2"/><U72/><E72/><V90/><F117/><W15/><G69/><T109/><D109/><U13/><E102/><V96/><F126/><W97/><G118/><T1/><D1/><U129/><E129/><V95/><F105/><W121/><G121/><T23/><D23/><U123/><E123/><V44/><F107/><W110/><G110/><T10/><D10/><U130/><E130/><V68/><F68/><W52/><G116/><T43/><D43/><U91/><E20/><V131/><F131/><W38/><G119/><T50/><D50/><U81/><E94/><N who="2" m="56407" /><F48/><W61/><G67/><T9/><D9/><U88/><E91/><AGARI ba="1,1" hai="16,21,25,33,34,36,37,39,40,46,49,82,84,91" machi="91" ten="40,12000,2" yaku="1,1,52,3,54,1,53,1" doraHai="70" doraHaiUra="22" who="0" fromWho="1" sc="388,133,126,-123,319,0,157,0" />
</Scene>
<Scene>
<INIT seed="7,0,0,5,4,41" ten="521,3,319,157" oya="3" hai0="115,103,15,62,33,123,104,92,6,73,120,0,129" hai1="134,74,30,17,23,107,76,64,54,3,57,97,110" hai2="14,125,49,87,53,72,5,67,102,79,1,80,20" hai3="59,9,36,39,116,81,63,45,51,8,10,100,135"/><W52/><G116/><T69/><D92/><U95/><E95/><V83/><F125/><W91/><G100/><T18/><D129/><U114/><E114/><V56/><F102/><W117/><G117/><T109/><D109/><U55/><E55/><V24/><F1/><W130/><G135/><T35/><D73/><U71/><E71/><V82/><F72/><W4/><G130/><T66/><D115/><U119/><E119/><V75/><F75/><W106/><G106/><T133/><D133/><U101/><E101/><V128/><F128/><W96/><G4/><T126/><D126/><U29/><E54/><V7/><F67/><W65/><G96/><N who="0" m="61543" /><D15/><U27/><E57/><V89/><F79/><W16/><G39/><T127/><D18/><U21/><E21/><V22/><F22/><W112/><G36/><T31/><D127/><U131/><E97/><V46/><F56/><W50/><G50/><T25/><D33/><U11/><E76/><V60/><F60/><W118/><G118/><T34/><D35/><N who="1" m="20927" /><E30/><V105/><F105/><W108/><G112/><T121/><D121/><U40/><E64/><V47/><F7/><W26/><G108/><T113/><D113/><U68/><E40/><V42/><F5/><W43/><G43/><T86/><D86/><U124/><E68/><V37/><F14/><N who="3" m="7255" /><G26/><T48/><D48/><U2/><E74/><V98/><F98/><W90/><G90/><T111/><D111/><U122/><E107/><V77/><F89/><W19/><G91/><T38/><D38/><U13/><E124/><V78/><F78/><W99/><G99/><RYUUKYOKU ba="0,0" sc="521,15,3,-15,319,15,157,-15" hai0="0,6,25,31,34,62,66,69,120,123" hai2="20,24,37,42,46,47,49,53,77,80,82,83,87" owari="536,64.0,-12,-51.0,334,13.0,142,-26.0" />
</Scene>
</mjloggm>