<mjloggm ver="2.3"><GO type="169" lobby="0"/><UN n0="%E5%A4%AA%E3%81%8F%E3%81%AA%E3%81%84%E3%81%8A" n1="%6E%65%6F%40%75%6E%69" n2="%72%6F%6F%74%21" n3="%E3%81%8A%E3%81%98%E3%81%95%E3%82%93" dan="18,18,16,17" rate="2251.61,2251.47,2109.48,2188.42" sx="M,M,M,M"/><TAIKYOKU oya="0"/>

<Scene>
<INIT seed="0,0,0,2,2,38" ten="250,250,250,250" oya="0" hai0="8,69,50,86,63,126,71,104,23,114,21,75,62" hai1="59,16,67,53,64,128,106,10,88,1,110,37,97" hai2="61,65,60,31,68,87,103,89,22,90,28,13,118" hai3="123,107,4,116,113,81,125,95,27,35,3,77,9"/><T17/><D75/><U115/><E37/><V44/><F118/><W93/><G116/><T45/><D114/><U119/><E119/><V129/><F129/><W7/><G113/><T47/><D104/><U41/><E115/><V0/><F0/><W56/><G123/><T24/><D126/><U80/><E128/><V92/><F103/><W79/><G125/><T57/><D8/><U134/><E110/><V19/><F61/><W5/><G107/><T96/><D96/><U102/><E41/><V132/><F132/><W58/><G9/><T15/><D86/><U135/><E1/><V117/><F117/><W98/><G3/><T131/><D131/><U6/><E6/><V51/><REACH who="2" step="1"/><F90/><REACH who="2" ten="250,250,240,250" step="2"/><W43/><G79/><T124/><D124/><U2/><E2/><V111/><F111/><W18/><G77/><T82/><D62/><U108/><E108/><V25/><F25/><W101/><G27/><T29/><D63/><U33/><E135/><V52/><AGARI ba="0,1" hai="13,19,22,28,31,44,51,52,60,65,68,87,89,92" machi="52" ten="20,8000,1" yaku="1,1,0,1,7,1,54,1,53,1" doraHai="38" doraHaiUra="84" who="2" fromWho="2" sc="250,-40,250,-20,240,90,250,-20" />
</Scene>
<Scene>
<INIT seed="1,0,0,1,1,118" ten="210,230,330,230" oya="1" hai0="94,67,99,21,38,19,111,63,124,74,11,103,70" hai1="41,71,81,30,89,120,85,48,69,96,102,50,87" hai2="16,130,109,98,128,121,66,39,13,49,75,112,105" hai3="65,35,90,58,119,86,57,91,135,100,22,88,12"/><U7/><E120/><V132/><F121/><W108/><G108/><T25/><D111/><U92/><E30/><V106/><F132/><W52/><G135/><T51/><D124/><U31/><E7/><V72/><F39/><W80/><G35/><T110/><D110/><U104/><E31/><V40/><F66/><W113/><G113/><T15/><D38/><U23/><E23/><V0/><F0/><W64/><G100/><T29/><D74/><U26/><E26/><V126/><F126/><W133/><G133/><T53/><D70/><U129/><E129/><V32/><F32/><W117/><G58/><N who="0" m="37367" /><D51/><U6/><E6/><V43/><F112/><W4/><G119/><T42/><D53/><U8/><E8/><V17/><F109/><W61/><G117/><T78/><D78/><U9/><E9/><V107/><F98/><W10/><REACH who="3" step="1"/><G22/><REACH who="3" ten="210,230,330,220" step="2"/><T28/><D28/><U47/><REACH who="1" step="1"/><E50/><REACH who="1" ten="210,220,330,220" step="2"/><V93/><F49/><W45/><G45/><T24/><D24/><U44/><E44/><V73/><F130/><W79/><AGARI ba="0,2" hai="4,10,12,52,57,61,64,65,79,80,86,88,90,91" machi="79" ten="30,12000,2" yaku="1,1,0,1,8,1,54,2,53,1" doraHai="118" doraHaiUra="5" who="3" fromWho="3" sc="210,-30,220,-60,330,-30,220,140" />
</Scene>
<Scene>
<INIT seed="2,0,0,3,0,17" ten="180,160,300,360" oya="2" hai0="76,110,16,73,11,39,5,85,6,100,79,70,134" hai1="103,12,118,132,62,26,55,128,57,31,81,61,117" hai2="56,106,9,53,0,65,77,105,101,86,59,122,47" hai3="91,129,58,108,80,50,34,109,21,64,72,74,82"/><V92/><F122/><W116/><G116/><T99/><D70/><U14/><E103/><V37/><F0/><W33/><G129/><T32/><D32/><N who="3" m="12393" /><G21/><T83/><D39/><U97/><E97/><V23/><F9/><W4/><G4/><T88/><D110/><N who="3" m="42601" /><G64/><T41/><D41/><U75/><E128/><V78/><F105/><W19/><G19/><T48/><D48/><U133/><E62/><N who="2" m="38111" /><F106/><W10/><G10/><T90/><D134/><N who="1" m="51819" /><E118/><V121/><F37/><W119/><G119/><T49/><D49/><U98/><E98/><N who="2" m="59591" /><F47/><W112/><G112/><T69/><D69/><U13/><E117/><V7/><F7/><N who="0" m="2570" /><D100/><U87/><E75/><N who="3" m="28714" /><G91/><T68/><D68/><U115/><E115/><V71/><F71/><W67/><G67/><T36/><D36/><U120/><E120/><V29/><F121/><W60/><G60/><T130/><D130/><U46/><E46/><V35/><F35/><W28/><G50/><T52/><D73/><U25/><E31/><V107/><F107/><W22/><G58/><T42/><D42/><U18/><E18/><V40/><F40/><W44/><G44/><T43/><D43/><U135/><E135/><V125/><F56/><W114/><G114/><T27/><D52/><U20/><E20/><V30/><F53/><W124/><G28/><N who="2" m="10857" /><F23/><W66/><G22/><N who="0" m="13767" /><D11/><U54/><E54/><V38/><F38/><W63/><G66/><T126/><D126/><U94/><E26/><V131/><F125/><W113/><G124/><T111/><D111/><U2/><E25/><V123/><F131/><W93/><G113/><T45/><D45/><RYUUKYOKU ba="0,0" sc="180,30,160,-10,300,-10,360,-10" hai0="76,79,83,85,88,90,99" />
</Scene>
<Scene>
<INIT seed="3,1,0,1,2,60" ten="210,150,290,350" oya="3" hai0="106,14,28,56,94,119,111,46,69,107,108,30,65" hai1="32,53,110,61,38,95,78,45,120,63,132,102,6" hai2="93,82,126,2,59,131,122,109,128,34,48,17,68" hai3="99,24,84,100,103,31,26,43,115,49,114,77,90"/><W1/><G1/><T41/><D69/><U97/><E120/><V80/><F109/><N who="0" m="42058" /><D119/><U101/><E110/><V135/><F135/><W58/><G77/><T13/><D94/><U36/><E32/><V133/><F133/><W51/><G43/><T121/><D121/><U92/><E132/><V8/><F126/><W89/><G58/><T104/><D56/><U64/><E6/><N who="2" m="1111" /><F68/><W55/><G55/><T22/><D65/><U124/><E78/><V112/><F112/><W42/><G42/><T118/><D118/><U52/><E97/><V35/><F93/><W88/><G99/><T76/><D76/><U47/><REACH who="1" step="1"/><E64/><REACH who="1" ten="210,140,290,350" step="2"/><V19/><F35/><N who="3" m="20967" /><G115/><T123/><D123/><U66/><E66/><V105/><F34/><W54/><G114/><T3/><D106/><U113/><E113/><V73/><F105/><W5/><G103/><T83/><D107/><U72/><E72/><V18/><F73/><W50/><G100/><T11/><D104/><U12/><E12/><V7/><F122/><W117/><G117/><T130/><D13/><U62/><E62/><V20/><F131/><W75/><G75/><T129/><D3/><U27/><E27/><V25/><F25/><W33/><G5/><T57/><D130/><U10/><E10/><V40/><F7/><W70/><G26/><T21/><D129/><U44/><E44/><V127/><F128/><W91/><G33/><T87/><D11/><U71/><E71/><V116/><F116/><W29/><G70/><T39/><D57/><U67/><E67/><V79/><F59/><N who="3" m="33231" /><G29/><N who="0" m="11371" /><D14/><U85/><E85/><V0/><F0/><RYUUKYOKU ba="1,1" sc="210,10,140,10,290,-30,350,10" hai0="21,22,39,41,46,83,87" hai1="36,38,45,47,52,53,61,63,92,95,101,102,124" hai3="50,51,84,88,89,90,91" />
</Scene>
<Scene>
<INIT seed="3,2,1,2,4,25" ten="220,150,260,360" oya="3" hai0="100,28,60,39,51,7,123,129,128,55,45,70,81" hai1="9,115,133,105,80,31,68,97,32,104,27,58,3" hai2="130,41,87,11,84,37,69,114,109,20,135,50,89" hai3="0,124,38,61,44,65,54,4,23,8,2,93,121"/><W22/><G121/><T67/><D123/><U99/><E115/><V56/><F114/><W21/><G124/><T64/><D7/><N who="1" m="1279" /><E58/><V125/><F69/><W79/><G0/><T72/><D100/><N who="1" m="62479" /><E80/><V15/><F130/><N who="0" m="50282" /><D67/><U103/><E133/><V46/><F109/><W77/><G93/><T13/><D13/><U83/><E83/><V36/><F125/><W88/><G88/><T76/><D39/><U127/><E127/><V16/><F135/><W49/><REACH who="3" step="1"/><G38/><REACH who="3" ten="220,150,260,350" step="2"/><T118/><D118/><U74/><E74/><V134/><F134/><W5/><G5/><T98/><D98/><U17/><E17/><V14/><F37/><W75/><G75/><N who="0" m="43167" /><D28/><U117/><E117/><V91/><F36/><W40/><G40/><T48/><D72/><U120/><E120/><V82/><F89/><W53/><G53/><T52/><D51/><U35/><E35/><V62/><F91/><W66/><G66/><T57/><D55/><U71/><AGARI ba="2,2" hai="27,31,32,68,71,99,103,105" m="62479,1279" machi="71" ten="30,4000,0" yaku="33,2,52,1" doraHai="25" who="1" fromWho="1" sc="220,-12,150,66,260,-12,350,-22" />
</Scene>
<Scene>
<INIT seed="4,0,0,5,3,69" ten="208,216,248,328" oya="0" hai0="55,124,82,131,36,128,45,47,4,100,114,73,58" hai1="90,34,10,71,33,92,130,51,60,35,44,26,77" hai2="53,116,50,112,30,87,79,85,5,133,113,52,25" hai3="127,21,119,62,84,64,0,117,104,105,122,94,19"/><T32/><D32/><U121/><E121/><V83/><F116/><W129/><G0/><T86/><D73/><U16/><E77/><V18/><F133/><W66/><G122/><T97/><D114/><N who="2" m="44138" /><F5/><W110/><G110/><T46/><D4/><U96/><E130/><N who="0" m="49705" /><D124/><U123/><E123/><V125/><F125/><W22/><G129/><T15/><D15/><U63/><E71/><V40/><F18/><W11/><G127/><T61/><D86/><U135/><E135/><V67/><F67/><W24/><G84/><T76/><D82/><U23/><REACH who="1" step="1"/><E10/><REACH who="1" ten="208,206,248,328" step="2"/><V95/><F79/><W8/><G8/><T88/><D76/><U54/><AGARI ba="0,1" hai="16,23,26,33,34,35,44,51,54,60,63,90,92,96" machi="54" ten="30,7900,0" yaku="1,1,2,1,0,1,54,1,53,0" doraHai="69" doraHaiUra="74" who="1" fromWho="1" sc="208,-39,206,89,248,-20,328,-20" />
</Scene>
<Scene>
<INIT seed="5,0,0,1,1,19" ten="169,295,228,308" oya="1" hai0="91,12,99,60,93,119,46,36,52,6,98,8,16" hai1="50,88,44,21,104,61,20,105,84,51,77,28,128" hai2="129,40,82,32,70,96,71,66,22,72,54,125,110" hai3="111,15,11,14,38,24,69,95,56,116,29,10,83"/><U17/><E128/><V135/><F32/><W85/><G69/><T130/><D119/><U79/><E105/><V45/><F110/><W86/><G111/><T18/><D130/><U42/><E61/><V123/><F123/><W87/><G38/><T92/><D36/><U97/><E51/><V74/><F125/><W3/><G3/><T114/><D114/><U2/><E2/><V122/><F135/><W53/><G95/><T43/><D43/><U39/><E39/><V109/><F96/><W80/><G116/><T124/><D124/><U26/><E97/><V59/><F82/><N who="3" m="31275" /><G24/><T35/><D35/><U94/><E104/><V34/><F34/><W13/><G29/><T41/><D41/><U9/><E9/><N who="3" m="3082" /><G56/><N who="0" m="34823" /><D46/><U47/><E44/><V118/><F45/><W37/><G37/><T115/><D115/><U55/><E42/><V103/><F40/><W0/><G0/><T31/><D31/><U112/><E112/><V1/><F1/><W75/><G53/><T48/><D48/><U113/><E113/><V108/><F54/><W25/><G25/><AGARI ba="0,0" hai="17,20,21,25,26,28,47,50,55,77,79,84,88,94" machi="25" ten="30,12000,1" yaku="7,1,8,1,52,2,54,1" doraHai="19" who="1" fromWho="3" sc="169,0,295,120,228,0,308,-120" />
</Scene>
<Scene>
<INIT seed="5,1,0,3,5,28" ten="169,415,228,188" oya="1" hai0="14,105,108,35,121,22,25,102,111,76,34,93,101" hai1="60,1,3,94,7,83,90,53,57,45,11,123,133" hai2="29,6,63,18,61,39,80,112,26,51,107,2,130" hai3="0,73,92,78,116,128,71,16,58,135,69,77,12"/><U4/><E123/><V68/><F39/><W103/><G0/><T48/><D105/><U20/><E83/><V8/><F130/><W106/><G128/><T124/><D76/><U122/><E133/><V54/><F107/><W59/><G135/><T36/><D36/><U82/><E82/><V56/><F112/><W52/><G106/><T81/><D81/><U132/><E132/><V104/><F104/><W127/><G127/><T55/><D124/><U88/><E20/><V79/><F18/><W113/><G113/><T120/><D14/><U44/><E90/><V126/><F68/><W23/><G73/><T109/><D93/><U97/><REACH who="1" step="1"/><E122/><REACH who="1" ten="169,405,228,188" step="2"/><N who="0" m="47209" /><D102/><U31/><E31/><V86/><F126/><W114/><G114/><T118/><D101/><U115/><E115/><V27/><F29/><W95/><G116/><T98/><D118/><U17/><E17/><V19/><F19/><W129/><G129/><T15/><D98/><U41/><E41/><V75/><F75/><W32/><G103/><T67/><D22/><U5/><E5/><V10/><F6/><W99/><G99/><T42/><D42/><U65/><E65/><V84/><F80/><W62/><G77/><T72/><D67/><U125/><E125/><V87/><F79/><W43/><G78/><T47/><D72/><U89/><E89/><V49/><F86/><W134/><G134/><T50/><D109/><U40/><E40/><V85/><F87/><W64/><G43/><N who="0" m="24703" /><D111/><U21/><E21/><V131/><F131/><W37/><G23/><T96/><D108/><U100/><E100/><V30/><F30/><RYUUKYOKU ba="1,1" sc="169,-10,405,30,228,-10,188,-10" hai1="1,3,4,7,11,44,45,53,57,60,88,94,97" />
</Scene>
<Scene>
<INIT seed="5,2,1,2,3,133" ten="159,435,218,178" oya="1" hai0="44,6,82,0,92,49,24,88,105,31,23,3,96" hai1="73,22,30,125,108,59,127,33,43,91,120,112,72" hai2="101,51,39,89,111,119,55,12,129,69,77,8,104" hai3="17,116,58,32,60,109,4,124,34,126,18,13,87"/><U63/><E120/><V19/><F119/><W26/><G116/><T78/><D105/><U135/><E33/><V134/><F39/><W70/><G70/><T65/><D65/><U100/><E100/><V122/><F122/><W118/><G118/><T110/><D110/><U53/><E112/><V95/><F111/><W62/><G109/><T130/><D130/><U74/><E108/><V48/><F69/><W80/><G34/><T94/><D6/><U47/><E91/><V107/><F134/><W56/><G32/><T86/><REACH who="0" step="1"/><D94/><REACH who="0" ten="149,435,218,178" step="2"/><U20/><E135/><V99/><F129/><W132/><G132/><T14/><D14/><U76/><E76/><V52/><F77/><N who="3" m="46479" /><G26/><T123/><D123/><U79/><E79/><V36/><F104/><W2/><G4/><T46/><D46/><U21/><REACH who="1" step="1"/><E30/><REACH who="1" ten="149,425,218,178" step="2"/><V27/><F107/><W16/><G2/><T64/><D64/><U7/><E7/><V85/><F101/><W106/><G106/><T115/><D115/><U5/><E5/><V61/><F19/><W25/><G18/><T35/><D35/><U98/><E98/><V37/><F99/><W71/><G17/><T93/><D93/><U42/><E42/><AGARI ba="2,3" hai="0,3,23,24,31,42,44,49,78,82,86,88,92,96" machi="42" ten="30,3900,0" yaku="1,1,7,1,54,1,53,0" doraHai="133" doraHaiUra="50" who="0" fromWho="1" sc="149,75,425,-45,218,0,178,0" />
</Scene>
<Scene>
<INIT seed="6,0,0,2,0,59" ten="224,380,218,178" oya="2" hai0="96,38,62,19,22,64,132,67,56,82,122,55,94" hai1="31,14,97,8,99,127,37,68,3,71,80,117,48" hai2="16,35,57,93,104,135,74,92,17,111,110,121,9" hai3="29,85,91,2,33,63,109,60,4,11,125,66,20"/><V50/><F121/><W86/><G109/><N who="2" m="41481" /><F104/><W84/><G125/><T73/><D38/><U53/><E37/><V1/><F74/><W108/><G108/><T39/><D39/><U95/><E3/><V78/><F78/><W114/><G114/><T134/><D122/><U10/><E117/><V107/><F35/><W129/><G129/><T131/><D131/><U13/><E31/><V15/><F107/><W124/><G124/><T18/><D82/><U72/><E127/><V26/><F135/><N who="0" m="51754" /><D73/><U36/><E36/><V6/><F26/><W83/><G33/><T90/><D18/><N who="2" m="7274" /><F1/><W58/><REACH who="3" step="1"/><G63/><REACH who="3" ten="224,380,218,168" step="2"/><T54/><D67/><U46/><E10/><V5/><F6/><W106/><G106/><T21/><D21/><U98/><E8/><V61/><F50/><W133/><G133/><T79/><D79/><U105/><E105/><V28/><F28/><W103/><G103/><T118/><D118/><U88/><E88/><V76/><F76/><W65/><G65/><AGARI ba="0,1" hai="5,9,15,57,61,65,92,93" m="7274,41481" machi="65" ten="30,5800,0" yaku="10,1,52,1,54,1" doraHai="59" who="2" fromWho="3" sc="224,0,380,0,218,68,168,-58" />
</Scene>
<Scene>
<INIT seed="6,1,0,2,5,62" ten="224,380,286,110" oya="2" hai0="106,6,93,26,13,66,36,16,121,119,22,60,77" hai1="15,76,87,80,90,32,55,115,41,33,19,73,14" hai2="72,111,37,53,134,5,102,98,63,8,3,51,40" hai3="95,124,34,25,135,9,116,104,31,86,88,89,112"/><V110/><F134/><W101/><G116/><T114/><D121/><U123/><E41/><V97/><F72/><W61/><G135/><T129/><D106/><U57/><E15/><V103/><F37/><W20/><G124/><T74/><D36/><U50/><E115/><V100/><F40/><W58/><G112/><T29/><D114/><U42/><E42/><V44/><REACH who="2" step="1"/><F63/><REACH who="2" ten="224,380,276,110" step="2"/><W27/><G104/><T128/><D119/><U1/><E123/><V105/><F105/><W59/><G101/><T30/><D128/><U24/><E73/><V108/><AGARI ba="1,1" hai="3,5,8,44,51,53,97,98,100,102,103,108,110,111" machi="108" ten="40,12000,1" yaku="1,1,0,1,10,1,53,1" doraHai="62" doraHaiUra="47" who="2" fromWho="2" sc="224,-41,380,-41,276,133,110,-41" />
</Scene>
<Scene>
<INIT seed="6,2,0,5,5,81" ten="183,339,409,69" oya="2" hai0="22,19,59,33,110,88,119,43,34,57,27,122,112" hai1="121,78,117,58,51,84,39,77,60,99,133,35,11" hai2="62,52,56,97,96,32,135,41,48,24,55,9,15" hai3="102,28,98,100,89,131,92,80,18,79,47,104,126"/><V109/><F109/><W25/><G126/><T64/><D110/><U5/><E39/><V14/><F135/><W68/><G131/><T61/><D122/><U23/><E35/><V70/><F41/><W8/><G102/><T90/><D112/><U91/><E117/><V76/><F76/><W132/><G68/><T6/><D119/><U95/><E133/><V106/><F106/><W50/><G132/><T26/><D6/><U31/><E51/><V74/><F74/><W17/><G8/><T30/><D43/><U116/><E116/><V2/><F2/><W69/><G69/><T105/><D105/><U107/><E121/><V54/><F70/><W120/><G120/><T0/><D0/><U10/><E107/><V83/><F83/><W114/><G114/><T4/><D4/><U86/><E78/><V82/><F82/><W87/><G50/><T20/><REACH who="0" step="1"/><D59/><REACH who="0" ten="173,339,409,69" step="2"/><U108/><E5/><V12/><F9/><W124/><G47/><T125/><D125/><U129/><E11/><V128/><F128/><W130/><G130/><T93/><D93/><U40/><E10/><V71/><F71/><W7/><G7/><T115/><D115/><U113/><E40/><V85/><F56/><W65/><G124/><T42/><D42/><U38/><E58/><V73/><F48/><W44/><G44/><T36/><D36/><U3/><E38/><V29/><F62/><W72/><REACH who="3" step="1"/><G65/><REACH who="3" ten="173,339,409,59" step="2"/><T13/><D13/><U53/><E129/><V63/><F15/><W66/><G66/><T111/><D111/><U67/><E108/><V118/><F14/><W75/><G75/><RYUUKYOKU ba="2,2" sc="173,15,339,-15,409,-15,59,15" hai0="19,20,22,26,27,30,33,34,57,61,64,88,90" hai3="17,18,25,28,72,79,80,87,89,92,98,100,104" />
</Scene>
<Scene>
<INIT seed="7,3,2,4,3,43" ten="188,324,394,74" oya="3" hai0="105,8,67,62,34,65,1,20,86,57,54,77,21" hai1="124,68,14,17,61,120,7,51,117,38,103,126,53" hai2="10,83,130,80,115,29,102,128,35,104,32,112,72" hai3="18,60,15,42,48,79,81,25,23,52,39,134,31"/><W6/><G134/><T131/><D34/><N who="2" m="12842" /><F29/><W132/><G132/><T96/><D131/><N who="2" m="50218" /><F10/><W64/><G39/><T101/><D1/><U69/><E38/><V19/><F19/><W91/><G91/><T11/><D77/><U109/><E103/><V40/><F40/><W88/><G42/><T71/><D86/><U24/><E61/><V90/><F102/><W85/><G6/><T58/><D71/><U125/><E120/><V44/><F44/><N who="3" m="27655" /><G79/><T2/><D65/><U66/><E66/><V30/><F104/><W118/><G118/><T97/><D97/><U50/><E50/><V89/><F30/><W73/><G73/><T33/><D33/><U99/><E99/><V113/><F72/><W27/><G31/><T127/><D2/><U28/><E7/><V107/><F107/><W119/><G119/><T41/><D41/><U98/><E98/><V45/><F45/><W84/><G84/><T92/><D105/><U59/><E117/><V5/><F5/><W100/><G100/><T106/><D106/><U55/><E55/><V94/><F90/><W4/><G4/><T36/><D36/><U75/><E75/><V70/><F70/><W129/><G129/><T93/><D96/><AGARI ba="3,2" hai="80,83,89,94,96,112,113,115" m="50218,12842" machi="96" ten="40,2600,0" yaku="15,1,19,1" doraHai="43" who="2" fromWho="0" sc="188,-35,324,0,394,55,74,0" owari="153,-25.0,324,12.0,449,56.0,74,-43.0" />
</Scene>
</mjloggm>