<mjloggm ver="2.3"><GO type="169" lobby="0"/><UN n0="%E6%99%AE%E8%B3%A2" n1="%E9%A7%84%E5%A6%B9" n2="%E4%BD%90%E8%97%A4%E3%83%95%E3%83%AA%E3%83%BC%E3%82%B6" n3="%E5%A4%AA%E3%81%8F%E3%81%AA%E3%81%84%E3%81%8A" dan="16,16,16,18" rate="2073.45,2030.67,2117.65,2175.24" sx="M,F,F,M"/><TAIKYOKU oya="0"/>

<Scene>
<INIT seed="0,0,0,2,5,57" ten="250,250,250,250" oya="0" hai0="61,129,7,83,106,73,49,133,80,71,92,107,89" hai1="43,24,130,39,74,30,41,25,64,135,123,117,79" hai2="115,9,3,109,10,50,11,16,125,19,58,5,108" hai3="42,37,44,2,1,22,47,54,52,78,69,75,23"/><T66/><D129/><U87/><E74/><V40/><F115/><W110/><G69/><T116/><D116/><U93/><E39/><V29/><F125/><W98/><G110/><N who="2" m="42601" /><F58/><W128/><G128/><T20/><D133/><U6/><E6/><N who="2" m="1247" /><F50/><W131/><G131/><T33/><D33/><U28/><E135/><V34/><F40/><W126/><G126/><T67/><D49/><U77/><E117/><V65/><F65/><W55/><G47/><T21/><D67/><U62/><E130/><V111/><N who="2" m="42609" /><V60/><DORA hai="48" /><F60/><W105/><G1/><T63/><D66/><U76/><E123/><V36/><F36/><W120/><G2/><T104/><D71/><U14/><E14/><N who="2" m="5455" /><F11/><W32/><G120/><T103/><D103/><U85/><E93/><V113/><F113/><W118/><G118/><T114/><D114/><U121/><E121/><V45/><F45/><W15/><G44/><T84/><D73/><U86/><E62/><V38/><F38/><W35/><G37/><T12/><D63/><U81/><E64/><V4/><F4/><W13/><G42/><N who="1" m="15882" /><E81/><V0/><F0/><W17/><G75/><T90/><D61/><U94/><E94/><V127/><F127/><W46/><G46/><T70/><D70/><U91/><E91/><V100/><F100/><W99/><G78/><T88/><D83/><U51/><E51/><V132/><F132/><W122/><G122/><T101/><D101/><U31/><AGARI ba="0,0" hai="24,25,28,30,31,76,77,79,85,86,87" m="15882" machi="31" ten="40,8000,1" yaku="29,2,28,2,8,1" doraHai="57,48" who="1" fromWho="1" sc="250,-40,250,80,250,-20,250,-20" />
</Scene>
<Scene>
<INIT seed="1,0,0,4,2,47" ten="210,330,230,230" oya="1" hai0="98,91,8,90,60,130,12,116,43,9,121,2,74" hai1="41,101,88,113,13,57,30,82,31,72,37,105,86" hai2="27,119,117,109,79,106,23,65,62,4,5,129,102" hai3="83,92,39,89,94,63,112,52,71,16,133,36,1"/><U22/><E113/><V51/><F129/><W73/><G112/><T42/><D74/><U78/><E41/><V55/><F109/><W70/><G1/><T17/><D116/><U46/><E46/><V93/><F79/><W123/><G123/><T77/><D77/><U18/><E37/><V24/><F106/><W66/><G70/><T67/><D121/><U35/><E35/><V21/><F119/><W19/><G133/><T40/><D130/><U59/><E59/><N who="2" m="37087" /><F117/><W15/><G73/><T95/><D2/><U76/><E76/><V114/><F114/><W3/><G3/><T135/><D135/><U125/><E125/><V34/><F34/><W56/><G83/><T99/><D8/><U87/><E87/><V64/><F64/><W0/><G0/><T132/><D132/><U96/><E57/><N who="2" m="33023" /><F102/><W124/><G124/><T111/><D111/><U107/><E105/><V115/><F93/><AGARI ba="0,0" hai="13,18,22,30,31,72,78,82,86,88,93,96,101,107" machi="93" ten="30,11600,0" yaku="7,1,24,2,54,1" doraHai="47" who="1" fromWho="2" sc="210,0,330,116,230,-116,230,0" />
</Scene>
<Scene>
<INIT seed="1,1,0,3,4,134" ten="210,446,114,230" oya="1" hai0="0,108,60,94,135,59,41,51,119,111,23,77,33" hai1="32,123,5,97,6,69,98,109,42,35,43,49,30" hai2="82,131,112,91,27,124,64,55,102,44,63,58,26" hai3="67,107,73,17,74,10,14,71,125,127,116,75,72"/><U13/><E123/><V20/><F131/><W34/><G107/><T76/><D33/><U92/><E69/><V114/><F102/><W84/><G34/><T62/><D0/><U47/><E32/><V122/><F122/><W3/><G116/><T8/><D8/><U78/><E109/><V83/><F124/><N who="3" m="47691" /><G74/><T19/><D135/><U37/><E78/><V9/><F9/><N who="3" m="6351" /><G84/><T7/><D119/><U79/><E79/><V40/><F64/><W54/><G54/><T46/><D77/><U96/><E35/><V52/><F55/><W132/><G132/><T66/><D76/><U70/><E30/><V95/><F27/><W88/><G88/><T57/><D111/><U113/><E113/><V105/><F105/><W24/><G24/><T85/><D85/><U28/><E28/><V12/><F114/><W106/><G106/><T65/><D108/><U38/><E96/><V45/><F112/><W80/><G80/><T61/><D94/><U4/><E97/><V22/><F83/><W100/><G100/><T31/><D31/><U36/><E92/><V56/><F82/><W121/><G121/><T50/><D66/><U87/><E98/><V128/><F91/><W2/><G10/><T101/><D101/><U115/><E87/><V68/><F95/><W18/><G18/><T120/><D120/><U15/><E115/><V11/><F11/><W1/><G1/><T133/><BYE who="3" /><D133/><U48/><E70/><V39/><F128/><W126/><G126/><T104/><D104/><U118/><E118/><V86/><F68/><W130/><G130/><T53/><D7/><RYUUKYOKU ba="1,0" sc="210,10,446,10,114,-30,230,10" hai0="19,23,41,46,50,51,53,57,59,60,61,62,65" hai1="4,5,6,13,15,36,37,38,42,43,47,48,49" hai3="2,3,67,71,72,73,75" />
</Scene>
<Scene>
<INIT seed="1,2,0,4,2,53" ten="220,456,84,240" oya="1" hai0="85,57,13,76,132,55,128,11,83,69,28,117,84" hai1="30,88,67,134,24,18,77,47,29,37,124,25,1" hai2="127,90,74,125,39,19,66,38,26,0,92,60,104" hai3="98,119,96,31,4,87,12,97,78,36,23,64,121"/><U58/><E1/><V49/><F104/><W80/><G80/><T95/><D69/><U122/><E122/><V3/><F74/><W14/><G14/><T115/><D117/><UN n3="%E5%A4%AA%E3%81%8F%E3%81%AA%E3%81%84%E3%81%8A" /><U108/><E77/><V68/><F49/><W75/><G36/><N who="2" m="13865" /><F19/><W111/><G75/><T32/><D115/><U89/><E108/><V103/><F26/><W16/><G111/><T101/><D132/><U48/><E37/><V91/><F103/><W107/><G107/><T2/><D2/><N who="2" m="554" /><F92/><W21/><G119/><T34/><D28/><N who="1" m="10859" /><E124/><AGARI ba="2,0" hai="60,66,68,90,91,124,125,127" m="554,13865" machi="124" ten="40,1300,0" yaku="18,1" doraHai="53" who="2" fromWho="1" sc="220,0,456,-19,84,19,240,0" />
</Scene>
<Scene>
<INIT seed="2,0,0,1,2,123" ten="220,437,103,240" oya="2" hai0="7,10,64,21,48,62,17,1,53,61,115,15,121" hai1="112,131,27,92,66,130,18,135,58,132,98,91,69" hai2="46,105,83,103,100,134,14,38,3,13,47,26,5" hai3="0,101,42,49,109,2,107,65,11,77,99,114,44"/><V8/><F134/><N who="1" m="51241" /><E112/><V122/><F122/><W9/><G114/><T94/><D121/><U34/><E69/><V120/><F120/><W56/><G77/><T33/><D115/><U43/><E43/><V63/><F63/><W28/><G28/><T32/><D94/><U129/><E66/><V80/><F26/><W70/><G70/><T118/><D118/><U102/><E58/><V104/><F104/><W51/><G51/><T39/><D39/><U25/><E34/><V6/><F105/><W30/><G30/><T41/><D41/><U73/><E73/><V71/><F71/><W55/><G65/><T78/><D78/><U68/><E68/><V4/><F38/><W50/><REACH who="3" step="1"/><G109/><REACH who="3" ten="220,437,103,230" step="2"/><T36/><D36/><U89/><E129/><V82/><F3/><AGARI ba="0,1" hai="0,2,3,9,11,42,44,49,50,55,56,99,101,107" machi="3" ten="40,5200,0" yaku="1,1,2,1,53,1" doraHai="123" doraHaiUra="40" who="3" fromWho="2" sc="220,0,437,0,103,-52,230,62" />
</Scene>
<Scene>
<INIT seed="3,0,0,3,4,47" ten="220,437,51,292" oya="3" hai0="58,31,70,30,97,125,74,18,126,41,16,43,34" hai1="72,98,90,130,82,28,61,95,81,55,51,32,106" hai2="133,135,104,63,79,57,50,94,71,105,25,108,7" hai3="109,114,5,11,100,93,26,48,37,35,19,80,46"/><W36/><G114/><T9/><D70/><U65/><E130/><V87/><F108/><W117/><G117/><T101/><D74/><U123/><E123/><V3/><F71/><W76/><G109/><T56/><D43/><U8/><E72/><V21/><F7/><W10/><G100/><T127/><D41/><U107/><E8/><V86/><F3/><W60/><G93/><T124/><D124/><U24/><E106/><V132/><F79/><W13/><G60/><T27/><D31/><U115/><E107/><V20/><F105/><W66/><G66/><T73/><D73/><U99/><E99/><V96/><F104/><W40/><G35/><T75/><D75/><U54/><E54/><N who="2" m="31959" /><F63/><W33/><G33/><T67/><D67/><U42/><E42/><V102/><F21/><N who="3" m="13631" /><G11/><T78/><D78/><U122/><E122/><V89/><F102/><W85/><AGARI ba="0,0" hai="5,10,13,36,37,40,46,48,76,80,85" m="13631" machi="85" ten="30,3000,0" yaku="25,1,52,1" doraHai="47" who="3" fromWho="3" sc="220,-10,437,-10,51,-10,292,30" />
</Scene>
<Scene>
<INIT seed="3,1,0,4,2,74" ten="210,427,41,322" oya="3" hai0="49,91,47,89,104,14,23,110,55,97,22,124,126" hai1="115,85,81,87,34,134,19,109,93,46,88,96,130" hai2="90,73,111,2,101,15,66,119,120,16,52,42,11" hai3="75,51,107,31,122,38,20,26,43,80,8,118,84"/><W69/><G118/><T36/><D36/><U94/><E34/><V25/><F120/><W6/><G122/><T128/><D110/><U44/><E109/><V133/><F111/><W102/><G69/><T103/><D128/><U39/><E130/><V72/><F119/><W92/><G38/><T10/><D22/><U12/><E115/><V123/><F123/><W77/><G107/><T125/><REACH who="0" step="1"/><D23/><REACH who="0" ten="200,427,41,322" step="2"/><N who="1" m="11751" /><E39/><V4/><F133/><W33/><G20/><T117/><D117/><U78/><E134/><V53/><F25/><W17/><G26/><T57/><D57/><U131/><E131/><V60/><F101/><AGARI ba="1,1" hai="44,46,78,81,85,87,88,93,94,96,101" m="11751" machi="101" ten="30,3900,0" yaku="8,1,52,1,54,1" doraHai="74" who="1" fromWho="2" sc="200,0,427,52,41,-42,322,0" owari="200,-20.0,479,58.0,-1,-50.0,322,12.0" />
</Scene>
</mjloggm>