<mjloggm ver="2.3"><GO type="169" lobby="0"/><UN n0="%E9%B4%A8%E8%91%B1%E7%97%94%E9%83%8E" n1="%53%E3%82%A4%E3%83%BC%E3%82%B0%E3%83%AB" n2="%73%68%69%6E%6F%21%21" n3="%E5%A4%AA%E3%81%8F%E3%81%AA%E3%81%84%E3%81%8A" dan="17,16,16,18" rate="2196.23,2034.84,2089.54,2191.54" sx="M,M,M,M"/><TAIKYOKU oya="0"/>

<Scene>
<INIT seed="0,0,0,4,3,72" ten="250,250,250,250" oya="0" hai0="8,21,110,35,129,5,118,130,60,68,119,71,85" hai1="41,75,66,124,100,92,30,114,61,135,3,108,27" hai2="76,45,26,133,10,134,11,113,120,99,29,84,104" hai3="125,6,90,51,43,28,88,115,116,78,1,56,63"/><T48/><D35/><U98/><E3/><V91/><F113/><W2/><G115/><T112/><D112/><U79/><E135/><N who="2" m="51723" /><F45/><W128/><G116/><T31/><D48/><U131/><E124/><V126/><F120/><W39/><G39/><T67/><D71/><U13/><E131/><N who="0" m="50185" /><D85/><U64/><E108/><V14/><F14/><W58/><G51/><T105/><D105/><U19/><E41/><V111/><F111/><W18/><G43/><T81/><D110/><U121/><E121/><V7/><F7/><W9/><G6/><T117/><D81/><U107/><E114/><V80/><F126/><W83/><G125/><T47/><D47/><U94/><E107/><V123/><F123/><W25/><G128/><T97/><D97/><U57/><E94/><N who="2" m="56799" /><F104/><W33/><G33/><AGARI ba="0,0" hai="10,11,26,29,33,76,80,84" m="56799,51723" machi="33" ten="30,2000,0" yaku="20,1,52,1" doraHai="72" who="2" fromWho="3" sc="250,0,250,0,250,20,250,-20" />
</Scene>
<Scene>
<INIT seed="1,0,0,0,0,11" ten="250,250,270,230" oya="1" hai0="106,36,99,80,76,15,82,8,90,24,128,100,52" hai1="120,123,1,42,28,133,89,20,74,75,78,116,105" hai2="117,50,122,34,121,73,86,69,26,83,45,96,62" hai3="44,21,93,47,3,7,130,22,129,46,134,113,115"/><U111/><E105/><V102/><F73/><W40/><G40/><T68/><D36/><U79/><E1/><V23/><F117/><W119/><G119/><T132/><D68/><U13/><E42/><V127/><F127/><W2/><G93/><T32/><D132/><U65/><E133/><V14/><F34/><W87/><G134/><T41/><D41/><U25/><E116/><V27/><F62/><W5/><G47/><T18/><D128/><U84/><E65/><V10/><F69/><W66/><G87/><T37/><D37/><U38/><E38/><V60/><F60/><W94/><G94/><T9/><D9/><U54/><E54/><V107/><F122/><W118/><REACH who="3" step="1"/><G118/><REACH who="3" ten="250,250,270,220" step="2"/><T63/><D82/><U81/><E123/><V92/><F92/><W12/><G12/><T101/><D106/><U56/><E120/><V108/><F121/><W77/><G77/><T71/><D76/><U43/><E43/><V114/><F107/><W39/><G39/><T49/><D80/><U112/><E112/><V85/><F114/><W59/><G59/><T97/><D71/><U35/><E56/><V126/><F45/><W6/><G6/><T98/><D90/><U0/><E0/><V95/><F95/><W33/><G33/><T31/><REACH who="0" step="1"/><D63/><REACH who="0" ten="240,250,270,220" step="2"/><U17/><E79/><V72/><F83/><W104/><G104/><T103/><D103/><U61/><E61/><V57/><F102/><W110/><G110/><T16/><D16/><U125/><E111/><V109/><F109/><W135/><G135/><T70/><D70/><U19/><E19/><V124/><F108/><RYUUKYOKU ba="0,2" sc="240,15,250,-15,270,-15,220,15" hai0="8,15,18,24,31,32,49,52,97,98,99,100,101" hai3="2,3,5,7,21,22,44,46,66,113,115,129,130" />
</Scene>
<Scene>
<INIT seed="2,1,2,1,2,66" ten="255,235,255,235" oya="2" hai0="102,117,62,106,16,97,13,42,4,109,21,33,78" hai1="54,51,1,83,37,59,3,36,8,44,85,12,53" hai2="108,87,121,129,9,93,80,20,32,128,43,56,119" hai3="49,130,120,68,84,115,57,48,90,69,113,107,45"/><V88/><F121/><W52/><G107/><T5/><D33/><U76/><E37/><V18/><F32/><W96/><G96/><T123/><D123/><U91/><E36/><V17/><F119/><W95/><G130/><N who="2" m="50281" /><F108/><W105/><G105/><T19/><D78/><U112/><E112/><N who="3" m="43082" /><G120/><T23/><D109/><U46/><E46/><V114/><F114/><W89/><G89/><T24/><D117/><U55/><E55/><AGARI ba="1,2" hai="45,48,49,52,55,57,68,69,84,90,95" m="43082" machi="55" ten="30,7700,0" yaku="11,1,52,2,54,1" doraHai="66" who="3" fromWho="1" sc="255,0,235,-80,255,0,235,100" />
</Scene>
<Scene>
<INIT seed="3,0,0,1,3,116" ten="255,155,255,335" oya="3" hai0="22,30,59,94,123,129,108,122,13,65,75,52,48" hai1="23,70,83,78,16,37,88,126,36,79,131,39,41" hai2="103,102,104,7,29,130,105,111,55,82,2,10,38" hai3="9,87,44,109,92,110,89,46,33,97,72,43,101"/><W106/><G33/><T61/><D75/><U21/><E70/><V114/><F114/><W81/><G9/><T113/><D113/><U119/><E119/><V62/><F38/><W14/><G14/><T35/><D35/><U5/><E5/><V68/><F55/><W67/><G67/><T0/><D0/><U50/><E131/><V19/><F130/><W84/><G72/><T90/><D129/><U96/><E126/><V64/><F19/><W56/><G56/><T98/><D108/><N who="3" m="41577" /><G43/><T58/><REACH who="0" step="1"/><D13/><REACH who="0" ten="245,155,255,335" step="2"/><U26/><E23/><V63/><F111/><W34/><G34/><T3/><D3/><U121/><E121/><V120/><F120/><W15/><G15/><T11/><D11/><U40/><E40/><V42/><F42/><W127/><G127/><T6/><D6/><U45/><E37/><V115/><F115/><W85/><G81/><T124/><D124/><U91/><E39/><V20/><F82/><W133/><G133/><T8/><D8/><U86/><E36/><V31/><F10/><W132/><G132/><T134/><D134/><U77/><REACH who="1" step="1"/><E78/><REACH who="1" ten="245,145,255,335" step="2"/><V107/><F7/><W53/><G53/><T117/><D117/><U32/><E32/><V49/><F2/><W28/><G28/><T76/><D76/><U135/><E135/><V93/><F31/><W73/><G73/><T47/><D47/><AGARI ba="0,2" hai="44,46,47,84,85,87,89,92,97,101,106" m="41577" machi="47" ten="30,2900,0" yaku="14,1,10,1" doraHai="116" who="3" fromWho="0" sc="245,-29,145,0,255,0,335,49" />
</Scene>
<Scene>
<INIT seed="3,1,0,2,3,43" ten="216,145,255,384" oya="3" hai0="52,4,96,44,56,90,18,116,9,127,135,35,7" hai1="71,124,100,41,122,6,27,92,115,15,86,101,133" hai2="5,36,98,102,76,37,46,84,47,72,81,106,82" hai3="97,60,89,93,16,119,21,74,117,110,57,88,104"/><W105/><G74/><T49/><D35/><U28/><E71/><V40/><F5/><W2/><G2/><T132/><D116/><U131/><E122/><V66/><F66/><W34/><G34/><T25/><D127/><U1/><E124/><V113/><F113/><W13/><G110/><T53/><D96/><U0/><E133/><N who="0" m="51273" /><D90/><U99/><E131/><V134/><F134/><W8/><G89/><T23/><D9/><U79/><E115/><V55/><F55/><W87/><G8/><T129/><D129/><U48/><E101/><V83/><F72/><W114/><G114/><T118/><D118/><U42/><E42/><AGARI ba="1,0" hai="36,37,40,42,46,47,76,81,82,83,84,98,102,106" machi="42" ten="40,5200,0" yaku="9,1,52,2" doraHai="43" who="2" fromWho="1" sc="216,0,145,-55,255,55,384,0" />
</Scene>
<Scene>
<INIT seed="4,0,0,3,0,35" ten="216,90,310,384" oya="0" hai0="86,41,40,134,95,26,97,83,28,43,22,63,73" hai1="120,10,92,104,37,60,6,19,56,91,36,98,7" hai2="130,49,129,102,45,80,23,112,4,39,116,88,110" hai3="65,76,27,42,108,1,54,75,101,118,66,71,0"/><T119/><D73/><U128/><E120/><V30/><F110/><W82/><G108/><T44/><D119/><U96/><E128/><N who="2" m="49259" /><F39/><W38/><G118/><T2/><D134/><U62/><E19/><V8/><F112/><W103/><G54/><T20/><D63/><U29/><E29/><V124/><F102/><W135/><G135/><T16/><D2/><U109/><E104/><V59/><F59/><W131/><G131/><T100/><D44/><U81/><E109/><V32/><F32/><W77/><G27/><T89/><REACH who="0" step="1"/><D40/><REACH who="0" ten="206,90,310,384" step="2"/><U94/><E98/><V93/><F116/><W125/><G42/><T111/><D111/><U79/><E96/><V70/><F45/><W105/><G75/><T21/><D21/><U12/><E12/><AGARI ba="0,1" hai="12,16,20,22,26,28,41,43,83,86,89,95,97,100" machi="12" ten="30,11600,0" yaku="1,1,7,1,8,1,54,1,53,0" doraHai="35" doraHaiUra="5" who="0" fromWho="1" sc="206,126,90,-116,310,0,384,0" owari="332,13.0,-26,-53.0,310,-9.0,384,49.0" />
</Scene>
</mjloggm>