<mjloggm ver="2.3"><GO type="169" lobby="0"/><UN n0="%E3%82%B5%E3%83%B3%E3%83%9E%E9%81%93%E6%A5%BD%E4%BB%A3%E8%A1%A8" n1="%E5%A4%AA%E3%81%8F%E3%81%AA%E3%81%84%E3%81%8A" n2="%E3%82%AF%E3%83%AD%E3%83%8E%E3%82%B9%40" n3="%6D%6F%63%68%69%30" dan="16,18,17,17" rate="2065.73,2260.81,2221.62,2195.01" sx="M,M,M,F"/><TAIKYOKU oya="0"/>

<Scene>
<INIT seed="0,0,0,4,4,54" ten="250,250,250,250" oya="0" hai0="84,92,120,55,46,24,17,23,45,134,91,125,26" hai1="6,4,10,73,103,61,80,30,113,69,3,95,116" hai2="85,99,127,32,44,135,40,108,83,41,65,89,56" hai3="93,96,75,13,105,47,133,51,68,31,121,49,77"/><T9/><D120/><U102/><E116/><V67/><F32/><W100/><G121/><T97/><D134/><U39/><E113/><V129/><F135/><W122/><G122/><T37/><D37/><U58/><E69/><V59/><F108/><W36/><G133/><T62/><D125/><U94/><E30/><V76/><F129/><W86/><G68/><T25/><D9/><U81/><E39/><V29/><F29/><W110/><G110/><T88/><D46/><U63/><E10/><V82/><F127/><W1/><G1/><T8/><D8/><U114/><E3/><V0/><F0/><W21/><G36/><T109/><D109/><U22/><E22/><V43/><F44/><W2/><G2/><T50/><REACH who="0" step="1"/><D62/><REACH who="0" ten="240,250,250,250" step="2"/><U115/><REACH who="1" step="1"/><E73/><REACH who="1" ten="240,240,250,250" step="2"/><V78/><F99/><W18/><G75/><T14/><D14/><U117/><E117/><V48/><F48/><W71/><G51/><T111/><D111/><U11/><E11/><V132/><F132/><W123/><G123/><T98/><D98/><U35/><E35/><V79/><REACH who="2" step="1"/><F82/><AGARI ba="0,2" hai="17,23,24,25,26,45,50,55,82,84,88,91,92,97" machi="82" ten="30,12000,1" yaku="1,1,7,1,8,1,54,1,53,1" doraHai="54" doraHaiUra="42" who="0" fromWho="2" sc="240,140,240,0,250,-120,250,0" />
</Scene>
<Scene>
<INIT seed="0,1,0,1,4,134" ten="380,240,130,250" oya="0" hai0="97,73,102,91,52,66,4,3,70,5,40,99,119" hai1="34,128,103,83,47,89,59,113,86,85,25,16,135" hai2="130,126,74,84,63,19,10,122,107,111,80,125,55" hai3="71,26,112,8,54,13,7,118,82,48,65,23,104"/><T20/><D73/><U64/><E135/><V95/><F107/><W77/><G118/><T114/><D114/><U11/><E113/><V44/><F122/><W30/><G112/><T94/><D40/><U27/><E128/><V115/><F115/><W9/><G104/><T60/><D3/><U92/><E34/><V56/><F130/><W72/><G71/><T105/><D119/><U75/><E75/><V81/><F111/><W35/><G65/><T127/><D20/><U42/><E64/><V6/><F74/><W67/><G67/><T15/><D15/><N who="1" m="7295" /><E59/><V110/><F110/><W116/><G116/><T37/><D37/><U29/><E29/><V39/><F19/><W78/><G78/><T129/><D129/><U49/><E103/><V117/><F117/><W133/><G133/><T124/><REACH who="0" step="1"/><D52/><REACH who="0" ten="370,240,130,250" step="2"/><U79/><AGARI ba="1,1" hai="25,27,42,47,49,79,83,85,86,89,92" m="7295" machi="79" ten="30,2000,0" yaku="8,1,54,1" doraHai="134" who="1" fromWho="1" sc="370,-11,240,33,130,-6,250,-6" />
</Scene>
<Scene>
<INIT seed="1,0,0,2,1,87" ten="359,273,124,244" oya="1" hai0="62,127,10,34,60,55,97,39,18,109,130,22,128" hai1="105,111,117,90,66,132,102,43,59,103,76,32,3" hai2="120,35,124,6,47,64,36,37,28,15,71,25,57" hai3="88,101,99,123,24,0,108,45,113,33,75,79,69"/><U122/><E3/><V73/><F71/><W133/><G45/><T2/><D34/><U21/><E32/><V54/><F73/><W13/><G13/><T93/><D39/><U61/><E117/><V44/><F120/><W118/><G24/><T53/><D109/><U49/><E122/><V29/><F124/><W4/><G4/><T91/><D127/><U1/><E1/><V51/><F29/><W8/><G8/><T84/><D84/><U20/><E76/><V68/><F47/><W129/><G99/><T27/><D60/><U78/><E78/><V81/><F81/><W125/><G88/><T30/><D30/><U52/><E43/><V131/><F131/><N who="0" m="50218" /><D62/><U116/><E116/><V119/><F119/><W63/><G63/><T42/><D42/><U85/><E111/><V56/><F68/><W46/><G46/><T16/><D18/><U80/><E132/><V100/><F100/><N who="1" m="38441" /><E105/><V106/><F106/><W50/><G50/><T92/><D92/><U40/><E40/><V17/><F6/><AGARI ba="0,0" hai="2,6,10,16,22,27,53,55,91,93,97" m="50218" machi="6" ten="30,3900,0" yaku="19,1,52,1,54,1" doraHai="87" who="0" fromWho="2" sc="359,39,273,0,124,-39,244,0" />
</Scene>
<Scene>
<INIT seed="2,0,0,3,5,37" ten="398,273,85,244" oya="2" hai0="40,91,70,12,51,104,10,112,96,108,62,111,134" hai1="4,45,14,42,64,58,127,115,9,89,95,60,1" hai2="20,125,38,88,44,34,52,128,43,5,63,33,29" hai3="76,18,99,61,75,35,132,39,130,105,54,103,119"/><V129/><F125/><W50/><G119/><T59/><D70/><U3/><E127/><V77/><F77/><W26/><G39/><T17/><D134/><U86/><REACH who="1" step="1"/><E115/><REACH who="1" ten="398,263,85,244" step="2"/><V19/><F5/><W93/><G132/><T113/><D113/><U25/><E25/><V118/><F118/><W87/><G26/><T30/><D112/><U116/><E116/><V22/><F129/><W15/><G130/><T46/><D30/><U49/><AGARI ba="0,1" hai="1,3,4,9,14,42,45,49,58,60,64,86,89,95" machi="49" ten="20,5200,0" yaku="1,1,0,1,7,1,52,1,53,0" doraHai="37" doraHaiUra="31" who="1" fromWho="1" sc="398,-13,263,62,85,-26,244,-13" />
</Scene>
<Scene>
<INIT seed="3,0,0,1,5,94" ten="385,325,59,231" oya="3" hai0="15,133,3,10,115,98,116,71,72,118,6,58,135" hai1="82,93,75,19,4,130,87,126,13,113,64,8,1" hai2="73,23,48,44,28,84,2,5,89,35,106,81,121" hai3="17,90,22,95,9,57,104,131,80,27,36,52,96"/><W69/><G131/><T128/><D71/><U42/><E113/><V122/><F35/><W76/><G69/><T65/><D72/><U109/><E130/><V123/><F73/><W70/><G70/><T68/><D135/><U102/><E109/><V74/><F74/><W88/><G36/><T49/><D133/><U53/><E64/><V97/><F5/><W7/><G104/><T43/><D115/><U100/><E126/><V120/><N who="2" m="31232" /><DORA hai="61" /><V79/><F2/><W51/><G76/><T30/><D30/><U46/><E53/><V37/><F37/><W55/><G55/><T41/><D68/><U91/><E75/><V124/><F124/><W86/><G9/><T54/><D65/><U60/><E60/><V11/><F11/><W45/><G7/><T29/><D29/><U67/><E82/><V134/><F134/><W32/><G32/><T105/><D3/><U25/><E67/><V101/><F28/><W63/><G45/><T14/><D15/><U108/><E108/><V114/><F114/><W117/><REACH who="3" step="1"/><G51/><REACH who="3" ten="385,325,59,221" step="2"/><T125/><D125/><U119/><E1/><V132/><F132/><W47/><G47/><T21/><D128/><U24/><E4/><V39/><F39/><W83/><G83/><T111/><D10/><U18/><E46/><V85/><F23/><W112/><G112/><T92/><D21/><U12/><E8/><V129/><F129/><W107/><G107/><T110/><D105/><U16/><E93/><N who="2" m="54439" /><F44/><W50/><G50/><AGARI ba="0,1" hai="48,50,79,81,85,97,101,106" m="54439,31232" machi="50" ten="60,3900,0" yaku="13,1,52,1" doraHai="94,61" who="2" fromWho="3" sc="385,0,325,0,59,49,221,-39" />
</Scene>
<Scene>
<INIT seed="4,0,0,4,1,124" ten="385,325,108,182" oya="0" hai0="79,71,47,86,27,49,18,32,70,31,60,62,102" hai1="52,9,65,8,107,130,50,45,122,105,88,117,13" hai2="73,113,135,63,111,11,100,40,59,25,17,14,28" hai3="10,74,89,72,76,30,61,131,15,42,6,98,23"/><T134/><D134/><U46/><E117/><V41/><F111/><W92/><G131/><T96/><D18/><U22/><E122/><V16/><F73/><W4/><G42/><T53/><D62/><U21/><E130/><V36/><F113/><W0/><G76/><T91/><D79/><U39/><E65/><V94/><F135/><W95/><G95/><T97/><D97/><U12/><E39/><V33/><F36/><W1/><G61/><T55/><D55/><U7/><E46/><V81/><F81/><W5/><G1/><T66/><D86/><U26/><E88/><V112/><F112/><W69/><G69/><T3/><D91/><U110/><E110/><V93/><F17/><W129/><G129/><T127/><D127/><U38/><E38/><V108/><F108/><W103/><G103/><T99/><D99/><U34/><E34/><V106/><F106/><W64/><G64/><T2/><REACH who="0" step="1"/><D70/><REACH who="0" ten="375,325,108,182" step="2"/><U90/><E90/><V58/><F100/><W44/><G74/><T101/><D101/><U20/><REACH who="1" step="1"/><E26/><REACH who="1" ten="375,315,108,182" step="2"/><V118/><F25/><W104/><G89/><T57/><D57/><U77/><E77/><V75/><F59/><W78/><G78/><T80/><D80/><U120/><E120/><V119/><F75/><W51/><G72/><T56/><D56/><U115/><E115/><V132/><F119/><W19/><G98/><T35/><D35/><U87/><E87/><V123/><F118/><W82/><G82/><T43/><D43/><N who="2" m="16458" /><F123/><W67/><G104/><AGARI ba="0,2" hai="2,3,27,31,32,47,49,53,60,66,71,96,102,104" machi="104" ten="30,11600,0" yaku="1,1,7,1,25,2,53,0" doraHai="124" doraHaiUra="133" who="0" fromWho="3" sc="375,136,315,0,108,0,182,-116" />
</Scene>
<Scene>
<INIT seed="4,1,0,2,0,79" ten="511,315,108,66" oya="0" hai0="55,21,84,56,32,102,4,112,38,91,88,86,95" hai1="83,43,9,24,8,61,81,106,96,73,111,7,31" hai2="41,10,107,93,77,109,135,97,68,131,17,52,67" hai3="54,60,22,119,134,122,94,125,14,100,71,13,121"/><T34/><D38/><U25/><E111/><V66/><F107/><W11/><G119/><T78/><D4/><U23/><E73/><V70/><F131/><W58/><G134/><T26/><D78/><U126/><E126/><V45/><F135/><W76/><G125/><T20/><D102/><U132/><E132/><V47/><F77/><W89/><G71/><T104/><D104/><U46/><E61/><V69/><F10/><W51/><G76/><T49/><D112/><U33/><E96/><V12/><F12/><W113/><G113/><T117/><D21/><U64/><E64/><N who="2" m="24619" /><F17/><N who="3" m="10551" /><G100/><T90/><D90/><U74/><E74/><V0/><F93/><W92/><G122/><T129/><D129/><U35/><E106/><V120/><F97/><N who="3" m="57487" /><G94/><T48/><D48/><U19/><E33/><V40/><F0/><W6/><G121/><T130/><D130/><U124/><E124/><V15/><F15/><W127/><G127/><T59/><D117/><U30/><E19/><V65/><F109/><W114/><G114/><T27/><D27/><U37/><E9/><V118/><F118/><W133/><G133/><T57/><D32/><U39/><E39/><N who="2" m="21663" /><F120/><W116/><G116/><T75/><D34/><U80/><E80/><V103/><F103/><W5/><G5/><T87/><D75/><U16/><E30/><V115/><F115/><W110/><G110/><T72/><D72/><U108/><E108/><V44/><F41/><W128/><G128/><T50/><D95/><U18/><E18/><V105/><F105/><W82/><G82/><T53/><D26/><U99/><E99/><RYUUKYOKU ba="1,0" sc="511,-15,315,15,108,-15,66,15" hai1="7,8,16,23,24,25,31,35,37,43,46,81,83" hai3="6,11,13,51,54,58,60" />
</Scene>
<Scene>
<INIT seed="5,2,0,3,3,23" ten="496,330,93,81" oya="1" hai0="5,35,8,69,50,3,116,13,67,20,29,19,24" hai1="44,52,105,51,7,64,40,90,104,33,123,28,101" hai2="55,21,76,10,79,99,119,6,72,2,26,37,98" hai3="129,60,38,46,117,126,78,71,96,128,97,66,95"/><U130/><E123/><V102/><F119/><W39/><G117/><T94/><D116/><U83/><E130/><N who="3" m="50282" /><G126/><T68/><D67/><U31/><E64/><V11/><F98/><N who="3" m="37995" /><G95/><T34/><D34/><U43/><E101/><V62/><F37/><N who="3" m="13835" /><G46/><T106/><D106/><U113/><E104/><V122/><F122/><W36/><N who="3" m="13843" /><W82/><DORA hai="65" /><G82/><T92/><D50/><U25/><E105/><V16/><F72/><W91/><G91/><T48/><D48/><U41/><E7/><V107/><REACH who="2" step="1"/><F10/><REACH who="2" ten="496,330,83,81" step="2"/><W121/><G121/><T17/><D92/><U18/><E113/><V4/><F4/><W15/><G15/><N who="0" m="9343" /><D94/><U56/><E83/><V59/><AGARI ba="2,1" hai="2,6,11,16,21,26,55,59,62,76,79,99,102,107" machi="59" ten="30,7900,0" yaku="1,1,0,1,52,1,54,1,53,0" doraHai="23,65" doraHaiUra="114,70" who="2" fromWho="2" sc="496,-22,330,-41,83,95,81,-22" />
</Scene>
<Scene>
<INIT seed="6,0,0,4,4,97" ten="474,289,178,59" oya="2" hai0="89,95,1,29,8,43,9,15,102,54,71,37,129" hai1="84,10,119,126,50,48,92,55,44,34,94,31,90" hai2="87,42,32,112,96,52,69,47,14,24,38,46,65" hai3="60,116,120,109,74,16,134,22,4,114,121,111,130"/><V63/><F112/><W21/><G74/><T40/><D71/><U35/><E119/><V5/><F87/><W93/><G93/><T122/><D122/><N who="3" m="47209" /><G60/><T39/><D29/><U83/><E126/><V104/><F14/><N who="3" m="9367" /><G134/><T3/><D54/><N who="1" m="29959" /><E34/><V27/><F5/><W115/><G130/><T75/><D75/><U6/><E35/><V88/><F32/><W73/><G73/><T124/><D89/><U17/><E6/><V13/><F104/><W23/><G4/><T125/><D95/><U62/><E62/><V72/><F72/><W53/><G53/><T80/><D80/><U106/><E106/><V64/><F46/><W67/><G67/><T81/><D81/><U133/><E133/><V56/><F65/><W79/><G79/><T11/><D43/><U86/><E86/><V99/><F99/><W7/><G7/><T0/><D40/><U58/><E94/><V105/><F105/><W103/><G103/><T131/><D102/><U70/><E70/><V26/><F96/><W91/><G91/><T117/><D117/><U33/><E92/><V41/><F88/><W113/><G116/><T59/><D59/><U45/><E45/><V82/><F82/><W57/><G57/><T101/><D101/><U51/><E90/><V118/><F42/><W100/><G100/><T123/><D123/><U77/><E84/><V78/><F118/><W19/><G22/><T28/><D39/><U108/><E83/><V132/><F78/><W68/><G68/><T12/><D37/><U36/><E77/><V61/><F132/><W110/><G110/><T98/><D98/><RYUUKYOKU ba="0,0" sc="474,-15,289,-15,178,15,59,15" hai2="13,24,26,27,38,41,47,52,56,61,63,64,69" hai3="19,23,109,111,113,114,115" />
</Scene>
<Scene>
<INIT seed="6,1,0,2,1,78" ten="459,274,193,74" oya="2" hai0="49,25,3,130,104,93,82,127,106,88,15,101,42" hai1="113,112,45,37,20,46,8,134,67,2,122,107,83" hai2="21,105,90,117,38,73,32,63,100,95,116,24,68" hai3="98,102,99,69,30,14,16,10,28,56,131,58,128"/><V53/><F38/><W54/><G69/><T85/><D3/><U114/><E134/><V35/><F73/><W51/><G58/><T33/><D130/><N who="3" m="49705" /><G98/><T135/><D135/><U4/><E122/><V55/><F100/><W119/><G119/><T23/><D127/><U62/><E107/><AGARI ba="1,0" hai="10,14,16,28,30,51,54,56,99,102,107" m="49705" machi="107" ten="30,2000,0" yaku="19,1,54,1" doraHai="78" who="3" fromWho="1" sc="459,0,274,-23,193,0,74,23" />
</Scene>
<Scene>
<INIT seed="7,0,0,4,0,23" ten="459,251,193,97" oya="3" hai0="32,38,70,39,26,54,36,60,135,24,108,73,68" hai1="98,28,131,29,80,104,127,115,31,72,88,51,61" hai2="17,11,18,123,81,21,9,27,74,109,47,95,35" hai3="44,71,96,89,1,13,82,20,87,62,6,66,40"/><W92/><G1/><T25/><D73/><U63/><E115/><V116/><F109/><W102/><G6/><T75/><D75/><U45/><E127/><V56/><F116/><W134/><G134/><T48/><D32/><U16/><E131/><V69/><F69/><W34/><G34/><T67/><D108/><U117/><E117/><V37/><F35/><W46/><REACH who="3" step="1"/><G40/><REACH who="3" ten="459,251,193,87" step="2"/><T22/><D135/><U130/><E130/><V0/><F0/><W84/><G84/><T8/><D70/><U132/><E132/><V110/><F110/><W3/><G3/><T52/><D8/><U10/><E72/><V128/><F9/><W129/><G129/><T121/><D121/><U14/><E98/><V119/><F123/><W125/><G125/><T33/><D33/><U57/><E10/><V90/><F128/><W97/><G97/><T30/><REACH who="0" step="1"/><D54/><REACH who="0" ten="449,251,193,87" step="2"/><N who="1" m="31967" /><E104/><V65/><F11/><W105/><G105/><T59/><AGARI ba="0,2" hai="22,24,25,26,30,36,38,39,48,52,59,60,67,68" machi="59" ten="30,12000,2" yaku="1,1,0,1,52,3,54,1,53,0" doraHai="23" doraHaiUra="111" who="0" fromWho="0" sc="449,140,251,-30,193,-30,87,-60" owari="589,69.0,221,2.0,163,-24.0,27,-47.0" />
</Scene>
</mjloggm>