<mjloggm ver="2.3"><GO type="169" lobby="0"/><UN n0="%6D%6F%74%6F%79%61" n1="%E5%A4%AA%E3%81%8F%E3%81%AA%E3%81%84%E3%81%8A" n2="%E3%81%AB%E3%81%9B%E6%82%9F%E7%A9%BA" n3="%E7%A2%BA%E8%AA%8D%E4%BA%8B%E9%A0%85" dan="16,17,16,16" rate="2095.63,2219.64,2072.39,2096.07" sx="M,M,M,M"/><TAIKYOKU oya="0"/>

<Scene>
<INIT seed="0,0,0,4,2,12" ten="250,250,250,250" oya="0" hai0="76,107,22,54,133,72,135,101,99,37,4,57,45" hai1="3,71,46,97,86,125,36,109,93,78,117,98,94" hai2="39,33,58,43,106,20,52,79,88,14,62,8,1" hai3="69,112,6,103,118,34,80,15,55,27,75,18,121"/><T13/><D72/><U100/><E71/><V0/><F33/><W26/><G112/><T82/><D76/><U42/><E117/><V77/><F106/><W2/><G118/><T67/><D67/><U63/><E3/><V65/><F0/><W7/><G69/><T110/><D82/><U124/><E109/><V44/><F1/><W31/><G27/><T10/><D22/><U56/><E86/><V24/><F65/><W92/><G121/><T68/><D68/><U59/><E78/><V132/><F132/><W90/><G2/><T104/><D104/><U96/><E96/><V87/><F14/><W84/><G55/><T115/><D115/><U114/><E114/><V50/><F8/><W81/><G81/><T122/><D122/><U83/><E83/><V91/><F91/><W5/><G75/><T61/><REACH who="0" step="1"/><D110/><REACH who="0" ten="240,250,250,250" step="2"/><U111/><E111/><V60/><F39/><W130/><G80/><T116/><D116/><U95/><E95/><N who="2" m="54687" /><F62/><W85/><G34/><T21/><D21/><U47/><E63/><V35/><F35/><W129/><G92/><T9/><D9/><U119/><E119/><V134/><F134/><W102/><G130/><T64/><D64/><U108/><E108/><V30/><AGARI ba="0,1" hai="20,24,30,43,44,50,52,58,60,77,79" m="54687" machi="30" ten="30,4000,0" yaku="8,1,54,2" doraHai="12" who="2" fromWho="2" sc="240,-20,250,-10,250,50,250,-10" />
</Scene>
<Scene>
<INIT seed="1,0,0,2,0,132" ten="220,240,300,240" oya="1" hai0="26,119,120,45,41,97,22,5,55,86,111,38,133" hai1="20,112,71,103,123,37,100,64,92,74,3,109,18" hai2="114,96,23,10,79,95,1,78,108,62,124,16,57" hai3="66,44,40,88,43,36,51,33,13,113,131,9,107"/><U82/><E112/><V89/><F108/><W14/><G107/><T115/><D119/><U102/><E123/><V134/><F134/><W28/><G113/><T61/><D133/><U29/><E3/><V15/><F114/><W17/><G66/><T70/><D120/><U52/><E37/><V24/><F1/><W8/><G131/><T0/><D111/><U11/><E109/><V63/><F124/><W39/><G43/><T80/><D97/><U54/><E71/><V12/><F12/><W85/><G28/><T106/><D106/><U65/><E29/><V128/><F128/><W47/><G47/><T99/><D99/><U127/><E11/><V126/><F126/><W121/><G33/><T125/><D125/><U56/><E127/><V6/><REACH who="2" step="1"/><F63/><REACH who="2" ten="220,240,290,240" step="2"/><W49/><G121/><T87/><D115/><U83/><E65/><AGARI ba="0,1" hai="6,10,15,16,23,24,57,62,65,78,79,89,95,96" machi="65" ten="30,8000,1" yaku="1,1,2,1,7,1,8,1,54,1,53,0" doraHai="132" doraHaiUra="46" who="2" fromWho="1" sc="220,0,240,-80,290,90,240,0" />
</Scene>
<Scene>
<INIT seed="2,0,0,0,5,108" ten="220,160,380,240" oya="2" hai0="101,51,71,19,61,15,34,57,16,90,36,113,65" hai1="64,129,135,21,32,45,133,44,38,103,67,66,75" hai2="52,40,14,22,92,118,100,102,37,39,91,13,74" hai3="11,1,43,131,73,68,76,9,7,60,56,124,117"/><V132/><F118/><W109/><G117/><T106/><D34/><U93/><E32/><V120/><F120/><W28/><G109/><T78/><D78/><U88/><E75/><V2/><F2/><W25/><G131/><T63/><D36/><U98/><E129/><V111/><F74/><W18/><G43/><T123/><D123/><U69/><E69/><V27/><F111/><W46/><G46/><T41/><D106/><U95/><E38/><V5/><F39/><W96/><G68/><T55/><D101/><U31/><E133/><V110/><F110/><W24/><G96/><T50/><D113/><U6/><E135/><V85/><F132/><W104/><G104/><T79/><D79/><U81/><E81/><V80/><F40/><W10/><G124/><T84/><D41/><U3/><E3/><V26/><F37/><W77/><G77/><T87/><D87/><N who="1" m="52383" /><E6/><V33/><F33/><W125/><G125/><T107/><D107/><U4/><E4/><V58/><F5/><W8/><G18/><T47/><D47/><N who="1" m="17995" /><E21/><V112/><F112/><W115/><G115/><T128/><D128/><U42/><E42/><V49/><F27/><W72/><G25/><T105/><D105/><U126/><E126/><V12/><REACH who="2" step="1"/><F80/><REACH who="2" ten="220,160,370,240" step="2"/><W17/><G17/><AGARI ba="0,1" hai="12,13,14,17,22,26,49,52,58,85,91,92,100,102" machi="17" ten="40,12000,1" yaku="1,1,2,1,8,1,54,1,53,1" doraHai="108" doraHaiUra="54" who="2" fromWho="3" sc="220,0,160,0,370,130,240,-120" />
</Scene>
<Scene>
<INIT seed="2,1,0,0,1,72" ten="220,160,500,120" oya="2" hai0="112,5,116,73,79,50,20,113,106,42,76,83,126" hai1="40,81,0,36,9,114,120,66,8,95,70,135,132" hai2="80,16,96,118,98,127,75,78,103,34,58,87,62" hai3="3,117,101,82,71,125,93,111,55,4,91,39,122"/><V12/><F34/><W17/><G71/><T65/><D106/><U56/><E70/><V52/><F127/><W33/><G117/><T130/><D65/><U99/><E114/><V54/><F118/><W15/><G39/><T24/><D116/><U6/><E120/><V63/><F75/><W89/><G33/><T90/><D126/><U134/><E8/><N who="2" m="6151" /><F103/><W13/><G122/><T26/><D26/><U94/><E99/><N who="2" m="37931" /><F62/><W123/><G101/><T69/><D69/><U2/><E2/><V121/><F121/><W19/><G3/><T128/><D5/><U22/><E22/><V60/><F60/><W48/><G4/><T88/><D112/><U85/><E66/><AGARI ba="1,0" hai="52,54,58,63,66,78,80,87" m="37931,6151" machi="66" ten="30,11600,0" yaku="8,1,52,1,54,2" doraHai="72" who="2" fromWho="1" sc="220,0,160,-119,500,119,120,0" />
</Scene>
<Scene>
<INIT seed="2,2,0,2,5,119" ten="220,41,619,120" oya="2" hai0="85,42,27,5,102,32,107,92,135,70,78,77,99" hai1="104,106,89,30,105,118,81,79,93,132,131,98,60" hai2="31,133,83,28,86,7,69,50,11,126,94,6,0" hai3="49,110,125,39,129,29,114,10,53,4,80,71,12"/><V9/><F69/><W64/><G39/><T84/><D135/><U130/><E30/><V101/><F133/><W13/><G29/><T45/><D5/><U57/><E132/><V37/><F37/><W33/><G33/><T43/><D43/><U82/><E57/><V40/><F126/><W72/><G125/><T124/><D124/><U115/><E60/><V16/><F94/><W123/><G13/><T36/><D70/><U113/><E118/><V74/><F101/><W52/><G110/><T68/><D68/><U76/><E82/><V14/><F74/><W61/><G129/><N who="1" m="49162" /><E79/><V111/><F7/><W87/><G114/><T66/><D66/><U55/><E55/><V56/><F111/><W54/><G72/><AGARI ba="2,0" hai="72,76,81,89,93,98,104,105,106,113,115" m="49162" machi="72" ten="40,5200,0" yaku="19,1,34,2" doraHai="119" who="1" fromWho="3" sc="220,0,41,58,619,0,120,-58" />
</Scene>
<Scene>
<INIT seed="3,0,0,1,1,39" ten="220,99,619,62" oya="3" hai0="73,122,132,27,109,118,1,85,92,123,21,77,124" hai1="36,126,6,19,97,99,22,84,31,12,105,44,106" hai2="23,66,88,30,121,10,8,24,20,42,68,51,11" hai3="82,2,28,116,3,72,93,79,127,62,78,65,40"/><W71/><G116/><T94/><D1/><U103/><E126/><V57/><F121/><W130/><G127/><T50/><D124/><U61/><E6/><V26/><F68/><W29/><G130/><T67/><D118/><U102/><E31/><V59/><F66/><W45/><G93/><T89/><D67/><U115/><E115/><V60/><F60/><W100/><G100/><T133/><D50/><U47/><E36/><V5/><F5/><W53/><G53/><T111/><D21/><U83/><REACH who="1" step="1"/><E61/><REACH who="1" ten="220,89,619,62" step="2"/><V55/><F30/><W81/><G28/><T48/><D123/><U49/><E49/><V113/><F51/><W75/><G29/><T0/><D48/><AGARI ba="0,1" hai="2,3,40,45,48,62,65,71,72,75,78,79,81,82" machi="48" ten="30,5800,0" yaku="7,1,9,1,52,1" doraHai="39" who="3" fromWho="0" sc="220,-58,89,0,619,0,62,68" />
</Scene>
<Scene>
<INIT seed="3,1,0,3,5,109" ten="162,89,619,130" oya="3" hai0="130,71,36,126,63,84,132,106,124,102,58,129,5" hai1="54,62,80,125,34,13,119,7,61,46,93,97,113" hai2="11,22,45,111,55,120,39,107,121,74,105,67,19" hai3="114,64,91,51,50,135,108,77,101,83,117,103,68"/><W14/><G117/><T94/><D36/><U2/><E34/><V25/><F74/><W12/><G135/><T59/><D5/><U99/><E2/><V33/><F111/><W88/><G108/><T112/><D106/><U8/><E119/><V9/><F67/><W15/><G64/><N who="0" m="41375" /><D112/><U123/><E123/><N who="2" m="47179" /><F33/><W87/><G114/><T57/><D102/><N who="3" m="38921" /><G68/><T3/><D3/><U30/><E113/><V60/><F60/><W78/><G91/><N who="0" m="53607" /><D132/><U37/><E125/><AGARI ba="1,0" hai="57,58,59,124,125,126,129,130" m="53607,41375" machi="125" ten="30,1000,0" yaku="18,1" doraHai="109" who="0" fromWho="1" sc="162,13,89,-13,619,0,130,0" />
</Scene>
<Scene>
<INIT seed="4,0,0,2,4,26" ten="175,76,619,130" oya="0" hai0="112,62,126,40,116,46,87,86,59,0,134,113,71" hai1="73,97,63,19,51,120,58,80,22,95,43,131,82" hai2="128,122,125,30,17,41,92,90,101,39,7,78,124" hai3="64,133,130,111,10,84,79,52,54,55,96,24,25"/><T118/><D0/><U68/><E120/><V60/><F122/><W114/><G111/><T94/><D87/><U57/><E131/><V85/><F7/><W13/><G114/><N who="0" m="44139" /><D86/><U105/><E105/><V16/><F78/><W21/><G96/><T91/><D91/><U49/><E68/><V89/><F60/><W69/><G130/><T117/><D94/><U72/><E72/><V9/><F101/><W106/><G106/><T77/><D77/><U47/><E49/><V108/><F108/><W67/><G84/><T36/><D126/><U20/><E73/><V100/><F100/><W76/><G79/><T8/><D8/><U129/><E129/><V5/><F128/><W135/><G10/><T109/><D109/><U44/><E44/><N who="2" m="23615" /><F90/><W33/><G133/><T31/><D71/><U61/><E61/><V70/><F70/><W74/><G69/><T119/><D119/><U102/><E58/><V81/><F92/><W83/><G135/><T98/><D98/><U93/><E93/><V3/><F89/><W56/><G76/><T37/><D134/><U28/><E28/><V15/><F30/><W42/><G74/><T6/><D6/><U107/><E107/><V103/><F103/><W18/><G83/><T48/><D31/><U115/><E115/><V88/><F3/><W75/><G75/><T123/><D123/><U53/><REACH who="1" step="1"/><E22/><REACH who="1" ten="175,66,619,130" step="2"/><V132/><F132/><W2/><G21/><T14/><D14/><AGARI ba="0,1" hai="14,19,20,43,47,51,53,57,63,80,82,95,97,102" machi="14" ten="30,7700,0" yaku="1,1,2,1,7,1,8,1,53,0" doraHai="26" doraHaiUra="27" who="1" fromWho="0" sc="175,-77,66,87,619,0,130,0" />
</Scene>
<Scene>
<INIT seed="5,0,0,5,4,54" ten="98,153,619,130" oya="1" hai0="31,92,88,132,62,68,78,94,73,79,14,8,86" hai1="10,22,77,47,114,59,135,113,83,96,48,34,61" hai2="130,74,60,111,41,25,44,99,116,118,93,51,9" hai3="67,30,123,12,4,17,40,16,35,90,109,125,104"/><U5/><E34/><V76/><F111/><W128/><G104/><T85/><D132/><U87/><E135/><V119/><F130/><W105/><G105/><T2/><D2/><U27/><E96/><V32/><F76/><W23/><G123/><T102/><D31/><U100/><E100/><V120/><F74/><W56/><G109/><T42/><D42/><U19/><E48/><V7/><F120/><W53/><G128/><T55/><D73/><U133/><E133/><V84/><F84/><W81/><G67/><T70/><D70/><U101/><E101/><V131/><F131/><W38/><G125/><T89/><D102/><U65/><REACH who="1" step="1"/><E47/><REACH who="1" ten="98,143,619,130" step="2"/><N who="2" m="26095" /><F32/><W1/><G35/><T11/><D68/><U108/><E108/><V122/><F99/><W97/><G97/><T63/><REACH who="0" step="1"/><D55/><REACH who="0" ten="88,143,619,130" step="2"/><U75/><E75/><V58/><F122/><W103/><G103/><T20/><D20/><U37/><E37/><V33/><F44/><W45/><G45/><T115/><D115/><U80/><E80/><V64/><F118/><W110/><G81/><T18/><D18/><U117/><E117/><V36/><F36/><W39/><G38/><T49/><D49/><U98/><E98/><V0/><F119/><W6/><G39/><T72/><D72/><U82/><E82/><V46/><F116/><W112/><G112/><T3/><D3/><AGARI ba="0,2" hai="3,5,10,19,22,27,59,61,65,77,83,87,113,114" machi="3" ten="40,7700,0" yaku="1,1,52,1,53,1" doraHai="54" doraHaiUra="57" who="1" fromWho="0" sc="88,-77,143,97,619,0,130,0" />
</Scene>
<Scene>
<INIT seed="5,1,0,2,5,135" ten="11,240,619,130" oya="1" hai0="33,15,9,23,128,105,90,35,7,108,67,28,82" hai1="95,96,99,54,116,53,26,40,104,110,107,113,81" hai2="60,19,125,22,129,21,93,42,27,109,10,49,106" hai3="114,126,6,97,68,50,16,2,66,57,98,84,24"/><U87/><E116/><V34/><F106/><W1/><G68/><T73/><D105/><U0/><E0/><V75/><F75/><W124/><G114/><T86/><D108/><U119/><E119/><V31/><F109/><W70/><G70/><T132/><D132/><U80/><E110/><V59/><F129/><W131/><G84/><T39/><D39/><U55/><E113/><V63/><F22/><N who="3" m="13383" /><G131/><T122/><D122/><U74/><E40/><V51/><F10/><W18/><G18/><T78/><D67/><U92/><E55/><V8/><F8/><W38/><G38/><T72/><D128/><U83/><E83/><V32/><F31/><W102/><G6/><T36/><D36/><U91/><E87/><V111/><F32/><W94/><G98/><T62/><D62/><U89/><E26/><V14/><F27/><W130/><G130/><T3/><D78/><U64/><E64/><V115/><F34/><W61/><G50/><T30/><D30/><U48/><E48/><V4/><F51/><W100/><G100/><T76/><D76/><U69/><E69/><V37/><F49/><W46/><G46/><T13/><D35/><U127/><E74/><N who="0" m="28777" /><D33/><U44/><E44/><V56/><F37/><W123/><G123/><T47/><D47/><U43/><E43/><V85/><F42/><W20/><G20/><T45/><D45/><U29/><E29/><V52/><F21/><W5/><G5/><T79/><D79/><U118/><E118/><V17/><F111/><W41/><G41/><T103/><D103/><U88/><E91/><N who="2" m="53487" /><F115/><W117/><G117/><RYUUKYOKU ba="1,0" sc="11,10,240,10,619,-30,130,10" hai0="3,7,9,13,15,23,28,82,86,90" hai1="53,54,80,81,88,89,92,95,96,99,104,107,127" hai3="1,2,57,61,66,94,97,102,124,126" />
</Scene>
<Scene>
<INIT seed="5,2,0,2,0,99" ten="21,250,589,140" oya="1" hai0="127,55,67,118,117,104,102,61,113,80,56,86,41" hai1="39,112,120,82,51,10,96,62,32,92,100,63,33" hai2="87,12,45,72,57,68,134,101,42,65,89,17,31" hai3="43,77,14,9,90,21,124,69,44,40,60,83,48"/><U84/><E39/><V78/><F68/><W46/><G124/><T132/><D127/><U0/><E120/><V26/><F134/><W20/><G90/><T110/><D110/><U13/><E0/><V2/><F2/><W70/><G70/><T16/><D132/><U34/><E51/><V37/><F101/><W38/><G60/><T8/><D41/><U73/><E73/><V50/><F78/><W22/><G69/><T103/><D104/><U114/><E63/><V59/><F72/><W85/><G22/><T95/><D117/><U1/><E1/><V98/><F98/><W74/><G74/><T109/><D109/><U81/><E62/><V4/><F4/><W29/><G29/><T66/><D118/><U6/><REACH who="1" step="1"/><E82/><REACH who="1" ten="21,240,589,140" step="2"/><V121/><F37/><W111/><G111/><T23/><D95/><U27/><E27/><V135/><F26/><W71/><G38/><T133/><D133/><U97/><E97/><V79/><F135/><W49/><G71/><T19/><D113/><U128/><E128/><V123/><F123/><W52/><G43/><T30/><D67/><U15/><E15/><V107/><F65/><W94/><G94/><T54/><D66/><U119/><E119/><V5/><F42/><W115/><G115/><T28/><D54/><U125/><E125/><V126/><F50/><W47/><G47/><T11/><D55/><U64/><E64/><V76/><F45/><W7/><AGARI ba="2,1" hai="7,9,14,20,21,40,44,46,48,49,52,77,83,85" machi="7" ten="20,12000,2" yaku="0,1,7,1,25,2,8,1,54,1" doraHai="99" who="3" fromWho="3" sc="21,-32,240,-62,589,-32,140,136" owari="-11,-51.0,178,-22.0,557,65.0,276,8.0" />
</Scene>
</mjloggm>