<mjloggm ver="2.3"><GO type="169" lobby="0"/><UN n0="%E3%82%84%E3%81%BE%E3%83%BC%E3%82%93" n1="%E5%A4%AA%E3%81%8F%E3%81%AA%E3%81%84%E3%81%8A" n2="%E3%81%8A%E3%81%98%E3%81%95%E3%82%93" n3="%E4%BB%AE%E9%B3%B3%E5%87%B0%E6%B0%91" dan="17,17,17,17" rate="2167.79,2213.22,2187.77,2106.80" sx="M,M,M,M"/><TAIKYOKU oya="0"/>

<Scene>
<INIT seed="0,0,0,4,2,103" ten="250,250,250,250" oya="0" hai0="132,69,93,62,123,29,37,2,13,102,50,95,60" hai1="124,114,125,108,30,1,129,44,31,89,49,97,64" hai2="107,71,51,80,118,16,0,6,46,17,70,83,68" hai3="39,38,47,106,79,7,74,26,27,58,130,111,61"/><T52/><D123/><U119/><E119/><V84/><F118/><W117/><G117/><T4/><D37/><U133/><E1/><V126/><F126/><N who="1" m="48745" /><E108/><V28/><F28/><W101/><G111/><T92/><D2/><U128/><E114/><V76/><F107/><W135/><G7/><T105/><D69/><U63/><E89/><V53/><REACH who="2" step="1"/><F83/><REACH who="2" ten="250,250,240,250" step="2"/><W127/><G127/><T109/><D29/><U14/><E30/><V78/><F78/><W34/><G79/><T43/><D109/><U96/><E31/><V36/><F36/><W41/><G38/><T48/><D105/><U5/><E128/><V32/><F32/><W72/><G130/><T42/><D132/><U77/><E77/><V25/><F25/><W99/><G135/><T22/><D102/><U75/><E129/><V45/><F45/><W12/><G34/><T23/><D93/><U55/><E133/><V20/><F20/><W3/><G3/><T110/><D110/><U120/><E120/><V122/><F122/><W87/><G12/><T11/><D92/><U134/><E134/><V59/><F59/><W40/><G27/><T90/><D23/><U104/><E104/><V116/><F116/><W33/><G26/><T8/><D22/><U112/><E112/><V82/><F82/><W91/><G33/><T10/><D95/><U35/><E35/><V15/><F15/><W66/><G47/><T81/><D13/><U100/><E100/><V21/><F21/><W131/><G39/><T113/><D113/><U94/><E14/><V88/><F88/><W24/><G24/><T121/><D90/><RYUUKYOKU ba="0,1" sc="250,-10,250,-10,240,30,250,-10" hai2="0,6,16,17,46,51,53,68,70,71,76,80,84" />
</Scene>
<Scene>
<INIT seed="1,1,1,5,2,50" ten="240,240,270,240" oya="1" hai0="135,59,17,28,38,60,1,99,19,76,11,39,123" hai1="124,26,93,16,77,134,95,82,130,61,75,92,18" hai2="12,107,53,54,8,23,66,108,84,78,2,36,13" hai3="98,68,41,67,91,69,121,47,56,105,0,14,86"/><U126/><E134/><V32/><F107/><W4/><G0/><T51/><D135/><U103/><E130/><V101/><F32/><W96/><G121/><T110/><D123/><U57/><E103/><V90/><F36/><W9/><G56/><T15/><D1/><U87/><E75/><V64/><F2/><W72/><G72/><T109/><D51/><U85/><E85/><V27/><F78/><W5/><G5/><T24/><D19/><U29/><E126/><V112/><F112/><W129/><G129/><T89/><D76/><U115/><E124/><V58/><F101/><W42/><G42/><T7/><D7/><U10/><E115/><V40/><F40/><W52/><G67/><N who="2" m="25641" /><F58/><W3/><G3/><T131/><D89/><U120/><E120/><V71/><F71/><W94/><G105/><T21/><D99/><U35/><REACH who="1" step="1"/><E10/><REACH who="1" ten="240,230,270,240" step="2"/><V133/><F133/><W118/><G98/><T83/><D131/><U34/><E34/><V30/><F108/><N who="0" m="41578" /><D83/><U81/><E81/><N who="2" m="49423" /><F8/><W6/><G9/><T125/><D125/><U25/><E25/><V132/><F132/><W65/><G69/><T79/><D79/><U37/><E37/><V117/><F117/><W80/><G68/><T119/><D119/><U102/><E102/><V20/><F20/><W62/><G118/><T73/><D73/><U43/><E43/><V45/><F45/><W128/><G41/><T127/><D127/><U104/><E104/><V88/><F88/><W48/><G128/><T74/><D74/><U122/><E122/><V46/><F46/><W114/><G47/><T70/><D70/><RYUUKYOKU ba="1,2" sc="240,10,230,10,270,10,240,-30" hai0="11,15,17,21,24,28,38,39,59,60" hai1="16,18,26,29,35,57,61,77,82,87,92,93,95" hai2="12,13,23,27,30,53,54" />
</Scene>
<Scene>
<INIT seed="1,2,2,3,2,2" ten="250,240,280,210" oya="1" hai0="103,118,44,112,97,91,135,8,124,63,23,132,56" hai1="55,80,108,37,50,101,99,120,84,125,35,117,95" hai2="31,36,49,30,126,131,68,25,18,13,128,74,133" hai3="90,119,12,96,46,110,41,6,72,111,10,32,15"/><U130/><E117/><V127/><F36/><W105/><G72/><T81/><D112/><U33/><E120/><V40/><F74/><W58/><G32/><T88/><D118/><U43/><E125/><N who="2" m="47627" /><F68/><W61/><G119/><T21/><D124/><U78/><E130/><N who="2" m="49707" /><F40/><W59/><G12/><T20/><D44/><U113/><E113/><V19/><F49/><W104/><G90/><T86/><D8/><U47/><REACH who="1" step="1"/><E108/><REACH who="1" ten="250,230,280,210" step="2"/><V26/><F133/><W5/><G110/><T123/><D123/><U24/><E24/><N who="2" m="9323" /><F19/><W66/><G111/><T34/><D132/><U17/><E17/><V100/><F100/><W51/><G104/><T106/><D135/><U3/><E3/><V82/><F82/><W60/><G105/><T77/><D103/><U92/><E92/><V48/><F48/><W28/><G28/><T129/><D129/><U7/><E7/><V107/><F107/><W70/><G6/><T87/><D106/><U98/><E98/><V16/><F18/><W94/><G94/><T83/><D97/><U1/><E1/><V22/><AGARI ba="2,3" hai="13,16,22,30,31" m="9323,49707,47627" machi="22" ten="40,8000,1" yaku="18,1,19,1,34,2,54,1" doraHai="2" who="2" fromWho="2" sc="250,-22,230,-42,280,116,210,-22" />
</Scene>
<Scene>
<INIT seed="2,0,0,5,3,3" ten="228,188,396,188" oya="2" hai0="62,34,23,135,127,69,87,128,124,104,121,29,41" hai1="6,54,30,131,77,99,17,110,67,123,65,93,109" hai2="68,73,122,108,31,20,120,84,80,112,21,82,96" hai3="1,102,27,125,49,57,24,9,78,66,35,86,76"/><V7/><F68/><W42/><G125/><T56/><D121/><U5/><E123/><V60/><F60/><W114/><G114/><T97/><D128/><U88/><E131/><V129/><F112/><W45/><G35/><T111/><D111/><N who="1" m="42507" /><E30/><V117/><F108/><W79/><G102/><N who="0" m="62543" /><D135/><U14/><E77/><V100/><F117/><W63/><REACH who="3" step="1"/><G86/><REACH who="3" ten="228,188,396,178" step="2"/><T107/><D34/><U81/><E81/><V13/><F84/><W40/><G40/><T91/><D87/><U130/><E130/><V132/><F82/><W85/><G85/><T50/><D41/><U33/><E33/><V22/><F80/><W39/><G39/><T4/><D124/><U126/><E126/><V38/><F38/><W113/><G113/><T2/><D127/><U51/><E67/><V16/><F73/><W61/><G61/><T37/><D62/><U103/><E65/><V47/><F120/><W36/><G36/><T44/><D37/><U98/><E51/><V119/><F122/><W10/><G10/><T55/><D50/><U53/><E54/><V70/><F129/><W75/><G75/><T115/><D55/><U134/><E53/><V118/><F100/><W19/><G19/><T48/><D115/><U0/><E134/><V116/><F132/><W18/><G18/><T25/><D48/><U95/><E0/><V92/><F16/><W46/><G46/><T28/><D44/><U71/><E71/><V101/><F119/><W89/><G89/><T106/><D69/><U43/><E43/><V52/><F118/><W105/><G105/><T59/><D91/><U74/><E74/><RYUUKYOKU ba="0,1" sc="228,-15,188,15,396,-15,178,15" hai1="5,6,14,17,88,93,95,98,99,103" hai3="1,9,24,27,42,45,49,57,63,66,76,78,79" />
</Scene>
<Scene>
<INIT seed="3,1,1,0,0,51" ten="213,203,381,193" oya="3" hai0="38,54,135,41,5,24,40,127,126,117,73,89,131" hai1="62,132,103,30,7,52,19,90,66,1,72,53,36" hai2="49,68,10,31,57,25,82,108,96,119,37,28,102" hai3="91,106,58,81,133,85,95,55,110,115,3,11,48"/><W100/><G115/><T42/><D117/><U97/><E36/><V43/><F37/><W14/><G133/><T71/><D71/><U80/><E132/><V22/><F68/><W12/><G110/><T104/><D135/><U33/><E1/><V87/><F108/><W74/><G3/><T17/><D131/><U27/><E7/><V56/><F10/><W107/><G14/><T29/><D38/><U63/><E19/><V79/><F31/><W69/><G69/><T46/><D73/><U76/><E90/><V16/><F28/><W118/><G118/><T105/><D17/><U129/><E129/><V94/><F119/><W20/><G20/><N who="0" m="15495" /><D89/><U15/><E15/><V99/><F96/><W114/><G114/><T77/><D77/><U64/><E63/><V2/><F2/><W0/><G0/><T70/><D70/><N who="1" m="42263" /><E66/><V35/><F35/><W21/><G21/><T26/><D26/><U84/><E72/><V120/><F120/><W4/><REACH who="3" step="1"/><G74/><REACH who="3" ten="213,203,381,183" step="2"/><T47/><D5/><U101/><E101/><V112/><F112/><W134/><G134/><T34/><D34/><U65/><E65/><V92/><F22/><W130/><G130/><T128/><D128/><U8/><E8/><V123/><F25/><W75/><G75/><T78/><D126/><U13/><E13/><V125/><F125/><W60/><G60/><T9/><D127/><U59/><E59/><V44/><F57/><W124/><G124/><T61/><D9/><U18/><E18/><V122/><F56/><W39/><G39/><T111/><D61/><U45/><E45/><V116/><F16/><RYUUKYOKU ba="1,2" sc="213,-15,203,15,381,-15,183,15" hai1="27,30,33,52,53,76,80,84,97,103" hai3="4,11,12,48,55,58,81,85,91,95,100,106,107" />
</Scene>
<Scene>
<INIT seed="3,2,2,2,4,57" ten="198,218,366,198" oya="3" hai0="53,26,118,56,41,28,7,96,79,48,49,62,95" hai1="93,127,1,23,55,132,98,22,31,19,107,16,100" hai2="119,43,91,66,17,36,0,59,116,88,67,94,125" hai3="87,130,3,78,27,103,63,101,42,40,30,39,34"/><W115/><G115/><T112/><D112/><U109/><E1/><V126/><F0/><W2/><G130/><T33/><D118/><U18/><E109/><V61/><F67/><W60/><G2/><T51/><D7/><U24/><E132/><V102/><F102/><W117/><G3/><T135/><D135/><U97/><E127/><N who="2" m="48651" /><F17/><W133/><G133/><T76/><REACH who="0" step="1"/><D41/><REACH who="0" ten="188,218,366,198" step="2"/><U52/><REACH who="1" step="1"/><E23/><REACH who="1" ten="188,208,366,198" step="2"/><V75/><F119/><W128/><G117/><T73/><D73/><U29/><E29/><V47/><F75/><W45/><G128/><T89/><AGARI ba="2,4" hai="26,28,33,48,49,51,53,56,62,76,79,89,95,96" machi="89" ten="30,4000,0" yaku="1,1,0,1,52,1,53,0" doraHai="57" doraHaiUra="14" who="0" fromWho="0" sc="188,86,208,-12,366,-12,198,-22" />
</Scene>
<Scene>
<INIT seed="4,0,0,2,1,92" ten="274,196,354,176" oya="0" hai0="106,35,58,10,121,71,132,108,53,100,28,54,82" hai1="112,61,105,43,98,63,55,83,73,134,128,117,99" hai2="42,24,38,32,34,95,30,37,97,45,88,17,116" hai3="94,131,40,47,120,122,57,72,41,102,103,107,13"/><T115/><D121/><U36/><E117/><V119/><F38/><W21/><G72/><T86/><D115/><U79/><E112/><V91/><F34/><W33/><G33/><T135/><D71/><U20/><E134/><V46/><F46/><W75/><G75/><T89/><D108/><U85/><E128/><V124/><F124/><W25/><G107/><T59/><D10/><U11/><E105/><V16/><REACH who="2" step="1"/><F91/><REACH who="2" ten="274,196,344,176" step="2"/><W96/><G131/><T6/><D132/><U52/><E36/><V5/><F5/><W60/><G120/><T77/><D6/><U90/><E43/><V7/><F7/><W111/><G122/><T126/><D126/><U15/><E90/><V14/><F14/><W68/><G13/><T133/><D89/><U18/><E11/><V27/><F27/><W0/><G0/><T66/><D133/><U19/><E15/><V8/><F8/><W101/><G111/><T3/><D3/><U48/><E20/><V113/><F113/><W125/><G125/><T114/><D114/><U62/><E73/><V49/><F49/><N who="3" m="26855" /><G41/><T31/><D135/><U110/><E110/><V50/><F50/><W118/><G118/><AGARI ba="0,1" hai="16,17,24,30,32,37,42,45,88,95,97,116,118,119" machi="118" ten="40,12000,2" yaku="1,1,12,1,52,1,54,2,53,1" doraHai="92" doraHaiUra="22" who="2" fromWho="3" sc="274,0,196,0,344,130,176,-120" />
</Scene>
<Scene>
<INIT seed="5,0,0,4,4,34" ten="274,196,474,56" oya="1" hai0="115,10,63,85,133,84,87,66,74,124,48,0,125" hai1="23,15,36,95,114,60,42,29,71,112,43,129,111" hai2="86,25,83,7,90,134,50,13,126,3,100,57,81" hai3="18,117,89,31,99,72,45,76,77,40,53,4,12"/><U105/><E105/><V98/><F3/><W1/><G117/><T119/><D119/><U55/><E129/><V24/><F126/><W28/><G53/><T8/><D115/><N who="1" m="44075" /><E111/><V113/><F83/><W69/><G69/><T65/><D133/><U107/><E107/><V96/><F134/><W123/><G123/><T14/><D74/><U79/><E36/><V104/><F98/><W94/><G31/><T39/><D39/><U51/><E79/><V2/><F113/><W5/><G28/><T135/><D135/><U27/><E95/><V106/><F106/><W61/><G61/><T68/><D65/><N who="1" m="41383" /><E15/><V78/><F13/><W62/><G62/><T19/><REACH who="0" step="1"/><D48/><REACH who="0" ten="264,196,474,56" step="2"/><U37/><E37/><V122/><F50/><W9/><G72/><T44/><D44/><AGARI ba="0,1" hai="23,27,29,42,43,44,51,55" m="41383,44075" machi="44" ten="30,1500,0" yaku="15,1" doraHai="34" who="1" fromWho="0" sc="264,-15,196,25,474,0,56,0" />
</Scene>
<Scene>
<INIT seed="5,1,0,0,4,14" ten="249,221,474,56" oya="1" hai0="50,105,100,66,125,17,134,93,74,121,96,22,76" hai1="97,90,18,104,119,79,38,107,43,58,29,52,77" hai2="69,127,0,78,33,129,64,94,102,115,57,124,35" hai3="82,41,1,32,123,92,75,120,16,83,56,110,99"/><U5/><E119/><V45/><F0/><W11/><G32/><T133/><D125/><U34/><E5/><V55/><F78/><W111/><G41/><T81/><D121/><U49/><E34/><V91/><F102/><W21/><G120/><T44/><D66/><U3/><E29/><V132/><F132/><W108/><G123/><T28/><D28/><U71/><E3/><V118/><F115/><W72/><G72/><T112/><D112/><U12/><E71/><V117/><F129/><W80/><G75/><T61/><D61/><U19/><E107/><V13/><F45/><W26/><G56/><T135/><D105/><U62/><E38/><V122/><F64/><W27/><G27/><T106/><D106/><U23/><E104/><V2/><F13/><W109/><N who="3" m="27648" /><DORA hai="103" /><W25/><G25/><T47/><D50/><U68/><E68/><V130/><F130/><W60/><G60/><T37/><D37/><U30/><E30/><V95/><F2/><W7/><REACH who="3" step="1"/><G83/><REACH who="3" ten="249,221,474,46" step="2"/><T40/><D40/><U6/><E43/><V67/><F122/><W59/><G59/><T87/><D74/><U89/><E62/><V73/><F57/><W15/><G15/><AGARI ba="1,1" hai="15,17,22,44,47,76,81,87,93,96,100,133,134,135" machi="15" ten="40,2600,0" yaku="20,1,52,1" doraHai="14,103" who="0" fromWho="3" sc="249,39,221,0,474,0,46,-29" />
</Scene>
<Scene>
<INIT seed="6,0,0,1,4,103" ten="288,221,474,17" oya="2" hai0="129,131,90,39,114,47,109,125,82,55,70,59,11" hai1="95,22,43,98,77,51,78,18,5,119,10,86,19" hai2="31,108,69,80,17,28,42,68,35,20,16,79,107" hai3="72,96,21,67,24,73,36,40,101,97,58,23,45"/><V53/><F35/><W71/><G96/><T124/><D70/><U130/><E119/><V60/><F107/><W133/><G133/><T65/><D65/><U8/><E130/><N who="0" m="49673" /><D114/><U117/><E117/><V27/><F42/><W89/><G89/><T100/><D100/><U49/><E43/><V56/><F108/><W85/><G85/><N who="0" m="50487" /><D39/><U121/><E121/><V99/><F99/><W102/><G102/><T112/><D112/><U6/><E98/><V14/><F31/><W91/><G91/><T33/><D33/><U46/><E86/><V88/><F88/><W7/><G7/><T66/><D11/><U123/><E123/><V94/><F94/><W92/><G21/><T75/><D75/><U81/><E22/><V104/><F104/><W126/><G71/><T57/><D109/><U15/><E46/><V2/><F2/><W106/><G106/><T111/><D47/><U61/><E15/><V0/><F0/><W25/><G25/><T74/><D74/><U26/><E61/><V32/><F17/><W41/><G41/><T50/><D111/><U105/><E105/><V76/><F76/><W34/><G34/><T132/><D132/><U110/><E110/><V52/><F53/><W38/><G38/><T118/><D118/><U54/><E54/><V44/><F44/><W84/><G84/><AGARI ba="0,0" hai="14,16,20,27,28,32,52,56,60,68,69,79,80,84" machi="84" ten="30,5800,0" yaku="7,1,54,2" doraHai="103" who="2" fromWho="3" sc="288,0,221,0,474,58,17,-58" owari="288,9.0,221,-18.0,532,63.0,-41,-54.0" />
</Scene>
</mjloggm>