<mjloggm ver="2.3"><GO type="169" lobby="0"/><UN n0="%E5%A4%AA%E3%81%8F%E3%81%AA%E3%81%84%E3%81%8A" n1="%E3%81%82%E3%81%B2%E3%82%8B%E3%81%95%E3%82%93" n2="%EF%BC%88%EF%BC%BE%D0%94%EF%BC%BE%EF%BC%89" n3="%E7%94%9F%E8%82%89%E3%81%A7%E3%81%99%E3%82%88" dan="17,16,16,16" rate="2198.21,2109.22,2126.55,2115.97" sx="M,M,M,M"/><TAIKYOKU oya="0"/>

<Scene>
<INIT seed="0,0,0,1,5,130" ten="250,250,250,250" oya="0" hai0="125,99,9,71,25,119,68,72,127,70,65,84,42" hai1="74,43,105,79,34,53,23,80,63,45,0,81,109" hai2="132,14,36,112,37,123,69,17,96,29,129,94,64" hai3="8,3,103,115,93,128,62,40,48,30,10,59,18"/><T7/><D72/><U57/><E34/><V35/><F123/><W4/><G115/><T121/><D121/><U111/><E105/><V2/><F2/><W19/><G30/><T114/><D114/><U91/><E0/><V31/><F112/><W89/><G103/><T66/><D119/><U118/><E118/><V82/><F129/><W12/><G128/><T16/><D42/><U117/><E117/><V122/><F122/><W107/><G107/><T100/><D84/><U67/><E67/><V73/><F64/><W78/><G78/><T134/><D134/><U87/><REACH who="1" step="1"/><E23/><REACH who="1" ten="250,240,250,250" step="2"/><V104/><F104/><W33/><G33/><T56/><D66/><U54/><E54/><V13/><F35/><W28/><G3/><T126/><D65/><U135/><E135/><V97/><F132/><W106/><G106/><N who="0" m="63775" /><D70/><U27/><E27/><V38/><F69/><W133/><G133/><T76/><D71/><U26/><E26/><V108/><F13/><W113/><G12/><N who="0" m="5183" /><D68/><U101/><E101/><V98/><F14/><W15/><G15/><T11/><D25/><U52/><E52/><V50/><F108/><W32/><G113/><T85/><D11/><U21/><E21/><V90/><F36/><AGARI ba="0,1" hai="36,43,45,53,57,63,74,79,80,81,87,91,109,111" machi="36" ten="40,2600,0" yaku="1,1,53,1" doraHai="130" doraHaiUra="86" who="1" fromWho="2" sc="250,0,240,36,250,-26,250,0" />
</Scene>
<Scene>
<INIT seed="1,0,0,2,4,30" ten="250,276,224,250" oya="1" hai0="135,48,1,123,71,74,57,68,104,61,132,39,91" hai1="25,36,94,117,93,97,125,110,88,101,99,47,56" hai2="65,112,55,23,63,109,46,84,92,50,98,134,58" hai3="28,82,87,17,6,60,105,40,9,20,10,35,8"/><U45/><E117/><V111/><F134/><N who="0" m="51242" /><D74/><U4/><E125/><V124/><F124/><W11/><G105/><T119/><D104/><U131/><E131/><V37/><F112/><W113/><G40/><T31/><D1/><U59/><E4/><V107/><F107/><W103/><G103/><T89/><D39/><U53/><E36/><V102/><F84/><W121/><G121/><T22/><D119/><U15/><E110/><V64/><F37/><W80/><G113/><T2/><D2/><U44/><E15/><V81/><F81/><W126/><G126/><T72/><D72/><U106/><E106/><V79/><F79/><W95/><G60/><T70/><D48/><U78/><E78/><V43/><REACH who="2" step="1"/><F23/><REACH who="2" ten="250,276,214,250" step="2"/><W32/><G82/><T14/><D123/><U21/><REACH who="1" step="1"/><E53/><REACH who="1" ten="250,266,214,250" step="2"/><V73/><F73/><W26/><G6/><T96/><D14/><U127/><E127/><V19/><F19/><AGARI ba="0,2" hai="19,21,25,44,45,47,56,59,88,93,94,97,99,101" machi="19" ten="40,18000,2" yaku="1,1,8,1,54,1,53,3" doraHai="30" doraHaiUra="42" who="1" fromWho="2" sc="250,0,266,200,214,-180,250,0" />
</Scene>
<Scene>
<INIT seed="1,1,0,2,1,92" ten="250,466,34,250" oya="1" hai0="77,27,110,111,12,79,68,36,125,127,46,132,95" hai1="10,11,5,4,39,105,84,81,100,112,89,22,91" hai2="78,130,131,61,35,20,6,40,37,21,98,80,73" hai3="109,129,121,49,52,65,67,47,128,83,71,90,25"/><U133/><E112/><V15/><F35/><W104/><G104/><T74/><D68/><U48/><E39/><V53/><F40/><W60/><G121/><T50/><D36/><U66/><E133/><V31/><F37/><W102/><G102/><T34/><D132/><U62/><E48/><V43/><F43/><W2/><G2/><T1/><D1/><U8/><E22/><V122/><F122/><W124/><G109/><N who="0" m="41483" /><D12/><U29/><E29/><V88/><F31/><W30/><G124/><N who="0" m="47691" /><D74/><U82/><E4/><V41/><F41/><W85/><REACH who="3" step="1"/><G67/><REACH who="3" ten="250,466,34,240" step="2"/><T86/><D34/><AGARI ba="1,1" hai="25,30,34,47,49,52,60,65,71,83,85,90,128,129" machi="34" ten="40,5200,0" yaku="1,1,2,1,54,1,53,0" doraHai="92" doraHaiUra="93" who="3" fromWho="0" sc="250,-55,466,0,34,0,240,65" />
</Scene>
<Scene>
<INIT seed="2,0,0,0,5,24" ten="195,466,34,305" oya="2" hai0="51,121,43,107,106,113,115,104,88,22,94,32,28" hai1="23,18,53,15,101,12,26,66,31,84,118,74,82" hai2="103,125,130,48,39,61,133,119,75,117,110,69,9" hai3="132,4,135,11,45,37,131,92,77,36,96,67,5"/><V40/><F39/><W41/><G131/><T62/><D32/><U127/><E118/><V33/><F130/><W14/><G67/><T27/><D121/><U65/><E74/><V7/><F75/><W86/><G37/><T63/><D43/><U78/><E127/><V64/><F125/><W80/><G5/><T79/><D79/><U13/><E101/><V76/><F76/><W42/><G42/><T68/><D51/><U30/><E66/><V112/><F112/><W120/><G120/><T90/><D90/><U56/><E65/><V47/><F133/><W3/><G3/><T99/><REACH who="0" step="1"/><D68/><REACH who="0" ten="185,466,34,305" step="2"/><U108/><E108/><V25/><F110/><W35/><G35/><T60/><AGARI ba="0,1" hai="22,27,28,60,62,63,88,94,99,104,106,107,113,115" machi="60" ten="40,12000,2" yaku="1,1,2,1,0,1,52,1,54,1,53,1" doraHai="24" doraHaiUra="16" who="0" fromWho="0" sc="185,130,466,-30,34,-60,305,-30" owari="315,12.0,436,53.0,-26,-53.0,275,-12.0" />
</Scene>
</mjloggm>