<mjloggm ver="2.3"><GO type="169" lobby="0"/><UN n0="%4E%6F%69%65" n1="%E5%A4%AA%E3%81%8F%E3%81%AA%E3%81%84%E3%81%8A" n2="%E3%82%89%E3%82%93%E3%81%A9%E3%81%8F%E3%82%93" n3="%E3%81%AA%E3%81%A3%E3%81%8D%E3%82%8A" dan="16,17,16,16" rate="2142.44,2214.17,2044.68,2055.17" sx="M,M,F,M"/><TAIKYOKU oya="0"/>

<Scene>
<INIT seed="0,0,0,1,4,47" ten="250,250,250,250" oya="0" hai0="98,71,102,124,17,79,81,39,50,99,78,105,37" hai1="58,55,34,130,89,5,63,95,77,4,57,16,67" hai2="122,29,106,46,51,42,90,25,14,36,40,97,65" hai3="114,120,31,60,135,68,121,108,87,32,129,15,20"/><T8/><D71/><U13/><E77/><V23/><F122/><W104/><G104/><T91/><D124/><U134/><E34/><V76/><F76/><W6/><G114/><T49/><D79/><U93/><E134/><V117/><F117/><W24/><G135/><T86/><D39/><U112/><E130/><V128/><F128/><W61/><G108/><T43/><D37/><U115/><E115/><V127/><F65/><W62/><G129/><T92/><REACH who="0" step="1"/><D43/><REACH who="0" ten="240,250,250,250" step="2"/><U27/><E112/><V28/><F36/><W41/><G41/><T30/><D30/><U94/><E89/><V74/><F42/><W107/><G68/><T21/><D21/><N who="1" m="11407" /><E27/><V35/><F29/><W85/><G32/><T133/><D133/><U70/><E70/><V1/><F35/><W45/><G31/><T59/><D59/><U64/><E64/><V75/><F127/><W0/><G120/><T109/><D109/><U48/><AGARI ba="0,1" hai="4,5,48,55,57,58,63,67,93,94,95" m="11407" machi="48" ten="30,4000,0" yaku="8,1,52,1,54,1" doraHai="47" who="1" fromWho="1" sc="240,-20,250,50,250,-10,250,-10" />
</Scene>
<Scene>
<INIT seed="1,0,0,5,2,19" ten="220,300,240,240" oya="1" hai0="13,102,25,95,88,67,12,106,52,39,117,98,114" hai1="93,87,47,131,120,5,103,53,133,77,31,0,40" hai2="29,28,78,122,48,64,16,45,74,27,44,51,112" hai3="49,91,75,84,104,8,57,85,90,108,37,99,34"/><U14/><E120/><V30/><F122/><W86/><G37/><T113/><D39/><U46/><E0/><V50/><F112/><W42/><G34/><T119/><D67/><U33/><E133/><V100/><F100/><W15/><G75/><T107/><D107/><U110/><E131/><V21/><REACH who="2" step="1"/><F64/><REACH who="2" ten="220,300,230,240" step="2"/><W18/><G108/><T89/><D114/><U135/><E103/><V115/><F115/><W3/><G104/><T121/><D113/><U129/><E129/><V76/><F76/><W96/><G3/><T20/><D121/><U7/><E77/><V60/><F60/><W79/><G79/><T32/><D117/><U130/><E130/><V109/><F109/><W6/><G91/><T72/><D119/><U80/><E110/><V132/><F132/><W26/><G90/><T134/><D134/><U22/><E135/><V35/><F35/><W124/><G124/><T66/><D66/><U9/><E33/><V55/><F55/><N who="3" m="31983" /><G42/><T92/><D32/><U23/><E53/><V65/><F65/><W11/><G11/><T105/><D105/><U128/><E40/><V94/><F94/><W127/><G127/><T38/><D106/><U71/><E93/><V63/><F63/><W116/><G116/><T61/><D102/><U97/><E128/><V68/><F68/><W101/><G101/><T41/><D41/><U82/><E71/><V17/><F17/><W24/><G18/><T56/><D72/><U73/><E73/><V83/><AGARI ba="0,1" hai="16,21,27,28,29,30,44,45,48,50,51,74,78,83" machi="83" ten="40,8000,1" yaku="1,1,0,1,52,1,54,1,53,0" doraHai="19" doraHaiUra="69" who="2" fromWho="2" sc="220,-20,300,-40,230,90,240,-20" />
</Scene>
<Scene>
<INIT seed="2,0,0,4,4,27" ten="200,260,320,220" oya="2" hai0="52,10,79,53,3,11,117,59,1,135,115,24,129" hai1="75,16,101,88,55,30,72,34,5,15,74,80,86" hai2="78,63,2,62,4,35,92,120,133,6,134,14,96" hai3="111,113,69,90,13,33,109,105,93,56,21,7,0"/><V83/><F120/><W68/><G105/><T22/><D115/><U124/><E124/><V9/><F35/><W45/><G113/><T31/><D117/><U106/><E5/><V132/><F6/><W49/><G33/><T71/><D71/><U48/><E34/><V130/><F130/><W50/><G0/><T51/><D129/><U119/><E119/><V97/><F2/><W65/><G56/><T40/><D135/><U70/><E70/><N who="3" m="27242" /><G65/><T131/><D131/><U58/><E30/><V127/><F127/><W28/><G45/><T8/><D40/><U67/><E67/><V66/><F66/><W125/><G125/><T76/><D3/><U43/><E43/><V61/><REACH who="2" step="1"/><F92/><REACH who="2" ten="200,260,310,220" step="2"/><W121/><G7/><T39/><D1/><U46/><E106/><V41/><F41/><W91/><G121/><T17/><D39/><U44/><REACH who="1" step="1"/><E101/><REACH who="1" ten="200,250,310,220" step="2"/><V107/><F107/><W60/><G111/><T118/><D118/><U116/><E116/><V123/><F123/><W128/><G109/><T95/><D53/><U108/><E108/><V29/><F29/><W47/><G28/><T73/><D31/><U12/><E12/><V23/><F23/><AGARI ba="0,2" hai="15,16,23,44,46,48,55,58,72,74,75,80,86,88" machi="23" ten="40,12000,2" yaku="1,1,54,2,53,3" doraHai="27" doraHaiUra="104" who="1" fromWho="2" sc="200,0,250,140,310,-120,220,0" />
</Scene>
<Scene>
<INIT seed="3,0,0,5,3,11" ten="200,390,190,220" oya="3" hai0="127,30,43,132,44,64,90,55,9,94,28,85,112" hai1="107,4,104,67,120,89,78,47,93,92,124,134,116" hai2="48,45,76,65,35,135,39,95,70,122,31,115,126" hai3="79,98,83,69,131,101,19,125,121,59,105,102,13"/><W26/><G121/><T49/><D127/><U61/><E120/><V5/><F39/><W96/><G69/><T82/><D132/><U68/><E124/><V97/><F76/><W58/><G26/><T118/><D118/><U72/><E134/><V80/><F80/><W51/><G51/><T128/><D128/><U6/><E116/><V38/><F38/><W54/><G54/><T32/><D32/><U3/><E47/><V91/><F5/><W21/><G131/><T87/><D64/><U27/><E27/><V12/><F12/><W16/><G19/><T7/><D55/><U66/><E3/><V81/><F81/><W123/><G123/><T106/><D106/><U71/><E78/><V50/><F65/><W14/><G14/><N who="0" m="5439" /><D112/><U88/><REACH who="1" step="1"/><E61/><REACH who="1" ten="200,380,190,220" step="2"/><V36/><F115/><W114/><G125/><T73/><D73/><AGARI ba="0,1" hai="4,6,66,67,68,71,72,73,88,89,92,93,104,107" machi="73" ten="25,8000,1" yaku="1,1,2,1,22,2,54,1,53,0" doraHai="11" doraHaiUra="18" who="1" fromWho="0" sc="200,-80,380,90,190,0,220,0" />
</Scene>
<Scene>
<INIT seed="4,0,0,2,2,76" ten="120,470,190,220" oya="0" hai0="10,37,5,27,13,135,44,50,98,11,125,87,114" hai1="15,124,54,99,21,42,33,77,86,36,91,56,68" hai2="62,46,40,132,111,84,67,3,38,133,24,16,63" hai3="59,2,9,0,25,28,92,97,74,130,90,6,117"/><T126/><D37/><U105/><E33/><V64/><F3/><W35/><G130/><T32/><D114/><U109/><E68/><V100/><F100/><W34/><G117/><T12/><D135/><N who="2" m="51786" /><F111/><W78/><G35/><T88/><D98/><U18/><E109/><V58/><F84/><W82/><REACH who="3" step="1"/><G59/><REACH who="3" ten="120,470,190,210" step="2"/><T60/><D32/><U129/><E56/><N who="2" m="36935" /><F24/><W53/><G53/><T26/><D26/><U128/><E54/><V122/><F16/><W81/><G81/><N who="0" m="49263" /><D27/><U41/><E128/><V55/><F55/><W39/><G39/><T23/><D126/><U110/><E129/><V4/><F4/><W101/><G101/><T22/><D125/><U94/><E124/><V103/><F103/><W121/><G121/><AGARI ba="0,1" hai="38,40,46,58,63,67,121,122" m="36935,51786" machi="121" ten="30,3900,0" yaku="20,1,34,2" doraHai="76" who="2" fromWho="3" sc="120,0,470,0,190,49,210,-39" />
</Scene>
<Scene>
<INIT seed="5,0,0,1,3,67" ten="120,470,239,171" oya="1" hai0="62,118,13,0,130,32,122,127,27,30,19,15,133" hai1="4,3,98,88,25,17,60,9,134,48,124,126,84" hai2="93,29,90,65,41,11,59,115,7,77,40,49,78" hai3="55,21,10,110,103,46,71,89,53,91,72,135,6"/><U87/><E134/><V105/><F105/><W85/><G72/><T109/><D62/><U132/><E132/><V120/><F29/><W73/><G73/><T95/><D133/><U123/><E123/><V112/><F120/><W44/><G110/><T116/><D122/><U75/><E75/><V52/><F65/><W100/><G135/><T36/><D36/><U28/><E17/><V5/><F41/><W42/><G21/><T39/><D39/><U82/><E98/><V111/><F40/><W23/><G23/><T12/><D95/><U1/><E60/><V51/><F49/><W8/><G42/><T80/><D80/><U35/><E48/><V79/><F111/><W2/><G85/><T64/><D64/><U43/><E43/><V97/><REACH who="2" step="1"/><F7/><REACH who="2" ten="120,470,229,171" step="2"/><W66/><G66/><T58/><D109/><U76/><E4/><V33/><F33/><W119/><G6/><T114/><D30/><U50/><E50/><V26/><F26/><W108/><G108/><T102/><D32/><U22/><E35/><V63/><F63/><W107/><G107/><T18/><D27/><U57/><E25/><V125/><F125/><W74/><G55/><T96/><D127/><U54/><E54/><V94/><F94/><W104/><G53/><T47/><D118/><U99/><E124/><V121/><F121/><W69/><G104/><T34/><D116/><U37/><E126/><V31/><F31/><W113/><G119/><T101/><D34/><U14/><E28/><V61/><F61/><W131/><G69/><T70/><D70/><U117/><E117/><V92/><F92/><RYUUKYOKU ba="0,1" sc="120,-10,470,-10,229,30,171,-10" hai2="5,11,51,52,59,77,78,79,90,93,97,112,115" />
</Scene>
<Scene>
<INIT seed="6,1,1,4,2,127" ten="110,460,259,161" oya="2" hai0="28,71,116,37,58,1,30,132,8,41,9,53,69" hai1="7,36,39,48,2,107,134,126,114,59,80,93,50" hai2="22,106,79,68,135,91,0,19,95,83,13,12,17" hai3="97,110,109,112,88,99,108,52,26,92,35,78,100"/><V111/><F106/><W72/><G72/><T129/><BYE who="3" /><D132/><U5/><E107/><V60/><F0/><W27/><G27/><T10/><D1/><UN n3="%E3%81%AA%E3%81%A3%E3%81%8D%E3%82%8A" /><U77/><E126/><V47/><F135/><W21/><G35/><T63/><D116/><U45/><E134/><V65/><F47/><W43/><G43/><T57/><D37/><U121/><E114/><V55/><F55/><W103/><G78/><T25/><D41/><U29/><E29/><V51/><F51/><W90/><G112/><T85/><D30/><U6/><E2/><V49/><F49/><W98/><G52/><T66/><D85/><U20/><E121/><V87/><F111/><W31/><REACH who="3" step="1"/><G98/><REACH who="3" ten="110,460,259,151" step="2"/><T3/><D3/><U123/><E77/><V76/><F79/><W24/><G24/><T46/><D46/><U133/><E133/><V15/><F19/><W62/><G62/><T102/><D53/><U61/><E61/><V118/><F118/><W105/><AGARI ba="1,2" hai="21,26,31,88,90,92,97,99,100,103,105,108,109,110" machi="105" ten="30,4000,0" yaku="1,1,0,1,54,1,53,0" doraHai="127" doraHaiUra="119" who="3" fromWho="3" sc="110,-11,460,-11,259,-21,151,63" />
</Scene>
<Scene>
<INIT seed="7,0,0,0,5,0" ten="99,449,238,214" oya="3" hai0="22,28,47,63,104,46,42,81,67,55,74,18,48" hai1="110,128,43,58,53,36,3,109,45,84,124,1,130" hai2="21,125,9,5,61,26,85,79,39,106,78,11,17" hai3="101,86,88,118,59,122,12,113,51,20,29,4,83"/><W89/><G118/><T72/><D104/><U94/><E124/><V111/><F106/><W38/><G122/><T16/><D28/><U6/><E84/><V56/><F39/><W73/><G73/><T24/><D81/><U71/><E71/><V41/><F41/><W31/><G38/><T62/><D62/><N who="1" m="36175" /><E94/><V120/><F111/><N who="1" m="42505" /><E6/><V15/><F125/><W98/><G89/><T77/><D77/><U32/><E32/><V93/><F11/><N who="3" m="4199" /><G20/><T121/><D18/><U25/><E25/><V54/><F120/><W33/><G33/><T57/><REACH who="0" step="1"/><D121/><REACH who="0" ten="89,449,238,214" step="2"/><U44/><E44/><V75/><F75/><W99/><G31/><T82/><D82/><U19/><E19/><V64/><F78/><W30/><G30/><T100/><D100/><U123/><E123/><V27/><F79/><W127/><G29/><T133/><D133/><U105/><E105/><V50/><F17/><W90/><G127/><T69/><D69/><U97/><E97/><V134/><F134/><W52/><G101/><T37/><AGARI ba="0,1" hai="16,22,24,37,42,46,47,48,55,57,63,67,72,74" machi="37" ten="20,8000,1" yaku="1,1,0,1,7,1,54,1,53,1" doraHai="0" doraHaiUra="49" who="0" fromWho="0" sc="89,90,449,-20,238,-20,214,-40" owari="179,-22.0,429,53.0,218,2.0,174,-33.0" />
</Scene>
</mjloggm>