<mjloggm ver="2.3"><GO type="169" lobby="0"/><UN n0="%EF%BC%A1%E3%83%BB%E3%83%AD%E3%83%83%E3%83%89" n1="%E3%82%AF%E3%83%AD%E3%83%8E%E3%82%B9%40" n2="%E3%83%98%E3%82%AF%E3%82%B5%E3%83%BC" n3="%E5%A4%AA%E3%81%8F%E3%81%AA%E3%81%84%E3%81%8A" dan="16,17,19,18" rate="2082.46,2114.19,2346.19,2174.77" sx="M,M,M,M"/><TAIKYOKU oya="0"/>

<Scene>
<INIT seed="0,0,0,4,4,132" ten="250,250,250,250" oya="0" hai0="26,122,13,101,98,73,34,4,50,48,59,1,102" hai1="8,113,36,83,125,100,120,103,31,107,62,17,70" hai2="112,63,93,88,119,77,89,41,109,104,45,18,24" hai3="82,123,55,65,72,53,14,79,67,32,3,130,5"/><T133/><D122/><U92/><E120/><V61/><F104/><W117/><G123/><T69/><D69/><U81/><E36/><V6/><F112/><W28/><G117/><T94/><D133/><U80/><E107/><V42/><F109/><W33/><G3/><T16/><D73/><U57/><E113/><V116/><F77/><W71/><G130/><T124/><D1/><U110/><E110/><V87/><F6/><W20/><G5/><T128/><D128/><U54/><E31/><V49/><F41/><W37/><G37/><T135/><D135/><U74/><E74/><V86/><F119/><W38/><G38/><T52/><D124/><U84/><E70/><V40/><F40/><W91/><G91/><T21/><D34/><U7/><E125/><V56/><F116/><W118/><G118/><T15/><D101/><U111/><E111/><V68/><F68/><W58/><G55/><N who="0" m="32231" /><D4/><U2/><REACH who="1" step="1"/><E17/><REACH who="1" ten="250,240,250,250" step="2"/><V29/><F18/><W64/><G71/><T66/><D66/><U22/><E22/><N who="2" m="15511" /><F56/><AGARI ba="0,1" hai="13,15,16,21,26,50,52,56,94,98,102" m="32231" machi="56" ten="30,5800,0" yaku="8,1,54,2" doraHai="132" who="0" fromWho="2" sc="250,68,240,0,250,-58,250,0" />
</Scene>
<Scene>
<INIT seed="0,1,0,3,2,15" ten="318,240,192,250" oya="0" hai0="100,106,38,88,39,50,56,62,69,61,134,27,19" hai1="52,103,92,58,83,76,93,25,42,86,3,46,101" hai2="10,57,110,64,66,81,119,80,35,47,113,68,107" hai3="55,9,96,7,135,111,22,114,131,78,14,5,60"/><T67/><D134/><U29/><E3/><V87/><F113/><W105/><G114/><T125/><D125/><U72/><E72/><V54/><F107/><W20/><G135/><T2/><D2/><U112/><E112/><V75/><F35/><W122/><G111/><T49/><D100/><U90/><E93/><V128/><F110/><W130/><G122/><T129/><D106/><U43/><E76/><V132/><F132/><W109/><G109/><T95/><D129/><N who="3" m="49161" /><G78/><T0/><D0/><U82/><E82/><V30/><F30/><W108/><G5/><T18/><D38/><U33/><E83/><V89/><F128/><W121/><G121/><T65/><D39/><U104/><E104/><V79/><F119/><W45/><G108/><T91/><D91/><U21/><E33/><V53/><F68/><W123/><G123/><T77/><D77/><U99/><E86/><V32/><F32/><W24/><G24/><T12/><D27/><U71/><E71/><V70/><F70/><W8/><G8/><T28/><D28/><U31/><E31/><V102/><F102/><N who="1" m="38921" /><E46/><V94/><F81/><W84/><G45/><T59/><D69/><U23/><E21/><N who="3" m="8298" /><G84/><N who="0" m="52615" /><D12/><U85/><E85/><V74/><F75/><W36/><G105/><T6/><D6/><U13/><E13/><V16/><F47/><W97/><G36/><T37/><D37/><U4/><E4/><V127/><F74/><W48/><G7/><T133/><D133/><U17/><E29/><V115/><F115/><W124/><G14/><T117/><D117/><U116/><E116/><V44/><F87/><RYUUKYOKU ba="1,0" sc="318,15,240,15,192,-15,250,-15" hai0="18,19,49,50,56,59,61,62,65,67" hai1="17,23,25,42,43,52,58,90,92,99" />
</Scene>
<Scene>
<INIT seed="0,2,0,1,2,73" ten="333,255,177,235" oya="0" hai0="41,10,39,34,90,110,122,81,5,25,28,102,44" hai1="37,79,16,128,123,56,112,53,61,134,124,29,52" hai2="71,120,19,14,12,51,119,114,67,36,100,91,40" hai3="65,105,74,54,76,101,24,63,115,11,27,42,98"/><T66/><D122/><U118/><E123/><V0/><F120/><W22/><G115/><T43/><D110/><U83/><E118/><V132/><F0/><W84/><G74/><T26/><D102/><U88/><E37/><V23/><F114/><W111/><G111/><T45/><D66/><U30/><E112/><V58/><F132/><W93/><G42/><T135/><D135/><U85/><E134/><V9/><F119/><W99/><G54/><T4/><D26/><U96/><E128/><V92/><F100/><W32/><G11/><T69/><D69/><U130/><E124/><V2/><F2/><W107/><G32/><T13/><D90/><U47/><E130/><V7/><F71/><W17/><G27/><T86/><D86/><N who="1" m="48511" /><E96/><V82/><F36/><W117/><G117/><T46/><D81/><N who="1" m="49199" /><E16/><N who="2" m="10631" /><F82/><W116/><G116/><T106/><D106/><U129/><E129/><V31/><F31/><W38/><G38/><T94/><D94/><U125/><E125/><V8/><F19/><W64/><G105/><T70/><D70/><U72/><E72/><V78/><F8/><W75/><G75/><T3/><D39/><U103/><E103/><V15/><F92/><W108/><G108/><T133/><D133/><U109/><E109/><V55/><F91/><N who="3" m="53479" /><G101/><T68/><D68/><U126/><E126/><V62/><F9/><W131/><G131/><T113/><D113/><U89/><E89/><V57/><F7/><W49/><G107/><T121/><D121/><U59/><E47/><N who="2" m="26087" /><F78/><W80/><G76/><T48/><D43/><U104/><E104/><V6/><F6/><RYUUKYOKU ba="2,0" sc="333,10,255,10,177,10,235,-30" hai0="3,4,5,10,13,25,28,34,41,44,45,46,48" hai1="29,30,52,53,56,59,61" hai2="14,15,55,57,58,62,67" />
</Scene>
<Scene>
<INIT seed="0,3,0,1,3,119" ten="343,265,187,205" oya="0" hai0="120,69,107,34,81,84,33,12,103,23,126,28,125" hai1="71,26,67,21,62,78,93,114,57,92,32,48,108" hai2="127,111,15,6,90,101,87,66,58,118,17,86,9" hai3="29,59,115,128,85,7,20,8,44,1,37,50,83"/><T117/><D69/><U42/><E108/><V102/><F111/><W80/><G115/><T129/><D117/><U82/><E32/><V97/><F118/><W70/><G70/><T121/><D103/><N who="2" m="39434" /><F127/><N who="0" m="48650" /><D107/><U131/><E131/><V75/><F75/><W2/><G128/><T130/><D130/><U47/><E114/><V40/><F40/><W56/><G37/><T41/><D129/><U30/><REACH who="1" step="1"/><E71/><REACH who="1" ten="343,255,187,205" step="2"/><V94/><F6/><W54/><G1/><T96/><D33/><U106/><E106/><V4/><F4/><W49/><G7/><T53/><D34/><U5/><E5/><V135/><F135/><W36/><G2/><T11/><D96/><U51/><E51/><V132/><F132/><W77/><G49/><T105/><D105/><U68/><E68/><V64/><F64/><W73/><G36/><T22/><D41/><U61/><E61/><AGARI ba="3,1" hai="9,15,17,58,61,66,86,87,90,94,97" m="39434" machi="61" ten="30,1000,0" yaku="8,1" doraHai="119" who="2" fromWho="1" sc="343,0,255,-19,187,29,205,0" />
</Scene>
<Scene>
<INIT seed="1,0,0,4,3,15" ten="343,236,216,205" oya="1" hai0="104,114,10,27,71,132,117,21,12,72,64,68,109" hai1="11,75,103,87,128,88,74,58,39,76,85,33,47" hai2="60,80,20,57,108,79,124,97,19,66,100,98,17" hai3="25,29,90,134,110,4,99,96,46,59,48,0,107"/><U52/><E33/><V30/><F108/><W77/><G110/><T2/><D109/><U106/><E128/><V133/><F124/><W123/><G123/><T102/><D114/><U42/><E85/><N who="2" m="48287" /><F133/><W89/><G134/><T45/><D132/><U18/><E76/><V38/><F38/><W65/><G77/><T63/><D117/><U84/><E84/><V69/><F69/><W3/><G59/><T6/><D72/><U24/><E103/><V91/><F100/><W86/><G65/><T95/><D104/><U94/><E106/><V119/><F119/><W31/><G107/><T120/><D120/><U54/><E54/><V116/><F116/><W50/><G86/><T44/><D71/><U9/><E9/><V93/><F98/><W13/><G99/><T111/><D111/><U118/><E118/><V101/><F91/><W56/><G90/><T113/><D113/><U129/><E129/><V36/><F36/><W8/><G89/><T22/><D2/><U131/><E131/><V5/><F5/><W121/><G96/><T73/><D73/><U70/><E70/><V105/><F105/><W62/><G121/><T67/><D67/><U41/><E41/><V32/><F32/><W28/><G0/><T26/><D102/><U125/><E125/><V37/><F37/><W81/><G3/><T49/><D95/><U82/><E94/><V1/><F1/><W112/><G112/><T55/><D45/><U53/><E53/><V130/><F130/><W126/><G46/><T43/><D55/><U16/><E52/><V78/><F78/><W14/><G126/><RYUUKYOKU ba="0,0" sc="343,15,236,-15,216,15,205,-15" hai0="6,10,12,21,22,26,27,43,44,49,63,64,68" hai2="17,19,20,30,57,60,66,93,97,101" />
</Scene>
<Scene>
<INIT seed="2,1,0,1,3,43" ten="358,221,231,190" oya="2" hai0="85,39,112,0,58,4,119,103,84,115,55,31,101" hai1="56,122,52,29,50,59,44,10,15,74,117,127,68" hai2="2,105,33,18,107,134,123,57,125,92,128,110,34" hai3="1,40,71,3,100,126,69,54,16,131,133,42,25"/><V36/><RYUUKYOKU type="yao9" ba="1,0" sc="358,0,221,0,231,0,190,0" hai2="2,18,33,34,36,57,92,105,107,110,123,125,128,134" />
</Scene>
<Scene>
<INIT seed="2,2,0,4,1,64" ten="358,221,231,190" oya="2" hai0="132,106,49,96,4,130,33,18,76,52,79,22,42" hai1="19,74,91,46,47,124,11,23,70,50,2,97,40" hai2="67,134,58,84,75,44,48,62,32,7,112,28,119" hai3="29,45,89,30,38,82,61,66,120,122,21,104,129"/><V95/><F75/><W101/><G129/><T115/><D115/><U121/><E74/><V77/><F112/><W114/><G114/><T0/><D33/><U105/><E124/><V27/><F119/><W25/><G30/><T3/><D130/><U68/><E121/><V9/><F134/><W43/><G104/><T41/><D132/><U63/><E63/><V36/><F36/><W31/><G101/><T107/><D4/><U83/><E105/><V123/><F123/><W135/><G31/><T35/><D35/><U55/><E2/><V60/><F60/><W108/><G135/><T12/><D106/><U17/><E11/><V93/><F77/><W102/><G102/><T126/><D126/><U26/><E17/><V6/><F84/><W80/><G80/><T117/><D117/><U73/><E97/><V59/><F59/><W131/><G131/><T56/><D3/><U24/><E24/><V8/><F8/><W37/><G37/><T103/><D0/><U14/><E26/><V51/><F6/><W133/><G133/><T16/><D18/><U90/><E73/><V111/><F111/><W72/><G72/><T85/><D79/><U5/><E5/><V88/><F44/><W78/><G78/><T69/><D69/><N who="1" m="26731" /><E83/><V94/><REACH who="2" step="1"/><F88/><REACH who="2" ten="358,221,221,190" step="2"/><W81/><G89/><T100/><D100/><U98/><E98/><V1/><AGARI ba="2,1" hai="1,7,9,27,28,32,48,51,58,62,67,93,94,95" machi="1" ten="30,6000,0" yaku="1,1,2,1,0,1,53,0" doraHai="64" doraHaiUra="71" who="2" fromWho="2" sc="358,-22,221,-22,221,76,190,-22" />
</Scene>
<Scene>
<INIT seed="2,3,0,5,5,124" ten="336,199,297,168" oya="2" hai0="134,133,122,40,126,52,43,119,61,94,1,128,34" hai1="42,27,116,62,63,50,86,101,112,46,44,104,93" hai2="110,127,135,106,47,129,59,88,25,3,118,87,117" hai3="51,102,132,48,17,107,32,70,0,8,125,41,22"/><V45/><F106/><W68/><G32/><T18/><D1/><U123/><E112/><V77/><F127/><W85/><G125/><T60/><D126/><U24/><E116/><V21/><F3/><W53/><G132/><N who="0" m="50795" /><D34/><U7/><E123/><V79/><F135/><W113/><G113/><T64/><D122/><U89/><E7/><V28/><F110/><W130/><G41/><N who="0" m="15947" /><D119/><U12/><E44/><V67/><F118/><W9/><G85/><T131/><D94/><U74/><E74/><V96/><F117/><W56/><G107/><T23/><D52/><U2/><E2/><V37/><F37/><W111/><G53/><T33/><D33/><U69/><E69/><V31/><F31/><W26/><G68/><N who="0" m="41991" /><D61/><U11/><E63/><N who="2" m="38399" /><F96/><W5/><G70/><T13/><AGARI ba="3,0" hai="13,18,23,128,131" m="41991,15947,50795" machi="13" ten="30,4000,0" yaku="20,1,52,2" doraHai="124" who="0" fromWho="0" sc="336,49,199,-13,297,-23,168,-13" />
</Scene>
<Scene>
<INIT seed="3,0,0,1,5,125" ten="385,186,274,155" oya="3" hai0="43,74,64,10,88,78,31,60,41,80,112,86,50" hai1="57,37,117,45,1,109,35,8,128,91,22,106,46" hai2="48,124,113,44,47,126,84,9,6,56,59,21,96" hai3="95,119,26,99,122,107,90,16,85,4,33,51,27"/><W25/><G119/><T14/><D112/><U120/><E106/><V134/><F113/><W103/><G122/><T104/><D104/><U58/><E35/><V69/><F134/><W66/><G4/><T71/><D31/><U36/><E120/><V17/><F69/><W12/><G66/><T81/><D50/><U32/><E32/><V75/><F75/><W30/><REACH who="3" step="1"/><G51/><REACH who="3" ten="385,186,274,145" step="2"/><T2/><D2/><U111/><E117/><V61/><F48/><W79/><G79/><T105/><D105/><U5/><E109/><V23/><F6/><AGARI ba="0,1" hai="6,10,14,41,43,60,64,71,74,78,80,81,86,88" machi="6" ten="30,2000,0" yaku="7,1,54,1" doraHai="125" who="0" fromWho="2" sc="385,30,186,0,274,-20,145,0" />
</Scene>
<Scene>
<INIT seed="4,0,0,1,2,110" ten="415,186,254,145" oya="0" hai0="123,83,100,49,53,87,33,64,69,76,66,16,105" hai1="46,30,54,107,41,81,113,97,61,59,84,38,72" hai2="11,112,43,122,85,119,18,45,14,47,98,108,129" hai3="125,86,79,114,63,111,126,116,28,58,118,94,115"/><T1/><D123/><U34/><E72/><V120/><F108/><W74/><G28/><T50/><D33/><U12/><E30/><V10/><F112/><N who="3" m="43051" /><G74/><T48/><D1/><U56/><E113/><V60/><F129/><W35/><G35/><T52/><D105/><U51/><E34/><V13/><F119/><N who="3" m="45611" /><G111/><T29/><D29/><U23/><E97/><V109/><F109/><W65/><G94/><T88/><D100/><U95/><E95/><V39/><F98/><W62/><G63/><T80/><D16/><N who="1" m="10631" /><E107/><V42/><F60/><W55/><G65/><N who="0" m="25195" /><D69/><U67/><E38/><V75/><F75/><W70/><G70/><T24/><D24/><U127/><E127/><V9/><F85/><AGARI ba="0,0" hai="48,49,50,52,53,76,80,83,85,87,88" m="25195" machi="85" ten="30,5800,0" yaku="8,1,54,2" doraHai="110" who="0" fromWho="2" sc="415,58,186,0,254,-58,145,0" />
</Scene>
<Scene>
<INIT seed="4,1,0,0,5,125" ten="473,186,196,145" oya="0" hai0="90,7,118,10,9,33,114,3,30,128,19,124,58" hai1="134,73,67,40,122,53,89,111,55,62,39,6,22" hai2="32,91,64,4,26,50,121,1,129,112,23,18,24" hai3="57,70,60,0,29,130,109,110,92,76,2,104,120"/><T135/><D118/><U46/><E111/><V54/><F121/><W42/><G104/><T65/><D124/><U115/><E73/><V63/><F112/><W94/><G70/><T133/><D114/><U48/><E122/><V78/><F78/><W17/><G120/><T77/><D77/><U31/><E115/><V12/><F129/><W99/><G76/><T80/><D128/><U95/><E6/><V97/><F32/><W75/><G75/><T131/><D131/><U25/><E39/><V16/><F1/><W34/><G130/><T8/><D80/><U127/><E134/><N who="0" m="51209" /><D90/><U14/><E14/><V61/><F4/><W86/><G2/><T87/><D87/><U84/><REACH who="1" step="1"/><E127/><REACH who="1" ten="473,176,196,145" step="2"/><V35/><F12/><W88/><G0/><T44/><D7/><U27/><E27/><V126/><F126/><W37/><G37/><T103/><D3/><U15/><E15/><V47/><F24/><W117/><G109/><T102/><D19/><U81/><E81/><V123/><F123/><W5/><G110/><T71/><D30/><U56/><AGARI ba="1,1" hai="22,25,31,40,46,48,53,55,56,62,67,84,89,95" machi="56" ten="20,5200,0" yaku="1,1,0,1,7,1,8,1,53,0" doraHai="125" doraHaiUra="105" who="1" fromWho="1" sc="473,-27,176,65,196,-14,145,-14" />
</Scene>
<Scene>
<INIT seed="5,0,0,0,2,83" ten="446,241,182,131" oya="1" hai0="61,109,39,86,94,54,102,31,6,12,123,125,128" hai1="73,55,110,60,81,28,126,132,113,93,22,79,46" hai2="98,90,44,91,96,87,52,119,107,117,0,121,72" hai3="133,48,51,21,80,116,34,97,108,20,71,99,118"/><U62/><E113/><V68/><F121/><W64/><G34/><T74/><D109/><U3/><E3/><V59/><F72/><W114/><G108/><T82/><D123/><U127/><E110/><V47/><F68/><W41/><G114/><T37/><D128/><U111/><E111/><V101/><F0/><W5/><G5/><T76/><D125/><N who="1" m="47627" /><E132/><V65/><F65/><W19/><G133/><T106/><D31/><U85/><E46/><V124/><F124/><W129/><G129/><T134/><D134/><U1/><E1/><V32/><F32/><W130/><G130/><T92/><D92/><U69/><E69/><V10/><F10/><W33/><G33/><T66/><D54/><U14/><E55/><V103/><F119/><N who="3" m="45611" /><G21/><T70/><D6/><U95/><E14/><V25/><F25/><W84/><G71/><T9/><D9/><U58/><E73/><V105/><F117/><W131/><G64/><T8/><D8/><U16/><E28/><V11/><F11/><W36/><G36/><T50/><D12/><N who="1" m="9479" /><E58/><V104/><F104/><W112/><G112/><T17/><D17/><U100/><E100/><V115/><F115/><W56/><G56/><T15/><D15/><U35/><E35/><V43/><F43/><W18/><G131/><T77/><D102/><U75/><E75/><V63/><F44/><W23/><G41/><T88/><D74/><U67/><E67/><V38/><F47/><W120/><G120/><T24/><D66/><U2/><E2/><V53/><F38/><W4/><G4/><T7/><D70/><U89/><E79/><RYUUKYOKU ba="0,0" sc="446,-10,241,30,182,-10,131,-10" hai1="60,62,81,85,89,93,95" />
</Scene>
<Scene>
<INIT seed="5,1,0,3,5,95" ten="436,271,172,121" oya="1" hai0="89,19,42,134,115,62,64,41,81,135,30,11,113" hai1="16,39,124,105,126,31,99,36,84,73,52,79,83" hai2="94,119,35,78,76,4,2,20,7,55,60,133,87" hai3="56,125,112,111,85,59,82,18,110,22,88,23,93"/><U66/><E31/><V68/><F119/><W101/><G112/><N who="0" m="43083" /><D30/><U58/><E66/><V104/><F104/><W97/><G125/><N who="1" m="48234" /><E73/><V14/><F35/><W29/><G29/><T12/><D81/><U27/><E105/><V96/><F2/><W131/><G131/><T1/><D1/><U13/><E27/><V86/><F133/><N who="0" m="50698" /><D89/><U74/><E99/><V98/><F68/><AGARI ba="1,0" hai="11,12,19,41,42,62,64,68" m="50698,43083" machi="68" ten="30,2000,0" yaku="15,1,20,1" doraHai="95" who="0" fromWho="2" sc="436,23,271,0,172,-23,121,0" />
</Scene>
<Scene>
<INIT seed="6,0,0,5,5,33" ten="459,271,149,121" oya="2" hai0="7,109,10,60,129,95,93,121,3,12,89,111,64" hai1="103,34,31,26,44,122,110,100,112,8,134,22,30" hai2="49,131,16,51,29,125,74,2,123,118,82,6,98" hai3="114,0,38,11,53,18,9,77,120,87,23,116,57"/><V21/><F123/><W27/><G120/><T105/><D105/><U97/><E110/><V115/><F118/><W79/><G116/><T133/><D121/><U65/><E112/><V90/><F115/><W104/><G114/><T61/><D133/><U83/><E134/><V47/><F131/><W124/><G104/><T20/><D129/><U99/><E65/><V35/><F125/><W78/><G38/><T91/><D60/><U5/><E122/><V45/><F35/><W86/><G124/><T59/><D95/><U88/><E44/><N who="2" m="16971" /><F74/><W73/><G73/><T127/><D127/><U128/><E128/><V56/><F2/><W25/><G25/><T37/><D37/><U76/><E31/><V113/><F113/><W85/><REACH who="3" step="1"/><G0/><REACH who="3" ten="459,271,149,111" step="2"/><T84/><D111/><U19/><E26/><N who="2" m="14631" /><F29/><W68/><G68/><T58/><D109/><U46/><E30/><V71/><F71/><W24/><G24/><T17/><D91/><U63/><E88/><V132/><F132/><W28/><G28/><T108/><D108/><U42/><E34/><V135/><F135/><W126/><G126/><T32/><D32/><U39/><E39/><V102/><F90/><W1/><G1/><T67/><D59/><U101/><E101/><V75/><F56/><W43/><G43/><T94/><D67/><U130/><E103/><V13/><F75/><W41/><G41/><T14/><D3/><N who="1" m="63" /><E100/><V36/><F36/><W117/><G117/><T72/><D72/><U69/><E130/><V62/><F102/><W70/><G70/><T55/><D64/><U92/><E42/><V107/><F107/><RYUUKYOKU ba="0,1" sc="459,15,271,-15,149,-15,111,15" hai0="7,10,12,14,17,20,55,58,61,84,89,93,94" hai3="9,11,18,23,27,53,57,77,78,79,85,86,87" />
</Scene>
<Scene>
<INIT seed="7,1,1,0,4,100" ten="474,256,134,126" oya="3" hai0="61,74,120,4,2,81,93,96,107,62,99,40,57" hai1="9,87,45,80,108,127,31,75,39,121,70,68,118" hai2="113,38,135,65,8,77,54,67,88,53,92,1,126" hai3="111,35,124,11,18,22,103,25,10,16,97,110,79"/><W17/><G79/><T105/><D120/><U109/><E87/><N who="2" m="52255" /><F38/><W117/><G117/><T66/><D40/><N who="1" m="22687" /><E127/><V95/><F113/><W7/><G35/><T37/><D37/><U104/><E121/><V132/><F77/><W23/><G124/><T5/><D74/><U19/><E19/><N who="3" m="7242" /><G22/><T43/><D43/><U101/><E118/><V128/><F128/><W36/><G7/><T56/><D81/><U27/><E9/><V116/><F126/><W58/><G58/><T3/><D93/><U119/><E119/><V12/><F1/><W64/><G64/><AGARI ba="1,1" hai="2,3,4,5,56,57,61,62,64,66,96,99,105,107" machi="64" ten="25,6400,0" yaku="22,2,52,2" doraHai="100" who="0" fromWho="3" sc="474,77,256,0,134,0,126,-67" owari="551,65.0,256,6.0,134,-27.0,59,-44.0" />
</Scene>
</mjloggm>