<mjloggm ver="2.3"><GO type="169" lobby="0"/><UN n0="%E3%83%A9%E3%83%A0%E3%83%80%E3%81%95%E3%82%93" n1="%E5%A4%AA%E3%81%8F%E3%81%AA%E3%81%84%E3%81%8A" n2="%E3%82%86%E3%81%A3%E3%81%8F%E3%82%8A%E5%A6%96%E5%A4%A2" n3="%53%48%49%53%55%4B%45" dan="17,17,16,17" rate="2200.57,2225.95,2118.39,2100.43" sx="M,M,M,M"/><TAIKYOKU oya="0"/>

<Scene>
<INIT seed="0,0,0,0,0,36" ten="250,250,250,250" oya="0" hai0="67,53,99,7,33,118,74,52,16,122,46,50,81" hai1="89,86,105,48,76,20,40,112,24,5,129,32,133" hai2="27,110,8,90,23,25,56,57,85,109,11,75,128" hai3="12,68,3,119,70,124,28,134,73,37,60,18,44"/><T17/><D118/><U38/><E105/><V114/><F75/><W35/><G3/><T87/><D122/><U135/><E32/><V96/><F96/><W1/><G1/><T78/><D33/><U132/><E129/><V107/><F107/><W131/><G73/><T115/><D115/><U69/><E112/><V121/><F128/><W103/><G131/><T22/><D67/><U59/><E69/><V104/><F104/><W43/><G119/><T95/><D7/><U2/><E76/><V63/><F114/><W41/><G103/><N who="0" m="60927" /><D74/><U72/><E72/><V62/><F121/><W79/><G79/><T0/><D0/><U19/><E38/><V4/><F4/><W82/><G82/><T65/><D65/><U130/><E130/><V92/><F92/><W47/><G35/><T97/><D97/><U88/><E86/><V125/><F85/><W113/><G28/><T54/><D22/><U101/><E101/><V83/><F23/><W15/><G113/><T127/><D127/><U61/><E5/><V126/><REACH who="2" step="1"/><F90/><REACH who="2" ten="250,250,240,250" step="2"/><W94/><G124/><T64/><D64/><N who="1" m="38975" /><E2/><V39/><F39/><W30/><G37/><T55/><AGARI ba="0,1" hai="16,17,46,50,52,53,54,55,78,81,87" m="60927" machi="55" ten="30,6000,0" yaku="8,1,54,2" doraHai="36" who="0" fromWho="0" sc="250,70,250,-20,240,-20,250,-20" />
</Scene>
<Scene>
<INIT seed="0,1,0,1,5,52" ten="320,230,220,230" oya="0" hai0="24,68,118,92,82,121,34,67,77,45,28,90,88" hai1="0,105,122,30,83,130,62,19,75,14,47,84,4" hai2="100,80,51,29,21,116,135,93,96,37,61,41,125" hai3="13,20,131,112,85,1,36,39,106,11,98,40,108"/><T9/><D118/><U65/><E122/><V91/><F116/><W57/><G112/><T123/><D9/><U38/><E105/><V44/><F125/><W126/><G1/><T97/><D90/><U110/><E110/><V7/><F135/><W15/><G126/><T8/><D45/><U109/><E109/><V76/><F7/><W55/><G40/><T134/><D134/><U81/><E130/><V113/><F113/><W60/><G131/><T86/><REACH who="0" step="1"/><D8/><REACH who="0" ten="310,230,220,230" step="2"/><U6/><E47/><V2/><F91/><W10/><G108/><T104/><D104/><U69/><E6/><V79/><F44/><W35/><G10/><T25/><D25/><U111/><E4/><V127/><F127/><W49/><G11/><T74/><D74/><U102/><E75/><V23/><F79/><W43/><G106/><T63/><AGARI ba="1,1" hai="24,28,34,63,67,68,77,82,86,88,92,97,121,123" machi="63" ten="30,6000,0" yaku="1,1,0,1,54,1,53,0" doraHai="52" doraHaiUra="132" who="0" fromWho="0" sc="310,73,230,-21,220,-21,230,-21" />
</Scene>
<Scene>
<INIT seed="0,2,0,4,2,38" ten="383,209,199,209" oya="0" hai0="57,58,83,26,79,65,73,18,82,87,104,40,0" hai1="60,23,55,14,115,88,101,30,35,122,130,36,32" hai2="17,75,44,99,9,96,92,28,19,119,34,59,118" hai3="128,112,85,116,123,110,81,74,64,1,29,117,7"/><T103/><D0/><U54/><E122/><V107/><F75/><W33/><G112/><T114/><D114/><U90/><E115/><V31/><F107/><W94/><G123/><T10/><D65/><U62/><E36/><V111/><F111/><W131/><G74/><T8/><D8/><U105/><E130/><N who="3" m="49706" /><G94/><T98/><D40/><U100/><E14/><V89/><F59/><W43/><G64/><T77/><REACH who="0" step="1"/><D10/><REACH who="0" ten="373,209,199,209" step="2"/><U70/><E70/><V15/><F9/><W11/><G110/><T129/><D129/><U67/><E67/><V108/><F108/><W49/><G43/><T56/><D56/><U95/><E54/><V86/><F119/><W68/><G68/><T135/><D135/><U25/><E55/><V3/><F118/><W72/><G117/><T5/><D5/><U109/><E109/><V91/><F3/><W45/><G116/><T63/><D63/><U22/><E60/><V13/><F44/><W48/><G45/><T78/><D78/><U50/><E62/><V80/><F34/><W12/><G1/><T125/><D125/><U20/><E35/><V132/><F132/><W42/><G42/><T97/><D97/><N who="1" m="59455" /><E50/><V127/><F127/><W61/><G49/><T69/><D69/><U2/><E2/><V4/><F4/><W134/><G48/><T37/><D37/><U113/><E113/><V46/><F46/><W52/><G61/><T66/><D66/><U53/><E53/><V6/><F6/><W71/><G71/><T106/><D106/><U16/><E32/><V41/><F41/><W102/><G134/><T51/><D51/><RYUUKYOKU ba="2,1" sc="373,30,209,-10,199,-10,209,-10" hai0="18,26,57,58,73,77,79,82,83,87,98,103,104" />
</Scene>
<Scene>
<INIT seed="0,3,1,3,3,23" ten="403,199,189,199" oya="0" hai0="134,75,81,2,54,118,133,76,42,29,119,45,120" hai1="57,53,32,63,9,14,122,56,5,100,79,117,8" hai2="74,103,72,55,106,61,36,109,128,83,115,88,6" hai3="84,92,12,130,95,19,10,127,13,98,96,1,37"/><T90/><D120/><U80/><E122/><V11/><F109/><W25/><G37/><N who="0" m="21711" /><D54/><U62/><E117/><N who="0" m="44553" /><D90/><U60/><E32/><V50/><F128/><W131/><G1/><T26/><D2/><U7/><E100/><V28/><F115/><W108/><G130/><T71/><D71/><U112/><E112/><V132/><F132/><W99/><G131/><T87/><D87/><U15/><REACH who="1" step="1"/><E57/><REACH who="1" ten="403,189,189,199" step="2"/><V66/><F103/><W0/><G108/><T135/><D134/><U46/><E46/><V111/><F111/><W31/><G127/><T91/><D91/><U39/><E39/><V3/><F36/><W107/><G107/><T52/><D135/><U113/><E113/><V17/><F106/><W38/><G38/><T102/><D133/><U73/><AGARI ba="3,2" hai="5,7,8,9,14,15,53,56,60,62,63,73,79,80" machi="73" ten="20,12000,2" yaku="1,1,0,1,7,1,9,1,53,2" doraHai="23" doraHaiUra="4" who="1" fromWho="1" sc="403,-63,189,149,189,-33,199,-33" />
</Scene>
<Scene>
<INIT seed="1,0,0,3,0,133" ten="340,338,156,166" oya="1" hai0="116,87,44,34,40,9,60,83,7,111,113,3,93" hai1="110,50,132,122,49,98,80,118,45,26,19,75,68" hai2="128,47,16,125,56,117,13,58,8,114,90,86,96" hai3="20,0,6,42,4,95,121,35,131,105,55,127,41"/><U74/><E118/><V126/><F117/><W109/><G105/><T69/><D116/><U81/><E122/><V130/><F114/><W10/><G35/><T71/><D113/><U94/><E68/><V59/><F96/><W91/><G121/><T15/><D34/><U73/><E132/><V5/><F5/><W88/><G6/><T97/><D111/><U120/><E120/><V39/><F47/><W54/><G109/><T48/><D3/><U29/><E19/><V18/><F39/><W2/><G2/><T61/><D71/><U108/><E81/><N who="2" m="49487" /><F18/><W112/><G91/><T46/><D69/><U30/><E80/><V78/><F78/><W107/><G107/><T92/><D46/><U79/><E79/><V43/><F43/><W23/><G41/><T14/><D14/><U37/><E37/><V51/><F51/><W102/><G42/><T67/><D67/><U21/><E30/><V101/><F101/><W104/><G102/><T84/><D84/><U25/><E50/><V17/><F17/><W57/><G104/><T52/><D40/><N who="1" m="24743" /><E110/><V36/><F36/><W70/><G70/><T32/><D32/><N who="1" m="20527" /><E108/><V72/><F72/><W65/><G65/><T115/><D115/><U85/><E85/><V82/><F82/><W77/><G77/><N who="0" m="46575" /><D92/><U12/><E94/><V135/><F135/><W76/><G76/><T124/><D93/><U11/><E98/><V100/><F100/><W38/><G38/><T1/><D97/><U33/><E33/><V27/><F27/><W28/><G112/><T31/><D31/><N who="1" m="17871" /><E75/><V63/><F63/><N who="0" m="24138" /><D1/><U24/><E24/><RYUUKYOKU ba="0,0" sc="340,10,338,10,156,10,166,-30" hai0="7,9,15,44,48,52,124" hai1="11,12,73,74" hai2="8,13,16,56,58,59,125,126,128,130" />
</Scene>
<Scene>
<INIT seed="1,1,0,0,3,48" ten="350,348,166,136" oya="1" hai0="92,122,126,20,59,74,28,129,101,107,94,82,93" hai1="18,112,66,42,11,84,23,103,131,27,47,132,111" hai2="75,133,100,86,37,108,32,26,60,29,33,2,78" hai3="61,67,76,99,12,128,134,6,41,36,130,127,69"/><U31/><E112/><V54/><F75/><W87/><G127/><T113/><D113/><U38/><E131/><V119/><F119/><W73/><G73/><T72/><D129/><U63/><E132/><V1/><F37/><W3/><G134/><T90/><D126/><U62/><E111/><V22/><F133/><W56/><G128/><T124/><D124/><U117/><E117/><V16/><F108/><W115/><G115/><T104/><D122/><U39/><E103/><V83/><F100/><W21/><G130/><T43/><D74/><U45/><E84/><V110/><F110/><W80/><G99/><T10/><D43/><U97/><E97/><V118/><F118/><W114/><G114/><T85/><D72/><U30/><E62/><V34/><REACH who="2" step="1"/><F29/><REACH who="2" ten="350,348,156,136" step="2"/><W9/><G36/><T14/><D101/><U25/><E31/><V58/><AGARI ba="1,1" hai="1,2,16,22,26,32,33,34,54,58,60,78,83,86" machi="58" ten="40,12000,2" yaku="1,1,2,1,0,1,52,1,54,1,53,1" doraHai="48" doraHaiUra="13" who="2" fromWho="2" sc="350,-31,348,-61,156,133,136,-31" />
</Scene>
<Scene>
<INIT seed="2,0,0,5,4,1" ten="319,287,289,105" oya="2" hai0="101,57,38,49,16,25,133,42,47,117,15,104,5" hai1="4,96,124,46,22,60,123,77,73,71,6,59,20" hai2="81,61,72,76,33,55,17,109,79,30,88,54,10" hai3="65,64,19,36,9,98,78,34,110,95,113,41,24"/><V128/><F128/><W31/><G110/><T3/><D133/><U40/><E71/><V91/><F109/><W56/><G113/><T45/><D117/><U111/><E111/><V35/><F30/><W11/><G78/><T121/><D121/><U43/><E124/><V18/><F61/><W97/><G97/><T100/><D104/><U28/><E123/><V69/><F69/><W27/><G36/><T119/><D119/><U51/><E73/><V26/><F72/><W83/><G83/><T127/><D127/><U48/><E77/><V130/><F81/><W67/><G41/><T107/><D107/><U62/><E96/><V118/><F130/><W84/><G84/><T21/><D3/><U89/><E89/><V74/><F74/><W125/><G125/><T135/><D57/><U58/><E28/><V39/><F10/><W44/><G44/><AGARI ba="0,0" hai="4,6,20,22,40,43,44,46,48,51,58,59,60,62" machi="44" ten="25,8000,1" yaku="22,2,8,1,52,2" doraHai="1" who="1" fromWho="3" sc="319,0,287,80,289,0,105,-80" />
</Scene>
<Scene>
<INIT seed="3,0,0,4,4,130" ten="319,367,289,25" oya="3" hai0="45,78,97,84,26,108,91,11,20,24,129,79,102" hai1="70,30,95,116,47,18,75,124,56,3,14,74,48" hai2="94,82,25,29,31,28,96,109,51,15,7,65,52" hai3="27,55,87,135,40,126,98,1,128,123,120,133,5"/><W9/><G128/><T125/><D129/><U80/><E70/><V113/><F109/><W117/><G117/><T63/><D108/><U35/><E3/><V44/><F113/><W57/><G40/><T2/><D125/><U90/><E124/><V32/><F65/><W122/><G126/><T115/><D115/><U12/><E116/><V43/><F82/><W68/><G68/><T83/><D45/><U119/><E119/><V118/><F118/><W107/><G87/><T103/><D26/><U41/><E35/><V4/><F4/><W105/><G27/><T99/><D63/><U16/><E30/><V111/><F111/><W104/><REACH who="3" step="1"/><G98/><REACH who="3" ten="319,367,289,15" step="2"/><T67/><D99/><U100/><E74/><V46/><F25/><W0/><G0/><T121/><D2/><U69/><E69/><V64/><F32/><W49/><AGARI ba="0,1" hai="1,5,9,49,55,57,104,105,107,120,122,123,133,135" machi="49" ten="40,12000,1" yaku="1,1,0,1,52,2,53,0" doraHai="130" doraHaiUra="89" who="3" fromWho="3" sc="319,-40,367,-40,289,-40,15,130" />
</Scene>
<Scene>
<INIT seed="3,1,0,0,0,122" ten="279,327,249,145" oya="3" hai0="1,57,128,90,16,44,79,46,107,115,21,97,58" hai1="5,45,14,117,118,10,4,98,11,116,59,32,102" hai2="35,36,91,104,71,85,63,101,17,42,67,15,81" hai3="64,113,131,61,73,123,28,124,69,39,126,52,87"/><W22/><G123/><T134/><D1/><U132/><E132/><V135/><F35/><W82/><G39/><T65/><D134/><U2/><E32/><V133/><F104/><W108/><G73/><T23/><D128/><U24/><E24/><V40/><F101/><W31/><G113/><T53/><D115/><U92/><E59/><V70/><F71/><W18/><G131/><T111/><D79/><U68/><E45/><V114/><F36/><W48/><G124/><T110/><D65/><U34/><E34/><V3/><F3/><W50/><G50/><T121/><D121/><U56/><E56/><V78/><F114/><W62/><G62/><T106/><D90/><U119/><N who="1" m="29696" /><DORA hai="129" /><U8/><E8/><V38/><F78/><W77/><G108/><N who="0" m="41515" /><D58/><U84/><REACH who="1" step="1"/><E84/><REACH who="1" ten="279,317,249,145" step="2"/><V30/><F85/><W54/><G126/><T75/><D75/><U72/><E72/><V6/><F133/><W76/><G76/><T109/><D109/><U130/><E130/><V12/><F135/><W127/><G127/><T93/><D46/><U20/><E20/><V99/><F70/><AGARI ba="1,1" hai="2,4,5,10,11,14,68,70,92,98,102" m="29696" machi="70" ten="70,4500,0" yaku="1,1,12,1,53,0" doraHai="122,129" doraHaiUra="120,55" who="1" fromWho="2" sc="279,0,317,58,249,-48,145,0" />
</Scene>
<Scene>
<INIT seed="4,0,0,2,4,26" ten="279,375,201,145" oya="0" hai0="53,92,62,12,101,79,115,129,95,127,77,123,82" hai1="99,25,41,29,111,125,71,49,85,32,52,9,100" hai2="59,96,1,38,35,55,50,97,84,57,134,73,56" hai3="75,45,87,114,106,33,43,94,42,58,66,4,107"/><T88/><D123/><U2/><E111/><V15/><F73/><W86/><G75/><T93/><D115/><U7/><E125/><V132/><F1/><W128/><G128/><T113/><D113/><U51/><E71/><V90/><F38/><W13/><G114/><T74/><D129/><U21/><E41/><V117/><F35/><W27/><G106/><T116/><D116/><U67/><E67/><V0/><F0/><W47/><G107/><T3/><D3/><U54/><E85/><V8/><F117/><W39/><G66/><T61/><D127/><U109/><E109/><V80/><F132/><W63/><G63/><T19/><D101/><U20/><E49/><V16/><F134/><W22/><G58/><AGARI ba="0,0" hai="8,15,16,50,55,56,57,58,59,80,84,90,96,97" machi="58" ten="40,2600,0" yaku="8,1,54,1" doraHai="26" who="2" fromWho="3" sc="279,0,375,0,201,26,145,-26" />
</Scene>
<Scene>
<INIT seed="5,0,0,4,4,106" ten="279,375,227,119" oya="1" hai0="16,4,20,74,60,38,68,120,42,112,76,75,77" hai1="48,26,85,90,54,71,1,30,33,25,86,39,61" hai2="6,67,21,122,2,44,130,0,135,113,87,50,52" hai3="65,27,105,92,73,118,24,32,89,126,12,46,7"/><U62/><E39/><V96/><F122/><W91/><G105/><T117/><D117/><U121/><E121/><V132/><F67/><W110/><G118/><T63/><D4/><U55/><E1/><V70/><F70/><W104/><G104/><T37/><D120/><U45/><E71/><V134/><F130/><W80/><G110/><T40/><D112/><U116/><E116/><V95/><F113/><W115/><G32/><T31/><D31/><U51/><E26/><V102/><F6/><W111/><G65/><T108/><D108/><U69/><E69/><V100/><F100/><W49/><G115/><T84/><D84/><U125/><E125/><V36/><F36/><W99/><G126/><T28/><D28/><U41/><E41/><V29/><REACH who="2" step="1"/><F87/><REACH who="2" ten="279,375,217,119" step="2"/><N who="3" m="50407" /><G111/><T78/><D68/><U88/><E85/><V79/><F79/><W3/><G73/><T133/><D38/><U56/><REACH who="1" step="1"/><E90/><REACH who="1" ten="279,365,217,119" step="2"/><V103/><F103/><W64/><G91/><T8/><D37/><U109/><E109/><V59/><F59/><W58/><G58/><T15/><D75/><U19/><E19/><V5/><F5/><W35/><G7/><T124/><D74/><U97/><E97/><V123/><F123/><W72/><G99/><T43/><D124/><U14/><E14/><V10/><F10/><W129/><G72/><T119/><D119/><U107/><E107/><V83/><F83/><AGARI ba="0,2" hai="25,30,33,45,48,51,54,55,56,61,62,83,86,88" machi="83" ten="30,5800,0" yaku="1,1,7,1,54,1,53,0" doraHai="106" doraHaiUra="18" who="1" fromWho="2" sc="279,0,365,78,217,-58,119,0" />
</Scene>
<Scene>
<INIT seed="5,1,0,4,1,108" ten="279,443,159,119" oya="1" hai0="83,64,67,69,1,75,82,74,8,96,111,70,119" hai1="102,15,62,54,65,50,66,118,80,31,39,79,26" hai2="30,38,27,76,9,127,37,51,114,0,20,91,94" hai3="129,25,61,71,12,35,86,4,89,93,55,32,6"/><U49/><E39/><V43/><F127/><W84/><G129/><T52/><D96/><U56/><E118/><V3/><F76/><W11/><G4/><T85/><D85/><U112/><E112/><V110/><F110/><W33/><G84/><T90/><D8/><U97/><E15/><V72/><F72/><W99/><G71/><T22/><D22/><U47/><E80/><V125/><F125/><W16/><G86/><T81/><D81/><U19/><E19/><V98/><F114/><W134/><G134/><T109/><D1/><U101/><E79/><V10/><F10/><W106/><G106/><T132/><D90/><U73/><E73/><V116/><F116/><W131/><G131/><T24/><D24/><U92/><E50/><V60/><F60/><W95/><G95/><T41/><D41/><U46/><E46/><V40/><F51/><W128/><G128/><T100/><D100/><U48/><E48/><V29/><F29/><W126/><G126/><T36/><D36/><U121/><E101/><V88/><F91/><W7/><REACH who="3" step="1"/><G25/><REACH who="3" ten="279,443,159,109" step="2"/><T103/><D111/><U28/><E26/><V123/><F27/><W124/><G124/><T113/><D109/><U105/><E105/><V17/><F94/><W133/><G133/><T59/><D132/><U135/><E135/><V45/><F98/><W57/><AGARI ba="1,1" hai="6,7,11,12,16,32,33,35,55,57,61,89,93,99" machi="57" ten="40,5200,0" yaku="1,1,0,1,54,1,53,0" doraHai="108" doraHaiUra="104" who="3" fromWho="3" sc="279,-14,443,-27,159,-14,109,65" />
</Scene>
<Scene>
<INIT seed="6,0,0,2,4,102" ten="265,416,145,174" oya="2" hai0="78,110,70,1,72,99,118,123,47,12,97,122,77" hai1="18,83,41,64,132,23,59,60,4,126,103,5,17" hai2="48,69,98,129,37,80,71,24,51,135,100,81,91" hai3="54,63,115,114,105,117,8,61,33,112,113,104,46"/><V55/><F37/><W38/><G117/><T9/><D1/><U67/><E126/><V101/><F135/><W26/><N who="3" m="28672" /><DORA hai="31" /><W90/><G8/><T44/><D110/><U34/><E34/><V30/><F129/><W13/><G13/><T35/><D70/><U85/><E132/><V133/><F133/><W66/><G90/><T53/><D12/><U131/><E131/><V107/><F101/><W10/><G10/><T130/><D9/><U79/><E41/><V120/><F120/><W20/><G33/><T0/><D0/><U125/><E125/><V95/><F51/><N who="3" m="29047" /><G38/><T11/><D11/><U128/><E128/><V92/><F81/><W27/><G27/><T94/><D35/><U121/><E121/><V106/><F80/><W25/><G25/><T62/><D130/><U43/><E23/><V52/><F55/><W111/><G111/><T96/><D53/><N who="1" m="33903" /><E43/><V75/><F75/><W86/><G86/><T15/><D72/><U40/><E40/><V74/><F74/><W19/><G63/><T119/><D62/><U36/><E36/><V22/><F95/><W6/><G6/><N who="1" m="2666" /><E103/><V73/><F73/><W56/><AGARI ba="0,0" hai="19,20,26,56,61,66,104,105" m="29047,28672" machi="56" ten="60,8000,1" yaku="15,1,11,1,52,2" doraHai="102,31" who="3" fromWho="3" sc="265,-20,416,-20,145,-40,174,80" />
</Scene>
<Scene>
<INIT seed="7,0,0,1,1,110" ten="245,396,105,254" oya="3" hai0="64,58,35,73,105,54,59,31,11,106,102,38,127" hai1="78,7,98,17,131,117,27,77,74,61,80,94,52" hai2="1,121,114,5,46,72,34,125,60,15,126,104,84" hai3="44,109,108,24,133,37,87,95,129,96,101,41,47"/><W62/><G129/><T93/><D38/><U0/><E131/><V118/><F84/><W112/><G133/><T10/><D73/><U124/><E78/><V120/><F60/><W26/><G112/><T56/><D127/><U82/><E82/><V43/><F15/><W21/><G47/><T123/><D123/><U66/><E124/><V97/><F46/><W69/><G26/><T55/><D64/><U99/><E117/><V75/><F43/><W100/><G100/><T32/><D93/><U2/><E52/><N who="0" m="20009" /><D31/><U128/><E128/><V90/><F5/><W51/><G87/><T9/><D102/><U14/><E27/><V107/><F1/><W89/><G37/><T86/><D86/><U119/><E119/><V4/><F4/><W115/><G115/><T18/><D18/><U36/><E36/><V85/><F85/><W53/><G101/><T50/><D50/><U71/><E7/><V22/><F22/><W135/><G135/><T30/><D30/><U23/><E99/><V88/><F34/><AGARI ba="0,0" hai="9,10,11,32,34,35,56,58,59,105,106" m="20009" machi="34" ten="40,5200,0" yaku="28,2,54,1" doraHai="110" who="0" fromWho="2" sc="245,52,396,0,105,-52,254,0" owari="297,10.0,396,50.0,53,-45.0,254,-15.0" />
</Scene>
</mjloggm>