<mjloggm ver="2.3"><GO type="169" lobby="0"/><UN n0="%E5%89%AF%E5%AF%AE%E9%95%B7" n1="%E5%A4%AA%E3%81%8F%E3%81%AA%E3%81%84%E3%81%8A" n2="%E3%81%99%E3%81%84%E3%81%8F%E3%82%8D" n3="%E3%81%B3%E3%82%8A%E3%81%B3%E3%82%8A%E2%98%86%E3%83%93%E3%83%AA%E3%83%BC" dan="16,18,16,16" rate="2069.99,2190.55,2080.27,2131.21" sx="M,M,M,M"/><TAIKYOKU oya="0"/>

<Scene>
<INIT seed="0,0,0,3,4,68" ten="250,250,250,250" oya="0" hai0="99,13,81,40,114,109,7,0,32,16,31,91,51" hai1="121,85,2,105,1,35,45,107,90,5,66,78,17" hai2="119,133,10,18,93,92,89,118,108,73,3,86,39" hai3="27,9,96,95,24,61,77,53,80,22,62,33,101"/><T44/><D114/><U21/><E35/><V71/><F73/><W132/><G132/><T100/><D109/><U43/><E78/><V112/><F71/><W70/><G33/><T106/><D0/><U82/><E66/><V124/><F108/><W134/><G134/><T74/><D7/><U98/><E121/><V122/><F133/><W41/><G41/><T110/><D110/><U48/><E5/><V56/><F112/><W102/><G102/><T64/><D64/><U42/><E42/><V26/><F3/><W76/><G76/><T128/><D128/><U14/><E107/><V115/><F115/><W104/><G104/><T54/><D32/><U72/><E72/><V60/><F122/><W37/><G37/><T63/><D31/><U11/><E21/><V25/><F10/><W130/><G9/><T47/><D63/><U129/><E129/><V79/><F60/><W87/><G130/><T12/><D12/><U36/><REACH who="1" step="1"/><E48/><REACH who="1" ten="250,240,250,250" step="2"/><V20/><F79/><W19/><G70/><T65/><D65/><U55/><E55/><V94/><F20/><N who="3" m="13343" /><G53/><T84/><D74/><U57/><E57/><V120/><F56/><W117/><G117/><T30/><D54/><U126/><E126/><V38/><F124/><W8/><G8/><T23/><D47/><U116/><E116/><V52/><F120/><W67/><G67/><T113/><D113/><U127/><E127/><V135/><F135/><W15/><G15/><T4/><D4/><U131/><E131/><V46/><F119/><W29/><AGARI ba="0,1" hai="22,27,29,61,62,77,80,87,95,96,101" m="13343" machi="29" ten="30,1100,0" yaku="8,1" doraHai="68" who="3" fromWho="3" sc="250,-5,240,-3,250,-3,250,21" />
</Scene>
<Scene>
<INIT seed="1,0,0,4,0,125" ten="245,237,247,271" oya="1" hai0="71,1,99,100,126,105,50,81,22,35,26,73,4" hai1="18,15,49,106,0,12,72,94,7,42,90,33,69" hai2="44,61,85,87,133,118,111,134,75,120,20,64,53" hai3="116,129,29,132,93,135,77,122,127,10,13,46,109"/><U104/><E72/><V79/><F75/><W124/><G122/><T37/><D37/><U123/><E123/><V97/><F120/><W60/><G109/><T92/><D126/><N who="3" m="48169" /><G77/><T58/><D71/><U21/><E69/><V14/><F79/><W103/><G116/><T70/><D70/><U121/><E33/><V6/><F111/><W76/><G76/><T78/><D35/><U66/><E0/><V30/><F87/><W131/><G60/><T117/><D117/><U102/><E66/><V11/><F85/><W40/><G29/><T101/><D1/><U113/><E113/><V68/><F30/><W115/><G93/><T48/><D4/><U56/><E102/><V28/><F28/><W9/><G103/><T41/><D41/><U16/><E7/><V84/><F6/><N who="3" m="3255" /><G10/><T112/><D112/><U23/><E121/><V8/><F8/><W88/><G88/><T36/><D36/><U119/><E119/><V63/><F11/><W98/><G98/><T31/><D105/><U45/><REACH who="1" step="1"/><E56/><REACH who="1" ten="245,227,247,271" step="2"/><V108/><F118/><W52/><G115/><T128/><D101/><U96/><AGARI ba="0,1" hai="12,15,16,18,21,23,42,45,49,90,94,96,104,106" machi="96" ten="20,18000,2" yaku="1,1,2,1,0,1,7,1,9,1,54,1,53,0" doraHai="125" doraHaiUra="24" who="1" fromWho="1" sc="245,-60,227,190,247,-60,271,-60" />
</Scene>
<Scene>
<INIT seed="1,1,0,0,5,119" ten="185,417,187,211" oya="1" hai0="100,108,53,66,7,24,19,62,67,13,90,17,68" hai1="87,32,43,83,128,92,25,11,36,51,20,85,102" hai2="41,116,31,48,95,82,37,2,86,9,124,44,101" hai3="42,81,76,0,97,75,65,33,16,38,105,1,113"/><U55/><E32/><V34/><F34/><W98/><G113/><T5/><D108/><U71/><E71/><V21/><F116/><W60/><G33/><T134/><D134/><U84/><E36/><V52/><F124/><W3/><G105/><T54/><D67/><U89/><E128/><V64/><F64/><W132/><G132/><T91/><D5/><U123/><E123/><V103/><BYE who="1" /><F95/><W73/><G73/><T117/><D117/><U45/><E45/><V127/><F9/><W80/><G80/><T12/><D7/><U78/><E78/><V15/><F2/><W96/><G42/><T57/><D100/><U8/><E8/><V63/><F63/><UN n1="%E5%A4%AA%E3%81%8F%E3%81%AA%E3%81%84%E3%81%8A" /><W111/><G38/><T133/><D133/><U120/><E43/><V26/><F15/><W69/><G111/><T112/><D112/><U50/><E11/><V107/><F107/><W40/><G40/><T29/><D29/><U74/><E74/><V129/><F127/><W18/><AGARI ba="1,0" hai="0,1,3,16,18,60,65,69,75,76,81,96,97,98" machi="18" ten="40,2700,0" yaku="0,1,54,1" doraHai="119" who="3" fromWho="3" sc="185,-8,417,-14,187,-8,211,30" />
</Scene>
<Scene>
<INIT seed="2,0,0,2,2,107" ten="177,403,179,241" oya="2" hai0="97,3,81,59,71,13,60,46,17,24,0,86,133" hai1="99,92,91,49,128,16,20,98,83,21,14,66,124" hai2="50,104,44,102,73,118,125,110,105,56,53,58,52" hai3="119,115,45,57,108,64,90,15,5,54,48,34,89"/><V8/><F118/><W12/><G119/><T68/><D133/><U7/><E128/><V47/><F125/><W72/><G34/><T37/><D71/><U38/><E38/><V10/><F102/><W80/><G108/><T42/><D68/><U6/><E124/><V116/><F116/><W95/><G115/><T69/><D69/><U134/><E134/><V112/><F50/><W111/><G111/><T55/><D97/><U75/><E66/><V28/><F28/><W74/><G15/><T113/><D113/><U88/><E49/><V32/><F32/><W70/><G70/><T94/><D94/><N who="1" m="56647" /><E75/><V85/><F85/><W65/><G65/><T130/><D130/><U27/><E83/><V100/><F100/><W123/><G123/><T120/><D120/><U39/><E39/><V29/><F29/><AGARI ba="0,0" hai="6,7,14,16,20,21,27,29,91,92,99" m="56647" machi="29" ten="30,3900,0" yaku="8,1,54,2" doraHai="107" who="1" fromWho="2" sc="177,0,403,39,179,-39,241,0" />
</Scene>
<Scene>
<INIT seed="3,0,0,5,5,114" ten="177,442,140,241" oya="3" hai0="12,116,80,106,65,67,56,125,28,115,32,59,111" hai1="81,71,74,2,128,37,77,130,93,89,42,84,7" hai2="66,45,22,40,13,126,123,25,9,85,30,101,97" hai3="47,105,34,99,72,16,55,17,122,94,108,50,75"/><W46/><G122/><T90/><D106/><U63/><E71/><V4/><F123/><W54/><G105/><T70/><D32/><U5/><E63/><V112/><F112/><W31/><G108/><T103/><D28/><U119/><E119/><V23/><F126/><W73/><G31/><T131/><D103/><U62/><E62/><V87/><F66/><W3/><G3/><T60/><D115/><U78/><E78/><V52/><F23/><W102/><REACH who="3" step="1"/><G34/><REACH who="3" ten="177,442,140,231" step="2"/><T64/><D111/><U38/><E2/><V88/><F30/><W24/><G24/><T98/><D125/><U11/><E130/><V58/><F25/><W48/><AGARI ba="0,1" hai="16,17,46,47,48,50,54,55,72,73,75,94,99,102" machi="48" ten="40,12000,1" yaku="1,1,0,1,9,1,54,1,53,0" doraHai="114" doraHaiUra="29" who="3" fromWho="3" sc="177,-40,442,-40,140,-40,231,130" />
</Scene>
<Scene>
<INIT seed="3,1,0,4,1,65" ten="137,402,100,361" oya="3" hai0="55,12,66,62,4,77,16,128,132,44,1,100,127" hai1="103,80,22,87,131,6,8,14,39,27,78,46,126" hai2="101,82,121,18,85,68,102,24,57,67,40,71,35" hai3="10,2,34,45,70,64,84,61,88,0,134,3,79"/><W51/><G34/><T13/><D127/><U124/><E131/><V99/><F40/><W96/><G79/><T114/><D128/><U69/><E103/><V125/><F102/><W107/><G96/><T129/><D129/><U110/><E110/><V28/><F125/><N who="1" m="48233" /><E69/><V19/><F121/><W118/><G118/><T42/><D114/><U11/><E11/><V123/><F123/><W26/><G26/><T23/><D132/><U63/><E63/><V53/><F67/><W119/><G119/><T120/><D120/><U41/><E27/><V117/><F18/><W112/><G112/><T135/><D135/><U108/><E108/><V52/><F19/><W56/><G134/><T86/><D100/><U48/><E22/><V95/><F117/><W15/><G107/><T37/><D55/><U47/><E47/><V25/><F25/><W49/><G56/><T38/><D38/><AGARI ba="1,0" hai="6,8,14,38,39,41,46,48,78,80,87" m="48233" machi="38" ten="30,2000,0" yaku="25,1,18,1" doraHai="65" who="1" fromWho="0" sc="137,-23,402,23,100,0,361,0" />
</Scene>
<Scene>
<INIT seed="4,0,0,4,2,10" ten="114,425,100,361" oya="0" hai0="62,26,85,17,110,105,112,60,1,38,34,117,74" hai1="63,50,15,68,69,132,134,5,128,4,82,106,96" hai2="29,84,33,91,114,28,116,24,79,129,109,119,130" hai3="54,52,61,118,124,36,100,89,13,81,27,53,59"/><T77/><D62/><U6/><E128/><N who="2" m="49259" /><F79/><W51/><G118/><N who="2" m="45097" /><F109/><W78/><G124/><T9/><D17/><U56/><E50/><V43/><F43/><W133/><G133/><N who="1" m="51306" /><E82/><N who="2" m="49559" /><F29/><W88/><G36/><T113/><D85/><U41/><E41/><V11/><F11/><W120/><G120/><T135/><D77/><U108/><E108/><V103/><F103/><W122/><G100/><T23/><D74/><U126/><E126/><V75/><F75/><W111/><G122/><T67/><D117/><U104/><E96/><V55/><F55/><N who="3" m="21067" /><G111/><T83/><D110/><U8/><E106/><V87/><F87/><N who="3" m="48567" /><G27/><T42/><D26/><U25/><E104/><V45/><F45/><N who="3" m="28015" /><G13/><T49/><D105/><U0/><E25/><V115/><AGARI ba="0,0" hai="24,28,33,114,115" m="49559,45097,49259" machi="115" ten="40,2700,0" yaku="19,1,12,1" doraHai="10" who="2" fromWho="2" sc="114,-13,425,-7,100,27,361,-7" />
</Scene>
<Scene>
<INIT seed="5,0,0,1,1,19" ten="101,418,127,354" oya="1" hai0="118,49,94,76,80,23,98,116,30,74,73,4,125" hai1="71,20,105,58,101,103,14,41,28,79,88,55,121" hai2="60,78,133,92,83,128,111,112,95,37,56,127,38" hai3="131,36,2,107,24,91,75,104,39,35,87,32,86"/><U51/><E121/><V64/><F111/><W135/><G2/><T84/><D125/><U47/><E71/><V70/><F127/><W65/><G75/><T132/><D132/><U44/><E79/><V33/><F33/><W102/><G65/><T69/><D69/><U119/><E119/><V110/><F133/><W17/><G135/><T18/><D118/><U123/><E123/><V72/><F95/><W77/><G77/><T16/><D116/><U82/><E105/><V134/><F134/><W1/><G1/><T129/><D129/><U10/><E28/><V43/><F128/><W12/><G131/><T97/><D74/><U7/><E20/><V85/><F43/><W109/><G109/><T67/><D73/><U25/><E25/><V11/><F11/><W22/><G35/><T31/><D18/><U114/><E114/><V29/><F29/><N who="0" m="10762" /><D4/><U120/><E120/><V66/><F37/><W57/><G32/><T45/><D67/><U0/><E0/><V81/><F38/><W13/><G107/><T21/><D94/><U93/><E82/><V130/><F92/><W99/><G39/><T48/><D48/><N who="1" m="31079" /><E47/><V108/><F130/><W34/><G36/><T113/><D113/><U68/><E68/><V62/><F112/><W106/><G34/><T126/><D126/><U100/><E100/><V54/><F66/><W117/><G106/><T52/><D23/><U61/><E61/><V122/><F122/><W46/><G117/><T96/><D96/><AGARI ba="0,0" hai="7,10,14,41,44,51,88,93,96,101,103" m="31079" machi="96" ten="30,2900,0" yaku="8,1,54,1" doraHai="19" who="1" fromWho="0" sc="101,-29,418,29,127,0,354,0" />
</Scene>
<Scene>
<INIT seed="5,1,0,4,0,55" ten="72,447,127,354" oya="1" hai0="33,37,84,61,66,122,23,118,18,74,67,86,116" hai1="21,106,43,65,53,92,50,10,27,72,130,0,30" hai2="80,132,114,98,28,13,94,117,76,31,105,85,7" hai3="46,42,36,102,2,14,119,39,108,121,11,3,62"/><U40/><E106/><V90/><F117/><W12/><G108/><T129/><D33/><U15/><E72/><V101/><F132/><W123/><G119/><T24/><D74/><U73/><E0/><V95/><F114/><W32/><G32/><T82/><D118/><U75/><E130/><V26/><F105/><W49/><G102/><T52/><D116/><U68/><E75/><V110/><F110/><W88/><G14/><T126/><D37/><U56/><E73/><V70/><F70/><W44/><G39/><T78/><D129/><U131/><E131/><V125/><F125/><W115/><G115/><T9/><D126/><U22/><E68/><V38/><F38/><W8/><G8/><T29/><D86/><U25/><E65/><V17/><F26/><W128/><G128/><T99/><D99/><U35/><E92/><V34/><F7/><W93/><G62/><T112/><D112/><U16/><E35/><V71/><F71/><W113/><G113/><T89/><D78/><U83/><E83/><V104/><F34/><W91/><G91/><T77/><D77/><U6/><AGARI ba="1,0" hai="6,10,15,16,21,22,25,27,30,40,43,50,53,56" machi="6" ten="20,12000,1" yaku="0,1,7,1,8,1,52,1,54,1" doraHai="55" who="1" fromWho="1" sc="72,-41,447,123,127,-41,354,-41" />
</Scene>
<Scene>
<INIT seed="5,2,0,5,2,26" ten="31,570,86,313" oya="1" hai0="33,92,30,23,96,125,108,63,130,88,120,85,28" hai1="47,107,115,134,93,105,3,109,36,91,31,89,113" hai2="11,2,7,21,56,27,71,5,83,126,87,122,45" hai3="41,110,128,25,4,70,77,52,65,37,43,118,53"/><U99/><E3/><V76/><F71/><W1/><G110/><T84/><D33/><U17/><E109/><V129/><F122/><W55/><G128/><T82/><D108/><U114/><E134/><V18/><F129/><W68/><G118/><T62/><D130/><U135/><E135/><V75/><F126/><W104/><G104/><T100/><D125/><U101/><E17/><V35/><F7/><W19/><G77/><N who="0" m="46159" /><D120/><U14/><E14/><V10/><F10/><W64/><G4/><T67/><D23/><U102/><E36/><V39/><F56/><W86/><G86/><T40/><D40/><N who="3" m="15433" /><G1/><T44/><D44/><U9/><E47/><V29/><F45/><W72/><G25/><T131/><D131/><U103/><E105/><V42/><F42/><W13/><G72/><T119/><D119/><U12/><E107/><V57/><F57/><W50/><G13/><T16/><D16/><N who="1" m="8207" /><E89/><V117/><F117/><W106/><G106/><T48/><D48/><U73/><E73/><V60/><F75/><W90/><G90/><T20/><D20/><U51/><E51/><V61/><F39/><W133/><G19/><T112/><D112/><U15/><E15/><AGARI ba="2,0" hai="2,5,11,15,18,21,27,29,35,60,61,76,83,87" machi="15" ten="30,7700,0" yaku="7,1,24,2,52,1" doraHai="26" who="2" fromWho="1" sc="31,0,570,-83,86,83,313,0" />
</Scene>
<Scene>
<INIT seed="6,0,0,4,2,63" ten="31,487,169,313" oya="2" hai0="8,62,84,76,97,5,125,47,105,130,108,2,40" hai1="132,41,79,86,71,126,118,0,122,135,29,64,58" hai2="33,78,75,28,103,9,70,24,35,45,115,123,90" hai3="107,131,16,134,83,12,96,30,111,119,11,81,101"/><V38/><F75/><W77/><G111/><T98/><D125/><U43/><E71/><V88/><F78/><W65/><G119/><T20/><D130/><U60/><E118/><V80/><F35/><W82/><G131/><T73/><D108/><U34/><E0/><V37/><F70/><W3/><G3/><T52/><D20/><U19/><E126/><V89/><F123/><W4/><G134/><N who="1" m="51242" /><E122/><V117/><F117/><W48/><G30/><T54/><D73/><U100/><E100/><V13/><F80/><W104/><G104/><T7/><D7/><U26/><E19/><V59/><F103/><W67/><G77/><T95/><D105/><U25/><E25/><V129/><F129/><W46/><REACH who="3" step="1"/><G4/><REACH who="3" ten="31,487,169,303" step="2"/><T55/><D76/><U69/><E79/><V10/><F28/><W18/><G18/><T113/><D113/><U53/><E29/><V133/><F115/><W32/><G32/><T44/><D62/><U102/><E60/><V124/><F133/><W15/><G15/><T39/><REACH who="0" step="1"/><D44/><REACH who="0" ten="21,487,169,303" step="2"/><U57/><E34/><V116/><F45/><W66/><G66/><T74/><D74/><U61/><E64/><V22/><F33/><W42/><AGARI ba="0,2" hai="11,12,16,42,46,48,65,67,81,82,83,96,101,107" machi="42" ten="30,12000,2" yaku="1,1,0,1,52,2,54,1,53,1" doraHai="63" doraHaiUra="36" who="3" fromWho="3" sc="21,-30,487,-30,169,-60,303,140" owari="-9,-51.0,457,56.0,109,-29.0,443,24.0" />
</Scene>
</mjloggm>