<mjloggm ver="2.3"><GO type="169" lobby="0"/><UN n0="%70%70%61%61%6F%6F" n1="%E5%A4%AA%E3%81%8F%E3%81%AA%E3%81%84%E3%81%8A" n2="%E3%83%98%E3%82%AF%E3%82%B5%E3%83%BC" n3="%41%74%5F%53%75%73%68%69" dan="16,17,19,16" rate="2083.66,2153.75,2336.19,2048.09" sx="M,M,M,M"/><TAIKYOKU oya="0"/>

<Scene>
<INIT seed="0,0,0,2,0,64" ten="250,250,250,250" oya="0" hai0="108,100,65,115,91,122,4,43,2,28,105,71,42" hai1="52,107,99,57,134,14,5,48,3,82,24,75,118" hai2="94,1,111,33,22,78,96,113,123,80,56,60,109" hai3="125,50,53,131,7,117,36,59,124,11,19,62,47"/><T16/><D115/><U25/><E3/><V126/><F33/><W31/><G117/><T15/><D122/><U68/><E118/><V39/><F123/><W77/><G31/><T81/><D28/><U23/><E134/><V21/><F1/><W55/><G131/><T0/><D108/><N who="2" m="41546" /><F39/><W74/><G19/><T13/><D105/><U104/><E68/><V61/><F113/><W102/><G102/><T85/><D100/><U103/><E104/><V76/><F126/><N who="3" m="48747" /><G36/><T127/><D127/><U54/><E54/><N who="2" m="33815" /><F61/><W18/><G18/><T95/><D65/><U38/><E38/><V46/><F46/><W98/><G98/><T88/><D71/><U129/><E129/><V87/><F76/><W66/><G55/><T32/><D32/><U35/><E35/><V73/><F73/><W90/><G90/><AGARI ba="0,0" hai="21,22,78,80,87,90,94,96" m="33815,41546" machi="90" ten="30,1000,0" yaku="14,1" doraHai="64" who="2" fromWho="3" sc="250,0,250,0,250,10,250,-10" />
</Scene>
<Scene>
<INIT seed="1,0,0,0,1,24" ten="250,250,260,240" oya="1" hai0="49,92,82,60,106,68,61,3,89,17,95,12,110" hai1="131,6,80,20,65,105,64,77,48,93,101,122,119" hai2="70,78,76,2,125,127,34,41,52,63,58,15,123" hai3="72,97,57,90,29,16,51,130,107,66,108,115,100"/><U75/><E119/><V124/><F2/><W30/><G115/><T79/><D106/><U129/><E122/><V120/><F34/><W53/><G108/><T9/><D110/><U73/><E105/><V135/><F135/><W56/><G130/><N who="1" m="49674" /><E73/><V38/><F15/><W67/><G72/><T116/><D116/><U59/><E6/><V50/><F76/><W126/><G126/><T46/><D3/><U71/><E71/><V14/><F14/><W4/><G4/><T86/><D68/><U5/><E5/><V111/><F78/><W31/><G90/><T42/><REACH who="0" step="1"/><D95/><REACH who="0" ten="240,250,260,240" step="2"/><U44/><E93/><V114/><F111/><W94/><G107/><T22/><D22/><U117/><E20/><V8/><F8/><W25/><G57/><T91/><D91/><U88/><E59/><V113/><F38/><W23/><AGARI ba="0,1" hai="16,23,25,29,30,31,51,53,56,66,67,94,97,100" machi="23" ten="30,12000,2" yaku="0,1,8,1,52,3,54,1" doraHai="24" who="3" fromWho="3" sc="240,-30,250,-60,260,-30,240,130" />
</Scene>
<Scene>
<INIT seed="2,0,0,2,3,14" ten="210,190,230,370" oya="2" hai0="57,62,77,128,113,73,36,110,86,63,111,102,11" hai1="131,135,103,43,120,119,3,124,17,48,4,123,5" hai2="44,55,40,96,23,35,95,45,49,87,19,90,8" hai3="41,72,53,127,59,31,125,89,68,7,67,105,85"/><V10/><F35/><W70/><G105/><T42/><D113/><U117/><E103/><V91/><F45/><W46/><G72/><T9/><D73/><U97/><E97/><V75/><F75/><W16/><G7/><N who="1" m="2634" /><E48/><V64/><F64/><W130/><G31/><T132/><D132/><U13/><E43/><V6/><F40/><W82/><G130/><T37/><D128/><U121/><E131/><V29/><F29/><W51/><G16/><T76/><D102/><U39/><E39/><V12/><REACH who="2" step="1"/><F6/><REACH who="2" ten="210,190,220,370" step="2"/><W21/><G67/><T1/><D42/><U79/><E121/><V98/><F98/><W114/><G114/><T69/><D86/><U71/><E123/><V54/><F54/><W81/><G41/><T83/><D57/><U22/><E120/><V118/><F118/><W30/><G46/><T56/><D56/><U58/><E58/><V27/><F27/><W20/><G30/><T101/><D69/><U18/><E71/><V66/><F66/><W94/><G68/><T47/><D47/><U33/><E33/><V25/><F25/><W92/><G70/><T107/><D37/><U126/><E119/><V15/><F15/><W122/><G122/><T28/><D36/><U106/><E117/><V104/><F104/><W134/><G134/><T116/><D28/><U80/><E106/><V32/><F32/><W34/><G34/><T2/><D107/><U0/><E135/><V60/><F60/><W108/><G53/><T61/><D61/><U88/><E13/><V52/><F52/><W115/><G59/><T112/><D116/><U84/><E84/><RYUUKYOKU ba="0,1" sc="210,-10,190,-10,220,30,370,-10" hai2="8,10,12,19,23,44,49,55,87,90,91,95,96" />
</Scene>
<Scene>
<INIT seed="2,1,1,3,4,120" ten="200,180,250,360" oya="2" hai0="71,26,50,81,37,47,28,95,35,42,61,24,55" hai1="10,32,65,84,17,34,73,89,12,9,102,101,25" hai2="111,1,44,7,30,58,76,106,18,31,105,115,40" hai3="38,48,135,63,88,128,52,56,122,123,99,0,64"/><V125/><F115/><W75/><G0/><T131/><D131/><U80/><E65/><V97/><F125/><W90/><G128/><T110/><D95/><U104/><E104/><V85/><F18/><W127/><G127/><T124/><D124/><U51/><E73/><V15/><F1/><W114/><G114/><T94/><D94/><U21/><E34/><V49/><F58/><W33/><G135/><T86/><D24/><U29/><E32/><V13/><F13/><W70/><G75/><T83/><D110/><U36/><E36/><V103/><F106/><W117/><G117/><T11/><D11/><U87/><E10/><N who="2" m="4575" /><F111/><W4/><G33/><T113/><D113/><U91/><REACH who="1" step="1"/><E51/><REACH who="1" ten="200,170,250,360" step="2"/><V107/><F105/><W2/><G38/><T67/><REACH who="0" step="1"/><D86/><REACH who="0" ten="190,170,250,360" step="2"/><U62/><E62/><V69/><F85/><W126/><G126/><T100/><D100/><U116/><E116/><V43/><F103/><W3/><G122/><T60/><D60/><U20/><E20/><V6/><F107/><W14/><G123/><T54/><D54/><U19/><E19/><V129/><F129/><W133/><G133/><T46/><AGARI ba="1,3" hai="26,28,35,37,42,46,47,50,55,61,67,71,81,83" machi="46" ten="20,2700,0" yaku="1,1,0,1,7,1,53,0" doraHai="120" doraHaiUra="130" who="0" fromWho="0" sc="190,60,170,-8,250,-14,360,-8" />
</Scene>
<Scene>
<INIT seed="3,0,0,1,2,13" ten="250,162,236,352" oya="3" hai0="34,93,69,9,44,129,70,81,43,59,28,132,76" hai1="20,123,48,53,38,92,49,124,4,47,83,105,58" hai2="64,80,1,118,17,134,3,77,25,32,14,74,56" hai3="46,106,90,10,111,122,115,112,102,108,86,36,109"/><W51/><G36/><T73/><D129/><U94/><E123/><V113/><F113/><N who="3" m="43595" /><G122/><T63/><D132/><U0/><E105/><V60/><F118/><W57/><G10/><T8/><D8/><U15/><E38/><V31/><REACH who="2" step="1"/><F134/><REACH who="2" ten="250,162,226,352" step="2"/><W116/><G116/><T18/><D70/><U39/><E124/><V22/><AGARI ba="0,1" hai="1,3,14,17,22,25,31,32,56,60,64,74,77,80" machi="22" ten="20,8000,1" yaku="1,1,2,1,0,1,7,1,52,1,53,0" doraHai="13" doraHaiUra="114" who="2" fromWho="2" sc="250,-20,162,-20,226,90,352,-40" />
</Scene>
<Scene>
<INIT seed="4,0,0,0,1,116" ten="230,142,316,312" oya="0" hai0="31,52,125,5,109,69,35,105,70,2,41,78,6" hai1="112,71,95,26,28,47,120,24,91,126,89,40,107" hai2="18,59,17,61,50,67,133,80,97,39,81,43,119" hai3="100,106,90,84,83,57,128,0,102,129,12,123,21"/><T98/><D125/><U56/><E71/><V113/><F113/><W33/><G33/><T23/><D35/><U130/><E107/><V94/><F133/><W36/><G0/><T44/><D78/><U104/><E104/><V19/><F39/><W20/><G36/><T101/><D109/><U4/><E126/><V85/><F119/><W110/><G110/><T16/><D31/><U53/><E130/><N who="3" m="50282" /><G123/><T63/><D2/><U115/><E4/><V73/><F73/><W10/><G57/><T87/><D87/><U30/><E30/><V22/><F22/><N who="3" m="8811" /><G106/><T11/><D11/><U62/><E28/><V93/><F97/><W13/><G13/><T79/><D79/><U7/><E7/><AGARI ba="0,0" hai="7,10,12,83,84,90,100,102" m="8811,50282" machi="7" ten="30,1000,0" yaku="19,1" doraHai="116" who="3" fromWho="1" sc="230,0,142,-10,316,0,312,10" />
</Scene>
<Scene>
<INIT seed="5,0,0,0,4,76" ten="230,132,316,322" oya="1" hai0="109,53,41,125,100,131,63,48,21,8,86,120,16" hai1="114,127,57,37,28,36,26,102,99,2,4,55,29" hai2="64,15,9,112,85,35,11,116,83,43,79,119,134" hai3="97,128,20,50,84,30,24,69,46,70,115,23,117"/><U52/><E114/><V91/><F35/><W124/><G115/><T82/><D109/><U87/><E127/><V126/><F112/><W66/><G124/><T17/><D125/><U40/><E4/><V10/><F134/><W73/><G73/><T90/><D131/><U121/><E2/><V130/><F126/><W1/><G128/><T38/><D120/><U51/><E121/><V6/><F130/><W108/><G108/><T78/><D100/><U32/><E40/><V105/><F105/><W98/><G1/><T104/><D104/><U61/><E29/><V107/><F107/><W122/><G122/><T27/><D38/><U129/><E129/><V56/><F43/><W54/><G117/><T0/><D63/><U74/><E74/><V80/><F116/><W33/><G84/><N who="0" m="48215" /><D0/><U106/><REACH who="1" step="1"/><E87/><REACH who="1" ten="230,122,316,322" step="2"/><N who="2" m="48543" /><F119/><W31/><G31/><T13/><D41/><U68/><E68/><V67/><F67/><W39/><G69/><T118/><D118/><U25/><E25/><V71/><F71/><W12/><G70/><T111/><D111/><U22/><E22/><V77/><F6/><W3/><G3/><T72/><D72/><U59/><AGARI ba="0,1" hai="26,28,32,36,37,51,52,55,57,59,61,99,102,106" machi="59" ten="20,7800,0" yaku="1,1,0,1,7,1,54,1,53,0" doraHai="76" doraHaiUra="132" who="1" fromWho="1" sc="230,-26,122,88,316,-26,322,-26" />
</Scene>
<Scene>
<INIT seed="5,1,0,0,5,104" ten="204,210,290,296" oya="1" hai0="26,81,97,33,133,54,131,75,89,86,106,102,34" hai1="57,122,43,0,4,1,10,128,51,39,120,112,8" hai2="105,109,99,132,93,68,101,117,135,121,113,27,82" hai3="129,65,22,46,35,11,58,24,53,118,85,110,15"/><U96/><E112/><V119/><F68/><W70/><G110/><T78/><D133/><N who="2" m="51274" /><F27/><W37/><G35/><T80/><D131/><U124/><E128/><V100/><F109/><W44/><G129/><T17/><REACH who="0" step="1"/><D54/><REACH who="0" ten="194,210,290,296" step="2"/><U30/><E122/><V72/><F121/><W32/><G58/><T63/><D63/><U59/><E120/><V42/><F113/><W77/><G53/><T64/><D64/><U7/><E59/><V111/><F111/><W90/><G65/><T21/><AGARI ba="1,1" hai="17,21,26,33,34,75,78,80,81,86,89,97,102,106" machi="21" ten="30,7900,0" yaku="1,1,0,1,52,1,53,1" doraHai="104" doraHaiUra="94" who="0" fromWho="0" sc="194,92,210,-40,290,-21,296,-21" />
</Scene>
<Scene>
<INIT seed="6,0,0,0,4,84" ten="286,170,269,275" oya="2" hai0="11,73,18,79,39,94,68,88,78,85,45,43,113" hai1="8,67,119,48,122,89,104,103,37,80,30,105,69" hai2="46,42,65,55,54,50,77,9,25,16,47,2,114" hai3="36,20,116,41,35,26,129,24,132,121,13,118,128"/><V74/><F114/><W72/><G72/><T87/><D113/><U117/><E37/><V63/><F2/><W0/><G121/><T66/><D73/><U126/><E122/><V21/><F9/><W12/><G132/><T49/><D39/><U106/><E126/><V91/><F74/><W102/><G102/><T7/><D18/><U97/><E30/><V130/><F77/><W23/><G41/><T93/><D66/><U5/><E48/><V29/><F130/><N who="3" m="50283" /><G36/><T53/><D43/><U98/><E67/><V60/><F29/><N who="3" m="19895" /><G0/><T90/><D68/><U59/><E59/><V34/><F34/><W61/><G61/><N who="2" m="23625" /><F65/><W3/><G3/><AGARI ba="0,0" hai="3,7,11,45,49,53,78,79,85,87,88,90,93,94" machi="3" ten="30,8000,1" yaku="7,1,9,1,52,2,54,1" doraHai="84" who="0" fromWho="3" sc="286,80,170,0,269,0,275,-80" />
</Scene>
<Scene>
<INIT seed="7,0,0,1,3,51" ten="366,170,269,195" oya="3" hai0="13,9,7,90,113,122,102,117,133,18,2,85,68" hai1="65,120,105,109,55,47,69,132,125,63,0,49,23" hai2="48,89,97,115,73,54,28,92,110,124,3,84,46" hai3="74,45,130,88,25,5,6,14,93,56,36,33,24"/><W127/><G74/><T53/><D117/><U134/><E105/><V30/><F73/><W32/><G127/><T126/><D122/><U131/><E0/><V96/><F110/><W10/><G130/><T72/><D72/><U71/><E109/><V98/><F3/><W20/><G5/><T4/><D68/><N who="1" m="26187" /><E23/><V111/><F111/><W121/><G121/><T34/><D113/><U112/><E120/><V61/><F115/><W83/><G83/><T101/><D133/><N who="1" m="51307" /><E112/><V114/><F124/><W1/><G1/><T76/><D76/><U86/><E86/><V94/><F114/><W100/><G100/><T15/><D34/><U70/><E125/><V99/><F61/><W43/><G56/><T38/><D38/><U60/><E60/><V39/><F39/><W37/><G37/><T87/><D87/><U78/><E78/><V108/><F108/><W75/><G75/><T22/><D126/><U19/><E19/><V81/><F94/><W107/><G107/><T44/><D7/><U79/><E79/><AGARI ba="0,0" hai="28,30,46,48,54,79,81,84,89,92,96,97,98,99" machi="79" ten="40,2600,0" yaku="8,1,52,1" doraHai="51" who="2" fromWho="1" sc="366,0,170,-26,269,26,195,0" owari="366,46.0,144,-36.0,295,10.0,195,-20.0" />
</Scene>
</mjloggm>