<mjloggm ver="2.3"><GO type="169" lobby="0"/><UN n0="%E7%94%9F%E8%82%89%E3%81%A7%E3%81%99%E3%82%88" n1="%E5%A4%AA%E3%81%8F%E3%81%AA%E3%81%84%E3%81%8A" n2="%6D%61%73%61%73%69%6F" n3="%E3%81%82%E3%81%B2%E3%82%8B%E3%81%95%E3%82%93" dan="16,17,16,17" rate="2096.26,2146.12,2162.90,2062.73" sx="M,M,M,M"/><TAIKYOKU oya="0"/>

<Scene>
<INIT seed="0,0,0,4,2,118" ten="250,250,250,250" oya="0" hai0="41,97,111,16,35,105,93,110,80,28,128,40,55" hai1="13,126,112,129,42,79,85,78,114,52,45,63,4" hai2="22,75,10,77,33,90,15,58,11,125,67,24,65" hai3="64,19,106,86,49,108,61,0,107,102,39,120,27"/><T66/><D128/><U109/><E129/><V103/><F33/><W98/><G39/><T69/><D80/><U71/><E109/><N who="0" m="41481" /><D105/><U91/><E126/><V104/><F125/><W62/><G0/><T131/><D131/><U87/><E4/><V31/><F90/><W83/><G108/><T14/><D35/><U119/><E13/><V47/><F47/><W115/><G115/><N who="1" m="44074" /><E119/><V17/><F103/><W29/><G107/><T121/><D28/><U30/><E30/><V54/><F104/><W130/><G130/><T59/><D66/><N who="1" m="41439" /><E52/><V70/><F70/><W53/><G64/><T44/><D69/><U5/><E5/><V46/><F77/><N who="1" m="29193" /><E91/><V99/><F75/><W124/><G124/><T94/><D44/><U81/><E81/><V133/><F46/><W25/><G19/><T72/><D72/><U20/><E20/><V36/><F22/><W101/><G101/><N who="0" m="60591" /><D94/><U76/><N who="1" m="29201" /><U132/><DORA hai="96" /><E132/><V32/><F133/><W43/><G43/><T68/><D68/><U113/><N who="1" m="44082" /><U84/><DORA hai="60" /><E84/><V7/><F32/><W3/><G86/><T56/><D56/><U134/><E134/><V74/><F58/><W2/><G62/><N who="0" m="36223" /><D121/><U51/><AGARI ba="0,0" hai="42,45,51,85,87" m="29201,41439,44082" machi="51" ten="50,3200,0" yaku="11,1,52,1" doraHai="118,96,60" who="1" fromWho="1" sc="250,-16,250,32,250,-8,250,-8" />
</Scene>
<Scene>
<INIT seed="1,0,0,5,3,5" ten="234,282,242,242" oya="1" hai0="48,124,101,135,69,10,57,122,6,94,34,91,115" hai1="45,73,9,111,116,129,131,93,95,82,66,24,2" hai2="126,7,15,113,32,114,49,74,105,36,125,18,23" hai3="75,72,14,59,53,81,98,110,30,40,27,120,25"/><U56/><E116/><V97/><F36/><W20/><G120/><T65/><D69/><U117/><E117/><V26/><F74/><W121/><G121/><T108/><D115/><N who="2" m="44042" /><F49/><W47/><G110/><T77/><D34/><U104/><E104/><V54/><F54/><W29/><G98/><T112/><D77/><N who="1" m="44335" /><E111/><V106/><F97/><W64/><G64/><T55/><D108/><U8/><E2/><V33/><F105/><W63/><G81/><T28/><D112/><U0/><E0/><V60/><F60/><W44/><G44/><T99/><D122/><U132/><E45/><V71/><F106/><W88/><G88/><T123/><D123/><U39/><E39/><V134/><F71/><W86/><G86/><T80/><D28/><U100/><E100/><V84/><F84/><W107/><G107/><T31/><D31/><U67/><E67/><V16/><F134/><W58/><G58/><T109/><D135/><U70/><E70/><V78/><F78/><W13/><G75/><T51/><D109/><U35/><E132/><V4/><F32/><W133/><G72/><T42/><D65/><U19/><E66/><V17/><F33/><W103/><G103/><T43/><D101/><U130/><E56/><V50/><F50/><W119/><G119/><T118/><D118/><U83/><E83/><V46/><F46/><W68/><G68/><T127/><D80/><U21/><E35/><V62/><F62/><W128/><G133/><T3/><D48/><U1/><E1/><V61/><F61/><W76/><G63/><T79/><D79/><U37/><E37/><RYUUKYOKU ba="0,0" sc="234,15,282,15,242,-15,242,-15" hai0="3,6,10,42,43,51,55,57,91,94,99,124,127" hai1="8,9,19,21,24,93,95,129,130,131" />
</Scene>
<Scene>
<INIT seed="1,1,0,3,4,60" ten="249,297,227,227" oya="1" hai0="67,125,96,80,13,7,5,59,98,56,39,29,3" hai1="44,94,45,104,50,132,84,105,17,113,31,70,120" hai2="55,40,110,41,131,14,2,116,78,81,34,74,42" hai3="58,63,129,38,25,82,49,111,126,30,69,46,107"/><U52/><E113/><V20/><F2/><W135/><G107/><T93/><D39/><U85/><E120/><V109/><F34/><W124/><G38/><T121/><D121/><U103/><E70/><V89/><F116/><W112/><G69/><T53/><D125/><U11/><E132/><V101/><F101/><W118/><G112/><T24/><D3/><U123/><E123/><V119/><F119/><W127/><G118/><T27/><D80/><U99/><E31/><V68/><F68/><W71/><G71/><T48/><D98/><U12/><E104/><V115/><F131/><W1/><G1/><T66/><D59/><U83/><E105/><V87/><F115/><W97/><G111/><N who="2" m="42505" /><F55/><N who="3" m="30135" /><G97/><T8/><D7/><U22/><E44/><V19/><F89/><W130/><G82/><T114/><D114/><U10/><REACH who="1" step="1"/><E85/><AGARI ba="1,0" hai="14,19,20,40,41,42,74,78,81,85,87" m="42505" machi="85" ten="30,1000,0" yaku="14,1" doraHai="60" who="2" fromWho="1" sc="249,0,297,-13,227,13,227,0" />
</Scene>
<Scene>
<INIT seed="2,0,0,0,2,110" ten="249,284,240,227" oya="2" hai0="13,36,56,1,40,92,60,129,7,83,86,31,43" hai1="50,32,101,57,12,73,20,48,33,69,124,100,74" hai2="97,72,15,21,91,45,128,23,94,35,61,133,134" hai3="135,76,122,16,114,2,11,51,132,125,70,109,25"/><V8/><F35/><W4/><G70/><T55/><D129/><U131/><E69/><V106/><F72/><W30/><G76/><T68/><D68/><U65/><E131/><V88/><F128/><W113/><G51/><T98/><D1/><U59/><E20/><V96/><F61/><W75/><G75/><T14/><D31/><U116/><E12/><N who="0" m="4713" /><D7/><U63/><E63/><V104/><F45/><W90/><G122/><T66/><D66/><U120/><E65/><V103/><F91/><W38/><G38/><T78/><D36/><U84/><E84/><V118/><F104/><W0/><G0/><T130/><D130/><U62/><E62/><V28/><F118/><W49/><G109/><T111/><D111/><U24/><E24/><V67/><F67/><W37/><G37/><T123/><D123/><U82/><E120/><V119/><F119/><W80/><G49/><T81/><D81/><U52/><E116/><V27/><REACH who="2" step="1"/><F23/><REACH who="2" ten="249,284,230,227" step="2"/><N who="3" m="13543" /><G90/><AGARI ba="0,1" hai="40,43,55,56,60,78,83,86,90,92,98" m="4713" machi="90" ten="30,1000,0" yaku="8,1" doraHai="110" who="0" fromWho="3" sc="249,20,284,0,230,0,227,-10" />
</Scene>
<Scene>
<INIT seed="3,0,0,2,5,133" ten="269,284,230,217" oya="3" hai0="6,52,69,0,25,91,98,41,99,12,96,100,17" hai1="127,95,1,117,63,116,109,40,8,81,56,23,114" hai2="28,104,15,38,77,111,48,101,20,32,75,31,60" hai3="110,71,49,103,115,7,44,33,2,70,105,24,34"/><W30/><G115/><T129/><D69/><U45/><E114/><V123/><F38/><W21/><G71/><T92/><D0/><U108/><E23/><V16/><F111/><N who="1" m="42569" /><E95/><V90/><F90/><W4/><G70/><T89/><D41/><U130/><E81/><V106/><F60/><W27/><G110/><T59/><D129/><U78/><E78/><V112/><F112/><W47/><G2/><T121/><D121/><U3/><E130/><V67/><F67/><W13/><G13/><T39/><D39/><N who="1" m="21663" /><E127/><V26/><F123/><W50/><G21/><N who="0" m="13487" /><D92/><U122/><E122/><V135/><F135/><W5/><G103/><T74/><D74/><U42/><E42/><V55/><F31/><W128/><G128/><T58/><D100/><U125/><E125/><V46/><REACH who="2" step="1"/><F101/><REACH who="2" ten="269,284,220,217" step="2"/><W119/><G30/><T86/><D91/><U87/><E63/><V43/><F43/><W11/><G119/><T83/><D52/><U126/><E116/><V82/><AGARI ba="0,1" hai="15,16,20,26,28,32,46,48,55,75,77,82,104,106" machi="82" ten="30,4000,0" yaku="1,1,0,1,54,1,53,0" doraHai="133" doraHaiUra="66" who="2" fromWho="2" sc="269,-10,284,-10,220,50,217,-20" />
</Scene>
<Scene>
<INIT seed="4,0,0,5,5,75" ten="259,274,270,197" oya="0" hai0="27,71,120,129,87,97,32,18,132,103,94,66,57" hai1="56,29,118,88,135,28,20,37,72,110,12,82,68" hai2="64,15,83,101,117,61,73,85,115,11,65,30,52" hai3="31,17,39,41,9,99,125,49,58,8,46,48,59"/><T127/><D120/><U25/><E68/><V50/><F73/><W111/><G111/><T3/><D127/><U55/><E110/><V124/><F115/><W86/><G125/><T123/><D123/><U22/><E118/><V67/><F117/><W105/><G31/><T80/><D132/><U13/><E37/><V79/><F124/><W19/><G39/><T77/><D129/><U133/><E29/><V100/><F61/><W54/><G105/><T53/><D3/><U1/><E1/><V98/><F30/><W69/><G69/><T108/><D108/><U33/><E13/><V91/><F91/><W63/><G99/><T104/><D32/><U112/><E112/><V134/><F134/><N who="1" m="51209" /><E12/><V131/><F131/><W116/><G116/><T106/><D71/><U113/><E113/><V14/><F98/><W114/><G114/><T4/><D4/><U84/><E72/><V74/><F74/><W2/><G2/><T107/><D66/><U130/><E130/><V42/><F42/><W121/><G121/><T45/><D45/><U102/><E102/><N who="2" m="39531" /><F11/><W26/><G86/><T7/><D7/><U109/><E109/><V0/><F0/><W96/><G96/><T81/><D27/><U128/><E128/><V36/><F36/><W93/><G93/><T24/><D24/><U76/><E88/><V90/><F90/><W60/><G49/><AGARI ba="0,0" hai="20,22,25,28,33,49,55,56,76,82,84" m="51209" machi="49" ten="30,2000,0" yaku="20,1,52,1" doraHai="75" who="1" fromWho="3" sc="259,0,274,20,270,0,197,-20" />
</Scene>
<Scene>
<INIT seed="5,0,0,3,0,23" ten="259,294,270,177" oya="1" hai0="13,41,4,107,122,53,113,79,104,74,110,49,95" hai1="40,8,131,32,116,77,21,47,3,117,26,125,84" hai2="133,58,80,51,52,121,118,85,11,73,39,61,64" hai3="135,134,35,78,42,87,70,66,76,68,69,91,48"/><U27/><E125/><V109/><F118/><W31/><G66/><T36/><D110/><U54/><E131/><V25/><F121/><W56/><G42/><T2/><D13/><U44/><E54/><V92/><F109/><W43/><G43/><T83/><D95/><U102/><E102/><V108/><F133/><W98/><G98/><T72/><D72/><U7/><E47/><V106/><F106/><W112/><G112/><T119/><D113/><U105/><E105/><V99/><F39/><W75/><G75/><T93/><D93/><U67/><E67/><V124/><F73/><W50/><G78/><T96/><D96/><U126/><E126/><V127/><F108/><W132/><G76/><T16/><D119/><U65/><E65/><V123/><F11/><W34/><G56/><T29/><D122/><U114/><E114/><V6/><F6/><W0/><G0/><T120/><D120/><U129/><E129/><V130/><F130/><W1/><G1/><T88/><D2/><U81/><E32/><V89/><F123/><W101/><G101/><T94/><D41/><U12/><E3/><V30/><F99/><W20/><G35/><T111/><D111/><U86/><E86/><V45/><REACH who="2" step="1"/><F92/><REACH who="2" ten="259,294,260,177" step="2"/><N who="3" m="54399" /><G34/><AGARI ba="0,1" hai="25,30,34,45,51,52,58,61,64,80,85,89,124,127" machi="34" ten="40,8000,1" yaku="1,1,52,1,54,1,53,1" doraHai="23" doraHaiUra="22" who="2" fromWho="3" sc="259,0,294,0,260,90,177,-80" />
</Scene>
<Scene>
<INIT seed="6,0,0,2,2,37" ten="259,294,350,97" oya="2" hai0="46,29,34,122,43,45,70,24,99,129,16,22,111" hai1="126,135,55,30,2,79,86,53,71,100,81,44,69" hai2="8,48,131,85,98,64,128,95,65,104,121,106,115" hai3="49,72,68,60,83,61,87,134,54,125,40,118,123"/><V77/><F121/><W59/><G118/><T9/><D111/><U80/><E2/><V25/><F115/><W96/><G72/><T26/><D122/><U127/><E135/><V42/><F25/><W91/><G123/><T76/><D70/><N who="1" m="26635" /><E100/><V66/><F8/><W47/><G125/><N who="1" m="47626" /><E30/><V103/><F85/><W36/><G134/><T51/><D129/><N who="2" m="49738" /><F77/><W114/><G114/><T110/><D110/><U35/><E35/><V21/><F21/><W33/><G33/><T109/><D109/><U10/><E10/><V15/><F15/><W89/><REACH who="3" step="1"/><G68/><REACH who="3" ten="259,294,350,87" step="2"/><T7/><D34/><U14/><E44/><AGARI ba="0,1" hai="42,44,48,64,65,66,95,98,103,104,106" m="49738" machi="44" ten="30,2900,0" yaku="19,1,52,1" doraHai="37" who="2" fromWho="1" sc="259,0,294,-29,350,39,87,0" />
</Scene>
<Scene>
<INIT seed="6,1,0,1,0,49" ten="259,265,389,87" oya="2" hai0="23,96,41,82,134,119,29,50,53,107,32,30,74" hai1="66,104,40,0,57,25,129,102,15,7,43,93,75" hai2="111,38,42,103,99,52,76,63,125,105,88,92,122" hai3="97,91,81,62,83,56,94,116,68,64,123,65,135"/><V5/><F122/><W72/><G116/><T17/><D134/><U47/><E75/><V10/><F111/><W37/><G37/><T20/><D32/><U46/><E104/><V33/><F33/><W101/><G123/><T127/><D127/><U48/><E0/><V67/><F125/><W130/><G130/><T115/><D115/><U133/><E133/><V128/><F76/><W126/><G126/><T35/><D35/><U121/><E121/><V59/><F128/><W109/><G135/><T19/><D41/><U60/><E129/><V58/><F42/><W8/><G109/><T80/><D74/><U61/><E25/><V22/><F22/><W71/><G72/><T114/><D114/><U87/><E60/><V31/><F31/><N who="0" m="11786" /><D96/><N who="1" m="59663" /><E87/><V70/><F38/><W18/><G71/><T28/><D28/><U6/><E15/><V9/><F5/><N who="1" m="1545" /><E47/><V113/><F70/><W84/><G68/><T13/><D107/><U16/><E16/><V2/><F2/><W27/><G81/><T98/><D98/><U51/><E51/><V1/><F1/><W26/><REACH who="3" step="1"/><G65/><REACH who="3" ten="259,265,389,77" step="2"/><T24/><D119/><U73/><E73/><V55/><F67/><W108/><G108/><T86/><D86/><U89/><E66/><V77/><F113/><W54/><G54/><T4/><D82/><U12/><E43/><V39/><F39/><W124/><G124/><T44/><D80/><U45/><E40/><V120/><F120/><W79/><G79/><T132/><D132/><U21/><E61/><N who="2" m="36039" /><F77/><W117/><G117/><T106/><D106/><U78/><E78/><V112/><F112/><RYUUKYOKU ba="1,1" sc="259,10,265,-30,389,10,77,10" hai0="4,13,17,19,20,23,24,44,50,53" hai2="9,10,55,59,63,88,92,99,103,105" hai3="8,18,26,27,56,62,64,83,84,91,94,97,101" />
</Scene>
<Scene>
<INIT seed="6,2,1,5,2,11" ten="269,235,399,87" oya="2" hai0="116,54,12,40,106,2,42,75,37,32,77,68,60" hai1="16,76,4,72,46,90,67,1,64,51,122,3,103" hai2="135,111,95,14,50,124,24,34,87,27,120,134,114" hai3="49,65,92,17,102,125,97,25,127,29,133,33,117"/><V20/><F120/><W118/><G133/><T55/><D106/><U104/><E122/><V105/><F105/><W45/><G65/><T47/><D32/><U70/><E70/><V126/><F50/><W129/><G129/><T48/><D2/><U81/><E4/><V130/><F95/><W28/><G28/><T0/><D0/><U91/><E3/><V74/><F87/><W84/><G84/><T61/><D75/><U35/><E1/><V57/><F57/><W83/><G83/><T7/><D77/><U39/><E39/><V110/><F74/><W85/><G85/><T128/><D128/><U59/><E35/><V99/><F99/><W100/><G100/><T78/><D78/><U73/><E73/><V30/><F14/><W18/><G118/><T107/><D107/><U63/><E67/><V43/><F43/><W98/><G98/><T22/><D68/><U119/><E119/><V6/><F6/><W108/><G108/><N who="2" m="41513" /><F114/><W88/><G102/><T21/><D116/><U112/><E112/><V23/><F23/><W109/><G109/><T8/><D42/><U31/><E103/><V56/><F56/><W58/><G58/><N who="0" m="34911" /><D37/><U36/><E36/><V71/><F71/><W62/><G62/><T113/><D113/><U82/><E104/><V121/><F121/><W79/><G117/><T66/><D66/><U13/><E81/><V69/><F135/><W26/><G79/><T93/><D93/><U96/><E96/><V44/><F69/><W132/><G132/><T10/><D10/><N who="1" m="6199" /><E31/><V9/><F134/><W131/><G131/><T101/><D101/><RYUUKYOKU ba="2,1" sc="269,15,235,15,399,-15,87,-15" hai0="7,8,12,21,22,40,47,48,54,61" hai1="46,51,59,63,64,72,76,82,90,91" />
</Scene>
<Scene>
<INIT seed="7,3,1,1,1,59" ten="284,250,384,72" oya="3" hai0="113,85,32,63,11,118,70,124,22,93,84,40,127" hai1="37,96,132,65,38,76,74,6,12,71,90,131,125" hai2="31,67,27,123,91,88,114,53,111,25,112,15,106" hai3="56,133,5,105,2,130,19,21,108,101,35,135,28"/><W104/><G35/><T61/><D118/><U45/><E125/><N who="0" m="48201" /><D70/><U52/><E132/><N who="3" m="50762" /><G28/><T129/><D32/><U57/><E131/><V86/><F106/><W92/><G130/><T98/><D113/><N who="2" m="43626" /><F67/><W97/><G108/><T102/><D40/><N who="1" m="22671" /><E38/><V89/><F111/><W47/><G47/><T26/><D11/><U8/><E76/><V66/><F66/><W68/><G68/><T48/><D48/><N who="1" m="30855" /><E90/><N who="2" m="34923" /><F123/><W121/><G121/><T81/><D129/><U100/><E74/><V43/><F43/><W134/><N who="3" m="50770" /><W64/><DORA hai="55" /><G5/><T39/><D39/><U13/><E8/><V107/><F107/><W69/><G2/><T80/><D85/><U44/><E44/><V128/><F128/><W72/><G72/><T41/><D41/><U120/><E6/><V117/><F117/><W23/><G69/><T122/><D122/><U77/><E120/><V83/><F31/><W75/><G75/><T42/><D42/><U60/><E77/><V18/><F53/><W54/><G64/><T7/><D7/><U115/><E115/><V30/><F30/><W51/><G21/><AGARI ba="3,1" hai="15,18,21,25,27,83,86,91" m="34923,43626" machi="21" ten="30,2000,0" yaku="15,1,54,1" doraHai="59,55" who="2" fromWho="3" sc="284,0,250,0,384,39,72,-29" owari="284,8.0,250,-15.0,423,53.0,43,-46.0" />
</Scene>
</mjloggm>