<mjloggm ver="2.3"><GO type="169" lobby="0"/><UN n0="%66%72%65%65%7A%65%37" n1="%64%6F%6D%65%73%75%31%36" n2="%E5%A4%AA%E3%81%8F%E3%81%AA%E3%81%84%E3%81%8A" n3="%33%33%62%6C%61%63%6B" dan="16,17,18,16" rate="2099.52,2159.32,2182.97,2079.79" sx="M,M,M,M"/><TAIKYOKU oya="0"/>

<Scene>
<INIT seed="0,0,0,4,0,126" ten="250,250,250,250" oya="0" hai0="72,56,24,112,96,128,41,117,110,62,39,111,34" hai1="106,88,71,120,36,125,103,94,119,6,118,60,43" hai2="135,91,113,108,5,92,18,50,78,90,19,130,20" hai3="16,89,66,61,52,65,17,42,123,121,49,30,84"/><T64/><D112/><U132/><E120/><N who="3" m="46154" /><G42/><T77/><D117/><U127/><E6/><V0/><F113/><W48/><G30/><T57/><D96/><N who="1" m="61799" /><E43/><V9/><F108/><N who="0" m="41514" /><D34/><U31/><E36/><V86/><F135/><W32/><G32/><T134/><D134/><U40/><E40/><V85/><F78/><W10/><G48/><T46/><D24/><U79/><E31/><V81/><F50/><W69/><G10/><T109/><N who="0" m="41522" /><T21/><DORA hai="97" /><D21/><U44/><E44/><V99/><F85/><W124/><G124/><N who="1" m="47690" /><E132/><V93/><F20/><W133/><G66/><N who="0" m="39239" /><D72/><U27/><E27/><V67/><F67/><W129/><G133/><T22/><D22/><U51/><E118/><V76/><F9/><W14/><G14/><T98/><D77/><U35/><E79/><V82/><F76/><W12/><G12/><T115/><D98/><U53/><E35/><V45/><F99/><W116/><G116/><T28/><D28/><U23/><E119/><V13/><F13/><W68/><G68/><T102/><D102/><U38/><E23/><V59/><F86/><W80/><G17/><T95/><D95/><U70/><E94/><V33/><F18/><W101/><G16/><T26/><D26/><U2/><E88/><V100/><F19/><W87/><G101/><T122/><D122/><U63/><E70/><V3/><F33/><W74/><G74/><T107/><D107/><U29/><E71/><V104/><F104/><W54/><G84/><T4/><D115/><U58/><E29/><V83/><F100/><W37/><G87/><T1/><D39/><RYUUKYOKU ba="0,0" sc="250,0,250,0,250,0,250,0" />
</Scene>
<Scene>
<INIT seed="1,1,0,5,2,84" ten="250,250,250,250" oya="1" hai0="26,106,127,29,3,85,124,102,40,21,92,61,64" hai1="46,30,31,93,121,122,91,67,6,97,33,99,27" hai2="112,62,48,14,25,36,55,73,37,98,15,44,87" hai3="22,115,72,107,54,65,126,28,23,70,20,35,103"/><U11/><E31/><V52/><F73/><W90/><G115/><T134/><D3/><U57/><E46/><V68/><F112/><W96/><G72/><T81/><D134/><U69/><E69/><V123/><F123/><W101/><G126/><N who="0" m="48171" /><D40/><U128/><E128/><V100/><F87/><W39/><G39/><T9/><D9/><U76/><E76/><V45/><F25/><W125/><G125/><T130/><D130/><U10/><E10/><V59/><F68/><W113/><G113/><T8/><D8/><U4/><E4/><V43/><REACH who="2" step="1"/><F37/><REACH who="2" ten="250,250,240,250" step="2"/><W114/><G70/><N who="0" m="42255" /><D106/><AGARI ba="1,1" hai="14,15,36,43,44,45,48,52,55,59,62,98,100,106" machi="106" ten="30,3900,0" yaku="1,1,7,1,54,1,53,0" doraHai="84" doraHaiUra="18" who="2" fromWho="0" sc="250,-42,250,0,240,52,250,0" />
</Scene>
<Scene>
<INIT seed="2,0,0,3,5,107" ten="208,250,292,250" oya="2" hai0="117,118,108,60,45,53,63,38,126,79,114,5,57" hai1="35,123,41,75,1,129,68,52,42,124,135,44,99" hai2="50,121,96,64,103,98,55,72,90,78,110,37,85" hai3="89,116,111,27,11,109,113,134,26,16,40,29,34"/><V80/><F37/><W83/><G40/><N who="0" m="22679" /><D79/><U70/><E1/><V39/><F39/><W59/><G116/><N who="0" m="44651" /><D5/><U7/><E7/><V18/><F121/><W95/><G134/><T21/><D21/><U24/><E123/><V87/><F110/><N who="3" m="41995" /><G113/><T106/><D106/><U48/><E135/><V33/><F33/><W3/><G83/><T23/><D23/><U105/><E124/><V125/><F64/><W127/><G127/><T31/><D31/><U130/><E35/><V115/><F115/><W112/><G112/><T102/><D102/><U62/><E24/><V14/><F125/><W65/><G27/><T74/><D74/><U46/><E105/><V30/><F30/><W67/><G3/><T94/><D94/><U17/><E99/><V69/><F103/><W47/><G11/><T56/><D126/><U0/><E0/><V73/><F98/><W81/><G81/><T13/><D13/><U133/><E133/><V104/><F96/><W84/><G16/><T119/><N who="0" m="44659" /><T71/><DORA hai="122" /><D114/><U77/><E17/><V2/><F104/><W93/><G93/><T22/><D22/><U132/><E132/><V51/><F2/><W91/><G91/><T25/><D25/><U82/><E42/><V131/><F18/><W120/><G120/><T12/><D12/><U6/><E6/><V88/><F14/><W36/><G59/><N who="0" m="34927" /><D108/><U100/><E100/><V28/><F28/><W8/><G8/><T4/><D4/><U20/><E20/><V101/><F101/><W58/><G95/><T9/><D9/><U49/><E82/><V10/><F10/><RYUUKYOKU ba="0,0" sc="208,30,250,-10,292,-10,250,-10" hai0="56,57,63,71" />
</Scene>
<Scene>
<INIT seed="3,1,0,1,3,19" ten="238,240,282,240" oya="3" hai0="135,87,77,81,101,28,76,117,32,99,112,78,65" hai1="127,1,16,69,86,102,110,7,124,42,22,18,60" hai2="61,82,122,100,17,47,56,95,53,51,6,33,14" hai3="62,126,123,96,34,13,8,24,29,113,131,133,4"/><W48/><G113/><T70/><D117/><U63/><E110/><V109/><F33/><W59/><G123/><T52/><D112/><U10/><E42/><V38/><F109/><W88/><G131/><T3/><D3/><U115/><E115/><V0/><F122/><W30/><G133/><T2/><D2/><U72/><E72/><V93/><F38/><W20/><G126/><N who="1" m="48170" /><E69/><V116/><F116/><W43/><G34/><T85/><D135/><U44/><E44/><V15/><F0/><W5/><G30/><T80/><D70/><U89/><E102/><V66/><F100/><W118/><G118/><T67/><D76/><U105/><E105/><V11/><REACH who="2" step="1"/><F82/><REACH who="2" ten="238,240,272,240" step="2"/><W79/><G79/><T68/><D32/><U111/><E111/><V55/><F55/><N who="3" m="34175" /><G4/><T40/><D40/><U75/><E75/><V121/><F121/><W106/><G106/><T128/><D128/><U98/><E1/><V41/><F41/><W108/><G108/><T23/><D52/><U39/><E39/><V104/><F104/><W27/><G43/><T36/><D36/><U21/><E7/><V103/><F103/><W54/><G54/><T91/><D91/><U107/><E107/><V35/><F35/><W31/><G88/><T57/><D68/><U83/><E89/><V92/><F92/><W37/><G37/><T134/><D134/><U129/><E83/><V90/><F90/><W58/><G5/><T9/><D101/><U74/><E129/><V45/><F45/><W50/><G50/><T46/><D77/><U97/><E98/><V26/><F26/><W130/><G96/><RYUUKYOKU ba="1,1" sc="238,-10,240,-10,272,30,240,-10" hai2="6,11,14,15,17,47,51,53,56,61,66,93,95" />
</Scene>
<Scene>
<INIT seed="4,2,1,5,4,134" ten="228,230,302,230" oya="0" hai0="128,28,1,113,117,67,42,108,106,82,27,6,29" hai1="66,123,70,3,8,17,84,7,125,65,31,92,99" hai2="4,47,60,16,102,37,97,30,83,80,24,2,32" hai3="71,35,41,73,39,122,76,115,51,119,94,72,20"/><T64/><D106/><U21/><E123/><V131/><F131/><W90/><G119/><T116/><D128/><U54/><E70/><V5/><F5/><W53/><G35/><T101/><D101/><U133/><E133/><V112/><F112/><W126/><G115/><T107/><D107/><U38/><E38/><V0/><F0/><W48/><G71/><T110/><D113/><U11/><E11/><V89/><F89/><W130/><G39/><T86/><D42/><U114/><E114/><V104/><F4/><W18/><G122/><T45/><D45/><U9/><E9/><V50/><F2/><W40/><G130/><T118/><D6/><U19/><E31/><N who="0" m="11849" /><D1/><U74/><E74/><V120/><F37/><W127/><G76/><N who="0" m="46407" /><D27/><U57/><E84/><V124/><F120/><W95/><G90/><T77/><D77/><U79/><E79/><V129/><F129/><W87/><G87/><T100/><D100/><U26/><E17/><V36/><F36/><W103/><G103/><T46/><D46/><U98/><E98/><V91/><F91/><W132/><G132/><T49/><D49/><U121/><E121/><V12/><F102/><W15/><G15/><T68/><D68/><U111/><E3/><V56/><F104/><W62/><G62/><T44/><D44/><U23/><E7/><V78/><F78/><W59/><G59/><T22/><D22/><U85/><E23/><V58/><F32/><W25/><G20/><T43/><D43/><U14/><E21/><V75/><F30/><W81/><G25/><T34/><D34/><U69/><E26/><RYUUKYOKU ba="2,1" sc="228,30,230,-10,302,-10,230,-10" hai0="64,67,108,110,116,117,118" />
</Scene>
<Scene>
<INIT seed="4,3,1,1,3,37" ten="258,220,292,220" oya="0" hai0="88,54,66,101,65,108,131,19,5,82,102,79,71" hai1="21,60,7,47,52,69,75,67,59,123,13,74,16" hai2="44,40,68,92,80,112,2,85,97,58,27,35,90" hai3="89,22,113,120,53,129,63,3,134,20,41,83,110"/><T128/><D108/><U122/><E7/><V125/><F68/><W0/><G110/><T26/><D5/><U28/><E28/><V78/><F2/><W11/><G113/><T48/><D71/><U103/><E103/><N who="0" m="39433" /><D131/><U111/><E111/><V42/><F112/><W119/><G119/><T25/><D128/><U135/><E135/><V8/><F125/><W86/><G129/><T14/><D79/><U130/><E130/><V31/><F8/><W91/><G134/><T77/><D77/><U104/><E104/><V15/><F15/><W50/><G120/><T124/><D124/><U1/><E1/><V107/><F44/><W118/><G118/><T61/><D61/><U72/><REACH who="1" step="1"/><E47/><REACH who="1" ten="258,210,292,220" step="2"/><V95/><F107/><W98/><G3/><T17/><D17/><U12/><E12/><V70/><F70/><W57/><G0/><T46/><D26/><U18/><E18/><V34/><F34/><W32/><G32/><T133/><D25/><U132/><E132/><V55/><REACH who="2" step="1"/><F95/><REACH who="2" ten="258,210,282,220" step="2"/><W127/><G127/><T114/><D114/><U9/><E9/><V43/><F43/><W126/><G11/><N who="0" m="6623" /><D133/><U45/><E45/><V99/><F99/><W100/><G126/><T36/><D36/><U39/><E39/><V81/><F81/><W76/><G83/><T56/><D46/><U64/><E64/><V30/><F30/><W105/><G98/><T33/><D33/><U73/><N who="1" m="18432" /><DORA hai="6" /><U106/><E106/><V29/><F29/><W38/><G105/><T93/><D82/><U23/><E23/><V51/><AGARI ba="3,3" hai="27,31,35,40,42,51,55,58,78,80,85,90,92,97" machi="51" ten="20,12000,2" yaku="1,1,0,1,7,1,52,2,53,1" doraHai="37,6" doraHaiUra="62,87" who="2" fromWho="2" sc="258,-63,210,-33,282,159,220,-33" />
</Scene>
<Scene>
<INIT seed="5,0,0,5,1,12" ten="195,177,441,187" oya="1" hai0="80,130,38,19,97,124,82,24,39,40,133,43,35" hai1="120,116,49,62,15,31,4,16,65,68,60,11,37" hai2="72,26,23,3,98,54,85,47,44,55,6,128,107" hai3="105,101,111,129,110,20,66,34,8,104,108,7,106"/><U77/><E120/><V91/><F72/><W102/><G34/><T9/><D124/><U61/><E116/><V18/><F128/><W127/><G129/><T94/><D130/><U51/><E37/><V103/><F3/><W64/><G127/><T33/><D133/><U75/><E68/><V13/><F6/><W71/><G20/><T56/><D56/><U1/><E65/><V122/><F122/><W100/><REACH who="3" step="1"/><G71/><REACH who="3" ten="195,177,441,177" step="2"/><T74/><D35/><U42/><E31/><V53/><REACH who="2" step="1"/><F26/><REACH who="2" ten="195,177,431,177" step="2"/><W83/><G83/><AGARI ba="0,2" hai="13,18,23,44,47,53,54,55,83,85,91,98,103,107" machi="83" ten="40,8000,1" yaku="1,1,2,1,52,1,53,1" doraHai="12" doraHaiUra="99" who="2" fromWho="3" sc="195,0,177,0,431,100,177,-80" />
</Scene>
<Scene>
<INIT seed="6,0,0,0,2,101" ten="195,177,531,97" oya="2" hai0="35,124,53,134,103,106,59,9,6,20,81,91,36" hai1="84,26,120,58,42,5,50,123,126,75,70,62,51" hai2="40,68,49,69,118,67,116,113,31,105,78,74,86" hai3="100,14,32,94,22,119,38,93,110,71,132,43,72"/><V83/><F113/><W125/><G119/><T87/><D36/><U1/><E75/><V61/><F69/><W10/><G32/><T79/><D35/><U23/><E70/><V64/><F64/><W60/><G110/><T3/><D124/><U0/><E126/><V56/><F31/><W44/><G125/><T108/><D108/><U130/><E130/><V77/><F105/><W82/><G132/><T28/><D134/><U45/><E51/><V92/><F77/><W99/><G22/><T122/><D122/><N who="1" m="46635" /><E5/><V107/><F107/><W102/><G72/><T76/><D28/><N who="1" m="17503" /><E84/><V97/><F74/><W47/><G82/><T21/><D79/><U57/><E57/><V8/><F8/><W115/><G115/><T133/><D76/><U34/><E34/><V7/><F7/><W109/><G109/><T15/><D3/><U48/><E48/><V121/><F121/><W24/><G44/><T55/><D133/><U54/><AGARI ba="0,0" hai="0,1,42,45,50,54,58,62" m="17503,46635" machi="54" ten="30,1100,0" yaku="13,1" doraHai="101" who="1" fromWho="1" sc="195,-3,177,11,531,-5,97,-3" />
</Scene>
<Scene>
<INIT seed="7,0,0,4,4,47" ten="192,188,526,94" oya="3" hai0="60,87,130,9,2,103,19,90,109,28,25,85,43" hai1="46,33,48,1,80,29,126,105,79,67,70,14,120" hai2="98,42,52,115,124,15,68,69,61,112,134,91,100" hai3="121,49,55,76,22,18,131,21,129,106,92,118,41"/><W38/><G118/><T20/><D109/><U94/><E105/><V123/><F124/><W34/><G121/><T27/><D130/><N who="3" m="49673" /><G106/><T13/><D43/><U63/><E1/><V71/><F123/><W128/><N who="3" m="49681" /><W113/><DORA hai="56" /><G113/><N who="2" m="43593" /><F134/><W95/><G34/><T8/><D103/><U11/><E120/><V93/><F42/><W39/><G76/><T99/><D60/><U78/><E126/><V122/><F122/><W86/><G21/><N who="0" m="15471" /><D2/><U82/><E94/><N who="3" m="35882" /><G86/><T45/><D99/><U50/><E79/><V116/><F116/><W97/><G97/><T108/><D108/><U64/><E78/><V75/><F75/><W72/><G72/><T26/><D87/><U30/><E33/><V36/><F100/><W37/><G41/><T4/><D85/><U89/><E80/><V111/><F111/><W7/><G7/><N who="0" m="3231" /><D90/><U127/><E89/><V65/><F91/><W57/><G38/><T133/><D133/><U135/><E135/><V73/><F73/><W53/><G53/><T54/><D54/><U66/><E82/><V114/><F114/><W35/><G35/><T88/><D88/><U59/><E127/><V102/><F98/><W5/><G5/><T110/><D110/><U23/><E23/><V16/><F93/><W132/><G132/><T6/><D6/><BYE who="0" /><U51/><E11/><N who="2" m="6271" /><F36/><W125/><G125/><T84/><D84/><U0/><E29/><V24/><F102/><W101/><G101/><T58/><D58/><U31/><E31/><V62/><F52/><UN n0="%66%72%65%65%7A%65%37" /><W77/><G77/><T40/><D4/><U44/><E30/><V17/><F69/><RYUUKYOKU ba="0,0" sc="192,-10,188,-10,526,-10,94,30" hai3="18,22,37,39,49,55,57" />
</Scene>
<Scene>
<INIT seed="7,1,0,3,1,12" ten="182,178,516,124" oya="3" hai0="96,33,122,17,113,107,88,68,115,86,48,13,7" hai1="78,123,127,72,15,31,19,38,47,52,2,41,36" hai2="104,27,66,85,82,62,134,53,90,118,135,28,128" hai3="43,0,22,42,75,24,99,117,130,101,98,83,132"/><W111/><G117/><T74/><D68/><U60/><E123/><V116/><F53/><W125/><G125/><T1/><D122/><U58/><E2/><V89/><F104/><W103/><G0/><T131/><D74/><U23/><E127/><V73/><F128/><W8/><G130/><T106/><D131/><U32/><E32/><N who="2" m="20511" /><F90/><W39/><G111/><T92/><D33/><U25/><E72/><V37/><F37/><W56/><G132/><N who="2" m="50729" /><F73/><W45/><G42/><T6/><D1/><U80/><E80/><V26/><F26/><W84/><G75/><T119/><D119/><U124/><E78/><V46/><F46/><W114/><G114/><N who="0" m="43531" /><D48/><U50/><E124/><V35/><F35/><W108/><G108/><T54/><D54/><U21/><AGARI ba="1,0" hai="15,19,21,23,25,31,36,38,41,47,50,52,58,60" machi="21" ten="20,5200,0" yaku="0,1,7,1,52,1,54,1" doraHai="12" who="1" fromWho="1" sc="182,-14,178,55,516,-14,124,-27" owari="168,-23.0,233,3.0,502,60.0,97,-40.0" />
</Scene>
</mjloggm>