<mjloggm ver="2.3"><GO type="169" lobby="0"/><UN n0="%E7%84%A1%E4%BF%AE%E6%AD%A3" n1="%E3%81%AA%E3%82%93%E3%81%AA%E3%82%93%E3%81%A0%E3%83%BC" n2="%4D%4A%E3%81%AE%E6%9C%80%E9%AB%98%E5%B3%B0" n3="%E5%A4%AA%E3%81%8F%E3%81%AA%E3%81%84%E3%81%8A" dan="16,18,16,17" rate="2084.01,2176.97,2051.19,2140.96" sx="F,M,M,M"/><TAIKYOKU oya="0"/>

<Scene>
<INIT seed="0,0,0,3,3,26" ten="250,250,250,250" oya="0" hai0="131,67,108,30,105,81,80,50,125,75,33,61,28" hai1="79,42,62,93,92,111,114,117,128,76,104,86,63" hai2="87,84,1,70,22,5,3,118,4,95,83,34,106" hai3="47,88,9,78,73,25,59,102,0,38,103,20,65"/><T16/><D105/><U133/><E104/><V36/><F106/><W24/><G24/><T99/><D33/><U37/><E117/><V94/><F70/><W39/><G78/><T14/><D75/><U19/><E37/><V123/><F34/><W116/><G73/><T18/><D99/><U58/><E42/><V44/><F36/><W98/><G116/><T2/><D2/><U66/><E114/><V91/><F44/><W51/><G38/><T54/><D131/><U127/><E128/><V11/><F118/><W130/><G39/><T7/><D7/><U96/><E127/><V41/><F41/><N who="3" m="25071" /><G0/><T55/><D125/><U74/><E133/><V27/><F123/><W129/><G9/><N who="0" m="6223" /><D18/><U107/><E107/><V126/><F126/><W45/><G129/><T69/><D67/><U21/><E74/><V119/><F119/><W101/><G130/><T90/><D69/><U17/><E66/><V82/><F22/><W12/><G12/><T100/><D100/><U23/><E96/><V13/><F27/><W71/><G71/><T15/><D15/><U134/><E134/><V32/><F13/><W109/><G20/><T53/><D61/><U60/><E60/><V120/><F32/><W89/><G25/><T57/><D108/><U40/><E111/><V124/><F124/><W31/><G109/><T110/><D110/><U132/><E132/><V46/><F120/><W77/><G77/><BYE who="3" /><T113/><D113/><U56/><E86/><V6/><F3/><UN n3="%E5%A4%AA%E3%81%8F%E3%81%AA%E3%81%84%E3%81%8A" /><W135/><G135/><T97/><D97/><U112/><E112/><V122/><F1/><W49/><G102/><RYUUKYOKU ba="0,0" sc="250,-10,250,30,250,-10,250,-10" hai1="17,19,21,23,40,56,58,62,63,76,79,92,93" />
</Scene>
<Scene>
<INIT seed="1,1,0,1,2,26" ten="240,280,240,240" oya="1" hai0="30,114,131,54,41,39,115,11,112,104,126,127,2" hai1="81,55,15,134,35,132,38,118,33,95,73,101,121" hai2="67,13,75,14,43,0,12,69,89,59,25,96,68" hai3="49,32,103,17,64,93,52,106,19,51,80,124,92"/><U40/><E121/><V60/><F0/><W27/><G124/><N who="0" m="47659" /><D104/><U128/><E118/><V135/><F75/><W56/><G106/><T65/><D65/><U83/><E128/><V16/><F135/><W6/><G6/><N who="0" m="1495" /><D54/><U90/><E101/><V21/><F43/><W88/><G64/><T9/><D131/><U123/><E123/><V42/><F42/><W23/><G32/><T50/><D50/><U130/><E130/><V105/><REACH who="2" step="1"/><F89/><REACH who="2" ten="240,280,230,240" step="2"/><W79/><G88/><T24/><D41/><U122/><E40/><V108/><F108/><W86/><G103/><AGARI ba="1,1" hai="12,13,14,16,21,25,59,60,67,68,69,96,103,105" machi="103" ten="40,2600,0" yaku="1,1,54,1,53,0" doraHai="26" doraHaiUra="87" who="2" fromWho="3" sc="240,0,280,0,230,39,240,-29" />
</Scene>
<Scene>
<INIT seed="2,0,0,4,0,95" ten="240,280,269,211" oya="2" hai0="5,40,110,22,48,96,0,57,129,70,82,84,112" hai1="107,99,119,128,1,66,12,124,4,80,18,109,130" hai2="76,37,38,58,92,100,53,121,6,97,23,19,44" hai3="64,108,16,25,134,131,28,46,83,50,122,106,7"/><V86/><F121/><W62/><G122/><T27/><D70/><U41/><E119/><V39/><F6/><W117/><G117/><T43/><D112/><U105/><E109/><V133/><F133/><W2/><G108/><T75/><D75/><U24/><E124/><V54/><F76/><W103/><G134/><T115/><D115/><U20/><E41/><V45/><F86/><W88/><G131/><N who="1" m="50218" /><E66/><V113/><F113/><W32/><G7/><T77/><D129/><U55/><E55/><V59/><F54/><W69/><G2/><T72/><D110/><U33/><E80/><V118/><F118/><W30/><G30/><T51/><D72/><U15/><E99/><V93/><F92/><W114/><G114/><T17/><D0/><U81/><E81/><V98/><F98/><N who="3" m="61815" /><G16/><T10/><D43/><U67/><E67/><V9/><F9/><W52/><G83/><T120/><D40/><U42/><E42/><V91/><F100/><W35/><G35/><T60/><D120/><U65/><E65/><V47/><REACH who="2" step="1"/><F53/><REACH who="2" ten="240,280,259,211" step="2"/><W34/><G34/><T26/><D96/><U3/><E107/><V111/><F111/><W94/><G94/><T73/><D73/><U21/><E105/><V74/><F74/><W102/><G102/><T87/><D87/><U104/><E104/><V79/><F79/><W125/><G125/><T11/><D84/><U101/><E101/><V31/><F31/><W68/><G68/><T90/><D77/><U71/><E71/><V8/><F8/><W85/><G85/><T78/><D78/><U135/><E135/><V61/><F61/><RYUUKYOKU ba="0,1" sc="240,-15,280,-15,259,15,211,15" hai2="19,23,37,38,39,44,45,47,58,59,91,93,97" hai3="25,28,32,46,50,52,62,64,69,88" />
</Scene>
<Scene>
<INIT seed="2,1,1,5,2,45" ten="225,265,274,226" oya="2" hai0="39,81,91,74,96,72,52,133,62,32,63,58,87" hai1="11,97,43,68,16,118,127,99,113,86,100,41,79" hai2="76,116,17,12,54,132,22,75,70,50,26,47,48" hai3="38,0,105,80,13,33,49,128,24,123,19,109,8"/><V67/><F132/><W85/><G38/><T77/><D32/><U135/><E68/><V101/><F116/><W21/><G123/><T55/><D39/><U115/><E118/><V61/><F101/><W37/><G37/><T78/><D133/><U102/><E135/><V111/><F111/><W40/><G105/><T65/><D55/><U27/><E127/><V4/><F76/><W119/><G119/><T51/><D62/><U94/><E115/><V88/><F75/><W5/><G109/><T82/><D96/><U59/><E113/><V25/><F4/><W10/><G128/><T124/><D124/><U34/><E34/><V104/><F104/><W66/><G66/><T46/><D78/><U92/><E59/><V23/><F22/><W44/><G33/><T3/><D3/><U60/><E60/><V95/><REACH who="2" step="1"/><F50/><REACH who="2" ten="225,265,264,226" step="2"/><W122/><G122/><T64/><D64/><U42/><E11/><V93/><F93/><W53/><G10/><T114/><D114/><U57/><E79/><V129/><F129/><W98/><G8/><T130/><D130/><U69/><E94/><V131/><F131/><W121/><G5/><T89/><D89/><U18/><E100/><V20/><F20/><W112/><G112/><T83/><D83/><U110/><E110/><V73/><F73/><AGARI ba="1,2" hai="46,51,52,58,63,65,72,73,74,77,81,82,87,91" machi="73" ten="30,3900,0" yaku="7,1,52,1,54,1" doraHai="45" who="0" fromWho="2" sc="225,62,265,0,264,-42,226,0" />
</Scene>
<Scene>
<INIT seed="3,0,0,2,0,122" ten="287,265,222,226" oya="3" hai0="52,128,10,83,53,101,34,103,19,58,57,97,62" hai1="55,75,61,86,28,64,32,120,90,88,133,85,112" hai2="20,92,14,17,77,118,54,67,44,126,35,124,104" hai3="30,21,45,76,7,15,33,60,84,0,108,131,22"/><W98/><G0/><T42/><D34/><U38/><E75/><V116/><F104/><W82/><G131/><T93/><D42/><U105/><E105/><V3/><F67/><W49/><G33/><T63/><D128/><U134/><E38/><V135/><F77/><W69/><G69/><T1/><D83/><N who="1" m="49215" /><E55/><V114/><F114/><W100/><G60/><T43/><D43/><U107/><E107/><V89/><F35/><W119/><G119/><T50/><D50/><U8/><E8/><V13/><F3/><W23/><G30/><T65/><D65/><U16/><E16/><V81/><F81/><W56/><G7/><T125/><D125/><N who="2" m="48234" /><F14/><W130/><G15/><N who="0" m="7671" /><D1/><U18/><E18/><V106/><F106/><N who="3" m="63767" /><G130/><T94/><D94/><N who="1" m="54615" /><E112/><V109/><F118/><W12/><G12/><T47/><D47/><U117/><E117/><V6/><F116/><W80/><G80/><T46/><D46/><U91/><E28/><V31/><F31/><W2/><G45/><T121/><D121/><U113/><E32/><V99/><F6/><W51/><G2/><T72/><D72/><U70/><E113/><V5/><F5/><W96/><G22/><T9/><D9/><U110/><E120/><V27/><F13/><W40/><G21/><T36/><D36/><U132/><E91/><AGARI ba="0,0" hai="52,53,57,58,62,63,91,93,97,101,103" m="7671" machi="91" ten="30,2000,0" yaku="8,1,54,1" doraHai="122" who="0" fromWho="1" sc="287,20,265,-20,222,0,226,0" />
</Scene>
<Scene>
<INIT seed="4,0,0,0,3,86" ten="307,245,222,226" oya="0" hai0="114,52,16,38,127,84,9,18,0,110,101,43,94" hai1="23,71,25,107,97,37,75,109,59,92,29,72,28" hai2="67,119,12,133,65,19,60,120,4,13,96,31,54" hai3="55,85,34,108,1,126,56,129,122,106,81,125,103"/><T45/><D114/><U98/><E71/><V14/><F120/><W134/><G108/><T24/><D127/><N who="3" m="48649" /><G1/><T32/><D110/><U62/><E37/><V131/><F31/><W76/><G34/><T39/><D39/><U41/><E41/><V2/><F119/><W3/><G3/><T7/><D52/><U69/><E69/><V50/><F2/><W21/><G122/><T111/><D111/><U30/><E109/><V123/><F4/><W53/><G134/><T35/><D35/><U49/><E49/><V20/><F133/><W27/><G129/><T132/><D132/><U77/><E107/><V68/><F131/><W17/><G56/><T128/><D128/><U135/><E97/><AGARI ba="0,0" hai="17,21,27,53,55,76,81,85,97,103,106" m="48649" machi="97" ten="30,1000,0" yaku="18,1" doraHai="86" who="3" fromWho="1" sc="307,0,245,-10,222,0,226,10" />
</Scene>
<Scene>
<INIT seed="5,0,0,0,2,135" ten="307,235,222,236" oya="1" hai0="122,32,100,49,31,24,36,73,71,89,92,39,62" hai1="127,107,6,46,8,123,114,93,117,95,13,63,125" hai2="66,118,109,14,133,23,28,67,38,43,110,12,91" hai3="85,17,54,64,134,70,124,50,84,53,102,15,131"/><U10/><E107/><V132/><F118/><W11/><G134/><N who="2" m="51817" /><F91/><W120/><G120/><T98/><D73/><U83/><E117/><V37/><F28/><W126/><G131/><T96/><D49/><U35/><E35/><V27/><F27/><W79/><G102/><T5/><D5/><U61/><E123/><V94/><F94/><W81/><G84/><T18/><D18/><U104/><E104/><V48/><F23/><W86/><G86/><T97/><D122/><U34/><E114/><V41/><F14/><W78/><G78/><T45/><D45/><U2/><E34/><V90/><F12/><W56/><REACH who="3" step="1"/><G54/><REACH who="3" ten="307,235,222,226" step="2"/><T29/><D97/><U59/><E83/><V103/><F103/><W121/><G121/><T75/><D98/><U9/><E93/><V105/><F105/><W115/><G115/><T101/><D101/><U3/><E95/><V58/><F90/><W119/><G119/><T76/><D100/><U116/><E116/><V30/><F110/><W111/><G111/><T108/><D108/><U55/><E9/><V87/><F87/><W40/><G40/><T44/><D96/><U4/><E2/><V16/><F43/><W106/><G106/><T0/><D0/><U42/><REACH who="1" step="1"/><E61/><AGARI ba="0,1" hai="11,15,17,50,53,56,61,64,70,79,81,85,124,126" machi="61" ten="40,5200,0" yaku="1,1,52,2,53,0" doraHai="135" doraHaiUra="130" who="3" fromWho="1" sc="307,0,235,-52,222,0,226,62" />
</Scene>
<Scene>
<INIT seed="6,0,0,4,2,73" ten="307,183,222,288" oya="2" hai0="91,113,116,2,83,32,79,23,94,125,1,16,5" hai1="56,4,35,45,46,81,130,86,51,102,21,101,85" hai2="134,62,108,106,30,61,76,20,12,64,120,97,124" hai3="36,19,119,28,63,107,92,131,132,84,10,7,87"/><V68/><F120/><W70/><G107/><T26/><D5/><U96/><E35/><V60/><F134/><W14/><G119/><T18/><D32/><U8/><E130/><V71/><F124/><W111/><G36/><T6/><D6/><U90/><E21/><V29/><F108/><W109/><G131/><T103/><D103/><U99/><E56/><V17/><F76/><W22/><G132/><T80/><D116/><U24/><E24/><V65/><REACH who="2" step="1"/><F61/><REACH who="2" ten="307,183,212,288" step="2"/><W38/><G111/><T114/><D125/><U133/><E133/><V33/><F33/><W57/><G109/><T105/><D79/><U100/><E85/><V112/><F112/><W77/><G84/><T34/><D34/><U93/><E96/><V123/><F123/><W53/><G77/><T31/><D113/><U40/><REACH who="1" step="1"/><E45/><REACH who="1" ten="307,173,212,288" step="2"/><V11/><F11/><W82/><G87/><T78/><D114/><U122/><E122/><V67/><F67/><W58/><G10/><T9/><D9/><U95/><E95/><V74/><F74/><W104/><G92/><T69/><D94/><U88/><E88/><V3/><F3/><AGARI ba="0,2" hai="3,4,8,40,46,51,81,86,90,93,99,100,101,102" machi="3" ten="30,3900,0" yaku="1,1,7,1,53,1" doraHai="73" doraHaiUra="44" who="1" fromWho="2" sc="307,0,173,59,212,-39,288,0" />
</Scene>
<Scene>
<INIT seed="7,0,0,2,4,115" ten="307,232,173,288" oya="3" hai0="96,127,94,74,38,66,81,90,106,6,100,105,75" hai1="73,53,119,78,44,27,87,36,102,88,4,120,110" hai2="72,8,18,89,103,29,10,125,131,34,69,37,51" hai3="135,104,11,91,41,93,126,42,71,12,7,132,123"/><W14/><G123/><T32/><D32/><U35/><E120/><V84/><F37/><W63/><G104/><T57/><D38/><U25/><E110/><V133/><F72/><W70/><G126/><T39/><D39/><U122/><E122/><V30/><F69/><N who="3" m="26123" /><G63/><T54/><D66/><U47/><E102/><V95/><F125/><W99/><G14/><T2/><D127/><U17/><E4/><V130/><F103/><W98/><G98/><T1/><D106/><U124/><E124/><V26/><F30/><W0/><G0/><T116/><D6/><U22/><E78/><V113/><F8/><W15/><G15/><T16/><D16/><U107/><E107/><V83/><F95/><W114/><G114/><T121/><D121/><U40/><E73/><V23/><F113/><W85/><G99/><T49/><D75/><U64/><E64/><V5/><F51/><W79/><G79/><N who="0" m="44279" /><D116/><U92/><E119/><V111/><F111/><W24/><G24/><T76/><D76/><U9/><E9/><V82/><F82/><W3/><G3/><T67/><D67/><U134/><E134/><AGARI ba="0,0" hai="7,11,12,41,42,85,91,93,132,134,135" m="26123" machi="134" ten="30,1500,0" yaku="20,1" doraHai="115" who="3" fromWho="1" sc="307,0,232,-15,173,0,288,15" />
</Scene>
<Scene>
<INIT seed="7,1,0,1,0,74" ten="307,217,173,303" oya="3" hai0="43,104,4,92,33,127,120,19,82,89,124,86,129" hai1="100,61,37,7,36,27,114,76,71,101,12,17,108" hai2="125,13,20,105,98,67,122,117,2,77,44,68,46" hai3="51,99,22,35,97,6,119,42,55,31,115,10,45"/><W58/><G35/><T5/><D104/><U63/><E108/><V84/><F117/><W128/><G119/><T123/><D33/><U52/><E114/><V16/><F2/><W87/><G115/><T26/><D129/><U94/><E71/><V56/><F68/><W95/><G128/><T80/><D43/><U8/><E36/><V134/><F122/><W112/><G112/><T47/><D47/><U34/><E37/><V28/><F105/><W131/><G131/><T72/><D19/><U70/><E70/><V1/><F1/><W107/><G107/><T91/><D26/><U96/><E76/><V11/><F98/><W126/><G126/><N who="0" m="48171" /><D80/><U79/><E79/><V132/><F125/><W88/><G31/><T3/><D72/><U50/><E100/><V57/><F132/><W73/><G73/><T83/><D83/><U110/><E110/><V39/><F134/><W29/><G29/><T135/><D135/><U53/><E34/><V78/><F39/><W40/><G22/><T15/><D15/><U69/><E69/><V116/><F116/><W62/><G42/><T18/><D18/><U38/><E38/><V121/><F121/><N who="0" m="46666" /><D3/><AGARI ba="1,0" hai="3,6,10,40,45,51,55,58,62,87,88,95,97,99" machi="3" ten="30,2900,0" yaku="7,1,54,1" doraHai="74" who="3" fromWho="0" sc="307,-32,217,0,173,0,303,32" owari="275,8.0,217,-18.0,173,-33.0,335,43.0" />
</Scene>
</mjloggm>