<mjloggm ver="2.3"><GO type="169" lobby="0"/><UN n0="%E5%BC%B1%E8%99%AB" n1="%E8%A5%BF%E5%9C%92%E5%AF%BA%E9%9D%96%E5%AD%90" n2="%E5%A4%A7%E7%8E%89%E5%B0%86" n3="%E5%A4%AA%E3%81%8F%E3%81%AA%E3%81%84%E3%81%8A" dan="16,18,16,17" rate="2048.94,2189.67,2103.12,2201.46" sx="M,F,M,M"/><TAIKYOKU oya="0"/>

<Scene>
<INIT seed="0,0,0,2,4,69" ten="250,250,250,250" oya="0" hai0="87,66,92,60,8,19,105,11,127,77,46,4,132" hai1="80,84,118,14,63,68,82,36,7,30,20,91,116" hai2="121,54,17,57,98,112,135,13,58,86,42,34,38" hai3="95,29,22,55,40,0,62,90,26,65,44,56,71"/><T25/><D105/><U59/><E68/><V113/><F121/><W39/><G0/><T74/><D132/><U93/><E36/><V75/><F135/><W47/><G47/><T81/><D127/><U117/><E7/><V2/><F75/><W52/><REACH who="3" step="1"/><G71/><REACH who="3" ten="250,250,250,240" step="2"/><T83/><D46/><U122/><E122/><V18/><F2/><W33/><G33/><T24/><D92/><U21/><E116/><V115/><F34/><W134/><G134/><T76/><D19/><N who="1" m="10359" /><E117/><V31/><F17/><W9/><G9/><T50/><D11/><U5/><E118/><V78/><F18/><W49/><G49/><T131/><D50/><U10/><E10/><V107/><F113/><W72/><G72/><T94/><D94/><U48/><E48/><V129/><F112/><W70/><G70/><T111/><D8/><U61/><E5/><V27/><F115/><W45/><G45/><T51/><D51/><U79/><E93/><V102/><F107/><W67/><G67/><T124/><D4/><U35/><E35/><V106/><F106/><W43/><G43/><T15/><D66/><U32/><E32/><V88/><F42/><W104/><G104/><T37/><D74/><U110/><E30/><V89/><F31/><W85/><AGARI ba="0,1" hai="22,26,29,39,40,44,52,55,56,62,65,85,90,95" machi="85" ten="20,8000,1" yaku="1,1,0,1,7,1,52,1,54,1,53,0" doraHai="69" doraHaiUra="99" who="3" fromWho="3" sc="250,-40,250,-20,250,-20,240,90" />
</Scene>
<Scene>
<INIT seed="1,0,0,0,0,83" ten="210,230,230,330" oya="1" hai0="98,134,80,88,59,34,91,130,131,44,30,128,117" hai1="126,42,7,39,96,20,22,40,72,49,60,31,87" hai2="4,28,26,63,70,77,2,79,19,114,84,47,23" hai3="123,62,107,120,21,33,9,65,67,135,24,78,37"/><U115/><E72/><V29/><F114/><W99/><G37/><T14/><D117/><U51/><E115/><V104/><F104/><W46/><G135/><T100/><D134/><U27/><E39/><V112/><F112/><W25/><G78/><T108/><D108/><U48/><E126/><V3/><F47/><W101/><G46/><T113/><D113/><U76/><E7/><V58/><F70/><N who="3" m="42295" /><G67/><T133/><D133/><U75/><E75/><V10/><F3/><W81/><G81/><T0/><D0/><U32/><E32/><V8/><F8/><W89/><G89/><T105/><D44/><U43/><E76/><V111/><F111/><W125/><G125/><T53/><D80/><U57/><E96/><V119/><F84/><W129/><G9/><T69/><D69/><U35/><REACH who="1" step="1"/><E87/><REACH who="1" ten="210,220,230,330" step="2"/><V109/><F109/><W45/><G33/><T1/><D34/><U74/><E74/><V124/><F124/><W36/><G99/><T132/><D132/><U68/><E68/><V122/><F79/><W94/><G36/><T103/><D98/><U106/><E106/><V18/><F77/><W127/><G107/><T73/><D73/><U116/><E116/><V110/><F119/><W11/><G127/><T16/><D105/><U85/><E85/><V102/><F110/><W12/><G123/><T66/><D131/><U86/><E86/><V13/><F122/><W52/><G120/><T92/><D130/><U56/><E56/><V61/><F58/><W55/><G129/><T121/><D128/><U15/><E15/><V93/><F13/><W95/><G12/><RYUUKYOKU ba="0,1" sc="210,-10,220,30,230,-10,330,-10" hai1="20,22,27,31,35,40,42,43,48,49,51,57,60" />
</Scene>
<Scene>
<INIT seed="1,1,1,4,5,84" ten="200,250,220,320" oya="1" hai0="38,54,13,37,46,27,56,30,100,39,50,31,121" hai1="17,108,82,40,135,124,89,71,8,72,61,1,127" hai2="122,52,92,116,34,70,123,42,43,16,36,102,97" hai3="14,113,68,73,90,86,120,111,9,88,128,125,119"/><U93/><E135/><V44/><F116/><W22/><G120/><T3/><D3/><U20/><E108/><V83/><F34/><W117/><G113/><T60/><D121/><U103/><E40/><V106/><F70/><W18/><G73/><T7/><D100/><U87/><E71/><V41/><F36/><W94/><G68/><T114/><D114/><U118/><E118/><N who="3" m="45066" /><G111/><T74/><D74/><U132/><E132/><V77/><F106/><W62/><G62/><T15/><D7/><U28/><E61/><V35/><F35/><W76/><G125/><N who="1" m="48202" /><E28/><V64/><F64/><W29/><G128/><T75/><D75/><U130/><E130/><V57/><F44/><W24/><G94/><T109/><D109/><U115/><E115/><V91/><F102/><W32/><G32/><T131/><D131/><U110/><E110/><V67/><F67/><W25/><G24/><T6/><D6/><N who="1" m="1103" /><E72/><V12/><F83/><AGARI ba="1,1" hai="9,14,18,22,25,29,76,83,86,88,90" m="45066" machi="83" ten="30,7700,0" yaku="12,1,52,2,54,1" doraHai="84" who="3" fromWho="2" sc="200,0,250,0,220,-80,320,90" />
</Scene>
<Scene>
<INIT seed="2,0,0,1,5,96" ten="200,250,140,410" oya="2" hai0="1,93,41,49,58,3,115,131,101,114,74,99,27" hai1="31,81,125,113,65,11,63,57,121,17,94,135,73" hai2="62,126,130,22,40,44,103,69,33,108,43,83,110" hai3="66,87,29,21,46,89,123,80,61,117,85,15,95"/><V56/><F33/><W104/><G117/><T9/><D74/><U6/><E113/><V5/><F130/><W79/><G123/><T28/><D131/><U88/><E121/><V134/><F126/><W14/><G104/><T25/><D25/><U19/><E125/><V128/><F128/><W98/><G46/><T119/><D119/><U86/><E135/><V51/><F134/><W34/><G34/><T106/><D106/><U16/><E31/><V26/><F69/><W12/><G29/><T32/><D9/><U20/><E20/><V39/><F5/><W42/><G42/><T84/><D84/><U105/><E105/><V50/><F83/><W78/><G21/><T107/><D107/><U129/><E129/><V13/><F13/><W72/><REACH who="3" step="1"/><G79/><REACH who="3" ten="200,250,140,400" step="2"/><T77/><D77/><U36/><E36/><V124/><F124/><W70/><AGARI ba="0,1" hai="12,14,15,61,66,70,72,78,80,85,87,89,95,98" machi="70" ten="30,4000,0" yaku="1,1,2,1,0,1,53,0" doraHai="96" doraHaiUra="2" who="3" fromWho="3" sc="200,-10,250,-10,140,-20,400,50" />
</Scene>
<Scene>
<INIT seed="3,0,0,2,0,107" ten="190,240,120,450" oya="3" hai0="67,10,56,92,112,43,71,32,81,63,70,93,132" hai1="64,96,134,79,86,26,115,102,105,49,33,0,38" hai2="119,50,21,17,87,57,7,135,68,74,91,90,94" hai3="84,118,77,42,44,125,103,23,2,117,120,45,80"/><W37/><G120/><T58/><D32/><U53/><E38/><V83/><F119/><W69/><G69/><T18/><D132/><U34/><E115/><V66/><F135/><W29/><G2/><T59/><D112/><U35/><E134/><V114/><F114/><W9/><G125/><T122/><D122/><U89/><E0/><V108/><F108/><W95/><G9/><T25/><D71/><U20/><E79/><V19/><F7/><W46/><G37/><T27/><D43/><U116/><E64/><V30/><F68/><W22/><G42/><T60/><D60/><U82/><E116/><V55/><F66/><W39/><G39/><T8/><D81/><U15/><E15/><V65/><F65/><W98/><G22/><T111/><D111/><U1/><E1/><V40/><F40/><W131/><G131/><T133/><D133/><U31/><REACH who="1" step="1"/><E35/><REACH who="1" ten="190,230,120,450" step="2"/><V99/><REACH who="2" step="1"/><F74/><REACH who="2" ten="190,230,110,450" step="2"/><W128/><G128/><T97/><D67/><U47/><AGARI ba="0,2" hai="20,26,31,33,34,47,49,53,82,86,89,96,102,105" machi="47" ten="20,5200,0" yaku="1,1,2,1,0,1,7,1,53,0" doraHai="107" doraHaiUra="61" who="1" fromWho="1" sc="190,-13,230,72,110,-13,450,-26" />
</Scene>
<Scene>
<INIT seed="4,0,0,1,5,114" ten="177,302,97,424" oya="0" hai0="51,20,3,119,46,129,4,117,91,21,35,111,0" hai1="41,27,61,127,60,90,122,30,44,132,118,69,87" hai2="96,113,54,85,26,62,133,50,105,36,120,67,15" hai3="24,71,77,63,115,123,47,37,1,59,131,92,98"/><T125/><D35/><U19/><E122/><V68/><F120/><W99/><G1/><T83/><D129/><U65/><E127/><V97/><F36/><W103/><G71/><T73/><D125/><U25/><E132/><V53/><F133/><W14/><G123/><T124/><D124/><U135/><E135/><V7/><F113/><W45/><G131/><T128/><D128/><U52/><E19/><V5/><F54/><W112/><G112/><T76/><D111/><U6/><E6/><V81/><F26/><W89/><G115/><T55/><D91/><U33/><E25/><V134/><F134/><W40/><G77/><T102/><D102/><U48/><E60/><V80/><F80/><W29/><G14/><T31/><D4/><U23/><E118/><V82/><F82/><W42/><G59/><T11/><D11/><U18/><E18/><V70/><F70/><W116/><G63/><T93/><D93/><U75/><E75/><V12/><F7/><W56/><G56/><T13/><D31/><U86/><E33/><V9/><F105/><W64/><G64/><T94/><D94/><U32/><E32/><V84/><F15/><W107/><G116/><T10/><D3/><U79/><E79/><N who="2" m="46143" /><F85/><W2/><G2/><T95/><D0/><U121/><E121/><V43/><F43/><W8/><G8/><T88/><D10/><U130/><E130/><V38/><F38/><N who="3" m="21655" /><G29/><T104/><D104/><U17/><E30/><V66/><F66/><W34/><G34/><T28/><D28/><U22/><E69/><V78/><F78/><W58/><G24/><RYUUKYOKU ba="0,0" sc="177,-15,302,-15,97,15,424,15" hai2="5,9,12,50,53,62,67,68,96,97" hai3="37,42,47,58,89,92,98,99,103,107" />
</Scene>
<Scene>
<INIT seed="5,1,0,0,1,2" ten="162,287,112,439" oya="1" hai0="4,73,122,77,53,28,96,74,114,23,37,112,76" hai1="68,58,40,109,93,47,98,99,46,128,131,31,39" hai2="110,116,97,9,21,111,55,78,44,32,61,89,11" hai3="113,67,71,29,10,13,70,48,83,43,20,50,22"/><U24/><E68/><V91/><F116/><W130/><G113/><N who="0" m="43627" /><D37/><U35/><E109/><V63/><F32/><W3/><G3/><T107/><D122/><U34/><E34/><V127/><F127/><W105/><G105/><T14/><D53/><U64/><E47/><V17/><F78/><N who="0" m="30314" /><D28/><U12/><E12/><V54/><F111/><W57/><G83/><T134/><D134/><U72/><E72/><V7/><F110/><W81/><G81/><T0/><D0/><U59/><E98/><V65/><F97/><W115/><G70/><T132/><D132/><U100/><REACH who="1" step="1"/><E64/><REACH who="1" ten="162,277,112,439" step="2"/><V102/><F44/><N who="3" m="25631" /><G13/><T129/><D74/><U69/><E69/><V125/><F65/><W88/><G71/><T103/><D73/><U6/><E6/><V79/><F7/><W62/><G115/><T80/><D4/><U1/><E1/><V38/><F125/><W119/><G67/><T121/><D14/><U135/><E135/><V104/><F38/><W8/><G119/><T33/><D33/><U56/><AGARI ba="1,1" hai="24,31,35,39,40,46,56,58,59,93,99,100,128,131" machi="56" ten="30,6000,0" yaku="1,1,0,1,53,1" doraHai="2" doraHaiUra="42" who="1" fromWho="1" sc="162,-21,277,73,112,-21,439,-21" />
</Scene>
<Scene>
<INIT seed="5,2,0,4,5,47" ten="141,350,91,418" oya="1" hai0="36,93,95,15,80,0,91,7,18,9,58,96,133" hai1="113,68,3,21,134,119,111,109,100,20,6,60,17" hai2="25,48,8,62,128,123,130,43,57,120,132,46,115" hai3="117,55,23,53,27,98,87,73,50,28,67,59,103"/><U78/><E119/><V38/><F25/><W22/><G73/><T12/><D36/><U124/><E113/><V94/><F8/><W41/><G117/><T85/><D133/><U66/><E134/><V107/><F107/><W82/><G41/><T63/><D18/><U45/><E124/><V30/><F30/><W10/><G10/><T114/><D114/><U86/><E100/><V16/><F16/><W118/><G118/><T14/><REACH who="0" step="1"/><D96/><REACH who="0" ten="131,350,91,418" step="2"/><U65/><E17/><V70/><F115/><W42/><G98/><T72/><D72/><U26/><E109/><V1/><F132/><W52/><G28/><T112/><D112/><U49/><E111/><V33/><F120/><W122/><G122/><T56/><D56/><U97/><E97/><V108/><F123/><W37/><G37/><T104/><D104/><U13/><E68/><V101/><F108/><W34/><G59/><T71/><D71/><U129/><E129/><V76/><F70/><W79/><G87/><T105/><D105/><U121/><E86/><V54/><F38/><W69/><G69/><T110/><D110/><U24/><E121/><V29/><F128/><W51/><G103/><T64/><AGARI ba="2,1" hai="0,7,9,12,14,15,58,63,64,80,85,91,93,95" machi="64" ten="30,4000,0" yaku="1,1,0,1,53,1" doraHai="47" doraHaiUra="32" who="0" fromWho="0" sc="131,56,350,-22,91,-12,418,-12" />
</Scene>
<Scene>
<INIT seed="6,0,0,1,1,14" ten="187,328,79,406" oya="2" hai0="32,111,99,120,84,7,21,39,112,46,8,76,17" hai1="43,89,72,109,66,107,56,117,20,110,54,102,135" hai2="9,4,70,105,106,77,81,71,93,61,123,19,58" hai3="44,78,86,116,23,118,101,41,108,75,12,60,13"/><V122/><F93/><W48/><G75/><T40/><D32/><U50/><E117/><V131/><F131/><W0/><G0/><T94/><D112/><U64/><E72/><N who="2" m="43175" /><F19/><N who="3" m="10727" /><G108/><T55/><D111/><U24/><E102/><V134/><F58/><W25/><G116/><T31/><D31/><U121/><E107/><N who="2" m="40971" /><F134/><W119/><G118/><T22/><D120/><N who="2" m="46122" /><F61/><W15/><G119/><T11/><D55/><U37/><E135/><V129/><F129/><W5/><G101/><T67/><D22/><U36/><E121/><V38/><F38/><W42/><G42/><T2/><D39/><U98/><E36/><V53/><F53/><W97/><G60/><T127/><D21/><U82/><E109/><V63/><F63/><W69/><G15/><T103/><D103/><U73/><E110/><V30/><F30/><W113/><G13/><T92/><D92/><U125/><E37/><V6/><F6/><W128/><G128/><T130/><D130/><U124/><E43/><V29/><F29/><W133/><G133/><T10/><D94/><U74/><E54/><V18/><F18/><W80/><G41/><T100/><D40/><U126/><E56/><V27/><F27/><W62/><G25/><T115/><D7/><U34/><E50/><V91/><F91/><W132/><G5/><T104/><D104/><U35/><E24/><V59/><F59/><W79/><G132/><T52/><D52/><U95/><E20/><V3/><AGARI ba="0,0" hai="3,4,9,70,71" m="46122,40971,43175" machi="3" ten="30,1500,0" yaku="23,1" doraHai="14" who="2" fromWho="2" sc="187,-5,328,-5,79,15,406,-5" />
</Scene>
<Scene>
<INIT seed="6,1,0,4,0,17" ten="182,323,94,401" oya="2" hai0="129,46,105,96,102,98,39,14,35,90,1,84,51" hai1="95,18,67,37,3,26,83,20,29,114,74,50,116" hai2="94,131,91,11,128,77,135,43,22,12,16,4,103" hai3="72,8,73,70,107,31,82,127,0,66,71,125,44"/><V122/><F122/><W48/><G107/><T113/><D1/><U19/><E37/><V109/><F135/><W24/><G0/><T5/><D35/><U33/><E116/><V118/><F118/><W104/><G104/><T38/><D113/><U30/><E3/><V115/><F115/><W27/><G8/><T15/><D129/><N who="2" m="49738" /><F109/><W10/><G10/><T41/><D96/><U59/><E114/><V61/><F103/><W117/><G117/><T100/><D100/><U64/><E33/><V85/><F43/><N who="3" m="24607" /><G24/><T42/><D5/><U62/><E67/><V36/><F36/><W68/><G82/><T110/><D110/><U57/><E95/><V124/><F124/><N who="3" m="47691" /><G66/><T111/><D111/><U25/><E83/><N who="2" m="47343" /><F61/><W134/><G134/><T120/><D102/><U65/><E74/><V54/><F54/><W87/><G87/><T53/><D84/><U47/><E62/><V89/><F94/><W75/><G73/><T121/><D105/><U6/><E50/><V101/><F101/><W9/><G9/><T23/><D39/><U97/><E64/><V13/><AGARI ba="1,0" hai="4,11,12,13,16,22,89,91" m="47343,49738" machi="13" ten="30,6000,0" yaku="19,1,52,1,54,1" doraHai="17" who="2" fromWho="2" sc="182,-21,323,-21,94,63,401,-21" />
</Scene>
<Scene>
<INIT seed="6,2,0,0,2,61" ten="161,302,157,380" oya="2" hai0="23,33,86,48,41,114,44,10,57,102,4,49,81" hai1="31,22,30,56,13,2,122,63,112,128,111,12,74" hai2="88,104,37,100,34,101,98,94,3,129,99,91,5" hai3="73,36,78,55,108,93,42,125,126,45,77,124,87"/><V60/><F34/><W6/><G108/><T52/><D114/><U119/><E111/><V130/><F37/><W54/><G6/><T38/><D33/><U24/><E2/><V121/><F121/><W39/><G39/><T92/><D23/><U29/><E119/><V97/><F60/><W66/><G66/><T67/><D67/><U75/><E128/><N who="2" m="49259" /><F98/><W43/><G43/><T82/><D38/><U47/><E112/><V62/><F62/><W90/><G73/><T32/><D32/><U71/><E71/><V59/><F59/><W65/><REACH who="3" step="1"/><G65/><REACH who="3" ten="161,302,157,370" step="2"/><T17/><D4/><U106/><E74/><V123/><F123/><W134/><G134/><T1/><D41/><U18/><E75/><V110/><F110/><W127/><N who="3" m="31744" /><DORA hai="69" /><W113/><G113/><T19/><D52/><AGARI ba="2,1" hai="36,42,45,52,54,55,77,78,87,90,93" m="31744" machi="52" ten="70,8000,1" yaku="1,1,18,1,52,1,54,1,53,0" doraHai="61,69" doraHaiUra="79,96" who="3" fromWho="0" sc="161,-86,302,0,157,0,370,96" />
</Scene>
<Scene>
<INIT seed="7,0,0,1,4,65" ten="75,302,157,466" oya="3" hai0="124,94,97,69,45,60,131,111,70,74,112,93,113" hai1="87,34,68,133,128,99,78,24,115,122,73,23,11" hai2="17,107,109,119,125,12,39,46,36,108,9,79,15" hai3="81,37,105,21,117,33,67,123,61,28,103,20,80"/><W30/><G37/><T42/><D111/><U127/><E87/><V106/><F119/><W22/><G123/><T47/><D74/><U3/><E99/><V110/><F125/><W40/><G40/><T85/><D124/><U13/><E78/><V1/><F1/><W44/><G44/><N who="0" m="16971" /><D42/><U4/><E68/><N who="0" m="26217" /><D131/><U129/><E73/><V77/><F46/><W89/><G61/><T0/><D0/><U29/><E127/><V76/><REACH who="2" step="1"/><F15/><REACH who="2" ten="75,302,147,466" step="2"/><W50/><G89/><T38/><D38/><AGARI ba="0,1" hai="9,12,17,36,38,39,76,77,79,106,107,108,109,110" machi="38" ten="50,6400,0" yaku="1,1,2,1,53,1" doraHai="65" doraHaiUra="5" who="2" fromWho="0" sc="75,-64,302,0,147,74,466,0" owari="11,-49.0,302,10.0,221,-18.0,466,57.0" />
</Scene>
</mjloggm>