<mjloggm ver="2.3"><GO type="169" lobby="0"/><UN n0="%E4%B8%8D%E8%81%B4%E7%89%8C%E3%83%AA%E3%83%BC%E3%83%81" n1="%E9%BB%92%E6%B2%A2%E7%A5%90%E4%B8%80" n2="%E5%A4%AA%E3%81%8F%E3%81%AA%E3%81%84%E3%81%8A" n3="%72%69%73%6B%79" dan="17,17,17,17" rate="2113.48,2130.19,2149.41,2162.13" sx="M,M,M,M"/><TAIKYOKU oya="0"/>

<Scene>
<INIT seed="0,0,0,4,5,21" ten="250,250,250,250" oya="0" hai0="58,123,47,73,130,70,27,43,134,100,9,71,105" hai1="22,10,78,133,57,17,129,99,54,82,62,59,1" hai2="35,81,106,33,74,102,60,122,135,128,89,94,14" hai3="118,18,37,84,67,126,98,109,65,66,114,132,4"/><T52/><D73/><U12/><E133/><V24/><F122/><W131/><G37/><T75/><D75/><U25/><E129/><V83/><F128/><W49/><G118/><T20/><D130/><U15/><E1/><V113/><F113/><W31/><G131/><T85/><D123/><U110/><E110/><V77/><F83/><W92/><G109/><T32/><D32/><U46/><E46/><V101/><F135/><W5/><G132/><T39/><D134/><U107/><E107/><V125/><F125/><W7/><G126/><T51/><D85/><N who="1" m="48343" /><E99/><V80/><F80/><W26/><G18/><T88/><D88/><U48/><E10/><V41/><F106/><W44/><G84/><T6/><D100/><U87/><E87/><V97/><F35/><W63/><G63/><T19/><REACH who="0" step="1"/><D105/><REACH who="0" ten="240,250,250,250" step="2"/><U79/><E79/><V2/><F101/><W34/><G114/><T3/><AGARI ba="0,1" hai="3,6,9,19,20,27,39,43,47,51,52,58,70,71" machi="3" ten="20,18000,2" yaku="1,1,2,1,0,1,7,1,52,1,54,1,53,0" doraHai="21" doraHaiUra="93" who="0" fromWho="0" sc="240,190,250,-60,250,-60,250,-60" />
</Scene>
<Scene>
<INIT seed="0,1,0,3,4,69" ten="430,190,190,190" oya="0" hai0="71,75,59,122,24,37,19,52,11,115,86,0,70" hai1="57,4,79,87,109,134,98,55,119,85,66,94,77" hai2="78,82,83,62,35,72,48,50,120,80,44,81,108" hai3="135,118,13,104,90,8,102,92,130,96,56,68,101"/><T41/><D75/><U53/><E119/><V40/><F120/><W121/><G68/><T5/><D115/><U116/><E116/><V49/><F108/><W43/><G118/><T91/><D122/><U29/><E109/><V45/><F45/><W20/><BYE who="2" /><G130/><T34/><D41/><U99/><E134/><V124/><F124/><W131/><G131/><T129/><D129/><U103/><E4/><V111/><F111/><W63/><G135/><UN n2="%E5%A4%AA%E3%81%8F%E3%81%AA%E3%81%84%E3%81%8A" /><T27/><D37/><U36/><E29/><V58/><REACH who="2" step="1"/><F35/><REACH who="2" ten="430,190,180,190" step="2"/><W28/><G121/><T26/><D34/><U88/><E79/><V100/><F100/><W105/><G102/><T46/><D46/><U31/><E77/><V128/><F128/><W73/><G101/><T133/><D133/><U125/><E125/><V1/><F1/><W51/><G104/><T17/><D71/><U60/><E31/><V89/><F89/><W47/><G105/><T61/><REACH who="0" step="1"/><D70/><REACH who="0" ten="420,190,180,190" step="2"/><U7/><E36/><V95/><F95/><AGARI ba="1,2" hai="0,5,11,17,19,24,26,27,52,59,61,86,91,95" machi="95" ten="40,7700,0" yaku="1,1,2,1,54,1,53,0" doraHai="69" doraHaiUra="127" who="0" fromWho="2" sc="420,100,190,0,180,-80,190,0" />
</Scene>
<Scene>
<INIT seed="0,2,0,1,1,0" ten="520,190,100,190" oya="0" hai0="4,67,7,126,27,61,116,110,6,17,41,47,120" hai1="40,46,50,45,88,77,112,56,25,124,80,55,32" hai2="34,30,65,29,63,97,83,38,20,5,135,69,13" hai3="18,129,70,91,81,82,89,21,8,133,49,44,122"/><T118/><D120/><U22/><E32/><V79/><F135/><W3/><G70/><T101/><D101/><U11/><E124/><V24/><F38/><W86/><G129/><T39/><D126/><U26/><E112/><V68/><F97/><W107/><G107/><T66/><D110/><U76/><E11/><V115/><F115/><W104/><G104/><T93/><D93/><U53/><E45/><V117/><F117/><W72/><G133/><T35/><D66/><U121/><E121/><V95/><F95/><W43/><G122/><T109/><D109/><U132/><E132/><V90/><F90/><W14/><G72/><T71/><REACH who="0" step="1"/><D17/><REACH who="0" ten="510,190,100,190" step="2"/><U105/><E105/><V103/><F103/><W51/><G82/><T48/><D48/><U74/><E80/><V102/><F102/><W111/><G111/><T42/><D42/><U125/><E40/><V15/><F65/><W19/><G51/><T75/><D75/><U16/><E74/><V52/><F83/><W36/><G36/><T28/><AGARI ba="2,1" hai="4,6,7,27,28,35,39,41,47,61,67,71,116,118" machi="28" ten="30,24000,3" yaku="1,1,0,1,52,3,53,3" doraHai="0" doraHaiUra="1" who="0" fromWho="0" sc="510,256,190,-82,100,-82,190,-82" />
</Scene>
<Scene>
<INIT seed="0,3,0,2,4,113" ten="766,108,18,108" oya="0" hai0="110,60,80,125,99,24,98,107,96,28,55,46,59" hai1="40,50,52,17,54,66,83,86,120,130,43,104,63" hai2="108,26,91,129,4,117,85,133,118,131,94,38,90" hai3="45,95,128,100,81,33,132,44,7,56,19,51,114"/><T13/><D125/><U93/><E120/><V106/><F38/><W41/><G114/><T1/><D1/><U6/><E104/><V73/><F4/><W101/><G33/><T82/><D107/><U57/><E130/><N who="2" m="49675" /><F106/><W70/><G70/><T89/><D110/><U102/><E6/><V16/><F108/><W15/><G132/><T5/><D46/><U48/><E17/><V103/><F133/><W76/><G45/><T25/><D89/><N who="2" m="33802" /><F73/><W123/><G123/><T36/><D36/><U3/><E3/><V2/><F2/><W37/><G128/><T135/><D135/><U62/><E83/><V115/><F115/><W75/><G95/><T58/><D58/><N who="1" m="37239" /><E86/><V65/><F65/><W39/><G7/><T109/><D109/><U116/><E116/><N who="2" m="44651" /><F85/><W53/><REACH who="3" step="1"/><G37/><REACH who="3" ten="766,108,18,98" step="2"/><T32/><D5/><U124/><E124/><V105/><F105/><W112/><G112/><T11/><D82/><U42/><E54/><V23/><F94/><W126/><G126/><T35/><D55/><U47/><E47/><V79/><F103/><W31/><G31/><T64/><D28/><U88/><E102/><V72/><F72/><W134/><G134/><T34/><D64/><U121/><E121/><V69/><F69/><W67/><G67/><T14/><D80/><U119/><E119/><V9/><F9/><AGARI ba="3,1" hai="9,15,19,39,41,44,51,53,56,75,76,81,100,101" machi="9" ten="30,3900,0" yaku="1,1,7,1,53,1" doraHai="113" doraHaiUra="71" who="3" fromWho="2" sc="766,0,108,0,18,-48,98,58" owari="766,86.0,108,-29.0,-30,-53.0,156,-4.0" />
</Scene>
</mjloggm>