<mjloggm ver="2.3"><GO type="169" lobby="0"/><UN n0="%E5%A4%AA%E3%81%8F%E3%81%AA%E3%81%84%E3%81%8A" n1="%E5%A4%A7%E9%B3%A5%E7%8D%85%E5%AD%90%E5%90%BC" n2="%53%48%49%53%55%4B%45" n3="%E3%83%8D%E3%83%BC%E3%83%A0%E3%83%AC%E3%82%B9%EF%BC%97" dan="17,16,17,17" rate="2214.82,2128.03,2100.96,2149.22" sx="M,M,M,M"/><TAIKYOKU oya="0"/>

<Scene>
<INIT seed="0,0,0,4,2,97" ten="250,250,250,250" oya="0" hai0="25,35,132,119,42,125,6,23,59,30,100,21,45" hai1="0,70,126,61,85,18,128,107,46,115,133,110,95" hai2="39,3,71,11,101,10,93,65,52,60,111,58,73" hai3="28,127,57,74,82,98,83,43,49,4,54,47,62"/><T51/><D119/><U129/><E46/><V99/><F73/><W90/><G127/><T118/><D118/><U64/><E18/><V7/><F39/><W63/><G4/><T121/><D121/><U53/><E85/><V24/><F111/><W12/><G28/><T117/><D117/><U87/><E87/><V14/><F24/><W44/><G74/><T81/><D125/><U88/><E107/><V122/><F122/><W112/><G112/><T55/><D132/><U105/><E105/><V22/><F22/><W78/><G78/><T92/><D81/><U109/><E0/><V116/><F116/><W19/><G62/><T120/><D120/><U20/><E133/><V106/><F106/><W17/><G17/><T37/><REACH who="0" step="1"/><D6/><REACH who="0" ten="240,250,250,250" step="2"/><U67/><E126/><V135/><F135/><W56/><G83/><T9/><D9/><U91/><E109/><V26/><F11/><W41/><G82/><T79/><D79/><U13/><E110/><V77/><F77/><W134/><G134/><T69/><D69/><U29/><E70/><V123/><F123/><W89/><G57/><T8/><D8/><U104/><E115/><V1/><REACH who="2" step="1"/><F26/><REACH who="2" ten="240,250,240,250" step="2"/><W84/><G56/><T131/><D131/><U94/><E128/><V102/><F102/><W32/><G47/><T2/><D2/><U16/><E129/><V68/><F68/><W40/><G44/><T76/><D76/><U113/><E113/><V108/><F108/><W38/><G38/><T75/><D75/><U96/><E13/><V31/><F31/><W5/><G12/><T27/><D27/><U124/><E124/><RYUUKYOKU ba="0,2" sc="240,15,250,-15,240,15,250,-15" hai0="21,23,25,30,35,37,42,45,51,55,59,92,100" hai2="1,3,7,10,14,52,58,60,65,71,93,99,101" />
</Scene>
<Scene>
<INIT seed="0,1,2,2,5,90" ten="255,235,255,235" oya="0" hai0="133,32,114,120,42,123,57,22,43,128,108,76,78" hai1="47,112,71,125,9,107,19,119,48,75,0,89,8" hai2="13,94,104,1,115,5,96,14,130,16,28,131,91" hai3="61,117,80,116,45,40,2,126,121,101,10,93,12"/><T127/><D32/><U15/><E71/><V27/><F115/><W34/><G2/><T30/><D114/><U124/><E119/><V53/><F1/><W24/><G126/><N who="1" m="48746" /><E75/><V102/><F5/><W17/><G121/><T106/><D127/><U129/><E129/><N who="2" m="49163" /><F53/><W97/><G80/><T39/><D128/><U33/><E33/><N who="2" m="20639" /><F16/><W105/><G61/><T68/><D30/><U63/><E107/><V26/><F26/><W99/><G24/><T69/><D22/><N who="1" m="11647" /><E0/><V92/><F104/><W111/><G34/><T3/><D106/><U44/><E44/><V51/><F51/><W4/><G111/><T25/><D3/><U74/><E63/><V37/><F37/><W20/><G20/><T41/><D39/><U81/><E112/><V113/><F113/><W46/><G4/><T110/><D42/><N who="1" m="24695" /><E74/><V95/><F95/><W135/><G46/><T67/><D67/><U84/><AGARI ba="1,2" hai="8,9,81,84,89" m="24695,11647,48746" machi="84" ten="30,1100,0" yaku="18,1" doraHai="90" who="1" fromWho="1" sc="255,-6,235,34,255,-4,235,-4" />
</Scene>
<Scene>
<INIT seed="1,0,0,1,3,105" ten="249,269,251,231" oya="1" hai0="116,61,20,28,115,119,85,73,47,36,99,49,33" hai1="87,103,4,27,9,11,91,3,93,41,100,107,77" hai2="76,14,80,68,37,75,17,97,53,114,31,46,40" hai3="60,38,131,134,117,78,51,86,8,42,96,44,94"/><U23/><E41/><V67/><F31/><W132/><G131/><T18/><D115/><U43/><E43/><V59/><F97/><W74/><G117/><T39/><D33/><U112/><E112/><V110/><F110/><W16/><G86/><T24/><D28/><U102/><E11/><V124/><F124/><W104/><G104/><T65/><D39/><U88/><E77/><V69/><F67/><W2/><G60/><T7/><D36/><U128/><E128/><V55/><F114/><W92/><G51/><T83/><D7/><U90/><REACH who="1" step="1"/><E107/><REACH who="1" ten="249,259,251,231" step="2"/><V101/><F40/><W52/><G42/><T71/><D119/><U126/><E126/><V13/><F37/><W62/><G38/><T58/><D116/><U127/><E127/><V56/><F76/><W82/><G134/><T89/><D47/><U129/><E129/><V6/><F46/><W118/><G132/><T45/><D45/><U125/><E125/><V108/><F108/><W133/><G118/><T98/><D73/><U0/><E0/><V30/><F75/><W54/><G133/><T22/><D22/><U48/><E48/><V19/><F6/><W113/><G113/><T121/><D121/><U15/><E15/><V84/><F13/><N who="3" m="7207" /><G2/><T106/><D106/><U135/><E135/><V66/><F14/><W25/><G44/><T109/><D109/><U95/><E95/><V79/><F79/><W81/><G94/><T12/><D12/><U122/><E122/><V21/><F80/><W63/><G82/><T32/><D32/><U130/><E130/><V123/><F123/><W1/><G81/><RYUUKYOKU ba="0,1" sc="249,15,259,15,251,-15,231,-15" hai0="18,20,24,49,58,61,65,71,83,85,89,98,99" hai1="3,4,9,23,27,87,88,90,91,93,100,102,103" />
</Scene>
<Scene>
<INIT seed="1,1,1,3,4,129" ten="264,274,236,216" oya="1" hai0="128,107,101,17,135,72,13,30,104,76,51,50,88" hai1="33,68,105,48,41,132,119,15,3,71,124,67,100" hai2="114,93,85,131,25,57,80,84,53,60,121,102,39" hai3="45,35,37,70,69,87,125,127,92,16,7,32,58"/><U31/><E3/><V86/><F121/><W19/><G7/><T115/><D115/><U73/><E119/><V34/><F39/><W62/><G45/><T103/><D128/><U81/><E124/><N who="3" m="47690" /><G37/><T1/><D1/><U49/><E68/><N who="3" m="26218" /><G92/><T46/><D30/><U95/><E15/><V2/><F2/><W56/><G87/><T43/><D104/><U99/><E95/><V77/><F114/><W83/><G83/><T23/><D107/><U4/><E4/><V120/><F120/><W20/><G62/><T55/><D101/><U90/><E41/><V79/><F93/><W22/><G22/><T36/><D103/><U98/><E98/><V118/><F102/><W133/><G20/><T78/><D36/><U0/><E0/><V24/><F118/><W113/><G113/><T126/><D126/><U122/><E122/><V117/><F117/><W106/><G106/><T18/><D46/><U14/><E81/><V52/><F80/><W40/><G40/><T89/><D23/><U111/><E105/><V54/><F131/><W6/><G6/><T11/><D43/><U38/><E100/><V21/><F21/><W82/><G82/><T28/><D89/><U74/><E90/><V42/><F42/><W59/><G133/><T91/><D135/><U61/><E132/><V9/><F9/><W10/><G10/><T5/><D11/><U26/><E38/><V130/><F130/><W44/><G44/><N who="0" m="28103" /><D5/><U12/><E99/><V96/><F96/><W65/><G65/><T66/><D66/><U63/><E67/><N who="2" m="39311" /><F25/><W134/><G134/><T29/><D91/><RYUUKYOKU ba="1,1" sc="264,-15,274,-15,236,15,216,15" hai2="24,34,52,53,54,77,79,84,85,86" hai3="16,19,32,35,56,58,59" />
</Scene>
<Scene>
<INIT seed="2,2,1,1,5,21" ten="249,259,251,231" oya="2" hai0="79,99,113,33,128,82,39,9,124,81,68,86,75" hai1="49,88,102,108,91,38,28,66,80,89,65,8,76" hai2="12,109,64,22,48,120,129,112,41,90,127,32,98" hai3="131,31,116,23,95,36,51,57,58,25,84,44,70"/><V96/><F120/><W5/><G116/><T10/><D113/><U130/><E38/><V106/><F112/><W115/><G70/><T121/><D121/><U18/><E108/><V93/><F32/><W17/><G115/><T92/><D39/><U45/><E102/><V16/><F64/><W85/><G36/><T63/><D33/><U1/><E130/><V54/><F41/><W97/><G131/><T101/><D128/><U104/><E104/><V34/><F34/><W47/><G5/><T117/><D117/><U114/><E114/><V42/><F42/><W100/><G44/><T55/><D124/><U43/><E28/><V83/><F129/><W126/><G126/><T4/><D4/><U6/><REACH who="1" step="1"/><E18/><REACH who="1" ten="249,249,251,231" step="2"/><V50/><F109/><W3/><G31/><T77/><D68/><U19/><E19/><V69/><F127/><W125/><G125/><T11/><D63/><U118/><E118/><V122/><F122/><W15/><G3/><T13/><D101/><U46/><E46/><V78/><F69/><W111/><G111/><T24/><D75/><AGARI ba="2,2" hai="1,6,8,43,45,49,65,66,75,76,80,88,89,91" machi="75" ten="40,2600,0" yaku="1,1,54,1,53,0" doraHai="21" doraHaiUra="53" who="1" fromWho="0" sc="249,-32,249,52,251,0,231,0" />
</Scene>
<Scene>
<INIT seed="3,0,0,2,3,68" ten="217,301,251,231" oya="3" hai0="22,31,94,4,107,123,132,6,47,73,81,129,16" hai1="115,40,26,120,9,105,34,89,15,82,59,91,90" hai2="12,5,46,109,78,1,44,103,75,97,85,2,126" hai3="25,23,28,133,14,0,45,3,79,67,27,104,134"/><W71/><G104/><T17/><D107/><U74/><E105/><V118/><F75/><W33/><G79/><T128/><D73/><U36/><E120/><V84/><F2/><W65/><G71/><T69/><D69/><U49/><E115/><V57/><F1/><N who="3" m="587" /><G45/><T101/><D81/><U110/><E74/><V100/><F78/><W41/><G41/><T130/><D123/><U60/><E82/><V48/><F46/><W58/><G58/><T125/><D101/><U108/><E49/><V37/><F57/><W93/><G93/><T98/><D94/><U96/><E96/><V131/><F48/><W43/><G43/><T77/><D98/><U8/><E8/><V32/><F85/><W80/><G80/><T19/><D77/><U29/><E36/><V11/><F84/><W38/><G38/><T87/><D87/><U116/><E40/><V39/><F44/><W119/><G119/><T127/><D47/><U35/><E35/><V61/><F118/><W95/><G95/><T121/><D121/><U66/><E116/><V70/><F70/><W10/><G67/><T112/><D112/><U86/><E86/><V54/><F97/><W88/><G88/><T42/><D42/><U63/><E63/><V99/><F99/><W13/><G65/><T76/><D76/><U55/><E66/><V21/><F103/><W50/><G50/><T51/><D51/><U53/><E53/><V83/><F100/><W52/><G52/><T114/><D114/><U20/><E34/><V72/><F83/><W24/><G33/><T56/><D56/><U102/><E102/><RYUUKYOKU ba="0,0" sc="217,-10,301,30,251,-10,231,-10" hai1="9,15,20,26,29,55,59,60,89,90,91,108,110" />
</Scene>
<Scene>
<INIT seed="4,1,0,0,5,116" ten="207,331,241,221" oya="0" hai0="88,15,99,49,135,132,62,110,134,130,77,85,1" hai1="97,123,32,50,98,51,37,35,43,78,131,44,28" hai2="86,92,113,124,93,11,52,109,34,20,118,89,56" hai3="61,107,69,128,66,7,79,31,84,58,83,82,133"/><T108/><D1/><U96/><E78/><V36/><F109/><N who="0" m="42090" /><D130/><U2/><E2/><V68/><F68/><W3/><G107/><T67/><D49/><U101/><E101/><V25/><F34/><W47/><G133/><N who="0" m="34051" /><T65/><DORA hai="100" /><D77/><U24/><E131/><V91/><F36/><W111/><G111/><T125/><D125/><U81/><E81/><V22/><F124/><W9/><G128/><T102/><D15/><U115/><E50/><V76/><F76/><W74/><G31/><T27/><D27/><U53/><E35/><V12/><F25/><W21/><G21/><T16/><D16/><U59/><E115/><V64/><F113/><W103/><G47/><T42/><D42/><U6/><E6/><V13/><F22/><W0/><G0/><T129/><D62/><U90/><E90/><V41/><F20/><W19/><G103/><T127/><D127/><U121/><AGARI ba="1,0" hai="24,28,32,37,43,44,51,53,59,96,97,98,121,123" machi="121" ten="30,4000,0" yaku="0,1,52,2" doraHai="116,100" who="1" fromWho="1" sc="207,-21,331,43,241,-11,221,-11" />
</Scene>
<Scene>
<INIT seed="5,0,0,2,3,68" ten="186,374,230,210" oya="1" hai0="23,61,129,132,26,92,81,117,0,22,79,78,51" hai1="34,103,108,113,14,96,35,44,52,128,11,116,66" hai2="30,121,131,12,111,33,56,36,62,5,6,112,110" hai3="76,123,59,119,122,54,3,7,88,53,84,87,25"/><U86/><E113/><V57/><F121/><W130/><G130/><T83/><D117/><U85/><E116/><V17/><F33/><W102/><G119/><T101/><D0/><U73/><E73/><V46/><F30/><W90/><G102/><T106/><D106/><U39/><E128/><V64/><F57/><W58/><G7/><T47/><D129/><U27/><E66/><V9/><F131/><W105/><G105/><T29/><D132/><U41/><E108/><V100/><F100/><W115/><G76/><N who="0" m="29227" /><D61/><U75/><E75/><V135/><F135/><W8/><G8/><T55/><D22/><U2/><E2/><V91/><F112/><W124/><G3/><T67/><D67/><U15/><E15/><V71/><F71/><W42/><G42/><T99/><AGARI ba="0,0" hai="23,26,29,47,51,55,81,83,92,99,101" m="29227" machi="99" ten="30,1100,0" yaku="8,1" doraHai="68" who="0" fromWho="0" sc="186,11,374,-5,230,-3,210,-3" />
</Scene>
<Scene>
<INIT seed="6,0,0,4,2,28" ten="197,369,227,207" oya="2" hai0="44,2,81,77,36,0,75,96,122,64,21,110,116" hai1="73,50,65,95,76,55,41,107,118,134,48,11,101" hai2="33,42,99,10,34,128,40,112,56,97,115,5,3" hai3="114,127,23,47,84,93,69,120,89,8,43,14,130"/><V85/><F85/><W19/><G120/><T4/><D122/><U45/><E65/><V20/><F20/><W74/><G74/><T61/><D110/><U92/><E134/><V1/><F56/><W70/><G130/><T38/><D116/><U123/><E118/><V104/><F104/><W53/><G127/><T129/><D129/><U30/><E107/><V17/><F17/><W18/><G114/><N who="2" m="43561" /><F1/><W46/><G53/><T51/><D21/><U121/><E76/><V109/><F109/><W106/><G106/><T57/><D96/><N who="2" m="36938" /><F128/><W132/><G132/><T88/><D88/><U24/><E73/><V16/><F16/><W54/><G54/><T111/><D111/><U49/><E121/><V32/><AGARI ba="0,0" hai="3,5,10,32,33,34,40,42" m="36938,43561" machi="32" ten="40,12000,1" yaku="15,1,52,3" doraHai="28" who="2" fromWho="2" sc="197,-40,369,-40,227,120,207,-40" />
</Scene>
<Scene>
<INIT seed="6,1,0,1,4,29" ten="157,329,347,167" oya="2" hai0="87,54,51,7,43,53,25,126,61,4,131,127,0" hai1="93,135,107,84,62,85,26,45,19,117,96,2,3" hai2="27,89,16,71,13,75,79,65,99,11,59,28,106" hai3="115,80,134,52,56,104,55,81,114,31,68,49,37"/><V130/><F71/><W18/><G104/><T5/><D0/><U73/><E73/><V8/><F75/><W109/><G109/><T112/><D112/><N who="3" m="43049" /><G68/><T119/><D131/><U64/><E117/><V120/><F79/><W122/><G37/><T42/><D119/><U24/><E107/><V83/><F83/><W38/><G38/><T48/><D61/><U88/><E3/><V98/><F106/><W123/><G134/><T34/><D87/><N who="1" m="33355" /><E2/><V21/><F89/><W82/><G31/><N who="0" m="19823" /><D48/><U58/><E135/><V108/><F120/><N who="3" m="46123" /><G18/><T32/><D32/><U125/><E125/><N who="0" m="47625" /><D54/><AGARI ba="1,0" hai="49,52,54,55,56,80,81,82" m="46123,43049" machi="54" ten="40,5200,0" yaku="15,1,11,1,54,1" doraHai="29" who="3" fromWho="0" sc="157,-55,329,0,347,0,167,55" />
</Scene>
<Scene>
<INIT seed="7,0,0,3,5,109" ten="102,329,347,222" oya="3" hai0="124,20,18,135,69,89,127,113,1,47,96,51,134" hai1="28,82,11,60,103,101,121,17,34,66,118,106,112" hai2="114,10,37,6,73,110,31,40,76,79,71,86,41" hai3="35,4,91,19,59,77,120,119,78,38,81,55,107"/><W42/><G119/><T50/><D1/><U70/><E121/><V25/><F73/><W5/><G120/><T39/><D89/><U32/><E118/><V94/><F71/><W36/><G35/><T65/><D96/><N who="1" m="61735" /><E103/><V129/><F37/><W80/><G107/><T87/><D87/><U48/><E32/><V7/><F110/><W99/><G42/><N who="2" m="16489" /><F114/><W12/><G38/><T122/><D18/><U14/><E48/><V75/><F75/><W92/><G36/><T104/><D20/><U133/><E82/><V27/><F129/><W44/><G44/><T90/><D90/><U49/><E49/><N who="0" m="18441" /><D104/><U97/><E97/><V61/><F31/><W45/><G45/><T111/><D122/><U23/><E23/><V30/><F30/><W29/><G29/><T100/><D113/><U131/><E133/><N who="0" m="50697" /><D100/><U13/><E13/><V33/><F33/><W9/><G81/><T52/><D111/><U105/><E105/><V132/><F132/><W46/><G46/><T63/><D47/><U2/><E2/><V22/><F22/><W8/><G8/><T108/><D108/><U117/><E117/><V26/><F10/><W74/><G77/><T56/><D39/><U115/><E131/><V98/><F79/><W85/><G74/><T84/><D84/><U3/><E3/><V58/><F86/><W130/><G130/><T62/><AGARI ba="0,0" hai="52,56,62,63,65,69,124,127" m="50697,18441" machi="62" ten="40,8000,1" yaku="20,1,34,2,54,1" doraHai="109" who="0" fromWho="0" sc="102,80,329,-20,347,-20,222,-40" owari="182,-22.0,309,11.0,327,43.0,182,-32.0" />
</Scene>
</mjloggm>