<mjloggm ver="2.3"><GO type="169" lobby="0"/><UN n0="%E5%A4%AA%E3%81%8F%E3%81%AA%E3%81%84%E3%81%8A" n1="%28%EF%BF%A3%28%E5%B7%A5%29%EF%BF%A3%29" n2="%E3%82%AB%E3%83%A9%E3%82%B9%E3%81%AE%E5%AD%90" n3="%E3%82%AB%E3%83%8B%E3%83%9E%E3%83%A8" dan="18,16,16,17" rate="2152.91,2128.64,2115.32,2156.94" sx="M,M,M,M"/><TAIKYOKU oya="0"/>

<Scene>
<INIT seed="0,0,0,0,2,77" ten="250,250,250,250" oya="0" hai0="36,10,38,30,17,22,32,27,123,39,91,56,114" hai1="84,127,90,53,19,35,37,100,78,82,48,88,101" hai2="119,29,81,118,11,57,125,65,97,66,3,6,120" hai3="113,85,76,132,55,129,124,50,105,121,41,49,131"/><T20/><D123/><U13/><E37/><V16/><F120/><W23/><G121/><T112/><D56/><N who="1" m="32807" /><E35/><V75/><F29/><W44/><G105/><T9/><D91/><N who="1" m="34859" /><E127/><V12/><F97/><W40/><G113/><T99/><D99/><U80/><E80/><V87/><F75/><W98/><G124/><T107/><D107/><U86/><E86/><V67/><F125/><W64/><G98/><T25/><REACH who="0" step="1"/><D22/><AGARI ba="0,0" hai="13,19,22,78,82,84,100,101" m="34859,32807" machi="22" ten="30,3900,0" yaku="8,1,52,1,54,1" doraHai="77" who="1" fromWho="0" sc="250,-39,250,39,250,0,250,0" />
</Scene>
<Scene>
<INIT seed="1,0,0,5,1,110" ten="211,289,250,250" oya="1" hai0="7,72,127,85,46,64,106,36,91,0,86,100,11" hai1="27,77,88,18,8,96,98,102,41,34,49,123,109" hai2="111,60,120,74,63,35,58,87,10,78,4,117,33" hai3="17,94,6,114,44,53,32,50,26,59,121,57,20"/><U16/><E123/><V133/><F120/><W89/><G32/><T131/><D131/><U99/><E109/><V125/><F117/><W134/><G134/><T14/><D127/><U113/><E113/><V108/><F74/><W30/><G121/><T38/><D72/><U132/><E132/><V62/><F133/><W71/><G71/><T23/><D64/><U5/><E77/><V29/><F125/><W21/><G114/><T66/><D66/><U51/><E102/><V40/><F58/><W97/><REACH who="3" step="1"/><G6/><REACH who="3" ten="211,289,250,240" step="2"/><T135/><D135/><U103/><E34/><V79/><F35/><W92/><G92/><T82/><D7/><U2/><E103/><V128/><F33/><W115/><G115/><T104/><D100/><U55/><E27/><AGARI ba="0,1" hai="17,20,21,26,27,30,44,50,53,57,59,89,94,97" machi="27" ten="30,3900,0" yaku="1,1,7,1,8,1,53,0" doraHai="110" doraHaiUra="31" who="3" fromWho="1" sc="211,0,289,-39,250,0,240,49" />
</Scene>
<Scene>
<INIT seed="2,0,0,4,4,114" ten="211,250,250,289" oya="2" hai0="121,81,129,76,44,5,40,107,110,12,124,24,8" hai1="97,37,96,86,0,35,122,78,53,120,131,77,85" hai2="128,32,93,14,133,88,111,45,103,49,13,42,17" hai3="134,68,109,43,60,72,23,132,130,84,83,71,22"/><V4/><F32/><W80/><G109/><T64/><D121/><N who="1" m="46699" /><E53/><V69/><F111/><W127/><G127/><T7/><D110/><U46/><E35/><V105/><F69/><W75/><G130/><T27/><D107/><U50/><E0/><V98/><F128/><W106/><G106/><T66/><D129/><U51/><E37/><V102/><F133/><N who="3" m="51307" /><G43/><T118/><D124/><U58/><E58/><V101/><F105/><W63/><G71/><T19/><D7/><U26/><E26/><V2/><F2/><W108/><G108/><T52/><D52/><N who="1" m="29783" /><E51/><V99/><F4/><W67/><G60/><T57/><D57/><U25/><E25/><V31/><F31/><W119/><G119/><T21/><D24/><U48/><E48/><V56/><F56/><W65/><G65/><T90/><D118/><U39/><E39/><V116/><F116/><W29/><G29/><T94/><D44/><U11/><E11/><N who="2" m="6335" /><F14/><W30/><G30/><T54/><D40/><U115/><E115/><V73/><F73/><N who="3" m="28235" /><G80/><T18/><D5/><U62/><E62/><V82/><F82/><W59/><G59/><T91/><D81/><U61/><E61/><V123/><F123/><W16/><G16/><T6/><D19/><U3/><E3/><V15/><F15/><W36/><G36/><T89/><D12/><U38/><E38/><V135/><F135/><W28/><G28/><T126/><D18/><U34/><E34/><V104/><F104/><W117/><G117/><T41/><D6/><U33/><E33/><V1/><F1/><W70/><G70/><T55/><D66/><RYUUKYOKU ba="0,0" sc="211,-15,250,-15,250,15,289,15" hai2="42,45,49,88,93,98,99,101,102,103" hai3="22,23,63,67,68,83,84" />
</Scene>
<Scene>
<INIT seed="2,1,0,2,3,24" ten="196,235,265,304" oya="2" hai0="118,125,89,18,85,82,124,29,98,58,34,79,67" hai1="132,6,51,92,22,21,80,39,130,110,32,64,76" hai2="117,37,10,55,3,42,43,77,123,60,11,44,16" hai3="54,35,83,7,47,15,4,38,101,9,121,46,61"/><V45/><F123/><W5/><G121/><T108/><D108/><U52/><E32/><V126/><F117/><W115/><G35/><T97/><D118/><U116/><E116/><V12/><F126/><N who="0" m="48746" /><D18/><U27/><E39/><V88/><F3/><W33/><G33/><T100/><D100/><U75/><E110/><V86/><F77/><W20/><G115/><T30/><D34/><U63/><E130/><V72/><F72/><W133/><G133/><T122/><D122/><U62/><E132/><V23/><F60/><W95/><G20/><T120/><D120/><U73/><E6/><V40/><F55/><W105/><G105/><T48/><D48/><U99/><E22/><V70/><F70/><W91/><G38/><T49/><D49/><U19/><E75/><V74/><F74/><W94/><G101/><T109/><D109/><U8/><E8/><N who="2" m="3115" /><F37/><W68/><G68/><T57/><D79/><U93/><E64/><V104/><F104/><W26/><G5/><T56/><D67/><U128/><E128/><V106/><F106/><W17/><G7/><T134/><D134/><U107/><E107/><V36/><F36/><W78/><G61/><T131/><D131/><U71/><E71/><V1/><F1/><W14/><G78/><T28/><AGARI ba="1,0" hai="28,29,30,56,57,58,82,85,89,97,98" m="48746" machi="28" ten="40,8000,1" yaku="18,1,52,3" doraHai="24" who="0" fromWho="0" sc="196,83,235,-21,265,-41,304,-21" />
</Scene>
<Scene>
<INIT seed="3,0,0,1,1,64" ten="279,214,224,283" oya="3" hai0="24,91,106,57,12,116,130,72,115,78,83,80,67" hai1="31,119,84,129,131,34,108,74,105,53,127,122,135" hai2="110,124,98,38,59,61,13,114,56,76,1,101,111" hai3="18,128,49,87,71,81,117,20,82,104,133,42,86"/><W103/><G117/><T96/><D116/><U63/><RYUUKYOKU type="yao9" ba="0,0" sc="279,0,214,0,224,0,283,0" hai1="31,34,53,63,74,84,105,108,119,122,127,129,131,135" />
</Scene>
<Scene>
<INIT seed="3,1,0,1,5,20" ten="279,214,224,283" oya="3" hai0="122,17,74,28,121,24,0,85,48,44,109,113,63" hai1="97,18,123,51,73,64,19,71,25,35,83,23,135" hai2="84,95,46,132,62,78,134,106,118,80,93,52,131" hai3="76,100,90,102,82,124,1,89,47,125,8,34,32"/><W116/><G47/><T120/><D74/><U41/><E123/><V39/><F118/><W22/><G116/><T70/><D0/><U96/><E135/><N who="2" m="51755" /><F106/><W12/><G1/><T40/><D109/><U91/><E35/><V75/><F131/><W98/><G22/><T126/><D126/><N who="3" m="48745" /><G32/><T65/><D17/><U58/><E71/><V43/><F75/><N who="3" m="43295" /><G34/><T57/><D85/><U114/><E114/><V27/><F27/><W133/><G133/><T36/><D113/><U2/><E2/><V10/><F10/><W129/><G129/><T94/><D94/><U49/><E19/><V87/><F84/><W26/><G26/><T128/><D128/><U38/><E38/><V6/><F6/><N who="3" m="3095" /><G102/><T72/><D72/><U67/><E18/><V31/><F31/><W21/><G21/><N who="0" m="15375" /><D122/><U81/><E23/><V115/><F115/><W119/><G119/><T5/><D5/><U127/><E25/><V4/><F4/><W14/><G14/><T29/><D29/><U111/><E127/><V60/><F95/><AGARI ba="1,0" hai="89,90,95,98,100" m="3095,43295,48745" machi="95" ten="30,1500,0" yaku="18,1" doraHai="20" who="3" fromWho="2" sc="279,0,214,0,224,-18,283,18" />
</Scene>
<Scene>
<INIT seed="3,2,0,0,0,72" ten="279,214,206,301" oya="3" hai0="74,1,14,126,107,44,13,57,97,129,59,118,45" hai1="21,42,122,56,70,98,65,46,31,36,83,124,94" hai2="100,104,119,17,66,29,39,68,8,123,90,131,2" hai3="89,120,53,75,80,114,3,99,41,116,23,106,55"/><W7/><G116/><T95/><D1/><U103/><E122/><V60/><F119/><W6/><G120/><T38/><D107/><U101/><E124/><V28/><F123/><W82/><G41/><T35/><D35/><U27/><E70/><V91/><F39/><W20/><G114/><T16/><D74/><U62/><E101/><V33/><F131/><W24/><G106/><T105/><D105/><U37/><REACH who="1" step="1"/><E83/><REACH who="1" ten="279,204,206,301" step="2"/><V4/><F100/><W49/><G82/><T78/><D126/><U50/><AGARI ba="2,1" hai="21,27,31,36,37,42,46,50,56,62,65,94,98,103" machi="50" ten="20,12000,2" yaku="1,1,2,1,0,1,7,1,25,2,53,0" doraHai="72" doraHaiUra="32" who="1" fromWho="1" sc="279,-32,204,136,206,-32,301,-62" />
</Scene>
<Scene>
<INIT seed="4,0,0,2,0,41" ten="247,340,174,239" oya="0" hai0="89,10,1,14,24,98,50,90,11,46,9,93,33" hai1="42,73,55,120,71,61,69,82,66,111,67,53,2" hai2="75,128,60,77,121,49,109,70,86,39,65,99,124" hai3="28,110,100,97,12,56,18,52,104,95,21,127,81"/><T20/><D33/><U94/><E2/><V3/><F109/><W22/><G127/><T0/><D14/><U79/><E94/><V103/><F121/><W43/><G110/><T129/><D129/><U88/><E111/><V113/><F124/><W54/><G43/><T107/><D107/><U8/><E8/><V31/><F113/><W134/><G134/><T64/><D64/><U133/><E133/><V116/><F116/><W32/><G32/><T122/><D122/><U57/><E120/><V15/><F128/><W126/><G126/><T40/><REACH who="0" step="1"/><D90/><REACH who="0" ten="237,340,174,239" step="2"/><U125/><E88/><V5/><F3/><W92/><G104/><T36/><D36/><U135/><E125/><V29/><F39/><W19/><G12/><T34/><D34/><U102/><E102/><V62/><F15/><W16/><G100/><T37/><D37/><U35/><E35/><V51/><F103/><W123/><G123/><T80/><D80/><U76/><E82/><V38/><F38/><W130/><G81/><T108/><D108/><U44/><E67/><V58/><F65/><W7/><G130/><T119/><D119/><U68/><E135/><V72/><F5/><W27/><G7/><T101/><D101/><U85/><E66/><V106/><F106/><W4/><G4/><T6/><D6/><U30/><E76/><V105/><F77/><W91/><G95/><T131/><D131/><U115/><E79/><V83/><F105/><W59/><G22/><T45/><D45/><U63/><E44/><V117/><F83/><W132/><G132/><T96/><D96/><U114/><E115/><RYUUKYOKU ba="0,1" sc="237,15,340,-15,174,-15,239,15" hai0="0,1,9,10,11,20,24,40,46,50,89,93,98" hai3="16,18,19,21,27,28,52,54,56,59,91,92,97" />
</Scene>
<Scene>
<INIT seed="4,1,1,0,3,64" ten="252,325,159,254" oya="0" hai0="1,90,7,73,27,34,48,33,44,68,117,50,9" hai1="17,62,3,127,96,61,101,124,122,8,30,56,18" hai2="45,98,87,57,39,2,54,49,26,91,40,11,82" hai3="31,28,70,114,42,67,19,92,52,63,13,113,36"/><T15/><D117/><U10/><E122/><V102/><F2/><W134/><G134/><T125/><D73/><U16/><E30/><V20/><F11/><N who="1" m="4137" /><E3/><V12/><F12/><W58/><G92/><T53/><D125/><N who="1" m="48203" /><E56/><V55/><F54/><W130/><G130/><T41/><D1/><U81/><E81/><V84/><F84/><W35/><G13/><T119/><D119/><U77/><E77/><V120/><F120/><W60/><G19/><T38/><D27/><U66/><E66/><V25/><REACH who="2" step="1"/><F20/><REACH who="2" ten="252,325,149,254" step="2"/><W80/><G35/><T126/><D53/><U97/><E97/><V118/><F118/><W121/><G121/><T23/><D23/><U21/><E21/><V135/><F135/><W51/><G113/><T128/><D126/><U78/><E78/><V86/><F86/><W108/><G114/><T72/><D33/><U129/><E129/><V100/><F100/><W93/><G108/><T85/><D128/><U83/><E83/><V79/><F79/><W104/><G80/><T47/><D34/><U22/><E22/><V99/><F99/><W24/><G24/><T132/><D132/><U6/><E96/><V76/><F76/><W103/><G28/><T4/><D15/><U71/><E101/><V75/><F75/><W46/><G31/><T112/><D72/><U105/><E105/><AGARI ba="1,2" hai="25,26,39,40,45,49,55,57,82,87,91,98,102,105" machi="105" ten="30,2000,0" yaku="1,1,7,1,53,0" doraHai="64" doraHaiUra="14" who="2" fromWho="1" sc="252,0,325,-23,149,43,254,0" />
</Scene>
<Scene>
<INIT seed="5,0,0,3,0,51" ten="252,302,192,254" oya="1" hai0="77,12,60,82,23,4,119,117,22,87,95,37,73" hai1="83,63,34,56,49,27,29,104,106,61,25,133,32" hai2="131,125,2,16,113,26,55,66,70,114,48,41,108" hai3="96,5,36,105,20,38,50,120,85,46,110,15,76"/><U33/><E133/><V57/><F2/><W134/><G110/><T107/><D37/><U103/><E83/><V30/><F108/><W109/><G120/><T72/><D107/><U78/><E78/><V28/><F131/><W129/><G109/><T6/><D60/><U0/><E0/><V130/><F130/><W79/><G134/><T118/><D95/><U3/><E3/><V65/><F41/><W97/><G129/><T43/><D43/><U102/><E49/><V17/><F125/><W94/><G36/><T62/><D62/><U35/><E35/><N who="2" m="20887" /><F30/><W80/><G79/><T7/><REACH who="0" step="1"/><D12/><REACH who="0" ten="242,302,192,254" step="2"/><U47/><E61/><N who="2" m="40271" /><F65/><W42/><G105/><T75/><AGARI ba="0,1" hai="4,6,7,22,23,72,73,75,77,82,87,117,118,119" machi="75" ten="50,8000,1" yaku="1,1,0,1,29,2,53,0" doraHai="51" doraHaiUra="99" who="0" fromWho="0" sc="242,90,302,-40,192,-20,254,-20" />
</Scene>
<Scene>
<INIT seed="6,0,0,4,0,36" ten="332,262,172,234" oya="2" hai0="50,125,13,1,6,62,107,81,32,17,47,119,38" hai1="61,134,56,59,55,92,7,51,85,39,98,83,34" hai2="27,76,19,23,24,129,84,21,78,65,43,100,73" hai3="31,130,12,26,72,101,108,14,16,133,115,28,57"/><V111/><F73/><W114/><G72/><T110/><D110/><U123/><E123/><V63/><F111/><W82/><G108/><T103/><D32/><U112/><E39/><V132/><F129/><W127/><G101/><T20/><D38/><U67/><E134/><V45/><F132/><W80/><G133/><T74/><D125/><U120/><E120/><V122/><F122/><W22/><G130/><T104/><D119/><U93/><E112/><N who="3" m="43050" /><G127/><T99/><D62/><U77/><E34/><V109/><F109/><W128/><G128/><T46/><D104/><U25/><E25/><V95/><F100/><W96/><G96/><T117/><D117/><U3/><E3/><V48/><F95/><N who="1" m="36425" /><E7/><V29/><REACH who="2" step="1"/><F84/><REACH who="2" ten="332,262,162,234" step="2"/><W75/><G75/><T106/><D74/><U94/><E98/><V4/><F4/><W97/><G97/><T113/><D113/><U118/><E118/><V54/><F54/><W135/><G135/><T9/><D99/><U66/><E94/><V41/><F41/><W15/><G82/><T30/><D81/><U131/><E131/><V88/><F88/><W64/><G80/><T71/><D103/><U90/><E90/><V53/><F53/><AGARI ba="0,1" hai="51,53,55,56,59,61,66,67,77,83,85" m="36425" machi="53" ten="30,1000,0" yaku="8,1" doraHai="36" who="1" fromWho="2" sc="332,0,262,20,162,-10,234,0" />
</Scene>
<Scene>
<INIT seed="7,0,0,5,3,0" ten="332,282,152,234" oya="3" hai0="66,4,26,51,8,18,86,32,29,58,81,39,65" hai1="74,44,21,110,106,7,123,113,11,77,133,70,14" hai2="64,127,126,25,102,111,41,71,82,31,92,121,9" hai3="119,72,83,107,69,56,114,85,17,22,115,112,16"/><W49/><G69/><T52/><D18/><U27/><E106/><V95/><F111/><W88/><G119/><T93/><D93/><U91/><E113/><V15/><F121/><W134/><G134/><T108/><D39/><U62/><E133/><V37/><F71/><W117/><G117/><T73/><D73/><U12/><E123/><V43/><F64/><W61/><G107/><T120/><D108/><U53/><E110/><V5/><F82/><W50/><G72/><T67/><D120/><U28/><E91/><V135/><F135/><W105/><G105/><T6/><REACH who="0" step="1"/><D8/><REACH who="0" ten="322,282,152,234" step="2"/><U33/><E74/><V76/><F76/><AGARI ba="0,1" hai="4,6,26,29,32,51,52,58,65,66,67,76,81,86" machi="76" ten="40,8000,1" yaku="1,1,2,1,52,2,54,1,53,0" doraHai="0" doraHaiUra="130" who="0" fromWho="2" sc="322,90,282,0,152,-80,234,0" owari="412,52.0,282,8.0,72,-43.0,234,-17.0" />
</Scene>
</mjloggm>