<mjloggm ver="2.3"><GO type="169" lobby="0"/><UN n0="%E3%83%A8%E3%82%B3%E3%83%A8%E3%82%B3" n1="%E6%9B%BF%E7%8E%89%E5%9B%BA%E9%BA%BA" n2="%E5%A4%AA%E3%81%8F%E3%81%AA%E3%81%84%E3%81%8A" n3="%56%69%56%49" dan="16,16,18,16" rate="2094.33,2084.59,2179.46,2166.03" sx="M,M,M,M"/><TAIKYOKU oya="0"/>

<Scene>
<INIT seed="0,0,0,4,1,126" ten="250,250,250,250" oya="0" hai0="82,98,49,107,33,19,117,43,6,50,48,26,39" hai1="55,11,29,100,105,85,128,77,118,75,97,80,83" hai2="47,106,129,24,53,22,108,110,45,93,84,102,23" hai3="42,41,17,99,7,37,72,46,2,54,38,96,34"/><T14/><D117/><U69/><E69/><V57/><F106/><W0/><G17/><T119/><D119/><U124/><E118/><V81/><F93/><W63/><G34/><T116/><D116/><U35/><E124/><V125/><F102/><W31/><G31/><T66/><D6/><U60/><E128/><V91/><F125/><W121/><G54/><T40/><D82/><U65/><E55/><V104/><F104/><W127/><G63/><T120/><D120/><U89/><E11/><V61/><F22/><W78/><G127/><T114/><D114/><U8/><E8/><V122/><F122/><W10/><G0/><T132/><D132/><U30/><REACH who="1" step="1"/><E35/><REACH who="1" ten="250,240,250,250" step="2"/><V112/><F129/><W25/><G121/><T68/><D33/><U92/><E92/><V73/><F112/><W21/><G41/><T90/><D40/><U58/><AGARI ba="0,1" hai="29,30,58,60,65,75,77,80,83,85,89,97,100,105" machi="58" ten="20,2700,0" yaku="1,1,0,1,7,1,53,0" doraHai="126" doraHaiUra="71" who="1" fromWho="1" sc="250,-13,240,37,250,-7,250,-7" />
</Scene>
<Scene>
<INIT seed="1,0,0,2,0,9" ten="237,277,243,243" oya="1" hai0="15,60,12,38,26,34,55,121,67,116,101,28,33" hai1="82,93,56,126,128,114,100,85,135,23,71,37,76" hai2="18,103,132,95,104,115,70,48,88,3,50,81,92" hai3="4,133,65,66,19,73,110,106,11,111,54,134,51"/><U124/><E71/><V90/><F3/><W63/><G19/><T99/><D116/><U10/><E37/><V49/><F70/><W89/><G89/><T44/><D121/><U113/><E56/><V61/><F132/><N who="3" m="50795" /><G73/><T83/><D33/><U94/><E135/><V53/><F115/><N who="1" m="44041" /><E23/><V13/><F104/><W47/><G106/><T59/><D83/><U123/><E10/><N who="2" m="6455" /><F81/><W62/><G11/><T68/><D44/><U21/><E21/><V29/><F29/><W27/><G27/><T80/><D80/><U91/><E123/><V36/><F36/><W129/><G4/><T118/><D118/><U25/><E25/><V45/><F103/><W52/><G129/><T74/><D74/><N who="1" m="43287" /><E128/><V35/><F35/><W77/><G77/><T2/><D38/><U112/><N who="1" m="44049" /><U108/><DORA hai="1" /><E108/><N who="3" m="41514" /><G54/><T96/><D2/><U119/><E119/><V122/><F122/><W20/><G20/><T39/><D39/><U117/><E117/><V87/><F61/><AGARI ba="0,0" hai="47,51,52,61,62,63,65,66" m="41514,50795" machi="61" ten="30,8000,1" yaku="20,1,14,1,34,2,54,1" doraHai="9,1" who="3" fromWho="2" sc="237,0,277,0,243,-80,243,80" />
</Scene>
<Scene>
<INIT seed="2,0,0,2,3,53" ten="237,277,163,323" oya="2" hai0="86,22,133,47,45,16,7,97,110,79,41,32,66" hai1="93,62,0,96,99,82,36,95,98,15,120,57,117" hai2="94,34,116,104,59,35,129,115,70,65,109,114,121" hai3="40,38,122,52,108,48,74,63,3,44,31,51,83"/><V112/><F104/><W126/><G122/><T24/><D110/><U125/><E0/><V71/><F121/><W43/><G108/><T135/><D7/><U92/><E120/><V27/><F109/><W19/><G126/><T9/><D9/><U119/><E125/><V28/><F116/><W89/><G3/><T107/><D66/><U90/><E36/><V55/><F129/><W20/><G31/><T69/><D69/><U81/><E15/><V12/><F65/><W60/><G38/><T78/><D32/><U101/><E117/><V8/><F94/><W46/><G43/><T73/><D73/><U113/><E113/><V4/><REACH who="2" step="1"/><F35/><REACH who="2" ten="237,277,153,323" step="2"/><W124/><G124/><T49/><D107/><U80/><E119/><V5/><F5/><W50/><G40/><T23/><D41/><U77/><E77/><V130/><F130/><W33/><G33/><T134/><D78/><U88/><E101/><V67/><F67/><AGARI ba="0,1" hai="57,62,67,80,81,82,88,90,92,93,95,96,98,99" machi="67" ten="50,8000,1" yaku="29,2,8,1,52,1,54,1" doraHai="53" who="1" fromWho="2" sc="237,0,277,90,153,-80,323,0" />
</Scene>
<Scene>
<INIT seed="3,0,0,0,3,11" ten="237,367,73,323" oya="3" hai0="50,110,55,30,126,35,93,59,6,27,100,88,62" hai1="23,31,97,75,26,115,80,109,71,112,34,133,61" hai2="84,68,51,2,5,16,1,8,38,45,99,89,96" hai3="78,7,135,83,19,41,127,43,52,33,79,85,105"/><W57/><G105/><T122/><D122/><U25/><E109/><V77/><F68/><W24/><G135/><T64/><D110/><U37/><E133/><V48/><F1/><W134/><G134/><T63/><D126/><U46/><E97/><V73/><F38/><W28/><G127/><T0/><D100/><U36/><E23/><V121/><F121/><W54/><G54/><T56/><D6/><U3/><E25/><V95/><F51/><W10/><G19/><T53/><D0/><U128/><E3/><V58/><F58/><W130/><G79/><T12/><D12/><U111/><E128/><V4/><F4/><W14/><REACH who="3" step="1"/><G130/><REACH who="3" ten="237,367,73,313" step="2"/><T120/><D120/><U125/><E125/><V118/><F118/><W67/><G67/><T108/><D108/><U40/><E111/><V39/><F77/><W32/><G32/><T65/><REACH who="0" step="1"/><D50/><AGARI ba="0,1" hai="7,10,14,24,28,33,41,43,50,52,57,78,83,85" machi="50" ten="30,11600,0" yaku="1,1,7,1,52,1,54,1,53,0" doraHai="11" doraHaiUra="13" who="3" fromWho="0" sc="237,-116,367,0,73,0,313,126" />
</Scene>
<Scene>
<INIT seed="3,1,0,4,2,4" ten="121,367,73,439" oya="3" hai0="60,125,66,108,41,97,105,109,42,52,20,85,59" hai1="32,14,56,74,92,94,64,48,26,99,63,134,62" hai2="112,2,115,116,135,70,47,122,46,34,76,24,113" hai3="8,21,40,67,29,110,25,45,129,71,87,132,95"/><W7/><G132/><T10/><D125/><U75/><E134/><V58/><F70/><W96/><G129/><T16/><D85/><U119/><E119/><V89/><F135/><W1/><G110/><N who="0" m="42603" /><D66/><U30/><E92/><V28/><F116/><W27/><G87/><T18/><D20/><U65/><E48/><V123/><F76/><W130/><G130/><T82/><D82/><U68/><REACH who="1" step="1"/><E14/><REACH who="1" ten="121,357,73,439" step="2"/><V54/><F2/><W44/><G27/><T103/><D18/><U114/><E114/><V5/><F5/><W31/><G31/><T117/><D117/><U104/><E104/><V126/><F126/><W73/><G73/><T15/><AGARI ba="1,1" hai="10,15,16,41,42,52,59,60,97,103,105" m="42603" machi="15" ten="30,7900,0" yaku="14,1,52,1,54,2" doraHai="4" who="0" fromWho="0" sc="121,92,357,-21,73,-21,439,-40" />
</Scene>
<Scene>
<INIT seed="4,0,0,4,3,66" ten="213,336,52,399" oya="0" hai0="97,56,42,45,43,49,69,121,14,32,123,68,27" hai1="78,39,59,1,103,75,92,17,0,114,122,63,9" hai2="131,104,61,96,54,84,127,34,116,111,52,135,72" hai3="87,62,41,126,110,58,128,65,93,15,60,106,70"/><T71/><D14/><N who="1" m="7375" /><E39/><V33/><F72/><W53/><G106/><T57/><D97/><N who="1" m="59815" /><E122/><N who="0" m="46601" /><D27/><U107/><E107/><V105/><F111/><W24/><G110/><T76/><D76/><U118/><E118/><V28/><F116/><W44/><G24/><T98/><D98/><U30/><E78/><V120/><F120/><W12/><G128/><T6/><D6/><U86/><E75/><V36/><F36/><W89/><REACH who="3" step="1"/><G126/><REACH who="3" ten="213,336,52,389" step="2"/><T83/><D32/><U108/><E108/><V101/><F127/><W19/><G19/><T82/><D82/><U100/><E30/><V51/><F131/><W115/><G115/><T99/><D83/><U133/><E114/><V8/><F105/><W81/><G81/><T38/><D99/><U77/><E133/><V80/><F135/><W35/><G35/><T109/><D109/><U91/><E77/><V124/><F124/><W29/><G29/><T102/><D102/><U50/><E100/><V46/><F28/><W79/><G79/><T112/><D112/><U7/><E91/><V13/><F80/><W10/><G10/><T21/><D21/><U40/><E7/><V64/><F84/><W18/><G18/><T88/><D88/><U23/><E86/><V3/><F34/><W125/><G125/><T25/><D25/><U85/><E23/><V134/><F33/><W55/><G55/><T90/><D90/><U130/><E85/><V73/><F73/><W4/><G4/><T94/><D94/><U5/><E130/><V117/><F54/><W132/><G132/><T67/><D67/><N who="1" m="39423" /><E5/><N who="2" m="3215" /><F134/><W11/><G11/><T20/><D20/><RYUUKYOKU ba="0,1" sc="213,10,336,10,52,-30,389,10" hai0="38,42,43,45,49,56,57,68,69,71" hai1="0,1,40,50" hai3="12,15,41,44,53,58,60,62,65,70,87,89,93" />
</Scene>
<Scene>
<INIT seed="4,1,1,2,0,21" ten="223,346,22,399" oya="0" hai0="51,25,121,85,118,68,120,20,4,15,97,12,105" hai1="89,101,39,60,132,28,62,128,79,123,5,133,43" hai2="33,16,106,29,102,125,83,41,6,45,24,93,48" hai3="53,18,113,86,110,14,54,71,73,115,38,127,109"/><T9/><D118/><U77/><E123/><V131/><F131/><W11/><G73/><T55/><D68/><U7/><E128/><V61/><F125/><W8/><G38/><T76/><D12/><U112/><E101/><V111/><F111/><N who="3" m="42507" /><G71/><T129/><D129/><U42/><E28/><V108/><F108/><W10/><G86/><T36/><D36/><U117/><E39/><V40/><F6/><N who="1" m="2057" /><E117/><V116/><F116/><W95/><G95/><T103/><D85/><U50/><E89/><V80/><F106/><W32/><G32/><T57/><REACH who="0" step="1"/><D76/><REACH who="0" ten="213,346,22,399" step="2"/><U90/><E79/><V46/><F61/><W52/><G127/><T88/><D88/><U59/><E90/><V0/><F0/><W13/><G13/><T135/><D135/><U124/><E77/><V27/><F102/><W47/><G47/><T75/><D75/><U31/><E124/><V94/><F80/><W126/><G126/><T23/><D23/><U35/><E132/><V92/><F83/><W69/><G69/><T2/><D2/><U26/><E133/><V84/><F84/><W49/><G49/><T130/><D130/><U17/><E50/><V87/><F87/><W63/><G63/><T78/><D78/><U81/><E62/><V134/><F134/><W58/><G58/><T65/><D65/><U37/><E59/><V119/><F119/><W122/><G122/><T107/><D107/><U99/><E60/><V104/><F104/><W98/><G98/><T22/><D22/><U100/><E99/><V30/><F48/><W67/><G67/><T82/><D82/><U96/><E81/><RYUUKYOKU ba="1,2" sc="213,15,346,-15,22,-15,399,15" hai0="4,9,15,20,25,51,55,57,97,103,105,120,121" hai3="8,10,11,14,18,52,53,54,113,115" />
</Scene>
<Scene>
<INIT seed="4,2,2,5,4,64" ten="228,331,7,414" oya="0" hai0="13,61,37,30,15,41,119,73,66,22,70,95,26" hai1="110,33,36,78,24,107,79,77,5,28,112,85,62" hai2="74,75,45,103,27,20,11,81,67,6,46,53,12" hai3="55,48,92,86,118,82,56,51,39,109,8,38,47"/><T115/><D119/><U133/><E107/><V132/><F132/><W113/><G109/><T9/><D115/><U122/><E110/><V4/><F103/><W121/><G118/><T60/><D73/><U117/><E36/><V128/><F128/><W50/><G121/><T63/><D13/><U87/><E122/><V123/><F123/><W25/><G113/><T34/><D34/><U124/><E117/><V19/><F67/><W106/><G106/><T135/><D135/><U130/><E133/><V127/><F127/><W29/><G92/><T114/><D114/><U131/><E112/><V91/><F74/><W94/><G94/><T90/><D41/><U97/><E124/><V72/><F75/><W0/><G8/><T129/><D37/><U3/><E97/><V32/><F72/><W71/><G71/><T89/><D129/><N who="1" m="49163" /><E62/><V111/><F111/><W69/><G69/><T42/><D42/><U31/><E31/><N who="2" m="17895" /><F32/><W57/><G0/><T10/><D89/><U7/><E3/><V80/><F91/><N who="3" m="51671" /><G39/><T125/><D125/><U102/><E102/><V18/><F4/><AGARI ba="2,2" hai="4,5,7,24,28,33,77,78,79,85,87" m="49163" machi="4" ten="30,1000,0" yaku="19,1" doraHai="64" who="1" fromWho="2" sc="228,0,331,36,7,-16,414,0" owari="228,-17.0,367,17.0,-9,-51.0,414,51.0" />
</Scene>
</mjloggm>