<mjloggm ver="2.3"><GO type="169" lobby="0"/><UN n0="%7A%65%72%6F%52%58" n1="%41%79%6F%75%46" n2="%41%6B%61%2D%75%72%61" n3="%E5%A4%AA%E3%81%8F%E3%81%AA%E3%81%84%E3%81%8A" dan="17,18,17,17" rate="2190.48,2214.12,2177.43,2142.97" sx="M,M,F,M"/><TAIKYOKU oya="0"/>

<Scene>
<INIT seed="0,0,0,3,2,19" ten="250,250,250,250" oya="0" hai0="1,6,34,120,77,107,92,59,121,65,119,21,114" hai1="131,110,36,32,133,93,88,57,96,126,84,127,80" hai2="95,55,61,31,27,26,49,66,10,9,46,123,115" hai3="108,56,4,40,100,94,111,99,73,23,42,24,91"/><T69/><D107/><U90/><E36/><V39/><F123/><W18/><G73/><T83/><D119/><U54/><E32/><V125/><F125/><N who="1" m="47625" /><E110/><N who="3" m="42026" /><G4/><T105/><D105/><U35/><E35/><V113/><F39/><W64/><G100/><T104/><D104/><U72/><E133/><V60/><F60/><AGARI ba="0,0" hai="18,23,24,40,42,56,60,64,91,94,99" m="42026" machi="60" ten="30,2000,0" yaku="14,1,52,1" doraHai="19" who="3" fromWho="2" sc="250,0,250,0,250,-20,250,20" />
</Scene>
<Scene>
<INIT seed="1,0,0,5,2,5" ten="250,250,230,270" oya="1" hai0="89,134,70,50,45,91,57,125,110,78,8,20,105" hai1="93,131,133,73,106,72,67,44,120,46,19,23,123" hai2="108,96,41,10,98,118,100,25,77,7,36,99,74" hai3="130,11,30,109,64,52,88,43,39,53,1,97,122"/><U2/><E106/><V92/><F118/><W35/><G122/><T69/><D105/><U55/><E67/><V62/><F108/><W68/><G109/><T48/><D110/><U33/><E33/><V29/><F41/><W82/><G130/><T86/><D134/><U80/><E2/><V63/><F36/><W56/><G68/><T37/><D37/><U40/><E133/><V111/><F111/><W112/><G112/><T18/><D78/><U71/><E71/><V6/><F6/><W61/><G1/><T34/><D91/><U132/><E132/><V24/><F24/><W49/><G39/><T119/><D34/><U51/><E131/><V127/><F127/><W58/><G35/><T128/><D125/><U75/><E93/><V102/><F77/><W66/><G30/><T87/><D87/><U129/><E80/><V104/><F74/><W76/><G43/><T42/><D119/><U15/><REACH who="1" step="1"/><E129/><REACH who="1" ten="250,240,230,270" step="2"/><V94/><F104/><W114/><G114/><T32/><D32/><U17/><E17/><V83/><F83/><W115/><G115/><T13/><D70/><U0/><E0/><V59/><F99/><W28/><G28/><T81/><D69/><U12/><E12/><N who="2" m="5215" /><F29/><W85/><G97/><T54/><REACH who="0" step="1"/><D128/><REACH who="0" ten="240,240,230,270" step="2"/><U84/><E84/><V117/><F117/><W26/><G85/><T101/><D101/><U79/><E79/><V21/><F98/><W47/><G76/><T116/><D116/><U103/><E103/><V65/><F100/><W121/><G88/><T38/><D38/><AGARI ba="0,2" hai="15,19,23,38,40,44,46,51,55,72,73,75,120,123" machi="38" ten="40,12000,1" yaku="1,1,53,3" doraHai="5" doraHaiUra="107" who="1" fromWho="0" sc="240,-120,240,140,230,0,270,0" />
</Scene>
<Scene>
<INIT seed="1,1,0,2,5,63" ten="120,380,230,270" oya="1" hai0="113,132,67,46,66,103,68,129,35,135,34,15,62" hai1="119,98,110,49,105,23,7,17,10,0,58,104,61" hai2="45,53,22,37,111,122,47,118,131,24,38,1,18" hai3="126,84,116,11,92,3,27,16,36,99,79,74,44"/><U100/><E119/><V115/><F118/><W83/><G116/><T56/><D113/><U127/><E127/><V9/><F122/><W57/><G126/><T2/><D2/><U5/><E5/><V95/><F111/><W19/><G57/><T86/><D103/><U114/><E110/><V14/><F131/><W48/><G36/><T26/><D129/><U121/><E49/><V50/><F115/><W4/><G74/><T72/><D72/><U128/><E128/><V117/><F117/><W130/><G27/><T21/><D15/><U39/><E114/><V97/><F1/><W30/><G30/><N who="0" m="17743" /><D46/><U125/><E125/><V71/><F71/><W60/><G60/><N who="0" m="38151" /><D86/><U91/><E39/><V133/><F133/><AGARI ba="1,0" hai="34,35,62,67,68,132,133,135" m="38151,17743" machi="133" ten="30,3900,0" yaku="20,1,52,2" doraHai="63" who="0" fromWho="2" sc="120,42,380,0,230,-42,270,0" />
</Scene>
<Scene>
<INIT seed="2,0,0,1,0,80" ten="162,380,188,270" oya="2" hai0="103,36,53,39,24,45,17,93,120,16,51,49,47" hai1="72,11,116,40,117,12,37,52,87,8,38,71,1" hai2="56,6,22,121,82,118,46,107,109,81,55,77,96" hai3="135,74,54,84,30,83,90,130,70,101,89,67,14"/><V106/><F118/><W2/><G2/><T75/><D75/><U95/><E71/><V94/><F121/><W92/><G135/><T73/><D73/><U132/><E72/><V27/><F109/><W62/><G130/><T100/><D120/><U113/><E1/><V42/><F6/><W131/><G131/><T57/><D57/><U124/><E132/><V110/><F110/><W60/><G101/><T9/><D9/><U15/><E95/><V88/><F106/><W129/><G129/><T108/><D93/><U78/><E40/><V28/><F107/><W134/><G134/><T29/><D108/><U26/><E26/><V61/><REACH who="2" step="1"/><F77/><REACH who="2" ten="162,380,178,270" step="2"/><W128/><G128/><T111/><D111/><U115/><E78/><V65/><F65/><W76/><G67/><T123/><D123/><U50/><E117/><V127/><F127/><W91/><G76/><T99/><D39/><AGARI ba="0,1" hai="22,27,28,39,42,46,55,56,61,81,82,88,94,96" machi="39" ten="30,5800,0" yaku="1,1,7,1,54,1,53,0" doraHai="80" doraHaiUra="97" who="2" fromWho="0" sc="162,-58,380,0,178,68,270,0" />
</Scene>
<Scene>
<INIT seed="2,1,0,1,4,108" ten="104,380,246,270" oya="2" hai0="2,63,0,11,114,127,99,85,103,107,78,130,40" hai1="33,18,77,8,28,131,133,121,135,60,29,9,81" hai2="62,70,111,32,59,4,66,27,91,58,109,69,123" hai3="113,67,1,41,13,46,20,106,5,94,54,52,88"/><V74/><F74/><W96/><G1/><T47/><D130/><U15/><E131/><V87/><F123/><W126/><G126/><T26/><D127/><U31/><E60/><V132/><F4/><W105/><G67/><T89/><D78/><U44/><E44/><V117/><F117/><W19/><G5/><T134/><D134/><N who="1" m="51211" /><E121/><V38/><F38/><W24/><G113/><T82/><D114/><U61/><E61/><N who="2" m="38207" /><F132/><W68/><G68/><T53/><D11/><N who="1" m="6527" /><E33/><V122/><F32/><W10/><G105/><T71/><D26/><U83/><E83/><V64/><F27/><W6/><REACH who="3" step="1"/><G106/><REACH who="3" ten="104,380,246,260" step="2"/><T49/><REACH who="0" step="1"/><D71/><REACH who="0" ten="94,380,246,260" step="2"/><U92/><E9/><V3/><F122/><W129/><G129/><T100/><D100/><U79/><E8/><V115/><F115/><W93/><G93/><T55/><D55/><U7/><E7/><V112/><F112/><W104/><G104/><T45/><D45/><U97/><E81/><N who="2" m="49647" /><F3/><W120/><G120/><T125/><D125/><U98/><E92/><V34/><F70/><W42/><G42/><T84/><D84/><U17/><E98/><V14/><F69/><W21/><G21/><T50/><D50/><AGARI ba="1,2" hai="6,10,13,19,20,24,41,46,50,52,54,88,94,96" machi="50" ten="30,8000,1" yaku="1,1,7,1,8,1,54,2,53,0" doraHai="108" doraHaiUra="80" who="3" fromWho="0" sc="94,-83,380,0,246,0,260,103" />
</Scene>
<Scene>
<INIT seed="3,0,0,3,4,56" ten="11,380,246,363" oya="3" hai0="32,87,109,53,94,3,2,0,78,77,82,54,4" hai1="33,20,125,38,67,101,80,72,74,96,70,52,75" hai2="1,133,103,129,93,41,132,84,30,108,112,11,106" hai3="18,113,50,6,47,83,17,25,73,76,89,100,105"/><W97/><G113/><T85/><D109/><U118/><E33/><V19/><F30/><W117/><G117/><T14/><D32/><U110/><E110/><V131/><F41/><W31/><G6/><T44/><D44/><U58/><E38/><V111/><F1/><W13/><G13/><T114/><D114/><U65/><E70/><V23/><F11/><W115/><G89/><T123/><D123/><U29/><E80/><V126/><F112/><W60/><G60/><T15/><D94/><U55/><E55/><N who="0" m="21001" /><D82/><U12/><E125/><V22/><F22/><W28/><G115/><T79/><D4/><U116/><E67/><V92/><F106/><W35/><REACH who="3" step="1"/><G31/><REACH who="3" ten="11,380,246,353" step="2"/><T107/><D107/><U134/><E12/><AGARI ba="0,1" hai="0,2,3,12,14,15,77,78,79,85,87" m="21001" machi="12" ten="40,2600,0" yaku="28,2" doraHai="56" who="0" fromWho="1" sc="11,36,380,-26,246,0,353,0" />
</Scene>
<Scene>
<INIT seed="4,0,0,1,0,108" ten="47,354,246,353" oya="0" hai0="91,78,133,120,121,0,54,96,60,57,65,98,10" hai1="82,127,64,114,109,17,117,27,4,34,12,85,128" hai2="72,33,74,13,104,44,90,62,116,125,126,59,118" hai3="45,110,102,7,22,103,2,39,124,24,35,76,105"/><T38/><D38/><U9/><E109/><V43/><F33/><W15/><G110/><T112/><D133/><U97/><E117/><N who="2" m="45163" /><F104/><W95/><G105/><T81/><D112/><U70/><E128/><V135/><F13/><W119/><G119/><T100/><D91/><U26/><E127/><N who="2" m="48651" /><F90/><W21/><G15/><T107/><D98/><U53/><E114/><V77/><F77/><W71/><G35/><T123/><D65/><U115/><E115/><V6/><F6/><W11/><G7/><T131/><D131/><U84/><E84/><V47/><F135/><W49/><G76/><T52/><D54/><U23/><E97/><V92/><F92/><W88/><G95/><T30/><D30/><U28/><E53/><N who="2" m="34159" /><F44/><W3/><G45/><T130/><D130/><U25/><E85/><V19/><F19/><W16/><G16/><T106/><D106/><U129/><E82/><V73/><F74/><W36/><G88/><T68/><D68/><U75/><E75/><V61/><F61/><W79/><G79/><T32/><D32/><U93/><E93/><V58/><F58/><W132/><G132/><T51/><D60/><N who="1" m="40199" /><E129/><V87/><F87/><W50/><G124/><T8/><REACH who="0" step="1"/><D0/><AGARI ba="0,0" hai="0,4,9,12,17,23,25,26,27,28,34" m="40199" machi="0" ten="30,1000,0" yaku="24,1" doraHai="108" who="1" fromWho="0" sc="47,-10,354,10,246,0,353,0" />
</Scene>
<Scene>
<INIT seed="5,0,0,4,3,6" ten="37,364,246,353" oya="1" hai0="53,76,40,26,12,43,70,49,86,79,94,29,116" hai1="93,131,8,2,126,55,28,85,57,98,102,38,75" hai2="31,78,95,115,4,22,133,134,19,48,72,54,24" hai3="69,65,50,122,106,90,92,129,52,34,96,121,100"/><U7/><E75/><V88/><F115/><W128/><G34/><T35/><D70/><U87/><E38/><V23/><F4/><W15/><G65/><T104/><D104/><U61/><E28/><V81/><F23/><W56/><G69/><T5/><D116/><U73/><E73/><V68/><F68/><W118/><G118/><T77/><D94/><U59/><E131/><N who="3" m="50250" /><G15/><T20/><D86/><AGARI ba="0,0" hai="50,52,56,86,90,92,96,100,106,121,122" m="50250" machi="86" ten="30,2000,0" yaku="19,1,54,1" doraHai="6" who="3" fromWho="0" sc="37,-20,364,0,246,0,353,20" />
</Scene>
<Scene>
<INIT seed="6,0,0,1,5,86" ten="17,364,246,373" oya="2" hai0="65,28,124,114,73,6,80,24,41,14,125,67,4" hai1="129,111,115,53,31,26,52,117,30,27,71,103,83" hai2="17,126,49,79,59,104,90,88,51,68,33,97,12" hai3="10,84,94,34,40,15,99,87,42,93,81,39,131"/><V58/><F68/><W82/><G34/><T36/><D114/><U110/><E71/><V74/><F33/><W135/><G135/><T91/><D41/><N who="3" m="15977" /><G131/><T121/><D36/><U48/><E103/><V35/><F35/><W119/><G39/><T89/><D121/><U7/><E7/><N who="0" m="2601" /><D14/><U57/><E115/><V1/><F1/><W11/><G119/><T132/><D73/><U116/><E83/><N who="3" m="31754" /><G94/><T45/><D80/><U38/><E38/><V44/><F74/><W72/><G72/><T112/><D45/><U128/><E57/><N who="2" m="21515" /><F79/><W19/><G11/><T133/><D112/><U113/><E113/><V108/><F104/><W75/><G75/><T123/><D123/><U13/><E13/><V98/><F126/><N who="0" m="48746" /><D24/><U29/><E29/><V9/><F108/><W46/><G46/><T66/><D28/><U54/><E54/><N who="2" m="29991" /><F51/><AGARI ba="0,0" hai="26,27,30,31,48,51,52,53,110,111,116,117,128,129" machi="51" ten="25,3200,0" yaku="22,2,54,1" doraHai="86" who="1" fromWho="2" sc="17,0,364,32,246,-32,373,0" />
</Scene>
<Scene>
<INIT seed="7,0,0,5,3,135" ten="17,396,214,373" oya="3" hai0="67,21,62,117,59,108,23,68,109,64,51,91,29" hai1="83,8,49,133,78,96,125,57,41,63,7,118,134" hai2="76,120,129,10,97,34,69,94,1,102,37,28,82" hai3="26,45,95,106,40,72,90,84,71,80,44,77,89"/><W87/><G106/><T93/><D117/><U38/><E118/><V131/><F94/><W122/><G122/><T5/><D5/><U11/><E125/><V60/><F37/><W0/><G0/><T47/><D21/><U31/><E31/><V111/><F120/><W61/><G26/><T22/><D22/><U12/><E38/><V123/><F123/><W33/><G33/><T43/><D29/><U9/><E96/><V13/><F13/><W4/><G4/><T110/><D23/><U30/><E30/><V2/><F111/><W42/><G71/><T6/><D6/><U24/><E24/><V101/><F10/><N who="1" m="4201" /><E63/><V88/><F88/><W112/><G61/><T105/><D105/><U92/><E92/><V32/><F97/><W124/><G112/><T66/><D91/><U35/><E57/><V132/><F60/><W39/><G124/><T54/><REACH who="0" step="1"/><D93/><REACH who="0" ten="7,396,214,373" step="2"/><U86/><E35/><V116/><F28/><W27/><G27/><T81/><D81/><U58/><E134/><V121/><F82/><W104/><G104/><T53/><D53/><N who="1" m="32047" /><E133/><V16/><F116/><W107/><G107/><T3/><D3/><U128/><E128/><V126/><F132/><W56/><G56/><T130/><D130/><U98/><E98/><V46/><F129/><W114/><G114/><T17/><D17/><U36/><E41/><N who="3" m="15978" /><G39/><T55/><D55/><U70/><E36/><V113/><F16/><W79/><G72/><T85/><D85/><U103/><E70/><V52/><F1/><W19/><G19/><T73/><D73/><U99/><E99/><V115/><F2/><RYUUKYOKU ba="0,1" sc="7,10,396,10,214,-30,373,10" hai0="43,47,51,54,59,62,64,66,67,68,108,109,110" hai1="7,11,12,78,83,86,103" hai3="44,45,77,79,80,84,87,89,90,95" />
</Scene>
<Scene>
<INIT seed="7,1,1,4,5,96" ten="17,406,184,383" oya="3" hai0="2,52,60,74,19,45,41,113,77,66,132,26,27" hai1="82,14,12,109,61,83,10,57,123,54,71,67,73" hai2="130,43,38,108,1,59,15,28,94,36,112,88,53" hai3="58,5,128,30,65,105,129,85,116,50,44,4,104"/><W8/><G116/><T126/><D126/><U100/><E109/><V40/><F1/><W7/><G8/><T42/><D2/><U122/><E14/><V86/><F108/><W51/><G30/><T78/><D132/><U20/><E20/><V32/><F130/><N who="3" m="50283" /><G85/><T76/><D74/><U9/><E9/><V55/><F55/><N who="3" m="32127" /><G65/><T18/><D113/><U13/><E13/><V39/><F112/><W92/><G92/><T95/><D66/><U134/><E134/><V89/><F89/><W47/><G44/><T111/><D111/><U56/><E100/><V117/><F117/><W23/><G23/><T121/><D121/><U16/><E71/><V11/><F28/><W124/><G124/><T68/><D68/><U46/><E46/><V115/><F32/><W99/><G99/><T114/><D114/><U101/><E101/><V22/><F22/><W97/><G97/><T25/><D95/><U33/><E33/><V69/><F69/><W125/><G125/><T90/><D90/><U29/><E29/><V31/><F31/><W0/><G0/><T64/><D64/><U63/><E83/><V102/><F102/><W80/><G80/><T81/><D81/><U119/><REACH who="1" step="1"/><E119/><REACH who="1" ten="17,396,184,383" step="2"/><V70/><F115/><W118/><G118/><T49/><REACH who="0" step="1"/><D60/><REACH who="0" ten="7,396,184,383" step="2"/><U21/><E21/><V127/><F70/><W17/><G17/><T24/><N who="0" m="6144" /><DORA hai="91" /><T84/><D84/><U48/><E48/><N who="2" m="31143" /><F127/><W75/><G75/><T3/><D3/><U79/><AGARI ba="1,3" hai="10,12,16,54,56,57,61,63,67,73,79,82,122,123" machi="79" ten="30,7900,0" yaku="1,1,0,1,54,1,53,1" doraHai="96,91" doraHaiUra="131,106" who="1" fromWho="1" sc="7,-21,396,112,184,-21,383,-40" owari="-14,-51.0,508,61.0,163,-24.0,343,14.0" />
</Scene>
</mjloggm>