<mjloggm ver="2.3"><GO type="169" lobby="0"/><UN n0="%E3%81%9C%E3%82%8D%E3%82%81%E3%81%90" n1="%E4%B8%AD%E6%9D%91%E8%B1%AA" n2="%E3%81%82%E3%81%B2%E3%82%8B%E3%81%95%E3%82%93" n3="%E5%A4%AA%E3%81%8F%E3%81%AA%E3%81%84%E3%81%8A" dan="16,16,16,18" rate="2060.96,2142.89,2125.63,2262.44" sx="F,M,M,M"/><TAIKYOKU oya="0"/>

<Scene>
<INIT seed="0,0,0,5,4,23" ten="250,250,250,250" oya="0" hai0="103,63,21,60,120,68,43,6,92,4,66,118,45" hai1="18,1,111,133,30,11,48,14,17,83,61,127,82" hai2="53,50,32,31,114,22,79,59,131,99,91,94,110" hai3="84,88,71,121,130,112,64,39,107,47,9,35,113"/><T115/><D115/><U28/><E111/><V105/><F114/><W15/><G107/><T56/><D118/><U96/><E127/><V26/><F110/><W101/><G101/><T124/><D120/><U57/><E133/><V76/><F131/><W38/><G35/><T122/><D122/><U33/><E1/><V29/><REACH who="2" step="1"/><F105/><REACH who="2" ten="250,250,240,250" step="2"/><W95/><G121/><T90/><D124/><U51/><E33/><V24/><AGARI ba="0,1" hai="22,24,26,29,31,32,50,53,59,76,79,91,94,99" machi="24" ten="30,12000,2" yaku="1,1,2,1,0,1,52,2,53,2" doraHai="23" doraHaiUra="27" who="2" fromWho="2" sc="250,-60,250,-30,240,130,250,-30" />
</Scene>
<Scene>
<INIT seed="1,0,0,0,0,54" ten="190,220,370,220" oya="1" hai0="82,122,71,47,44,104,74,107,40,100,133,111,86" hai1="124,128,48,57,99,75,105,85,117,89,60,36,96" hai2="43,20,30,120,132,46,9,102,12,21,18,38,61" hai3="8,90,115,39,72,129,119,10,67,93,58,15,4"/><U55/><E36/><V84/><F120/><W45/><G115/><T108/><D74/><U112/><E75/><V88/><F132/><W17/><G72/><T126/><D71/><U33/><E33/><V41/><F41/><W49/><G39/><T52/><D133/><U50/><E117/><V103/><F30/><W127/><G119/><T135/><D135/><U121/><E112/><V64/><F103/><W125/><G129/><T24/><D122/><U116/><E121/><V51/><F102/><W14/><G67/><T27/><D126/><U66/><E116/><V62/><F62/><W114/><G114/><T131/><D131/><U87/><E124/><V6/><F38/><W37/><G37/><T73/><D73/><U5/><E105/><V101/><F101/><W77/><G77/><T70/><D70/><U80/><E5/><V34/><F34/><W83/><G58/><T22/><D40/><U56/><E128/><V98/><F98/><N who="1" m="37417" /><E87/><V35/><F35/><W79/><G93/><T134/><D134/><U106/><E106/><V92/><REACH who="2" step="1"/><F6/><REACH who="2" ten="190,220,360,220" step="2"/><W97/><G97/><T42/><D42/><U25/><E25/><V130/><F130/><W76/><G127/><T3/><D100/><U2/><E2/><V118/><F118/><W94/><G125/><T32/><D32/><U81/><E48/><V95/><F95/><AGARI ba="0,1" hai="50,55,56,57,60,66,80,81,85,89,95" m="37417" machi="95" ten="30,5800,0" yaku="8,1,52,2" doraHai="54" who="1" fromWho="2" sc="190,0,220,68,360,-58,220,0" />
</Scene>
<Scene>
<INIT seed="1,1,0,0,5,26" ten="190,288,302,220" oya="1" hai0="10,55,31,134,135,103,92,131,79,38,125,48,13" hai1="23,27,116,99,113,11,16,100,47,30,98,17,89" hai2="35,53,83,85,123,45,129,50,40,102,65,41,6" hai3="107,122,18,59,88,58,112,74,37,133,77,29,90"/><U22/><E113/><V109/><F123/><W51/><G37/><T106/><D38/><U75/><E75/><V19/><F109/><W105/><G122/><T5/><D125/><U42/><E116/><V4/><F129/><W97/><G112/><T108/><D131/><U76/><E76/><V43/><F65/><W49/><G18/><T21/><D106/><U34/><E89/><V111/><F111/><W124/><G77/><T78/><D108/><U115/><E115/><V91/><F102/><W68/><G74/><T28/><D135/><U121/><E121/><V70/><F70/><W132/><G68/><T7/><D134/><U119/><E119/><V127/><F127/><W95/><G124/><T63/><D63/><U128/><E128/><V104/><F104/><W12/><G12/><T1/><D1/><U64/><E64/><V120/><F120/><W20/><G20/><T39/><D39/><U118/><E118/><V0/><F0/><W61/><G61/><T101/><D5/><U3/><E34/><V80/><F35/><W44/><G44/><N who="0" m="28039" /><D21/><U87/><E3/><V56/><F56/><W15/><G15/><T117/><D117/><U62/><E62/><V71/><F71/><W93/><REACH who="3" step="1"/><G97/><REACH who="3" ten="190,288,302,210" step="2"/><N who="0" m="59559" /><D103/><U69/><E100/><V54/><F45/><W8/><G8/><T81/><D79/><U94/><E69/><V14/><F14/><W67/><G67/><T25/><D25/><N who="1" m="16703" /><E11/><V114/><F114/><W126/><G126/><T52/><D52/><U72/><E72/><V86/><F53/><W57/><G57/><T66/><D66/><U96/><E22/><RYUUKYOKU ba="1,1" sc="190,15,288,-15,302,-15,210,15" hai0="7,10,13,28,31,78,81" hai3="29,49,51,58,59,88,90,93,95,105,107,132,133" />
</Scene>
<Scene>
<INIT seed="2,2,1,0,3,56" ten="205,273,287,225" oya="2" hai0="96,29,112,39,83,18,119,106,1,45,98,43,117" hai1="34,103,13,100,11,74,50,122,125,121,2,32,84" hai2="72,77,115,30,128,10,35,61,69,36,49,41,0" hai3="64,5,113,129,47,62,132,120,82,16,63,53,60"/><V108/><F115/><W44/><G120/><N who="1" m="46186" /><E74/><V15/><F128/><W40/><G5/><T95/><D112/><U133/><E2/><V57/><F0/><W107/><G113/><T89/><D1/><U3/><E3/><V17/><F36/><W37/><G107/><T66/><D29/><U31/><E125/><V24/><F69/><W28/><G28/><T126/><D126/><U110/><E110/><V12/><F108/><W86/><G129/><T92/><D106/><U75/><E75/><V65/><F72/><W116/><G116/><N who="0" m="44619" /><D83/><U73/><E73/><V46/><F15/><W4/><G4/><T85/><D66/><U135/><E84/><V27/><F24/><W91/><G132/><N who="1" m="50762" /><E50/><V22/><REACH who="2" step="1"/><F77/><REACH who="2" ten="205,273,277,225" step="2"/><W80/><G37/><T7/><D39/><U87/><E13/><V59/><F59/><W51/><G47/><T52/><D45/><U9/><E32/><AGARI ba="2,2" hai="10,12,17,22,27,30,32,35,41,46,49,57,61,65" machi="32" ten="40,3900,0" yaku="1,1,52,1,53,0" doraHai="56" doraHaiUra="48" who="2" fromWho="1" sc="205,0,273,-45,277,65,225,0" />
</Scene>
<Scene>
<INIT seed="2,3,0,4,5,89" ten="205,228,342,225" oya="2" hai0="109,99,43,7,127,82,45,123,26,106,79,68,51" hai1="77,28,2,124,113,132,39,13,83,1,33,54,101" hai2="38,47,67,133,50,92,111,30,97,11,9,15,117" hai3="61,55,80,87,103,12,8,114,131,125,112,0,19"/><V5/><F117/><W29/><G125/><T85/><D123/><U27/><E113/><N who="3" m="43626" /><G131/><T36/><D127/><U96/><E39/><V118/><F118/><W116/><G116/><T81/><D109/><U6/><E132/><V120/><F120/><W84/><G29/><T93/><D68/><U128/><E128/><V4/><F133/><W64/><G103/><T49/><D106/><U21/><E54/><V88/><F111/><W60/><G0/><T44/><D7/><U72/><E124/><V18/><F38/><W65/><G55/><T42/><D26/><U34/><E34/><V107/><F107/><W58/><G80/><N who="0" m="47263" /><D36/><U122/><E122/><V100/><F30/><W24/><G24/><T71/><D71/><AGARI ba="3,0" hai="8,12,19,58,60,61,64,65,71,84,87" m="43626" machi="71" ten="30,1000,0" yaku="11,1" doraHai="89" who="3" fromWho="0" sc="205,-19,228,0,342,0,225,19" />
</Scene>
<Scene>
<INIT seed="3,0,0,3,5,69" ten="186,228,342,244" oya="3" hai0="96,40,105,123,70,37,115,80,121,31,62,12,132" hai1="106,116,63,15,125,133,100,131,91,127,109,64,14" hai2="13,88,72,4,74,83,20,85,7,10,65,81,108" hai3="66,103,135,49,44,82,75,130,11,95,90,59,93"/><W34/><G34/><T18/><D132/><U33/><E109/><V46/><F108/><W16/><G135/><T25/><D115/><U48/><E133/><V47/><F65/><W55/><G130/><T43/><D80/><U134/><E134/><V26/><F4/><W45/><G75/><T24/><D24/><U52/><E33/><V78/><REACH who="2" step="1"/><F74/><REACH who="2" ten="186,228,332,244" step="2"/><W124/><G66/><T107/><D123/><U28/><E64/><V113/><F113/><W79/><G124/><T102/><D121/><U56/><E125/><V61/><F61/><W35/><G35/><T36/><D62/><U97/><E63/><V94/><F94/><W17/><G93/><T2/><D107/><U86/><E127/><V117/><F117/><W30/><G95/><T5/><D5/><U99/><E116/><V128/><F128/><W23/><G82/><T3/><D70/><U42/><E131/><V120/><F120/><W77/><G103/><T71/><D71/><U6/><E6/><V67/><F67/><W29/><G90/><T54/><D54/><U32/><E99/><V101/><F101/><W21/><G55/><T84/><D84/><U114/><E114/><V60/><F60/><W53/><G53/><T22/><D43/><U68/><E68/><V112/><F112/><W110/><G110/><T8/><REACH who="0" step="1"/><D40/><REACH who="0" ten="176,228,332,244" step="2"/><U1/><E42/><V118/><F118/><W27/><G79/><T76/><D76/><U57/><E86/><V0/><F0/><AGARI ba="0,2" hai="0,2,3,8,12,18,22,25,31,36,37,96,102,105" machi="0" ten="40,5200,0" yaku="1,1,52,2,53,0" doraHai="69" doraHaiUra="41" who="0" fromWho="2" sc="176,72,228,0,332,-52,244,0" />
</Scene>
<Scene>
<INIT seed="4,0,0,2,3,129" ten="248,228,280,244" oya="0" hai0="7,84,49,59,74,47,2,73,77,99,19,70,63" hai1="88,37,90,60,134,26,104,127,109,51,54,98,57" hai2="11,111,117,133,4,68,66,29,89,97,65,118,114" hai3="53,61,67,23,79,100,91,83,126,22,92,44,81"/><T52/><D70/><U30/><E37/><V122/><F111/><W94/><G126/><T62/><D99/><U55/><E109/><V27/><F122/><W12/><G100/><T71/><D71/><U131/><E131/><V28/><F28/><W3/><G3/><T6/><D63/><U58/><E127/><V9/><F9/><W42/><G53/><T13/><D2/><U16/><E134/><V46/><F89/><W120/><G120/><T64/><D74/><U45/><E104/><V18/><F18/><W80/><G79/><T130/><D73/><U25/><E98/><V40/><F97/><W75/><G75/><T41/><D41/><N who="1" m="25007" /><E30/><V115/><F66/><W43/><G12/><T10/><REACH who="0" step="1"/><D130/><REACH who="0" ten="238,228,280,244" step="2"/><U35/><E60/><V112/><F68/><W101/><G42/><T82/><AGARI ba="0,1" hai="6,7,10,13,19,47,49,52,59,62,64,77,82,84" machi="82" ten="30,18000,2" yaku="1,1,2,1,0,1,8,1,54,1,53,2" doraHai="129" doraHaiUra="1" who="0" fromWho="0" sc="238,190,228,-60,280,-60,244,-60" />
</Scene>
<Scene>
<INIT seed="4,1,0,3,2,55" ten="428,168,220,184" oya="0" hai0="115,34,76,5,41,125,2,46,94,109,112,113,71" hai1="57,49,60,59,83,132,123,12,111,35,91,74,21" hai2="104,20,10,88,48,52,13,45,30,92,79,51,1" hai3="96,65,64,124,32,120,61,118,103,26,39,67,77"/><T105/><D105/><U50/><E35/><V56/><F104/><W37/><G118/><T19/><D71/><U108/><E123/><V44/><F1/><W18/><G124/><T25/><D125/><U80/><E132/><V119/><F79/><W98/><G120/><T23/><D109/><U63/><E12/><V22/><F30/><W78/><G61/><T84/><D34/><U95/><E21/><N who="2" m="8299" /><F48/><N who="1" m="18537" /><E74/><V54/><F54/><W42/><G18/><T66/><D66/><N who="1" m="39183" /><E111/><V75/><F75/><W114/><G32/><T43/><D76/><U58/><E108/><V135/><F135/><W82/><G78/><T28/><D2/><U6/><E6/><N who="2" m="3287" /><F119/><W31/><G31/><T127/><D28/><U16/><E16/><V62/><F62/><W101/><G26/><T27/><D27/><U4/><E4/><V68/><F68/><W86/><G77/><T47/><D5/><U89/><E63/><V69/><F69/><W73/><G73/><T110/><D110/><U24/><E24/><V70/><F70/><W122/><G122/><T36/><D127/><U9/><E9/><V102/><F102/><W121/><G101/><T33/><D33/><U106/><E106/><V72/><F72/><W129/><G103/><T131/><D113/><U97/><E89/><V3/><F3/><W107/><G107/><T38/><D115/><U11/><E11/><V90/><F90/><W7/><G114/><T128/><D112/><U130/><E130/><V100/><F100/><W134/><G129/><T133/><D133/><U40/><E40/><V17/><F17/><W117/><G134/><RYUUKYOKU ba="1,0" sc="428,10,168,10,220,10,184,-30" hai0="19,23,25,36,38,41,43,46,47,84,94,128,131" hai1="58,59,80,83,91,95,97" hai2="44,45,51,52,56,88,92" />
</Scene>
<Scene>
<INIT seed="4,2,0,4,2,67" ten="438,178,230,154" oya="0" hai0="74,109,103,45,101,108,70,11,73,59,91,130,135" hai1="7,85,25,129,33,133,87,97,132,79,69,30,18" hai2="40,66,78,118,24,68,88,1,96,50,49,64,23" hai3="13,60,42,117,104,34,127,16,93,15,5,44,38"/><T6/><D135/><N who="1" m="51787" /><E129/><V52/><F1/><W119/><G104/><T111/><D130/><U121/><E121/><V46/><F78/><W84/><G34/><T107/><D45/><U94/><E7/><V86/><F96/><W131/><G131/><T4/><D70/><U43/><E43/><V114/><F114/><W51/><G127/><T106/><D59/><U65/><E18/><N who="2" m="12407" /><F68/><W37/><G5/><N who="0" m="2155" /><D91/><N who="1" m="55519" /><E79/><V77/><F77/><W72/><G15/><T31/><D11/><U19/><E19/><V36/><F36/><W105/><G38/><T58/><D58/><U123/><E123/><V54/><F118/><W48/><G117/><T57/><D57/><U126/><E126/><V124/><F124/><W116/><G119/><T115/><D31/><U39/><E39/><V22/><F22/><W122/><G116/><T76/><D115/><U100/><E100/><N who="0" m="38473" /><D76/><U110/><E110/><V27/><F27/><W99/><G122/><T12/><D12/><U82/><E82/><N who="2" m="49239" /><F40/><W75/><G37/><T98/><D98/><U80/><E80/><V81/><F81/><W47/><G99/><T128/><D128/><U95/><E95/><V17/><F17/><W125/><G125/><T112/><D112/><U63/><AGARI ba="2,0" hai="25,30,33,63,65,69,85,87" m="55519,51787" machi="63" ten="30,2000,0" yaku="20,1,52,1" doraHai="67" who="1" fromWho="1" sc="438,-12,178,26,230,-7,154,-7" />
</Scene>
<Scene>
<INIT seed="5,0,0,2,5,116" ten="426,204,223,147" oya="1" hai0="73,75,4,119,109,93,60,31,124,100,90,53,105" hai1="85,10,22,28,49,115,14,40,5,101,103,61,65" hai2="20,89,96,27,111,13,97,67,50,30,33,15,41" hai3="79,77,68,72,63,17,12,19,8,47,120,131,29"/><U23/><E115/><V69/><F111/><W39/><G120/><T87/><D109/><U43/><E85/><V2/><F2/><W52/><G131/><T121/><D121/><U58/><E22/><V64/><F69/><W130/><G130/><T48/><D124/><U94/><E49/><V62/><F33/><W70/><G29/><T45/><D119/><U113/><E113/><V133/><F133/><W16/><G39/><T71/><D4/><U34/><E34/><V128/><F128/><W91/><G72/><T78/><D78/><N who="3" m="29705" /><G68/><T76/><D76/><U74/><E74/><V88/><F62/><W84/><G70/><T3/><D3/><U82/><E82/><V86/><F89/><W80/><G63/><T1/><D1/><U127/><E127/><V81/><F67/><W102/><G102/><N who="1" m="38922" /><E94/><V125/><F64/><W108/><G108/><T135/><D75/><U126/><E126/><V117/><F125/><W59/><G59/><T92/><D73/><U66/><E66/><V134/><F134/><W83/><G83/><T42/><D135/><U110/><E110/><V129/><F129/><W26/><G26/><AGARI ba="0,0" hai="5,10,14,23,26,28,40,43,58,61,65" m="38922" machi="26" ten="30,1500,0" yaku="8,1" doraHai="116" who="1" fromWho="3" sc="426,0,204,15,223,0,147,-15" />
</Scene>
<Scene>
<INIT seed="5,1,0,5,0,38" ten="426,219,223,132" oya="1" hai0="108,56,18,115,4,24,63,133,28,76,46,127,116" hai1="50,55,58,83,37,53,124,2,75,89,78,131,94" hai2="15,10,129,66,27,73,100,90,77,29,113,57,84" hai3="112,123,8,36,11,118,104,64,92,19,67,14,125"/><U5/><E131/><V47/><F73/><W31/><G104/><T6/><D108/><U105/><E105/><V48/><F129/><W49/><G36/><T43/><D116/><U103/><E103/><V80/><F100/><W32/><G123/><T20/><D115/><U126/><E37/><V121/><F121/><W102/><G112/><T120/><D120/><U16/><E5/><V13/><F113/><W62/><G118/><T61/><D127/><N who="1" m="48683" /><E2/><V7/><F15/><W81/><G125/><T110/><D4/><U41/><E16/><V91/><F57/><W68/><G64/><T109/><D6/><U70/><E70/><V134/><F66/><W60/><G8/><T0/><D18/><U40/><E55/><V101/><F134/><W39/><G39/><T99/><D0/><U35/><E35/><V132/><F132/><W87/><G32/><T130/><D133/><U85/><AGARI ba="1,0" hai="40,41,50,53,58,75,78,83,85,89,94" m="48683" machi="85" ten="30,6000,0" yaku="18,1,52,2" doraHai="38" who="1" fromWho="1" sc="426,-21,219,63,223,-21,132,-21" />
</Scene>
<Scene>
<INIT seed="5,2,0,0,5,102" ten="405,282,202,111" oya="1" hai0="52,104,41,6,48,2,66,74,51,115,107,108,23" hai1="19,103,128,43,114,88,127,119,8,81,21,129,3" hai2="30,79,133,65,44,85,96,76,80,122,42,124,84" hai3="45,126,36,75,98,15,95,31,101,34,123,105,73"/><U28/><E119/><V40/><F122/><W5/><G123/><T14/><D108/><U92/><E114/><V62/><F133/><W59/><G126/><T27/><D74/><U12/><E127/><V78/><F124/><W55/><G34/><T26/><D2/><U53/><E43/><V112/><F30/><W35/><G35/><T22/><D66/><U29/><E81/><V71/><F112/><W106/><G31/><T97/><D115/><U87/><E103/><V50/><F40/><W117/><G117/><T93/><D41/><U125/><E125/><V86/><REACH who="2" step="1"/><F96/><REACH who="2" ten="405,282,192,111" step="2"/><W38/><G38/><T77/><D97/><U17/><E29/><V9/><F9/><W7/><G36/><T25/><D23/><U58/><E28/><V33/><F33/><W10/><G45/><T63/><D22/><U64/><E128/><V135/><F135/><W83/><G7/><T72/><D6/><U67/><E129/><V68/><F68/><W69/><G69/><T121/><D121/><U57/><E57/><V110/><F110/><W100/><G100/><T118/><D118/><U1/><E21/><V54/><F54/><W47/><G47/><T16/><D52/><U13/><E64/><V94/><F94/><W91/><G101/><T56/><D93/><U20/><E67/><V46/><F46/><W70/><G70/><T111/><D111/><U11/><E11/><V116/><F116/><W109/><G109/><T99/><D56/><U60/><AGARI ba="2,1" hai="1,3,8,12,13,17,19,20,53,58,60,87,88,92" machi="60" ten="20,3900,0" yaku="0,1,7,1,54,1" doraHai="102" who="1" fromWho="1" sc="405,-15,282,55,192,-15,111,-15" />
</Scene>
<Scene>
<INIT seed="5,3,0,1,2,51" ten="390,337,177,96" oya="1" hai0="79,86,116,13,27,84,106,97,121,82,58,108,114" hai1="50,40,72,122,113,105,88,19,6,133,118,117,68" hai2="66,47,16,29,20,103,3,8,7,52,60,41,42" hai3="43,9,99,35,32,11,92,78,54,71,0,125,107"/><U33/><E68/><V94/><F29/><W1/><G107/><T115/><D108/><U130/><E33/><V83/><F66/><W70/><G43/><T36/><D116/><U31/><E31/><V39/><F42/><W111/><G78/><T17/><D36/><U46/><E72/><V64/><F64/><W80/><G80/><T131/><D131/><U95/><E105/><V120/><F120/><W69/><G111/><T28/><D121/><U65/><E65/><V73/><F73/><W25/><G125/><T18/><D84/><U55/><E122/><V110/><F110/><W24/><G70/><T34/><D58/><U87/><E113/><N who="0" m="43017" /><D13/><U112/><E112/><V37/><F37/><W5/><G99/><T129/><D129/><U102/><E102/><AGARI ba="3,0" hai="17,18,27,28,34,79,82,86,97,102,106" m="43017" machi="102" ten="30,1000,0" yaku="15,1" doraHai="51" who="0" fromWho="1" sc="390,19,337,-19,177,0,96,0" />
</Scene>
<Scene>
<INIT seed="6,0,0,5,3,87" ten="409,318,177,96" oya="2" hai0="94,99,22,74,29,89,115,113,107,72,35,8,100" hai1="103,110,83,71,133,57,128,85,31,45,3,7,127" hai2="50,26,56,17,18,27,13,64,101,120,92,53,1" hai3="12,63,33,90,19,134,124,32,5,43,51,61,65"/><V44/><F120/><W69/><G124/><T41/><D35/><U130/><E71/><V23/><F1/><W37/><G134/><T112/><D41/><U47/><E110/><V91/><F101/><W58/><G5/><T108/><D108/><U117/><E117/><V93/><F93/><W60/><G60/><T118/><D8/><N who="1" m="2175" /><E31/><V84/><F18/><W0/><G0/><T66/><D66/><U109/><E109/><V86/><F84/><W54/><G61/><AGARI ba="0,0" hai="13,17,23,26,27,44,50,53,56,61,64,86,91,92" machi="61" ten="40,3900,0" yaku="8,1,52,1" doraHai="87" who="2" fromWho="3" sc="409,0,318,0,177,39,96,-39" />
</Scene>
<Scene>
<INIT seed="6,1,0,4,1,48" ten="409,318,216,57" oya="2" hai0="80,112,9,108,50,30,66,49,53,16,97,36,6" hai1="65,39,124,25,42,123,60,47,92,55,1,35,27" hai2="64,43,102,63,52,115,2,78,96,61,127,101,88" hai3="75,131,107,44,91,14,58,129,13,120,40,26,22"/><V11/><F43/><W72/><G107/><T77/><D36/><U125/><E1/><V90/><F78/><W62/><G120/><T106/><D108/><U68/><E123/><V126/><F115/><W59/><G91/><N who="2" m="34857" /><F2/><W71/><G71/><T37/><D37/><U0/><E0/><V93/><F64/><W46/><G62/><N who="2" m="23561" /><F11/><W114/><G26/><N who="1" m="9738" /><E92/><V29/><F29/><W122/><G22/><T24/><D112/><U103/><E103/><V134/><F134/><W85/><G114/><T19/><D66/><U109/><E35/><V116/><F116/><W111/><G40/><T12/><D106/><U32/><E32/><V89/><F127/><N who="1" m="48713" /><E109/><V34/><F34/><W118/><G111/><T81/><D30/><U4/><E4/><V86/><F126/><W74/><G122/><T23/><D6/><U51/><E39/><V84/><F102/><W17/><G74/><T95/><D77/><U20/><E20/><V67/><F67/><W57/><G118/><T10/><D10/><U8/><E8/><V100/><F100/><W33/><G33/><T54/><D80/><U128/><E42/><V15/><F15/><W121/><G121/><T41/><D81/><U31/><E31/><V45/><F101/><W83/><G83/><T105/><D41/><U113/><E113/><V133/><F133/><W56/><N who="3" m="14336" /><DORA hai="21" /><W7/><G7/><T104/><D104/><U132/><E132/><V82/><F82/><W70/><G72/><T3/><D105/><U73/><E73/><V135/><F135/><W38/><G75/><T98/><D3/><U99/><E99/><RYUUKYOKU ba="1,0" sc="409,-15,318,15,216,15,57,-15" hai1="47,51,55,60,65,68,128" hai2="45,52,84,86,89,93,96" />
</Scene>
<Scene>
<INIT seed="6,2,0,0,1,54" ten="394,333,231,42" oya="2" hai0="112,20,120,33,117,106,111,90,89,46,43,98,129" hai1="113,61,119,47,59,28,131,73,39,99,48,25,69" hai2="109,16,116,103,14,84,22,7,51,125,123,121,133" hai3="74,72,42,24,91,60,56,62,27,2,122,88,38"/><V75/><F116/><W128/><G2/><T35/><D111/><U45/><E73/><V130/><F75/><W10/><G10/><T64/><D120/><U3/><E3/><V0/><F103/><W37/><G42/><T63/><D112/><U110/><E110/><V9/><F109/><W6/><G6/><T80/><D129/><U17/><E119/><V23/><F133/><W102/><G102/><T105/><D105/><U5/><E5/><V82/><F125/><W132/><G132/><T78/><D20/><U13/><E113/><V29/><F130/><W115/><G115/><T19/><D19/><U65/><E131/><V12/><F0/><W134/><G128/><T135/><D135/><U86/><E39/><V126/><F126/><W100/><G134/><T8/><D8/><U77/><E99/><V58/><F123/><W96/><G100/><T94/><D106/><U18/><E69/><V50/><F121/><W124/><G122/><T40/><D89/><U104/><E104/><V68/><F68/><W85/><G124/><T4/><D4/><U83/><E13/><V101/><F101/><W76/><G85/><T81/><D117/><U97/><E97/><V36/><F36/><W92/><G96/><T57/><D98/><U127/><E127/><V53/><F29/><W55/><G55/><T52/><D40/><N who="1" m="24679" /><E45/><V32/><F32/><W15/><G15/><T114/><D114/><U44/><E44/><V95/><F95/><W108/><G108/><T67/><D33/><U70/><E70/><V118/><F118/><W79/><G92/><T49/><D94/><RYUUKYOKU ba="2,0" sc="394,-15,333,15,231,-15,42,15" hai1="17,18,25,28,59,61,65,77,83,86" hai3="24,27,37,38,56,60,62,72,74,76,79,88,91" />
</Scene>
<Scene>
<INIT seed="7,3,0,4,3,19" ten="379,348,216,57" oya="3" hai0="11,113,62,6,97,66,57,91,110,119,35,80,88" hai1="76,17,109,22,100,42,132,133,70,118,101,131,28" hai2="107,25,73,51,20,99,115,125,36,96,78,43,16" hai3="103,105,77,26,82,37,69,27,44,86,15,30,23"/><W32/><G69/><T67/><D110/><U130/><E70/><V123/><F36/><W9/><G105/><T31/><D119/><U104/><E109/><V65/><F115/><W29/><G103/><T68/><D113/><U93/><E28/><V41/><F125/><W2/><G2/><T24/><D67/><U75/><E42/><V39/><F39/><W94/><G94/><T7/><D7/><U114/><E114/><V98/><F107/><W13/><REACH who="3" step="1"/><G9/><REACH who="3" ten="379,348,216,47" step="2"/><T108/><D108/><U117/><E104/><V79/><F123/><W8/><G8/><T47/><D68/><U5/><E93/><V10/><F10/><W63/><G63/><T60/><D62/><U45/><E101/><V126/><F126/><W40/><AGARI ba="3,1" hai="13,15,23,26,27,29,30,32,37,40,44,77,82,86" machi="40" ten="30,6000,0" yaku="1,1,0,1,52,1,53,0" doraHai="19" doraHaiUra="55" who="3" fromWho="3" sc="379,-23,348,-23,216,-23,47,79" />
</Scene>
<Scene>
<INIT seed="7,4,0,5,4,65" ten="356,325,193,126" oya="3" hai0="73,52,42,87,37,17,77,83,56,86,22,120,128" hai1="13,34,135,67,72,109,106,18,132,39,124,58,134" hai2="101,41,102,30,0,21,84,68,25,81,115,26,16" hai3="98,24,60,78,6,114,4,44,103,3,88,80,40"/><W7/><G114/><T125/><D120/><U127/><E106/><V66/><F0/><W110/><G110/><T2/><D2/><U89/><E39/><V122/><F115/><W112/><G112/><T32/><D32/><U92/><E72/><V74/><F74/><W51/><G3/><T121/><D121/><U119/><E34/><V118/><F118/><W104/><G24/><T69/><D69/><U46/><E46/><V57/><F68/><W94/><G60/><T131/><D125/><N who="1" m="48203" /><E119/><V31/><F41/><W111/><G111/><T1/><D1/><U116/><E116/><V117/><F117/><W43/><G43/><T85/><D42/><U95/><E89/><N who="2" m="51343" /><F122/><W70/><G70/><T36/><D36/><U63/><E109/><V35/><F35/><W50/><G50/><N who="0" m="30743" /><D37/><U123/><E123/><V27/><F16/><W79/><REACH who="3" step="1"/><G80/><REACH who="3" ten="356,325,193,116" step="2"/><T107/><D83/><U90/><E63/><N who="2" m="38255" /><F31/><W75/><G75/><T55/><D73/><U15/><E134/><V62/><F62/><W9/><G9/><T126/><D126/><U93/><E132/><V5/><F26/><W11/><G11/><T105/><D55/><U71/><E135/><V99/><F27/><W129/><G129/><T61/><D61/><U38/><E71/><V76/><F30/><W53/><G53/><T28/><D28/><U82/><E18/><V54/><F54/><W45/><G45/><T108/><D108/><U96/><E38/><V10/><F10/><W64/><G64/><T29/><D29/><U33/><E82/><V20/><F25/><W19/><G19/><T130/><D130/><RYUUKYOKU ba="4,1" sc="356,-10,325,-10,193,-10,116,30" hai3="4,6,7,40,44,51,78,79,88,94,98,103,104" />
</Scene>
<Scene>
<INIT seed="7,5,1,1,3,119" ten="346,315,183,146" oya="3" hai0="135,90,103,74,117,111,82,16,10,32,34,73,89" hai1="79,41,109,12,53,18,80,105,57,112,108,68,37" hai2="122,125,101,44,83,91,126,38,129,98,40,72,106" hai3="15,75,115,81,121,120,3,31,88,47,59,94,96"/><W22/><G3/><T56/><D111/><U113/><E105/><V48/><F129/><W51/><G115/><N who="1" m="44106" /><E68/><V27/><F122/><W116/><G116/><T110/><D110/><U29/><E29/><V87/><F72/><W19/><G59/><T49/><D117/><U39/><E41/><V95/><F27/><W67/><G67/><T50/><D135/><U71/><E71/><V13/><F38/><N who="1" m="14345" /><E18/><V86/><F13/><W63/><G63/><T43/><D43/><U77/><E12/><V124/><F87/><W60/><G60/><T78/><D16/><U134/><E134/><V52/><F40/><W20/><G75/><T66/><D66/><U14/><E14/><V2/><F2/><W46/><G81/><AGARI ba="5,1" hai="44,48,52,81,83,86,91,95,98,101,106,124,125,126" machi="81" ten="40,2600,0" yaku="18,1,54,1" doraHai="119" who="2" fromWho="3" sc="346,0,315,0,183,51,146,-41" owari="346,44.0,315,12.0,234,-17.0,105,-39.0" />
</Scene>
</mjloggm>