<mjloggm ver="2.3"><GO type="169" lobby="0"/><UN n0="%E5%A4%AA%E3%81%8F%E3%81%AA%E3%81%84%E3%81%8A" n1="%E3%83%95%E3%83%AA%E3%83%86%E3%83%B3" n2="%68%61%6E%67%61%6B%75" n3="%74%6F%63%68%69%67%69" dan="17,17,16,16" rate="2188.63,2138.64,2043.82,2023.78" sx="M,M,M,M"/><TAIKYOKU oya="0"/>

<Scene>
<INIT seed="0,0,0,4,5,6" ten="250,250,250,250" oya="0" hai0="32,135,120,113,53,46,85,82,76,96,17,21,9" hai1="50,54,28,45,11,94,106,15,57,125,59,52,104" hai2="34,60,109,115,0,2,89,119,127,129,70,93,84" hai3="65,121,128,71,33,48,131,79,20,72,38,118,108"/><T41/><D113/><U107/><E125/><V98/><F115/><W55/><G33/><T101/><D135/><U39/><E28/><V69/><F34/><W18/><G72/><T27/><D120/><U4/><E39/><V77/><F127/><W99/><G79/><T24/><D53/><U23/><E23/><V74/><F109/><W102/><G38/><T25/><D32/><U111/><E111/><V90/><F129/><W78/><G78/><T63/><D63/><U56/><REACH who="1" step="1"/><E94/><REACH who="1" ten="250,240,250,250" step="2"/><V103/><F119/><W16/><G118/><T122/><D122/><U7/><E7/><V14/><F93/><N who="3" m="58735" /><G108/><T29/><D29/><U73/><E73/><V88/><F74/><W40/><G121/><T36/><REACH who="0" step="1"/><D9/><REACH who="0" ten="240,240,250,250" step="2"/><U13/><E13/><V64/><F14/><W37/><G131/><T116/><D116/><U68/><E68/><V100/><F69/><W35/><G128/><T31/><D31/><U8/><E8/><V3/><F70/><W5/><G35/><T133/><D133/><U123/><E123/><V12/><F12/><W134/><G134/><T26/><D26/><U87/><E87/><V43/><F84/><W117/><G117/><T58/><D58/><U110/><E110/><V75/><F2/><W105/><G71/><T22/><D22/><U66/><E66/><V132/><F132/><W92/><G65/><T83/><D83/><U42/><AGARI ba="0,2" hai="4,11,15,42,45,50,52,54,56,57,59,104,106,107" machi="42" ten="40,12000,2" yaku="1,1,0,1,52,1,54,1,53,2" doraHai="6" doraHaiUra="49" who="1" fromWho="1" sc="240,-60,240,140,250,-30,250,-30" />
</Scene>
<Scene>
<INIT seed="1,0,0,5,0,77" ten="180,380,220,220" oya="1" hai0="117,72,91,69,86,22,76,73,39,107,115,129,64" hai1="120,47,110,103,121,11,75,6,61,134,105,60,27" hai2="12,102,83,38,28,40,2,109,17,3,116,58,13" hai3="41,111,32,114,4,52,36,108,106,57,97,21,93"/><U85/><E75/><V132/><F116/><W82/><G32/><T25/><D117/><U29/><E134/><V89/><F132/><W119/><G119/><T96/><D115/><U78/><E110/><N who="3" m="42026" /><G114/><T34/><D39/><U46/><E103/><V112/><F112/><W99/><G106/><T101/><D76/><U49/><E105/><V79/><F102/><W65/><G4/><T48/><D48/><U31/><E47/><V124/><F124/><W67/><G21/><T74/><D129/><U127/><E127/><V126/><F126/><W9/><G9/><T30/><D22/><U37/><E37/><V123/><F123/><W130/><G130/><T54/><D54/><U10/><E10/><V125/><F125/><W118/><G118/><T84/><REACH who="0" step="1"/><D91/><REACH who="0" ten="170,380,220,220" step="2"/><U44/><E49/><V43/><F89/><W68/><G36/><T15/><D15/><U23/><E120/><V24/><F38/><W26/><G41/><T100/><D100/><U133/><E121/><V56/><F13/><W70/><G26/><T20/><D20/><U80/><E133/><V92/><F12/><W45/><G67/><T71/><D71/><U131/><E131/><V18/><F24/><W59/><G68/><T8/><D8/><U42/><E29/><V51/><F51/><W50/><G70/><T62/><AGARI ba="0,1" hai="25,30,34,62,64,69,72,73,74,84,86,96,101,107" machi="62" ten="40,8000,1" yaku="1,1,0,1,25,2,53,0" doraHai="77" doraHaiUra="0" who="0" fromWho="0" sc="170,90,380,-40,220,-20,220,-20" />
</Scene>
<Scene>
<INIT seed="2,0,0,0,0,52" ten="260,340,200,200" oya="2" hai0="17,14,81,84,62,35,65,97,135,13,86,39,91" hai1="43,72,118,93,106,69,123,49,131,108,37,125,78" hai2="44,124,94,70,48,80,11,7,110,51,32,59,121" hai3="95,120,115,54,100,87,41,117,25,8,113,126,47"/><V22/><F121/><W23/><G120/><T58/><D135/><U89/><RYUUKYOKU type="yao9" ba="0,0" sc="260,0,340,0,200,0,200,0" hai1="37,43,49,69,72,78,89,93,106,108,118,123,125,131" />
</Scene>
<Scene>
<INIT seed="2,1,0,2,5,131" ten="260,340,200,200" oya="2" hai0="41,22,29,93,59,55,70,68,63,75,45,8,80" hai1="73,60,62,46,14,9,23,100,40,7,15,71,128" hai2="83,72,58,129,57,130,122,125,12,133,1,120,99" hai3="11,19,121,54,84,78,96,39,32,56,127,20,67"/><V18/><F1/><W6/><G121/><T74/><D93/><U79/><E128/><N who="2" m="49259" /><F125/><W4/><G32/><T3/><D29/><U36/><E100/><V16/><F133/><W135/><G39/><N who="0" m="21695" /><D22/><U118/><E118/><V50/><F99/><W77/><G127/><T102/><D74/><U24/><E71/><V132/><F132/><W66/><G135/><T10/><D10/><U42/><E42/><V111/><F111/><W107/><G107/><T0/><D0/><N who="1" m="231" /><E62/><V124/><F124/><W110/><G96/><T49/><D63/><U5/><E60/><V30/><F30/><W106/><G106/><T64/><D64/><U134/><E5/><V25/><F25/><W109/><G110/><T86/><D86/><U27/><E134/><V81/><F50/><W44/><G109/><T88/><D102/><U13/><E23/><N who="2" m="11655" /><F18/><W69/><G19/><T126/><D126/><U105/><E105/><V35/><F35/><W33/><G33/><T85/><D3/><U114/><E114/><V98/><F98/><W76/><G20/><T2/><D2/><U97/><E97/><V82/><F72/><W47/><G11/><T112/><D112/><U65/><E65/><N who="3" m="24586" /><G69/><N who="0" m="26731" /><D8/><U37/><E37/><V92/><F92/><W48/><G84/><T52/><D75/><U123/><E123/><AGARI ba="1,0" hai="57,58,81,82,83,120,122,123" m="11655,49259" machi="123" ten="40,3900,0" yaku="19,1,54,1" doraHai="131" who="2" fromWho="1" sc="260,0,340,-42,200,42,200,0" />
</Scene>
<Scene>
<INIT seed="2,2,0,2,5,114" ten="260,298,242,200" oya="2" hai0="113,21,92,96,23,53,64,46,94,119,93,109,66" hai1="112,54,115,18,60,48,90,121,134,81,8,29,116" hai2="69,135,31,110,37,103,89,28,22,84,87,126,17" hai3="83,44,106,32,130,85,12,36,9,51,98,78,76"/><V33/><F69/><W10/><G130/><T27/><D113/><U30/><E134/><V102/><F37/><W128/><G128/><T67/><D109/><U104/><E104/><V56/><F135/><W127/><G127/><T20/><D119/><U39/><E39/><V107/><F126/><W132/><G132/><T6/><D6/><U57/><E121/><V75/><F75/><W129/><G129/><T15/><D15/><U58/><E116/><V91/><F110/><W105/><G36/><T73/><D73/><U2/><E115/><V101/><F107/><W25/><G78/><T40/><D53/><U61/><E112/><V42/><F42/><W97/><G105/><T111/><D111/><U4/><E18/><V5/><F5/><W80/><G80/><T3/><D3/><U122/><E122/><V133/><F133/><W16/><G106/><T86/><D86/><U63/><E58/><V108/><F108/><W7/><G32/><T49/><REACH who="0" step="1"/><D27/><REACH who="0" ten="250,298,242,200" step="2"/><U72/><E72/><V14/><F33/><W70/><G70/><T100/><AGARI ba="2,1" hai="20,21,23,40,46,49,64,66,67,92,93,94,96,100" machi="100" ten="30,7900,0" yaku="1,1,2,1,0,1,8,1,53,0" doraHai="114" doraHaiUra="79" who="0" fromWho="0" sc="250,95,298,-22,242,-41,200,-22" />
</Scene>
<Scene>
<INIT seed="3,0,0,5,0,103" ten="345,276,201,178" oya="3" hai0="31,71,1,53,130,120,54,89,39,20,97,118,57" hai1="110,26,122,69,32,42,66,24,95,28,7,105,112" hai2="90,63,115,84,93,58,48,29,133,80,27,72,83" hai3="10,127,59,85,82,77,99,35,21,14,56,117,74"/><W129/><G117/><T64/><D1/><U100/><E112/><V60/><F115/><W88/><G35/><T102/><D39/><U79/><E122/><V87/><F133/><W40/><G129/><T92/><D120/><U134/><E79/><V75/><F48/><W49/><G127/><T37/><D37/><U68/><E134/><V76/><F93/><N who="3" m="56743" /><G74/><T98/><D71/><U116/><E95/><V44/><F44/><N who="3" m="25735" /><G21/><T106/><D118/><U132/><E68/><V128/><F128/><W61/><G61/><T124/><D130/><U19/><E69/><V114/><F114/><W18/><AGARI ba="0,0" hai="10,14,18,56,59,77,82,85" m="25735,56743" machi="18" ten="30,3000,0" yaku="8,1,54,1" doraHai="103" who="3" fromWho="3" sc="345,-10,276,-10,201,-10,178,30" />
</Scene>
<Scene>
<INIT seed="3,1,0,4,3,67" ten="335,266,191,208" oya="3" hai0="99,125,41,36,59,50,54,88,134,100,56,116,43" hai1="16,111,120,8,12,25,130,114,128,124,7,34,64" hai2="19,60,81,57,17,92,22,74,31,5,20,123,119" hai3="63,45,117,82,28,10,65,78,86,87,79,102,75"/><W48/><G117/><T3/><D116/><U94/><E114/><V4/><F119/><W32/><G102/><T15/><D3/><N who="1" m="127" /><E94/><V29/><F123/><W84/><G10/><T38/><D125/><U107/><E107/><V135/><F92/><W6/><G6/><T68/><D68/><U73/><E73/><V35/><F35/><W0/><G0/><T91/><D134/><U126/><E64/><V14/><F135/><W62/><G79/><T97/><D15/><U37/><E37/><V49/><F49/><W76/><G78/><T11/><D11/><N who="1" m="6175" /><E111/><V13/><F74/><W101/><G101/><T106/><D50/><U52/><E52/><N who="2" m="33831" /><F81/><W80/><G82/><T72/><D54/><U39/><E39/><V122/><F122/><W44/><G63/><T24/><D100/><U69/><E69/><V113/><F113/><W53/><G45/><T55/><D55/><U118/><E118/><V127/><F127/><N who="1" m="48681" /><E120/><V2/><F2/><W89/><G89/><T104/><D72/><U30/><AGARI ba="1,0" hai="25,30,34,128,130" m="48681,6175,127" machi="30" ten="30,7900,0" yaku="18,1,34,2,54,1" doraHai="67" who="1" fromWho="1" sc="335,-21,266,82,191,-21,208,-40" />
</Scene>
<Scene>
<INIT seed="4,0,0,0,3,132" ten="314,348,170,168" oya="0" hai0="9,14,13,134,91,131,89,65,87,93,126,62,31" hai1="53,115,3,18,40,113,111,84,88,78,109,94,101" hai2="76,72,43,2,23,98,5,37,96,77,38,122,63" hai3="75,17,46,41,114,52,64,32,71,55,127,95,44"/><T117/><D117/><U69/><E3/><V45/><F122/><W99/><G75/><T20/><D134/><U56/><E69/><V35/><F35/><W34/><G114/><N who="1" m="43530" /><E40/><V57/><F38/><W90/><G127/><T22/><D131/><U92/><E78/><V33/><F33/><W107/><G32/><T97/><D126/><U130/><E130/><V27/><F76/><W25/><G107/><T29/><D29/><U59/><E18/><V68/><F68/><W42/><G64/><T82/><D31/><U60/><E59/><V24/><F24/><W73/><G73/><T119/><D119/><U49/><E60/><V70/><F70/><W12/><G71/><T133/><D133/><U102/><E94/><V58/><F58/><W1/><G1/><T50/><D62/><U135/><E135/><V30/><F57/><W4/><G4/><T0/><D65/><U103/><AGARI ba="0,0" hai="49,53,56,84,88,92,101,102,103,109,111" m="43530" machi="103" ten="30,4000,0" yaku="15,1,11,1,54,1" doraHai="132" who="1" fromWho="1" sc="314,-20,348,40,170,-10,168,-10" />
</Scene>
<Scene>
<INIT seed="5,0,0,2,1,30" ten="294,388,160,158" oya="1" hai0="116,111,44,8,14,108,90,128,33,28,58,92,65" hai1="10,129,122,74,118,64,56,20,54,46,6,18,103" hai2="102,55,60,29,88,21,93,91,82,61,85,42,7" hai3="125,13,99,68,19,106,39,100,77,37,48,97,52"/><U47/><E74/><V105/><F42/><W71/><G125/><T67/><D116/><U34/><E122/><V22/><F7/><W62/><G77/><T57/><D128/><U96/><E64/><V41/><F41/><W15/><G99/><T89/><D44/><U50/><E34/><V104/><F102/><W27/><G27/><T94/><D28/><U75/><E75/><V113/><F113/><W135/><G135/><T38/><D14/><U117/><E129/><V110/><F110/><W112/><G13/><T0/><D8/><U43/><E47/><V36/><F36/><W124/><G124/><T49/><D49/><U5/><E10/><V132/><F132/><W84/><G84/><T17/><D38/><U123/><E123/><V131/><F131/><W70/><G62/><N who="2" m="24169" /><F105/><W130/><G112/><T107/><D17/><U9/><E9/><V127/><F104/><W3/><G3/><T119/><D107/><N who="1" m="63975" /><E118/><V2/><F2/><W72/><G72/><T114/><D0/><U45/><E45/><V87/><F127/><W11/><REACH who="3" step="1"/><G130/><REACH who="3" ten="294,388,160,148" step="2"/><T12/><D114/><U16/><E117/><V80/><F80/><W32/><G32/><T95/><D119/><U63/><E63/><V134/><F134/><W73/><G73/><T86/><D33/><U51/><E43/><V121/><F121/><W76/><G76/><T69/><D12/><U78/><E78/><V126/><F126/><W98/><G98/><N who="0" m="57615" /><D67/><U115/><E115/><V79/><F79/><W66/><G66/><T40/><D40/><N who="1" m="24903" /><E20/><N who="2" m="7787" /><F29/><W133/><G133/><T120/><D65/><U25/><E25/><RYUUKYOKU ba="0,1" sc="294,-30,388,10,160,10,148,10" hai1="5,6,16,18,51,54,56" hai2="55,82,85,87,88,91,93" hai3="11,15,19,37,39,48,52,68,70,71,97,100,106" />
</Scene>
<Scene>
<INIT seed="5,1,1,4,1,135" ten="264,398,170,158" oya="1" hai0="12,61,122,39,67,121,133,9,126,66,90,104,70" hai1="80,5,29,33,105,45,85,56,2,127,8,106,116" hai2="38,63,68,120,117,102,20,118,55,40,16,71,73" hai3="46,84,44,112,75,89,22,0,131,111,52,96,43"/><U92/><E116/><V81/><F120/><N who="0" m="46186" /><D133/><U30/><E92/><V65/><F102/><W119/><G111/><T72/><D104/><U24/><E29/><V114/><F71/><W124/><G75/><T123/><D123/><U6/><E6/><V99/><F99/><W4/><G119/><T103/><D103/><U93/><E93/><V18/><F114/><W42/><G112/><T13/><D72/><U48/><E56/><V50/><F18/><W27/><G131/><T94/><D39/><U14/><E2/><V7/><F7/><W59/><G124/><T101/><D101/><U10/><E10/><V76/><F40/><N who="3" m="15403" /><G4/><N who="0" m="3111" /><D13/><U78/><REACH who="1" step="1"/><E127/><REACH who="1" ten="264,388,170,158" step="2"/><V58/><REACH who="2" step="1"/><F38/><REACH who="2" ten="264,388,160,158" step="2"/><W129/><G129/><T1/><D126/><U41/><AGARI ba="1,3" hai="5,8,14,24,30,33,41,45,48,78,80,85,105,106" machi="41" ten="20,18000,2" yaku="1,1,2,1,0,1,7,1,25,2,53,1" doraHai="135" doraHaiUra="77" who="1" fromWho="1" sc="264,-61,388,213,160,-61,158,-61" />
</Scene>
<Scene>
<INIT seed="5,2,0,1,2,13" ten="203,601,99,97" oya="1" hai0="129,51,82,102,81,10,63,2,109,90,45,128,117" hai1="74,44,60,89,119,41,15,29,50,84,127,77,1" hai2="0,49,116,133,18,85,96,24,80,61,19,36,78" hai3="55,95,46,52,121,115,12,56,83,17,20,65,97"/><U126/><E1/><V88/><F116/><W108/><G121/><T98/><D117/><U125/><E119/><V73/><F36/><W39/><G108/><T42/><D109/><U91/><E74/><V76/><F0/><W34/><G115/><T40/><D40/><U6/><E29/><V43/><F133/><W110/><G110/><T53/><D2/><U69/><E69/><V134/><F134/><W31/><G34/><T62/><D10/><U114/><E114/><V104/><F24/><N who="3" m="16775" /><G39/><T64/><D42/><U7/><E60/><N who="0" m="23081" /><D90/><N who="1" m="34315" /><E15/><V14/><F14/><W106/><G106/><N who="0" m="63831" /><D64/><U71/><E71/><V27/><F27/><W28/><G28/><T112/><D112/><U135/><E135/><V94/><F78/><W130/><G130/><AGARI ba="2,0" hai="45,51,53,81,82,128,129,130" m="63831,23081" machi="130" ten="30,1000,0" yaku="19,1" doraHai="13" who="0" fromWho="3" sc="203,16,601,0,99,0,97,-16" />
</Scene>
<Scene>
<INIT seed="6,0,0,5,3,39" ten="219,601,99,81" oya="2" hai0="87,100,126,23,2,97,28,89,33,14,107,51,73" hai1="74,66,121,59,123,115,44,1,64,60,45,6,94" hai2="99,93,52,71,37,112,30,32,50,21,68,106,113" hai3="47,108,131,85,105,25,58,55,69,101,12,11,120"/><V122/><F122/><N who="1" m="46601" /><E115/><N who="2" m="44107" /><F106/><W96/><G120/><T20/><D2/><U75/><E66/><V134/><F32/><W104/><G69/><N who="2" m="26697" /><F134/><W98/><G108/><T16/><D73/><N who="1" m="27659" /><E94/><V92/><F37/><W125/><G131/><T62/><D51/><U88/><E88/><N who="2" m="55687" /><F93/><W42/><G125/><T81/><D126/><U84/><E84/><V80/><F80/><W91/><G98/><T102/><D102/><U82/><E82/><V10/><F10/><AGARI ba="0,0" hai="1,6,10,44,45,59,60,64" m="27659,46601" machi="10" ten="30,1000,0" yaku="13,1" doraHai="39" who="1" fromWho="2" sc="219,0,601,10,99,-10,81,0" />
</Scene>
<Scene>
<INIT seed="7,0,0,0,3,103" ten="219,611,89,81" oya="3" hai0="85,48,12,111,16,10,89,95,58,93,32,99,51" hai1="36,69,68,2,57,43,30,39,107,100,45,59,1" hai2="63,108,49,35,97,115,52,124,113,53,81,134,66" hai3="46,38,123,50,120,54,101,125,67,78,87,15,88"/><W133/><G125/><T25/><D111/><U62/><E30/><V86/><F108/><W31/><G133/><T74/><D74/><U60/><E100/><V129/><F35/><W132/><G132/><T28/><D58/><U17/><E17/><V8/><F134/><W84/><G101/><AGARI ba="0,0" hai="10,12,16,25,28,32,48,51,85,89,93,95,99,101" machi="101" ten="30,2000,0" yaku="7,1,54,1" doraHai="103" who="0" fromWho="3" sc="219,20,611,0,89,0,81,-20" owari="239,4.0,611,71.0,89,-31.0,61,-44.0" />
</Scene>
</mjloggm>