<mjloggm ver="2.3"><GO type="169" lobby="0"/><UN n0="%47%38%E9%BE%8D%E9%96%80" n1="%E5%8D%83%E7%BE%BD%E5%A6%99%E8%A6%8B%E6%B5%81" n2="%E5%A4%AA%E3%81%8F%E3%81%AA%E3%81%84%E3%81%8A" n3="%63%61%6C%6C%33" dan="16,16,18,16" rate="2016.24,2108.31,2190.22,2105.39" sx="F,M,M,M"/><TAIKYOKU oya="0"/>

<Scene>
<INIT seed="0,0,0,2,2,23" ten="250,250,250,250" oya="0" hai0="18,115,63,102,116,28,100,62,125,108,84,135,92" hai1="1,26,46,127,74,121,119,7,124,59,4,76,80" hai2="85,81,114,44,2,53,78,60,129,12,8,40,73" hai3="86,17,41,34,19,10,25,22,134,131,95,72,51"/><T61/><D116/><U77/><E119/><V111/><F114/><W87/><G72/><T37/><D115/><U103/><E121/><V67/><F111/><W55/><G134/><T65/><D135/><U38/><E1/><V49/><F129/><W110/><G131/><T79/><D108/><U120/><E120/><V27/><F2/><W118/><G118/><T42/><D125/><N who="1" m="48203" /><E77/><V107/><F107/><W98/><G41/><T82/><D28/><U88/><E103/><V99/><F99/><W36/><G36/><T75/><D37/><U6/><E59/><V123/><F123/><W9/><G34/><T56/><D42/><N who="1" m="22871" /><E88/><V31/><F73/><W94/><G94/><T24/><D102/><U105/><E105/><V21/><F53/><W130/><G130/><T117/><D117/><U48/><E48/><V126/><F126/><W11/><G19/><T106/><D106/><U35/><E4/><N who="2" m="3079" /><F60/><W64/><G110/><T113/><D113/><U29/><AGARI ba="0,0" hai="6,7,26,29,35,74,76,80" m="22871,48203" machi="29" ten="30,2000,0" yaku="18,1,52,1" doraHai="23" who="1" fromWho="1" sc="250,-10,250,20,250,-5,250,-5" />
</Scene>
<Scene>
<INIT seed="1,0,0,4,4,50" ten="240,270,245,245" oya="1" hai0="129,124,17,62,77,46,121,42,51,23,21,91,87" hai1="1,132,53,41,2,80,45,102,5,34,123,25,79" hai2="67,81,99,105,54,66,15,3,38,7,86,89,106" hai3="18,65,134,43,113,112,35,97,68,63,114,31,98"/><U0/><E123/><V119/><F119/><W133/><G43/><T70/><D121/><U37/><E132/><N who="3" m="50794" /><G18/><T12/><D129/><U32/><E5/><V6/><F38/><W60/><G60/><T4/><D124/><U104/><E25/><AGARI ba="0,0" hai="25,31,35,63,65,68,97,98,112,113,114" m="50794" machi="25" ten="40,1300,0" yaku="20,1" doraHai="50" who="3" fromWho="1" sc="240,0,270,-13,245,0,245,13" />
</Scene>
<Scene>
<INIT seed="2,0,0,4,5,49" ten="240,257,245,258" oya="2" hai0="57,25,2,43,3,16,52,122,50,60,119,47,131" hai1="72,111,9,132,129,90,44,71,95,101,12,61,46" hai2="31,73,117,54,92,77,91,5,7,39,108,81,67" hai3="10,59,120,34,63,83,106,20,69,8,128,19,82"/><V24/><F117/><W135/><G120/><T114/><D122/><U98/><E111/><V37/><F67/><W75/><G34/><T22/><D114/><U124/><E124/><V29/><F108/><W105/><G69/><T41/><D119/><U110/><E110/><V35/><F31/><W53/><G135/><T113/><D113/><U78/><E129/><V123/><F123/><W86/><G128/><T30/><D131/><U133/><E71/><V51/><F39/><W13/><G8/><T6/><D6/><U87/><E61/><V102/><F102/><W32/><G32/><T45/><D30/><U93/><E72/><V70/><F37/><AGARI ba="0,0" hai="2,3,16,22,25,37,41,43,45,47,50,52,57,60" machi="37" ten="30,7700,0" yaku="7,1,52,1,54,2" doraHai="49" who="0" fromWho="2" sc="240,77,257,0,245,-77,258,0" />
</Scene>
<Scene>
<INIT seed="3,0,0,0,5,119" ten="317,257,168,258" oya="3" hai0="125,120,116,36,37,0,75,127,50,66,65,126,63" hai1="56,87,59,108,102,129,3,57,17,39,38,21,49" hai2="52,44,74,93,89,123,69,122,22,103,45,29,73" hai3="131,13,79,16,1,100,101,92,71,94,6,18,128"/><W60/><G79/><T28/><D75/><U91/><E108/><V105/><F69/><W41/><G41/><T9/><D28/><U81/><E129/><N who="3" m="49738" /><G1/><T8/><D116/><U110/><E110/><V109/><F109/><W61/><G6/><N who="0" m="1095" /><D120/><N who="2" m="46122" /><F105/><W76/><G76/><T25/><D25/><U48/><E3/><V26/><F103/><N who="3" m="39499" /><G71/><N who="0" m="42431" /><D9/><U34/><E34/><V111/><F111/><W55/><G55/><T19/><D19/><N who="3" m="7209" /><G13/><T97/><D97/><U31/><E38/><N who="0" m="14953" /><D66/><U83/><E39/><V121/><N who="2" m="46130" /><V5/><DORA hai="7" /><F5/><W20/><G20/><T115/><D50/><U135/><E48/><N who="2" m="28679" /><F45/><W85/><G85/><AGARI ba="0,0" hai="22,26,29,73,74,85,89,93" m="28679,46130" machi="85" ten="40,12000,2" yaku="13,1,52,4,54,1" doraHai="119,7" who="2" fromWho="3" sc="317,0,257,0,168,120,258,-120" />
</Scene>
<Scene>
<INIT seed="4,0,0,3,4,125" ten="317,257,288,138" oya="0" hai0="104,112,99,71,78,10,90,57,59,91,116,81,76" hai1="82,102,107,15,68,0,21,31,72,43,132,2,108" hai2="98,77,13,126,115,24,9,16,29,73,46,55,95" hai3="26,37,36,11,103,54,133,121,110,45,70,60,101"/><T30/><D116/><U39/><E108/><V117/><F126/><W5/><G110/><T32/><D71/><U62/><E15/><V8/><F117/><W111/><G121/><T113/><D10/><U106/><E21/><N who="2" m="15503" /><F73/><W64/><G111/><T105/><D30/><U14/><E14/><V93/><F115/><N who="0" m="44106" /><D32/><U135/><E31/><V53/><F77/><N who="0" m="29802" /><D57/><U27/><E27/><V63/><F9/><W119/><G133/><N who="1" m="51274" /><E82/><V80/><F80/><W79/><G79/><T19/><D59/><U7/><E72/><V129/><F13/><W23/><G103/><T87/><D19/><U88/><E7/><V131/><F16/><W85/><G85/><N who="0" m="50479" /><D99/><U69/><E69/><V41/><F98/><W89/><G119/><T40/><D40/><U34/><E43/><V48/><F8/><W6/><G11/><T33/><D33/><U124/><E34/><V134/><F134/><W84/><G37/><T25/><D25/><U114/><E39/><V51/><F63/><W56/><G36/><T58/><D58/><U28/><E62/><V50/><F41/><W4/><G45/><T65/><D65/><U67/><E0/><V96/><F96/><W18/><G70/><T83/><AGARI ba="0,0" hai="83,87,91,104,105" m="50479,29802,44106" machi="83" ten="30,6000,0" yaku="15,1,34,2" doraHai="125" who="0" fromWho="0" sc="317,60,257,-20,288,-20,138,-20" />
</Scene>
<Scene>
<INIT seed="4,1,0,5,0,111" ten="377,237,268,118" oya="0" hai0="84,25,22,1,132,67,43,2,135,46,76,107,118" hai1="89,36,59,82,73,96,122,39,34,95,74,53,13" hai2="80,3,41,103,47,126,7,113,88,12,75,115,123" hai3="127,56,60,128,65,57,17,86,129,70,8,125,99"/><T133/><D118/><U9/><E122/><V87/><F123/><W72/><G72/><T78/><D107/><U23/><E34/><V71/><F71/><W105/><G86/><T97/><D97/><U42/><E23/><V69/><F69/><W114/><G17/><N who="0" m="12495" /><D67/><U108/><E108/><V121/><F121/><W134/><G8/><T92/><D92/><U26/><E26/><V55/><F3/><N who="0" m="1034" /><D84/><U48/><E82/><V54/><F126/><W85/><G85/><T109/><D109/><U124/><E124/><N who="3" m="47690" /><G99/><T5/><D5/><U10/><E39/><AGARI ba="1,0" hai="39,43,46,76,78,132,133,135" m="1034,12495" machi="39" ten="40,2000,0" yaku="20,1" doraHai="111" who="0" fromWho="1" sc="377,23,237,-23,268,0,118,0" />
</Scene>
<Scene>
<INIT seed="4,2,0,0,0,107" ten="400,214,268,118" oya="0" hai0="82,0,135,129,33,13,111,108,103,4,97,38,28" hai1="9,72,2,92,109,29,37,115,117,22,79,124,99" hai2="86,25,114,49,21,16,30,88,66,42,52,131,118" hai3="81,101,44,3,31,11,68,80,106,102,53,75,76"/><T113/><D38/><U116/><E37/><V19/><F114/><W34/><G68/><T51/><D113/><U70/><E115/><V48/><F131/><W112/><G112/><T89/><D129/><U5/><E109/><N who="0" m="42057" /><D0/><U134/><E70/><V91/><F118/><W39/><G53/><T64/><D64/><U35/><E124/><V84/><F66/><W96/><G80/><T59/><D135/><U15/><E134/><V120/><F120/><W74/><G102/><T63/><D63/><U69/><E69/><V17/><F42/><N who="3" m="22623" /><G31/><T36/><D36/><U90/><E72/><V46/><F49/><W73/><G34/><T57/><D51/><U130/><E79/><V18/><F30/><W50/><G50/><T58/><D33/><U128/><E128/><V56/><F46/><W8/><G8/><N who="0" m="4231" /><D28/><U54/><E130/><V83/><F18/><W132/><G132/><T133/><D133/><U60/><E60/><V85/><F85/><W12/><G12/><T78/><D89/><U126/><E126/><V55/><F55/><W98/><G96/><T87/><D59/><U123/><E54/><V67/><F67/><W125/><G125/><T71/><D71/><U104/><E123/><V119/><F119/><W20/><G20/><T65/><D65/><U1/><E1/><V32/><F32/><W26/><G26/><T61/><D61/><U40/><E116/><V27/><F27/><W41/><G41/><T127/><D127/><U6/><E40/><V23/><F23/><W62/><G62/><T105/><AGARI ba="2,0" hai="57,58,78,82,87,97,103,105" m="4231,42057" machi="105" ten="30,1500,0" yaku="10,1" doraHai="107" who="0" fromWho="0" sc="400,21,214,-7,268,-7,118,-7" />
</Scene>
<Scene>
<INIT seed="4,3,0,3,0,129" ten="421,207,261,111" oya="0" hai0="108,52,27,12,61,112,115,15,3,127,85,46,42" hai1="71,36,135,11,17,28,107,106,69,77,132,67,105" hai2="65,93,47,48,90,23,22,21,56,113,70,134,98" hai3="16,49,104,124,94,39,130,121,45,109,62,111,118"/><T79/><D108/><U10/><E36/><V7/><F113/><N who="0" m="43594" /><D3/><U5/><E28/><V101/><F70/><N who="1" m="26633" /><E67/><V37/><F37/><W24/><G94/><T43/><D127/><U81/><E17/><V76/><F76/><W102/><G62/><T119/><D119/><U75/><E11/><V91/><F7/><W53/><G16/><T57/><D27/><U89/><E89/><V50/><F50/><BYE who="2" /><W30/><G49/><N who="0" m="26839" /><D43/><U0/><AGARI ba="3,0" hai="0,5,10,75,77,81,105,106,107,132,135" m="26633" machi="0" ten="40,5200,0" yaku="23,1,52,2" doraHai="129" who="1" fromWho="1" sc="421,-29,207,61,261,-16,111,-16" /><UN n2="%E5%A4%AA%E3%81%8F%E3%81%AA%E3%81%84%E3%81%8A" />
</Scene>
<Scene>
<INIT seed="5,0,0,1,1,55" ten="392,268,245,95" oya="1" hai0="82,38,35,94,72,117,106,17,95,62,23,96,93" hai1="37,110,52,11,28,79,133,99,53,88,13,87,34" hai2="57,128,78,102,81,111,61,97,24,6,69,58,126" hai3="59,98,100,49,124,3,101,1,131,115,92,43,50"/><U119/><E119/><V14/><F111/><W27/><G115/><T39/><D35/><U89/><E110/><V4/><F128/><W41/><G131/><T114/><D117/><U109/><E109/><V2/><F2/><W134/><G124/><T47/><D114/><U107/><E37/><V76/><F126/><W80/><G134/><T33/><D33/><U135/><E34/><V120/><F120/><W127/><G127/><T19/><D106/><U29/><E107/><V66/><F24/><W5/><G80/><T108/><D108/><U32/><E32/><V16/><F4/><W67/><G5/><T25/><D96/><U0/><E0/><V63/><F6/><W7/><G7/><T84/><D72/><U113/><E113/><V42/><F42/><W77/><G77/><T40/><D39/><U8/><E79/><V15/><F15/><W31/><G3/><T70/><D17/><U104/><E104/><V85/><F76/><W90/><G1/><T71/><D71/><U12/><REACH who="1" step="1"/><E87/><REACH who="1" ten="392,258,245,95" step="2"/><V86/><F86/><W103/><G49/><N who="0" m="26855" /><D84/><U105/><E105/><V64/><F97/><AGARI ba="0,1" hai="8,11,12,13,28,29,52,53,88,89,97,99,133,135" machi="97" ten="25,12000,1" yaku="1,1,22,2,54,2,53,0" doraHai="55" doraHaiUra="44" who="1" fromWho="2" sc="392,0,258,130,245,-120,95,0" />
</Scene>
<Scene>
<INIT seed="5,1,0,4,2,93" ten="392,388,125,95" oya="1" hai0="134,90,92,120,55,86,22,128,79,91,97,99,114" hai1="124,24,15,125,126,23,39,4,74,38,10,3,100" hai2="50,26,57,6,101,70,75,119,123,105,62,5,109" hai3="41,122,17,94,2,98,34,111,49,52,135,0,20"/><U131/><E74/><V71/><F109/><W44/><G122/><T66/><D120/><U13/><E100/><V60/><F123/><W63/><G34/><T84/><D114/><U96/><E96/><N who="0" m="36937" /><D134/><U82/><E82/><V127/><F101/><W85/><G111/><T9/><D128/><U16/><E131/><V113/><F75/><W80/><G135/><T68/><D68/><U78/><E78/><V107/><F26/><W27/><G41/><T117/><D117/><U102/><E102/><V33/><F50/><W103/><REACH who="3" step="1"/><G63/><REACH who="3" ten="392,388,125,85" step="2"/><T8/><D66/><U115/><E115/><V67/><F33/><W7/><G7/><T35/><D35/><U25/><E4/><V47/><F113/><W132/><G132/><T32/><D32/><U30/><E124/><V61/><F127/><W1/><G1/><T106/><D106/><U11/><E3/><V21/><F107/><W95/><G95/><N who="0" m="54727" /><D55/><U56/><E125/><V48/><F105/><W104/><G104/><T112/><D112/><U18/><E126/><V81/><F70/><W72/><G72/><T77/><D22/><U12/><E23/><V40/><F21/><W110/><G110/><T51/><D51/><U59/><E11/><AGARI ba="1,1" hai="8,9,11,77,79,86,91,92" m="54727,36937" machi="11" ten="30,7700,0" yaku="8,1,52,3" doraHai="93" who="0" fromWho="1" sc="392,90,388,-80,125,0,85,0" />
</Scene>
<Scene>
<INIT seed="6,0,0,5,2,79" ten="482,308,125,85" oya="2" hai0="128,61,120,4,13,40,12,67,133,44,90,88,116" hai1="66,0,51,105,53,122,76,60,45,2,102,10,58" hai2="19,124,75,94,115,127,41,132,69,24,71,110,33" hai3="54,131,23,134,84,135,130,36,86,34,65,9,38"/><V46/><F75/><W78/><G34/><T22/><D120/><U107/><E122/><V63/><F115/><W47/><G9/><T68/><D116/><U5/><E102/><V18/><F132/><N who="3" m="50731" /><G23/><T1/><D133/><U50/><E0/><V126/><F110/><W28/><G28/><T92/><D128/><N who="3" m="49193" /><G78/><T14/><D1/><U73/><E73/><V108/><F108/><W26/><G26/><T32/><D32/><U70/><E76/><V77/><F77/><W15/><G15/><T104/><D104/><U27/><E27/><V114/><F114/><W8/><G8/><T48/><D22/><U96/><E96/><V25/><F25/><W82/><G65/><T30/><D30/><U37/><E10/><V101/><F33/><W42/><G54/><T39/><D14/><U85/><E53/><V31/><F31/><W56/><G56/><T17/><D13/><U16/><E58/><V117/><F24/><W72/><G38/><T62/><D39/><U74/><E66/><N who="2" m="41183" /><F117/><W21/><G21/><T29/><D67/><U118/><E118/><V52/><F52/><W43/><G43/><T111/><D40/><U121/><E37/><N who="2" m="21807" /><F71/><W11/><G11/><T7/><D68/><U106/><E70/><V87/><F19/><W113/><G113/><T95/><D29/><U99/><E16/><V112/><F18/><W97/><G97/><T55/><D17/><U80/><E99/><N who="2" m="59639" /><F112/><W49/><G36/><T6/><D12/><U100/><E121/><V83/><F126/><W123/><G123/><T93/><D55/><N who="1" m="30159" /><E74/><V81/><F127/><W125/><G125/><RYUUKYOKU ba="0,0" sc="482,-10,308,-10,125,-10,85,30" hai3="42,47,49,72,82,84,86" />
</Scene>
<Scene>
<INIT seed="7,1,0,2,0,16" ten="472,298,115,115" oya="3" hai0="135,64,130,44,37,90,86,56,71,97,79,77,60" hai1="31,122,112,35,54,88,127,0,36,133,62,91,49" hai2="15,132,53,9,104,73,94,11,85,52,102,70,51" hai3="21,22,29,50,66,26,61,23,47,110,68,115,63"/><W131/><G115/><T27/><D135/><U72/><E72/><V111/><F73/><W121/><G121/><T105/><D130/><U116/><E36/><V95/><F70/><W25/><G131/><T114/><D114/><U92/><E0/><V20/><F104/><W128/><G128/><T117/><D117/><U18/><E18/><N who="2" m="10335" /><F111/><W40/><G110/><T14/><D71/><U59/><E91/><N who="2" m="53615" /><F132/><W32/><REACH who="3" step="1"/><G63/><REACH who="3" ten="472,298,115,105" step="2"/><N who="0" m="37991" /><D37/><U89/><E62/><V100/><F53/><W75/><G75/><T126/><D60/><U24/><E54/><V80/><F80/><W103/><G103/><N who="2" m="39465" /><F95/><W65/><G65/><T101/><D101/><U3/><E92/><V45/><AGARI ba="1,1" hai="9,11,45,51,52" m="39465,53615,10335" machi="45" ten="30,4000,0" yaku="8,1,52,1,54,1" doraHai="16" who="2" fromWho="2" sc="472,-11,298,-11,115,53,105,-21" owari="461,56.0,287,9.0,168,-23.0,84,-42.0" />
</Scene>
</mjloggm>