<mjloggm ver="2.3"><GO type="169" lobby="0"/><UN n0="%E5%A4%AA%E3%81%8F%E3%81%AA%E3%81%84%E3%81%8A" n1="%E3%81%A8%E3%82%8C%E3%82%82%E3%82%8D" n2="%E3%81%88%E3%81%8C%E3%81%8A%E3%82%92%E3%81%BF%E3%81%9B%E3%81%A6" n3="%4D%72%2E%6E%69%6B%75%39" dan="18,16,16,17" rate="2196.19,2051.33,2014.06,2167.87" sx="M,M,M,F"/><TAIKYOKU oya="0"/>

<Scene>
<INIT seed="0,0,0,4,4,21" ten="250,250,250,250" oya="0" hai0="102,109,15,25,81,119,62,92,22,90,11,51,47" hai1="105,55,2,96,33,41,74,7,132,40,17,32,30" hai2="29,6,130,56,70,80,43,20,118,28,71,84,27" hai3="99,117,4,66,94,108,85,126,59,8,64,58,113"/><T13/><D119/><U86/><E74/><V120/><F120/><W104/><G113/><T73/><D109/><U131/><E132/><V82/><F118/><W10/><G117/><T134/><D134/><U107/><E33/><V75/><F130/><W31/><G104/><T63/><D102/><U35/><E35/><V124/><F124/><W61/><G126/><T36/><D36/><U3/><E86/><V125/><F125/><W112/><G112/><T133/><D133/><U101/><E107/><V114/><F43/><W60/><G85/><N who="0" m="50479" /><D92/><U37/><E37/><V91/><F6/><W77/><G77/><T89/><D89/><U68/><E68/><V97/><F97/><W116/><G116/><T93/><D93/><U54/><E96/><V67/><F114/><W128/><G128/><T53/><D73/><U18/><E3/><V23/><F75/><W50/><G108/><T14/><D11/><U19/><E2/><V110/><F110/><W52/><G31/><AGARI ba="0,0" hai="13,14,15,22,25,31,47,51,53,62,63" m="50479" machi="31" ten="30,2900,0" yaku="8,1,52,1" doraHai="21" who="0" fromWho="3" sc="250,29,250,0,250,0,250,-29" />
</Scene>
<Scene>
<INIT seed="0,1,0,0,1,76" ten="279,250,250,221" oya="0" hai0="35,68,9,96,30,117,34,18,70,37,88,72,29" hai1="132,17,111,52,13,131,12,2,53,40,25,22,115" hai2="1,41,116,113,81,130,77,79,97,134,82,8,36" hai3="24,122,43,125,20,105,120,15,57,55,109,60,64"/><T100/><D117/><U14/><E2/><V123/><F113/><W114/><G114/><T59/><D37/><U95/><E115/><V78/><F123/><N who="3" m="47147" /><G105/><T5/><D72/><U21/><E111/><V110/><F110/><W46/><G15/><T90/><D18/><U91/><E132/><V119/><F134/><W129/><G109/><T128/><D59/><U80/><E131/><V94/><F130/><W124/><G129/><T47/><D47/><U87/><E40/><V58/><F58/><N who="3" m="36887" /><G24/><T11/><D128/><U6/><E6/><N who="2" m="1103" /><F41/><W54/><G20/><T127/><D96/><U93/><E22/><V66/><F66/><W99/><G99/><T32/><D100/><U42/><E42/><V108/><F36/><N who="3" m="21863" /><G55/><AGARI ba="1,0" hai="12,13,14,17,21,25,52,53,55,80,87,91,93,95" machi="55" ten="40,5200,0" yaku="8,1,52,1,54,1" doraHai="76" who="1" fromWho="3" sc="279,0,250,55,250,0,221,-55" />
</Scene>
<Scene>
<INIT seed="1,0,0,4,2,29" ten="279,305,250,166" oya="1" hai0="89,97,66,126,63,15,92,134,133,62,42,49,81" hai1="107,124,114,55,129,0,116,101,68,93,74,12,123" hai2="4,31,102,43,120,112,111,16,117,11,99,32,69" hai3="73,44,41,58,46,3,14,87,115,26,23,122,24"/><U106/><RYUUKYOKU type="yao9" ba="0,0" sc="279,0,305,0,250,0,166,0" hai1="0,12,55,68,74,93,101,106,107,114,116,123,124,129" />
</Scene>
<Scene>
<INIT seed="1,1,0,0,4,112" ten="279,305,250,166" oya="1" hai0="90,89,75,129,100,126,5,48,39,101,80,92,132" hai1="77,27,68,51,79,88,120,117,123,86,95,111,130" hai2="99,121,67,30,61,108,74,127,73,124,103,40,62" hai3="81,91,18,98,104,115,53,13,60,34,133,94,85"/><U128/><E68/><V32/><F121/><N who="1" m="46665" /><E51/><V78/><F40/><W6/><G115/><T43/><D39/><U15/><E15/><V65/><F78/><N who="1" m="29705" /><E27/><V55/><F55/><W83/><G133/><T84/><D132/><U93/><E111/><V107/><F108/><W42/><G104/><T28/><D28/><U56/><E56/><V45/><F45/><W58/><G34/><T25/><D25/><U57/><E57/><V119/><F119/><W11/><G42/><T24/><D24/><U33/><E33/><V26/><F62/><W47/><G47/><T31/><D5/><U29/><E29/><V114/><F114/><W135/><G135/><T97/><D31/><U105/><E105/><V12/><F12/><N who="3" m="5239" /><G98/><T71/><D97/><N who="1" m="57511" /><E117/><V50/><F50/><W52/><G53/><T69/><D43/><U4/><E4/><V41/><F41/><W9/><AGARI ba="1,0" hai="9,13,18,52,58,60,81,83,85,91,94" m="5239" machi="9" ten="30,2000,0" yaku="8,1,54,1" doraHai="112" who="3" fromWho="3" sc="279,-6,305,-11,250,-6,166,23" />
</Scene>
<Scene>
<INIT seed="2,0,0,2,5,64" ten="273,294,244,189" oya="2" hai0="111,44,59,9,60,63,130,30,10,37,134,118,5" hai1="81,84,26,69,124,96,49,95,88,70,32,82,8" hai2="119,78,27,62,42,57,71,1,110,120,0,90,104" hai3="74,54,86,123,114,48,23,52,34,12,75,126,77"/><V127/><F120/><W55/><G34/><T94/><D111/><U51/><E124/><V13/><F119/><W79/><G123/><T28/><D118/><U131/><E131/><V11/><F127/><W2/><G2/><T98/><D130/><U39/><E39/><V92/><F78/><N who="3" m="29707" /><G126/><T33/><D134/><U68/><E8/><V25/><F104/><W20/><G114/><T45/><D33/><U108/><E108/><V66/><F42/><W6/><G86/><T14/><D10/><U99/><E99/><V21/><F110/><W61/><G61/><T38/><D38/><U72/><E72/><V112/><F112/><W65/><G65/><T83/><D83/><U31/><REACH who="1" step="1"/><E81/><REACH who="1" ten="273,284,244,189" step="2"/><V17/><F0/><W3/><G75/><T133/><D37/><U103/><AGARI ba="0,1" hai="26,31,32,49,51,68,69,70,82,84,88,95,96,103" machi="103" ten="30,16000,3" yaku="1,1,2,1,0,1,52,3,54,1,53,1" doraHai="64" doraHaiUra="29" who="1" fromWho="1" sc="273,-40,284,170,244,-80,189,-40" />
</Scene>
<Scene>
<INIT seed="3,0,0,2,2,39" ten="233,454,164,149" oya="3" hai0="45,90,44,119,4,31,65,88,42,98,91,35,78" hai1="116,55,82,96,36,66,123,6,3,7,27,126,46" hai2="32,50,87,40,93,114,28,53,133,37,125,22,20" hai3="85,19,33,41,74,63,67,109,17,23,128,112,103"/><W132/><G112/><T111/><D119/><U57/><E123/><V56/><F114/><W5/><G74/><T80/><D111/><U84/><E96/><V71/><F71/><W10/><G33/><T121/><D121/><U9/><E6/><V29/><F133/><W21/><G132/><T106/><D65/><U97/><E97/><V115/><F115/><W1/><G128/><T134/><D134/><U62/><E126/><V130/><F125/><W59/><G109/><T51/><D4/><U135/><E135/><V0/><F0/><W92/><G41/><T77/><D80/><U54/><E27/><V25/><F130/><W110/><G110/><T120/><D120/><U83/><E83/><V47/><F29/><W34/><G34/><T101/><REACH who="0" step="1"/><D44/><REACH who="0" ten="223,454,164,149" step="2"/><U64/><E64/><V129/><F129/><W2/><G2/><T131/><D131/><U69/><E116/><V49/><F37/><W117/><G117/><T43/><D43/><U100/><E66/><V108/><F108/><W94/><G103/><T13/><D13/><U48/><E36/><V38/><F38/><W107/><G107/><T79/><D79/><U104/><E104/><V18/><F40/><W81/><G94/><T26/><AGARI ba="0,1" hai="26,31,35,42,45,51,77,78,88,90,91,98,101,106" machi="26" ten="30,7900,0" yaku="1,1,0,1,52,1,54,1,53,0" doraHai="39" doraHaiUra="15" who="0" fromWho="0" sc="223,89,454,-20,164,-20,149,-39" />
</Scene>
<Scene>
<INIT seed="4,0,0,1,0,77" ten="312,434,144,110" oya="0" hai0="43,119,29,59,93,72,22,39,62,115,37,113,18" hai1="52,101,47,99,122,68,126,75,131,6,35,127,84" hai2="98,11,66,27,0,21,7,36,112,135,129,70,86" hai3="54,117,97,34,13,78,24,45,53,118,32,109,111"/><T63/><D119/><N who="3" m="45577" /><G97/><T46/><D29/><U48/><E75/><V103/><F36/><W5/><G78/><T16/><D72/><U95/><E122/><V61/><F135/><W55/><G24/><T20/><D93/><U134/><E134/><V116/><F116/><W51/><G13/><T50/><D50/><U42/><E131/><V44/><F129/><W73/><G5/><T64/><D37/><U132/><E132/><V14/><F112/><N who="0" m="43082" /><D63/><U121/><E121/><V9/><F86/><W65/><G73/><T12/><D18/><U81/><E35/><V102/><F98/><W31/><G31/><T100/><D100/><U15/><E68/><V114/><F114/><W133/><G133/><T90/><D90/><U85/><E42/><V88/><F88/><W110/><G65/><T41/><D41/><U8/><REACH who="1" step="1"/><E85/><REACH who="1" ten="312,424,144,110" step="2"/><V104/><F104/><W40/><G32/><T80/><D22/><U124/><E124/><V19/><REACH who="2" step="1"/><F44/><REACH who="2" ten="312,424,134,110" step="2"/><N who="3" m="27879" /><G34/><T125/><D125/><U96/><E96/><V23/><F23/><W128/><G128/><T76/><D76/><AGARI ba="0,2" hai="6,8,15,47,48,52,76,81,84,95,99,101,126,127" machi="76" ten="40,5200,0" yaku="1,1,52,1,54,1,53,0" doraHai="77" doraHaiUra="108" who="1" fromWho="0" sc="312,-52,424,72,134,0,110,0" />
</Scene>
<Scene>
<INIT seed="5,0,0,4,2,89" ten="260,496,134,110" oya="1" hai0="45,72,129,44,87,36,17,78,135,73,0,83,59" hai1="121,47,28,98,133,67,94,75,76,41,113,55,35" hai2="85,24,63,126,58,110,95,43,49,26,124,9,22" hai3="82,2,1,131,34,100,11,127,29,6,19,86,61"/><U66/><E121/><V14/><F110/><W42/><G131/><T134/><D0/><U91/><E113/><V97/><F85/><W3/><G127/><N who="2" m="48681" /><F22/><W25/><G42/><N who="0" m="22599" /><D129/><U64/><E133/><N who="0" m="50697" /><D59/><U90/><E55/><N who="2" m="34271" /><F49/><W62/><G100/><T101/><D101/><U20/><E20/><V118/><F43/><W5/><G19/><T132/><D132/><U105/><E41/><V60/><F60/><W125/><G125/><T48/><D17/><U119/><E66/><V51/><F51/><W10/><REACH who="3" step="1"/><G3/><REACH who="3" ten="260,496,134,100" step="2"/><T68/><D68/><U107/><E119/><V123/><F118/><W116/><G116/><T84/><D73/><U102/><E75/><V46/><F123/><W8/><G8/><T39/><D39/><U70/><E102/><N who="2" m="60735" /><F46/><W96/><G96/><T111/><D111/><U56/><E98/><V21/><F21/><W77/><AGARI ba="0,1" hai="1,2,5,6,10,11,25,29,34,61,62,77,82,86" machi="77" ten="20,5200,0" yaku="1,1,0,1,7,1,9,1,53,0" doraHai="89" doraHaiUra="104" who="3" fromWho="3" sc="260,-13,496,-26,134,-13,100,62" />
</Scene>
<Scene>
<INIT seed="6,0,0,5,0,86" ten="247,470,121,162" oya="2" hai0="87,100,9,107,5,131,44,4,10,83,110,102,60" hai1="122,30,93,82,7,125,36,132,49,34,133,39,109" hai2="97,72,64,108,33,104,43,29,26,128,47,70,89" hai3="91,117,123,16,80,42,84,58,53,92,113,115,38"/><V96/><F108/><W134/><G117/><T37/><D110/><U126/><E109/><V59/><F72/><W50/><G123/><T111/><D111/><U6/><E122/><V101/><F128/><W41/><G134/><N who="1" m="51818" /><E82/><V77/><F77/><N who="3" m="46095" /><G38/><N who="1" m="14378" /><E49/><V21/><F59/><W95/><G95/><T116/><D10/><U52/><E52/><V118/><F118/><W62/><G62/><T105/><D102/><U8/><E93/><V114/><F114/><N who="3" m="43531" /><G16/><T18/><D18/><U28/><E7/><V112/><F112/><W130/><G130/><T65/><D5/><U124/><E34/><V27/><F64/><W63/><G63/><T74/><D131/><U15/><AGARI ba="0,0" hai="6,8,15,28,30,124,125,126" m="14378,51818" machi="15" ten="40,2700,0" yaku="18,1,20,1" doraHai="86" who="1" fromWho="1" sc="247,-7,470,27,121,-13,162,-7" />
</Scene>
<Scene>
<INIT seed="7,0,0,3,0,69" ten="240,497,108,155" oya="3" hai0="130,64,80,28,67,102,32,40,95,18,107,43,123" hai1="118,55,15,114,51,6,68,116,17,112,132,49,111" hai2="30,7,73,113,119,46,27,121,36,105,56,4,14" hai3="65,97,117,16,54,61,127,128,58,59,60,96,8"/><W134/><G117/><N who="1" m="45162" /><E111/><V93/><F119/><W31/><G128/><T3/><D43/><U92/><E132/><V5/><F105/><W38/><G38/><T103/><D67/><U37/><E37/><V100/><F73/><W57/><G127/><T41/><D102/><U10/><E68/><V0/><F0/><W22/><G134/><T84/><D41/><U129/><E129/><V81/><F81/><W29/><G59/><T86/><D86/><U94/><E6/><V19/><F121/><W1/><G8/><T71/><D95/><N who="1" m="36395" /><E55/><V39/><F113/><AGARI ba="0,0" hai="10,15,17,49,51,112,113,114" m="36395,45162" machi="113" ten="30,2000,0" yaku="15,1,12,1" doraHai="69" who="1" fromWho="2" sc="240,0,497,20,108,-20,155,0" owari="240,4.0,517,61.0,88,-41.0,155,-24.0" />
</Scene>
</mjloggm>