<mjloggm ver="2.3"><GO type="169" lobby="0"/><UN n0="%E3%81%82%E3%81%84%E3%81%BF%E3%81%A1%E3%82%83%E3%82%93%46%43" n1="%E5%A4%AA%E3%81%8F%E3%81%AA%E3%81%84%E3%81%8A" n2="%E6%B0%91%E8%8A%B8" n3="%E3%83%96%E3%83%AB%E3%83%96%E3%83%AB%E3%83%8F%E3%83%BC%E3%83%84" dan="16,18,17,16" rate="2107.09,2198.48,2203.48,2103.34" sx="M,M,M,M"/><TAIKYOKU oya="0"/>

<Scene>
<INIT seed="0,0,0,5,2,133" ten="250,250,250,250" oya="0" hai0="27,59,23,131,112,116,53,52,42,49,28,78,1" hai1="88,68,51,57,26,43,99,76,115,48,91,5,126" hai2="20,105,47,132,108,33,134,6,67,41,19,60,17" hai3="98,63,80,74,37,25,13,69,8,109,62,31,121"/><T113/><D116/><U102/><E68/><V119/><F33/><W61/><G37/><T11/><D131/><U110/><E76/><V127/><F105/><W70/><G121/><T122/><D122/><U123/><E123/><V124/><F6/><W7/><G109/><T85/><D42/><U55/><E110/><V106/><F106/><W135/><G135/><N who="2" m="51753" /><F119/><W95/><G80/><T34/><D34/><U58/><E5/><V35/><F35/><W73/><G74/><T15/><D1/><U16/><E115/><V104/><F104/><W39/><G39/><T120/><D120/><U64/><E64/><V22/><F22/><N who="3" m="15799" /><G73/><T4/><REACH who="0" step="1"/><D53/><REACH who="0" ten="240,250,250,250" step="2"/><U10/><E55/><V40/><F41/><W65/><G69/><T9/><D9/><U45/><E10/><V79/><F108/><W92/><G70/><T71/><D71/><U18/><E43/><V12/><F40/><W50/><G65/><T56/><D56/><U118/><E118/><V107/><F47/><W77/><G8/><T3/><D3/><U75/><E45/><V24/><F67/><W14/><G7/><T32/><D32/><U21/><E58/><V84/><F20/><W125/><G77/><T36/><D36/><U93/><E21/><V81/><F79/><W82/><G13/><T83/><AGARI ba="0,1" hai="4,11,15,23,27,28,49,52,59,78,83,85,112,113" machi="83" ten="30,11700,0" yaku="1,1,0,1,54,1,53,1" doraHai="133" doraHaiUra="0" who="0" fromWho="0" sc="240,127,250,-39,250,-39,250,-39" />
</Scene>
<Scene>
<INIT seed="0,1,0,1,0,8" ten="367,211,211,211" oya="0" hai0="120,6,7,79,2,45,107,66,80,106,13,101,102" hai1="52,33,70,115,130,22,114,126,46,81,36,55,20" hai2="39,64,49,123,40,59,129,110,90,121,47,67,119" hai3="94,132,124,111,98,54,14,108,86,38,15,99,34"/><T118/><D118/><U43/><E33/><V18/><F90/><W29/><G38/><T134/><D134/><U32/><E32/><V91/><F91/><N who="3" m="53623" /><G132/><T93/><D120/><U88/><E70/><V51/><F18/><W127/><G34/><T112/><D112/><N who="1" m="43051" /><E130/><V10/><F10/><W135/><G54/><N who="1" m="20522" /><E126/><N who="3" m="48170" /><G29/><T21/><D93/><U35/><E35/><V117/><F110/><N who="3" m="42027" /><G135/><T56/><D45/><U0/><E0/><V63/><F64/><W25/><G25/><T24/><D24/><U100/><E100/><V58/><F129/><W133/><G133/><T103/><D2/><U78/><E88/><V71/><F59/><W87/><G87/><AGARI ba="1,0" hai="20,22,36,43,46,78,81,87" m="20522,43051" machi="87" ten="30,2000,0" yaku="11,1,54,1" doraHai="8" who="1" fromWho="3" sc="367,0,211,23,211,0,211,-23" />
</Scene>
<Scene>
<INIT seed="1,0,0,3,3,6" ten="367,234,211,188" oya="1" hai0="20,75,120,39,90,70,103,79,86,27,49,91,66" hai1="15,113,76,64,28,127,109,80,34,19,123,125,0" hai2="72,67,37,85,62,132,23,88,57,115,43,22,41" hai3="59,84,73,63,8,118,105,44,24,14,65,29,93"/><U35/><E123/><V94/><F72/><W122/><G73/><T97/><D39/><U130/><E113/><V58/><F115/><W99/><G122/><T18/><D120/><U77/><E0/><V13/><F132/><W31/><G118/><T100/><D91/><U112/><E112/><V83/><F37/><W102/><G44/><T12/><D49/><U81/><E64/><V124/><F124/><N who="1" m="47689" /><E130/><V101/><F58/><W89/><REACH who="3" step="1"/><G24/><REACH who="3" ten="367,234,211,178" step="2"/><T116/><D27/><N who="1" m="18719" /><E109/><V21/><F13/><W53/><G53/><T17/><D12/><U7/><E35/><V61/><REACH who="2" step="1"/><F62/><REACH who="2" ten="367,234,201,178" step="2"/><W60/><G60/><T98/><D116/><U71/><E15/><V51/><F51/><W42/><G42/><T38/><D38/><U74/><E74/><V95/><F95/><W11/><G11/><T111/><D75/><U104/><E104/><V48/><F48/><W32/><G32/><T50/><D50/><U9/><E9/><V128/><F128/><W108/><G108/><T2/><D111/><U82/><E80/><V52/><F52/><W26/><G26/><T45/><D66/><U16/><E81/><V92/><F92/><W36/><G36/><T30/><D45/><U25/><E82/><V33/><F33/><W55/><G55/><T117/><D117/><U47/><E47/><V129/><F129/><W3/><G3/><T68/><D2/><U110/><E110/><V119/><F119/><W134/><G134/><T46/><D46/><U4/><E25/><V69/><F69/><W5/><AGARI ba="0,2" hai="5,8,14,29,31,59,63,65,84,89,93,99,102,105" machi="5" ten="20,5200,0" yaku="1,1,0,1,7,1,52,1,53,0" doraHai="6" doraHaiUra="114" who="3" fromWho="3" sc="367,-13,234,-26,201,-13,178,72" />
</Scene>
<Scene>
<INIT seed="2,0,0,2,3,17" ten="354,208,188,250" oya="2" hai0="38,69,31,39,29,64,135,80,93,120,89,3,95" hai1="82,13,134,106,119,50,37,0,1,67,71,19,23" hai2="118,85,94,42,109,97,63,33,129,112,125,105,4" hai3="49,127,2,36,101,12,92,55,116,58,108,24,68"/><V40/><F33/><W98/><G2/><T66/><D120/><U103/><E37/><V77/><F112/><W115/><G116/><T34/><D135/><U26/><E119/><V128/><F118/><W84/><G68/><T88/><D3/><U74/><E134/><V46/><F4/><W126/><G36/><T54/><D54/><U7/><E50/><V114/><F114/><W56/><G115/><T75/><D75/><U5/><E5/><V45/><F105/><W133/><G133/><T16/><D80/><U51/><E51/><V121/><F121/><W47/><G108/><T104/><D104/><U27/><E27/><V132/><F132/><W30/><G12/><T41/><D41/><N who="2" m="15978" /><F125/><N who="3" m="47627" /><G84/><T72/><D72/><U57/><E71/><V99/><F109/><W124/><N who="3" m="47635" /><W60/><DORA hai="8" /><G60/><T22/><D69/><U110/><E110/><V14/><F63/><W28/><G28/><N who="0" m="10827" /><D34/><AGARI ba="0,0" hai="24,30,34,47,49,55,56,58,92,98,101" m="47635" machi="34" ten="40,1300,0" yaku="18,1" doraHai="17,8" who="3" fromWho="0" sc="354,-13,208,0,188,0,250,13" />
</Scene>
<Scene>
<INIT seed="3,0,0,3,1,52" ten="341,208,188,263" oya="3" hai0="2,107,29,84,124,123,30,32,83,73,89,66,102" hai1="94,51,12,59,33,35,10,122,6,91,121,65,39" hai2="114,68,90,116,57,81,18,126,46,8,74,31,24" hai3="38,69,133,43,25,104,19,0,44,76,105,49,101"/><W128/><G69/><T41/><D123/><U92/><E39/><V56/><F68/><W64/><G64/><T129/><D129/><U17/><E35/><V112/><F116/><W42/><G0/><T131/><D131/><U7/><E33/><V113/><F126/><W85/><G133/><T3/><D124/><U4/><E94/><V40/><F18/><W118/><G118/><T80/><D41/><U70/><E70/><V97/><F8/><W45/><G128/><T111/><D111/><U79/><E79/><V15/><F15/><W36/><G49/><T77/><D66/><U93/><E93/><V108/><F108/><W130/><G130/><T16/><D30/><U119/><E119/><V125/><F125/><W63/><G63/><T37/><D37/><U117/><E117/><V88/><F97/><W53/><G53/><T9/><D32/><U22/><E10/><V50/><F74/><W100/><G85/><T96/><D29/><U26/><E26/><V132/><F132/><W21/><REACH who="3" step="1"/><G76/><REACH who="3" ten="341,208,188,253" step="2"/><T99/><D96/><U60/><REACH who="1" step="1"/><E51/><REACH who="1" ten="341,198,188,253" step="2"/><V75/><F50/><W1/><G1/><T87/><D2/><U54/><E54/><V11/><F114/><W110/><G110/><T106/><D3/><U14/><E14/><V58/><F113/><W20/><G20/><T55/><D55/><U48/><E48/><V98/><F112/><W71/><G71/><T61/><D77/><U34/><E34/><V135/><F135/><W67/><G67/><T134/><D134/><U27/><E27/><V5/><F24/><W78/><G78/><N who="0" m="46199" /><D9/><U13/><E13/><RYUUKYOKU ba="0,2" sc="341,-15,198,15,188,-15,253,15" hai1="4,6,7,12,17,22,59,60,65,91,92,121,122" hai3="19,21,25,36,38,42,43,44,45,100,101,104,105" />
</Scene>
<Scene>
<INIT seed="3,1,2,4,1,51" ten="326,213,173,268" oya="3" hai0="6,83,1,98,63,5,102,69,117,11,106,41,135" hai1="129,92,77,82,43,59,31,23,44,28,120,56,50" hai2="78,127,116,2,130,26,111,101,125,42,20,119,8" hai3="90,54,15,85,14,87,95,45,133,29,7,49,0"/><W32/><G133/><T4/><D135/><U96/><E120/><V110/><F42/><W46/><G0/><T60/><D117/><N who="2" m="45130" /><F78/><W104/><G104/><T33/><D60/><U86/><E129/><V18/><F101/><W34/><G7/><T118/><D118/><U22/><E22/><V52/><F130/><W17/><G29/><N who="1" m="11338" /><E23/><V12/><F2/><W19/><G45/><T21/><D41/><U27/><E27/><V72/><F72/><W93/><G32/><T9/><D21/><U65/><E65/><V88/><F88/><AGARI ba="1,2" hai="43,44,50,56,59,77,82,86,88,92,96" m="11338" machi="88" ten="30,2000,0" yaku="8,1,54,1" doraHai="51" who="1" fromWho="2" sc="326,0,213,43,173,-23,268,0" />
</Scene>
<Scene>
<INIT seed="4,0,0,1,3,6" ten="326,256,150,268" oya="0" hai0="103,116,59,101,57,32,76,27,83,48,111,28,135" hai1="17,3,1,62,77,5,127,72,50,36,68,38,125" hai2="12,99,78,109,122,31,65,71,67,26,98,21,19" hai3="126,117,121,34,69,23,42,33,114,40,97,30,13"/><T119/><D111/><U63/><E50/><V51/><F109/><W58/><G69/><T53/><D135/><U94/><E94/><V64/><F122/><W132/><G117/><T35/><D35/><U46/><E17/><V108/><F108/><W10/><G114/><T104/><D59/><U123/><E123/><V41/><F71/><W93/><G132/><T66/><D66/><N who="1" m="41047" /><E63/><V7/><F7/><W14/><G30/><T11/><D103/><U43/><E38/><V120/><F120/><W0/><G0/><N who="1" m="74" /><E5/><V131/><F78/><W105/><G105/><T134/><D134/><U115/><E115/><V70/><F70/><W102/><G34/><T100/><D100/><U74/><E77/><V22/><REACH who="2" step="1"/><F131/><REACH who="2" ten="326,256,140,268" step="2"/><W91/><G121/><T47/><D116/><U89/><E89/><V8/><F8/><W20/><G10/><T124/><D119/><U56/><E56/><V130/><F130/><W45/><G58/><T55/><D11/><U107/><E107/><V15/><F15/><W81/><G13/><T4/><D4/><U54/><E127/><V95/><F95/><W85/><G126/><T92/><D124/><U112/><E125/><V29/><F29/><W73/><G14/><T82/><D104/><U79/><E112/><V52/><F52/><W16/><G93/><T9/><D9/><U18/><E54/><V37/><F37/><W80/><G91/><T118/><D118/><U133/><E133/><V44/><AGARI ba="0,1" hai="12,19,21,22,26,31,41,44,51,64,65,67,98,99" machi="44" ten="30,7900,0" yaku="1,1,0,1,8,1,53,1" doraHai="6" doraHaiUra="24" who="2" fromWho="2" sc="326,-39,256,-20,140,89,268,-20" />
</Scene>
<Scene>
<INIT seed="5,0,0,2,5,111" ten="287,236,229,248" oya="1" hai0="66,77,22,92,1,33,113,8,32,96,47,70,112" hai1="119,7,108,90,73,133,55,78,13,0,102,103,98" hai2="64,27,68,126,86,74,40,131,61,84,105,95,101" hai3="125,81,65,122,43,69,134,34,57,109,19,83,11"/><U21/><E119/><V6/><F74/><W54/><G122/><T9/><D77/><U79/><E108/><V94/><F131/><W116/><G34/><N who="0" m="13419" /><D47/><U67/><E0/><V59/><F126/><W63/><G134/><T35/><D70/><U53/><E67/><V87/><F6/><W75/><G125/><T76/><D76/><N who="1" m="29227" /><E73/><V50/><F27/><W71/><G71/><T42/><D42/><U49/><E133/><V124/><F124/><W121/><G121/><T15/><D66/><U123/><E53/><V39/><F101/><W117/><G43/><T4/><N who="0" m="13427" /><T80/><DORA hai="132" /><D80/><U37/><E37/><V106/><F95/><W28/><G75/><T115/><D22/><U26/><E26/><V46/><F94/><W129/><G81/><T120/><D120/><U52/><E21/><V30/><F30/><W3/><G28/><T2/><D9/><N who="1" m="4287" /><E55/><AGARI ba="0,0" hai="39,40,46,50,55,59,61,64,68,84,86,87,105,106" machi="55" ten="40,2600,0" yaku="24,2" doraHai="111,132" who="2" fromWho="1" sc="287,0,236,-26,229,26,248,0" />
</Scene>
<Scene>
<INIT seed="6,0,0,5,2,70" ten="287,210,255,248" oya="2" hai0="22,135,126,79,29,100,73,6,28,103,112,123,42" hai1="88,106,81,117,93,59,23,114,80,9,133,82,48" hai2="63,54,77,2,45,129,97,67,65,57,108,52,102" hai3="109,64,69,55,105,15,111,31,38,74,58,128,24"/><V18/><F2/><W92/><G74/><T122/><D112/><U39/><E117/><V3/><F3/><W121/><G121/><T76/><D135/><U124/><E106/><V132/><F132/><W60/><G128/><T8/><D126/><U37/><E133/><V85/><F129/><W0/><G0/><T84/><D73/><U34/><E34/><V11/><F108/><W33/><G15/><T7/><D22/><U68/><E68/><V104/><F77/><W56/><G56/><T96/><D42/><U101/><E101/><V120/><F120/><W20/><G20/><T119/><D84/><U51/><E114/><V94/><F104/><W44/><G92/><T35/><D35/><U32/><E32/><V4/><F85/><W95/><G95/><T98/><D8/><U47/><E9/><V115/><F115/><W78/><G78/><T86/><D86/><U110/><E110/><V127/><F127/><W12/><G12/><T75/><D75/><U41/><E124/><V40/><F4/><W13/><G13/><T89/><D89/><U87/><REACH who="1" step="1"/><E23/><REACH who="1" ten="287,200,255,248" step="2"/><V30/><F11/><W53/><G105/><T50/><D119/><U26/><E26/><V91/><F102/><W62/><G109/><T17/><D123/><U134/><E134/><V43/><F18/><W46/><G111/><T1/><D122/><U16/><E16/><V125/><F125/><W61/><G38/><T14/><D17/><U5/><E5/><V116/><F116/><W118/><G118/><T49/><D1/><U71/><E71/><V36/><F30/><W27/><G27/><RYUUKYOKU ba="0,1" sc="287,10,200,10,255,-30,248,10" hai0="6,7,14,28,29,49,50,76,79,96,98,100,103" hai1="37,39,41,47,48,51,59,80,81,82,87,88,93" hai3="24,31,33,44,46,53,55,58,60,61,62,64,69" />
</Scene>
<Scene>
<INIT seed="7,1,1,1,4,7" ten="297,210,225,258" oya="3" hai0="47,1,19,124,128,100,122,12,37,41,119,20,99" hai1="13,64,131,68,56,103,22,2,79,55,61,104,32" hai2="49,88,38,58,23,95,114,60,86,107,89,106,130" hai3="39,17,83,30,26,115,57,133,9,27,24,116,62"/><W43/><G116/><T102/><D122/><U18/><E131/><V111/><F111/><W72/><G39/><T113/><D113/><U110/><E110/><V29/><F38/><W126/><G72/><T125/><D128/><U70/><E2/><V82/><F130/><W81/><G115/><T59/><D1/><U98/><E32/><V16/><F114/><W78/><G126/><N who="0" m="48747" /><D119/><U90/><E79/><V34/><F34/><W10/><G133/><T40/><D40/><U50/><REACH who="1" step="1"/><E90/><REACH who="1" ten="297,200,225,258" step="2"/><V109/><F109/><W33/><G78/><T15/><D100/><U48/><E48/><V127/><F127/><W76/><G76/><T54/><D102/><U121/><E121/><V97/><F49/><W28/><G33/><T8/><D37/><U11/><E11/><V46/><F29/><W129/><G28/><T75/><D8/><U65/><E65/><V0/><F0/><W5/><G30/><T63/><D20/><U31/><E31/><V77/><F77/><W132/><G9/><T36/><D75/><U85/><E85/><V74/><F74/><W93/><G129/><T35/><D35/><U51/><E51/><V42/><F23/><W4/><G132/><T3/><D3/><U73/><E73/><V118/><F118/><W67/><G4/><T69/><D99/><U135/><E135/><V71/><F89/><W112/><G112/><T92/><D19/><U91/><E91/><N who="2" m="55551" /><F16/><W96/><G17/><T94/><D69/><AGARI ba="1,2" hai="13,18,22,50,55,56,61,64,68,69,70,98,103,104" machi="69" ten="30,2000,0" yaku="1,1,7,1,53,0" doraHai="7" doraHaiUra="123" who="1" fromWho="0" sc="297,-23,200,43,225,0,258,0" />
</Scene>
<Scene>
<INIT seed="8,0,0,0,3,115" ten="274,243,225,258" oya="0" hai0="93,116,87,68,76,130,37,133,99,127,47,3,63" hai1="91,84,78,16,74,112,88,53,28,38,50,86,48" hai2="79,73,80,125,21,45,57,36,98,44,135,65,31" hai3="46,106,51,7,96,30,122,61,102,134,128,114,82"/><T95/><D116/><U9/><E38/><V131/><F125/><W55/><G114/><T54/><D3/><U17/><E112/><V132/><F131/><W100/><G128/><T62/><D133/><N who="2" m="51274" /><F98/><W72/><G122/><T27/><D130/><U4/><E74/><V103/><F103/><W18/><G7/><T90/><D127/><U64/><E64/><V110/><F110/><W6/><G6/><T117/><D117/><U71/><E71/><V22/><F31/><W104/><G30/><T5/><D5/><U67/><E67/><V23/><F36/><W66/><G18/><T89/><D27/><U10/><E4/><V43/><F43/><W19/><G19/><T126/><D126/><U77/><E28/><V101/><F101/><W52/><G55/><AGARI ba="0,0" hai="9,10,16,17,48,50,53,55,77,78,84,86,88,91" machi="55" ten="25,8000,1" yaku="22,2,8,1,54,2" doraHai="115" who="1" fromWho="3" sc="274,0,243,80,225,0,258,-80" owari="274,7.0,323,42.0,225,-17.0,178,-32.0" />
</Scene>
</mjloggm>