<mjloggm ver="2.3"><GO type="169" lobby="0"/><UN n0="%E3%83%A1%E3%82%A4%E3%82%A2%E3%82%AF%E3%83%88" n1="%E5%A4%AA%E3%81%8F%E3%81%AA%E3%81%84%E3%81%8A" n2="%E9%BB%92%E6%B2%A2%E7%A5%90%E4%B8%80" n3="%E3%81%9C%E3%82%8D%E3%82%81%E3%81%90" dan="16,17,17,16" rate="2128.39,2176.74,2128.00,2103.46" sx="M,M,M,F"/><TAIKYOKU oya="0"/>

<Scene>
<INIT seed="0,0,0,5,5,103" ten="250,250,250,250" oya="0" hai0="49,90,26,94,105,29,97,57,101,127,126,119,122" hai1="33,79,31,124,109,99,83,121,132,0,118,98,16" hai2="22,27,64,88,24,82,34,61,130,17,59,95,134" hai3="108,32,76,69,39,37,38,92,120,131,12,114,77"/><T106/><D122/><U85/><E121/><V129/><F134/><W135/><G114/><T84/><D119/><U78/><E118/><V25/><F82/><W65/><G120/><T20/><D57/><U123/><E123/><V43/><F43/><W112/><G112/><T102/><D49/><U45/><E0/><V80/><F80/><W10/><G135/><T117/><D117/><U128/><E132/><V115/><F115/><W67/><G32/><T104/><REACH who="0" step="1"/><D102/><REACH who="0" ten="240,250,250,250" step="2"/><U11/><E45/><V2/><F130/><W41/><G131/><T46/><D46/><U36/><E128/><V100/><F129/><W51/><G51/><T1/><D1/><U68/><E36/><V42/><F2/><W48/><G48/><T40/><D40/><U87/><E68/><V125/><F42/><W81/><G41/><T89/><D89/><U53/><E124/><AGARI ba="0,1" hai="20,26,29,84,90,94,97,101,104,105,106,124,126,127" machi="124" ten="40,12000,1" yaku="1,1,18,1,52,3,53,0" doraHai="103" doraHaiUra="14" who="0" fromWho="1" sc="240,130,250,-120,250,0,250,0" />
</Scene>
<Scene>
<INIT seed="0,1,0,4,3,111" ten="370,130,250,250" oya="0" hai0="109,5,3,116,10,114,38,49,86,91,94,20,103" hai1="87,71,98,90,123,83,134,76,102,30,4,9,129" hai2="19,80,13,75,1,122,119,0,66,70,99,39,31" hai3="69,128,93,7,60,88,133,35,132,36,23,106,29"/><T15/><D38/><U18/><E123/><V125/><F39/><W50/><G106/><T26/><D116/><U2/><E71/><V53/><F31/><W24/><G36/><T79/><D79/><U61/><E134/><V115/><F66/><W113/><G113/><T112/><D109/><U27/><E129/><V68/><F122/><W25/><G128/><T17/><D103/><U56/><E18/><V82/><F53/><W40/><G7/><T84/><D84/><U95/><E56/><V107/><F125/><W85/><G69/><T33/><D49/><U14/><E61/><V131/><F19/><W22/><G60/><T100/><D100/><U45/><E45/><V96/><F13/><W92/><G92/><T65/><D65/><U52/><E2/><V63/><F63/><W120/><G120/><T121/><D121/><U97/><E52/><V44/><F75/><W55/><G40/><T104/><D104/><U124/><E124/><V32/><F32/><W127/><G127/><T12/><D12/><U73/><REACH who="1" step="1"/><E102/><REACH who="1" ten="370,120,250,250" step="2"/><V42/><F44/><N who="3" m="28103" /><G25/><T67/><D67/><U11/><E11/><V135/><F131/><W21/><G133/><T101/><D101/><U117/><E117/><V47/><F119/><W46/><G132/><T41/><D41/><U8/><E8/><V64/><F135/><W62/><G46/><T77/><D77/><U48/><E48/><V43/><F47/><W81/><G62/><T54/><D54/><U74/><E74/><V28/><F64/><W37/><G37/><T78/><D78/><U16/><E16/><V57/><F42/><RYUUKYOKU ba="1,1" sc="370,10,120,10,250,-30,250,10" hai0="3,5,10,15,17,20,26,33,86,91,94,112,114" hai1="4,9,14,27,30,73,76,83,87,90,95,97,98" hai3="21,22,23,24,29,35,81,85,88,93" />
</Scene>
<Scene>
<INIT seed="0,2,1,5,0,69" ten="380,130,220,260" oya="0" hai0="30,18,124,108,34,104,96,66,131,129,126,5,92" hai1="135,95,78,118,32,3,71,8,81,33,1,119,13" hai2="62,51,60,103,130,76,111,87,115,4,77,21,68" hai3="39,110,67,91,61,20,128,116,72,50,49,55,27"/><T17/><D104/><U63/><E95/><V90/><F115/><W99/><G116/><T29/><D66/><U12/><E71/><V133/><F111/><W75/><G110/><T73/><D73/><U127/><E63/><V11/><F133/><W65/><G128/><N who="0" m="49227" /><D108/><U74/><E135/><V100/><F130/><W56/><G39/><T23/><D34/><U2/><E127/><N who="0" m="48681" /><D5/><U22/><E22/><V107/><F21/><W46/><G75/><T114/><D18/><U85/><E74/><V106/><F51/><W102/><G72/><T122/><D122/><U123/><E123/><V24/><F24/><W15/><G50/><T31/><D92/><U88/><E78/><V37/><F37/><W42/><G65/><T0/><D96/><U14/><REACH who="1" step="1"/><E8/><REACH who="1" ten="380,120,220,260" step="2"/><V89/><F68/><W44/><G61/><T52/><D114/><U70/><E70/><V35/><F11/><W84/><G99/><T112/><D112/><U132/><E132/><V36/><F35/><AGARI ba="2,2" hai="1,2,3,12,13,14,32,33,35,81,85,88,118,119" machi="35" ten="50,3200,0" yaku="1,1,54,1,53,0" doraHai="69" doraHaiUra="54" who="1" fromWho="2" sc="380,0,120,58,220,-38,260,0" />
</Scene>
<Scene>
<INIT seed="1,0,0,5,1,124" ten="380,178,182,260" oya="1" hai0="13,92,75,128,120,108,80,88,112,106,23,135,123" hai1="64,131,111,26,40,95,34,125,73,50,90,55,109" hai2="4,37,76,15,83,49,31,47,28,107,118,52,77" hai3="102,60,29,103,46,132,43,68,62,19,66,58,100"/><U59/><E73/><V122/><F118/><W0/><G132/><T134/><D23/><U121/><E121/><N who="0" m="46665" /><D13/><U91/><E125/><V129/><F122/><W67/><G0/><T5/><D5/><U78/><E78/><V127/><F127/><W99/><G29/><T130/><D106/><U32/><E40/><V27/><F107/><W8/><G8/><T44/><D44/><U84/><E64/><V104/><F104/><W10/><G10/><T116/><D116/><U96/><E26/><V25/><F37/><W41/><G19/><T57/><D57/><U24/><E24/><N who="2" m="9291" /><F129/><N who="0" m="49770" /><D108/><N who="1" m="41547" /><E131/><V101/><F15/><W6/><G6/><T119/><D119/><U81/><AGARI ba="0,0" hai="32,34,50,55,59,81,84,90,91,95,96" m="41547" machi="81" ten="30,3000,0" yaku="14,1,10,1" doraHai="124" who="1" fromWho="1" sc="380,-10,178,30,182,-10,260,-10" />
</Scene>
<Scene>
<INIT seed="1,1,0,2,1,62" ten="370,208,172,250" oya="1" hai0="121,8,15,49,69,101,93,117,97,134,2,125,84" hai1="95,109,82,81,0,128,122,18,74,33,63,59,70" hai2="76,16,44,45,73,78,35,110,118,111,23,3,61" hai3="1,129,86,85,30,79,119,90,48,87,13,94,27"/><U131/><E122/><V64/><F35/><W40/><G1/><T11/><D117/><U127/><E70/><V38/><F3/><W92/><G119/><T100/><D125/><U112/><E112/><V17/><F118/><W124/><G124/><T54/><D134/><U7/><E127/><V66/><F73/><W68/><G129/><N who="1" m="49738" /><E33/><V42/><F44/><W106/><G106/><T14/><D69/><U34/><E34/><V67/><F61/><W43/><G68/><T52/><D2/><U115/><E115/><V130/><F130/><W89/><G13/><T132/><D132/><U24/><E74/><V123/><F123/><W126/><G126/><T102/><D84/><U57/><E109/><N who="2" m="41483" /><F17/><W107/><G107/><T98/><D121/><U10/><E95/><V25/><AGARI ba="1,0" hai="16,23,25,38,42,45,64,66,67,76,78" m="41483" machi="25" ten="30,8000,1" yaku="14,1,52,3,54,1" doraHai="62" who="2" fromWho="2" sc="370,-21,208,-41,172,83,250,-21" />
</Scene>
<Scene>
<INIT seed="2,0,0,4,4,85" ten="349,167,255,229" oya="2" hai0="1,12,48,6,10,45,61,57,110,81,26,24,108" hai1="95,9,106,92,7,62,74,134,43,97,51,50,38" hai2="31,27,86,66,64,4,41,131,68,21,100,109,33" hai3="70,93,104,60,117,73,94,82,113,116,29,122,58"/><V30/><F131/><W126/><G104/><T107/><D107/><U36/><E74/><V80/><F109/><W135/><G122/><T128/><D128/><U5/><E106/><V72/><F72/><W22/><G70/><T0/><D0/><U56/><E134/><V35/><F4/><W88/><G135/><T39/><D39/><U20/><E20/><V77/><F41/><W127/><G113/><T99/><D99/><U67/><E92/><V78/><F68/><W75/><G94/><T125/><D1/><U89/><E5/><V115/><F115/><W87/><G75/><T124/><D81/><U37/><REACH who="1" step="1"/><E43/><REACH who="1" ten="349,157,255,229" step="2"/><V34/><F31/><W83/><G73/><T132/><D132/><U101/><E101/><V96/><REACH who="2" step="1"/><F78/><REACH who="2" ten="349,157,245,229" step="2"/><W69/><G29/><T17/><D110/><U14/><AGARI ba="0,2" hai="7,9,14,36,37,38,50,51,56,62,67,89,95,97" machi="14" ten="30,7900,0" yaku="1,1,0,1,52,1,53,1" doraHai="85" doraHaiUra="59" who="1" fromWho="1" sc="349,-20,157,99,245,-39,229,-20" />
</Scene>
<Scene>
<INIT seed="3,0,0,3,3,65" ten="329,256,206,209" oya="3" hai0="75,81,116,68,77,18,47,60,131,50,80,2,25" hai1="44,21,17,42,33,74,79,26,105,14,126,7,78" hai2="67,12,135,106,58,113,129,101,88,87,34,55,125" hai3="122,132,121,97,22,84,11,118,48,124,39,91,35"/><W36/><G35/><T24/><D2/><U16/><E105/><V41/><F113/><W115/><G115/><T110/><D116/><U57/><E126/><V103/><F34/><W99/><G118/><T114/><D114/><U32/><E7/><V96/><F125/><W27/><G124/><T127/><D127/><U43/><E43/><V40/><F135/><W102/><G132/><T15/><D110/><U53/><E33/><V73/><F73/><W107/><G97/><T31/><D131/><U128/><E74/><V28/><F103/><W30/><G11/><T59/><D80/><U19/><E32/><V89/><F28/><W82/><REACH who="3" step="1"/><G48/><REACH who="3" ten="329,256,206,199" step="2"/><T104/><D50/><N who="1" m="26903" /><E128/><V52/><F129/><W5/><G5/><T71/><D104/><U63/><E19/><V123/><F106/><W117/><G117/><T8/><D18/><U69/><E17/><V90/><F96/><W61/><G61/><T56/><D60/><U93/><E16/><V94/><F101/><W20/><G20/><T133/><D133/><U51/><E21/><V38/><F123/><AGARI ba="0,1" hai="22,27,30,36,39,82,84,91,99,102,107,121,122,123" machi="123" ten="40,2000,0" yaku="1,1,53,0" doraHai="65" doraHaiUra="120" who="3" fromWho="2" sc="329,0,256,0,206,-20,199,30" />
</Scene>
<Scene>
<INIT seed="3,1,0,4,0,8" ten="329,256,186,229" oya="3" hai0="98,22,110,67,15,106,39,133,23,49,18,40,123" hai1="69,80,1,103,61,115,29,48,26,2,7,10,111" hai2="114,135,33,77,0,4,76,73,11,91,63,124,27" hai3="55,59,122,28,72,107,121,58,131,68,127,20,13"/><W95/><G107/><T35/><D35/><U117/><E115/><V19/><F114/><W88/><G68/><T93/><D106/><U132/><E103/><V89/><F124/><W71/><G71/><T120/><D39/><U78/><E111/><V37/><F135/><W129/><G72/><T83/><D110/><U56/><E69/><V66/><F37/><W54/><G127/><T70/><D133/><U24/><E132/><V134/><F134/><W96/><G58/><T16/><D83/><U116/><E48/><V94/><F89/><W51/><G55/><T38/><D38/><U34/><E26/><V118/><F73/><W119/><G119/><T82/><D82/><U60/><E2/><V108/><F118/><N who="1" m="45673" /><E56/><V90/><F90/><W75/><G75/><AGARI ba="1,0" hai="1,7,10,24,29,34,60,61,75,78,80" m="45673" machi="75" ten="30,1000,0" yaku="12,1" doraHai="8" who="1" fromWho="3" sc="329,0,256,13,186,0,229,-13" />
</Scene>
<Scene>
<INIT seed="4,0,0,4,5,126" ten="329,269,186,216" oya="0" hai0="96,0,125,3,22,57,129,35,71,108,10,36,53" hai1="30,58,24,46,56,65,119,98,95,31,39,89,1" hai2="76,112,4,124,106,97,33,111,123,14,99,85,15" hai3="130,62,75,74,107,127,109,77,21,25,41,94,110"/><T83/><D71/><U133/><E119/><V48/><F33/><W78/><G107/><T67/><D36/><U105/><E1/><V19/><F111/><W29/><G127/><T117/><D67/><U120/><E120/><V79/><F124/><W50/><G62/><T114/><D35/><U80/><E105/><V38/><F38/><W87/><G130/><T118/><D129/><U52/><E133/><V128/><F123/><W63/><G63/><T121/><D121/><U2/><E2/><V115/><F85/><W122/><G122/><T55/><D125/><U69/><E69/><V45/><F106/><W73/><G110/><T60/><D108/><U43/><E65/><V17/><F48/><W26/><G109/><T12/><D22/><U42/><E42/><V81/><F81/><W135/><G135/><T49/><D114/><U20/><E80/><V104/><F104/><W66/><G66/><T6/><D96/><U93/><E93/><V102/><F45/><W40/><G26/><T68/><D83/><U72/><E72/><V16/><F4/><W44/><REACH who="3" step="1"/><G41/><REACH who="3" ten="329,269,186,206" step="2"/><T8/><D68/><U9/><E24/><V7/><F128/><W91/><AGARI ba="0,1" hai="21,25,29,40,44,50,73,74,75,77,78,87,91,94" machi="91" ten="40,8000,1" yaku="1,1,2,1,0,1,53,1" doraHai="126" doraHaiUra="86" who="3" fromWho="3" sc="329,-40,269,-20,186,-20,206,90" />
</Scene>
<Scene>
<INIT seed="5,0,0,5,5,90" ten="289,249,166,296" oya="1" hai0="47,17,46,14,58,110,98,94,114,20,56,60,132" hai1="74,57,55,104,63,30,11,38,106,3,27,134,65" hai2="9,105,64,85,96,117,54,71,16,81,4,40,48" hai3="53,5,69,70,42,34,28,26,41,88,6,112,135"/><U99/><E74/><V59/><F117/><W29/><G112/><T83/><D110/><U32/><E38/><V61/><F40/><W12/><G135/><T100/><D114/><U127/><E134/><V33/><F33/><W121/><G121/><T39/><D132/><U15/><E127/><V21/><F105/><W82/><G29/><T118/><D118/><U0/><E106/><V31/><F31/><W68/><G53/><T10/><D39/><U131/><E131/><V128/><F96/><W23/><G34/><T62/><D83/><U122/><E122/><V18/><F21/><W50/><G12/><T24/><D58/><U66/><E66/><V129/><F129/><W111/><G111/><T37/><D62/><U13/><E13/><V123/><F123/><W101/><G101/><T93/><D93/><U109/><E109/><V43/><F43/><W77/><G42/><T35/><D35/><U126/><E126/><V91/><REACH who="2" step="1"/><F128/><REACH who="2" ten="289,249,156,296" step="2"/><W120/><G120/><T8/><D37/><U78/><E104/><V97/><F97/><W72/><G41/><T125/><D125/><U22/><E99/><V130/><F130/><W92/><G28/><N who="0" m="17415" /><D10/><U116/><E116/><V2/><AGARI ba="0,1" hai="2,4,9,16,18,48,54,59,61,64,71,81,85,91" machi="2" ten="20,5200,0" yaku="1,1,0,1,7,1,54,1,53,0" doraHai="90" doraHaiUra="113" who="2" fromWho="2" sc="289,-13,249,-26,156,62,296,-13" />
</Scene>
<Scene>
<INIT seed="6,0,0,4,5,39" ten="276,223,218,283" oya="2" hai0="90,4,93,119,130,110,77,103,11,129,14,12,92" hai1="29,27,83,114,19,73,41,1,95,24,81,26,115" hai2="94,116,63,102,45,34,80,0,69,107,99,71,7" hai3="48,18,59,84,65,111,25,100,16,10,87,61,50"/><V128/><F116/><W122/><G111/><T67/><D110/><U120/><E1/><V23/><F128/><W101/><G122/><T82/><D119/><U35/><E120/><V38/><F34/><W108/><G108/><T54/><D67/><U32/><E95/><V22/><F94/><W3/><G3/><T98/><D54/><U79/><E81/><V70/><F63/><W43/><G18/><T72/><D14/><U104/><E104/><V30/><F80/><W13/><G25/><T74/><D74/><U133/><E133/><V55/><F30/><W125/><G125/><T60/><D60/><U112/><E32/><V118/><F118/><W75/><G75/><T134/><D134/><U9/><E41/><V85/><F85/><N who="3" m="32843" /><G43/><T31/><D31/><U8/><E8/><BYE who="1" /><V126/><F126/><W62/><G62/><T131/><REACH who="0" step="1"/><D92/><REACH who="0" ten="266,223,218,283" step="2"/><U127/><E127/><V105/><F105/><UN n1="%E5%A4%AA%E3%81%8F%E3%81%AA%E3%81%84%E3%81%8A" /><W2/><G2/><T64/><D64/><U97/><E27/><V47/><F55/><W53/><G53/><T49/><D49/><AGARI ba="0,1" hai="10,13,16,48,49,50,59,61,65,100,101" m="32843" machi="49" ten="30,2000,0" yaku="8,1,54,1" doraHai="39" who="3" fromWho="0" sc="266,-20,223,0,218,0,283,30" />
</Scene>
<Scene>
<INIT seed="7,0,0,2,1,51" ten="246,223,218,313" oya="3" hai0="56,20,113,15,32,123,117,77,69,112,38,108,59" hai1="72,9,2,132,31,135,92,13,39,18,1,44,106" hai2="128,98,125,71,64,52,23,46,3,40,7,110,105" hai3="53,116,74,62,10,100,25,134,65,95,22,94,127"/><W78/><G116/><T34/><D69/><U130/><E106/><V126/><F110/><W63/><G127/><N who="2" m="48649" /><F128/><W26/><G134/><N who="1" m="51242" /><E130/><V129/><F129/><W24/><G74/><T50/><D38/><U101/><E72/><V93/><F105/><W89/><G78/><T17/><D108/><U30/><E101/><V119/><F119/><W111/><G111/><T60/><D117/><U49/><E39/><N who="2" m="21791" /><F23/><W29/><G10/><T70/><D70/><U122/><E92/><V8/><F52/><W83/><G100/><T45/><D123/><U57/><E57/><V96/><F93/><W5/><G53/><N who="0" m="29903" /><D56/><U36/><E36/><V27/><F27/><W47/><G26/><T88/><D77/><U80/><E122/><V76/><F76/><W66/><G95/><T6/><D88/><U84/><E80/><V124/><N who="2" m="48657" /><V79/><DORA hai="97" /><F79/><W28/><G83/><T48/><D48/><U61/><E61/><AGARI ba="0,0" hai="3,7,8,61,64,71,96,98" m="21791,48657" machi="61" ten="40,1300,0" yaku="18,1" doraHai="51,97" who="2" fromWho="1" sc="246,0,223,-13,218,13,313,0" owari="246,5.0,210,-29.0,231,-17.0,313,41.0" />
</Scene>
</mjloggm>