<mjloggm ver="2.3"><GO type="169" lobby="0"/><UN n0="%E5%A4%AA%E3%81%8F%E3%81%AA%E3%81%84%E3%81%8A" n1="%61%6D%65%64%69%6F" n2="%E3%81%8B%E3%81%AB%E3%83%9E%E3%82%B8%E3%83%B3" n3="%E3%82%BF%E3%83%8A%E3%82%AE" dan="17,17,18,18" rate="2164.31,2149.91,2231.61,2228.69" sx="M,M,M,M"/><TAIKYOKU oya="0"/>

<Scene>
<INIT seed="0,0,0,0,5,45" ten="250,250,250,250" oya="0" hai0="122,39,27,32,10,113,12,133,98,62,80,111,67" hai1="109,85,36,119,3,93,103,121,34,71,73,70,83" hai2="42,65,51,130,58,37,129,131,20,25,18,48,59" hai3="28,75,99,60,22,14,16,21,89,4,9,78,95"/><T116/><D113/><U64/><E119/><V44/><REACH who="2" step="1"/><F59/><REACH who="2" ten="250,250,240,250" step="2"/><W135/><G135/><T23/><D133/><U66/><E71/><V29/><F29/><W91/><G28/><T127/><D116/><U86/><E70/><V106/><F106/><W112/><G112/><T6/><D122/><U68/><E68/><V120/><F120/><W2/><G22/><T108/><D23/><U54/><E121/><V79/><F79/><W100/><G60/><AGARI ba="0,1" hai="18,20,25,37,42,44,48,51,58,60,65,129,130,131" machi="60" ten="40,12000,2" yaku="21,2,19,1,52,2,53,1" doraHai="45" doraHaiUra="15" who="2" fromWho="3" sc="250,0,250,0,240,130,250,-120" />
</Scene>
<Scene>
<INIT seed="1,0,0,1,4,26" ten="250,250,370,130" oya="1" hai0="119,96,61,1,95,132,21,94,107,71,67,85,12" hai1="100,73,11,116,2,57,103,49,34,104,83,27,44" hai2="126,43,131,13,53,124,112,64,134,56,3,51,122" hai3="120,115,114,86,16,92,0,118,135,75,130,70,22"/><U110/><E116/><V76/><F3/><W93/><G75/><T65/><D1/><U102/><E104/><V82/><F122/><W37/><G37/><T90/><D119/><U14/><E2/><V66/><F131/><W20/><G0/><T58/><D132/><U41/><E110/><V117/><F117/><W35/><G70/><T97/><D107/><U54/><E73/><V72/><F134/><W17/><G118/><T68/><D67/><U8/><E83/><V98/><F112/><W84/><G135/><T23/><D85/><U45/><E45/><N who="2" m="26047" /><F13/><W50/><G50/><T78/><D78/><U59/><E59/><V89/><F89/><W7/><G7/><T52/><D12/><U46/><E46/><V101/><F53/><W30/><G35/><T6/><D6/><U47/><E47/><V62/><F62/><W77/><G77/><T125/><D125/><N who="2" m="48234" /><F56/><W128/><REACH who="3" step="1"/><G120/><REACH who="3" ten="250,250,370,120" step="2"/><T25/><D71/><U39/><E34/><V32/><F32/><W99/><G99/><T123/><D123/><U31/><E39/><V19/><F19/><W29/><AGARI ba="0,1" hai="16,17,20,22,29,30,84,86,92,93,114,115,128,130" machi="29" ten="25,12000,2" yaku="1,1,0,1,22,2,52,2,54,1,53,0" doraHai="26" doraHaiUra="4" who="3" fromWho="3" sc="250,-30,250,-60,370,-30,120,130" />
</Scene>
<Scene>
<INIT seed="2,0,0,4,3,93" ten="220,190,340,250" oya="2" hai0="119,68,107,82,65,19,40,111,79,75,4,62,24" hai1="99,73,56,116,1,59,38,60,76,31,91,133,129" hai2="49,88,126,53,134,98,48,123,47,112,120,11,50" hai3="132,124,39,80,25,100,7,96,83,114,89,104,61"/><V94/><F112/><W69/><G39/><T26/><D107/><U14/><E38/><V9/><F126/><W54/><G114/><T95/><D111/><U30/><E1/><V122/><F134/><W58/><G132/><T43/><D119/><U101/><E116/><V8/><AGARI ba="0,0" hai="8,9,11,47,48,49,50,53,88,94,98,120,122,123" machi="8" ten="40,7800,0" yaku="0,1,52,1,54,1" doraHai="93" who="2" fromWho="2" sc="220,-26,190,-26,340,78,250,-26" />
</Scene>
<Scene>
<INIT seed="2,1,0,3,5,44" ten="194,164,418,224" oya="2" hai0="46,83,66,0,20,102,97,28,25,56,131,34,124" hai1="130,135,8,48,45,15,31,60,123,114,92,57,99" hai2="116,37,43,24,129,133,50,104,111,107,63,125,118" hai3="127,12,79,33,109,54,119,38,73,22,103,11,62"/><V100/><F100/><W121/><G33/><T76/><D0/><U108/><E114/><V90/><F90/><W16/><G119/><T40/><D124/><U81/><E123/><V3/><F24/><W71/><G121/><T117/><D117/><U18/><E130/><V120/><F63/><W26/><G38/><T132/><D131/><U36/><E36/><V42/><F50/><W51/><G109/><T95/><D132/><U27/><E135/><V13/><F13/><W64/><G127/><T105/><D34/><U84/><E108/><V85/><F85/><W69/><G69/><T98/><D56/><U91/><E27/><V49/><F49/><W2/><G2/><T89/><D66/><U86/><E31/><V101/><F101/><W77/><G103/><T88/><D89/><U30/><E30/><V87/><F87/><W29/><REACH who="3" step="1"/><G73/><REACH who="3" ten="194,164,418,214" step="2"/><T126/><D126/><U78/><E78/><V67/><F37/><W39/><G39/><T110/><D110/><U47/><E81/><V5/><F111/><W128/><G128/><T35/><D35/><U106/><E106/><V41/><F107/><W112/><G112/><T4/><D83/><U32/><E32/><V75/><F104/><W96/><G96/><T52/><D76/><U23/><E45/><AGARI ba="1,1" hai="11,12,16,22,26,29,45,51,54,62,64,71,77,79" machi="45" ten="30,8000,1" yaku="1,1,7,1,52,1,54,1,53,1" doraHai="44" doraHaiUra="59" who="3" fromWho="1" sc="194,0,164,-83,418,0,214,93" />
</Scene>
<Scene>
<INIT seed="3,0,0,4,5,3" ten="194,81,418,307" oya="3" hai0="123,97,45,13,102,100,62,42,63,38,30,47,59" hai1="12,92,73,25,70,107,49,105,131,61,118,20,54" hai2="44,60,93,21,84,19,114,122,10,22,104,88,39" hai3="74,82,65,35,29,86,90,51,111,108,17,4,129"/><W121/><G121/><T89/><D123/><U24/><E73/><V5/><F122/><W28/><G74/><T83/><D30/><U101/><E118/><V6/><F104/><W8/><G65/><T55/><D45/><U79/><E131/><V31/><F114/><W113/><G113/><T1/><D1/><U106/><E79/><V85/><F39/><W37/><G37/><T57/><D13/><U50/><E12/><N who="2" m="7575" /><F44/><W80/><G129/><T36/><D36/><U127/><E127/><V26/><F60/><W119/><G119/><T67/><D83/><U103/><E92/><V96/><F22/><W98/><G98/><T134/><D134/><U66/><E49/><V125/><F125/><W132/><G132/><T112/><D112/><U33/><E33/><V7/><AGARI ba="0,0" hai="5,6,7,21,26,31,84,85,88,93,96" m="7575" machi="7" ten="30,8000,1" yaku="8,1,52,3,54,1" doraHai="3" who="2" fromWho="2" sc="194,-20,81,-20,418,80,307,-40" />
</Scene>
<Scene>
<INIT seed="4,0,0,0,5,6" ten="174,61,498,267" oya="0" hai0="119,54,116,46,81,53,78,27,47,100,74,4,125" hai1="62,130,12,134,23,55,35,82,5,113,101,117,86" hai2="105,87,80,22,50,17,111,85,124,114,36,112,38" hai3="127,128,96,118,89,97,11,16,99,10,19,129,59"/><T14/><D125/><U32/><E117/><V103/><F111/><W33/><G33/><T75/><D100/><U133/><E101/><V115/><F124/><W110/><G127/><T26/><D4/><U66/><E55/><V123/><F123/><W67/><G110/><T15/><D81/><U126/><E126/><V109/><F109/><W107/><G118/><T52/><REACH who="0" step="1"/><D54/><REACH who="0" ten="164,61,498,267" step="2"/><U25/><E130/><N who="3" m="50282" /><G107/><T29/><D29/><U1/><E113/><V70/><F103/><W44/><G89/><T20/><D20/><U58/><E1/><V79/><F105/><W135/><G135/><N who="1" m="51722" /><E5/><V94/><F80/><W24/><G19/><T71/><D71/><U83/><E83/><V120/><F22/><N who="3" m="13383" /><G44/><T106/><D106/><U95/><E95/><V92/><F92/><W56/><G59/><T42/><D42/><U61/><E32/><V88/><F70/><W122/><G122/><T45/><D45/><U2/><E35/><V90/><F17/><W51/><G67/><T37/><D37/><U102/><E2/><V18/><F18/><W8/><G56/><T57/><D57/><N who="1" m="37167" /><E102/><V31/><F120/><W21/><G21/><T68/><D68/><U76/><E23/><V3/><F31/><W43/><G43/><T132/><D132/><U41/><E41/><V0/><F36/><W131/><G131/><T28/><D28/><U73/><E12/><V63/><F38/><W39/><G39/><T104/><D104/><U60/><E58/><V84/><F3/><W40/><G40/><T48/><D48/><AGARI ba="0,1" hai="8,10,11,48,51,96,97,99" m="13383,50282" machi="48" ten="40,8000,1" yaku="19,1,52,3,54,1" doraHai="6" who="3" fromWho="0" sc="164,-80,61,0,498,0,267,90" />
</Scene>
<Scene>
<INIT seed="5,0,0,5,2,84" ten="84,61,498,357" oya="1" hai0="122,56,21,58,38,33,74,118,68,76,110,77,63" hai1="0,126,119,123,93,48,54,83,49,111,51,13,79" hai2="25,28,42,29,6,95,125,72,9,12,59,2,40" hai3="64,14,128,26,80,20,62,37,67,86,130,23,131"/><U109/><E0/><V124/><F72/><W44/><G14/><T3/><D33/><U82/><E119/><V117/><F117/><W101/><G101/><T53/><D118/><U30/><E123/><V36/><F59/><W107/><G107/><T39/><D110/><N who="1" m="41995" /><E126/><N who="2" m="48747" /><F29/><W1/><G1/><T18/><D3/><U50/><E30/><V108/><F108/><W121/><G121/><T41/><D68/><U81/><E13/><V106/><F106/><W65/><G62/><T129/><D122/><U31/><E31/><V100/><F36/><W115/><G115/><T73/><D38/><U71/><E71/><V114/><F114/><W105/><G105/><T87/><D73/><N who="1" m="43247" /><E93/><V46/><F2/><W133/><G133/><T99/><D74/><U32/><E32/><N who="2" m="20495" /><F46/><AGARI ba="0,0" hai="46,48,49,50,51,54,82,83" m="43247,41995" machi="46" ten="30,1500,0" yaku="10,1" doraHai="84" who="1" fromWho="2" sc="84,0,61,15,498,-15,357,0" />
</Scene>
<Scene>
<INIT seed="5,1,0,2,1,60" ten="84,76,483,357" oya="1" hai0="66,57,23,5,25,21,12,105,68,107,30,36,42" hai1="37,85,133,14,115,135,69,1,75,8,0,99,51" hai2="101,121,3,70,59,112,117,18,125,61,19,114,78" hai3="129,32,100,130,110,29,16,108,127,73,86,97,116"/><U47/><E75/><V123/><F3/><W31/><G73/><T71/><D36/><U44/><E37/><V13/><F70/><W62/><G127/><T27/><D42/><U52/><E69/><V11/><F117/><W131/><G86/><T81/><D81/><U72/><E72/><V41/><F78/><W34/><G116/><T63/><D68/><U126/><E126/><V79/><F79/><W20/><G62/><T80/><D80/><U65/><E85/><V91/><F125/><W48/><G48/><T43/><D43/><U106/><E65/><N who="2" m="39103" /><F41/><W90/><G90/><T87/><D87/><U76/><E76/><V35/><F35/><N who="3" m="13355" /><G97/><T64/><D71/><U88/><E106/><V55/><F55/><W9/><G9/><N who="0" m="4143" /><D107/><U45/><E115/><N who="2" m="44075" /><F101/><W67/><G67/><N who="0" m="39407" /><D105/><U50/><E0/><V118/><F118/><W15/><G100/><T96/><D96/><U49/><E1/><V6/><F91/><W95/><G95/><T92/><D92/><N who="1" m="56711" /><E135/><V109/><F109/><AGARI ba="1,0" hai="15,16,20,29,31,108,109,110,129,130,131" m="13355" machi="109" ten="40,8000,1" yaku="19,1,34,2,54,1" doraHai="60" who="3" fromWho="2" sc="84,0,76,0,483,-83,357,83" />
</Scene>
<Scene>
<INIT seed="6,0,0,1,5,84" ten="84,76,400,440" oya="2" hai0="90,115,73,11,125,80,91,32,2,24,132,94,75" hai1="74,85,54,4,92,97,41,16,12,134,117,86,76" hai2="77,61,48,55,1,102,123,58,9,51,18,98,130" hai3="45,88,0,131,30,100,81,114,135,105,87,62,36"/><V6/><F123/><W124/><G0/><T59/><D115/><U107/><E107/><V68/><F130/><W19/><G131/><T71/><D71/><U33/><E33/><V96/><F77/><W31/><G124/><T40/><D40/><U95/><E117/><V118/><F118/><W106/><G135/><T23/><D32/><U93/><E134/><V47/><F68/><W52/><G114/><T108/><D108/><U64/><E4/><V43/><F18/><W27/><G36/><T5/><D132/><U133/><E133/><V122/><F122/><W14/><G105/><T8/><D125/><U44/><E54/><V128/><F128/><W67/><G100/><T72/><D11/><U112/><E64/><V104/><REACH who="2" step="1"/><F98/><REACH who="2" ten="84,76,390,440" step="2"/><W129/><G129/><T109/><D109/><U53/><E112/><V29/><F29/><W17/><G17/><T38/><D5/><U65/><E97/><V34/><F34/><W121/><G121/><T113/><D113/><U120/><E120/><V83/><F83/><W69/><G27/><T22/><D24/><U13/><E76/><V78/><F78/><W66/><G30/><T79/><D79/><U101/><E16/><V63/><AGARI ba="0,1" hai="1,6,9,43,47,48,51,55,58,61,63,96,102,104" machi="63" ten="30,11700,0" yaku="1,1,0,1,53,2" doraHai="84" doraHaiUra="56" who="2" fromWho="2" sc="84,-39,76,-39,390,127,440,-39" />
</Scene>
<Scene>
<INIT seed="6,1,0,5,0,33" ten="45,37,517,401" oya="2" hai0="109,81,102,57,98,25,107,4,31,112,83,68,97" hai1="28,95,3,42,132,51,20,32,122,0,15,100,27" hai2="18,120,58,12,5,127,65,67,38,44,134,118,22" hai3="94,64,92,7,75,24,116,69,72,77,135,1,99"/><V79/><F120/><W113/><G116/><T47/><D68/><U11/><E122/><V119/><F127/><W114/><G135/><T45/><D109/><U103/><E132/><V88/><F134/><W37/><G37/><T85/><D112/><N who="3" m="43113" /><G64/><T101/><D57/><U105/><E105/><V89/><F79/><W55/><G69/><T84/><D4/><U43/><E32/><V13/><F118/><W59/><G24/><T36/><D36/><U121/><E121/><V21/><F119/><W16/><G77/><T23/><D83/><U60/><E60/><V6/><F38/><W46/><G46/><T63/><D63/><U87/><E87/><V110/><F44/><W73/><G16/><T90/><D85/><U115/><E115/><V35/><F35/><W78/><G78/><T80/><D80/><U19/><E51/><V111/><F58/><W124/><G124/><T117/><D117/><U49/><E49/><V128/><REACH who="2" step="1"/><F18/><REACH who="2" ten="45,37,507,401" step="2"/><W66/><G99/><T26/><D47/><U56/><E56/><V34/><F34/><W125/><G125/><T96/><D45/><U71/><E71/><V130/><AGARI ba="1,1" hai="5,6,12,13,21,22,65,67,88,89,110,111,128,130" machi="130" ten="25,12000,1" yaku="1,1,0,1,22,2,54,1,53,0" doraHai="33" doraHaiUra="76" who="2" fromWho="2" sc="45,-41,37,-41,507,133,401,-41" owari="4,-40.0,-4,-50.0,640,74.0,360,16.0" />
</Scene>
</mjloggm>