<mjloggm ver="2.3"><GO type="169" lobby="0"/><UN n0="%59%75%67" n1="%E5%A4%AA%E3%81%8F%E3%81%AA%E3%81%84%E3%81%8A" n2="%E6%B9%8A%E3%81%AE%E9%87%A3%E5%B8%AB" n3="%E9%BE%8D%E9%96%80%E6%B8%95%E9%80%8F%E8%8A%B1" dan="17,17,16,16" rate="2190.50,2212.04,2095.65,2112.89" sx="M,M,M,M"/><TAIKYOKU oya="0"/>

<Scene>
<INIT seed="0,0,0,5,2,134" ten="250,250,250,250" oya="0" hai0="91,2,89,44,117,49,34,119,23,48,42,98,71" hai1="39,9,106,126,122,81,79,115,135,75,53,4,30" hai2="52,102,18,93,107,125,72,12,61,28,112,31,32" hai3="41,132,19,24,22,55,68,128,104,109,76,35,97"/><T92/><D34/><U116/><E116/><V45/><F112/><W127/><G68/><T78/><D2/><U33/><E122/><V99/><F72/><W96/><G132/><T25/><D71/><U84/><E135/><V15/><F15/><W43/><G109/><T83/><D49/><U63/><E106/><V26/><F31/><W80/><G35/><T8/><D8/><U124/><E39/><V120/><F120/><W87/><G128/><T54/><D91/><U7/><E115/><V114/><F114/><W64/><G64/><T103/><D89/><U108/><E108/><V36/><F36/><W113/><G113/><T50/><D50/><U40/><E40/><N who="3" m="15434" /><G104/><T11/><D11/><U70/><E84/><V21/><F107/><W29/><G127/><N who="1" m="48682" /><E9/><V38/><F38/><W65/><G65/><T94/><D42/><U46/><E46/><V56/><F125/><W129/><G129/><T10/><D10/><U3/><E3/><V74/><F74/><W86/><G87/><T133/><D133/><U0/><E0/><V5/><F45/><W66/><G66/><T121/><D121/><U37/><E37/><V111/><F111/><W27/><G55/><T20/><D117/><U17/><E17/><V101/><F5/><N who="1" m="2121" /><E70/><V100/><AGARI ba="0,0" hai="12,18,21,26,28,32,52,56,61,93,99,100,101,102" machi="100" ten="20,2700,0" yaku="0,1,7,1,54,1" doraHai="134" who="2" fromWho="2" sc="250,-13,250,-7,250,27,250,-7" />
</Scene>
<Scene>
<INIT seed="1,0,0,3,3,32" ten="237,243,277,243" oya="1" hai0="112,102,12,5,128,59,54,103,77,86,6,83,76" hai1="68,25,93,45,20,33,22,105,122,50,19,108,88" hai2="0,46,63,70,114,73,21,7,117,17,130,79,61" hai3="29,65,126,115,30,85,69,28,124,84,135,66,107"/><U15/><E122/><V27/><F117/><W129/><G115/><T48/><D112/><U53/><E105/><V58/><F114/><W55/><G107/><T90/><D128/><U72/><E72/><V35/><F130/><W31/><G129/><T24/><D24/><U2/><E68/><V92/><F35/><W74/><G74/><T40/><D40/><U75/><E75/><V98/><F70/><W87/><G135/><T134/><D134/><U41/><E108/><V106/><F106/><W95/><G31/><T121/><D121/><U43/><E2/><V89/><F46/><W125/><G69/><T18/><D5/><U36/><E36/><V3/><F7/><W49/><G95/><T133/><D6/><U97/><REACH who="1" step="1"/><E33/><REACH who="1" ten="237,233,277,243" step="2"/><V38/><F38/><W81/><REACH who="3" step="1"/><G81/><REACH who="3" ten="237,233,277,233" step="2"/><T113/><D113/><U34/><E34/><V131/><F131/><W80/><G80/><T56/><D133/><U123/><E123/><V51/><F73/><W100/><G100/><T39/><D39/><U62/><E62/><V101/><F101/><W118/><G118/><T47/><D103/><U94/><E94/><V119/><F119/><W37/><G37/><T42/><D102/><U116/><E116/><V26/><F63/><W82/><G82/><T109/><D109/><U67/><E67/><V1/><F61/><W120/><G120/><T104/><D104/><U132/><E132/><V16/><F51/><W110/><G110/><T11/><D77/><U23/><E23/><N who="2" m="13671" /><F79/><W57/><AGARI ba="0,2" hai="28,29,30,49,55,57,65,66,84,85,87,124,125,126" machi="57" ten="40,12000,2" yaku="1,1,0,1,29,2,18,1,53,1" doraHai="32" doraHaiUra="52" who="3" fromWho="3" sc="237,-30,233,-60,277,-30,233,140" />
</Scene>
<Scene>
<INIT seed="2,0,0,2,0,113" ten="207,173,247,373" oya="2" hai0="109,105,101,116,112,6,5,7,88,34,56,3,102" hai1="62,15,115,85,57,36,2,14,73,68,59,0,106" hai2="45,133,114,50,53,18,26,97,10,94,28,52,72" hai3="48,95,38,17,84,124,60,21,27,121,134,128,130"/><V29/><F114/><W90/><G38/><T30/><D112/><U89/><E115/><V22/><F72/><W75/><G121/><T118/><D3/><U67/><E73/><V69/><F69/><W47/><G75/><T87/><D109/><U81/><E36/><V63/><F133/><W111/><G111/><T107/><D56/><U65/><E106/><N who="0" m="40457" /><D30/><U93/><E0/><V125/><F125/><W46/><G124/><T25/><D25/><U4/><E2/><V35/><F10/><W12/><G134/><T86/><D34/><U119/><E119/><N who="0" m="45609" /><D88/><N who="1" m="51247" /><E68/><V83/><F35/><W71/><G71/><T120/><D120/><U20/><E59/><N who="2" m="35303" /><F83/><W99/><G128/><T74/><D74/><U39/><E65/><V108/><F108/><W100/><G130/><T123/><D123/><U82/><E82/><V132/><F132/><W33/><G33/><T23/><D23/><U61/><E20/><V77/><F77/><W127/><G127/><T91/><D91/><AGARI ba="0,0" hai="18,22,26,28,29,45,50,53,91,94,97" m="35303" machi="91" ten="30,5800,0" yaku="25,1,8,1,54,1" doraHai="113" who="2" fromWho="0" sc="207,-58,173,0,247,58,373,0" />
</Scene>
<Scene>
<INIT seed="2,1,0,5,4,54" ten="149,173,305,373" oya="2" hai0="85,5,61,12,92,31,117,20,59,96,46,100,68" hai1="7,125,132,95,16,64,36,39,113,29,106,112,47" hai2="72,104,58,70,114,130,86,14,37,49,52,55,88" hai3="79,126,91,74,111,23,24,60,44,122,65,4,9"/><V63/><F114/><W66/><G122/><T41/><D117/><U93/><E106/><V42/><F104/><W90/><G111/><T133/><D133/><U71/><E7/><V75/><F130/><W35/><G35/><T26/><D68/><U77/><E29/><V67/><F14/><W118/><G118/><T135/><D135/><U102/><E132/><V103/><F103/><W3/><G126/><T127/><D127/><U8/><E125/><V115/><F115/><W34/><G34/><T38/><D85/><U120/><E120/><V11/><F11/><W33/><G33/><T107/><D107/><U50/><E77/><V10/><F10/><W51/><G66/><T78/><D78/><U0/><E0/><V48/><F42/><W116/><G79/><T123/><D123/><U76/><E76/><V28/><F28/><W15/><G3/><T19/><D5/><U108/><E108/><V97/><F37/><W99/><G99/><T17/><REACH who="0" step="1"/><D12/><REACH who="0" ten="139,173,305,373" step="2"/><U18/><E71/><V21/><F97/><W45/><G116/><T89/><D89/><U105/><E105/><V43/><F75/><W98/><G74/><T83/><D83/><U56/><E102/><V101/><F72/><W109/><G109/><T27/><D27/><U80/><E80/><N who="2" m="49223" /><F101/><W82/><G82/><T13/><D13/><N who="1" m="7207" /><E113/><V119/><F119/><W2/><G2/><T57/><D57/><U81/><E112/><V1/><F1/><W25/><G25/><T84/><D84/><U40/><E81/><V128/><F70/><N who="3" m="42279" /><G98/><T131/><D131/><U94/><E93/><V110/><F128/><RYUUKYOKU ba="1,1" sc="139,30,173,-10,305,-10,373,-10" hai0="17,19,20,26,31,38,41,46,59,61,92,96,100" />
</Scene>
<Scene>
<INIT seed="3,2,1,0,1,46" ten="169,163,295,363" oya="3" hai0="29,31,6,93,114,116,85,38,106,33,47,90,117" hai1="60,61,115,11,134,36,63,73,72,118,13,35,40" hai2="112,58,128,125,27,107,8,48,41,53,67,10,83" hai3="75,77,21,43,113,20,64,101,12,82,65,135,37"/><W52/><G113/><T7/><D106/><U108/><E115/><V84/><F112/><W49/><G135/><T79/><D114/><U69/><E69/><V26/><F107/><W132/><G132/><T17/><D33/><U4/><E134/><V80/><F128/><W91/><G101/><T56/><D79/><U131/><E35/><V89/><F125/><W97/><G43/><T102/><D102/><U104/><E104/><V68/><F41/><W2/><G2/><T105/><D105/><U25/><E131/><V28/><F80/><W98/><G37/><T96/><D56/><U19/><E108/><V78/><F78/><W32/><G32/><T70/><D70/><U14/><E25/><V1/><F1/><W103/><G91/><T51/><D38/><U122/><E122/><V123/><F123/><W74/><G74/><T130/><D17/><U110/><E110/><V111/><F111/><W62/><G12/><T127/><D127/><U124/><E124/><V57/><F68/><W59/><G103/><T15/><D15/><U5/><E118/><N who="0" m="45673" /><D96/><U23/><REACH who="1" step="1"/><E5/><REACH who="1" ten="169,153,295,363" step="2"/><V92/><F27/><W129/><G129/><T42/><D130/><U24/><E24/><V16/><F28/><W99/><REACH who="3" step="1"/><G65/><REACH who="3" ten="169,153,295,353" step="2"/><T76/><D31/><U120/><E120/><V66/><F66/><W100/><G100/><T39/><D29/><U109/><E109/><V94/><F26/><W45/><AGARI ba="2,3" hai="20,21,45,49,52,59,62,64,75,77,82,97,98,99" machi="45" ten="30,11700,0" yaku="1,1,0,1,52,1,54,1,53,0" doraHai="46" doraHaiUra="0" who="3" fromWho="3" sc="169,-41,153,-41,295,-41,353,153" />
</Scene>
<Scene>
<INIT seed="3,3,0,4,3,31" ten="128,112,254,506" oya="3" hai0="49,10,7,57,44,47,24,111,114,19,50,51,17" hai1="70,43,76,37,96,113,29,118,102,125,73,1,59" hai2="68,55,48,0,95,97,35,64,106,16,46,78,56" hai3="53,63,131,110,89,135,4,82,101,87,109,92,91"/><W74/><G4/><T26/><D111/><N who="3" m="42505" /><G63/><T112/><D57/><U79/><E59/><V65/><F106/><W8/><G8/><T124/><D124/><U12/><E29/><V15/><F0/><W41/><G53/><T98/><D98/><U100/><E96/><V121/><F121/><W18/><G18/><N who="0" m="6667" /><D7/><U85/><E125/><V132/><F68/><W34/><G41/><T27/><D10/><U40/><E40/><V77/><F132/><W11/><G11/><T39/><D39/><U71/><E37/><V128/><F128/><W94/><G34/><T66/><D66/><N who="2" m="25706" /><F35/><W103/><G135/><T117/><D117/><U23/><E118/><V116/><F116/><W107/><G107/><T119/><D119/><U123/><E43/><V14/><F56/><W84/><G131/><T75/><D75/><U105/><E73/><V54/><F54/><W80/><G74/><T33/><D33/><U72/><E72/><V61/><F61/><W62/><G62/><T86/><D86/><U126/><E105/><V13/><F16/><W6/><G6/><T30/><D30/><U88/><E71/><V52/><F55/><W69/><G69/><T90/><D47/><U32/><E70/><V58/><F58/><W104/><G104/><T9/><D9/><U127/><E127/><V133/><F133/><W99/><G99/><T36/><D36/><U22/><E126/><V93/><F97/><W28/><G28/><T45/><D45/><U21/><E32/><V120/><F120/><W115/><G115/><N who="0" m="44075" /><D44/><U122/><E113/><V81/><F46/><W42/><G42/><RYUUKYOKU ba="3,0" sc="128,15,112,-15,254,-15,506,15" hai0="24,26,27,49,50,51,90" hai3="80,82,84,87,89,91,92,94,101,103" />
</Scene>
<Scene>
<INIT seed="3,4,0,4,4,117" ten="143,97,239,521" oya="3" hai0="64,53,10,67,111,69,15,106,29,123,104,16,122" hai1="19,83,87,39,41,13,116,3,97,125,27,119,112" hai2="43,75,49,8,65,5,61,17,130,70,46,28,95" hai3="85,94,105,40,4,131,60,79,114,51,132,100,57"/><W74/><G114/><T124/><D124/><U23/><E3/><V110/><F130/><W82/><G131/><T36/><D36/><U73/><E112/><V7/><F75/><W37/><G37/><T6/><D111/><U135/><E73/><V128/><F128/><W56/><G132/><T81/><D29/><U34/><E125/><V108/><F28/><W32/><G32/><T78/><D53/><U68/><E68/><V101/><F17/><W50/><G4/><T91/><D91/><U80/><E135/><V22/><F22/><W52/><G40/><T115/><D115/><U93/><E39/><V102/><F7/><W109/><G109/><N who="2" m="42089" /><F95/><W48/><G105/><T26/><D106/><U2/><E41/><V134/><F134/><W31/><G31/><T86/><D104/><U90/><E2/><AGARI ba="4,0" hai="2,5,8,43,46,49,61,65,70,101,102" m="42089" machi="2" ten="30,1000,0" yaku="14,1" doraHai="117" who="2" fromWho="1" sc="143,0,97,-22,239,22,521,0" />
</Scene>
<Scene>
<INIT seed="4,0,0,5,5,129" ten="143,75,261,521" oya="0" hai0="50,51,96,39,97,114,46,21,26,54,94,70,95" hai1="84,122,126,1,5,6,62,123,81,88,66,131,103" hai2="124,56,74,65,31,85,132,57,106,77,68,130,44" hai3="0,91,28,32,3,41,29,125,90,111,37,98,17"/><T4/><D114/><U22/><E131/><V93/><F130/><W128/><G111/><T55/><D70/><U135/><E126/><V86/><F124/><W89/><G125/><T47/><D39/><U80/><E103/><V40/><F106/><W112/><G112/><T104/><D4/><U15/><E1/><V19/><F31/><W10/><G98/><T109/><D109/><U101/><E101/><V75/><F75/><W53/><G53/><T119/><D119/><U8/><E6/><V43/><F43/><W49/><G37/><T121/><D121/><U76/><E22/><V113/><F113/><W20/><G32/><T18/><REACH who="0" step="1"/><D104/><REACH who="0" ten="133,75,261,521" step="2"/><U38/><E38/><V16/><F68/><W59/><G128/><T71/><D71/><U105/><E105/><V69/><F69/><W127/><G127/><T117/><D117/><U107/><E107/><V33/><F57/><W35/><G59/><T72/><D72/><U23/><E122/><V14/><F74/><W92/><G3/><T12/><D12/><U27/><E123/><V60/><F14/><W133/><G0/><T45/><D45/><U100/><E15/><V120/><F120/><W108/><G108/><T78/><D78/><U61/><E5/><V82/><F44/><W58/><G58/><T30/><D30/><U9/><E76/><V34/><F77/><W42/><G29/><T115/><D115/><U13/><E13/><V79/><F79/><W67/><G28/><T83/><D83/><U63/><E80/><V7/><F82/><W73/><G73/><T2/><D2/><U134/><E81/><RYUUKYOKU ba="0,1" sc="133,30,75,-10,261,-10,521,-10" hai0="18,21,26,46,47,50,51,54,55,94,95,96,97" />
</Scene>
<Scene>
<INIT seed="4,1,1,2,1,106" ten="163,65,251,511" oya="0" hai0="121,128,42,48,26,124,67,7,74,97,10,62,135" hai1="132,57,79,4,105,55,90,66,44,81,80,15,22" hai2="98,56,84,8,118,131,19,113,96,58,65,13,24" hai3="120,75,85,37,27,0,101,21,69,25,87,93,68"/><T54/><D121/><U107/><E132/><V86/><F118/><W99/><G75/><T77/><D135/><U49/><E90/><V40/><F113/><W63/><G37/><T43/><D124/><U34/><E34/><V38/><F131/><W47/><G0/><T82/><D128/><U133/><E133/><V83/><F38/><W72/><G72/><T60/><D26/><U59/><E80/><V51/><F24/><W78/><G120/><T52/><D97/><N who="2" m="37482" /><F65/><W1/><G1/><T125/><D125/><U16/><E4/><V127/><F127/><W6/><G6/><T11/><D62/><U95/><E95/><V108/><F108/><W64/><G69/><T45/><D54/><U122/><E122/><V130/><F130/><W126/><G126/><T92/><D92/><U134/><E134/><V114/><F114/><W91/><G27/><T32/><D32/><U129/><E129/><V9/><F9/><W123/><G123/><T2/><REACH who="0" step="1"/><D11/><REACH who="0" ten="153,65,251,511" step="2"/><U73/><REACH who="1" step="1"/><E66/><REACH who="1" ten="153,55,251,511" step="2"/><V119/><F119/><W20/><G64/><T50/><D50/><U46/><E46/><N who="2" m="26055" /><F83/><W12/><G47/><T29/><D29/><U100/><E100/><V39/><F39/><W112/><G101/><T18/><D18/><U14/><E14/><V3/><F3/><W70/><G12/><T30/><D30/><U110/><E110/><V117/><F117/><W76/><G25/><T61/><D61/><U71/><E71/><AGARI ba="1,3" hai="2,7,10,42,43,45,48,52,60,67,71,74,77,82" machi="71" ten="30,11600,0" yaku="1,1,7,1,52,1,54,1,53,0" doraHai="106" doraHaiUra="17" who="0" fromWho="1" sc="153,149,55,-119,251,0,511,0" owari="302,10.0,-64,-56.0,251,-15.0,511,61.0" />
</Scene>
</mjloggm>