<mjloggm ver="2.3"><GO type="169" lobby="0"/><UN n0="%E3%83%87%E3%82%A3%E3%82%AA%E3%83%90%E3%83%B3" n1="%E3%82%AF%E3%83%AD%E3%83%8E%E3%82%B9%40" n2="%E5%A4%AA%E3%81%8F%E3%81%AA%E3%81%84%E3%81%8A" n3="%E6%BA%9D%E5%86%85%E5%A4%A7%E6%A8%B9" dan="16,17,18,17" rate="2146.85,2116.04,2172.90,2145.49" sx="M,M,M,M"/><TAIKYOKU oya="0"/>

<Scene>
<INIT seed="0,0,0,4,5,108" ten="250,250,250,250" oya="0" hai0="77,118,123,101,19,62,78,52,29,115,110,61,107" hai1="83,92,13,85,87,96,37,6,60,67,31,71,133" hai2="28,45,25,42,0,106,111,46,93,134,54,102,41" hai3="59,47,72,44,129,9,27,2,126,32,119,16,3"/><T98/><D118/><U17/><E37/><V10/><F106/><W34/><G72/><T89/><D123/><U38/><E38/><V80/><F111/><W91/><G119/><T121/><D121/><U7/><E133/><V112/><F134/><W88/><G27/><T5/><D110/><U11/><E31/><V1/><F54/><W63/><G59/><T12/><D115/><U56/><E71/><V65/><F65/><W70/><G63/><T81/><D5/><U68/><E68/><V26/><F80/><W30/><G70/><T75/><D29/><U79/><REACH who="1" step="1"/><E85/><REACH who="1" ten="250,240,250,250" step="2"/><V53/><F28/><W131/><G30/><T109/><D109/><U105/><E105/><V74/><F74/><W94/><G126/><T35/><D107/><U20/><E20/><V24/><F112/><W104/><G104/><T49/><D75/><U43/><E43/><V39/><F42/><W76/><G9/><N who="0" m="6543" /><D35/><U82/><E82/><V103/><F41/><W97/><G94/><N who="0" m="56655" /><D81/><U90/><AGARI ba="0,1" hai="6,7,11,13,17,56,60,67,79,83,87,90,92,96" machi="90" ten="20,5200,0" yaku="1,1,0,1,7,1,8,1,53,0" doraHai="108" doraHaiUra="122" who="1" fromWho="1" sc="250,-26,240,62,250,-13,250,-13" />
</Scene>
<Scene>
<INIT seed="1,0,0,1,3,129" ten="224,302,237,237" oya="1" hai0="49,60,131,65,12,38,62,34,26,82,55,124,110" hai1="67,24,79,28,122,21,134,59,70,35,0,32,18" hai2="52,114,90,51,58,115,118,56,109,14,80,61,9" hai3="44,76,86,39,2,17,33,5,101,135,16,95,97"/><U107/><E107/><V23/><F118/><W120/><G120/><T69/><D131/><U4/><E70/><V74/><F109/><W100/><G33/><T83/><D110/><U127/><E79/><V96/><F23/><W30/><G30/><T6/><D124/><U57/><E122/><V45/><F74/><W92/><G5/><T123/><D62/><U31/><E127/><V27/><F27/><W19/><G2/><T89/><D123/><U41/><E41/><V11/><F58/><W20/><G135/><T63/><D63/><U73/><E73/><V10/><F14/><W78/><G20/><T29/><D38/><U87/><E87/><V54/><REACH who="2" step="1"/><F96/><REACH who="2" ten="224,302,227,237" step="2"/><W77/><G86/><AGARI ba="0,1" hai="9,10,11,45,51,52,54,56,61,80,86,90,114,115" machi="86" ten="40,5200,0" yaku="1,1,2,1,54,1,53,0" doraHai="129" doraHaiUra="106" who="2" fromWho="3" sc="224,0,302,0,227,62,237,-52" />
</Scene>
<Scene>
<INIT seed="2,0,0,5,5,11" ten="224,302,289,185" oya="2" hai0="4,78,124,67,112,70,19,61,84,92,135,132,122" hai1="100,109,72,91,86,51,50,87,23,25,65,20,41" hai2="26,69,48,16,85,68,110,10,37,119,74,2,13" hai3="14,118,1,8,53,15,133,66,94,111,107,73,7"/><V97/><F74/><W125/><G107/><T9/><D112/><U131/><E72/><V95/><F37/><W62/><G118/><T102/><D122/><U99/><E109/><V44/><F119/><W101/><G111/><T17/><D124/><U38/><E131/><V46/><F110/><W82/><G125/><T52/><D102/><U56/><E38/><V34/><F2/><W57/><G133/><N who="0" m="51275" /><D52/><N who="1" m="31767" /><E65/><V126/><F85/><W105/><G105/><T64/><D64/><U18/><E100/><V88/><F126/><W28/><G28/><T63/><D63/><U32/><E32/><V90/><F90/><W98/><REACH who="3" step="1"/><G66/><REACH who="3" ten="224,302,289,175" step="2"/><T120/><D67/><U59/><E91/><V113/><F113/><W22/><G22/><T12/><D120/><U21/><E23/><V40/><REACH who="2" step="1"/><F44/><REACH who="2" ten="224,302,279,175" step="2"/><W89/><G89/><T39/><D78/><AGARI ba="0,2" hai="1,7,8,14,15,53,57,62,73,78,82,94,98,101" machi="78" ten="40,8000,1" yaku="1,1,52,2,53,1" doraHai="11" doraHaiUra="5" who="3" fromWho="0" sc="224,-80,302,0,279,0,175,100" />
</Scene>
<Scene>
<INIT seed="3,0,0,5,3,45" ten="144,302,279,275" oya="3" hai0="91,132,11,27,118,80,14,49,121,47,117,52,99" hai1="122,7,87,101,83,78,124,59,41,19,114,103,98" hai2="18,135,75,89,100,12,26,85,84,3,94,82,68" hai3="113,37,120,102,74,67,64,1,88,2,72,60,70"/><W112/><G120/><T23/><D121/><U48/><E122/><V15/><F3/><W21/><G102/><T30/><D132/><U54/><E114/><V77/><F68/><W44/><G21/><T96/><D117/><U79/><E124/><V42/><F135/><W25/><G25/><T31/><D31/><U0/><E0/><V107/><F84/><W111/><G2/><T61/><D61/><U71/><E71/><V69/><F69/><W9/><G64/><T13/><D118/><U29/><E7/><V38/><F38/><W81/><G111/><T40/><D40/><U116/><E29/><V92/><F92/><W66/><G66/><T63/><D63/><U28/><E28/><V20/><REACH who="2" step="1"/><F42/><REACH who="2" ten="144,302,269,275" step="2"/><N who="3" m="22607" /><G74/><T134/><D134/><U106/><E116/><V16/><F16/><W55/><G1/><T10/><D14/><U50/><E19/><V108/><F108/><W39/><G39/><T105/><D105/><U125/><E125/><V56/><F56/><W24/><G70/><T58/><D58/><U57/><E59/><V62/><F62/><W131/><G60/><T8/><D13/><U32/><E57/><V128/><F128/><W35/><G131/><T90/><REACH who="0" step="1"/><D80/><REACH who="0" ten="134,302,269,275" step="2"/><N who="1" m="47511" /><E41/><V51/><F51/><W97/><G81/><T127/><D127/><U95/><E50/><V65/><F65/><W104/><G67/><T33/><D33/><U129/><E32/><V93/><F93/><W123/><G35/><T34/><D34/><U4/><E129/><V86/><F86/><W17/><G123/><T110/><D110/><U109/><E109/><V119/><F119/><RYUUKYOKU ba="0,2" sc="134,15,302,-15,269,15,275,-15" hai0="8,10,11,23,27,30,47,49,52,90,91,96,99" hai2="12,15,18,20,26,75,77,82,85,89,94,100,107" />
</Scene>
<Scene>
<INIT seed="4,1,2,4,4,118" ten="149,287,284,260" oya="0" hai0="21,124,108,22,126,62,93,101,50,14,17,52,128" hai1="125,11,123,97,28,57,40,87,37,55,12,24,117" hai2="75,63,99,107,27,32,60,122,105,61,110,4,66" hai3="90,121,72,20,134,59,131,68,13,64,56,48,69"/><T94/><D128/><U8/><E117/><V82/><F110/><W132/><G72/><T45/><D108/><U47/><E123/><V29/><F4/><W119/><G119/><T130/><D130/><U41/><E125/><N who="0" m="48233" /><D101/><U10/><E41/><V95/><F66/><W25/><G121/><T39/><D39/><U78/><E97/><V31/><F31/><W6/><G131/><T135/><D135/><N who="3" m="51753" /><G90/><T77/><D77/><U84/><E12/><V54/><F54/><N who="3" m="31815" /><G64/><T51/><D62/><U76/><E76/><V23/><F23/><N who="0" m="8714" /><D51/><U49/><REACH who="1" step="1"/><E78/><REACH who="1" ten="149,277,284,260" step="2"/><V86/><F99/><W129/><G129/><T114/><D114/><U102/><E102/><V34/><F34/><AGARI ba="1,3" hai="8,10,11,24,28,34,37,40,47,49,55,57,84,87" machi="34" ten="40,1300,0" yaku="1,1,53,0" doraHai="118" doraHaiUra="113" who="1" fromWho="2" sc="149,0,277,46,284,-16,260,0" />
</Scene>
<Scene>
<INIT seed="5,0,0,2,4,100" ten="149,323,268,260" oya="1" hai0="74,46,15,28,133,32,5,109,0,81,68,62,83" hai1="114,47,107,17,86,116,97,20,88,31,98,79,30" hai2="115,49,64,120,127,90,85,112,36,39,113,103,26" hai3="16,43,45,52,44,123,132,125,37,101,119,108,89"/><U126/><E114/><V41/><F120/><W128/><G123/><T95/><D109/><U130/><E130/><V76/><F127/><W50/><G108/><T29/><D133/><U35/><E35/><V129/><F129/><W122/><G122/><T11/><D95/><U104/><E116/><V93/><F64/><W53/><G128/><T14/><D14/><U106/><E79/><V135/><F135/><W73/><G132/><T3/><D3/><U38/><E126/><V77/><F103/><W24/><G125/><T34/><D34/><U59/><E59/><V7/><F7/><W75/><G101/><T18/><D46/><U121/><E121/><V67/><F67/><W71/><G71/><T94/><D74/><U124/><E124/><V99/><F26/><W91/><G119/><T69/><D94/><U6/><E6/><V82/><REACH who="2" step="1"/><F76/><REACH who="2" ten="149,323,258,260" step="2"/><W12/><G24/><T19/><D69/><U63/><E31/><V51/><F51/><W22/><G89/><T105/><D29/><U56/><E30/><V57/><F57/><W111/><G111/><T4/><D4/><U58/><E38/><V102/><F102/><W10/><G91/><T70/><D70/><U117/><E117/><V8/><F8/><W33/><G10/><N who="0" m="6519" /><D19/><U66/><E58/><V27/><F27/><W60/><G33/><T87/><D68/><U110/><E110/><V13/><F13/><W21/><G22/><T118/><D118/><U40/><E56/><V9/><F9/><W48/><G60/><T2/><D62/><U84/><E63/><V1/><F1/><W134/><G134/><RYUUKYOKU ba="0,1" sc="149,-15,323,-15,258,15,260,15" hai2="36,39,41,49,77,82,85,90,93,99,112,113,115" hai3="12,16,21,37,43,44,45,48,50,52,53,73,75" />
</Scene>
<Scene>
<INIT seed="6,1,1,1,2,82" ten="134,308,273,275" oya="2" hai0="45,68,125,97,18,28,123,98,78,17,81,62,73" hai1="80,20,84,7,101,128,105,115,69,40,100,8,24" hai2="25,66,121,107,113,46,26,132,70,37,130,60,79" hai3="116,133,103,88,131,119,48,36,91,89,35,1,90"/><V102/><F121/><W126/><G36/><T63/><D123/><U83/><E69/><V96/><F113/><W43/><G35/><T30/><D125/><U57/><E115/><V74/><F130/><W54/><G126/><T106/><D45/><U124/><E128/><V64/><F64/><W118/><G131/><T53/><D63/><U27/><E80/><N who="2" m="45175" /><F25/><W87/><G1/><T129/><D129/><U39/><E105/><V75/><F75/><W109/><G43/><T9/><D97/><U71/><E71/><V0/><F26/><W32/><G32/><T6/><D106/><U41/><E39/><V51/><F51/><W72/><G72/><T16/><D98/><U47/><E24/><V99/><F99/><W59/><G103/><N who="1" m="39498" /><E47/><V12/><F12/><W110/><REACH who="3" step="1"/><G133/><REACH who="3" ten="134,308,273,265" step="2"/><T77/><D77/><N who="1" m="46191" /><E124/><V14/><F0/><W49/><G49/><T33/><D33/><U21/><E41/><N who="2" m="22831" /><F14/><W122/><G122/><T55/><D68/><U2/><E40/><V127/><F127/><W4/><G4/><T29/><REACH who="0" step="1"/><D62/><REACH who="0" ten="124,308,273,265" step="2"/><U86/><E2/><AGARI ba="1,3" hai="2,6,9,16,17,18,28,29,30,53,55,73,78,81" machi="2" ten="40,5200,0" yaku="1,1,2,1,54,1,53,0" doraHai="82" doraHaiUra="65" who="0" fromWho="1" sc="124,85,308,-55,273,0,265,0" />
</Scene>
<Scene>
<INIT seed="7,0,0,1,0,123" ten="209,253,273,265" oya="3" hai0="17,11,26,10,38,47,71,15,94,48,5,134,106" hai1="58,126,50,7,33,73,55,127,32,70,124,88,35" hai2="62,16,57,2,104,28,9,68,89,93,27,81,0" hai3="30,112,45,42,91,66,8,43,83,23,25,87,102"/><W64/><G112/><T69/><D134/><U130/><E73/><V14/><F104/><W74/><G102/><T132/><D132/><U116/><E116/><V18/><F68/><W85/><G74/><T59/><D106/><U39/><E70/><V19/><F81/><W78/><G8/><T20/><D38/><U118/><E118/><V107/><F107/><W54/><G54/><T6/><D59/><U100/><E100/><V40/><F40/><W44/><G43/><T103/><D103/><U97/><E130/><V79/><F79/><W3/><G3/><T92/><D71/><U101/><E7/><V61/><F0/><W4/><G4/><T52/><REACH who="0" step="1"/><D69/><REACH who="0" ten="199,253,273,265" step="2"/><U51/><E101/><V82/><F57/><W122/><G122/><T72/><D72/><U133/><E39/><V41/><F61/><W80/><REACH who="3" step="1"/><G45/><REACH who="3" ten="199,253,273,255" step="2"/><T120/><D120/><U46/><E133/><V129/><F129/><W90/><G90/><T13/><AGARI ba="0,2" hai="5,6,10,11,13,15,17,20,26,47,48,52,92,94" machi="13" ten="20,12000,2" yaku="1,1,0,1,7,1,9,1,8,1,54,1,53,1" doraHai="123" doraHaiUra="21" who="0" fromWho="0" sc="199,140,253,-30,273,-30,255,-60" owari="339,44.0,223,-18.0,243,4.0,195,-30.0" />
</Scene>
</mjloggm>