<mjloggm ver="2.3"><GO type="169" lobby="0"/><UN n0="%E9%9B%80%CE%B2%6F%D1%83" n1="%67%69%6A%79%75%74%75" n2="%6E%6B%30%39%31%30" n3="%E5%A4%AA%E3%81%8F%E3%81%AA%E3%81%84%E3%81%8A" dan="16,16,16,18" rate="2070.92,2130.06,2088.37,2164.67" sx="M,M,M,M"/><TAIKYOKU oya="0"/>

<Scene>
<INIT seed="0,0,0,0,3,72" ten="250,250,250,250" oya="0" hai0="44,126,132,128,6,58,37,113,56,120,18,45,130" hai1="106,123,62,97,88,39,82,83,93,103,33,104,16" hai2="99,125,135,32,117,1,29,111,134,36,122,7,40" hai3="35,43,109,26,119,70,51,49,52,85,94,65,84"/><T80/><D120/><U54/><E123/><V108/><F122/><W60/><G119/><T25/><D113/><U115/><E39/><V3/><F117/><W47/><G109/><N who="2" m="42057" /><F99/><W118/><G118/><T17/><D6/><U34/><E115/><V121/><F121/><W14/><G94/><T89/><D126/><U42/><E42/><V22/><F125/><W68/><G68/><T20/><D132/><N who="2" m="50730" /><F22/><W28/><REACH who="3" step="1"/><G14/><REACH who="3" ten="250,250,250,240" step="2"/><T75/><D128/><U21/><E106/><V81/><F81/><W63/><G63/><T102/><D80/><U116/><E116/><V107/><F107/><W77/><G77/><T101/><D130/><U114/><E114/><V5/><F36/><W61/><G61/><T38/><D37/><U9/><E82/><V30/><F40/><W87/><G87/><T96/><D38/><U79/><E83/><V13/><F13/><W64/><G64/><T31/><D75/><U100/><E79/><V53/><F53/><W71/><G71/><T73/><D73/><U131/><E131/><V86/><F86/><W4/><G4/><N who="2" m="1609" /><F32/><W23/><G23/><T74/><D20/><U48/><E33/><V90/><F90/><W67/><G67/><T127/><D74/><U92/><E34/><V105/><F105/><W8/><G8/><T27/><D89/><U124/><E9/><V112/><F112/><W15/><G15/><T50/><D127/><U133/><E124/><V69/><F69/><W41/><G41/><T24/><D101/><U2/><E100/><V78/><F78/><W10/><G10/><T11/><D102/><U19/><E133/><RYUUKYOKU ba="0,1" sc="250,-15,250,-15,250,15,240,15" hai2="1,3,29,30" hai3="26,28,35,43,47,49,51,52,60,65,70,84,85" />
</Scene>
<Scene>
<INIT seed="1,1,1,3,4,123" ten="235,235,265,255" oya="1" hai0="118,26,108,57,68,131,125,65,94,13,129,124,60" hai1="40,75,10,5,55,41,93,81,78,70,38,133,45" hai2="24,104,74,50,25,48,11,2,73,58,19,6,96" hai3="8,87,92,29,69,63,86,14,46,4,109,89,99"/><U31/><E133/><V7/><F7/><W66/><G29/><T22/><D118/><U0/><E40/><V44/><F25/><W121/><G121/><T16/><D94/><U67/><E31/><V23/><F58/><W95/><G46/><T37/><D37/><U119/><E119/><V76/><F76/><W111/><REACH who="3" step="1"/><G87/><REACH who="3" ten="235,235,265,245" step="2"/><T132/><D132/><U59/><E70/><V134/><F134/><W98/><G98/><T135/><D135/><U33/><E33/><V43/><F96/><W83/><G83/><T80/><D80/><U88/><E75/><V20/><F74/><W27/><G27/><T91/><D26/><U100/><E81/><V82/><F82/><W35/><G35/><T62/><D91/><AGARI ba="1,2" hai="4,8,14,63,66,69,86,89,91,92,95,99,109,111" machi="91" ten="40,5200,0" yaku="1,1,52,2,53,0" doraHai="123" doraHaiUra="128" who="3" fromWho="0" sc="235,-55,235,0,265,0,245,75" />
</Scene>
<Scene>
<INIT seed="2,0,0,2,1,59" ten="180,235,265,320" oya="2" hai0="72,7,135,113,78,17,43,80,66,127,102,120,91" hai1="112,55,88,115,21,85,73,60,90,54,83,117,58" hai2="81,52,31,15,38,56,75,33,126,132,124,23,18" hai3="65,106,133,92,8,79,74,28,11,94,64,5,47"/><V76/><F132/><W39/><G106/><T9/><D135/><U114/><E117/><V118/><F118/><W24/><G133/><T34/><D34/><U93/><E21/><V16/><F38/><W101/><G11/><T44/><D113/><U61/><E73/><V129/><F129/><W105/><G105/><T25/><D102/><U116/><E116/><V22/><F31/><W4/><G4/><T6/><D66/><U99/><REACH who="1" step="1"/><E54/><REACH who="1" ten="180,225,265,320" step="2"/><V97/><F33/><W20/><G74/><T111/><D120/><U19/><E19/><V98/><F126/><W130/><G20/><T45/><D127/><U48/><AGARI ba="0,1" hai="48,55,58,60,61,83,85,88,90,93,99,112,114,115" machi="48" ten="30,12000,2" yaku="1,1,0,1,52,2,54,1,53,1" doraHai="59" doraHaiUra="51" who="1" fromWho="1" sc="180,-30,225,130,265,-60,320,-30" />
</Scene>
<Scene>
<INIT seed="3,0,0,2,1,13" ten="150,355,205,290" oya="3" hai0="18,70,51,128,10,105,15,58,81,113,37,53,98" hai1="108,76,3,59,32,111,28,12,67,122,101,40,66" hai2="4,38,2,120,80,8,133,41,135,77,39,110,19" hai3="94,46,71,17,57,20,124,86,134,118,63,123,121"/><W95/><G118/><T54/><D70/><U79/><E122/><V50/><F120/><W23/><G71/><T5/><D37/><U102/><E3/><V73/><F110/><W91/><G124/><T48/><D128/><U83/><E12/><V64/><F64/><W115/><G115/><T99/><D113/><U112/><E112/><V9/><F50/><W104/><G104/><T97/><D81/><U72/><E83/><V30/><F30/><W55/><G134/><N who="2" m="51209" /><F41/><W85/><G23/><T26/><D105/><U92/><E92/><V27/><F27/><W33/><G33/><T131/><D131/><U21/><E21/><V127/><F127/><W90/><REACH who="3" step="1"/><G46/><REACH who="3" ten="150,355,205,280" step="2"/><T87/><D26/><AGARI ba="0,1" hai="17,20,26,55,57,63,85,86,90,91,94,95,121,123" machi="26" ten="30,18000,2" yaku="1,1,2,1,7,1,9,1,52,1,53,1" doraHai="13" doraHaiUra="49" who="3" fromWho="0" sc="150,-180,355,0,205,0,280,190" owari="-30,-53.0,355,16.0,205,-19.0,470,56.0" />
</Scene>
</mjloggm>