<mjloggm ver="2.3"><GO type="169" lobby="0"/><UN n0="%E5%A4%AA%E3%81%8F%E3%81%AA%E3%81%84%E3%81%8A" n1="%E9%BA%BB%E9%9B%80%E6%9A%A6%EF%BC%93%E6%97%A5" n2="%41%6B%6B%69%79" n3="%E5%8E%9F%E4%BA%BA%E3%81%A1%E3%82%83%E3%82%93" dan="17,17,16,16" rate="2218.18,2143.51,2114.44,2086.33" sx="M,M,M,M"/><TAIKYOKU oya="0"/>

<Scene>
<INIT seed="0,0,0,0,5,26" ten="250,250,250,250" oya="0" hai0="122,40,29,17,50,82,62,32,103,71,9,44,119" hai1="61,78,111,46,43,128,132,33,116,85,1,125,107" hai2="104,120,87,3,76,131,124,10,57,56,109,8,31" hai3="112,0,135,13,92,30,89,134,127,63,37,53,47"/><T25/><D119/><U114/><E85/><V36/><F36/><W35/><G112/><T81/><D122/><U126/><E78/><V108/><F104/><W7/><G127/><T95/><D17/><U80/><E80/><V73/><F73/><W106/><G106/><T39/><D9/><U90/><E90/><V6/><F131/><W60/><G0/><T16/><D16/><U79/><E79/><V115/><F115/><W88/><G7/><T18/><D18/><U123/><E126/><V118/><F120/><W20/><G35/><T4/><D4/><U98/><E98/><V34/><F118/><W74/><G74/><T68/><D39/><U41/><E61/><V72/><F72/><W28/><G89/><T83/><REACH who="0" step="1"/><D62/><REACH who="0" ten="240,250,250,250" step="2"/><U117/><E116/><V96/><F124/><W22/><G37/><T23/><D23/><U5/><E5/><V54/><F6/><W27/><G13/><T121/><D121/><U64/><E117/><V91/><F34/><W99/><G135/><T130/><D130/><U77/><E33/><V97/><F3/><W42/><G134/><T49/><D49/><U113/><E123/><V133/><F133/><W93/><G22/><T58/><D58/><U51/><E125/><V2/><F2/><W59/><G63/><T66/><D66/><U102/><E132/><V105/><F57/><W52/><G59/><T24/><D24/><U86/><E128/><V38/><F56/><W67/><G27/><T110/><D110/><U21/><E111/><V100/><F108/><W69/><G67/><T101/><D101/><U48/><E114/><RYUUKYOKU ba="0,1" sc="240,30,250,-10,250,-10,250,-10" hai0="25,29,32,40,44,50,68,71,81,82,83,95,103" />
</Scene>
<Scene>
<INIT seed="0,1,1,5,4,16" ten="270,240,240,240" oya="0" hai0="119,68,117,90,81,108,114,22,59,66,78,88,71" hai1="3,127,39,7,19,65,26,57,134,30,44,54,109" hai2="5,132,94,73,100,129,20,79,41,36,29,15,4" hai3="104,60,46,120,135,40,80,0,128,52,130,42,131"/><T33/><D33/><U95/><E109/><V75/><F132/><W83/><G104/><T8/><D114/><U110/><E134/><V37/><F129/><W47/><G135/><T115/><D115/><U50/><E127/><V112/><F112/><W55/><G0/><T49/><D108/><U101/><E110/><V32/><F32/><W111/><G111/><T116/><D8/><U11/><E19/><V72/><F79/><W133/><G133/><T10/><D10/><U6/><E7/><V96/><F41/><N who="3" m="15979" /><G120/><T76/><D22/><U93/><E101/><V14/><F14/><W125/><G125/><T48/><D59/><U91/><E91/><N who="0" m="34857" /><D66/><U126/><E126/><V124/><F124/><W21/><G21/><T118/><D81/><N who="3" m="31305" /><G60/><T69/><N who="0" m="29696" /><DORA hai="23" /><T43/><D43/><U18/><E18/><V85/><F85/><W51/><G51/><AGARI ba="1,1" hai="48,49,51,68,69,71,76,78" m="29696,34857" machi="51" ten="70,12000,1" yaku="28,2,54,1" doraHai="16,23" who="0" fromWho="3" sc="270,133,240,0,240,0,240,-123" />
</Scene>
<Scene>
<INIT seed="0,2,0,5,0,55" ten="403,240,240,117" oya="0" hai0="29,25,1,37,125,106,15,30,109,118,93,33,69" hai1="62,99,43,107,47,64,56,119,104,90,36,51,135" hai2="131,117,73,133,66,128,7,88,129,71,112,10,42" hai3="79,84,81,52,130,122,48,24,72,26,77,127,32"/><T80/><D106/><U94/><E119/><V113/><F73/><W102/><G122/><T31/><D1/><U41/><E135/><V35/><F42/><W95/><G127/><T61/><D118/><U108/><E108/><V121/><F121/><W3/><G3/><T91/><D37/><U70/><REACH who="1" step="1"/><E43/><REACH who="1" ten="403,230,240,117" step="2"/><V20/><F117/><W34/><G130/><T38/><D109/><U46/><E46/><V75/><F133/><W5/><G34/><T50/><D33/><U0/><E0/><V126/><F35/><W27/><G32/><T16/><D125/><U59/><E59/><V86/><F126/><W101/><G5/><T44/><D44/><U120/><E120/><V18/><F75/><W83/><REACH who="3" step="1"/><G95/><REACH who="3" ten="403,230,240,107" step="2"/><T23/><D93/><U63/><E63/><V116/><F116/><W114/><G114/><T28/><D61/><U11/><E11/><V4/><F10/><W6/><G6/><T74/><D23/><U103/><E103/><V60/><F7/><W92/><G92/><T97/><D80/><U85/><E85/><V39/><F4/><W111/><G111/><T54/><D74/><U58/><E58/><AGARI ba="2,2" hai="24,26,27,48,52,58,72,77,79,81,83,84,101,102" machi="58" ten="40,5200,0" yaku="1,1,52,1,54,1,53,0" doraHai="55" doraHaiUra="67" who="3" fromWho="1" sc="403,0,230,-58,240,0,107,78" />
</Scene>
<Scene>
<INIT seed="1,0,0,2,3,49" ten="403,172,240,185" oya="1" hai0="11,127,52,60,17,35,7,18,66,118,27,58,73" hai1="74,62,69,5,44,105,87,124,41,39,114,83,45" hai2="38,129,85,59,89,104,110,106,96,102,112,24,43" hai3="122,4,126,99,6,13,135,101,1,108,109,16,2"/><U115/><E105/><V93/><F43/><W23/><G101/><T8/><D118/><U61/><E124/><V57/><F38/><W9/><G99/><T90/><D73/><U68/><E74/><V111/><F106/><W31/><G126/><T100/><D127/><U30/><E30/><V53/><F59/><W0/><G122/><T20/><D100/><U72/><E72/><V92/><F129/><W94/><G94/><T116/><D116/><U123/><E5/><N who="3" m="2154" /><G135/><T12/><D35/><U98/><E98/><V55/><F57/><W40/><G40/><T36/><D36/><U10/><E10/><V50/><F50/><W3/><N who="3" m="0" /><DORA hai="131" /><W56/><G56/><N who="0" m="37127" /><D90/><U64/><E123/><V63/><F63/><W117/><G117/><T34/><D34/><U113/><E87/><V37/><F37/><W107/><G107/><T48/><D11/><U121/><E83/><V33/><F112/><W65/><G65/><T80/><D80/><U15/><E15/><V130/><F130/><W19/><G31/><AGARI ba="0,0" hai="7,8,12,17,18,20,27,31,48,52,58" m="37127" machi="31" ten="30,3900,0" yaku="8,1,52,1,54,1" doraHai="49,131" who="0" fromWho="3" sc="403,39,172,0,240,0,185,-39" />
</Scene>
<Scene>
<INIT seed="2,0,0,2,1,65" ten="442,172,240,146" oya="2" hai0="109,84,26,63,10,59,134,45,119,86,66,100,80" hai1="75,48,52,3,2,108,132,73,40,30,126,42,44" hai2="130,6,5,110,89,49,58,36,88,54,117,82,47" hai3="15,38,24,41,107,64,125,56,104,27,17,102,60"/><V115/><F115/><W116/><G116/><T131/><D119/><U112/><E112/><V83/><F130/><W101/><G125/><T22/><D131/><U95/><E126/><V39/><F117/><W8/><G41/><T114/><D114/><U53/><E132/><V16/><F110/><W122/><G38/><T33/><D33/><U135/><E135/><V129/><F129/><W120/><G102/><T18/><D134/><U77/><E30/><V21/><F39/><W123/><REACH who="3" step="1"/><G101/><REACH who="3" ten="442,172,240,136" step="2"/><T37/><D100/><U124/><E124/><V103/><F103/><W111/><G111/><T46/><D37/><U70/><E108/><V118/><F118/><W28/><G28/><T105/><D109/><U61/><E42/><V133/><F133/><W96/><G96/><T13/><D105/><AGARI ba="0,1" hai="8,15,17,24,27,56,60,64,104,105,107,120,122,123" machi="105" ten="50,1600,0" yaku="1,1,53,0" doraHai="65" doraHaiUra="29" who="3" fromWho="0" sc="442,-16,172,0,240,0,136,26" />
</Scene>
<Scene>
<INIT seed="3,0,0,3,2,115" ten="426,172,240,162" oya="3" hai0="29,132,41,8,85,45,10,48,119,20,27,61,101" hai1="58,18,83,14,36,38,70,114,4,39,117,112,86" hai2="69,52,68,134,100,108,130,59,57,47,84,121,54" hai3="77,90,73,44,31,22,102,88,123,128,124,111,55"/><W113/><G113/><T72/><D72/><U34/><E70/><V26/><F100/><W122/><G124/><T66/><D132/><U25/><E4/><V7/><F7/><W49/><G102/><T12/><D119/><U64/><E117/><V19/><F108/><W65/><G65/><T91/><D101/><U24/><E64/><V96/><F96/><W81/><G111/><T37/><D37/><U3/><E58/><V21/><F134/><W131/><G22/><T75/><D75/><U105/><E105/><V43/><F130/><N who="3" m="49707" /><G31/><T16/><D61/><U60/><E60/><V0/><F0/><W104/><G104/><T110/><D66/><U46/><E46/><V1/><F1/><W135/><G135/><T99/><D99/><U32/><E3/><V33/><F33/><W133/><G133/><T109/><REACH who="0" step="1"/><D10/><REACH who="0" ten="416,172,240,162" step="2"/><U30/><E114/><V79/><F121/><AGARI ba="0,1" hai="44,49,55,73,77,81,88,90,121,122,123" m="49707" machi="121" ten="30,2900,0" yaku="19,1,54,1" doraHai="115" who="3" fromWho="2" sc="416,0,172,0,240,-29,162,39" />
</Scene>
<Scene>
<INIT seed="3,1,0,0,4,73" ten="416,172,211,201" oya="3" hai0="26,77,116,132,64,97,38,117,107,95,42,63,78" hai1="34,111,43,112,94,4,67,120,46,81,110,134,60" hai2="113,55,128,35,65,2,47,30,75,104,129,50,52" hai3="101,16,14,74,83,84,33,58,32,39,122,49,88"/><W37/><G122/><T99/><D132/><U41/><E112/><V82/><F2/><W48/><G101/><T119/><D107/><U28/><E120/><V62/><F104/><W8/><G74/><T96/><D95/><U6/><E134/><V86/><F75/><W93/><G49/><T61/><D26/><N who="1" m="18711" /><E94/><V76/><F113/><W100/><G100/><T105/><D105/><U106/><E106/><V31/><F55/><W125/><G125/><T57/><REACH who="0" step="1"/><D63/><REACH who="0" ten="406,172,211,201" step="2"/><U11/><E60/><V98/><F98/><W126/><G93/><T91/><D91/><U102/><E111/><V19/><F19/><W121/><G121/><T24/><D24/><U7/><E110/><V103/><F103/><W109/><G109/><T89/><D89/><U133/><E102/><V135/><F135/><W118/><G118/><T13/><D13/><U85/><E133/><V9/><F9/><W0/><G0/><T15/><D15/><U131/><E85/><V25/><REACH who="2" step="1"/><F30/><REACH who="2" ten="406,172,201,201" step="2"/><W17/><G8/><T69/><D69/><AGARI ba="1,2" hai="25,31,35,47,50,52,62,65,69,76,82,86,128,129" machi="69" ten="40,8000,1" yaku="1,1,2,1,52,1,54,1,53,1" doraHai="73" doraHaiUra="45" who="2" fromWho="0" sc="406,-83,172,0,201,103,201,0" />
</Scene>
<Scene>
<INIT seed="4,0,0,1,1,71" ten="323,172,304,201" oya="0" hai0="18,112,126,62,30,36,6,65,11,133,119,84,15" hai1="76,97,54,134,73,109,125,40,129,32,9,69,20" hai2="128,102,95,116,105,101,111,61,122,43,88,51,67" hai3="23,131,16,114,49,93,44,75,99,82,98,4,17"/><T87/><D119/><U38/><E97/><V25/><F122/><W52/><G114/><T13/><D112/><U33/><E76/><V124/><F128/><W106/><G131/><T64/><D126/><U37/><E20/><V27/><F124/><W123/><G123/><T60/><D133/><U89/><E9/><V90/><F90/><W121/><G121/><T0/><D30/><U107/><E89/><V100/><F105/><W34/><G34/><T24/><D24/><U10/><E10/><V46/><F111/><W39/><G106/><T94/><D36/><U41/><E54/><V108/><F108/><W22/><G4/><T45/><D45/><U103/><E103/><V26/><F116/><W80/><G39/><T91/><D84/><U63/><E63/><N who="0" m="24105" /><D0/><U78/><E109/><V92/><F92/><W70/><G70/><T14/><D14/><U56/><E125/><V83/><F83/><N who="3" m="31787" /><G75/><T96/><D96/><N who="3" m="36905" /><G93/><T12/><D12/><U132/><E69/><V127/><F127/><W135/><G135/><N who="1" m="51754" /><E107/><V85/><F61/><W28/><G23/><AGARI ba="0,0" hai="6,11,13,15,18,23,64,65,87,91,94" m="24105" machi="23" ten="30,1500,0" yaku="8,1" doraHai="71" who="0" fromWho="3" sc="323,15,172,0,304,0,201,-15" />
</Scene>
<Scene>
<INIT seed="4,1,0,1,3,16" ten="338,172,304,186" oya="0" hai0="60,36,5,111,12,64,125,34,110,53,85,93,92" hai1="38,107,70,115,80,117,90,22,32,68,75,89,127" hai2="13,49,50,120,106,88,52,78,40,41,99,25,35" hai3="86,42,102,133,33,17,72,8,24,1,54,62,73"/><T104/><D104/><U135/><RYUUKYOKU type="yao9" ba="1,0" sc="338,0,172,0,304,0,186,0" hai1="22,32,38,68,70,75,80,89,90,107,115,117,127,135" />
</Scene>
<Scene>
<INIT seed="4,2,0,1,0,69" ten="338,172,304,186" oya="0" hai0="14,0,76,134,6,15,57,17,63,67,42,66,111" hai1="98,30,13,82,126,95,79,87,135,73,101,37,106" hai2="71,59,8,61,92,128,5,89,9,3,27,123,4" hai3="55,102,10,24,47,36,129,103,104,116,20,114,31"/><T62/><D134/><U41/><E135/><V18/><F71/><W109/><G116/><T132/><D132/><U75/><E30/><V107/><F107/><W133/><G133/><T39/><D111/><U108/><E108/><V121/><F128/><W34/><G109/><T50/><D76/><U16/><E126/><V112/><F112/><W127/><G129/><T23/><D0/><U25/><E25/><V38/><F38/><W21/><G114/><T11/><D50/><U119/><E119/><V81/><F81/><W125/><G10/><T49/><D49/><U48/><E48/><V124/><F124/><N who="3" m="47691" /><G55/><T85/><D85/><U118/><E106/><V110/><F110/><W84/><G84/><T96/><D96/><U22/><REACH who="1" step="1"/><E118/><REACH who="1" ten="338,162,304,186" step="2"/><V51/><F51/><W77/><G104/><T90/><D42/><U1/><E1/><V35/><F121/><W120/><G120/><T46/><D39/><U54/><E54/><V91/><F123/><W64/><G64/><T78/><D66/><U45/><AGARI ba="2,1" hai="13,16,22,37,41,45,73,75,79,82,87,95,98,101" machi="45" ten="30,7900,0" yaku="1,1,0,1,52,1,54,1,53,0" doraHai="69" doraHaiUra="60" who="1" fromWho="1" sc="338,-41,162,95,304,-22,186,-22" />
</Scene>
<Scene>
<INIT seed="5,0,0,3,0,126" ten="297,257,282,164" oya="1" hai0="98,4,112,58,41,68,20,9,51,90,93,72,109" hai1="87,85,11,96,17,27,53,59,32,91,15,19,128" hai2="66,26,29,46,56,101,79,106,116,13,40,117,30" hai3="71,36,39,8,45,88,111,94,123,130,28,57,132"/><U134/><E134/><V48/><F30/><W63/><G123/><T69/><D109/><U119/><E119/><V70/><F79/><W76/><G111/><T74/><D112/><U95/><E128/><V131/><F131/><W7/><G130/><T62/><D69/><U42/><E42/><V84/><F84/><W86/><G132/><T0/><D68/><U110/><E110/><V113/><F13/><W25/><G71/><T33/><D33/><U73/><E73/><V102/><F102/><W18/><G18/><T118/><D118/><U5/><E32/><V75/><F75/><W108/><G45/><T34/><D34/><U35/><E35/><V37/><F101/><W65/><G76/><T3/><D3/><U10/><E10/><V12/><F106/><W6/><G108/><T16/><D51/><U115/><E115/><V114/><F12/><W23/><REACH who="3" step="1"/><G7/><REACH who="3" ten="297,257,282,154" step="2"/><T52/><D41/><U103/><E19/><V82/><F113/><W43/><G43/><T47/><D47/><U64/><E17/><V129/><F70/><W100/><G100/><T60/><D60/><N who="1" m="37919" /><E103/><V61/><F114/><W77/><G77/><T135/><D135/><U49/><E27/><AGARI ba="0,1" hai="0,4,9,16,20,27,52,58,62,72,74,90,93,98" machi="27" ten="30,8000,1" yaku="7,1,25,2,54,2" doraHai="126" who="0" fromWho="1" sc="297,90,257,-80,282,0,154,0" />
</Scene>
<Scene>
<INIT seed="6,0,0,0,3,30" ten="387,177,282,154" oya="2" hai0="73,95,125,63,3,50,126,10,12,78,61,111,56" hai1="77,112,114,1,51,16,54,32,130,109,110,89,29" hai2="133,41,13,124,15,129,58,2,97,83,22,121,72" hai3="120,90,127,21,87,93,11,33,81,134,76,131,65"/><V6/><F121/><W75/><G120/><T62/><D3/><U52/><E77/><V92/><F129/><W48/><G131/><T113/><D111/><N who="1" m="42507" /><E1/><V80/><F124/><N who="0" m="47722" /><D113/><N who="1" m="43627" /><E130/><V60/><F133/><W28/><G127/><T44/><D95/><U26/><E89/><V67/><F2/><W122/><G122/><T45/><D78/><U49/><E16/><N who="2" m="10511" /><F41/><W19/><G134/><T88/><D88/><U18/><E18/><V71/><F71/><W98/><G11/><T7/><D73/><U31/><E31/><V40/><F40/><W53/><G65/><N who="0" m="39079" /><D45/><U79/><E79/><V108/><F108/><W36/><G36/><T106/><D106/><U23/><E23/><V66/><F66/><W135/><G135/><T0/><D0/><U17/><E17/><V24/><F72/><W103/><G28/><T100/><D100/><U9/><E9/><N who="2" m="4535" /><F24/><W91/><G75/><T70/><D70/><U74/><E74/><V117/><F117/><W128/><G128/><T34/><D34/><U68/><E68/><V55/><F67/><W132/><G33/><T5/><D5/><U35/><E35/><V86/><F86/><W82/><G82/><T46/><D7/><U27/><E27/><V107/><F107/><W105/><G105/><T57/><D12/><U123/><E123/><V101/><AGARI ba="0,0" hai="55,58,60,80,83,92,97,101" m="4535,10511" machi="101" ten="30,3000,0" yaku="8,1,54,1" doraHai="30" who="2" fromWho="2" sc="387,-10,177,-10,282,30,154,-10" />
</Scene>
<Scene>
<INIT seed="6,1,0,2,4,120" ten="377,167,312,144" oya="2" hai0="32,100,19,17,102,93,106,27,29,53,115,64,3" hai1="9,98,25,52,43,7,88,44,39,16,126,81,73" hai2="129,21,12,47,96,111,112,57,97,117,34,50,118" hai3="91,38,61,78,20,89,82,119,15,69,95,33,85"/><V51/><F34/><W75/><G119/><T79/><D3/><U121/><E121/><V134/><F112/><W123/><G123/><T31/><D115/><U87/><E126/><V72/><F72/><W28/><G38/><T1/><D1/><U13/><E73/><V66/><F129/><W40/><G40/><T116/><D116/><U48/><E98/><V56/><F134/><W76/><G33/><T4/><D4/><U131/><E131/><V74/><F74/><W86/><G75/><T37/><D37/><U46/><E7/><V70/><F70/><W83/><G95/><T71/><D79/><U2/><E2/><V103/><F103/><W55/><G69/><T6/><D6/><U90/><E25/><V125/><F12/><W99/><G99/><N who="0" m="61791" /><D29/><U5/><E5/><V110/><F21/><W14/><G28/><T124/><D124/><U18/><E18/><V80/><F80/><W23/><REACH who="3" step="1"/><G61/><REACH who="3" ten="377,167,312,134" step="2"/><N who="0" m="40335" /><D93/><U109/><E90/><V77/><F125/><W127/><G127/><T133/><D100/><U114/><E114/><V60/><F60/><W62/><G62/><T30/><D30/><U65/><E65/><V104/><F77/><W0/><G0/><T10/><D133/><U42/><E43/><V26/><F66/><W49/><G49/><T113/><D113/><U92/><E92/><V45/><F104/><W36/><G36/><T35/><D35/><U59/><E59/><V8/><F26/><W84/><G84/><T63/><D63/><U135/><E135/><V41/><F41/><W22/><G22/><T94/><D32/><U132/><E132/><RYUUKYOKU ba="1,1" sc="377,-30,167,10,312,10,134,10" hai1="9,13,16,39,42,44,46,48,52,81,87,88,109" hai2="8,45,47,50,51,56,57,96,97,110,111,117,118" hai3="14,15,20,23,55,76,78,82,83,85,86,89,91" />
</Scene>
<Scene>
<INIT seed="6,2,1,3,5,135" ten="347,177,322,144" oya="2" hai0="84,7,39,68,49,128,94,95,100,112,90,21,61" hai1="93,125,107,133,43,60,74,98,6,26,122,127,69" hai2="54,15,4,71,89,118,40,0,12,44,52,51,64" hai3="23,113,106,37,76,92,70,86,22,87,50,85,45"/><V108/><F0/><W79/><G106/><T102/><D39/><U81/><E107/><V13/><F118/><W63/><G37/><T47/><D112/><U126/><E133/><V130/><F130/><W91/><G113/><T96/><D128/><U27/><E122/><V57/><F108/><W132/><G132/><T8/><D21/><U25/><E43/><V35/><F35/><W124/><G70/><T77/><D68/><U121/><E121/><V129/><F129/><W11/><G63/><T46/><D61/><U3/><E3/><V1/><F1/><W19/><G124/><T56/><D56/><U67/><E6/><V116/><F116/><W2/><G2/><T36/><D36/><U66/><E66/><V119/><F119/><W28/><G11/><T73/><D73/><U48/><E48/><V16/><F4/><W38/><G38/><T104/><D104/><U5/><E5/><V9/><F71/><W34/><G34/><T41/><D47/><U78/><E25/><V103/><F103/><AGARI ba="2,1" hai="26,27,60,67,69,74,78,81,93,98,103,125,126,127" machi="103" ten="40,8000,1" yaku="18,1,52,3" doraHai="135" who="1" fromWho="2" sc="347,0,177,96,322,-86,144,0" />
</Scene>
<Scene>
<INIT seed="7,0,0,3,3,49" ten="347,273,236,144" oya="3" hai0="91,99,51,0,17,66,10,52,106,65,112,4,125" hai1="97,119,38,111,20,74,14,26,31,86,3,82,19" hai2="58,25,84,12,62,61,53,42,29,90,2,15,57" hai3="43,93,71,96,107,41,22,79,16,76,95,124,83"/><W120/><G120/><T33/><D33/><U40/><E74/><V126/><F2/><W94/><G71/><T23/><D125/><U121/><E121/><V113/><F42/><N who="3" m="15883" /><G124/><T32/><D32/><U133/><E119/><V102/><F102/><W128/><G107/><T47/><D112/><U78/><E3/><V70/><F70/><W87/><G128/><T85/><D99/><U114/><E114/><V105/><F105/><W7/><G7/><T92/><D106/><U68/><E68/><V27/><F113/><W134/><G134/><T18/><D18/><U100/><E133/><V132/><F132/><W37/><G37/><T50/><D50/><U9/><E40/><V48/><F48/><W118/><G118/><T8/><D8/><U63/><E63/><V36/><F36/><W129/><G129/><T28/><D28/><U72/><E38/><V117/><F117/><W110/><G110/><T109/><D109/><U46/><E46/><V60/><F60/><W59/><G79/><T64/><D64/><U73/><E111/><V89/><F126/><W98/><G59/><T6/><D6/><U13/><E13/><AGARI ba="0,0" hai="13,16,22,76,83,87,93,94,95,96,98" m="15883" machi="13" ten="30,2900,0" yaku="8,1,54,1" doraHai="49" who="3" fromWho="1" sc="347,0,273,-29,236,0,144,29" /><AGARI ba="0,0" hai="0,4,10,13,17,23,47,51,52,65,66,85,91,92" machi="13" ten="30,3900,0" yaku="7,1,52,1,54,1" doraHai="49" who="0" fromWho="1" sc="347,39,244,-39,236,0,173,0" />
</Scene>
<Scene>
<INIT seed="7,1,0,2,3,133" ten="386,205,236,173" oya="3" hai0="71,127,119,0,132,5,97,41,22,56,20,36,57" hai1="90,107,21,112,82,76,74,30,125,126,104,85,39" hai2="40,75,135,51,116,26,95,18,17,37,34,42,103" hai3="7,110,68,67,45,4,14,84,124,62,28,83,96"/><W2/><G2/><T1/><D71/><U77/><E39/><V81/><F37/><W121/><G121/><T50/><D119/><U35/><E21/><V47/><F116/><W8/><G110/><T32/><D32/><U78/><E30/><V27/><F135/><W94/><G28/><T49/><D132/><U64/><E64/><V111/><F111/><W58/><G45/><T113/><D36/><U101/><E35/><V54/><F34/><W87/><G68/><T115/><D97/><N who="1" m="61487" /><E112/><V79/><F103/><N who="3" m="60823" /><G124/><N who="1" m="47722" /><E107/><V131/><F95/><AGARI ba="1,0" hai="74,76,77,78,82,85,90,95" m="47722,61487" machi="95" ten="30,12000,2" yaku="24,1,18,1,34,2,52,3" doraHai="133" who="1" fromWho="2" sc="386,0,205,123,236,-123,173,0" owari="386,49.0,328,13.0,113,-39.0,173,-23.0" />
</Scene>
</mjloggm>