<mjloggm ver="2.3"><GO type="169" lobby="0"/><UN n0="%E5%A4%AA%E3%81%8F%E3%81%AA%E3%81%84%E3%81%8A" n1="%4E%6F%64%61%74%61" n2="%E6%94%B9%E6%82%9B%E4%B8%80%E5%8F%B7" n3="%74%2E%61%2E%6B%2E" dan="17,16,18,16" rate="2214.36,2103.87,2177.05,2099.68" sx="M,F,M,M"/><TAIKYOKU oya="0"/>

<Scene>
<INIT seed="0,0,0,4,3,85" ten="250,250,250,250" oya="0" hai0="66,58,54,108,32,89,11,79,52,114,67,65,98" hai1="30,10,84,53,28,82,19,6,7,36,132,110,97" hai2="8,5,45,81,126,130,77,99,112,95,94,123,101" hai3="73,119,69,4,76,60,63,83,25,1,133,124,116"/><T27/><D114/><U80/><E36/><V44/><F123/><W102/><G133/><T35/><D79/><U17/><E97/><V29/><F112/><W56/><G124/><T20/><D108/><U51/><E110/><V117/><F126/><W12/><G1/><T42/><D42/><U16/><E132/><V21/><F130/><W103/><G69/><T92/><D11/><U46/><E82/><V0/><F117/><W121/><G121/><T43/><D43/><U24/><E24/><V55/><F94/><W3/><G3/><T64/><N who="0" m="16384" /><DORA hai="115" /><T40/><D40/><U106/><E106/><V57/><F21/><W72/><G25/><T15/><D15/><N who="1" m="5599" /><E6/><V134/><F29/><W31/><G31/><T70/><D70/><U131/><E131/><V109/><F109/><W90/><G83/><T125/><D125/><U26/><E26/><V107/><F107/><W111/><G111/><T47/><D47/><U62/><E62/><V129/><F129/><W93/><G4/><T61/><REACH who="0" step="1"/><D54/><REACH who="0" ten="240,250,250,250" step="2"/><U78/><AGARI ba="0,1" hai="16,17,19,28,30,46,51,53,78,80,84" m="5599" machi="78" ten="30,2000,0" yaku="8,1,54,1" doraHai="85,115" who="1" fromWho="1" sc="240,-10,250,30,250,-5,250,-5" />
</Scene>
<Scene>
<INIT seed="1,0,0,3,5,107" ten="230,280,245,245" oya="1" hai0="46,130,88,56,100,92,71,117,123,37,20,69,99" hai1="64,93,115,87,114,39,106,55,43,127,74,97,33" hai2="58,68,4,109,86,76,12,77,120,36,16,44,18" hai3="35,54,132,0,65,60,80,129,112,2,102,11,95"/><U135/><E33/><V84/><F120/><W122/><G122/><T85/><D123/><U62/><E55/><V105/><F68/><W63/><G35/><T73/><D117/><U96/><E87/><V119/><F105/><W49/><G132/><T131/><D56/><U103/><E135/><V90/><F119/><W57/><G129/><N who="0" m="49163" /><D20/><U13/><E13/><V121/><F121/><W1/><G112/><T118/><D118/><U125/><E74/><V53/><F109/><W101/><G80/><N who="0" m="49191" /><D73/><U128/><E128/><V5/><F36/><W66/><G11/><T78/><D78/><N who="2" m="30314" /><F44/><W47/><REACH who="3" step="1"/><G95/><REACH who="3" ten="230,280,245,235" step="2"/><T111/><D111/><U41/><E115/><V26/><F4/><W110/><G110/><T14/><D14/><U24/><E114/><V134/><F5/><W113/><G113/><T50/><D37/><U31/><E39/><V104/><F134/><W28/><G28/><T29/><D29/><U8/><E8/><V51/><F12/><W81/><G81/><T89/><D100/><U91/><E31/><V3/><F104/><W30/><G30/><T70/><D70/><AGARI ba="0,1" hai="0,1,2,47,49,54,57,60,63,65,66,70,101,102" machi="70" ten="40,5200,0" yaku="1,1,53,2" doraHai="107" doraHaiUra="98" who="3" fromWho="0" sc="230,-52,280,0,245,0,235,62" />
</Scene>
<Scene>
<INIT seed="2,0,0,0,3,90" ten="178,280,245,297" oya="2" hai0="68,10,66,112,67,30,55,84,50,134,25,120,125" hai1="107,64,91,70,52,80,88,0,54,19,81,23,28" hai2="123,119,95,97,12,108,41,2,73,103,20,18,115" hai3="16,133,26,36,51,104,77,39,75,40,63,60,101"/><V110/><F115/><W130/><G133/><T83/><D112/><U69/><E0/><V78/><F119/><W76/><G130/><T99/><D120/><U124/><E28/><V6/><F123/><W21/><G51/><T27/><D134/><U79/><E107/><V116/><F116/><W58/><G63/><T61/><D125/><U17/><E23/><V35/><F35/><W74/><G77/><T132/><D132/><U5/><E5/><V48/><F2/><W37/><G40/><T62/><D10/><U8/><E79/><V87/><F6/><W105/><G76/><T94/><D84/><U32/><E64/><V86/><F73/><W82/><G82/><T1/><D83/><U46/><E46/><N who="2" m="25679" /><F78/><W43/><G43/><T31/><D1/><U72/><E124/><V57/><F57/><W92/><G105/><T13/><D13/><U59/><E59/><V111/><AGARI ba="0,0" hai="12,18,20,86,87,95,97,103,108,110,111" m="25679" machi="111" ten="30,6000,0" yaku="14,1,10,1,52,1" doraHai="90" who="2" fromWho="2" sc="178,-20,280,-20,245,60,297,-20" />
</Scene>
<Scene>
<INIT seed="2,1,0,3,0,20" ten="158,260,305,277" oya="2" hai0="50,121,74,112,45,7,51,16,102,11,31,109,86" hai1="29,34,57,106,132,85,134,1,32,37,68,91,14" hai2="35,88,18,5,64,60,55,67,93,117,8,59,0" hai3="48,100,71,49,84,103,99,63,97,26,46,17,66"/><V111/><F117/><W122/><G122/><T126/><D74/><U65/><E68/><V39/><F39/><W72/><G72/><T2/><D121/><U41/><E1/><V61/><F35/><W98/><G84/><T9/><D112/><U108/><E106/><V75/><F75/><W28/><G17/><T107/><D109/><U25/><E108/><V76/><F111/><W27/><G49/><T40/><D126/><U23/><E41/><V15/><F76/><W79/><G79/><T105/><D31/><U127/><E37/><V52/><F0/><W90/><G90/><T4/><D102/><U104/><E104/><V13/><F61/><W22/><REACH who="3" step="1"/><G26/><REACH who="3" ten="158,260,305,267" step="2"/><T110/><D110/><U33/><E91/><V118/><F118/><W73/><G73/><T82/><D50/><U54/><E85/><N who="2" m="52367" /><F67/><W12/><G12/><T44/><D86/><U10/><E65/><V101/><F101/><W135/><G135/><T58/><D51/><U56/><E54/><AGARI ba="1,1" hai="22,27,28,46,48,54,63,66,71,97,98,99,100,103" machi="54" ten="40,5200,0" yaku="1,1,52,1,53,1" doraHai="20" doraHaiUra="42" who="3" fromWho="1" sc="158,0,260,-55,305,0,267,65" />
</Scene>
<Scene>
<INIT seed="3,0,0,0,5,81" ten="158,205,305,332" oya="3" hai0="80,102,15,106,59,14,19,111,44,88,79,115,60" hai1="113,39,65,63,45,103,32,57,116,84,58,109,131" hai2="128,132,11,25,64,47,135,55,134,98,89,76,35" hai3="101,112,40,66,3,28,119,99,129,36,118,52,48"/><W26/><G112/><T27/><D115/><U82/><E32/><V122/><F128/><W16/><G3/><T93/><D111/><U87/><E109/><V50/><F122/><W20/><G66/><T83/><D106/><U69/><E113/><V70/><F76/><W2/><G2/><T97/><D102/><U5/><E103/><V34/><F11/><W13/><G40/><T92/><D92/><U107/><E107/><V110/><F110/><W71/><G36/><T43/><D27/><U62/><E5/><V17/><F98/><W1/><G1/><T8/><D15/><U74/><E131/><V33/><F89/><W73/><G73/><T18/><D18/><U96/><E96/><V108/><F108/><W9/><G71/><T123/><D123/><U121/><E116/><V104/><F104/><W49/><G49/><T126/><D126/><U90/><E121/><V68/><REACH who="2" step="1"/><F64/><REACH who="2" ten="158,205,295,332" step="2"/><W120/><G129/><T38/><REACH who="0" step="1"/><D79/><REACH who="0" ten="148,205,295,332" step="2"/><U114/><E114/><V85/><F85/><W67/><G120/><T95/><D95/><U56/><E84/><V124/><F124/><W53/><G119/><T72/><D72/><U46/><E74/><V30/><F30/><W77/><G28/><T133/><D133/><U41/><REACH who="1" step="1"/><E46/><REACH who="1" ten="148,195,295,332" step="2"/><V86/><F86/><W0/><G118/><T6/><D6/><U7/><E7/><V61/><F61/><AGARI ba="0,3" hai="39,41,45,56,57,58,61,62,63,65,69,82,87,90" machi="61" ten="40,2600,0" yaku="1,1,52,1,53,0" doraHai="81" doraHaiUra="117" who="1" fromWho="2" sc="148,0,195,56,295,-26,332,0" />
</Scene>
<Scene>
<INIT seed="4,0,0,0,0,75" ten="148,251,269,332" oya="0" hai0="131,68,4,101,22,104,11,45,129,59,98,126,125" hai1="114,87,105,50,42,103,124,85,95,31,76,107,37" hai2="127,110,6,2,53,88,57,39,109,115,74,9,30" hai3="78,15,94,82,55,93,113,90,64,120,73,44,0"/><T71/><D59/><U28/><E37/><V43/><F74/><W108/><G0/><N who="0" m="391" /><D45/><U35/><E35/><V17/><F115/><W47/><G108/><T1/><D1/><U133/><E114/><V135/><F127/><N who="0" m="48650" /><D22/><U14/><E124/><V80/><F135/><W122/><G113/><T69/><AGARI ba="0,0" hai="68,69,71,98,101,104,129,131" m="48650,391" machi="69" ten="40,3900,0" yaku="18,1,23,1" doraHai="75" who="0" fromWho="0" sc="148,39,251,-13,269,-13,332,-13" />
</Scene>
<Scene>
<INIT seed="4,1,0,1,3,74" ten="187,238,256,319" oya="0" hai0="118,115,48,106,6,110,90,19,37,59,23,120,129" hai1="28,98,66,99,68,1,85,116,61,29,79,16,105" hai2="72,8,134,71,27,84,4,119,14,40,104,94,49" hai3="56,130,47,125,18,83,22,135,60,26,11,64,96"/><T91/><D118/><U30/><E1/><V35/><F104/><W39/><G125/><T44/><D120/><U70/><E116/><V81/><F71/><W82/><G135/><T78/><D106/><U36/><E36/><V20/><F119/><W131/><G96/><T73/><D37/><U97/><E105/><V7/><F35/><W17/><G11/><T57/><D6/><U50/><E50/><V15/><F72/><W112/><G112/><T55/><D115/><U86/><E70/><V133/><F94/><W0/><G0/><T34/><D34/><U92/><E92/><V38/><F38/><W121/><G121/><T67/><D129/><N who="3" m="49161" /><G17/><T54/><D110/><U93/><E93/><V114/><F114/><W51/><G39/><T43/><D67/><U12/><REACH who="1" step="1"/><E79/><REACH who="1" ten="187,228,256,319" step="2"/><V100/><F49/><W107/><G107/><T123/><D123/><U53/><E53/><AGARI ba="1,1" hai="18,22,26,47,51,53,56,60,64,82,83" m="49161" machi="53" ten="30,1000,0" yaku="19,1" doraHai="74" who="3" fromWho="1" sc="187,0,228,-13,256,0,319,23" />
</Scene>
<Scene>
<INIT seed="5,0,0,3,5,18" ten="187,215,256,342" oya="1" hai0="58,36,59,64,126,120,118,5,52,8,113,38,45" hai1="135,24,87,43,33,129,97,121,96,81,37,30,130" hai2="122,124,21,89,28,71,125,10,32,92,108,103,70" hai3="117,69,63,15,23,72,66,41,77,132,109,1,2"/><U16/><E121/><V94/><F108/><W31/><G109/><T104/><D104/><U80/><E43/><V74/><F122/><W110/><G110/><T114/><D120/><U68/><E68/><V112/><F74/><W20/><G132/><T27/><D118/><U82/><E37/><N who="0" m="14441" /><D27/><N who="1" m="18655" /><E135/><V44/><F32/><W75/><G41/><T7/><D7/><U106/><E106/><V115/><F44/><W53/><G53/><T0/><D64/><U90/><E97/><V79/><F79/><W26/><G117/><T3/><D3/><U14/><E24/><N who="2" m="16399" /><F10/><W73/><G77/><T4/><D4/><U57/><E96/><N who="2" m="57359" /><F103/><W111/><G111/><T55/><D45/><U40/><E57/><V67/><F94/><W95/><G95/><T119/><D119/><U99/><E99/><V107/><F107/><W46/><G46/><T102/><D102/><U49/><E49/><V98/><F98/><W22/><REACH who="3" step="1"/><G15/><REACH who="3" ten="187,215,256,332" step="2"/><T6/><D0/><AGARI ba="0,1" hai="0,1,2,20,22,23,26,31,63,66,69,72,73,75" machi="0" ten="50,8000,1" yaku="1,1,2,1,52,3,53,0" doraHai="18" doraHaiUra="131" who="3" fromWho="0" sc="187,-80,215,0,256,0,332,90" />
</Scene>
<Scene>
<INIT seed="6,0,0,5,4,47" ten="107,215,256,422" oya="2" hai0="17,6,113,41,76,92,122,128,95,82,22,126,80" hai1="116,62,37,66,45,21,2,29,60,119,7,27,5" hai2="28,96,16,68,32,105,55,98,120,64,112,125,58" hai3="124,38,33,101,42,11,114,9,49,123,20,24,117"/><V132/><F120/><W1/><G117/><T85/><D122/><U36/><E45/><V61/><F112/><W46/><G123/><T106/><D106/><U91/><E91/><V94/><F125/><W56/><G33/><T54/><D113/><U83/><E83/><V72/><F72/><W57/><G124/><T107/><D126/><U108/><E108/><V104/><F132/><W52/><G114/><T0/><D107/><U102/><E102/><V131/><F131/><W99/><G57/><T67/><D128/><U115/><E115/><V97/><F94/><W13/><G1/><T14/><D41/><U84/><E84/><V100/><F100/><W75/><G75/><T109/><D109/><U44/><E44/><V87/><F87/><W73/><G73/><T51/><D80/><U4/><E2/><V86/><F86/><W135/><G135/><T26/><D0/><U81/><E81/><V90/><F90/><W129/><G129/><T8/><REACH who="0" step="1"/><D67/><REACH who="0" ten="97,215,256,422" step="2"/><U3/><E3/><V15/><F64/><W59/><G42/><T43/><D43/><U34/><E119/><V118/><F105/><W78/><G38/><T23/><D23/><U89/><E116/><V133/><F104/><W25/><G20/><T40/><D40/><U134/><E66/><V130/><F118/><W19/><G52/><T53/><D53/><U18/><E134/><V71/><F55/><W121/><G121/><T103/><D103/><U88/><E37/><V77/><F130/><W30/><G101/><T110/><D110/><U127/><E36/><V74/><F133/><W93/><G93/><RYUUKYOKU ba="0,1" sc="97,30,215,-10,256,-10,422,-10" hai0="6,8,14,17,22,26,51,54,76,82,85,92,95" />
</Scene>
<Scene>
<INIT seed="7,1,1,0,0,128" ten="127,205,246,412" oya="3" hai0="87,8,75,29,116,33,125,94,134,60,48,2,34" hai1="38,130,76,23,52,15,71,118,9,97,14,36,119" hai2="64,31,24,74,131,43,37,111,17,100,41,62,5" hai3="57,129,45,18,19,135,12,26,115,56,40,91,106"/><W95/><G106/><T122/><D75/><U70/><E76/><V132/><F111/><W20/><G115/><T1/><D116/><N who="1" m="44587" /><E23/><V92/><F74/><W7/><G7/><T66/><D122/><U30/><E30/><V16/><F131/><W120/><G135/><T46/><D125/><U105/><E130/><V6/><F132/><W58/><G129/><T3/><D8/><U69/><E97/><V85/><F5/><W88/><G120/><T96/><D87/><U67/><E105/><V103/><F6/><W121/><G121/><T61/><D134/><U107/><E107/><V124/><F124/><W82/><G82/><T102/><D29/><U86/><E86/><V21/><F103/><W98/><G45/><T42/><REACH who="0" step="1"/><D61/><REACH who="0" ten="117,205,246,412" step="2"/><U22/><E9/><V80/><F62/><W117/><G117/><T0/><N who="0" m="0" /><DORA hai="123" /><T10/><D10/><U32/><E32/><V109/><F85/><W79/><G79/><T35/><D35/><U4/><E4/><V108/><F31/><W49/><G49/><T13/><D13/><U77/><E14/><V50/><F50/><W101/><G40/><T65/><D65/><U72/><E67/><V11/><F64/><W63/><G63/><T28/><D28/><U84/><E72/><V127/><F43/><W73/><G73/><T90/><D90/><U99/><E15/><V83/><F41/><W93/><G88/><T27/><D27/><U59/><E84/><V110/><F24/><W55/><G91/><T54/><D54/><U51/><E77/><V25/><F108/><W44/><G55/><T68/><AGARI ba="1,2" hai="33,34,42,46,48,60,66,68,94,96,102" m="0" machi="68" ten="60,8000,1" yaku="1,1,5,1,0,1,53,1" doraHai="128,123" doraHaiUra="89,113" who="0" fromWho="0" sc="117,103,205,-21,246,-21,412,-41" owari="220,-18.0,184,-32.0,225,3.0,371,47.0" />
</Scene>
</mjloggm>