<mjloggm ver="2.3"><GO type="169" lobby="0"/><UN n0="%73%2E%63%65%6C%74%79" n1="%E3%81%A1%E3%82%83%E3%81%9D%E2%98%86" n2="%E3%83%8D%E3%83%BC%E3%83%A0%E3%83%AC%E3%82%B9%EF%BC%97" n3="%E5%A4%AA%E3%81%8F%E3%81%AA%E3%81%84%E3%81%8A" dan="16,17,17,17" rate="2060.29,2110.72,2141.27,2211.41" sx="F,M,M,M"/><TAIKYOKU oya="0"/>

<Scene>
<INIT seed="0,0,0,4,0,118" ten="250,250,250,250" oya="0" hai0="55,117,134,94,1,51,58,57,6,3,38,5,88" hai1="126,87,135,73,91,104,69,97,19,17,66,100,105" hai2="86,116,75,49,35,9,127,2,42,113,61,56,65" hai3="96,50,93,60,78,79,107,114,41,71,103,26,102"/><T52/><D38/><U89/><E135/><V59/><F113/><W133/><G114/><T81/><D117/><U70/><E126/><V82/><F116/><W119/><G119/><T44/><D134/><U132/><E132/><V110/><F35/><W84/><G133/><T76/><D3/><U72/><E66/><V30/><F75/><W23/><G71/><T99/><D1/><U0/><E0/><V123/><F127/><W128/><G128/><T39/><D39/><U77/><E87/><V10/><F110/><W92/><G60/><T64/><D64/><U45/><E45/><V83/><F30/><N who="3" m="17759" /><G107/><T74/><REACH who="0" step="1"/><D44/><REACH who="0" ten="240,250,250,250" step="2"/><U37/><E37/><V46/><F65/><W25/><G41/><T95/><D95/><U125/><E125/><V68/><F46/><W53/><G93/><T130/><D130/><U62/><E105/><V106/><F42/><W18/><G92/><T85/><D85/><U54/><E104/><V98/><F86/><W40/><G40/><T7/><D7/><U29/><E73/><V11/><F106/><W20/><G84/><T27/><D27/><U8/><E72/><V22/><F2/><W115/><G115/><T36/><D36/><U43/><E43/><V129/><F129/><W31/><G96/><T108/><D108/><U48/><E97/><V111/><F98/><W28/><G79/><T16/><D16/><U15/><E77/><V112/><F111/><W124/><G78/><T12/><D12/><U14/><E14/><V34/><F112/><W4/><G124/><T121/><D121/><U90/><E15/><V101/><F123/><RYUUKYOKU ba="0,1" sc="240,30,250,-10,250,-10,250,-10" hai0="5,6,51,52,55,57,58,74,76,81,88,94,99" />
</Scene>
<Scene>
<INIT seed="0,1,1,0,5,30" ten="270,240,240,240" oya="0" hai0="97,64,41,7,129,125,118,63,15,120,44,68,2" hai1="23,29,103,66,45,80,105,127,43,0,50,18,65" hai2="67,62,37,10,35,38,21,16,83,89,109,53,12" hai3="59,110,112,69,106,3,93,85,5,54,102,81,22"/><T27/><D118/><U128/><E128/><V126/><F109/><W46/><G69/><T108/><D129/><U91/><E0/><V134/><F134/><W31/><G112/><T73/><D120/><U75/><E127/><V51/><F126/><W39/><G106/><T24/><D108/><U119/><E119/><V94/><F83/><W17/><G31/><T4/><D125/><U131/><E131/><V135/><F135/><W55/><G110/><T100/><D73/><U40/><E40/><V74/><F74/><W98/><G3/><T132/><D132/><U26/><E75/><V9/><F35/><W58/><G5/><T117/><D117/><U104/><E104/><V115/><F115/><W99/><G99/><T111/><D111/><U116/><E116/><V92/><F38/><W20/><G39/><T32/><D2/><U57/><E57/><N who="3" m="21514" /><G46/><T36/><D15/><U1/><E1/><V130/><F37/><W48/><G48/><T88/><D24/><U107/><E107/><V13/><F130/><W8/><G8/><T96/><D100/><U47/><E47/><V49/><F67/><N who="1" m="25609" /><E103/><V90/><F62/><W86/><G86/><T25/><D25/><U76/><E105/><V114/><F114/><W19/><G22/><T101/><D101/><U33/><E29/><V42/><F42/><W60/><G60/><T14/><D14/><U77/><E33/><V52/><F21/><W56/><N who="3" m="21522" /><W113/><DORA hai="133" /><G113/><T61/><D61/><U84/><AGARI ba="1,1" hai="18,23,26,43,45,50,76,77,80,84,91" m="25609" machi="84" ten="30,1100,0" yaku="8,1" doraHai="30,133" who="1" fromWho="1" sc="270,-6,240,24,240,-4,240,-4" />
</Scene>
<Scene>
<INIT seed="1,0,0,4,2,73" ten="264,264,236,236" oya="1" hai0="74,60,135,111,5,78,105,41,82,93,54,7,102" hai1="129,90,132,87,15,18,101,43,76,39,79,96,33" hai2="20,53,114,103,64,89,84,6,123,104,94,77,95" hai3="32,10,65,98,45,126,21,113,35,46,44,2,27"/><U106/><E33/><V51/><F123/><W40/><G113/><T37/><D111/><U13/><E129/><V47/><F104/><W134/><G40/><T71/><D135/><U22/><E132/><V116/><F116/><W25/><G134/><T85/><D37/><U56/><E56/><V88/><F114/><W92/><G126/><T17/><D41/><U36/><E15/><V52/><F103/><W12/><G2/><T30/><D30/><U49/><E49/><N who="2" m="28735" /><F64/><W8/><G65/><T23/><D105/><U128/><E128/><V29/><F6/><W125/><G125/><T63/><D71/><U57/><E57/><N who="2" m="32959" /><F77/><W38/><G38/><T4/><D54/><U62/><E62/><V80/><F89/><N who="3" m="55567" /><G32/><T24/><REACH who="0" step="1"/><D74/><REACH who="0" ten="254,264,236,236" step="2"/><U75/><E75/><V97/><F97/><AGARI ba="0,1" hai="4,5,7,17,23,24,60,63,78,82,85,93,97,102" machi="97" ten="40,8000,1" yaku="1,1,2,1,8,1,52,1,53,0" doraHai="73" doraHaiUra="121" who="0" fromWho="2" sc="254,90,264,0,236,-80,236,0" />
</Scene>
<Scene>
<INIT seed="2,0,0,0,2,61" ten="344,264,156,236" oya="2" hai0="20,117,12,106,1,86,72,13,100,37,36,43,31" hai1="28,27,94,10,104,80,112,121,76,114,108,120,62" hai2="98,73,92,6,96,124,78,79,9,32,19,133,119" hai3="59,132,18,47,87,54,17,118,113,99,101,55,88"/><V24/><F119/><W2/><G118/><T68/><D72/><U5/><E104/><V95/><F133/><W33/><G2/><T69/><D1/><N who="1" m="303" /><E94/><V0/><F124/><W103/><G33/><T116/><D86/><U89/><E89/><V11/><F73/><W102/><G132/><T26/><D116/><U8/><E62/><V29/><F11/><W46/><G99/><T82/><D82/><U97/><E97/><V107/><F107/><W25/><G113/><T56/><D106/><U81/><E108/><V64/><F64/><W45/><G25/><T14/><D100/><U65/><E65/><V58/><F58/><W40/><G40/><T15/><D117/><U131/><E8/><V63/><F63/><N who="3" m="36343" /><G55/><T130/><D37/><U23/><E114/><V71/><F71/><W53/><G53/><T42/><D56/><U4/><E27/><V3/><F3/><W115/><G115/><T90/><D43/><U83/><E112/><V34/><F34/><W51/><G51/><T122/><D42/><U105/><E105/><V135/><F135/><W123/><G123/><N who="1" m="47178" /><E76/><V110/><F110/><W49/><G49/><T50/><D50/><U39/><E39/><V38/><F38/><W16/><G102/><T129/><D36/><U57/><E57/><V128/><F98/><W93/><AGARI ba="0,0" hai="16,17,18,45,46,47,87,88,93,101,103" m="36343" machi="93" ten="30,4000,0" yaku="8,1,54,2" doraHai="61" who="3" fromWho="3" sc="344,-10,264,-10,156,-20,236,40" />
</Scene>
<Scene>
<INIT seed="3,0,0,3,0,54" ten="334,254,136,276" oya="3" hai0="90,108,16,33,12,23,81,121,132,9,80,51,0" hai1="76,7,75,43,13,42,111,58,135,115,91,82,49" hai2="25,134,84,114,130,26,57,70,99,118,52,66,36" hai3="74,11,31,131,50,21,120,83,127,38,69,44,17"/><W24/><G120/><T29/><D121/><U97/><E115/><V123/><F114/><W133/><G69/><T28/><D108/><U86/><E111/><V41/><F123/><W60/><G38/><T61/><D132/><U8/><E135/><V20/><F118/><W122/><G122/><T77/><D33/><U107/><E107/><V10/><F134/><W15/><G133/><T98/><D51/><U129/><E129/><V40/><F130/><W22/><G131/><T102/><D90/><U125/><E125/><V92/><F70/><W35/><G127/><T113/><D113/><U14/><E14/><V47/><F66/><W89/><G60/><T78/><D61/><U96/><E96/><V71/><F71/><W109/><G109/><T101/><D0/><U34/><E34/><V88/><F41/><W73/><G73/><T103/><D98/><U119/><E97/><V3/><F20/><W116/><G116/><T79/><REACH who="0" step="1"/><D23/><REACH who="0" ten="324,254,136,276" step="2"/><U30/><E91/><V53/><F99/><W110/><G110/><T48/><D48/><U32/><E49/><V45/><F45/><W124/><G124/><T1/><D1/><U104/><E119/><V46/><F46/><W95/><G50/><T5/><D5/><U64/><E7/><V94/><F47/><W93/><G44/><T117/><D117/><U63/><E63/><V59/><F88/><W106/><G106/><T72/><D72/><U2/><E104/><V4/><F3/><W19/><G35/><T62/><D62/><N who="1" m="37975" /><E75/><V67/><F4/><W6/><G6/><T87/><D87/><U27/><E86/><RYUUKYOKU ba="0,1" sc="324,30,254,-10,136,-10,276,-10" hai0="9,12,16,28,29,77,78,79,80,81,101,102,103" />
</Scene>
<Scene>
<INIT seed="4,1,1,0,4,45" ten="354,244,126,266" oya="0" hai0="22,82,47,20,135,120,46,77,9,133,134,19,85" hai1="129,48,24,126,6,25,97,91,0,68,76,78,86" hai2="52,42,41,36,37,116,43,63,53,32,96,94,8" hai3="71,28,89,66,105,34,58,81,74,31,112,50,16"/><T73/><D120/><U106/><E129/><V51/><F32/><W39/><G39/><N who="2" m="14921" /><F8/><W49/><G105/><T124/><D124/><U123/><E123/><V21/><F21/><N who="0" m="8298" /><D73/><U35/><E126/><V108/><F94/><W115/><G71/><T55/><D55/><N who="2" m="21066" /><F96/><W61/><G16/><T83/><D83/><U107/><E35/><V93/><F93/><W110/><G110/><T98/><D98/><U103/><E107/><V27/><F27/><N who="3" m="18719" /><G31/><T30/><D30/><U113/><E97/><V23/><F23/><W1/><G1/><T80/><D80/><U56/><E106/><V90/><F90/><W62/><G62/><T125/><D125/><U87/><E91/><V128/><F108/><W88/><G74/><T54/><D54/><U102/><E102/><V12/><F12/><AGARI ba="1,1" hai="9,12,19,46,47,77,82,85,133,134,135" m="8298" machi="12" ten="40,2000,0" yaku="20,1" doraHai="45" who="0" fromWho="2" sc="354,33,244,0,126,-23,266,0" />
</Scene>
<Scene>
<INIT seed="4,2,0,4,5,43" ten="387,244,103,266" oya="0" hai0="57,82,23,84,64,94,132,33,15,121,27,59,42" hai1="129,11,116,105,28,5,131,114,111,0,110,128,96" hai2="113,34,58,87,88,31,79,56,86,102,10,21,127" hai3="13,76,3,62,100,134,135,30,49,38,122,71,16"/><T99/><D121/><U17/><E105/><V14/><F34/><W85/><G38/><T63/><D132/><N who="3" m="50729" /><G3/><T18/><D33/><U47/><E116/><V51/><F113/><W117/><G117/><T95/><D42/><U52/><E96/><V2/><F127/><W108/><G122/><T55/><D15/><U40/><E114/><V89/><F102/><W46/><G108/><N who="1" m="41514" /><E28/><V26/><F2/><W53/><G30/><T133/><D133/><U77/><E77/><V70/><F70/><W92/><G100/><T101/><D95/><U81/><E81/><N who="2" m="47423" /><F51/><W39/><G39/><T98/><D98/><U37/><E17/><N who="2" m="8407" /><F89/><N who="3" m="53295" /><G76/><T112/><D112/><U48/><E37/><V93/><AGARI ba="2,0" hai="21,26,31,56,58,87,88,93" m="8407,47423" machi="93" ten="30,2000,0" yaku="8,1,54,1" doraHai="43" who="2" fromWho="2" sc="387,-12,244,-7,103,26,266,-7" />
</Scene>
<Scene>
<INIT seed="5,0,0,0,0,53" ten="375,237,129,259" oya="1" hai0="12,32,45,114,104,118,60,94,134,6,13,56,126" hai1="14,54,75,82,81,69,2,33,107,100,72,96,35" hai2="22,11,97,44,99,120,77,24,52,37,63,57,119" hai3="109,135,48,124,58,3,67,68,95,84,5,61,108"/><U65/><E14/><V23/><F119/><W29/><G124/><T64/><D104/><U70/><E54/><V50/><F120/><W87/><G135/><T130/><D118/><U51/><E51/><V88/><F37/><W116/><G116/><T91/><D126/><U73/><E2/><V31/><F77/><W128/><G128/><T113/><D130/><U103/><E65/><N who="2" m="39151" /><F11/><W62/><G48/><T78/><D78/><U49/><E49/><V18/><F88/><W101/><G29/><T16/><D134/><U27/><E27/><AGARI ba="0,0" hai="18,22,23,24,27,31,44,50,52,97,99" m="39151" machi="27" ten="30,3900,0" yaku="8,1,52,1,54,1" doraHai="53" who="2" fromWho="1" sc="375,0,237,-39,129,39,259,0" />
</Scene>
<Scene>
<INIT seed="6,0,0,5,3,65" ten="375,198,168,259" oya="2" hai0="22,50,127,105,8,91,101,82,77,106,78,79,38" hai1="55,34,124,114,53,112,131,102,3,104,5,2,49" hai2="123,128,15,76,57,61,41,26,95,92,99,68,132" hai3="97,110,107,28,35,13,122,18,72,119,36,87,11"/><V71/><F123/><W10/><G72/><T70/><D38/><U118/><E118/><V111/><F41/><W66/><G119/><T109/><D70/><N who="2" m="26666" /><F76/><W116/><G116/><T113/><D91/><U27/><E104/><V93/><F15/><W56/><G122/><T51/><D101/><U47/><E102/><N who="2" m="60775" /><F132/><W60/><G36/><T90/><D82/><U17/><E131/><V40/><F40/><W64/><G13/><T33/><D90/><U126/><E55/><V74/><F74/><W6/><G107/><T12/><D105/><U75/><E75/><V37/><F37/><W133/><G133/><T21/><D106/><U59/><E59/><V125/><F128/><W63/><G10/><T129/><D8/><N who="1" m="2103" /><E3/><V19/><F19/><W1/><G18/><T94/><D79/><U88/><E88/><V98/><F98/><W103/><G87/><T108/><D12/><U96/><E96/><V130/><F130/><W52/><G97/><T54/><D78/><U9/><E9/><V23/><F111/><W20/><G110/><T45/><D77/><U0/><E0/><V135/><F135/><W39/><G103/><T44/><D129/><U16/><E17/><V30/><F125/><N who="1" m="48233" /><E34/><V85/><F85/><W73/><G35/><T7/><D33/><U83/><E83/><V43/><F43/><W67/><G73/><T4/><D127/><U31/><E31/><V58/><F58/><N who="3" m="34887" /><G39/><T46/><D108/><U80/><E80/><V100/><F100/><W69/><G69/><T24/><D109/><U89/><E89/><V86/><F86/><W115/><G1/><RYUUKYOKU ba="0,0" sc="375,-15,198,15,168,15,259,-15" hai1="16,27,47,49,53,112,114" hai2="23,26,30,57,61,93,95" />
</Scene>
<Scene>
<INIT seed="6,1,0,0,3,60" ten="360,213,183,244" oya="2" hai0="26,31,6,132,106,121,98,47,41,23,68,40,85" hai1="100,103,44,34,81,22,78,71,72,91,39,56,1" hai2="79,118,32,15,30,12,124,131,82,117,66,33,48" hai3="4,84,115,70,134,125,110,5,80,120,62,101,104"/><V0/><F0/><W83/><G110/><T38/><D121/><U58/><E71/><V59/><F131/><W130/><G120/><T69/><D132/><U74/><E34/><V45/><F124/><W126/><G134/><T108/><D108/><U8/><E74/><V20/><F33/><W67/><G130/><T52/><D6/><N who="1" m="1103" /><E22/><V19/><F32/><W24/><G115/><T94/><D41/><N who="1" m="22591" /><E91/><V65/><F30/><W49/><G24/><T86/><D106/><U18/><E18/><N who="2" m="10311" /><F118/><W107/><G49/><T73/><D73/><U2/><E2/><V50/><F117/><W102/><G62/><T99/><D99/><U96/><E103/><V89/><F79/><W129/><G70/><T119/><D119/><U16/><E16/><V128/><F128/><W88/><G129/><T54/><D69/><U75/><E75/><V3/><F3/><W112/><G84/><N who="0" m="32363" /><D38/><U37/><E37/><V64/><F59/><W35/><G35/><T111/><D111/><U11/><E11/><N who="2" m="6655" /><F45/><W133/><G112/><T61/><D68/><U27/><E27/><V43/><F43/><W92/><G133/><T122/><D122/><U116/><E116/><V127/><F127/><W28/><G28/><T105/><D105/><AGARI ba="1,0" hai="56,58,72,78,81,96,100,105" m="22591,1103" machi="105" ten="30,1000,0" yaku="25,1" doraHai="60" who="1" fromWho="0" sc="360,-13,213,13,183,0,244,0" />
</Scene>
<Scene>
<INIT seed="7,0,0,4,4,107" ten="347,226,183,244" oya="3" hai0="117,7,99,132,68,81,39,74,115,103,131,64,26" hai1="12,78,66,85,10,59,93,87,0,2,20,5,69" hai2="128,80,113,83,23,6,84,111,55,79,13,96,70" hai3="56,58,134,31,32,35,30,11,127,60,82,50,16"/><W119/><G119/><T106/><D131/><U102/><E69/><V19/><F111/><W122/><G122/><T129/><D129/><U57/><E0/><V110/><F110/><W36/><G36/><T92/><D92/><U47/><E66/><V130/><F70/><W108/><G108/><T75/><D132/><U73/><E47/><V125/><F113/><W61/><G134/><T65/><D65/><U105/><E105/><V62/><F125/><W25/><G127/><T27/><D27/><U133/><E133/><V101/><F6/><W100/><G100/><T37/><D115/><U89/><E73/><N who="0" m="27657" /><D81/><U43/><E102/><V123/><F123/><W4/><G82/><T52/><D52/><U28/><E93/><V54/><F130/><W98/><G50/><T41/><D41/><U91/><E43/><V86/><F128/><W24/><G16/><T118/><D26/><U72/><E72/><V97/><F62/><W95/><G60/><N who="0" m="39943" /><D7/><U76/><E76/><V42/><F42/><W53/><G53/><T8/><D8/><U90/><E78/><V40/><F40/><W112/><G61/><T116/><AGARI ba="0,0" hai="37,39,99,103,106,116,117,118" m="39943,27657" machi="116" ten="40,8000,1" yaku="23,1,52,3" doraHai="107" who="0" fromWho="0" sc="347,80,226,-20,183,-20,244,-40" owari="427,53.0,206,1.0,163,-34.0,204,-20.0" />
</Scene>
</mjloggm>