<mjloggm ver="2.3"><GO type="169" lobby="0"/><UN n0="%E5%A4%AA%E3%81%8F%E3%81%AA%E3%81%84%E3%81%8A" n1="%E5%89%8D%E6%88%AF%33%30%E5%88%86" n2="%E3%81%A0%E3%81%90%E3%81%A9" n3="%E7%9F%A2%E6%BE%A4%E3%81%AB%E3%81%93" dan="18,17,16,16" rate="2178.54,2140.33,2031.12,2082.83" sx="M,F,M,F"/><TAIKYOKU oya="0"/>

<Scene>
<INIT seed="0,0,0,4,0,31" ten="250,250,250,250" oya="0" hai0="96,28,101,125,29,56,63,111,62,44,105,30,64" hai1="132,58,133,14,116,0,21,60,65,83,126,26,80" hai2="42,24,37,99,75,91,127,73,54,41,109,49,2" hai3="7,17,97,90,68,131,103,27,115,67,23,8,38"/><T46/><D125/><U135/><E0/><V76/><F2/><W48/><G131/><T13/><D111/><U129/><E116/><V69/><F69/><W66/><G38/><T15/><REACH who="0" step="1"/><D63/><REACH who="0" ten="240,250,250,250" step="2"/><U89/><E126/><V82/><F109/><W53/><G115/><T74/><D74/><U119/><E119/><V47/><F75/><W106/><G68/><T52/><D52/><U120/><E129/><V78/><F127/><W6/><G53/><T45/><AGARI ba="0,1" hai="13,15,28,29,30,44,45,46,56,62,64,96,101,105" machi="45" ten="30,3000,0" yaku="1,1,0,1,53,0" doraHai="31" doraHaiUra="35" who="0" fromWho="0" sc="240,40,250,-10,250,-10,250,-10" />
</Scene>
<Scene>
<INIT seed="0,1,0,5,3,29" ten="280,240,240,240" oya="0" hai0="99,129,80,65,81,94,73,61,2,113,127,51,108" hai1="133,37,120,114,28,32,72,70,76,45,3,20,97" hai2="60,105,110,92,103,78,5,64,91,40,82,132,50" hai3="93,58,9,31,87,130,75,121,18,88,90,33,15"/><T77/><D113/><U48/><E3/><V115/><F110/><W1/><G75/><T111/><D2/><U118/><E120/><V17/><F5/><W14/><G130/><T66/><D129/><U42/><E118/><V21/><F132/><W35/><G1/><T128/><D128/><U83/><E133/><V67/><F40/><W7/><G121/><T86/><D51/><U47/><E114/><V23/><F50/><W98/><G58/><T84/><D127/><U27/><E70/><V38/><F38/><W102/><G31/><T106/><D106/><U59/><E59/><V44/><F44/><W22/><REACH who="3" step="1"/><G90/><REACH who="3" ten="280,240,240,230" step="2"/><T89/><D73/><U56/><E56/><V122/><F122/><W112/><G112/><T24/><D108/><U126/><E126/><V8/><F115/><W71/><G71/><T68/><D111/><U12/><E45/><V125/><F125/><W135/><G135/><T134/><D134/><U123/><E123/><V26/><F91/><W57/><G57/><T10/><D66/><U79/><E79/><V39/><F67/><W25/><G25/><T95/><D24/><U117/><E117/><V46/><F26/><W52/><G52/><T19/><D68/><U0/><E0/><V34/><F46/><W54/><G54/><T124/><D124/><U4/><E48/><V41/><F64/><W53/><G53/><T13/><D65/><U63/><E47/><V49/><F49/><W6/><G6/><T74/><D74/><U131/><E72/><V55/><F55/><W109/><G109/><T96/><D61/><U100/><E63/><RYUUKYOKU ba="1,1" sc="280,15,240,-15,240,-15,230,15" hai0="10,13,19,77,80,81,84,86,89,94,95,96,99" hai3="7,9,14,15,18,22,33,35,87,88,93,98,102" />
</Scene>
<Scene>
<INIT seed="0,2,1,0,0,30" ten="295,225,225,245" oya="0" hai0="113,111,117,12,65,16,21,97,53,32,72,66,52" hai1="68,91,27,75,67,24,92,4,123,82,60,6,84" hai2="13,40,37,62,89,130,119,2,79,131,1,114,100" hai3="135,106,121,31,18,87,129,110,133,63,48,120,57"/><T98/><D113/><U104/><E123/><N who="3" m="47178" /><G106/><T109/><D117/><U26/><E104/><V46/><F114/><W107/><G107/><T71/><D72/><U134/><E134/><V126/><F100/><W23/><G110/><N who="0" m="41995" /><D32/><U61/><E75/><V47/><F79/><W36/><G36/><T17/><D71/><U69/><E82/><V25/><F126/><W122/><G129/><T55/><D17/><U112/><E112/><V76/><F76/><W73/><G73/><T90/><D90/><U51/><E51/><V96/><F62/><W70/><G31/><T11/><D11/><U44/><E44/><V9/><F47/><W5/><G5/><T58/><D58/><U85/><REACH who="1" step="1"/><E84/><REACH who="1" ten="295,215,225,245" step="2"/><V22/><F130/><W124/><G87/><T116/><D116/><U10/><E10/><V50/><F131/><W49/><G122/><T86/><D86/><U101/><E101/><V127/><F119/><W83/><G133/><T74/><D74/><U43/><E43/><V125/><F125/><W105/><G124/><T0/><D0/><U118/><E118/><V94/><F127/><W33/><G135/><T77/><D77/><U15/><E15/><V20/><F1/><W19/><G83/><T14/><D12/><U59/><E59/><V8/><F2/><W41/><G57/><T93/><D93/><U29/><E29/><N who="2" m="17575" /><F37/><W103/><G70/><T42/><D42/><U115/><E115/><V108/><F108/><W35/><G41/><T34/><D34/><U38/><E38/><V132/><F132/><W56/><G105/><T78/><D78/><U45/><E45/><RYUUKYOKU ba="2,2" sc="295,10,215,10,225,10,245,-30" hai0="14,16,21,52,53,55,65,66,97,98" hai1="4,6,24,26,27,60,61,67,68,69,85,91,92" hai2="8,9,13,22,40,46,50,89,94,96" />
</Scene>
<Scene>
<INIT seed="0,3,2,1,3,26" ten="305,225,235,215" oya="0" hai0="94,21,112,104,28,88,135,79,84,128,86,31,103" hai1="102,47,82,115,43,120,96,16,17,65,117,46,118" hai2="126,0,55,52,44,70,92,41,72,48,71,3,95" hai3="64,113,131,51,25,8,133,83,13,30,2,49,93"/><T114/><D128/><U12/><E120/><V90/><F72/><W129/><G2/><T77/><D135/><U100/><E115/><V85/><F126/><W111/><G113/><T5/><D114/><U58/><E82/><V11/><F95/><W125/><G111/><T119/><D112/><U68/><E68/><V7/><F0/><W18/><G125/><T15/><D119/><U74/><E74/><V56/><REACH who="2" step="1"/><F55/><REACH who="2" ten="305,225,225,215" step="2"/><W76/><G93/><T124/><D124/><U105/><E118/><V108/><F108/><W110/><G110/><T80/><D104/><U6/><E117/><V91/><F91/><W33/><G133/><T54/><D54/><U59/><E105/><V22/><F22/><W98/><G64/><T62/><D21/><U53/><E65/><V36/><AGARI ba="3,3" hai="3,7,11,36,41,44,48,52,56,70,71,85,90,92" machi="36" ten="20,5200,0" yaku="1,1,0,1,7,1,54,1,53,0" doraHai="26" doraHaiUra="60" who="2" fromWho="2" sc="305,-29,225,-16,225,91,215,-16" />
</Scene>
<Scene>
<INIT seed="1,0,0,1,1,63" ten="276,209,316,199" oya="1" hai0="119,79,52,37,134,15,18,122,54,71,40,10,53" hai1="14,88,81,35,8,128,107,32,129,93,69,22,85" hai2="109,55,41,64,51,74,33,24,96,135,47,103,133" hai3="66,104,62,101,57,92,23,99,132,78,56,105,106"/><U80/><E107/><V49/><F74/><W86/><G132/><N who="2" m="50761" /><F109/><W118/><G118/><T82/><D134/><U113/><E69/><V124/><F124/><W90/><G78/><T117/><D122/><U112/><E22/><V30/><F64/><W50/><G23/><T72/><REACH who="0" step="1"/><D71/><REACH who="0" ten="266,209,316,199" step="2"/><U60/><E112/><V48/><F41/><W121/><G121/><T6/><D6/><U7/><E113/><V120/><F120/><W59/><REACH who="3" step="1"/><G50/><REACH who="3" ten="266,209,316,189" step="2"/><T61/><D61/><U38/><E60/><V11/><F11/><W87/><G87/><T9/><D9/><U42/><E128/><V58/><F47/><AGARI ba="0,2" hai="10,15,18,37,40,47,52,53,54,72,79,82,117,119" machi="47" ten="40,5200,0" yaku="1,1,54,1,53,1" doraHai="63" doraHaiUra="5" who="0" fromWho="2" sc="266,72,209,0,316,-52,189,0" />
</Scene>
<Scene>
<INIT seed="2,0,0,1,3,18" ten="338,209,264,189" oya="2" hai0="41,72,116,35,27,123,71,13,34,117,30,79,94" hai1="31,59,91,29,2,60,42,55,57,33,74,126,39" hai2="17,36,75,56,4,68,5,21,11,84,119,80,82" hai3="104,54,1,51,78,120,19,44,63,25,15,73,43"/><V24/><F68/><W133/><G1/><T99/><D123/><U46/><E74/><V58/><F36/><W102/><G133/><T12/><D71/><U101/><E2/><V85/><F119/><N who="0" m="45642" /><D34/><U70/><E126/><V88/><F75/><W96/><G120/><T20/><D41/><U106/><E70/><V129/><F129/><W125/><G125/><T64/><D64/><U10/><E10/><V127/><F127/><W45/><G25/><N who="0" m="18895" /><D79/><U95/><E101/><V93/><F93/><W28/><G28/><N who="0" m="17511" /><D72/><U26/><E106/><V38/><F38/><W110/><G110/><T69/><D69/><U53/><E31/><V132/><F132/><W118/><G118/><T86/><D86/><U107/><E107/><V52/><F11/><W121/><G121/><T98/><D98/><U16/><E16/><V109/><F109/><W76/><G73/><T77/><D77/><U37/><E37/><V6/><F52/><W62/><G76/><AGARI ba="0,0" hai="4,5,6,17,21,24,56,58,76,80,82,84,85,88" machi="76" ten="40,7700,0" yaku="8,1,52,1,54,1" doraHai="18" who="2" fromWho="3" sc="338,0,209,0,264,77,189,-77" />
</Scene>
<Scene>
<INIT seed="2,1,0,1,0,64" ten="338,209,341,112" oya="2" hai0="107,98,39,92,123,134,54,80,105,27,110,115,116" hai1="82,3,78,91,67,30,88,124,42,106,17,53,97" hai2="46,96,104,16,125,66,60,12,20,100,6,25,73" hai3="57,22,0,10,1,29,120,2,131,135,32,4,118"/><V86/><F73/><W26/><G57/><T87/><D39/><U65/><E3/><N who="3" m="1098" /><G118/><T113/><D27/><U79/><E30/><V44/><F125/><W77/><G77/><N who="0" m="46479" /><D54/><U128/><E124/><V56/><F6/><W23/><G120/><T85/><D123/><U69/><E69/><V41/><F86/><W121/><G121/><T19/><D19/><U38/><E106/><N who="0" m="40457" /><D116/><U84/><E42/><V61/><F41/><W55/><G55/><T11/><D11/><U36/><E53/><V14/><REACH who="2" step="1"/><F60/><REACH who="2" ten="338,209,331,112" step="2"/><W130/><G135/><T133/><D85/><U62/><E84/><V90/><F90/><W21/><AGARI ba="1,1" hai="2,4,10,21,22,23,26,29,32,130,131" m="1098" machi="21" ten="40,2700,0" yaku="34,2" doraHai="64" who="3" fromWho="3" sc="338,-8,209,-8,331,-14,112,40" />
</Scene>
<Scene>
<INIT seed="3,0,0,5,5,90" ten="330,201,317,152" oya="3" hai0="54,41,63,42,98,113,11,17,60,39,51,82,36" hai1="120,30,80,15,106,72,75,135,53,115,134,10,12" hai2="31,83,81,23,65,117,19,67,29,22,73,37,24" hai3="34,119,131,111,118,93,99,61,55,66,2,77,101"/><W20/><G34/><T46/><D113/><U116/><E115/><V100/><F37/><N who="0" m="14410" /><D98/><U108/><E106/><V84/><F117/><W4/><G131/><T28/><D17/><U125/><E120/><V57/><F100/><W76/><G111/><T87/><D87/><U86/><E108/><V107/><F107/><W0/><G55/><N who="0" m="30199" /><D82/><U129/><E116/><V78/><F57/><W109/><G109/><T96/><D96/><U74/><E129/><V104/><F104/><W35/><G35/><T128/><D11/><U9/><E53/><V26/><REACH who="2" step="1"/><F19/><REACH who="2" ten="330,201,307,152" step="2"/><W133/><G118/><T44/><D128/><U56/><E56/><V127/><F127/><W45/><G119/><T48/><D28/><U32/><E125/><V112/><F112/><W124/><G124/><T105/><D105/><U3/><E30/><V70/><F70/><W6/><G101/><T94/><D94/><U27/><E80/><V88/><AGARI ba="0,1" hai="22,23,24,26,29,31,65,67,73,78,81,83,84,88" machi="88" ten="20,8000,1" yaku="1,1,0,1,7,1,9,1,54,1,53,0" doraHai="90" doraHaiUra="95" who="2" fromWho="2" sc="330,-20,201,-20,307,90,152,-40" />
</Scene>
<Scene>
<INIT seed="4,0,0,5,3,53" ten="310,181,397,112" oya="0" hai0="33,80,68,70,132,75,35,48,87,26,21,82,1" hai1="7,105,81,40,6,58,122,73,56,125,79,50,38" hai2="103,3,31,95,10,98,78,90,52,24,13,112,57" hai3="39,116,25,119,47,12,30,28,61,130,51,121,42"/><T45/><D1/><U17/><E122/><V118/><F3/><W93/><G130/><T131/><D131/><U43/><E105/><V2/><F2/><W64/><G121/><T89/><D132/><U109/><E38/><V36/><F36/><W86/><G12/><T59/><D68/><U69/><E69/><V63/><F112/><W72/><G72/><T111/><D70/><U97/><E125/><V9/><F118/><W107/><G107/><T83/><D111/><U128/><E128/><V0/><F0/><W49/><G30/><T66/><D75/><U99/><E109/><V8/><F78/><W134/><G134/><T34/><D66/><U91/><E17/><V60/><F60/><W133/><G133/><T124/><D124/><U100/><E100/><V85/><F24/><W4/><G4/><N who="1" m="1578" /><E79/><V32/><F32/><W22/><G116/><T15/><D15/><U62/><E73/><V44/><F44/><W76/><G119/><T94/><D45/><N who="1" m="25895" /><E62/><V55/><F31/><W117/><G117/><T101/><D101/><U74/><E43/><V114/><F114/><W135/><G135/><T54/><REACH who="0" step="1"/><D34/><REACH who="0" ten="300,181,397,112" step="2"/><U18/><E74/><V27/><F13/><W37/><G37/><T46/><D46/><U71/><E71/><V67/><REACH who="2" step="1"/><F27/><REACH who="2" ten="300,181,387,112" step="2"/><W126/><G126/><T29/><AGARI ba="0,2" hai="21,26,29,33,35,48,54,59,80,82,83,87,89,94" machi="29" ten="30,6000,0" yaku="1,1,0,1,52,1,53,0" doraHai="53" doraHaiUra="104" who="0" fromWho="0" sc="300,80,181,-20,387,-20,112,-20" />
</Scene>
<Scene>
<INIT seed="4,1,0,4,5,69" ten="380,161,367,92" oya="0" hai0="8,126,85,75,67,54,99,23,76,123,121,57,62" hai1="84,106,17,125,45,12,113,78,82,41,80,73,90" hai2="37,83,88,27,72,100,77,68,19,89,127,39,95" hai3="116,60,46,56,119,79,15,74,20,94,43,93,109"/><T110/><D75/><U0/><E0/><V48/><F68/><W21/><G109/><T105/><D110/><U87/><E113/><V130/><F100/><W63/><G63/><T2/><D126/><U26/><E125/><V47/><F127/><W33/><G33/><T52/><D23/><U134/><E134/><V91/><F130/><W108/><G108/><T42/><D42/><U44/><E106/><V118/><F118/><W131/><G131/><T64/><D105/><U6/><E73/><V31/><F19/><W66/><G74/><T107/><D107/><U101/><E101/><V18/><F18/><W104/><G79/><T16/><D99/><U128/><E6/><V124/><F95/><W14/><G104/><T120/><D64/><U55/><E26/><V22/><REACH who="2" step="1"/><F124/><REACH who="2" ten="380,161,357,92" step="2"/><W4/><G119/><T38/><D16/><U81/><E128/><V25/><F25/><W117/><G117/><T10/><D121/><U61/><E81/><V3/><F3/><W71/><G71/><T133/><D2/><U24/><E24/><V114/><F114/><W111/><G116/><T35/><D120/><U115/><E115/><V49/><F49/><N who="3" m="26847" /><G111/><T112/><D123/><U5/><E5/><V132/><F132/><W11/><G15/><T51/><D133/><U7/><E7/><V59/><F59/><W122/><G122/><T103/><D112/><U1/><E1/><V97/><F97/><W98/><G94/><T135/><D135/><U9/><E17/><V58/><F58/><W102/><AGARI ba="1,1" hai="4,11,14,20,21,56,60,66,93,98,102" m="26847" machi="102" ten="30,1100,0" yaku="8,1" doraHai="69" who="3" fromWho="3" sc="380,-6,161,-4,357,-4,92,24" />
</Scene>
<Scene>
<INIT seed="5,0,0,3,5,44" ten="374,157,353,116" oya="1" hai0="79,69,105,41,133,92,27,15,122,64,13,93,77" hai1="121,75,1,57,83,132,74,73,0,46,29,28,126" hai2="100,128,131,39,6,32,5,118,59,116,134,99,24" hai3="33,102,84,10,2,16,71,21,124,14,25,120,52"/><U86/><E121/><V20/><F32/><W17/><G120/><T30/><D105/><U106/><E106/><V37/><F59/><W66/><G124/><T51/><D122/><U31/><E126/><V96/><F134/><W40/><G2/><T104/><D104/><U19/><E132/><V45/><F45/><W129/><G33/><T36/><D36/><N who="2" m="13898" /><F20/><N who="3" m="13447" /><G71/><T67/><D133/><U127/><E127/><V68/><F24/><W111/><G111/><T34/><D41/><U23/><E46/><V38/><F68/><W88/><G129/><N who="2" m="49737" /><F38/><W109/><G109/><T103/><D69/><U90/><REACH who="1" step="1"/><E57/><REACH who="1" ten="374,147,353,116" step="2"/><V56/><F56/><W78/><G40/><T119/><D119/><U9/><E9/><V107/><F118/><W113/><G10/><T130/><D130/><U65/><E65/><V91/><F116/><W49/><G66/><T35/><D67/><U76/><E76/><V8/><F8/><W87/><G78/><T11/><D79/><U47/><E47/><V125/><F125/><W12/><G113/><T26/><D77/><U54/><E54/><V81/><F107/><W18/><G102/><T115/><D103/><U112/><E112/><V22/><F100/><W110/><G110/><T123/><D115/><U89/><E89/><V117/><F91/><W48/><G88/><T94/><D123/><U98/><E98/><V108/><F96/><W43/><G43/><T55/><D64/><U95/><E95/><V85/><F99/><W114/><G114/><T72/><D11/><U7/><E7/><V97/><F97/><W50/><G52/><T42/><D55/><RYUUKYOKU ba="0,1" sc="374,-15,147,15,353,-15,116,15" hai1="0,1,19,23,28,29,31,73,74,75,83,86,90" hai3="12,14,17,18,21,48,49,50,84,87" />
</Scene>
<Scene>
<INIT seed="5,1,1,4,0,42" ten="359,162,338,131" oya="1" hai0="130,17,19,121,10,135,61,76,107,94,7,33,119" hai1="6,5,101,118,134,109,43,49,20,58,65,11,80" hai2="47,9,14,120,45,124,106,8,55,69,104,37,79" hai3="62,100,0,52,39,83,4,97,38,123,44,34,54"/><U84/><E118/><V66/><F120/><W21/><G34/><T59/><D107/><U73/><E73/><V82/><F69/><W89/><G123/><T129/><D121/><U87/><E134/><V70/><F70/><W64/><G0/><T77/><D33/><U30/><E109/><V56/><F66/><W28/><G4/><T115/><D119/><U126/><E126/><V32/><F32/><W103/><G103/><T2/><D115/><U74/><E74/><V25/><F37/><W48/><G54/><N who="0" m="34039" /><D94/><U60/><E101/><V68/><F68/><W26/><G83/><T88/><D88/><N who="1" m="51207" /><E87/><N who="2" m="48607" /><F104/><W81/><G81/><T40/><D40/><U35/><E35/><V111/><F106/><W1/><G89/><T22/><D135/><U36/><E36/><V27/><F111/><W85/><G85/><T31/><D77/><U116/><E11/><N who="2" m="4171" /><F14/><W131/><G1/><T15/><D76/><U132/><E116/><V99/><F99/><W112/><G112/><T127/><D127/><U86/><E86/><V102/><F102/><W41/><G41/><T95/><D2/><U63/><E132/><V46/><F124/><W133/><G133/><T91/><D91/><U117/><E117/><V3/><F3/><W75/><G75/><T72/><D72/><U108/><E108/><V13/><F13/><W92/><G131/><N who="0" m="50187" /><D95/><U105/><E105/><V12/><F12/><W71/><AGARI ba="1,1" hai="21,26,28,38,39,44,48,52,62,64,71,92,97,100" machi="71" ten="20,5200,0" yaku="0,1,7,1,52,1,54,1" doraHai="42" who="3" fromWho="3" sc="359,-14,162,-27,338,-14,131,65" />
</Scene>
<Scene>
<INIT seed="6,0,0,3,1,77" ten="345,135,324,196" oya="2" hai0="94,5,50,47,69,27,20,63,18,21,127,37,129" hai1="66,56,33,102,89,100,74,30,41,28,123,126,116" hai2="36,4,118,32,131,51,34,6,62,26,17,109,43" hai3="119,35,98,60,71,133,46,110,29,7,19,55,68"/><V106/><F36/><W104/><G110/><T90/><D37/><U44/><E116/><V11/><F106/><W2/><G133/><T121/><D121/><U70/><E123/><V42/><F118/><W75/><G75/><T86/><D129/><U107/><E74/><V78/><F131/><W31/><G119/><T101/><D127/><U57/><E126/><V1/><F62/><W115/><G115/><T9/><D101/><U38/><E70/><V79/><F109/><W87/><G7/><T85/><D69/><U113/><E113/><V114/><F6/><W3/><G19/><T91/><D63/><U13/><E66/><V128/><F114/><W25/><G29/><T80/><D18/><U83/><E13/><V39/><F39/><W48/><G87/><T12/><D27/><U72/><E30/><V134/><F134/><W23/><G23/><T93/><D93/><U76/><E89/><V97/><F97/><W53/><G53/><AGARI ba="0,0" hai="5,9,12,20,21,47,50,53,80,85,86,90,91,94" machi="53" ten="30,3900,0" yaku="7,1,8,1,52,1" doraHai="77" who="0" fromWho="3" sc="345,39,135,0,324,0,196,-39" />
</Scene>
<Scene>
<INIT seed="7,0,0,3,5,42" ten="384,135,324,157" oya="3" hai0="61,65,89,77,99,40,103,85,117,20,59,27,3" hai1="67,68,48,46,26,62,52,43,108,10,53,116,122" hai2="129,25,79,72,4,134,5,73,2,37,36,32,111" hai3="17,104,51,6,100,93,29,69,39,83,86,54,121"/><W81/><G39/><T14/><D3/><U60/><E108/><V133/><F111/><W115/><G69/><T30/><D117/><U9/><E122/><V74/><F79/><W84/><G121/><T15/><D77/><U13/><E116/><V64/><F64/><W8/><G104/><T57/><D40/><U63/><E68/><V119/><F119/><W21/><G115/><T91/><D59/><N who="1" m="37375" /><E9/><V105/><F105/><W110/><G29/><T131/><D131/><U11/><BYE who="0" /><E11/><V118/><F118/><W94/><G110/><T102/><D102/><U1/><E1/><UN n0="%E5%A4%AA%E3%81%8F%E3%81%AA%E3%81%84%E3%81%8A" /><V90/><F90/><N who="0" m="34314" /><D85/><N who="3" m="32873" /><G8/><T135/><D135/><N who="2" m="51722" /><F129/><W18/><G6/><N who="2" m="2665" /><F2/><W70/><G70/><T130/><D130/><U35/><E35/><V50/><F50/><W107/><G107/><T112/><D112/><U28/><E26/><V49/><F49/><W78/><G78/><T12/><D12/><U132/><E28/><V114/><F114/><W124/><G124/><T56/><D14/><U101/><E101/><V95/><F95/><N who="3" m="36363" /><G100/><T55/><D103/><U76/><E76/><V87/><F87/><W88/><G88/><T106/><D106/><U71/><E71/><V82/><F82/><N who="3" m="31243" /><G21/><T127/><D127/><U128/><E128/><V66/><F66/><W24/><G24/><T97/><D15/><U80/><E80/><V0/><F0/><W16/><G51/><AGARI ba="0,0" hai="20,27,30,51,55,56,57,61,65,97,99" m="34314" machi="51" ten="30,1000,0" yaku="8,1" doraHai="42" who="0" fromWho="3" sc="384,10,135,0,324,0,157,-10" owari="394,49.0,135,-36.0,324,12.0,147,-25.0" />
</Scene>
</mjloggm>