<mjloggm ver="2.3"><GO type="169" lobby="0"/><UN n0="%31%30%30%27%73" n1="%E3%83%A8%E3%82%B3%E3%83%A8%E3%82%B3" n2="%E3%83%8D%E3%83%BC%E3%83%A0%E3%83%AC%E3%82%B9%EF%BC%97" n3="%E5%A4%AA%E3%81%8F%E3%81%AA%E3%81%84%E3%81%8A" dan="16,17,17,17" rate="2106.29,2140.33,2140.07,2161.36" sx="M,M,M,M"/><TAIKYOKU oya="0"/>

<Scene>
<INIT seed="0,0,0,4,3,78" ten="250,250,250,250" oya="0" hai0="51,59,129,4,86,81,9,105,5,29,49,10,50" hai1="15,110,8,48,66,104,32,35,102,33,45,14,112" hai2="61,52,36,31,134,56,89,7,109,63,58,101,113" hai3="73,65,94,98,103,125,57,133,107,42,11,70,64"/><T3/><D105/><U62/><E110/><V93/><F113/><W74/><G70/><T111/><D111/><U21/><E112/><V120/><F109/><W82/><G125/><T126/><D126/><U24/><E102/><V121/><F36/><W16/><G133/><T25/><D129/><U2/><E104/><V26/><F134/><W127/><G127/><T43/><D43/><U27/><E2/><V18/><F7/><W12/><G42/><T84/><D59/><U72/><E72/><V60/><F101/><W131/><G131/><T13/><REACH who="0" step="1"/><D81/><REACH who="0" ten="240,250,250,250" step="2"/><U17/><E45/><V119/><F58/><W92/><G57/><T135/><D135/><U130/><E130/><V6/><F56/><W123/><G123/><T114/><D114/><U88/><E62/><V85/><F63/><W69/><G69/><T118/><D118/><U124/><E124/><V100/><F61/><W46/><G46/><T128/><D128/><U34/><E66/><V37/><F119/><W41/><G41/><T1/><D1/><U23/><E48/><V53/><F60/><W97/><G107/><T106/><D106/><U40/><E40/><V96/><F121/><W83/><G65/><T38/><D38/><U22/><E34/><AGARI ba="0,1" hai="3,4,5,9,10,13,25,29,34,49,50,51,84,86" machi="34" ten="40,2000,0" yaku="1,1,53,0" doraHai="78" doraHaiUra="77" who="0" fromWho="1" sc="240,30,250,-20,250,0,250,0" />
</Scene>
<Scene>
<INIT seed="0,1,0,5,1,99" ten="270,230,250,250" oya="0" hai0="122,46,24,15,123,38,10,29,44,41,16,131,121" hai1="62,34,118,20,12,19,0,42,26,6,4,32,112" hai2="81,105,39,80,45,72,134,3,17,51,94,75,69" hai3="14,74,61,120,108,52,67,110,64,30,129,82,56"/><T76/><D131/><U126/><E118/><V100/><F69/><W86/><G74/><N who="2" m="28201" /><F51/><W130/><G30/><T124/><D76/><U101/><E126/><V125/><F45/><W37/><G14/><T7/><D124/><U106/><E112/><V91/><F39/><W93/><G93/><T128/><D128/><N who="3" m="49257" /><G120/><T43/><D7/><U9/><E42/><V102/><F17/><W23/><G23/><T83/><D83/><N who="2" m="31818" /><F3/><W49/><G37/><T73/><D73/><U25/><E62/><V95/><F125/><W59/><G67/><T78/><D78/><AGARI ba="1,0" hai="49,52,56,59,61,64,78,82,86,108,110" m="49257" machi="78" ten="30,2000,0" yaku="19,1,54,1" doraHai="99" who="3" fromWho="0" sc="270,-23,230,0,250,0,250,23" />
</Scene>
<Scene>
<INIT seed="1,0,0,5,1,17" ten="247,230,250,273" oya="1" hai0="128,135,7,127,39,129,86,16,4,126,90,64,104" hai1="52,58,99,26,124,45,78,75,5,10,123,48,116" hai2="67,46,22,119,103,130,12,79,47,30,37,68,28" hai3="97,121,88,49,6,134,1,56,40,57,20,41,95"/><U42/><E123/><V55/><F119/><W117/><G121/><T51/><D39/><U98/><E116/><V83/><F103/><W62/><G117/><T18/><D104/><U44/><E124/><N who="0" m="47657" /><D64/><U31/><E78/><V9/><F130/><N who="0" m="50282" /><D51/><U87/><E75/><V85/><F67/><N who="3" m="39367" /><G1/><T66/><D66/><U94/><E87/><V15/><F68/><W72/><G72/><T63/><D63/><U133/><E133/><V35/><F35/><W122/><G134/><T81/><D135/><U110/><E110/><V114/><F37/><W50/><G50/><T70/><D70/><U101/><E98/><V3/><F55/><N who="3" m="31983" /><G122/><T115/><D115/><U111/><E42/><N who="3" m="16490" /><G6/><AGARI ba="0,0" hai="4,6,7,16,18,81,86,90" m="50282,47657" machi="6" ten="30,3900,0" yaku="18,1,19,1,54,1" doraHai="17" who="0" fromWho="3" sc="247,39,230,0,250,0,273,-39" />
</Scene>
<Scene>
<INIT seed="2,0,0,0,1,51" ten="286,230,250,234" oya="2" hai0="110,8,66,83,132,10,122,107,112,101,70,133,78" hai1="15,54,87,53,100,86,60,96,119,7,80,74,116" hai2="56,35,48,39,106,18,121,120,46,40,108,104,37" hai3="62,102,64,6,114,5,28,34,105,36,93,84,26"/><V73/><F73/><W76/><G36/><N who="2" m="13897" /><F18/><W125/><G125/><T67/><D122/><N who="2" m="47210" /><F35/><W45/><G45/><T49/><D112/><U91/><E74/><V42/><F106/><W61/><G61/><T3/><D101/><U130/><E130/><V127/><F104/><W29/><G29/><T11/><D107/><U38/><E38/><V14/><F14/><W32/><G32/><T31/><D31/><U128/><E128/><V90/><F90/><N who="3" m="53447" /><G76/><T129/><D3/><U4/><E60/><V17/><F17/><W79/><G79/><T92/><D78/><U95/><E86/><V59/><F127/><W23/><G23/><T30/><D30/><U115/><E115/><V33/><F33/><W43/><G43/><N who="2" m="16425" /><F108/><W77/><G77/><T57/><D110/><U41/><E41/><AGARI ba="0,0" hai="41,46,48,56,59" m="16425,47210,13897" machi="41" ten="30,2900,0" yaku="34,2" doraHai="51" who="2" fromWho="1" sc="286,0,230,-29,250,29,234,0" />
</Scene>
<Scene>
<INIT seed="2,1,0,2,0,46" ten="286,201,279,234" oya="2" hai0="96,121,86,47,112,31,37,41,69,107,8,64,12" hai1="54,18,1,6,57,87,125,109,20,120,44,39,11" hai2="35,76,3,50,33,92,88,68,16,84,118,29,10" hai3="102,105,132,9,131,106,62,48,108,83,65,17,79"/><V127/><F68/><W129/><G108/><T14/><D112/><U7/><E109/><V61/><F118/><W123/><G123/><T71/><D121/><U34/><E120/><V4/><F127/><W49/><G132/><T111/><D111/><U122/><E122/><V90/><F76/><W97/><G105/><T95/><D31/><U66/><E125/><V26/><F61/><W22/><G9/><T43/><D43/><U51/><E34/><V5/><F5/><W119/><G119/><T24/><D24/><U114/><E114/><V101/><F101/><W21/><G21/><T32/><D32/><U25/><E6/><V27/><F90/><W45/><G22/><T55/><D107/><U81/><E66/><V28/><F16/><W94/><G17/><T82/><D55/><U80/><REACH who="1" step="1"/><E87/><REACH who="1" ten="286,191,279,234" step="2"/><V75/><F75/><W58/><G129/><T52/><D64/><U78/><E78/><V116/><F116/><W30/><G131/><T67/><D86/><U59/><E59/><V56/><F56/><W113/><G113/><T0/><D67/><U104/><E104/><V133/><F133/><W2/><G106/><T15/><D71/><U85/><E85/><V134/><F134/><W77/><G77/><T74/><D69/><U38/><E38/><V103/><F103/><W135/><G135/><T53/><D37/><U117/><E117/><V23/><F23/><W99/><G79/><T89/><D74/><U115/><E115/><V130/><F130/><W13/><G65/><T42/><D82/><U124/><E124/><V93/><F93/><W19/><G94/><RYUUKYOKU ba="1,1" sc="286,-15,191,15,279,15,234,-15" hai1="1,7,11,18,20,25,39,44,51,54,57,80,81" hai2="3,4,10,26,27,28,29,33,35,50,84,88,92" />
</Scene>
<Scene>
<INIT seed="2,2,1,4,5,4" ten="271,206,294,219" oya="2" hai0="15,110,65,2,119,64,0,54,107,27,133,80,43" hai1="104,88,123,14,127,60,62,114,20,61,49,30,81" hai2="79,8,10,129,77,53,35,23,101,91,32,26,9" hai3="71,87,111,36,34,44,58,7,125,11,113,85,6"/><V16/><F129/><W73/><G71/><T122/><D107/><U67/><E104/><V102/><F35/><W51/><G73/><T33/><D43/><U59/><E114/><V124/><F32/><W126/><G34/><T48/><D122/><U78/><E123/><V92/><F124/><N who="3" m="47723" /><G113/><T115/><D115/><U93/><E127/><V46/><F53/><N who="3" m="32063" /><G7/><T98/><D33/><U83/><E78/><N who="2" m="29707" /><F46/><W90/><G111/><T86/><D110/><U38/><E38/><V13/><F26/><W121/><G121/><T18/><D27/><N who="1" m="16743" /><E67/><V120/><F120/><W97/><G97/><AGARI ba="2,1" hai="8,9,10,13,16,23,91,92,97,101,102" m="29707" machi="97" ten="30,12000,1" yaku="8,1,52,3,54,1" doraHai="4" who="2" fromWho="3" sc="271,0,206,0,294,136,219,-126" />
</Scene>
<Scene>
<INIT seed="2,3,0,2,2,26" ten="271,206,430,93" oya="2" hai0="1,110,64,11,39,36,35,59,3,124,44,75,32" hai1="105,47,74,122,98,92,16,6,120,100,99,20,127" hai2="53,69,107,130,73,91,18,88,54,33,115,89,19" hai3="82,104,117,103,50,121,86,27,2,5,72,46,24"/><V61/><F115/><W116/><G121/><N who="1" m="46698" /><E74/><V118/><F118/><W8/><G72/><T71/><D59/><U95/><E127/><V125/><F73/><W45/><G45/><T9/><D124/><U30/><E30/><V132/><F125/><W101/><G116/><T22/><D22/><U119/><E119/><V85/><F107/><W135/><G117/><T97/><D97/><U84/><E6/><V102/><F102/><W17/><G135/><T62/><D110/><U87/><E47/><V52/><F132/><W29/><G17/><N who="2" m="6153" /><F130/><W134/><G134/><T13/><D75/><U128/><E128/><V63/><F85/><N who="1" m="32841" /><E98/><V37/><F37/><W0/><G0/><T57/><D39/><U40/><E40/><V93/><F93/><W129/><G129/><T78/><D36/><U94/><E105/><V112/><F112/><W109/><G109/><T80/><D1/><U126/><E126/><V77/><F77/><W114/><G114/><T23/><D78/><U55/><E55/><V34/><F69/><W48/><G104/><T58/><D71/><U31/><E31/><V60/><AGARI ba="3,0" hai="33,34,52,53,54,60,61,63,88,89,91" m="6153" machi="60" ten="40,24000,3" yaku="29,2,28,2,26,2,54,2" doraHai="26" who="2" fromWho="2" sc="271,-83,206,-83,430,249,93,-83" />
</Scene>
<Scene>
<INIT seed="2,4,0,3,2,67" ten="188,123,679,10" oya="2" hai0="71,128,109,55,65,22,56,80,126,124,57,91,53" hai1="78,19,119,8,1,83,84,6,18,81,30,46,15" hai2="31,99,54,90,7,112,58,113,10,134,101,68,75" hai3="132,45,51,76,36,11,21,104,125,74,66,44,88"/><V48/><F75/><W37/><G104/><T35/><D35/><U41/><E119/><V86/><F31/><W82/><G125/><N who="0" m="48235" /><D109/><U2/><E30/><V42/><F42/><W97/><G132/><T111/><D111/><U127/><E127/><V120/><F120/><W20/><G66/><T16/><D128/><U50/><E18/><V98/><F98/><W79/><G11/><T59/><D65/><U77/><REACH who="1" step="1"/><E19/><REACH who="1" ten="188,113,679,10" step="2"/><V4/><F134/><W100/><G76/><T121/><D121/><U33/><E33/><V117/><F117/><W17/><G88/><T13/><D71/><U28/><E28/><V102/><F68/><W96/><G21/><T108/><D108/><U110/><E110/><V40/><F90/><W106/><G96/><T107/><D107/><U87/><AGARI ba="4,1" hai="1,2,6,8,15,41,46,50,77,78,81,83,84,87" machi="87" ten="20,12000,2" yaku="1,1,0,1,7,1,9,1,25,2,53,0" doraHai="67" doraHaiUra="105" who="1" fromWho="1" sc="188,-34,113,142,679,-64,10,-34" owari="154,-25.0,255,6.0,615,71.0,-24,-52.0" />
</Scene>
</mjloggm>