<mjloggm ver="2.3"><GO type="169" lobby="0"/><UN n0="%E3%83%8D%E3%83%BC%E3%83%A0%E3%83%AC%E3%82%B9%EF%BC%97" n1="%E9%8A%80%E7%BE%85" n2="%E5%A4%AA%E3%81%8F%E3%81%AA%E3%81%84%E3%81%8A" n3="%E3%82%A4%E3%82%BA%E3%83%9F%E3%83%B3" dan="17,16,17,17" rate="2181.44,2042.61,2149.64,2163.71" sx="M,M,M,M"/><TAIKYOKU oya="0"/>

<Scene>
<INIT seed="0,0,0,5,1,43" ten="250,250,250,250" oya="0" hai0="57,70,101,86,25,16,58,60,23,89,96,124,47" hai1="127,132,81,105,44,40,134,55,104,71,114,18,1" hai2="30,50,87,121,108,90,117,26,51,120,82,119,22" hai3="46,11,0,20,53,77,99,110,39,3,100,76,111"/><T125/><D70/><U27/><E1/><V48/><REACH who="2" step="1"/><F108/><REACH who="2" ten="250,250,240,250" step="2"/><W42/><G110/><T133/><D125/><U73/><E127/><V38/><F38/><W7/><G111/><T123/><D124/><U79/><E71/><V109/><F109/><W8/><G20/><T98/><D123/><AGARI ba="0,1" hai="22,26,30,48,50,51,82,87,90,117,119,120,121,123" machi="123" ten="40,2600,0" yaku="21,2,53,0" doraHai="43" doraHaiUra="64" who="2" fromWho="0" sc="250,-26,250,0,240,36,250,0" />
</Scene>
<Scene>
<INIT seed="1,0,0,0,2,13" ten="224,250,276,250" oya="1" hai0="128,64,116,81,36,115,127,109,77,124,23,61,88" hai1="29,45,4,21,60,119,117,134,125,122,17,135,131" hai2="107,104,98,106,11,97,6,105,69,111,31,94,130" hai3="43,118,26,84,20,71,120,99,75,14,59,72,96"/><U66/><E122/><V41/><F69/><W25/><G71/><T112/><D36/><U38/><E125/><N who="0" m="48201" /><D116/><U15/><E131/><V37/><F130/><W67/><G118/><T10/><D128/><U92/><E92/><V18/><F111/><W0/><G0/><T100/><D109/><U48/><E38/><V27/><F41/><W83/><G43/><T74/><D100/><U108/><E108/><V73/><F73/><W85/><G14/><T55/><D55/><N who="1" m="30095" /><E117/><V39/><F97/><W8/><G8/><T68/><D10/><U5/><E29/><V22/><N who="2" m="27136" /><DORA hai="57" /><V35/><F31/><W2/><G2/><T32/><D32/><U7/><E119/><V28/><F28/><W12/><G12/><T9/><D9/><U54/><E54/><V52/><F52/><W49/><G75/><T19/><D88/><U93/><E93/><V44/><F35/><W42/><G72/><T34/><D34/><U102/><E102/><V58/><F44/><W95/><G42/><T70/><D70/><U51/><E51/><V47/><F47/><W87/><G49/><T114/><D114/><U123/><E123/><V121/><F121/><W56/><G95/><T78/><D78/><U1/><E1/><V63/><F94/><W53/><G120/><T33/><D33/><U30/><E30/><V133/><F39/><W89/><G53/><T24/><AGARI ba="0,0" hai="19,23,24,61,64,68,74,77,81,112,115" m="48201" machi="24" ten="30,4000,0" yaku="18,1,52,2" doraHai="13,57" who="0" fromWho="0" sc="224,40,250,-20,276,-10,250,-10" />
</Scene>
<Scene>
<INIT seed="2,0,0,3,2,120" ten="264,230,266,240" oya="2" hai0="73,128,127,80,34,15,72,105,67,89,123,58,40" hai1="82,97,118,112,99,49,23,59,18,135,20,21,125" hai2="2,64,87,131,83,98,3,37,122,52,44,81,25" hai3="130,65,119,60,38,90,36,61,24,0,95,88,32"/><V100/><F122/><W7/><G119/><T106/><D123/><U104/><E118/><V11/><F131/><W27/><G130/><T4/><D128/><U109/><E112/><V48/><F64/><W39/><G32/><T132/><D34/><U78/><E125/><V14/><F25/><W110/><G110/><T51/><D127/><U68/><E68/><V19/><F37/><W71/><G61/><T85/><D132/><U30/><E30/><V116/><F116/><W70/><G70/><T1/><D1/><U57/><E135/><V75/><F75/><W94/><G7/><T54/><D67/><U62/><E109/><V5/><F5/><W17/><G0/><T31/><D31/><U8/><E49/><V124/><F81/><W114/><G114/><T69/><D69/><U46/><E46/><V133/><F133/><W55/><G55/><T115/><D115/><U56/><E104/><V29/><F29/><W53/><G53/><T33/><D33/><U22/><E8/><V12/><F12/><W79/><G79/><T26/><D26/><N who="1" m="14615" /><E62/><V117/><F124/><W63/><G63/><T84/><D40/><U47/><E47/><V107/><REACH who="2" step="1"/><F117/><REACH who="2" ten="264,230,256,240" step="2"/><W10/><G27/><T6/><D73/><U42/><E82/><V93/><F93/><N who="3" m="35339" /><G24/><T92/><D72/><U9/><E97/><V113/><F113/><W76/><G39/><T50/><D15/><U41/><E99/><V91/><AGARI ba="0,1" hai="2,3,11,14,19,44,48,52,83,87,91,98,100,107" machi="91" ten="20,18000,2" yaku="1,1,0,1,7,1,25,2,54,1,53,0" doraHai="120" doraHaiUra="16" who="2" fromWho="2" sc="264,-60,230,-60,256,190,240,-60" />
</Scene>
<Scene>
<INIT seed="2,1,0,4,2,53" ten="204,170,446,180" oya="2" hai0="108,98,62,113,87,92,26,42,76,31,37,14,82" hai1="6,86,134,117,1,130,13,45,22,9,56,89,126" hai2="132,119,21,10,8,65,29,81,105,135,75,4,58" hai3="55,50,110,73,97,131,43,32,0,120,129,36,127"/><V49/><F105/><W64/><G97/><T124/><D113/><U17/><E117/><V114/><F114/><W27/><G27/><T38/><D108/><U63/><E126/><V30/><F119/><W83/><G83/><T91/><D124/><U19/><E130/><V133/><F21/><W24/><G24/><T95/><D42/><U66/><E134/><V46/><F75/><W103/><G103/><T93/><D14/><U100/><E100/><V72/><F72/><W101/><G101/><T5/><D5/><U71/><E45/><V39/><F81/><W59/><G73/><T54/><D37/><U96/><E17/><V74/><F74/><W7/><G32/><T116/><D38/><U3/><E96/><V48/><F39/><W121/><G7/><T12/><D116/><U28/><E28/><N who="2" m="10859" /><F4/><W40/><G0/><T16/><D62/><U34/><E34/><V125/><F125/><W112/><G127/><T18/><D54/><U51/><E51/><N who="2" m="19531" /><F46/><N who="3" m="23815" /><G112/><T106/><D106/><U94/><E71/><V20/><F20/><W77/><G120/><T107/><D107/><U52/><E66/><V57/><F65/><W102/><G64/><T80/><D80/><U2/><AGARI ba="1,0" hai="1,2,3,6,9,13,19,22,52,56,63,86,89,94" machi="2" ten="20,5200,0" yaku="0,1,7,1,52,1,54,1" doraHai="53" who="1" fromWho="1" sc="204,-14,170,55,446,-27,180,-14" />
</Scene>
<Scene>
<INIT seed="3,0,0,4,5,69" ten="190,225,419,166" oya="3" hai0="27,96,101,18,24,91,85,60,115,82,59,50,15" hai1="8,11,30,94,74,80,40,3,67,89,35,107,130" hai2="75,124,131,121,19,55,77,110,113,76,49,31,61" hai3="44,65,95,72,5,135,23,51,134,28,119,108,14"/><W1/><G72/><T38/><D115/><U48/><E107/><V57/><F113/><W20/><G119/><T123/><D123/><U62/><E3/><V12/><F121/><W34/><G65/><T106/><D50/><U116/><E130/><V112/><F112/><W78/><G78/><T64/><REACH who="0" step="1"/><D38/><REACH who="0" ten="180,225,419,166" step="2"/><U45/><E116/><V37/><F49/><W32/><G108/><T17/><D17/><U68/><E30/><V126/><F19/><W26/><G51/><T54/><D54/><U2/><E48/><V41/><F55/><W10/><G44/><T71/><D71/><U25/><E45/><V93/><F37/><W79/><G79/><T9/><AGARI ba="0,1" hai="9,15,18,24,27,59,60,64,82,85,91,96,101,106" machi="9" ten="20,2700,0" yaku="1,1,0,1,7,1,53,0" doraHai="69" doraHaiUra="39" who="0" fromWho="0" sc="180,37,225,-7,419,-7,166,-13" />
</Scene>
<Scene>
<INIT seed="4,0,0,0,0,20" ten="217,218,412,153" oya="0" hai0="84,104,64,133,23,44,10,42,21,116,131,13,15" hai1="115,120,51,82,5,97,98,68,36,12,75,65,79" hai2="60,58,40,31,132,110,69,134,33,25,56,101,8" hai3="66,83,88,53,35,6,89,112,24,118,43,70,50"/><T87/><D116/><U105/><E36/><V121/><F110/><W93/><G118/><T22/><D104/><U99/><E120/><V95/><F121/><W19/><G112/><T46/><D133/><N who="2" m="51306" /><F40/><W86/><G6/><T29/><D131/><U38/><E38/><V26/><F8/><W41/><G70/><T48/><D64/><U32/><E32/><V39/><F39/><W103/><G66/><T74/><D74/><U62/><E115/><V119/><F119/><W85/><G103/><T71/><D71/><U127/><E127/><V117/><F117/><W47/><REACH who="3" step="1"/><G19/><REACH who="3" ten="217,218,412,143" step="2"/><T11/><D29/><AGARI ba="0,1" hai="24,29,35,41,43,47,50,53,83,85,86,88,89,93" machi="29" ten="40,8000,1" yaku="1,1,2,1,52,1,54,1,53,0" doraHai="20" doraHaiUra="73" who="3" fromWho="0" sc="217,-80,218,0,412,0,143,90" />
</Scene>
<Scene>
<INIT seed="5,0,0,3,3,64" ten="137,218,412,233" oya="1" hai0="3,24,13,35,133,127,86,106,132,125,45,11,123" hai1="109,76,18,32,34,57,107,30,22,49,33,119,21" hai2="103,58,78,36,56,26,38,134,73,8,97,92,91" hai3="63,50,43,104,85,111,128,122,31,10,87,17,75"/><U1/><E107/><V113/><F134/><N who="0" m="51818" /><D106/><U53/><E119/><V20/><F113/><W19/><G104/><T12/><D86/><U65/><E1/><V2/><F73/><W51/><G75/><T121/><D45/><U114/><E114/><V98/><F78/><W77/><G122/><N who="0" m="46603" /><D3/><U6/><E6/><V101/><F2/><W48/><G43/><T88/><D88/><U66/><E76/><V81/><F91/><W110/><G77/><T74/><D74/><U84/><E84/><V90/><F90/><W108/><G31/><N who="0" m="19943" /><D13/><U126/><E109/><V54/><F101/><W72/><G72/><T23/><D23/><U41/><E22/><V99/><F20/><W67/><G87/><T5/><AGARI ba="0,0" hai="5,11,12,125,127" m="19943,46603,51818" machi="5" ten="40,8000,1" yaku="20,1,13,1,34,2" doraHai="64" who="0" fromWho="0" sc="137,80,218,-40,412,-20,233,-20" />
</Scene>
<Scene>
<INIT seed="6,0,0,1,2,19" ten="217,178,392,213" oya="2" hai0="0,63,89,77,39,101,83,15,121,33,88,124,103" hai1="114,127,8,28,5,93,108,48,61,52,58,105,106" hai2="97,6,37,64,16,75,125,120,135,38,94,71,78" hai3="67,35,49,90,81,80,20,87,59,68,91,55,130"/><V29/><F94/><W18/><G35/><T34/><D0/><U43/><E108/><V57/><F57/><W110/><G110/><T24/><D121/><U51/><E127/><V66/><F97/><W47/><G130/><T107/><D39/><U46/><E114/><V100/><F66/><W41/><G68/><T13/><D124/><U26/><E93/><V118/><F78/><W9/><G67/><T60/><D107/><U3/><REACH who="1" step="1"/><E51/><REACH who="1" ten="217,168,392,213" step="2"/><V40/><F125/><W14/><G9/><T53/><D83/><N who="3" m="31817" /><G87/><T27/><D53/><U86/><E86/><V134/><F37/><W21/><G21/><AGARI ba="0,1" hai="3,5,8,21,26,28,43,46,48,52,58,61,105,106" machi="21" ten="30,12000,2" yaku="1,1,7,1,52,1,54,1,53,2" doraHai="19" doraHaiUra="102" who="1" fromWho="3" sc="217,0,168,130,392,0,213,-120" />
</Scene>
<Scene>
<INIT seed="7,0,0,2,5,57" ten="217,298,392,93" oya="3" hai0="2,98,9,49,119,55,100,87,112,31,24,33,44" hai1="7,65,79,28,128,53,56,93,122,34,115,82,94" hai2="130,50,75,10,23,109,61,41,15,47,135,71,63" hai3="38,108,17,11,101,123,127,106,80,126,48,13,96"/><W81/><G38/><T45/><D119/><U129/><E122/><V59/><F109/><W30/><G123/><T95/><D112/><U116/><E116/><V74/><F130/><N who="1" m="50281" /><E65/><V88/><F135/><W32/><G108/><T29/><D29/><U86/><E7/><V52/><F23/><W83/><REACH who="3" step="1"/><G48/><REACH who="3" ten="217,298,392,83" step="2"/><T125/><D49/><N who="1" m="30767" /><E115/><V114/><F114/><W67/><G67/><T18/><D125/><U73/><E73/><V51/><F74/><W66/><G66/><T92/><D55/><U85/><E85/><V14/><F75/><W5/><G5/><T90/><D87/><U89/><E86/><V91/><F51/><W25/><AGARI ba="0,1" hai="11,13,17,25,30,32,80,81,83,96,101,106,126,127" machi="25" ten="30,3000,0" yaku="1,1,0,1,53,0" doraHai="57" doraHaiUra="35" who="3" fromWho="3" sc="217,-10,298,-10,392,-10,83,40" />
</Scene>
<Scene>
<INIT seed="7,1,0,2,5,11" ten="207,288,382,123" oya="3" hai0="6,25,132,29,95,41,39,21,3,101,130,61,58" hai1="109,82,114,122,105,80,104,14,97,1,76,44,24" hai2="57,94,64,23,27,87,89,118,51,63,123,47,91" hai3="15,40,106,103,5,9,120,74,0,112,75,79,92"/><W19/><G120/><T124/><D124/><U90/><E1/><V115/><F118/><W22/><G112/><T93/><D132/><U37/><E109/><V78/><F115/><W117/><G117/><T125/><D125/><U133/><E133/><V33/><F33/><W43/><G106/><T81/><D130/><U4/><E122/><V12/><F123/><W83/><REACH who="3" step="1"/><G75/><REACH who="3" ten="207,288,382,113" step="2"/><T38/><D38/><U54/><E104/><V85/><F78/><W98/><AGARI ba="1,1" hai="0,5,9,15,19,22,40,43,74,79,83,92,98,103" machi="98" ten="30,12000,1" yaku="1,1,2,1,0,1,52,1,53,1" doraHai="11" doraHaiUra="77" who="3" fromWho="3" sc="207,-41,288,-41,382,-41,113,133" />
</Scene>
<Scene>
<INIT seed="7,2,0,0,0,98" ten="166,247,341,246" oya="3" hai0="108,62,107,22,41,90,112,133,121,28,76,74,18" hai1="46,0,115,80,72,86,51,7,15,3,58,129,77" hai2="135,23,40,6,14,45,120,65,93,123,24,109,12" hai3="110,92,88,8,99,56,68,83,37,10,102,127,26"/><W2/><G68/><T48/><D108/><U63/><E129/><V126/><F109/><W52/><G110/><T21/><D121/><N who="2" m="46666" /><F135/><W11/><G37/><T36/><D36/><U131/><E115/><V60/><F93/><N who="3" m="58735" /><G2/><T134/><D107/><U95/><E15/><V27/><F126/><W35/><G35/><T69/><D112/><U75/><E95/><V71/><F6/><W1/><G1/><T105/><D105/><U57/><E57/><V84/><F84/><N who="3" m="52231" /><G127/><T114/><D114/><U13/><E3/><V118/><F118/><W113/><G113/><T91/><D74/><U49/><E0/><V79/><F79/><W96/><G96/><T31/><D76/><U111/><E77/><V132/><F132/><W9/><G9/><T29/><D69/><U82/><E111/><V64/><F64/><W128/><G128/><T5/><D5/><U34/><E7/><V130/><F130/><W87/><G26/><N who="2" m="9769" /><F23/><W116/><G116/><T85/><D62/><U19/><E63/><V16/><F60/><N who="3" m="35847" /><G8/><T125/><D125/><U94/><E131/><V47/><F71/><W20/><G20/><T104/><D104/><U89/><E34/><V4/><F4/><W17/><G17/><T67/><D134/><U32/><E32/><V38/><F16/><W39/><G39/><T66/><D133/><U42/><E72/><V81/><F38/><W25/><G25/><T103/><D18/><U59/><E75/><V97/><F97/><W117/><G117/><T61/><D21/><N who="1" m="11503" /><E51/><V122/><F122/><W53/><G53/><T33/><D48/><U30/><E30/><RYUUKYOKU ba="2,0" sc="166,-15,247,15,341,-15,246,15" hai1="42,46,49,58,59,80,82,86,89,94" hai3="10,11,83,87" />
</Scene>
<Scene>
<INIT seed="7,3,0,5,0,129" ten="151,262,326,261" oya="3" hai0="9,124,5,46,40,101,60,111,45,39,90,116,6" hai1="78,125,115,33,59,65,83,4,76,88,100,61,68" hai2="23,25,102,70,93,32,17,10,131,35,75,98,19" hai3="97,12,126,56,91,44,69,29,26,120,7,107,128"/><W47/><G69/><T85/><D111/><U77/><E33/><V24/><F70/><W67/><G120/><T99/><D116/><U86/><E125/><V92/><F75/><W89/><G126/><T34/><D124/><U36/><E36/><V132/><F132/><W28/><G128/><T3/><D34/><U15/><E100/><V16/><F131/><W20/><G29/><T13/><D45/><N who="3" m="17481" /><G107/><T109/><D109/><U1/><E1/><V43/><F43/><W62/><G97/><T54/><D6/><U58/><E115/><V66/><F66/><W94/><G94/><T119/><D119/><U11/><AGARI ba="3,0" hai="4,11,15,58,59,61,65,68,76,77,78,83,86,88" machi="11" ten="30,2000,0" yaku="0,1,54,1" doraHai="129" who="1" fromWho="1" sc="151,-8,262,29,326,-8,261,-13" owari="143,-36.0,291,9.0,318,42.0,248,-15.0" />
</Scene>
</mjloggm>