<mjloggm ver="2.3"><GO type="169" lobby="0"/><UN n0="%E8%88%AC%E5%8D%93%E6%B0%91%E3%81%AE%E6%9C%9D%E3%81%AF%E6%97%A9%E3%81%84" n1="%E5%A4%AA%E3%81%8F%E3%81%AA%E3%81%84%E3%81%8A" n2="%6B%65%6E%79%61%30%31" n3="%E5%85%AC%E5%8B%99%E5%93%A1%E3%81%8F%E3%82%93" dan="16,17,16,16" rate="2075.99,2229.01,2106.03,2053.03" sx="F,M,M,M"/><TAIKYOKU oya="0"/>

<Scene>
<INIT seed="0,0,0,4,0,125" ten="250,250,250,250" oya="0" hai0="59,20,97,105,84,109,3,34,117,43,71,61,101" hai1="0,82,35,63,103,107,56,121,93,124,77,96,36" hai2="102,64,38,94,98,49,9,2,30,129,11,46,48" hai3="1,42,112,66,106,51,120,111,67,108,118,110,104"/><T6/><D117/><U50/><E36/><V73/><F73/><W27/><G1/><T89/><D34/><U114/><E121/><V72/><F72/><W80/><G112/><T40/><D71/><U75/><E124/><V8/><F2/><W85/><G118/><T17/><D6/><U126/><E126/><V12/><F38/><W10/><G120/><T14/><D109/><U135/><E0/><V19/><F30/><W76/><G10/><T21/><D21/><U23/><E35/><V116/><F116/><W57/><G27/><T13/><D14/><U25/><E50/><V70/><F70/><W5/><G5/><T81/><REACH who="0" step="1"/><D3/><REACH who="0" ten="240,250,250,250" step="2"/><U95/><E114/><V54/><F12/><W55/><REACH who="3" step="1"/><G42/><REACH who="3" ten="240,250,250,240" step="2"/><T29/><D29/><U119/><E119/><V53/><F8/><W91/><G91/><T133/><D133/><U128/><E135/><V24/><F9/><W134/><G134/><T15/><D15/><U39/><E25/><V86/><F11/><W7/><G7/><T68/><D68/><U22/><E22/><V92/><F24/><W131/><G131/><T113/><D113/><U130/><E23/><V88/><F129/><W32/><G32/><T28/><D28/><U41/><E128/><V87/><F19/><W79/><G79/><T31/><D31/><U90/><E130/><V69/><F69/><W115/><G115/><T83/><D83/><U33/><E33/><V132/><F132/><W44/><G44/><T99/><D99/><U58/><E90/><V100/><F88/><W123/><G123/><T74/><D74/><U16/><E75/><RYUUKYOKU ba="0,2" sc="240,15,250,-15,250,-15,240,15" hai0="13,17,20,40,43,59,61,81,84,89,97,101,105" hai3="51,55,57,66,67,76,80,85,104,106,108,110,111" />
</Scene>
<Scene>
<INIT seed="0,1,2,5,0,107" ten="255,235,235,255" oya="0" hai0="26,78,72,125,34,13,15,22,114,75,6,21,83" hai1="84,85,59,31,30,67,132,126,90,98,35,1,16" hai2="60,62,96,133,128,120,129,81,130,39,12,51,61" hai3="79,111,14,91,73,43,122,10,42,93,37,89,112"/><T76/><D114/><U66/><E1/><V119/><F39/><W88/><G112/><T134/><D34/><U40/><E126/><V18/><F120/><W68/><G68/><T94/><D125/><U77/><E132/><V52/><F133/><W32/><G32/><T54/><D134/><U70/><E70/><V80/><F96/><W104/><G104/><T103/><D103/><U45/><E35/><V102/><F102/><W69/><G69/><T92/><D6/><U53/><E98/><V48/><F119/><W29/><G37/><T20/><D54/><U127/><E127/><V33/><F33/><W49/><G29/><N who="1" m="10762" /><E45/><V19/><F52/><W41/><G111/><T105/><D105/><U5/><E5/><V47/><F47/><N who="3" m="25839" /><G73/><N who="0" m="28235" /><D83/><N who="2" m="31818" /><F19/><N who="3" m="8663" /><G122/><T110/><D26/><U101/><E101/><V4/><F4/><W50/><G79/><N who="0" m="30251" /><D110/><U58/><E53/><V8/><AGARI ba="1,2" hai="8,12,18,48,51,60,61,62,128,129,130" m="31818" machi="8" ten="40,1500,0" yaku="19,1" doraHai="107" who="2" fromWho="2" sc="255,-8,235,-5,235,38,255,-5" />
</Scene>
<Scene>
<INIT seed="1,0,0,5,1,19" ten="247,230,273,250" oya="1" hai0="50,25,75,133,46,9,130,131,97,70,41,69,18" hai1="132,51,6,8,84,73,48,102,58,103,81,88,112" hai2="68,109,96,92,1,28,95,27,100,135,10,53,45" hai3="67,4,77,23,120,12,123,7,29,5,91,105,79"/><U11/><E112/><V64/><F109/><W31/><G105/><T57/><D75/><U65/><E132/><V15/><F135/><W111/><G67/><T42/><D133/><U76/><E11/><V89/><F1/><W101/><G101/><T35/><D57/><U33/><E33/><V54/><F68/><W121/><G91/><T116/><D116/><U113/><E113/><V66/><F45/><W128/><G111/><T63/><D42/><U114/><E114/><V104/><F104/><W21/><G128/><T44/><D44/><U86/><E73/><V124/><F124/><W82/><G82/><T40/><D40/><U119/><E119/><V49/><F49/><N who="1" m="19017" /><E8/><V32/><F64/><W0/><G0/><T47/><D47/><U122/><E6/><V85/><F66/><W72/><G72/><T56/><D35/><U90/><E122/><V98/><F85/><W16/><REACH who="3" step="1"/><G23/><REACH who="3" ten="247,230,273,240" step="2"/><N who="0" m="13559" /><D9/><U34/><E34/><V80/><F80/><W94/><G94/><T52/><D97/><U74/><E74/><V26/><F32/><W83/><G83/><T20/><D20/><U13/><E86/><V134/><F134/><W38/><G38/><T87/><D87/><U59/><E65/><V118/><F118/><W2/><G2/><T61/><D130/><U115/><E115/><V22/><F27/><W36/><G36/><N who="0" m="21799" /><D131/><U60/><E102/><V110/><F110/><W39/><G39/><T99/><D99/><U117/><E103/><V78/><F78/><AGARI ba="0,1" hai="4,5,7,12,16,21,29,31,77,78,79,120,121,123" machi="78" ten="50,12000,2" yaku="1,1,52,1,54,1,53,3" doraHai="19" doraHaiUra="3" who="3" fromWho="2" sc="247,0,230,0,273,-120,240,130" />
</Scene>
<Scene>
<INIT seed="2,0,0,1,4,119" ten="247,230,153,370" oya="2" hai0="56,90,74,96,72,83,80,57,122,64,41,46,10" hai1="94,4,71,135,22,31,100,116,78,58,86,113,54" hai2="132,98,106,19,43,129,101,14,117,124,105,60,24" hai3="92,99,45,89,123,131,63,50,133,30,93,76,49"/><V121/><F117/><W134/><G131/><T55/><D122/><U48/><E116/><V73/><F129/><W13/><G76/><T68/><D74/><U126/><E71/><V97/><F132/><N who="3" m="50795" /><G30/><T2/><D68/><U11/><E113/><V66/><F73/><W69/><G13/><T12/><D2/><U1/><E135/><V51/><F124/><W40/><G93/><N who="0" m="56375" /><D72/><U75/><E75/><V62/><F24/><W82/><G82/><T114/><D114/><U67/><E67/><V127/><F127/><W79/><G79/><T111/><D64/><U118/><E118/><V37/><F37/><N who="3" m="21647" /><G123/><T36/><D36/><U21/><E126/><V33/><F33/><W125/><G125/><T29/><D29/><U115/><E115/><V15/><F121/><W0/><G0/><T3/><D3/><U77/><E31/><V20/><F14/><W120/><G120/><T103/><D103/><U104/><E104/><V25/><F15/><W95/><G95/><T88/><D41/><U130/><E130/><V109/><F109/><W44/><G44/><T32/><D32/><U38/><E77/><V85/><F85/><W27/><G27/><T102/><D111/><U112/><E112/><V6/><F6/><W108/><G108/><T8/><D12/><U28/><E28/><V52/><F43/><W42/><G42/><T110/><D110/><U128/><E128/><V81/><F81/><W91/><G91/><T9/><D102/><U70/><E1/><V65/><F106/><W39/><G39/><T47/><D80/><U59/><E38/><V17/><F105/><RYUUKYOKU ba="0,0" sc="247,-10,230,-10,153,-10,370,30" hai3="49,50,63,69,89,92,99" />
</Scene>
<Scene>
<INIT seed="3,1,0,0,3,2" ten="237,220,143,400" oya="3" hai0="25,86,38,23,97,127,110,112,131,132,126,130,90" hai1="19,62,108,65,50,67,4,29,41,16,28,106,109" hai2="95,35,104,56,123,89,49,60,27,114,37,42,31" hai3="88,116,3,20,80,44,9,71,122,120,57,1,94"/><W118/><G71/><T81/><D38/><U128/><E106/><V6/><F104/><W53/><G80/><T26/><D110/><N who="1" m="42603" /><E128/><N who="0" m="49193" /><D112/><U113/><E113/><V68/><F114/><W13/><G44/><T48/><D97/><U121/><E121/><V134/><F134/><W58/><G58/><T101/><D101/><U52/><E41/><V66/><F123/><W14/><G3/><T54/><D132/><U133/><E133/><V45/><F6/><N who="3" m="3255" /><G1/><T24/><D23/><U63/><E4/><V0/><F0/><W117/><G120/><T61/><D61/><N who="1" m="23051" /><E28/><V10/><F10/><W12/><G122/><T111/><D111/><U70/><E29/><V84/><REACH who="2" step="1"/><F37/><REACH who="2" ten="237,220,133,400" step="2"/><W119/><G119/><T64/><D64/><N who="1" m="24651" /><E70/><AGARI ba="1,1" hai="27,31,35,42,45,49,56,60,66,68,70,84,89,95" machi="70" ten="40,2600,0" yaku="1,1,53,1" doraHai="2" doraHaiUra="39" who="2" fromWho="1" sc="237,0,220,-29,133,39,400,0" />
</Scene>
<Scene>
<INIT seed="4,0,0,4,0,86" ten="237,191,172,400" oya="0" hai0="78,7,44,62,51,41,32,106,6,59,8,22,3" hai1="48,49,129,118,43,19,132,75,96,52,5,4,135" hai2="67,26,112,17,38,113,109,30,40,99,127,89,39" hai3="76,108,21,101,12,81,28,69,60,119,107,128,91"/><T124/><D32/><U37/><E75/><V64/><F109/><W15/><G28/><T79/><D106/><U114/><E118/><V126/><F17/><W121/><G21/><T42/><D124/><N who="2" m="47658" /><F99/><W53/><G53/><T20/><D41/><U120/><E120/><V84/><F64/><W61/><G61/><T55/><D6/><N who="1" m="2667" /><E129/><V77/><F67/><W18/><G60/><T133/><D133/><N who="1" m="51275" /><E114/><N who="2" m="44139" /><F77/><W16/><G76/><T54/><D78/><U13/><E96/><V31/><F40/><W83/><G18/><T88/><D79/><U110/><E110/><V63/><F31/><W85/><G16/><T123/><D123/><U100/><E100/><V34/><F63/><W47/><G108/><T98/><REACH who="0" step="1"/><D42/><REACH who="0" ten="227,191,172,400" step="2"/><U125/><E125/><V24/><F24/><W2/><G119/><T73/><D73/><U134/><E134/><V27/><F27/><W104/><G121/><T122/><D122/><U117/><E117/><V94/><AGARI ba="0,1" hai="26,30,34,38,39,84,89,94" m="44139,47658" machi="94" ten="30,4000,0" yaku="18,1,15,1,52,1" doraHai="86" who="2" fromWho="2" sc="227,-20,191,-10,172,50,400,-10" />
</Scene>
<Scene>
<INIT seed="5,0,0,3,1,107" ten="207,181,222,390" oya="1" hai0="114,43,54,18,34,89,36,71,128,111,48,88,102" hai1="40,29,19,49,106,10,94,5,12,64,7,30,133" hai2="103,91,78,9,74,8,90,93,25,77,46,86,31" hai3="105,15,53,110,97,37,123,100,66,6,81,16,39"/><U38/><E106/><V73/><F103/><W45/><G6/><N who="1" m="2058" /><E38/><V0/><F46/><W35/><G35/><T67/><D111/><U50/><E133/><V79/><F0/><W47/><G110/><T72/><D34/><U60/><E94/><V95/><F8/><W119/><G123/><T131/><D102/><U61/><E64/><V59/><F9/><W117/><G66/><T56/><D72/><U13/><E13/><V83/><F59/><W42/><G81/><T127/><D114/><U129/><E129/><N who="0" m="49737" /><D127/><U108/><E108/><V134/><F134/><W21/><REACH who="3" step="1"/><G53/><REACH who="3" ten="207,181,222,380" step="2"/><T87/><D67/><U55/><E40/><AGARI ba="0,1" hai="15,16,21,37,39,40,42,45,47,97,100,105,117,119" machi="40" ten="40,8000,1" yaku="1,1,2,1,9,1,54,1,53,0" doraHai="107" doraHaiUra="22" who="3" fromWho="1" sc="207,0,181,-80,222,0,380,90" />
</Scene>
<Scene>
<INIT seed="6,0,0,0,1,114" ten="207,101,222,470" oya="2" hai0="28,33,133,2,126,37,104,40,54,8,60,128,31" hai1="117,62,96,35,80,106,129,122,3,119,1,111,87" hai2="72,41,94,45,99,92,52,46,98,75,74,84,10" hai3="107,17,91,78,110,121,24,134,59,48,70,124,109"/><V16/><F84/><W64/><G107/><T23/><D104/><U112/><E35/><V81/><F81/><W89/><G91/><T20/><D37/><U7/><E111/><V66/><F66/><W108/><G17/><T19/><D40/><U27/><E112/><V93/><F41/><W125/><G24/><T85/><D85/><U113/><E113/><V44/><F52/><N who="3" m="32135" /><G89/><T11/><D60/><U83/><E27/><V67/><F67/><W47/><G78/><T38/><D38/><U58/><E129/><V82/><F82/><W77/><G77/><T100/><D54/><U76/><E83/><V130/><F130/><W29/><G29/><T30/><D100/><U57/><E57/><V116/><F116/><W22/><G22/><T88/><D88/><U69/><E69/><V73/><N who="2" m="18944" /><DORA hai="49" /><V51/><F51/><W12/><G12/><AGARI ba="0,0" hai="10,12,16,44,45,46,92,93,94,98,99" m="18944" machi="12" ten="80,12000,1" yaku="29,2,54,1" doraHai="114,49" who="2" fromWho="3" sc="207,0,101,0,222,120,470,-120" />
</Scene>
<Scene>
<INIT seed="6,1,0,2,0,101" ten="207,101,342,350" oya="2" hai0="42,118,55,78,44,107,117,6,49,121,61,77,19" hai1="39,73,88,67,21,71,18,40,124,24,106,38,104" hai2="125,112,113,110,82,47,109,8,93,58,53,95,11" hai3="63,85,34,35,108,90,128,26,129,65,126,122,52"/><V135/><F82/><N who="3" m="49463" /><G122/><T15/><D121/><U66/><E73/><V79/><F79/><W9/><G108/><N who="2" m="41577" /><F47/><W102/><G126/><T45/><D107/><U37/><E124/><V97/><F125/><W69/><G26/><T80/><D6/><U57/><E40/><V123/><F123/><W96/><G9/><N who="2" m="3657" /><F135/><W13/><G52/><T87/><D77/><U75/><E75/><V41/><F41/><W99/><G13/><T111/><D111/><U92/><E71/><V33/><F33/><N who="3" m="12299" /><G102/><T20/><D61/><U29/><E29/><V32/><F32/><W43/><G43/><T120/><D120/><U116/><E116/><N who="0" m="44649" /><D42/><U62/><REACH who="1" step="1"/><E67/><REACH who="1" ten="207,91,342,350" step="2"/><V46/><F53/><W10/><G65/><T76/><D78/><U14/><E14/><V133/><F133/><W50/><G69/><T25/><D15/><U89/><E89/><V59/><F46/><AGARI ba="1,1" hai="19,20,25,44,45,46,49,55,76,80,87" m="44649" machi="46" ten="30,1000,0" yaku="12,1" doraHai="101" who="0" fromWho="2" sc="207,23,91,0,342,-13,350,0" />
</Scene>
<Scene>
<INIT seed="7,0,0,3,2,72" ten="230,91,329,350" oya="3" hai0="45,90,42,43,115,50,49,121,132,47,96,113,64" hai1="20,135,3,114,36,65,40,10,73,101,74,55,88" hai2="133,13,67,2,58,112,117,59,32,125,11,107,92" hai3="52,37,38,57,109,128,118,124,17,46,85,22,97"/><W123/><G123/><T7/><D121/><U80/><E114/><N who="0" m="43529" /><D96/><U48/><E135/><V14/><F112/><W110/><G118/><T77/><D90/><U35/><E35/><V56/><F133/><W25/><G124/><T61/><D7/><U127/><E127/><V93/><F107/><W23/><G128/><T99/><D99/><U111/><E111/><N who="3" m="42506" /><G46/><N who="0" m="17419" /><D77/><U26/><E101/><V54/><F32/><W120/><G120/><T41/><D132/><U78/><E40/><V28/><F117/><W106/><G85/><T60/><D64/><U130/><E130/><V98/><F67/><W83/><G83/><T39/><D39/><U129/><E129/><V44/><F125/><W84/><G84/><T103/><D103/><U19/><E36/><V104/><F104/><W102/><G23/><T63/><AGARI ba="0,0" hai="41,42,43,49,50,60,61,63" m="17419,43529" machi="63" ten="40,12000,2" yaku="28,2,15,1,11,1,34,2" doraHai="72" who="0" fromWho="0" sc="230,120,91,-30,329,-30,350,-60" owari="350,45.0,61,-44.0,299,10.0,290,-11.0" />
</Scene>
</mjloggm>