<mjloggm ver="2.3"><GO type="169" lobby="0"/><UN n0="%E3%81%8A%E3%81%98%E3%81%95%E3%82%93" n1="%E3%82%B3%E3%83%BC%E3%83%A9%E4%B8%8B%E3%81%95%E3%81%84" n2="%E5%A4%AA%E3%81%8F%E3%81%AA%E3%81%84%E3%81%8A" n3="%E5%A4%A7%E6%AD%A3%E7%BE%A9%E9%87%8E%E7%90%83%E5%A8%98" dan="17,16,18,16" rate="2182.48,2114.16,2249.36,2127.73" sx="M,M,M,F"/><TAIKYOKU oya="0"/>

<Scene>
<INIT seed="0,0,0,5,4,117" ten="250,250,250,250" oya="0" hai0="12,66,43,104,13,72,82,69,9,57,96,85,18" hai1="91,68,79,130,35,114,77,92,65,7,17,34,110" hai2="118,81,113,33,83,75,55,71,134,21,131,88,11" hai3="48,61,107,16,133,29,86,119,125,26,23,67,24"/><T108/><D43/><U99/><E110/><V64/><F33/><W30/><G119/><T47/><D108/><U123/><E7/><V54/><F118/><W53/><G107/><T124/><D124/><U44/><E44/><V63/><F113/><W102/><G102/><T36/><D36/><U116/><E116/><V90/><F134/><W42/><G133/><T76/><D47/><U126/><E130/><V62/><F131/><W100/><G100/><T111/><D111/><U87/><E65/><V101/><F101/><W60/><G42/><T128/><D128/><U31/><E68/><V58/><F21/><W80/><G125/><T22/><D96/><U97/><E17/><V32/><F32/><W74/><G74/><T122/><D104/><U89/><E31/><N who="3" m="11786" /><G26/><T40/><D40/><U25/><E25/><V109/><F109/><W84/><G67/><T59/><D72/><U73/><E73/><V0/><F55/><W98/><G98/><T14/><D122/><U56/><E123/><V135/><F135/><W106/><G106/><T51/><D51/><U94/><E114/><V4/><REACH who="2" step="1"/><F75/><REACH who="2" ten="250,250,240,250" step="2"/><W28/><G28/><T3/><D66/><U132/><E132/><V37/><F37/><W50/><G50/><T93/><D22/><U78/><E126/><V19/><F19/><W115/><G115/><T103/><D18/><U41/><E41/><V95/><F95/><W121/><G121/><T129/><D129/><U70/><E35/><V105/><F105/><W49/><G49/><T46/><D93/><U20/><E34/><V5/><F5/><W6/><G48/><RYUUKYOKU ba="0,1" sc="250,-10,250,-10,240,30,250,-10" hai2="0,4,11,54,58,62,63,64,71,81,83,88,90" />
</Scene>
<Scene>
<INIT seed="1,1,1,5,0,64" ten="240,240,270,240" oya="1" hai0="94,115,93,90,113,10,41,101,98,77,86,118,130" hai1="74,37,66,97,30,127,131,128,20,99,42,48,87" hai2="40,55,122,68,70,125,110,43,135,126,29,63,104" hai3="109,91,117,45,51,15,106,73,123,88,26,36,39"/><U19/><E74/><V108/><F104/><W9/><G123/><T52/><D118/><U35/><E37/><V23/><F29/><W31/><G106/><T59/><D41/><N who="2" m="15946" /><F23/><W76/><G117/><T18/><D130/><N who="1" m="49707" /><E127/><N who="2" m="48651" /><F122/><W82/><G109/><N who="2" m="42089" /><F135/><W112/><G112/><T3/><D77/><U13/><E87/><V14/><F14/><W103/><G103/><T72/><D72/><U124/><E124/><V34/><F34/><W79/><G79/><T95/><D95/><U49/><E30/><V100/><F100/><W50/><G36/><T16/><D3/><U54/><E35/><V129/><F129/><W121/><G39/><T4/><D115/><U25/><E13/><V0/><F0/><W47/><G121/><T83/><D113/><U69/><E97/><V22/><F22/><W46/><G91/><T111/><D111/><U85/><E85/><V28/><F28/><W38/><G88/><T58/><D93/><U96/><E96/><V2/><F2/><W7/><REACH who="3" step="1"/><G38/><REACH who="3" ten="240,240,270,230" step="2"/><T116/><D116/><U17/><E99/><V1/><F1/><W60/><G60/><T6/><D90/><U114/><E114/><V132/><F132/><W57/><G57/><AGARI ba="1,2" hai="55,57,63,68,70" m="42089,48651,15946" machi="57" ten="40,12000,2" yaku="18,1,14,1,34,2,52,2" doraHai="64" who="2" fromWho="3" sc="240,0,240,0,270,143,230,-123" />
</Scene>
<Scene>
<INIT seed="2,0,0,3,0,80" ten="240,240,413,107" oya="2" hai0="94,117,121,103,105,109,128,90,112,1,59,108,71" hai1="47,87,0,95,110,91,85,8,74,20,27,61,99" hai2="14,25,23,69,5,135,57,77,3,96,49,88,126" hai3="30,40,32,111,133,127,51,6,68,37,86,76,28"/><V29/><F69/><W124/><G68/><T19/><D71/><U119/><E74/><V131/><F126/><N who="3" m="48171" /><G37/><T4/><D19/><U64/><E119/><V70/><F70/><W81/><G133/><T75/><D75/><U45/><E110/><V100/><F135/><W31/><G111/><T73/><D73/><U130/><E130/><V33/><F77/><W13/><G32/><T11/><D128/><U46/><E0/><V67/><F131/><W24/><G24/><T56/><D117/><U26/><E8/><V104/><F3/><W125/><N who="3" m="48179" /><W134/><DORA hai="35" /><G134/><T2/><D109/><U83/><E83/><V129/><F129/><W22/><G22/><T78/><D108/><U21/><E21/><V38/><F38/><W79/><G79/><T89/><D78/><U115/><E115/><V107/><F23/><W63/><G63/><T98/><D112/><U53/><E64/><V122/><F67/><W43/><G51/><T54/><D11/><AGARI ba="0,0" hai="6,11,13,28,30,31,40,43,76,81,86" m="48179" machi="11" ten="50,3200,0" yaku="18,1,52,1" doraHai="80,35" who="3" fromWho="0" sc="240,-32,240,0,413,0,107,32" />
</Scene>
<Scene>
<INIT seed="3,0,0,0,3,54" ten="208,240,413,139" oya="3" hai0="99,39,50,116,4,103,101,22,43,11,62,77,52" hai1="47,71,5,44,115,55,122,80,6,107,90,134,131" hai2="34,84,65,51,81,7,126,104,130,2,64,133,127" hai3="113,38,123,92,29,102,132,26,48,28,85,24,86"/><W13/><G113/><T78/><D116/><U41/><E71/><V25/><F104/><W120/><G38/><T121/><D121/><U108/><E108/><V9/><F133/><W88/><G132/><T42/><D39/><U93/><E107/><V18/><F130/><W33/><G102/><T35/><D35/><U36/><E122/><V129/><F129/><W3/><G3/><T114/><D114/><U56/><E47/><V57/><F51/><W45/><G85/><T69/><D22/><U105/><E105/><V8/><F8/><W40/><REACH who="3" step="1"/><G13/><REACH who="3" ten="208,240,413,129" step="2"/><T94/><D103/><U21/><E115/><V73/><F84/><W15/><G15/><T119/><D101/><U106/><E134/><V117/><F2/><W58/><G58/><T49/><D69/><U17/><E131/><V124/><F57/><W118/><G118/><T23/><D119/><U98/><E106/><V135/><F117/><W12/><G12/><T30/><D99/><U70/><E70/><V19/><F135/><W83/><G83/><T20/><D94/><U10/><E80/><V53/><F81/><W82/><G82/><T61/><D78/><U46/><E46/><V66/><F126/><W96/><G96/><T87/><D77/><U74/><E74/><V109/><F73/><W97/><G97/><T60/><D87/><U72/><E72/><V95/><F124/><W75/><G75/><T100/><D100/><U16/><E98/><V128/><F127/><W37/><G37/><T110/><D110/><U59/><E36/><V1/><F128/><W67/><G67/><T112/><D112/><RYUUKYOKU ba="0,1" sc="208,-10,240,-10,413,-10,129,30" hai3="24,26,28,29,33,40,45,48,86,88,92,120,123" />
</Scene>
<Scene>
<INIT seed="3,1,1,2,3,98" ten="198,230,403,159" oya="3" hai0="23,24,49,109,47,34,66,60,91,83,62,54,81" hai1="90,9,50,21,111,32,131,64,61,95,27,110,130" hai2="11,124,112,92,40,15,113,0,93,55,13,25,134" hai3="108,3,132,53,12,94,29,85,76,75,51,48,31"/><W89/><G3/><T33/><D109/><N who="1" m="41483" /><E32/><V35/><F40/><W86/><G108/><T56/><D62/><U133/><E9/><V36/><F36/><W104/><G75/><T17/><D34/><U97/><E50/><N who="3" m="18986" /><G104/><T59/><D33/><U38/><E38/><V107/><F107/><W2/><G2/><T5/><D5/><U42/><E42/><V99/><F0/><W14/><G132/><T84/><REACH who="0" step="1"/><D47/><REACH who="0" ten="188,230,403,159" step="2"/><U69/><E133/><V30/><F134/><W74/><G53/><T73/><D73/><U126/><E126/><V128/><F124/><W79/><G74/><T118/><D118/><U10/><E10/><V88/><F11/><W101/><G101/><T58/><D58/><U52/><E52/><V16/><F55/><W28/><G85/><T37/><D37/><U22/><E22/><V105/><F35/><W100/><G100/><T114/><D114/><U65/><E65/><V70/><F113/><W87/><G87/><T103/><D103/><U1/><E1/><V43/><F112/><W116/><G116/><T82/><AGARI ba="1,2" hai="17,23,24,49,54,56,59,60,66,81,82,83,84,91" machi="82" ten="20,8000,1" yaku="1,1,0,1,7,1,8,1,53,1" doraHai="98" doraHaiUra="44" who="0" fromWho="0" sc="188,103,230,-21,403,-21,159,-41" />
</Scene>
<Scene>
<INIT seed="4,0,0,0,4,125" ten="291,209,382,118" oya="0" hai0="14,127,63,46,112,38,91,98,76,28,35,54,3" hai1="44,103,75,82,58,113,90,97,118,124,107,56,34" hai2="33,13,104,93,92,59,11,106,117,89,123,74,99" hai3="45,80,40,53,31,128,96,133,9,115,43,132,81"/><T66/><D127/><U39/><E34/><V57/><F123/><W25/><G115/><T135/><D112/><U18/><E118/><V94/><F33/><W48/><G96/><T78/><D3/><U5/><E18/><V122/><F122/><W19/><G128/><T0/><D0/><U22/><E22/><V130/><F74/><W68/><G68/><T6/><D135/><N who="3" m="51785" /><G9/><T110/><D110/><U131/><E131/><V121/><F121/><W42/><G19/><T100/><D91/><U108/><E5/><V126/><F126/><W4/><G4/><T70/><D14/><U20/><E20/><AGARI ba="0,0" hai="20,25,31,40,42,43,45,48,53,80,81" m="51785" machi="20" ten="30,1000,0" yaku="20,1" doraHai="125" who="3" fromWho="1" sc="291,0,209,-10,382,0,118,10" />
</Scene>
<Scene>
<INIT seed="5,0,0,1,1,5" ten="291,199,382,128" oya="1" hai0="1,89,64,51,124,68,93,42,61,13,79,99,80" hai1="103,75,106,32,31,130,2,127,98,108,101,125,91" hai2="58,6,134,81,74,109,97,27,114,88,54,8,55" hai3="25,40,86,87,0,45,46,39,41,7,14,132,62"/><U71/><E71/><V15/><F109/><W100/><G0/><T129/><D1/><U28/><E2/><V57/><F134/><W52/><G132/><T76/><D124/><N who="1" m="47691" /><E32/><V12/><F114/><W67/><G100/><T126/><D126/><U113/><E113/><V90/><F27/><W107/><G107/><T44/><D129/><U65/><E65/><V77/><F15/><W135/><G135/><T56/><D80/><U118/><E118/><V116/><F116/><W117/><G117/><T30/><D30/><U43/><E43/><V60/><REACH who="2" step="1"/><F97/><REACH who="2" ten="291,199,372,128" step="2"/><W22/><G14/><T85/><D99/><U10/><E108/><V29/><F29/><W35/><G35/><T66/><D66/><U53/><E31/><V95/><F95/><W19/><G7/><T16/><REACH who="0" step="1"/><D68/><REACH who="0" ten="281,199,372,128" step="2"/><U120/><E28/><V48/><AGARI ba="0,2" hai="6,8,12,48,54,55,57,58,60,74,77,81,88,90" machi="48" ten="20,12000,2" yaku="1,1,0,1,7,1,52,1,54,1,53,1" doraHai="5" doraHaiUra="59" who="2" fromWho="2" sc="281,-30,199,-60,372,140,128,-30" />
</Scene>
<Scene>
<INIT seed="6,0,0,5,1,23" ten="251,139,512,98" oya="2" hai0="101,88,92,64,68,110,74,67,129,48,114,36,3" hai1="6,10,126,47,46,135,91,132,76,118,124,13,73" hai2="93,28,38,99,53,14,60,43,80,78,8,100,115" hai3="70,94,133,54,90,59,40,51,111,2,77,85,9"/><V27/><F115/><W97/><G111/><T1/><D48/><U125/><E118/><V123/><F123/><W22/><G70/><T19/><D88/><U82/><REACH who="1" step="1"/><E91/><REACH who="1" ten="251,129,512,98" step="2"/><V107/><F78/><W16/><G133/><AGARI ba="0,1" hai="6,10,13,46,47,73,76,82,124,125,126,132,133,135" machi="133" ten="50,8000,1" yaku="1,1,2,1,18,1,20,1,53,1" doraHai="23" doraHaiUra="5" who="1" fromWho="3" sc="251,0,129,90,512,0,98,-80" />
</Scene>
<Scene>
<INIT seed="7,0,0,2,1,48" ten="251,219,512,18" oya="3" hai0="87,123,1,74,116,131,61,0,119,51,75,97,65" hai1="69,39,18,122,35,38,44,113,94,106,76,134,125" hai2="72,133,120,107,78,98,21,2,71,101,104,14,54" hai3="45,15,110,36,8,83,124,13,114,79,77,22,111"/><W93/><G114/><T105/><D123/><U84/><E18/><V80/><F2/><N who="0" m="1130" /><D87/><U90/><E35/><V42/><F71/><W37/><G124/><T56/><D56/><U70/><E106/><V19/><F120/><W64/><G64/><T5/><D5/><U20/><E20/><V96/><F133/><W126/><G126/><T112/><D51/><U68/><E125/><V62/><F42/><N who="3" m="22727" /><G37/><T100/><D112/><U34/><E34/><V23/><F23/><W3/><G3/><T103/><D103/><U82/><E122/><V10/><F21/><W95/><G22/><T31/><D31/><U81/><E134/><V102/><F62/><W30/><G30/><T59/><D119/><U63/><E63/><V32/><F32/><W129/><G129/><T12/><D131/><U92/><E113/><V52/><AGARI ba="0,0" hai="10,14,19,52,54,72,78,80,96,98,101,102,104,107" machi="52" ten="30,8000,1" yaku="0,1,9,1,52,2,54,1" doraHai="48" who="2" fromWho="2" sc="251,-20,219,-20,512,80,18,-40" owari="231,3.0,199,-20.0,592,69.0,-22,-52.0" />
</Scene>
</mjloggm>