<mjloggm ver="2.3"><GO type="169" lobby="0"/><UN n0="%E3%81%AB%E3%81%9B%E6%82%9F%E7%A9%BA" n1="%E6%96%B0%E4%B8%96%E7%95%8C%E3%81%AE%E7%B4%99" n2="%E3%83%A9%E3%83%A0%E3%83%80%E3%81%95%E3%82%93" n3="%E5%A4%AA%E3%81%8F%E3%81%AA%E3%81%84%E3%81%8A" dan="16,17,17,17" rate="2032.08,2183.86,2172.39,2219.67" sx="M,M,M,M"/><TAIKYOKU oya="0"/>

<Scene>
<INIT seed="0,0,0,3,4,78" ten="250,250,250,250" oya="0" hai0="122,40,104,102,71,83,25,51,88,86,31,32,63" hai1="90,106,81,17,16,70,77,95,6,73,87,84,28" hai2="26,44,45,22,121,46,3,42,49,58,105,118,41" hai3="116,56,68,60,24,99,4,2,52,132,98,13,74"/><T76/><D122/><U114/><E114/><V62/><F121/><W130/><G116/><T15/><D104/><U100/><E70/><V128/><F3/><W5/><G2/><T37/><D102/><U7/><E28/><V134/><F105/><W92/><G74/><T48/><D37/><U129/><E129/><V8/><F118/><W120/><G120/><T53/><D40/><U18/><E87/><V135/><F8/><W10/><G130/><T97/><D15/><U103/><REACH who="1" step="1"/><E100/><REACH who="1" ten="250,240,250,250" step="2"/><V61/><F128/><W12/><G68/><T50/><D71/><U101/><E101/><V21/><F135/><W127/><G132/><T33/><D33/><U69/><E69/><V20/><F134/><W117/><G117/><T126/><D126/><U107/><E107/><V79/><F26/><W110/><G127/><T113/><D113/><U119/><E119/><V82/><F41/><W1/><G24/><T85/><D97/><AGARI ba="0,1" hai="6,7,16,17,18,73,77,81,84,90,95,97,103,106" machi="97" ten="40,8000,1" yaku="1,1,24,2,52,1,54,1,53,0" doraHai="78" doraHaiUra="59" who="1" fromWho="0" sc="250,-80,240,90,250,0,250,0" />
</Scene>
<Scene>
<INIT seed="1,0,0,5,3,111" ten="170,330,250,250" oya="1" hai0="61,25,39,66,63,102,30,96,4,28,59,33,6" hai1="64,125,81,124,74,36,92,21,108,75,72,112,22" hai2="41,1,107,94,82,110,32,37,48,3,98,118,116" hai3="56,65,76,132,113,13,55,12,79,129,35,131,34"/><U130/><E108/><V106/><F37/><W93/><G65/><T40/><D30/><U67/><E130/><N who="3" m="49674" /><G132/><T71/><D40/><U20/><E36/><V45/><F110/><W2/><G2/><T128/><D128/><U10/><E81/><V120/><F120/><W5/><G93/><T133/><D39/><U15/><E92/><V114/><F32/><N who="3" m="12331" /><G113/><T100/><D100/><U8/><E112/><V109/><F109/><W54/><G5/><T69/><D133/><U47/><E47/><V80/><F114/><W17/><G13/><T11/><D11/><N who="1" m="4139" /><E15/><V119/><F1/><W53/><G56/><T85/><D85/><U78/><E78/><N who="3" m="29738" /><G12/><T49/><D49/><U97/><E97/><V42/><F3/><W62/><G62/><T38/><D38/><U134/><E134/><V126/><F82/><W19/><AGARI ba="0,0" hai="17,19,53,54,55" m="29738,12331,49674" machi="19" ten="40,5200,0" yaku="28,2,19,1" doraHai="111" who="3" fromWho="3" sc="170,-13,330,-26,250,-13,250,52" />
</Scene>
<Scene>
<INIT seed="2,0,0,0,5,67" ten="157,304,237,302" oya="2" hai0="68,62,89,11,87,130,45,124,9,127,107,13,61" hai1="103,117,12,22,18,106,72,134,85,118,1,81,41" hai2="6,0,78,51,57,66,7,63,52,128,33,25,94" hai3="65,108,102,59,91,93,46,82,98,20,99,77,16"/><V129/><F78/><W131/><G108/><T29/><D107/><U37/><E72/><V74/><F74/><W4/><G131/><N who="2" m="50249" /><F0/><W88/><G4/><T48/><D130/><U3/><E134/><V121/><F121/><W53/><G46/><T115/><D115/><U105/><E3/><V110/><F110/><W76/><G65/><N who="0" m="41007" /><D62/><U2/><E2/><V15/><F15/><N who="3" m="9247" /><G98/><T123/><D123/><U83/><E1/><V36/><F36/><W96/><G99/><T24/><D48/><U71/><E12/><V114/><F114/><W90/><G82/><N who="0" m="49399" /><D45/><U47/><E47/><V122/><F122/><W14/><G14/><T75/><D75/><U84/><E37/><V95/><F25/><W50/><AGARI ba="0,0" hai="50,53,59,76,77,88,90,91,93,96,102" m="9247" machi="50" ten="30,4000,0" yaku="8,1,54,2" doraHai="67" who="3" fromWho="3" sc="157,-10,304,-10,237,-20,302,40" />
</Scene>
<Scene>
<INIT seed="3,0,0,0,4,75" ten="147,294,217,342" oya="3" hai0="105,27,62,47,79,16,10,89,111,118,65,109,48" hai1="103,33,4,122,64,38,125,56,106,22,39,3,43" hai2="130,12,73,102,2,112,104,29,123,86,35,30,107" hai3="116,68,7,124,54,5,11,57,96,45,69,121,99"/><W120/><G45/><T81/><D105/><U66/><E33/><V84/><F73/><W1/><G116/><T83/><D118/><U40/><E103/><V23/><F2/><W60/><G124/><T94/><D65/><N who="1" m="25195" /><E4/><V115/><F35/><W77/><G5/><T31/><D62/><U119/><E22/><V108/><F108/><N who="0" m="41546" /><D83/><U37/><E3/><V17/><F130/><W126/><G126/><T85/><D31/><U67/><E106/><V72/><F72/><W70/><REACH who="3" step="1"/><G77/><REACH who="3" ten="147,294,217,332" step="2"/><T93/><D79/><U58/><E125/><V95/><F115/><W101/><G101/><T6/><D6/><U49/><E119/><V52/><F112/><W25/><G25/><T90/><D90/><U46/><E122/><AGARI ba="0,1" hai="1,7,11,54,57,60,68,69,70,96,99,120,121,122" machi="122" ten="50,4800,0" yaku="1,1,53,1" doraHai="75" doraHaiUra="53" who="3" fromWho="1" sc="147,0,294,-48,217,0,332,58" />
</Scene>
<Scene>
<INIT seed="3,1,0,4,3,1" ten="147,246,217,390" oya="3" hai0="64,48,105,92,119,57,13,47,126,121,62,2,124" hai1="100,68,127,66,32,84,67,76,120,135,77,17,39" hai2="44,28,115,33,106,41,22,5,101,12,65,31,109" hai3="70,43,9,132,99,71,90,89,50,3,61,104,63"/><W8/><G132/><T15/><D105/><U42/><E120/><V86/><F115/><W52/><G43/><T95/><D2/><U118/><E32/><V40/><F109/><W54/><G3/><T59/><D121/><U51/><E39/><V91/><F65/><W129/><G104/><T130/><D119/><U87/><E127/><N who="0" m="48681" /><D130/><U94/><E135/><V107/><F33/><W79/><G50/><T21/><D59/><U69/><E118/><V29/><F41/><W98/><REACH who="3" step="1"/><G79/><REACH who="3" ten="147,246,217,380" step="2"/><T88/><D48/><U102/><E51/><V55/><F40/><W93/><G93/><T7/><D95/><U103/><E42/><V27/><F107/><W78/><G78/><T35/><D92/><U14/><E94/><V58/><F106/><W82/><G82/><T30/><D88/><U0/><E0/><V24/><F91/><W46/><G46/><T25/><D47/><U131/><E77/><V133/><F44/><W20/><G20/><T45/><D45/><U110/><E76/><V6/><F133/><W23/><G23/><T16/><D15/><U122/><E122/><V81/><F12/><W18/><G18/><T80/><D80/><U134/><E134/><V83/><F83/><W111/><G111/><T19/><D19/><U113/><E110/><V123/><F123/><W85/><G85/><T114/><D114/><U128/><E113/><V38/><F22/><W36/><G36/><T49/><D49/><U75/><E102/><V53/><F101/><W108/><G108/><T37/><D37/><U60/><E100/><V26/><F38/><W97/><G97/><RYUUKYOKU ba="1,1" sc="147,15,246,-15,217,-15,380,15" hai0="7,13,16,21,25,30,35,57,62,64" hai3="8,9,52,54,61,63,70,71,89,90,98,99,129" />
</Scene>
<Scene>
<INIT seed="3,2,1,2,0,13" ten="162,231,202,395" oya="3" hai0="116,108,6,63,11,119,29,120,79,28,127,71,48" hai1="123,46,38,131,47,107,110,20,8,43,67,102,41" hai2="1,105,125,58,88,81,40,113,134,51,34,24,54" hai3="45,84,66,115,135,114,25,27,132,101,60,98,31"/><W111/><G84/><T126/><D79/><U35/><E35/><V26/><F113/><W64/><G45/><T99/><D71/><U16/><E123/><V92/><F105/><W124/><G124/><N who="0" m="47659" /><D63/><U62/><E110/><V56/><F125/><W129/><G129/><T14/><D99/><U104/><E131/><V2/><F134/><N who="3" m="51243" /><G111/><T95/><D95/><U19/><E102/><V9/><F40/><W121/><G121/><T3/><D48/><U122/><E122/><V117/><F117/><N who="0" m="45130" /><D120/><U44/><E8/><V90/><F81/><W49/><G49/><T0/><D108/><U22/><E62/><V100/><F100/><W80/><G80/><T59/><D59/><U130/><E130/><V10/><F92/><N who="3" m="58567" /><G66/><T87/><D87/><U112/><E67/><V50/><F34/><W52/><G52/><AGARI ba="2,1" hai="1,2,9,10,24,26,50,51,52,54,56,58,88,90" machi="52" ten="25,6400,0" yaku="22,2,54,2" doraHai="13" who="2" fromWho="3" sc="162,0,231,0,202,80,395,-70" />
</Scene>
<Scene>
<INIT seed="4,0,0,5,3,30" ten="162,231,282,325" oya="0" hai0="14,59,44,60,80,84,3,118,69,111,5,121,94" hai1="43,57,11,55,48,67,2,79,127,56,8,6,34" hai2="70,128,42,4,46,105,74,28,104,40,25,106,96" hai3="135,131,49,120,52,109,15,110,133,58,51,125,130"/><T122/><D118/><U117/><E117/><V98/><F74/><W82/><G82/><T20/><D3/><U71/><E127/><V100/><F70/><W87/><G87/><T101/><D69/><U0/><E79/><V93/><F128/><N who="3" m="49195" /><G15/><T12/><D111/><N who="3" m="42505" /><G120/><T83/><D44/><U13/><E71/><V81/><F81/><W53/><G125/><T112/><D112/><U17/><E43/><V89/><F4/><W32/><G32/><T1/><D1/><U63/><REACH who="1" step="1"/><E2/><REACH who="1" ten="162,221,282,325" step="2"/><V18/><F42/><W35/><G35/><AGARI ba="0,1" hai="0,6,8,11,13,17,34,35,48,55,56,57,63,67" machi="35" ten="40,8000,1" yaku="1,1,2,1,52,2,53,1" doraHai="30" doraHaiUra="47" who="1" fromWho="3" sc="162,0,221,90,282,0,325,-80" />
</Scene>
<Scene>
<INIT seed="5,0,0,2,0,92" ten="162,311,282,245" oya="1" hai0="120,70,21,66,86,76,69,127,99,25,35,23,72" hai1="28,62,75,96,97,63,34,17,125,116,132,115,12" hai2="49,126,33,46,61,91,121,104,42,131,80,107,118" hai3="5,65,1,88,68,134,67,78,24,26,77,45,41"/><U54/><E116/><V74/><F118/><W4/><G134/><T81/><D120/><U79/><E132/><V36/><F121/><W48/><G68/><T59/><D127/><U6/><E125/><V3/><F126/><W22/><G1/><T103/><D35/><U39/><E39/><V102/><F33/><W87/><G77/><T89/><D21/><U50/><E6/><N who="3" m="2666" /><G78/><T90/><D90/><U18/><E115/><V31/><F3/><W29/><G26/><T37/><D37/><U57/><E34/><V52/><F31/><W71/><G71/><T130/><D130/><U0/><E0/><V47/><F131/><W56/><G56/><T58/><D58/><U94/><E28/><V100/><F61/><N who="1" m="23049" /><E75/><V32/><F32/><W44/><G44/><T64/><D59/><U110/><E110/><V85/><REACH who="2" step="1"/><F74/><REACH who="2" ten="162,311,272,245" step="2"/><W105/><G105/><AGARI ba="0,1" hai="36,42,46,47,49,52,80,85,91,100,102,104,105,107" machi="105" ten="40,5200,0" yaku="1,1,2,1,54,1,53,0" doraHai="92" doraHaiUra="129" who="2" fromWho="3" sc="162,0,311,0,272,62,245,-52" />
</Scene>
<Scene>
<INIT seed="6,0,0,0,4,57" ten="162,311,334,193" oya="2" hai0="32,133,89,65,19,121,34,49,118,41,11,117,25" hai1="64,112,77,24,93,109,76,87,102,14,110,132,86" hai2="37,63,74,83,69,126,30,26,98,4,105,1,55" hai3="52,97,15,31,72,81,92,94,28,62,2,35,129"/><V108/><F126/><W100/><G2/><T123/><D65/><U9/><E112/><V70/><F37/><W38/><G38/><T17/><D89/><U78/><E132/><V36/><F36/><W40/><G129/><T46/><D133/><U125/><E125/><V101/><F108/><W51/><G35/><N who="0" m="13355" /><D49/><U5/><E109/><V10/><F55/><W128/><G128/><T47/><D41/><U20/><E110/><V88/><F63/><W90/><G72/><T66/><D66/><U111/><E111/><V67/><F67/><W79/><G79/><T53/><D53/><U59/><E102/><V3/><F3/><W114/><G81/><T18/><D25/><U58/><E93/><V39/><F39/><W127/><G127/><T21/><D21/><U0/><E58/><V13/><F13/><W91/><G114/><T106/><D106/><U122/><E0/><V33/><REACH who="2" step="1"/><F88/><REACH who="2" ten="162,311,324,193" step="2"/><N who="3" m="33835" /><G15/><T96/><D96/><U107/><E14/><V75/><F75/><W135/><G135/><T134/><D134/><U99/><E99/><V68/><F68/><W131/><G131/><T23/><D23/><U50/><E20/><V12/><F12/><W42/><G62/><T115/><D115/><U73/><E73/><V22/><F22/><W45/><G94/><T85/><D11/><U82/><E9/><V120/><F120/><N who="0" m="46154" /><D85/><U56/><E87/><V95/><F95/><W29/><AGARI ba="0,1" hai="28,29,31,40,42,45,51,52,92,97,100" m="33835" machi="29" ten="30,4000,0" yaku="8,1,54,2" doraHai="57" who="3" fromWho="3" sc="162,-10,311,-10,324,-20,193,50" />
</Scene>
<Scene>
<INIT seed="7,0,0,4,1,22" ten="152,301,304,243" oya="3" hai0="105,32,48,44,113,4,89,98,64,23,123,37,107" hai1="34,58,60,114,19,8,129,81,68,117,70,6,38" hai2="102,120,130,108,92,76,122,94,78,67,59,82,72" hai3="31,9,47,52,66,1,7,84,75,51,15,40,35"/><W116/><G75/><T121/><D32/><U65/><E38/><V57/><F108/><W56/><G116/><T49/><D37/><U85/><E117/><V133/><F130/><W12/><G66/><T96/><D64/><U69/><E129/><V55/><F133/><W18/><G18/><T16/><D4/><U11/><E34/><V100/><F67/><W33/><G33/><T62/><D62/><U17/><E114/><V83/><F55/><W118/><G118/><T26/><D113/><U87/><E87/><V10/><F10/><W0/><G15/><T131/><D131/><U91/><REACH who="1" step="1"/><E11/><REACH who="1" ten="152,291,304,243" step="2"/><V132/><F132/><W21/><G35/><T46/><D89/><U90/><E90/><V61/><F61/><W135/><G135/><T2/><D23/><U63/><E63/><V111/><F111/><W3/><G84/><T109/><D109/><U128/><E128/><V126/><F126/><W71/><G71/><T74/><D74/><AGARI ba="0,1" hai="57,59,72,74,76,78,82,83,92,94,100,102,120,122" machi="74" ten="25,1600,0" yaku="22,2" doraHai="22" who="2" fromWho="0" sc="152,-16,291,0,304,26,243,0" owari="136,-36.0,291,9.0,330,43.0,243,-16.0" />
</Scene>
</mjloggm>