<mjloggm ver="2.3"><GO type="169" lobby="0"/><UN n0="%66%75%6B%75%30%32" n1="%E6%99%AE%E8%B3%A2" n2="%E5%A4%AA%E3%81%8F%E3%81%AA%E3%81%84%E3%81%8A" n3="%E3%82%89%E3%81%8F%E3%81%A0%EF%BC%90%EF%BC%91%EF%BC%90%EF%BC%99" dan="16,16,18,16" rate="2046.30,2084.22,2183.55,2113.44" sx="M,F,M,M"/><TAIKYOKU oya="0"/>

<Scene>
<INIT seed="0,0,0,4,1,11" ten="250,250,250,250" oya="0" hai0="73,42,6,121,55,97,43,41,120,79,10,85,16" hai1="135,91,3,20,134,116,106,7,22,61,111,84,81" hai2="74,27,31,28,122,25,36,72,12,51,35,109,21" hai3="128,96,50,129,29,99,108,95,98,62,5,103,26"/><T102/><D73/><U46/><E116/><V2/><F36/><W9/><G108/><T24/><D55/><U38/><E106/><V132/><F122/><W104/><G50/><T112/><D112/><U130/><E130/><N who="3" m="50282" /><G62/><T101/><D101/><U117/><E117/><V47/><F2/><N who="3" m="183" /><G104/><T0/><D85/><U123/><E61/><V53/><F109/><W39/><G39/><T77/><D121/><U58/><E123/><V33/><REACH who="2" step="1"/><F132/><REACH who="2" ten="250,250,240,250" step="2"/><W76/><G76/><T13/><D120/><U37/><E38/><V49/><F49/><W89/><G103/><T60/><D60/><U78/><E37/><V15/><F15/><W67/><G67/><T93/><REACH who="0" step="1"/><D24/><REACH who="0" ten="240,250,240,250" step="2"/><U80/><E134/><V45/><F45/><W113/><G113/><T14/><D14/><U107/><E135/><V4/><F4/><W124/><G124/><T63/><D63/><U110/><E110/><V66/><F66/><W70/><G70/><T34/><D34/><AGARI ba="0,2" hai="26,29,34,89,95,96,98,99" m="183,50282" machi="34" ten="30,1000,0" yaku="19,1" doraHai="11" who="3" fromWho="0" sc="240,-10,250,0,240,0,250,30" />
</Scene>
<Scene>
<INIT seed="1,0,0,4,5,8" ten="230,250,240,280" oya="1" hai0="63,44,104,70,34,114,19,106,115,67,101,27,53" hai1="92,110,73,62,69,30,11,55,71,15,31,2,109" hai2="36,64,95,41,4,40,102,39,16,86,116,24,54" hai3="3,20,129,87,118,130,37,126,42,58,132,93,5"/><U52/><E73/><V119/><F64/><W25/><G118/><T107/><D101/><U103/><E2/><V59/><F4/><W61/><G132/><T0/><D0/><U33/><E103/><V13/><F24/><W51/><G37/><T111/><D111/><N who="1" m="42507" /><E92/><V22/><F39/><W122/><G122/><T88/><D88/><U76/><E76/><V38/><F38/><W7/><G126/><T91/><D91/><U9/><E9/><V18/><F18/><N who="3" m="12439" /><G3/><T108/><D108/><U94/><E94/><V131/><F131/><W23/><G23/><T77/><D77/><U28/><E33/><V127/><F127/><W56/><G56/><T47/><D47/><U48/><E62/><V68/><F102/><W96/><G87/><T98/><D98/><U125/><E125/><V117/><F86/><W75/><G75/><T89/><D89/><U6/><E55/><V32/><F32/><W26/><G130/><T97/><D97/><U10/><E10/><V46/><F95/><W85/><G129/><T83/><D83/><U90/><E90/><V72/><F72/><W43/><G85/><T12/><D107/><U84/><E84/><V80/><F80/><W49/><G93/><T99/><D99/><U60/><E60/><V124/><F124/><W134/><G96/><T100/><D100/><U79/><E79/><V65/><F54/><W74/><G61/><N who="0" m="40303" /><D106/><U78/><E78/><V17/><F65/><W35/><G74/><T128/><D104/><U82/><E82/><V81/><F81/><W45/><G35/><T29/><D128/><U133/><E133/><RYUUKYOKU ba="0,0" sc="230,-10,250,30,240,-10,280,-10" hai1="6,11,15,28,30,31,48,52,69,71" />
</Scene>
<Scene>
<INIT seed="1,1,0,5,1,50" ten="220,280,230,270" oya="1" hai0="108,52,92,25,94,41,13,37,83,49,26,28,116" hai1="59,120,45,113,23,0,80,6,53,119,91,58,101" hai2="17,61,7,2,103,43,109,123,106,40,122,21,36" hai3="1,44,111,54,68,118,76,66,65,22,51,89,131"/><U73/><E119/><V4/><F109/><W29/><G1/><T97/><D108/><U99/><E120/><V95/><F106/><W75/><G118/><T81/><D116/><U128/><E113/><V90/><F103/><W18/><G111/><T130/><D130/><U78/><E128/><V126/><F126/><W114/><G114/><T46/><D13/><U129/><E129/><V67/><F123/><W135/><G131/><T62/><D94/><U8/><E23/><V77/><F77/><W42/><G135/><T107/><D107/><U127/><E127/><V57/><F122/><W82/><G68/><T31/><D62/><U121/><E91/><V102/><F102/><W16/><G89/><N who="0" m="55439" /><D41/><N who="2" m="15946" /><F36/><W11/><G29/><N who="0" m="11339" /><D37/><U15/><E0/><V125/><F125/><W132/><G132/><T64/><D64/><U48/><REACH who="1" step="1"/><E121/><REACH who="1" ten="220,270,230,270" step="2"/><V98/><F2/><W19/><G22/><T134/><D134/><U12/><E12/><AGARI ba="1,1" hai="4,7,12,17,21,57,61,67,90,95,98" m="15946" machi="12" ten="30,1000,0" yaku="8,1" doraHai="50" who="2" fromWho="1" sc="220,0,270,-13,230,23,270,0" />
</Scene>
<Scene>
<INIT seed="2,0,0,3,2,76" ten="220,257,253,270" oya="2" hai0="2,22,47,105,26,99,54,129,51,59,109,53,33" hai1="92,115,13,119,77,45,120,65,73,15,100,29,40" hai2="84,10,71,55,7,12,21,90,43,107,44,113,11" hai3="70,118,85,127,61,14,102,89,32,34,78,24,134"/><V5/><F113/><W86/><G118/><T1/><D33/><U116/><E115/><V72/><F72/><W87/><G134/><T3/><D109/><U27/><E120/><V67/><F107/><W88/><G127/><T122/><D122/><U80/><E65/><V130/><F130/><W124/><G124/><T93/><D105/><U8/><E100/><V101/><F101/><W19/><G102/><T16/><D129/><U23/><E92/><V135/><F135/><W0/><G0/><T94/><REACH who="0" step="1"/><D99/><REACH who="0" ten="210,257,253,270" step="2"/><U114/><E114/><V60/><F21/><N who="3" m="13375" /><G32/><T20/><D20/><U74/><E119/><V112/><F112/><W42/><G34/><T6/><D6/><U17/><E116/><V31/><F7/><W41/><G78/><T49/><AGARI ba="0,1" hai="1,2,3,16,22,26,47,49,51,53,54,59,93,94" machi="49" ten="40,5200,0" yaku="1,1,0,1,54,1,53,0" doraHai="76" doraHaiUra="63" who="0" fromWho="0" sc="210,62,257,-13,253,-26,270,-13" />
</Scene>
<Scene>
<INIT seed="3,0,0,0,0,24" ten="272,244,227,257" oya="3" hai0="75,98,58,132,14,96,48,111,87,129,35,102,107" hai1="72,92,119,19,80,39,120,20,116,59,45,93,5" hai2="76,43,33,110,54,104,26,66,108,2,67,82,38" hai3="112,73,84,97,64,128,100,127,52,78,18,29,27"/><W37/><G112/><T36/><D36/><U122/><E5/><V86/><F104/><W118/><G73/><T131/><D75/><U117/><E59/><V8/><F43/><W91/><G37/><T130/><D111/><N who="2" m="42538" /><F38/><W95/><G118/><T46/><D132/><U69/><E69/><V106/><F106/><W77/><G128/><T65/><D35/><U10/><E10/><V94/><F54/><W40/><G40/><N who="0" m="24647" /><D96/><U50/><E39/><V4/><F94/><N who="1" m="36457" /><E80/><V103/><F103/><W121/><G127/><T88/><D14/><N who="1" m="9335" /><E72/><V70/><F70/><W34/><G121/><T60/><D87/><U44/><E44/><V1/><F1/><W42/><G42/><AGARI ba="0,0" hai="42,45,50,116,117,119,120,122" m="9335,36457" machi="42" ten="30,1000,0" yaku="12,1" doraHai="24" who="1" fromWho="3" sc="272,0,244,10,227,0,257,-10" />
</Scene>
<Scene>
<INIT seed="4,0,0,2,1,21" ten="272,254,227,247" oya="0" hai0="43,29,110,100,41,66,122,101,12,90,113,38,39" hai1="125,80,63,42,14,46,10,9,96,86,105,82,54" hai2="73,132,8,123,84,102,99,47,98,36,133,67,77" hai3="103,23,112,79,48,83,15,135,81,37,35,50,6"/><T19/><D122/><U33/><E125/><V117/><F67/><W116/><G35/><T78/><D113/><U30/><E63/><V0/><F123/><W31/><G37/><T72/><D110/><U74/><E74/><V49/><F36/><W104/><G116/><T7/><D39/><U55/><E42/><V128/><F73/><W118/><G118/><T131/><D131/><U109/><E109/><V89/><F77/><W120/><G120/><T85/><D66/><U60/><E60/><V134/><F117/><W17/><G112/><T115/><D7/><U69/><E69/><V108/><F108/><W68/><G68/><T4/><D4/><U24/><E82/><N who="2" m="49303" /><F128/><W45/><G135/><T91/><D72/><U64/><E64/><V61/><F61/><W62/><G62/><T26/><D78/><U32/><E32/><V126/><F126/><W13/><G31/><T11/><D91/><U130/><E130/><V16/><F102/><N who="0" m="39530" /><D38/><U111/><E111/><V51/><F0/><W114/><G114/><T94/><D115/><U34/><E34/><V59/><F59/><W129/><G103/><T22/><AGARI ba="0,0" hai="11,12,19,22,26,29,41,43,85,90,94" m="39530" machi="22" ten="30,3000,0" yaku="8,1,52,1" doraHai="21" who="0" fromWho="0" sc="272,30,254,-10,227,-10,247,-10" />
</Scene>
<Scene>
<INIT seed="4,1,0,2,1,45" ten="302,244,217,237" oya="0" hai0="78,120,62,24,18,80,0,82,20,35,66,21,86" hai1="26,83,88,55,51,85,92,69,91,43,74,53,111" hai2="103,40,81,126,104,30,95,123,38,64,1,119,121" hai3="93,5,12,65,132,134,16,56,54,27,135,19,97"/><T75/><D0/><U44/><E111/><V41/><F104/><W130/><G130/><T25/><D120/><U79/><E69/><V48/><F38/><W32/><G65/><T47/><D35/><U118/><E118/><V31/><F1/><W124/><G124/><T105/><D105/><U96/><REACH who="1" step="1"/><E26/><REACH who="1" ten="302,234,217,237" step="2"/><V89/><F119/><W29/><G12/><T6/><D25/><U59/><E59/><V46/><F123/><W4/><G4/><T70/><D6/><U3/><E3/><V84/><F121/><W39/><G5/><T122/><D122/><U106/><E106/><V129/><F126/><W14/><G14/><T99/><D24/><U61/><E61/><V128/><F129/><W77/><G77/><T49/><D78/><U22/><E22/><V101/><F128/><W60/><REACH who="3" step="1"/><G39/><REACH who="3" ten="302,234,217,227" step="2"/><T115/><D70/><U113/><E113/><V94/><F64/><W42/><G42/><T28/><D66/><U109/><E109/><V8/><F41/><W37/><G37/><T67/><D67/><U90/><E90/><AGARI ba="1,2" hai="16,19,27,29,32,54,56,60,90,93,97,132,134,135" machi="90" ten="40,5200,0" yaku="1,1,20,1,54,1,53,0" doraHai="45" doraHaiUra="33" who="3" fromWho="1" sc="302,0,234,-55,217,0,227,75" />
</Scene>
<Scene>
<INIT seed="5,0,0,4,0,72" ten="302,179,217,302" oya="1" hai0="103,104,122,40,8,115,35,79,132,73,89,101,99" hai1="68,30,77,58,37,47,94,127,91,133,3,2,87" hai2="48,11,17,119,21,25,18,65,125,0,28,76,34" hai3="111,29,49,46,82,108,5,93,135,24,124,41,50"/><U16/><E68/><V7/><F119/><W10/><G124/><T69/><D35/><U126/><E30/><V9/><F125/><N who="1" m="47625" /><E133/><V98/><F65/><W129/><G135/><T92/><D132/><U114/><E114/><V39/><F39/><W80/><G129/><T26/><D69/><U123/><E123/><V102/><F48/><W4/><G4/><T83/><D115/><U44/><E58/><V78/><F11/><W81/><G93/><T31/><D122/><U27/><E37/><V54/><F54/><W109/><G49/><T38/><D104/><U134/><E134/><V33/><F18/><W22/><REACH who="3" step="1"/><G111/><REACH who="3" ten="302,179,217,292" step="2"/><T95/><D95/><U56/><E56/><V90/><F7/><W67/><G67/><T19/><D38/><U70/><E70/><V71/><F71/><W53/><G53/><T118/><D92/><U64/><E64/><V60/><F60/><W107/><G107/><T55/><D55/><U59/><E59/><V63/><F63/><W121/><G121/><T106/><D106/><U13/><E47/><V131/><F131/><W130/><G130/><T86/><D40/><U15/><E44/><V32/><F0/><AGARI ba="0,1" hai="0,5,10,22,24,29,41,46,50,80,81,82,108,109" machi="0" ten="40,1300,0" yaku="1,1,53,0" doraHai="72" doraHaiUra="117" who="3" fromWho="2" sc="302,0,179,0,217,-13,292,23" />
</Scene>
<Scene>
<INIT seed="6,0,0,1,4,84" ten="302,179,204,315" oya="2" hai0="12,132,50,44,105,81,119,97,24,68,113,15,8" hai1="93,69,83,16,36,122,53,94,13,96,89,76,64" hai2="77,106,41,78,14,129,107,95,51,20,7,70,71" hai3="126,82,75,65,114,10,110,111,100,21,35,62,79"/><V98/><F129/><W30/><G126/><T134/><D68/><U133/><E36/><V43/><F20/><W33/><G21/><T112/><D119/><U59/><E133/><N who="0" m="51305" /><D24/><U42/><E42/><V22/><F22/><W103/><G10/><T127/><D127/><U58/><E122/><V39/><F39/><W56/><G114/><N who="0" m="44139" /><D81/><U28/><E28/><V120/><F120/><W99/><G103/><N who="0" m="62703" /><D8/><N who="1" m="6183" /><E69/><V61/><F70/><N who="3" m="42295" /><G30/><T45/><D45/><U88/><E64/><V87/><F71/><W104/><G56/><T63/><D63/><U31/><E31/><V86/><F61/><W32/><AGARI ba="0,0" hai="32,33,35,75,79,82,99,100,104,110,111" m="42295" machi="32" ten="30,1100,0" yaku="23,1" doraHai="84" who="3" fromWho="3" sc="302,-3,179,-3,204,-5,315,11" />
</Scene>
<Scene>
<INIT seed="7,0,0,5,1,110" ten="299,176,199,326" oya="3" hai0="128,45,95,52,78,40,106,87,82,51,120,113,32" hai1="114,59,39,135,47,89,53,54,9,58,118,116,12" hai2="88,91,11,37,80,129,44,77,34,1,123,90,103" hai3="41,125,130,96,68,71,21,36,16,18,64,57,97"/><W69/><G130/><T50/><D106/><U31/><E31/><V131/><F34/><W8/><G125/><T17/><D32/><U24/><E24/><V60/><F123/><W0/><G0/><T70/><D120/><U92/><E135/><V42/><F103/><W67/><G41/><T22/><D70/><U2/><E2/><V115/><F115/><W29/><G36/><T56/><D128/><N who="2" m="49226" /><F60/><W81/><G81/><T23/><D113/><U5/><E114/><V35/><F35/><W30/><G68/><T119/><D119/><U28/><E28/><V72/><F1/><W112/><G21/><T127/><D127/><U62/><E47/><V66/><F11/><W111/><G112/><T4/><D4/><U20/><E20/><V107/><F107/><W94/><G111/><T86/><D17/><U49/><REACH who="1" step="1"/><E39/><REACH who="1" ten="299,166,199,326" step="2"/><V10/><F10/><W98/><G30/><T84/><D22/><U83/><E83/><V75/><F66/><W14/><G29/><T3/><D3/><U19/><E19/><V27/><F27/><W7/><G18/><T48/><D23/><U6/><E6/><V109/><F109/><W122/><G16/><T102/><D82/><U33/><E33/><V124/><F124/><W65/><G7/><T105/><D45/><U63/><E63/><V26/><F26/><W43/><G122/><T99/><D40/><U38/><E38/><V117/><F117/><W104/><G43/><T108/><D108/><U76/><E76/><V73/><AGARI ba="0,1" hai="37,42,44,72,73,75,77,80,88,90,91" m="49226" machi="73" ten="40,2700,0" yaku="19,1,54,1" doraHai="110" who="2" fromWho="2" sc="299,-7,166,-7,199,37,326,-13" owari="292,9.0,159,-34.0,236,-16.0,313,41.0" />
</Scene>
</mjloggm>