<mjloggm ver="2.3"><GO type="169" lobby="0"/><UN n0="%E5%A4%AA%E3%81%8F%E3%81%AA%E3%81%84%E3%81%8A" n1="%E8%A6%8B%E5%B4%8E%E9%B3%B4%E3%81%A1%E3%82%83%E3%82%93%EF%BC%81" n2="%E5%A4%A7%E8%83%86%E3%81%AB%E3%83%80%E3%82%A4%E3%82%BF" n3="%43%6C%61%69%72%61%77%6C" dan="18,17,16,17" rate="2183.13,2144.09,2087.54,2156.74" sx="M,M,M,M"/><TAIKYOKU oya="0"/>

<Scene>
<INIT seed="0,0,0,4,2,73" ten="250,250,250,250" oya="0" hai0="61,124,28,24,0,35,72,130,46,134,131,55,60" hai1="104,26,101,125,69,85,95,29,63,27,14,48,18" hai2="22,98,1,74,43,40,6,64,8,51,90,87,19" hai3="65,129,9,5,66,117,32,59,62,83,44,105,133"/><T4/><D72/><U81/><E125/><V103/><F74/><W113/><G113/><T132/><D4/><U11/><E95/><V123/><F123/><W91/><G117/><T126/><D0/><U109/><E109/><V107/><F64/><W76/><G32/><T82/><D82/><U119/><E119/><V50/><F50/><W15/><G133/><N who="0" m="51307" /><D46/><U116/><E116/><V100/><F51/><W49/><G105/><T25/><D25/><U84/><E48/><V122/><F103/><W41/><G91/><T121/><D121/><U80/><E27/><V37/><F37/><W68/><G129/><N who="0" m="49163" /><D55/><U88/><E101/><V56/><F122/><W54/><REACH who="3" step="1"/><G68/><REACH who="3" ten="250,250,250,240" step="2"/><T79/><D79/><U77/><E104/><V71/><F71/><W114/><G114/><T36/><D36/><U111/><E111/><V3/><F107/><W38/><G38/><T93/><D93/><U39/><E39/><V70/><F70/><W127/><G127/><AGARI ba="0,1" hai="24,28,35,60,61,124,126,127" m="49163,51307" machi="127" ten="40,48000,5" yakuman="39" doraHai="73" who="0" fromWho="3" sc="250,490,250,0,250,0,240,-480" owari="740,84.0,250,5.0,250,-15.0,-240,-74.0" />
</Scene>
</mjloggm>