<mjloggm ver="2.3"><GO type="169" lobby="0"/><UN n0="%E5%A4%AA%E3%81%8F%E3%81%AA%E3%81%84%E3%81%8A" n1="%E3%82%A2%E3%83%95%E3%83%AA%E3%82%AB" n2="%53%48%49%53%55%4B%45" n3="%E3%81%8D%E3%81%BF%E3%81%9F%E3%81%BE%E3%81%94" dan="17,18,17,16" rate="2237.37,2250.54,2101.14,2049.09" sx="M,M,M,M"/><TAIKYOKU oya="0"/>

<Scene>
<INIT seed="0,0,0,0,3,68" ten="250,250,250,250" oya="0" hai0="58,55,17,43,114,63,59,32,124,117,111,135,72" hai1="42,56,83,67,104,69,2,70,84,15,9,52,131" hai2="53,66,105,64,71,41,87,90,119,20,109,19,107" hai3="74,132,37,21,11,93,86,65,134,5,40,88,123"/><T49/><D72/><U10/><E104/><V77/><F77/><W16/><G74/><T101/><D32/><U30/><E131/><V106/><F71/><W99/><G65/><T129/><D114/><U33/><E42/><V115/><F115/><W75/><G75/><T22/><D117/><U116/><E116/><V47/><F53/><W118/><G123/><T92/><D129/><U26/><E2/><V89/><F109/><W79/><G118/><T133/><D124/><U125/><E125/><V38/><F119/><W110/><G110/><T81/><D111/><U25/><E25/><V85/><F85/><W23/><G79/><T127/><D81/><U14/><E67/><V96/><F96/><W130/><G130/><T48/><D127/><U78/><E15/><V97/><F97/><W35/><G35/><T27/><D43/><U6/><REACH who="1" step="1"/><E9/><REACH who="1" ten="250,240,250,250" step="2"/><V62/><F66/><W45/><G5/><T80/><D133/><N who="3" m="51305" /><G99/><N who="0" m="59623" /><D135/><U0/><E0/><V122/><F122/><W46/><G45/><T18/><D59/><U54/><E54/><V98/><F98/><W61/><G61/><AGARI ba="0,1" hai="6,10,14,26,30,33,52,56,61,69,70,78,83,84" machi="61" ten="30,3900,0" yaku="1,1,7,1,54,1,53,0" doraHai="68" doraHaiUra="108" who="1" fromWho="3" sc="250,0,240,49,250,0,250,-39" />
</Scene>
<Scene>
<INIT seed="1,0,0,1,2,76" ten="250,289,250,211" oya="1" hai0="9,65,33,103,101,55,118,126,117,99,15,72,54" hai1="78,135,18,46,52,127,70,40,2,58,24,98,59" hai2="5,34,23,109,64,115,82,90,102,132,39,47,68" hai3="86,51,130,21,69,67,80,120,121,113,92,112,131"/><U42/><E2/><V111/><F34/><W89/><G69/><T49/><D33/><U29/><E70/><V71/><F102/><W110/><G67/><T1/><D1/><U27/><E135/><V14/><F132/><W12/><G110/><T116/><D126/><U88/><E78/><V85/><F115/><N who="3" m="44107" /><G51/><T56/><D72/><U4/><E4/><V62/><F71/><W60/><G60/><T93/><D65/><U38/><E127/><V41/><REACH who="2" step="1"/><F23/><REACH who="2" ten="250,289,240,211" step="2"/><W50/><G21/><T123/><D101/><U96/><E38/><V19/><F19/><W17/><G120/><T128/><D123/><U81/><E18/><V74/><F74/><W105/><G121/><T20/><D20/><U87/><E29/><V57/><F57/><W79/><G17/><T133/><D133/><U36/><E59/><V0/><F0/><W32/><G32/><T95/><D117/><U7/><E7/><V6/><F6/><W125/><G125/><T43/><D116/><U107/><E107/><V10/><AGARI ba="0,1" hai="5,10,14,39,41,47,62,64,68,82,85,90,109,111" machi="10" ten="30,7900,0" yaku="1,1,0,1,52,1,53,1" doraHai="76" doraHaiUra="77" who="2" fromWho="2" sc="250,-20,289,-39,240,89,211,-20" />
</Scene>
<Scene>
<INIT seed="2,0,0,5,4,86" ten="230,250,329,191" oya="2" hai0="13,17,36,64,89,113,125,38,43,81,39,68,8" hai1="123,76,129,90,29,44,74,112,121,20,114,41,19" hai2="45,35,58,61,130,26,73,52,46,31,79,77,12" hai3="53,126,104,6,122,84,120,21,119,3,37,110,23"/><V102/><F130/><W118/><G37/><T54/><D113/><U51/><E29/><V103/><F73/><W80/><G104/><T25/><D125/><U7/><E7/><V30/><F30/><W67/><G67/><T62/><D25/><U91/><E129/><V116/><F116/><W109/><G53/><T60/><D43/><U115/><E76/><V107/><F107/><W48/><G48/><T71/><D54/><U10/><E10/><V98/><F46/><W127/><G6/><T87/><REACH who="0" step="1"/><D62/><REACH who="0" ten="220,250,329,191" step="2"/><U55/><E41/><V33/><F33/><W111/><G3/><T63/><D63/><U14/><E74/><V132/><F35/><W27/><G27/><T22/><D22/><U18/><E18/><V1/><F26/><W133/><G21/><T42/><D42/><U94/><E94/><V99/><F1/><W85/><G23/><T66/><D66/><U32/><E32/><V56/><F61/><W69/><G69/><AGARI ba="0,1" hai="8,13,17,36,38,39,60,64,68,69,71,81,87,89" machi="69" ten="40,2600,0" yaku="1,1,52,1,53,0" doraHai="86" doraHaiUra="106" who="0" fromWho="3" sc="220,36,250,0,329,0,191,-26" />
</Scene>
<Scene>
<INIT seed="3,0,0,3,5,69" ten="256,250,329,165" oya="3" hai0="89,39,42,31,27,40,45,62,54,9,104,55,86" hai1="46,3,1,21,68,61,121,92,109,17,48,82,134" hai2="66,56,76,77,111,41,28,59,36,71,26,33,114" hai3="53,133,78,51,79,83,11,22,107,34,84,94,93"/><W25/><G107/><T49/><D104/><U98/><E121/><V122/><F114/><W50/><G34/><T74/><D74/><U57/><E68/><V106/><F106/><W20/><G133/><T14/><D62/><U16/><E134/><V135/><F71/><W116/><G116/><T24/><D42/><U115/><E115/><V110/><F66/><W130/><G130/><T63/><D63/><U47/><E109/><V132/><F122/><W124/><G124/><T35/><D27/><U64/><E82/><V81/><F77/><W72/><G11/><T10/><D49/><U91/><E17/><V128/><F128/><W23/><G51/><T88/><D10/><U52/><REACH who="1" step="1"/><E46/><REACH who="1" ten="256,240,329,165" step="2"/><N who="2" m="23847" /><F132/><W112/><G112/><T129/><D129/><U43/><E43/><V85/><F135/><W118/><G118/><T73/><D73/><U95/><E95/><N who="3" m="36362" /><G72/><T96/><D96/><U103/><E103/><V101/><F101/><W30/><G79/><T37/><D37/><U13/><AGARI ba="0,1" hai="1,3,13,16,21,47,48,52,57,61,64,91,92,98" machi="13" ten="20,8000,1" yaku="1,1,0,1,7,1,54,2,53,0" doraHai="69" doraHaiUra="102" who="1" fromWho="1" sc="256,-20,240,90,329,-20,165,-40" />
</Scene>
<Scene>
<INIT seed="4,0,0,4,2,9" ten="236,330,309,125" oya="0" hai0="4,6,101,10,11,91,69,105,46,51,107,65,118" hai1="52,85,96,43,135,58,50,90,116,75,86,32,79" hai2="45,103,49,92,24,39,40,127,93,124,78,126,28" hai3="63,16,80,2,74,131,26,42,95,67,34,60,84"/><T22/><D118/><U82/><E116/><V18/><F103/><W23/><G2/><T31/><D91/><U71/><E71/><V102/><F102/><W99/><G74/><T122/><D122/><U27/><E135/><V29/><F78/><W7/><G7/><T133/><D133/><U37/><E37/><V72/><F72/><W111/><G131/><T104/><D101/><U59/><E43/><V77/><F77/><N who="3" m="46095" /><G34/><T120/><D120/><U21/><E32/><V5/><F5/><W15/><G111/><T134/><D134/><U13/><E13/><V47/><F18/><N who="3" m="12663" /><G42/><T119/><D119/><U94/><REACH who="1" step="1"/><E59/><REACH who="1" ten="236,320,309,125" step="2"/><V36/><F36/><W17/><G15/><T38/><D38/><U113/><E113/><V64/><F39/><W44/><G44/><T0/><D46/><U123/><E123/><V30/><F47/><W108/><G108/><T20/><D69/><U112/><E112/><V8/><F40/><W110/><G110/><T62/><D0/><U61/><E61/><N who="3" m="23626" /><G67/><T98/><D65/><U25/><E25/><V33/><F64/><W3/><G3/><T115/><D115/><U66/><E66/><V55/><F45/><W19/><G95/><T35/><D35/><U117/><E117/><V57/><F93/><W41/><G41/><T129/><D105/><U48/><E48/><V130/><F92/><W12/><G99/><T54/><D98/><U1/><E1/><V81/><F33/><W121/><G121/><T73/><D104/><U83/><E83/><V88/><F81/><W106/><G106/><T125/><D107/><U53/><E53/><RYUUKYOKU ba="0,1" sc="236,-15,320,15,309,-15,125,15" hai1="21,27,50,52,58,75,79,82,85,86,90,94,96" hai3="12,16,17,19" />
</Scene>
<Scene>
<INIT seed="5,1,1,0,0,101" ten="221,335,294,140" oya="1" hai0="51,14,102,70,117,124,38,5,28,48,2,122,63" hai1="30,59,1,45,81,20,24,95,126,54,8,64,93" hai2="53,119,127,73,125,111,123,75,37,98,34,4,31" hai3="33,89,7,107,79,3,100,130,128,21,52,56,132"/><U29/><E126/><V58/><F37/><W65/><G33/><T109/><D38/><U36/><E64/><V92/><F123/><W115/><G65/><T91/><D109/><U12/><E1/><V120/><F120/><W114/><G89/><T118/><D122/><U43/><E30/><V16/><F4/><W47/><G47/><T9/><D124/><N who="2" m="47690" /><F119/><W60/><G79/><T104/><D2/><U22/><E22/><V105/><F111/><W131/><G21/><T17/><D5/><U71/><E81/><V76/><F76/><W134/><G7/><T42/><D91/><U32/><E32/><V90/><F105/><W85/><G85/><T55/><D42/><U10/><E71/><V61/><F16/><W25/><G25/><AGARI ba="1,1" hai="25,31,34,53,58,61,73,75,90,92,98" m="47690" machi="25" ten="30,1000,0" yaku="18,1" doraHai="101" who="2" fromWho="3" sc="221,0,335,0,294,23,140,-13" />
</Scene>
<Scene>
<INIT seed="6,0,0,3,2,70" ten="221,335,317,127" oya="2" hai0="1,17,92,74,113,89,32,96,85,59,76,107,43" hai1="98,111,66,97,125,119,75,22,123,112,73,9,12" hai2="79,126,82,127,61,115,6,80,104,58,16,86,101" hai3="3,118,8,18,129,105,88,15,37,50,21,132,49"/><V135/><F6/><W102/><G118/><T35/><D1/><U78/><E119/><V131/><F104/><W64/><G132/><T7/><D7/><U36/><E36/><V95/><F135/><W24/><G129/><T10/><D113/><U108/><E112/><V109/><F115/><W87/><G64/><T68/><D68/><U81/><E75/><V5/><F5/><W91/><G3/><T29/><D29/><U94/><E98/><V62/><F109/><W106/><G37/><T77/><D43/><U93/><E93/><V34/><F34/><W0/><G0/><T53/><D10/><U103/><E123/><V11/><F82/><W83/><G102/><N who="0" m="62919" /><D17/><U13/><E66/><V63/><F95/><W40/><G91/><T130/><D77/><U55/><E111/><V117/><F101/><W33/><G33/><T41/><D41/><U69/><E69/><V28/><F28/><W14/><G14/><T100/><D100/><U30/><E108/><V124/><F131/><W134/><G134/><T46/><D46/><U47/><E30/><V128/><F128/><W27/><G27/><T42/><D42/><U121/><E103/><V2/><F117/><W120/><G120/><T25/><D25/><U71/><E121/><V114/><F114/><W99/><G99/><T39/><D39/><U72/><E71/><V116/><F116/><W84/><G40/><T122/><D122/><U56/><E97/><V38/><F38/><W26/><G26/><T67/><D130/><U54/><E78/><V4/><F16/><N who="3" m="12327" /><G84/><T57/><D85/><U65/><E72/><RYUUKYOKU ba="0,0" sc="221,-15,335,-15,317,15,127,15" hai2="2,4,11,58,61,62,63,79,80,86,124,126,127" hai3="8,15,18,49,50,83,87,88,105,106" />
</Scene>
<Scene>
<INIT seed="6,1,0,4,2,107" ten="206,320,332,142" oya="2" hai0="74,18,97,29,70,27,68,39,81,59,61,14,132" hai1="62,92,100,127,15,56,103,123,67,119,109,41,24" hai2="64,84,51,44,104,5,129,36,89,110,95,91,135" hai3="26,38,37,131,82,101,28,46,13,11,80,96,54"/><V115/><F104/><W8/><G131/><T3/><D3/><U78/><E119/><V111/><F36/><W34/><G11/><T45/><D132/><U85/><E123/><V87/><F64/><W31/><G31/><T58/><D97/><U48/><E109/><V118/><F118/><W17/><G54/><T32/><D39/><U63/><E127/><V121/><F121/><W53/><G38/><T6/><D6/><U73/><E73/><V94/><F129/><W7/><G53/><T57/><D45/><N who="1" m="25647" /><E63/><V60/><F60/><W126/><G126/><T108/><D108/><U33/><E33/><V30/><F30/><W112/><G112/><T25/><D25/><U86/><E24/><V19/><F5/><W122/><G122/><T75/><D81/><N who="1" m="47287" /><E15/><V0/><F0/><W47/><G37/><T90/><D90/><AGARI ba="1,0" hai="56,62,67,86,90,92,100,103" m="47287,25647" machi="90" ten="30,1000,0" yaku="8,1" doraHai="107" who="1" fromWho="0" sc="206,-13,320,13,332,0,142,0" />
</Scene>
<Scene>
<INIT seed="7,0,0,1,2,91" ten="193,333,332,142" oya="3" hai0="40,98,96,50,130,9,64,117,62,67,29,58,18" hai1="7,69,134,48,49,77,61,93,22,30,70,36,38" hai2="122,85,68,127,0,128,15,88,87,53,78,52,21" hai3="35,33,90,102,65,121,105,55,95,2,45,75,57"/><W116/><G75/><T72/><D117/><U4/><E77/><V110/><F68/><W92/><G116/><T80/><D130/><U43/><E134/><V8/><F0/><W10/><G121/><T34/><D34/><U115/><E115/><V27/><F110/><W108/><G108/><T25/><D72/><U81/><E81/><N who="2" m="47287" /><F127/><W131/><G131/><T74/><D74/><U107/><E107/><V37/><F37/><W59/><G105/><T82/><D67/><U94/><E43/><V126/><F126/><W114/><G114/><T13/><D82/><U111/><E111/><V3/><F3/><W47/><G33/><T109/><D80/><U135/><E135/><V44/><F44/><N who="3" m="16971" /><G35/><T24/><D109/><U28/><E22/><V101/><F101/><W124/><G124/><T123/><D123/><U60/><AGARI ba="0,0" hai="4,7,28,30,36,38,48,49,60,61,69,70,93,94" machi="60" ten="25,8000,1" yaku="0,1,22,2,52,2" doraHai="91" who="1" fromWho="1" sc="193,-20,333,80,332,-20,142,-40" owari="173,-23.0,413,52.0,312,11.0,102,-40.0" />
</Scene>
</mjloggm>