<mjloggm ver="2.3"><GO type="169" lobby="0"/><UN n0="%E5%A4%A2%E5%B9%BB%E7%A7%A6" n1="%E9%AC%BC%E7%95%9C%E6%88%A6%E5%A3%AB" n2="%E7%90%86%E4%B8%8D%E5%B0%BD%E5%A4%A7%E7%8E%8B%32" n3="%E5%A4%AA%E3%81%8F%E3%81%AA%E3%81%84%E3%81%8A" dan="16,16,16,17" rate="2100.01,2079.27,2112.73,2134.42" sx="M,M,M,M"/><TAIKYOKU oya="0"/>

<Scene>
<INIT seed="0,0,0,5,5,16" ten="250,250,250,250" oya="0" hai0="43,41,133,55,83,104,59,117,52,112,13,95,60" hai1="80,79,89,128,10,4,42,116,36,38,69,54,18" hai2="68,15,37,56,102,103,90,78,30,24,71,109,17" hai3="11,46,126,124,27,21,131,12,93,32,19,35,53"/><T129/><D104/><U84/><E116/><V87/><F37/><W122/><G93/><T118/><D133/><U66/><E128/><V81/><F109/><W57/><G46/><T31/><D129/><U108/><E108/><V9/><F56/><W114/><G131/><T25/><D112/><U6/><E54/><V98/><F78/><W127/><G114/><T3/><D3/><U0/><E4/><V99/><F98/><W106/><G106/><T134/><D134/><U2/><E2/><V96/><F99/><W14/><G122/><T65/><D13/><U82/><E42/><V88/><F90/><W85/><G85/><T120/><D120/><U63/><REACH who="1" step="1"/><E18/><REACH who="1" ten="250,240,250,250" step="2"/><V113/><F113/><W7/><REACH who="3" step="1"/><G12/><REACH who="3" ten="250,240,250,240" step="2"/><T77/><D118/><U70/><E70/><V26/><F71/><W1/><G1/><T48/><D117/><U8/><E8/><V101/><F68/><W76/><G76/><T94/><D41/><U135/><E135/><V58/><F15/><W40/><G40/><T33/><D43/><U28/><E28/><V115/><F30/><W125/><N who="3" m="31744" /><DORA hai="72" /><W121/><G121/><T86/><D55/><U49/><E49/><AGARI ba="0,2" hai="7,11,14,19,21,27,32,35,49,53,57" m="31744" machi="49" ten="70,8000,1" yaku="1,1,18,1,52,1,53,0" doraHai="16,72" doraHaiUra="67,111" who="3" fromWho="1" sc="250,0,240,-80,250,0,240,100" />
</Scene>
<Scene>
<INIT seed="1,0,0,1,0,21" ten="250,160,250,340" oya="1" hai0="92,55,135,75,71,30,107,131,20,61,77,13,23" hai1="81,133,42,48,104,126,132,39,34,111,99,125,50" hai2="73,87,28,119,15,91,134,25,115,11,37,9,95" hai3="40,26,3,57,46,66,29,36,70,97,53,129,69"/><U38/><E34/><V86/><F119/><W72/><G72/><T80/><D107/><U54/><E81/><V18/><F73/><W0/><G129/><T65/><D131/><U102/><E99/><V5/><F37/><N who="1" m="13833" /><E102/><V78/><F134/><N who="1" m="51817" /><E104/><V27/><F115/><W14/><G14/><T120/><D135/><U93/><E93/><V24/><F78/><W101/><G69/><T8/><D120/><U105/><E105/><V90/><F28/><W10/><G10/><T35/><D35/><U52/><E42/><V118/><F118/><W16/><G97/><T60/><D92/><U62/><E62/><V41/><F41/><W130/><G101/><T4/><D30/><U123/><E123/><V127/><F127/><N who="1" m="48649" /><E111/><V116/><F116/><W12/><G29/><T59/><AGARI ba="0,0" hai="4,8,13,20,23,55,59,60,61,65,71,75,77,80" machi="59" ten="30,1100,0" yaku="0,1" doraHai="21" who="0" fromWho="0" sc="250,11,160,-5,250,-3,340,-3" />
</Scene>
<Scene>
<INIT seed="2,0,0,0,3,102" ten="261,155,247,337" oya="2" hai0="51,33,38,83,130,29,97,8,72,45,64,5,134" hai1="47,109,53,88,44,108,129,62,7,115,98,27,90" hai2="2,41,14,103,79,71,1,54,87,94,18,15,126" hai3="13,24,69,131,124,121,49,73,80,3,127,125,120"/><V104/><F71/><W58/><G3/><T16/><D64/><U12/><E115/><V40/><F126/><W32/><G69/><T123/><D123/><N who="3" m="47177" /><G131/><T93/><D130/><U20/><E129/><V36/><F1/><W74/><G80/><T68/><D68/><U122/><E122/><V28/><F2/><W65/><G13/><T52/><D38/><U21/><E109/><V119/><F28/><N who="3" m="19463" /><G49/><T106/><D29/><U35/><E35/><V70/><F70/><W43/><G43/><T59/><D33/><U22/><E108/><V11/><F36/><W42/><G42/><T78/><D5/><U89/><E98/><V37/><F119/><W112/><G112/><T9/><D134/><U84/><E27/><V110/><F110/><W92/><G92/><T133/><D133/><U91/><E62/><AGARI ba="0,0" hai="58,62,65,73,74,124,125,127" m="19463,47177" machi="62" ten="40,1300,0" yaku="18,1" doraHai="102" who="3" fromWho="1" sc="261,0,155,-13,247,0,337,13" />
</Scene>
<Scene>
<INIT seed="3,0,0,5,2,98" ten="261,142,247,350" oya="3" hai0="2,84,94,21,93,79,6,90,7,12,100,3,60" hai1="43,8,29,96,36,82,9,134,37,66,24,41,49" hai2="63,116,23,74,27,68,1,121,81,18,85,57,40" hai3="46,109,28,42,73,105,123,103,122,50,65,125,77"/><W11/><G125/><T133/><D2/><U119/><E96/><V69/><F116/><W111/><G28/><T30/><D3/><U80/><E49/><V62/><F74/><W117/><G117/><T97/><D133/><U54/><E66/><V20/><F1/><W75/><G65/><T102/><D79/><U107/><E107/><V53/><F121/><N who="3" m="46091" /><G77/><T104/><D104/><U101/><E119/><V38/><F62/><W113/><G113/><T88/><D60/><U61/><E61/><V19/><F38/><N who="3" m="21847" /><G11/><N who="0" m="4215" /><D7/><U64/><E64/><V86/><F40/><W131/><G50/><T106/><D106/><U118/><E118/><V55/><F53/><W25/><G25/><AGARI ba="0,0" hai="21,25,30,84,88,90,93,94,97,100,102" m="4215" machi="25" ten="30,7700,0" yaku="8,1,52,2,54,1" doraHai="98" who="0" fromWho="3" sc="261,77,142,0,247,0,350,-77" />
</Scene>
<Scene>
<INIT seed="4,0,0,5,3,34" ten="338,142,247,273" oya="0" hai0="94,84,85,115,128,100,93,126,135,62,27,132,5" hai1="111,23,86,125,118,8,41,82,70,77,120,21,55" hai2="121,9,40,4,43,110,109,112,56,74,52,24,122" hai3="68,108,17,37,102,75,83,130,78,104,73,113,29"/><T107/><D27/><U117/><E111/><N who="2" m="42507" /><F24/><W22/><G108/><T76/><D62/><U42/><E120/><V26/><F26/><W116/><G29/><T47/><D47/><U38/><E125/><V101/><F101/><W30/><G30/><T60/><D60/><U63/><E8/><V35/><F74/><W32/><G32/><T7/><D7/><U36/><E41/><N who="2" m="15947" /><F4/><W67/><G73/><T119/><D5/><U91/><E36/><V2/><F2/><W129/><G37/><T57/><D57/><U81/><E42/><V131/><F35/><W72/><G72/><T95/><D119/><U99/><E38/><V48/><F9/><W71/><G116/><T66/><D66/><U69/><E69/><V39/><F39/><W127/><G67/><T65/><D65/><U134/><E70/><V19/><F19/><W51/><G71/><T12/><D12/><U64/><E99/><V18/><F18/><W49/><G68/><T89/><D126/><U61/><E64/><V92/><F92/><N who="0" m="35434" /><D128/><N who="3" m="49257" /><G127/><T98/><D115/><U114/><E114/><V79/><F131/><W13/><G113/><T11/><D11/><U33/><E33/><V45/><F112/><W44/><G44/><T90/><D76/><U88/><E77/><V3/><F79/><W124/><G124/><T53/><D53/><U123/><E55/><N who="2" m="30095" /><F3/><W96/><AGARI ba="0,0" hai="13,17,22,49,51,75,78,83,96,102,104" m="49257" machi="96" ten="30,1100,0" yaku="19,1" doraHai="34" who="3" fromWho="3" sc="338,-5,142,-3,247,-3,273,11" />
</Scene>
<Scene>
<INIT seed="5,0,0,3,0,17" ten="333,139,244,284" oya="1" hai0="15,115,28,103,27,106,97,26,48,14,111,131,11" hai1="135,120,44,72,90,53,8,41,68,0,102,98,117" hai2="30,34,130,29,94,9,10,105,100,95,74,109,18" hai3="86,123,12,57,13,121,32,76,69,4,49,124,107"/><U6/><E120/><V125/><F74/><W70/><G32/><T45/><D27/><U65/><E117/><V50/><F109/><W25/><G107/><T37/><D37/><U113/><E113/><V73/><F73/><W133/><G25/><T99/><D131/><U60/><E135/><V35/><F105/><W122/><G133/><T108/><D115/><U78/><E90/><V75/><F75/><W51/><G124/><T118/><D99/><U119/><E119/><V91/><F130/><W128/><G128/><T52/><D15/><U83/><E53/><V43/><F18/><W54/><G51/><T2/><D2/><U71/><E98/><V42/><F50/><W59/><G59/><T96/><D97/><U24/><E24/><V126/><REACH who="2" step="1"/><F91/><REACH who="2" ten="333,139,234,284" step="2"/><W104/><G104/><T21/><D118/><U80/><E102/><AGARI ba="0,1" hai="9,10,29,30,34,35,42,43,94,95,100,102,125,126" machi="102" ten="25,6400,0" yaku="1,1,2,1,22,2,53,0" doraHai="17" doraHaiUra="67" who="2" fromWho="1" sc="333,0,139,-64,234,74,284,0" />
</Scene>
<Scene>
<INIT seed="6,0,0,1,4,76" ten="333,75,308,284" oya="2" hai0="7,20,127,66,73,98,95,24,125,97,68,94,1" hai1="120,105,38,110,53,115,129,42,101,112,111,78,44" hai2="99,56,49,103,45,26,133,96,128,51,130,70,40" hai3="33,27,30,41,13,14,43,50,84,89,87,83,19"/><V48/><F70/><W12/><G19/><T69/><D73/><U119/><E101/><V8/><F133/><W123/><G123/><T54/><D66/><U9/><E9/><V81/><F26/><W31/><G31/><T90/><D54/><U113/><E105/><V2/><F56/><W16/><G16/><N who="0" m="12295" /><D7/><U59/><E78/><V80/><F2/><W47/><REACH who="3" step="1"/><G87/><REACH who="3" ten="333,75,308,274" step="2"/><T39/><D39/><U52/><E120/><V15/><F130/><W3/><G3/><T21/><D1/><U4/><E4/><N who="2" m="3463" /><F128/><W28/><G28/><T108/><D21/><U124/><E129/><V62/><F62/><W118/><G118/><T60/><D60/><N who="1" m="35943" /><E119/><V131/><F131/><W63/><G63/><T79/><D68/><U122/><E122/><V64/><F64/><W121/><G121/><T34/><D34/><U104/><E104/><V86/><F86/><W85/><G85/><T102/><D69/><U75/><E75/><V65/><F65/><W91/><G91/><T25/><D79/><U57/><E124/><N who="0" m="47689" /><D25/><U114/><N who="1" m="28672" /><DORA hai="100" /><U23/><E23/><V55/><F103/><W5/><G5/><T132/><D132/><U82/><E82/><N who="2" m="31851" /><F49/><AGARI ba="0,1" hai="38,42,44,49,53,57,110,111" m="28672,35943" machi="49" ten="60,8000,1" yaku="15,1,34,2,54,1" doraHai="76,100" who="1" fromWho="2" sc="333,0,75,90,308,-80,274,0" />
</Scene>
<Scene>
<INIT seed="7,0,0,5,4,125" ten="333,165,228,274" oya="3" hai0="78,73,88,24,3,97,86,31,65,9,92,43,13" hai1="105,36,28,18,0,61,110,62,122,90,104,102,21" hai2="25,6,112,17,41,56,19,35,84,114,5,23,59" hai3="131,20,15,49,81,46,48,63,32,109,40,68,75"/><W108/><G32/><T11/><D3/><U58/><E122/><V129/><F41/><W53/><G75/><T44/><D65/><U116/><E36/><V47/><F47/><N who="3" m="25703" /><G81/><T72/><D11/><U34/><E0/><V45/><F45/><W66/><G20/><T120/><D120/><U132/><E110/><N who="3" m="42602" /><G15/><T27/><D27/><U38/><E38/><V117/><F35/><W128/><AGARI ba="0,0" hai="46,49,53,63,66,68,128,131" m="42602,25703" machi="128" ten="30,12000,1" yaku="10,1,34,2,52,2" doraHai="125" who="3" fromWho="3" sc="333,-40,165,-40,228,-40,274,120" owari="293,9.0,125,-37.0,188,-21.0,394,49.0" />
</Scene>
</mjloggm>