<mjloggm ver="2.3"><GO type="169" lobby="0"/><UN n0="%E5%A4%AA%E3%81%8F%E3%81%AA%E3%81%84%E3%81%8A" n1="%E3%82%A8%E3%82%BB%E3%83%87%E3%82%B8%E3%82%BF%E3%83%AB%EF%BC%92%E5%8F%B7" n2="%E3%81%8D%E3%81%8F%E3%81%A6%E3%81%83%E3%81%99%E2%98%86" n3="%E3%81%8A%E3%83%BC%E3%81%84%E3%81%8A%E8%8C%B6" dan="18,16,17,16" rate="2178.00,2101.29,2150.71,2035.68" sx="M,M,M,M"/><TAIKYOKU oya="0"/>

<Scene>
<INIT seed="0,0,0,2,2,125" ten="250,250,250,250" oya="0" hai0="56,24,82,5,52,79,69,29,134,60,102,4,41" hai1="27,61,112,81,104,57,47,50,8,51,43,30,26" hai2="76,135,93,86,115,23,85,110,83,10,71,75,38" hai3="58,106,20,132,35,39,128,118,66,90,117,14,44"/><T59/><D134/><U129/><E104/><V25/><F38/><W2/><G35/><T37/><D69/><U67/><E112/><V91/><F71/><W122/><G2/><T113/><D113/><U31/><E8/><V15/><F115/><W40/><G106/><T120/><D120/><U22/><E81/><V107/><F107/><W111/><G132/><T124/><D102/><U103/><E103/><V53/><F135/><W32/><G32/><T127/><D37/><U49/><REACH who="1" step="1"/><E129/><REACH who="1" ten="250,240,250,250" step="2"/><V6/><F110/><W42/><G128/><T123/><D82/><U130/><E130/><V9/><F9/><W64/><G111/><T54/><D124/><U114/><E114/><V98/><REACH who="2" step="1"/><F53/><REACH who="2" ten="250,240,240,250" step="2"/><W89/><G122/><T21/><D123/><U119/><E119/><V34/><F34/><AGARI ba="0,2" hai="22,26,27,30,31,34,43,47,49,50,51,57,61,67" machi="34" ten="30,2000,0" yaku="1,1,7,1,53,0" doraHai="125" doraHaiUra="101" who="1" fromWho="2" sc="250,0,240,40,240,-20,250,0" />
</Scene>
<Scene>
<INIT seed="1,0,0,5,5,78" ten="250,280,220,250" oya="1" hai0="75,45,120,0,109,22,3,116,126,72,58,134,99" hai1="107,115,101,95,129,8,27,108,25,38,60,33,106" hai2="51,82,111,4,122,13,68,76,124,102,127,35,48" hai3="44,97,43,56,91,57,105,88,100,41,50,61,40"/><U114/><E38/><V131/><F68/><W42/><REACH who="3" step="1"/><G57/><REACH who="3" ten="250,280,220,240" step="2"/><T32/><D58/><U85/><E114/><V71/><F71/><W135/><G135/><T130/><D134/><U30/><E115/><V117/><F127/><W37/><G37/><T19/><D126/><U62/><E60/><V17/><F124/><W121/><G121/><T118/><D120/><U87/><E62/><V94/><F122/><W11/><G11/><T34/><D116/><U113/><E8/><V110/><F117/><W31/><G31/><T6/><D118/><U92/><E113/><V9/><F111/><W7/><G7/><T83/><D6/><U28/><E108/><V1/><F110/><W80/><G80/><T93/><D83/><U103/><REACH who="1" step="1"/><E129/><REACH who="1" ten="250,270,220,240" step="2"/><V15/><F131/><W23/><G23/><T5/><D22/><U47/><E47/><V133/><F9/><W16/><G16/><T36/><D19/><U69/><E69/><V55/><F17/><W29/><G29/><T119/><D130/><U84/><E84/><V89/><F133/><W66/><AGARI ba="0,2" hai="40,41,42,43,44,50,56,61,66,88,91,97,100,105" machi="66" ten="30,7900,0" yaku="21,2,0,1,54,1,53,0" doraHai="78" doraHaiUra="14" who="3" fromWho="3" sc="250,-20,270,-39,220,-20,240,99" />
</Scene>
<Scene>
<INIT seed="2,0,0,0,0,135" ten="230,231,200,339" oya="2" hai0="108,45,127,32,18,12,131,65,56,98,110,24,69" hai1="89,121,4,126,100,42,103,85,38,132,9,64,94" hai2="53,107,114,28,66,82,90,23,20,29,128,113,48" hai3="133,26,101,36,112,115,41,92,86,7,14,19,22"/><V33/><F33/><W111/><G133/><T97/><D69/><U51/><E132/><V16/><F107/><W109/><G36/><T57/><D131/><U62/><E121/><V47/><F128/><W55/><G41/><T91/><D45/><U25/><E25/><V84/><F66/><W49/><G7/><T54/><D65/><U123/><E123/><V35/><F35/><W75/><G75/><T99/><D91/><U88/><E38/><V134/><F134/><W73/><G73/><T34/><D56/><U5/><E126/><V105/><F105/><W130/><G26/><T40/><D40/><U15/><E4/><V71/><F71/><W63/><G63/><N who="0" m="36279" /><D24/><U118/><E118/><V117/><F117/><W106/><G106/><T21/><D127/><U81/><E42/><V83/><F23/><W104/><G104/><T76/><D76/><U8/><E51/><V0/><F0/><W52/><G55/><T61/><D61/><U80/><E8/><V31/><REACH who="2" step="1"/><F83/><REACH who="2" ten="230,231,190,339" step="2"/><W50/><G130/><T13/><D34/><U59/><REACH who="1" step="1"/><E80/><REACH who="1" ten="230,221,190,339" step="2"/><V30/><N who="2" m="7168" /><DORA hai="102" /><V78/><F78/><W11/><G22/><T43/><D32/><U37/><E37/><V93/><F93/><W10/><G92/><T6/><D21/><U60/><E60/><V68/><F68/><W77/><G77/><T46/><D108/><U1/><E1/><V39/><F39/><W96/><G109/><T72/><D110/><U67/><E67/><V116/><F116/><W79/><G111/><T95/><D95/><U119/><E119/><V44/><F44/><W87/><G79/><RYUUKYOKU ba="0,2" sc="230,-15,221,15,190,15,339,-15" hai1="5,9,15,59,62,64,81,85,88,89,94,100,103" hai2="16,20,47,48,53,82,84,90,113,114" />
</Scene>
<Scene>
<INIT seed="2,1,2,3,5,99" ten="215,236,205,324" oya="2" hai0="5,92,108,52,47,101,0,125,16,84,107,35,27" hai1="74,81,117,69,86,67,116,104,77,113,79,56,97" hai2="118,123,94,6,122,105,134,126,130,8,85,131,55" hai3="96,10,102,68,100,64,45,25,112,31,13,78,71"/><V103/><F118/><N who="1" m="45673" /><E69/><V106/><F126/><W59/><G71/><T28/><D107/><N who="2" m="40970" /><F55/><W20/><G68/><T37/><D125/><U43/><E43/><V42/><F42/><W93/><G112/><T63/><D108/><U98/><E67/><V39/><F39/><W120/><G120/><N who="2" m="46121" /><F8/><W3/><G3/><T41/><D5/><U32/><E56/><V46/><F46/><W33/><G78/><T18/><D0/><U23/><E32/><V111/><F6/><N who="3" m="3287" /><G33/><T76/><D76/><N who="1" m="44183" /><E23/><V89/><F134/><W19/><G45/><T88/><REACH who="0" step="1"/><D101/><REACH who="0" ten="205,236,205,324" step="2"/><N who="1" m="62511" /><E113/><V121/><F121/><W24/><G102/><T49/><D49/><U132/><E132/><V54/><F111/><W95/><G100/><T11/><D11/><U66/><E66/><V14/><F103/><W34/><G64/><T80/><D80/><N who="1" m="47375" /><E79/><V91/><F131/><W114/><G114/><T90/><D90/><U109/><E98/><V29/><F130/><W133/><G96/><T83/><D83/><U135/><E135/><V2/><F2/><W51/><G133/><T44/><D44/><U60/><E60/><V87/><F91/><W119/><G119/><T48/><D48/><U53/><E53/><V82/><F54/><W72/><G51/><T61/><D61/><U115/><E115/><V40/><F40/><W9/><G9/><T128/><D128/><U4/><E4/><V21/><F82/><W38/><G38/><T36/><D36/><U124/><E124/><V62/><F62/><W7/><G7/><T57/><AGARI ba="1,3" hai="16,18,27,28,35,37,41,47,52,57,63,84,88,92" machi="57" ten="30,8000,1" yaku="1,1,0,1,54,3,53,0" doraHai="99" doraHaiUra="129" who="0" fromWho="0" sc="205,113,236,-21,205,-41,324,-21" />
</Scene>
<Scene>
<INIT seed="3,0,0,4,5,2" ten="318,215,164,303" oya="3" hai0="59,53,33,104,97,95,31,114,101,14,13,49,130" hai1="88,112,29,9,21,8,41,125,42,126,81,85,105" hai2="120,108,113,87,66,116,64,75,122,128,65,27,86" hai3="78,57,115,16,127,134,28,129,73,47,84,54,83"/><W74/><G115/><T11/><D114/><U91/><E112/><V50/><F113/><RYUUKYOKU type="kaze4" ba="0,0" sc="318,0,215,0,164,0,303,0" />
</Scene>
<Scene>
<INIT seed="3,1,0,4,5,8" ten="318,215,164,303" oya="3" hai0="102,78,20,5,61,97,85,63,25,35,127,2,115" hai1="23,132,68,58,12,7,83,65,89,116,71,64,123" hai2="92,76,19,50,120,126,80,28,10,100,34,111,118" hai3="45,39,22,27,67,112,86,26,29,128,47,53,121"/><W103/><G121/><T0/><D35/><U55/><E123/><V62/><F120/><W18/><G112/><T42/><D115/><U6/><E132/><V119/><F111/><W59/><G128/><T1/><D5/><N who="1" m="1547" /><E71/><V49/><F126/><W114/><G114/><T77/><D42/><U21/><E68/><V124/><F124/><W135/><G135/><T110/><D110/><U73/><E73/><V122/><F122/><W66/><G103/><T101/><D127/><U14/><E116/><V36/><F36/><W3/><G3/><T88/><D77/><U94/><E83/><V11/><F34/><W32/><G86/><T109/><D78/><U84/><E23/><V74/><F28/><W107/><G107/><T31/><D109/><U72/><E72/><V15/><F10/><W9/><G9/><T57/><D97/><U82/><E82/><V99/><REACH who="2" step="1"/><F62/><REACH who="2" ten="318,215,154,303" step="2"/><W108/><G108/><T113/><D61/><N who="1" m="36063" /><E21/><V41/><F41/><W95/><G39/><T52/><REACH who="0" step="1"/><D113/><REACH who="0" ten="308,215,154,303" step="2"/><U131/><E131/><V96/><F96/><W93/><G32/><T38/><D38/><U117/><E117/><AGARI ba="1,2" hai="11,15,19,49,50,74,76,80,92,99,100,117,118,119" machi="117" ten="40,2600,0" yaku="1,1,52,1,53,0" doraHai="8" doraHaiUra="37" who="2" fromWho="1" sc="308,0,215,-29,154,49,303,0" />
</Scene>
<Scene>
<INIT seed="4,0,0,5,1,16" ten="308,186,203,303" oya="0" hai0="112,44,91,129,123,127,47,10,134,104,27,90,19" hai1="21,82,55,84,46,122,33,68,23,108,25,70,51" hai2="62,8,9,32,71,22,4,63,107,1,57,88,72" hai3="42,126,110,124,135,43,49,96,38,118,45,17,3"/><T2/><D123/><U64/><E122/><V35/><F107/><W0/><G110/><T117/><D117/><U115/><E108/><V58/><F71/><W95/><G118/><T132/><D104/><U92/><E115/><V15/><F72/><W53/><G135/><N who="0" m="51755" /><D112/><U48/><E92/><V11/><F11/><W116/><G116/><T14/><D127/><N who="3" m="48681" /><G17/><N who="0" m="8407" /><D2/><N who="3" m="553" /><G38/><T52/><D129/><U130/><E130/><V79/><F79/><W73/><G73/><T69/><D69/><U24/><E33/><V50/><F50/><W12/><G12/><T83/><D83/><U119/><E119/><V99/><F1/><W13/><G13/><T113/><D113/><U111/><E111/><V34/><F15/><W121/><G121/><T78/><D78/><U29/><E51/><V60/><F4/><W56/><G45/><N who="0" m="17483" /><D52/><U6/><E64/><V97/><F8/><W37/><G37/><T133/><D133/><U85/><E6/><V100/><F9/><W67/><G67/><T5/><D5/><U40/><E55/><V59/><F63/><W66/><G66/><T109/><D109/><U103/><E103/><AGARI ba="0,0" hai="42,43,49,53,56,95,96,103" m="553,48681" machi="103" ten="30,1000,0" yaku="18,1" doraHai="16" who="3" fromWho="1" sc="308,0,186,-10,203,0,303,10" />
</Scene>
<Scene>
<INIT seed="5,0,0,3,3,41" ten="308,176,203,313" oya="1" hai0="105,46,53,24,61,32,128,96,90,62,118,100,83" hai1="14,98,11,37,85,101,114,106,129,116,113,56,102" hai2="88,18,63,78,103,81,86,130,51,108,75,50,92" hai3="97,109,112,29,69,21,82,91,95,117,5,1,8"/><U125/><E116/><V13/><F108/><W72/><G109/><T16/><D118/><U44/><E125/><V127/><F127/><W68/><G117/><T123/><D128/><U10/><E129/><V3/><F3/><W71/><G112/><N who="1" m="43114" /><E101/><V135/><F130/><W115/><G115/><T132/><D132/><U42/><E14/><V47/><F135/><W48/><G29/><T122/><D90/><U65/><E85/><V54/><F63/><AGARI ba="0,0" hai="10,11,37,42,44,56,63,65,98,102,106" m="43114" machi="63" ten="30,2900,0" yaku="15,1,52,1" doraHai="41" who="1" fromWho="2" sc="308,0,176,29,203,-29,313,0" />
</Scene>
<Scene>
<INIT seed="5,1,0,5,2,65" ten="308,205,174,313" oya="1" hai0="111,83,91,78,9,31,123,34,27,130,115,12,68" hai1="47,116,53,25,58,134,100,22,76,127,98,32,69" hai2="39,55,1,119,20,57,103,10,40,66,50,101,7" hai3="8,86,2,95,85,5,4,124,131,132,14,114,107"/><U73/><E116/><V121/><F119/><W13/><G107/><T52/><D111/><U70/><E32/><V41/><F121/><W135/><G131/><T105/><D105/><U106/><E134/><N who="3" m="51242" /><G114/><T81/><D115/><U63/><E127/><V54/><F20/><W61/><G124/><T18/><D130/><U129/><E129/><V72/><F72/><W42/><G42/><T64/><D123/><U74/><E47/><V23/><F66/><W19/><G61/><T77/><D52/><U104/><E104/><V35/><F35/><W60/><G60/><T38/><D38/><U15/><E15/><V75/><F75/><W108/><G108/><T109/><D109/><U110/><E110/><V92/><F23/><N who="3" m="11759" /><G95/><T94/><D64/><U97/><E98/><V90/><F55/><W79/><G79/><T118/><D118/><U102/><E100/><V117/><F117/><W28/><G28/><T6/><D78/><U88/><E88/><V82/><F82/><W89/><G89/><T3/><D77/><U59/><E58/><V46/><REACH who="2" step="1"/><F41/><REACH who="2" ten="308,205,164,313" step="2"/><W51/><G8/><N who="0" m="6407" /><D81/><U29/><REACH who="1" step="1"/><E74/><REACH who="1" ten="308,195,164,313" step="2"/><V33/><F33/><W96/><G14/><T113/><D34/><U0/><E0/><V17/><F17/><W30/><G2/><T112/><D3/><U128/><E128/><V125/><F125/><W126/><G126/><T67/><D112/><U36/><E36/><V87/><AGARI ba="1,2" hai="1,7,10,39,40,46,50,54,57,87,90,92,101,103" machi="87" ten="20,2700,0" yaku="1,1,0,1,7,1,53,0" doraHai="65" doraHaiUra="120" who="2" fromWho="2" sc="308,-8,195,-14,164,50,313,-8" />
</Scene>
<Scene>
<INIT seed="6,0,0,0,2,3" ten="300,181,214,305" oya="2" hai0="102,30,119,96,111,65,93,59,14,55,7,10,101" hai1="115,27,91,32,118,134,85,8,126,51,34,20,22" hai2="31,128,135,132,40,54,44,112,113,15,56,72,16" hai3="114,74,17,43,63,123,89,105,127,86,83,2,73"/><V18/><F72/><W26/><G123/><T76/><D111/><U70/><E118/><V12/><F128/><W45/><G105/><T130/><D130/><U90/><E70/><V39/><F31/><W100/><G100/><N who="0" m="60431" /><D119/><U98/><E126/><V116/><F116/><W28/><G127/><T50/><D76/><U5/><E115/><N who="2" m="44107" /><F15/><W11/><G63/><N who="0" m="38143" /><D30/><U131/><E131/><V82/><F82/><W0/><G0/><T88/><D88/><U108/><E108/><V46/><F46/><AGARI ba="0,0" hai="7,10,14,46,50,55,101,102" m="38143,60431" machi="46" ten="30,2000,0" yaku="8,1,52,1" doraHai="3" who="0" fromWho="2" sc="300,20,181,0,214,-20,305,0" />
</Scene>
<Scene>
<INIT seed="7,0,0,2,4,119" ten="320,181,194,305" oya="3" hai0="14,70,135,66,114,0,56,83,7,117,85,27,111" hai1="124,32,3,72,128,109,15,84,42,115,17,105,122" hai2="44,108,94,120,98,16,74,68,40,1,130,38,100" hai3="61,113,58,87,88,29,90,91,95,55,28,23,13"/><W89/><G113/><T71/><D111/><U97/><RYUUKYOKU type="yao9" ba="0,0" sc="320,0,181,0,194,0,305,0" hai1="3,15,17,32,42,72,84,97,105,109,115,122,124,128" />
</Scene>
<Scene>
<INIT seed="7,1,0,0,5,117" ten="320,181,194,305" oya="3" hai0="61,28,110,99,59,24,46,91,66,51,73,69,120" hai1="114,56,134,16,2,89,14,57,130,72,104,48,127" hai2="35,15,70,68,107,93,125,17,102,62,123,1,118" hai3="22,119,27,109,53,103,92,39,41,63,132,77,9"/><W95/><G119/><T18/><D120/><U7/><E104/><V45/><F118/><W5/><G132/><T10/><D73/><U67/><E134/><V60/><F1/><W6/><G77/><T113/><D110/><U36/><E36/><V50/><F107/><W128/><G128/><T43/><D113/><U74/><E130/><V58/><F35/><W100/><G39/><T133/><D133/><U55/><E114/><V42/><F123/><W38/><G38/><T8/><D69/><U75/><E127/><V54/><F125/><W94/><G41/><T122/><D122/><U34/><E34/><V82/><F82/><W78/><G78/><T49/><D18/><U31/><E31/><V84/><F62/><W76/><G76/><T111/><D51/><U3/><E7/><N who="3" m="2570" /><G9/><N who="0" m="3691" /><D111/><U79/><E79/><V88/><F102/><W26/><G109/><T29/><D24/><N who="3" m="9257" /><G22/><AGARI ba="1,0" hai="15,17,22,42,45,50,54,58,60,68,70,84,88,93" machi="22" ten="30,2000,0" yaku="7,1,54,1" doraHai="117" who="2" fromWho="3" sc="320,0,181,0,194,23,305,-23" owari="320,42.0,181,-32.0,217,-18.0,282,8.0" />
</Scene>
</mjloggm>