<mjloggm ver="2.3"><GO type="169" lobby="0"/><UN n0="%E5%A4%AA%E3%81%8F%E3%81%AA%E3%81%84%E3%81%8A" n1="%E3%82%AF%E3%83%AD%E3%83%8E%E3%82%B9%40" n2="%6E%65%6F%40%75%6E%69" n3="%73%68%69%6D%75%73%68%69" dan="17,17,18,16" rate="2147.58,2216.87,2236.27,2122.19" sx="M,M,M,M"/><TAIKYOKU oya="0"/>

<Scene>
<INIT seed="0,0,0,5,1,61" ten="250,250,250,250" oya="0" hai0="105,65,74,45,8,117,101,119,83,63,0,76,22" hai1="11,60,103,34,86,49,9,125,88,116,13,79,64" hai2="2,15,90,94,71,82,73,114,80,129,50,95,111" hai3="132,33,19,78,104,20,36,27,126,131,4,118,3"/><T112/><D112/><U47/><E34/><V107/><F2/><W62/><G118/><T35/><D35/><U108/><E116/><V16/><F107/><W30/><G104/><T68/><D22/><U18/><E108/><V31/><F114/><W135/><G36/><T81/><D81/><N who="1" m="49231" /><E125/><V54/><F71/><W40/><G40/><T10/><D10/><N who="1" m="6455" /><E103/><V120/><F31/><W89/><G78/><T56/><D56/><N who="1" m="36871" /><E79/><V92/><F73/><W134/><G126/><T38/><D101/><U7/><E7/><V124/><F111/><W21/><G33/><T133/><D133/><U42/><AGARI ba="0,0" hai="9,11,42,47,49" m="36871,6455,49231" machi="42" ten="30,4000,0" yaku="8,1,52,1,54,1" doraHai="61" who="1" fromWho="1" sc="250,-20,250,40,250,-10,250,-10" />
</Scene>
<Scene>
<INIT seed="1,0,0,2,2,108" ten="230,290,240,240" oya="1" hai0="57,6,24,125,53,78,10,2,58,65,46,19,107" hai1="13,17,103,40,26,76,33,130,0,49,67,25,120" hai2="126,35,88,7,100,30,69,59,14,9,1,77,60" hai3="18,129,32,113,105,127,110,48,74,91,44,62,85"/><U119/><E120/><V52/><F126/><W29/><G127/><T80/><D107/><U34/><E103/><V135/><F77/><W134/><G105/><T114/><D125/><U27/><E67/><V55/><F69/><W128/><G74/><T83/><D65/><U56/><E76/><V16/><F100/><W5/><G110/><T45/><D80/><U64/><E64/><V116/><F116/><W43/><G134/><T79/><D79/><U63/><E63/><V118/><F55/><W87/><G5/><T21/><D114/><U20/><E119/><V73/><F135/><W86/><G62/><T28/><D28/><N who="1" m="17447" /><E56/><V71/><F71/><W112/><G91/><T84/><REACH who="0" step="1"/><D58/><REACH who="0" ten="220,290,240,240" step="2"/><U51/><E130/><N who="3" m="50282" /><G18/><T38/><D38/><U39/><E39/><V132/><F16/><W104/><G104/><T90/><D90/><U36/><E36/><V61/><F88/><W15/><G15/><T92/><D92/><U37/><E37/><V23/><F14/><W70/><G70/><T121/><D121/><U102/><E13/><V98/><F118/><W111/><G111/><T12/><D12/><U101/><E17/><V68/><F68/><W124/><G124/><T123/><D123/><U72/><E72/><V96/><F73/><W41/><G112/><T122/><D122/><U97/><E102/><V89/><F89/><W95/><G113/><T42/><D42/><U8/><E40/><V4/><F132/><W31/><G43/><T82/><D82/><U117/><E101/><V54/><F59/><W94/><G31/><T99/><D99/><U50/><E97/><RYUUKYOKU ba="0,1" sc="220,15,290,-15,240,-15,240,15" hai0="2,6,10,19,21,24,45,46,53,57,78,83,84" hai3="29,32,41,44,48,85,86,87,94,95" />
</Scene>
<Scene>
<INIT seed="2,1,1,4,4,71" ten="235,275,225,255" oya="2" hai0="102,104,129,68,63,100,134,126,5,37,124,40,61" hai1="53,57,28,1,120,30,69,90,43,34,45,8,95" hai2="9,21,26,22,7,79,94,98,39,67,77,108,4" hai3="56,113,55,133,135,99,110,13,44,97,84,128,78"/><V74/><F39/><W103/><G110/><T80/><D134/><N who="3" m="51209" /><G128/><T121/><D121/><U86/><E69/><V82/><F108/><W119/><G119/><T2/><D129/><U111/><E34/><V122/><F79/><W87/><G113/><T38/><D40/><U125/><E125/><N who="0" m="48233" /><D80/><U0/><E120/><V96/><F122/><W23/><G44/><T117/><D117/><U29/><E8/><V51/><F98/><N who="3" m="37387" /><G103/><N who="0" m="39467" /><D104/><U115/><E115/><V16/><F67/><W42/><G42/><T92/><D92/><U32/><E32/><V25/><F51/><N who="3" m="30847" /><G78/><T85/><D85/><U88/><E111/><V33/><F33/><W6/><G6/><T31/><D31/><U18/><E90/><V41/><F41/><W127/><G127/><T106/><D106/><U14/><E45/><V91/><REACH who="2" step="1"/><F9/><REACH who="2" ten="235,275,215,255" step="2"/><W50/><G50/><T59/><D68/><U65/><E43/><V3/><F3/><W35/><G35/><T62/><D59/><U116/><E116/><V48/><F48/><W132/><G132/><T15/><D2/><U109/><E109/><V36/><F36/><N who="0" m="13930" /><D5/><U112/><E0/><V54/><F54/><W72/><G72/><T24/><D15/><U131/><E1/><V114/><F114/><W89/><G13/><T47/><D47/><U46/><E112/><V17/><AGARI ba="1,2" hai="4,7,16,17,21,22,25,26,74,77,82,91,94,96" machi="17" ten="20,12000,1" yaku="1,1,0,1,7,1,9,1,54,1,53,0" doraHai="71" doraHaiUra="81" who="2" fromWho="2" sc="235,-41,275,-41,215,143,255,-41" />
</Scene>
<Scene>
<INIT seed="2,2,0,5,3,18" ten="194,234,358,214" oya="2" hai0="131,84,79,114,14,15,46,1,111,37,44,85,33" hai1="29,125,30,53,28,43,38,42,92,62,11,96,71" hai2="70,60,52,51,59,101,134,87,13,5,89,75,81" hai3="127,6,120,26,65,17,4,22,82,68,10,118,69"/><V133/><F75/><W135/><G118/><T115/><D1/><U77/><E77/><V34/><F34/><W113/><G120/><T91/><D33/><U106/><E106/><V107/><F107/><W21/><G127/><T39/><D79/><U122/><E38/><V74/><F101/><W47/><G135/><T104/><D104/><U35/><E125/><V99/><F99/><W123/><G123/><T119/><D91/><U109/><E109/><V7/><F74/><W9/><G113/><T2/><D2/><U25/><E35/><V64/><REACH who="2" step="1"/><F13/><REACH who="2" ten="194,234,348,214" step="2"/><N who="3" m="9391" /><G68/><T32/><D32/><U27/><E122/><V55/><F55/><W41/><G69/><T110/><REACH who="0" step="1"/><D119/><REACH who="0" ten="184,234,348,214" step="2"/><U19/><E96/><V93/><F93/><W8/><G82/><T24/><D24/><U54/><E92/><V130/><F130/><AGARI ba="2,2" hai="14,15,37,39,44,46,84,85,110,111,114,115,130,131" machi="130" ten="25,8000,1" yaku="1,1,22,2,53,2" doraHai="18" doraHaiUra="80" who="0" fromWho="2" sc="184,106,234,0,348,-86,214,0" />
</Scene>
<Scene>
<INIT seed="3,0,0,1,5,116" ten="290,234,262,214" oya="3" hai0="102,38,64,120,108,84,19,32,67,72,129,70,59" hai1="83,57,23,96,115,65,52,20,33,133,128,6,107" hai2="41,99,36,95,48,62,74,82,5,103,121,104,42" hai3="37,119,78,58,61,106,34,73,13,9,50,80,7"/><W46/><G119/><T51/><D72/><U126/><E33/><V86/><F36/><W44/><G34/><T90/><D38/><U49/><E115/><V117/><F117/><W1/><G106/><T31/><D70/><U43/><E128/><V75/><F121/><W30/><G30/><T60/><D129/><U71/><E133/><V35/><F62/><W4/><G37/><T100/><D108/><U56/><E126/><V27/><F5/><W130/><G130/><T47/><D67/><U134/><E134/><V135/><F135/><W81/><G81/><T101/><D120/><U93/><E107/><V22/><F35/><W39/><G39/><T127/><D127/><U85/><E6/><V63/><F63/><W66/><G7/><T122/><D122/><U25/><E43/><V94/><F94/><W79/><G79/><T26/><D19/><U3/><E3/><V76/><F48/><W14/><REACH who="3" step="1"/><G46/><REACH who="3" ten="290,234,262,204" step="2"/><T24/><D31/><U124/><E124/><V12/><F75/><W111/><G111/><T118/><D118/><U109/><E109/><V28/><F12/><W10/><G10/><T21/><D32/><U54/><E25/><V17/><F28/><W87/><G87/><T88/><D84/><U91/><E71/><V11/><F11/><W29/><G29/><N who="0" m="17551" /><D26/><U110/><E110/><V16/><F17/><W68/><G68/><T55/><AGARI ba="0,1" hai="47,51,55,59,60,64,88,90,100,101,102" m="17551" machi="55" ten="30,2000,0" yaku="8,1,54,1" doraHai="116" who="0" fromWho="0" sc="290,30,234,-5,262,-5,204,-10" />
</Scene>
<Scene>
<INIT seed="4,0,0,2,5,1" ten="320,229,257,194" oya="0" hai0="80,47,122,62,86,27,111,39,31,92,41,17,23" hai1="30,128,13,112,73,32,110,28,87,109,93,100,21" hai2="88,129,8,103,77,25,125,115,83,116,98,49,53" hai3="33,10,69,79,123,45,89,43,48,61,35,108,3"/><T12/><D122/><U16/><E73/><V124/><F115/><W19/><G108/><T54/><D111/><U78/><E112/><V15/><F25/><W74/><G123/><T135/><D135/><U24/><E128/><V66/><F66/><N who="3" m="41167" /><G48/><T81/><D92/><U90/><E78/><V99/><F129/><W58/><G19/><T104/><D104/><U133/><E133/><V18/><F116/><W114/><G58/><T65/><D54/><U14/><E30/><V101/><F77/><W117/><G89/><T42/><D42/><U113/><E113/><V82/><F125/><W22/><G22/><T70/><REACH who="0" step="1"/><D86/><REACH who="0" ten="310,229,257,194" step="2"/><U57/><E110/><V72/><F53/><W37/><G114/><T59/><D59/><U119/><E109/><V60/><F124/><W126/><G126/><T121/><D121/><U127/><E127/><V56/><F56/><W0/><G117/><T84/><D84/><U29/><E119/><V131/><F131/><W118/><G118/><T130/><D130/><U85/><E85/><V6/><F72/><W7/><G0/><T67/><D67/><U52/><E100/><V64/><F103/><W4/><G7/><T91/><D91/><U63/><REACH who="1" step="1"/><E29/><REACH who="1" ten="310,219,257,194" step="2"/><V102/><F101/><W20/><G74/><T120/><D120/><U107/><E107/><V51/><F102/><W44/><G79/><T132/><D132/><U97/><E97/><V2/><F99/><W9/><G43/><T96/><D96/><U26/><AGARI ba="0,2" hai="13,14,16,21,24,26,28,32,52,57,63,87,90,93" machi="26" ten="20,8000,1" yaku="1,1,0,1,7,1,54,2,53,0" doraHai="1" doraHaiUra="46" who="1" fromWho="1" sc="310,-40,219,100,257,-20,194,-20" />
</Scene>
<Scene>
<INIT seed="5,0,0,5,1,84" ten="270,319,237,174" oya="1" hai0="67,99,12,123,50,15,113,7,41,92,110,19,125" hai1="55,85,129,69,134,126,111,31,16,46,93,130,109" hai2="5,45,32,44,70,66,51,96,61,127,2,59,107" hai3="18,0,27,10,35,116,38,63,58,74,4,22,114"/><U40/><E69/><V79/><F127/><W65/><G114/><T95/><D110/><N who="1" m="41995" /><E31/><V13/><F2/><W105/><G105/><T68/><D113/><U11/><E126/><V87/><F32/><W49/><G38/><T82/><D125/><U88/><E55/><V100/><F70/><W24/><G74/><T64/><D123/><U97/><E134/><V30/><F30/><W128/><G128/><T101/><D68/><U78/><E78/><V20/><F20/><W103/><G103/><T71/><D71/><U120/><E97/><V8/><F51/><W77/><G77/><T131/><D131/><U104/><E104/><V98/><REACH who="2" step="1"/><F96/><REACH who="2" ten="270,319,227,174" step="2"/><W80/><G35/><T106/><D99/><U60/><E120/><V83/><AGARI ba="0,1" hai="5,8,13,44,45,59,61,66,79,83,87,98,100,107" machi="83" ten="30,4000,0" yaku="1,1,2,1,0,1,53,0" doraHai="84" doraHaiUra="133" who="2" fromWho="2" sc="270,-10,319,-20,227,50,174,-10" />
</Scene>
<Scene>
<INIT seed="6,0,0,4,0,123" ten="260,299,277,164" oya="2" hai0="105,40,91,25,43,120,113,87,112,115,4,21,12" hai1="56,97,74,27,57,32,7,89,99,82,101,1,84" hai2="51,106,90,73,36,72,70,17,29,108,128,77,45" hai3="13,19,54,114,135,5,126,14,65,111,83,33,18"/><V103/><F90/><W95/><G33/><T24/><D105/><U85/><E74/><V80/><F73/><W107/><G107/><T71/><D71/><U110/><E110/><V125/><F125/><W67/><G5/><T50/><D120/><U121/><E7/><V8/><F29/><W96/><G126/><T34/><D34/><U75/><E1/><V38/><F70/><W76/><G135/><T69/><D69/><U37/><E37/><V20/><F8/><W2/><G2/><T66/><D66/><U15/><E75/><V122/><F128/><W81/><G54/><T127/><D127/><U55/><E15/><V88/><F122/><W49/><G49/><T9/><D50/><U124/><E124/><V104/><F104/><W44/><G44/><T42/><REACH who="0" step="1"/><D21/><REACH who="0" ten="250,299,277,164" step="2"/><U11/><E32/><V100/><F106/><W78/><G114/><T118/><D118/><U132/><E121/><V129/><F38/><W41/><G111/><T28/><D28/><U60/><E132/><V39/><F39/><W62/><G67/><T98/><D98/><U133/><E99/><V23/><F36/><W116/><G116/><T94/><AGARI ba="0,1" hai="4,9,12,24,25,40,42,43,87,91,94,112,113,115" machi="94" ten="40,5200,0" yaku="1,1,0,1,15,1,53,0" doraHai="123" doraHaiUra="61" who="0" fromWho="0" sc="250,62,299,-13,277,-26,164,-13" />
</Scene>
<Scene>
<INIT seed="7,0,0,3,1,88" ten="312,286,251,151" oya="3" hai0="26,120,105,55,2,41,58,18,104,8,119,117,76" hai1="112,125,111,74,96,0,103,11,53,35,128,30,27" hai2="126,84,73,31,60,47,16,3,4,54,86,36,21" hai3="106,85,12,13,29,124,78,97,63,123,68,130,81"/><W87/><G123/><T99/><D120/><U92/><E111/><V132/><F73/><W79/><G124/><T100/><D104/><U66/><E74/><V77/><F132/><W71/><G130/><T69/><D69/><U70/><E128/><V52/><F31/><W107/><G29/><T118/><D41/><U67/><E112/><V135/><F135/><W51/><G51/><T94/><D76/><U64/><E125/><V32/><F32/><W57/><G57/><T80/><D80/><U22/><E35/><V115/><F77/><W59/><G59/><T114/><D114/><U65/><E65/><V23/><F23/><W7/><G7/><T127/><D127/><U38/><E38/><V61/><F115/><W43/><G43/><T101/><D2/><U49/><E0/><V134/><F134/><W10/><G63/><T98/><D8/><U82/><E82/><V56/><F126/><W93/><G81/><T72/><D72/><U133/><E11/><N who="2" m="2463" /><F61/><W108/><G10/><T129/><D129/><U45/><REACH who="1" step="1"/><E133/><REACH who="1" ten="312,276,251,151" step="2"/><V50/><F36/><W40/><G108/><T122/><D122/><U48/><E48/><N who="2" m="28703" /><F60/><AGARI ba="0,1" hai="22,27,30,45,49,53,60,64,66,67,70,92,96,103" machi="60" ten="40,2600,0" yaku="1,1,52,1,53,0" doraHai="88" doraHaiUra="131" who="1" fromWho="2" sc="312,0,276,36,251,-26,151,0" owari="312,41.0,312,11.0,225,-17.0,151,-35.0" />
</Scene>
</mjloggm>