<mjloggm ver="2.3"><GO type="169" lobby="0"/><UN n0="%E3%82%BF%E3%83%8A%E3%82%AE" n1="%E5%A4%AA%E3%81%8F%E3%81%AA%E3%81%84%E3%81%8A" n2="%E3%82%AB%E3%83%8B%E3%83%9E%E3%83%A8" n3="%E3%81%97%E3%82%93%E3%82%84%E3%81%A3%E3%81%A1" dan="18,18,17,16" rate="2202.06,2158.96,2158.99,2070.77" sx="M,M,M,M"/><TAIKYOKU oya="0"/>

<Scene>
<INIT seed="0,0,0,5,1,11" ten="250,250,250,250" oya="0" hai0="42,89,114,90,118,107,87,80,10,31,108,44,1" hai1="121,57,103,32,112,6,58,106,54,119,8,36,19" hai2="125,92,20,3,39,34,46,5,74,132,104,88,67" hai3="4,100,7,115,91,110,23,105,82,33,133,129,97"/><T17/><D114/><U70/><E70/><V29/><F104/><W65/><G115/><T47/><D118/><U66/><E112/><V56/><F74/><W38/><G110/><T27/><D107/><U79/><E121/><V73/><F73/><W71/><G33/><T48/><D108/><U72/><E32/><V14/><F34/><W28/><G133/><T99/><D47/><U24/><E36/><V101/><F101/><W61/><G38/><T13/><D1/><U37/><E37/><V86/><F125/><W15/><G129/><T113/><D113/><U93/><E106/><V85/><F3/><W26/><G82/><T25/><REACH who="0" step="1"/><D31/><REACH who="0" ten="240,250,250,250" step="2"/><U59/><E119/><V75/><F29/><W50/><G105/><T83/><D83/><U131/><E131/><V130/><F130/><W123/><G28/><T111/><D111/><U122/><E122/><V55/><F46/><W135/><G123/><T22/><D22/><U52/><E93/><AGARI ba="0,1" hai="10,13,17,25,27,42,44,48,80,87,89,90,93,99" machi="93" ten="40,12000,1" yaku="1,1,8,1,52,1,53,1" doraHai="11" doraHaiUra="95" who="0" fromWho="1" sc="240,130,250,-120,250,0,250,0" />
</Scene>
<Scene>
<INIT seed="0,1,0,2,3,46" ten="370,130,250,250" oya="0" hai0="110,51,58,89,104,70,85,61,72,31,30,75,122" hai1="133,117,29,1,21,69,62,80,22,2,13,43,119" hai2="37,87,57,95,52,7,15,19,135,116,53,4,90" hai3="67,118,32,24,71,131,108,50,125,11,114,107,59"/><T86/><D122/><U115/><E43/><V121/><F37/><W78/><G114/><T47/><D104/><U129/><E80/><V6/><F121/><W68/><G118/><N who="1" m="45066" /><E62/><V132/><F116/><W84/><G107/><T34/><D70/><U55/><E55/><V105/><F105/><W14/><G108/><T79/><D79/><U3/><E69/><V100/><F100/><W76/><G76/><T82/><D110/><U0/><E115/><V45/><F45/><W36/><G36/><T26/><D30/><U83/><E83/><V126/><F126/><W101/><G101/><T39/><D85/><U99/><E99/><V40/><F40/><W41/><G125/><T35/><D35/><U112/><E112/><V48/><REACH who="2" step="1"/><F53/><REACH who="2" ten="370,130,240,250" step="2"/><W73/><G41/><T120/><D39/><U65/><E65/><V96/><F96/><W98/><G98/><T60/><D120/><U93/><E129/><V123/><F123/><W54/><G131/><T134/><D47/><U10/><E133/><V42/><F42/><W92/><G67/><T91/><D134/><U106/><E106/><V77/><F77/><W66/><G66/><T102/><D102/><U94/><E1/><V74/><F74/><W28/><G78/><N who="0" m="46423" /><D75/><U12/><E2/><V88/><F88/><N who="3" m="53255" /><G73/><T25/><D72/><U113/><E113/><V44/><F44/><W124/><G124/><T33/><D89/><U81/><E0/><V8/><AGARI ba="1,1" hai="4,6,7,8,15,19,48,52,57,87,90,95,132,135" machi="8" ten="30,7900,0" yaku="1,1,0,1,52,1,54,1,53,0" doraHai="46" doraHaiUra="17" who="2" fromWho="2" sc="370,-40,130,-21,240,92,250,-21" />
</Scene>
<Scene>
<INIT seed="1,0,0,4,3,119" ten="330,109,332,229" oya="1" hai0="105,116,126,37,24,80,51,1,16,84,12,115,34" hai1="74,124,39,83,130,20,56,26,106,82,47,95,72" hai2="111,131,76,45,18,15,117,65,3,118,120,0,103" hai3="114,71,32,58,78,9,134,66,48,7,64,90,13"/><U85/><E106/><V28/><F65/><W19/><G114/><T128/><D37/><U112/><E112/><V81/><F103/><W50/><G78/><T96/><D115/><U54/><E130/><V109/><F131/><W108/><G108/><N who="2" m="41545" /><F120/><W63/><G32/><T60/><D1/><N who="2" m="586" /><F28/><W113/><G113/><T70/><D128/><U17/><E124/><V61/><F45/><W122/><G122/><T27/><D126/><U67/><E67/><V87/><F61/><W6/><G134/><T89/><D60/><U99/><E39/><V2/><F2/><W69/><G69/><T110/><D70/><U127/><E47/><V41/><F41/><W38/><G38/><T92/><D105/><U97/><E127/><V14/><F14/><W23/><G66/><T5/><D116/><U46/><E46/><V42/><F42/><W102/><G102/><T22/><D110/><U21/><E21/><AGARI ba="0,0" hai="15,18,21,76,81,87,117,118" m="586,41545" machi="21" ten="30,1000,0" yaku="14,1" doraHai="119" who="2" fromWho="1" sc="330,0,109,-10,332,10,229,0" />
</Scene>
<Scene>
<INIT seed="2,0,0,2,5,43" ten="330,99,342,229" oya="2" hai0="76,62,36,50,5,46,56,8,25,15,102,72,58" hai1="51,89,14,7,83,82,131,54,30,120,113,32,60" hai2="23,67,19,91,52,70,16,31,111,26,75,73,77" hai3="55,69,61,79,90,48,85,127,53,103,22,45,41"/><V109/><F67/><W63/><G79/><T98/><D36/><U132/><E113/><V117/><F117/><W37/><G103/><T35/><D76/><U105/><E105/><V42/><F70/><W126/><G22/><T21/><D72/><U65/><E131/><V33/><F42/><W107/><G107/><T112/><D35/><U4/><E132/><V95/><F19/><W2/><G2/><T27/><D112/><U44/><E120/><V88/><F91/><W34/><G34/><T81/><D81/><U74/><E74/><V66/><F66/><N who="3" m="41167" /><G85/><T115/><D115/><U24/><E89/><V101/><F101/><W40/><G90/><T94/><D62/><U17/><E83/><V87/><F77/><W119/><G119/><T12/><D12/><U93/><E93/><V104/><F104/><W59/><G40/><N who="0" m="24903" /><D27/><U100/><E100/><V80/><F80/><W123/><G123/><T9/><D9/><U134/><E82/><V110/><F52/><N who="3" m="34279" /><G37/><T92/><D94/><U20/><REACH who="1" step="1"/><E134/><REACH who="1" ten="330,89,342,229" step="2"/><V99/><F99/><W106/><G106/><T18/><AGARI ba="0,1" hai="5,8,15,18,21,25,56,58,92,98,102" m="24903" machi="18" ten="30,2000,0" yaku="8,1,52,1" doraHai="43" who="0" fromWho="0" sc="330,30,89,-5,342,-10,229,-5" />
</Scene>
<Scene>
<INIT seed="3,0,0,4,0,20" ten="360,84,332,224" oya="3" hai0="46,15,101,68,69,80,99,13,6,103,58,82,32" hai1="25,62,65,64,71,118,130,23,110,19,47,119,49" hai2="89,92,129,61,53,18,66,39,87,132,98,36,8" hai3="121,5,21,35,109,126,3,133,73,2,107,120,104"/><W76/><G35/><T90/><D32/><U102/><E110/><V70/><F129/><W1/><G109/><T117/><D117/><U26/><E130/><V81/><F132/><W106/><G133/><T79/><D46/><U63/><E102/><V43/><F43/><W86/><G86/><T41/><D41/><U29/><E49/><V91/><F53/><W45/><G45/><T9/><D90/><U50/><E50/><V95/><F81/><N who="3" m="45199" /><G21/><T100/><D99/><U40/><E47/><V122/><F122/><N who="3" m="47211" /><G5/><T131/><D131/><U77/><E77/><V75/><F75/><W113/><G126/><T56/><D15/><U85/><E85/><V124/><F124/><W42/><G42/><T10/><D10/><U57/><REACH who="1" step="1"/><E40/><REACH who="1" ten="360,74,332,224" step="2"/><V114/><F87/><W74/><G74/><T14/><D79/><U17/><E17/><V11/><F18/><W37/><G37/><T116/><D103/><U94/><E94/><V7/><F39/><W12/><G113/><T59/><D101/><U4/><E4/><V38/><F114/><W55/><G107/><T93/><D6/><U108/><E108/><V44/><F38/><W128/><G106/><T125/><D93/><U127/><E127/><V72/><F72/><W123/><G104/><T16/><D125/><U54/><E54/><V60/><F36/><W48/><G123/><T31/><D100/><U28/><E28/><V115/><F115/><W0/><G128/><T96/><D31/><U67/><E67/><N who="2" m="41319" /><F44/><W22/><N who="3" m="0" /><DORA hai="135" /><W105/><G105/><T34/><D16/><U83/><E83/><V134/><F7/><RYUUKYOKU ba="0,1" sc="360,-10,74,30,332,-10,224,-10" hai1="19,23,25,26,29,57,62,63,64,65,71,118,119" />
</Scene>
<Scene>
<INIT seed="4,1,1,2,1,108" ten="350,104,322,214" oya="0" hai0="97,35,98,105,92,107,0,118,26,76,37,29,49" hai1="124,55,80,134,117,4,93,5,9,89,72,114,17" hai2="16,40,102,8,69,1,86,130,48,106,47,125,96" hai3="122,95,131,12,19,75,14,54,21,11,43,127,99"/><T65/><D37/><U28/><E117/><V62/><F125/><W52/><G127/><T53/><D118/><U100/><E124/><V64/><F130/><W23/><G75/><T103/><D0/><U133/><E100/><V42/><F86/><W74/><G74/><T7/><D7/><U39/><E39/><V57/><F69/><W24/><G131/><T79/><D65/><U111/><E111/><V94/><F106/><W10/><G43/><T27/><D27/><U110/><E110/><V109/><F109/><W3/><G3/><T116/><D116/><U63/><E28/><V50/><F1/><W104/><G104/><T129/><D129/><U13/><E80/><V68/><F68/><W132/><G132/><N who="1" m="50794" /><E72/><V25/><F50/><W71/><G71/><T6/><D6/><N who="1" m="2667" /><E55/><N who="3" m="21034" /><G122/><T46/><REACH who="0" step="1"/><D107/><REACH who="0" ten="340,104,322,214" step="2"/><U82/><E13/><N who="2" m="7207" /><F25/><W119/><G119/><T59/><D59/><U20/><E17/><V15/><F15/><W2/><G2/><T30/><D30/><U22/><E63/><V115/><F64/><W56/><G56/><T67/><D67/><U126/><E126/><V60/><F57/><W112/><G14/><T128/><D128/><U77/><E9/><N who="3" m="3082" /><G24/><T45/><D45/><U113/><E20/><V78/><F62/><W38/><G38/><T61/><D61/><U101/><E22/><V73/><F60/><W91/><G23/><T81/><D81/><U135/><E135/><V18/><F18/><W88/><G21/><T34/><D34/><U83/><E83/><V70/><F70/><W31/><G19/><T121/><D121/><U123/><E123/><RYUUKYOKU ba="1,2" sc="340,30,104,-10,322,-10,214,-10" hai0="26,29,35,46,49,53,76,79,92,97,98,103,105" />
</Scene>
<Scene>
<INIT seed="4,2,2,0,0,45" ten="370,94,312,204" oya="0" hai0="97,14,47,111,43,10,25,132,33,71,95,114,117" hai1="22,109,32,99,75,28,124,20,0,42,2,23,13" hai2="56,110,61,104,78,49,63,59,24,54,64,46,76" hai3="37,67,3,18,135,126,9,131,44,92,68,39,80"/><T112/><D117/><U40/><E75/><V16/><F104/><W90/><G135/><T26/><D71/><U106/><E106/><V4/><F4/><W122/><G122/><T134/><D111/><U5/><E99/><V65/><F110/><W123/><G123/><T55/><D55/><U73/><E73/><V108/><F108/><W115/><G115/><N who="0" m="44075" /><D97/><U74/><E74/><V98/><F98/><W38/><G80/><T89/><D89/><U17/><E109/><V105/><F105/><W50/><G131/><T125/><D95/><U91/><E91/><V66/><F66/><W35/><G35/><T102/><D102/><U77/><E77/><V119/><F119/><W1/><G126/><T51/><D125/><U100/><E100/><V81/><F81/><W19/><G67/><T127/><D127/><U84/><E84/><V48/><F48/><W116/><G116/><T29/><D26/><N who="1" m="18455" /><E124/><V11/><F24/><W41/><G68/><T57/><D57/><U86/><E86/><V94/><F94/><W30/><G92/><T85/><D85/><U53/><E53/><V36/><F36/><W72/><G90/><T8/><D8/><N who="1" m="4239" /><E42/><V87/><F87/><W93/><G72/><T69/><D69/><U129/><E40/><V58/><F59/><W130/><G93/><T88/><D88/><U118/><E118/><V120/><F120/><W6/><G39/><T113/><N who="0" m="44083" /><T21/><DORA hai="121" /><D33/><U31/><E129/><V60/><F63/><W34/><G130/><T12/><D10/><U27/><E22/><V103/><F103/><W128/><G128/><RYUUKYOKU ba="2,2" sc="370,10,94,10,312,10,204,-30" hai0="12,14,21,25,29,43,47,51,132,134" hai1="0,2,17,20,23,27,31" hai2="11,16,46,49,54,56,58,60,61,64,65,76,78" />
</Scene>
<Scene>
<INIT seed="4,3,2,4,5,5" ten="380,104,322,174" oya="0" hai0="24,126,92,34,32,46,73,6,130,65,88,100,66" hai1="53,77,119,78,85,113,91,49,43,94,11,2,37" hai2="40,19,21,82,52,3,118,123,27,55,44,135,128" hai3="54,10,105,134,133,7,90,25,112,57,64,67,41"/><T132/><D73/><U109/><E109/><V17/><F123/><W15/><G105/><T12/><D132/><N who="3" m="50793" /><G41/><T87/><D130/><U13/><E119/><V59/><F128/><W35/><G112/><T108/><D108/><U114/><E2/><V72/><F135/><W120/><G120/><T131/><D131/><U89/><E43/><V104/><F104/><W117/><G117/><T81/><D126/><U38/><E78/><V129/><F129/><W30/><G90/><T75/><D75/><U125/><E77/><V101/><F101/><W110/><G110/><T45/><D34/><U106/><E106/><V16/><F3/><W84/><G84/><T83/><D32/><U97/><E125/><V127/><F127/><W42/><G42/><T0/><D24/><U107/><E107/><V96/><F96/><W50/><AGARI ba="3,2" hai="7,10,15,25,30,35,50,54,57,64,67" m="50793" machi="50" ten="30,2000,0" yaku="20,1,52,1" doraHai="5" who="3" fromWho="3" sc="380,-13,104,-8,322,-8,174,49" />
</Scene>
<Scene>
<INIT seed="5,0,0,2,3,89" ten="367,96,314,223" oya="1" hai0="85,69,44,7,94,54,15,27,124,79,120,115,26" hai1="9,6,40,38,95,98,56,101,129,22,126,73,84" hai2="3,34,12,29,0,92,118,64,131,117,133,90,63" hai3="23,116,52,31,106,60,58,61,110,75,108,28,121"/><U21/><E73/><V88/><F133/><W45/><G121/><T32/><D69/><U122/><E122/><V41/><F41/><W51/><G75/><T57/><D32/><U14/><E129/><V11/><F131/><W50/><G106/><T105/><D105/><U97/><E126/><V77/><F77/><W25/><G28/><T100/><D120/><U87/><E38/><V134/><F134/><W53/><G116/><T119/><D119/><U13/><E40/><V37/><F37/><W86/><REACH who="3" step="1"/><G86/><REACH who="3" ten="367,96,314,213" step="2"/><N who="1" m="32810" /><E98/><V128/><F128/><W33/><G33/><T43/><D124/><U99/><E99/><V107/><F107/><W17/><G17/><T96/><D96/><U67/><E13/><V102/><F34/><W16/><G16/><T5/><D15/><U71/><E71/><V39/><F29/><W10/><G10/><T20/><D85/><U113/><E113/><V70/><F118/><W93/><G93/><T72/><D72/><U35/><E35/><V48/><F117/><W123/><G123/><T81/><D94/><U112/><E112/><V114/><F114/><W82/><G82/><T125/><D81/><U4/><E4/><V55/><F12/><W1/><G1/><T62/><D5/><U76/><E76/><V8/><F0/><W80/><G80/><T18/><D7/><U74/><E74/><V127/><F127/><W111/><AGARI ba="0,1" hai="23,25,31,45,50,51,52,53,58,60,61,108,110,111" machi="111" ten="30,7900,0" yaku="1,1,0,1,54,1,53,1" doraHai="89" doraHaiUra="42" who="3" fromWho="3" sc="367,-20,96,-39,314,-20,213,89" />
</Scene>
<Scene>
<INIT seed="6,0,0,0,3,20" ten="347,57,294,302" oya="2" hai0="81,112,80,127,109,90,126,79,59,30,23,108,26" hai1="130,53,69,78,21,27,83,86,0,132,103,122,61" hai2="94,104,113,28,101,74,58,19,22,73,6,76,133" hai3="31,88,68,63,123,17,116,1,92,87,75,57,38"/><V107/><F133/><W66/><G75/><T14/><D112/><U18/><E0/><V71/><F71/><W91/><G116/><T97/><D59/><U85/><E132/><V89/><F113/><W119/><G1/><T46/><D46/><U128/><E122/><V96/><F6/><W7/><G123/><T15/><D97/><U129/><E103/><V114/><F28/><W135/><G7/><T29/><D90/><U48/><E69/><V52/><F114/><W117/><G135/><T41/><D41/><U120/><E120/><V37/><F37/><W77/><G77/><T49/><D49/><U106/><E106/><V84/><F76/><W51/><G38/><T124/><D30/><U47/><REACH who="1" step="1"/><E61/><REACH who="1" ten="347,47,294,302" step="2"/><V3/><F107/><W24/><G68/><T131/><D126/><U54/><E54/><V16/><F3/><W33/><G119/><T34/><D127/><U40/><E40/><V44/><F104/><W8/><G117/><T62/><D124/><U93/><E93/><V100/><F100/><W64/><G63/><T72/><D62/><U110/><E110/><V70/><F70/><W82/><G66/><T65/><D65/><U55/><E55/><V12/><F101/><W45/><G64/><T39/><D108/><U42/><E42/><V56/><F94/><W10/><G92/><T115/><D109/><U99/><E99/><V50/><F96/><W134/><G134/><T4/><D115/><U67/><E67/><V98/><F98/><W2/><G2/><T105/><D105/><U5/><E5/><V60/><F60/><W35/><G82/><RYUUKYOKU ba="0,1" sc="347,-10,47,30,294,-10,302,-10" hai1="18,21,27,47,48,53,78,83,85,86,128,129,130" />
</Scene>
<Scene>
<INIT seed="7,1,1,4,4,87" ten="337,77,284,292" oya="3" hai0="120,38,80,83,103,126,123,0,8,98,129,37,65" hai1="131,112,109,20,100,76,50,93,55,121,73,94,7" hai2="99,41,125,135,67,101,54,81,6,53,12,49,39" hai3="58,102,56,14,61,42,106,128,108,15,111,45,57"/><W44/><G128/><T48/><D65/><U34/><E7/><V24/><F125/><W19/><G61/><T35/><D35/><U46/><E20/><V40/><F135/><W113/><G113/><T110/><D110/><N who="3" m="42025" /><G15/><T66/><D66/><U132/><E100/><V10/><F67/><W78/><G78/><T104/><D129/><U72/><E46/><V32/><F39/><W22/><G42/><T74/><D126/><U3/><E50/><V25/><F54/><W117/><G117/><T69/><D69/><U17/><E55/><V43/><F81/><W122/><G122/><N who="0" m="46635" /><D48/><U107/><E76/><V64/><F64/><W31/><G31/><T68/><D83/><U62/><E62/><V47/><REACH who="2" step="1"/><F32/><REACH who="2" ten="337,77,274,292" step="2"/><W30/><G30/><T13/><D80/><U118/><E17/><V75/><F75/><W84/><G84/><T11/><D74/><U51/><E51/><V115/><F115/><W86/><G86/><T116/><D38/><U82/><E82/><V18/><F18/><W130/><G130/><T59/><D37/><U85/><E85/><V60/><F60/><W26/><G26/><T95/><D68/><U96/><E73/><V2/><F2/><W97/><AGARI ba="1,2" hai="14,19,22,44,45,56,57,58,97,102,106" m="42025" machi="97" ten="40,2100,0" yaku="10,1" doraHai="87" who="3" fromWho="3" sc="337,-8,77,-8,274,-8,292,44" owari="329,13.0,69,-43.0,266,-13.0,336,43.0" />
</Scene>
</mjloggm>