<mjloggm ver="2.3"><GO type="169" lobby="0"/><UN n0="%E5%A4%AA%E3%81%8F%E3%81%AA%E3%81%84%E3%81%8A" n1="%6C%62%69%72%64%31" n2="%E3%82%BF%E3%83%8A%E3%82%AE" n3="%E3%81%84%E3%81%97%E3%81%97%E3%82%93%49%44%E7%B4%9B%E5%A4%B1" dan="17,16,18,16" rate="2156.42,2091.41,2247.46,2119.83" sx="M,M,M,M"/><TAIKYOKU oya="0"/>

<Scene>
<INIT seed="0,0,0,4,4,99" ten="250,250,250,250" oya="0" hai0="38,42,9,126,118,35,70,51,95,81,20,31,49" hai1="2,135,88,47,86,45,106,132,32,101,66,112,79" hai2="73,105,62,40,123,102,76,18,16,94,56,7,93" hai3="23,60,55,54,122,72,119,108,11,78,120,109,64"/><T111/><D118/><U71/><E2/><V90/><F123/><N who="3" m="47147" /><G119/><T28/><D70/><U17/><E79/><V59/><F7/><W0/><G23/><T48/><D35/><U98/><E32/><V8/><F40/><W128/><G128/><T121/><D121/><U43/><E112/><V82/><F8/><W14/><G0/><T103/><D126/><U114/><E114/><V134/><F134/><N who="1" m="51241" /><E66/><V96/><F93/><W3/><G3/><T1/><D111/><N who="3" m="42569" /><G78/><T25/><D31/><U107/><E71/><V41/><F41/><W67/><G72/><T75/><D1/><U53/><E53/><N who="3" m="19978" /><G60/><T37/><D75/><U30/><E30/><V87/><REACH who="2" step="1"/><F59/><REACH who="2" ten="250,250,240,250" step="2"/><W4/><AGARI ba="0,1" hai="4,11,14,64,67" m="19978,42569,47147" machi="4" ten="40,2700,0" yaku="13,1,14,1" doraHai="99" who="3" fromWho="3" sc="250,-13,250,-7,240,-7,250,37" />
</Scene>
<Scene>
<INIT seed="1,0,0,2,2,93" ten="237,243,233,287" oya="1" hai0="28,61,108,71,38,133,48,113,18,47,84,7,105" hai1="123,32,98,86,62,90,66,116,43,22,117,88,110" hai2="57,59,5,19,15,42,127,132,106,52,60,130,6" hai3="102,0,135,27,100,103,92,36,65,76,104,134,8"/><U23/><E32/><V29/><F106/><W118/><G36/><T89/><D113/><U17/><E123/><V82/><F130/><W10/><G104/><T119/><D119/><U78/><E43/><V111/><F111/><W21/><G118/><T2/><D105/><U46/><E46/><V77/><F132/><N who="3" m="50731" /><G65/><T14/><D133/><U56/><E117/><V49/><F127/><W85/><G0/><T96/><D38/><U120/><E120/><V101/><F29/><N who="3" m="17647" /><G76/><T73/><D2/><U44/><E44/><V9/><F101/><W55/><G55/><T54/><D54/><U81/><E116/><V16/><F5/><W25/><G25/><T91/><D7/><U87/><E110/><V114/><F114/><W1/><G1/><T99/><D47/><U70/><E70/><V34/><F34/><W41/><G41/><T24/><D71/><U107/><E17/><V109/><F109/><W128/><G128/><T26/><D18/><U45/><E45/><N who="2" m="25783" /><F59/><W64/><G64/><T40/><D40/><U79/><E23/><V122/><F122/><W51/><G51/><T20/><D48/><U69/><E69/><V58/><F58/><W68/><G68/><T115/><D108/><U95/><E22/><V39/><F39/><W4/><G4/><T33/><D20/><U125/><E125/><V83/><F83/><W112/><G112/><T53/><D33/><U72/><E72/><V11/><F11/><W12/><G10/><T63/><D115/><U37/><E37/><V75/><F75/><W13/><G8/><T30/><D73/><U74/><E74/><RYUUKYOKU ba="0,0" sc="237,-30,243,10,233,10,287,10" hai1="56,62,66,78,79,81,86,87,88,90,95,98,107" hai2="6,9,15,16,19,52,57,60,77,82" hai3="12,13,85,92,100,102,103" />
</Scene>
<Scene>
<INIT seed="1,1,0,3,5,95" ten="207,253,243,297" oya="1" hai0="132,48,102,89,11,58,26,2,71,42,129,34,24" hai1="120,0,47,31,82,99,115,86,83,6,90,7,84" hai2="52,39,46,3,73,63,41,35,131,33,74,59,60" hai3="113,109,97,55,29,92,38,68,5,107,43,25,62"/><U23/><E120/><V130/><F3/><W127/><G113/><T122/><D71/><U56/><E115/><V75/><REACH who="2" step="1"/><F63/><REACH who="2" ten="207,253,233,297" step="2"/><W103/><G62/><T88/><D2/><U104/><E0/><V65/><F65/><W19/><G109/><T135/><D122/><U98/><E104/><V27/><F27/><W111/><G25/><T125/><D24/><N who="1" m="16799" /><E47/><V124/><F124/><W12/><G127/><T14/><D125/><U53/><E7/><V40/><F40/><W85/><G43/><T50/><D42/><U10/><E6/><V9/><F9/><W45/><G5/><T110/><D11/><U72/><E10/><V87/><F87/><W13/><G85/><T114/><D110/><U77/><E72/><V67/><F67/><W112/><G111/><T94/><D114/><U119/><E119/><V64/><F64/><W49/><G112/><T100/><D26/><U37/><E37/><V116/><F116/><W15/><G38/><T18/><D132/><U1/><E1/><V17/><F17/><W91/><G29/><T80/><D135/><U61/><AGARI ba="1,1" hai="53,56,61,77,82,83,84,86,90,98,99" m="16799" machi="61" ten="30,6000,0" yaku="8,1,52,2" doraHai="95" who="1" fromWho="1" sc="207,-21,253,73,233,-21,297,-21" />
</Scene>
<Scene>
<INIT seed="1,2,0,3,3,18" ten="186,326,212,276" oya="1" hai0="99,127,109,63,104,59,89,110,111,39,85,95,12" hai1="116,134,19,86,52,64,98,83,121,51,128,87,102" hai2="88,82,72,105,26,31,56,40,103,58,30,120,8" hai3="68,115,131,66,65,73,10,76,42,21,16,75,15"/><U94/><E116/><V14/><F120/><W46/><G115/><T62/><D39/><U118/><E118/><V22/><F40/><W7/><G131/><T129/><D129/><U9/><E121/><V130/><F130/><W123/><G123/><T133/><D133/><U106/><E128/><V37/><F37/><W50/><G76/><T101/><D127/><U57/><E134/><V125/><F125/><W90/><G90/><T71/><D71/><U84/><E64/><V119/><F119/><W114/><G114/><T93/><D12/><N who="1" m="7567" /><E106/><V28/><F105/><W135/><G135/><T107/><REACH who="0" step="1"/><D63/><REACH who="0" ten="176,326,212,276" step="2"/><U29/><E29/><V4/><F31/><W61/><REACH who="3" step="1"/><G65/><AGARI ba="2,1" hai="59,62,65,85,89,93,95,99,101,104,107,109,110,111" machi="65" ten="40,8000,1" yaku="1,1,2,1,14,1,53,1" doraHai="18" doraHaiUra="92" who="0" fromWho="3" sc="176,96,326,0,212,0,276,-86" />
</Scene>
<Scene>
<INIT seed="2,0,0,3,1,12" ten="272,326,212,190" oya="2" hai0="23,60,53,5,2,99,14,29,38,114,90,15,59" hai1="33,41,131,49,117,127,3,36,118,76,75,74,130" hai2="68,125,79,109,7,9,100,102,84,34,108,77,128" hai3="58,73,80,106,103,134,88,124,13,56,10,122,121"/><V65/><F34/><W47/><G124/><T18/><D114/><U19/><E33/><V101/><F68/><W8/><G134/><T132/><D38/><U110/><E3/><V17/><F65/><W133/><G133/><T92/><D132/><U0/><E0/><V113/><F113/><W40/><G103/><T62/><D29/><U55/><E127/><V95/><F125/><W107/><G73/><T69/><D2/><U111/><E41/><V126/><F126/><W6/><G106/><T45/><D45/><U27/><E36/><V31/><F31/><W46/><G107/><T85/><D69/><U81/><E75/><V42/><F42/><W94/><G80/><T129/><D129/><N who="1" m="49163" /><E55/><V22/><F128/><W52/><G47/><T70/><D70/><U120/><E49/><V98/><F9/><W89/><G8/><N who="0" m="4367" /><D99/><U83/><E81/><N who="2" m="47167" /><F7/><W135/><G135/><T91/><D91/><U20/><E120/><V39/><F77/><W67/><G89/><T35/><D35/><U64/><E64/><V43/><F43/><W48/><G67/><T25/><D62/><U116/><AGARI ba="0,0" hai="19,20,27,74,76,83,110,111,116,117,118" m="49163" machi="116" ten="40,2700,0" yaku="19,1,52,1" doraHai="12" who="1" fromWho="1" sc="272,-7,326,27,212,-13,190,-7" />
</Scene>
<Scene>
<INIT seed="3,0,0,1,3,59" ten="265,353,199,183" oya="3" hai0="131,35,33,36,115,98,55,29,28,127,91,4,78" hai1="10,94,52,37,42,13,58,77,51,128,76,22,99" hai2="16,111,65,106,124,71,82,7,57,18,119,62,135" hai3="66,46,121,53,80,116,17,45,114,75,88,118,125"/><W2/><G121/><T60/><D36/><U89/><E128/><V79/><F119/><W109/><G114/><T50/><D131/><U23/><E42/><V105/><F111/><W72/><G2/><T112/><D127/><U86/><E37/><V68/><F124/><W107/><G107/><T85/><D78/><U64/><E64/><V123/><F135/><W108/><G125/><T126/><D126/><U129/><E129/><V6/><F123/><W48/><G66/><T130/><D98/><U27/><E86/><V20/><F105/><W12/><G46/><T32/><D4/><U49/><E49/><V90/><F90/><W104/><G104/><T122/><D122/><U24/><E23/><V38/><F106/><W84/><G75/><T83/><D130/><U69/><E69/><V0/><F38/><W44/><G44/><N who="0" m="28103" /><D60/><U70/><E70/><V25/><F18/><W43/><G72/><T56/><D56/><U92/><E92/><V8/><REACH who="2" step="1"/><F7/><REACH who="2" ten="265,353,189,183" step="2"/><W1/><G43/><T61/><D112/><U15/><E77/><V30/><F30/><W74/><G118/><T73/><D115/><U133/><E76/><V5/><F5/><W120/><G116/><T132/><D132/><U41/><E133/><V26/><F26/><W102/><G120/><T19/><D19/><N who="1" m="10623" /><E41/><V31/><F31/><W34/><G109/><T103/><D29/><U21/><E21/><V134/><F134/><W101/><G108/><T40/><D28/><U47/><E47/><V87/><AGARI ba="0,1" hai="0,6,8,16,20,25,57,62,65,68,71,79,82,87" machi="87" ten="20,8000,1" yaku="1,1,0,1,7,1,52,1,54,1,53,0" doraHai="59" doraHaiUra="11" who="2" fromWho="2" sc="265,-20,353,-20,189,90,183,-40" />
</Scene>
<Scene>
<INIT seed="4,0,0,2,1,81" ten="245,333,279,143" oya="0" hai0="11,26,118,102,132,89,25,113,43,106,40,121,86" hai1="128,22,7,80,134,33,10,98,39,116,111,120,20" hai2="74,92,15,2,23,50,95,37,70,49,115,24,51" hai3="45,28,36,1,68,114,79,100,63,35,84,9,57"/><T30/><D118/><U110/><E116/><V133/><F2/><W109/><G109/><T41/><D121/><U19/><E39/><V77/><F37/><W72/><G68/><T17/><D113/><U96/><E120/><V56/><F70/><W53/><G114/><T124/><D124/><U119/><E119/><V12/><F115/><W52/><G100/><T123/><D123/><U29/><E80/><V60/><F74/><W105/><G105/><T61/><D132/><U87/><E87/><V108/><F77/><W78/><G72/><T91/><D61/><U59/><E59/><V126/><F108/><N who="1" m="41513" /><E98/><V21/><F133/><W93/><G28/><T101/><D106/><U82/><E82/><V94/><F126/><W8/><G35/><T62/><D62/><U58/><E96/><V31/><REACH who="2" step="1"/><F23/><REACH who="2" ten="245,333,269,143" step="2"/><W6/><G36/><T32/><D32/><U127/><E134/><V64/><AGARI ba="0,1" hai="12,15,21,24,31,49,50,51,56,60,64,92,94,95" machi="64" ten="30,7900,0" yaku="1,1,2,1,0,1,8,1,53,0" doraHai="81" doraHaiUra="85" who="2" fromWho="2" sc="245,-39,333,-20,269,89,143,-20" />
</Scene>
<Scene>
<INIT seed="5,0,0,0,1,39" ten="206,313,358,123" oya="1" hai0="91,1,79,29,67,3,69,86,60,22,127,0,12" hai1="36,130,11,63,107,106,23,71,16,78,68,100,74" hai2="20,26,87,7,92,133,80,77,90,14,102,58,57" hai3="53,4,128,52,84,129,5,118,119,117,17,82,122"/><U44/><E130/><N who="3" m="50282" /><G122/><T76/><D127/><U99/><E107/><V48/><F133/><W75/><G75/><T111/><D111/><U113/><E113/><V134/><F134/><W18/><G5/><T41/><D41/><U62/><E78/><V24/><F102/><W45/><G4/><T72/><D72/><U8/><E74/><V89/><F89/><N who="3" m="51351" /><G45/><T125/><D125/><U94/><E106/><V19/><F7/><W37/><G37/><T97/><D97/><U103/><E103/><V85/><F58/><W124/><G124/><T2/><N who="0" m="0" /><DORA hai="54" /><T42/><D42/><U61/><E71/><V70/><F70/><W35/><G35/><T50/><D50/><U95/><E95/><V6/><F6/><W108/><G108/><T101/><D101/><U31/><E31/><V112/><F112/><W131/><N who="3" m="50290" /><W64/><DORA hai="21" /><G64/><T104/><D104/><U55/><E68/><V83/><F83/><W32/><G32/><T34/><D34/><U81/><E81/><V132/><F132/><W110/><G110/><T98/><D98/><U126/><E126/><V38/><F38/><W13/><G18/><T116/><D116/><N who="3" m="29697" /><W73/><DORA hai="43" /><G73/><T47/><D47/><U115/><E115/><V120/><F120/><W27/><G27/><T28/><D28/><U51/><E36/><V9/><F26/><AGARI ba="0,0" hai="8,11,16,23,26,44,51,55,61,62,63,94,99,100" machi="26" ten="40,12000,1" yaku="8,1,52,2,54,1" doraHai="39,54,21,43" who="1" fromWho="2" sc="206,0,313,120,358,-120,123,0" />
</Scene>
<Scene>
<INIT seed="5,1,0,3,1,76" ten="206,433,238,123" oya="1" hai0="90,89,102,53,99,67,117,63,21,84,111,104,133" hai1="125,68,81,80,18,33,74,66,57,116,20,51,83" hai2="134,47,60,132,58,2,88,44,128,3,121,30,59" hai3="85,13,93,86,24,55,118,50,65,14,114,4,7"/><U112/><E116/><V96/><F121/><W135/><G118/><T71/><D117/><U43/><E33/><V56/><F30/><W95/><G65/><T126/><D111/><U77/><E112/><V12/><F12/><W122/><G114/><T23/><D126/><U8/><E125/><V10/><F10/><W98/><G122/><T26/><D133/><N who="2" m="51306" /><F128/><W28/><G135/><T17/><D53/><U54/><E43/><V82/><F60/><W101/><G14/><T75/><D75/><U48/><E48/><V31/><F31/><W0/><G0/><N who="2" m="41" /><F96/><W115/><G115/><T37/><D37/><U120/><E120/><V78/><F88/><W36/><G36/><T123/><D123/><U92/><E8/><V41/><F41/><W29/><G29/><T97/><D97/><U39/><E39/><V49/><F49/><W5/><G13/><T70/><D23/><U6/><E6/><V25/><F25/><W91/><G24/><T16/><D17/><U103/><E66/><V94/><F94/><W9/><G28/><T32/><D32/><U73/><E73/><AGARI ba="1,0" hai="44,47,56,58,59,73,78,82" m="41,51306" machi="73" ten="40,2600,0" yaku="20,1,52,1" doraHai="76" who="2" fromWho="1" sc="206,0,433,-29,238,29,123,0" />
</Scene>
<Scene>
<INIT seed="6,0,0,1,4,58" ten="206,404,267,123" oya="2" hai0="70,103,41,116,40,104,101,86,106,36,73,45,90" hai1="42,1,117,37,89,125,64,130,12,51,46,7,52" hai2="124,24,128,21,2,56,93,62,109,67,119,118,14" hai3="13,112,15,50,22,30,121,99,126,94,32,10,84"/><V110/><F2/><W88/><G121/><T63/><D73/><U115/><E117/><V38/><F38/><W11/><G32/><T113/><D116/><U105/><E105/><V72/><F72/><W33/><G33/><T16/><D113/><U28/><E1/><V18/><F128/><W6/><G112/><T8/><D41/><U29/><E115/><V17/><F124/><W80/><G126/><T92/><D104/><U75/><E75/><V68/><F93/><W111/><G111/><N who="2" m="42505" /><F68/><W53/><G22/><AGARI ba="0,0" hai="14,17,18,21,22,24,56,62,67,118,119" m="42505" machi="22" ten="30,2900,0" yaku="10,1,52,1" doraHai="58" who="2" fromWho="3" sc="206,0,404,0,267,29,123,-29" />
</Scene>
<Scene>
<INIT seed="6,1,0,5,3,18" ten="206,404,296,94" oya="2" hai0="130,97,110,54,90,128,67,114,32,113,1,41,56" hai1="108,23,43,8,102,79,9,103,50,106,123,63,83" hai2="25,61,91,33,89,34,60,35,40,3,5,38,37" hai3="4,44,57,76,109,111,127,122,28,131,29,27,16"/><V92/><F25/><W46/><G122/><T62/><D1/><U49/><E108/><V77/><F77/><W0/><G76/><T125/><D32/><U52/><E123/><V82/><F82/><W104/><G104/><T101/><D110/><N who="3" m="41993" /><G57/><N who="0" m="37327" /><D90/><U20/><E106/><V135/><F135/><W132/><G46/><T87/><D87/><N who="1" m="48639" /><E63/><V64/><F5/><W121/><G44/><T112/><D41/><U80/><E80/><V71/><F3/><W45/><G45/><T10/><D10/><N who="1" m="4203" /><E43/><V42/><F42/><W93/><G132/><T134/><D134/><U126/><E50/><V107/><F107/><W88/><G121/><T118/><D118/><U13/><E13/><V66/><F40/><W68/><G0/><T98/><D113/><U26/><E26/><V22/><F38/><W116/><G116/><T100/><D112/><U115/><E126/><V55/><F37/><W84/><G127/><T12/><D125/><U96/><E115/><V65/><F71/><W48/><G68/><T120/><D114/><U72/><E72/><V31/><F60/><W19/><G48/><T59/><D120/><U11/><N who="1" m="4211" /><U75/><DORA hai="74" /><E75/><V86/><F61/><W47/><G27/><T36/><D36/><U7/><E7/><V78/><F35/><W99/><G4/><T95/><D95/><N who="1" m="58655" /><E103/><V94/><F34/><W124/><G124/><T21/><D100/><U39/><E39/><V117/><F33/><W119/><G119/><T58/><D101/><U81/><E81/><N who="2" m="47415" /><F117/><W14/><G14/><T6/><D6/><U85/><E85/><V133/><F133/><RYUUKYOKU ba="1,0" sc="206,-10,404,30,296,-10,94,-10" hai1="20,23,49,52" />
</Scene>
<Scene>
<INIT seed="7,2,0,3,3,7" ten="196,434,286,84" oya="3" hai0="76,0,90,41,62,93,79,38,109,22,122,118,1" hai1="99,119,60,47,63,56,78,128,132,32,82,115,34" hai2="69,37,89,108,83,70,12,74,127,30,5,4,94" hai3="66,67,124,131,35,39,21,129,85,125,15,71,91"/><W44/><G35/><T13/><D109/><U116/><E115/><V112/><F37/><W97/><G97/><T100/><D100/><U57/><E47/><V43/><F43/><N who="3" m="22655" /><G21/><T68/><D38/><U46/><E46/><V65/><F30/><W123/><G15/><T24/><D41/><U86/><E128/><N who="3" m="49226" /><G123/><T17/><D122/><U121/><E99/><V134/><F12/><W75/><G75/><T84/><D118/><N who="1" m="45099" /><E132/><V31/><F134/><W105/><G105/><T33/><D13/><U6/><E6/><V52/><F74/><W10/><G10/><T23/><D23/><U29/><E29/><V98/><F98/><W133/><G133/><T135/><D90/><U58/><E121/><V61/><F89/><W64/><G71/><T28/><D84/><U40/><E40/><V26/><F70/><W110/><G110/><T20/><D93/><AGARI ba="2,0" hai="64,66,67,85,91,93,124,125" m="49226,22655" machi="93" ten="30,1500,0" yaku="19,1" doraHai="7" who="3" fromWho="0" sc="196,-21,434,0,286,0,84,21" />
</Scene>
<Scene>
<INIT seed="7,3,0,2,0,38" ten="175,434,286,105" oya="3" hai0="41,101,97,63,21,95,106,93,64,32,66,75,110" hai1="55,120,78,15,111,129,22,52,118,107,77,33,7" hai2="123,42,89,65,99,94,61,29,102,40,4,115,88" hai3="45,44,85,116,69,58,10,100,20,30,76,5,46"/><W131/><G116/><T13/><D75/><U28/><E111/><V84/><F115/><W0/><G69/><T62/><D110/><U26/><E120/><V36/><F36/><W72/><G72/><T121/><D121/><U34/><E107/><V113/><F113/><W1/><G131/><T135/><D32/><U49/><E129/><V134/><F123/><W119/><G119/><T14/><D135/><U81/><E118/><V16/><F134/><W112/><G112/><T114/><D114/><U117/><E117/><V92/><F4/><W108/><G108/><T73/><D73/><U132/><E132/><V79/><F29/><W74/><G74/><T130/><D130/><U23/><E34/><V27/><F79/><W71/><G71/><T122/><D122/><U60/><E33/><V80/><F16/><W47/><G100/><T43/><D106/><U109/><E109/><V103/><F27/><W105/><G105/><T67/><D93/><U128/><E128/><V37/><F37/><W57/><G1/><T53/><D53/><U6/><E81/><V51/><F51/><W35/><N who="3" m="11264" /><DORA hai="70" /><W8/><G8/><T90/><D101/><U127/><E127/><V31/><F31/><W126/><G35/><T86/><D86/><U91/><E91/><V56/><F103/><W68/><G68/><T50/><D50/><U25/><E60/><N who="0" m="23081" /><D21/><U59/><E55/><V133/><F133/><W9/><G10/><T48/><D48/><U2/><E2/><V39/><F39/><W24/><G126/><T11/><D11/><N who="1" m="4599" /><E7/><V125/><F125/><W96/><G96/><AGARI ba="3,0" hai="40,42,56,61,65,80,84,88,89,92,94,96,99,102" machi="96" ten="30,12000,2" yaku="6,1,7,1,8,1,52,2,54,1" doraHai="38,70" who="2" fromWho="3" sc="175,0,434,0,286,129,105,-129" owari="175,-22.0,434,52.0,415,22.0,-24,-52.0" />
</Scene>
</mjloggm>