<mjloggm ver="2.3"><GO type="169" lobby="0"/><UN n0="%61%74%79%61%6E" n1="%E3%83%A1%E3%83%AB%E3%82%AF" n2="%E5%A4%AA%E3%81%8F%E3%81%AA%E3%81%84%E3%81%8A" n3="%E7%94%9F%E8%82%89%E3%81%A7%E3%81%99%E3%82%88" dan="18,16,18,16" rate="2224.06,2021.20,2244.40,2130.07" sx="M,M,M,M"/><TAIKYOKU oya="0"/>

<Scene>
<INIT seed="0,0,0,0,3,66" ten="250,250,250,250" oya="0" hai0="119,29,6,105,62,50,52,16,111,109,1,26,124" hai1="63,128,22,2,130,34,78,117,126,64,15,131,71" hai2="70,88,55,79,87,12,21,98,75,10,9,90,93" hai3="11,81,76,47,95,59,80,36,125,19,69,108,56"/><T20/><D105/><U97/><E2/><V127/><F127/><W118/><G118/><T77/><D119/><U25/><E126/><V112/><F112/><W51/><G108/><N who="0" m="41547" /><D124/><U103/><E78/><V99/><F70/><W114/><G125/><T102/><D102/><U42/><E117/><V33/><F33/><W134/><G114/><T57/><D77/><U53/><E42/><V83/><F55/><W82/><G76/><T122/><D122/><U133/><E133/><V73/><F21/><W94/><G134/><T46/><D6/><U49/><E15/><V39/><F39/><W96/><G36/><T43/><D1/><U104/><E34/><V121/><F121/><W61/><G11/><T32/><D32/><U113/><E113/><V30/><F30/><AGARI ba="0,0" hai="16,20,26,29,30,43,46,50,52,57,62" m="41547" machi="30" ten="30,11600,0" yaku="14,1,10,1,54,2" doraHai="66" who="0" fromWho="2" sc="250,116,250,0,250,-116,250,0" />
</Scene>
<Scene>
<INIT seed="0,1,0,2,1,37" ten="366,250,134,250" oya="0" hai0="61,42,69,38,132,16,50,6,93,64,47,59,100" hai1="86,26,24,118,43,95,135,67,15,32,98,68,127" hai2="94,23,91,4,85,92,53,0,109,45,48,51,122" hai3="49,99,77,58,36,88,105,20,11,54,80,114,81"/><T12/><D132/><U123/><E123/><V27/><F122/><W116/><G116/><T60/><D6/><U56/><E68/><V71/><F71/><W21/><G114/><T66/><D100/><U104/><E104/><V9/><F109/><W57/><G36/><T130/><D130/><U102/><E118/><V97/><F51/><W3/><G58/><T113/><D113/><U52/><E135/><V106/><F106/><W31/><G31/><T10/><D93/><U108/><E127/><V107/><F107/><W34/><G34/><T124/><REACH who="0" step="1"/><D38/><REACH who="0" ten="356,250,134,250" step="2"/><U44/><E102/><V70/><F94/><W29/><G105/><T40/><D40/><U73/><E43/><V101/><F101/><W30/><G81/><T7/><D7/><U83/><E95/><V5/><F5/><W84/><G80/><T96/><D96/><U119/><E98/><V65/><F97/><W131/><G99/><T63/><D63/><U8/><E119/><V74/><F92/><W129/><G131/><T120/><D120/><U89/><E83/><V19/><F4/><W111/><G129/><T22/><D22/><U126/><E32/><V62/><F9/><W79/><G20/><T13/><D13/><U39/><E15/><V72/><F0/><W17/><G21/><T41/><D41/><U103/><E8/><V115/><F115/><W33/><G11/><T133/><D133/><U87/><E103/><V134/><F134/><W46/><G3/><T78/><D78/><U55/><E39/><V82/><AGARI ba="1,1" hai="19,23,27,45,48,53,62,65,70,72,74,82,85,91" machi="82" ten="20,1500,0" yaku="0,1,7,1" doraHai="37" who="2" fromWho="2" sc="356,-8,250,-5,134,28,250,-5" />
</Scene>
<Scene>
<INIT seed="1,0,0,3,3,77" ten="348,245,162,245" oya="1" hai0="46,28,111,92,62,41,12,38,81,89,25,134,80" hai1="118,40,125,119,120,67,16,59,104,64,5,69,50" hai2="55,48,26,88,73,113,108,102,98,70,96,110,47" hai3="106,135,82,56,52,58,95,109,44,6,132,14,112"/><U63/><E104/><V65/><F73/><W115/><G106/><T75/><D111/><N who="2" m="42538" /><F113/><W72/><G109/><T60/><D134/><N who="3" m="51241" /><G95/><T43/><D43/><U71/><E5/><V54/><F70/><N who="1" m="26633" /><E16/><V93/><F65/><N who="1" m="25161" /><E120/><V101/><F26/><W122/><G122/><T17/><D25/><U114/><E114/><V45/><F98/><W10/><G58/><T87/><D28/><U7/><E7/><V53/><F47/><W36/><G44/><T127/><D75/><U94/><E94/><V78/><F78/><N who="3" m="44359" /><G36/><T128/><D92/><U103/><E103/><AGARI ba="0,0" hai="45,48,53,54,55,88,93,96,101,102,103" m="42538" machi="103" ten="30,2000,0" yaku="14,1,54,1" doraHai="77" who="2" fromWho="1" sc="348,0,245,-20,162,20,245,0" />
</Scene>
<Scene>
<INIT seed="2,0,0,2,3,7" ten="348,225,182,245" oya="2" hai0="80,50,43,98,76,41,31,77,96,54,42,26,79" hai1="94,89,28,45,70,34,111,108,66,83,78,105,88" hai2="38,107,72,92,8,44,99,119,20,2,21,69,62" hai3="18,40,16,132,86,35,30,134,116,117,64,97,124"/><V51/><F119/><W32/><G124/><T114/><D80/><U90/><E105/><V93/><F38/><W102/><G40/><T46/><REACH who="0" step="1"/><D114/><REACH who="0" ten="338,225,182,245" step="2"/><U58/><E83/><V0/><F72/><W71/><G116/><T15/><D15/><U36/><E111/><V125/><F0/><W74/><G117/><T27/><D27/><U101/><E108/><V11/><F2/><W57/><G74/><T6/><D6/><U48/><E36/><V24/><F24/><W68/><G132/><T82/><D82/><U1/><E1/><V115/><F115/><W61/><G134/><T29/><D29/><U104/><E28/><V110/><F110/><W103/><G30/><T106/><D106/><U129/><E129/><V112/><F112/><W109/><G109/><T126/><D126/><U14/><E104/><V85/><F125/><W130/><G130/><T49/><D49/><U81/><E48/><V4/><F4/><W52/><G18/><T22/><AGARI ba="0,1" hai="22,26,31,41,42,43,46,50,54,76,77,79,96,98" machi="22" ten="30,4000,0" yaku="1,1,0,1,8,1,53,0" doraHai="7" doraHaiUra="13" who="0" fromWho="0" sc="338,50,225,-10,182,-20,245,-10" />
</Scene>
<Scene>
<INIT seed="3,0,0,0,2,103" ten="388,215,162,235" oya="3" hai0="111,77,26,99,118,113,117,54,94,132,68,57,109" hai1="86,89,35,42,82,123,61,46,104,20,133,76,112" hai2="81,95,88,97,59,121,74,78,79,122,114,15,50" hai3="32,39,13,108,22,91,8,115,10,34,14,92,41"/><W40/><G115/><T129/><D132/><U135/><E35/><V119/><F114/><W37/><G108/><N who="0" m="41547" /><D68/><U4/><E4/><V71/><F71/><W126/><G126/><T100/><D129/><U69/><E104/><V45/><F119/><W110/><G110/><T52/><D113/><U128/><E20/><V84/><F59/><W25/><G25/><T49/><D77/><U7/><E7/><V65/><F65/><W24/><G24/><T134/><D134/><U0/><E0/><V130/><F15/><W101/><G101/><T38/><D38/><U48/><E69/><V62/><F62/><W9/><G22/><T5/><D5/><U12/><E61/><V23/><F23/><W21/><G21/><T3/><D3/><U47/><E76/><N who="2" m="44183" /><F50/><W30/><G30/><T80/><D80/><U93/><E48/><V53/><F53/><W66/><G66/><T102/><D102/><U116/><E116/><V60/><F45/><W124/><G124/><T75/><D75/><U67/><E47/><V120/><F60/><W6/><G39/><T56/><D26/><U98/><E112/><V55/><F55/><W83/><G37/><T90/><D100/><N who="1" m="60495" /><E67/><V31/><F31/><W11/><G34/><T127/><D127/><U58/><E135/><V87/><F130/><W29/><G32/><T85/><D56/><U73/><E128/><V33/><F33/><W51/><G29/><T125/><D125/><U70/><E70/><V107/><F107/><W18/><G6/><T19/><D54/><U43/><E133/><V106/><F106/><W27/><G27/><RYUUKYOKU ba="0,0" sc="388,-10,215,-10,162,30,235,-10" hai2="78,79,84,87,88,95,97,120,121,122" />
</Scene>
<Scene>
<INIT seed="4,1,0,4,2,100" ten="378,205,192,225" oya="0" hai0="60,28,94,104,2,120,107,84,39,59,15,91,26" hai1="103,24,105,112,75,127,23,30,89,113,116,3,54" hai2="96,114,102,46,123,122,38,13,27,61,111,129,40" hai3="11,18,65,5,31,9,99,37,85,80,10,115,4"/><T55/><D2/><U117/><E75/><V76/><F111/><W119/><G119/><N who="1" m="45642" /><E3/><V125/><F114/><N who="1" m="44137" /><E127/><V19/><F125/><W70/><G37/><T90/><D120/><U73/><E73/><V45/><F129/><W16/><G115/><T88/><D39/><U131/><E131/><V77/><F27/><W14/><G31/><T47/><D90/><U33/><E89/><V51/><F61/><W71/><G65/><T36/><D15/><U98/><E54/><V108/><F108/><W62/><G62/><T135/><D91/><U58/><E58/><V63/><F63/><W20/><G70/><T50/><D135/><U41/><E41/><V21/><F123/><W130/><G71/><T78/><D78/><U56/><E56/><V128/><F128/><W133/><G133/><T93/><D93/><U82/><E82/><V49/><F122/><W92/><G130/><T110/><D110/><U121/><E121/><V106/><REACH who="2" step="1"/><F38/><REACH who="2" ten="378,205,182,225" step="2"/><W132/><G132/><T126/><D126/><U87/><E87/><V81/><F81/><W67/><G67/><T7/><D36/><U86/><E86/><V42/><AGARI ba="1,1" hai="13,19,21,40,42,45,46,49,51,76,77,96,102,106" machi="42" ten="20,8000,1" yaku="1,1,0,1,7,1,9,1,52,1,53,0" doraHai="100" doraHaiUra="34" who="2" fromWho="2" sc="378,-41,205,-21,182,93,225,-21" />
</Scene>
<Scene>
<INIT seed="5,0,0,0,2,56" ten="337,184,275,204" oya="1" hai0="25,77,133,130,93,94,28,59,106,105,71,47,53" hai1="1,100,101,10,107,61,39,13,122,26,9,92,84" hai2="124,87,112,76,75,20,38,23,0,115,43,81,73" hai3="29,134,31,109,12,8,78,5,51,74,41,123,121"/><U14/><E39/><V42/><F0/><W68/><G109/><T118/><D71/><U7/><E122/><V16/><F23/><W98/><G68/><T79/><D118/><U86/><E107/><V37/><F124/><W22/><G134/><T70/><D70/><U102/><E1/><V116/><F116/><W27/><G31/><T2/><D2/><U103/><N who="1" m="25600" /><DORA hai="66" /><U32/><E92/><V57/><F43/><W135/><G98/><T67/><D67/><U3/><E3/><V30/><F30/><W55/><G135/><T49/><D133/><U129/><E129/><V89/><F57/><W64/><G64/><T83/><D79/><U88/><E61/><V69/><F69/><W96/><G96/><T85/><D130/><U54/><E54/><V50/><F50/><W126/><G126/><T19/><D19/><U4/><REACH who="1" step="1"/><E88/><REACH who="1" ten="337,174,275,204" step="2"/><V6/><F89/><W24/><G55/><N who="0" m="30143" /><D106/><U111/><E111/><V95/><F95/><W62/><G62/><N who="0" m="36207" /><D105/><U80/><E80/><V128/><F128/><W110/><G110/><T60/><D60/><U82/><E82/><V45/><F38/><W97/><G123/><T91/><D91/><U36/><E36/><V127/><F127/><W34/><G121/><T119/><D119/><U108/><E108/><V58/><F37/><W114/><G78/><T65/><D65/><U40/><E40/><V52/><F42/><W132/><G41/><T113/><D94/><U11/><E11/><V131/><F131/><W117/><G8/><T21/><D93/><U48/><E48/><V35/><F76/><W99/><G117/><RYUUKYOKU ba="0,1" sc="337,15,174,15,275,-15,204,-15" hai0="21,25,28,77,83,85,113" hai1="4,7,9,10,13,14,26,32,84,86" />
</Scene>
<Scene>
<INIT seed="5,1,1,2,0,78" ten="352,189,260,189" oya="1" hai0="102,83,115,56,117,130,114,6,123,50,92,104,46" hai1="2,72,51,95,67,94,111,53,71,77,99,25,135" hai2="45,103,126,125,90,57,12,0,66,33,44,10,55" hai3="76,68,124,98,81,106,49,109,15,132,129,120,86"/><U11/><E111/><V93/><F0/><W110/><G68/><T128/><D104/><U82/><E135/><V89/><F33/><W100/><G120/><T65/><D117/><U118/><E118/><V42/><F66/><W30/><G132/><T21/><D6/><U29/><E67/><V74/><F74/><W18/><G129/><N who="0" m="49771" /><D21/><U107/><E71/><V69/><F69/><W127/><G30/><T131/><D123/><U8/><E107/><V36/><F45/><W101/><G49/><T16/><D16/><U14/><E2/><V58/><F103/><W47/><G47/><T38/><D38/><U133/><E133/><V19/><F58/><W43/><G43/><T35/><D35/><U28/><E8/><V75/><F75/><W1/><G1/><T3/><D3/><U5/><E25/><V119/><F119/><W26/><G26/><T40/><D102/><U108/><E108/><V80/><F93/><W121/><G121/><T32/><D92/><U17/><E5/><V9/><F9/><N who="3" m="6511" /><G101/><T105/><D32/><U52/><E94/><V91/><REACH who="2" step="1"/><F80/><REACH who="2" ten="352,189,250,189" step="2"/><W39/><G110/><T13/><D105/><U41/><E95/><V87/><F87/><W31/><G109/><T97/><D131/><U113/><E99/><V20/><F20/><W134/><G134/><T54/><D97/><U37/><E37/><V27/><F27/><W59/><G106/><T48/><D65/><U22/><E22/><V122/><F122/><W64/><G39/><T116/><D116/><U4/><E82/><V61/><AGARI ba="1,2" hai="10,12,19,36,42,44,55,57,61,89,90,91,125,126" machi="61" ten="30,2000,0" yaku="1,1,0,1,53,0" doraHai="78" doraHaiUra="73" who="2" fromWho="2" sc="352,-6,189,-11,250,43,189,-6" />
</Scene>
<Scene>
<INIT seed="6,0,0,3,4,84" ten="346,178,293,183" oya="2" hai0="112,58,43,0,11,2,63,57,115,123,76,100,106" hai1="133,113,105,14,125,48,71,101,30,88,110,29,134" hai2="120,121,8,25,32,65,41,117,92,103,97,108,20" hai3="68,46,62,44,23,13,24,75,135,54,9,66,31"/><V95/><F32/><W104/><G135/><N who="1" m="51722" /><E110/><V21/><F117/><W1/><G1/><T18/><D76/><U80/><E113/><V16/><F108/><W131/><G131/><T114/><D43/><U40/><E125/><V116/><F116/><W89/><G75/><T61/><D123/><U93/><E71/><V3/><F41/><W55/><G104/><T74/><D74/><U98/><E80/><V19/><F65/><W5/><G55/><N who="0" m="33983" /><D100/><U91/><E14/><V128/><F128/><W99/><G54/><N who="0" m="34263" /><D106/><U118/><E118/><V69/><F69/><W130/><G130/><T28/><D28/><N who="1" m="10859" /><E105/><V38/><F38/><W124/><G124/><T7/><D18/><U132/><N who="1" m="51730" /><U15/><DORA hai="96" /><E15/><AGARI ba="0,0" hai="0,2,7,11,15,112,114,115" m="34263,33983" machi="15" ten="30,1000,0" yaku="15,1" doraHai="84,96" who="0" fromWho="1" sc="346,10,178,-10,293,0,183,0" />
</Scene>
<Scene>
<INIT seed="7,0,0,1,4,54" ten="356,168,293,183" oya="3" hai0="29,122,60,42,67,62,12,33,126,77,11,94,63" hai1="86,88,70,8,53,81,13,97,117,9,25,50,31" hai2="65,99,76,19,96,5,72,84,116,87,113,24,74" hai3="3,114,110,124,66,82,2,135,80,61,16,85,34"/><W83/><G114/><T17/><D122/><U132/><E117/><V111/><F5/><W56/><G124/><T119/><D119/><U20/><E132/><V45/><F116/><W106/><G106/><T79/><D33/><U41/><E70/><V115/><F65/><W36/><G135/><T129/><D29/><U131/><E131/><V22/><F111/><W108/><G36/><T123/><D123/><U78/><E41/><V71/><F71/><W30/><G85/><T43/><D67/><U21/><E21/><V75/><F45/><W38/><G38/><T118/><D118/><U46/><REACH who="1" step="1"/><E13/><REACH who="1" ten="356,158,293,183" step="2"/><V32/><F22/><W37/><G37/><T0/><D43/><U1/><E1/><V90/><F32/><W112/><G112/><T23/><D42/><U95/><AGARI ba="0,1" hai="8,9,20,25,31,46,50,53,78,81,86,88,95,97" machi="95" ten="30,7900,0" yaku="1,1,0,1,8,1,54,1,53,0" doraHai="54" doraHaiUra="68" who="1" fromWho="1" sc="356,-20,158,89,293,-20,183,-39" owari="336,44.0,247,-15.0,273,7.0,144,-36.0" />
</Scene>
</mjloggm>