<mjloggm ver="2.3"><GO type="169" lobby="0"/><UN n0="%E6%B0%B7%E6%B2%B3%E9%A2%A8" n1="%E5%A4%AA%E3%81%8F%E3%81%AA%E3%81%84%E3%81%8A" n2="%E3%81%84%E3%81%97%E3%81%97%E3%82%93%49%44%E7%B4%9B%E5%A4%B1" n3="%73%68%61%70%65%6C%65%72" dan="18,17,16,16" rate="2264.45,2156.98,2044.67,2118.30" sx="M,M,M,M"/><TAIKYOKU oya="0"/>

<Scene>
<INIT seed="0,0,0,4,3,27" ten="250,250,250,250" oya="0" hai0="50,12,79,121,25,53,75,29,133,19,123,52,86" hai1="10,35,100,130,118,71,16,22,105,135,99,40,92" hai2="87,73,51,26,36,48,57,63,77,134,7,44,89" hai3="21,5,23,65,95,111,117,131,90,108,41,66,83"/><T47/><D75/><U55/><E118/><V76/><F36/><W38/><G117/><T70/><D70/><U2/><E35/><V49/><F134/><W98/><G5/><T8/><D133/><U9/><E135/><V11/><F73/><W30/><G131/><T17/><D17/><U132/><E132/><V85/><F44/><W34/><G41/><T91/><D79/><U115/><E71/><V13/><F87/><W107/><G38/><T110/><D110/><U60/><E40/><V119/><F119/><W116/><G116/><T122/><D53/><U126/><E2/><V1/><F1/><W120/><G107/><T3/><D3/><U59/><E130/><V80/><REACH who="2" step="1"/><F26/><REACH who="2" ten="250,250,240,250" step="2"/><W93/><G111/><T129/><D129/><U4/><E115/><V106/><F106/><W6/><G108/><T31/><REACH who="0" step="1"/><D25/><REACH who="0" ten="240,250,240,250" step="2"/><U28/><E4/><V72/><F72/><W0/><G6/><T62/><D62/><U125/><E60/><V109/><F109/><W102/><G0/><T97/><D97/><U94/><E99/><V33/><F33/><W82/><G34/><T113/><D113/><U124/><E124/><V58/><F58/><W46/><G98/><T24/><D24/><U81/><E59/><V15/><F15/><W84/><G84/><T88/><D88/><U64/><E125/><V114/><F114/><W45/><G90/><T74/><D74/><U20/><E126/><V67/><AGARI ba="0,2" hai="7,11,13,48,49,51,57,63,67,76,77,80,85,89" machi="67" ten="30,4000,0" yaku="1,1,0,1,8,1,53,0" doraHai="27" doraHaiUra="18" who="2" fromWho="2" sc="240,-20,250,-10,240,60,250,-10" />
</Scene>
<Scene>
<INIT seed="1,0,0,0,3,32" ten="220,240,300,240" oya="1" hai0="72,31,14,101,102,42,55,78,27,38,84,103,34" hai1="18,7,113,121,112,105,59,4,26,13,107,9,128" hai2="95,64,16,62,0,94,87,56,53,115,3,46,2" hai3="132,119,109,39,77,98,131,44,91,126,108,76,81"/><U8/><E59/><V66/><F115/><N who="1" m="44105" /><E107/><V22/><F87/><W19/><G39/><T74/><D38/><U135/><E105/><V23/><F23/><W57/><G44/><T127/><D42/><U17/><E121/><V41/><F66/><W93/><G19/><N who="1" m="7178" /><E135/><V110/><F110/><W21/><G21/><T15/><D55/><U123/><E123/><V130/><F130/><W30/><G57/><T79/><D84/><U117/><E128/><V61/><F61/><W75/><G30/><T43/><D43/><U70/><E70/><V65/><F65/><W11/><G11/><N who="1" m="4170" /><E117/><V20/><F64/><W134/><G131/><T33/><D101/><U5/><E13/><V49/><REACH who="2" step="1"/><F22/><REACH who="2" ten="220,240,290,240" step="2"/><W125/><G119/><T86/><D86/><U129/><E129/><V88/><F88/><W89/><G91/><T29/><D34/><U124/><E124/><N who="3" m="47722" /><G77/><T6/><D33/><U63/><E63/><V47/><F47/><W28/><G28/><T106/><D127/><U51/><E51/><V120/><F120/><W122/><G122/><T54/><D31/><U71/><E71/><V10/><F10/><W68/><G68/><T80/><D29/><U36/><E36/><V60/><F60/><W12/><G109/><T24/><D78/><U100/><E100/><V97/><F97/><W92/><G108/><T104/><D79/><U1/><E26/><AGARI ba="0,1" hai="0,2,3,16,20,26,41,46,49,53,56,62,94,95" machi="26" ten="40,16000,3" yaku="1,1,52,3,54,1,53,3" doraHai="32" doraHaiUra="35" who="2" fromWho="1" sc="220,0,240,-160,290,170,240,0" />
</Scene>
<Scene>
<INIT seed="2,0,0,5,5,92" ten="220,80,460,240" oya="2" hai0="33,118,15,37,55,107,95,116,113,39,93,14,129" hai1="128,119,18,29,89,110,60,30,132,32,1,59,87" hai2="75,24,69,34,109,48,90,41,127,23,121,11,22" hai3="53,99,49,28,52,115,27,124,47,120,85,103,21"/><V126/><F121/><W12/><G120/><T82/><D107/><U67/><E119/><N who="0" m="45609" /><D113/><U111/><E1/><V106/><F69/><W66/><G115/><T46/><D33/><U130/><E18/><V58/><F75/><W83/><G124/><T7/><D129/><N who="1" m="49771" /><E132/><V42/><F106/><W31/><G66/><T108/><D108/><N who="1" m="41515" /><E32/><V80/><F109/><W73/><G73/><T96/><D82/><AGARI ba="0,0" hai="29,30,59,60,67,82,87,89" m="41515,49771" machi="82" ten="30,2000,0" yaku="19,1,14,1" doraHai="92" who="1" fromWho="0" sc="220,-20,80,20,460,0,240,0" />
</Scene>
<Scene>
<INIT seed="3,0,0,3,2,132" ten="200,100,460,240" oya="3" hai0="18,19,23,128,0,38,131,96,15,123,106,72,84" hai1="104,30,125,21,97,135,119,78,66,45,87,80,11" hai2="101,63,33,93,14,122,75,39,64,17,121,99,22" hai3="82,95,65,102,69,133,94,16,10,115,27,92,124"/><W58/><G115/><T110/><D72/><U71/><E135/><V7/><F39/><W12/><G69/><T116/><D38/><U57/><E71/><V111/><F75/><W1/><G1/><T26/><D0/><U6/><E119/><V67/><F33/><W85/><G133/><T32/><D116/><U61/><E45/><V54/><F111/><W52/><G65/><T103/><D110/><U4/><E11/><N who="2" m="4479" /><F54/><W118/><G118/><T2/><D2/><U81/><E81/><V20/><F17/><W134/><G134/><T89/><D123/><N who="2" m="47114" /><F67/><W59/><G124/><T48/><D48/><U25/><E125/><V42/><F42/><W117/><G117/><T49/><D49/><U88/><REACH who="1" step="1"/><E104/><REACH who="1" ten="200,90,460,240" step="2"/><V3/><F3/><W56/><G102/><T105/><D105/><U79/><E79/><V113/><F113/><W107/><G107/><T9/><REACH who="0" step="1"/><D32/><REACH who="0" ten="190,90,460,240" step="2"/><U126/><E126/><V120/><F120/><W28/><G58/><AGARI ba="0,2" hai="20,22,58,63,64,93,99,101" m="47114,4479" machi="58" ten="30,1000,0" yaku="13,1" doraHai="132" who="2" fromWho="3" sc="190,0,90,0,460,30,240,-10" />
</Scene>
<Scene>
<INIT seed="4,0,0,4,2,118" ten="190,90,490,230" oya="0" hai0="67,117,63,116,85,32,38,42,100,30,131,6,75" hai1="34,41,102,5,112,16,99,88,64,110,114,66,17" hai2="92,81,31,78,96,47,121,124,11,119,89,52,97" hai3="18,72,107,49,14,79,128,69,46,56,108,105,126"/><T76/><D85/><U19/><E110/><V26/><F119/><W1/><G1/><T82/><D131/><U4/><E34/><V55/><F121/><W44/><G69/><N who="0" m="42239" /><D100/><U130/><E130/><V50/><F124/><W39/><G128/><T127/><D6/><N who="1" m="2667" /><E41/><V120/><F120/><W133/><G108/><T98/><D98/><U60/><E60/><V8/><F55/><W134/><G126/><T70/><D70/><U36/><E36/><V87/><REACH who="2" step="1"/><F97/><REACH who="2" ten="190,90,480,230" step="2"/><W48/><G134/><T51/><D127/><U23/><E102/><V135/><F135/><W13/><G133/><T22/><D117/><U77/><E77/><V0/><F0/><W104/><G79/><T101/><D116/><U83/><E99/><V91/><F91/><W73/><G107/><T115/><D101/><U84/><E23/><AGARI ba="0,1" hai="8,11,23,26,31,47,50,52,78,81,87,89,92,96" machi="23" ten="30,7700,0" yaku="1,1,7,1,8,1,54,1,53,0" doraHai="118" doraHaiUra="58" who="2" fromWho="1" sc="190,0,90,-77,480,87,230,0" />
</Scene>
<Scene>
<INIT seed="5,0,0,0,2,107" ten="190,13,567,230" oya="1" hai0="110,113,87,67,60,23,57,130,120,21,123,28,88" hai1="17,68,14,41,22,78,80,90,95,97,128,117,61" hai2="121,100,132,112,36,99,63,51,101,106,118,134,7" hai3="75,8,12,116,53,44,1,32,29,102,104,108,84"/><U125/><E117/><V20/><F36/><W31/><G75/><T15/><D110/><U39/><E125/><V45/><F118/><W127/><G108/><T89/><D113/><U56/><E128/><V4/><F121/><N who="0" m="46666" /><D130/><U52/><E68/><V98/><F112/><W37/><G1/><T83/><D28/><U79/><E39/><V0/><F63/><W62/><G116/><T115/><D115/><U54/><E41/><N who="2" m="25007" /><F20/><N who="0" m="7754" /><D15/><U2/><E2/><V46/><F46/><W58/><G127/><T16/><D16/><U77/><REACH who="1" step="1"/><E54/><REACH who="1" ten="190,3,567,230" step="2"/><V124/><F0/><W43/><G53/><T49/><D49/><U11/><E11/><V3/><F124/><W27/><G8/><T66/><D66/><U24/><E24/><V135/><F3/><W94/><G27/><T9/><D9/><U13/><E13/><V133/><F133/><W105/><G12/><T34/><D34/><U69/><E69/><V48/><F135/><W47/><G37/><T109/><D109/><U30/><E30/><V55/><F134/><W122/><G31/><T74/><D67/><U70/><E70/><V18/><F132/><W129/><G29/><T38/><D38/><U103/><E103/><V92/><F101/><W126/><G102/><T119/><D119/><U96/><E96/><V25/><F99/><W73/><G126/><T71/><D71/><U5/><E5/><V76/><F98/><W50/><G129/><T40/><D40/><U42/><E42/><V85/><F7/><W81/><G43/><T10/><D10/><U93/><E93/><V6/><F4/><W65/><G122/><RYUUKYOKU ba="0,1" sc="190,-10,3,30,567,-10,230,-10" hai1="14,17,22,52,56,61,77,78,79,80,90,95,97" />
</Scene>
<Scene>
<INIT seed="5,1,1,4,4,72" ten="180,33,557,220" oya="1" hai0="34,2,102,5,122,36,0,132,67,107,55,46,70" hai1="92,41,65,20,3,76,59,71,116,106,35,15,103" hai2="24,48,37,18,45,83,68,17,86,63,8,22,124" hai3="11,111,85,74,4,42,134,121,1,104,33,98,44"/><U101/><E116/><V13/><F37/><W130/><G121/><T118/><D55/><U89/><E3/><V133/><F124/><W69/><G111/><T51/><D51/><U115/><E35/><V52/><F133/><W80/><G33/><T38/><D118/><U129/><E71/><V87/><F68/><W99/><G69/><T49/><D49/><U29/><E106/><V64/><F64/><W43/><G74/><T82/><D132/><U91/><E115/><V21/><F63/><W27/><G134/><T119/><D119/><U6/><E129/><V77/><F87/><W90/><G130/><T95/><D95/><U10/><E41/><V88/><F8/><W23/><G104/><T110/><D110/><U14/><E76/><AGARI ba="1,1" hai="13,17,18,21,22,24,45,48,52,76,77,83,86,88" machi="76" ten="40,8000,1" yaku="8,1,52,2,54,2" doraHai="72" who="2" fromWho="1" sc="180,0,33,-83,557,93,220,0" owari="180,-22.0,-50,-55.0,650,75.0,220,2.0" />
</Scene>
</mjloggm>