<mjloggm ver="2.3"><GO type="169" lobby="0"/><UN n0="%28%E8%9B%99%E3%83%BB%60%CF%89%E3%83%BB%C2%B4%29" n1="%E5%A4%AA%E3%81%8F%E3%81%AA%E3%81%84%E3%81%8A" n2="%E3%82%86%E3%81%A3%E3%81%8F%E3%82%8A%E5%A6%96%E5%A4%A2" n3="%4D%4A%E3%81%AE%E6%9C%80%E9%AB%98%E5%B3%B0" dan="16,17,16,17" rate="2117.69,2215.74,2117.33,2168.88" sx="M,M,M,M"/><TAIKYOKU oya="0"/>

<Scene>
<INIT seed="0,0,0,4,1,2" ten="250,250,250,250" oya="0" hai0="55,72,33,115,30,9,134,77,121,116,90,89,88" hai1="5,16,41,131,59,8,66,39,94,42,96,122,110" hai2="104,7,23,114,95,27,93,22,65,86,63,10,132" hai3="113,135,14,81,25,102,85,71,127,46,112,109,87"/><T106/><D115/><U45/><E122/><V37/><F104/><W67/><G67/><T31/><D134/><U126/><E110/><V11/><F132/><W64/><G64/><T75/><D106/><U69/><E126/><V4/><F37/><W19/><G71/><T105/><D105/><U74/><E131/><V40/><F40/><W99/><G109/><T50/><D121/><U3/><E74/><V98/><F114/><W97/><G25/><T92/><D92/><U35/><E35/><V125/><F125/><W124/><G14/><T123/><D123/><U73/><E73/><V103/><F86/><W0/><G0/><T133/><D133/><U53/><E42/><V28/><F93/><W120/><G19/><T24/><D31/><U76/><E76/><V57/><REACH who="2" step="1"/><F22/><REACH who="2" ten="250,250,240,250" step="2"/><W52/><G135/><T129/><D72/><U44/><E41/><V119/><F119/><W78/><G120/><T18/><D116/><U68/><E39/><V80/><F80/><W1/><G81/><T26/><D129/><U128/><E94/><V108/><F108/><W47/><G127/><T117/><D117/><U82/><E82/><V56/><F56/><W79/><G124/><T13/><D75/><U21/><E128/><V130/><F130/><W83/><G83/><T49/><D77/><U118/><E118/><V60/><F60/><W51/><G79/><T20/><D55/><U17/><E53/><V61/><F61/><W107/><G78/><T58/><D58/><U100/><E59/><V36/><F36/><W54/><G113/><T70/><D70/><U48/><E68/><RYUUKYOKU ba="0,1" sc="250,15,250,-15,240,15,250,-15" hai0="9,13,18,20,24,26,30,33,49,50,88,89,90" hai2="4,7,10,11,23,27,28,57,63,65,95,98,103" />
</Scene>
<Scene>
<INIT seed="0,1,1,3,2,26" ten="265,235,255,235" oya="0" hai0="31,83,107,25,109,57,61,29,38,44,133,98,33" hai1="80,71,132,68,122,28,8,5,20,41,118,45,111" hai2="24,131,99,49,129,27,40,91,59,112,6,17,108" hai3="0,130,123,10,53,106,89,114,104,119,50,60,23"/><T48/><D133/><U102/><E118/><V51/><F108/><W103/><G114/><T120/><D120/><U79/><E122/><V4/><F112/><W7/><G119/><T84/><D38/><U116/><E116/><V134/><F134/><W81/><G103/><T85/><D109/><U110/><E132/><V47/><F59/><W121/><G121/><T105/><D31/><U127/><E110/><V92/><F51/><W30/><G60/><T36/><D36/><U97/><E111/><V21/><REACH who="2" step="1"/><F27/><REACH who="2" ten="265,235,245,235" step="2"/><W35/><G123/><T39/><D39/><U3/><E71/><V52/><F52/><W46/><G53/><T75/><D48/><U12/><E68/><V115/><F115/><W9/><G50/><T15/><D57/><U1/><E45/><V126/><F126/><W55/><G46/><T58/><D44/><U56/><E127/><V76/><F76/><W34/><G55/><T77/><D58/><U67/><E56/><V69/><F69/><W64/><G64/><T86/><D61/><U125/><E67/><V82/><F82/><W78/><G81/><T19/><REACH who="0" step="1"/><D98/><REACH who="0" ten="255,235,245,235" step="2"/><U117/><E117/><V128/><AGARI ba="1,3" hai="4,6,17,21,24,40,47,49,91,92,99,128,129,131" machi="128" ten="30,7900,0" yaku="1,1,0,1,19,1,53,1" doraHai="26" doraHaiUra="43" who="2" fromWho="2" sc="255,-40,235,-21,245,112,235,-21" />
</Scene>
<Scene>
<INIT seed="1,0,0,3,5,78" ten="215,214,357,214" oya="1" hai0="125,25,104,135,48,87,3,82,64,114,1,47,126" hai1="44,13,6,21,90,100,59,67,50,124,38,56,103" hai2="68,40,116,18,63,16,55,60,34,26,37,107,121" hai3="117,41,111,52,101,84,49,30,102,4,42,98,17"/><U12/><E38/><V32/><F121/><W133/><G111/><T93/><D104/><U115/><E115/><V51/><F107/><W85/><G4/><T71/><D114/><U28/><E124/><N who="0" m="47721" /><D135/><U53/><E90/><V11/><F116/><W19/><G30/><T9/><D93/><U31/><E67/><N who="2" m="41063" /><F63/><W129/><G117/><T89/><D25/><N who="1" m="16431" /><E31/><N who="2" m="19575" /><F11/><W81/><G133/><T128/><D128/><U33/><E33/><V88/><F88/><N who="3" m="51215" /><G85/><T109/><D109/><U70/><E70/><V66/><F66/><W80/><G80/><T10/><D64/><U131/><E131/><V130/><F34/><W23/><G129/><T0/><D71/><U14/><E6/><V69/><F69/><W83/><G83/><T99/><D99/><U20/><E20/><V79/><F79/><W29/><G29/><T75/><D75/><U65/><E65/><V36/><F36/><W74/><G74/><T72/><D72/><U54/><E59/><N who="2" m="33279" /><F130/><W112/><G112/><T120/><D120/><U105/><E105/><V134/><F134/><W73/><G73/><T24/><D24/><U2/><E2/><V96/><F96/><W97/><G98/><T123/><D123/><U58/><E58/><V108/><F108/><W8/><G97/><T27/><D27/><U119/><E119/><V106/><F106/><W39/><G39/><T22/><D22/><U95/><E95/><V94/><F94/><W43/><G8/><T35/><D35/><U132/><E132/><V57/><F57/><N who="3" m="32911" /><G23/><T76/><D89/><U92/><E92/><V45/><AGARI ba="0,0" hai="16,18,37,40,45" m="33279,19575,41063" machi="45" ten="30,2000,0" yaku="24,1,54,1" doraHai="78" who="2" fromWho="2" sc="215,-5,214,-10,357,20,214,-5" />
</Scene>
<Scene>
<INIT seed="2,0,0,1,5,105" ten="210,204,377,209" oya="2" hai0="130,110,44,80,46,118,126,116,88,45,77,123,13" hai1="97,16,29,56,104,55,124,102,128,24,117,120,58" hai2="98,121,39,86,12,15,96,99,119,129,42,49,6" hai3="11,83,91,7,43,1,114,70,35,92,10,19,21"/><V40/><F121/><W134/><G70/><T36/><D110/><U37/><E117/><N who="0" m="45161" /><D126/><U66/><E124/><V64/><F119/><W79/><G114/><T22/><D130/><U9/><E128/><V4/><F129/><W103/><G134/><T78/><D123/><U23/><E120/><V50/><F39/><W71/><G71/><T100/><D100/><U0/><E37/><V106/><F106/><W127/><G103/><T73/><D78/><U14/><E66/><V75/><F64/><W112/><G11/><T87/><D13/><N who="2" m="5194" /><F75/><W57/><G35/><T41/><D22/><U47/><REACH who="1" step="1"/><E0/><REACH who="1" ten="210,194,377,209" step="2"/><V61/><F61/><W54/><G127/><T48/><D36/><U8/><E8/><V131/><F131/><W62/><G112/><T17/><D17/><U72/><E72/><V81/><F50/><AGARI ba="0,1" hai="9,14,16,23,24,29,47,50,55,56,58,97,102,104" machi="50" ten="40,5200,0" yaku="1,1,54,1,53,1" doraHai="105" doraHaiUra="25" who="1" fromWho="2" sc="210,0,194,62,377,-52,209,0" />
</Scene>
<Scene>
<INIT seed="3,0,0,1,3,52" ten="210,256,325,209" oya="3" hai0="128,62,29,110,90,118,114,12,134,15,101,65,27" hai1="11,13,82,17,111,22,113,69,71,48,9,119,56" hai2="43,3,57,2,32,63,0,126,73,64,33,78,30" hai3="35,4,8,38,68,135,112,115,120,93,45,75,24"/><W127/><G93/><T108/><D118/><U131/><E113/><V77/><F126/><W46/><G46/><T85/><D134/><U59/><E119/><V104/><F104/><W37/><G120/><T122/><D128/><U94/><E131/><V130/><F130/><W99/><G99/><T123/><D114/><U86/><E111/><N who="0" m="42537" /><D101/><U10/><E94/><V42/><F73/><W81/><G127/><T44/><D44/><U87/><E48/><V39/><F39/><W121/><G38/><T14/><D85/><U91/><REACH who="1" step="1"/><E87/><REACH who="1" ten="210,246,325,209" step="2"/><V55/><F63/><W74/><G75/><T79/><D122/><U40/><E40/><V7/><F43/><W105/><G121/><T95/><D123/><U96/><E96/><V18/><F42/><W25/><G74/><T84/><D95/><U28/><E28/><V6/><F30/><W129/><G37/><T51/><D51/><U133/><E133/><V53/><F3/><W41/><G135/><T50/><D50/><U5/><E5/><V23/><F7/><W70/><G4/><T54/><D29/><U103/><E103/><V66/><F6/><W1/><G41/><T31/><D31/><U58/><AGARI ba="0,1" hai="9,10,11,13,17,22,56,58,59,69,71,82,86,91" machi="58" ten="30,8000,1" yaku="1,1,0,1,52,3,53,0" doraHai="52" doraHaiUra="89" who="1" fromWho="1" sc="210,-20,246,90,325,-20,209,-40" />
</Scene>
<Scene>
<INIT seed="4,0,0,0,4,38" ten="190,336,305,169" oya="0" hai0="121,68,100,33,79,44,89,105,126,117,4,116,22" hai1="42,131,133,13,123,2,86,29,82,94,114,74,83" hai2="23,41,58,35,124,112,104,46,78,64,7,93,32" hai3="6,113,24,0,14,31,85,15,128,8,91,34,76"/><T62/><D121/><U129/><E2/><V81/><F104/><W17/><G113/><T99/><D33/><U134/><E29/><V111/><F124/><W110/><G110/><T47/><D126/><U122/><E13/><V63/><F112/><W120/><G76/><T71/><D79/><N who="1" m="44407" /><E42/><V55/><F111/><W49/><G120/><N who="1" m="46122" /><E114/><V45/><F45/><W88/><G128/><N who="1" m="49226" /><E94/><V102/><F64/><W108/><G108/><T16/><D4/><U87/><E87/><V132/><F7/><W84/><G49/><T11/><D11/><U27/><E27/><V66/><F66/><W65/><G65/><T127/><D127/><U3/><E3/><V1/><F1/><W12/><G85/><T75/><D62/><U26/><E26/><V57/><F93/><W21/><G91/><AGARI ba="0,0" hai="83,86,91,133,134" m="49226,46122,44407" machi="91" ten="30,3900,0" yaku="19,1,34,2" doraHai="38" who="1" fromWho="3" sc="190,0,336,39,305,0,169,-39" />
</Scene>
<Scene>
<INIT seed="5,0,0,0,1,115" ten="190,375,305,130" oya="1" hai0="22,6,15,38,96,5,120,51,31,109,24,3,73" hai1="81,16,61,92,127,118,103,13,57,52,8,58,80" hai2="60,106,64,49,45,110,25,12,111,67,78,93,7" hai3="27,102,4,132,33,17,2,18,23,34,107,134,83"/><U124/><E118/><V56/><F106/><W40/><G40/><T97/><D38/><U128/><E128/><V41/><F67/><W44/><G44/><T14/><D73/><U10/><E10/><V11/><F25/><W50/><G50/><T131/><D131/><U135/><E135/><N who="3" m="51754" /><G83/><T70/><D70/><U66/><E124/><V119/><F119/><W101/><G107/><T69/><D69/><U85/><E127/><V117/><F117/><W42/><G42/><T46/><D109/><U72/><E72/><V108/><F93/><W30/><G101/><T89/><D3/><U90/><E103/><V105/><F105/><W113/><G102/><T100/><D89/><U39/><E39/><V98/><F98/><N who="0" m="37994" /><D120/><U20/><E8/><V54/><F64/><W87/><G87/><T82/><D82/><U75/><E75/><V104/><F104/><W74/><G74/><T91/><D91/><U19/><E19/><N who="3" m="7178" /><G113/><T79/><D79/><U122/><E122/><V125/><F125/><W116/><G116/><T76/><D76/><U26/><E26/><V68/><F68/><W84/><G84/><T53/><D100/><U86/><E86/><V9/><F78/><W88/><G88/><T37/><D37/><U123/><E123/><V129/><F129/><W43/><G43/><T62/><D62/><AGARI ba="0,0" hai="13,16,20,52,57,58,61,62,66,80,81,85,90,92" machi="62" ten="30,11600,0" yaku="7,1,8,1,54,2" doraHai="115" who="1" fromWho="0" sc="190,-116,375,116,305,0,130,0" />
</Scene>
<Scene>
<INIT seed="5,1,0,1,5,108" ten="74,491,305,130" oya="1" hai0="133,49,18,76,94,131,11,97,89,65,82,69,83" hai1="62,110,70,57,15,17,132,84,116,96,46,73,117" hai2="113,20,135,67,38,87,93,7,27,95,61,111,101" hai3="68,74,130,21,129,51,107,75,64,36,71,14,28"/><U122/><E73/><V98/><F111/><W105/><G51/><T0/><D133/><U3/><E70/><N who="3" m="26666" /><G64/><T100/><D131/><N who="3" m="50185" /><G14/><T23/><D49/><U42/><E3/><V121/><F38/><W43/><G21/><T39/><D39/><U37/><E122/><V10/><F121/><W29/><G43/><T127/><D127/><U114/><E15/><V44/><F135/><W86/><G86/><T24/><D69/><U13/><E84/><V1/><F44/><W128/><G36/><T41/><D65/><U54/><E110/><V77/><F67/><W106/><N who="3" m="50193" /><W123/><DORA hai="115" /><G123/><T134/><D134/><U80/><E132/><V48/><F48/><W30/><AGARI ba="1,0" hai="28,29,30,74,75,105,106,107" m="50193,26666" machi="30" ten="60,7900,0" yaku="28,2,19,1" doraHai="108,115" who="3" fromWho="3" sc="74,-21,491,-40,305,-21,130,82" />
</Scene>
<Scene>
<INIT seed="6,0,0,4,4,64" ten="53,451,284,212" oya="2" hai0="128,67,52,71,21,55,114,107,93,54,130,17,40" hai1="95,132,42,2,5,119,120,45,84,73,104,20,46" hai2="16,36,109,87,41,108,63,12,103,15,65,13,59" hai3="22,69,49,19,135,89,131,88,27,113,85,100,53"/><V37/><F103/><W111/><G111/><N who="2" m="42569" /><F87/><W39/><G39/><N who="2" m="14921" /><F41/><W51/><G131/><N who="0" m="50219" /><D107/><U30/><E104/><V14/><F14/><W28/><G135/><T92/><D114/><U10/><E132/><V70/><F59/><W133/><G113/><T110/><D110/><U78/><E84/><V74/><F74/><W83/><G133/><T106/><D106/><U115/><E73/><V82/><F82/><W117/><G100/><T72/><D72/><U58/><E42/><V97/><F97/><W75/><G75/><T3/><D3/><U90/><E58/><V96/><F96/><W76/><G89/><T125/><D125/><U56/><E56/><V94/><F94/><W134/><G134/><T68/><D40/><U38/><E95/><N who="0" m="36425" /><D67/><U43/><E90/><V9/><AGARI ba="0,0" hai="9,12,13,15,16,63,65,70" m="14921,42569" machi="9" ten="30,6000,0" yaku="10,1,52,1,54,1" doraHai="64" who="2" fromWho="2" sc="53,-20,451,-20,284,60,212,-20" />
</Scene>
<Scene>
<INIT seed="6,1,0,5,1,122" ten="33,431,344,192" oya="2" hai0="132,19,134,31,115,23,72,106,121,50,80,49,37" hai1="103,8,62,0,12,89,77,119,127,93,75,60,82" hai2="78,64,13,54,30,110,94,107,100,113,123,55,69" hai3="96,34,38,61,131,104,108,91,6,114,109,101,68"/><V5/><F123/><W41/><G91/><T67/><D121/><U26/><E0/><V58/><F107/><W84/><G84/><T59/><D115/><U4/><E119/><V92/><F113/><W125/><G114/><T102/><D37/><U15/><E127/><V83/><F69/><W129/><G6/><T24/><D102/><U70/><E70/><V116/><F116/><W98/><G98/><T111/><D106/><U20/><E15/><V71/><F71/><W87/><G87/><T117/><D117/><U47/><E103/><V63/><F30/><W81/><G81/><T90/><D67/><U97/><E47/><V135/><F135/><W45/><G34/><T32/><D90/><U10/><E10/><N who="2" m="4303" /><F110/><N who="3" m="42603" /><G125/><T130/><D111/><U99/><E99/><N who="2" m="59495" /><F94/><W133/><G133/><T40/><D130/><N who="3" m="49673" /><G68/><T120/><D120/><U85/><E75/><V18/><F18/><AGARI ba="1,0" hai="4,8,12,18,20,26,60,62,77,82,85,89,93,97" machi="18" ten="30,2000,0" yaku="7,1,8,1" doraHai="122" who="1" fromWho="2" sc="33,0,431,23,344,-23,192,0" />
</Scene>
<Scene>
<INIT seed="7,0,0,4,3,32" ten="33,454,321,192" oya="3" hai0="50,101,98,133,1,108,119,112,27,121,73,135,4" hai1="30,16,65,91,9,29,99,92,77,76,52,25,44" hai2="104,54,106,59,57,93,82,0,51,3,95,11,130" hai3="115,10,78,49,85,53,113,43,12,14,5,81,33"/><W83/><G33/><T132/><D73/><U26/><E65/><V6/><F130/><W100/><G100/><T103/><D119/><U2/><E2/><V35/><F35/><W68/><G68/><T8/><D121/><U61/><E26/><V88/><F3/><W116/><G116/><T58/><D108/><U13/><E25/><V46/><F104/><W22/><G83/><T34/><D112/><U71/><E71/><V90/><F106/><W31/><G31/><N who="1" m="11786" /><E44/><V124/><F124/><W114/><G43/><T41/><D34/><U19/><E19/><V120/><F120/><W40/><G40/><T109/><D109/><U110/><E110/><V80/><F82/><W15/><G22/><T56/><D27/><U107/><E107/><V66/><F66/><W134/><G134/><T38/><D38/><U123/><E123/><V84/><F80/><W45/><AGARI ba="0,0" hai="5,10,12,14,15,45,49,53,78,81,85,113,114,115" machi="45" ten="30,3000,0" yaku="0,1,15,1" doraHai="32" who="3" fromWho="3" sc="33,-10,454,-10,321,-10,192,30" />
</Scene>
<Scene>
<INIT seed="7,1,0,2,1,102" ten="23,444,311,222" oya="3" hai0="46,23,51,100,39,12,22,52,101,9,63,110,10" hai1="33,75,55,76,129,68,61,24,19,107,106,49,27" hai2="31,113,56,90,18,122,47,29,66,69,77,71,20" hai3="109,120,132,135,28,25,108,127,7,85,98,64,112"/><W79/><G64/><T133/><D110/><N who="3" m="42601" /><G120/><T104/><D133/><N who="3" m="51273" /><G79/><T89/><D39/><U111/><E19/><V81/><F66/><W105/><G85/><T86/><D104/><U53/><E107/><V94/><F122/><W5/><G112/><T57/><D100/><U58/><E76/><V30/><F113/><W84/><G84/><T26/><D101/><U1/><E75/><V96/><F77/><W95/><G105/><T13/><D9/><U16/><E106/><V117/><F117/><W74/><G74/><T43/><D26/><U34/><E27/><V42/><F81/><W130/><G127/><T70/><D70/><U35/><E68/><V123/><F123/><W32/><G130/><T50/><D63/><U72/><E61/><V67/><F71/><W14/><G95/><T128/><D128/><U44/><E72/><V54/><F69/><W119/><G98/><T73/><D73/><U134/><E129/><V103/><F67/><W114/><G114/><T80/><D13/><U6/><E134/><V121/><F121/><W99/><G99/><T37/><D37/><U92/><E92/><V78/><F78/><W126/><G126/><T11/><D11/><U15/><E111/><V2/><F103/><W8/><G119/><T41/><D41/><U60/><E55/><V65/><F65/><W3/><G3/><T88/><D89/><U91/><E53/><V4/><F2/><W48/><G48/><T131/><D131/><U82/><E49/><N who="2" m="26871" /><F54/><W125/><G125/><T124/><D124/><U36/><E1/><V21/><F96/><W87/><G87/><RYUUKYOKU ba="1,0" sc="23,15,444,-15,311,-15,222,15" hai0="10,12,22,23,43,46,50,51,52,57,80,86,88" hai3="5,7,8,14,25,28,32" />
</Scene>
<Scene>
<INIT seed="7,2,0,1,2,83" ten="38,429,296,237" oya="3" hai0="66,48,24,13,29,44,23,59,35,67,133,63,73" hai1="104,92,11,121,49,115,38,65,46,26,120,119,75" hai2="108,30,111,69,64,20,39,85,53,9,88,78,21" hai3="102,80,76,55,45,107,34,122,40,1,51,15,135"/><W10/><G135/><T56/><D133/><U3/><E104/><V114/><F39/><W105/><G34/><T28/><D73/><U84/><E75/><V61/><F78/><W4/><G122/><T68/><D68/><U116/><E38/><V37/><F114/><W8/><G102/><T43/><D35/><U87/><E115/><V129/><F129/><W82/><G82/><T62/><D13/><U134/><E134/><V14/><F37/><W93/><G93/><T89/><D89/><N who="1" m="53287" /><E65/><V7/><F53/><W6/><REACH who="3" step="1"/><G55/><REACH who="3" ten="38,429,296,227" step="2"/><T74/><REACH who="0" step="1"/><D74/><AGARI ba="2,1" hai="1,4,6,8,10,15,40,45,51,74,76,80,105,107" machi="74" ten="30,12000,1" yaku="1,1,2,1,7,1,53,2" doraHai="83" doraHaiUra="2" who="3" fromWho="0" sc="38,-126,429,0,296,0,227,136" owari="-88,-59.0,429,53.0,296,-10.0,363,16.0" />
</Scene>
</mjloggm>