<mjloggm ver="2.3"><GO type="169" lobby="0"/><UN n0="%68%61%79%61%74%6F%E2%98%86" n1="%E5%A4%AA%E3%81%8F%E3%81%AA%E3%81%84%E3%81%8A" n2="%E3%81%AA%E3%81%A3%E3%81%8D%E3%82%8A" n3="%E4%BB%AE%E9%B3%B3%E5%87%B0%E6%B0%91" dan="18,17,16,17" rate="2301.70,2215.44,2052.87,2112.50" sx="M,M,M,M"/><TAIKYOKU oya="0"/>

<Scene>
<INIT seed="0,0,0,4,4,56" ten="250,250,250,250" oya="0" hai0="27,43,72,94,68,115,135,31,2,9,112,91,119" hai1="78,24,75,62,22,0,88,92,25,122,37,51,53" hai2="74,20,110,104,90,36,47,85,70,71,54,76,55" hai3="96,60,66,120,41,32,95,103,29,14,59,69,134"/><T118/><D72/><U89/><E37/><V28/><F104/><W83/><G134/><T87/><D68/><U109/><E122/><V42/><F110/><W99/><G120/><T45/><D135/><U21/><E0/><V97/><F97/><W128/><G128/><T98/><D119/><U7/><E109/><V116/><F116/><W58/><G41/><T61/><D118/><U132/><E132/><V11/><F11/><W121/><G121/><T46/><D46/><U26/><E7/><V123/><F123/><W63/><G83/><T106/><D9/><U30/><E75/><V73/><F73/><W80/><G80/><T81/><D2/><U105/><E105/><V48/><F76/><W124/><G124/><T65/><D106/><U111/><E78/><V3/><F55/><W6/><G69/><T130/><D130/><U101/><E111/><V40/><F40/><W44/><G44/><T82/><D82/><U113/><E113/><V125/><F125/><W52/><G96/><T108/><D108/><U133/><E133/><V33/><F33/><W10/><G32/><T23/><D45/><N who="1" m="27887" /><E62/><V12/><F3/><W15/><G29/><T17/><D43/><U114/><E114/><V19/><F28/><W79/><G79/><T34/><D34/><U129/><E129/><V127/><F74/><W117/><G117/><T126/><D126/><U18/><E25/><V39/><F39/><W5/><G15/><T49/><D31/><U77/><E77/><V16/><F127/><W102/><G5/><T1/><D1/><U107/><E107/><V93/><F19/><RYUUKYOKU ba="0,0" sc="250,-30,250,10,250,10,250,10" hai1="18,21,22,24,26,30,88,89,92,101" hai2="12,16,20,36,42,47,48,54,70,71,85,90,93" hai3="6,10,14,52,58,59,60,63,66,95,99,102,103" />
</Scene>
<Scene>
<INIT seed="1,1,0,1,3,53" ten="220,260,260,260" oya="1" hai0="19,60,107,56,31,48,83,91,45,20,129,70,118" hai1="117,114,76,10,43,115,106,3,18,5,92,127,24" hai2="52,93,66,72,47,15,82,28,131,87,109,122,36" hai3="54,69,80,99,8,88,124,68,25,90,125,119,98"/><U62/><E106/><V113/><F122/><W42/><G42/><T57/><D118/><U75/><E117/><V123/><F109/><W85/><G119/><T51/><D107/><U46/><E127/><N who="3" m="48714" /><G8/><T133/><D129/><U22/><E92/><V84/><F72/><W9/><G9/><T41/><D133/><U16/><E18/><V67/><F113/><W7/><G7/><T101/><D101/><U103/><E103/><V29/><F131/><W35/><G54/><N who="0" m="31839" /><D31/><N who="2" m="11850" /><F15/><W27/><G35/><T132/><D70/><U33/><E62/><V4/><F36/><W32/><G32/><T134/><D132/><U86/><E86/><V81/><F4/><W40/><G40/><T111/><D111/><U44/><E33/><V77/><F93/><N who="3" m="56615" /><G99/><T112/><D112/><U102/><E102/><V65/><F123/><W108/><G108/><T74/><D134/><U78/><E44/><V1/><F1/><W37/><G37/><T89/><D74/><U97/><E97/><V34/><F34/><W59/><G59/><T135/><D135/><U130/><E130/><V17/><F47/><W73/><G73/><T26/><D83/><N who="1" m="45471" /><E78/><N who="2" m="46135" /><F52/><AGARI ba="1,0" hai="19,20,26,41,45,48,52,57,60,89,91" m="31839" machi="52" ten="30,7700,0" yaku="8,1,52,2,54,1" doraHai="53" who="0" fromWho="2" sc="220,80,260,0,260,-80,260,0" />
</Scene>
<Scene>
<INIT seed="2,0,0,0,0,128" ten="300,260,180,260" oya="2" hai0="62,131,36,51,98,61,87,34,33,28,21,10,44" hai1="59,129,95,83,121,18,49,68,64,79,85,60,20" hai2="52,71,108,74,134,135,5,65,9,115,41,0,110" hai3="90,100,27,30,54,102,58,22,132,96,2,42,99"/><V77/><F115/><W47/><G2/><T46/><D36/><U57/><E129/><V7/><F7/><W116/><G116/><T55/><D98/><U107/><E107/><V25/><F41/><W53/><G132/><N who="2" m="50729" /><F25/><W17/><G30/><T117/><D10/><U1/><E1/><V82/><F52/><W106/><G90/><T133/><D21/><U45/><E121/><V8/><F9/><W12/><G27/><T67/><D28/><U120/><E120/><V76/><F76/><W88/><G88/><T113/><D34/><U130/><E130/><V111/><F65/><W86/><G86/><T3/><D33/><U4/><E4/><V105/><F105/><W101/><G106/><T43/><D87/><U80/><E64/><V31/><F31/><W84/><G84/><T13/><D67/><U23/><E79/><V104/><F104/><W56/><G42/><T6/><D55/><N who="3" m="21001" /><G47/><T72/><D44/><U40/><E45/><V29/><F29/><W112/><G112/><T109/><D46/><U93/><E40/><V38/><F71/><W94/><G58/><T78/><D43/><U125/><E59/><V37/><AGARI ba="0,0" hai="0,5,8,37,38,74,77,82,108,110,111" m="50729" machi="37" ten="40,18000,2" yaku="14,1,10,1,20,1,23,1,52,3" doraHai="128" who="2" fromWho="2" sc="300,-60,260,-60,180,180,260,-60" />
</Scene>
<Scene>
<INIT seed="2,1,0,5,2,2" ten="240,200,360,200" oya="2" hai0="61,42,85,103,59,129,81,35,12,94,132,126,57" hai1="127,13,48,6,134,63,86,113,64,89,25,36,87" hai2="90,47,98,75,71,40,52,83,23,114,116,17,9" hai3="66,34,115,109,50,51,80,31,88,68,92,107,49"/><V11/><F71/><W16/><G107/><T54/><D35/><U82/><E36/><V32/><F32/><W39/><G39/><T101/><D126/><U65/><E113/><V46/><F116/><W3/><G3/><T76/><D129/><U30/><E127/><V67/><F67/><W125/><G125/><T72/><D132/><U8/><E134/><V96/><F75/><W69/><G80/><T38/><D42/><U15/><E48/><N who="2" m="28703" /><F114/><W123/><G123/><T77/><D38/><U44/><E44/><V7/><F46/><W28/><G115/><T128/><D128/><U20/><E63/><V1/><F1/><W18/><G109/><T130/><D130/><U119/><E119/><V108/><F108/><W121/><G121/><T45/><D45/><U10/><REACH who="1" step="1"/><E87/><REACH who="1" ten="240,190,360,200" step="2"/><N who="2" m="50559" /><F40/><W41/><G41/><T24/><D61/><U84/><E84/><V131/><F131/><W5/><G51/><T104/><D85/><U135/><E135/><V111/><F111/><W110/><G110/><T14/><D72/><U97/><E97/><V62/><F98/><W133/><G133/><T70/><D70/><U27/><E27/><V56/><F96/><W43/><G43/><T122/><D24/><U21/><E21/><V58/><F62/><W26/><G50/><T37/><D37/><U29/><E29/><V74/><F74/><W117/><G49/><T124/><D122/><U100/><E100/><V55/><F23/><W33/><G117/><T78/><D103/><U0/><E0/><N who="2" m="231" /><F55/><W93/><G26/><T95/><D124/><U105/><E105/><V60/><F60/><RYUUKYOKU ba="1,1" sc="240,-15,190,15,360,15,200,-15" hai1="6,8,10,13,15,20,25,30,64,65,82,86,89" hai2="11,17,56,58" />
</Scene>
<Scene>
<INIT seed="2,2,1,3,3,1" ten="225,205,375,185" oya="2" hai0="42,91,97,121,81,12,132,120,72,69,131,21,46" hai1="116,57,9,3,66,61,65,47,79,117,107,130,6" hai2="76,122,87,41,39,50,29,31,44,30,55,98,105" hai3="48,100,27,70,23,34,95,63,20,33,80,104,40"/><V113/><F113/><W73/><G104/><T26/><D69/><U85/><E107/><V115/><F115/><W7/><G23/><T78/><D131/><U56/><E130/><V133/><F122/><W102/><G7/><T84/><D12/><U37/><E79/><V103/><F133/><W128/><G128/><T92/><D132/><U60/><REACH who="1" step="1"/><E85/><REACH who="1" ten="225,195,375,185" step="2"/><V112/><F112/><W111/><G73/><T114/><D114/><U106/><E106/><V13/><F87/><W101/><G111/><T64/><D72/><U59/><E59/><V108/><F76/><W18/><G70/><T25/><D120/><U110/><E110/><V75/><F75/><W125/><G125/><T0/><D121/><U15/><E15/><V19/><F108/><W86/><G86/><T119/><D0/><U124/><E124/><V126/><F126/><W8/><G80/><T58/><D119/><U99/><E99/><V51/><F105/><W53/><G95/><T43/><D26/><U11/><E11/><V45/><F98/><W89/><G8/><T52/><D46/><U36/><E36/><V109/><F109/><W96/><G96/><T24/><D24/><U32/><E32/><V74/><F39/><W68/><G33/><T22/><D22/><U28/><E28/><V62/><F74/><W2/><G34/><T17/><REACH who="0" step="1"/><D64/><REACH who="0" ten="215,195,375,185" step="2"/><U5/><E5/><V35/><F35/><W123/><G2/><T90/><D90/><U134/><E134/><V118/><F118/><W94/><G123/><T10/><D10/><U77/><E77/><V88/><F88/><W16/><G89/><RYUUKYOKU ba="2,3" sc="215,15,195,15,375,-15,185,-15" hai0="17,21,25,42,43,52,58,78,81,84,91,92,97" hai1="3,6,9,37,47,56,57,60,61,65,66,116,117" />
</Scene>
<Scene>
<INIT seed="3,3,3,2,5,132" ten="230,210,360,170" oya="3" hai0="45,69,53,1,98,20,92,134,68,5,108,22,89" hai1="77,30,8,73,118,0,131,33,46,86,15,72,103" hai2="107,29,26,129,133,79,122,101,56,76,58,43,65" hai3="96,81,88,21,125,85,34,124,78,24,87,130,39"/><W91/><G39/><T37/><D134/><U4/><E131/><V63/><F133/><W36/><G36/><T49/><D108/><U127/><E118/><V90/><F43/><W105/><G34/><T74/><D74/><U113/><E113/><V23/><F129/><W44/><G44/><T18/><D22/><U31/><E103/><V27/><F122/><W119/><G119/><T52/><D37/><U114/><E114/><V62/><F107/><W25/><G130/><T111/><D111/><U14/><E86/><V40/><F101/><N who="3" m="62631" /><G24/><T60/><D5/><U115/><E115/><V12/><F40/><W135/><G135/><T99/><D1/><U32/><E46/><V57/><F57/><W100/><G100/><T116/><D98/><U128/><E128/><V83/><F12/><W110/><G110/><T126/><D116/><U9/><E4/><V42/><F42/><W28/><G85/><T51/><D60/><U54/><E54/><N who="2" m="34071" /><F27/><W19/><G28/><T95/><D95/><U59/><E59/><V120/><F120/><W106/><G106/><T17/><D68/><U11/><E11/><V84/><AGARI ba="3,3" hai="23,26,29,58,63,65,76,79,83,84,90" m="34071" machi="84" ten="30,1100,0" yaku="8,1" doraHai="132" who="2" fromWho="2" sc="230,-6,210,-6,360,50,170,-8" />
</Scene>
<Scene>
<INIT seed="4,0,0,0,4,115" ten="224,204,410,162" oya="0" hai0="101,127,49,11,47,131,93,72,109,44,43,73,3" hai1="88,10,60,121,95,86,114,102,36,52,50,110,111" hai2="45,124,74,69,100,112,132,23,118,5,34,20,32" hai3="135,65,41,27,119,117,0,56,79,24,48,82,61"/><T89/><D109/><U80/><E121/><V76/><F100/><W64/><G0/><T92/><D127/><U18/><E36/><V35/><F45/><W103/><G103/><T128/><D101/><U133/><E114/><V78/><F112/><W96/><G96/><T70/><D70/><U106/><E133/><V122/><F122/><W30/><G135/><T33/><D33/><U87/><E106/><V2/><F132/><W120/><G120/><T42/><D11/><U51/><E111/><V99/><F99/><W125/><G64/><T1/><D49/><U31/><E31/><V104/><F104/><W129/><G129/><T12/><D12/><N who="1" m="7447" /><E110/><V28/><F69/><W75/><G24/><T25/><D89/><N who="1" m="51399" /><E102/><V130/><F130/><W17/><G17/><T108/><D108/><U57/><AGARI ba="0,0" hai="50,51,52,57,60,87,88,95" m="51399,7447" machi="57" ten="30,4000,0" yaku="8,1,54,2" doraHai="115" who="1" fromWho="1" sc="224,-20,204,40,410,-10,162,-10" />
</Scene>
<Scene>
<INIT seed="5,0,0,5,0,128" ten="204,244,400,152" oya="1" hai0="80,71,106,81,123,59,70,8,49,97,50,25,98" hai1="135,77,7,111,0,96,107,28,69,51,95,23,20" hai2="133,47,94,92,21,11,120,108,67,132,124,129,17" hai3="18,37,131,26,117,100,48,40,35,130,16,60,58"/><U125/><E107/><V9/><F129/><W127/><G37/><T73/><D25/><U87/><E69/><V86/><F120/><W68/><G68/><T64/><D59/><U52/><E125/><V4/><F108/><W34/><G127/><T72/><D8/><N who="2" m="3146" /><F4/><W118/><G100/><T78/><D78/><U15/><E87/><V33/><F33/><N who="3" m="12299" /><G131/><T61/><D61/><U119/><E95/><V116/><F116/><N who="3" m="44651" /><G26/><T66/><REACH who="0" step="1"/><D106/><REACH who="0" ten="194,244,400,152" step="2"/><U57/><E57/><V102/><F124/><W13/><G130/><T99/><D99/><U29/><E96/><V109/><F109/><W104/><G104/><T101/><D101/><U105/><E77/><V42/><F102/><W76/><G76/><T112/><D112/><U93/><E105/><V84/><F86/><W83/><G83/><T121/><AGARI ba="0,1" hai="49,50,64,66,70,71,72,73,80,81,97,98,121,123" machi="121" ten="25,6400,0" yaku="1,1,0,1,22,2,53,0" doraHai="128" doraHaiUra="75" who="0" fromWho="0" sc="194,74,244,-32,400,-16,152,-16" />
</Scene>
<Scene>
<INIT seed="6,0,0,0,4,118" ten="268,212,384,136" oya="2" hai0="88,37,131,57,18,32,26,128,120,98,67,107,84" hai1="65,79,73,94,20,43,16,62,35,100,28,47,17" hai2="34,127,116,112,66,87,61,89,110,102,103,44,135" hai3="22,25,27,83,90,69,86,41,133,40,71,91,46"/><V97/><F34/><W125/><G133/><T111/><D37/><U93/><E35/><V77/><F116/><W114/><G125/><T70/><D70/><U53/><E73/><V1/><F1/><W45/><G114/><T81/><D111/><U85/><E53/><V63/><F112/><W12/><G12/><T117/><D117/><U115/><E115/><V23/><F135/><W78/><G78/><T99/><D107/><U15/><E28/><V14/><F127/><W29/><G27/><T5/><D5/><U49/><E100/><V13/><F77/><W58/><G71/><T105/><D105/><U21/><E85/><V42/><F23/><W59/><G69/><T106/><D106/><U121/><E79/><V109/><F13/><W74/><G74/><T3/><D3/><U6/><E6/><V10/><F97/><W123/><G123/><T132/><D120/><U55/><E43/><V95/><F102/><W50/><REACH who="3" step="1"/><G90/><REACH who="3" ten="268,212,384,126" step="2"/><T8/><D88/><U75/><E75/><V0/><F14/><W92/><G92/><T38/><D26/><N who="1" m="14599" /><E121/><V104/><F95/><W126/><G126/><T108/><D132/><U96/><E96/><V124/><F89/><W11/><G11/><T68/><D98/><U129/><E129/><V30/><F124/><W31/><G31/><T119/><D99/><U113/><E113/><V48/><F110/><W82/><G82/><T72/><D128/><U76/><E76/><V2/><F30/><W7/><G7/><T60/><D108/><U134/><E134/><V52/><F109/><W54/><G54/><T9/><D131/><RYUUKYOKU ba="0,1" sc="268,-15,212,15,384,-15,126,15" hai1="15,17,21,47,49,55,62,65,93,94" hai3="22,25,29,40,41,45,46,50,58,59,83,86,91" />
</Scene>
<Scene>
<INIT seed="7,1,1,1,2,19" ten="253,227,369,141" oya="3" hai0="107,90,10,40,37,51,8,108,89,47,97,22,50" hai1="84,17,39,71,132,122,67,11,14,56,114,133,48" hai2="83,100,44,46,96,61,52,16,129,27,33,4,86" hai3="110,70,65,116,73,6,134,115,88,85,25,23,99"/><W58/><G73/><T7/><D10/><U106/><E39/><V53/><F4/><W29/><G116/><T118/><D108/><U94/><E106/><V5/><F5/><W125/><G110/><T120/><D120/><U3/><E122/><V30/><F129/><W80/><G70/><T105/><D89/><N who="1" m="53543" /><E114/><V119/><F96/><W60/><G115/><T112/><D105/><U59/><E3/><V101/><F86/><W78/><G125/><T82/><D82/><U43/><E71/><V34/><F44/><W135/><G6/><T32/><D32/><U49/><E43/><V126/><F46/><W117/><G117/><T77/><D77/><U111/><E111/><V109/><F109/><W68/><G68/><T12/><D112/><U1/><E1/><V92/><F119/><W13/><G13/><T130/><D130/><U74/><E74/><V55/><F34/><W35/><G35/><T72/><D72/><U28/><E28/><V69/><F33/><W64/><G65/><T18/><D118/><U36/><E36/><V20/><F27/><W113/><G113/><T102/><D90/><U76/><E76/><V79/><F69/><W41/><REACH who="3" step="1"/><G41/><REACH who="3" ten="253,227,369,131" step="2"/><T2/><AGARI ba="1,2" hai="2,7,8,12,18,22,37,40,47,50,51,97,102,107" machi="2" ten="20,2700,0" yaku="0,1,7,1,52,1" doraHai="19" who="0" fromWho="0" sc="253,50,227,-8,369,-8,131,-14" owari="303,10.0,219,-18.0,361,46.0,117,-38.0" />
</Scene>
</mjloggm>