<mjloggm ver="2.3"><GO type="169" lobby="0"/><UN n0="%72%61%64%65%72" n1="%E3%81%AA%E3%81%A3%E3%81%8D%E3%82%8A" n2="%E5%A4%AA%E3%81%8F%E3%81%AA%E3%81%84%E3%81%8A" n3="%E8%8A%B1%E9%B3%A5%E7%8E%B2%E6%84%9B%E3%81%A1%E3%82%83%E3%82%93" dan="16,16,17,17" rate="2067.11,2036.47,2218.16,2132.29" sx="M,M,M,F"/><TAIKYOKU oya="0"/>

<Scene>
<INIT seed="0,0,0,3,3,128" ten="250,250,250,250" oya="0" hai0="73,34,105,27,93,107,123,62,120,111,72,134,15" hai1="52,37,3,108,8,16,112,115,21,56,60,125,74" hai2="28,117,84,18,11,66,26,109,50,127,101,133,1" hai3="124,82,36,100,130,22,32,68,85,35,5,61,102"/><T97/><D15/><N who="1" m="9375" /><E37/><V39/><F39/><W122/><G130/><T126/><D62/><U79/><E108/><V12/><F109/><W81/><G122/><N who="0" m="46635" /><D27/><U24/><E125/><V55/><F127/><W87/><G124/><T0/><D0/><U131/><E131/><V48/><F66/><W25/><G36/><T135/><D34/><U75/><E79/><V44/><F117/><W110/><G110/><T99/><D111/><U7/><E24/><V17/><F1/><W10/><G61/><T104/><D126/><U64/><E64/><V129/><F129/><W49/><G68/><T95/><D97/><U80/><E80/><N who="3" m="30826" /><G49/><T96/><D96/><U46/><E46/><V51/><F51/><W116/><G32/><T63/><D63/><U76/><E76/><V43/><F48/><W40/><G35/><T42/><D42/><U90/><E90/><V119/><F43/><W29/><G40/><T113/><D113/><AGARI ba="0,0" hai="3,7,8,52,56,60,74,75,112,113,115" m="9375" machi="113" ten="30,3900,0" yaku="11,1,54,2" doraHai="128" who="1" fromWho="0" sc="250,-39,250,39,250,0,250,0" />
</Scene>
<Scene>
<INIT seed="1,0,0,0,1,44" ten="211,289,250,250" oya="1" hai0="122,61,31,96,97,78,66,103,100,94,72,93,47" hai1="84,0,14,37,129,5,125,24,115,63,51,99,41" hai2="86,50,98,36,85,120,57,13,88,2,95,42,90" hai3="54,112,113,126,6,33,4,76,3,77,104,123,25"/><U134/><E0/><V79/><F2/><W69/><G3/><T19/><D19/><U35/><E115/><V106/><F120/><W130/><G69/><T52/><D31/><U27/><E37/><V75/><F36/><W53/><G104/><T68/><D122/><U8/><E129/><V56/><F75/><W18/><G123/><T43/><D52/><U133/><E125/><V119/><F119/><W89/><G130/><T70/><D70/><U132/><E99/><V15/><F106/><W49/><G126/><T48/><D78/><U10/><E10/><V116/><F116/><W7/><G89/><T32/><D72/><U91/><E63/><V80/><F56/><W45/><G54/><T71/><D71/><U83/><E35/><AGARI ba="0,0" hai="32,35,43,47,48,61,66,68,93,94,96,97,100,103" machi="35" ten="40,2600,0" yaku="9,1,52,1" doraHai="44" who="0" fromWho="1" sc="211,26,289,-26,250,0,250,0" />
</Scene>
<Scene>
<INIT seed="2,0,0,2,4,41" ten="237,263,250,250" oya="2" hai0="93,13,23,3,121,33,86,111,118,30,94,66,125" hai1="129,64,114,56,65,133,0,134,54,9,50,99,108" hai2="35,126,105,70,110,103,48,53,96,11,24,74,20" hai3="31,15,85,10,7,71,132,51,69,78,104,81,101"/><V43/><F74/><W62/><G132/><N who="1" m="50794" /><E114/><V68/><F35/><W73/><G31/><T107/><D94/><U21/><E108/><V58/><F126/><W117/><G117/><T27/><D107/><U77/><E77/><V22/><F110/><W6/><G6/><T12/><D86/><U91/><E129/><V124/><F124/><W1/><G1/><T123/><D93/><N who="1" m="56767" /><E21/><V36/><F11/><W90/><G62/><T89/><D89/><U92/><E92/><V122/><F122/><W127/><G127/><T49/><D49/><U32/><E32/><V25/><F22/><W19/><G101/><T131/><D111/><U112/><E112/><V76/><F76/><W120/><G104/><T80/><D118/><U61/><E61/><V88/><F88/><W109/><G120/><T100/><D125/><U26/><E26/><V29/><REACH who="2" step="1"/><F25/><REACH who="2" ten="237,263,240,250" step="2"/><W39/><G109/><T67/><D33/><U44/><E9/><V57/><F57/><W102/><G78/><T95/><D123/><U46/><E0/><V79/><F79/><W45/><G73/><T5/><D3/><U59/><E59/><V98/><F98/><W42/><G71/><T83/><D121/><U17/><E17/><V82/><F82/><W34/><G34/><T130/><D80/><U38/><E56/><V47/><AGARI ba="0,1" hai="20,24,29,36,43,47,48,53,58,68,70,96,103,105" machi="47" ten="30,6000,0" yaku="1,1,0,1,52,1,53,0" doraHai="41" doraHaiUra="113" who="2" fromWho="2" sc="237,-20,263,-20,240,70,250,-20" />
</Scene>
<Scene>
<INIT seed="2,1,0,0,5,91" ten="217,243,310,230" oya="2" hai0="97,13,30,111,17,71,105,44,83,126,49,25,133" hai1="116,107,119,72,93,26,68,70,38,41,18,9,56" hai2="37,20,42,106,53,12,29,48,125,134,34,85,127" hai3="14,78,94,100,130,10,73,15,117,80,112,27,50"/><V81/><F106/><W31/><G117/><T128/><D111/><U19/><E107/><V36/><F34/><W1/><G130/><T16/><D126/><N who="2" m="48138" /><F42/><W82/><G112/><T2/><D2/><U75/><E56/><N who="2" m="32807" /><F134/><W98/><G80/><T23/><D71/><U63/><E9/><V28/><F12/><W43/><G1/><T52/><D128/><U124/><E124/><V74/><F74/><W123/><G123/><T77/><D133/><U39/><E26/><N who="2" m="16455" /><F29/><W86/><G73/><T118/><D118/><U40/><REACH who="1" step="1"/><E63/><REACH who="1" ten="217,233,310,230" step="2"/><V45/><F45/><N who="3" m="25919" /><G10/><T0/><D0/><U64/><E64/><V5/><F5/><W33/><G33/><T54/><D54/><U4/><E4/><V3/><F3/><W66/><G66/><T51/><D51/><U32/><E32/><V76/><AGARI ba="1,1" hai="36,37,76,81,85" m="16455,32807,48138" machi="76" ten="30,1500,0" yaku="18,1" doraHai="91" who="2" fromWho="2" sc="217,-6,233,-6,310,28,230,-6" />
</Scene>
<Scene>
<INIT seed="2,2,0,4,1,69" ten="211,227,338,224" oya="2" hai0="61,95,44,127,77,124,86,1,90,79,117,10,49" hai1="13,130,21,118,83,48,111,74,62,104,115,50,75" hai2="3,72,18,125,40,102,133,135,116,126,112,121,23" hai3="114,98,29,122,34,84,105,20,78,89,32,123,66"/><V128/><F72/><W87/><G114/><T59/><D117/><U65/><E115/><V129/><F112/><W2/><G2/><T107/><D107/><U30/><E118/><V108/><F116/><W8/><G66/><N who="0" m="39231" /><D10/><U70/><E104/><V68/><F121/><W93/><G105/><T14/><D14/><U96/><E130/><N who="2" m="50283" /><F68/><W58/><G8/><T19/><D19/><U41/><E111/><V97/><F40/><W25/><G122/><T51/><D1/><U36/><E96/><V60/><F60/><W0/><G0/><T46/><D127/><N who="2" m="48650" /><F3/><W67/><G123/><T6/><D6/><U91/><E74/><V120/><F120/><W7/><G7/><T55/><D124/><U47/><E13/><N who="2" m="9679" /><F108/><W43/><G43/><AGARI ba="2,0" hai="43,44,46,49,51,55,77,79,86,90,95" m="39231" machi="43" ten="30,1000,0" yaku="8,1" doraHai="69" who="0" fromWho="3" sc="211,16,227,0,338,0,224,-16" />
</Scene>
<Scene>
<INIT seed="3,0,0,1,4,25" ten="227,227,338,208" oya="3" hai0="3,39,6,68,33,23,35,81,70,5,15,50,82" hai1="84,78,17,47,29,7,86,129,134,21,26,55,116" hai2="37,106,75,105,4,123,48,83,111,88,19,93,126" hai3="110,54,100,132,131,103,98,8,49,32,51,38,52"/><W60/><G38/><T9/><D39/><U90/><E129/><V94/><F37/><W18/><G131/><T109/><D109/><U114/><E134/><V102/><F4/><W56/><G110/><T1/><D50/><N who="3" m="18953" /><G32/><T43/><D23/><N who="1" m="15583" /><E116/><V124/><F111/><W118/><G118/><T108/><D108/><U127/><E7/><V122/><F19/><W77/><G77/><T44/><D44/><U101/><E101/><N who="3" m="38986" /><G98/><T72/><D15/><U46/><E127/><N who="2" m="48683" /><F48/><W120/><G120/><N who="2" m="46121" /><F102/><W30/><G30/><T69/><D43/><U74/><E74/><V133/><F133/><W130/><G132/><T104/><D104/><N who="2" m="40042" /><F88/><W128/><G130/><T135/><D135/><U99/><E47/><V34/><F34/><W89/><G128/><T11/><D82/><U31/><E17/><V95/><F83/><W107/><G89/><T79/><AGARI ba="0,0" hai="1,3,5,6,9,11,33,35,68,69,70,72,79,81" machi="79" ten="40,8000,1" yaku="0,1,9,1,33,3" doraHai="25" who="0" fromWho="0" sc="227,80,227,-20,338,-20,208,-40" />
</Scene>
<Scene>
<INIT seed="4,0,0,5,3,125" ten="307,207,318,168" oya="0" hai0="1,5,112,134,36,31,71,114,10,18,82,37,129" hai1="74,66,124,85,120,8,86,23,99,43,52,116,55" hai2="106,68,108,64,103,97,107,87,98,28,83,117,24" hai3="17,118,12,130,63,15,4,72,135,128,92,75,89"/><T30/><D71/><U57/><E120/><V104/><F108/><W96/><G118/><T105/><D105/><U39/><E74/><V32/><F117/><W127/><G127/><T102/><D18/><U14/><E116/><V27/><F98/><W76/><G135/><T115/><D102/><U50/><E124/><V110/><F110/><W69/><G15/><T40/><D82/><U70/><E23/><V126/><F27/><W62/><G4/><T67/><D67/><U51/><E99/><V59/><F59/><W25/><G25/><T19/><D19/><N who="1" m="8647" /><E39/><N who="0" m="14921" /><D40/><U56/><E70/><V91/><REACH who="2" step="1"/><F126/><REACH who="2" ten="307,207,308,168" step="2"/><W0/><G0/><T94/><D1/><U79/><E66/><V35/><F35/><W7/><G69/><T46/><D134/><U38/><E38/><V111/><F111/><W47/><G47/><T93/><D46/><N who="1" m="25951" /><E79/><V6/><F6/><W95/><G76/><T58/><D58/><U109/><E109/><V81/><F81/><W3/><G7/><T16/><D5/><U65/><E65/><V53/><F53/><W113/><G3/><T132/><D132/><U61/><AGARI ba="0,1" hai="51,52,55,56,57,61,85,86" m="25951,8647" machi="61" ten="30,2000,0" yaku="8,1,54,1" doraHai="125" who="1" fromWho="1" sc="307,-10,207,30,308,-5,168,-5" />
</Scene>
<Scene>
<INIT seed="5,0,0,5,1,87" ten="297,237,303,163" oya="1" hai0="11,43,2,77,48,61,25,31,110,126,123,95,4" hai1="6,104,52,67,91,97,65,33,55,73,3,131,83" hai2="19,114,109,51,134,1,119,127,76,86,96,72,78" hai3="62,118,46,40,54,99,15,8,64,39,13,129,26"/><U0/><E33/><V18/><F109/><W27/><G118/><T53/><D110/><U38/><E38/><V117/><F72/><W84/><G129/><T125/><D123/><U70/><E131/><V130/><F130/><W68/><G15/><T22/><D95/><U92/><E70/><V90/><F1/><W23/><G99/><T121/><D61/><U37/><E37/><V94/><F114/><W45/><G23/><T71/><D77/><N who="2" m="29802" /><F119/><W20/><G20/><T44/><D121/><U124/><E73/><V7/><F117/><W5/><G45/><T89/><D89/><N who="1" m="55439" /><E3/><V60/><F127/><N who="0" m="48650" /><D43/><U29/><E0/><V107/><F107/><W102/><G102/><T105/><D105/><U79/><E79/><V41/><F60/><W85/><REACH who="3" step="1"/><G54/><REACH who="3" ten="297,237,303,153" step="2"/><T59/><D44/><U122/><E124/><V50/><F96/><W9/><G9/><T32/><D32/><U10/><E10/><V12/><F12/><W82/><G82/><T115/><D115/><U42/><E83/><V24/><F41/><W101/><G101/><T56/><D11/><U74/><E42/><V108/><F108/><W98/><G98/><T116/><D116/><U21/><E55/><V66/><F94/><W88/><G88/><T120/><D53/><U16/><E91/><V135/><F90/><W81/><G81/><T111/><D22/><U58/><E52/><V36/><F86/><AGARI ba="0,1" hai="5,8,13,26,27,39,40,46,62,64,68,84,85,86" machi="86" ten="40,1300,0" yaku="1,1,53,0" doraHai="87" doraHaiUra="35" who="3" fromWho="2" sc="297,0,237,0,303,-13,153,23" />
</Scene>
<Scene>
<INIT seed="6,0,0,3,5,30" ten="297,237,290,176" oya="2" hai0="119,68,75,31,108,48,45,60,46,26,2,83,122" hai1="11,33,47,3,34,86,127,116,133,49,85,39,88" hai2="15,135,87,8,126,6,89,51,9,50,73,97,10" hai3="113,106,35,117,24,14,20,82,4,77,92,120,129"/><V81/><F126/><W42/><G120/><T23/><D122/><U59/><E116/><V7/><F135/><W61/><G117/><T36/><D36/><U37/><E127/><V72/><F97/><W64/><G106/><T57/><D2/><U98/><E133/><V17/><F73/><W1/><G1/><T52/><D108/><U21/><E39/><V16/><F72/><W115/><G42/><T28/><D28/><U67/><E21/><N who="2" m="11423" /><F17/><N who="3" m="10295" /><G92/><T121/><D121/><U40/><E98/><V13/><F13/><W118/><G118/><T54/><D119/><U32/><E88/><V84/><F84/><N who="3" m="48207" /><G4/><AGARI ba="0,0" hai="4,6,7,8,9,10,50,51,81,87,89" m="11423" machi="4" ten="30,2900,0" yaku="8,1,54,1" doraHai="30" who="2" fromWho="3" sc="297,0,237,0,290,29,176,-29" />
</Scene>
<Scene>
<INIT seed="6,1,0,1,0,51" ten="297,237,319,147" oya="2" hai0="101,5,60,73,42,128,59,118,17,37,32,7,109" hai1="43,78,56,123,96,53,57,20,122,121,11,46,25" hai2="64,103,16,102,3,131,0,94,110,72,95,84,28" hai3="34,127,89,29,23,67,38,85,82,93,111,1,36"/><V125/><F72/><W88/><G111/><T12/><D32/><U47/><E78/><V74/><F74/><W77/><G34/><T100/><D100/><N who="2" m="38442" /><F0/><W33/><G33/><T134/><D7/><U132/><E96/><V112/><F3/><W35/><G35/><T30/><D5/><U50/><E11/><V27/><F28/><W39/><G127/><T120/><D30/><U105/><E105/><V97/><F125/><W87/><G1/><T83/><D120/><U18/><REACH who="1" step="1"/><E132/><REACH who="1" ten="297,227,319,147" step="2"/><V126/><F97/><W81/><G67/><T13/><D134/><U44/><E44/><V104/><F104/><W63/><G23/><T26/><D109/><U6/><E6/><V113/><F110/><W61/><REACH who="3" step="1"/><G29/><REACH who="3" ten="297,227,319,137" step="2"/><T68/><D118/><U69/><E69/><V116/><F116/><W99/><AGARI ba="1,2" hai="36,38,39,61,63,77,81,82,85,87,88,89,93,99" machi="99" ten="30,7900,0" yaku="1,1,2,1,0,1,54,1,53,0" doraHai="51" doraHaiUra="106" who="3" fromWho="3" sc="297,-21,227,-21,319,-40,137,102" />
</Scene>
<Scene>
<INIT seed="7,0,0,1,4,4" ten="276,206,279,239" oya="3" hai0="94,121,26,0,14,6,81,19,108,111,41,113,86" hai1="117,8,3,54,5,107,66,123,44,58,109,79,57" hai2="87,31,65,7,78,28,27,45,33,64,85,49,56" hai3="89,96,131,75,88,13,115,53,24,102,2,95,118"/><W92/><G118/><T73/><D41/><U100/><E123/><V55/><F31/><W32/><G75/><T43/><D43/><U36/><E109/><V59/><F7/><W93/><G2/><T12/><D26/><U15/><E117/><V18/><F18/><W82/><G24/><T38/><D38/><U110/><E110/><V23/><F33/><W68/><G32/><T125/><D14/><U120/><E120/><V71/><F71/><W122/><G68/><T50/><D94/><N who="3" m="36457" /><G115/><T62/><D113/><U90/><E90/><N who="3" m="34922" /><G122/><T10/><D73/><U42/><E79/><V21/><F21/><W70/><G70/><T16/><D121/><U133/><E133/><V91/><F78/><W98/><G131/><T9/><D111/><U127/><E127/><V69/><F69/><W72/><G72/><T114/><D125/><U22/><E66/><N who="2" m="25707" /><F85/><W83/><G98/><T126/><D108/><U20/><E3/><V63/><F63/><W51/><G13/><T104/><D114/><U17/><E5/><V34/><F34/><W37/><G37/><T76/><D126/><U119/><E119/><V130/><F130/><W29/><G29/><T39/><D39/><U35/><E35/><V61/><F61/><W99/><G99/><T97/><D62/><N who="1" m="36151" /><E58/><AGARI ba="0,0" hai="51,53,58,82,83,95,96,102" m="34922,36457" machi="58" ten="30,2900,0" yaku="8,1,54,1" doraHai="4" who="3" fromWho="1" sc="276,0,206,-29,279,0,239,29" />
</Scene>
<Scene>
<INIT seed="7,1,0,5,1,106" ten="276,177,279,268" oya="3" hai0="126,57,61,82,125,44,127,110,98,117,4,8,69" hai1="78,64,76,118,81,18,6,113,99,37,21,16,62" hai2="30,94,36,103,92,75,83,96,128,124,0,32,100" hai3="88,39,56,130,90,77,47,93,120,40,91,85,102"/><W23/><G120/><T46/><D110/><U38/><E113/><V122/><F0/><W49/><G130/><T5/><D117/><U9/><E118/><V2/><F2/><W17/><G102/><T51/><D98/><U63/><E99/><N who="2" m="59495" /><F36/><W66/><G77/><T42/><D69/><U1/><E78/><N who="2" m="44511" /><F30/><W73/><G73/><T114/><D82/><U10/><E10/><V74/><F32/><W31/><G31/><T129/><D129/><U26/><E18/><V55/><F55/><W101/><G101/><T12/><D114/><U58/><REACH who="1" step="1"/><E62/><REACH who="1" ten="276,167,279,268" step="2"/><V7/><F128/><W71/><G71/><T43/><D5/><U35/><E35/><V52/><F7/><W41/><G39/><T54/><D44/><U29/><E29/><V48/><F96/><W104/><G104/><T115/><D115/><U108/><E108/><V45/><F122/><W25/><G40/><AGARI ba="1,1" hai="4,8,12,40,42,43,46,51,54,57,61,125,126,127" machi="40" ten="40,1300,0" yaku="18,1" doraHai="106" who="0" fromWho="3" sc="276,26,167,0,279,0,268,-16" owari="302,40.0,167,-33.0,279,8.0,252,-15.0" />
</Scene>
</mjloggm>