<mjloggm ver="2.3"><GO type="169" lobby="0"/><UN n0="%E3%81%93%E3%82%8C%E3%81%AF%E6%95%99%E8%82%B2%E3%82%84%E3%82%8D%E3%81%AA" n1="%E3%81%8F%E3%82%89%E3%81%BF%E3%81%98%E3%81%82" n2="%61%74%79%61%6E" n3="%E5%A4%AA%E3%81%8F%E3%81%AA%E3%81%84%E3%81%8A" dan="17,16,18,18" rate="2096.66,2172.36,2215.65,2241.72" sx="F,M,M,M"/><TAIKYOKU oya="0"/>

<Scene>
<INIT seed="0,0,0,5,1,83" ten="250,250,250,250" oya="0" hai0="21,88,5,104,36,57,121,112,44,58,96,90,70" hai1="129,6,19,111,132,84,115,93,128,124,64,74,34" hai2="20,45,3,89,71,95,4,25,32,17,79,92,125" hai3="73,120,48,15,98,41,99,62,94,56,114,77,86"/><T81/><D121/><U16/><E74/><V46/><F125/><W0/><G0/><T72/><D70/><U113/><E124/><V9/><F71/><W134/><G114/><N who="1" m="43530" /><E34/><V2/><F2/><W97/><G120/><T119/><D119/><U47/><E132/><V116/><F116/><W11/><G73/><T108/><D112/><U55/><E64/><V31/><F79/><W23/><G134/><T80/><D108/><U61/><E6/><V29/><F95/><W123/><G23/><T76/><D5/><U38/><E111/><V87/><REACH who="2" step="1"/><F31/><REACH who="2" ten="250,250,240,250" step="2"/><W59/><G123/><T100/><D76/><U33/><E129/><V78/><F78/><W27/><G77/><T117/><D117/><U103/><E128/><V105/><F105/><W118/><G118/><T52/><D104/><U30/><E30/><V110/><F110/><W106/><G106/><T65/><D72/><U42/><E103/><V8/><F8/><W37/><G11/><T126/><D100/><U40/><E93/><V91/><F91/><W67/><G94/><T49/><D90/><U66/><E33/><V127/><F127/><W69/><G69/><T39/><D126/><U130/><E130/><V122/><F122/><W24/><G98/><T12/><D96/><U68/><E68/><V18/><F18/><W135/><G97/><T85/><D88/><U133/><E19/><V82/><F82/><W14/><G99/><T1/><D81/><U28/><E16/><V53/><F53/><N who="3" m="31783" /><G135/><T60/><D1/><U63/><E28/><V101/><F101/><W35/><G35/><T43/><D80/><RYUUKYOKU ba="0,1" sc="250,-10,250,-10,240,30,250,-10" hai2="3,4,9,17,20,25,29,32,45,46,87,89,92" />
</Scene>
<Scene>
<INIT seed="1,1,1,3,5,70" ten="240,240,270,240" oya="1" hai0="64,25,66,110,98,57,127,85,128,126,15,19,76" hai1="96,36,41,16,113,0,48,33,73,31,117,93,54" hai2="44,123,71,18,6,60,23,87,120,102,47,40,92" hai3="43,78,79,13,45,3,30,38,8,21,83,35,81"/><U119/><E73/><V94/><F6/><W129/><G35/><T68/><D68/><U52/><E0/><V134/><F134/><W88/><G129/><T77/><D110/><U42/><E113/><V112/><F112/><W62/><G3/><T130/><D98/><U86/><E31/><V28/><F28/><W74/><G62/><N who="0" m="37967" /><D66/><U90/><E33/><V132/><F71/><W122/><G122/><T26/><D26/><U61/><E117/><V109/><F60/><W67/><G67/><T107/><D25/><U103/><E119/><V116/><F116/><W63/><G63/><T5/><D5/><U11/><E36/><V80/><F109/><W10/><G30/><T118/><D107/><U51/><E61/><V121/><F102/><W75/><REACH who="3" step="1"/><G88/><REACH who="3" ten="240,240,270,230" step="2"/><T124/><D118/><U114/><E114/><V37/><F132/><W34/><G34/><T46/><D128/><U91/><E91/><V131/><F131/><W99/><G99/><T2/><D2/><U104/><E96/><V50/><F80/><W125/><G125/><T100/><D130/><U135/><E135/><V22/><F120/><W95/><G95/><T55/><D100/><U56/><E103/><V97/><F97/><W72/><G72/><T9/><D85/><U29/><E29/><V27/><F92/><W82/><G82/><T108/><D108/><U12/><REACH who="1" step="1"/><E104/><REACH who="1" ten="240,230,270,230" step="2"/><V4/><F121/><W1/><G1/><T20/><D127/><U101/><E101/><V49/><F123/><W24/><G24/><N who="0" m="14367" /><D124/><U58/><AGARI ba="1,3" hai="11,12,16,41,42,48,51,52,54,56,58,86,90,93" machi="58" ten="20,18000,2" yaku="1,1,0,1,7,1,9,1,8,1,54,2,53,0" doraHai="70" doraHaiUra="111" who="1" fromWho="1" sc="240,-61,230,213,270,-61,230,-61" />
</Scene>
<Scene>
<INIT seed="1,2,0,1,5,81" ten="179,443,209,169" oya="1" hai0="101,53,73,61,134,104,100,130,8,48,67,79,34" hai1="47,77,92,64,103,54,10,74,25,83,37,108,11" hai2="71,60,105,117,45,110,51,99,120,86,96,28,41" hai3="118,123,65,39,4,30,93,49,14,57,102,40,78"/><U33/><E64/><V133/><F117/><W52/><G123/><T85/><D73/><U1/><E108/><V90/><F120/><W32/><G118/><T42/><D34/><U126/><E126/><V23/><F133/><W62/><G78/><T24/><D130/><U89/><E103/><V63/><F110/><W59/><G32/><T84/><D42/><U69/><E69/><V70/><F70/><W132/><G132/><T2/><D79/><U38/><E1/><V43/><F43/><W19/><G4/><T72/><D72/><U6/><E6/><V0/><F0/><W36/><G30/><T58/><D134/><U80/><E80/><V107/><F71/><W44/><G93/><T35/><D8/><U7/><E7/><V116/><F116/><W66/><G102/><N who="0" m="39531" /><D2/><U113/><E113/><V106/><F23/><W119/><G119/><T124/><D124/><U122/><E122/><V94/><REACH who="2" step="1"/><F28/><REACH who="2" ten="179,443,199,169" step="2"/><W121/><G121/><T15/><D35/><U127/><E127/><V31/><F31/><W98/><G98/><AGARI ba="2,1" hai="41,45,51,60,63,86,90,94,96,98,99,105,106,107" machi="98" ten="40,2600,0" yaku="1,1,52,1,53,0" doraHai="81" doraHaiUra="29" who="2" fromWho="3" sc="179,0,443,0,199,42,169,-32" />
</Scene>
<Scene>
<INIT seed="2,0,0,2,3,50" ten="179,443,241,137" oya="2" hai0="82,54,72,90,86,103,10,14,78,77,130,84,132" hai1="11,25,100,0,46,109,65,43,42,36,32,60,93" hai2="55,92,135,4,48,71,110,16,20,62,76,41,99" hai3="63,97,70,96,117,85,104,118,133,61,124,24,94"/><V114/><F114/><W69/><G124/><T2/><D2/><U108/><E42/><V30/><F135/><W33/><G133/><T17/><D130/><U123/><E123/><V31/><F71/><W28/><G85/><T121/><D121/><U95/><E100/><N who="2" m="60519" /><F110/><N who="1" m="42601" /><E0/><V38/><F38/><W131/><G131/><T66/><D66/><U68/><E11/><V106/><F106/><W57/><G104/><T67/><D67/><U79/><E79/><V49/><F76/><W37/><G37/><T47/><D132/><U40/><E40/><V26/><F4/><W23/><G33/><T21/><D72/><U83/><E83/><V120/><F120/><W111/><G111/><T12/><D103/><U7/><E7/><V9/><F9/><W87/><G87/><T126/><D84/><U75/><E75/><V52/><F62/><W119/><G63/><T22/><D126/><U134/><E134/><V112/><F112/><W39/><G39/><T19/><D10/><U13/><E32/><V51/><F41/><W127/><G127/><T116/><D116/><U45/><E43/><V44/><F48/><AGARI ba="0,0" hai="12,14,17,19,21,22,47,48,54,77,78,82,86,90" machi="48" ten="40,5200,0" yaku="9,1,8,1,52,1" doraHai="50" who="0" fromWho="2" sc="179,52,443,0,241,-52,137,0" />
</Scene>
<Scene>
<INIT seed="3,0,0,4,2,85" ten="231,443,189,137" oya="3" hai0="46,28,76,31,83,78,109,47,107,16,67,53,103" hai1="12,22,55,65,54,80,13,34,7,15,100,36,8" hai2="9,126,104,110,39,3,35,113,89,86,17,29,96" hai3="43,63,11,123,59,128,25,124,27,112,37,0,105"/><W72/><G112/><T26/><D109/><U91/><E34/><V114/><F39/><W82/><G123/><T90/><D107/><U75/><E36/><V119/><F119/><W1/><G105/><T40/><D67/><U2/><E65/><V130/><F130/><W42/><G128/><T69/><D69/><U73/><E100/><V93/><F110/><W70/><G70/><T57/><D103/><U95/><E22/><V79/><F126/><W74/><G124/><T71/><D71/><U41/><E41/><V111/><F111/><W92/><G92/><T122/><D122/><U48/><E80/><V58/><F58/><W116/><G116/><T45/><D40/><U66/><E66/><V84/><F104/><W68/><G68/><T118/><D118/><U106/><E106/><V87/><F79/><N who="0" m="30250" /><D16/><U98/><REACH who="1" step="1"/><E55/><REACH who="1" ten="231,433,189,137" step="2"/><V23/><F35/><W117/><G117/><T60/><D26/><U121/><E121/><V21/><F29/><W135/><G37/><T49/><D28/><U129/><E129/><V120/><F120/><W131/><G131/><T88/><D31/><U132/><E132/><V44/><F21/><W20/><G20/><T24/><D24/><U10/><E10/><V81/><F81/><W64/><G82/><T30/><D30/><U102/><E102/><V32/><F32/><W77/><G135/><T52/><D83/><U62/><E62/><V18/><F23/><W127/><G11/><T14/><D14/><U99/><E99/><V19/><F113/><W6/><G77/><T50/><D60/><U133/><E133/><V97/><F114/><RYUUKYOKU ba="0,1" sc="231,15,433,15,189,-15,137,-15" hai0="45,46,47,49,50,52,53,57,88,90" hai1="2,7,8,12,13,15,48,54,73,75,91,95,98" />
</Scene>
<Scene>
<INIT seed="4,1,1,3,5,127" ten="246,448,174,122" oya="0" hai0="31,130,103,32,100,90,97,19,133,57,48,3,29" hai1="86,20,61,9,64,98,129,121,63,45,26,89,55" hai2="7,37,49,106,73,79,41,123,27,112,113,102,42" hai3="43,46,111,11,82,81,117,115,84,22,2,92,50"/><T110/><D3/><U58/><E129/><V70/><F37/><W13/><G111/><T60/><D130/><U17/><E121/><V131/><F70/><W122/><G117/><T68/><D68/><U25/><E9/><V1/><F106/><W30/><G2/><T38/><D38/><U62/><E98/><V96/><F79/><W95/><G122/><T40/><D32/><U36/><E36/><V88/><F73/><W101/><G115/><T35/><D35/><U94/><E26/><V93/><F131/><W65/><G65/><T118/><D19/><U14/><E25/><V74/><F74/><W23/><G30/><T91/><D133/><U134/><E134/><V80/><F27/><W119/><G119/><T39/><D39/><U47/><E62/><V33/><F33/><W52/><G43/><T8/><D8/><U28/><E28/><V16/><F123/><W120/><G120/><T34/><D34/><U67/><E67/><V107/><F7/><N who="3" m="3327" /><G82/><T44/><D110/><U10/><E10/><V116/><F80/><W104/><G104/><T76/><D118/><U105/><E105/><V75/><F75/><W59/><G59/><AGARI ba="1,1" hai="14,17,20,45,47,55,58,59,61,63,64,86,89,94" machi="59" ten="30,2000,0" yaku="7,1,8,1" doraHai="127" who="1" fromWho="3" sc="246,0,448,33,174,0,122,-23" />
</Scene>
<Scene>
<INIT seed="5,0,0,3,2,46" ten="246,481,174,99" oya="1" hai0="59,28,85,40,127,50,98,70,60,112,49,31,124" hai1="45,11,38,71,29,109,53,121,90,95,81,110,100" hai2="10,19,103,132,44,57,68,9,91,34,55,47,52" hai3="2,32,88,13,43,65,14,8,51,16,92,12,134"/><U15/><E71/><V26/><F68/><W111/><G111/><T101/><D70/><U7/><E121/><V27/><F34/><W102/><G32/><T130/><D85/><U18/><E29/><N who="0" m="11337" /><D40/><U135/><E100/><V97/><F103/><W69/><G134/><T123/><D112/><U84/><E135/><V133/><F19/><W67/><G102/><T82/><D82/><U114/><E114/><V104/><F57/><W115/><G115/><T41/><D41/><U113/><E113/><V42/><F42/><W96/><G2/><T87/><D87/><U54/><E7/><V106/><F91/><W20/><G69/><T118/><D130/><U33/><E33/><V36/><REACH who="2" step="1"/><F97/><REACH who="2" ten="246,481,164,99" step="2"/><W3/><G3/><T75/><D98/><U63/><E109/><V99/><F99/><W58/><G58/><T107/><D123/><U116/><E110/><V23/><F23/><W105/><G105/><T24/><D59/><U93/><E18/><V39/><AGARI ba="0,1" hai="9,10,26,27,36,39,44,47,52,55,104,106,132,133" machi="39" ten="25,8000,1" yaku="1,1,0,1,22,2,54,1,53,0" doraHai="46" doraHaiUra="25" who="2" fromWho="2" sc="246,-20,481,-40,164,90,99,-20" />
</Scene>
<Scene>
<INIT seed="6,0,0,0,2,103" ten="226,441,254,79" oya="2" hai0="52,126,5,11,56,69,9,20,97,57,119,85,66" hai1="106,92,83,102,70,64,41,90,42,125,91,61,101" hai2="87,84,38,32,98,24,88,82,36,51,100,75,117" hai3="77,94,122,55,112,121,62,3,1,53,129,108,65"/><V35/><F117/><W16/><G108/><T14/><D126/><U63/><E125/><V37/><F75/><W46/><G77/><T124/><D124/><U127/><E127/><V116/><F116/><W68/><G129/><T40/><D69/><U99/><E102/><V105/><F24/><W54/><G112/><T110/><D110/><U31/><E31/><V128/><F128/><W74/><G74/><T27/><D40/><U48/><E63/><V89/><REACH who="2" step="1"/><F51/><REACH who="2" ten="226,441,244,79" step="2"/><W22/><G46/><T132/><D119/><U50/><E48/><V133/><F133/><W0/><REACH who="3" step="1"/><G94/><AGARI ba="0,1" hai="32,35,36,37,38,82,84,87,88,89,94,98,100,105" machi="94" ten="40,7700,0" yaku="1,1,52,1,54,1,53,0" doraHai="103" doraHaiUra="8" who="2" fromWho="3" sc="226,0,441,0,244,87,79,-77" />
</Scene>
<Scene>
<INIT seed="6,1,0,2,5,50" ten="226,441,331,2" oya="2" hai0="46,77,70,31,45,106,57,28,118,96,30,54,32" hai1="29,113,13,76,15,20,67,82,110,55,115,74,53" hai2="121,69,134,52,119,41,95,38,116,86,37,75,0" hai3="128,43,23,19,88,25,122,97,3,63,133,47,135"/><V44/><F75/><W9/><G122/><T51/><D70/><U42/><E110/><V35/><F35/><W48/><G128/><T33/><D118/><N who="2" m="45098" /><F0/><W109/><G109/><T40/><D77/><U65/><E29/><V87/><F95/><N who="3" m="56551" /><G3/><T132/><D132/><N who="3" m="50761" /><G63/><T111/><D111/><U125/><E20/><V102/><F134/><W104/><G9/><T100/><REACH who="0" step="1"/><D46/><REACH who="0" ten="216,441,331,2" step="2"/><U34/><E76/><V80/><F69/><W90/><G90/><T6/><D6/><U105/><E113/><V24/><F44/><W126/><G104/><T108/><D108/><U2/><E115/><V103/><F121/><W56/><G56/><T62/><AGARI ba="1,1" hai="28,30,31,32,33,40,45,51,54,57,62,96,100,106" machi="62" ten="30,4000,0" yaku="1,1,0,1,52,1,53,0" doraHai="50" doraHaiUra="73" who="0" fromWho="0" sc="216,53,441,-11,331,-21,2,-11" owari="269,-13.0,430,53.0,310,11.0,-9,-51.0" />
</Scene>
</mjloggm>