<mjloggm ver="2.3"><GO type="169" lobby="0"/><UN n0="%E2%98%86%E3%82%92%E3%82%8F%E3%82%93%E2%98%86" n1="%E6%96%B0%E4%B8%96%E7%95%8C%E3%81%AE%E7%B4%99" n2="%E5%A4%AA%E3%81%8F%E3%81%AA%E3%81%84%E3%81%8A" n3="%E3%82%AB%E3%83%AA%E3%83%95%E3%82%A9%E3%83%AB%E3%83%8B%E3%82%A2%E9%A2%A8" dan="16,17,17,17" rate="2129.18,2137.08,2160.78,2153.60" sx="M,M,M,M"/><TAIKYOKU oya="0"/>

<Scene>
<INIT seed="0,0,0,5,4,72" ten="250,250,250,250" oya="0" hai0="65,77,57,117,13,7,46,118,35,11,88,90,108" hai1="28,93,54,51,123,113,55,76,21,2,129,69,100" hai2="95,5,53,33,49,18,16,126,23,104,101,91,78" hai3="31,81,87,24,36,15,119,70,59,50,25,135,43"/><T75/><D35/><U39/><E39/><V132/><F33/><W26/><G70/><T109/><D46/><U128/><E2/><V56/><F126/><W19/><G36/><T14/><D14/><U111/><E69/><V12/><F132/><W37/><G37/><T60/><D118/><U115/><E111/><N who="0" m="42569" /><D117/><U27/><E123/><V8/><F104/><W52/><G135/><T84/><D84/><U73/><E113/><V94/><F101/><W62/><G119/><T125/><D125/><U74/><E115/><V6/><F78/><W67/><G26/><T3/><D13/><U99/><E74/><V29/><F29/><W103/><G25/><T79/><D79/><U112/><E112/><V17/><F6/><W105/><G24/><T85/><D85/><U9/><E9/><V80/><F80/><AGARI ba="0,0" hai="3,7,11,57,60,65,75,77,80,88,90" m="42569" machi="80" ten="30,11600,0" yaku="14,1,10,1,52,1,54,1" doraHai="72" who="0" fromWho="2" sc="250,116,250,0,250,-116,250,0" />
</Scene>
<Scene>
<INIT seed="0,1,0,3,2,25" ten="366,250,134,250" oya="0" hai0="127,65,76,133,42,99,97,51,70,49,46,119,60" hai1="116,37,28,24,68,41,104,106,102,26,114,64,33" hai2="0,67,12,132,7,29,5,100,98,20,115,3,77" hai3="113,18,120,128,21,44,122,94,92,95,11,45,112"/><T84/><D119/><U62/><E116/><V129/><F115/><N who="3" m="44107" /><G11/><T34/><D133/><U66/><E114/><V89/><F132/><W69/><G69/><T39/><D127/><U105/><E66/><V4/><F129/><W53/><G53/><T109/><D34/><U27/><REACH who="1" step="1"/><E102/><REACH who="1" ten="366,240,134,250" step="2"/><V47/><F67/><W93/><G128/><T118/><D118/><U125/><E125/><V13/><F100/><W15/><G120/><T17/><D65/><U59/><E59/><V121/><F121/><W32/><G45/><AGARI ba="1,1" hai="24,26,27,28,33,37,41,45,62,64,68,104,105,106" machi="45" ten="40,2600,0" yaku="1,1,52,1,53,0" doraHai="25" doraHaiUra="50" who="1" fromWho="3" sc="366,0,240,39,134,0,250,-29" />
</Scene>
<Scene>
<INIT seed="1,0,0,2,1,114" ten="366,279,134,221" oya="1" hai0="130,64,31,4,16,61,37,85,15,108,104,18,90" hai1="55,36,124,73,125,1,105,123,76,11,67,92,68" hai2="65,75,8,52,0,74,106,119,131,78,47,94,100" hai3="69,102,29,58,38,129,39,60,3,44,5,93,96"/><U17/><E105/><V107/><F65/><W34/><G69/><T112/><D37/><U70/><E123/><V116/><F0/><W118/><G129/><T122/><D104/><N who="2" m="39978" /><F8/><W21/><G34/><T133/><D112/><U12/><E36/><V25/><F25/><N who="3" m="16559" /><G44/><T63/><D130/><U83/><E1/><V62/><F52/><W56/><G56/><T54/><D31/><U28/><E28/><V128/><F62/><W120/><G120/><T86/><D86/><U10/><E10/><V27/><F27/><W126/><G126/><N who="1" m="48746" /><E67/><V2/><F47/><W109/><G5/><T80/><D133/><U79/><E79/><V72/><F2/><W22/><G3/><T35/><D35/><U57/><E92/><V71/><F71/><W33/><G93/><T50/><D4/><U13/><E13/><V30/><F30/><W81/><G33/><T41/><D64/><U101/><E101/><V89/><F100/><W97/><G102/><T45/><D18/><U117/><E117/><N who="2" m="45131" /><F78/><W87/><G39/><T115/><D115/><U53/><E53/><V98/><AGARI ba="0,0" hai="72,74,75,89,94,98,128,131" m="45131,39978" machi="98" ten="40,8000,1" yaku="34,2,52,3" doraHai="114" who="2" fromWho="2" sc="366,-20,279,-40,134,80,221,-20" />
</Scene>
<Scene>
<INIT seed="2,0,0,2,1,44" ten="346,239,214,201" oya="2" hai0="51,124,20,98,11,58,129,107,36,41,33,127,18" hai1="118,93,54,92,21,117,49,53,99,87,2,25,95" hai2="52,126,26,10,37,108,15,69,43,0,17,27,34" hai3="100,103,59,76,42,73,74,60,121,56,12,47,120"/><V29/><F69/><W70/><G70/><T97/><D33/><U55/><E2/><V123/><F37/><W4/><G76/><T38/><D129/><U66/><E66/><V24/><F43/><W135/><G135/><T8/><D8/><U130/><E130/><V78/><F78/><W80/><G80/><T68/><D68/><U106/><E87/><V82/><F82/><W132/><G132/><T111/><D11/><U104/><E99/><N who="0" m="37897" /><D107/><U7/><E7/><N who="2" m="1383" /><F123/><W16/><G4/><T62/><D51/><U88/><E104/><V57/><F126/><N who="0" m="48170" /><D41/><U116/><E106/><V109/><F57/><W39/><G59/><T3/><D3/><U67/><E49/><V113/><F113/><W125/><G125/><T30/><D30/><U101/><E101/><V22/><F52/><W86/><G103/><T71/><D71/><U84/><REACH who="1" step="1"/><E67/><REACH who="1" ten="346,229,214,201" step="2"/><V61/><F61/><W75/><G100/><T122/><D38/><U96/><E96/><V65/><F65/><W105/><G105/><T112/><D36/><U14/><E14/><V19/><F19/><AGARI ba="0,1" hai="19,21,25,53,54,55,84,88,92,93,95,116,117,118" machi="19" ten="50,8000,1" yaku="1,1,54,1,53,3" doraHai="44" doraHaiUra="48" who="1" fromWho="2" sc="346,0,229,90,214,-80,201,0" />
</Scene>
<Scene>
<INIT seed="3,0,0,2,3,114" ten="346,319,134,201" oya="3" hai0="133,44,39,35,43,124,40,56,97,81,88,28,47" hai1="78,33,51,99,125,119,14,50,34,118,30,135,27" hai2="115,75,36,120,7,20,112,102,19,66,22,132,23" hai3="85,52,13,105,89,100,61,18,91,128,95,21,0"/><W6/><G128/><T29/><D35/><U72/><E125/><V38/><F75/><W96/><G0/><T9/><D124/><U63/><E135/><V71/><F7/><W55/><G6/><T32/><D32/><U60/><E34/><V107/><F19/><W86/><REACH who="3" step="1"/><G61/><REACH who="3" ten="346,319,134,191" step="2"/><T84/><D133/><U31/><E63/><V3/><F132/><W111/><G111/><T25/><D39/><U37/><E37/><V53/><F3/><W70/><G70/><T17/><D29/><U73/><E60/><N who="2" m="40391" /><F38/><W65/><G65/><T126/><D28/><U129/><E31/><V121/><F36/><W82/><AGARI ba="0,1" hai="13,18,21,52,55,82,85,86,89,91,95,96,100,105" machi="82" ten="20,7800,0" yaku="1,1,0,1,7,1,54,1,53,0" doraHai="114" doraHaiUra="134" who="3" fromWho="3" sc="346,-26,319,-26,134,-26,191,88" />
</Scene>
<Scene>
<INIT seed="3,1,0,1,0,109" ten="320,293,108,279" oya="3" hai0="65,13,61,41,43,20,130,72,135,102,108,14,38" hai1="127,120,84,75,3,54,86,62,129,68,85,117,4" hai2="39,66,58,124,10,26,122,88,134,89,116,63,36" hai3="1,96,100,106,18,59,53,29,47,83,23,126,92"/><W121/><G121/><T93/><D72/><U95/><E75/><V101/><F116/><W103/><G1/><T131/><D108/><U105/><E105/><V25/><F122/><W50/><G29/><T98/><D135/><U5/><E120/><V15/><F134/><W19/><G126/><T45/><D41/><U48/><E129/><N who="0" m="49161" /><D20/><U34/><E34/><V2/><F2/><W80/><G18/><T30/><D30/><U46/><E127/><V69/><F124/><W87/><G103/><T21/><D21/><U119/><E3/><V123/><F123/><W78/><G83/><T91/><D102/><U51/><E117/><V77/><F101/><W112/><G106/><T56/><AGARI ba="1,0" hai="13,14,38,43,45,56,61,65,91,93,98" m="49161" machi="56" ten="30,1100,0" yaku="19,1" doraHai="109" who="0" fromWho="0" sc="320,14,293,-4,108,-4,279,-6" />
</Scene>
<Scene>
<INIT seed="4,0,0,1,5,15" ten="334,289,104,273" oya="0" hai0="42,106,107,29,97,72,119,28,11,115,22,36,123" hai1="20,18,73,128,61,56,113,134,27,103,57,85,58" hai2="127,96,50,21,13,26,7,45,112,41,130,92,17" hai3="5,132,8,30,100,51,0,6,109,80,16,69,32"/><T64/><D115/><U3/><E73/><V70/><F112/><W135/><G69/><T101/><D72/><U94/><E113/><V38/><F127/><W88/><G100/><T63/><D123/><U89/><E134/><N who="3" m="51242" /><G109/><T10/><D107/><U126/><E128/><V110/><F110/><W98/><G51/><T12/><D11/><U66/><E126/><V131/><F70/><W76/><G30/><T118/><D42/><U35/><E3/><V14/><F38/><W67/><G67/><T121/><D36/><U24/><REACH who="1" step="1"/><E103/><REACH who="1" ten="334,279,104,273" step="2"/><V49/><F130/><W77/><G0/><T84/><D121/><U54/><E54/><V91/><F131/><W2/><G2/><T9/><D101/><U47/><E47/><V39/><REACH who="2" step="1"/><F14/><REACH who="2" ten="334,279,94,273" step="2"/><N who="3" m="7239" /><G32/><T79/><D12/><U40/><E40/><V46/><F46/><W102/><G102/><T62/><D119/><U111/><E111/><V117/><F117/><W87/><G98/><T71/><D97/><U23/><E23/><V1/><F1/><W52/><G52/><T75/><D22/><U108/><E108/><V33/><F33/><W60/><G60/><T48/><D63/><U34/><E34/><V114/><F114/><W68/><G68/><T86/><D62/><U105/><E105/><V124/><F124/><W78/><AGARI ba="0,2" hai="5,6,76,77,78,80,87,88" m="7239,51242" machi="78" ten="30,7900,0" yaku="20,1,52,1,54,2" doraHai="15" who="3" fromWho="3" sc="334,-39,279,-20,94,-20,273,99" />
</Scene>
<Scene>
<INIT seed="5,0,0,1,5,125" ten="295,259,74,372" oya="1" hai0="48,51,14,18,49,59,39,70,34,120,61,68,0" hai1="73,67,103,111,47,27,23,98,5,12,128,118,133" hai2="109,131,129,62,17,126,1,30,84,76,29,112,122" hai3="4,110,104,78,80,86,123,31,85,41,88,74,8"/><U55/><E118/><V45/><F109/><W19/><G104/><T96/><D34/><U115/><E111/><V63/><F122/><W101/><G101/><T83/><D0/><U44/><E115/><V60/><F1/><W95/><G31/><T38/><D83/><U40/><E73/><V72/><F72/><W130/><G110/><T77/><D77/><U82/><E133/><V32/><F126/><W24/><G41/><T11/><D96/><U58/><E67/><V36/><F112/><W116/><G123/><T25/><D25/><U124/><E124/><V127/><F127/><W97/><G116/><T13/><D13/><U22/><E82/><N who="2" m="47175" /><F32/><W53/><G53/><T64/><REACH who="0" step="1"/><D120/><REACH who="0" ten="285,259,74,372" step="2"/><U117/><E27/><V16/><F30/><W21/><G80/><T108/><D108/><U6/><E12/><V35/><F29/><W100/><G24/><T28/><D28/><U81/><E81/><V102/><F35/><W56/><G78/><T57/><D57/><U69/><E58/><V9/><F102/><W93/><G56/><T106/><D106/><U113/><E103/><V54/><F9/><W33/><G8/><T92/><D92/><U99/><E113/><V46/><F46/><W105/><G105/><T2/><D2/><U89/><E47/><V71/><F71/><AGARI ba="0,1" hai="11,14,18,38,39,48,49,51,59,61,64,68,70,71" machi="71" ten="40,1300,0" yaku="1,1,53,0" doraHai="125" doraHaiUra="121" who="0" fromWho="2" sc="285,23,259,0,74,-13,372,0" />
</Scene>
<Scene>
<INIT seed="6,0,0,1,2,99" ten="308,259,61,372" oya="2" hai0="1,112,55,119,61,98,60,91,41,66,29,45,123" hai1="69,110,6,113,121,37,0,133,22,80,111,107,67" hai2="108,53,48,85,43,40,23,49,75,95,131,93,50" hai3="64,62,97,77,9,57,26,92,126,114,71,47,103"/><V86/><F75/><W68/><G126/><T72/><D1/><U36/><E22/><V127/><F127/><W56/><G77/><T18/><D72/><U16/><E16/><V117/><F117/><W39/><G114/><T125/><D125/><U90/><E90/><V59/><F131/><W76/><G76/><T89/><D123/><U19/><E19/><V15/><F108/><W96/><G57/><T134/><D134/><U82/><E113/><V11/><F23/><W78/><G78/><T7/><D7/><U4/><E133/><V14/><F59/><W32/><G9/><T94/><D29/><U20/><E20/><V109/><F109/><W105/><G39/><T88/><D119/><U12/><E12/><N who="2" m="4651" /><F53/><W35/><G35/><T132/><D132/><U81/><E107/><V8/><F93/><W24/><G26/><T2/><D2/><U70/><E0/><V10/><F95/><W129/><G129/><T116/><D18/><U17/><E17/><V44/><F44/><W74/><G47/><T101/><D116/><U54/><E54/><V135/><F135/><W33/><G74/><T130/><D130/><U30/><E121/><V13/><N who="2" m="4659" /><V42/><AGARI ba="0,0" hai="8,10,11,40,42,43,48,49,50,85,86" m="4659" machi="42" ten="50,18000,2" yaku="4,1,29,2,28,2,8,1" doraHai="99" who="2" fromWho="2" sc="308,-60,259,-60,61,180,372,-60" />
</Scene>
<Scene>
<INIT seed="6,1,0,0,1,39" ten="248,199,241,312" oya="2" hai0="26,58,6,45,32,124,78,70,123,119,115,24,59" hai1="30,27,80,128,63,33,112,49,9,51,25,117,56" hai2="41,0,7,10,116,14,28,23,55,69,71,114,98" hai3="88,72,95,132,111,47,106,29,22,64,57,52,77"/><V94/><F116/><W21/><G106/><T16/><D123/><U43/><E117/><V65/><F114/><W8/><G111/><T82/><D119/><U62/><E112/><V13/><F55/><W92/><G92/><T81/><D70/><U74/><E128/><V99/><F99/><W36/><G64/><T89/><D124/><U75/><E9/><V76/><F76/><W113/><G113/><T2/><D2/><U133/><E133/><V53/><F53/><W130/><G130/><T67/><D6/><U68/><E68/><V118/><F118/><W129/><G8/><T19/><D32/><U12/><E12/><V48/><F65/><W97/><G132/><T102/><D102/><U3/><E3/><V46/><F0/><W100/><G100/><T127/><D127/><U121/><E121/><V110/><F110/><W84/><G72/><T105/><D105/><U91/><E27/><V101/><REACH who="2" step="1"/><F28/><REACH who="2" ten="248,199,231,312" step="2"/><W86/><G77/><T93/><D67/><U73/><E91/><V1/><F1/><W4/><G29/><T134/><D134/><U125/><E125/><V37/><F37/><W85/><G36/><T11/><D78/><U38/><E38/><V31/><F31/><W79/><G79/><T54/><D54/><N who="1" m="31839" /><E62/><V20/><F20/><W108/><G108/><T40/><D89/><U87/><E63/><V18/><AGARI ba="1,1" hai="7,10,13,14,18,23,41,46,48,69,71,94,98,101" machi="18" ten="30,6000,0" yaku="1,1,0,1,52,1,53,0" doraHai="39" doraHaiUra="50" who="2" fromWho="2" sc="248,-21,199,-21,231,73,312,-21" />
</Scene>
<Scene>
<INIT seed="6,2,0,3,0,2" ten="227,178,304,291" oya="2" hai0="54,131,31,27,114,33,71,44,0,49,36,73,100" hai1="64,97,56,118,45,61,68,88,39,42,60,57,113" hai2="81,11,65,67,21,115,93,47,72,52,103,16,34" hai3="117,121,1,85,91,58,51,8,105,62,120,13,134"/><V87/><F34/><W12/><G105/><T14/><D73/><U124/><E118/><V77/><F115/><W69/><G1/><T55/><D71/><U40/><E113/><V111/><F111/><W20/><G69/><T46/><D114/><U95/><E124/><V38/><F38/><W4/><G117/><T86/><D0/><U74/><E74/><V106/><F11/><W15/><G134/><T90/><D100/><U24/><E42/><V29/><F29/><W101/><G101/><T132/><D132/><U7/><E61/><V41/><F106/><W53/><G120/><T102/><D102/><U89/><E7/><V70/><F70/><W92/><G121/><T96/><D96/><U108/><E108/><V32/><F32/><W116/><G116/><T83/><D131/><U84/><REACH who="1" step="1"/><E24/><REACH who="1" ten="227,168,304,291" step="2"/><N who="2" m="14375" /><F41/><W66/><G4/><T10/><D36/><U35/><E35/><V26/><F26/><W112/><G112/><T80/><D27/><U79/><E79/><V37/><F72/><W99/><G62/><T25/><D33/><U130/><E130/><V110/><F37/><W63/><G63/><T22/><D22/><U98/><E98/><N who="2" m="59855" /><F110/><W28/><G8/><T82/><D25/><U6/><E6/><V107/><F107/><W127/><G127/><T133/><D133/><U17/><E17/><V125/><F125/><W128/><G128/><T126/><D126/><U119/><E119/><V50/><AGARI ba="2,1" hai="47,50,52,65,67,77,81,87" m="59855,14375" machi="50" ten="30,6000,0" yaku="8,1,54,2" doraHai="2" who="2" fromWho="2" sc="227,-22,168,-22,304,76,291,-22" />
</Scene>
<Scene>
<INIT seed="6,3,0,1,4,76" ten="205,146,380,269" oya="2" hai0="133,86,38,39,107,49,77,135,1,64,12,46,111" hai1="63,80,58,15,81,119,103,124,35,11,106,70,67" hai2="28,43,42,100,79,25,16,113,48,23,126,99,29" hai3="57,118,6,14,105,26,52,34,68,56,21,27,4"/><V89/><F113/><W37/><G68/><T10/><D107/><U115/><E119/><V117/><F117/><W65/><G37/><T50/><D1/><U74/><E115/><V53/><F126/><W60/><G105/><T71/><D71/><U129/><E124/><V20/><F79/><W75/><G75/><T92/><D64/><U131/><E74/><V94/><F100/><W0/><G0/><T7/><D111/><U55/><E35/><V69/><F69/><W110/><G110/><T51/><D92/><U96/><E67/><V24/><REACH who="2" step="1"/><F29/><REACH who="2" ten="205,146,370,269" step="2"/><W5/><G118/><T18/><D77/><U84/><E70/><V112/><F112/><W101/><G101/><T95/><D135/><U78/><REACH who="1" step="1"/><E81/><REACH who="1" ten="205,136,370,269" step="2"/><V93/><F93/><W17/><G34/><T8/><D95/><U72/><E72/><V36/><F36/><W127/><G127/><T122/><D39/><U19/><AGARI ba="3,2" hai="11,15,19,55,58,63,78,80,84,96,103,106,129,131" machi="19" ten="30,4000,0" yaku="1,1,0,1,52,1,53,0" doraHai="76" doraHaiUra="66" who="1" fromWho="1" sc="205,-13,136,69,370,-23,269,-13" />
</Scene>
<Scene>
<INIT seed="7,0,0,2,0,78" ten="192,205,347,256" oya="3" hai0="75,121,25,89,40,31,118,72,14,74,10,106,24" hai1="18,68,12,66,102,122,100,130,58,133,30,93,105" hai2="0,82,38,99,125,54,23,76,85,88,37,107,36" hai3="39,47,96,135,94,73,46,53,61,101,69,22,71"/><W117/><G73/><T127/><D106/><U79/><E122/><V128/><F0/><W20/><G117/><T32/><D121/><U115/><E68/><V131/><F125/><W45/><G39/><T109/><D118/><U60/><E105/><V65/><F65/><W108/><G71/><T86/><D127/><U104/><E104/><V11/><F11/><W4/><G135/><T87/><D109/><U44/><E115/><V70/><F70/><W27/><G108/><T17/><D40/><U91/><E133/><V13/><F54/><W59/><G69/><T95/><D25/><U132/><E132/><V43/><F43/><W3/><G3/><T56/><D56/><U1/><E1/><V8/><F23/><W123/><G123/><T129/><D129/><N who="2" m="49738" /><F107/><W6/><REACH who="3" step="1"/><G22/><REACH who="3" ten="192,205,347,246" step="2"/><T41/><REACH who="0" step="1"/><D41/><REACH who="0" ten="182,205,347,246" step="2"/><U57/><E130/><V134/><F134/><W80/><G80/><T34/><D34/><U97/><E58/><V50/><F37/><W124/><G124/><T92/><D92/><U103/><E44/><V28/><F38/><W67/><G67/><T2/><D2/><U16/><E66/><V35/><F36/><W62/><G62/><T26/><D26/><U7/><E60/><V63/><F63/><W51/><G51/><T126/><D126/><U81/><E57/><V111/><F50/><W42/><G42/><T120/><D120/><U21/><E21/><V19/><F111/><W84/><G84/><AGARI ba="0,2" hai="10,14,17,24,31,32,72,74,75,84,86,87,89,95" machi="84" ten="40,1300,0" yaku="1,1,53,0" doraHai="78" doraHaiUra="113" who="0" fromWho="3" sc="182,33,205,0,347,0,246,-13" owari="215,-18.0,205,-29.0,347,44.0,233,3.0" />
</Scene>
</mjloggm>