<mjloggm ver="2.3"><GO type="169" lobby="0"/><UN n0="%E5%A4%AA%E3%81%8F%E3%81%AA%E3%81%84%E3%81%8A" n1="%E8%8A%B1%E9%B3%A5%E7%8E%B2%E6%84%9B%E3%81%A1%E3%82%83%E3%82%93" n2="%54%2E%54%2E%38" n3="%61%74%79%61%6E" dan="17,17,16,18" rate="2235.39,2133.00,2275.64,2221.65" sx="M,F,M,M"/><TAIKYOKU oya="0"/>

<Scene>
<INIT seed="0,0,0,1,2,105" ten="250,250,250,250" oya="0" hai0="1,10,101,9,53,106,43,69,23,56,11,108,70" hai1="68,77,52,75,17,58,126,72,61,45,6,104,64" hai2="135,117,27,80,113,110,112,50,7,133,4,83,76" hai3="132,32,14,79,95,115,131,114,48,59,20,129,78"/><T118/><D118/><U86/><E104/><V22/><F50/><W35/><G132/><N who="2" m="50761" /><F117/><W66/><G95/><T30/><D1/><U37/><E6/><N who="2" m="2091" /><F110/><W44/><G14/><T94/><D106/><U91/><E17/><N who="2" m="12751" /><F83/><W119/><G119/><T128/><D43/><N who="1" m="22767" /><E126/><V13/><F13/><W130/><G44/><T97/><D108/><U125/><E125/><V98/><F98/><W122/><G48/><T102/><D97/><U87/><E87/><AGARI ba="0,0" hai="76,80,87,112,113" m="12751,2091,50761" machi="87" ten="30,1000,0" yaku="20,1" doraHai="105" who="2" fromWho="1" sc="250,0,250,-10,250,10,250,0" />
</Scene>
<Scene>
<INIT seed="1,0,0,2,0,60" ten="250,240,260,250" oya="1" hai0="92,56,117,88,44,120,58,27,114,26,133,79,28" hai1="21,73,49,53,25,128,78,36,127,103,11,135,70" hai2="107,119,94,74,29,45,89,75,23,38,0,59,85" hai3="111,126,48,113,61,106,30,47,81,54,6,131,14"/><U95/><E36/><V116/><F107/><W8/><G113/><T42/><D114/><U18/><E135/><V96/><F0/><W43/><G106/><T132/><D79/><U80/><E127/><V16/><F29/><W68/><G126/><T15/><D117/><U64/><E128/><V33/><F33/><W4/><G131/><T110/><D110/><U55/><E11/><V83/><F59/><N who="3" m="35063" /><G68/><T7/><D120/><U98/><REACH who="1" step="1"/><E49/><REACH who="1" ten="250,230,260,250" step="2"/><V19/><F119/><W24/><G8/><T100/><D133/><U86/><E86/><V63/><F116/><W102/><G48/><T121/><D132/><U12/><E12/><V69/><F38/><W72/><G14/><T66/><D15/><U65/><E65/><V17/><F75/><W109/><G72/><T35/><D66/><U105/><E105/><V112/><F74/><W104/><G104/><T32/><D121/><U71/><E71/><V51/><F112/><W118/><G118/><T41/><D7/><U62/><AGARI ba="0,1" hai="18,21,25,53,55,62,64,70,73,78,80,95,98,103" machi="62" ten="30,6000,0" yaku="1,1,0,1,52,1,53,0" doraHai="60" doraHaiUra="39" who="1" fromWho="1" sc="250,-20,230,70,260,-20,250,-20" />
</Scene>
<Scene>
<INIT seed="1,1,0,2,3,89" ten="230,300,240,230" oya="1" hai0="46,87,125,102,128,99,20,27,35,133,135,131,117" hai1="51,61,23,62,28,54,44,6,72,11,12,97,33" hai2="116,120,4,26,69,48,59,43,90,36,92,123,67" hai3="119,73,15,95,126,66,1,3,94,8,56,64,91"/><U40/><E33/><V74/><F74/><W78/><G126/><T93/><D35/><U103/><E72/><V57/><F116/><W107/><G107/><T88/><D46/><U18/><E28/><V96/><F4/><W60/><G119/><T5/><D5/><U31/><E31/><V82/><F82/><W101/><G73/><T112/><D117/><U79/><E79/><V85/><F26/><W32/><G78/><T7/><D7/><U71/><E71/><V68/><F36/><W2/><G32/><T49/><D49/><U118/><E118/><V80/><F69/><W17/><G101/><T83/><D112/><U106/><REACH who="1" step="1"/><E40/><REACH who="1" ten="230,290,240,230" step="2"/><V39/><F68/><W111/><G111/><T81/><D125/><U34/><E34/><V0/><F123/><W42/><G42/><T75/><D75/><U41/><E41/><V98/><F120/><W30/><G30/><N who="0" m="17767" /><D83/><U21/><E21/><V105/><F80/><W58/><G91/><T109/><D109/><U47/><E47/><V124/><F90/><W77/><G77/><T29/><D29/><U132/><E132/><AGARI ba="1,1" hai="81,87,88,93,99,102,128,131,132,133,135" m="17767" machi="132" ten="30,3900,0" yaku="20,1,52,1,54,1" doraHai="89" who="0" fromWho="1" sc="230,52,290,-42,240,0,230,0" />
</Scene>
<Scene>
<INIT seed="2,0,0,2,0,129" ten="282,248,240,230" oya="2" hai0="118,123,23,43,127,4,52,103,14,133,115,63,98" hai1="57,126,84,113,128,35,107,46,38,132,125,100,83" hai2="39,58,106,91,79,95,101,61,86,102,30,122,71" hai3="97,78,92,49,72,36,5,18,130,69,114,41,77"/><V70/><F39/><W96/><G36/><T48/><D123/><U50/><E35/><V2/><F122/><W26/><G69/><T6/><D115/><U131/><E113/><V12/><F2/><W62/><G72/><T66/><D43/><N who="1" m="22903" /><E100/><V53/><F30/><W135/><G5/><T0/><D0/><U121/><E107/><V17/><F79/><W56/><G130/><N who="1" m="49706" /><E121/><V29/><F29/><W73/><G73/><T24/><D127/><N who="1" m="48651" /><E57/><V21/><F106/><W34/><G34/><T65/><D103/><U54/><E54/><V8/><F71/><W13/><G56/><T81/><D52/><U119/><E50/><V25/><F70/><W68/><G49/><T60/><D48/><U15/><E15/><V110/><F110/><W55/><G13/><T87/><D14/><U82/><E119/><V3/><F3/><W108/><G55/><T105/><D105/><U32/><E32/><V42/><F42/><W31/><G41/><T93/><D118/><U112/><E112/><V19/><AGARI ba="0,0" hai="8,12,17,19,21,25,53,58,61,86,91,95,101,102" machi="19" ten="20,3900,0" yaku="0,1,7,1,8,1" doraHai="129" who="2" fromWho="2" sc="282,-13,248,-13,240,39,230,-13" />
</Scene>
<Scene>
<INIT seed="2,1,0,1,3,4" ten="269,235,279,217" oya="2" hai0="92,71,18,64,115,30,104,135,108,63,90,54,46" hai1="1,93,32,50,66,129,48,125,77,23,105,24,8" hai2="61,25,28,121,10,0,107,29,15,76,9,21,117" hai3="87,56,85,16,69,83,11,70,106,118,52,103,127"/><V44/><F107/><W120/><G118/><T75/><D115/><U7/><E105/><V3/><F76/><W68/><G120/><T113/><D113/><U59/><E125/><V81/><F81/><W72/><G72/><T2/><D104/><U123/><E32/><N who="2" m="20495" /><F61/><W39/><G39/><T53/><D75/><U47/><E123/><V42/><F42/><W78/><G127/><T6/><D30/><U95/><E77/><V94/><F44/><W57/><G87/><T38/><D18/><U13/><E1/><N who="2" m="587" /><F94/><W119/><G119/><T74/><D74/><U112/><E112/><V19/><F121/><W45/><G103/><T34/><D46/><U62/><E129/><V126/><F117/><W17/><G106/><T89/><D63/><U5/><E50/><V99/><F99/><W91/><G78/><T73/><D92/><U80/><E80/><V128/><F128/><W101/><G101/><T134/><D38/><U116/><E116/><V51/><F51/><N who="3" m="28783" /><G17/><T79/><D79/><U12/><E95/><V82/><F82/><W114/><G114/><T41/><D73/><U33/><E93/><V20/><F126/><W31/><G31/><T109/><D89/><U60/><E66/><V58/><F58/><W98/><G98/><T100/><D90/><U110/><E59/><V55/><F55/><W111/><G57/><T37/><D100/><U102/><E102/><V14/><F29/><W35/><G56/><T133/><D37/><U96/><E47/><V65/><F65/><W26/><G70/><T43/><D71/><N who="3" m="27209" /><G91/><T27/><D64/><U22/><E96/><RYUUKYOKU ba="1,0" sc="269,-10,235,-10,279,30,217,-10" hai2="9,10,14,15,19,20,21" />
</Scene>
<Scene>
<INIT seed="2,2,0,2,2,97" ten="259,225,309,207" oya="2" hai0="24,4,10,40,41,120,86,89,67,17,109,55,65" hai1="61,88,133,36,2,56,91,119,11,49,104,103,75" hai2="107,37,82,78,31,47,83,76,25,131,101,108,18" hai3="3,44,111,73,8,100,110,94,59,62,12,69,112"/><V68/><F68/><W33/><G3/><T34/><D120/><U46/><E119/><V99/><F131/><W93/><G73/><T92/><D109/><N who="3" m="41481" /><G69/><T116/><D116/><U98/><E36/><V113/><F108/><W74/><G74/><T27/><D55/><U45/><E75/><V0/><F0/><W70/><G70/><T66/><D34/><U118/><E118/><V13/><F113/><W64/><G33/><T128/><D128/><U121/><E121/><V5/><F5/><N who="3" m="3087" /><G112/><T90/><D90/><U125/><E125/><V23/><F78/><W21/><G44/><T7/><D7/><U35/><E46/><V53/><F76/><W32/><G32/><T39/><D39/><U132/><E35/><V22/><REACH who="2" step="1"/><F53/><REACH who="2" ten="259,225,299,207" step="2"/><W81/><G64/><T50/><D4/><U106/><E2/><V96/><F96/><W77/><G77/><T102/><D65/><N who="1" m="39079" /><E11/><V84/><F84/><W20/><G20/><T79/><D79/><U30/><E98/><V16/><F16/><W9/><G21/><T38/><D17/><U52/><E30/><V63/><F63/><W54/><G9/><T122/><D10/><U48/><E52/><V85/><F85/><W15/><G62/><T58/><D67/><U28/><E28/><V72/><F72/><W127/><G54/><T43/><D66/><U135/><E135/><V51/><F51/><N who="1" m="19529" /><E45/><V80/><F80/><W1/><G81/><N who="0" m="49359" /><D38/><U26/><E133/><V29/><F29/><W114/><G114/><T14/><D122/><U60/><E132/><V95/><F95/><W115/><G115/><T129/><D129/><RYUUKYOKU ba="2,1" sc="259,-10,225,-10,299,30,207,-10" hai2="13,18,22,23,25,31,37,47,82,83,99,101,107" />
</Scene>
<Scene>
<INIT seed="2,3,1,4,3,46" ten="249,215,329,197" oya="2" hai0="84,94,38,107,67,57,51,18,44,62,11,28,23" hai1="4,124,21,35,74,91,77,112,114,123,34,36,96" hai2="40,89,63,7,126,3,72,55,16,83,61,29,73" hai3="5,134,129,108,106,22,69,64,13,128,130,66,31"/><V52/><F29/><W97/><G108/><T30/><D107/><U135/><E36/><V102/><F102/><N who="3" m="62799" /><G134/><T12/><D38/><U88/><E4/><V111/><F126/><W85/><G69/><T50/><D11/><U118/><E124/><V133/><F133/><W24/><G85/><T117/><D117/><U42/><E21/><V27/><F111/><W20/><G5/><T47/><D94/><N who="1" m="56391" /><E42/><V48/><F73/><W15/><G22/><T59/><D84/><U1/><E1/><V45/><F72/><W26/><G24/><T92/><D92/><U101/><E135/><V39/><F7/><W131/><G131/><T80/><D80/><N who="1" m="45111" /><E35/><V17/><F3/><W132/><G132/><T65/><D57/><U70/><E34/><V54/><F39/><W98/><G98/><T121/><D65/><AGARI ba="3,1" hai="13,15,20,26,31,64,65,66,128,129,130" m="62799" machi="65" ten="30,1000,0" yaku="19,1" doraHai="46" who="3" fromWho="0" sc="249,-19,215,0,329,0,197,29" />
</Scene>
<Scene>
<INIT seed="3,0,0,1,0,98" ten="230,215,329,226" oya="3" hai0="87,12,82,34,134,16,86,18,92,30,29,19,95" hai1="77,72,21,93,100,40,127,126,132,4,54,81,23" hai2="89,133,73,123,76,28,36,103,101,52,109,121,7" hai3="39,79,53,85,2,99,42,25,22,10,125,58,27"/><W78/><G125/><N who="1" m="47626" /><E40/><V8/><F36/><W5/><G27/><T108/><D108/><U66/><E66/><V67/><F67/><W44/><G85/><N who="0" m="32267" /><D34/><U17/><E132/><V62/><F109/><W117/><G117/><T113/><D134/><U120/><E120/><N who="2" m="46155" /><F28/><N who="0" m="10858" /><D113/><U59/><E17/><N who="0" m="6761" /><D82/><U57/><E4/><V38/><F38/><W128/><G22/><AGARI ba="0,0" hai="12,19,22,92,95" m="6761,10858,32267" machi="22" ten="30,2000,0" yaku="8,1,54,1" doraHai="98" who="0" fromWho="3" sc="230,20,215,0,329,0,226,-20" />
</Scene>
<Scene>
<INIT seed="4,0,0,1,0,127" ten="250,215,329,206" oya="0" hai0="134,65,10,70,8,35,25,43,48,50,97,62,11" hai1="51,33,26,4,96,28,21,30,40,31,24,54,112" hai2="15,85,100,130,17,44,83,82,36,84,73,59,90" hai3="126,120,89,74,104,66,106,115,128,122,16,99,68"/><T41/><D134/><U114/><E40/><V98/><F73/><W23/><G74/><T124/><D124/><U129/><E96/><V55/><F36/><W47/><G126/><T107/><D41/><U13/><E129/><V101/><F44/><W27/><G115/><N who="1" m="44074" /><E54/><V61/><F98/><W37/><G37/><T29/><REACH who="0" step="1"/><D43/><REACH who="0" ten="240,215,329,206" step="2"/><U1/><E51/><V42/><F42/><W77/><G120/><T46/><D46/><U123/><E123/><V14/><F130/><W118/><G47/><T71/><D71/><U49/><E49/><V75/><F75/><W131/><G122/><T116/><D116/><U12/><E31/><V67/><F67/><W80/><G66/><T135/><D135/><U125/><E125/><V2/><F2/><W63/><G128/><T93/><D93/><U94/><E94/><V19/><F83/><W86/><G131/><T119/><D119/><U111/><E111/><V64/><F64/><W76/><G118/><T53/><D53/><U6/><E1/><V78/><F82/><W117/><G117/><T92/><D92/><U56/><E56/><V39/><F59/><W121/><G121/><T32/><D32/><U95/><E95/><V108/><F39/><W102/><G104/><T45/><D45/><U81/><E81/><V109/><F108/><W34/><G34/><T69/><D69/><U72/><E72/><V105/><F109/><W18/><G68/><T22/><D22/><U113/><E113/><V132/><F105/><W57/><G57/><T79/><D79/><N who="3" m="30281" /><G63/><T52/><D52/><U20/><E33/><V91/><F61/><RYUUKYOKU ba="0,1" sc="240,10,215,10,329,-30,206,10" hai0="8,10,11,25,29,35,48,50,62,65,70,97,107" hai1="4,6,12,13,20,21,24,26,28,30" hai3="16,18,23,27,80,86,89,99,102,106" />
</Scene>
<Scene>
<INIT seed="4,1,1,4,4,114" ten="250,225,299,216" oya="0" hai0="119,117,60,97,81,77,1,132,43,110,67,76,3" hai1="56,124,52,47,74,104,55,30,129,73,134,14,88" hai2="83,13,84,45,41,126,64,49,34,108,127,50,69" hai3="99,24,29,102,85,22,54,12,123,40,62,51,96"/><T28/><D28/><U44/><E104/><V27/><F34/><W86/><G123/><T59/><D132/><U91/><E134/><V107/><F107/><W105/><G40/><T118/><D43/><U61/><E30/><V2/><F2/><W46/><G96/><T94/><D110/><U93/><E129/><V5/><F27/><W90/><G62/><T75/><REACH who="0" step="1"/><D77/><REACH who="0" ten="240,225,299,216" step="2"/><U103/><E124/><N who="2" m="47659" /><F108/><W92/><G29/><T71/><D71/><U98/><E44/><V133/><F69/><W120/><G46/><T39/><D39/><U82/><E47/><V16/><F133/><W115/><G120/><T26/><D26/><U4/><E56/><V53/><F41/><W131/><G24/><T78/><D78/><U8/><E55/><V25/><F53/><W112/><G54/><T106/><D106/><U128/><E52/><V31/><F64/><W7/><G51/><T0/><D0/><U58/><E58/><V19/><F45/><W65/><G65/><T121/><D121/><U6/><E61/><V48/><F25/><W109/><G109/><T68/><D68/><U70/><E70/><V35/><F31/><W15/><G112/><T17/><D17/><U125/><E125/><V21/><F35/><W100/><G115/><T135/><D135/><U113/><E113/><V63/><F19/><N who="3" m="10599" /><G105/><T89/><AGARI ba="1,2" hai="1,3,59,60,67,75,76,81,89,94,97,117,118,119" machi="89" ten="30,18000,2" yaku="1,1,0,1,52,3,53,1" doraHai="114" doraHaiUra="87" who="0" fromWho="0" sc="240,203,225,-61,299,-61,216,-61" />
</Scene>
<Scene>
<INIT seed="4,2,0,2,2,22" ten="443,164,238,155" oya="0" hai0="92,60,9,74,102,58,20,120,90,8,83,71,112" hai1="2,134,125,86,46,64,33,123,87,19,135,23,31" hai2="3,73,29,91,14,37,44,6,88,43,85,67,94" hai3="28,104,82,54,126,95,24,12,119,10,101,96,26"/><T103/><D71/><U55/><E2/><V62/><F73/><W41/><G119/><T66/><D120/><U81/><E123/><V65/><F3/><W124/><G41/><T16/><D112/><U106/><E64/><V48/><F37/><W105/><G82/><T80/><D9/><U99/><E125/><N who="3" m="48234" /><G54/><T25/><D8/><U132/><E31/><V122/><F122/><W52/><G28/><T4/><D4/><U110/><E33/><V121/><F121/><W1/><G1/><T42/><D42/><U32/><E32/><V34/><F34/><W49/><G105/><T50/><D50/><N who="1" m="29143" /><E81/><N who="0" m="31305" /><D74/><U97/><E110/><V56/><F29/><W47/><G104/><T7/><D7/><AGARI ba="2,0" hai="7,10,12,24,26,47,49,52,95,96,101" m="48234" machi="7" ten="30,7700,0" yaku="18,1,52,2,54,1" doraHai="22" who="3" fromWho="0" sc="443,-83,164,0,238,0,155,83" />
</Scene>
<Scene>
<INIT seed="5,0,0,1,2,123" ten="360,164,238,238" oya="1" hai0="38,60,81,96,12,86,121,1,62,7,13,106,76" hai1="132,46,54,101,114,19,88,8,21,90,110,87,126" hai2="133,25,77,94,74,32,14,93,112,118,58,3,4" hai3="102,99,131,23,82,67,26,33,27,57,34,128,24"/><U92/><E132/><V79/><F3/><W122/><G122/><T130/><D38/><U42/><E126/><V39/><F133/><W70/><G70/><T0/><D121/><U66/><E114/><V11/><F39/><W73/><G23/><T52/><D130/><N who="3" m="49705" /><G67/><T43/><D43/><U80/><E66/><V65/><F118/><W41/><G41/><T28/><D28/><U9/><E101/><V84/><F112/><W91/><G57/><T108/><D108/><U53/><E110/><V120/><F74/><W125/><G125/><T129/><D129/><U116/><E116/><V55/><F120/><W83/><G91/><T111/><D111/><U135/><E135/><V105/><F105/><N who="3" m="63711" /><G73/><T36/><D36/><U89/><E89/><V16/><F65/><W75/><G75/><T59/><D62/><U35/><E35/><AGARI ba="0,0" hai="24,26,27,33,34,35,82,83" m="63711,49705" machi="35" ten="40,1300,0" yaku="19,1" doraHai="123" who="3" fromWho="1" sc="360,0,164,-13,238,0,238,13" />
</Scene>
<Scene>
<INIT seed="6,0,0,3,3,78" ten="360,151,238,251" oya="2" hai0="118,21,82,4,36,71,129,50,5,100,114,115,44" hai1="87,26,135,12,63,89,92,73,29,77,134,97,9" hai2="11,0,28,34,119,16,38,1,130,48,14,58,8" hai3="70,40,43,54,25,35,74,123,33,98,19,91,99"/><V105/><F105/><W111/><G111/><T121/><D121/><U67/><E73/><V15/><F38/><W30/><G35/><T62/><D36/><U10/><E135/><V49/><F119/><W112/><G70/><T37/><D37/><U86/><E134/><V20/><F130/><W76/><G123/><T23/><D129/><U110/><E110/><V22/><F58/><W107/><G107/><T93/><D118/><U24/><E24/><N who="2" m="18695" /><F49/><W132/><G132/><T94/><D82/><U88/><E12/><V66/><F48/><W90/><G90/><T2/><D62/><U103/><E77/><V108/><F66/><W126/><G54/><T51/><D71/><U56/><E89/><V65/><F65/><W128/><G98/><T83/><D83/><U133/><E133/><V124/><F124/><W96/><G96/><T6/><D50/><U39/><E39/><V116/><F116/><W102/><G91/><T57/><D57/><U18/><E18/><N who="2" m="8543" /><F108/><W53/><G126/><T68/><D68/><U27/><E27/><V61/><F61/><W64/><G76/><T81/><D94/><U109/><E109/><V31/><F31/><W47/><G74/><T52/><D81/><N who="1" m="49231" /><E87/><V101/><F101/><W75/><G75/><T106/><D106/><U131/><E131/><V32/><F32/><W125/><G125/><T80/><D80/><U72/><E72/><V3/><AGARI ba="0,0" hai="0,1,3,8,15,16,20,22" m="8543,18695" machi="3" ten="30,18000,2" yaku="35,5,54,1" doraHai="78" who="2" fromWho="2" sc="360,-60,151,-60,238,180,251,-60" />
</Scene>
<Scene>
<INIT seed="6,1,0,2,0,71" ten="300,91,418,191" oya="2" hai0="32,127,80,89,107,103,44,52,100,50,91,88,79" hai1="51,96,22,126,87,15,86,83,21,55,70,6,16" hai2="60,74,58,102,108,114,40,17,92,120,109,67,85" hai3="3,132,54,76,38,111,30,45,118,41,63,9,14"/><V46/><F74/><W59/><G111/><N who="2" m="42569" /><F120/><W110/><G110/><T42/><D127/><U37/><E126/><V113/><F17/><W115/><G118/><T29/><D107/><U23/><E70/><V13/><F13/><W36/><G3/><T116/><D116/><U101/><E37/><N who="2" m="21775" /><F102/><W65/><G30/><T124/><D124/><U104/><E6/><V119/><F119/><W8/><G8/><T24/><REACH who="0" step="1"/><D42/><REACH who="0" ten="290,91,418,191" step="2"/><U33/><E33/><V75/><F75/><AGARI ba="1,1" hai="24,29,32,44,50,52,75,79,80,88,89,91,100,103" machi="75" ten="40,8000,1" yaku="1,1,2,1,54,2,53,0" doraHai="71" doraHaiUra="10" who="0" fromWho="2" sc="290,93,91,0,418,-83,191,0" />
</Scene>
<Scene>
<INIT seed="7,0,0,0,0,22" ten="383,91,335,191" oya="3" hai0="35,97,41,85,133,92,37,128,52,110,19,64,117" hai1="118,68,91,55,131,63,46,106,40,78,43,76,48" hai2="11,75,53,57,39,14,121,49,100,3,23,12,88" hai3="109,79,102,115,66,90,61,34,82,107,5,17,38"/><W74/><G38/><T124/><D110/><U105/><E118/><V125/><F39/><W65/><G109/><T59/><D117/><U93/><E131/><V108/><F121/><W94/><G115/><T30/><D128/><U135/><E106/><V122/><F108/><W29/><G5/><T42/><D64/><U16/><E105/><V15/><F122/><W119/><G119/><T132/><D124/><U81/><E135/><N who="0" m="51785" /><D85/><U18/><E76/><V126/><F75/><W95/><G95/><T114/><D114/><U47/><E68/><V1/><F100/><W51/><G17/><T9/><D35/><U104/><E104/><V6/><F1/><W45/><G51/><N who="0" m="31135" /><D30/><U112/><E112/><V44/><F44/><W96/><G45/><T87/><D87/><U28/><E28/><V32/><F32/><W72/><G72/><T86/><D86/><U2/><E2/><V113/><F113/><W129/><G90/><N who="0" m="55447" /><D37/><U60/><E81/><V111/><F111/><W84/><G61/><T25/><D25/><U33/><E78/><V103/><F103/><W73/><G129/><T80/><D80/><U13/><E33/><V83/><F23/><W130/><G130/><T8/><D19/><U99/><E18/><V134/><F3/><W67/><G107/><T123/><D123/><U127/><E127/><N who="2" m="48651" /><F134/><W98/><G98/><T56/><D56/><U31/><E31/><V70/><F70/><W26/><AGARI ba="0,0" hai="26,29,34,65,66,67,73,74,79,82,84,94,96,102" machi="26" ten="30,3000,0" yaku="0,1,52,1" doraHai="22" who="3" fromWho="3" sc="383,-10,91,-10,335,-10,191,30" />
</Scene>
<Scene>
<INIT seed="7,1,0,2,4,8" ten="373,81,325,221" oya="3" hai0="75,46,121,66,23,90,131,59,105,128,77,52,110" hai1="106,2,92,89,17,81,16,73,72,11,35,5,28" hai2="85,111,109,108,51,116,62,40,97,36,4,91,20" hai3="15,3,42,93,95,48,102,127,124,96,133,21,83"/><W38/><G38/><T76/><D110/><U56/><E106/><V65/><F36/><W14/><G3/><T53/><D121/><U25/><E81/><V113/><F116/><W126/><G133/><T79/><D75/><U122/><E122/><V88/><F113/><W27/><G83/><T100/><D46/><U84/><E72/><V120/><F120/><W107/><G42/><T41/><D41/><U1/><E73/><V49/><F40/><W37/><G37/><T30/><D90/><U135/><E135/><V24/><F4/><W74/><G74/><T104/><D66/><U112/><E112/><V50/><F97/><W0/><G0/><T43/><D43/><U98/><E98/><V117/><F85/><W58/><G48/><N who="0" m="31111" /><D53/><U22/><E17/><V82/><F82/><W10/><G58/><T103/><D23/><U57/><REACH who="1" step="1"/><E2/><REACH who="1" ten="373,71,325,221" step="2"/><V60/><F117/><W94/><G107/><T69/><D105/><U71/><E71/><V61/><F65/><W64/><G64/><T80/><D104/><U63/><E63/><V34/><F34/><W55/><G95/><T114/><D114/><U130/><E130/><N who="0" m="49705" /><D69/><U26/><AGARI ba="1,1" hai="1,5,11,16,22,25,26,28,35,56,57,84,89,92" machi="26" ten="20,5200,0" yaku="1,1,0,1,7,1,54,1,53,0" doraHai="8" doraHaiUra="101" who="1" fromWho="1" sc="373,-14,71,65,325,-14,221,-27" owari="359,46.0,136,-36.0,311,11.0,194,-21.0" />
</Scene>
</mjloggm>