<mjloggm ver="2.3"><GO type="169" lobby="0"/><UN n0="%E3%82%B1%E3%82%A4%EF%BC%91%EF%BC%93" n1="%E9%97%98%E5%A3%AB%E2%98%86%E6%B8%8B%E5%B7%9D%E8%80%81" n2="%E5%A4%AA%E3%81%8F%E3%81%AA%E3%81%84%E3%81%8A" n3="%E3%83%84%E3%83%AC%E3%82%AA" dan="16,19,17,16" rate="2070.03,2221.80,2211.06,2069.11" sx="M,F,M,M"/><TAIKYOKU oya="0"/>

<Scene>
<INIT seed="0,0,0,5,1,90" ten="250,250,250,250" oya="0" hai0="20,7,29,111,70,9,134,76,109,26,99,83,102" hai1="43,135,6,72,103,66,89,97,4,15,46,27,71" hai2="2,125,49,131,69,128,100,41,123,25,61,59,44" hai3="74,51,82,18,110,118,115,132,120,93,58,91,105"/><T30/><D70/><U124/><E72/><V62/><F2/><W56/><G105/><T84/><D134/><U35/><E89/><V33/><F123/><W36/><G36/><T55/><D30/><U22/><E15/><V40/><F100/><W96/><G115/><T23/><D23/><U53/><E53/><N who="2" m="34031" /><F33/><W112/><G112/><T54/><D9/><U0/><E0/><V121/><F25/><W13/><G132/><T119/><D7/><U1/><E1/><V39/><F121/><W57/><G120/><T122/><D119/><U14/><E14/><V116/><F116/><W10/><G110/><N who="0" m="41995" /><D122/><U60/><E124/><V94/><F94/><AGARI ba="0,0" hai="20,26,29,54,55,76,83,84,94,99,102" m="41995" machi="94" ten="30,5800,0" yaku="14,1,10,1,52,1" doraHai="90" who="0" fromWho="2" sc="250,58,250,0,250,-58,250,0" />
</Scene>
<Scene>
<INIT seed="0,1,0,0,1,102" ten="308,250,192,250" oya="0" hai0="21,68,121,56,16,47,8,98,32,34,35,17,13" hai1="25,22,29,1,115,86,28,82,33,66,45,70,117" hai2="11,71,42,39,119,135,7,97,91,99,46,83,85" hai3="100,114,133,52,49,73,40,51,15,109,38,26,104"/><T96/><D68/><U94/><E1/><V88/><F135/><W18/><G73/><T118/><D118/><U75/><E117/><V112/><F119/><W50/><G133/><T4/><D121/><U23/><E75/><V57/><F71/><W72/><G72/><T105/><D17/><U125/><E94/><V79/><F112/><W61/><G109/><T113/><D113/><U3/><E3/><V9/><F57/><W31/><G38/><T90/><D105/><U2/><E2/><V6/><F11/><W110/><G40/><T74/><D47/><U129/><E125/><V59/><F59/><W44/><G61/><T30/><D30/><U55/><E66/><V60/><F60/><W37/><G37/><T101/><D101/><U5/><E5/><V124/><F7/><W134/><G110/><T64/><D74/><U92/><E29/><V132/><F124/><W103/><G134/><T128/><D90/><U24/><E28/><V43/><F43/><W95/><G104/><T116/><D116/><U80/><E45/><V67/><F67/><W36/><G36/><T10/><D128/><U127/><E129/><V14/><REACH who="2" step="1"/><F132/><REACH who="2" ten="308,250,182,250" step="2"/><W130/><G114/><T120/><D120/><U53/><E127/><V84/><F84/><W63/><G130/><T131/><D131/><U81/><E86/><V12/><F12/><W89/><G44/><T20/><D10/><U0/><E70/><V62/><F62/><W111/><G63/><N who="0" m="37991" /><D4/><U65/><E65/><V69/><F69/><W106/><G111/><T126/><D126/><U48/><E115/><V77/><F77/><RYUUKYOKU ba="1,1" sc="308,15,250,-15,182,15,250,-15" hai0="8,13,16,20,21,32,34,35,96,98" hai2="6,9,14,39,42,46,79,83,85,88,91,97,99" />
</Scene>
<Scene>
<INIT seed="0,2,1,2,5,39" ten="323,235,197,235" oya="0" hai0="94,49,34,106,19,14,111,120,123,115,83,84,38" hai1="91,57,26,121,13,35,124,100,59,119,97,40,104" hai2="108,20,30,16,31,54,46,50,75,110,9,86,63" hai3="48,12,129,6,32,127,64,17,89,134,88,41,107"/><T122/><D111/><N who="2" m="42538" /><F75/><W79/><G32/><T80/><D34/><U47/><E121/><V78/><F9/><W132/><G107/><T25/><D106/><U133/><E124/><V21/><F63/><W135/><G127/><T113/><D25/><U96/><E133/><V72/><F72/><W98/><G129/><T85/><D38/><U1/><E1/><V22/><F16/><W60/><G6/><T112/><D49/><U10/><E119/><V126/><F126/><W11/><G79/><T33/><D33/><U3/><E35/><V7/><F7/><W102/><G102/><T77/><D94/><U116/><E26/><V43/><F54/><W2/><G98/><T42/><D42/><U55/><E55/><V70/><F70/><N who="3" m="42247" /><G2/><T130/><D130/><U105/><E3/><V67/><F67/><W15/><G15/><T128/><D128/><U74/><E13/><V73/><F73/><W27/><G27/><T66/><D66/><U92/><E74/><V36/><F36/><W76/><G76/><T23/><D77/><U61/><E105/><V125/><F125/><W81/><G81/><AGARI ba="2,1" hai="20,21,22,30,31,43,46,50,78,81,86" m="42538" machi="81" ten="30,2000,0" yaku="14,1,52,1" doraHai="39" who="2" fromWho="3" sc="323,0,235,0,197,36,235,-26" />
</Scene>
<Scene>
<INIT seed="1,0,0,5,4,13" ten="323,235,233,209" oya="1" hai0="24,37,73,101,48,79,4,112,96,25,100,26,34" hai1="114,18,71,59,43,86,107,19,120,74,82,129,22" hai2="87,69,33,127,78,30,11,80,91,20,35,64,117" hai3="56,76,68,126,55,109,93,72,119,53,66,27,85"/><U77/><E71/><V52/><F117/><W21/><G119/><T106/><D37/><U84/><E114/><V124/><F64/><W61/><G109/><T97/><D34/><U98/><E120/><V134/><F69/><W122/><G126/><N who="2" m="48169" /><F134/><W29/><G122/><T133/><D133/><U130/><E43/><V90/><F11/><W121/><G121/><T115/><D4/><U47/><E47/><V10/><F10/><W49/><G55/><T108/><D108/><U94/><E59/><V15/><F52/><W125/><G125/><T1/><D1/><U88/><E86/><V3/><F3/><W70/><G72/><T104/><D48/><U92/><E107/><V46/><F46/><W102/><G76/><T103/><D103/><N who="1" m="60887" /><E22/><V83/><F90/><W23/><G23/><T81/><AGARI ba="0,0" hai="24,25,26,73,79,81,96,97,100,101,104,106,112,115" machi="81" ten="30,2000,0" yaku="0,1,9,1" doraHai="13" who="0" fromWho="0" sc="323,20,235,-10,233,-5,209,-5" />
</Scene>
<Scene>
<INIT seed="2,0,0,2,3,35" ten="343,225,228,204" oya="2" hai0="28,20,25,33,131,59,9,132,117,11,56,10,74" hai1="16,128,112,36,7,29,55,31,105,50,124,123,125" hai2="48,121,72,102,4,32,88,54,119,24,57,52,82" hai3="87,91,103,6,51,118,26,90,122,14,108,30,21"/><V79/><F119/><W130/><G122/><T135/><D74/><U81/><E36/><V44/><F121/><W85/><G118/><T115/><D117/><U43/><E105/><V34/><F102/><W109/><G103/><T23/><D56/><U114/><E7/><V64/><F64/><W46/><G130/><T47/><D131/><U5/><E5/><V77/><F77/><W111/><G6/><T22/><D59/><U71/><E43/><V126/><F126/><N who="1" m="48745" /><E71/><V94/><F24/><W41/><REACH who="3" step="1"/><G14/><REACH who="3" ten="343,225,228,194" step="2"/><T49/><REACH who="0" step="1"/><D115/><REACH who="0" ten="333,225,228,194" step="2"/><U37/><E128/><V66/><F4/><W86/><AGARI ba="0,2" hai="21,26,30,41,46,51,85,86,87,90,91,108,109,111" machi="86" ten="40,8000,1" yaku="1,1,2,1,0,1,14,1,53,0" doraHai="35" doraHaiUra="106" who="3" fromWho="3" sc="333,-20,225,-20,228,-40,194,100" />
</Scene>
<Scene>
<INIT seed="3,0,0,3,1,134" ten="313,205,188,294" oya="3" hai0="105,77,40,87,4,20,2,83,31,46,86,16,112" hai1="54,28,45,35,32,118,19,88,33,38,23,132,22" hai2="70,104,131,69,74,119,52,36,96,129,42,58,111" hai3="133,21,127,106,109,29,11,102,108,113,64,122,7"/><W17/><G122/><T130/><D112/><U24/><E118/><V98/><F74/><W57/><G133/><T81/><D130/><N who="2" m="49674" /><F119/><W3/><G113/><T75/><D105/><U30/><E132/><V68/><F104/><W120/><G29/><T39/><D31/><U107/><E107/><V124/><F111/><W101/><G120/><T116/><D83/><U128/><E128/><V99/><F42/><W62/><G127/><T135/><D135/><U56/><E23/><V34/><F36/><W110/><REACH who="3" step="1"/><G106/><REACH who="3" ten="313,205,188,284" step="2"/><T6/><D116/><U5/><E30/><V71/><F34/><W41/><G41/><T9/><D6/><U65/><E5/><V125/><N who="2" m="17408" /><DORA hai="27" /><V55/><F55/><W51/><G51/><AGARI ba="0,1" hai="51,52,58,96,98,99,124,125" m="17408,49674" machi="51" ten="70,8000,1" yaku="19,1,52,2,54,1" doraHai="134,27" who="2" fromWho="3" sc="313,0,205,0,188,90,284,-80" />
</Scene>
<Scene>
<INIT seed="4,0,0,4,0,79" ten="313,205,278,204" oya="0" hai0="85,111,112,97,30,82,135,80,31,70,21,32,102" hai1="2,93,108,55,101,122,33,90,18,26,49,8,1" hai2="68,28,59,67,45,54,86,104,134,114,73,87,130" hai3="103,66,109,71,39,24,91,115,128,78,19,72,41"/><T20/><D70/><U99/><E108/><V57/><F73/><W17/><G109/><T88/><D111/><U94/><E122/><V116/><F104/><W64/><G103/><T76/><D32/><U60/><E33/><V107/><F107/><W22/><G115/><T36/><D36/><U126/><E126/><V77/><F68/><W69/><G128/><T44/><D135/><U100/><E60/><N who="2" m="38303" /><F114/><W53/><G71/><T47/><D97/><U52/><E55/><V65/><F130/><W105/><G105/><T7/><D7/><U10/><E1/><V15/><F134/><W34/><G34/><T92/><D76/><U61/><E61/><N who="2" m="38063" /><F77/><W98/><G78/><T12/><D20/><N who="1" m="13591" /><E2/><V106/><F28/><N who="0" m="10794" /><D102/><N who="1" m="39531" /><E93/><V113/><F106/><W124/><G72/><T38/><D38/><U0/><E0/><V83/><F116/><W81/><G39/><T23/><D23/><U13/><E13/><V9/><F113/><W63/><G22/><T110/><D110/><U4/><E4/><V84/><F15/><W127/><G69/><T119/><D119/><U74/><E74/><V29/><F29/><W35/><G35/><T48/><D112/><U96/><E96/><V75/><F75/><W37/><G98/><T27/><D27/><U5/><E5/><V89/><F9/><W56/><G24/><T25/><D25/><U51/><E51/><AGARI ba="0,0" hai="45,51,54,83,84,86,87,89" m="38063,38303" machi="51" ten="30,2000,0" yaku="8,1,52,1" doraHai="79" who="2" fromWho="1" sc="313,0,205,-20,278,20,204,0" />
</Scene>
<Scene>
<INIT seed="5,0,0,5,0,33" ten="313,185,298,204" oya="1" hai0="95,108,111,14,97,109,2,133,91,135,40,34,84" hai1="44,18,65,23,106,132,67,121,86,17,31,107,131" hai2="25,96,117,3,76,61,87,128,60,57,112,71,123" hai3="29,46,1,66,122,32,35,42,59,102,68,101,41"/><U126/><E121/><V75/><F117/><W114/><G68/><T78/><D34/><U58/><E126/><V129/><F123/><W74/><G74/><T26/><D26/><U51/><E132/><N who="0" m="50761" /><D40/><U63/><E131/><N who="2" m="50251" /><F75/><W127/><G114/><T47/><D47/><U19/><E67/><N who="2" m="41455" /><F112/><W20/><G66/><T15/><D2/><U125/><E125/><V64/><F3/><W16/><G1/><T30/><D30/><U62/><E62/><V45/><F96/><W49/><G29/><T85/><D85/><U69/><E69/><V99/><F99/><W82/><G127/><T79/><D79/><U12/><E86/><V72/><F72/><W39/><G35/><T130/><D130/><U10/><E31/><V56/><F25/><W13/><G122/><T48/><D48/><U77/><E77/><V80/><F45/><W134/><G49/><T90/><D78/><U53/><REACH who="1" step="1"/><E23/><REACH who="1" ten="313,175,298,204" step="2"/><V93/><F64/><W116/><G20/><T120/><D120/><U27/><E27/><V8/><F60/><W88/><G32/><T105/><D105/><AGARI ba="0,1" hai="10,12,17,18,19,44,51,53,58,63,65,105,106,107" machi="105" ten="40,2000,0" yaku="1,1,53,0" doraHai="33" doraHaiUra="28" who="1" fromWho="0" sc="313,-20,175,30,298,0,204,0" />
</Scene>
<Scene>
<INIT seed="5,1,0,0,4,131" ten="293,205,298,204" oya="1" hai0="105,33,76,113,87,118,88,115,45,119,128,67,126" hai1="130,10,53,80,71,59,72,66,112,90,65,110,19" hai2="8,30,37,121,14,135,11,15,73,18,86,123,35" hai3="60,108,21,3,109,120,27,5,117,42,94,101,64"/><U23/><E71/><V46/><F73/><W29/><G120/><N who="2" m="46153" /><F86/><W50/><G117/><N who="0" m="44555" /><D67/><U22/><E110/><V81/><F81/><W36/><G36/><T114/><D33/><U16/><E130/><V91/><F91/><W63/><G63/><T6/><D128/><U111/><E111/><V98/><F98/><N who="3" m="59607" /><G5/><T107/><D76/><U1/><E1/><V55/><F55/><W31/><G31/><T96/><D96/><U99/><E10/><V82/><F82/><W85/><G3/><T56/><D56/><U54/><E72/><V49/><F49/><W44/><G85/><T104/><D6/><U106/><E106/><V12/><F46/><W38/><G38/><T83/><D45/><U39/><E39/><V9/><F37/><W0/><G0/><T20/><D20/><U58/><E80/><V51/><F51/><W68/><G68/><T100/><D100/><U2/><E2/><V95/><F95/><W70/><G70/><T32/><D32/><U132/><E99/><V17/><F35/><W13/><G13/><N who="2" m="5225" /><F30/><W133/><G109/><T134/><D134/><U74/><E132/><V47/><F47/><W122/><G133/><T79/><D79/><U62/><E74/><V129/><F129/><W7/><G108/><T34/><D34/><U26/><E90/><V57/><F135/><W89/><G89/><T41/><D41/><U25/><E62/><V77/><F77/><W40/><G40/><T75/><D75/><U43/><E43/><V28/><F28/><W52/><G42/><T69/><D69/><U93/><E93/><V61/><F15/><RYUUKYOKU ba="1,0" sc="293,10,205,10,298,10,204,-30" hai0="83,87,88,104,105,107,113,114,115,126" hai1="16,19,22,23,25,26,53,54,58,59,65,66,112" hai2="8,9,11,17,18,57,61" />
</Scene>
<Scene>
<INIT seed="5,2,0,3,5,48" ten="303,215,308,174" oya="1" hai0="87,70,127,116,77,52,112,4,54,89,111,107,22" hai1="43,88,3,130,35,7,68,110,28,41,98,20,30" hai2="134,133,135,66,71,0,33,84,29,6,61,46,38" hai3="122,86,117,45,126,55,102,24,92,21,103,83,100"/><U42/><E68/><V31/><F84/><W91/><G122/><T113/><D70/><U123/><E123/><V81/><F81/><W15/><G126/><T27/><D77/><U85/><E35/><V114/><F114/><N who="0" m="44138" /><D107/><U16/><E130/><V40/><REACH who="2" step="1"/><F33/><REACH who="2" ten="303,215,298,174" step="2"/><W121/><G121/><T104/><D127/><U108/><E98/><V13/><F13/><W128/><G128/><T37/><D111/><N who="1" m="42539" /><E3/><V18/><F18/><N who="3" m="12343" /><G117/><T25/><D116/><U11/><E7/><V32/><F32/><W26/><G15/><T39/><D4/><U65/><E11/><AGARI ba="2,1" hai="0,6,11,29,31,38,40,46,61,66,71,133,134,135" machi="11" ten="40,2600,0" yaku="1,1,20,1,53,0" doraHai="48" doraHaiUra="115" who="2" fromWho="1" sc="303,0,215,-32,298,42,174,0" />
</Scene>
<Scene>
<INIT seed="6,0,0,5,1,53" ten="303,183,340,174" oya="2" hai0="114,7,48,95,51,2,15,23,60,80,105,55,1" hai1="118,27,9,34,81,59,36,47,64,70,93,37,29" hai2="83,76,115,33,116,46,18,43,120,16,68,97,129" hai3="100,98,39,84,134,104,94,17,56,77,135,103,22"/><V91/><F116/><W79/><G39/><T3/><D105/><U49/><E118/><V121/><F33/><W124/><G124/><T21/><D51/><U86/><E70/><V38/><F68/><W50/><G50/><T92/><D60/><U102/><E9/><V125/><F125/><W130/><G130/><T63/><D63/><U14/><E14/><V126/><F126/><W8/><G8/><T110/><D7/><U132/><E132/><N who="3" m="50730" /><G56/><T41/><D41/><U31/><E31/><V6/><F129/><W54/><G54/><T111/><D80/><U40/><E59/><V13/><F6/><W72/><G72/><T128/><D128/><U96/><E64/><V45/><F45/><W78/><G84/><T75/><D75/><U66/><E66/><V44/><F44/><W52/><G52/><T12/><D55/><U65/><E65/><V5/><F5/><W90/><G104/><T88/><D2/><U10/><E10/><V133/><F133/><W0/><G0/><T87/><D87/><U82/><E82/><V89/><F83/><W57/><G57/><T107/><D48/><U108/><E108/><V119/><F38/><W61/><G61/><T85/><D85/><U106/><E106/><V28/><F43/><W123/><G123/><T131/><D107/><U69/><E69/><V71/><F71/><W25/><AGARI ba="0,0" hai="17,22,25,77,78,79,90,94,98,100,103" m="50730" machi="25" ten="30,1100,0" yaku="20,1" doraHai="53" who="3" fromWho="3" sc="303,-3,183,-3,340,-5,174,11" />
</Scene>
<Scene>
<INIT seed="7,0,0,1,1,101" ten="300,180,335,185" oya="3" hai0="102,62,99,91,110,40,114,41,94,19,14,131,68" hai1="28,86,21,26,126,16,57,43,95,83,32,49,100" hai2="104,118,117,47,70,72,33,112,134,20,122,130,27" hai3="12,6,67,60,53,0,89,64,44,37,30,88,79"/><W115/><G0/><T38/><D114/><U121/><E121/><V76/><RYUUKYOKU type="yao9" ba="0,0" sc="300,0,180,0,335,0,185,0" hai2="20,27,33,47,70,72,76,104,112,117,118,122,130,134" />
</Scene>
<Scene>
<INIT seed="7,1,0,0,4,118" ten="300,180,335,185" oya="3" hai0="102,113,7,89,57,13,8,123,44,10,2,73,101" hai1="98,60,22,35,71,79,95,77,58,104,28,108,91" hai2="111,109,4,56,6,50,92,48,41,62,96,78,88" hai3="64,11,112,85,21,120,126,59,61,115,122,110,117"/><W27/><G117/><T19/><D73/><U124/><E35/><V81/><F111/><W47/><G110/><T133/><D133/><U105/><E71/><V131/><F109/><W114/><G126/><T33/><D33/><U93/><E108/><V107/><F107/><W68/><G11/><T24/><D24/><N who="1" m="16407" /><E104/><V37/><F37/><W65/><G85/><T82/><D113/><U129/><E105/><V49/><F41/><W52/><G47/><T55/><D44/><U15/><E129/><V87/><F131/><W25/><G25/><T69/><D69/><U34/><E34/><V72/><F72/><W86/><G86/><T66/><D66/><AGARI ba="1,0" hai="4,6,48,49,50,56,62,66,78,81,87,88,92,96" machi="66" ten="40,2600,0" yaku="8,1,54,1" doraHai="118" who="2" fromWho="0" sc="300,-29,180,0,335,29,185,0" owari="271,7.0,180,-32.0,364,46.0,185,-21.0" />
</Scene>
</mjloggm>