<mjloggm ver="2.3"><GO type="169" lobby="0"/><UN n0="%E6%B3%A5%E9%96%80%E5%B0%8F%E7%B4%85" n1="%E5%B8%B8%E5%A4%8F%E3%83%91%E3%82%A4%E5%8A%A9" n2="%64%61%61%61%61%61%61%61" n3="%E5%A4%AA%E3%81%8F%E3%81%AA%E3%81%84%E3%81%8A" dan="16,16,16,18" rate="2104.20,2078.10,2005.71,2181.73" sx="M,F,M,M"/><TAIKYOKU oya="0"/>

<Scene>
<INIT seed="0,0,0,2,2,128" ten="250,250,250,250" oya="0" hai0="89,36,37,86,8,44,101,26,5,94,54,115,12" hai1="6,81,42,7,123,48,56,64,103,113,47,134,108" hai2="93,9,21,66,73,20,130,23,11,27,95,129,3" hai3="62,35,82,70,22,13,98,100,96,125,91,15,72"/><T19/><D115/><U14/><E123/><V88/><F73/><W124/><G35/><T75/><D75/><U31/><E113/><V32/><F66/><N who="3" m="41303" /><G22/><T2/><D26/><U61/><E108/><V133/><F133/><W122/><G122/><T43/><D54/><U92/><E134/><V50/><F95/><N who="3" m="56447" /><G82/><T135/><D101/><U84/><E31/><N who="2" m="19583" /><F50/><W71/><G71/><T30/><D30/><U78/><REACH who="1" step="1"/><E14/><REACH who="1" ten="250,240,250,250" step="2"/><V0/><F3/><W49/><G13/><T114/><D114/><U74/><E74/><V132/><F0/><W46/><G15/><T45/><D135/><U120/><E120/><V116/><F132/><W33/><G72/><T63/><D2/><U119/><E119/><V77/><F116/><W51/><G125/><T97/><D12/><U1/><E1/><V58/><F130/><W76/><G124/><T105/><D19/><U60/><E60/><V107/><F129/><W17/><G17/><T39/><D63/><U83/><E83/><V126/><F126/><W117/><G117/><T69/><D8/><U67/><E67/><V24/><F9/><W57/><G33/><T121/><D121/><U102/><E102/><V53/><F11/><W79/><G100/><N who="0" m="62607" /><D5/><U59/><E59/><V118/><F58/><W18/><G18/><T34/><D34/><U40/><E40/><V104/><F118/><W111/><G57/><T106/><D69/><U28/><E28/><V55/><F23/><W41/><G41/><N who="0" m="22567" /><D106/><N who="2" m="40490" /><F21/><W127/><G127/><T68/><D68/><U112/><E112/><V29/><F20/><W131/><G131/><T4/><D4/><RYUUKYOKU ba="0,1" sc="250,15,240,15,250,-15,250,-15" hai0="37,39,43,45,86,89,94" hai1="6,7,42,47,48,56,61,64,78,81,84,92,103" />
</Scene>
<Scene>
<INIT seed="0,1,1,3,4,127" ten="265,255,235,235" oya="0" hai0="102,112,99,39,131,76,42,0,91,85,14,7,10" hai1="12,50,32,125,44,62,114,133,18,56,121,3,92" hai2="89,130,95,109,90,83,1,4,100,104,20,129,70" hai3="22,11,46,101,21,72,107,93,36,81,24,98,35"/><T38/><D112/><U71/><E121/><V54/><F70/><W33/><G21/><T119/><D119/><U15/><E3/><V63/><F109/><W9/><G9/><T106/><D76/><U73/><E73/><V82/><F104/><W132/><G132/><T59/><D131/><N who="2" m="50186" /><F100/><W28/><G11/><T60/><D42/><U79/><E71/><V128/><N who="2" m="50194" /><V134/><DORA hai="55" /><F134/><W96/><G36/><T88/><D0/><U58/><E125/><V6/><F20/><W29/><G46/><T113/><D113/><U51/><E44/><V2/><F2/><W5/><G5/><N who="2" m="2153" /><F1/><W135/><G135/><T80/><REACH who="0" step="1"/><D91/><REACH who="0" ten="255,255,235,235" step="2"/><N who="2" m="34826" /><F95/><W122/><G93/><T110/><D110/><U103/><E92/><V52/><F63/><W34/><G107/><T116/><D116/><U120/><E62/><V26/><F26/><W67/><G24/><T124/><D124/><U30/><E133/><V45/><F45/><W78/><G122/><T23/><D23/><U74/><E120/><V13/><F13/><W105/><G22/><T118/><D118/><U43/><E15/><V115/><F115/><W68/><G34/><T49/><D49/><U41/><E50/><V69/><F69/><W8/><G35/><T97/><D97/><U47/><E51/><V19/><F19/><W53/><G98/><T37/><D37/><U84/><E18/><V57/><F57/><W111/><G111/><T86/><D86/><U17/><E58/><V75/><F75/><W117/><G117/><T64/><AGARI ba="1,2" hai="7,10,14,38,39,59,60,64,80,85,88,99,102,106" machi="64" ten="20,12000,1" yaku="1,1,0,1,7,1,52,1,54,1,53,0" doraHai="127,55" doraHaiUra="66,27" who="0" fromWho="0" sc="255,143,255,-41,235,-41,235,-41" />
</Scene>
<Scene>
<INIT seed="0,2,0,0,4,111" ten="398,214,194,194" oya="0" hai0="130,14,82,69,124,10,58,80,66,65,70,73,131" hai1="94,27,26,129,9,113,104,32,122,84,115,5,13" hai2="24,35,8,28,38,98,85,103,62,67,51,105,97" hai3="19,20,76,77,6,21,89,112,49,135,78,33,87"/><T40/><D124/><U116/><E122/><V120/><F38/><W11/><G33/><T61/><D40/><U22/><E104/><V126/><F120/><W52/><G135/><T92/><D92/><U83/><E116/><V48/><F126/><W15/><G112/><N who="1" m="43082" /><E129/><N who="0" m="49161" /><D66/><U0/><E94/><V109/><F97/><W95/><REACH who="3" step="1"/><G6/><REACH who="3" ten="398,214,194,184" step="2"/><N who="0" m="3415" /><D73/><U12/><E32/><V41/><F35/><W96/><G96/><T125/><D125/><U25/><E22/><V117/><F98/><W1/><G1/><T110/><D110/><U123/><E123/><V100/><F109/><W4/><G4/><T132/><D132/><U93/><E93/><V39/><F117/><W63/><G63/><T81/><AGARI ba="2,1" hai="58,61,65,69,70,80,81,82" m="3415,49161" machi="81" ten="30,1500,0" yaku="19,1" doraHai="111" who="0" fromWho="0" sc="398,31,214,-7,194,-7,184,-7" />
</Scene>
<Scene>
<INIT seed="0,3,0,0,5,112" ten="429,207,187,177" oya="0" hai0="12,19,31,43,8,127,9,91,33,62,79,2,7" hai1="23,49,6,85,4,81,71,134,97,90,38,96,46" hai2="45,21,128,29,92,103,15,123,93,52,89,78,126" hai3="121,17,72,30,67,77,102,27,132,131,100,55,75"/><T66/><D127/><U122/><E122/><V37/><F123/><W59/><G121/><T24/><D79/><U101/><E71/><V133/><F126/><W130/><G67/><T94/><D43/><U98/><E38/><V110/><F110/><W35/><G17/><T32/><D24/><U109/><E109/><V26/><F37/><W69/><G69/><T65/><D31/><U42/><E134/><V48/><F78/><W57/><G57/><T104/><D104/><U117/><E117/><V3/><F3/><W36/><G36/><T84/><REACH who="0" step="1"/><D66/><REACH who="0" ten="419,207,187,177" step="2"/><U74/><E42/><V44/><F26/><W115/><G77/><T125/><D125/><U63/><E74/><V11/><F29/><W40/><G40/><T120/><D120/><U114/><E114/><V13/><F133/><W95/><G115/><T39/><D39/><U116/><E116/><V135/><F135/><W73/><G132/><T18/><D18/><U70/><E6/><V108/><F108/><W113/><G113/><T34/><D34/><U53/><E4/><V25/><F25/><W22/><G35/><T83/><D83/><U129/><E81/><V99/><F93/><W88/><G131/><T107/><D107/><U54/><E129/><V5/><F128/><W41/><G41/><T50/><D50/><U60/><E49/><V16/><F103/><W58/><G130/><T106/><D106/><U0/><E101/><N who="3" m="39018" /><G55/><T14/><D14/><U20/><E54/><V10/><F10/><W111/><G111/><T124/><D124/><U1/><E53/><V119/><F119/><W51/><G51/><RYUUKYOKU ba="3,1" sc="419,10,207,-30,187,10,177,10" hai0="2,7,8,9,12,19,32,33,62,65,84,91,94" hai2="5,11,13,15,16,21,44,45,48,52,89,92,99" hai3="22,27,30,58,59,72,73,75,88,95" />
</Scene>
<Scene>
<INIT seed="0,4,1,3,2,49" ten="429,177,197,187" oya="0" hai0="40,132,62,130,16,8,2,78,98,94,66,87,34" hai1="123,47,15,67,127,60,17,131,19,82,31,83,115" hai2="68,52,97,29,110,126,56,119,18,30,69,73,80" hai3="101,135,133,134,13,124,3,93,0,58,113,79,76"/><T59/><D34/><U51/><E123/><V53/><F110/><W81/><G113/><T72/><D72/><U43/><E115/><V39/><F39/><W63/><G124/><T41/><D132/><U71/><E127/><V48/><F126/><W104/><G104/><T122/><D122/><U24/><E131/><V5/><F5/><W21/><G101/><N who="0" m="60631" /><D2/><U89/><E89/><V7/><F7/><W91/><G13/><N who="0" m="7207" /><D130/><U117/><E117/><V107/><F119/><W46/><G21/><T37/><D37/><U32/><E19/><V114/><F114/><W88/><G46/><T106/><D106/><U109/><E109/><V4/><F4/><W99/><G91/><T11/><D11/><AGARI ba="4,1" hai="11,15,17,24,31,32,43,47,51,60,67,71,82,83" machi="11" ten="30,1000,0" yaku="7,1" doraHai="49" who="1" fromWho="0" sc="429,-22,177,32,197,0,187,0" />
</Scene>
<Scene>
<INIT seed="1,0,0,1,2,119" ten="407,209,197,187" oya="1" hai0="33,109,50,87,76,30,3,88,45,93,125,5,69" hai1="120,72,51,2,101,53,61,122,36,17,73,9,12" hai2="107,77,92,112,63,85,81,32,18,86,44,131,11" hai3="94,57,116,42,110,78,13,1,123,27,104,29,102"/><U127/><E36/><V31/><F107/><W84/><G1/><T19/><D69/><U4/><E127/><V38/><F32/><W34/><G116/><T82/><D109/><U83/><E101/><V64/><F31/><W91/><G110/><T114/><D114/><U26/><E61/><V58/><F131/><W52/><G42/><T96/><D125/><U89/><E26/><V130/><F130/><W79/><G13/><T71/><D71/><U8/><E73/><V59/><F112/><W128/><G128/><T47/><D19/><U54/><E54/><N who="2" m="34263" /><F38/><W117/><G117/><T99/><D96/><U133/><E133/><V129/><F129/><W100/><G123/><T46/><D33/><U35/><E35/><V111/><F111/><W21/><G34/><T23/><D3/><U48/><E48/><V40/><F40/><W37/><G37/><T135/><D5/><U115/><E115/><V108/><F44/><W68/><G68/><T22/><D135/><U62/><E62/><N who="2" m="37983" /><F108/><W49/><REACH who="3" step="1"/><G104/><REACH who="3" ten="407,209,197,177" step="2"/><T14/><D14/><N who="1" m="7375" /><E2/><V55/><F11/><W65/><G65/><T103/><D22/><U134/><E134/><V124/><F124/><W28/><G28/><T6/><D23/><U66/><E66/><V39/><F39/><W0/><G0/><T75/><D30/><U56/><E122/><V118/><F118/><W74/><G74/><T60/><D75/><U126/><E126/><V25/><F55/><W90/><G90/><T41/><D41/><U106/><E120/><V10/><F10/><W98/><G98/><T97/><D97/><U80/><E72/><RYUUKYOKU ba="0,1" sc="407,-10,209,-10,197,-10,177,30" hai3="21,27,29,49,52,57,78,79,84,91,94,100,102" />
</Scene>
<Scene>
<INIT seed="2,1,1,4,3,63" ten="397,199,187,207" oya="2" hai0="122,10,51,110,48,0,26,53,15,69,29,2,96" hai1="120,12,125,73,126,89,43,42,66,98,118,82,111" hai2="28,134,102,68,84,85,91,121,133,21,5,114,94" hai3="4,18,90,108,101,132,58,61,3,49,37,135,70"/><V35/><F114/><W103/><G37/><T36/><D122/><U17/><E118/><V104/><F121/><W62/><G108/><T38/><D69/><U41/><E111/><V46/><F5/><W1/><G18/><T105/><D110/><U55/><E120/><V106/><F35/><W34/><G34/><T25/><D96/><U33/><E33/><V27/><F68/><W67/><G49/><T11/><D53/><U59/><E66/><V130/><F130/><W79/><G79/><T88/><D15/><U75/><E98/><N who="2" m="59735" /><F46/><W92/><G103/><T54/><D54/><U77/><E89/><V60/><F60/><W14/><G101/><T30/><REACH who="0" step="1"/><D88/><REACH who="0" ten="387,199,187,207" step="2"/><U20/><E55/><V78/><F78/><W128/><G90/><T24/><D24/><U52/><REACH who="1" step="1"/><E73/><REACH who="1" ten="387,189,187,207" step="2"/><V86/><F91/><W7/><G70/><T100/><D100/><U23/><E23/><V16/><F21/><W123/><G123/><T93/><D93/><U6/><E6/><V107/><F104/><AGARI ba="1,3" hai="0,2,10,11,25,26,29,30,36,38,48,51,104,105" machi="104" ten="25,3200,0" yaku="1,1,22,2,53,0" doraHai="63" doraHaiUra="83" who="0" fromWho="2" sc="387,65,189,0,187,-35,207,0" />
</Scene>
<Scene>
<INIT seed="3,0,0,5,5,88" ten="452,189,152,207" oya="3" hai0="70,89,75,5,109,105,37,17,9,24,126,74,95" hai1="68,35,102,127,61,59,130,29,98,58,84,114,13" hai2="1,128,119,110,30,129,7,94,120,65,91,77,64" hai3="22,56,100,48,112,124,73,69,3,21,26,19,57"/><W38/><G38/><T41/><D105/><U97/><E114/><V54/><F110/><W2/><G69/><T101/><D101/><U66/><E130/><N who="2" m="50283" /><F119/><W45/><G112/><T99/><D70/><U49/><E127/><V11/><F77/><W116/><G73/><T104/><D104/><U39/><E39/><V78/><F78/><W43/><G116/><T6/><D109/><U132/><E132/><V103/><F103/><W86/><G124/><T106/><D106/><U134/><E134/><V51/><F30/><W50/><G100/><T16/><D5/><U125/><E125/><V33/><F33/><W71/><G71/><T8/><D126/><U20/><E35/><V36/><F36/><W117/><G117/><T62/><D62/><U87/><E68/><V107/><F107/><W10/><G10/><T96/><D96/><U76/><E102/><V31/><F31/><N who="3" m="17871" /><G2/><T63/><D9/><U135/><E135/><V118/><F120/><W53/><G3/><T79/><D63/><U82/><E61/><V4/><F4/><W27/><G86/><N who="0" m="52663" /><D75/><U92/><E87/><N who="2" m="52607" /><F118/><W47/><AGARI ba="0,0" hai="19,22,27,43,45,47,48,50,53,56,57" m="17871" machi="47" ten="30,1500,0" yaku="8,1" doraHai="88" who="3" fromWho="3" sc="452,-5,189,-5,152,-5,207,15" />
</Scene>
<Scene>
<INIT seed="3,1,0,2,1,28" ten="447,184,147,222" oya="3" hai0="114,45,21,84,25,128,18,78,117,79,7,3,65" hai1="71,2,120,15,50,61,12,20,134,119,11,116,8" hai2="74,82,89,80,86,90,44,59,66,29,103,132,69" hai3="115,100,67,24,72,38,105,77,0,85,108,54,35"/><W56/><G115/><T91/><D117/><N who="1" m="45131" /><E120/><V124/><F69/><W99/><G38/><T118/><D45/><U113/><E113/><V5/><F103/><W126/><G0/><T42/><D91/><N who="2" m="34826" /><F74/><W112/><G112/><T10/><D18/><U49/><E134/><V17/><F5/><W37/><G37/><T27/><D21/><U16/><E2/><V57/><F29/><N who="3" m="19879" /><G85/><T34/><D84/><U98/><E98/><V58/><F132/><W9/><G9/><T75/><D65/><N who="1" m="41391" /><E11/><V51/><F124/><W93/><G93/><T130/><D7/><AGARI ba="1,0" hai="7,8,12,15,16,20,49,50" m="41391,45131" machi="7" ten="30,2000,0" yaku="12,1,54,1" doraHai="28" who="1" fromWho="0" sc="447,-23,184,23,147,0,222,0" />
</Scene>
<Scene>
<INIT seed="4,0,0,1,3,8" ten="424,207,147,222" oya="0" hai0="35,25,76,37,81,79,77,23,41,17,22,51,56" hai1="125,18,48,4,82,53,131,3,130,24,92,100,19" hai2="124,52,27,49,39,64,128,13,72,47,97,110,63" hai3="31,2,78,68,43,115,46,6,60,89,21,38,44"/><T1/><D35/><U40/><E40/><V61/><F110/><W119/><G119/><T121/><D1/><U59/><E125/><V108/><F108/><W95/><G115/><T11/><D121/><U80/><E3/><V94/><F72/><W55/><G78/><T36/><D81/><U14/><E4/><V15/><F124/><W87/><G6/><T129/><D129/><N who="1" m="49163" /><E24/><V98/><F39/><W65/><G2/><T109/><D11/><N who="1" m="6495" /><E19/><V69/><F128/><W88/><G31/><T91/><D41/><U29/><E29/><V134/><F134/><W96/><G21/><T74/><D22/><U99/><AGARI ba="0,0" hai="48,53,59,80,82,92,99,100" m="6495,49163" machi="99" ten="30,2000,0" yaku="19,1,52,1" doraHai="8" who="1" fromWho="1" sc="424,-10,207,20,147,-5,222,-5" />
</Scene>
<Scene>
<INIT seed="5,0,0,0,1,44" ten="414,227,142,217" oya="1" hai0="41,123,29,64,28,100,48,51,105,3,50,132,26" hai1="39,42,90,114,134,73,1,7,118,58,70,130,19" hai2="131,14,102,4,121,43,93,126,35,46,117,95,62" hai3="9,61,60,86,59,16,122,79,54,49,66,38,21"/><U76/><E118/><V12/><F117/><W15/><G38/><T82/><D3/><U87/><E70/><V107/><F121/><W52/><G122/><T124/><D123/><U33/><E33/><V97/><F35/><W104/><G104/><T32/><D124/><U72/><E130/><V106/><F131/><W65/><G79/><T75/><D29/><U13/><E114/><V17/><F126/><W69/><G86/><T78/><D64/><U53/><E76/><V74/><F74/><W127/><G127/><T108/><D132/><U99/><E99/><V111/><F111/><W37/><G37/><T120/><D120/><U133/><E7/><V84/><F62/><W27/><REACH who="3" step="1"/><G49/><REACH who="3" ten="414,227,142,207" step="2"/><T128/><D105/><U80/><E72/><V45/><F107/><W113/><G113/><T77/><D48/><U34/><E73/><V110/><F106/><W24/><G24/><T47/><D50/><U40/><E39/><V101/><F110/><W5/><G5/><T18/><BYE who="3" /><D78/><U88/><E134/><V2/><F2/><W91/><G91/><T92/><D108/><UN n3="%E5%A4%AA%E3%81%8F%E3%81%AA%E3%81%84%E3%81%8A" /><U55/><E90/><N who="2" m="53447" /><F4/><W20/><G20/><N who="0" m="13591" /><D128/><U96/><E1/><V56/><F102/><W115/><G115/><T0/><D0/><U112/><E133/><V36/><F36/><W81/><G81/><T94/><D100/><U71/><E112/><V129/><F129/><W103/><G103/><T125/><D125/><U22/><E34/><V25/><F101/><W85/><G85/><T68/><D32/><U57/><E87/><V89/><F25/><W135/><G135/><T30/><D75/><RYUUKYOKU ba="0,1" sc="414,-10,227,-10,142,-10,207,30" hai3="9,15,16,21,27,52,54,59,60,61,65,66,69" />
</Scene>
<Scene>
<INIT seed="6,1,1,0,2,64" ten="404,217,132,237" oya="2" hai0="81,113,95,35,47,80,2,39,63,74,58,20,51" hai1="112,53,52,69,94,11,65,12,89,107,128,1,129" hai2="110,103,40,13,86,91,76,56,90,57,4,116,79" hai3="102,125,5,83,123,34,122,85,84,134,14,46,115"/><V43/><F110/><W61/><G34/><T66/><D35/><U0/><E107/><V131/><F116/><W106/><G106/><T99/><D2/><N who="1" m="1131" /><E112/><V75/><F75/><W15/><G102/><T87/><D74/><U50/><E50/><V41/><F103/><W92/><G115/><T62/><D39/><U49/><E49/><V48/><F131/><N who="1" m="50249" /><E69/><V104/><F104/><W121/><G46/><T33/><D33/><U114/><E65/><V120/><F120/><W117/><G117/><T93/><D62/><U78/><E78/><N who="2" m="29739" /><F48/><W82/><G122/><T38/><D38/><U77/><E77/><V36/><F36/><W27/><G121/><T98/><D51/><U132/><E132/><V7/><F13/><W16/><G15/><T119/><D47/><U42/><E42/><N who="2" m="10755" /><V105/><DORA hai="100" /><F105/><W31/><G14/><T97/><D113/><U133/><E133/><V3/><F3/><W126/><G134/><T88/><D119/><U109/><E109/><V71/><F71/><W25/><G123/><T10/><D66/><U32/><E32/><V70/><F70/><W24/><G61/><T21/><D63/><U68/><E68/><V23/><F23/><W19/><G125/><T72/><D20/><U101/><E101/><V73/><F73/><W135/><G126/><T111/><D21/><U30/><E114/><V127/><F127/><W8/><G135/><T44/><D111/><U17/><E30/><V26/><F26/><W118/><G27/><T28/><D72/><U124/><E124/><V108/><F108/><W54/><G118/><T29/><D44/><RYUUKYOKU ba="1,1" sc="404,-10,217,30,132,-10,237,-10" hai1="11,12,17,52,53,89,94" />
</Scene>
<Scene>
<INIT seed="7,2,1,4,2,62" ten="394,247,122,227" oya="3" hai0="23,57,5,17,32,134,50,63,39,85,95,37,84" hai1="102,60,126,7,72,121,119,11,96,61,90,129,36" hai2="46,127,59,58,15,2,71,99,14,69,13,18,104" hai3="38,9,30,81,116,91,3,49,83,12,10,26,42"/><W21/><G116/><T114/><D32/><U131/><E121/><V65/><F2/><W73/><G38/><T67/><D5/><U44/><E119/><V92/><F127/><W35/><G73/><T68/><D114/><U82/><E126/><V24/><F104/><W86/><G3/><T122/><D134/><U118/><E118/><V130/><F130/><N who="1" m="49673" /><E44/><V4/><F4/><W117/><G117/><T100/><D85/><N who="1" m="50487" /><E36/><V33/><F46/><N who="3" m="25815" /><G35/><T47/><D23/><U27/><E27/><V80/><F80/><N who="3" m="49607" /><G10/><T28/><D95/><N who="1" m="58655" /><E72/><V124/><F124/><W107/><G107/><T106/><D106/><U51/><E51/><V105/><F105/><W54/><G54/><T52/><D52/><U25/><E25/><V77/><F77/><W108/><G108/><T111/><D39/><U40/><E40/><V75/><F75/><W1/><G1/><AGARI ba="2,1" hai="1,7,11,60,61" m="58655,50487,49673" machi="1" ten="30,1000,0" yaku="19,1" doraHai="62" who="1" fromWho="3" sc="394,0,247,26,122,0,227,-16" owari="394,50.0,273,7.0,122,-38.0,211,-19.0" />
</Scene>
</mjloggm>