<mjloggm ver="2.3"><GO type="169" lobby="0"/><UN n0="%74%61%63%6F%73" n1="%E9%BA%BB%E7%94%9F%E9%9B%80%E5%AD%90" n2="%E5%A4%AA%E3%81%8F%E3%81%AA%E3%81%84%E3%81%8A" n3="%E7%BD%AE%E5%82%98" dan="16,16,17,17" rate="2138.39,2051.00,2206.32,2249.82" sx="M,F,M,M"/><TAIKYOKU oya="0"/>

<Scene>
<INIT seed="0,0,0,5,3,64" ten="250,250,250,250" oya="0" hai0="43,76,30,129,100,113,15,60,18,125,71,49,91" hai1="128,103,107,98,23,26,40,54,105,35,29,53,16" hai2="52,13,112,102,47,108,0,9,124,66,111,3,34" hai3="56,122,90,10,8,133,79,28,81,65,92,51,42"/><T36/><D113/><U74/><E74/><V19/><F112/><W1/><G133/><T117/><D117/><U110/><E110/><N who="2" m="42027" /><F34/><W134/><G28/><T87/><D30/><U46/><E107/><V78/><F124/><W77/><G1/><T132/><D100/><U67/><E67/><V70/><F78/><W86/><G122/><T120/><D120/><U62/><E128/><V109/><N who="2" m="42035" /><V20/><DORA hai="68" /><F102/><W5/><G134/><T14/><D125/><U99/><E98/><V118/><F118/><W44/><G5/><T88/><D129/><U135/><E62/><N who="2" m="40279" /><F20/><W72/><G79/><T104/><D76/><U116/><E116/><V119/><F119/><W48/><G65/><T84/><D132/><U82/><E82/><V22/><F22/><W12/><G12/><T69/><D14/><U106/><E135/><V75/><F75/><W31/><G31/><T85/><D15/><U59/><E106/><V21/><F21/><W37/><REACH who="3" step="1"/><G56/><REACH who="3" ten="250,250,250,240" step="2"/><T114/><D114/><U94/><E59/><V63/><F63/><W96/><G96/><T25/><D60/><U58/><E58/><V61/><F61/><W95/><G95/><T7/><D104/><U32/><E105/><V97/><F97/><W123/><G123/><T121/><D121/><U73/><E35/><V55/><F3/><W89/><G89/><T127/><D88/><U41/><E73/><V2/><F0/><W101/><G101/><T17/><D91/><U38/><E40/><V57/><F57/><W27/><G27/><AGARI ba="0,1" hai="16,23,26,27,29,32,38,41,46,53,54,94,99,103" machi="27" ten="30,3900,0" yaku="7,1,52,1,54,1" doraHai="64,68" who="1" fromWho="3" sc="250,0,250,49,250,0,240,-39" />
</Scene>
<Scene>
<INIT seed="1,0,0,4,0,129" ten="250,299,250,201" oya="1" hai0="5,132,95,87,103,11,113,31,79,12,83,124,72" hai1="86,38,59,49,73,117,0,32,121,55,43,54,9" hai2="18,10,44,1,135,94,37,119,82,89,123,125,23" hai3="85,92,114,133,108,6,7,41,80,93,100,84,13"/><U74/><E117/><V104/><F119/><W3/><G114/><T25/><D113/><U64/><E32/><V76/><F104/><W97/><G3/><T29/><D124/><U102/><E121/><V24/><F123/><W57/><G108/><T40/><D40/><U70/><E102/><V66/><F125/><W131/><G131/><T111/><D111/><U65/><E55/><V56/><F37/><W48/><G41/><T2/><D2/><U77/><E86/><V45/><F1/><W118/><G118/><T128/><D128/><U19/><E19/><V46/><F10/><W28/><G28/><T115/><D115/><U122/><E122/><V47/><F47/><W14/><G48/><T107/><D25/><U67/><E70/><V42/><F42/><W21/><G57/><T50/><D50/><U88/><E77/><V127/><F127/><W110/><G110/><T81/><D81/><U90/><E43/><V116/><F116/><W126/><G100/><T30/><D132/><U91/><REACH who="1" step="1"/><E38/><REACH who="1" ten="250,289,250,201" step="2"/><V58/><F76/><W109/><G109/><T101/><D107/><U106/><E106/><V75/><F18/><W62/><G126/><T20/><D87/><U112/><E112/><V51/><F66/><W63/><G97/><N who="0" m="59583" /><D103/><U96/><E96/><V68/><F68/><W60/><G60/><T98/><D98/><U35/><E35/><V130/><F130/><W4/><G4/><AGARI ba="0,1" hai="0,4,9,49,54,59,64,65,67,73,74,88,90,91" machi="4" ten="40,3900,0" yaku="1,1,54,1,53,0" doraHai="129" doraHaiUra="71" who="1" fromWho="3" sc="250,0,289,49,250,0,201,-39" />
</Scene>
<Scene>
<INIT seed="1,1,0,5,4,48" ten="250,338,250,162" oya="1" hai0="98,102,70,42,82,88,7,66,92,9,93,117,28" hai1="96,56,118,104,129,79,21,97,85,75,39,100,115" hai2="33,64,68,112,59,27,130,38,26,18,52,50,43" hai3="103,106,49,60,111,36,78,105,0,6,67,101,25"/><U1/><E1/><V16/><F130/><W132/><G36/><T121/><D117/><U84/><E39/><V110/><F110/><W44/><G132/><T116/><D116/><U125/><E118/><V19/><F112/><W10/><G111/><T13/><D121/><U34/><E34/><V12/><F12/><W62/><G78/><T76/><D42/><U32/><E32/><V124/><F124/><W99/><G25/><T133/><D28/><U11/><E115/><V113/><F113/><W72/><G72/><T74/><D133/><U87/><E11/><V53/><F33/><W3/><G3/><T126/><D126/><U69/><E69/><V63/><F53/><W83/><G83/><T80/><D80/><N who="1" m="45183" /><E56/><V5/><REACH who="2" step="1"/><F5/><REACH who="2" ten="250,338,240,162" step="2"/><W20/><G20/><T119/><D119/><U14/><E125/><V58/><F58/><W30/><G67/><T114/><D114/><U107/><E14/><V71/><F71/><W90/><G6/><T46/><D70/><U31/><E21/><V45/><AGARI ba="1,1" hai="16,18,19,26,27,38,43,45,50,52,59,63,64,68" machi="45" ten="30,16000,3" yaku="1,1,0,1,24,2,52,1,54,2,53,1" doraHai="48" doraHaiUra="65" who="2" fromWho="2" sc="250,-41,338,-81,240,173,162,-41" />
</Scene>
<Scene>
<INIT seed="2,0,0,1,4,92" ten="209,257,413,121" oya="2" hai0="131,57,60,122,55,120,85,72,16,37,103,8,61" hai1="47,1,112,89,93,104,27,126,65,36,106,82,83" hai2="110,75,111,15,95,121,125,14,44,130,117,6,86" hai3="66,69,45,9,30,76,4,79,5,11,133,33,99"/><V118/><F75/><W0/><G133/><T26/><D72/><U96/><E1/><V56/><F121/><W10/><G10/><T17/><D37/><U62/><E112/><V64/><F125/><W43/><G66/><T109/><D109/><N who="2" m="41482" /><F130/><W94/><G69/><T84/><D131/><U32/><E126/><V105/><F105/><W116/><G116/><T34/><D61/><U24/><E104/><V74/><F74/><W88/><G30/><T97/><D34/><U108/><E108/><V13/><F6/><W58/><G58/><T68/><D68/><U124/><E124/><V132/><F132/><W31/><G31/><T107/><D17/><U127/><E127/><V73/><F73/><W81/><G81/><N who="1" m="30730" /><E106/><V28/><F28/><W20/><G20/><T41/><D41/><U123/><E32/><V102/><F44/><W134/><G33/><T35/><D35/><U25/><E36/><V49/><F86/><W42/><G134/><T18/><D85/><U52/><E123/><V22/><F22/><W115/><G115/><T46/><D84/><U114/><E114/><V19/><F19/><W119/><G119/><T71/><D46/><U98/><E98/><N who="2" m="59743" /><F64/><W7/><G7/><T39/><D120/><U101/><E47/><V78/><F78/><W59/><G59/><T2/><D122/><U54/><E101/><V63/><F63/><W29/><G29/><T77/><D103/><U100/><E100/><V51/><F56/><AGARI ba="0,0" hai="24,25,27,52,54,56,62,65,89,93,96" m="30730" machi="56" ten="30,3900,0" yaku="8,1,52,1,54,1" doraHai="92" who="1" fromWho="2" sc="209,0,257,39,413,-39,121,0" />
</Scene>
<Scene>
<INIT seed="3,0,0,5,1,88" ten="209,296,374,121" oya="3" hai0="27,96,19,68,75,56,60,129,53,104,70,128,51" hai1="103,29,18,82,54,63,58,45,86,26,71,7,117" hai2="66,34,123,10,35,114,113,83,44,79,118,105,67" hai3="23,133,125,43,30,91,24,36,61,85,52,72,100"/><W127/><G72/><T28/><D75/><U124/><E117/><V64/><F118/><W0/><G0/><T80/><D19/><U16/><E71/><V69/><F69/><W74/><G74/><T65/><D80/><U48/><E124/><V116/><F116/><W6/><G6/><T1/><D1/><U107/><E7/><V50/><F105/><W120/><G120/><T15/><D15/><U110/><E103/><V126/><F126/><N who="3" m="48139" /><G100/><N who="0" m="62471" /><D70/><U84/><E110/><V39/><F39/><W4/><G133/><T112/><D112/><U33/><E107/><V31/><F123/><W102/><G102/><T95/><D95/><U59/><E84/><V122/><F122/><W17/><G4/><T57/><D57/><U38/><E59/><V8/><F113/><W76/><G76/><T73/><D73/><U2/><E38/><V12/><F114/><W131/><G36/><T49/><D49/><U42/><REACH who="1" step="1"/><E2/><REACH who="1" ten="209,286,374,121" step="2"/><V11/><F44/><W77/><G85/><T20/><D68/><U22/><E22/><V115/><F115/><W97/><G23/><T87/><D87/><U111/><E111/><V3/><F3/><W55/><G97/><T13/><D20/><U132/><E132/><V89/><F10/><W5/><G5/><T21/><D13/><U134/><E134/><V98/><F8/><W101/><G101/><T106/><D106/><U135/><E135/><V9/><F11/><W37/><G37/><T62/><D51/><U32/><E32/><V90/><F35/><W108/><G108/><T109/><D109/><U121/><E121/><V94/><F34/><RYUUKYOKU ba="0,1" sc="209,15,286,15,374,-15,121,-15" hai0="21,27,28,53,56,60,62,65,128,129" hai1="16,18,26,29,33,42,45,48,54,58,63,82,86" />
</Scene>
<Scene>
<INIT seed="4,1,1,0,3,81" ten="224,301,359,106" oya="0" hai0="85,22,91,41,70,119,21,92,29,90,46,96,95" hai1="75,6,23,131,114,31,127,17,38,115,98,106,80" hai2="24,36,117,94,97,50,10,93,109,113,76,13,55" hai3="9,16,63,108,79,65,128,135,89,51,37,66,87"/><T54/><D70/><U64/><E38/><V121/><F109/><W103/><G108/><T69/><D69/><U48/><E31/><V40/><F121/><W0/><G37/><T74/><D74/><U126/><E6/><V120/><F120/><W52/><G135/><T82/><D119/><U134/><E64/><N who="3" m="24682" /><G0/><T39/><D29/><U86/><E134/><V27/><F40/><W73/><G73/><T4/><D4/><U105/><E75/><V112/><F76/><W47/><G128/><T8/><D8/><U14/><E48/><V2/><F2/><W26/><G79/><T15/><D15/><U35/><E35/><V84/><F36/><W30/><G103/><T129/><D129/><U123/><E123/><V44/><F117/><W122/><G122/><T58/><REACH who="0" step="1"/><D82/><REACH who="0" ten="214,301,359,106" step="2"/><U56/><E131/><V53/><F13/><N who="3" m="7215" /><G63/><AGARI ba="1,2" hai="21,22,39,41,46,54,58,63,85,90,91,92,95,96" machi="63" ten="30,5800,0" yaku="1,1,7,1,52,1,53,0" doraHai="81" doraHaiUra="45" who="0" fromWho="3" sc="214,81,301,0,359,0,106,-61" />
</Scene>
<Scene>
<INIT seed="4,2,0,5,4,37" ten="295,301,359,45" oya="0" hai0="4,61,19,81,88,104,65,7,82,36,28,11,26" hai1="135,56,121,109,99,117,112,25,122,87,132,73,114" hai2="1,0,78,133,83,8,54,124,102,74,129,93,23" hai3="118,113,31,92,86,30,51,10,55,2,76,39,9"/><T32/><D104/><U75/><E25/><V67/><F67/><W89/><G39/><T105/><D105/><U128/><E56/><V21/><F124/><W131/><G118/><T80/><D36/><U16/><E16/><V20/><F133/><N who="1" m="51273" /><E117/><V46/><F129/><W6/><G113/><N who="1" m="43626" /><E128/><V103/><F93/><W27/><G131/><T70/><D19/><U12/><E12/><V79/><F79/><W38/><G38/><T120/><D120/><N who="1" m="46187" /><E109/><V91/><F1/><W53/><G10/><T108/><D108/><U90/><E99/><V68/><F68/><W64/><G64/><T125/><D125/><U40/><E40/><V111/><F111/><W100/><G27/><T22/><D32/><U47/><E47/><V134/><F134/><W18/><G18/><T48/><D48/><U94/><AGARI ba="2,0" hai="73,75,87,90,94" m="46187,43626,51273" machi="94" ten="40,8000,1" yaku="20,1,15,1,11,1,34,2" doraHai="37" who="1" fromWho="1" sc="295,-42,301,86,359,-22,45,-22" />
</Scene>
<Scene>
<INIT seed="5,0,0,2,3,51" ten="253,387,337,23" oya="1" hai0="71,33,94,130,102,26,41,64,78,52,114,73,53" hai1="82,121,4,7,85,79,69,70,97,27,24,107,104" hai2="112,19,25,42,123,122,37,16,6,58,129,103,38" hai3="32,105,28,125,118,87,133,30,115,45,12,126,1"/><U36/><E121/><V113/><F129/><W101/><G1/><T11/><D41/><U49/><E36/><N who="2" m="13931" /><F42/><W77/><G115/><N who="2" m="44105" /><F6/><W93/><G133/><T46/><D114/><U10/><E4/><V43/><F43/><W0/><G0/><T131/><D11/><U134/><E134/><V95/><F25/><W48/><G118/><T66/><D73/><U89/><E27/><V21/><F21/><W50/><G50/><T65/><D71/><U74/><E24/><V91/><F103/><W119/><G119/><T23/><D33/><U63/><E69/><V76/><F76/><W5/><G32/><T100/><D78/><U75/><E79/><V57/><F58/><W59/><G59/><T86/><D46/><U116/><E116/><V13/><F57/><W88/><G77/><T22/><D22/><U34/><E34/><V128/><F128/><N who="0" m="49194" /><D102/><N who="1" m="62543" /><E74/><V20/><F19/><W14/><G101/><T98/><D86/><AGARI ba="0,0" hai="13,16,20,86,91,95,122,123" m="44105,13931" machi="86" ten="30,3900,0" yaku="15,1,11,1,54,1" doraHai="51" who="2" fromWho="0" sc="253,-39,387,0,337,39,23,0" />
</Scene>
<Scene>
<INIT seed="6,0,0,0,2,68" ten="214,387,376,23" oya="2" hai0="67,102,49,38,56,22,88,0,99,55,133,3,14" hai1="85,76,42,46,16,59,31,64,111,81,83,96,119" hai2="79,17,13,52,51,110,108,30,11,54,37,123,48" hai3="113,122,71,15,95,23,18,101,104,70,74,87,36"/><V1/><F123/><W53/><G122/><T47/><D133/><U92/><E111/><N who="2" m="42539" /><F79/><W107/><G74/><T58/><D88/><N who="1" m="55303" /><E31/><V62/><F1/><W32/><G32/><T2/><D67/><U112/><E119/><V63/><F30/><W24/><G113/><T28/><D38/><U116/><E116/><V106/><F106/><W121/><G121/><T4/><D28/><U34/><E34/><V73/><F73/><W109/><G109/><T6/><D22/><U5/><E5/><V128/><F128/><W19/><G107/><T20/><D20/><U135/><E135/><V33/><F33/><W84/><G104/><T26/><D26/><U7/><E7/><V40/><F40/><W97/><G70/><T9/><REACH who="0" step="1"/><D4/><REACH who="0" ten="204,387,376,23" step="2"/><U50/><E112/><V93/><F37/><W29/><G71/><T80/><D80/><N who="1" m="47239" /><E16/><N who="3" m="6186" /><G36/><T82/><D82/><U78/><E78/><V44/><F93/><AGARI ba="0,1" hai="0,2,3,6,9,14,47,49,55,56,58,93,99,102" machi="93" ten="40,1300,0" yaku="1,1,53,0" doraHai="68" doraHaiUra="120" who="0" fromWho="2" sc="204,23,387,0,376,-13,23,0" />
</Scene>
<Scene>
<INIT seed="7,0,0,4,4,3" ten="227,387,363,23" oya="3" hai0="94,32,2,120,115,79,49,58,107,110,84,13,0" hai1="121,91,126,12,27,103,26,123,114,60,46,72,56" hai2="69,77,101,70,116,93,52,113,119,98,29,132,14" hai3="24,97,90,48,25,31,30,36,53,89,78,104,118"/><W42/><G118/><T109/><D32/><U64/><E72/><V102/><F29/><N who="3" m="10763" /><G36/><T55/><D107/><U10/><E114/><V135/><F113/><W21/><G104/><T67/><D115/><U83/><E126/><V111/><F111/><W112/><G112/><T128/><D120/><U41/><E103/><V134/><F77/><W95/><G78/><T17/><D67/><U62/><E62/><V82/><F82/><W127/><G127/><T96/><D128/><U108/><E108/><V28/><F28/><N who="3" m="17423" /><G25/><T22/><D79/><U74/><E74/><V87/><F87/><W44/><G42/><T66/><D66/><U18/><E121/><V105/><F105/><W23/><G23/><T71/><D71/><N who="2" m="27146" /><F102/><AGARI ba="0,0" hai="44,48,53,89,90,95,97,102" m="17423,10763" machi="102" ten="30,1500,0" yaku="8,1" doraHai="3" who="3" fromWho="2" sc="227,0,387,0,363,-15,23,15" />
</Scene>
<Scene>
<INIT seed="7,1,0,3,0,134" ten="227,387,348,38" oya="3" hai0="13,130,25,28,120,8,55,84,98,63,87,39,48" hai1="17,119,36,81,50,49,30,34,73,129,45,1,76" hai2="37,106,31,62,4,85,5,22,42,109,86,104,32" hai3="125,43,82,67,71,117,54,12,57,66,107,133,110"/><W16/><G117/><T118/><D39/><U103/><E36/><V29/><F32/><W78/><G133/><T89/><D120/><U44/><E119/><V2/><F109/><W18/><G110/><T112/><D118/><U0/><E129/><V114/><F114/><W35/><G107/><T83/><D130/><U14/><E103/><V40/><F37/><W24/><G43/><T100/><D63/><U23/><E30/><V6/><F6/><W21/><G71/><T10/><D84/><U41/><E34/><V70/><F62/><W91/><G91/><T15/><D112/><U131/><E131/><V97/><F22/><W3/><G3/><T99/><D15/><U132/><E132/><V113/><F113/><W19/><G35/><T135/><D135/><U115/><E115/><V108/><F108/><W64/><G125/><T94/><D98/><U121/><E121/><V80/><F97/><W53/><G57/><N who="0" m="32999" /><D13/><U46/><E46/><V93/><F70/><W65/><N who="3" m="16384" /><DORA hai="20" /><W95/><G95/><T124/><D124/><U69/><E69/><V79/><F93/><W92/><G92/><T27/><D28/><U72/><E73/><V7/><F2/><W105/><G105/><N who="2" m="40553" /><F86/><N who="3" m="48471" /><G12/><T47/><D94/><U90/><E90/><V77/><F77/><W102/><G102/><T111/><D100/><U74/><E72/><V56/><F42/><AGARI ba="1,0" hai="0,1,14,17,23,41,42,44,45,49,50,74,76,81" machi="42" ten="30,2000,0" yaku="7,1,9,1" doraHai="134,20" who="1" fromWho="2" sc="227,0,387,23,348,-23,38,0" owari="227,-17.0,410,50.0,325,13.0,38,-46.0" />
</Scene>
</mjloggm>