<mjloggm ver="2.3"><GO type="169" lobby="0"/><UN n0="%73%61%63%68%69%6F" n1="%E5%A4%AA%E3%81%8F%E3%81%AA%E3%81%84%E3%81%8A" n2="%48%61%6B%61%6D%61%64%61" n3="%E8%A1%A8%E8%A3%8F%E8%A3%8F" dan="16,17,16,17" rate="2150.63,2179.31,2042.99,2180.87" sx="M,M,M,M"/><TAIKYOKU oya="0"/>

<Scene>
<INIT seed="0,0,0,4,1,111" ten="250,250,250,250" oya="0" hai0="61,35,81,85,135,66,2,52,14,71,72,17,7" hai1="131,51,91,20,16,73,12,117,41,79,23,0,92" hai2="36,6,106,96,15,29,118,13,90,80,21,86,45" hai3="55,10,102,112,100,34,114,59,98,126,74,30,83"/><T122/><D72/><U67/><E117/><V31/><F118/><W33/><G126/><T5/><D122/><U127/><E0/><V8/><F15/><W54/><G10/><T38/><D38/><U1/><E1/><V107/><F96/><W19/><G19/><T57/><D35/><U104/><E104/><V56/><F56/><W108/><G108/><T50/><D2/><U128/><E127/><V32/><F32/><W46/><G46/><T133/><D133/><U121/><E121/><V89/><F89/><W95/><G33/><T132/><D132/><U87/><E67/><V103/><F103/><W82/><G100/><T123/><D123/><U93/><E93/><V11/><F11/><W94/><G94/><T43/><D43/><U44/><REACH who="1" step="1"/><E23/><REACH who="1" ten="250,240,250,250" step="2"/><V26/><F107/><N who="3" m="63959" /><G34/><T62/><D135/><U115/><E115/><V4/><F106/><W28/><G95/><T39/><D39/><U113/><E113/><V70/><F36/><W76/><G114/><T88/><D62/><U53/><E53/><V64/><F21/><AGARI ba="0,1" hai="5,7,14,17,21,50,52,57,61,66,71,81,85,88" machi="21" ten="30,5800,0" yaku="7,1,54,2" doraHai="111" who="0" fromWho="2" sc="250,68,240,0,250,-58,250,0" />
</Scene>
<Scene>
<INIT seed="0,1,0,5,4,31" ten="318,240,192,250" oya="0" hai0="45,17,89,91,106,76,13,122,74,42,26,49,75" hai1="111,41,69,1,48,113,9,130,62,88,94,38,128" hai2="24,107,105,57,102,34,81,101,12,86,135,133,47" hai3="14,78,125,61,3,50,54,10,29,117,22,23,71"/><T90/><D106/><N who="2" m="40458" /><F47/><W65/><G117/><T98/><D122/><U56/><E38/><V4/><F57/><W63/><G125/><T80/><D26/><U82/><E69/><V7/><F24/><W85/><G3/><T8/><D98/><U112/><E111/><V97/><F34/><W120/><G120/><T114/><REACH who="0" step="1"/><D75/><REACH who="0" ten="308,240,192,250" step="2"/><U119/><E119/><V36/><F97/><W84/><G84/><T64/><D64/><U104/><E104/><V28/><F86/><W131/><G65/><T67/><D67/><U32/><E112/><AGARI ba="1,1" hai="8,13,17,42,45,49,74,76,80,89,90,91,112,114" machi="112" ten="40,2000,0" yaku="1,1,53,0" doraHai="31" doraHaiUra="21" who="0" fromWho="1" sc="308,33,240,-23,192,0,250,0" />
</Scene>
<Scene>
<INIT seed="0,2,0,1,5,104" ten="341,217,192,250" oya="0" hai0="26,134,77,133,63,67,116,2,43,7,112,85,19" hai1="42,62,107,117,129,103,15,114,0,102,44,97,130" hai2="86,135,38,16,91,82,66,13,30,99,33,48,128" hai3="51,90,94,25,78,83,123,120,52,95,5,108,50"/><T37/><D112/><U20/><E0/><V1/><F38/><W111/><G5/><T31/><D19/><U119/><E114/><V68/><F1/><W72/><G50/><T100/><D100/><U18/><E102/><V88/><F135/><W60/><G60/><T124/><D116/><U4/><E4/><V109/><F109/><N who="3" m="42059" /><G25/><T35/><D124/><U53/><E53/><V21/><F128/><N who="1" m="49257" /><E62/><V110/><F110/><W132/><G132/><N who="0" m="50795" /><D85/><U9/><E9/><N who="2" m="6191" /><F33/><W101/><G101/><T126/><D126/><U54/><E54/><V122/><F68/><W34/><G34/><T96/><D96/><U22/><E22/><V23/><F122/><N who="3" m="46635" /><G90/><T8/><D77/><U29/><E29/><V47/><F66/><W56/><AGARI ba="2,0" hai="51,52,56,72,78,83,94,95" m="46635,42059" machi="56" ten="30,7900,0" yaku="14,1,13,1,52,1,54,1" doraHai="104" who="3" fromWho="3" sc="341,-41,217,-22,192,-22,250,85" />
</Scene>
<Scene>
<INIT seed="1,0,0,3,3,48" ten="300,195,170,335" oya="1" hai0="34,61,66,67,42,111,112,77,106,35,20,124,123" hai1="81,70,8,126,49,98,101,115,7,74,122,10,129" hai2="52,89,2,95,99,53,69,3,105,73,47,17,133" hai3="90,58,51,21,132,5,64,109,37,31,27,75,30"/><U131/><E115/><V118/><F118/><W24/><G37/><T29/><D111/><U92/><E122/><V6/><F73/><W93/><G75/><T18/><D112/><U45/><E70/><V121/><F121/><W127/><G127/><T23/><D123/><U33/><E33/><V134/><F69/><W40/><G132/><N who="2" m="50793" /><F105/><W50/><G109/><T41/><D106/><U117/><E117/><V26/><F47/><W102/><G5/><T62/><D77/><N who="1" m="44215" /><E7/><V39/><F39/><W130/><G40/><T14/><D14/><U116/><E116/><V25/><F25/><W120/><G120/><T44/><D44/><U91/><E101/><V65/><F65/><W32/><G130/><N who="1" m="49674" /><E126/><V9/><F2/><W22/><G32/><T128/><D128/><U110/><E110/><V86/><F99/><N who="3" m="59759" /><G90/><T119/><D119/><U0/><E0/><V88/><F89/><W76/><G76/><T68/><D124/><U108/><E108/><V11/><F11/><W13/><G13/><T19/><D68/><U59/><E59/><V28/><F17/><W85/><G85/><T94/><D29/><U113/><E113/><V83/><F83/><W104/><G104/><T72/><D72/><U97/><E97/><V12/><F3/><W16/><G30/><T80/><D80/><U135/><E135/><V4/><F4/><W82/><G82/><T1/><D1/><U54/><AGARI ba="0,0" hai="8,10,45,49,54,91,92,98" m="49674,44215" machi="54" ten="30,3000,0" yaku="19,1,52,1" doraHai="48" who="1" fromWho="1" sc="300,-10,195,30,170,-10,335,-10" />
</Scene>
<Scene>
<INIT seed="1,1,0,1,0,100" ten="290,225,160,325" oya="1" hai0="64,74,7,93,39,52,34,113,56,18,123,72,41" hai1="125,33,68,57,9,22,70,32,105,16,27,117,91" hai2="24,96,75,59,108,36,19,40,63,5,21,86,67" hai3="35,43,11,90,81,3,79,4,87,42,114,110,10"/><U6/><E117/><V131/><F75/><W88/><G114/><T61/><D123/><U82/><E125/><V71/><F108/><W29/><G110/><T101/><D113/><U78/><E91/><V31/><F131/><W132/><G132/><T50/><D7/><U127/><E127/><V111/><F111/><W1/><G35/><T94/><D34/><U17/><E33/><V25/><F5/><W134/><G29/><T121/><D121/><U65/><E32/><V77/><F96/><W80/><G4/><T107/><D18/><U92/><E92/><V119/><F119/><W89/><G89/><T28/><D28/><U53/><E65/><V2/><F2/><W51/><G51/><T15/><D15/><U58/><E105/><V103/><F103/><W62/><G62/><T112/><D112/><U69/><E17/><V54/><F77/><W49/><G49/><T124/><D124/><U102/><E102/><V60/><F86/><W20/><G87/><T13/><D13/><U98/><E98/><V128/><F128/><W46/><G20/><T47/><D72/><U130/><E130/><V126/><F126/><W83/><G83/><T0/><D74/><U8/><E6/><V55/><F55/><W30/><G30/><T109/><D0/><U122/><E122/><V135/><F135/><W76/><G134/><T85/><D85/><N who="1" m="48343" /><E53/><V44/><REACH who="2" step="1"/><F31/><REACH who="2" ten="290,225,150,325" step="2"/><W37/><G1/><T116/><D116/><U45/><E45/><V106/><F106/><W133/><G3/><T118/><D118/><U38/><E38/><V26/><AGARI ba="1,1" hai="19,21,24,25,26,36,40,44,54,59,60,63,67,71" machi="26" ten="20,2700,0" yaku="1,1,0,1,7,1,53,0" doraHai="100" doraHaiUra="95" who="2" fromWho="2" sc="290,-8,225,-14,150,40,325,-8" />
</Scene>
<Scene>
<INIT seed="2,0,0,4,4,53" ten="282,211,190,317" oya="2" hai0="51,94,49,67,70,103,115,2,135,66,33,36,32" hai1="47,52,126,116,114,93,88,84,122,111,60,106,56" hai2="14,50,26,89,24,96,41,3,100,75,29,73,21" hai3="129,63,86,9,55,79,4,77,6,7,95,102,8"/><V133/><F3/><W23/><G129/><T107/><D36/><U68/><E114/><V99/><F133/><W48/><G63/><T101/><D2/><U43/><E116/><V87/><F14/><W62/><G62/><T113/><D70/><U38/><E111/><V76/><F76/><N who="3" m="29259" /><G23/><T57/><D94/><U71/><E126/><V12/><F12/><W31/><G31/><T104/><REACH who="0" step="1"/><D57/><REACH who="0" ten="272,211,190,317" step="2"/><U74/><E122/><V128/><F128/><W5/><G95/><T16/><D16/><U34/><E106/><V120/><F120/><W59/><G59/><T92/><D92/><U72/><REACH who="1" step="1"/><E34/><REACH who="1" ten="272,201,190,317" step="2"/><V0/><F73/><AGARI ba="0,2" hai="38,43,47,52,56,60,68,71,72,73,74,84,88,93" machi="73" ten="40,12000,2" yaku="1,1,2,1,52,1,54,2,53,1" doraHai="53" doraHaiUra="40" who="1" fromWho="2" sc="272,0,201,140,190,-120,317,0" />
</Scene>
<Scene>
<INIT seed="3,0,0,0,1,132" ten="272,341,70,317" oya="3" hai0="33,65,2,66,41,64,70,69,91,67,76,124,31" hai1="128,96,133,121,45,131,60,87,89,3,85,130,27" hai2="75,135,107,7,99,11,92,104,50,28,101,56,10" hai3="29,97,134,38,40,77,94,72,57,114,39,47,51"/><W93/><G134/><T0/><D76/><U19/><E133/><V9/><F75/><W20/><G114/><T42/><N who="0" m="16384" /><DORA hai="68" /><T126/><D91/><U90/><E121/><V32/><F135/><W12/><G72/><T112/><D112/><U16/><E3/><N who="0" m="1065" /><D31/><U14/><E60/><V55/><REACH who="2" step="1"/><F7/><REACH who="2" ten="272,341,60,317" step="2"/><W30/><G77/><T25/><D33/><U113/><E113/><V82/><F82/><W81/><G81/><T5/><D5/><U108/><E130/><V44/><F44/><W48/><G47/><T106/><D106/><U120/><E45/><V115/><F115/><W80/><G80/><T58/><D58/><U118/><E128/><V49/><F49/><W129/><G57/><T18/><D18/><U22/><E16/><V63/><F63/><W102/><G51/><T125/><D25/><AGARI ba="0,1" hai="9,10,11,25,28,32,50,55,56,92,99,101,104,107" machi="25" ten="40,1300,0" yaku="1,1,53,0" doraHai="132,68" doraHaiUra="117,37" who="2" fromWho="0" sc="272,-13,341,0,60,23,317,0" />
</Scene>
<Scene>
<INIT seed="4,0,0,4,5,71" ten="259,341,83,317" oya="0" hai0="23,56,104,64,129,72,38,9,46,84,42,32,54" hai1="134,8,79,36,3,26,105,75,120,10,123,4,70" hai2="117,128,35,81,88,115,95,67,17,110,27,47,107" hai3="76,41,90,111,45,31,29,40,114,122,18,62,89"/><T57/><D72/><U124/><E70/><V63/><F110/><W126/><G111/><T118/><D118/><U93/><E93/><V86/><F117/><W102/><G122/><T85/><D32/><U34/><E8/><V20/><F128/><W99/><G126/><T98/><D129/><U6/><E6/><V106/><F115/><W19/><G76/><T53/><D9/><U69/><E69/><V73/><F35/><W2/><G2/><T100/><D64/><U125/><E105/><V60/><F60/><W52/><G31/><T68/><D68/><U91/><E91/><V7/><F7/><W135/><G29/><T112/><D112/><U30/><E134/><V58/><REACH who="2" step="1"/><F47/><REACH who="2" ten="259,341,73,317" step="2"/><W130/><G45/><T109/><D109/><U94/><E123/><V92/><F92/><W127/><G62/><T50/><D23/><U121/><E94/><V61/><F61/><AGARI ba="0,1" hai="38,42,46,50,53,54,56,57,61,84,85,98,100,104" machi="61" ten="30,2900,0" yaku="7,1,52,1" doraHai="71" who="0" fromWho="2" sc="259,39,341,0,73,-29,317,0" />
</Scene>
<Scene>
<INIT seed="4,1,0,1,1,82" ten="298,341,44,317" oya="0" hai0="10,52,96,59,28,53,84,1,26,41,21,132,130" hai1="35,33,101,45,57,47,61,80,4,133,95,42,29" hai2="76,55,90,3,128,34,19,87,74,62,31,106,75" hai3="112,72,125,30,67,36,81,8,108,86,25,99,49"/><T124/><D132/><U48/><E133/><V32/><F3/><W78/><G36/><T22/><D130/><U37/><E4/><V105/><F62/><W2/><G108/><T114/><D114/><U39/><E29/><V14/><F55/><W89/><G125/><T135/><D135/><U60/><E80/><V68/><F68/><W126/><G126/><T16/><D124/><U85/><E101/><V58/><F58/><W5/><G112/><T120/><D120/><U131/><E131/><V91/><F31/><W40/><G67/><T46/><D96/><U64/><E60/><V115/><F128/><W38/><G49/><N who="0" m="28727" /><D1/><U79/><E79/><V111/><F111/><W77/><G99/><T123/><D123/><U119/><E119/><V73/><F76/><N who="3" m="44167" /><G25/><N who="0" m="14503" /><D10/><U94/><E39/><V97/><F115/><W69/><G30/><T7/><D41/><U116/><E116/><V18/><F97/><W110/><G69/><T121/><D121/><U104/><E104/><V92/><F106/><W13/><G110/><T129/><D129/><U9/><E9/><V0/><F105/><W103/><G2/><T127/><D127/><U93/><E33/><V23/><F0/><W27/><G40/><T63/><D7/><U12/><E35/><N who="2" m="13355" /><F19/><W88/><G38/><T66/><D66/><U6/><E6/><V50/><F50/><W113/><G5/><T54/><D54/><U83/><E37/><V17/><F17/><W100/><G113/><T11/><D11/><U51/><E42/><V65/><F65/><W134/><G8/><T122/><D122/><U117/><E64/><RYUUKYOKU ba="1,0" sc="298,15,341,-15,44,15,317,-15" hai0="22,26,28,53,59,63,84" hai2="14,18,23,73,74,75,87,90,91,92" />
</Scene>
<Scene>
<INIT seed="4,2,0,3,2,2" ten="313,326,59,302" oya="0" hai0="135,54,51,23,86,127,118,62,46,31,133,58,12" hai1="67,18,94,114,119,92,80,3,26,81,27,129,101" hai2="131,77,43,1,15,20,10,88,107,57,34,61,7" hai3="95,124,121,6,52,103,132,123,30,108,19,5,84"/><T33/><D33/><U37/><E119/><V90/><F107/><W85/><G108/><T75/><D75/><U11/><E37/><V96/><F131/><W47/><G30/><T120/><D118/><U122/><E122/><N who="3" m="46602" /><G132/><T36/><D120/><U89/><E129/><V112/><F112/><W21/><G124/><T16/><D127/><U38/><E38/><V48/><F34/><W91/><G103/><T4/><D31/><U134/><E134/><N who="0" m="51209" /><D86/><N who="1" m="52279" /><E3/><V130/><F130/><W39/><G85/><T59/><D36/><U69/><E69/><V17/><F77/><W53/><G53/><T102/><D102/><U68/><E68/><V29/><F29/><W64/><G64/><T109/><D109/><U14/><E67/><V24/><F1/><W82/><G82/><N who="1" m="31850" /><E114/><V125/><F96/><AGARI ba="2,0" hai="11,14,18,26,27,94,96,101" m="31850,52279" machi="96" ten="30,1000,0" yaku="8,1" doraHai="2" who="1" fromWho="2" sc="313,0,326,16,59,-16,302,0" />
</Scene>
<Scene>
<INIT seed="5,0,0,5,5,130" ten="313,342,43,302" oya="1" hai0="7,75,31,33,82,123,24,57,101,9,108,11,133" hai1="10,52,94,56,114,74,93,35,121,60,91,23,100" hai2="32,51,39,19,83,65,61,1,112,131,109,81,25" hai3="98,8,78,36,134,2,17,79,68,54,122,132,28"/><U90/><E35/><V22/><F39/><W117/><G122/><T46/><D108/><U16/><E121/><V106/><F109/><W42/><G117/><T41/><D123/><U13/><E74/><V76/><F112/><W59/><G68/><T92/><D57/><U43/><E114/><V49/><F131/><W119/><G119/><T86/><D11/><U124/><E124/><V29/><F1/><W73/><G28/><T72/><D92/><N who="1" m="35435" /><E100/><V3/><F3/><W84/><G84/><T115/><D101/><U118/><E43/><V120/><F106/><W80/><G79/><T125/><D125/><U38/><E38/><V5/><F5/><N who="3" m="1079" /><G17/><T27/><D27/><N who="1" m="14823" /><E118/><V14/><F120/><W58/><G98/><T129/><D129/><U26/><E26/><V40/><F40/><W99/><G99/><T85/><D115/><U104/><E104/><V37/><F37/><W71/><G71/><T89/><D86/><U64/><E64/><V45/><F45/><N who="3" m="23751" /><G58/><T66/><D66/><U88/><E90/><V87/><REACH who="2" step="1"/><F83/><REACH who="2" ten="313,342,33,302" step="2"/><W69/><G69/><AGARI ba="0,1" hai="14,19,22,25,29,32,49,51,61,65,69,76,81,87" machi="69" ten="30,3900,0" yaku="1,1,2,1,7,1,53,0" doraHai="130" doraHaiUra="96" who="2" fromWho="3" sc="313,0,342,0,33,49,302,-39" />
</Scene>
<Scene>
<INIT seed="6,0,0,2,4,107" ten="313,342,82,263" oya="2" hai0="25,131,113,100,44,85,133,45,114,79,83,30,8" hai1="99,55,11,112,32,20,90,49,115,41,108,21,50" hai2="0,81,91,97,118,89,66,116,42,36,71,102,77" hai3="68,12,58,53,60,117,28,129,72,52,40,24,2"/><V88/><F0/><W104/><G2/><T4/><D100/><U46/><E32/><V34/><F34/><W27/><G117/><N who="2" m="45161" /><F66/><W43/><G104/><T62/><D62/><U1/><E108/><V38/><F71/><W22/><G68/><T51/><D133/><U121/><E121/><V31/><F31/><W125/><G12/><T96/><D96/><U78/><E78/><V56/><F56/><W19/><G60/><T26/><D131/><U94/><E1/><V76/><F42/><W54/><G129/><T3/><D45/><N who="1" m="28111" /><E11/><V101/><F38/><W103/><G103/><N who="2" m="39433" /><F36/><W69/><G69/><T95/><D95/><U47/><E47/><V82/><F97/><W106/><G106/><T135/><D135/><U93/><E21/><V86/><F91/><W16/><G58/><T98/><D98/><U15/><E20/><V29/><F29/><W57/><G57/><T132/><D132/><U110/><E90/><V126/><F126/><W37/><G125/><T48/><D48/><U6/><E99/><V120/><F120/><W14/><G37/><T134/><D134/><U9/><E110/><V123/><F123/><W39/><G39/><T128/><D128/><U92/><E49/><V67/><F67/><W10/><G43/><N who="0" m="24991" /><D30/><U18/><E41/><V124/><F124/><W127/><G40/><T74/><D85/><AGARI ba="0,0" hai="76,77,81,82,85,86,88,89" m="39433,45161" machi="85" ten="30,5800,0" yaku="34,2,54,1" doraHai="107" who="2" fromWho="0" sc="313,-58,342,0,82,58,263,0" />
</Scene>
<Scene>
<INIT seed="6,1,0,3,4,32" ten="255,342,140,263" oya="2" hai0="28,37,112,19,23,35,52,122,2,45,86,99,47" hai1="71,113,58,85,79,15,30,132,123,78,96,44,38" hai2="34,131,16,76,70,97,121,41,81,18,50,26,13" hai3="9,125,10,33,118,62,11,119,111,101,114,17,68"/><V100/><F70/><W75/><G111/><T54/><D122/><U36/><E71/><V82/><F121/><W61/><G33/><T57/><D112/><U88/><E123/><V42/><F131/><W128/><G75/><T89/><D35/><U109/><E109/><V77/><F77/><W94/><G114/><T63/><D28/><U49/><E30/><V12/><F34/><W83/><G128/><T20/><D20/><U65/><E113/><V130/><F130/><W0/><G83/><N who="2" m="31753" /><F76/><W104/><G104/><T39/><D2/><U135/><E78/><V107/><F107/><W72/><G0/><T127/><D127/><U31/><E79/><V110/><F26/><W108/><G72/><T64/><D39/><U117/><E117/><V124/><F124/><W3/><G125/><T1/><D1/><U51/><E38/><V14/><F110/><W24/><G3/><T8/><D8/><U92/><E36/><V102/><F97/><N who="3" m="59575" /><G108/><T115/><D99/><U48/><E96/><V67/><F67/><W120/><G120/><T116/><D116/><N who="3" m="44585" /><G68/><T126/><D126/><U7/><E65/><V21/><F50/><W27/><G27/><N who="0" m="14847" /><D115/><U106/><E106/><V133/><F133/><W95/><G95/><N who="0" m="54711" /><D37/><U73/><E73/><V74/><F74/><W98/><G98/><T134/><D134/><U59/><E135/><V55/><F55/><AGARI ba="1,0" hai="45,47,52,54,55,57,63,64" m="54711,14847" machi="55" ten="30,2000,0" yaku="8,1,54,1" doraHai="32" who="0" fromWho="2" sc="255,23,342,0,140,-23,263,0" />
</Scene>
<Scene>
<INIT seed="7,0,0,4,5,33" ten="278,342,117,263" oya="3" hai0="132,44,84,119,31,118,35,90,54,124,80,51,45" hai1="104,82,36,18,105,30,11,134,64,74,48,65,6" hai2="56,123,101,26,63,122,40,7,128,92,66,41,106" hai3="60,55,9,20,10,61,22,89,86,59,87,107,21"/><W131/><G107/><T69/><D69/><U32/><E48/><V46/><F106/><W68/><G131/><T126/><D132/><U0/><E65/><V72/><F72/><W77/><G68/><T114/><D114/><U28/><E28/><V125/><F7/><W94/><REACH who="3" step="1"/><G61/><REACH who="3" ten="278,342,117,253" step="2"/><T29/><D119/><U37/><E105/><V88/><F128/><W100/><G100/><T110/><D118/><U3/><E104/><V95/><F125/><W25/><G25/><T42/><D110/><U135/><E134/><V23/><F101/><W70/><G70/><T83/><D35/><U85/><E32/><V120/><F46/><W8/><G8/><T78/><D126/><U103/><E11/><V50/><F50/><W91/><G91/><T127/><D127/><U117/><E103/><V19/><REACH who="2" step="1"/><F95/><REACH who="2" ten="278,342,107,253" step="2"/><W102/><G102/><T121/><D124/><U130/><E130/><V96/><AGARI ba="0,2" hai="19,23,26,40,41,56,63,66,88,92,96,120,122,123" machi="96" ten="30,8000,1" yaku="1,1,2,1,0,1,13,1,54,1,53,0" doraHai="33" doraHaiUra="98" who="2" fromWho="2" sc="278,-20,342,-20,107,100,253,-40" owari="258,6.0,322,42.0,207,-29.0,213,-19.0" />
</Scene>
</mjloggm>