<mjloggm ver="2.3"><GO type="169" lobby="0"/><UN n0="%73%68%6F%6F%74%33%39" n1="%E3%83%A8%E3%82%B3%E3%83%A8%E3%82%B3" n2="%E5%A4%AA%E3%81%8F%E3%81%AA%E3%81%84%E3%81%8A" n3="%E3%82%8C%E3%82%93%EF%BC%8D%4E%65%77" dan="19,16,17,16" rate="2259.07,2136.01,2135.21,2061.64" sx="M,M,M,M"/><TAIKYOKU oya="0"/>

<Scene>
<INIT seed="0,0,0,5,4,60" ten="250,250,250,250" oya="0" hai0="130,93,18,117,24,71,51,105,55,35,107,79,34" hai1="81,2,95,27,75,42,112,10,17,20,7,102,119" hai2="135,118,113,12,111,103,63,76,46,59,74,22,44" hai3="31,38,58,91,47,14,110,45,37,57,23,65,85"/><T19/><D117/><U72/><E119/><V64/><F118/><W124/><G110/><T104/><D130/><U96/><E112/><V115/><F111/><W123/><G37/><T89/><D79/><U62/><E42/><V90/><F103/><W29/><G38/><T82/><D82/><U121/><E121/><V30/><F135/><W128/><G128/><T132/><D132/><U99/><E81/><V70/><F74/><W131/><G131/><T134/><D71/><U106/><REACH who="1" step="1"/><E62/><REACH who="1" ten="250,240,250,250" step="2"/><V9/><F63/><N who="3" m="38135" /><G123/><T6/><D134/><U120/><E120/><V83/><F83/><N who="3" m="49599" /><G124/><T101/><D35/><U3/><E3/><V67/><F113/><W16/><G57/><T133/><D133/><U56/><E56/><V11/><F59/><W68/><G68/><T36/><D34/><U125/><E125/><V0/><F0/><W8/><G45/><T26/><D107/><U92/><E92/><V108/><F70/><W109/><G47/><T78/><D93/><U66/><E66/><V33/><F115/><W114/><G114/><T4/><D105/><U13/><E13/><V40/><F12/><N who="3" m="9607" /><G109/><T21/><D104/><U41/><E41/><V32/><F40/><W54/><G54/><T80/><D80/><U52/><E52/><V94/><F108/><W97/><G14/><T73/><D55/><U100/><AGARI ba="0,1" hai="2,7,10,17,20,27,72,75,95,96,99,100,102,106" machi="100" ten="20,2700,0" yaku="1,1,0,1,7,1,53,0" doraHai="60" doraHaiUra="49" who="1" fromWho="1" sc="250,-13,240,37,250,-7,250,-7" />
</Scene>
<Scene>
<INIT seed="1,0,0,2,4,1" ten="237,277,243,243" oya="1" hai0="98,79,50,101,93,7,94,128,37,99,66,132,118" hai1="124,58,120,130,111,29,46,108,3,135,100,8,65" hai2="9,19,76,119,73,110,102,71,25,59,61,27,117" hai3="95,45,134,23,62,10,81,17,69,52,16,107,82"/><U78/><E120/><V109/><F71/><W112/><G107/><T84/><D37/><U35/><E124/><V36/><F36/><W47/><G112/><T115/><D118/><N who="2" m="45066" /><F102/><W70/><G10/><T4/><D115/><U44/><E130/><V30/><F76/><W104/><G104/><T12/><D128/><U83/><E135/><V133/><F73/><W32/><G134/><T42/><D132/><U88/><E100/><V5/><F133/><W74/><G74/><T31/><D31/><U14/><E3/><N who="2" m="191" /><F59/><W21/><G32/><T54/><D42/><U43/><E65/><V0/><F61/><W57/><G95/><T122/><D122/><U75/><E58/><V33/><F0/><W2/><G2/><T68/><D68/><U22/><E35/><N who="2" m="20943" /><F19/><W123/><G123/><T49/><D66/><U127/><E88/><V125/><F125/><W51/><G45/><T126/><D126/><U80/><E127/><V11/><F11/><W39/><G39/><T105/><D105/><U18/><E80/><V91/><F91/><W116/><G116/><T20/><D84/><U121/><E121/><V85/><F85/><W60/><G60/><T53/><D79/><U106/><E106/><V13/><F13/><N who="3" m="9359" /><G69/><T90/><D50/><U86/><E75/><V63/><F63/><W97/><G70/><T131/><D49/><N who="1" m="26783" /><E46/><V24/><F33/><W89/><G89/><T6/><D131/><U77/><E78/><V28/><F28/><W67/><G97/><T64/><D64/><U26/><E77/><V38/><F38/><W41/><G67/><T72/><D72/><RYUUKYOKU ba="0,0" sc="237,0,277,0,243,0,243,0" hai0="4,6,7,12,20,53,54,90,93,94,98,99,101" hai1="8,14,18,22,26,29,83,86,108,111" hai2="24,27,109,110" hai3="17,23,41,47,51,52,57,62,81,82" />
</Scene>
<Scene>
<INIT seed="1,1,0,2,0,50" ten="237,277,243,243" oya="1" hai0="77,11,49,104,101,17,127,54,86,59,45,55,96" hai1="106,0,19,113,83,133,15,18,51,117,79,24,98" hai2="124,80,30,132,66,48,67,4,122,118,25,58,3" hai3="14,102,38,9,22,40,72,129,100,7,134,41,75"/><U10/><E117/><V36/><F36/><W73/><G134/><T111/><D111/><U8/><E133/><V31/><F132/><W82/><G82/><T62/><D127/><U56/><E113/><V110/><F118/><W64/><G64/><T120/><D120/><U47/><E0/><V23/><F122/><W130/><G22/><T131/><D131/><N who="3" m="50185" /><G38/><T114/><D114/><U81/><E56/><V57/><F110/><W108/><G108/><T76/><REACH who="0" step="1"/><D86/><REACH who="0" ten="227,277,243,243" step="2"/><U125/><E125/><V63/><F124/><W99/><G99/><T85/><D85/><U74/><E81/><V123/><F123/><W13/><G73/><T94/><D94/><U87/><E74/><V116/><F116/><W112/><G72/><T97/><D97/><U115/><E115/><V32/><F80/><W128/><G75/><T135/><D135/><U105/><E98/><V126/><F126/><W28/><G128/><T53/><D53/><U42/><REACH who="1" step="1"/><E24/><REACH who="1" ten="227,267,243,243" step="2"/><V78/><F25/><W29/><G112/><T16/><D16/><U69/><E69/><V5/><F31/><W21/><G28/><T109/><D109/><U103/><E103/><V90/><F30/><W119/><G29/><T26/><D26/><U84/><E84/><V52/><F67/><W1/><G119/><T34/><D34/><U88/><E88/><V60/><F66/><W89/><G89/><T46/><D46/><U37/><E37/><V44/><F44/><W33/><G33/><T91/><D91/><U70/><E70/><V121/><F90/><W20/><G100/><T68/><D68/><U71/><E71/><RYUUKYOKU ba="1,2" sc="227,15,267,15,243,-15,243,-15" hai0="11,17,45,49,54,55,59,62,76,77,96,101,104" hai1="8,10,15,18,19,42,47,51,79,83,87,105,106" />
</Scene>
<Scene>
<INIT seed="1,2,2,3,0,107" ten="242,282,228,228" oya="1" hai0="131,93,118,95,18,41,102,84,8,78,50,63,14" hai1="101,37,12,104,91,38,92,80,124,117,43,135,47" hai2="74,129,76,75,68,113,67,125,19,13,57,23,32" hai3="64,85,106,112,33,87,134,79,105,34,27,72,130"/><U97/><E117/><V127/><F32/><W59/><G79/><T45/><D118/><U36/><E135/><V120/><F120/><W2/><G134/><T66/><D131/><U88/><E124/><N who="2" m="47691" /><F68/><W21/><G130/><T20/><D102/><U69/><E69/><V114/><F129/><W100/><G59/><N who="0" m="37247" /><D78/><U40/><E43/><V28/><F28/><W71/><G100/><T70/><D70/><U123/><E123/><V126/><N who="2" m="47699" /><V52/><DORA hai="86" /><F67/><W115/><G64/><T96/><D84/><U56/><E80/><N who="2" m="45079" /><F75/><W49/><G72/><T53/><D41/><U111/><E111/><V82/><F82/><W58/><G33/><T54/><D54/><U99/><E56/><V98/><F98/><W25/><G58/><T11/><D96/><U3/><E3/><V133/><F133/><W48/><G2/><T39/><D39/><U42/><E42/><V24/><F13/><W61/><G34/><T15/><D20/><U10/><REACH who="1" step="1"/><E91/><REACH who="1" ten="242,272,228,228" step="2"/><V7/><F7/><AGARI ba="2,3" hai="7,8,11,14,15,18,45,50,53,93,95" m="37247" machi="7" ten="30,1000,0" yaku="8,1" doraHai="107,86" who="0" fromWho="2" sc="242,46,272,0,228,-16,228,0" /><AGARI ba="2,0" hai="7,10,12,36,37,38,40,47,88,92,97,99,101,104" machi="7" ten="30,18000,2" yaku="1,1,2,1,7,1,52,1,54,1,53,1" doraHai="107,86" doraHaiUra="90,26" who="1" fromWho="2" sc="288,0,272,180,212,-180,228,0" />
</Scene>
<Scene>
<INIT seed="1,3,0,0,5,3" ten="288,452,32,228" oya="1" hai0="132,51,93,13,42,30,76,114,128,44,69,95,123" hai1="121,100,15,17,115,29,85,133,36,40,71,111,77" hai2="56,28,79,96,63,110,135,94,48,4,80,73,41" hai3="32,119,23,46,8,120,14,53,91,19,82,18,68"/><U117/><E71/><V9/><F110/><W45/><G32/><T12/><D114/><U118/><E111/><V61/><F135/><W113/><G68/><T47/><D69/><U102/><E115/><V81/><F28/><W131/><G113/><T62/><D132/><U6/><E133/><V22/><F22/><W21/><G131/><T11/><D128/><U31/><E121/><V98/><F80/><W92/><G120/><T83/><D123/><U126/><E126/><V101/><F96/><W122/><G122/><T129/><D129/><U55/><E6/><V49/><F41/><W34/><G34/><T108/><D30/><U116/><E31/><V0/><REACH who="2" step="1"/><F63/><REACH who="2" ten="288,452,22,228" step="2"/><W10/><G82/><T90/><D62/><U37/><E29/><V109/><F109/><W124/><G124/><T87/><D108/><U125/><E125/><V74/><F74/><W104/><BYE who="2" /><G21/><T88/><D47/><U65/><E40/><V25/><F25/><UN n2="%E5%A4%AA%E3%81%8F%E3%81%AA%E3%81%84%E3%81%8A" /><W7/><G45/><T105/><D105/><U1/><E117/><V16/><F16/><W50/><G104/><T60/><D60/><U43/><E17/><V127/><F127/><W89/><G119/><T58/><D83/><U84/><E43/><V75/><F75/><W57/><G18/><T33/><D44/><U99/><E99/><V66/><AGARI ba="3,1" hai="0,4,9,48,49,56,61,66,73,79,81,94,98,101" machi="66" ten="20,5200,0" yaku="1,1,0,1,7,1,52,1,53,0" doraHai="3" doraHaiUra="20" who="2" fromWho="2" sc="288,-16,452,-29,22,71,228,-16" />
</Scene>
<Scene>
<INIT seed="2,0,0,1,2,71" ten="272,423,93,212" oya="2" hai0="68,1,2,14,18,77,120,82,44,7,62,57,43" hai1="103,52,63,88,101,113,135,130,75,122,69,129,81" hai2="84,92,95,41,65,100,125,105,21,12,124,42,76" hai3="19,10,72,46,33,91,0,80,16,61,3,67,102"/><V132/><F105/><W98/><G33/><T128/><D68/><U115/><E69/><V70/><F132/><W106/><G46/><T64/><D120/><U119/><E122/><V36/><F65/><W118/><G118/><T59/><D128/><N who="1" m="49259" /><E119/><V85/><F85/><BYE who="2" /><W24/><G24/><T47/><D59/><N who="1" m="35303" /><E135/><V87/><F87/><W35/><G35/><T50/><D47/><U20/><E20/><V37/><F37/><W53/><G91/><UN n2="%E5%A4%AA%E3%81%8F%E3%81%AA%E3%81%84%E3%81%8A" /><T90/><D90/><U99/><E75/><V114/><F70/><W31/><G72/><T17/><D7/><U116/><E116/><V126/><F114/><N who="1" m="43529" /><E81/><N who="2" m="47143" /><F100/><W34/><G80/><T123/><D123/><U54/><E54/><V94/><F36/><W26/><G53/><T58/><D82/><U111/><E111/><V30/><F30/><W89/><G89/><T60/><D77/><U83/><E83/><V108/><F108/><W93/><G106/><T79/><D79/><U28/><E28/><V134/><F134/><W25/><G10/><T38/><D38/><U51/><E51/><V97/><F97/><W9/><G9/><T45/><D50/><U55/><E55/><V22/><F22/><W40/><G40/><T96/><D43/><U8/><E8/><V66/><F66/><W48/><G67/><T29/><D64/><U27/><E27/><V4/><F4/><W49/><G26/><T56/><D96/><U15/><E15/><V109/><F109/><W11/><G48/><T39/><D39/><U127/><E127/><V32/><F32/><BYE who="2" /><W131/><G49/><T112/><D58/><U6/><E6/><RYUUKYOKU ba="0,0" sc="272,-15,423,15,93,15,212,-15" hai1="88,99,101,103" hai2="12,21,41,42,92,94,95,124,125,126" />
</Scene>
<Scene>
<INIT seed="2,1,0,4,3,4" ten="257,438,108,197" oya="2" hai0="19,130,55,62,117,0,52,116,64,91,133,9,79" hai1="73,127,118,119,69,95,114,35,63,123,32,60,40" hai2="121,49,61,68,38,90,112,71,92,126,17,65,26" hai3="6,75,20,44,24,131,34,94,31,125,134,18,93"/><V42/><F42/><W67/><G75/><T1/><D79/><U11/><E114/><V102/><F102/><W66/><G6/><T36/><D36/><U85/><E73/><V37/><F37/><W86/><G44/><T120/><D120/><U59/><E123/><V101/><F101/><W135/><G131/><T97/><D130/><U78/><E69/><V132/><F132/><N who="3" m="50731" /><G125/><UN n2="%E5%A4%AA%E3%81%8F%E3%81%AA%E3%81%84%E3%81%8A" /><T58/><D133/><U15/><E127/><V50/><F38/><W7/><G7/><N who="0" m="1255" /><D1/><U128/><E128/><V56/><F126/><W27/><G86/><T103/><D91/><U39/><E40/><V30/><F121/><W74/><G74/><T96/><D19/><U122/><E39/><V83/><F112/><W43/><G43/><T89/><D89/><U23/><E122/><V108/><F108/><W70/><G70/><T14/><D14/><U46/><E46/><V53/><F83/><W107/><G107/><N who="0" m="63975" /><D97/><U104/><E15/><V80/><F80/><W129/><G129/><T48/><D48/><U110/><E110/><V41/><F41/><W113/><G113/><T8/><D8/><U45/><E78/><V12/><F50/><W16/><G18/><T88/><D88/><U106/><E11/><V57/><F17/><W100/><G100/><T99/><D99/><U72/><E32/><N who="2" m="20567" /><F12/><W54/><G54/><T5/><D5/><U124/><E35/><V2/><F2/><W3/><G3/><T109/><D109/><U111/><E111/><V105/><F105/><W10/><G10/><T25/><D25/><U29/><E104/><V82/><F82/><W81/><G81/><RYUUKYOKU ba="1,0" sc="257,10,438,-30,108,10,197,10" hai0="52,55,58,62,64,116,117" hai2="49,53,56,57,61,65,68,71,90,92" hai3="16,20,24,27,31,34,66,67,93,94" />
</Scene>
<Scene>
<INIT seed="2,2,0,3,2,127" ten="267,408,118,207" oya="2" hai0="68,49,26,123,74,8,121,35,16,72,53,18,95" hai1="59,46,98,23,124,44,128,2,0,20,9,118,57" hai2="47,34,51,94,58,7,67,113,104,109,56,5,71" hai3="38,6,82,129,70,55,65,22,14,63,19,52,117"/><V122/><F104/><W102/><G38/><T120/><D68/><U84/><E124/><V31/><F113/><W64/><G64/><T43/><D43/><U79/><E118/><V41/><F122/><W40/><G40/><T54/><D95/><U37/><E98/><V62/><F109/><W116/><G102/><T101/><D101/><U73/><E84/><V78/><F78/><W99/><G99/><T134/><D134/><U77/><E128/><V89/><F34/><W28/><G129/><T90/><D90/><U81/><E77/><V66/><F31/><W108/><G108/><T27/><D35/><U83/><E81/><V32/><F32/><W13/><G28/><T135/><D135/><U131/><E131/><V29/><F29/><W115/><G115/><T92/><D92/><U107/><E107/><V88/><F89/><W85/><G13/><T112/><D112/><U132/><E132/><V39/><F39/><W125/><G6/><T60/><D60/><U17/><E23/><V12/><F12/><W1/><G1/><N who="1" m="618" /><E9/><V106/><F106/><W93/><G125/><T100/><D100/><U111/><E111/><V76/><F76/><W36/><G93/><T10/><D123/><U110/><E110/><V33/><F33/><W133/><G133/><T119/><REACH who="0" step="1"/><D49/><REACH who="0" ten="257,408,118,207" step="2"/><U105/><E105/><V48/><F48/><W11/><BYE who="2" /><G36/><T4/><D4/><U86/><E37/><V45/><F45/><N who="1" m="17513" /><E73/><UN n2="%E5%A4%AA%E3%81%8F%E3%81%AA%E3%81%84%E3%81%8A" /><V103/><F103/><W114/><G114/><T15/><D15/><U75/><E75/><V126/><F126/><W42/><G116/><AGARI ba="2,1" hai="8,10,16,18,26,27,53,54,72,74,116,119,120,121" machi="116" ten="25,6400,0" yaku="1,1,22,2,54,1,53,0" doraHai="127" doraHaiUra="25" who="0" fromWho="3" sc="257,80,408,0,118,0,207,-70" />
</Scene>
<Scene>
<INIT seed="3,0,0,4,5,55" ten="337,408,118,137" oya="3" hai0="126,48,82,16,7,9,54,117,13,58,110,19,17" hai1="69,99,116,59,52,75,30,127,0,80,60,72,6" hai2="76,93,51,84,61,83,2,28,108,97,128,63,5" hai3="87,3,88,95,65,26,14,53,38,101,20,74,50"/><W57/><G38/><T122/><D117/><U42/><E116/><V104/><F104/><W85/><G74/><T11/><D122/><U43/><E127/><V4/><F108/><W124/><G3/><T39/><D39/><U44/><E30/><V79/><F128/><W12/><G124/><T47/><D126/><U77/><E69/><V111/><F111/><W92/><G65/><T132/><D110/><U98/><E75/><V1/><F28/><W21/><G21/><T40/><D82/><U62/><E62/><N who="2" m="23563" /><F1/><W29/><REACH who="3" step="1"/><G85/><REACH who="3" ten="337,408,118,127" step="2"/><T121/><D121/><U23/><E23/><V123/><F2/><W90/><G90/><T64/><D64/><U34/><E34/><V115/><F123/><W134/><G134/><T125/><D132/><U70/><E70/><V41/><F79/><W36/><G36/><T33/><D33/><U8/><E42/><V78/><F76/><W112/><G112/><T91/><D91/><U89/><E89/><N who="2" m="55471" /><F115/><W22/><G22/><T109/><D109/><U102/><E102/><V67/><F67/><W81/><G81/><T46/><D125/><U135/><E135/><V86/><F86/><W35/><G35/><T49/><D11/><U119/><E119/><V100/><F100/><W129/><G129/><T68/><D68/><U106/><E106/><V25/><F25/><W130/><G130/><T37/><D37/><AGARI ba="0,1" hai="0,6,8,37,43,44,52,59,60,72,77,80,98,99" machi="37" ten="30,8000,1" yaku="7,1,25,2,52,1,54,1" doraHai="55" who="1" fromWho="0" sc="337,-80,408,90,118,0,127,0" />
</Scene>
<Scene>
<INIT seed="4,0,0,2,1,49" ten="257,498,118,127" oya="0" hai0="33,119,132,129,50,115,2,6,25,126,81,39,102" hai1="68,120,103,51,113,17,71,3,52,36,40,46,21" hai2="76,57,26,72,117,86,56,5,13,83,101,73,87" hai3="19,14,107,70,9,116,135,58,127,0,12,131,134"/><T88/><D119/><U128/><E120/><V65/><F117/><W106/><G70/><T8/><D39/><U32/><E32/><V27/><F101/><W29/><G116/><T67/><D115/><U62/><E113/><V37/><F37/><W96/><G29/><T45/><D126/><U66/><E128/><V15/><F5/><W64/><G127/><T23/><D129/><U38/><E3/><V41/><F83/><W123/><G131/><T84/><D132/><N who="3" m="50729" /><G0/><T75/><D33/><U28/><E28/><V97/><F97/><W34/><G34/><T35/><D35/><U42/><E103/><V110/><F76/><W104/><G123/><T47/><D75/><U85/><E85/><V108/><REACH who="2" step="1"/><F65/><REACH who="2" ten="257,498,108,127" step="2"/><W93/><G64/><T90/><D102/><U91/><E36/><V100/><F100/><W111/><G96/><T69/><D67/><U133/><E133/><V18/><F18/><W63/><G19/><T31/><D81/><U124/><E38/><V54/><F54/><W112/><G112/><T122/><D6/><U79/><E79/><V24/><F24/><W94/><G106/><T61/><D25/><U105/><E105/><V121/><F121/><W125/><G104/><T118/><D122/><U4/><E4/><V74/><F74/><W82/><G107/><T80/><D80/><U11/><E66/><V60/><F60/><W30/><G82/><T1/><D61/><U20/><E62/><V48/><F48/><W7/><G63/><T109/><D50/><U10/><E51/><V99/><F99/><W98/><G98/><T59/><D118/><RYUUKYOKU ba="0,1" sc="257,-10,498,-10,108,30,127,-10" hai2="13,15,26,27,41,56,57,72,73,86,87,108,110" />
</Scene>
<Scene>
<INIT seed="5,1,1,5,4,0" ten="247,488,138,117" oya="1" hai0="125,127,95,109,35,47,24,11,19,43,97,51,10" hai1="112,82,57,111,135,23,92,6,87,86,71,45,52" hai2="74,114,12,83,29,103,128,73,88,28,132,25,42" hai3="102,27,1,124,34,54,66,133,105,63,110,99,64"/><U4/><E71/><V90/><F103/><W101/><G101/><T121/><D109/><U13/><E111/><V48/><F132/><W126/><G110/><T134/><D134/><U68/><E135/><V120/><F120/><W76/><G1/><T15/><D121/><U67/><E112/><V53/><F42/><W80/><G133/><T33/><D11/><U84/><E68/><V96/><F114/><W46/><G66/><T116/><D116/><U17/><E92/><N who="2" m="56327" /><F73/><N who="3" m="43023" /><G54/><T22/><D97/><U117/><E117/><V59/><F74/><W55/><G55/><T5/><REACH who="0" step="1"/><D95/><REACH who="0" ten="237,488,138,117" step="2"/><U14/><E82/><V100/><F83/><W75/><G75/><T32/><AGARI ba="1,2" hai="5,10,15,19,22,24,32,33,35,43,47,51,125,127" machi="32" ten="40,8000,1" yaku="1,1,2,1,0,1,52,1,53,1" doraHai="0" doraHaiUra="7" who="0" fromWho="0" sc="237,103,488,-41,138,-21,117,-21" />
</Scene>
<Scene>
<INIT seed="6,0,0,3,2,82" ten="340,447,117,96" oya="2" hai0="11,125,66,22,105,29,75,40,63,88,36,49,26" hai1="109,84,108,122,46,5,43,50,119,18,69,83,107" hai2="20,101,65,70,33,13,38,68,111,124,61,47,52" hai3="19,135,104,56,131,94,102,10,96,53,58,39,3"/><V23/><F33/><W0/><G39/><T55/><D75/><U44/><E119/><V42/><F124/><W91/><G135/><T80/><D105/><U114/><E107/><V31/><F111/><W99/><G131/><T126/><D11/><U9/><E69/><V35/><F70/><W89/><G89/><T62/><D40/><U57/><E114/><V71/><F71/><W15/><REACH who="3" step="1"/><G58/><REACH who="3" ten="340,447,117,86" step="2"/><T120/><D36/><U130/><E57/><V64/><F101/><W17/><G17/><T129/><D129/><U86/><E18/><V1/><F68/><W123/><G123/><T14/><D120/><U116/><E130/><V28/><F38/><W37/><G37/><T132/><D88/><U73/><E122/><V90/><F90/><W121/><G121/><T98/><D132/><U97/><E109/><V110/><F110/><W45/><G45/><T85/><D126/><U41/><E108/><V2/><F47/><W34/><G34/><T133/><D133/><U118/><E44/><V92/><F35/><W12/><G12/><T87/><D14/><U103/><E43/><V79/><F42/><W127/><G127/><T30/><D125/><U134/><E134/><V93/><F13/><W51/><AGARI ba="0,1" hai="0,3,10,15,19,51,53,56,91,94,96,99,102,104" machi="51" ten="20,5200,0" yaku="1,1,0,1,7,1,53,1" doraHai="82" doraHaiUra="7" who="3" fromWho="3" sc="340,-13,447,-13,117,-26,86,62" />
</Scene>
<Scene>
<INIT seed="7,0,0,1,4,47" ten="327,434,91,148" oya="3" hai0="14,118,88,109,100,128,76,111,112,51,107,70,56" hai1="69,34,89,41,108,103,68,55,31,37,104,33,8" hai2="12,17,135,82,40,124,83,57,53,11,60,101,29" hai3="4,59,75,106,73,15,127,125,19,48,121,65,7"/><W43/><G106/><T98/><D70/><U134/><E108/><V66/><F124/><N who="3" m="47691" /><G121/><T90/><D118/><U0/><E55/><V46/><F135/><W80/><G80/><T71/><D71/><U94/><E89/><V119/><F119/><W27/><G27/><T130/><D14/><U114/><E94/><V45/><F29/><W49/><G65/><T117/><D117/><U92/><E114/><V38/><REACH who="2" step="1"/><F101/><REACH who="2" ten="327,434,81,148" step="2"/><W131/><G131/><T21/><D130/><U99/><E134/><V39/><F39/><W24/><G24/><T72/><D100/><U50/><E92/><V32/><F32/><W81/><G81/><T105/><D128/><U84/><E50/><AGARI ba="0,1" hai="11,12,17,38,40,45,46,50,53,57,60,66,82,83" machi="50" ten="40,2600,0" yaku="1,1,52,1,53,0" doraHai="47" doraHaiUra="67" who="2" fromWho="1" sc="327,0,434,-26,81,36,148,0" owari="327,13.0,408,50.0,117,-38.0,148,-25.0" />
</Scene>
</mjloggm>