<mjloggm ver="2.3"><GO type="169" lobby="0"/><UN n0="%E5%82%B7%E3%81%AF%E6%B5%85%E3%81%84%E3%81%86%E3%81%A1%E3%81%AB" n1="%E5%A4%AA%E3%81%8F%E3%81%AA%E3%81%84%E3%81%8A" n2="%E3%83%AC%E3%83%87%E3%82%B9%E3%83%9E" n3="%E3%82%A8%E3%82%A2%E3%83%86%E3%82%A3" dan="16,18,16,16" rate="2048.77,2183.21,2071.28,2077.80" sx="M,M,M,M"/><TAIKYOKU oya="0"/>

<Scene>
<INIT seed="0,0,0,0,1,79" ten="250,250,250,250" oya="0" hai0="124,41,129,70,40,39,98,108,14,63,9,103,97" hai1="35,91,20,72,102,89,44,16,114,45,32,125,27" hai2="6,52,33,122,1,116,19,22,107,61,30,60,96" hai3="85,34,73,59,127,100,112,64,69,37,51,123,50"/><T5/><D124/><U84/><E72/><V23/><F122/><W128/><G73/><T48/><D129/><U2/><E2/><V25/><F116/><W83/><G112/><T55/><D108/><U95/><E125/><V87/><F23/><W130/><G127/><T74/><D74/><U90/><E114/><V76/><F107/><W11/><G34/><T109/><D109/><U24/><E35/><V47/><F96/><W17/><G37/><T80/><D80/><U101/><E32/><V81/><F6/><W78/><G69/><T13/><D13/><U18/><E84/><V15/><REACH who="2" step="1"/><F1/><REACH who="2" ten="250,250,240,250" step="2"/><W77/><G123/><T46/><D97/><N who="1" m="59583" /><E102/><V10/><F10/><W38/><G100/><T92/><REACH who="0" step="1"/><D39/><REACH who="0" ten="240,250,240,250" step="2"/><U21/><AGARI ba="0,2" hai="16,18,20,21,24,27,44,45,89,90,91" m="59583" machi="21" ten="30,2000,0" yaku="8,1,54,1" doraHai="79" who="1" fromWho="1" sc="240,-10,250,40,240,-5,250,-5" />
</Scene>
<Scene>
<INIT seed="1,0,0,5,5,118" ten="230,290,235,245" oya="1" hai0="77,123,120,10,73,6,116,101,131,12,38,130,24" hai1="99,109,37,46,5,91,76,81,23,56,68,112,121" hai2="135,40,114,4,45,34,25,0,70,95,53,84,127" hai3="27,104,22,17,132,32,1,128,20,103,48,71,111"/><U129/><E68/><V16/><F70/><W65/><G32/><T31/><D116/><U8/><E112/><V44/><F114/><W14/><G1/><T107/><D38/><U79/><E129/><N who="0" m="49161" /><D77/><U97/><E109/><V124/><F135/><W87/><G111/><T52/><D73/><U49/><E37/><V100/><F4/><W30/><G132/><T43/><D43/><U58/><E23/><V78/><F0/><W102/><G128/><T18/><D52/><U33/><E33/><V75/><F75/><W21/><G104/><T86/><D86/><U57/><E91/><V122/><F53/><W106/><G106/><T42/><D42/><U59/><E59/><V89/><F100/><W110/><G110/><T13/><D107/><U54/><E76/><V15/><F78/><W88/><G48/><T94/><D94/><U105/><E105/><V35/><F45/><W96/><G96/><T63/><D63/><U80/><E80/><V61/><F61/><W62/><REACH who="3" step="1"/><G21/><REACH who="3" ten="230,290,235,235" step="2"/><N who="0" m="11471" /><D101/><U11/><E97/><V98/><F98/><W93/><AGARI ba="0,1" hai="14,17,20,22,27,30,62,65,71,87,88,93,102,103" machi="93" ten="20,5200,0" yaku="1,1,0,1,7,1,54,1,53,0" doraHai="118" doraHaiUra="50" who="3" fromWho="3" sc="230,-13,290,-26,235,-13,235,62" />
</Scene>
<Scene>
<INIT seed="2,0,0,5,1,50" ten="217,264,222,297" oya="2" hai0="107,17,64,0,127,65,94,69,89,87,66,32,104" hai1="115,72,114,40,92,2,81,70,121,22,101,44,52" hai2="96,38,41,122,26,84,74,23,135,42,97,131,119" hai3="102,16,68,29,105,54,75,34,56,85,49,20,4"/><V58/><F119/><W109/><G75/><T95/><D69/><U10/><E70/><V73/><F122/><W39/><G39/><T18/><D127/><U100/><E121/><V14/><F131/><W110/><G68/><T88/><D0/><U43/><E22/><V9/><F135/><W126/><G126/><T108/><D32/><U98/><E100/><V51/><F74/><W55/><G4/><T57/><D57/><U123/><E123/><V3/><F3/><W132/><G132/><T124/><D108/><N who="3" m="41577" /><G34/><T80/><D80/><U59/><E2/><V112/><F73/><W27/><G29/><T67/><N who="0" m="16384" /><DORA hai="45" /><T113/><D113/><U99/><E10/><V37/><F37/><W134/><G134/><T5/><D5/><U15/><E15/><V8/><F84/><W11/><G11/><T21/><D124/><U77/><E98/><V90/><F38/><W116/><G116/><T82/><D82/><U19/><E19/><V83/><F8/><W93/><G105/><T120/><D120/><U128/><E128/><V130/><F130/><W76/><G76/><T33/><D33/><U61/><REACH who="1" step="1"/><E43/><REACH who="1" ten="217,254,222,297" step="2"/><V31/><F42/><W35/><G35/><T86/><REACH who="0" step="1"/><D18/><REACH who="0" ten="207,254,222,297" step="2"/><U111/><E111/><V125/><F125/><W7/><G7/><T25/><AGARI ba="0,2" hai="17,21,25,86,87,88,89,94,95,104,107" m="16384" machi="25" ten="40,8000,1" yaku="1,1,2,1,0,1,9,1,54,1,53,0" doraHai="50,45" doraHaiUra="79,1" who="0" fromWho="0" sc="207,100,254,-20,222,-40,297,-20" />
</Scene>
<Scene>
<INIT seed="3,0,0,5,0,3" ten="307,234,182,277" oya="3" hai0="100,2,89,99,29,115,114,47,11,59,71,62,88" hai1="86,17,81,129,60,127,103,46,21,63,132,122,80" hai2="53,92,93,116,12,69,87,131,32,110,54,95,9" hai3="101,121,7,44,85,25,16,90,51,66,107,42,98"/><W118/><G66/><N who="0" m="41431" /><D47/><U57/><E122/><V67/><F116/><W68/><G118/><T52/><D29/><U104/><E132/><V75/><F75/><W64/><G121/><T126/><D126/><U105/><E127/><V135/><F32/><W40/><G68/><T113/><D11/><U125/><E125/><V79/><F135/><W76/><G64/><T55/><D2/><U65/><E129/><V77/><F131/><W23/><G76/><T8/><D8/><U5/><E103/><V108/><F67/><W111/><G111/><N who="2" m="42537" /><F69/><W82/><REACH who="3" step="1"/><G7/><REACH who="3" ten="307,234,182,267" step="2"/><T22/><D113/><U112/><E5/><N who="2" m="3119" /><F79/><W0/><G0/><T1/><D1/><U94/><E112/><V37/><F77/><W28/><G28/><T35/><D114/><U43/><E65/><V61/><F61/><W36/><G36/><T27/><D115/><U58/><E63/><V49/><F37/><W30/><G30/><T19/><D19/><U123/><E60/><V50/><F50/><W74/><G74/><T70/><D70/><U109/><E17/><V45/><F87/><W24/><G24/><T97/><D27/><U124/><E86/><V119/><F119/><W26/><G26/><T83/><D99/><U10/><E109/><V18/><F18/><W130/><G130/><T14/><D97/><U91/><E123/><V133/><F133/><W33/><G33/><T78/><D35/><U120/><E120/><V56/><F49/><W38/><G38/><T13/><D78/><U4/><E124/><V117/><F117/><W102/><G102/><T20/><D100/><U106/><E4/><RYUUKYOKU ba="0,1" sc="307,-10,234,-10,182,-10,267,30" hai3="16,23,25,40,42,44,51,82,85,90,98,101,107" />
</Scene>
<Scene>
<INIT seed="3,1,1,4,0,80" ten="297,224,172,297" oya="3" hai0="91,78,97,115,117,75,109,57,123,70,119,131,134" hai1="61,17,59,20,124,105,14,2,95,7,55,74,98" hai2="81,125,130,42,104,33,25,76,79,103,82,84,94" hai3="37,13,63,135,106,29,110,133,49,9,89,107,53"/><W41/><G29/><T99/><D70/><U102/><E74/><V86/><F130/><W44/><G63/><T58/><D58/><U51/><E124/><V118/><F125/><W16/><G110/><T24/><D57/><U28/><E28/><V4/><F118/><W88/><G107/><T120/><D24/><U111/><E111/><V46/><F4/><W31/><G31/><T27/><D27/><U60/><E2/><V96/><F25/><W87/><G106/><T0/><D0/><U127/><E127/><V34/><REACH who="2" step="1"/><F104/><REACH who="2" ten="297,224,162,297" step="2"/><W101/><G101/><T40/><D131/><U48/><E7/><V90/><F90/><W30/><G30/><T50/><D91/><U5/><E5/><V72/><F72/><W26/><G26/><T1/><D75/><U19/><E105/><V3/><F3/><W114/><G114/><T67/><D1/><U73/><E73/><V128/><F128/><W10/><G89/><T45/><D115/><U65/><REACH who="1" step="1"/><E19/><REACH who="1" ten="297,214,162,297" step="2"/><V126/><F126/><W83/><REACH who="3" step="1"/><G9/><REACH who="3" ten="297,214,162,287" step="2"/><T32/><D109/><U132/><E132/><V64/><F64/><W47/><AGARI ba="1,4" hai="10,13,16,37,41,44,47,49,53,83,87,88,133,135" machi="47" ten="30,24000,3" yaku="1,1,2,1,0,1,25,2,52,1,54,2,53,1" doraHai="80" doraHaiUra="38" who="3" fromWho="3" sc="297,-81,214,-81,162,-81,287,283" />
</Scene>
<Scene>
<INIT seed="3,2,0,0,0,62" ten="216,133,81,570" oya="3" hai0="71,29,122,101,7,67,23,81,133,116,112,109,34" hai1="106,103,19,5,64,57,86,124,15,4,59,52,8" hai2="78,9,115,87,30,85,46,83,135,76,14,102,92" hai3="134,55,100,129,84,22,73,48,25,27,97,63,37"/><W113/><G73/><T42/><D34/><U12/><E124/><V41/><F115/><W69/><G113/><T68/><D7/><N who="1" m="3103" /><E106/><V118/><F118/><W28/><G37/><T61/><D42/><U107/><E107/><V80/><F30/><W32/><G134/><T49/><D101/><U127/><E103/><V128/><F135/><W105/><G84/><T47/><D71/><U99/><E99/><V60/><F60/><W50/><G129/><T3/><D3/><U53/><E86/><V40/><F128/><W132/><G132/><T111/><D81/><U125/><E125/><V96/><REACH who="2" step="1"/><F46/><REACH who="2" ten="216,133,71,570" step="2"/><W126/><G126/><T31/><D31/><U94/><E127/><V130/><F130/><W10/><G63/><T2/><D29/><U119/><E119/><V77/><F77/><W82/><G28/><T110/><D116/><U114/><E114/><V45/><F45/><W91/><G32/><T95/><D112/><U18/><E59/><V17/><AGARI ba="2,1" hai="9,14,17,40,41,76,78,80,83,85,87,92,96,102" machi="17" ten="20,12000,2" yaku="1,1,0,1,7,1,9,1,8,1,53,1" doraHai="62" doraHaiUra="90" who="2" fromWho="2" sc="216,-32,133,-32,71,136,570,-62" />
</Scene>
<Scene>
<INIT seed="4,0,0,2,4,69" ten="184,101,207,508" oya="0" hai0="61,74,126,13,133,35,72,7,43,32,78,0,30" hai1="84,6,99,44,135,3,55,76,59,53,111,105,15" hai2="87,41,104,89,9,37,101,51,129,68,24,100,48" hai3="106,110,79,66,77,40,10,96,39,98,11,73,118"/><T67/><D0/><U71/><E71/><V85/><F68/><W57/><G118/><T54/><D126/><U90/><E111/><V131/><F24/><W25/><G110/><T56/><D133/><U2/><E135/><V95/><F9/><W63/><G73/><T60/><D30/><U70/><E70/><V46/><F87/><W80/><G80/><T8/><D78/><U125/><E76/><V102/><REACH who="2" step="1"/><F104/><REACH who="2" ten="184,101,197,508" step="2"/><W12/><G25/><T108/><D108/><U33/><E84/><V62/><F62/><W91/><G106/><T117/><D74/><U5/><E105/><V27/><F27/><W103/><G11/><T29/><D72/><U17/><E125/><V121/><F121/><W14/><G10/><T19/><D29/><U4/><E2/><V92/><F92/><W97/><G63/><T34/><D117/><U112/><E3/><V122/><F122/><W16/><G12/><T81/><D81/><U31/><E15/><V21/><F21/><W52/><G14/><T23/><D61/><U130/><E31/><V45/><F45/><W88/><G98/><T22/><D67/><U120/><E99/><V124/><F124/><W47/><G97/><T107/><D107/><U115/><E120/><V134/><F134/><W132/><G96/><T58/><D19/><U93/><E17/><V83/><F83/><W1/><G16/><T18/><D18/><U20/><E20/><N who="0" m="7721" /><D56/><U64/><E59/><V28/><F28/><W38/><G57/><T36/><D35/><U50/><E33/><V42/><F42/><W65/><G132/><T123/><D123/><RYUUKYOKU ba="0,1" sc="184,15,101,-15,197,15,508,-15" hai0="7,8,13,32,34,36,43,54,58,60" hai2="37,41,46,48,51,85,89,95,100,101,102,129,131" />
</Scene>
<Scene>
<INIT seed="4,1,1,0,5,115" ten="199,86,212,493" oya="0" hai0="53,11,18,59,8,93,104,112,12,127,43,130,25" hai1="117,68,9,110,50,90,4,19,26,85,63,34,81" hai2="57,92,124,131,58,69,37,133,102,96,21,55,109" hai3="89,95,83,51,106,45,3,101,132,0,122,22,5"/><T91/><D104/><U20/><E110/><V114/><F109/><W54/><G122/><T62/><D112/><U105/><E105/><V44/><F114/><W47/><G132/><T135/><D135/><U123/><E123/><V118/><F133/><W27/><G83/><T14/><D130/><U76/><E34/><V78/><F69/><W17/><G5/><T74/><D74/><U48/><E68/><V103/><F103/><W125/><G125/><T75/><D75/><U1/><E63/><V99/><F99/><W49/><G101/><T13/><D43/><U71/><E71/><V80/><F124/><W100/><G100/><T23/><D127/><U94/><REACH who="1" step="1"/><E117/><REACH who="1" ten="199,76,212,493" step="2"/><V98/><F118/><W31/><G106/><T52/><REACH who="0" step="1"/><D53/><REACH who="0" ten="189,76,212,493" step="2"/><U72/><AGARI ba="1,3" hai="1,4,9,19,20,26,48,50,72,76,81,85,90,94" machi="72" ten="20,5200,0" yaku="1,1,2,1,0,1,7,1,53,0" doraHai="115" doraHaiUra="126" who="1" fromWho="1" sc="189,-27,76,85,212,-14,493,-14" />
</Scene>
<Scene>
<INIT seed="5,0,0,4,4,64" ten="162,161,198,479" oya="1" hai0="102,43,132,1,89,23,65,59,30,16,2,90,22" hai1="81,93,9,80,31,117,5,10,68,24,111,67,28" hai2="45,126,120,92,8,15,82,125,100,108,114,56,57" hai3="69,74,127,17,97,130,51,35,87,44,25,128,109"/><U0/><E117/><V88/><F108/><W95/><G109/><T37/><D132/><U4/><E111/><V11/><F120/><W72/><G127/><N who="2" m="48649" /><F114/><W58/><G87/><T101/><D43/><U52/><E93/><V104/><F45/><W133/><G133/><T83/><D59/><N who="2" m="22602" /><F82/><W13/><G58/><T14/><D37/><U40/><E40/><V20/><F100/><N who="0" m="38506" /><D65/><U54/><E67/><V85/><F104/><W129/><G35/><T105/><D1/><U66/><E66/><V113/><F113/><W42/><G25/><N who="0" m="16703" /><D2/><U78/><E0/><V106/><F106/><W131/><G131/><T18/><D105/><U3/><E3/><V112/><F112/><W70/><G72/><T29/><D29/><U36/><E24/><V77/><F77/><W61/><G74/><T50/><D50/><U38/><E78/><V124/><N who="2" m="48657" /><V86/><DORA hai="73" /><F86/><W62/><G61/><T121/><D121/><U99/><REACH who="1" step="1"/><E68/><REACH who="1" ten="162,151,198,479" step="2"/><V84/><F92/><W7/><G95/><T115/><D115/><U46/><E46/><V47/><F47/><W98/><G44/><T19/><D83/><U41/><E41/><V79/><F79/><W12/><G42/><T123/><D123/><U96/><AGARI ba="0,1" hai="4,5,9,10,28,31,36,38,52,54,80,81,96,99" machi="96" ten="25,18000,2" yaku="1,1,0,1,22,2,54,1,53,2" doraHai="64,73" doraHaiUra="122,49" who="1" fromWho="1" sc="162,-60,151,190,198,-60,479,-60" />
</Scene>
<Scene>
<INIT seed="5,1,0,5,4,15" ten="102,341,138,419" oya="1" hai0="52,10,82,119,124,8,36,113,116,6,93,86,51" hai1="66,12,33,28,17,11,104,107,20,31,89,69,126" hai2="79,135,78,60,122,47,83,58,45,92,27,16,123" hai3="81,76,5,74,55,97,44,94,134,50,108,43,25"/><U19/><E126/><V132/><F92/><W73/><G108/><T84/><D36/><U101/><E33/><V14/><F27/><W111/><G111/><T4/><D113/><U24/><E89/><V96/><F96/><W9/><G134/><N who="2" m="51241" /><F47/><W48/><G25/><T129/><D129/><U131/><E131/><V106/><F106/><W2/><G74/><T57/><D124/><U70/><E101/><V49/><F58/><W67/><G67/><T63/><D119/><U75/><E75/><N who="2" m="43487" /><F60/><W125/><G125/><T114/><D114/><U23/><E66/><V115/><F79/><W103/><REACH who="3" step="1"/><G55/><REACH who="3" ten="102,341,138,409" step="2"/><T133/><D116/><U7/><E31/><V117/><F117/><W59/><G59/><T112/><D133/><U34/><E70/><V95/><F115/><W40/><G40/><T110/><D112/><U100/><E69/><V41/><F122/><W38/><AGARI ba="1,1" hai="2,5,9,38,43,44,48,50,73,76,81,94,97,103" machi="38" ten="20,8000,1" yaku="1,1,0,1,7,1,25,2,53,0" doraHai="15" doraHaiUra="21" who="3" fromWho="3" sc="102,-21,341,-41,138,-21,409,93" />
</Scene>
<Scene>
<INIT seed="6,0,0,2,3,124" ten="81,300,117,502" oya="2" hai0="71,13,88,112,14,0,4,72,38,101,129,82,6" hai1="133,94,120,59,67,106,75,36,3,87,118,76,123" hai2="128,21,32,25,113,61,114,65,79,9,132,5,11" hai3="134,62,83,117,40,110,81,12,42,126,8,86,95"/><V80/><F32/><W92/><G110/><T19/><D71/><U20/><E106/><V27/><F132/><W121/><G121/><T29/><D38/><U90/><E36/><V37/><F37/><W17/><G117/><T34/><D72/><U45/><E3/><V98/><F98/><W135/><G126/><T23/><D101/><U89/><E118/><V41/><F41/><W55/><G83/><T53/><D53/><U96/><E45/><V93/><F93/><N who="3" m="35915" /><G135/><T74/><D74/><U39/><E39/><V115/><F128/><W60/><G134/><T43/><D43/><U18/><E75/><N who="2" m="43135" /><F5/><W66/><G66/><T99/><D99/><U102/><E76/><V73/><F73/><W15/><G12/><T1/><D88/><U54/><E67/><V50/><F50/><W7/><G7/><N who="0" m="2603" /><D82/><N who="1" m="49399" /><E133/><V30/><F27/><W10/><G10/><N who="0" m="6583" /><D129/><U28/><E102/><V64/><F64/><W127/><G127/><T85/><D85/><U108/><E120/><V69/><AGARI ba="0,0" hai="9,11,21,25,30,61,65,69,113,114,115" m="43135" machi="69" ten="30,1500,0" yaku="15,1" doraHai="124" who="2" fromWho="2" sc="81,-5,300,-5,117,15,502,-5" />
</Scene>
<Scene>
<INIT seed="6,1,0,3,1,80" ten="76,295,132,497" oya="2" hai0="6,74,55,128,99,37,52,25,53,70,135,27,32" hai1="46,1,105,115,117,76,63,111,88,113,60,65,56" hai2="45,120,106,89,78,126,130,30,131,107,124,112,116" hai3="134,91,24,8,43,103,50,97,3,47,4,41,118"/><V127/><F116/><W98/><G118/><T33/><D74/><U69/><E69/><V104/><BYE who="1" /><F30/><UN n1="%E5%A4%AA%E3%81%8F%E3%81%AA%E3%81%84%E3%81%8A" /><W121/><G121/><T23/><D6/><U17/><E111/><V73/><F45/><W96/><G134/><T84/><D70/><U67/><E105/><V114/><F120/><W31/><G91/><T87/><D99/><U26/><E1/><V40/><F40/><W11/><G11/><T133/><D37/><U44/><E76/><V14/><F14/><W72/><G72/><T68/><D68/><N who="1" m="42023" /><E117/><V86/><F78/><W15/><G43/><T129/><D55/><U100/><E100/><V49/><F49/><W18/><G103/><T81/><D81/><U90/><E17/><V108/><F73/><W82/><G82/><T64/><D64/><U19/><E19/><V125/><F108/><W0/><G0/><T66/><D66/><U36/><E26/><V12/><F12/><W28/><G3/><T2/><D2/><U13/><E13/><V59/><F59/><W77/><G77/><T71/><D71/><U42/><E46/><V54/><F54/><W132/><G132/><T119/><D119/><U38/><E38/><V101/><F101/><W39/><G39/><T85/><D85/><U95/><E36/><V5/><F5/><W102/><G102/><T123/><D123/><U94/><E42/><V79/><F79/><W35/><G35/><T7/><D7/><U58/><E58/><V109/><F109/><W61/><G61/><T83/><D83/><U34/><E44/><V16/><F126/><W20/><AGARI ba="1,0" hai="4,8,15,18,20,24,28,31,41,47,50,96,97,98" machi="20" ten="30,2000,0" yaku="0,1,8,1" doraHai="80" who="3" fromWho="3" sc="76,-6,295,-6,132,-11,497,23" />
</Scene>
<Scene>
<INIT seed="7,0,0,3,2,22" ten="70,289,121,520" oya="3" hai0="6,62,130,21,59,106,127,58,77,44,98,80,78" hai1="76,10,4,90,3,38,18,67,125,15,133,122,94" hai2="12,105,123,45,74,39,84,20,87,55,11,93,97" hai3="115,29,5,89,54,14,95,43,128,99,124,70,121"/><W35/><G89/><T57/><D127/><U52/><E52/><V25/><F105/><W30/><G95/><T101/><D130/><U34/><E18/><N who="2" m="12439" /><F39/><W68/><G99/><T86/><D6/><U37/><E90/><N who="2" m="55479" /><F74/><W51/><G54/><T23/><D78/><U85/><E10/><V118/><F118/><W8/><G51/><T102/><D102/><U73/><E67/><V91/><F91/><W56/><G14/><T53/><D44/><U63/><E63/><V96/><F96/><W114/><G56/><T46/><D46/><U61/><E15/><V104/><F104/><W120/><G8/><T126/><D126/><U33/><E133/><V64/><F64/><W2/><G43/><T49/><D49/><U7/><E122/><V28/><F28/><W82/><G82/><T100/><D100/><U88/><E3/><V69/><F69/><W131/><G5/><T26/><REACH who="0" step="1"/><D23/><REACH who="0" ten="60,289,121,520" step="2"/><U109/><E76/><V107/><F123/><W65/><G124/><T111/><D111/><U42/><E109/><V50/><F107/><W36/><G128/><T113/><D113/><U132/><E125/><V1/><F1/><W79/><G131/><T75/><D75/><U16/><E73/><V71/><F45/><W135/><G2/><T9/><D9/><U24/><E4/><V112/><F112/><W103/><G114/><T47/><D47/><U27/><E7/><V41/><F50/><W60/><G115/><T72/><D72/><U116/><E37/><V83/><F11/><W19/><G120/><T17/><AGARI ba="0,1" hai="17,21,26,53,57,58,59,62,77,80,86,98,101,106" machi="17" ten="20,5200,0" yaku="1,1,0,1,7,1,52,1,53,0" doraHai="22" doraHaiUra="40" who="0" fromWho="0" sc="60,62,289,-13,121,-13,520,-26" owari="122,-28.0,276,8.0,108,-39.0,494,59.0" />
</Scene>
</mjloggm>