<mjloggm ver="2.3"><GO type="169" lobby="0"/><UN n0="%E5%89%AF%E5%AF%AE%E9%95%B7" n1="%E3%83%8D%E3%83%BC%E3%83%A0%E3%83%AC%E3%82%B9%EF%BC%97" n2="%E7%81%BC%E3%81%A1%E3%82%83%E3%82%93%E3%81%8D%E3%82%83%E3%82%8F%E3%82%8F" n3="%E5%A4%AA%E3%81%8F%E3%81%AA%E3%81%84%E3%81%8A" dan="16,17,16,18" rate="2062.74,2123.47,2104.15,2250.66" sx="M,M,M,M"/><TAIKYOKU oya="0"/>

<Scene>
<INIT seed="0,0,0,5,2,11" ten="250,250,250,250" oya="0" hai0="125,92,28,106,69,111,108,44,37,68,90,31,81" hai1="20,86,16,55,19,70,99,40,59,127,25,89,124" hai2="26,48,47,102,3,118,116,4,33,34,76,57,73" hai3="110,13,95,2,8,103,113,12,123,5,96,97,77"/><T58/><D106/><U105/><E70/><V60/><F102/><W38/><G113/><T15/><D81/><U6/><E6/><V78/><F3/><W64/><G38/><T24/><D125/><N who="1" m="48203" /><E40/><V133/><F4/><W88/><G110/><N who="0" m="42027" /><D58/><U101/><E19/><V114/><F114/><W10/><G123/><T132/><D132/><U41/><E41/><V0/><F0/><W82/><G64/><T100/><D100/><U36/><E36/><V50/><F133/><W56/><G56/><T17/><D37/><U126/><N who="1" m="48211" /><U67/><DORA hai="62" /><E67/><V129/><F129/><W49/><G49/><T119/><D44/><U122/><E122/><V71/><F71/><N who="0" m="27210" /><D24/><U65/><E65/><V135/><F135/><W79/><G2/><T84/><D119/><N who="2" m="45610" /><F73/><W46/><G46/><T30/><D30/><U51/><E89/><V63/><F63/><W109/><G109/><T80/><D80/><U54/><E54/><N who="2" m="29983" /><F50/><W120/><G120/><T128/><D128/><U104/><E104/><V131/><F131/><W52/><G52/><T115/><D115/><U1/><E1/><V66/><F26/><W22/><G103/><T14/><D14/><U98/><E101/><V53/><F53/><W72/><G13/><T7/><D7/><U21/><E105/><V39/><F39/><W85/><G5/><T112/><D112/><U29/><E29/><V74/><F74/><W93/><G79/><AGARI ba="0,0" hai="33,34,57,60,66,76,78,79" m="29983,45610" machi="79" ten="30,2000,0" yaku="12,1,52,1" doraHai="11,62" who="2" fromWho="3" sc="250,0,250,0,250,20,250,-20" />
</Scene>
<Scene>
<INIT seed="1,0,0,4,0,29" ten="250,250,270,230" oya="1" hai0="83,26,54,16,117,115,74,101,107,132,5,88,2" hai1="43,109,106,55,111,97,129,53,127,1,126,123,110" hai2="75,39,92,23,56,20,95,12,51,100,131,4,50" hai3="91,71,58,84,77,128,134,70,31,81,60,112,9"/><U116/><E116/><V99/><F75/><W63/><G112/><T118/><D115/><U78/><E1/><V102/><F39/><W30/><G134/><T18/><D132/><U124/><E123/><V122/><F122/><W35/><G128/><T119/><D2/><U10/><E129/><V49/><F131/><W69/><G9/><T24/><D5/><U25/><E43/><V61/><F4/><W94/><G60/><T13/><D107/><U57/><E78/><V15/><F61/><W27/><G31/><T121/><D101/><N who="1" m="62767" /><E10/><V19/><F56/><W36/><G36/><T11/><D121/><U65/><E25/><V135/><F135/><W72/><REACH who="3" step="1"/><G70/><REACH who="3" ten="250,250,270,220" step="2"/><T0/><D0/><U3/><E3/><V17/><F51/><W33/><G33/><T80/><D11/><U37/><E37/><V14/><REACH who="2" step="1"/><F14/><REACH who="2" ten="250,250,260,220" step="2"/><W76/><G76/><N who="0" m="44055" /><D13/><U96/><E96/><AGARI ba="0,2" hai="12,15,17,19,20,23,49,50,92,95,96,99,100,102" machi="96" ten="40,8000,1" yaku="1,1,32,3,8,1,53,0" doraHai="29" doraHaiUra="6" who="2" fromWho="1" sc="250,0,250,-80,260,100,220,0" />
</Scene>
<Scene>
<INIT seed="2,0,0,5,1,35" ten="250,170,360,220" oya="2" hai0="18,61,66,68,19,113,92,74,24,32,47,111,123" hai1="115,116,99,5,53,121,100,2,129,98,23,67,28" hai2="134,77,59,97,64,42,88,40,0,75,12,103,36" hai3="127,128,85,79,82,62,52,44,101,57,91,95,81"/><V43/><F0/><W48/><G127/><T114/><D74/><U7/><E115/><V109/><F36/><W86/><G128/><T71/><D123/><U41/><E116/><V90/><F134/><W130/><G130/><T6/><D47/><U56/><E67/><V108/><F75/><W55/><REACH who="3" step="1"/><G101/><REACH who="3" ten="250,170,360,210" step="2"/><T8/><D114/><U93/><E129/><V20/><F77/><W107/><G107/><T94/><D113/><U83/><E121/><V26/><F12/><W131/><G131/><T126/><D126/><U120/><E120/><V16/><F103/><W51/><G51/><T49/><D49/><U21/><E100/><V37/><F37/><W89/><G89/><T110/><D110/><N who="2" m="42602" /><F97/><W14/><G14/><T104/><D104/><U96/><E96/><V29/><F29/><W50/><G50/><T46/><D111/><U102/><E99/><V119/><F119/><W105/><G105/><T34/><D71/><U72/><E28/><V122/><F122/><W27/><G27/><T133/><D24/><U10/><E98/><V39/><F39/><W76/><G76/><T118/><D68/><U11/><E102/><V1/><F1/><W135/><G135/><T132/><D118/><U63/><E63/><AGARI ba="0,1" hai="16,20,26,40,42,43,59,63,64,88,90" m="42602" machi="63" ten="30,11600,0" yaku="14,1,10,1,54,2" doraHai="35" who="2" fromWho="1" sc="250,0,170,-116,360,126,210,0" />
</Scene>
<Scene>
<INIT seed="2,1,0,2,1,51" ten="250,54,486,210" oya="2" hai0="85,63,134,89,13,120,126,82,25,96,56,125,90" hai1="99,57,26,129,102,98,74,79,108,19,42,117,66" hai2="38,135,105,75,123,77,133,9,78,127,58,49,110" hai3="45,8,50,24,122,112,1,39,5,69,18,100,17"/><V86/><F123/><W91/><G122/><T34/><D134/><N who="2" m="51210" /><F75/><W84/><G39/><T131/><D131/><U15/><E117/><V11/><F38/><W62/><G112/><T109/><D109/><U118/><E108/><V54/><F110/><W21/><G100/><T40/><D120/><U132/><E118/><V28/><F105/><W87/><G18/><T29/><D40/><U6/><E129/><V115/><F115/><W119/><G119/><T88/><D96/><U80/><E132/><V93/><F127/><N who="0" m="48650" /><D13/><U16/><E42/><V71/><F28/><W53/><REACH who="3" step="1"/><G91/><REACH who="3" ten="250,54,486,200" step="2"/><T20/><D34/><U94/><E99/><V83/><F71/><W43/><G43/><T52/><AGARI ba="1,1" hai="20,25,29,52,56,63,82,85,88,89,90" m="48650" machi="52" ten="30,7900,0" yaku="18,1,52,1,54,2" doraHai="51" who="0" fromWho="0" sc="250,92,54,-21,486,-40,200,-21" />
</Scene>
<Scene>
<INIT seed="3,0,0,4,2,47" ten="342,33,446,179" oya="3" hai0="44,78,9,65,8,72,91,124,110,113,70,80,68" hai1="28,42,86,122,114,135,88,106,55,51,43,103,115" hai2="130,16,116,1,24,118,2,134,10,123,14,60,29" hai3="30,12,5,105,69,58,128,26,129,4,52,112,34"/><W49/><G112/><T81/><D113/><U111/><E122/><V11/><F123/><W22/><G69/><T120/><D120/><U45/><E111/><V33/><F130/><N who="3" m="50283" /><G105/><T56/><D110/><U50/><E135/><V99/><F134/><W96/><G96/><T35/><D35/><U36/><E28/><V87/><F87/><W95/><G95/><T32/><D32/><U85/><E85/><V0/><F60/><W126/><G126/><T100/><D100/><U82/><E36/><V133/><F99/><W79/><G79/><T19/><D124/><U6/><E6/><V73/><F73/><W54/><G54/><T48/><D70/><U7/><E7/><V102/><F102/><W117/><G117/><N who="2" m="45161" /><F133/><W101/><G101/><T53/><D68/><U108/><E108/><V15/><F15/><W61/><G61/><N who="0" m="38055" /><D72/><U38/><E38/><V31/><F31/><W119/><G119/><T3/><D3/><U77/><E77/><V131/><F131/><W64/><G64/><T66/><D66/><U17/><E43/><V63/><F63/><W41/><G41/><T25/><D91/><U37/><E37/><V107/><F107/><W62/><G62/><T13/><D78/><U97/><REACH who="1" step="1"/><E17/><AGARI ba="0,0" hai="4,5,12,17,22,26,30,34,49,52,58" m="50283" machi="17" ten="30,5800,0" yaku="19,1,52,1,54,1" doraHai="47" who="3" fromWho="1" sc="342,0,33,-58,446,0,179,58" owari="342,14.0,-25,-53.0,446,55.0,237,-16.0" />
</Scene>
</mjloggm>