<mjloggm ver="2.3"><GO type="169" lobby="0"/><UN n0="%4B%E3%80%82" n1="%E5%A4%AA%E3%81%8F%E3%81%AA%E3%81%84%E3%81%8A" n2="%EF%BC%88%EF%BC%8D%EF%BD%97%EF%BC%8D%EF%BC%89" n3="%E3%82%A8%E3%82%B9%E3%83%86%E3%83%BC" dan="16,18,16,17" rate="2094.13,2170.64,2103.66,2183.59" sx="M,M,M,F"/><TAIKYOKU oya="0"/>

<Scene>
<INIT seed="0,0,0,4,5,8" ten="250,250,250,250" oya="0" hai0="90,116,95,130,39,30,101,59,124,131,123,121,65" hai1="55,46,9,63,19,78,60,99,89,84,57,107,36" hai2="26,85,79,12,106,43,54,109,16,17,103,92,48" hai3="108,68,53,52,118,11,13,41,111,114,119,104,102"/><T18/><D39/><U58/><E78/><V31/><F109/><N who="3" m="42059" /><G114/><T7/><D30/><U71/><E71/><V20/><F43/><W129/><G129/><N who="0" m="49163" /><D7/><U100/><E36/><V32/><F106/><W27/><G68/><T69/><D69/><U42/><E42/><V21/><F103/><W0/><G0/><T125/><D18/><U51/><E63/><V94/><F85/><W133/><G133/><T62/><D116/><N who="3" m="44585" /><G27/><T2/><D2/><U28/><E28/><V38/><F79/><W40/><G40/><T1/><D101/><U97/><E97/><V134/><F38/><W86/><G86/><N who="0" m="52695" /><D1/><U15/><REACH who="1" step="1"/><E60/><REACH who="1" ten="250,240,250,250" step="2"/><V33/><F134/><W66/><G41/><T76/><D76/><U44/><E44/><V82/><F32/><W35/><G35/><T127/><AGARI ba="0,1" hai="59,62,65,121,123,124,125,127" m="52695,49163" machi="127" ten="40,3900,0" yaku="18,1,19,1" doraHai="8" who="0" fromWho="0" sc="250,49,240,-13,250,-13,250,-13" />
</Scene>
<Scene>
<INIT seed="0,1,0,4,5,68" ten="299,227,237,237" oya="0" hai0="92,76,73,34,98,127,129,130,13,116,43,26,45" hai1="14,65,105,84,41,119,79,54,58,27,112,115,89" hai2="37,72,63,29,3,6,49,122,8,77,99,50,121" hai3="36,11,91,51,18,64,2,61,47,120,53,71,109"/><T25/><D116/><U62/><E119/><V12/><F29/><W69/><G109/><T55/><D127/><U118/><E118/><V103/><F63/><W124/><G124/><T5/><D55/><U17/><E105/><V74/><F12/><W110/><G110/><T16/><D5/><U87/><E27/><V131/><F131/><N who="0" m="50186" /><D34/><U90/><E41/><V94/><F37/><W38/><G120/><T88/><D76/><U102/><E102/><V59/><F77/><W104/><G104/><T7/><D7/><U39/><E54/><V57/><F50/><W40/><G91/><T133/><D73/><U114/><E79/><V108/><F108/><W56/><G18/><T42/><D133/><U15/><E39/><N who="3" m="14890" /><G11/><N who="0" m="6207" /><D43/><U44/><E17/><V86/><F121/><W21/><G21/><T96/><D96/><U20/><E20/><V123/><F99/><W23/><G23/><T35/><D35/><U81/><REACH who="1" step="1"/><E44/><REACH who="1" ten="299,217,237,237" step="2"/><V106/><F122/><W85/><G85/><T52/><D42/><U4/><E4/><V78/><F6/><W46/><G2/><T67/><D67/><U95/><AGARI ba="1,1" hai="14,15,58,62,65,81,84,87,89,90,95,112,114,115" machi="95" ten="30,4000,0" yaku="1,1,0,1,11,1,53,0" doraHai="68" doraHaiUra="125" who="1" fromWho="1" sc="299,-21,217,53,237,-11,237,-11" />
</Scene>
<Scene>
<INIT seed="1,0,0,0,1,57" ten="278,270,226,226" oya="1" hai0="71,61,4,44,78,120,8,134,10,60,75,38,16" hai1="36,34,64,21,125,77,35,47,115,45,107,12,127" hai2="9,91,112,5,53,109,84,40,87,92,52,7,29" hai3="17,104,66,113,93,22,89,69,24,49,42,11,119"/><U2/><E2/><V117/><F109/><W135/><G113/><T68/><D134/><U114/><E107/><V27/><F117/><W83/><G135/><T86/><D86/><U76/><E64/><V80/><F40/><W6/><G104/><T74/><D120/><U96/><E96/><V31/><F112/><N who="1" m="43049" /><E21/><N who="2" m="15599" /><F31/><W14/><G119/><T101/><D101/><U73/><E12/><N who="2" m="5167" /><F7/><W58/><G83/><N who="0" m="45527" /><D75/><U55/><E36/><V20/><F20/><W130/><G69/><N who="0" m="26699" /><D10/><U43/><E73/><V18/><F18/><W128/><G42/><N who="0" m="22615" /><D16/><U108/><E43/><V51/><F51/><W129/><G49/><T33/><D33/><N who="1" m="12299" /><E108/><V48/><F48/><W39/><G39/><T106/><D106/><U25/><E25/><V103/><F103/><W72/><G72/><T118/><D118/><U90/><E45/><V97/><F97/><W32/><G32/><T79/><D79/><AGARI ba="0,0" hai="52,53,79,80,84,87,91,92" m="5167,15599" machi="79" ten="30,2000,0" yaku="8,1,54,1" doraHai="57" who="2" fromWho="0" sc="278,-20,270,0,226,20,226,0" />
</Scene>
<Scene>
<INIT seed="2,0,0,4,3,30" ten="258,270,246,226" oya="2" hai0="63,124,108,89,40,129,10,102,25,4,104,72,33" hai1="1,90,110,99,56,81,77,34,26,121,118,37,39" hai2="27,95,44,62,19,114,75,68,7,52,122,127,74" hai3="101,55,132,28,106,111,47,126,43,38,69,107,112"/><V60/><F122/><W9/><G111/><T5/><D72/><U11/><E118/><V113/><F127/><W31/><G132/><T125/><D108/><U103/><E110/><V53/><F7/><W70/><G55/><T83/><D129/><U0/><E90/><V29/><F19/><W84/><G84/><T54/><D40/><U48/><E121/><V15/><F15/><W32/><G126/><T76/><D89/><U14/><E56/><V73/><F95/><W123/><G123/><T79/><D102/><U61/><E61/><V98/><F98/><N who="3" m="61751" /><G28/><N who="0" m="19599" /><D104/><U80/><E99/><V130/><F130/><W50/><G50/><T78/><D83/><U17/><E81/><V22/><F60/><W18/><G107/><T86/><D86/><U133/><E103/><V100/><F100/><W92/><G92/><T59/><D10/><U71/><E11/><V24/><F44/><W2/><G112/><T8/><D8/><U93/><E93/><V117/><F114/><W66/><G66/><T20/><D124/><U91/><E80/><V134/><F113/><W36/><G36/><T42/><D125/><U58/><E39/><V120/><F120/><W49/><G49/><T13/><D42/><U105/><E37/><V94/><F94/><W12/><G2/><T3/><D3/><U16/><E0/><V21/><F53/><W85/><G85/><T87/><D87/><U128/><E1/><V135/><F52/><W96/><G96/><T64/><D54/><U41/><E105/><V115/><F115/><W51/><G51/><T131/><D131/><U57/><E128/><RYUUKYOKU ba="0,0" sc="258,15,270,-15,246,-15,226,15" hai0="4,5,13,20,59,63,64,76,78,79" hai3="9,12,18,31,32,38,43,47,69,70" />
</Scene>
<Scene>
<INIT seed="3,1,0,0,2,113" ten="273,255,231,241" oya="3" hai0="77,12,96,120,76,8,83,73,133,0,38,107,25" hai1="5,10,30,87,31,63,11,62,119,92,47,50,78" hai2="132,116,104,28,40,21,74,49,80,48,69,70,66" hai3="59,41,52,13,4,16,118,95,29,129,110,99,56"/><W26/><G118/><T75/><D120/><U46/><E92/><V32/><F132/><W36/><G129/><T111/><D133/><U71/><E71/><V17/><F40/><W117/><G117/><T54/><D111/><U15/><E119/><V51/><F104/><W88/><G110/><T82/><D38/><U108/><E108/><V121/><F121/><W85/><G4/><T68/><D68/><U20/><E11/><V22/><F116/><W2/><G2/><T90/><D54/><U101/><E101/><V79/><F32/><W103/><G36/><T24/><D0/><U100/><E100/><V6/><F6/><W19/><G41/><T93/><REACH who="0" step="1"/><D107/><REACH who="0" ten="263,255,231,241" step="2"/><U1/><E1/><V44/><F69/><W34/><G52/><T61/><D61/><U64/><E62/><V33/><F70/><W18/><REACH who="3" step="1"/><G13/><REACH who="3" ten="263,255,231,231" step="2"/><T45/><D45/><U57/><E47/><V55/><F44/><W112/><G112/><T102/><D102/><U115/><E115/><V109/><F55/><W135/><G135/><T128/><D128/><U91/><E46/><V43/><F109/><W23/><G23/><T106/><D106/><AGARI ba="1,2" hai="16,18,19,26,29,34,56,59,85,88,95,99,103,106" machi="106" ten="40,12000,1" yaku="1,1,54,2,53,1" doraHai="113" doraHaiUra="98" who="3" fromWho="0" sc="263,-123,255,0,231,0,231,143" />
</Scene>
<Scene>
<INIT seed="3,2,0,5,4,95" ten="140,255,231,374" oya="3" hai0="127,15,89,53,33,13,5,62,51,43,2,29,128" hai1="61,82,113,121,10,116,115,105,26,86,100,20,3" hai2="21,102,83,50,129,27,72,106,109,40,67,90,42" hai3="1,38,60,130,125,108,70,18,91,79,30,112,135"/><W49/><G49/><T85/><D128/><U117/><E121/><V124/><F129/><W22/><G91/><T8/><D127/><U65/><E3/><V56/><F124/><W133/><G79/><T77/><D77/><N who="1" m="46415" /><E10/><V101/><F109/><W12/><G38/><T34/><D43/><U59/><E105/><V68/><F68/><W23/><G130/><T80/><D62/><U32/><E32/><V118/><F118/><N who="1" m="45673" /><E100/><V114/><F114/><W55/><G112/><T48/><D48/><U47/><E47/><V6/><F6/><W94/><G125/><T74/><D74/><U37/><E37/><V36/><F36/><W92/><G108/><T4/><D33/><U96/><E96/><V98/><F102/><W134/><G1/><T46/><D2/><U24/><E24/><V131/><F131/><W63/><G70/><T99/><D99/><U64/><E65/><V122/><F122/><W16/><G30/><AGARI ba="2,0" hai="20,26,30,59,61,64,113,115" m="45673,46415" machi="30" ten="30,1000,0" yaku="12,1" doraHai="95" who="1" fromWho="3" sc="140,0,255,16,231,0,374,-16" />
</Scene>
<Scene>
<INIT seed="4,0,0,3,0,124" ten="140,271,231,358" oya="0" hai0="103,105,79,18,22,12,14,16,90,87,93,68,135" hai1="122,11,89,6,47,54,17,97,99,26,126,80,91" hai2="53,49,102,92,62,123,66,73,82,96,100,23,50" hai3="112,44,114,32,63,95,24,25,109,128,46,120,45"/><T28/><D135/><U5/><E122/><V94/><F123/><W111/><G120/><T20/><D68/><U37/><E126/><V33/><F33/><W34/><G95/><T29/><REACH who="0" step="1"/><D79/><REACH who="0" ten="130,271,231,358" step="2"/><U118/><E118/><V9/><F73/><W125/><G125/><T119/><D119/><U3/><E37/><V110/><F110/><W40/><G109/><T10/><D10/><U61/><E11/><V7/><F9/><W1/><G111/><T41/><D41/><U101/><E3/><V70/><F70/><W86/><G40/><T35/><D35/><U15/><E5/><V72/><F7/><W71/><G32/><T130/><D130/><U4/><E6/><V131/><F131/><W115/><G128/><T21/><D21/><U19/><E4/><V78/><F23/><W69/><G1/><T98/><AGARI ba="0,1" hai="12,14,16,18,20,22,28,29,87,90,93,98,103,105" machi="98" ten="30,11700,0" yaku="1,1,0,1,9,1,54,1,53,0" doraHai="124" doraHaiUra="104" who="0" fromWho="0" sc="130,127,271,-39,231,-39,358,-39" />
</Scene>
<Scene>
<INIT seed="4,1,0,1,3,12" ten="257,232,192,319" oya="0" hai0="39,110,14,129,26,3,48,94,77,80,31,84,0" hai1="88,52,87,36,2,54,71,99,55,108,74,42,122" hai2="46,43,109,98,89,113,68,75,76,81,50,72,4" hai3="91,126,123,34,30,41,128,28,118,119,1,104,112"/><T93/><D39/><U102/><E108/><V53/><F109/><W16/><G91/><T135/><D110/><U8/><E122/><V83/><F113/><W63/><G63/><T32/><D135/><U120/><E120/><V95/><F68/><W18/><G41/><T5/><D129/><U127/><E74/><V69/><F69/><W11/><G104/><T15/><D15/><U65/><E127/><V85/><F4/><N who="3" m="1423" /><G123/><T61/><D61/><U114/><E114/><V62/><F62/><W90/><G90/><T49/><D0/><U44/><E71/><V73/><REACH who="2" step="1"/><F43/><REACH who="2" ten="257,232,182,319" step="2"/><W60/><G60/><T115/><D115/><U78/><E65/><V19/><F19/><N who="3" m="7211" /><G112/><T33/><D5/><U101/><E2/><V20/><F20/><W38/><G128/><T116/><D3/><U24/><E8/><V59/><F59/><W96/><G118/><T13/><D116/><U22/><E22/><V21/><F21/><W131/><G119/><T117/><D117/><U29/><E42/><V23/><F23/><W86/><G131/><T57/><D57/><U111/><E111/><V37/><F37/><W17/><G38/><T92/><D33/><U7/><E7/><V67/><F67/><W125/><G34/><T40/><D40/><U106/><E36/><V70/><F70/><W124/><G17/><T27/><D26/><U51/><E24/><V97/><F97/><W35/><G35/><T64/><D64/><U132/><E99/><V103/><AGARI ba="1,1" hai="46,50,53,72,73,75,76,81,83,85,89,95,98,103" machi="103" ten="20,5200,0" yaku="1,1,0,1,7,1,53,1" doraHai="12" doraHaiUra="45" who="2" fromWho="2" sc="257,-27,232,-14,182,65,319,-14" />
</Scene>
<Scene>
<INIT seed="5,0,0,3,4,134" ten="230,218,247,305" oya="1" hai0="43,62,94,118,35,17,112,70,73,127,42,99,66" hai1="86,107,100,75,65,109,18,0,93,130,16,69,40" hai2="59,19,27,71,121,56,7,9,8,53,49,58,106" hai3="44,111,81,52,21,129,83,50,46,33,77,114,128"/><U28/><E75/><V5/><F71/><W38/><G33/><T82/><D118/><U61/><E0/><V57/><F106/><W113/><G111/><T103/><D35/><U10/><E109/><V60/><F121/><W15/><G15/><T126/><D112/><N who="3" m="43113" /><G21/><T72/><D17/><U119/><E119/><V6/><REACH who="2" step="1"/><F60/><REACH who="2" ten="230,218,237,305" step="2"/><W115/><G115/><T23/><D70/><U90/><E130/><V20/><AGARI ba="0,1" hai="5,6,7,8,9,19,20,27,49,53,56,57,58,59" machi="20" ten="40,8000,1" yaku="1,1,2,1,0,1,8,1,53,0" doraHai="134" doraHaiUra="91" who="2" fromWho="2" sc="230,-20,218,-40,237,90,305,-20" />
</Scene>
<Scene>
<INIT seed="6,0,0,0,2,54" ten="210,178,327,285" oya="2" hai0="43,125,46,27,72,89,94,53,31,109,44,55,49" hai1="90,13,98,59,18,130,66,116,28,40,124,15,37" hai2="24,106,97,17,107,52,11,115,121,65,69,61,75" hai3="112,64,4,83,76,118,135,81,120,58,63,2,117"/><V88/><F121/><W33/><G33/><T26/><D109/><U50/><E116/><V62/><F75/><W56/><G120/><T105/><D105/><U74/><E74/><V48/><F115/><W47/><G112/><T73/><D125/><U41/><E37/><V104/><F62/><W128/><G128/><T29/><D73/><U85/><E130/><V22/><F11/><W114/><G114/><T99/><D72/><U123/><E123/><V96/><REACH who="2" step="1"/><F88/><REACH who="2" ten="210,178,317,285" step="2"/><W80/><G63/><T34/><D46/><AGARI ba="0,1" hai="17,22,24,46,48,52,61,65,69,96,97,104,106,107" machi="46" ten="40,7700,0" yaku="1,1,2,1,54,1,53,0" doraHai="54" doraHaiUra="30" who="2" fromWho="0" sc="210,-77,178,0,317,87,285,0" />
</Scene>
<Scene>
<INIT seed="6,1,0,5,4,64" ten="133,178,404,285" oya="2" hai0="18,72,0,77,78,95,100,91,130,47,58,35,20" hai1="128,119,36,132,109,102,32,46,49,117,98,81,51" hai2="2,135,57,93,97,115,26,101,24,88,66,74,85" hai3="14,103,129,122,131,25,126,124,87,27,3,21,37"/><V31/><F2/><W96/><G37/><T7/><D35/><U65/><E32/><V92/><F135/><W121/><G87/><T48/><D130/><N who="3" m="49673" /><G103/><T107/><D0/><U33/><E128/><V76/><F115/><W61/><G61/><T83/><D7/><U114/><E33/><V30/><F74/><W34/><G96/><T44/><D78/><U23/><E98/><V28/><F76/><W120/><G3/><T16/><D18/><U22/><E102/><V43/><F43/><W90/><G90/><T53/><D107/><U123/><E36/><V17/><F17/><N who="3" m="10423" /><G34/><T59/><D100/><U54/><E132/><V45/><F45/><W4/><G4/><T11/><D11/><U82/><E46/><V71/><F71/><W5/><G5/><T38/><D38/><U55/><E114/><V42/><F42/><W70/><G70/><T89/><D89/><U105/><E105/><V86/><F85/><W6/><G6/><T118/><D118/><U13/><E117/><V15/><F66/><W104/><G104/><T1/><D1/><U62/><E119/><V52/><F15/><W68/><G68/><T94/><D47/><U39/><E39/><V99/><F99/><W73/><G73/><T106/><D106/><U19/><E13/><V116/><F116/><W84/><G84/><N who="0" m="52583" /><D95/><U29/><E19/><V133/><F133/><W67/><G67/><T56/><D44/><U112/><E65/><V40/><F40/><W80/><G80/><T111/><D111/><U110/><E109/><V12/><F12/><AGARI ba="1,0" hai="12,16,20,48,53,56,58,59,72,77,83" m="52583" machi="12" ten="30,2000,0" yaku="25,1,54,1" doraHai="64" who="0" fromWho="2" sc="133,23,178,0,404,-23,285,0" />
</Scene>
<Scene>
<INIT seed="7,0,0,2,1,47" ten="156,178,381,285" oya="3" hai0="43,116,30,78,95,15,44,120,59,33,76,24,75" hai1="107,126,83,103,113,121,1,17,74,88,60,128,41" hai2="27,104,101,115,38,82,45,16,20,49,71,9,127" hai3="70,18,132,52,133,97,25,112,29,42,6,110,87"/><W91/><G112/><T98/><D116/><U68/><E121/><V108/><F71/><W31/><G70/><T79/><D120/><U69/><E1/><V84/><F38/><W48/><G42/><T123/><D123/><U125/><E113/><V135/><F115/><W2/><G97/><T46/><D75/><U61/><E41/><V0/><F108/><W62/><G62/><N who="1" m="24170" /><E128/><V73/><F73/><W102/><G102/><T130/><D130/><U64/><E64/><V124/><F101/><W54/><G54/><T114/><D114/><U96/><E17/><V129/><F104/><W85/><G110/><T14/><D59/><U80/><E80/><V131/><F9/><N who="3" m="2263" /><G18/><T117/><D117/><U36/><E36/><V99/><F99/><W39/><G39/><T22/><D33/><U66/><E66/><V111/><F111/><W89/><G89/><T100/><REACH who="0" step="1"/><D46/><REACH who="0" ten="146,178,381,285" step="2"/><U51/><E74/><V21/><F129/><W105/><G132/><T56/><D56/><U5/><E69/><V34/><F131/><W3/><G133/><T58/><D58/><U40/><E68/><V32/><F21/><W4/><G29/><T65/><D65/><U19/><E19/><V63/><F135/><W106/><G31/><T119/><D119/><U118/><E118/><V7/><F84/><W94/><G87/><T122/><D122/><U93/><E5/><V67/><F7/><W8/><G85/><T28/><D28/><U50/><E83/><V86/><F82/><W35/><G35/><T81/><D81/><U12/><E125/><N who="2" m="48203" /><F86/><N who="3" m="52599" /><G4/><T92/><D92/><U37/><E93/><RYUUKYOKU ba="0,1" sc="146,30,178,-10,381,-10,285,-10" hai0="14,15,22,24,30,43,44,76,78,79,95,98,100" owari="176,-22.0,168,-33.0,381,47.0,275,8.0" />
</Scene>
</mjloggm>