<mjloggm ver="2.3"><GO type="169" lobby="0"/><UN n0="%E3%83%94%E3%83%A7%E3%83%B3%E5%90%89" n1="%6E%69%63%6B%2E" n2="%E6%9C%80%E5%BC%B7%E3%83%9A%E3%83%81%E3%83%A7%E3%83%BC%E3%83%AA%E3%83%B3" n3="%E5%A4%AA%E3%81%8F%E3%81%AA%E3%81%84%E3%81%8A" dan="17,16,17,18" rate="2163.91,2044.71,2192.99,2176.16" sx="F,M,M,M"/><TAIKYOKU oya="0"/>

<Scene>
<INIT seed="0,0,0,0,1,49" ten="250,250,250,250" oya="0" hai0="28,103,36,120,102,20,27,121,3,67,76,23,72" hai1="111,83,129,101,40,126,109,12,0,88,118,24,84" hai2="108,106,52,6,91,48,132,1,77,115,133,56,94" hai3="104,29,75,14,123,95,71,96,134,107,113,112,99"/><T98/><D36/><U124/><E118/><V10/><F115/><W16/><G71/><T117/><D3/><U82/><E0/><V92/><F106/><W11/><G75/><T47/><D117/><U68/><E68/><V85/><F108/><N who="1" m="41545" /><E101/><V89/><REACH who="2" step="1"/><F77/><REACH who="2" ten="250,250,240,250" step="2"/><W122/><G107/><T54/><D76/><U78/><E78/><V81/><F81/><W37/><G104/><T30/><D120/><U7/><E83/><V35/><F35/><W116/><G116/><T130/><D121/><U34/><E34/><V74/><F74/><W60/><G122/><T97/><D72/><U22/><E126/><V4/><F4/><W90/><G123/><T62/><D30/><U110/><E110/><V44/><F44/><W45/><G29/><T21/><D28/><U63/><E7/><V128/><F128/><W87/><G113/><T50/><D130/><U17/><E129/><V9/><F9/><W38/><G112/><T57/><REACH who="0" step="1"/><D27/><REACH who="0" ten="240,250,240,250" step="2"/><U73/><E24/><V59/><F59/><W19/><G45/><T43/><D43/><U105/><E40/><V8/><F8/><W2/><G11/><T42/><D42/><U15/><E73/><V33/><F33/><W69/><G2/><T131/><D131/><U58/><E124/><V32/><F32/><W119/><G119/><T114/><D114/><U64/><E105/><V25/><F25/><W66/><G37/><T39/><D39/><U125/><E125/><V41/><F41/><W18/><G38/><T26/><D26/><U135/><E15/><V86/><AGARI ba="0,2" hai="1,6,10,48,52,56,85,86,89,91,92,94,132,133" machi="86" ten="30,8000,1" yaku="1,1,0,1,9,1,52,1,54,1,53,0" doraHai="49" doraHaiUra="100" who="2" fromWho="2" sc="240,-40,250,-20,240,100,250,-20" />
</Scene>
<Scene>
<INIT seed="1,0,0,3,4,47" ten="200,230,340,230" oya="1" hai0="66,134,91,6,12,92,24,112,100,85,133,45,129" hai1="54,34,8,53,117,135,25,41,63,67,122,73,81" hai2="94,76,11,97,48,68,30,5,83,0,125,40,38" hai3="2,49,95,16,118,39,62,69,10,50,33,21,3"/><U103/><E117/><V113/><F68/><W32/><G39/><T120/><D112/><U18/><E122/><V59/><F30/><W119/><G95/><T70/><D120/><U36/><E103/><V1/><F125/><W131/><G131/><T23/><D129/><U78/><E135/><V123/><F123/><W14/><G62/><T22/><D66/><U75/><E75/><V37/><F1/><N who="3" m="11" /><G69/><T15/><D70/><U84/><E73/><V86/><F113/><W104/><G104/><T19/><D100/><U65/><E36/><V46/><REACH who="2" step="1"/><F59/><REACH who="2" ten="200,230,330,230" step="2"/><W114/><G114/><T29/><D133/><U115/><E115/><V60/><F60/><W42/><G33/><T74/><D134/><U98/><E63/><V87/><F87/><W109/><G32/><T57/><D57/><U90/><E34/><V108/><F108/><W89/><G109/><T9/><D74/><U130/><E84/><V72/><F72/><W99/><G119/><T110/><D110/><U101/><E130/><V126/><F126/><W96/><G118/><T61/><D61/><U43/><E98/><V55/><F55/><W35/><G35/><T27/><D45/><U82/><E54/><V124/><F124/><W107/><G96/><T17/><D29/><U106/><E53/><V52/><F52/><W127/><G127/><T44/><D44/><U132/><E132/><V56/><F56/><W116/><G116/><T77/><D77/><U58/><E58/><V88/><AGARI ba="0,1" hai="0,5,11,37,38,40,46,48,76,83,86,88,94,97" machi="88" ten="20,8000,1" yaku="1,1,0,1,7,1,52,1,54,1,53,0" doraHai="47" doraHaiUra="128" who="2" fromWho="2" sc="200,-20,230,-40,330,90,230,-20" />
</Scene>
<Scene>
<INIT seed="2,0,0,1,3,78" ten="180,190,420,210" oya="2" hai0="71,44,40,57,13,50,73,31,55,35,28,111,8" hai1="134,93,56,109,27,80,130,34,38,126,51,120,2" hai2="54,37,7,96,15,79,18,74,48,61,114,10,116" hai3="6,46,14,124,45,65,25,9,66,112,21,62,3"/><V110/><F37/><W106/><G106/><T23/><D111/><U108/><E93/><V12/><F114/><W33/><G112/><T5/><D35/><U103/><E103/><V132/><F116/><W119/><G119/><T117/><D117/><U26/><E56/><V88/><F132/><W104/><G104/><T94/><D73/><U122/><E51/><V19/><F61/><W90/><G124/><T118/><D71/><U58/><E58/><V135/><F135/><W89/><G3/><T113/><D113/><U49/><E49/><V20/><F110/><W17/><G33/><T131/><D131/><U81/><E130/><V4/><F79/><W22/><G22/><T60/><D118/><U121/><E134/><V63/><F63/><W53/><G53/><T123/><D123/><U82/><E38/><V41/><F41/><W47/><REACH who="3" step="1"/><G66/><REACH who="3" ten="180,190,420,200" step="2"/><T87/><D23/><U24/><E2/><V83/><F54/><W11/><G11/><T67/><D67/><U101/><E34/><V76/><F20/><W105/><G105/><T91/><AGARI ba="0,1" hai="5,8,13,28,31,40,44,50,55,57,60,87,91,94" machi="91" ten="30,2000,0" yaku="0,1,8,1" doraHai="78" who="0" fromWho="0" sc="180,30,190,-5,420,-10,200,-5" />
</Scene>
<Scene>
<INIT seed="3,0,0,4,1,39" ten="210,185,410,195" oya="3" hai0="7,4,47,104,134,6,106,35,64,33,99,56,16" hai1="107,10,80,46,95,125,103,72,70,75,2,32,22" hai2="41,84,122,119,8,23,77,127,38,58,0,14,26" hai3="100,67,68,45,19,135,25,42,78,129,117,81,62"/><W29/><G117/><T24/><D134/><U71/><E107/><V89/><F0/><W9/><G135/><T17/><D47/><U40/><E32/><V43/><F119/><W90/><G129/><T105/><D99/><U124/><E22/><V128/><F127/><N who="1" m="48713" /><E2/><V50/><F38/><W116/><G100/><T55/><D64/><U27/><E27/><V86/><F77/><W109/><G116/><T53/><D24/><U114/><E10/><V93/><F86/><W115/><G115/><T83/><D83/><U111/><E111/><V74/><F74/><N who="1" m="28201" /><E80/><V97/><F84/><W44/><G109/><T98/><D98/><N who="1" m="59871" /><E114/><V66/><F8/><W130/><G78/><T110/><D110/><U57/><E57/><V69/><F14/><W1/><G1/><T51/><REACH who="0" step="1"/><D53/><REACH who="0" ten="200,185,410,195" step="2"/><U79/><E79/><V123/><F26/><W108/><G108/><T101/><D101/><U15/><E15/><V11/><F66/><W36/><G81/><T61/><D61/><U49/><AGARI ba="0,1" hai="40,46,49,70,71" m="59871,28201,48713" machi="49" ten="30,2000,0" yaku="18,1,52,1" doraHai="39" who="1" fromWho="1" sc="200,-5,185,30,410,-5,195,-10" />
</Scene>
<Scene>
<INIT seed="4,0,0,5,5,9" ten="195,215,405,185" oya="0" hai0="125,60,90,67,132,37,135,53,119,126,71,79,101" hai1="38,99,10,64,80,52,118,123,84,49,8,50,65" hai2="42,48,103,34,108,20,122,63,43,66,51,4,5" hai3="14,100,105,89,6,26,70,25,24,76,0,46,69"/><T94/><D101/><U129/><E118/><V62/><F34/><W102/><G0/><T45/><D79/><U55/><E123/><V1/><F108/><W23/><G76/><T56/><D119/><U128/><E38/><V3/><F20/><W127/><G127/><N who="0" m="48651" /><D94/><U78/><E99/><V40/><F103/><W87/><G100/><T44/><D90/><U93/><E93/><V72/><F72/><W91/><G91/><T28/><D28/><U113/><E113/><V111/><F111/><W114/><G114/><T13/><D13/><U31/><E31/><V77/><F77/><W15/><G6/><T124/><D124/><U27/><E27/><V17/><F122/><W18/><G15/><T107/><D107/><U12/><E55/><V47/><F17/><W98/><REACH who="3" step="1"/><G46/><REACH who="3" ten="195,215,405,175" step="2"/><N who="0" m="18027" /><D37/><U19/><E12/><V57/><F3/><W75/><G75/><T54/><D54/><U95/><E52/><V36/><F1/><W131/><G131/><T82/><D82/><AGARI ba="0,1" hai="14,18,23,24,25,26,69,70,82,87,89,98,102,105" machi="82" ten="40,2600,0" yaku="1,1,52,1,53,0" doraHai="9" doraHaiUra="134" who="3" fromWho="0" sc="195,-26,215,0,405,0,175,36" />
</Scene>
<Scene>
<INIT seed="5,0,0,2,1,4" ten="169,215,405,211" oya="1" hai0="14,51,5,125,94,35,135,92,101,99,6,134,100" hai1="64,105,49,37,13,55,79,116,59,109,96,15,53" hai2="128,62,56,91,23,106,111,113,122,82,117,19,3" hai3="31,127,50,114,0,123,18,36,30,93,90,32,126"/><U71/><E116/><V8/><F117/><W48/><G123/><T88/><D35/><U9/><E37/><V21/><F106/><W26/><G36/><T85/><D125/><N who="3" m="47625" /><G0/><T46/><D101/><U76/><E109/><V68/><F82/><W41/><G114/><T17/><D135/><U108/><E108/><V120/><F91/><W20/><G41/><T34/><D34/><U10/><E71/><V83/><F56/><W84/><G31/><T57/><D57/><N who="1" m="32943" /><E64/><V124/><F23/><W129/><G129/><T40/><REACH who="0" step="1"/><D134/><REACH who="0" ten="159,215,405,211" step="2"/><U38/><E105/><V78/><F124/><W132/><G132/><T107/><D107/><U44/><E44/><V33/><F33/><W87/><G87/><T39/><D39/><U86/><E38/><V28/><F120/><W102/><G102/><T24/><D24/><AGARI ba="0,1" hai="18,20,24,26,30,32,48,50,84,90,93" m="47625" machi="24" ten="30,1000,0" yaku="18,1" doraHai="4" who="3" fromWho="0" sc="159,-10,215,0,405,0,211,20" />
</Scene>
<Scene>
<INIT seed="6,0,0,2,1,45" ten="149,215,405,231" oya="2" hai0="39,88,67,72,109,104,82,35,85,80,95,2,46" hai1="59,102,36,96,115,24,90,8,69,92,122,98,101" hai2="110,118,132,129,94,0,89,74,112,108,91,99,86" hai3="31,18,7,25,131,68,125,9,51,121,48,50,42"/><V20/><F0/><W116/><G121/><T53/><D109/><N who="2" m="42090" /><F20/><N who="3" m="15783" /><G68/><T134/><D134/><U133/><E69/><V52/><F89/><W124/><G116/><T65/><D35/><U15/><E122/><V97/><F97/><W119/><G119/><T100/><D2/><U114/><E133/><V66/><F66/><W23/><G42/><T64/><D72/><U12/><E36/><V32/><F94/><W19/><G23/><T21/><D21/><U1/><E24/><V71/><F86/><W22/><G22/><T30/><D30/><U62/><E1/><V81/><F81/><W130/><G7/><T105/><D39/><U127/><E127/><N who="3" m="48714" /><G9/><T10/><D10/><U78/><E78/><V6/><F99/><W40/><G40/><T63/><D100/><U79/><E79/><V57/><F6/><W13/><G13/><N who="1" m="5194" /><E98/><V55/><F71/><W60/><G60/><T29/><D29/><U56/><E8/><V120/><F32/><W83/><G83/><T58/><REACH who="0" step="1"/><D46/><REACH who="0" ten="139,215,405,231" step="2"/><U76/><E101/><V49/><F74/><W77/><G131/><T54/><D54/><U93/><E102/><V3/><F132/><W117/><G130/><T37/><D37/><U28/><E28/><V5/><F129/><W123/><G117/><T41/><D41/><U61/><E114/><V106/><F112/><W44/><G44/><T34/><D34/><U70/><E115/><V128/><F118/><W113/><G113/><T33/><D33/><U38/><E38/><V11/><F128/><W4/><G123/><T135/><D135/><U26/><E70/><V73/><F120/><RYUUKYOKU ba="0,1" sc="139,30,215,-10,405,-10,231,-10" hai0="53,58,63,64,65,67,80,82,85,88,95,104,105" />
</Scene>
<Scene>
<INIT seed="7,1,1,1,2,7" ten="169,205,395,221" oya="3" hai0="54,92,44,85,100,127,88,18,87,131,64,33,30" hai1="20,86,114,45,12,83,121,76,77,1,43,106,57" hai2="53,5,115,134,55,110,73,3,41,70,22,109,116" hai3="23,118,40,60,122,66,34,48,104,105,13,95,9"/><W98/><G34/><T91/><D127/><U78/><E121/><V72/><F70/><W128/><G122/><T25/><D131/><U50/><E106/><V17/><F41/><W15/><G118/><T10/><D100/><U51/><E114/><V120/><F120/><W69/><G128/><T39/><D64/><U26/><E1/><V96/><F96/><W31/><G40/><T27/><D39/><U103/><E12/><V99/><F99/><W67/><G48/><N who="0" m="28935" /><D33/><U6/><E6/><V2/><F134/><W107/><G67/><T129/><D129/><U4/><E4/><V108/><F3/><W63/><G63/><T117/><D117/><U79/><E103/><V56/><F2/><W89/><G60/><T123/><D123/><U68/><E68/><V37/><F37/><W93/><G66/><T21/><D27/><U65/><E65/><V61/><F61/><W75/><G69/><T38/><D38/><U82/><E82/><V46/><F116/><W11/><G75/><T19/><D10/><U74/><E74/><V28/><F108/><W80/><G9/><T16/><D30/><N who="1" m="17735" /><E78/><V71/><F109/><W130/><G130/><T84/><D84/><U135/><E135/><V52/><F110/><W111/><G111/><T29/><D29/><U113/><E113/><V14/><F115/><W47/><G31/><T32/><D32/><U36/><E36/><V124/><F71/><W42/><G105/><T8/><D8/><U119/><E119/><V126/><F72/><W62/><G104/><T94/><AGARI ba="1,1" hai="16,18,19,21,25,85,87,88,91,92,94" m="28935" machi="94" ten="30,4000,0" yaku="8,1,54,2" doraHai="7" who="0" fromWho="0" sc="169,53,205,-11,395,-11,221,-21" owari="222,2.0,194,-31.0,384,49.0,200,-20.0" />
</Scene>
</mjloggm>