<mjloggm ver="2.3"><GO type="169" lobby="0"/><UN n0="%E2%98%85%74%61%72%75%74%6F%E2%98%85" n1="%30%30%73%61%69" n2="%E3%81%9C%E3%82%8D%E3%82%81%E3%81%90" n3="%E5%A4%AA%E3%81%8F%E3%81%AA%E3%81%84%E3%81%8A" dan="16,16,16,18" rate="2098.59,2083.88,2082.55,2179.05" sx="M,M,F,M"/><TAIKYOKU oya="0"/>

<Scene>
<INIT seed="0,0,0,3,3,118" ten="250,250,250,250" oya="0" hai0="50,70,103,54,3,121,8,28,58,18,116,45,123" hai1="51,94,33,65,82,135,102,10,93,56,11,23,127" hai2="49,40,128,31,2,35,105,86,48,129,72,81,14" hai3="107,5,115,66,98,111,73,64,68,110,87,63,125"/><T89/><BYE who="3" /><D70/><U76/><E33/><V20/><F2/><W90/><G90/><T32/><D116/><U126/><E23/><V120/><F72/><W75/><G75/><T52/><D103/><U15/><E135/><V130/><F105/><W59/><G59/><T92/><D28/><U78/><E102/><V12/><F35/><W4/><G4/><T74/><D74/><U46/><E65/><V61/><F61/><W26/><G26/><T34/><D32/><U99/><E56/><V36/><F36/><W30/><G30/><T16/><D34/><U85/><E78/><V114/><F114/><W96/><G96/><T69/><D69/><U100/><E94/><V108/><F108/><W21/><G21/><T19/><D3/><U133/><E133/><V67/><F67/><W44/><G44/><T7/><D7/><U62/><E62/><V101/><F101/><W25/><G25/><T117/><D117/><U43/><REACH who="1" step="1"/><E11/><REACH who="1" ten="250,240,250,250" step="2"/><V22/><F22/><W112/><G112/><T24/><D8/><U113/><E113/><V91/><F20/><W79/><G79/><T97/><REACH who="0" step="1"/><D24/><REACH who="0" ten="240,240,250,250" step="2"/><U37/><E37/><V131/><F31/><W84/><G84/><T9/><D9/><U109/><E109/><V80/><F131/><W77/><G77/><T1/><D1/><U39/><E39/><V42/><F130/><W71/><G71/><T29/><D29/><U38/><E38/><V95/><F129/><W122/><G122/><T104/><D104/><U27/><E27/><V88/><F128/><W60/><G60/><AGARI ba="0,2" hai="16,18,19,45,50,52,54,58,60,89,92,97,121,123" machi="60" ten="40,18000,2" yaku="1,1,52,2,54,2,53,1" doraHai="118" doraHaiUra="57" who="0" fromWho="3" sc="240,200,240,0,250,0,250,-180" />
</Scene>
<Scene>
<INIT seed="0,1,0,1,1,24" ten="440,240,250,70" oya="0" hai0="3,125,63,42,77,19,44,2,84,133,29,6,75" hai1="98,81,7,14,28,51,116,59,105,10,8,109,93" hai2="21,66,127,9,33,60,79,37,49,0,4,11,38" hai3="86,1,99,31,15,25,39,27,34,23,50,113,91"/><T80/><D133/><U22/><E105/><V78/><F33/><W55/><G55/><T17/><D125/><U16/><E116/><V26/><F127/><W68/><G68/><T57/><D75/><U100/><E109/><V82/><F11/><N who="1" m="4137" /><E81/><V45/><F78/><UN n3="%E5%A4%AA%E3%81%8F%E3%81%AA%E3%81%84%E3%81%8A" /><W70/><G39/><T35/><D6/><U46/><E59/><V106/><F106/><W132/><G1/><T83/><D83/><U47/><E7/><V53/><F60/><W67/><G132/><T123/><D123/><U124/><E124/><V40/><F66/><W129/><G113/><T115/><D115/><U114/><E114/><V73/><REACH who="2" step="1"/><F53/><REACH who="2" ten="440,240,240,70" step="2"/><W41/><G67/><T119/><D63/><U120/><E120/><V102/><F102/><W62/><G62/><T134/><D77/><U135/><E135/><V13/><F13/><W110/><G15/><T48/><D134/><U104/><E104/><V52/><F52/><W76/><G76/><T74/><D3/><U61/><E61/><V64/><F64/><W5/><G34/><T18/><D35/><U126/><E126/><V90/><F90/><W130/><G91/><T97/><D2/><U94/><E100/><V69/><F69/><W107/><G70/><T54/><D54/><U85/><E14/><V118/><F118/><W88/><G107/><T20/><D119/><U56/><E56/><V128/><F128/><W122/><G130/><T112/><D57/><U95/><E47/><V36/><F36/><W117/><G129/><T96/><D112/><U89/><E46/><V103/><F103/><W121/><G117/><T131/><D131/><RYUUKYOKU ba="1,1" sc="440,-10,240,-10,240,30,70,-10" hai2="0,4,9,21,26,37,38,40,45,49,73,79,82" />
</Scene>
<Scene>
<INIT seed="1,2,1,0,2,51" ten="430,230,270,60" oya="1" hai0="70,5,79,89,9,87,46,28,90,81,134,41,53" hai1="22,3,112,125,128,86,68,55,104,116,132,64,119" hai2="10,93,2,0,62,91,16,83,126,120,19,20,113" hai3="60,122,123,118,98,43,29,13,38,115,105,131,99"/><U124/><E3/><V110/><F120/><W78/><G115/><T34/><D70/><U65/><E104/><V59/><F113/><W14/><G131/><T85/><D134/><U42/><E112/><V40/><F110/><W11/><G118/><N who="1" m="45098" /><E132/><V33/><F33/><W36/><G78/><T18/><D34/><U111/><E86/><V67/><F126/><N who="1" m="48745" /><E22/><V102/><F102/><W106/><G60/><T66/><D28/><U63/><E128/><V109/><F109/><W96/><G29/><T127/><D66/><N who="1" m="41055" /><E42/><V21/><F40/><W71/><G43/><T17/><D127/><U1/><E1/><V15/><F2/><W44/><G98/><T114/><D114/><U4/><E4/><V31/><F0/><W6/><G6/><T100/><D41/><U82/><E82/><V35/><F83/><W92/><G92/><N who="0" m="54319" /><D79/><U32/><E32/><V95/><F35/><W7/><G7/><T8/><D100/><U50/><E111/><V52/><F21/><W75/><G75/><T133/><D133/><U97/><E97/><V129/><F129/><W23/><G23/><T135/><D135/><U88/><E88/><V84/><F20/><W101/><G101/><T76/><D76/><U45/><AGARI ba="2,1" hai="45,50,55,64,65" m="41055,48745,45098" machi="45" ten="30,11700,0" yaku="18,1,34,2,52,1" doraHai="51" who="1" fromWho="1" sc="430,-41,230,133,270,-41,60,-41" />
</Scene>
<Scene>
<INIT seed="1,3,0,3,4,79" ten="389,363,229,19" oya="1" hai0="23,124,82,132,41,51,46,18,128,5,121,36,7" hai1="118,61,135,53,4,120,15,68,81,89,114,106,20" hai2="92,105,74,3,56,63,72,40,70,78,102,30,87" hai3="80,122,99,22,52,71,28,116,73,129,9,125,8"/><U11/><E114/><V66/><F3/><W84/><G122/><T131/><D121/><U57/><E106/><V33/><F40/><W60/><G73/><T65/><D132/><U35/><E35/><V130/><F130/><W115/><G115/><T109/><D124/><U17/><E118/><V91/><F56/><N who="3" m="34823" /><G71/><T29/><D109/><U14/><E135/><V86/><F86/><W76/><G129/><N who="0" m="49739" /><D29/><U75/><E68/><V94/><F94/><W24/><G125/><T101/><D65/><U13/><E120/><V133/><F133/><W10/><G116/><T108/><D101/><U98/><E75/><V0/><F0/><W31/><G99/><T117/><D108/><U77/><E77/><V6/><F78/><W123/><G123/><T21/><D36/><U43/><E43/><V95/><F105/><W100/><G100/><T48/><D48/><U90/><E98/><V112/><F112/><W88/><G76/><T26/><D117/><U119/><E119/><V58/><F70/><W67/><G67/><T16/><D82/><U54/><E81/><V39/><F39/><W32/><G32/><T83/><D83/><U110/><E110/><V42/><F33/><W45/><G45/><T134/><D134/><U103/><E103/><V62/><F102/><W44/><G44/><T12/><AGARI ba="3,0" hai="5,7,12,16,18,21,23,26,41,46,51" m="49739" machi="12" ten="30,2000,0" yaku="19,1,54,1" doraHai="79" who="0" fromWho="0" sc="389,29,363,-13,229,-8,19,-8" />
</Scene>
<Scene>
<INIT seed="2,0,0,3,4,71" ten="418,350,221,11" oya="2" hai0="95,23,128,22,12,103,27,82,112,67,130,44,123" hai1="73,85,72,43,83,87,2,61,92,97,81,70,129" hai2="127,47,11,105,76,15,66,107,5,49,106,20,32" hai3="94,88,40,79,18,17,108,7,68,1,62,80,65"/><V116/><F32/><W117/><G117/><T113/><D123/><U89/><E2/><V93/><F116/><W126/><G108/><T75/><D67/><U56/><E43/><V29/><F127/><W64/><G126/><T120/><D120/><U19/><E70/><V131/><F131/><W54/><G65/><T52/><D12/><U109/><E129/><N who="0" m="49769" /><D75/><N who="1" m="28747" /><E19/><V121/><F121/><W38/><G54/><T53/><D82/><N who="1" m="31243" /><E56/><V3/><F66/><W99/><G80/><T134/><D134/><U118/><E61/><V16/><F76/><W41/><G79/><T8/><D8/><U59/><E59/><V36/><F29/><W55/><G55/><N who="0" m="21067" /><D44/><U111/><E118/><V133/><F133/><W9/><REACH who="3" step="1"/><G41/><REACH who="3" ten="418,350,221,1" step="2"/><T39/><D113/><U78/><E78/><V110/><F110/><AGARI ba="0,1" hai="85,87,89,92,97,109,110,111" m="31243,28747" machi="110" ten="30,3900,0" yaku="14,1,34,2" doraHai="71" who="1" fromWho="2" sc="418,0,350,49,221,-39,1,0" />
</Scene>
<Scene>
<INIT seed="3,0,0,3,4,42" ten="418,399,182,1" oya="3" hai0="13,4,21,78,60,54,29,24,107,59,34,123,46" hai1="27,48,120,97,112,85,52,100,121,55,18,44,35" hai2="64,113,99,68,82,76,40,19,2,80,118,106,126" hai3="66,67,41,16,32,31,71,57,38,127,53,124,103"/><W104/><G31/><T72/><D107/><U102/><E112/><V10/><F113/><W125/><G32/><T134/><D123/><U88/><E100/><V83/><F19/><W95/><G104/><T17/><D134/><U62/><E35/><V3/><F82/><W110/><G103/><T65/><D4/><U28/><E18/><V122/><F80/><W111/><G95/><T56/><D72/><U81/><E62/><N who="2" m="39959" /><F118/><W92/><G92/><T25/><D78/><U1/><E1/><N who="2" m="11" /><F10/><W74/><G74/><T37/><D37/><U5/><E5/><V98/><F98/><W73/><G73/><T94/><D94/><U77/><E77/><V96/><F96/><W105/><G105/><T131/><D131/><U90/><E90/><V36/><F83/><W130/><G130/><T114/><D114/><U51/><E97/><V101/><F76/><W133/><G133/><T132/><D132/><U69/><E69/><V23/><F23/><W128/><G128/><T7/><D7/><U43/><E102/><V91/><F91/><W39/><G16/><T47/><D13/><U50/><E120/><V75/><F75/><W58/><G71/><T33/><D33/><U87/><E121/><V63/><F122/><W135/><G135/><T20/><D34/><N who="1" m="20767" /><E87/><V79/><F79/><W70/><G70/><T9/><D9/><U115/><E115/><V8/><F8/><W89/><G89/><T108/><D29/><U11/><E11/><V93/><F106/><W109/><G57/><T12/><D21/><U6/><E6/><V129/><F129/><W61/><G38/><AGARI ba="0,0" hai="38,43,44,48,50,51,52,55,81,85,88" m="20767" machi="38" ten="30,7700,0" yaku="6,1,52,1,54,2" doraHai="42" who="1" fromWho="3" sc="418,0,399,77,182,0,1,-77" owari="418,22.0,476,58.0,182,-22.0,-76,-58.0" />
</Scene>
</mjloggm>