<mjloggm ver="2.3"><GO type="169" lobby="0"/><UN n0="%E5%A4%AA%E3%81%8F%E3%81%AA%E3%81%84%E3%81%8A" n1="%E3%83%8D%E3%83%BC%E3%83%A0%E3%83%AC%E3%82%B9%EF%BC%97" n2="%E3%81%8F%E3%82%89%E3%81%BF%E3%81%98%E3%81%82" n3="%E3%83%AF%E3%83%8B%E3%83%AF%E3%83%8B%E8%94%B5" dan="17,17,16,16" rate="2207.30,2153.12,2155.34,2134.91" sx="M,M,M,M"/><TAIKYOKU oya="0"/>

<Scene>
<INIT seed="0,0,0,2,2,18" ten="250,250,250,250" oya="0" hai0="37,44,85,91,55,8,12,96,20,29,75,2,101" hai1="39,32,60,58,33,82,90,23,119,24,106,121,88" hai2="87,17,113,9,52,59,103,135,74,89,112,67,117" hai3="0,81,43,21,130,40,114,30,13,45,120,16,7"/><T86/><D75/><U6/><E119/><V116/><F74/><W125/><G114/><T107/><D2/><U63/><E121/><V105/><F67/><W46/><G125/><T22/><D29/><U115/><E39/><V42/><F42/><W111/><G111/><T11/><D85/><U69/><E106/><V110/><F110/><W49/><G130/><T47/><D11/><U36/><E36/><V123/><F123/><W27/><G120/><T127/><D127/><U83/><E115/><V108/><F108/><W3/><G81/><T15/><D15/><U51/><E6/><V26/><F135/><W14/><G7/><T10/><D10/><U5/><E5/><V76/><F76/><W48/><G14/><T92/><D47/><U134/><E134/><V41/><F41/><W50/><G49/><N who="0" m="29095" /><D37/><U1/><E1/><V98/><F9/><AGARI ba="0,0" hai="0,3,9,13,16,21,27,30,40,43,45,46,48,50" machi="9" ten="30,7700,0" yaku="7,1,9,1,52,1,54,1" doraHai="18" who="3" fromWho="2" sc="250,0,250,0,250,-77,250,77" />
</Scene>
<Scene>
<INIT seed="1,0,0,2,0,86" ten="250,250,173,327" oya="1" hai0="25,48,30,7,89,126,121,33,15,31,9,97,100" hai1="49,130,108,103,10,117,91,116,122,104,12,3,67" hai2="94,73,129,125,1,118,50,46,124,93,79,69,24" hai3="105,41,110,17,38,5,53,13,61,4,132,77,133"/><U83/><E122/><V135/><F69/><W56/><G105/><T21/><D121/><U23/><E3/><V101/><F118/><W72/><G110/><T26/><D126/><U90/><E108/><V98/><F1/><W114/><G114/><T36/><D36/><U19/><E130/><V106/><F129/><W99/><G99/><T74/><D74/><U68/><E104/><V51/><F135/><W39/><G38/><T87/><D48/><U6/><E103/><V34/><F51/><W52/><G53/><T43/><D43/><U44/><E68/><V134/><F134/><N who="3" m="51819" /><G41/><T113/><D113/><U60/><E116/><V0/><F0/><W18/><G39/><T66/><D66/><U78/><E117/><V29/><F79/><W11/><G5/><T92/><REACH who="0" step="1"/><D87/><REACH who="0" ten="240,250,173,327" step="2"/><N who="1" m="48631" /><E67/><V76/><F73/><W70/><G70/><T81/><D81/><AGARI ba="0,1" hai="4,11,13,17,18,52,56,61,72,77,81" m="51819" machi="81" ten="30,2000,0" yaku="20,1,54,1" doraHai="86" who="3" fromWho="0" sc="240,-20,250,0,173,0,327,30" />
</Scene>
<Scene>
<INIT seed="2,0,0,3,1,20" ten="220,250,173,357" oya="2" hai0="125,68,35,64,95,3,112,46,129,84,93,79,75" hai1="10,5,76,4,38,33,28,2,25,103,24,72,13" hai2="27,61,86,1,17,63,16,55,96,29,58,44,48" hai3="101,133,21,107,135,67,83,106,66,31,11,7,70"/><V50/><F1/><W94/><G83/><T39/><D112/><U104/><E38/><V19/><F96/><W51/><G51/><T37/><D35/><U18/><E76/><V121/><F86/><W65/><G70/><T90/><D3/><U132/><E72/><V108/><F108/><W56/><G56/><T54/><D75/><U110/><E103/><V77/><F77/><W126/><G126/><T127/><D79/><U45/><E104/><V71/><F71/><W41/><G41/><T40/><D129/><U134/><E45/><V34/><REACH who="2" step="1"/><F121/><REACH who="2" ten="220,250,163,357" step="2"/><W12/><G135/><N who="1" m="51754" /><E110/><V43/><AGARI ba="0,1" hai="16,17,19,27,29,34,43,44,48,50,55,58,61,63" machi="43" ten="30,12000,1" yaku="1,1,0,1,52,1,54,1,53,1" doraHai="20" doraHaiUra="23" who="2" fromWho="2" sc="220,-40,250,-40,163,130,357,-40" />
</Scene>
<Scene>
<INIT seed="2,1,0,5,5,66" ten="180,210,293,317" oya="2" hai0="16,61,44,85,123,124,86,89,83,69,58,133,34" hai1="43,17,1,45,26,65,130,14,42,93,82,68,110" hai2="120,5,106,135,112,25,30,87,67,126,2,77,32" hai3="101,114,18,53,122,97,23,134,50,131,7,20,88"/><V105/><F120/><W41/><G122/><T96/><D123/><U113/><E113/><V38/><F112/><W29/><G41/><T108/><D108/><U37/><E1/><V60/><F38/><W98/><G131/><T19/><D34/><U57/><E110/><V84/><F126/><W12/><G7/><T28/><D28/><U95/><E130/><V48/><F135/><W31/><G134/><T125/><D133/><U128/><E128/><V21/><F48/><W74/><G74/><T119/><D119/><U71/><E43/><V92/><F84/><W94/><G23/><T118/><D118/><U107/><E107/><V109/><F109/><W36/><G36/><T49/><D96/><U33/><E82/><V11/><F32/><W81/><G114/><T27/><D85/><U132/><E132/><V6/><F6/><W15/><G12/><T51/><D51/><U103/><E57/><V10/><F10/><W102/><G81/><T121/><D121/><U3/><E3/><V115/><F115/><W4/><G4/><T91/><D91/><U46/><E46/><V52/><F77/><W79/><G79/><T35/><D35/><U22/><E65/><V75/><F75/><W55/><G53/><N who="0" m="29863" /><D27/><U47/><E47/><V104/><F52/><W72/><G72/><T9/><D9/><U39/><E39/><V0/><F0/><W63/><G63/><T111/><D111/><U54/><E54/><V99/><F60/><W24/><G24/><T62/><D62/><U56/><E56/><V127/><F67/><W78/><G78/><T64/><D58/><RYUUKYOKU ba="1,0" sc="180,30,210,-10,293,-10,317,-10" hai0="16,19,61,64,69,83,86,89,124,125" />
</Scene>
<Scene>
<INIT seed="3,2,0,2,5,0" ten="210,200,283,307" oya="3" hai0="29,24,1,79,96,56,31,81,22,42,105,54,93" hai1="119,28,45,86,25,51,109,114,83,13,65,44,12" hai2="116,8,37,123,124,108,122,99,128,43,97,130,6" hai3="110,50,62,64,41,74,91,10,47,15,11,52,112"/><W88/><G112/><T129/><D105/><U82/><E114/><V73/><F116/><W126/><G74/><T121/><D121/><N who="2" m="46090" /><F73/><W102/><G126/><T16/><D42/><U36/><E119/><V131/><F124/><W100/><G110/><T2/><D129/><U90/><E109/><V71/><F71/><W3/><G3/><T98/><D2/><U68/><E36/><V21/><F21/><W27/><G27/><T26/><D1/><U46/><E68/><V80/><F80/><W77/><G77/><T33/><D31/><U53/><E65/><V7/><F108/><W84/><G11/><T34/><D34/><U57/><REACH who="1" step="1"/><E83/><REACH who="1" ten="210,190,283,307" step="2"/><V101/><F99/><W23/><G64/><T78/><D81/><U106/><E106/><N who="2" m="63791" /><F8/><W55/><G10/><T17/><D98/><U115/><E115/><V20/><F20/><AGARI ba="2,1" hai="12,13,20,25,28,44,45,46,51,53,57,82,86,90" machi="20" ten="40,2600,0" yaku="1,1,8,1,53,0" doraHai="0" doraHaiUra="63" who="1" fromWho="2" sc="210,0,190,42,283,-32,307,0" />
</Scene>
<Scene>
<INIT seed="4,0,0,4,1,130" ten="210,232,251,307" oya="0" hai0="5,134,49,25,102,91,55,62,131,20,135,97,133" hai1="99,108,59,93,21,84,95,92,90,12,27,98,120" hai2="4,125,122,58,105,66,81,100,30,37,10,64,69" hai3="19,80,94,29,43,104,114,85,6,54,77,28,121"/><T76/><D131/><U1/><E108/><V109/><F122/><W129/><G104/><N who="0" m="63567" /><D76/><U26/><E1/><V11/><F69/><W111/><G111/><T123/><D123/><U48/><E120/><V113/><F37/><W116/><G116/><T119/><D119/><U126/><E126/><V0/><F109/><W56/><G129/><T65/><D5/><U82/><E12/><V68/><F125/><W2/><G6/><T132/><D91/><U72/><E72/><V70/><F113/><W67/><G114/><T52/><D49/><U89/><E21/><V41/><F41/><W16/><G2/><T32/><D32/><U71/><E71/><V106/><F30/><W22/><G19/><N who="0" m="12447" /><D135/><U60/><E48/><V51/><F81/><W46/><G94/><T23/><D23/><U101/><REACH who="1" step="1"/><E95/><REACH who="1" ten="210,222,251,307" step="2"/><V40/><F105/><W50/><G121/><T61/><D61/><U15/><E15/><V34/><F106/><W107/><G107/><T36/><D36/><U39/><E39/><V31/><F34/><W103/><G22/><T18/><D18/><U14/><E14/><V7/><F31/><W38/><G16/><T44/><D44/><U117/><E117/><V47/><F58/><AGARI ba="0,1" hai="52,55,58,62,65,132,133,134" m="12447,63567" machi="58" ten="30,12000,1" yaku="20,1,52,3,54,1" doraHai="130" who="0" fromWho="2" sc="210,130,222,0,251,-120,307,0" />
</Scene>
<Scene>
<INIT seed="4,1,0,4,1,5" ten="340,222,131,307" oya="0" hai0="81,74,99,4,53,88,91,40,95,55,119,126,104" hai1="129,51,6,65,67,89,39,18,9,105,134,76,121" hai2="118,54,43,41,22,78,96,66,94,52,59,86,108" hai3="11,60,84,36,35,24,44,127,87,28,102,77,8"/><T19/><D119/><U58/><E121/><V32/><F108/><W106/><G127/><T16/><D126/><U93/><E39/><V34/><F118/><W64/><G102/><T68/><D68/><U109/><E109/><V48/><F66/><W130/><G106/><T63/><D104/><U72/><E105/><V80/><F34/><W112/><G112/><T27/><D4/><U61/><E134/><V12/><F32/><W57/><G130/><T26/><D40/><U90/><E129/><V98/><F54/><N who="0" m="20490" /><D74/><U50/><E67/><V2/><F2/><W70/><G70/><T83/><D63/><U23/><E76/><V25/><F12/><W125/><G125/><T47/><D47/><U128/><E72/><V117/><F117/><W30/><G30/><T75/><D75/><U97/><E90/><N who="0" m="34345" /><D95/><U111/><E111/><V14/><F14/><W113/><G113/><T124/><D99/><N who="2" m="37930" /><F94/><W132/><G132/><T38/><D38/><U71/><E71/><V69/><F69/><W49/><G36/><T123/><D123/><U122/><E122/><V10/><F10/><W20/><G35/><T21/><D124/><U133/><E133/><V29/><AGARI ba="1,0" hai="22,25,29,41,43,48,52,59,78,80,86" m="37930" machi="29" ten="30,2000,0" yaku="8,1,54,1" doraHai="5" who="2" fromWho="2" sc="340,-11,222,-6,131,23,307,-6" />
</Scene>
<Scene>
<INIT seed="5,0,0,4,4,104" ten="329,216,154,301" oya="1" hai0="89,34,0,74,70,17,85,106,7,75,57,120,52" hai1="114,42,38,22,84,53,105,49,133,99,48,68,12" hai2="112,77,67,80,110,65,35,50,96,25,58,90,23" hai3="24,33,92,60,108,121,82,31,10,32,129,109,61"/><U101/><E68/><V118/><F110/><W130/><G121/><T59/><D70/><U126/><E114/><V19/><F35/><W27/><G10/><T62/><D106/><U40/><E133/><V76/><F118/><W94/><REACH who="3" step="1"/><G82/><REACH who="3" ten="329,216,154,291" step="2"/><T3/><D120/><U119/><E119/><V44/><F112/><W26/><G26/><T56/><D3/><U116/><E116/><V9/><F9/><W29/><AGARI ba="0,1" hai="24,27,29,31,32,33,60,61,92,94,108,109,129,130" machi="29" ten="25,6400,0" yaku="1,1,0,1,22,2,53,0" doraHai="104" doraHaiUra="71" who="3" fromWho="3" sc="329,-16,216,-32,154,-16,291,74" />
</Scene>
<Scene>
<INIT seed="6,0,0,4,4,65" ten="313,184,138,365" oya="2" hai0="37,107,97,66,16,38,87,115,78,8,98,12,94" hai1="25,124,50,75,114,47,24,108,89,121,73,26,15" hai2="11,106,42,63,104,93,34,39,21,71,82,2,105" hai3="74,48,30,133,109,45,135,126,128,58,110,54,129"/><V125/><F34/><W111/><G74/><T18/><D115/><U40/><E108/><V117/><F117/><W120/><G30/><T57/><D107/><U112/><E124/><V14/><F93/><W116/><G116/><T95/><D78/><U13/><E121/><V3/><F125/><W29/><G29/><T59/><D87/><U130/><E130/><N who="3" m="50282" /><G126/><T9/><D66/><U53/><E89/><V28/><F82/><W32/><G32/><T5/><D12/><N who="1" m="4683" /><E40/><V19/><F42/><N who="3" m="24631" /><G120/><T36/><REACH who="0" step="1"/><D38/><REACH who="0" ten="303,184,138,365" step="2"/><U80/><E73/><V91/><F39/><W85/><G85/><T90/><D90/><U60/><E75/><V44/><F91/><W17/><G17/><T31/><D31/><U35/><E114/><V118/><F118/><W92/><G92/><T77/><D77/><U101/><E112/><V132/><F132/><N who="3" m="50763" /><G111/><T70/><D70/><U100/><E80/><V127/><F127/><W22/><G22/><T64/><D64/><U83/><E83/><V1/><F28/><W84/><G84/><T119/><D119/><U68/><E35/><V6/><F104/><W56/><G110/><T86/><D86/><U123/><E123/><V0/><F105/><W10/><G109/><T23/><D23/><U7/><E101/><V72/><F106/><W43/><G10/><T131/><D131/><U49/><E100/><V55/><F72/><W27/><G27/><T79/><D79/><U20/><E26/><V122/><F122/><W61/><G43/><T76/><D76/><U51/><E24/><V62/><F71/><W113/><G113/><T99/><D99/><RYUUKYOKU ba="0,1" sc="303,10,184,-30,138,10,365,10" hai0="5,8,9,16,18,36,37,57,59,94,95,97,98" hai2="0,1,2,3,6,11,14,19,21,44,55,62,63" hai3="54,56,58,61" />
</Scene>
<Scene>
<INIT seed="6,1,1,1,4,32" ten="313,154,148,375" oya="2" hai0="118,106,36,11,48,51,113,67,47,12,131,133,15" hai1="63,81,40,0,108,82,127,39,66,71,129,21,22" hai2="26,116,55,19,132,80,68,1,13,27,7,18,64" hai3="89,6,77,111,120,76,35,58,14,57,84,123,41"/><V60/><F116/><W33/><G41/><T61/><D106/><U52/><E108/><V75/><F132/><W37/><G111/><T4/><D133/><U53/><E129/><V99/><F55/><W79/><G37/><T100/><D100/><U28/><E127/><V49/><F49/><W5/><G35/><T10/><D131/><U86/><E81/><V31/><F99/><W115/><G33/><T128/><D128/><U95/><E95/><V117/><F117/><W16/><G115/><T2/><D118/><U87/><E87/><V93/><F93/><N who="3" m="54439" /><G123/><T107/><D107/><U134/><E134/><V56/><F68/><W110/><G110/><T97/><D97/><U96/><E96/><V101/><F101/><W104/><G104/><T30/><D30/><U78/><E0/><V20/><F75/><W122/><G122/><T43/><D113/><U92/><E92/><V17/><F80/><W88/><G88/><T114/><D114/><U42/><E42/><V83/><F83/><W65/><G120/><T119/><D119/><U29/><E29/><V9/><REACH who="2" step="1"/><F27/><REACH who="2" ten="313,154,138,375" step="2"/><W102/><G102/><T45/><D51/><U3/><E53/><V126/><F126/><W72/><G72/><T54/><D54/><U124/><E124/><V121/><F121/><W59/><G65/><T34/><D48/><U135/><E135/><V112/><F112/><W46/><G46/><T50/><D45/><N who="1" m="23711" /><E52/><V70/><F70/><W74/><G74/><T90/><D50/><U38/><E38/><V125/><F125/><W94/><G94/><T105/><D36/><U103/><E103/><RYUUKYOKU ba="1,2" sc="313,-15,154,-15,138,15,375,15" hai2="1,7,9,13,17,18,19,20,26,31,56,60,64" hai3="5,6,14,16,57,58,59,76,77,79" />
</Scene>
<Scene>
<INIT seed="6,2,2,2,0,76" ten="298,139,153,390" oya="2" hai0="8,88,60,48,18,34,3,114,71,113,43,58,85" hai1="59,122,38,36,69,130,2,134,109,79,20,25,51" hai2="33,90,57,123,81,132,106,62,68,0,7,70,5" hai3="112,23,50,65,55,87,40,108,10,110,1,92,100"/><V74/><F123/><W17/><G40/><T39/><D34/><U32/><E109/><V37/><F37/><W91/><G65/><N who="0" m="41383" /><D3/><U46/><E69/><V44/><F106/><W52/><G55/><N who="0" m="32103" /><D18/><U12/><E2/><V131/><F44/><W6/><G112/><N who="0" m="43115" /><D8/><U97/><E134/><V64/><F132/><W120/><G120/><T125/><D125/><U56/><E130/><V128/><F33/><W16/><G100/><T99/><D99/><U14/><E122/><V29/><F29/><W28/><G28/><T27/><D27/><U86/><E32/><V83/><F90/><W127/><G127/><T61/><D61/><U15/><E97/><V77/><F0/><W93/><G92/><N who="0" m="54287" /><D43/><N who="1" m="25055" /><E38/><AGARI ba="2,2" hai="38,39" m="54287,43115,32103,41383" machi="38" ten="30,2000,0" yaku="15,1,54,1" doraHai="76" who="0" fromWho="1" sc="298,46,139,-26,153,0,390,0" />
</Scene>
<Scene>
<INIT seed="7,0,0,2,3,96" ten="344,113,153,390" oya="3" hai0="79,18,102,49,94,93,43,64,81,4,63,30,2" hai1="103,115,9,29,80,42,128,68,6,100,85,17,106" hai2="41,126,82,45,24,120,91,116,32,70,121,50,112" hai3="40,52,56,117,58,59,105,19,34,75,51,124,16"/><W33/><G105/><T11/><D30/><U111/><E106/><V0/><F0/><W77/><G117/><T134/><D134/><U12/><E111/><V8/><F70/><W123/><G40/><T78/><D18/><U3/><E68/><V65/><F65/><W130/><G124/><T31/><D31/><U14/><E115/><V83/><F126/><W5/><G5/><T54/><D43/><U119/><E128/><V20/><F116/><W21/><G19/><T23/><D23/><N who="1" m="11687" /><E119/><V92/><F112/><W22/><G22/><T47/><D102/><N who="1" m="38955" /><E3/><V48/><F8/><W110/><G130/><T71/><REACH who="0" step="1"/><D79/><REACH who="0" ten="334,113,153,390" step="2"/><N who="1" m="46239" /><E42/><V89/><F32/><W84/><G34/><T95/><D95/><U101/><N who="1" m="38963" /><U97/><DORA hai="132" /><E97/><N who="2" m="57487" /><F91/><W107/><G33/><T90/><D90/><U73/><E73/><AGARI ba="0,1" hai="2,4,11,47,49,54,63,64,71,73,78,81,93,94" machi="73" ten="30,2000,0" yaku="1,1,7,1,53,0" doraHai="96,132" doraHaiUra="87,38" who="0" fromWho="1" sc="334,30,113,-20,153,0,390,0" owari="364,16.0,93,-41.0,153,-25.0,390,50.0" />
</Scene>
</mjloggm>