<mjloggm ver="2.3"><GO type="169" lobby="0"/><UN n0="%E6%96%B0%E6%B2%A2%E9%9D%96%E8%87%A3" n1="%E8%90%BD%E8%91%89%E5%AD%90%E4%B9%8B%E6%AD%8C" n2="%E5%A4%AA%E3%81%8F%E3%81%AA%E3%81%84%E3%81%8A" n3="%E6%81%8B%E3%81%99%E3%82%8B%E6%83%91%E6%98%9F" dan="16,16,18,16" rate="2057.13,2045.31,2209.14,2142.55" sx="M,F,M,F"/><TAIKYOKU oya="0"/>

<Scene>
<INIT seed="0,0,0,2,1,76" ten="250,250,250,250" oya="0" hai0="92,84,109,40,22,21,95,88,103,81,11,64,89" hai1="66,93,14,127,7,26,130,100,24,85,69,1,52" hai2="97,78,123,57,51,25,28,101,58,20,75,71,128" hai3="91,112,59,67,38,60,117,36,5,114,98,80,107"/><T18/><D64/><U79/><E1/><V39/><F39/><W6/><G117/><T104/><D40/><U74/><E74/><V62/><F123/><W13/><G36/><T17/><D109/><U31/><E130/><V94/><F128/><W99/><G38/><T19/><D104/><U132/><E127/><V48/><F71/><W10/><G5/><T44/><D44/><U50/><E132/><V129/><F129/><W43/><G43/><T83/><D11/><N who="1" m="4479" /><E66/><N who="2" m="39247" /><F58/><W9/><G9/><T77/><D103/><U61/><E61/><V68/><F68/><W113/><REACH who="3" step="1"/><G107/><REACH who="3" ten="250,250,250,240" step="2"/><T102/><D102/><U86/><E69/><V108/><F108/><W122/><G122/><T118/><D118/><U120/><E120/><V96/><F96/><W134/><G134/><T41/><D41/><U33/><E33/><V125/><F125/><W54/><G54/><T90/><REACH who="0" step="1"/><D83/><AGARI ba="0,1" hai="20,25,28,48,51,75,78,83,94,97,101" m="39247" machi="83" ten="30,2000,0" yaku="25,1,52,1" doraHai="76" who="2" fromWho="0" sc="250,-20,250,0,250,30,240,0" />
</Scene>
<Scene>
<INIT seed="1,0,0,0,5,105" ten="230,250,280,240" oya="1" hai0="49,50,7,122,72,99,134,125,85,23,41,83,88" hai1="31,55,70,44,66,5,123,42,63,127,39,3,10" hai2="57,22,29,101,68,102,112,13,45,33,0,1,82" hai3="75,116,115,6,120,25,61,30,52,126,8,48,59"/><U74/><E123/><V76/><F68/><W34/><G120/><T108/><D122/><U58/><E127/><V54/><F33/><W27/><G126/><T38/><D125/><U90/><E31/><V97/><F45/><W111/><G115/><T95/><D108/><U62/><REACH who="1" step="1"/><E90/><REACH who="1" ten="230,240,280,240" step="2"/><V130/><F29/><W11/><G111/><T53/><D134/><U119/><E119/><V51/><F112/><W19/><G116/><T60/><D88/><U124/><E124/><V109/><F109/><W100/><G30/><T106/><D106/><U94/><E94/><V110/><F110/><W104/><G34/><T103/><D95/><U32/><E32/><V9/><F130/><W20/><G104/><T69/><D103/><U37/><E37/><V65/><F102/><W113/><G100/><T15/><D38/><U91/><E91/><V79/><F101/><W80/><G113/><T16/><D99/><U128/><E128/><V40/><F97/><W107/><G107/><T118/><D118/><U86/><E86/><V114/><F114/><W18/><G80/><T73/><D83/><U84/><E84/><V71/><F82/><W17/><G75/><AGARI ba="0,1" hai="3,5,10,39,42,44,55,58,62,63,66,70,74,75" machi="75" ten="40,12000,1" yaku="1,1,52,2,53,1" doraHai="105" doraHaiUra="64" who="1" fromWho="3" sc="230,0,240,130,280,0,240,-120" />
</Scene>
<Scene>
<INIT seed="1,1,0,3,5,59" ten="230,370,280,120" oya="1" hai0="36,47,3,62,89,66,70,95,11,78,98,48,97" hai1="123,110,77,68,39,23,105,120,74,109,35,64,55" hai2="12,111,51,56,106,113,91,26,49,21,10,53,17" hai3="115,72,30,24,0,5,116,28,80,114,73,34,40"/><U1/><E35/><V96/><F111/><N who="1" m="42505" /><E105/><V2/><F2/><W81/><G116/><T7/><D78/><U94/><E1/><V54/><F113/><W118/><G118/><T6/><D6/><U45/><E77/><V90/><F106/><W108/><G108/><T16/><D36/><U92/><E74/><V63/><F96/><W127/><G127/><T58/><D98/><U50/><E23/><V128/><F128/><W65/><G5/><T31/><D31/><U86/><E39/><V101/><F101/><W130/><G0/><T69/><REACH who="0" step="1"/><D16/><REACH who="0" ten="220,370,280,120" step="2"/><U119/><E119/><V18/><REACH who="2" step="1"/><F51/><REACH who="2" ten="220,370,270,120" step="2"/><W42/><G130/><T122/><D122/><N who="1" m="46635" /><E86/><V29/><F29/><W82/><G114/><T60/><D60/><AGARI ba="1,2" hai="45,50,55,60,64,68,92,94" m="46635,42505" machi="60" ten="30,5800,0" yaku="14,1,10,1,52,1" doraHai="59" who="1" fromWho="0" sc="220,-61,370,81,270,0,120,0" />
</Scene>
<Scene>
<INIT seed="1,2,0,1,1,62" ten="159,451,270,120" oya="1" hai0="113,98,39,110,35,97,1,70,12,27,78,94,61" hai1="41,48,54,89,66,59,125,9,112,53,90,21,49" hai2="106,111,96,109,20,82,17,55,117,130,30,123,76" hai3="47,4,23,93,63,34,124,28,83,56,69,25,29"/><U57/><E112/><V8/><F117/><W80/><G69/><T65/><D113/><U15/><E125/><V13/><F123/><W132/><G124/><T75/><D1/><U99/><E21/><V58/><F130/><W126/><G126/><T50/><D39/><U64/><E41/><V77/><F106/><W84/><G132/><T2/><D2/><U32/><E32/><V67/><F96/><W26/><G4/><T74/><D98/><U135/><E135/><V87/><F76/><W10/><G10/><T116/><D116/><U37/><E37/><V40/><F40/><W24/><G24/><T36/><D36/><U103/><E103/><V131/><F131/><W52/><REACH who="3" step="1"/><G47/><REACH who="3" ten="159,451,270,110" step="2"/><T115/><D115/><U3/><E3/><V129/><F8/><W133/><G133/><T72/><D12/><U51/><E99/><V101/><F129/><W121/><G121/><T122/><D122/><U19/><E51/><V95/><F13/><W6/><G6/><T119/><D27/><U0/><E0/><V31/><F111/><W22/><G22/><T120/><D110/><U128/><E128/><V46/><F109/><W88/><AGARI ba="2,1" hai="23,25,26,28,29,34,52,56,63,80,83,84,88,93" machi="88" ten="30,7900,0" yaku="1,1,0,1,54,2,53,0" doraHai="62" doraHaiUra="44" who="3" fromWho="3" sc="159,-22,451,-41,270,-22,110,95" />
</Scene>
<Scene>
<INIT seed="2,0,0,2,3,52" ten="137,410,248,205" oya="2" hai0="43,115,123,101,30,4,7,64,118,82,77,113,59" hai1="41,130,92,109,45,78,44,76,70,80,97,81,86" hai2="104,24,114,98,83,61,0,106,49,84,55,42,79" hai3="12,132,46,100,17,90,119,87,68,9,29,124,38"/><V10/><F114/><W54/><G119/><T73/><D123/><U95/><E109/><V40/><F61/><W15/><G68/><T60/><D118/><U56/><E70/><V37/><F24/><W36/><G132/><T14/><D101/><U21/><E21/><V6/><F37/><W26/><G100/><T31/><D43/><U69/><E130/><V107/><REACH who="2" step="1"/><F98/><REACH who="2" ten="137,410,238,205" step="2"/><W134/><G134/><T53/><D115/><U72/><E97/><V27/><F27/><W94/><G36/><T62/><D113/><U131/><E131/><V2/><F2/><W13/><G38/><T117/><D117/><U121/><E121/><V35/><F35/><W20/><G124/><T111/><D111/><U50/><E69/><V102/><F102/><W108/><G108/><T93/><D62/><U16/><E78/><V28/><F28/><W18/><G29/><T116/><D30/><U63/><E76/><V126/><F126/><W88/><G90/><T67/><D116/><U85/><E63/><V91/><F91/><W3/><G3/><T51/><D31/><U110/><E110/><V57/><AGARI ba="0,1" hai="0,6,10,40,42,49,55,57,79,83,84,104,106,107" machi="57" ten="30,11700,0" yaku="1,1,0,1,52,1,53,1" doraHai="52" doraHaiUra="48" who="2" fromWho="2" sc="137,-39,410,-39,238,127,205,-39" />
</Scene>
<Scene>
<INIT seed="2,1,0,0,3,111" ten="98,371,365,166" oya="2" hai0="113,24,42,89,39,40,105,33,122,29,119,54,48" hai1="5,77,94,1,92,64,127,95,135,11,49,134,112" hai2="35,0,52,128,125,79,32,36,121,104,21,12,37" hai3="97,34,67,81,19,23,82,6,20,51,10,61,117"/><V69/><F0/><W31/><G117/><T55/><D122/><U68/><E112/><V106/><F121/><W57/><G34/><T88/><D119/><U90/><E127/><V76/><F125/><W116/><G116/><T73/><D73/><U56/><E68/><V129/><F21/><W58/><G97/><T101/><D113/><U47/><E77/><V46/><F12/><W62/><G51/><T60/><D39/><U4/><E5/><V103/><F69/><W50/><G50/><T65/><D101/><U28/><E28/><V100/><REACH who="2" step="1"/><F52/><REACH who="2" ten="98,371,355,166" step="2"/><W3/><G23/><T84/><D55/><N who="1" m="30143" /><E64/><V124/><F124/><W26/><G31/><T38/><D65/><AGARI ba="1,1" hai="3,6,10,19,20,26,57,58,61,62,65,67,81,82" machi="65" ten="30,2000,0" yaku="7,1,9,1" doraHai="111" who="3" fromWho="0" sc="98,-23,371,0,355,0,166,33" />
</Scene>
<Scene>
<INIT seed="3,0,0,1,2,63" ten="75,371,355,199" oya="3" hai0="71,30,81,111,70,49,134,99,7,113,74,3,1" hai1="52,31,90,76,24,58,21,94,120,11,75,2,115" hai2="44,25,37,95,12,4,61,131,59,22,0,18,23" hai3="87,101,128,105,40,123,16,41,67,19,86,39,107"/><W124/><G123/><T126/><D111/><U62/><E120/><V102/><F131/><W68/><G128/><T129/><D129/><U60/><E115/><V33/><F0/><W73/><G124/><T57/><D113/><U109/><E109/><V117/><F117/><W28/><G28/><T43/><D126/><U5/><E76/><V66/><F33/><W92/><G73/><T79/><D134/><U110/><E75/><V9/><F23/><W29/><G29/><T15/><D30/><U34/><E110/><V93/><REACH who="2" step="1"/><F102/><REACH who="2" ten="75,371,345,199" step="2"/><W125/><G101/><T127/><D127/><U35/><REACH who="1" step="1"/><E62/><REACH who="1" ten="75,361,345,199" step="2"/><V77/><F77/><W36/><G125/><T64/><D79/><U46/><E46/><V26/><F26/><W32/><G32/><T65/><D1/><U133/><E133/><V118/><F118/><W84/><G39/><T135/><D3/><U69/><E69/><V98/><F98/><AGARI ba="0,2" hai="2,5,11,21,24,31,34,35,52,58,60,90,94,98" machi="98" ten="30,3900,0" yaku="1,1,7,1,54,1,53,0" doraHai="63" doraHaiUra="80" who="1" fromWho="2" sc="75,0,361,59,345,-39,199,0" />
</Scene>
<Scene>
<INIT seed="4,0,0,3,1,17" ten="75,420,306,199" oya="0" hai0="124,48,103,28,23,19,61,5,86,131,9,38,47" hai1="3,107,29,73,27,127,106,18,128,116,92,51,118" hai2="20,135,87,12,132,58,112,98,49,37,76,129,40" hai3="6,50,41,104,30,53,45,11,54,99,72,57,88"/><T32/><D38/><U16/><E73/><V56/><F112/><W108/><G72/><T130/><D103/><U78/><E78/><V31/><F129/><N who="0" m="49162" /><D61/><U89/><E127/><V91/><F37/><W2/><G108/><T109/><D86/><U46/><E3/><V66/><F98/><W21/><G104/><T24/><D48/><U0/><E0/><V10/><F76/><W83/><G54/><T34/><D47/><U94/><E116/><V101/><F101/><W122/><G122/><T115/><D124/><U7/><E118/><V8/><F40/><W71/><G71/><T60/><D60/><U15/><E106/><V81/><F66/><W84/><G99/><T74/><D74/><U120/><E107/><V67/><F67/><W90/><G90/><T93/><D93/><U70/><E70/><V39/><F39/><W69/><G69/><T55/><D55/><U13/><E94/><V63/><F49/><W44/><G41/><T105/><D105/><U65/><E65/><V1/><F63/><W36/><G36/><T85/><D85/><U119/><E128/><V114/><F58/><W62/><G62/><T80/><D80/><U134/><E92/><V75/><F75/><W95/><G83/><T64/><D64/><U126/><E126/><V123/><F81/><W14/><G2/><N who="0" m="183" /><D109/><U42/><E89/><V117/><F91/><W22/><G30/><T100/><D100/><U102/><E102/><V133/><F87/><W97/><G84/><T121/><D121/><U82/><E120/><V25/><F123/><W113/><G113/><T59/><D115/><RYUUKYOKU ba="0,0" sc="75,-10,420,-10,306,-10,199,30" hai3="6,11,14,21,22,44,45,50,53,57,88,95,97" />
</Scene>
<Scene>
<INIT seed="5,1,0,1,4,21" ten="65,410,296,229" oya="1" hai0="126,62,1,59,82,40,93,74,28,8,34,91,90" hai1="113,56,73,125,46,27,2,120,3,61,94,36,100" hai2="103,45,96,43,75,41,11,22,131,102,50,66,68" hai3="92,109,99,60,30,39,101,72,105,121,42,47,81"/><U112/><E120/><V26/><F75/><W15/><G121/><T16/><D126/><U6/><E73/><V79/><F131/><W33/><G109/><T123/><D123/><U12/><E125/><V29/><F79/><W65/><G15/><T9/><D40/><U7/><E36/><V110/><F110/><W19/><G19/><T134/><D134/><U107/><E107/><V87/><F87/><W77/><G92/><T58/><D1/><U25/><E46/><V24/><F11/><W55/><G55/><T51/><D74/><U95/><E3/><V70/><F43/><W80/><G81/><T97/><D51/><U135/><E2/><V32/><F66/><W17/><G17/><T106/><D106/><U111/><E135/><V115/><F115/><N who="1" m="44105" /><E111/><V78/><F78/><W49/><G49/><T85/><D58/><U71/><E71/><V52/><F41/><W117/><G117/><T18/><D9/><N who="1" m="4151" /><E7/><V83/><F83/><W104/><G104/><T127/><D127/><U14/><E14/><V48/><F48/><W86/><G86/><T132/><D132/><U4/><E4/><V114/><F114/><W53/><G53/><T64/><REACH who="0" step="1"/><D8/><REACH who="0" ten="55,410,296,229" step="2"/><U122/><E122/><V89/><F50/><W13/><G105/><T116/><D116/><U129/><E56/><V35/><F68/><W37/><G42/><T69/><D69/><U38/><E38/><V67/><F70/><W10/><G39/><T130/><D130/><U124/><E129/><V0/><F0/><W76/><G37/><T118/><D118/><U128/><E128/><V98/><F45/><RYUUKYOKU ba="1,1" sc="55,30,410,-10,296,-10,229,-10" hai0="16,18,28,34,59,62,64,82,85,90,91,93,97" />
</Scene>
<Scene>
<INIT seed="6,2,1,3,0,73" ten="85,400,286,219" oya="2" hai0="121,45,2,58,62,30,125,34,56,95,0,54,6" hai1="32,101,114,46,129,24,59,119,55,25,65,99,53" hai2="122,60,74,79,130,22,4,3,91,93,77,51,86" hai3="11,43,15,49,37,7,107,83,92,132,29,67,124"/><V42/><F122/><W75/><G107/><T50/><D121/><U106/><E119/><V82/><F130/><W48/><G132/><T68/><D125/><U87/><E129/><V94/><F3/><W78/><G124/><T31/><D68/><U133/><E114/><V33/><F33/><W35/><G67/><T88/><D58/><U64/><E46/><N who="2" m="26071" /><F74/><W81/><G81/><T20/><D34/><U110/><E32/><V8/><F4/><W118/><G118/><T131/><D131/><U13/><E133/><V80/><F8/><W14/><G14/><T19/><D6/><U117/><E117/><V89/><F60/><W100/><G37/><T103/><D103/><U90/><E25/><V21/><F82/><W102/><G43/><T66/><D0/><U109/><E24/><V61/><F61/><W72/><G72/><T127/><D2/><U26/><E26/><V1/><F1/><W47/><G47/><T128/><D128/><U23/><E13/><V113/><F113/><W52/><G92/><N who="2" m="35433" /><F91/><W135/><G135/><T126/><D126/><U112/><E112/><V27/><F22/><W38/><G38/><T116/><D116/><U70/><E23/><V134/><F134/><W41/><G41/><T85/><REACH who="0" step="1"/><D127/><REACH who="0" ten="75,400,286,219" step="2"/><U10/><E70/><V120/><F120/><W9/><G100/><T111/><D111/><U108/><E108/><V63/><F63/><W71/><G102/><T84/><D84/><U28/><E110/><V123/><F123/><W40/><G71/><T76/><D76/><U5/><E109/><V98/><F98/><W69/><G69/><RYUUKYOKU ba="2,2" sc="75,15,400,-15,286,15,219,-15" hai0="19,20,30,31,45,50,54,56,62,66,85,88,95" hai2="21,27,77,79,80,86,89" />
</Scene>
<Scene>
<INIT seed="6,3,2,3,0,124" ten="90,385,301,204" oya="2" hai0="49,73,57,12,67,15,39,119,52,19,112,115,17" hai1="132,131,86,96,91,84,128,45,76,105,41,40,120" hai2="113,25,99,36,78,58,65,103,101,116,72,123,82" hai3="108,34,4,27,2,118,16,85,9,97,51,47,60"/><V107/><F36/><W92/><G118/><T121/><D121/><U35/><E132/><V130/><F116/><W114/><G108/><T83/><D119/><U117/><E35/><V93/><F123/><W55/><G114/><T22/><D39/><U53/><E117/><V37/><F37/><W32/><G85/><T30/><D30/><U14/><E120/><V11/><F113/><W3/><G3/><T106/><D106/><U63/><E76/><V134/><F134/><W0/><G0/><T6/><D6/><U126/><E126/><V21/><F11/><W61/><G34/><T13/><D67/><U62/><E86/><V111/><F111/><W20/><REACH who="3" step="1"/><G32/><REACH who="3" ten="90,385,301,194" step="2"/><T66/><D112/><U74/><E84/><V95/><F72/><W133/><G133/><T43/><D115/><U127/><E74/><V94/><F99/><W89/><AGARI ba="3,3" hai="2,4,9,16,20,27,47,51,55,60,61,89,92,97" machi="89" ten="20,5200,0" yaku="1,1,0,1,7,1,54,1,53,0" doraHai="124" doraHaiUra="10" who="3" fromWho="3" sc="90,-16,385,-16,301,-29,194,91" />
</Scene>
<Scene>
<INIT seed="7,0,0,1,1,59" ten="74,369,272,285" oya="3" hai0="109,6,127,113,97,105,117,11,101,104,14,18,8" hai1="65,29,78,81,32,128,68,34,56,122,7,110,108" hai2="131,100,54,27,92,51,41,4,9,94,50,88,72" hai3="40,13,121,21,38,48,70,0,84,53,10,52,133"/><W83/><G121/><T37/><D109/><U129/><E122/><V46/><F72/><W24/><G0/><T86/><D117/><U5/><E68/><V75/><F75/><W12/><G70/><T47/><D127/><U20/><E20/><V31/><F131/><N who="1" m="50249" /><E56/><V74/><F74/><W43/><G38/><T25/><D113/><U71/><E65/><V67/><F67/><W58/><G53/><T33/><D105/><U2/><E71/><V76/><F76/><W62/><G133/><T15/><D47/><U93/><E93/><V124/><F124/><W95/><G95/><T60/><D37/><U16/><E16/><V116/><F116/><W42/><G48/><T79/><D79/><U120/><E120/><V103/><F94/><W107/><G107/><T64/><D86/><N who="1" m="48439" /><E29/><V90/><F90/><N who="3" m="51487" /><G10/><T96/><D96/><U123/><E123/><V111/><F111/><N who="1" m="42537" /><E2/><V23/><F51/><W87/><G87/><T45/><D45/><U135/><E135/><V118/><F118/><W19/><AGARI ba="0,0" hai="12,13,19,21,24,40,42,43,52,58,62" m="51487" machi="19" ten="30,6000,0" yaku="8,1,52,1,54,1" doraHai="59" who="3" fromWho="3" sc="74,-20,369,-20,272,-20,285,60" />
</Scene>
<Scene>
<INIT seed="7,1,0,3,4,135" ten="54,349,252,345" oya="3" hai0="80,12,71,107,88,98,119,73,19,111,124,21,5" hai1="83,15,53,8,120,67,38,41,13,43,113,74,51" hai2="131,123,61,49,109,133,30,79,32,86,10,31,48" hai3="78,23,44,129,110,52,55,16,20,99,35,24,46"/><W1/><G1/><T116/><D71/><U117/><E120/><V81/><F109/><W100/><G110/><T97/><D111/><U132/><E113/><V27/><F133/><W72/><G35/><T63/><D63/><U4/><E132/><V96/><F123/><W105/><G129/><T102/><D5/><U36/><E38/><V58/><F131/><W130/><G130/><T122/><D122/><U11/><E36/><V60/><F60/><W92/><G105/><T70/><D70/><U26/><E26/><V121/><F121/><W112/><G112/><T118/><D21/><U77/><E67/><V108/><F108/><W103/><G103/><T64/><D64/><U82/><E117/><V34/><F10/><W3/><G3/><T85/><D12/><U75/><E75/><V39/><F39/><W9/><G9/><T125/><D19/><N who="1" m="8615" /><E74/><V33/><F96/><W66/><G66/><T2/><D2/><U69/><E69/><V128/><F128/><W106/><G106/><T18/><D18/><U57/><E77/><V25/><REACH who="2" step="1"/><F34/><REACH who="2" ten="54,349,242,345" step="2"/><W29/><G72/><T45/><D45/><N who="3" m="17513" /><G78/><N who="0" m="44111" /><D97/><U65/><E65/><AGARI ba="1,1" hai="25,27,30,31,32,33,48,49,58,61,65,79,81,86" machi="65" ten="30,3900,0" yaku="1,1,7,1,9,1,53,0" doraHai="135" doraHaiUra="6" who="2" fromWho="1" sc="54,0,349,-42,242,52,345,0" owari="54,-45.0,307,11.0,294,-11.0,345,45.0" />
</Scene>
</mjloggm>