<mjloggm ver="2.3"><GO type="169" lobby="0"/><UN n0="%E9%81%8A%E8%B5%B0" n1="%E8%88%AC%E5%8D%93%E6%B0%91%E3%81%AE%E6%9C%9D%E3%81%AF%E6%97%A9%E3%81%84" n2="%E5%A4%AA%E3%81%8F%E3%81%AA%E3%81%84%E3%81%8A" n3="%E8%B5%A4%E6%9C%A8%E3%81%97%E3%81%92%E3%82%8C" dan="16,16,17,16" rate="2134.90,2074.48,2164.23,2055.62" sx="F,M,M,M"/><TAIKYOKU oya="0"/>

<Scene>
<INIT seed="0,0,0,3,2,17" ten="250,250,250,250" oya="0" hai0="128,122,119,23,84,123,135,78,11,97,44,75,69" hai1="131,60,59,95,54,80,10,72,27,7,87,104,4" hai2="41,15,64,114,57,134,37,43,34,28,55,14,98" hai3="93,85,86,113,6,58,51,35,46,18,52,70,48"/><T124/><D119/><U112/><E104/><V77/><F114/><W68/><G113/><T88/><D69/><U65/><E112/><V121/><F121/><W22/><G35/><T38/><D135/><U0/><E131/><V130/><F130/><W132/><G6/><T49/><D38/><U8/><E72/><V53/><F134/><W67/><G132/><T82/><D128/><U125/><E125/><V29/><F77/><W91/><G85/><T3/><D124/><U105/><E105/><V12/><F34/><W102/><G102/><T21/><D97/><U24/><E95/><V42/><F37/><W9/><G9/><T81/><D122/><U110/><E110/><V94/><F64/><W31/><G31/><N who="2" m="11849" /><F57/><W40/><REACH who="3" step="1"/><G67/><REACH who="3" ten="250,250,250,240" step="2"/><T129/><D123/><U16/><E65/><V25/><F25/><AGARI ba="0,1" hai="18,22,25,40,46,48,51,52,58,68,70,86,91,93" machi="25" ten="30,8000,1" yaku="1,1,2,1,7,1,52,1,54,1,53,0" doraHai="17" doraHaiUra="2" who="3" fromWho="2" sc="250,0,250,0,250,-80,240,90" />
</Scene>
<Scene>
<INIT seed="1,0,0,0,2,15" ten="250,250,170,330" oya="1" hai0="96,85,125,50,31,93,21,71,76,108,38,19,89" hai1="83,98,88,81,25,92,37,36,63,39,106,66,84" hai2="110,12,111,43,1,29,47,128,87,42,102,91,112" hai3="103,23,53,40,113,126,99,86,60,100,61,115,14"/><U52/><E25/><V0/><F128/><W11/><G126/><T97/><D38/><U67/><E106/><V56/><F112/><W3/><G40/><N who="2" m="15401" /><F47/><W62/><G23/><T69/><D125/><U16/><E83/><N who="2" m="49663" /><F29/><W119/><G3/><T133/><D133/><U65/><E63/><V6/><F56/><W104/><G119/><T41/><D108/><N who="2" m="41514" /><F102/><W82/><G103/><T2/><D2/><U9/><E52/><V129/><F129/><W58/><G115/><T5/><D31/><U22/><E22/><V10/><AGARI ba="0,0" hai="0,1,6,10,12" m="41514,49663,15401" machi="10" ten="30,1100,0" yaku="14,1" doraHai="15" who="2" fromWho="2" sc="250,-3,250,-5,170,11,330,-3" />
</Scene>
<Scene>
<INIT seed="2,0,0,5,0,102" ten="247,245,181,327" oya="2" hai0="90,94,29,23,52,74,133,15,11,50,112,2,32" hai1="63,1,91,76,113,83,81,124,27,134,105,93,96" hai2="14,21,44,80,26,55,82,67,72,131,59,31,64" hai3="75,111,79,130,61,99,126,69,33,118,117,77,30"/><V46/><F131/><W106/><G130/><T107/><D112/><U135/><E1/><V53/><F72/><W47/><G47/><N who="2" m="17961" /><F14/><W86/><G86/><T20/><D74/><U88/><E63/><N who="2" m="36351" /><F53/><W116/><G75/><T22/><D2/><U87/><E27/><V114/><F114/><W121/><G121/><T0/><D0/><U127/><E113/><V12/><F12/><W60/><G118/><T36/><D36/><U128/><E105/><V123/><F123/><W49/><G106/><T132/><D107/><U58/><E58/><V25/><F25/><W28/><G117/><T3/><D3/><U103/><E128/><V70/><F70/><W66/><G69/><T51/><D32/><U125/><E83/><AGARI ba="0,0" hai="21,26,31,64,67,80,82,83" m="36351,17961" machi="83" ten="30,1500,0" yaku="8,1" doraHai="102" who="2" fromWho="1" sc="247,0,245,-15,181,15,327,0" />
</Scene>
<Scene>
<INIT seed="2,1,0,5,0,72" ten="247,230,196,327" oya="2" hai0="92,82,118,77,70,26,12,73,114,76,57,23,34" hai1="123,121,9,120,29,8,109,63,19,101,84,48,111" hai2="67,31,85,42,36,113,135,98,5,64,130,52,119" hai3="45,105,2,102,88,107,117,89,6,41,112,24,49"/><V95/><F113/><W58/><G117/><T4/><D114/><U103/><E29/><V61/><F119/><W116/><G116/><T71/><D118/><U132/><E63/><V134/><F130/><W90/><G112/><T1/><D1/><U53/><E84/><V66/><F5/><W74/><G74/><T87/><D34/><U81/><E81/><V69/><F31/><W35/><G102/><N who="1" m="38922" /><E132/><N who="2" m="50731" /><F85/><W86/><G86/><T56/><D92/><U83/><E83/><V11/><F11/><N who="1" m="4169" /><E19/><V96/><F95/><W106/><G6/><T47/><D71/><U75/><E75/><V39/><F98/><W80/><G2/><T44/><D70/><U110/><E53/><V126/><F96/><W28/><G80/><T100/><D100/><U14/><E48/><V129/><F129/><W104/><G104/><T115/><D115/><U13/><AGARI ba="1,0" hai="13,14,109,110,111,120,121,123" m="4169,38922" machi="13" ten="50,8000,1" yaku="28,2,14,1,13,1" doraHai="72" who="1" fromWho="1" sc="247,-21,230,83,196,-41,327,-21" />
</Scene>
<Scene>
<INIT seed="3,0,0,1,2,11" ten="226,313,155,306" oya="3" hai0="73,134,106,129,93,67,36,59,56,96,135,64,17" hai1="78,77,92,31,28,57,2,26,32,8,30,19,61" hai2="60,62,42,39,15,27,118,94,98,83,130,111,34" hai3="113,109,101,29,43,10,103,21,49,127,3,1,24"/><W54/><G113/><T108/><D106/><U71/><E71/><V112/><F112/><W51/><G127/><T50/><D108/><U48/><E48/><V81/><F118/><W47/><G109/><T41/><D73/><U44/><E44/><V70/><F111/><W52/><G43/><T7/><D7/><U110/><E2/><V40/><F130/><W123/><G123/><T46/><D17/><U97/><E32/><V95/><F34/><W88/><G88/><N who="0" m="55335" /><D129/><U84/><E84/><V91/><F27/><W117/><G117/><T128/><D128/><U6/><E6/><V12/><F70/><W0/><REACH who="3" step="1"/><G10/><REACH who="3" ten="226,313,155,296" step="2"/><T35/><D41/><U55/><E110/><V5/><F91/><W74/><G74/><T86/><D86/><U18/><E8/><V99/><REACH who="2" step="1"/><F5/><REACH who="2" ten="226,313,145,296" step="2"/><W114/><G114/><T89/><D89/><N who="1" m="55439" /><E26/><V120/><F120/><W37/><G37/><AGARI ba="0,2" hai="12,15,37,39,40,42,60,62,81,83,94,95,98,99" machi="37" ten="25,8000,1" yaku="1,1,22,2,52,2,53,0" doraHai="11" doraHaiUra="66" who="2" fromWho="3" sc="226,0,313,0,145,100,296,-80" />
</Scene>
<Scene>
<INIT seed="4,0,0,2,5,98" ten="226,313,245,216" oya="0" hai0="32,5,38,36,133,40,130,59,33,72,92,80,83" hai1="45,99,11,102,112,2,47,111,67,94,129,135,74" hai2="16,28,117,26,95,118,25,78,121,19,55,52,103" hai3="31,62,134,69,106,17,132,101,66,64,90,35,51"/><T124/><D133/><N who="3" m="51305" /><G66/><T27/><D130/><U82/><E135/><V84/><F121/><W123/><G123/><T8/><D92/><U22/><E111/><V97/><F78/><W63/><G63/><T120/><D120/><U41/><E129/><V9/><F84/><W81/><G51/><T42/><D59/><U20/><E67/><V113/><F113/><W53/><G53/><N who="2" m="20553" /><F9/><W85/><G17/><N who="2" m="6729" /><F28/><W109/><G109/><T128/><D128/><U127/><E112/><V7/><F7/><W29/><G35/><T88/><D5/><U86/><E11/><V108/><F108/><W44/><G44/><T57/><D8/><U4/><E4/><V79/><F79/><W116/><G116/><AGARI ba="0,0" hai="25,26,95,97,103,116,117,118" m="6729,20553" machi="116" ten="30,7700,0" yaku="12,1,52,1,54,2" doraHai="98" who="2" fromWho="3" sc="226,0,313,0,245,77,216,-77" />
</Scene>
<Scene>
<INIT seed="5,0,0,2,1,58" ten="226,313,322,139" oya="1" hai0="3,116,66,86,50,13,38,114,103,124,61,75,121" hai1="110,93,9,91,42,70,7,56,72,15,112,80,102" hai2="45,118,19,48,59,1,64,55,10,43,98,77,20" hai3="69,113,125,39,129,108,97,106,68,35,11,74,111"/><U128/><E70/><V79/><F118/><W4/><RYUUKYOKU type="yao9" ba="0,0" sc="226,0,313,0,322,0,139,0" hai3="4,11,35,39,68,69,74,97,106,108,111,113,125,129" />
</Scene>
<Scene>
<INIT seed="5,1,0,0,1,98" ten="226,313,322,139" oya="1" hai0="28,6,59,65,50,117,51,77,37,53,133,125,114" hai1="84,2,42,49,107,33,96,21,90,121,46,5,76" hai2="24,106,99,100,108,72,29,31,115,23,10,85,47" hai3="87,132,88,1,102,126,14,130,122,111,86,95,68"/><U11/><E121/><V18/><F72/><W48/><G1/><T116/><D114/><U112/><E33/><V81/><F108/><W120/><G68/><T32/><D37/><U91/><E112/><V0/><F115/><W113/><G113/><T58/><D133/><U16/><E76/><V110/><F110/><W39/><G39/><T73/><D125/><U56/><E84/><V103/><F47/><W12/><G111/><T19/><D6/><U13/><E107/><V7/><REACH who="2" step="1"/><F103/><REACH who="2" ten="226,313,312,139" step="2"/><W20/><G126/><T66/><D73/><U30/><E46/><V3/><F3/><W101/><G132/><T22/><D117/><U8/><E2/><V57/><F57/><W128/><G122/><T123/><D59/><U118/><E56/><V71/><F71/><W15/><G120/><T44/><D58/><U127/><E127/><V41/><F41/><W4/><G4/><T26/><D44/><U74/><E74/><V34/><F34/><W17/><G48/><T52/><D32/><U94/><E5/><V104/><F104/><W36/><G36/><T82/><D123/><U109/><E109/><V134/><F134/><W64/><G64/><T60/><D116/><U27/><E118/><V83/><F83/><W93/><G93/><T67/><D50/><U61/><E49/><V124/><F124/><W105/><G105/><T78/><D51/><U55/><E42/><V54/><F54/><N who="0" m="21098" /><D66/><U70/><E70/><V45/><F45/><W9/><G95/><T35/><D65/><U97/><E55/><V119/><F119/><W40/><G40/><T43/><D43/><RYUUKYOKU ba="1,1" sc="226,-10,313,-10,312,30,139,-10" hai2="0,7,10,18,23,24,29,31,81,85,99,100,106" />
</Scene>
<Scene>
<INIT seed="6,2,1,4,5,33" ten="216,303,342,129" oya="2" hai0="120,42,2,43,129,50,83,127,65,122,72,134,60" hai1="53,89,55,113,40,87,110,31,69,57,84,77,13" hai2="39,90,47,115,79,19,63,44,73,100,25,82,1" hai3="114,98,78,17,52,49,18,15,130,12,75,67,62"/><V68/><F115/><W26/><G130/><T16/><D129/><U121/><E110/><V105/><F1/><W61/><G114/><T128/><D128/><U51/><E69/><V88/><F105/><W119/><G119/><T103/><D134/><U93/><E113/><V126/><F100/><W117/><G117/><T0/><D103/><U118/><E118/><V37/><F126/><W133/><G133/><T71/><D127/><U80/><E121/><V125/><F125/><W4/><G26/><T74/><D16/><U35/><E13/><V95/><F44/><W96/><G78/><T58/><D58/><U104/><E104/><V5/><F5/><W8/><G75/><T101/><D101/><U81/><E31/><V97/><F47/><W11/><G4/><T41/><D50/><U112/><E35/><V59/><F68/><W56/><REACH who="3" step="1"/><G61/><REACH who="3" ten="216,303,342,119" step="2"/><T34/><D74/><U20/><E112/><V21/><REACH who="2" step="1"/><F90/><REACH who="2" ten="216,303,332,119" step="2"/><W22/><G22/><T54/><D122/><U131/><E20/><V107/><F107/><W7/><G7/><T30/><D120/><U23/><E23/><V102/><F102/><W99/><G99/><T46/><D34/><U28/><E89/><V45/><F45/><AGARI ba="2,3" hai="8,11,12,15,17,18,45,49,52,56,62,67,96,98" machi="45" ten="30,12000,2" yaku="1,1,7,1,9,1,8,1,54,1,53,2" doraHai="33" doraHaiUra="14" who="3" fromWho="2" sc="216,0,303,0,332,-126,119,156" />
</Scene>
<Scene>
<INIT seed="7,0,0,5,0,10" ten="216,303,206,275" oya="3" hai0="28,75,51,79,35,61,129,115,91,40,25,105,126" hai1="6,81,100,68,26,22,110,29,93,18,130,122,65" hai2="15,16,58,59,67,45,56,2,42,95,3,90,96" hai3="48,101,41,9,131,52,83,39,85,55,57,98,109"/><W102/><G131/><T112/><D129/><U14/><E130/><V73/><F73/><W34/><G34/><T107/><D126/><U88/><E110/><V32/><F32/><W23/><G109/><T36/><D91/><U4/><E122/><V84/><F67/><W1/><G23/><T120/><D120/><U86/><E68/><V46/><F96/><W80/><G39/><T69/><D51/><U123/><E65/><V62/><F62/><N who="3" m="36135" /><G1/><T33/><D33/><U119/><E123/><V111/><F111/><W49/><G9/><T50/><D50/><N who="3" m="19561" /><G41/><T76/><D61/><U104/><E104/><V94/><F94/><N who="3" m="58583" /><G102/><T63/><D75/><U89/><E100/><V124/><F124/><W82/><G55/><T7/><D40/><U71/><E71/><V64/><F64/><W53/><G53/><T108/><D36/><U125/><E119/><V43/><F43/><W38/><G38/><T5/><D108/><U17/><E125/><V103/><F103/><W31/><G31/><T12/><D76/><AGARI ba="0,0" hai="76,80,82,83,85" m="58583,19561,36135" machi="76" ten="30,2900,0" yaku="8,1,54,1" doraHai="10" who="3" fromWho="0" sc="216,-29,303,0,206,0,275,29" owari="187,-31.0,303,10.0,206,-19.0,304,40.0" />
</Scene>
</mjloggm>