<mjloggm ver="2.3"><GO type="169" lobby="0"/><UN n0="%E5%A4%AA%E3%81%8F%E3%81%AA%E3%81%84%E3%81%8A" n1="%4D%72%2E%E3%82%B3%E3%83%90%E3%83%81" n2="%64%69%67%69%74%61%6C%38" n3="%E3%82%A4%E3%82%B5%E3%82%AD" dan="17,16,17,17" rate="2210.00,2065.24,2108.01,2179.39" sx="M,M,M,M"/><TAIKYOKU oya="0"/>

<Scene>
<INIT seed="0,0,0,3,3,115" ten="250,250,250,250" oya="0" hai0="99,103,53,42,15,95,116,131,10,51,11,58,117" hai1="74,3,13,114,118,50,106,0,59,98,4,18,109" hai2="33,100,40,77,94,110,88,38,67,37,55,135,25" hai3="9,27,125,78,23,48,12,69,132,71,128,79,72"/><T62/><D131/><U111/><E118/><V61/><F110/><N who="1" m="41993" /><E74/><V6/><F135/><W52/><G132/><T64/><D42/><U7/><E114/><V49/><F6/><N who="1" m="2089" /><E106/><V85/><F77/><W107/><G107/><T126/><D126/><U120/><E120/><V101/><F40/><W82/><G79/><T14/><D14/><U21/><E98/><V133/><F133/><W28/><G125/><T83/><D83/><U57/><E50/><V32/><F38/><W127/><G128/><T90/><D103/><U29/><E29/><V105/><F37/><W31/><G31/><T16/><REACH who="0" step="1"/><D11/><REACH who="0" ten="240,250,250,250" step="2"/><U89/><E89/><V134/><F100/><W84/><G127/><T96/><D96/><U104/><E104/><V130/><F130/><W24/><G24/><T113/><D113/><U112/><E112/><V45/><F134/><W70/><G72/><T73/><D73/><U129/><E129/><V123/><F123/><W119/><G9/><T66/><D66/><U80/><E80/><V97/><F25/><W8/><G8/><T87/><D87/><U1/><AGARI ba="0,1" hai="0,1,3,13,18,21,57,59" m="2089,41993" machi="1" ten="40,1500,0" yaku="14,1" doraHai="115" who="1" fromWho="1" sc="240,-7,250,25,250,-4,250,-4" />
</Scene>
<Scene>
<INIT seed="1,0,0,1,5,118" ten="233,275,246,246" oya="1" hai0="28,57,122,11,104,81,80,23,0,34,98,3,89" hai1="114,14,33,30,5,130,67,24,15,121,69,77,92" hai2="8,62,101,126,45,44,22,105,109,113,37,72,25" hai3="131,39,50,75,68,106,35,4,129,64,132,88,123"/><U65/><E121/><V127/><F72/><W59/><G39/><T99/><D34/><U96/><E114/><V36/><F109/><W70/><G106/><T87/><D57/><U66/><E69/><V6/><F101/><W63/><G75/><T9/><D104/><U91/><E130/><N who="3" m="49674" /><G35/><T93/><D0/><U112/><E112/><V134/><F105/><W95/><G4/><T32/><D32/><U56/><E77/><V42/><F113/><W19/><G132/><T117/><D117/><U2/><REACH who="1" step="1"/><E56/><REACH who="1" ten="233,265,246,246" step="2"/><V115/><F115/><W7/><G123/><T21/><D122/><U16/><E16/><V125/><F134/><W97/><G19/><T29/><D28/><U48/><E48/><V20/><F62/><W94/><G50/><T79/><D29/><U54/><E54/><V111/><F111/><W128/><G128/><T84/><D79/><U40/><E40/><V110/><F110/><W119/><G119/><T90/><D3/><U135/><E135/><V26/><F42/><W86/><G7/><T78/><D78/><U103/><E103/><AGARI ba="0,1" hai="59,63,64,68,70,86,88,94,95,97,103" m="49674" machi="103" ten="30,2000,0" yaku="19,1,54,1" doraHai="118" who="3" fromWho="1" sc="233,0,265,-20,246,0,246,30" />
</Scene>
<Scene>
<INIT seed="2,0,0,5,5,83" ten="233,245,246,276" oya="2" hai0="90,105,81,12,42,62,53,117,85,115,73,8,91" hai1="1,133,45,69,127,76,95,19,70,71,61,98,63" hai2="89,114,29,41,46,59,60,134,124,88,103,80,120" hai3="54,64,113,51,10,125,38,66,31,49,58,72,0"/><V121/><F114/><W47/><G72/><T26/><D115/><U92/><E1/><V32/><F103/><W33/><G38/><T2/><D2/><U123/><E127/><V13/><F124/><W16/><G125/><T110/><D105/><U86/><E133/><V6/><F134/><W36/><G36/><T116/><D110/><U119/><E119/><N who="0" m="45641" /><D42/><U77/><E123/><V128/><F128/><W68/><G68/><T3/><D3/><U18/><E45/><V135/><F135/><W22/><G33/><T34/><D73/><U20/><E20/><V107/><F107/><W87/><G31/><N who="0" m="19831" /><D62/><N who="1" m="23563" /><E86/><V126/><F126/><W101/><G10/><T43/><D43/><U131/><E98/><V4/><F32/><W93/><G0/><T37/><D37/><U56/><E56/><V109/><F29/><W25/><G113/><T11/><D53/><U102/><E102/><V111/><F121/><W15/><G25/><T39/><D39/><U24/><E24/><V23/><F120/><W55/><G101/><T104/><D104/><U118/><E118/><V122/><F122/><W112/><G112/><T82/><D12/><U129/><E129/><V17/><F109/><W84/><G84/><AGARI ba="0,0" hai="8,11,81,82,84,85,90,91" m="19831,45641" machi="84" ten="30,3900,0" yaku="12,1,52,2" doraHai="83" who="0" fromWho="3" sc="233,39,245,0,246,0,276,-39" />
</Scene>
<Scene>
<INIT seed="3,0,0,2,4,122" ten="272,245,246,237" oya="3" hai0="111,73,134,21,40,27,76,83,109,130,110,25,56" hai1="108,133,49,93,9,60,84,23,77,47,125,19,85" hai2="91,65,54,116,105,70,32,67,50,98,71,5,4" hai3="74,128,34,43,114,92,39,126,113,101,72,36,104"/><W124/><G34/><T18/><D134/><U31/><E125/><N who="3" m="48234" /><G43/><T64/><D130/><U96/><E133/><V107/><F116/><W88/><G128/><T6/><D6/><U1/><E108/><V48/><F91/><W26/><G26/><N who="0" m="14647" /><D40/><U35/><E60/><AGARI ba="0,0" hai="25,27,56,60,64,73,76,83,109,110,111" m="14647" machi="60" ten="30,7700,0" yaku="14,1,52,3" doraHai="122" who="0" fromWho="1" sc="272,77,245,-77,246,0,237,0" />
</Scene>
<Scene>
<INIT seed="4,0,0,2,0,55" ten="349,168,246,237" oya="0" hai0="100,62,2,114,129,46,61,32,87,8,73,109,24" hai1="122,25,69,85,106,98,18,13,54,27,35,65,131" hai2="124,105,119,103,91,40,20,81,42,84,86,132,56" hai3="16,72,22,108,7,113,93,77,107,67,78,23,102"/><T31/><D73/><U94/><E122/><V92/><F124/><W43/><G107/><T48/><D100/><U123/><E123/><V120/><F132/><W50/><G108/><T33/><D33/><U90/><E131/><V17/><F120/><W71/><G72/><T127/><D129/><U111/><E111/><V37/><F37/><W3/><G113/><T39/><D39/><U19/><E35/><V9/><F9/><W12/><G23/><T45/><D109/><U52/><E65/><V110/><F110/><W75/><G75/><T36/><D127/><U125/><E69/><V135/><F135/><W6/><G71/><T83/><D114/><U4/><E125/><V29/><F29/><W118/><G67/><T47/><D36/><U34/><E34/><V101/><F105/><W74/><G3/><T80/><D48/><U15/><E4/><N who="3" m="1578" /><G74/><T0/><D8/><N who="1" m="6439" /><E106/><V1/><F1/><W96/><G118/><T82/><D61/><U63/><E98/><V49/><F119/><W117/><G117/><T57/><REACH who="0" step="1"/><D87/><REACH who="0" ten="339,168,246,237" step="2"/><U64/><E63/><V41/><F86/><W76/><G50/><T134/><D134/><U133/><E133/><V21/><F103/><W38/><G38/><T68/><D68/><U88/><E85/><V89/><F101/><W116/><G116/><T51/><D51/><U66/><E66/><AGARI ba="0,1" hai="0,2,24,31,32,45,46,47,57,62,66,80,82,83" machi="66" ten="40,3900,0" yaku="1,1,52,1,53,0" doraHai="55" doraHaiUra="14" who="0" fromWho="1" sc="339,49,168,-39,246,0,237,0" />
</Scene>
<Scene>
<INIT seed="4,1,0,5,0,48" ten="388,129,246,237" oya="0" hai0="11,35,80,51,134,100,1,98,52,131,103,62,47" hai1="60,54,9,91,108,97,10,89,14,53,46,130,55" hai2="92,101,45,122,115,27,38,79,18,90,5,16,93" hai3="24,15,132,123,125,37,2,64,129,88,59,86,121"/><T133/><D35/><U70/><E108/><V102/><F122/><W19/><G2/><T85/><D131/><U33/><E33/><V124/><F79/><W105/><G37/><T31/><D31/><U41/><E130/><V42/><F115/><W43/><G43/><T73/><D73/><U66/><E97/><V81/><F5/><W6/><G105/><T78/><D62/><U22/><E22/><V30/><F124/><W68/><G68/><T127/><D127/><U118/><E118/><V71/><F71/><W77/><G77/><T112/><D112/><U95/><E95/><V65/><F65/><W94/><G125/><T113/><D113/><U61/><E61/><V119/><F81/><W76/><G76/><T40/><D40/><U17/><REACH who="1" step="1"/><E9/><REACH who="1" ten="388,119,246,237" step="2"/><V74/><F119/><W82/><G94/><T56/><D98/><U25/><E25/><V49/><F92/><W50/><G129/><T32/><D32/><U110/><E110/><V96/><F74/><W13/><G24/><T107/><D11/><U12/><E12/><V69/><F38/><AGARI ba="1,1" hai="10,14,17,38,41,46,53,54,55,60,66,70,89,91" machi="38" ten="40,8000,1" yaku="1,1,52,3,53,0" doraHai="48" doraHaiUra="120" who="1" fromWho="2" sc="388,0,119,93,246,-83,237,0" />
</Scene>
<Scene>
<INIT seed="5,0,0,2,2,119" ten="388,212,163,237" oya="1" hai0="105,85,130,69,108,53,126,37,133,75,47,121,5" hai1="12,41,73,97,21,80,129,17,81,58,86,96,25" hai2="91,62,111,99,14,103,109,122,3,20,0,82,93" hai3="120,55,110,68,132,102,87,77,57,1,64,49,118"/><U125/><E125/><V30/><F122/><W29/><G110/><T76/><RYUUKYOKU type="yao9" ba="0,0" sc="388,0,212,0,163,0,237,0" hai0="5,37,47,53,69,75,76,85,105,108,121,126,130,133" />
</Scene>
<Scene>
<INIT seed="5,1,0,3,2,90" ten="388,212,163,237" oya="1" hai0="97,76,69,117,133,88,67,63,2,7,86,28,104" hai1="12,73,98,119,14,62,16,48,77,130,58,105,134" hai2="118,56,5,85,46,19,92,127,83,71,4,13,124" hai3="27,53,45,74,123,65,108,54,91,3,44,113,34"/><U51/><E119/><V103/><F71/><W23/><G108/><T11/><D117/><U32/><E32/><V33/><F33/><W80/><G123/><T41/><D133/><U64/><E134/><V66/><F118/><W40/><G3/><T59/><D28/><U68/><E130/><V89/><F46/><W37/><G34/><T106/><D41/><U29/><E29/><V35/><F35/><W101/><G44/><T115/><D115/><U38/><E38/><V36/><F36/><W116/><G113/><T99/><D76/><U25/><E77/><V24/><F24/><W111/><G111/><T30/><D30/><U72/><E72/><V100/><F66/><W102/><G65/><T50/><D106/><U128/><E73/><V96/><F56/><W0/><G0/><T20/><D104/><U31/><E31/><V39/><F103/><W49/><G54/><T129/><D20/><N who="1" m="13447" /><E128/><V60/><F60/><W82/><G74/><T1/><D1/><U9/><E68/><V55/><F55/><W135/><G40/><T17/><D129/><U122/><E122/><V42/><F42/><W95/><G37/><T6/><D6/><N who="1" m="3127" /><E105/><V84/><F84/><N who="3" m="52711" /><G135/><T52/><D17/><U110/><E110/><V43/><F43/><W114/><G114/><T22/><D22/><U75/><E75/><V10/><REACH who="2" step="1"/><F39/><REACH who="2" ten="388,212,153,237" step="2"/><W120/><G116/><T112/><D112/><U79/><E64/><V78/><F78/><W109/><G120/><T81/><AGARI ba="1,1" hai="2,7,11,50,52,59,63,67,69,81,86,88,97,99" machi="81" ten="20,5200,0" yaku="0,1,7,1,54,2" doraHai="90" who="0" fromWho="0" sc="388,65,212,-27,153,-14,237,-14" />
</Scene>
<Scene>
<INIT seed="6,0,0,2,1,109" ten="453,185,139,223" oya="2" hai0="6,26,0,41,85,66,30,123,88,39,84,129,108" hai1="124,111,115,68,25,93,100,72,71,38,44,13,51" hai2="16,106,55,21,61,14,118,23,17,133,121,52,15" hai3="48,69,50,94,4,134,60,103,28,27,56,12,3"/><V70/><F118/><W116/><G116/><T9/><D108/><U5/><E38/><V98/><F121/><W102/><G3/><T53/><D123/><U125/><E111/><V77/><F133/><W7/><G69/><T58/><D66/><U32/><E72/><V113/><F113/><W37/><G37/><T128/><D41/><U86/><E115/><V78/><F106/><W110/><G110/><T33/><D39/><U34/><E100/><V74/><F98/><W65/><G103/><T81/><REACH who="0" step="1"/><D85/><REACH who="0" ten="443,185,139,223" step="2"/><U112/><E86/><V80/><F77/><W117/><G65/><AGARI ba="0,1" hai="14,15,16,17,21,23,52,55,61,65,70,74,78,80" machi="65" ten="40,7700,0" yaku="9,1,54,2" doraHai="109" who="2" fromWho="3" sc="443,0,185,0,139,87,223,-77" />
</Scene>
<Scene>
<INIT seed="6,1,0,0,3,51" ten="443,185,226,146" oya="2" hai0="94,120,30,91,3,11,41,123,132,47,26,33,18" hai1="100,71,61,2,126,69,58,78,5,104,135,117,62" hai2="68,10,86,45,80,114,43,24,40,116,83,105,29" hai3="42,115,88,50,0,131,17,82,124,98,21,4,103"/><V111/><F116/><W7/><G124/><T16/><D132/><U35/><E117/><V97/><F68/><W12/><G131/><T102/><D102/><U130/><E35/><V54/><F114/><W52/><G115/><T81/><D81/><U106/><E130/><V108/><F10/><W1/><G42/><T8/><D8/><U72/><E135/><V134/><F134/><W60/><G60/><T19/><D3/><U44/><E44/><V77/><F105/><W129/><G0/><T65/><D65/><U25/><E25/><V48/><F97/><W127/><G1/><T32/><D32/><U110/><E110/><N who="2" m="42027" /><F83/><W75/><G127/><T112/><D112/><U95/><E106/><V87/><F86/><N who="3" m="50263" /><G75/><T93/><D11/><U56/><E72/><V14/><F14/><W96/><G129/><T128/><D128/><U76/><E104/><V9/><F9/><W31/><G31/><T38/><REACH who="0" step="1"/><D91/><REACH who="0" ten="433,185,226,146" step="2"/><U73/><E126/><V15/><F15/><W55/><G103/><T121/><AGARI ba="1,1" hai="16,18,19,26,30,33,38,41,47,93,94,120,121,123" machi="121" ten="40,8000,1" yaku="1,1,2,1,0,1,54,1,53,0" doraHai="51" doraHaiUra="53" who="0" fromWho="0" sc="433,93,185,-21,226,-41,146,-21" />
</Scene>
<Scene>
<INIT seed="7,0,0,3,2,11" ten="526,164,185,125" oya="3" hai0="65,69,133,23,21,83,127,112,113,35,108,70,90" hai1="10,103,124,16,53,51,81,97,6,68,50,46,15" hai2="99,98,66,18,7,43,60,30,33,78,56,80,118" hai3="48,109,104,76,64,128,14,44,25,63,28,131,93"/><W42/><G104/><T32/><D108/><U125/><E68/><N who="0" m="26217" /><D65/><U29/><E29/><V87/><F7/><W72/><G109/><T20/><D127/><N who="1" m="48715" /><E81/><V27/><F118/><W120/><G120/><T40/><D40/><U130/><E130/><N who="3" m="49706" /><G93/><T4/><D4/><U122/><E122/><V105/><F105/><W0/><G0/><T111/><D111/><U12/><E51/><V54/><F43/><W77/><G72/><T96/><D133/><U41/><E41/><V9/><F66/><W38/><G38/><T37/><D37/><U67/><E67/><V13/><AGARI ba="0,0" hai="9,13,18,27,30,33,54,56,60,78,80,87,98,99" machi="13" ten="30,2000,0" yaku="0,1,52,1" doraHai="11" who="2" fromWho="2" sc="526,-5,164,-5,185,20,125,-10" owari="521,61.0,159,-24.0,205,1.0,115,-38.0" />
</Scene>
</mjloggm>