<mjloggm ver="2.3"><GO type="169" lobby="0"/><UN n0="%61%74%79%61%6E" n1="%E5%A4%AA%E3%81%8F%E3%81%AA%E3%81%84%E3%81%8A" n2="%E3%81%AB%E3%82%85%E3%83%BC%53" n3="%E3%81%8F%E3%82%89%E3%81%BF%E3%81%98%E3%81%82" dan="18,18,16,16" rate="2217.87,2248.09,2059.91,2166.32" sx="M,M,F,M"/><TAIKYOKU oya="0"/>

<Scene>
<INIT seed="0,0,0,2,3,82" ten="250,250,250,250" oya="0" hai0="72,63,36,51,14,84,97,130,120,35,49,27,109" hai1="39,98,13,93,26,60,74,104,99,8,135,101,4" hai2="25,116,67,89,70,12,52,128,48,79,20,19,134" hai3="33,17,1,55,106,112,100,57,9,15,94,46,0"/><T54/><D72/><U58/><E135/><V91/><F116/><W50/><G106/><T83/><D120/><U2/><E74/><V37/><F134/><W118/><G33/><T22/><D36/><U45/><E26/><V75/><F37/><W110/><G118/><T102/><D130/><U96/><E2/><V41/><F128/><W29/><G112/><T40/><D35/><U11/><E11/><V31/><F41/><W10/><G110/><T125/><D125/><U123/><E123/><V127/><F127/><W126/><G126/><T5/><D40/><U108/><E108/><V44/><F70/><W129/><G29/><T132/><D132/><U7/><E7/><V114/><F67/><W6/><G129/><T73/><D73/><U77/><E77/><V32/><REACH who="2" step="1"/><F114/><REACH who="2" ten="250,250,240,250" step="2"/><W65/><G65/><T69/><D109/><U28/><E39/><V3/><F3/><W103/><G1/><T16/><D69/><U42/><E42/><V78/><F78/><W124/><G124/><T34/><D54/><U68/><E68/><V71/><F71/><W133/><G133/><T38/><D38/><U47/><E28/><V113/><F113/><W105/><G105/><T30/><D63/><U53/><E104/><V80/><AGARI ba="0,1" hai="12,19,20,25,31,32,44,48,52,75,79,80,89,91" machi="80" ten="30,4000,0" yaku="1,1,0,1,54,1,53,0" doraHai="82" doraHaiUra="131" who="2" fromWho="2" sc="250,-20,250,-10,240,50,250,-10" />
</Scene>
<Scene>
<INIT seed="1,0,0,3,2,79" ten="230,240,290,240" oya="1" hai0="33,57,103,102,29,60,48,74,88,38,92,113,54" hai1="46,134,1,36,126,121,97,101,44,93,123,73,130" hai2="128,9,31,85,35,95,16,135,63,64,78,105,12" hai3="109,20,108,47,127,6,7,106,52,96,27,51,61"/><U124/><E1/><V17/><F105/><W55/><G127/><N who="1" m="48682" /><E36/><V21/><F135/><W100/><G61/><T82/><D38/><U14/><E134/><V45/><F128/><W32/><G32/><T23/><D33/><U104/><E130/><V2/><F2/><W91/><G91/><T59/><D113/><U107/><E14/><V118/><F118/><W133/><G55/><T75/><D75/><U71/><E71/><V37/><F35/><W4/><REACH who="3" step="1"/><G133/><REACH who="3" ten="230,240,290,230" step="2"/><T56/><D60/><U117/><E117/><V112/><F112/><W5/><N who="3" m="1024" /><DORA hai="0" /><W49/><G49/><T67/><D48/><U40/><E46/><V69/><F45/><W132/><G132/><T115/><D54/><U84/><E44/><V11/><F37/><W42/><G42/><T13/><D59/><U25/><E40/><V43/><F43/><W87/><G87/><N who="0" m="50295" /><D57/><U72/><E84/><V68/><F68/><W30/><AGARI ba="0,1" hai="20,27,30,47,51,52,96,100,106,108,109" m="1024" machi="30" ten="40,16000,3" yaku="1,1,0,1,52,4,54,1,53,2" doraHai="79,0" doraHaiUra="99,41" who="3" fromWho="3" sc="230,-40,240,-80,290,-40,230,170" />
</Scene>
<Scene>
<INIT seed="2,0,0,4,0,99" ten="190,160,250,400" oya="2" hai0="89,124,24,37,106,34,127,18,95,10,5,0,60" hai1="128,125,47,129,105,87,39,69,71,72,42,36,40" hai2="93,100,31,111,6,33,98,73,74,90,110,96,7" hai3="64,19,134,101,23,118,9,1,11,51,14,29,21"/><V41/><F41/><W130/><G118/><T119/><D106/><U115/><E72/><N who="2" m="27755" /><F33/><W15/><G1/><T53/><D37/><U66/><E105/><N who="2" m="63623" /><F31/><W56/><G29/><T12/><D119/><U94/><E87/><V86/><F7/><W44/><G64/><T48/><D60/><N who="1" m="40135" /><E94/><N who="2" m="54615" /><F6/><W54/><G56/><N who="0" m="32807" /><D24/><U77/><E77/><V45/><F45/><W57/><G44/><T121/><D34/><U75/><E75/><V13/><F13/><W79/><G51/><T68/><D68/><U122/><E71/><V28/><F28/><W55/><G57/><T62/><D0/><U63/><E63/><V117/><F117/><W32/><G32/><T81/><D62/><U76/><E76/><V17/><F17/><W123/><G19/><T65/><D18/><U46/><E115/><V113/><F113/><W132/><G79/><T84/><D65/><U92/><E42/><V20/><F20/><W102/><REACH who="3" step="1"/><G123/><REACH who="3" ten="190,160,250,390" step="2"/><T2/><D2/><U82/><E122/><V26/><F26/><W38/><G38/><T35/><D121/><U78/><E39/><V50/><F50/><W8/><G8/><T25/><D35/><U52/><E47/><V4/><F4/><W22/><G22/><T135/><D25/><U108/><E36/><V116/><F116/><W109/><G109/><T107/><D10/><U120/><E40/><V59/><F59/><W112/><G112/><T27/><D27/><U85/><E108/><V83/><F83/><W49/><G49/><T97/><D81/><U67/><E120/><V88/><AGARI ba="0,1" hai="88,93,98,110,111" m="54615,63623,27755" machi="88" ten="30,11700,0" yaku="34,2,52,1,54,1" doraHai="99" who="2" fromWho="2" sc="190,-39,160,-39,250,127,390,-39" />
</Scene>
<Scene>
<INIT seed="2,1,0,4,1,58" ten="151,121,377,351" oya="2" hai0="20,4,54,3,108,102,9,16,76,83,19,68,89" hai1="31,128,2,51,7,38,24,112,90,36,93,79,52" hai2="66,78,106,71,26,39,34,59,87,120,72,86,27" hai3="55,96,121,1,119,49,101,131,134,124,126,115,77"/><V100/><F120/><W0/><G121/><T23/><D108/><U53/><E112/><V45/><F27/><W94/><G119/><T46/><D102/><U42/><E128/><V135/><F135/><W37/><G131/><T84/><D68/><U32/><E79/><V12/><F12/><W13/><G134/><T21/><D46/><U97/><E42/><V17/><F59/><W122/><G122/><T133/><D133/><U130/><E130/><V35/><F17/><W62/><G37/><T82/><REACH who="0" step="1"/><D54/><REACH who="0" ten="141,121,377,351" step="2"/><U30/><E53/><V117/><F45/><N who="3" m="28079" /><G115/><T63/><D63/><U28/><E38/><V56/><F100/><W85/><G62/><T99/><D99/><U75/><E36/><V65/><F39/><W88/><G77/><T10/><D10/><U70/><E70/><V114/><F71/><W50/><G50/><T40/><D40/><U60/><E60/><V110/><F78/><W92/><G126/><T127/><D127/><U22/><E51/><V80/><F114/><W33/><G124/><T113/><D113/><U67/><E52/><V123/><F123/><W109/><G109/><T111/><D111/><U25/><E67/><V116/><F66/><W48/><G48/><T104/><D104/><U95/><E97/><V129/><F65/><W81/><G101/><T29/><D29/><U15/><E30/><V44/><F110/><W61/><G96/><T118/><D118/><U91/><E31/><V73/><F117/><W8/><G61/><T18/><D18/><U125/><E125/><V47/><F47/><W14/><G8/><T69/><D69/><RYUUKYOKU ba="1,1" sc="141,30,121,-10,377,-10,351,-10" hai0="3,4,9,16,19,20,21,23,76,82,83,84,89" />
</Scene>
<Scene>
<INIT seed="3,2,1,1,1,88" ten="171,111,367,341" oya="3" hai0="85,115,118,123,19,112,55,29,69,2,106,93,30" hai1="53,97,80,31,49,14,21,35,103,62,72,3,108" hai2="121,105,119,84,11,16,90,33,96,22,46,81,59" hai3="56,87,67,66,20,131,0,45,32,61,78,44,104"/><W101/><G0/><T4/><D106/><U51/><E3/><V47/><F33/><W73/><G73/><T42/><D118/><U133/><E35/><V127/><F119/><W113/><G32/><T60/><D123/><U111/><E133/><V82/><F121/><W124/><G113/><N who="0" m="43595" /><D42/><U94/><E62/><V77/><F127/><W18/><G124/><T65/><D55/><U120/><E120/><V132/><F132/><W125/><G125/><T79/><D19/><U134/><E134/><V117/><F117/><W102/><G104/><T135/><D135/><U27/><E14/><N who="2" m="9495" /><F105/><W75/><G75/><T110/><D110/><N who="1" m="42027" /><E53/><V76/><F11/><W10/><G10/><N who="0" m="2327" /><D93/><U26/><E26/><V43/><F43/><W128/><G67/><T122/><D122/><U126/><E126/><V98/><F59/><W37/><G37/><T24/><D24/><U71/><E71/><V99/><F82/><AGARI ba="2,1" hai="29,30,60,65,69,79,82,85" m="2327,43595" machi="82" ten="30,1000,0" yaku="11,1" doraHai="88" who="0" fromWho="2" sc="171,26,111,0,367,-16,341,0" />
</Scene>
<Scene>
<INIT seed="4,0,0,4,3,86" ten="197,111,351,341" oya="0" hai0="134,26,116,102,42,63,5,46,19,2,57,103,114" hai1="108,48,47,94,23,111,67,20,16,74,91,117,25" hai2="110,115,56,84,14,121,34,82,60,100,109,28,49" hai3="43,133,4,92,90,118,125,52,58,123,95,12,45"/><T6/><D116/><U81/><E117/><V80/><F121/><W33/><G123/><T69/><D114/><U64/><E108/><V107/><F115/><W73/><G33/><T32/><D69/><U83/><E111/><V0/><F0/><W27/><G73/><T17/><D134/><U21/><E74/><V10/><F80/><N who="1" m="30793" /><E67/><V24/><F49/><N who="3" m="26815" /><G118/><T61/><D2/><U8/><E64/><V126/><F126/><W128/><G125/><T11/><D32/><U101/><E101/><V55/><F100/><W22/><G128/><T71/><D71/><U105/><E105/><V1/><F1/><W44/><G44/><T65/><D102/><U54/><E8/><V120/><F107/><W97/><G95/><T3/><D103/><U75/><E75/><V127/><F127/><W77/><G77/><T35/><D61/><U113/><E113/><V87/><F87/><AGARI ba="0,0" hai="16,20,21,23,25,47,48,54,87,91,94" m="30793" machi="87" ten="30,3900,0" yaku="8,1,52,1,54,1" doraHai="86" who="1" fromWho="2" sc="197,0,111,39,351,-39,341,0" />
</Scene>
<Scene>
<INIT seed="5,0,0,4,0,37" ten="197,150,312,341" oya="1" hai0="102,52,113,22,46,15,82,26,112,33,93,12,13" hai1="120,98,89,56,104,11,72,75,61,99,91,96,55" hai2="127,123,85,132,62,74,95,117,9,1,43,105,119" hai3="88,29,49,116,6,5,70,103,4,128,86,110,92"/><U54/><E120/><V68/><F123/><W63/><G110/><T134/><D134/><U51/><E104/><V118/><F105/><W39/><G39/><T48/><D33/><U78/><E11/><V36/><F74/><W40/><G116/><T34/><D34/><U106/><E106/><V87/><F127/><W124/><G124/><T65/><D65/><U25/><E25/><V19/><F132/><W111/><G111/><T135/><D135/><U66/><E55/><V35/><F35/><W73/><G73/><T60/><D60/><U14/><E14/><V100/><F68/><W2/><G2/><T131/><D82/><U3/><E3/><V57/><F100/><W71/><G128/><T24/><D131/><U42/><E42/><V16/><F95/><W109/><G103/><T45/><D45/><U126/><E126/><V28/><F28/><W59/><G29/><T115/><REACH who="0" step="1"/><D22/><REACH who="0" ten="187,150,312,341" step="2"/><U90/><REACH who="1" step="1"/><E78/><REACH who="1" ten="187,140,312,341" step="2"/><V58/><F117/><W84/><G109/><T21/><D21/><U7/><E7/><V80/><F118/><W64/><G4/><T108/><D108/><U130/><E130/><V125/><F125/><W41/><G5/><T133/><D133/><U77/><E77/><V69/><F119/><W18/><G6/><T79/><D79/><U114/><E114/><V44/><F1/><W67/><G67/><T0/><D0/><U81/><E81/><V38/><F80/><W8/><G64/><T121/><D121/><U97/><N who="1" m="24576" /><DORA hai="10" /><U129/><E129/><V76/><F76/><W101/><G101/><T50/><D50/><U32/><E32/><RYUUKYOKU ba="0,2" sc="187,15,140,15,312,-15,341,-15" hai0="12,13,15,24,26,46,48,52,93,102,112,113,115" hai1="51,54,56,61,66,72,75,89,90,91" />
</Scene>
<Scene>
<INIT seed="5,1,2,4,1,110" ten="202,155,297,326" oya="1" hai0="7,25,24,96,85,79,29,93,111,6,21,37,78" hai1="46,97,116,114,109,87,43,45,16,130,3,4,127" hai2="28,129,62,60,134,80,66,23,32,13,27,38,75" hai3="47,104,12,26,15,99,131,77,22,57,52,126,64"/><U73/><E73/><V91/><F38/><W14/><G131/><T56/><D37/><U121/><E116/><V135/><F129/><W2/><G2/><T0/><D111/><U44/><E109/><V118/><F118/><W107/><G126/><T11/><D7/><U33/><E130/><V48/><F48/><W36/><G77/><T133/><D133/><N who="2" m="50698" /><F66/><W72/><G72/><T117/><D117/><U19/><E121/><V58/><F58/><W113/><G64/><T51/><D85/><U9/><E127/><V86/><F75/><W115/><G47/><T1/><D1/><U90/><E43/><V105/><F105/><W89/><G36/><T17/><D51/><U35/><E97/><V84/><F84/><W65/><G65/><T30/><D56/><U95/><REACH who="1" step="1"/><E114/><REACH who="1" ten="202,145,297,326" step="2"/><N who="3" m="43530" /><G99/><T120/><D120/><U68/><E68/><V119/><F119/><W18/><G89/><T67/><D79/><U83/><E83/><V101/><F101/><W69/><G69/><T63/><D78/><U10/><E10/><V132/><F132/><W61/><AGARI ba="1,3" hai="12,14,15,18,22,26,52,57,61,104,107" m="43530" machi="61" ten="30,8000,1" yaku="15,1,52,3,54,1" doraHai="110" who="3" fromWho="3" sc="202,-21,145,-41,297,-21,326,113" />
</Scene>
<Scene>
<INIT seed="6,0,0,4,3,7" ten="181,104,276,439" oya="2" hai0="102,14,3,30,17,91,76,11,75,67,36,126,130" hai1="24,99,128,134,100,129,116,34,21,10,35,87,121" hai2="125,29,41,103,92,15,57,45,133,49,120,117,44" hai3="0,107,86,88,89,70,74,114,115,16,95,37,8"/><V28/><F120/><W40/><G70/><T105/><D36/><U80/><E116/><V113/><F117/><W69/><G69/><T118/><D118/><U38/><E38/><V43/><F125/><W23/><G107/><T73/><D76/><U111/><E111/><V101/><F133/><W104/><G104/><T4/><D130/><N who="1" m="50283" /><E134/><V64/><F113/><W77/><G89/><T65/><D30/><N who="2" m="11882" /><F92/><W55/><G55/><T122/><D122/><U13/><E121/><V33/><F33/><W68/><G68/><T47/><D47/><U48/><E48/><N who="2" m="26639" /><F15/><W46/><G74/><T25/><D25/><U54/><E54/><V31/><N who="2" m="11890" /><V32/><DORA hai="66" /><F32/><W106/><G106/><T60/><D75/><U22/><E100/><V20/><F20/><N who="1" m="7785" /><E99/><V96/><F96/><W50/><G37/><T83/><D102/><U19/><E24/><V9/><F9/><W79/><G8/><T82/><D105/><U94/><E94/><V135/><F135/><W5/><G0/><T59/><D126/><U1/><E1/><V61/><AGARI ba="0,0" hai="43,45,49,57,61,64,101,103" m="26639,11890" machi="61" ten="40,2100,0" yaku="8,1" doraHai="7,66" who="2" fromWho="2" sc="181,-7,104,-7,276,21,439,-7" />
</Scene>
<Scene>
<INIT seed="6,1,0,4,0,119" ten="174,97,297,432" oya="2" hai0="33,68,66,53,106,35,130,82,75,10,108,71,7" hai1="2,41,63,93,18,58,121,64,73,42,47,15,89" hai2="72,34,23,88,24,110,6,125,61,81,90,67,14" hai3="85,45,124,56,98,11,69,132,135,87,1,31,83"/><V107/><F107/><W46/><G69/><N who="0" m="26699" /><D53/><U30/><E2/><V114/><F34/><N who="0" m="12810" /><D66/><U133/><E133/><V39/><F39/><W105/><G124/><T78/><D108/><U112/><E112/><V62/><F125/><W109/><G109/><T134/><D106/><U26/><E73/><V49/><F110/><W115/><G115/><T122/><D130/><U120/><E26/><V65/><F114/><W77/><G31/><T116/><D134/><N who="3" m="51241" /><G56/><T95/><D95/><U129/><E30/><N who="2" m="17695" /><F72/><W40/><G87/><T54/><D54/><U44/><E129/><V84/><F90/><W101/><G40/><T74/><D74/><U38/><E15/><V29/><F29/><W91/><G91/><T25/><D25/><U3/><E18/><V57/><F49/><W12/><G1/><N who="0" m="367" /><D116/><U52/><E3/><V21/><F62/><W19/><AGARI ba="1,0" hai="11,12,19,45,46,77,83,85,98,101,105" m="51241" machi="19" ten="30,1100,0" yaku="20,1" doraHai="119" who="3" fromWho="3" sc="174,-4,97,-4,297,-6,432,14" />
</Scene>
<Scene>
<INIT seed="7,0,0,5,1,74" ten="170,93,291,446" oya="3" hai0="93,102,26,133,49,88,1,60,14,123,78,69,4" hai1="48,98,67,127,68,97,53,87,92,71,50,56,64" hai2="51,15,95,100,122,47,27,80,37,39,91,35,16" hai3="130,65,121,62,131,45,63,111,113,134,76,81,105"/><W40/><G105/><T10/><D133/><U96/><E127/><V79/><F122/><W128/><G134/><T90/><D123/><U119/><E119/><V43/><F100/><W132/><G132/><T20/><D78/><U13/><E71/><V44/><F27/><W82/><G121/><T126/><D1/><U125/><E68/><V8/><F35/><W89/><G111/><T86/><D126/><U101/><E125/><V54/><F39/><W124/><G124/><T135/><D135/><U22/><E50/><V9/><F9/><W72/><G113/><T61/><D69/><U11/><E101/><V107/><F107/><W24/><G24/><T33/><D33/><U106/><E106/><V29/><F29/><W32/><G65/><T41/><D90/><U75/><E75/><V30/><F30/><W12/><G12/><T57/><D102/><U58/><E58/><V66/><F66/><W94/><G82/><T34/><D34/><U117/><E117/><V109/><F109/><W19/><G19/><N who="0" m="12575" /><D41/><U5/><REACH who="1" step="1"/><E22/><REACH who="1" ten="170,83,291,446" step="2"/><V55/><F37/><N who="3" m="21647" /><G32/><T70/><D70/><U31/><E31/><V103/><F103/><W115/><G115/><T17/><D49/><U73/><E73/><V120/><F120/><W59/><G59/><T21/><D57/><U118/><E118/><V3/><F51/><W6/><G131/><T38/><D38/><U83/><E83/><V77/><F80/><W84/><G130/><T23/><D23/><U116/><E116/><V18/><F47/><W42/><G128/><T0/><D21/><U112/><E112/><V110/><F44/><RYUUKYOKU ba="0,1" sc="170,15,83,15,291,-15,446,-15" hai0="0,4,10,14,17,60,61,86,88,93" hai1="5,11,13,48,53,56,64,67,87,92,96,97,98" owari="185,-21.0,98,-40.0,276,8.0,441,53.0" />
</Scene>
</mjloggm>