<mjloggm ver="2.3"><GO type="169" lobby="0"/><UN n0="%E7%9C%9F%E7%A9%BA%E3%83%95%E3%82%A7%E3%82%B9%E3%82%BF" n1="%74%61%63%6F%73" n2="%E5%A4%AA%E3%81%8F%E3%81%AA%E3%81%84%E3%81%8A" n3="%E3%83%AA%E3%83%BC%E3%83%81%EF%BC%81" dan="16,17,18,16" rate="2059.88,2212.25,2157.30,2049.96" sx="M,M,M,M"/><TAIKYOKU oya="0"/>

<Scene>
<INIT seed="0,0,0,3,3,125" ten="250,250,250,250" oya="0" hai0="63,72,16,98,39,83,122,12,22,60,37,73,38" hai1="113,132,89,68,18,36,135,127,7,100,124,82,44" hai2="90,121,48,96,56,84,28,111,55,47,61,109,5" hai3="102,59,46,24,31,43,29,15,62,66,99,117,54"/><T95/><D122/><U87/><E68/><V9/><F96/><W21/><G117/><T104/><D104/><U3/><E100/><V86/><F28/><W107/><G15/><T106/><D106/><U69/><E69/><V42/><F121/><W131/><G131/><T119/><D119/><U85/><E113/><V134/><F134/><N who="1" m="51241" /><E18/><V77/><F90/><W57/><G31/><T123/><D123/><U81/><E7/><V4/><F4/><W2/><G2/><T92/><D83/><U126/><E3/><V88/><F77/><W80/><G80/><N who="1" m="30826" /><E89/><V25/><F25/><W93/><G107/><T67/><D92/><U34/><E34/><V45/><F45/><W33/><G33/><T110/><D110/><N who="2" m="41994" /><F88/><W101/><G101/><T130/><D130/><U94/><E94/><V133/><F133/><W40/><G46/><T51/><D51/><AGARI ba="0,0" hai="21,24,29,40,43,51,54,57,59,62,66,93,99,102" machi="51" ten="30,7700,0" yaku="7,1,25,2,8,1" doraHai="125" who="3" fromWho="0" sc="250,-77,250,0,250,0,250,77" />
</Scene>
<Scene>
<INIT seed="1,0,0,5,0,31" ten="173,250,250,327" oya="1" hai0="47,88,49,53,81,33,129,93,50,130,95,76,35" hai1="110,25,0,36,63,5,2,17,4,104,29,15,41" hai2="90,30,102,46,59,98,52,122,73,62,86,38,78" hai3="75,106,91,23,22,135,14,64,42,67,56,21,107"/><U117/><E104/><V113/><F122/><W48/><G75/><T74/><D49/><U60/><E117/><V13/><F113/><W127/><G106/><T100/><D100/><U120/><E120/><V83/><F30/><W99/><G135/><T43/><D43/><U58/><E110/><V92/><F13/><W8/><G127/><T126/><D126/><U71/><E71/><V37/><REACH who="2" step="1"/><F46/><REACH who="2" ten="173,250,240,327" step="2"/><W132/><G14/><T66/><D66/><U131/><E0/><V108/><F108/><W118/><G64/><T125/><D125/><U7/><E2/><V111/><F111/><W20/><G67/><T85/><REACH who="0" step="1"/><D95/><AGARI ba="0,1" hai="37,38,52,59,62,73,78,83,86,90,92,95,98,102" machi="95" ten="30,7700,0" yaku="1,1,7,1,54,1,53,1" doraHai="31" doraHaiUra="80" who="2" fromWho="0" sc="173,-77,250,0,240,87,327,0" />
</Scene>
<Scene>
<INIT seed="2,0,0,1,5,25" ten="96,250,327,327" oya="2" hai0="16,8,34,99,95,47,134,112,6,54,3,38,27" hai1="0,68,22,31,98,66,80,126,29,74,59,46,18" hai2="132,9,37,81,130,100,84,24,118,110,73,44,135" hai3="133,83,125,79,70,113,10,40,5,128,23,19,20"/><V33/><F118/><W1/><G70/><T116/><D116/><U69/><E0/><V86/><F130/><W45/><G128/><T61/><D112/><U15/><E126/><V121/><F121/><W104/><G104/><T75/><D75/><U43/><E98/><V4/><F100/><W36/><G125/><T35/><D134/><N who="2" m="51242" /><F110/><W120/><G133/><T85/><D85/><U60/><E69/><V103/><F103/><W90/><G90/><T89/><D38/><U92/><E92/><V48/><F37/><W129/><G129/><T78/><D78/><U28/><E68/><V122/><F122/><W94/><G94/><T71/><D71/><U91/><E91/><V51/><F73/><N who="3" m="43503" /><G120/><T14/><D47/><U67/><E67/><V124/><F124/><W88/><G88/><T11/><REACH who="0" step="1"/><D27/><REACH who="0" ten="86,250,327,327" step="2"/><U49/><E74/><V76/><F84/><W58/><G113/><T52/><D52/><N who="1" m="29751" /><E80/><V42/><F44/><W32/><G45/><T55/><D55/><U101/><E101/><V64/><F64/><W106/><G36/><T96/><D96/><U65/><E43/><V114/><F42/><W17/><G40/><T26/><D26/><N who="1" m="16471" /><E65/><V12/><F114/><W50/><G106/><T72/><D72/><U7/><E7/><V123/><F123/><W53/><G5/><T13/><D13/><U30/><E15/><V119/><F119/><W39/><G39/><T107/><D107/><U56/><E56/><AGARI ba="0,1" hai="3,6,8,11,14,16,34,35,54,56,61,89,95,99" machi="56" ten="40,5200,0" yaku="1,1,54,1,53,1" doraHai="25" doraHaiUra="2" who="0" fromWho="1" sc="86,62,250,-52,327,0,327,0" />
</Scene>
<Scene>
<INIT seed="3,0,0,0,5,32" ten="148,198,327,327" oya="3" hai0="37,89,8,19,50,43,36,83,123,39,95,0,41" hai1="42,16,100,26,130,73,87,133,85,48,63,119,14" hai2="40,106,97,34,79,54,99,132,1,80,82,78,88" hai3="21,135,13,51,90,102,124,105,74,24,10,60,125"/><W129/><G74/><T45/><D123/><U91/><E119/><V117/><F34/><W112/><G112/><T81/><D19/><U70/><E73/><V62/><F117/><W52/><G60/><T33/><D33/><U111/><E111/><V44/><F132/><W114/><G114/><T131/><D131/><U93/><E133/><V92/><F1/><W84/><G135/><T120/><D120/><U55/><E100/><V15/><F106/><W108/><G129/><T58/><D58/><N who="1" m="35295" /><E70/><V113/><F97/><W22/><G108/><T20/><D20/><N who="1" m="13575" /><E130/><V57/><F15/><W49/><G102/><T121/><D121/><U96/><E14/><V126/><F126/><N who="3" m="48747" /><G105/><T4/><REACH who="0" step="1"/><D41/><REACH who="0" ten="138,198,327,327" step="2"/><U6/><E6/><V128/><F128/><W64/><G22/><T103/><D103/><U104/><E104/><V28/><F113/><W9/><G21/><T69/><D69/><U59/><E59/><V29/><F40/><W5/><G5/><T134/><D134/><U30/><E30/><V23/><F29/><W122/><G122/><T67/><D67/><U116/><E116/><V72/><F28/><W56/><G64/><T68/><D68/><U77/><E42/><V25/><F23/><W86/><G56/><T71/><D71/><U7/><E7/><V2/><F57/><W107/><G107/><T109/><D109/><U17/><E17/><V98/><F62/><W38/><G24/><T3/><D3/><U47/><E77/><V31/><F25/><W115/><G115/><T61/><D61/><U118/><E118/><V65/><F65/><W66/><G66/><RYUUKYOKU ba="0,1" sc="138,15,198,15,327,-15,327,-15" hai0="0,4,8,36,37,39,43,45,50,81,83,89,95" hai1="47,48,85,87,91,93,96" />
</Scene>
<Scene>
<INIT seed="4,1,1,3,4,5" ten="153,213,312,312" oya="0" hai0="29,116,98,88,27,9,105,44,12,113,45,38,52" hai1="68,118,28,130,81,15,109,49,83,127,30,124,90" hai2="36,117,3,8,26,95,20,64,16,57,55,97,50" hai3="48,129,56,4,106,22,111,41,96,39,125,67,71"/><T21/><D116/><U102/><E118/><V51/><F36/><W43/><G4/><T14/><D105/><U31/><E68/><V37/><F37/><W63/><G22/><T87/><D98/><U72/><E109/><V85/><F117/><W13/><G13/><T104/><D104/><U114/><E114/><V91/><F64/><W17/><G17/><T24/><D113/><U46/><E102/><V89/><F3/><W78/><G78/><T134/><D38/><U132/><E132/><V123/><F123/><W33/><G33/><T75/><D75/><U32/><E32/><V128/><F128/><W65/><G96/><T18/><D134/><U107/><E107/><V122/><F122/><W120/><G106/><T92/><D24/><U77/><E130/><V58/><F8/><W110/><G129/><T23/><D52/><N who="1" m="29751" /><E15/><V80/><F58/><W100/><G100/><T11/><D21/><U70/><E70/><V2/><F2/><W99/><G71/><T19/><AGARI ba="1,1" hai="9,11,12,14,18,19,23,27,29,44,45,87,88,92" machi="19" ten="20,18000,2" yaku="0,1,7,1,9,1,8,1,52,2,54,1" doraHai="5" who="0" fromWho="0" sc="153,193,213,-61,312,-61,312,-61" />
</Scene>
<Scene>
<INIT seed="4,2,0,2,4,51" ten="346,152,251,251" oya="0" hai0="39,125,106,40,89,115,7,58,52,94,108,19,29" hai1="62,95,20,93,65,63,31,121,68,30,113,16,45" hai2="127,102,135,53,131,55,71,105,134,120,119,36,128" hai3="82,50,21,46,75,42,11,13,109,59,1,28,69"/><T81/><D106/><U104/><E121/><V44/><F120/><W101/><G69/><T88/><D7/><U92/><E104/><V96/><F71/><W14/><G109/><T116/><D108/><U78/><E113/><V111/><F111/><W122/><G101/><T83/><D29/><U103/><E103/><V67/><F67/><W126/><G122/><T41/><D115/><U90/><E78/><V47/><F119/><W34/><G34/><T64/><D64/><U133/><E133/><N who="2" m="50699" /><F127/><W3/><G126/><T5/><D5/><U15/><E62/><V80/><F80/><N who="0" m="30794" /><D39/><U9/><E90/><N who="0" m="34921" /><D116/><U43/><REACH who="1" step="1"/><E9/><REACH who="1" ten="346,142,251,251" step="2"/><V129/><F36/><AGARI ba="2,1" hai="15,16,20,30,31,36,43,45,63,65,68,92,93,95" machi="36" ten="40,5200,0" yaku="1,1,2,1,54,1,53,0" doraHai="51" doraHaiUra="110" who="1" fromWho="2" sc="346,0,142,68,251,-58,251,0" />
</Scene>
<Scene>
<INIT seed="5,0,0,2,0,39" ten="346,210,193,251" oya="1" hai0="34,117,104,35,50,111,58,40,5,123,100,26,6" hai1="27,70,21,10,74,24,113,118,87,53,63,4,9" hai2="96,73,55,105,121,134,80,54,60,59,41,48,119" hai3="19,12,7,67,8,45,1,107,88,79,14,56,68"/><U82/><E118/><V16/><F119/><W110/><G107/><T81/><D117/><U94/><E113/><V92/><F121/><W13/><G68/><T38/><D111/><U95/><E74/><V85/><F134/><W91/><G110/><T93/><D104/><U22/><E70/><V65/><F105/><W133/><G133/><T29/><D123/><U44/><E63/><V76/><F73/><W130/><G130/><T116/><D35/><U135/><E135/><V2/><F2/><W126/><G126/><T20/><D34/><U108/><E108/><V124/><F124/><W33/><G33/><T43/><D38/><U114/><E114/><V120/><F120/><W71/><G71/><T83/><D116/><U127/><E127/><V86/><F86/><W23/><G79/><T99/><D58/><U49/><E21/><V11/><F41/><N who="0" m="15946" /><D50/><U129/><E129/><V18/><F11/><N who="1" m="4105" /><E4/><AGARI ba="0,0" hai="4,5,6,20,26,29,81,83,93,99,100" m="15946" machi="4" ten="30,7700,0" yaku="8,1,52,3" doraHai="39" who="0" fromWho="1" sc="346,77,210,-77,193,0,251,0" />
</Scene>
<Scene>
<INIT seed="6,0,0,3,1,49" ten="423,133,193,251" oya="2" hai0="62,110,61,121,132,120,106,84,76,25,111,100,113" hai1="128,30,115,55,78,32,48,24,5,18,95,8,2" hai2="4,42,47,45,12,96,101,41,92,130,109,34,127" hai3="51,91,68,124,97,89,7,43,28,37,22,116,118"/><V129/><F34/><W56/><G68/><T3/><D3/><U135/><E115/><V93/><F127/><W117/><G7/><T133/><D25/><U17/><E128/><N who="2" m="49259" /><F109/><N who="0" m="41482" /><D100/><U52/><E135/><N who="0" m="51785" /><D106/><U114/><E114/><V108/><F108/><W31/><G124/><T99/><D99/><U103/><E78/><V54/><F93/><W69/><G69/><T70/><D113/><U13/><E48/><N who="2" m="28959" /><F45/><W58/><G117/><T82/><D70/><U87/><E17/><V38/><F38/><W14/><G37/><T40/><D40/><U64/><E64/><V83/><F83/><W126/><G43/><T112/><D112/><U9/><REACH who="1" step="1"/><E87/><REACH who="1" ten="423,123,193,251" step="2"/><V85/><F85/><W50/><G118/><T105/><D84/><U53/><E53/><V134/><F134/><W10/><G116/><T73/><D105/><U72/><E72/><V20/><F4/><W104/><G126/><T74/><D74/><U94/><E94/><V80/><F80/><W26/><G104/><T79/><D79/><U131/><E131/><V107/><F107/><W88/><G97/><AGARI ba="0,1" hai="2,5,8,9,13,18,24,30,32,52,55,95,97,103" machi="97" ten="40,8000,1" yaku="1,1,52,2,54,1,53,0" doraHai="49" doraHaiUra="66" who="1" fromWho="3" sc="423,0,123,90,193,0,251,-80" />
</Scene>
<Scene>
<INIT seed="7,0,0,4,1,7" ten="423,213,193,171" oya="3" hai0="49,10,90,101,58,1,116,35,86,106,99,72,102" hai1="89,42,122,34,78,37,32,123,113,70,17,40,53" hai2="69,20,131,50,33,100,84,93,46,4,30,48,62" hai3="79,27,129,76,60,3,68,108,77,22,47,15,28"/><W75/><G3/><T36/><D36/><U41/><E70/><V109/><F109/><W39/><G108/><T26/><D72/><U21/><E37/><V24/><F131/><W12/><G129/><T112/><D116/><U95/><E78/><V55/><F4/><W82/><G15/><T130/><D130/><U118/><E118/><V132/><F132/><W51/><G39/><T121/><D121/><U31/><E113/><V104/><F104/><W87/><G75/><T119/><D101/><U115/><E115/><V71/><F33/><W97/><G97/><T107/><D107/><U73/><E73/><V43/><F62/><W61/><G12/><T18/><D119/><U135/><E135/><V96/><F84/><W114/><G114/><T105/><D105/><U63/><E31/><V14/><F14/><W67/><REACH who="3" step="1"/><G61/><REACH who="3" ten="423,213,193,161" step="2"/><T13/><D1/><U127/><E122/><V74/><REACH who="2" step="1"/><F74/><REACH who="2" ten="423,213,183,161" step="2"/><W120/><G120/><T52/><D112/><U56/><E123/><V133/><F133/><W92/><G92/><T25/><D35/><U88/><E32/><V117/><F117/><W65/><G65/><T38/><D38/><U103/><E34/><V57/><AGARI ba="0,2" hai="20,24,30,43,46,48,50,55,57,69,71,93,96,100" machi="57" ten="20,2700,0" yaku="1,1,0,1,7,1,53,0" doraHai="7" doraHaiUra="5" who="2" fromWho="2" sc="423,-7,213,-7,183,47,161,-13" owari="416,51.0,206,-19.0,230,3.0,148,-35.0" />
</Scene>
</mjloggm>