<mjloggm ver="2.3"><GO type="169" lobby="0"/><UN n0="%E6%9F%8F%E6%9C%A8%E3%81%B2%E3%81%AA%E3%81%9F" n1="%E5%A4%AA%E3%81%8F%E3%81%AA%E3%81%84%E3%81%8A" n2="%41%4D%4B%52" n3="%E5%96%AB%E7%85%99%E8%80%85" dan="16,18,16,17" rate="2055.05,2233.06,2052.17,2184.83" sx="F,M,M,F"/><TAIKYOKU oya="0"/>

<Scene>
<INIT seed="0,0,0,0,5,12" ten="250,250,250,250" oya="0" hai0="59,29,3,107,75,42,94,118,105,133,7,113,18" hai1="96,91,64,55,98,93,24,134,103,87,125,99,61" hai2="43,106,38,9,95,50,17,71,66,19,117,67,21" hai3="132,16,25,92,2,110,115,44,129,48,111,5,13"/><T31/><D118/><U119/><E119/><V84/><F106/><W51/><G115/><T81/><D113/><U6/><E125/><V88/><F38/><W0/><G132/><T68/><D68/><U30/><E55/><V41/><F117/><W130/><G25/><T10/><D42/><N who="2" m="15882" /><F71/><W121/><G121/><T101/><D133/><U124/><E6/><V28/><F28/><W128/><G92/><T47/><D47/><U27/><E124/><V122/><F122/><W76/><G76/><T126/><D126/><U100/><E134/><V49/><F9/><N who="3" m="6191" /><G5/><T116/><D116/><U89/><E89/><V39/><F39/><W40/><G48/><N who="2" m="18537" /><F21/><W36/><G36/><T4/><D107/><U60/><E30/><V77/><F77/><W120/><G120/><T80/><D105/><U127/><E127/><V14/><F14/><W62/><G62/><N who="1" m="24170" /><E64/><AGARI ba="0,0" hai="17,19,64,66,67,84,88,95" m="18537,15882" machi="64" ten="30,7700,0" yaku="8,1,52,2,54,1" doraHai="12" who="2" fromWho="1" sc="250,0,250,-77,250,77,250,0" />
</Scene>
<Scene>
<INIT seed="1,0,0,4,4,92" ten="250,173,327,250" oya="1" hai0="30,91,90,12,54,10,84,56,123,122,42,105,57" hai1="27,18,2,128,21,26,35,112,20,9,135,25,6" hai2="4,65,85,23,34,113,110,19,127,87,101,8,60" hai3="13,79,28,46,36,82,62,131,14,109,119,71,63"/><U45/><E45/><V66/><F110/><W121/><G109/><T32/><D105/><U1/><E112/><V111/><F111/><W7/><G121/><N who="0" m="46091" /><D42/><U50/><E50/><V107/><F127/><W124/><G28/><T81/><D91/><U58/><E58/><V108/><F113/><W89/><G124/><T48/><D57/><U49/><E49/><V106/><F108/><W97/><G131/><T29/><D32/><U52/><E52/><V40/><F40/><W0/><G0/><T22/><D22/><U51/><E51/><V70/><F34/><W99/><G36/><T38/><D38/><U129/><E135/><V86/><F101/><W83/><G46/><T5/><AGARI ba="0,0" hai="5,10,12,29,30,48,54,56,81,84,90" m="46091" machi="5" ten="30,1100,0" yaku="13,1" doraHai="92" who="0" fromWho="0" sc="250,11,173,-5,327,-3,250,-3" />
</Scene>
<Scene>
<INIT seed="2,0,0,5,1,61" ten="261,168,324,247" oya="2" hai0="50,48,84,13,59,131,5,124,123,58,56,133,127" hai1="76,6,26,69,4,108,107,119,75,129,134,78,116" hai2="67,71,81,110,87,7,79,99,92,29,66,44,91" hai3="102,47,100,42,54,114,86,2,39,9,40,37,117"/><V52/><F71/><W115/><G117/><T38/><D123/><U15/><E107/><V57/><F110/><W46/><G86/><T49/><D38/><U70/><E108/><V10/><F29/><W41/><G2/><T51/><D131/><U113/><E113/><N who="3" m="43018" /><G9/><N who="0" m="4271" /><D133/><U82/><E134/><V68/><F68/><W80/><G80/><T103/><D103/><N who="3" m="39465" /><G54/><N who="0" m="31815" /><D84/><U89/><E82/><V77/><F44/><AGARI ba="0,0" hai="37,39,40,41,42,44,46,47" m="39465,43018" machi="44" ten="40,5200,0" yaku="28,2,11,1" doraHai="61" who="3" fromWho="2" sc="261,0,168,0,324,-52,247,52" />
</Scene>
<Scene>
<INIT seed="3,0,0,2,3,5" ten="261,168,272,299" oya="3" hai0="14,123,4,105,16,127,36,134,58,59,45,57,91" hai1="55,51,84,8,131,25,22,47,64,122,101,126,107" hai2="85,33,95,43,114,87,99,42,132,100,49,56,68" hai3="61,120,88,60,83,89,94,9,39,121,80,15,112"/><W115/><G39/><T77/><D123/><U69/><E122/><V75/><F75/><W133/><G15/><T62/><D105/><U24/><E126/><V67/><F33/><W7/><G7/><T38/><D127/><U21/><E131/><V125/><F114/><W6/><G6/><T135/><D77/><U72/><E72/><V54/><F125/><W40/><G94/><T28/><D28/><U113/><E113/><V119/><F119/><W82/><G82/><T104/><D104/><U17/><E69/><V90/><F132/><N who="0" m="50730" /><D4/><U109/><E109/><V32/><F32/><W124/><G124/><T19/><D45/><U129/><E129/><V31/><F31/><W18/><G133/><T44/><D44/><U97/><E64/><V128/><F128/><W96/><G18/><N who="0" m="6699" /><D14/><U116/><E116/><V3/><F3/><W11/><G40/><T0/><D0/><U29/><REACH who="1" step="1"/><E84/><REACH who="1" ten="261,158,272,299" step="2"/><V103/><F87/><W86/><G86/><T1/><D1/><U65/><E65/><V130/><F130/><W71/><G71/><T93/><D62/><U50/><E50/><V27/><F67/><W111/><G111/><T63/><D63/><U26/><E26/><V110/><F68/><W117/><G117/><T53/><D38/><U70/><E70/><V79/><F110/><W81/><G81/><T92/><D36/><U23/><E23/><V102/><F27/><W30/><G96/><T34/><D34/><U37/><E37/><V106/><F106/><W41/><G120/><T98/><D98/><U13/><E13/><V46/><F85/><W12/><G121/><RYUUKYOKU ba="0,1" sc="261,-10,158,30,272,-10,299,-10" hai1="8,17,21,22,24,25,29,47,51,55,97,101,107" />
</Scene>
<Scene>
<INIT seed="4,1,1,0,1,96" ten="251,188,262,289" oya="0" hai0="75,78,43,35,9,23,71,4,107,38,12,47,17" hai1="14,119,118,29,2,92,104,42,45,18,80,77,74" hai2="19,113,11,99,123,86,57,20,70,116,73,110,109" hai3="84,66,133,103,69,33,101,79,97,89,90,130,48"/><T60/><D107/><U63/><E104/><V8/><F73/><W127/><G33/><T65/><D35/><U125/><E125/><V88/><F99/><W81/><G69/><T21/><D75/><U37/><E29/><V120/><F70/><W51/><G66/><T94/><D78/><U115/><E115/><V50/><F113/><W83/><G127/><T95/><REACH who="0" step="1"/><D23/><REACH who="0" ten="241,188,262,289" step="2"/><U132/><E132/><V72/><F72/><W121/><G133/><T91/><D91/><U102/><E118/><V46/><F116/><W131/><G79/><T32/><D32/><U114/><E119/><V1/><F120/><W54/><G121/><T3/><AGARI ba="1,2" hai="3,4,9,12,17,21,38,43,47,60,65,71,94,95" machi="3" ten="20,7800,0" yaku="1,1,0,1,7,1,53,1" doraHai="96" doraHaiUra="59" who="0" fromWho="0" sc="241,101,188,-27,262,-27,289,-27" />
</Scene>
<Scene>
<INIT seed="4,2,0,3,4,106" ten="342,161,235,262" oya="0" hai0="40,66,81,69,62,78,95,87,58,104,28,43,97" hai1="76,27,83,99,45,96,70,35,9,0,98,31,132" hai2="101,10,23,75,85,33,3,2,20,34,24,79,134" hai3="72,105,46,73,93,128,123,1,39,18,59,63,53"/><T22/><D104/><U131/><E70/><V61/><F101/><W15/><G105/><T38/><D38/><U84/><E132/><V92/><F134/><W86/><G1/><T13/><D69/><U74/><E131/><V129/><F129/><W103/><G128/><T127/><D127/><U112/><E112/><V65/><F20/><W114/><G114/><T6/><D6/><U36/><E84/><V120/><F120/><W50/><G39/><T107/><D107/><U52/><E36/><V14/><F92/><W11/><G123/><T19/><REACH who="0" step="1"/><D28/><REACH who="0" ten="332,161,235,262" step="2"/><U71/><E71/><V80/><F2/><W54/><REACH who="3" step="1"/><G103/><AGARI ba="2,1" hai="13,19,22,40,43,58,62,66,78,81,87,95,97,103" machi="103" ten="30,11600,0" yaku="1,1,2,1,7,1,8,1,53,0" doraHai="106" doraHaiUra="111" who="0" fromWho="3" sc="332,132,161,0,235,0,262,-122" />
</Scene>
<Scene>
<INIT seed="4,3,0,4,1,103" ten="464,161,235,140" oya="0" hai0="19,82,0,111,30,115,93,38,20,40,116,77,36" hai1="97,132,45,120,133,110,122,94,105,127,95,18,90" hai2="14,102,42,62,37,56,59,121,5,50,34,80,75" hai3="87,22,112,114,53,76,31,15,13,124,108,71,91"/><T8/><D116/><U60/><E60/><V25/><F121/><N who="1" m="46697" /><E45/><V57/><F37/><W66/><G108/><T109/><D115/><N who="3" m="44073" /><G124/><T88/><D30/><U92/><E18/><V123/><F102/><W79/><G53/><T2/><D38/><U70/><E70/><V68/><F68/><W134/><G134/><N who="1" m="51818" /><E110/><V85/><F123/><W101/><G101/><T47/><D111/><U69/><E69/><V81/><F34/><W9/><G66/><T64/><D64/><U74/><E127/><V131/><F25/><N who="3" m="16823" /><G71/><T55/><D55/><U43/><E43/><V11/><F42/><W100/><G100/><T61/><D61/><U17/><E17/><V10/><F10/><W84/><G84/><T12/><D8/><U125/><E125/><V86/><F62/><W89/><G89/><T4/><D109/><U29/><E29/><V78/><F50/><W6/><G15/><T104/><D2/><U72/><E105/><V1/><F1/><W41/><G41/><T7/><D104/><U119/><E119/><V24/><F24/><W27/><G27/><T54/><D0/><U63/><E63/><V128/><REACH who="2" step="1"/><F75/><AGARI ba="3,0" hai="72,74,75,90,92,94,95,97" m="51818,46697" machi="75" ten="40,5200,0" yaku="20,1,34,2" doraHai="103" who="1" fromWho="2" sc="464,0,161,61,235,-61,140,0" />
</Scene>
<Scene>
<INIT seed="5,0,0,2,3,102" ten="464,222,174,140" oya="1" hai0="80,66,76,28,24,21,74,119,25,20,84,101,131" hai1="81,64,132,73,121,11,115,31,78,70,110,7,26" hai2="4,13,33,130,128,38,67,41,134,51,57,37,0" hai3="86,47,65,126,39,23,122,50,68,106,22,42,58"/><U103/><E121/><V112/><F33/><W6/><G122/><T111/><D119/><U96/><E115/><V48/><F13/><W77/><G126/><T3/><D3/><U107/><E132/><V133/><F4/><W82/><G6/><T14/><D111/><U109/><E11/><V12/><F0/><W34/><G34/><T120/><D131/><N who="2" m="50218" /><F112/><W61/><REACH who="3" step="1"/><G106/><REACH who="3" ten="464,222,174,130" step="2"/><T35/><D35/><N who="1" m="20983" /><E7/><V89/><F133/><W94/><G94/><T30/><D120/><U8/><E8/><V124/><F134/><W59/><G59/><T1/><D1/><U62/><AGARI ba="0,1" hai="62,64,70,73,78,81,96,103,107,109,110" m="20983" machi="62" ten="30,6000,0" yaku="25,1,23,1,52,1" doraHai="102" who="1" fromWho="1" sc="464,-20,222,70,174,-20,130,-20" />
</Scene>
<Scene>
<INIT seed="5,1,0,5,1,87" ten="444,292,154,110" oya="1" hai0="23,82,81,2,35,20,121,68,78,3,106,118,112" hai1="13,53,50,134,4,66,120,125,0,24,104,54,8" hai2="11,98,100,122,102,88,70,30,58,90,77,36,114" hai3="130,108,101,85,115,109,16,60,103,124,126,45,65"/><U61/><E120/><V62/><F70/><W42/><G115/><T94/><D118/><U51/><E104/><V133/><F36/><W92/><G130/><T107/><D68/><U39/><E39/><V105/><F122/><W127/><G108/><T113/><D121/><U132/><E125/><V74/><F102/><W73/><G73/><T96/><D96/><U47/><E0/><V17/><F114/><W57/><G109/><T10/><D94/><U40/><E24/><V7/><F30/><W75/><G75/><T55/><D55/><U76/><E76/><V67/><F17/><W48/><REACH who="3" step="1"/><G16/><REACH who="3" ten="444,292,154,100" step="2"/><T84/><D112/><U5/><E5/><V28/><F28/><W80/><G80/><T6/><D6/><U32/><E134/><V18/><F18/><W59/><G59/><T69/><D82/><U111/><E132/><V15/><F133/><W44/><G44/><T1/><D81/><U89/><E111/><V46/><F74/><W26/><G26/><T21/><D69/><U56/><E4/><V86/><F77/><W119/><G119/><T97/><D113/><U14/><E47/><V43/><REACH who="2" step="1"/><F86/><REACH who="2" ten="444,292,144,100" step="2"/><W38/><G38/><T63/><D84/><U19/><E19/><V116/><F116/><W79/><G79/><T41/><D78/><U64/><E8/><V99/><F99/><W72/><G72/><T31/><D31/><U25/><E25/><V22/><F22/><W71/><G71/><T52/><D97/><U129/><E129/><V12/><F12/><W37/><G37/><T135/><D135/><U27/><E13/><V33/><F33/><RYUUKYOKU ba="1,2" sc="444,-15,292,-15,144,15,100,15" hai2="7,11,15,43,46,58,62,67,88,90,98,100,105" hai3="42,45,48,57,60,65,85,92,101,103,124,126,127" />
</Scene>
<Scene>
<INIT seed="6,2,2,5,0,102" ten="429,277,159,115" oya="2" hai0="57,123,79,85,44,4,69,59,52,93,31,16,105" hai1="49,117,20,53,5,78,119,103,95,87,32,26,90" hai2="129,130,60,40,12,58,114,77,23,19,91,122,86" hai3="46,101,28,51,126,72,106,54,70,30,64,118,111"/><V45/><F122/><W80/><G111/><T24/><D69/><U33/><E78/><V74/><F114/><W81/><G118/><T68/><D68/><U14/><E117/><V10/><F74/><W17/><G126/><T89/><D105/><U135/><E119/><V15/><F77/><W92/><G92/><T94/><D4/><U62/><E135/><V66/><F129/><W48/><G17/><T0/><D0/><U34/><E62/><V7/><F130/><W121/><G121/><T1/><D1/><U134/><E134/><V83/><F45/><W65/><G72/><T131/><D123/><U107/><E14/><V27/><REACH who="2" step="1"/><F40/><REACH who="2" ten="429,277,149,115" step="2"/><W132/><G132/><T96/><D79/><U9/><E103/><V110/><F110/><W29/><G101/><T113/><D113/><U67/><E90/><V71/><F71/><W13/><G70/><T25/><D131/><U36/><E5/><V22/><F22/><W82/><G106/><T112/><D112/><U88/><E20/><V127/><F127/><W41/><REACH who="3" step="1"/><G13/><AGARI ba="2,3" hai="7,10,12,13,15,19,23,27,58,60,66,83,86,91" machi="13" ten="30,5800,0" yaku="1,1,7,1,8,1,53,0" doraHai="102" doraHaiUra="100" who="2" fromWho="3" sc="429,0,277,0,149,94,115,-64" />
</Scene>
<Scene>
<INIT seed="6,3,0,3,0,52" ten="429,277,243,51" oya="2" hai0="107,105,132,39,114,129,101,48,13,17,122,128,4" hai1="71,12,91,27,96,53,72,88,22,55,118,87,8" hai2="117,37,16,78,59,123,94,20,60,80,79,82,61" hai3="85,100,19,84,32,15,44,134,111,18,92,11,70"/><V103/><F37/><W24/><G111/><T33/><D122/><U34/><E72/><V99/><F117/><W51/><G70/><T68/><D39/><U93/><E34/><V5/><F5/><W67/><G67/><T109/><D109/><U112/><E71/><V116/><F116/><W23/><G32/><T38/><D38/><U73/><E73/><V58/><F123/><W69/><G69/><T66/><D33/><U0/><E0/><V28/><F28/><W25/><G134/><T64/><D132/><U97/><E112/><V9/><F9/><W31/><G31/><T35/><D35/><U127/><E127/><V126/><F126/><W113/><G113/><T104/><D101/><U45/><E118/><V86/><F61/><W124/><G124/><T75/><D75/><U54/><E45/><V81/><F60/><W133/><G133/><T26/><D68/><U63/><E63/><V102/><F102/><W119/><G119/><T29/><D48/><U36/><E36/><V115/><F115/><W47/><G47/><T21/><D114/><U98/><E27/><N who="2" m="14727" /><F86/><W1/><G1/><T89/><D4/><N who="1" m="3079" /><E22/><V2/><F2/><W62/><G62/><T95/><D64/><U108/><E108/><V3/><F3/><W74/><G74/><T65/><D65/><U6/><E6/><V40/><F40/><N who="3" m="24967" /><G25/><T120/><D66/><U49/><E49/><V83/><N who="2" m="20480" /><DORA hai="57" /><V130/><F130/><N who="0" m="50282" /><D120/><U77/><E91/><V110/><F110/><W7/><G7/><T42/><D42/><U125/><E125/><V10/><F10/><W135/><G135/><RYUUKYOKU ba="3,0" sc="429,-30,277,10,243,10,51,10" hai1="53,54,55,77,87,88,93,96,97,98" hai2="58,59,78,79,94,99,103" hai3="11,15,18,19,23,24,84,85,92,100" />
</Scene>
<Scene>
<INIT seed="6,4,0,3,0,7" ten="399,287,253,61" oya="2" hai0="34,116,118,50,17,74,113,122,64,41,39,106,5" hai1="18,71,26,129,35,100,51,89,135,22,75,84,70" hai2="58,76,56,65,57,47,53,3,91,114,29,119,108" hai3="94,9,54,33,48,123,112,31,62,109,77,21,11"/><V40/><F119/><N who="0" m="45610" /><D122/><U103/><E75/><V124/><F114/><W68/><G123/><T16/><D113/><U101/><E135/><V105/><F105/><W126/><G109/><T95/><D106/><U25/><E129/><V115/><F115/><W60/><G33/><T42/><D74/><U88/><E51/><V85/><F76/><W45/><G112/><T90/><D34/><U79/><E79/><V102/><F102/><W27/><G126/><T107/><D107/><U19/><E89/><V97/><F97/><W32/><G32/><T133/><D39/><U1/><E1/><V111/><F3/><W92/><G77/><T67/><D5/><U80/><REACH who="1" step="1"/><E19/><REACH who="1" ten="399,277,253,61" step="2"/><N who="0" m="7241" /><D133/><U24/><E24/><V10/><F91/><W125/><G125/><T6/><D50/><U87/><E87/><V44/><F85/><W104/><G104/><T99/><D6/><U128/><E128/><V132/><F132/><W127/><G127/><T78/><D78/><U4/><E4/><V12/><F124/><W120/><G120/><T46/><D46/><U130/><E130/><V117/><F117/><W66/><REACH who="3" step="1"/><G62/><REACH who="3" ten="399,277,253,51" step="2"/><T2/><D2/><U52/><E52/><V49/><F53/><W8/><AGARI ba="4,2" hai="8,9,11,21,27,31,45,48,54,60,66,68,92,94" machi="8" ten="30,12000,2" yaku="1,1,2,1,0,1,52,3,53,1" doraHai="7" doraHaiUra="23" who="3" fromWho="3" sc="399,-34,277,-34,253,-64,51,152" />
</Scene>
<Scene>
<INIT seed="7,0,0,5,4,38" ten="365,243,189,203" oya="3" hai0="123,32,28,108,54,26,18,96,34,133,67,22,56" hai1="107,74,121,47,2,77,11,8,117,85,135,53,132" hai2="17,113,112,20,55,51,27,128,45,35,102,5,104" hai3="43,13,118,33,1,4,110,40,94,129,46,134,116"/><W70/><G70/><T21/><D123/><U127/><E121/><V25/><F5/><W130/><G33/><T89/><D108/><U73/><E107/><V36/><F128/><N who="3" m="49259" /><G110/><T24/><D67/><U105/><E105/><V95/><F104/><W88/><G1/><T93/><D133/><N who="1" m="51275" /><E127/><V48/><F36/><N who="3" m="21767" /><G43/><T71/><D71/><U59/><E47/><V19/><F51/><AGARI ba="0,0" hai="18,21,22,24,26,28,32,34,51,54,56,89,93,96" machi="51" ten="30,1000,0" yaku="7,1" doraHai="38" who="0" fromWho="2" sc="365,10,243,0,189,-10,203,0" owari="375,48.0,243,4.0,179,-32.0,203,-20.0" />
</Scene>
</mjloggm>