<mjloggm ver="2.3"><GO type="169" lobby="0"/><UN n0="%E9%81%8A%E8%B5%B0" n1="%28%C2%B4%E2%80%95%CF%89%E2%80%95%60%29" n2="%E5%A4%AA%E3%81%8F%E3%81%AA%E3%81%84%E3%81%8A" n3="%E3%81%A8%E3%83%BC%E3%82%84%E3%82%93" dan="18,18,18,16" rate="2219.26,2203.23,2191.01,2090.22" sx="F,M,M,M"/><TAIKYOKU oya="0"/>

<Scene>
<INIT seed="0,0,0,5,2,121" ten="250,250,250,250" oya="0" hai0="85,63,113,95,123,27,0,132,57,61,43,119,67" hai1="9,127,96,128,13,33,84,134,36,12,74,77,47" hai2="103,82,105,70,106,101,118,19,66,3,100,62,40" hai3="75,30,116,94,26,99,69,6,10,129,115,133,90"/><T39/><D123/><U109/><E33/><V59/><F3/><W111/><G30/><T31/><D119/><U24/><E74/><V17/><F118/><W107/><G26/><T23/><D113/><U112/><E112/><V92/><F40/><W76/><G10/><T20/><D0/><U71/><E71/><V91/><F82/><W14/><G14/><T114/><D114/><U28/><E96/><V81/><F81/><W86/><G6/><T122/><D122/><U41/><E128/><V110/><F70/><W131/><G69/><T25/><D132/><U55/><E127/><V52/><F66/><W50/><G50/><T72/><D72/><U68/><E68/><V32/><F32/><W65/><G65/><T97/><D85/><U120/><E55/><V46/><F46/><W102/><G115/><T98/><D63/><U80/><E120/><V21/><F17/><W7/><G7/><T37/><D43/><U11/><E134/><V49/><F110/><W8/><G8/><N who="1" m="3146" /><E109/><V125/><F125/><W5/><G5/><T88/><REACH who="0" step="1"/><D98/><REACH who="0" ten="240,250,250,250" step="2"/><U15/><E84/><N who="2" m="52327" /><F62/><W124/><G133/><T38/><D38/><U64/><E41/><V4/><F4/><W22/><G116/><T126/><D126/><U108/><E36/><V60/><F60/><W16/><G124/><T51/><D51/><U44/><E108/><V2/><F2/><W53/><G111/><T78/><D78/><U34/><E64/><V18/><F49/><W54/><G129/><T117/><D117/><U35/><E35/><V89/><F52/><W1/><G131/><T83/><D83/><RYUUKYOKU ba="0,1" sc="240,15,250,15,250,-15,250,-15" hai0="20,23,25,27,31,37,39,57,61,67,88,95,97" hai1="12,13,15,24,28,34,44,47,77,80" />
</Scene>
<Scene>
<INIT seed="0,1,1,3,2,77" ten="255,265,235,235" oya="0" hai0="3,51,122,70,75,108,120,29,107,88,57,37,31" hai1="87,133,46,26,129,94,111,113,76,50,58,125,39" hai2="118,124,24,106,130,41,109,59,19,25,0,72,44" hai3="13,34,89,100,7,73,56,65,127,74,22,45,1"/><T123/><D70/><U116/><E116/><V53/><F106/><W12/><G34/><T131/><D107/><U95/><E111/><V86/><F72/><W68/><G1/><T104/><D104/><U85/><E39/><V42/><F0/><W2/><G2/><T5/><D37/><U114/><E129/><V17/><F109/><W128/><G68/><T63/><D75/><U135/><E125/><V35/><F124/><W67/><G100/><T23/><D108/><U28/><E58/><V52/><F130/><W64/><G128/><T99/><D131/><U82/><E87/><V119/><F86/><W112/><G112/><N who="1" m="43114" /><E94/><V71/><F71/><W132/><G132/><T105/><D105/><U102/><E95/><V117/><F59/><W60/><G89/><T10/><D51/><U61/><E102/><V11/><F118/><W115/><G115/><T36/><D36/><U49/><E61/><V14/><F44/><W66/><G45/><T47/><D47/><U43/><E50/><V6/><F117/><W91/><G91/><T110/><D110/><U83/><E83/><V8/><F119/><W20/><G127/><T30/><D99/><U103/><E103/><V9/><F42/><W126/><G126/><T97/><D97/><U121/><E121/><V15/><F41/><W69/><G69/><T38/><D88/><U90/><E90/><V62/><F62/><W96/><G96/><T79/><D38/><U98/><E98/><V84/><F84/><W18/><G7/><N who="0" m="1407" /><D79/><U78/><E78/><V4/><F6/><W27/><G22/><AGARI ba="1,1" hai="22,26,28,43,46,49,76,82,85,133,135" m="43114" machi="22" ten="30,2000,0" yaku="11,1,52,1" doraHai="77" who="1" fromWho="3" sc="255,0,265,33,235,0,235,-23" />
</Scene>
<Scene>
<INIT seed="1,0,0,1,4,73" ten="255,298,235,212" oya="1" hai0="121,96,57,127,67,78,130,79,94,2,132,110,27" hai1="34,95,122,108,97,82,116,128,74,42,93,21,81" hai2="104,99,40,14,124,88,65,64,8,107,102,63,66" hai3="11,84,16,123,77,105,54,39,12,36,20,41,101"/><U31/><E34/><V135/><F135/><W109/><G123/><T7/><D121/><U29/><E116/><V47/><F124/><W58/><G109/><T80/><D132/><U119/><E119/><V51/><F107/><W111/><G111/><T60/><D110/><U9/><E108/><V33/><F33/><W75/><G75/><T1/><D127/><U53/><E128/><V92/><F104/><W50/><G105/><T6/><D130/><U3/><E42/><V18/><REACH who="2" step="1"/><F102/><REACH who="2" ten="255,298,225,212" step="2"/><W15/><G101/><N who="0" m="60567" /><D1/><U86/><E3/><V37/><F37/><W25/><G41/><T70/><D2/><U17/><E122/><V126/><F126/><W117/><G117/><T61/><D70/><AGARI ba="0,1" hai="8,14,18,40,47,51,63,64,65,66,70,88,92,99" machi="70" ten="30,3900,0" yaku="1,1,7,1,54,1,53,0" doraHai="73" doraHaiUra="35" who="2" fromWho="0" sc="255,-39,298,0,225,49,212,0" />
</Scene>
<Scene>
<INIT seed="2,0,0,0,3,16" ten="216,298,274,212" oya="2" hai0="120,25,112,119,68,12,49,1,92,124,74,45,64" hai1="39,104,130,71,123,99,75,101,52,34,36,88,65" hai2="83,80,60,14,91,81,50,108,56,19,58,132,23" hai3="27,3,118,13,11,2,82,6,129,35,41,67,55"/><V44/><F132/><W22/><G41/><T102/><D120/><U135/><E75/><V107/><F107/><W79/><G118/><T42/><D112/><U29/><E135/><V51/><F108/><W33/><G67/><T9/><D1/><N who="3" m="9" /><G55/><T38/><D74/><U86/><E123/><V76/><F76/><W87/><G87/><T10/><D119/><U70/><E130/><V59/><F60/><W97/><G97/><T85/><D124/><U90/><E52/><N who="2" m="31775" /><F91/><N who="1" m="34857" /><E86/><V114/><F114/><W32/><G82/><N who="2" m="20993" /><V69/><DORA hai="94" /><F69/><W116/><G79/><T62/><D38/><U134/><E71/><V133/><F133/><W20/><G116/><T30/><D85/><U4/><E134/><V115/><F115/><W121/><G121/><T84/><D84/><U111/><E111/><V93/><F93/><W89/><G89/><T127/><D127/><U54/><E104/><V28/><F28/><N who="3" m="19487" /><G129/><T117/><D117/><U109/><E70/><V5/><F5/><W48/><G48/><T131/><D131/><U8/><E4/><V15/><F59/><W98/><G98/><T53/><D42/><U0/><E39/><V126/><F126/><W57/><G57/><T100/><D92/><U18/><E36/><V7/><F58/><W66/><G66/><T113/><D113/><U77/><E109/><V110/><F110/><W73/><G73/><T61/><D61/><U103/><E77/><V46/><F50/><W37/><G37/><T125/><D125/><U122/><E122/><V106/><F106/><W40/><G40/><T105/><D68/><U17/><E65/><RYUUKYOKU ba="0,0" sc="216,-15,298,-15,274,15,212,15" hai2="7,14,15,19,23,44,46" hai3="6,11,13,20,22,33,35" />
</Scene>
<Scene>
<INIT seed="2,1,0,5,3,81" ten="201,283,289,227" oya="2" hai0="80,21,120,104,101,88,115,90,121,125,46,85,75" hai1="26,100,54,47,16,118,82,24,45,35,98,17,119" hai2="122,76,61,56,5,83,48,15,70,124,8,77,105" hai3="11,20,126,108,9,27,18,57,53,127,116,71,109"/><V93/><F105/><W106/><G71/><T128/><D115/><U19/><E82/><V114/><F114/><W51/><G106/><T134/><D46/><U107/><E26/><V10/><F122/><N who="0" m="47210" /><D21/><U6/><E6/><V7/><F124/><N who="3" m="47659" /><G116/><T96/><D125/><U69/><E69/><V89/><F48/><W42/><G42/><T64/><D64/><U12/><E12/><N who="2" m="5135" /><F83/><W66/><G66/><T29/><D29/><U102/><E102/><V55/><F70/><W92/><G92/><N who="0" m="54287" /><D128/><U86/><E47/><V43/><F43/><W111/><AGARI ba="1,0" hai="9,11,18,20,27,51,53,57,108,109,111" m="47659" machi="111" ten="40,2700,0" yaku="14,1,18,1" doraHai="81" who="3" fromWho="3" sc="201,-8,283,-8,289,-14,227,30" />
</Scene>
<Scene>
<INIT seed="3,0,0,1,3,135" ten="193,275,275,257" oya="3" hai0="70,127,89,43,133,26,31,58,107,57,15,92,97" hai1="36,4,11,2,24,6,82,42,106,109,8,51,87" hai2="17,38,131,88,95,118,29,54,75,20,12,83,66" hai3="84,61,7,105,116,73,30,90,71,80,37,79,120"/><W103/><G116/><T117/><D117/><U78/><E106/><V112/><F118/><W110/><G120/><T99/><D133/><U64/><E109/><V108/><F38/><W59/><G71/><T45/><D70/><U47/><E64/><V44/><F66/><W132/><G37/><T69/><D69/><U101/><E101/><V98/><F108/><W104/><G132/><T62/><D127/><U65/><E65/><V46/><F131/><W111/><G7/><T40/><D15/><U91/><E24/><N who="2" m="16519" /><F75/><W25/><G111/><T16/><D31/><U18/><E18/><V14/><F112/><W19/><G19/><T35/><D35/><U77/><REACH who="1" step="1"/><E36/><REACH who="1" ten="193,265,275,257" step="2"/><V13/><F17/><W0/><G103/><T53/><D107/><U126/><E126/><V81/><F54/><W33/><G110/><T48/><D99/><U124/><E124/><V49/><F49/><W102/><G102/><T122/><D122/><U5/><E5/><V119/><F119/><W85/><G104/><T41/><REACH who="0" step="1"/><D62/><REACH who="0" ten="183,265,275,257" step="2"/><U76/><E76/><V34/><F34/><W50/><G61/><T28/><D28/><U123/><E123/><V68/><F68/><W113/><G105/><T125/><D125/><U63/><E63/><V55/><F98/><W100/><G30/><T56/><D56/><U32/><E32/><V121/><F121/><W74/><G59/><T23/><AGARI ba="0,2" hai="16,23,26,40,41,43,45,48,53,57,58,89,92,97" machi="23" ten="30,8000,1" yaku="1,1,0,1,8,1,54,1,53,1" doraHai="135" doraHaiUra="21" who="0" fromWho="0" sc="183,100,265,-20,275,-20,257,-40" />
</Scene>
<Scene>
<INIT seed="4,0,0,0,1,125" ten="283,245,255,217" oya="0" hai0="114,8,21,77,40,89,66,83,70,68,67,52,102" hai1="116,65,100,14,59,63,92,82,31,119,111,94,35" hai2="0,87,96,15,64,26,101,32,107,115,86,123,88" hai3="20,110,46,23,112,58,122,129,74,95,132,121,54"/><T93/><D102/><U43/><E111/><V106/><F0/><W29/><G110/><T18/><D8/><U118/><E100/><V60/><F123/><N who="3" m="47115" /><G74/><T6/><D6/><U47/><E14/><V55/><F115/><W56/><G112/><T37/><D40/><U41/><E41/><V126/><F126/><W50/><G132/><T27/><D37/><U22/><E35/><V80/><F55/><W61/><G29/><T5/><D5/><U75/><E75/><V103/><F15/><W17/><G58/><T62/><D114/><U24/><REACH who="1" step="1"/><E82/><REACH who="1" ten="283,235,255,217" step="2"/><V45/><F103/><W11/><G95/><T91/><D93/><U104/><E104/><V128/><F106/><W25/><G25/><T135/><D135/><U78/><E78/><V134/><F134/><W53/><G129/><T113/><D113/><U33/><E33/><V97/><F128/><W3/><G3/><T2/><D2/><U99/><E99/><V38/><F97/><W105/><G105/><T57/><D77/><U49/><AGARI ba="0,1" hai="22,24,31,43,47,49,59,63,65,92,94,116,118,119" machi="49" ten="30,2000,0" yaku="1,1,0,1,53,0" doraHai="125" doraHaiUra="28" who="1" fromWho="1" sc="283,-10,235,30,255,-5,217,-5" />
</Scene>
<Scene>
<INIT seed="5,0,0,3,2,72" ten="273,265,250,212" oya="1" hai0="83,31,81,2,94,115,78,41,20,70,84,19,36" hai1="67,7,133,0,10,63,51,25,120,8,91,129,27" hai2="119,105,28,26,87,107,43,108,127,118,11,6,15" hai3="79,131,9,22,112,68,13,126,97,47,53,77,106"/><U12/><E120/><V49/><F108/><W60/><G126/><T123/><D70/><U18/><E133/><V61/><F127/><W29/><G131/><T88/><D2/><U16/><E129/><V1/><F61/><W42/><G112/><T54/><D123/><U92/><E51/><V93/><F107/><W52/><G68/><T57/><D115/><U50/><E50/><V59/><F105/><W114/><G114/><T35/><D35/><U34/><E18/><V76/><F1/><W3/><G3/><T95/><D31/><U85/><REACH who="1" step="1"/><E34/><REACH who="1" ten="273,255,250,212" step="2"/><V58/><F49/><N who="3" m="28735" /><G42/><T104/><D41/><U69/><AGARI ba="0,1" hai="0,7,8,10,12,16,25,27,63,67,69,85,91,92" machi="69" ten="20,7800,0" yaku="1,1,0,1,7,1,54,1,53,0" doraHai="72" doraHaiUra="46" who="1" fromWho="1" sc="273,-26,255,88,250,-26,212,-26" />
</Scene>
<Scene>
<INIT seed="5,1,0,2,2,111" ten="247,343,224,186" oya="1" hai0="73,36,56,48,12,130,1,88,8,41,28,91,24" hai1="127,70,113,103,30,100,95,0,64,44,43,38,57" hai2="19,134,9,71,116,121,6,26,122,132,74,31,14" hai3="11,90,72,50,40,77,107,18,120,101,126,78,84"/><U76/><E0/><N who="2" m="199" /><F71/><W115/><G50/><T29/><D1/><U22/><E127/><V61/><F74/><W59/><G59/><T114/><D73/><U69/><E76/><N who="3" m="29290" /><G40/><T98/><D36/><U83/><E83/><V133/><F61/><W123/><G18/><T15/><D130/><U13/><E103/><V67/><F67/><W54/><G54/><T117/><D117/><U96/><E13/><V75/><F116/><W52/><G52/><T129/><D129/><U7/><E7/><V45/><F45/><W4/><G4/><T99/><D56/><U128/><E128/><V32/><F75/><W82/><G11/><AGARI ba="1,0" hai="11,14,19,26,31,32,121,122,132,133,134" m="199" machi="11" ten="30,3900,0" yaku="20,1,34,2" doraHai="111" who="2" fromWho="3" sc="247,0,343,0,224,42,186,-42" />
</Scene>
<Scene>
<INIT seed="6,0,0,4,0,127" ten="247,343,266,144" oya="2" hai0="83,9,103,19,110,111,82,35,85,77,76,97,61" hai1="52,70,131,14,42,7,93,13,128,43,106,39,114" hai2="51,105,94,25,33,121,10,4,81,89,86,119,57" hai3="91,88,49,65,99,118,135,27,38,6,36,53,34"/><V54/><F105/><W120/><G118/><T74/><D35/><U80/><E106/><V15/><F121/><W59/><G135/><T66/><D19/><U84/><E70/><V50/><F119/><W47/><G120/><T68/><REACH who="0" step="1"/><D9/><REACH who="0" ten="237,343,266,144" step="2"/><N who="1" m="4287" /><E131/><V26/><F33/><W108/><G108/><T98/><D98/><U44/><E128/><V112/><F112/><W124/><G124/><T73/><D73/><U133/><E114/><V104/><F104/><AGARI ba="0,1" hai="61,66,68,74,76,77,82,83,85,97,103,104,110,111" machi="104" ten="30,2000,0" yaku="1,1,7,1,53,0" doraHai="127" doraHaiUra="116" who="0" fromWho="2" sc="237,30,343,0,266,-20,144,0" />
</Scene>
<Scene>
<INIT seed="7,0,0,1,0,86" ten="267,343,246,144" oya="3" hai0="34,40,19,36,112,48,123,52,10,39,45,66,50" hai1="103,56,18,21,83,107,95,128,13,67,8,3,73" hai2="22,43,63,26,1,82,126,38,24,54,28,47,27" hai3="35,100,108,129,96,58,14,17,88,64,130,29,116"/><W23/><G116/><T78/><D34/><U6/><E107/><V74/><F126/><W69/><G108/><T37/><D123/><U134/><E134/><V59/><REACH who="2" step="1"/><F1/><REACH who="2" ten="267,343,236,144" step="2"/><W124/><G124/><T98/><D112/><U133/><E3/><V93/><F93/><N who="3" m="56359" /><G69/><T9/><D78/><AGARI ba="0,1" hai="22,24,26,27,28,38,43,47,54,59,63,74,78,82" machi="78" ten="40,2600,0" yaku="1,1,53,1" doraHai="86" doraHaiUra="105" who="2" fromWho="0" sc="267,-26,343,0,236,36,144,0" owari="241,-16.0,343,45.0,272,7.0,144,-36.0" />
</Scene>
</mjloggm>