<mjloggm ver="2.3"><GO type="169" lobby="0"/><UN n0="%46%75%72%75%79%61" n1="%E6%B1%9A%E5%BF%8D" n2="%E5%A4%AA%E3%81%8F%E3%81%AA%E3%81%84%E3%81%8A" n3="%E6%B0%91%E8%8A%B8" dan="17,16,18,17" rate="2175.10,2091.16,2174.69,2149.85" sx="M,M,M,M"/><TAIKYOKU oya="0"/>

<Scene>
<INIT seed="0,0,0,5,4,17" ten="250,250,250,250" oya="0" hai0="91,26,7,12,56,73,74,72,68,89,52,98,4" hai1="64,80,115,14,16,55,122,116,43,82,111,110,59" hai2="40,23,8,18,41,117,92,87,42,121,83,48,124" hai3="47,10,112,86,123,34,32,118,61,24,132,105,28"/><T102/><D68/><U30/><E122/><V35/><F121/><W79/><G123/><T22/><D12/><U94/><E116/><V120/><F120/><W93/><G118/><T9/><D9/><U49/><E30/><V2/><F35/><W70/><G112/><T5/><D102/><U3/><E3/><V75/><F117/><W6/><G105/><T104/><D98/><U100/><E115/><V63/><F75/><W65/><G132/><T106/><D104/><U107/><E107/><V44/><F92/><W77/><G34/><T133/><D133/><U69/><E43/><V54/><F124/><W1/><G47/><T96/><D96/><N who="1" m="59415" /><E69/><V113/><F113/><W129/><G129/><T33/><D33/><U25/><E25/><N who="2" m="14583" /><F8/><W131/><G131/><T99/><D99/><U78/><E64/><V103/><F2/><W21/><REACH who="3" step="1"/><G32/><REACH who="3" ten="250,250,250,240" step="2"/><T127/><D106/><U128/><E128/><V88/><F103/><W71/><G71/><T13/><D127/><U19/><E111/><V126/><F126/><W51/><G51/><T29/><REACH who="0" step="1"/><D13/><REACH who="0" ten="240,250,250,240" step="2"/><U85/><E110/><V84/><F84/><W20/><G20/><T130/><D130/><U37/><E14/><V134/><F134/><W62/><G62/><AGARI ba="0,2" hai="4,5,7,22,26,29,52,56,62,72,73,74,89,91" machi="62" ten="50,9600,0" yaku="1,1,52,1,54,1,53,0" doraHai="17" doraHaiUra="31" who="0" fromWho="3" sc="240,116,250,0,250,0,240,-96" /><AGARI ba="0,0" hai="40,41,42,44,48,54,62,63,83,87,88" m="14583" machi="62" ten="30,3900,0" yaku="8,1,52,1,54,1" doraHai="17" who="2" fromWho="3" sc="356,0,250,0,250,39,144,-39" />
</Scene>
<Scene>
<INIT seed="0,1,0,0,1,98" ten="356,250,289,105" oya="0" hai0="6,61,81,65,100,10,104,54,76,129,38,7,111" hai1="46,75,79,117,1,45,120,68,30,12,89,128,32" hai2="19,36,78,21,84,23,101,114,56,15,80,33,44" hai3="66,109,115,3,25,31,59,113,91,70,74,72,124"/><T26/><D129/><U107/><E68/><V42/><F33/><N who="3" m="20719" /><G59/><T132/><D132/><U5/><E107/><V52/><F114/><N who="3" m="43531" /><G91/><T73/><D38/><U83/><E12/><V112/><F112/><W27/><G27/><T50/><D111/><U20/><E89/><V126/><F126/><W69/><G109/><T71/><D26/><U77/><E128/><V94/><F94/><W95/><G95/><T37/><D37/><U48/><E117/><V92/><F92/><W105/><G124/><T103/><D104/><U82/><E32/><V133/><F133/><W39/><G39/><T106/><D106/><U123/><E48/><V116/><F116/><W64/><G64/><T18/><D18/><U49/><E49/><V60/><REACH who="2" step="1"/><F101/><REACH who="2" ten="356,250,279,105" step="2"/><W55/><G105/><T14/><REACH who="0" step="1"/><D6/><REACH who="0" ten="346,250,279,105" step="2"/><U57/><E5/><V121/><F121/><W43/><G69/><T85/><D85/><U17/><E120/><V62/><F62/><W118/><G118/><T108/><D108/><U88/><E123/><V9/><AGARI ba="1,2" hai="9,15,19,21,23,36,42,44,52,56,60,78,80,84" machi="9" ten="20,5200,0" yaku="1,1,0,1,7,1,54,1,53,0" doraHai="98" doraHaiUra="102" who="2" fromWho="2" sc="346,-27,250,-14,279,75,105,-14" />
</Scene>
<Scene>
<INIT seed="1,0,0,0,2,17" ten="319,236,354,91" oya="1" hai0="122,102,51,59,33,94,116,18,52,127,10,85,107" hai1="5,43,98,121,123,54,56,89,130,31,37,67,120" hai2="81,30,63,128,20,36,68,126,50,76,117,72,115" hai3="109,28,57,131,73,14,7,133,27,95,91,42,29"/><U104/><E67/><V113/><F36/><W4/><G73/><T45/><D116/><U124/><E5/><V74/><F117/><W71/><G71/><T84/><D107/><U75/><E75/><V83/><F128/><W49/><G131/><T106/><D106/><U110/><E130/><V132/><F126/><W114/><G114/><N who="2" m="43529" /><F132/><W99/><G109/><T105/><D105/><U19/><E124/><V82/><F76/><W12/><G133/><T2/><D127/><U103/><E31/><N who="3" m="11850" /><G27/><T48/><D33/><U34/><E34/><V35/><F50/><W24/><G24/><T111/><D111/><U39/><E110/><V96/><F96/><W135/><G135/><T118/><D118/><U65/><E65/><N who="2" m="41023" /><F35/><W47/><G57/><T13/><D2/><U87/><E43/><V16/><F30/><W44/><G44/><T23/><D122/><U101/><E101/><V0/><F0/><W79/><G79/><T8/><D85/><U60/><REACH who="1" step="1"/><E19/><REACH who="1" ten="319,226,354,91" step="2"/><V134/><F134/><W21/><G4/><T40/><D102/><U86/><E86/><V22/><F22/><W78/><G7/><T129/><D129/><U26/><E26/><AGARI ba="0,1" hai="16,20,26,72,74,81,82,83" m="41023,43529" machi="26" ten="30,3900,0" yaku="11,1,52,1,54,1" doraHai="17" who="2" fromWho="1" sc="319,0,226,-39,354,49,91,0" />
</Scene>
<Scene>
<INIT seed="2,0,0,4,4,133" ten="319,187,403,91" oya="2" hai0="95,129,126,36,87,64,124,77,110,33,1,97,65" hai1="7,44,82,123,4,39,93,29,53,83,56,8,9" hai2="10,103,74,88,46,135,96,68,66,92,13,120,16" hai3="45,55,14,50,11,84,90,80,115,22,52,63,107"/><V69/><F120/><W34/><G34/><T105/><D36/><U26/><E123/><V100/><F74/><W89/><G115/><T114/><D114/><U73/><E8/><V59/><F135/><W91/><G107/><T111/><D1/><U30/><E7/><V24/><F68/><W27/><G63/><T125/><D33/><U119/><E119/><V5/><F69/><W38/><G38/><T42/><D42/><U28/><E93/><V49/><F59/><W132/><G55/><T35/><D35/><U128/><E128/><V54/><F66/><N who="0" m="25706" /><D129/><U12/><E73/><V117/><F117/><W58/><G58/><T134/><D134/><U98/><E98/><V48/><F48/><W20/><G132/><T71/><D71/><U67/><E39/><V116/><F116/><W47/><G47/><T78/><D105/><U32/><E32/><V70/><F70/><W25/><G25/><T23/><D23/><AGARI ba="0,0" hai="5,10,13,16,23,24,46,49,54,88,92,96,100,103" machi="23" ten="40,7700,0" yaku="8,1,54,2" doraHai="133" who="2" fromWho="0" sc="319,-77,187,0,403,77,91,0" />
</Scene>
<Scene>
<INIT seed="2,1,0,0,3,96" ten="242,187,480,91" oya="2" hai0="45,89,5,65,11,54,55,66,14,109,12,38,13" hai1="21,64,79,116,78,129,99,80,74,118,101,108,76" hai2="59,127,98,31,86,29,57,124,53,91,36,100,26" hai3="70,106,15,16,87,49,93,123,90,24,20,41,18"/><V32/><F31/><W10/><G123/><T7/><D109/><U50/><E50/><V81/><F36/><W73/><G70/><T68/><D68/><U75/><E64/><N who="0" m="24681" /><D38/><U134/><E21/><V56/><REACH who="2" step="1"/><F53/><REACH who="2" ten="242,187,470,91" step="2"/><W85/><G73/><N who="1" m="27658" /><E108/><V95/><AGARI ba="1,1" hai="26,29,32,56,57,59,81,86,91,95,98,100,124,127" machi="95" ten="30,12000,1" yaku="1,1,0,1,52,1,53,2" doraHai="96" doraHaiUra="132" who="2" fromWho="2" sc="242,-41,187,-41,470,133,91,-41" />
</Scene>
<Scene>
<INIT seed="2,2,0,2,0,84" ten="201,146,603,50" oya="2" hai0="122,63,57,38,73,72,70,75,99,8,17,123,60" hai1="116,90,55,54,79,39,127,13,131,6,20,44,35" hai2="132,41,111,69,10,82,7,4,96,56,110,86,95" hai3="50,120,66,65,47,67,104,30,109,129,74,117,102"/><V126/><F69/><W87/><G117/><T114/><D114/><U118/><E131/><V18/><F126/><W28/><G74/><T83/><D70/><U85/><E35/><V78/><F132/><W9/><G120/><T77/><D38/><U92/><E127/><V107/><F107/><W1/><G129/><T49/><D99/><U124/><E124/><V58/><F18/><W31/><G109/><N who="2" m="41481" /><F41/><W98/><G87/><T40/><D122/><U24/><E39/><V45/><F45/><W130/><G130/><T29/><D29/><U42/><E42/><V113/><F113/><W135/><G135/><T36/><D36/><U89/><E44/><V106/><F106/><W5/><REACH who="3" step="1"/><G30/><REACH who="3" ten="201,146,603,40" step="2"/><T25/><D123/><U108/><E108/><V19/><F86/><W53/><AGARI ba="2,1" hai="1,5,9,28,31,47,50,53,65,66,67,98,102,104" machi="53" ten="30,7900,0" yaku="1,1,2,1,0,1,53,1" doraHai="84" doraHaiUra="93" who="3" fromWho="3" sc="201,-22,146,-22,603,-41,40,95" />
</Scene>
<Scene>
<INIT seed="3,0,0,4,1,3" ten="179,124,562,135" oya="3" hai0="49,79,59,56,116,98,28,47,122,26,16,5,80" hai1="32,54,45,40,112,81,36,107,51,14,61,102,71" hai2="72,89,23,84,94,67,121,9,100,2,83,109,128" hai3="96,126,25,43,73,39,75,20,123,74,53,38,15"/><W6/><G123/><T64/><D116/><U12/><E32/><V41/><F67/><W97/><G126/><T77/><D122/><U50/><E112/><V57/><F57/><W87/><G87/><T76/><D80/><U115/><E115/><V134/><F121/><W4/><G53/><T7/><D98/><U105/><E51/><V108/><F128/><W48/><G48/><T120/><D120/><U1/><E1/><V70/><F70/><W35/><G35/><T42/><D16/><U93/><E81/><V119/><F119/><W62/><G62/><T118/><D118/><U44/><E107/><V60/><F60/><W24/><G15/><T90/><D90/><U11/><E105/><V135/><F41/><W99/><G43/><T8/><D64/><U111/><E111/><N who="2" m="42571" /><F23/><W30/><REACH who="3" step="1"/><G25/><REACH who="3" ten="179,124,562,125" step="2"/><T29/><D26/><U65/><REACH who="1" step="1"/><E11/><REACH who="1" ten="179,114,562,125" step="2"/><V114/><F9/><W127/><G127/><T110/><D8/><U85/><E85/><V33/><F84/><W10/><G10/><T132/><D110/><U86/><E86/><V66/><F33/><W63/><G63/><T21/><D21/><U34/><E34/><V18/><F2/><W46/><G46/><T52/><D49/><U0/><E0/><V19/><F114/><W88/><G88/><T101/><D47/><U117/><E117/><V106/><F89/><W82/><G82/><T130/><D130/><U113/><E113/><V92/><F83/><W91/><G91/><T27/><D79/><U55/><E55/><V69/><F66/><W58/><G58/><T17/><D59/><U104/><E104/><RYUUKYOKU ba="0,2" sc="179,-15,114,15,562,-15,125,15" hai1="12,14,36,40,44,45,50,54,61,65,71,93,102" hai3="4,6,20,24,30,38,39,73,74,75,96,97,99" />
</Scene>
<Scene>
<INIT seed="3,1,2,1,2,104" ten="164,129,547,140" oya="3" hai0="43,58,93,62,124,12,132,33,4,19,90,54,129" hai1="75,38,86,11,46,82,45,2,101,39,123,95,5" hai2="84,103,65,68,128,78,36,66,30,37,27,110,15" hai3="70,117,112,111,21,0,9,106,122,28,10,64,121"/><W22/><G106/><T17/><D124/><U97/><E123/><N who="3" m="47114" /><G64/><T89/><D129/><U102/><E102/><V114/><F103/><W1/><G70/><T83/><D132/><U134/><E134/><V67/><F68/><W109/><G112/><T26/><D43/><U74/><E46/><V61/><F61/><W24/><G117/><T118/><D118/><U49/><E39/><V116/><F116/><W56/><G56/><T48/><D33/><U107/><E38/><V32/><F114/><W59/><G59/><N who="0" m="33223" /><D26/><U57/><E57/><V51/><F51/><W13/><G22/><T131/><D131/><U73/><E107/><V77/><F128/><W53/><G53/><N who="0" m="34127" /><D83/><U20/><E20/><V60/><F60/><W41/><G41/><T50/><D50/><U91/><E75/><V133/><F133/><W31/><G31/><T130/><D130/><U88/><E91/><N who="0" m="34825" /><D93/><U100/><E101/><V71/><F71/><W47/><G47/><T94/><D94/><U34/><E34/><V98/><F37/><W6/><G10/><AGARI ba="1,2" hai="4,10,12,17,19" m="34825,34127,33223" machi="10" ten="30,1000,0" yaku="8,1" doraHai="104" who="0" fromWho="3" sc="164,33,129,0,547,0,140,-13" />
</Scene>
<Scene>
<INIT seed="4,0,0,0,4,63" ten="197,129,547,127" oya="0" hai0="68,2,14,33,0,27,23,126,12,50,112,95,20" hai1="43,106,49,94,85,76,45,96,123,53,91,57,37" hai2="83,8,9,111,47,79,75,107,102,70,89,135,98" hai3="56,81,134,127,7,116,121,101,46,86,55,13,71"/><T25/><D68/><U92/><E123/><V119/><F111/><W22/><G116/><T128/><D50/><U16/><E76/><V108/><F108/><W93/><G71/><T66/><D95/><U117/><E117/><V44/><F119/><W133/><G121/><T78/><D78/><U131/><E131/><V84/><F70/><W39/><G39/><T114/><D128/><U64/><E64/><V103/><F103/><W104/><G104/><T24/><D66/><U58/><E106/><V97/><F97/><W31/><G46/><N who="2" m="17449" /><F135/><W3/><G3/><N who="0" m="1067" /><D33/><U80/><E58/><V69/><F69/><W40/><G40/><T19/><D126/><U17/><REACH who="1" step="1"/><E94/><AGARI ba="0,0" hai="8,9,75,79,83,84,89,94,98,102,107" m="17449" machi="94" ten="30,1000,0" yaku="24,1" doraHai="63" who="2" fromWho="1" sc="197,0,129,-10,547,10,127,0" />
</Scene>
<Scene>
<INIT seed="5,0,0,2,4,75" ten="197,119,557,127" oya="1" hai0="122,48,5,79,13,32,116,124,52,93,45,127,36" hai1="84,107,3,69,126,114,80,113,111,83,21,33,87" hai2="14,106,31,50,1,132,28,100,115,133,90,130,9" hai3="76,47,89,128,6,94,63,131,25,81,77,118,8"/><U18/><E69/><V61/><F1/><W96/><G118/><T68/><D116/><U16/><E33/><V24/><F130/><N who="3" m="49707" /><G63/><T51/><D122/><U105/><E3/><V108/><F31/><W129/><N who="3" m="49715" /><W37/><DORA hai="62" /><G25/><T99/><D32/><U98/><E111/><V101/><F101/><W15/><G81/><N who="1" m="31306" /><E21/><V58/><F50/><W86/><G86/><N who="1" m="32810" /><E126/><V30/><F108/><W72/><G72/><T57/><D124/><U120/><E120/><V88/><F28/><W112/><G112/><N who="1" m="43114" /><E98/><N who="2" m="61719" /><F115/><W104/><G104/><AGARI ba="0,0" hai="16,18,104,105,107" m="43114,32810,31306" machi="104" ten="40,12000,1" yaku="28,2,15,1,54,1" doraHai="75,62" who="1" fromWho="3" sc="197,0,119,120,557,0,127,-120" />
</Scene>
<Scene>
<INIT seed="5,1,0,5,0,86" ten="197,239,557,7" oya="1" hai0="114,91,19,87,12,49,37,115,17,116,40,66,4" hai1="33,64,52,124,35,23,3,83,79,88,9,44,73" hai2="98,26,112,29,111,63,55,100,18,134,133,62,34" hai3="39,77,43,80,92,131,108,58,109,93,51,103,13"/><U81/><E64/><V110/><F112/><N who="0" m="43050" /><D37/><U60/><E124/><V50/><F18/><W90/><G39/><T82/><D116/><U15/><E23/><V74/><F74/><W125/><G125/><T128/><D128/><U65/><E3/><V57/><F63/><W113/><G131/><T21/><D66/><U119/><E119/><V121/><F50/><W123/><G123/><T72/><D72/><U129/><E129/><V67/><F55/><W99/><G113/><T120/><D120/><U101/><E101/><V42/><F42/><W20/><G20/><T132/><D132/><N who="2" m="50794" /><F121/><W27/><G13/><T106/><D106/><AGARI ba="1,0" hai="26,29,34,57,62,67,98,100,106,110,111" m="50794" machi="106" ten="30,1000,0" yaku="20,1" doraHai="86" who="2" fromWho="0" sc="197,-13,239,0,557,13,7,0" />
</Scene>
<Scene>
<INIT seed="6,0,0,1,2,78" ten="184,239,570,7" oya="2" hai0="12,10,92,9,3,33,60,16,66,101,50,54,46" hai1="121,1,17,122,43,112,79,126,103,0,74,23,21" hai2="131,98,111,39,18,69,110,47,15,52,116,63,31" hai3="48,19,38,84,100,91,133,106,95,125,86,72,89"/><V93/><F31/><W119/><G38/><T59/><D33/><U30/><E43/><V67/><F116/><W132/><G119/><T55/><D3/><U53/><E103/><V130/><F39/><W81/><G19/><T44/><D101/><U61/><E126/><V107/><F107/><W24/><G24/><T134/><D134/><N who="3" m="51817" /><G48/><T108/><D108/><N who="2" m="41514" /><F52/><W20/><G20/><T76/><D76/><U11/><E23/><N who="2" m="11743" /><F47/><W29/><G29/><T13/><D92/><U97/><E30/><V51/><F51/><W118/><G118/><T40/><D46/><U41/><E53/><V28/><F28/><W2/><G2/><T73/><D73/><U75/><E1/><V36/><F36/><W65/><G65/><T129/><D129/><U105/><E75/><V37/><F37/><W99/><G72/><T34/><D34/><U87/><E74/><V115/><F67/><W56/><G56/><T88/><D66/><U120/><E120/><V123/><F123/><W77/><G77/><T57/><D59/><U68/><E79/><V83/><F131/><W82/><G125/><T49/><D49/><U117/><E122/><V94/><F130/><W42/><G42/><T135/><D135/><U124/><E41/><V90/><F63/><W128/><G128/><T104/><D40/><U45/><E61/><V32/><F32/><W64/><G64/><T14/><D10/><U102/><E121/><V113/><F69/><W109/><G109/><T114/><D57/><U71/><E124/><V62/><F62/><W27/><G27/><T4/><D60/><U58/><E117/><RYUUKYOKU ba="0,0" sc="184,-10,239,-10,570,-10,7,30" hai3="81,82,84,86,89,91,95,99,100,106" />
</Scene>
<Scene>
<INIT seed="7,1,0,2,0,104" ten="174,229,560,37" oya="3" hai0="16,36,18,108,100,52,5,94,112,134,39,28,23" hai1="15,75,22,115,13,6,97,76,130,58,114,102,41" hai2="72,1,53,91,86,124,113,47,56,0,129,131,125" hai3="64,87,43,106,84,68,78,83,126,61,46,69,82"/><W118/><G126/><N who="2" m="48745" /><F72/><W20/><G106/><T105/><D108/><U10/><E58/><V38/><F113/><W19/><G118/><T27/><D105/><U79/><E41/><N who="2" m="22967" /><F1/><W120/><G120/><T127/><D134/><U85/><E85/><V88/><F0/><W57/><G19/><T77/><D112/><U123/><E15/><V14/><F14/><W92/><G92/><T133/><D133/><U109/><E22/><V30/><F30/><W37/><REACH who="3" step="1"/><G20/><REACH who="3" ten="174,229,560,27" step="2"/><N who="0" m="15463" /><D127/><U117/><E117/><V17/><F17/><W135/><G135/><T60/><D18/><U89/><E123/><V128/><F86/><W8/><G8/><T26/><D94/><U2/><E10/><V42/><F42/><W55/><G55/><T21/><D21/><U98/><E115/><V70/><F53/><W12/><G12/><T122/><D122/><U34/><E13/><V59/><F129/><W50/><G50/><T48/><D48/><U80/><E114/><V35/><F131/><W107/><G107/><T24/><D16/><U40/><E130/><V63/><F128/><W54/><G54/><T110/><D52/><U11/><E40/><V121/><F121/><W45/><G45/><T66/><D23/><U71/><E11/><V31/><F31/><W116/><G116/><T99/><D39/><U119/><E119/><V25/><F25/><W44/><G44/><T81/><D36/><U73/><E34/><V33/><F35/><W101/><G101/><T62/><D26/><U9/><E102/><V4/><F33/><W132/><G132/><T32/><D32/><U7/><E9/><RYUUKYOKU ba="1,1" sc="174,-10,229,-10,560,-10,27,30" hai3="37,43,46,57,61,64,68,69,78,82,83,84,87" />
</Scene>
<Scene>
<INIT seed="7,2,1,5,2,87" ten="164,219,550,57" oya="3" hai0="24,33,36,116,0,1,110,99,20,129,63,51,113" hai1="17,86,134,65,133,59,19,37,78,73,6,9,105" hai2="126,76,22,131,52,16,32,21,120,74,71,53,103" hai3="72,101,62,94,26,97,31,49,7,98,96,115,18"/><W27/><G72/><T13/><D110/><U35/><E37/><V41/><F32/><W28/><G7/><T128/><D116/><U106/><E35/><V56/><F71/><W127/><G115/><T92/><D36/><U125/><E73/><V50/><F41/><W79/><G127/><T2/><D113/><U39/><E39/><V57/><F126/><W43/><G79/><T44/><D33/><U38/><E38/><V121/><F131/><N who="0" m="50250" /><D63/><N who="1" m="38143" /><E125/><V112/><F103/><W66/><G43/><N who="0" m="24991" /><D13/><N who="1" m="5303" /><E105/><V89/><F112/><W69/><G49/><T114/><D114/><U58/><E106/><V75/><F89/><W5/><G5/><T40/><D40/><U107/><E107/><V88/><F88/><W68/><G68/><T54/><D54/><U61/><E134/><V67/><F67/><W77/><G77/><T30/><D2/><U8/><E8/><V124/><F124/><W95/><G18/><T108/><D108/><U104/><E104/><V12/><F76/><W80/><G80/><T90/><AGARI ba="2,1" hai="0,1,20,24,30,90,92,99" m="24991,50250" machi="90" ten="30,2000,0" yaku="19,1,52,1" doraHai="87" who="0" fromWho="0" sc="164,36,219,-7,550,-7,57,-12" owari="200,-20.0,212,1.0,543,64.0,45,-45.0" />
</Scene>
</mjloggm>