<mjloggm ver="2.3"><GO type="169" lobby="0"/><UN n0="%E3%80%93%E4%BD%90%E5%A4%A9%E3%81%95%E3%82%93%E3%80%93" n1="%E5%A4%AA%E3%81%8F%E3%81%AA%E3%81%84%E3%81%8A" n2="%75%73%6B%31%31%31%35" n3="%E3%83%98%E3%82%AF%E3%82%B5%E3%83%BC" dan="17,18,16,19" rate="2139.05,2181.14,2162.61,2350.43" sx="F,M,M,M"/><TAIKYOKU oya="0"/>

<Scene>
<INIT seed="0,0,0,2,5,50" ten="250,250,250,250" oya="0" hai0="114,21,127,78,84,41,61,29,100,72,131,27,70" hai1="23,24,106,60,47,133,77,20,65,98,32,6,26" hai2="63,11,76,34,17,94,117,16,95,92,83,19,104" hai3="86,107,7,123,10,55,74,135,122,8,90,4,128"/><T25/><D114/><U93/><E93/><BYE who="1" /><V68/><F104/><W66/><G74/><T116/><D116/><U89/><E89/><V118/><F34/><W36/><G128/><T48/><D131/><UN n1="%E5%A4%AA%E3%81%8F%E3%81%AA%E3%81%84%E3%81%8A" /><U120/><E120/><N who="3" m="46122" /><G135/><T28/><D72/><U119/><E119/><V85/><REACH who="2" step="1"/><F11/><REACH who="2" ten="250,250,240,250" step="2"/><W45/><G107/><T49/><D127/><U69/><E32/><V81/><F81/><W35/><G35/><T99/><D41/><U15/><E106/><V102/><F102/><W110/><G8/><T79/><D100/><U126/><E126/><V132/><F132/><W129/><G10/><T56/><D99/><U88/><E98/><V59/><F59/><W0/><G129/><T22/><D70/><U105/><E69/><V73/><F73/><W125/><G125/><T112/><D112/><U91/><E105/><V103/><F103/><W54/><G0/><T43/><D84/><U71/><E71/><V31/><F31/><W38/><G86/><T1/><D1/><U80/><E80/><V12/><F12/><W33/><G33/><T134/><D134/><U109/><E15/><V87/><F87/><W62/><G45/><T97/><D43/><U37/><E133/><V82/><F82/><W75/><G75/><T101/><D101/><U130/><E130/><V64/><AGARI ba="0,1" hai="16,17,19,63,64,68,76,83,85,92,94,95,117,118" machi="64" ten="40,8000,1" yaku="1,1,0,1,54,1,53,2" doraHai="50" doraHaiUra="115" who="2" fromWho="2" sc="250,-40,250,-20,240,90,250,-20" />
</Scene>
<Scene>
<INIT seed="1,0,0,3,1,97" ten="210,230,330,230" oya="1" hai0="25,134,74,42,0,112,106,21,15,78,94,76,35" hai1="66,12,110,113,127,85,8,107,23,92,122,10,6" hai2="90,44,2,108,26,29,27,111,19,32,135,18,105" hai3="20,50,41,79,119,123,125,53,117,100,132,64,43"/><U118/><E113/><V69/><F69/><W60/><G79/><T81/><D112/><U116/><E107/><V61/><F105/><W1/><G1/><T38/><D106/><U102/><E122/><V4/><F90/><W95/><G20/><T65/><D0/><U114/><E114/><V58/><F44/><N who="3" m="27847" /><G95/><T126/><D35/><U99/><E127/><V62/><F135/><W82/><G82/><T88/><D134/><U7/><E110/><N who="2" m="42027" /><F62/><W71/><G100/><T5/><D65/><U67/><E23/><V22/><F61/><N who="3" m="40335" /><G132/><T3/><D15/><N who="1" m="5527" /><E118/><N who="3" m="45066" /><G123/><T54/><D78/><U87/><E116/><V115/><F115/><W14/><G14/><T40/><D5/><U51/><E87/><V48/><F4/><W124/><G60/><T104/><D104/><U120/><E85/><V68/><F2/><W52/><G52/><T70/><D3/><U13/><E120/><V55/><F68/><W28/><G28/><AGARI ba="0,0" hai="18,19,22,26,27,28,29,32,48,55,58" m="42027" machi="28" ten="30,1000,0" yaku="14,1" doraHai="97" who="2" fromWho="3" sc="210,0,230,0,330,10,230,-10" />
</Scene>
<Scene>
<INIT seed="2,0,0,1,0,93" ten="210,230,340,220" oya="2" hai0="110,44,48,91,0,55,128,95,108,17,131,50,119" hai1="123,15,77,57,75,127,94,102,73,86,115,88,51" hai2="61,104,41,20,103,18,106,29,74,31,99,116,92" hai3="19,68,97,6,64,2,126,4,76,5,83,62,1"/><V98/><F116/><W107/><G126/><T72/><D72/><U118/><E118/><V60/><F74/><W59/><G19/><T30/><D119/><U16/><E115/><V81/><F41/><W52/><G107/><T135/><D0/><U43/><E127/><V54/><F81/><W100/><G100/><T49/><D30/><U36/><E123/><V26/><F106/><W67/><G97/><N who="0" m="57599" /><D17/><U87/><E102/><V25/><F54/><W38/><G38/><T33/><D33/><U34/><E34/><V112/><F112/><W111/><G111/><N who="0" m="42539" /><D135/><U79/><E36/><V58/><F58/><W84/><REACH who="3" step="1"/><G67/><REACH who="3" ten="210,230,340,210" step="2"/><T63/><D44/><U82/><E16/><V8/><F8/><W28/><G28/><T113/><D113/><U22/><E75/><V70/><F18/><W37/><G37/><T35/><D35/><U32/><E73/><V66/><F66/><W11/><G11/><T89/><D89/><U133/><E32/><V7/><F7/><W71/><G71/><T122/><D122/><U21/><E133/><V14/><F70/><W78/><G78/><T105/><D105/><U24/><E79/><V12/><F104/><W90/><G90/><T121/><D121/><U80/><E77/><V85/><F103/><W46/><G46/><T120/><D120/><U132/><E132/><V124/><F124/><W23/><G23/><T40/><D40/><U117/><E43/><V109/><F109/><W125/><G125/><T13/><D55/><N who="1" m="31999" /><E117/><V65/><F65/><W10/><G10/><T129/><D13/><U47/><E47/><V114/><F114/><RYUUKYOKU ba="0,1" sc="210,15,230,-15,340,-15,210,15" hai0="48,49,50,63,128,129,131" hai3="1,2,4,5,6,52,59,62,64,68,76,83,84" />
</Scene>
<Scene>
<INIT seed="3,1,1,4,3,15" ten="225,215,325,225" oya="3" hai0="80,98,109,129,3,93,87,90,32,12,26,111,9" hai1="28,88,107,66,134,54,103,40,117,55,125,51,23" hai2="19,100,44,63,110,39,84,43,101,106,70,33,18" hai3="130,34,52,121,128,59,36,119,47,131,16,8,65"/><W4/><G121/><T14/><D129/><U89/><E134/><V112/><F33/><W56/><G119/><T22/><D32/><U13/><E117/><V102/><F112/><W45/><G34/><T79/><D3/><U24/><E125/><V73/><F73/><W49/><G4/><T85/><D98/><U25/><E66/><V97/><F110/><N who="0" m="41994" /><D9/><U2/><E2/><V50/><F39/><W78/><G78/><T124/><D124/><U53/><E24/><V68/><F84/><W82/><G82/><T113/><D113/><U120/><E120/><V77/><F77/><W132/><G132/><T127/><D127/><U60/><E60/><V99/><F102/><W94/><G94/><T67/><D67/><U42/><E13/><V104/><F63/><N who="3" m="38119" /><G36/><T118/><D118/><U37/><E37/><V7/><F7/><W96/><G96/><T6/><D6/><U5/><E5/><V76/><F76/><W135/><G135/><T71/><D71/><AGARI ba="1,1" hai="18,19,43,44,50,68,70,71,97,99,100,101,104,106" machi="71" ten="40,5200,0" yaku="9,1,52,2" doraHai="15" who="2" fromWho="0" sc="225,-55,215,0,325,65,225,0" />
</Scene>
<Scene>
<INIT seed="4,0,0,2,2,99" ten="170,215,390,225" oya="0" hai0="95,111,26,39,81,36,133,97,43,84,98,15,109" hai1="6,31,103,38,52,108,59,30,5,25,63,128,2" hai2="18,46,68,7,91,29,33,58,8,89,86,112,114" hai3="70,76,83,34,16,21,94,80,45,107,32,28,110"/><T101/><D133/><U4/><E108/><N who="0" m="41545" /><D43/><U48/><E38/><V24/><F68/><W105/><G70/><T50/><D50/><U72/><E72/><V47/><F58/><W130/><G110/><T41/><D41/><U79/><E128/><V14/><F7/><W23/><G45/><N who="2" m="16905" /><F86/><W119/><G119/><T35/><D15/><U92/><E79/><V121/><F121/><W116/><G116/><T19/><D97/><N who="1" m="59815" /><E2/><V118/><F118/><W44/><G44/><T27/><D19/><U0/><E0/><V13/><F14/><W69/><G16/><T74/><D74/><U129/><E129/><V66/><F66/><W1/><G130/><T88/><D35/><U117/><E117/><V12/><F12/><W85/><G1/><T135/><D135/><U64/><E25/><AGARI ba="0,0" hai="25,26,27,36,39,81,84,88,95,98,101" m="41545" machi="25" ten="30,5800,0" yaku="10,1,52,1,54,1" doraHai="99" who="0" fromWho="1" sc="170,58,215,-58,390,0,225,0" />
</Scene>
<Scene>
<INIT seed="4,1,0,5,3,105" ten="228,157,390,225" oya="0" hai0="118,31,32,127,59,62,93,120,67,5,20,43,97" hai1="132,64,79,8,52,119,50,121,123,107,117,60,39" hai2="1,104,16,45,72,101,94,27,77,3,33,87,116" hai3="134,69,34,10,36,103,129,17,71,96,11,18,82"/><T99/><D118/><N who="1" m="45067" /><E79/><V14/><F116/><W76/><G34/><T124/><D120/><N who="1" m="46155" /><E8/><V88/><F45/><W113/><G36/><T122/><D122/><U83/><E83/><N who="2" m="45479" /><F27/><W38/><G38/><T85/><D43/><U44/><E107/><V95/><F95/><W12/><G82/><T106/><D32/><U74/><E74/><V75/><F75/><W57/><G76/><T90/><D5/><U110/><E110/><V9/><F33/><W24/><G10/><T49/><D49/><U58/><E39/><V28/><F28/><W73/><G73/><T42/><D42/><N who="1" m="24855" /><E132/><V13/><F13/><W128/><G12/><T2/><D2/><U86/><E86/><V84/><F84/><W135/><G11/><T25/><REACH who="0" step="1"/><D106/><REACH who="0" ten="218,157,390,225" step="2"/><U125/><E125/><AGARI ba="1,1" hai="20,25,31,59,62,67,85,90,93,97,99,124,125,127" machi="125" ten="40,7700,0" yaku="1,1,2,1,18,1,53,0" doraHai="105" doraHaiUra="6" who="0" fromWho="1" sc="218,90,157,-80,390,0,225,0" />
</Scene>
<Scene>
<INIT seed="4,2,0,5,3,17" ten="308,77,390,225" oya="0" hai0="7,32,104,65,72,108,52,1,23,69,67,36,64" hai1="21,121,4,45,122,27,74,53,25,109,129,63,47" hai2="20,131,106,18,61,6,56,82,92,126,66,111,103" hai3="71,110,24,57,101,33,29,15,3,124,44,10,116"/><T90/><D32/><U118/><E109/><V42/><F106/><W99/><G71/><T86/><D72/><U78/><E118/><V105/><F105/><W134/><G110/><T38/><D108/><U75/><E4/><V87/><F111/><W95/><G116/><T11/><D104/><U31/><E129/><V132/><F131/><W68/><G68/><T34/><D34/><U123/><E78/><V30/><F132/><W5/><G134/><T22/><D69/><U73/><REACH who="1" step="1"/><E27/><REACH who="1" ten="308,67,390,225" step="2"/><N who="2" m="14743" /><F6/><W114/><G24/><T119/><D119/><U91/><E91/><V37/><F126/><W51/><G5/><T49/><D38/><U89/><E89/><N who="2" m="51447" /><F37/><W39/><G39/><T128/><D36/><U62/><E62/><V60/><F61/><W112/><G124/><T83/><REACH who="0" step="1"/><D128/><REACH who="0" ten="298,67,390,225" step="2"/><U79/><E79/><V8/><F66/><W96/><G114/><T43/><D43/><U26/><E26/><V76/><F42/><W115/><G115/><T41/><D41/><U117/><E117/><V98/><F76/><W14/><G112/><T50/><D50/><U28/><E28/><V12/><F30/><W84/><G51/><T120/><D120/><U19/><E19/><N who="2" m="8583" /><F60/><W107/><G29/><T46/><AGARI ba="2,2" hai="1,7,11,22,23,46,49,52,64,65,67,83,86,90" machi="46" ten="30,12000,1" yaku="1,1,0,1,52,2,54,1,53,0" doraHai="17" doraHaiUra="102" who="0" fromWho="0" sc="298,146,67,-42,390,-42,225,-42" />
</Scene>
<Scene>
<INIT seed="4,3,0,0,1,28" ten="444,25,348,183" oya="0" hai0="130,113,3,11,123,64,74,107,132,77,43,76,56" hai1="94,31,26,61,121,110,63,25,73,108,2,36,68" hai2="112,32,93,96,102,48,70,106,39,109,8,86,98" hai3="34,95,87,46,4,24,111,17,84,122,52,83,7"/><T100/><D123/><U50/><E36/><V27/><F109/><W44/><G111/><T129/><D113/><U91/><E121/><V104/><F39/><W66/><G34/><T9/><D132/><U23/><E2/><V57/><F70/><W20/><G66/><T54/><D43/><U120/><E120/><V13/><F112/><W88/><G122/><T118/><D118/><U18/><E73/><V67/><F86/><W37/><G37/><T115/><D115/><U119/><E119/><V6/><F98/><W89/><G46/><T75/><D64/><U10/><E68/><V116/><F116/><W79/><G79/><T42/><D42/><U65/><E65/><V72/><F72/><W125/><G125/><T126/><D56/><U33/><E110/><V99/><F99/><W51/><AGARI ba="3,0" hai="4,7,17,20,24,44,51,52,83,84,87,88,89,95" machi="51" ten="30,7900,0" yaku="0,1,8,1,54,2" doraHai="28" who="3" fromWho="3" sc="444,-42,25,-23,348,-23,183,88" />
</Scene>
<Scene>
<INIT seed="5,0,0,2,5,7" ten="402,2,325,271" oya="1" hai0="121,58,32,114,103,122,75,74,79,63,60,21,11" hai1="118,92,77,22,120,83,5,14,29,91,4,26,98" hai2="96,94,24,40,15,95,101,131,27,85,119,41,47" hai3="67,54,127,44,55,23,88,65,104,57,50,59,124"/><U48/><E118/><V10/><F119/><W51/><G104/><T128/><D32/><U93/><E120/><N who="0" m="46185" /><D114/><U2/><E2/><V105/><F131/><W84/><G23/><T61/><D128/><U34/><E34/><V38/><F41/><W107/><G107/><T134/><D134/><U0/><E0/><V89/><REACH who="2" step="1"/><F95/><REACH who="2" ten="402,2,315,271" step="2"/><N who="3" m="54663" /><G124/><T20/><D103/><U9/><E93/><V87/><F87/><W132/><G127/><T53/><D75/><U52/><E5/><AGARI ba="0,1" hai="5,10,15,24,27,38,40,47,85,89,94,96,101,105" machi="5" ten="30,3900,0" yaku="1,1,7,1,52,1,53,0" doraHai="7" doraHaiUra="19" who="2" fromWho="1" sc="402,0,2,-39,315,49,271,0" owari="402,51.0,-37,-54.0,364,16.0,271,-13.0" />
</Scene>
</mjloggm>