<mjloggm ver="2.3"><GO type="169" lobby="0"/><UN n0="%E3%81%B5%E3%81%98%E3%81%8A" n1="%72%69%73%6B%79" n2="%E5%A4%AA%E3%81%8F%E3%81%AA%E3%81%84%E3%81%8A" n3="%77%61%64%6F%70%72%6F" dan="17,17,18,16" rate="2219.33,2110.45,2238.72,2124.52" sx="M,M,M,M"/><TAIKYOKU oya="0"/>

<Scene>
<INIT seed="0,0,0,0,1,48" ten="250,250,250,250" oya="0" hai0="43,12,39,50,105,21,40,52,24,100,1,92,69" hai1="95,78,124,125,99,66,134,67,44,18,82,87,23" hai2="58,54,90,59,56,133,116,89,35,6,28,120,37" hai3="5,72,118,32,29,49,79,103,70,117,131,121,9"/><T45/><D1/><U26/><E134/><V47/><F120/><W132/><G132/><T85/><D105/><U53/><E125/><V68/><F133/><W55/><G70/><T2/><D2/><U128/><E128/><V73/><F68/><W19/><G131/><T41/><D69/><U17/><E124/><V65/><F73/><W61/><G61/><T14/><D39/><U80/><E80/><V106/><F106/><W129/><G129/><T7/><D7/><U75/><E75/><V84/><F65/><W15/><G103/><T16/><D85/><U71/><E71/><V34/><F116/><W122/><G79/><T94/><D100/><U114/><E114/><V126/><F126/><W30/><G72/><T33/><D33/><U57/><E44/><V51/><F6/><W77/><G77/><T20/><D12/><U64/><E64/><V97/><F37/><W115/><G115/><T0/><D0/><U96/><E18/><AGARI ba="0,0" hai="14,16,18,20,21,24,40,41,43,45,50,52,92,94" machi="18" ten="40,12000,1" yaku="8,1,52,1,54,2" doraHai="48" who="0" fromWho="1" sc="250,120,250,-120,250,0,250,0" />
</Scene>
<Scene>
<INIT seed="0,1,0,0,3,85" ten="370,130,250,250" oya="0" hai0="109,66,1,114,131,120,83,75,116,112,65,55,100" hai1="89,121,23,35,96,11,119,104,110,4,117,111,58" hai2="113,37,122,50,103,22,8,132,118,115,44,7,72" hai3="27,10,45,73,61,0,87,102,34,25,54,15,47"/><T86/><D1/><U56/><E35/><V14/><F122/><W126/><G73/><T79/><D120/><U98/><E121/><V134/><F37/><W33/><G0/><T31/><D31/><U39/><E39/><V99/><F72/><W129/><G129/><T20/><D116/><U67/><E23/><V13/><F118/><W40/><G126/><T42/><D42/><U106/><E11/><V125/><F125/><W51/><G102/><T123/><D123/><U105/><E4/><V9/><F22/><W46/><G61/><T69/><D131/><U28/><E28/><V94/><F132/><W133/><G133/><T53/><D69/><U71/><E71/><V62/><F62/><W77/><G34/><T59/><D53/><U52/><E67/><V41/><REACH who="2" step="1"/><F134/><REACH who="2" ten="370,130,240,250" step="2"/><W29/><G27/><T90/><D114/><U130/><E130/><V19/><AGARI ba="1,1" hai="7,8,9,13,14,19,41,44,50,94,99,103,113,115" machi="19" ten="20,5200,0" yaku="1,1,2,1,0,1,7,1,53,0" doraHai="85" doraHaiUra="17" who="2" fromWho="2" sc="370,-27,130,-14,240,65,250,-14" />
</Scene>
<Scene>
<INIT seed="1,0,0,0,5,135" ten="343,116,305,236" oya="1" hai0="29,82,57,56,132,35,86,92,45,21,73,90,60" hai1="66,112,0,1,109,22,121,64,105,78,49,104,70" hai2="59,28,133,76,11,36,47,16,77,79,106,101,74" hai3="123,48,127,15,18,108,8,19,87,94,2,107,96"/><U41/><E112/><V7/><F133/><W34/><G123/><T40/><D132/><U91/><E121/><V129/><F129/><W75/><G75/><T68/><D35/><U128/><E78/><V98/><F28/><W20/><G34/><T31/><D68/><U12/><E128/><V61/><F36/><W43/><G108/><T50/><D21/><U114/><E114/><V44/><F74/><W10/><G107/><T125/><D125/><U39/><E39/><V25/><F25/><W30/><G127/><T81/><D56/><U37/><E37/><V13/><REACH who="2" step="1"/><F7/><REACH who="2" ten="343,116,295,236" step="2"/><W24/><G30/><N who="0" m="11275" /><D73/><U113/><E113/><V51/><F51/><W88/><G10/><T4/><D4/><U53/><E109/><V33/><F33/><W69/><G69/><T100/><D100/><U97/><E70/><V110/><F110/><W119/><G119/><T65/><AGARI ba="0,1" hai="40,45,50,57,60,65,81,82,86,90,92" m="11275" machi="65" ten="30,1100,0" yaku="8,1" doraHai="135" who="0" fromWho="0" sc="343,21,116,-5,295,-3,236,-3" />
</Scene>
<Scene>
<INIT seed="2,0,0,2,0,102" ten="364,111,292,233" oya="2" hai0="30,116,58,118,85,81,31,108,98,87,84,101,66" hai1="83,44,18,29,97,51,114,38,64,90,36,22,47" hai2="39,63,73,68,48,67,12,75,27,88,16,5,124" hai3="79,82,2,69,126,86,112,123,135,80,25,99,24"/><V41/><F39/><W117/><G117/><N who="0" m="45163" /><D108/><U127/><E114/><V52/><F41/><W33/><G123/><T110/><D110/><U72/><E127/><V132/><F124/><W106/><G126/><T122/><D122/><U115/><E115/><V93/><F27/><W3/><G112/><T37/><D37/><U65/><E29/><V0/><F5/><W32/><G69/><T100/><D81/><U133/><E133/><V43/><F43/><W55/><G135/><T71/><D71/><U119/><E119/><V92/><F0/><W59/><G99/><T34/><D34/><U111/><E111/><V128/><F128/><W104/><G59/><T35/><D35/><U17/><E72/><V21/><F93/><W1/><G55/><T61/><D101/><U46/><E51/><V129/><F129/><W15/><G15/><T120/><D120/><U107/><E38/><V78/><F78/><W56/><G56/><T113/><D113/><U105/><E36/><V23/><F23/><W62/><G62/><T14/><D14/><U60/><E60/><V40/><F40/><W28/><REACH who="3" step="1"/><G82/><REACH who="3" ten="364,111,292,223" step="2"/><T130/><D130/><U77/><E97/><V19/><F132/><W53/><G53/><T8/><D58/><U9/><E65/><V50/><F52/><W96/><G96/><T74/><D61/><U91/><E64/><V57/><F68/><W76/><G76/><T95/><D66/><U4/><E77/><V109/><F109/><W131/><G131/><T121/><D121/><U20/><E83/><V6/><F67/><W11/><G11/><T89/><D8/><RYUUKYOKU ba="0,1" sc="364,-10,111,-10,292,-10,223,30" hai3="1,2,3,24,25,28,32,33,79,80,86,104,106" />
</Scene>
<Scene>
<INIT seed="3,1,1,0,1,7" ten="354,101,282,253" oya="3" hai0="80,101,32,38,16,120,30,36,17,14,106,2,107" hai1="86,90,50,41,74,73,6,127,115,108,62,69,44" hai2="133,34,125,97,72,64,11,87,46,24,68,3,18" hai3="9,29,35,96,83,111,81,33,43,49,78,135,121"/><W25/><G121/><T23/><D120/><U26/><E115/><V19/><F72/><W94/><G135/><T13/><D2/><U76/><E108/><V56/><F68/><W47/><G111/><T128/><D128/><U53/><E127/><V110/><F110/><W92/><G35/><T77/><D30/><U15/><E26/><V48/><F125/><W98/><G78/><T100/><D32/><U28/><E28/><V130/><F130/><W39/><G39/><T52/><D52/><U123/><E123/><V67/><F133/><W102/><REACH who="3" step="1"/><G9/><REACH who="3" ten="354,101,282,243" step="2"/><T119/><D77/><U63/><E76/><V31/><F11/><W12/><G12/><T66/><D38/><U82/><E15/><V109/><F109/><W27/><G27/><T103/><D36/><U89/><E74/><V79/><F79/><W61/><G61/><T1/><D13/><U51/><E73/><V126/><F34/><W45/><G45/><T85/><D14/><U0/><E63/><V42/><F24/><W5/><G5/><T70/><D1/><U132/><E132/><V99/><F3/><W118/><G118/><T58/><D119/><U104/><E6/><V60/><F126/><W84/><G84/><T40/><D85/><U22/><E0/><V91/><F87/><W59/><G59/><T55/><D58/><U54/><E62/><V75/><F75/><W37/><G37/><T105/><D70/><U71/><E71/><V10/><F60/><W113/><G113/><T117/><D117/><U131/><E69/><V95/><F56/><W134/><G134/><T116/><D116/><RYUUKYOKU ba="1,2" sc="354,-10,101,-10,282,-10,243,30" hai3="25,29,33,43,47,49,81,83,92,94,96,98,102" />
</Scene>
<Scene>
<INIT seed="3,2,2,1,0,125" ten="344,91,272,273" oya="3" hai0="128,36,134,59,70,42,41,87,97,130,129,65,35" hai1="34,124,20,38,75,71,127,74,33,40,60,10,111" hai2="96,76,82,81,121,26,43,95,93,15,105,77,115" hai3="24,68,133,0,83,46,110,1,88,37,27,22,55"/><W45/><G68/><T118/><D118/><U21/><E38/><V79/><F43/><W92/><G133/><T107/><D134/><U91/><E40/><V89/><F115/><W17/><G110/><T104/><D70/><U14/><E71/><V52/><F121/><W69/><G69/><T2/><D2/><U63/><E91/><N who="2" m="55359" /><F26/><W19/><G83/><N who="2" m="31753" /><F15/><W3/><G37/><T73/><D73/><U72/><E111/><V67/><F67/><W50/><G46/><N who="0" m="23847" /><D42/><U39/><E39/><V7/><F7/><W86/><REACH who="3" step="1"/><G27/><REACH who="3" ten="344,91,272,263" step="2"/><T11/><D129/><U64/><E127/><V126/><F126/><W101/><G101/><T135/><D130/><U102/><E102/><V48/><F79/><W116/><G116/><T32/><D128/><U31/><E124/><V57/><F105/><W8/><G8/><T120/><D11/><U56/><E10/><V49/><F49/><W113/><G113/><T108/><D135/><U123/><E123/><V13/><F13/><W84/><G84/><AGARI ba="2,3" hai="48,52,57,76,77,84,89,95" m="31753,55359" machi="84" ten="30,2000,0" yaku="8,1,54,1" doraHai="125" who="2" fromWho="3" sc="344,0,91,0,272,56,263,-26" />
</Scene>
<Scene>
<INIT seed="4,0,0,3,5,50" ten="344,91,328,237" oya="0" hai0="21,87,117,130,71,68,122,108,32,92,36,98,18" hai1="57,19,103,14,24,33,76,109,27,131,6,41,105" hai2="49,55,135,73,124,115,54,52,35,28,114,40,10" hai3="116,89,90,0,85,94,34,66,123,37,83,38,96"/><T56/><D32/><U97/><E109/><V65/><F73/><W127/><G116/><T4/><D122/><U43/><E131/><V8/><F124/><W132/><G127/><T44/><D117/><U46/><E76/><V77/><F77/><W16/><G123/><T62/><D130/><U128/><E128/><V102/><F135/><W82/><G132/><T119/><D119/><U133/><E133/><V126/><F126/><W79/><G0/><T101/><D108/><U15/><E43/><V80/><F80/><W1/><G1/><T60/><D4/><U104/><E104/><V113/><F65/><W118/><G118/><T13/><D60/><U22/><E6/><V72/><F72/><W111/><G111/><T7/><D7/><U67/><E33/><V59/><F102/><W12/><G66/><T25/><D13/><U99/><E99/><V53/><F40/><W81/><G34/><T30/><D18/><U110/><E110/><V23/><F35/><W17/><G17/><T134/><D134/><U112/><E112/><V11/><F23/><W74/><REACH who="3" step="1"/><G83/><REACH who="3" ten="344,91,328,227" step="2"/><T95/><D30/><AGARI ba="0,1" hai="8,10,11,28,30,49,52,53,54,55,59,113,114,115" machi="30" ten="50,16000,3" yaku="29,2,15,1,52,4,54,1" doraHai="50" who="2" fromWho="0" sc="344,-160,91,0,328,170,227,0" />
</Scene>
<Scene>
<INIT seed="5,0,0,1,5,76" ten="184,91,498,227" oya="1" hai0="41,26,28,9,53,3,68,94,111,46,58,77,110" hai1="12,129,71,37,10,95,100,70,86,57,78,60,118" hai2="16,122,114,17,15,112,101,8,126,20,34,52,104" hai3="121,2,64,42,117,35,135,103,116,90,107,81,55"/><U96/><E118/><V14/><F122/><W54/><G121/><T102/><D68/><U51/><E129/><V73/><F34/><W133/><G2/><T92/><D92/><U11/><E37/><V49/><F73/><W128/><G35/><T134/><D134/><N who="3" m="51209" /><G128/><T33/><D77/><U50/><E70/><V123/><F123/><W61/><G42/><T59/><D59/><U38/><E38/><V40/><F40/><W85/><G103/><T6/><D102/><U82/><E71/><V18/><F126/><W105/><G64/><T56/><D56/><U74/><E74/><V119/><F119/><N who="3" m="45643" /><G61/><T39/><REACH who="0" step="1"/><D94/><REACH who="0" ten="174,91,498,227" step="2"/><U98/><E98/><V32/><F101/><W89/><G89/><T31/><D31/><U124/><E124/><V66/><F104/><AGARI ba="0,1" hai="54,55,81,85,90,104,105,107" m="45643,51209" machi="104" ten="40,5200,0" yaku="20,1,12,1,52,1" doraHai="76" who="3" fromWho="2" sc="174,0,91,0,498,-52,227,62" />
</Scene>
<Scene>
<INIT seed="6,0,0,1,4,30" ten="174,91,446,289" oya="2" hai0="89,57,125,66,76,118,53,33,55,65,6,47,4" hai1="16,25,126,45,75,24,36,9,49,127,14,17,26" hai2="68,2,19,32,40,52,42,63,110,93,29,69,135" hai3="121,108,50,95,120,88,83,124,74,84,116,67,0"/><V134/><F2/><W117/><G0/><T48/><D76/><U99/><E75/><V59/><F110/><W18/><G67/><N who="0" m="25611" /><D33/><U113/><E36/><V3/><F3/><W128/><G18/><T131/><D131/><U71/><E71/><N who="2" m="27211" /><F19/><W129/><G50/><T77/><D77/><U86/><E113/><V62/><F93/><W79/><G124/><T7/><D125/><N who="1" m="47627" /><E86/><V85/><F85/><W105/><G105/><T10/><D118/><N who="3" m="45673" /><G108/><T37/><D37/><U5/><E99/><V51/><F32/><W58/><G58/><T87/><D10/><N who="1" m="6231" /><E45/><N who="2" m="27759" /><F29/><W60/><G60/><N who="2" m="23081" /><F59/><W101/><G101/><T54/><D57/><U34/><E49/><V112/><F112/><W122/><AGARI ba="0,0" hai="74,79,83,84,88,95,120,121,122,128,129" m="45673" machi="122" ten="40,5200,0" yaku="34,2,54,1" doraHai="30" who="3" fromWho="3" sc="174,-13,91,-13,446,-26,289,52" />
</Scene>
<Scene>
<INIT seed="7,0,0,1,2,1" ten="161,78,420,341" oya="3" hai0="53,69,80,103,39,62,98,89,67,37,131,85,55" hai1="45,77,25,122,4,90,32,132,93,120,109,74,60" hai2="104,126,116,19,130,100,5,50,68,135,23,54,34" hai3="113,31,33,127,52,14,105,95,9,76,97,18,83"/><W17/><G113/><T38/><REACH who="0" step="1"/><D131/><REACH who="0" ten="151,78,420,341" step="2"/><U10/><E109/><V40/><F130/><W56/><G127/><T123/><D123/><U6/><E132/><V13/><F126/><W47/><G105/><AGARI ba="0,1" hai="37,38,39,53,55,62,67,69,80,85,89,98,103,105" machi="105" ten="40,2600,0" yaku="21,2,53,0" doraHai="1" doraHaiUra="44" who="0" fromWho="3" sc="151,36,78,0,420,0,341,-26" owari="187,-21.0,78,-42.0,420,51.0,315,12.0" />
</Scene>
</mjloggm>