<mjloggm ver="2.3"><GO type="169" lobby="0"/><UN n0="%E5%A4%A9%E9%BC%93" n1="%74%61%72%6F%33%39%30%30" n2="%64%61%61%61%61%61%61%61" n3="%E5%A4%AA%E3%81%8F%E3%81%AA%E3%81%84%E3%81%8A" dan="17,16,16,17" rate="2082.04,2089.55,2082.14,2143.36" sx="M,M,M,M"/><TAIKYOKU oya="0"/>

<Scene>
<INIT seed="0,0,0,1,0,94" ten="250,250,250,250" oya="0" hai0="125,39,36,63,64,45,86,77,83,35,33,110,58" hai1="103,1,108,101,12,98,102,29,114,27,91,107,43" hai2="37,130,71,75,16,78,115,104,105,17,127,60,32" hai3="111,46,57,4,112,100,38,119,0,61,82,85,14"/><T132/><D125/><U135/><E1/><V87/><F37/><W22/><G112/><T50/><D132/><U11/><E108/><V95/><F115/><W121/><G119/><T9/><D110/><U126/><E114/><V7/><F32/><W56/><G111/><T3/><D39/><U124/><E43/><V31/><F31/><W52/><G121/><T92/><D36/><U51/><E51/><V47/><F127/><N who="1" m="48681" /><E91/><V54/><F7/><W18/><G0/><T62/><D62/><U72/><E72/><V19/><F75/><W6/><G100/><T30/><D30/><U118/><E135/><V66/><F130/><W76/><G38/><T79/><D79/><U59/><E59/><V49/><REACH who="2" step="1"/><F78/><REACH who="2" ten="250,250,240,250" step="2"/><W89/><G76/><T117/><D117/><U23/><E118/><V8/><F8/><W81/><G4/><AGARI ba="0,1" hai="4,11,12,23,27,29,98,101,102,103,107" m="48681" machi="4" ten="30,2000,0" yaku="18,1,52,1" doraHai="94" who="1" fromWho="3" sc="250,0,250,30,240,0,250,-20" />
</Scene>
<Scene>
<INIT seed="1,0,0,3,1,58" ten="250,280,240,230" oya="1" hai0="115,35,44,87,123,0,16,75,132,109,97,78,107" hai1="106,54,76,5,131,42,99,114,74,19,126,20,21" hai2="14,56,40,125,68,113,130,105,7,82,57,41,124" hai3="65,64,30,62,116,83,110,129,79,52,11,93,102"/><U38/><E114/><V84/><F105/><W95/><G110/><T39/><RYUUKYOKU type="yao9" ba="0,0" sc="250,0,280,0,240,0,230,0" hai0="0,16,35,39,44,75,78,87,97,107,109,115,123,132" />
</Scene>
<Scene>
<INIT seed="1,1,0,0,4,79" ten="250,280,240,230" oya="1" hai0="124,108,93,53,113,60,20,51,52,43,129,12,15" hai1="63,104,132,133,96,77,59,34,25,31,42,123,86" hai2="80,81,107,13,135,110,7,100,122,19,29,73,92" hai3="115,116,35,4,36,121,131,27,65,105,44,82,37"/><U72/><E123/><V78/><F110/><W5/><G121/><T40/><D113/><U106/><E72/><V75/><F122/><W87/><G115/><T9/><D108/><U90/><E77/><V61/><F29/><W125/><G105/><T118/><D118/><U88/><E42/><V126/><F107/><W120/><G120/><T74/><D129/><U109/><E109/><V39/><F39/><W45/><G65/><T50/><D124/><U28/><E28/><V84/><F7/><W114/><G114/><T101/><D60/><U70/><E70/><V71/><F126/><W134/><G125/><T17/><D74/><U83/><E104/><V22/><F135/><N who="1" m="51785" /><E106/><V62/><F71/><W111/><G134/><T67/><D67/><N who="1" m="39423" /><E90/><V91/><F100/><W69/><G69/><T24/><D53/><U18/><E18/><V103/><F103/><W2/><G111/><T127/><D50/><U16/><E16/><V97/><REACH who="2" step="1"/><F73/><REACH who="2" ten="250,280,230,230" step="2"/><W38/><G37/><T99/><D127/><U94/><E96/><V76/><AGARI ba="1,1" hai="13,19,22,61,62,75,76,78,80,81,84,91,92,97" machi="76" ten="20,12000,2" yaku="1,1,2,1,0,1,7,1,52,2,53,0" doraHai="79" doraHaiUra="1" who="2" fromWho="2" sc="250,-31,280,-61,230,133,230,-31" />
</Scene>
<Scene>
<INIT seed="2,0,0,4,4,61" ten="219,219,363,199" oya="2" hai0="63,13,58,127,54,126,78,68,85,45,104,24,122" hai1="44,124,96,119,70,27,67,93,25,128,92,86,83" hai2="130,125,31,97,37,79,69,81,114,123,116,22,100" hai3="120,57,35,4,121,118,1,115,16,41,65,7,109"/><V32/><F22/><W34/><G41/><T51/><D122/><N who="3" m="47209" /><G57/><T33/><D104/><U5/><E119/><V30/><F30/><W91/><G91/><T28/><D13/><U15/><E128/><V80/><F31/><W42/><G42/><T0/><D0/><U21/><E124/><V66/><F66/><W73/><G65/><T26/><D26/><U108/><E108/><V133/><F81/><W87/><G87/><T6/><D6/><N who="3" m="2089" /><G73/><T132/><D132/><U8/><E44/><V131/><F80/><W48/><G48/><T10/><D10/><U111/><E111/><V55/><F79/><W62/><G62/><T12/><D12/><U19/><E27/><V43/><F100/><W60/><G60/><T76/><D68/><U113/><E113/><V101/><F101/><W75/><G75/><T39/><D39/><U110/><E110/><V64/><F69/><W135/><G109/><T103/><D103/><U89/><E70/><V9/><F37/><W82/><G82/><T18/><D18/><U90/><E83/><V105/><F123/><W49/><G49/><T88/><D76/><U134/><E134/><V107/><F133/><W29/><G135/><T71/><D71/><U2/><E2/><V52/><F131/><W77/><G77/><T36/><D36/><U53/><E53/><V129/><F130/><W38/><G38/><T56/><D78/><U98/><E67/><V23/><F64/><W46/><G1/><T3/><D3/><U17/><E86/><V102/><F129/><W99/><G115/><T14/><D54/><U106/><E106/><RYUUKYOKU ba="0,0" sc="219,-10,219,30,363,-10,199,-10" hai1="5,8,15,17,19,21,25,89,90,92,93,96,98" />
</Scene>
<Scene>
<INIT seed="3,1,0,2,2,130" ten="209,249,353,189" oya="3" hai0="43,4,57,118,34,58,63,103,27,39,48,124,16" hai1="66,88,22,77,45,127,84,47,49,94,24,99,60" hai2="52,41,33,85,76,111,51,97,8,35,123,129,75" hai3="29,38,112,53,78,42,67,19,1,116,20,105,135"/><W131/><G112/><T117/><D39/><U40/><E127/><V126/><F111/><W46/><G116/><T71/><D71/><U122/><E122/><V55/><F75/><W56/><G131/><T36/><D36/><U132/><E132/><V113/><F113/><W121/><G121/><T26/><D124/><U23/><E47/><N who="2" m="26095" /><F33/><W96/><G1/><T107/><D4/><U30/><E23/><V109/><F35/><W134/><G29/><T6/><D6/><U9/><E9/><V82/><F109/><W64/><G78/><T31/><D107/><U87/><REACH who="1" step="1"/><E77/><REACH who="1" ten="209,239,353,189" step="2"/><V114/><F76/><W50/><G20/><T119/><D118/><U7/><E7/><V13/><F126/><W110/><G110/><T62/><D119/><U100/><E100/><V81/><F123/><W32/><G32/><T89/><D103/><U104/><E104/><V12/><F129/><W86/><G19/><T61/><D117/><U21/><E21/><V101/><F101/><N who="3" m="62631" /><G135/><T95/><D16/><U10/><E10/><V0/><F8/><W133/><G133/><T120/><D120/><U15/><E15/><V73/><F12/><W93/><G134/><T115/><D115/><U98/><E98/><V5/><F97/><W11/><G11/><T128/><BYE who="3" /><D128/><UN n3="%E5%A4%AA%E3%81%8F%E3%81%AA%E3%81%84%E3%81%8A" /><U37/><E37/><V2/><F5/><W17/><G17/><T91/><D26/><U80/><E80/><V72/><F82/><W14/><G14/><T79/><D79/><U3/><E3/><V70/><F13/><W74/><G74/><T92/><D34/><U25/><E25/><V59/><F114/><RYUUKYOKU ba="1,1" sc="209,-15,239,15,353,-15,189,15" hai1="22,24,30,40,45,49,60,66,84,87,88,94,99" hai3="38,42,46,50,53,56,64,67,86,93" />
</Scene>
<Scene>
<INIT seed="3,2,1,5,4,32" ten="194,254,338,204" oya="3" hai0="118,11,132,59,26,82,111,39,100,38,8,69,10" hai1="15,85,22,63,36,135,64,109,103,83,123,122,9" hai2="106,2,35,95,16,31,21,40,112,75,29,20,3" hai3="115,76,130,6,110,43,80,97,125,133,23,52,4"/><W73/><G115/><T41/><D69/><U65/><E36/><V51/><F106/><W90/><G43/><T77/><D118/><U101/><E109/><V25/><F75/><W28/><G110/><T68/><D68/><U94/><E135/><V72/><F72/><W18/><G28/><N who="2" m="10825" /><F95/><W99/><G133/><T79/><D132/><U88/><E22/><N who="2" m="13511" /><F51/><W67/><G73/><T107/><D111/><U134/><E134/><V121/><F40/><W71/><G71/><T12/><D26/><U17/><E65/><V87/><F87/><W128/><G67/><T104/><D12/><U5/><E17/><V108/><F108/><W7/><G97/><T44/><D39/><U78/><E122/><V27/><F121/><W48/><G99/><T105/><D100/><U56/><E123/><V60/><F60/><W34/><G34/><T33/><BYE who="3" /><D33/><U120/><E120/><UN n3="%E5%A4%AA%E3%81%8F%E3%81%AA%E3%81%84%E3%81%8A" /><V93/><F93/><W66/><G66/><T49/><REACH who="0" step="1"/><D82/><REACH who="0" ten="184,254,338,204" step="2"/><U62/><REACH who="1" step="1"/><E63/><REACH who="1" ten="184,244,338,204" step="2"/><V119/><F119/><W129/><G129/><T53/><AGARI ba="2,3" hai="8,10,11,38,41,44,49,53,59,77,79,104,105,107" machi="53" ten="40,8000,1" yaku="1,1,2,1,0,1,53,1" doraHai="32" doraHaiUra="54" who="0" fromWho="0" sc="184,116,244,-22,338,-22,204,-42" />
</Scene>
<Scene>
<INIT seed="4,0,0,0,1,83" ten="300,222,316,162" oya="0" hai0="98,135,110,48,121,132,40,35,122,78,67,60,42" hai1="72,95,86,45,34,76,20,108,38,82,43,112,88" hai2="8,7,115,51,99,126,37,3,9,80,104,28,39" hai3="133,11,12,57,77,17,33,71,111,125,97,25,90"/><T130/><D35/><U81/><E108/><V118/><F28/><W93/><G71/><T50/><D78/><U56/><E34/><V66/><F66/><W41/><G111/><T114/><D110/><U14/><E112/><V54/><F115/><W49/><G125/><T120/><D130/><U30/><E56/><V47/><F126/><W44/><G133/><N who="0" m="51275" /><D98/><U128/><E128/><V113/><F113/><W124/><G124/><T69/><D114/><U131/><E131/><V119/><F9/><W18/><G33/><T21/><D21/><U74/><E30/><V84/><F99/><W53/><G77/><T75/><D75/><U13/><E20/><V19/><F104/><W61/><REACH who="3" step="1"/><G25/><REACH who="3" ten="300,222,316,152" step="2"/><T26/><D26/><U36/><E36/><V63/><F37/><W105/><G105/><T62/><D62/><U6/><E6/><AGARI ba="0,1" hai="6,11,12,17,18,41,44,49,53,57,61,90,93,97" machi="6" ten="30,3900,0" yaku="1,1,7,1,8,1,53,0" doraHai="83" doraHaiUra="29" who="3" fromWho="1" sc="300,0,222,-39,316,0,152,49" />
</Scene>
<Scene>
<INIT seed="5,0,0,0,1,44" ten="300,183,316,201" oya="1" hai0="51,97,5,46,95,74,76,7,96,115,22,37,77" hai1="70,128,12,98,119,113,103,108,109,20,18,118,29" hai2="24,39,60,36,28,83,56,19,64,40,102,59,75" hai3="11,93,123,88,2,57,16,14,124,13,99,3,127"/><U78/><E70/><V15/><F102/><W27/><G123/><T58/><D115/><U4/><E113/><V66/><F40/><W92/><G27/><T17/><D58/><U41/><E128/><V62/><F75/><W33/><G33/><T125/><D37/><U45/><E78/><N who="0" m="30313" /><D74/><U23/><E4/><N who="0" m="1609" /><D95/><U63/><E63/><V43/><F83/><W130/><G130/><T49/><D125/><N who="3" m="48201" /><G14/><N who="0" m="9527" /><D49/><N who="1" m="26799" /><E23/><V31/><F43/><AGARI ba="0,0" hai="43,46,51,96,97" m="9527,1609,30313" machi="43" ten="30,2000,0" yaku="8,1,52,1" doraHai="44" who="0" fromWho="2" sc="300,20,183,0,316,-20,201,0" />
</Scene>
<Scene>
<INIT seed="6,0,0,5,5,54" ten="320,183,296,201" oya="2" hai0="121,55,26,112,46,48,10,105,69,23,108,103,107" hai1="98,75,128,79,100,51,93,11,129,111,102,83,106" hai2="43,115,101,52,32,70,41,134,27,1,120,86,67" hai3="113,6,33,104,12,81,72,133,29,78,63,25,85"/><V68/><F120/><W95/><G104/><T84/><D108/><U7/><E51/><V77/><F1/><W127/><G127/><T37/><D121/><U22/><E22/><V97/><F115/><W82/><G113/><T5/><D112/><U9/><E9/><V57/><F134/><W4/><G133/><T116/><D69/><U40/><E40/><V64/><F70/><W122/><G122/><T34/><D34/><U18/><E18/><V92/><F68/><W45/><G95/><T96/><D116/><U62/><E62/><N who="2" m="36135" /><F32/><W17/><G45/><T8/><D84/><U44/><E44/><V3/><F3/><W73/><G63/><T99/><D37/><U2/><E111/><V0/><F0/><W19/><G19/><T28/><D5/><U24/><E24/><V89/><F77/><W65/><G65/><N who="2" m="25161" /><F27/><W42/><G42/><N who="2" m="15881" /><F86/><W76/><REACH who="3" step="1"/><G85/><REACH who="3" ten="320,183,296,191" step="2"/><T61/><D61/><U49/><E49/><V131/><F131/><N who="1" m="50249" /><E106/><V135/><F135/><W123/><G123/><T130/><D130/><U36/><E36/><V39/><F39/><W38/><G38/><T60/><D60/><U71/><E71/><V90/><AGARI ba="0,1" hai="89,90,92,97,101" m="15881,25161,36135" machi="90" ten="30,6000,0" yaku="8,1,52,1,54,1" doraHai="54" who="2" fromWho="2" sc="320,-20,183,-20,296,70,191,-20" />
</Scene>
<Scene>
<INIT seed="6,1,0,5,2,34" ten="300,163,366,171" oya="2" hai0="41,61,28,94,93,74,87,26,7,106,59,82,44" hai1="112,116,46,9,48,84,95,22,36,37,120,18,117" hai2="23,38,102,97,35,11,0,64,10,45,121,101,70" hai3="2,130,88,127,124,77,72,30,89,42,63,79,50"/><V40/><F121/><W8/><G30/><T76/><D106/><U1/><E120/><V78/><F102/><W118/><G118/><T13/><D74/><U103/><E116/><V108/><F23/><W109/><G109/><T5/><D5/><U51/><E117/><V52/><F108/><W53/><G42/><T119/><D119/><U123/><E123/><V66/><F78/><N who="3" m="29707" /><G72/><T113/><D113/><U83/><E112/><V6/><F35/><W17/><G63/><T60/><D60/><U75/><E75/><V80/><F80/><W49/><G130/><T69/><D69/><U47/><E83/><V134/><F134/><W31/><G31/><T85/><D85/><U71/><E71/><V32/><F32/><W133/><G50/><T14/><D14/><U100/><E48/><V96/><F70/><W105/><G105/><T12/><D12/><U115/><E115/><V20/><F40/><W135/><G17/><T24/><D24/><U91/><E37/><V104/><F38/><W56/><G8/><T92/><D13/><U111/><E111/><V25/><F11/><W122/><G2/><T86/><D7/><N who="1" m="1263" /><E36/><V27/><F27/><W131/><G122/><T73/><D26/><N who="1" m="14679" /><E51/><V125/><F104/><W57/><G57/><T33/><D28/><U58/><E58/><V107/><F107/><W55/><G55/><N who="0" m="34047" /><D33/><U68/><E68/><V65/><F52/><W67/><G67/><T3/><D3/><U110/><E110/><V43/><F64/><W129/><G129/><T90/><D73/><U4/><E4/><V21/><F65/><W39/><G131/><RYUUKYOKU ba="1,0" sc="300,15,163,15,366,-15,171,-15" hai0="41,44,76,82,86,87,90,92,93,94" hai1="46,47,84,91,95,100,103" />
</Scene>
<Scene>
<INIT seed="7,2,0,2,4,2" ten="315,178,351,156" oya="3" hai0="99,1,53,98,36,67,71,61,124,28,135,48,58" hai1="27,62,29,79,66,51,118,0,116,89,101,10,108" hai2="87,50,23,16,106,85,39,44,81,63,91,120,14" hai3="45,110,21,57,32,123,78,88,8,90,93,111,37"/><W68/><G32/><T72/><D72/><U127/><E108/><N who="3" m="41514" /><G68/><T83/><D83/><U25/><E127/><V60/><F39/><W19/><G123/><T20/><D124/><U42/><E79/><N who="2" m="46271" /><F106/><W40/><G78/><T35/><D35/><U65/><E101/><V26/><F120/><W49/><G8/><T70/><D70/><U52/><E42/><N who="2" m="24855" /><F26/><N who="1" m="9737" /><E29/><V12/><F12/><N who="3" m="9447" /><G93/><AGARI ba="2,0" hai="14,16,23,60,63,87,91,93" m="24855,46271" machi="93" ten="30,2000,0" yaku="8,1,54,1" doraHai="2" who="2" fromWho="3" sc="315,0,178,0,351,26,156,-26" owari="315,12.0,178,-22.0,377,47.0,130,-37.0" />
</Scene>
</mjloggm>