<mjloggm ver="2.3"><GO type="169" lobby="0"/><UN n0="%79%69%6E%6E%65%72%30%36" n1="%E3%81%82%E3%81%B2%E3%82%8B%E3%81%95%E3%82%93" n2="%E3%83%86%E3%83%AC%E3%83%93%E3%81%A3%E5%AD%90" n3="%E5%A4%AA%E3%81%8F%E3%81%AA%E3%81%84%E3%81%8A" dan="16,16,17,17" rate="2067.18,2102.61,2135.66,2212.00" sx="M,M,M,M"/><TAIKYOKU oya="0"/>

<Scene>
<INIT seed="0,0,0,3,4,103" ten="250,250,250,250" oya="0" hai0="82,131,29,11,50,58,69,85,115,68,77,25,31" hai1="27,39,134,18,116,66,111,63,78,7,52,9,135" hai2="80,2,51,129,81,5,14,30,123,44,102,3,95" hai3="118,28,0,21,74,65,130,24,72,108,93,54,105"/><T33/><D33/><U112/><BYE who="0" /><E116/><V59/><F123/><W90/><G118/><T114/><D114/><U4/><E39/><V45/><F30/><W37/><G0/><T55/><D55/><U88/><E111/><V120/><F120/><W20/><G37/><T57/><D57/><N who="1" m="35239" /><E78/><V132/><F132/><N who="1" m="50729" /><E112/><UN n0="%79%69%6E%6E%65%72%30%36" /><V71/><F71/><W6/><G108/><T96/><D115/><U133/><E66/><V91/><F129/><W1/><G65/><T106/><D69/><U48/><E48/><V12/><F51/><W73/><G130/><T41/><D50/><U124/><E124/><V104/><F59/><W38/><G38/><T119/><D58/><U56/><E56/><V8/><F44/><W34/><G54/><T84/><D68/><U60/><E60/><V62/><F45/><W99/><G1/><T86/><D119/><U49/><E49/><V87/><F2/><W17/><G6/><T98/><D41/><U122/><E122/><V53/><F53/><W117/><G117/><T42/><D42/><U89/><BYE who="0" /><E133/><V16/><F62/><W79/><G79/><T127/><D127/><U113/><E113/><V101/><F3/><W125/><G125/><T110/><D110/><U128/><E128/><V61/><F61/><W15/><REACH who="3" step="1"/><G34/><REACH who="3" ten="250,250,250,240" step="2"/><T19/><D19/><U47/><E47/><V10/><F5/><UN n0="%79%69%6E%6E%65%72%30%36" /><W97/><G97/><T121/><D98/><U46/><E46/><V70/><F16/><W13/><G13/><T126/><D96/><U76/><E76/><N who="2" m="46471" /><F14/><W23/><G23/><T22/><D126/><U107/><E4/><V109/><F12/><RYUUKYOKU ba="0,1" sc="250,-10,250,-10,250,-10,240,30" hai3="15,17,20,21,24,28,72,73,74,90,93,99,105" />
</Scene>
<Scene>
<INIT seed="1,1,1,2,1,77" ten="240,240,240,270" oya="1" hai0="115,102,75,116,14,64,65,53,88,110,35,27,79" hai1="2,9,69,22,127,26,129,135,98,103,38,25,131" hai2="36,74,118,34,130,33,73,4,40,28,50,93,63" hai3="44,92,124,18,83,117,16,61,57,39,81,51,120"/><U108/><E38/><V107/><F107/><W1/><G120/><T20/><D115/><U54/><E69/><V11/><F118/><W68/><G39/><T58/><D116/><U119/><E119/><V86/><F36/><W82/><G117/><T24/><D102/><U99/><E135/><V30/><F130/><N who="1" m="49673" /><E127/><V7/><F63/><W59/><G1/><T133/><D133/><U104/><E99/><V123/><F123/><W114/><G114/><T6/><D35/><U42/><E42/><V87/><F50/><W109/><G124/><T90/><D79/><U60/><E108/><V15/><F93/><W70/><G109/><T37/><D37/><U100/><E100/><V17/><F17/><N who="3" m="6763" /><G70/><T62/><D110/><U76/><E22/><V21/><F21/><W45/><G68/><T52/><D75/><U126/><E126/><V66/><F15/><W125/><G125/><T47/><D20/><U3/><E76/><V56/><F40/><W121/><G92/><T23/><D23/><U5/><E2/><V19/><F19/><W101/><G101/><T112/><D112/><U55/><E60/><V13/><F13/><W132/><G121/><T71/><D71/><U105/><E104/><V134/><F134/><W106/><G106/><T89/><D14/><U46/><E46/><V95/><F56/><W32/><G132/><T43/><D43/><U97/><E97/><V96/><F96/><W84/><G32/><T10/><D47/><N who="3" m="17993" /><G51/><T8/><D62/><U31/><E26/><V0/><F34/><W122/><G122/><T128/><D128/><U41/><E41/><RYUUKYOKU ba="1,1" sc="240,-10,240,30,240,-10,270,-10" hai1="3,5,9,25,31,54,55,98,103,105" />
</Scene>
<Scene>
<INIT seed="1,2,1,3,1,69" ten="230,270,230,260" oya="1" hai0="14,70,16,87,19,78,13,84,58,120,36,83,37" hai1="76,39,119,35,33,72,91,51,89,96,10,130,8" hai2="50,53,43,107,22,132,26,46,111,104,103,127,94" hai3="65,135,95,56,125,38,2,117,68,21,93,115,131"/><U48/><E119/><V24/><F127/><W32/><RYUUKYOKU type="yao9" ba="2,1" sc="230,0,270,0,230,0,260,0" hai3="2,21,32,38,56,65,68,93,95,115,117,125,131,135" />
</Scene>
<Scene>
<INIT seed="1,3,1,1,5,91" ten="230,270,230,260" oya="1" hai0="45,61,18,118,135,46,90,87,17,107,6,128,31" hai1="94,36,86,123,56,48,24,8,30,100,49,58,54" hai2="120,41,112,114,80,0,22,14,111,99,72,50,32" hai3="23,98,93,65,55,134,12,10,19,126,67,113,1"/><U37/><E123/><V2/><F120/><W82/><G113/><N who="2" m="43625" /><F32/><W95/><G126/><T13/><D118/><U60/><E8/><V53/><F41/><W124/><G124/><T15/><D107/><U68/><E68/><V89/><F111/><W129/><G134/><T96/><D135/><U25/><E25/><V51/><F72/><W27/><G1/><N who="2" m="617" /><F53/><W104/><G129/><T119/><D119/><U78/><E78/><V39/><F39/><W40/><G40/><T83/><D96/><U102/><E36/><V43/><F43/><W42/><G42/><T44/><D128/><U122/><E37/><V131/><F131/><W110/><G110/><T9/><D31/><U21/><E122/><V7/><F7/><N who="3" m="3167" /><G104/><T75/><D75/><U69/><E69/><V101/><F89/><N who="3" m="55599" /><G55/><T116/><D116/><U85/><E60/><V73/><F80/><W125/><G82/><T106/><D106/><U79/><E79/><V29/><F73/><W117/><G125/><T62/><REACH who="0" step="1"/><D6/><REACH who="0" ten="220,270,230,260" step="2"/><U63/><E30/><V103/><F29/><W34/><G117/><T88/><D88/><U16/><E102/><V132/><F103/><W97/><G34/><T121/><D121/><U84/><E100/><AGARI ba="3,2" hai="19,23,27,65,67,95,97,100" m="55599,3167" machi="100" ten="30,3900,0" yaku="8,1,52,2" doraHai="91" who="3" fromWho="1" sc="220,0,270,-48,230,0,260,68" />
</Scene>
<Scene>
<INIT seed="2,0,0,3,0,67" ten="220,222,230,328" oya="2" hai0="52,119,59,111,24,0,113,38,10,30,62,84,28" hai1="42,40,34,96,29,133,53,43,95,125,135,83,105" hai2="54,87,106,99,118,3,108,93,4,88,102,36,26" hai3="22,50,44,122,63,18,114,68,74,23,98,8,47"/><V134/><F36/><W82/><G122/><T103/><D113/><U117/><E117/><V90/><F118/><W129/><G114/><T131/><D119/><U39/><E105/><V1/><F134/><N who="1" m="51209" /><E125/><V109/><F4/><W61/><G129/><T49/><D131/><U97/><E39/><V100/><F100/><W20/><G98/><N who="1" m="37994" /><E95/><V79/><F90/><W60/><G68/><T7/><D103/><U89/><E53/><V132/><F132/><W9/><G18/><T121/><D38/><U77/><E89/><V66/><F79/><W128/><G128/><T81/><D121/><U76/><E83/><V75/><F75/><W127/><G127/><T25/><D111/><N who="2" m="42570" /><F66/><W48/><G82/><T94/><D94/><U46/><E46/><N who="3" m="17450" /><G74/><T2/><D2/><N who="2" m="522" /><F54/><W58/><G58/><T130/><D130/><U17/><E77/><V120/><F120/><W31/><G31/><T13/><D0/><U123/><E76/><V56/><F56/><W73/><G73/><T33/><D81/><U91/><E91/><V71/><F26/><W11/><AGARI ba="0,0" hai="8,9,11,20,22,23,48,50,60,61,63" m="17450" machi="11" ten="40,8000,1" yaku="29,2,28,2,8,1" doraHai="67" who="3" fromWho="3" sc="220,-20,222,-20,230,-40,328,80" />
</Scene>
<Scene>
<INIT seed="3,0,0,3,3,94" ten="200,202,190,408" oya="3" hai0="107,86,44,129,8,42,71,52,31,81,35,135,133" hai1="14,75,30,59,7,76,33,0,16,85,84,89,56" hai2="23,99,5,40,65,69,73,93,113,39,90,28,51" hai3="25,64,46,26,37,36,124,100,96,120,4,29,108"/><W20/><G120/><T22/><D71/><U10/><E75/><V45/><F113/><W68/><G124/><T123/><D123/><U82/><E30/><V58/><F73/><W88/><G108/><T2/><D129/><U38/><E33/><V83/><F83/><W32/><G4/><T63/><D107/><U54/><E38/><V80/><F80/><W47/><G47/><T12/><D2/><U6/><E59/><V131/><F131/><W127/><G127/><T21/><D35/><U53/><E53/><V115/><F5/><W102/><G46/><T111/><D111/><U60/><REACH who="1" step="1"/><E0/><REACH who="1" ten="200,192,190,408" step="2"/><V55/><F28/><W18/><G37/><T98/><D31/><U67/><E67/><V50/><F65/><W61/><G36/><T79/><D52/><U19/><E19/><V110/><F110/><W34/><G34/><T114/><D114/><U57/><E57/><V130/><F115/><W122/><G122/><T49/><D135/><U125/><E125/><V15/><F130/><W70/><G70/><T17/><D133/><U66/><E66/><V77/><F69/><W119/><G68/><T121/><D121/><U118/><E118/><V126/><F126/><W1/><G1/><T74/><D74/><U62/><E62/><V95/><F39/><W91/><G119/><T132/><D132/><U13/><E13/><V92/><F15/><W24/><G32/><T116/><D116/><U3/><E3/><V78/><F23/><N who="0" m="8714" /><D63/><U43/><E43/><V103/><F103/><W117/><G29/><T41/><D41/><U27/><E27/><V48/><BYE who="3" /><F48/><RYUUKYOKU ba="0,1" sc="200,10,192,10,190,10,408,-30" hai0="8,12,17,42,44,49,79,81,86,98" hai1="6,7,10,14,16,54,56,60,76,82,84,85,89" hai2="40,45,50,51,55,58,77,78,90,92,93,95,99" />
</Scene>
<Scene>
<INIT seed="4,1,1,1,3,50" ten="210,202,200,378" oya="0" hai0="10,119,8,113,85,106,99,81,16,79,11,5,117" hai1="89,129,41,57,15,1,88,134,131,130,25,3,27" hai2="101,91,44,65,17,43,49,72,59,35,135,51,28" hai3="37,105,66,95,63,60,40,83,122,69,45,20,55"/><T30/><D30/><U98/><E41/><V82/><F135/><W120/><G120/><T70/><D70/><U115/><E134/><V61/><F101/><W24/><G24/><N who="1" m="9290" /><E115/><V121/><F121/><W23/><G23/><T100/><D113/><U34/><E34/><V58/><F35/><W26/><G26/><T116/><REACH who="0" step="1"/><D5/><REACH who="0" ten="200,202,200,378" step="2"/><U125/><E125/><V103/><F28/><W76/><G76/><T12/><AGARI ba="1,2" hai="8,10,11,12,16,79,81,85,99,100,106,116,117,119" machi="12" ten="40,12000,1" yaku="1,1,2,1,0,1,54,1,53,0" doraHai="50" doraHaiUra="67" who="0" fromWho="0" sc="200,143,202,-41,200,-41,378,-41" />
</Scene>
<Scene>
<INIT seed="4,2,0,5,5,122" ten="343,161,159,337" oya="0" hai0="128,88,110,74,66,118,49,34,12,83,91,100,43" hai1="40,42,60,7,41,58,24,1,46,57,121,72,17" hai2="65,108,104,109,117,131,95,4,81,103,84,133,132" hai3="30,99,14,106,129,56,71,37,6,63,89,23,75"/><T25/><D118/><U94/><E121/><V125/><F65/><W64/><G64/><T69/><D128/><U16/><E72/><V126/><F4/><W38/><G38/><T97/><D12/><U3/><E46/><V62/><F62/><W112/><G112/><T52/><D43/><U120/><E120/><V107/><F131/><W15/><G15/><T68/><D110/><N who="2" m="42602" /><F117/><W19/><G19/><T76/><D25/><UN n3="%E5%A4%AA%E3%81%8F%E3%81%AA%E3%81%84%E3%81%8A" /><U5/><E1/><V77/><F104/><W54/><G75/><T92/><D34/><U135/><E135/><N who="2" m="51787" /><F107/><W73/><G63/><T101/><D66/><U87/><E3/><V119/><F119/><W31/><G6/><N who="1" m="2058" /><E60/><V82/><F82/><W48/><G106/><T79/><D69/><U28/><E28/><V61/><F61/><W116/><G31/><T93/><D68/><U59/><E24/><V39/><F39/><W10/><G71/><T20/><D83/><U78/><E78/><V102/><F95/><N who="3" m="56815" /><G37/><T51/><D79/><U134/><E134/><V11/><F11/><W86/><G116/><T33/><D76/><U127/><E127/><AGARI ba="2,0" hai="77,81,84,102,103,125,126,127" m="51787,42602" machi="127" ten="40,12000,2" yaku="18,1,20,1,34,2,52,3" doraHai="122" who="2" fromWho="1" sc="343,0,161,-126,159,126,337,0" />
</Scene>
<Scene>
<INIT seed="5,0,0,4,4,128" ten="343,35,285,337" oya="1" hai0="100,69,70,10,50,74,133,41,8,107,121,88,102" hai1="104,35,99,115,0,76,46,67,82,3,91,54,43" hai2="57,36,71,129,24,18,23,85,81,111,101,109,130" hai3="86,40,44,45,103,73,78,93,98,7,13,80,58"/><U108/><E35/><V135/><F71/><W2/><G2/><T26/><D74/><U30/><E30/><V132/><F36/><W25/><G73/><T72/><D72/><U134/><E115/><V11/><F101/><W96/><G96/><T120/><D26/><U113/><E113/><V32/><F57/><W61/><G25/><T110/><D110/><N who="2" m="41994" /><F85/><W117/><G117/><T19/><D19/><U15/><E108/><V6/><F81/><W92/><G92/><T51/><D41/><U75/><E67/><V37/><F37/><W31/><G31/><T123/><D107/><U83/><E54/><V79/><F79/><W62/><G40/><T89/><D123/><U84/><E15/><N who="2" m="5623" /><F32/><W56/><G56/><T38/><D38/><U106/><E106/><V122/><F122/><W14/><G62/><T90/><D90/><U29/><E29/><V39/><F39/><W20/><G58/><T49/><D49/><U33/><E33/><V125/><F125/><W27/><G61/><T105/><D105/><U94/><E104/><V12/><F24/><W64/><G27/><T119/><D119/><U17/><E17/><V68/><F68/><W60/><G60/><T22/><D22/><U97/><E97/><V16/><F16/><N who="3" m="10255" /><G64/><T5/><D5/><U112/><E112/><V1/><F1/><W66/><G66/><T114/><D114/><U127/><E127/><V42/><F42/><W21/><G21/><T131/><D120/><U59/><E59/><V52/><F52/><W9/><AGARI ba="0,0" hai="7,9,14,44,45,78,80,86,93,98,103" m="10255" machi="9" ten="30,2000,0" yaku="8,1,54,1" doraHai="128" who="3" fromWho="3" sc="343,-5,35,-10,285,-5,337,20" />
</Scene>
<Scene>
<INIT seed="6,0,0,4,5,52" ten="338,25,280,357" oya="2" hai0="41,73,107,25,61,123,55,57,102,5,89,24,135" hai1="101,9,94,100,91,74,109,68,119,14,49,46,64" hai2="40,28,77,124,2,50,99,17,42,86,134,98,6" hai3="111,93,43,80,96,37,71,33,104,117,0,38,130"/><V11/><F134/><W92/><G117/><T127/><D123/><U15/><E109/><V67/><F124/><W75/><G111/><T122/><D122/><U59/><E74/><V90/><F28/><W63/><G0/><T72/><D127/><U133/><E68/><V105/><F77/><W88/><G33/><T3/><D41/><U131/><E119/><V45/><F67/><W21/><G104/><T112/><D135/><U31/><E133/><V110/><F110/><W116/><G116/><T51/><D112/><U121/><E121/><V132/><F105/><W54/><G130/><T36/><D36/><U10/><E131/><V47/><F17/><W113/><G113/><T30/><D89/><U39/><E39/><V20/><F20/><W118/><G118/><T97/><D25/><U128/><E128/><V19/><F19/><W65/><G43/><T108/><D108/><U82/><E31/><V56/><F56/><W103/><G54/><T129/><D129/><U85/><E94/><V22/><F22/><W114/><G114/><T16/><D16/><U23/><E23/><V58/><F58/><W62/><G21/><N who="0" m="15631" /><D51/><U115/><E115/><V35/><F35/><W4/><G63/><T18/><D18/><U87/><E87/><V26/><F26/><W69/><G69/><T84/><D84/><U120/><E120/><V76/><F76/><N who="3" m="44063" /><G4/><T125/><D125/><U44/><E14/><V48/><F132/><W81/><G81/><AGARI ba="0,0" hai="2,6,11,40,42,45,47,48,50,81,86,90,98,99" machi="81" ten="30,2900,0" yaku="7,1,9,1" doraHai="52" who="2" fromWho="3" sc="338,0,25,0,280,29,357,-29" />
</Scene>
<Scene>
<INIT seed="6,1,0,0,1,119" ten="338,25,309,328" oya="2" hai0="58,17,13,89,77,30,82,125,134,122,56,98,107" hai1="40,120,103,31,23,132,102,8,70,91,62,47,61" hai2="3,116,33,45,121,81,43,75,104,101,74,29,39" hai3="130,12,95,24,6,19,114,109,90,21,85,2,10"/><V22/><F22/><W115/><G109/><T38/><D38/><U41/><E132/><V1/><F116/><W88/><G130/><T26/><D134/><U48/><E70/><V93/><F93/><W5/><G90/><T99/><D122/><U80/><E40/><V51/><F51/><W46/><G46/><T55/><D125/><U128/><E128/><V113/><F113/><N who="3" m="43019" /><G5/><T64/><D107/><U49/><E49/><V44/><F121/><W86/><G85/><T118/><D118/><U54/><E120/><V36/><F29/><W37/><G37/><T14/><D64/><U34/><E34/><V16/><F33/><W60/><G60/><T106/><D106/><U68/><E68/><V131/><F131/><W65/><G65/><T67/><D67/><U53/><E62/><V57/><F57/><W27/><AGARI ba="1,0" hai="2,6,10,12,19,21,24,27,86,88,95" m="43019" machi="27" ten="30,4000,0" yaku="15,1,11,1,54,1" doraHai="119" who="3" fromWho="3" sc="338,-11,25,-11,309,-21,328,43" />
</Scene>
<Scene>
<INIT seed="7,0,0,5,0,127" ten="327,14,288,371" oya="3" hai0="11,90,45,116,10,50,112,135,13,24,94,89,40" hai1="64,100,73,36,96,12,86,115,87,77,102,128,3" hai2="27,30,33,60,35,22,124,34,62,92,31,106,49" hai3="99,0,93,126,63,53,17,65,70,71,97,44,109"/><W66/><G0/><T39/><D116/><U95/><E36/><V29/><F106/><W69/><G126/><T6/><D135/><U91/><E64/><V74/><F74/><W118/><G118/><T117/><D117/><U78/><E12/><V122/><F122/><W58/><G109/><T42/><D112/><U48/><E48/><V1/><F1/><W32/><G32/><T61/><D24/><U81/><E3/><V114/><F114/><W4/><G4/><T119/><D119/><U20/><E20/><V107/><F107/><W121/><G121/><T54/><D11/><U131/><E115/><V84/><F49/><W41/><G17/><T79/><D79/><U18/><E18/><V7/><F7/><W72/><G72/><T67/><D39/><U46/><E46/><V47/><F47/><W8/><G8/><T104/><D104/><U52/><E52/><V120/><F120/><W76/><G76/><T59/><REACH who="0" step="1"/><D90/><REACH who="0" ten="317,14,288,371" step="2"/><U38/><E38/><V26/><F124/><W129/><G129/><T133/><D133/><U28/><E28/><V68/><F68/><W103/><REACH who="3" step="1"/><G99/><AGARI ba="0,1" hai="6,10,13,40,42,45,50,54,59,61,67,89,94,99" machi="99" ten="30,3900,0" yaku="1,1,7,1,8,1,53,0" doraHai="127" doraHaiUra="19" who="0" fromWho="3" sc="317,49,14,0,288,0,371,-39" owari="366,47.0,14,-49.0,288,-11.0,332,13.0" />
</Scene>
</mjloggm>