<mjloggm ver="2.3"><GO type="169" lobby="0"/><UN n0="%E3%82%A8%E3%82%A2%E3%83%86%E3%82%A3" n1="%E5%A4%AA%E3%81%8F%E3%81%AA%E3%81%84%E3%81%8A" n2="%7A%65%61%6C%E2%88%AB" n3="%E5%89%8D%E6%88%AF%33%30%E5%88%86" dan="16,18,17,17" rate="2083.89,2180.80,2209.82,2145.44" sx="M,M,M,F"/><TAIKYOKU oya="0"/>

<Scene>
<INIT seed="0,0,0,1,5,27" ten="250,250,250,250" oya="0" hai0="54,128,132,41,83,12,97,109,102,23,66,125,126" hai1="116,64,52,86,13,26,94,71,42,74,59,77,90" hai2="99,127,36,39,98,108,19,55,44,119,75,67,79" hai3="50,76,122,85,61,7,117,87,114,3,81,24,112"/><T95/><D132/><U29/><E116/><V32/><F108/><W49/><G117/><T10/><D128/><U105/><E105/><V69/><F127/><N who="0" m="48650" /><D109/><U14/><E42/><V118/><F32/><W78/><G122/><T34/><D34/><U68/><E74/><V89/><F75/><W82/><G61/><T47/><D66/><U28/><E77/><V4/><F79/><W107/><G107/><T65/><D65/><U31/><E26/><V124/><F4/><W56/><G7/><N who="0" m="3167" /><D54/><U11/><E64/><V8/><F55/><W2/><G24/><T6/><D6/><U35/><E35/><V60/><F124/><W129/><REACH who="3" step="1"/><G56/><REACH who="3" ten="250,250,250,240" step="2"/><T103/><D103/><U58/><E58/><V20/><F119/><W43/><G43/><T115/><D115/><U106/><E106/><V121/><F118/><W1/><G1/><T22/><D83/><U18/><REACH who="1" step="1"/><E14/><REACH who="1" ten="250,240,250,240" step="2"/><V111/><F111/><W72/><G72/><T45/><D41/><U92/><E92/><V0/><F0/><W80/><G80/><T73/><D73/><U135/><E135/><V93/><F93/><W88/><G88/><T62/><D62/><AGARI ba="0,2" hai="11,13,18,28,29,31,52,59,62,68,71,86,90,94" machi="62" ten="40,8000,1" yaku="1,1,52,3,54,1,53,0" doraHai="27" doraHaiUra="130" who="1" fromWho="0" sc="250,-80,240,100,250,0,240,0" />
</Scene>
<Scene>
<INIT seed="1,0,0,5,3,95" ten="170,340,250,240" oya="1" hai0="25,103,35,1,105,102,67,65,80,107,91,75,110" hai1="117,133,26,47,51,79,13,76,83,46,104,89,12" hai2="41,48,100,14,7,127,9,118,90,3,96,113,69" hai3="45,134,17,126,60,55,2,112,59,52,130,58,28"/><U88/><E117/><V49/><F118/><W38/><G112/><T92/><D1/><U33/><E104/><N who="0" m="40009" /><D35/><U34/><E133/><V114/><F69/><W68/><G2/><T31/><D31/><U66/><E51/><V19/><F127/><W82/><G28/><T77/><D25/><U111/><E83/><V4/><F90/><W87/><G126/><T128/><D65/><U62/><E66/><V121/><F121/><W32/><G134/><T16/><D16/><U131/><E131/><V81/><F81/><W94/><G32/><T18/><D18/><U44/><E44/><N who="2" m="25615" /><F49/><W123/><G68/><T0/><D0/><U119/><E119/><V10/><F10/><W24/><G130/><T37/><D37/><U84/><E84/><V97/><F100/><N who="0" m="38442" /><D67/><U116/><E116/><V23/><F7/><W122/><G45/><T15/><D15/><U86/><E26/><V61/><F61/><W132/><G38/><T115/><D128/><U6/><E62/><V74/><F74/><W78/><G132/><T125/><D125/><U120/><E6/><V109/><F113/><W99/><G58/><T70/><D70/><U56/><E56/><V43/><F114/><W8/><G55/><T124/><D124/><U135/><E135/><V5/><F43/><W73/><G8/><T63/><D63/><U101/><E34/><V72/><F5/><W108/><G24/><T85/><D115/><U40/><E33/><V27/><F3/><W57/><G57/><T106/><N who="0" m="40017" /><T30/><DORA hai="53" /><D30/><U129/><E129/><V11/><F27/><W22/><G60/><RYUUKYOKU ba="0,0" sc="170,30,340,-10,250,-10,240,-10" hai0="75,77,80,85,91,92,110" />
</Scene>
<Scene>
<INIT seed="2,1,0,1,4,45" ten="200,330,240,230" oya="2" hai0="111,43,31,113,119,11,33,13,130,52,82,14,74" hai1="7,26,105,75,50,80,102,129,79,81,49,125,76" hai2="77,42,54,63,40,72,95,10,86,96,16,48,73" hai3="88,9,53,93,35,107,114,15,71,0,64,78,69"/><V122/><F122/><W83/><G107/><T44/><D113/><U106/><E125/><V46/><F73/><W18/><G114/><T84/><D74/><U23/><E129/><V108/><F72/><W120/><G120/><T19/><D130/><U133/><E133/><V97/><F108/><W34/><G0/><T20/><D119/><U28/><E7/><V100/><F96/><W2/><G2/><T127/><D127/><U104/><REACH who="1" step="1"/><E102/><REACH who="1" ten="200,320,240,230" step="2"/><V70/><F70/><W118/><G69/><T6/><D111/><U99/><E99/><V62/><F86/><AGARI ba="1,1" hai="23,26,28,49,50,75,76,79,80,81,86,104,105,106" machi="86" ten="40,5200,0" yaku="1,1,52,2,53,0" doraHai="45" doraHaiUra="68" who="1" fromWho="2" sc="200,0,320,65,240,-55,230,0" />
</Scene>
<Scene>
<INIT seed="3,0,0,1,0,101" ten="200,385,185,230" oya="3" hai0="88,80,36,69,7,38,92,111,15,127,26,74,40" hai1="86,133,14,89,112,0,18,50,109,68,82,55,98" hai2="83,105,90,46,79,44,35,29,30,52,58,10,24" hai3="62,100,16,107,17,60,84,54,13,91,66,8,102"/><W134/><G134/><T49/><D69/><U51/><E112/><V87/><F30/><W57/><G107/><T53/><D127/><U104/><E0/><V5/><F79/><W20/><G60/><T113/><D113/><U126/><E68/><V93/><F83/><W97/><G66/><T2/><D2/><U42/><E126/><V96/><F96/><W99/><G97/><T103/><D103/><U27/><E27/><V34/><F34/><W78/><G78/><T110/><D26/><U59/><E133/><V48/><REACH who="2" step="1"/><F105/><REACH who="2" ten="200,385,175,230" step="2"/><W72/><G72/><T19/><D74/><U76/><E104/><V135/><F135/><W65/><G99/><T31/><D80/><U3/><E98/><V61/><F61/><W32/><G32/><T122/><D31/><U121/><E76/><V6/><F6/><W81/><G65/><T85/><D122/><U9/><E121/><V94/><F94/><W130/><REACH who="3" step="1"/><G130/><REACH who="3" ten="200,385,175,220" step="2"/><T124/><D124/><U63/><E63/><V73/><F73/><W1/><G1/><AGARI ba="0,2" hai="1,5,10,24,29,35,44,46,48,52,58,87,90,93" machi="1" ten="30,3900,0" yaku="1,1,7,1,54,1,53,0" doraHai="101" doraHaiUra="12" who="2" fromWho="3" sc="200,0,385,0,175,59,220,-39" />
</Scene>
<Scene>
<INIT seed="4,0,0,5,5,21" ten="200,385,234,181" oya="0" hai0="12,125,35,121,63,105,87,43,115,133,7,9,39" hai1="17,127,131,88,89,112,91,34,46,68,51,62,29" hai2="98,78,49,113,54,97,107,69,18,84,2,8,45" hai3="128,71,36,32,92,82,30,42,70,16,123,108,4"/><T64/><D121/><U86/><E127/><V77/><F113/><W109/><G123/><T85/><D115/><U28/><E112/><V55/><F69/><W75/><G128/><T132/><D105/><U122/><E122/><V100/><F98/><W120/><G120/><T135/><D125/><U118/><E118/><V22/><F84/><W119/><G119/><T11/><D35/><U0/><E0/><V110/><F110/><W79/><G92/><T76/><D76/><U33/><E131/><V27/><F2/><W40/><G40/><T124/><D124/><U74/><E74/><V103/><F103/><W65/><G16/><N who="0" m="8207" /><D39/><U73/><E73/><V3/><REACH who="2" step="1"/><F54/><REACH who="2" ten="200,385,224,181" step="2"/><W59/><G70/><N who="0" m="42271" /><D43/><U41/><E86/><V93/><F93/><W72/><G71/><T1/><AGARI ba="0,1" hai="1,7,11,85,87,132,133,135" m="42271,8207" machi="1" ten="30,3000,0" yaku="20,1,54,1" doraHai="21" who="0" fromWho="0" sc="200,40,385,-10,224,-10,181,-10" />
</Scene>
<Scene>
<INIT seed="4,1,0,1,4,93" ten="240,375,214,171" oya="0" hai0="117,38,73,55,65,33,116,131,67,128,47,54,5" hai1="78,110,24,96,101,35,45,125,62,8,34,48,10" hai2="72,44,69,57,76,71,22,82,77,86,26,51,79" hai3="100,105,108,130,20,103,97,17,56,9,4,13,40"/><T120/><D33/><U75/><E110/><V90/><F57/><W66/><G108/><T124/><D73/><U59/><E125/><V70/><F51/><W95/><G130/><N who="0" m="49707" /><D5/><U109/><E109/><V3/><F44/><W121/><G121/><T94/><D94/><U30/><E35/><V19/><REACH who="2" step="1"/><F3/><REACH who="2" ten="240,375,204,171" step="2"/><W18/><G66/><N who="0" m="25099" /><D120/><U50/><E45/><V88/><F88/><W102/><G56/><T115/><D124/><U0/><E59/><V6/><F6/><W133/><G4/><T106/><D106/><U98/><E0/><V113/><F113/><W14/><G105/><T28/><D115/><U25/><E48/><V39/><F39/><W104/><G104/><T52/><D28/><U87/><E50/><V58/><F58/><W122/><G122/><T91/><D91/><U99/><E30/><V134/><F134/><W23/><G133/><T132/><D132/><U41/><E62/><V46/><F46/><W60/><G60/><T16/><D16/><U43/><E78/><V135/><F135/><W74/><G17/><T31/><D31/><U63/><E63/><V129/><F129/><W107/><G107/><T32/><D32/><U11/><E34/><V84/><F84/><W127/><G127/><T12/><D12/><U61/><E61/><V42/><F42/><AGARI ba="1,1" hai="38,42,47,52,54,55,116,117" m="25099,49707" machi="42" ten="40,12000,1" yaku="19,1,34,2,54,1" doraHai="93" who="0" fromWho="2" sc="240,133,375,0,204,-123,171,0" />
</Scene>
<Scene>
<INIT seed="4,2,0,5,2,125" ten="373,375,81,171" oya="0" hai0="62,74,64,4,33,27,81,104,96,126,85,19,55" hai1="65,0,72,51,17,123,66,48,101,37,25,112,14" hai2="23,3,95,43,87,107,89,58,47,130,45,127,29" hai3="40,119,92,39,60,69,102,61,52,35,118,63,31"/><T36/><D74/><U8/><E37/><V5/><F127/><W93/><G31/><T94/><D104/><U110/><E123/><V67/><F107/><W6/><G35/><T128/><D36/><U2/><E110/><V59/><F45/><W30/><G30/><T21/><D33/><U129/><E72/><V98/><F3/><W24/><G6/><T124/><D4/><U16/><E129/><V109/><F5/><W38/><G24/><T99/><D128/><U86/><E101/><V34/><F34/><W20/><G20/><T83/><D124/><U100/><E100/><V108/><F130/><W90/><G102/><T71/><D126/><U1/><E112/><V57/><F67/><W80/><G80/><T113/><D113/><U46/><E51/><N who="2" m="27135" /><F109/><W12/><G40/><T135/><D135/><U91/><E17/><V79/><F108/><W111/><G69/><T56/><D94/><U76/><E76/><V88/><F79/><W15/><G63/><T53/><D83/><N who="1" m="49631" /><E25/><N who="2" m="16575" /><F59/><W28/><G28/><T22/><D22/><U115/><E115/><V75/><F75/><W50/><G111/><T105/><D105/><U117/><E117/><V121/><F121/><W10/><G50/><T42/><D42/><U49/><E49/><V131/><F131/><W41/><G41/><T82/><D82/><AGARI ba="2,0" hai="57,58,82,87,88,89,95,98" m="16575,27135" machi="82" ten="30,2000,0" yaku="8,1,54,1" doraHai="125" who="2" fromWho="0" sc="373,-26,375,0,81,26,171,0" />
</Scene>
<Scene>
<INIT seed="5,0,0,2,0,93" ten="347,375,107,171" oya="1" hai0="101,117,92,91,113,37,94,65,32,84,16,128,88" hai1="47,34,0,61,80,122,35,62,110,17,54,130,97" hai2="39,121,46,107,77,82,100,135,111,66,132,2,57" hai3="53,81,43,79,99,134,78,105,131,18,109,96,4"/><U40/><E122/><V104/><F111/><W114/><G109/><T67/><D117/><U129/><E110/><V29/><F2/><W24/><G105/><T30/><D37/><U90/><E0/><V106/><F121/><W63/><G134/><N who="2" m="51241" /><F29/><W87/><G131/><N who="1" m="50186" /><E17/><V48/><F39/><W3/><G114/><T123/><D113/><U69/><E54/><N who="2" m="29975" /><F57/><N who="3" m="35247" /><G3/><T64/><D123/><U10/><E10/><V33/><F66/><W36/><G36/><T73/><D73/><U56/><E69/><V15/><F15/><W26/><G4/><T28/><D32/><U25/><E25/><N who="3" m="9834" /><G43/><T13/><D101/><U52/><E62/><V6/><F6/><W98/><G18/><T14/><D128/><U112/><E112/><V51/><F51/><W119/><G119/><T59/><D59/><U19/><E19/><V11/><F33/><W7/><G7/><T49/><D49/><N who="1" m="26855" /><E80/><V103/><F11/><W72/><G72/><AGARI ba="0,0" hai="72,77,82,100,103,104,106,107" m="29975,51241" machi="72" ten="40,1300,0" yaku="20,1" doraHai="93" who="2" fromWho="3" sc="347,0,375,0,107,13,171,-13" />
</Scene>
<Scene>
<INIT seed="6,0,0,1,0,133" ten="347,375,120,158" oya="2" hai0="0,105,123,104,56,99,100,42,31,13,2,63,20" hai1="79,128,28,94,26,112,67,96,127,88,57,24,111" hai2="11,30,12,86,49,66,121,27,47,38,132,93,25" hai3="74,68,58,102,114,98,89,81,135,134,90,1,101"/><V92/><F132/><N who="3" m="50731" /><G68/><T22/><D123/><U108/><E127/><V7/><F38/><W3/><G3/><BYE who="3" /><UN n3="%E5%89%8D%E6%88%AF%33%30%E5%88%86" /><T29/><D42/><U19/><E112/><V14/><F66/><W17/><G1/><T129/><D129/><U46/><E128/><V59/><F59/><W35/><G35/><T120/><D120/><U73/><E19/><V23/><F121/><W9/><G9/><T65/><D105/><U50/><E73/><V10/><F27/><W15/><G15/><T87/><D87/><U36/><E79/><V84/><F84/><N who="3" m="50319" /><G17/><T8/><D31/><U85/><E36/><V82/><F12/><W40/><G40/><T117/><D117/><U118/><E118/><V97/><F11/><W45/><G45/><T106/><D106/><U72/><E72/><V32/><F32/><W54/><G74/><T33/><D33/><U6/><E6/><V70/><F70/><W62/><G114/><T113/><D113/><U110/><E28/><V44/><F97/><W115/><G115/><T52/><D65/><U126/><E96/><V16/><F30/><W77/><G77/><T107/><D0/><U61/><E24/><V5/><F5/><W124/><G124/><T64/><D2/><U91/><E26/><V4/><F4/><W116/><G116/><T103/><D64/><U43/><E67/><V130/><F130/><W55/><G55/><T18/><D29/><U48/><E57/><V109/><F109/><W71/><G71/><T80/><D8/><U119/><E110/><V60/><F60/><W83/><G98/><N who="0" m="61463" /><D22/><U122/><E111/><V131/><F131/><RYUUKYOKU ba="0,0" sc="347,15,375,-15,120,-15,158,15" hai0="13,18,20,52,56,63,80,99,103,107" hai3="54,58,62,83,90,101,102" />
</Scene>
<Scene>
<INIT seed="7,1,0,0,5,62" ten="362,360,105,173" oya="3" hai0="90,21,104,127,41,71,95,46,15,87,118,31,2" hai1="113,61,114,14,53,116,93,69,120,101,79,38,0" hai2="44,63,92,97,1,85,34,133,33,105,5,18,48" hai3="10,123,45,23,99,117,132,52,16,122,36,28,128"/><W77/><G117/><T54/><D118/><U24/><E116/><V107/><F133/><W37/><G132/><T11/><D104/><U112/><E0/><V35/><F1/><W70/><G70/><T64/><D54/><U8/><E120/><V84/><F5/><W19/><G128/><T115/><D2/><U65/><E38/><V22/><F85/><W134/><G134/><T75/><D75/><U121/><E121/><V89/><F97/><W7/><G37/><T80/><D127/><U129/><E129/><V67/><F22/><W96/><G36/><T47/><D115/><U76/><E53/><V78/><F18/><N who="3" m="6699" /><G77/><N who="1" m="29770" /><E24/><V13/><F78/><W56/><G45/><T111/><D111/><U106/><E106/><V103/><F13/><N who="3" m="5343" /><G123/><T108/><D108/><U81/><E14/><V109/><F109/><W126/><G126/><T73/><D73/><U40/><E8/><V6/><F6/><W119/><G119/><T82/><D11/><U49/><E40/><V98/><F105/><W94/><G94/><T100/><D15/><U57/><E81/><V125/><F125/><W86/><G86/><T17/><D80/><U20/><E20/><V29/><F29/><W4/><G4/><T66/><D31/><U50/><E69/><V9/><F9/><W27/><G122/><T135/><D135/><U102/><E93/><V74/><F74/><W130/><G130/><T72/><D72/><U91/><E91/><V59/><REACH who="2" step="1"/><F35/><REACH who="2" ten="362,360,95,173" step="2"/><W12/><G12/><N who="0" m="9383" /><D71/><U110/><E110/><V68/><F68/><W51/><AGARI ba="1,1" hai="23,27,28,51,52,56,96,99" m="5343,6699" machi="51" ten="30,6000,0" yaku="8,1,54,2" doraHai="62" who="3" fromWho="3" sc="362,-21,360,-21,95,-21,173,73" />
</Scene>
<Scene>
<INIT seed="7,2,0,5,0,109" ten="341,339,74,246" oya="3" hai0="88,2,15,49,65,50,53,95,80,68,25,4,77" hai1="32,39,14,98,126,64,54,121,108,29,89,86,72" hai2="70,122,44,130,46,120,22,37,31,63,27,45,78" hai3="123,26,131,66,35,99,125,75,55,106,87,13,21"/><W100/><G123/><T76/><D2/><U94/><E108/><V104/><F104/><W19/><G75/><T7/><D50/><U30/><E72/><V10/><F78/><N who="0" m="30314" /><D68/><U60/><E121/><V135/><F10/><W112/><G131/><T51/><D51/><U47/><E126/><V59/><F22/><W96/><G125/><T114/><D65/><U61/><E32/><V36/><F27/><W48/><G66/><T34/><D34/><U69/><E14/><V5/><F5/><W20/><G35/><T115/><D80/><U18/><E18/><V43/><F31/><W128/><G128/><T62/><D62/><U1/><E1/><V9/><F9/><W127/><G127/><T71/><D71/><U0/><E0/><V118/><F135/><W67/><G67/><T79/><D79/><U73/><E73/><V92/><F92/><W85/><G99/><N who="0" m="57831" /><D25/><U111/><E111/><V52/><F130/><W90/><G90/><T28/><D28/><U58/><REACH who="1" step="1"/><E98/><REACH who="1" ten="341,329,74,246" step="2"/><V33/><F33/><W56/><REACH who="3" step="1"/><G112/><REACH who="3" ten="341,329,74,236" step="2"/><N who="0" m="43051" /><D15/><U84/><E84/><V16/><F122/><W83/><G83/><T93/><D93/><U133/><E133/><V81/><F120/><W101/><G101/><T3/><D3/><U8/><E8/><V38/><F81/><W40/><G40/><AGARI ba="2,2" hai="29,30,39,40,47,54,58,60,61,64,69,86,89,94" machi="40" ten="40,1300,0" yaku="1,1,53,0" doraHai="109" doraHaiUra="113" who="1" fromWho="3" sc="341,0,329,39,74,0,236,-19" owari="341,14.0,368,47.0,74,-43.0,217,-18.0" />
</Scene>
</mjloggm>