<mjloggm ver="2.3"><GO type="169" lobby="0"/><UN n0="%E3%83%A8%E3%82%B3%E3%83%A8%E3%82%B3" n1="%E2%98%85%E9%9B%80%E9%AC%BC%E7%99%BE%E7%80%AC%E2%98%85" n2="%E3%82%AF%E3%83%AD%E3%83%8E%E3%82%B9%40" n3="%E5%A4%AA%E3%81%8F%E3%81%AA%E3%81%84%E3%81%8A" dan="16,18,17,17" rate="2146.29,2159.09,2145.84,2162.46" sx="M,M,M,M"/><TAIKYOKU oya="0"/>

<Scene>
<INIT seed="0,0,0,0,5,12" ten="250,250,250,250" oya="0" hai0="102,105,53,62,41,18,81,44,10,33,118,5,36" hai1="110,98,84,131,117,58,120,46,91,75,23,51,28" hai2="25,20,125,63,87,95,14,103,57,30,113,88,49" hai3="83,99,124,11,59,82,13,130,70,123,132,121,7"/><T34/><D118/><U65/><E75/><V4/><F113/><W42/><G70/><T45/><D81/><U115/><E115/><V38/><F38/><W22/><G124/><T93/><D105/><U15/><E131/><V133/><F133/><W71/><G71/><T134/><D134/><U73/><E73/><V40/><F125/><W69/><G69/><T90/><D102/><U122/><E110/><V72/><F72/><W92/><G132/><T74/><D74/><U66/><E117/><V135/><F135/><W29/><G130/><T85/><D18/><U37/><E98/><V101/><F40/><W43/><G59/><T77/><D77/><U68/><E68/><V48/><F48/><W55/><G55/><T6/><D6/><U119/><E119/><V100/><F49/><W50/><G29/><T31/><D31/><U47/><E37/><V94/><F4/><W96/><G22/><T54/><D45/><N who="1" m="16907" /><E28/><V24/><F14/><W35/><G35/><T39/><D39/><U76/><E76/><V8/><F8/><W86/><G11/><T2/><REACH who="0" step="1"/><D62/><REACH who="0" ten="240,250,250,250" step="2"/><U129/><E129/><V17/><F100/><W116/><G116/><T111/><D111/><U104/><E104/><V114/><F114/><W78/><G78/><T56/><D56/><U107/><E107/><V21/><F95/><W79/><G92/><T19/><D19/><N who="1" m="10751" /><E122/><V112/><F112/><W97/><G123/><T106/><D106/><U3/><E120/><V128/><F128/><W60/><G121/><T126/><D126/><U109/><E109/><V89/><F89/><W52/><G79/><RYUUKYOKU ba="0,1" sc="240,15,250,-15,250,15,250,-15" hai0="2,5,10,33,34,36,41,44,53,54,85,90,93" hai2="17,20,21,24,25,30,57,63,87,88,94,101,103" />
</Scene>
<Scene>
<INIT seed="0,1,1,1,0,10" ten="255,235,265,235" oya="0" hai0="74,52,98,37,94,25,110,97,135,4,133,28,69" hai1="21,9,32,106,7,46,11,81,34,87,63,61,91" hai2="27,16,64,2,6,57,86,100,114,104,83,62,43" hai3="49,71,72,78,73,75,134,22,67,127,108,40,116"/><T48/><D37/><U44/><E106/><V118/><F114/><W36/><G116/><T99/><D69/><U47/><E21/><V96/><F118/><W112/><G112/><T90/><D74/><U125/><E125/><V109/><F109/><W24/><G36/><T55/><D4/><U79/><E9/><V105/><F43/><W39/><G39/><T80/><D80/><U13/><REACH who="1" step="1"/><E79/><REACH who="1" ten="255,225,265,235" step="2"/><V20/><F6/><W17/><G78/><T68/><D110/><U93/><E93/><V132/><F132/><W107/><G107/><T122/><D135/><U31/><E31/><V18/><F105/><W70/><G134/><T30/><D133/><U76/><E76/><V29/><F2/><W66/><G127/><T129/><D28/><U120/><E120/><V121/><F121/><W130/><G108/><T126/><D30/><U101/><E101/><V50/><REACH who="2" step="1"/><F50/><REACH who="2" ten="255,225,255,235" step="2"/><W38/><G49/><T115/><D48/><U3/><E3/><V12/><F12/><W102/><G38/><T82/><D122/><U65/><E65/><V14/><F14/><W8/><G67/><T26/><D126/><U113/><E113/><V84/><F84/><W15/><G66/><T1/><D115/><U119/><E119/><V53/><F53/><W42/><G73/><T117/><D52/><U54/><E54/><V128/><F128/><W103/><G130/><T33/><D55/><U77/><E77/><AGARI ba="1,3" hai="16,18,20,27,29,57,62,64,77,83,86,96,100,104" machi="77" ten="30,3900,0" yaku="1,1,7,1,54,1,53,0" doraHai="10" doraHaiUra="41" who="2" fromWho="1" sc="255,0,225,-42,255,72,235,0" />
</Scene>
<Scene>
<INIT seed="1,0,0,4,1,113" ten="255,183,327,235" oya="1" hai0="41,90,37,32,15,59,4,35,126,114,54,122,0" hai1="96,105,53,95,128,77,103,57,132,73,56,44,14" hai2="117,34,78,135,11,51,83,58,30,116,18,81,121" hai3="2,47,10,123,23,43,133,109,42,92,19,65,100"/><U70/><E70/><V16/><F121/><W55/><G123/><T52/><D114/><U71/><E71/><V68/><F68/><W101/><G65/><T118/><D122/><U40/><E128/><V66/><F83/><W124/><G2/><T38/><D0/><U129/><E129/><V33/><F135/><W1/><G1/><T28/><D126/><U29/><E132/><V8/><F8/><W127/><G10/><T64/><D118/><U108/><E29/><V69/><F69/><W74/><G74/><T24/><D35/><U76/><E108/><V91/><F91/><W46/><G133/><T22/><D64/><U12/><E105/><V60/><F51/><N who="3" m="29183" /><G92/><T94/><D41/><N who="3" m="15369" /><G46/><T130/><D130/><U125/><E125/><N who="3" m="48202" /><G109/><T7/><D54/><U62/><E57/><V84/><F34/><W87/><G87/><T48/><D4/><U80/><REACH who="1" step="1"/><E76/><REACH who="1" ten="255,173,327,235" step="2"/><V134/><F134/><W104/><G104/><T45/><D45/><U131/><E131/><V106/><F106/><W49/><G49/><AGARI ba="0,1" hai="12,14,40,44,49,53,56,62,73,77,80,95,96,103" machi="49" ten="30,5800,0" yaku="1,1,7,1,53,1" doraHai="113" doraHaiUra="39" who="1" fromWho="3" sc="255,0,173,68,327,0,235,-58" />
</Scene>
<Scene>
<INIT seed="1,1,0,5,3,29" ten="255,241,327,177" oya="1" hai0="11,96,58,64,51,9,133,12,31,21,97,90,70" hai1="16,107,82,113,39,41,46,55,124,83,92,119,45" hai2="52,56,66,22,81,122,36,129,7,4,35,99,19" hai3="93,53,63,34,68,20,132,87,3,94,114,125,91"/><U27/><E119/><V126/><F36/><W72/><G114/><T28/><D70/><U86/><E107/><V69/><F122/><W104/><G104/><T2/><D133/><U76/><E124/><V65/><F35/><W103/><G72/><T14/><D2/><U71/><E71/><V57/><F129/><W120/><G120/><T60/><D51/><U37/><E113/><V128/><F69/><W110/><G3/><T101/><D101/><U49/><E37/><V44/><F128/><W30/><G132/><T8/><D96/><U32/><E83/><V78/><F99/><W23/><G125/><T135/><D135/><U100/><E100/><V59/><F126/><W48/><G110/><T38/><D38/><U5/><E5/><N who="2" m="2123" /><F81/><W123/><G123/><T79/><D79/><U13/><E92/><V26/><F78/><W75/><G75/><T84/><D97/><U33/><REACH who="1" step="1"/><E27/><REACH who="1" ten="255,231,327,177" step="2"/><V1/><F1/><W95/><G103/><T98/><D98/><U130/><E130/><V127/><F127/><W85/><G68/><T131/><D131/><U112/><E112/><V106/><F106/><W24/><G93/><T61/><D61/><U17/><E17/><V116/><F116/><W117/><G63/><T47/><D60/><U109/><E109/><V111/><F111/><W54/><G117/><T74/><D31/><U105/><E105/><V42/><F65/><W89/><REACH who="3" step="1"/><G54/><REACH who="3" ten="255,231,327,167" step="2"/><T77/><D64/><U121/><E121/><V10/><F66/><W115/><G115/><T6/><D6/><U134/><E134/><V40/><F52/><W108/><G108/><RYUUKYOKU ba="1,2" sc="255,-15,231,15,327,-15,167,15" hai1="13,16,32,33,39,41,45,46,49,55,76,82,86" hai3="20,23,24,30,34,48,53,85,87,89,91,94,95" />
</Scene>
<Scene>
<INIT seed="1,2,2,4,4,61" ten="240,246,312,182" oya="1" hai0="18,111,108,70,118,30,50,115,96,98,124,97,104" hai1="103,74,42,80,94,16,28,37,86,0,1,33,90" hai2="106,23,100,21,55,79,12,24,127,54,27,109,2" hai3="31,73,119,57,36,51,66,4,5,69,3,110,133"/><U130/><E33/><V22/><F2/><W19/><G36/><T39/><D39/><U8/><E28/><V67/><F106/><W87/><G73/><T60/><D118/><U71/><E71/><V44/><F109/><N who="0" m="42058" /><D115/><U91/><E130/><V45/><F100/><W72/><G72/><T116/><D116/><U17/><E103/><V112/><F127/><W131/><G119/><T101/><D124/><U35/><E35/><V29/><F79/><W41/><G110/><T135/><D135/><U84/><E74/><V117/><F112/><W65/><G69/><T93/><D30/><U49/><E37/><V52/><F67/><N who="3" m="25611" /><G3/><T47/><D70/><U9/><E0/><V6/><F117/><W114/><G114/><T128/><D60/><U43/><E1/><V26/><F29/><W120/><G120/><T34/><D34/><U81/><E94/><V125/><F125/><W77/><G31/><T64/><D64/><U62/><E62/><V107/><F107/><W123/><G123/><T122/><D122/><U56/><E49/><V59/><F59/><AGARI ba="2,2" hai="8,9,16,17,42,43,56,59,80,81,84,86,90,91" machi="59" ten="25,9600,0" yaku="22,2,8,1,54,1" doraHai="61" who="1" fromWho="2" sc="240,0,246,122,312,-102,182,0" />
</Scene>
<Scene>
<INIT seed="1,3,0,2,2,121" ten="240,368,210,182" oya="1" hai0="127,76,97,62,72,24,1,102,21,30,15,70,55" hai1="126,22,45,36,9,29,12,59,104,131,85,27,25" hai2="75,20,57,11,34,40,133,6,119,38,10,50,37" hai3="33,107,67,87,17,16,60,91,48,134,74,7,118"/><U41/><E104/><V42/><F34/><W8/><G74/><T63/><D1/><U71/><E71/><V120/><F120/><W79/><G33/><T4/><D127/><U84/><E131/><V86/><F75/><W125/><G107/><T43/><D43/><U19/><E126/><V115/><F119/><W130/><G125/><T54/><D72/><U83/><E83/><V95/><F133/><W32/><G32/><T88/><D76/><U103/><E103/><V96/><F115/><W100/><G100/><T56/><D70/><U105/><E105/><V13/><F86/><W23/><G79/><T129/><D129/><U5/><E59/><V46/><F20/><AGARI ba="3,0" hai="5,9,12,19,20,22,25,27,29,36,41,45,84,85" machi="20" ten="30,1500,0" yaku="7,1" doraHai="121" who="1" fromWho="2" sc="240,0,368,24,210,-24,182,0" />
</Scene>
<Scene>
<INIT seed="1,4,0,2,5,7" ten="240,392,186,182" oya="1" hai0="131,128,42,78,99,112,111,113,93,16,31,59,98" hai1="6,38,19,25,17,120,26,36,29,79,108,110,51" hai2="5,74,129,72,61,89,4,11,12,2,1,43,121" hai3="48,96,46,94,65,50,107,40,52,90,27,23,24"/><U18/><E120/><V63/><F121/><W28/><G107/><T85/><D31/><U77/><E6/><V119/><F119/><W105/><G105/><T15/><D42/><U37/><E51/><V49/><F129/><N who="0" m="49738" /><D111/><N who="1" m="42539" /><E29/><V64/><F89/><W22/><G65/><T3/><D3/><U45/><E45/><V76/><F12/><W47/><REACH who="3" step="1"/><G27/><AGARI ba="4,0" hai="17,18,19,25,26,27,36,37,38,77,79" m="42539" machi="27" ten="40,12000,1" yaku="28,2,14,1,10,1" doraHai="7" who="1" fromWho="3" sc="240,0,392,132,186,0,182,-132" />
</Scene>
<Scene>
<INIT seed="1,5,0,3,0,41" ten="240,524,186,50" oya="1" hai0="34,50,100,109,49,101,135,24,96,5,68,79,112" hai1="126,35,8,78,48,84,128,14,54,125,25,65,70" hai2="32,127,26,46,122,69,85,39,47,107,33,115,111" hai3="7,22,95,71,56,62,77,93,119,30,42,20,9"/><U13/><E128/><V28/><F122/><W117/><G71/><T55/><D112/><U63/><E14/><V23/><F69/><W45/><G77/><T89/><D68/><U130/><E130/><V21/><F107/><W80/><G80/><T86/><D109/><U40/><E40/><V98/><F39/><W58/><G30/><T31/><D135/><U82/><E25/><N who="2" m="16431" /><F32/><W51/><G22/><T17/><D5/><U15/><E35/><V16/><F33/><W110/><G20/><T37/><D37/><U88/><E78/><V76/><F111/><W106/><G106/><T11/><D79/><U97/><E97/><V18/><F127/><N who="1" m="48649" /><E8/><V120/><F120/><W66/><G110/><T59/><D50/><U53/><E53/><V0/><F0/><W108/><G108/><T38/><D38/><U74/><E74/><V123/><F123/><W83/><G83/><T134/><D134/><U90/><E90/><V91/><F115/><W118/><REACH who="3" step="1"/><G58/><AGARI ba="5,0" hai="13,15,48,54,58,63,65,70,82,84,88" m="48649" machi="58" ten="30,2900,0" yaku="18,1,54,1" doraHai="41" who="1" fromWho="3" sc="240,0,524,44,186,0,50,-44" />
</Scene>
<Scene>
<INIT seed="1,6,0,1,2,39" ten="240,568,186,6" oya="1" hai0="83,110,44,126,112,59,51,13,76,31,78,118,38" hai1="127,134,72,34,88,84,20,56,104,107,133,79,66" hai2="67,15,45,129,120,6,108,93,105,57,25,86,26" hai3="10,32,106,124,115,131,37,128,7,23,122,35,40"/><U47/><E34/><N who="3" m="12842" /><G106/><N who="1" m="40490" /><E20/><V5/><F108/><W91/><G91/><T71/><D126/><U95/><E47/><V17/><F129/><N who="3" m="49739" /><G122/><T130/><D130/><U73/><E56/><V92/><F105/><W123/><G123/><T28/><D71/><U55/><E55/><V18/><F120/><W54/><G115/><T117/><D110/><U101/><E66/><V74/><F74/><N who="1" m="28777" /><E127/><V64/><F45/><N who="3" m="23695" /><G124/><T125/><D125/><U11/><E11/><V119/><F57/><W4/><G10/><T132/><D112/><U113/><E113/><V96/><F67/><W30/><G54/><T19/><D59/><U87/><E101/><V62/><F64/><W114/><G114/><T29/><D38/><U27/><E27/><AGARI ba="6,0" hai="4,7,23,27,30" m="23695,49739,12842" machi="27" ten="30,2000,0" yaku="19,1,52,1" doraHai="39" who="3" fromWho="1" sc="240,0,568,-38,186,0,6,38" />
</Scene>
<Scene>
<INIT seed="2,0,0,3,0,118" ten="240,530,186,44" oya="2" hai0="88,58,74,4,56,43,131,110,34,69,44,38,97" hai1="93,31,75,132,17,95,111,45,50,108,57,6,72" hai2="98,27,48,83,82,26,67,133,112,126,92,128,7" hai3="61,96,54,3,24,73,130,12,40,5,16,116,25"/><V76/><F112/><W89/><G116/><T104/><D69/><U14/><E6/><V124/><F7/><W30/><G73/><N who="1" m="28234" /><E31/><V87/><F67/><W55/><G130/><T53/><D74/><U114/><E57/><V103/><F128/><W65/><G40/><T77/><D131/><U90/><E90/><V123/><F82/><W81/><G3/><T120/><D120/><U32/><E32/><V125/><F133/><W71/><G5/><T15/><D34/><U10/><E114/><V105/><F105/><W84/><G96/><T80/><D110/><N who="1" m="42027" /><E132/><V20/><F123/><W85/><G85/><T41/><D41/><AGARI ba="0,0" hai="10,14,17,41,45,50,93,95" m="42027,28234" machi="41" ten="30,1000,0" yaku="14,1" doraHai="118" who="1" fromWho="0" sc="240,-10,530,10,186,0,44,0" />
</Scene>
<Scene>
<INIT seed="3,0,0,1,5,93" ten="230,540,186,44" oya="3" hai0="21,1,23,104,14,100,49,65,7,18,115,51,12" hai1="134,27,57,60,19,71,45,75,92,128,103,13,125" hai2="53,114,70,95,80,120,59,72,37,90,46,69,111" hai3="20,9,17,48,110,112,119,81,84,87,73,44,5"/><W96/><G112/><T62/><D115/><U97/><E75/><V79/><F111/><W35/><G119/><T38/><D38/><U66/><E125/><V82/><F120/><W58/><G35/><T63/><D1/><U6/><E128/><V131/><F131/><W99/><G73/><T3/><D3/><U8/><E134/><V50/><F82/><W132/><G132/><T47/><D7/><U43/><E27/><V29/><F29/><W107/><G107/><T68/><D62/><U89/><E71/><V123/><F114/><W54/><G110/><T77/><D77/><U91/><E19/><V10/><F10/><W26/><G58/><T109/><D109/><U36/><AGARI ba="0,0" hai="6,8,13,36,43,45,57,60,66,89,91,92,97,103" machi="36" ten="20,2700,0" yaku="0,1,7,1,52,1" doraHai="93" who="1" fromWho="1" sc="230,-7,540,27,186,-7,44,-13" />
</Scene>
<Scene>
<INIT seed="4,0,0,2,5,133" ten="223,567,179,31" oya="0" hai0="117,7,35,2,68,93,99,30,37,106,49,18,25" hai1="42,5,88,118,67,12,11,41,95,131,27,0,134" hai2="72,124,81,3,74,34,105,43,40,63,119,89,65" hai3="31,113,76,71,39,130,26,45,15,120,86,23,73"/><T64/><D37/><U19/><E118/><V100/><F119/><W9/><G71/><T28/><D117/><U33/><E131/><V90/><F40/><W32/><G130/><T47/><D30/><U1/><E1/><V103/><F43/><W80/><G113/><T46/><D2/><U114/><E114/><V123/><F3/><W13/><G120/><T126/><D7/><U85/><E134/><V54/><F54/><W57/><G39/><T53/><D126/><U69/><E67/><V77/><F34/><W52/><G45/><T75/><D75/><N who="2" m="28714" /><F63/><W132/><G132/><T8/><D47/><U4/><E4/><V108/><F65/><W50/><G73/><T24/><D106/><U107/><E69/><V22/><F22/><W44/><G57/><T61/><D24/><U109/><E109/><V110/><F123/><W87/><G32/><T116/><D116/><U21/><E107/><V91/><F124/><W48/><G48/><T94/><REACH who="0" step="1"/><D99/><REACH who="0" ten="213,567,179,31" step="2"/><U127/><E127/><V38/><F38/><W36/><G36/><T70/><D70/><U60/><E0/><V10/><F110/><W104/><G104/><T111/><D111/><U78/><E5/><V129/><F108/><W97/><G86/><T83/><D83/><U62/><E27/><V79/><F129/><W96/><REACH who="3" step="1"/><G15/><AGARI ba="0,1" hai="8,15,18,25,28,35,46,49,53,61,64,68,93,94" machi="15" ten="40,2000,0" yaku="1,1,53,0" doraHai="133" doraHaiUra="102" who="0" fromWho="3" sc="213,30,567,0,179,0,31,-20" />
</Scene>
<Scene>
<INIT seed="4,1,0,0,1,132" ten="243,567,179,11" oya="0" hai0="11,102,91,60,21,49,90,85,75,88,77,23,38" hai1="70,54,26,16,3,41,27,35,0,2,9,42,103" hai2="81,99,6,117,69,76,82,25,39,33,44,111,64" hai3="87,53,127,62,107,123,95,98,19,79,94,114,80"/><T92/><D38/><U59/><E70/><V125/><F111/><W51/><G114/><T32/><D32/><U93/><E35/><V119/><F99/><W126/><G123/><T135/><D135/><U110/><E110/><V78/><F6/><W45/><G19/><T113/><D113/><U68/><E68/><V15/><F15/><W29/><G29/><T108/><D108/><U18/><E26/><V57/><F57/><W115/><G115/><T40/><D75/><U5/><E18/><V122/><F122/><W112/><G112/><T124/><D124/><N who="3" m="47657" /><G62/><T101/><D11/><U17/><E9/><V134/><F134/><W66/><G66/><T104/><D104/><U47/><E16/><V12/><F125/><W120/><G120/><T109/><D109/><U28/><E17/><V74/><F64/><W72/><G72/><T50/><D60/><U58/><E28/><V118/><F74/><W63/><G63/><T13/><D13/><U1/><E3/><V8/><F118/><W89/><G95/><T71/><D71/><U97/><E93/><V31/><F69/><W67/><G67/><T100/><D92/><U65/><E65/><V121/><F121/><W83/><G80/><N who="2" m="30825" /><F119/><W34/><G34/><T129/><D21/><U4/><E4/><N who="2" m="3079" /><F117/><W130/><G130/><T37/><D23/><U30/><E5/><V48/><F33/><W22/><G22/><T106/><D129/><U116/><E116/><V128/><F128/><W55/><G107/><T10/><D106/><U20/><E30/><V84/><F31/><W133/><G133/><T7/><D7/><RYUUKYOKU ba="1,0" sc="243,-10,567,-10,179,-10,11,30" hai3="45,51,53,55,79,83,87,89,94,98" />
</Scene>
<Scene>
<INIT seed="5,2,0,3,4,80" ten="233,557,169,41" oya="1" hai0="57,93,6,56,84,82,47,5,55,48,125,0,116" hai1="130,41,38,8,76,10,113,79,124,19,129,45,107" hai2="110,27,71,104,26,30,49,18,44,115,14,135,12" hai3="74,97,3,118,23,2,51,31,13,117,35,43,123"/><U60/><E107/><V64/><F104/><W69/><G74/><T25/><D116/><N who="3" m="44649" /><G69/><T114/><D114/><U109/><E113/><V128/><F110/><W98/><G35/><T92/><D125/><U7/><E124/><V63/><F115/><W39/><G39/><T34/><D34/><U22/><E109/><V58/><F128/><N who="1" m="49257" /><E60/><V81/><F135/><W126/><G126/><T94/><D25/><N who="1" m="14559" /><E10/><V100/><F100/><W21/><G123/><T68/><D68/><U122/><E122/><V90/><F71/><W67/><G67/><T73/><D73/><U62/><E62/><V134/><F134/><W53/><G43/><T102/><D102/><U28/><E28/><V52/><F30/><W15/><G31/><T59/><REACH who="0" step="1"/><D0/><AGARI ba="2,0" hai="0,7,8,38,41,45,76,79" m="14559,49257" machi="0" ten="30,1500,0" yaku="19,1" doraHai="80" who="1" fromWho="0" sc="233,-21,557,21,169,0,41,0" />
</Scene>
<Scene>
<INIT seed="5,3,0,4,1,26" ten="212,578,169,41" oya="1" hai0="131,33,68,87,127,15,122,40,38,30,114,112,121" hai1="129,60,77,53,46,57,73,102,113,1,133,62,92" hai2="130,43,120,132,117,93,94,128,37,3,76,106,89" hai3="96,64,83,44,16,48,55,11,10,41,79,124,101"/><U19/><E1/><V108/><F3/><W20/><G64/><T59/><D68/><U63/><E73/><V75/><F37/><W18/><G124/><T119/><D127/><U25/><E77/><V126/><F43/><W7/><G55/><T123/><D119/><U24/><E113/><N who="0" m="43625" /><D131/><N who="2" m="50218" /><F126/><W54/><G54/><T97/><D59/><U17/><E133/><V70/><F70/><W103/><G20/><T91/><D97/><N who="1" m="59687" /><E46/><V35/><F35/><W69/><G69/><T125/><D125/><U90/><E129/><V13/><F13/><W72/><G10/><T36/><D15/><U29/><E25/><V2/><F2/><W134/><G134/><T32/><D40/><U110/><E110/><V22/><F108/><W8/><G101/><T34/><D30/><U100/><E100/><V135/><F117/><W39/><G48/><T80/><AGARI ba="3,0" hai="32,33,34,36,38,80,87,91,121,122,123" m="43625" machi="80" ten="50,3200,0" yaku="13,1,15,1" doraHai="26" who="0" fromWho="0" sc="212,41,578,-19,169,-11,41,-11" />
</Scene>
<Scene>
<INIT seed="6,0,0,0,2,112" ten="253,559,158,30" oya="2" hai0="117,28,125,40,110,38,87,59,32,56,89,17,102" hai1="67,103,52,118,6,23,27,113,109,44,31,48,41" hai2="12,54,66,65,42,9,47,101,4,29,129,21,100" hai3="30,1,13,94,18,10,122,63,35,5,49,58,16"/><V115/><F115/><W126/><G122/><T3/><D110/><U84/><E109/><V91/><F129/><W0/><G49/><T108/><D108/><U53/><E113/><V130/><F130/><W124/><G94/><T70/><D70/><U127/><E118/><V80/><F54/><W111/><G111/><T11/><D117/><U51/><E127/><N who="3" m="48682" /><G58/><T85/><D125/><U114/><E114/><V88/><F29/><W69/><G63/><T107/><D28/><U79/><E103/><N who="2" m="39499" /><F21/><W72/><G72/><T34/><D32/><U92/><E6/><V22/><F22/><W77/><G77/><T24/><D34/><U133/><E133/><V68/><F68/><W116/><G69/><T55/><D102/><U106/><E106/><V73/><F73/><W128/><G128/><T36/><D107/><U25/><E25/><V81/><F42/><W76/><G76/><T132/><D132/><U119/><E67/><N who="2" m="25611" /><F47/><W93/><G93/><T95/><D95/><U20/><E20/><V33/><F33/><W26/><G116/><T45/><D45/><N who="1" m="27759" /><E119/><V39/><F39/><W134/><G134/><T131/><D38/><U71/><E71/><V50/><F50/><W57/><G57/><T61/><D59/><U86/><E53/><V104/><F104/><W105/><G105/><T121/><D56/><U19/><E31/><V90/><AGARI ba="0,0" hai="4,9,12,80,81,88,90,91" m="25611,39499" machi="90" ten="30,3000,0" yaku="8,1,54,1" doraHai="112" who="2" fromWho="2" sc="253,-10,559,-10,158,30,30,-10" />
</Scene>
<Scene>
<INIT seed="6,1,0,0,1,71" ten="243,549,188,20" oya="2" hai0="108,20,98,100,101,37,110,134,127,70,22,97,66" hai1="39,6,123,131,124,43,135,62,50,13,88,111,85" hai2="29,94,68,18,72,95,53,69,107,61,9,0,51" hai3="26,118,96,79,25,52,63,55,12,67,58,24,49"/><V15/><F107/><W129/><G118/><T128/><D127/><U117/><E39/><V19/><F72/><W42/><G129/><T46/><D128/><U74/><E74/><V44/><F0/><W38/><G79/><T11/><D134/><U126/><E131/><V65/><F69/><W64/><G12/><T125/><D125/><N who="1" m="48235" /><E111/><V32/><F32/><W57/><REACH who="3" step="1"/><G96/><REACH who="3" ten="243,549,188,10" step="2"/><T130/><D97/><U84/><E13/><V5/><F29/><W132/><G132/><T112/><D98/><U17/><E135/><V80/><F5/><W106/><G106/><T34/><D130/><U1/><E117/><V3/><F3/><W33/><G33/><T54/><D108/><U8/><E123/><V113/><F113/><W92/><G92/><T122/><D34/><U90/><E6/><V89/><F19/><W86/><G86/><AGARI ba="1,1" hai="9,15,18,44,51,53,61,65,68,80,86,89,94,95" machi="86" ten="40,3900,0" yaku="25,2" doraHai="71" who="2" fromWho="3" sc="243,0,549,0,188,52,10,-42" owari="243,4.0,549,65.0,240,-16.0,-32,-53.0" />
</Scene>
</mjloggm>