<mjloggm ver="2.3"><GO type="169" lobby="0"/><UN n0="%53%48%49%53%55%4B%45" n1="%E5%A4%AA%E3%81%8F%E3%81%AA%E3%81%84%E3%81%8A" n2="%E3%81%AA%E3%82%93%E3%81%AA%E3%82%93%E3%81%A0%E3%83%BC" n3="%28%E3%82%86%C2%B4%CF%89%EF%BD%80%E3%82%86%29" dan="17,17,18,16" rate="2116.72,2129.55,2147.53,2081.04" sx="M,M,M,M"/><TAIKYOKU oya="0"/>

<Scene>
<INIT seed="0,0,0,2,1,118" ten="250,250,250,250" oya="0" hai0="17,104,6,61,52,94,51,50,115,110,34,54,65" hai1="107,18,88,60,72,46,5,133,0,45,70,109,47" hai2="40,86,11,112,74,111,119,84,57,102,83,71,23" hai3="97,82,91,95,79,81,80,77,66,32,76,113,87"/><T44/><D104/><U117/><E117/><V129/><F71/><W13/><G32/><T101/><D34/><U35/><E72/><V63/><F112/><W24/><G24/><T55/><D115/><U120/><E107/><V21/><F119/><W108/><G113/><T36/><D6/><U127/><E35/><V9/><F74/><W96/><G66/><T116/><D116/><U69/><E109/><V131/><F40/><W30/><G30/><T10/><D110/><U25/><E5/><V2/><F102/><W134/><G108/><T75/><D75/><U90/><E0/><V98/><F98/><N who="3" m="37995" /><G13/><T53/><D101/><U58/><E127/><V7/><F11/><W123/><G134/><T78/><D78/><N who="3" m="30313" /><G123/><T73/><D94/><U43/><E133/><V16/><F111/><W48/><G48/><N who="0" m="28807" /><D73/><AGARI ba="0,0" hai="73,79,80,81,82,87,91,95" m="30313,37995" machi="73" ten="30,8000,1" yaku="35,5" doraHai="118" who="3" fromWho="0" sc="250,-80,250,0,250,0,250,80" />
</Scene>
<Scene>
<INIT seed="1,0,0,0,0,57" ten="170,250,250,330" oya="1" hai0="59,29,9,4,46,22,45,79,35,89,36,100,6" hai1="67,54,115,51,70,5,26,71,131,113,84,8,120" hai2="27,14,95,30,104,101,53,33,58,98,93,123,117" hai3="7,94,39,134,62,91,99,90,44,47,20,97,76"/><U105/><E105/><V110/><F117/><W83/><G134/><T31/><D35/><U78/><E120/><V112/><F123/><W132/><G132/><T125/><D79/><U66/><E26/><V63/><F112/><W128/><G128/><T61/><D100/><U129/><E84/><V80/><F110/><W103/><G7/><T24/><D31/><U13/><E78/><V92/><F14/><W16/><G39/><T122/><D36/><U118/><E118/><V73/><F80/><W52/><G76/><T1/><D122/><U25/><E25/><V10/><F10/><W40/><G83/><T38/><D38/><U74/><E74/><V3/><F3/><W127/><G127/><T96/><D6/><U18/><E5/><V56/><F56/><N who="3" m="35079" /><G40/><T109/><D125/><U11/><E71/><V81/><REACH who="2" step="1"/><F81/><REACH who="2" ten="170,250,240,330" step="2"/><W34/><G34/><T133/><D133/><U114/><E8/><V49/><F49/><W75/><G75/><AGARI ba="0,1" hai="27,30,33,53,58,63,73,75,92,93,95,98,101,104" machi="75" ten="40,2600,0" yaku="1,1,52,1,53,0" doraHai="57" doraHaiUra="119" who="2" fromWho="3" sc="170,0,250,0,240,36,330,-26" />
</Scene>
<Scene>
<INIT seed="2,0,0,5,0,48" ten="170,250,276,304" oya="2" hai0="108,62,47,84,131,73,87,22,91,58,12,9,57" hai1="56,94,128,14,75,67,40,118,79,39,82,107,59" hai2="55,115,77,52,90,60,113,42,130,100,96,132,80" hai3="69,1,19,81,85,89,54,8,129,65,41,98,25"/><V122/><F122/><W16/><G41/><T38/><D73/><U34/><E107/><V36/><F130/><W27/><G129/><T114/><D114/><U133/><E128/><V112/><F132/><W99/><G69/><T92/><D131/><U15/><E118/><V71/><F90/><W101/><G65/><T32/><D32/><U17/><E34/><V4/><F4/><W37/><G37/><T105/><D105/><U83/><E133/><V63/><F42/><W0/><G0/><T50/><D38/><U68/><E82/><V66/><F63/><W86/><G1/><T33/><D33/><U21/><E94/><V78/><F36/><W61/><G86/><T7/><D62/><U74/><E74/><V23/><F23/><N who="3" m="13543" /><G101/><T119/><D119/><U110/><E68/><V109/><F109/><W51/><G61/><T104/><D104/><U127/><E67/><V29/><F29/><W134/><G134/><T45/><D45/><U70/><E70/><V18/><F18/><W53/><G27/><T6/><D6/><U46/><E110/><V28/><F28/><W43/><G43/><N who="0" m="24959" /><D22/><U10/><E39/><V111/><F111/><W49/><G49/><T95/><D108/><U44/><E40/><V125/><F112/><W26/><G26/><T35/><D35/><U120/><E120/><V97/><F115/><W2/><G2/><T103/><D103/><U30/><E30/><V135/><F100/><W123/><G123/><T121/><D121/><U13/><E75/><N who="2" m="43071" /><F135/><W3/><G3/><T5/><D7/><U102/><E102/><V106/><F113/><RYUUKYOKU ba="0,0" sc="170,30,250,-10,276,-10,304,-10" hai0="5,9,12,57,58,84,87,91,92,95" />
</Scene>
<Scene>
<INIT seed="3,1,0,2,0,97" ten="200,240,266,294" oya="3" hai0="120,73,107,93,33,46,16,129,7,13,67,14,4" hai1="128,35,100,2,79,98,36,111,20,130,124,132,32" hai2="105,76,106,115,39,80,123,86,43,102,9,61,11" hai3="12,60,122,28,109,38,116,41,112,5,92,75,133"/><W131/><G60/><T65/><D107/><U17/><E2/><V125/><F115/><W51/><G51/><T90/><D33/><U91/><E36/><V53/><F123/><W52/><G52/><T135/><D73/><U24/><E111/><V10/><F125/><W29/><G92/><T0/><D0/><U44/><E124/><V70/><F43/><W19/><G41/><T58/><D14/><U49/><E91/><V72/><F39/><W119/><G38/><T37/><D120/><U84/><E132/><V118/><F118/><N who="3" m="45099" /><G75/><T1/><D1/><U42/><E84/><V63/><F72/><W113/><G122/><T8/><D46/><U110/><E79/><V71/><F102/><W108/><G5/><T74/><D74/><U45/><E45/><V40/><F40/><W69/><G69/><T134/><D37/><U18/><E49/><V34/><F53/><W23/><G133/><T87/><D134/><U21/><E44/><V54/><F105/><W30/><G131/><T78/><D129/><U64/><E42/><V101/><F63/><W48/><G48/><T25/><D135/><U47/><E47/><V94/><F106/><W31/><N who="3" m="7168" /><DORA hai="68" /><W83/><G83/><N who="0" m="47607" /><D58/><U104/><E130/><V127/><F70/><W56/><G56/><T26/><D7/><U114/><E128/><V117/><F117/><W15/><G15/><T103/><D4/><U57/><E104/><V82/><F71/><W22/><G23/><T62/><D67/><U89/><E64/><V126/><F126/><W59/><G59/><N who="0" m="37087" /><D103/><U99/><E57/><N who="2" m="34999" /><F127/><W27/><G12/><RYUUKYOKU ba="1,0" sc="200,15,240,-15,266,-15,294,15" hai0="8,13,16,25,26,90,93" hai3="19,22,27,108,109,112,113" />
</Scene>
<Scene>
<INIT seed="3,2,0,0,5,7" ten="215,225,251,309" oya="3" hai0="53,12,123,40,51,99,3,62,110,69,92,100,114" hai1="105,68,5,0,64,94,49,65,19,10,45,115,113" hai2="30,76,91,118,120,4,60,26,107,63,34,108,104" hai3="106,13,24,85,33,134,75,6,119,93,77,50,22"/><W116/><G106/><T2/><D123/><U38/><E105/><V84/><F118/><W58/><G75/><T101/><D101/><U15/><E38/><V54/><F120/><W16/><G134/><T74/><D74/><U83/><E83/><V52/><F76/><W31/><G6/><T67/><D110/><U46/><E94/><V56/><F108/><W88/><G77/><T132/><D132/><U87/><E87/><V39/><F39/><W102/><G102/><T117/><D117/><U1/><E1/><V27/><F4/><W130/><G130/><T17/><D40/><U90/><E90/><V36/><F36/><W47/><REACH who="3" step="1"/><G58/><REACH who="3" ten="215,225,251,299" step="2"/><T96/><D114/><U79/><E79/><V42/><F56/><W80/><G80/><T18/><D100/><U112/><E68/><V131/><F131/><W121/><G121/><T29/><D69/><U103/><E103/><V41/><F91/><W20/><G20/><T37/><D92/><U21/><REACH who="1" step="1"/><E46/><REACH who="1" ten="215,215,251,299" step="2"/><V122/><F122/><W48/><G48/><T14/><D51/><U124/><E124/><V95/><F95/><W44/><G44/><T86/><D37/><U109/><E109/><V81/><F81/><W89/><G89/><T97/><D2/><U126/><E126/><V43/><F107/><W111/><G111/><T71/><D3/><U82/><E82/><V57/><F104/><W23/><G23/><T59/><D71/><U135/><E135/><V8/><F57/><W125/><G125/><T32/><D59/><U72/><E72/><V55/><F63/><W70/><G70/><T11/><D62/><RYUUKYOKU ba="2,2" sc="215,-15,215,15,251,-15,299,15" hai1="0,5,10,15,19,21,45,49,64,65,112,113,115" hai3="13,16,22,24,31,33,47,50,85,88,93,116,119" />
</Scene>
<Scene>
<INIT seed="3,3,2,1,5,18" ten="200,230,236,314" oya="3" hai0="131,55,23,114,132,133,120,48,2,57,92,121,50" hai1="117,64,25,135,90,100,105,44,62,96,17,99,56" hai2="91,42,89,93,46,112,79,38,72,88,127,60,104" hai3="26,115,5,110,128,15,59,73,84,71,66,118,35"/><W13/><G73/><T53/><D2/><U37/><E135/><N who="0" m="51785" /><D131/><U68/><E117/><V6/><F104/><W113/><G118/><T3/><D3/><U130/><E130/><V34/><F112/><W119/><G119/><T67/><D114/><U51/><E37/><V97/><F34/><W65/><G128/><T69/><D23/><U19/><E56/><V61/><F127/><W41/><G71/><T29/><D29/><U7/><E7/><V28/><F28/><W108/><G115/><T20/><D20/><U124/><E124/><V116/><F116/><W22/><G35/><T39/><D39/><U102/><E90/><V54/><F6/><W94/><G113/><T40/><D40/><U10/><E10/><V129/><F129/><W21/><G41/><T107/><D92/><U30/><E51/><V70/><F61/><N who="3" m="38079" /><G5/><T101/><D101/><U76/><E76/><V125/><F125/><W45/><G22/><T31/><D31/><U33/><REACH who="1" step="1"/><E44/><REACH who="1" ten="200,220,236,314" step="2"/><V4/><F4/><W83/><G45/><N who="0" m="27791" /><D107/><AGARI ba="3,3" hai="17,19,25,30,33,62,64,68,96,99,100,102,105,107" machi="107" ten="30,8000,1" yaku="1,1,7,1,9,1,25,2,53,0" doraHai="18" doraHaiUra="87" who="1" fromWho="0" sc="200,-89,220,119,236,0,314,0" />
</Scene>
<Scene>
<INIT seed="4,0,0,2,4,42" ten="111,339,236,314" oya="0" hai0="15,50,77,72,103,17,63,111,100,69,20,98,53" hai1="116,84,123,76,99,32,85,44,134,135,132,40,96" hai2="51,8,78,80,26,101,19,43,31,16,73,115,10" hai3="68,131,120,38,112,35,7,71,133,56,107,97,0"/><T13/><D111/><U92/><E116/><V74/><F115/><W33/><RYUUKYOKU type="yao9" ba="0,0" sc="111,0,339,0,236,0,314,0" hai3="0,7,33,35,38,56,68,71,97,107,112,120,131,133" />
</Scene>
<Scene>
<INIT seed="4,1,0,4,3,89" ten="111,339,236,314" oya="0" hai0="44,85,98,97,87,55,95,7,60,113,129,111,59" hai1="50,90,77,99,52,102,32,104,125,13,29,19,3" hai2="9,67,34,116,24,0,63,110,45,1,25,79,105" hai3="134,35,20,86,124,12,74,121,130,53,101,103,132"/><T119/><D119/><U54/><E3/><V41/><F116/><W65/><G35/><T5/><D98/><U57/><E125/><V61/><F110/><W10/><G74/><T128/><D111/><U42/><E77/><V88/><F105/><W64/><G20/><T100/><D113/><U75/><E75/><V58/><F79/><W31/><G31/><T126/><D126/><U51/><E42/><V133/><F133/><N who="3" m="51307" /><G124/><T4/><REACH who="0" step="1"/><D44/><REACH who="0" ten="101,339,236,314" step="2"/><U15/><E99/><V36/><F45/><W83/><G121/><T73/><D73/><U112/><E112/><V37/><F34/><W22/><G130/><AGARI ba="1,1" hai="4,5,7,55,59,60,85,87,95,97,100,128,129,130" machi="130" ten="40,7700,0" yaku="1,1,19,1,52,1,53,0" doraHai="89" doraHaiUra="70" who="0" fromWho="3" sc="101,90,339,0,236,0,314,-80" />
</Scene>
<Scene>
<INIT seed="4,2,0,1,1,125" ten="191,339,236,234" oya="0" hai0="31,86,134,92,55,50,48,111,17,98,81,3,87" hai1="89,130,99,69,121,37,73,128,83,114,71,0,119" hai2="62,84,24,42,27,94,54,23,78,97,2,90,5" hai3="47,51,85,113,8,124,46,129,43,127,112,115,101"/><T80/><D3/><U123/><E0/><V110/><F110/><W38/><G101/><T96/><D31/><U39/><E119/><V15/><F2/><W106/><G106/><T52/><D134/><U29/><E29/><V18/><F42/><N who="3" m="25079" /><G85/><N who="0" m="32267" /><D17/><U103/><E89/><V102/><F5/><W11/><G11/><T20/><D20/><U133/><E133/><V32/><F32/><W82/><G8/><T41/><D41/><U132/><E132/><V122/><F122/><N who="1" m="46601" /><E114/><V116/><F116/><W60/><G82/><N who="0" m="31851" /><D111/><U108/><E108/><V68/><F78/><W91/><G91/><T117/><D117/><U40/><E40/><V63/><F84/><W56/><G129/><N who="1" m="49770" /><E37/><V59/><F90/><W93/><G93/><T4/><D92/><N who="1" m="58855" /><E39/><V131/><F131/><W14/><G14/><T75/><D75/><U67/><E67/><AGARI ba="2,0" hai="38,43,46,56,60,67,112,113,115,124,127" m="25079" machi="67" ten="30,3900,0" yaku="15,1,34,2" doraHai="125" who="3" fromWho="1" sc="191,0,339,-45,236,0,234,45" />
</Scene>
<Scene>
<INIT seed="5,0,0,0,4,70" ten="191,294,236,279" oya="1" hai0="74,5,100,120,109,29,6,134,20,28,45,116,19" hai1="37,59,71,112,73,36,108,117,75,50,110,123,79" hai2="127,15,113,42,13,80,122,25,44,102,130,97,121" hai3="3,124,52,107,17,38,132,98,39,24,118,30,65"/><U47/><E71/><V83/><F127/><W4/><G17/><T66/><D116/><U92/><E117/><V86/><F130/><W2/><G118/><T46/><D74/><N who="1" m="28171" /><E79/><V34/><F113/><W0/><G4/><T84/><D120/><U11/><E123/><V8/><F83/><W95/><G124/><T23/><D100/><U40/><E112/><V131/><F131/><W55/><G107/><T54/><D66/><U33/><E33/><V119/><F119/><W96/><G65/><T10/><D54/><N who="1" m="32215" /><E92/><V104/><F25/><W57/><G55/><T77/><D77/><U35/><E35/><V125/><F15/><W1/><G1/><T43/><D84/><U68/><E11/><V62/><F62/><W93/><G93/><T128/><D10/><U101/><E101/><V16/><F34/><W91/><G96/><T88/><D88/><U9/><E9/><V67/><F67/><W85/><G98/><T82/><D82/><U87/><E87/><V51/><REACH who="2" step="1"/><F125/><REACH who="2" ten="191,294,226,279" step="2"/><W69/><G0/><T115/><D128/><U26/><E26/><V126/><F126/><W111/><G2/><T21/><D115/><U60/><E60/><V22/><F22/><W114/><G3/><T63/><D23/><U49/><E68/><V27/><F27/><W99/><G69/><T31/><D63/><U81/><E81/><V129/><F129/><W106/><G114/><T90/><D21/><U61/><E61/><V18/><F18/><W14/><G24/><T133/><D20/><U12/><E12/><V78/><AGARI ba="0,1" hai="8,13,16,42,44,51,78,80,86,97,102,104,121,122" machi="78" ten="20,5200,0" yaku="1,1,0,1,7,1,54,1,53,0" doraHai="70" doraHaiUra="58" who="2" fromWho="2" sc="191,-13,294,-26,226,62,279,-13" />
</Scene>
<Scene>
<INIT seed="6,0,0,3,0,91" ten="178,268,288,266" oya="2" hai0="23,58,43,103,44,127,18,64,15,102,126,113,53" hai1="111,4,114,92,87,119,106,116,67,48,133,16,46" hai2="36,30,8,101,29,65,47,84,56,6,95,14,35" hai3="45,93,31,33,120,41,20,110,12,19,100,77,112"/><V25/><F36/><W1/><G110/><T122/><D122/><U51/><E106/><V132/><F132/><W60/><G120/><T74/><D74/><U59/><E111/><V69/><F69/><W104/><G104/><T78/><D78/><U109/><E109/><V37/><F37/><W57/><G1/><T10/><D64/><U107/><E107/><V49/><F35/><W68/><G68/><T63/><D113/><U89/><E4/><V61/><F25/><W3/><G3/><T96/><D10/><U2/><E2/><V50/><F50/><N who="3" m="26927" /><G33/><T90/><D90/><U99/><E133/><V21/><F21/><W108/><G108/><T70/><D70/><U118/><E114/><V134/><F134/><W54/><G112/><T82/><D82/><U38/><E38/><V105/><F105/><W76/><G31/><T5/><D5/><U22/><E99/><AGARI ba="0,0" hai="12,19,20,54,57,60,76,77,93,99,100" m="26927" machi="99" ten="30,2000,0" yaku="8,1,52,1" doraHai="91" who="3" fromWho="1" sc="178,0,268,-20,288,0,266,20" />
</Scene>
<Scene>
<INIT seed="7,0,0,5,2,64" ten="178,248,288,286" oya="3" hai0="40,89,124,63,126,84,91,129,3,100,132,47,116" hai1="6,69,37,92,85,61,104,13,108,73,44,54,33" hai2="60,41,75,20,17,123,103,46,43,28,18,35,81" hai3="130,49,135,42,127,107,96,53,8,62,93,106,22"/><W56/><G127/><N who="0" m="48683" /><D116/><U113/><E104/><V97/><F123/><W23/><G135/><T5/><D132/><U10/><E73/><V112/><F112/><W119/><G119/><T76/><D129/><U122/><E122/><V52/><F35/><W102/><G130/><T115/><D115/><U36/><E33/><V51/><F75/><W9/><G107/><T38/><D100/><U68/><E108/><V19/><F81/><W24/><G106/><T94/><D63/><U21/><E113/><V59/><F28/><N who="3" m="17431" /><G23/><T12/><D12/><U105/><E105/><V58/><F58/><N who="3" m="33071" /><G42/><T128/><D128/><U117/><E117/><V111/><F111/><W83/><G83/><N who="0" m="47207" /><D94/><U77/><E21/><V95/><F41/><W131/><G131/><T71/><D71/><U29/><E92/><V120/><F120/><W82/><G82/><T70/><D70/><U87/><E69/><V125/><F125/><W133/><G133/><T39/><D38/><U55/><E37/><V79/><F79/><W50/><G50/><T11/><AGARI ba="0,0" hai="3,5,11,39,40,47,89,91" m="47207,48683" machi="11" ten="30,1100,0" yaku="18,1" doraHai="64" who="0" fromWho="0" sc="178,11,248,-3,288,-3,286,-5" />
</Scene>
<Scene>
<INIT seed="8,0,0,1,3,126" ten="189,245,285,281" oya="0" hai0="118,133,91,121,66,44,16,75,43,10,92,1,98" hai1="90,65,24,64,11,96,15,21,80,52,129,33,81" hai2="2,79,82,134,73,63,114,104,46,34,87,56,112" hai3="5,60,108,100,12,74,47,88,17,8,94,29,97"/><T26/><D121/><U49/><E33/><V6/><F34/><W111/><G74/><T45/><D75/><U48/><E129/><V130/><F104/><W103/><G29/><T89/><D118/><U102/><E49/><V127/><F127/><W55/><G111/><T7/><D133/><U86/><E80/><V101/><F101/><N who="3" m="38987" /><G108/><T123/><D123/><U30/><E96/><V84/><F130/><W23/><G47/><T116/><D116/><U13/><E102/><V67/><F134/><W128/><G128/><T39/><D45/><N who="1" m="27663" /><E15/><V59/><F46/><W131/><G131/><T58/><D91/><U28/><E30/><V3/><F84/><W99/><G99/><T25/><REACH who="0" step="1"/><D16/><AGARI ba="0,0" hai="11,13,16,21,24,28,64,65,81,86,90" m="27663" machi="16" ten="30,7700,0" yaku="25,1,8,1,54,2" doraHai="126" who="1" fromWho="0" sc="189,-77,245,77,285,0,281,0" owari="112,-39.0,322,42.0,285,9.0,281,-12.0" />
</Scene>
</mjloggm>