<mjloggm ver="2.3"><GO type="169" lobby="0"/><UN n0="%E6%96%B0%E6%BD%9F%E3%83%89%E3%83%A9%E3%82%B4%E3%83%B3" n1="%E4%B8%8A%E6%9F%BF%E3%82%81%E3%81%90%E3%81%BF" n2="%E5%A4%AA%E3%81%8F%E3%81%AA%E3%81%84%E3%81%8A" n3="%E5%89%8D%E6%88%AF%33%30%E5%88%86" dan="16,17,17,16" rate="2156.75,2188.36,2215.03,2124.34" sx="M,F,M,M"/><TAIKYOKU oya="0"/>

<Scene>
<INIT seed="0,0,0,5,1,40" ten="250,250,250,250" oya="0" hai0="122,25,70,23,79,41,59,100,69,73,128,64,129" hai1="17,119,90,45,52,101,97,106,127,13,94,96,53" hai2="84,115,21,78,3,43,131,87,32,42,4,46,71" hai3="49,83,113,61,19,102,124,74,77,30,27,82,63"/><T86/><D122/><U12/><E127/><V36/><F32/><W29/><G113/><T9/><D100/><U80/><E119/><V48/><F115/><W24/><G124/><T112/><D112/><U62/><E12/><V20/><F71/><W117/><G102/><T85/><D73/><U8/><E62/><V54/><F131/><N who="0" m="50250" /><D9/><U98/><E98/><V16/><F78/><W39/><G39/><T92/><D41/><U72/><REACH who="1" step="1"/><E45/><REACH who="1" ten="250,240,250,250" step="2"/><V111/><F46/><W116/><G61/><N who="0" m="37951" /><D79/><AGARI ba="0,1" hai="8,13,17,52,53,72,79,80,90,94,96,97,101,106" machi="79" ten="40,5200,0" yaku="1,1,54,1,53,1" doraHai="40" doraHaiUra="76" who="1" fromWho="0" sc="250,-52,240,62,250,0,250,0" />
</Scene>
<Scene>
<INIT seed="1,0,0,5,4,82" ten="198,302,250,250" oya="1" hai0="42,117,66,56,28,62,85,120,132,44,80,69,57" hai1="129,71,87,116,97,104,114,47,122,131,46,68,112" hai2="14,67,98,37,77,95,103,130,94,63,135,22,36" hai3="11,12,23,3,64,16,79,51,86,134,125,45,39"/><U9/><E9/><V32/><F32/><W101/><G39/><T2/><D117/><U100/><E116/><V59/><F135/><W17/><G125/><T90/><D132/><U38/><E122/><V18/><F130/><N who="1" m="49673" /><E104/><V118/><F118/><W61/><G101/><T115/><D115/><N who="1" m="44075" /><E97/><V119/><F119/><W31/><G31/><T58/><D120/><U7/><E7/><V83/><REACH who="2" step="1"/><F95/><REACH who="2" ten="198,302,240,250" step="2"/><W43/><G134/><T74/><D2/><U75/><E75/><AGARI ba="0,1" hai="14,18,22,36,37,59,63,67,75,77,83,94,98,103" machi="75" ten="30,7700,0" yaku="1,1,2,1,7,1,53,1" doraHai="82" doraHaiUra="53" who="2" fromWho="1" sc="198,0,302,-77,240,87,250,0" />
</Scene>
<Scene>
<INIT seed="2,0,0,3,5,127" ten="198,225,327,250" oya="2" hai0="115,77,41,78,69,16,88,5,72,47,105,132,26" hai1="121,23,119,59,42,22,10,62,50,134,30,110,55" hai2="76,0,64,40,11,34,84,97,109,4,83,95,3" hai3="100,33,27,87,90,36,67,111,46,80,29,20,128"/><V54/><F34/><W101/><G111/><T124/><D115/><U103/><E119/><V17/><F109/><W89/><G33/><T68/><D105/><U108/><E22/><V12/><F64/><W66/><G128/><T53/><D124/><U106/><E134/><V104/><F104/><W1/><G1/><T51/><D132/><U126/><E126/><V117/><F117/><W129/><G129/><T14/><D5/><U49/><E50/><V94/><F40/><W43/><REACH who="3" step="1"/><G89/><REACH who="3" ten="198,225,327,240" step="2"/><T123/><D88/><U130/><E130/><V71/><F0/><W63/><G63/><T6/><D123/><U118/><E62/><V28/><F3/><W44/><G44/><T135/><D135/><U48/><E121/><V131/><F131/><W45/><G45/><T93/><D47/><U92/><E118/><V15/><F76/><W19/><G19/><T38/><D16/><U86/><E108/><V102/><F17/><W8/><G8/><T75/><D78/><U96/><E10/><V39/><F11/><W73/><G73/><T112/><D77/><U79/><E79/><V98/><F4/><W7/><G7/><T56/><D6/><U65/><E110/><V74/><F74/><W125/><G125/><T91/><D75/><U31/><E31/><V114/><F28/><W82/><G82/><T57/><D72/><U21/><E30/><V60/><F83/><W85/><G85/><T81/><D81/><U107/><E23/><V18/><F84/><W70/><G70/><T58/><D69/><U61/><E21/><N who="2" m="11463" /><F71/><W25/><G25/><T24/><D26/><RYUUKYOKU ba="0,1" sc="198,-10,225,-10,327,-10,240,30" hai3="20,27,29,36,43,46,66,67,80,87,90,100,101" />
</Scene>
<Scene>
<INIT seed="3,1,1,1,0,121" ten="188,215,317,270" oya="3" hai0="115,23,82,32,104,118,124,131,24,30,92,59,134" hai1="6,95,14,5,39,79,111,91,7,29,135,25,101" hai2="53,127,73,50,15,98,60,83,129,68,41,57,81" hai3="125,13,49,65,99,126,19,120,2,66,84,102,74"/><W0/><G74/><T105/><D118/><U113/><E39/><V17/><F127/><N who="3" m="48651" /><G120/><T96/><D124/><U56/><E113/><V62/><F129/><W18/><G84/><T72/><D131/><U27/><E135/><V122/><F122/><W87/><G49/><T86/><D134/><U20/><E79/><V40/><F98/><W34/><G87/><T107/><D115/><U89/><E14/><V31/><F31/><W36/><G34/><T21/><D72/><U38/><E38/><V97/><F97/><W119/><G36/><T77/><REACH who="0" step="1"/><D59/><REACH who="0" ten="178,215,317,270" step="2"/><U90/><E56/><V35/><F73/><W106/><G119/><T71/><D71/><U114/><E114/><V116/><F116/><W28/><G28/><T9/><D9/><U132/><E132/><V1/><F68/><W128/><G128/><T3/><D3/><N who="3" m="1065" /><G19/><T76/><D76/><U48/><BYE who="2" /><E5/><UN n2="%E5%A4%AA%E3%81%8F%E3%81%AA%E3%81%84%E3%81%8A" /><V51/><F17/><W110/><G110/><T16/><D16/><U100/><E6/><V93/><F1/><W64/><G64/><T45/><D45/><U43/><E7/><V130/><F130/><W123/><G123/><T63/><D63/><U109/><E109/><V133/><F133/><W112/><G112/><T11/><D11/><AGARI ba="1,2" hai="11,13,18,65,66,99,102,106" m="1065,48651" machi="11" ten="30,1500,0" yaku="18,1" doraHai="121" who="3" fromWho="0" sc="178,-18,215,0,317,0,270,38" />
</Scene>
<Scene>
<INIT seed="3,2,0,2,1,19" ten="160,215,317,308" oya="3" hai0="11,111,124,20,65,30,91,96,22,18,23,100,120" hai1="77,76,17,103,114,1,128,43,70,64,53,72,35" hai2="42,79,21,130,69,24,108,49,82,129,113,88,93" hai3="0,125,78,115,45,121,4,116,28,14,44,127,95"/><W75/><G121/><T106/><D120/><U109/><E114/><V59/><F69/><W133/><G115/><T94/><D111/><U41/><E1/><V8/><F113/><W105/><G105/><T101/><D124/><U131/><E35/><V107/><F107/><W118/><G0/><T39/><D39/><U98/><E53/><V132/><F108/><W60/><G133/><T97/><D65/><U57/><E70/><V104/><F104/><W6/><G60/><T25/><REACH who="0" step="1"/><D101/><REACH who="0" ten="150,215,317,308" step="2"/><U73/><E64/><V102/><F102/><W15/><G127/><T80/><D80/><U81/><E109/><V40/><F82/><W63/><G125/><T16/><D16/><U126/><E126/><V7/><F132/><W90/><G28/><T61/><D61/><U123/><E123/><V119/><F119/><W48/><G63/><T46/><D46/><U135/><E135/><V51/><F130/><W5/><G45/><T31/><D31/><U56/><E17/><V12/><F129/><W55/><G116/><T66/><D66/><U52/><E103/><V71/><F71/><W36/><G36/><T122/><D122/><U26/><E81/><V29/><F59/><W2/><G118/><T92/><D92/><U58/><E57/><V85/><F79/><W62/><G62/><T9/><D9/><U99/><E58/><V74/><F74/><W67/><G67/><T112/><D112/><U3/><E56/><V84/><F84/><N who="3" m="52679" /><G2/><T87/><D87/><U32/><E3/><V38/><F38/><W33/><G75/><N who="1" m="28746" /><E131/><V68/><F68/><W47/><G78/><RYUUKYOKU ba="2,1" sc="150,15,215,-15,317,15,308,-15" hai0="11,18,20,22,23,25,30,91,94,96,97,100,106" hai2="7,8,12,21,24,29,40,42,49,51,85,88,93" />
</Scene>
<Scene>
<INIT seed="4,3,1,4,2,89" ten="165,200,332,293" oya="0" hai0="35,53,129,32,50,88,59,100,119,124,24,7,25" hai1="45,47,71,123,23,121,98,29,22,3,97,70,6" hai2="115,57,120,19,17,128,20,2,40,117,118,84,96" hai3="31,132,16,78,74,64,77,1,39,0,81,65,116"/><T67/><D119/><N who="2" m="45578" /><F120/><W91/><G116/><T130/><D124/><U112/><E6/><V127/><F127/><W79/><G39/><T4/><D100/><U102/><E102/><V30/><F2/><W101/><G101/><T26/><D67/><U126/><E126/><V48/><F96/><W125/><G125/><T107/><D107/><U103/><E103/><V85/><F115/><W41/><G31/><T14/><D7/><U12/><E12/><V18/><F128/><N who="0" m="49258" /><D88/><U114/><REACH who="1" step="1"/><E29/><REACH who="1" ten="165,190,332,293" step="2"/><V80/><F30/><W75/><G0/><AGARI ba="3,2" hai="0,3,22,23,45,47,70,71,97,98,112,114,121,123" machi="0" ten="25,6400,0" yaku="1,1,2,1,22,2,53,0" doraHai="89" doraHaiUra="10" who="1" fromWho="3" sc="165,0,190,93,332,0,293,-73" />
</Scene>
<Scene>
<INIT seed="5,0,0,4,1,100" ten="165,283,332,220" oya="1" hai0="69,3,96,97,103,113,21,67,115,44,40,9,18" hai1="80,50,82,77,88,16,34,24,23,130,8,110,46" hai2="29,70,35,13,11,119,30,89,65,114,4,45,133" hai3="5,86,53,123,59,84,19,112,83,38,135,120,104"/><U90/><E130/><V124/><F119/><W42/><G38/><T131/><D131/><U51/><E110/><V125/><F133/><W41/><G135/><T56/><D69/><U107/><E34/><V75/><F75/><W60/><G112/><T36/><D3/><U72/><E82/><V79/><F79/><W129/><G129/><T17/><D9/><U109/><E109/><V14/><F114/><N who="0" m="43530" /><D21/><U63/><E107/><V37/><F35/><W85/><G5/><T134/><D97/><U68/><E51/><V101/><F101/><W81/><G104/><N who="0" m="63591" /><D134/><U108/><E108/><V2/><F2/><W87/><N who="3" m="21504" /><DORA hai="15" /><W66/><G53/><T94/><D94/><U121/><E121/><V62/><F89/><W28/><G28/><T76/><D76/><U31/><E31/><V27/><F30/><W48/><G41/><T116/><D116/><U95/><E8/><V92/><F92/><W64/><G64/><T52/><D67/><U32/><E95/><V43/><F11/><W20/><G120/><T118/><D118/><U6/><E32/><N who="2" m="20543" /><F4/><W33/><G33/><T127/><D127/><AGARI ba="0,0" hai="13,14,37,43,45,62,65,70,124,125,127" m="20543" machi="127" ten="30,1000,0" yaku="18,1" doraHai="100,15" who="2" fromWho="0" sc="165,-10,283,0,332,10,220,0" />
</Scene>
<Scene>
<INIT seed="6,0,0,5,5,122" ten="155,283,342,220" oya="2" hai0="99,42,129,47,7,26,65,110,17,48,30,88,96" hai1="38,32,98,37,118,35,41,16,66,109,67,58,107" hai2="125,112,115,49,111,95,119,55,63,80,124,9,31" hai3="6,18,93,68,84,28,91,64,105,14,56,51,39"/><V15/><F119/><W83/><G105/><T103/><D129/><U50/><E107/><V10/><F63/><W90/><G68/><T97/><D7/><U100/><E100/><V116/><F116/><W57/><G39/><T71/><D17/><U85/><E118/><V12/><F80/><W25/><G6/><T132/><D132/><U86/><E98/><V40/><F40/><W11/><G64/><T3/><D3/><U59/><E16/><N who="2" m="8207" /><F95/><W61/><G61/><T62/><D88/><U117/><E117/><V4/><F31/><W101/><G51/><T5/><D5/><U20/><E50/><V36/><F36/><W113/><G113/><N who="2" m="43593" /><F111/><W94/><G101/><T92/><REACH who="0" step="1"/><D110/><REACH who="0" ten="145,283,342,220" step="2"/><U87/><E109/><V2/><F2/><W134/><G134/><T69/><D69/><U1/><E1/><V135/><F135/><W53/><G83/><T46/><D46/><AGARI ba="0,1" hai="4,10,15,46,49,55,124,125" m="43593,8207" machi="46" ten="30,2900,0" yaku="15,1,54,1" doraHai="122" who="2" fromWho="0" sc="145,-29,283,0,342,39,220,0" />
</Scene>
<Scene>
<INIT seed="6,1,0,5,2,4" ten="116,283,381,220" oya="2" hai0="28,96,92,37,25,131,99,38,44,120,1,46,107" hai1="61,9,54,127,128,125,122,34,105,6,22,98,71" hai2="119,64,5,16,45,130,106,104,93,12,50,100,126" hai3="81,85,115,135,59,42,23,79,62,94,124,133,10"/><V14/><F119/><W32/><G32/><T56/><D120/><U51/><E34/><V3/><F3/><W66/><G124/><T132/><D132/><U86/><E22/><V7/><F126/><N who="1" m="48137" /><E122/><V68/><F130/><W123/><G123/><T65/><D131/><U74/><E74/><V117/><F117/><W75/><G42/><T73/><D73/><U108/><E128/><V89/><F68/><W82/><G23/><T58/><D1/><U57/><E86/><V111/><F64/><W63/><G63/><T36/><D107/><U26/><E26/><V103/><F111/><W40/><G40/><T90/><D99/><U20/><E20/><N who="2" m="11271" /><F106/><W27/><G27/><T77/><D77/><U19/><E105/><V88/><F104/><W72/><G94/><T116/><D116/><U129/><E129/><V121/><F89/><W69/><G69/><T112/><D112/><U11/><E6/><N who="2" m="2059" /><F14/><W15/><G115/><T102/><D90/><U13/><E108/><V97/><F121/><W8/><G15/><T48/><D65/><N who="1" m="41391" /><E13/><V113/><F113/><W18/><G18/><T0/><D0/><U118/><E19/><V60/><F60/><W101/><G75/><T49/><D49/><U83/><E118/><V35/><F35/><W52/><G66/><T33/><D48/><U43/><E51/><V47/><F50/><W110/><G110/><T80/><D80/><U55/><E83/><V21/><F21/><W91/><G101/><AGARI ba="1,0" hai="45,47,88,93,97,100,101,103" m="2059,11271" machi="101" ten="30,5800,0" yaku="8,1,54,2" doraHai="4" who="2" fromWho="3" sc="116,0,283,0,381,61,220,-61" />
</Scene>
<Scene>
<INIT seed="6,2,0,1,4,38" ten="116,283,442,159" oya="2" hai0="131,91,31,68,17,14,90,85,71,20,41,27,50" hai1="104,13,99,79,53,105,28,36,128,120,109,88,78" hai2="48,37,129,11,21,19,23,58,3,34,47,42,118" hai3="26,122,22,45,5,30,25,117,29,39,12,57,83"/><V116/><F34/><W87/><G117/><T61/><D131/><U60/><E36/><V59/><F129/><W76/><G122/><T1/><D1/><U77/><E28/><V115/><F115/><W82/><G57/><T123/><D123/><U64/><E128/><V0/><F23/><W16/><G5/><T69/><D61/><U113/><E53/><V89/><F58/><W94/><G94/><T112/><D112/><U65/><E120/><V35/><F35/><W46/><G83/><T4/><D4/><U7/><E113/><V92/><F3/><W43/><REACH who="3" step="1"/><G46/><REACH who="3" ten="116,283,442,149" step="2"/><T70/><D70/><U72/><E7/><V52/><F92/><W10/><G10/><T2/><D2/><U107/><E107/><V96/><F11/><W6/><G6/><T114/><D114/><U67/><E105/><V127/><F59/><W121/><G121/><T97/><D97/><U9/><E104/><V110/><F96/><W74/><G74/><T124/><D124/><U81/><E72/><V18/><F127/><W56/><G56/><T51/><D85/><N who="1" m="50223" /><E99/><V103/><F0/><W132/><G132/><T134/><D134/><U32/><E65/><V8/><F116/><W135/><G135/><T106/><D106/><U73/><E64/><V93/><F118/><W84/><G84/><T44/><REACH who="0" step="1"/><D51/><REACH who="0" ten="106,283,442,149" step="2"/><U111/><E67/><V15/><F48/><W102/><G102/><T33/><AGARI ba="2,2" hai="14,17,20,27,31,33,41,44,50,68,69,71,90,91" machi="33" ten="30,7900,0" yaku="1,1,2,1,0,1,52,1,53,0" doraHai="38" doraHaiUra="62" who="0" fromWho="0" sc="106,105,283,-22,442,-41,149,-22" />
</Scene>
<Scene>
<INIT seed="7,0,0,5,1,97" ten="211,261,401,127" oya="3" hai0="58,132,92,64,81,111,114,63,29,60,102,65,107" hai1="45,19,9,37,94,89,105,55,52,25,0,78,50" hai2="3,17,16,109,123,44,119,133,80,120,69,61,34" hai3="76,14,38,124,40,59,11,130,13,23,33,98,110"/><W93/><G33/><T77/><D111/><U103/><E37/><V26/><F109/><W28/><G124/><T121/><D121/><N who="2" m="46666" /><F133/><W135/><G110/><T54/><D132/><U30/><E78/><V24/><F119/><W67/><G135/><T95/><D114/><U83/><E83/><V66/><F3/><W31/><G130/><T7/><D7/><U39/><E39/><V41/><F80/><W88/><G38/><T21/><D107/><U2/><E19/><N who="2" m="7243" /><F34/><W6/><G40/><T99/><D95/><U68/><E68/><V70/><F70/><W131/><G76/><T20/><D29/><N who="3" m="11337" /><G131/><T56/><D54/><U12/><E55/><V47/><F47/><W53/><G67/><T48/><D48/><AGARI ba="0,0" hai="24,26,41,44,48,61,66,69" m="7243,46666" machi="48" ten="30,2000,0" yaku="13,1,54,1" doraHai="97" who="2" fromWho="0" sc="211,-20,261,0,401,20,127,0" owari="191,-21.0,261,6.0,421,52.0,127,-37.0" />
</Scene>
</mjloggm>