<mjloggm ver="2.3"><GO type="169" lobby="0"/><UN n0="%E5%A4%AA%E3%81%8F%E3%81%AA%E3%81%84%E3%81%8A" n1="%E3%83%86%E3%83%AC%E3%83%93%E3%81%A3%E5%AD%90" n2="%41%6B%6B%69%79" n3="%65%6E%6B%61%69%73%6D" dan="17,17,16,17" rate="2218.38,2133.61,2110.51,2106.88" sx="M,M,M,M"/><TAIKYOKU oya="0"/>

<Scene>
<INIT seed="0,0,0,0,3,22" ten="250,250,250,250" oya="0" hai0="56,134,104,130,81,49,68,118,28,79,41,115,16" hai1="129,6,47,110,25,108,109,50,92,87,77,119,105" hai2="0,45,5,51,102,13,101,8,30,128,55,62,31" hai3="114,125,80,32,122,94,27,98,133,107,132,97,54"/><T86/><D68/><U23/><E105/><V44/><F128/><W116/><G114/><T26/><D115/><U121/><E121/><V126/><F126/><W100/><G116/><T38/><D118/><U24/><E129/><V106/><F0/><W33/><G125/><T74/><D130/><U42/><E119/><V7/><F7/><W65/><G65/><T1/><D1/><U83/><E23/><V84/><F45/><W85/><G122/><T82/><D104/><U46/><E6/><V76/><F62/><W20/><G54/><T43/><D38/><U127/><E127/><V39/><F39/><W112/><G112/><T120/><D120/><U123/><E123/><V57/><F57/><W78/><G132/><T113/><D113/><U59/><E59/><V89/><F76/><W72/><G133/><T90/><D134/><U69/><E69/><V66/><F66/><W19/><REACH who="3" step="1"/><G72/><REACH who="3" ten="250,250,250,240" step="2"/><T64/><D64/><U71/><E71/><V96/><REACH who="2" step="1"/><F102/><AGARI ba="0,1" hai="19,20,27,32,33,78,80,85,94,97,98,100,102,107" machi="102" ten="30,12000,2" yaku="1,1,2,1,7,1,52,1,53,2" doraHai="22" doraHaiUra="29" who="3" fromWho="2" sc="250,0,250,0,250,-120,240,130" />
</Scene>
<Scene>
<INIT seed="1,0,0,2,2,71" ten="250,250,130,370" oya="1" hai0="83,91,65,56,105,121,20,66,52,25,84,41,32" hai1="11,82,73,72,35,74,30,5,81,63,49,57,111" hai2="19,93,129,75,40,125,3,122,78,15,109,100,95" hai3="33,69,23,110,106,58,99,127,76,102,50,39,22"/><U132/><E132/><V88/><F3/><W64/><G33/><T62/><D121/><U42/><E111/><V119/><F122/><W24/><G110/><T103/><D32/><U134/><E134/><V118/><F40/><W70/><G39/><T104/><D41/><U1/><E30/><V135/><F135/><W7/><G127/><T13/><D13/><U8/><E35/><V28/><F28/><W46/><G7/><T45/><D103/><U47/><REACH who="1" step="1"/><E11/><REACH who="1" ten="250,240,130,370" step="2"/><V77/><F125/><W85/><G22/><T36/><D66/><AGARI ba="0,1" hai="1,5,8,42,47,49,57,63,66,72,73,74,81,82" machi="66" ten="40,3900,0" yaku="1,1,2,1,53,0" doraHai="71" doraHaiUra="31" who="1" fromWho="0" sc="250,-39,240,49,130,0,370,0" />
</Scene>
<Scene>
<INIT seed="1,1,0,5,0,89" ten="211,289,130,370" oya="1" hai0="15,125,39,41,88,46,49,26,130,35,8,1,42" hai1="36,100,54,65,129,68,112,105,110,24,12,66,134" hai2="20,61,93,114,94,37,9,116,113,69,52,115,50" hai3="16,59,53,45,121,79,4,90,124,81,127,21,25"/><U62/><E112/><V91/><F116/><W5/><G121/><T33/><D1/><U28/><E66/><N who="2" m="41167" /><F37/><W3/><G45/><T98/><D125/><N who="3" m="48201" /><G90/><T38/><D130/><U82/><E129/><V34/><F34/><W27/><G27/><T51/><D38/><U109/><E36/><V17/><F91/><W83/><G3/><T72/><D72/><U84/><E134/><V56/><F9/><W117/><G117/><T22/><D39/><U77/><E54/><V75/><F75/><N who="3" m="43263" /><G83/><T44/><D98/><N who="1" m="61591" /><E12/><AGARI ba="1,0" hai="12,17,20,50,52,56,93,94,113,114,115" m="41167" machi="12" ten="30,7700,0" yaku="11,1,52,2,54,1" doraHai="89" who="2" fromWho="1" sc="211,0,289,-80,130,80,370,0" />
</Scene>
<Scene>
<INIT seed="2,0,0,1,5,122" ten="211,209,210,370" oya="2" hai0="87,25,120,6,90,62,43,133,52,4,34,97,111" hai1="92,109,73,116,110,123,114,71,1,98,31,24,21" hai2="66,113,89,0,86,44,108,27,107,56,12,63,9" hai3="65,60,135,118,48,93,100,29,83,47,3,18,32"/><V69/><F107/><W51/><G118/><T20/><D120/><U121/><E71/><V36/><F0/><W5/><G135/><T17/><D133/><U46/><E116/><V105/><F105/><W125/><G125/><T94/><D34/><U77/><E114/><V11/><F113/><W59/><G5/><T78/><D43/><U35/><E1/><V115/><F115/><W106/><G106/><T7/><D111/><N who="1" m="42507" /><E46/><V30/><F36/><W38/><G38/><T119/><D119/><U19/><E77/><V33/><F44/><W102/><G18/><T28/><D28/><U37/><E73/><V104/><F104/><W85/><G29/><T41/><D41/><U22/><E22/><V64/><F108/><W128/><G32/><T72/><D72/><U82/><E82/><V54/><F11/><W75/><G83/><N who="0" m="47607" /><D4/><U39/><E121/><V8/><F8/><W10/><G10/><T68/><D68/><U76/><E76/><V58/><F58/><AGARI ba="0,0" hai="6,7,17,20,25,52,58,62,90,94,97" m="47607" machi="58" ten="30,3900,0" yaku="25,1,8,1,54,1" doraHai="122" who="0" fromWho="2" sc="211,39,209,0,210,-39,370,0" />
</Scene>
<Scene>
<INIT seed="3,0,0,5,5,102" ten="250,209,171,370" oya="3" hai0="50,17,22,123,43,95,115,124,19,120,65,47,91" hai1="72,69,93,21,18,39,119,111,15,104,25,58,110" hai2="9,46,97,36,107,42,131,45,30,67,96,61,33" hai3="135,83,27,76,98,1,70,51,122,62,103,14,100"/><W59/><G122/><T16/><D124/><U26/><E69/><V108/><F97/><W12/><G1/><T31/><D115/><U134/><E39/><V34/><F131/><W112/><G112/><T4/><D4/><U20/><E72/><V71/><F108/><N who="1" m="41513" /><E104/><V37/><F9/><W121/><G103/><T113/><D113/><U133/><E93/><V94/><F94/><W73/><G135/><N who="1" m="51722" /><E58/><V23/><F23/><N who="1" m="8777" /><E119/><V55/><F55/><W6/><G59/><T92/><D92/><U77/><E77/><V44/><F37/><W87/><G70/><T8/><D65/><U52/><E52/><V38/><F38/><W40/><G76/><T74/><D74/><U79/><E79/><V81/><F34/><W10/><G73/><T2/><D95/><U88/><E88/><V64/><F81/><W86/><G62/><T66/><D66/><U11/><AGARI ba="0,0" hai="11,15,18,25,26" m="8777,51722,41513" machi="11" ten="40,8000,1" yaku="14,1,20,1,34,2" doraHai="102" who="1" fromWho="1" sc="250,-20,209,80,171,-20,370,-40" />
</Scene>
<Scene>
<INIT seed="4,0,0,3,1,92" ten="230,289,151,330" oya="0" hai0="70,63,10,97,133,48,26,64,14,108,7,117,84" hai1="67,56,111,83,106,28,134,86,11,119,73,24,32" hai2="130,52,13,91,22,118,128,85,105,121,122,42,125" hai3="23,18,3,109,69,132,2,68,29,9,8,37,88"/><T15/><D117/><U36/><E36/><V66/><F66/><W90/><G109/><T123/><D123/><U35/><E73/><V120/><F42/><W98/><G37/><T30/><D108/><U79/><E106/><V87/><F105/><W1/><G29/><T71/><D133/><U96/><E134/><V58/><F118/><W19/><G132/><T129/><D129/><U27/><E119/><V4/><F125/><W16/><G23/><T115/><D115/><U21/><E111/><V53/><F53/><W127/><G127/><T39/><D39/><U75/><E11/><N who="3" m="4170" /><G98/><T31/><D70/><AGARI ba="0,0" hai="1,2,3,16,18,19,68,69,70,88,90" m="4170" machi="70" ten="40,8000,1" yaku="28,2,54,2" doraHai="92" who="3" fromWho="0" sc="230,-80,289,0,151,0,330,80" />
</Scene>
<Scene>
<INIT seed="5,0,0,5,4,38" ten="150,289,151,410" oya="1" hai0="112,78,43,104,62,85,9,119,41,113,56,128,54" hai1="116,83,59,102,95,79,72,53,129,131,115,20,37" hai2="29,33,122,100,47,65,27,22,97,82,117,93,132" hai3="26,73,126,130,39,25,105,0,114,42,99,91,49"/><U124/><E116/><V24/><F132/><W55/><G0/><T81/><D119/><U69/><E69/><V63/><F117/><W118/><G73/><T48/><D104/><U89/><E37/><V8/><F8/><W28/><G118/><T15/><D128/><N who="1" m="49227" /><E20/><V90/><F82/><W64/><G114/><N who="0" m="44139" /><D62/><N who="1" m="36207" /><E115/><V75/><F75/><W121/><G91/><T120/><D120/><U68/><E68/><V110/><F110/><W44/><G64/><T111/><D111/><U103/><E124/><V18/><F47/><W123/><G126/><T70/><D70/><U135/><E135/><V34/><F34/><W21/><G130/><T86/><D86/><AGARI ba="0,0" hai="72,79,83,86,89,95,102,103" m="36207,49227" machi="86" ten="30,1500,0" yaku="19,1" doraHai="38" who="1" fromWho="0" sc="150,-15,289,15,151,0,410,0" />
</Scene>
<Scene>
<INIT seed="5,1,0,0,4,59" ten="135,304,151,410" oya="1" hai0="35,71,29,53,127,6,37,44,75,17,129,21,62" hai1="43,132,90,60,100,47,25,91,66,2,98,124,45" hai2="85,105,16,135,7,32,51,1,61,38,122,80,116" hai3="77,58,39,113,54,76,20,83,19,78,95,110,31"/><U52/><E2/><V46/><F105/><W88/><G39/><T118/><D118/><U13/><E132/><V92/><F38/><W28/><G113/><T12/><D75/><U125/><E13/><V74/><F32/><W9/><G110/><T111/><D111/><U41/><E25/><V3/><F74/><W112/><G83/><T89/><D127/><N who="1" m="48715" /><E100/><V70/><F122/><W26/><G9/><T56/><D129/><U55/><E98/><V107/><F107/><W133/><G133/><T86/><D71/><N who="1" m="42439" /><E91/><V34/><F34/><W49/><G112/><T102/><D102/><U0/><E90/><V134/><F116/><W128/><G128/><T65/><D6/><U126/><E0/><V115/><F115/><W81/><G81/><T14/><D14/><U63/><E126/><V117/><F92/><W120/><G120/><T68/><D35/><U8/><E8/><V109/><F109/><W23/><G20/><T72/><D72/><U4/><E4/><V99/><F99/><AGARI ba="1,0" hai="19,23,26,28,31,49,54,58,76,77,78,88,95,99" machi="99" ten="40,2600,0" yaku="8,1,54,1" doraHai="59" who="3" fromWho="2" sc="135,0,304,0,151,-29,410,29" />
</Scene>
<Scene>
<INIT seed="6,0,0,5,4,2" ten="135,304,122,439" oya="2" hai0="43,120,89,74,18,64,14,57,36,62,127,11,115" hai1="87,65,121,85,39,135,109,50,61,99,118,31,17" hai2="15,82,3,35,70,126,48,117,22,90,123,46,10" hai3="95,52,132,129,1,131,69,119,110,93,63,86,116"/><V41/><F70/><W59/><G69/><T20/><D120/><U73/><E39/><V44/><F35/><W29/><G110/><T79/><D115/><U112/><E73/><V102/><F3/><W16/><G29/><T91/><D127/><U56/><E112/><V128/><F126/><W19/><G1/><T130/><D130/><N who="3" m="49673" /><G132/><T7/><D74/><U32/><E135/><V113/><F113/><W37/><G37/><T104/><D104/><U83/><E109/><V100/><F117/><W34/><G34/><T40/><D79/><U58/><E121/><V5/><F123/><W133/><G133/><T92/><D36/><U71/><E118/><V42/><F128/><W49/><G49/><T78/><D78/><U38/><E38/><V53/><F22/><W124/><G124/><T0/><REACH who="0" step="1"/><D91/><REACH who="0" ten="125,304,122,439" step="2"/><U27/><E50/><N who="2" m="28887" /><F42/><W25/><G119/><T134/><D134/><U12/><E99/><AGARI ba="0,1" hai="0,7,11,14,18,20,40,43,57,62,64,89,92,99" machi="99" ten="30,3900,0" yaku="1,1,7,1,52,1,53,0" doraHai="2" doraHaiUra="76" who="0" fromWho="1" sc="125,49,304,-39,122,0,439,0" />
</Scene>
<Scene>
<INIT seed="7,0,0,0,1,95" ten="174,265,122,439" oya="3" hai0="85,56,128,70,98,33,36,49,118,47,1,15,27" hai1="48,21,77,0,35,31,57,89,20,93,67,6,30" hai2="97,106,135,133,28,75,18,130,111,94,105,99,52" hai3="37,79,63,116,38,40,87,13,72,80,62,83,74"/><W96/><G96/><N who="2" m="36937" /><F28/><W104/><G87/><T41/><D1/><U19/><E35/><V8/><F75/><W81/><G81/><T134/><D118/><U108/><E77/><V17/><F111/><W82/><G82/><T86/><D70/><U129/><E129/><V29/><F29/><W16/><G16/><N who="2" m="6249" /><F130/><W69/><G40/><T66/><D128/><U84/><E31/><V113/><F113/><W11/><G69/><T42/><D33/><U7/><E30/><V127/><F127/><W54/><G104/><T53/><D27/><U65/><E20/><V109/><F109/><W24/><G79/><T78/><D134/><N who="2" m="51210" /><F94/><W132/><G132/><T64/><D98/><U107/><E108/><V5/><F52/><W58/><G54/><T43/><D78/><U117/><E93/><V103/><F103/><W68/><G72/><T23/><D23/><U121/><E21/><V76/><F76/><W92/><G74/><T131/><D131/><U55/><E55/><V115/><F115/><W32/><G92/><T12/><D36/><U50/><E117/><V14/><AGARI ba="0,0" hai="5,8,14,105,106" m="51210,6249,36937" machi="14" ten="30,8000,1" yaku="20,1,52,3,54,1" doraHai="95" who="2" fromWho="2" sc="174,-20,265,-20,122,80,439,-40" owari="154,-35.0,245,5.0,202,-20.0,399,50.0" />
</Scene>
</mjloggm>