<mjloggm ver="2.3"><GO type="169" lobby="0"/><UN n0="%E4%B8%8A%E6%9F%BF%E3%82%81%E3%81%90%E3%81%BF" n1="%E5%A4%AA%E3%81%8F%E3%81%AA%E3%81%84%E3%81%8A" n2="%E3%81%AA%E3%81%93" n3="%62%75%67%79%61%77%69" dan="17,17,17,17" rate="2194.42,2217.20,2132.27,2183.64" sx="F,M,F,M"/><TAIKYOKU oya="0"/>

<Scene>
<INIT seed="0,0,0,1,0,62" ten="250,250,250,250" oya="0" hai0="37,89,55,19,21,14,87,2,66,67,105,71,53" hai1="40,34,84,127,60,7,100,33,22,51,45,98,120" hai2="129,17,104,57,115,108,102,43,63,52,96,31,36" hai3="59,106,6,119,11,5,50,74,116,30,103,125,91"/><T25/><D105/><U95/><E120/><V110/><F115/><W93/><G74/><T13/><D2/><U68/><E127/><V27/><F129/><W20/><G125/><T26/><D71/><U112/><E112/><V58/><F17/><W88/><G5/><T85/><D37/><U121/><E121/><V78/><F78/><W48/><G106/><T41/><D41/><U4/><E34/><V29/><F57/><W97/><G119/><T69/><D69/><U39/><E33/><V111/><REACH who="2" step="1"/><F27/><REACH who="2" ten="250,250,240,250" step="2"/><N who="0" m="10250" /><D14/><U18/><E68/><V0/><F0/><W1/><G116/><T118/><D118/><U128/><E128/><V133/><F133/><W16/><G30/><T32/><D32/><U42/><E7/><V92/><F92/><W8/><G59/><T83/><D87/><U94/><E4/><V54/><F54/><AGARI ba="0,1" hai="13,19,21,53,54,55,66,67,83,85,89" m="10250" machi="54" ten="30,5800,0" yaku="8,1,52,2" doraHai="62" who="0" fromWho="2" sc="250,68,250,0,240,-58,250,0" />
</Scene>
<Scene>
<INIT seed="0,1,0,0,0,89" ten="318,250,182,250" oya="0" hai0="51,123,75,65,23,79,98,56,8,44,67,110,92" hai1="85,124,103,11,94,119,73,39,58,120,54,106,115" hai2="114,10,59,25,48,87,55,52,50,82,135,71,19" hai3="24,125,95,63,21,33,118,29,36,40,70,13,108"/><T17/><D123/><U12/><E73/><V133/><F71/><W90/><G118/><T60/><D110/><U126/><E119/><V93/><F114/><W4/><G108/><T109/><D109/><U101/><E39/><V64/><F64/><W18/><G125/><N who="1" m="48234" /><E106/><V20/><F10/><W97/><G36/><T80/><D8/><U117/><E117/><V35/><F35/><W88/><G40/><T69/><D67/><U68/><E68/><V62/><F93/><W2/><G70/><T28/><D69/><U77/><E120/><V104/><F104/><W111/><G63/><T83/><D28/><U9/><E9/><V78/><REACH who="2" step="1"/><F62/><REACH who="2" ten="318,250,172,250" step="2"/><W105/><G105/><T15/><D75/><U96/><E115/><V102/><F102/><N who="3" m="60735" /><G111/><T121/><D121/><U100/><E11/><AGARI ba="1,1" hai="2,4,11,13,18,21,24,29,33,88,90" m="60735" machi="11" ten="30,3900,0" yaku="24,1,52,1,54,1" doraHai="89" who="3" fromWho="1" sc="318,0,250,-42,172,0,250,52" />
</Scene>
<Scene>
<INIT seed="1,0,0,1,0,127" ten="318,208,172,302" oya="1" hai0="88,77,119,0,74,128,94,23,66,60,69,86,30" hai1="129,80,131,19,83,71,44,107,108,92,68,50,135" hai2="38,3,15,36,48,64,43,120,73,37,102,70,8" hai3="2,65,101,72,5,134,10,27,35,78,24,59,54"/><U100/><E107/><V51/><F73/><W6/><G6/><T63/><D119/><U11/><E135/><V39/><F3/><W7/><G7/><T49/><D0/><U12/><E108/><V87/><F102/><W89/><G65/><T47/><D63/><U126/><E126/><V132/><F120/><W93/><G101/><T115/><D115/><U125/><E125/><V111/><F87/><W75/><G134/><T18/><D30/><U76/><E100/><V31/><F132/><W91/><G91/><T85/><D74/><U106/><E92/><V61/><F31/><W14/><G75/><T96/><D77/><U118/><E106/><V84/><F84/><W32/><G27/><T82/><D82/><N who="1" m="31275" /><E76/><V117/><F117/><W121/><G121/><T58/><D69/><U4/><E4/><V22/><F22/><W40/><G40/><T56/><D56/><U52/><E118/><V113/><F8/><W41/><G78/><T20/><D128/><AGARI ba="0,0" hai="11,12,19,44,50,52,68,71,128,129,131" m="31275" machi="128" ten="30,12000,1" yaku="19,1,52,3,54,1" doraHai="127" who="1" fromWho="0" sc="318,-120,208,120,172,0,302,0" />
</Scene>
<Scene>
<INIT seed="1,1,0,3,2,94" ten="198,328,172,302" oya="1" hai0="76,67,90,6,71,118,107,12,82,69,50,10,35" hai1="108,92,134,53,59,86,0,106,72,84,116,3,9" hai2="132,13,98,28,109,70,123,57,133,48,81,119,24" hai3="41,112,37,102,130,88,56,117,20,36,23,38,54"/><U29/><E72/><V122/><F119/><W2/><G112/><T44/><D35/><U31/><E106/><V61/><F109/><W33/><G33/><T111/><D107/><U21/><E116/><V14/><F81/><W97/><G117/><T89/><D118/><U49/><E108/><V7/><F70/><W18/><G2/><T42/><D111/><U128/><E128/><V104/><F48/><W65/><G65/><T121/><D121/><U91/><E134/><N who="2" m="51819" /><F104/><W62/><G102/><T127/><D127/><U51/><E3/><V25/><F98/><W110/><G110/><T95/><D67/><U100/><E100/><V85/><F85/><W64/><G64/><T32/><D32/><U114/><E114/><V68/><F68/><W47/><G130/><T96/><REACH who="0" step="1"/><D90/><REACH who="0" ten="188,328,172,302" step="2"/><U58/><E91/><V73/><F123/><W80/><G88/><T19/><D19/><U63/><E31/><V60/><F122/><W8/><G18/><T46/><D46/><U120/><E29/><V30/><F73/><AGARI ba="1,1" hai="6,10,12,42,44,50,69,71,73,76,82,89,95,96" machi="73" ten="30,7700,0" yaku="1,1,7,1,52,1,53,1" doraHai="94" doraHaiUra="43" who="0" fromWho="2" sc="188,90,328,0,172,-80,302,0" />
</Scene>
<Scene>
<INIT seed="2,0,0,0,3,56" ten="278,328,92,302" oya="2" hai0="87,118,66,83,46,101,47,38,96,120,126,102,81" hai1="104,44,94,100,75,82,53,78,58,39,111,37,25" hai2="121,52,29,74,112,135,36,21,24,124,132,108,5" hai3="22,15,20,109,91,68,59,50,17,115,10,63,127"/><V62/><F121/><W32/><G32/><T61/><D120/><U131/><E111/><V11/><F112/><W0/><G109/><T116/><D126/><U19/><E104/><V23/><F74/><W13/><G0/><T28/><D38/><U93/><E131/><V3/><F36/><W106/><G106/><T128/><D128/><U9/><E100/><V35/><F124/><W43/><G68/><T122/><D122/><U86/><E75/><V79/><F79/><W4/><G127/><T40/><D28/><U110/><E110/><V117/><F117/><W84/><G115/><T33/><D33/><U97/><E44/><N who="0" m="16937" /><D40/><U71/><E71/><V77/><F77/><W92/><G43/><T7/><D7/><U73/><E73/><V129/><F108/><W133/><G133/><N who="2" m="51273" /><F129/><W65/><G50/><T55/><D102/><U98/><E37/><V27/><F27/><W48/><G48/><T80/><D101/><U6/><E39/><V107/><F107/><W95/><REACH who="3" step="1"/><G22/><REACH who="3" ten="278,328,92,292" step="2"/><T57/><D116/><U85/><E58/><AGARI ba="0,1" hai="3,5,11,21,23,24,29,35,52,58,62" m="51273" machi="58" ten="30,5800,0" yaku="20,1,52,1,54,1" doraHai="56" who="2" fromWho="1" sc="278,0,328,-58,92,68,292,0" />
</Scene>
<Scene>
<INIT seed="2,1,0,3,5,73" ten="278,270,160,292" oya="2" hai0="57,118,71,5,47,40,127,19,87,134,12,49,72" hai1="6,65,109,85,24,117,18,105,4,100,33,110,11" hai2="111,20,90,79,92,59,64,14,77,96,114,133,58" hai3="81,63,103,83,39,124,82,46,8,38,121,119,80"/><V26/><F114/><W42/><G121/><T17/><D72/><U91/><E117/><V84/><F133/><W43/><G119/><T41/><D71/><U93/><E65/><V50/><F111/><N who="1" m="42505" /><E33/><V68/><F68/><W60/><G124/><T102/><D134/><U22/><E11/><V101/><F14/><W16/><G103/><T108/><D108/><U34/><E34/><V7/><F7/><N who="1" m="2601" /><E100/><V95/><F50/><W126/><G126/><T98/><D127/><U28/><E105/><V135/><F135/><W54/><G54/><T3/><D3/><U94/><E94/><V35/><F35/><W61/><N who="3" m="20480" /><DORA hai="69" /><W62/><N who="3" m="15360" /><DORA hai="67" /><W27/><G43/><T89/><D41/><U106/><E106/><V104/><F64/><W86/><G86/><T53/><D102/><U1/><E1/><V56/><F104/><W15/><REACH who="3" step="1"/><G27/><REACH who="3" ten="278,270,160,282" step="2"/><T45/><D118/><U116/><E116/><V107/><REACH who="2" step="1"/><F107/><REACH who="2" ten="278,270,150,282" step="2"/><W88/><G88/><T78/><D89/><U129/><E24/><V76/><F76/><W115/><G115/><T37/><D78/><U2/><E91/><V29/><AGARI ba="1,2" hai="20,26,29,56,58,59,77,79,84,90,92,95,96,101" machi="29" ten="30,18000,2" yaku="1,1,0,1,8,1,52,2,53,1" doraHai="73,69,67" doraHaiUra="32,97,112" who="2" fromWho="2" sc="278,-61,270,-61,150,203,282,-61" />
</Scene>
<Scene>
<INIT seed="2,2,0,5,0,91" ten="217,209,353,221" oya="2" hai0="133,64,79,104,115,18,119,111,27,42,86,13,22" hai1="54,28,44,74,123,132,125,6,92,87,46,66,39" hai2="100,83,121,82,11,124,4,128,127,52,130,30,36" hai3="59,62,84,101,96,10,51,45,78,3,15,47,53"/><V109/><F121/><W5/><G3/><T114/><D104/><U67/><E74/><V14/><F36/><W43/><G47/><T72/><D72/><U99/><E123/><V95/><F30/><W122/><G122/><T34/><D79/><U85/><E132/><V32/><F32/><W113/><G113/><N who="0" m="43019" /><D42/><U70/><E125/><N who="2" m="48203" /><F109/><W129/><G129/><N who="2" m="49769" /><F52/><W38/><G38/><T63/><D133/><U57/><E28/><V56/><F56/><W8/><G8/><T7/><D111/><U58/><E70/><V29/><F29/><W118/><G118/><T120/><D119/><U16/><E39/><V88/><F100/><W61/><G61/><T20/><D120/><U90/><E6/><V76/><F76/><W50/><G50/><T2/><D34/><U117/><E117/><V1/><F1/><W93/><G78/><T12/><D7/><U55/><E16/><V35/><F35/><W131/><G131/><T108/><D2/><U48/><E46/><V81/><F81/><W41/><G41/><T94/><D108/><U33/><E33/><V31/><F31/><W25/><G25/><T134/><D18/><U102/><E44/><V68/><F68/><W105/><G105/><T9/><D27/><U19/><E19/><V110/><F110/><W65/><G43/><T77/><D77/><U23/><E102/><V0/><F0/><W135/><G135/><T71/><D134/><U26/><E26/><V98/><AGARI ba="2,0" hai="4,11,14,82,83,88,95,98" m="49769,48203" machi="98" ten="30,11700,0" yaku="18,1,19,1,52,1,54,1" doraHai="91" who="2" fromWho="2" sc="217,-41,209,-41,353,123,221,-41" />
</Scene>
<Scene>
<INIT seed="2,3,0,4,0,131" ten="176,168,476,180" oya="2" hai0="93,53,4,60,76,20,24,108,109,91,54,133,117" hai1="105,110,104,64,67,126,31,36,125,29,116,61,134" hai2="41,68,59,25,1,26,129,45,21,123,6,77,112" hai3="118,55,92,81,66,84,57,27,52,14,72,114,120"/><V102/><F68/><W111/><G120/><T75/><D4/><U40/><E116/><V79/><F123/><W101/><G118/><T96/><D117/><U12/><E110/><V44/><F112/><W42/><G111/><T23/><D23/><U89/><E12/><V34/><F34/><W10/><G72/><T97/><D97/><U69/><E89/><V135/><F135/><W98/><G42/><T0/><D0/><U3/><E3/><V19/><F102/><W80/><G114/><T115/><D115/><U124/><E67/><V33/><F129/><W43/><G43/><T13/><D13/><U28/><REACH who="1" step="1"/><E134/><REACH who="1" ten="176,158,476,180" step="2"/><V17/><F1/><W35/><G66/><T70/><D133/><U37/><E37/><V119/><F119/><W106/><G14/><T58/><D108/><U74/><E74/><V15/><F15/><W94/><G27/><T82/><D109/><U85/><E85/><V2/><F25/><W107/><G84/><T78/><D78/><U56/><E56/><V121/><F59/><W63/><G57/><T49/><D70/><U87/><E87/><V51/><F26/><W128/><G128/><T9/><D75/><U122/><E122/><V39/><F39/><W73/><G73/><T47/><D76/><U88/><E88/><V22/><F121/><W8/><G98/><T30/><REACH who="0" step="1"/><D82/><REACH who="0" ten="166,158,476,180" step="2"/><U83/><E83/><V18/><F79/><W38/><G80/><T16/><D16/><U132/><E132/><V32/><F77/><W5/><G81/><T127/><D127/><U100/><E100/><V95/><F2/><W50/><G101/><RYUUKYOKU ba="3,2" sc="166,15,158,15,476,-15,180,-15" hai0="9,20,24,30,47,49,53,54,58,60,91,93,96" hai1="28,29,31,36,40,61,64,69,104,105,124,125,126" />
</Scene>
<Scene>
<INIT seed="3,4,2,2,4,72" ten="181,173,461,165" oya="3" hai0="24,88,46,25,32,4,103,47,55,119,5,2,129" hai1="86,27,40,7,113,60,36,116,108,15,22,44,98" hai2="43,6,85,39,71,105,83,48,101,69,99,16,125" hai3="135,121,20,131,89,41,58,118,124,81,109,17,56"/><W102/><G121/><T61/><D119/><U133/><E113/><V54/><F6/><N who="0" m="2666" /><D32/><U117/><E108/><V31/><F31/><W112/><G118/><N who="1" m="45674" /><E133/><V42/><F125/><W28/><G112/><T104/><D104/><U66/><E98/><V64/><F39/><W130/><G28/><T29/><D103/><U8/><E86/><V10/><F69/><W14/><G124/><T110/><D2/><U38/><E44/><N who="0" m="16937" /><D29/><N who="1" m="17655" /><E40/><V134/><F71/><AGARI ba="4,2" hai="7,8,15,36,38,60,66,71" m="17655,45674" machi="71" ten="30,1000,0" yaku="12,1" doraHai="72" who="1" fromWho="2" sc="181,0,173,42,461,-22,165,0" />
</Scene>
<Scene>
<INIT seed="4,0,0,0,2,135" ten="181,215,439,165" oya="0" hai0="80,8,59,123,125,16,87,112,90,40,97,132,82" hai1="127,124,18,67,10,1,109,128,95,53,71,31,30" hai2="64,0,60,29,37,12,62,120,57,28,47,105,130" hai3="72,7,48,77,46,58,118,131,15,101,56,79,5"/><T42/><D123/><U9/><E109/><V13/><F0/><W102/><G118/><T93/><D132/><U49/><E128/><V94/><F105/><W85/><G72/><T108/><D108/><U19/><E67/><V119/><F120/><W32/><G32/><T20/><D112/><U50/><E95/><V25/><F130/><W133/><G131/><T89/><D8/><U134/><E134/><V73/><F73/><W45/><G133/><T65/><D125/><N who="1" m="48203" /><E71/><V129/><F129/><W23/><G23/><T36/><D36/><U126/><N who="1" m="48211" /><U21/><DORA hai="55" /><E49/><V35/><F64/><W6/><G15/><N who="0" m="9247" /><D82/><U104/><E104/><V70/><F70/><W22/><G48/><T4/><D4/><N who="1" m="1167" /><E10/><V14/><F94/><W51/><G6/><T117/><D117/><U63/><E63/><AGARI ba="0,0" hai="40,42,59,63,65,80,87,89,90,93,97" m="9247" machi="63" ten="30,5800,0" yaku="8,1,52,1,54,1" doraHai="135,55" who="0" fromWho="1" sc="181,58,215,-58,439,0,165,0" />
</Scene>
<Scene>
<INIT seed="4,1,0,0,5,97" ten="239,157,439,165" oya="0" hai0="53,115,70,100,29,85,12,120,130,16,98,18,96" hai1="71,22,123,10,99,6,80,14,69,78,112,24,27" hai2="46,34,7,105,0,68,132,63,87,45,39,25,9" hai3="20,119,131,21,47,56,30,48,122,11,77,19,102"/><T134/><D120/><U118/><E123/><V66/><F87/><W127/><G122/><T95/><D115/><U107/><E118/><V128/><F46/><W67/><G119/><T36/><D130/><U83/><E112/><V75/><F128/><W38/><G38/><T17/><D134/><U15/><E15/><V109/><F132/><W37/><G37/><T74/><D74/><U91/><E80/><V121/><F109/><W61/><G127/><T33/><D36/><U104/><E27/><V126/><F121/><W106/><G131/><T60/><D85/><U72/><E91/><V41/><F126/><W58/><G77/><T1/><D1/><U93/><E93/><V133/><F133/><W50/><G11/><T2/><D2/><U55/><E55/><V101/><F75/><W42/><G106/><N who="0" m="63751" /><D53/><U116/><E116/><V125/><F125/><W110/><G110/><T23/><D95/><U88/><E88/><V103/><REACH who="2" step="1"/><F105/><REACH who="2" ten="239,157,429,165" step="2"/><W43/><G47/><T129/><D129/><U113/><E113/><V40/><F40/><W13/><G43/><T90/><D98/><U62/><E99/><V65/><F65/><W84/><G42/><T59/><D90/><U57/><E104/><V111/><F111/><W35/><G84/><T52/><D52/><N who="1" m="34087" /><E107/><V73/><F73/><W44/><G44/><T81/><D81/><U124/><E124/><V89/><F89/><W51/><G67/><N who="0" m="41319" /><D59/><U26/><E71/><V117/><F117/><W108/><G58/><T31/><D31/><AGARI ba="1,1" hai="0,7,9,25,31,34,39,41,45,63,66,68,101,103" machi="31" ten="40,8000,1" yaku="1,1,52,2,53,1" doraHai="97" doraHaiUra="28" who="2" fromWho="0" sc="239,-83,157,0,429,93,165,0" />
</Scene>
<Scene>
<INIT seed="5,0,0,1,5,96" ten="156,157,522,165" oya="1" hai0="111,74,15,26,0,46,8,30,7,55,69,101,51" hai1="43,87,65,39,47,44,80,108,37,84,59,25,63" hai2="3,57,97,18,88,19,114,110,6,131,86,115,17" hai3="23,40,93,42,32,135,45,89,49,98,78,105,31"/><U134/><E134/><V75/><F110/><W61/><G32/><T64/><D111/><U12/><E108/><V107/><F75/><W118/><G105/><T85/><D74/><U76/><E25/><V9/><F131/><W24/><G135/><T35/><D85/><U71/><E84/><V77/><F77/><W121/><G121/><T129/><D129/><U128/><E128/><V2/><F2/><W72/><G118/><T90/><D90/><U33/><E33/><V70/><F70/><W50/><G61/><T52/><D69/><U95/><E95/><V92/><F57/><W117/><G117/><T99/><D64/><U66/><E71/><V68/><F68/><W82/><G42/><T102/><D99/><U56/><E12/><V16/><F107/><W1/><G1/><T125/><D125/><U67/><E59/><V119/><F119/><W100/><REACH who="3" step="1"/><G89/><REACH who="3" ten="156,157,522,155" step="2"/><T133/><D133/><U132/><E132/><V62/><F88/><W28/><G28/><T130/><D130/><U94/><E94/><V11/><F92/><W34/><G34/><T81/><D81/><U10/><E10/><V104/><F9/><W113/><G113/><T60/><D60/><U14/><E14/><V21/><F62/><W109/><G109/><T38/><D38/><AGARI ba="0,1" hai="23,24,31,38,40,45,49,50,72,78,82,93,98,100" machi="38" ten="30,7700,0" yaku="1,1,7,1,52,1,53,1" doraHai="96" doraHaiUra="20" who="3" fromWho="0" sc="156,-77,157,0,522,0,155,87" />
</Scene>
<Scene>
<INIT seed="6,0,0,2,0,35" ten="79,157,522,242" oya="2" hai0="26,114,96,48,8,101,7,125,116,85,90,131,106" hai1="59,92,110,70,4,100,78,104,109,6,74,89,118" hai2="127,1,28,51,68,12,36,72,14,91,84,19,27" hai3="76,30,58,119,103,98,105,17,133,88,20,69,120"/><V117/><F68/><W66/><G119/><T34/><D131/><U75/><E70/><V60/><F72/><N who="1" m="27689" /><E59/><V40/><F36/><W45/><G69/><T25/><D114/><U77/><E4/><V121/><F121/><W5/><G30/><T73/><D125/><U21/><E21/><V23/><F127/><W44/><G5/><T132/><D132/><U65/><E65/><V87/><F1/><W2/><G133/><T61/><D116/><U22/><E22/><V32/><F60/><W79/><G120/><T95/><D61/><U93/><E6/><V57/><F57/><W134/><G134/><T0/><D34/><U112/><E118/><V71/><F71/><W126/><G58/><T63/><D63/><U111/><E112/><V53/><F28/><W43/><G45/><T29/><D29/><U3/><E3/><V86/><F40/><W128/><G2/><T49/><D48/><U39/><E39/><V122/><F32/><W135/><G66/><T37/><D49/><U13/><E13/><V130/><F51/><W115/><G126/><T31/><D31/><U18/><E18/><V47/><F47/><W11/><G115/><T107/><D73/><U54/><E54/><V108/><F53/><W10/><G44/><T9/><D37/><U129/><E129/><V94/><F130/><W15/><G43/><T81/><REACH who="0" step="1"/><D9/><REACH who="0" ten="69,157,522,242" step="2"/><N who="3" m="3081" /><G128/><T38/><D38/><U55/><E110/><V46/><F108/><W124/><G124/><T80/><D80/><U102/><E109/><V83/><F117/><W99/><G135/><T41/><D41/><U16/><E111/><RYUUKYOKU ba="0,1" sc="69,15,157,-15,522,-15,242,15" hai0="0,7,8,25,26,81,85,90,95,96,101,106,107" hai3="15,17,20,76,79,88,98,99,103,105" />
</Scene>
<Scene>
<INIT seed="7,1,1,4,2,28" ten="84,142,507,257" oya="3" hai0="68,100,6,117,135,62,123,66,63,105,2,107,125" hai1="18,80,30,78,86,36,4,13,25,74,98,96,132" hai2="94,48,111,23,127,16,103,7,31,34,87,10,52" hai3="116,115,64,91,93,1,84,112,26,29,3,24,39"/><W33/><G116/><T81/><D117/><U97/><E36/><V104/><F104/><W133/><G39/><T56/><D123/><U75/><E4/><V83/><F111/><W110/><G110/><T55/><D135/><U92/><E132/><V114/><F114/><N who="3" m="43563" /><G133/><T77/><D125/><U95/><E75/><V85/><F127/><W128/><G64/><T53/><D100/><U35/><REACH who="1" step="1"/><E74/><REACH who="1" ten="84,132,507,257" step="2"/><V44/><F48/><W50/><G50/><T19/><D55/><U122/><E122/><V9/><F44/><W20/><G128/><T0/><D6/><U124/><E124/><V32/><F94/><W43/><G43/><T130/><D130/><U79/><E79/><V59/><F87/><W65/><G65/><T47/><D47/><U99/><N who="1" m="24576" /><DORA hai="60" /><U90/><E90/><V57/><F23/><AGARI ba="1,2" hai="13,18,23,25,30,35,78,80,86,92,95" m="24576" machi="23" ten="50,3200,0" yaku="1,1,52,1,53,0" doraHai="28,60" doraHaiUra="120,108" who="1" fromWho="2" sc="84,0,132,55,507,-35,257,0" owari="84,-42.0,187,-21.0,472,57.0,257,6.0" />
</Scene>
</mjloggm>