<mjloggm ver="2.3"><GO type="169" lobby="0"/><UN n0="%E3%81%B2%E3%81%AA%E3%81%9F%E5%BD%B1%E4%B8%B8" n1="%E3%81%9B%E3%81%B6%E3%82%93%E3%81%A4%E3%81%84%E3%82%93" n2="%E3%83%A6%E3%83%B3%E3%82%B1%E3%83%AB" n3="%E5%A4%AA%E3%81%8F%E3%81%AA%E3%81%84%E3%81%8A" dan="16,16,16,18" rate="2017.75,2090.92,2079.41,2153.82" sx="M,M,M,M"/><TAIKYOKU oya="0"/>

<Scene>
<INIT seed="0,0,0,1,3,14" ten="250,250,250,250" oya="0" hai0="126,60,19,107,8,86,119,11,48,74,114,47,25" hai1="42,33,53,26,122,81,97,5,57,34,30,31,41" hai2="85,110,106,94,95,27,61,7,45,93,125,2,13" hai3="51,67,32,77,72,56,37,46,28,16,84,99,82"/><T87/><D119/><U91/><E122/><V21/><F110/><W79/><G37/><T104/><D114/><U92/><E5/><V1/><F125/><W75/><G32/><T103/><D74/><U117/><E117/><V17/><F106/><W23/><G28/><T68/><D126/><U109/><E109/><V69/><F45/><W38/><G38/><T18/><D104/><U0/><E0/><V89/><F69/><W88/><G72/><T124/><D107/><U29/><E81/><V102/><F61/><N who="3" m="38311" /><G99/><T55/><D68/><U20/><E34/><V105/><F105/><W111/><G75/><T118/><D118/><U115/><E115/><V127/><F127/><W120/><G120/><T130/><D124/><U9/><E9/><N who="0" m="3657" /><D130/><U70/><E70/><V73/><F73/><W50/><G111/><T63/><D103/><U131/><E131/><V39/><F39/><W66/><G66/><T12/><D25/><U64/><E64/><V22/><F7/><W135/><G135/><T98/><D98/><U108/><E108/><V100/><F2/><W112/><G112/><T128/><D128/><U83/><E33/><V101/><REACH who="2" step="1"/><F1/><REACH who="2" ten="250,250,240,250" step="2"/><W71/><G71/><T15/><D63/><N who="1" m="36271" /><E83/><V133/><F133/><W24/><G51/><T90/><D60/><U36/><E36/><V3/><F3/><W116/><G116/><T65/><D65/><U123/><E123/><V129/><F129/><W59/><G59/><T44/><D44/><U96/><E96/><V58/><F58/><W80/><G80/><N who="0" m="49479" /><D87/><U76/><E76/><V35/><F35/><W54/><AGARI ba="0,1" hai="16,23,24,46,50,54,77,79,82,84,88" m="38311" machi="54" ten="30,8000,1" yaku="5,1,8,1,52,1,54,2" doraHai="14" who="3" fromWho="3" sc="250,-40,250,-20,240,-20,250,90" />
</Scene>
<Scene>
<INIT seed="1,0,0,4,3,114" ten="210,230,220,340" oya="1" hai0="24,16,26,105,6,102,112,42,79,98,4,38,95" hai1="59,18,54,50,130,37,9,125,81,69,120,77,70" hai2="61,84,97,13,17,90,33,45,34,68,62,116,55" hai3="23,132,30,3,91,110,134,88,131,129,92,20,94"/><U19/><E37/><V32/><F116/><W118/><G3/><T96/><D112/><U60/><E120/><V52/><F97/><W31/><G110/><T66/><D38/><U39/><E39/><V57/><F68/><W15/><G15/><T123/><D42/><U133/><E130/><V10/><F45/><W126/><G126/><T40/><D40/><U117/><E117/><AGARI ba="0,0" hai="20,23,30,31,88,91,92,94,117,118,129,131,132,134" machi="117" ten="25,8000,1" yaku="22,2,52,2,54,1" doraHai="114" who="3" fromWho="1" sc="210,0,230,-80,220,0,340,80" />
</Scene>
<Scene>
<INIT seed="2,0,0,0,3,120" ten="210,150,220,420" oya="2" hai0="76,27,29,105,70,66,10,43,5,45,96,128,34" hai1="78,94,63,86,95,107,48,3,25,71,50,118,16" hai2="11,44,109,30,60,49,4,38,82,134,92,106,83" hai3="131,42,91,103,33,127,52,115,37,130,77,123,93"/><V7/><F106/><W47/><G123/><T51/><D128/><N who="3" m="49193" /><G33/><T56/><D76/><U9/><E107/><V23/><F38/><W119/><G119/><T14/><D70/><U111/><E118/><V121/><F121/><W69/><G69/><T32/><D105/><U18/><E111/><V54/><F134/><W26/><G103/><T20/><D96/><U104/><E104/><V84/><F109/><W19/><G77/><T88/><D66/><U122/><E122/><V135/><F135/><W116/><G116/><T85/><REACH who="0" step="1"/><D56/><REACH who="0" ten="200,150,220,420" step="2"/><U74/><E71/><V36/><F84/><W68/><G68/><T129/><D129/><U64/><E74/><V53/><F92/><AGARI ba="0,1" hai="5,10,14,20,27,29,32,34,43,45,51,85,88,92" machi="92" ten="30,7700,0" yaku="1,1,7,1,54,1,53,1" doraHai="120" doraHaiUra="22" who="0" fromWho="2" sc="200,87,150,0,220,-77,420,0" />
</Scene>
<Scene>
<INIT seed="3,0,0,2,5,70" ten="287,150,143,420" oya="3" hai0="125,6,27,77,53,42,21,9,87,45,73,83,48" hai1="68,118,54,40,64,31,115,123,51,71,134,20,69" hai2="84,23,47,28,26,5,97,16,117,132,98,4,133" hai3="30,61,38,72,56,130,14,85,24,39,65,93,18"/><W86/><G72/><T57/><D125/><U60/><E123/><V124/><F124/><W58/><G130/><T79/><D73/><U62/><E115/><V25/><F117/><W105/><G105/><T92/><D92/><U107/><E107/><V52/><F84/><W2/><G2/><T44/><D77/><U74/><E74/><V22/><F47/><W7/><G7/><T112/><D112/><U33/><E33/><V35/><F35/><W88/><G58/><T119/><D119/><U80/><E118/><V120/><F120/><W43/><G43/><T17/><REACH who="0" step="1"/><D42/><REACH who="0" ten="277,150,143,420" step="2"/><U116/><E116/><V76/><F76/><W41/><G41/><T96/><D96/><U104/><E40/><V102/><F98/><W49/><G86/><T113/><D113/><U11/><E104/><V101/><F97/><W10/><G49/><T63/><D63/><U82/><E62/><V36/><F36/><W0/><G0/><AGARI ba="0,1" hai="0,6,9,17,21,27,44,45,48,53,57,79,83,87" machi="0" ten="30,2000,0" yaku="1,1,7,1,53,0" doraHai="70" doraHaiUra="89" who="0" fromWho="3" sc="277,30,150,0,143,0,420,-20" />
</Scene>
<Scene>
<INIT seed="4,0,0,2,5,83" ten="307,150,143,400" oya="0" hai0="4,86,76,36,69,93,133,15,21,35,31,58,75" hai1="99,6,5,22,55,111,102,60,98,65,46,26,29" hai2="24,2,134,88,135,109,64,91,108,78,8,101,39" hai3="41,124,61,97,51,40,48,20,68,89,103,104,106"/><T122/><D69/><U44/><E111/><N who="2" m="42571" /><F64/><W12/><G106/><T70/><D122/><U80/><E99/><V79/><F24/><W32/><G124/><T100/><D70/><U19/><E46/><V56/><F56/><W107/><G107/><T47/><D133/><N who="2" m="50698" /><F39/><W94/><G32/><T49/><D36/><U121/><E121/><V27/><F27/><W62/><G48/><T81/><D58/><N who="1" m="37015" /><E19/><V90/><F8/><W30/><G30/><T52/><D35/><U37/><E37/><V130/><F2/><W132/><G132/><T131/><D75/><U18/><E18/><V1/><F1/><W72/><G72/><T113/><D113/><U84/><E55/><V11/><F11/><W77/><G41/><T129/><D4/><U127/><E44/><V33/><F33/><W53/><G40/><T42/><D42/><U118/><E127/><V96/><F130/><N who="0" m="49674" /><D15/><U126/><E126/><V123/><F123/><W34/><G34/><T63/><D63/><U73/><E6/><V43/><F43/><W112/><G68/><T59/><D47/><U50/><E5/><V95/><AGARI ba="0,0" hai="78,79,88,90,91,95,96,101" m="50698,42571" machi="95" ten="40,8000,1" yaku="20,1,34,2,54,1" doraHai="83" who="2" fromWho="2" sc="307,-40,150,-20,143,80,400,-20" />
</Scene>
<Scene>
<INIT seed="5,0,0,5,5,72" ten="267,130,223,380" oya="1" hai0="47,132,10,64,102,89,9,14,106,126,135,112,24" hai1="53,39,29,86,38,85,8,62,37,31,46,15,34" hai2="99,54,107,68,81,56,96,7,120,119,78,79,87" hai3="40,26,75,97,27,65,116,84,20,93,70,122,23"/><U100/><E100/><V28/><F68/><W18/><G75/><T95/><D64/><U59/><E46/><V103/><F120/><W17/><G122/><T22/><D112/><U101/><E101/><V60/><F119/><W52/><G40/><T123/><D123/><U74/><E74/><V1/><F99/><W6/><G116/><T131/><D106/><U104/><E104/><V25/><F7/><W58/><G6/><T2/><D102/><U19/><REACH who="1" step="1"/><E34/><REACH who="1" ten="267,120,223,380" step="2"/><V124/><F124/><W128/><G128/><T45/><D126/><U121/><E121/><V129/><F129/><W108/><G108/><T71/><D131/><U127/><E127/><V63/><F1/><W90/><G70/><T49/><D2/><U91/><E91/><V43/><F43/><W66/><G84/><AGARI ba="0,1" hai="8,15,19,29,31,37,38,39,53,59,62,84,85,86" machi="84" ten="40,2000,0" yaku="1,1,53,0" doraHai="72" doraHaiUra="33" who="1" fromWho="3" sc="267,0,120,30,223,0,380,-20" />
</Scene>
<Scene>
<INIT seed="5,1,0,5,5,15" ten="267,150,223,360" oya="1" hai0="66,121,55,54,27,42,37,87,50,26,48,117,53" hai1="51,40,30,31,131,29,113,4,130,12,96,123,116" hai2="17,74,134,111,79,132,60,84,52,127,110,25,95" hai3="107,81,35,0,125,61,109,56,99,128,20,46,57"/><U94/><E123/><V3/><F3/><W22/><G109/><T6/><D121/><U93/><E116/><V14/><F25/><W100/><G35/><T28/><D117/><U16/><E113/><V69/><F127/><W106/><G0/><T19/><D37/><U44/><E4/><V33/><F33/><W1/><G1/><T38/><D38/><U21/><REACH who="1" step="1"/><E93/><REACH who="1" ten="267,140,223,360" step="2"/><V78/><F95/><W65/><G125/><T119/><D6/><U82/><E82/><V115/><F115/><W91/><G81/><T105/><D119/><U41/><E41/><V71/><F110/><W24/><G106/><T36/><D105/><U72/><E72/><V43/><F43/><W135/><G107/><T92/><D42/><U39/><E39/><V32/><F111/><W80/><G80/><T68/><D36/><U124/><E124/><V76/><F74/><W85/><G128/><T5/><D92/><U47/><E47/><V59/><F32/><W103/><G46/><T8/><D5/><U120/><E120/><V62/><F134/><W114/><G135/><T34/><D34/><U49/><E49/><V23/><F132/><W2/><G114/><T7/><D7/><U9/><E9/><V67/><REACH who="2" step="1"/><F84/><REACH who="2" ten="267,140,213,360" step="2"/><W58/><G85/><T88/><D87/><U118/><E118/><V122/><F122/><W77/><G2/><T11/><D50/><U90/><AGARI ba="1,2" hai="12,16,21,29,30,31,40,44,51,90,94,96,130,131" machi="90" ten="30,12000,1" yaku="1,1,0,1,52,1,54,1,53,1" doraHai="15" doraHaiUra="45" who="1" fromWho="1" sc="267,-41,140,143,213,-41,360,-41" />
</Scene>
<Scene>
<INIT seed="5,2,0,2,4,81" ten="226,283,172,319" oya="1" hai0="96,2,58,37,63,99,102,123,108,95,91,82,128" hai1="38,109,100,25,71,117,126,79,52,116,5,135,21" hai2="11,15,85,4,48,113,34,103,32,53,3,125,61" hai3="118,68,31,47,10,49,20,107,45,111,57,122,98"/><U30/><E38/><V133/><F125/><W90/><G111/><T23/><D2/><U94/><E71/><V55/><F133/><W27/><G68/><T67/><D37/><U121/><E121/><V9/><F113/><W43/><G122/><T132/><D123/><U78/><E135/><V44/><F103/><W112/><G112/><T8/><D132/><U93/><E126/><V6/><F61/><W24/><G118/><T65/><D108/><U0/><E109/><V40/><F34/><W66/><G10/><T106/><D128/><U7/><E0/><V73/><F73/><W115/><G115/><T120/><D120/><U131/><E131/><V39/><F32/><W17/><G107/><T72/><D8/><U87/><E117/><V14/><F3/><W77/><G77/><N who="1" m="29194" /><E116/><V62/><F62/><N who="3" m="38223" /><G45/><T16/><D72/><U124/><E124/><V12/><F39/><W104/><G104/><T92/><D82/><U22/><E22/><V29/><F29/><W97/><G90/><T130/><D130/><U89/><E52/><V54/><F14/><N who="3" m="9271" /><G31/><T1/><D1/><U114/><E114/><V59/><F59/><W76/><G76/><T74/><D74/><U83/><E100/><V50/><F50/><W127/><G127/><T84/><D106/><U129/><E129/><V35/><F35/><W119/><G119/><T110/><D110/><U42/><E42/><V69/><F69/><W64/><G64/><T86/><REACH who="0" step="1"/><D67/><REACH who="0" ten="216,283,172,319" step="2"/><U41/><E41/><V13/><F13/><AGARI ba="2,1" hai="13,16,23,58,63,65,84,86,91,92,95,96,99,102" machi="13" ten="30,12000,2" yaku="1,1,2,1,7,1,8,1,52,2,54,1,53,0" doraHai="81" doraHaiUra="33" who="0" fromWho="2" sc="216,136,283,0,172,-126,319,0" />
</Scene>
<Scene>
<INIT seed="6,0,0,2,2,85" ten="352,283,46,319" oya="2" hai0="44,53,58,123,133,110,125,84,102,90,0,93,76" hai1="40,103,80,52,45,50,115,55,65,30,116,49,66" hai2="26,61,27,8,124,92,95,6,119,28,74,130,51" hai3="117,22,37,15,63,33,47,82,83,97,72,109,129"/><V131/><F119/><W10/><G117/><T9/><D123/><U57/><E116/><V29/><F74/><W46/><G33/><T113/><D110/><U4/><E115/><V31/><F51/><W111/><G129/><N who="2" m="49161" /><F61/><W32/><G32/><T78/><D113/><U89/><E30/><N who="2" m="7683" /><V73/><DORA hai="87" /><F73/><W118/><G118/><T127/><D133/><U112/><E103/><V5/><F124/><N who="0" m="47690" /><D44/><N who="1" m="25863" /><E4/><N who="2" m="1643" /><F8/><W68/><G10/><T3/><D102/><U96/><E112/><V79/><F79/><N who="0" m="30250" /><D9/><U62/><E80/><V7/><N who="2" m="1651" /><V2/><DORA hai="98" /><F2/><W75/><G82/><T104/><D104/><U41/><E66/><V122/><F122/><W132/><G83/><T39/><D39/><U36/><E36/><V114/><F114/><W21/><G37/><T19/><D3/><U134/><E134/><V91/><F95/><AGARI ba="0,0" hai="41,45,49,52,55,57,62,65,89,95,96" m="25863" machi="95" ten="30,7700,0" yaku="8,1,52,2,54,1" doraHai="85,87,98" who="1" fromWho="2" sc="352,0,283,77,46,-77,319,0" owari="352,15.0,360,46.0,-31,-53.0,319,-8.0" />
</Scene>
</mjloggm>