<mjloggm ver="2.3"><GO type="169" lobby="0"/><UN n0="%EF%BC%88%EF%BC%BE%D0%94%EF%BC%BE%EF%BC%89" n1="%47%2D%6E%65%74" n2="%E5%A4%AA%E3%81%8F%E3%81%AA%E3%81%84%E3%81%8A" n3="%E3%83%86%E3%83%AA%E3%82%84%E3%81%8D%E3%83%90%E3%83%BC%E3%82%AC%E3%83%BC" dan="16,16,17,16" rate="2126.65,2024.35,2213.38,2101.63" sx="M,M,M,M"/><TAIKYOKU oya="0"/>

<Scene>
<INIT seed="0,0,0,0,2,134" ten="250,250,250,250" oya="0" hai0="80,52,13,39,22,95,66,36,44,32,67,10,0" hai1="77,61,91,1,84,121,35,19,34,14,58,6,23" hai2="24,41,21,100,103,4,82,109,88,115,114,46,31" hai3="2,42,133,93,9,117,123,38,119,107,108,131,57"/><T69/><D32/><U73/><E121/><V128/><F109/><W124/><RYUUKYOKU type="yao9" ba="0,0" sc="250,0,250,0,250,0,250,0" hai3="2,9,38,42,57,93,107,108,117,119,123,124,131,133" />
</Scene>
<Scene>
<INIT seed="0,1,0,3,3,21" ten="250,250,250,250" oya="0" hai0="125,80,36,52,135,54,103,5,45,18,10,58,40" hai1="108,68,93,28,46,127,119,7,24,59,116,126,129" hai2="48,128,2,57,96,88,133,44,115,134,85,33,0" hai3="124,92,29,14,81,47,86,1,20,11,110,74,77"/><T118/><D118/><U56/><E108/><V113/><F128/><W67/><G110/><T130/><D130/><U25/><E129/><V55/><F33/><W43/><G124/><N who="1" m="47658" /><E7/><V89/><F96/><W12/><G1/><N who="2" m="617" /><F44/><W111/><G67/><T95/><D125/><U64/><E46/><V101/><F101/><W123/><G123/><T82/><D135/><N who="2" m="51722" /><F89/><W69/><G69/><T19/><D54/><U91/><E68/><V62/><F62/><W72/><G72/><T35/><D35/><U42/><E42/><V99/><F99/><W27/><G111/><T105/><D105/><U61/><E59/><V22/><F22/><W49/><REACH who="3" step="1"/><G11/><REACH who="3" ten="250,250,250,240" step="2"/><T120/><D120/><U34/><E119/><V4/><F4/><W84/><G84/><T117/><D10/><U107/><E116/><V15/><F15/><W65/><G65/><T32/><D5/><U66/><E66/><V131/><F131/><W87/><G87/><T50/><D117/><U102/><E34/><V60/><F60/><W6/><G6/><T83/><REACH who="0" step="1"/><D32/><REACH who="0" ten="240,250,250,240" step="2"/><U114/><E107/><V31/><F115/><W8/><G8/><T23/><D23/><U100/><E114/><V106/><F113/><W30/><G30/><T37/><D37/><U75/><E28/><V26/><F106/><W53/><G53/><T78/><D78/><U76/><E76/><V38/><F38/><W41/><G41/><T17/><D17/><U13/><E13/><V70/><F31/><W104/><G104/><T90/><D90/><AGARI ba="1,2" hai="12,14,20,27,29,43,47,49,74,77,81,86,90,92" machi="90" ten="40,2600,0" yaku="1,1,52,1,53,0" doraHai="21" doraHaiUra="112" who="3" fromWho="0" sc="240,-29,250,0,250,0,240,49" />
</Scene>
<Scene>
<INIT seed="1,0,0,1,0,11" ten="211,250,250,289" oya="1" hai0="106,107,21,77,117,36,132,122,114,54,92,8,115" hai1="72,70,125,51,119,83,37,12,40,18,82,104,116" hai2="59,56,96,73,22,10,68,111,66,41,46,75,15" hai3="34,55,62,121,57,110,25,65,64,131,95,23,27"/><U26/><E125/><V84/><F111/><W5/><G121/><T74/><D117/><U7/><E104/><V4/><F96/><W134/><G110/><T3/><D122/><U120/><E70/><V112/><F112/><W63/><G131/><T38/><D132/><U31/><E37/><N who="0" m="14441" /><D92/><U17/><E7/><V42/><F68/><W81/><G134/><T127/><D54/><U99/><E99/><V135/><F135/><W98/><G81/><N who="0" m="45239" /><D21/><U93/><E120/><V35/><F35/><W101/><G5/><N who="0" m="1087" /><D115/><U102/><E93/><V0/><F84/><W78/><G78/><T30/><D114/><U100/><E72/><V16/><F56/><W28/><G63/><T113/><D113/><U85/><E85/><V88/><F88/><W103/><G103/><T91/><D91/><U109/><E109/><V80/><F80/><W97/><G97/><T86/><D86/><U32/><E119/><V94/><F94/><W39/><G39/><T6/><D6/><U48/><E116/><V58/><F58/><W14/><G64/><T105/><D30/><U108/><E108/><V89/><F89/><W60/><G60/><T126/><AGARI ba="0,0" hai="105,106,107,126,127" m="1087,45239,14441" machi="126" ten="40,1500,0" yaku="23,1" doraHai="11" who="0" fromWho="0" sc="211,15,250,-7,250,-4,289,-4" />
</Scene>
<Scene>
<INIT seed="2,0,0,3,5,96" ten="226,243,246,285" oya="2" hai0="131,118,83,48,58,4,44,41,119,107,130,56,90" hai1="33,87,80,77,38,28,104,129,20,113,10,68,53" hai2="6,19,37,128,5,135,91,57,55,1,17,112,69" hai3="110,16,61,62,34,111,106,2,93,127,89,22,25"/><V32/><F69/><W14/><G127/><T100/><D4/><N who="2" m="1642" /><F32/><W126/><G126/><T125/><D125/><U24/><E113/><V101/><F37/><W11/><G106/><T124/><D124/><U74/><E129/><N who="0" m="49161" /><D90/><U105/><E38/><V123/><F1/><W95/><G2/><T63/><D83/><U36/><E68/><V60/><F123/><W30/><G34/><T81/><D81/><U120/><E120/><V97/><F112/><W70/><G93/><T117/><D63/><U9/><E33/><V79/><F128/><W132/><G132/><T54/><D41/><U40/><E74/><V59/><F79/><W133/><G133/><T94/><D94/><U65/><E65/><N who="2" m="39055" /><F135/><W98/><G70/><T49/><D48/><U78/><E36/><V21/><F91/><W134/><G134/><T114/><D114/><U31/><E78/><V0/><F0/><W108/><AGARI ba="0,0" hai="11,14,16,22,25,30,61,62,89,95,98,108,110,111" machi="108" ten="30,4000,0" yaku="0,1,14,1,54,1" doraHai="96" who="3" fromWho="3" sc="226,-10,243,-10,246,-20,285,40" />
</Scene>
<Scene>
<INIT seed="3,0,0,5,1,19" ten="216,233,226,325" oya="3" hai0="102,11,48,115,96,39,123,93,26,134,60,80,42" hai1="3,64,52,70,51,126,14,88,56,37,1,20,7" hai2="119,47,58,43,77,66,81,2,131,27,118,104,106" hai3="87,74,6,135,130,99,22,4,33,122,28,53,50"/><W112/><G112/><T90/><D123/><U65/><E37/><V35/><F2/><W36/><G36/><T59/><D39/><U121/><E121/><V29/><F131/><W18/><G122/><T46/><D134/><U128/><E128/><V5/><F5/><W15/><G130/><T116/><D115/><U117/><E126/><V75/><F58/><W107/><G74/><T40/><D116/><U38/><E38/><N who="2" m="22007" /><F66/><W83/><G135/><T125/><D125/><U72/><E72/><V24/><F24/><W49/><G28/><T17/><D40/><U63/><E65/><V32/><F32/><W79/><G33/><T68/><D68/><U61/><E61/><V85/><F85/><W82/><G82/><T21/><D11/><U78/><E117/><AGARI ba="0,0" hai="27,29,35,75,77,81,104,106,117,118,119" m="22007" machi="117" ten="30,1000,0" yaku="23,1" doraHai="19" who="2" fromWho="1" sc="216,0,233,-10,226,10,325,0" />
</Scene>
<Scene>
<INIT seed="4,0,0,2,4,80" ten="216,223,236,325" oya="0" hai0="4,106,63,119,133,25,21,107,116,113,5,90,134" hai1="117,95,23,56,51,32,3,85,102,78,66,45,96" hai2="46,48,16,47,67,2,109,124,61,18,76,122,35" hai3="30,55,81,52,98,64,87,11,9,60,83,94,91"/><T105/><D113/><U38/><E32/><V129/><F109/><W103/><G30/><N who="0" m="17711" /><D63/><N who="1" m="38247" /><E38/><V127/><F122/><W37/><G37/><T13/><D90/><U93/><E3/><V92/><F2/><W100/><G100/><T62/><D62/><U28/><E117/><N who="0" m="45129" /><D13/><U20/><E28/><V36/><F76/><W58/><G81/><T110/><D110/><U24/><E24/><V68/><F92/><W43/><G43/><T128/><D128/><U82/><E93/><V34/><F36/><W40/><G40/><AGARI ba="0,0" hai="20,23,40,45,51,78,82,85,95,96,102" m="38247" machi="40" ten="30,2000,0" yaku="8,1,52,1" doraHai="80" who="1" fromWho="3" sc="216,0,223,20,236,0,325,-20" />
</Scene>
<Scene>
<INIT seed="5,0,0,2,1,7" ten="216,243,236,305" oya="1" hai0="135,13,93,102,45,80,117,73,130,115,113,61,1" hai1="116,64,28,58,30,32,49,105,29,53,126,31,103" hai2="12,110,0,77,94,104,38,85,39,44,128,6,63" hai3="109,16,125,91,4,72,27,108,74,17,34,97,81"/><U42/><E116/><V59/><F104/><W87/><G125/><T69/><D1/><U66/><E126/><V46/><F0/><W114/><G114/><N who="0" m="43531" /><D117/><U83/><E83/><N who="2" m="47343" /><F39/><W121/><G121/><T65/><D135/><U79/><E79/><V54/><F38/><W84/><G97/><N who="0" m="59695" /><D130/><U133/><E133/><V3/><F3/><W60/><G60/><T20/><D45/><U52/><E42/><V118/><F110/><W18/><G4/><T95/><D95/><U120/><E120/><V67/><F118/><W36/><G36/><T129/><D129/><U48/><E105/><V47/><F128/><W19/><G109/><T24/><D13/><U50/><E103/><V107/><F107/><W132/><G132/><T43/><D43/><U5/><E31/><V76/><F76/><W57/><G108/><T51/><D51/><U33/><E5/><V75/><F75/><W21/><G74/><T56/><D80/><U10/><E10/><N who="2" m="4183" /><F94/><W112/><G112/><T92/><D92/><U123/><E123/><V119/><F119/><W96/><G34/><N who="1" m="13418" /><E58/><V26/><F26/><W62/><G72/><T101/><D73/><U78/><E78/><V122/><F122/><W8/><G81/><T9/><D69/><U89/><E89/><V14/><F14/><W35/><G35/><T98/><D101/><U11/><E11/><V124/><F124/><W134/><G134/><T100/><D100/><U90/><E90/><V88/><F88/><W37/><G37/><T82/><D9/><U22/><E22/><V106/><F106/><W71/><G8/><T25/><D20/><RYUUKYOKU ba="0,0" sc="216,-15,243,15,236,15,305,-15" hai1="28,29,30,48,49,50,52,53,64,66" hai2="44,46,47,54,59,63,67" />
</Scene>
<Scene>
<INIT seed="5,1,0,3,5,26" ten="201,258,251,290" oya="1" hai0="50,112,115,1,12,120,57,58,90,89,55,2,65" hai1="74,134,103,33,129,98,47,126,43,68,25,133,13" hai2="88,105,86,135,111,15,81,107,131,38,64,118,76" hai3="117,116,27,24,104,124,16,102,99,87,125,79,63"/><U82/><E126/><N who="3" m="48746" /><G63/><T71/><D71/><U59/><E129/><V67/><F111/><W121/><G121/><T110/><D110/><U75/><E13/><V56/><F118/><N who="3" m="45675" /><G16/><T0/><D120/><U61/><E68/><V78/><F38/><W46/><G46/><T37/><D37/><U54/><E82/><AGARI ba="1,0" hai="24,27,79,82,87,99,102,104" m="45675,48746" machi="82" ten="30,2000,0" yaku="18,1,12,1" doraHai="26" who="3" fromWho="1" sc="201,0,258,-23,251,0,290,23" />
</Scene>
<Scene>
<INIT seed="6,0,0,4,2,5" ten="201,235,251,313" oya="2" hai0="79,93,92,130,48,87,73,14,81,6,134,28,30" hai1="36,16,37,106,1,3,97,132,67,43,91,80,118" hai2="77,17,61,13,102,84,78,96,11,15,55,56,95" hai3="117,23,125,108,88,126,119,12,42,107,0,76,49"/><V59/><F84/><W26/><G107/><T62/><D130/><U32/><E118/><V22/><REACH who="2" step="1"/><F59/><REACH who="2" ten="201,235,241,313" step="2"/><W38/><G119/><T123/><D73/><U129/><E129/><V85/><F85/><W124/><G117/><T116/><D116/><U109/><E132/><V89/><F89/><W31/><G88/><T27/><D134/><U128/><E91/><V21/><F21/><W101/><G23/><T71/><D71/><U40/><E128/><V65/><F65/><W99/><G124/><T4/><D87/><U64/><E64/><V75/><F75/><W34/><G125/><T110/><D79/><U60/><E67/><V33/><F33/><W103/><G34/><T54/><D81/><U46/><E32/><V105/><F105/><W82/><G82/><T50/><D92/><U115/><E80/><V24/><F24/><W10/><G126/><T133/><D27/><U39/><E106/><V18/><AGARI ba="0,1" hai="11,13,15,17,18,22,55,56,61,77,78,95,96,102" machi="18" ten="20,12000,1" yaku="1,1,0,1,7,1,8,1,52,1,53,0" doraHai="5" doraHaiUra="2" who="2" fromWho="2" sc="201,-40,235,-40,241,130,313,-40" />
</Scene>
<Scene>
<INIT seed="6,1,0,1,0,0" ten="161,195,371,273" oya="2" hai0="130,43,63,68,89,69,128,114,133,42,67,30,105" hai1="84,51,131,40,54,72,7,62,22,78,95,79,99" hai2="31,46,32,58,59,104,93,64,108,97,92,9,121" hai3="125,6,77,70,90,116,91,25,52,17,87,12,27"/><V118/><F118/><W4/><G70/><N who="0" m="27243" /><D105/><U135/><E72/><V85/><F121/><W21/><G116/><T126/><D89/><N who="3" m="33801" /><G125/><T109/><D30/><U75/><E75/><V103/><F108/><W127/><G127/><T1/><D1/><U100/><E40/><N who="0" m="15401" /><D126/><U82/><E79/><V106/><F85/><W36/><G36/><T60/><D109/><U2/><E2/><V115/><F46/><W98/><G98/><T66/><D114/><U110/><E110/><V102/><F115/><W11/><G87/><T56/><D133/><U73/><E135/><V81/><F81/><W83/><G83/><T5/><D5/><N who="3" m="2153" /><G77/><T20/><D20/><U18/><E7/><V80/><F80/><W49/><G21/><T41/><N who="0" m="15409" /><T29/><DORA hai="124" /><D29/><U112/><E84/><V61/><F97/><W123/><G123/><T47/><D47/><AGARI ba="1,0" hai="11,12,17,25,27,47,49,52" m="2153,33801" machi="47" ten="30,8000,1" yaku="8,1,52,3,54,1" doraHai="0,124" who="3" fromWho="0" sc="161,-83,195,0,371,0,273,83" />
</Scene>
<Scene>
<INIT seed="7,0,0,5,2,96" ten="78,195,371,356" oya="3" hai0="105,106,38,12,120,118,86,10,134,39,113,124,63" hai1="21,111,121,49,71,80,125,84,114,117,34,126,127" hai2="1,116,2,0,24,64,9,109,25,128,28,41,93" hai3="33,66,58,91,13,11,107,46,35,97,101,45,55"/><W14/><G66/><T133/><D86/><U89/><E34/><V73/><F73/><W6/><G91/><T82/><D63/><U18/><E111/><V8/><F109/><W54/><G14/><T50/><D82/><U53/><E117/><V22/><F116/><W37/><G37/><T30/><D50/><U100/><E114/><V119/><F119/><W48/><REACH who="3" step="1"/><G45/><REACH who="3" ten="78,195,371,346" step="2"/><T88/><D105/><U99/><E121/><V77/><F77/><W61/><AGARI ba="0,1" hai="6,11,13,33,35,46,48,54,55,58,61,97,101,107" machi="61" ten="20,12000,1" yaku="1,1,2,1,0,1,7,1,52,1,53,0" doraHai="96" doraHaiUra="90" who="3" fromWho="3" sc="78,-40,195,-40,371,-40,346,130" owari="38,-46.0,155,-24.0,331,13.0,476,57.0" />
</Scene>
</mjloggm>