<mjloggm ver="2.3"><GO type="169" lobby="0"/><UN n0="%E3%83%8D%E3%83%BC%E3%83%A0%E3%83%AC%E3%82%B9%EF%BC%97" n1="%63%61%6C%6C%33" n2="%E5%A4%AA%E3%81%8F%E3%81%AA%E3%81%84%E3%81%8A" n3="%4F%5A%4B%59" dan="17,17,17,16" rate="2217.56,2164.95,2155.68,2082.50" sx="M,M,M,M"/><TAIKYOKU oya="0"/>

<Scene>
<INIT seed="0,0,0,1,0,22" ten="250,250,250,250" oya="0" hai0="102,115,43,13,128,90,119,105,99,123,103,55,81" hai1="5,126,30,129,21,131,84,87,108,122,60,4,82" hai2="49,3,12,9,42,91,6,83,63,44,130,113,72" hai3="62,127,133,70,73,110,19,65,64,114,80,52,32"/><T50/><D115/><U47/><E122/><V68/><F113/><W14/><G114/><T53/><D123/><U135/><E108/><V124/><F124/><W71/><G32/><T132/><D119/><U48/><E126/><V24/><F130/><W2/><G2/><T31/><D128/><U58/><E135/><V56/><F68/><W98/><G127/><T107/><D132/><U79/><E129/><V67/><F3/><W0/><G0/><T100/><D43/><U11/><E131/><V116/><F116/><W16/><G133/><T89/><D31/><U35/><E35/><V36/><F36/><W61/><G110/><T104/><D13/><U7/><E87/><N who="2" m="50687" /><F72/><W57/><G98/><T74/><D53/><U117/><E117/><V69/><F69/><W33/><G33/><T8/><D8/><U101/><E101/><N who="0" m="39017" /><D55/><U45/><E11/><V40/><F40/><W134/><G14/><T93/><D50/><U51/><E48/><V41/><F41/><W92/><G134/><T17/><D17/><U111/><E51/><V39/><F39/><W18/><G92/><T1/><D1/><U78/><E111/><V28/><F28/><W109/><G109/><T15/><D15/><U125/><E125/><V88/><F24/><W85/><G73/><T112/><D112/><U94/><E94/><V96/><F42/><W26/><G70/><T10/><D10/><U106/><E106/><V46/><F49/><W121/><G121/><T34/><D34/><U76/><E47/><V25/><F25/><W20/><G65/><T59/><D59/><U23/><E45/><RYUUKYOKU ba="0,0" sc="250,10,250,-30,250,10,250,10" hai0="74,81,89,90,93,99,103,104,105,107" hai2="6,9,12,44,46,56,63,67,88,96" hai3="16,18,19,20,26,52,57,61,62,64,71,80,85" />
</Scene>
<Scene>
<INIT seed="0,1,0,4,3,42" ten="260,220,260,260" oya="0" hai0="120,100,57,61,75,22,115,41,108,3,103,33,80" hai1="107,10,4,71,30,64,111,39,113,43,37,79,52" hai2="109,110,70,116,1,60,45,12,88,97,21,132,95" hai3="94,47,13,54,118,25,15,17,29,102,92,9,73"/><T130/><D115/><U14/><E111/><N who="2" m="42507" /><F1/><W59/><G118/><T83/><D108/><U133/><E133/><V35/><F35/><W66/><G73/><T55/><D33/><U131/><E131/><V48/><F132/><W126/><G126/><T122/><D3/><U49/><E107/><V38/><F38/><W23/><G102/><T134/><D134/><U106/><E106/><V63/><F70/><W117/><G117/><T18/><D130/><U85/><E30/><V119/><F63/><N who="3" m="38271" /><G13/><T105/><D41/><U78/><E113/><V27/><F60/><W50/><AGARI ba="1,0" hai="9,15,17,23,25,29,47,50,54,92,94" m="38271" machi="50" ten="30,2000,0" yaku="8,1,52,1" doraHai="42" who="3" fromWho="3" sc="260,-11,220,-6,260,-6,260,23" />
</Scene>
<Scene>
<INIT seed="1,0,0,1,4,39" ten="249,214,254,283" oya="1" hai0="45,22,79,78,60,73,124,71,112,42,9,105,43" hai1="23,131,12,0,135,119,15,36,90,8,80,69,50" hai2="16,59,86,83,7,104,87,19,46,6,96,122,130" hai3="82,61,31,51,44,68,28,92,58,121,75,18,120"/><U88/><E36/><V27/><F122/><W95/><G68/><T57/><D112/><U62/><E119/><V21/><F130/><W94/><G18/><T132/><D71/><U26/><E131/><V100/><F59/><W93/><G75/><T84/><D73/><U52/><E135/><V53/><F19/><W81/><G121/><T40/><D105/><U56/><E0/><V49/><REACH who="2" step="1"/><F87/><REACH who="2" ten="249,214,244,283" step="2"/><W97/><G120/><T114/><D84/><N who="1" m="50183" /><E69/><V17/><F17/><W20/><G97/><T64/><D132/><U118/><E118/><V91/><AGARI ba="0,1" hai="6,7,16,21,27,46,49,53,83,86,91,96,100,104" machi="91" ten="20,5200,0" yaku="1,1,0,1,7,1,54,1,53,0" doraHai="39" doraHaiUra="29" who="2" fromWho="2" sc="249,-13,214,-26,244,62,283,-13" />
</Scene>
<Scene>
<INIT seed="2,0,0,0,4,8" ten="236,188,306,270" oya="2" hai0="68,39,20,92,127,86,96,91,1,45,15,7,49" hai1="61,24,131,104,115,101,75,83,126,56,37,31,116" hai2="51,48,111,130,26,125,53,67,62,99,58,133,30" hai3="80,97,33,44,71,40,14,114,112,78,74,135,134"/><V102/><F125/><W105/><G71/><T132/><D1/><U19/><E116/><V88/><F133/><N who="3" m="50699" /><G33/><T12/><D132/><U123/><E115/><V36/><F36/><N who="3" m="21511" /><G14/><T17/><D68/><U66/><E37/><V79/><F79/><W84/><G84/><T77/><D39/><U108/><E108/><V35/><F111/><W65/><G65/><T93/><D127/><U89/><E126/><V82/><F130/><W64/><G64/><T42/><D77/><U10/><E131/><V57/><F82/><W18/><G18/><T41/><D7/><U70/><E123/><V118/><F118/><W60/><G60/><T3/><D3/><U128/><E128/><V103/><REACH who="2" step="1"/><F51/><REACH who="2" ten="236,188,296,270" step="2"/><W76/><G76/><T54/><REACH who="0" step="1"/><D15/><REACH who="0" ten="226,188,296,270" step="2"/><N who="1" m="7671" /><E75/><V72/><F72/><W113/><G114/><T13/><D13/><U55/><E70/><V11/><F11/><W107/><G113/><T109/><D109/><U34/><E61/><V28/><F28/><W47/><G112/><T95/><D95/><AGARI ba="0,2" hai="26,30,35,48,53,57,58,62,67,88,95,99,102,103" machi="95" ten="40,3900,0" yaku="1,1,54,1,53,0" doraHai="8" doraHaiUra="117" who="2" fromWho="0" sc="226,-39,188,0,296,59,270,0" />
</Scene>
<Scene>
<INIT seed="2,1,0,4,3,68" ten="187,188,355,270" oya="2" hai0="119,11,112,133,9,39,82,88,63,90,111,106,131" hai1="22,124,92,36,120,110,57,14,97,122,40,93,84" hai2="2,81,71,128,100,107,104,125,109,10,60,67,54" hai3="37,102,69,46,24,6,49,135,79,134,41,74,62"/><V56/><F125/><W48/><G102/><T32/><D112/><U127/><E110/><V61/><F128/><W43/><G6/><T19/><D32/><U44/><E57/><V52/><F109/><W35/><G79/><T85/><D111/><U94/><E84/><V95/><F81/><W96/><G96/><T20/><D106/><U3/><E3/><V64/><F95/><N who="1" m="36425" /><E22/><V31/><F31/><N who="3" m="19943" /><G74/><T12/><D131/><U29/><E14/><V25/><F25/><W59/><G43/><T121/><D121/><N who="1" m="46699" /><E29/><V72/><F72/><W58/><G58/><T51/><D119/><U30/><E30/><V87/><F87/><W42/><G42/><T65/><D133/><N who="3" m="50697" /><G69/><T103/><D103/><AGARI ba="1,0" hai="36,40,44,94,97,103,124,127" m="46699,36425" machi="103" ten="30,2000,0" yaku="13,1,52,1" doraHai="68" who="1" fromWho="0" sc="187,-23,188,23,355,0,270,0" />
</Scene>
<Scene>
<INIT seed="3,0,0,0,5,91" ten="164,211,355,270" oya="3" hai0="48,68,16,77,38,21,89,0,98,102,82,7,74" hai1="5,41,129,54,20,85,128,56,75,6,55,64,80" hai2="24,25,3,52,99,4,45,63,84,27,58,42,2" hai3="69,57,76,34,88,114,40,60,131,105,49,108,65"/><W26/><G114/><T30/><D38/><U135/><E75/><V95/><F84/><W109/><G105/><T97/><D68/><U117/><E117/><V90/><REACH who="2" step="1"/><F4/><REACH who="2" ten="164,211,345,270" step="2"/><W72/><G131/><T115/><D7/><U123/><E6/><V130/><F130/><BYE who="2" /><W33/><G72/><T50/><D0/><U104/><E41/><V14/><F14/><W35/><G76/><T36/><D30/><U39/><E20/><V19/><F19/><W51/><G88/><T110/><D36/><U29/><E104/><V71/><F71/><W37/><G26/><T94/><D115/><U122/><E135/><V28/><F28/><W44/><REACH who="3" step="1"/><G51/><REACH who="3" ten="164,211,345,260" step="2"/><T96/><D110/><U62/><E39/><V83/><F83/><W119/><G119/><UN n2="%E5%A4%AA%E3%81%8F%E3%81%AA%E3%81%84%E3%81%8A" /><T118/><D118/><U101/><E128/><V124/><F124/><W59/><G59/><T1/><D50/><U127/><E129/><V12/><F12/><W111/><G111/><T107/><D1/><U8/><E127/><V132/><F132/><W66/><G66/><T61/><D48/><U121/><E64/><V67/><F67/><W31/><G31/><T23/><D98/><U15/><E29/><V126/><F126/><W79/><G79/><T13/><REACH who="0" step="1"/><D61/><REACH who="0" ten="154,211,345,260" step="2"/><U86/><E62/><V134/><F134/><W112/><G112/><T87/><D87/><U53/><E85/><V78/><F78/><W17/><G17/><T11/><AGARI ba="0,3" hai="11,13,16,21,23,74,77,82,89,94,96,97,102,107" machi="11" ten="20,8000,1" yaku="1,1,0,1,7,1,52,1,54,1,53,0" doraHai="91" doraHaiUra="22" who="0" fromWho="0" sc="154,110,211,-20,345,-20,260,-40" />
</Scene>
<Scene>
<INIT seed="4,0,0,3,2,69" ten="264,191,325,220" oya="0" hai0="29,27,9,90,85,7,100,51,131,67,73,0,79" hai1="121,99,38,34,132,76,11,59,130,36,119,104,62" hai2="12,53,49,32,5,110,39,87,56,41,22,15,26" hai3="78,127,64,92,89,45,126,47,68,2,96,33,61"/><T46/><D131/><U112/><E119/><V3/><F110/><W113/><G113/><T74/><D100/><U81/><E121/><V24/><F3/><W48/><G33/><T115/><D115/><U31/><E112/><V42/><F32/><W58/><G2/><T80/><D67/><U93/><E130/><V1/><F1/><W109/><G78/><T82/><D73/><U135/><E104/><V6/><F39/><N who="1" m="14889" /><E11/><N who="2" m="4207" /><F87/><W19/><G19/><T117/><D117/><U35/><E31/><N who="2" m="17815" /><F26/><W18/><G18/><T66/><D66/><N who="1" m="39263" /><E81/><V14/><F14/><W108/><G68/><T122/><D122/><U98/><E76/><V105/><F105/><W123/><G123/><T20/><D46/><N who="3" m="17417" /><G48/><T128/><D51/><U91/><E99/><V40/><F40/><W4/><G4/><T114/><D114/><U116/><E116/><V125/><F125/><AGARI ba="0,0" hai="58,61,64,89,92,96,108,109,125,126,127" m="17417" machi="125" ten="30,1000,0" yaku="18,1" doraHai="69" who="3" fromWho="2" sc="264,0,191,0,325,-10,220,10" />
</Scene>
<Scene>
<INIT seed="5,0,0,1,0,104" ten="264,191,315,230" oya="1" hai0="21,42,34,110,127,10,123,56,95,83,70,96,39" hai1="72,6,36,50,99,60,66,90,17,103,88,111,118" hai2="107,0,78,81,129,68,101,135,38,53,102,58,109" hai3="124,19,89,35,33,28,25,134,22,46,31,67,16"/><U23/><E118/><V87/><F109/><W62/><G124/><T130/><D70/><U121/><E36/><V75/><F68/><W9/><G134/><T113/><D34/><U52/><E121/><V45/><F0/><W37/><G89/><T97/><D110/><U92/><E6/><V105/><F135/><W73/><G73/><T119/><D119/><U43/><E43/><V12/><F129/><W71/><G37/><T47/><D130/><U133/><E72/><V30/><F30/><W59/><G46/><T18/><D127/><U85/><E133/><V14/><F105/><W8/><G71/><T125/><D125/><U20/><E111/><V5/><F107/><W15/><REACH who="3" step="1"/><G8/><REACH who="3" ten="264,191,315,220" step="2"/><T27/><D10/><U69/><E90/><V122/><F75/><W44/><G44/><T61/><D47/><U55/><E50/><V26/><F45/><W4/><G4/><T7/><D7/><U93/><REACH who="1" step="1"/><E20/><REACH who="1" ten="264,181,315,220" step="2"/><V49/><F38/><W24/><G24/><AGARI ba="0,2" hai="17,23,24,52,55,60,66,69,85,88,92,93,99,103" machi="24" ten="30,12000,1" yaku="1,1,2,1,7,1,54,2,53,0" doraHai="104" doraHaiUra="112" who="1" fromWho="3" sc="264,0,181,140,315,0,220,-120" />
</Scene>
<Scene>
<INIT seed="5,1,0,2,4,20" ten="264,321,315,100" oya="1" hai0="117,35,38,19,99,86,59,113,27,94,16,1,29" hai1="84,67,62,51,8,109,79,105,74,57,12,37,133" hai2="88,90,53,124,26,71,41,46,104,82,22,72,106" hai3="5,66,70,50,39,10,102,130,34,125,132,52,31"/><U24/><E37/><V23/><F71/><W95/><G39/><T77/><D117/><U122/><E74/><V65/><F65/><W114/><G114/><T100/><D38/><U78/><E122/><V63/><F124/><W135/><G125/><T87/><D1/><U28/><E105/><V127/><F127/><W14/><G130/><T48/><D113/><U45/><E133/><V83/><F72/><W93/><G66/><T43/><D59/><U80/><E109/><V40/><F63/><W61/><G61/><T116/><D116/><U15/><E79/><V81/><F53/><W89/><G102/><T47/><D77/><U36/><E36/><V17/><F46/><W119/><G70/><T112/><D112/><U108/><E108/><V123/><F123/><W2/><G14/><T44/><D44/><U18/><E12/><N who="2" m="9511" /><F106/><W98/><G95/><T21/><D19/><U6/><E18/><N who="2" m="12663" /><F104/><W126/><G119/><T69/><D69/><U85/><E85/><V128/><F128/><W107/><G107/><T129/><D129/><U110/><E110/><V56/><F56/><W75/><G75/><T64/><D64/><U0/><E0/><V49/><F49/><W76/><G76/><T4/><D4/><U13/><E13/><AGARI ba="1,0" hai="13,16,21,27,29,35,43,47,48,86,87,94,99,100" machi="13" ten="30,3900,0" yaku="7,1,52,1,54,1" doraHai="20" who="0" fromWho="1" sc="264,42,321,-42,315,0,100,0" />
</Scene>
<Scene>
<INIT seed="6,0,0,2,5,52" ten="306,279,315,100" oya="2" hai0="12,87,73,35,13,78,93,103,67,59,63,10,108" hai1="118,134,129,82,41,30,90,80,16,106,17,23,120" hai2="109,0,34,77,54,14,105,22,116,110,47,26,89" hai3="42,111,124,32,128,27,101,135,58,39,60,20,19"/><V97/><F0/><W112/><G111/><N who="2" m="42505" /><F116/><W94/><G124/><T24/><D108/><U4/><E118/><V85/><F77/><W122/><G122/><T75/><D75/><U69/><E69/><V5/><F34/><W66/><G128/><T31/><D73/><U3/><E106/><V15/><F5/><W84/><G135/><T46/><D46/><U8/><E134/><V107/><F47/><W37/><G112/><T25/><D25/><U114/><E114/><V68/><F54/><W117/><G117/><T55/><D13/><N who="2" m="4618" /><F97/><W123/><G123/><T121/><D121/><U72/><E120/><V38/><F38/><W53/><G42/><T45/><D45/><U92/><E41/><V115/><F68/><W56/><G32/><T71/><D78/><U70/><E70/><V57/><F57/><W100/><G100/><T130/><D130/><U98/><E129/><V131/><F115/><W86/><G39/><T11/><D12/><N who="1" m="5127" /><E72/><V95/><F131/><W65/><G37/><T36/><D36/><U83/><E3/><V48/><F48/><N who="3" m="30759" /><G66/><T7/><D7/><U79/><E79/><V102/><F102/><W28/><G19/><AGARI ba="0,0" hai="19,22,26,85,89,95,105,107" m="4618,42505" machi="19" ten="30,1500,0" yaku="10,1" doraHai="52" who="2" fromWho="3" sc="306,0,279,0,315,15,100,-15" />
</Scene>
<Scene>
<INIT seed="6,1,0,3,1,117" ten="306,279,330,85" oya="2" hai0="30,76,104,75,38,72,45,101,88,89,77,5,131" hai1="66,37,91,36,80,99,26,68,27,60,103,22,63" hai2="96,128,61,48,115,73,9,46,49,41,47,39,1" hai3="85,100,113,11,111,24,105,2,71,98,52,121,15"/><V83/><F115/><W69/><G121/><T44/><D5/><U57/><E80/><V135/><F135/><W97/><G111/><T18/><D30/><U120/><E120/><V12/><F128/><W95/><G113/><T94/><D18/><U21/><E22/><V32/><F32/><W28/><G2/><T43/><D44/><U56/><E26/><V90/><F1/><W59/><G85/><N who="0" m="52495" /><D45/><U17/><E68/><V124/><F124/><W108/><G108/><T106/><D43/><U82/><E82/><V122/><F122/><W74/><G74/><N who="0" m="28203" /><D38/><U34/><E34/><V84/><F73/><W81/><G81/><T134/><D134/><U109/><E109/><V123/><F123/><W35/><G15/><T10/><D10/><U29/><E91/><V114/><F114/><W20/><G11/><T53/><D53/><U62/><E17/><V50/><F96/><W42/><G42/><T126/><D126/><U110/><E63/><V65/><F47/><W79/><G79/><N who="0" m="30283" /><D101/><U118/><E118/><V87/><F9/><W112/><G112/><T125/><D125/><U102/><E102/><V0/><F0/><W4/><G4/><T3/><D3/><U129/><E110/><V127/><F127/><W8/><G8/><T14/><D14/><U116/><E116/><V119/><F119/><W13/><G13/><T25/><D25/><U19/><E103/><V51/><F12/><W64/><G64/><T92/><D131/><U33/><E66/><V78/><N who="2" m="12288" /><DORA hai="40" /><V7/><F7/><W31/><G35/><T107/><D107/><U54/><E33/><RYUUKYOKU ba="1,0" sc="306,30,279,-10,330,-10,85,-10" hai0="89,92,104,106" />
</Scene>
<Scene>
<INIT seed="7,2,0,2,0,124" ten="336,269,320,75" oya="3" hai0="73,81,109,14,134,4,83,23,58,42,62,97,34" hai1="112,118,100,92,31,84,120,1,64,11,24,20,50" hai2="68,51,121,28,76,123,85,40,115,104,87,27,71" hai3="75,99,78,46,90,111,26,13,117,113,86,29,53"/><W0/><G117/><T69/><D109/><U65/><E120/><N who="2" m="46155" /><F104/><W49/><G0/><T30/><D34/><U103/><E112/><V36/><F36/><W119/><G119/><T91/><D69/><N who="2" m="26698" /><F76/><W105/><G113/><T129/><D129/><U106/><E106/><V38/><F38/><W25/><G111/><T74/><D134/><U52/><E118/><V15/><F115/><W41/><G13/><T59/><D42/><U66/><E11/><V130/><F15/><W98/><G26/><N who="0" m="16735" /><D74/><U55/><E55/><V67/><F67/><W133/><G133/><T131/><D131/><U88/><REACH who="1" step="1"/><E1/><REACH who="1" ten="336,259,320,75" step="2"/><V16/><F130/><W95/><G105/><T101/><D73/><U6/><E6/><V61/><F61/><W128/><G128/><T48/><D4/><U114/><E114/><V63/><F63/><W93/><G53/><T108/><D62/><U96/><E96/><V79/><F79/><W107/><G107/><T47/><D97/><U110/><E110/><V19/><F40/><W132/><G132/><T44/><D108/><U21/><E21/><N who="2" m="15471" /><F51/><W35/><REACH who="3" step="1"/><G93/><REACH who="3" ten="336,259,320,65" step="2"/><T82/><D14/><U9/><E9/><V39/><F39/><W135/><G135/><T56/><D82/><AGARI ba="2,2" hai="25,29,35,41,46,49,75,78,82,86,90,95,98,99" machi="82" ten="40,2000,0" yaku="1,1,53,0" doraHai="124" doraHaiUra="3" who="3" fromWho="0" sc="336,-26,259,0,320,0,65,46" />
</Scene>
<Scene>
<INIT seed="7,3,0,0,5,110" ten="310,259,320,111" oya="3" hai0="73,17,25,109,99,69,22,87,107,98,85,135,6" hai1="123,54,9,32,128,113,21,112,48,50,67,37,91" hai2="125,88,71,56,70,68,116,90,60,42,62,46,127" hai3="49,121,95,27,44,33,102,94,81,18,5,134,72"/><W118/><G121/><T3/><D109/><U57/><E123/><V39/><F116/><W12/><G118/><T11/><D73/><U78/><E37/><V130/><F130/><W55/><G134/><T65/><D135/><U52/><E78/><V51/><F39/><W40/><G5/><T0/><D0/><U100/><E32/><V31/><F31/><W132/><G132/><T86/><REACH who="0" step="1"/><D107/><REACH who="0" ten="300,259,320,111" step="2"/><U129/><E100/><V83/><F62/><AGARI ba="3,1" hai="3,6,11,17,22,25,62,65,69,85,86,87,98,99" machi="62" ten="40,2600,0" yaku="1,1,2,1,53,0" doraHai="110" doraHaiUra="115" who="0" fromWho="2" sc="300,45,259,0,320,-35,111,0" owari="345,44.0,259,-14.0,285,9.0,111,-39.0" />
</Scene>
</mjloggm>