<mjloggm ver="2.3"><GO type="169" lobby="0"/><UN n0="%6F%75%74%E7%A5%AD%E3%82%8A" n1="%E5%A4%AA%E3%81%8F%E3%81%AA%E3%81%84%E3%81%8A" n2="%6D%69%6E%32%30%30%32" n3="%E3%81%A7%E3%81%97%EF%BC%96" dan="16,17,16,16" rate="2069.14,2151.99,2053.22,2137.38" sx="M,M,F,M"/><TAIKYOKU oya="0"/>

<Scene>
<INIT seed="0,0,0,1,4,76" ten="250,250,250,250" oya="0" hai0="20,23,5,6,85,44,81,45,53,42,75,58,115" hai1="67,59,63,89,92,91,32,121,56,51,39,31,129" hai2="93,79,83,84,49,104,82,106,55,62,107,36,68" hai3="73,87,86,41,125,96,120,4,25,109,33,118,60"/><T116/><D75/><U95/><E39/><V38/><F93/><W135/><G118/><T29/><D116/><U2/><E2/><V108/><F108/><W110/><G73/><T77/><D115/><U98/><E121/><V74/><F62/><W7/><G120/><T119/><D119/><U15/><E129/><V113/><F68/><W117/><G117/><T64/><D64/><U14/><E32/><V27/><F27/><W48/><G60/><T19/><D29/><U114/><E31/><V9/><F9/><W130/><G96/><T8/><D23/><U97/><E97/><V34/><BYE who="1" /><F34/><W72/><G72/><T52/><D53/><U13/><E13/><V131/><F131/><W94/><G87/><T22/><D22/><U102/><E102/><V80/><F113/><W37/><G37/><T54/><D54/><U124/><E124/><V11/><F11/><W24/><G125/><T132/><D132/><U101/><E101/><V78/><REACH who="2" step="1"/><F83/><REACH who="2" ten="250,250,240,250" step="2"/><UN n1="%E5%A4%AA%E3%81%8F%E3%81%AA%E3%81%84%E3%81%8A" /><W126/><G110/><T90/><D8/><U133/><E114/><V128/><F128/><W134/><G109/><T100/><D5/><U3/><E63/><V16/><F16/><W40/><G130/><T123/><D6/><U35/><E35/><V28/><F28/><W12/><G33/><T26/><D123/><U70/><E70/><V46/><AGARI ba="0,1" hai="36,38,46,49,55,74,78,79,80,82,84,104,106,107" machi="46" ten="30,7900,0" yaku="1,1,0,1,52,2,53,0" doraHai="76" doraHaiUra="88" who="2" fromWho="2" sc="250,-39,250,-20,240,89,250,-20" />
</Scene>
<Scene>
<INIT seed="1,0,0,4,0,94" ten="211,230,329,230" oya="1" hai0="72,108,53,51,120,112,3,116,92,119,98,57,86" hai1="31,38,16,33,25,9,95,81,5,45,43,18,117" hai2="134,13,109,132,121,73,24,66,12,23,124,101,80" hai3="133,110,36,78,56,118,127,64,79,93,87,58,77"/><U6/><E117/><V125/><F121/><W42/><G110/><T130/><D72/><U89/><E81/><V128/><F109/><W126/><G133/><N who="2" m="51305" /><F66/><W27/><G118/><T10/><D108/><U105/><E105/><V122/><F122/><W88/><G27/><T35/><D120/><U20/><E33/><V75/><F101/><W63/><REACH who="3" step="1"/><G58/><REACH who="3" ten="211,230,329,220" step="2"/><N who="0" m="33087" /><D112/><U114/><E114/><V17/><F128/><W37/><G37/><T48/><D57/><U14/><REACH who="1" step="1"/><E31/><REACH who="1" ten="211,220,329,220" step="2"/><V102/><F125/><W26/><G26/><T83/><D119/><U68/><E68/><V69/><F69/><W22/><G22/><T62/><D116/><U59/><E59/><V19/><F124/><W55/><G55/><T46/><D35/><U50/><E50/><V84/><F24/><W71/><G71/><T0/><D48/><U34/><E34/><V7/><F23/><W100/><G100/><T49/><D49/><U2/><E2/><V47/><F102/><W30/><G30/><T97/><D0/><U61/><E61/><V8/><F13/><W96/><G96/><AGARI ba="0,2" hai="5,6,9,14,16,18,20,25,38,43,45,89,95,96" machi="96" ten="30,12000,1" yaku="1,1,7,1,52,1,54,1,53,1" doraHai="94" doraHaiUra="90" who="1" fromWho="3" sc="211,0,220,140,329,0,220,-120" />
</Scene>
<Scene>
<INIT seed="1,1,0,2,5,97" ten="211,360,329,100" oya="1" hai0="40,44,88,33,34,101,65,95,15,113,133,122,41" hai1="11,36,6,91,66,64,28,74,59,105,119,123,121" hai2="82,107,63,67,129,104,61,73,96,93,60,83,57" hai3="14,100,38,18,26,24,92,84,124,99,110,102,134"/><U45/><E119/><V90/><F129/><W17/><G110/><T77/><D113/><U31/><E31/><V51/><BYE who="1" /><F73/><W19/><G124/><T20/><D77/><U1/><E1/><V23/><F107/><W58/><G134/><T111/><D111/><U68/><E68/><V112/><F104/><W35/><G38/><T108/><D108/><U12/><E12/><V115/><F23/><W27/><G35/><T118/><D65/><UN n1="%E5%A4%AA%E3%81%8F%E3%81%AA%E3%81%84%E3%81%8A" /><U32/><E59/><V79/><F51/><W49/><G84/><T9/><D118/><U55/><E55/><V22/><F22/><W50/><G14/><T2/><D133/><U70/><E6/><V30/><F30/><W13/><G13/><T94/><D122/><U69/><E64/><V135/><F135/><W106/><G106/><T62/><D62/><N who="2" m="24170" /><F79/><W85/><G58/><T46/><D2/><U89/><E70/><V72/><F72/><W5/><G5/><N who="0" m="3503" /><D33/><U126/><E69/><V98/><F98/><W80/><REACH who="3" step="1"/><G102/><REACH who="3" ten="211,360,329,90" step="2"/><T114/><D34/><U37/><E32/><V130/><F130/><W29/><G29/><T78/><D114/><AGARI ba="1,1" hai="57,63,67,82,83,90,93,96,112,114,115" m="24170" machi="114" ten="30,1000,0" yaku="11,1" doraHai="97" who="2" fromWho="0" sc="211,-13,360,0,329,23,90,0" />
</Scene>
<Scene>
<INIT seed="2,0,0,2,0,2" ten="198,360,352,90" oya="2" hai0="57,47,107,66,81,46,53,6,111,77,85,80,122" hai1="97,9,24,83,109,45,13,15,33,96,88,104,61" hai2="64,110,100,26,25,131,70,21,42,93,123,67,28" hai3="101,19,87,120,73,40,119,105,74,7,39,36,129"/><V106/><F106/><W52/><G120/><T99/><D122/><U3/><E109/><V10/><F123/><W128/><G119/><T98/><D111/><U44/><E3/><V58/><F110/><W37/><G40/><T91/><D66/><U11/><E33/><V126/><F70/><W72/><G19/><T51/><D107/><U43/><E24/><V8/><F131/><N who="3" m="50251" /><G87/><N who="0" m="48527" /><D6/><N who="1" m="3255" /><E104/><V32/><F126/><W134/><G134/><T116/><D116/><U0/><E0/><V56/><F42/><W90/><G90/><T114/><D114/><U71/><E61/><N who="2" m="37927" /><F26/><W41/><G41/><T76/><D91/><U16/><E71/><V29/><F32/><W63/><G7/><T5/><D5/><U68/><E68/><V31/><F31/><W49/><G63/><T34/><D34/><U48/><E45/><AGARI ba="0,0" hai="45,46,47,51,53,57,76,81,85,98,99" m="48527" machi="45" ten="30,1000,0" yaku="8,1" doraHai="2" who="0" fromWho="1" sc="198,10,360,-10,352,0,90,0" />
</Scene>
<Scene>
<INIT seed="3,0,0,0,1,89" ten="208,350,352,90" oya="3" hai0="119,27,129,125,58,35,55,134,17,2,50,0,57" hai1="81,8,111,76,37,115,25,110,54,31,10,32,118" hai2="127,94,97,121,68,34,95,112,11,23,48,74,59" hai3="106,26,85,39,117,41,72,51,75,98,126,52,78"/><W9/><G117/><T49/><D119/><U65/><E115/><V16/><F34/><W3/><G126/><T100/><D125/><U64/><E37/><V67/><F74/><W12/><G3/><T87/><D129/><U103/><E118/><V62/><F127/><W79/><G26/><T128/><D128/><U88/><E103/><V28/><F112/><W45/><G75/><T43/><D134/><U83/><E54/><V114/><F114/><W120/><G120/><T104/><D104/><U101/><E101/><V109/><F109/><N who="1" m="41481" /><E83/><V56/><F121/><W132/><G72/><T99/><D87/><N who="1" m="50287" /><E76/><V47/><F97/><W21/><G132/><T4/><D4/><U63/><E64/><V1/><F68/><AGARI ba="0,0" hai="8,10,25,31,32,63,65,68" m="50287,41481" machi="68" ten="30,2000,0" yaku="14,1,54,1" doraHai="89" who="1" fromWho="2" sc="208,0,350,20,352,-20,90,0" />
</Scene>
<Scene>
<INIT seed="4,0,0,4,5,28" ten="208,370,332,90" oya="0" hai0="127,69,98,76,53,62,133,8,68,33,30,104,78" hai1="57,48,106,64,121,43,3,9,129,93,16,31,74" hai2="40,84,88,18,49,114,22,118,20,79,4,80,100" hai3="24,131,32,90,107,51,109,73,83,2,117,6,5"/><T99/><D8/><U86/><E106/><V124/><F114/><W119/><G109/><T42/><D42/><U128/><E74/><V115/><F115/><W38/><G131/><N who="1" m="50250" /><E121/><V45/><F124/><W17/><G38/><T125/><D53/><U27/><E64/><V103/><F118/><W123/><G123/><T108/><D108/><U56/><E93/><V72/><F4/><W15/><G107/><T126/><D133/><U65/><E86/><N who="2" m="48415" /><F22/><W23/><G51/><T85/><D85/><U58/><E65/><V110/><F72/><W46/><G46/><T134/><D134/><U70/><E70/><N who="0" m="27241" /><D62/><U67/><E67/><V116/><F116/><W39/><G39/><T135/><D135/><U97/><E97/><N who="0" m="36873" /><D104/><U26/><E31/><V91/><F110/><W37/><G37/><T96/><D96/><U102/><E102/><N who="2" m="38955" /><F84/><W66/><G73/><T50/><D50/><U61/><E61/><V132/><F132/><W34/><G66/><T44/><D44/><N who="1" m="25631" /><E3/><V13/><AGARI ba="0,0" hai="13,18,20,40,45,49,88,91" m="38955,48415" machi="13" ten="30,2000,0" yaku="8,1,54,1" doraHai="28" who="2" fromWho="2" sc="208,-10,370,-5,332,20,90,-5" />
</Scene>
<Scene>
<INIT seed="5,0,0,5,3,17" ten="198,365,352,85" oya="1" hai0="10,100,119,54,133,28,64,52,38,71,117,114,82" hai1="1,120,85,42,127,91,132,81,12,105,124,27,125" hai2="33,68,109,96,76,69,121,104,77,89,65,9,59" hai3="97,46,88,15,50,95,51,101,20,0,66,62,80"/><U93/><E1/><V73/><F109/><W94/><G0/><T16/><D28/><U134/><E42/><V45/><F121/><W70/><G80/><T36/><D100/><U32/><E105/><V75/><F33/><W58/><G70/><T67/><D82/><U110/><E120/><V129/><F45/><W79/><G79/><T18/><D10/><U106/><E106/><V74/><F129/><W19/><REACH who="3" step="1"/><G46/><REACH who="3" ten="198,365,352,75" step="2"/><T6/><D71/><U131/><E81/><V40/><F77/><W34/><G34/><T25/><D114/><U135/><E110/><V26/><F76/><W115/><G115/><T98/><D133/><U8/><E32/><V43/><F69/><W2/><G2/><T102/><D119/><U86/><E131/><V84/><F68/><W122/><G122/><T130/><D117/><U72/><E72/><V24/><F74/><W87/><AGARI ba="0,1" hai="15,19,20,50,51,58,62,66,87,88,94,95,97,101" machi="87" ten="20,12000,2" yaku="1,1,0,1,7,1,8,1,52,1,54,1,53,0" doraHai="17" doraHaiUra="5" who="3" fromWho="3" sc="198,-30,365,-60,352,-30,75,130" />
</Scene>
<Scene>
<INIT seed="6,0,0,3,2,20" ten="168,305,322,205" oya="2" hai0="12,55,1,86,132,42,79,17,33,68,131,18,47" hai1="3,108,125,82,107,23,103,81,21,49,133,121,97" hai2="67,6,115,91,56,75,4,110,119,59,65,90,112" hai3="101,41,129,8,130,50,106,98,46,73,61,99,60"/><V72/><REACH who="2" step="1"/><F110/><REACH who="2" ten="168,305,312,205" step="2"/><W122/><G122/><T117/><D117/><AGARI ba="0,1" hai="4,6,56,59,65,67,72,75,90,91,112,115,117,119" machi="117" ten="25,18000,2" yaku="21,2,2,1,22,2,53,2" doraHai="20" doraHaiUra="85" who="2" fromWho="0" sc="168,-180,305,0,312,190,205,0" owari="-12,-51.0,305,11.0,502,59.0,205,-19.0" />
</Scene>
</mjloggm>