<mjloggm ver="2.3"><GO type="169" lobby="0"/><UN n0="%E6%99%AE%E8%B3%A2" n1="%E5%A6%B9%E7%B4%85" n2="%E9%82%A3%E9%87%8C%2E%2E%2E%E4%B8%8D%E5%8F%AF%E4%BB%A5" n3="%E5%A4%AA%E3%81%8F%E3%81%AA%E3%81%84%E3%81%8A" dan="16,16,17,18" rate="2085.35,2074.79,2156.54,2198.11" sx="F,F,F,M"/><TAIKYOKU oya="0"/>

<Scene>
<INIT seed="0,0,0,0,1,107" ten="250,250,250,250" oya="0" hai0="40,44,13,116,81,69,27,67,49,54,51,33,22" hai1="83,25,98,131,50,61,7,14,64,66,6,15,109" hai2="135,11,26,118,84,35,58,17,79,100,34,80,103" hai3="130,10,95,2,55,113,28,133,105,63,90,42,9"/><T97/><D116/><U24/><E109/><V16/><F118/><W8/><G113/><T30/><D97/><U43/><E98/><V72/><F35/><W62/><G105/><T41/><D81/><U128/><E83/><V120/><F120/><W20/><G2/><T99/><D99/><U132/><E61/><V4/><F135/><W129/><G42/><T123/><D123/><U111/><E111/><V108/><F108/><W78/><G78/><T85/><D85/><U94/><E94/><V126/><F126/><W60/><G133/><T57/><D67/><U3/><E3/><V23/><F34/><W82/><G82/><T112/><D69/><U36/><E50/><V38/><F38/><W70/><G70/><T32/><D112/><U29/><E29/><V74/><F17/><W59/><G20/><T45/><REACH who="0" step="1"/><D13/><REACH who="0" ten="240,250,250,250" step="2"/><U73/><E132/><V102/><REACH who="2" step="1"/><F58/><REACH who="2" ten="240,250,240,250" step="2"/><W134/><G134/><T87/><D87/><U121/><E121/><V127/><F127/><W37/><G59/><T39/><AGARI ba="0,2" hai="22,27,30,32,33,39,40,41,44,45,49,51,54,57" machi="39" ten="20,7800,0" yaku="1,1,0,1,7,1,53,1" doraHai="107" doraHaiUra="68" who="0" fromWho="0" sc="240,98,250,-26,240,-26,250,-26" />
</Scene>
<Scene>
<INIT seed="0,1,0,4,3,18" ten="338,224,214,224" oya="0" hai0="115,67,85,64,49,45,84,132,23,10,126,4,11" hai1="106,113,60,109,34,30,33,74,121,116,29,48,32" hai2="6,46,65,82,70,103,124,20,9,43,128,12,91" hai3="44,59,51,105,127,3,131,0,28,50,68,104,83"/><T118/><D118/><U130/><E116/><V7/><F128/><W2/><G68/><T77/><D115/><U94/><E130/><V76/><F91/><W17/><G131/><T25/><D126/><U71/><E121/><V42/><F42/><W95/><G127/><T55/><D132/><U37/><E37/><V120/><F120/><W15/><G28/><T101/><D101/><U31/><E106/><V36/><F103/><W69/><G69/><T63/><D77/><U52/><E74/><V19/><F124/><W56/><G95/><T92/><D11/><U123/><E123/><V66/><F70/><W129/><G83/><T53/><D53/><U35/><E35/><V122/><F6/><W108/><G129/><T80/><D92/><U89/><E109/><V72/><REACH who="2" step="1"/><F122/><REACH who="2" ten="338,224,204,224" step="2"/><W88/><G88/><T112/><D112/><U135/><E113/><V14/><AGARI ba="1,1" hai="7,9,12,14,19,20,36,43,46,65,66,72,76,82" machi="14" ten="20,8000,1" yaku="1,1,2,1,0,1,7,1,52,1,53,0" doraHai="18" doraHaiUra="134" who="2" fromWho="2" sc="338,-41,224,-21,204,93,224,-21" />
</Scene>
<Scene>
<INIT seed="1,0,0,1,4,104" ten="297,203,297,203" oya="1" hai0="111,89,42,86,20,63,91,15,4,24,99,6,131" hai1="134,11,96,43,35,94,98,70,114,110,76,135,133" hai2="54,18,117,50,49,32,44,105,22,80,64,65,30" hai3="115,107,123,81,57,33,72,67,14,106,51,84,109"/><U128/><E114/><V34/><F105/><W1/><G1/><T45/><D111/><U77/><E70/><V85/><F117/><W21/><G33/><T17/><D131/><U74/><E35/><V126/><F126/><W83/><G123/><T3/><D3/><U75/><E43/><V56/><F30/><W58/><G115/><T62/><D99/><N who="1" m="37931" /><E110/><V23/><F32/><W61/><G109/><T19/><D4/><U39/><E39/><V8/><F8/><W16/><G81/><T53/><D6/><U102/><E102/><V119/><F119/><W73/><G106/><T129/><D129/><U93/><E11/><V36/><F36/><W68/><G107/><T12/><D24/><U116/><E116/><V31/><F31/><W113/><G113/><T25/><D25/><U48/><E48/><V41/><F34/><W2/><G2/><T55/><D42/><U28/><E28/><V40/><F41/><W118/><G118/><T37/><D37/><U82/><E128/><V121/><F121/><W69/><G69/><T108/><D108/><U7/><E7/><V127/><F23/><W124/><G124/><T38/><D38/><U0/><E0/><V103/><F103/><W46/><G68/><T125/><D125/><U27/><E27/><N who="2" m="14807" /><F127/><W101/><G101/><T29/><D29/><U95/><E77/><AGARI ba="0,0" hai="40,44,49,50,54,56,64,65,77,80,85" m="14807" machi="77" ten="30,1000,0" yaku="8,1" doraHai="104" who="2" fromWho="1" sc="297,0,203,-10,297,10,203,0" />
</Scene>
<Scene>
<INIT seed="2,0,0,3,4,94" ten="297,193,307,203" oya="2" hai0="68,59,63,124,5,11,91,61,13,49,112,122,117" hai1="54,20,38,128,56,25,36,30,111,21,121,105,62" hai2="115,65,72,77,84,22,34,127,8,4,78,100,46" hai3="43,17,131,81,108,135,93,19,123,88,31,42,26"/><V107/><F72/><W90/><G123/><T99/><D122/><U6/><E121/><V70/><F34/><W75/><G108/><T120/><D120/><U41/><E111/><V35/><F35/><W15/><G131/><T132/><D112/><U89/><E128/><V12/><F115/><W104/><G104/><T95/><D124/><U118/><E118/><V74/><F74/><W52/><G135/><T28/><D132/><U96/><E6/><V45/><F65/><W130/><G130/><T50/><D28/><U3/><E3/><V64/><F64/><W60/><G75/><T7/><D117/><U27/><E41/><N who="3" m="15370" /><G81/><T79/><D79/><U51/><E62/><N who="0" m="23561" /><D68/><U82/><E82/><V39/><F70/><W129/><G129/><T126/><D126/><U32/><E32/><V67/><F78/><W76/><G76/><T44/><D59/><U48/><E48/><N who="0" m="18537" /><D44/><U103/><REACH who="1" step="1"/><E89/><REACH who="1" ten="297,183,307,203" step="2"/><V18/><F127/><W47/><G90/><T33/><D33/><U101/><E101/><V9/><F100/><W119/><G119/><T37/><D37/><U98/><E98/><V133/><F39/><W58/><G47/><T125/><D125/><U92/><E92/><V1/><F45/><W0/><G0/><T97/><D5/><U71/><E71/><V110/><F4/><W24/><G88/><T134/><D134/><U109/><E109/><V83/><F110/><W29/><G93/><T14/><D99/><U57/><E57/><V16/><F46/><W55/><G58/><T87/><D97/><U40/><E40/><V114/><F133/><W106/><G60/><RYUUKYOKU ba="0,1" sc="297,15,183,15,307,-15,203,-15" hai0="7,11,13,14,87,91,95" hai1="20,21,25,27,30,36,38,51,54,56,96,103,105" />
</Scene>
<Scene>
<INIT seed="3,1,1,3,2,81" ten="312,198,292,188" oya="3" hai0="131,45,39,125,52,0,133,27,69,41,75,58,117" hai1="62,6,85,46,90,110,113,7,53,93,109,89,50" hai2="16,18,34,65,127,48,74,15,12,21,111,77,94" hai3="56,100,91,38,76,120,122,60,135,67,40,130,132"/><W128/><G76/><T22/><D0/><U104/><E104/><V121/><F34/><W66/><G100/><T119/><D75/><U103/><E103/><V32/><F32/><W23/><G23/><T106/><D106/><U2/><E113/><V44/><F111/><N who="1" m="42505" /><E2/><V123/><F65/><W87/><G67/><T84/><D131/><N who="3" m="50217" /><G87/><T118/><D69/><U57/><E90/><V14/><F127/><W17/><G17/><T49/><D125/><U102/><E102/><V64/><F64/><AGARI ba="1,1" hai="6,7,46,50,53,57,62,64,85,89,93" m="42505" machi="64" ten="30,2000,0" yaku="14,1,52,1" doraHai="81" who="1" fromWho="2" sc="312,0,198,33,292,-23,188,0" />
</Scene>
<Scene>
<INIT seed="4,0,0,4,4,106" ten="312,231,269,188" oya="0" hai0="121,118,65,115,102,119,77,55,72,50,52,38,130" hai1="10,66,11,15,114,34,111,125,117,108,80,43,26" hai2="2,110,29,21,5,36,81,39,58,78,1,48,73" hai3="46,98,107,67,113,91,35,13,95,45,4,84,32"/><T44/><D121/><U132/><E43/><V6/><F110/><N who="1" m="42025" /><E66/><V9/><F29/><W33/><G113/><T112/><D65/><U135/><E80/><V120/><F21/><W61/><G4/><T68/><D68/><U18/><E117/><V64/><F120/><W85/><G13/><T131/><D102/><U122/><E122/><V23/><F23/><W0/><G0/><T83/><D55/><U56/><E56/><V124/><F124/><W94/><G107/><T30/><D30/><N who="1" m="19799" /><E125/><V53/><REACH who="2" step="1"/><F64/><REACH who="2" ten="312,231,259,188" step="2"/><W40/><G67/><T37/><D119/><U3/><E114/><N who="0" m="43561" /><D118/><U109/><E109/><V8/><AGARI ba="0,1" hai="1,2,5,6,8,9,36,39,48,53,58,73,78,81" machi="8" ten="30,7900,0" yaku="1,1,0,1,9,1,52,1,53,0" doraHai="106" doraHaiUra="19" who="2" fromWho="2" sc="312,-39,231,-20,259,89,188,-20" />
</Scene>
<Scene>
<INIT seed="5,0,0,4,5,86" ten="273,211,348,168" oya="1" hai0="9,15,12,125,36,100,73,57,59,38,25,78,61" hai1="79,13,68,50,113,104,30,2,6,124,49,107,28" hai2="132,70,17,32,27,65,35,114,53,97,21,45,92" hai3="67,84,42,43,31,77,3,134,121,40,24,56,72"/><U10/><E113/><V75/><F75/><W20/><G121/><T18/><D100/><U80/><E68/><V33/><F132/><W69/><G3/><T63/><D25/><U74/><E124/><V46/><F114/><W95/><G134/><T71/><D71/><U23/><E30/><V51/><F65/><W130/><G130/><T34/><D34/><U66/><E66/><V55/><F70/><W120/><G120/><T96/><D96/><U106/><REACH who="1" step="1"/><E28/><REACH who="1" ten="273,201,348,168" step="2"/><V117/><F117/><W58/><G69/><T39/><D125/><U14/><E14/><V60/><F27/><W119/><G67/><T1/><D12/><U19/><AGARI ba="0,1" hai="2,6,10,13,19,23,49,50,74,79,80,104,106,107" machi="19" ten="40,3900,0" yaku="1,1,0,1,53,0" doraHai="86" doraHaiUra="91" who="1" fromWho="1" sc="273,-13,201,49,348,-13,168,-13" />
</Scene>
<Scene>
<INIT seed="5,1,0,0,1,0" ten="260,250,335,155" oya="1" hai0="67,135,89,41,61,29,87,79,131,26,83,121,93" hai1="50,78,70,129,81,20,31,104,124,7,35,21,1" hai2="55,72,101,114,68,134,54,105,107,17,15,3,51" hai3="116,6,25,76,12,49,22,130,92,47,74,117,10"/><U88/><E104/><V95/><F3/><W59/><G130/><T108/><D108/><U24/><E70/><V52/><F72/><W38/><G38/><T11/><D135/><U46/><E124/><V133/><F68/><W65/><G74/><T123/><D41/><U4/><E129/><V73/><F73/><W42/><G76/><T32/><D131/><U126/><E126/><V37/><F37/><W82/><G82/><T60/><D11/><U80/><E1/><V125/><F125/><W75/><G75/><T23/><D32/><U113/><E113/><V94/><F51/><W86/><G86/><N who="0" m="48511" /><D67/><U69/><E69/><V71/><F71/><W99/><G65/><T9/><D9/><U106/><E106/><V96/><F107/><W14/><G14/><T85/><D85/><N who="1" m="50215" /><E81/><V112/><F95/><W64/><G64/><T43/><D43/><N who="1" m="24927" /><E35/><V27/><F105/><W8/><G8/><T34/><D34/><U53/><E78/><V33/><F114/><W18/><REACH who="3" step="1"/><G59/><REACH who="3" ten="260,250,335,145" step="2"/><T102/><D87/><U5/><E21/><V84/><F84/><W44/><G44/><T63/><D23/><U100/><E53/><V128/><F128/><W19/><G19/><T110/><D123/><U30/><E100/><AGARI ba="1,1" hai="6,10,12,18,22,25,42,47,49,92,99,100,116,117" machi="100" ten="40,5200,0" yaku="1,1,52,1,53,1" doraHai="0" doraHaiUra="97" who="3" fromWho="1" sc="260,0,250,-55,335,0,145,65" />
</Scene>
<Scene>
<INIT seed="6,0,0,3,3,35" ten="260,195,335,210" oya="2" hai0="120,69,88,29,89,66,11,72,7,47,4,0,39" hai1="42,33,115,60,127,95,55,30,24,40,110,101,13" hai2="34,28,125,130,134,9,80,85,126,75,104,128,124" hai3="48,53,51,112,111,83,79,71,15,77,74,102,113"/><V121/><F121/><W97/><G111/><T70/><D29/><U45/><E110/><V41/><F75/><W86/><G71/><T50/><D39/><U100/><E115/><N who="3" m="44106" /><G15/><T93/><D72/><U118/><E118/><V32/><F104/><N who="3" m="63567" /><G74/><T54/><D120/><U94/><E127/><V106/><F106/><W92/><G92/><T36/><D36/><U122/><E13/><V132/><F41/><W82/><G82/><T105/><D105/><U81/><E81/><V12/><F28/><W91/><G48/><T46/><D93/><U116/><E95/><V61/><F61/><W31/><G31/><T78/><D78/><U99/><E101/><V135/><F85/><W131/><G131/><N who="2" m="50217" /><F80/><W108/><G108/><T103/><D103/><U109/><E109/><V62/><F62/><W22/><G22/><T44/><D70/><U114/><E114/><V117/><F117/><W8/><G8/><T84/><D84/><U20/><E116/><V5/><AGARI ba="0,0" hai="5,9,12,32,34,124,125,126,132,134,135" m="50217" machi="5" ten="50,48000,5" yakuman="39" doraHai="35" who="2" fromWho="2" sc="260,-160,195,-160,335,480,210,-160" />
</Scene>
<Scene>
<INIT seed="6,1,0,0,1,102" ten="100,35,815,50" oya="2" hai0="53,52,57,66,109,125,130,62,72,134,63,120,48" hai1="114,13,97,1,113,46,35,126,30,36,133,19,105" hai2="58,122,18,45,93,49,95,68,54,100,5,56,107" hai3="40,135,82,14,50,99,118,80,67,116,29,96,7"/><V117/><F117/><W89/><G135/><T110/><D72/><U129/><E133/><V123/><F68/><W65/><G29/><T10/><D134/><U31/><E129/><V108/><F108/><W111/><G111/><T84/><D120/><U61/><E1/><V101/><F5/><W106/><G106/><T115/><D115/><N who="1" m="44043" /><E35/><V47/><F18/><W41/><G7/><T34/><D34/><U77/><E77/><V90/><F107/><W73/><G50/><T70/><D130/><U128/><E128/><V0/><F0/><W32/><G32/><T51/><D84/><U28/><E61/><V74/><F74/><W20/><G73/><T3/><D125/><U124/><E97/><V33/><F33/><W16/><G118/><T78/><D78/><U75/><E75/><V119/><F119/><W127/><G127/><N who="1" m="48682" /><E105/><V69/><F69/><W121/><G116/><T59/><D63/><U94/><E94/><V17/><F49/><W104/><G121/><T27/><D3/><U64/><E64/><N who="3" m="24650" /><G104/><T92/><D110/><U83/><E83/><N who="3" m="31786" /><G99/><T103/><D109/><U11/><E46/><V76/><F93/><AGARI ba="1,0" hai="14,16,20,40,41,89,93,96" m="31786,24650" machi="93" ten="30,2000,0" yaku="8,1,54,1" doraHai="102" who="3" fromWho="2" sc="100,0,35,0,815,-23,50,23" />
</Scene>
<Scene>
<INIT seed="7,0,0,3,0,123" ten="100,35,792,73" oya="3" hai0="111,85,104,116,107,75,22,50,86,18,77,115,114" hai1="89,56,94,43,11,91,110,87,53,40,16,122,59" hai2="69,73,78,36,39,135,128,49,133,24,106,98,127" hai3="19,35,60,17,93,125,45,67,124,80,26,84,8"/><W90/><G45/><T58/><D111/><U12/><E122/><V70/><F49/><W25/><G35/><T88/><D116/><U27/><E110/><V97/><F24/><N who="3" m="9323" /><G8/><T31/><D31/><U33/><E59/><V3/><F97/><W96/><G67/><T64/><D75/><U5/><E91/><V21/><F21/><W34/><G34/><T130/><D130/><U118/><E118/><V72/><F128/><W129/><G60/><T15/><D77/><U44/><E44/><V30/><F30/><W134/><G129/><T102/><D102/><U76/><E76/><V2/><F78/><N who="3" m="46103" /><G134/><T10/><D10/><U29/><REACH who="1" step="1"/><E5/><REACH who="1" ten="100,25,792,73" step="2"/><V63/><F63/><AGARI ba="0,1" hai="11,12,16,27,29,33,40,43,53,56,63,87,89,94" machi="63" ten="30,7700,0" yaku="1,1,2,1,7,1,54,1,53,0" doraHai="123" doraHaiUra="120" who="1" fromWho="2" sc="100,0,25,87,792,-77,73,0" owari="100,-30.0,112,-9.0,715,82.0,73,-43.0" />
</Scene>
</mjloggm>