<mjloggm ver="2.3"><GO type="169" lobby="0"/><UN n0="%E5%A4%AA%E3%81%8F%E3%81%AA%E3%81%84%E3%81%8A" n1="%6F%72%61%6E%67%65%33%33" n2="%E3%83%AD%E3%83%B3%E3%83%96%E3%83%BC%EF%BC%91%E5%8F%B7" n3="%E5%AE%87%E5%96%9C%E5%A4%9A%E4%B8%87%E9%87%8C%E9%A6%99" dan="17,16,16,17" rate="2173.88,2148.72,2037.84,2159.48" sx="M,M,M,M"/><TAIKYOKU oya="0"/>

<Scene>
<INIT seed="0,0,0,1,1,0" ten="250,250,250,250" oya="0" hai0="46,116,92,122,59,126,80,43,44,101,32,4,85" hai1="47,9,10,17,16,48,23,6,21,133,49,114,5" hai2="67,66,104,95,100,81,77,90,28,57,84,41,75" hai3="52,110,118,61,88,42,50,107,60,63,96,65,29"/><T76/><D116/><U130/><E133/><V93/><F28/><W54/><G118/><T111/><D122/><U30/><E30/><V121/><F41/><W40/><G110/><T68/><D68/><U34/><E34/><V99/><F121/><W117/><G117/><T120/><D32/><U3/><E130/><V87/><F57/><N who="3" m="37103" /><G29/><T69/><D69/><U124/><E124/><V103/><F67/><W119/><G119/><T129/><D120/><U74/><E74/><V20/><F66/><W64/><G107/><T8/><D126/><U70/><E70/><V108/><F20/><W123/><G123/><T71/><D71/><U56/><E56/><V39/><F39/><W24/><G24/><T91/><D129/><U102/><E102/><N who="2" m="62559" /><F108/><W22/><G22/><T128/><D128/><U127/><E127/><V83/><F75/><W25/><G25/><T36/><D111/><U94/><E94/><AGARI ba="0,0" hai="77,81,83,84,87,90,93,94,95,100,103" m="62559" machi="94" ten="30,8000,1" yaku="35,5" doraHai="0" who="2" fromWho="1" sc="250,0,250,-80,250,80,250,0" />
</Scene>
<Scene>
<INIT seed="1,0,0,0,4,26" ten="250,170,330,250" oya="1" hai0="25,10,2,7,81,19,15,71,63,65,9,20,49" hai1="72,13,41,82,125,1,38,128,87,17,124,27,90" hai2="119,120,112,50,106,58,67,39,88,92,126,93,47" hai3="43,30,0,37,131,127,21,61,34,40,85,5,122"/><U57/><E1/><V28/><F106/><W97/><G122/><T108/><D108/><U42/><E128/><V56/><F120/><W44/><G131/><T24/><D49/><U52/><E38/><V134/><F119/><W69/><G43/><T99/><D99/><U45/><E27/><V129/><F39/><W11/><G21/><T94/><D94/><U102/><E102/><V68/><F68/><W78/><G97/><T105/><D105/><U103/><E103/><V4/><F129/><W60/><G127/><N who="1" m="48714" /><E72/><V110/><F4/><W96/><G96/><T22/><D81/><U133/><E45/><V80/><F126/><W70/><G70/><T91/><D91/><U76/><E90/><V104/><F104/><W55/><G55/><T31/><REACH who="0" step="1"/><D25/><REACH who="0" ten="240,170,330,250" step="2"/><U84/><E84/><V48/><F80/><W86/><G85/><T12/><D12/><U79/><E79/><V32/><F92/><W46/><G86/><T114/><D114/><U101/><E101/><V36/><F112/><W62/><G78/><T95/><D95/><U53/><E133/><V3/><F134/><W74/><G74/><T135/><D135/><U121/><E121/><V14/><F14/><W6/><G0/><T107/><D107/><U117/><E117/><V116/><F3/><W29/><G37/><T54/><D54/><N who="1" m="21099" /><E57/><V123/><F58/><W132/><G69/><T100/><D100/><U8/><AGARI ba="0,1" hai="8,13,17,41,42,76,82,87" m="21099,48714" machi="8" ten="30,3000,0" yaku="18,1,54,1" doraHai="26" who="1" fromWho="1" sc="240,-10,170,40,330,-10,250,-10" />
</Scene>
<Scene>
<INIT seed="1,1,0,2,3,31" ten="230,210,320,240" oya="1" hai0="28,17,121,90,113,11,56,70,29,63,34,49,129" hai1="32,64,13,78,30,55,104,98,127,40,15,57,9" hai2="69,120,133,82,109,112,83,125,36,94,50,126,65" hai3="124,88,41,0,8,86,18,47,132,122,99,43,119"/><U3/><E40/><V85/><F36/><W81/><G122/><T2/><D113/><U135/><E3/><V53/><F120/><W37/><G119/><T89/><D121/><U7/><E64/><V100/><F112/><W108/><G43/><T91/><D129/><U66/><E66/><V20/><F133/><W4/><G132/><T106/><D106/><U116/><E116/><V84/><F109/><W6/><G6/><T25/><D70/><U33/><E135/><V118/><F118/><W38/><G108/><T134/><D134/><U93/><E104/><V61/><F20/><W75/><G124/><N who="2" m="47721" /><F85/><W77/><G99/><T92/><D49/><U1/><E78/><V130/><F130/><W67/><G67/><T45/><D45/><U51/><E30/><V23/><F23/><W12/><G38/><T72/><D72/><U46/><E127/><V62/><F62/><W44/><G44/><T24/><D17/><U27/><E27/><V60/><F60/><W87/><REACH who="3" step="1"/><G88/><REACH who="3" ten="230,210,320,230" step="2"/><T97/><D2/><U68/><E1/><V96/><F84/><W117/><G117/><T39/><D39/><U10/><E68/><V131/><F131/><W105/><G105/><T52/><REACH who="0" step="1"/><D11/><AGARI ba="1,1" hai="0,4,8,11,12,18,37,41,47,75,77,81,86,87" machi="11" ten="30,12000,2" yaku="1,1,7,1,25,2,53,2" doraHai="31" doraHaiUra="5" who="3" fromWho="0" sc="230,-123,210,0,320,0,230,133" />
</Scene>
<Scene>
<INIT seed="2,0,0,4,1,42" ten="107,210,320,363" oya="2" hai0="8,71,84,17,97,47,123,116,2,82,128,53,104" hai1="26,98,115,49,30,18,113,45,12,54,95,62,4" hai2="40,50,117,36,85,126,101,91,129,55,60,106,80" hai3="65,68,127,94,83,112,10,132,20,121,22,52,24"/><V124/><F117/><W75/><G121/><T105/><D123/><U46/><E4/><V39/><F60/><W51/><G112/><T72/><D72/><U27/><E62/><V19/><F129/><W111/><G65/><T119/><D71/><U118/><E118/><N who="0" m="45097" /><D128/><U125/><E125/><N who="2" m="48235" /><F40/><W66/><G66/><T7/><D97/><U110/><E110/><V67/><F67/><W35/><G68/><T87/><D17/><U33/><E26/><V31/><F31/><W37/><G37/><T93/><D93/><U131/><E131/><V16/><F101/><W130/><G127/><T9/><D9/><U109/><E109/><V107/><F39/><W25/><G130/><T6/><D6/><U135/><E135/><V122/><F36/><W79/><G111/><T86/><D82/><U134/><E134/><V108/><F122/><W21/><G132/><T90/><D90/><U78/><E78/><V63/><F63/><W100/><G10/><T103/><D103/><U34/><E34/><V70/><F70/><W76/><G76/><T48/><AGARI ba="0,0" hai="2,7,8,47,48,53,84,86,87,104,105" m="45097" machi="48" ten="40,2700,0" yaku="12,1,52,1" doraHai="42" who="0" fromWho="0" sc="107,27,210,-7,320,-13,363,-7" />
</Scene>
<Scene>
<INIT seed="3,0,0,2,0,54" ten="134,203,307,356" oya="3" hai0="129,117,116,82,26,74,62,6,77,33,56,40,14" hai1="67,3,9,114,8,103,83,104,87,127,63,16,0" hai2="46,61,66,45,21,95,71,31,111,30,73,32,119" hai3="101,2,96,36,135,85,44,39,108,38,27,78,7"/><W22/><G135/><T128/><D40/><U70/><E114/><V118/><F73/><W50/><G108/><T113/><D113/><U57/><E103/><V35/><F111/><W76/><G85/><T58/><D6/><U86/><E104/><V12/><F95/><W134/><G134/><T115/><D14/><U10/><E86/><V47/><F12/><W42/><G7/><T43/><D43/><U15/><E127/><V59/><F71/><W122/><G2/><T80/><D115/><U69/><E69/><V20/><F20/><W99/><G122/><T52/><D82/><U4/><E70/><V107/><F107/><W64/><G64/><N who="0" m="38983" /><D26/><U97/><E97/><V24/><REACH who="2" step="1"/><F31/><REACH who="2" ten="134,203,297,356" step="2"/><W79/><REACH who="3" step="1"/><G101/><REACH who="3" ten="134,203,297,346" step="2"/><T109/><D109/><U90/><E3/><V84/><F84/><W23/><G23/><AGARI ba="0,2" hai="0,4,8,9,10,15,16,23,57,63,67,83,87,90" machi="23" ten="30,3900,0" yaku="7,1,52,1,54,1" doraHai="54" who="1" fromWho="3" sc="134,0,203,59,297,0,346,-39" />
</Scene>
<Scene>
<INIT seed="4,0,0,5,4,120" ten="134,262,297,307" oya="0" hai0="75,59,117,17,102,108,4,121,21,107,95,76,73" hai1="63,49,42,16,37,126,61,35,52,27,103,98,39" hai2="19,25,123,78,80,41,10,44,50,38,48,119,68" hai3="13,109,124,69,26,5,116,20,127,83,132,66,128"/><T92/><D121/><U32/><E32/><V82/><F123/><W105/><G105/><T53/><D117/><U8/><E126/><N who="3" m="48170" /><G116/><T81/><D75/><U112/><E112/><V36/><F68/><W90/><G132/><T47/><D4/><U65/><E61/><V58/><F119/><W55/><G128/><T57/><D47/><U88/><E42/><V9/><F82/><W0/><G0/><T22/><D22/><U51/><E51/><V89/><F89/><W18/><G55/><T93/><D108/><U114/><E114/><V67/><F38/><W118/><G118/><T23/><D23/><U46/><E35/><V122/><F122/><W111/><G66/><T133/><D133/><U3/><E3/><V79/><F79/><W113/><G69/><T71/><D71/><U87/><E63/><V130/><F130/><W43/><G43/><T33/><D33/><U101/><E65/><V31/><F19/><W74/><G113/><T62/><D57/><U104/><E103/><V115/><F115/><W2/><G2/><T85/><D107/><U12/><E27/><V129/><F129/><W135/><G135/><T34/><D34/><U29/><E29/><V106/><F106/><W40/><G40/><T60/><D60/><U30/><E30/><V28/><F28/><W86/><G74/><T45/><D45/><U91/><E91/><V15/><F36/><W11/><AGARI ba="0,0" hai="5,11,13,18,20,26,83,86,90,109,111" m="48170" machi="11" ten="30,4000,0" yaku="18,1,52,2" doraHai="120" who="3" fromWho="3" sc="134,-20,262,-10,297,-10,307,40" />
</Scene>
<Scene>
<INIT seed="5,0,0,3,2,35" ten="114,252,287,347" oya="1" hai0="32,103,101,88,117,134,23,91,1,57,113,89,42" hai1="100,70,130,25,52,27,3,34,49,105,44,124,94" hai2="111,82,132,102,45,40,79,29,95,77,96,9,116" hai3="127,114,126,33,129,92,97,93,58,131,24,61,55"/><U78/><E105/><V99/><F111/><W66/><G114/><T17/><D32/><U19/><E70/><V115/><F116/><W46/><G24/><T107/><D117/><U104/><E104/><V110/><F110/><W20/><G20/><T15/><D113/><U59/><E3/><V18/><F115/><W87/><G87/><T67/><D134/><U85/><E130/><N who="3" m="49674" /><G33/><T11/><D42/><N who="1" m="24727" /><E34/><V71/><F71/><W81/><G81/><T50/><D107/><U106/><E106/><V6/><F29/><W36/><G93/><T39/><D39/><U21/><E124/><V26/><F132/><W83/><G83/><T0/><D23/><U125/><E125/><V60/><F99/><W43/><G66/><T118/><D118/><U119/><E119/><V31/><F31/><W133/><G133/><T41/><D67/><U30/><E78/><V62/><F26/><W72/><G72/><T108/><D108/><U53/><E53/><V68/><F79/><W56/><G56/><T2/><REACH who="0" step="1"/><D57/><REACH who="0" ten="104,252,287,347" step="2"/><U12/><E30/><V76/><F68/><W64/><G64/><T8/><D8/><U37/><E37/><V63/><F9/><W47/><G47/><AGARI ba="0,1" hai="0,1,2,11,15,17,41,47,50,88,89,91,101,103" machi="47" ten="50,8000,1" yaku="1,1,52,3,54,1,53,0" doraHai="35" doraHaiUra="90" who="0" fromWho="3" sc="104,90,252,0,287,0,347,-80" />
</Scene>
<Scene>
<INIT seed="6,0,0,2,2,33" ten="194,252,287,267" oya="2" hai0="52,65,12,69,123,47,48,39,85,63,109,135,91" hai1="37,56,10,24,108,133,9,134,129,8,104,72,71" hai2="110,15,107,128,1,88,124,31,70,5,122,119,125" hai3="53,131,17,32,86,132,75,30,26,45,115,64,113"/><V40/><F107/><W4/><G75/><T66/><D109/><U60/><E71/><V35/><F70/><W11/><G132/><N who="1" m="50794" /><E72/><V94/><F122/><W59/><G64/><T13/><D135/><U80/><E37/><V81/><F119/><W22/><G45/><T114/><D123/><U67/><E104/><V44/><F81/><W100/><G86/><T42/><D66/><U62/><E108/><V98/><F110/><W2/><G100/><T73/><D73/><U120/><E129/><V68/><F68/><W96/><G96/><T58/><D114/><N who="3" m="43529" /><G131/><T106/><D106/><U89/><E120/><V97/><F97/><W54/><G59/><T25/><D25/><AGARI ba="0,0" hai="2,4,11,17,22,25,26,30,32,53,54" m="43529" machi="25" ten="30,3900,0" yaku="15,1,11,1,52,1" doraHai="33" who="3" fromWho="0" sc="194,-39,252,0,287,0,267,39" />
</Scene>
<Scene>
<INIT seed="7,0,0,2,4,112" ten="155,252,287,306" oya="3" hai0="31,98,64,6,114,65,3,20,23,63,79,36,95" hai1="76,97,133,118,91,100,126,70,129,85,0,37,66" hai2="108,102,86,7,113,94,1,69,33,110,107,96,10" hai3="78,48,119,4,12,68,19,111,121,38,84,40,57"/><W89/><G68/><T130/><D36/><U29/><E37/><V71/><F113/><W93/><G121/><T43/><D114/><U45/><E0/><V16/><F33/><W18/><G38/><T87/><D43/><U25/><E76/><V104/><F71/><W116/><G111/><T52/><D130/><U34/><E129/><V103/><F69/><W131/><G131/><T99/><D3/><U92/><E45/><V72/><F72/><W101/><G101/><T105/><D6/><U123/><E133/><V32/><F32/><W27/><G78/><T80/><D105/><U74/><E74/><V62/><F62/><W17/><G27/><T117/><D117/><U106/><E126/><V73/><F73/><W125/><G125/><T134/><D134/><U135/><E135/><V49/><F49/><W28/><G28/><T88/><D98/><U30/><E30/><V127/><F127/><W58/><G119/><T35/><D35/><U14/><E14/><V128/><F128/><W39/><G39/><T60/><D60/><N who="1" m="40263" /><E123/><V22/><F86/><W26/><G26/><N who="0" m="16839" /><D23/><U15/><E15/><V59/><F59/><N who="3" m="22539" /><G116/><AGARI ba="0,0" hai="25,29,34,85,91,92,97,100,106,116,118" m="40263" machi="116" ten="30,3900,0" yaku="25,1,52,2" doraHai="112" who="1" fromWho="3" sc="155,0,252,39,287,0,306,-39" />
</Scene>
<Scene>
<INIT seed="8,0,0,4,0,107" ten="155,291,287,267" oya="0" hai0="4,43,102,45,54,23,127,5,28,83,9,60,130" hai1="3,82,59,47,56,70,19,124,92,91,51,99,1" hai2="69,90,30,20,103,71,35,67,118,26,80,79,14" hai3="32,27,95,40,25,16,75,93,44,17,133,36,18"/><T73/><D127/><U119/><E70/><V116/><F103/><W86/><G133/><T77/><D130/><U114/><E3/><V11/><F90/><W39/><G39/><T65/><D54/><N who="1" m="30079" /><E1/><V12/><F35/><W115/><G115/><T78/><D102/><N who="1" m="60775" /><E114/><V24/><F24/><W94/><G75/><T34/><D34/><U81/><E124/><V33/><F33/><W98/><G86/><T129/><D129/><U61/><E119/><N who="2" m="45611" /><F67/><W104/><G104/><T52/><D77/><U84/><E19/><N who="2" m="8607" /><F14/><W10/><G10/><T64/><D28/><U21/><E21/><V105/><F105/><W108/><G108/><T110/><D23/><U111/><E111/><V134/><F134/><W106/><G106/><T74/><D110/><U120/><E120/><V29/><F30/><W113/><G113/><T89/><D89/><N who="1" m="51343" /><E61/><V31/><F29/><W0/><G0/><T117/><D117/><U128/><E128/><V121/><F121/><W123/><G123/><T66/><D9/><U62/><E62/><V46/><F46/><W125/><G125/><T135/><D135/><U72/><E72/><AGARI ba="0,0" hai="20,26,31,69,71,72,79,80" m="8607,45611" machi="72" ten="30,3900,0" yaku="16,1,12,1,52,1" doraHai="107" who="2" fromWho="1" sc="155,0,291,-39,287,39,267,0" owari="155,-34.0,252,-15.0,326,42.0,267,7.0" />
</Scene>
</mjloggm>