<mjloggm ver="2.3"><GO type="169" lobby="0"/><UN n0="%E4%BD%93%E8%82%B2%E9%A4%A8%E9%87%8E%E7%90%83%E9%83%A8%E5%93%A1" n1="%E4%B8%89%E8%89%B2%E5%90%8C%E5%88%BB%E2%98%86" n2="%E5%87%9B%E5%AE%99" n3="%E5%A4%AA%E3%81%8F%E3%81%AA%E3%81%84%E3%81%8A" dan="16,17,17,18" rate="2123.38,2120.17,2124.63,2233.87" sx="M,M,M,M"/><TAIKYOKU oya="0"/>

<Scene>
<INIT seed="0,0,0,1,0,115" ten="250,250,250,250" oya="0" hai0="103,4,7,63,100,29,9,32,114,23,3,35,91" hai1="92,51,41,13,80,120,67,21,70,26,107,116,30" hai2="84,109,74,73,99,110,126,95,54,127,66,37,1" hai3="78,122,86,18,22,43,44,25,38,129,33,47,8"/><T60/><D114/><U82/><E107/><V94/><F37/><W65/><G65/><T83/><D7/><U62/><E120/><V77/><F66/><W58/><G58/><T128/><D128/><U42/><E116/><V2/><F54/><W104/><G104/><T118/><D118/><U71/><E71/><V12/><F12/><W133/><G33/><T52/><D23/><U105/><E105/><V15/><F15/><W97/><G97/><T40/><D40/><U96/><E42/><V134/><F134/><W90/><G78/><T89/><D63/><U59/><E13/><V79/><F99/><W31/><G47/><T125/><D125/><U57/><E70/><V27/><F84/><W131/><G8/><T102/><D29/><U72/><E72/><V112/><F112/><W10/><G10/><T85/><REACH who="0" step="1"/><D89/><REACH who="0" ten="240,250,250,250" step="2"/><N who="1" m="55311" /><E41/><V108/><F109/><W68/><G31/><T123/><D123/><U135/><E135/><V132/><F132/><W75/><G133/><T130/><D130/><U53/><AGARI ba="0,1" hai="21,26,30,51,53,57,59,62,67,80,82" m="55311" machi="53" ten="30,1100,0" yaku="8,1" doraHai="115" who="1" fromWho="1" sc="240,-5,250,21,250,-3,250,-3" />
</Scene>
<Scene>
<INIT seed="1,0,0,3,3,79" ten="235,271,247,247" oya="1" hai0="100,130,118,80,42,20,89,84,31,39,76,120,66" hai1="88,87,71,117,113,70,45,57,65,96,133,119,75" hai2="128,104,33,51,24,11,52,94,74,10,17,101,55" hai3="41,9,91,13,85,135,15,83,60,28,61,34,7"/><U69/><E113/><V73/><F104/><W44/><G135/><T56/><D118/><U93/><E75/><V5/><F128/><W40/><G34/><T134/><D134/><U38/><E133/><V4/><F101/><W106/><G106/><T35/><D130/><U109/><E109/><V50/><F94/><W64/><G28/><T92/><D35/><U22/><E22/><V72/><F33/><W108/><G108/><T6/><D120/><U49/><E38/><V58/><F24/><W48/><G41/><T3/><D100/><U115/><E115/><V67/><F67/><W0/><REACH who="3" step="1"/><G60/><REACH who="3" ten="235,271,247,237" step="2"/><T131/><D131/><U78/><E119/><V77/><F4/><W2/><G2/><T1/><D1/><U122/><E117/><V30/><F30/><W32/><G32/><T81/><D6/><U105/><E105/><V47/><F17/><W95/><G95/><T14/><D3/><U43/><E122/><V124/><F5/><W114/><G114/><T116/><D116/><U26/><E26/><V123/><F123/><W121/><G121/><T12/><D42/><U23/><E43/><V62/><F62/><W27/><G27/><N who="0" m="16871" /><D39/><U107/><E93/><V129/><F129/><W103/><G103/><T99/><D81/><U8/><E107/><V29/><F29/><W59/><AGARI ba="0,1" hai="0,7,9,13,15,40,44,48,59,61,64,83,85,91" machi="59" ten="20,5200,0" yaku="1,1,0,1,7,1,52,1,53,0" doraHai="79" doraHaiUra="98" who="3" fromWho="3" sc="235,-13,271,-26,247,-13,237,62" />
</Scene>
<Scene>
<INIT seed="2,0,0,5,2,127" ten="222,245,234,299" oya="2" hai0="6,84,28,0,48,104,35,16,19,88,75,105,107" hai1="85,14,113,20,37,3,93,70,108,8,32,121,124" hai2="120,91,109,106,36,97,130,66,46,117,135,86,50" hai3="132,24,118,5,49,101,123,110,42,53,119,56,134"/><V40/><F117/><N who="3" m="44555" /><G5/><T122/><D122/><U111/><E124/><V43/><F120/><W87/><G24/><T71/><D75/><U82/><E113/><V15/><F135/><N who="3" m="51755" /><G87/><T38/><D38/><U7/><E37/><V31/><F31/><W114/><G101/><T12/><D71/><U77/><E70/><V27/><F27/><W17/><G17/><T74/><D74/><U58/><E121/><V34/><F34/><W4/><G4/><T64/><D64/><U41/><E41/><V23/><F23/><W25/><G25/><T33/><D48/><U95/><E32/><V67/><F15/><W63/><G123/><T10/><D19/><N who="1" m="10359" /><E58/><V54/><F106/><W68/><G114/><T76/><D76/><U51/><E51/><V11/><F11/><W69/><G110/><AGARI ba="0,0" hai="3,7,8,77,82,85,93,95,108,110,111" m="10359" machi="110" ten="30,1000,0" yaku="14,1" doraHai="127" who="1" fromWho="3" sc="222,0,245,10,234,0,299,-10" />
</Scene>
<Scene>
<INIT seed="3,0,0,0,1,52" ten="222,255,234,289" oya="3" hai0="78,14,125,99,57,74,69,0,118,23,29,76,13" hai1="80,22,103,88,120,26,60,126,44,122,92,54,98" hai2="17,36,64,31,15,47,35,49,24,127,65,114,4" hai3="94,66,56,95,130,77,100,38,59,106,43,87,75"/><W89/><G130/><T30/><D118/><U73/><E126/><V90/><F114/><W131/><G131/><T112/><D69/><U129/><E129/><V85/><F36/><W12/><G95/><T84/><D0/><U86/><E73/><V72/><F4/><W67/><G43/><T113/><D74/><U128/><E128/><V48/><F72/><W55/><G38/><T119/><D119/><U124/><E124/><V2/><F2/><W39/><G39/><T83/><D125/><U11/><E11/><V61/><F127/><W18/><G106/><T115/><D78/><U62/><E62/><V6/><F6/><W117/><G117/><T123/><D123/><U110/><E110/><V133/><F133/><W21/><G100/><T9/><D99/><U7/><E7/><V111/><F111/><W93/><G93/><T42/><D42/><U50/><REACH who="1" step="1"/><E60/><REACH who="1" ten="222,245,234,289" step="2"/><V40/><F61/><W25/><G75/><T134/><D134/><U68/><E68/><V116/><F116/><W32/><G67/><T20/><D113/><U3/><E3/><V96/><F64/><W102/><G66/><T45/><D115/><U10/><E10/><V109/><F65/><W79/><G102/><T51/><D9/><U104/><E104/><V34/><F109/><W91/><G91/><T58/><D112/><U97/><E97/><V71/><F96/><W132/><G132/><T135/><D135/><U33/><E33/><V101/><F35/><W108/><G108/><T53/><D23/><U27/><E27/><V41/><F101/><W19/><G32/><T28/><D20/><RYUUKYOKU ba="0,1" sc="222,15,245,15,234,-15,289,-15" hai0="13,14,28,29,30,45,51,53,57,58,76,83,84" hai1="22,26,44,50,54,80,86,88,92,98,103,120,122" />
</Scene>
<Scene>
<INIT seed="4,1,1,5,3,75" ten="237,260,219,274" oya="0" hai0="122,68,30,15,58,127,9,37,94,104,118,93,17" hai1="134,76,36,29,35,33,21,32,57,55,103,115,49" hai2="98,79,126,60,128,46,77,74,108,73,25,96,132" hai3="101,4,34,99,40,129,38,119,10,86,64,6,44"/><T89/><D122/><U82/><E36/><V54/><F108/><W3/><G119/><T102/><D118/><U43/><E43/><V113/><F113/><W22/><G34/><T80/><D68/><U95/><E134/><V28/><F132/><W70/><G22/><T18/><D127/><U91/><E103/><V20/><F126/><W83/><G129/><T88/><D104/><U121/><E121/><V117/><F117/><W45/><G6/><N who="0" m="3511" /><D37/><U112/><E21/><V16/><F128/><W81/><G45/><T51/><D30/><U123/><E29/><V92/><F74/><W39/><G39/><T90/><D80/><U84/><REACH who="1" step="1"/><E123/><REACH who="1" ten="237,250,219,274" step="2"/><V125/><F125/><W71/><G101/><T65/><D102/><U116/><E116/><V2/><F28/><W27/><G40/><T52/><D65/><U61/><E61/><V78/><F73/><AGARI ba="1,2" hai="32,33,35,49,55,57,73,76,82,84,91,95,112,115" machi="73" ten="50,3200,0" yaku="1,1,52,1,53,0" doraHai="75" doraHaiUra="69" who="1" fromWho="2" sc="237,0,250,55,219,-35,274,0" />
</Scene>
<Scene>
<INIT seed="5,0,0,5,5,85" ten="237,305,184,274" oya="1" hai0="38,72,22,35,90,58,81,111,2,80,76,26,43" hai1="59,68,50,21,54,130,66,16,53,10,132,109,73" hai2="126,83,15,62,106,42,117,115,69,39,14,105,1" hai3="74,95,100,64,118,33,124,51,9,96,36,29,65"/><U67/><E73/><V125/><F117/><W99/><G36/><T19/><D111/><U77/><E77/><V28/><F1/><W101/><G74/><T49/><D38/><U131/><E68/><V41/><F28/><W135/><G118/><T88/><D2/><U37/><E37/><V40/><F39/><W23/><G33/><T5/><D5/><U63/><E10/><V17/><F83/><N who="0" m="31818" /><D35/><U75/><E75/><V55/><F115/><W89/><G124/><N who="2" m="47721" /><F69/><W31/><G135/><T92/><D72/><U82/><E82/><V20/><F14/><W123/><G123/><T110/><D110/><U120/><E120/><V103/><F103/><W56/><G9/><T121/><D121/><U8/><E8/><V119/><F119/><W71/><G71/><T84/><D92/><U128/><E132/><V61/><F61/><W7/><G95/><T44/><D76/><U4/><E4/><V24/><F24/><W0/><G7/><T32/><D32/><U47/><REACH who="1" step="1"/><E109/><REACH who="1" ten="237,295,184,274" step="2"/><V98/><F106/><W129/><G0/><T6/><D6/><U78/><E78/><V11/><F105/><W60/><G129/><T46/><D84/><U87/><E87/><V127/><F11/><W116/><G116/><T104/><D104/><U86/><E86/><V122/><F122/><W52/><G99/><T113/><D113/><U107/><E107/><V45/><F98/><W79/><G79/><T93/><D93/><U91/><E91/><V134/><F134/><W112/><G89/><T94/><D90/><U102/><E102/><V57/><N who="2" m="47729" /><V3/><DORA hai="12" /><F3/><RYUUKYOKU ba="0,1" sc="237,-15,295,15,184,15,274,-15" hai1="16,21,47,50,53,54,59,63,66,67,128,130,131" hai2="15,17,20,40,41,42,45,55,57,62" />
</Scene>
<Scene>
<INIT seed="5,1,1,4,2,15" ten="222,310,199,259" oya="1" hai0="117,133,96,46,86,11,12,69,94,121,10,27,42" hai1="126,104,26,73,115,20,105,55,109,2,49,62,80" hai2="113,6,77,106,24,28,127,60,23,25,74,110,120" hai3="51,54,84,114,17,36,34,61,98,31,29,107,92"/><U59/><E2/><V131/><F106/><W4/><G36/><T53/><D117/><U16/><E115/><V119/><F77/><W40/><G4/><T65/><D133/><U112/><E112/><V72/><F60/><W111/><G111/><T81/><D121/><U22/><E126/><V79/><F79/><W89/><G114/><T68/><D53/><U47/><E109/><V128/><F74/><W39/><G34/><T88/><D27/><U30/><E73/><V122/><F72/><W35/><G35/><T41/><D65/><U13/><REACH who="1" step="1"/><E80/><REACH who="1" ten="222,300,199,259" step="2"/><V75/><F75/><W83/><G83/><T135/><D135/><U18/><E18/><N who="2" m="12407" /><F113/><W70/><G17/><N who="0" m="8343" /><D68/><U129/><E129/><N who="2" m="49739" /><F110/><W44/><G70/><T90/><D69/><U132/><E132/><V85/><F127/><W93/><G31/><T134/><D134/><U71/><E71/><V8/><F119/><W124/><G29/><T21/><D46/><U9/><E9/><V76/><F76/><W91/><G124/><T116/><D11/><U56/><E56/><V97/><F97/><W100/><G44/><T3/><D3/><U87/><E87/><V118/><F85/><W14/><G84/><T7/><D7/><U102/><E102/><V101/><F101/><W32/><G100/><T5/><D116/><U19/><E19/><V45/><F45/><W52/><G98/><T103/><D5/><U57/><E57/><V58/><F58/><W67/><G91/><T43/><D103/><U78/><E78/><V125/><F125/><W33/><G89/><T37/><D37/><U108/><E108/><RYUUKYOKU ba="1,2" sc="222,15,300,15,199,-15,259,-15" hai0="21,41,42,43,81,86,88,90,94,96" hai1="13,16,20,22,26,30,47,49,55,59,62,104,105" />
</Scene>
<Scene>
<INIT seed="5,2,2,3,0,92" ten="237,315,184,244" oya="1" hai0="108,34,70,130,103,119,89,74,10,80,126,59,78" hai1="129,9,17,20,51,135,55,83,82,81,90,44,71" hai2="109,15,14,42,65,111,8,106,16,117,45,102,97" hai3="91,32,28,116,124,54,86,56,115,67,26,99,39"/><U27/><E71/><V43/><F117/><W93/><G39/><T2/><D108/><U79/><E129/><V37/><F65/><W38/><G38/><T13/><D119/><U112/><E112/><V118/><F118/><W87/><G116/><T48/><D70/><U25/><E135/><V84/><F84/><W3/><G3/><T77/><D2/><U0/><E0/><V11/><REACH who="2" step="1"/><F43/><REACH who="2" ten="237,315,174,244" step="2"/><W31/><G67/><T133/><D74/><U57/><E79/><V6/><AGARI ba="2,3" hai="6,8,11,14,15,16,37,42,45,97,102,106,109,111" machi="6" ten="20,16000,3" yaku="1,1,2,1,0,1,7,1,52,1,54,1,53,2" doraHai="92" doraHaiUra="120" who="2" fromWho="2" sc="237,-42,315,-82,174,196,244,-42" />
</Scene>
<Scene>
<INIT seed="6,0,0,3,5,100" ten="195,233,370,202" oya="2" hai0="88,16,105,122,133,25,43,83,21,51,19,127,49" hai1="37,4,42,12,28,26,11,92,10,103,96,72,47" hai2="124,90,123,95,55,14,36,31,27,74,91,119,3" hai3="82,98,81,8,93,39,115,46,106,52,121,70,56"/><V116/><F123/><W94/><G121/><T132/><D122/><U64/><E10/><V113/><F3/><W60/><G115/><T50/><D127/><U23/><E64/><V59/><F36/><W29/><G29/><N who="0" m="17583" /><D105/><U87/><REACH who="1" step="1"/><E87/><REACH who="1" ten="195,223,370,202" step="2"/><V134/><F116/><W110/><G8/><T108/><D108/><U125/><E125/><V120/><F124/><W0/><G110/><T18/><D133/><U128/><E128/><V68/><F134/><W104/><G0/><T15/><D132/><U45/><E45/><V77/><F120/><W76/><G46/><N who="0" m="25823" /><D15/><U99/><E99/><V40/><F119/><W97/><G98/><T89/><D89/><U78/><E78/><V135/><F135/><W7/><G97/><T30/><D30/><U33/><E33/><V34/><F113/><W118/><G76/><T13/><D13/><U66/><E66/><V102/><F14/><W9/><G118/><T63/><D63/><U62/><E62/><V67/><F67/><W130/><G130/><T126/><D126/><U5/><E5/><V84/><F34/><W44/><G7/><T101/><D101/><U35/><E35/><V65/><F102/><W58/><G60/><T1/><D1/><U2/><E2/><V53/><F65/><W41/><G70/><T73/><D73/><AGARI ba="0,1" hai="4,11,12,23,26,28,37,42,47,72,73,92,96,103" machi="73" ten="40,1300,0" yaku="1,1,53,0" doraHai="100" doraHaiUra="109" who="1" fromWho="0" sc="195,-13,223,23,370,0,202,0" />
</Scene>
<Scene>
<INIT seed="7,0,0,2,5,64" ten="182,246,370,202" oya="3" hai0="97,55,128,5,74,3,13,44,127,70,107,63,131" hai1="72,112,18,93,15,108,125,4,35,117,114,26,129" hai2="98,20,115,111,28,116,75,25,95,73,94,32,66" hai3="100,59,37,16,122,92,87,8,34,10,17,54,121"/><W61/><G34/><T19/><D74/><U57/><E108/><V96/><F111/><W135/><G37/><T103/><D127/><U130/><E125/><V110/><F115/><N who="1" m="44073" /><E117/><V60/><F116/><W81/><G135/><T88/><D5/><U91/><E72/><V46/><F46/><W99/><G122/><T48/><D3/><U43/><E43/><V82/><F82/><W36/><G36/><T123/><D123/><U2/><E2/><V65/><F110/><W42/><G42/><T78/><D78/><U12/><E4/><V62/><F20/><W47/><G47/><T23/><REACH who="0" step="1"/><D88/><REACH who="0" ten="172,246,370,202" step="2"/><U69/><E91/><V79/><F79/><N who="3" m="46527" /><G121/><T89/><D89/><U119/><E119/><V1/><F1/><W7/><G7/><T27/><D27/><U56/><E26/><V133/><F25/><W67/><G67/><AGARI ba="0,1" hai="13,19,23,44,48,55,63,67,70,97,103,107,128,131" machi="67" ten="40,2600,0" yaku="1,1,52,1,53,0" doraHai="64" doraHaiUra="38" who="0" fromWho="3" sc="172,36,246,0,370,0,202,-26" owari="208,-19.0,246,5.0,370,46.0,176,-32.0" />
</Scene>
</mjloggm>