<mjloggm ver="2.3"><GO type="169" lobby="0"/><UN n0="%34%6D%61%6A%69%72%6F" n1="%E5%A4%AA%E3%81%8F%E3%81%AA%E3%81%84%E3%81%8A" n2="%E7%9C%9F%E5%86%AC%E3%81%AE%E5%90%91%E6%97%A5%E8%91%B5" n3="%74%75%75%6B%61%69%33" dan="16,17,17,16" rate="2115.20,2198.86,2148.22,2140.16" sx="M,M,M,M"/><TAIKYOKU oya="0"/>

<Scene>
<INIT seed="0,0,0,2,5,68" ten="250,250,250,250" oya="0" hai0="89,96,100,17,45,82,80,128,67,132,29,94,56" hai1="9,130,62,84,35,46,6,37,77,104,108,134,88" hai2="19,28,95,64,123,91,31,126,105,48,16,102,34" hai3="117,40,106,23,3,83,111,5,125,124,121,32,47"/><T49/><D128/><U33/><E104/><V50/><F123/><W109/><G32/><T76/><D132/><U127/><E77/><V70/><F105/><W113/><G106/><T12/><D29/><U59/><E134/><V116/><F102/><W21/><G117/><T69/><D69/><U60/><E130/><V15/><F19/><W65/><G65/><T55/><D76/><U63/><E59/><V71/><F71/><W78/><G113/><T1/><D1/><U24/><E127/><N who="3" m="48714" /><G5/><T118/><D118/><U119/><E119/><V43/><F34/><W103/><G103/><T58/><D67/><U74/><E74/><V72/><F72/><N who="3" m="43463" /><G3/><T22/><D80/><U85/><E108/><N who="3" m="41546" /><G121/><T0/><D0/><U20/><E33/><V41/><F64/><W4/><G4/><T8/><REACH who="0" step="1"/><D22/><REACH who="0" ten="240,250,250,250" step="2"/><U101/><E20/><V7/><F116/><W44/><G44/><T81/><D81/><U120/><E46/><V14/><F126/><W90/><G90/><T92/><D92/><U25/><E88/><V115/><F95/><W57/><G57/><T131/><D131/><U2/><E35/><V133/><F91/><W112/><G112/><T97/><D97/><U52/><E120/><V30/><F115/><W107/><G107/><T27/><D27/><U86/><E24/><V54/><F70/><W98/><G98/><T73/><D73/><U79/><E25/><V36/><F133/><W135/><G135/><T18/><D18/><U75/><E75/><V26/><F16/><W93/><G93/><T66/><D66/><U39/><E79/><V42/><F26/><RYUUKYOKU ba="0,1" sc="240,15,250,-15,250,-15,250,15" hai0="8,12,17,45,49,55,56,58,82,89,94,96,100" hai3="21,23,40,47" />
</Scene>
<Scene>
<INIT seed="0,1,1,5,5,31" ten="255,235,235,265" oya="0" hai0="22,126,74,0,119,135,113,29,92,17,61,57,94" hai1="23,54,104,124,114,116,78,101,16,68,81,89,62" hai2="127,64,128,133,9,88,93,118,112,59,58,82,10" hai3="33,63,132,44,107,53,47,43,102,48,36,60,24"/><T87/><D119/><U115/><E116/><V97/><F112/><N who="1" m="43049" /><E124/><V6/><F118/><W32/><G132/><T19/><D74/><U21/><E89/><V7/><F133/><W72/><G72/><T28/><D0/><U79/><E81/><V20/><F127/><W67/><G24/><T50/><D113/><U108/><E23/><V35/><F35/><W40/><G107/><T99/><D87/><U125/><E108/><V85/><F128/><W25/><G25/><T55/><D126/><U34/><E125/><V134/><F20/><W84/><G102/><T46/><D135/><U86/><E86/><V106/><F106/><W39/><G84/><T38/><D38/><U121/><E121/><V123/><F123/><W14/><G14/><N who="0" m="9527" /><D19/><U13/><E34/><V109/><F109/><W49/><G53/><N who="0" m="33967" /><D94/><U98/><E54/><V80/><F134/><W71/><G71/><T77/><D77/><U66/><AGARI ba="1,1" hai="13,16,21,62,66,68,78,79,98,101,104" m="43049" machi="66" ten="30,2000,0" yaku="11,1,54,1" doraHai="31" who="1" fromWho="1" sc="255,-11,235,33,235,-6,265,-6" />
</Scene>
<Scene>
<INIT seed="1,0,0,1,1,101" ten="244,268,229,259" oya="1" hai0="26,51,10,125,98,108,34,0,94,119,21,11,62" hai1="16,82,129,122,110,120,6,4,23,116,28,70,96" hai2="68,30,97,77,79,15,58,133,105,132,35,5,1" hai3="37,50,131,61,19,80,2,117,88,65,64,75,92"/><U38/><E38/><V85/><F68/><W12/><G37/><T33/><D62/><U14/><E70/><V78/><F1/><W81/><G2/><T124/><D51/><U24/><E82/><V9/><F58/><W57/><G131/><T87/><D87/><U128/><E96/><V107/><F85/><W17/><G117/><T126/><D119/><U123/><E116/><V127/><F127/><W66/><G50/><T22/><D108/><U106/><E106/><V95/><F30/><W99/><G75/><T72/><D72/><U114/><E114/><V20/><F20/><N who="0" m="7786" /><D0/><U103/><E103/><N who="2" m="60863" /><F35/><N who="0" m="13322" /><D26/><U134/><E110/><V74/><F74/><W32/><G32/><T53/><D53/><U36/><E36/><V25/><F25/><W60/><G60/><T91/><AGARI ba="0,0" hai="10,11,91,94,98,124,125,126" m="13322,7786" machi="91" ten="40,1500,0" yaku="18,1" doraHai="101" who="0" fromWho="0" sc="244,15,268,-7,229,-4,259,-4" />
</Scene>
<Scene>
<INIT seed="2,0,0,3,0,97" ten="259,261,225,255" oya="2" hai0="16,63,15,55,43,22,115,4,112,78,98,32,31" hai1="73,67,108,26,1,88,109,49,70,85,37,9,5" hai2="105,36,129,86,21,64,126,122,120,68,27,117,17" hai3="87,72,71,104,60,99,66,128,82,91,7,119,102"/><V113/><F113/><W83/><G119/><T65/><D78/><U94/><E37/><V50/><F36/><W19/><G128/><T39/><D4/><U106/><E73/><V11/><F117/><W3/><G19/><T80/><D80/><U24/><E106/><V38/><F38/><W48/><G48/><T30/><D55/><U40/><E67/><V74/><F74/><W75/><REACH who="3" step="1"/><G83/><REACH who="3" ten="259,261,225,245" step="2"/><T81/><D81/><U59/><E49/><V118/><F50/><W131/><G131/><T123/><D115/><U28/><E108/><V116/><F17/><W23/><G23/><T90/><D112/><U35/><E109/><V110/><F110/><W54/><G54/><T44/><D32/><U0/><E35/><V52/><F21/><W14/><G14/><T2/><D2/><U96/><E1/><V10/><F52/><W114/><G114/><T12/><D12/><U132/><E0/><V101/><F129/><W92/><G92/><N who="0" m="56599" /><D123/><U51/><E94/><V76/><F120/><W8/><AGARI ba="0,1" hai="3,7,8,60,66,71,72,75,82,87,91,99,102,104" machi="8" ten="30,7900,0" yaku="1,1,0,1,52,1,53,1" doraHai="97" doraHaiUra="93" who="3" fromWho="3" sc="259,-20,261,-20,225,-39,245,89" />
</Scene>
<Scene>
<INIT seed="3,0,0,3,0,97" ten="239,241,186,334" oya="3" hai0="1,66,33,123,25,121,24,48,98,34,101,6,23" hai1="84,100,71,78,64,57,116,67,47,124,135,30,81" hai2="11,106,130,70,108,15,96,99,20,16,8,4,117" hai3="37,46,102,45,53,80,79,111,88,58,17,126,122"/><W42/><G122/><T86/><D66/><U77/><E71/><V94/><F117/><W113/><G113/><T38/><D38/><U39/><E116/><V28/><F70/><W3/><G3/><T21/><D86/><U104/><E30/><V35/><F108/><W13/><G126/><T112/><D48/><U2/><E2/><V59/><F130/><W54/><G111/><T89/><D89/><U68/><E68/><V14/><F35/><W10/><G46/><T109/><D109/><U87/><E124/><V91/><F59/><W55/><G102/><T115/><D98/><U56/><E39/><V92/><F106/><W119/><G119/><T29/><D101/><U93/><E104/><V44/><F44/><W50/><REACH who="3" step="1"/><G88/><REACH who="3" ten="239,241,186,324" step="2"/><T61/><D1/><U110/><E100/><N who="2" m="60423" /><F28/><W105/><G105/><T12/><D123/><U107/><E107/><V9/><AGARI ba="0,1" hai="4,8,9,11,14,15,16,20,91,94,99" m="60423" machi="9" ten="30,4000,0" yaku="8,1,52,1,54,1" doraHai="97" who="2" fromWho="2" sc="239,-10,241,-10,186,50,324,-20" />
</Scene>
<Scene>
<INIT seed="4,0,0,4,4,64" ten="229,231,236,304" oya="0" hai0="82,46,10,41,52,7,84,5,65,42,118,89,107" hai1="113,122,124,75,19,18,37,39,108,93,40,96,81" hai2="94,119,57,13,120,69,6,88,1,132,97,85,106" hai3="61,70,104,131,125,123,4,87,20,67,126,27,25"/><T90/><D107/><U34/><E108/><V47/><F120/><W33/><G123/><T36/><D118/><U79/><E122/><V83/><F1/><W77/><G104/><T59/><D65/><U66/><E34/><V76/><F119/><W92/><G33/><T26/><D42/><U0/><E124/><N who="3" m="47722" /><G4/><T29/><D89/><U72/><E72/><V48/><F132/><W100/><G131/><T58/><D58/><U62/><E0/><V115/><F115/><W8/><G8/><T43/><D43/><U95/><E113/><V56/><F69/><W21/><G77/><T105/><D105/><U68/><E93/><V127/><F106/><W14/><G14/><T11/><D5/><U31/><E31/><V135/><F135/><W86/><G100/><T121/><D121/><U73/><E75/><V134/><F134/><W16/><G92/><T2/><D11/><U22/><E40/><N who="2" m="24679" /><F127/><W128/><G128/><T55/><REACH who="0" step="1"/><D59/><REACH who="0" ten="219,231,236,304" step="2"/><U17/><REACH who="1" step="1"/><E22/><AGARI ba="0,1" hai="2,7,10,22,26,29,36,41,46,52,55,82,84,90" machi="22" ten="30,11600,0" yaku="1,1,2,1,7,1,54,1,53,0" doraHai="64" doraHaiUra="101" who="0" fromWho="1" sc="219,126,231,-116,236,0,304,0" />
</Scene>
<Scene>
<INIT seed="4,1,0,1,5,113" ten="345,115,236,304" oya="0" hai0="86,77,119,24,130,23,3,97,0,126,93,31,79" hai1="70,45,50,127,135,67,133,123,116,100,56,87,121" hai2="62,118,92,60,132,98,105,12,117,103,57,28,101" hai3="5,134,84,120,80,83,13,26,19,114,42,78,66"/><T76/><D126/><U51/><E100/><V1/><F1/><W52/><G114/><T64/><D130/><U115/><E87/><V10/><F132/><N who="1" m="50761" /><E115/><V104/><F28/><W90/><G134/><T32/><D86/><U69/><E127/><V48/><F48/><N who="1" m="18473" /><E45/><V22/><F22/><W39/><G39/><T2/><D119/><N who="2" m="45578" /><F103/><W35/><G120/><N who="1" m="46154" /><E116/><V89/><F101/><W15/><G35/><T85/><D85/><U20/><E20/><V94/><F94/><W7/><G42/><T108/><D32/><U44/><E44/><V16/><F62/><AGARI ba="1,0" hai="56,62,67,69,70" m="46154,18473,50761" machi="62" ten="40,5200,0" yaku="20,1,34,2" doraHai="113" who="1" fromWho="2" sc="345,0,115,55,236,-55,304,0" />
</Scene>
<Scene>
<INIT seed="5,0,0,4,1,72" ten="345,170,181,304" oya="1" hai0="100,97,123,79,54,66,105,107,20,111,53,17,112" hai1="15,36,26,81,124,135,32,98,56,57,126,118,18" hai2="46,61,99,12,94,96,115,40,102,83,29,130,71" hai3="95,132,69,101,41,1,47,35,16,106,58,48,51"/><U25/><E118/><V44/><F130/><W119/><G69/><T133/><D112/><U52/><E36/><V7/><F115/><W67/><G106/><T84/><D133/><U122/><E122/><V4/><F29/><W3/><G35/><T131/><D107/><U90/><E135/><V91/><F46/><W6/><G132/><T34/><D34/><U73/><E57/><V134/><F134/><W13/><G119/><T86/><D86/><N who="1" m="50511" /><E98/><V113/><F113/><W78/><G6/><T27/><D111/><U109/><E73/><V77/><F12/><W121/><G121/><T76/><D66/><U92/><E92/><V114/><F114/><W0/><G95/><N who="0" m="58431" /><D131/><U9/><E32/><V88/><F61/><W49/><G101/><T103/><D103/><U68/><E68/><V11/><F71/><W127/><G127/><N who="1" m="48682" /><E109/><V23/><F102/><W42/><G47/><T31/><D105/><U21/><E21/><V30/><F23/><W50/><G41/><T65/><D65/><U110/><E110/><V70/><F70/><W129/><G42/><T24/><D84/><U89/><E89/><V8/><F40/><W128/><G67/><T37/><D37/><U60/><AGARI ba="0,0" hai="9,15,18,25,26,52,56,60" m="48682,50511" machi="60" ten="30,3000,0" yaku="18,1,54,1" doraHai="72" who="1" fromWho="1" sc="345,-10,170,30,181,-10,304,-10" />
</Scene>
<Scene>
<INIT seed="5,1,0,2,2,51" ten="335,200,171,294" oya="1" hai0="28,65,33,92,7,39,60,11,96,88,69,4,41" hai1="35,128,108,52,72,37,15,134,63,23,70,102,34" hai2="100,113,135,16,133,68,49,85,78,95,114,90,24" hai3="87,66,5,99,13,44,125,14,91,30,9,59,104"/><U120/><E120/><V29/><F68/><W0/><G125/><T123/><D123/><U101/><E72/><V32/><F78/><W38/><G30/><T2/><D4/><U71/><E37/><V132/><F100/><W98/><G104/><T103/><D28/><U131/><E134/><V50/><REACH who="2" step="1"/><F16/><REACH who="2" ten="335,200,161,294" step="2"/><W73/><G5/><T126/><D103/><U81/><E101/><V53/><F53/><W118/><G118/><T97/><D7/><U36/><E102/><V80/><F80/><W6/><G6/><T22/><D2/><U10/><E81/><V121/><F121/><W127/><G127/><T67/><D67/><U83/><E83/><V20/><F20/><W17/><G66/><T47/><D22/><U115/><E23/><V116/><F116/><W62/><G17/><T122/><D122/><U26/><E70/><V111/><F111/><W112/><G9/><T129/><D126/><U54/><E108/><V76/><F76/><W42/><G14/><T74/><D65/><U117/><E117/><V82/><F82/><W55/><G13/><T31/><D69/><U107/><E15/><V89/><F89/><W119/><G0/><T79/><D79/><U56/><E71/><V61/><F61/><W84/><G62/><T64/><D64/><U130/><E10/><V43/><F43/><W3/><G42/><T25/><D11/><U19/><E19/><V94/><F94/><W18/><G18/><T27/><D60/><N who="1" m="35847" /><E54/><V86/><F86/><W12/><G87/><T45/><D41/><U58/><E63/><V40/><F40/><W106/><G3/><RYUUKYOKU ba="1,1" sc="335,-10,200,-10,161,30,294,-10" hai2="24,29,32,49,50,85,90,95,113,114,132,133,135" />
</Scene>
<Scene>
<INIT seed="6,2,1,1,4,25" ten="325,190,191,284" oya="2" hai0="56,47,111,84,73,78,121,20,38,72,27,118,117" hai1="122,3,105,94,131,44,29,46,127,75,96,107,100" hai2="62,68,53,132,1,9,95,50,14,22,130,43,129" hai3="103,102,11,42,69,24,6,40,18,66,10,61,4"/><V0/><F132/><W128/><G128/><N who="2" m="49257" /><F43/><W45/><G40/><T60/><D111/><U8/><E131/><V109/><F109/><W113/><G113/><T2/><D2/><U7/><E75/><V101/><F22/><W80/><G80/><N who="0" m="47127" /><D47/><U76/><E76/><V83/><F83/><W126/><G126/><T41/><D121/><U88/><E127/><V51/><F101/><W15/><G18/><N who="0" m="12695" /><D38/><U104/><E122/><V39/><F39/><W79/><G79/><T30/><D41/><U33/><E33/><V12/><F95/><W13/><REACH who="3" step="1"/><G24/><REACH who="3" ten="325,190,191,274" step="2"/><T98/><D118/><U57/><E29/><V85/><F0/><W123/><G123/><T89/><D30/><U35/><E35/><V70/><F1/><W67/><G67/><T87/><D117/><U90/><REACH who="1" step="1"/><E57/><REACH who="1" ten="325,180,191,274" step="2"/><V49/><F68/><W21/><G21/><T108/><D108/><U17/><E17/><V26/><F70/><W112/><G112/><T5/><D56/><U135/><E135/><V97/><F9/><W120/><G120/><T110/><D110/><U48/><E48/><AGARI ba="2,3" hai="4,6,10,11,13,15,42,45,48,61,66,69,102,103" machi="48" ten="30,3900,0" yaku="1,1,7,1,9,1,53,0" doraHai="25" doraHaiUra="31" who="3" fromWho="1" sc="325,0,180,-45,191,0,274,75" />
</Scene>
<Scene>
<INIT seed="7,0,0,4,4,25" ten="325,135,191,349" oya="3" hai0="93,115,121,113,68,126,71,65,107,12,38,86,114" hai1="49,134,96,55,27,13,106,37,87,22,69,33,54" hai2="16,39,111,128,112,100,95,78,130,91,20,21,19" hai3="23,85,132,74,47,88,17,14,61,52,72,75,84"/><W4/><G132/><T135/><D121/><U116/><E37/><V67/><F111/><W105/><G105/><T63/><D107/><U124/><E134/><V36/><F112/><W50/><G4/><T48/><D135/><U103/><E124/><V6/><F100/><W28/><G28/><T122/><D122/><U94/><E116/><V109/><F109/><W129/><G129/><N who="2" m="49769" /><F6/><W35/><G35/><T56/><D38/><N who="2" m="14378" /><F78/><W11/><G11/><T29/><D12/><U127/><E127/><V1/><F1/><W108/><G108/><T83/><D93/><U2/><E2/><V15/><F67/><W104/><G104/><T89/><D126/><U120/><E120/><V131/><F131/><W76/><G76/><T42/><D29/><U64/><E13/><N who="2" m="9231" /><F95/><N who="3" m="54663" /><G61/><T45/><AGARI ba="0,0" hai="42,45,48,56,63,65,68,71,83,86,89,113,114,115" machi="45" ten="40,5200,0" yaku="0,1,15,1,11,1" doraHai="25" who="0" fromWho="0" sc="325,52,135,-13,191,-13,349,-26" owari="377,48.0,122,-38.0,178,-22.0,323,12.0" />
</Scene>
</mjloggm>