<mjloggm ver="2.3"><GO type="169" lobby="0"/><UN n0="%E5%A4%AA%E3%81%8F%E3%81%AA%E3%81%84%E3%81%8A" n1="%72%6F%6F%74%21" n2="%E8%A3%8F%E6%8A%95%E3%81%92%E4%B8%80%E6%9C%AC" n3="%70%6F%6E%2D%65%6E" dan="17,16,16,17" rate="2190.49,2084.24,2113.37,2183.38" sx="M,M,M,M"/><TAIKYOKU oya="0"/>

<Scene>
<INIT seed="0,0,0,3,5,89" ten="250,250,250,250" oya="0" hai0="77,62,86,20,14,12,119,48,49,50,41,53,10" hai1="97,60,67,122,94,107,24,96,64,130,73,25,105" hai2="133,81,59,126,99,69,58,0,118,36,129,78,80" hai3="6,79,66,22,109,123,83,19,63,17,90,39,88"/><T33/><D33/><U113/><E122/><V8/><F69/><W95/><G39/><T135/><D135/><U71/><E130/><V111/><F36/><W120/><G109/><T87/><D119/><U1/><E1/><V104/><F111/><W61/><G6/><N who="0" m="3159" /><D41/><U76/><E113/><V134/><F0/><W103/><G90/><T18/><D77/><U110/><E110/><V9/><F104/><W2/><G103/><T98/><D98/><U26/><E67/><V52/><F99/><W45/><G45/><T4/><D4/><U101/><REACH who="1" step="1"/><E97/><REACH who="1" ten="250,240,250,250" step="2"/><V65/><F129/><W21/><G2/><T68/><D68/><U124/><E124/><V43/><F126/><W38/><G123/><T125/><D125/><U42/><E42/><V121/><F121/><W35/><G120/><T7/><D7/><U37/><E37/><V27/><F134/><W29/><G38/><T15/><D15/><U127/><E127/><V112/><F133/><W131/><G131/><T74/><D74/><U31/><E31/><V100/><F112/><W70/><G29/><T82/><D87/><U91/><E91/><V106/><F118/><W84/><G84/><T28/><D28/><U16/><E16/><V55/><F27/><W108/><G17/><T47/><D86/><U117/><E117/><V13/><F13/><W93/><G108/><T72/><D72/><U23/><E23/><V56/><F78/><W34/><G34/><T44/><D82/><AGARI ba="0,1" hai="24,25,26,60,64,71,73,76,82,94,96,101,105,107" machi="82" ten="40,2600,0" yaku="1,1,52,1,53,0" doraHai="89" doraHaiUra="54" who="1" fromWho="0" sc="250,-26,240,36,250,0,250,0" />
</Scene>
<Scene>
<INIT seed="1,0,0,2,4,73" ten="224,276,250,250" oya="1" hai0="19,22,26,23,57,32,48,51,111,68,56,89,39" hai1="78,31,71,122,135,112,86,7,118,124,30,74,66" hai2="1,41,12,114,33,27,59,44,0,5,60,50,20" hai3="92,70,96,75,93,91,88,15,123,113,115,55,131"/><U76/><E112/><V43/><F114/><W121/><G70/><T3/><D68/><U129/><E118/><V49/><F33/><W95/><G115/><T87/><D39/><U77/><E122/><V63/><F12/><W11/><G113/><T85/><D3/><U134/><E74/><V126/><F126/><W90/><G131/><T79/><D32/><U94/><E124/><V36/><F5/><W110/><G110/><T62/><D111/><U133/><E129/><V100/><F100/><W98/><G75/><T102/><D102/><U25/><E7/><V54/><F36/><W34/><G34/><T130/><D130/><U82/><E94/><V17/><REACH who="2" step="1"/><F63/><REACH who="2" ten="224,276,240,250" step="2"/><W37/><G37/><T99/><D62/><N who="1" m="40407" /><E31/><V65/><F65/><W16/><REACH who="3" step="1"/><G55/><REACH who="3" ten="224,276,240,240" step="2"/><T28/><D28/><U103/><E103/><V52/><F52/><W109/><G109/><T8/><D51/><U45/><E45/><AGARI ba="0,2" hai="0,1,17,20,27,41,43,44,45,49,50,54,59,60" machi="45" ten="40,8000,1" yaku="1,1,9,1,53,2" doraHai="73" doraHaiUra="46" who="2" fromWho="1" sc="224,0,276,-80,240,100,240,0" />
</Scene>
<Scene>
<INIT seed="2,0,0,4,3,111" ten="224,196,340,240" oya="2" hai0="133,36,43,25,54,55,118,37,70,103,120,127,42" hai1="116,9,126,60,21,33,63,6,92,76,134,135,32" hai2="62,2,30,46,57,56,28,86,95,74,75,110,88" hai3="49,91,81,93,1,8,109,83,128,104,31,117,132"/><V108/><F2/><W97/><G31/><T47/><D25/><U124/><E116/><V5/><F5/><W15/><G1/><T123/><D103/><U19/><E76/><V106/><F106/><W114/><G117/><T94/><D94/><U77/><E77/><V40/><F30/><W115/><G104/><T50/><D118/><U107/><E92/><V72/><F28/><W90/><G109/><N who="2" m="42089" /><F62/><W18/><G128/><T96/><D96/><U11/><E63/><V58/><F58/><W20/><G132/><N who="1" m="50730" /><E60/><V41/><F41/><W99/><G49/><AGARI ba="0,0" hai="40,46,49,56,57,72,74,75,86,88,95" m="42089" machi="49" ten="40,7700,0" yaku="14,1,10,1,54,1" doraHai="111" who="2" fromWho="3" sc="224,0,196,0,340,77,240,-77" />
</Scene>
<Scene>
<INIT seed="2,1,0,0,4,37" ten="224,196,417,163" oya="2" hai0="131,100,85,36,50,24,44,88,112,80,65,4,8" hai1="40,83,15,21,64,73,27,79,25,51,116,31,77" hai2="6,19,117,134,106,28,99,41,127,0,133,111,69" hai3="67,96,62,102,30,103,52,92,107,108,7,59,72"/><V95/><F106/><W46/><G108/><T1/><D131/><U12/><E116/><V66/><F117/><W22/><G72/><T3/><D112/><U132/><E132/><N who="2" m="50795" /><F28/><W26/><G7/><T42/><D100/><U91/><E64/><V38/><F127/><W110/><G110/><T115/><D115/><U94/><E79/><V93/><F111/><W130/><G130/><T54/><D65/><U11/><E27/><V35/><F35/><W70/><G46/><T122/><D122/><U55/><E40/><V10/><F19/><W125/><G125/><T20/><D3/><U87/><E11/><V121/><F121/><W45/><G45/><AGARI ba="1,0" hai="12,15,21,25,31,45,51,55,73,77,83,87,91,94" machi="45" ten="30,1000,0" yaku="7,1" doraHai="37" who="1" fromWho="3" sc="224,0,196,13,417,0,163,-13" />
</Scene>
<Scene>
<INIT seed="3,0,0,2,2,105" ten="224,209,417,150" oya="3" hai0="66,58,70,18,25,19,1,3,89,57,11,123,36" hai1="34,27,78,116,120,95,125,102,101,82,4,9,6" hai2="92,7,35,134,128,85,80,22,8,99,79,76,38" hai3="90,50,71,68,63,103,28,81,114,23,30,48,130"/><W42/><G114/><T107/><D123/><U121/><E116/><V74/><F38/><W108/><G130/><T33/><D107/><U132/><E125/><V20/><F35/><W117/><G117/><T77/><D36/><U113/><E113/><V87/><F128/><W16/><G108/><T111/><D111/><U61/><E132/><V41/><F41/><W135/><G135/><T127/><D77/><U46/><E46/><V129/><F134/><W55/><G103/><T59/><D127/><U39/><E39/><V93/><F129/><W31/><G42/><T131/><D131/><U133/><E133/><V51/><F51/><W26/><G63/><T45/><D45/><U67/><E6/><V91/><F93/><W56/><REACH who="3" step="1"/><G48/><REACH who="3" ten="224,209,417,140" step="2"/><T72/><D66/><U122/><E102/><N who="2" m="60775" /><F7/><W40/><G40/><T60/><D60/><U49/><E49/><V53/><F53/><W24/><G24/><T44/><D25/><U97/><E27/><V14/><F14/><W86/><AGARI ba="0,1" hai="16,23,26,28,30,31,50,55,56,68,71,81,86,90" machi="86" ten="30,6000,0" yaku="1,1,0,1,54,1,53,0" doraHai="105" doraHaiUra="88" who="3" fromWho="3" sc="224,-20,209,-20,417,-20,140,70" />
</Scene>
<Scene>
<INIT seed="3,1,0,4,2,32" ten="204,189,397,210" oya="3" hai0="86,71,26,22,129,3,27,117,14,104,45,62,47" hai1="65,121,28,61,113,6,46,5,64,107,75,89,68" hai2="118,134,35,90,67,2,127,109,0,52,59,48,7" hai3="130,17,88,102,122,33,92,56,108,74,11,98,111"/><W16/><G122/><T41/><D117/><U101/><E121/><V103/><F118/><W93/><G130/><T77/><D104/><U70/><E113/><V110/><F35/><W76/><G33/><T112/><D129/><U116/><E116/><V13/><F103/><W20/><G56/><T115/><D77/><U66/><E75/><V39/><F39/><W132/><G132/><T60/><D86/><U81/><E28/><V131/><F131/><W19/><G11/><T9/><D71/><U79/><E46/><V106/><F106/><W10/><G10/><T42/><D9/><U55/><E79/><V18/><F7/><N who="1" m="2569" /><E101/><V12/><F134/><W29/><G29/><T119/><D119/><U51/><E107/><V99/><F127/><W84/><REACH who="3" step="1"/><G20/><REACH who="3" ten="204,189,397,200" step="2"/><T135/><D135/><U21/><E21/><V95/><F59/><W1/><G1/><T72/><D22/><U105/><E68/><V94/><F2/><W78/><G78/><T63/><D3/><U58/><E70/><V37/><F0/><W80/><AGARI ba="1,1" hai="16,17,19,74,76,80,84,88,92,93,98,102,108,111" machi="80" ten="40,12000,1" yaku="1,1,0,1,54,2,53,0" doraHai="32" doraHaiUra="69" who="3" fromWho="3" sc="204,-41,189,-41,397,-41,200,133" />
</Scene>
<Scene>
<INIT seed="3,2,0,2,1,50" ten="163,148,356,333" oya="3" hai0="104,16,43,57,91,129,28,81,21,123,54,92,48" hai1="22,32,111,122,0,64,31,118,126,127,77,121,41" hai2="45,19,85,131,9,99,87,132,89,98,73,52,5" hai3="135,7,76,90,96,72,78,124,35,86,46,70,67"/><W134/><G35/><T37/><D123/><N who="1" m="47115" /><E77/><V33/><F33/><W34/><G34/><T26/><D104/><U65/><E41/><V59/><F73/><W128/><G70/><T79/><D129/><U12/><E118/><V84/><F131/><W117/><G67/><T60/><D37/><U51/><E51/><N who="2" m="28783" /><F132/><W82/><G46/><N who="0" m="25695" /><D79/><U62/><E65/><V113/><F113/><W61/><G61/><T55/><D81/><U58/><E0/><V120/><F120/><W74/><G7/><T95/><D28/><U11/><E32/><V23/><F5/><W42/><G42/><T106/><D106/><U68/><E68/><V6/><F6/><W71/><G71/><T110/><D110/><U25/><E111/><V102/><F102/><W116/><G128/><T4/><D4/><U107/><E107/><V103/><F103/><W101/><G117/><T88/><D55/><U24/><E24/><N who="2" m="14463" /><F9/><W130/><G116/><T44/><D44/><U75/><E75/><V115/><F115/><W105/><G130/><T39/><D39/><U108/><E108/><V8/><F8/><W97/><G74/><T133/><D133/><U109/><E109/><V38/><F38/><W100/><G72/><T49/><D49/><U30/><E30/><V94/><F59/><W112/><G112/><T10/><D10/><U20/><E11/><V2/><F2/><W114/><G114/><T36/><D36/><U80/><E58/><V17/><F17/><W3/><G3/><T1/><D1/><U53/><E31/><V119/><F119/><W47/><G135/><T40/><D40/><RYUUKYOKU ba="2,0" sc="163,15,148,-15,356,15,333,-15" hai0="16,21,26,54,57,60,88,91,92,95" hai2="84,85,87,89,94,98,99" />
</Scene>
<Scene>
<INIT seed="4,3,0,3,2,106" ten="178,133,371,318" oya="0" hai0="74,104,3,76,58,69,103,11,19,109,66,48,120" hai1="17,13,117,71,49,34,61,2,32,129,29,85,45" hai2="92,90,94,10,112,23,107,8,56,64,113,24,5" hai3="131,73,16,135,75,31,82,43,89,110,67,0,21"/><T123/><D58/><U125/><E117/><V9/><F107/><W68/><G0/><T12/><D48/><U96/><E2/><V130/><F5/><W101/><G110/><T6/><D109/><U83/><E125/><V86/><F130/><W80/><G135/><T37/><D37/><U114/><E114/><N who="2" m="44139" /><F64/><W44/><G131/><T93/><D93/><U118/><E129/><V63/><F63/><W54/><G31/><T50/><D50/><U98/><E118/><V121/><F56/><W133/><G101/><T108/><D108/><U115/><E115/><V132/><F132/><W60/><G54/><T99/><D19/><U72/><E61/><V53/><F53/><W126/><G126/><T119/><D12/><U88/><E71/><V128/><F128/><W127/><G127/><T91/><D91/><U14/><E14/><V41/><F41/><W36/><G133/><T81/><REACH who="0" step="1"/><D119/><REACH who="0" ten="168,133,371,318" step="2"/><U25/><E98/><V52/><F94/><W100/><G100/><T39/><D39/><U97/><E96/><V87/><F92/><W30/><G30/><T111/><D111/><U22/><E97/><V57/><F90/><W124/><G124/><T55/><D55/><U105/><E105/><V27/><F27/><W95/><G82/><T15/><D15/><U18/><E17/><V42/><F42/><W4/><G80/><T51/><D51/><U59/><E59/><V38/><F38/><W35/><G4/><T1/><D1/><U7/><E7/><V84/><F57/><W78/><G95/><T77/><D77/><U62/><E45/><V26/><F52/><RYUUKYOKU ba="3,1" sc="168,30,133,-10,371,-10,318,-10" hai0="3,6,11,66,69,74,76,81,99,103,104,120,123" />
</Scene>
<Scene>
<INIT seed="4,4,1,2,4,26" ten="198,123,361,308" oya="0" hai0="36,90,17,101,100,41,89,93,49,106,99,52,8" hai1="7,92,14,107,112,111,61,105,117,78,88,124,128" hai2="69,121,51,39,116,6,44,70,80,59,11,1,19" hai3="27,13,64,63,74,133,15,10,125,18,76,77,84"/><T38/><D100/><U83/><E117/><V24/><F121/><W40/><G133/><T35/><D35/><U31/><E111/><V71/><F116/><W3/><G125/><T5/><D17/><U9/><E124/><V25/><F39/><W82/><G40/><T21/><D21/><U97/><E128/><V47/><F80/><W2/><G77/><T0/><D41/><U66/><E112/><V104/><F104/><W102/><G74/><T114/><D114/><U123/><E123/><V58/><F19/><W68/><G102/><T109/><D109/><U20/><E20/><V48/><F71/><W85/><G85/><T108/><D108/><U22/><E22/><V95/><F95/><W54/><G15/><T118/><D118/><U115/><E115/><V42/><F42/><W73/><G73/><T65/><D65/><U55/><E55/><V81/><F81/><W94/><G94/><T79/><D79/><U32/><E32/><V29/><F11/><W131/><G131/><T12/><D0/><U43/><E43/><V67/><F1/><W33/><REACH who="3" step="1"/><G54/><REACH who="3" ten="198,123,361,298" step="2"/><T113/><D113/><U119/><E119/><V120/><F120/><W4/><G4/><T130/><D130/><U37/><E37/><V60/><F6/><W126/><G126/><T98/><REACH who="0" step="1"/><D89/><REACH who="0" ten="188,123,361,298" step="2"/><U127/><E127/><V72/><F67/><W23/><G23/><T56/><AGARI ba="4,3" hai="5,8,12,36,38,49,52,56,90,93,98,99,101,106" machi="56" ten="20,18000,2" yaku="1,1,2,1,0,1,7,1,54,1,53,1" doraHai="26" doraHaiUra="53" who="0" fromWho="0" sc="188,222,123,-64,361,-64,298,-64" />
</Scene>
<Scene>
<INIT seed="4,5,0,0,1,100" ten="410,59,297,234" oya="0" hai0="107,23,55,128,114,10,17,47,37,81,105,111,102" hai1="90,92,1,83,53,119,2,134,108,123,39,87,63" hai2="82,11,30,94,21,78,131,67,61,112,110,58,133" hai3="130,13,84,64,16,85,15,0,118,96,19,60,9"/><T40/><D114/><U132/><E119/><V32/><F110/><W31/><G118/><T70/><D70/><U51/><E108/><V72/><F112/><W79/><G130/><T89/><D111/><U36/><E123/><V29/><F131/><W121/><G121/><T59/><D128/><U50/><E63/><V44/><F32/><W49/><G0/><N who="1" m="106" /><E83/><V54/><F11/><W120/><G120/><T24/><D102/><U12/><E12/><V25/><F133/><N who="1" m="51305" /><E51/><V56/><F44/><AGARI ba="5,0" hai="36,39,44,50,53,87,90,92" m="51305,106" machi="44" ten="30,1000,0" yaku="20,1" doraHai="100" who="1" fromWho="2" sc="410,0,59,25,297,-25,234,0" />
</Scene>
<Scene>
<INIT seed="5,0,0,1,2,86" ten="410,84,272,234" oya="1" hai0="109,7,56,133,71,81,78,110,64,116,84,26,37" hai1="45,4,95,0,83,50,16,125,1,80,11,61,134" hai2="102,132,100,14,135,62,75,8,41,29,79,31,19" hai3="77,27,98,112,13,113,120,24,76,67,22,38,59"/><U39/><E125/><V54/><F41/><W25/><G38/><T108/><D116/><U94/><E134/><N who="2" m="51243" /><F75/><W130/><G120/><T127/><D133/><U3/><E39/><V48/><F62/><W114/><G130/><T124/><D37/><U106/><E106/><V63/><F63/><W117/><G117/><T2/><D71/><U9/><E61/><V6/><F79/><W93/><G59/><T90/><D64/><U53/><E4/><V57/><F6/><W99/><G67/><T32/><D56/><U103/><E95/><V92/><F102/><W36/><G36/><T51/><D51/><U30/><E30/><V123/><F123/><W44/><G44/><T111/><D111/><U119/><E119/><V23/><F23/><W55/><G55/><T89/><D7/><U12/><REACH who="1" step="1"/><E11/><REACH who="1" ten="410,74,272,234" step="2"/><V131/><F131/><W73/><G114/><T58/><D127/><U74/><E74/><V115/><F115/><W10/><G73/><T72/><D124/><U88/><E88/><V87/><F100/><W82/><G113/><T42/><D72/><U69/><E69/><V28/><F31/><W47/><G112/><T105/><D110/><U107/><E107/><V101/><F101/><W33/><G77/><T15/><D78/><U60/><E60/><V85/><F92/><W122/><G76/><T121/><D105/><U35/><E35/><V43/><F28/><W34/><G33/><T66/><D109/><U17/><E17/><V129/><F129/><W104/><G34/><T5/><D32/><U97/><AGARI ba="0,1" hai="0,1,3,9,12,16,45,50,53,80,83,94,97,103" machi="97" ten="40,12000,1" yaku="1,1,0,1,54,1,53,1" doraHai="86" doraHaiUra="49" who="1" fromWho="1" sc="410,-40,74,130,272,-40,234,-40" />
</Scene>
<Scene>
<INIT seed="5,1,0,2,2,103" ten="370,204,232,194" oya="1" hai0="65,26,66,97,43,90,63,106,8,48,19,4,1" hai1="120,118,34,102,105,91,84,78,95,94,127,81,21" hai2="16,18,117,59,131,42,33,9,68,130,108,86,62" hai3="15,0,114,100,24,17,25,37,47,82,69,119,85"/><U27/><E34/><V60/><F108/><W74/><G0/><T126/><D126/><U76/><E118/><V30/><F117/><W107/><G119/><T73/><D73/><U71/><E71/><V45/><F33/><W51/><G69/><T110/><D110/><U125/><E27/><V13/><F30/><W35/><G114/><T135/><D135/><U129/><E120/><V124/><F124/><N who="1" m="47689" /><E21/><V87/><F68/><W101/><G74/><T20/><D63/><U31/><E31/><V38/><F18/><W50/><G37/><T39/><D39/><U61/><E61/><V14/><F13/><W111/><G51/><T22/><D22/><U44/><E44/><V122/><F122/><W23/><G111/><T29/><D29/><U79/><E129/><N who="2" m="49163" /><F62/><W54/><G107/><T121/><D121/><U128/><E128/><V58/><F59/><W116/><G116/><T2/><D20/><U104/><E102/><N who="3" m="39530" /><G35/><T67/><D26/><U132/><E132/><V55/><AGARI ba="1,0" hai="9,14,16,38,42,45,55,58,60,86,87" m="49163" machi="55" ten="30,2000,0" yaku="19,1,54,1" doraHai="103" who="2" fromWho="2" sc="370,-6,204,-11,232,23,194,-6" />
</Scene>
<Scene>
<INIT seed="6,0,0,5,4,83" ten="364,193,255,188" oya="2" hai0="69,41,15,54,50,98,29,46,78,134,81,21,99" hai1="68,43,0,4,58,59,79,85,88,37,53,77,123" hai2="70,122,3,84,100,87,125,36,14,45,33,103,89" hai3="20,105,96,60,67,32,119,28,120,1,92,93,25"/><V64/><F3/><W47/><G119/><T51/><D69/><U16/><E123/><V113/><F33/><W6/><G120/><T94/><D134/><U106/><E68/><V44/><F122/><W76/><G76/><T108/><D108/><U104/><E0/><V126/><F70/><N who="3" m="42343" /><G47/><N who="2" m="17993" /><F64/><W56/><G56/><N who="0" m="32855" /><D94/><U107/><E43/><V80/><F36/><W39/><G39/><T7/><D29/><U38/><E4/><V52/><F113/><W90/><G90/><T17/><D7/><U11/><E38/><V91/><F52/><W110/><G20/><T116/><D116/><U129/><E129/><V23/><F126/><W117/><G110/><T19/><D19/><U95/><E37/><V72/><F72/><W82/><G6/><T61/><D61/><U42/><E42/><V130/><F130/><W115/><G1/><T118/><D118/><U102/><E102/><V30/><F125/><W62/><G62/><T75/><D75/><U121/><E59/><V57/><F57/><W133/><G115/><T74/><D74/><U5/><E5/><V34/><F34/><W135/><G117/><T49/><D49/><U114/><E114/><V132/><F132/><N who="3" m="50763" /><G82/><T97/><D81/><U55/><E121/><V66/><F66/><W10/><G10/><T8/><D8/><U27/><E55/><V131/><F131/><W127/><G127/><T128/><D128/><U22/><REACH who="1" step="1"/><E11/><REACH who="1" ten="364,183,255,188" step="2"/><V35/><F103/><AGARI ba="0,1" hai="25,28,32,92,93,96,103,105" m="50763,42343" machi="103" ten="30,2000,0" yaku="25,1,20,1" doraHai="83" who="3" fromWho="2" sc="364,0,183,0,255,-20,188,30" />
</Scene>
<Scene>
<INIT seed="7,0,0,2,1,83" ten="364,183,235,218" oya="3" hai0="117,118,47,110,15,122,64,65,93,39,19,57,0" hai1="1,45,77,102,101,61,131,87,5,100,8,128,35" hai2="94,126,104,123,46,62,12,92,9,84,129,134,75" hai3="56,89,72,79,105,70,31,103,135,37,53,90,26"/><W16/><G70/><T85/><D110/><U97/><E35/><V23/><F75/><W124/><G37/><T99/><D0/><U66/><E45/><V30/><F104/><W109/><G79/><T119/><D122/><U120/><E120/><V91/><F134/><W3/><G72/><T7/><D7/><U76/><E97/><V74/><F74/><W24/><G3/><T59/><D85/><U13/><E1/><V116/><F116/><W52/><G135/><T95/><D39/><U68/><REACH who="1" step="1"/><E87/><REACH who="1" ten="364,173,235,218" step="2"/><V14/><F84/><W40/><G109/><T42/><D47/><U73/><E73/><V22/><F46/><W127/><G127/><T43/><D99/><U88/><E88/><V17/><F91/><W27/><G124/><T55/><D118/><U86/><E86/><V36/><F126/><W21/><G90/><T38/><D119/><U49/><E49/><V80/><F123/><W98/><G89/><T82/><D117/><U6/><E6/><V25/><F36/><W58/><G98/><T111/><D38/><U125/><E125/><V133/><F133/><W107/><G103/><T4/><D4/><U96/><E96/><V63/><F80/><W50/><G107/><T78/><D111/><U108/><E108/><V33/><F33/><W51/><G105/><T28/><D82/><U54/><E54/><V112/><F94/><W32/><G40/><T121/><D43/><U44/><E44/><V71/><F92/><N who="0" m="35402" /><D42/><U18/><E18/><V113/><F17/><W41/><G41/><T11/><D121/><U60/><E60/><V130/><F63/><RYUUKYOKU ba="0,1" sc="364,-15,173,15,235,-15,218,15" hai1="5,8,13,61,66,68,76,77,100,101,102,128,131" hai3="16,21,24,26,27,31,32,50,51,52,53,56,58" />
</Scene>
<Scene>
<INIT seed="7,1,1,1,1,94" ten="349,188,220,233" oya="3" hai0="21,31,127,81,7,25,114,126,3,92,1,104,82" hai1="134,17,72,59,40,27,54,56,74,79,73,87,111" hai2="83,117,99,100,64,122,43,65,118,9,85,129,108" hai3="97,107,70,29,115,131,105,120,60,22,44,11,67"/><W37/><G120/><T90/><D104/><U48/><E111/><V95/><F108/><W15/><G115/><T78/><D114/><U135/><E40/><V23/><F122/><W110/><G131/><T24/><D24/><U53/><E27/><V0/><F43/><W32/><G110/><T119/><D119/><U89/><E79/><V113/><F113/><W125/><G125/><N who="0" m="47627" /><D7/><U116/><E116/><V69/><F129/><W75/><G75/><N who="0" m="43231" /><D82/><U26/><E26/><V47/><F47/><W76/><G76/><T96/><AGARI ba="1,1" hai="1,3,21,25,31,90,92,96" m="43231,47627" machi="96" ten="30,2000,0" yaku="18,1,52,1" doraHai="94" who="0" fromWho="0" sc="349,33,188,-6,220,-6,233,-11" owari="382,49.0,182,-32.0,214,-19.0,222,2.0" />
</Scene>
</mjloggm>