<mjloggm ver="2.3"><GO type="169" lobby="0"/><UN n0="%E5%A4%AA%E3%81%8F%E3%81%AA%E3%81%84%E3%81%8A" n1="%E3%81%AB%E3%82%85%E3%83%BC%53" n2="%E3%83%96%E3%83%AB%E3%83%96%E3%83%AB%E3%83%8F%E3%83%BC%E3%83%84" n3="%E4%BB%AE%E9%B3%B3%E5%87%B0%E6%B0%91" dan="18,16,17,17" rate="2191.01,2064.21,2204.06,2123.01" sx="M,F,M,M"/><TAIKYOKU oya="0"/>

<Scene>
<INIT seed="0,0,0,2,3,48" ten="250,250,250,250" oya="0" hai0="125,102,106,53,75,12,50,91,87,36,10,44,99" hai1="97,108,26,64,57,94,135,5,22,119,107,60,92" hai2="37,101,115,52,93,39,78,121,68,89,47,73,123" hai3="54,105,90,32,71,51,65,69,61,76,43,14,34"/><T13/><D125/><U83/><E119/><V114/><F68/><W113/><G113/><T45/><D75/><U59/><E135/><V33/><F33/><W72/><G105/><T30/><D30/><U27/><E108/><V118/><F101/><W40/><G71/><T29/><D29/><U1/><E83/><V77/><F93/><W134/><G134/><T41/><REACH who="0" step="1"/><D10/><REACH who="0" ten="240,250,250,250" step="2"/><U19/><E22/><V3/><F73/><W46/><G34/><T6/><D6/><U110/><E5/><V56/><F114/><W21/><G32/><T111/><D111/><U11/><E11/><V4/><F4/><W116/><G116/><T58/><D58/><U96/><E57/><V79/><F115/><W67/><G69/><T82/><AGARI ba="0,1" hai="12,13,36,41,44,45,50,53,82,87,91,99,102,106" machi="82" ten="20,7800,0" yaku="1,1,0,1,7,1,52,1,53,0" doraHai="48" doraHaiUra="20" who="0" fromWho="0" sc="240,88,250,-26,250,-26,250,-26" />
</Scene>
<Scene>
<INIT seed="0,1,0,2,1,31" ten="328,224,224,224" oya="0" hai0="72,35,56,112,54,65,101,24,107,36,77,53,17" hai1="124,7,73,63,95,26,74,125,42,2,58,93,132" hai2="49,113,46,96,68,69,83,44,6,129,84,51,87" hai3="11,82,80,29,45,1,57,25,81,33,27,121,37"/><T128/><D112/><U16/><E42/><V40/><F113/><W47/><G121/><T3/><D3/><U79/><E2/><V50/><F129/><W60/><G27/><T66/><D36/><U4/><E132/><V48/><F6/><W12/><G1/><T89/><D128/><U30/><E4/><V94/><F44/><W117/><G117/><T111/><D111/><U105/><E7/><V120/><F120/><W103/><G103/><T39/><D39/><U0/><E0/><V135/><F135/><W97/><G97/><T55/><D101/><U78/><E105/><V102/><REACH who="2" step="1"/><F87/><REACH who="2" ten="328,224,214,224" step="2"/><W10/><G37/><T91/><D72/><U130/><E130/><V5/><F5/><W34/><G45/><T100/><D107/><U43/><E74/><V90/><AGARI ba="1,1" hai="40,46,48,49,50,51,68,69,83,84,90,94,96,102" machi="90" ten="30,2000,0" yaku="1,1,0,1,53,0" doraHai="31" doraHaiUra="115" who="2" fromWho="2" sc="328,-11,224,-6,214,33,224,-6" />
</Scene>
<Scene>
<INIT seed="1,0,0,1,3,95" ten="317,218,247,218" oya="1" hai0="1,113,37,133,121,44,24,88,132,53,19,73,79" hai1="80,130,107,3,90,5,35,21,47,38,125,61,98" hai2="9,40,36,39,46,17,129,106,4,11,54,70,31" hai3="65,84,109,117,104,108,112,124,103,57,12,20,81"/><U128/><E35/><V60/><F129/><N who="1" m="49769" /><E125/><V92/><F106/><W16/><G112/><T87/><D113/><U122/><E122/><V76/><F36/><W75/><G75/><T119/><D119/><U18/><E61/><V26/><F17/><W127/><G117/><T77/><D1/><U66/><E66/><V123/><F123/><W78/><G65/><T101/><D121/><U110/><E110/><N who="3" m="42602" /><G57/><T99/><D73/><U116/><E116/><V48/><F76/><W10/><G10/><T45/><D77/><U82/><E5/><V51/><F51/><W6/><G6/><T96/><D79/><U64/><E64/><V59/><F4/><W85/><G85/><T114/><D114/><U111/><E111/><V55/><F55/><W83/><G83/><N who="0" m="49279" /><D53/><U52/><E3/><V94/><F39/><W97/><AGARI ba="0,0" hai="12,16,20,78,81,84,97,103,104,124,127" m="42602" machi="97" ten="30,4000,0" yaku="14,1,52,1,54,1" doraHai="95" who="3" fromWho="3" sc="317,-10,218,-20,247,-10,218,40" />
</Scene>
<Scene>
<INIT seed="2,0,0,4,0,21" ten="307,198,237,258" oya="2" hai0="101,17,18,19,74,40,69,108,81,4,133,28,125" hai1="55,77,115,6,12,72,33,86,8,93,75,42,45" hai2="127,94,73,118,70,57,53,37,102,13,119,47,97" hai3="62,39,114,22,16,105,0,95,68,82,2,134,3"/><V84/><F70/><W32/><G105/><T29/><D69/><U103/><E33/><V83/><F127/><W122/><G122/><T9/><D125/><U61/><E115/><V129/><F129/><W113/><G32/><T10/><D108/><U30/><E30/><V132/><F132/><W131/><G39/><T100/><D133/><U56/><E103/><N who="0" m="39497" /><D74/><U112/><E112/><N who="3" m="43114" /><G134/><T14/><D40/><U124/><E124/><V63/><F73/><W99/><G82/><T80/><D10/><U110/><E110/><V85/><F85/><W135/><G135/><T130/><D130/><U24/><E93/><V31/><F13/><N who="3" m="9487" /><G131/><T107/><D107/><U59/><E59/><V26/><F47/><W106/><G106/><T91/><D80/><N who="1" m="47375" /><E75/><V71/><F37/><W117/><G117/><T20/><D20/><U128/><E72/><V35/><REACH who="2" step="1"/><F71/><REACH who="2" ten="307,198,227,258" step="2"/><W88/><G3/><T76/><D76/><AGARI ba="0,1" hai="26,31,35,53,57,63,76,83,84,94,97,102,118,119" machi="76" ten="30,12000,1" yaku="1,1,2,1,7,1,52,1,53,1" doraHai="21" doraHaiUra="98" who="2" fromWho="0" sc="307,-120,198,0,227,130,258,0" />
</Scene>
<Scene>
<INIT seed="2,1,0,2,5,88" ten="187,198,357,258" oya="2" hai0="83,2,44,63,50,65,61,131,8,79,16,108,96" hai1="84,21,26,14,87,30,46,58,25,114,118,97,76" hai2="43,41,29,34,37,6,102,111,133,126,68,27,104" hai3="124,51,113,92,130,53,119,52,10,31,86,42,109"/><V60/><F43/><W117/><G42/><T129/><D108/><U69/><E69/><V28/><F29/><W72/><G72/><T54/><D96/><U9/><E118/><V122/><F6/><W121/><G121/><T38/><D38/><U5/><E114/><V77/><F77/><W110/><G113/><T66/><D63/><U75/><E26/><V40/><F40/><W128/><G31/><T55/><D55/><N who="3" m="21065" /><G51/><T39/><D39/><U81/><E58/><V70/><F122/><W22/><G22/><T107/><D107/><U67/><E67/><V125/><F111/><N who="3" m="42507" /><G10/><T47/><D47/><U23/><E46/><N who="2" m="23855" /><F133/><W120/><G124/><N who="2" m="47721" /><F60/><W80/><G120/><T93/><D61/><U48/><E48/><V132/><F132/><W95/><G117/><T116/><D116/><U3/><E23/><V90/><F90/><N who="3" m="51527" /><G119/><T49/><D49/><U71/><E71/><V24/><F24/><W94/><AGARI ba="1,0" hai="92,94,95,128,130" m="51527,42507,21065" machi="94" ten="40,8000,1" yaku="14,1,52,3,54,1" doraHai="88" who="3" fromWho="3" sc="187,-21,198,-21,357,-41,258,83" />
</Scene>
<Scene>
<INIT seed="3,0,0,1,4,108" ten="166,177,316,341" oya="3" hai0="8,48,105,50,11,61,26,57,20,123,7,59,69" hai1="24,79,45,6,87,15,63,54,31,80,46,17,30" hai2="93,98,34,74,122,49,66,127,91,27,58,9,117" hai3="126,99,132,38,65,124,64,133,120,53,12,1,111"/><W55/><G1/><T109/><D123/><U0/><E31/><V134/><F117/><W75/><G75/><T97/><D109/><U78/><E78/><V51/><F74/><W90/><G111/><T18/><D69/><U33/><E63/><V62/><F127/><N who="3" m="48683" /><G12/><T94/><D105/><U14/><E14/><V25/><F134/><N who="3" m="51819" /><G99/><T112/><D112/><U92/><E92/><V40/><F122/><W35/><G35/><T77/><D77/><U121/><E121/><V32/><F32/><W104/><G104/><T71/><D71/><U16/><E17/><V44/><F34/><W113/><G90/><T135/><D135/><U116/><E116/><V67/><F67/><N who="3" m="25675" /><G120/><T3/><D11/><U102/><E102/><V41/><F9/><W28/><G28/><T106/><D106/><U68/><E68/><V107/><F107/><W42/><G113/><T19/><D19/><U36/><E0/><V2/><F2/><W83/><G83/><T131/><D97/><U60/><E80/><V114/><F114/><W5/><G5/><T115/><D115/><U103/><E6/><V73/><F73/><W52/><G42/><T101/><D101/><U128/><E103/><V23/><F23/><W47/><G38/><T22/><D94/><U10/><E36/><V119/><F119/><W89/><G89/><T81/><D81/><U70/><E33/><V129/><F25/><W100/><G100/><T110/><D110/><U76/><E24/><V118/><F118/><W21/><G21/><T88/><D26/><U96/><E30/><V125/><F125/><W85/><G85/><RYUUKYOKU ba="0,0" sc="166,-10,177,-10,316,-10,341,30" hai3="47,52,53,55" />
</Scene>
<Scene>
<INIT seed="3,1,0,4,0,96" ten="156,167,306,371" oya="3" hai0="31,44,124,37,13,29,84,51,80,99,129,88,12" hai1="23,3,104,113,119,111,16,117,78,50,52,90,95" hai2="109,102,123,133,101,118,27,92,67,132,56,75,114" hai3="134,14,34,94,46,40,15,135,2,115,81,19,83"/><W73/><G2/><T55/><D124/><U76/><E3/><V43/><F114/><W66/><G115/><T7/><D129/><U116/><E113/><V45/><F118/><W130/><G34/><T61/><D37/><U0/><E0/><V106/><F106/><W77/><G130/><T85/><D99/><N who="1" m="57847" /><E104/><V70/><F70/><W62/><G81/><T69/><D69/><U49/><E49/><V47/><F75/><W97/><G62/><T125/><D125/><U121/><E121/><V93/><F27/><W39/><G66/><T58/><D84/><U1/><E1/><V10/><F10/><W86/><G73/><T89/><D89/><U98/><E98/><V24/><F24/><W103/><REACH who="3" step="1"/><G19/><REACH who="3" ten="156,167,306,361" step="2"/><T9/><REACH who="0" step="1"/><D13/><AGARI ba="1,1" hai="13,14,15,39,40,46,77,83,86,94,97,103,134,135" machi="13" ten="40,7700,0" yaku="1,1,2,1,52,1,53,0" doraHai="96" doraHaiUra="112" who="3" fromWho="0" sc="156,-80,167,0,306,0,361,90" />
</Scene>
<Scene>
<INIT seed="3,2,0,3,5,93" ten="76,167,306,451" oya="3" hai0="61,83,60,75,79,63,23,88,108,65,19,89,33" hai1="47,85,40,70,56,44,28,97,50,135,58,11,15" hai2="90,132,107,122,57,34,133,118,91,99,6,74,116" hai3="104,78,81,49,43,86,106,82,37,12,16,52,67"/><W120/><G120/><T10/><D33/><U110/><E70/><V103/><F34/><W55/><G67/><T68/><D108/><U131/><E110/><V14/><F57/><W51/><G37/><T45/><D10/><U0/><E0/><V66/><F66/><W54/><G43/><T92/><D45/><U35/><E135/><N who="2" m="51787" /><F14/><W124/><G124/><T130/><D130/><U109/><E109/><V69/><F6/><W127/><G127/><T1/><D1/><U121/><E121/><V41/><F41/><W9/><REACH who="3" step="1"/><G82/><REACH who="3" ten="76,167,306,441" step="2"/><T3/><D3/><U18/><E131/><V26/><F122/><W80/><G80/><T87/><REACH who="0" step="1"/><D89/><REACH who="0" ten="66,167,306,441" step="2"/><U48/><E35/><V117/><F91/><W113/><G113/><T29/><D29/><U38/><E28/><V129/><F90/><W125/><G125/><T53/><D53/><U5/><E40/><V17/><F129/><W7/><G7/><T31/><D31/><U71/><E5/><V25/><F117/><W111/><G111/><T114/><D114/><U30/><E30/><V24/><F116/><W84/><G84/><T46/><D46/><U112/><E85/><V76/><F118/><W36/><G36/><T59/><D59/><U119/><E38/><V8/><F69/><W95/><G95/><T101/><D101/><U22/><E71/><V128/><F128/><W100/><G100/><T72/><D72/><U62/><E119/><V42/><F42/><W39/><G39/><T21/><D21/><U96/><E22/><N who="2" m="13391" /><F8/><W123/><G123/><T115/><D115/><U73/><E112/><V32/><F32/><RYUUKYOKU ba="2,2" sc="66,10,167,-30,306,10,441,10" hai0="19,23,60,61,63,65,68,75,79,83,87,88,92" hai2="25,26,74,76,99,103,107" hai3="9,12,16,49,51,52,54,55,78,81,86,104,106" />
</Scene>
<Scene>
<INIT seed="3,3,2,5,4,32" ten="76,137,316,451" oya="3" hai0="4,61,19,92,52,94,29,26,103,23,116,75,34" hai1="133,16,118,67,25,91,58,69,102,12,113,79,33" hai2="64,2,80,96,31,66,117,112,68,110,6,59,22" hai3="42,108,127,104,7,90,121,35,8,54,50,45,27"/><W39/><G121/><T115/><D116/><U17/><E113/><V86/><F112/><W73/><G127/><T105/><D115/><U18/><E118/><V51/><F68/><W88/><G104/><T24/><D75/><U126/><E126/><V130/><F117/><W122/><G122/><T49/><D61/><U125/><E125/><V128/><F96/><W65/><G65/><T71/><D71/><U30/><E133/><V107/><F107/><W119/><G119/><T38/><D38/><U56/><E79/><V135/><F135/><W48/><G48/><T47/><REACH who="0" step="1"/><D4/><REACH who="0" ten="66,137,316,451" step="2"/><U1/><E69/><V111/><F6/><W36/><G73/><T62/><D62/><U98/><E67/><V3/><F66/><W60/><G60/><T10/><D10/><U100/><E58/><V87/><F64/><W124/><G39/><T78/><D78/><U41/><E56/><V55/><F59/><W89/><G124/><T14/><D14/><U85/><E12/><V0/><F51/><W11/><G7/><T132/><D132/><U109/><E109/><N who="2" m="41483" /><F55/><W74/><G108/><T28/><D28/><U44/><E30/><V53/><F53/><W20/><G74/><T83/><D83/><U114/><E114/><V77/><F31/><W40/><G36/><T84/><D84/><U93/><E85/><V131/><F86/><W46/><G8/><T120/><D120/><U97/><E25/><V106/><F87/><W76/><G27/><T63/><D63/><U72/><E72/><V134/><F134/><W15/><G76/><T57/><D57/><U101/><E44/><RYUUKYOKU ba="3,3" sc="66,30,137,-10,316,-10,451,-10" hai0="19,23,24,26,29,34,47,49,52,92,94,103,105" />
</Scene>
<Scene>
<INIT seed="4,4,3,1,3,30" ten="96,127,306,441" oya="0" hai0="133,131,34,48,0,87,62,28,105,81,54,102,130" hai1="36,134,52,107,117,50,51,80,55,38,44,72,128" hai2="103,14,18,19,108,21,41,123,27,49,10,125,12" hai3="5,85,95,53,26,69,15,77,24,127,45,61,113"/><T57/><D0/><U76/><E107/><V71/><F71/><W43/><G113/><T100/><D133/><U111/><E134/><V3/><F123/><W4/><G127/><T135/><D135/><U65/><E117/><V132/><F108/><W7/><G15/><T79/><D105/><U16/><E111/><V31/><F132/><W20/><G26/><N who="0" m="18711" /><D62/><U91/><E128/><AGARI ba="4,3" hai="48,54,57,79,81,87,100,102,128,130,131" m="18711" machi="128" ten="30,2900,0" yaku="19,1,52,1" doraHai="30" who="0" fromWho="1" sc="96,71,127,-41,306,0,441,0" />
</Scene>
<Scene>
<INIT seed="4,5,0,5,3,94" ten="167,86,306,441" oya="0" hai0="21,61,46,22,20,71,135,81,132,114,129,43,69" hai1="38,98,57,125,45,26,32,4,40,16,17,77,107" hai2="121,47,103,36,130,13,48,100,104,84,2,39,6" hai3="8,70,60,78,55,102,133,87,85,34,42,92,120"/><T97/><D114/><U49/><E125/><V44/><F121/><W134/><G34/><T88/><D129/><U66/><E77/><V116/><F2/><W110/><G110/><T72/><D72/><U41/><E4/><V15/><F6/><W19/><G120/><T27/><D27/><U115/><E115/><V76/><F104/><W124/><G42/><T18/><D18/><U25/><E40/><V35/><F35/><W96/><G124/><T58/><D58/><U29/><E26/><V113/><F48/><W112/><G112/><T23/><D23/><U126/><E126/><V0/><F0/><W105/><G105/><T73/><D73/><U53/><REACH who="1" step="1"/><E66/><REACH who="1" ten="167,76,306,441" step="2"/><V95/><F76/><W123/><G78/><T131/><D131/><U80/><E80/><V93/><F113/><W7/><G7/><T119/><D81/><U74/><E74/><V37/><F130/><W118/><G123/><T82/><D82/><U24/><E24/><V3/><F3/><W52/><G118/><T109/><D119/><U106/><E106/><V65/><F65/><N who="3" m="41255" /><G55/><T5/><D5/><U51/><E51/><V31/><F37/><W14/><G52/><T9/><D43/><U127/><E127/><V83/><F83/><W101/><G133/><T62/><D132/><U54/><E54/><V28/><F116/><W117/><G134/><T122/><D135/><U86/><E86/><AGARI ba="5,1" hai="13,15,28,31,36,39,44,47,84,86,93,95,100,103" machi="86" ten="25,1600,0" yaku="22,2" doraHai="94" who="2" fromWho="1" sc="167,0,76,-31,306,41,441,0" />
</Scene>
<Scene>
<INIT seed="5,0,0,2,0,94" ten="167,45,347,441" oya="1" hai0="121,130,129,100,56,4,51,9,41,30,91,88,67" hai1="16,61,68,76,105,134,53,21,50,83,79,109,74" hai2="82,13,0,34,113,98,102,120,117,20,17,135,28" hai3="1,78,52,23,12,132,107,124,58,26,116,133,57"/><U92/><E105/><V27/><F117/><W6/><G107/><T47/><D121/><U45/><E109/><V75/><F120/><W14/><G116/><T8/><D30/><U90/><E134/><N who="3" m="51818" /><G124/><T65/><D100/><U69/><E79/><V54/><F54/><W25/><G25/><T81/><D9/><U60/><E68/><V43/><F43/><W10/><G78/><T2/><D81/><U5/><E5/><V122/><F122/><W126/><G58/><T39/><D39/><U24/><REACH who="1" step="1"/><E69/><REACH who="1" ten="167,35,347,441" step="2"/><V108/><F135/><W48/><G126/><T32/><D130/><U123/><E123/><V95/><F108/><W72/><G72/><T125/><D129/><U62/><E62/><V93/><F75/><W44/><G57/><T70/><D125/><U118/><E118/><V49/><F113/><W111/><G111/><T71/><D56/><U11/><E11/><V46/><F46/><W84/><G10/><T97/><D71/><U85/><AGARI ba="0,1" hai="16,21,24,45,50,53,60,61,74,76,83,85,90,92" machi="85" ten="20,12000,1" yaku="1,1,0,1,7,1,54,1,53,1" doraHai="94" doraHaiUra="18" who="1" fromWho="1" sc="167,-40,35,130,347,-40,441,-40" />
</Scene>
<Scene>
<INIT seed="5,1,0,3,0,55" ten="127,165,307,401" oya="1" hai0="48,46,128,117,5,18,11,80,53,7,95,107,104" hai1="103,85,93,63,56,99,8,91,115,89,105,81,62" hai2="24,38,121,82,21,135,72,70,58,134,43,61,29" hai3="120,2,17,67,100,45,119,3,28,122,42,126,76"/><U131/><E131/><V79/><F70/><W133/><G28/><T123/><D117/><U111/><E111/><V94/><F121/><W36/><G17/><T102/><D128/><U6/><E115/><V49/><F49/><W54/><G54/><T69/><D69/><U33/><E33/><V4/><F4/><W10/><G119/><T125/><D123/><U132/><E132/><N who="2" m="50731" /><F94/><W32/><G133/><T9/><D125/><U65/><E63/><V88/><F43/><W68/><G32/><T130/><D130/><U41/><E41/><V124/><F38/><W92/><G126/><T78/><D18/><U74/><E74/><V40/><F40/><W50/><G50/><T112/><D112/><U84/><REACH who="1" step="1"/><E6/><REACH who="1" ten="127,155,307,401" step="2"/><V1/><F124/><W22/><G42/><T87/><D87/><U129/><E129/><V13/><F72/><W113/><G36/><T73/><D5/><U97/><E97/><V27/><F61/><W108/><G108/><T110/><D110/><U25/><E25/><V15/><F27/><W106/><G113/><T71/><D71/><U98/><E98/><V109/><F24/><W26/><G26/><T96/><REACH who="0" step="1"/><D11/><AGARI ba="1,1" hai="8,11,56,62,65,81,84,85,89,91,93,99,103,105" machi="11" ten="40,3900,0" yaku="1,1,52,1,53,0" doraHai="55" doraHaiUra="114" who="1" fromWho="0" sc="127,-42,155,52,307,0,401,0" />
</Scene>
<Scene>
<INIT seed="5,2,0,3,2,81" ten="85,207,307,401" oya="1" hai0="83,8,96,106,75,69,135,134,15,5,54,107,113" hai1="120,27,53,114,2,87,108,25,1,70,18,51,45" hai2="122,60,6,130,41,118,21,117,61,91,101,131,36" hai3="33,82,37,126,20,29,63,119,58,23,38,31,19"/><U9/><E120/><V16/><F122/><W52/><G126/><T64/><D113/><U34/><E70/><V73/><F6/><W127/><G127/><T56/><D69/><U55/><E114/><V86/><F73/><W84/><G119/><N who="2" m="45577" /><F101/><W3/><G3/><T7/><D64/><U121/><E121/><V11/><F11/><W30/><G33/><T68/><D68/><U133/><E34/><V4/><F4/><W74/><G74/><T62/><D5/><U94/><E108/><V65/><F41/><W12/><REACH who="3" step="1"/><G23/><REACH who="3" ten="85,207,307,391" step="2"/><T129/><D129/><N who="2" m="49162" /><F36/><W66/><G66/><T57/><D135/><U92/><E133/><V46/><F65/><W39/><G39/><T98/><D134/><U100/><E1/><V78/><F78/><AGARI ba="2,1" hai="12,19,20,29,30,31,37,38,52,58,63,78,82,84" machi="78" ten="40,5200,0" yaku="1,1,52,1,54,1,53,0" doraHai="81" doraHaiUra="35" who="3" fromWho="2" sc="85,0,207,0,307,-58,391,68" />
</Scene>
<Scene>
<INIT seed="6,0,0,0,5,50" ten="85,207,249,459" oya="2" hai0="41,118,32,128,105,126,135,7,33,111,12,64,101" hai1="72,35,38,102,104,71,66,57,52,86,76,68,88" hai2="79,15,2,28,53,30,98,13,20,77,27,109,9" hai3="39,75,69,29,60,134,5,40,70,107,36,127,114"/><V97/><F109/><W108/><G29/><T44/><D111/><U23/><E35/><V16/><F2/><W37/><G5/><T11/><D126/><U26/><E38/><V132/><F132/><W6/><G6/><T22/><D135/><U21/><E21/><V91/><F28/><W58/><G108/><T67/><D128/><U19/><E66/><V124/><F15/><W129/><G107/><T80/><D118/><U112/><E112/><V56/><F124/><W122/><G75/><T89/><D105/><U65/><E65/><V133/><F133/><W93/><G93/><T121/><D121/><U47/><E47/><V42/><F42/><W51/><G122/><T94/><D32/><U95/><E72/><V43/><F43/><W46/><G134/><T1/><D33/><U130/><E130/><V17/><F30/><W117/><G127/><T25/><D101/><U14/><E76/><N who="2" m="29259" /><F91/><W100/><G100/><T34/><D80/><U81/><E26/><V18/><F17/><W116/><G114/><T103/><D103/><U78/><E104/><V110/><F110/><W54/><G129/><T92/><D34/><U87/><E102/><V85/><F85/><W62/><G69/><T24/><D1/><U48/><AGARI ba="0,0" hai="14,19,23,48,52,57,68,71,78,81,86,87,88,95" machi="48" ten="20,12000,2" yaku="0,1,7,1,25,2,52,1,54,2" doraHai="50" who="1" fromWho="1" sc="85,-30,207,120,249,-60,459,-30" />
</Scene>
<Scene>
<INIT seed="7,0,0,3,1,41" ten="55,327,189,429" oya="3" hai0="128,130,18,121,55,100,106,116,133,19,115,4,108" hai1="38,67,88,23,105,96,42,5,103,118,31,29,43" hai2="27,33,126,132,92,21,52,40,63,83,125,61,2" hai3="3,124,56,86,34,50,78,24,97,84,77,102,109"/><W135/><G3/><T111/><D100/><U58/><E118/><V7/><F33/><W46/><G124/><T91/><D91/><U64/><E5/><V98/><F40/><W11/><G135/><T89/><D89/><U57/><E31/><V94/><F132/><W131/><G131/><T62/><D62/><U68/><E68/><V134/><F134/><W82/><G109/><T15/><D133/><U87/><E43/><V48/><F7/><W107/><G11/><T71/><D71/><U70/><E70/><V101/><F2/><W51/><G56/><T20/><D106/><U16/><E29/><V49/><F83/><W93/><G107/><T119/><D55/><U10/><E10/><V47/><F125/><W30/><G46/><T17/><D121/><U85/><E85/><V112/><F112/><W36/><G36/><T110/><D115/><U99/><E99/><V74/><F74/><W104/><G104/><T80/><D80/><AGARI ba="0,0" hai="24,30,34,50,51,77,78,80,82,84,86,93,97,102" machi="80" ten="40,2000,0" yaku="9,1" doraHai="41" who="3" fromWho="0" sc="55,-20,327,0,189,0,429,20" owari="35,-46.0,327,13.0,189,-21.0,449,54.0" />
</Scene>
</mjloggm>