<mjloggm ver="2.3"><GO type="169" lobby="0"/><UN n0="%54%42%41%43%4E" n1="%E3%83%A1%E3%83%AB%E3%82%AF" n2="%E5%A4%AA%E3%81%8F%E3%81%AA%E3%81%84%E3%81%8A" n3="%E3%81%91%E3%82%93%31%39%37%30" dan="16,16,17,16" rate="2011.37,2043.83,2157.39,2054.87" sx="M,F,M,M"/><TAIKYOKU oya="0"/>

<Scene>
<INIT seed="0,0,0,3,0,1" ten="250,250,250,250" oya="0" hai0="120,130,62,79,69,107,104,121,73,0,59,113,58" hai1="135,112,6,56,29,122,46,4,132,111,30,44,110" hai2="43,97,21,52,25,57,61,22,91,27,126,28,118" hai3="102,76,49,39,86,34,19,53,20,90,33,45,51"/><T83/><D113/><U84/><E84/><V68/><F126/><W72/><G102/><T127/><D127/><U42/><E56/><V41/><F118/><W13/><G39/><T12/><D130/><U101/><E101/><V60/><F68/><W105/><G105/><N who="0" m="40523" /><D59/><U47/><E112/><V63/><F97/><W128/><G128/><T71/><D58/><U17/><E17/><N who="2" m="12463" /><F91/><W87/><G72/><T67/><D12/><U106/><E106/><V99/><F99/><W3/><G3/><T134/><D71/><U108/><E42/><AGARI ba="0,0" hai="22,27,28,41,42,43,52,57,60,61,63" m="12463" machi="42" ten="30,2000,0" yaku="8,1,54,1" doraHai="1" who="2" fromWho="1" sc="250,0,250,-20,250,20,250,0" />
</Scene>
<Scene>
<INIT seed="1,0,0,5,0,26" ten="250,230,270,250" oya="1" hai0="62,45,74,134,61,46,116,29,81,5,52,126,80" hai1="44,11,95,105,120,69,28,87,88,43,64,23,79" hai2="108,124,104,18,7,16,38,118,107,32,111,75,33" hai3="110,70,119,6,40,27,127,65,106,85,9,36,2"/><U66/><E105/><N who="2" m="40523" /><F118/><W17/><G119/><T39/><D116/><U129/><E120/><V35/><F75/><W68/><G106/><T51/><D5/><U13/><E129/><V37/><F7/><W102/><G102/><T57/><D134/><U1/><E1/><V90/><F90/><W48/><BYE who="2" /><G110/><T109/><D109/><U135/><E79/><V67/><F67/><W82/><G127/><T121/><D126/><UN n2="%E5%A4%AA%E3%81%8F%E3%81%AA%E3%81%84%E3%81%8A" /><U132/><E69/><V131/><F124/><W34/><G36/><N who="2" m="13929" /><F131/><W54/><G40/><T0/><D0/><U49/><E135/><V94/><F94/><W93/><G93/><T20/><D121/><U86/><E86/><V22/><F22/><W31/><G17/><AGARI ba="0,0" hai="16,17,18,32,33,35,108,111" m="13929,40523" machi="17" ten="40,5200,0" yaku="28,2,54,1" doraHai="26" who="2" fromWho="3" sc="250,0,230,0,270,52,250,-52" />
</Scene>
<Scene>
<INIT seed="2,0,0,1,2,21" ten="250,230,322,198" oya="2" hai0="35,6,125,96,32,74,105,19,91,54,122,53,103" hai1="59,65,47,40,66,90,111,78,128,130,95,102,43" hai2="99,55,0,36,34,113,41,107,131,134,14,82,9" hai3="108,71,126,117,26,93,33,121,7,124,89,133,109"/><V120/><F55/><W57/><G71/><T11/><D122/><U28/><E111/><V112/><F14/><W17/><G57/><T52/><D74/><U116/><E116/><V15/><F15/><W84/><G117/><T73/><D73/><U30/><E78/><V37/><F82/><W86/><G121/><T51/><D19/><U3/><E3/><V50/><F50/><W18/><G7/><T85/><D125/><N who="3" m="48233" /><G133/><T49/><D35/><U4/><E4/><N who="2" m="1159" /><F120/><W60/><G60/><T98/><D32/><U27/><E102/><N who="2" m="62943" /><F134/><W20/><G33/><T75/><D75/><U104/><E104/><V8/><F8/><W42/><G42/><T70/><D70/><U5/><E5/><V56/><F56/><W2/><G2/><T45/><D98/><U101/><E101/><V16/><F41/><W119/><G119/><T25/><D51/><U44/><E59/><V68/><F68/><W110/><G86/><T38/><D38/><U13/><E13/><V123/><F123/><W83/><G83/><T92/><REACH who="0" step="1"/><D25/><REACH who="0" ten="240,230,322,198" step="2"/><U39/><E39/><V46/><F36/><W64/><G64/><T88/><D88/><U63/><E90/><V114/><F34/><W31/><AGARI ba="0,1" hai="17,18,20,26,31,84,89,93,108,109,110" m="48233" machi="31" ten="40,5200,0" yaku="14,1,18,1,52,1" doraHai="21" who="3" fromWho="3" sc="240,-13,230,-13,322,-26,198,62" />
</Scene>
<Scene>
<INIT seed="3,0,0,0,5,37" ten="227,217,296,260" oya="3" hai0="10,91,22,64,59,102,73,1,94,68,60,108,134" hai1="6,113,130,28,58,131,101,117,121,51,110,4,31" hai2="57,129,17,85,55,19,123,87,45,119,46,71,67" hai3="77,2,24,75,18,35,116,13,99,63,26,53,100"/><W33/><G116/><T42/><D73/><U70/><E70/><V47/><F119/><W88/><G2/><T80/><D22/><U112/><E101/><V52/><F129/><N who="1" m="49161" /><E117/><V16/><F123/><W103/><G75/><T29/><D29/><N who="1" m="11339" /><E58/><V40/><F40/><W8/><G77/><T97/><D68/><U81/><E81/><V7/><F7/><N who="1" m="2601" /><E51/><V56/><F67/><W36/><G36/><T76/><D102/><N who="3" m="38953" /><G33/><T78/><D80/><U66/><E66/><V98/><F98/><W92/><G35/><T109/><D64/><U93/><E93/><V39/><F39/><W127/><G127/><T107/><D59/><AGARI ba="0,0" hai="8,13,18,24,26,53,59,63,88,92,99" m="38953" machi="59" ten="30,2900,0" yaku="8,1,54,1" doraHai="37" who="3" fromWho="0" sc="227,-29,217,0,296,0,260,29" />
</Scene>
<Scene>
<INIT seed="3,1,0,3,4,35" ten="198,217,296,289" oya="3" hai0="47,96,23,113,54,45,125,123,90,129,122,85,13" hai1="32,88,132,62,118,77,130,37,105,119,133,33,66" hai2="109,115,91,102,89,20,87,103,114,10,73,78,127" hai3="30,112,111,58,29,0,79,135,48,12,108,55,27"/><W64/><G112/><N who="2" m="43049" /><F20/><W2/><G135/><N who="1" m="51786" /><E105/><V56/><F10/><W38/><G38/><T41/><D113/><U31/><E37/><V24/><F56/><W49/><G79/><T84/><D129/><U40/><E40/><V95/><F24/><W83/><G83/><T116/><D116/><N who="1" m="44587" /><E77/><V19/><F19/><W42/><G64/><T124/><D54/><U7/><E7/><V26/><F26/><W14/><G30/><T8/><D23/><U61/><E130/><V6/><F6/><W57/><G42/><T4/><D96/><U81/><E31/><V107/><F107/><W36/><G36/><N who="0" m="21671" /><D47/><U50/><E50/><V93/><F127/><N who="0" m="48714" /><D85/><N who="1" m="50223" /><E62/><V1/><F87/><W106/><G106/><T11/><D8/><U60/><E60/><V25/><F78/><W16/><G49/><T98/><D98/><U110/><E110/><N who="3" m="42026" /><G58/><AGARI ba="1,0" hai="32,33,58,61,66" m="50223,44587,51786" machi="58" ten="30,3900,0" yaku="20,1,12,1,54,1" doraHai="35" who="1" fromWho="3" sc="198,0,217,42,296,0,289,-42" />
</Scene>
<Scene>
<INIT seed="4,0,0,1,2,114" ten="198,259,296,247" oya="0" hai0="40,36,126,128,31,5,0,99,135,85,52,22,79" hai1="69,75,66,108,8,92,49,87,84,131,72,62,58" hai2="59,34,23,28,68,9,78,24,13,90,101,29,45" hai3="33,82,38,74,4,11,115,70,64,21,89,73,50"/><T42/><D135/><U48/><E131/><V118/><F68/><W123/><G33/><T100/><D128/><U47/><E108/><V39/><F78/><W94/><G38/><T46/><D126/><U18/><E69/><V6/><F101/><W51/><G115/><T15/><D0/><U127/><E127/><V102/><F102/><W130/><G123/><T103/><D36/><U2/><E49/><V109/><F109/><W41/><G21/><T57/><D31/><U61/><E61/><V25/><F59/><W54/><G41/><N who="0" m="15979" /><D46/><U93/><E2/><V120/><F120/><W63/><G51/><N who="0" m="30879" /><D99/><U10/><E75/><V67/><F67/><W134/><G134/><T60/><D60/><U77/><E72/><V81/><F45/><W17/><G130/><T132/><D132/><U133/><E133/><V43/><F43/><W125/><G125/><T3/><D3/><U106/><E106/><V122/><F122/><W95/><G74/><T55/><D55/><N who="1" m="30111" /><E18/><V1/><F39/><W98/><G17/><N who="0" m="10559" /><D5/><U53/><E53/><V12/><F118/><W35/><G35/><T71/><D71/><U91/><E77/><V113/><F113/><W110/><G73/><T86/><D85/><U32/><E32/><V16/><F28/><W104/><G110/><T116/><D116/><U19/><E19/><V30/><F30/><W26/><G70/><T129/><D129/><U7/><E7/><V83/><F34/><W111/><G4/><T96/><D96/><U117/><E117/><V112/><F112/><W105/><G111/><T97/><D97/><U44/><E44/><RYUUKYOKU ba="0,0" sc="198,15,259,15,296,-15,247,-15" hai0="79,86,100,103" hai1="8,10,58,62,66,84,87,91,92,93" />
</Scene>
<Scene>
<INIT seed="4,1,0,1,2,5" ten="213,274,281,232" oya="0" hai0="68,86,53,11,129,121,87,92,42,24,122,23,89" hai1="44,105,75,127,37,62,95,106,116,46,60,26,70" hai2="128,67,0,34,47,126,71,83,38,27,88,134,29" hai3="113,84,109,125,111,66,100,58,43,118,72,114,15"/><T55/><D68/><U131/><E116/><V91/><F0/><W96/><G72/><T52/><D129/><U85/><E75/><V77/><F128/><W64/><G43/><T73/><D73/><U115/><E127/><V97/><F126/><W61/><G125/><T81/><D42/><U10/><E131/><V41/><F134/><W80/><G118/><T130/><D130/><U18/><E115/><N who="3" m="44042" /><G66/><T132/><D132/><U133/><E133/><V28/><F28/><W25/><G25/><T49/><D49/><U13/><E26/><V107/><F77/><N who="3" m="46095" /><G15/><T30/><REACH who="0" step="1"/><D11/><REACH who="0" ten="203,274,281,232" step="2"/><U94/><E70/><V78/><F71/><W51/><G51/><T63/><D63/><U14/><E37/><V102/><F41/><W57/><G61/><T103/><D103/><U135/><E60/><V65/><F38/><W1/><G100/><T76/><AGARI ba="1,1" hai="23,24,30,52,53,55,76,81,86,87,89,92,121,122" machi="76" ten="30,6000,0" yaku="1,1,0,1,54,1,53,0" doraHai="5" doraHaiUra="93" who="0" fromWho="0" sc="203,73,274,-21,281,-21,232,-21" />
</Scene>
<Scene>
<INIT seed="4,2,0,2,4,63" ten="276,253,260,211" oya="0" hai0="116,14,88,129,49,10,38,87,60,113,108,105,30" hai1="62,123,90,34,16,89,66,5,115,17,20,25,22" hai2="79,77,125,121,122,69,19,135,26,23,24,27,40" hai3="8,6,124,67,107,64,18,96,48,102,1,43,52"/><T75/><D38/><U44/><E123/><V11/><F69/><W0/><G124/><T104/><D116/><U35/><E115/><V53/><F40/><W51/><G0/><T31/><D75/><U133/><E133/><V130/><F125/><W85/><G18/><T58/><D113/><U54/><E5/><V100/><F100/><W106/><G106/><T94/><D108/><U134/><E134/><V56/><F135/><W128/><G128/><T112/><D112/><U36/><E35/><V111/><F111/><W57/><REACH who="3" step="1"/><G85/><REACH who="3" ten="276,253,260,201" step="2"/><T114/><D114/><U131/><E131/><V95/><F130/><W103/><G103/><T92/><D105/><U118/><E16/><V37/><F122/><W12/><G12/><T33/><D104/><U28/><E17/><V15/><F121/><W47/><AGARI ba="2,1" hai="1,6,8,43,47,48,51,52,57,64,67,96,102,107" machi="47" ten="30,8000,1" yaku="1,1,0,1,52,2,54,1,53,0" doraHai="63" doraHaiUra="71" who="3" fromWho="3" sc="276,-42,253,-22,260,-22,201,96" />
</Scene>
<Scene>
<INIT seed="5,0,0,2,0,99" ten="234,231,238,297" oya="1" hai0="86,118,5,16,98,102,35,55,20,59,96,127,54" hai1="10,50,44,126,108,28,116,117,26,64,3,1,119" hai2="131,17,22,135,47,94,49,120,21,62,100,91,25" hai3="90,66,42,121,115,19,67,122,27,74,11,36,130"/><U103/><E126/><V110/><F110/><W34/><G74/><T107/><D127/><U43/><E108/><V46/><F120/><W105/><G105/><T106/><D118/><U71/><E103/><V38/><F135/><W76/><G76/><T51/><D35/><U29/><E10/><V48/><F131/><W125/><G130/><T6/><D86/><U14/><E14/><V101/><F62/><W60/><G42/><T129/><D129/><U33/><REACH who="1" step="1"/><E28/><REACH who="1" ten="234,221,238,297" step="2"/><V73/><F101/><W93/><G11/><T40/><D107/><U23/><E23/><V81/><F100/><W30/><G30/><T82/><D98/><U45/><E45/><V113/><F47/><W57/><G125/><T24/><D82/><U61/><AGARI ba="0,1" hai="1,3,26,29,33,43,44,50,61,64,71,116,117,119" machi="61" ten="40,3900,0" yaku="1,1,0,1,53,0" doraHai="99" doraHaiUra="52" who="1" fromWho="1" sc="234,-13,221,49,238,-13,297,-13" />
</Scene>
<Scene>
<INIT seed="5,1,0,5,4,90" ten="221,270,225,284" oya="1" hai0="50,62,65,97,95,101,107,56,22,124,117,86,45" hai1="1,34,2,21,134,66,30,112,99,109,28,48,12" hai2="51,19,82,130,70,85,114,63,128,6,11,96,37" hai3="10,105,61,91,122,39,71,27,31,15,118,54,0"/><U9/><E66/><V5/><F37/><W25/><G105/><T88/><D117/><U132/><E99/><V133/><F133/><N who="1" m="51305" /><E48/><V38/><F38/><W16/><G39/><T76/><D124/><U32/><E112/><V47/><F114/><W121/><G0/><N who="1" m="106" /><E109/><V67/><F19/><W18/><G118/><T98/><D22/><U103/><E103/><V78/><F96/><W94/><G18/><T75/><D98/><U135/><N who="1" m="51313" /><U36/><DORA hai="44" /><E36/><V72/><F72/><W92/><G27/><T113/><D113/><U57/><E57/><V120/><F120/><W20/><G94/><T102/><D102/><U35/><E21/><V14/><REACH who="2" step="1"/><F6/><AGARI ba="1,0" hai="6,9,12,28,30,32,34,35" m="106,51313" machi="6" ten="50,9600,0" yaku="20,1,34,2" doraHai="90,44" who="1" fromWho="2" sc="221,0,270,99,225,-99,284,0" />
</Scene>
<Scene>
<INIT seed="5,2,0,0,0,44" ten="221,369,126,284" oya="1" hai0="70,38,3,88,43,85,18,51,94,111,53,123,15" hai1="125,132,65,131,76,104,102,84,114,48,128,14,23" hai2="82,60,89,86,97,35,55,63,2,61,57,98,68" hai3="1,20,33,28,71,24,124,93,121,59,115,13,135"/><U67/><E114/><V81/><F2/><W11/><G71/><T106/><D3/><U42/><E125/><V54/><F35/><W127/><G121/><T109/><D106/><U119/><E119/><V21/><F68/><W130/><G59/><T83/><D70/><U69/><E132/><V108/><F108/><W116/><G93/><T50/><D123/><U126/><E126/><N who="3" m="48170" /><G115/><T7/><D7/><U9/><E23/><V31/><F82/><W95/><G95/><T75/><D38/><U90/><E102/><V6/><F6/><N who="3" m="1487" /><G135/><T40/><D109/><U10/><E104/><V72/><F72/><W26/><G130/><N who="1" m="49706" /><E76/><V100/><F100/><W27/><G116/><T64/><D64/><N who="1" m="24651" /><E69/><V77/><F77/><W78/><G78/><N who="0" m="46327" /><D75/><U29/><E29/><V66/><F66/><W96/><G96/><N who="0" m="57415" /><D111/><U5/><E9/><V36/><F36/><W91/><G91/><T41/><D53/><U32/><E32/><V30/><F55/><W92/><G92/><T118/><D118/><U39/><E39/><V99/><REACH who="2" step="1"/><F21/><AGARI ba="2,0" hai="15,18,21,40,41,43,50,51" m="57415,46327" machi="21" ten="30,7700,0" yaku="8,1,52,2,54,1" doraHai="44" who="0" fromWho="2" sc="221,83,369,0,126,-83,284,0" />
</Scene>
<Scene>
<INIT seed="6,0,0,4,2,52" ten="304,369,43,284" oya="2" hai0="73,123,127,46,2,78,28,50,65,115,8,25,23" hai1="111,89,68,21,5,40,102,103,132,117,34,108,93" hai2="99,131,98,95,128,105,101,44,16,114,66,6,33" hai3="37,135,97,10,0,27,57,64,24,14,53,110,71"/><V7/><F33/><W30/><G37/><T85/><D123/><U76/><E76/><V54/><F114/><W58/><G0/><T70/><D115/><U59/><E34/><V133/><F133/><W122/><G71/><T75/><D127/><U120/><E117/><V129/><F66/><W104/><G122/><T62/><D2/><U74/><E74/><V29/><F29/><W41/><G41/><T72/><D8/><U36/><E120/><V49/><REACH who="2" step="1"/><F16/><REACH who="2" ten="304,369,33,284" step="2"/><N who="3" m="8279" /><G30/><T109/><D65/><U56/><E132/><V106/><F106/><W61/><G104/><T13/><D28/><U107/><E107/><V26/><F26/><W39/><G135/><T90/><D25/><U81/><E5/><V113/><F113/><W116/><G27/><T19/><D19/><U15/><E111/><V79/><F79/><W3/><G110/><T134/><D78/><U87/><E108/><V9/><F9/><W51/><G24/><T47/><D109/><U82/><E21/><V96/><F96/><W12/><G97/><T1/><D23/><U69/><E69/><V42/><F42/><W80/><G64/><T121/><D134/><U119/><E68/><V55/><F55/><W4/><G53/><T35/><D70/><U67/><E67/><V100/><AGARI ba="0,1" hai="6,7,44,49,54,95,98,99,100,101,105,128,129,131" machi="100" ten="40,7800,0" yaku="1,1,0,1,19,1,53,0" doraHai="52" doraHaiUra="32" who="2" fromWho="2" sc="304,-26,369,-26,33,88,284,-26" />
</Scene>
<Scene>
<INIT seed="6,1,0,2,4,87" ten="278,343,121,258" oya="2" hai0="49,24,110,56,106,99,60,97,76,54,92,50,81" hai1="4,107,40,132,103,14,96,124,0,102,42,79,69" hai2="41,31,134,27,104,112,53,15,55,118,126,38,44" hai3="7,95,135,12,5,11,93,35,2,77,39,48,29"/><V17/><F118/><W28/><G39/><T116/><D110/><U65/><E132/><V90/><F104/><W113/><G135/><T82/><D116/><U85/><E124/><V105/><F134/><W63/><G77/><T1/><D1/><U58/><E69/><V68/><F105/><W20/><G63/><T8/><D8/><N who="1" m="4359" /><E107/><V123/><F123/><W130/><G48/><T66/><D24/><U47/><E47/><V18/><F68/><W119/><G95/><T51/><D106/><U83/><E0/><V80/><F126/><W122/><G93/><T101/><D99/><U120/><E120/><V73/><F112/><W46/><G46/><T88/><D101/><N who="1" m="38411" /><E96/><V111/><F111/><W64/><G119/><T98/><D98/><U108/><E108/><V131/><F131/><W16/><G122/><T121/><D121/><U45/><E45/><V89/><F73/><W100/><G100/><T32/><D32/><U52/><E65/><V71/><F71/><W26/><G64/><T62/><D76/><U6/><E6/><V127/><F127/><W125/><G125/><T74/><D74/><U9/><E9/><V78/><F78/><W67/><G67/><T33/><D33/><U109/><E109/><V22/><F17/><W94/><G130/><T86/><D97/><U91/><E79/><V25/><F25/><N who="3" m="18863" /><G113/><T34/><D34/><U59/><E59/><AGARI ba="1,0" hai="49,50,51,54,56,59,60,62,66,81,82,86,88,92" machi="59" ten="40,5200,0" yaku="8,1,52,1,54,1" doraHai="87" who="0" fromWho="1" sc="278,55,343,-55,121,0,258,0" />
</Scene>
<Scene>
<INIT seed="7,0,0,2,0,65" ten="333,288,121,258" oya="3" hai0="110,97,3,69,99,93,121,58,62,119,72,29,76" hai1="19,109,11,37,88,13,4,22,7,94,118,32,61" hai2="103,46,83,31,24,64,14,2,26,27,33,86,113" hai3="35,112,49,105,131,38,67,47,30,68,127,6,108"/><W5/><G105/><T95/><D3/><U104/><E104/><V130/><F113/><W66/><G38/><T129/><D110/><U39/><E109/><V128/><F103/><W106/><G108/><T25/><D119/><U9/><E32/><V78/><F2/><W10/><G67/><T63/><D121/><U81/><E118/><V75/><F14/><W40/><G131/><T98/><D69/><U54/><E81/><V45/><F86/><W135/><G127/><T79/><D129/><U21/><E39/><V50/><F128/><W71/><G66/><N who="0" m="39255" /><D63/><U100/><E100/><V125/><F130/><W44/><G106/><T120/><D72/><U114/><E114/><V18/><F125/><W42/><G6/><T53/><D53/><U101/><E101/><V51/><F18/><W34/><G135/><T82/><D82/><U74/><E74/><V85/><F75/><W52/><G42/><T133/><D133/><U87/><E37/><V115/><F115/><W132/><G132/><T41/><D41/><U116/><E116/><V57/><F57/><W80/><G80/><T1/><D1/><U55/><E61/><V102/><F102/><W20/><G35/><T111/><D111/><U56/><E56/><V122/><F122/><W73/><G34/><T92/><D120/><U36/><E36/><V28/><F64/><W77/><G112/><T90/><D90/><U59/><E59/><V123/><F123/><W12/><G73/><T8/><D8/><N who="1" m="3147" /><E21/><AGARI ba="0,0" hai="21,25,29,76,79,92,93,95,97,98,99" m="39255" machi="21" ten="30,1000,0" yaku="8,1" doraHai="65" who="0" fromWho="1" sc="333,10,288,-10,121,0,258,0" owari="343,44.0,278,8.0,121,-38.0,258,-14.0" />
</Scene>
</mjloggm>