<mjloggm ver="2.3"><GO type="41" lobby="0"/><UN n0="%E3%81%BA%E3%81%8E%E3%81%BF%E3%82%93" n1="%E5%8C%BF%E5%90%8D%E5%B8%8C%E6%9C%9B" n2="%E5%A4%AA%E3%81%8F%E3%81%AA%E3%81%84%E3%81%8A" n3="%62%61%62%65%71" dan="16,14,17,13" rate="2080.98,1975.07,2148.24,1908.44" sx="M,F,M,M"/><TAIKYOKU oya="0"/>

<Scene>
<INIT seed="0,0,0,5,0,29" ten="250,250,250,250" oya="0" hai0="60,86,78,28,103,46,98,57,74,83,75,117,69" hai1="82,97,32,51,20,0,27,38,39,66,90,55,16" hai2="50,30,102,121,44,110,9,25,33,22,71,120,14" hai3="70,72,26,87,48,124,4,36,43,62,94,37,53"/><T52/><D69/><U63/><E0/><V123/><F71/><W133/><G72/><T80/><D117/><U129/><E129/><V99/><F110/><W65/><G4/><T12/><D83/><U40/><E40/><V6/><F22/><W107/><G107/><T3/><D3/><U127/><E127/><V17/><F6/><W134/><G26/><T122/><D122/><U34/><E39/><N who="3" m="14922" /><G87/><T21/><D46/><U115/><E38/><V96/><REACH who="2" step="1"/><F102/><REACH who="2" ten="250,250,240,250" step="2"/><W13/><G124/><T31/><D31/><U56/><E115/><V7/><F7/><W95/><G13/><T23/><D23/><U10/><E10/><V47/><F47/><N who="3" m="25727" /><G95/><T8/><D21/><U130/><E130/><V81/><F81/><W135/><G94/><T59/><D28/><U100/><E82/><V116/><F116/><W106/><G106/><T119/><D59/><U126/><E126/><V128/><F128/><W89/><G89/><T131/><D119/><U19/><E90/><V77/><F77/><W88/><G88/><T79/><D131/><U104/><REACH who="1" step="1"/><E19/><REACH who="1" ten="250,240,240,250" step="2"/><V76/><F76/><W61/><G135/><T67/><D79/><U1/><E1/><V118/><F118/><W49/><G134/><T45/><D103/><U112/><E112/><V114/><F114/><W93/><G133/><T132/><D132/><U35/><E35/><V109/><F109/><W91/><G91/><T68/><D98/><U113/><E113/><V85/><F85/><W84/><G84/><T41/><D8/><U54/><E54/><AGARI ba="0,2" hai="9,14,17,25,30,33,44,50,54,96,99,120,121,123" machi="54" ten="40,2600,0" yaku="1,1,52,1,53,0" doraHai="29" doraHaiUra="64" who="2" fromWho="1" sc="250,0,240,-26,240,46,250,0" />
</Scene>
<Scene>
<INIT seed="1,0,0,2,1,115" ten="250,214,286,250" oya="1" hai0="128,119,61,22,58,98,47,17,19,3,113,42,60" hai1="102,79,96,13,46,9,104,101,71,87,106,72,24" hai2="14,43,76,59,125,81,65,95,39,86,51,103,1" hai3="40,127,135,4,100,90,35,69,67,21,112,134,31"/><U126/><E71/><V91/><F1/><W78/><G112/><T45/><D113/><U54/><E72/><V12/><F125/><W56/><G127/><T63/><D3/><U117/><E126/><V23/><F39/><W99/><G69/><T33/><D33/><U57/><E46/><N who="2" m="26079" /><F103/><W89/><G35/><T77/><D128/><U7/><E24/><V111/><F111/><W132/><G78/><T38/><D77/><U68/><E68/><V29/><F29/><W44/><G4/><T64/><D119/><U10/><E10/><V129/><F129/><W133/><G56/><T108/><D108/><U93/><E117/><V0/><F0/><W84/><G67/><T114/><D114/><U74/><E74/><V25/><F65/><W55/><G55/><T116/><D116/><U73/><E73/><V27/><F59/><W70/><G70/><T26/><D47/><U15/><E15/><N who="2" m="5675" /><F23/><W110/><G110/><T20/><D98/><AGARI ba="0,0" hai="25,27,76,81,86,91,95,98" m="5675,26079" machi="98" ten="30,1000,0" yaku="8,1" doraHai="115" who="2" fromWho="0" sc="250,-10,214,0,286,10,250,0" />
</Scene>
<Scene>
<INIT seed="2,0,0,2,2,57" ten="240,214,296,250" oya="2" hai0="130,118,93,58,45,72,121,31,22,11,70,16,105" hai1="76,3,128,97,59,84,1,112,68,98,104,81,74" hai2="114,32,66,103,96,2,60,33,122,91,131,27,126" hai3="21,51,14,13,5,116,6,106,113,90,10,47,119"/><V40/><F114/><W117/><G106/><T48/><D105/><U134/><E112/><V52/><F122/><W61/><G113/><T41/><D70/><U28/><E68/><V124/><F2/><W133/><G133/><T54/><D130/><U78/><E134/><V99/><F40/><W30/><G90/><T29/><D72/><U4/><E128/><V37/><F37/><W132/><G132/><T8/><D121/><U18/><E28/><N who="0" m="10825" /><D118/><U15/><E4/><V86/><F131/><W55/><G30/><T94/><D94/><U79/><E59/><N who="2" m="34919" /><F66/><W12/><G21/><T38/><D38/><U7/><E7/><V101/><F27/><W111/><G111/><T25/><D93/><U62/><E62/><V19/><F19/><W26/><G26/><T95/><D95/><U53/><E74/><V83/><F99/><W75/><G75/><T20/><D20/><U125/><E104/><N who="2" m="63527" /><F103/><W82/><G82/><T24/><D24/><U127/><E3/><V34/><F34/><W50/><G51/><T44/><D41/><U80/><E1/><V123/><F123/><W65/><REACH who="3" step="1"/><G10/><AGARI ba="0,0" hai="8,10,11,16,22,25,44,45,48,54,58" m="10825" machi="10" ten="30,2000,0" yaku="8,1,54,1" doraHai="57" who="0" fromWho="3" sc="240,20,214,0,296,0,250,-20" />
</Scene>
<Scene>
<INIT seed="3,0,0,4,2,54" ten="260,214,296,230" oya="3" hai0="28,90,108,40,4,71,129,12,1,46,127,5,96" hai1="92,64,20,56,77,130,135,109,53,25,19,82,83" hai2="134,13,116,58,33,31,27,84,63,50,49,128,81" hai3="99,103,67,76,88,117,131,120,15,73,11,119,112"/><W68/><G120/><T36/><D1/><U111/><E130/><V107/><F107/><W59/><G112/><T74/><D71/><U3/><E3/><V78/><F116/><W2/><G68/><T0/><D0/><U6/><E6/><V75/><F128/><W132/><G2/><T39/><D74/><U9/><E9/><V42/><F134/><W60/><G132/><T62/><D39/><U125/><E135/><V97/><F97/><W32/><G32/><T22/><D129/><U37/><E37/><V86/><F13/><W98/><G131/><T72/><D72/><U41/><E41/><V55/><F42/><W10/><G73/><T34/><D34/><U80/><E64/><V26/><F26/><W69/><G76/><T61/><D127/><U93/><E77/><V24/><F24/><W118/><G98/><T113/><D113/><U8/><E8/><V48/><AGARI ba="0,0" hai="27,31,33,48,49,50,55,58,63,75,78,81,84,86" machi="48" ten="30,2000,0" yaku="0,1,52,1" doraHai="54" who="2" fromWho="2" sc="260,-5,214,-5,296,20,230,-10" />
</Scene>
<Scene>
<INIT seed="4,0,0,0,2,103" ten="255,209,316,220" oya="0" hai0="65,41,118,110,38,98,24,53,96,23,44,37,79" hai1="88,36,82,51,135,91,10,121,128,26,104,75,113" hai2="19,115,69,64,93,71,76,27,63,112,92,35,17" hai3="29,16,0,7,25,131,50,127,32,80,47,77,95"/><T90/><D118/><U5/><E121/><V58/><F76/><W67/><G127/><T130/><D38/><U33/><E36/><V49/><F35/><W6/><G67/><T105/><D130/><U18/><E128/><V116/><F116/><W54/><G131/><T31/><D110/><U74/><E135/><V55/><F71/><W12/><G95/><N who="2" m="36425" /><F27/><W20/><REACH who="3" step="1"/><G0/><REACH who="3" ten="255,209,316,210" step="2"/><T134/><D65/><U28/><E113/><AGARI ba="0,1" hai="17,19,49,55,58,63,64,69,112,113,115" m="36425" machi="113" ten="30,1000,0" yaku="15,1" doraHai="103" who="2" fromWho="1" sc="255,0,209,-10,316,20,210,0" />
</Scene>
<Scene>
<INIT seed="5,0,0,4,5,76" ten="255,199,336,210" oya="1" hai0="125,0,69,10,79,86,24,68,73,53,112,3,59" hai1="46,107,30,61,74,78,99,9,17,75,90,96,29" hai2="133,108,47,111,134,127,34,25,102,104,38,135,121" hai3="37,87,71,120,2,39,20,18,51,132,116,91,50"/><U64/><E99/><N who="2" m="61535" /><F127/><W103/><G71/><T35/><D73/><U7/><E17/><V131/><F131/><W58/><G120/><T28/><D125/><U33/><E46/><V27/><F121/><W93/><G2/><T72/><D72/><U82/><E74/><V122/><F122/><W57/><G132/><T56/><D56/><U5/><E33/><V85/><F85/><W43/><G116/><T123/><D123/><U23/><E23/><V21/><F34/><W62/><G103/><T26/><D26/><N who="2" m="9738" /><F21/><W89/><G43/><AGARI ba="0,0" hai="38,43,47,108,111,133,134,135" m="9738,61535" machi="43" ten="40,1300,0" yaku="20,1" doraHai="76" who="2" fromWho="3" sc="255,0,199,0,336,13,210,-13" />
</Scene>
<Scene>
<INIT seed="6,0,0,0,4,41" ten="255,199,349,197" oya="2" hai0="126,74,72,84,115,8,2,101,7,27,81,87,88" hai1="68,51,108,59,102,35,119,12,55,1,61,42,3" hai2="63,38,98,5,24,125,11,57,83,109,53,99,22" hai3="13,20,54,31,50,100,79,85,105,91,120,113,23"/><V46/><F125/><W60/><G79/><T89/><D126/><U130/><E108/><V73/><F109/><W37/><G37/><T132/><D115/><U33/><E119/><V75/><F38/><W111/><G120/><T67/><D132/><U121/><E121/><V34/><F34/><W15/><G111/><T77/><D101/><U44/><E130/><V29/><F73/><W106/><G100/><T131/><D131/><U43/><E102/><V95/><F75/><W65/><G113/><T47/><D77/><U112/><E112/><V52/><F83/><W82/><G106/><T14/><D67/><N who="1" m="41071" /><E42/><V135/><F135/><W48/><G105/><T116/><D116/><U71/><E71/><V45/><F53/><W40/><G40/><T123/><D123/><U124/><E12/><N who="2" m="5231" /><F99/><W56/><G48/><T129/><D129/><U21/><E21/><V17/><F29/><W28/><G28/><T26/><D2/><N who="1" m="523" /><E124/><V64/><F64/><W104/><G104/><T32/><D32/><U133/><E133/><V107/><F107/><W127/><G127/><T16/><D74/><U4/><E4/><V94/><F94/><W30/><G30/><T70/><D72/><U80/><E80/><V62/><F62/><W97/><G97/><T36/><D70/><U0/><N who="1" m="531" /><U18/><DORA hai="122" /><E18/><V128/><F128/><W96/><G96/><T9/><D9/><U86/><E86/><V103/><AGARI ba="0,0" hai="17,22,24,45,46,52,57,63,95,98,103" m="5231" machi="103" ten="30,11700,0" yaku="8,1,52,2,54,1" doraHai="41,122" who="2" fromWho="2" sc="255,-39,199,-39,349,117,197,-39" />
</Scene>
<Scene>
<INIT seed="6,1,0,1,2,50" ten="216,160,466,158" oya="2" hai0="73,121,133,75,126,26,108,77,22,122,46,64,69" hai1="55,79,125,1,25,113,23,2,37,101,20,134,39" hai2="131,8,28,81,24,9,119,128,13,67,47,92,4" hai3="38,42,80,83,33,124,70,120,36,99,6,58,118"/><V54/><F119/><W116/><G70/><T74/><D108/><U32/><E113/><V87/><F67/><W65/><G120/><T21/><D77/><U59/><E32/><V11/><F92/><W110/><G110/><T106/><D106/><U29/><E125/><V49/><F128/><W60/><G33/><T40/><D126/><U107/><E134/><V19/><F4/><W88/><G124/><T132/><D64/><U7/><E79/><V130/><F130/><W71/><G6/><T3/><D69/><U56/><E56/><V51/><F51/><W93/><G71/><T14/><D14/><U62/><E20/><N who="0" m="7785" /><D26/><U115/><E115/><V52/><F131/><W41/><G83/><T114/><D3/><U89/><E1/><V76/><F54/><W98/><G80/><T91/><D91/><U30/><E89/><V82/><F82/><W96/><G116/><T100/><D100/><U111/><E111/><V18/><F18/><W117/><G117/><T5/><D5/><U135/><E30/><V123/><F123/><W129/><G129/><T0/><D0/><U94/><E107/><V97/><F97/><W84/><REACH who="3" step="1"/><G118/><REACH who="3" ten="216,160,466,148" step="2"/><T105/><D114/><U78/><E135/><N who="0" m="51785" /><D105/><U112/><E112/><V57/><F81/><W15/><G15/><T17/><D17/><U90/><E78/><V10/><F76/><W48/><G48/><AGARI ba="1,1" hai="40,46,48,73,74,75,121,122" m="51785,7785" machi="48" ten="40,1300,0" yaku="20,1" doraHai="50" who="0" fromWho="3" sc="216,26,160,0,466,0,148,-16" />
</Scene>
<Scene>
<INIT seed="7,0,0,2,5,56" ten="242,160,466,132" oya="3" hai0="115,31,106,48,24,110,73,33,18,8,2,114,28" hai1="84,64,50,87,30,53,23,124,52,97,58,10,59" hai2="67,134,21,40,15,126,116,123,32,5,16,90,109" hai3="122,34,82,113,49,22,35,95,75,36,127,7,65"/><W99/><G36/><T128/><D106/><U37/><E37/><V13/><F109/><W20/><G122/><T57/><D73/><U77/><E124/><V26/><F116/><W89/><G127/><T38/><D38/><U47/><E97/><V55/><F126/><W93/><G113/><N who="0" m="43019" /><D110/><U86/><E10/><V25/><F40/><W103/><G7/><N who="0" m="1143" /><D128/><U101/><E101/><V66/><F123/><W9/><G9/><T19/><D31/><U107/><E107/><V44/><F134/><W69/><G49/><T3/><D3/><U27/><E77/><V14/><F5/><W81/><G75/><T96/><D96/><U60/><E87/><V125/><F125/><W0/><G0/><T91/><D91/><U98/><E98/><V42/><F55/><AGARI ba="0,0" hai="18,19,24,28,33,48,55,57" m="1143,43019" machi="55" ten="30,2000,0" yaku="15,1,11,1" doraHai="56" who="0" fromWho="2" sc="242,20,160,0,466,-20,132,0" owari="262,6.0,160,-24.0,446,55.0,132,-37.0" />
</Scene>
</mjloggm>