<mjloggm ver="2.3"><GO type="169" lobby="0"/><UN n0="%72%69%6F%75%63%68%61%6E" n1="%E2%98%85%E9%9B%80%E9%AC%BC%E7%99%BE%E7%80%AC%E2%98%85" n2="%E3%83%8B%E3%83%BC%E3%83%88%E7%A4%BE%E9%95%B7" n3="%E5%A4%AA%E3%81%8F%E3%81%AA%E3%81%84%E3%81%8A" dan="16,18,16,18" rate="2066.28,2173.61,2059.25,2222.25" sx="M,M,M,M"/><TAIKYOKU oya="0"/>

<Scene>
<INIT seed="0,0,0,3,5,88" ten="250,250,250,250" oya="0" hai0="93,21,135,96,57,14,114,91,59,63,109,70,61" hai1="106,133,78,121,126,56,16,40,23,98,92,19,123" hai2="112,12,85,25,103,125,120,53,51,72,50,1,39" hai3="128,24,47,67,132,127,2,65,60,35,86,58,102"/><T38/><D114/><U76/><E106/><V8/><F72/><W108/><G2/><T105/><D38/><U77/><E40/><V5/><F39/><W74/><G74/><T118/><D118/><U48/><E126/><V55/><F120/><W95/><G127/><T22/><D135/><U84/><E133/><V94/><F112/><W27/><G132/><T81/><D109/><U90/><E19/><V20/><F125/><W69/><G108/><T43/><D43/><U71/><E71/><V115/><F1/><W30/><G128/><T80/><D70/><U15/><E98/><N who="2" m="59863" /><F85/><W62/><G47/><T89/><D105/><U117/><E117/><V83/><F83/><N who="0" m="31818" /><D91/><U52/><AGARI ba="0,0" hai="15,16,23,48,52,56,76,77,78,84,90,92,121,123" machi="52" ten="30,12000,2" yaku="0,1,25,2,52,1,54,2" doraHai="88" who="1" fromWho="1" sc="250,-60,250,120,250,-30,250,-30" />
</Scene>
<Scene>
<INIT seed="1,0,0,4,0,2" ten="190,370,220,220" oya="1" hai0="39,90,66,98,82,65,7,40,0,5,23,106,95" hai1="69,46,97,32,35,114,124,131,118,129,87,21,100" hai2="122,38,55,126,134,63,24,48,83,60,130,10,117" hai3="99,37,67,53,20,73,58,59,121,26,120,78,115"/><U57/><E69/><V11/><F38/><W34/><G34/><T49/><D39/><U72/><E72/><V102/><F117/><W30/><G115/><T70/><D106/><U12/><E118/><V22/><F122/><W96/><G37/><T25/><D0/><U108/><E114/><V1/><F130/><N who="1" m="49673" /><E124/><V19/><F134/><W127/><G127/><T116/><D116/><U41/><E57/><V62/><F102/><W27/><G67/><N who="0" m="25611" /><D70/><U71/><E71/><V3/><F126/><W123/><G27/><T109/><D109/><U56/><E56/><V6/><F83/><W89/><G59/><T103/><D82/><U94/><E87/><V111/><F111/><W91/><G73/><T132/><D132/><U44/><E108/><V113/><F113/><W74/><G74/><T42/><D103/><U79/><E79/><V45/><REACH who="2" step="1"/><F63/><REACH who="2" ten="190,370,210,220" step="2"/><W93/><G121/><T18/><D49/><U64/><E100/><V14/><F14/><W86/><G123/><T17/><D17/><U101/><E101/><V135/><F135/><W80/><G120/><T52/><D18/><U47/><E12/><V104/><F104/><W43/><G80/><T125/><D95/><U76/><E94/><V13/><F13/><W105/><G105/><T75/><D125/><U8/><E41/><V16/><F16/><W81/><G43/><T110/><D42/><U36/><E36/><V51/><F51/><N who="3" m="31039" /><G78/><T88/><D40/><U92/><E76/><V9/><F9/><W61/><G61/><T112/><D110/><U85/><E8/><V31/><F31/><W133/><G133/><RYUUKYOKU ba="0,1" sc="190,-15,370,-15,210,15,220,15" hai2="1,3,6,10,11,19,22,24,45,48,55,60,62" hai3="20,26,30,81,86,89,91,93,96,99" />
</Scene>
<Scene>
<INIT seed="2,1,1,2,3,74" ten="175,355,225,235" oya="2" hai0="20,54,131,82,98,119,51,101,11,110,21,75,112" hai1="55,8,37,130,118,29,45,17,50,114,64,4,7" hai2="95,52,44,67,84,106,6,105,103,92,2,39,72" hai3="123,34,0,18,81,120,43,115,40,25,26,30,97"/><V113/><F113/><W57/><G0/><T94/><D112/><U85/><E114/><V133/><F72/><W134/><G115/><T111/><D131/><U127/><E118/><V5/><F67/><W80/><G134/><T71/><D71/><U1/><E37/><V15/><F2/><W60/><G97/><T59/><D119/><U96/><E64/><V116/><F116/><W78/><G80/><T126/><D126/><U124/><E96/><V12/><F39/><W22/><G123/><T58/><D11/><U69/><E4/><V135/><F84/><W68/><G68/><T70/><D70/><U99/><E69/><V62/><F44/><W132/><G132/><T122/><D122/><U33/><E99/><V108/><F62/><W38/><G38/><T36/><D36/><U24/><E130/><V42/><F42/><W47/><G47/><T73/><D73/><U10/><E85/><V128/><F128/><W129/><G120/><T53/><D75/><U86/><E86/><V35/><F35/><W63/><G129/><T90/><D110/><U31/><E31/><V41/><F41/><W93/><G43/><T61/><D111/><U3/><E3/><V65/><F108/><W88/><G40/><T16/><D16/><U83/><E83/><V79/><F65/><W77/><G81/><T109/><D109/><U91/><E91/><V76/><F52/><N who="3" m="33831" /><G63/><T23/><D82/><U107/><E107/><V56/><F56/><W19/><G19/><T48/><D61/><U14/><AGARI ba="1,1" hai="1,7,8,10,14,17,24,29,33,45,50,55,124,127" machi="14" ten="30,1100,0" yaku="0,1" doraHai="74" who="1" fromWho="1" sc="175,-4,355,24,225,-6,235,-4" />
</Scene>
<Scene>
<INIT seed="3,0,0,5,2,11" ten="171,379,219,231" oya="3" hai0="65,88,72,17,100,16,101,36,34,26,131,61,92" hai1="60,75,57,3,96,28,133,79,63,0,84,121,134" hai2="43,9,46,68,37,76,74,117,44,42,14,93,135" hai3="59,90,58,64,132,56,91,47,53,108,4,21,18"/><W98/><G132/><N who="1" m="50794" /><E75/><V48/><F135/><W112/><G112/><T38/><D72/><U115/><E115/><V80/><F93/><W24/><G108/><T71/><D131/><U50/><E121/><V126/><F126/><W33/><G33/><T105/><D105/><U103/><E28/><V104/><F68/><W69/><G4/><T39/><D17/><U23/><E23/><V66/><F66/><W97/><G69/><T128/><D128/><U89/><E50/><V19/><REACH who="2" step="1"/><F117/><REACH who="2" ten="171,379,209,231" step="2"/><W52/><G64/><T125/><D125/><U67/><E67/><V35/><F35/><W94/><G47/><T127/><D127/><U32/><E32/><V8/><F8/><W124/><G124/><T119/><D119/><U129/><E129/><V12/><F12/><W110/><G110/><T13/><D34/><U62/><E57/><V40/><F40/><W114/><G114/><T106/><D106/><AGARI ba="0,1" hai="9,14,19,37,42,43,44,46,48,74,76,80,104,106" machi="106" ten="40,2600,0" yaku="1,1,52,1,53,0" doraHai="11" doraHaiUra="29" who="2" fromWho="0" sc="171,-26,379,0,209,36,231,0" />
</Scene>
<Scene>
<INIT seed="4,0,0,5,5,133" ten="145,379,245,231" oya="0" hai0="122,99,76,56,52,101,129,95,84,97,104,30,25" hai1="108,71,17,63,117,50,112,31,22,10,128,64,39" hai2="32,28,7,69,68,14,15,42,135,82,13,120,85" hai3="3,77,123,26,72,37,110,45,61,46,48,2,23"/><T36/><D122/><U113/><E39/><V20/><F120/><W96/><G123/><T83/><D36/><U124/><E117/><V60/><F32/><W134/><G110/><T114/><D114/><N who="1" m="44139" /><E108/><V107/><F107/><W111/><G111/><T127/><D127/><U21/><E128/><V27/><F42/><W78/><G134/><T57/><D129/><U109/><E109/><V49/><F49/><W118/><G118/><T18/><D18/><U81/><E31/><V131/><F7/><W70/><G37/><T79/><D76/><U126/><E81/><V43/><F43/><W132/><G132/><T115/><D115/><U6/><E50/><V34/><F131/><W73/><G48/><T19/><D19/><U40/><E40/><V12/><F135/><W5/><G77/><T130/><D130/><U103/><E103/><V55/><F82/><W47/><G78/><T58/><D99/><U16/><E17/><V94/><F28/><N who="3" m="17503" /><G96/><T88/><D104/><U38/><E38/><V90/><F34/><W8/><G73/><T44/><D44/><U24/><E22/><V9/><F20/><W91/><G72/><T62/><D101/><U35/><E35/><AGARI ba="0,0" hai="25,30,35,52,56,57,58,62,79,83,84,88,95,97" machi="35" ten="30,5800,0" yaku="7,1,54,2" doraHai="133" who="0" fromWho="1" sc="145,58,379,-58,245,0,231,0" />
</Scene>
<Scene>
<INIT seed="4,1,0,2,2,126" ten="203,321,245,231" oya="0" hai0="22,107,10,75,48,67,45,3,123,39,13,125,73" hai1="131,36,19,2,100,41,104,105,109,98,12,120,35" hai2="68,121,11,4,117,94,47,122,83,127,26,6,129" hai3="119,30,69,40,44,52,70,90,133,108,89,124,61"/><T31/><D123/><U91/><E2/><V112/><F68/><W84/><G108/><T15/><D125/><U17/><E35/><V16/><F127/><W130/><G124/><T76/><D107/><U82/><E109/><V43/><F112/><W66/><G119/><T85/><D39/><U59/><E104/><V24/><F117/><W110/><G110/><T116/><D116/><U65/><E41/><V99/><F83/><W5/><G133/><T77/><D67/><U134/><E36/><V20/><F26/><W54/><G70/><T55/><D3/><U86/><E120/><V42/><F42/><W88/><G5/><N who="0" m="3279" /><D75/><U23/><E134/><V33/><F33/><W93/><G30/><T106/><D73/><U58/><E65/><V63/><F63/><W92/><G130/><T38/><D106/><U57/><E131/><V14/><F4/><W115/><G115/><T32/><D38/><U53/><REACH who="1" step="1"/><E17/><REACH who="1" ten="203,311,245,231" step="2"/><V9/><F129/><W8/><G40/><N who="0" m="24615" /><D32/><U64/><E64/><V62/><F43/><W28/><G66/><T101/><D55/><AGARI ba="1,1" hai="12,19,23,53,55,57,58,59,82,86,91,98,100,105" machi="55" ten="40,1300,0" yaku="1,1,53,0" doraHai="126" doraHaiUra="7" who="1" fromWho="0" sc="203,-16,311,26,245,0,231,0" />
</Scene>
<Scene>
<INIT seed="5,0,0,0,1,2" ten="187,337,245,231" oya="1" hai0="38,119,88,30,113,124,76,67,81,114,47,10,15" hai1="49,84,55,104,125,7,126,50,91,3,16,78,128" hai2="53,109,86,54,14,5,117,19,83,46,65,99,59" hai3="68,72,28,116,44,85,80,89,96,134,20,36,70"/><U122/><E122/><V110/><F117/><W133/><G116/><T87/><D119/><U1/><E104/><V18/><F99/><W105/><G72/><T34/><D124/><N who="1" m="47723" /><E78/><V127/><F127/><W37/><G28/><T75/><D67/><U102/><E102/><V115/><F115/><N who="0" m="44042" /><D34/><U79/><E79/><V107/><F65/><W61/><G20/><T97/><D30/><U39/><E39/><N who="3" m="14922" /><G44/><T48/><D38/><U45/><E7/><V9/><F107/><W64/><G96/><T69/><D69/><U23/><E49/><N who="2" m="28855" /><F110/><W0/><G0/><T42/><D97/><U74/><E74/><V130/><F130/><W132/><G105/><T120/><D120/><U32/><E128/><V56/><F109/><W41/><G41/><T123/><D123/><U95/><E32/><V103/><F103/><W27/><G27/><AGARI ba="0,0" hai="1,3,16,23,27,45,50,55,84,91,95" m="47723" machi="27" ten="30,2900,0" yaku="18,1,54,1" doraHai="2" who="1" fromWho="3" sc="187,0,337,29,245,0,231,-29" />
</Scene>
<Scene>
<INIT seed="5,1,0,1,2,0" ten="187,366,245,202" oya="1" hai0="63,48,74,14,8,27,114,39,24,37,127,123,85" hai1="45,132,90,34,89,120,92,26,47,99,35,41,131" hai2="3,12,121,18,58,22,96,70,53,135,28,55,67" hai3="6,115,87,59,19,80,113,101,133,66,50,107,126"/><U130/><E120/><V68/><F3/><W38/><G38/><T29/><D74/><U76/><E76/><V98/><F121/><W94/><G107/><T20/><D123/><U33/><E132/><V81/><F135/><W106/><G106/><T32/><D114/><N who="3" m="43529" /><G133/><T43/><D127/><U109/><E109/><V42/><F42/><W44/><G126/><T104/><D104/><U75/><E75/><V5/><F28/><W52/><G19/><T69/><D85/><U88/><E26/><V93/><F81/><W119/><G119/><T79/><D79/><U51/><REACH who="1" step="1"/><E47/><REACH who="1" ten="187,356,245,202" step="2"/><V100/><F68/><W83/><G44/><N who="0" m="25631" /><D27/><U77/><E77/><V124/><F70/><W36/><G59/><T30/><D69/><U82/><E82/><V86/><F58/><W108/><G83/><T61/><D32/><U112/><E112/><V56/><F56/><W62/><G80/><T129/><D30/><U57/><E57/><V95/><F124/><W17/><G108/><T97/><D24/><U11/><E11/><V91/><F67/><W134/><G134/><T40/><D29/><U105/><E105/><V72/><F72/><W117/><G117/><T46/><D8/><U21/><E21/><V64/><F64/><W15/><G66/><T71/><D71/><U9/><E9/><V84/><F22/><W128/><G94/><T54/><D20/><U31/><E31/><V73/><F95/><W7/><G62/><T60/><D61/><U25/><E25/><V49/><F93/><W125/><G125/><T1/><D63/><U78/><E78/><V2/><F73/><RYUUKYOKU ba="1,1" sc="187,-10,356,30,245,-10,202,-10" hai1="33,34,35,41,45,51,88,89,90,92,99,130,131" />
</Scene>
<Scene>
<INIT seed="5,2,1,3,1,107" ten="177,386,235,192" oya="1" hai0="60,121,62,50,63,104,93,127,67,125,46,102,12" hai1="94,86,0,3,97,70,33,117,32,45,72,96,36" hai2="68,7,51,77,128,64,120,79,89,35,71,16,5" hai3="115,38,101,39,2,110,49,20,129,37,112,17,95"/><U81/><E117/><V109/><F109/><W47/><G2/><T122/><D104/><U103/><E70/><V57/><F35/><W98/><G110/><T126/><D12/><U85/><E32/><V130/><F120/><N who="0" m="46186" /><D102/><U24/><E33/><V19/><F89/><W87/><G87/><T43/><D93/><U23/><E72/><V108/><F108/><W26/><REACH who="3" step="1"/><G129/><REACH who="3" ten="177,386,235,182" step="2"/><T88/><D88/><U75/><E0/><V65/><F128/><W134/><G134/><T73/><D73/><U54/><E3/><V42/><F130/><W22/><G22/><T15/><D15/><U118/><E85/><V41/><REACH who="2" step="1"/><F51/><REACH who="2" ten="177,386,225,182" step="2"/><W58/><G58/><AGARI ba="2,3" hai="43,46,50,58,60,62,63,67,125,126,127" m="46186" machi="58" ten="40,8000,1" yaku="18,1,13,1,34,2" doraHai="107" who="0" fromWho="3" sc="177,116,386,0,225,0,182,-86" /><AGARI ba="2,0" hai="5,7,16,19,41,42,57,58,64,65,68,71,77,79" machi="58" ten="25,8000,1" yaku="1,1,2,1,22,2,54,1,53,0" doraHai="107" doraHaiUra="21" who="2" fromWho="3" sc="293,0,386,0,225,80,96,-80" />
</Scene>
<Scene>
<INIT seed="6,0,0,0,1,102" ten="293,386,305,16" oya="2" hai0="70,35,39,99,7,14,22,17,36,19,49,113,80" hai1="20,72,116,109,41,132,76,25,133,44,87,115,1" hai2="110,122,101,43,51,105,66,48,103,56,119,82,94" hai3="83,68,107,124,64,54,92,16,59,96,104,24,33"/><V4/><F119/><W81/><G68/><T27/><D70/><U134/><E116/><V40/><F122/><W69/><G69/><T47/><D113/><U123/><E1/><V86/><F105/><W117/><G64/><T28/><D7/><U46/><E115/><V120/><F120/><W57/><G117/><T128/><D128/><U50/><E123/><V112/><F112/><W89/><G124/><T91/><D19/><U135/><E135/><V55/><F66/><W0/><G0/><T121/><D121/><U38/><E72/><V8/><F110/><W100/><G59/><T5/><D5/><U126/><E109/><V79/><F94/><W114/><G114/><T127/><D127/><U58/><E58/><V61/><F51/><W12/><G33/><T125/><D125/><U9/><E9/><V106/><F106/><N who="3" m="40491" /><G100/><T97/><D39/><U45/><E126/><V53/><F103/><W3/><G12/><T60/><D36/><U23/><E20/><V6/><F101/><W90/><G90/><T129/><D60/><U93/><E50/><V88/><F88/><N who="3" m="55303" /><G3/><T67/><D67/><U52/><E52/><V74/><F74/><W37/><G37/><T42/><D35/><U13/><E13/><N who="2" m="5255" /><F6/><W84/><G89/><T31/><D49/><U71/><E71/><V32/><F32/><W26/><G26/><T30/><D27/><U21/><E93/><V131/><F131/><W11/><G84/><N who="0" m="50567" /><D129/><U15/><E15/><V18/><F18/><W108/><G108/><T95/><D95/><U10/><E132/><V2/><F2/><W111/><G111/><RYUUKYOKU ba="0,0" sc="293,15,386,-15,305,15,16,-15" hai0="14,17,22,28,30,31,42,47,97,99" hai2="40,43,48,53,55,56,61,79,82,86" />
</Scene>
<Scene>
<INIT seed="6,1,0,3,1,118" ten="308,371,320,1" oya="2" hai0="110,88,62,81,13,9,87,22,20,28,86,126,61" hai1="51,134,50,104,74,131,4,79,113,91,19,73,95" hai2="17,25,66,12,53,39,52,132,83,30,78,133,103" hai3="76,23,96,29,124,58,129,98,92,116,64,99,117"/><V0/><F0/><W55/><G124/><T45/><D110/><U75/><E104/><V63/><F39/><W41/><G129/><T106/><D126/><U3/><E79/><V36/><F36/><W77/><G41/><T71/><D106/><U38/><E38/><V8/><F103/><W122/><G116/><T65/><D45/><U120/><E131/><V27/><F27/><N who="3" m="16639" /><G117/><T5/><D28/><U102/><E102/><V59/><F133/><W57/><G122/><T44/><D44/><U48/><E134/><V54/><F132/><W85/><G64/><T1/><D62/><U31/><E31/><V72/><REACH who="2" step="1"/><F66/><REACH who="2" ten="308,371,310,1" step="2"/><W94/><G58/><T111/><D111/><U125/><E3/><V80/><F80/><N who="3" m="47239" /><G77/><T84/><REACH who="0" step="1"/><D22/><AGARI ba="1,1" hai="8,12,17,22,25,30,52,53,54,59,63,72,78,83" machi="22" ten="30,11600,0" yaku="1,1,7,1,54,1,53,1" doraHai="118" doraHaiUra="24" who="2" fromWho="0" sc="308,-119,371,0,310,129,1,0" />
</Scene>
<Scene>
<INIT seed="6,2,0,3,4,72" ten="189,371,439,1" oya="2" hai0="130,103,109,95,120,0,96,24,47,100,14,76,80" hai1="63,91,45,117,128,19,29,77,82,8,4,49,12" hai2="74,34,131,36,25,54,27,57,50,111,75,37,5" hai3="55,118,43,65,69,17,123,115,89,52,127,132,48"/><V116/><F116/><W51/><G89/><N who="0" m="55407" /><D0/><U119/><E128/><V93/><F131/><W110/><G17/><T33/><D33/><U81/><E29/><V134/><F134/><W125/><G118/><T85/><D120/><U84/><E63/><V113/><F113/><W7/><G7/><T3/><D3/><U44/><E44/><V10/><F37/><W64/><G123/><T62/><D109/><U46/><E46/><V53/><F36/><W105/><G105/><T71/><D71/><U98/><E19/><V107/><F107/><W99/><G99/><T97/><D130/><U124/><E124/><N who="3" m="47690" /><G110/><T67/><D24/><U68/><E68/><V32/><F25/><W66/><G132/><T133/><D47/><U20/><E20/><V30/><F34/><W121/><G121/><T42/><D42/><U83/><E83/><V38/><F38/><W59/><G43/><T86/><D14/><U6/><E6/><V9/><F5/><W28/><G28/><T56/><D133/><U26/><E26/><V126/><F111/><W41/><G41/><T13/><D13/><U90/><E90/><V2/><F2/><W92/><G92/><N who="0" m="58407" /><D85/><U39/><E39/><V108/><F108/><W58/><G115/><T40/><D40/><N who="1" m="24743" /><E98/><V31/><F31/><W1/><G1/><T21/><D21/><U101/><E101/><AGARI ba="2,0" hai="56,62,67,76,80,86,101,103" m="58407,55407" machi="101" ten="30,2000,0" yaku="8,1,52,1" doraHai="72" who="0" fromWho="1" sc="189,26,371,-26,439,0,1,0" />
</Scene>
<Scene>
<INIT seed="7,0,0,5,2,29" ten="215,345,439,1" oya="3" hai0="6,31,1,41,28,122,12,36,120,128,51,124,90" hai1="66,89,32,21,98,87,54,81,99,78,43,114,123" hai2="129,63,24,45,118,103,86,105,79,85,19,125,50" hai3="102,134,10,8,84,23,68,3,75,44,40,65,135"/><W13/><G75/><T22/><D36/><U39/><E123/><N who="0" m="47145" /><D41/><U74/><E114/><V16/><F125/><W113/><G113/><T5/><D51/><U55/><E39/><V46/><F129/><W20/><G102/><T67/><D67/><U101/><E43/><V17/><F63/><N who="3" m="39999" /><G84/><T59/><D59/><U11/><E66/><V14/><F103/><W112/><G3/><T92/><D90/><U37/><E37/><V132/><F132/><N who="3" m="50731" /><G112/><T94/><D92/><U133/><E98/><V18/><F86/><W62/><G62/><T127/><D94/><U26/><E133/><V49/><F105/><W104/><G104/><T110/><D110/><U2/><E101/><V83/><F118/><W126/><G126/><N who="0" m="48171" /><D128/><U35/><E99/><V72/><F72/><W48/><G8/><N who="0" m="2095" /><D22/><U131/><E131/><V42/><F24/><W61/><G61/><T4/><D4/><AGARI ba="0,0" hai="4,10,13,20,23,40,44,48" m="50731,39999" machi="4" ten="30,1500,0" yaku="20,1" doraHai="29" who="3" fromWho="0" sc="215,-15,345,0,439,0,1,15" />
</Scene>
<Scene>
<INIT seed="7,1,0,3,5,26" ten="200,345,439,16" oya="3" hai0="53,109,103,18,71,96,92,51,126,122,121,62,131" hai1="135,46,48,24,16,108,22,10,112,21,52,66,25" hai2="29,3,89,124,91,130,102,69,14,100,15,73,59" hai3="54,81,58,32,1,39,36,78,9,75,80,74,61"/><W13/><G1/><T49/><D109/><U94/><E108/><V106/><F69/><W30/><G32/><T12/><D126/><U37/><E112/><V60/><F3/><W63/><G63/><T125/><D125/><U95/><E135/><V34/><F73/><W27/><G80/><T120/><D131/><U55/><E37/><V118/><F130/><W99/><G99/><T123/><D123/><U64/><E10/><V67/><F118/><W42/><G42/><T85/><D85/><U113/><E113/><V110/><F110/><W77/><G77/><T19/><D19/><U128/><E128/><V41/><F41/><W97/><G97/><T104/><D104/><U33/><E33/><V134/><F134/><W47/><G47/><T111/><D111/><U117/><E117/><V76/><F76/><W115/><G74/><T105/><D105/><U79/><E79/><V87/><F91/><W129/><G115/><T4/><D4/><U116/><E116/><V23/><F34/><W7/><REACH who="3" step="1"/><G129/><REACH who="3" ten="200,345,439,6" step="2"/><T20/><D122/><U72/><E72/><V101/><F60/><W31/><G31/><T45/><D121/><U84/><E84/><V90/><F29/><W43/><G43/><N who="0" m="24767" /><D120/><U17/><E55/><V133/><F87/><W98/><G98/><T132/><D62/><U86/><E86/><V83/><F83/><W119/><G119/><T11/><D132/><U82/><E82/><V50/><F133/><W68/><G68/><T38/><D71/><U57/><E46/><V28/><F28/><W65/><G65/><T2/><D2/><U107/><E107/><RYUUKYOKU ba="1,1" sc="200,-15,345,15,439,-15,6,15" hai1="16,17,21,22,24,25,48,52,57,64,66,94,95" hai3="7,9,13,27,30,36,39,54,58,61,75,78,81" />
</Scene>
<Scene>
<INIT seed="7,2,1,1,2,73" ten="185,360,424,21" oya="3" hai0="79,51,105,9,96,69,66,109,12,65,80,44,130" hai1="63,28,134,59,10,78,129,36,114,62,35,132,17" hai2="102,76,31,97,39,46,8,40,0,38,101,107,16" hai3="94,15,121,74,99,50,67,90,115,37,25,71,30"/><W22/><G121/><T77/><D109/><U125/><E36/><V81/><F102/><W19/><G37/><T82/><D130/><U14/><E129/><V119/><F38/><W113/><G74/><T7/><D69/><U43/><E43/><V108/><F31/><W89/><G50/><T58/><D105/><U45/><E45/><V52/><F52/><W42/><G42/><N who="0" m="24983" /><D96/><U93/><E114/><V104/><F108/><W1/><G1/><T64/><D58/><U13/><E125/><V111/><F111/><W127/><G127/><T4/><D4/><U68/><E68/><V126/><F119/><W106/><G106/><T117/><D117/><U48/><E35/><V116/><F116/><W87/><G71/><T112/><D112/><U131/><E28/><V95/><F126/><W41/><G67/><T5/><D5/><U23/><E131/><V53/><F53/><W103/><G41/><T75/><D75/><U55/><E93/><V70/><F70/><W110/><G110/><T85/><D82/><U57/><E57/><V24/><F24/><W135/><G135/><T88/><AGARI ba="2,1" hai="7,9,12,64,65,66,77,79,80,85,88" m="24983" machi="88" ten="30,7900,0" yaku="8,1,52,2,54,1" doraHai="73" who="0" fromWho="0" sc="185,95,360,-22,424,-22,21,-41" owari="280,-12.0,338,14.0,402,50.0,-20,-52.0" />
</Scene>
</mjloggm>