<mjloggm ver="2.3"><GO type="169" lobby="0"/><UN n0="%30%30%73%61%69" n1="%E5%A4%AA%E3%81%8F%E3%81%AA%E3%81%84%E3%81%8A" n2="%41%2E%4B%39%6D%65%63" n3="%69%73%63%6F%70%65" dan="18,17,16,16" rate="2258.00,2123.14,2091.56,2101.07" sx="M,M,M,M"/><TAIKYOKU oya="0"/>

<Scene>
<INIT seed="0,0,0,0,2,109" ten="250,250,250,250" oya="0" hai0="36,92,130,121,69,103,57,73,87,95,113,76,94" hai1="110,99,14,111,80,39,66,97,89,108,26,30,58" hai2="63,106,117,62,50,101,67,134,45,61,84,124,115" hai3="119,18,33,7,19,24,96,17,129,65,32,9,42"/><T78/><D69/><U53/><E66/><V2/><F2/><W77/><G77/><N who="0" m="29803" /><D36/><U1/><E1/><V86/><F101/><W68/><G42/><T10/><D10/><U104/><E39/><V35/><F35/><N who="3" m="13387" /><G65/><T54/><D121/><U46/><E46/><V123/><F106/><W107/><G68/><T31/><D31/><U49/><E104/><V74/><F74/><W128/><G119/><T8/><D8/><U44/><E14/><V12/><F123/><W90/><G107/><T38/><D38/><U28/><E44/><V88/><F117/><W43/><G43/><T59/><D73/><U6/><E6/><V71/><F124/><W79/><G79/><T116/><D116/><U40/><E40/><V47/><F134/><W122/><G122/><T34/><D34/><N who="1" m="20759" /><E30/><V75/><F75/><W20/><G7/><T126/><D126/><U85/><AGARI ba="0,0" hai="49,53,58,80,85,89,97,99,108,110,111" m="20759" machi="85" ten="40,1500,0" yaku="14,1" doraHai="109" who="1" fromWho="1" sc="250,-7,250,15,250,-4,250,-4" />
</Scene>
<Scene>
<INIT seed="1,0,0,4,5,18" ten="243,265,246,246" oya="1" hai0="92,106,63,96,49,105,132,122,114,81,79,97,23" hai1="102,10,50,76,43,2,44,20,101,82,22,42,119" hai2="91,87,39,17,48,16,8,127,72,7,123,19,89" hai3="40,77,85,29,58,103,90,59,45,109,47,25,66"/><U54/><E119/><V14/><F39/><W74/><G109/><T120/><D63/><U1/><E1/><V108/><F72/><W11/><G103/><N who="1" m="39434" /><E2/><V33/><F123/><N who="0" m="47146" /><D49/><U135/><E135/><V15/><F127/><W124/><G124/><T5/><D5/><U51/><E10/><V69/><F69/><W110/><G110/><T12/><D114/><U68/><E68/><V73/><F73/><W129/><G129/><T6/><D132/><U86/><E43/><V27/><F108/><W9/><G74/><N who="0" m="43255" /><D97/><U32/><E32/><V62/><F62/><W128/><G128/><T78/><D78/><U67/><E67/><V99/><F48/><W31/><G77/><T37/><D37/><U21/><E51/><V34/><F15/><W111/><G111/><T57/><D57/><N who="1" m="32983" /><E42/><V131/><F131/><W56/><G66/><T83/><D83/><U46/><AGARI ba="0,0" hai="20,21,22,44,46,76,82,86" m="32983,39434" machi="46" ten="30,11700,0" yaku="8,1,52,3" doraHai="18" who="1" fromWho="1" sc="243,-39,265,117,246,-39,246,-39" />
</Scene>
<Scene>
<INIT seed="1,1,0,2,2,122" ten="204,382,207,207" oya="1" hai0="119,2,36,61,39,7,121,17,113,56,135,57,15" hai1="105,19,68,27,102,89,131,100,5,88,133,120,83" hai2="103,0,51,47,69,63,44,49,11,62,126,33,4" hai3="12,81,24,79,111,1,14,123,84,53,114,77,26"/><U64/><E120/><V124/><F33/><W99/><G123/><T41/><D121/><U20/><E133/><V134/><F134/><W125/><G1/><T92/><D135/><U75/><E131/><V10/><F103/><W3/><G3/><T71/><D113/><U95/><E105/><V29/><F29/><W72/><G114/><T70/><D7/><U104/><E104/><V37/><F37/><W23/><G26/><T50/><D2/><U80/><E5/><V46/><F11/><W107/><G125/><N who="2" m="48233" /><F69/><N who="0" m="26122" /><D92/><U128/><E128/><V55/><F47/><W108/><G99/><T87/><D87/><U132/><E132/><V74/><F74/><W110/><G107/><T112/><D112/><U86/><E75/><V118/><F118/><W97/><G97/><T93/><D93/><U129/><E129/><V73/><F73/><W32/><G32/><T48/><D17/><U96/><E83/><V13/><F0/><W60/><G77/><T115/><D15/><N who="3" m="5673" /><G72/><T58/><D115/><U76/><E76/><V106/><F106/><W22/><G24/><T38/><D119/><U31/><E19/><V90/><F90/><W18/><G18/><T59/><D41/><AGARI ba="1,0" hai="4,10,13,41,44,46,49,51,55,62,63" m="48233" machi="41" ten="30,1000,0" yaku="18,1" doraHai="122" who="2" fromWho="0" sc="204,-13,382,0,207,13,207,0" />
</Scene>
<Scene>
<INIT seed="2,0,0,1,3,29" ten="191,382,220,207" oya="2" hai0="5,68,69,72,28,104,35,64,65,71,133,127,62" hai1="98,14,100,134,7,96,83,53,8,78,19,42,58" hai2="23,113,30,74,132,21,131,44,12,90,77,20,56" hai3="76,55,119,102,17,93,89,128,61,50,97,33,106"/><V66/><F113/><W88/><G119/><T124/><D133/><U105/><E134/><V47/><F132/><W16/><G128/><T118/><D118/><U79/><E42/><V107/><F131/><W57/><G33/><T80/><D5/><U39/><E39/><V32/><F107/><W38/><G38/><T27/><D104/><U95/><E7/><V43/><F12/><W117/><G117/><T123/><D123/><U91/><E83/><V31/><F77/><W87/><G76/><N who="0" m="44039" /><D65/><U2/><E2/><V40/><F74/><W70/><G70/><AGARI ba="0,0" hai="27,28,35,62,64,68,69,70,71,124,127" m="44039" machi="70" ten="30,2000,0" yaku="23,1,52,1" doraHai="29" who="0" fromWho="3" sc="191,20,382,0,220,0,207,-20" />
</Scene>
<Scene>
<INIT seed="3,0,0,5,4,96" ten="211,382,220,187" oya="3" hai0="104,129,18,32,7,4,122,63,45,125,91,65,71" hai1="59,8,94,50,90,97,53,79,0,20,24,111,135" hai2="108,10,120,33,83,101,117,114,112,67,17,103,72" hai3="119,36,39,44,37,6,43,77,133,22,48,93,88"/><W74/><G119/><T76/><D122/><U127/><E111/><V115/><F33/><W57/><G133/><T11/><D125/><U89/><E127/><V118/><F67/><W42/><G6/><T30/><D129/><U31/><E135/><V69/><F69/><W61/><G22/><T38/><D76/><U81/><E0/><V116/><F108/><W26/><G26/><N who="0" m="18519" /><D18/><U51/><E8/><V80/><F120/><W131/><G131/><T46/><D91/><U12/><E12/><V1/><F17/><W78/><G42/><N who="0" m="22743" /><D46/><U130/><E130/><V49/><F49/><W68/><G74/><T29/><D29/><U86/><REACH who="1" step="1"/><E51/><REACH who="1" ten="211,372,220,187" step="2"/><V75/><F10/><W66/><REACH who="3" step="1"/><G68/><REACH who="3" ten="211,372,220,177" step="2"/><T23/><D71/><U14/><E14/><V41/><F1/><W123/><G123/><T34/><D7/><U58/><E58/><V64/><F41/><W82/><G82/><N who="2" m="31273" /><F64/><W85/><AGARI ba="0,2" hai="36,37,39,43,44,48,57,61,66,77,78,85,88,93" machi="85" ten="30,6000,0" yaku="1,1,0,1,54,1,53,0" doraHai="96" doraHaiUra="9" who="3" fromWho="3" sc="211,-20,372,-20,220,-20,177,80" />
</Scene>
<Scene>
<INIT seed="3,1,0,4,5,126" ten="191,352,200,257" oya="3" hai0="53,133,134,62,65,76,60,25,108,63,41,17,18" hai1="16,118,50,23,59,91,4,130,46,31,12,54,93" hai2="112,71,61,119,75,7,15,43,10,27,37,105,85" hai3="72,111,122,74,1,66,79,21,33,26,30,8,95"/><W58/><G122/><T67/><D76/><U116/><E4/><V109/><F75/><W13/><G79/><T129/><D108/><U32/><E130/><V14/><F112/><W77/><G111/><T0/><D0/><U57/><E32/><V34/><F105/><W80/><G95/><T117/><D117/><N who="1" m="45163" /><E31/><V120/><F109/><W132/><G132/><N who="0" m="50795" /><D41/><U3/><E3/><V5/><F119/><W82/><G1/><T39/><D39/><U45/><E59/><V87/><F43/><W68/><G68/><T102/><D102/><U83/><E83/><V81/><F37/><W128/><G128/><T114/><D114/><U24/><E24/><V22/><F81/><W44/><G33/><T40/><D40/><U124/><E124/><V69/><F34/><W11/><G72/><T56/><D129/><U73/><E73/><V6/><F120/><W98/><G74/><T38/><D38/><U49/><E49/><V36/><F36/><W78/><G78/><T51/><D25/><U123/><E123/><V28/><F69/><W52/><G77/><T84/><D84/><AGARI ba="1,0" hai="12,16,23,45,46,50,54,57,84,91,93" m="45163" machi="84" ten="30,3900,0" yaku="25,1,12,1,54,1" doraHai="126" who="1" fromWho="0" sc="191,-42,352,42,200,0,257,0" />
</Scene>
<Scene>
<INIT seed="4,0,0,4,5,25" ten="149,394,200,257" oya="0" hai0="71,2,78,41,94,21,99,23,27,36,108,3,130" hai1="29,30,115,31,6,105,89,87,129,48,68,5,133" hai2="125,79,60,74,135,40,112,118,47,20,24,32,1" hai3="90,113,73,61,82,107,26,131,121,16,58,38,45"/><T42/><D71/><U62/><E105/><V15/><F112/><W46/><G107/><T134/><D78/><U77/><E77/><V124/><F135/><W56/><G113/><T102/><D134/><U116/><E133/><V69/><F118/><W37/><G73/><T19/><D130/><U18/><E115/><V111/><F111/><W51/><G131/><T53/><D108/><U59/><E116/><V119/><F119/><W0/><G0/><T10/><D10/><U122/><E122/><V114/><F114/><W17/><G82/><T83/><D83/><N who="1" m="49407" /><E68/><V84/><F84/><W100/><G90/><T66/><D66/><N who="1" m="39263" /><E129/><V88/><F69/><W11/><G100/><T96/><D36/><U104/><E104/><V7/><F79/><W106/><G106/><T101/><D53/><U35/><E35/><V75/><F32/><W85/><G121/><T13/><D2/><U103/><E103/><V49/><F1/><W44/><G37/><T50/><D50/><U22/><E48/><V97/><F60/><W43/><G38/><T8/><D3/><U67/><E67/><V109/><F109/><W4/><G61/><T127/><D127/><U70/><E70/><V117/><F117/><W98/><G51/><T120/><D120/><U12/><AGARI ba="0,0" hai="5,6,12,18,22,29,30,31" m="39263,49407" machi="12" ten="30,7900,0" yaku="8,1,52,3" doraHai="25" who="1" fromWho="1" sc="149,-39,394,79,200,-20,257,-20" />
</Scene>
<Scene>
<INIT seed="5,0,0,3,4,14" ten="110,473,180,237" oya="1" hai0="55,104,3,36,38,97,43,7,24,100,67,42,35" hai1="41,76,4,48,111,12,65,134,45,58,109,124,2" hai2="68,49,133,61,50,5,99,47,79,16,75,0,108" hai3="78,15,82,135,107,132,34,88,118,92,83,59,125"/><U44/><E2/><V13/><F108/><W26/><G107/><T101/><D55/><U39/><E76/><V57/><F133/><W105/><G105/><T9/><D100/><U25/><E25/><V72/><F68/><W119/><G59/><T54/><D54/><N who="1" m="29967" /><E12/><V37/><F37/><W130/><G34/><T93/><D93/><U27/><E27/><V94/><F5/><W115/><G26/><T51/><D51/><U32/><E4/><V89/><F0/><W80/><G15/><T63/><D43/><U121/><E32/><V123/><F123/><W81/><G125/><T96/><D96/><U74/><E74/><V52/><F79/><W20/><G20/><T117/><D42/><U113/><E121/><V1/><F1/><W33/><G33/><T19/><D117/><N who="3" m="44553" /><G130/><T56/><REACH who="0" step="1"/><D35/><REACH who="0" ten="100,473,180,237" step="2"/><U69/><E41/><V64/><F50/><W87/><G115/><T62/><D62/><U131/><E113/><V86/><F99/><AGARI ba="0,1" hai="78,80,81,82,83,87,88,92,99,132,135" m="44553" machi="99" ten="30,7700,0" yaku="12,1,34,2,54,1" doraHai="14" who="3" fromWho="2" sc="100,0,473,0,180,-77,237,87" />
</Scene>
<Scene>
<INIT seed="6,0,0,5,5,103" ten="100,473,103,324" oya="2" hai0="56,58,68,8,21,93,115,131,39,76,10,101,52" hai1="53,70,74,75,62,5,15,36,106,133,85,26,46" hai2="24,35,113,84,40,19,109,25,32,94,78,41,88" hai3="55,81,42,43,91,48,47,105,27,119,122,126,112"/><V33/><F113/><W57/><G122/><T82/><D68/><U121/><E106/><V37/><F109/><W96/><G119/><T22/><D39/><U87/><E26/><V11/><F78/><W108/><G108/><T90/><D131/><U44/><E70/><V71/><F71/><W1/><G1/><T118/><D115/><U104/><E104/><V49/><F37/><W128/><G128/><T135/><D135/><U117/><E117/><V0/><F0/><W63/><G126/><T134/><D134/><U83/><E87/><V3/><F3/><W120/><G120/><T107/><D107/><U30/><E30/><V60/><F60/><W29/><G112/><T99/><D118/><U59/><E121/><V123/><F123/><W9/><G9/><N who="0" m="3691" /><D76/><U13/><E62/><V130/><F130/><W73/><G73/><T98/><D58/><U67/><E36/><V92/><F92/><W89/><G81/><T110/><D110/><U69/><E83/><V17/><F49/><W28/><G28/><T54/><D99/><U12/><E69/><V61/><F61/><W64/><G105/><T4/><D4/><U18/><E133/><V86/><F86/><W80/><G80/><T111/><D111/><U45/><E85/><V20/><F11/><W6/><G6/><T116/><D116/><U124/><E5/><V16/><F19/><W23/><G96/><T79/><D79/><U114/><E114/><V14/><F14/><W129/><G129/><T51/><D54/><U2/><E2/><V100/><F100/><W95/><G95/><N who="0" m="58591" /><D82/><U102/><E102/><RYUUKYOKU ba="0,0" sc="100,10,473,-30,103,10,324,10" hai0="21,22,51,52,56,90,93" hai2="16,17,20,24,25,32,33,35,40,41,84,88,94" hai3="23,27,29,42,43,47,48,55,57,63,64,89,91" />
</Scene>
<Scene>
<INIT seed="6,1,0,0,0,99" ten="110,443,113,334" oya="2" hai0="123,108,104,4,43,65,54,80,45,133,127,125,22" hai1="90,9,78,105,124,55,61,72,83,36,91,102,19" hai2="31,71,3,89,46,15,85,44,49,52,126,100,76" hai3="107,34,117,97,33,42,37,29,10,21,35,120,28"/><V111/><F3/><W40/><G120/><T13/><D108/><U2/><E36/><V116/><F116/><W8/><G117/><T6/><D123/><U60/><E124/><N who="0" m="47689" /><D133/><U118/><E118/><V50/><F126/><W11/><G37/><N who="0" m="21743" /><D65/><U23/><E102/><V93/><F111/><W98/><G21/><T95/><D104/><U101/><E101/><V18/><F71/><W24/><G24/><T86/><D95/><U66/><E105/><V20/><F76/><W135/><G107/><T53/><D22/><U30/><E30/><N who="3" m="11882" /><G135/><T51/><D13/><U134/><E134/><V41/><F31/><W70/><G70/><T132/><D132/><U96/><E2/><V58/><F100/><W77/><G77/><N who="0" m="46351" /><D53/><U47/><E55/><V27/><F46/><AGARI ba="1,0" hai="4,6,46,51,54" m="46351,21743,47689" machi="46" ten="30,1000,0" yaku="18,1" doraHai="99" who="0" fromWho="2" sc="110,13,443,0,113,-13,334,0" />
</Scene>
<Scene>
<INIT seed="7,0,0,4,4,91" ten="123,443,100,334" oya="3" hai0="9,96,28,129,52,5,120,48,60,56,64,13,82" hai1="31,116,69,21,22,94,127,103,128,18,38,68,126" hai2="57,36,105,25,3,11,88,104,49,44,117,107,135" hai3="108,125,101,34,79,80,66,14,122,70,98,47,43"/><W132/><G122/><T109/><D109/><U78/><E38/><V42/><F117/><W81/><G108/><T51/><D129/><U24/><E128/><V26/><F135/><W71/><G132/><T74/><D120/><U118/><E78/><V30/><F30/><W63/><G125/><N who="1" m="47626" /><E94/><V33/><F33/><W83/><G34/><T97/><D28/><U92/><E92/><V7/><F36/><W54/><G14/><T93/><D51/><U59/><E103/><V39/><F39/><W40/><G71/><N who="1" m="27210" /><E59/><V67/><REACH who="2" step="1"/><F88/><REACH who="2" ten="123,443,90,334" step="2"/><W114/><G79/><T124/><D124/><U65/><E65/><V133/><F133/><W134/><G134/><T110/><D110/><U89/><E89/><V119/><F119/><W123/><G123/><T77/><D93/><U37/><E37/><V76/><F76/><W87/><G87/><T8/><D8/><U45/><E45/><AGARI ba="0,1" hai="5,9,13,45,48,52,56,60,64,74,77,82,96,97" machi="45" ten="30,2000,0" yaku="7,1,54,1" doraHai="91" who="0" fromWho="1" sc="123,30,443,-20,90,0,334,0" owari="153,-25.0,423,53.0,90,-41.0,334,13.0" />
</Scene>
</mjloggm>