<mjloggm ver="2.3"><GO type="169" lobby="0"/><UN n0="%EF%BC%A0%E3%81%99%E3%81%9A" n1="%E9%96%A2%E4%B8%83%E6%B5%B7" n2="%E3%81%A9%E3%81%B0%E3%81%A8%E3%81%A1%E3%82%83%E3%82%93" n3="%E5%A4%AA%E3%81%8F%E3%81%AA%E3%81%84%E3%81%8A" dan="16,17,17,17" rate="2114.72,2136.46,2150.45,2164.81" sx="M,M,F,F"/><TAIKYOKU oya="0"/>

<Scene>
<INIT seed="0,0,0,1,3,79" ten="250,250,250,250" oya="0" hai0="60,134,63,75,114,91,109,26,27,39,124,69,116" hai1="36,108,35,107,81,100,50,131,52,93,128,83,64" hai2="42,15,23,127,48,129,68,76,82,1,21,104,117" hai3="119,74,70,72,18,28,101,90,130,98,8,103,3"/><T89/><D114/><U30/><E36/><V77/><F1/><W120/><G119/><T86/><D116/><U73/><E73/><V20/><F68/><W43/><G70/><T105/><D75/><U94/><E64/><V62/><F104/><W123/><G28/><T34/><D105/><U99/><E108/><V37/><F37/><W92/><G43/><T45/><D124/><U112/><E112/><V71/><F117/><W121/><G130/><N who="1" m="49706" /><E30/><V115/><F115/><W38/><G38/><T55/><D134/><U122/><E35/><V33/><F33/><W95/><G101/><T7/><D109/><U97/><E122/><V126/><F129/><W67/><G67/><T54/><D34/><U61/><E61/><N who="0" m="23625" /><D69/><U0/><E0/><V32/><F32/><W78/><G78/><T59/><D39/><U31/><E31/><V10/><F77/><W12/><REACH who="3" step="1"/><G3/><REACH who="3" ten="250,250,250,240" step="2"/><T106/><D106/><U53/><E107/><V22/><F127/><W57/><G57/><T19/><D59/><N who="1" m="33175" /><E53/><V96/><F126/><W85/><AGARI ba="0,1" hai="8,12,18,72,74,85,90,92,95,98,103,120,121,123" machi="85" ten="30,4000,0" yaku="1,1,0,1,13,1,53,0" doraHai="79" doraHaiUra="29" who="3" fromWho="3" sc="250,-20,250,-10,250,-10,240,50" />
</Scene>
<Scene>
<INIT seed="1,0,0,2,3,73" ten="230,240,240,290" oya="1" hai0="68,94,82,47,37,11,122,135,96,93,5,17,29" hai1="86,36,18,3,134,21,121,45,97,52,24,20,40" hai2="30,13,62,16,113,49,129,78,23,53,88,8,84" hai3="104,99,57,48,15,67,33,74,116,63,56,133,65"/><U114/><E121/><V4/><F129/><W64/><G33/><T76/><D135/><U105/><E114/><V60/><F30/><W69/><G74/><T61/><D122/><U77/><E3/><V0/><F113/><W123/><G123/><T7/><D29/><U100/><E134/><V25/><F0/><W85/><G133/><T1/><D7/><U128/><E128/><V131/><F131/><W54/><G116/><T31/><D31/><U22/><REACH who="1" step="1"/><E52/><REACH who="1" ten="230,230,240,290" step="2"/><V118/><F118/><W107/><G54/><T92/><D1/><U28/><E28/><V50/><F78/><W43/><G67/><T6/><D76/><U79/><E79/><V98/><F98/><W26/><G65/><T90/><D96/><U127/><E127/><V59/><REACH who="2" step="1"/><F62/><REACH who="2" ten="230,230,230,290" step="2"/><W51/><G63/><T115/><D61/><U72/><E72/><V12/><F12/><W110/><G15/><T83/><D115/><U32/><E32/><V10/><F10/><W81/><G99/><T132/><D11/><U101/><E101/><V102/><F102/><W46/><G26/><T41/><D132/><U91/><E91/><V124/><F124/><W42/><G64/><T38/><D90/><U44/><E44/><V112/><F112/><W39/><G46/><T120/><D47/><U55/><E55/><V89/><F89/><W19/><G42/><T106/><D41/><U70/><E70/><V66/><F66/><W35/><G43/><T2/><D68/><U95/><E95/><AGARI ba="0,2" hai="4,8,13,16,23,25,49,50,53,59,60,84,88,95" machi="95" ten="30,8000,1" yaku="1,1,7,1,8,1,54,2,53,0" doraHai="73" doraHaiUra="75" who="2" fromWho="1" sc="230,0,230,-80,230,100,290,0" />
</Scene>
<Scene>
<INIT seed="2,0,0,4,4,57" ten="230,150,330,290" oya="2" hai0="44,85,134,46,38,74,75,9,17,88,79,49,0" hai1="105,30,13,72,25,78,111,10,22,76,69,41,58" hai2="120,50,87,65,34,126,64,106,59,118,24,108,48" hai3="51,56,52,122,43,115,54,21,124,125,95,55,60"/><V116/><F106/><W94/><G122/><T77/><D134/><U117/><E69/><V133/><F120/><W5/><G5/><T128/><D128/><U8/><E111/><V119/><F133/><W90/><G115/><T101/><D101/><U82/><E105/><V53/><F108/><W100/><G21/><T99/><D38/><U2/><E2/><V7/><F126/><N who="3" m="48747" /><G100/><T14/><D0/><U127/><E127/><V83/><F7/><W18/><G18/><T28/><D28/><U63/><E78/><V97/><F97/><N who="3" m="57559" /><G95/><T33/><D33/><U84/><E72/><V112/><F112/><W4/><G4/><T102/><D75/><U109/><E109/><V42/><F34/><W32/><G32/><T114/><D74/><U39/><E117/><V86/><F86/><W92/><G92/><N who="0" m="58727" /><D114/><U6/><E8/><V113/><F113/><W131/><G131/><T104/><D104/><U16/><E6/><V35/><F35/><W61/><G56/><T31/><D31/><U107/><E107/><V15/><F118/><W70/><G70/><T123/><D123/><U12/><E12/><V135/><F15/><W89/><G89/><T98/><D98/><U67/><REACH who="1" step="1"/><E39/><REACH who="1" ten="230,140,330,290" step="2"/><V66/><F119/><W11/><G11/><T130/><D130/><U23/><E23/><V71/><F116/><W19/><G19/><T3/><D3/><U129/><E129/><V62/><F71/><W47/><AGARI ba="0,1" hai="43,47,51,52,54,55,60,61" m="57559,48747" machi="47" ten="40,8000,1" yaku="18,1,52,2,54,1" doraHai="57" who="3" fromWho="3" sc="230,-20,140,-20,330,-40,290,90" />
</Scene>
<Scene>
<INIT seed="3,0,0,5,2,89" ten="210,120,290,380" oya="3" hai0="103,75,43,90,7,96,106,57,79,71,78,13,87" hai1="134,63,5,2,29,4,44,120,62,45,93,98,54" hai2="73,50,112,81,18,56,125,14,127,61,102,95,8" hai3="128,51,123,28,33,68,114,101,41,109,31,58,97"/><W104/><G114/><T11/><D71/><U117/><E120/><V37/><F37/><W67/><G123/><T12/><D43/><U113/><E113/><V100/><F112/><W82/><G128/><T69/><D69/><U76/><E117/><V77/><F50/><W124/><G124/><N who="2" m="47689" /><F95/><W60/><G109/><T38/><D38/><U3/><E76/><V70/><F70/><W111/><G111/><T88/><D90/><U105/><E105/><V40/><F40/><W9/><G9/><T64/><D75/><U19/><E29/><V132/><F132/><W23/><G23/><T46/><D46/><U99/><E19/><V53/><AGARI ba="0,0" hai="8,14,18,53,56,61,73,77,81,100,102" m="47689" machi="53" ten="30,1100,0" yaku="18,1" doraHai="89" who="2" fromWho="2" sc="210,-3,120,-3,290,11,380,-5" />
</Scene>
<Scene>
<INIT seed="4,0,0,2,4,2" ten="207,117,301,375" oya="0" hai0="108,55,38,47,56,35,39,6,98,110,121,68,113" hai1="112,27,126,4,30,128,118,50,23,88,75,14,74" hai2="80,82,66,16,131,53,52,87,85,86,117,70,33" hai3="26,13,41,120,28,24,89,42,12,64,34,124,96"/><T92/><D121/><U77/><E118/><V48/><F117/><W101/><G120/><T65/><D35/><U119/><E119/><V8/><F33/><W102/><G124/><T44/><D113/><U107/><E107/><V57/><F131/><W22/><G64/><T67/><D6/><U40/><E128/><V90/><F70/><W97/><G34/><T95/><D98/><N who="3" m="37993" /><G89/><T99/><D99/><U114/><E126/><V3/><F66/><N who="0" m="25098" /><D68/><U37/><E37/><N who="0" m="13833" /><D95/><U79/><E79/><V59/><F80/><W7/><G26/><T9/><D9/><N who="1" m="4391" /><E77/><V111/><F3/><W43/><G7/><T51/><D92/><U36/><E36/><V91/><F82/><W122/><G122/><T133/><D133/><U76/><E76/><V71/><F71/><W130/><G130/><T29/><D29/><U0/><E0/><V93/><F93/><W5/><G5/><T135/><D135/><U63/><E88/><V134/><F134/><W129/><G129/><T62/><D62/><U21/><E63/><V69/><F69/><W1/><G1/><T15/><D15/><AGARI ba="0,0" hai="12,13,15,22,24,28,41,42,43,101,102" m="37993" machi="15" ten="30,1000,0" yaku="8,1" doraHai="2" who="3" fromWho="0" sc="207,-10,117,0,301,0,375,10" />
</Scene>
<Scene>
<INIT seed="5,0,0,0,4,87" ten="197,117,301,385" oya="1" hai0="59,74,107,135,31,22,3,25,39,16,26,108,9" hai1="58,18,91,23,113,115,126,100,109,121,0,46,85" hai2="80,21,57,125,129,103,10,72,111,40,67,79,20" hai3="53,66,133,19,6,62,78,29,90,64,45,69,73"/><U131/><E121/><V118/><F111/><W1/><G29/><T102/><D39/><U97/><E126/><V32/><F118/><W127/><G66/><T96/><D74/><U56/><E0/><V60/><F32/><W93/><G127/><T41/><D41/><U130/><E109/><V28/><F125/><W35/><G35/><T54/><D108/><U50/><E56/><V98/><F129/><N who="1" m="49161" /><E58/><V7/><F40/><W123/><G123/><T38/><D38/><U36/><E36/><V61/><F28/><W95/><G19/><T99/><D135/><U17/><E97/><V82/><F61/><W114/><G1/><T8/><D99/><U128/><N who="1" m="49169" /><U27/><DORA hai="124" /><E100/><V51/><F51/><W24/><G62/><T116/><D116/><U5/><E5/><V37/><F37/><W120/><G6/><T30/><D3/><U43/><E17/><V63/><F98/><W42/><G120/><T76/><D76/><U92/><AGARI ba="0,0" hai="18,23,27,43,46,50,85,91,92,113,115" m="49169" machi="92" ten="40,18000,2" yaku="19,1,52,5" doraHai="87,124" who="1" fromWho="1" sc="197,-60,117,180,301,-60,385,-60" />
</Scene>
<Scene>
<INIT seed="5,1,0,2,0,82" ten="137,297,241,325" oya="1" hai0="97,39,26,11,102,98,133,33,65,43,108,130,12" hai1="59,3,1,15,5,38,68,72,32,90,40,125,101" hai2="50,42,135,126,62,128,79,8,53,70,112,132,49" hai3="80,66,121,95,111,113,93,122,114,103,16,69,124"/><U116/><E32/><V73/><F8/><W64/><G111/><T110/><D130/><U56/><E68/><V81/><F128/><W28/><G28/><T61/><D133/><N who="2" m="51274" /><F126/><W89/><G124/><T134/><D134/><U75/><E116/><V37/><F112/><N who="3" m="43115" /><G69/><T60/><D39/><U23/><E101/><V48/><F37/><W87/><G16/><T22/><D43/><U54/><E40/><V41/><F53/><W83/><G64/><AGARI ba="1,0" hai="41,42,48,49,50,62,64,70,73,79,81" m="51274" machi="64" ten="30,1000,0" yaku="20,1" doraHai="82" who="2" fromWho="3" sc="137,0,297,0,241,13,325,-13" />
</Scene>
<Scene>
<INIT seed="6,0,0,0,0,19" ten="137,297,254,312" oya="2" hai0="26,37,64,129,46,62,23,122,75,78,34,101,11" hai1="7,83,104,71,79,8,86,84,29,49,35,33,67" hai2="98,6,119,102,27,81,38,10,127,74,128,68,93" hai3="116,65,40,126,72,24,125,111,118,105,48,117,25"/><V109/><F119/><W16/><G111/><T113/><D122/><U96/><E49/><V30/><F109/><W32/><G72/><T103/><D34/><U14/><E29/><V39/><F68/><W52/><G105/><T97/><D113/><U132/><E132/><V124/><F128/><W3/><G3/><T69/><D129/><U121/><E121/><V73/><F38/><W66/><G40/><T88/><D11/><U22/><E22/><N who="2" m="15735" /><F39/><W80/><G80/><T45/><D78/><U91/><E71/><V41/><F81/><W0/><G0/><T89/><D75/><U47/><E67/><N who="3" m="25610" /><G16/><T130/><D130/><U28/><E28/><V31/><F31/><W51/><G51/><T94/><D37/><U4/><E4/><V110/><F41/><W57/><G32/><T134/><D134/><U123/><E123/><V108/><F108/><W106/><G106/><T20/><D103/><U18/><E7/><V21/><F110/><W107/><G107/><T60/><D60/><U100/><E47/><V15/><F21/><W77/><G77/><T56/><D69/><U58/><E58/><V55/><F55/><W135/><G135/><T120/><D120/><U76/><E79/><V63/><F63/><W2/><G2/><T133/><D133/><U114/><E114/><V70/><F70/><W112/><G112/><T82/><D23/><U43/><E43/><V85/><F85/><W1/><G1/><T12/><D82/><AGARI ba="0,0" hai="8,14,18,33,35,76,82,83,84,86,91,96,100,104" machi="82" ten="30,1000,0" yaku="7,1" doraHai="19" who="1" fromWho="0" sc="137,-10,297,10,254,0,312,0" />
</Scene>
<Scene>
<INIT seed="7,0,0,5,0,22" ten="127,307,254,312" oya="3" hai0="96,127,61,90,34,0,114,95,12,36,118,46,65" hai1="25,54,99,135,6,23,125,44,47,119,107,1,106" hai2="55,103,97,102,18,35,108,110,74,68,67,53,100" hai3="134,111,38,128,105,43,91,32,82,117,56,112,45"/><W93/><G117/><T29/><D0/><U13/><E119/><V115/><F74/><W48/><G105/><T98/><D118/><U133/><E1/><V81/><F81/><W113/><G32/><T123/><D123/><U76/><E76/><V10/><F97/><W131/><G82/><T50/><D36/><U51/><E125/><V15/><F35/><W69/><G69/><T86/><D127/><U27/><E47/><V21/><F115/><N who="3" m="44107" /><G134/><N who="1" m="51210" /><E99/><V24/><F67/><W60/><G38/><T19/><D114/><U42/><E42/><V132/><F68/><W73/><G73/><T2/><D2/><U83/><E83/><V20/><F20/><W126/><G111/><T30/><D30/><N who="1" m="17727" /><E27/><V84/><F84/><N who="3" m="52455" /><G126/><T80/><D95/><U26/><E26/><V66/><F66/><AGARI ba="0,0" hai="43,45,48,56,60,66,128,131" m="52455,44107" machi="66" ten="30,1500,0" yaku="15,1" doraHai="22" who="3" fromWho="2" sc="127,0,307,0,254,-15,312,15" owari="127,-37.0,307,11.0,239,-16.0,327,42.0" />
</Scene>
</mjloggm>