<mjloggm ver="2.3"><GO type="169" lobby="0"/><UN n0="%E3%82%A2%E3%82%AB%E3%82%AE%EF%BC%A0%E5%B7%9D%E6%9D%91%E8%BB%8D%E5%9B%A3" n1="%41%54%4D%31%34%32%39" n2="%E5%A4%AA%E3%81%8F%E3%81%AA%E3%81%84%E3%81%8A" n3="%E3%81%82%E3%83%BC%E3%81%BF%E3%82%93%E2%98%86" dan="18,16,18,16" rate="2223.90,2071.80,2256.65,2141.17" sx="M,M,F,F"/><TAIKYOKU oya="0"/>

<Scene>
<INIT seed="0,0,0,5,3,132" ten="250,250,250,250" oya="0" hai0="32,25,26,57,61,36,113,10,76,37,17,102,92" hai1="15,38,14,22,64,114,7,31,50,60,52,40,119" hai2="18,124,80,56,68,103,11,44,35,131,45,115,29" hai3="48,49,3,123,34,21,13,100,6,62,8,87,116"/><T107/><D113/><U53/><E119/><V55/><F68/><W79/><G123/><T23/><D107/><U125/><E125/><V121/><F121/><W30/><G100/><T112/><D112/><U89/><E38/><V90/><F115/><W81/><G116/><T78/><D10/><U108/><E108/><V135/><F103/><W134/><G134/><T12/><D37/><U46/><E114/><V9/><F35/><W133/><G133/><T127/><D36/><U97/><E7/><V2/><F29/><W118/><G118/><T42/><D42/><U74/><E74/><V16/><F135/><W93/><G93/><T91/><D102/><U47/><E53/><V109/><F109/><W77/><G77/><N who="0" m="29803" /><D32/><U126/><E126/><V70/><F70/><W99/><G99/><N who="0" m="57759" /><D127/><U72/><E72/><V71/><F71/><W4/><G4/><T117/><D117/><U110/><E110/><V82/><F124/><W105/><G105/><T33/><D33/><U75/><E75/><V106/><F106/><W43/><G43/><T28/><D28/><U129/><E31/><V5/><F5/><W104/><G104/><T120/><D120/><U58/><E40/><V27/><F2/><W69/><G34/><T86/><D86/><U101/><E101/><V73/><F73/><W130/><G30/><T41/><D41/><U24/><E97/><V51/><F18/><W94/><G3/><T59/><D59/><U98/><E46/><V63/><F44/><W128/><G94/><T67/><AGARI ba="0,0" hai="12,17,23,25,26,57,61,67" m="57759,29803" machi="67" ten="30,1500,0" yaku="8,1" doraHai="132" who="0" fromWho="0" sc="250,15,250,-5,250,-5,250,-5" />
</Scene>
<Scene>
<INIT seed="0,1,0,4,0,117" ten="265,245,245,245" oya="0" hai0="49,45,23,124,83,120,33,18,76,29,66,67,126" hai1="101,13,43,132,74,123,27,93,81,12,25,10,118" hai2="3,95,85,28,113,133,73,31,97,53,5,79,11" hai3="90,104,41,40,24,46,92,96,56,75,37,68,88"/><T26/><D120/><U106/><E118/><V19/><F113/><W7/><G68/><T62/><D29/><U70/><E70/><V103/><F133/><W6/><G104/><T15/><D33/><U111/><E111/><V107/><F19/><W128/><G75/><T71/><D66/><U2/><E132/><V87/><F53/><W77/><G77/><T50/><D26/><U9/><E123/><V94/><F94/><W42/><G128/><T100/><D100/><U82/><E2/><V122/><F87/><W134/><G134/><T109/><D109/><U14/><E106/><V98/><F122/><W8/><G6/><T91/><D91/><U47/><E74/><V60/><F60/><W20/><G56/><T78/><D50/><N who="1" m="27007" /><E27/><V131/><F131/><W17/><REACH who="3" step="1"/><G90/><REACH who="3" ten="265,245,245,235" step="2"/><T21/><D76/><U39/><E101/><V36/><F73/><W80/><G80/><T16/><D83/><U52/><E81/><V4/><F4/><W35/><G35/><T129/><D78/><U58/><E82/><V59/><F59/><W30/><G30/><T119/><D129/><U102/><E102/><N who="2" m="60735" /><F31/><W84/><G84/><T38/><D119/><U0/><E93/><N who="2" m="58831" /><F28/><W51/><G51/><T89/><D89/><U112/><E39/><V125/><F36/><W44/><G44/><T63/><D38/><U55/><E58/><V22/><F107/><W64/><G64/><T130/><D130/><U135/><E135/><V115/><F79/><W65/><G65/><T1/><D62/><U69/><E69/><V72/><F72/><W61/><G61/><T32/><D63/><RYUUKYOKU ba="1,1" sc="265,-10,245,-10,245,-10,235,30" hai3="7,8,17,20,24,37,40,41,42,46,88,92,96" />
</Scene>
<Scene>
<INIT seed="1,2,1,4,3,55" ten="255,235,235,265" oya="1" hai0="15,89,98,31,67,53,116,120,36,88,126,62,122" hai1="75,103,100,11,93,10,86,8,129,115,60,110,28" hai2="0,133,69,58,14,35,134,48,4,47,66,108,99" hai3="78,21,109,24,73,3,43,68,82,12,16,92,18"/><U128/><E75/><V135/><F35/><W29/><G3/><T32/><D116/><U39/><E39/><V102/><F0/><W90/><G68/><T85/><D36/><U76/><E115/><V107/><F108/><W38/><G109/><T87/><D126/><U71/><E110/><V74/><F74/><W105/><G105/><T95/><D53/><U72/><E72/><V79/><F79/><W49/><G38/><T54/><D54/><U30/><E76/><V57/><F4/><W25/><G25/><N who="0" m="18543" /><D15/><U13/><E13/><V64/><F14/><W45/><REACH who="3" step="1"/><G12/><REACH who="3" ten="255,235,235,255" step="2"/><T91/><D95/><U106/><E106/><V111/><F111/><W40/><G40/><T46/><D98/><AGARI ba="2,2" hai="16,18,21,24,29,43,45,49,73,78,82,90,92,98" machi="98" ten="30,3900,0" yaku="1,1,7,1,54,1,53,0" doraHai="55" doraHaiUra="7" who="3" fromWho="0" sc="255,-45,235,0,235,0,255,65" />
</Scene>
<Scene>
<INIT seed="2,0,0,5,3,20" ten="210,235,235,320" oya="2" hai0="56,84,42,85,43,109,7,16,87,122,17,66,70" hai1="118,9,32,47,5,44,63,23,113,79,36,60,76" hai2="37,2,133,134,59,124,78,57,14,55,91,48,50" hai3="123,10,94,101,115,54,100,104,58,89,1,24,34"/><V112/><F2/><W71/><G71/><T83/><D122/><U114/><E32/><V107/><F112/><W88/><G104/><T81/><D70/><U53/><E36/><V52/><F107/><W80/><G123/><T132/><D109/><U102/><E102/><V69/><F78/><W19/><G115/><T111/><D111/><U103/><E103/><V127/><F14/><W130/><G130/><T3/><D132/><N who="2" m="50794" /><F91/><W18/><G34/><T28/><D28/><U12/><E23/><V11/><F11/><W26/><G1/><T65/><D3/><U121/><E121/><V98/><F98/><N who="3" m="57671" /><G80/><N who="0" m="30795" /><D56/><N who="2" m="21578" /><F69/><W105/><G89/><T119/><D7/><U15/><E5/><V67/><F67/><N who="0" m="25610" /><D119/><U72/><E118/><V125/><F37/><W86/><G105/><T129/><D129/><U46/><E9/><V68/><F68/><W40/><G86/><T39/><D39/><U93/><E113/><V0/><F0/><W99/><G10/><T92/><D92/><U31/><E93/><V116/><F116/><W35/><G35/><T8/><D8/><U120/><E120/><V64/><F64/><W74/><G74/><T33/><D33/><U41/><E114/><V6/><F6/><W45/><G99/><T90/><D90/><U25/><E76/><V110/><F110/><W29/><G100/><T21/><D21/><U117/><E79/><V135/><N who="2" m="50802" /><V106/><DORA hai="97" /><F106/><W30/><G101/><T62/><D62/><U82/><E63/><V38/><F38/><W27/><G30/><T75/><D75/><U51/><E117/><V49/><AGARI ba="0,0" hai="48,49,50,52,55,124,125,127" m="21578,50802" machi="49" ten="60,24000,3" yaku="5,1,28,2,18,1,20,1,34,2,54,1" doraHai="20,97" who="2" fromWho="2" sc="210,-80,235,-80,235,240,320,-80" />
</Scene>
<Scene>
<INIT seed="2,1,0,4,4,75" ten="130,155,475,240" oya="2" hai0="106,1,100,133,23,93,92,3,42,48,128,40,21" hai1="51,117,89,29,11,98,47,12,113,118,28,121,95" hai2="55,78,34,101,41,96,69,83,0,127,74,76,119" hai3="49,125,7,73,120,37,102,62,99,82,10,130,20"/><V31/><F119/><W26/><G37/><T94/><D106/><U103/><E121/><V27/><F0/><N who="0" m="74" /><D48/><U13/><E113/><V63/><F41/><N who="0" m="15978" /><D100/><U126/><E126/><V50/><F127/><W115/><G125/><T8/><D8/><U109/><E109/><V45/><F83/><W66/><G82/><T134/><D128/><U36/><E36/><V90/><F90/><W15/><G130/><T22/><AGARI ba="1,0" hai="21,22,23,92,93,94,133,134" m="15978,74" machi="22" ten="40,2700,0" yaku="28,2" doraHai="75" who="0" fromWho="0" sc="130,30,155,-8,475,-14,240,-8" />
</Scene>
<Scene>
<INIT seed="3,0,0,3,4,9" ten="160,147,461,232" oya="3" hai0="83,5,106,24,128,74,116,0,51,68,46,3,58" hai1="33,126,57,28,118,8,66,91,60,129,94,70,76" hai2="27,131,84,31,40,23,62,86,110,90,100,135,108" hai3="73,64,25,43,45,81,47,19,29,17,97,65,114"/><W7/><G114/><T59/><D68/><U44/><E126/><V41/><F135/><W78/><G7/><T63/><D116/><U61/><E129/><V1/><F1/><W82/><G82/><T109/><D106/><U71/><E76/><V132/><F132/><W21/><G97/><T134/><D134/><U95/><E95/><V20/><F131/><W119/><G119/><T13/><D128/><U53/><E44/><V26/><F62/><W133/><G133/><T113/><D113/><U130/><E130/><V107/><F100/><W112/><G112/><T30/><D109/><N who="2" m="42090" /><F107/><W98/><G47/><T15/><D0/><U75/><E75/><V87/><F90/><W101/><G19/><AGARI ba="0,0" hai="19,20,23,26,27,31,40,41,84,86,87" m="42090" machi="19" ten="30,1000,0" yaku="14,1" doraHai="9" who="2" fromWho="3" sc="160,0,147,0,461,10,232,-10" />
</Scene>
<Scene>
<INIT seed="4,0,0,1,2,54" ten="160,147,471,222" oya="0" hai0="6,130,126,4,67,114,82,101,62,96,24,32,95" hai1="76,86,109,102,64,1,81,103,23,127,63,25,3" hai2="73,8,58,21,119,53,89,110,20,17,80,19,125" hai3="0,85,12,77,39,124,52,56,106,15,112,43,107"/><T90/><D114/><U7/><E109/><V60/><F110/><W41/><G0/><T116/><D116/><U78/><E127/><V128/><F125/><W97/><G124/><T129/><D126/><U123/><E123/><V47/><F119/><W84/><G39/><T59/><D82/><U11/><E1/><V92/><F128/><N who="0" m="49258" /><D90/><U44/><E44/><V13/><F73/><W34/><G34/><T27/><D27/><U121/><E78/><V87/><F47/><W111/><G111/><T22/><D32/><U104/><E104/><V71/><F71/><W38/><G38/><T30/><AGARI ba="0,0" hai="4,6,22,24,30,59,62,67,95,96,101" m="49258" machi="30" ten="30,6000,0" yaku="25,1,19,1,52,1" doraHai="54" who="0" fromWho="0" sc="160,60,147,-20,471,-20,222,-20" />
</Scene>
<Scene>
<INIT seed="4,1,0,4,2,50" ten="220,127,451,202" oya="0" hai0="133,88,125,0,24,86,11,58,4,16,26,100,55" hai1="132,117,20,110,5,2,65,8,76,7,38,73,17" hai2="18,92,120,78,77,34,89,119,63,109,116,36,75" hai3="54,118,68,128,33,131,12,111,29,96,102,114,19"/><T57/><D133/><U122/><E117/><N who="2" m="45131" /><F109/><W97/><G68/><T47/><D125/><U43/><E132/><V80/><F120/><W40/><G40/><T84/><D100/><U67/><E7/><V39/><F34/><W53/><G111/><T103/><D103/><U14/><E122/><V74/><F63/><W64/><G64/><T94/><D86/><U121/><E121/><V115/><F115/><W25/><G118/><T91/><D91/><U15/><E15/><V93/><F18/><W10/><G114/><T41/><D57/><U9/><E9/><V28/><F28/><W113/><G97/><T61/><REACH who="0" step="1"/><D16/><REACH who="0" ten="210,127,451,202" step="2"/><U21/><E110/><V48/><F89/><W71/><G113/><T135/><D135/><U46/><REACH who="1" step="1"/><E20/><REACH who="1" ten="210,117,451,202" step="2"/><V90/><F90/><W52/><REACH who="3" step="1"/><G71/><REACH who="3" ten="210,117,451,192" step="2"/><T37/><AGARI ba="1,3" hai="0,4,11,24,26,37,41,47,55,58,61,84,88,94" machi="37" ten="20,12000,1" yaku="1,1,0,1,7,1,52,1,54,1,53,0" doraHai="50" doraHaiUra="95" who="0" fromWho="0" sc="210,153,117,-41,451,-41,192,-41" />
</Scene>
<Scene>
<INIT seed="4,2,0,0,2,121" ten="363,76,410,151" oya="0" hai0="135,38,80,130,26,60,104,70,62,11,17,84,81" hai1="120,42,88,91,0,25,49,133,41,90,113,116,85" hai2="106,1,12,19,61,63,123,64,21,56,76,122,83" hai3="39,74,36,2,5,119,118,9,95,75,109,24,86"/><T125/><D104/><U35/><E120/><V112/><F112/><W20/><G86/><T18/><D38/><U129/><E0/><V79/><F106/><W117/><G95/><T28/><D130/><U114/><E116/><V30/><F1/><W73/><G20/><T92/><D135/><U69/><E69/><V132/><F132/><W82/><G82/><T13/><D125/><U59/><E133/><V124/><F124/><W87/><G87/><T16/><D92/><U134/><E134/><V57/><F30/><W48/><G48/><T27/><D81/><U4/><E4/><V89/><F89/><W50/><G50/><T15/><D70/><U3/><E3/><V98/><F98/><W47/><G24/><N who="0" m="9259" /><D28/><N who="1" m="19855" /><E85/><V40/><F40/><N who="3" m="22919" /><G39/><T96/><D96/><U32/><E32/><V71/><F71/><W22/><G22/><N who="0" m="11535" /><D18/><U68/><E68/><V97/><F97/><W108/><AGARI ba="2,0" hai="2,5,9,73,74,75,108,109,117,118,119" m="22919" machi="108" ten="40,5200,0" yaku="23,1,52,2" doraHai="121" who="3" fromWho="3" sc="363,-28,76,-15,410,-15,151,58" />
</Scene>
<Scene>
<INIT seed="5,0,0,1,4,84" ten="335,61,395,209" oya="1" hai0="116,72,98,104,28,17,127,22,114,93,109,36,32" hai1="124,54,108,43,110,103,60,130,8,121,6,23,119" hai2="92,134,58,78,85,107,118,94,105,83,89,15,120" hai3="81,128,12,33,25,47,11,133,135,18,106,69,113"/><U52/><E121/><V80/><F15/><W1/><G106/><N who="2" m="40457" /><F58/><W76/><G69/><T86/><D109/><N who="1" m="42091" /><E119/><V41/><F41/><W34/><G113/><T46/><D17/><U75/><E75/><N who="2" m="43103" /><F120/><W16/><G128/><T131/><D46/><U77/><E130/><V79/><F134/><N who="3" m="51211" /><G47/><T62/><D22/><U122/><E122/><V65/><F65/><W73/><G1/><T14/><D62/><U30/><E43/><V19/><F19/><N who="3" m="8607" /><G34/><T82/><D14/><N who="1" m="5399" /><E77/><V111/><F111/><W49/><G49/><T24/><D116/><U71/><E103/><V117/><F94/><W102/><G102/><T7/><D93/><U53/><E124/><V132/><F132/><W2/><G2/><T40/><D127/><U13/><E71/><V61/><F61/><W44/><G44/><T31/><D131/><U55/><N who="1" m="13312" /><DORA hai="125" /><U10/><E60/><V115/><F115/><W88/><G33/><T51/><D32/><U66/><E66/><V59/><F59/><W97/><G25/><T56/><D114/><U48/><E48/><V0/><F0/><W90/><G97/><AGARI ba="0,0" hai="79,83,85,89,92,97,117,118" m="43103,40457" machi="97" ten="30,3900,0" yaku="34,2,52,1" doraHai="84,125" who="2" fromWho="3" sc="335,0,61,0,395,39,209,-39" />
</Scene>
<Scene>
<INIT seed="6,0,0,5,3,70" ten="335,61,434,170" oya="2" hai0="96,7,10,21,82,5,122,15,60,94,58,40,89" hai1="25,41,49,110,126,80,77,83,45,3,14,9,55" hai2="113,108,133,22,75,62,36,127,33,104,28,98,16" hai3="132,112,39,129,34,26,56,2,72,61,120,92,48"/><V81/><F113/><W103/><G2/><T53/><D122/><U35/><E110/><V119/><F119/><W29/><G72/><T54/><D40/><U51/><E3/><V65/><F108/><W69/><G120/><T68/><D68/><U19/><E126/><V105/><F127/><W84/><G69/><T79/><D7/><U134/><E134/><V116/><F116/><W109/><G109/><T78/><D82/><U42/><E35/><V17/><F36/><W27/><G39/><T59/><REACH who="0" step="1"/><D21/><REACH who="0" ten="325,61,434,170" step="2"/><U43/><E80/><V23/><F23/><W18/><G34/><T118/><D118/><U86/><REACH who="1" step="1"/><E25/><REACH who="1" ten="325,51,434,170" step="2"/><V91/><F81/><W135/><G27/><T1/><D1/><U131/><E131/><V46/><F33/><W38/><G129/><T13/><D13/><U31/><E31/><V20/><F28/><W106/><G29/><T115/><D115/><U101/><E101/><V4/><F133/><W107/><G112/><T44/><D44/><AGARI ba="0,2" hai="9,14,19,41,42,43,44,45,49,51,55,77,83,86" machi="44" ten="30,3900,0" yaku="1,1,7,1,8,1,53,0" doraHai="70" doraHaiUra="117" who="1" fromWho="0" sc="325,-39,51,59,434,0,170,0" />
</Scene>
<Scene>
<INIT seed="7,0,0,3,4,122" ten="286,110,434,170" oya="3" hai0="2,62,97,135,76,116,3,129,64,32,131,123,78" hai1="23,15,1,113,120,43,39,31,35,86,70,59,132" hai2="80,4,109,69,103,81,66,30,10,12,96,104,11" hai3="83,115,28,93,87,13,110,19,67,127,107,0,51"/><W56/><G107/><T74/><D123/><U68/><E120/><V119/><F109/><W85/><G0/><N who="0" m="43" /><D116/><U92/><E1/><V55/><F119/><W89/><G110/><T5/><D5/><U47/><E132/><V49/><F11/><W65/><G127/><T111/><D111/><U27/><E113/><V42/><F42/><W73/><G73/><T77/><D135/><U50/><E35/><V53/><F53/><N who="3" m="31807" /><G28/><T125/><D125/><U117/><E117/><V98/><F30/><W33/><G33/><T41/><D41/><U130/><E130/><N who="0" m="49673" /><D97/><U17/><E39/><V7/><F7/><W133/><G133/><T54/><D54/><U79/><E59/><V106/><F69/><W48/><G48/><T8/><D8/><U91/><REACH who="1" step="1"/><E79/><REACH who="1" ten="286,100,434,170" step="2"/><V118/><F49/><W61/><G115/><T101/><D32/><U44/><E44/><V60/><F55/><W108/><G108/><T82/><D101/><U58/><E58/><AGARI ba="0,1" hai="58,62,64,74,76,77,78,82" m="49673,43" machi="58" ten="30,1000,0" yaku="19,1" doraHai="122" who="0" fromWho="1" sc="286,20,100,-10,434,0,170,0" owari="306,11.0,90,-41.0,434,53.0,170,-23.0" />
</Scene>
</mjloggm>