<mjloggm ver="2.3"><GO type="169" lobby="0"/><UN n0="%67%6F%75%73%69" n1="%E5%A4%AA%E3%81%8F%E3%81%AA%E3%81%84%E3%81%8A" n2="%E3%82%AB%E3%83%AB%E3%83%93" n3="%E3%83%92%E3%83%84%E3%83%AB%E3%82%B9%E3%83%9A%E3%83%AB%E3%82%AC%E3%83%BC" dan="18,17,16,16" rate="2236.10,2227.02,2072.89,2127.28" sx="M,M,M,M"/><TAIKYOKU oya="0"/>

<Scene>
<INIT seed="0,0,0,4,1,70" ten="250,250,250,250" oya="0" hai0="115,13,128,112,29,127,92,108,75,18,8,65,79" hai1="23,34,69,10,103,11,86,132,33,12,91,46,88" hai2="106,119,98,6,89,26,80,15,125,59,2,4,30" hai3="100,38,42,17,39,20,43,78,7,74,19,124,105"/><T84/><D75/><U32/><E69/><V122/><F2/><W5/><G74/><T27/><D65/><U126/><E126/><V96/><F122/><W90/><G78/><T117/><D79/><U76/><E132/><V135/><F125/><W51/><G124/><T134/><D127/><U81/><E103/><V68/><F135/><W87/><G100/><T72/><D72/><U109/><E109/><V58/><F68/><W40/><G105/><T9/><D134/><U82/><E46/><V129/><F119/><W130/><G51/><T73/><D73/><U121/><E121/><V3/><F129/><W131/><G87/><T56/><D117/><U85/><REACH who="1" step="1"/><E76/><REACH who="1" ten="250,240,250,250" step="2"/><V22/><F59/><W1/><G90/><T47/><D56/><U94/><E94/><V61/><F89/><W116/><G116/><T21/><D108/><U55/><E55/><V41/><F58/><W62/><G130/><T44/><D128/><U49/><E49/><V45/><F106/><W111/><G131/><T114/><D47/><U113/><E113/><V31/><F45/><W24/><G111/><T102/><D44/><U120/><E120/><V48/><F48/><W99/><G42/><T93/><D102/><U16/><AGARI ba="0,1" hai="10,11,12,16,23,32,33,34,81,82,85,86,88,91" machi="16" ten="40,16000,3" yaku="1,1,0,1,9,1,54,2,53,3" doraHai="70" doraHaiUra="28" who="1" fromWho="1" sc="250,-80,240,170,250,-40,250,-40" />
</Scene>
<Scene>
<INIT seed="1,0,0,4,3,117" ten="170,410,210,210" oya="1" hai0="41,15,14,106,20,110,123,59,46,126,56,82,50" hai1="70,130,90,58,43,29,127,71,42,57,54,62,17" hai2="85,100,7,11,103,128,64,63,78,35,13,108,131" hai3="61,92,10,113,1,102,88,66,101,67,22,21,5"/><U69/><E29/><V99/><F35/><W9/><G113/><T115/><D106/><U75/><E75/><V47/><F108/><W49/><G10/><T6/><D115/><U0/><E0/><V86/><F47/><W94/><G49/><T135/><D110/><U74/><E74/><V19/><F7/><W12/><G94/><T37/><D126/><U111/><E111/><V27/><F27/><W60/><G1/><T39/><D82/><U45/><E90/><V114/><F114/><W119/><G119/><T44/><D20/><U48/><E17/><V4/><F4/><W68/><G102/><T16/><D6/><U84/><E84/><V18/><F18/><W105/><G101/><T38/><D16/><U132/><E127/><V30/><F30/><W97/><REACH who="3" step="1"/><G105/><REACH who="3" ten="170,410,210,200" step="2"/><T32/><D50/><N who="1" m="30935" /><E132/><V83/><F103/><W36/><G36/><T76/><D39/><U91/><E130/><V2/><F2/><W72/><G72/><T134/><D41/><N who="1" m="24623" /><E91/><V3/><F3/><W73/><G73/><T51/><D51/><U77/><E77/><V112/><F112/><W116/><G116/><T52/><D76/><U98/><E98/><V34/><F131/><W23/><G23/><T31/><D134/><U33/><E33/><V107/><F128/><W53/><G53/><AGARI ba="0,1" hai="42,43,53,58,62,69,70,71" m="24623,30935" machi="53" ten="30,12000,1" yaku="35,5" doraHai="117" who="1" fromWho="3" sc="170,0,410,130,210,0,200,-120" />
</Scene>
<Scene>
<INIT seed="1,1,0,5,3,111" ten="170,540,210,80" oya="1" hai0="132,121,6,65,70,84,57,0,91,39,89,42,31" hai1="45,110,106,28,41,134,55,76,59,74,33,26,29" hai2="128,126,108,135,21,1,98,46,116,35,107,69,73" hai3="71,130,133,51,105,54,119,24,109,67,77,88,58"/><U97/><E29/><V37/><F21/><W131/><G109/><T56/><D70/><U38/><E110/><V90/><F90/><W122/><G105/><T115/><D31/><U94/><E134/><V64/><F98/><W13/><G77/><T87/><D39/><U103/><E74/><V61/><F46/><W82/><G122/><T17/><D42/><U34/><E76/><V125/><F61/><W79/><G133/><T40/><D40/><U78/><E78/><V66/><F64/><W30/><G119/><T81/><D6/><U23/><REACH who="1" step="1"/><E106/><REACH who="1" ten="170,530,210,80" step="2"/><V80/><F80/><W124/><G30/><T53/><D132/><U8/><E8/><V112/><F66/><W14/><G67/><T123/><D65/><U117/><E117/><V27/><F27/><W101/><G24/><T47/><D81/><U43/><E43/><V3/><F126/><W22/><G124/><T9/><D9/><U118/><E118/><V44/><F44/><W60/><G82/><T127/><D47/><U4/><E4/><V85/><F85/><W75/><G79/><T20/><D87/><U120/><E120/><AGARI ba="1,1" hai="1,3,35,37,69,73,107,108,112,116,120,125,128,135" machi="120" ten="0,32000,5" yakuman="47" doraHai="111" who="2" fromWho="1" sc="170,0,530,-323,210,333,80,0" />
</Scene>
<Scene>
<INIT seed="2,0,0,4,0,16" ten="170,207,543,80" oya="2" hai0="61,62,105,92,97,30,64,108,88,63,93,91,86" hai1="123,0,66,76,18,58,94,71,127,29,40,75,43" hai2="2,55,67,125,31,99,69,14,73,114,133,35,74" hai3="87,10,34,80,8,52,118,50,65,120,57,107,130"/><V4/><F114/><W39/><G118/><T126/><D126/><U90/><E0/><V98/><F125/><W44/><G120/><T84/><D108/><U15/><E71/><V24/><F2/><W89/><G34/><T132/><D132/><U109/><E127/><V54/><F133/><W42/><G130/><T119/><D119/><U25/><E109/><V103/><F98/><W102/><REACH who="3" step="1"/><G65/><REACH who="3" ten="170,207,543,70" step="2"/><T5/><D64/><U78/><E123/><V124/><F67/><W106/><G106/><T117/><D117/><U79/><E75/><V81/><F35/><W112/><G112/><T45/><D105/><U131/><E131/><V19/><F74/><W60/><G60/><T37/><D62/><U122/><E122/><V17/><F73/><W68/><G68/><T82/><D61/><U41/><E66/><V51/><F69/><W28/><G28/><T121/><D63/><U9/><E58/><V116/><F31/><W32/><G32/><T26/><D30/><U85/><REACH who="1" step="1"/><E41/><REACH who="1" ten="170,197,543,70" step="2"/><V95/><F124/><W110/><G110/><T111/><D111/><U104/><E104/><V83/><F116/><W7/><G7/><T128/><D5/><U13/><E13/><V115/><F4/><W6/><G6/><T11/><D128/><U129/><E129/><V135/><F14/><W70/><G70/><T101/><D121/><U113/><E113/><V1/><F115/><W33/><G33/><AGARI ba="0,2" hai="9,15,18,25,29,33,40,43,76,78,79,85,90,94" machi="33" ten="40,2600,0" yaku="1,1,53,1" doraHai="16" doraHaiUra="27" who="1" fromWho="3" sc="170,0,197,46,543,0,70,-26" />
</Scene>
<Scene>
<INIT seed="3,0,0,4,3,25" ten="170,243,543,44" oya="3" hai0="2,3,66,126,16,98,34,102,85,47,30,11,28" hai1="78,49,36,35,7,12,120,45,110,119,107,73,101" hai2="13,72,71,105,54,76,115,116,38,82,37,89,84" hai3="21,75,114,0,111,130,57,29,124,122,56,4,109"/><W103/><G114/><T55/><D34/><U26/><E120/><V106/><F115/><W95/><G122/><T65/><D85/><U129/><E49/><V10/><F116/><W63/><G75/><T131/><D47/><U61/><E12/><V18/><F71/><W23/><G130/><T46/><D46/><U51/><E51/><V9/><F9/><W22/><G124/><T113/><D55/><U77/><E7/><V118/><F118/><W99/><G29/><T24/><D113/><U39/><E119/><V108/><F108/><N who="3" m="41547" /><G63/><T127/><D24/><U91/><E61/><V17/><F17/><W1/><G4/><T94/><D131/><U53/><E129/><V8/><F8/><W27/><G27/><T88/><D102/><U15/><E101/><V52/><F37/><W104/><G104/><T40/><D40/><U133/><E107/><V5/><F38/><W20/><N who="3" m="5120" /><DORA hai="60" /><W43/><G43/><T112/><D112/><U121/><E110/><V48/><F5/><W64/><G64/><N who="0" m="24683" /><D16/><U59/><E26/><V44/><REACH who="2" step="1"/><F54/><REACH who="2" ten="170,243,533,44" step="2"/><W87/><G87/><T68/><D68/><U92/><E53/><V117/><F117/><W79/><G79/><T86/><D86/><U31/><E77/><V97/><F97/><W41/><G41/><T74/><D11/><U32/><E78/><V80/><AGARI ba="0,1" hai="10,13,18,44,48,52,72,76,80,82,84,89,105,106" machi="80" ten="20,12000,2" yaku="1,1,0,1,7,1,25,2,54,1,53,1" doraHai="25,60" doraHaiUra="50,132" who="2" fromWho="2" sc="170,-30,243,-30,533,130,44,-60" owari="140,-26.0,213,1.0,663,77.0,-16,-52.0" />
</Scene>
</mjloggm>