<mjloggm ver="2.3"><GO type="169" lobby="0"/><UN n0="%4A%57%35%35" n1="%E5%A4%AA%E3%81%8F%E3%81%AA%E3%81%84%E3%81%8A" n2="%62%75%67%79%61%77%69" n3="%E3%81%A8%E3%82%82%E3%81%8D%E3%82%85%E3%82%93%E2%99%AA" dan="16,17,16,16" rate="2049.56,2241.78,2167.47,2103.98" sx="M,M,M,F"/><TAIKYOKU oya="0"/>

<Scene>
<INIT seed="0,0,0,1,4,130" ten="250,250,250,250" oya="0" hai0="88,79,113,65,40,21,10,6,71,81,32,106,114" hai1="2,24,125,57,80,122,26,100,51,58,28,102,99" hai2="76,23,36,98,30,89,87,68,9,74,132,34,124" hai3="70,29,82,91,103,56,85,67,55,104,19,5,3"/><T97/><D32/><U16/><E122/><V54/><F34/><W135/><G29/><T119/><D119/><U61/><E2/><V117/><F36/><W66/><G3/><T53/><D40/><U72/><E125/><V59/><F68/><W86/><G5/><T17/><D53/><U7/><E7/><V116/><F98/><W92/><G70/><T115/><D65/><U8/><E72/><V128/><F76/><W101/><G104/><T110/><D110/><U129/><E80/><N who="2" m="49383" /><F74/><W94/><G19/><T50/><D50/><U14/><E129/><V84/><F84/><W25/><G25/><T15/><D71/><U4/><E51/><N who="2" m="31199" /><F128/><W78/><G135/><T39/><D39/><U20/><E99/><V13/><F124/><W11/><G11/><T60/><D60/><U42/><E42/><V27/><F132/><W31/><G31/><T133/><D133/><U96/><E96/><V12/><F9/><W131/><G131/><T105/><D97/><U62/><E57/><V35/><F35/><W121/><G121/><T73/><REACH who="0" step="1"/><D88/><REACH who="0" ten="240,250,250,250" step="2"/><U127/><E127/><V43/><F43/><W52/><G55/><T111/><D111/><U47/><E61/><V0/><F117/><W90/><G67/><T18/><D18/><U63/><E63/><V69/><F69/><W37/><G66/><T83/><D83/><U38/><E38/><V41/><F116/><W120/><G120/><T109/><D109/><U108/><E108/><V22/><F41/><W49/><G37/><T1/><AGARI ba="0,1" hai="1,6,10,15,17,21,73,79,81,105,106,113,114,115" machi="1" ten="30,3000,0" yaku="1,1,0,1,53,0" doraHai="130" doraHaiUra="93" who="0" fromWho="0" sc="240,40,250,-10,250,-10,250,-10" />
</Scene>
<Scene>
<INIT seed="0,1,0,2,3,22" ten="280,240,240,240" oya="0" hai0="47,23,34,2,93,26,90,7,97,76,9,31,117" hai1="3,101,110,105,5,4,37,71,126,81,11,13,41" hai2="27,53,79,96,104,83,132,75,63,89,99,85,108" hai3="120,98,80,19,49,69,1,72,115,100,39,73,52"/><T38/><D117/><U121/><E121/><V25/><F108/><W118/><G118/><T135/><D135/><U14/><E71/><V124/><F132/><W8/><G39/><T45/><D38/><U61/><E61/><V134/><F134/><W78/><G115/><T94/><D76/><U102/><E110/><V116/><F116/><W84/><G69/><T20/><D20/><U50/><E37/><V48/><F63/><W128/><G128/><T82/><D82/><U129/><E129/><V51/><F124/><W33/><G33/><T40/><D40/><U32/><E32/><V123/><F123/><W92/><G120/><T74/><D74/><U46/><E126/><V122/><F122/><W70/><G70/><T114/><D114/><U35/><E35/><V54/><F51/><W6/><REACH who="3" step="1"/><G19/><REACH who="3" ten="280,240,240,230" step="2"/><T24/><D94/><U109/><E109/><V77/><F77/><W56/><AGARI ba="1,1" hai="1,6,8,49,52,56,72,73,78,80,84,92,98,100" machi="56" ten="20,8000,1" yaku="1,1,2,1,0,1,7,1,54,1,53,0" doraHai="22" doraHaiUra="43" who="3" fromWho="3" sc="280,-41,240,-21,240,-21,230,93" />
</Scene>
<Scene>
<INIT seed="1,0,0,2,1,121" ten="239,219,219,323" oya="1" hai0="32,9,56,124,57,77,126,52,45,39,3,95,13" hai1="51,11,114,64,48,89,101,105,86,119,75,130,0" hai2="100,120,93,2,107,127,22,104,65,117,131,76,7" hai3="80,34,132,40,70,68,109,113,47,15,122,23,59"/><U20/><E114/><V24/><F120/><W88/><G113/><T106/><D106/><U112/><E112/><V102/><F117/><W99/><G34/><T66/><D32/><U135/><E119/><V129/><F65/><W115/><G122/><T116/><D116/><U53/><E75/><V85/><F7/><W43/><G132/><T42/><D3/><U72/><E72/><V50/><F2/><W69/><G59/><T110/><D110/><U108/><E64/><V78/><F50/><W54/><G54/><T5/><D77/><N who="2" m="29802" /><F24/><W4/><G109/><T26/><D26/><U103/><E108/><V71/><F22/><W125/><G125/><N who="0" m="48235" /><D66/><U36/><E36/><V35/><F71/><W25/><G15/><T6/><D6/><U33/><E33/><V61/><F61/><W90/><G4/><T133/><D133/><U12/><E0/><V81/><F35/><W97/><G43/><T94/><D57/><U21/><E135/><V128/><F127/><W27/><G27/><T74/><D74/><U62/><E105/><N who="2" m="40523" /><F93/><W46/><G115/><T111/><D111/><U92/><E62/><AGARI ba="0,0" hai="5,9,13,39,42,45,52,56,62,94,95" m="48235" machi="62" ten="30,2000,0" yaku="18,1,54,1" doraHai="121" who="0" fromWho="1" sc="239,20,219,-20,219,0,323,0" />
</Scene>
<Scene>
<INIT seed="2,0,0,5,5,15" ten="259,199,219,323" oya="2" hai0="19,75,50,2,132,34,44,65,117,11,120,99,94" hai1="51,118,113,88,83,20,126,62,92,53,6,40,59" hai2="60,86,3,96,111,36,81,70,112,55,38,85,41" hai3="25,58,103,72,109,23,82,33,39,131,66,110,8"/><V35/><F112/><W29/><G39/><T101/><D120/><U91/><E113/><V17/><F3/><W100/><G131/><T68/><D75/><U32/><E32/><V135/><F35/><W129/><G129/><T124/><D34/><U47/><E118/><V43/><F135/><W80/><G33/><T97/><D132/><U78/><E126/><V31/><F31/><W90/><G8/><T42/><D124/><U12/><E92/><V67/><F111/><N who="3" m="42507" /><G90/><T119/><D97/><U105/><E105/><V54/><F96/><W30/><G30/><T14/><REACH who="0" step="1"/><D2/><REACH who="0" ten="249,199,219,323" step="2"/><U93/><E93/><V134/><F134/><W13/><G103/><T49/><D49/><U87/><REACH who="1" step="1"/><E20/><REACH who="1" ten="249,189,219,323" step="2"/><V98/><F98/><W37/><G23/><T84/><D84/><U107/><E107/><V128/><F86/><W104/><G72/><T73/><D73/><U121/><E121/><V74/><F74/><W27/><G104/><T79/><D79/><U63/><E63/><AGARI ba="0,2" hai="11,14,19,42,44,50,63,65,68,94,99,101,117,119" machi="63" ten="40,2600,0" yaku="1,1,52,1,53,0" doraHai="15" doraHaiUra="102" who="0" fromWho="1" sc="249,46,189,-26,219,0,323,0" />
</Scene>
<Scene>
<INIT seed="3,0,0,5,5,24" ten="295,163,219,323" oya="3" hai0="26,3,62,67,45,30,103,20,4,98,9,102,52" hai1="12,96,5,127,99,2,106,37,115,113,126,64,74" hai2="73,51,61,31,63,33,118,122,71,25,13,133,76" hai3="121,85,90,28,112,93,17,92,88,32,29,14,114"/><W100/><G32/><T42/><D98/><N who="1" m="37419" /><E106/><V59/><F118/><W91/><G100/><T120/><D120/><U132/><E37/><V75/><F122/><W65/><G121/><T46/><D46/><U95/><E95/><N who="3" m="36426" /><G114/><N who="1" m="43530" /><E64/><V36/><F36/><W48/><G112/><T44/><D44/><U119/><E12/><V83/><F133/><W104/><G104/><T21/><D21/><U107/><E107/><V130/><F130/><W135/><G135/><T69/><REACH who="0" step="1"/><D52/><REACH who="0" ten="285,163,219,323" step="2"/><U18/><E132/><V41/><F41/><W123/><G123/><T58/><D58/><U6/><E119/><V16/><F71/><W94/><G48/><AGARI ba="0,1" hai="3,4,9,20,26,30,42,45,48,62,67,69,102,103" machi="48" ten="30,7700,0" yaku="1,1,7,1,52,1,53,1" doraHai="24" doraHaiUra="35" who="0" fromWho="3" sc="285,87,163,0,219,0,323,-77" />
</Scene>
<Scene>
<INIT seed="4,0,0,1,0,62" ten="372,163,219,246" oya="0" hai0="14,124,28,38,107,17,108,52,65,109,2,114,8" hai1="76,110,44,51,105,53,130,45,117,36,74,132,59" hai2="121,32,22,23,128,60,102,29,120,41,77,7,125" hai3="96,85,20,13,104,55,111,123,68,49,71,26,69"/><T99/><D114/><U98/><E110/><N who="0" m="42601" /><D38/><U103/><E117/><V134/><F77/><W66/><G111/><T6/><D124/><U118/><E118/><V97/><F41/><W81/><G123/><T0/><D28/><U126/><E126/><V42/><F125/><W25/><G13/><T4/><D65/><U75/><E132/><V12/><F42/><W16/><G66/><T3/><D52/><U88/><E130/><V112/><F32/><W80/><G26/><T135/><D135/><U63/><E36/><V39/><F39/><W61/><G61/><T90/><D90/><U67/><E76/><V94/><F134/><W86/><G104/><T50/><D50/><U84/><REACH who="1" step="1"/><E44/><REACH who="1" ten="372,153,219,246" step="2"/><V46/><F46/><W119/><G119/><T83/><D83/><AGARI ba="0,1" hai="45,51,53,59,63,67,74,75,83,84,88,98,103,105" machi="83" ten="30,8000,1" yaku="1,1,2,1,7,1,52,1,54,1,53,0" doraHai="62" doraHaiUra="1" who="1" fromWho="0" sc="372,-80,153,90,219,0,246,0" />
</Scene>
<Scene>
<INIT seed="5,0,0,1,2,4" ten="292,243,219,246" oya="1" hai0="127,53,9,90,121,34,27,20,125,122,124,43,57" hai1="63,65,106,67,24,110,72,89,104,33,47,66,131" hai2="115,55,1,103,105,117,21,54,109,84,39,91,102" hai3="86,45,100,79,16,46,0,93,64,108,37,38,49"/><U3/><E72/><V112/><F109/><W94/><G108/><T82/><D43/><U135/><E110/><V58/><F117/><W52/><G0/><T96/><D34/><U69/><E3/><V60/><F39/><W75/><G75/><T61/><D9/><U14/><E135/><V13/><F1/><W11/><G64/><T41/><D41/><U71/><E131/><V76/><F76/><W10/><G37/><T59/><D59/><U99/><E47/><V123/><F123/><W73/><G73/><T32/><D32/><U42/><E42/><V107/><F55/><W62/><G62/><T111/><D111/><U7/><E89/><V6/><F103/><W130/><G38/><T19/><D82/><U80/><E80/><N who="2" m="49543" /><F102/><W118/><G118/><T77/><D77/><U88/><E88/><V101/><F101/><W50/><G130/><T8/><D8/><N who="3" m="3113" /><G16/><T30/><D30/><N who="1" m="19655" /><E71/><V87/><F6/><W74/><G74/><T129/><D129/><U40/><E7/><V25/><F13/><W119/><G119/><T120/><D120/><U113/><E14/><V31/><F87/><W85/><G79/><T98/><D96/><U35/><E99/><V15/><F15/><W26/><G26/><T2/><D2/><U68/><E68/><V83/><F107/><W116/><G116/><T51/><D61/><U12/><E63/><V128/><F128/><W70/><G70/><T81/><D98/><U56/><E69/><V36/><F36/><W126/><G126/><T17/><D19/><U29/><E104/><V48/><F105/><W95/><G100/><RYUUKYOKU ba="0,0" sc="292,15,243,-15,219,-15,246,15" hai0="17,20,27,51,53,57,81,90,121,122,124,125,127" hai3="45,46,49,50,52,85,86,93,94,95" />
</Scene>
<Scene>
<INIT seed="6,1,0,4,3,92" ten="307,228,204,261" oya="2" hai0="108,57,127,126,69,30,55,119,15,123,52,106,116" hai1="68,27,66,117,110,17,99,41,7,109,62,95,49" hai2="133,39,2,56,131,31,78,9,75,54,70,72,74" hai3="89,111,4,1,46,37,51,24,59,13,34,44,29"/><V122/><F70/><W101/><G111/><T60/><D108/><U85/><E117/><N who="0" m="45129" /><D123/><U82/><E7/><V81/><F122/><W26/><G1/><T63/><D106/><U76/><E41/><V104/><F133/><W100/><G59/><N who="0" m="34919" /><D30/><U42/><E42/><V134/><F134/><W3/><G3/><T33/><D33/><U120/><E120/><V129/><F39/><W71/><G89/><T107/><D107/><U90/><REACH who="1" step="1"/><E49/><REACH who="1" ten="307,218,204,261" step="2"/><N who="2" m="30799" /><F104/><W77/><G37/><T79/><D79/><U61/><E61/><V112/><F112/><W80/><G77/><T16/><D69/><U19/><E19/><V114/><F114/><W58/><G71/><T10/><AGARI ba="1,1" hai="10,15,16,55,57,63,126,127" m="34919,45129" machi="10" ten="30,4000,0" yaku="12,1,54,2" doraHai="92" who="0" fromWho="0" sc="307,53,218,-11,204,-21,261,-11" />
</Scene>
<Scene>
<INIT seed="7,0,0,4,2,5" ten="360,207,183,250" oya="3" hai0="132,103,93,35,39,12,134,75,36,92,117,98,40" hai1="15,126,127,55,57,123,8,72,4,48,46,32,42" hai2="29,107,115,21,50,97,16,104,30,119,99,90,135" hai3="118,100,101,87,49,77,22,6,79,28,17,37,23"/><W7/><G37/><T106/><D35/><U54/><E123/><V80/><F119/><W116/><G116/><T83/><D117/><U105/><E32/><V10/><F115/><W45/><G118/><T65/><D65/><U19/><E105/><V78/><F135/><N who="0" m="51754" /><D12/><U47/><E72/><V60/><F104/><W68/><G68/><T130/><D130/><U91/><E91/><V73/><F10/><W76/><G87/><T26/><D26/><U121/><E121/><V44/><F60/><W86/><G86/><T131/><D131/><U1/><E47/><V41/><F90/><W53/><G28/><T128/><D128/><U96/><E96/><V102/><REACH who="2" step="1"/><F99/><REACH who="2" ten="360,207,173,250" step="2"/><W61/><G61/><T3/><D106/><U9/><REACH who="1" step="1"/><E55/><REACH who="1" ten="360,197,173,250" step="2"/><V24/><AGARI ba="0,2" hai="16,21,24,29,30,41,44,50,73,78,80,97,102,107" machi="24" ten="20,12000,2" yaku="1,1,2,1,0,1,7,1,54,1,53,2" doraHai="5" doraHaiUra="25" who="2" fromWho="2" sc="360,-30,197,-30,173,140,250,-60" owari="330,43.0,167,-33.0,313,11.0,190,-21.0" />
</Scene>
</mjloggm>