<mjloggm ver="2.3"><GO type="169" lobby="0"/><UN n0="%E5%A4%AA%E3%81%8F%E3%81%AA%E3%81%84%E3%81%8A" n1="%68%61%79%61%74%6F%E2%98%86" n2="%E3%81%AF%E3%82%80" n3="%E3%81%BF%E3%81%9A%E3%82%88%E3%81%97%E3%81%AE%E4%BD%9C%E3%82%8A%E6%96%B9" dan="17,17,17,16" rate="2228.84,2192.38,2171.04,2046.07" sx="M,M,M,M"/><TAIKYOKU oya="0"/>

<Scene>
<INIT seed="0,0,0,3,1,31" ten="250,250,250,250" oya="0" hai0="135,30,122,108,133,111,53,104,44,55,61,105,77" hai1="54,7,56,121,14,4,24,34,113,72,28,129,88" hai2="33,27,1,79,68,39,114,19,50,45,118,46,65" hai3="21,22,102,95,99,71,57,132,83,52,66,112,32"/><T97/><D122/><U35/><E121/><V80/><F114/><W91/><G112/><T103/><D104/><U25/><E113/><V26/><F118/><W86/><G32/><T124/><D124/><U3/><E72/><V93/><F1/><W58/><G71/><T48/><D77/><U49/><E129/><V67/><F39/><W125/><G125/><T59/><REACH who="0" step="1"/><D30/><REACH who="0" ten="240,250,250,250" step="2"/><U134/><E134/><AGARI ba="0,1" hai="44,48,53,55,59,61,97,103,105,108,111,133,134,135" machi="134" ten="40,7700,0" yaku="1,1,2,1,20,1,53,0" doraHai="31" doraHaiUra="73" who="0" fromWho="1" sc="240,87,250,-77,250,0,250,0" />
</Scene>
<Scene>
<INIT seed="0,1,0,3,3,12" ten="327,173,250,250" oya="0" hai0="107,13,108,110,30,45,7,36,1,117,31,94,39" hai1="46,32,15,104,91,58,21,135,100,55,11,84,131" hai2="112,61,54,66,26,48,2,63,10,67,43,119,85" hai3="8,109,76,62,3,51,120,113,40,25,22,130,99"/><T74/><D107/><U95/><E32/><V16/><F112/><W41/><G113/><T89/><D117/><U118/><E118/><V86/><F119/><W59/><G109/><N who="0" m="42091" /><D1/><U0/><E135/><V81/><F2/><W37/><G37/><N who="0" m="14411" /><D74/><U27/><E131/><V68/><F43/><W124/><G124/><T75/><D75/><U60/><E0/><V50/><F50/><W42/><G76/><T129/><D45/><U38/><E104/><V52/><F54/><W126/><G126/><T111/><N who="0" m="42099" /><T18/><DORA hai="28" /><D7/><U115/><E115/><V14/><F26/><W98/><G130/><T78/><D78/><U65/><E100/><V106/><F106/><W5/><G120/><T24/><D24/><U133/><E133/><V29/><F29/><W72/><G72/><T105/><D105/><U77/><E77/><V35/><F81/><W79/><G79/><T57/><D57/><U121/><E121/><V53/><F53/><W80/><G80/><T123/><D129/><U33/><E38/><V4/><F4/><W17/><REACH who="3" step="1"/><G51/><REACH who="3" ten="327,173,250,240" step="2"/><T93/><D123/><U64/><E46/><V69/><F35/><W122/><G122/><T134/><D134/><U97/><E33/><V71/><F71/><W101/><G101/><T73/><D73/><U44/><E44/><AGARI ba="1,1" hai="10,14,16,44,48,52,61,63,66,67,68,69,85,86" machi="44" ten="30,8000,1" yaku="7,1,9,1,52,1,54,2" doraHai="12,28" who="2" fromWho="1" sc="327,0,173,-83,250,93,240,0" />
</Scene>
<Scene>
<INIT seed="1,0,0,3,3,62" ten="327,90,343,240" oya="1" hai0="107,100,77,8,131,12,4,47,104,10,98,5,114" hai1="59,85,30,92,49,108,109,125,103,126,20,51,113" hai2="9,78,53,58,82,3,21,0,94,23,116,106,67" hai3="84,134,130,17,135,60,37,54,46,96,26,6,52"/><U122/><E122/><V83/><F106/><W16/><G130/><T75/><D114/><U44/><E113/><V31/><F116/><W86/><G6/><T76/><D131/><U120/><E120/><V110/><F110/><N who="1" m="42601" /><E59/><V91/><F3/><W81/><G96/><T25/><D107/><U79/><E103/><V18/><F0/><W87/><G81/><N who="2" m="30729" /><F78/><W72/><G72/><T36/><D75/><U66/><E79/><V24/><F9/><W14/><G26/><T80/><D80/><U29/><E20/><N who="2" m="13335" /><F31/><N who="1" m="11785" /><E66/><V48/><F67/><W41/><G17/><T99/><D76/><U118/><E118/><V69/><F69/><W93/><G16/><T19/><D77/><U40/><E49/><V129/><F129/><W56/><G14/><N who="0" m="5383" /><D100/><U117/><E117/><V33/><F33/><W7/><G7/><T11/><D104/><U15/><E15/><V95/><F95/><W63/><G54/><T101/><D101/><U1/><E1/><V88/><F91/><AGARI ba="0,0" hai="40,44,51,85,91,92,125,126" m="11785,42601" machi="91" ten="30,2900,0" yaku="14,1,10,1" doraHai="62" who="1" fromWho="2" sc="327,0,90,29,343,-29,240,0" />
</Scene>
<Scene>
<INIT seed="1,1,0,1,3,125" ten="327,119,314,240" oya="1" hai0="1,129,45,135,37,2,24,27,19,115,15,49,85" hai1="127,118,104,25,88,123,14,40,130,70,21,133,134" hai2="65,122,124,131,62,16,72,98,52,41,105,29,103" hai3="82,6,11,10,55,106,71,116,47,9,100,110,20"/><U113/><E40/><V119/><F119/><W64/><G116/><T93/><D37/><U69/><E14/><V112/><F124/><W30/><G110/><T108/><D115/><U28/><E127/><V26/><F112/><W12/><G71/><T18/><D108/><U46/><E113/><V0/><F122/><W13/><G64/><T92/><D135/><N who="1" m="51723" /><E118/><V80/><F41/><W53/><G100/><T102/><D102/><U114/><E114/><V34/><F0/><W74/><G106/><T89/><D1/><U97/><E123/><V76/><F131/><W117/><G74/><T81/><D2/><U67/><E46/><V73/><F73/><W79/><G47/><T78/><D129/><U23/><E130/><V87/><F87/><N who="3" m="48607" /><G117/><T39/><D39/><U84/><E23/><V86/><F86/><W111/><G111/><T94/><D78/><U60/><E70/><V90/><F90/><W33/><G33/><T31/><D31/><U75/><E75/><V126/><F126/><W63/><G30/><T101/><D101/><N who="1" m="62511" /><E84/><V5/><F5/><N who="3" m="3183" /><G20/><N who="0" m="11359" /><D19/><U3/><E3/><V35/><F35/><W51/><G13/><T56/><D56/><U120/><E120/><V91/><F91/><AGARI ba="1,0" hai="21,25,28,60,67,69,88,91" m="62511,51723" machi="91" ten="30,2900,0" yaku="20,1,54,1" doraHai="125" who="1" fromWho="2" sc="327,0,119,32,314,-32,240,0" />
</Scene>
<Scene>
<INIT seed="1,2,0,2,1,122" ten="327,151,282,240" oya="1" hai0="93,47,42,86,69,105,71,58,85,65,8,129,113" hai1="92,76,99,130,87,106,51,78,1,32,110,68,28" hai2="67,23,41,56,40,3,4,70,117,63,59,81,37" hai3="111,6,126,39,24,74,84,57,22,20,21,30,11"/><U131/><E68/><V12/><F117/><W115/><G115/><T118/><D105/><U121/><E1/><V29/><F3/><W48/><G74/><T82/><D113/><U52/><E121/><V90/><F70/><W128/><G126/><T101/><D118/><U75/><E106/><V19/><F37/><W102/><G128/><N who="1" m="49194" /><E87/><N who="2" m="50543" /><F29/><W94/><G111/><T73/><D73/><U61/><E61/><N who="2" m="38311" /><F4/><W135/><G135/><T112/><D112/><U18/><E75/><V15/><F15/><N who="3" m="5623" /><G39/><T27/><D129/><U9/><E110/><V98/><F98/><N who="3" m="59735" /><G84/><T79/><D85/><U114/><E114/><V95/><F95/><W100/><G100/><T25/><D71/><U66/><E66/><AGARI ba="2,0" hai="12,19,23,40,41,59,63,66" m="38311,50543" machi="66" ten="30,1000,0" yaku="8,1" doraHai="122" who="2" fromWho="1" sc="327,0,151,-16,282,16,240,0" />
</Scene>
<Scene>
<INIT seed="2,0,0,4,4,68" ten="327,135,298,240" oya="2" hai0="133,55,102,62,58,122,75,24,28,113,76,9,114" hai1="32,10,3,128,92,132,106,12,34,88,99,95,118" hai2="116,70,110,41,84,121,108,83,50,82,64,43,81" hai3="67,57,77,17,115,33,97,60,131,61,127,112,4"/><V130/><F116/><W63/><G127/><T16/><D122/><U80/><E128/><V6/><F130/><W14/><G33/><T46/><D133/><U78/><E132/><V36/><F121/><W35/><G35/><T5/><D102/><U96/><E118/><V104/><F104/><W105/><G77/><T26/><D75/><U69/><E69/><V134/><F134/><W126/><G126/><T93/><D76/><U52/><E3/><V47/><F6/><W30/><G30/><T103/><D103/><U87/><E106/><V1/><F1/><W39/><G4/><T66/><D93/><U37/><E37/><V20/><F20/><N who="3" m="11319" /><G39/><T53/><D26/><U90/><REACH who="1" step="1"/><E52/><REACH who="1" ten="327,125,298,240" step="2"/><V135/><F135/><W25/><G131/><T38/><D55/><U101/><E101/><V51/><F70/><W15/><G105/><T48/><D38/><U31/><E31/><V19/><F64/><W59/><G67/><T44/><D44/><U11/><E11/><V40/><F36/><W49/><G49/><N who="2" m="18441" /><F47/><W107/><G107/><T54/><D66/><U94/><E94/><V111/><F19/><AGARI ba="0,1" hai="10,12,19,32,34,78,80,87,88,90,92,95,96,99" machi="19" ten="30,7700,0" yaku="1,1,7,1,9,1,54,1,53,0" doraHai="68" doraHaiUra="21" who="1" fromWho="2" sc="327,0,125,87,298,-77,240,0" />
</Scene>
<Scene>
<INIT seed="3,0,0,5,3,131" ten="327,212,221,240" oya="3" hai0="85,126,45,23,96,58,21,39,100,11,66,17,84" hai1="14,132,2,79,107,118,65,83,57,67,90,134,46" hai2="77,87,125,101,94,48,35,102,105,13,3,15,121" hai3="22,97,133,112,40,82,108,54,113,88,106,64,80"/><W127/><G127/><T51/><D39/><U93/><E2/><V25/><F3/><W86/><G108/><T28/><D126/><U32/><E32/><V38/><F38/><W52/><G40/><T70/><D70/><U33/><E33/><V135/><F125/><W98/><G64/><T60/><D11/><U95/><E107/><V110/><F105/><W109/><G109/><T89/><D28/><U99/><E118/><V4/><F110/><W111/><G111/><T7/><D7/><U26/><E26/><V16/><F121/><W115/><G133/><N who="1" m="51306" /><E46/><V49/><F135/><W27/><G82/><T116/><D116/><U71/><E71/><V69/><F69/><W34/><G34/><T104/><D17/><U61/><E93/><V44/><F25/><W12/><G12/><T30/><D30/><U43/><E43/><V29/><F29/><W18/><REACH who="3" step="1"/><G98/><REACH who="3" ten="327,212,221,230" step="2"/><T0/><D0/><U63/><E14/><V81/><F35/><W123/><G123/><T47/><D96/><U92/><E92/><V129/><F13/><W53/><G53/><T20/><D66/><N who="1" m="39215" /><E63/><V68/><F94/><W122/><G122/><T114/><D60/><U36/><E36/><V103/><F15/><W41/><G41/><T37/><D37/><U75/><AGARI ba="0,1" hai="65,67,75,79,83,90,95,99" m="39215,51306" machi="75" ten="30,7900,0" yaku="20,1,52,3" doraHai="131" who="1" fromWho="1" sc="327,-20,212,89,221,-20,230,-39" />
</Scene>
<Scene>
<INIT seed="4,0,0,2,0,117" ten="307,301,201,191" oya="0" hai0="57,87,45,95,135,3,16,120,116,41,65,126,42" hai1="31,5,86,18,70,51,105,100,127,40,129,74,22" hai2="83,32,132,49,75,50,37,102,47,53,48,36,33" hai3="122,52,20,63,134,106,59,125,115,94,103,121,29"/><T64/><D116/><U109/><E31/><V19/><F132/><W11/><G125/><T55/><D3/><U61/><E5/><V13/><F102/><W73/><G115/><T110/><D126/><U24/><E74/><V84/><F75/><W131/><G131/><T90/><D135/><U60/><E70/><V39/><F47/><W54/><G73/><T128/><D128/><U77/><E129/><V104/><F53/><W9/><G106/><T2/><D2/><U12/><E100/><V28/><F104/><W93/><G134/><T8/><D110/><U15/><E105/><V107/><F107/><W124/><G54/><T92/><D92/><N who="3" m="35433" /><G103/><T1/><D1/><U76/><E86/><V114/><F28/><W21/><G21/><T99/><D87/><U133/><E109/><V119/><F119/><W101/><G101/><T0/><D0/><U25/><E127/><V88/><REACH who="2" step="1"/><F114/><REACH who="2" ten="307,301,191,191" step="2"/><W46/><G46/><T69/><D45/><U67/><E133/><V62/><F62/><W26/><G124/><T82/><D55/><U91/><E60/><V27/><F27/><W130/><G130/><T85/><D41/><U17/><E40/><V7/><F7/><W58/><G59/><T118/><D57/><U43/><E43/><V113/><F113/><W23/><G26/><T56/><D42/><U72/><E24/><V4/><F4/><W112/><G29/><T123/><D56/><U38/><E25/><V68/><F68/><W66/><G112/><T10/><D118/><U89/><E72/><V34/><F34/><W14/><G52/><T44/><D69/><RYUUKYOKU ba="0,1" sc="307,-10,301,-10,191,30,191,-10" hai2="13,19,32,33,36,37,39,48,49,50,83,84,88" />
</Scene>
<Scene>
<INIT seed="5,1,1,4,4,127" ten="297,291,221,181" oya="1" hai0="0,11,4,23,109,84,103,2,106,79,129,40,126" hai1="118,88,28,81,68,111,3,46,85,74,12,36,110" hai2="105,72,38,24,15,112,34,121,113,73,54,7,132" hai3="43,59,32,71,13,37,117,80,70,119,116,93,90"/><U26/><E3/><V56/><F121/><W62/><G32/><T107/><D109/><N who="1" m="41483" /><E68/><V69/><F69/><W39/><G80/><T98/><D107/><U8/><E74/><V16/><F105/><W92/><G13/><T82/><D126/><U64/><E64/><V57/><F38/><N who="3" m="14347" /><G93/><T66/><D66/><U18/><E118/><V10/><F132/><W124/><G43/><T104/><D104/><U6/><E6/><V55/><F72/><W21/><G21/><T99/><D99/><U65/><E65/><V9/><F73/><W58/><G58/><T122/><D122/><U53/><E53/><V27/><F56/><W114/><G114/><N who="2" m="44137" /><F34/><W44/><G44/><T45/><D23/><N who="1" m="15455" /><E36/><V97/><F54/><N who="3" m="34167" /><G124/><T134/><D134/><U41/><E46/><V131/><F55/><W76/><G76/><T51/><REACH who="0" step="1"/><D0/><REACH who="0" ten="287,291,221,181" step="2"/><U47/><E47/><V87/><F97/><AGARI ba="1,2" hai="70,71,90,92,97,116,117,119" m="34167,14347" machi="97" ten="40,1300,0" yaku="12,1" doraHai="127" who="3" fromWho="2" sc="287,0,291,0,221,-16,181,36" />
</Scene>
<Scene>
<INIT seed="6,0,0,4,0,58" ten="287,291,205,217" oya="2" hai0="103,45,84,66,17,49,98,91,93,36,13,61,117" hai1="74,37,78,57,129,72,90,18,68,23,104,128,20" hai2="94,109,110,114,60,100,11,107,67,69,52,29,125" hai3="56,14,130,54,99,126,44,0,53,133,50,51,65"/><V6/><F114/><W76/><G126/><T16/><D36/><U2/><E68/><V9/><F125/><W112/><G130/><T135/><D135/><U19/><E104/><V39/><F39/><W48/><G0/><T82/><D117/><U120/><E37/><V111/><F29/><W47/><G133/><T71/><REACH who="0" step="1"/><D13/><REACH who="0" ten="277,291,205,217" step="2"/><U1/><E120/><V81/><F81/><W101/><G112/><T115/><D115/><U92/><E128/><V86/><F107/><W55/><G14/><T118/><D118/><U134/><E129/><V40/><F40/><AGARI ba="0,1" hai="16,17,40,45,49,61,66,71,82,84,91,93,98,103" machi="40" ten="30,7700,0" yaku="1,1,7,1,52,1,54,1,53,0" doraHai="58" doraHaiUra="113" who="0" fromWho="2" sc="277,87,291,0,205,-77,217,0" />
</Scene>
<Scene>
<INIT seed="7,0,0,2,2,87" ten="364,291,128,217" oya="3" hai0="130,52,19,80,28,85,109,4,16,60,29,17,133" hai1="0,74,38,64,34,30,107,125,33,132,42,126,131" hai2="92,116,78,98,96,111,26,88,2,73,70,119,45" hai3="3,50,63,61,24,11,81,129,25,95,123,71,59"/><W32/><G123/><T90/><D109/><U121/><E64/><V48/><F48/><W53/><G32/><T100/><D133/><U40/><E30/><V118/><F70/><W13/><G3/><T27/><D130/><U128/><E107/><V82/><F2/><W47/><G81/><T91/><D100/><U39/><E0/><V68/><F68/><W93/><G63/><T1/><D1/><U51/><E74/><V14/><F26/><W5/><G129/><N who="1" m="49738" /><E121/><V135/><F45/><W69/><G69/><T86/><D4/><U134/><E51/><V124/><F14/><W94/><REACH who="3" step="1"/><G71/><REACH who="3" ten="364,291,128,207" step="2"/><T83/><D27/><U35/><E40/><AGARI ba="0,1" hai="5,11,13,24,25,40,47,50,53,59,61,93,94,95" machi="40" ten="40,7700,0" yaku="1,1,2,1,8,1,53,0" doraHai="87" doraHaiUra="76" who="3" fromWho="1" sc="364,0,291,-77,128,0,207,87" />
</Scene>
<Scene>
<INIT seed="7,1,0,2,0,134" ten="364,214,128,294" oya="3" hai0="2,11,67,57,48,86,119,102,39,73,28,130,111" hai1="104,38,12,63,125,18,4,25,72,70,81,14,76" hai2="31,54,17,77,29,5,42,121,97,7,55,124,80" hai3="45,41,9,84,21,59,53,64,126,89,71,82,96"/><W132/><G126/><T23/><D111/><U112/><E38/><V99/><F121/><W108/><G132/><T83/><D39/><U61/><E104/><V95/><F42/><W90/><G71/><T79/><D119/><U107/><E107/><V30/><F124/><W100/><G64/><T58/><D130/><U92/><E112/><V69/><F69/><W120/><G120/><T106/><D2/><U123/><E123/><V118/><F118/><W37/><G90/><T26/><D106/><U133/><E133/><V87/><F17/><W49/><G9/><T116/><D116/><U0/><E0/><V62/><F97/><W22/><G108/><T129/><D129/><U50/><E70/><V101/><REACH who="2" step="1"/><F62/><REACH who="2" ten="364,214,118,294" step="2"/><W36/><G37/><T13/><D28/><U75/><E61/><V1/><F1/><W47/><G36/><T19/><D19/><U15/><E63/><V43/><F43/><W40/><G40/><T91/><D48/><U44/><E125/><V51/><F51/><W103/><G41/><T98/><D98/><U85/><E50/><V33/><F33/><W66/><G96/><T122/><D122/><U113/><E18/><V46/><F46/><W32/><G32/><T35/><D35/><U8/><E44/><V3/><F3/><W74/><G47/><T60/><D60/><U131/><E131/><V135/><F135/><W65/><G45/><T127/><D127/><U115/><E115/><V6/><AGARI ba="1,1" hai="5,6,7,29,30,31,54,55,77,80,87,95,99,101" machi="6" ten="30,4000,0" yaku="1,1,0,1,8,1,53,0" doraHai="134" doraHaiUra="10" who="2" fromWho="2" sc="364,-11,214,-11,118,53,294,-21" owari="353,46.0,203,-20.0,171,-33.0,273,7.0" />
</Scene>
</mjloggm>