<mjloggm ver="2.3"><GO type="169" lobby="0"/><UN n0="%EF%BC%8F%28%EF%BC%BE%6F%EF%BC%BE%29%EF%BC%BC" n1="%E3%83%81%E3%83%BC%E3%82%BF%E3%83%BC" n2="%E5%A4%AA%E3%81%8F%E3%81%AA%E3%81%84%E3%81%8A" n3="%E3%83%AD%E3%83%83%E3%83%86%E9%9B%80%E7%90%83" dan="16,17,17,16" rate="2124.51,2195.08,2160.29,2108.55" sx="M,M,M,M"/><TAIKYOKU oya="0"/>

<Scene>
<INIT seed="0,0,0,3,3,36" ten="250,250,250,250" oya="0" hai0="83,65,78,68,44,93,42,48,105,3,128,20,121" hai1="52,33,57,90,73,40,2,119,22,124,39,7,74" hai2="56,47,59,46,102,80,81,23,130,89,84,19,133" hai3="25,37,9,0,115,50,70,1,132,98,91,117,32"/><T71/><D105/><U107/><E33/><V77/><F133/><W11/><G115/><T4/><D121/><U135/><E107/><V122/><F122/><W53/><G117/><T120/><D120/><U61/><E119/><V49/><F102/><W62/><G132/><T112/><D112/><U76/><E135/><V63/><F130/><W100/><G37/><T72/><D128/><U127/><E90/><V67/><F59/><W111/><G111/><T55/><D20/><U43/><E22/><V27/><REACH who="2" step="1"/><F49/><REACH who="2" ten="250,250,240,250" step="2"/><W92/><G50/><T38/><D65/><U10/><E39/><V54/><F54/><W51/><G53/><T13/><D71/><U31/><E31/><V34/><F34/><W75/><G32/><T41/><D68/><U45/><E45/><V82/><F82/><W129/><G51/><T97/><D38/><U114/><E114/><V131/><F131/><W95/><G100/><T66/><D66/><U5/><E5/><V110/><F110/><W35/><G70/><T94/><D94/><U118/><E118/><V85/><F85/><BYE who="2" /><W6/><G95/><T69/><D3/><U99/><E99/><V18/><F18/><W30/><G75/><N who="1" m="28682" /><E76/><V15/><F15/><W113/><G113/><UN n2="%E5%A4%AA%E3%81%8F%E3%81%AA%E3%81%84%E3%81%8A" /><T26/><D26/><U8/><E8/><V86/><AGARI ba="0,1" hai="19,23,27,46,47,56,63,67,77,80,81,84,86,89" machi="86" ten="20,5200,0" yaku="1,1,0,1,7,1,8,1,53,0" doraHai="36" doraHaiUra="104" who="2" fromWho="2" sc="250,-26,250,-13,240,62,250,-13" />
</Scene>
<Scene>
<INIT seed="1,0,0,4,1,96" ten="224,237,302,237" oya="1" hai0="86,106,51,98,44,8,49,0,33,17,12,6,45" hai1="111,104,107,124,73,78,84,47,89,37,66,131,9" hai2="28,93,29,129,7,128,92,85,95,88,122,101,23" hai3="133,40,90,108,79,70,56,65,21,26,53,62,16"/><U110/><E66/><V43/><F122/><W59/><G108/><N who="1" m="41514" /><E131/><N who="2" m="50251" /><F7/><W46/><G133/><T10/><D33/><U2/><E124/><V20/><F43/><W68/><G79/><T115/><D115/><U134/><E134/><V13/><F13/><W4/><G4/><T63/><D86/><U127/><E127/><V109/><F109/><W25/><G25/><T135/><D135/><U114/><E114/><V36/><F36/><W24/><G24/><T123/><D123/><U30/><E30/><N who="2" m="11883" /><F101/><W34/><G34/><T3/><D0/><U48/><E37/><V67/><F67/><W94/><G68/><T126/><D126/><U102/><E102/><V117/><F117/><W83/><G83/><AGARI ba="0,0" hai="20,23,83,85,88,92,93,95" m="11883,50251" machi="83" ten="30,2000,0" yaku="19,1,54,1" doraHai="96" who="2" fromWho="3" sc="224,0,237,0,302,20,237,-20" />
</Scene>
<Scene>
<INIT seed="2,0,0,4,1,68" ten="224,237,322,217" oya="2" hai0="10,33,7,83,93,41,123,90,5,48,70,73,54" hai1="112,34,28,103,13,89,115,121,0,127,30,27,129" hai2="9,125,57,44,56,88,37,122,110,91,26,132,113" hai3="101,2,66,61,51,80,94,24,107,120,38,15,118"/><V71/><F71/><W52/><G2/><T53/><D123/><U23/><E103/><V111/><F122/><W86/><G118/><T39/><D70/><U109/><E89/><N who="2" m="34379" /><F113/><W19/><G120/><T59/><D33/><U45/><E121/><V99/><F99/><W67/><G38/><T114/><D114/><U21/><E45/><V74/><F74/><W46/><G24/><T126/><D126/><U55/><E0/><V60/><F125/><W97/><G107/><T105/><D105/><U64/><E64/><V124/><F124/><W81/><G61/><T128/><D128/><U119/><E127/><V104/><F104/><W69/><G69/><T20/><D54/><U42/><E55/><V100/><F100/><W87/><G87/><T135/><D135/><U75/><E75/><V96/><F96/><W12/><G12/><T102/><D102/><U58/><E119/><V106/><F106/><W3/><G3/><T72/><D72/><U36/><E129/><V11/><F26/><W130/><G130/><T32/><D73/><U82/><E27/><V98/><F98/><W1/><G1/><T22/><D83/><N who="3" m="31817" /><G86/><T76/><D32/><U40/><E34/><V131/><F131/><W35/><G35/><T8/><D93/><U25/><E25/><V49/><F132/><W84/><G84/><T116/><D116/><U16/><E115/><V14/><F60/><W117/><G117/><T108/><D90/><U18/><E82/><V6/><F14/><W62/><G62/><T133/><D133/><U29/><E112/><V65/><F65/><W17/><G15/><RYUUKYOKU ba="0,0" sc="224,-10,237,-10,322,-10,217,30" hai3="17,19,46,51,52,66,67,94,97,101" />
</Scene>
<Scene>
<INIT seed="3,1,0,4,1,80" ten="214,227,312,247" oya="3" hai0="1,87,41,117,29,33,22,77,14,2,135,50,21" hai1="124,54,35,19,78,42,129,56,71,120,23,114,65" hai2="36,94,95,51,118,61,108,112,73,127,20,31,98" hai3="119,126,92,83,113,102,26,53,49,5,43,59,101"/><W4/><G113/><T132/><D117/><U13/><E114/><V121/><F36/><W97/><G126/><T66/><D66/><U76/><E120/><V133/><F112/><W12/><G119/><T58/><D33/><U18/><E35/><V93/><F118/><W37/><G102/><T90/><D77/><U55/><E42/><V46/><F73/><W67/><G67/><T32/><D32/><U130/><E124/><V40/><F127/><W111/><G111/><T122/><D122/><U128/><E71/><V81/><F121/><W104/><G104/><T84/><D22/><N who="1" m="11599" /><E65/><V103/><F108/><W88/><G26/><N who="0" m="16591" /><D14/><N who="1" m="9719" /><E54/><V10/><F133/><N who="0" m="51274" /><D90/><U52/><E55/><V70/><F70/><W16/><G43/><T39/><D39/><U72/><E72/><V15/><F61/><AGARI ba="1,0" hai="52,56,61,76,78,128,129,130" m="9719,11599" machi="61" ten="30,2000,0" yaku="19,1,54,1" doraHai="80" who="1" fromWho="2" sc="214,0,227,23,312,-23,247,0" />
</Scene>
<Scene>
<INIT seed="4,0,0,4,5,71" ten="214,250,289,247" oya="0" hai0="1,15,95,44,99,40,120,24,56,49,130,64,53" hai1="128,50,105,127,9,133,69,7,6,17,63,65,123" hai2="119,92,41,126,52,104,72,45,31,94,48,57,16" hai3="132,84,23,81,12,78,106,5,125,97,4,33,62"/><T26/><D120/><U90/><E123/><V118/><F104/><W70/><G33/><T113/><D130/><U96/><E127/><V13/><F72/><W89/><G125/><T21/><D1/><U111/><E111/><V36/><F31/><W108/><G108/><T3/><D3/><U68/><E68/><V8/><REACH who="2" step="1"/><F126/><REACH who="2" ten="214,250,279,247" step="2"/><W42/><G106/><T22/><D113/><U109/><E105/><V102/><F102/><W115/><G115/><T75/><D75/><U101/><E101/><V100/><F100/><W83/><G132/><T58/><D64/><U66/><E66/><V88/><F88/><W32/><G89/><T38/><D58/><U103/><E133/><V114/><F114/><W110/><G70/><T18/><D22/><U37/><E103/><AGARI ba="0,1" hai="15,18,21,24,26,38,40,44,49,53,56,95,99,103" machi="103" ten="30,2900,0" yaku="7,1,52,1" doraHai="71" who="0" fromWho="1" sc="214,39,250,-29,279,0,247,0" />
</Scene>
<Scene>
<INIT seed="4,1,0,1,0,31" ten="253,221,279,247" oya="0" hai0="30,8,105,91,33,84,41,107,121,67,59,47,9" hai1="126,72,0,34,29,102,88,53,125,45,28,39,52" hai2="15,40,93,69,129,73,37,89,44,22,113,97,12" hai3="83,114,25,132,122,46,103,101,104,26,85,38,74"/><T7/><D121/><U127/><E72/><V131/><F73/><W118/><G118/><T35/><D30/><U62/><E0/><V110/><F110/><W81/><G122/><T24/><D24/><N who="1" m="18695" /><E102/><V128/><F113/><W19/><G132/><T58/><D105/><U68/><E29/><V23/><F69/><W96/><G114/><T51/><D107/><U77/><E77/><V106/><F106/><W95/><G74/><T78/><D78/><U79/><E79/><V54/><F54/><W117/><G117/><T111/><D111/><U124/><N who="1" m="31744" /><DORA hai="64" /><U48/><E39/><V98/><F98/><W32/><G38/><T82/><D9/><U123/><E123/><V66/><F66/><W11/><G11/><T6/><D6/><U14/><E14/><AGARI ba="1,0" hai="12,14,15,22,23,37,40,44,89,93,97,128,129,131" machi="14" ten="40,1300,0" yaku="19,1" doraHai="31,64" who="2" fromWho="1" sc="253,0,221,-16,279,16,247,0" />
</Scene>
<Scene>
<INIT seed="5,0,0,5,3,116" ten="253,205,295,247" oya="1" hai0="43,115,0,68,69,27,99,4,105,82,132,9,35" hai1="23,55,83,119,94,107,63,54,90,72,124,81,12" hai2="108,80,51,19,74,29,34,130,126,59,36,38,31" hai3="47,57,20,113,103,135,95,97,14,111,39,91,10"/><U106/><E119/><V120/><F108/><W28/><G111/><T37/><D115/><U66/><E124/><V50/><F126/><W48/><G113/><T70/><D132/><U104/><E23/><V61/><F130/><W25/><G135/><T60/><D82/><U101/><E12/><V133/><F133/><W24/><G39/><T58/><D43/><U46/><E101/><V98/><F19/><W62/><G25/><T118/><D37/><U3/><E3/><V125/><F125/><W17/><G91/><T75/><D75/><U96/><E46/><V84/><F74/><W22/><G10/><T56/><D118/><U5/><E5/><V21/><F34/><W110/><G110/><T122/><D122/><U64/><E64/><V76/><F120/><W13/><G13/><T92/><D105/><U65/><E65/><N who="2" m="39103" /><F38/><W131/><G131/><T8/><D8/><U114/><E114/><V67/><F36/><W117/><G117/><T89/><REACH who="0" step="1"/><D60/><REACH who="0" ten="243,205,295,247" step="2"/><U52/><REACH who="1" step="1"/><E72/><REACH who="1" ten="243,195,295,247" step="2"/><V128/><F128/><W121/><G121/><T26/><D26/><U134/><E134/><V15/><F15/><W127/><G127/><T45/><D45/><U44/><E44/><V88/><F21/><W109/><G109/><T77/><D77/><U40/><E40/><V100/><F76/><W78/><G78/><T129/><D129/><U42/><E42/><V87/><F67/><N who="3" m="39375" /><G47/><T2/><D2/><U79/><E79/><V32/><F32/><W7/><G7/><T93/><D93/><U6/><E6/><V30/><F80/><W1/><G1/><T86/><D86/><RYUUKYOKU ba="0,2" sc="243,10,195,10,295,-30,247,10" hai0="0,4,9,27,35,56,58,68,69,70,89,92,99" hai1="52,54,55,63,66,81,83,90,94,96,104,106,107" hai3="14,17,20,22,24,28,48,95,97,103" />
</Scene>
<Scene>
<INIT seed="5,1,2,1,0,119" ten="253,205,265,257" oya="1" hai0="70,98,58,100,9,132,123,17,122,134,85,20,38" hai1="89,69,12,93,54,0,8,39,19,115,29,117,37" hai2="2,102,33,13,104,99,114,46,4,88,81,1,131" hai3="90,127,120,64,125,108,110,87,57,40,43,101,107"/><U78/><E117/><V97/><F33/><W61/><G120/><N who="0" m="46123" /><D70/><U68/><E78/><V118/><F118/><W96/><G40/><T44/><D58/><U129/><E0/><V35/><F35/><W23/><G23/><T111/><D9/><U72/><E72/><V80/><F46/><W5/><G5/><T75/><D75/><U105/><E105/><V32/><F32/><W48/><G48/><T28/><D28/><U76/><E76/><V47/><F47/><W65/><G65/><T79/><D111/><U21/><E129/><V133/><F131/><W92/><REACH who="3" step="1"/><G43/><REACH who="3" ten="253,205,265,247" step="2"/><N who="0" m="22647" /><D79/><U112/><E21/><V51/><F51/><W113/><G113/><T22/><D22/><U6/><E115/><V77/><F114/><W41/><G41/><T135/><D85/><N who="1" m="52399" /><E112/><V59/><F77/><W84/><G84/><T71/><D71/><U56/><E39/><V121/><F121/><W14/><G14/><N who="0" m="9271" /><D135/><U55/><E69/><V25/><F133/><W16/><G16/><T67/><D67/><U36/><E68/><V52/><F4/><W126/><AGARI ba="1,3" hai="57,61,64,87,90,92,96,101,107,108,110,125,126,127" machi="126" ten="30,4000,0" yaku="1,1,0,1,18,1,53,0" doraHai="119" doraHaiUra="30" who="3" fromWho="3" sc="253,-11,205,-21,265,-11,247,73" />
</Scene>
<Scene>
<INIT seed="6,0,0,3,2,87" ten="242,184,254,320" oya="2" hai0="119,75,113,63,77,35,34,82,62,47,48,92,52" hai1="122,7,51,57,61,69,37,26,17,54,74,30,118" hai2="135,21,127,14,99,108,18,59,40,120,91,3,33" hai3="8,111,12,0,97,76,102,15,56,100,96,133,27"/><V79/><F120/><W78/><G111/><T29/><D113/><U126/><E74/><V128/><F3/><W58/><G133/><T46/><D119/><U86/><E118/><V28/><F79/><W39/><G0/><T68/><D47/><U66/><E122/><V85/><F135/><W93/><G39/><T116/><D116/><U31/><E126/><V2/><F2/><W13/><G27/><T71/><D29/><U38/><E7/><V1/><F1/><W101/><G8/><T110/><D110/><U98/><E17/><V125/><F108/><W124/><G124/><N who="2" m="47689" /><F128/><W109/><G109/><T67/><D92/><U132/><E132/><V20/><F40/><W55/><G58/><T10/><D10/><U123/><E123/><V106/><F33/><W129/><G129/><T121/><D121/><U94/><E31/><V115/><F115/><W24/><G24/><T112/><D112/><U4/><E4/><V9/><F28/><W60/><G97/><T16/><D16/><U107/><E86/><V44/><F59/><W70/><G70/><T45/><D45/><U36/><E36/><V83/><F44/><W73/><G73/><T41/><D41/><U90/><REACH who="1" step="1"/><E107/><REACH who="1" ten="242,174,254,320" step="2"/><V103/><AGARI ba="0,1" hai="9,14,18,20,21,83,85,91,99,103,106" m="47689" machi="103" ten="30,3000,0" yaku="18,1,52,1" doraHai="87" who="2" fromWho="2" sc="242,-10,174,-10,254,40,320,-10" />
</Scene>
<Scene>
<INIT seed="6,1,0,4,3,33" ten="232,164,294,310" oya="2" hai0="64,54,37,114,99,71,67,63,120,125,103,45,21" hai1="27,2,23,110,80,70,5,55,34,42,10,75,72" hai2="50,51,135,15,115,73,56,113,40,48,109,79,94" hai3="7,57,107,47,74,122,108,126,129,95,90,83,31"/><V32/><F32/><W104/><G108/><T100/><D120/><U89/><E110/><V38/><F109/><W68/><G68/><T81/><D114/><N who="2" m="43530" /><F135/><W28/><G126/><T127/><D81/><U118/><E118/><V43/><F38/><W102/><G57/><T60/><D21/><U39/><E70/><V124/><F124/><N who="0" m="47690" /><D99/><U78/><E34/><V123/><F123/><W6/><G90/><T1/><D1/><U133/><E133/><V22/><F56/><W41/><G47/><T25/><D25/><U12/><E72/><V86/><F73/><W117/><G6/><T49/><D37/><U18/><E89/><N who="2" m="53559" /><F79/><W97/><G74/><T96/><D96/><U9/><E55/><V93/><F93/><W4/><G95/><T101/><D67/><U46/><REACH who="1" step="1"/><E9/><REACH who="1" ten="232,154,294,310" step="2"/><V11/><F22/><W87/><G117/><T24/><D71/><U130/><E130/><V58/><F58/><W16/><G129/><T26/><D64/><U59/><E59/><V14/><F11/><W77/><G122/><T84/><D54/><U19/><E19/><V0/><F40/><W53/><G41/><T20/><D45/><U105/><E105/><V65/><F43/><W116/><G107/><T69/><D69/><U121/><E121/><V82/><F65/><W92/><G104/><T112/><D112/><U131/><E131/><V29/><F29/><W61/><G116/><T52/><D52/><U62/><E62/><V36/><F36/><W44/><G61/><T132/><D63/><U128/><E128/><V66/><F66/><W35/><G31/><T17/><D60/><RYUUKYOKU ba="1,1" sc="232,-10,154,30,294,-10,310,-10" hai1="2,5,10,12,18,23,27,39,42,46,75,78,80" />
</Scene>
<Scene>
<INIT seed="7,2,1,0,3,119" ten="222,184,284,300" oya="3" hai0="10,85,120,114,88,103,111,42,20,106,96,87,11" hai1="19,39,124,126,4,51,72,56,7,25,32,47,70" hai2="100,131,31,67,127,34,65,1,105,89,61,94,55" hai3="68,29,64,129,76,21,53,5,122,33,121,0,63"/><W95/><G33/><T30/><D111/><U60/><E72/><V13/><F1/><W134/><G76/><T117/><D117/><U104/><E104/><V28/><F105/><W6/><G95/><T62/><D114/><U45/><E70/><V80/><F127/><N who="1" m="48681" /><E39/><V93/><F131/><W15/><G0/><T49/><D120/><U69/><E69/><V43/><F43/><W128/><G53/><T74/><D74/><U73/><E73/><V18/><F34/><W110/><G134/><T84/><D62/><U108/><E108/><V86/><F55/><W44/><G44/><N who="1" m="16970" /><E51/><V118/><F118/><W75/><G75/><T132/><D132/><U58/><E19/><V36/><F36/><W115/><G115/><T77/><D49/><U98/><E98/><N who="2" m="59479" /><F93/><W71/><G71/><T27/><D42/><U116/><E116/><V92/><F92/><W52/><G110/><T46/><D46/><U35/><E35/><V50/><F50/><W97/><G97/><T26/><D106/><U59/><E60/><V112/><F112/><W101/><G101/><T17/><D103/><U113/><E113/><V133/><F133/><W102/><G102/><T24/><D96/><U16/><E32/><V37/><F37/><W9/><G5/><T90/><D17/><U23/><AGARI ba="2,1" hai="4,7,16,23,25,56,58,59" m="16970,48681" machi="23" ten="40,2700,0" yaku="18,1,54,1" doraHai="119" who="1" fromWho="1" sc="222,-9,184,43,284,-9,300,-15" />
</Scene>
<Scene>
<INIT seed="8,0,0,3,3,81" ten="213,227,275,285" oya="0" hai0="38,14,35,118,55,15,113,100,91,78,88,6,30" hai1="129,70,11,54,47,59,5,98,13,109,104,106,71" hai2="57,37,77,108,133,8,110,97,119,72,21,102,50" hai3="105,28,36,120,79,95,96,3,82,56,93,18,45"/><T0/><D113/><U58/><E109/><V27/><F37/><W12/><G3/><T31/><D38/><U23/><E129/><V67/><F72/><W24/><G120/><T10/><D118/><U86/><E47/><V41/><F77/><W7/><G7/><T80/><D100/><U92/><E59/><V107/><F119/><W134/><G134/><T61/><D0/><U62/><E106/><V75/><F75/><W124/><G124/><T16/><D61/><U122/><E122/><V103/><F133/><W40/><G56/><T126/><D55/><U64/><E54/><V32/><F32/><W114/><G114/><T29/><D35/><U101/><E23/><V22/><F102/><W130/><G130/><T51/><D51/><U99/><E86/><V39/><F21/><W52/><G52/><T127/><D127/><U74/><E74/><V42/><F39/><W20/><G96/><T17/><D126/><U112/><E112/><V53/><F67/><W65/><G65/><T111/><D111/><U1/><E1/><V131/><F131/><W76/><G76/><T44/><D44/><U87/><E99/><V33/><F110/><W69/><G105/><T128/><D128/><U26/><E26/><V115/><F108/><W117/><G69/><T135/><D135/><U25/><E25/><V19/><F115/><W90/><G117/><T34/><D34/><U43/><E43/><N who="2" m="16395" /><F33/><N who="3" m="20615" /><G79/><T116/><D116/><U60/><E60/><V66/><F66/><W73/><G73/><N who="0" m="43087" /><D15/><U48/><E48/><V123/><F123/><W132/><G132/><T84/><D91/><AGARI ba="0,0" hai="5,11,13,58,62,64,70,71,87,91,92,98,101,104" machi="91" ten="40,2600,0" yaku="6,1,52,1" doraHai="81" who="1" fromWho="0" sc="213,-26,227,26,275,0,285,0" />
</Scene>
<Scene>
<INIT seed="9,0,0,2,2,18" ten="187,253,275,285" oya="1" hai0="43,127,50,10,89,7,133,53,80,77,27,98,20" hai1="1,70,12,71,74,46,102,83,62,13,11,131,120" hai2="109,60,63,52,94,57,24,19,93,29,82,130,121" hai3="48,2,132,96,22,124,65,0,73,114,105,116,79"/><U72/><E120/><V15/><F109/><W113/><G124/><T67/><D127/><U61/><E102/><V49/><F121/><W85/><G73/><T58/><D133/><U99/><E99/><V104/><F104/><W23/><G65/><T95/><D67/><U25/><E131/><V3/><F3/><W51/><G105/><T91/><D43/><U125/><E125/><V76/><F130/><W32/><G32/><T90/><D10/><U26/><E46/><V103/><F103/><W92/><G85/><T106/><D7/><U44/><E44/><V111/><F111/><W64/><G79/><T84/><REACH who="0" step="1"/><D106/><REACH who="0" ten="177,253,275,285" step="2"/><U35/><E11/><V28/><F52/><W14/><G64/><T88/><D88/><U112/><E71/><V9/><F9/><W68/><G132/><T100/><D100/><U45/><E70/><V37/><F76/><W56/><G68/><T54/><D54/><U31/><E1/><V69/><F69/><W81/><G0/><T108/><D108/><U75/><E112/><V59/><F37/><W4/><G2/><T119/><D119/><U41/><E41/><V8/><F8/><W21/><G116/><T36/><D36/><U86/><E72/><V135/><F135/><W122/><G114/><T107/><D107/><U128/><E74/><V40/><F40/><W97/><G113/><T134/><D134/><U42/><E75/><V78/><F78/><W39/><G39/><T101/><D101/><U110/><E42/><V34/><F63/><W33/><G4/><T5/><D5/><U38/><E38/><V87/><F60/><RYUUKYOKU ba="0,1" sc="177,30,253,-10,275,-10,285,-10" hai0="20,27,50,53,58,77,80,84,89,90,91,95,98" />
</Scene>
<Scene>
<INIT seed="10,1,1,4,2,54" ten="207,243,265,275" oya="2" hai0="15,66,7,20,117,78,2,29,62,64,65,133,34" hai1="25,31,3,11,114,129,72,69,68,71,122,0,116" hai2="53,76,91,26,46,5,74,63,126,60,4,23,128" hai3="13,79,118,83,88,113,109,102,21,110,33,77,30"/><V89/><F126/><W51/><G33/><T119/><D133/><U87/><E114/><V16/><F128/><W101/><G113/><T104/><D104/><U115/><E115/><V67/><F76/><W27/><G118/><N who="0" m="45067" /><D78/><N who="3" m="29705" /><G110/><T56/><D2/><U43/><E72/><V50/><F74/><W124/><G124/><T70/><D34/><U22/><E116/><V1/><F60/><W85/><G109/><T97/><D97/><U80/><E43/><V120/><F120/><W130/><G130/><T81/><D81/><U75/><E75/><V132/><F132/><W103/><G51/><T42/><D42/><U19/><E129/><V58/><F1/><W38/><G38/><T28/><D70/><U100/><E122/><V127/><F127/><W96/><G13/><T93/><D93/><AGARI ba="1,1" hai="21,27,30,83,85,88,93,96,101,102,103" m="29705" machi="93" ten="30,2000,0" yaku="8,1,54,1" doraHai="54" who="3" fromWho="0" sc="207,-23,243,0,265,0,275,33" owari="184,-32.0,243,-16.0,265,7.0,308,41.0" />
</Scene>
</mjloggm>