<mjloggm ver="2.3"><GO type="169" lobby="0"/><UN n0="%65%72%61%6E%76%69%74%61" n1="%E9%AB%98%E7%94%BA%EF%BC%A0%E3%81%AA%E3%81%AE%E3%81%AF" n2="%E5%A5%BD%E3%81%8D%E3%81%A7%E3%81%99%E3%83%BB%E3%83%BB%E2%88%A5" n3="%E5%A4%AA%E3%81%8F%E3%81%AA%E3%81%84%E3%81%8A" dan="16,16,17,18" rate="2129.34,2163.03,2156.68,2212.52" sx="M,F,F,M"/><TAIKYOKU oya="0"/>

<Scene>
<INIT seed="0,0,0,0,2,40" ten="250,250,250,250" oya="0" hai0="0,111,107,88,89,68,110,91,135,127,116,104,65" hai1="99,62,66,63,118,13,119,17,20,93,102,16,61" hai2="76,12,58,115,121,106,80,22,129,24,43,134,86" hai3="21,97,26,18,132,44,15,23,25,36,130,56,125"/><T55/><D0/><U29/><E17/><V70/><F115/><W123/><G125/><T9/><D116/><U74/><E74/><V72/><F70/><W39/><G132/><T133/><D9/><U103/><E103/><V96/><F121/><W126/><G126/><T81/><D81/><U60/><REACH who="1" step="1"/><E29/><REACH who="1" ten="250,240,250,250" step="2"/><V51/><F72/><W77/><G18/><T131/><D127/><U82/><E82/><V19/><F134/><N who="0" m="51210" /><D131/><U52/><E52/><V75/><F129/><W87/><G130/><T50/><D65/><U3/><E3/><V108/><F75/><W73/><G73/><T30/><D30/><U109/><E109/><N who="0" m="41481" /><D68/><AGARI ba="0,1" hai="13,16,20,60,61,62,63,66,68,93,99,102,118,119" machi="68" ten="40,8000,1" yaku="1,1,54,1,53,2" doraHai="40" doraHaiUra="114" who="1" fromWho="0" sc="250,-80,240,90,250,0,250,0" />
</Scene>
<Scene>
<INIT seed="1,0,0,0,0,123" ten="170,330,250,250" oya="1" hai0="36,55,93,39,5,32,23,84,100,31,38,110,9" hai1="44,113,7,124,121,25,85,97,67,133,134,91,107" hai2="46,81,50,57,16,48,90,15,43,12,95,87,111" hai3="96,82,27,112,42,1,79,101,22,60,92,58,135"/><U75/><E121/><V34/><F34/><W14/><G135/><T10/><D32/><U114/><E7/><V52/><F111/><W26/><G1/><T61/><D110/><U17/><E67/><V47/><F57/><W40/><G14/><T94/><D100/><N who="1" m="62863" /><E44/><V20/><F81/><W71/><G71/><T11/><D5/><U115/><E75/><V77/><F77/><W128/><G112/><T65/><D55/><U33/><E33/><V63/><F63/><W80/><G27/><AGARI ba="0,0" hai="12,15,16,20,27,43,46,47,48,50,52,87,90,95" machi="27" ten="30,7700,0" yaku="7,1,8,1,54,2" doraHai="123" who="2" fromWho="3" sc="170,0,330,0,250,77,250,-77" />
</Scene>
<Scene>
<INIT seed="2,0,0,5,3,121" ten="170,330,327,173" oya="2" hai0="7,102,36,23,59,31,103,51,28,54,135,74,126" hai1="87,67,38,21,78,113,99,46,48,92,19,41,98" hai2="34,11,83,9,122,43,131,79,107,120,4,26,89" hai3="47,37,29,86,52,117,10,77,40,8,39,128,127"/><V124/><F107/><W32/><G117/><T133/><D36/><U95/><E67/><V84/><F131/><W56/><G39/><T44/><D74/><U119/><E38/><V112/><F112/><W17/><G128/><T111/><D126/><U62/><E62/><V64/><F124/><W42/><G42/><N who="0" m="24983" /><D7/><U13/><E119/><V88/><F43/><W96/><G127/><T6/><D6/><U94/><E113/><V71/><F11/><W53/><G96/><N who="1" m="36906" /><E78/><V80/><F64/><W70/><G70/><T12/><D12/><U45/><E45/><V81/><F71/><W129/><G129/><T76/><D76/><U66/><E66/><V69/><F69/><W20/><G29/><N who="0" m="11339" /><D23/><U97/><E87/><V61/><F84/><W33/><G32/><T14/><D14/><U73/><E73/><V82/><F79/><W109/><G33/><T16/><D16/><U57/><E57/><V63/><F34/><W106/><G106/><T104/><D104/><U49/><E49/><V15/><F122/><W116/><G116/><T35/><D35/><U75/><E75/><V132/><F120/><W91/><G77/><T3/><D3/><U5/><E5/><V108/><F4/><W130/><G130/><T27/><D27/><U18/><E18/><V125/><F26/><W110/><G56/><T55/><D111/><N who="3" m="42505" /><G8/><T50/><D55/><U134/><E97/><V100/><F125/><W30/><G30/><T90/><D90/><U101/><E101/><V115/><F100/><W25/><G10/><T65/><D65/><U2/><E2/><V118/><F108/><RYUUKYOKU ba="0,0" sc="170,10,330,10,327,-30,173,10" hai0="50,54,59,102,103,133,135" hai1="13,19,21,41,46,48,92,94,95,134" hai3="17,20,25,37,40,47,52,53,86,91" />
</Scene>
<Scene>
<INIT seed="3,1,0,5,3,73" ten="180,340,297,183" oya="3" hai0="116,127,104,126,79,123,26,115,111,81,130,36,84" hai1="46,82,67,101,97,60,121,38,28,22,96,52,51" hai2="78,76,86,9,64,12,63,59,129,88,40,33,54" hai3="15,8,110,34,93,29,99,134,6,43,133,11,131"/><W77/><G43/><T25/><D36/><U95/><E121/><V4/><F33/><W62/><G131/><T65/><D65/><U98/><E38/><V92/><F129/><W61/><G29/><T5/><D130/><U91/><E82/><V66/><F40/><W69/><G34/><T75/><D5/><U19/><E28/><V117/><F117/><W42/><G42/><T23/><D25/><U56/><E101/><V80/><REACH who="2" step="1"/><F78/><REACH who="2" ten="180,340,287,183" step="2"/><W57/><G77/><N who="0" m="46127" /><D116/><U119/><E119/><V55/><F55/><W3/><G133/><T48/><D123/><U1/><E1/><V41/><F41/><W16/><G134/><T13/><D115/><U85/><REACH who="1" step="1"/><E98/><AGARI ba="1,1" hai="4,9,12,54,59,63,64,66,76,80,86,88,92,98" machi="98" ten="30,12000,2" yaku="1,1,7,1,8,1,52,1,54,1,53,1" doraHai="73" doraHaiUra="89" who="2" fromWho="1" sc="180,0,340,-123,287,133,183,0" />
</Scene>
<Scene>
<INIT seed="4,0,0,4,1,61" ten="180,217,420,183" oya="0" hai0="114,11,30,104,72,96,29,109,115,103,4,94,119" hai1="52,18,39,91,99,105,6,123,28,69,76,46,54" hai2="95,45,73,50,90,92,113,100,135,43,2,81,12" hai3="40,35,23,110,118,65,5,129,112,21,82,74,26"/><T60/><D119/><U42/><E123/><V80/><F2/><W9/><G118/><T25/><D72/><U101/><E76/><V86/><F113/><N who="0" m="43018" /><D109/><U59/><E69/><V127/><F135/><W32/><G112/><T57/><D104/><U36/><E36/><V131/><F127/><W78/><G110/><T64/><D25/><U15/><E28/><V97/><F131/><W55/><G129/><T41/><D41/><U102/><E102/><V10/><F73/><W8/><G55/><T44/><D44/><U3/><E91/><V124/><F124/><W75/><G40/><T33/><D33/><U108/><E108/><V66/><F66/><W107/><G107/><T122/><D122/><U133/><E133/><V7/><AGARI ba="0,0" hai="7,10,12,43,45,50,80,81,86,90,92,95,97,100" machi="7" ten="20,2700,0" yaku="0,1,7,1,8,1" doraHai="61" who="2" fromWho="2" sc="180,-13,217,-7,420,27,183,-7" />
</Scene>
<Scene>
<INIT seed="5,0,0,0,3,71" ten="167,210,447,176" oya="1" hai0="42,108,135,119,127,104,80,66,55,82,122,63,96" hai1="52,97,4,101,130,113,5,18,19,125,49,90,107" hai2="88,10,33,2,50,8,72,54,84,64,102,29,109" hai3="69,23,77,100,126,116,60,34,103,124,132,57,114"/><U45/><E130/><V112/><F72/><W89/><G34/><T56/><D108/><U128/><E128/><V7/><F109/><W6/><G69/><T76/><D119/><U106/><E113/><V105/><F112/><W98/><G114/><T110/><D110/><U120/><E120/><V78/><F78/><W26/><G116/><T117/><D122/><U39/><E107/><V27/><F64/><N who="3" m="38927" /><G6/><T9/><D117/><U99/><E125/><N who="3" m="48234" /><G77/><T81/><D127/><U37/><E4/><V59/><F10/><W31/><G132/><T0/><D9/><U28/><E5/><V43/><F43/><W92/><AGARI ba="0,0" hai="23,26,31,89,92,98,100,103" m="48234,38927" machi="92" ten="30,1100,0" yaku="18,1" doraHai="71" who="3" fromWho="3" sc="167,-3,210,-5,447,-3,176,11" />
</Scene>
<Scene>
<INIT seed="6,0,0,2,2,125" ten="164,205,444,187" oya="2" hai0="46,129,41,83,93,27,87,100,3,22,75,132,89" hai1="91,47,72,10,109,15,80,56,113,110,71,133,1" hai2="95,67,102,117,52,76,18,30,29,38,5,44,84" hai3="130,107,45,4,97,2,104,106,122,127,13,115,79"/><V59/><F5/><W50/><G122/><T24/><D3/><U9/><E71/><V33/><F33/><W121/><G121/><T12/><D132/><U51/><E133/><V60/><F117/><W31/><G2/><T28/><D129/><U68/><E68/><V120/><F120/><W134/><G31/><T54/><D54/><U58/><E113/><V11/><F38/><W48/><G134/><T135/><D135/><U26/><E1/><V88/><F102/><W119/><G119/><T90/><D100/><U25/><E72/><V39/><F76/><W8/><G127/><T16/><D75/><U98/><E9/><V14/><F39/><W70/><G70/><T61/><D61/><U131/><E131/><V85/><F85/><W112/><G130/><T123/><D123/><U92/><E80/><V7/><F7/><W62/><G62/><T49/><REACH who="0" step="1"/><D28/><REACH who="0" ten="154,205,444,187" step="2"/><U116/><E116/><V82/><F30/><W103/><G79/><T37/><D37/><U53/><E110/><V99/><F29/><W6/><G6/><T20/><D20/><U35/><E109/><V86/><F60/><W118/><G118/><T40/><D40/><U66/><E35/><V36/><F36/><W17/><G4/><T77/><D77/><U19/><E66/><V0/><F67/><W124/><G124/><T65/><D65/><U114/><E114/><N who="3" m="43562" /><G48/><T78/><D78/><U74/><E74/><V101/><F0/><W111/><G111/><T108/><D108/><U32/><E32/><V81/><F101/><W94/><G107/><T55/><D55/><AGARI ba="0,1" hai="8,13,17,45,50,55,94,97,103,104,106" m="43562" machi="55" ten="30,2000,0" yaku="15,1,11,1" doraHai="125" who="3" fromWho="0" sc="154,-20,205,0,444,0,187,30" />
</Scene>
<Scene>
<INIT seed="7,0,0,1,1,103" ten="134,205,444,217" oya="3" hai0="104,3,39,122,85,7,21,36,9,40,116,33,81" hai1="15,79,38,35,11,64,66,90,23,71,98,76,60" hai2="2,82,127,18,133,5,46,41,22,112,19,68,121" hai3="94,117,125,70,91,58,128,95,93,118,109,120,111"/><W135/><G70/><T119/><D33/><U69/><E38/><V101/><F68/><W47/><G120/><T8/><D122/><U13/><E35/><V96/><F112/><W92/><G125/><T86/><D21/><U4/><E23/><V24/><F133/><W100/><G100/><T106/><D40/><U51/><E51/><V115/><F115/><W6/><G6/><T56/><D56/><U114/><E15/><V65/><F65/><W102/><G102/><T80/><D7/><U0/><E0/><AGARI ba="0,0" hai="0,3,8,9,36,39,80,81,85,86,104,106,116,119" machi="0" ten="25,6400,0" yaku="22,2,52,2" doraHai="103" who="0" fromWho="1" sc="134,64,205,-64,444,0,217,0" owari="198,-20.0,141,-36.0,444,54.0,217,2.0" />
</Scene>
</mjloggm>