<mjloggm ver="2.3"><GO type="169" lobby="0"/><UN n0="%E3%82%B7%E3%83%BC%E3%82%B7%E3%83%A3" n1="%E5%A4%AA%E3%81%8F%E3%81%AA%E3%81%84%E3%81%8A" n2="%68%61%72%75%74%69%6E" n3="%41%56%E4%BB%A3%E7%90%86" dan="16,17,16,16" rate="2104.21,2200.11,2073.68,2055.95" sx="F,F,M,M"/><TAIKYOKU oya="0"/>

<Scene>
<INIT seed="0,0,0,2,3,123" ten="250,250,250,250" oya="0" hai0="113,104,48,128,100,82,102,50,0,95,58,115,120" hai1="135,24,1,84,18,107,56,65,16,51,26,25,75" hai2="125,37,17,116,38,11,54,3,10,9,61,110,19" hai3="106,103,111,97,88,8,39,14,7,47,118,23,76"/><T85/><D0/><U134/><E75/><V62/><F3/><W68/><G118/><T105/><D58/><U89/><E107/><N who="0" m="41033" /><D50/><U73/><E73/><V49/><F116/><W15/><G68/><T41/><D48/><U12/><E1/><V80/><F125/><W13/><G76/><N who="0" m="46279" /><D41/><U96/><E96/><V129/><F80/><W122/><G122/><T119/><D119/><U77/><E77/><V30/><F30/><W92/><G23/><T69/><D69/><U66/><E51/><V127/><F127/><W94/><G106/><T91/><D120/><U83/><E18/><V55/><F11/><W60/><G60/><T87/><D128/><U45/><E45/><V93/><F49/><W53/><G53/><T57/><D57/><U42/><E42/><V63/><F63/><W34/><G34/><T67/><D67/><U64/><REACH who="1" step="1"/><E56/><REACH who="1" ten="250,240,250,250" step="2"/><V20/><F17/><W90/><G47/><T52/><D52/><U33/><E33/><V32/><F32/><W72/><G39/><T35/><D35/><U124/><E124/><V2/><F38/><W44/><G44/><T130/><D130/><U133/><E133/><V121/><F37/><W117/><G117/><T109/><D100/><U27/><N who="1" m="6144" /><DORA hai="79" /><U131/><E131/><V5/><F54/><W6/><G103/><T101/><D102/><U126/><E126/><V40/><F55/><W36/><G36/><T74/><D101/><U31/><E31/><V70/><F129/><W81/><G97/><T28/><D28/><U59/><E59/><V114/><F121/><W22/><G7/><T29/><D29/><RYUUKYOKU ba="0,1" sc="250,-10,240,30,250,-10,250,-10" hai1="12,16,64,65,66,83,84,89,134,135" />
</Scene>
<Scene>
<INIT seed="1,1,1,4,5,13" ten="240,270,240,240" oya="1" hai0="109,39,131,46,17,88,106,10,25,18,33,76,7" hai1="97,121,127,100,12,49,79,5,6,110,102,50,27" hai2="74,130,82,123,19,75,111,135,54,30,124,87,40" hai3="34,89,63,108,68,43,86,35,72,77,24,95,62"/><U91/><E121/><V80/><F123/><W64/><G108/><T48/><D106/><U105/><E127/><V96/><F111/><W128/><G128/><T36/><D109/><U85/><E110/><V51/><F124/><W59/><G43/><T107/><D107/><U21/><E79/><V122/><F122/><W32/><G77/><T119/><D119/><U41/><E100/><V117/><F117/><W65/><REACH who="3" step="1"/><G72/><REACH who="3" ten="240,270,240,230" step="2"/><T115/><D76/><U58/><E41/><V120/><F75/><W53/><G53/><T101/><D131/><U23/><E5/><V81/><F74/><W42/><G42/><T44/><D39/><U15/><E6/><V73/><F73/><W125/><G125/><T56/><D36/><U114/><E114/><V94/><F40/><W31/><AGARI ba="1,2" hai="24,31,32,34,35,59,62,63,64,65,68,86,89,95" machi="31" ten="30,4000,0" yaku="1,1,0,1,53,1" doraHai="13" doraHaiUra="52" who="3" fromWho="3" sc="240,-11,270,-21,240,-11,230,63" />
</Scene>
<Scene>
<INIT seed="2,0,0,4,5,55" ten="229,249,229,293" oya="2" hai0="50,36,81,47,73,10,72,49,67,34,126,41,69" hai1="59,112,127,93,46,114,134,86,65,12,66,33,44" hai2="121,91,45,101,62,80,94,125,58,98,130,110,120" hai3="23,21,20,5,133,74,1,102,135,54,35,100,124"/><V28/><F125/><W92/><G124/><T99/><D73/><U90/><E127/><V75/><F130/><W24/><G74/><T53/><D34/><U38/><E33/><V79/><F110/><W83/><G83/><T123/><D123/><U88/><E134/><N who="3" m="51210" /><G5/><T76/><D126/><U117/><E117/><V29/><F45/><W68/><G1/><T128/><D128/><U9/><E38/><V6/><F6/><W19/><G68/><T7/><D99/><N who="1" m="57767" /><E114/><V26/><F101/><N who="3" m="39019" /><G35/><T31/><D31/><U113/><E113/><V3/><F3/><W132/><G132/><T48/><D69/><U104/><E104/><V16/><F16/><W37/><G37/><T13/><REACH who="0" step="1"/><D67/><REACH who="0" ten="219,249,229,293" step="2"/><U61/><E66/><V103/><F29/><W2/><G24/><T63/><D63/><U97/><E97/><V60/><F60/><W87/><G2/><T43/><D43/><U39/><E112/><V78/><F121/><W4/><G54/><AGARI ba="0,1" hai="7,10,13,36,41,47,48,49,50,53,54,72,76,81" machi="54" ten="40,1300,0" yaku="1,1,53,0" doraHai="55" doraHaiUra="119" who="0" fromWho="3" sc="219,23,249,0,229,0,293,-13" />
</Scene>
<Scene>
<INIT seed="3,0,0,5,2,18" ten="242,249,229,280" oya="3" hai0="5,135,40,120,23,105,26,75,30,112,77,64,16" hai1="100,60,58,56,129,78,115,111,73,13,124,25,91" hai2="24,107,82,81,54,80,104,6,79,109,103,31,50" hai3="66,29,32,3,53,15,21,118,35,74,127,7,44"/><W65/><G74/><T98/><D120/><U63/><E115/><V19/><F109/><W27/><G118/><T0/><D135/><U70/><E100/><V101/><F79/><W69/><G127/><T9/><D112/><U86/><E111/><V87/><F87/><W133/><G133/><T67/><D40/><U51/><E124/><V71/><F71/><W99/><G69/><T4/><D4/><U37/><E37/><V39/><F39/><W95/><G3/><T90/><D77/><U8/><E129/><V45/><F19/><W33/><G7/><T49/><D49/><U1/><E1/><V132/><F132/><W12/><G53/><T2/><D2/><U85/><E70/><V14/><F107/><W126/><G44/><T34/><D75/><U47/><E73/><V83/><F104/><W117/><G117/><T20/><D34/><U57/><E25/><V134/><F82/><W72/><G72/><T94/><D105/><U96/><E96/><V114/><F114/><W76/><G76/><T48/><D48/><U93/><E85/><V38/><F38/><W36/><G36/><T55/><D55/><N who="1" m="30207" /><E78/><V84/><F84/><W88/><REACH who="3" step="1"/><G126/><REACH who="3" ten="242,249,229,270" step="2"/><T22/><D67/><AGARI ba="0,1" hai="12,15,21,27,29,32,33,35,65,66,67,88,95,99" machi="67" ten="40,12000,1" yaku="1,1,2,1,52,1,54,1,53,0" doraHai="18" doraHaiUra="106" who="3" fromWho="0" sc="242,-120,249,0,229,0,270,130" />
</Scene>
<Scene>
<INIT seed="3,1,0,2,2,32" ten="122,249,229,400" oya="3" hai0="45,42,98,17,8,3,58,132,123,25,105,15,73" hai1="59,57,89,10,113,19,30,93,69,16,68,84,29" hai2="11,87,14,27,120,9,102,12,131,119,129,61,31" hai3="77,107,18,26,6,75,128,33,62,40,78,63,100"/><W97/><G128/><N who="2" m="49225" /><F102/><W55/><G40/><T5/><D73/><U135/><E113/><V71/><F87/><W34/><G6/><T80/><D123/><U122/><E122/><V104/><F104/><W7/><G7/><T86/><D132/><U116/><E135/><V20/><F120/><W125/><G33/><T118/><D118/><U81/><E116/><V23/><F119/><W76/><G125/><T43/><D43/><U133/><E133/><V47/><F47/><W48/><G75/><T106/><D25/><U91/><E10/><N who="2" m="3595" /><F23/><W41/><G41/><T79/><D98/><U60/><E84/><V94/><F94/><W115/><G77/><T70/><D70/><U44/><E93/><V103/><F103/><W82/><G76/><T109/><D58/><U72/><E72/><V4/><F4/><W35/><G35/><T101/><D101/><U50/><E44/><V99/><F99/><W65/><G34/><T36/><REACH who="0" step="1"/><D109/><REACH who="0" ten="112,249,229,400" step="2"/><U2/><E59/><V46/><F46/><W21/><G100/><T66/><D66/><AGARI ba="1,1" hai="12,14,20,27,31,61,66,71" m="3595,49225" machi="66" ten="30,1000,0" yaku="19,1" doraHai="32" who="2" fromWho="0" sc="112,-13,249,0,229,23,400,0" />
</Scene>
<Scene>
<INIT seed="4,0,0,0,4,113" ten="99,249,252,400" oya="0" hai0="92,76,130,52,101,85,125,128,12,72,50,3,114" hai1="46,21,61,74,6,123,88,22,32,0,73,28,84" hai2="93,18,83,91,119,14,134,49,105,63,118,133,35" hai3="108,129,62,86,107,97,8,45,103,132,15,58,55"/><T116/><D3/><U66/><E123/><V96/><F35/><W82/><G108/><T60/><D114/><U51/><E32/><V126/><F126/><W4/><G132/><N who="2" m="50793" /><F105/><W27/><G129/><N who="0" m="49771" /><D125/><U56/><E0/><V24/><F24/><W1/><G27/><T17/><D60/><U111/><E111/><V43/><F63/><W11/><G45/><N who="0" m="27727" /><D72/><U117/><E6/><V95/><F83/><W59/><G59/><T89/><D101/><U16/><E22/><N who="2" m="11607" /><F95/><W71/><G71/><T38/><D38/><U25/><E28/><V64/><F64/><W98/><G103/><T68/><D68/><U47/><E47/><AGARI ba="0,0" hai="43,47,49,91,93,96,118,119" m="11607,50793" machi="47" ten="30,3900,0" yaku="20,1,52,2" doraHai="113" who="2" fromWho="1" sc="99,0,249,-39,252,39,400,0" />
</Scene>
<Scene>
<INIT seed="5,0,0,4,2,80" ten="99,210,291,400" oya="1" hai0="36,65,76,58,91,103,108,29,60,68,127,5,40" hai1="75,56,70,112,43,82,107,104,38,98,131,123,42" hai2="116,8,63,39,94,45,64,23,110,83,28,121,130" hai3="114,126,86,9,74,57,61,1,52,6,22,47,32"/><U79/><E70/><V87/><F116/><W27/><G74/><T16/><D108/><U111/><E123/><V4/><F110/><W2/><G114/><T35/><D76/><U53/><E111/><V124/><F121/><W12/><G32/><T59/><D127/><U41/><E38/><V37/><F130/><W135/><G126/><T14/><D5/><U18/><E112/><V125/><F94/><W128/><G135/><T7/><D7/><U81/><E131/><V85/><F124/><W19/><G128/><T31/><D31/><U72/><E18/><V84/><F83/><W10/><G10/><T133/><D133/><U132/><E132/><V129/><F129/><W102/><G102/><T17/><D103/><U113/><E113/><V93/><F93/><W109/><G109/><T117/><D117/><U24/><E24/><V77/><F77/><W54/><G86/><T33/><D33/><U69/><E69/><V96/><F96/><W44/><REACH who="3" step="1"/><G54/><REACH who="3" ten="99,210,291,390" step="2"/><T99/><D35/><U21/><E75/><V66/><F85/><W13/><G13/><T67/><D14/><U95/><E21/><V49/><F23/><W34/><G34/><T20/><D20/><U118/><E118/><V15/><F125/><W30/><G30/><T78/><D29/><U46/><E72/><V55/><F28/><W134/><G134/><T122/><D122/><U50/><E79/><V89/><F8/><W90/><G90/><T120/><D78/><U62/><E53/><V25/><F55/><W51/><G51/><T0/><D120/><U73/><E73/><V3/><F39/><RYUUKYOKU ba="0,1" sc="99,-10,210,-10,291,-10,390,30" hai3="1,2,6,9,12,19,22,27,44,47,52,57,61" />
</Scene>
<Scene>
<INIT seed="6,1,1,0,2,95" ten="89,200,281,420" oya="2" hai0="27,39,100,59,134,130,7,120,125,1,106,85,24" hai1="76,114,66,73,115,26,21,46,51,56,121,9,44" hai2="112,88,89,124,81,62,132,131,49,127,96,71,43" hai3="93,17,63,48,67,94,83,29,55,14,64,68,79"/><V92/><F112/><N who="1" m="43049" /><E121/><V16/><F131/><W104/><G29/><T18/><D59/><U107/><E107/><V10/><F132/><W129/><G67/><T128/><D85/><U118/><E118/><V57/><F71/><W74/><G104/><T13/><D39/><U12/><E76/><V6/><F43/><W108/><G108/><T126/><D120/><U99/><E73/><V102/><F49/><W11/><G129/><N who="0" m="49771" /><D100/><U122/><E122/><V135/><F135/><W15/><G14/><T133/><D24/><U109/><E109/><V110/><F110/><W30/><G30/><T33/><D106/><U54/><E66/><N who="2" m="39247" /><F81/><W34/><G34/><T91/><D91/><U90/><E90/><V113/><F113/><W61/><G61/><T103/><D103/><U0/><E0/><N who="2" m="327" /><F16/><W37/><G37/><T70/><D70/><U31/><E99/><V72/><F72/><W36/><G36/><T28/><D7/><AGARI ba="1,1" hai="7,9,12,21,26,31,44,46,51,54,56" m="43049" machi="7" ten="30,1000,0" yaku="15,1" doraHai="95" who="1" fromWho="0" sc="89,-13,200,23,281,0,420,0" />
</Scene>
<Scene>
<INIT seed="7,0,0,4,2,119" ten="76,223,281,420" oya="3" hai0="110,42,126,84,6,89,38,95,79,33,9,62,124" hai1="14,66,34,77,3,112,96,131,36,21,92,63,25" hai2="113,24,105,71,15,47,61,98,99,120,29,31,12" hai3="22,116,132,13,5,44,40,81,106,83,93,123,74"/><W4/><G93/><T58/><D33/><U103/><E3/><V59/><F113/><W49/><G83/><T7/><D110/><U56/><E36/><V134/><F134/><W37/><G5/><T55/><D126/><U67/><E112/><V50/><F71/><W45/><G22/><T130/><D124/><U70/><E131/><V111/><F120/><W101/><G45/><T76/><D130/><U94/><E34/><V128/><F111/><W60/><G60/><T32/><D32/><U69/><E67/><N who="2" m="39359" /><F105/><W19/><G19/><T30/><D30/><N who="2" m="11274" /><F24/><W133/><G49/><T135/><D135/><U65/><E92/><V104/><F104/><W109/><G101/><T17/><D38/><U82/><E14/><N who="2" m="5163" /><F128/><W46/><G81/><T10/><D17/><U125/><E66/><V78/><F78/><W118/><G44/><T97/><D76/><U26/><E96/><V53/><AGARI ba="0,0" hai="47,50,53,98,99" m="5163,11274,39359" machi="53" ten="30,1100,0" yaku="8,1" doraHai="119" who="2" fromWho="2" sc="76,-3,223,-3,281,11,420,-5" owari="73,-43.0,220,-18.0,292,9.0,415,52.0" />
</Scene>
</mjloggm>