<mjloggm ver="2.3"><GO type="169" lobby="0"/><UN n0="%E3%81%A0%E3%81%A3%E3%81%A6%E3%81%84%E3%81%86" n1="%53%50%49%43%41%40%58" n2="%E3%81%B1%E3%82%93%E3%81%9E%E3%81%86" n3="%E5%A4%AA%E3%81%8F%E3%81%AA%E3%81%84%E3%81%8A" dan="18,18,16,17" rate="2158.64,2185.57,2065.02,2179.27" sx="M,M,M,M"/><TAIKYOKU oya="0"/>

<Scene>
<INIT seed="0,0,0,0,5,114" ten="250,250,250,250" oya="0" hai0="49,121,66,108,83,1,34,53,110,112,40,135,119" hai1="39,95,6,78,74,129,89,85,33,63,97,115,116" hai2="55,48,91,62,132,30,2,31,68,59,134,8,122" hai3="41,42,82,29,90,69,64,16,20,111,13,70,4"/><T67/><D1/><U32/><E39/><V19/><F122/><W27/><G111/><N who="0" m="42539" /><D34/><U56/><E115/><V118/><F91/><W71/><G4/><T65/><D112/><U28/><E129/><V52/><F68/><W60/><G90/><T7/><D7/><U72/><E6/><N who="2" m="1111" /><F19/><W87/><G87/><T11/><D11/><U128/><E128/><V57/><F118/><W22/><REACH who="3" step="1"/><G82/><REACH who="3" ten="250,250,250,240" step="2"/><T23/><D83/><U58/><E85/><V125/><F125/><W133/><G133/><AGARI ba="0,1" hai="30,31,48,52,55,57,59,62,132,133,134" m="1111" machi="133" ten="30,2000,0" yaku="20,1,54,1" doraHai="114" who="2" fromWho="3" sc="250,0,250,0,250,30,240,-20" />
</Scene>
<Scene>
<INIT seed="1,0,0,1,0,76" ten="250,250,280,220" oya="1" hai0="71,37,20,9,43,65,95,122,5,15,14,46,128" hai1="125,124,117,2,56,49,133,110,3,27,114,16,61" hai2="67,78,55,19,7,108,123,31,21,105,47,83,113" hai3="87,0,60,107,72,103,52,1,88,132,104,127,74"/><U120/><E114/><V73/><F123/><W23/><G127/><N who="1" m="48714" /><E120/><V102/><F108/><W48/><G132/><T29/><D122/><U50/><E117/><V118/><F67/><W68/><G23/><T54/><D128/><U131/><E131/><V85/><F7/><W34/><G34/><T51/><D95/><U24/><E133/><V89/><F31/><W126/><G126/><T101/><D101/><U93/><E110/><V66/><F66/><W53/><G68/><T33/><D33/><U11/><E93/><V109/><F109/><W121/><G60/><N who="0" m="40359" /><D20/><N who="1" m="13319" /><E27/><V75/><F113/><W92/><G121/><T17/><D29/><U99/><E99/><V134/><F134/><W97/><G104/><T41/><D17/><U8/><E8/><V42/><F105/><W84/><G84/><T70/><D9/><U32/><E32/><V4/><F85/><W79/><G74/><T25/><D5/><N who="1" m="1463" /><E3/><N who="3" m="1098" /><G48/><T26/><D51/><U69/><E69/><V82/><F19/><W57/><G57/><T135/><D70/><U90/><E90/><V77/><F89/><W58/><G58/><T40/><D135/><U10/><E10/><V80/><F118/><W36/><G36/><T59/><D25/><U28/><E28/><V35/><F35/><W130/><G130/><T94/><D26/><U129/><E129/><V22/><F102/><W38/><G38/><T44/><D37/><U98/><E98/><V12/><F78/><W111/><G111/><T106/><D106/><U13/><E13/><N who="0" m="4617" /><D94/><U64/><AGARI ba="0,0" hai="49,50,56,61,64" m="1463,13319,48714" machi="64" ten="30,3000,0" yaku="18,1,54,1" doraHai="76" who="1" fromWho="1" sc="250,-10,250,30,280,-10,220,-10" />
</Scene>
<Scene>
<INIT seed="1,1,0,4,1,123" ten="240,280,270,210" oya="1" hai0="55,20,51,12,129,95,130,28,117,31,32,97,34" hai1="0,89,2,36,90,59,33,17,42,62,126,13,50" hai2="71,45,86,69,8,41,134,11,104,53,132,83,9" hai3="93,114,74,127,103,7,39,37,35,105,100,56,70"/><U99/><E36/><V48/><F104/><W113/><G70/><T109/><D117/><U92/><E33/><N who="0" m="12905" /><D12/><U44/><E126/><V75/><F75/><W16/><G35/><T112/><D20/><U15/><E13/><V82/><F41/><W64/><G74/><T76/><D76/><U124/><E124/><V85/><F85/><W110/><G7/><T84/><D84/><U115/><E115/><V66/><F82/><W111/><G105/><T79/><D79/><U68/><E68/><V72/><F72/><W23/><G127/><T121/><D121/><U98/><E98/><V54/><F54/><W5/><G5/><T120/><D112/><N who="3" m="43113" /><G64/><T30/><D120/><U47/><E44/><V88/><REACH who="2" step="1"/><F66/><REACH who="2" ten="240,280,260,210" step="2"/><W57/><G39/><T40/><D40/><U116/><E116/><V101/><F101/><W49/><G37/><T135/><D55/><U1/><E90/><V125/><F125/><W122/><G122/><T106/><D106/><U58/><REACH who="1" step="1"/><E62/><REACH who="1" ten="240,270,260,210" step="2"/><V131/><F131/><W29/><G49/><T14/><D51/><U94/><E94/><V102/><F102/><W96/><G100/><T4/><D130/><U108/><E108/><N who="3" m="41514" /><G29/><T3/><D109/><U107/><E107/><V25/><F25/><AGARI ba="1,2" hai="16,23,25,56,57,93,96,103" m="41514,43113" machi="25" ten="30,8000,1" yaku="14,1,52,3,54,1" doraHai="123" who="3" fromWho="2" sc="240,0,270,0,260,-83,210,103" />
</Scene>
<Scene>
<INIT seed="2,0,0,2,1,113" ten="240,270,177,313" oya="2" hai0="1,71,67,86,54,105,92,69,36,17,91,33,37" hai1="21,68,49,61,120,110,22,43,0,3,11,75,58" hai2="57,9,4,60,112,131,2,73,122,135,125,62,40" hai3="96,26,130,117,50,83,127,79,20,63,14,106,16"/><V114/><F122/><W24/><G130/><T52/><D105/><U129/><E75/><V47/><F125/><W13/><G127/><T109/><D33/><U25/><E68/><V51/><F131/><W82/><G117/><T44/><D1/><U134/><E129/><V77/><F135/><W29/><G63/><T95/><D109/><U6/><E110/><V41/><F41/><W74/><G82/><T107/><D107/><U32/><E0/><V53/><REACH who="2" step="1"/><F62/><REACH who="2" ten="240,270,167,313" step="2"/><W8/><G50/><T111/><D111/><U100/><E49/><V102/><F102/><W104/><G96/><T10/><D37/><U19/><E43/><V115/><F115/><W88/><G88/><T98/><D91/><U132/><E120/><V45/><F45/><W12/><REACH who="3" step="1"/><G8/><REACH who="3" ten="240,270,167,303" step="2"/><T128/><D10/><U121/><E121/><V80/><AGARI ba="0,2" hai="2,4,9,40,47,51,53,57,60,73,77,80,112,114" machi="80" ten="30,6000,0" yaku="1,1,0,1,53,1" doraHai="113" doraHaiUra="76" who="2" fromWho="2" sc="240,-20,270,-20,167,80,303,-20" />
</Scene>
<Scene>
<INIT seed="2,1,0,5,3,57" ten="220,250,247,283" oya="2" hai0="119,90,20,53,68,32,89,22,9,59,27,2,12" hai1="40,11,23,100,120,64,65,46,93,38,110,84,102" hai2="116,52,95,35,28,49,121,73,69,67,48,39,92" hai3="55,17,56,63,129,94,3,99,54,128,122,98,127"/><V47/><F121/><W82/><G122/><T83/><D68/><U8/><E120/><V62/><F116/><W87/><G3/><T10/><D119/><U26/><E110/><V125/><F125/><W33/><G33/><T13/><D2/><U71/><E102/><V106/><F106/><W96/><G127/><T117/><D32/><U101/><E101/><V123/><F123/><W61/><G17/><N who="0" m="8343" /><D117/><U21/><E23/><N who="0" m="8745" /><D83/><U19/><E65/><V34/><F73/><W131/><G94/><T97/><D97/><U24/><E24/><V50/><F35/><W133/><G133/><T0/><D27/><U70/><E70/><V112/><F112/><W75/><G75/><T77/><D77/><U30/><E30/><V60/><F39/><W88/><G55/><T29/><D0/><U45/><E84/><V1/><F1/><W126/><G126/><T86/><D86/><U118/><E118/><V115/><F115/><W16/><G16/><N who="0" m="8239" /><D29/><U108/><E108/><V104/><F104/><W79/><G79/><T135/><D135/><U7/><E7/><V81/><F81/><W113/><REACH who="3" step="1"/><G113/><REACH who="3" ten="220,250,247,273" step="2"/><T43/><D43/><U91/><E40/><V109/><F34/><W76/><G76/><T132/><D132/><U78/><E78/><V42/><F42/><W14/><G14/><T18/><D18/><U44/><E19/><V5/><F28/><W107/><G107/><T80/><D80/><U74/><E74/><V85/><F5/><W36/><G36/><T15/><D15/><U111/><E38/><V114/><F114/><W66/><G66/><T105/><D105/><RYUUKYOKU ba="1,1" sc="220,15,250,-15,247,-15,273,15" hai0="53,59,89,90" hai3="54,56,61,63,82,87,88,96,98,99,128,129,131" />
</Scene>
<Scene>
<INIT seed="3,2,1,1,0,76" ten="235,235,232,288" oya="3" hai0="78,30,128,8,126,65,64,131,82,34,1,44,70" hai1="46,77,106,98,42,124,109,41,135,104,39,125,21" hai2="7,13,91,93,87,52,12,120,35,81,66,122,119" hai3="88,51,61,75,33,26,121,79,67,54,43,36,112"/><W50/><G112/><T72/><D126/><N who="1" m="48747" /><E109/><V14/><F119/><W31/><G121/><N who="2" m="46697" /><F35/><W9/><G36/><T16/><D44/><U11/><E135/><V4/><F66/><W40/><G9/><T105/><D105/><U38/><E77/><N who="2" m="46511" /><F52/><W101/><G101/><T84/><D72/><U116/><E116/><V115/><F115/><W74/><G51/><T2/><D65/><U58/><E58/><V80/><F80/><W94/><G74/><T49/><D49/><U111/><E111/><V45/><F45/><W60/><G75/><T113/><D64/><U97/><E41/><V63/><F63/><W37/><G37/><T69/><D69/><U5/><E39/><V28/><F28/><W18/><G61/><T48/><D48/><U96/><E21/><V23/><F23/><N who="3" m="13687" /><G33/><T25/><D70/><U22/><E22/><V107/><F107/><W92/><G31/><T29/><D29/><U117/><E117/><V102/><F102/><W24/><G67/><T89/><D78/><U118/><E118/><V95/><F95/><W130/><G92/><T15/><REACH who="0" step="1"/><D113/><REACH who="0" ten="225,235,232,288" step="2"/><U99/><N who="1" m="24576" /><DORA hai="90" /><U73/><E73/><V100/><F100/><W86/><G79/><T85/><D85/><AGARI ba="2,2" hai="4,7,12,13,14,85,91,93" m="46511,46697" machi="85" ten="30,3900,0" yaku="13,1,52,2" doraHai="76,90" who="2" fromWho="0" sc="225,-45,235,0,232,65,288,0" />
</Scene>
<Scene>
<INIT seed="4,0,0,2,5,121" ten="180,235,297,288" oya="0" hai0="86,16,108,134,122,42,84,8,56,81,104,13,26" hai1="62,59,119,118,82,1,98,44,65,91,32,58,48" hai2="55,87,74,124,99,115,127,92,66,41,116,64,57" hai3="37,96,75,61,47,34,50,133,111,103,107,15,126"/><T52/><D122/><U72/><E32/><V129/><F74/><W3/><G3/><T76/><D104/><U90/><E1/><V85/><F115/><W70/><G75/><T100/><D134/><U131/><E131/><V30/><F41/><N who="3" m="22959" /><G15/><T49/><D108/><U46/><E46/><V33/><F129/><W95/><G95/><T114/><D114/><U17/><E59/><V27/><F116/><W9/><G50/><T69/><D69/><U6/><E6/><V88/><F66/><N who="3" m="41295" /><G9/><T53/><D100/><U110/><E110/><V120/><F64/><W105/><G105/><T78/><D26/><U14/><E72/><V128/><F128/><W68/><G68/><T109/><D109/><U31/><E31/><V73/><F73/><W21/><G21/><T25/><D25/><U18/><E18/><V19/><F19/><W11/><G11/><T39/><D39/><U0/><E0/><V117/><F120/><W43/><G111/><T38/><D38/><U94/><E82/><V97/><F117/><W35/><G43/><T22/><D42/><N who="1" m="24599" /><E119/><V10/><F10/><W36/><G36/><T23/><D53/><U101/><E118/><V132/><F99/><W63/><G133/><T29/><D29/><U12/><E12/><V135/><F132/><W93/><G107/><T40/><D40/><U54/><E65/><V5/><F135/><W80/><G34/><T123/><D123/><U130/><E130/><V79/><F33/><W71/><G35/><T83/><AGARI ba="0,0" hai="8,13,16,22,23,49,52,56,76,78,81,83,84,86" machi="83" ten="30,12000,1" yaku="0,1,9,1,8,1,54,2" doraHai="121" who="0" fromWho="0" sc="180,120,235,-40,297,-40,288,-40" />
</Scene>
<Scene>
<INIT seed="4,1,0,1,2,66" ten="300,195,257,248" oya="0" hai0="64,26,104,14,105,45,114,78,9,122,46,131,57" hai1="83,97,91,17,99,2,80,73,120,11,25,33,72" hai2="43,100,88,68,76,61,125,32,126,21,23,101,34" hai3="135,87,116,8,30,81,6,38,60,93,119,40,132"/><T27/><D122/><U37/><E37/><V124/><F76/><N who="3" m="46503" /><G30/><T128/><D114/><U70/><E11/><V15/><F43/><W89/><G60/><N who="0" m="37903" /><D78/><U129/><E2/><V108/><F108/><W51/><G38/><T86/><D86/><U67/><E17/><V112/><F112/><W3/><G51/><T63/><D63/><U4/><E67/><N who="2" m="41071" /><F23/><W42/><G119/><T127/><D127/><U75/><E4/><V7/><F21/><W54/><G54/><T84/><D84/><U90/><E25/><V12/><F12/><W82/><G82/><N who="1" m="31274" /><E33/><N who="2" m="12907" /><F88/><N who="1" m="33833" /><E120/><V58/><F58/><W41/><G116/><T118/><D118/><U134/><E70/><V69/><F69/><W62/><G62/><T106/><D26/><U19/><E19/><V133/><F133/><N who="3" m="51275" /><G41/><T65/><D27/><U22/><E134/><V92/><F125/><W0/><G0/><T79/><D65/><U39/><E39/><V24/><F126/><W52/><G52/><T94/><D79/><U110/><E22/><V5/><F124/><W107/><G107/><T20/><D20/><U56/><E56/><V96/><F24/><W109/><G109/><T113/><D104/><U50/><E110/><V102/><F5/><W49/><G49/><T31/><D105/><U18/><E18/><V13/><F7/><W123/><G123/><T44/><D106/><U36/><E36/><V28/><F28/><W77/><G77/><T53/><D113/><U48/><E48/><V35/><F35/><W74/><G74/><N who="1" m="18946" /><U121/><DORA hai="47" /><E50/><V29/><F29/><W59/><G59/><T111/><D111/><RYUUKYOKU ba="1,0" sc="300,-15,195,-15,257,15,248,15" hai2="13,15,92,96,100,101,102" hai3="3,6,8,40,42,89,93" />
</Scene>
<Scene>
<INIT seed="5,2,0,0,0,57" ten="285,180,272,263" oya="1" hai0="116,67,125,80,21,44,62,41,129,118,95,99,10" hai1="31,11,73,28,134,6,36,24,68,55,86,54,35" hai2="101,63,18,65,13,108,40,102,2,58,14,26,64" hai3="75,5,103,3,132,105,122,43,34,87,52,91,22"/><U32/><E73/><V119/><F2/><W130/><G34/><T107/><D129/><U42/><E134/><V33/><F108/><W61/><G75/><T115/><D125/><U92/><E68/><V82/><F119/><W25/><G122/><T111/><D115/><U4/><E42/><V8/><F40/><W90/><G130/><T98/><D111/><U72/><E72/><V78/><F65/><W97/><G43/><T76/><D107/><U81/><E92/><V50/><F50/><W109/><G109/><T124/><D124/><U9/><E86/><V79/><F14/><W48/><G132/><T96/><D95/><U94/><E94/><V20/><F33/><W84/><G5/><T56/><D10/><U38/><REACH who="1" step="1"/><E24/><REACH who="1" ten="285,170,272,263" step="2"/><V0/><F82/><AGARI ba="2,1" hai="4,6,9,11,28,31,32,35,36,38,54,55,81,82" machi="82" ten="25,18000,2" yaku="1,1,2,1,22,2,53,2" doraHai="57" doraHaiUra="30" who="1" fromWho="2" sc="285,0,170,196,272,-186,263,0" />
</Scene>
<Scene>
<INIT seed="5,3,0,3,5,43" ten="285,366,86,263" oya="1" hai0="66,55,30,99,77,11,51,94,103,131,23,80,62" hai1="64,44,68,19,59,113,134,102,0,54,17,74,109" hai2="128,26,105,115,78,127,57,110,106,89,97,13,123" hai3="112,4,3,47,63,104,42,58,135,41,48,14,40"/><U12/><E0/><V33/><F57/><W98/><G3/><T101/><D131/><U56/><E74/><V9/><F26/><W2/><G2/><T76/><D11/><U39/><E113/><V53/><F53/><W67/><G112/><T117/><D103/><U132/><E109/><V8/><F13/><W10/><G135/><N who="1" m="51754" /><E102/><V116/><F89/><W118/><G118/><T125/><D125/><U65/><E17/><V60/><F110/><W46/><G104/><T21/><D117/><U107/><E107/><V70/><F106/><W73/><G73/><T71/><D30/><U130/><E130/><V7/><F105/><W81/><G98/><T36/><D36/><U32/><E32/><V93/><F128/><W120/><G120/><T50/><D50/><N who="1" m="28999" /><E39/><V20/><F33/><W96/><G96/><T24/><D24/><U121/><E121/><V95/><F123/><W90/><REACH who="3" step="1"/><G48/><REACH who="3" ten="285,366,86,253" step="2"/><T37/><D37/><U45/><E65/><V75/><F97/><W84/><AGARI ba="3,1" hai="4,10,14,40,41,42,46,47,58,63,67,81,84,90" machi="84" ten="30,12000,2" yaku="1,1,2,1,0,1,8,1,52,2,53,0" doraHai="43" doraHaiUra="16" who="3" fromWho="3" sc="285,-33,366,-63,86,-33,253,139" />
</Scene>
<Scene>
<INIT seed="6,0,0,5,1,1" ten="252,303,53,392" oya="2" hai0="78,102,54,63,98,122,126,62,44,73,68,32,12" hai1="52,79,10,16,65,99,86,115,80,103,58,29,124" hai2="50,31,97,75,77,11,84,38,89,128,108,40,5" hai3="17,21,33,35,87,127,39,112,85,3,47,110,82"/><V109/><F128/><W4/><G110/><N who="2" m="42601" /><F31/><W92/><G3/><T42/><D122/><U93/><E115/><V95/><F38/><W120/><G4/><T118/><D32/><U51/><E124/><V37/><F37/><W19/><G120/><T36/><D126/><U23/><E65/><V56/><F75/><W9/><G127/><T134/><D134/><U26/><REACH who="1" step="1"/><E10/><REACH who="1" ten="252,293,53,392" step="2"/><V46/><F56/><W81/><G9/><T74/><D68/><U94/><E94/><V71/><F71/><W104/><G92/><T132/><D132/><U131/><E131/><V28/><F28/><AGARI ba="0,1" hai="16,23,26,28,29,51,52,58,79,80,86,93,99,103" machi="28" ten="40,8000,1" yaku="1,1,8,1,54,2,53,0" doraHai="1" doraHaiUra="105" who="1" fromWho="2" sc="252,0,293,90,53,-80,392,0" owari="252,-15.0,383,18.0,-27,-53.0,392,50.0" />
</Scene>
</mjloggm>