<mjloggm ver="2.3"><GO type="169" lobby="0"/><UN n0="%E5%A4%AA%E3%81%8F%E3%81%AA%E3%81%84%E3%81%8A" n1="%41%6D%41" n2="%E3%81%8A%E7%9F%A5%E3%82%89%E3%81%9B" n3="%E9%9B%BB%E6%B0%97%E5%B7%A5%E4%BA%8B%E5%B1%8B" dan="17,16,16,16" rate="2153.70,2141.20,2077.24,2083.25" sx="M,M,M,M"/><TAIKYOKU oya="0"/>

<Scene>
<INIT seed="0,0,0,2,2,121" ten="250,250,250,250" oya="0" hai0="124,38,34,96,64,13,135,24,81,95,9,87,77" hai1="120,37,11,69,126,19,114,83,0,86,45,134,80" hai2="90,119,62,75,105,28,53,49,58,23,22,32,131" hai3="79,31,101,88,18,39,65,68,73,91,74,41,109"/><T111/><D38/><U52/><E120/><V3/><F3/><W2/><G2/><T6/><D124/><U46/><E69/><V47/><F75/><W107/><G31/><T100/><D135/><U33/><E33/><V66/><F131/><W102/><G41/><T97/><D64/><U113/><E126/><V1/><F1/><W71/><G39/><T29/><REACH who="0" step="1"/><D97/><REACH who="0" ten="240,250,250,250" step="2"/><U78/><E37/><V115/><F66/><W118/><G65/><T130/><D130/><U30/><E134/><V82/><F115/><W123/><G123/><T125/><D125/><U108/><E114/><V110/><F119/><W85/><G118/><T93/><D93/><U16/><E113/><V51/><F105/><W63/><G107/><T60/><D60/><U35/><E83/><V122/><F62/><W5/><G63/><T106/><D106/><U116/><E80/><V99/><F99/><W133/><G133/><T112/><D112/><U26/><E116/><V48/><F122/><W17/><G71/><T40/><D40/><U92/><E92/><V103/><F82/><W27/><G68/><T10/><D10/><U20/><E11/><V129/><F129/><W98/><G98/><T25/><D25/><U21/><E26/><V7/><F49/><W84/><G27/><T12/><D12/><U56/><E0/><V76/><F51/><W59/><G79/><T70/><D70/><U15/><E15/><V43/><F76/><W72/><G74/><T117/><D117/><U8/><E8/><V4/><F43/><W55/><G73/><T54/><D54/><U50/><E52/><RYUUKYOKU ba="0,1" sc="240,30,250,-10,250,-10,250,-10" hai0="6,9,13,24,29,34,77,81,87,95,96,100,111" />
</Scene>
<Scene>
<INIT seed="0,1,1,0,4,92" ten="270,240,240,240" oya="0" hai0="19,6,89,16,53,81,65,123,112,105,41,109,103" hai1="84,72,57,40,69,94,82,62,31,34,24,42,44" hai2="11,104,1,88,12,39,5,77,80,38,125,117,3" hai3="7,108,71,78,130,107,26,27,73,33,85,13,61"/><T63/><D112/><U129/><E69/><V10/><F104/><W96/><G130/><T9/><D123/><U35/><E129/><V46/><F125/><W66/><G27/><T135/><D41/><U87/><E35/><V0/><F117/><W91/><G108/><T99/><D135/><U20/><E34/><V106/><F106/><W48/><G48/><T120/><D120/><U118/><E118/><V116/><F116/><W67/><G66/><T86/><D53/><N who="1" m="34095" /><E44/><V25/><F25/><W134/><G134/><T15/><REACH who="0" step="1"/><D109/><REACH who="0" ten="260,240,240,240" step="2"/><U79/><E72/><V97/><F39/><W32/><G73/><T126/><D126/><U50/><E50/><V74/><F38/><W90/><G33/><T21/><D21/><U43/><E43/><V45/><REACH who="2" step="1"/><F11/><REACH who="2" ten="260,240,230,240" step="2"/><W56/><G32/><T122/><D122/><U55/><E55/><V64/><F64/><W110/><G110/><T37/><D37/><U111/><E111/><V114/><F114/><W54/><G54/><T60/><D60/><U22/><E22/><V131/><F131/><W4/><G61/><T70/><AGARI ba="1,3" hai="6,9,15,16,19,63,65,70,81,86,89,99,103,105" machi="70" ten="20,12000,1" yaku="1,1,0,1,7,1,52,1,54,1,53,0" doraHai="92" doraHaiUra="47" who="0" fromWho="0" sc="260,153,240,-41,230,-41,240,-41" />
</Scene>
<Scene>
<INIT seed="0,2,0,5,5,37" ten="413,199,189,199" oya="0" hai0="113,7,68,91,36,76,52,92,2,116,13,126,115" hai1="103,1,128,111,49,79,63,123,130,88,131,54,124" hai2="17,75,120,94,9,90,18,102,81,0,3,132,82" hai3="24,110,38,71,4,96,135,108,23,25,105,34,53"/><T41/><D116/><U84/><E123/><V59/><F120/><W99/><G71/><T119/><D119/><U77/><E111/><N who="3" m="42538" /><G135/><T80/><D68/><U11/><E63/><V8/><F132/><W122/><G38/><T26/><D13/><U57/><E103/><V44/><F102/><N who="3" m="62663" /><G4/><T104/><D26/><U39/><E39/><V69/><F69/><W107/><G53/><T101/><D101/><U134/><E124/><V35/><F35/><W65/><G65/><T48/><D104/><U56/><E56/><V109/><F59/><W42/><G107/><T133/><D133/><U89/><E134/><V61/><F61/><W85/><G99/><T46/><D126/><U86/><E86/><V72/><F44/><W60/><G60/><T58/><D7/><N who="1" m="1519" /><E89/><V55/><F109/><W78/><G34/><T106/><D106/><U31/><E31/><V22/><F90/><W50/><G23/><T66/><D2/><U62/><E62/><V5/><F22/><W83/><G122/><T112/><D66/><U121/><E121/><V43/><F55/><W117/><G117/><T45/><D58/><U98/><E98/><V93/><REACH who="2" step="1"/><F5/><REACH who="2" ten="413,199,179,199" step="2"/><W127/><G127/><T12/><D91/><U97/><E97/><V14/><F14/><W29/><G29/><T28/><D12/><U16/><E131/><V73/><F73/><W64/><G64/><T129/><D129/><U32/><E32/><V95/><F95/><W67/><G67/><T19/><D92/><N who="1" m="54279" /><E128/><V21/><F21/><W114/><G24/><T100/><D28/><U70/><E130/><V33/><F33/><RYUUKYOKU ba="2,1" sc="413,-10,199,-10,179,30,199,-10" hai2="0,3,8,9,17,18,43,72,75,81,82,93,94" />
</Scene>
<Scene>
<INIT seed="1,3,1,3,5,18" ten="403,189,209,189" oya="1" hai0="87,60,111,105,16,73,34,91,59,24,85,64,72" hai1="133,106,5,97,77,99,114,11,120,101,127,79,62" hai2="0,30,53,113,26,19,80,14,57,75,118,42,78" hai3="1,124,2,100,25,119,61,86,90,28,129,38,116"/><U44/><E120/><V103/><F0/><W39/><G129/><T10/><D105/><U98/><E114/><V7/><F7/><W49/><G61/><T122/><D122/><U32/><E32/><V46/><F103/><W29/><G100/><T68/><D111/><U8/><E133/><V130/><F130/><W69/><G69/><T134/><D134/><U123/><E123/><V104/><F104/><W96/><G96/><T54/><D34/><U125/><E62/><V3/><F3/><N who="3" m="1035" /><G49/><T13/><D24/><U37/><E11/><V81/><F118/><N who="3" m="45099" /><G124/><N who="1" m="47690" /><E8/><V6/><F6/><W15/><G15/><T107/><D107/><N who="1" m="63919" /><E5/><V74/><F74/><W52/><G52/><T17/><D73/><U95/><E106/><V71/><F71/><W36/><G25/><T65/><D72/><U132/><E132/><V135/><F135/><W109/><G109/><T89/><D68/><U40/><E99/><V45/><F26/><W84/><G90/><AGARI ba="3,1" hai="37,40,44,77,79,90,95,98" m="63919,47690" machi="90" ten="30,1500,0" yaku="18,1" doraHai="18" who="1" fromWho="3" sc="403,0,189,34,209,0,189,-24" />
</Scene>
<Scene>
<INIT seed="1,4,0,4,3,55" ten="403,223,209,165" oya="1" hai0="32,5,45,119,51,115,52,92,72,13,118,114,50" hai1="61,39,106,67,97,56,121,103,65,87,64,91,77" hai2="73,101,24,78,98,84,26,68,107,63,40,66,128" hai3="88,62,48,21,43,134,109,135,35,6,49,95,8"/><U58/><E121/><V130/><F40/><W94/><G35/><T133/><D72/><U70/><E39/><V90/><F24/><W4/><G109/><T33/><D92/><U3/><E3/><V111/><F26/><W75/><G75/><T125/><D125/><U85/><E70/><V34/><F34/><W132/><G21/><T122/><D5/><N who="3" m="2153" /><G95/><T83/><D83/><U129/><E129/><V110/><F78/><W76/><G76/><T81/><D81/><U100/><E100/><V2/><F73/><W38/><G8/><T116/><D13/><U126/><E126/><V42/><F42/><W27/><G27/><T104/><D104/><U47/><E47/><V12/><F12/><W44/><G62/><T23/><D23/><U80/><REACH who="1" step="1"/><E61/><REACH who="1" ten="403,213,209,165" step="2"/><V102/><F2/><W25/><G25/><T57/><D122/><U11/><E11/><V1/><F1/><W36/><G36/><T16/><D45/><U19/><E19/><V53/><F128/><W28/><G28/><T108/><D16/><U120/><E120/><V127/><F127/><W89/><G38/><T123/><D123/><U82/><AGARI ba="4,1" hai="56,58,64,65,67,77,80,82,85,87,91,97,103,106" machi="82" ten="30,11700,0" yaku="1,1,0,1,52,2,53,0" doraHai="55" doraHaiUra="41" who="1" fromWho="1" sc="403,-43,213,139,209,-43,165,-43" />
</Scene>
<Scene>
<INIT seed="1,5,0,2,0,25" ten="360,352,166,122" oya="1" hai0="93,54,26,43,129,75,33,47,94,110,48,46,40" hai1="76,28,105,130,98,126,3,30,6,1,116,100,4" hai2="106,60,59,107,13,39,85,113,95,86,56,111,102" hai3="16,71,96,67,115,103,57,58,27,12,74,125,24"/><U34/><E116/><V32/><F39/><W42/><G74/><T10/><D75/><U62/><E76/><V22/><F32/><W77/><G115/><T99/><D110/><U68/><E130/><V112/><F111/><W41/><G71/><T101/><D129/><U89/><E126/><V44/><F44/><W36/><G36/><T65/><D65/><N who="1" m="41015" /><E30/><V15/><F22/><N who="3" m="11527" /><G125/><T49/><D10/><N who="1" m="2319" /><E89/><V88/><F102/><W51/><G77/><T122/><D122/><U91/><E91/><V17/><F86/><W18/><G18/><T132/><D132/><U8/><E28/><V29/><F29/><W9/><G9/><T73/><D73/><U50/><E50/><V124/><F124/><W66/><G66/><T52/><D33/><AGARI ba="5,0" hai="3,6,8,33,34,98,100,105" m="2319,41015" machi="33" ten="30,2900,0" yaku="33,2" doraHai="25" who="1" fromWho="0" sc="360,-44,352,44,166,0,122,0" />
</Scene>
<Scene>
<INIT seed="1,6,0,3,1,75" ten="316,396,166,122" oya="1" hai0="124,67,22,54,36,12,117,112,7,41,15,93,109" hai1="132,63,23,126,122,95,68,91,135,128,76,5,42" hai2="27,88,111,84,53,30,74,70,35,19,104,31,3" hai3="131,21,13,45,20,43,99,86,51,16,89,33,60"/><U64/><E122/><V57/><F70/><W39/><G131/><T102/><D112/><U119/><E119/><V96/><F74/><W58/><G33/><T120/><D117/><U115/><E115/><V55/><F3/><W98/><G39/><T87/><D120/><U18/><E5/><V69/><F69/><W10/><G98/><T46/><D67/><U65/><E65/><V26/><F19/><W105/><G99/><T6/><D109/><U4/><E4/><V0/><F0/><W127/><G127/><T77/><D124/><U83/><E42/><V118/><F111/><W72/><G72/><T34/><D34/><U14/><E128/><V121/><F121/><W17/><G105/><T25/><D102/><U47/><E47/><V24/><F118/><W79/><G17/><T28/><D54/><U40/><E40/><V81/><F57/><W94/><G79/><T48/><D36/><U50/><E126/><V103/><REACH who="2" step="1"/><F24/><REACH who="2" ten="316,396,156,122" step="2"/><W82/><G94/><T78/><D6/><U9/><E95/><V125/><F125/><W71/><G71/><T52/><D7/><U62/><E68/><V108/><F108/><W110/><G110/><T101/><D15/><U85/><E14/><V134/><F134/><W11/><G11/><T80/><D12/><U133/><E9/><V49/><F49/><W38/><G38/><T29/><D93/><N who="1" m="54511" /><E50/><V90/><F90/><W114/><G114/><T2/><D2/><U106/><E18/><V32/><AGARI ba="6,1" hai="26,27,30,31,32,35,53,55,81,84,88,96,103,104" machi="32" ten="20,8000,1" yaku="1,1,0,1,7,1,9,1,54,1,53,0" doraHai="75" doraHaiUra="44" who="2" fromWho="2" sc="316,-26,396,-46,156,108,122,-26" />
</Scene>
<Scene>
<INIT seed="2,0,0,4,5,56" ten="290,350,264,96" oya="2" hai0="52,114,16,103,23,104,130,110,122,66,93,26,95" hai1="87,34,71,38,9,97,42,109,62,76,91,59,0" hai2="46,106,47,39,11,57,69,8,19,25,60,80,45" hai3="125,1,120,88,44,86,108,84,89,17,119,33,101"/><V28/><F69/><W48/><G119/><T30/><D122/><U96/><E71/><V82/><F39/><W37/><G37/><T135/><D114/><U12/><E0/><V133/><F106/><W70/><G1/><T132/><D110/><U6/><E34/><V77/><F133/><N who="0" m="51274" /><D130/><U94/><E109/><V40/><F40/><W22/><G33/><N who="0" m="20695" /><D66/><N who="1" m="39263" /><E38/><V112/><F112/><W54/><G120/><T10/><D10/><U14/><E42/><V92/><F92/><W50/><G125/><T65/><D65/><U29/><E29/><V41/><F41/><W90/><G70/><T5/><D5/><N who="1" m="3119" /><E76/><V49/><F49/><W18/><G108/><T78/><D78/><U134/><E134/><V123/><F123/><W107/><G50/><T31/><D31/><U43/><E43/><V32/><F77/><W27/><REACH who="3" step="1"/><G18/><REACH who="3" ten="290,350,264,86" step="2"/><T35/><D35/><U113/><E113/><V2/><F19/><W7/><G7/><T63/><D16/><U75/><E75/><V85/><F2/><W79/><G79/><T61/><D23/><U4/><E4/><V51/><F51/><W117/><G117/><T129/><D129/><U115/><E115/><V74/><F8/><AGARI ba="0,1" hai="6,8,14,87,91,94,96,97" m="3119,39263" machi="8" ten="30,2000,0" yaku="8,1,52,1" doraHai="56" who="1" fromWho="2" sc="290,0,350,30,264,-20,86,0" />
</Scene>
<Scene>
<INIT seed="3,0,0,4,3,31" ten="290,380,244,86" oya="3" hai0="92,12,119,110,113,33,123,35,132,69,86,53,124" hai1="56,64,84,63,5,77,44,9,45,25,87,122,20" hai2="95,125,55,94,112,2,129,32,101,114,78,60,37" hai3="108,99,39,117,83,103,98,128,121,75,111,18,57"/><W118/><G39/><T29/><D69/><U26/><E122/><V24/><F37/><W134/><G57/><T54/><D123/><U7/><E26/><V62/><F2/><W22/><G121/><T3/><D3/><U58/><E58/><V85/><F24/><W66/><G66/><T105/><D105/><U49/><E77/><V71/><F32/><W93/><G18/><T47/><D119/><N who="3" m="45577" /><G22/><T79/><D29/><N who="1" m="17575" /><E44/><V8/><F55/><W11/><G11/><T16/><D54/><N who="1" m="29999" /><E9/><V115/><F8/><W61/><G61/><T19/><D19/><U107/><E107/><V14/><F60/><W42/><G42/><T96/><D47/><U40/><E40/><V10/><F62/><W1/><G1/><T89/><D53/><U38/><E38/><V23/><F10/><W131/><G134/><T41/><D132/><U68/><E68/><V50/><F71/><W72/><G99/><T30/><D30/><U13/><E13/><V46/><F50/><W76/><G75/><T116/><D116/><U52/><E64/><V59/><F59/><W81/><G83/><N who="0" m="47487" /><D41/><U36/><E36/><V104/><F46/><W91/><G103/><T88/><D33/><U135/><E135/><V73/><F23/><W70/><G70/><T74/><D35/><U90/><E63/><V126/><F14/><W34/><G34/><T106/><D74/><U67/><E67/><V15/><F15/><W97/><G97/><T109/><D12/><U28/><E56/><V127/><F73/><W65/><G65/><T120/><D16/><U133/><E133/><V43/><F43/><RYUUKYOKU ba="0,0" sc="290,-10,380,-10,244,-10,86,30" hai3="72,76,81,91,93,98,108,111,128,131" />
</Scene>
<Scene>
<INIT seed="3,1,0,0,5,130" ten="280,370,234,116" oya="3" hai0="116,49,34,105,82,25,68,102,117,64,14,24,135" hai1="35,21,121,38,100,122,106,56,23,6,77,71,85" hai2="112,107,42,66,20,87,18,31,59,126,89,28,118" hai3="16,12,29,57,80,15,91,0,26,101,73,63,134"/><W99/><G0/><T13/><D49/><U76/><E71/><V39/><F107/><W45/><G12/><T62/><D24/><U79/><E35/><V74/><F74/><W67/><G45/><T4/><D13/><U44/><E6/><V61/><F112/><W84/><G73/><T86/><D14/><U70/><E70/><V50/><F126/><W110/><G110/><T11/><D11/><U92/><E56/><V51/><F39/><W123/><G123/><T19/><D4/><U17/><E44/><N who="2" m="25879" /><F51/><W53/><G134/><T81/><D19/><U124/><E23/><V78/><F78/><W115/><G115/><T41/><D41/><U9/><E9/><V32/><F32/><W97/><G67/><T133/><D82/><U95/><E38/><V7/><F118/><N who="0" m="45674" /><D86/><U129/><E17/><V108/><F108/><W5/><G5/><T94/><D94/><U52/><E95/><N who="2" m="54719" /><F7/><W40/><G40/><T46/><D46/><U119/><E85/><V27/><AGARI ba="1,0" hai="18,20,27,28,31,59,61,66" m="54719,25879" machi="27" ten="30,1100,0" yaku="8,1" doraHai="130" who="2" fromWho="2" sc="280,-4,370,-4,234,14,116,-6" />
</Scene>
<Scene>
<INIT seed="4,0,0,0,2,73" ten="276,366,248,110" oya="0" hai0="66,109,92,93,81,9,125,132,30,23,130,101,12" hai1="5,62,36,85,34,10,75,115,79,25,2,31,28" hai2="135,42,54,87,105,32,97,44,80,78,7,38,63" hai3="4,40,0,111,37,96,77,119,126,74,116,114,27"/><T1/><D1/><U48/><E48/><V50/><F32/><W91/><G27/><N who="0" m="16767" /><D132/><U6/><E6/><V131/><F131/><W117/><G91/><T103/><D130/><U33/><E85/><V17/><F7/><W60/><G60/><T120/><D120/><U24/><E62/><V53/><F135/><W82/><G96/><T112/><D112/><U86/><E86/><V18/><F63/><W65/><G65/><T11/><D125/><U71/><E115/><V61/><F61/><W3/><G114/><T110/><D66/><U8/><E8/><N who="0" m="3145" /><D12/><U94/><E36/><V16/><REACH who="2" step="1"/><F38/><REACH who="2" ten="276,366,238,110" step="2"/><W100/><G111/><N who="0" m="42507" /><D81/><U98/><E5/><V129/><F129/><W121/><G121/><T46/><D46/><U104/><E2/><V52/><F52/><W13/><G126/><T55/><D55/><U95/><E34/><V108/><F108/><W88/><G0/><T127/><D127/><U102/><E33/><V43/><F43/><W51/><G3/><T57/><D57/><U58/><E58/><V35/><F35/><W72/><G37/><T59/><D59/><U134/><E134/><V21/><F21/><W118/><G40/><T107/><D107/><U45/><E104/><V56/><F56/><W49/><G116/><T113/><D113/><U84/><E45/><V15/><F15/><W133/><G133/><T39/><D39/><U26/><E25/><V29/><F29/><W64/><G13/><T124/><D124/><U69/><E26/><V106/><F106/><W99/><G4/><T76/><D93/><N who="1" m="58703" /><E24/><V14/><F14/><W41/><G117/><RYUUKYOKU ba="0,1" sc="276,-10,366,-10,238,30,110,-10" hai2="16,17,18,42,44,50,53,54,78,80,87,97,105" />
</Scene>
<Scene>
<INIT seed="5,1,1,0,1,111" ten="266,356,268,100" oya="1" hai0="105,21,129,132,13,94,62,61,103,63,24,112,68" hai1="90,69,56,82,27,89,41,34,119,36,22,123,11" hai2="122,79,0,93,84,99,40,80,77,3,14,133,43" hai3="127,81,101,4,66,125,51,121,44,8,6,110,55"/><U76/><E69/><V130/><F122/><W96/><G110/><T74/><D74/><U12/><E123/><V57/><F133/><W18/><G121/><T117/><D117/><U102/><E119/><V75/><F130/><W52/><G66/><T128/><D105/><U1/><E102/><V25/><F14/><W23/><G125/><T60/><D13/><U126/><E126/><V71/><F71/><W47/><G127/><T131/><D132/><U91/><E56/><V92/><F92/><W35/><G35/><T97/><D112/><U134/><E134/><V46/><F57/><W120/><G120/><T115/><D115/><U16/><E34/><V20/><F77/><W124/><G124/><T58/><D68/><U95/><E1/><V33/><F75/><W50/><G81/><T49/><D49/><U29/><E36/><V26/><F33/><W37/><G8/><T17/><REACH who="0" step="1"/><D62/><REACH who="0" ten="256,356,268,100" step="2"/><U64/><E12/><V7/><F0/><W48/><G37/><T5/><D5/><U31/><E27/><V86/><F7/><W113/><G50/><T109/><D109/><U116/><E116/><V53/><F3/><W30/><G113/><T135/><D135/><U85/><E11/><V107/><F26/><W15/><REACH who="3" step="1"/><G30/><REACH who="3" ten="256,356,268,90" step="2"/><T98/><D98/><U83/><E31/><V10/><F99/><W65/><G65/><AGARI ba="1,3" hai="17,21,24,58,60,61,63,65,94,97,103,128,129,131" machi="65" ten="40,2600,0" yaku="1,1,19,1,53,0" doraHai="111" doraHaiUra="32" who="0" fromWho="3" sc="256,59,356,0,268,0,90,-29" />
</Scene>
<Scene>
<INIT seed="6,0,0,1,0,28" ten="315,356,268,61" oya="2" hai0="42,135,93,24,75,83,133,78,97,98,36,18,55" hai1="80,54,41,14,63,32,37,96,116,131,115,0,104" hai2="129,65,6,21,102,81,85,132,30,59,4,84,2" hai3="112,20,11,94,73,50,62,111,90,67,123,52,118"/><V114/><F114/><W95/><G118/><T12/><D24/><U3/><E116/><V72/><F132/><N who="0" m="50762" /><D55/><U88/><E115/><V121/><F121/><W22/><G112/><T86/><D42/><U74/><E32/><V128/><F102/><W61/><G73/><T51/><D51/><U26/><E26/><N who="2" m="16719" /><F72/><W100/><G111/><T48/><D48/><U19/><E131/><N who="2" m="50251" /><F2/><W44/><G123/><T33/><D36/><U99/><E37/><V25/><F25/><W108/><G108/><T5/><D5/><N who="2" m="2154" /><F81/><W105/><G105/><T113/><D113/><U1/><E80/><V34/><F34/><W47/><G47/><T57/><D33/><U16/><E0/><V125/><F125/><W119/><G119/><T15/><D57/><U79/><E3/><V38/><F38/><W69/><G62/><AGARI ba="0,0" hai="59,62,65,84,85" m="2154,50251,16719" machi="62" ten="30,1500,0" yaku="19,1" doraHai="28" who="2" fromWho="3" sc="315,0,356,0,268,15,61,-15" />
</Scene>
<Scene>
<INIT seed="6,1,0,5,5,23" ten="315,356,283,46" oya="2" hai0="100,29,64,89,52,27,118,96,40,99,7,22,128" hai1="124,78,91,120,111,28,74,71,45,49,8,35,131" hai2="95,68,132,126,90,39,129,122,6,87,0,85,53" hai3="69,17,5,98,19,81,31,103,112,20,37,56,51"/><V88/><F122/><W114/><G37/><T77/><D128/><U108/><E71/><V135/><F129/><W47/><G69/><T60/><D118/><U58/><E58/><V11/><F126/><W61/><G5/><T79/><D40/><U127/><E131/><V116/><F116/><W62/><G81/><T10/><D89/><U18/><E91/><V107/><F107/><W32/><G31/><T4/><D96/><U1/><E120/><V12/><F68/><W83/><G83/><T65/><D65/><U72/><E28/><V67/><F67/><W97/><G32/><T13/><D4/><N who="1" m="1039" /><E18/><V15/><F53/><W113/><G19/><T9/><D9/><U104/><E35/><V93/><REACH who="2" step="1"/><F39/><REACH who="2" ten="315,356,273,46" step="2"/><W44/><G56/><N who="0" m="34823" /><D64/><U59/><E104/><V50/><F50/><W41/><G47/><T24/><D24/><U34/><E45/><V70/><F70/><W38/><G38/><T21/><D21/><U130/><E130/><V57/><F57/><W109/><G109/><T2/><D2/><U66/><E34/><V134/><AGARI ba="1,1" hai="0,6,11,12,15,85,87,88,90,93,95,132,134,135" machi="134" ten="30,12000,1" yaku="1,1,0,1,9,1,20,1,54,1,53,0" doraHai="23" doraHaiUra="30" who="2" fromWho="2" sc="315,-41,356,-41,273,133,46,-41" />
</Scene>
<Scene>
<INIT seed="6,2,0,2,1,19" ten="274,315,406,5" oya="2" hai0="10,69,14,87,40,128,133,63,77,126,1,116,42" hai1="34,47,66,131,88,78,43,68,52,35,89,61,21" hai2="115,95,90,110,23,72,99,98,103,33,118,96,28" hai3="56,80,2,55,22,39,38,0,7,76,17,27,30"/><V109/><F33/><W16/><G2/><T120/><D120/><U91/><E78/><V93/><F72/><W108/><G108/><N who="2" m="41577" /><F115/><W70/><G70/><T130/><D1/><U73/><E73/><V134/><F134/><W135/><G135/><T82/><D133/><U81/><E81/><V50/><F50/><W83/><G83/><T9/><D126/><U48/><E131/><N who="0" m="50217" /><D116/><U67/><E67/><V100/><F118/><W53/><G53/><T51/><D51/><U132/><E132/><V24/><F95/><W58/><G17/><N who="0" m="8399" /><D10/><U49/><REACH who="1" step="1"/><E21/><REACH who="1" ten="274,305,406,5" step="2"/><V97/><AGARI ba="2,1" hai="23,24,28,90,93,96,97,98,99,100,103" m="41577" machi="97" ten="30,3000,0" yaku="10,1,52,1" doraHai="19" who="2" fromWho="2" sc="274,-12,305,-12,406,46,5,-12" owari="262,-14.0,293,9.0,452,56.0,-7,-51.0" />
</Scene>
</mjloggm>