<mjloggm ver="2.3"><GO type="169" lobby="0"/><UN n0="%E5%A4%A7%E9%B3%A5%E7%8D%85%E5%AD%90%E5%90%BC" n1="%73%68%61%72" n2="%E5%A4%AA%E3%81%8F%E3%81%AA%E3%81%84%E3%81%8A" n3="%74%2E%61%2E%6B%2E" dan="16,17,18,16" rate="2109.00,2183.92,2192.13,2054.76" sx="M,M,M,M"/><TAIKYOKU oya="0"/>

<Scene>
<INIT seed="0,0,0,0,0,36" ten="250,250,250,250" oya="0" hai0="51,125,37,84,17,22,92,66,32,64,87,111,70" hai1="76,99,15,11,16,103,58,68,77,38,117,47,0" hai2="82,75,78,12,56,44,63,121,107,69,6,128,71" hai3="133,5,49,100,94,52,40,116,9,86,88,124,109"/><T79/><D32/><U20/><E68/><V114/><F121/><W24/><G116/><T104/><D104/><U59/><E117/><V67/><F114/><W102/><G109/><T41/><D37/><U72/><E72/><V10/><F128/><W85/><G124/><T23/><D125/><U91/><E91/><V119/><F119/><W19/><G133/><T131/><D131/><U53/><E59/><V43/><REACH who="2" step="1"/><F107/><REACH who="2" ten="250,250,240,250" step="2"/><W106/><G106/><T95/><D111/><U120/><E120/><V7/><F7/><W1/><G85/><T21/><D17/><U89/><E16/><V27/><F27/><W54/><G19/><T46/><D70/><U134/><E134/><V42/><F42/><W105/><G105/><T123/><D123/><U127/><E127/><V97/><F97/><W98/><G98/><T30/><D30/><U108/><E99/><V33/><F33/><W29/><G40/><T13/><D84/><U31/><E31/><V65/><F65/><N who="0" m="25194" /><D13/><U90/><E15/><V81/><F81/><AGARI ba="0,1" hai="21,22,23,41,46,51,79,81,87,92,95" m="25194" machi="81" ten="30,2900,0" yaku="8,1,52,1" doraHai="36" who="0" fromWho="2" sc="250,39,250,0,240,-29,250,0" />
</Scene>
<Scene>
<INIT seed="0,1,0,5,3,92" ten="289,250,211,250" oya="0" hai0="132,15,61,34,8,40,116,71,101,108,4,115,66" hai1="109,104,31,17,121,24,73,48,125,2,93,130,82" hai2="69,111,27,67,59,113,35,127,25,114,11,131,135" hai3="91,39,68,77,37,45,9,19,124,74,83,16,65"/><T90/><D115/><U52/><E104/><V38/><F38/><W42/><G124/><T63/><D34/><U64/><E121/><V49/><F69/><W81/><G39/><T3/><D116/><U94/><E2/><V129/><F127/><W76/><G91/><T88/><D132/><U134/><E125/><V98/><F135/><W85/><REACH who="3" step="1"/><G9/><REACH who="3" ten="289,250,211,240" step="2"/><T41/><D8/><U60/><E134/><V87/><F11/><W128/><G128/><T30/><D108/><U54/><E130/><V0/><F111/><W103/><G103/><T50/><D101/><U51/><E109/><V95/><F129/><W118/><G118/><T14/><D90/><U99/><E73/><V22/><F131/><W57/><G57/><T80/><D88/><U32/><E82/><V86/><F59/><W107/><G107/><T28/><D80/><U1/><E93/><V112/><F95/><W12/><G12/><T102/><D102/><U84/><E94/><V20/><F113/><W6/><G6/><T123/><D4/><U70/><E70/><V89/><F89/><W21/><G21/><T78/><D71/><U43/><E1/><V97/><F0/><W110/><G110/><T29/><D3/><U119/><E119/><V46/><F35/><W122/><G122/><T58/><D123/><U56/><E56/><V133/><F133/><W33/><G33/><T105/><D105/><U53/><E32/><V100/><F100/><W18/><G18/><T26/><D58/><U10/><E17/><V23/><F23/><W120/><G120/><T72/><D15/><U13/><E13/><RYUUKYOKU ba="1,1" sc="289,-10,250,-10,211,-10,240,30" hai3="16,19,37,42,45,65,68,74,76,77,81,83,85" />
</Scene>
<Scene>
<INIT seed="1,2,1,2,1,24" ten="279,240,201,270" oya="1" hai0="128,114,131,33,101,1,23,35,130,9,117,129,50" hai1="15,79,127,93,8,64,103,120,87,7,106,55,107" hai2="111,53,80,124,66,113,5,126,118,133,19,47,99" hai3="46,110,36,100,82,57,25,56,34,65,67,91,37"/><U102/><E120/><V125/><F118/><W119/><G110/><T75/><D75/><U11/><E64/><V132/><F111/><W123/><G100/><T45/><D128/><U22/><E127/><V58/><F113/><W85/><G123/><T40/><D114/><U4/><E106/><V41/><F5/><W109/><G109/><T62/><D117/><U90/><E107/><V96/><F66/><W39/><G46/><T72/><D72/><U88/><E79/><V74/><F19/><W70/><G119/><T115/><D115/><U44/><E22/><V97/><F80/><W105/><G105/><T13/><D101/><U54/><E90/><V21/><F21/><W76/><G76/><T59/><D23/><U86/><E86/><V2/><F2/><W3/><G3/><T10/><D1/><U29/><E29/><V18/><F18/><W81/><G82/><T27/><D27/><U42/><E102/><V17/><F17/><W28/><REACH who="3" step="1"/><G67/><REACH who="3" ten="279,240,201,260" step="2"/><N who="0" m="39391" /><D10/><U134/><E103/><V92/><F92/><W94/><G94/><T69/><D69/><U6/><E134/><V12/><F132/><W26/><G26/><T112/><D112/><U98/><E98/><V68/><F133/><W60/><AGARI ba="2,2" hai="25,28,34,36,37,39,56,57,60,65,70,81,85,91" machi="60" ten="40,5200,0" yaku="1,1,0,1,52,1,53,0" doraHai="24" doraHaiUra="95" who="3" fromWho="3" sc="279,-15,240,-28,201,-15,260,78" />
</Scene>
<Scene>
<INIT seed="2,0,0,4,4,106" ten="264,212,186,338" oya="2" hai0="0,132,91,31,79,61,11,6,84,133,109,15,23" hai1="80,4,28,65,87,73,33,134,98,46,94,35,40" hai2="70,71,128,114,17,13,126,32,129,89,82,37,58" hai3="83,9,124,113,43,90,38,105,86,36,125,63,112"/><V66/><F114/><N who="3" m="44139" /><G105/><T77/><D109/><U120/><E134/><N who="0" m="51817" /><D61/><U99/><E65/><V81/><F32/><W8/><G63/><T50/><D50/><U24/><E33/><V75/><F37/><N who="3" m="14443" /><G43/><T121/><D121/><U78/><E4/><V19/><F126/><AGARI ba="0,0" hai="8,9,83,86,90,124,125,126" m="14443,44139" machi="126" ten="40,2600,0" yaku="18,1,11,1" doraHai="106" who="3" fromWho="2" sc="264,0,212,0,186,-26,338,26" />
</Scene>
<Scene>
<INIT seed="3,0,0,1,4,95" ten="264,212,160,364" oya="3" hai0="46,113,14,96,38,31,79,35,18,50,108,15,37" hai1="84,88,72,22,131,24,45,92,21,82,32,40,118" hai2="73,59,134,5,6,109,78,106,70,4,9,54,103" hai3="74,97,100,8,83,81,27,117,115,132,111,61,128"/><W19/><G115/><T11/><D108/><U104/><E104/><V87/><F70/><W71/><G117/><T1/><D1/><U28/><E131/><V34/><F34/><W68/><G132/><T91/><D79/><U64/><E64/><V43/><F109/><W110/><G128/><T41/><D113/><U122/><E122/><V0/><F73/><W80/><G74/><T3/><D3/><U30/><E30/><V90/><F78/><W60/><G27/><T66/><D66/><U130/><E118/><V52/><F134/><W51/><G51/><T56/><D56/><U101/><E130/><V107/><F43/><W121/><G121/><T48/><D48/><U67/><E67/><V123/><F123/><W135/><G135/><T85/><D15/><U62/><E62/><V25/><F25/><W20/><G61/><T65/><D65/><U94/><E72/><V116/><F116/><W36/><G36/><T127/><D127/><U26/><E26/><V13/><F0/><W119/><G60/><T89/><D31/><U105/><E105/><V75/><F75/><W69/><G20/><N who="1" m="7786" /><E101/><V77/><F107/><W49/><G49/><T112/><D35/><U76/><E76/><V42/><F77/><W102/><G119/><T16/><D112/><U17/><E17/><V10/><F106/><W99/><G19/><T86/><D18/><U23/><E32/><V125/><F4/><W47/><G111/><T55/><D38/><U33/><E33/><V58/><F5/><W63/><G110/><T126/><D37/><U133/><E133/><V129/><F129/><RYUUKYOKU ba="0,0" sc="264,-10,212,30,160,-10,364,-10" hai1="23,24,28,40,45,82,84,88,92,94" />
</Scene>
<Scene>
<INIT seed="4,1,0,5,0,41" ten="254,242,150,354" oya="0" hai0="71,91,26,127,73,59,97,95,54,1,30,104,98" hai1="70,75,79,61,21,39,102,94,64,96,120,49,11" hai2="19,112,78,27,10,58,129,37,124,133,134,66,25" hai3="43,23,86,113,14,77,33,116,82,88,24,83,109"/><T106/><D1/><U117/><E117/><V114/><F37/><W55/><G109/><T4/><D71/><U101/><E39/><V48/><F78/><W81/><G113/><N who="2" m="43625" /><F66/><W107/><G107/><T38/><D4/><U67/><E120/><V22/><F58/><W135/><G135/><N who="2" m="51721" /><F48/><W42/><G116/><T92/><D73/><U15/><E67/><V29/><F129/><W3/><G3/><T111/><D127/><U8/><E101/><V18/><F124/><W85/><G82/><T89/><D111/><U87/><E75/><V119/><F119/><W80/><G80/><T52/><D38/><U62/><E62/><V57/><F57/><W53/><G14/><T2/><D2/><U90/><E49/><V126/><F126/><W128/><G33/><T103/><D103/><U31/><E79/><V74/><F74/><W16/><G128/><T110/><D110/><U99/><E99/><V45/><F45/><W36/><G36/><T118/><D118/><U51/><E51/><V105/><F105/><W115/><G115/><T28/><D59/><U84/><E84/><V63/><F63/><W34/><G34/><T9/><D9/><U69/><E69/><V56/><F56/><W68/><G68/><T0/><D0/><U100/><E100/><V123/><F123/><W72/><G72/><T44/><D44/><U6/><E102/><V60/><F60/><W12/><G24/><AGARI ba="1,0" hai="24,26,28,30,52,54,89,91,92,95,97,98,104,106" machi="24" ten="25,4800,0" yaku="22,2,54,1" doraHai="41" who="0" fromWho="3" sc="254,51,242,0,150,0,354,-51" />
</Scene>
<Scene>
<INIT seed="4,2,0,0,1,6" ten="305,242,150,303" oya="0" hai0="53,41,75,68,51,34,79,56,39,66,35,63,73" hai1="12,9,27,92,126,112,29,42,111,74,37,71,46" hai2="88,16,3,95,90,77,128,30,2,22,1,15,32" hai3="24,17,94,43,122,114,48,104,19,99,5,100,31"/><T33/><REACH who="0" step="1"/><D79/><REACH who="0" ten="295,242,150,303" step="2"/><U36/><E112/><V76/><F128/><W120/><G114/><T50/><D50/><U131/><E131/><V64/><F64/><W93/><G48/><T82/><D82/><U18/><E37/><V62/><F62/><W57/><G120/><T28/><D28/><U7/><E29/><V103/><F103/><W52/><G31/><T86/><D86/><U98/><E36/><V127/><F127/><W134/><G100/><T115/><D115/><U8/><E126/><V45/><F90/><W130/><G122/><T107/><D107/><U96/><E96/><V61/><F61/><W70/><G99/><T102/><D102/><U20/><E98/><V117/><F117/><W113/><G104/><T135/><D135/><U85/><E85/><V0/><N who="2" m="512" /><DORA hai="119" /><V125/><F125/><W38/><G38/><T26/><D26/><U101/><E27/><V121/><F121/><W10/><G24/><T72/><D72/><U44/><E74/><V108/><F30/><W49/><G49/><T84/><D84/><U58/><E101/><V67/><F67/><W23/><G134/><T105/><D105/><U109/><E109/><V89/><F108/><W11/><G130/><T60/><D60/><U13/><E111/><V97/><F89/><W106/><G106/><T55/><D55/><U59/><E92/><V69/><F77/><W81/><G94/><T133/><D133/><U124/><E124/><V83/><F76/><W91/><G93/><T25/><D25/><U78/><E78/><V14/><F83/><W80/><G80/><T129/><D129/><RYUUKYOKU ba="2,1" sc="295,30,242,-10,150,-10,303,-10" hai0="33,34,35,39,41,51,53,56,63,66,68,73,75" />
</Scene>
<Scene>
<INIT seed="4,3,1,4,3,123" ten="325,232,140,293" oya="0" hai0="81,18,76,72,98,66,78,30,1,135,60,91,70" hai1="132,54,64,128,2,119,127,88,129,13,105,26,45" hai2="41,69,52,114,116,124,131,14,85,82,47,29,23" hai3="95,40,42,8,53,97,0,7,57,115,73,71,25"/><T120/><D1/><U109/><E2/><V11/><F69/><W44/><G115/><T92/><D120/><U62/><E119/><V31/><F114/><W32/><G71/><T10/><D30/><U86/><E105/><V90/><F116/><W22/><G32/><T50/><D135/><U19/><E109/><V102/><F124/><W21/><G73/><T59/><D76/><U48/><E26/><V17/><F131/><W125/><G125/><T27/><D10/><U134/><E127/><V37/><F102/><W117/><G117/><T111/><D111/><U68/><E129/><V39/><F39/><W4/><G4/><T5/><D5/><U108/><E108/><V94/><F82/><W89/><G44/><T36/><D36/><U3/><E3/><V67/><F67/><W74/><G74/><T80/><D80/><U106/><E106/><V51/><REACH who="2" step="1"/><F11/><REACH who="2" ten="325,232,130,293" step="2"/><W58/><G8/><T9/><D9/><N who="1" m="6575" /><E128/><V110/><F110/><W113/><G113/><T118/><D118/><U83/><AGARI ba="3,2" hai="45,48,54,62,64,68,83,86,88,132,134" m="6575" machi="83" ten="30,2000,0" yaku="25,1,54,1" doraHai="123" who="1" fromWho="1" sc="325,-13,232,49,130,-8,293,-8" />
</Scene>
<Scene>
<INIT seed="5,0,0,2,1,33" ten="312,281,122,285" oya="1" hai0="48,87,62,119,47,44,80,46,34,113,23,117,70" hai1="126,61,36,64,17,133,130,83,22,12,115,58,114" hai2="8,122,129,125,75,97,11,104,52,100,82,26,127" hai3="63,6,69,102,77,72,49,74,53,32,24,90,106"/><U60/><E36/><V15/><F122/><W120/><G120/><T57/><D34/><U66/><E130/><V18/><F129/><W16/><G90/><T103/><D103/><U13/><E133/><V0/><F26/><W86/><G86/><T79/><D113/><U81/><E126/><N who="2" m="48139" /><F75/><W134/><G134/><T59/><D23/><U91/><E12/><V105/><F82/><W112/><G112/><N who="1" m="43050" /><E91/><V55/><F105/><W121/><G121/><T35/><D35/><U96/><E96/><V65/><F65/><W56/><G6/><AGARI ba="0,0" hai="0,6,8,11,15,18,52,55,97,100,104" m="48139" machi="6" ten="30,3900,0" yaku="18,1,52,1,54,1" doraHai="33" who="2" fromWho="3" sc="312,0,281,0,122,39,285,-39" />
</Scene>
<Scene>
<INIT seed="6,0,0,3,2,129" ten="312,281,161,246" oya="2" hai0="51,75,78,57,93,65,128,16,19,10,21,13,84" hai1="95,77,56,116,88,63,39,42,27,50,53,82,124" hai2="87,72,115,133,81,5,1,18,70,64,36,62,23" hai3="43,114,47,68,86,33,35,111,94,83,117,122,85"/><V14/><F115/><W45/><G111/><T15/><D75/><U73/><E116/><V109/><F109/><W98/><G117/><T92/><D128/><U119/><E119/><V105/><F105/><W0/><G0/><T67/><D51/><U4/><E124/><V108/><F108/><W38/><G122/><T49/><D49/><U89/><E39/><V66/><F36/><W34/><G68/><T59/><D78/><U30/><E4/><V54/><F72/><W6/><G6/><T40/><D40/><U25/><E95/><N who="0" m="36425" /><D84/><U74/><E74/><V112/><F112/><W2/><G2/><T97/><D97/><U12/><E12/><V99/><F99/><W55/><G114/><T79/><D79/><U126/><E126/><V131/><F131/><W17/><G47/><T26/><D26/><U118/><E118/><V61/><F54/><W113/><G113/><T123/><D123/><U134/><E25/><V48/><F48/><W29/><G29/><T101/><D101/><U102/><E102/><V130/><F130/><W106/><G106/><T28/><D28/><U32/><E134/><V125/><F125/><W9/><G55/><T96/><D96/><U60/><REACH who="1" step="1"/><E42/><REACH who="1" ten="312,271,161,246" step="2"/><V44/><F133/><W37/><G38/><T104/><D104/><U91/><AGARI ba="0,1" hai="27,30,32,50,53,56,60,63,73,77,82,88,89,91" machi="91" ten="30,7900,0" yaku="1,1,2,1,0,1,54,1,53,0" doraHai="129" doraHaiUra="110" who="1" fromWho="1" sc="312,-20,271,89,161,-39,246,-20" />
</Scene>
<Scene>
<INIT seed="7,0,0,2,2,5" ten="292,360,122,226" oya="3" hai0="52,28,39,34,93,30,9,98,45,82,112,128,133" hai1="132,107,18,121,118,29,110,76,114,103,14,111,0" hai2="101,11,87,80,97,57,88,47,59,4,123,106,75" hai3="90,74,55,12,54,36,134,33,115,27,21,37,105"/><W31/><G105/><T61/><D133/><U126/><E0/><V84/><F123/><W32/><G74/><T89/><D128/><U127/><E121/><V78/><F47/><W26/><G115/><T119/><D119/><U100/><E29/><N who="0" m="11369" /><D39/><U48/><E114/><V73/><F87/><W68/><G68/><T94/><D34/><U77/><E132/><V2/><REACH who="2" step="1"/><F75/><REACH who="2" ten="292,360,112,226" step="2"/><W17/><G134/><T20/><D112/><U53/><E111/><V86/><F86/><W64/><G33/><T102/><D82/><U15/><E110/><V81/><AGARI ba="0,1" hai="2,4,11,57,59,73,78,80,81,84,88,97,101,106" machi="81" ten="20,8000,1" yaku="1,1,0,1,7,1,52,1,54,1,53,0" doraHai="5" doraHaiUra="109" who="2" fromWho="2" sc="292,-20,360,-20,112,90,226,-40" owari="272,7.0,340,44.0,202,-20.0,186,-31.0" />
</Scene>
</mjloggm>