<mjloggm ver="2.3"><GO type="225" lobby="0"/><UN n0="%56%65%6E%75%73%53%61%79" n1="%E5%A4%AA%E3%81%8F%E3%81%AA%E3%81%84%E3%81%8A" n2="%E9%88%B4%E4%BE%8D" n3="%74%61%74%73%75%37%30%32" dan="17,18,17,16" rate="2204.72,2205.12,2178.78,2127.68" sx="M,M,M,M"/><TAIKYOKU oya="0"/>

<Scene>
<INIT seed="0,0,0,3,5,93" ten="250,250,250,250" oya="0" hai0="66,54,3,62,20,98,9,17,130,95,32,82,107" hai1="79,48,2,84,65,27,101,8,91,129,13,120,72" hai2="30,76,110,78,118,133,41,74,92,131,103,34,69" hai3="25,29,116,61,126,28,43,35,10,6,83,97,117"/><T122/><D32/><U113/><E120/><V63/><F41/><W26/><G43/><T24/><D122/><U127/><E2/><V115/><F115/><W45/><G45/><T55/><D107/><U102/><E113/><V52/><F110/><W23/><G61/><T4/><D82/><U104/><E65/><V22/><F74/><W73/><G83/><T71/><REACH who="0" step="1"/><D130/><REACH who="0" ten="240,250,250,250" step="2"/><U135/><E104/><V16/><F131/><W5/><G73/><T39/><D39/><U128/><E129/><V49/><F118/><W40/><G40/><T119/><D119/><U0/><E128/><V50/><F76/><W44/><G117/><T99/><D99/><U90/><E79/><V19/><F78/><W124/><G116/><T96/><D96/><U7/><E72/><V59/><F34/><W68/><G97/><T75/><D75/><U21/><E84/><V1/><F92/><W38/><G38/><T33/><D33/><U121/><E121/><V15/><F133/><W67/><G35/><T81/><D81/><U14/><E135/><V87/><F87/><W12/><G126/><T31/><D31/><U37/><E37/><V85/><F30/><W123/><G124/><T70/><D70/><U105/><E127/><V109/><F85/><W11/><G123/><T58/><D58/><U80/><E80/><V64/><F69/><W18/><G68/><T53/><D53/><U42/><E105/><V60/><F59/><W77/><G77/><T89/><AGARI ba="0,1" hai="3,4,9,17,20,24,54,55,62,66,71,89,95,98" machi="89" ten="20,12000,1" yaku="1,1,0,1,7,1,52,1,53,1" doraHai="93" doraHaiUra="88" who="0" fromWho="0" sc="240,130,250,-40,250,-40,250,-40" />
</Scene>
<Scene>
<INIT seed="0,1,0,2,4,117" ten="370,210,210,210" oya="0" hai0="93,77,53,10,120,16,22,26,115,128,31,62,108" hai1="30,131,103,83,7,39,106,80,121,56,1,86,73" hai2="3,95,18,0,92,89,130,126,32,132,127,85,98" hai3="107,50,45,114,65,8,48,23,57,82,54,20,12"/><T66/><D115/><U34/><E56/><V5/><F32/><W21/><G114/><T84/><D120/><U49/><E49/><V88/><F130/><W118/><G118/><T9/><D128/><U81/><E131/><V35/><F35/><W42/><G107/><T105/><D105/><U58/><E58/><V69/><F132/><W55/><G82/><T110/><D53/><U46/><E86/><V90/><F69/><W38/><G38/><T122/><D122/><U99/><E121/><V51/><F90/><W44/><G42/><T40/><D40/><N who="1" m="22815" /><E34/><V72/><F72/><W109/><G109/><N who="0" m="42091" /><D31/><U100/><E30/><V113/><F113/><W125/><G125/><N who="2" m="47625" /><F5/><W94/><G94/><T87/><D87/><U47/><E47/><V41/><F18/><W79/><G79/><T17/><D17/><U123/><E123/><V37/><F37/><W124/><G124/><T116/><D116/><U29/><E29/><V15/><F15/><W64/><REACH who="3" step="1"/><G57/><REACH who="3" ten="370,210,210,200" step="2"/><N who="0" m="37199" /><D93/><U134/><E106/><V70/><F70/><W33/><G33/><T11/><D84/><U75/><E75/><V19/><F95/><W61/><G61/><T25/><D77/><U135/><E73/><V74/><F74/><W24/><G24/><AGARI ba="1,1" hai="9,10,11,16,22,24,25,26" m="37199,42091" machi="24" ten="30,5800,0" yaku="14,1,10,1,54,1" doraHai="117" who="0" fromWho="3" sc="370,71,210,0,210,0,200,-61" />
</Scene>
<Scene>
<INIT seed="0,2,0,4,3,9" ten="441,210,210,139" oya="0" hai0="27,69,91,68,58,109,44,123,85,24,39,80,67" hai1="70,54,40,59,61,19,64,13,93,135,82,71,84" hai2="18,81,106,115,113,45,28,103,117,53,100,126,5" hai3="22,16,47,121,111,38,30,110,96,116,90,17,74"/><T41/><D123/><U3/><E3/><V11/><F126/><W119/><G74/><T62/><REACH who="0" step="1"/><D109/><REACH who="0" ten="431,210,210,139" step="2"/><N who="3" m="41481" /><G121/><T130/><D130/><U86/><E135/><V66/><F113/><W50/><G38/><T23/><D23/><U37/><E37/><V124/><F115/><W108/><N who="3" m="41489" /><W114/><DORA hai="132" /><G114/><T89/><D89/><U42/><E71/><AGARI ba="2,1" hai="24,27,39,41,44,58,62,67,68,69,71,80,85,91" machi="71" ten="40,2000,0" yaku="1,1,53,0" doraHai="9,132" doraHaiUra="99,120" who="0" fromWho="1" sc="431,36,210,-26,210,0,139,0" />
</Scene>
<Scene>
<INIT seed="0,3,0,4,1,20" ten="467,184,210,139" oya="0" hai0="105,35,57,119,71,1,111,9,101,55,54,51,30" hai1="21,122,134,4,127,66,16,56,118,34,10,115,62" hai2="41,37,67,130,8,110,5,48,79,42,6,103,121" hai3="26,93,99,113,43,33,114,88,2,61,18,53,64"/><T65/><D55/><U92/><E118/><V45/><F121/><W126/><G126/><T29/><D119/><U78/><E122/><V11/><F110/><W44/><G2/><T97/><D111/><U36/><E34/><V85/><F130/><W70/><G53/><T72/><D72/><U40/><E127/><V17/><F103/><W14/><G33/><T59/><D59/><U106/><E106/><V128/><F67/><W98/><G99/><T12/><D1/><U109/><E109/><V108/><F128/><W63/><G63/><T81/><D81/><U60/><E134/><V95/><F108/><W90/><G90/><T83/><D83/><U112/><E78/><V87/><F95/><W84/><G98/><T132/><D132/><U77/><E77/><V135/><F79/><W75/><G75/><T15/><D35/><U69/><E92/><V38/><F17/><W91/><G91/><T74/><D74/><U7/><E36/><V32/><F32/><W3/><G3/><T124/><D124/><U102/><E40/><V39/><F135/><W123/><G123/><T23/><D9/><U24/><E102/><V96/><F96/><W104/><G104/><T131/><D131/><U116/><E116/><V13/><F41/><W49/><REACH who="3" step="1"/><G26/><REACH who="3" ten="467,184,210,129" step="2"/><N who="0" m="16607" /><D15/><AGARI ba="3,1" hai="5,6,8,11,13,15,37,38,39,42,45,48,85,87" machi="15" ten="40,1300,0" yaku="9,1" doraHai="20" who="2" fromWho="0" sc="467,-22,184,0,210,32,129,0" />
</Scene>
<Scene>
<INIT seed="1,0,0,3,0,0" ten="445,184,242,129" oya="1" hai0="4,79,12,62,5,60,23,132,134,127,118,47,72" hai1="64,100,55,44,93,16,10,116,28,39,74,83,48" hai2="109,63,94,57,129,81,99,33,53,29,8,18,6" hai3="88,32,91,98,70,9,76,86,21,34,85,78,90"/><U89/><E116/><V49/><F109/><W35/><G70/><T101/><D118/><U27/><E100/><V37/><F37/><W58/><G21/><T135/><D127/><U115/><E115/><V7/><F129/><W40/><G40/><T121/><D121/><U114/><E114/><V42/><F29/><W128/><G128/><T119/><D119/><U108/><E64/><N who="2" m="39023" /><F42/><W103/><G58/><T69/><D101/><U82/><E39/><V24/><F81/><W45/><G45/><T123/><D123/><U46/><E46/><N who="2" m="27831" /><F33/><W26/><G26/><T17/><D47/><U112/><E74/><V59/><F59/><W66/><G9/><T77/><D62/><U122/><E122/><V30/><F30/><W14/><G14/><T97/><D97/><N who="1" m="57519" /><E112/><V15/><F24/><W130/><G66/><N who="0" m="41159" /><D72/><U92/><E92/><V54/><F54/><W95/><REACH who="3" step="1"/><G130/><REACH who="3" ten="445,184,242,119" step="2"/><T25/><D25/><U41/><E10/><V43/><F43/><W20/><G20/><T113/><D113/><U106/><E41/><V133/><F133/><W11/><G11/><T19/><D19/><U50/><E16/><V73/><F18/><W13/><G13/><T71/><D71/><U110/><E27/><V102/><F15/><W126/><G126/><T52/><D52/><U107/><E28/><V51/><F8/><W84/><AGARI ba="0,1" hai="32,34,35,76,78,84,85,86,88,90,91,95,98,103" machi="84" ten="40,8000,1" yaku="1,1,0,1,29,2,54,1,53,0" doraHai="0" doraHaiUra="61" who="3" fromWho="3" sc="445,-20,184,-40,242,-20,119,90" />
</Scene>
<Scene>
<INIT seed="2,0,0,4,3,122" ten="425,144,222,209" oya="2" hai0="94,23,135,16,65,55,43,90,54,32,98,62,121" hai1="58,70,114,74,22,100,133,81,66,131,130,72,71" hai2="21,5,33,115,83,9,80,101,14,17,60,64,18" hai3="124,31,12,52,6,29,69,11,2,129,82,49,20"/><V96/><F115/><W108/><G69/><N who="1" m="26122" /><E114/><V85/><F33/><W68/><G68/><T47/><D121/><U127/><E100/><V120/><F120/><W125/><G129/><N who="1" m="49162" /><E22/><V134/><F134/><W24/><G82/><T79/><D79/><U88/><E133/><V56/><F85/><W63/><G63/><T132/><D32/><U34/><E34/><V19/><REACH who="2" step="1"/><F21/><REACH who="2" ten="425,144,212,209" step="2"/><W59/><G108/><T61/><D135/><U46/><E127/><N who="3" m="48714" /><G31/><T41/><D132/><U3/><E72/><V48/><F48/><W126/><N who="3" m="48722" /><W109/><DORA hai="128" /><G109/><T0/><D23/><U97/><E74/><V7/><F7/><W44/><G44/><T28/><D47/><U118/><E46/><V113/><F113/><W119/><G119/><T84/><D84/><U40/><E118/><V50/><F50/><W87/><G87/><T35/><D35/><U110/><E110/><V53/><F53/><W38/><G38/><T111/><D55/><U10/><E40/><V77/><F77/><W103/><G103/><T39/><D111/><U116/><E116/><V92/><AGARI ba="0,1" hai="5,9,14,17,18,19,56,60,64,80,83,92,96,101" machi="92" ten="30,6000,0" yaku="1,1,0,1,8,1,53,0" doraHai="122,128" doraHaiUra="86,37" who="2" fromWho="2" sc="425,-20,144,-20,212,70,209,-20" />
</Scene>
<Scene>
<INIT seed="2,1,0,2,2,119" ten="405,124,282,189" oya="2" hai0="77,44,127,93,134,9,42,105,6,116,73,131,37" hai1="22,117,54,46,5,30,123,91,81,50,129,12,28" hai2="27,29,21,75,3,16,71,133,95,59,108,110,80" hai3="61,57,102,36,128,8,87,52,23,11,109,49,121"/><V94/><F71/><W76/><G36/><T7/><D105/><U96/><E117/><V118/><F118/><W92/><G109/><N who="2" m="42089" /><F3/><W24/><G128/><T68/><D116/><U106/><E129/><V86/><F133/><W19/><G121/><T38/><D131/><U89/><E106/><V72/><F59/><W47/><G76/><T130/><D7/><U82/><E123/><V4/><F4/><W113/><G113/><T60/><D130/><U41/><E41/><V85/><F29/><W48/><G48/><T67/><D93/><N who="2" m="35338" /><F86/><W43/><REACH who="3" step="1"/><G87/><REACH who="3" ten="405,124,282,179" step="2"/><T104/><D134/><U69/><E96/><AGARI ba="1,1" hai="8,11,19,23,24,43,47,49,52,57,61,92,96,102" machi="96" ten="40,8000,1" yaku="1,1,2,1,8,1,54,1,53,1" doraHai="119" doraHaiUra="17" who="3" fromWho="1" sc="405,0,124,-83,282,0,179,93" />
</Scene>
<Scene>
<INIT seed="3,0,0,3,5,123" ten="405,41,282,272" oya="3" hai0="13,43,23,91,89,49,135,27,45,92,111,94,105" hai1="132,93,99,65,74,44,62,127,118,30,125,114,19" hai2="53,73,90,104,67,83,77,86,87,37,109,78,134" hai3="64,51,75,42,17,116,16,108,72,110,28,29,8"/><W80/><G64/><T68/><D111/><N who="3" m="42537" /><G116/><T57/><D105/><U66/><E118/><V119/><F67/><W4/><G80/><T50/><D135/><U7/><E132/><V76/><F53/><W46/><G29/><N who="0" m="17663" /><D68/><U22/><E114/><V1/><F134/><W6/><G28/><T31/><D31/><U69/><E74/><N who="3" m="28202" /><G6/><T113/><D113/><U84/><E30/><V14/><F73/><W106/><G106/><T81/><D81/><U21/><E7/><V24/><F104/><W2/><AGARI ba="0,0" hai="2,4,8,16,17,42,46,51" m="28202,42537" machi="2" ten="30,18000,2" yaku="14,1,10,1,52,3,54,1" doraHai="123" who="3" fromWho="3" sc="405,-60,41,-60,282,-60,272,180" owari="345,15.0,-19,-52.0,222,-18.0,452,55.0" />
</Scene>
</mjloggm>