<mjloggm ver="2.3"><GO type="169" lobby="0"/><UN n0="%E3%81%BE%E3%82%8B%E3%81%99%E3%81%91" n1="%E5%A4%AA%E3%81%8F%E3%81%AA%E3%81%84%E3%81%8A" n2="%E5%AD%A3%E9%81%95%E3%81%84%E4%BF%B3%E4%BA%BA" n3="%4C%69%6C%69%6D" dan="16,17,17,17" rate="2122.66,2178.13,2092.19,2164.70" sx="M,M,M,F"/><TAIKYOKU oya="0"/>

<Scene>
<INIT seed="0,0,0,0,1,124" ten="250,250,250,250" oya="0" hai0="86,11,95,51,130,42,83,87,49,116,20,78,55" hai1="129,70,15,126,36,102,58,0,39,117,121,3,107" hai2="111,91,34,53,40,89,133,72,52,12,73,115,64" hai3="82,135,120,50,94,101,59,18,67,5,84,31,43"/><T104/><D104/><U110/><RYUUKYOKU type="yao9" ba="0,0" sc="250,0,250,0,250,0,250,0" hai1="0,3,15,36,39,58,70,102,107,110,117,121,126,129" />
</Scene>
<Scene>
<INIT seed="0,1,0,2,0,35" ten="250,250,250,250" oya="0" hai0="134,111,29,110,66,86,36,116,91,108,129,119,49" hai1="125,81,59,12,103,24,26,7,40,84,98,131,68" hai2="11,74,76,30,77,83,126,17,51,69,105,78,27" hai3="115,57,72,92,117,43,79,8,56,120,85,58,18"/><T42/><D29/><U130/><E68/><V46/><F105/><W5/><G117/><T3/><D134/><U135/><E40/><V133/><F69/><W44/><G115/><T132/><D132/><U65/><E135/><V19/><F133/><W0/><G120/><T109/><N who="0" m="27648" /><DORA hai="2" /><T39/><D129/><N who="1" m="49163" /><E125/><V33/><F126/><W67/><G18/><T106/><D106/><N who="1" m="63863" /><E65/><V1/><F19/><W48/><G72/><T28/><D28/><U34/><E59/><V82/><F82/><W61/><G92/><N who="0" m="54391" /><D66/><U107/><E34/><V13/><REACH who="2" step="1"/><F1/><REACH who="2" ten="250,250,240,250" step="2"/><W60/><REACH who="3" step="1"/><G67/><REACH who="3" ten="250,250,240,240" step="2"/><T70/><D116/><U52/><E107/><V118/><F118/><W122/><G122/><T121/><D119/><U37/><E81/><AGARI ba="1,2" hai="0,5,8,43,44,48,56,57,58,60,61,79,81,85" machi="81" ten="40,5200,0" yaku="1,1,52,2,53,0" doraHai="35,2" doraHaiUra="89,14" who="3" fromWho="1" sc="250,0,250,-55,240,0,240,75" />
</Scene>
<Scene>
<INIT seed="1,0,0,1,3,90" ten="250,195,240,315" oya="1" hai0="107,101,35,74,27,56,24,113,94,135,12,3,2" hai1="87,126,34,105,127,104,100,19,65,28,132,96,102" hai2="70,134,38,20,11,123,50,91,106,59,86,9,110" hai3="54,125,111,85,103,17,25,53,26,23,112,131,76"/><U60/><E132/><V93/><F123/><W40/><G112/><T120/><D113/><U109/><E109/><V13/><F110/><W21/><G111/><T44/><D74/><U89/><E19/><V6/><F70/><W4/><G125/><N who="1" m="47626" /><E28/><V22/><F106/><N who="1" m="41065" /><E34/><V61/><F134/><W8/><G103/><T99/><D120/><U66/><E96/><V114/><F38/><W37/><G37/><T46/><D135/><U130/><E130/><V97/><F114/><W77/><G40/><T55/><D107/><U41/><E41/><V18/><F50/><W122/><G131/><T124/><D124/><U47/><E47/><N who="0" m="17961" /><D35/><U1/><E1/><V30/><F30/><W72/><G122/><T16/><D3/><U117/><E117/><V133/><F133/><W10/><G4/><T36/><D2/><U69/><E66/><N who="2" m="39231" /><F97/><W52/><G72/><T7/><D7/><U48/><E48/><V71/><F71/><W63/><G63/><N who="0" m="36255" /><D36/><U129/><E129/><V42/><F42/><W128/><G128/><T79/><D79/><U119/><E119/><V116/><F116/><W51/><G51/><T31/><D31/><U14/><E14/><AGARI ba="0,0" hai="6,9,11,13,14,18,20,22,86,91,93" m="39231" machi="14" ten="30,2000,0" yaku="8,1,52,1" doraHai="90" who="2" fromWho="1" sc="250,0,195,-20,240,20,315,0" />
</Scene>
<Scene>
<INIT seed="2,0,0,5,0,76" ten="250,175,260,315" oya="2" hai0="5,22,41,74,59,84,16,123,38,57,53,91,60" hai1="108,106,6,54,93,120,50,27,101,18,49,10,2" hai2="19,126,63,115,130,117,64,33,118,61,28,73,113" hai3="103,98,0,45,135,116,39,75,21,47,85,66,26"/><V86/><F73/><W131/><G116/><N who="2" m="44649" /><F19/><W68/><G75/><T58/><D123/><U80/><E120/><V69/><F86/><W36/><G0/><T8/><D74/><U56/><E106/><V104/><F104/><W46/><G66/><T72/><D72/><U134/><E134/><V71/><F28/><W3/><G68/><N who="2" m="26185" /><F33/><W25/><G135/><T121/><D121/><U51/><E108/><V24/><F24/><W109/><G109/><T14/><D38/><U129/><E129/><V70/><F130/><W111/><G131/><T119/><D41/><U78/><E101/><V127/><F61/><W43/><G3/><T4/><D119/><U11/><E93/><V96/><F96/><W95/><G85/><T82/><REACH who="0" step="1"/><D5/><REACH who="0" ten="240,175,260,315" step="2"/><U132/><E132/><V77/><F77/><W52/><G111/><T124/><D124/><AGARI ba="0,1" hai="63,64,70,113,115,124,126,127" m="26185,44649" machi="124" ten="40,12000,1" yaku="18,1,23,1,34,2" doraHai="76" who="2" fromWho="0" sc="240,-120,175,0,260,130,315,0" />
</Scene>
<Scene>
<INIT seed="2,1,0,1,3,85" ten="120,175,390,315" oya="2" hai0="133,92,17,14,120,123,34,128,30,89,0,10,36" hai1="58,3,4,129,121,131,105,38,15,63,55,19,60" hai2="21,130,46,50,66,32,59,44,88,95,72,13,135" hai3="61,119,93,122,77,115,57,16,42,83,74,27,118"/><V31/><F72/><W111/><G122/><T5/><D36/><U37/><E105/><V103/><F135/><W9/><G115/><T53/><D133/><U39/><E121/><V114/><F114/><W18/><G111/><T40/><D40/><U48/><E4/><V96/><F130/><N who="1" m="49673" /><E3/><V110/><F110/><W11/><G42/><T56/><D128/><U51/><E15/><V84/><F32/><W90/><G11/><T68/><D68/><U87/><E19/><N who="2" m="10479" /><F31/><W124/><G124/><T102/><D102/><U69/><E87/><V126/><F126/><W97/><G18/><T49/><D34/><U6/><E6/><V134/><F134/><W25/><G25/><T107/><D107/><U99/><E99/><V47/><F66/><AGARI ba="1,0" hai="37,38,39,48,51,55,58,60,63,66,69" m="49673" machi="66" ten="40,5200,0" yaku="19,1,34,2" doraHai="85" who="1" fromWho="2" sc="120,0,175,55,390,-55,315,0" />
</Scene>
<Scene>
<INIT seed="3,0,0,1,1,108" ten="120,230,335,315" oya="3" hai0="106,99,98,59,85,70,89,43,63,15,101,72,54" hai1="117,71,66,0,10,135,4,128,130,91,105,21,51" hai2="58,80,40,32,88,74,68,41,96,36,49,50,37" hai3="14,69,55,11,100,1,84,83,134,8,110,12,109"/><W46/><G69/><T131/><D131/><N who="1" m="50219" /><E135/><V119/><F32/><W86/><G100/><T45/><D72/><U7/><E117/><V93/><F119/><W39/><G1/><T102/><D70/><U126/><E126/><V57/><F68/><W26/><G26/><T27/><D27/><U62/><E105/><V125/><F125/><W94/><G94/><T23/><D23/><U114/><E7/><V17/><F36/><W129/><G134/><T9/><D45/><U123/><E123/><V6/><F6/><W118/><G118/><T22/><D43/><N who="2" m="16458" /><F74/><W127/><G39/><T124/><D22/><U31/><E51/><N who="2" m="19467" /><F37/><W87/><G127/><T73/><D73/><U16/><E91/><N who="2" m="55359" /><F17/><N who="3" m="8327" /><G46/><T53/><D124/><U34/><E34/><V97/><F97/><W79/><G55/><T78/><D54/><U104/><E104/><V103/><F103/><W5/><G129/><T64/><D53/><U20/><E31/><V29/><F29/><W44/><G44/><T90/><D99/><U2/><E2/><V95/><F95/><W81/><G83/><N who="0" m="47351" /><D102/><U33/><E33/><V107/><F107/><W67/><G110/><T48/><D48/><U133/><E21/><V35/><F35/><W92/><G109/><T13/><D9/><U18/><E133/><V65/><F65/><W25/><G67/><T75/><D75/><U19/><E20/><V38/><F38/><W113/><G92/><T115/><D106/><U60/><E60/><V111/><F111/><W116/><G116/><T122/><D122/><U120/><E120/><V61/><F61/><W28/><G11/><RYUUKYOKU ba="0,0" sc="120,-15,230,15,335,15,315,-15" hai1="0,4,10,16,18,19,62,66,71,114" hai2="57,58,80,88" />
</Scene>
<Scene>
<INIT seed="4,1,0,3,2,61" ten="105,245,350,300" oya="0" hai0="56,28,95,59,4,126,128,53,72,19,99,121,43" hai1="22,51,75,74,131,34,21,16,135,123,120,13,0" hai2="39,105,35,115,55,98,102,77,7,108,119,48,110" hai3="132,97,20,2,109,92,93,114,65,29,17,122,37"/><T5/><D121/><N who="1" m="46667" /><E51/><V9/><F39/><W129/><G122/><T124/><D72/><U38/><E38/><V33/><F115/><W96/><G109/><T103/><D128/><U90/><E90/><V68/><F68/><W88/><G37/><T12/><D28/><U27/><E75/><V62/><F62/><W64/><G129/><T46/><D124/><U70/><E70/><V82/><F119/><W36/><G36/><T23/><D126/><U79/><E79/><V58/><F108/><W44/><G132/><T117/><D117/><U125/><E74/><V6/><F110/><W42/><G2/><T1/><D1/><U15/><E125/><V133/><F133/><W91/><G29/><T80/><D80/><U49/><E49/><V106/><F106/><W112/><G44/><T94/><D43/><U84/><E84/><V67/><F6/><N who="0" m="2666" /><D95/><U14/><E0/><V71/><F71/><W89/><G89/><T85/><D85/><U127/><E127/><V52/><F55/><W57/><G42/><T66/><D66/><U83/><E83/><V54/><F67/><W3/><G3/><T134/><D134/><U26/><E135/><V10/><F54/><W118/><G118/><T60/><D60/><U81/><E81/><V31/><F82/><W78/><G78/><T111/><D111/><U130/><E34/><V63/><F77/><W24/><G57/><T116/><D116/><U69/><E69/><V11/><F33/><W45/><G45/><T100/><D100/><U18/><AGARI ba="1,0" hai="13,14,15,16,18,21,22,26,27,130,131" m="46667" machi="18" ten="40,5200,0" yaku="34,2,54,1" doraHai="61" who="1" fromWho="1" sc="105,-27,245,55,350,-14,300,-14" />
</Scene>
<Scene>
<INIT seed="5,0,0,2,5,32" ten="78,300,336,286" oya="1" hai0="43,20,125,74,57,130,79,3,2,15,85,98,66" hai1="111,37,108,44,73,60,102,95,100,22,76,0,64" hai2="40,31,6,39,126,5,84,59,80,23,88,54,96" hai3="134,128,35,17,13,114,113,18,133,25,86,21,16"/><U12/><E76/><V14/><F126/><W78/><G78/><T109/><D109/><N who="1" m="42059" /><E73/><V63/><F39/><W36/><G36/><T53/><D74/><U118/><E118/><V103/><F40/><W24/><G86/><T92/><D125/><U75/><E75/><V117/><F117/><W7/><G128/><T81/><D130/><U46/><E0/><V83/><F83/><W52/><G52/><T104/><D104/><U110/><E37/><V112/><F112/><N who="3" m="43115" /><G35/><T38/><D66/><U48/><E95/><N who="2" m="58783" /><F31/><N who="3" m="17807" /><G25/><T105/><D105/><U41/><E46/><V106/><F106/><W10/><AGARI ba="0,0" hai="7,10,13,16,17,18,133,134" m="17807,43115" machi="10" ten="40,8000,1" yaku="15,1,34,2,54,1" doraHai="32" who="3" fromWho="3" sc="78,-20,300,-40,336,-20,286,80" />
</Scene>
<Scene>
<INIT seed="6,0,0,2,0,32" ten="58,260,316,366" oya="2" hai0="43,68,108,132,87,64,91,45,20,105,70,47,97" hai1="130,121,33,131,48,80,38,13,79,135,23,118,86" hai2="26,63,98,29,5,34,0,100,117,35,116,127,31" hai3="41,57,133,85,124,129,42,59,76,93,4,77,101"/><V123/><F63/><W12/><G124/><T99/><D108/><U36/><E33/><V61/><F61/><W126/><G126/><T81/><D132/><U21/><E118/><V55/><F55/><W25/><G133/><T102/><D64/><U2/><E135/><V103/><F127/><W134/><G134/><T11/><D47/><U74/><E121/><V69/><F69/><W49/><G25/><T125/><D125/><U89/><E48/><V78/><F78/><W53/><G129/><N who="1" m="49162" /><E2/><V18/><F18/><W73/><G73/><T83/><D20/><N who="1" m="7755" /><E13/><V37/><F37/><W106/><G106/><T8/><D99/><U112/><E112/><V1/><F123/><W72/><G72/><T88/><D68/><U7/><E7/><V104/><F100/><W16/><G4/><T92/><D70/><U109/><E109/><V71/><F71/><W51/><G101/><T90/><D105/><U94/><AGARI ba="0,0" hai="36,38,74,79,80,86,89,94" m="7755,49162" machi="94" ten="30,1100,0" yaku="19,1" doraHai="32" who="1" fromWho="1" sc="58,-3,260,11,316,-5,366,-3" />
</Scene>
<Scene>
<INIT seed="7,0,0,2,4,108" ten="55,271,311,363" oya="3" hai0="85,124,117,102,112,106,31,13,75,79,119,89,100" hai1="76,27,10,80,126,14,11,8,69,72,46,92,123" hai2="12,25,105,114,64,135,50,120,81,34,38,44,66" hai3="56,15,62,111,37,130,104,115,4,39,3,83,35"/><W121/><G121/><T2/><D31/><U41/><E123/><V113/><F105/><W40/><G104/><T17/><D2/><U67/><E126/><V0/><F0/><W60/><G35/><T118/><D13/><U70/><E27/><V33/><F38/><W18/><G4/><T73/><D17/><U19/><E92/><V94/><F120/><W57/><G3/><T42/><D42/><U78/><E78/><V16/><F135/><W22/><G111/><T43/><D43/><U5/><E67/><N who="2" m="25643" /><F81/><W23/><G83/><T71/><D71/><U86/><E72/><V55/><F25/><W128/><G40/><T101/><D124/><U133/><E133/><V51/><F51/><W45/><G39/><T21/><D21/><U107/><E107/><V29/><F29/><W47/><G37/><T103/><D103/><U1/><REACH who="1" step="1"/><E11/><REACH who="1" ten="55,261,311,363" step="2"/><N who="2" m="6175" /><F94/><W93/><G93/><T134/><D134/><U90/><E90/><V91/><F91/><W6/><G128/><T7/><D7/><U116/><E116/><V52/><F55/><W48/><G6/><T59/><D59/><U88/><E88/><V97/><F97/><W96/><G96/><T131/><D131/><U61/><E61/><V63/><F63/><W28/><G62/><T26/><D26/><U125/><E125/><V82/><F82/><W49/><G60/><T109/><D109/><U98/><E98/><V127/><F127/><W36/><G130/><T58/><D58/><U54/><E54/><V68/><F68/><W74/><G56/><T24/><D119/><U122/><E122/><V129/><F129/><RYUUKYOKU ba="0,1" sc="55,-15,261,15,311,15,363,-15" hai1="1,5,8,10,14,19,41,46,69,70,76,80,86" hai2="33,34,44,50,52,113,114" owari="40,-46.0,276,-12.0,326,13.0,358,45.0" />
</Scene>
</mjloggm>