<mjloggm ver="2.3"><GO type="169" lobby="0"/><UN n0="%E9%BA%BB%E7%94%9F%E9%9B%80%E5%AD%90" n1="%6C%69%6C%6C%61%6D%6D%6D" n2="%E4%B8%AD%E5%B1%B1%E9%87%8E%E8%8D%89" n3="%E5%A4%AA%E3%81%8F%E3%81%AA%E3%81%84%E3%81%8A" dan="17,16,18,17" rate="2163.49,2126.27,2184.33,2205.54" sx="F,M,M,F"/><TAIKYOKU oya="0"/>

<Scene>
<INIT seed="0,0,0,1,1,13" ten="250,250,250,250" oya="0" hai0="61,102,16,82,96,14,93,1,130,20,47,117,133" hai1="116,73,108,22,86,58,28,55,106,59,134,110,126" hai2="124,80,125,10,35,65,120,45,42,62,9,50,40" hai3="24,56,51,32,114,119,98,131,36,76,88,90,121"/><T70/><D117/><U109/><E73/><V11/><F35/><W97/><G36/><T33/><D33/><U123/><E116/><V23/><F120/><W71/><G71/><T67/><D133/><U8/><E123/><V2/><F23/><W113/><G119/><T78/><D130/><U74/><E74/><V81/><F40/><W31/><G121/><T99/><D99/><U104/><E134/><V27/><F27/><W37/><G37/><T18/><D1/><U52/><E126/><N who="2" m="48747" /><F2/><W53/><G76/><T75/><D47/><U68/><E68/><AGARI ba="0,0" hai="9,10,11,42,45,50,62,65,68,80,81" m="48747" machi="68" ten="30,1000,0" yaku="18,1" doraHai="13" who="2" fromWho="1" sc="250,0,250,-10,250,10,250,0" />
</Scene>
<Scene>
<INIT seed="1,0,0,3,4,54" ten="250,240,260,250" oya="1" hai0="73,130,121,10,53,13,58,75,50,80,116,97,29" hai1="101,28,128,110,45,95,117,40,131,37,129,38,82" hai2="19,43,66,4,18,65,72,81,67,123,23,115,111" hai3="0,122,42,21,113,91,89,14,92,119,16,88,51"/><U94/><E117/><V8/><F123/><W27/><G122/><T99/><D116/><U26/><E110/><V133/><F111/><W57/><G119/><T52/><D121/><U108/><E108/><V71/><F133/><W12/><G113/><T90/><D29/><U105/><E38/><V60/><F115/><W30/><G0/><T6/><D130/><U17/><E17/><V2/><F43/><W64/><G42/><T120/><D120/><U63/><E82/><V9/><F9/><N who="3" m="6159" /><G14/><T126/><D126/><U74/><E74/><V25/><F19/><W36/><G36/><T106/><D73/><U78/><E78/><V46/><F46/><W68/><G68/><T7/><D106/><U22/><REACH who="1" step="1"/><E63/><REACH who="1" ten="250,230,260,250" step="2"/><V84/><F72/><W1/><G1/><T86/><D75/><U47/><E47/><V33/><F33/><W70/><G70/><T62/><D6/><U83/><E83/><V34/><F34/><W76/><G76/><AGARI ba="0,1" hai="2,4,8,18,23,25,60,65,66,67,71,76,81,84" machi="76" ten="30,1000,0" yaku="7,1" doraHai="54" who="2" fromWho="3" sc="250,0,230,0,260,20,250,-10" />
</Scene>
<Scene>
<INIT seed="2,0,0,5,0,95" ten="250,230,280,240" oya="2" hai0="76,15,62,102,82,97,125,106,116,126,64,55,40" hai1="133,9,134,3,110,24,60,119,41,17,31,114,90" hai2="36,108,42,118,8,109,103,120,21,92,99,73,12" hai3="77,27,135,124,29,18,85,115,107,72,70,104,59"/><V38/><F120/><W54/><G70/><T44/><D55/><U52/><E119/><V129/><F118/><W121/><G121/><T49/><D15/><U22/><E114/><V39/><F73/><W67/><G72/><T50/><D116/><U130/><E110/><N who="2" m="42603" /><F129/><W101/><G67/><T37/><D50/><U23/><E130/><V35/><F35/><W131/><G131/><T66/><D49/><U30/><E41/><V96/><F21/><W6/><G6/><T33/><D33/><U87/><E3/><V51/><F103/><W57/><G18/><T19/><D19/><U117/><E9/><V71/><F92/><W127/><G115/><T123/><D123/><U46/><E117/><V93/><F93/><W74/><G74/><N who="0" m="43287" /><D66/><U13/><E31/><V78/><F78/><W68/><G77/><T111/><D111/><U48/><REACH who="1" step="1"/><E60/><REACH who="1" ten="250,220,280,240" step="2"/><V4/><F71/><AGARI ba="0,1" hai="37,40,44,62,64,71,97,102,106,125,126" m="43287" machi="71" ten="30,2000,0" yaku="23,1,52,1" doraHai="95" who="0" fromWho="2" sc="250,30,220,0,280,-20,240,0" />
</Scene>
<Scene>
<INIT seed="3,0,0,4,5,42" ten="280,220,260,240" oya="3" hai0="87,3,0,17,29,73,50,107,9,124,27,53,16" hai1="59,52,35,135,71,55,44,26,48,101,93,118,76" hai2="32,54,99,88,23,19,92,4,109,106,46,77,65" hai3="119,67,75,85,5,41,22,96,90,100,10,13,11"/><W69/><G75/><T131/><D73/><U120/><E120/><V130/><F32/><W61/><G119/><T94/><D107/><U98/><E118/><V108/><F130/><W115/><G115/><T125/><D131/><U28/><E135/><V60/><F106/><W37/><G22/><N who="0" m="15607" /><D94/><U63/><E76/><V34/><F34/><W114/><G114/><T123/><D87/><U57/><REACH who="1" step="1"/><E71/><REACH who="1" ten="280,210,260,240" step="2"/><V95/><F77/><W82/><G11/><T43/><D123/><U62/><E62/><V33/><F33/><W24/><G61/><T38/><D9/><U6/><E6/><V86/><F4/><W102/><G69/><T126/><D3/><U104/><E104/><V116/><F116/><W127/><G10/><T56/><D0/><U122/><E122/><V79/><F79/><W129/><G5/><T133/><D133/><U30/><E30/><V36/><F109/><W51/><G129/><T112/><D112/><U25/><E25/><V103/><F108/><W15/><G24/><T64/><D64/><U31/><E31/><V58/><F23/><W45/><G67/><T113/><D113/><U105/><E105/><V132/><F132/><W47/><G127/><T18/><D18/><U20/><E20/><V2/><F19/><W91/><G13/><T12/><D12/><U97/><E97/><V134/><F134/><W1/><G1/><T128/><D128/><U81/><E81/><V117/><F117/><W40/><REACH who="3" step="1"/><G15/><REACH who="3" ten="280,210,260,230" step="2"/><T68/><D68/><U7/><E7/><V21/><F2/><W49/><G49/><T66/><D66/><U110/><E110/><RYUUKYOKU ba="0,2" sc="280,10,210,10,260,-30,230,10" hai0="16,17,38,43,50,53,56,124,125,126" hai1="26,28,35,44,48,52,55,57,59,63,93,98,101" hai3="37,40,41,45,47,51,82,85,90,91,96,100,102" />
</Scene>
<Scene>
<INIT seed="3,1,2,0,3,56" ten="290,220,230,240" oya="3" hai0="47,66,46,38,110,84,125,3,44,61,75,116,74" hai1="117,31,134,126,11,95,58,13,39,53,0,29,81" hai2="41,100,63,15,5,8,23,118,12,85,101,18,37" hai3="14,57,93,122,60,32,16,83,80,54,128,55,67"/><W130/><G32/><T114/><D3/><U26/><E39/><V78/><F118/><W91/><G122/><T133/><D116/><U45/><E117/><V30/><F37/><W105/><G105/><T94/><D110/><U51/><E126/><V121/><F121/><W96/><G130/><T88/><D38/><U7/><E134/><V106/><F106/><W129/><G129/><T21/><D125/><U49/><E0/><V69/><F41/><W35/><G35/><T131/><D131/><U98/><E81/><N who="3" m="31306" /><G128/><T113/><D21/><AGARI ba="1,2" hai="14,16,21,54,55,57,60,67,91,93,96" m="31306" machi="21" ten="30,5800,0" yaku="8,1,52,1,54,1" doraHai="56" who="3" fromWho="0" sc="290,-61,220,0,230,0,240,81" />
</Scene>
<Scene>
<INIT seed="3,2,0,3,0,121" ten="229,220,230,321" oya="3" hai0="30,86,114,79,55,113,95,82,101,23,76,130,122" hai1="80,83,117,64,35,42,100,69,38,75,12,134,131" hai2="66,97,116,88,8,132,43,96,25,84,62,5,51" hai3="125,16,126,7,39,57,20,13,15,3,105,91,58"/><W103/><G39/><T85/><D55/><U14/><E35/><V87/><F116/><W31/><G3/><T104/><D30/><U135/><E117/><V27/><F132/><W21/><G91/><N who="0" m="53751" /><D23/><U94/><E131/><V59/><F84/><W119/><G119/><T56/><D56/><U45/><E64/><V109/><F109/><W9/><G105/><T71/><D71/><U34/><E34/><V6/><F97/><W123/><G103/><T67/><D67/><U37/><E69/><V24/><F96/><W63/><G123/><T120/><D130/><U49/><E94/><V128/><F128/><W65/><REACH who="3" step="1"/><G57/><REACH who="3" ten="229,220,230,311" step="2"/><T70/><D70/><U22/><E100/><V89/><F89/><W32/><G32/><T18/><D101/><U60/><E38/><V61/><F61/><W127/><G127/><T124/><D104/><U118/><E37/><V1/><F1/><W112/><G112/><N who="0" m="43115" /><D124/><U50/><E118/><V78/><F78/><N who="0" m="29738" /><D18/><U54/><E60/><V77/><F77/><AGARI ba="2,1" hai="77,82,85,120,122" m="29738,43115,53751" machi="77" ten="30,3900,0" yaku="11,1,34,2" doraHai="121" who="0" fromWho="2" sc="229,55,220,0,230,-45,311,0" />
</Scene>
<Scene>
<INIT seed="4,0,0,0,4,52" ten="284,220,185,311" oya="0" hai0="44,126,107,37,95,122,116,47,105,4,77,41,35" hai1="111,134,49,16,59,31,129,46,123,75,23,128,30" hai2="106,80,85,88,82,89,78,29,8,10,7,112,65" hai3="11,12,22,125,40,131,18,91,67,42,81,2,130"/><T39/><D35/><U113/><E123/><V87/><F112/><W90/><G125/><T119/><D122/><U21/><E111/><V127/><F127/><W73/><G67/><T55/><D126/><U102/><E75/><V60/><F106/><W96/><G73/><T98/><D77/><U24/><E134/><V27/><F78/><W38/><G81/><T68/><D68/><U104/><E113/><V17/><F17/><W62/><G62/><T76/><D76/><U115/><E115/><V97/><F7/><N who="3" m="1527" /><G38/><T9/><D105/><U94/><E104/><V117/><F117/><W72/><G72/><T79/><D107/><U50/><E94/><V51/><F51/><W135/><G135/><T93/><D79/><U133/><E102/><V120/><F97/><W66/><G66/><T13/><D95/><U61/><E133/><V124/><F124/><W103/><G103/><T28/><D28/><N who="1" m="10795" /><E23/><V83/><F80/><W26/><G26/><T45/><D45/><U86/><E86/><V15/><F120/><W53/><G96/><T36/><D36/><U84/><E84/><V1/><F1/><W25/><G25/><T110/><D110/><U56/><E61/><V5/><F15/><W19/><G91/><N who="0" m="55615" /><D37/><U54/><E50/><V20/><REACH who="2" step="1"/><F5/><REACH who="2" ten="284,220,175,311" step="2"/><W63/><G12/><T33/><D116/><U108/><E108/><V99/><F99/><W100/><G100/><T70/><D119/><U121/><E121/><V132/><F132/><W58/><G90/><T34/><D70/><AGARI ba="0,1" hai="8,10,20,27,29,60,65,70,82,83,85,87,88,89" machi="70" ten="30,8000,1" yaku="1,1,7,1,9,1,54,1,53,1" doraHai="52" doraHaiUra="64" who="2" fromWho="0" sc="284,-80,220,0,175,90,311,0" />
</Scene>
<Scene>
<INIT seed="5,0,0,3,4,12" ten="204,220,265,311" oya="1" hai0="41,6,71,135,89,32,111,114,50,104,78,45,125" hai1="79,58,80,54,43,91,10,34,77,27,110,44,112" hai2="42,0,49,73,3,87,116,123,30,118,40,59,88" hai3="56,129,131,15,107,16,8,57,106,115,37,117,84"/><U22/><E112/><V76/><F123/><W124/><G37/><T52/><D104/><N who="3" m="39977" /><G115/><T23/><D111/><U90/><E34/><V92/><F30/><W103/><G103/><T94/><D32/><U61/><E10/><V81/><F0/><W28/><G117/><T65/><D114/><U25/><E110/><V35/><F35/><W101/><G101/><T96/><D135/><U98/><E25/><V39/><F3/><W132/><G132/><T119/><D119/><U55/><E55/><V17/><F39/><W126/><G28/><T38/><D6/><U108/><E108/><V1/><F1/><W48/><G84/><T11/><D11/><U31/><E98/><V13/><F40/><W4/><G4/><T70/><D78/><N who="1" m="29707" /><E80/><V105/><F105/><W133/><G133/><T128/><D128/><N who="3" m="49225" /><G48/><AGARI ba="0,0" hai="22,27,31,43,44,48,54,58,61,90,91" m="29707" machi="48" ten="30,1500,0" yaku="8,1" doraHai="12" who="1" fromWho="3" sc="204,0,220,15,265,0,311,-15" />
</Scene>
<Scene>
<INIT seed="5,1,0,4,4,86" ten="204,235,265,296" oya="1" hai0="76,1,129,101,25,49,21,3,30,19,18,130,70" hai1="91,89,31,83,115,13,75,71,67,16,36,84,112" hai2="114,111,58,28,46,77,88,59,90,99,10,40,6" hai3="122,121,116,97,38,69,12,79,63,32,135,60,133"/><U85/><E36/><V109/><F28/><W118/><G32/><T74/><D74/><U2/><E2/><N who="0" m="521" /><D76/><U34/><E75/><V134/><F109/><W110/><G110/><T100/><D49/><U20/><E67/><V73/><F111/><W127/><G127/><T108/><D101/><U68/><E31/><V9/><F134/><N who="3" m="51211" /><G79/><T29/><D100/><U105/><E34/><V94/><F114/><N who="1" m="43561" /><E105/><V106/><F106/><W42/><G97/><T96/><D96/><U17/><E17/><N who="0" m="6153" /><D70/><U4/><E4/><V78/><F6/><W35/><G35/><N who="0" m="20911" /><D108/><U15/><E15/><V117/><F117/><N who="3" m="45163" /><G12/><T119/><D119/><U8/><E8/><V62/><F73/><W53/><G69/><T57/><D57/><U27/><E13/><V80/><F59/><N who="3" m="34927" /><G63/><T113/><D113/><U93/><AGARI ba="1,0" hai="16,20,27,68,71,83,84,85,89,91,93" m="43561" machi="93" ten="30,11700,0" yaku="15,1,52,2,54,1" doraHai="86" who="1" fromWho="1" sc="204,-40,235,120,265,-40,296,-40" />
</Scene>
<Scene>
<INIT seed="5,2,0,5,4,11" ten="164,355,225,256" oya="1" hai0="7,124,125,112,109,74,17,49,67,91,77,14,69" hai1="100,88,99,60,92,24,3,83,123,31,20,94,81" hai2="110,13,93,29,117,103,75,21,33,119,22,8,28" hai3="6,130,18,70,114,27,108,37,16,135,71,128,101"/><U63/><E3/><V127/><F75/><W38/><G108/><T15/><D109/><U66/><E123/><V35/><F93/><W26/><G6/><T52/><D112/><U118/><E118/><N who="2" m="45067" /><F103/><W43/><G101/><T122/><D122/><U56/><E60/><V45/><F45/><W104/><G114/><T131/><D131/><U23/><E20/><N who="2" m="7787" /><F110/><W95/><G95/><T115/><D115/><U19/><E19/><N who="3" m="7210" /><G104/><T61/><D91/><U111/><E111/><V80/><F80/><W32/><G32/><N who="2" m="12361" /><F127/><N who="0" m="48714" /><D7/><AGARI ba="2,0" hai="7,8,13,28,29" m="12361,7787,45067" machi="7" ten="30,3900,0" yaku="34,2,52,1" doraHai="11" who="2" fromWho="0" sc="164,-45,355,0,225,45,256,0" />
</Scene>
<Scene>
<INIT seed="6,0,0,0,0,51" ten="119,355,270,256" oya="2" hai0="42,100,49,47,95,123,53,43,102,130,79,45,6" hai1="103,97,36,59,11,107,135,88,115,14,29,75,113" hai2="86,17,122,111,84,37,92,12,83,20,39,70,73" hai3="126,24,7,44,66,18,56,13,54,28,101,58,118"/><V15/><F122/><W128/><G118/><T127/><D123/><U89/><E135/><V10/><F70/><W116/><G116/><T110/><D110/><U78/><E36/><V55/><F111/><W61/><G128/><T64/><D130/><U85/><E29/><V120/><F120/><W105/><G126/><T0/><D127/><U76/><E59/><V98/><F73/><W114/><G114/><N who="1" m="43530" /><E75/><V31/><F31/><W106/><G7/><T90/><D79/><N who="1" m="30251" /><E85/><V94/><F83/><W134/><G44/><T132/><D64/><U68/><E68/><V72/><F72/><W46/><G46/><T104/><D104/><U117/><E117/><V74/><F74/><W63/><G101/><T108/><D108/><U109/><E109/><V30/><F30/><W67/><G134/><T52/><D132/><U32/><E32/><V125/><F125/><W50/><G63/><T121/><D121/><U81/><E81/><V65/><F65/><W69/><G69/><T87/><D0/><U77/><E77/><V9/><F20/><W60/><G60/><T91/><D6/><AGARI ba="0,0" hai="6,11,14,88,89,97,103,107" m="30251,43530" machi="6" ten="30,2000,0" yaku="15,1,54,1" doraHai="51" who="1" fromWho="0" sc="119,-20,355,20,270,0,256,0" />
</Scene>
<Scene>
<INIT seed="7,0,0,3,0,40" ten="99,375,270,256" oya="3" hai0="110,87,50,61,124,10,90,18,46,103,26,70,54" hai1="37,67,133,9,98,52,129,131,28,119,113,93,53" hai2="68,36,86,109,22,21,7,112,27,38,58,17,4" hai3="99,122,19,72,23,85,57,94,121,79,33,71,32"/><W14/><G71/><T3/><D110/><U77/><E37/><V100/><F68/><W31/><G72/><T30/><D124/><U123/><E123/><V13/><F109/><W5/><G5/><T83/><D3/><U49/><E113/><V12/><F112/><W47/><G57/><T11/><D70/><U80/><E67/><V0/><F36/><W2/><G2/><T51/><D103/><U105/><E105/><V91/><F38/><W65/><G65/><T89/><D61/><U15/><E28/><V76/><F100/><W25/><G33/><T95/><D30/><U88/><E133/><V63/><F76/><W35/><G35/><T42/><D26/><U29/><E29/><V104/><F104/><W102/><G47/><T135/><D135/><U106/><E106/><V59/><F0/><W74/><G74/><T44/><REACH who="0" step="1"/><D18/><REACH who="0" ten="89,375,270,256" step="2"/><U101/><E101/><V78/><F27/><W81/><AGARI ba="0,1" hai="14,19,23,25,31,32,79,81,85,94,99,102,121,122" machi="81" ten="30,1500,0" yaku="0,1" doraHai="40" who="3" fromWho="3" sc="89,-5,375,-5,270,-5,256,25" />
</Scene>
<Scene>
<INIT seed="7,1,0,3,2,48" ten="84,370,265,281" oya="3" hai0="58,87,5,22,126,109,7,132,89,80,76,95,103" hai1="64,18,54,62,104,20,91,57,35,72,83,81,88" hai2="52,65,94,111,41,14,60,37,84,53,119,101,75" hai3="90,34,113,39,116,85,21,45,110,46,125,77,93"/><W134/><G34/><T120/><D22/><U70/><E35/><V115/><F111/><W107/><G116/><T78/><D7/><U40/><E104/><V10/><F119/><W118/><G118/><T63/><D5/><U44/><E72/><V11/><F75/><W73/><G110/><T12/><D109/><U36/><E81/><V33/><F33/><W131/><G107/><T96/><D12/><N who="1" m="9287" /><E83/><V69/><F115/><W67/><G113/><T59/><D120/><U66/><E66/><V71/><F71/><W24/><G67/><T0/><D0/><U124/><E124/><V117/><F117/><W74/><G125/><T121/><D121/><U98/><E98/><V19/><F37/><W68/><G68/><T129/><D126/><U43/><E43/><V2/><F41/><W79/><G74/><T29/><D29/><U1/><E1/><V114/><F114/><W135/><G131/><T42/><D129/><U105/><E105/><V16/><F2/><W106/><G106/><T122/><D42/><U127/><E127/><V4/><F4/><W99/><G73/><T102/><D122/><U108/><E108/><V92/><F92/><N who="3" m="54351" /><G39/><T17/><D17/><U8/><E8/><V47/><F47/><N who="3" m="17931" /><G135/><T112/><D112/><U86/><E86/><V61/><F61/><W32/><G134/><T38/><D132/><U23/><E23/><V3/><F3/><W27/><G32/><T56/><D38/><U51/><AGARI ba="1,0" hai="36,40,44,51,54,57,62,64,70,88,91" m="9287" machi="51" ten="30,4000,0" yaku="24,1,52,1,54,1" doraHai="48" who="1" fromWho="1" sc="84,-11,370,43,265,-11,281,-21" owari="73,-43.0,413,52.0,254,-15.0,260,6.0" />
</Scene>
</mjloggm>