<mjloggm ver="2.3"><GO type="169" lobby="0"/><UN n0="%CE%BC%E3%81%97%E3%82%82%E3%81%A7" n1="%E3%80%93%E3%81%84%E3%81%A1%E3%81%AF%E3%82%89%E3%80%93" n2="%E5%A4%AA%E3%81%8F%E3%81%AA%E3%81%84%E3%81%8A" n3="%E3%81%AD%E3%81%93%E3%81%AB%E3%82%83%E3%82%93" dan="17,16,17,16" rate="2182.60,2145.05,2170.68,2092.19" sx="M,M,F,F"/><TAIKYOKU oya="0"/>

<Scene>
<INIT seed="0,0,0,5,1,40" ten="250,250,250,250" oya="0" hai0="134,16,9,34,52,100,120,97,64,104,30,90,133" hai1="119,33,0,14,101,131,37,123,27,29,24,60,47" hai2="125,66,122,84,95,57,105,6,26,92,13,11,118" hai3="135,36,77,48,53,32,82,4,99,91,110,58,55"/><T8/><D120/><U61/><E123/><V124/><F122/><W126/><G32/><T107/><D107/><U12/><E0/><V76/><F105/><W72/><G36/><T87/><D64/><U127/><E119/><V1/><F118/><W85/><G135/><T62/><D30/><U18/><E131/><V69/><F69/><W116/><G116/><T10/><D34/><U103/><E127/><N who="2" m="48715" /><F26/><W46/><G126/><T80/><REACH who="0" step="1"/><D16/><REACH who="0" ten="240,250,250,250" step="2"/><U59/><E33/><V74/><F66/><W98/><G4/><T21/><D21/><U22/><E29/><V17/><F17/><W111/><G111/><T54/><D54/><U109/><E109/><V106/><F106/><W129/><G110/><T63/><D63/><U75/><E18/><V86/><F6/><W23/><G23/><T108/><D108/><U121/><E22/><V130/><F130/><W44/><G129/><T38/><D38/><U20/><E20/><V3/><F11/><W25/><G25/><T35/><D35/><U68/><E121/><V15/><F1/><W81/><G55/><T112/><D112/><U89/><E27/><V39/><F39/><W115/><G115/><T117/><D117/><U41/><E24/><V70/><F3/><W113/><G113/><T71/><D71/><U102/><E68/><V67/><F70/><W73/><G53/><T28/><D28/><U114/><E114/><V88/><F13/><W65/><G65/><T96/><D96/><U93/><E14/><V42/><F15/><W128/><G128/><T51/><D51/><U56/><E12/><V7/><F7/><RYUUKYOKU ba="0,1" sc="240,30,250,-10,250,-10,250,-10" hai0="8,9,10,52,62,80,87,90,97,100,104,133,134" />
</Scene>
<Scene>
<INIT seed="0,1,1,1,5,125" ten="270,240,240,240" oya="0" hai0="127,40,80,129,86,39,32,94,104,20,99,96,69" hai1="34,110,78,115,10,128,135,124,26,35,61,68,108" hai2="98,29,3,50,52,60,131,18,90,6,64,111,25" hai3="112,51,54,74,16,8,7,107,38,101,122,72,95"/><T0/><D32/><U100/><E78/><V81/><F111/><W118/><G38/><T45/><D0/><U53/><E100/><V75/><F18/><W33/><G33/><T130/><D69/><U92/><E92/><V89/><F6/><W70/><G70/><T37/><D127/><U21/><E61/><V97/><F3/><W1/><G107/><T76/><D39/><U24/><E68/><V134/><F134/><W66/><G66/><T117/><D117/><U19/><E53/><V17/><F17/><W59/><G118/><T48/><D37/><U82/><E82/><V121/><F121/><W13/><G122/><T9/><D9/><U22/><E10/><V119/><F119/><W55/><G112/><T63/><D63/><U36/><E36/><V79/><F98/><W11/><G101/><T23/><D104/><U42/><E42/><V4/><F97/><W28/><G28/><T47/><D47/><U27/><E27/><V30/><F30/><W77/><G95/><T120/><D96/><U41/><E41/><V116/><F29/><W91/><G91/><N who="0" m="55775" /><D120/><U106/><E106/><V56/><F89/><W103/><G103/><T123/><D123/><U102/><E102/><V15/><F90/><W62/><G77/><T113/><D113/><U109/><E124/><V87/><F79/><W49/><G62/><T126/><D126/><U31/><E115/><V83/><F116/><W46/><AGARI ba="1,1" hai="1,7,8,11,13,16,46,49,51,54,55,59,72,74" machi="46" ten="20,2700,0" yaku="0,1,7,1,54,1" doraHai="125" who="3" fromWho="3" sc="270,-14,240,-8,240,-8,240,40" />
</Scene>
<Scene>
<INIT seed="1,0,0,5,2,127" ten="256,232,232,280" oya="1" hai0="42,130,126,21,110,25,75,71,29,66,76,81,2" hai1="48,77,3,121,19,33,67,5,115,131,124,82,69" hai2="118,89,8,34,0,4,129,41,11,61,70,24,102" hai3="65,46,44,113,93,52,10,38,15,22,107,80,28"/><U104/><E121/><V119/><F89/><W134/><G107/><T114/><D114/><U58/><E124/><V108/><F108/><W51/><G113/><T68/><D126/><U1/><E115/><V117/><F41/><W14/><G134/><T112/><D112/><U100/><E19/><V83/><F83/><W7/><G65/><T50/><D2/><U45/><E58/><V128/><F102/><W56/><G38/><T32/><D32/><U79/><E79/><V36/><F36/><W73/><G73/><T64/><D110/><U132/><E132/><V55/><F8/><W72/><G72/><T74/><D74/><N who="1" m="43319" /><E48/><V26/><F55/><W98/><G80/><T84/><D75/><U106/><E45/><V99/><F99/><W125/><G125/><T16/><D29/><U116/><E116/><V49/><F49/><W20/><G20/><T23/><D23/><U78/><E78/><V40/><F40/><W122/><G122/><T101/><D42/><U12/><E12/><V59/><F59/><W62/><G51/><T97/><D50/><U30/><E5/><V86/><F86/><W91/><G28/><T135/><D135/><U95/><E95/><V47/><F47/><W85/><G85/><T60/><D66/><U109/><E109/><V37/><F37/><W57/><G57/><T133/><D133/><U120/><E120/><V17/><F118/><W105/><G105/><N who="1" m="40554" /><E67/><N who="2" m="41327" /><F117/><W35/><G35/><T13/><D76/><U53/><E69/><V39/><F119/><W31/><G15/><T92/><D71/><U43/><E43/><V6/><F39/><RYUUKYOKU ba="0,0" sc="256,-10,232,-10,232,-10,280,30" hai3="7,10,14,22,31,44,46,52,56,62,91,93,98" />
</Scene>
<Scene>
<INIT seed="2,1,0,1,1,95" ten="246,222,222,310" oya="2" hai0="67,101,115,22,18,37,54,34,38,13,28,71,63" hai1="98,61,133,111,99,5,23,46,31,107,6,50,30" hai2="9,45,56,72,79,49,48,62,97,94,74,77,135" hai3="44,89,128,42,91,106,123,0,25,86,70,131,118"/><V132/><F9/><W116/><G70/><T43/><D43/><U24/><E111/><V108/><F108/><W17/><G0/><T109/><D109/><U59/><E133/><N who="2" m="51275" /><F79/><W134/><G134/><T113/><D54/><N who="1" m="30039" /><E31/><V60/><F77/><W130/><G106/><T83/><D83/><U104/><E104/><V20/><F20/><N who="3" m="13455" /><G123/><T36/><D101/><U10/><E107/><V2/><F2/><W84/><G86/><T35/><REACH who="0" step="1"/><D28/><REACH who="0" ten="236,222,222,310" step="2"/><U7/><E10/><V80/><F80/><N who="3" m="49287" /><G91/><T16/><D16/><U93/><E93/><V69/><F94/><W114/><G114/><AGARI ba="1,1" hai="13,18,22,34,35,36,37,38,63,67,71,113,114,115" machi="114" ten="50,1600,0" yaku="1,1,53,0" doraHai="95" doraHaiUra="121" who="0" fromWho="3" sc="236,29,222,0,222,0,310,-19" />
</Scene>
<Scene>
<INIT seed="3,0,0,2,4,18" ten="265,222,222,291" oya="3" hai0="60,2,24,11,106,33,90,31,8,41,85,62,94" hai1="47,131,5,121,3,80,32,12,68,134,124,56,87" hai2="17,101,79,104,44,92,13,66,127,7,9,28,53" hai3="0,108,119,1,76,63,89,49,46,70,132,118,19"/><W133/><G76/><T78/><D106/><U51/><E68/><V50/><F127/><W105/><G105/><T115/><D115/><U58/><E124/><V107/><F28/><W135/><G89/><T4/><D41/><U38/><E38/><V128/><F128/><W86/><G86/><T55/><D55/><U48/><E3/><N who="3" m="1098" /><G108/><T71/><D11/><N who="1" m="4207" /><E32/><V116/><F116/><W45/><G19/><T100/><D100/><U113/><E131/><V27/><F66/><N who="3" m="41311" /><G46/><T57/><D71/><U88/><E113/><V122/><F79/><W123/><G123/><T72/><D57/><N who="1" m="22123" /><E121/><V61/><F61/><W26/><G26/><T110/><D110/><U43/><E134/><V59/><F122/><W22/><G22/><T83/><AGARI ba="0,0" hai="2,4,8,24,31,33,60,62,72,78,83,85,90,94" machi="83" ten="30,1100,0" yaku="0,1" doraHai="18" who="0" fromWho="0" sc="265,11,222,-3,222,-3,291,-5" />
</Scene>
<Scene>
<INIT seed="4,0,0,0,0,50" ten="276,219,219,286" oya="0" hai0="75,96,71,125,100,18,95,104,3,103,135,81,97" hai1="111,38,126,78,44,112,48,88,86,9,8,7,45" hai2="46,90,69,74,14,108,113,6,132,122,131,84,23" hai3="98,83,65,52,72,49,91,26,0,47,54,128,82"/><T62/><D3/><U63/><E111/><V101/><F108/><W25/><G0/><T130/><D125/><U2/><E126/><V124/><F124/><W114/><G65/><T29/><D130/><U116/><E116/><V41/><F122/><W37/><G37/><T22/><D135/><U120/><E120/><V55/><F74/><W115/><G128/><T133/><D133/><U70/><E78/><V106/><F132/><W121/><G121/><T51/><D29/><U117/><E117/><V5/><F69/><W43/><G72/><T35/><D35/><U17/><E38/><V77/><F77/><W99/><G114/><T60/><D71/><U33/><E33/><V102/><F113/><W76/><G76/><T40/><D81/><N who="3" m="30729" /><G115/><T20/><D20/><U24/><E112/><V105/><F41/><W36/><G36/><T134/><D75/><U10/><E63/><V107/><F131/><W127/><G127/><T73/><D73/><U66/><E66/><V61/><F23/><W87/><G87/><T4/><D4/><U129/><E70/><V28/><F28/><W53/><G91/><T118/><D118/><U56/><E129/><V64/><F5/><W85/><G85/><T123/><D123/><U34/><E34/><V58/><F6/><W31/><G31/><T119/><D119/><U79/><E79/><V11/><F84/><W94/><G94/><T57/><D134/><U21/><E2/><V19/><F90/><W13/><G13/><N who="0" m="9551" /><D40/><U12/><E7/><V42/><F42/><W30/><G30/><T109/><D109/><U59/><E12/><RYUUKYOKU ba="0,0" sc="276,10,219,-30,219,10,286,10" hai0="51,57,60,62,95,96,97,100,103,104" hai2="11,14,19,46,55,58,61,64,101,102,105,106,107" hai3="25,26,43,47,49,52,53,54,98,99" />
</Scene>
<Scene>
<INIT seed="4,1,0,1,4,37" ten="286,189,229,296" oya="0" hai0="49,77,32,96,123,9,103,8,135,97,15,128,19" hai1="120,56,104,109,95,36,66,111,55,27,87,85,101" hai2="93,78,44,28,112,108,33,58,89,22,10,68,14" hai3="57,118,132,82,116,16,6,83,69,23,62,67,35"/><T31/><D123/><U41/><E104/><V122/><F68/><W100/><G35/><T74/><D128/><U107/><E107/><V48/><F122/><W40/><G132/><T91/><D135/><U131/><E120/><V45/><F108/><W115/><G115/><T47/><D74/><U46/><E131/><V102/><F33/><W60/><G6/><T4/><D77/><U133/><E133/><V117/><F102/><W90/><G100/><T29/><D91/><U39/><E39/><V7/><F117/><W43/><G116/><T13/><D32/><U63/><E87/><N who="2" m="52415" /><F78/><W1/><G1/><T17/><D4/><U119/><E119/><V26/><F112/><W84/><G83/><T20/><D20/><U75/><E75/><V71/><F71/><W70/><G70/><T21/><D21/><U134/><E134/><V38/><F38/><W81/><G81/><T121/><D121/><U53/><E111/><V129/><F129/><W99/><G99/><T61/><D61/><U76/><E109/><V114/><F114/><W113/><G113/><T106/><REACH who="0" step="1"/><D96/><REACH who="0" ten="276,189,229,296" step="2"/><U52/><E76/><V73/><F73/><W126/><G118/><T64/><D64/><U42/><E101/><V2/><F2/><W72/><G72/><T124/><D124/><U12/><E66/><V3/><F3/><W51/><G126/><T50/><D50/><N who="1" m="28759" /><E36/><V98/><F98/><W24/><G51/><T94/><D94/><U88/><E27/><V30/><F30/><W0/><G0/><T65/><D65/><AGARI ba="1,1" hai="16,23,24,40,43,57,60,62,65,67,69,82,84,90" machi="65" ten="30,7700,0" yaku="7,1,52,2,54,1" doraHai="37" who="3" fromWho="0" sc="276,-80,189,0,229,0,296,90" />
</Scene>
<Scene>
<INIT seed="5,0,0,2,2,74" ten="196,189,229,386" oya="1" hai0="88,80,51,26,3,118,34,128,127,19,132,27,1" hai1="68,55,102,12,23,85,38,97,94,82,65,104,15" hai2="70,129,49,21,75,2,133,54,122,66,76,83,59" hai3="17,45,58,39,40,123,35,71,91,33,100,77,7"/><U67/><E104/><V106/><F122/><W63/><G71/><T61/><D118/><U114/><E114/><V53/><F2/><W46/><G123/><T124/><D128/><U62/><E38/><V99/><F129/><W47/><G47/><T101/><D101/><U90/><E67/><V89/><F133/><W96/><G7/><T95/><D132/><U131/><E131/><V78/><F70/><W22/><G91/><T134/><D134/><U37/><E37/><V105/><F66/><W43/><G46/><T42/><D61/><U116/><E116/><V28/><F76/><W48/><G77/><T36/><D80/><U79/><E55/><V25/><REACH who="2" step="1"/><F53/><REACH who="2" ten="196,189,219,386" step="2"/><W16/><G43/><T121/><D121/><U69/><E69/><V107/><F107/><W29/><G40/><T11/><D1/><U93/><REACH who="1" step="1"/><E23/><REACH who="1" ten="196,179,219,386" step="2"/><V9/><F9/><W0/><G22/><T30/><D11/><U41/><E41/><V64/><F64/><W112/><G35/><T87/><D36/><U113/><E113/><V92/><AGARI ba="0,2" hai="21,25,28,49,54,59,75,78,83,89,92,99,105,106" machi="92" ten="30,4000,0" yaku="1,1,0,1,52,1,53,0" doraHai="74" doraHaiUra="120" who="2" fromWho="2" sc="196,-10,179,-20,219,60,386,-10" />
</Scene>
<Scene>
<INIT seed="6,0,0,5,2,133" ten="186,159,279,376" oya="2" hai0="18,64,42,61,113,128,119,73,3,33,41,1,48" hai1="50,56,123,85,43,59,49,72,112,103,111,5,60" hai2="82,100,131,87,23,63,76,14,104,7,15,129,78" hai3="75,17,110,16,9,77,95,83,70,68,134,86,81"/><V84/><F63/><W118/><G110/><T26/><D73/><U124/><E72/><V53/><F53/><W108/><G108/><T74/><D74/><U93/><E111/><V46/><F46/><W114/><G118/><T88/><D119/><U4/><E123/><V10/><F100/><W40/><G134/><T38/><D38/><U115/><E43/><V21/><F104/><W67/><G40/><T0/><D128/><U54/><E103/><V28/><F28/><W80/><G80/><T132/><D132/><U22/><E22/><V97/><F97/><W12/><G67/><T36/><D36/><U35/><E35/><V19/><F23/><W44/><G44/><T71/><D33/><U2/><E2/><V31/><F31/><W52/><G52/><T27/><D18/><U122/><E122/><V94/><F94/><W39/><G39/><T47/><D41/><U120/><E120/><V65/><F65/><W90/><G114/><T37/><D113/><N who="1" m="43595" /><E124/><V96/><F96/><W57/><G57/><T11/><D11/><U69/><E69/><V66/><F66/><W91/><G17/><T30/><D30/><U99/><E85/><AGARI ba="0,0" hai="9,12,16,68,70,75,77,81,83,85,86,90,91,95" machi="85" ten="30,2000,0" yaku="7,1,54,1" doraHai="133" who="3" fromWho="1" sc="186,0,159,-20,279,0,376,20" />
</Scene>
<Scene>
<INIT seed="7,0,0,2,1,43" ten="186,139,279,396" oya="3" hai0="18,26,61,126,73,125,48,30,110,117,9,10,79" hai1="87,21,31,80,12,23,22,2,52,119,84,70,35" hai2="112,71,123,34,39,42,99,90,0,28,5,65,100" hai3="124,62,106,32,14,108,44,64,41,76,63,72,122"/><W91/><G32/><T105/><D117/><U89/><E2/><V85/><F112/><W118/><G106/><T107/><D110/><U55/><E70/><V95/><F123/><W116/><G122/><T11/><D18/><U135/><E119/><V97/><F0/><W53/><G76/><T57/><D48/><U51/><E135/><V103/><F5/><W40/><G72/><T56/><D79/><U98/><E35/><V46/><F65/><W82/><G41/><T15/><D15/><U92/><E84/><V134/><F71/><W27/><G27/><T101/><D73/><U130/><E130/><V6/><F6/><W111/><G14/><T81/><D81/><U67/><E67/><V131/><F131/><W3/><G82/><T49/><D49/><U16/><E31/><V102/><F134/><W96/><G64/><T20/><D57/><U115/><E115/><V133/><F133/><W113/><G3/><T59/><D56/><U127/><E127/><N who="0" m="48649" /><D101/><U77/><E55/><AGARI ba="0,0" hai="9,10,11,20,26,30,55,59,61,105,107" m="48649" machi="55" ten="30,1000,0" yaku="18,1" doraHai="43" who="0" fromWho="1" sc="186,10,139,-10,279,0,396,0" owari="196,-20.0,129,-37.0,279,8.0,396,49.0" />
</Scene>
</mjloggm>