<mjloggm ver="2.3"><GO type="169" lobby="0"/><UN n0="%E3%81%93%E3%81%AE%E3%81%8D%E3%83%BC" n1="%E5%A4%AA%E3%81%8F%E3%81%AA%E3%81%84%E3%81%8A" n2="%6E%69%63%6B%2E" n3="%41%2E%4B%39%6D%65%63" dan="18,17,16,16" rate="2195.57,2153.61,2190.90,2083.91" sx="M,M,M,M"/><TAIKYOKU oya="0"/>

<Scene>
<INIT seed="0,0,0,0,2,1" ten="250,250,250,250" oya="0" hai0="116,51,89,18,91,75,42,24,40,84,87,100,63" hai1="47,60,5,68,36,28,96,85,80,27,98,44,23" hai2="119,83,52,134,86,25,112,79,55,19,106,128,46" hai3="35,26,29,99,101,0,54,62,12,64,82,94,105"/><T76/><D116/><U70/><E36/><V118/><F112/><W74/><G0/><T73/><D100/><U7/><E70/><V135/><F106/><W71/><G54/><N who="2" m="20521" /><F46/><N who="1" m="17449" /><E68/><V34/><F128/><W93/><REACH who="3" step="1"/><G12/><REACH who="3" ten="250,250,250,240" step="2"/><T92/><D42/><U120/><E120/><V59/><F118/><W81/><G81/><T16/><D40/><U43/><E43/><V78/><F83/><W88/><G88/><T103/><D89/><N who="1" m="51367" /><E60/><V22/><F119/><W114/><G114/><T123/><D91/><U37/><E37/><V121/><F121/><W2/><G2/><T56/><D63/><U50/><E50/><V110/><F79/><AGARI ba="0,1" hai="26,29,35,62,64,71,74,79,82,93,94,99,101,105" machi="79" ten="40,5200,0" yaku="1,1,25,2,53,0" doraHai="1" doraHaiUra="41" who="3" fromWho="2" sc="250,0,250,0,250,-52,240,62" />
</Scene>
<Scene>
<INIT seed="1,0,0,4,5,25" ten="250,250,198,302" oya="1" hai0="64,9,105,83,79,38,121,7,114,69,72,133,41" hai1="74,92,11,16,77,120,46,13,107,124,22,116,129" hai2="4,81,73,93,21,34,55,50,68,59,123,30,126" hai3="57,97,3,70,0,15,108,134,98,82,111,127,90"/><U113/><E107/><V106/><F68/><W80/><G70/><T95/><D95/><U44/><E113/><V63/><F106/><W117/><G134/><T87/><D87/><U12/><E116/><V33/><F123/><W103/><G117/><T122/><D133/><U31/><E120/><V112/><F126/><W109/><G127/><T5/><D5/><U49/><E124/><V99/><F112/><W132/><G132/><T89/><D89/><U62/><E129/><V39/><F39/><W53/><G15/><T28/><D105/><U23/><E62/><V32/><F4/><W10/><G103/><T45/><D28/><U94/><E74/><V43/><F73/><W102/><G102/><T54/><D54/><U78/><E31/><V100/><F81/><N who="3" m="31339" /><G10/><T47/><D47/><U27/><E27/><V119/><F119/><W20/><G20/><T60/><REACH who="0" step="1"/><D114/><REACH who="0" ten="240,250,198,302" step="2"/><U131/><E46/><V14/><F43/><W66/><G90/><T1/><AGARI ba="0,1" hai="1,7,9,38,41,45,60,64,69,72,79,83,121,122" machi="1" ten="30,12000,2" yaku="1,1,2,1,0,1,25,2,23,2,53,0" doraHai="25" doraHaiUra="48" who="0" fromWho="0" sc="240,130,250,-60,198,-30,302,-30" />
</Scene>
<Scene>
<INIT seed="2,0,0,3,1,36" ten="370,190,168,272" oya="2" hai0="106,66,19,114,73,0,35,75,39,55,74,127,109" hai1="30,2,40,15,59,90,94,22,115,103,16,96,122" hai2="61,83,17,41,7,134,88,110,25,43,62,3,37" hai3="133,34,76,91,126,65,44,97,11,111,87,26,56"/><V23/><F134/><W125/><G133/><T9/><D114/><U72/><E115/><V108/><F3/><W69/><G69/><T12/><D106/><U131/><E2/><V13/><F37/><W47/><G111/><N who="2" m="42537" /><F62/><N who="3" m="38087" /><G76/><T1/><D35/><U18/><E72/><V29/><F61/><W99/><G11/><T51/><D39/><U80/><E131/><V53/><F53/><W32/><G32/><T135/><D66/><U68/><E68/><V78/><F7/><W123/><G123/><T118/><D135/><U84/><E122/><V100/><F100/><W119/><G119/><T81/><D118/><U50/><E59/><V95/><F95/><N who="3" m="54783" /><G34/><T132/><D132/><U8/><E30/><V128/><F88/><W49/><G26/><T20/><D109/><U113/><E113/><V130/><F128/><W92/><G49/><T64/><D64/><U102/><E102/><V28/><F130/><W6/><G6/><T98/><D74/><U116/><E116/><V24/><F24/><W42/><G92/><T45/><D75/><U38/><E38/><V21/><F29/><W63/><G63/><T107/><D1/><U4/><E22/><V60/><F60/><W112/><G112/><T14/><D20/><U86/><E86/><AGARI ba="0,0" hai="13,17,21,23,25,28,41,43,78,83,86" m="42537" machi="86" ten="30,11600,0" yaku="14,1,10,1,52,2" doraHai="36" who="2" fromWho="1" sc="370,0,190,-116,168,116,272,0" />
</Scene>
<Scene>
<INIT seed="2,1,0,1,3,89" ten="370,74,284,272" oya="2" hai0="51,130,61,104,132,102,124,71,57,72,128,78,115" hai1="46,9,32,4,58,88,18,40,35,70,6,59,81" hai2="25,74,129,48,36,96,79,123,105,131,63,66,19" hai3="68,42,98,109,77,20,2,50,95,45,10,87,90"/><V127/><F123/><W38/><G68/><T49/><D115/><U27/><E70/><V52/><F36/><W111/><G20/><T97/><D71/><U30/><E32/><V0/><F0/><W67/><G67/><T31/><D132/><U100/><E100/><N who="2" m="62599" /><F74/><W56/><G2/><T117/><D117/><U106/><E106/><V14/><F79/><W64/><G10/><T53/><D31/><U54/><E18/><V94/><F94/><W135/><G135/><T112/><D112/><U83/><E88/><V44/><F25/><W116/><G116/><T26/><D26/><U5/><E9/><N who="2" m="6607" /><F127/><W91/><G77/><T24/><D24/><U47/><E47/><V43/><F66/><W110/><G64/><T86/><D72/><U65/><E65/><V7/><F7/><W60/><G60/><T76/><D124/><U80/><REACH who="1" step="1"/><E54/><REACH who="1" ten="370,64,284,272" step="2"/><V75/><F52/><N who="3" m="31767" /><G91/><T85/><D53/><U15/><E15/><V37/><F44/><W126/><G126/><T107/><D102/><U121/><E121/><V120/><F120/><W82/><G98/><T84/><D97/><U103/><E103/><V22/><F131/><W93/><AGARI ba="1,1" hai="38,42,45,82,87,90,93,95,109,110,111" m="31767" machi="93" ten="40,8000,1" yaku="14,1,52,2,54,1" doraHai="89" who="3" fromWho="3" sc="370,-21,64,-21,284,-41,272,93" />
</Scene>
<Scene>
<INIT seed="3,0,0,2,0,128" ten="349,43,243,365" oya="3" hai0="0,80,6,20,112,29,10,48,122,22,1,135,23" hai1="60,21,61,101,13,95,47,68,111,129,27,52,127" hai2="134,51,41,73,12,31,38,44,26,123,30,119,88" hai3="74,62,131,57,106,36,9,72,103,105,130,83,70"/><W18/><G36/><T35/><D80/><U42/><E129/><N who="3" m="49162" /><G70/><T64/><D64/><U8/><E111/><V50/><F123/><W33/><G33/><T132/><D48/><U99/><E127/><V14/><F119/><W69/><G69/><T118/><D122/><U15/><E68/><V5/><F73/><N who="3" m="28267" /><G103/><T90/><D90/><U54/><E60/><V53/><F134/><N who="0" m="51242" /><D118/><U82/><E15/><V76/><F76/><W92/><G83/><T79/><D79/><U39/><E61/><V63/><F63/><W86/><G86/><T66/><D66/><U108/><E82/><V11/><F14/><N who="3" m="7503" /><G92/><T117/><D117/><U16/><REACH who="1" step="1"/><E108/><REACH who="1" ten="349,33,243,365" step="2"/><V91/><F26/><W81/><G81/><T124/><D124/><U102/><E102/><V17/><F12/><W2/><G2/><N who="0" m="343" /><D112/><U55/><E55/><AGARI ba="0,1" hai="55,57,62,105,106" m="7503,28267,49162" machi="55" ten="30,1500,0" yaku="19,1" doraHai="128" who="3" fromWho="1" sc="349,0,33,-15,243,0,365,25" />
</Scene>
<Scene>
<INIT seed="3,1,0,0,1,102" ten="349,18,243,390" oya="3" hai0="14,110,115,61,45,79,55,58,40,93,74,25,76" hai1="44,89,99,0,12,17,37,86,70,119,104,28,47" hai2="107,124,69,85,34,135,80,73,118,60,54,42,127" hai3="5,48,16,24,129,62,88,8,46,18,126,35,81"/><W84/><G129/><T75/><D110/><U15/><E0/><V132/><F118/><W128/><G128/><T7/><D115/><U30/><E70/><V121/><F34/><W94/><G126/><N who="2" m="48169" /><F42/><W33/><G62/><T53/><D53/><U71/><E71/><V27/><F73/><W95/><G35/><T36/><D75/><U101/><E119/><V90/><F27/><W65/><G65/><T125/><D74/><U56/><E56/><N who="2" m="34839" /><F69/><W133/><G133/><N who="2" m="51273" /><F121/><W72/><G33/><T105/><D25/><U64/><E64/><V113/><F113/><W100/><G24/><T3/><D40/><U96/><E37/><V131/><F131/><W11/><G72/><T4/><D36/><U32/><E32/><V108/><F108/><W59/><G59/><T82/><D58/><U77/><E30/><V114/><F114/><W9/><G5/><T109/><D7/><U87/><E28/><V22/><F22/><W21/><G21/><T116/><D4/><U111/><E111/><V112/><F112/><W63/><G63/><T50/><D61/><U26/><E26/><V67/><F67/><W43/><G100/><T134/><D134/><U91/><E101/><V97/><F97/><W23/><G23/><T20/><D20/><U103/><E103/><V57/><F57/><W19/><AGARI ba="1,0" hai="8,9,11,16,18,19,43,46,48,81,84,88,94,95" machi="19" ten="30,11700,0" yaku="0,1,8,1,54,2" doraHai="102" who="3" fromWho="3" sc="349,-40,18,-40,243,-40,390,120" owari="309,11.0,-22,-52.0,203,-20.0,510,61.0" />
</Scene>
</mjloggm>