<mjloggm ver="2.3"><GO type="169" lobby="0"/><UN n0="%79%61%6D%61%61%70%71" n1="%E3%82%B5%E3%83%B3%E3%83%9E%E9%81%93%E6%A5%BD%E4%BB%A3%E8%A1%A8" n2="%E3%82%84%E3%81%BE%E3%83%BC%E3%82%93" n3="%E5%A4%AA%E3%81%8F%E3%81%AA%E3%81%84%E3%81%8A" dan="16,17,17,18" rate="2032.25,2208.63,2188.57,2232.63" sx="M,M,M,M"/><TAIKYOKU oya="0"/>

<Scene>
<INIT seed="0,0,0,1,3,75" ten="250,250,250,250" oya="0" hai0="34,112,91,65,114,113,42,77,10,89,55,95,44" hai1="8,101,36,25,119,11,38,17,39,96,67,80,78" hai2="118,40,74,12,102,30,100,64,115,4,135,50,48" hai3="24,84,111,94,82,0,29,28,47,61,128,60,57"/><T19/><D34/><U35/><E119/><V88/><F115/><W134/><G0/><T76/><D65/><U43/><E67/><V18/><F74/><W62/><G111/><T20/><D10/><U59/><E59/><V53/><F118/><W129/><G134/><T99/><D89/><U5/><E43/><V68/><F4/><W104/><G104/><T83/><D83/><U56/><E56/><V51/><F30/><W125/><G94/><T133/><D133/><U27/><E17/><V121/><F121/><W105/><G105/><T72/><D72/><U15/><E8/><V97/><F64/><W103/><G103/><T32/><D32/><U63/><E63/><V122/><F68/><W21/><G47/><T46/><D55/><U107/><REACH who="1" step="1"/><E35/><REACH who="1" ten="250,240,250,250" step="2"/><V41/><F135/><W70/><G57/><T108/><D108/><U13/><E13/><V109/><F12/><W87/><G62/><T31/><D31/><U23/><E23/><V33/><F33/><W58/><G61/><T16/><D19/><U79/><E79/><V3/><F109/><W85/><G28/><T92/><D42/><U71/><E71/><V131/><F41/><W81/><G70/><T22/><D22/><U93/><E93/><V69/><F40/><W49/><G60/><T66/><D66/><U90/><E90/><V98/><F69/><W1/><G29/><T52/><D95/><U127/><E127/><V110/><F110/><W130/><G125/><T9/><D9/><U73/><AGARI ba="0,1" hai="5,11,15,25,27,36,38,39,73,78,80,96,101,107" machi="73" ten="30,4000,0" yaku="1,1,0,1,52,1,53,0" doraHai="75" doraHaiUra="132" who="1" fromWho="1" sc="250,-20,240,50,250,-10,250,-10" />
</Scene>
<Scene>
<INIT seed="1,0,0,3,2,113" ten="230,290,240,240" oya="1" hai0="18,20,71,13,9,103,118,102,52,80,119,66,3" hai1="50,15,78,30,124,132,8,131,101,36,31,87,135" hai2="63,26,41,91,105,40,100,115,34,68,19,51,32" hai3="126,60,114,73,67,21,5,107,81,96,74,62,7"/><U42/><E36/><V121/><F121/><W1/><G114/><T27/><D80/><N who="1" m="47511" /><E101/><V39/><F39/><W16/><G126/><T2/><D103/><U35/><E124/><V127/><F127/><W57/><G1/><N who="0" m="11" /><D102/><U111/><E131/><V46/><F40/><W17/><G107/><T43/><D43/><U54/><E35/><V88/><F32/><W59/><G96/><T45/><D45/><N who="1" m="25911" /><E54/><V109/><F115/><W93/><G93/><T48/><D48/><U44/><E44/><V112/><F112/><W129/><G129/><T25/><D52/><U58/><E58/><V49/><F34/><W130/><G130/><T38/><D38/><U98/><E98/><V85/><F68/><W120/><G120/><T106/><D106/><U47/><E47/><V122/><F46/><W86/><G73/><T22/><D71/><U28/><E111/><V14/><F109/><W133/><G74/><T95/><D66/><U89/><E89/><V90/><F90/><W55/><G133/><N who="1" m="51274" /><E31/><V84/><F100/><W65/><G55/><T116/><D95/><U29/><E30/><V56/><F105/><W77/><REACH who="3" step="1"/><G17/><AGARI ba="0,0" hai="8,15,17,28,29" m="51274,25911,47511" machi="17" ten="30,1500,0" yaku="20,1" doraHai="113" who="1" fromWho="3" sc="230,0,290,15,240,0,240,-15" />
</Scene>
<Scene>
<INIT seed="1,1,0,2,4,115" ten="230,305,240,225" oya="1" hai0="135,79,45,134,15,125,112,130,63,48,106,91,28" hai1="90,32,53,118,7,5,131,58,84,60,126,22,62" hai2="78,46,0,105,9,10,11,92,68,20,127,85,109" hai3="74,57,59,33,41,122,49,88,35,98,96,117,101"/><U52/><E32/><V39/><F105/><W6/><G74/><T69/><D112/><U110/><E131/><V108/><F68/><W4/><G122/><T54/><D106/><U123/><E123/><V12/><F0/><W37/><G37/><T1/><D1/><U124/><E110/><N who="2" m="42603" /><F127/><N who="1" m="48681" /><E22/><V67/><F67/><W16/><G41/><T23/><D130/><U55/><E118/><V129/><F129/><W99/><G101/><T31/><D125/><U82/><E60/><V80/><F92/><W128/><G128/><T36/><D79/><U116/><E116/><V94/><F94/><W50/><G99/><T75/><D63/><U133/><E133/><V38/><F46/><W64/><G64/><AGARI ba="1,0" hai="5,7,52,53,55,58,62,64,82,84,90" m="48681" machi="64" ten="30,2900,0" yaku="18,1,54,1" doraHai="115" who="1" fromWho="3" sc="230,0,305,32,240,0,225,-32" />
</Scene>
<Scene>
<INIT seed="1,2,0,2,0,31" ten="230,337,240,193" oya="1" hai0="8,49,102,96,101,43,46,7,83,107,54,56,37" hai1="98,39,70,95,26,123,111,126,32,75,80,15,34" hai2="3,17,41,24,5,18,110,59,113,58,11,109,42" hai3="82,67,55,73,30,115,61,76,64,89,51,71,12"/><U121/><E26/><V72/><F72/><W78/><G115/><T132/><D132/><U48/><E48/><V100/><F113/><W33/><G76/><T106/><D83/><U53/><E53/><V84/><F100/><W57/><G67/><T105/><REACH who="0" step="1"/><D102/><REACH who="0" ten="220,337,240,193" step="2"/><U65/><E80/><V128/><F128/><W16/><G89/><T119/><D119/><U85/><E121/><V112/><F112/><W129/><G129/><T125/><D125/><U44/><E123/><V45/><F109/><W93/><G93/><T124/><D124/><U19/><E111/><V22/><F110/><W25/><G82/><T13/><AGARI ba="2,1" hai="7,8,13,37,43,46,49,54,56,96,101,105,106,107" machi="13" ten="20,2700,0" yaku="1,1,0,1,7,1,53,0" doraHai="31" doraHaiUra="104" who="0" fromWho="0" sc="220,43,337,-15,240,-9,193,-9" />
</Scene>
<Scene>
<INIT seed="2,0,0,2,1,66" ten="263,322,231,184" oya="2" hai0="131,74,56,82,19,85,103,78,47,43,44,58,95" hai1="18,99,20,68,0,135,35,81,27,110,54,132,116" hai2="118,113,32,8,90,134,130,36,29,59,128,70,53" hai3="104,119,96,12,63,87,40,76,49,69,46,30,1"/><V11/><F118/><W92/><G1/><T126/><D126/><U88/><E0/><V23/><F113/><W124/><G119/><T38/><D131/><N who="2" m="50218" /><F36/><W62/><G124/><T73/><D73/><U4/><E4/><V75/><F75/><W83/><G104/><T5/><D5/><U122/><E116/><V52/><F32/><W10/><G30/><T37/><D19/><U133/><E122/><V89/><F70/><W65/><G65/><T21/><D21/><U25/><E54/><N who="2" m="21099" /><F59/><W77/><G77/><T22/><D58/><U17/><E110/><V106/><F106/><W42/><G42/><T107/><D56/><U91/><E68/><V60/><F60/><W33/><G33/><T41/><D107/><U2/><E2/><V14/><F134/><W13/><G69/><T115/><D115/><U34/><E81/><V7/><F8/><W127/><G127/><T71/><D71/><U31/><E35/><V48/><F48/><W93/><G93/><T109/><D74/><U114/><E114/><V26/><AGARI ba="0,0" hai="7,11,14,23,26,29,89,90" m="21099,50218" machi="26" ten="30,3000,0" yaku="19,1,54,1" doraHai="66" who="2" fromWho="2" sc="263,-10,322,-10,231,30,184,-10" />
</Scene>
<Scene>
<INIT seed="2,1,0,0,0,50" ten="253,312,261,174" oya="2" hai0="10,45,130,30,100,113,22,58,13,128,111,117,41" hai1="63,106,0,89,14,88,42,83,61,126,7,105,12" hai2="98,72,66,23,121,31,124,51,46,96,129,43,79" hai3="119,27,40,78,95,81,34,62,9,21,93,74,19"/><V123/><F129/><W109/><G119/><T68/><D68/><U59/><E42/><V77/><F124/><W26/><G109/><T56/><D113/><U97/><E0/><V16/><F31/><W37/><G37/><T133/><D111/><U115/><E126/><V84/><F72/><W1/><G40/><T57/><D133/><U15/><E7/><V36/><F66/><W94/><G62/><T35/><D100/><U6/><E6/><V99/><F36/><W69/><G69/><T116/><D35/><U47/><E47/><V114/><F114/><W25/><G1/><T104/><D104/><U53/><E115/><V82/><REACH who="2" step="1"/><F77/><REACH who="2" ten="253,312,251,174" step="2"/><W33/><REACH who="3" step="1"/><G9/><REACH who="3" ten="253,312,251,164" step="2"/><T125/><D10/><U29/><E105/><V73/><F73/><W39/><G39/><T86/><D125/><U55/><E106/><V76/><F76/><W24/><AGARI ba="1,2" hai="19,21,24,25,26,27,33,34,74,78,81,93,94,95" machi="24" ten="30,2000,0" yaku="1,1,0,1,53,0" doraHai="50" doraHaiUra="85" who="3" fromWho="3" sc="253,-6,312,-6,251,-11,164,43" />
</Scene>
<Scene>
<INIT seed="3,0,0,5,0,5" ten="247,306,240,207" oya="3" hai0="71,23,19,126,57,125,91,37,69,40,35,66,7" hai1="33,102,78,85,14,27,119,84,56,52,117,38,88" hai2="39,32,77,112,6,24,63,25,65,123,106,30,73" hai3="76,0,129,20,21,67,16,13,31,2,115,49,122"/><W100/><G115/><T44/><D35/><U95/><E38/><V124/><F112/><W108/><G122/><T58/><D7/><U101/><E33/><V94/><F106/><W96/><G129/><T116/><D91/><U26/><E27/><V128/><F39/><W99/><G76/><T47/><D116/><N who="1" m="44619" /><E26/><V15/><F128/><W55/><G31/><T18/><D66/><U110/><E110/><V22/><F124/><N who="0" m="47722" /><D47/><U70/><E70/><N who="0" m="26633" /><D18/><U80/><E14/><AGARI ba="0,0" hai="14,19,23,37,40,44,57,58" m="26633,47722" machi="14" ten="30,1000,0" yaku="18,1" doraHai="5" who="0" fromWho="1" sc="247,10,306,-10,240,0,207,0" />
</Scene>
<Scene>
<INIT seed="4,0,0,5,3,5" ten="257,296,240,207" oya="0" hai0="120,107,30,44,65,25,99,23,0,51,54,72,66" hai1="59,70,90,20,91,43,45,117,104,118,85,48,37" hai2="73,33,27,67,74,31,58,68,14,115,114,81,128" hai3="41,77,16,94,78,108,42,13,56,21,132,134,1"/><T4/><D120/><U11/><E104/><V79/><F128/><W123/><G108/><T19/><D72/><U84/><E70/><V39/><F39/><W116/><G116/><T100/><REACH who="0" step="1"/><D30/><REACH who="0" ten="247,296,240,207" step="2"/><U46/><E117/><V110/><F74/><W69/><G123/><T119/><D119/><U80/><E118/><V86/><F110/><W130/><G134/><T50/><D50/><U76/><E37/><V87/><F73/><W131/><G132/><T111/><D111/><U63/><E46/><V24/><F114/><W97/><G131/><T126/><D126/><U71/><E71/><V124/><F68/><W93/><G130/><T28/><D28/><U3/><E20/><V103/><F31/><W36/><G69/><T62/><D62/><U34/><E34/><V2/><F33/><W35/><G35/><T29/><D29/><U89/><E3/><V52/><F2/><W8/><G36/><T57/><D57/><U102/><E11/><AGARI ba="0,1" hai="0,4,11,19,23,25,44,51,54,65,66,99,100,107" machi="11" ten="40,3900,0" yaku="1,1,52,1,53,0" doraHai="5" doraHaiUra="125" who="0" fromWho="1" sc="247,49,296,-39,240,0,207,0" />
</Scene>
<Scene>
<INIT seed="4,1,0,4,1,84" ten="296,257,240,207" oya="0" hai0="25,131,92,18,111,27,13,82,29,56,113,6,58" hai1="127,15,106,4,120,86,35,74,80,122,44,20,77" hai2="11,0,65,38,98,100,85,125,17,43,49,46,102" hai3="83,135,16,22,99,51,76,97,2,45,118,61,69"/><T8/><D113/><U62/><E35/><V119/><F125/><W12/><G2/><T117/><D117/><U19/><E106/><V39/><F65/><W40/><G118/><T50/><D131/><U10/><E127/><V42/><F42/><W53/><G135/><T70/><D70/><U31/><E31/><V24/><F100/><W78/><G78/><T52/><D111/><U73/><E62/><V95/><F0/><W103/><G103/><T93/><D82/><U67/><E67/><V107/><F119/><W3/><G3/><T108/><D108/><U59/><E59/><V116/><F116/><W132/><G132/><T48/><D6/><U101/><E101/><V47/><F47/><W33/><G33/><T134/><D134/><U81/><E44/><V37/><F85/><N who="3" m="48359" /><G69/><T34/><D27/><U91/><REACH who="1" step="1"/><E73/><REACH who="1" ten="296,247,240,207" step="2"/><V130/><F107/><W79/><G79/><T129/><D129/><U5/><E5/><V128/><F130/><W104/><G104/><T110/><D110/><U7/><E7/><V75/><F75/><W1/><G1/><AGARI ba="1,1" hai="1,4,10,15,19,20,74,77,80,81,86,91,120,122" machi="1" ten="30,3900,0" yaku="1,1,7,1,52,1,53,0" doraHai="84" doraHaiUra="21" who="1" fromWho="3" sc="296,0,247,52,240,0,207,-42" />
</Scene>
<Scene>
<INIT seed="5,0,0,5,5,128" ten="296,299,240,165" oya="1" hai0="71,56,109,86,66,10,24,114,52,88,103,26,15" hai1="46,0,69,53,70,94,75,41,125,37,68,130,91" hai2="112,7,115,29,106,5,32,6,131,83,89,45,113" hai3="40,87,19,98,28,117,121,44,36,65,129,23,132"/><U31/><E75/><V27/><F106/><W90/><G121/><T12/><D109/><U14/><E130/><V110/><F131/><W96/><G129/><T84/><D114/><U30/><E0/><V64/><F64/><W11/><G117/><T34/><D103/><U78/><E78/><V51/><F110/><W43/><G28/><T93/><D34/><U63/><E14/><V107/><F107/><W116/><G116/><T123/><D123/><U50/><E125/><V47/><F51/><W55/><G65/><T97/><D66/><U124/><E63/><V74/><REACH who="2" step="1"/><F89/><REACH who="2" ten="296,299,230,165" step="2"/><W59/><G43/><T80/><D71/><U67/><E67/><V39/><F39/><W49/><G11/><T85/><D10/><U102/><E124/><V133/><F133/><W134/><G96/><T77/><D97/><U92/><E102/><V119/><F119/><W135/><G98/><T22/><D88/><U42/><E91/><V20/><F20/><W99/><G99/><T58/><D22/><U16/><E37/><V95/><F95/><W126/><G126/><T105/><D93/><U54/><E69/><V18/><F18/><W101/><G101/><T8/><D8/><U13/><E16/><V62/><F62/><W38/><G38/><T48/><D105/><U79/><E50/><V76/><AGARI ba="0,1" hai="5,6,7,27,29,32,45,47,74,76,83,112,113,115" machi="76" ten="40,8000,1" yaku="1,1,0,1,15,1,11,1,53,0" doraHai="128" doraHaiUra="100" who="2" fromWho="2" sc="296,-20,299,-40,230,90,165,-20" />
</Scene>
<Scene>
<INIT seed="6,0,0,4,1,33" ten="276,259,320,145" oya="2" hai0="10,92,24,28,76,38,75,18,105,86,48,115,51" hai1="118,122,43,94,41,6,133,130,71,23,59,72,69" hai2="14,108,78,56,47,109,134,100,119,84,8,19,16" hai3="87,129,67,112,27,4,117,17,131,54,83,77,60"/><V5/><F119/><W65/><G117/><T106/><D38/><U110/><E110/><V93/><F134/><W120/><G120/><T99/><D75/><U40/><E118/><V34/><F34/><W103/><G103/><T36/><D36/><U9/><E133/><V3/><F47/><W15/><G27/><T85/><D115/><U114/><E114/><V35/><F35/><W91/><G112/><T81/><D86/><U98/><E72/><V52/><F100/><W116/><G116/><T1/><D51/><U55/><E23/><V88/><F78/><W68/><G65/><T125/><D48/><U21/><E21/><V80/><F80/><W50/><G4/><T63/><D63/><U30/><E30/><V26/><F26/><W31/><G31/><T113/><D125/><U58/><E130/><V126/><F126/><W73/><G77/><T46/><D46/><U39/><E39/><V123/><F123/><W107/><G107/><T124/><D124/><U79/><E79/><V49/><F14/><W29/><G29/><T102/><D113/><U0/><E58/><V42/><F42/><W37/><G37/><T7/><D28/><U95/><E95/><V97/><F97/><W44/><REACH who="3" step="1"/><G73/><REACH who="3" ten="276,259,320,135" step="2"/><T104/><D24/><U90/><REACH who="1" step="1"/><E122/><REACH who="1" ten="276,249,320,135" step="2"/><V127/><F127/><W20/><AGARI ba="0,2" hai="15,17,20,44,50,54,60,67,68,83,87,91,129,131" machi="20" ten="30,4000,0" yaku="1,1,2,1,0,1,53,0" doraHai="33" doraHaiUra="25" who="3" fromWho="3" sc="276,-10,249,-10,320,-20,135,60" />
</Scene>
<Scene>
<INIT seed="7,0,0,1,2,116" ten="266,239,300,195" oya="3" hai0="33,42,99,113,100,58,61,123,95,75,34,59,91" hai1="120,53,82,43,96,77,28,128,51,104,55,88,79" hai2="31,102,127,6,50,64,41,129,25,16,52,15,83" hai3="45,106,71,63,4,87,56,60,92,108,2,107,117"/><W7/><G117/><T11/><D123/><U118/><E118/><V8/><F64/><W125/><G71/><T73/><D42/><U32/><E43/><V27/><F102/><W133/><G125/><T119/><D119/><U124/><E128/><V9/><F127/><W22/><G133/><T24/><D11/><U14/><E79/><V130/><F41/><W19/><G45/><T122/><D122/><U89/><E120/><V72/><F72/><W18/><G108/><T76/><D59/><U67/><E67/><V78/><F31/><W114/><G114/><T5/><D5/><N who="3" m="2121" /><G2/><T111/><D111/><U35/><E53/><V40/><F40/><W37/><G37/><T39/><D39/><U54/><E55/><V134/><F134/><W109/><G109/><T121/><D121/><U135/><E135/><V65/><F65/><N who="3" m="39047" /><G107/><T105/><D113/><U98/><E32/><V110/><F110/><W101/><G106/><T132/><D132/><U80/><E35/><V62/><F62/><W93/><G63/><T68/><D68/><U85/><E28/><V44/><F129/><W30/><G87/><N who="0" m="52735" /><D75/><U90/><E104/><V21/><F130/><W12/><G30/><T94/><D105/><U47/><E124/><V66/><F66/><W36/><G36/><T86/><D73/><U10/><REACH who="1" step="1"/><E82/><REACH who="1" ten="266,229,300,195" step="2"/><V57/><F83/><W70/><G70/><T48/><D34/><U13/><E13/><N who="2" m="5271" /><F78/><W3/><G3/><T49/><D33/><U23/><E23/><V126/><F21/><N who="3" m="11463" /><G101/><T38/><D100/><U84/><E84/><V74/><F126/><W103/><G103/><RYUUKYOKU ba="0,1" sc="266,-15,229,15,300,-15,195,15" hai1="10,14,47,51,54,77,80,85,88,89,90,96,98" hai3="19,22,92,93" />
</Scene>
<Scene>
<INIT seed="7,1,1,2,1,71" ten="251,244,285,210" oya="3" hai0="33,73,16,36,133,11,122,27,130,82,108,37,22" hai1="38,116,125,80,49,112,97,48,86,85,134,46,113" hai2="55,5,102,1,74,99,69,78,57,95,123,72,14" hai3="100,53,81,127,70,40,66,84,20,118,83,75,13"/><W15/><G118/><T4/><D108/><U104/><E116/><V129/><F1/><W135/><G40/><T89/><D122/><U88/><E86/><V76/><F69/><W9/><G75/><T101/><D101/><N who="1" m="62511" /><E134/><V63/><F74/><W128/><G128/><T58/><D130/><U107/><E107/><V132/><F72/><W30/><G127/><T64/><D133/><U32/><E32/><V54/><F132/><W2/><G135/><T59/><D33/><U31/><E31/><V28/><F123/><W93/><G2/><T43/><D43/><N who="1" m="22903" /><E125/><V67/><F28/><W18/><G70/><T29/><D29/><U7/><E7/><V65/><F129/><W120/><G120/><T94/><D82/><U23/><E23/><V111/><F111/><W24/><G66/><N who="2" m="25097" /><F55/><W79/><G53/><T90/><D73/><U87/><E87/><V26/><F26/><W10/><G81/><T124/><D124/><U109/><E109/><V0/><F0/><W121/><G121/><T62/><D59/><U105/><E105/><V106/><F106/><W96/><REACH who="3" step="1"/><G15/><REACH who="3" ten="251,244,285,200" step="2"/><T68/><D68/><U39/><E39/><V17/><F5/><W77/><G77/><T115/><D37/><U56/><E56/><V3/><F3/><W114/><G114/><AGARI ba="1,2" hai="48,49,80,85,88,112,113,114" m="22903,62511" machi="114" ten="30,3900,0" yaku="15,1,52,1,54,1" doraHai="71" who="1" fromWho="3" sc="251,0,244,62,285,0,200,-42" owari="251,-15.0,306,40.0,285,9.0,158,-34.0" />
</Scene>
</mjloggm>