<mjloggm ver="2.3"><GO type="169" lobby="0"/><UN n0="%E5%A4%AA%E3%81%8F%E3%81%AA%E3%81%84%E3%81%8A" n1="%61%6D%65%64%69%6F" n2="%E8%B5%A4%E6%9C%A8%E3%81%97%E3%81%92%E3%82%8C" n3="%E6%88%B8%E6%84%9A%E5%91%82%E3%83%BB%E5%A7%89" dan="18,17,17,17" rate="2194.71,2181.55,2190.27,2170.70" sx="M,M,M,M"/><TAIKYOKU oya="0"/>

<Scene>
<INIT seed="0,0,0,1,1,111" ten="250,250,250,250" oya="0" hai0="84,96,135,49,117,116,42,112,66,118,36,107,134" hai1="62,55,27,78,6,52,21,94,108,67,119,48,104" hai2="20,114,5,129,33,1,95,81,68,37,115,31,89" hai3="65,26,90,63,57,120,100,97,75,77,106,0,69"/><T102/><D49/><U109/><E104/><V58/><F68/><W99/><G120/><T122/><D66/><U64/><E119/><V88/><F37/><W85/><G0/><T86/><D42/><U39/><E39/><V23/><F33/><W127/><G127/><T73/><D36/><U51/><E6/><V79/><F129/><W45/><G97/><T7/><D7/><U76/><E94/><V92/><F58/><W35/><G45/><T43/><D43/><U11/><E11/><V60/><F60/><W18/><G57/><T10/><D10/><U124/><E124/><V131/><F131/><W32/><G18/><T132/><D122/><U121/><E121/><V29/><F5/><W126/><G126/><T25/><D25/><U72/><E72/><V82/><REACH who="2" step="1"/><F79/><REACH who="2" ten="250,250,240,250" step="2"/><W103/><G77/><T128/><D128/><U15/><E62/><V3/><AGARI ba="0,1" hai="1,3,20,23,29,31,81,82,88,89,92,95,114,115" machi="3" ten="25,16000,3" yaku="1,1,2,1,0,1,22,2,52,2,54,1,53,0" doraHai="111" doraHaiUra="70" who="2" fromWho="2" sc="250,-80,250,-40,240,170,250,-40" />
</Scene>
<Scene>
<INIT seed="1,0,0,2,1,32" ten="170,210,410,210" oya="1" hai0="17,55,14,7,16,9,101,19,121,71,44,37,64" hai1="57,10,59,122,86,62,129,72,36,11,87,51,130" hai2="15,117,1,43,131,46,67,45,79,132,61,107,85" hai3="75,74,24,102,123,3,69,90,26,135,106,70,56"/><U124/><E72/><V48/><F117/><W49/><G123/><T23/><D121/><U58/><E36/><V76/><F107/><W78/><G3/><T115/><D115/><U94/><E122/><V63/><F131/><N who="1" m="50185" /><E124/><V33/><F33/><W35/><G135/><T2/><D101/><U27/><E27/><V20/><F1/><W111/><G111/><T104/><D104/><U0/><E51/><N who="2" m="27071" /><F132/><W112/><G24/><T105/><D105/><U52/><E11/><V13/><F67/><W41/><G49/><T25/><D55/><U40/><E40/><N who="2" m="24647" /><F15/><W81/><G41/><T110/><D44/><U108/><E108/><V29/><F85/><N who="1" m="32265" /><E94/><V96/><F96/><N who="3" m="61767" /><G75/><T89/><D110/><U119/><E119/><V53/><F53/><W28/><G112/><T103/><D103/><U18/><E18/><N who="2" m="10319" /><F29/><W54/><G28/><T4/><D37/><U65/><E65/><V34/><F34/><W77/><G26/><T60/><REACH who="0" step="1"/><D89/><REACH who="0" ten="160,210,410,210" step="2"/><U22/><E22/><V5/><F5/><AGARI ba="0,1" hai="0,5,10,52,57,58,59,62" m="32265,50185" machi="5" ten="30,5800,0" yaku="19,1,52,1,54,1" doraHai="32" who="1" fromWho="2" sc="160,0,210,68,410,-58,210,0" />
</Scene>
<Scene>
<INIT seed="1,1,0,4,1,77" ten="160,278,352,210" oya="1" hai0="41,88,17,129,114,62,26,48,115,66,128,58,24" hai1="15,79,95,18,11,91,101,105,8,93,132,51,49" hai2="106,120,30,121,63,50,69,104,6,31,123,84,28" hai3="70,108,44,86,60,10,133,13,74,19,64,80,72"/><U76/><E132/><V35/><F35/><W43/><G108/><T119/><D17/><U124/><E105/><V3/><F50/><W99/><G99/><T117/><D24/><U96/><E124/><V9/><REACH who="2" step="1"/><F84/><REACH who="2" ten="160,278,342,210" step="2"/><W75/><G133/><T118/><D48/><N who="1" m="18507" /><E8/><V37/><F37/><W40/><REACH who="3" step="1"/><G44/><REACH who="3" ten="160,278,342,200" step="2"/><T103/><D118/><U113/><E113/><V94/><F94/><W2/><G2/><T57/><D117/><U90/><E101/><V55/><F55/><W71/><G71/><T67/><D119/><U0/><E0/><V130/><F130/><W5/><G5/><T42/><D103/><U126/><E126/><V1/><F1/><W61/><G61/><T46/><D62/><U29/><E95/><V4/><F4/><W78/><AGARI ba="1,2" hai="10,13,19,40,43,60,64,70,72,74,75,78,80,86" machi="78" ten="30,4000,0" yaku="1,1,0,1,52,1,53,0" doraHai="77" doraHaiUra="68" who="3" fromWho="3" sc="160,-11,278,-21,342,-11,200,63" />
</Scene>
<Scene>
<INIT seed="2,0,0,0,5,107" ten="149,257,331,263" oya="2" hai0="135,63,102,35,79,80,71,55,98,124,69,68,99" hai1="29,83,51,6,129,38,53,49,74,76,114,73,34" hai2="81,14,26,75,24,82,4,64,116,125,111,3,56" hai3="78,132,133,85,25,104,42,12,117,105,39,32,20"/><V19/><F116/><W9/><G117/><T112/><D112/><U95/><E38/><V103/><F125/><W46/><G32/><T126/><D35/><U21/><E114/><V0/><F103/><W22/><G85/><T118/><D118/><U72/><E34/><V18/><F111/><W27/><G78/><T1/><D1/><U123/><E123/><V2/><F4/><N who="3" m="3111" /><G22/><T128/><D128/><U17/><E6/><V94/><F94/><W97/><G97/><T113/><D113/><U89/><E29/><V87/><F75/><W84/><G84/><T59/><D135/><N who="3" m="51785" /><G27/><T47/><D47/><U90/><E129/><V100/><F100/><W37/><G39/><T5/><D5/><U70/><E70/><V109/><F109/><W7/><G7/><T16/><D16/><AGARI ba="0,0" hai="16,20,25,37,42,46,104,105" m="51785,3111" machi="16" ten="30,2000,0" yaku="20,1,54,1" doraHai="107" who="3" fromWho="0" sc="149,-20,257,0,331,0,263,20" />
</Scene>
<Scene>
<INIT seed="3,0,0,1,0,77" ten="129,257,331,283" oya="3" hai0="1,40,118,49,37,94,10,7,135,129,113,13,93" hai1="33,95,27,47,2,24,104,67,134,3,133,32,41" hai2="62,110,63,73,83,102,15,65,101,17,99,8,28" hai3="112,75,111,48,14,120,23,82,46,126,70,119,72"/><W117/><G112/><T100/><D118/><U12/><E104/><V92/><F110/><W29/><G120/><T79/><D113/><U122/><E67/><V123/><F123/><W125/><G70/><T53/><D135/><N who="1" m="51723" /><E95/><V20/><F102/><W98/><G111/><T30/><D129/><U60/><E60/><V115/><F115/><W61/><G61/><T86/><D30/><U85/><E85/><V59/><F62/><W56/><G56/><T5/><D37/><U87/><E87/><V18/><F73/><W109/><G109/><T128/><D128/><U106/><E106/><V124/><F124/><N who="3" m="47723" /><G98/><T66/><D66/><U71/><E71/><V52/><F83/><W42/><G72/><T0/><D5/><U50/><E12/><N who="2" m="7303" /><F65/><W11/><G82/><N who="0" m="47455" /><D53/><U25/><E122/><V58/><F58/><W84/><G84/><T103/><D93/><U6/><E6/><V35/><F99/><W121/><G75/><T39/><D39/><U22/><E22/><V91/><F92/><W127/><G121/><T132/><D132/><U130/><E130/><V76/><F63/><W21/><G127/><T26/><D94/><U80/><E80/><V68/><F68/><W9/><G23/><T108/><D108/><U36/><E36/><V97/><F20/><W16/><G9/><T88/><D100/><U78/><E78/><V131/><F76/><W114/><G114/><T89/><D103/><U55/><E41/><V57/><F101/><W74/><G74/><T51/><D40/><U107/><E107/><V64/><F131/><W43/><G43/><T4/><D89/><RYUUKYOKU ba="0,0" sc="129,-15,257,15,331,-15,283,15" hai1="2,3,24,25,27,32,33,47,50,55" hai3="11,14,16,21,29,42,46,48,117,119" />
</Scene>
<Scene>
<INIT seed="3,1,0,1,5,18" ten="114,272,316,298" oya="3" hai0="66,40,103,25,21,92,6,61,3,71,69,75,90" hai1="74,128,39,109,67,2,55,132,80,28,45,87,48" hai2="9,17,119,122,88,27,44,83,41,35,110,19,129" hai3="96,135,4,127,78,72,46,8,131,37,12,108,130"/><W81/><G127/><T34/><D75/><U59/><E74/><V97/><F119/><W118/><G118/><T11/><D40/><U16/><E2/><V120/><F110/><W125/><G125/><T47/><D47/><U106/><E106/><V57/><F129/><N who="3" m="49163" /><G135/><T0/><D34/><U33/><E109/><V63/><F9/><W112/><G108/><T50/><D50/><U93/><E132/><V13/><F13/><W29/><G112/><T68/><D103/><U65/><E93/><N who="2" m="56487" /><F83/><W23/><G96/><T98/><REACH who="0" step="1"/><D0/><REACH who="0" ten="104,272,316,298" step="2"/><U134/><E128/><V102/><F44/><W14/><G46/><T52/><D52/><N who="1" m="29711" /><E33/><V107/><F41/><W31/><G37/><T99/><D99/><U126/><E39/><V30/><F102/><W15/><G31/><AGARI ba="1,1" hai="3,6,11,21,25,31,61,66,68,69,71,90,92,98" machi="31" ten="30,7700,0" yaku="1,1,7,1,52,1,53,1" doraHai="18" doraHaiUra="58" who="0" fromWho="3" sc="104,90,272,0,316,0,298,-80" />
</Scene>
<Scene>
<INIT seed="4,0,0,1,0,27" ten="194,272,316,218" oya="0" hai0="66,56,135,43,48,118,130,80,96,110,71,24,45" hai1="108,18,98,46,111,84,131,122,128,105,97,68,132" hai2="95,47,3,72,9,31,30,58,74,35,116,60,104" hai3="92,109,67,16,59,70,15,119,53,14,6,73,89"/><T21/><D118/><U62/><E122/><V134/><F104/><W123/><G109/><T4/><D110/><U2/><E2/><V7/><F134/><W37/><G119/><T75/><D135/><U28/><E18/><V39/><F116/><W49/><G123/><T83/><D130/><U100/><E132/><V63/><F95/><W29/><G73/><T32/><D32/><U25/><E46/><V42/><F63/><W101/><G37/><T121/><D121/><U91/><E98/><V79/><F35/><W129/><G129/><N who="1" m="49738" /><E62/><V120/><F120/><W65/><G101/><T54/><D75/><U22/><E68/><V81/><F72/><W44/><G70/><T86/><D4/><U124/><E124/><V23/><F23/><N who="3" m="11679" /><G29/><N who="0" m="17551" /><D71/><U34/><E34/><V115/><F115/><W17/><G6/><T112/><D112/><U1/><E1/><V5/><F5/><W8/><G44/><T76/><D96/><AGARI ba="0,0" hai="8,14,17,49,53,59,65,67,89,92,96" m="11679" machi="96" ten="30,2000,0" yaku="8,1,54,1" doraHai="27" who="3" fromWho="0" sc="194,-20,272,0,316,0,218,20" />
</Scene>
<Scene>
<INIT seed="5,0,0,5,4,57" ten="174,272,316,238" oya="1" hai0="2,53,121,92,91,108,58,102,71,100,127,1,42" hai1="69,86,40,124,30,14,122,51,32,33,109,112,39" hai2="41,10,50,23,129,54,67,62,128,135,34,4,103" hai3="26,13,31,0,76,65,63,82,20,97,81,74,37"/><U89/><E122/><V45/><F34/><W113/><G0/><T59/><D71/><U21/><E109/><V132/><F103/><W96/><G113/><T12/><D108/><U99/><E124/><V60/><F23/><W106/><G37/><T36/><D127/><U118/><E118/><V95/><F95/><W38/><G38/><T79/><D79/><U131/><E69/><V64/><F10/><W66/><G82/><T15/><D121/><U72/><E72/><V22/><F22/><W27/><G106/><T3/><D36/><U88/><E39/><V123/><F4/><W49/><G49/><T9/><D42/><U6/><E112/><V94/><F94/><W126/><G66/><N who="2" m="25129" /><F123/><W98/><G126/><T133/><D58/><U130/><E33/><V8/><F8/><W93/><G13/><T73/><D73/><U119/><E32/><V115/><F115/><W101/><REACH who="3" step="1"/><G26/><REACH who="3" ten="174,272,316,228" step="2"/><T114/><D114/><U68/><E119/><V11/><F11/><W47/><G47/><T83/><D83/><U134/><E68/><AGARI ba="0,1" hai="20,27,31,63,65,68,74,76,81,93,96,97,98,101" machi="68" ten="30,7700,0" yaku="1,1,7,1,52,1,53,1" doraHai="57" doraHaiUra="78" who="3" fromWho="1" sc="174,0,272,-77,316,0,228,87" />
</Scene>
<Scene>
<INIT seed="6,0,0,5,2,23" ten="174,195,316,315" oya="2" hai0="7,110,59,6,79,10,63,135,53,17,5,45,18" hai1="129,100,61,51,30,120,94,115,74,101,130,44,1" hai2="128,109,97,34,12,42,114,87,126,22,3,121,83" hai3="73,88,102,32,41,131,76,46,62,124,123,72,24"/><V31/><F3/><W92/><G123/><T132/><D110/><U112/><E1/><V89/><F121/><W133/><G102/><N who="1" m="39530" /><E61/><V108/><F114/><N who="1" m="43561" /><E74/><V16/><F126/><W96/><G124/><T116/><D116/><U64/><E64/><V86/><F128/><N who="1" m="49257" /><E30/><V75/><F75/><W127/><G131/><T84/><D45/><U28/><E28/><V11/><F42/><W66/><G46/><T111/><D111/><U118/><E94/><N who="2" m="56527" /><F109/><W65/><G92/><T57/><D57/><U69/><E69/><V91/><F108/><W58/><G72/><T48/><D63/><U47/><E120/><V80/><F34/><W0/><G32/><T37/><D37/><U81/><E118/><V85/><F80/><W67/><G0/><T8/><D135/><U95/><E81/><V2/><F2/><W19/><G133/><T105/><D132/><U122/><E122/><V104/><F104/><W54/><G73/><T38/><D105/><U119/><E119/><V60/><F60/><W77/><G127/><T68/><D68/><U70/><E70/><V50/><F50/><W113/><G113/><T21/><D38/><U20/><E95/><V36/><F36/><W4/><G62/><T134/><D134/><U82/><E82/><V9/><F31/><W99/><G66/><T43/><D43/><N who="1" m="24991" /><E47/><V93/><F83/><W55/><G65/><T90/><D79/><U29/><E29/><V78/><F78/><W35/><G67/><T27/><D17/><U39/><E39/><V40/><F40/><W71/><G41/><T15/><D10/><AGARI ba="0,0" hai="9,10,11,12,16,22,85,86,87,91,93" m="56527" machi="10" ten="30,2900,0" yaku="8,1,54,1" doraHai="23" who="2" fromWho="0" sc="174,-29,195,0,316,29,315,0" />
</Scene>
<Scene>
<INIT seed="6,1,0,4,4,71" ten="145,195,345,315" oya="2" hai0="127,88,115,104,62,80,36,30,96,58,108,128,116" hai1="135,106,105,16,2,10,124,63,20,120,85,35,133" hai2="3,121,109,39,79,78,75,65,117,53,28,1,55" hai3="13,119,111,70,24,44,33,95,102,11,118,66,131"/><V94/><F117/><W59/><G111/><T19/><D108/><U47/><E35/><V4/><F109/><W64/><G70/><T113/><D116/><U18/><E120/><V34/><F65/><W46/><G131/><T57/><D30/><U40/><E124/><V84/><F121/><W37/><G118/><T123/><D123/><U51/><E63/><V8/><F3/><W42/><G46/><T67/><D127/><U32/><E32/><V100/><F39/><W17/><G119/><T90/><D128/><U81/><E18/><V98/><F75/><W56/><G33/><T27/><D57/><U73/><E73/><V29/><F29/><W77/><G77/><T45/><D27/><U21/><E21/><V126/><F126/><W26/><G26/><T31/><D31/><U72/><E10/><V89/><F28/><W0/><G24/><T6/><D19/><U7/><E7/><V23/><F23/><W9/><G9/><T43/><D6/><U25/><E2/><V99/><F34/><W12/><G12/><T52/><D67/><N who="3" m="25641" /><G0/><T91/><REACH who="0" step="1"/><D80/><REACH who="0" ten="135,195,345,315" step="2"/><U48/><E25/><V103/><F4/><W14/><G56/><T82/><D82/><U86/><E20/><V38/><F8/><W50/><G59/><T41/><D41/><U74/><E16/><V68/><F68/><W125/><G125/><T83/><D83/><U97/><E81/><V107/><F1/><W122/><G122/><T54/><D54/><U134/><E40/><V15/><F55/><W61/><G17/><T112/><D112/><U130/><E130/><V87/><F53/><RYUUKYOKU ba="1,1" sc="135,30,195,-10,345,-10,315,-10" hai0="36,43,45,52,58,62,88,90,91,96,104,113,115" />
</Scene>
<Scene>
<INIT seed="7,2,1,0,3,45" ten="165,185,335,305" oya="3" hai0="104,89,76,83,68,77,131,3,93,47,80,102,25" hai1="12,43,94,32,96,44,100,48,65,125,115,129,34" hai2="66,7,74,124,75,60,57,97,82,135,54,127,6" hai3="2,55,134,52,51,95,61,26,42,41,8,69,16"/><W103/><G134/><T128/><D3/><U92/><E115/><V105/><F135/><W63/><G2/><T20/><D68/><U15/><E129/><N who="0" m="49737" /><D104/><U11/><E125/><N who="2" m="48203" /><F66/><W73/><G73/><N who="2" m="27657" /><F82/><N who="0" m="31274" /><D47/><U98/><E65/><V110/><F110/><W117/><G117/><T17/><D102/><AGARI ba="2,1" hai="6,7,54,57,60,97,102,105" m="27657,48203" machi="102" ten="30,1000,0" yaku="18,1" doraHai="45" who="2" fromWho="0" sc="165,-16,185,0,335,26,305,0" owari="149,-35.0,185,-21.0,361,45.0,305,11.0" />
</Scene>
</mjloggm>