<mjloggm ver="2.3"><GO type="225" lobby="0"/><UN n0="%E3%82%B4%E3%83%BC%E3%83%AB%E3%83%87%E3%83%B3%E3%81%B2%E3%82%88%E3%81%93" n1="%E5%A4%AA%E3%81%8F%E3%81%AA%E3%81%84%E3%81%8A" n2="%E3%83%86%E3%82%A3%E3%82%AB%2D%CE%B3" n3="%E3%82%AB%E3%83%A9%E3%82%B9%E3%81%AE%E5%AD%90" dan="17,18,17,16" rate="2264.61,2208.40,2220.39,2098.43" sx="M,M,M,M"/><TAIKYOKU oya="0"/>

<Scene>
<INIT seed="0,0,0,4,1,32" ten="250,250,250,250" oya="0" hai0="84,1,125,31,39,79,54,96,0,121,51,99,23" hai1="94,108,5,90,124,64,97,81,18,26,80,95,133" hai2="22,30,86,68,46,47,113,75,111,123,15,41,107" hai3="105,65,89,130,131,126,128,42,101,43,57,20,67"/><T110/><D121/><U60/><E108/><V87/><F15/><W29/><G126/><T83/><D39/><U88/><E124/><V70/><F22/><W50/><G89/><T71/><D125/><U8/><E133/><V77/><F30/><W58/><G101/><T14/><D71/><U17/><E26/><V116/><F75/><W56/><G105/><T104/><D110/><U40/><E40/><N who="3" m="15402" /><G20/><T78/><D78/><U122/><E122/><V49/><F41/><W106/><G29/><T27/><D14/><U63/><E81/><V55/><F77/><W33/><G33/><T9/><D9/><U109/><E80/><V100/><F100/><W4/><G4/><T6/><D6/><U92/><E109/><V53/><F107/><W93/><G93/><T112/><D112/><U25/><E25/><V66/><F113/><W37/><G106/><T82/><D82/><U7/><E94/><V13/><F13/><W52/><G37/><T16/><D31/><U45/><E45/><AGARI ba="0,0" hai="45,50,52,56,57,58,65,67,128,130,131" m="15402" machi="45" ten="40,8000,1" yaku="19,1,34,2,54,1" doraHai="32" who="3" fromWho="1" sc="250,0,250,-80,250,0,250,80" />
</Scene>
<Scene>
<INIT seed="1,0,0,2,3,16" ten="250,170,250,330" oya="1" hai0="116,114,108,64,126,51,24,4,35,53,10,83,87" hai1="23,102,131,127,71,58,13,9,134,12,59,55,3" hai2="52,74,128,80,79,130,69,33,72,37,7,19,70" hai3="121,6,25,67,73,49,45,36,89,111,98,75,100"/><U104/><E71/><V81/><F33/><W113/><G121/><T50/><D116/><U124/><E131/><N who="2" m="50219" /><F37/><W18/><G113/><T94/><D114/><U105/><E134/><V1/><F1/><W109/><G36/><T42/><D126/><N who="1" m="48171" /><E3/><V135/><F7/><W56/><G6/><T77/><D64/><U112/><E112/><V84/><F135/><W57/><G89/><T47/><D108/><N who="3" m="41545" /><G75/><N who="2" m="28713" /><F81/><W103/><G73/><T68/><D68/><N who="2" m="26218" /><F19/><W120/><G120/><T39/><D94/><U65/><E65/><V8/><F8/><W22/><G67/><T82/><D82/><U28/><E102/><N who="3" m="38954" /><G98/><T48/><D39/><U15/><E9/><V38/><F38/><W97/><G97/><T2/><D35/><U88/><E88/><V27/><F27/><W133/><G133/><T34/><D34/><U43/><E43/><AGARI ba="0,0" hai="18,22,25,43,45,49,56,57" m="38954,41545" machi="43" ten="30,2000,0" yaku="14,1,52,1" doraHai="16" who="3" fromWho="1" sc="250,0,170,-20,250,0,330,20" />
</Scene>
<Scene>
<INIT seed="2,0,0,2,1,57" ten="250,150,250,350" oya="2" hai0="93,112,101,127,132,134,38,129,128,82,85,7,42" hai1="118,95,61,83,46,123,2,9,96,0,87,120,12" hai2="124,19,37,76,77,130,100,111,114,23,69,10,3" hai3="66,51,70,30,74,43,36,8,44,13,104,17,20"/><V102/><F114/><W34/><G74/><T90/><D7/><U89/><E118/><V41/><F69/><W135/><G104/><T25/><D25/><U131/><E131/><N who="0" m="50249" /><D112/><U33/><E33/><V84/><F130/><W121/><G121/><T49/><D38/><U91/><E123/><V68/><F68/><W122/><G122/><T125/><D49/><U72/><E120/><V99/><F102/><W5/><G135/><N who="0" m="51755" /><D42/><U126/><E126/><N who="0" m="48137" /><D101/><U4/><E72/><V64/><F41/><W94/><G51/><T107/><D107/><U55/><REACH who="1" step="1"/><E46/><REACH who="1" ten="250,140,250,350" step="2"/><V15/><F124/><W105/><G44/><T117/><D117/><U31/><E31/><V22/><F22/><W54/><G5/><T88/><D93/><U59/><AGARI ba="0,1" hai="0,2,4,9,12,55,59,61,83,87,89,91,95,96" machi="59" ten="30,4000,0" yaku="1,1,0,1,52,1,53,0" doraHai="57" doraHaiUra="109" who="1" fromWho="1" sc="250,-10,140,50,250,-20,350,-10" />
</Scene>
<Scene>
<INIT seed="3,0,0,2,4,77" ten="240,190,230,340" oya="3" hai0="24,127,83,34,113,75,121,118,15,103,55,101,58" hai1="128,99,26,102,94,65,3,81,47,53,117,125,129" hai2="109,100,33,48,50,60,135,116,73,68,90,63,133" hai3="19,20,123,25,79,39,8,126,112,40,70,111,0"/><W134/><G123/><T130/><D121/><U35/><E3/><V49/><F73/><W108/><G112/><T131/><D113/><U16/><E65/><N who="2" m="40999" /><F33/><W54/><G70/><T86/><D118/><U4/><E4/><V107/><F116/><W56/><G134/><N who="2" m="51209" /><F109/><N who="3" m="42059" /><G126/><T44/><D127/><U72/><E117/><V1/><F1/><W22/><G22/><T45/><D75/><U95/><E125/><V14/><F14/><W31/><G79/><N who="0" m="46463" /><D15/><U106/><E35/><V9/><F9/><W30/><G40/><T76/><D76/><N who="1" m="44167" /><E47/><N who="0" m="17993" /><D24/><U6/><E6/><V74/><F74/><W82/><G39/><T98/><D98/><U69/><E69/><V119/><F119/><W115/><G115/><T51/><D34/><U12/><E53/><V67/><F67/><W13/><G0/><T105/><D105/><U104/><E26/><V23/><F107/><N who="1" m="41001" /><E12/><V27/><F27/><W110/><G110/><T5/><D5/><U71/><E71/><V64/><F64/><W124/><G124/><T78/><D78/><U46/><E46/><V80/><F23/><W61/><G31/><T122/><D122/><U32/><E32/><V84/><F63/><W91/><G30/><T2/><D2/><U7/><E7/><V37/><F37/><W88/><G25/><T114/><D114/><U66/><E66/><V62/><F62/><W87/><G8/><T93/><D51/><U10/><E10/><V36/><F36/><W132/><G132/><T57/><D58/><U38/><E38/><V120/><F120/><W42/><G61/><T41/><D57/><U59/><E59/><RYUUKYOKU ba="0,0" sc="240,-10,190,-10,230,30,340,-10" hai2="48,49,50,80,84,90,100" owari="230,-17.0,180,-32.0,260,6.0,330,43.0" />
</Scene>
</mjloggm>