<mjloggm ver="2.3"><GO type="169" lobby="0"/><UN n0="%E3%81%B5%E3%81%81%E3%81%84%E3%81%A1%E3%82%83%E3%82%80%E2%98%85" n1="%E9%9B%AA%E4%B9%83%E7%80%AC%E9%BA%97" n2="%E5%A4%AA%E3%81%8F%E3%81%AA%E3%81%84%E3%81%8A" n3="%EF%BC%88%EF%BC%BE%D0%94%EF%BC%BE%EF%BC%89" dan="16,16,17,17" rate="2090.97,2111.94,2163.61,2155.79" sx="M,M,M,M"/><TAIKYOKU oya="0"/>

<Scene>
<INIT seed="0,0,0,5,1,124" ten="250,250,250,250" oya="0" hai0="32,99,27,15,110,17,36,101,74,90,60,46,72" hai1="131,38,128,80,59,104,9,23,125,51,100,55,30" hai2="126,91,45,6,102,81,92,109,39,49,113,134,48" hai3="97,127,132,79,69,11,130,13,120,1,31,119,135"/><T20/><D90/><U42/><E125/><V28/><F113/><W24/><G127/><T47/><D110/><U82/><E9/><V103/><F126/><W111/><G69/><T21/><D32/><U85/><E42/><V0/><F39/><W105/><G79/><T35/><D35/><U70/><E38/><V133/><F28/><W33/><G111/><T67/><D36/><U112/><E70/><V122/><F122/><W54/><G119/><T75/><D60/><U7/><E7/><V22/><F22/><W87/><G87/><T52/><D67/><U86/><E112/><V117/><F81/><N who="1" m="31337" /><E100/><V98/><F117/><W107/><G54/><T53/><D46/><U96/><E104/><V12/><F0/><W37/><G37/><T77/><D47/><U116/><E96/><V62/><F109/><W65/><G65/><T71/><D71/><U95/><E95/><V114/><F114/><W50/><G1/><T14/><D77/><U10/><E116/><V29/><F103/><N who="3" m="62703" /><G107/><T56/><D56/><U88/><E10/><N who="2" m="4183" /><F45/><W19/><G120/><T129/><D53/><U2/><E2/><V83/><F83/><W40/><G40/><T25/><D52/><U76/><E76/><V84/><F84/><N who="1" m="32361" /><E88/><V108/><F108/><W121/><G121/><T57/><D72/><U123/><E123/><V18/><F92/><W5/><G5/><T16/><D74/><U89/><E89/><V34/><F91/><W64/><G64/><T41/><D75/><U43/><E43/><V63/><F102/><W4/><G4/><T106/><D41/><U94/><E94/><RYUUKYOKU ba="0,0" sc="250,-10,250,30,250,-10,250,-10" hai1="23,30,51,55,59,128,131" />
</Scene>
<Scene>
<INIT seed="1,1,0,1,4,69" ten="240,280,240,240" oya="1" hai0="34,2,131,38,42,1,121,100,75,117,80,125,12" hai1="84,66,53,16,10,33,64,50,25,76,101,133,7" hai2="92,21,11,74,30,49,124,115,94,135,118,68,87" hai3="58,111,98,127,108,51,95,23,79,106,31,120,102"/><U122/><E122/><V36/><F74/><W67/><G120/><T62/><D34/><U59/><E101/><V107/><F107/><W57/><G127/><T48/><D117/><U82/><E133/><V134/><F118/><W4/><G79/><T78/><D125/><U56/><E33/><V63/><F124/><W37/><G37/><T60/><D121/><U14/><REACH who="1" step="1"/><E59/><REACH who="1" ten="240,270,240,240" step="2"/><V88/><F135/><W39/><G58/><T54/><D100/><U18/><E18/><V103/><F103/><W126/><G126/><T93/><D131/><U119/><E119/><V110/><F134/><W116/><G116/><T17/><D17/><U52/><E52/><V113/><F68/><W41/><G106/><T19/><D54/><U130/><E130/><V77/><F113/><W32/><G32/><T73/><D19/><U0/><E0/><V61/><F115/><W91/><G102/><T96/><D2/><U5/><E5/><V89/><F30/><W65/><G4/><T99/><D1/><U44/><E44/><V109/><F109/><W40/><G57/><T97/><D62/><U15/><E15/><V29/><F110/><W20/><G111/><T71/><D60/><U81/><E81/><V123/><F123/><W104/><G108/><T13/><D13/><U90/><E90/><V24/><F63/><W46/><G104/><T72/><D12/><U45/><E45/><V6/><F61/><W8/><G31/><T9/><D80/><U47/><E47/><V114/><F114/><W83/><G83/><T70/><D71/><U28/><E28/><V112/><F29/><RYUUKYOKU ba="1,1" sc="240,-10,270,30,240,-10,240,-10" hai1="7,10,14,16,25,50,53,56,64,66,76,82,84" />
</Scene>
<Scene>
<INIT seed="1,2,1,2,1,82" ten="230,300,230,230" oya="1" hai0="104,62,54,41,46,90,124,24,22,57,103,128,125" hai1="14,49,35,58,60,53,61,101,123,115,52,117,1" hai2="118,10,71,84,65,96,69,15,110,75,80,18,74" hai3="81,66,95,94,109,59,134,130,97,37,64,102,2"/><U20/><E115/><V12/><F118/><W67/><G109/><T112/><D112/><U87/><E35/><V28/><F110/><W120/><G120/><T79/><D79/><U100/><E1/><V133/><F133/><W50/><G59/><T36/><D128/><U8/><E20/><V5/><F28/><W40/><G37/><T85/><D103/><U114/><E117/><V43/><F43/><W116/><G134/><T21/><D104/><U30/><E30/><V23/><F96/><W132/><G132/><T126/><REACH who="0" step="1"/><D24/><REACH who="0" ten="220,300,230,230" step="2"/><U29/><E123/><V63/><REACH who="2" step="1"/><F71/><REACH who="2" ten="220,300,220,230" step="2"/><W39/><G116/><T72/><D72/><U99/><E114/><V55/><F55/><W111/><G111/><T68/><D68/><U56/><E29/><V31/><F31/><W89/><G130/><T16/><D16/><U135/><E135/><V106/><F106/><W47/><G66/><T122/><D122/><U11/><E101/><V4/><F4/><W108/><G67/><T0/><D0/><U33/><E100/><V113/><F113/><W7/><G64/><T127/><N who="0" m="31744" /><DORA hai="73" /><T32/><D32/><U38/><E33/><V44/><F44/><W17/><G108/><T107/><D107/><U119/><E119/><V19/><F19/><W93/><G17/><T121/><D121/><U3/><E3/><V86/><F86/><N who="3" m="50383" /><G2/><T83/><AGARI ba="2,3" hai="21,22,36,41,46,54,57,62,83,85,90" m="31744" machi="83" ten="60,8000,1" yaku="1,1,0,1,18,1,52,1,53,1" doraHai="82,73" doraHaiUra="131,51" who="0" fromWho="0" sc="220,116,300,-42,220,-22,230,-22" />
</Scene>
<Scene>
<INIT seed="2,0,0,2,2,96" ten="336,258,198,208" oya="2" hai0="120,14,9,31,85,94,57,60,132,123,24,35,134" hai1="90,72,22,99,73,17,133,103,52,102,115,32,110" hai2="84,114,128,7,100,76,116,117,37,135,131,86,36" hai3="23,107,28,0,88,121,45,46,125,64,47,39,97"/><V127/><F7/><W104/><G121/><T33/><D85/><N who="2" m="32874" /><F76/><W71/><G125/><T112/><D94/><N who="1" m="56791" /><E115/><V113/><F127/><W13/><G0/><T129/><D35/><U43/><E73/><V83/><F83/><W81/><G39/><N who="2" m="14921" /><F100/><W40/><G40/><T11/><D112/><N who="2" m="43114" /><F135/><N who="0" m="51754" /><D129/><AGARI ba="0,0" hai="116,117,128,129,131" m="43114,14921,32874" machi="129" ten="40,7700,0" yaku="28,2,19,1" doraHai="96" who="2" fromWho="0" sc="336,-77,258,0,198,77,208,0" />
</Scene>
<Scene>
<INIT seed="2,1,0,2,5,110" ten="259,258,275,208" oya="2" hai0="130,41,64,75,112,68,125,35,62,12,21,105,0" hai1="91,128,48,51,36,15,54,77,39,120,65,122,70" hai2="16,9,28,107,60,111,95,101,126,83,58,109,29" hai3="69,22,93,98,40,26,55,78,135,25,97,56,7"/><V74/><F107/><W82/><G69/><T79/><D35/><U43/><E77/><N who="2" m="44471" /><F126/><W53/><G135/><T13/><D0/><U18/><E91/><V117/><F117/><W119/><G119/><T80/><D105/><U57/><E128/><V72/><F72/><W104/><G40/><T4/><D130/><U108/><E108/><N who="2" m="41547" /><F95/><W116/><G116/><T123/><D123/><N who="1" m="47147" /><E65/><N who="2" m="39063" /><F101/><W102/><G7/><T24/><D125/><U42/><E70/><V11/><F11/><W86/><G56/><T134/><D134/><U67/><E67/><V38/><F38/><N who="1" m="14377" /><E51/><V85/><F85/><W1/><G104/><T81/><D75/><U61/><E48/><V2/><F2/><W34/><G1/><T90/><D68/><U88/><E88/><V89/><F89/><W49/><G49/><T76/><D90/><U6/><E6/><V20/><F9/><AGARI ba="1,0" hai="9,15,18,42,43,54,57,61" m="14377,47147" machi="9" ten="30,1000,0" yaku="13,1" doraHai="110" who="1" fromWho="2" sc="259,0,258,13,275,-13,208,0" />
</Scene>
<Scene>
<INIT seed="3,0,0,2,2,113" ten="259,271,262,208" oya="3" hai0="108,119,37,84,53,95,121,126,101,39,4,106,46" hai1="116,83,87,93,134,97,19,77,9,55,88,68,66" hai2="127,0,118,11,128,61,36,96,2,70,54,28,49" hai3="18,14,120,109,81,17,74,16,8,62,27,63,80"/><W41/><G120/><T65/><D121/><U94/><E134/><V43/><F28/><W13/><G109/><T117/><D106/><U122/><E122/><V7/><F127/><W44/><G74/><T12/><D65/><U112/><E112/><V35/><F35/><W132/><G132/><T20/><D108/><U130/><E130/><V29/><F29/><W47/><G27/><T76/><D126/><U6/><E19/><V90/><F128/><W51/><G18/><T57/><D46/><U107/><E116/><N who="0" m="44617" /><D76/><U100/><E55/><V79/><F79/><W48/><G41/><T64/><D64/><U102/><E93/><V42/><F0/><W104/><G104/><T129/><D4/><U22/><E22/><V60/><F118/><W24/><G24/><T23/><D23/><U25/><E25/><V111/><F111/><W131/><REACH who="3" step="1"/><G131/><REACH who="3" ten="259,271,262,198" step="2"/><T133/><D129/><U71/><E71/><V45/><F42/><W5/><G5/><T85/><D133/><U78/><E107/><V21/><F70/><W15/><G15/><T98/><D12/><U58/><E68/><V73/><F73/><W135/><G135/><T10/><D37/><U124/><E124/><V52/><F36/><W32/><G32/><T91/><D39/><U38/><E38/><V1/><F1/><W40/><G40/><T114/><D114/><U30/><E30/><V92/><F21/><W86/><G86/><N who="0" m="52727" /><D20/><U33/><E33/><V59/><F43/><W34/><G34/><T67/><D84/><U115/><E115/><V3/><F3/><W72/><G72/><T26/><D85/><RYUUKYOKU ba="0,1" sc="259,-15,271,-15,262,15,198,15" hai2="2,7,11,45,49,52,54,59,60,61,90,92,96" hai3="8,13,14,16,17,44,47,48,51,62,63,80,81" />
</Scene>
<Scene>
<INIT seed="3,1,1,3,4,114" ten="244,256,277,213" oya="3" hai0="124,80,97,81,4,23,26,56,89,21,59,116,72" hai1="111,84,87,41,78,57,22,16,113,125,108,135,49" hai2="58,71,96,132,68,73,20,7,31,13,5,19,63" hai3="35,95,75,117,36,50,134,85,55,27,12,112,3"/><W109/><G36/><T122/><D122/><U18/><E113/><V28/><F73/><W66/><G112/><T105/><D124/><U99/><E135/><V77/><F132/><W1/><G75/><T93/><D4/><N who="2" m="1610" /><F71/><W32/><G134/><T129/><D129/><U33/><E33/><V107/><F68/><W2/><G117/><T39/><D39/><U51/><E125/><V102/><F107/><W83/><G109/><N who="1" m="42058" /><E99/><V88/><F77/><W45/><G66/><T61/><D116/><U43/><E78/><V91/><F102/><W69/><G69/><T94/><D105/><U44/><E18/><V10/><F96/><W118/><G118/><T48/><D72/><U104/><E104/><V98/><F98/><W110/><G110/><T79/><D79/><U126/><E126/><V131/><F131/><W86/><G27/><T62/><D48/><U52/><E43/><V34/><F34/><W38/><G38/><T42/><D42/><U14/><AGARI ba="1,1" hai="14,16,22,41,44,49,51,52,57,84,87" m="42058" machi="14" ten="30,4000,0" yaku="14,1,54,2" doraHai="114" who="1" fromWho="1" sc="244,-11,256,53,277,-11,213,-21" />
</Scene>
<Scene>
<INIT seed="4,0,0,1,0,132" ten="233,309,266,192" oya="0" hai0="6,31,27,43,38,83,77,56,120,76,65,94,126" hai1="103,89,124,97,115,63,135,1,57,46,5,133,39" hai2="86,15,123,12,105,34,13,24,72,75,91,64,102" hai3="68,60,51,17,85,50,41,96,40,79,9,107,44"/><T70/><D70/><U54/><E124/><V22/><F123/><W106/><G96/><T84/><D120/><U52/><E115/><V88/><F34/><W121/><G121/><T61/><D6/><U78/><E78/><V93/><F64/><W119/><G119/><T47/><D94/><U26/><E89/><V53/><F53/><W90/><G79/><T112/><D112/><U114/><E114/><V16/><REACH who="2" step="1"/><F91/><REACH who="2" ten="233,309,256,192" step="2"/><W20/><G40/><T80/><D126/><U2/><E135/><V42/><F42/><W58/><G41/><T18/><D18/><U95/><E133/><V109/><F109/><W10/><G17/><T134/><D134/><U131/><E131/><V104/><F104/><W55/><G107/><T81/><D76/><U37/><E5/><V129/><F129/><W23/><G106/><T28/><D31/><U48/><REACH who="1" step="1"/><E26/><REACH who="1" ten="233,299,256,192" step="2"/><V14/><N who="2" m="3072" /><DORA hai="108" /><V32/><F32/><AGARI ba="0,2" hai="27,28,32,38,43,47,56,61,65,77,80,81,83,84" machi="32" ten="30,1500,0" yaku="7,1" doraHai="132,108" who="0" fromWho="2" sc="233,35,299,0,256,-15,192,0" />
</Scene>
<Scene>
<INIT seed="4,1,0,5,3,50" ten="268,299,241,192" oya="0" hai0="40,123,64,46,33,30,16,69,48,70,88,126,59" hai1="135,108,100,13,121,131,47,84,91,7,61,104,119" hai2="35,81,65,57,2,22,96,80,97,116,5,23,122" hai3="109,77,105,54,45,94,117,19,101,133,85,62,20"/><T53/><D123/><U52/><E108/><V111/><F35/><W55/><G109/><T78/><D78/><U41/><E121/><V27/><F122/><W34/><G34/><T0/><D0/><U21/><E119/><V38/><F38/><W99/><G117/><T72/><D72/><U79/><E131/><V103/><F111/><W68/><G133/><T56/><D126/><U98/><E135/><V26/><F116/><W102/><G45/><N who="0" m="27791" /><D30/><U71/><E79/><V42/><F42/><W39/><G39/><N who="0" m="21791" /><D16/><U125/><E71/><N who="0" m="27145" /><D33/><U107/><E125/><V74/><F2/><W82/><G102/><T49/><D88/><U8/><E21/><V1/><F1/><W110/><G110/><T44/><D64/><U17/><E107/><V124/><F5/><W73/><G73/><T67/><D67/><U15/><E91/><V128/><F74/><W24/><G105/><T29/><D29/><U3/><E84/><V87/><F124/><W32/><G32/><T63/><D63/><U118/><E118/><V83/><F87/><W120/><G120/><T132/><D132/><U60/><E60/><N who="2" m="38031" /><F23/><W43/><G62/><T112/><D112/><U4/><E4/><V130/><F97/><W66/><G66/><T95/><D95/><U92/><E104/><N who="2" m="63591" /><F22/><W12/><G68/><T86/><D86/><U9/><E9/><V90/><F90/><W134/><G134/><T76/><D76/><U89/><E89/><V28/><F28/><W106/><G106/><T114/><D114/><U113/><E113/><V25/><F81/><W37/><G24/><T58/><D49/><RYUUKYOKU ba="1,0" sc="268,10,299,-30,241,10,192,10" hai0="44,56,58,59" hai2="25,26,27,80,83,128,130" hai3="12,19,20,37,43,54,55,77,82,85,94,99,101" />
</Scene>
<Scene>
<INIT seed="4,2,0,0,1,132" ten="278,269,251,202" oya="0" hai0="30,61,115,8,25,19,125,41,62,60,98,49,127" hai1="101,110,91,46,69,37,80,133,94,18,134,33,83" hai2="95,112,117,70,15,9,51,21,81,128,29,119,28" hai3="84,124,17,57,43,45,1,38,35,122,75,79,55"/><T2/><D98/><U114/><E110/><V93/><F70/><W39/><G39/><T68/><D115/><U135/><E101/><V27/><F112/><W131/><G1/><T97/><D97/><U92/><E114/><V89/><F128/><W53/><G35/><N who="0" m="20943" /><D68/><U107/><E107/><V123/><F123/><W63/><G131/><T116/><D116/><N who="2" m="44618" /><F28/><W88/><G122/><T108/><D108/><U87/><E69/><V47/><F89/><W74/><G124/><N who="0" m="47691" /><D41/><N who="1" m="22831" /><E33/><V86/><F81/><N who="1" m="31305" /><E18/><N who="2" m="8559" /><F86/><W12/><G79/><T118/><D118/><U34/><E34/><V20/><F20/><W31/><G31/><T56/><D49/><U13/><E13/><V67/><F67/><W120/><G55/><AGARI ba="2,0" hai="21,27,29,47,51,55,93,95" m="8559,44618" machi="55" ten="30,1000,0" yaku="12,1" doraHai="132" who="2" fromWho="3" sc="278,0,269,0,251,16,202,-16" />
</Scene>
<Scene>
<INIT seed="5,0,0,4,5,85" ten="278,269,267,186" oya="1" hai0="25,78,89,82,94,0,26,95,71,9,22,108,57" hai1="68,90,125,44,39,37,135,56,1,106,129,31,32" hai2="101,131,27,84,4,88,72,8,113,65,132,105,112" hai3="79,28,110,118,96,36,76,99,23,127,59,133,60"/><U86/><E68/><V7/><F72/><W97/><G110/><T55/><D71/><U3/><E106/><V74/><F74/><W77/><G36/><T117/><D117/><U49/><E129/><V61/><F131/><W121/><G121/><T64/><D64/><U6/><E135/><V70/><F132/><W24/><G133/><T104/><D104/><U13/><E125/><V17/><F101/><W46/><G127/><T15/><D0/><U69/><E69/><V122/><F105/><W123/><G123/><T120/><D120/><U103/><E103/><V63/><F63/><W119/><G46/><T126/><D126/><U47/><E56/><V18/><F122/><W81/><G119/><T30/><D26/><U51/><E31/><V67/><F67/><W75/><REACH who="3" step="1"/><G118/><REACH who="3" ten="278,269,267,176" step="2"/><T42/><D108/><U52/><E39/><V93/><F7/><W116/><G116/><T29/><D42/><U2/><E37/><V115/><F27/><W38/><G38/><T19/><D30/><U124/><E124/><V54/><F54/><AGARI ba="0,1" hai="23,24,28,54,59,60,75,76,77,79,81,96,97,99" machi="54" ten="40,1300,0" yaku="1,1,53,0" doraHai="85" doraHaiUra="102" who="3" fromWho="2" sc="278,0,269,0,267,-13,176,23" />
</Scene>
<Scene>
<INIT seed="6,0,0,2,4,109" ten="278,269,254,199" oya="2" hai0="11,2,5,27,119,54,72,97,22,31,104,26,87" hai1="4,131,32,103,92,106,62,125,116,121,28,100,30" hai2="65,91,33,10,88,69,101,45,135,50,120,6,3" hai3="0,107,115,113,53,111,51,68,17,80,63,85,132"/><V55/><F120/><W70/><G111/><T79/><D72/><U90/><E116/><V14/><F33/><W41/><G132/><T38/><D38/><U40/><E131/><V81/><F135/><W99/><G0/><T134/><D134/><U7/><E125/><V75/><F101/><N who="1" m="38985" /><E106/><V89/><F3/><W21/><G107/><T24/><D119/><U127/><E32/><V48/><F48/><W23/><G99/><T58/><D97/><N who="1" m="57495" /><E127/><V102/><F102/><W19/><G41/><T61/><D104/><U12/><E121/><V73/><REACH who="2" step="1"/><F81/><REACH who="2" ten="278,269,244,199" step="2"/><W49/><G63/><AGARI ba="0,1" hai="6,10,14,45,50,55,63,65,69,73,75,88,89,91" machi="63" ten="40,7700,0" yaku="1,1,2,1,54,1,53,0" doraHai="109" doraHaiUra="96" who="2" fromWho="3" sc="278,0,269,0,244,87,199,-77" />
</Scene>
<Scene>
<INIT seed="6,1,0,4,1,133" ten="278,269,331,122" oya="2" hai0="37,20,130,9,56,63,31,68,110,19,27,13,79" hai1="28,30,92,69,3,46,121,77,44,49,119,71,117" hai2="125,36,118,57,14,85,101,5,106,64,52,22,70" hai3="97,41,47,6,78,104,89,112,12,60,94,1,26"/><V86/><F118/><W114/><G104/><T116/><D110/><U135/><E77/><V105/><F36/><W21/><G1/><T32/><D130/><U48/><E92/><V82/><F70/><W115/><G78/><T98/><D68/><U103/><E103/><V59/><F64/><W55/><G6/><T81/><D37/><U29/><E29/><V113/><F59/><W66/><G12/><T111/><D98/><U109/><E121/><V96/><F113/><W45/><G41/><T2/><D111/><U88/><E135/><V76/><F105/><W43/><G43/><T61/><D116/><U100/><E100/><V129/><F129/><W0/><G0/><T67/><D61/><U93/><E93/><V18/><F5/><W53/><G66/><T39/><D39/><U73/><E3/><V120/><F120/><W4/><G4/><T8/><D2/><U131/><E131/><V51/><F125/><W16/><G55/><T17/><D17/><U122/><E122/><V58/><REACH who="2" step="1"/><F57/><AGARI ba="1,0" hai="16,21,26,45,47,53,57,60,89,94,97,112,114,115" machi="57" ten="40,8000,1" yaku="25,2,15,1,11,1,54,1" doraHai="133" who="3" fromWho="2" sc="278,0,269,0,331,-83,122,83" />
</Scene>
<Scene>
<INIT seed="7,0,0,4,5,87" ten="278,269,248,205" oya="3" hai0="128,117,134,109,118,116,30,121,69,10,49,7,79" hai1="127,24,125,95,9,96,111,76,85,29,16,47,41" hai2="55,112,67,133,60,58,97,129,25,93,110,27,94" hai3="8,126,84,15,12,50,66,72,86,102,40,19,73"/><W28/><G126/><N who="1" m="48138" /><E111/><V123/><F110/><W101/><G72/><T115/><D69/><U42/><E76/><V124/><F124/><W6/><G73/><T36/><D36/><U106/><E85/><N who="3" m="32874" /><G28/><T132/><D79/><U91/><E106/><V22/><F112/><W131/><G66/><T0/><D30/><U135/><E47/><V98/><F133/><N who="0" m="51306" /><D109/><U14/><E135/><V46/><F129/><W53/><G40/><T83/><D83/><U59/><E59/><V21/><F123/><W105/><G105/><T57/><D121/><U100/><E100/><V23/><F67/><W71/><G71/><T62/><D128/><U2/><E2/><V68/><F68/><W31/><G31/><T70/><D70/><U35/><AGARI ba="0,0" hai="9,14,16,24,29,35,41,42,91,95,96" m="48138" machi="35" ten="30,4000,0" yaku="18,1,52,1,54,1" doraHai="87" who="1" fromWho="1" sc="278,-10,269,40,248,-10,205,-20" owari="268,7.0,309,40.0,238,-16.0,185,-31.0" />
</Scene>
</mjloggm>