<mjloggm ver="2.3"><GO type="169" lobby="0"/><UN n0="%E3%81%A1%E3%82%83%E3%81%9D%E2%98%86" n1="%E5%A4%AA%E3%81%8F%E3%81%AA%E3%81%84%E3%81%8A" n2="%E3%81%8A%E3%81%98%E3%81%8A" n3="%E6%B4%A5%E7%94%B0%E6%B2%BC%E3%81%A3%E5%AD%90" dan="16,17,17,16" rate="2090.81,2193.53,2108.82,2133.91" sx="M,F,M,M"/><TAIKYOKU oya="0"/>

<Scene>
<INIT seed="0,0,0,3,2,110" ten="250,250,250,250" oya="0" hai0="28,97,47,26,8,48,33,116,62,126,13,125,24" hai1="37,29,39,132,65,67,89,130,40,91,93,53,55" hai2="109,135,35,66,64,57,4,61,44,12,51,95,18" hai3="2,75,7,19,106,123,131,78,46,10,101,112,124"/><T56/><D116/><U134/><E29/><V80/><F35/><W104/><G123/><T98/><D26/><U11/><E11/><V42/><F109/><W100/><G112/><T0/><D0/><U9/><E9/><V114/><F135/><W21/><G124/><N who="0" m="47723" /><D48/><U105/><E93/><V90/><F4/><W41/><G131/><T52/><D47/><U113/><E105/><V38/><F114/><W92/><G106/><T86/><D86/><U69/><E69/><V77/><F38/><W118/><G104/><T23/><D23/><U30/><E30/><V1/><F1/><W31/><G31/><T43/><D43/><U122/><E40/><V84/><F66/><W85/><G118/><T72/><D72/><U60/><E60/><V5/><F5/><AGARI ba="0,0" hai="5,8,13,24,28,33,52,56,62,97,98" m="47723" machi="5" ten="30,2900,0" yaku="18,1,54,1" doraHai="110" who="0" fromWho="2" sc="250,29,250,0,250,-29,250,0" />
</Scene>
<Scene>
<INIT seed="0,1,0,0,5,13" ten="279,250,221,250" oya="0" hai0="95,68,58,46,27,100,117,56,52,101,90,18,131" hai1="63,94,76,11,37,24,10,103,59,32,114,35,104" hai2="65,112,49,9,42,135,91,44,67,128,83,77,119" hai3="121,16,39,53,26,72,132,8,102,75,36,15,113"/><T43/><D117/><U69/><E37/><V84/><F112/><W73/><G113/><T125/><D68/><U47/><E114/><V41/><F135/><W54/><G132/><T92/><D131/><U110/><E47/><V79/><F128/><W106/><G121/><T25/><D125/><U86/><E110/><V123/><F123/><W45/><G106/><T21/><D27/><U126/><E126/><V29/><F119/><W55/><G102/><T74/><D74/><U82/><E94/><V99/><F29/><W116/><G116/><T7/><D7/><U30/><E35/><V60/><F41/><W71/><G71/><T17/><D17/><U57/><E57/><V62/><F99/><W130/><G130/><T34/><D34/><U105/><E105/><V81/><F9/><W109/><G109/><T33/><D33/><U93/><E93/><V38/><F38/><W12/><G26/><T64/><D64/><N who="2" m="24650" /><F83/><W50/><REACH who="3" step="1"/><G15/><REACH who="3" ten="279,250,221,240" step="2"/><T133/><D133/><U108/><E108/><V28/><F28/><W40/><AGARI ba="1,1" hai="8,12,16,36,39,40,45,50,53,54,55,72,73,75" machi="40" ten="40,8000,1" yaku="1,1,2,1,0,1,52,1,54,1,53,0" doraHai="13" doraHaiUra="129" who="3" fromWho="3" sc="279,-41,250,-21,221,-21,240,93" />
</Scene>
<Scene>
<INIT seed="1,0,0,0,1,127" ten="238,229,200,333" oya="1" hai0="128,121,133,118,56,70,82,110,43,30,106,19,49" hai1="28,64,109,34,23,114,129,52,8,50,85,7,103" hai2="125,17,104,51,27,33,47,41,40,117,126,99,84" hai3="32,66,88,4,94,72,100,12,39,69,63,14,21"/><U42/><E114/><V55/><F117/><W92/><G32/><T91/><D106/><U102/><E34/><V77/><F77/><W134/><G134/><T31/><D70/><U74/><E74/><V13/><F84/><W132/><G72/><T36/><D36/><U80/><E42/><V57/><F104/><W68/><G39/><T123/><D118/><U24/><E64/><V115/><F115/><W131/><G132/><T95/><D82/><U45/><E129/><V81/><F81/><W5/><G69/><T83/><D83/><U98/><E98/><V73/><F73/><W46/><G46/><N who="0" m="25823" /><D110/><U59/><E45/><V120/><F99/><W35/><G35/><T22/><D56/><U93/><E93/><V18/><F120/><N who="0" m="46154" /><D128/><U54/><E54/><V76/><F76/><W97/><G131/><T65/><D65/><U90/><REACH who="1" step="1"/><E109/><REACH who="1" ten="238,219,200,333" step="2"/><V135/><F135/><W71/><G94/><T61/><D133/><U75/><E75/><V53/><F53/><W3/><G92/><T122/><D122/><U108/><E108/><V130/><F130/><W86/><G66/><T6/><D95/><U26/><E26/><V11/><F41/><W101/><G97/><T79/><D61/><U38/><E38/><N who="2" m="21911" /><F33/><W105/><G63/><T67/><D67/><U107/><E107/><V62/><F62/><W25/><G105/><T58/><D58/><U9/><E9/><N who="2" m="6319" /><F27/><W89/><G25/><T113/><D113/><U2/><AGARI ba="0,1" hai="2,7,8,23,24,28,50,52,59,80,85,90,102,103" machi="2" ten="20,7800,0" yaku="1,1,0,1,7,1,54,1,53,0" doraHai="127" doraHaiUra="15" who="1" fromWho="1" sc="238,-26,219,88,200,-26,333,-26" />
</Scene>
<Scene>
<INIT seed="1,1,0,0,0,116" ten="212,307,174,307" oya="1" hai0="122,102,10,48,41,29,93,42,65,97,26,134,5" hai1="135,23,1,96,101,72,83,70,37,117,33,9,60" hai2="78,71,39,133,66,113,95,108,127,103,106,47,111" hai3="43,64,75,62,30,38,124,15,0,77,91,129,123"/><U69/><E23/><V119/><F119/><W90/><G123/><T53/><D134/><U19/><E117/><V85/><F71/><W57/><G0/><T49/><D65/><U79/><E135/><V126/><F66/><W98/><G129/><T82/><D82/><U128/><E128/><V27/><F133/><W92/><G124/><N who="2" m="47657" /><F27/><W36/><G30/><T28/><D122/><U99/><E99/><N who="2" m="61823" /><F47/><W67/><G67/><T80/><D80/><U56/><E33/><V94/><F39/><W16/><G43/><T20/><D29/><U61/><E37/><V25/><F25/><W18/><G75/><T34/><D34/><U46/><E46/><V2/><F2/><W51/><G77/><T107/><D107/><U118/><E118/><V17/><F17/><W130/><G130/><T35/><D35/><U45/><E45/><V24/><F24/><W114/><G51/><N who="0" m="19531" /><D53/><U110/><E1/><V52/><F52/><W125/><G125/><T112/><D112/><U109/><E69/><V14/><F14/><AGARI ba="1,0" hai="5,10,14,20,26,28,41,42,93,97,102" m="19531" machi="14" ten="30,1000,0" yaku="8,1" doraHai="116" who="0" fromWho="2" sc="212,13,307,0,174,-13,307,0" />
</Scene>
<Scene>
<INIT seed="2,0,0,4,0,51" ten="225,307,161,307" oya="2" hai0="117,66,19,92,74,0,52,41,133,14,99,50,44" hai1="88,104,130,65,106,59,73,121,23,54,5,122,4" hai2="22,134,125,10,103,43,72,13,112,128,107,75,94" hai3="61,34,93,2,3,71,98,39,83,33,85,77,68"/><V6/><F112/><W53/><G39/><T100/><D117/><U79/><E65/><V60/><F107/><N who="1" m="41001" /><E79/><V91/><F103/><W18/><G68/><T35/><D35/><U120/><E73/><V126/><F134/><W84/><G84/><T131/><D133/><U67/><E67/><V132/><F132/><W26/><G71/><T29/><D66/><U47/><E47/><V25/><F43/><W15/><G34/><T9/><D29/><U78/><E78/><V76/><F128/><W105/><G105/><T58/><D131/><U96/><E23/><V46/><F46/><W7/><G7/><T11/><D0/><U45/><E45/><V28/><F60/><W32/><G32/><T115/><D74/><U127/><E127/><N who="2" m="48651" /><F76/><W62/><G62/><T82/><D82/><U48/><E130/><V124/><N who="2" m="48659" /><V12/><DORA hai="69" /><F12/><W123/><G123/><T1/><D1/><U116/><E116/><V90/><F90/><W37/><G37/><T70/><D70/><U16/><E88/><V135/><F135/><W21/><G33/><T102/><D115/><U31/><E121/><V30/><F30/><W24/><G24/><T57/><D102/><U38/><E31/><V27/><F27/><W129/><G15/><N who="0" m="7663" /><D41/><U42/><E122/><V119/><F119/><W87/><G87/><AGARI ba="0,0" hai="6,10,13,22,25,28,72,75,87,91,94" m="48659" machi="87" ten="40,2000,0" yaku="18,1" doraHai="51,69" who="2" fromWho="3" sc="225,0,307,0,161,20,307,-20" />
</Scene>
<Scene>
<INIT seed="2,1,0,4,0,63" ten="225,307,181,287" oya="2" hai0="100,23,68,13,109,128,117,45,5,43,116,10,126" hai1="55,97,66,130,8,85,115,35,27,118,22,107,2" hai2="60,11,133,58,87,111,14,89,31,44,93,124,91" hai3="3,25,65,88,83,112,30,121,40,33,77,135,29"/><V34/><F124/><W41/><G121/><T16/><D126/><U99/><E115/><V38/><F133/><W28/><G3/><T61/><D109/><U70/><E118/><N who="0" m="45673" /><D100/><U134/><E134/><V123/><F123/><W46/><G135/><T129/><D61/><N who="1" m="40271" /><E85/><V120/><F120/><W49/><G112/><T90/><D90/><U80/><E22/><V102/><F111/><W94/><G41/><T113/><D68/><U86/><E55/><V6/><F102/><W4/><G4/><T78/><D78/><U101/><E97/><V7/><F34/><W75/><REACH who="3" step="1"/><G65/><REACH who="3" ten="225,307,181,277" step="2"/><T72/><D113/><U69/><E2/><V57/><F6/><W36/><G36/><N who="0" m="21735" /><D72/><U48/><E130/><V42/><F31/><W50/><G50/><T108/><D108/><U119/><E48/><V17/><F60/><W92/><G92/><T79/><D79/><U12/><E119/><V62/><F62/><W64/><G64/><T71/><D71/><U24/><E69/><V84/><REACH who="2" step="1"/><F7/><REACH who="2" ten="225,307,171,277" step="2"/><W106/><G106/><T1/><AGARI ba="1,2" hai="1,5,10,13,16,23,128,129" m="21735,45673" machi="1" ten="30,2000,0" yaku="12,1,54,1" doraHai="63" who="0" fromWho="0" sc="225,43,307,-6,171,-11,277,-6" />
</Scene>
<Scene>
<INIT seed="3,0,0,2,0,105" ten="268,301,160,271" oya="3" hai0="45,68,80,5,12,55,27,97,100,121,114,87,127" hai1="63,116,84,93,112,99,54,81,74,26,35,41,62" hai2="102,47,88,71,3,53,15,67,104,0,32,7,135" hai3="34,52,96,108,23,91,30,110,73,72,46,17,77"/><W125/><G125/><T128/><D121/><U42/><E112/><V38/><F32/><W120/><G120/><T65/><D127/><U103/><E116/><V124/><F124/><W122/><G122/><T75/><D68/><U95/><E74/><V83/><F135/><W115/><G115/><T86/><D65/><U111/><E111/><N who="3" m="42538" /><G77/><T98/><D27/><U109/><E109/><V18/><F7/><W59/><G46/><T117/><D117/><U48/><E95/><V14/><F104/><W107/><G30/><T56/><D45/><N who="1" m="27919" /><E26/><V130/><F102/><N who="3" m="62919" /><G91/><T13/><D114/><U11/><E35/><V79/><F130/><W25/><G34/><T16/><D128/><U85/><E11/><V49/><F38/><W78/><G78/><T61/><D5/><U37/><E37/><V60/><F14/><W22/><G22/><T1/><D12/><U106/><E106/><V134/><F134/><W10/><G10/><T131/><D131/><U123/><E123/><V21/><REACH who="2" step="1"/><F88/><REACH who="2" ten="268,301,150,271" step="2"/><W101/><G101/><T8/><D100/><U64/><E103/><V94/><F94/><W129/><G129/><T28/><D13/><U2/><E93/><V31/><F31/><W29/><G29/><T33/><D28/><U44/><E99/><V4/><F4/><W76/><G76/><N who="0" m="44063" /><D33/><U89/><E89/><V118/><F118/><W6/><G6/><N who="0" m="1103" /><D98/><U36/><E36/><V92/><F92/><W82/><G82/><T133/><D133/><U119/><E81/><V58/><F58/><W19/><G19/><T43/><D97/><U40/><E119/><V39/><F39/><RYUUKYOKU ba="0,1" sc="268,-15,301,-15,150,15,271,15" hai2="0,3,15,18,21,47,49,53,60,67,71,79,83" hai3="17,23,25,52,59,72,73" />
</Scene>
<Scene>
<INIT seed="3,1,1,1,4,100" ten="253,286,165,286" oya="3" hai0="33,99,18,3,108,135,116,101,120,96,118,30,82" hai1="1,112,72,5,25,0,31,125,65,23,95,40,35" hai2="9,52,76,19,46,87,130,81,74,126,83,107,66" hai3="98,38,2,50,132,26,34,84,103,54,79,47,67"/><W28/><G2/><T37/><D120/><U41/><E112/><V43/><F126/><W122/><G122/><T56/><D37/><U62/><E72/><V117/><F117/><W39/><G132/><T22/><D135/><U21/><E125/><V113/><F113/><W105/><G67/><T58/><D3/><U71/><E0/><V115/><F115/><W133/><G133/><T44/><D44/><U27/><E35/><V8/><F130/><W11/><REACH who="3" step="1"/><G11/><REACH who="3" ten="253,286,165,276" step="2"/><T128/><D118/><U32/><E32/><V24/><F66/><W7/><G7/><T17/><D33/><U36/><E5/><V4/><F8/><W92/><G92/><T94/><D94/><U13/><E1/><V134/><F134/><W73/><G73/><T111/><D116/><U127/><E127/><V121/><F121/><W70/><G70/><T64/><D64/><U15/><E95/><V61/><F4/><W90/><G90/><T51/><D128/><U114/><E114/><V69/><F69/><W123/><G123/><T110/><D110/><U124/><E124/><V75/><F75/><W53/><G53/><T57/><D111/><U10/><E10/><V77/><F9/><W55/><G55/><T91/><D91/><U97/><E71/><V45/><F43/><W93/><G93/><T16/><D108/><U102/><E41/><V86/><F74/><W104/><G104/><T109/><D109/><U78/><E40/><V29/><F107/><W89/><G89/><T20/><D99/><U6/><E65/><V106/><F106/><W63/><G63/><T85/><D96/><RYUUKYOKU ba="1,2" sc="253,-10,286,-10,165,-10,276,30" hai3="26,28,34,38,39,47,50,54,79,84,98,103,105" />
</Scene>
<Scene>
<INIT seed="3,2,2,1,0,28" ten="243,276,155,306" oya="3" hai0="47,90,126,4,16,65,102,82,27,132,31,45,103" hai1="114,36,9,108,91,40,48,94,25,134,124,23,33" hai2="3,93,131,78,68,120,42,67,118,6,80,52,128" hai3="53,69,107,115,20,41,51,135,61,72,87,130,10"/><W104/><G107/><T26/><D132/><U125/><E114/><V111/><F118/><W22/><G72/><T34/><D4/><U76/><E36/><V14/><F3/><W81/><G104/><T0/><D0/><U121/><E121/><V12/><F111/><W97/><G135/><T89/><D65/><U35/><E134/><V83/><F120/><W56/><G115/><T24/><D24/><U105/><E105/><V106/><F106/><W21/><G130/><N who="2" m="49705" /><F42/><W117/><G117/><T50/><D126/><N who="1" m="48747" /><E76/><V71/><F93/><W43/><G10/><T100/><D82/><N who="2" m="31274" /><F78/><W17/><G97/><T129/><D129/><U64/><E64/><V63/><F71/><W88/><G69/><T62/><D62/><U95/><E9/><N who="2" m="4151" /><F14/><W49/><G17/><T18/><D45/><N who="1" m="25639" /><E108/><V96/><F96/><W29/><G29/><T8/><D8/><U39/><E39/><V44/><F44/><N who="3" m="25759" /><G41/><T74/><D74/><U37/><E37/><V133/><F133/><W85/><G85/><T2/><D2/><U46/><E46/><V19/><F19/><N who="0" m="7210" /><D26/><U32/><E91/><V92/><F52/><W15/><G15/><T55/><D89/><U79/><E79/><V11/><F11/><W99/><G99/><T13/><D90/><U98/><E98/><V110/><F110/><W113/><G113/><T59/><D13/><U58/><E58/><V1/><F1/><W116/><G116/><T112/><D59/><U5/><E5/><V101/><F101/><W119/><G119/><T54/><D112/><U30/><AGARI ba="2,2" hai="23,25,30,32,33,35,94,95" m="25639,48747" machi="30" ten="40,8000,1" yaku="18,1,52,3" doraHai="28" who="1" fromWho="1" sc="243,-22,276,106,155,-22,306,-42" />
</Scene>
<Scene>
<INIT seed="4,0,0,5,0,121" ten="221,382,133,264" oya="0" hai0="135,49,1,78,36,0,33,109,7,124,67,94,48" hai1="129,120,11,53,16,59,3,133,28,12,127,75,104" hai2="27,97,68,108,85,131,106,6,13,103,57,86,116" hai3="123,111,23,60,42,70,9,98,92,61,4,105,52"/><T91/><D33/><U79/><E120/><V58/><F68/><W113/><G123/><T74/><D67/><U24/><E104/><V39/><F116/><W32/><G32/><T90/><D36/><U62/><E133/><V5/><F39/><W107/><G111/><T10/><D135/><U80/><E129/><V65/><F131/><W101/><G113/><T96/><D124/><U37/><E37/><V8/><F108/><W56/><G42/><T15/><D109/><U77/><E127/><V71/><F5/><W40/><G40/><T122/><D122/><U115/><E115/><V21/><F71/><W25/><G61/><T112/><D112/><U99/><E99/><V38/><F38/><W72/><G72/><T76/><D90/><U89/><E3/><V34/><F34/><W110/><G70/><T118/><D118/><U130/><E130/><V2/><F2/><W41/><G41/><T14/><D0/><U81/><E89/><V18/><REACH who="2" step="1"/><F65/><REACH who="2" ten="221,382,123,264" step="2"/><W45/><G110/><T84/><D1/><U125/><E125/><V102/><F102/><W31/><G45/><T93/><D7/><U50/><E62/><V73/><F73/><W29/><G4/><T19/><D74/><U82/><E75/><V63/><F63/><W51/><G60/><T44/><D44/><U64/><E64/><V17/><F17/><W20/><G101/><T132/><D19/><U69/><E69/><V126/><F126/><W55/><G31/><T119/><D119/><U66/><E66/><V46/><F46/><W47/><G29/><T128/><D128/><U22/><AGARI ba="0,1" hai="11,12,16,22,24,28,50,53,59,77,79,80,81,82" machi="22" ten="30,7900,0" yaku="5,1,0,1,8,1,54,1" doraHai="121" who="1" fromWho="1" sc="221,-39,382,89,123,-20,264,-20" />
</Scene>
<Scene>
<INIT seed="5,0,0,5,0,19" ten="182,471,103,244" oya="1" hai0="35,37,5,81,15,120,123,100,54,8,93,102,101" hai1="34,122,61,96,4,30,86,3,127,6,82,38,76" hai2="41,52,77,44,121,57,17,67,64,2,45,112,95" hai3="70,97,74,109,99,84,29,94,31,53,9,71,135"/><U106/><E122/><N who="0" m="46633" /><D37/><U115/><E38/><V56/><F121/><W69/><G74/><T80/><D35/><U55/><E3/><V72/><F2/><W85/><G109/><T39/><D39/><U105/><E30/><V124/><F72/><W75/><G75/><T104/><D104/><U129/><E34/><V88/><F77/><W46/><G135/><T126/><D126/><U83/><E61/><N who="2" m="35975" /><F124/><W118/><G118/><T14/><D54/><U130/><E55/><V36/><F36/><W116/><G116/><T73/><D73/><U134/><E127/><V32/><F32/><W87/><G9/><N who="0" m="4399" /><D93/><U18/><E106/><V91/><F112/><W28/><G94/><T68/><D68/><U7/><E115/><V43/><F91/><W78/><G78/><T65/><D65/><N who="2" m="25162" /><F57/><W66/><G66/><T131/><D131/><U11/><E129/><V25/><F44/><W21/><G21/><T1/><D1/><U98/><E130/><V113/><F45/><W26/><G26/><T90/><D90/><N who="1" m="51543" /><E105/><V48/><F48/><AGARI ba="0,0" hai="28,29,31,46,48,53,69,70,71,84,85,87,97,99" machi="48" ten="50,3200,0" yaku="29,2" doraHai="19" who="3" fromWho="2" sc="182,0,471,0,103,-32,244,32" />
</Scene>
<Scene>
<INIT seed="6,0,0,4,3,71" ten="182,471,71,276" oya="2" hai0="107,62,84,16,117,27,112,55,85,26,28,68,20" hai1="35,102,97,45,6,46,42,111,32,8,36,80,126" hai2="31,22,38,39,119,15,43,3,95,89,92,74,76" hai3="10,12,106,65,124,58,129,132,115,121,41,73,50"/><V72/><F3/><W90/><G106/><T14/><D112/><U47/><E111/><V30/><F119/><W48/><G73/><T0/><D0/><N who="1" m="71" /><E47/><V93/><F89/><W120/><G115/><T91/><D107/><N who="1" m="63951" /><E126/><V83/><F74/><W54/><G124/><T128/><D128/><U101/><E101/><V77/><F77/><W44/><G129/><T40/><D40/><N who="1" m="22663" /><E80/><V94/><N who="2" m="23552" /><DORA hai="100" /><V87/><F72/><W103/><G103/><T88/><D85/><U24/><E24/><V82/><F82/><W66/><G90/><T125/><D91/><U60/><E60/><V52/><F52/><W118/><G118/><T123/><D125/><U11/><E11/><V29/><REACH who="2" step="1"/><F43/><REACH who="2" ten="182,471,61,276" step="2"/><W9/><G41/><T7/><D55/><U99/><E99/><V61/><F61/><W59/><G54/><T135/><D62/><U122/><E122/><V113/><F113/><W133/><G44/><T79/><D79/><U86/><E86/><V98/><F98/><W127/><G127/><T37/><D84/><U75/><E75/><V51/><F51/><W130/><G130/><T63/><D88/><U108/><E108/><V110/><F110/><W2/><G2/><T21/><D117/><U131/><E131/><V96/><F96/><W34/><G121/><T18/><D123/><U81/><E81/><V116/><F116/><W23/><G120/><T4/><D63/><U114/><E114/><V33/><F33/><W105/><G34/><T67/><D67/><U25/><E42/><V1/><F1/><W57/><G50/><T70/><D70/><U64/><E64/><RYUUKYOKU ba="0,1" sc="182,-10,471,-10,61,30,276,-10" hai2="15,22,29,30,31,38,39,76,83,87" />
</Scene>
<Scene>
<INIT seed="6,1,1,2,3,87" ten="172,461,91,266" oya="2" hai0="24,42,77,61,120,31,129,7,128,30,46,80,62" hai1="112,14,82,18,20,132,66,35,5,81,116,29,50" hai2="47,95,67,84,9,104,25,13,93,8,33,0,59" hai3="131,85,94,55,52,119,127,21,37,4,38,1,92"/><V65/><F104/><W11/><G119/><T23/><D120/><U68/><E116/><V32/><F0/><W122/><G122/><T97/><D7/><U124/><E68/><V98/><F47/><W72/><G72/><N who="0" m="43047" /><D31/><U41/><E66/><V19/><F32/><W28/><G127/><T108/><D97/><U121/><E121/><V100/><F33/><W56/><G131/><N who="0" m="50251" /><D108/><U90/><E5/><V3/><F25/><W130/><G130/><T54/><D54/><U115/><E124/><V133/><F133/><W88/><G94/><T117/><D117/><U6/><E6/><V103/><F3/><W76/><G76/><T107/><D107/><U57/><E29/><V75/><F75/><W86/><G86/><T123/><D123/><U45/><E132/><V118/><F118/><W49/><REACH who="3" step="1"/><G55/><REACH who="3" ten="172,461,91,256" step="2"/><T10/><D10/><N who="1" m="6487" /><E81/><V43/><F8/><W51/><G51/><AGARI ba="1,2" hai="23,24,30,42,46,51,61,62" m="50251,43047" machi="51" ten="30,1000,0" yaku="19,1" doraHai="87" who="0" fromWho="3" sc="172,33,461,0,91,0,256,-13" />
</Scene>
<Scene>
<INIT seed="7,0,0,5,5,74" ten="205,461,91,243" oya="3" hai0="100,98,91,88,18,90,39,3,49,53,103,73,69" hai1="14,125,26,33,127,79,81,126,116,134,93,128,1" hai2="60,132,68,102,52,61,40,107,78,131,42,67,24" hai3="57,106,15,55,96,63,9,80,6,56,38,133,58"/><W22/><G38/><T86/><D69/><U43/><E134/><V8/><F131/><W54/><G133/><T87/><D3/><U112/><E112/><V36/><F132/><W109/><G109/><T94/><D39/><U85/><E1/><V75/><F8/><W123/><G123/><T129/><D129/><U19/><E128/><V114/><F114/><W92/><G106/><T117/><D117/><U37/><E116/><V71/><F24/><W72/><G22/><T17/><D73/><U0/><E0/><V113/><F113/><W25/><G25/><T62/><D62/><U89/><E43/><V5/><F5/><W31/><G31/><T41/><D41/><U35/><E26/><V45/><F42/><W65/><G80/><T34/><D34/><U130/><E130/><V77/><F75/><W99/><G72/><T70/><D70/><U66/><E66/><V21/><F21/><W64/><G99/><T20/><D103/><U51/><E51/><V50/><F102/><W7/><G7/><T4/><D4/><U76/><E37/><V121/><F107/><W30/><G30/><T11/><D11/><N who="1" m="6623" /><E81/><V115/><F115/><W29/><G29/><T84/><D20/><U104/><E104/><V135/><F121/><W101/><G58/><AGARI ba="0,0" hai="17,18,49,53,58,84,86,87,88,90,91,94,98,100" machi="58" ten="40,2600,0" yaku="8,1,54,1" doraHai="74" who="0" fromWho="3" sc="205,26,461,0,91,0,243,-26" owari="231,3.0,461,56.0,91,-41.0,217,-18.0" />
</Scene>
</mjloggm>