<mjloggm ver="2.3"><GO type="169" lobby="0"/><UN n0="%E5%A4%AA%E3%81%8F%E3%81%AA%E3%81%84%E3%81%8A" n1="%E3%83%8C%E3%83%83%E3%83%97" n2="%E3%81%8A%E7%9F%A5%E3%82%89%E3%81%9B" n3="%E3%82%A2%E3%82%AB%E3%82%AE%EF%BC%A0%E5%B7%9D%E6%9D%91%E8%BB%8D%E5%9B%A3" dan="17,16,16,16" rate="2179.85,2092.23,2101.29,2170.82" sx="F,M,M,M"/><TAIKYOKU oya="0"/>

<Scene>
<INIT seed="0,0,0,0,1,41" ten="250,250,250,250" oya="0" hai0="27,76,118,20,5,11,73,45,67,77,6,30,115" hai1="3,19,4,128,104,25,38,36,79,71,57,124,37" hai2="56,135,0,31,52,44,54,93,78,42,131,34,32" hai3="94,33,120,84,85,70,50,100,7,13,29,9,18"/><T87/><D115/><U1/><E104/><V21/><F0/><W10/><G70/><T113/><D113/><U43/><E43/><V68/><F68/><W99/><G120/><T122/><D122/><U90/><E71/><V116/><F78/><W130/><G130/><T108/><D118/><U107/><E107/><V16/><F116/><W26/><REACH who="3" step="1"/><G50/><REACH who="3" ten="250,250,250,240" step="2"/><T12/><D108/><U69/><E128/><V106/><F131/><W53/><G53/><T129/><D129/><U86/><E69/><V97/><F54/><W58/><G58/><T102/><D67/><U74/><E57/><V133/><F52/><W105/><G105/><T14/><D73/><U49/><E49/><V125/><F56/><W134/><G134/><N who="2" m="51209" /><F106/><W8/><G8/><T127/><D11/><U103/><E38/><N who="2" m="21591" /><F125/><W60/><G60/><T23/><D127/><U39/><E124/><V101/><F31/><W81/><G81/><T117/><D117/><U114/><E39/><V40/><F40/><W110/><G110/><T121/><D121/><U65/><E37/><V123/><F123/><W47/><G47/><T17/><D45/><U95/><E36/><V75/><F75/><W62/><G62/><T88/><D30/><U63/><E74/><V112/><F112/><W59/><G59/><T28/><D28/><U92/><E63/><V48/><F48/><W55/><G55/><T96/><D23/><U22/><E22/><V132/><F132/><W80/><G80/><T126/><D20/><U35/><E65/><V61/><F61/><W111/><G111/><T109/><D109/><U91/><E114/><RYUUKYOKU ba="0,1" sc="250,-15,250,-15,250,15,240,15" hai2="16,21,32,34,93,97,101" hai3="7,9,10,13,18,26,29,33,84,85,94,99,100" />
</Scene>
<Scene>
<INIT seed="1,1,1,2,2,98" ten="235,235,265,255" oya="1" hai0="73,61,81,31,44,76,51,116,93,0,21,91,110" hai1="80,72,107,75,16,33,28,11,40,88,101,46,30" hai2="119,129,70,77,133,24,109,84,56,50,59,7,114" hai3="5,69,42,86,55,37,9,71,3,117,74,1,115"/><U97/><E33/><V100/><F70/><W108/><G115/><T22/><D116/><U20/><E11/><V35/><F7/><W131/><G117/><T118/><D118/><U36/><E75/><V67/><F119/><W106/><G131/><T29/><D0/><U17/><E17/><V79/><F114/><W47/><G108/><T134/><D110/><U96/><E96/><V64/><F35/><W48/><G1/><T90/><D134/><U89/><E89/><V66/><F24/><W68/><G106/><T60/><D91/><U14/><REACH who="1" step="1"/><E88/><REACH who="1" ten="235,225,265,255" step="2"/><V63/><F109/><W45/><REACH who="3" step="1"/><G86/><REACH who="3" ten="235,225,265,245" step="2"/><T43/><D73/><AGARI ba="1,3" hai="3,5,9,37,42,45,47,48,55,68,69,71,73,74" machi="73" ten="40,2600,0" yaku="1,1,2,1,53,0" doraHai="98" doraHaiUra="78" who="3" fromWho="0" sc="235,-29,225,0,265,0,245,59" />
</Scene>
<Scene>
<INIT seed="2,0,0,5,5,127" ten="206,225,265,304" oya="2" hai0="53,90,134,46,20,76,95,25,79,111,97,10,94" hai1="19,55,50,80,9,99,14,86,63,130,112,110,26" hai2="124,54,58,67,22,71,56,64,113,89,100,128,16" hai3="114,12,42,47,4,41,0,11,36,93,135,2,84"/><V31/><F113/><W119/><G119/><T3/><D111/><U27/><E112/><V23/><F124/><W129/><G114/><T6/><D134/><U44/><E110/><V121/><F100/><W66/><G135/><T98/><D46/><U125/><E125/><V131/><F121/><W82/><G66/><N who="2" m="25129" /><F71/><W88/><G129/><N who="2" m="49737" /><F89/><W8/><G42/><T43/><D43/><U104/><E130/><V18/><F31/><W38/><G38/><T51/><D53/><U49/><E63/><N who="2" m="36247" /><F58/><W40/><G40/><T61/><D61/><U15/><E49/><V109/><F109/><W1/><REACH who="3" step="1"/><G82/><REACH who="3" ten="206,225,265,294" step="2"/><T75/><D51/><U59/><E50/><V78/><F78/><W21/><G21/><AGARI ba="0,1" hai="16,18,21,22,23" m="36247,49737,25129" machi="21" ten="30,12000,1" yaku="19,1,52,3,54,1" doraHai="127" who="2" fromWho="3" sc="206,0,225,0,265,130,294,-120" />
</Scene>
<Scene>
<INIT seed="2,1,0,1,0,97" ten="206,225,395,174" oya="2" hai0="101,85,130,28,119,38,0,58,54,48,15,73,20" hai1="1,126,115,49,123,10,24,53,100,12,128,5,51" hai2="29,83,8,13,14,121,129,106,96,59,84,80,82" hai3="32,4,45,116,135,118,27,90,98,76,23,17,40"/><V91/><F121/><W93/><G135/><T67/><D73/><U133/><E126/><V107/><F129/><W108/><G108/><T78/><D0/><U3/><E128/><V16/><F29/><W95/><G32/><T43/><D130/><U81/><E115/><V110/><F110/><W102/><G76/><T92/><D119/><U18/><E123/><V79/><F59/><W30/><G4/><T94/><D67/><U26/><E51/><V75/><F82/><W109/><G109/><T65/><D65/><U105/><E81/><V11/><REACH who="2" step="1"/><F96/><REACH who="2" ten="206,225,385,174" step="2"/><W44/><G30/><T117/><D28/><U57/><E133/><V21/><F21/><W131/><G131/><T60/><D20/><U34/><E34/><V6/><AGARI ba="1,1" hai="6,8,11,13,14,16,75,79,80,83,84,91,106,107" machi="6" ten="20,7800,0" yaku="1,1,0,1,7,1,54,1,53,0" doraHai="97" doraHaiUra="120" who="2" fromWho="2" sc="206,-27,225,-27,385,91,174,-27" />
</Scene>
<Scene>
<INIT seed="2,2,0,5,1,57" ten="179,198,476,147" oya="2" hai0="111,84,39,101,72,74,28,128,108,53,1,18,52" hai1="105,92,114,8,121,61,14,129,56,9,42,120,80" hai2="43,20,97,37,131,7,15,90,32,78,38,122,4" hai3="30,17,132,87,12,13,73,16,117,55,82,83,48"/><V25/><F32/><W76/><G117/><T124/><D39/><U86/><E105/><V102/><F78/><W59/><G132/><T133/><D1/><U66/><E114/><V89/><F131/><W99/><G30/><T64/><D28/><U11/><E129/><V68/><F68/><W50/><G99/><T134/><D128/><U113/><E113/><V96/><F122/><N who="1" m="47209" /><E92/><V119/><F119/><W5/><G50/><T85/><D18/><N who="1" m="8519" /><E42/><V79/><F79/><AGARI ba="2,0" hai="9,11,56,61,66,79,80,86" m="8519,47209" machi="79" ten="30,2000,0" yaku="13,1,52,1" doraHai="57" who="1" fromWho="2" sc="179,0,198,26,476,-26,147,0" />
</Scene>
<Scene>
<INIT seed="3,0,0,1,0,85" ten="179,224,450,147" oya="3" hai0="7,15,81,94,112,77,23,119,107,38,68,10,91" hai1="21,99,110,98,102,31,93,42,35,101,128,45,58" hai2="65,2,86,113,55,11,127,43,132,44,111,87,121" hai3="69,5,61,89,71,56,28,59,57,6,114,79,50"/><W74/><G114/><T122/><D119/><U24/><E110/><V8/><F65/><W116/><G116/><T123/><D107/><U126/><E126/><V30/><F30/><W82/><G28/><T40/><D68/><U29/><E128/><V36/><F87/><W62/><G50/><T17/><D112/><U32/><E58/><V100/><F100/><W48/><G48/><T80/><D38/><U96/><E96/><V70/><F70/><W54/><G69/><T25/><D40/><U0/><E0/><V20/><F2/><W104/><G104/><T90/><D80/><U46/><E46/><V47/><F20/><W12/><G71/><T49/><D49/><U133/><E133/><V22/><F22/><W103/><G103/><T60/><D60/><U63/><E63/><V108/><F113/><W75/><G75/><T117/><D117/><U134/><E134/><V26/><F132/><W14/><G59/><T51/><D51/><U19/><E32/><V83/><F44/><W4/><REACH who="3" step="1"/><G89/><REACH who="3" ten="179,224,450,137" step="2"/><T66/><D66/><AGARI ba="0,1" hai="4,5,6,12,14,54,56,57,61,62,66,74,79,82" machi="66" ten="40,3900,0" yaku="1,1,2,1,53,0" doraHai="85" doraHaiUra="18" who="3" fromWho="0" sc="179,-39,224,0,450,0,137,49" />
</Scene>
<Scene>
<INIT seed="3,1,0,2,5,101" ten="140,224,450,186" oya="3" hai0="116,89,135,114,96,17,80,118,14,119,105,56,31" hai1="127,125,3,42,33,39,51,90,72,124,24,15,34" hai2="13,37,92,79,117,107,123,69,65,21,81,126,93" hai3="16,2,28,98,40,111,63,54,55,131,9,100,25"/><W18/><G131/><T91/><D31/><U49/><E72/><V130/><F37/><W128/><G128/><T45/><D135/><U133/><E3/><V97/><F69/><W12/><G2/><T11/><D114/><U59/><E133/><V132/><F65/><W121/><G121/><T87/><D56/><U110/><E110/><V52/><F52/><W43/><G111/><T134/><D134/><U71/><E71/><V106/><F21/><W64/><G18/><T30/><D30/><U22/><E15/><V62/><F62/><W94/><G55/><T7/><D45/><N who="1" m="25783" /><E39/><V113/><F13/><W58/><REACH who="3" step="1"/><G54/><REACH who="3" ten="140,224,450,176" step="2"/><T29/><D29/><U88/><E34/><AGARI ba="1,1" hai="9,12,16,25,28,34,40,43,58,63,64,94,98,100" machi="34" ten="30,11600,0" yaku="1,1,2,1,7,1,54,1,53,0" doraHai="101" doraHaiUra="70" who="3" fromWho="1" sc="140,0,224,-119,450,0,176,129" />
</Scene>
<Scene>
<INIT seed="3,2,0,4,4,59" ten="140,105,450,305" oya="3" hai0="133,36,25,47,129,121,46,2,62,81,109,23,31" hai1="131,13,76,126,16,82,50,83,18,77,123,90,68" hai2="105,71,12,60,88,10,106,135,38,102,95,87,132" hai3="101,61,7,134,53,72,43,127,99,103,92,116,3"/><W114/><G116/><T6/><D121/><U66/><E126/><V107/><F38/><W51/><G114/><T93/><D109/><U65/><E123/><V120/><F120/><W21/><G72/><T30/><D133/><N who="2" m="51274" /><F102/><W124/><G134/><T100/><D129/><U117/><E117/><V118/><F118/><W122/><G122/><T63/><D2/><U22/><E131/><V8/><F12/><W75/><G75/><T64/><D6/><U42/><E68/><V98/><F98/><W1/><G103/><T9/><D9/><U96/><E77/><V86/><F86/><W20/><G43/><T49/><D36/><U130/><E130/><V24/><F24/><W54/><G7/><T35/><D35/><U70/><E70/><V119/><F119/><W128/><G128/><T74/><D74/><U14/><E42/><V84/><F84/><W34/><G34/><T115/><D115/><U39/><E39/><V19/><F19/><W4/><G4/><T52/><D81/><U40/><E82/><V125/><F125/><N who="3" m="48203" /><G3/><T5/><D5/><U85/><E96/><V58/><F71/><W110/><G1/><T112/><D112/><U79/><BYE who="0" /><E79/><V45/><F45/><N who="3" m="27887" /><G110/><T78/><D78/><U56/><E76/><V111/><F111/><W80/><G80/><T57/><D57/><AGARI ba="2,0" hai="20,21,54,57,61,92,99,101" m="27887,48203" machi="57" ten="30,2900,0" yaku="18,1,52,1" doraHai="59" who="3" fromWho="0" sc="140,-35,105,0,450,0,305,35" />
</Scene>
<Scene>
<INIT seed="3,3,0,5,4,79" ten="105,105,450,340" oya="3" hai0="109,25,105,37,112,87,120,0,26,31,73,28,133" hai1="125,66,41,100,57,70,131,58,46,61,99,34,124" hai2="67,19,111,35,27,74,114,15,85,90,88,134,3" hai3="118,104,93,52,12,21,91,48,72,42,33,36,14"/><W2/><G104/><T98/><D98/><U95/><E34/><UN n0="%E5%A4%AA%E3%81%8F%E3%81%AA%E3%81%84%E3%81%8A" /><V53/><F3/><W65/><G33/><T103/><D73/><U106/><E106/><V8/><F74/><W122/><G2/><T84/><D105/><U51/><REACH who="1" step="1"/><E131/><REACH who="1" ten="105,95,450,340" step="2"/><V39/><F35/><W94/><G118/><T81/><D120/><U62/><E62/><V135/><F135/><W102/><G122/><T63/><D63/><U10/><E10/><V64/><F8/><W113/><G21/><T115/><D133/><U54/><E54/><V89/><F53/><W13/><G52/><T127/><D115/><U78/><E78/><V108/><F114/><W4/><G113/><T71/><D127/><AGARI ba="3,1" hai="41,46,51,57,58,61,66,70,95,99,100,124,125,127" machi="127" ten="40,2600,0" yaku="1,1,18,1,53,0" doraHai="79" doraHaiUra="107" who="1" fromWho="0" sc="105,-35,95,45,450,0,340,0" />
</Scene>
<Scene>
<INIT seed="4,0,0,0,0,64" ten="70,140,450,340" oya="0" hai0="128,74,73,109,94,8,76,27,110,21,9,88,10" hai1="133,56,24,85,38,32,50,125,57,70,95,98,53" hai2="66,96,22,35,55,69,52,60,115,54,134,126,124" hai3="86,112,135,103,97,67,42,44,36,0,19,102,61"/><T29/><D128/><U30/><E125/><N who="2" m="48235" /><F35/><W40/><G0/><T92/><D92/><U7/><E70/><V107/><F115/><W45/><G112/><T82/><REACH who="0" step="1"/><D73/><REACH who="0" ten="60,140,450,340" step="2"/><U1/><E95/><V3/><F134/><W113/><G135/><T129/><D129/><U108/><E133/><V28/><F3/><W87/><G113/><T6/><D6/><U127/><E7/><V33/><F33/><W114/><G114/><T101/><D101/><U99/><E1/><V122/><F122/><W119/><G103/><T17/><D17/><U111/><E127/><V120/><F120/><W75/><G19/><T25/><D25/><U26/><E26/><N who="2" m="16471" /><F107/><W43/><G75/><T91/><D91/><U130/><E130/><V79/><F79/><W104/><G104/><T5/><D5/><U100/><E100/><V68/><F96/><AGARI ba="0,1" hai="8,9,10,21,27,29,74,76,82,88,94,96,109,110" machi="96" ten="40,3900,0" yaku="1,1,54,1,53,0" doraHai="64" doraHaiUra="80" who="0" fromWho="2" sc="60,49,140,0,450,-39,340,0" />
</Scene>
<Scene>
<INIT seed="4,1,0,4,2,13" ten="109,140,411,340" oya="0" hai0="119,61,2,17,26,96,90,85,77,92,62,118,73" hai1="112,69,67,63,46,10,50,30,87,54,132,45,27" hai2="71,23,117,60,83,81,116,102,114,8,103,123,53" hai3="57,135,6,100,24,101,88,5,106,34,91,93,18"/><T35/><D2/><U42/><E132/><V108/><F108/><W122/><G135/><T9/><D73/><U110/><E110/><V55/><F123/><W107/><G122/><T59/><D35/><U66/><E112/><V51/><F23/><N who="3" m="13431" /><G107/><T94/><D62/><N who="1" m="40151" /><E10/><V72/><F8/><W95/><G106/><T33/><D33/><U41/><E87/><V120/><F120/><W111/><G111/><T121/><D121/><U78/><E27/><V48/><F60/><W29/><G29/><T37/><D37/><N who="1" m="21679" /><E78/><V97/><F71/><W16/><G57/><T19/><D9/><U31/><E31/><V12/><F12/><W74/><G74/><T36/><D36/><U98/><E98/><V80/><F72/><W56/><G56/><T126/><D126/><U89/><E89/><N who="3" m="34378" /><G34/><T65/><D77/><U82/><E30/><V3/><F3/><W133/><G133/><T32/><D32/><U47/><E82/><V125/><F125/><W44/><G44/><T131/><D131/><U52/><E46/><V14/><F83/><W76/><G76/><T64/><D64/><U25/><E25/><V43/><F81/><W115/><G115/><T22/><REACH who="0" step="1"/><D17/><REACH who="0" ten="99,140,411,340" step="2"/><U86/><E86/><V28/><F28/><W20/><G6/><T21/><D21/><U129/><E129/><V109/><F109/><W70/><G5/><T134/><D134/><U99/><E99/><V105/><F97/><W68/><G68/><AGARI ba="1,1" hai="42,47,50,52,54,63,67,68" m="21679,40151" machi="68" ten="30,12000,2" yaku="35,5,54,1" doraHai="13" who="1" fromWho="3" sc="99,0,140,133,411,0,340,-123" />
</Scene>
<Scene>
<INIT seed="5,0,0,4,5,113" ten="99,273,411,217" oya="1" hai0="64,123,93,103,18,14,109,5,3,129,7,31,26" hai1="61,47,121,73,67,97,125,23,28,110,85,54,15" hai2="102,2,36,118,98,42,63,29,20,69,135,68,43" hai3="81,21,74,120,101,65,10,56,40,8,124,33,94"/><U89/><E121/><V106/><F2/><W79/><G33/><T0/><D64/><U1/><E1/><N who="0" m="585" /><D93/><U122/><E122/><V117/><F135/><W100/><G120/><T35/><D103/><U131/><E73/><V70/><F63/><W48/><G65/><T90/><D90/><U38/><E97/><V22/><F22/><W95/><G40/><T19/><D123/><U51/><E38/><V127/><F127/><W45/><G56/><T119/><D109/><U130/><E125/><V52/><F52/><W46/><G124/><T37/><D37/><U16/><E28/><V27/><REACH who="2" step="1"/><F43/><REACH who="2" ten="99,273,401,217" step="2"/><W6/><G21/><N who="0" m="11479" /><D119/><U104/><E110/><V66/><F66/><W60/><G60/><T11/><D129/><U41/><E41/><V132/><F132/><W82/><G46/><AGARI ba="0,1" hai="20,27,29,36,42,46,68,69,70,98,102,106,117,118" machi="46" ten="40,8000,1" yaku="1,1,52,2,53,1" doraHai="113" doraHaiUra="71" who="2" fromWho="3" sc="99,0,273,0,401,90,217,-80" />
</Scene>
<Scene>
<INIT seed="6,0,0,3,3,8" ten="99,273,491,137" oya="2" hai0="2,124,53,93,131,58,92,11,28,98,69,95,60" hai1="7,46,6,50,9,122,45,54,57,51,132,4,100" hai2="26,0,108,71,99,80,42,118,129,66,72,67,91" hai3="113,105,63,130,121,55,3,81,18,125,89,48,70"/><V44/><F0/><W31/><G105/><T85/><D131/><U128/><E132/><V13/><F118/><W109/><G3/><T78/><D124/><U75/><E75/><V126/><F71/><W14/><G109/><T87/><D69/><U12/><E122/><V86/><F72/><W88/><G121/><T68/><D68/><U34/><E34/><V23/><F126/><W52/><G125/><T10/><D28/><U35/><E35/><V49/><F108/><W111/><G111/><T30/><D30/><U62/><E100/><V77/><F129/><W82/><G130/><T20/><D2/><U94/><E94/><N who="2" m="56799" /><F13/><W47/><G31/><AGARI ba="0,0" hai="23,26,31,42,44,49,66,67,77,80,86" m="56799" machi="31" ten="30,1500,0" yaku="8,1" doraHai="8" who="2" fromWho="3" sc="99,0,273,0,491,15,137,-15" />
</Scene>
<Scene>
<INIT seed="6,1,0,1,5,85" ten="99,273,506,122" oya="2" hai0="34,77,2,30,133,10,119,37,120,11,1,127,5" hai1="68,72,28,45,88,0,78,87,13,97,124,18,101" hai2="59,44,132,67,25,125,14,104,54,94,40,12,47" hai3="111,74,51,116,52,53,126,22,86,103,50,118,38"/><V123/><F104/><W26/><G74/><T81/><D120/><U33/><E68/><V56/><F132/><W55/><G38/><T113/><D37/><U21/><E0/><V76/><F76/><W23/><G111/><T91/><D133/><U49/><E72/><V6/><F25/><W27/><G126/><T84/><D127/><U89/><E33/><V83/><F83/><W60/><G103/><T109/><D109/><U39/><E39/><V3/><F3/><W95/><G60/><T20/><D113/><U130/><E28/><V135/><F40/><W99/><G86/><T110/><D110/><U63/><E63/><V107/><F107/><W57/><G99/><T105/><D105/><U43/><E130/><V82/><F82/><W131/><G95/><T108/><D108/><U122/><E122/><V16/><F94/><W121/><G121/><T79/><D34/><U48/><E48/><N who="3" m="18474" /><G57/><T129/><D129/><U36/><E36/><V134/><F56/><W115/><G115/><T71/><D71/><U62/><E62/><V70/><F59/><W9/><G9/><T92/><D119/><N who="3" m="45609" /><G131/><T17/><D30/><U106/><E124/><V90/><F70/><W7/><G7/><T46/><D46/><U15/><E15/><V66/><F12/><W69/><G69/><T61/><D61/><U114/><E114/><V98/><F14/><W41/><G41/><T35/><D35/><U24/><E24/><AGARI ba="1,0" hai="22,23,24,26,27,52,53,55" m="45609,18474" machi="24" ten="40,5200,0" yaku="28,2,54,1" doraHai="85" who="3" fromWho="1" sc="99,0,273,-55,506,0,122,55" />
</Scene>
<Scene>
<INIT seed="7,0,0,4,2,16" ten="99,218,506,177" oya="3" hai0="35,103,54,42,99,117,60,101,68,109,32,46,67" hai1="40,0,121,23,18,64,2,55,52,91,51,83,93" hai2="107,119,9,132,4,11,133,8,85,90,13,105,71" hai3="20,14,81,123,53,33,74,49,96,88,108,15,57"/><W75/><G123/><T106/><D54/><U100/><E100/><V30/><F30/><W97/><G33/><T59/><D59/><U115/><E115/><V111/><F71/><W17/><G108/><T98/><D109/><U118/><E64/><V7/><F119/><W124/><G124/><T125/><D117/><U129/><E40/><V110/><F11/><W65/><G65/><T87/><D87/><U50/><E83/><N who="2" m="49471" /><F105/><W130/><G130/><T39/><D125/><U127/><E51/><V10/><F107/><AGARI ba="0,0" hai="32,35,39,42,46,60,67,68,98,99,101,103,106,107" machi="107" ten="30,8000,1" yaku="7,1,9,1,33,3" doraHai="16" who="0" fromWho="2" sc="99,80,218,0,506,-80,177,0" owari="179,-22.0,218,2.0,426,52.0,177,-32.0" />
</Scene>
</mjloggm>