<mjloggm ver="2.3"><GO type="169" lobby="0"/><UN n0="%E8%82%89%E2%98%86%E6%A3%92%E5%A4%AA%E9%83%8E" n1="%E3%83%86%E3%83%AC%E3%83%93%E3%81%A3%E5%AD%90" n2="%E5%A4%AA%E3%81%8F%E3%81%AA%E3%81%84%E3%81%8A" n3="%E6%A1%9C%E4%BA%95%E3%81%95%E3%82%93" dan="16,17,17,16" rate="2087.70,2184.76,2195.16,2185.88" sx="M,M,M,M"/><TAIKYOKU oya="0"/>

<Scene>
<INIT seed="0,0,0,2,1,122" ten="250,250,250,250" oya="0" hai0="125,29,133,83,103,46,107,48,108,115,3,17,42" hai1="55,60,109,135,71,59,50,116,27,20,9,5,130" hai2="106,8,88,33,31,62,52,26,93,45,89,77,47" hai3="74,72,15,110,58,63,18,69,56,1,4,73,129"/><T86/><D3/><U7/><E116/><V53/><F106/><W11/><G129/><T68/><D115/><U67/><E135/><V94/><F77/><W123/><G123/><T16/><D133/><U54/><E130/><V37/><F8/><W127/><G127/><T64/><D125/><U28/><E109/><V39/><F62/><W96/><G96/><T23/><D107/><U38/><E9/><V92/><F47/><W111/><G69/><T126/><D103/><U6/><E38/><V35/><F35/><W98/><G98/><T102/><D102/><U30/><REACH who="1" step="1"/><E55/><REACH who="1" ten="250,240,250,250" step="2"/><V90/><REACH who="2" step="1"/><F39/><REACH who="2" ten="250,240,240,250" step="2"/><W25/><G1/><T66/><D126/><U81/><E81/><V134/><F134/><W105/><G105/><T41/><D83/><U78/><E78/><V75/><F75/><W100/><G100/><T80/><D108/><N who="3" m="41513" /><G63/><T2/><D80/><U95/><E95/><V13/><F13/><W120/><G120/><T79/><D2/><U113/><E113/><V117/><F117/><W14/><G14/><T44/><D79/><U49/><E49/><V128/><F128/><W104/><G104/><T51/><D48/><U112/><E112/><V57/><F57/><N who="3" m="22123" /><G25/><T91/><D51/><U24/><E24/><V61/><F61/><W84/><G84/><T21/><D42/><AGARI ba="0,2" hai="26,31,33,37,42,45,52,53,88,89,90,92,93,94" machi="42" ten="40,5200,0" yaku="1,1,54,2,53,0" doraHai="122" doraHaiUra="10" who="2" fromWho="0" sc="250,-52,240,0,240,72,250,0" />
</Scene>
<Scene>
<INIT seed="1,0,0,5,5,20" ten="198,240,312,250" oya="1" hai0="117,56,13,125,44,47,27,102,92,106,81,83,131" hai1="35,28,39,98,119,73,130,24,17,93,105,116,88" hai2="54,127,70,69,36,0,122,90,95,52,4,55,40" hai3="79,29,61,114,45,68,6,78,63,67,21,7,74"/><U23/><E130/><V5/><F122/><W94/><G114/><T58/><D117/><U10/><E39/><V82/><F127/><W19/><G29/><T109/><D125/><U118/><E73/><V103/><F103/><W132/><G132/><T115/><D109/><U32/><REACH who="1" step="1"/><E105/><REACH who="1" ten="198,230,312,250" step="2"/><V62/><F36/><W76/><G74/><T59/><D106/><U107/><E107/><V71/><F40/><W124/><G124/><T129/><D115/><U75/><E75/><V51/><F51/><W22/><G61/><T96/><D131/><U60/><E60/><V134/><F134/><W1/><G63/><T104/><D129/><U65/><E65/><V87/><F62/><W31/><G67/><T2/><D104/><U133/><E133/><V66/><F66/><W101/><G68/><T48/><D48/><U8/><E8/><V112/><F112/><W80/><G1/><T14/><D2/><U11/><E11/><V128/><F128/><W18/><G6/><T120/><D120/><U34/><E34/><V86/><REACH who="2" step="1"/><F0/><REACH who="2" ten="198,230,302,250" step="2"/><W26/><G7/><T49/><D49/><U46/><E46/><V126/><F126/><W12/><G45/><T25/><D47/><U110/><E110/><V72/><F72/><W57/><G57/><T97/><D44/><U37/><E37/><V77/><AGARI ba="0,2" hai="4,5,52,54,55,69,70,71,77,82,86,87,90,95" machi="77" ten="40,8000,1" yaku="1,1,0,1,54,1,53,1" doraHai="20" doraHaiUra="89" who="2" fromWho="2" sc="198,-20,230,-40,302,100,250,-20" />
</Scene>
<Scene>
<INIT seed="2,0,0,5,2,115" ten="178,190,402,230" oya="2" hai0="111,26,35,22,29,61,39,107,78,72,73,53,54" hai1="63,58,48,121,68,82,23,21,123,60,20,10,105" hai2="76,127,91,92,52,90,83,44,36,34,45,113,79" hai3="133,5,17,70,3,132,96,24,120,7,97,11,47"/><V46/><F113/><W131/><G70/><T14/><D107/><U25/><E105/><V124/><F34/><W88/><G120/><N who="1" m="46154" /><E68/><V101/><F36/><W1/><G131/><T69/><D111/><U49/><E25/><V8/><F8/><N who="3" m="2095" /><G47/><T74/><D39/><U89/><E10/><V126/><F52/><W31/><G17/><T114/><D78/><N who="2" m="29738" /><F83/><W102/><G88/><N who="2" m="33833" /><F92/><W106/><G97/><T75/><D114/><U15/><E15/><V71/><F71/><W81/><G81/><T50/><D50/><N who="1" m="19563" /><E58/><V103/><AGARI ba="0,0" hai="44,45,46,101,103,124,126,127" m="33833,29738" machi="103" ten="40,12000,1" yaku="28,2,18,1,54,1" doraHai="115" who="2" fromWho="2" sc="178,-40,190,-40,402,120,230,-40" />
</Scene>
<Scene>
<INIT seed="2,1,0,2,1,6" ten="138,150,522,190" oya="2" hai0="42,17,84,81,51,40,21,70,73,20,132,31,98" hai1="131,12,41,134,16,69,15,121,52,24,91,7,68" hai2="95,119,116,114,106,39,30,11,38,67,46,118,32" hai3="44,104,125,61,35,56,5,76,48,123,65,18,90"/><V62/><F114/><W1/><G123/><T110/><D110/><U128/><E41/><V37/><F95/><W88/><G104/><T13/><D73/><U33/><E121/><V99/><F11/><W10/><G125/><T59/><D70/><U19/><E134/><V64/><F30/><W113/><G113/><T14/><D132/><U29/><E91/><V87/><F87/><W78/><G35/><T58/><D98/><U47/><E7/><V74/><F74/><W50/><G18/><T54/><D59/><U75/><E75/><V4/><F32/><W126/><G126/><T107/><D107/><U72/><E72/><V93/><F4/><W60/><G60/><T117/><D117/><U97/><E97/><V101/><F93/><W26/><G26/><T92/><D92/><U45/><E33/><V102/><F102/><W103/><G103/><T133/><D133/><U120/><E120/><V9/><F101/><W3/><G3/><T85/><D85/><U55/><E24/><V112/><F112/><W77/><REACH who="3" step="1"/><G50/><REACH who="3" ten="138,150,522,180" step="2"/><T28/><D28/><AGARI ba="1,1" hai="12,15,16,19,28,29,45,47,52,55,68,69,128,131" machi="28" ten="25,6400,0" yaku="22,2,54,2" doraHai="6" who="1" fromWho="0" sc="138,-67,150,77,522,0,180,0" />
</Scene>
<Scene>
<INIT seed="3,0,0,4,2,92" ten="71,227,522,180" oya="3" hai0="2,10,25,59,100,130,44,91,47,123,82,33,31" hai1="120,9,4,68,116,135,121,129,60,48,3,99,93" hai2="114,113,73,101,20,95,107,132,26,46,69,115,49" hai3="106,51,15,61,52,83,50,103,8,133,71,40,42"/><W57/><G133/><T134/><D123/><U62/><E129/><V5/><F73/><W94/><G106/><T126/><D130/><U70/><E135/><V63/><F132/><W65/><G83/><T108/><D134/><U112/><E112/><V109/><F107/><W72/><G72/><T54/><D108/><U13/><E116/><V64/><F5/><W17/><REACH who="3" step="1"/><G51/><REACH who="3" ten="71,227,522,170" step="2"/><T24/><D126/><U77/><E48/><V16/><F115/><W98/><AGARI ba="0,1" hai="8,15,17,40,42,50,52,57,61,65,71,94,98,103" machi="98" ten="30,12000,1" yaku="1,1,2,1,0,1,52,1,54,1,53,0" doraHai="92" doraHaiUra="43" who="3" fromWho="3" sc="71,-40,227,-40,522,-40,170,130" />
</Scene>
<Scene>
<INIT seed="3,1,0,1,5,4" ten="31,187,482,300" oya="3" hai0="42,38,63,54,11,105,87,69,83,56,133,0,123" hai1="49,26,111,107,6,41,36,71,2,25,61,29,64" hai2="86,35,75,33,125,97,96,124,79,22,112,67,118" hai3="24,130,20,9,128,93,76,115,92,12,7,122,73"/><W101/><G101/><T34/><D105/><U120/><E111/><V81/><F118/><W30/><G115/><T43/><D123/><U8/><E120/><V5/><F112/><W100/><G122/><T23/><D34/><N who="2" m="12810" /><F67/><W18/><G100/><T1/><D133/><U108/><E108/><V126/><F5/><W47/><G47/><T31/><D69/><U82/><E107/><V121/><F121/><W119/><G119/><T51/><D1/><U17/><E29/><V103/><F22/><N who="3" m="15639" /><G76/><T88/><D38/><U104/><E104/><N who="2" m="63591" /><F97/><W90/><G73/><AGARI ba="1,0" hai="73,75,79,81,86,124,125,126" m="63591,12810" machi="73" ten="40,1300,0" yaku="18,1" doraHai="4" who="2" fromWho="3" sc="31,0,187,0,482,16,300,-16" />
</Scene>
<Scene>
<INIT seed="4,0,0,0,5,18" ten="31,187,498,284" oya="0" hai0="0,4,45,24,122,102,135,75,33,69,114,23,12" hai1="85,50,28,62,101,111,76,123,63,19,70,66,65" hai2="87,9,68,95,39,118,96,104,133,93,17,10,79" hai3="31,53,13,48,49,126,88,115,84,90,6,5,35"/><T59/><D69/><U38/><E38/><V3/><F17/><W99/><G115/><T54/><D75/><U8/><E123/><V7/><F95/><N who="3" m="56807" /><G35/><T37/><D122/><U89/><E111/><V41/><F10/><N who="3" m="4311" /><G126/><T29/><D114/><U92/><E28/><V42/><F93/><N who="3" m="54471" /><G5/><T46/><D135/><U72/><E50/><V129/><F7/><W74/><G74/><T127/><D127/><U134/><E134/><V40/><F39/><W78/><G78/><T124/><D124/><U77/><E101/><V56/><F3/><W2/><G2/><T128/><D128/><U15/><REACH who="1" step="1"/><E72/><REACH who="1" ten="31,177,498,284" step="2"/><V52/><F133/><W61/><G31/><T73/><D102/><U100/><E100/><V32/><F129/><W107/><G107/><T14/><D73/><U26/><E26/><V103/><F103/><W55/><G61/><N who="0" m="36087" /><D37/><U44/><E44/><N who="0" m="17001" /><D33/><U16/><E16/><V106/><F32/><W30/><G30/><T112/><D112/><U86/><E86/><V22/><F87/><W11/><G48/><T71/><D71/><AGARI ba="0,1" hai="8,15,19,62,63,65,66,70,71,76,77,85,89,92" machi="71" ten="30,3900,0" yaku="1,1,7,1,9,1,53,0" doraHai="18" doraHaiUra="130" who="1" fromWho="0" sc="31,-39,177,49,498,0,284,0" owari="-8,-51.0,226,-17.0,498,60.0,284,8.0" />
</Scene>
</mjloggm>