<mjloggm ver="2.3"><GO type="169" lobby="0"/><UN n0="%E5%A4%AA%E3%81%8F%E3%81%AA%E3%81%84%E3%81%8A" n1="%74%61%6E%61%4B%61%E8%8A%8B%E5%AD%90" n2="%61%73%30%37%36%30%33%69" n3="%E7%99%BD%E9%BB%92%E7%A5%9E" dan="18,16,16,16" rate="2222.22,2025.57,2056.23,2163.19" sx="M,F,M,F"/><TAIKYOKU oya="0"/>

<Scene>
<INIT seed="0,0,0,0,0,10" ten="250,250,250,250" oya="0" hai0="53,68,116,16,120,135,51,28,130,104,18,93,55" hai1="92,76,0,95,66,109,113,38,132,70,48,34,85" hai2="108,72,23,131,67,69,13,91,2,40,5,44,86" hai3="32,39,31,97,102,105,78,64,8,111,49,119,128"/><T63/><D104/><U127/><E48/><V41/><F72/><W133/><G119/><T126/><D116/><U112/><E85/><V74/><F74/><W47/><G111/><T19/><D120/><U3/><E76/><V62/><F108/><W21/><G39/><T24/><D126/><U29/><E109/><V101/><F101/><W45/><G128/><T114/><D114/><N who="1" m="44139" /><E127/><V75/><F75/><W42/><G133/><T98/><D135/><U96/><E38/><V77/><F77/><W4/><G32/><T35/><D130/><U90/><E95/><V107/><F107/><W26/><G78/><T106/><D51/><U17/><E132/><V80/><F131/><W94/><G64/><N who="0" m="40991" /><D93/><U103/><E103/><AGARI ba="0,0" hai="16,18,19,24,28,35,53,55,98,103,106" m="40991" machi="103" ten="30,2900,0" yaku="25,1,54,1" doraHai="10" who="0" fromWho="1" sc="250,29,250,-29,250,0,250,0" />
</Scene>
<Scene>
<INIT seed="0,1,0,5,5,39" ten="279,221,250,250" oya="0" hai0="104,67,54,52,13,117,94,28,20,118,65,110,132" hai1="126,56,14,0,19,130,50,1,48,79,61,71,97" hai2="57,103,30,124,133,120,49,55,26,85,43,31,127" hai3="15,44,88,59,111,106,74,86,27,78,105,62,82"/><T10/><D104/><U73/><E130/><V80/><F120/><W66/><G111/><T46/><D132/><U51/><E126/><N who="2" m="48171" /><F133/><W121/><G121/><T7/><D110/><U116/><E71/><V3/><F3/><W35/><G44/><T45/><D117/><U83/><E116/><V25/><F103/><W68/><G68/><T90/><D118/><U21/><REACH who="1" step="1"/><E97/><REACH who="1" ten="279,211,250,250" step="2"/><V5/><F31/><W70/><G70/><T99/><D28/><U119/><E119/><V18/><F30/><W129/><G129/><T108/><D108/><U109/><E109/><V128/><F128/><W77/><G35/><T63/><D20/><U22/><E22/><V87/><F87/><W123/><G123/><T4/><D4/><U41/><E41/><V16/><F5/><W100/><G27/><N who="2" m="10249" /><F43/><W115/><G115/><T33/><D33/><U95/><E95/><V36/><F36/><W92/><G106/><T24/><D24/><U107/><E107/><V89/><AGARI ba="1,1" hai="16,18,49,55,57,80,85,89" m="10249,48171" machi="89" ten="30,2000,0" yaku="18,1,54,1" doraHai="39" who="2" fromWho="2" sc="279,-11,211,-6,250,33,250,-6" />
</Scene>
<Scene>
<INIT seed="1,0,0,3,3,127" ten="268,205,283,244" oya="1" hai0="18,22,4,6,84,88,68,41,14,115,114,125,78" hai1="83,74,101,107,2,66,63,106,128,3,117,54,48" hai2="17,118,85,67,16,96,93,53,60,110,32,51,134" hai3="92,33,97,64,91,56,35,65,98,45,130,37,40"/><U47/><E117/><V126/><F118/><W27/><G130/><T94/><D125/><U90/><E128/><V81/><F126/><W112/><G112/><T100/><D68/><U19/><E19/><V5/><F32/><W135/><G135/><T30/><D78/><U28/><E28/><V80/><F5/><W116/><G116/><T124/><D124/><U59/><E101/><V34/><F34/><W72/><G72/><T132/><D132/><U20/><E20/><V8/><F110/><W1/><G1/><T61/><D30/><U109/><E109/><V42/><F42/><W23/><G98/><N who="0" m="59479" /><D115/><U36/><E36/><V120/><F120/><W104/><G104/><T13/><D114/><U43/><E106/><V15/><F17/><W10/><G10/><T113/><D113/><U102/><E107/><V119/><F119/><W31/><G35/><T89/><D41/><U129/><E129/><V86/><F134/><W21/><G21/><T62/><D89/><U58/><E102/><V55/><F81/><W24/><REACH who="3" step="1"/><G56/><REACH who="3" ten="268,205,283,234" step="2"/><T87/><D87/><N who="1" m="50559" /><E74/><V73/><F86/><W99/><G99/><T12/><D4/><U70/><E59/><N who="2" m="37279" /><F73/><W46/><G46/><T71/><D71/><U39/><AGARI ba="0,1" hai="2,3,39,43,47,48,54,58,63,66,70" m="50559" machi="39" ten="30,1500,0" yaku="24,1" doraHai="127" who="1" fromWho="1" sc="268,-5,205,25,283,-5,234,-5" />
</Scene>
<Scene>
<INIT seed="1,1,0,4,5,111" ten="263,230,278,229" oya="1" hai0="31,114,50,0,100,99,65,3,134,28,120,86,59" hai1="7,74,27,80,89,123,83,124,113,110,66,118,106" hai2="85,30,82,24,26,37,84,36,67,15,121,11,23" hai3="12,17,25,115,68,92,22,97,40,75,98,126,46"/><U71/><E118/><V108/><F121/><W14/><G75/><T94/><D120/><U45/><E123/><V60/><F108/><W64/><G126/><T5/><D134/><U132/><E110/><V135/><F135/><W133/><G133/><T78/><D5/><U87/><E132/><V41/><F41/><W44/><G98/><T101/><D101/><U122/><E124/><V51/><F51/><W73/><G73/><T20/><D31/><U47/><E106/><V32/><F85/><W70/><G115/><T77/><D114/><U109/><E122/><V21/><F32/><W35/><G35/><T131/><D131/><U29/><E113/><V39/><F15/><W48/><G46/><T95/><D3/><U2/><E2/><V54/><F11/><W52/><G40/><T55/><D65/><U42/><E109/><V91/><F54/><W81/><G81/><N who="1" m="31306" /><E71/><V117/><F117/><W79/><G79/><T38/><D38/><U8/><E74/><V112/><F112/><W90/><REACH who="3" step="1"/><G68/><REACH who="3" ten="263,230,278,219" step="2"/><T103/><D78/><U128/><E128/><V18/><F37/><W49/><G49/><T61/><D50/><U116/><E116/><V105/><F105/><W119/><G119/><T53/><D77/><U130/><E130/><V69/><AGARI ba="1,1" hai="18,21,23,24,26,30,36,39,60,67,69,82,84,91" machi="69" ten="20,1500,0" yaku="0,1,7,1" doraHai="111" who="2" fromWho="2" sc="263,-5,230,-8,278,28,219,-5" />
</Scene>
<Scene>
<INIT seed="2,0,0,4,5,18" ten="258,222,306,214" oya="2" hai0="46,47,3,95,2,7,39,26,49,73,16,20,21" hai1="77,40,34,106,101,4,105,28,38,92,55,25,86" hai2="80,120,19,83,114,128,98,44,12,27,8,82,31" hai3="65,11,0,14,89,50,94,60,91,67,42,123,118"/><V122/><F114/><W112/><G0/><T84/><D73/><U48/><E4/><V59/><F128/><W130/><G130/><T32/><D32/><U125/><E125/><V127/><F127/><W15/><G112/><T135/><D135/><U17/><E38/><V134/><F134/><W24/><G123/><T81/><D7/><U22/><E40/><V113/><F113/><W117/><G24/><N who="0" m="14343" /><D39/><U30/><E101/><V72/><F72/><W133/><G133/><T99/><D2/><U103/><E103/><V119/><F119/><W111/><G111/><T132/><D3/><U116/><E116/><V35/><F44/><W87/><G117/><T68/><D68/><U23/><E105/><V115/><F115/><W75/><G75/><T54/><D132/><U104/><E34/><V100/><REACH who="2" step="1"/><F59/><REACH who="2" ten="258,222,296,214" step="2"/><W102/><G118/><T57/><D47/><N who="1" m="28063" /><E106/><AGARI ba="0,1" hai="8,12,19,27,31,35,80,82,83,98,100,106,120,122" machi="106" ten="40,2000,0" yaku="1,1,53,0" doraHai="18" doraHaiUra="61" who="2" fromWho="1" sc="258,0,222,-20,296,30,214,0" />
</Scene>
<Scene>
<INIT seed="2,1,0,5,2,133" ten="258,202,326,214" oya="2" hai0="19,123,92,42,93,20,78,4,77,66,27,13,96" hai1="45,126,100,1,26,7,95,122,134,52,25,33,48" hai2="131,69,117,79,98,14,105,3,83,2,110,54,43" hai3="41,82,10,67,51,89,35,81,50,104,91,0,59"/><V44/><F117/><W116/><G104/><T115/><D123/><U61/><E122/><V49/><F110/><W68/><G35/><T63/><D115/><U108/><E134/><V11/><F131/><W56/><G116/><T112/><D112/><U71/><E108/><V28/><F69/><W129/><G129/><T114/><D114/><U99/><E33/><V60/><F105/><W124/><G68/><T120/><D120/><U87/><E126/><V97/><F28/><W128/><G128/><T8/><D42/><U37/><E37/><V70/><F2/><W12/><G0/><T107/><D107/><U55/><E87/><N who="2" m="48639" /><F3/><W6/><G41/><T16/><D4/><U64/><REACH who="1" step="1"/><E55/><REACH who="1" ten="258,192,326,214" step="2"/><V23/><F54/><W90/><G124/><T38/><D38/><U73/><E73/><V72/><F72/><W57/><REACH who="3" step="1"/><G67/><REACH who="3" ten="258,192,326,204" step="2"/><T132/><D132/><U62/><E62/><V36/><F60/><W58/><N who="3" m="14336" /><DORA hai="86" /><W121/><G121/><T109/><D109/><U125/><E125/><V76/><F36/><W102/><G102/><T15/><D63/><U22/><E22/><V29/><F23/><W94/><G94/><T74/><D92/><U75/><E75/><V85/><F43/><W103/><G103/><T46/><D74/><U40/><E40/><V80/><F11/><AGARI ba="1,2" hai="1,7,11,25,26,45,48,52,61,64,71,95,99,100" machi="11" ten="40,2600,0" yaku="1,1,54,1,53,0" doraHai="133,86" doraHaiUra="31,111" who="1" fromWho="2" sc="258,0,192,49,326,-29,204,0" />
</Scene>
<Scene>
<INIT seed="3,0,0,0,2,5" ten="258,241,297,204" oya="3" hai0="12,98,114,110,53,112,58,8,108,23,106,38,52" hai1="0,94,75,3,107,92,49,50,46,2,81,91,16" hai2="72,96,103,48,77,123,84,15,104,34,74,119,1" hai3="45,93,65,87,78,131,61,70,39,133,68,63,56"/><W90/><G131/><T41/><D23/><U109/><E107/><V80/><F1/><W62/><G133/><T30/><D30/><U42/><E109/><N who="0" m="42089" /><D41/><U13/><E50/><V122/><F34/><W14/><G78/><T18/><D38/><U32/><E32/><V64/><F64/><W101/><G101/><N who="0" m="62775" /><D53/><U66/><E66/><V69/><F69/><W130/><G130/><T102/><D102/><U4/><E4/><V57/><F57/><W83/><G39/><T20/><D20/><U79/><REACH who="1" step="1"/><E91/><REACH who="1" ten="258,231,297,204" step="2"/><V86/><F48/><AGARI ba="0,1" hai="8,12,18,48,52,58,112,114" m="62775,42089" machi="48" ten="30,3900,0" yaku="14,1,52,1,54,1" doraHai="5" who="0" fromWho="2" sc="258,49,231,0,297,-39,204,0" />
</Scene>
<Scene>
<INIT seed="4,0,0,4,4,4" ten="307,231,258,204" oya="0" hai0="87,36,45,16,30,71,128,111,61,79,46,90,89" hai1="42,18,133,93,57,106,13,39,107,116,82,3,125" hai2="115,77,34,95,98,135,35,65,86,75,41,131,23" hai3="66,6,51,43,1,83,54,12,122,44,110,108,17"/><T74/><D30/><U52/><E116/><V32/><F115/><W118/><G122/><T25/><D128/><U29/><E133/><V126/><F75/><W120/><G118/><T99/><D74/><U94/><E3/><V14/><F135/><W114/><G120/><T67/><D111/><U48/><E29/><V113/><F131/><W103/><G114/><T121/><D121/><U50/><E125/><V117/><F117/><W104/><G66/><T37/><D79/><U84/><E39/><V76/><F126/><W68/><G68/><T101/><D37/><U64/><E64/><V63/><F41/><W11/><G83/><T53/><D36/><U49/><E106/><V62/><F113/><W102/><G43/><T40/><D40/><U9/><E107/><V119/><F119/><W100/><REACH who="3" step="1"/><G104/><REACH who="3" ten="307,231,258,194" step="2"/><T20/><D53/><N who="1" m="31911" /><E42/><V123/><F123/><W7/><G7/><T96/><D71/><U134/><E134/><V73/><F65/><W88/><G88/><T130/><D89/><N who="1" m="51351" /><E49/><V70/><F70/><W97/><G97/><T33/><D99/><U5/><E5/><V38/><F98/><W69/><G69/><T47/><D130/><U21/><E94/><V109/><F109/><W22/><AGARI ba="0,1" hai="1,6,11,12,17,22,44,51,54,100,102,103,108,110" machi="22" ten="30,4000,0" yaku="1,1,0,1,52,1,53,0" doraHai="4" doraHaiUra="105" who="3" fromWho="3" sc="307,-20,231,-10,258,-10,194,50" />
</Scene>
<Scene>
<INIT seed="5,0,0,4,5,121" ten="287,221,248,244" oya="1" hai0="66,80,124,63,79,102,85,71,134,69,36,25,89" hai1="18,77,38,35,68,16,105,22,60,11,9,129,55" hai2="47,6,12,14,31,135,4,125,100,53,96,116,21" hai3="132,123,27,56,118,101,45,108,92,15,1,62,13"/><U131/><E105/><V7/><F116/><W120/><G1/><T95/><D36/><U78/><E38/><V75/><F75/><W122/><G118/><T54/><D124/><U46/><E35/><V34/><F135/><W65/><G132/><T44/><D134/><U32/><E32/><V109/><F109/><W52/><G108/><T17/><D102/><U2/><E68/><V104/><F125/><W19/><G27/><T48/><D17/><N who="1" m="6763" /><E46/><V107/><F107/><W50/><REACH who="3" step="1"/><G19/><REACH who="3" ten="287,221,248,234" step="2"/><T40/><D25/><U126/><E126/><V20/><F34/><W8/><G8/><N who="1" m="3146" /><E2/><V113/><F113/><W73/><G73/><T39/><D71/><U119/><E119/><V3/><F3/><W26/><G26/><T103/><D103/><U37/><E22/><V90/><F21/><W28/><G28/><T84/><REACH who="0" step="1"/><D39/><REACH who="0" ten="277,221,248,234" step="2"/><U72/><E37/><V130/><F20/><W110/><G110/><T30/><D30/><U49/><E72/><V42/><F31/><W128/><G128/><T97/><D97/><AGARI ba="0,2" hai="13,15,45,50,52,56,62,65,92,97,101,120,122,123" machi="97" ten="40,2600,0" yaku="1,1,54,1,53,0" doraHai="121" doraHaiUra="82" who="3" fromWho="0" sc="277,-26,221,0,248,0,234,46" />
</Scene>
<Scene>
<INIT seed="6,0,0,3,4,109" ten="251,221,248,280" oya="2" hai0="118,132,57,81,93,126,32,104,69,16,37,51,3" hai1="100,66,56,41,76,45,97,64,73,14,40,8,50" hai2="29,98,7,30,10,99,114,15,11,55,26,4,18" hai3="135,111,120,87,119,112,103,110,67,1,106,91,58"/><V80/><F114/><W9/><G1/><T68/><D104/><U38/><E73/><V92/><F80/><W22/><G119/><T85/><D37/><U21/><E76/><V35/><F30/><W124/><G120/><T83/><D32/><U20/><E38/><V125/><F125/><W107/><G112/><T78/><D3/><U71/><E41/><V44/><F7/><W77/><G77/><T108/><D108/><U31/><E71/><V43/><F55/><W79/><G79/><T88/><D126/><U27/><E21/><V90/><F98/><W131/><G135/><T123/><D123/><U48/><E56/><V116/><F116/><W0/><G131/><T96/><D118/><U122/><E48/><V65/><F65/><W74/><G74/><T59/><D132/><U127/><E122/><V63/><F63/><W28/><G124/><T134/><D134/><U129/><E129/><V47/><REACH who="2" step="1"/><F43/><REACH who="2" ten="251,221,238,280" step="2"/><W113/><G113/><T34/><D83/><U133/><E127/><V84/><F84/><W82/><G67/><T121/><D121/><U101/><E133/><V5/><F5/><W95/><G28/><T25/><D96/><U86/><E86/><V19/><F19/><W89/><G87/><T72/><D85/><U102/><E97/><V33/><F33/><W39/><G82/><T42/><D42/><U36/><E36/><V60/><F60/><W23/><G39/><T2/><D81/><U6/><AGARI ba="0,1" hai="6,8,14,20,27,31,40,45,50,64,66,100,101,102" machi="6" ten="30,2000,0" yaku="0,1,8,1" doraHai="109" who="1" fromWho="1" sc="251,-5,221,30,238,-10,280,-5" />
</Scene>
<Scene>
<INIT seed="7,0,0,1,1,15" ten="246,251,228,275" oya="3" hai0="114,23,59,34,119,130,13,27,49,3,18,132,105" hai1="77,127,113,51,25,29,2,52,28,107,4,32,93" hai2="103,41,94,10,98,8,87,65,69,24,78,12,92" hai3="26,106,91,38,76,42,109,126,70,46,21,99,86"/><W101/><G126/><T7/><D105/><U134/><E107/><V11/><F69/><W97/><G109/><T74/><D74/><U68/><E68/><V131/><F131/><W54/><G70/><T67/><D119/><U90/><E77/><V36/><F65/><W117/><G117/><T111/><D111/><U47/><E134/><V125/><F125/><W44/><G76/><T104/><D104/><U5/><E127/><V40/><F36/><W116/><G116/><T1/><D132/><U118/><E118/><V63/><F63/><W112/><G112/><T83/><D130/><U14/><E29/><V123/><F123/><W72/><G72/><T53/><D114/><U22/><E2/><V35/><F35/><W31/><G99/><T135/><D135/><U48/><E48/><V50/><F24/><W75/><G75/><T16/><D7/><U120/><E120/><V56/><F12/><W102/><G102/><T89/><D67/><U60/><E60/><V84/><F92/><W43/><G54/><T0/><D34/><U96/><E113/><V128/><F128/><W88/><G86/><N who="2" m="32809" /><F78/><W66/><G66/><T80/><REACH who="0" step="1"/><D89/><REACH who="0" ten="236,251,228,275" step="2"/><U45/><E32/><V39/><F39/><AGARI ba="0,1" hai="21,26,31,38,39,42,43,44,46,88,91,97,101,106" machi="39" ten="30,5800,0" yaku="7,1,9,1,54,1" doraHai="15" who="3" fromWho="2" sc="236,0,251,0,228,-58,275,68" owari="236,-16.0,251,5.0,170,-33.0,343,44.0" />
</Scene>
</mjloggm>