<mjloggm ver="2.3"><GO type="169" lobby="0"/><UN n0="%E3%83%8D%E3%83%BC%E3%83%A0%E3%83%AC%E3%82%B9%EF%BC%97" n1="%E3%81%A8%E3%82%8C%E3%82%82%E3%82%8D" n2="%68%61%72%75%74%69%6E" n3="%E5%A4%AA%E3%81%8F%E3%81%AA%E3%81%84%E3%81%8A" dan="17,17,16,18" rate="2132.22,2194.61,2081.41,2232.23" sx="M,M,M,M"/><TAIKYOKU oya="0"/>

<Scene>
<INIT seed="0,0,0,4,2,6" ten="250,250,250,250" oya="0" hai0="103,119,15,17,41,106,97,77,73,26,64,89,82" hai1="117,98,130,91,110,53,55,66,42,71,125,95,63" hai2="69,131,1,56,116,84,128,61,93,127,19,86,113" hai3="57,112,4,81,79,108,104,18,76,83,105,2,100"/><T33/><D119/><U29/><E117/><V122/><F116/><W47/><G57/><T102/><D41/><U34/><E110/><V3/><F113/><W135/><G18/><T20/><D64/><U85/><E125/><V68/><F127/><W12/><G12/><T32/><D103/><U36/><E130/><N who="2" m="49707" /><F19/><W72/><G112/><T27/><REACH who="0" step="1"/><D89/><REACH who="0" ten="240,250,250,250" step="2"/><U38/><E42/><V39/><F122/><W80/><G100/><T88/><D88/><U9/><E91/><V37/><F37/><W52/><G108/><T23/><D23/><U75/><E38/><V78/><F39/><W114/><G114/><T59/><D59/><U13/><E66/><V99/><F56/><W109/><G109/><T21/><D21/><U46/><E36/><V120/><F120/><W44/><G44/><T121/><D121/><U115/><E46/><V10/><F69/><W48/><G47/><T43/><D43/><U30/><E71/><V31/><F68/><W45/><G45/><T132/><D132/><U74/><E115/><V118/><F118/><W107/><G135/><T35/><AGARI ba="0,1" hai="15,17,20,26,27,32,33,35,73,77,82,97,102,106" machi="35" ten="30,3000,0" yaku="1,1,0,1,53,0" doraHai="6" doraHaiUra="24" who="0" fromWho="0" sc="240,40,250,-10,250,-10,250,-10" />
</Scene>
<Scene>
<INIT seed="0,1,0,3,2,72" ten="280,240,240,240" oya="0" hai0="69,104,87,1,102,121,116,94,124,35,88,52,70" hai1="109,23,42,24,103,115,21,16,67,0,58,48,12" hai2="106,90,25,68,89,10,3,130,110,56,15,123,50" hai3="6,8,125,119,17,41,60,27,26,33,98,64,38"/><T135/><D116/><U122/><E109/><V59/><F123/><W66/><G119/><T63/><D121/><U73/><E0/><V34/><F106/><W107/><G41/><T36/><D1/><U95/><E115/><V100/><F100/><W65/><G38/><T53/><D35/><U114/><E114/><V47/><F68/><W85/><G125/><T96/><D36/><U5/><E73/><V82/><F3/><W111/><G111/><T120/><D120/><U93/><E103/><V108/><F130/><W30/><G107/><T75/><D124/><U57/><E122/><V45/><F59/><N who="1" m="22537" /><E67/><V128/><F56/><W127/><G98/><T79/><D135/><U78/><E78/><V129/><F110/><W28/><G17/><T55/><D63/><U4/><E4/><V54/><F45/><W31/><G127/><T39/><D39/><U92/><E5/><N who="2" m="3535" /><F108/><W91/><G60/><T74/><D74/><U101/><E101/><V29/><F82/><AGARI ba="1,0" hai="52,53,55,69,70,75,79,82,87,88,94,96,102,104" machi="82" ten="40,12000,1" yaku="24,2,52,1,54,2" doraHai="72" who="0" fromWho="2" sc="280,123,240,0,240,-123,240,0" />
</Scene>
<Scene>
<INIT seed="0,2,0,1,1,135" ten="403,240,117,240" oya="0" hai0="106,65,6,30,95,77,29,21,84,60,126,74,79" hai1="81,41,59,57,46,35,13,127,117,67,5,0,76" hai2="103,53,18,69,47,7,27,51,71,122,110,52,39" hai3="25,38,113,3,61,100,120,64,68,89,112,23,24"/><T104/><D74/><U20/><E0/><V96/><F110/><W66/><G3/><T111/><D6/><U83/><E35/><V101/><F122/><W63/><G38/><T85/><D111/><U40/><E127/><V105/><F103/><W131/><G120/><T1/><D1/><U33/><E33/><V82/><F39/><W22/><G100/><T26/><D30/><U72/><E83/><V54/><F7/><W31/><G89/><T92/><D126/><U12/><E12/><V114/><F114/><W116/><G131/><T44/><D44/><U108/><E108/><V86/><F27/><W4/><G4/><T45/><D45/><U8/><E117/><V70/><REACH who="2" step="1"/><F18/><REACH who="2" ten="403,240,107,240" step="2"/><W129/><G116/><T128/><D128/><U56/><E5/><V125/><F125/><W134/><G129/><T121/><D121/><U17/><E17/><V124/><F124/><W62/><G134/><T34/><D106/><U73/><E13/><V78/><AGARI ba="2,1" hai="47,51,52,53,54,69,70,71,78,82,86,96,101,105" machi="78" ten="30,4000,0" yaku="1,1,0,1,54,1,53,0" doraHai="135" doraHaiUra="15" who="2" fromWho="2" sc="403,-22,240,-12,107,56,240,-12" />
</Scene>
<Scene>
<INIT seed="1,0,0,4,2,85" ten="381,228,163,228" oya="1" hai0="64,46,134,15,36,23,63,131,16,89,122,103,88" hai1="9,20,38,105,7,130,69,91,6,47,68,78,96" hai2="123,5,99,0,109,24,133,114,55,41,58,90,40" hai3="29,75,107,14,48,57,126,56,116,121,118,67,71"/><U34/><E34/><V11/><F123/><W74/><G107/><T112/><D112/><U129/><E78/><V128/><F109/><W30/><G71/><T80/><D122/><U59/><E20/><V97/><F128/><N who="1" m="49257" /><E59/><V65/><F65/><W1/><G67/><T52/><D131/><U72/><E72/><V53/><F133/><W127/><G121/><T25/><D134/><U43/><E6/><V106/><F114/><W113/><G113/><T10/><D103/><N who="1" m="62695" /><E91/><N who="0" m="34889" /><D36/><U44/><E44/><V26/><F99/><W81/><G81/><T117/><D117/><U70/><E70/><V27/><F55/><W100/><G100/><T21/><D80/><U31/><E31/><V8/><F8/><W77/><G77/><T115/><D115/><U62/><E62/><V119/><F119/><W125/><G125/><T33/><D33/><U39/><E38/><V87/><F106/><W18/><G118/><T104/><D104/><U98/><E98/><V101/><F101/><W94/><G116/><T3/><D3/><AGARI ba="0,0" hai="3,7,9,39,43,47,68,69" m="62695,49257" machi="3" ten="30,2900,0" yaku="19,1,23,1" doraHai="85" who="1" fromWho="0" sc="381,-29,228,29,163,0,228,0" />
</Scene>
<Scene>
<INIT seed="1,1,0,1,1,20" ten="352,257,163,228" oya="1" hai0="87,42,26,72,16,104,54,38,73,58,61,106,135" hai1="14,50,9,112,81,13,132,60,82,69,123,84,116" hai2="91,24,124,10,29,32,21,93,99,7,127,59,41" hai3="121,33,51,117,71,105,68,43,62,98,15,45,96"/><U89/><E116/><V100/><F41/><W57/><G121/><T97/><D135/><U107/><E112/><V11/><F32/><W0/><G0/><T95/><D38/><U122/><E107/><V31/><F31/><W92/><G33/><T3/><D3/><U76/><E132/><V110/><F110/><W18/><G105/><T52/><D42/><U28/><E14/><V126/><F7/><W83/><G83/><T125/><D125/><U53/><E28/><V79/><F79/><W74/><G74/><T88/><D106/><U30/><E30/><V94/><REACH who="2" step="1"/><F59/><REACH who="2" ten="352,257,153,228" step="2"/><W90/><G117/><T22/><REACH who="0" step="1"/><D54/><REACH who="0" ten="342,257,153,228" step="2"/><U115/><E53/><V101/><F101/><AGARI ba="1,2" hai="16,22,26,52,58,61,72,73,87,88,95,97,101,104" machi="101" ten="40,12000,2" yaku="1,1,2,1,52,1,54,3,53,0" doraHai="20" doraHaiUra="39" who="0" fromWho="2" sc="342,143,257,0,153,-123,228,0" />
</Scene>
<Scene>
<INIT seed="2,0,0,2,5,5" ten="485,257,30,228" oya="2" hai0="45,121,2,24,101,26,81,86,49,1,124,105,25" hai1="82,83,89,42,75,27,57,128,112,51,38,73,9" hai2="106,132,13,98,74,120,39,59,85,63,116,72,115" hai3="33,34,53,111,16,95,68,8,90,92,94,29,32"/><V62/><F120/><W107/><G107/><T17/><D121/><U134/><E112/><V22/><F116/><W71/><G111/><T131/><D131/><U118/><E118/><V113/><F39/><W41/><G41/><T133/><D133/><U4/><E38/><V15/><F132/><W7/><G29/><T37/><D37/><U80/><E128/><V55/><F85/><W31/><G31/><T117/><D117/><U6/><E27/><V91/><F15/><W23/><G53/><T36/><D36/><U43/><E134/><V122/><F122/><W66/><G90/><T28/><D124/><U35/><E35/><V18/><F63/><W77/><G77/><T97/><D17/><U19/><E75/><V88/><F106/><W96/><G96/><T102/><D102/><U52/><E89/><V123/><F91/><W70/><G66/><T129/><D28/><U127/><E73/><V65/><F65/><W67/><G67/><T40/><REACH who="0" step="1"/><D129/><REACH who="0" ten="475,257,30,228" step="2"/><U14/><E127/><V78/><F123/><W100/><G100/><T46/><D46/><U10/><REACH who="1" step="1"/><E19/><REACH who="1" ten="475,247,30,228" step="2"/><V104/><F74/><W119/><G119/><T69/><D69/><U60/><E60/><V56/><F56/><W125/><G125/><T103/><D103/><U21/><E21/><V47/><F47/><W54/><G23/><T58/><D58/><U99/><E99/><V11/><F22/><W30/><G30/><T64/><D64/><U76/><E76/><AGARI ba="0,2" hai="1,2,24,25,26,40,45,49,76,81,86,97,101,105" machi="76" ten="40,2600,0" yaku="1,1,53,1" doraHai="5" doraHaiUra="79" who="0" fromWho="1" sc="475,46,247,-26,30,0,228,0" />
</Scene>
<Scene>
<INIT seed="3,0,0,5,4,4" ten="521,221,30,228" oya="3" hai0="35,30,51,132,15,70,47,17,21,19,57,5,48" hai1="96,112,133,64,82,87,65,24,103,128,39,114,95" hai2="3,16,12,119,23,43,25,91,40,110,52,71,89" hai3="41,44,107,7,11,122,61,6,58,85,92,124,79"/><W97/><G122/><T74/><D70/><U117/><E39/><V62/><F119/><W94/><G124/><T106/><D106/><U120/><E120/><V135/><F3/><W72/><G72/><T75/><D132/><U80/><E133/><V32/><F135/><W60/><G107/><T123/><D123/><U59/><E117/><V127/><F127/><W115/><G115/><T53/><D5/><U105/><E128/><V42/><F110/><W68/><G68/><T55/><D30/><U83/><E24/><V118/><F118/><W86/><G6/><T46/><D35/><U49/><E49/><V33/><F33/><W111/><G111/><T76/><D76/><U131/><E131/><V26/><F71/><W56/><G56/><T10/><REACH who="0" step="1"/><D57/><REACH who="0" ten="511,221,30,228" step="2"/><U109/><E59/><V29/><REACH who="2" step="1"/><F26/><AGARI ba="0,1" hai="10,15,17,19,21,26,46,47,48,51,53,55,74,75" machi="26" ten="30,12000,2" yaku="1,1,2,1,7,1,9,1,52,1,53,1" doraHai="4" doraHaiUra="20" who="0" fromWho="2" sc="511,130,221,0,30,-120,228,0" owari="641,74.0,221,-18.0,-90,-59.0,228,3.0" />
</Scene>
</mjloggm>