<mjloggm ver="2.3"><GO type="169" lobby="0"/><UN n0="%E3%83%8D%E3%83%BC%E3%83%A0%E3%83%AC%E3%82%B9%EF%BC%97" n1="%E5%A4%AA%E3%81%8F%E3%81%AA%E3%81%84%E3%81%8A" n2="%28%C2%B4%E3%83%BB%D1%81%5F%E3%83%BB%EF%BD%80%29" n3="%E3%81%A4%E3%81%A3%E3%81%8D%EF%BD%9E%32%6E%64" dan="17,18,16,16" rate="2160.94,2171.45,2053.93,2099.30" sx="M,M,M,M"/><TAIKYOKU oya="0"/>

<Scene>
<INIT seed="0,0,0,1,0,89" ten="250,250,250,250" oya="0" hai0="45,36,4,122,113,103,84,83,125,34,79,38,115" hai1="93,51,124,52,54,129,135,57,76,94,55,44,91" hai2="133,2,16,26,10,28,18,81,6,47,100,35,46" hai3="12,20,123,69,111,110,114,17,63,86,59,32,5"/><T127/><D122/><U109/><E109/><N who="3" m="41482" /><G114/><T95/><D34/><U24/><E124/><N who="0" m="47689" /><D4/><U60/><E135/><V120/><F120/><W107/><G123/><T73/><D45/><U121/><E121/><V7/><F7/><W82/><G32/><T128/><D128/><U99/><E129/><V23/><F133/><W117/><G117/><T119/><D119/><U48/><E76/><V11/><F81/><W74/><G74/><T27/><D27/><U130/><E130/><V108/><F108/><W58/><G107/><T31/><D31/><U71/><E71/><V118/><F118/><W77/><G5/><T80/><D38/><U9/><E9/><V21/><F10/><W53/><G59/><T30/><D30/><U112/><E112/><N who="0" m="43081" /><D36/><U65/><E24/><V70/><F70/><AGARI ba="0,0" hai="12,17,20,53,58,63,69,70,77,82,86" m="41482" machi="70" ten="30,1000,0" yaku="14,1" doraHai="89" who="3" fromWho="2" sc="250,0,250,0,250,-10,250,10" />
</Scene>
<Scene>
<INIT seed="1,0,0,2,5,41" ten="250,250,240,260" oya="1" hai0="71,91,90,44,39,103,131,49,118,119,121,54,74" hai1="64,29,4,105,46,75,94,132,85,60,135,126,18" hai2="112,53,81,57,22,130,134,122,48,72,56,83,5" hai3="111,100,68,45,43,0,99,101,17,16,92,62,28"/><U1/><E75/><V84/><F122/><W21/><G111/><T115/><D115/><U78/><E105/><V76/><F130/><W65/><G0/><T114/><D114/><U77/><E29/><V31/><F134/><N who="1" m="51241" /><E126/><V79/><F5/><W120/><G120/><T70/><D74/><U14/><E4/><V25/><REACH who="2" step="1"/><F112/><REACH who="2" ten="250,250,230,260" step="2"/><W95/><G28/><T47/><D131/><U50/><E1/><V98/><F98/><W113/><G113/><T27/><D121/><U86/><E85/><V55/><F55/><W26/><G101/><T73/><D103/><U127/><E127/><V15/><F15/><W30/><REACH who="3" step="1"/><G95/><REACH who="3" ten="250,250,230,250" step="2"/><T35/><D119/><U32/><E94/><V89/><F89/><W109/><G109/><T106/><D118/><U3/><E3/><V96/><F96/><W10/><G10/><T58/><D91/><U36/><E77/><V80/><F80/><W67/><G67/><T9/><D90/><U107/><E64/><V117/><F117/><W7/><G7/><T40/><D9/><U38/><E78/><V11/><F11/><W34/><G34/><T87/><D35/><U97/><E32/><V37/><F37/><AGARI ba="0,2" hai="16,17,21,26,30,37,43,45,62,65,68,92,99,100" machi="37" ten="30,8000,1" yaku="1,1,7,1,52,1,54,1,53,1" doraHai="41" doraHaiUra="59" who="3" fromWho="2" sc="250,0,250,0,230,-80,250,100" />
</Scene>
<Scene>
<INIT seed="2,0,0,3,3,35" ten="250,250,150,350" oya="2" hai0="87,53,115,10,132,29,11,16,56,120,86,95,108" hai1="77,119,74,84,109,40,9,124,17,79,66,103,23" hai2="131,27,57,46,65,125,92,45,69,96,80,71,25" hai3="76,58,15,111,110,24,97,100,43,107,8,31,81"/><V82/><F131/><W7/><G43/><T2/><D120/><U52/><E119/><V28/><F125/><W127/><G127/><T83/><D115/><U116/><E124/><V104/><F25/><W60/><G81/><T112/><D112/><U72/><E116/><V78/><F104/><W6/><G6/><T36/><D36/><U32/><E32/><V59/><F71/><W98/><G98/><T70/><D70/><U20/><E40/><V48/><F69/><W68/><G76/><T44/><D108/><U73/><E66/><V49/><F78/><W26/><G26/><T19/><D132/><U117/><E117/><V3/><F3/><W93/><G107/><T94/><D29/><U50/><E103/><V5/><F5/><W14/><G14/><T90/><D44/><N who="2" m="17002" /><F27/><W67/><REACH who="3" step="1"/><G68/><REACH who="3" ten="250,250,150,340" step="2"/><T63/><D95/><U135/><E79/><V47/><F92/><W54/><G54/><T99/><D99/><U4/><E77/><V61/><F96/><W88/><G88/><N who="0" m="51295" /><D2/><U62/><E73/><V118/><F118/><W1/><G1/><T42/><D42/><U0/><E74/><V102/><F102/><W91/><G91/><T30/><D30/><U38/><E72/><V18/><F80/><W134/><G134/><T106/><D106/><U122/><E135/><V130/><F82/><W39/><G39/><T105/><D105/><U41/><E38/><V133/><F133/><W34/><AGARI ba="0,1" hai="7,8,15,24,31,34,58,60,67,93,97,100,110,111" machi="34" ten="30,4000,0" yaku="1,1,0,1,53,1" doraHai="35" doraHaiUra="89" who="3" fromWho="3" sc="250,-10,250,-10,150,-20,340,50" />
</Scene>
<Scene>
<INIT seed="3,0,0,0,1,102" ten="240,240,130,390" oya="3" hai0="20,80,133,31,22,98,83,14,76,34,45,38,75" hai1="36,28,128,94,58,113,103,104,17,121,99,61,82" hai2="52,116,46,91,32,81,62,64,129,100,111,119,50" hai3="134,16,118,12,42,48,110,90,7,40,43,65,70"/><W15/><G118/><T24/><D133/><U37/><E113/><V93/><F111/><W47/><G134/><T135/><D135/><U51/><E121/><V27/><F129/><W74/><G110/><T26/><D14/><U72/><E128/><V109/><F109/><W13/><G74/><T117/><D117/><U5/><E5/><V9/><F9/><W84/><G7/><T8/><D8/><U49/><E28/><V30/><F81/><N who="3" m="49423" /><G70/><T25/><D83/><U97/><E17/><V87/><REACH who="2" step="1"/><F100/><REACH who="2" ten="240,240,120,390" step="2"/><W122/><G122/><T10/><D10/><U123/><E123/><V108/><F108/><W130/><G130/><T0/><D80/><U78/><E82/><V114/><F114/><W19/><G65/><T89/><D75/><U21/><E72/><V63/><F63/><W95/><G95/><T105/><D76/><U11/><E61/><V1/><F1/><W67/><G67/><T68/><D0/><U69/><E78/><V120/><F120/><W53/><AGARI ba="0,1" hai="12,13,15,16,19,40,42,43,47,48,53" m="49423" machi="53" ten="30,3000,0" yaku="8,1,54,1" doraHai="102" who="3" fromWho="3" sc="240,-10,240,-10,120,-10,390,40" />
</Scene>
<Scene>
<INIT seed="3,1,0,1,1,53" ten="230,230,110,430" oya="3" hai0="6,112,83,89,135,7,44,60,122,90,51,21,29" hai1="105,27,24,64,129,33,126,127,72,119,19,22,133" hai2="101,134,55,50,46,39,77,91,109,71,75,34,103" hai3="48,104,3,123,121,131,100,58,8,10,0,42,1"/><W12/><G131/><T5/><D122/><U20/><E72/><V26/><F109/><W88/><G104/><T30/><D135/><U92/><E105/><V35/><F134/><W95/><G100/><T2/><D2/><U23/><E133/><V110/><F110/><W62/><G42/><T67/><D112/><U11/><E64/><V57/><F91/><W86/><G48/><T87/><D90/><U25/><E92/><V93/><F71/><W45/><G45/><T115/><D115/><U99/><E99/><V4/><F4/><W118/><G118/><T41/><REACH who="0" step="1"/><D21/><REACH who="0" ten="220,230,110,430" step="2"/><U47/><E119/><V113/><F113/><W98/><G123/><T111/><D111/><U124/><E129/><V80/><F35/><W43/><G121/><T37/><D37/><U128/><E128/><V69/><F39/><W40/><G3/><T31/><D31/><N who="1" m="19711" /><E47/><V96/><F46/><W49/><G1/><T70/><AGARI ba="1,1" hai="5,6,7,29,30,41,44,51,60,67,70,83,87,89" machi="70" ten="30,4000,0" yaku="1,1,0,1,53,1" doraHai="53" doraHaiUra="84" who="0" fromWho="0" sc="220,53,230,-11,110,-11,430,-21" />
</Scene>
<Scene>
<INIT seed="4,0,0,0,5,106" ten="273,219,99,409" oya="0" hai0="87,48,40,0,90,72,16,76,133,31,3,17,30" hai1="9,14,79,88,64,109,61,89,81,49,84,129,24" hai2="58,95,34,39,108,18,111,37,33,120,115,96,8" hai3="114,113,78,5,12,56,103,10,77,59,94,21,36"/><T2/><D133/><U97/><E109/><V28/><F120/><W112/><G36/><T7/><D7/><U15/><E129/><V132/><F132/><W68/><G68/><T54/><D40/><U57/><E24/><V73/><F115/><W65/><G21/><T46/><D76/><N who="3" m="29289" /><G65/><T126/><D126/><U63/><E63/><V122/><F122/><W117/><G117/><T55/><D72/><U93/><E49/><V22/><F34/><W118/><G118/><T67/><D67/><U83/><REACH who="1" step="1"/><E9/><REACH who="1" ten="273,209,99,409" step="2"/><V38/><F8/><W74/><G10/><T45/><D31/><U20/><E20/><V130/><F130/><W44/><G114/><T51/><REACH who="0" step="1"/><D30/><REACH who="0" ten="263,209,99,409" step="2"/><U119/><E119/><V19/><F28/><W92/><G113/><T127/><D127/><U41/><E41/><V128/><F128/><W62/><G112/><T124/><D124/><U85/><AGARI ba="0,2" hai="14,15,57,61,64,79,81,83,84,85,88,89,93,97" machi="85" ten="20,8000,1" yaku="1,1,0,1,7,1,8,1,54,1,53,0" doraHai="106" doraHaiUra="121" who="1" fromWho="1" sc="263,-40,209,100,99,-20,409,-20" />
</Scene>
<Scene>
<INIT seed="5,0,0,2,1,40" ten="223,309,79,389" oya="1" hai0="8,12,52,50,90,129,113,125,15,92,111,67,23" hai1="106,1,60,66,76,115,69,107,83,21,114,7,134" hai2="37,6,119,0,41,53,131,97,91,105,87,102,82" hai3="2,24,22,108,61,88,38,124,133,118,110,72,109"/><U99/><E134/><V64/><F119/><W93/><G72/><T28/><D111/><U31/><E31/><V27/><F131/><W80/><G133/><T70/><D129/><U126/><E21/><V29/><F64/><W68/><G118/><T122/><D122/><U25/><E25/><V4/><F53/><W132/><G132/><T16/><D113/><N who="1" m="43019" /><E126/><V96/><F96/><W104/><G124/><T123/><D123/><U55/><E99/><V19/><F19/><W43/><G104/><T85/><D125/><U130/><E130/><V74/><F0/><W49/><G38/><T98/><D70/><U81/><E55/><V79/><F27/><W103/><G2/><T30/><D67/><U5/><E83/><V128/><F29/><W20/><G80/><T51/><D98/><U86/><E1/><V71/><F71/><W135/><G135/><T78/><D78/><U94/><E94/><V34/><F34/><W10/><G10/><T57/><D51/><U73/><E73/><V89/><F128/><W18/><G22/><T116/><D116/><U100/><E100/><V84/><F84/><N who="3" m="52359" /><G103/><T59/><D59/><U56/><E69/><V127/><F127/><W13/><G24/><T33/><D33/><U42/><E42/><V112/><F112/><W46/><G110/><T62/><D62/><U32/><E32/><V65/><F65/><N who="3" m="41007" /><G109/><T35/><D35/><U44/><E44/><N who="2" m="23599" /><F91/><W121/><G108/><T63/><D63/><U48/><E48/><V17/><F17/><AGARI ba="0,0" hai="8,12,15,16,17,23,28,30,50,52,57,85,90,92" machi="17" ten="30,12000,2" yaku="7,1,25,2,8,1,54,2" doraHai="40" who="0" fromWho="2" sc="223,120,309,0,79,-120,389,0" owari="343,14.0,309,-9.0,-41,-54.0,389,49.0" />
</Scene>
</mjloggm>