<mjloggm ver="2.3"><GO type="225" lobby="0"/><UN n0="%44%41%4E%54%45" n1="%E5%A4%AA%E3%81%8F%E3%81%AA%E3%81%84%E3%81%8A" n2="%6F%6E%65%73%74%61%72" n3="%E4%BF%BA%E3%81%A8%E5%A6%96%E5%A4%A2" dan="16,18,17,16" rate="2056.62,2200.76,2148.09,2164.18" sx="M,M,M,F"/><TAIKYOKU oya="0"/>

<Scene>
<INIT seed="0,0,0,0,4,70" ten="250,250,250,250" oya="0" hai0="96,108,28,93,42,131,36,65,83,99,21,78,30" hai1="11,121,1,50,4,114,41,64,3,54,23,19,132" hai2="129,91,40,32,102,76,56,110,35,94,116,98,53" hai3="75,118,43,55,25,0,12,5,67,120,69,115,49"/><T117/><D117/><U88/><E121/><V123/><F123/><W20/><G120/><T8/><D131/><U58/><E132/><V133/><F116/><W128/><G118/><T106/><D65/><U112/><E64/><V14/><F129/><W72/><G128/><T6/><D106/><U22/><E1/><V7/><F133/><W77/><G0/><N who="0" m="71" /><D21/><U101/><E101/><V52/><F40/><W80/><G43/><T122/><D122/><U33/><E33/><V29/><F76/><W103/><G103/><N who="0" m="60815" /><D99/><U82/><E41/><V134/><F134/><W59/><G115/><N who="1" m="44074" /><E19/><V62/><F29/><W57/><G69/><T63/><D63/><U10/><E10/><V104/><F53/><W84/><G5/><T92/><D92/><U2/><E2/><V107/><F107/><W73/><G12/><T74/><D108/><U109/><E109/><V31/><F31/><W95/><G95/><T85/><D85/><AGARI ba="0,0" hai="3,4,11,22,23,50,54,58,82,85,88" m="44074" machi="85" ten="30,2000,0" yaku="11,1,54,1" doraHai="70" who="1" fromWho="0" sc="250,-20,250,20,250,0,250,0" />
</Scene>
<Scene>
<INIT seed="1,0,0,2,2,51" ten="230,270,250,250" oya="1" hai0="101,127,18,96,52,79,73,72,59,70,124,37,44" hai1="60,93,97,43,114,130,38,11,108,13,84,7,102" hai2="6,112,89,86,74,61,129,3,90,64,83,66,78" hai3="92,26,23,105,69,116,58,5,118,109,39,134,2"/><U125/><E114/><V100/><F129/><W53/><G105/><N who="0" m="63655" /><D70/><U15/><E130/><V1/><F112/><W10/><G69/><T107/><D107/><U91/><E125/><N who="0" m="48201" /><D79/><U121/><E121/><V48/><F100/><W46/><G109/><T71/><D71/><U31/><E108/><V9/><F66/><W16/><G134/><T75/><D18/><U119/><E119/><N who="3" m="45610" /><G92/><T110/><D110/><U82/><E31/><V35/><F35/><W28/><G39/><T41/><D73/><U81/><E38/><V30/><F30/><W128/><G128/><T133/><D133/><U0/><E43/><V55/><F74/><W106/><G106/><T95/><D95/><U126/><E126/><V25/><F25/><W67/><G28/><T120/><D120/><U56/><REACH who="1" step="1"/><E81/><REACH who="1" ten="230,260,250,250" step="2"/><V132/><F83/><W77/><G2/><T85/><D85/><U63/><E63/><AGARI ba="0,1" hai="37,41,44,52,59,63,72,75" m="48201,63655" machi="63" ten="30,3900,0" yaku="18,1,52,1,54,1" doraHai="51" who="0" fromWho="1" sc="230,49,260,-39,250,0,250,0" />
</Scene>
<Scene>
<INIT seed="2,0,0,4,3,128" ten="279,221,250,250" oya="2" hai0="19,59,84,71,30,108,9,99,82,93,89,80,25" hai1="4,85,20,44,31,33,27,67,2,16,96,52,65" hai2="8,38,43,58,95,62,35,61,45,97,119,127,109" hai3="131,114,79,123,68,77,91,115,102,132,5,57,11"/><V106/><F119/><W107/><G68/><T0/><D71/><U126/><E126/><V42/><F127/><W1/><G123/><T60/><D108/><U81/><E96/><V105/><F35/><W78/><G131/><T34/><D0/><U15/><E44/><V46/><F8/><W104/><G91/><T18/><D9/><N who="1" m="2199" /><E52/><V94/><F94/><W54/><G132/><T48/><D48/><U64/><E64/><V73/><F73/><W36/><G36/><T92/><D92/><U117/><E117/><V40/><F40/><W37/><G37/><T130/><D82/><U87/><E87/><V90/><F109/><W100/><G100/><T7/><D7/><U13/><E13/><V22/><F22/><W41/><G41/><T39/><D39/><U14/><E14/><V69/><F69/><W12/><G1/><T116/><D116/><U63/><E63/><V110/><F62/><N who="3" m="36151" /><G102/><T113/><D113/><AGARI ba="0,0" hai="5,11,12,77,78,79,104,107,113,114,115" m="36151" machi="113" ten="30,1000,0" yaku="11,1" doraHai="128" who="3" fromWho="0" sc="279,-10,221,0,250,0,250,10" />
</Scene>
<Scene>
<INIT seed="3,0,0,0,3,24" ten="269,221,250,260" oya="3" hai0="98,46,62,23,15,33,58,82,66,92,64,90,60" hai1="118,80,61,43,84,132,105,11,129,40,10,99,74" hai2="77,26,104,2,83,127,30,72,42,73,111,126,93" hai3="120,78,39,91,54,27,89,12,69,47,52,3,95"/><W116/><G116/><T16/><D33/><U8/><E74/><N who="2" m="43447" /><F111/><W49/><G3/><T125/><D125/><N who="2" m="47626" /><F104/><W135/><G120/><T70/><D82/><U29/><E118/><V20/><F2/><W19/><G135/><T81/><D81/><U107/><E132/><V38/><F93/><W108/><G108/><T59/><D46/><AGARI ba="0,0" hai="20,26,30,38,42,46,72,73" m="47626,43447" machi="46" ten="30,2000,0" yaku="18,1,52,1" doraHai="24" who="2" fromWho="0" sc="269,-20,221,0,250,20,260,0" />
</Scene>
<Scene>
<INIT seed="4,0,0,4,5,75" ten="249,221,270,260" oya="0" hai0="103,108,71,64,89,13,58,85,7,113,17,60,130" hai1="76,28,84,8,5,45,123,129,88,12,82,109,11" hai2="106,42,46,22,121,54,114,38,95,94,57,50,0" hai3="30,41,74,14,97,3,104,87,99,1,62,9,66"/><T15/><D113/><U59/><E109/><V39/><F121/><W27/><G74/><T80/><D108/><U79/><E123/><V111/><F106/><W44/><G87/><T19/><D130/><U72/><E129/><V132/><F111/><W21/><G1/><T101/><D7/><U35/><E35/><V33/><F33/><W10/><G3/><T67/><D67/><U61/><E28/><V96/><F132/><W120/><G120/><T68/><D68/><U100/><E100/><V127/><F127/><W48/><G104/><T116/><D71/><U6/><E45/><V31/><F0/><W51/><G51/><T24/><D24/><U37/><E37/><V135/><F135/><W105/><G105/><T110/><D116/><U53/><E72/><V133/><F114/><W92/><G92/><T52/><D64/><U102/><E102/><V49/><F94/><W83/><G83/><T25/><D25/><U32/><E32/><V93/><F93/><W119/><G119/><T81/><D81/><U20/><E20/><V131/><F131/><W23/><G23/><N who="0" m="11695" /><D110/><U2/><AGARI ba="0,0" hai="2,5,6,8,11,12,53,59,61,76,79,82,84,88" machi="2" ten="20,8000,1" yaku="0,1,7,1,52,2,54,1" doraHai="75" who="1" fromWho="1" sc="249,-40,221,80,270,-20,260,-20" owari="209,-29.0,301,40.0,250,5.0,240,-16.0" />
</Scene>
</mjloggm>