<mjloggm ver="2.3"><GO type="169" lobby="0"/><UN n0="%61%6B%69%21%21%21" n1="%E5%A4%AA%E3%81%8F%E3%81%AA%E3%81%84%E3%81%8A" n2="%4E%6E%31%33%34" n3="%E4%B8%AD%E6%9D%91%E8%B1%AA" dan="17,18,16,16" rate="2158.33,2245.71,2083.96,2152.15" sx="M,M,M,M"/><TAIKYOKU oya="0"/>

<Scene>
<INIT seed="0,0,0,5,2,67" ten="250,250,250,250" oya="0" hai0="29,61,76,85,95,77,52,42,57,59,4,129,117" hai1="2,19,120,63,28,104,80,3,99,109,94,124,100" hai2="91,37,105,31,34,26,14,32,88,79,123,90,122" hai3="83,107,22,97,40,36,11,0,86,13,72,21,108"/><T128/><D117/><U75/><E120/><V43/><F105/><W12/><G108/><T16/><D42/><U110/><E124/><V132/><F79/><W112/><G112/><T54/><D29/><U81/><E28/><V8/><F34/><W82/><G0/><N who="1" m="42" /><E75/><V115/><F115/><W20/><G72/><T38/><D4/><U1/><E1/><V89/><F132/><W127/><G127/><T48/><D38/><U39/><E39/><V130/><F130/><N who="0" m="50282" /><D16/><U60/><E104/><V58/><F43/><W114/><G114/><T33/><D33/><U92/><E19/><V30/><F30/><W10/><G40/><T44/><D59/><U23/><E23/><V51/><F37/><W18/><G36/><T53/><D53/><U66/><E92/><V65/><N who="2" m="23040" /><DORA hai="125" /><V62/><REACH who="2" step="1"/><F51/><REACH who="2" ten="250,250,240,250" step="2"/><W56/><G107/><T111/><D85/><U46/><E109/><V7/><AGARI ba="0,1" hai="7,8,14,26,31,32,58,62,65,122,123" m="23040" machi="7" ten="40,8000,1" yaku="1,1,2,1,0,1,54,1,53,0" doraHai="67,125" doraHaiUra="106,50" who="2" fromWho="2" sc="250,-40,250,-20,240,90,250,-20" />
</Scene>
<Scene>
<INIT seed="1,0,0,4,2,119" ten="210,230,330,230" oya="1" hai0="105,55,48,33,113,25,16,66,98,84,132,21,133" hai1="77,72,75,14,85,100,27,78,50,10,62,24,58" hai2="81,12,126,91,111,112,63,117,34,99,74,87,23" hai3="36,104,56,120,18,11,124,52,129,103,35,28,3"/><U125/><E125/><V20/><F34/><W94/><G36/><T71/><D113/><U8/><E100/><V122/><F117/><W9/><G104/><T51/><D33/><U39/><E39/><V127/><F112/><W26/><G129/><T67/><D51/><U31/><E50/><V89/><F111/><W88/><G103/><N who="0" m="62711" /><D84/><U13/><E85/><V76/><F63/><W73/><G73/><T2/><D2/><U92/><E92/><N who="2" m="56719" /><F12/><W61/><G124/><N who="2" m="47657" /><F122/><W83/><G83/><AGARI ba="0,0" hai="20,23,74,76,81,83,87,91" m="47657,56719" machi="83" ten="30,1000,0" yaku="18,1" doraHai="119" who="2" fromWho="3" sc="210,0,230,0,330,10,230,-10" />
</Scene>
<Scene>
<INIT seed="2,0,0,2,0,104" ten="210,230,340,220" oya="2" hai0="34,102,9,87,128,125,57,127,33,67,72,97,17" hai1="53,18,117,105,132,94,31,135,49,133,106,59,63" hai2="56,5,123,95,90,86,12,39,114,21,83,129,110" hai3="1,30,121,25,24,91,81,50,29,116,69,74,40"/><V60/><F123/><W82/><G69/><T118/><D128/><U0/><E117/><V112/><F39/><W109/><G1/><T6/><D118/><U98/><E0/><V100/><F129/><W134/><G121/><T38/><D38/><U44/><E31/><V32/><F32/><W47/><G134/><T88/><D17/><U8/><E8/><V45/><F45/><W20/><G109/><T58/><D34/><U65/><REACH who="1" step="1"/><E18/><REACH who="1" ten="210,220,340,220" step="2"/><V52/><F110/><W85/><G116/><T3/><D9/><U126/><E126/><V92/><F114/><W23/><REACH who="3" step="1"/><G74/><REACH who="3" ten="210,220,340,210" step="2"/><T42/><D72/><U93/><E93/><AGARI ba="0,2" hai="20,23,24,25,29,30,40,47,50,81,82,85,91,93" machi="93" ten="30,8000,1" yaku="1,1,2,1,7,1,9,1,8,1,53,0" doraHai="104" doraHaiUra="71" who="3" fromWho="1" sc="210,0,220,-80,340,0,210,100" />
</Scene>
<Scene>
<INIT seed="3,0,0,2,1,56" ten="210,140,340,310" oya="3" hai0="114,47,104,45,20,69,133,61,84,33,15,122,52" hai1="82,35,40,30,36,11,0,23,16,58,39,129,4" hai2="60,78,17,67,12,48,77,90,59,28,119,54,8" hai3="121,71,127,64,89,13,42,80,108,72,94,74,1"/><W128/><G1/><T44/><D33/><U73/><E129/><V63/><F119/><W34/><G34/><T62/><D104/><U116/><E116/><V93/><F28/><W83/><G121/><T105/><D105/><U51/><E73/><N who="3" m="28266" /><G42/><T91/><D122/><U31/><E82/><N who="3" m="31274" /><G13/><T43/><D43/><U14/><E31/><V6/><F6/><W75/><G64/><T21/><D133/><U70/><E70/><V68/><F48/><W106/><G71/><T46/><D114/><U112/><E112/><V132/><F132/><W100/><G75/><T101/><D69/><U123/><E123/><V115/><F115/><W130/><G127/><T57/><N who="0" m="11264" /><DORA hai="7" /><T10/><D62/><U99/><E99/><AGARI ba="0,0" hai="8,12,17,54,59,60,63,67,68,77,78,90,93,99" machi="99" ten="30,7700,0" yaku="7,1,52,3" doraHai="56,7" who="2" fromWho="1" sc="210,0,140,-77,340,77,310,0" />
</Scene>
<Scene>
<INIT seed="4,0,0,0,4,34" ten="210,63,417,310" oya="0" hai0="95,73,85,23,38,126,104,70,30,84,66,35,123" hai1="20,36,82,59,17,72,33,110,64,119,63,11,2" hai2="75,15,112,50,115,74,122,68,134,25,127,118,56" hai3="54,44,101,94,96,121,77,130,52,98,51,61,105"/><T24/><D73/><U13/><E110/><V58/><F68/><W93/><G130/><T108/><D104/><U133/><E119/><V87/><F122/><W3/><G121/><T5/><D38/><U49/><E36/><V67/><F127/><W27/><G77/><T80/><D123/><U57/><E33/><V32/><F134/><W69/><G3/><T107/><D107/><U26/><E133/><V89/><F15/><W99/><G27/><T116/><D116/><U31/><E72/><V55/><F118/><W117/><G117/><T124/><D108/><U100/><E82/><N who="2" m="49399" /><F67/><W81/><G81/><T7/><D95/><U45/><E100/><V131/><F58/><N who="3" m="35015" /><G69/><T97/><D97/><N who="3" m="37481" /><G105/><T76/><D85/><U91/><E91/><V129/><F75/><W135/><G135/><T103/><D103/><U71/><REACH who="1" step="1"/><E2/><REACH who="1" ten="210,53,417,310" step="2"/><V9/><F74/><W92/><AGARI ba="0,1" hai="44,51,54,92,93,94,99,101" m="37481,35015" machi="92" ten="30,2000,0" yaku="8,1,54,1" doraHai="34" who="3" fromWho="3" sc="210,-10,53,-5,417,-5,310,30" />
</Scene>
<Scene>
<INIT seed="5,0,0,5,4,80" ten="200,48,412,340" oya="1" hai0="43,40,53,100,84,99,50,128,55,16,36,96,75" hai1="37,42,34,41,61,58,127,113,134,98,19,2,52" hai2="87,93,123,65,67,83,8,68,114,3,101,70,130" hai3="7,5,124,59,44,6,125,135,94,9,54,38,120"/><U81/><E2/><V91/><F123/><W15/><G120/><T26/><D128/><U17/><E34/><V45/><F130/><W112/><G112/><T103/><D75/><U109/><E113/><V77/><F101/><N who="0" m="38986" /><D36/><U110/><E98/><V129/><F129/><W46/><G135/><T122/><D55/><U118/><E118/><V117/><F117/><W23/><G23/><N who="0" m="13671" /><D122/><U115/><E115/><V12/><F3/><W49/><G94/><T71/><D71/><U107/><E107/><V82/><F70/><W106/><G106/><T1/><D1/><U76/><E134/><V4/><F68/><W69/><G69/><T126/><D126/><N who="3" m="48745" /><G38/><T25/><D25/><U29/><E29/><V72/><F114/><W121/><G121/><T0/><D0/><U64/><E64/><V105/><F105/><W88/><G46/><N who="0" m="27863" /><D84/><N who="1" m="48167" /><E127/><V62/><F45/><W56/><G44/><T108/><D108/><N who="1" m="41579" /><E37/><V90/><F62/><W28/><G28/><T111/><D111/><U57/><E57/><V132/><F132/><W119/><G56/><T21/><D99/><AGARI ba="0,0" hai="4,8,12,65,67,72,77,82,83,87,90,91,93,99" machi="99" ten="30,2000,0" yaku="7,1,52,1" doraHai="80" who="2" fromWho="0" sc="200,-20,48,0,412,20,340,0" />
</Scene>
<Scene>
<INIT seed="6,0,0,5,0,133" ten="180,48,432,340" oya="2" hai0="15,35,64,79,98,106,58,76,54,67,2,65,28" hai1="109,66,70,69,83,62,81,73,5,63,80,118,13" hai2="11,130,93,107,8,17,103,85,71,129,40,48,36" hai3="18,114,90,123,39,92,22,12,88,72,49,124,104"/><V86/><F36/><W29/><G39/><T68/><D2/><U25/><E109/><V131/><F71/><W9/><G104/><T59/><D68/><U3/><E118/><V33/><F33/><W31/><G72/><T34/><D59/><U99/><E3/><V84/><F107/><W1/><G123/><T50/><D34/><U128/><E128/><V26/><F103/><W10/><G114/><T24/><D15/><U96/><E73/><V119/><F93/><W110/><G110/><T77/><D106/><U0/><E0/><V74/><F119/><W42/><G124/><T32/><D98/><U75/><E75/><V41/><F74/><W135/><G135/><T127/><D35/><U55/><E25/><V38/><F38/><W46/><G90/><T37/><D37/><U100/><E100/><V122/><F122/><W61/><G61/><T117/><D117/><U16/><E5/><V47/><F40/><W14/><G1/><T7/><D7/><U132/><E132/><V125/><F26/><W57/><G57/><T82/><D82/><U78/><E78/><V97/><F97/><N who="3" m="57479" /><G9/><N who="2" m="3657" /><F17/><AGARI ba="0,0" hai="10,12,14,17,18,22,29,31,42,46,49" m="57479" machi="17" ten="30,2000,0" yaku="8,1,54,1" doraHai="133" who="3" fromWho="2" sc="180,0,48,0,432,-20,340,20" />
</Scene>
<Scene>
<INIT seed="7,0,0,4,4,69" ten="180,48,412,360" oya="3" hai0="36,42,18,30,122,109,2,119,20,115,26,40,66" hai1="57,104,117,9,128,89,124,77,80,8,73,12,7" hai2="110,112,37,48,133,67,123,56,34,125,62,101,118" hai3="98,5,35,108,14,103,97,60,132,114,126,88,13"/><W93/><G35/><T63/><D109/><U99/><E124/><V95/><F110/><W41/><G114/><T22/><D119/><U121/><E117/><V4/><F118/><W23/><G132/><T68/><D2/><U82/><E128/><V54/><F34/><W87/><G108/><T111/><D122/><U79/><E121/><V76/><F37/><W61/><G126/><T19/><D111/><U59/><E104/><V92/><F133/><W129/><G129/><T51/><D36/><U85/><E99/><N who="2" m="59623" /><F112/><W6/><G41/><T38/><D38/><U15/><E89/><V74/><F74/><W27/><G97/><T70/><D70/><U43/><E43/><V16/><F125/><W135/><G135/><T49/><D115/><U24/><E24/><V94/><F4/><N who="3" m="1643" /><G14/><T127/><D127/><U65/><E7/><V113/><F113/><W131/><G13/><T107/><D107/><U120/><E120/><V45/><F123/><W91/><G131/><T21/><D42/><U64/><REACH who="1" step="1"/><E73/><REACH who="1" ten="180,38,412,360" step="2"/><V33/><F33/><W84/><G91/><T3/><D40/><U78/><E78/><V47/><F76/><W55/><G88/><T31/><D3/><U52/><E52/><V83/><F54/><W28/><G55/><T10/><D26/><U46/><E46/><V100/><F45/><W116/><G116/><T72/><D72/><U58/><E58/><V134/><F47/><W86/><AGARI ba="0,1" hai="23,27,28,60,61,84,86,87,93,98,103" m="1643" machi="86" ten="30,1500,0" yaku="8,1" doraHai="69" who="3" fromWho="3" sc="180,-5,38,-5,412,-5,360,25" />
</Scene>
<Scene>
<INIT seed="7,1,0,3,2,30" ten="175,33,407,385" oya="3" hai0="18,31,130,121,28,64,88,42,62,117,102,98,115" hai1="134,126,77,132,78,50,9,112,110,66,87,1,97" hai2="86,76,4,55,90,89,71,75,6,85,111,26,48" hai3="45,60,105,131,120,119,8,91,100,94,125,36,84"/><W29/><G120/><T47/><D117/><U106/><E66/><V92/><F111/><W5/><G119/><T37/><D121/><U56/><E1/><V57/><F71/><W11/><G131/><T69/><D130/><U44/><E56/><V46/><F75/><W123/><G123/><T101/><D101/><U21/><E21/><V95/><F76/><W70/><G125/><T43/><D115/><U34/><E9/><V23/><F46/><W128/><G128/><T104/><D43/><U20/><E20/><V3/><F3/><W107/><G29/><AGARI ba="1,0" hai="4,6,23,26,29,48,55,57,85,86,89,90,92,95" machi="29" ten="30,3900,0" yaku="7,1,9,1,8,1" doraHai="30" who="2" fromWho="3" sc="175,0,33,0,407,42,385,-42" owari="175,-22.0,33,-47.0,449,55.0,343,14.0" />
</Scene>
</mjloggm>