<mjloggm ver="2.3"><GO type="169" lobby="0"/><UN n0="%E3%81%BE%E3%82%8B" n1="%74%61%6B%75%61%6B%61" n2="%E5%A4%AA%E3%81%8F%E3%81%AA%E3%81%84%E3%81%8A" n3="%66%75%6B%75%30%32" dan="16,16,17,16" rate="2055.63,2083.22,2234.50,2098.06" sx="M,M,M,M"/><TAIKYOKU oya="0"/>

<Scene>
<INIT seed="0,0,0,1,5,66" ten="250,250,250,250" oya="0" hai0="38,128,15,34,20,14,81,9,112,120,101,31,109" hai1="28,121,73,132,78,129,96,29,49,64,98,43,7" hai2="68,40,5,100,56,39,30,50,32,24,91,18,27" hai3="111,88,95,97,87,105,89,115,51,59,125,17,70"/><T4/><D38/><U134/><E121/><V53/><F100/><W123/><G115/><T33/><D101/><U74/><E7/><V107/><F107/><W82/><G123/><T52/><D120/><U63/><E129/><V72/><F72/><N who="1" m="27753" /><E78/><V22/><F5/><W44/><G111/><T80/><D128/><U118/><E49/><V92/><F39/><W61/><G125/><T124/><D124/><U26/><E43/><V55/><F40/><W117/><G117/><T99/><D109/><U86/><E86/><V2/><F2/><W126/><G126/><T65/><D65/><U102/><E96/><V21/><F32/><W60/><G105/><T8/><D112/><U10/><E10/><V79/><F79/><W85/><G17/><T41/><D41/><U116/><E98/><V67/><F53/><N who="3" m="29927" /><G70/><T62/><D99/><U58/><E102/><V16/><F30/><N who="1" m="11881" /><E26/><V83/><F83/><N who="0" m="31818" /><D34/><U131/><E131/><V12/><F12/><W94/><G97/><T36/><D33/><U75/><E75/><V48/><F67/><N who="3" m="39327" /><G82/><T42/><D36/><U3/><E3/><V23/><F23/><W6/><G6/><N who="0" m="3351" /><D42/><U113/><E113/><V45/><F92/><W103/><G103/><T119/><D119/><U130/><E130/><V106/><F106/><W108/><G108/><T127/><D127/><U90/><E90/><V19/><F91/><W77/><G77/><T114/><D114/><U122/><E122/><V71/><F19/><W13/><G13/><T76/><D76/><U69/><E69/><V11/><F11/><W25/><G25/><N who="0" m="16807" /><D62/><AGARI ba="0,0" hai="61,62,85,87,88,89,94,95" m="39327,29927" machi="62" ten="30,2000,0" yaku="8,1,54,1" doraHai="66" who="3" fromWho="0" sc="250,-20,250,0,250,0,250,20" />
</Scene>
<Scene>
<INIT seed="1,0,0,0,4,18" ten="230,250,250,270" oya="1" hai0="80,12,25,23,86,57,19,30,53,4,101,45,48" hai1="71,87,41,46,117,59,82,106,40,75,113,31,99" hai2="109,104,20,44,115,92,78,56,72,108,76,9,55" hai3="129,95,50,0,5,52,42,21,36,22,69,34,124"/><U54/><E117/><V126/><F104/><W90/><G34/><T39/><D101/><U70/><E113/><V114/><F126/><W68/><G124/><T131/><D4/><U105/><E75/><V35/><F35/><W121/><G121/><T103/><D103/><U33/><E33/><V6/><F44/><W102/><G102/><T67/><D131/><U16/><E31/><V64/><F64/><W65/><G129/><T58/><D67/><U27/><E99/><V17/><F92/><W96/><G42/><T77/><REACH who="0" step="1"/><D39/><REACH who="0" ten="220,250,250,270" step="2"/><U66/><E66/><V74/><F6/><W120/><G36/><T91/><D91/><U7/><E7/><V132/><F114/><W43/><G65/><T118/><D118/><U85/><E105/><V100/><F100/><W122/><G122/><T47/><D47/><U88/><E106/><V110/><F115/><W11/><G120/><T79/><D79/><N who="1" m="46303" /><E46/><V119/><F119/><W94/><G5/><T32/><AGARI ba="0,1" hai="12,19,23,25,30,32,45,48,53,57,58,77,80,86" machi="32" ten="20,8000,1" yaku="1,1,0,1,7,1,52,1,53,1" doraHai="18" doraHaiUra="10" who="0" fromWho="0" sc="220,90,250,-40,250,-20,270,-20" />
</Scene>
<Scene>
<INIT seed="2,0,0,3,0,62" ten="310,210,230,250" oya="2" hai0="91,101,112,89,126,31,50,49,16,20,132,38,104" hai1="67,135,130,123,56,106,5,107,37,72,76,90,36" hai2="105,68,55,118,115,109,65,61,66,122,53,24,111" hai3="43,54,94,12,81,7,57,40,34,127,59,71,48"/><V110/><F105/><N who="1" m="39945" /><E56/><V131/><F122/><W52/><G71/><T2/><D38/><N who="1" m="14955" /><E5/><V80/><F131/><W69/><G69/><T133/><D112/><U45/><E45/><V33/><F115/><W58/><G34/><T86/><D31/><U88/><E76/><V119/><F80/><W18/><G127/><T129/><D126/><U102/><E102/><V26/><F66/><W19/><G81/><T103/><D129/><U22/><E22/><V1/><F1/><W0/><G0/><T113/><D113/><U6/><E6/><V3/><F3/><W97/><G7/><T87/><D2/><U125/><E67/><V93/><F93/><W44/><G54/><N who="2" m="20489" /><F33/><W117/><G117/><AGARI ba="0,0" hai="24,26,61,65,68,109,110,111,117,118,119" m="20489" machi="117" ten="40,7700,0" yaku="14,1,10,1,52,1" doraHai="62" who="2" fromWho="3" sc="310,0,210,0,230,77,250,-77" />
</Scene>
<Scene>
<INIT seed="2,1,0,4,2,119" ten="310,210,307,173" oya="2" hai0="32,127,30,113,81,28,100,46,106,12,94,95,1" hai1="6,5,13,96,56,86,88,70,49,69,116,112,90" hai2="64,83,74,21,9,134,105,73,35,93,79,114,45" hai3="63,76,107,40,67,42,58,104,78,124,87,16,36"/><V135/><F35/><W84/><G124/><T130/><D127/><U133/><E112/><V47/><F105/><W11/><G104/><T121/><D113/><U53/><E116/><V129/><F114/><W75/><G107/><T27/><D1/><U29/><E133/><N who="2" m="50699" /><F129/><W120/><G75/><T98/><D130/><U20/><E70/><V85/><F64/><W125/><G125/><T8/><D30/><U61/><E69/><V92/><F21/><W60/><G60/><T99/><D121/><U7/><E96/><V109/><F9/><W0/><G120/><T102/><D106/><U71/><E71/><V97/><F109/><W65/><G65/><T110/><D110/><U128/><E128/><V25/><F25/><W39/><G39/><T55/><D81/><U17/><E29/><V117/><F117/><W52/><G67/><T18/><D55/><U72/><E72/><N who="2" m="27755" /><F93/><W59/><G59/><T15/><D15/><U122/><E122/><V66/><F66/><W132/><G132/><T51/><D51/><U101/><E101/><AGARI ba="1,0" hai="45,47,79,83,85,92,97,101" m="27755,50699" machi="101" ten="30,1500,0" yaku="20,1" doraHai="119" who="2" fromWho="1" sc="310,0,210,-18,307,18,173,0" />
</Scene>
<Scene>
<INIT seed="2,2,0,2,5,42" ten="310,192,325,173" oya="2" hai0="74,16,87,108,47,100,62,6,64,53,14,25,114" hai1="4,3,75,0,133,32,109,44,33,31,40,111,97" hai2="117,58,60,24,130,52,49,41,2,50,8,72,134" hai3="126,80,116,55,93,20,82,96,129,88,132,30,11"/><V38/><F72/><W91/><G116/><T18/><D74/><U85/><E75/><V54/><F117/><W15/><G126/><T17/><D114/><U135/><E85/><V78/><F78/><W34/><G34/><N who="1" m="13418" /><E97/><V9/><F24/><N who="3" m="16647" /><G129/><T67/><D100/><U99/><E99/><V21/><F21/><W103/><G132/><N who="1" m="50762" /><E31/><V26/><F26/><W94/><G55/><T121/><D121/><U92/><E92/><V23/><F23/><W7/><G103/><T5/><D25/><U35/><N who="1" m="13426" /><U29/><DORA hai="46" /><E29/><V118/><F134/><W69/><G69/><T101/><D101/><U120/><E120/><V90/><F118/><W13/><G13/><T79/><D14/><U106/><E106/><V66/><F130/><W1/><G1/><N who="1" m="586" /><E4/><V19/><F2/><W84/><AGARI ba="2,0" hai="7,11,15,80,82,84,88,91,93,94,96" m="16647" machi="84" ten="30,2000,0" yaku="8,1,54,1" doraHai="42,46" who="3" fromWho="3" sc="310,-7,192,-7,325,-12,173,26" />
</Scene>
<Scene>
<INIT seed="3,0,0,3,5,132" ten="303,185,313,199" oya="3" hai0="49,15,108,112,118,101,16,70,38,127,36,78,46" hai1="67,25,56,2,96,29,88,90,86,39,82,24,114" hai2="51,134,93,115,23,1,8,27,37,68,80,20,83" hai3="133,105,87,129,95,55,12,34,111,113,59,103,17"/><W40/><G34/><T104/><D118/><U74/><E114/><V44/><F68/><W121/><G113/><T32/><D112/><U21/><E2/><V91/><F37/><W14/><G121/><T100/><D32/><U62/><E74/><V45/><F115/><W130/><G133/><T81/><D70/><U89/><E39/><V116/><F116/><W94/><G105/><T135/><D135/><U117/><E117/><V76/><F134/><W58/><G40/><T128/><D128/><N who="3" m="49257" /><G111/><T125/><D108/><U122/><E122/><V65/><F65/><W109/><G109/><T123/><D123/><U72/><E72/><V26/><F1/><W124/><G124/><N who="0" m="47691" /><D38/><U13/><E13/><N who="3" m="5226" /><G17/><T53/><D36/><U63/><E63/><V41/><F8/><W52/><G103/><T50/><D50/><U64/><E64/><V60/><F60/><N who="3" m="35911" /><G87/><N who="0" m="48567" /><D104/><U54/><E67/><V22/><F45/><W73/><G73/><T47/><D47/><U69/><E69/><V106/><F106/><W7/><G7/><T11/><AGARI ba="0,0" hai="11,15,16,46,49,53,100,101" m="48567,47691" machi="11" ten="30,8000,1" yaku="18,1,52,3,54,1" doraHai="132" who="0" fromWho="0" sc="303,80,185,-20,313,-20,199,-40" />
</Scene>
<Scene>
<INIT seed="4,0,0,4,0,16" ten="383,165,293,159" oya="0" hai0="50,10,85,53,26,102,106,54,127,22,34,76,58" hai1="3,46,103,30,118,23,97,72,92,52,69,56,67" hai2="42,32,19,100,11,74,29,15,79,108,98,88,91" hai3="7,20,73,9,41,112,80,61,117,126,1,38,12"/><T45/><D127/><U64/><E118/><V101/><F108/><W66/><G117/><T90/><D76/><U31/><E72/><V71/><F71/><W78/><G126/><T51/><D10/><U114/><E114/><V130/><F42/><W77/><G112/><T75/><D75/><U47/><E3/><V95/><F130/><W43/><G78/><T124/><D34/><U8/><E8/><V33/><F91/><W122/><G122/><T40/><D124/><U93/><E93/><V115/><F115/><W86/><G73/><T4/><D4/><U96/><E96/><V116/><F116/><W109/><G109/><T28/><D40/><U48/><E69/><V131/><F131/><W57/><REACH who="3" step="1"/><G38/><REACH who="3" ten="383,165,293,149" step="2"/><T36/><D36/><U132/><E132/><V134/><F134/><W82/><G82/><N who="0" m="49463" /><D106/><U5/><E5/><V111/><F111/><W119/><G119/><T6/><D6/><U63/><E31/><V49/><F29/><W0/><G0/><T99/><D28/><U135/><E135/><V13/><F74/><W129/><G129/><T2/><D2/><U21/><E30/><V65/><F79/><W60/><G60/><T133/><D133/><U121/><E121/><V128/><F128/><W113/><G113/><T83/><D83/><U59/><REACH who="1" step="1"/><E67/><REACH who="1" ten="383,155,293,149" step="2"/><V107/><F65/><W125/><G125/><T87/><D87/><U55/><E55/><V123/><F123/><W39/><G39/><T84/><D84/><U44/><AGARI ba="0,2" hai="21,23,44,46,47,48,52,56,59,63,64,92,97,103" machi="44" ten="30,12000,2" yaku="1,1,0,1,8,1,52,2,54,1,53,0" doraHai="16" doraHaiUra="25" who="1" fromWho="1" sc="383,-60,155,140,293,-30,149,-30" />
</Scene>
<Scene>
<INIT seed="5,0,0,5,4,67" ten="323,295,263,119" oya="1" hai0="26,135,41,2,92,37,119,99,89,22,52,55,87" hai1="96,95,77,29,43,101,70,32,73,47,117,34,31" hai2="51,81,104,133,127,64,100,111,114,88,72,44,42" hai3="7,21,18,118,13,112,106,65,130,40,75,20,56"/><U90/><E117/><V24/><F111/><W132/><G106/><T102/><D119/><U62/><E34/><V110/><F110/><W19/><G75/><T120/><D120/><U25/><E31/><V124/><F133/><W9/><G118/><T49/><D135/><U115/><E115/><V85/><F114/><W61/><G132/><T80/><D37/><U126/><E126/><N who="2" m="48171" /><F64/><W57/><G112/><T33/><D33/><U98/><E73/><V94/><F24/><W107/><G107/><T63/><D63/><U60/><E77/><N who="2" m="44199" /><F104/><W30/><G130/><T58/><D2/><U74/><E70/><V82/><F100/><W134/><G134/><T35/><D35/><U125/><E74/><V36/><F94/><W123/><G123/><T54/><REACH who="0" step="1"/><D41/><REACH who="0" ten="313,295,263,119" step="2"/><U27/><E125/><V93/><F36/><W48/><G40/><T68/><D68/><U109/><E109/><V97/><F42/><W105/><G61/><T91/><D91/><U128/><E60/><V23/><F51/><W15/><G48/><T122/><D122/><U50/><E62/><V5/><F88/><W16/><G21/><T79/><D79/><U1/><E1/><V86/><F23/><W66/><G20/><T131/><D131/><U39/><E128/><V83/><F44/><W14/><G66/><T0/><D0/><U46/><E39/><V3/><F3/><W8/><G65/><T76/><D76/><U103/><E46/><V108/><F108/><W121/><G121/><T129/><D129/><U28/><E90/><N who="2" m="55479" /><F5/><W17/><N who="3" m="4096" /><DORA hai="69" /><W71/><G7/><T59/><D59/><RYUUKYOKU ba="0,1" sc="313,15,295,-15,263,15,119,-15" hai0="22,26,49,52,54,55,58,80,87,89,92,99,102" hai2="82,83,85,86" />
</Scene>
<Scene>
<INIT seed="6,1,1,0,5,97" ten="328,280,278,104" oya="2" hai0="62,87,104,93,110,32,63,72,98,92,102,9,10" hai1="35,53,22,95,30,13,65,122,12,37,60,3,90" hai2="134,115,116,121,79,130,39,111,52,89,99,64,26" hai3="109,88,58,108,125,31,41,85,27,25,71,44,36"/><V29/><F116/><W49/><G71/><T42/><D110/><U17/><E3/><V19/><F121/><W112/><G125/><T77/><D32/><U100/><E122/><V124/><F39/><W2/><G2/><T129/><D129/><U16/><E37/><V14/><F64/><W57/><G112/><T78/><D42/><U96/><E35/><V75/><F111/><W76/><G76/><N who="0" m="29291" /><D72/><U11/><E30/><V132/><F115/><W74/><G74/><T6/><D104/><U24/><E53/><V94/><F124/><W28/><G28/><T0/><D0/><U59/><E90/><V126/><F126/><W131/><G131/><T38/><D38/><U54/><E54/><V73/><F130/><W1/><G1/><T43/><D43/><U45/><E45/><V114/><F114/><W101/><G101/><T8/><D6/><U48/><E48/><V84/><F52/><W7/><G7/><T117/><D117/><U105/><E105/><V81/><F73/><W127/><G127/><T80/><D93/><U67/><E67/><V103/><F14/><AGARI ba="1,1" hai="11,12,13,14,16,17,22,24,59,60,65,95,96,100" machi="14" ten="40,5200,0" yaku="8,1,52,1,54,1" doraHai="97" who="1" fromWho="2" sc="328,0,280,65,278,-55,104,0" />
</Scene>
<Scene>
<INIT seed="7,0,0,5,0,16" ten="328,345,223,104" oya="3" hai0="112,94,95,90,124,71,78,10,89,110,36,100,88" hai1="56,106,92,54,109,1,2,23,64,63,31,127,67" hai2="121,135,33,55,18,41,76,128,111,114,47,57,45" hai3="83,86,59,102,37,70,40,105,81,103,104,85,129"/><W29/><G70/><T99/><D71/><U134/><E109/><V120/><F33/><W73/><G29/><T58/><D36/><U62/><E106/><N who="3" m="41066" /><G59/><T13/><D110/><U123/><E123/><N who="2" m="47179" /><F111/><W42/><G37/><T116/><D116/><U22/><E54/><V72/><F114/><W77/><G40/><T17/><D112/><U25/><E127/><V5/><F5/><W91/><G42/><T24/><D124/><U87/><E134/><V113/><F113/><W20/><G20/><N who="0" m="13327" /><D78/><U107/><E107/><V3/><F3/><W7/><G7/><N who="0" m="3295" /><D58/><N who="1" m="36951" /><E2/><V11/><F135/><W0/><G0/><T118/><D118/><U122/><E122/><V84/><F41/><W61/><G61/><T28/><D28/><U38/><E1/><V101/><F47/><W60/><G60/><T34/><D34/><U30/><E38/><V48/><F45/><W133/><G133/><T93/><AGARI ba="0,0" hai="88,89,90,93,94,95,99,100" m="3295,13327" machi="93" ten="30,4000,0" yaku="8,1,52,1,54,1" doraHai="16" who="0" fromWho="0" sc="328,40,345,-10,223,-10,104,-20" owari="368,47.0,335,14.0,213,-19.0,84,-42.0" />
</Scene>
</mjloggm>