<mjloggm ver="2.3"><GO type="169" lobby="0"/><UN n0="%E3%81%82%E3%81%B2%E3%82%8B%E3%81%95%E3%82%93" n1="%E5%A4%AA%E3%81%8F%E3%81%AA%E3%81%84%E3%81%8A" n2="%E3%81%92%E3%82%93%E3%81%9F%E3%82%8D%EF%BD%9E" n3="%53%69%6D%6F%6F%6E" dan="16,17,17,17" rate="2030.13,2174.36,2150.43,2152.76" sx="M,M,M,M"/><TAIKYOKU oya="0"/>

<Scene>
<INIT seed="0,0,0,4,0,60" ten="250,250,250,250" oya="0" hai0="131,122,34,94,57,77,55,80,108,84,117,3,29" hai1="71,45,118,35,67,92,63,104,70,103,91,69,74" hai2="10,98,68,114,30,72,119,115,99,132,82,62,19" hai3="96,24,75,37,64,52,6,133,28,81,38,89,27"/><T130/><D117/><U58/><E118/><V124/><F119/><W43/><G133/><T85/><D122/><U111/><E35/><V39/><F132/><W100/><G6/><T18/><D3/><U16/><E74/><V41/><F30/><W40/><G27/><T135/><D135/><U120/><E120/><V9/><F124/><W83/><G75/><T50/><D29/><U11/><E111/><V88/><F41/><W126/><G126/><T20/><D34/><U106/><E103/><V13/><F39/><W0/><G0/><T8/><D8/><U56/><E45/><V48/><F48/><W134/><G134/><T26/><D108/><U61/><E11/><V102/><F10/><W125/><G125/><T73/><REACH who="0" step="1"/><D94/><REACH who="0" ten="240,250,250,250" step="2"/><U121/><E121/><V113/><F113/><W78/><G28/><T21/><D21/><U53/><REACH who="1" step="1"/><E16/><REACH who="1" ten="240,240,250,250" step="2"/><V127/><F127/><W105/><G24/><T23/><D23/><U129/><E129/><AGARI ba="0,2" hai="18,20,26,50,55,57,73,77,80,84,85,129,130,131" machi="129" ten="40,7700,0" yaku="1,1,19,1,53,1" doraHai="60" doraHaiUra="49" who="0" fromWho="1" sc="240,97,240,-77,250,0,250,0" />
</Scene>
<Scene>
<INIT seed="0,1,0,4,4,130" ten="337,163,250,250" oya="0" hai0="102,37,42,41,72,16,17,104,32,3,35,36,20" hai1="57,135,62,114,115,110,9,66,77,112,75,19,132" hai2="97,15,26,22,31,88,73,10,100,83,40,23,48" hai3="56,126,58,81,38,5,28,6,64,108,68,133,76"/><T55/><D72/><U29/><E110/><V7/><F73/><W14/><G38/><T98/><D3/><U67/><E29/><V120/><F120/><W25/><G108/><T34/><D37/><U107/><E107/><V117/><F117/><W21/><G126/><T47/><D42/><U49/><E66/><V89/><F83/><W103/><G68/><T86/><D20/><U53/><E77/><V95/><REACH who="2" step="1"/><F23/><REACH who="2" ten="337,163,240,250" step="2"/><W80/><G80/><T101/><D34/><U87/><E75/><V118/><F118/><W11/><G81/><T45/><D32/><U52/><E87/><V129/><F129/><W116/><G116/><T24/><D86/><U12/><REACH who="1" step="1"/><E53/><REACH who="1" ten="337,153,240,250" step="2"/><V127/><F127/><W90/><G76/><T69/><D55/><U51/><E51/><V18/><F18/><W84/><G84/><T46/><D16/><U78/><E78/><V121/><F121/><W85/><G85/><T54/><D17/><U119/><E119/><V1/><F1/><W93/><G28/><T44/><D54/><U128/><E128/><V96/><F96/><W2/><G2/><T99/><D98/><U33/><E33/><V131/><F131/><W134/><G6/><T13/><D35/><U39/><E39/><V71/><F71/><AGARI ba="1,2" hai="9,12,19,49,52,57,62,67,71,112,114,115,132,135" machi="71" ten="40,8000,1" yaku="1,1,11,1,52,2,54,1,53,0" doraHai="130" doraHaiUra="30" who="1" fromWho="2" sc="337,0,153,103,240,-83,250,0" />
</Scene>
<Scene>
<INIT seed="1,0,0,3,0,92" ten="337,256,157,250" oya="1" hai0="119,53,106,5,17,108,62,87,35,113,72,129,69" hai1="95,105,99,43,125,46,93,115,12,110,51,86,118" hai2="7,2,3,8,126,48,45,114,111,82,103,9,100" hai3="39,130,61,101,67,134,30,44,74,42,47,135,4"/><U49/><E115/><V64/><F114/><W25/><G74/><T84/><D17/><U94/><E118/><V132/><F111/><W59/><G130/><T124/><D53/><U0/><E0/><V85/><F132/><N who="3" m="50731" /><G4/><T14/><D14/><U22/><E125/><V97/><F126/><W16/><G101/><T91/><D5/><U24/><E110/><V20/><F9/><W71/><G47/><T36/><D62/><U79/><E105/><V78/><F64/><W89/><G89/><T96/><D87/><U133/><E133/><V131/><F131/><W23/><G30/><T117/><D69/><AGARI ba="0,0" hai="16,23,25,39,42,44,59,61,67,69,71" m="50731" machi="69" ten="30,2000,0" yaku="20,1,54,1" doraHai="92" who="3" fromWho="0" sc="337,-20,256,0,157,0,250,20" />
</Scene>
<Scene>
<INIT seed="2,0,0,0,1,96" ten="317,256,157,270" oya="2" hai0="10,130,37,66,82,38,114,106,118,40,112,2,24" hai1="87,4,23,119,90,126,54,56,133,101,20,55,98" hai2="74,70,17,91,108,3,63,121,12,80,50,34,132" hai3="30,44,110,103,111,43,9,0,128,117,65,57,19"/><V69/><F3/><W123/><G117/><T129/><D66/><U35/><E35/><V135/><F121/><W78/><G123/><T131/><D24/><U124/><E4/><V41/><F34/><W51/><G30/><T39/><D82/><N who="1" m="49527" /><E119/><V94/><F108/><N who="3" m="41515" /><G78/><T95/><D118/><U92/><E133/><N who="2" m="51275" /><F63/><N who="3" m="38127" /><G128/><T52/><D106/><U46/><E46/><N who="2" m="25935" /><F80/><W99/><G19/><T27/><D40/><U105/><E55/><V134/><F74/><W53/><G9/><T73/><D73/><U122/><E122/><V13/><N who="2" m="51283" /><V45/><DORA hai="75" /><F45/><W79/><G79/><T120/><D120/><U77/><E77/><V7/><F7/><W42/><G0/><T113/><D2/><U32/><E32/><V6/><F6/><W107/><AGARI ba="0,0" hai="42,43,44,51,53,99,103,107" m="38127,41515" machi="107" ten="30,2000,0" yaku="14,1,52,1" doraHai="96,75" who="3" fromWho="3" sc="317,-5,256,-5,157,-10,270,20" />
</Scene>
<Scene>
<INIT seed="3,0,0,2,0,66" ten="312,251,147,290" oya="3" hai0="3,35,25,101,62,17,83,63,100,33,68,133,94" hai1="119,59,0,64,2,72,112,79,70,18,117,126,125" hai2="6,22,14,121,38,116,40,123,43,86,81,47,127" hai3="109,46,131,12,90,114,48,76,88,16,77,28,106"/><W29/><G114/><T8/><D133/><U41/><E59/><V1/><F116/><N who="1" m="44617" /><E112/><V73/><F127/><N who="1" m="48649" /><E41/><V44/><F73/><W7/><G106/><T71/><D83/><N who="1" m="45543" /><E18/><V95/><F95/><W34/><G7/><T115/><D94/><U56/><E56/><V103/><F103/><W135/><G135/><T99/><D17/><U30/><E30/><N who="3" m="11882" /><G34/><T49/><D115/><U20/><E20/><V42/><F1/><W128/><G109/><T9/><D3/><U58/><E58/><V26/><F26/><W54/><G77/><T111/><D25/><U27/><E27/><V24/><F24/><W87/><G76/><T132/><D132/><U113/><E113/><V53/><F53/><W124/><G124/><T93/><D93/><U85/><E85/><V65/><F65/><W91/><G87/><T32/><D35/><U92/><E92/><V31/><F31/><W80/><G80/><T57/><D57/><U51/><E51/><N who="2" m="27015" /><F43/><W52/><G54/><T75/><D49/><U36/><E36/><V60/><F60/><AGARI ba="0,0" hai="0,2,60,64,70" m="45543,48649,44617" machi="60" ten="30,7700,0" yaku="12,1,18,1,23,1,52,1" doraHai="66" who="1" fromWho="2" sc="312,0,251,77,147,-77,290,0" />
</Scene>
<Scene>
<INIT seed="4,0,0,2,1,52" ten="312,328,70,290" oya="0" hai0="23,134,82,133,6,79,118,103,78,135,5,21,110" hai1="123,15,12,38,51,93,32,85,90,84,69,107,92" hai2="22,50,46,124,117,115,37,49,129,102,111,25,65" hai3="108,45,126,36,74,113,60,77,128,98,57,10,70"/><T104/><D118/><U18/><E38/><V125/><F111/><W73/><G108/><T16/><D110/><U44/><E107/><V3/><F3/><W80/><G70/><T43/><D43/><U114/><E123/><V14/><F117/><W71/><G71/><T94/><D104/><U58/><E69/><V47/><F115/><W42/><G113/><T106/><D106/><U105/><E105/><V120/><F120/><W100/><G128/><T7/><D23/><U97/><E32/><V17/><F129/><W130/><G126/><N who="2" m="48745" /><F102/><W40/><G40/><T101/><D94/><U83/><E114/><V96/><F96/><W87/><G10/><T72/><REACH who="0" step="1"/><D79/><REACH who="0" ten="302,328,70,290" step="2"/><U88/><E93/><V54/><F37/><W76/><G76/><T89/><D89/><U30/><E90/><V62/><F25/><AGARI ba="0,1" hai="5,6,7,16,21,25,72,78,82,101,103,133,134,135" machi="25" ten="50,9600,0" yaku="1,1,20,1,54,1,53,0" doraHai="52" doraHaiUra="109" who="0" fromWho="2" sc="302,106,328,0,70,-96,290,0" owari="408,51.0,328,13.0,-26,-53.0,290,-11.0" />
</Scene>
</mjloggm>