<mjloggm ver="2.3"><GO type="169" lobby="0"/><UN n0="%E3%83%81%E3%83%A5%E3%83%AB%E3%82%B9" n1="%E5%A4%AA%E3%81%8F%E3%81%AA%E3%81%84%E3%81%8A" n2="%E3%82%A8%E3%83%83%E3%83%95%E3%82%A7%E3%83%AB%E5%A1%94" n3="%E6%9A%97%E3%81%84%E7%AC%A6" dan="16,17,16,16" rate="2125.71,2199.66,2119.07,2035.98" sx="M,F,M,M"/><TAIKYOKU oya="0"/>

<Scene>
<INIT seed="0,0,0,3,5,107" ten="250,250,250,250" oya="0" hai0="92,16,21,72,13,11,116,35,86,40,46,132,55" hai1="39,29,17,62,47,23,51,31,115,1,37,58,112" hai2="75,128,83,69,130,104,45,131,20,108,65,49,60" hai3="67,36,25,64,48,3,19,53,26,96,8,111,15"/><T109/><D116/><U10/><E1/><V91/><F104/><W42/><G3/><T90/><D35/><U82/><E10/><V0/><F0/><W4/><G36/><N who="1" m="13898" /><E82/><V12/><F108/><W100/><G111/><T93/><D132/><U94/><E94/><V70/><F20/><N who="3" m="13471" /><G42/><T84/><D55/><N who="1" m="34143" /><E17/><V88/><F69/><W125/><G125/><T18/><D72/><U97/><E97/><V7/><F12/><W56/><G26/><T41/><D46/><U127/><E23/><V2/><F7/><W32/><G32/><T80/><D109/><U22/><E22/><V78/><REACH who="2" step="1"/><F2/><REACH who="2" ten="250,250,240,250" step="2"/><W30/><G15/><N who="0" m="9439" /><D93/><U77/><E127/><V43/><AGARI ba="0,1" hai="43,45,49,60,65,70,75,78,83,88,91,128,130,131" machi="43" ten="30,12000,2" yaku="1,1,0,1,19,1,52,1,54,1,53,1" doraHai="107" doraHaiUra="74" who="2" fromWho="2" sc="250,-60,250,-30,240,130,250,-30" />
</Scene>
<Scene>
<INIT seed="1,0,0,4,3,101" ten="190,220,370,220" oya="1" hai0="107,127,48,32,0,88,44,122,112,106,132,68,76" hai1="80,119,125,123,41,115,15,97,40,60,47,23,58" hai2="37,64,45,9,95,2,121,134,63,129,50,128,90" hai3="110,118,135,109,16,14,87,83,77,78,31,10,27"/><U103/><E115/><V99/><F121/><W131/><G135/><T130/><RYUUKYOKU type="yao9" ba="0,0" sc="190,0,220,0,370,0,220,0" hai0="0,32,44,48,68,76,88,106,107,112,122,127,130,132" />
</Scene>
<Scene>
<INIT seed="1,1,0,5,3,78" ten="190,220,370,220" oya="1" hai0="123,54,40,127,131,100,29,14,104,37,76,45,91" hai1="26,73,87,98,70,55,106,116,35,58,96,75,93" hai2="88,66,102,13,60,129,118,44,1,133,61,68,112" hai3="82,132,85,20,33,23,53,5,134,120,2,130,28"/><U59/><E70/><V114/><F1/><W4/><G120/><T107/><D29/><U12/><E116/><V97/><F118/><W25/><G53/><T7/><D131/><U31/><E12/><V115/><F129/><W72/><G72/><T21/><D127/><U94/><E106/><V41/><F133/><N who="3" m="51307" /><G130/><T57/><D76/><U84/><E55/><V125/><F125/><W17/><G2/><T38/><D38/><U15/><E15/><V63/><F13/><N who="3" m="9263" /><G33/><T119/><D119/><U74/><E59/><V121/><F121/><W128/><G128/><T103/><D123/><U48/><E58/><V6/><F6/><W79/><AGARI ba="1,0" hai="4,5,23,25,28,79,82,85" m="9263,51307" machi="79" ten="30,2000,0" yaku="20,1,52,1" doraHai="78" who="3" fromWho="3" sc="190,-6,220,-11,370,-6,220,23" />
</Scene>
<Scene>
<INIT seed="2,0,0,0,4,46" ten="184,209,364,243" oya="2" hai0="111,86,129,87,10,44,71,16,64,72,61,135,94" hai1="103,79,82,22,42,65,99,45,37,128,97,130,124" hai2="57,38,101,17,50,14,18,108,78,34,24,91,116" hai3="89,131,56,110,48,120,15,8,106,133,123,74,33"/><V53/><F38/><W66/><G33/><T29/><D111/><U119/><E119/><V30/><F108/><W84/><G74/><T39/><D135/><U47/><E124/><V26/><F116/><W77/><G106/><T109/><D109/><U80/><E65/><V100/><F78/><W32/><G32/><T73/><D29/><U114/><E114/><V121/><F121/><W21/><G77/><T12/><D129/><N who="1" m="49771" /><E22/><V132/><F132/><W69/><G133/><T0/><D0/><U95/><E79/><V35/><F18/><W92/><G110/><T51/><D39/><N who="1" m="21727" /><E99/><V54/><F91/><W13/><G131/><T76/><D87/><U105/><E105/><V134/><F134/><W31/><G69/><T23/><D23/><U85/><E85/><V36/><F36/><W52/><G66/><T112/><D112/><U107/><E107/><V117/><F117/><W2/><G2/><T127/><D127/><U28/><E28/><V40/><F40/><AGARI ba="0,0" hai="37,40,47,80,82,95,97,103" m="21727,49771" machi="40" ten="30,1000,0" yaku="19,1" doraHai="46" who="1" fromWho="2" sc="184,0,209,10,364,-10,243,0" />
</Scene>
<Scene>
<INIT seed="3,0,0,3,1,69" ten="184,219,354,243" oya="3" hai0="56,0,114,40,93,49,116,17,122,102,65,34,15" hai1="71,100,23,60,24,58,31,1,61,109,66,20,83" hai2="118,131,91,76,85,6,90,43,107,108,110,14,72" hai3="26,84,53,103,94,105,12,123,44,111,51,41,133"/><W55/><G105/><T106/><D122/><U81/><E1/><V46/><F118/><W88/><G123/><T38/><D0/><U101/><E109/><V11/><F107/><W39/><G103/><T127/><D116/><U32/><E101/><V82/><F131/><W75/><G75/><T45/><D34/><U97/><E23/><V126/><F126/><W9/><G111/><N who="2" m="42537" /><F72/><W57/><G133/><T132/><D132/><U2/><E2/><V77/><F77/><W92/><G26/><T112/><D127/><U8/><E8/><V113/><F113/><N who="0" m="43626" /><D106/><N who="1" m="63759" /><E20/><V87/><F85/><W42/><G42/><T54/><D65/><AGARI ba="0,0" hai="24,31,32,58,60,61,65,66,71,81,83" m="63759" machi="65" ten="30,1000,0" yaku="25,1" doraHai="69" who="1" fromWho="0" sc="184,-10,219,10,354,0,243,0" />
</Scene>
<Scene>
<INIT seed="4,0,0,3,5,131" ten="174,229,354,243" oya="0" hai0="96,130,7,45,73,128,69,94,123,109,58,115,127" hai1="81,97,65,39,64,43,32,53,108,107,66,37,61" hai2="15,42,10,133,5,119,44,18,13,41,134,1,110" hai3="101,12,114,60,95,51,63,56,2,78,99,28,120"/><T103/><D69/><U25/><E108/><V77/><F110/><W100/><G2/><T16/><D109/><U11/><E11/><V88/><F77/><W79/><G114/><T102/><D123/><U38/><E81/><V9/><F119/><W90/><G120/><T0/><D115/><U83/><E83/><V4/><F88/><W23/><G60/><T105/><D73/><U31/><E43/><V104/><F104/><W89/><G89/><T68/><D68/><N who="1" m="41999" /><E53/><V129/><F129/><N who="0" m="49770" /><D127/><U86/><E86/><V76/><F76/><N who="3" m="29227" /><G51/><T91/><D45/><U40/><E40/><V132/><F44/><W72/><G72/><T84/><D103/><AGARI ba="0,0" hai="25,31,32,37,38,39,65,66,97,103,107" m="41999" machi="103" ten="30,1000,0" yaku="25,1" doraHai="131" who="1" fromWho="0" sc="174,-10,229,10,354,0,243,0" />
</Scene>
<Scene>
<INIT seed="5,0,0,4,0,124" ten="164,239,354,243" oya="1" hai0="118,105,134,80,68,10,110,113,30,101,13,71,4" hai1="28,131,85,43,66,121,34,81,127,6,46,87,100" hai2="128,78,23,16,97,52,99,102,63,42,20,54,104" hai3="84,114,64,27,19,109,44,65,126,92,123,86,74"/><U40/><E121/><V12/><F42/><W58/><G74/><T111/><D118/><U90/><E127/><V55/><F128/><W93/><G126/><T129/><D30/><U22/><E34/><V32/><F32/><W36/><G36/><T83/><D113/><U45/><E6/><V103/><F78/><W14/><G123/><T15/><D134/><U91/><E100/><V47/><F23/><W107/><G107/><T89/><D89/><U120/><E120/><V31/><F31/><W88/><G44/><N who="1" m="17002" /><E66/><V3/><F3/><W132/><G114/><T95/><D95/><N who="1" m="54735" /><E131/><V37/><F37/><W57/><G132/><T125/><D125/><U48/><E48/><V1/><F1/><W7/><G7/><T122/><D4/><U51/><E51/><V21/><F47/><W33/><G33/><T60/><D101/><U96/><E96/><V76/><F76/><W17/><G109/><T49/><D49/><U18/><E28/><V25/><F63/><W53/><G27/><AGARI ba="0,0" hai="18,22,27,40,43,81,87,91" m="54735,17002" machi="27" ten="30,1500,0" yaku="8,1" doraHai="124" who="1" fromWho="3" sc="164,0,239,15,354,0,243,-15" />
</Scene>
<Scene>
<INIT seed="5,1,0,4,3,69" ten="164,254,354,228" oya="1" hai0="50,121,5,133,77,127,78,45,4,95,32,87,116" hai1="60,74,48,85,98,44,42,36,55,79,49,7,8" hai2="9,90,112,6,57,10,80,38,96,61,111,125,68" hai3="94,132,19,56,73,70,37,12,128,1,39,28,64"/><U62/><E98/><V27/><F68/><W108/><G73/><T135/><D116/><U120/><E120/><V81/><F38/><W105/><G1/><T109/><D109/><U104/><E104/><V26/><F111/><W43/><G105/><T0/><D127/><U118/><E118/><V33/><F125/><W34/><G43/><T46/><D32/><U40/><E40/><V51/><F51/><W58/><G70/><T131/><D131/><U15/><E74/><V114/><F33/><W107/><G107/><T35/><D35/><U124/><E124/><V134/><F134/><W2/><G2/><T54/><D121/><U92/><E36/><V84/><F81/><W119/><G132/><N who="0" m="50763" /><D46/><N who="1" m="28087" /><E92/><V59/><F96/><W22/><G94/><T91/><D0/><U72/><E72/><V3/><F10/><W53/><G119/><T30/><D30/><U117/><E117/><V86/><F86/><W123/><G108/><T20/><D20/><U130/><E130/><V11/><F11/><W76/><G128/><T66/><D66/><U106/><E106/><V52/><REACH who="2" step="1"/><F59/><REACH who="2" ten="164,254,344,228" step="2"/><W126/><G58/><T65/><D65/><U103/><E85/><V89/><F89/><W93/><G64/><T21/><D21/><U67/><E79/><AGARI ba="1,1" hai="4,5,45,50,54,77,78,79,87,91,95" m="50763" machi="79" ten="30,1000,0" yaku="20,1" doraHai="69" who="0" fromWho="1" sc="164,23,254,-13,344,0,228,0" />
</Scene>
<Scene>
<INIT seed="6,0,0,0,2,20" ten="187,241,344,228" oya="2" hai0="102,67,31,15,52,86,124,36,94,76,63,45,34" hai1="38,114,87,99,44,55,62,5,82,105,32,123,1" hai2="122,57,41,19,120,129,3,113,106,130,0,21,119" hai3="65,58,125,84,39,24,7,107,6,73,8,128,80"/><V97/><F41/><W9/><G39/><T2/><D2/><N who="2" m="554" /><F119/><W69/><G69/><T50/><D124/><U46/><E32/><V48/><F48/><W112/><G107/><T132/><D132/><U117/><E117/><V98/><F57/><W83/><G73/><T81/><D15/><U68/><E38/><V26/><F106/><W61/><G125/><T27/><D36/><U134/><E5/><V70/><F70/><W59/><G128/><N who="2" m="49257" /><F113/><W118/><G118/><T29/><D29/><U42/><E42/><V116/><F116/><W40/><G40/><T66/><REACH who="0" step="1"/><D63/><REACH who="0" ten="177,241,344,228" step="2"/><U131/><E62/><V22/><F122/><W17/><G112/><T60/><D60/><U95/><E114/><V101/><F120/><W23/><G6/><T85/><D85/><U96/><E87/><V35/><F35/><W43/><G7/><T88/><D88/><U133/><E123/><V28/><F101/><W11/><G83/><T90/><D90/><U74/><E82/><V111/><F111/><W121/><G121/><T47/><D47/><U33/><E46/><V77/><F77/><W37/><G37/><T110/><D110/><U100/><E44/><V89/><F89/><N who="3" m="51335" /><G59/><T71/><D71/><U108/><E131/><V16/><F28/><N who="3" m="17439" /><G43/><T56/><D56/><U79/><E68/><V127/><F127/><W104/><G58/><T103/><D103/><U10/><E100/><V72/><F72/><W92/><G61/><T51/><D51/><U12/><E74/><V30/><F30/><W14/><G14/><AGARI ba="0,1" hai="14,16,19,21,22,26,97,98" m="49257,554" machi="14" ten="30,5800,0" yaku="19,1,52,1,54,1" doraHai="20" who="2" fromWho="3" sc="177,0,241,0,344,68,228,-58" />
</Scene>
<Scene>
<INIT seed="6,1,0,5,2,12" ten="177,241,412,170" oya="2" hai0="132,2,135,129,56,23,93,74,114,29,30,58,86" hai1="92,108,128,33,101,100,73,48,41,27,120,65,80" hai2="3,69,21,126,131,24,13,42,61,102,110,54,103" hai3="25,87,90,6,112,8,19,9,118,50,14,95,5"/><V81/><F3/><W89/><G118/><T125/><D74/><U105/><E105/><V63/><F42/><W1/><G50/><T60/><D114/><U53/><E108/><V121/><F13/><W96/><G112/><T124/><D2/><U31/><E41/><V34/><F54/><W82/><G25/><T94/><D86/><U45/><E65/><V47/><F81/><W66/><G66/><T88/><D23/><U127/><E127/><N who="0" m="48713" /><D88/><U40/><E92/><N who="0" m="35433" /><D60/><U78/><E73/><V44/><F21/><W22/><REACH who="3" step="1"/><G22/><REACH who="3" ten="177,241,412,160" step="2"/><T20/><D20/><U67/><E67/><V104/><F126/><W16/><AGARI ba="1,1" hai="1,5,6,8,9,14,16,19,82,87,89,90,95,96" machi="16" ten="30,12000,2" yaku="1,1,2,1,0,1,52,2,54,1,53,1" doraHai="12" doraHaiUra="79" who="3" fromWho="3" sc="177,-31,241,-31,412,-61,160,133" />
</Scene>
<Scene>
<INIT seed="7,0,0,4,2,31" ten="146,210,351,293" oya="3" hai0="9,61,118,112,125,37,50,12,34,121,114,51,65" hai1="7,103,41,43,28,99,120,47,77,6,98,54,29" hai2="38,115,95,39,110,107,2,79,30,26,89,56,84" hai3="87,44,86,24,66,10,27,134,63,19,36,1,71"/><W78/><G78/><T22/><D37/><U106/><E120/><V3/><F107/><W116/><G116/><T93/><D22/><U8/><E77/><V62/><F110/><W104/><G104/><T119/><D93/><U96/><E106/><V49/><F115/><N who="0" m="44074" /><D121/><U91/><E103/><V69/><F69/><W15/><G1/><T45/><D9/><U57/><E91/><V122/><F3/><W74/><G74/><T76/><D12/><N who="1" m="5143" /><E47/><V40/><F2/><W82/><G134/><T97/><D97/><U133/><E7/><V14/><F14/><W135/><G135/><T58/><D76/><U90/><E133/><V21/><F122/><W32/><G36/><T88/><D88/><U94/><E28/><V117/><F117/><N who="0" m="44554" /><D125/><U52/><E29/><V102/><F79/><W4/><G87/><T101/><D101/><U105/><E105/><V42/><F102/><W80/><G86/><T127/><D127/><U5/><E5/><V33/><F38/><W53/><G4/><T70/><D34/><U13/><E13/><V64/><F33/><W124/><G32/><T72/><D72/><U113/><E113/><V83/><F39/><W75/><G75/><T55/><D51/><N who="1" m="30879" /><E99/><N who="2" m="57839" /><F49/><N who="3" m="28839" /><G124/><T20/><D20/><U109/><E98/><V126/><F126/><W108/><G10/><T59/><AGARI ba="0,0" hai="45,50,55,58,59,61,65,70" m="44554,44074" machi="59" ten="40,8000,1" yaku="15,1,11,1,34,2" doraHai="31" who="0" fromWho="0" sc="146,80,210,-20,351,-20,293,-40" owari="226,-17.0,190,-31.0,331,43.0,253,5.0" />
</Scene>
</mjloggm>