<mjloggm ver="2.3"><GO type="169" lobby="0"/><UN n0="%4D%6F%67%65%72%61" n1="%E5%A4%AA%E3%81%8F%E3%81%AA%E3%81%84%E3%81%8A" n2="%E7%A2%BA%E8%AA%8D%E4%BA%8B%E9%A0%85" n3="%E8%A1%80%E7%85%99" dan="16,17,16,16" rate="2100.69,2181.02,2083.71,2041.77" sx="F,F,M,M"/><TAIKYOKU oya="0"/>

<Scene>
<INIT seed="0,0,0,4,4,27" ten="250,250,250,250" oya="0" hai0="8,110,58,69,74,26,23,129,101,25,54,5,86" hai1="90,109,77,61,43,126,28,93,107,111,20,9,76" hai2="35,108,50,121,96,116,39,19,15,38,80,85,33" hai3="113,64,65,10,48,21,83,47,53,46,37,87,24"/><T92/><D69/><U42/><E107/><V51/><F121/><W119/><G113/><T75/><D110/><N who="1" m="41995" /><E126/><V14/><F108/><W127/><G119/><T82/><D129/><U12/><E61/><V1/><F1/><W30/><G127/><T41/><D41/><N who="1" m="15371" /><E20/><V105/><F33/><W78/><G37/><T102/><D25/><U22/><E22/><V128/><F35/><W122/><G122/><T97/><D101/><U70/><E70/><V131/><F105/><W55/><G10/><T117/><D117/><U106/><E106/><V40/><F116/><W13/><G13/><T115/><D115/><U66/><E66/><V7/><F40/><W100/><G100/><T16/><D8/><U18/><E28/><V84/><F7/><W6/><G6/><T94/><D5/><U130/><E130/><V60/><F60/><W79/><G79/><T49/><REACH who="0" step="1"/><D94/><REACH who="0" ten="240,250,250,250" step="2"/><U103/><E103/><V44/><F131/><W73/><G24/><T29/><D29/><U17/><E17/><V125/><F128/><W59/><G30/><T2/><D2/><U72/><E72/><V56/><F19/><W123/><G73/><T4/><D4/><U95/><E95/><V32/><F38/><W99/><G123/><T134/><D134/><U98/><AGARI ba="0,1" hai="9,12,18,76,77,90,93,98" m="15371,41995" machi="98" ten="30,1100,0" yaku="14,1" doraHai="27" who="1" fromWho="1" sc="240,-5,250,21,250,-3,250,-3" />
</Scene>
<Scene>
<INIT seed="1,0,0,3,3,19" ten="235,271,247,247" oya="1" hai0="18,125,11,91,90,49,1,31,22,87,14,36,40" hai1="115,21,94,103,23,105,16,100,102,55,134,74,4" hai2="97,107,79,67,77,86,83,38,68,104,123,114,56" hai3="41,37,132,26,76,111,73,72,24,108,53,33,66"/><U95/><E115/><V15/><F123/><W80/><G132/><T62/><D36/><U10/><E105/><V25/><F38/><W130/><G130/><T71/><D125/><U34/><E34/><V78/><F68/><W101/><G101/><T0/><D90/><U54/><E74/><V84/><F15/><W52/><G73/><T98/><D98/><U117/><E117/><V75/><F67/><W109/><G66/><T96/><D96/><U29/><E134/><V6/><F6/><W116/><G116/><T120/><D120/><U122/><E122/><V39/><F39/><W50/><G37/><T133/><D133/><U7/><E29/><V135/><F135/><W106/><G106/><T45/><D71/><U13/><E7/><V61/><F25/><N who="3" m="9835" /><G33/><T113/><D113/><U119/><E119/><V30/><F30/><W112/><G112/><T128/><D128/><U47/><E4/><V93/><F114/><W127/><G127/><T8/><D1/><U99/><E94/><V32/><F32/><W82/><G82/><T3/><D0/><U59/><E47/><AGARI ba="0,0" hai="41,47,50,52,53,72,76,80,108,109,111" m="9835" machi="47" ten="40,2600,0" yaku="14,1,54,1" doraHai="19" who="3" fromWho="1" sc="235,0,271,-26,247,0,247,26" />
</Scene>
<Scene>
<INIT seed="2,0,0,2,5,45" ten="235,245,247,273" oya="2" hai0="81,123,73,111,67,91,59,126,105,31,76,78,46" hai1="118,54,134,96,27,38,12,83,68,77,70,92,26" hai2="17,14,135,56,10,107,15,43,50,75,6,3,90" hai3="60,53,13,127,72,23,33,1,86,18,80,57,61"/><V102/><F75/><W121/><G127/><T58/><D123/><U16/><E118/><V8/><F135/><W34/><G72/><T116/><D111/><U98/><E38/><V32/><F32/><W132/><G1/><T119/><D126/><U19/><E134/><V120/><F120/><W131/><G132/><T36/><D105/><U101/><E68/><V29/><F29/><W30/><G121/><T35/><D78/><U115/><E70/><V87/><F3/><W106/><G106/><T41/><D67/><U84/><E115/><V11/><F11/><W52/><G131/><T108/><D108/><U104/><E54/><V42/><F102/><W5/><G5/><T110/><D110/><U48/><E48/><V97/><F97/><W21/><G21/><T51/><D36/><U64/><E64/><V94/><REACH who="2" step="1"/><F107/><REACH who="2" ten="235,245,237,273" step="2"/><W112/><G30/><T63/><D31/><U28/><E28/><V114/><F114/><W113/><G34/><T71/><D35/><U65/><E19/><V100/><F100/><W24/><G33/><T20/><D116/><U130/><E130/><V37/><F37/><W85/><G18/><T4/><D119/><U47/><E98/><V2/><F2/><W93/><G113/><T99/><D99/><U89/><E104/><V109/><F109/><W88/><G112/><T69/><D73/><U22/><E101/><V0/><F0/><W82/><G23/><T79/><D20/><U66/><E26/><V39/><F39/><W74/><G24/><T133/><D133/><U7/><E27/><V49/><F49/><W95/><G74/><RYUUKYOKU ba="0,1" sc="235,-10,245,-10,237,30,273,-10" hai2="6,8,10,14,15,17,42,43,50,56,87,90,94" />
</Scene>
<Scene>
<INIT seed="2,1,1,3,0,105" ten="225,235,267,263" oya="2" hai0="49,103,61,16,33,94,39,18,67,42,109,66,112" hai1="134,31,107,47,104,25,102,15,88,72,131,37,133" hai2="80,35,24,52,87,62,1,89,5,124,81,26,118" hai3="121,8,69,91,60,9,130,6,85,119,108,12,122"/><V54/><F118/><W56/><G119/><T14/><D33/><U44/><E131/><V38/><F38/><W126/><G108/><T36/><D109/><U21/><E72/><V117/><F117/><W97/><G69/><T32/><D32/><U41/><E47/><V90/><F124/><W78/><G130/><T43/><D112/><U0/><E0/><V100/><F100/><W4/><G126/><T27/><D27/><U70/><E70/><V50/><F62/><W116/><G116/><T48/><D61/><U110/><E110/><V111/><F111/><W20/><G20/><T46/><D94/><U135/><E102/><V11/><F35/><W17/><G97/><T64/><D103/><U106/><E15/><V7/><F7/><W65/><G78/><T83/><D83/><U74/><E74/><V28/><F28/><W45/><G45/><T77/><D77/><U98/><REACH who="1" step="1"/><E98/><REACH who="1" ten="225,225,267,263" step="2"/><V132/><F1/><W3/><REACH who="3" step="1"/><G6/><REACH who="3" ten="225,225,267,253" step="2"/><T10/><D46/><U99/><E99/><V59/><F5/><W2/><G2/><T53/><D39/><U19/><E19/><V75/><F59/><W96/><G96/><T22/><D36/><U57/><E57/><V82/><F87/><W84/><G84/><T76/><D18/><U115/><E115/><V86/><F86/><W113/><G113/><T40/><D16/><U95/><E95/><AGARI ba="1,3" hai="3,4,8,9,12,17,56,60,65,85,91,95,121,122" machi="95" ten="30,2000,0" yaku="1,1,7,1,53,0" doraHai="105" doraHaiUra="93" who="3" fromWho="1" sc="225,0,225,-23,267,0,253,53" />
</Scene>
<Scene>
<INIT seed="3,0,0,1,2,60" ten="225,202,267,306" oya="3" hai0="102,104,110,118,15,4,68,108,30,85,80,94,28" hai1="52,37,90,35,62,45,42,81,18,135,3,69,124" hai2="76,131,122,93,26,83,32,82,79,43,48,41,39" hai3="13,23,74,12,97,100,117,47,49,51,53,70,58"/><W63/><G74/><T46/><D118/><U87/><E124/><V106/><F106/><W120/><G117/><T127/><D127/><U57/><E135/><V31/><F39/><W34/><G34/><T56/><D68/><U107/><E107/><V54/><F93/><W103/><G120/><T75/><D75/><U88/><E3/><V73/><F131/><W2/><G2/><T11/><D104/><U96/><E35/><V24/><F24/><W134/><G134/><T61/><D46/><U132/><E132/><V99/><F99/><W121/><G121/><T133/><D133/><U92/><E69/><V33/><F33/><W50/><G70/><T95/><D95/><U36/><REACH who="1" step="1"/><E18/><REACH who="1" ten="225,192,267,306" step="2"/><V128/><F122/><W67/><G97/><N who="0" m="59703" /><D110/><U1/><E1/><V8/><F128/><W116/><G116/><T123/><D108/><U16/><E16/><V113/><F32/><W19/><G13/><T10/><D123/><U114/><E114/><V29/><F113/><W21/><G21/><T65/><D11/><U86/><E86/><N who="2" m="48455" /><F8/><W40/><G50/><AGARI ba="0,1" hai="36,37,42,45,50,52,57,62,81,87,88,90,92,96" machi="50" ten="30,7700,0" yaku="1,1,7,1,54,2,53,0" doraHai="60" doraHaiUra="119" who="1" fromWho="3" sc="225,0,192,87,267,0,306,-77" />
</Scene>
<Scene>
<INIT seed="4,0,0,1,2,101" ten="225,279,267,229" oya="0" hai0="58,84,52,4,40,126,21,54,41,16,74,75,80" hai1="99,70,14,89,106,98,34,33,78,61,2,130,30" hai2="42,47,108,56,109,86,43,68,97,50,100,133,59" hai3="73,103,119,53,60,102,55,38,107,111,122,82,127"/><T65/><D126/><U115/><E2/><V83/><F68/><W48/><G111/><T6/><D75/><U64/><E130/><V28/><F43/><N who="0" m="16458" /><D74/><U85/><E78/><V20/><F133/><W104/><G38/><T129/><D65/><U24/><E115/><V31/><F59/><W105/><G119/><T45/><D45/><U72/><E72/><V134/><F134/><W90/><G127/><T125/><D125/><U110/><E110/><V36/><F56/><W114/><G114/><T69/><D69/><U29/><E14/><V3/><F3/><W113/><G113/><T15/><D129/><U46/><E46/><V35/><F35/><W71/><G71/><T117/><D117/><U92/><REACH who="1" step="1"/><E106/><REACH who="1" ten="225,269,267,229" step="2"/><V62/><F47/><W96/><G73/><T118/><D118/><U77/><E77/><V94/><F109/><W49/><G107/><T131/><D131/><U87/><E87/><V88/><F86/><W124/><G124/><T63/><D54/><U17/><E17/><V132/><F108/><W112/><G112/><T57/><D57/><U39/><E39/><V91/><F36/><W135/><G135/><T22/><D22/><U18/><E18/><V128/><F20/><W32/><G32/><T25/><D25/><AGARI ba="0,1" hai="24,25,29,30,33,34,61,64,70,85,89,92,98,99" machi="25" ten="40,8000,1" yaku="1,1,9,1,53,2" doraHai="101" doraHaiUra="23" who="1" fromWho="0" sc="225,-80,269,90,267,0,229,0" />
</Scene>
<Scene>
<INIT seed="5,0,0,2,2,120" ten="145,359,267,229" oya="1" hai0="35,112,19,115,66,106,65,130,108,38,37,33,51" hai1="57,55,18,116,30,121,76,94,132,89,9,34,50" hai2="73,15,83,8,25,48,52,133,5,44,77,53,47" hai3="27,102,93,32,103,24,60,67,123,101,28,87,10"/><U64/><E121/><V125/><F125/><W81/><G123/><T40/><D106/><U21/><E116/><V82/><F133/><W22/><G10/><T113/><D19/><U71/><E132/><V70/><F70/><W59/><G93/><T69/><D130/><U68/><E76/><V12/><F25/><W2/><G2/><T110/><D69/><U117/><E117/><V63/><F83/><W62/><G62/><T36/><D51/><U119/><E9/><V29/><F29/><W13/><G13/><T78/><D78/><U91/><E119/><V128/><F128/><W42/><G42/><T74/><D40/><U1/><E1/><V95/><F95/><W17/><G103/><T11/><D11/><U75/><E75/><V43/><F47/><W85/><G87/><T31/><D74/><U16/><E18/><V92/><F63/><W135/><G135/><T72/><D72/><U26/><E64/><N who="0" m="24681" /><D31/><U49/><E89/><AGARI ba="0,0" hai="17,22,24,27,28,32,59,60,67,81,85,89,101,102" machi="89" ten="30,1000,0" yaku="7,1" doraHai="120" who="3" fromWho="1" sc="145,0,359,-10,267,0,229,10" />
</Scene>
<Scene>
<INIT seed="6,0,0,5,5,124" ten="145,349,267,239" oya="2" hai0="9,22,58,133,121,102,70,77,2,105,109,93,96" hai1="60,131,37,92,112,71,43,6,34,126,42,114,50" hai2="87,128,63,57,117,23,115,10,30,95,48,18,127" hai3="130,88,4,11,47,67,80,81,55,91,41,111,56"/><V134/><F117/><W40/><G130/><T74/><D121/><U100/><E131/><V110/><F128/><W83/><G111/><T89/><D70/><U75/><E75/><V49/><F110/><W106/><G106/><T122/><D109/><U123/><E34/><V45/><F127/><W26/><G26/><T14/><D122/><U17/><E37/><V13/><F115/><N who="1" m="44073" /><E6/><V118/><F118/><W53/><G67/><T39/><D39/><U90/><E100/><V119/><F119/><W62/><G53/><T52/><D133/><U27/><E50/><V135/><F87/><W36/><REACH who="3" step="1"/><G41/><REACH who="3" ten="145,349,267,229" step="2"/><T113/><D113/><U32/><E126/><V64/><F135/><W3/><AGARI ba="0,1" hai="3,4,11,36,40,47,55,56,62,80,81,83,88,91" machi="3" ten="30,7900,0" yaku="1,1,2,1,0,1,54,1,53,0" doraHai="124" doraHaiUra="82" who="3" fromWho="3" sc="145,-20,349,-20,267,-39,229,89" />
</Scene>
<Scene>
<INIT seed="7,0,0,4,5,130" ten="125,329,228,318" oya="3" hai0="24,101,122,95,91,103,19,41,100,12,135,104,14" hai1="5,37,72,99,84,81,64,48,59,34,62,58,32" hai2="42,74,117,82,18,56,22,60,38,123,51,27,36" hai3="93,25,31,105,26,78,66,115,129,67,128,89,39"/><W134/><G134/><T83/><D122/><U17/><E37/><V46/><F123/><W61/><G105/><T57/><D104/><U98/><E72/><V111/><F111/><W8/><G39/><T68/><D68/><U44/><E5/><V126/><F117/><W55/><G78/><T23/><D41/><N who="1" m="24591" /><E34/><V47/><F126/><W87/><G115/><T92/><D83/><U40/><E32/><V35/><F35/><W11/><G55/><T65/><D135/><U86/><E40/><V20/><F47/><W69/><G67/><T116/><D116/><U28/><E28/><V77/><F22/><N who="3" m="15799" /><G26/><T1/><D1/><U132/><E132/><V79/><F79/><W52/><G52/><AGARI ba="0,0" hai="18,20,27,36,38,42,46,51,52,56,60,74,77,82" machi="52" ten="30,2000,0" yaku="7,1,54,1" doraHai="130" who="2" fromWho="3" sc="125,0,329,0,228,20,318,-20" owari="125,-37.0,329,42.0,248,-15.0,298,10.0" />
</Scene>
</mjloggm>