<mjloggm ver="2.3"><GO type="169" lobby="0"/><UN n0="%58%E7%8C%AB" n1="%E5%A3%87%E2%98%86%E8%9C%9C" n2="%E5%A4%AA%E3%81%8F%E3%81%AA%E3%81%84%E3%81%8A" n3="%4D%6F%67%65%72%61" dan="16,16,18,16" rate="2144.81,2101.59,2211.36,2094.63" sx="M,M,M,F"/><TAIKYOKU oya="0"/>

<Scene>
<INIT seed="0,0,0,2,3,29" ten="250,250,250,250" oya="0" hai0="111,28,77,6,112,54,11,65,42,120,14,83,100" hai1="46,22,18,113,74,70,16,99,90,5,66,25,101" hai2="34,62,73,123,125,27,89,49,33,133,87,15,55" hai3="23,61,127,57,121,26,98,4,24,117,8,134,12"/><T69/><D120/><U36/><E74/><V51/><F73/><W116/><G121/><T108/><D112/><U88/><E113/><V91/><F123/><W135/><G98/><T32/><D100/><U10/><E70/><V114/><F114/><W124/><G57/><T119/><D42/><U68/><E68/><V21/><F15/><W129/><G61/><N who="0" m="40111" /><D54/><U132/><E132/><N who="3" m="50730" /><G129/><T105/><D105/><U80/><E66/><V122/><F122/><W19/><G24/><N who="0" m="18439" /><D119/><AGARI ba="0,0" hai="4,8,12,19,23,26,116,117,119,124,127" m="50730" machi="119" ten="30,3900,0" yaku="20,1,34,2" doraHai="29" who="3" fromWho="0" sc="250,-39,250,0,250,0,250,39" />
</Scene>
<Scene>
<INIT seed="1,0,0,4,0,133" ten="211,250,250,289" oya="1" hai0="57,59,28,84,8,68,103,97,52,82,41,126,85" hai1="69,66,86,44,51,20,36,129,118,87,102,19,16" hai2="123,100,109,45,13,62,4,71,91,111,53,18,108" hai3="107,37,88,55,113,114,90,134,119,96,22,10,63"/><U79/><E36/><V11/><F123/><W132/><G119/><T75/><D68/><U58/><E118/><V127/><F100/><W9/><G37/><T54/><D41/><U7/><E129/><V80/><F71/><W73/><G73/><T23/><D8/><U34/><E34/><V42/><F62/><W93/><G107/><T31/><D126/><U106/><E69/><V65/><F65/><W61/><G22/><T6/><D6/><U112/><E112/><V12/><F53/><W105/><G105/><T40/><D40/><N who="1" m="24967" /><E106/><V49/><F127/><W48/><G90/><T33/><D33/><U77/><E7/><V2/><REACH who="2" step="1"/><F18/><REACH who="2" ten="211,250,240,289" step="2"/><W131/><G114/><T81/><D103/><U121/><E102/><V17/><F17/><W60/><G113/><T50/><D54/><U92/><E19/><V72/><F72/><W24/><G132/><T14/><D75/><U47/><E121/><V67/><F67/><W78/><G134/><T76/><D59/><U117/><E66/><V110/><N who="2" m="28160" /><DORA hai="25" /><V125/><F125/><W39/><G60/><T94/><D57/><U74/><E74/><V15/><F15/><W1/><G61/><T120/><D120/><U3/><E58/><V35/><F35/><W46/><G63/><T135/><D135/><U32/><E16/><V99/><F99/><W95/><G96/><T64/><D64/><U116/><E32/><V21/><F21/><W130/><G130/><T0/><D14/><U122/><E20/><V70/><F70/><W56/><G131/><T98/><D23/><U43/><E122/><V83/><F83/><RYUUKYOKU ba="0,1" sc="211,-10,250,-10,240,30,289,-10" hai2="2,4,11,12,13,42,45,49,80,91" />
</Scene>
<Scene>
<INIT seed="2,1,1,0,1,30" ten="201,240,270,279" oya="2" hai0="8,36,21,41,117,37,7,66,34,91,55,22,23" hai1="127,115,107,9,25,108,78,48,97,18,93,27,133" hai2="53,84,2,40,51,113,110,102,46,57,49,81,80" hai3="61,17,73,111,129,87,99,64,15,42,131,16,13"/><V83/><F113/><W135/><G111/><T86/><D66/><U14/><E115/><V26/><F2/><W6/><G135/><T12/><D117/><U76/><E108/><V43/><F110/><W52/><G73/><T79/><D79/><N who="1" m="30251" /><E107/><V24/><F102/><W35/><G35/><T62/><D41/><U50/><E127/><V59/><F84/><W85/><G42/><T121/><D121/><U130/><E130/><N who="3" m="49674" /><G99/><T39/><D62/><U10/><E10/><V19/><F43/><W33/><G33/><T82/><D55/><U47/><E133/><V103/><F103/><W123/><G123/><T90/><D90/><N who="1" m="55479" /><E48/><V125/><F125/><W28/><G28/><T56/><D56/><U38/><E38/><V114/><F114/><W72/><G72/><T32/><AGARI ba="1,1" hai="7,8,12,21,22,23,32,34,36,37,39,82,86,91" machi="32" ten="40,5200,0" yaku="0,1,52,2" doraHai="30" who="0" fromWho="0" sc="201,65,240,-14,270,-27,279,-14" />
</Scene>
<Scene>
<INIT seed="3,0,0,2,0,123" ten="266,226,243,265" oya="3" hai0="112,31,96,80,116,35,65,102,59,46,120,98,27" hai1="100,76,12,106,19,109,92,77,94,87,79,71,44" hai2="3,85,32,0,15,54,118,90,105,52,129,1,121" hai3="40,25,84,113,41,62,115,107,103,89,42,17,69"/><W23/><G103/><T48/><D116/><U114/><E71/><V61/><F118/><W126/><G107/><T74/><D120/><U34/><E34/><V45/><F121/><W111/><G111/><T2/><D2/><U51/><E114/><V125/><F105/><W4/><G4/><T56/><D98/><N who="1" m="59479" /><E106/><V99/><F32/><W78/><G78/><T104/><D112/><U37/><E37/><V47/><F99/><W58/><G69/><T16/><D80/><N who="1" m="47495" /><E92/><V10/><F129/><W75/><G75/><T43/><D74/><U13/><E13/><V11/><F125/><W133/><G126/><T124/><D124/><U53/><E109/><V132/><F132/><W7/><G7/><T95/><D95/><U88/><E88/><V86/><F15/><W83/><REACH who="3" step="1"/><G133/><REACH who="3" ten="266,226,243,255" step="2"/><T134/><D134/><U28/><E77/><V50/><F90/><W91/><G91/><T8/><D104/><U22/><E79/><V127/><F127/><W73/><G73/><T14/><D102/><U39/><E39/><V110/><F110/><W66/><AGARI ba="0,1" hai="17,23,25,40,41,42,58,62,66,83,84,89,113,115" machi="66" ten="30,12000,1" yaku="1,1,0,1,53,3" doraHai="123" doraHaiUra="36" who="3" fromWho="3" sc="266,-40,226,-40,243,-40,255,130" />
</Scene>
<Scene>
<INIT seed="3,1,0,5,3,40" ten="226,186,203,385" oya="3" hai0="112,113,105,57,84,121,91,111,6,127,110,52,38" hai1="92,26,104,3,67,79,36,35,63,97,101,27,76" hai2="29,30,11,10,49,89,107,130,14,116,18,15,56" hai3="122,75,8,7,44,24,129,94,43,74,61,117,60"/><W131/><G122/><T70/><D121/><U9/><E36/><V87/><F107/><W51/><G117/><T128/><D70/><U99/><E27/><V134/><F134/><W54/><G24/><T120/><D120/><U48/><E48/><V71/><F71/><W37/><G94/><N who="0" m="54631" /><D105/><U66/><E66/><V77/><F77/><W12/><G61/><N who="0" m="36007" /><D38/><U124/><E124/><V90/><F130/><N who="3" m="49675" /><G60/><T109/><D128/><U95/><E104/><V100/><F100/><W1/><G1/><T42/><D42/><U19/><E3/><V106/><F106/><W32/><G32/><T93/><D6/><U88/><E35/><V13/><F116/><W33/><G33/><T58/><D58/><AGARI ba="1,0" hai="7,8,12,37,43,44,51,54,58,74,75" m="49675" machi="58" ten="30,2900,0" yaku="19,1,52,1" doraHai="40" who="3" fromWho="0" sc="226,-32,186,0,203,0,385,32" />
</Scene>
<Scene>
<INIT seed="3,2,0,2,2,125" ten="194,186,203,417" oya="3" hai0="130,28,59,123,131,113,90,75,135,95,35,64,51" hai1="56,53,108,87,30,68,114,69,9,73,57,62,49" hai2="127,89,101,117,7,118,36,61,77,119,39,4,34" hai3="40,17,21,72,27,6,122,81,44,121,8,26,106"/><W134/><G106/><T16/><D123/><U100/><E73/><V2/><F34/><W111/><G111/><T42/><D75/><U85/><E114/><V22/><F77/><W50/><G134/><T20/><D135/><U124/><E124/><V83/><F127/><W79/><G26/><T12/><D113/><U46/><E108/><V41/><F101/><W48/><G50/><T93/><D64/><U107/><E30/><V58/><F2/><AGARI ba="2,0" hai="2,6,8,17,21,27,40,44,48,72,79,81,121,122" machi="2" ten="30,1500,0" yaku="7,1" doraHai="125" who="3" fromWho="2" sc="194,0,186,0,203,-21,417,21" />
</Scene>
<Scene>
<INIT seed="3,3,0,2,4,35" ten="194,186,182,438" oya="3" hai0="4,80,93,25,133,125,20,81,78,104,71,84,100" hai1="10,30,110,8,54,75,13,27,56,120,14,112,95" hai2="82,41,108,109,117,76,88,23,38,86,32,129,90" hai3="11,60,37,6,127,22,55,53,96,92,97,98,46"/><W64/><G127/><T66/><D125/><U128/><E75/><V87/><F32/><W113/><G113/><T91/><D133/><U69/><E69/><V26/><F117/><W3/><G22/><T118/><D118/><U2/><E120/><V121/><F121/><W103/><G53/><T39/><D39/><U51/><E112/><V28/><F129/><W40/><REACH who="3" step="1"/><G55/><REACH who="3" ten="194,186,182,428" step="2"/><T67/><D20/><U119/><E119/><V48/><F109/><W49/><G49/><T72/><D66/><U74/><E110/><V94/><F108/><W65/><G65/><T7/><D67/><U115/><E115/><V42/><F38/><W107/><G107/><T135/><D104/><U16/><E51/><V29/><F29/><W73/><G73/><T1/><D72/><U131/><E74/><V85/><REACH who="2" step="1"/><F48/><REACH who="2" ten="194,186,172,428" step="2"/><W58/><AGARI ba="3,2" hai="3,6,11,37,40,46,58,60,64,92,96,97,98,103" machi="58" ten="20,7800,0" yaku="1,1,0,1,7,1,52,1,53,0" doraHai="35" doraHaiUra="9" who="3" fromWho="3" sc="194,-29,186,-29,172,-29,428,107" />
</Scene>
<Scene>
<INIT seed="3,4,0,1,5,87" ten="165,157,143,535" oya="3" hai0="35,107,27,28,1,88,56,47,91,11,51,125,70" hai1="80,77,74,52,82,21,25,53,126,114,44,12,104" hai2="65,106,63,33,59,123,127,119,58,0,81,41,117" hai3="57,102,50,96,95,48,46,36,13,20,60,115,105"/><W16/><G115/><T84/><D70/><U93/><E104/><V42/><F0/><W24/><G105/><T112/><D107/><U90/><E114/><V34/><F106/><W103/><G36/><T10/><D112/><U67/><E67/><V66/><F81/><W43/><G48/><T31/><D31/><U131/><E131/><V15/><F15/><W94/><G13/><T116/><D116/><U124/><E12/><V61/><REACH who="2" step="1"/><F127/><REACH who="2" ten="165,157,133,535" step="2"/><N who="1" m="48681" /><E82/><V97/><F97/><W68/><G68/><T110/><D125/><U72/><E72/><V18/><F18/><W4/><G4/><T5/><D11/><U129/><E129/><V29/><F29/><W17/><G17/><T14/><D1/><U111/><E111/><V101/><F101/><N who="3" m="38411" /><G96/><T7/><D110/><U79/><E79/><V120/><AGARI ba="4,1" hai="33,34,41,42,58,59,61,63,65,66,117,119,120,123" machi="120" ten="25,6400,0" yaku="1,1,0,1,22,2,53,0" doraHai="87" doraHaiUra="32" who="2" fromWho="2" sc="165,-20,157,-20,133,86,535,-36" />
</Scene>
<Scene>
<INIT seed="4,0,0,2,5,21" ten="145,137,219,499" oya="0" hai0="101,60,122,49,110,71,128,30,82,47,11,98,80" hai1="94,48,18,117,58,88,14,7,102,86,20,50,97" hai2="16,53,73,2,56,90,75,135,127,3,8,34,23" hai3="92,4,65,51,133,31,83,116,99,27,10,55,126"/><T124/><D122/><U134/><E117/><V118/><F34/><W85/><G133/><T67/><D124/><U64/><E134/><V28/><F135/><W96/><G126/><T24/><D128/><U81/><E7/><V109/><F127/><W105/><G65/><T77/><D110/><U130/><E130/><V72/><F109/><W25/><G105/><T1/><D11/><U89/><E102/><V6/><F118/><W68/><G31/><T22/><D1/><U129/><E129/><V103/><F103/><W69/><G69/><T93/><REACH who="0" step="1"/><D77/><REACH who="0" ten="135,137,219,499" step="2"/><U74/><E74/><V12/><F2/><W26/><G116/><T5/><D5/><U91/><E91/><V95/><F28/><W70/><G70/><T57/><D57/><U9/><E9/><V115/><F115/><W76/><G68/><T43/><AGARI ba="0,1" hai="22,24,30,43,47,49,60,67,71,80,82,93,98,101" machi="43" ten="20,7800,0" yaku="1,1,0,1,7,1,52,1,53,0" doraHai="21" doraHaiUra="0" who="0" fromWho="0" sc="135,88,137,-26,219,-26,499,-26" />
</Scene>
<Scene>
<INIT seed="4,1,0,4,0,9" ten="223,111,193,473" oya="0" hai0="21,126,27,99,75,49,84,102,2,39,86,25,19" hai1="129,131,110,94,12,47,69,91,26,104,133,112,82" hai2="81,65,119,3,33,36,51,45,108,71,61,130,5" hai3="70,43,76,16,28,8,44,66,73,64,50,46,95"/><T85/><D39/><U77/><E69/><V67/><F33/><W7/><G70/><T74/><D2/><U38/><E110/><V101/><F67/><W100/><G28/><T80/><D49/><U35/><E104/><V115/><F108/><W109/><G109/><T113/><D113/><U106/><E106/><V54/><F115/><W34/><G34/><T107/><D126/><U18/><E112/><V117/><F101/><W57/><G76/><T48/><D48/><U87/><E133/><V55/><F3/><W68/><G68/><T63/><D63/><U23/><E35/><V96/><F5/><W111/><G111/><T97/><D97/><U98/><REACH who="1" step="1"/><E26/><REACH who="1" ten="223,101,193,473" step="2"/><V4/><F71/><W31/><G73/><T127/><D127/><U10/><E10/><V13/><F119/><W78/><G8/><T72/><REACH who="0" step="1"/><D27/><REACH who="0" ten="213,101,193,473" step="2"/><U60/><E60/><V124/><F117/><W37/><G37/><T90/><AGARI ba="1,2" hai="19,21,25,72,74,75,80,84,85,86,90,99,102,107" machi="90" ten="30,6000,0" yaku="1,1,2,1,0,1,53,0" doraHai="9" doraHaiUra="128" who="0" fromWho="0" sc="213,83,101,-21,193,-21,473,-21" />
</Scene>
<Scene>
<INIT seed="4,2,0,1,5,90" ten="296,80,172,452" oya="0" hai0="31,93,126,98,65,85,86,51,79,83,3,127,0" hai1="41,92,76,15,88,54,70,117,114,8,36,60,16" hai2="105,112,124,23,108,66,116,56,119,57,80,111,81" hai3="49,59,12,135,48,28,129,19,29,6,34,96,74"/><T55/><D31/><U45/><E117/><N who="2" m="45131" /><F105/><W102/><G129/><T118/><D65/><U35/><E35/><V69/><F23/><W63/><G34/><T17/><D17/><U4/><E76/><V133/><F112/><W9/><G74/><T113/><D86/><U75/><E75/><V61/><F133/><W44/><G135/><T84/><D84/><U82/><E82/><N who="2" m="31851" /><F124/><N who="0" m="47658" /><D118/><U24/><E114/><V134/><F134/><W39/><G6/><T20/><D20/><U130/><E130/><V67/><F67/><W42/><G28/><T14/><D14/><U72/><E72/><V91/><F91/><W97/><G29/><T64/><D64/><U5/><E70/><V120/><F120/><W43/><G97/><T115/><D115/><U26/><E26/><V40/><F69/><W132/><G43/><T106/><D106/><U101/><E24/><V131/><F40/><W47/><G132/><T77/><D77/><U53/><E101/><V103/><F103/><W109/><G47/><N who="0" m="28159" /><D113/><U94/><E54/><N who="2" m="33943" /><F131/><W123/><G42/><T22/><D22/><U30/><E30/><V50/><F66/><W71/><G71/><T99/><D99/><U87/><REACH who="1" step="1"/><E94/><REACH who="1" ten="296,70,172,452" step="2"/><V1/><F111/><W89/><G102/><AGARI ba="2,1" hai="0,3,79,83,85,93,98,102" m="28159,47658" machi="102" ten="30,2900,0" yaku="18,1,52,1" doraHai="90" who="0" fromWho="3" sc="296,45,70,0,172,0,452,-35" />
</Scene>
<Scene>
<INIT seed="4,3,0,3,2,8" ten="341,70,172,417" oya="0" hai0="112,47,85,14,27,11,52,92,15,51,77,1,81" hai1="129,83,101,49,69,76,120,0,78,59,25,42,132" hai2="68,17,5,29,79,73,57,44,37,63,103,65,19" hai3="21,22,33,50,122,38,96,31,107,34,66,126,39"/><T54/><D112/><U110/><E69/><V123/><F29/><W7/><G66/><T102/><D27/><U115/><E120/><V9/><F103/><W28/><G96/><N who="0" m="59655" /><D1/><U40/><E0/><N who="2" m="167" /><F68/><W104/><G7/><N who="0" m="3455" /><D15/><U116/><E116/><V60/><F60/><W121/><REACH who="3" step="1"/><G50/><REACH who="3" ten="341,70,172,407" step="2"/><T55/><AGARI ba="3,1" hai="47,51,52,54,55,77,81,85" m="3455,59655" machi="55" ten="30,6000,0" yaku="8,1,52,1,54,1" doraHai="8" who="0" fromWho="0" sc="341,79,70,-23,172,-23,407,-23" />
</Scene>
<Scene>
<INIT seed="4,4,0,4,1,12" ten="420,47,149,384" oya="0" hai0="97,127,19,75,45,51,27,40,115,123,94,111,73" hai1="28,3,48,36,47,79,26,37,121,8,120,60,122" hai2="64,112,83,17,129,21,16,59,92,118,72,74,54" hai3="85,62,7,110,109,104,81,63,68,96,38,35,1"/><T14/><D123/><U58/><E79/><V24/><F64/><W77/><G38/><T44/><D115/><U103/><E103/><V76/><F112/><W124/><G35/><T107/><D107/><U87/><E87/><V82/><F129/><W20/><G20/><T39/><D127/><U106/><E106/><V119/><F92/><W88/><G124/><T56/><D56/><U98/><E98/><V105/><F105/><W22/><G22/><T125/><D27/><U43/><E8/><V55/><F82/><W113/><G113/><T49/><D125/><U4/><E4/><V69/><F69/><W93/><G68/><T90/><D111/><U132/><E3/><V13/><F74/><N who="3" m="43191" /><G7/><T135/><D135/><U25/><E132/><V53/><REACH who="2" step="1"/><F59/><REACH who="2" ten="420,47,139,384" step="2"/><W117/><G109/><T91/><D75/><U9/><E58/><V66/><F66/><W41/><G110/><T99/><D73/><U130/><E130/><V10/><AGARI ba="4,1" hai="10,13,16,17,21,24,53,54,55,72,76,83,118,119" machi="10" ten="30,8000,1" yaku="1,1,0,1,52,2,54,1,53,0" doraHai="12" doraHaiUra="33" who="2" fromWho="2" sc="420,-44,47,-24,139,102,384,-24" />
</Scene>
<Scene>
<INIT seed="5,0,0,4,2,2" ten="376,23,241,360" oya="1" hai0="18,89,75,51,122,41,69,70,63,79,62,9,65" hai1="110,123,17,125,102,68,0,113,52,21,29,14,32" hai2="4,61,7,12,99,67,6,97,93,87,20,5,103" hai3="46,133,95,30,1,74,11,31,59,16,117,78,104"/><U54/><E123/><V49/><F49/><W119/><G104/><T71/><D89/><U118/><E118/><N who="3" m="45066" /><G133/><T98/><D98/><U66/><E113/><V53/><F53/><W77/><G59/><T34/><D34/><U55/><E110/><V60/><F87/><W33/><G33/><T135/><D135/><U92/><E125/><V131/><F131/><W28/><G74/><T91/><D91/><U50/><E0/><V130/><F130/><W44/><G95/><T36/><D51/><U56/><E29/><V121/><F121/><W10/><G16/><T112/><D122/><U58/><E32/><V35/><F35/><W107/><G1/><T86/><D75/><U47/><E68/><V23/><F97/><W38/><G107/><T108/><D108/><U57/><REACH who="1" step="1"/><E66/><REACH who="1" ten="376,13,241,360" step="2"/><V85/><F67/><W116/><G116/><T43/><D65/><U8/><E8/><N who="3" m="3114" /><G38/><T90/><D36/><U48/><E48/><V76/><F60/><W25/><G31/><T13/><D62/><U129/><E129/><V111/><F61/><W64/><G64/><T42/><D63/><U96/><AGARI ba="0,1" hai="14,17,21,47,50,52,54,55,56,57,58,92,96,102" machi="96" ten="30,11700,0" yaku="1,1,0,1,8,1,54,1,53,0" doraHai="2" doraHaiUra="127" who="1" fromWho="1" sc="376,-39,13,127,241,-39,360,-39" />
</Scene>
<Scene>
<INIT seed="5,1,0,2,0,46" ten="337,140,202,321" oya="1" hai0="110,56,70,60,75,115,82,53,95,19,86,103,17" hai1="3,77,96,123,14,112,10,37,85,47,39,63,25" hai2="58,45,68,133,26,32,81,87,127,90,129,80,55" hai3="65,130,78,128,74,101,94,27,16,57,84,49,9"/><U119/><E123/><V106/><F68/><W23/><G74/><T69/><D110/><U44/><E119/><V122/><F122/><W93/><G9/><T107/><D107/><U51/><E3/><V118/><F118/><W50/><G101/><T73/><D73/><U41/><E112/><V48/><F106/><W43/><G43/><T42/><D42/><U0/><E0/><V102/><F102/><W4/><G4/><T71/><D75/><U1/><E1/><V114/><F114/><W18/><G18/><T131/><D131/><N who="3" m="50217" /><G93/><T34/><D34/><U59/><E96/><V125/><F129/><W113/><G113/><T5/><D5/><N who="1" m="3407" /><E25/><V100/><F100/><W33/><G33/><T66/><D115/><U116/><E47/><V120/><F120/><W30/><G30/><T40/><D40/><U31/><E31/><V38/><F38/><W6/><G6/><T105/><D105/><U108/><E108/><V97/><F26/><W109/><G109/><T36/><D36/><U135/><E116/><V126/><F32/><W92/><G92/><T79/><D95/><U54/><E135/><V20/><F133/><W132/><G132/><T21/><D103/><U35/><E35/><V76/><F20/><W62/><G94/><T104/><D104/><U124/><E124/><V64/><F97/><W8/><G8/><T89/><D21/><U13/><E13/><V117/><F117/><W88/><G88/><T98/><D98/><U29/><E29/><V12/><F12/><W52/><G65/><T111/><D89/><U67/><E67/><V2/><F64/><RYUUKYOKU ba="1,0" sc="337,-15,140,15,202,-15,321,15" hai1="37,39,41,44,51,54,59,63,77,85" hai3="16,23,27,49,50,52,57,62,78,84" />
</Scene>
<Scene>
<INIT seed="5,2,0,3,2,14" ten="322,155,187,336" oya="1" hai0="74,69,0,135,101,10,95,125,117,97,83,7,73" hai1="51,102,131,58,89,61,25,43,52,9,87,41,114" hai2="121,118,124,47,91,67,34,82,88,56,72,127,5" hai3="24,93,37,116,66,44,20,106,32,76,90,46,86"/><U77/><E131/><V3/><F118/><W30/><G106/><T126/><D117/><U26/><E114/><V85/><F121/><W70/><G37/><T22/><D69/><U31/><E102/><V35/><F72/><W60/><G116/><T109/><D109/><U112/><E77/><V42/><F5/><W79/><G32/><T15/><D83/><U64/><E9/><V104/><F3/><W108/><G108/><T62/><D62/><U103/><E103/><V50/><F104/><W45/><AGARI ba="2,0" hai="20,24,30,44,45,46,60,66,70,76,79,86,90,93" machi="45" ten="30,1100,0" yaku="0,1" doraHai="14" who="3" fromWho="3" sc="322,-5,155,-7,187,-5,336,17" />
</Scene>
<Scene>
<INIT seed="6,0,0,0,1,36" ten="317,148,182,353" oya="2" hai0="17,52,59,67,131,100,130,47,76,40,92,33,62" hai1="120,104,105,96,0,108,95,28,128,35,66,6,41" hai2="26,117,79,107,57,15,88,103,54,65,106,22,32" hai3="23,69,101,89,123,87,49,31,56,134,118,99,74"/><V46/><F117/><W58/><G69/><T122/><D122/><U73/><E73/><V135/><F79/><W70/><G70/><T3/><D3/><U30/><E108/><V91/><F32/><W21/><G74/><T1/><D1/><U94/><E41/><V24/><F103/><W60/><G123/><T10/><D33/><U45/><E120/><V44/><F65/><W115/><G118/><T125/><D76/><U111/><E66/><V18/><F135/><W2/><G134/><T77/><D77/><U80/><E80/><V29/><F107/><W38/><G2/><T83/><D83/><U4/><E45/><N who="2" m="17515" /><F106/><W119/><G38/><T85/><D125/><U11/><E111/><V114/><F114/><W14/><G115/><T81/><D81/><U37/><E37/><V93/><F29/><W34/><G31/><T20/><D100/><U72/><E35/><V98/><F91/><W53/><G89/><N who="0" m="53295" /><D67/><U109/><E109/><V84/><F98/><W9/><G99/><T82/><D82/><U133/><E0/><V116/><F116/><W7/><G34/><T25/><D130/><U127/><E72/><V19/><F19/><W13/><G101/><T126/><D126/><U113/><E127/><V71/><F71/><W132/><G132/><T61/><D131/><U51/><E113/><V90/><F90/><W55/><G119/><T12/><D62/><AGARI ba="0,0" hai="15,18,22,24,26,54,57,62,84,88,93" m="17515" machi="62" ten="30,2900,0" yaku="8,1,54,1" doraHai="36" who="2" fromWho="0" sc="317,-29,148,0,182,29,353,0" />
</Scene>
<Scene>
<INIT seed="6,1,0,3,3,113" ten="288,148,211,353" oya="2" hai0="121,119,135,3,7,106,52,43,87,109,120,36,28" hai1="85,83,102,124,111,134,68,29,38,18,12,88,131" hai2="39,60,93,105,17,59,8,50,82,112,26,14,103" hai3="133,65,71,129,86,101,46,94,77,116,57,127,61"/><V40/><F112/><W63/><G116/><T67/><D67/><U72/><E68/><V24/><F105/><W118/><G118/><T123/><D106/><U110/><E38/><V10/><F39/><W81/><G127/><T54/><D109/><U16/><E124/><V30/><F82/><W95/><G129/><T35/><D119/><U75/><E131/><V115/><F115/><W114/><G101/><T108/><D108/><U13/><E134/><V117/><F117/><W122/><G133/><T21/><D35/><U6/><E6/><V19/><F50/><W9/><G122/><T107/><D107/><U125/><E125/><V100/><F40/><W23/><G23/><T49/><D135/><U64/><E64/><V74/><F74/><W41/><G9/><T0/><D54/><U62/><E62/><V70/><F70/><W51/><G114/><T11/><D3/><U80/><E102/><V48/><F48/><W15/><G15/><T79/><D43/><U73/><E29/><V126/><F126/><W84/><G86/><T44/><D36/><U55/><E55/><AGARI ba="1,0" hai="41,46,51,55,57,61,63,65,71,77,81,84,94,95" machi="55" ten="30,1000,0" yaku="7,1" doraHai="113" who="3" fromWho="1" sc="288,0,148,-13,211,0,353,13" />
</Scene>
<Scene>
<INIT seed="7,0,0,1,0,131" ten="288,135,211,366" oya="3" hai0="75,3,43,115,46,76,2,108,59,87,21,32,110" hai1="26,101,53,77,29,104,95,103,64,50,63,127,111" hai2="10,71,22,33,72,52,74,125,47,106,69,120,93" hai3="25,24,28,20,9,27,31,116,135,118,56,79,7"/><W58/><G135/><T49/><D32/><U130/><E111/><V6/><F106/><W114/><G114/><T133/><D21/><U128/><E77/><V19/><F33/><W107/><G107/><T37/><D87/><U73/><E73/><V117/><F117/><W55/><G79/><T15/><D15/><U51/><E127/><V35/><F35/><W102/><G102/><T96/><D96/><U85/><E103/><V100/><F125/><W112/><G112/><T132/><D115/><U8/><E8/><V40/><F120/><W13/><G27/><T38/><D59/><U83/><E130/><V44/><F71/><W123/><G56/><T90/><D90/><U80/><E128/><V89/><F69/><W129/><G129/><T126/><D49/><U94/><E104/><V41/><F100/><W1/><G1/><N who="0" m="11" /><D38/><U30/><E101/><V34/><F34/><W97/><G97/><T84/><D84/><U92/><E26/><N who="2" m="14687" /><F72/><W66/><G24/><T78/><D78/><U122/><E122/><V99/><F74/><W109/><G25/><T23/><D23/><U18/><E18/><V61/><F10/><W81/><G20/><T113/><D113/><U119/><E119/><V11/><F11/><W16/><G9/><T105/><D105/><U67/><E94/><V98/><F93/><W36/><G36/><T88/><D88/><U0/><E85/><V70/><F89/><W54/><G116/><T17/><D126/><U4/><E0/><V62/><F99/><W5/><G13/><T14/><D14/><U124/><E124/><V68/><F98/><RYUUKYOKU ba="0,0" sc="288,0,135,0,211,0,366,0" owari="288,9.0,135,-36.0,211,-19.0,366,46.0" />
</Scene>
</mjloggm>