<mjloggm ver="2.3"><GO type="41" lobby="0"/><UN n0="%E5%A4%AA%E3%81%8F%E3%81%AA%E3%81%84%E3%81%8A" n1="%E3%82%AB%E3%83%AF%E3%83%81" n2="%E3%83%A4%E3%82%AB%E3%83%BC" n3="%63%68%69%73%65%2E" dan="17,15,13,14" rate="2160.42,1923.31,1952.54,1913.10" sx="M,M,M,M"/><TAIKYOKU oya="0"/>

<Scene>
<INIT seed="0,0,0,3,3,25" ten="250,250,250,250" oya="0" hai0="31,12,55,70,73,64,62,51,38,24,91,114,18" hai1="27,125,53,98,36,21,32,47,1,121,46,109,116" hai2="59,124,45,26,120,105,35,118,6,123,28,30,3" hai3="85,4,86,94,119,0,33,48,9,19,50,13,97"/><T79/><D114/><U34/><E116/><V89/><F118/><W2/><G119/><T126/><D38/><U8/><E121/><V134/><F124/><W131/><G131/><T75/><D126/><U17/><E125/><V37/><F134/><W84/><G33/><T81/><D91/><U7/><E109/><V78/><F89/><W52/><G50/><T15/><D75/><U58/><E98/><V122/><F59/><W71/><G71/><T57/><REACH who="0" step="1"/><D18/><REACH who="0" ten="240,250,250,250" step="2"/><U40/><REACH who="1" step="1"/><E47/><REACH who="1" ten="240,240,250,250" step="2"/><V102/><F123/><W111/><G111/><T11/><D11/><U16/><E16/><V29/><F122/><W103/><REACH who="3" step="1"/><G4/><REACH who="3" ten="240,240,250,240" step="2"/><T128/><D128/><U43/><E43/><V80/><F120/><W106/><G106/><T49/><D49/><AGARI ba="0,3" hai="1,7,8,17,21,27,32,34,36,40,46,49,53,58" machi="49" ten="30,2000,0" yaku="1,1,7,1,53,0" doraHai="25" doraHaiUra="107" who="1" fromWho="0" sc="240,-20,240,50,250,0,240,0" />
</Scene>
<Scene>
<INIT seed="1,0,0,3,1,76" ten="220,290,250,240" oya="1" hai0="88,8,82,113,52,69,2,41,77,30,34,83,60" hai1="106,21,108,120,63,95,55,110,31,111,109,98,133" hai2="86,124,99,36,26,115,28,68,11,20,13,19,38" hai3="93,40,73,107,35,3,96,102,114,75,22,62,33"/><U57/><N who="1" m="28160" /><DORA hai="65" /><U97/><E120/><V43/><F115/><W100/><G114/><T80/><D113/><U48/><E133/><V6/><F124/><W117/><G3/><T16/><D41/><U15/><E106/><V123/><F123/><W105/><G117/><T67/><D30/><U61/><E98/><V129/><F129/><W50/><G93/><T132/><D34/><U78/><E78/><V14/><F99/><W64/><G22/><T23/><D132/><U101/><REACH who="1" step="1"/><E15/><REACH who="1" ten="220,280,250,240" step="2"/><V47/><F86/><W9/><G96/><T0/><D77/><U18/><E18/><V51/><REACH who="2" step="1"/><F68/><REACH who="2" ten="220,280,240,240" step="2"/><W90/><G107/><T70/><D70/><U81/><E81/><V103/><F103/><W121/><G105/><T66/><D69/><U54/><E54/><V29/><F29/><W32/><G100/><T125/><D125/><U135/><E135/><V91/><F91/><W79/><G102/><T74/><D88/><U12/><E12/><V112/><F112/><W134/><G134/><T49/><D0/><U59/><E59/><V71/><F71/><W5/><G90/><T94/><D2/><U116/><E116/><V89/><F89/><W17/><G121/><T42/><D82/><U53/><E53/><V85/><F85/><W122/><G17/><T130/><D80/><U37/><E37/><V104/><F104/><W45/><G122/><T1/><D1/><U27/><AGARI ba="0,2" hai="21,27,31,48,55,57,61,63,95,97,101" m="28160" machi="27" ten="60,12000,1" yaku="1,1,0,1,14,1,10,1,53,0" doraHai="76,65" doraHaiUra="127,72" who="1" fromWho="1" sc="220,-40,280,140,240,-40,240,-40" />
</Scene>
<Scene>
<INIT seed="1,1,0,2,4,25" ten="180,420,200,200" oya="1" hai0="22,5,9,105,63,52,135,98,115,59,106,84,130" hai1="56,107,70,92,28,95,1,27,76,55,3,82,34" hai2="117,40,96,29,108,104,99,73,17,81,85,0,7" hai3="51,97,64,48,6,66,54,33,58,111,8,118,71"/><U10/><E107/><V113/><F117/><W69/><G33/><T75/><D75/><U21/><E70/><V18/><F113/><W42/><G97/><T53/><D115/><U116/><E116/><V37/><F108/><W23/><G23/><T15/><D135/><U11/><E34/><V44/><F85/><W2/><G118/><T100/><D130/><U86/><E1/><V74/><F74/><W41/><G111/><T30/><D84/><U124/><E124/><V72/><F72/><W46/><G2/><T125/><D125/><U103/><E3/><V127/><F127/><W60/><G6/><T131/><D131/><U132/><E132/><V68/><F68/><N who="3" m="26187" /><G8/><N who="1" m="3114" /><E103/><V119/><F119/><W134/><G134/><T79/><D79/><U47/><E47/><AGARI ba="1,0" hai="41,42,46,47,48,51,54,58,60,64,66" m="26187" machi="47" ten="30,8000,1" yaku="35,5" doraHai="25" who="3" fromWho="1" sc="180,0,420,-83,200,0,200,83" />
</Scene>
<Scene>
<INIT seed="2,0,0,4,0,72" ten="180,337,200,283" oya="2" hai0="28,34,32,66,94,134,111,69,17,98,102,46,8" hai1="67,13,114,97,108,0,52,133,27,6,100,90,51" hai2="82,113,80,99,116,19,43,128,30,88,10,85,105" hai3="58,25,18,4,48,55,53,120,15,36,107,22,132"/><V129/><F113/><W73/><G120/><T71/><D111/><U50/><E114/><V62/><F116/><W89/><G36/><T26/><D134/><U5/><E133/><V109/><F109/><W124/><G124/><T93/><D34/><U12/><E0/><V117/><F117/><W95/><G107/><T106/><D46/><U24/><E67/><V64/><F43/><W54/><G132/><T79/><D79/><U87/><E108/><V83/><F30/><W59/><G73/><T42/><D42/><U91/><E100/><V68/><F105/><W16/><G4/><N who="1" m="1642" /><E97/><V2/><F99/><W126/><G126/><T44/><D44/><N who="1" m="27719" /><E51/><V37/><F37/><W14/><G54/><T125/><D125/><U86/><E86/><V118/><F118/><W39/><G39/><T104/><D104/><U127/><E127/><V29/><F29/><W103/><G103/><T74/><D74/><U23/><E91/><V78/><F2/><W70/><G70/><T9/><D71/><U115/><E115/><V45/><F45/><W123/><G123/><T119/><D119/><U20/><E27/><V38/><F38/><W76/><G76/><T92/><REACH who="0" step="1"/><D17/><REACH who="0" ten="170,337,200,283" step="2"/><U135/><E135/><V49/><F78/><W130/><G130/><N who="2" m="50281" /><F49/><N who="3" m="31023" /><G18/><T60/><AGARI ba="0,1" hai="8,9,26,28,32,60,66,69,92,93,94,98,102,106" machi="60" ten="30,7900,0" yaku="1,1,0,1,25,2,53,0" doraHai="72" doraHaiUra="11" who="0" fromWho="0" sc="170,89,337,-20,200,-39,283,-20" />
</Scene>
<Scene>
<INIT seed="3,0,0,5,3,126" ten="259,317,161,263" oya="3" hai0="101,6,97,104,116,58,11,17,19,1,80,102,28" hai1="92,79,112,56,75,34,128,100,63,55,108,67,106" hai2="98,78,74,86,40,20,90,33,4,9,60,91,12" hai3="129,23,72,39,48,99,131,30,41,94,10,38,59"/><W44/><G72/><T134/><D116/><U27/><E112/><V123/><F33/><W62/><G10/><T25/><D134/><U121/><E121/><V21/><F123/><W54/><G30/><T127/><D127/><U24/><E108/><V82/><F60/><W114/><G23/><T87/><D58/><U113/><E113/><V103/><F40/><W7/><G7/><T2/><D101/><U45/><E92/><V8/><F91/><W119/><G114/><T47/><D47/><U42/><E75/><V49/><F49/><W115/><G115/><T22/><REACH who="0" step="1"/><D1/><REACH who="0" ten="249,317,161,263" step="2"/><U18/><E100/><V13/><F103/><W14/><G119/><T89/><AGARI ba="0,1" hai="2,6,11,17,19,22,25,28,80,87,89,97,102,104" machi="89" ten="20,5200,0" yaku="1,1,2,1,0,1,7,1,53,0" doraHai="126" doraHaiUra="133" who="0" fromWho="0" sc="249,62,317,-13,161,-13,263,-26" />
</Scene>
<Scene>
<INIT seed="4,0,0,1,4,129" ten="311,304,148,237" oya="0" hai0="33,103,17,38,125,135,1,57,37,29,126,75,68" hai1="73,130,8,106,119,64,43,112,46,48,47,44,60" hai2="76,5,111,42,118,110,98,36,66,93,25,105,131" hai3="79,128,35,124,109,70,4,102,63,41,117,27,12"/><T97/><D68/><U51/><E119/><V14/><F131/><W122/><G117/><T58/><D1/><U133/><E106/><V86/><F118/><W52/><G122/><T104/><D75/><U32/><E130/><V123/><F123/><W84/><G109/><T134/><D17/><U80/><E32/><V67/><F105/><W113/><G113/><T61/><D29/><U56/><E112/><V45/><F25/><W108/><G108/><T87/><D33/><U127/><E127/><N who="0" m="48649" /><D87/><U31/><E31/><V16/><F5/><W26/><G124/><T83/><D83/><U96/><E96/><V81/><F111/><W115/><G128/><T71/><D71/><U15/><E73/><V89/><REACH who="2" step="1"/><F110/><REACH who="2" ten="311,304,138,237" step="2"/><W50/><G115/><T10/><D104/><U85/><E133/><V95/><F95/><W107/><G107/><T114/><D114/><U19/><REACH who="1" step="1"/><E51/><REACH who="1" ten="311,294,138,237" step="2"/><V11/><AGARI ba="0,2" hai="11,14,16,36,42,45,66,67,76,81,86,89,93,98" machi="11" ten="20,8000,1" yaku="1,1,0,1,7,1,54,1,53,1" doraHai="129" doraHaiUra="91" who="2" fromWho="2" sc="311,-40,294,-20,138,100,237,-20" />
</Scene>
<Scene>
<INIT seed="5,0,0,2,3,9" ten="271,274,238,217" oya="1" hai0="15,12,135,26,73,30,91,18,42,128,66,54,98" hai1="21,2,34,87,93,134,110,48,107,44,59,123,86" hai2="79,37,46,61,105,60,96,70,1,133,71,75,82" hai3="8,25,89,50,16,63,99,122,83,22,49,130,53"/><U6/><E123/><V65/><F133/><W3/><G122/><T97/><D73/><U36/><E107/><V88/><F1/><W113/><G113/><T62/><D135/><U27/><E134/><V106/><F106/><W17/><G130/><T69/><D42/><U43/><E34/><V78/><F78/><W108/><G108/><T32/><D128/><U52/><E110/><V77/><F77/><W102/><G3/><T72/><D72/><U33/><E33/><V38/><F46/><W10/><G17/><T85/><D54/><U81/><E93/><V23/><F23/><W45/><G63/><T127/><D127/><U67/><E67/><V35/><F35/><W118/><G118/><T20/><REACH who="0" step="1"/><D12/><REACH who="0" ten="261,274,238,217" step="2"/><U90/><E2/><V76/><F76/><W126/><G126/><T5/><D5/><U31/><E6/><V117/><F117/><W28/><G28/><T7/><D7/><U13/><E13/><V68/><F68/><W80/><G50/><T57/><D57/><U101/><E36/><V109/><F109/><W111/><G111/><T56/><D56/><U100/><E59/><V29/><F29/><W129/><G129/><T131/><D131/><U24/><E43/><V64/><F88/><W94/><REACH who="3" step="1"/><G80/><AGARI ba="0,1" hai="15,18,20,26,30,32,62,66,69,80,85,91,97,98" machi="80" ten="30,3900,0" yaku="1,1,7,1,52,1,53,0" doraHai="9" doraHaiUra="119" who="0" fromWho="3" sc="261,49,274,0,238,0,217,-39" />
</Scene>
<Scene>
<INIT seed="6,0,0,4,3,37" ten="310,274,238,178" oya="2" hai0="94,11,76,35,90,75,110,99,92,108,41,74,95" hai1="17,89,12,47,102,88,128,133,79,15,68,97,82" hai2="83,28,126,123,16,71,24,73,127,103,38,31,85" hai3="50,3,22,61,105,42,109,86,46,60,7,23,44"/><V36/><F73/><N who="0" m="27658" /><D41/><U134/><E68/><V19/><F123/><W59/><G109/><N who="0" m="42091" /><D11/><U131/><E47/><V98/><F71/><W91/><G105/><T57/><D57/><U18/><E102/><V49/><F49/><W32/><G32/><T132/><D35/><U48/><E48/><V124/><F38/><W52/><G61/><T112/><D112/><U29/><E29/><V117/><F36/><W65/><G3/><T113/><D113/><U8/><E97/><V111/><F111/><W96/><G7/><T120/><D120/><U80/><E79/><N who="2" m="46335" /><F117/><W93/><REACH who="3" step="1"/><G96/><REACH who="3" ten="310,274,238,168" step="2"/><T64/><D99/><U130/><E131/><V70/><F70/><W6/><G6/><T81/><D64/><U55/><E130/><V54/><F31/><W69/><G69/><T2/><D2/><U26/><E128/><V115/><F115/><W87/><G87/><N who="0" m="52319" /><D132/><U43/><E133/><V45/><F28/><W1/><G1/><T125/><D125/><U34/><E134/><V78/><F24/><W51/><AGARI ba="0,1" hai="22,23,42,44,46,50,51,52,59,60,65,86,91,93" machi="51" ten="20,12000,2" yaku="1,1,0,1,7,1,8,1,52,1,54,1,53,0" doraHai="37" doraHaiUra="135" who="3" fromWho="3" sc="310,-30,274,-30,238,-60,168,130" />
</Scene>
<Scene>
<INIT seed="7,0,0,2,1,34" ten="280,244,178,298" oya="3" hai0="134,104,101,72,133,91,45,38,96,21,53,84,126" hai1="95,79,6,103,125,74,1,4,19,130,11,57,14" hai2="124,37,17,82,116,63,13,0,132,69,108,78,36" hai3="61,87,106,54,60,122,2,49,32,123,81,55,94"/><W89/><G106/><T114/><D72/><U64/><E125/><V76/><F108/><W9/><G32/><T86/><D126/><U62/><E130/><V68/><F116/><W80/><G2/><T50/><D114/><U83/><E103/><V99/><F124/><W56/><G9/><T131/><D131/><U5/><REACH who="1" step="1"/><E95/><REACH who="1" ten="280,234,178,298" step="2"/><V43/><F99/><W47/><G123/><T39/><D134/><U107/><E107/><V115/><F132/><W73/><G73/><T77/><D133/><U119/><E119/><V113/><F115/><W112/><G112/><T16/><D77/><U20/><AGARI ba="0,1" hai="1,4,5,6,11,14,19,20,57,62,64,74,79,83" machi="20" ten="20,5200,0" yaku="1,1,0,1,7,1,52,1,53,0" doraHai="34" doraHaiUra="110" who="1" fromWho="1" sc="280,-13,234,62,178,-13,298,-26" />
</Scene>
<Scene>
<INIT seed="8,0,0,3,1,44" ten="267,296,165,272" oya="0" hai0="128,122,1,19,108,73,54,106,53,13,61,115,69" hai1="42,58,8,80,15,71,7,126,120,103,101,51,3" hai2="5,14,50,97,47,34,118,125,79,20,64,82,134" hai3="100,66,132,56,119,35,114,112,91,102,113,81,18"/><T46/><D115/><U21/><E120/><V70/><F34/><W107/><G119/><T77/><D122/><U11/><E71/><V104/><F118/><W83/><G132/><T130/><D1/><U45/><E126/><V60/><F134/><W43/><G35/><T116/><D106/><U63/><E21/><V23/><F125/><W40/><G107/><T86/><D73/><U57/><E80/><V22/><F104/><W87/><G81/><N who="0" m="47407" /><D116/><U93/><E93/><V49/><F97/><W133/><G133/><T65/><D46/><U24/><E24/><V99/><F99/><W31/><G31/><T68/><D68/><U95/><E95/><V39/><F39/><W16/><G43/><T76/><D76/><U27/><E27/><V32/><F32/><W121/><G121/><T123/><D108/><U41/><E42/><V0/><F0/><W48/><G40/><T33/><D33/><U88/><E88/><V92/><F92/><W30/><G30/><T111/><D111/><U2/><E3/><V26/><F26/><W6/><G6/><T127/><D127/><U59/><E63/><V72/><REACH who="2" step="1"/><F47/><REACH who="2" ten="267,296,155,272" step="2"/><W75/><G112/><T38/><D38/><U74/><E2/><V78/><F78/><W94/><G114/><T17/><D123/><U12/><E45/><V96/><F96/><W110/><G113/><T10/><D130/><U52/><E15/><V9/><AGARI ba="0,1" hai="5,9,14,20,22,23,49,50,60,64,70,72,79,82" machi="9" ten="30,7900,0" yaku="1,1,0,1,52,2,53,0" doraHai="44" doraHaiUra="135" who="2" fromWho="2" sc="267,-39,296,-20,155,89,272,-20" />
</Scene>
<Scene>
<INIT seed="9,0,0,1,4,7" ten="228,276,244,252" oya="1" hai0="98,113,52,101,118,82,57,131,22,16,97,87,17" hai1="23,36,74,8,41,110,107,46,128,34,65,9,39" hai2="67,81,121,45,55,77,83,120,42,43,92,86,89" hai3="95,88,127,104,109,44,2,63,53,13,54,102,11"/><U12/><E34/><V61/><F83/><W21/><G109/><T99/><D113/><U30/><E39/><V80/><F80/><W94/><G127/><T75/><D75/><U62/><E74/><V27/><F27/><W29/><G2/><T100/><D118/><U18/><E128/><V60/><F55/><W76/><G76/><N who="0" m="46535" /><D131/><U66/><E107/><V10/><F61/><W58/><G104/><T116/><D116/><U119/><E119/><V32/><F43/><W37/><G102/><N who="0" m="39531" /><D22/><U106/><E106/><V112/><F32/><W69/><G69/><T24/><D24/><U126/><E126/><V73/><F112/><W85/><G37/><T132/><D132/><U71/><E65/><V91/><F89/><W93/><G44/><T79/><D79/><U130/><E130/><V103/><F103/><W117/><G117/><T59/><D59/><U56/><E30/><V133/><F133/><W84/><G84/><T72/><D72/><U51/><E110/><V111/><F111/><W114/><G114/><T125/><D125/><U134/><E134/><V5/><F60/><AGARI ba="0,0" hai="16,17,52,57,60,97,98,99" m="39531,46535" machi="60" ten="30,3900,0" yaku="8,1,54,2" doraHai="7" who="0" fromWho="2" sc="228,39,276,0,244,-39,252,0" />
</Scene>
<Scene>
<INIT seed="10,0,0,0,5,84" ten="267,276,205,252" oya="2" hai0="110,108,73,90,101,32,18,97,121,128,81,129,91" hai1="63,8,11,20,85,17,127,89,67,33,10,22,62" hai2="123,19,28,41,131,118,92,23,55,39,102,72,120" hai3="96,115,5,49,114,133,24,35,82,46,126,2,125"/><V105/><F72/><W71/><G71/><T83/><D32/><U25/><E127/><N who="3" m="48650" /><G2/><T38/><D38/><U78/><E78/><V69/><F69/><W60/><G5/><T88/><D18/><N who="1" m="12439" /><E33/><V29/><F105/><W7/><G7/><T132/><D121/><U51/><E51/><V66/><F66/><W61/><G133/><T64/><D64/><U109/><E109/><N who="0" m="42089" /><D132/><U6/><E6/><V122/><F131/><N who="0" m="50250" /><D73/><U31/><E31/><V117/><F55/><N who="3" m="30135" /><G96/><T26/><D26/><N who="1" m="14671" /><E67/><V79/><F79/><W12/><G12/><T104/><AGARI ba="0,0" hai="81,83,88,90,91,97,101,104" m="50250,42089" machi="104" ten="40,12000,2" yaku="19,1,34,2,52,3,54,1" doraHai="84" who="0" fromWho="0" sc="267,120,276,-30,205,-60,252,-30" owari="387,48.0,246,5.0,145,-35.0,222,-18.0" />
</Scene>
</mjloggm>