<mjloggm ver="2.3"><GO type="169" lobby="0"/><UN n0="%E5%A4%AA%E3%81%8F%E3%81%AA%E3%81%84%E3%81%8A" n1="%E3%82%B5%E3%83%B3%E3%83%9E%E9%81%93%E6%A5%BD%E4%BB%A3%E8%A1%A8" n2="%4D%6F%67%65%72%61" n3="%36%31%2E%38%EF%BC%85" dan="17,17,16,17" rate="2208.60,2197.59,2109.06,2097.60" sx="F,M,F,M"/><TAIKYOKU oya="0"/>

<Scene>
<INIT seed="0,0,0,1,0,42" ten="250,250,250,250" oya="0" hai0="106,57,127,37,9,1,23,78,39,83,91,35,16" hai1="84,98,32,102,72,96,120,79,49,132,60,93,36" hai2="115,114,12,118,38,135,13,0,48,61,45,54,21" hai3="44,8,51,6,52,69,123,30,89,76,77,3,85"/><T111/><D35/><U110/><E36/><V22/><F0/><W50/><G69/><T122/><D122/><U80/><E32/><V128/><F38/><W26/><G123/><T117/><D117/><U90/><E120/><V87/><F118/><W105/><G105/><T27/><D106/><N who="1" m="63815" /><E60/><V34/><F34/><W126/><G126/><T68/><D68/><U92/><E49/><V24/><F135/><W40/><G26/><T133/><D127/><U20/><E20/><V15/><F128/><W107/><G30/><T28/><D133/><U55/><E55/><V64/><F87/><W100/><G100/><T73/><D111/><U88/><E132/><V97/><F97/><W131/><G131/><T124/><D124/><U17/><E17/><V58/><REACH who="2" step="1"/><F22/><REACH who="2" ten="250,250,240,250" step="2"/><W95/><REACH who="3" step="1"/><G107/><REACH who="3" ten="250,250,240,240" step="2"/><T46/><D1/><U56/><E56/><AGARI ba="0,2" hai="3,6,8,40,44,50,51,52,56,76,77,85,89,95" machi="56" ten="30,12000,2" yaku="1,1,2,1,7,1,52,1,54,1,53,2" doraHai="42" doraHaiUra="75" who="3" fromWho="1" sc="250,0,250,-120,240,0,240,140" />
</Scene>
<Scene>
<INIT seed="1,0,0,4,2,121" ten="250,130,240,380" oya="1" hai0="30,96,102,36,85,55,134,89,45,61,129,27,117" hai1="35,86,97,14,4,57,95,108,107,60,82,0,115" hai2="7,41,75,90,21,111,135,48,5,74,80,11,33" hai3="123,126,65,67,43,15,70,105,77,83,28,51,125"/><U13/><E35/><V25/><F33/><W40/><G105/><T118/><D129/><U68/><E68/><V24/><F135/><W133/><G123/><T124/><D134/><U98/><E115/><V20/><F41/><W31/><G133/><T76/><D76/><U81/><E0/><V119/><F119/><W18/><G28/><T110/><D124/><N who="3" m="47721" /><G31/><T50/><D36/><U130/><E130/><V79/><F90/><W128/><G128/><T12/><D12/><U9/><E107/><V62/><F48/><W104/><G104/><T38/><D38/><U6/><E108/><V59/><F111/><W91/><G91/><T66/><D85/><U93/><E86/><V52/><F75/><N who="3" m="43455" /><G51/><T109/><D89/><U34/><E34/><V127/><F127/><W100/><G100/><T22/><D118/><U106/><E106/><V122/><F122/><W29/><G29/><T3/><D3/><U8/><E57/><V72/><F72/><W47/><G47/><T1/><D1/><U73/><E73/><V54/><F54/><W87/><G87/><T53/><D53/><U44/><E44/><V32/><F32/><W132/><G132/><T26/><D26/><U112/><E112/><V39/><F39/><W2/><G2/><T16/><D30/><U42/><E42/><N who="3" m="15914" /><G70/><T131/><D131/><U92/><E92/><V46/><F46/><W94/><G94/><N who="0" m="58647" /><D117/><U64/><REACH who="1" step="1"/><E60/><REACH who="1" ten="250,120,240,380" step="2"/><N who="2" m="35943" /><F74/><W19/><G67/><AGARI ba="0,1" hai="4,6,8,9,13,14,64,67,81,82,93,95,97,98" machi="67" ten="25,9600,0" yaku="1,1,22,2,8,1,53,0" doraHai="121" doraHaiUra="103" who="1" fromWho="3" sc="250,0,120,106,240,0,380,-96" />
</Scene>
<Scene>
<INIT seed="1,1,0,5,4,60" ten="250,226,240,284" oya="1" hai0="69,3,51,73,55,41,108,37,49,28,70,30,121" hai1="66,132,95,98,90,88,35,43,127,130,65,123,6" hai2="9,56,61,63,33,48,72,117,84,115,110,114,109" hai3="16,134,31,12,126,46,125,131,36,47,78,106,50"/><U80/><E35/><V19/><F72/><W38/><G106/><T62/><D3/><U21/><E123/><V23/><F33/><W93/><G31/><T29/><D73/><U58/><E132/><V128/><F117/><W105/><G105/><T4/><D4/><U17/><E130/><V129/><F9/><N who="3" m="6159" /><G78/><T89/><D121/><U79/><E43/><V44/><F84/><W135/><G93/><T10/><D10/><U91/><E58/><V116/><F116/><W11/><G11/><T101/><D101/><N who="1" m="60639" /><E6/><V39/><F19/><W86/><G86/><T119/><D119/><U118/><E127/><N who="3" m="48650" /><G131/><N who="2" m="50249" /><F23/><W57/><G57/><T74/><D74/><U122/><E122/><V45/><F39/><N who="3" m="14891" /><G46/><N who="2" m="18025" /><F48/><W42/><AGARI ba="1,0" hai="42,47,50,134,135" m="14891,48650,6159" machi="42" ten="40,2700,0" yaku="18,1,54,1" doraHai="60" who="3" fromWho="3" sc="250,-8,226,-14,240,-8,284,30" />
</Scene>
<Scene>
<INIT seed="2,0,0,1,2,52" ten="242,212,232,314" oya="2" hai0="12,21,3,49,10,84,29,43,18,83,69,66,124" hai1="27,26,47,78,15,82,61,102,98,70,32,94,67" hai2="100,31,74,76,4,6,132,106,123,7,5,59,36" hai3="62,65,51,117,22,42,9,107,99,17,77,134,57"/><V30/><F36/><W20/><G117/><T129/><D129/><U1/><E1/><V120/><F132/><W79/><G134/><T35/><D124/><U24/><E15/><V14/><F14/><N who="3" m="7375" /><G99/><T58/><D69/><U19/><E47/><V92/><F106/><W8/><G8/><T109/><D109/><U135/><E135/><V23/><F74/><W125/><G107/><T53/><D66/><U112/><E112/><V96/><F76/><N who="3" m="29259" /><G125/><T104/><D104/><U122/><E122/><V115/><F115/><W71/><G71/><T113/><D113/><U80/><E80/><V131/><F131/><W28/><G28/><T75/><D75/><U86/><REACH who="1" step="1"/><E19/><REACH who="1" ten="242,202,232,314" step="2"/><V97/><F120/><W130/><G130/><T38/><D3/><U39/><E39/><V128/><F128/><W118/><G118/><T37/><D37/><U126/><E126/><V81/><F123/><W11/><G11/><T89/><D10/><U133/><E133/><V41/><F81/><W111/><G111/><T45/><D38/><U34/><AGARI ba="0,1" hai="24,26,27,32,34,61,67,70,78,82,86,94,98,102" machi="34" ten="30,2000,0" yaku="1,1,0,1,53,0" doraHai="52" doraHaiUra="121" who="1" fromWho="1" sc="242,-5,202,30,232,-10,314,-5" />
</Scene>
<Scene>
<INIT seed="3,0,0,1,4,16" ten="237,232,222,309" oya="3" hai0="118,127,125,8,131,87,70,133,51,39,104,61,122" hai1="38,108,129,78,72,46,109,77,28,9,66,128,106" hai2="53,73,41,2,90,17,58,69,103,124,120,76,7" hai3="130,49,50,132,64,56,95,82,0,44,10,111,55"/><W75/><G132/><T86/><D118/><U5/><E106/><V59/><F69/><W100/><G130/><N who="1" m="50282" /><E66/><V43/><F120/><W60/><G111/><N who="1" m="42570" /><E72/><V105/><F124/><N who="0" m="47690" /><D39/><U102/><E102/><V81/><F103/><W27/><G0/><T94/><D104/><U19/><E19/><V12/><F105/><W114/><G114/><T80/><D131/><U4/><E28/><V113/><F7/><N who="1" m="2633" /><E9/><V14/><F17/><W116/><G10/><T13/><D133/><U15/><E15/><V26/><F14/><W115/><G115/><T74/><D122/><U22/><E22/><V3/><F12/><W52/><G116/><T30/><D30/><U65/><E65/><V33/><F113/><W93/><G100/><T57/><D70/><U85/><E85/><V89/><F73/><W99/><G99/><T21/><D21/><U45/><E38/><V91/><F3/><W47/><REACH who="3" step="1"/><G27/><REACH who="3" ten="237,232,222,299" step="2"/><T23/><D8/><U1/><E1/><V83/><F2/><W101/><G101/><T119/><D119/><U123/><E123/><V67/><F26/><W24/><G24/><T88/><D13/><U6/><E6/><V63/><F67/><W96/><G96/><T97/><D97/><U34/><E34/><V62/><F33/><W54/><G54/><T32/><D32/><U37/><E37/><V48/><F53/><W126/><G126/><T71/><D23/><U20/><E20/><V31/><F31/><W25/><G25/><T134/><D134/><U84/><E84/><V121/><F43/><W79/><AGARI ba="0,1" hai="44,47,49,50,52,55,56,60,64,75,79,82,93,95" machi="79" ten="30,11700,0" yaku="1,1,0,1,9,1,54,1,53,0" doraHai="16" doraHaiUra="68" who="3" fromWho="3" sc="237,-39,232,-39,222,-39,299,127" />
</Scene>
<Scene>
<INIT seed="3,1,0,5,5,104" ten="198,193,183,426" oya="3" hai0="18,76,7,38,61,15,14,116,30,43,71,80,0" hai1="44,9,79,100,19,125,94,54,111,96,98,64,74" hai2="39,134,127,49,126,17,78,84,50,31,32,1,88" hai3="3,23,48,60,24,37,16,72,46,68,11,20,35"/><W91/><G37/><T128/><D116/><U5/><E111/><V66/><F39/><W2/><G35/><T105/><D105/><U13/><E64/><V55/><F1/><W120/><G120/><T121/><D121/><U22/><E125/><N who="2" m="47627" /><F78/><W102/><G102/><T107/><D107/><U63/><E98/><V53/><F66/><W95/><G60/><T25/><D128/><U92/><E63/><V27/><F134/><W65/><G68/><T70/><D0/><U122/><E122/><V67/><F67/><W132/><G132/><T41/><D7/><U52/><E44/><V97/><F97/><W81/><G65/><T58/><D70/><U45/><E92/><N who="2" m="54279" /><F17/><W135/><G135/><T89/><D71/><U113/><E45/><V124/><N who="2" m="47635" /><V112/><DORA hai="42" /><F112/><W87/><G2/><T129/><D129/><U8/><E113/><V108/><F108/><W131/><G131/><T26/><D38/><U56/><E56/><V114/><F114/><W73/><G95/><T117/><D76/><U106/><E94/><V36/><F36/><W6/><REACH who="3" step="1"/><G23/><REACH who="3" ten="198,193,183,416" step="2"/><T75/><D61/><U123/><E123/><V10/><F10/><W40/><AGARI ba="1,1" hai="3,6,11,16,20,24,40,46,48,72,73,81,87,91" machi="40" ten="20,24000,3" yaku="1,1,2,1,0,1,7,1,52,3,54,1,53,1" doraHai="104,42" doraHaiUra="130,34" who="3" fromWho="3" sc="198,-81,193,-81,183,-81,416,253" />
</Scene>
<Scene>
<INIT seed="3,2,0,4,4,121" ten="117,112,102,669" oya="3" hai0="92,52,24,55,77,115,13,75,125,9,6,108,33" hai1="122,73,29,40,46,27,104,112,62,43,5,131,45" hai2="1,53,100,63,86,118,18,14,54,19,128,89,85" hai3="4,35,67,69,130,70,17,71,97,96,66,110,59"/><W22/><G35/><T113/><D125/><U30/><E73/><V8/><F118/><W50/><G130/><T68/><D68/><U21/><E104/><V134/><F128/><W39/><G39/><T114/><D108/><U129/><E5/><V26/><F1/><W105/><G4/><T72/><D92/><U102/><E62/><V32/><F100/><W28/><G28/><N who="0" m="19591" /><D77/><U65/><E102/><V135/><F63/><W98/><G105/><T47/><D47/><U93/><E93/><V38/><F38/><W7/><G7/><T116/><D116/><U117/><E117/><V132/><F86/><W106/><G106/><T2/><D2/><U84/><E84/><V42/><F42/><W82/><G82/><T0/><D0/><U99/><E99/><V119/><F119/><W90/><G90/><T10/><D10/><U133/><E65/><V109/><F109/><W126/><G126/><T58/><D55/><U60/><E60/><AGARI ba="2,0" hai="6,9,13,52,58,60,72,75,113,114,115" m="19591" machi="60" ten="30,2000,0" yaku="11,1,54,1" doraHai="121" who="0" fromWho="1" sc="117,26,112,-26,102,0,669,0" />
</Scene>
<Scene>
<INIT seed="4,0,0,3,4,10" ten="143,86,102,669" oya="0" hai0="65,87,82,114,12,39,6,75,122,40,103,121,38" hai1="11,108,26,80,62,9,21,116,68,89,18,33,35" hai2="128,20,94,109,79,19,36,46,93,105,7,50,4" hai3="104,34,27,135,74,92,78,133,127,107,81,99,77"/><T60/><D75/><U125/><E116/><V88/><F105/><W69/><G69/><T43/><D103/><U58/><E68/><V49/><F128/><W73/><G27/><T71/><D114/><U25/><E108/><V123/><F36/><W113/><G34/><N who="1" m="12810" /><E89/><V132/><F123/><W45/><G45/><T84/><D39/><U44/><E80/><V101/><F79/><W120/><G127/><T24/><D24/><N who="1" m="9323" /><E44/><V41/><F109/><W8/><G8/><N who="1" m="3146" /><E58/><V53/><F101/><W76/><G120/><T134/><D38/><U129/><E62/><V22/><F94/><W126/><G113/><T28/><D43/><U51/><E51/><V56/><F22/><W61/><G126/><T131/><D40/><U52/><E52/><V85/><F132/><N who="3" m="50763" /><G61/><T59/><D134/><U110/><E110/><V15/><AGARI ba="0,0" hai="4,7,15,19,20,41,46,49,50,53,56,85,88,93" machi="15" ten="20,12000,2" yaku="0,1,7,1,25,2,8,1,52,1,54,1" doraHai="10" who="2" fromWho="2" sc="143,-60,86,-30,102,120,669,-30" />
</Scene>
<Scene>
<INIT seed="5,0,0,0,2,74" ten="83,56,222,639" oya="1" hai0="121,107,89,37,56,43,109,1,45,3,69,128,134" hai1="70,36,21,83,87,44,5,0,14,16,81,24,90" hai2="31,60,50,130,6,105,106,22,15,66,51,92,77" hai3="99,39,132,95,29,111,79,46,8,71,84,122,117"/><U13/><E70/><V38/><F38/><W10/><G111/><T126/><RYUUKYOKU type="yao9" ba="0,0" sc="83,0,56,0,222,0,639,0" hai0="1,3,37,43,45,56,69,89,107,109,121,126,128,134" />
</Scene>
<Scene>
<INIT seed="5,1,0,1,5,107" ten="83,56,222,639" oya="1" hai0="120,28,126,92,51,102,53,74,18,91,19,7,86" hai1="12,15,9,116,47,37,46,43,132,115,63,24,110" hai2="114,5,68,36,98,27,3,59,42,40,41,54,70" hai3="104,113,60,79,109,21,31,127,69,134,82,16,117"/><U17/><E115/><V22/><F36/><W55/><G109/><T11/><D126/><U80/><E132/><V90/><F114/><W65/><G104/><T95/><D120/><U73/><E116/><V121/><F121/><W71/><G127/><T93/><D74/><U97/><E110/><V130/><F130/><W128/><G128/><T99/><D28/><U29/><E97/><V83/><F5/><W78/><G55/><T111/><D93/><U38/><E63/><N who="2" m="36343" /><F3/><W8/><G79/><T14/><REACH who="0" step="1"/><D111/><REACH who="0" ten="73,56,222,639" step="2"/><U66/><E66/><V45/><F83/><W133/><G113/><T89/><D89/><U85/><E15/><V52/><F90/><W61/><G133/><T49/><D49/><U106/><E106/><V101/><F101/><W122/><G134/><T62/><D62/><U123/><E123/><V135/><F135/><W129/><G122/><T50/><D50/><U26/><E73/><V30/><F30/><W39/><G129/><T33/><D33/><U124/><E124/><V75/><F75/><W87/><G39/><T13/><D13/><U56/><E29/><V57/><F27/><W72/><G31/><T94/><D94/><U34/><E34/><V4/><F70/><W20/><G72/><T96/><D96/><U23/><E56/><AGARI ba="1,1" hai="7,11,14,18,19,51,53,56,86,91,92,95,99,102" machi="56" ten="30,3900,0" yaku="1,1,7,1,8,1,53,0" doraHai="107" doraHaiUra="125" who="0" fromWho="1" sc="73,52,56,-42,222,0,639,0" />
</Scene>
<Scene>
<INIT seed="6,0,0,2,5,127" ten="125,14,222,639" oya="2" hai0="73,55,101,119,3,57,88,10,39,18,13,35,112" hai1="27,108,85,40,52,125,83,133,124,67,71,30,5" hai2="113,110,131,128,105,38,69,98,92,26,96,4,90" hai3="115,28,102,1,76,48,37,6,50,41,87,86,65"/><V111/><F69/><W49/><G102/><T93/><D73/><U21/><E108/><N who="2" m="41515" /><F38/><W132/><G28/><T23/><D35/><U79/><E40/><V14/><F113/><W89/><G65/><T114/><D39/><U99/><E133/><V46/><F46/><W31/><G31/><T16/><D101/><U62/><E5/><V91/><F26/><W20/><G132/><T53/><D119/><U94/><E124/><V68/><F68/><W8/><G115/><N who="0" m="44075" /><D57/><U126/><E125/><V42/><F42/><W56/><G41/><T64/><D64/><U104/><E126/><V32/><F32/><W77/><G56/><T7/><D18/><U109/><E109/><V17/><F4/><W43/><G43/><T134/><D134/><U75/><E104/><V117/><F117/><W120/><G37/><T15/><D3/><U84/><REACH who="1" step="1"/><E52/><REACH who="1" ten="125,4,222,639" step="2"/><V135/><F105/><W45/><G45/><T54/><D55/><U33/><E33/><V121/><F135/><W63/><G6/><T47/><D47/><U122/><E122/><V66/><F121/><W0/><G120/><T107/><D107/><U74/><E74/><V59/><F66/><W72/><G1/><T129/><D54/><U34/><E34/><V44/><F44/><W58/><G0/><T60/><D53/><U130/><E130/><N who="2" m="49707" /><F59/><W95/><G58/><T25/><D129/><U78/><E78/><V97/><F92/><W61/><G95/><T118/><D118/><U81/><E81/><V9/><AGARI ba="0,1" hai="9,14,17,90,91,96,97,98" m="49707,41515" machi="9" ten="40,12000,1" yaku="10,1,19,1,52,3" doraHai="127" who="2" fromWho="2" sc="125,-40,4,-40,222,130,639,-40" owari="85,-31.0,-36,-54.0,352,15.0,599,70.0" />
</Scene>
</mjloggm>