<mjloggm ver="2.3"><GO type="169" lobby="0"/><UN n0="%6E%61%6B%61%6A%75%75%6E" n1="%E3%82%A2%E3%82%B9%E3%82%BF%E3%83%8A" n2="%E5%A4%AA%E3%81%8F%E3%81%AA%E3%81%84%E3%81%8A" n3="%E5%BE%80%E5%BE%A9%E3%83%93%E3%83%B3%E3%82%BF" dan="19,17,17,17" rate="2300.73,2152.86,2137.54,2198.00" sx="M,M,M,M"/><TAIKYOKU oya="0"/>

<Scene>
<INIT seed="0,0,0,2,0,55" ten="250,250,250,250" oya="0" hai0="129,104,37,113,72,38,105,53,69,97,35,59,110" hai1="116,102,83,56,5,43,8,44,134,3,95,13,33" hai2="111,77,125,101,75,68,99,132,46,86,11,27,57" hai3="45,126,84,21,34,91,112,100,88,87,49,114,70"/><T89/><D113/><U16/><E33/><V120/><F68/><W4/><G34/><T15/><D72/><U123/><E123/><V14/><F120/><W32/><G32/><T133/><D35/><U18/><E116/><V128/><F111/><W63/><G100/><T9/><D69/><U0/><E134/><V7/><F132/><W122/><G122/><T58/><D133/><U96/><E83/><V6/><F75/><W61/><G126/><T127/><D127/><U76/><E76/><V28/><F125/><W135/><G135/><T22/><D129/><U73/><E73/><V103/><F128/><W92/><G4/><T74/><D74/><U108/><E108/><V106/><F103/><W23/><G70/><T1/><D110/><U62/><E0/><V131/><F131/><W24/><G114/><T121/><D1/><U12/><E3/><V50/><F7/><W71/><G71/><T81/><D38/><U94/><E94/><V42/><F27/><W93/><G112/><T115/><D37/><U119/><E119/><V26/><F26/><W79/><G79/><T54/><D105/><U48/><E12/><V36/><F28/><W39/><G39/><T117/><D104/><U130/><E130/><V65/><F36/><W82/><G82/><T118/><D115/><U17/><E5/><V31/><F31/><W67/><G67/><AGARI ba="0,0" hai="8,13,16,17,18,43,44,48,56,62,67,95,96,102" machi="67" ten="30,7700,0" yaku="7,1,8,1,52,1,54,1" doraHai="55" who="1" fromWho="3" sc="250,0,250,77,250,0,250,-77" />
</Scene>
<Scene>
<INIT seed="1,0,0,1,0,105" ten="250,327,250,173" oya="1" hai0="51,10,3,72,2,100,87,110,121,48,11,82,111" hai1="42,7,20,23,132,19,97,133,92,116,13,130,96" hai2="98,129,56,65,104,75,80,78,109,62,1,29,46" hai3="43,126,41,128,103,81,30,106,131,6,52,16,55"/><U36/><E116/><V24/><F109/><N who="0" m="41482" /><D100/><U107/><E130/><N who="3" m="49706" /><G126/><T84/><D121/><U95/><E107/><V9/><F129/><W108/><G108/><T15/><D72/><U8/><E42/><N who="3" m="15882" /><G30/><T91/><D87/><U14/><E36/><V31/><F46/><W74/><G6/><N who="0" m="1375" /><D2/><U73/><E73/><V22/><F1/><W114/><G114/><T76/><D91/><U12/><E12/><V17/><REACH who="2" step="1"/><F9/><REACH who="2" ten="250,327,240,173" step="2"/><W135/><G135/><T112/><D112/><U127/><E127/><V102/><AGARI ba="0,1" hai="17,22,24,29,31,56,62,65,75,78,80,98,102,104" machi="102" ten="30,7900,0" yaku="1,1,2,1,0,1,52,1,53,0" doraHai="105" doraHaiUra="40" who="2" fromWho="2" sc="250,-20,327,-39,240,89,173,-20" />
</Scene>
<Scene>
<INIT seed="2,0,0,2,0,27" ten="230,288,329,153" oya="2" hai0="17,64,94,71,36,65,128,7,103,133,83,70,48" hai1="44,35,89,87,85,25,111,62,119,131,20,101,82" hai2="91,42,112,134,132,21,108,117,126,135,45,76,29" hai3="2,75,90,74,24,96,34,120,95,50,22,28,106"/><V49/><F112/><W37/><G37/><T9/><D36/><U16/><E119/><V12/><F117/><W53/><G2/><T79/><D133/><U19/><E111/><V67/><F76/><W92/><G106/><T124/><D124/><U125/><E125/><V38/><F126/><W54/><G120/><T104/><D104/><U77/><E131/><V1/><F1/><W57/><G34/><T13/><D128/><U14/><E101/><V88/><F108/><W127/><G127/><T118/><D118/><U31/><E44/><N who="2" m="23639" /><F67/><W32/><G32/><T80/><D71/><U122/><E122/><V123/><F123/><W109/><G109/><T33/><D70/><U41/><E41/><N who="2" m="24751" /><F12/><W105/><G105/><T66/><D33/><U43/><E43/><V11/><F11/><W3/><G3/><T68/><D68/><U8/><E62/><V23/><F23/><W30/><G30/><T60/><D60/><U69/><E69/><V115/><F115/><W97/><BYE who="2" /><REACH who="3" step="1"/><G54/><REACH who="3" ten="230,288,329,143" step="2"/><T58/><D66/><U63/><E35/><V4/><F4/><W0/><G0/><UN n2="%E5%A4%AA%E3%81%8F%E3%81%AA%E3%81%84%E3%81%8A" /><T110/><D7/><N who="1" m="3359" /><E63/><V114/><F114/><W116/><G116/><T61/><D64/><U47/><E47/><V40/><F40/><W99/><G99/><N who="0" m="59895" /><D110/><U102/><E102/><AGARI ba="0,1" hai="22,24,28,50,53,57,74,75,90,92,95,96,97,102" machi="102" ten="30,3900,0" yaku="1,1,7,1,52,1,53,0" doraHai="27" doraHaiUra="5" who="3" fromWho="1" sc="230,0,288,-39,329,0,143,49" />
</Scene>
<Scene>
<INIT seed="3,0,0,1,0,94" ten="230,249,329,192" oya="3" hai0="37,28,15,3,124,45,35,5,103,29,40,85,100" hai1="66,88,97,73,2,115,132,63,112,65,7,95,67" hai2="51,22,106,33,111,104,69,19,46,74,54,20,42" hai3="102,86,84,14,48,43,129,70,39,82,119,57,87"/><W121/><G121/><T27/><D124/><U75/><E132/><V126/><F33/><W8/><G70/><T130/><D130/><U1/><E63/><V122/><F74/><W89/><G129/><T93/><D29/><U98/><E7/><V25/><F69/><W17/><G119/><T30/><D28/><U79/><E79/><V36/><F126/><W110/><G110/><T101/><D3/><N who="1" m="1035" /><E88/><V78/><F78/><W90/><G39/><T107/><D107/><U53/><E53/><V83/><F83/><W10/><G102/><T24/><D24/><U77/><E95/><V47/><F111/><W134/><G134/><T13/><D5/><U125/><E77/><V41/><F122/><W128/><G128/><T32/><D32/><U18/><E18/><V31/><F54/><W120/><G120/><T11/><D11/><U50/><E50/><V81/><F81/><W96/><G8/><T108/><D108/><U44/><E44/><V49/><F36/><W60/><G48/><T59/><D59/><U116/><E116/><V99/><F104/><W16/><G17/><T52/><D52/><U34/><E34/><V6/><F6/><BYE who="2" /><W9/><G9/><T80/><REACH who="0" step="1"/><D93/><REACH who="0" ten="220,249,329,192" step="2"/><UN n2="%E5%A4%AA%E3%81%8F%E3%81%AA%E3%81%84%E3%81%8A" /><U62/><E125/><V61/><F106/><W92/><G43/><T4/><D4/><U105/><E105/><V68/><F68/><W76/><G76/><AGARI ba="0,1" hai="13,15,27,30,35,37,40,45,76,80,85,100,101,103" machi="76" ten="40,1300,0" yaku="1,1,53,0" doraHai="94" doraHaiUra="114" who="0" fromWho="3" sc="220,23,249,0,329,0,192,-13" />
</Scene>
<Scene>
<INIT seed="4,0,0,1,5,100" ten="243,249,329,179" oya="0" hai0="71,49,73,110,27,63,88,15,70,43,36,91,44" hai1="5,58,28,53,129,132,112,47,79,56,17,62,33" hai2="125,109,41,12,78,133,3,126,7,115,29,92,87" hai3="66,19,94,32,130,102,107,128,40,90,22,131,104"/><T84/><D73/><U80/><E5/><V2/><F109/><W37/><G32/><T14/><D110/><U69/><E69/><V10/><F115/><W119/><G119/><T48/><D36/><U114/><E129/><V68/><F68/><W75/><G75/><T116/><D116/><U101/><E132/><V38/><F133/><W31/><G31/><T52/><D71/><U118/><E118/><V23/><F41/><W55/><G66/><T67/><D27/><N who="1" m="18591" /><E101/><V51/><F51/><W65/><G65/><T60/><D91/><U120/><E120/><V16/><F38/><W111/><G111/><T97/><D97/><U64/><E17/><V18/><F92/><W106/><G55/><T42/><D42/><U76/><E47/><V134/><F134/><W46/><G102/><T72/><D72/><U89/><E89/><V30/><F87/><W108/><G108/><T74/><D74/><U59/><E80/><V54/><F78/><N who="1" m="29737" /><E64/><V6/><F54/><W1/><G1/><T127/><D127/><N who="2" m="48650" /><F18/><W93/><G90/><T57/><REACH who="0" step="1"/><D49/><REACH who="0" ten="233,249,329,179" step="2"/><U24/><E24/><AGARI ba="0,1" hai="19,22,24,37,40,46,93,94,104,106,107,128,130,131" machi="24" ten="50,8000,1" yaku="19,1,52,3" doraHai="100" who="3" fromWho="1" sc="233,0,249,-80,329,0,179,90" />
</Scene>
<Scene>
<INIT seed="5,0,0,1,0,102" ten="233,169,329,269" oya="1" hai0="2,60,135,10,18,69,104,63,83,23,65,122,126" hai1="33,116,77,48,105,6,5,124,134,4,52,54,130" hai2="114,119,133,86,71,45,24,35,91,31,112,11,68" hai3="115,96,92,118,7,46,107,20,9,44,13,98,47"/><U19/><E116/><V111/><F119/><W12/><G115/><N who="2" m="44073" /><F111/><W97/><G118/><T70/><D126/><U51/><E33/><V123/><F123/><W81/><G81/><T34/><D34/><U16/><E124/><V85/><F133/><W40/><G107/><T129/><D135/><U0/><E0/><V131/><F131/><W43/><G92/><T8/><D129/><U89/><E130/><V39/><F11/><W90/><G90/><T93/><D104/><U108/><E134/><V127/><F127/><W67/><G67/><T15/><D83/><U99/><E108/><V103/><F103/><W53/><G53/><N who="1" m="20586" /><E105/><V41/><F85/><W125/><G125/><T50/><D2/><U94/><E77/><V88/><F91/><W28/><G28/><T120/><D50/><AGARI ba="0,0" hai="4,5,6,16,19,48,50,51,89,94,99" m="20586" machi="50" ten="30,5800,0" yaku="8,1,54,2" doraHai="102" who="1" fromWho="0" sc="233,-58,169,58,329,0,269,0" />
</Scene>
<Scene>
<INIT seed="5,1,0,0,1,26" ten="175,227,329,269" oya="1" hai0="9,97,22,125,42,49,108,126,30,16,63,100,10" hai1="81,11,127,32,132,33,53,38,75,41,115,12,118" hai2="107,94,40,15,52,56,84,0,23,64,34,133,54" hai3="60,119,88,21,66,131,87,67,79,29,6,7,18"/><U58/><E118/><V76/><F0/><W122/><G119/><T99/><D108/><U74/><E115/><V78/><F34/><W13/><G122/><T83/><D83/><U48/><E127/><N who="0" m="48649" /><D63/><U90/><E132/><V82/><F107/><W129/><G79/><T37/><D37/><U31/><E33/><V124/><F124/><W123/><G123/><T89/><D89/><U45/><E81/><V93/><F133/><W109/><G109/><T61/><D61/><U68/><E90/><V28/><F40/><W43/><G43/><T14/><D10/><U57/><E57/><V77/><F64/><W39/><G39/><T80/><D80/><U91/><E91/><N who="2" m="51607" /><F15/><W4/><G67/><T113/><D113/><U135/><E68/><V106/><F106/><W72/><G72/><T86/><D86/><U112/><E135/><V111/><F111/><W35/><G88/><T59/><D100/><U114/><E114/><V96/><F56/><W128/><G87/><T44/><D59/><U73/><E112/><V55/><F96/><W105/><G105/><T27/><AGARI ba="1,0" hai="9,14,16,22,27,30,42,44,49,97,99" m="48649" machi="27" ten="30,4000,0" yaku="18,1,52,1,54,1" doraHai="26" who="0" fromWho="0" sc="175,43,227,-21,329,-11,269,-11" />
</Scene>
<Scene>
<INIT seed="6,0,0,5,0,21" ten="218,206,318,258" oya="2" hai0="39,63,27,51,29,135,68,56,41,65,92,44,95" hai1="78,89,7,17,90,40,106,86,98,75,85,88,33" hai2="131,76,31,42,67,87,50,5,62,94,30,71,114" hai3="130,97,49,28,2,107,36,70,15,81,57,110,22"/><V123/><F123/><W109/><G2/><T4/><D4/><U52/><E40/><V103/><F5/><W82/><G36/><T80/><D135/><U35/><E7/><V48/><F114/><W112/><G70/><T104/><D104/><U55/><E75/><V100/><F131/><W133/><G133/><T83/><D83/><U3/><E3/><V24/><F30/><W16/><G130/><T45/><D80/><U19/><E78/><V58/><F71/><W9/><G112/><T53/><D45/><U25/><E106/><V20/><F42/><W0/><G82/><T14/><D14/><U132/><E98/><N who="2" m="59479" /><F103/><W46/><G57/><T60/><D60/><U79/><E79/><V99/><F99/><W134/><G134/><T43/><D43/><U61/><E132/><V126/><F126/><W117/><G117/><T77/><D77/><U129/><E129/><V72/><F72/><W121/><G121/><T101/><D101/><U102/><E102/><V116/><F116/><W84/><G97/><T74/><D74/><U6/><E6/><V32/><F32/><AGARI ba="0,0" hai="27,29,32,39,41,44,51,53,56,63,65,68,92,95" machi="32" ten="30,7700,0" yaku="7,1,24,2,52,1" doraHai="21" who="0" fromWho="2" sc="218,77,206,0,318,-77,258,0" />
</Scene>
<Scene>
<INIT seed="7,0,0,2,0,70" ten="295,206,241,258" oya="3" hai0="86,88,99,73,54,132,3,98,94,106,128,22,18" hai1="74,90,66,107,118,76,16,101,43,108,33,133,95" hai2="12,97,7,92,84,134,56,96,40,45,2,4,25" hai3="71,91,27,117,131,49,48,24,67,72,109,110,124"/><W55/><G72/><T122/><D3/><U47/><E108/><N who="3" m="41578" /><G117/><T114/><D122/><U75/><E33/><V119/><F119/><W26/><G124/><T61/><D73/><U125/><E118/><V120/><F2/><W105/><G105/><T116/><D116/><U58/><E125/><V123/><F134/><W93/><G131/><T41/><D106/><U9/><E101/><V28/><F56/><N who="3" m="32871" /><G49/><T36/><D128/><U82/><E107/><V50/><F84/><N who="3" m="52455" /><G67/><T60/><D132/><U59/><E133/><V64/><F64/><W57/><G57/><T69/><D69/><AGARI ba="0,0" hai="24,26,27,69,71" m="52455,32871,41578" machi="69" ten="30,1500,0" yaku="10,1" doraHai="70" who="3" fromWho="0" sc="295,-15,206,0,241,0,258,15" />
</Scene>
<Scene>
<INIT seed="7,1,0,5,4,19" ten="280,206,241,273" oya="3" hai0="94,56,25,129,93,6,100,108,69,88,65,119,134" hai1="12,72,34,116,89,64,91,41,44,74,33,130,18" hai2="85,67,125,63,71,39,95,20,70,11,110,61,47" hai3="26,27,132,21,2,83,131,104,62,16,98,123,90"/><W60/><G123/><T30/><D108/><U133/><E64/><V5/><F110/><W43/><G2/><T66/><D119/><U87/><E116/><V109/><F109/><W78/><G132/><T49/><D69/><U101/><E101/><V68/><F125/><W51/><G131/><T24/><D129/><U79/><E130/><V118/><F118/><W102/><G90/><T3/><D3/><U4/><E4/><V122/><F122/><W36/><G36/><T7/><D134/><U15/><E133/><V42/><F63/><W40/><G27/><N who="0" m="10315" /><D30/><U23/><E91/><V76/><F95/><W126/><G126/><T28/><D28/><U135/><E135/><V14/><REACH who="2" step="1"/><F20/><REACH who="2" ten="280,206,231,273" step="2"/><W81/><G81/><AGARI ba="1,1" hai="5,11,14,39,42,47,61,67,68,70,71,76,81,85" machi="81" ten="40,5200,0" yaku="1,1,2,1,53,1" doraHai="19" doraHaiUra="58" who="2" fromWho="3" sc="280,0,206,0,231,65,273,-55" />
</Scene>
<Scene>
<INIT seed="8,0,0,3,4,123" ten="280,206,296,218" oya="0" hai0="26,112,93,61,85,59,72,8,3,69,82,33,31" hai1="58,79,23,55,109,4,66,78,110,122,125,96,45" hai2="53,40,11,24,49,44,129,35,29,57,54,50,5" hai3="65,127,100,17,133,67,34,30,68,0,108,94,97"/><T104/><D104/><U13/><E122/><V63/><F129/><W86/><G0/><T74/><D112/><U37/><E66/><V111/><F111/><W71/><G30/><T81/><D69/><U131/><E96/><V36/><F36/><W32/><BYE who="2" /><G17/><UN n2="%E5%A4%AA%E3%81%8F%E3%81%AA%E3%81%84%E3%81%8A" /><T75/><D93/><U130/><E125/><V64/><F49/><W83/><G108/><N who="1" m="41578" /><E45/><V7/><F7/><W1/><G1/><AGARI ba="0,0" hai="1,5,11,24,29,35,40,44,50,53,54,57,63,64" machi="1" ten="30,1000,0" yaku="7,1" doraHai="123" who="2" fromWho="3" sc="280,0,206,0,296,10,218,-10" owari="280,8.0,206,-29.0,306,40.0,208,-19.0" />
</Scene>
</mjloggm>