<mjloggm ver="2.3"><GO type="169" lobby="0"/><UN n0="%E5%A4%AA%E3%81%8F%E3%81%AA%E3%81%84%E3%81%8A" n1="%EF%BC%88%E2%88%AA%EF%BC%BE%CF%89%EF%BC%BE%29%E2%98%86" n2="%E9%9B%80%E9%BE%8D%E9%96%80%5F%59%75%74%69" n3="%6D%75%6B%69%74%74%69" dan="18,17,18,16" rate="2266.55,2199.02,2258.63,2022.00" sx="F,F,M,M"/><TAIKYOKU oya="0"/>

<Scene>
<INIT seed="0,0,0,0,0,125" ten="250,250,250,250" oya="0" hai0="97,44,98,32,123,38,73,42,6,21,9,106,124" hai1="133,128,7,117,115,99,60,121,88,127,5,43,48" hai2="54,49,75,20,130,45,86,55,72,134,46,85,78" hai3="110,64,37,77,66,35,40,131,114,2,118,34,68"/><T69/><D32/><U29/><E117/><V25/><F134/><W31/><G77/><T51/><D123/><U104/><E121/><V65/><F65/><W94/><G94/><T135/><D69/><U63/><E133/><V70/><F70/><W116/><G31/><T0/><D135/><U100/><E127/><V83/><F130/><W3/><G68/><T39/><D124/><U92/><E29/><V30/><F75/><W22/><G22/><T12/><D73/><U26/><E115/><V84/><F72/><W62/><G62/><N who="1" m="23594" /><E104/><V74/><F74/><W19/><G19/><T14/><D106/><U47/><E128/><V52/><F55/><W87/><G87/><T119/><D119/><U58/><E26/><V107/><F107/><W82/><G82/><T111/><D111/><U41/><E58/><V56/><F46/><W1/><G40/><N who="1" m="15434" /><E100/><V120/><REACH who="2" step="1"/><F120/><REACH who="2" ten="250,250,240,250" step="2"/><W113/><G131/><T28/><D44/><U112/><E112/><V80/><F80/><W36/><REACH who="3" step="1"/><G3/><REACH who="3" ten="250,250,240,240" step="2"/><T109/><D0/><U90/><E48/><AGARI ba="0,2" hai="20,25,30,45,48,49,52,54,56,78,83,84,85,86" machi="48" ten="30,7700,0" yaku="1,1,7,1,8,1,54,1,53,0" doraHai="125" doraHaiUra="61" who="2" fromWho="1" sc="250,0,250,-77,240,97,240,0" />
</Scene>
<Scene>
<INIT seed="1,0,0,2,0,4" ten="250,173,337,240" oya="1" hai0="73,67,99,58,101,65,64,134,53,22,121,110,3" hai1="75,112,9,38,113,29,94,81,0,98,6,34,125" hai2="50,96,24,82,72,36,70,83,78,79,13,117,15" hai3="5,31,40,20,33,95,2,7,74,41,91,85,102"/><U10/><E38/><V55/><F117/><W100/><G74/><T130/><D73/><U118/><E118/><V116/><F116/><W132/><G33/><T120/><D3/><U71/><E71/><V135/><F135/><W23/><G132/><T25/><D134/><U119/><E119/><V114/><F114/><W49/><G2/><T92/><D110/><U35/><E125/><V66/><F36/><W115/><G115/><T57/><D130/><U32/><E29/><V133/><F133/><W129/><G129/><T30/><REACH who="0" step="1"/><D53/><REACH who="0" ten="240,173,337,240" step="2"/><U39/><E39/><V14/><F72/><W69/><G41/><T16/><D16/><U87/><E75/><V89/><F55/><W77/><G40/><T48/><D48/><U126/><E126/><V124/><F50/><W90/><G49/><T108/><D108/><U62/><E62/><V52/><F52/><W107/><G7/><T60/><D60/><U68/><E112/><V105/><F124/><W17/><G5/><T44/><D44/><U54/><E54/><V123/><F123/><AGARI ba="0,1" hai="22,25,30,57,58,64,65,67,92,99,101,120,121,123" machi="123" ten="40,2600,0" yaku="1,1,13,1,53,0" doraHai="4" doraHaiUra="127" who="0" fromWho="2" sc="240,36,173,0,337,-26,240,0" />
</Scene>
<Scene>
<INIT seed="2,0,0,0,0,20" ten="276,173,311,240" oya="2" hai0="112,45,81,33,19,97,60,93,85,70,59,99,8" hai1="51,18,95,94,0,24,21,23,29,86,114,15,90" hai2="26,79,105,101,53,78,132,119,3,123,40,72,49" hai3="100,27,34,125,17,110,83,58,25,73,38,56,63"/><V76/><F132/><W64/><G38/><T4/><D112/><U46/><E0/><V111/><F123/><W31/><G110/><T126/><D70/><U74/><E74/><V67/><F119/><W103/><G125/><T41/><D33/><U128/><E128/><V44/><F3/><W124/><G124/><T68/><D68/><U10/><E114/><V50/><F111/><W107/><G107/><T36/><D19/><U84/><E10/><V11/><F67/><W80/><G58/><T13/><D93/><U42/><REACH who="1" step="1"/><E95/><REACH who="1" ten="276,163,311,240" step="2"/><V1/><F72/><W131/><G131/><T37/><D126/><U55/><E55/><V88/><F1/><W69/><G73/><T92/><D92/><U115/><E115/><V16/><F11/><W47/><G80/><T77/><D37/><U91/><E91/><V122/><F122/><W104/><G83/><T62/><D36/><U133/><E133/><V22/><F105/><W102/><G104/><T7/><D8/><U71/><E71/><V98/><F101/><W96/><G69/><T134/><D81/><U117/><E117/><V121/><F121/><W66/><G103/><T12/><D134/><U39/><E39/><V89/><REACH who="2" step="1"/><F98/><AGARI ba="0,1" hai="15,18,21,23,24,29,42,46,51,84,86,90,94,98" machi="98" ten="30,7700,0" yaku="1,1,7,1,8,1,52,1,53,0" doraHai="20" doraHaiUra="108" who="1" fromWho="2" sc="276,0,163,87,311,-77,240,0" />
</Scene>
<Scene>
<INIT seed="3,0,0,3,3,8" ten="276,250,234,240" oya="3" hai0="64,1,103,18,132,86,68,24,5,6,124,115,116" hai1="11,105,89,20,91,85,60,87,28,33,7,14,80" hai2="34,36,110,49,126,47,77,50,32,95,82,27,61" hai3="90,120,104,22,45,30,96,17,130,57,65,106,19"/><W131/><G120/><T121/><D103/><U98/><E33/><V129/><F110/><W4/><G4/><T0/><D86/><U51/><E60/><V113/><F129/><N who="3" m="49163" /><G30/><T58/><D58/><U99/><E105/><N who="3" m="40554" /><G45/><T21/><D64/><U2/><E51/><V97/><F126/><W71/><G71/><T119/><D68/><U25/><REACH who="1" step="1"/><E2/><REACH who="1" ten="276,240,234,240" step="2"/><V101/><F61/><N who="3" m="38063" /><G22/><T55/><D21/><U43/><E43/><V81/><F34/><W42/><G42/><T93/><D0/><U108/><E108/><V69/><F32/><W56/><G56/><T112/><D1/><U15/><E15/><V40/><F69/><W62/><G62/><T72/><D121/><U16/><E16/><V94/><F40/><W63/><G63/><T134/><D18/><U109/><E109/><V107/><F50/><W23/><G23/><T114/><D112/><U31/><E31/><V73/><F113/><W127/><G127/><T54/><D124/><U117/><E117/><V3/><F49/><W84/><G96/><T135/><D135/><U41/><E41/><N who="2" m="22951" /><F3/><W38/><G38/><T92/><D24/><U48/><E48/><V122/><F122/><W128/><G128/><T10/><D10/><U74/><E74/><AGARI ba="0,1" hai="5,6,54,55,72,74,92,93,114,115,116,119,132,134" machi="74" ten="25,1600,0" yaku="22,2" doraHai="8" who="0" fromWho="1" sc="276,26,240,-16,234,0,240,0" />
</Scene>
<Scene>
<INIT seed="4,0,0,5,2,47" ten="302,224,234,240" oya="0" hai0="44,12,75,121,91,98,81,134,67,53,63,59,16" hai1="129,112,86,52,82,89,30,79,49,120,2,35,84" hai2="50,99,127,17,64,24,77,123,80,76,61,54,57" hai3="28,113,85,26,43,68,1,135,33,72,95,74,41"/><T25/><D121/><U65/><E2/><V38/><F127/><W15/><G1/><T107/><D134/><U66/><E120/><V119/><F123/><W56/><G68/><T110/><D110/><U7/><E129/><V11/><F119/><W117/><G117/><T115/><D115/><U94/><E112/><V14/><F38/><W97/><G113/><T103/><D25/><U55/><E7/><V27/><F99/><W92/><G135/><T125/><D125/><U93/><E93/><V58/><REACH who="2" step="1"/><F77/><REACH who="2" ten="302,224,224,240" step="2"/><W62/><G97/><T23/><D91/><U133/><E133/><V3/><F3/><W116/><G116/><T96/><D96/><U51/><E35/><V71/><F71/><W9/><G33/><T13/><D98/><U39/><E39/><V60/><F60/><W126/><G62/><T37/><D37/><U21/><E65/><V109/><F109/><W0/><G0/><T36/><D36/><U131/><E66/><V105/><F105/><W8/><G126/><T106/><D103/><U5/><E131/><V122/><F122/><W42/><G95/><T132/><D132/><U111/><E111/><V18/><F18/><W100/><G92/><T104/><D104/><U29/><E5/><V102/><F102/><W32/><G100/><T31/><D107/><U19/><E30/><V34/><F34/><W101/><G101/><T69/><D31/><U124/><E29/><V10/><F10/><W4/><G9/><T87/><D106/><U108/><E108/><V20/><F20/><W114/><G28/><T90/><D67/><U118/><E118/><RYUUKYOKU ba="0,1" sc="302,-10,224,-10,224,30,240,-10" hai2="11,14,17,24,27,50,54,57,58,61,64,76,80" />
</Scene>
<Scene>
<INIT seed="5,1,1,4,5,8" ten="292,214,254,230" oya="1" hai0="102,121,112,131,107,126,28,50,123,72,95,16,38" hai1="91,64,97,27,86,128,92,118,40,4,74,41,57" hai2="134,87,75,2,6,44,129,58,100,80,25,82,21" hai3="36,122,63,103,10,1,20,17,94,106,24,78,124"/><U84/><E74/><V48/><F134/><W120/><G106/><T11/><D38/><U113/><E118/><V66/><F129/><W23/><G36/><T54/><D72/><U51/><E128/><V130/><F130/><W37/><G37/><T35/><D131/><U83/><E113/><V110/><F110/><W45/><G45/><T53/><D107/><U108/><E108/><V19/><F2/><W90/><G103/><T101/><D112/><U26/><E4/><V88/><F6/><W62/><G124/><T135/><D126/><U29/><E86/><V70/><F70/><W13/><G1/><T81/><D81/><U43/><E29/><V119/><F100/><W115/><G115/><T109/><D109/><U89/><REACH who="1" step="1"/><E64/><REACH who="1" ten="292,204,254,230" step="2"/><V65/><F119/><W12/><G122/><T18/><D28/><U117/><E117/><V71/><F71/><W77/><G120/><T125/><D123/><U22/><E22/><V127/><F127/><W34/><G23/><T59/><D125/><U61/><E61/><V132/><F132/><W73/><G73/><T55/><D121/><U0/><E0/><V111/><F111/><W56/><G63/><T5/><D135/><U116/><E116/><V67/><F75/><W30/><G34/><T31/><D35/><U47/><E47/><V9/><F9/><W14/><G62/><T15/><D31/><U85/><E85/><V114/><F114/><W46/><G30/><T104/><D5/><U32/><E32/><V93/><F58/><W76/><G56/><T33/><D33/><U3/><E3/><V98/><F87/><RYUUKYOKU ba="1,2" sc="292,-15,204,15,254,15,230,-15" hai1="26,27,40,41,43,51,57,83,84,89,91,92,97" hai2="19,21,25,44,48,65,66,67,80,82,88,93,98" />
</Scene>
<Scene>
<INIT seed="5,2,2,0,5,105" ten="277,219,269,215" oya="1" hai0="70,24,97,116,126,8,120,92,127,109,33,125,3" hai1="39,122,85,16,35,32,81,57,98,41,42,68,46" hai2="131,43,79,58,104,30,0,80,26,115,61,123,45" hai3="99,121,84,71,134,74,60,10,28,106,53,111,17"/><U20/><E68/><V107/><F131/><W65/><G111/><T9/><D109/><U64/><E122/><V44/><F0/><W36/><G121/><T14/><D120/><U50/><E98/><V88/><F123/><W73/><G36/><T62/><D116/><U59/><E32/><V118/><F118/><W29/><G134/><T93/><D3/><U129/><E35/><V133/><F133/><W130/><G130/><T56/><D70/><U94/><E94/><N who="0" m="36457" /><D97/><U96/><E96/><V51/><F45/><W6/><G17/><T5/><D9/><U49/><E129/><V124/><F88/><W75/><G84/><T101/><D101/><U90/><E39/><V37/><F124/><W11/><G53/><N who="0" m="34063" /><D33/><U119/><E119/><V135/><F115/><W113/><G113/><T66/><D24/><N who="1" m="14343" /><E64/><AGARI ba="2,2" hai="5,8,14,64,66,125,126,127" m="34063,36457" machi="64" ten="40,1300,0" yaku="18,1" doraHai="105" who="0" fromWho="1" sc="277,39,219,-19,269,0,215,0" />
</Scene>
<Scene>
<INIT seed="6,0,0,0,0,20" ten="316,200,269,215" oya="2" hai0="131,5,12,37,58,26,48,44,10,30,121,45,104" hai1="113,77,22,72,36,41,0,39,14,106,110,16,101" hai2="120,126,117,27,6,108,86,28,69,59,89,63,49" hai3="80,67,98,65,9,15,123,68,35,114,23,8,127"/><V112/><F112/><W100/><G123/><T53/><D121/><U64/><E0/><V109/><F120/><W29/><G35/><T102/><D131/><U87/><E110/><V93/><F126/><W18/><G114/><T84/><D37/><U133/><E72/><V17/><F117/><W66/><G127/><T4/><D4/><U107/><E113/><V75/><F75/><W2/><G68/><T128/><D128/><U76/><E64/><V79/><F69/><W119/><G119/><T52/><D104/><U134/><E101/><V99/><F17/><W34/><G34/><T132/><D132/><N who="1" m="50795" /><E41/><V1/><F49/><W40/><G40/><T105/><D105/><N who="1" m="39947" /><E87/><V25/><F28/><W71/><G71/><T61/><D102/><U130/><E130/><V33/><F33/><W42/><G42/><T38/><D84/><U21/><E22/><V13/><F1/><W32/><G2/><T97/><D97/><U82/><E82/><N who="2" m="47455" /><F108/><W50/><G80/><T122/><D38/><AGARI ba="0,0" hai="14,16,21,36,38,39,76,77" m="39947,50795" machi="38" ten="40,2600,0" yaku="20,1,54,1" doraHai="20" who="1" fromWho="0" sc="316,-26,200,26,269,0,215,0" />
</Scene>
<Scene>
<INIT seed="7,0,0,0,1,15" ten="290,226,269,215" oya="3" hai0="84,41,122,11,119,92,36,20,125,33,5,59,123" hai1="133,87,16,9,40,19,69,29,127,134,53,43,28" hai2="71,67,132,35,24,75,103,95,72,77,82,60,48" hai3="25,62,12,107,10,22,120,66,112,23,100,83,81"/><W101/><G120/><T58/><D33/><U0/><E69/><V99/><F132/><N who="1" m="50793" /><E127/><V98/><F98/><W105/><G105/><T52/><D119/><U96/><E96/><V17/><F48/><W76/><G112/><T110/><D110/><U34/><E87/><V64/><F64/><W78/><G107/><T135/><D135/><U30/><E34/><V114/><F114/><W44/><G44/><T56/><D36/><U94/><E94/><V54/><F54/><W111/><G111/><T85/><D41/><N who="1" m="15947" /><E53/><V91/><F75/><W115/><G115/><T42/><D42/><U113/><E113/><V39/><F39/><W37/><G37/><T97/><D84/><U90/><E90/><V38/><F38/><W118/><G118/><T89/><D97/><U49/><E49/><V18/><REACH who="2" step="1"/><F91/><REACH who="2" ten="290,226,259,215" step="2"/><W61/><G66/><T93/><D52/><U55/><E55/><V124/><F124/><W1/><G1/><T80/><D125/><U8/><E0/><V47/><F47/><W4/><G101/><T79/><D89/><U68/><E68/><V7/><F7/><W21/><G100/><T57/><D123/><U13/><E13/><V130/><F130/><W3/><G3/><N who="0" m="447" /><D122/><U109/><E109/><V88/><F88/><W104/><G104/><T14/><D58/><U128/><E128/><V27/><F27/><W102/><G102/><T32/><D93/><U2/><E2/><V45/><F45/><W121/><G121/><T126/><D92/><U74/><E74/><V46/><F46/><W86/><G25/><T63/><D126/><U131/><E131/><RYUUKYOKU ba="0,1" sc="290,-30,226,10,259,10,215,10" hai1="8,9,16,19,28,29,30" hai2="17,18,24,35,60,67,71,72,77,82,95,99,103" hai3="4,10,12,21,22,23,61,62,76,78,81,83,86" />
</Scene>
<Scene>
<INIT seed="7,1,1,1,3,85" ten="260,236,269,225" oya="3" hai0="126,130,89,132,5,128,20,108,61,46,104,50,124" hai1="37,12,39,55,131,78,114,32,99,27,3,28,16" hai2="2,73,33,91,52,125,38,56,96,40,80,14,106" hai3="121,98,60,57,51,15,86,59,68,105,66,65,10"/><W21/><G121/><T7/><D108/><U129/><E3/><V6/><F33/><W120/><G120/><T127/><D104/><U54/><E114/><V71/><F71/><W62/><G68/><T30/><D61/><U35/><E35/><V111/><F2/><W79/><G105/><T123/><D123/><U102/><E78/><V83/><F38/><W113/><G113/><T0/><D132/><U9/><E39/><V23/><F40/><W18/><G98/><T119/><D119/><U109/><E37/><V95/><F125/><W29/><G51/><T8/><D7/><U100/><E100/><V74/><F106/><W43/><G43/><N who="0" m="24927" /><D89/><U25/><E25/><AGARI ba="1,1" hai="0,5,8,20,25,30,124,126,127,128,130" m="24927" machi="25" ten="40,1300,0" yaku="18,1" doraHai="85" who="0" fromWho="1" sc="260,26,236,-16,269,0,225,0" />
</Scene>
<Scene>
<INIT seed="8,0,0,5,0,9" ten="286,220,269,225" oya="0" hai0="2,100,88,46,43,50,39,117,83,59,96,110,85" hai1="8,13,51,71,57,87,67,68,86,76,103,62,114" hai2="3,109,27,1,116,0,95,119,60,4,115,125,129" hai3="16,118,130,58,49,94,28,36,124,12,14,35,126"/><T53/><D110/><U91/><E103/><V61/><F109/><W82/><G36/><T29/><D117/><N who="2" m="45130" /><F115/><W65/><G118/><T78/><D2/><U11/><E11/><V128/><F125/><N who="3" m="48235" /><G130/><N who="2" m="50281" /><F4/><W25/><G94/><T135/><D135/><U38/><E38/><V123/><F123/><W107/><G107/><T45/><D29/><U93/><E114/><V64/><F64/><W21/><G82/><T42/><D78/><U6/><REACH who="1" step="1"/><E51/><REACH who="1" ten="286,210,269,225" step="2"/><V37/><F37/><W75/><G75/><T121/><D39/><U18/><E18/><V56/><F3/><W89/><G89/><T73/><D73/><U127/><E127/><V102/><F1/><W113/><G113/><T108/><D108/><U41/><E41/><N who="0" m="15369" /><D121/><U5/><E5/><V122/><F122/><W74/><G74/><T20/><D100/><U55/><E55/><V22/><F0/><W24/><G49/><T15/><D50/><U79/><E79/><V134/><F134/><W7/><G7/><T47/><D53/><U132/><E132/><V54/><F54/><W19/><G19/><T104/><D104/><U105/><E105/><V23/><F102/><W99/><G99/><T131/><D131/><U101/><E101/><V52/><F52/><W81/><G81/><AGARI ba="0,1" hai="6,8,13,57,62,67,68,71,76,81,86,87,91,93" machi="81" ten="40,5200,0" yaku="1,1,52,1,53,1" doraHai="9" doraHaiUra="77" who="1" fromWho="3" sc="286,0,210,62,269,0,225,-52" />
</Scene>
<Scene>
<INIT seed="9,0,0,3,0,70" ten="286,272,269,173" oya="1" hai0="48,122,115,77,37,40,69,73,20,79,43,9,120" hai1="21,7,25,98,47,106,80,75,99,45,58,36,93" hai2="57,6,96,72,91,11,117,19,29,113,125,50,121" hai3="109,119,60,17,95,74,83,116,56,13,44,52,92"/><U129/><E7/><V97/><F125/><W14/><G109/><T133/><D115/><U59/><E106/><V63/><F121/><W3/><G3/><T84/><D69/><U110/><E36/><V107/><F117/><N who="3" m="45131" /><G44/><N who="1" m="16970" /><E75/><V42/><F72/><W32/><G32/><T12/><D73/><U134/><E134/><V10/><F42/><N who="0" m="15914" /><D133/><U0/><E0/><V68/><F50/><W71/><G71/><T126/><D48/><U65/><E129/><V85/><F68/><W88/><G74/><T67/><D67/><U108/><E80/><V8/><F29/><W46/><G46/><T24/><D126/><U66/><E98/><V33/><F33/><W30/><G30/><N who="0" m="17671" /><D37/><U132/><E132/><V87/><F113/><W118/><N who="3" m="45139" /><W27/><DORA hai="111" /><G27/><T53/><D53/><U31/><E108/><V82/><F107/><W105/><G105/><T18/><D122/><U130/><E130/><V90/><F6/><W23/><G14/><T86/><D120/><U94/><E110/><V81/><REACH who="2" step="1"/><F19/><REACH who="2" ten="286,272,259,173" step="2"/><W54/><G54/><AGARI ba="0,1" hai="8,10,11,54,57,63,81,82,85,87,90,91,96,97" machi="54" ten="40,8000,1" yaku="1,1,2,1,9,1,8,1,53,0" doraHai="70,111" doraHaiUra="2,15" who="2" fromWho="3" sc="286,0,272,0,259,90,173,-80" owari="286,9.0,272,-13.0,349,45.0,93,-41.0" />
</Scene>
</mjloggm>