<mjloggm ver="2.3"><GO type="169" lobby="0"/><UN n0="%44%65%74%63%68%27" n1="%63%75%72%65%74%61%70%65" n2="%6C%61%6B%75%63%68%69" n3="%E5%A4%AA%E3%81%8F%E3%81%AA%E3%81%84%E3%81%8A" dan="17,16,17,17" rate="2137.89,2123.53,2183.80,2180.85" sx="M,M,M,M"/><TAIKYOKU oya="0"/>

<Scene>
<INIT seed="0,0,0,2,3,117" ten="250,250,250,250" oya="0" hai0="98,34,28,135,56,71,64,60,115,50,70,85,91" hai1="63,62,119,127,14,90,19,33,83,99,49,120,106" hai2="65,134,41,52,97,133,47,20,30,0,73,18,43" hai3="54,109,6,93,92,9,11,31,130,3,12,94,107"/><T69/><D115/><U22/><E119/><V26/><F73/><W67/><G107/><T45/><D135/><N who="2" m="51722" /><F65/><W101/><G67/><T15/><D15/><U123/><E33/><V131/><F0/><W39/><G39/><T122/><D122/><U1/><E1/><V53/><F131/><W57/><G130/><T113/><D113/><U36/><E36/><N who="2" m="21927" /><F43/><W76/><G109/><T23/><D98/><U104/><E127/><V66/><F66/><W61/><G76/><T129/><D129/><U75/><E106/><V89/><F18/><W88/><G101/><T29/><D34/><U42/><E63/><V105/><F89/><W78/><G78/><T118/><D23/><U5/><E5/><V24/><F24/><W35/><G35/><T128/><D128/><U72/><E62/><V84/><F84/><W79/><G79/><T110/><D110/><U116/><E116/><V96/><F96/><W46/><G46/><T77/><D77/><U21/><E75/><V16/><F30/><W25/><G25/><T44/><D118/><U81/><E72/><V86/><F86/><W125/><G31/><T55/><REACH who="0" step="1"/><D45/><REACH who="0" ten="240,250,250,250" step="2"/><U10/><E22/><V8/><F8/><W108/><G108/><T40/><D40/><U48/><E10/><V7/><F7/><W80/><G11/><T100/><D100/><AGARI ba="0,1" hai="16,20,26,52,53,97,100,105" m="21927,51722" machi="100" ten="30,3900,0" yaku="20,1,54,2" doraHai="117" who="2" fromWho="0" sc="240,-39,250,0,250,49,250,0" />
</Scene>
<Scene>
<INIT seed="1,0,0,2,5,31" ten="201,250,299,250" oya="1" hai0="40,122,49,66,54,14,65,71,132,68,76,100,15" hai1="70,53,39,13,27,80,115,63,124,87,79,128,30" hai2="26,45,84,85,8,0,47,11,56,81,120,50,16" hai3="57,133,102,36,123,108,131,86,60,17,75,7,97"/><U92/><E115/><V104/><F120/><W94/><G123/><T37/><D100/><U107/><E39/><V88/><F104/><W69/><G75/><T9/><D76/><U96/><E107/><V105/><F105/><W22/><G36/><T101/><D101/><U59/><E124/><V112/><F112/><W6/><G69/><N who="0" m="26699" /><D9/><N who="2" m="3658" /><F0/><W82/><G108/><T103/><D103/><U34/><E70/><V93/><F56/><W29/><G133/><T41/><D14/><U10/><E128/><V62/><F62/><W55/><G29/><T129/><D15/><U134/><E134/><V135/><F135/><W109/><G131/><T83/><D83/><U117/><E117/><V90/><F50/><W125/><G109/><T126/><D129/><U64/><E64/><N who="0" m="24681" /><D132/><U114/><E114/><V48/><F48/><W111/><G125/><T25/><D25/><U33/><E92/><V130/><F130/><W113/><G111/><T119/><D122/><U44/><E96/><V121/><F121/><W12/><REACH who="3" step="1"/><G113/><REACH who="3" ten="201,250,299,240" step="2"/><T110/><D110/><U46/><REACH who="1" step="1"/><E34/><REACH who="1" ten="201,240,299,240" step="2"/><V127/><F127/><W38/><G38/><T21/><D126/><U98/><E98/><V74/><F74/><W5/><G5/><AGARI ba="0,2" hai="5,10,13,27,30,33,44,46,53,59,63,79,80,87" machi="5" ten="30,11600,0" yaku="1,1,7,1,52,1,53,1" doraHai="31" doraHaiUra="3" who="1" fromWho="3" sc="201,0,240,136,299,0,240,-116" />
</Scene>
<Scene>
<INIT seed="1,1,0,5,2,3" ten="201,376,299,124" oya="1" hai0="117,101,36,46,8,107,23,33,4,72,50,39,2" hai1="85,96,31,134,121,95,104,11,70,97,77,130,116" hai2="111,86,87,6,62,74,132,44,79,113,106,68,28" hai3="67,12,91,126,90,7,32,109,45,102,89,41,24"/><U47/><E116/><V34/><F106/><W76/><G109/><T15/><D117/><U92/><E70/><V60/><F111/><W83/><G126/><T64/><D72/><U108/><E108/><V58/><F132/><W65/><G102/><T81/><D81/><U9/><E104/><V51/><F68/><W99/><G99/><T18/><D101/><U66/><E134/><V73/><F62/><W17/><G32/><T22/><D107/><U35/><E130/><V42/><F113/><W29/><G29/><T127/><D127/><U124/><E124/><V93/><F87/><N who="3" m="48615" /><G24/><T30/><D23/><U131/><E131/><V1/><F79/><W54/><G54/><T78/><D78/><U57/><E47/><V135/><F135/><W40/><G7/><T110/><D64/><N who="3" m="24649" /><G45/><T112/><D112/><U120/><E31/><V84/><F28/><W129/><G129/><T103/><D103/><U98/><E35/><V59/><F34/><W38/><G38/><T115/><D115/><U123/><E66/><V88/><F86/><W122/><G122/><T16/><D18/><U80/><REACH who="1" step="1"/><E57/><REACH who="1" ten="201,366,299,124" step="2"/><V21/><F59/><W25/><G25/><N who="0" m="18639" /><D110/><U49/><E49/><V94/><F58/><W100/><G100/><T125/><D125/><U20/><E20/><AGARI ba="1,1" hai="12,17,20,40,41,89,90,91" m="24649,48615" machi="20" ten="30,1000,0" yaku="8,1" doraHai="3" who="3" fromWho="1" sc="201,0,366,-13,299,0,124,23" />
</Scene>
<Scene>
<INIT seed="2,0,0,3,0,124" ten="201,353,299,147" oya="2" hai0="107,114,134,62,87,10,51,48,25,14,131,47,100" hai1="32,119,111,102,55,23,9,16,121,38,117,75,65" hai2="80,56,129,17,36,95,15,105,63,112,12,109,90" hai3="40,92,108,50,79,104,4,130,37,72,84,24,120"/><V34/><F105/><W28/><G120/><T43/><D134/><U67/><E38/><V5/><F34/><W133/><G104/><T126/><D126/><U7/><E32/><V35/><F35/><W61/><G37/><T128/><D114/><U20/><E75/><V135/><F112/><W1/><G133/><T54/><D62/><U127/><E127/><V26/><F135/><W33/><G108/><T41/><D87/><U46/><E111/><V118/><F36/><W116/><G116/><T85/><D85/><U99/><E121/><V78/><F118/><W39/><G39/><T13/><D25/><U64/><E23/><N who="2" m="13679" /><F5/><W125/><G125/><T115/><D115/><U30/><E30/><V91/><F91/><W132/><G132/><T69/><D69/><U93/><E55/><N who="2" m="34207" /><F129/><N who="0" m="49738" /><D48/><U86/><E86/><N who="2" m="48407" /><F109/><W27/><G130/><T45/><D45/><U113/><E113/><V123/><F123/><W2/><G50/><T44/><D44/><U60/><E46/><V70/><F70/><W122/><G122/><T66/><D66/><U83/><E83/><V19/><F19/><W29/><G61/><T88/><D88/><U94/><E60/><V58/><F58/><W74/><G33/><T18/><D14/><N who="1" m="5439" /><E119/><V103/><F103/><W22/><G27/><T6/><D6/><U76/><E117/><V68/><F68/><W110/><G24/><T53/><D43/><U96/><E65/><V71/><F71/><W8/><G110/><T21/><D21/><U106/><E67/><V31/><F31/><W98/><G29/><T59/><D59/><U73/><E20/><RYUUKYOKU ba="0,0" sc="201,15,353,-15,299,15,147,-15" hai0="10,13,18,41,47,51,53,54,100,107" hai2="12,15,90,95" />
</Scene>
<Scene>
<INIT seed="2,1,0,1,3,63" ten="216,338,314,132" oya="2" hai0="124,12,18,105,123,84,104,57,61,114,44,131,6" hai1="80,40,116,42,86,102,58,25,33,106,66,108,10" hai2="127,122,14,75,67,90,0,26,129,81,24,74,89" hai3="28,126,60,98,8,17,71,82,76,119,72,36,54"/><V103/><F122/><W7/><G119/><T41/><D123/><U9/><E116/><V118/><F0/><W20/><G36/><T15/><D114/><U22/><E108/><V100/><F118/><W68/><G28/><T31/><D31/><U65/><E33/><V3/><F3/><W45/><G126/><T88/><D131/><U91/><E102/><V132/><F14/><W27/><G98/><T52/><D12/><U130/><E130/><V69/><F129/><W93/><G93/><T50/><D6/><U46/><E106/><V16/><F127/><W34/><G34/><T79/><D79/><U1/><E58/><V77/><F75/><W110/><G110/><T29/><D29/><N who="1" m="17591" /><E1/><V37/><F37/><W5/><G8/><N who="1" m="3178" /><E46/><V87/><F132/><W32/><G32/><T56/><D56/><U30/><E30/><V135/><F135/><W134/><G134/><T113/><D113/><U21/><E21/><N who="2" m="13351" /><F74/><W125/><G125/><T92/><REACH who="0" step="1"/><D124/><REACH who="0" ten="206,338,314,132" step="2"/><U83/><E83/><V128/><F128/><W70/><G5/><T112/><D112/><U59/><E59/><V55/><F69/><W120/><G7/><T73/><D73/><U35/><E35/><V101/><F26/><W19/><G120/><T107/><D107/><U47/><E47/><V115/><F115/><W111/><G111/><T133/><D133/><U85/><E80/><V121/><F121/><W11/><G45/><T43/><D43/><U53/><E42/><V13/><F13/><N who="3" m="7359" /><G70/><T64/><D64/><U51/><E40/><V49/><F67/><N who="3" m="41063" /><G71/><T97/><D97/><U62/><E66/><RYUUKYOKU ba="1,1" sc="206,10,338,-30,314,10,132,10" hai0="15,18,41,44,50,52,57,61,84,88,92,104,105" hai2="49,55,77,81,87,89,90,100,101,103" hai3="19,20,27,54,72,76,82" />
</Scene>
<Scene>
<INIT seed="2,2,1,3,2,7" ten="216,308,324,142" oya="2" hai0="76,59,102,116,100,44,51,124,88,24,4,37,26" hai1="39,74,61,90,55,53,27,0,8,35,29,33,21" hai2="118,73,19,77,101,11,2,14,63,16,133,128,112" hai3="65,119,52,23,28,135,46,97,49,66,98,108,64"/><V13/><F118/><W18/><G119/><T17/><D124/><U15/><E39/><V105/><F112/><W94/><G108/><T45/><D76/><U31/><E74/><V6/><F133/><W34/><G135/><T50/><D116/><U110/><E0/><V38/><F38/><W93/><G34/><T125/><D4/><U123/><E123/><V57/><F128/><W131/><G131/><T56/><D37/><U54/><E31/><V80/><F105/><W95/><REACH who="3" step="1"/><G18/><REACH who="3" ten="216,308,324,132" step="2"/><T20/><D125/><U87/><E110/><V75/><F19/><W107/><G107/><T1/><D17/><N who="1" m="8423" /><E35/><V43/><F16/><W32/><G32/><T58/><D20/><U111/><E33/><V132/><F132/><W84/><G84/><T122/><D122/><U114/><E111/><V42/><F75/><W120/><G120/><T91/><D58/><N who="1" m="35039" /><E114/><V96/><F73/><W92/><N who="3" m="24064" /><DORA hai="69" /><W22/><G22/><T104/><D104/><U60/><E87/><V40/><F96/><W81/><G81/><T85/><D85/><U83/><E83/><V3/><F80/><W48/><G48/><T121/><D121/><U109/><E109/><V113/><F113/><W47/><G47/><T62/><D62/><U68/><E60/><V67/><F63/><W99/><G99/><T9/><D9/><U25/><E21/><V82/><F11/><W71/><G71/><T127/><D127/><U89/><E68/><V41/><F82/><W103/><G103/><T5/><D5/><U117/><E117/><V12/><F101/><W70/><G70/><T10/><D10/><RYUUKYOKU ba="2,2" sc="216,15,308,-15,324,-15,132,15" hai0="1,24,26,44,45,50,51,56,59,88,91,100,102" hai3="23,28,46,49,52,64,65,66,97,98" />
</Scene>
<Scene>
<INIT seed="3,3,2,3,2,31" ten="231,293,309,147" oya="3" hai0="133,94,91,108,124,111,56,37,130,132,53,48,98" hai1="51,89,74,129,85,92,10,65,60,101,32,29,41" hai2="120,125,90,86,55,27,121,43,33,102,64,82,84" hai3="97,9,57,95,63,127,54,122,28,80,115,117,87"/><W103/><G115/><T52/><D130/><U50/><E74/><V21/><F125/><W34/><G117/><T19/><D124/><U128/><E101/><V104/><F43/><W93/><G127/><T58/><D37/><U6/><E41/><V79/><F64/><W25/><G122/><N who="2" m="47209" /><F33/><W112/><G112/><T73/><D73/><U119/><E119/><V109/><F109/><N who="0" m="42058" /><D19/><U62/><E62/><AGARI ba="3,2" hai="48,52,53,56,58,62,91,94,98,132,133" m="42058" machi="62" ten="30,2000,0" yaku="14,1,54,1" doraHai="31" who="0" fromWho="1" sc="231,49,293,-29,309,0,147,0" />
</Scene>
<Scene>
<INIT seed="4,0,0,5,0,42" ten="280,264,309,147" oya="0" hai0="40,17,85,90,12,4,122,5,44,31,134,110,7" hai1="107,3,118,36,92,43,124,11,111,38,86,52,54" hai2="47,25,108,132,22,19,121,88,114,35,2,77,53" hai3="34,125,23,81,106,67,8,27,113,21,39,94,105"/><T103/><D122/><U97/><E118/><V28/><F108/><W59/><G39/><T13/><D110/><U116/><E111/><V104/><F104/><W102/><G34/><T55/><D134/><U9/><E107/><V29/><F121/><W130/><G113/><T72/><D72/><U78/><E124/><V45/><F2/><W33/><G33/><T61/><D103/><U6/><E11/><V75/><F114/><W14/><G125/><T109/><D31/><N who="2" m="11850" /><F75/><W70/><G70/><T120/><D120/><U100/><E38/><V135/><F35/><W0/><G0/><T79/><D79/><U99/><E99/><V26/><F77/><W18/><G130/><T20/><D109/><U69/><E69/><V71/><F71/><W15/><G81/><N who="0" m="49455" /><D40/><U101/><E101/><V30/><F53/><W89/><G102/><T131/><D131/><U126/><E126/><V123/><F123/><W51/><G27/><N who="0" m="14735" /><D61/><U32/><E32/><N who="2" m="20559" /><F88/><W65/><G106/><T76/><D76/><U87/><E78/><V1/><F1/><W64/><G105/><T117/><D117/><U82/><E82/><V73/><F73/><W95/><G89/><T46/><D55/><U93/><E36/><V16/><F19/><N who="3" m="10487" /><G95/><T119/><D119/><U129/><E116/><V37/><F37/><W41/><G94/><T83/><D83/><U63/><E129/><V74/><F74/><W91/><G91/><T62/><D62/><U96/><E63/><V48/><F48/><W10/><G41/><T128/><D128/><U50/><E43/><V58/><F58/><W80/><G80/><RYUUKYOKU ba="0,0" sc="280,10,264,-30,309,10,147,10" hai0="4,5,7,12,13,44,46" hai2="16,22,26,45,47,132,135" hai3="8,10,15,18,23,51,59,64,65,67" />
</Scene>
<Scene>
<INIT seed="4,1,0,5,5,10" ten="290,234,319,157" oya="0" hai0="118,55,96,30,93,77,125,124,0,4,26,16,108" hai1="100,128,58,54,66,75,120,2,43,87,114,110,44" hai2="28,131,49,36,80,122,27,37,39,113,45,64,53" hai3="3,121,116,82,117,13,5,115,25,111,107,103,62"/><T40/><D118/><U90/><E120/><V119/><F122/><W61/><G121/><T9/><D40/><U92/><E110/><V24/><F119/><W42/><G111/><T79/><D108/><U48/><E75/><V34/><F113/><W63/><G3/><T94/><D55/><U126/><E2/><V81/><F131/><W52/><G42/><T105/><D105/><U97/><E128/><V130/><F130/><W74/><G115/><T8/><D8/><U72/><E114/><V6/><F64/><W1/><G1/><T60/><D60/><U57/><E72/><V78/><F78/><N who="0" m="29706" /><D16/><U98/><E126/><N who="0" m="48745" /><D96/><U76/><E76/><V132/><F132/><W129/><G74/><T84/><D84/><U133/><E133/><V88/><F6/><W73/><G73/><T12/><D0/><U50/><E100/><V101/><F101/><W86/><G129/><T41/><D41/><U22/><E22/><AGARI ba="1,0" hai="4,9,12,22,26,30,93,94" m="48745,29706" machi="22" ten="30,2900,0" yaku="18,1,52,1" doraHai="10" who="0" fromWho="1" sc="290,32,234,-32,319,0,157,0" />
</Scene>
<Scene>
<INIT seed="4,2,0,3,0,53" ten="322,202,319,157" oya="0" hai0="75,25,87,117,135,116,88,49,113,90,91,12,41" hai1="100,15,89,80,79,27,66,14,103,128,9,19,83" hai2="61,101,69,67,109,26,122,50,73,45,42,65,123" hai3="111,46,97,96,34,47,38,74,2,6,60,134,48"/><T72/><D12/><U17/><E128/><V104/><F73/><N who="0" m="28234" /><D25/><U64/><E27/><V95/><F104/><W120/><G111/><T55/><D41/><U76/><E89/><N who="0" m="34409" /><D55/><U126/><E126/><V13/><F26/><W133/><G34/><T98/><D49/><U1/><E1/><V118/><F101/><W44/><G74/><T52/><D52/><U11/><AGARI ba="2,0" hai="9,11,14,15,17,19,64,66,76,79,80,83,100,103" machi="11" ten="25,6400,0" yaku="0,1,22,2,8,1" doraHai="53" who="1" fromWho="1" sc="322,-34,202,70,319,-18,157,-18" />
</Scene>
<Scene>
<INIT seed="5,0,0,3,4,8" ten="288,272,301,139" oya="1" hai0="123,134,62,24,10,55,130,60,32,76,121,108,77" hai1="79,26,1,35,115,102,58,86,19,117,36,45,63" hai2="48,23,111,113,73,30,33,2,50,16,64,53,4" hai3="46,104,100,28,131,41,93,106,98,3,95,0,133"/><U110/><E117/><V40/><F111/><W13/><G133/><T72/><D108/><U56/><E110/><V129/><F73/><W42/><G131/><T21/><D130/><U128/><E1/><V105/><F105/><W91/><G28/><N who="0" m="17423" /><D134/><U71/><E71/><V78/><F78/><N who="0" m="30314" /><D32/><U88/><E115/><V51/><F64/><W5/><G5/><T90/><D72/><U125/><E125/><V52/><F40/><W80/><G80/><T18/><D55/><U11/><E35/><V112/><F129/><W17/><G106/><T124/><D124/><U27/><E79/><V94/><F94/><W57/><G57/><T7/><D90/><U43/><E102/><V67/><F67/><W31/><G31/><T118/><D18/><U82/><E128/><V44/><F30/><W92/><G91/><T15/><D118/><U29/><E58/><V127/><F33/><W89/><G89/><T103/><D103/><U135/><E29/><V114/><F127/><W59/><G59/><T6/><D6/><U122/><E122/><AGARI ba="0,0" hai="7,10,15,60,62,121,122,123" m="30314,17423" machi="122" ten="30,2000,0" yaku="13,1,52,1" doraHai="8" who="0" fromWho="1" sc="288,20,272,-20,301,0,139,0" />
</Scene>
<Scene>
<INIT seed="6,0,0,2,4,30" ten="308,252,301,139" oya="2" hai0="71,1,51,124,76,52,29,56,109,106,0,112,82" hai1="36,33,117,17,126,95,47,62,48,87,110,21,80" hai2="83,46,25,41,94,2,91,108,127,84,20,78,42" hai3="69,70,103,134,11,19,129,39,111,68,50,53,67"/><V6/><F127/><W4/><G111/><T114/><D109/><U59/><E110/><V74/><F108/><W77/><G39/><T107/><D124/><U28/><E126/><V3/><F6/><W132/><G103/><T14/><D14/><U65/><E117/><V130/><F130/><W22/><G77/><T131/><D71/><U26/><E36/><V133/><F133/><N who="3" m="51307" /><G129/><T75/><D29/><U27/><E95/><V37/><REACH who="2" step="1"/><F42/><REACH who="2" ten="308,252,291,139" step="2"/><W66/><G4/><T119/><D131/><U49/><REACH who="1" step="1"/><E47/><REACH who="1" ten="308,242,291,139" step="2"/><V57/><F57/><N who="3" m="32951" /><G11/><T32/><D56/><U81/><E81/><V73/><F73/><W88/><G70/><T122/><D82/><U92/><E92/><V97/><F97/><W86/><G69/><T96/><D75/><U58/><E58/><V43/><F43/><W115/><G68/><T89/><D96/><U123/><E123/><V12/><F12/><N who="3" m="9575" /><G115/><T101/><D122/><U60/><E60/><V44/><F44/><W72/><G72/><T120/><D112/><U121/><E121/><V63/><F63/><W79/><G79/><AGARI ba="0,2" hai="17,21,26,27,28,33,48,49,59,62,65,79,80,87" machi="79" ten="30,7700,0" yaku="1,1,7,1,52,1,53,1" doraHai="30" doraHaiUra="54" who="1" fromWho="3" sc="308,0,242,97,291,0,139,-77" />
</Scene>
<Scene>
<INIT seed="7,0,0,2,2,134" ten="308,339,291,62" oya="3" hai0="12,86,26,129,64,29,31,107,125,28,45,38,135" hai1="61,71,22,33,127,5,42,96,119,76,132,102,4" hai2="47,77,84,98,81,115,40,83,124,54,18,118,60" hai3="43,69,70,55,121,103,51,111,41,110,50,11,57"/><W113/><G103/><T6/><D135/><U75/><E132/><V90/><F115/><W130/><G11/><T95/><D129/><U59/><E33/><V133/><F133/><W82/><G82/><T80/><D107/><U74/><E71/><N who="3" m="27146" /><G121/><T20/><D95/><U62/><E119/><V8/><F118/><W99/><G99/><T78/><D12/><U7/><E42/><N who="3" m="15882" /><G113/><T16/><D6/><U66/><E76/><V56/><F98/><W10/><G10/><T15/><D80/><U97/><E22/><V49/><F124/><W94/><G94/><T89/><D26/><U65/><E127/><V48/><F8/><W67/><G67/><T108/><D125/><U25/><E25/><V123/><F123/><W91/><G91/><T30/><D64/><U128/><E97/><V23/><F83/><W32/><G32/><T9/><D89/><U106/><E128/><V93/><F93/><W105/><G105/><T72/><D29/><U100/><E100/><V120/><F120/><W39/><G39/><T0/><D9/><U116/><E66/><V37/><REACH who="2" step="1"/><F77/><REACH who="2" ten="308,339,281,62" step="2"/><W104/><G104/><T35/><D78/><U63/><E116/><V87/><F87/><W1/><G1/><T58/><D86/><U122/><E122/><V114/><F114/><W46/><G130/><T126/><D72/><U131/><E131/><V17/><F17/><W73/><G73/><T101/><D0/><U2/><E2/><V109/><F109/><W117/><G117/><T79/><D108/><U34/><E75/><V14/><AGARI ba="0,1" hai="14,18,23,37,40,47,48,49,54,56,60,81,84,90" machi="14" ten="20,5200,0" yaku="1,1,0,1,7,1,53,1" doraHai="134" doraHaiUra="36" who="2" fromWho="2" sc="308,-13,339,-13,281,62,62,-26" owari="295,-10.0,326,13.0,343,43.0,36,-46.0" />
</Scene>
</mjloggm>