<mjloggm ver="2.3"><GO type="169" lobby="0"/><UN n0="%E3%82%BC%E3%83%AA%E3%83%BC%E7%8A%B6%E3%81%AE%E3%81%8A%E3%83%8A%E3%82%B9" n1="%73%68%69%6E%6F%21%21" n2="%65%6E%6B%61%69%73%6D" n3="%E5%A4%AA%E3%81%8F%E3%81%AA%E3%81%84%E3%81%8A" dan="16,17,17,18" rate="2055.02,2126.06,2083.91,2217.54" sx="M,M,M,M"/><TAIKYOKU oya="0"/>

<Scene>
<INIT seed="0,0,0,4,0,121" ten="250,250,250,250" oya="0" hai0="22,135,92,71,40,124,102,20,16,37,126,4,38" hai1="100,115,133,26,3,27,90,93,95,62,52,79,105" hai2="25,128,91,21,110,75,70,48,131,76,85,89,112" hai3="41,6,83,106,96,73,81,103,47,94,127,7,30"/><T132/><D71/><U68/><E3/><V72/><F112/><W28/><G127/><N who="0" m="48683" /><D4/><U125/><E125/><V18/><F70/><W86/><G7/><T1/><D1/><U97/><E133/><N who="0" m="51273" /><D40/><U130/><E115/><V36/><F36/><W116/><G116/><T13/><D22/><U10/><E10/><V65/><F65/><W56/><G6/><T11/><D11/><U60/><E68/><V42/><F76/><W77/><G56/><T17/><D17/><U33/><E79/><V109/><F42/><W101/><G30/><T84/><D84/><U74/><E33/><V99/><F48/><W107/><G28/><T34/><D34/><U63/><E26/><V45/><F45/><W61/><G47/><T9/><D9/><U19/><E27/><V57/><F57/><W44/><G44/><T64/><D64/><U88/><E19/><V108/><F99/><AGARI ba="0,0" hai="13,16,20,37,38,92,99,102" m="51273,48683" machi="99" ten="30,5800,0" yaku="18,1,20,1,54,1" doraHai="121" who="0" fromWho="2" sc="250,58,250,0,250,-58,250,0" />
</Scene>
<Scene>
<INIT seed="0,1,0,4,3,77" ten="308,250,192,250" oya="0" hai0="5,118,49,121,91,60,37,98,115,94,22,42,84" hai1="43,76,125,3,124,62,107,113,47,101,131,10,78" hai2="26,46,123,135,41,111,93,120,73,8,52,116,126" hai3="53,1,32,12,33,100,90,35,89,2,92,58,59"/><T18/><D118/><U20/><E131/><V7/><F116/><W16/><G100/><T85/><D121/><U9/><E113/><V88/><F111/><W97/><G89/><T79/><D115/><U82/><E62/><V36/><F126/><N who="1" m="48745" /><E3/><V21/><F135/><W96/><G96/><T119/><D119/><U109/><E78/><V103/><F103/><W114/><G114/><T129/><D37/><U31/><E109/><V108/><F108/><W102/><G102/><T65/><D5/><U28/><E101/><V39/><F73/><W74/><G74/><T61/><D129/><U64/><E64/><V11/><F36/><W104/><G104/><T81/><D98/><U83/><E107/><V40/><F120/><W75/><G75/><T55/><D42/><N who="2" m="16490" /><F39/><W122/><G122/><T72/><D65/><U17/><E76/><V13/><F8/><N who="1" m="3177" /><E31/><N who="2" m="17871" /><F123/><W99/><G2/><T105/><D105/><U71/><E28/><V45/><F52/><W69/><G53/><T66/><D66/><U57/><E57/><V6/><F6/><W117/><G1/><T50/><D72/><U48/><E71/><V29/><F29/><W127/><G127/><T67/><D67/><U27/><AGARI ba="1,0" hai="17,20,27,43,47,48,82,83" m="3177,48745" machi="27" ten="30,4000,0" yaku="18,1,52,2" doraHai="77" who="1" fromWho="1" sc="308,-21,250,43,192,-11,250,-11" />
</Scene>
<Scene>
<INIT seed="1,0,0,3,3,129" ten="287,293,181,239" oya="1" hai0="64,33,12,113,97,28,21,116,122,117,40,124,54" hai1="22,58,23,73,109,16,68,29,110,63,32,135,95" hai2="39,108,119,20,103,98,53,80,102,112,84,61,34" hai3="107,9,79,89,1,25,62,42,27,134,36,104,43"/><U35/><E73/><V19/><F119/><W90/><G79/><T71/><D113/><U47/><E68/><V91/><F34/><W15/><G1/><T56/><D122/><U66/><E135/><V72/><F112/><W0/><G0/><T5/><D33/><U67/><E67/><V83/><F108/><N who="1" m="41577" /><E47/><V125/><F125/><W41/><G36/><T26/><D40/><U87/><E29/><V48/><F39/><W133/><G62/><T128/><D64/><U7/><E7/><V81/><F61/><W99/><G15/><T120/><D124/><U59/><E59/><N who="2" m="33191" /><F72/><W6/><G9/><T123/><D71/><U52/><E66/><V105/><F105/><N who="3" m="40523" /><G6/><T3/><D123/><U50/><E63/><V65/><F65/><W44/><G44/><T88/><D120/><U106/><E106/><V127/><F127/><W14/><G14/><T30/><D3/><U93/><E23/><V51/><F51/><W4/><G4/><T77/><D5/><U46/><E46/><V57/><F57/><W55/><G55/><T60/><D30/><U100/><E100/><N who="2" m="38443" /><F98/><W70/><G99/><T49/><D97/><U92/><E87/><V45/><F45/><W69/><G70/><T18/><D116/><U31/><E31/><V37/><F37/><W10/><G69/><T38/><D28/><U115/><E115/><V76/><F76/><W74/><G74/><T114/><D38/><U13/><AGARI ba="0,0" hai="13,16,22,32,35,50,52,58,92,93,95" m="41577" machi="13" ten="30,11700,0" yaku="14,1,10,1,54,2" doraHai="129" who="1" fromWho="1" sc="287,-39,293,117,181,-39,239,-39" />
</Scene>
<Scene>
<INIT seed="1,1,0,0,2,4" ten="248,410,142,200" oya="1" hai0="86,122,41,13,108,126,39,5,51,6,48,20,42" hai1="17,35,22,87,34,123,21,29,25,88,46,50,19" hai2="45,106,109,14,3,28,125,10,105,135,104,1,134" hai3="107,91,38,100,98,61,56,26,97,53,84,55,77"/><U16/><E123/><V79/><F109/><W115/><G115/><T66/><D108/><U82/><REACH who="1" step="1"/><E35/><REACH who="1" ten="248,400,142,200" step="2"/><V89/><F135/><W43/><G107/><T64/><D122/><U7/><E7/><V72/><F134/><W102/><G100/><T69/><D5/><U31/><E31/><V36/><F28/><W121/><G102/><T118/><D118/><U96/><E96/><V130/><F106/><W9/><G98/><T94/><D39/><U62/><E62/><V101/><F105/><W112/><G97/><T117/><D117/><U37/><E37/><V58/><F101/><W23/><G121/><T74/><D6/><U73/><E73/><V71/><F72/><W75/><G75/><T47/><D74/><U24/><E24/><V132/><F104/><W8/><G26/><T78/><D69/><U63/><E63/><V65/><F71/><W68/><G61/><T127/><D127/><U40/><AGARI ba="1,1" hai="16,17,19,21,22,25,29,34,40,46,50,82,87,88" machi="40" ten="30,11700,0" yaku="1,1,0,1,54,2,53,0" doraHai="4" doraHaiUra="11" who="1" fromWho="1" sc="248,-40,400,130,142,-40,200,-40" />
</Scene>
<Scene>
<INIT seed="1,2,0,4,0,116" ten="208,530,102,160" oya="1" hai0="35,115,131,90,41,127,83,24,37,102,103,117,95" hai1="119,56,60,106,9,63,69,64,66,135,8,130,27" hai2="111,133,76,87,107,78,105,6,134,15,101,58,118" hai3="89,20,42,28,104,93,4,21,77,59,81,55,45"/><U32/><E119/><V132/><F118/><W39/><G104/><N who="2" m="40009" /><F6/><W43/><G43/><T80/><D117/><U79/><E130/><V33/><F33/><W72/><G28/><T53/><D131/><U73/><E135/><N who="2" m="34563" /><V57/><DORA hai="62" /><F15/><W2/><G59/><N who="2" m="22537" /><F101/><W122/><G55/><T47/><D115/><U114/><E114/><V67/><F87/><W61/><G61/><T11/><D127/><U22/><E32/><V16/><F16/><W7/><G122/><T112/><D112/><U38/><E106/><V31/><F31/><W71/><G71/><T23/><D35/><U126/><E126/><V52/><F52/><W51/><G51/><T13/><D53/><U97/><E97/><V123/><F111/><W14/><G14/><T124/><D124/><U26/><E38/><V40/><F40/><W75/><G75/><T108/><D102/><U70/><E56/><V68/><F123/><W19/><G19/><T84/><D103/><U94/><E94/><V18/><F18/><W12/><G12/><T50/><D37/><U46/><E46/><V34/><F34/><W99/><REACH who="3" step="1"/><G7/><REACH who="3" ten="208,530,102,150" step="2"/><N who="0" m="3327" /><D108/><U65/><E70/><V120/><F120/><W85/><G85/><T88/><D41/><U96/><E69/><V98/><F98/><W17/><G17/><T128/><D128/><U5/><E96/><V91/><F91/><W10/><AGARI ba="2,1" hai="2,4,10,20,21,39,42,45,72,77,81,89,93,99" machi="10" ten="30,8000,1" yaku="1,1,0,1,25,2,53,1" doraHai="116,62" doraHaiUra="92,49" who="3" fromWho="3" sc="208,-22,530,-42,102,-22,150,96" />
</Scene>
<Scene>
<INIT seed="2,0,0,3,3,114" ten="186,488,80,246" oya="2" hai0="102,25,90,15,17,66,125,111,16,2,59,123,135" hai1="3,104,34,113,7,116,63,109,119,99,39,95,89" hai2="103,112,36,41,50,26,69,9,91,122,84,93,11" hai3="46,94,40,130,96,121,128,80,118,49,53,131,110"/><V24/><F122/><W38/><G121/><T70/><D123/><U10/><E113/><V117/><F112/><W77/><G110/><T106/><D70/><U21/><E34/><V105/><F36/><W132/><G132/><T86/><D135/><U60/><E39/><V101/><F69/><W85/><G118/><T42/><D2/><U28/><E104/><V134/><F134/><W54/><REACH who="3" step="1"/><G38/><REACH who="3" ten="186,488,80,236" step="2"/><T71/><D111/><U0/><E109/><V100/><F117/><W5/><G5/><T29/><D71/><U83/><E116/><V126/><F126/><W64/><G64/><T78/><D125/><U4/><E4/><V79/><F105/><W73/><G73/><T57/><D66/><U76/><E119/><V43/><F79/><W88/><AGARI ba="0,1" hai="40,46,49,53,54,77,80,85,88,94,96,128,130,131" machi="88" ten="30,7900,0" yaku="1,1,0,1,19,1,54,1,53,0" doraHai="114" doraHaiUra="129" who="3" fromWho="3" sc="186,-20,488,-20,80,-39,236,89" />
</Scene>
<Scene>
<INIT seed="3,0,0,2,0,73" ten="166,468,41,325" oya="3" hai0="84,40,5,6,130,85,80,58,113,66,47,87,124" hai1="105,93,88,114,46,18,103,27,125,92,42,76,71" hai2="101,86,119,4,78,129,41,35,104,131,44,79,59" hai3="24,91,123,31,107,0,62,11,26,94,8,28,50"/><W128/><G107/><T12/><D130/><N who="2" m="49674" /><F35/><W25/><G128/><T64/><D124/><U53/><E125/><V48/><F119/><W135/><G123/><T20/><D113/><U96/><E114/><V117/><F117/><W132/><G62/><T13/><D80/><U120/><E71/><V68/><F68/><W90/><G50/><T112/><D112/><U89/><E120/><V30/><F30/><N who="3" m="11307" /><G0/><T110/><D110/><U102/><E53/><N who="2" m="32167" /><F4/><W1/><G1/><T97/><D97/><U52/><E105/><V109/><F109/><W70/><G70/><T16/><D58/><U29/><E29/><V36/><F86/><N who="3" m="52567" /><G91/><T81/><D81/><U75/><E89/><V77/><F104/><W43/><G43/><T134/><D134/><AGARI ba="0,0" hai="8,11,24,25,26,132,134,135" m="52567,11307" machi="134" ten="30,1500,0" yaku="20,1" doraHai="73" who="3" fromWho="0" sc="166,-15,468,0,41,0,325,15" />
</Scene>
<Scene>
<INIT seed="3,1,0,0,3,76" ten="151,468,41,340" oya="3" hai0="26,101,53,60,23,130,69,73,49,52,32,70,131" hai1="41,44,122,83,129,105,19,128,117,100,102,34,57" hai2="80,12,119,22,112,27,29,36,127,16,114,71,95" hai3="59,110,15,39,58,43,84,30,99,77,85,5,25"/><W65/><G39/><T96/><D73/><U14/><E14/><BYE who="1" /><V103/><F36/><W124/><G43/><T6/><D32/><U82/><E82/><V133/><F71/><W63/><G124/><T75/><D75/><U38/><E38/><V121/><F119/><UN n1="%73%68%69%6E%6F%21%21" /><W20/><G110/><T104/><D6/><U66/><E122/><V21/><F127/><W0/><G0/><T72/><D72/><U91/><E117/><V61/><F121/><W68/><G99/><T37/><D37/><U108/><E34/><V1/><F1/><W2/><G2/><T47/><D53/><U87/><E108/><V11/><F133/><W134/><G134/><T97/><D97/><U35/><E35/><V50/><F50/><W17/><G5/><T48/><D48/><N who="1" m="26639" /><E19/><V86/><F11/><W10/><REACH who="3" step="1"/><G85/><REACH who="3" ten="151,468,41,330" step="2"/><T55/><D55/><U106/><E87/><V107/><F107/><W9/><G9/><T51/><D51/><U88/><E106/><V62/><F112/><W78/><G78/><T111/><D111/><U8/><E8/><V31/><F114/><W109/><G109/><T92/><D104/><U45/><E105/><V81/><F86/><W94/><G94/><T135/><D135/><U67/><E129/><N who="0" m="49161" /><D60/><U74/><E128/><V79/><F62/><W93/><G93/><T24/><D23/><U18/><E74/><V33/><F61/><W54/><G54/><T7/><D7/><U132/><E132/><V125/><F125/><W28/><G28/><T98/><D98/><U116/><E116/><V123/><F123/><W113/><G113/><T90/><D49/><RYUUKYOKU ba="1,1" sc="151,-10,468,-10,41,-10,330,30" hai3="10,15,17,20,25,30,58,59,63,65,68,77,84" />
</Scene>
<Scene>
<INIT seed="3,2,1,1,4,22" ten="141,458,31,360" oya="3" hai0="107,47,11,2,90,117,91,115,30,40,128,133,17" hai1="29,118,99,55,13,79,113,19,97,44,32,127,92" hai2="3,10,45,74,8,23,111,52,86,102,95,20,46" hai3="87,5,98,82,37,94,96,78,4,75,84,43,132"/><W110/><G5/><T21/><D117/><U120/><E120/><V33/><F111/><W114/><G4/><T83/><D133/><U26/><E113/><V88/><F33/><W103/><G43/><T93/><D128/><U1/><E1/><V39/><F74/><W116/><G37/><T31/><D107/><U106/><E127/><V76/><F76/><W135/><G114/><T105/><D105/><U50/><E118/><V38/><F38/><W69/><G69/><T85/><D115/><U80/><E106/><V134/><F134/><N who="3" m="51243" /><G116/><T49/><D11/><N who="2" m="4138" /><F39/><W51/><G51/><T121/><D2/><U7/><E7/><V41/><F3/><W60/><G60/><T104/><D104/><U108/><E108/><V100/><F41/><W77/><G110/><T70/><D70/><U131/><E131/><V36/><F36/><W0/><G0/><T58/><D58/><U62/><E62/><V25/><F20/><W14/><G14/><T64/><D64/><U56/><E56/><V48/><F46/><W35/><G35/><T81/><D121/><U122/><E122/><V63/><F63/><W65/><G65/><T71/><D71/><U6/><E6/><V54/><F54/><W73/><G96/><N who="0" m="57399" /><D81/><AGARI ba="2,1" hai="73,75,77,78,81,82,84,87,94,98,103" m="51243" machi="81" ten="30,5800,0" yaku="20,1,34,2" doraHai="22" who="3" fromWho="0" sc="141,-64,458,0,31,0,360,74" />
</Scene>
<Scene>
<INIT seed="3,3,0,5,1,93" ten="77,458,31,434" oya="3" hai0="118,23,42,134,63,123,29,121,37,131,4,46,127" hai1="98,126,124,53,99,96,52,51,5,24,54,125,81" hai2="105,79,100,114,31,9,18,88,11,65,45,75,49" hai3="1,8,120,132,129,58,90,69,40,130,59,101,94"/><W113/><G113/><T22/><D131/><N who="3" m="50185" /><G120/><T109/><D118/><U87/><E5/><V86/><F114/><W34/><G69/><T38/><D109/><U102/><E24/><V26/><F65/><W56/><G132/><T97/><D134/><U74/><E74/><V133/><F133/><W61/><G34/><T21/><D127/><U112/><E112/><V2/><F79/><W92/><G40/><T62/><D29/><U16/><E16/><V10/><F75/><W12/><G1/><T36/><D4/><U115/><E115/><V116/><F116/><W55/><G101/><T48/><REACH who="0" step="1"/><D97/><REACH who="0" ten="67,458,31,434" step="2"/><U14/><E102/><V83/><F2/><W89/><G89/><T117/><D117/><U17/><E125/><V32/><F18/><N who="3" m="8455" /><G94/><T19/><D19/><U85/><E126/><V107/><REACH who="2" step="1"/><F100/><REACH who="2" ten="67,458,21,434" step="2"/><W135/><G135/><T84/><D84/><AGARI ba="3,2" hai="55,56,58,59,61,84,90,92" m="8455,50185" machi="84" ten="30,1500,0" yaku="19,1" doraHai="93" who="3" fromWho="0" sc="67,-24,458,0,21,0,434,44" />
</Scene>
<Scene>
<INIT seed="3,4,0,4,5,48" ten="43,458,21,478" oya="3" hai0="93,47,35,85,122,25,32,56,118,114,18,6,126" hai1="21,7,87,108,42,72,76,113,71,44,43,58,110" hai2="130,132,111,131,65,50,96,34,22,62,94,80,26" hai3="105,134,73,37,13,55,3,70,86,135,129,101,106"/><W2/><G73/><T54/><D118/><U120/><E120/><V125/><F111/><N who="1" m="42537" /><E71/><V115/><F115/><W46/><G70/><T39/><D122/><U10/><E72/><V103/><F125/><W69/><G69/><T121/><D121/><U51/><E58/><N who="2" m="37079" /><F34/><W53/><G129/><N who="2" m="49161" /><F80/><W31/><G31/><T81/><D6/><U77/><E21/><V36/><F36/><W4/><G13/><T127/><D93/><U124/><E124/><N who="0" m="47657" /><D114/><U38/><E113/><V59/><F132/><N who="3" m="50731" /><G86/><T84/><D18/><U8/><E8/><V112/><F112/><W16/><G16/><T52/><D25/><U14/><E87/><N who="0" m="33353" /><D81/><U63/><E7/><V23/><F26/><W27/><G27/><T45/><D45/><U92/><E44/><V57/><F57/><W104/><G101/><T33/><D56/><U97/><E14/><V28/><F28/><W102/><G102/><T116/><D116/><U75/><E75/><V95/><F95/><W117/><G117/><T89/><D89/><U40/><E92/><V68/><F68/><W5/><G5/><T20/><D20/><U66/><E77/><V90/><F90/><W82/><G82/><T30/><D30/><U60/><E76/><V17/><F17/><W123/><G123/><T98/><D98/><U9/><E97/><V1/><F1/><N who="3" m="11" /><G4/><T119/><D119/><U0/><E0/><V41/><F59/><W128/><G128/><T11/><D11/><U61/><E9/><V133/><F133/><W19/><G19/><T91/><D91/><U100/><E10/><V64/><F64/><W74/><G74/><RYUUKYOKU ba="4,0" sc="43,10,458,-30,21,10,478,10" hai0="32,33,35,39,47,52,54" hai2="22,23,41,50,94,96,103" hai3="37,46,53,55,104,105,106" />
</Scene>
<Scene>
<INIT seed="3,5,0,5,1,123" ten="53,428,31,488" oya="3" hai0="10,24,96,87,43,64,115,82,61,119,11,110,0" hai1="109,114,1,39,126,22,86,2,44,93,127,21,14" hai2="38,47,99,31,15,124,131,79,18,48,122,112,16" hai3="89,101,72,40,13,32,128,62,6,94,57,134,77"/><W78/><G32/><T27/><D119/><U63/><E109/><V84/><F112/><W4/><G101/><T41/><D115/><U129/><E114/><V121/><F38/><W120/><G120/><N who="2" m="46185" /><F124/><N who="1" m="47657" /><E63/><V91/><F131/><W53/><G128/><T92/><D110/><U102/><E129/><V76/><F31/><W52/><G40/><T132/><D132/><U98/><E86/><V58/><F58/><N who="3" m="35143" /><G72/><T51/><D0/><N who="1" m="107" /><E14/><V116/><F99/><N who="3" m="57807" /><G134/><T65/><D96/><U7/><E7/><N who="3" m="2602" /><G13/><T23/><D41/><AGARI ba="5,0" hai="21,22,39,41,44,93,98,102" m="107,47657" machi="41" ten="30,1000,0" yaku="18,1" doraHai="123" who="1" fromWho="0" sc="53,-25,428,25,31,0,488,0" />
</Scene>
<Scene>
<INIT seed="4,0,0,0,3,104" ten="28,453,31,488" oya="0" hai0="71,111,79,45,70,59,89,80,22,124,42,9,86" hai1="69,123,129,126,105,11,108,134,128,112,19,90,40" hai2="132,75,135,100,36,8,118,31,35,55,30,32,56" hai3="3,107,21,15,119,97,23,114,133,77,73,94,29"/><T61/><D124/><U58/><E40/><V4/><F36/><W81/><G119/><T66/><D111/><U50/><E90/><V10/><F100/><W17/><G3/><T1/><D22/><U96/><E19/><V91/><F91/><W109/><G109/><T88/><D71/><U25/><E25/><V110/><F110/><W72/><G107/><T44/><D70/><U2/><E58/><V125/><F125/><W122/><G114/><T95/><D89/><U63/><E63/><V93/><F93/><W102/><G133/><N who="2" m="51273" /><F118/><W121/><REACH who="3" step="1"/><G73/><REACH who="3" ten="28,453,31,478" step="2"/><T130/><D130/><U18/><E128/><V13/><F75/><W101/><G101/><T74/><REACH who="0" step="1"/><D42/><REACH who="0" ten="18,453,31,478" step="2"/><U85/><E129/><V127/><F127/><W27/><AGARI ba="0,2" hai="15,17,21,23,27,29,72,77,81,94,97,102,121,122" machi="27" ten="30,4000,0" yaku="1,1,0,1,52,1,53,0" doraHai="104" doraHaiUra="65" who="3" fromWho="3" sc="18,-20,453,-10,31,-10,478,60" owari="-2,-50.0,443,24.0,21,-38.0,538,64.0" />
</Scene>
</mjloggm>