<mjloggm ver="2.3"><GO type="169" lobby="0"/><UN n0="%E9%A7%84%E5%A6%B9" n1="%E5%A4%AA%E3%81%8F%E3%81%AA%E3%81%84%E3%81%8A" n2="%E3%81%BD%E3%81%BF%E3%82%85" n3="%E3%81%A1%E3%82%83%E3%81%9D%E2%98%86" dan="16,17,16,16" rate="2062.28,2199.23,2079.17,2093.02" sx="F,F,F,M"/><TAIKYOKU oya="0"/>

<Scene>
<INIT seed="0,0,0,2,5,31" ten="250,250,250,250" oya="0" hai0="48,74,26,6,111,117,130,65,80,1,79,16,115" hai1="0,105,14,96,25,91,67,112,38,78,32,63,133" hai2="30,100,18,40,57,47,128,121,46,36,68,34,134" hai3="97,13,3,132,70,19,85,7,125,95,90,21,59"/><T131/><D115/><U110/><E0/><V103/><F68/><W109/><G70/><T62/><D117/><U104/><E38/><V54/><F121/><W12/><G109/><T2/><D48/><U41/><E41/><V35/><F47/><W58/><G132/><T88/><D111/><U42/><E42/><V5/><F30/><W113/><G113/><T92/><D6/><U66/><E112/><V93/><F134/><W119/><G119/><T52/><D65/><U20/><E78/><V82/><F5/><W84/><G3/><T75/><D75/><U56/><E67/><V37/><F37/><W28/><G28/><T71/><D71/><U118/><E133/><V22/><F82/><W126/><G126/><T89/><D1/><U76/><E76/><V24/><F128/><N who="0" m="49194" /><D92/><N who="1" m="56351" /><E110/><V43/><F43/><W17/><G7/><T122/><D122/><U129/><E118/><V87/><F103/><W123/><G125/><T11/><D2/><U73/><E73/><V69/><F69/><W9/><G123/><T29/><D29/><N who="1" m="19503" /><E129/><V120/><F120/><W15/><REACH who="3" step="1"/><G13/><REACH who="3" ten="250,250,250,240" step="2"/><N who="0" m="7231" /><D26/><U55/><E14/><V83/><F24/><W98/><G98/><T77/><D77/><U64/><E105/><V107/><F107/><W102/><G102/><T45/><D45/><U27/><E104/><V39/><F39/><W108/><G108/><T53/><D53/><U106/><E106/><V33/><F100/><W10/><G10/><T81/><D81/><U61/><E66/><V114/><F114/><W124/><G124/><T101/><D101/><U23/><E27/><V44/><F83/><RYUUKYOKU ba="0,1" sc="250,10,250,10,250,-30,240,10" hai0="52,62,74,79,80,88,89" hai1="20,23,55,56,61,63,64" hai3="9,12,15,17,19,21,58,59,84,85,90,95,97" />
</Scene>
<Scene>
<INIT seed="0,1,1,1,4,94" ten="260,260,220,250" oya="0" hai0="130,78,75,95,104,6,97,129,28,135,115,134,26" hai1="96,100,114,121,61,126,23,109,50,124,110,12,99" hai2="113,13,117,48,107,101,71,93,105,86,7,14,11" hai3="72,8,19,91,0,38,65,55,49,108,131,24,57"/><T5/><D104/><U98/><E121/><V25/><F113/><W54/><G108/><N who="1" m="41578" /><E114/><V120/><F120/><W33/><G38/><T118/><D118/><U125/><E50/><V52/><F71/><W43/><G43/><T79/><D115/><U102/><E61/><V9/><F117/><W35/><G72/><T70/><D70/><U15/><E23/><V116/><F25/><W111/><G65/><T85/><D85/><U46/><E46/><V53/><F116/><W62/><G35/><N who="0" m="20887" /><D75/><U83/><E83/><V69/><F69/><W84/><G33/><T45/><D45/><U59/><E59/><V1/><F1/><W18/><G0/><T60/><D60/><U3/><E3/><V74/><F74/><W90/><G62/><T20/><D20/><U92/><E99/><N who="2" m="59631" /><F105/><AGARI ba="1,1" hai="12,15,92,96,98,100,102,105,124,125,126" m="41578" machi="105" ten="40,8000,1" yaku="18,1,14,1,52,2" doraHai="94" who="1" fromWho="2" sc="260,0,260,93,220,-83,250,0" />
</Scene>
<Scene>
<INIT seed="1,0,0,0,3,96" ten="260,353,137,250" oya="1" hai0="4,127,19,36,13,59,86,71,130,5,12,39,23" hai1="134,15,95,20,17,79,83,107,120,21,32,89,26" hai2="92,47,133,61,117,28,27,14,102,30,40,8,3" hai3="34,85,115,44,49,31,38,98,132,87,0,10,118"/><U64/><E120/><V69/><F117/><W109/><G115/><T37/><D71/><U81/><E107/><V91/><F3/><W106/><G38/><T114/><D114/><U72/><E134/><V77/><F133/><W131/><G34/><T112/><D112/><U63/><E81/><V24/><F77/><W22/><G31/><T54/><D127/><U80/><E80/><V76/><F76/><W121/><G22/><T129/><D86/><U122/><E122/><V58/><F69/><W93/><G106/><T104/><D104/><U29/><E95/><V78/><F78/><W70/><G70/><T35/><D35/><U100/><E89/><V52/><F102/><N who="3" m="60751" /><G109/><T99/><D99/><U110/><E110/><V94/><F30/><W66/><G118/><T25/><D4/><U50/><E50/><N who="2" m="26983" /><F28/><W68/><G121/><T51/><REACH who="0" step="1"/><D5/><REACH who="0" ten="250,353,137,250" step="2"/><U123/><E123/><V46/><F91/><W16/><G132/><T60/><D60/><U62/><E63/><V65/><F61/><W18/><G68/><T74/><D74/><U43/><E32/><V55/><F94/><W88/><G88/><T33/><D33/><U119/><E119/><V11/><F92/><W126/><G126/><T56/><D56/><N who="1" m="36935" /><E100/><V124/><F124/><W128/><G85/><T82/><D82/><U45/><E79/><V108/><F108/><W2/><G87/><T7/><D7/><U103/><E83/><V113/><F113/><W116/><G116/><T75/><D75/><U135/><E135/><V48/><F58/><W111/><G111/><T73/><D73/><U90/><E72/><RYUUKYOKU ba="0,1" sc="250,30,353,-10,137,-10,250,-10" hai0="12,13,19,23,25,36,37,39,51,54,59,129,130" />
</Scene>
<Scene>
<INIT seed="2,1,1,1,4,123" ten="280,343,127,240" oya="2" hai0="61,84,44,128,42,17,56,26,91,7,14,48,100" hai1="64,117,38,110,114,96,83,35,6,16,62,45,109" hai2="92,113,54,68,111,20,101,13,59,108,23,81,50" hai3="65,2,25,118,31,33,119,51,60,8,104,75,121"/><V28/><F68/><N who="3" m="42023" /><G51/><T30/><D128/><U103/><E114/><V98/><F113/><W85/><G85/><T107/><D7/><U134/><E117/><V46/><F81/><W27/><G27/><T79/><D79/><U129/><E35/><V89/><F89/><W21/><G121/><T15/><D107/><U67/><E6/><V131/><F131/><W133/><G133/><T74/><D100/><U90/><E129/><V4/><F46/><W135/><G21/><N who="0" m="13615" /><D30/><U77/><E90/><V95/><F95/><W53/><G53/><N who="0" m="33935" /><D74/><N who="1" m="43447" /><E134/><V12/><F12/><W47/><G135/><T105/><D105/><N who="1" m="63719" /><E16/><V5/><F5/><N who="3" m="1079" /><G75/><T19/><D19/><U97/><E97/><V24/><REACH who="2" step="1"/><F23/><REACH who="2" ten="280,343,117,240" step="2"/><W127/><G104/><T88/><D91/><U39/><E45/><V40/><F40/><W126/><G47/><T36/><D36/><U78/><E78/><V80/><F80/><AGARI ba="1,2" hai="14,15,42,44,48,80,84,88" m="33935,13615" machi="80" ten="30,2000,0" yaku="8,1,54,1" doraHai="123" who="0" fromWho="2" sc="280,43,343,0,117,-23,240,0" />
</Scene>
<Scene>
<INIT seed="3,0,0,5,0,58" ten="323,343,94,240" oya="3" hai0="127,36,54,113,2,66,10,16,91,68,132,120,35" hai1="48,102,15,111,100,117,110,87,130,20,51,92,78" hai2="27,9,25,114,97,60,108,101,19,126,69,93,76" hai3="45,88,81,104,86,24,63,26,94,34,37,57,14"/><W71/><G104/><T96/><D120/><U29/><E130/><V85/><F114/><W50/><G71/><T73/><D73/><U123/><E123/><V52/><F108/><N who="1" m="41513" /><E117/><V72/><F72/><W55/><G37/><T22/><D35/><U3/><E3/><V79/><F69/><W67/><G34/><T95/><D36/><U0/><E0/><V59/><F126/><W80/><G14/><T121/><D121/><U42/><E42/><V18/><F85/><W43/><G43/><T118/><D118/><U122/><E122/><V134/><F134/><W40/><REACH who="3" step="1"/><G55/><REACH who="3" ten="323,343,94,230" step="2"/><T90/><D54/><U11/><E15/><N who="2" m="7535" /><F27/><AGARI ba="0,1" hai="24,26,27,40,45,50,57,63,67,80,81,86,88,94" machi="27" ten="40,18000,2" yaku="1,1,8,1,52,1,54,1,53,2" doraHai="58" doraHaiUra="77" who="3" fromWho="2" sc="323,0,343,0,94,-180,230,190" owari="323,-8.0,343,14.0,-86,-59.0,420,53.0" />
</Scene>
</mjloggm>