<mjloggm ver="2.3"><GO type="169" lobby="0"/><UN n0="%E5%A4%AA%E3%81%8F%E3%81%AA%E3%81%84%E3%81%8A" n1="%63%68%75%62%75%37%34" n2="%E8%B5%A4%E8%A3%8F%E3%83%9B%E3%82%B7%E3%83%BC%E3%83%8E" n3="%E8%A5%BF%E5%9E%A3%E8%AA%A0%E4%B8%80" dan="17,16,16,16" rate="2133.18,2102.78,2144.84,2087.03" sx="M,M,M,M"/><TAIKYOKU oya="0"/>

<Scene>
<INIT seed="0,0,0,4,0,20" ten="250,250,250,250" oya="0" hai0="101,11,129,71,64,85,120,84,19,105,24,89,93" hai1="99,70,15,130,96,53,111,61,92,28,59,13,75" hai2="65,9,81,133,10,88,68,23,41,16,58,67,121" hai3="107,49,78,76,42,94,25,55,95,32,30,47,100"/><T73/><D120/><U27/><E75/><V128/><F121/><W82/><G107/><T74/><D129/><U51/><E111/><V83/><F128/><W112/><G112/><T116/><D116/><U125/><E125/><V44/><F133/><W36/><G100/><T135/><D135/><U4/><E130/><V79/><F68/><W114/><G114/><T1/><D85/><U43/><E4/><V127/><F127/><W113/><G113/><T6/><D64/><U39/><E39/><V17/><F79/><W60/><G60/><T21/><REACH who="0" step="1"/><D71/><REACH who="0" ten="240,250,250,250" step="2"/><U87/><E87/><V37/><F67/><W26/><G78/><T22/><D22/><U80/><E99/><AGARI ba="0,1" hai="1,6,11,19,21,24,73,74,84,89,93,99,101,105" machi="99" ten="40,3900,0" yaku="1,1,52,1,53,0" doraHai="20" doraHaiUra="109" who="0" fromWho="1" sc="240,49,250,-39,250,0,250,0" />
</Scene>
<Scene>
<INIT seed="0,1,0,0,2,13" ten="289,211,250,250" oya="0" hai0="8,18,123,2,90,80,116,14,25,51,9,91,47" hai1="112,1,130,53,15,58,49,78,71,56,60,79,55" hai2="87,73,3,126,67,133,29,104,54,115,85,34,26" hai3="19,10,109,62,118,11,83,65,120,66,94,64,121"/><T43/><D116/><U39/><E1/><V81/><F104/><W59/><G118/><T101/><D123/><N who="3" m="47177" /><G109/><T117/><D117/><U102/><E130/><V4/><F67/><N who="3" m="25675" /><G94/><T22/><D101/><U61/><E112/><V106/><F106/><W17/><G83/><T93/><D80/><U111/><E39/><V134/><F87/><W74/><G74/><T128/><D128/><U6/><E111/><V38/><F73/><W31/><G31/><T48/><D2/><U33/><E33/><V113/><F4/><W88/><G88/><N who="0" m="33835" /><D93/><U27/><E71/><V63/><F85/><W98/><G98/><T125/><D125/><U37/><E37/><V72/><F3/><W122/><G122/><T92/><D92/><U82/><E102/><V107/><F126/><W46/><G46/><N who="0" m="25695" /><D25/><U23/><E49/><V99/><F99/><W97/><G97/><T100/><D100/><U96/><E96/><V7/><F107/><W52/><G66/><T45/><D45/><U108/><E82/><V5/><F113/><W0/><G0/><T105/><D105/><U16/><E108/><V114/><F115/><W28/><G28/><T36/><D36/><U129/><E129/><V12/><F38/><W41/><G41/><AGARI ba="1,0" hai="8,9,14,18,22,41,47,51" m="25695,33835" machi="41" ten="30,5800,0" yaku="8,1,52,1,54,1" doraHai="13" who="0" fromWho="3" sc="289,61,211,0,250,0,250,-61" />
</Scene>
<Scene>
<INIT seed="0,2,0,3,3,126" ten="350,211,250,189" oya="0" hai0="113,95,23,105,25,86,79,94,36,71,130,121,104" hai1="7,96,78,44,14,131,67,59,50,92,2,132,122" hai2="73,119,4,124,21,20,76,40,3,27,68,12,135" hai3="6,30,35,88,128,112,49,106,24,54,85,65,117"/><T120/><D36/><U15/><E122/><N who="0" m="47209" /><D71/><U100/><E132/><V103/><F40/><W55/><G117/><T18/><D23/><U115/><E115/><V123/><F103/><W63/><G112/><T16/><D25/><U45/><E131/><V10/><F76/><W116/><G116/><T17/><D113/><U134/><E134/><V111/><F73/><W26/><G128/><T83/><D130/><U33/><E33/><V28/><F68/><W72/><G72/><T60/><D79/><U118/><E118/><V129/><F129/><W74/><G74/><T57/><D57/><U89/><E78/><V98/><F119/><W41/><G26/><T91/><D60/><N who="1" m="38303" /><E2/><V93/><F123/><W127/><G106/><N who="0" m="41067" /><D86/><U42/><E7/><V125/><F135/><W52/><G6/><T43/><D43/><U110/><E45/><V1/><F1/><W56/><G41/><T46/><D46/><U82/><E110/><V32/><F111/><W13/><G13/><T38/><D38/><U70/><E70/><V34/><F34/><W114/><G114/><T62/><D62/><U133/><E133/><V58/><F58/><W11/><G11/><T87/><D87/><AGARI ba="2,0" hai="14,15,42,44,50,82,87,89,92,96,100" m="38303" machi="87" ten="30,1000,0" yaku="8,1" doraHai="126" who="1" fromWho="0" sc="350,-16,211,16,250,0,189,0" />
</Scene>
<Scene>
<INIT seed="1,0,0,2,4,43" ten="334,227,250,189" oya="1" hai0="100,40,109,54,127,129,42,49,62,38,125,33,85" hai1="84,48,123,51,94,103,22,16,46,134,88,77,60" hai2="35,45,8,131,117,116,56,105,87,3,122,7,126" hai3="98,74,89,11,34,121,106,1,73,14,28,24,65"/><U15/><E123/><V57/><F105/><W93/><G121/><T30/><D100/><U67/><E134/><V39/><F122/><W78/><G78/><T71/><D85/><U110/><E110/><V107/><F107/><W128/><G128/><T113/><D30/><U31/><E31/><V112/><F35/><W61/><G106/><T47/><D33/><U21/><E103/><V44/><F131/><W102/><G1/><T96/><D96/><U104/><E104/><V79/><F39/><W50/><G89/><T86/><D129/><U72/><E22/><V19/><F126/><N who="0" m="48138" /><D86/><U32/><E32/><V90/><F79/><W99/><G99/><T75/><D75/><U120/><E120/><V114/><F19/><W80/><G50/><T5/><D5/><U58/><REACH who="1" step="1"/><E46/><REACH who="1" ten="334,217,250,189" step="2"/><N who="2" m="18027" /><F117/><W26/><G34/><T83/><D109/><U95/><E95/><N who="2" m="54751" /><F116/><W108/><G108/><T23/><D40/><U55/><E55/><V97/><F97/><W124/><G98/><T53/><D54/><U29/><E29/><V0/><F0/><W41/><G28/><T6/><D53/><U13/><E13/><V64/><F64/><W70/><G124/><T17/><D42/><U119/><E119/><V91/><F91/><W101/><G41/><T130/><D130/><U66/><E66/><V37/><F37/><W69/><G65/><T52/><D38/><U111/><E111/><V27/><F27/><W12/><G26/><T63/><D47/><U118/><E118/><V132/><F132/><W82/><G24/><T81/><D52/><U135/><E135/><V115/><AGARI ba="0,1" hai="3,7,8,56,57,112,114,115" m="54751,18027" machi="115" ten="40,8000,1" yaku="5,1,11,1,52,3" doraHai="43" who="2" fromWho="2" sc="334,-20,217,-40,250,90,189,-20" />
</Scene>
<Scene>
<INIT seed="2,0,0,5,2,104" ten="314,177,340,169" oya="2" hai0="59,30,95,98,135,35,123,88,109,73,33,21,121" hai1="79,113,44,70,22,110,49,97,7,9,78,69,129" hai2="134,14,40,23,24,37,51,75,8,94,93,108,18" hai3="68,82,42,38,120,92,77,34,96,27,19,90,57"/><V28/><F37/><W4/><G68/><T56/><D73/><U81/><E113/><V115/><F115/><W47/><G120/><T128/><D109/><U43/><E129/><V61/><F134/><W111/><G111/><T15/><D128/><U60/><E110/><V91/><F108/><W53/><G4/><T117/><D135/><U86/><E79/><V100/><F75/><W17/><G34/><T16/><D117/><U65/><E22/><V126/><F126/><W119/><G27/><T6/><D6/><U66/><E97/><V125/><F125/><W48/><REACH who="3" step="1"/><G119/><REACH who="3" ten="314,177,340,159" step="2"/><T64/><D33/><U32/><E32/><V116/><F116/><W72/><AGARI ba="0,1" hai="17,19,38,42,47,48,53,57,72,77,82,90,92,96" machi="72" ten="20,8000,1" yaku="1,1,2,1,0,1,7,1,52,1,53,0" doraHai="104" doraHaiUra="102" who="3" fromWho="3" sc="314,-20,177,-20,340,-40,159,90" />
</Scene>
<Scene>
<INIT seed="3,0,0,1,0,69" ten="294,157,300,249" oya="3" hai0="77,31,135,121,0,118,126,8,4,58,32,55,100" hai1="19,16,120,89,80,96,86,68,21,53,47,3,94" hai2="106,35,78,6,2,23,79,62,66,99,63,1,91" hai3="50,22,112,73,65,83,20,51,123,84,101,38,41"/><W72/><G123/><T131/><D121/><U34/><E34/><V113/><F113/><W56/><G101/><T9/><D118/><U57/><E68/><V24/><F63/><W30/><G73/><T134/><D126/><U13/><E3/><V102/><F91/><W54/><G72/><T97/><D77/><N who="2" m="29194" /><F23/><W133/><G133/><N who="0" m="50699" /><D131/><U124/><E124/><V98/><F98/><W119/><G119/><T125/><D9/><U114/><E114/><V82/><F82/><W15/><G38/><T42/><D42/><U59/><E120/><V49/><F49/><W95/><G112/><T109/><D109/><U5/><E5/><V71/><F6/><W104/><G104/><N who="0" m="63503" /><D125/><U36/><E19/><V29/><AGARI ba="0,0" hai="1,2,24,29,35,62,66,71,99,102,106" m="29194" machi="29" ten="30,1100,0" yaku="25,1" doraHai="69" who="2" fromWho="2" sc="294,-3,157,-3,300,11,249,-5" />
</Scene>
<Scene>
<INIT seed="4,0,0,4,2,38" ten="291,154,311,244" oya="0" hai0="94,95,109,1,101,7,36,25,21,102,35,16,71" hai1="90,77,37,19,24,73,39,85,100,18,60,107,41" hai2="89,104,23,87,81,115,84,30,133,99,52,4,64" hai3="93,9,96,131,3,10,103,20,62,14,54,118,26"/><T130/><D71/><U15/><E77/><V31/><F64/><W44/><G131/><T123/><D123/><U48/><E73/><V47/><F4/><W117/><G3/><T121/><D121/><U98/><E60/><V65/><F65/><W78/><G78/><T69/><D69/><U79/><E79/><V76/><F133/><W97/><G97/><T132/><D36/><U88/><E90/><V46/><F115/><W50/><G62/><T126/><D132/><U119/><E119/><V43/><F23/><W134/><G10/><T29/><D130/><U57/><E24/><V72/><F87/><W58/><G58/><T116/><D116/><U124/><E124/><V92/><F52/><W120/><G120/><T0/><D126/><U67/><E19/><V91/><F47/><W128/><G128/><T122/><D122/><U114/><E114/><V112/><F112/><W125/><G134/><T5/><D5/><U106/><E106/><V2/><F2/><W42/><G125/><T40/><D0/><U105/><E105/><V70/><F70/><W135/><G135/><T22/><D22/><U49/><E67/><V83/><REACH who="2" step="1"/><F104/><REACH who="2" ten="291,154,301,244" step="2"/><W27/><G117/><T53/><D53/><U61/><E61/><V28/><F28/><W111/><G118/><T113/><D113/><U12/><E57/><V108/><F108/><W17/><G111/><T56/><D56/><U75/><E75/><V51/><AGARI ba="0,1" hai="30,31,43,46,51,72,76,81,83,84,89,91,92,99" machi="51" ten="20,8000,1" yaku="1,1,0,1,7,1,52,1,53,1" doraHai="38" doraHaiUra="45" who="2" fromWho="2" sc="291,-40,154,-20,301,90,244,-20" />
</Scene>
<Scene>
<INIT seed="5,0,0,4,0,37" ten="251,134,391,224" oya="1" hai0="100,89,72,58,86,76,84,56,9,7,85,121,87" hai1="79,1,53,71,131,31,68,22,20,43,61,115,44" hai2="91,16,19,98,55,82,46,11,27,123,39,116,69" hai3="24,103,104,2,10,47,13,109,3,5,96,45,8"/><U112/><E1/><V127/><F69/><W50/><G109/><T57/><D121/><U67/><E79/><V102/><F127/><W93/><G24/><T83/><D100/><U54/><E71/><V107/><F123/><W122/><G122/><T101/><D101/><U114/><E131/><V130/><F130/><W42/><G10/><T38/><D38/><U18/><E31/><V129/><F116/><W97/><REACH who="3" step="1"/><G47/><REACH who="3" ten="251,134,391,214" step="2"/><T75/><REACH who="0" step="1"/><D76/><REACH who="0" ten="241,134,391,214" step="2"/><U52/><REACH who="1" step="1"/><E18/><REACH who="1" ten="241,124,391,214" step="2"/><V49/><F16/><W120/><G120/><T0/><AGARI ba="0,3" hai="0,7,9,56,57,58,72,75,83,84,85,86,87,89" machi="0" ten="30,4000,0" yaku="1,1,2,1,0,1,53,0" doraHai="37" doraHaiUra="28" who="0" fromWho="0" sc="241,70,124,-20,391,-10,214,-10" />
</Scene>
<Scene>
<INIT seed="6,0,0,4,2,74" ten="311,104,381,204" oya="2" hai0="27,47,68,11,99,109,97,81,103,59,75,128,91" hai1="17,26,69,126,80,119,16,131,44,9,124,71,112" hai2="79,116,40,19,65,23,134,104,45,85,83,13,89" hai3="51,72,132,55,5,6,121,88,49,32,82,7,2"/><V120/><F104/><W67/><G121/><T113/><D68/><U37/><E119/><V41/><F116/><W60/><G132/><T106/><D109/><U127/><E112/><V95/><F134/><W63/><G32/><T64/><D113/><U77/><E131/><V101/><F120/><W20/><G20/><T94/><D128/><U12/><E37/><V62/><F45/><W30/><G30/><T24/><D47/><U115/><E115/><V34/><F101/><W42/><G42/><T21/><D11/><U78/><E44/><V135/><F34/><W117/><G2/><T57/><D64/><U114/><E114/><V14/><F14/><W35/><G35/><T0/><D0/><U29/><E17/><V92/><F92/><W98/><G117/><T84/><D75/><U58/><E58/><V130/><F130/><W66/><G72/><T61/><D61/><N who="3" m="23625" /><G51/><T111/><D111/><U54/><E54/><V43/><F135/><W15/><G15/><T76/><REACH who="0" step="1"/><D27/><REACH who="0" ten="301,104,381,204" step="2"/><U8/><E8/><V105/><F62/><W102/><G67/><T107/><D107/><U108/><E108/><V73/><F105/><W33/><G66/><T96/><D96/><U1/><E1/><V110/><F65/><W31/><G98/><T48/><D48/><U38/><E38/><V10/><F110/><W50/><G49/><T4/><D4/><U28/><E28/><AGARI ba="0,1" hai="21,24,28,57,59,76,81,84,91,94,97,99,103,106" machi="28" ten="30,8000,1" yaku="1,1,7,1,52,1,53,2" doraHai="74" doraHaiUra="93" who="0" fromWho="1" sc="301,90,104,-80,381,0,204,0" />
</Scene>
<Scene>
<INIT seed="7,0,0,3,0,60" ten="391,24,381,204" oya="3" hai0="85,12,33,40,63,69,66,62,3,6,135,7,36" hai1="73,122,132,4,14,109,53,118,97,38,21,17,16" hai2="52,58,10,51,82,104,50,128,119,80,5,9,111" hai3="81,42,102,134,59,92,113,84,71,55,110,116,8"/><W26/><G116/><T86/><D3/><U91/><E97/><V15/><F111/><W23/><G113/><T37/><D33/><U133/><E91/><V99/><F119/><W117/><G134/><T18/><D135/><U100/><E53/><N who="2" m="32055" /><F104/><W83/><G117/><T72/><D72/><U28/><E100/><V24/><F128/><W34/><G34/><T90/><D63/><U61/><E38/><V44/><F99/><N who="3" m="59751" /><G71/><T20/><D85/><U130/><E73/><V27/><F10/><W49/><G110/><T105/><D105/><U127/><E61/><V47/><F47/><N who="3" m="25847" /><G8/><T41/><D41/><U13/><E118/><V70/><F70/><W95/><G95/><T29/><D37/><U125/><E109/><V54/><F54/><W68/><G84/><T126/><D36/><U43/><E43/><V45/><F45/><W107/><G68/><T106/><D106/><U114/><E114/><V39/><F39/><W32/><G32/><T2/><D2/><U35/><E4/><V76/><F76/><W64/><G107/><T93/><D40/><U96/><E96/><V56/><F44/><W120/><G120/><T121/><D121/><U123/><E130/><V88/><F88/><W67/><G55/><T87/><D87/><U22/><REACH who="1" step="1"/><E35/><REACH who="1" ten="391,14,381,204" step="2"/><V89/><F89/><W115/><G115/><T124/><D6/><U30/><AGARI ba="0,1" hai="13,14,16,17,21,22,28,30,122,123,125,127,132,133" machi="30" ten="25,16000,3" yaku="1,1,2,1,0,1,22,2,34,3,54,1,53,0" doraHai="60" doraHaiUra="94" who="1" fromWho="1" sc="391,-40,14,170,381,-40,204,-80" owari="351,46.0,184,-22.0,341,14.0,124,-38.0" />
</Scene>
</mjloggm>