<mjloggm ver="2.3"><GO type="169" lobby="0"/><UN n0="%E3%83%AD%E3%83%B3%E3%82%88%E3%82%8A%E8%A8%BC%E6%8B%A0" n1="%E9%BE%8D%E9%96%80%E6%B8%95%E9%AB%98%E6%A0%A1%E7%B7%8F%E5%90%88" n2="%E8%8A%B1%E6%BE%A4%E9%A6%99%E8%8F%9C%E3%81%A1%E3%82%83%E3%82%93" n3="%E5%A4%AA%E3%81%8F%E3%81%AA%E3%81%84%E3%81%8A" dan="16,16,16,18" rate="2137.31,2111.38,2035.93,2257.43" sx="M,M,F,F"/><TAIKYOKU oya="0"/>

<Scene>
<INIT seed="0,0,0,4,5,59" ten="250,250,250,250" oya="0" hai0="108,50,107,51,7,21,16,82,13,40,0,45,3" hai1="101,72,122,86,74,83,19,78,73,112,96,110,66" hai2="125,36,12,4,124,48,92,68,61,88,46,133,28" hai3="115,14,135,60,100,10,128,9,58,52,76,54,77"/><T103/><D7/><U70/><E19/><V8/><F36/><W93/><G115/><T44/><D108/><U121/><E66/><N who="2" m="41039" /><F28/><W71/><G71/><T56/><D56/><U118/><E70/><V55/><F133/><W1/><G135/><T18/><D18/><U120/><E110/><V43/><F43/><W17/><G128/><T134/><D134/><U38/><E38/><V63/><F63/><W27/><G1/><T24/><D24/><U99/><E112/><V91/><F92/><W98/><G10/><T31/><D31/><U119/><REACH who="1" step="1"/><E101/><REACH who="1" ten="250,240,250,250" step="2"/><V30/><F30/><W85/><G27/><T117/><D117/><AGARI ba="0,1" hai="72,73,74,78,83,86,96,99,117,118,119,120,121,122" machi="117" ten="50,8000,1" yaku="1,1,2,1,34,3,53,0" doraHai="59" doraHaiUra="97" who="1" fromWho="0" sc="250,-80,240,90,250,0,250,0" />
</Scene>
<Scene>
<INIT seed="1,0,0,3,4,121" ten="170,330,250,250" oya="1" hai0="61,46,16,49,7,106,88,44,68,122,104,83,26" hai1="13,86,23,18,112,66,80,95,51,41,1,101,103" hai2="85,42,57,76,52,45,99,81,84,105,79,32,120" hai3="97,59,89,75,17,28,118,31,53,82,77,109,129"/><U135/><E135/><V8/><F120/><W102/><G129/><T55/><D122/><U124/><E124/><V50/><F32/><W93/><G118/><T39/><D7/><U14/><E1/><V125/><F125/><W33/><G33/><T56/><D68/><U113/><E113/><V108/><F8/><W117/><G117/><T15/><D26/><U12/><E112/><V131/><F131/><W21/><G109/><T133/><D39/><U116/><E116/><V63/><F108/><W73/><G73/><T58/><D133/><U127/><E127/><V107/><F99/><W35/><G35/><T0/><D0/><U114/><E114/><V36/><F36/><W38/><G38/><T43/><D46/><N who="1" m="26063" /><E66/><V25/><F25/><N who="3" m="14511" /><G102/><N who="1" m="38922" /><E95/><V87/><REACH who="2" step="1"/><F76/><AGARI ba="0,0" hai="12,13,14,18,23,76,80,86" m="38922,26063" machi="76" ten="30,1500,0" yaku="8,1" doraHai="121" who="1" fromWho="2" sc="170,0,330,15,250,-15,250,0" />
</Scene>
<Scene>
<INIT seed="1,1,0,3,4,16" ten="170,345,235,250" oya="1" hai0="133,19,43,37,123,54,8,44,130,17,58,47,119" hai1="132,101,10,96,0,39,134,4,81,31,24,102,14" hai2="23,42,94,55,26,57,32,106,29,95,129,135,70" hai3="52,38,65,97,25,73,30,28,84,116,53,75,87"/><U105/><E39/><V126/><F106/><W114/><G38/><T62/><D119/><U103/><E0/><V34/><F70/><W72/><G114/><T131/><D133/><N who="1" m="51307" /><E81/><V45/><F135/><W122/><G122/><T82/><D123/><U79/><E79/><V117/><F117/><W63/><G116/><T90/><D82/><U110/><E110/><V13/><F129/><W125/><G125/><T113/><D113/><U83/><E83/><V88/><F126/><W59/><G28/><T49/><D90/><U6/><E6/><V2/><F2/><W9/><G9/><T111/><D111/><U127/><E127/><V50/><F13/><W118/><G118/><T124/><D124/><U98/><E105/><V67/><F67/><W15/><G15/><T3/><D3/><U21/><AGARI ba="1,0" hai="4,10,14,21,24,31,96,98,101,102,103" m="51307" machi="21" ten="30,3000,0" yaku="20,1,52,1" doraHai="16" who="1" fromWho="1" sc="170,-11,345,33,235,-11,250,-11" />
</Scene>
<Scene>
<INIT seed="1,2,0,5,2,27" ten="159,378,224,239" oya="1" hai0="72,41,4,64,113,133,61,10,50,126,94,80,47" hai1="131,60,70,13,97,19,106,92,119,37,90,44,34" hai2="65,11,3,104,31,14,62,88,55,85,21,35,33" hai3="129,116,6,95,120,48,59,121,63,134,124,30,74"/><U83/><E119/><V43/><F104/><W101/><G74/><T18/><D113/><U26/><E131/><V82/><F3/><W52/><G129/><T45/><D133/><U20/><E106/><V51/><F43/><W38/><G38/><T79/><D126/><U125/><E125/><V29/><F35/><W117/><G124/><T69/><D94/><U114/><E114/><V56/><F21/><W87/><G134/><T7/><D47/><U86/><E37/><V5/><F33/><W77/><G6/><T132/><D132/><U93/><E44/><AGARI ba="2,0" hai="5,11,14,29,31,44,51,55,56,62,65,82,85,88" machi="44" ten="30,8000,1" yaku="7,1,8,1,52,2,54,1" doraHai="27" who="2" fromWho="1" sc="159,0,378,-86,224,86,239,0" />
</Scene>
<Scene>
<INIT seed="2,0,0,4,4,74" ten="159,292,310,239" oya="2" hai0="16,48,6,102,24,30,43,92,18,133,71,15,53" hai1="85,68,86,99,61,121,3,90,130,83,101,110,21" hai2="119,10,77,104,89,93,108,122,50,38,25,29,113" hai3="32,125,81,98,91,132,58,128,123,57,100,42,8"/><V7/><F122/><W35/><G123/><T87/><D71/><U11/><E121/><V107/><F38/><W127/><G42/><T22/><D133/><U60/><E110/><V69/><F69/><W40/><G40/><T116/><D116/><U54/><E130/><V5/><F119/><W126/><G132/><T12/><D43/><U106/><E68/><V88/><F108/><W66/><G128/><T46/><D6/><U14/><E3/><V67/><F67/><W134/><G134/><T117/><D117/><U124/><E124/><V17/><F113/><W59/><G66/><T33/><D102/><U44/><E21/><V75/><F50/><W52/><G8/><T82/><D92/><U37/><E86/><V41/><F41/><W34/><G81/><T111/><D111/><U31/><E37/><V26/><F29/><W109/><G91/><T97/><D97/><U62/><E31/><V51/><F51/><W79/><G79/><T4/><D4/><U131/><E131/><V39/><F39/><W112/><G109/><T78/><D18/><U9/><E9/><V70/><F70/><W1/><G1/><T73/><D73/><U135/><E135/><V45/><F75/><W103/><G112/><T76/><D15/><U2/><E2/><V27/><F10/><W20/><G20/><T105/><D105/><U95/><E44/><V84/><F45/><W80/><G80/><T129/><D129/><U23/><E23/><V72/><F72/><W65/><G65/><T96/><D96/><U94/><E54/><V118/><F104/><N who="3" m="63511" /><G52/><T19/><D19/><AGARI ba="0,0" hai="11,14,19,60,61,62,83,85,90,94,95,99,101,106" machi="19" ten="40,1300,0" yaku="6,1" doraHai="74" who="1" fromWho="0" sc="159,-13,292,13,310,0,239,0" />
</Scene>
<Scene>
<INIT seed="3,0,0,1,5,86" ten="146,305,310,239" oya="3" hai0="77,61,90,83,28,25,6,116,47,132,106,129,18" hai1="39,105,85,87,102,66,38,15,62,19,122,70,109" hai2="10,46,76,123,22,74,17,58,68,4,131,118,12" hai3="34,101,99,130,31,107,21,5,97,13,98,63,3"/><W24/><G130/><T44/><D116/><U2/><E2/><V112/><F118/><W75/><G75/><T8/><D106/><U52/><E122/><V42/><F123/><W124/><G124/><T16/><D129/><U20/><E109/><V45/><F68/><W36/><G36/><T54/><D132/><U53/><E105/><V92/><F131/><W89/><G89/><T41/><D47/><U82/><E102/><V48/><F112/><W69/><G3/><T35/><D54/><U80/><E39/><V113/><F113/><W57/><G57/><T23/><D61/><U133/><E38/><V128/><F128/><W125/><G125/><T110/><D110/><U121/><E133/><V30/><F30/><W67/><REACH who="3" step="1"/><G21/><REACH who="3" ten="146,305,310,229" step="2"/><T134/><D90/><U103/><E121/><V37/><F22/><W120/><G120/><T56/><D56/><U79/><E103/><V65/><F58/><W50/><G50/><N who="0" m="26895" /><D35/><U119/><E119/><V108/><F108/><W126/><G126/><T81/><D134/><U135/><E135/><V95/><F74/><W1/><G1/><T29/><D77/><AGARI ba="0,1" hai="15,19,20,52,53,62,66,70,77,79,80,82,85,87" machi="77" ten="30,3900,0" yaku="7,1,9,1,54,1" doraHai="86" who="1" fromWho="0" sc="146,-39,305,49,310,0,229,0" />
</Scene>
<Scene>
<INIT seed="4,0,0,0,0,130" ten="107,354,310,229" oya="0" hai0="127,96,85,118,52,9,32,97,120,87,30,84,102" hai1="20,62,31,13,59,104,109,78,44,131,112,89,39" hai2="55,115,83,119,74,72,114,24,134,16,113,100,4" hai3="105,75,122,58,117,10,29,15,6,68,46,45,121"/><T35/><D118/><U63/><E109/><V2/><F119/><W71/><G117/><T98/><D120/><N who="3" m="46185" /><G75/><T51/><D127/><U49/><E131/><V106/><F55/><W60/><G105/><T21/><D9/><U101/><E39/><V94/><F106/><W73/><G73/><T69/><D69/><N who="3" m="26697" /><G29/><T128/><D128/><U66/><E104/><V41/><F83/><W133/><G133/><T81/><D102/><U14/><E101/><V116/><F134/><W8/><G8/><T5/><D5/><U65/><E31/><V67/><F67/><AGARI ba="0,0" hai="6,10,15,45,46,58,60,67" m="26697,46185" machi="67" ten="30,1000,0" yaku="13,1" doraHai="130" who="3" fromWho="2" sc="107,0,354,0,310,-10,229,10" />
</Scene>
<Scene>
<INIT seed="5,0,0,4,4,32" ten="107,354,300,239" oya="1" hai0="20,120,48,98,23,112,90,34,111,129,21,47,3" hai1="75,77,42,17,99,114,16,121,78,119,36,39,131" hai2="58,9,92,11,65,24,70,91,18,71,135,22,118" hai3="134,127,54,76,109,38,66,100,12,8,95,30,123"/><U14/><E121/><V40/><F118/><W106/><G123/><T49/><D111/><U85/><E119/><V33/><F33/><W124/><G109/><T82/><D120/><U110/><E110/><V63/><F135/><W133/><G38/><T13/><D34/><U69/><E75/><V117/><F117/><W60/><G106/><T103/><D112/><U101/><E114/><V132/><F132/><N who="3" m="50795" /><G30/><T67/><D129/><U126/><E131/><V116/><F116/><W56/><G76/><T51/><D3/><U80/><E69/><V104/><F104/><W2/><G2/><T10/><D67/><U62/><E126/><V72/><F72/><W97/><G54/><T88/><D47/><U61/><E17/><AGARI ba="0,0" hai="8,12,17,56,60,66,95,97,100,124,127" m="50795" machi="17" ten="30,1000,0" yaku="20,1" doraHai="32" who="3" fromWho="1" sc="107,0,354,-10,300,0,239,10" />
</Scene>
<Scene>
<INIT seed="6,0,0,2,5,28" ten="107,344,300,249" oya="2" hai0="77,4,124,60,17,73,123,54,57,101,63,126,15" hai1="97,38,83,91,69,31,94,70,96,64,22,67,90" hai2="49,23,121,29,51,14,53,58,19,100,76,35,48" hai3="1,42,82,16,12,34,61,133,3,46,107,116,32"/><V9/><F121/><W65/><G107/><T8/><D123/><U20/><E38/><V119/><F119/><W10/><G116/><T6/><D101/><U120/><E120/><V114/><F114/><W92/><G133/><T43/><D43/><U117/><E117/><V78/><F100/><W129/><G129/><T111/><D111/><U74/><E31/><V56/><F35/><W44/><G44/><T122/><D122/><U95/><REACH who="1" step="1"/><E83/><REACH who="1" ten="107,334,300,249" step="2"/><V72/><F72/><AGARI ba="0,1" hai="20,22,64,67,69,70,72,74,90,91,94,95,96,97" machi="72" ten="25,6400,0" yaku="1,1,2,1,22,2,53,0" doraHai="28" doraHaiUra="24" who="1" fromWho="2" sc="107,0,334,74,300,-64,249,0" />
</Scene>
<Scene>
<INIT seed="7,0,0,5,2,88" ten="107,408,236,249" oya="3" hai0="111,108,52,99,8,98,23,10,77,109,37,102,90" hai1="46,125,114,29,135,87,105,81,119,74,26,73,19" hai2="121,38,63,83,27,124,117,97,16,54,59,9,61" hai3="65,79,4,94,20,12,128,76,71,112,58,96,127"/><W67/><G71/><T30/><D37/><U22/><E105/><V132/><F121/><W55/><G112/><T49/><D77/><U120/><E120/><V41/><F117/><W115/><G115/><T70/><D70/><U110/><E114/><V118/><F118/><W130/><G127/><T51/><D30/><U91/><E119/><V2/><F2/><W82/><G4/><T84/><D23/><U1/><E110/><V66/><F124/><W80/><G12/><T32/><D32/><U75/><E125/><V86/><F97/><W101/><G20/><T107/><D99/><U129/><E1/><V45/><F132/><W78/><G130/><T48/><D10/><U21/><E135/><V104/><F104/><W131/><G131/><T44/><REACH who="0" step="1"/><D8/><REACH who="0" ten="97,408,236,249" step="2"/><U39/><E129/><V50/><F38/><W60/><G128/><T42/><D42/><U72/><E72/><V28/><F28/><W40/><G40/><T95/><AGARI ba="0,1" hai="44,48,49,51,52,84,90,95,98,102,107,108,109,111" machi="95" ten="30,7900,0" yaku="1,1,0,1,52,1,54,1,53,0" doraHai="88" doraHaiUra="69" who="0" fromWho="0" sc="97,89,408,-20,236,-20,249,-39" owari="186,-31.0,388,48.0,216,2.0,210,-19.0" />
</Scene>
</mjloggm>