<mjloggm ver="2.3"><GO type="169" lobby="0"/><UN n0="%61%31%33%31%38%34%38" n1="%EF%BC%9D%E4%BC%8A%E8%97%A4%E3%81%8B%E3%81%AA%E6%81%B5%EF%BC%9D" n2="%E5%A4%AA%E3%81%8F%E3%81%AA%E3%81%84%E3%81%8A" n3="%79%61%6D%61%61%70%71" dan="16,17,17,16" rate="2074.47,2179.54,2177.94,2058.71" sx="M,F,M,M"/><TAIKYOKU oya="0"/>

<Scene>
<INIT seed="0,0,0,1,4,64" ten="250,250,250,250" oya="0" hai0="87,38,93,29,39,118,96,23,0,21,98,47,24" hai1="92,18,17,55,99,73,50,72,81,54,113,11,103" hai2="107,119,117,116,126,111,3,129,40,61,15,90,30" hai3="97,4,13,5,71,80,1,76,51,69,123,34,67"/><T25/><D118/><U9/><E113/><V121/><F3/><W2/><G34/><T6/><D87/><U127/><E127/><V43/><F121/><W45/><G67/><T104/><D104/><U59/><E81/><V85/><F126/><W53/><G123/><T20/><D98/><U102/><E99/><V79/><F107/><W28/><G28/><T37/><D47/><U57/><REACH who="1" step="1"/><E50/><REACH who="1" ten="250,240,250,250" step="2"/><V63/><F116/><W78/><G97/><T130/><D38/><U133/><E133/><V82/><F82/><W91/><G80/><T122/><D39/><U75/><E75/><V134/><F134/><W56/><G51/><T49/><D37/><U70/><E70/><V66/><F117/><W131/><G71/><T125/><D125/><U36/><E36/><V94/><F119/><W108/><G69/><T8/><D122/><U84/><E84/><V7/><F85/><W65/><G78/><T62/><D49/><U14/><E14/><V101/><F15/><W42/><G13/><T105/><D105/><U10/><E10/><V26/><F79/><W35/><G76/><T27/><D130/><U74/><E74/><V115/><F129/><W12/><G131/><T58/><D29/><U44/><E44/><V83/><F30/><W128/><G45/><T33/><D33/><U124/><E124/><V114/><F115/><W19/><G35/><T16/><D96/><U88/><E88/><V89/><F89/><W60/><G91/><T46/><D46/><U86/><E86/><N who="2" m="52567" /><F114/><W41/><G128/><T48/><D48/><U135/><E135/><V32/><F32/><RYUUKYOKU ba="0,1" sc="250,-10,240,30,250,-10,250,-10" hai1="9,11,17,18,54,55,57,59,72,73,92,102,103" />
</Scene>
<Scene>
<INIT seed="1,1,1,1,3,9" ten="240,270,240,240" oya="1" hai0="113,74,16,83,115,6,58,38,119,44,31,11,57" hai1="10,51,128,8,25,99,19,88,21,26,39,94,52" hai2="76,114,101,100,81,59,28,27,36,106,98,42,117" hai3="73,41,0,89,4,109,61,127,93,84,50,95,123"/><U60/><E128/><V66/><F117/><W62/><G123/><T13/><D119/><U82/><E39/><V56/><F114/><W68/><G73/><T37/><D31/><U64/><E82/><V47/><F100/><W46/><G109/><T86/><D74/><U91/><E91/><V20/><REACH who="2" step="1"/><F66/><REACH who="2" ten="240,270,230,240" step="2"/><W18/><G127/><T96/><D113/><U110/><E110/><V90/><F90/><W5/><G68/><T116/><D115/><U129/><E129/><V131/><F131/><W130/><G130/><T53/><D116/><U22/><E64/><V79/><F79/><W55/><G89/><N who="0" m="51423" /><D38/><U105/><E105/><V87/><AGARI ba="1,2" hai="20,27,28,36,42,47,56,59,76,81,87,98,101,106" machi="87" ten="20,2700,0" yaku="1,1,0,1,7,1,53,0" doraHai="9" doraHaiUra="35" who="2" fromWho="2" sc="240,-8,270,-14,230,50,240,-8" />
</Scene>
<Scene>
<INIT seed="2,0,0,5,3,48" ten="232,256,280,232" oya="2" hai0="125,124,135,77,45,38,28,117,81,103,59,105,108" hai1="106,8,56,6,110,121,82,18,4,14,88,80,40" hai2="109,128,26,63,69,58,98,72,101,92,66,64,15" hai3="36,53,62,30,60,90,31,13,113,116,78,20,44"/><V51/><F72/><W12/><G116/><T104/><D117/><U115/><E115/><V55/><F128/><W2/><G2/><T37/><D108/><U47/><E110/><V16/><F109/><W54/><G113/><T93/><D135/><U57/><E106/><V97/><F26/><N who="3" m="16711" /><G78/><T24/><D104/><U123/><E4/><V79/><F79/><W25/><G36/><T85/><D93/><U52/><E6/><V34/><F34/><W1/><G1/><T33/><D59/><U95/><E57/><N who="2" m="33023" /><F98/><W50/><G90/><T32/><D32/><U73/><E73/><V132/><F69/><W61/><G54/><T75/><D85/><N who="1" m="52623" /><E40/><V43/><F43/><W94/><G94/><T129/><D129/><U84/><E47/><V7/><F132/><W70/><G70/><T29/><D45/><U19/><E19/><V68/><F68/><W122/><G122/><N who="1" m="46602" /><E84/><V91/><F7/><W130/><G130/><T83/><D75/><U112/><E112/><V120/><F120/><W35/><G35/><T5/><D33/><U96/><E96/><V39/><F39/><W9/><G9/><T11/><D38/><U65/><E65/><N who="2" m="39159" /><F91/><W102/><G102/><T119/><D37/><U133/><E133/><V89/><F101/><W49/><G49/><AGARI ba="0,0" hai="8,14,18,49,52,56,80,82" m="46602,52623" machi="49" ten="30,7700,0" yaku="13,1,52,1,54,2" doraHai="48" who="1" fromWho="3" sc="232,0,256,77,280,0,232,-77" />
</Scene>
<Scene>
<INIT seed="3,0,0,5,4,102" ten="232,333,280,155" oya="3" hai0="80,5,108,53,66,132,77,78,101,105,64,76,67" hai1="59,25,87,27,68,82,125,38,18,121,19,93,52" hai2="16,48,10,114,92,109,70,24,99,103,65,133,83" hai3="6,7,11,127,60,34,123,115,69,12,9,26,112"/><W42/><G42/><T129/><D108/><U50/><E121/><V14/><F114/><W43/><G43/><T130/><D132/><U98/><E68/><V110/><F133/><W15/><G123/><T100/><D5/><U84/><E38/><V74/><F48/><W122/><G122/><T2/><D2/><U29/><E125/><V23/><F74/><W88/><G127/><T20/><D80/><U57/><E59/><V39/><F39/><W54/><G88/><T107/><D20/><N who="1" m="15591" /><E25/><V85/><F70/><W31/><REACH who="3" step="1"/><G54/><REACH who="3" ten="232,333,280,145" step="2"/><T47/><D53/><U96/><E96/><V81/><F65/><AGARI ba="0,1" hai="6,7,9,11,12,15,26,31,34,60,65,69,112,115" machi="65" ten="40,7700,0" yaku="1,1,2,1,9,1,53,0" doraHai="102" doraHaiUra="41" who="3" fromWho="2" sc="232,0,333,0,280,-77,145,87" />
</Scene>
<Scene>
<INIT seed="3,1,0,1,2,38" ten="232,333,203,232" oya="3" hai0="36,104,132,82,109,105,126,83,97,3,9,64,130" hai1="78,27,57,59,60,35,58,100,34,61,6,0,37" hai2="30,114,75,80,45,71,22,101,28,70,86,46,47" hai3="113,117,96,81,72,14,112,20,54,118,93,102,11"/><W25/><G54/><T48/><D36/><U123/><E123/><V99/><F75/><W56/><G56/><T73/><D109/><U50/><E37/><V90/><F114/><W44/><G44/><T32/><D32/><U17/><E100/><V7/><F7/><W92/><G92/><T133/><D126/><U116/><E116/><V110/><F110/><W8/><G8/><T1/><D130/><U26/><E78/><V94/><REACH who="2" step="1"/><F22/><REACH who="2" ten="232,333,193,232" step="2"/><W135/><G20/><T15/><D73/><U12/><E6/><V16/><F16/><W128/><G72/><T42/><D133/><U131/><E17/><V129/><F129/><W98/><G128/><T51/><D132/><U55/><E131/><V89/><F89/><W111/><G135/><T106/><D1/><U127/><E0/><V5/><F5/><W122/><G111/><T63/><D3/><U40/><E35/><V23/><F23/><W65/><G112/><T4/><D4/><U119/><E34/><V74/><F74/><W84/><G113/><T19/><D19/><U31/><E119/><V121/><F121/><W91/><G122/><T39/><D9/><U18/><E18/><V95/><F95/><W43/><G117/><T49/><D15/><U68/><E12/><V134/><F134/><W125/><G14/><T69/><REACH who="0" step="1"/><D97/><REACH who="0" ten="222,333,193,232" step="2"/><U120/><E120/><V33/><F33/><W21/><G98/><T10/><D10/><U53/><E26/><V107/><F107/><W24/><G24/><T103/><D103/><U67/><E27/><V77/><F77/><N who="3" m="46127" /><G118/><T41/><D41/><U79/><E40/><RYUUKYOKU ba="1,2" sc="222,15,333,-15,193,15,232,-15" hai0="39,42,48,49,51,63,64,69,82,83,104,105,106" hai2="28,30,45,46,47,70,71,80,86,90,94,99,101" />
</Scene>
<Scene>
<INIT seed="4,2,2,1,3,41" ten="237,318,208,217" oya="0" hai0="49,103,21,135,46,86,65,101,39,120,31,108,48" hai1="61,69,5,79,32,24,29,100,15,123,111,37,114" hai2="52,42,134,18,126,88,35,59,80,36,76,50,43" hai3="127,85,6,72,34,109,98,99,89,119,78,64,62"/><T93/><D120/><U17/><E123/><V13/><F35/><W117/><G34/><T38/><D135/><U11/><E111/><V57/><F134/><W83/><G6/><T74/><D74/><U60/><E114/><V125/><F59/><W20/><G109/><T128/><D108/><U130/><E130/><V102/><F102/><W10/><G10/><T26/><D128/><U104/><E37/><V116/><F116/><N who="3" m="44619" /><G20/><T81/><D39/><U0/><E79/><V84/><F76/><W55/><G55/><N who="0" m="30103" /><D38/><U113/><E113/><V63/><F36/><W115/><G115/><T23/><D65/><U3/><E69/><V33/><F33/><W47/><G47/><T25/><D93/><U51/><E0/><V105/><F105/><W106/><G62/><T94/><D94/><U70/><E70/><V22/><REACH who="2" step="1"/><F63/><REACH who="2" ten="237,318,198,217" step="2"/><W95/><G106/><T124/><D49/><U92/><E104/><V122/><F122/><W82/><G72/><T44/><D124/><AGARI ba="2,3" hai="13,18,22,42,43,50,52,57,80,84,88,124,125,126" machi="124" ten="40,8000,1" yaku="1,1,18,1,54,2,53,0" doraHai="41" doraHaiUra="1" who="2" fromWho="0" sc="237,-86,318,0,198,116,217,0" />
</Scene>
<Scene>
<INIT seed="5,0,0,2,5,135" ten="151,318,314,217" oya="1" hai0="31,108,73,34,107,68,64,103,74,53,5,35,55" hai1="112,113,0,8,109,4,58,59,81,127,114,7,133" hai2="27,46,130,85,125,37,118,11,70,90,10,96,22" hai3="83,117,30,91,120,6,57,86,76,88,25,71,72"/><U101/><E133/><V92/><F118/><W105/><G120/><T132/><D132/><U110/><E127/><V111/><F111/><N who="1" m="42505" /><E101/><V2/><F70/><W82/><G117/><T80/><D108/><U15/><E81/><V134/><F134/><W75/><G71/><T20/><D5/><N who="1" m="2123" /><E0/><V52/><F2/><W84/><G6/><AGARI ba="0,0" hai="6,8,15,58,59,112,113,114" m="2123,42505" machi="6" ten="40,3900,0" yaku="15,1,10,1" doraHai="135" who="1" fromWho="3" sc="151,0,318,39,314,0,217,-39" />
</Scene>
<Scene>
<INIT seed="5,1,0,2,3,109" ten="151,357,314,178" oya="1" hai0="74,92,78,88,96,105,23,40,52,85,130,57,5" hai1="102,110,72,21,67,87,66,45,24,134,63,11,13" hai2="115,43,89,60,39,107,112,58,48,103,123,71,83" hai3="73,15,16,82,75,41,51,36,131,94,8,6,28"/><U64/><E72/><V128/><F123/><W44/><G131/><T65/><D130/><U99/><E110/><V126/><F128/><W18/><G28/><T1/><D65/><U90/><E134/><V9/><F126/><W113/><G36/><T117/><D117/><U55/><E102/><V26/><F26/><W120/><G120/><T129/><D129/><U27/><E99/><V77/><F89/><W32/><G32/><T118/><D118/><U116/><E116/><V12/><F39/><W17/><G113/><N who="2" m="43593" /><F71/><W50/><G82/><N who="0" m="45399" /><D40/><U46/><E24/><V81/><F48/><W127/><G127/><T114/><D114/><U47/><E27/><V91/><F43/><W132/><G132/><T35/><D35/><U79/><E79/><V95/><F103/><W49/><G49/><N who="0" m="30863" /><D23/><U119/><E21/><V20/><F20/><W124/><G124/><T86/><D1/><U53/><E119/><V76/><F107/><W84/><G51/><T122/><D122/><U121/><E121/><V97/><F76/><W61/><G61/><T125/><D125/><U7/><E63/><V34/><F34/><W25/><G25/><T54/><D105/><U104/><E104/><V56/><F60/><W62/><G62/><T2/><D54/><U100/><E100/><V0/><F0/><W133/><G133/><T101/><D101/><U3/><E3/><V70/><F70/><W135/><G135/><T108/><D108/><U33/><E33/><V31/><F31/><W38/><G50/><T93/><D93/><AGARI ba="1,0" hai="7,11,13,45,46,47,53,55,64,66,67,87,90,93" machi="93" ten="40,2000,0" yaku="8,1" doraHai="109" who="1" fromWho="0" sc="151,-23,357,23,314,0,178,0" />
</Scene>
<Scene>
<INIT seed="5,2,0,5,1,110" ten="128,380,314,178" oya="1" hai0="72,67,76,75,69,135,126,32,30,96,60,35,11" hai1="55,58,106,2,90,103,15,124,61,17,7,33,62" hai2="120,53,130,46,50,3,4,54,56,66,68,99,6" hai3="18,24,14,119,118,36,59,1,104,111,107,57,81"/><U115/><E33/><V70/><F120/><W27/><G111/><T112/><D126/><U121/><E121/><V41/><F99/><W116/><G1/><T131/><D131/><U71/><E124/><V91/><F91/><W85/><G36/><T86/><D135/><U31/><E31/><V133/><F3/><W40/><G40/><T105/><D86/><U10/><E106/><N who="3" m="40490" /><G27/><N who="0" m="18527" /><D11/><U21/><E103/><V117/><F4/><W34/><G24/><T9/><D9/><U0/><E90/><V89/><F6/><W73/><G73/><N who="0" m="28235" /><D76/><U100/><E100/><V19/><F89/><N who="3" m="51375" /><G34/><T123/><D123/><U83/><E83/><V20/><F133/><W132/><G132/><T134/><D134/><U125/><E125/><V64/><F130/><W102/><G102/><N who="0" m="62663" /><D35/><U29/><E2/><V74/><F74/><W93/><G93/><T45/><D45/><U114/><REACH who="1" step="1"/><E29/><REACH who="1" ten="128,370,314,178" step="2"/><V79/><F79/><W63/><G119/><T92/><D92/><U84/><E84/><V127/><F117/><W25/><G118/><T47/><D47/><U122/><E122/><V87/><F127/><W113/><G116/><T82/><D82/><U52/><E52/><V39/><F87/><W43/><G43/><T108/><D108/><U48/><E48/><V109/><F109/><W44/><G44/><T98/><D98/><U5/><E5/><V38/><F54/><W97/><G97/><T37/><D37/><U129/><E129/><V8/><F38/><W28/><G28/><T88/><D88/><U65/><AGARI ba="2,1" hai="0,7,10,15,17,21,55,58,61,62,65,71,114,115" machi="65" ten="30,11700,0" yaku="1,1,0,1,52,2,53,0" doraHai="110" doraHaiUra="128" who="1" fromWho="1" sc="128,-41,370,133,314,-41,178,-41" />
</Scene>
<Scene>
<INIT seed="5,3,0,2,3,40" ten="87,503,273,137" oya="1" hai0="62,19,92,16,34,116,38,83,59,101,88,18,129" hai1="13,35,105,74,71,120,127,2,64,53,123,25,107" hai2="84,118,69,89,17,46,23,90,42,124,10,102,87" hai3="128,76,108,122,1,43,126,93,110,70,104,100,21"/><U73/><E13/><V48/><F118/><W4/><G76/><T85/><D116/><U26/><E53/><V44/><F69/><W22/><G70/><T111/><D129/><U49/><E49/><N who="2" m="26775" /><F124/><W60/><G60/><T27/><D38/><U41/><E41/><N who="2" m="24655" /><F102/><W66/><G100/><T80/><D111/><U28/><E127/><V132/><F132/><W33/><G43/><T91/><D101/><U3/><E71/><V32/><F32/><W51/><G33/><T55/><REACH who="0" step="1"/><D91/><REACH who="0" ten="77,503,273,137" step="2"/><N who="2" m="34826" /><F10/><W54/><G128/><T68/><D68/><U50/><E123/><V67/><F67/><W97/><G66/><T52/><D52/><U133/><E120/><V78/><F78/><W20/><G122/><T45/><D45/><U39/><E64/><V125/><F125/><W79/><G79/><T30/><AGARI ba="3,1" hai="16,18,19,27,30,34,55,59,62,80,83,85,88,92" machi="30" ten="30,7900,0" yaku="1,1,0,1,54,2,53,0" doraHai="40" doraHaiUra="6" who="0" fromWho="0" sc="77,98,503,-42,273,-23,137,-23" />
</Scene>
<Scene>
<INIT seed="6,0,0,4,4,68" ten="175,461,250,114" oya="2" hai0="104,51,46,111,22,110,74,11,86,5,19,94,49" hai1="23,78,85,80,132,131,130,39,135,61,84,105,79" hai2="127,63,2,7,65,10,76,33,87,82,45,38,35" hai3="133,81,67,64,31,27,59,101,91,6,60,73,134"/><V50/><F127/><W40/><G6/><T129/><D74/><U69/><E105/><V71/><REACH who="2" step="1"/><F38/><REACH who="2" ten="175,461,240,114" step="2"/><W44/><G133/><T72/><D111/><U97/><E39/><V88/><F88/><W116/><G134/><T95/><D110/><U30/><E135/><V124/><F124/><W89/><G89/><T55/><D129/><U41/><E132/><V56/><F56/><W0/><G91/><T37/><D37/><U92/><E131/><V112/><F112/><W70/><G59/><T118/><D118/><U26/><E130/><V34/><F34/><W24/><G116/><T14/><D46/><U58/><E69/><V32/><F32/><W102/><G44/><T128/><D128/><U62/><E58/><V48/><F48/><W100/><G70/><T36/><D49/><U18/><E62/><V8/><F8/><W99/><G60/><T15/><D36/><U122/><E61/><V93/><F93/><W125/><G125/><T96/><D95/><U57/><E57/><V13/><F13/><W20/><G64/><T114/><D114/><U1/><E92/><V54/><AGARI ba="0,1" hai="2,7,10,33,35,45,50,54,63,65,71,76,82,87" machi="54" ten="20,3900,0" yaku="1,1,0,1,7,1,53,0" doraHai="68" doraHaiUra="123" who="2" fromWho="2" sc="175,-13,461,-13,240,49,114,-13" />
</Scene>
<Scene>
<INIT seed="6,1,0,2,1,44" ten="162,448,289,101" oya="2" hai0="82,101,127,3,73,99,75,77,49,42,64,48,56" hai1="46,134,121,117,4,78,86,105,14,122,32,83,36" hai2="95,12,89,87,62,94,59,24,124,30,114,25,53" hai3="110,109,57,9,129,13,17,97,132,108,111,51,16"/><V120/><F120/><N who="1" m="46185" /><E117/><V39/><F39/><W92/><N who="3" m="27648" /><DORA hai="8" /><W128/><G132/><T131/><D127/><U37/><E134/><V81/><F114/><W15/><G57/><T55/><D64/><U74/><E105/><V11/><F124/><W93/><G51/><T135/><D56/><U69/><E32/><V52/><F53/><W70/><G70/><T47/><D55/><U33/><E33/><V100/><F100/><W84/><G84/><T26/><D99/><U18/><E4/><V85/><F30/><W31/><G31/><T72/><D49/><U91/><E46/><V65/><F65/><W125/><G125/><T104/><D82/><N who="1" m="45399" /><E69/><V29/><F29/><W50/><G50/><T133/><D26/><U126/><E126/><V98/><F94/><W118/><G118/><T2/><D104/><U6/><E6/><V113/><F113/><W19/><G92/><T60/><D101/><U41/><E41/><V102/><REACH who="2" step="1"/><F87/><REACH who="2" ten="162,448,279,101" step="2"/><W67/><G67/><T112/><D112/><U130/><E130/><N who="3" m="50282" /><G9/><AGARI ba="1,1" hai="9,14,18,36,37,83,86,91" m="45399,46185" machi="9" ten="30,2000,0" yaku="13,1,52,1" doraHai="44,8" who="1" fromWho="3" sc="162,0,448,33,279,0,101,-23" />
</Scene>
<Scene>
<INIT seed="7,0,0,5,2,6" ten="162,481,279,78" oya="3" hai0="32,30,29,82,31,13,45,18,36,135,26,59,43" hai1="116,133,1,21,119,61,118,125,3,48,25,92,88" hai2="60,57,84,5,97,66,15,53,2,4,47,76,103" hai3="12,101,106,113,34,111,120,27,130,89,50,117,114"/><W49/><G117/><T109/><D109/><U128/><E133/><V79/><F2/><W73/><G120/><T122/><D122/><U38/><E38/><V7/><F15/><W127/><G73/><T65/><D135/><U98/><E125/><V75/><F75/><W121/><G121/><T129/><D129/><U74/><E128/><V14/><F14/><W67/><G130/><T107/><D107/><U95/><E74/><V134/><F134/><W91/><G127/><T90/><D65/><U42/><E61/><V105/><F84/><W24/><G111/><T0/><D0/><U55/><E95/><V62/><F47/><W77/><G77/><T68/><D68/><U86/><E42/><V93/><F105/><W63/><G12/><T28/><D59/><AGARI ba="0,0" hai="4,5,7,53,57,59,60,62,66,76,79,93,97,103" machi="59" ten="40,1300,0" yaku="8,1" doraHai="6" who="2" fromWho="0" sc="162,-13,481,0,279,13,78,0" owari="149,-25.0,481,58.0,292,9.0,78,-42.0" />
</Scene>
</mjloggm>