<mjloggm ver="2.3"><GO type="169" lobby="0"/><UN n0="%E3%81%A6%E3%81%83%E3%81%BF%E3%82%93" n1="%E5%A4%AA%E3%81%8F%E3%81%AA%E3%81%84%E3%81%8A" n2="%6B%69%79%6F%6E%61%72%69" n3="%67%75%73%68" dan="16,18,16,17" rate="2117.71,2263.32,2102.41,2146.71" sx="M,F,M,M"/><TAIKYOKU oya="0"/>

<Scene>
<INIT seed="0,0,0,0,2,28" ten="250,250,250,250" oya="0" hai0="83,50,105,36,30,110,132,88,42,130,113,71,68" hai1="73,59,100,98,24,133,51,11,121,81,91,57,19" hai2="104,79,58,49,95,33,119,41,13,94,56,37,8" hai3="63,118,17,90,60,70,129,61,4,44,108,96,1"/><T20/><D113/><U122/><E133/><V38/><F104/><W45/><G118/><T40/><D105/><U101/><E73/><V55/><F119/><W35/><G129/><T99/><D36/><U26/><E81/><V93/><F79/><W47/><G108/><T67/><D130/><U103/><E121/><V69/><F69/><W15/><G35/><T124/><D132/><U72/><E72/><V80/><F80/><W84/><G96/><T97/><D124/><U9/><E122/><V16/><F41/><N who="0" m="15978" /><D71/><U22/><E26/><V34/><REACH who="2" step="1"/><F58/><REACH who="2" ten="250,250,240,250" step="2"/><W25/><G70/><T114/><D68/><U134/><E134/><V120/><F120/><W3/><G25/><T62/><D83/><U115/><E59/><V125/><F125/><W48/><G48/><T0/><D50/><U46/><E57/><V85/><F85/><W53/><G53/><T86/><D86/><U111/><E115/><V64/><F64/><W102/><G84/><T89/><D67/><U2/><E111/><V27/><F27/><W14/><G60/><T116/><D110/><U127/><E127/><V87/><F87/><W128/><G61/><T21/><D62/><U82/><E82/><V43/><F43/><W6/><G63/><T78/><D114/><U76/><E76/><V18/><F18/><W5/><G128/><T12/><D78/><U109/><E109/><V7/><F7/><W74/><G17/><N who="0" m="10279" /><D116/><U75/><E75/><V65/><F65/><W10/><G74/><T23/><D99/><U92/><E51/><V77/><F77/><W29/><G5/><T54/><D97/><RYUUKYOKU ba="0,1" sc="250,-10,250,-10,240,30,250,-10" hai2="8,13,16,33,34,37,38,49,55,56,93,94,95" />
</Scene>
<Scene>
<INIT seed="1,1,1,3,1,53" ten="240,240,270,240" oya="1" hai0="92,114,105,129,108,101,95,109,68,88,130,0,90" hai1="132,21,23,15,93,72,49,84,123,77,67,98,50" hai2="45,60,9,69,118,104,96,107,17,26,29,86,120" hai3="85,10,34,115,6,32,134,91,127,97,79,70,59"/><U75/><E123/><V1/><F118/><W65/><G115/><T76/><D68/><U62/><E132/><V48/><F120/><W89/><G134/><T2/><D76/><U81/><E72/><V135/><F135/><W66/><G127/><T25/><D25/><U54/><E75/><V44/><F96/><W82/><G70/><T87/><D114/><U39/><E39/><V47/><F48/><W124/><G124/><T57/><D57/><N who="1" m="37327" /><E15/><V117/><F117/><W38/><G38/><T16/><D16/><U83/><E83/><V30/><F1/><N who="0" m="618" /><D101/><N who="1" m="60623" /><E50/><V106/><F17/><W8/><G66/><T131/><D105/><U20/><E21/><V52/><F69/><W111/><G111/><N who="0" m="42571" /><D90/><U35/><E35/><V5/><F26/><W13/><G8/><T33/><D92/><U100/><E100/><V61/><F107/><W40/><G91/><T58/><D58/><AGARI ba="1,1" hai="20,23,49,54,58,77,81,84" m="60623,37327" machi="58" ten="30,5800,0" yaku="8,1,52,2" doraHai="53" who="1" fromWho="0" sc="240,-61,240,71,270,0,240,0" />
</Scene>
<Scene>
<INIT seed="1,2,0,1,3,95" ten="179,311,270,240" oya="1" hai0="26,110,116,21,23,87,120,12,89,68,88,8,111" hai1="44,76,54,78,91,105,128,80,127,102,10,51,27" hai2="11,72,103,49,5,37,73,0,52,131,69,61,70" hai3="22,101,82,118,19,14,121,114,48,45,31,93,107"/><U108/><E127/><V36/><F131/><W92/><G121/><T24/><D68/><U125/><E125/><V34/><F34/><W56/><G114/><T94/><D116/><U30/><E128/><V62/><F103/><W65/><G118/><T33/><D120/><U46/><E108/><N who="0" m="41513" /><D33/><U38/><E10/><V57/><F70/><W112/><G112/><T96/><D24/><U134/><E134/><V83/><F83/><W66/><G31/><T97/><D89/><U106/><E91/><V126/><F126/><W7/><G7/><N who="0" m="3103" /><D23/><U124/><E124/><V63/><REACH who="2" step="1"/><F69/><REACH who="2" ten="179,311,260,240" step="2"/><W60/><G82/><T86/><D86/><U115/><E115/><V130/><F130/><W47/><G101/><T35/><D35/><U133/><E102/><V43/><F43/><W81/><G81/><T117/><D117/><U39/><E80/><V28/><F28/><AGARI ba="2,1" hai="21,26,28,87,88,94,96,97" m="3103,41513" machi="28" ten="30,7700,0" yaku="14,1,52,2,54,1" doraHai="95" who="0" fromWho="2" sc="179,93,311,0,260,-83,240,0" />
</Scene>
<Scene>
<INIT seed="2,0,0,1,1,23" ten="272,311,177,240" oya="2" hai0="107,103,28,126,109,83,75,100,66,52,36,0,113" hai1="119,54,31,133,78,122,10,59,16,58,17,56,74" hai2="76,49,81,102,80,12,27,110,106,92,7,101,105" hai3="118,131,18,62,43,48,96,30,64,88,19,6,2"/><V38/><F38/><W135/><G118/><T94/><D0/><U82/><E119/><V1/><F1/><W57/><G135/><T77/><D36/><U85/><E133/><V21/><F110/><W29/><G131/><T24/><D109/><U37/><E37/><V124/><F124/><W4/><G2/><T130/><D113/><U132/><E132/><V34/><F34/><W87/><G96/><T123/><D123/><U51/><E122/><V39/><F39/><W60/><G60/><T84/><D126/><U67/><E31/><N who="3" m="11786" /><G6/><T116/><D130/><U46/><E74/><V11/><F106/><W8/><G4/><T127/><D66/><U90/><E67/><V5/><F105/><W65/><G65/><T89/><D127/><U108/><E108/><V22/><F7/><W26/><G8/><T99/><D116/><U50/><E78/><V15/><F49/><W71/><G71/><T41/><D41/><N who="1" m="24911" /><E10/><V53/><F53/><W47/><G26/><T97/><D52/><N who="1" m="31775" /><E58/><V32/><F32/><W70/><G70/><T63/><D63/><AGARI ba="0,0" hai="16,17,54,59,63,82,85,90" m="31775,24911" machi="63" ten="30,3900,0" yaku="8,1,54,2" doraHai="23" who="1" fromWho="0" sc="272,-39,311,39,177,0,240,0" />
</Scene>
<Scene>
<INIT seed="3,0,0,3,3,131" ten="233,350,177,240" oya="3" hai0="74,0,80,132,89,57,16,94,13,51,122,70,91" hai1="96,8,45,63,64,84,23,36,129,49,98,93,134" hai2="25,111,33,9,102,116,43,20,28,108,65,26,107" hai3="73,110,117,48,72,5,120,66,95,1,115,37,76"/><W121/><G117/><T71/><D0/><U86/><E134/><V24/><F43/><W3/><G115/><T109/><D132/><U14/><E36/><V69/><F116/><W130/><G37/><T58/><D122/><U118/><E23/><V68/><F9/><W31/><G130/><T60/><D109/><N who="2" m="42058" /><F65/><W77/><G110/><T39/><D39/><U83/><E129/><V53/><F53/><W35/><G66/><T40/><D74/><U104/><E104/><V105/><F25/><W34/><G95/><T47/><D80/><U90/><E118/><V103/><F107/><W82/><G48/><T75/><D75/><U133/><E133/><V81/><F81/><N who="3" m="45191" /><G31/><T85/><D89/><N who="1" m="53415" /><E63/><V135/><F135/><W106/><G106/><T52/><REACH who="0" step="1"/><D58/><REACH who="0" ten="223,350,177,240" step="2"/><U128/><E128/><V10/><F69/><W29/><G1/><T125/><D125/><U59/><E59/><V79/><F68/><W124/><G124/><T4/><D4/><N who="1" m="3335" /><E64/><V42/><F103/><W18/><G3/><T41/><D41/><AGARI ba="0,1" hai="41,45,49,83,86,90,96,98" m="3335,53415" machi="41" ten="30,1000,0" yaku="8,1" doraHai="131" who="1" fromWho="0" sc="223,-10,350,20,177,0,240,0" />
</Scene>
<Scene>
<INIT seed="4,0,0,0,3,76" ten="213,370,177,240" oya="0" hai0="135,92,96,28,32,112,53,33,60,38,45,103,49" hai1="24,83,2,8,102,113,115,41,55,129,94,23,18" hai2="30,12,14,65,70,21,104,19,17,79,93,131,99" hai3="27,98,85,0,57,52,73,47,10,91,1,130,81"/><T37/><D112/><N who="1" m="43083" /><E41/><V20/><F104/><W35/><G130/><T66/><D135/><U26/><E129/><V116/><F131/><W16/><G73/><T62/><D62/><U95/><E102/><V89/><F116/><W68/><G68/><T126/><D126/><U122/><E122/><V9/><F30/><W48/><G98/><T61/><D61/><U44/><E26/><V121/><F121/><W43/><G35/><T50/><D50/><N who="1" m="29127" /><E83/><V107/><F107/><W124/><G124/><T87/><D87/><U74/><E74/><V101/><F79/><W132/><G132/><T114/><D114/><U125/><E125/><V128/><F128/><W118/><G118/><T29/><D33/><U97/><E97/><V86/><F70/><W42/><G42/><T119/><D119/><U63/><E63/><V77/><F77/><W69/><G69/><T120/><D120/><U3/><E8/><V40/><F40/><W78/><G78/><T71/><D32/><U117/><E117/><V105/><REACH who="2" step="1"/><F9/><REACH who="2" ten="213,370,167,240" step="2"/><W109/><G109/><T75/><D75/><U56/><E56/><V123/><F123/><W5/><G0/><AGARI ba="0,1" hai="0,2,3,18,23,24,94,95" m="29127,43083" machi="0" ten="30,2000,0" yaku="15,1,11,1" doraHai="76" who="1" fromWho="3" sc="213,0,370,30,167,0,240,-20" />
</Scene>
<Scene>
<INIT seed="5,0,0,5,3,132" ten="213,400,167,220" oya="1" hai0="41,127,74,86,42,40,122,90,116,120,14,100,109" hai1="66,25,16,95,93,5,88,7,62,103,115,105,114" hai2="39,123,58,22,84,36,23,8,2,111,134,20,56" hai3="37,13,61,78,21,30,52,113,121,96,94,29,130"/><U54/><E105/><V102/><F111/><W91/><G121/><N who="0" m="46699" /><D127/><U131/><E131/><V101/><F123/><W117/><G37/><N who="2" m="14409" /><F84/><W6/><G130/><T81/><D109/><U128/><E128/><V135/><F8/><N who="3" m="4247" /><G113/><N who="1" m="43018" /><E54/><V75/><F75/><W43/><G117/><T9/><D100/><N who="2" m="38506" /><F2/><W35/><G35/><T119/><D74/><U80/><E103/><V72/><F72/><W26/><G43/><T57/><D57/><AGARI ba="0,0" hai="20,22,23,56,57,58,134,135" m="38506,14409" machi="57" ten="40,2600,0" yaku="28,2" doraHai="132" who="2" fromWho="0" sc="213,-26,400,0,167,26,220,0" />
</Scene>
<Scene>
<INIT seed="6,0,0,4,1,131" ten="187,400,193,220" oya="2" hai0="134,48,36,75,27,128,119,52,89,94,116,132,71" hai1="115,102,61,14,13,31,47,110,16,28,50,103,65" hai2="135,123,124,22,19,93,21,85,55,105,29,7,2" hai3="64,129,12,92,77,80,112,79,68,51,96,78,44"/><V46/><F123/><W9/><G129/><T39/><D71/><U133/><E133/><N who="0" m="51305" /><D75/><U4/><E110/><V108/><F105/><W130/><G130/><T26/><D128/><U40/><E115/><V111/><F135/><W121/><G121/><T104/><D104/><U126/><E126/><V24/><F124/><W87/><G112/><T84/><D26/><U106/><E13/><V113/><F113/><W59/><G68/><T125/><D27/><U73/><E4/><V42/><F55/><W72/><G72/><T67/><D67/><U15/><E14/><V23/><F7/><N who="3" m="3135" /><G59/><N who="0" m="33159" /><D125/><U37/><E73/><V120/><F120/><W53/><G64/><T66/><D66/><U127/><E127/><V60/><F2/><W100/><AGARI ba="0,0" hai="44,51,53,77,78,79,80,87,92,96,100" m="3135" machi="100" ten="30,1100,0" yaku="8,1" doraHai="131" who="3" fromWho="3" sc="187,-3,400,-3,193,-5,220,11" />
</Scene>
<Scene>
<INIT seed="7,0,0,5,2,121" ten="184,397,188,231" oya="3" hai0="75,110,2,50,111,123,90,18,14,77,129,126,109" hai1="65,37,96,67,80,17,11,106,16,113,118,102,53" hai2="52,58,38,133,57,63,74,47,59,62,101,82,32" hai3="107,91,6,43,71,86,87,25,114,119,56,21,8"/><W13/><G71/><T20/><D123/><U3/><E37/><V15/><F32/><W54/><G119/><T31/><D2/><U120/><E120/><V60/><F101/><W89/><G107/><T135/><D135/><U34/><E34/><V45/><F15/><W10/><G43/><T55/><D129/><U33/><E33/><V97/><F97/><W12/><G114/><T84/><D126/><U61/><E113/><V132/><F82/><W103/><G103/><T131/><D131/><U99/><E99/><V79/><F79/><W72/><G72/><T24/><D77/><U85/><E118/><V64/><F74/><W122/><G122/><T83/><D75/><U105/><E105/><V88/><F88/><N who="3" m="33867" /><G12/><T1/><D1/><U46/><E3/><V19/><F19/><N who="3" m="12479" /><G8/><N who="0" m="6471" /><D109/><U44/><E11/><V115/><F115/><W93/><G93/><T41/><D41/><U66/><E17/><V35/><F35/><W49/><AGARI ba="0,0" hai="6,10,13,49,54,56,86,87" m="12479,33867" machi="49" ten="30,3000,0" yaku="8,1,54,1" doraHai="121" who="3" fromWho="3" sc="184,-10,397,-10,188,-10,231,30" />
</Scene>
<Scene>
<INIT seed="7,1,0,1,3,107" ten="174,387,178,261" oya="3" hai0="114,92,100,106,110,88,33,93,120,18,109,12,29" hai1="129,99,31,78,35,98,53,135,14,26,4,115,87" hai2="51,1,48,72,5,75,131,132,83,101,84,13,17" hai3="55,6,79,95,111,70,36,56,11,69,89,124,117"/><W45/><G117/><T54/><D120/><U24/><E115/><V44/><F101/><W41/><G124/><T65/><D114/><U118/><E118/><V19/><F1/><W22/><G111/><T116/><D116/><U108/><E108/><V7/><F131/><W123/><G22/><T37/><D37/><U62/><E129/><V38/><F38/><W0/><G123/><T30/><D106/><U96/><E135/><V76/><F132/><W20/><G20/><N who="0" m="11335" /><D110/><U126/><E126/><V67/><F67/><W97/><REACH who="3" step="1"/><G79/><REACH who="3" ten="174,387,178,251" step="2"/><T28/><D33/><U25/><E35/><V125/><F125/><W60/><AGARI ba="1,1" hai="0,6,11,36,41,45,55,56,60,69,70,89,95,97" machi="60" ten="20,7800,0" yaku="1,1,2,1,0,1,7,1,53,0" doraHai="107" doraHaiUra="119" who="3" fromWho="3" sc="174,-27,387,-27,178,-27,251,91" />
</Scene>
<Scene>
<INIT seed="7,2,0,0,5,126" ten="147,360,151,342" oya="3" hai0="123,58,95,72,62,55,117,112,70,81,102,71,85" hai1="52,30,104,68,92,61,43,28,110,22,127,39,2" hai2="49,93,96,23,79,73,82,84,111,120,91,94,26" hai3="129,118,4,98,131,113,41,24,74,87,89,53,9"/><W16/><G118/><T17/><D117/><U80/><E104/><V14/><F111/><W1/><G74/><T13/><D123/><U116/><E116/><V86/><F120/><W11/><G113/><T75/><D112/><U78/><E110/><V60/><F14/><W83/><G41/><T121/><D121/><U66/><E2/><V47/><F60/><W88/><G53/><T12/><D72/><U25/><E127/><V19/><F93/><W114/><G114/><T3/><D3/><U124/><E124/><V54/><AGARI ba="2,0" hai="19,23,26,47,49,54,73,79,82,84,86,91,94,96" machi="54" ten="20,1500,0" yaku="0,1,7,1" doraHai="126" who="2" fromWho="2" sc="147,-6,360,-6,151,21,342,-9" owari="141,-36.0,354,46.0,172,-23.0,333,13.0" />
</Scene>
</mjloggm>