<mjloggm ver="2.3"><GO type="169" lobby="0"/><UN n0="%44%53%43" n1="%E5%A4%AA%E3%81%8F%E3%81%AA%E3%81%84%E3%81%8A" n2="%E3%83%8F%E3%83%AF%E3%82%A4%E3%82%A2%E3%83%B3" n3="%70%69%2D%70%6F" dan="16,17,16,18" rate="2078.29,2167.34,2091.14,2220.15" sx="F,M,M,M"/><TAIKYOKU oya="0"/>

<Scene>
<INIT seed="0,0,0,5,4,6" ten="250,250,250,250" oya="0" hai0="99,34,73,5,95,110,28,36,33,50,78,124,100" hai1="53,46,3,86,11,51,9,1,30,40,63,19,91" hai2="114,107,125,61,72,122,29,62,42,48,4,23,130" hai3="106,113,24,56,88,87,79,31,111,120,74,12,70"/><T121/><D36/><U65/><E30/><V10/><F72/><W69/><G113/><T59/><D121/><U117/><E117/><V68/><F107/><W92/><G111/><T71/><D71/><U123/><E123/><V105/><F105/><W83/><G120/><T27/><D124/><U55/><E1/><V126/><F114/><W57/><G106/><T66/><D110/><U112/><E112/><V134/><F122/><W16/><G70/><T133/><D133/><U97/><E97/><V8/><F130/><W85/><G74/><T47/><D5/><U35/><E35/><V0/><F134/><W13/><G69/><T45/><D34/><U94/><E3/><V2/><F68/><W80/><G92/><T38/><D38/><U67/><E19/><V115/><F115/><W84/><G84/><T76/><D73/><U132/><E132/><V89/><F89/><W109/><G109/><T54/><D66/><N who="1" m="25099" /><E63/><V135/><F135/><W22/><G13/><T116/><D116/><U131/><E131/><V108/><F108/><W20/><AGARI ba="0,0" hai="12,16,20,22,24,31,56,57,79,80,83,85,87,88" machi="20" ten="20,8000,1" yaku="0,1,7,1,8,1,54,2" doraHai="6" who="3" fromWho="3" sc="250,-40,250,-20,250,-20,250,80" />
</Scene>
<Scene>
<INIT seed="1,0,0,3,0,96" ten="210,230,230,330" oya="1" hai0="36,94,83,32,102,15,30,29,114,13,88,47,95" hai1="85,41,122,124,123,50,12,70,52,132,121,57,31" hai2="133,20,21,51,73,87,18,37,60,127,38,128,9" hai3="35,63,106,129,71,135,55,49,64,28,112,91,45"/><U72/><E72/><V125/><F73/><W66/><G112/><T23/><D114/><U82/><E70/><V26/><F128/><W61/><G129/><T92/><D32/><U42/><E124/><V110/><F110/><W119/><G135/><T22/><D36/><U81/><E132/><V10/><F133/><W108/><G108/><T89/><D47/><U19/><E31/><N who="0" m="11785" /><D83/><U67/><E67/><V107/><F107/><W17/><G119/><T98/><D92/><U116/><E116/><V3/><F3/><W62/><G66/><T40/><D40/><U2/><E2/><V104/><F104/><W103/><G17/><T105/><D105/><U77/><REACH who="1" step="1"/><E82/><REACH who="1" ten="210,220,230,330" step="2"/><V58/><F125/><W76/><G71/><T80/><D80/><U99/><E99/><V111/><F127/><W0/><G64/><T33/><D33/><U84/><E84/><V115/><F87/><W16/><G0/><T6/><D94/><U34/><E34/><V8/><F115/><W74/><G28/><T131/><D131/><U75/><E75/><V5/><F111/><W65/><G35/><T25/><D95/><U109/><E109/><V48/><F5/><W53/><G65/><T79/><D6/><U24/><E24/><V44/><F26/><W126/><G126/><T101/><D98/><U86/><E86/><V97/><F18/><W59/><G16/><T134/><D134/><U7/><E7/><V14/><F97/><W130/><G130/><T27/><D25/><U117/><E117/><V118/><F118/><W39/><G74/><T120/><D27/><U68/><E68/><RYUUKYOKU ba="0,1" sc="210,-10,220,30,230,-10,330,-10" hai1="12,19,41,42,50,52,57,77,81,85,121,122,123" />
</Scene>
<Scene>
<INIT seed="1,1,1,0,2,91" ten="200,250,220,320" oya="1" hai0="122,79,86,89,54,27,117,30,82,58,100,48,84" hai1="134,127,111,8,102,28,120,0,39,69,53,6,15" hai2="50,29,56,71,46,14,64,113,118,73,97,98,125" hai3="121,47,5,60,77,131,24,108,61,83,49,68,2"/><U105/><E120/><V95/><F73/><W124/><G121/><T88/><D117/><U80/><E69/><V9/><F113/><W37/><G108/><T109/><D122/><U96/><E39/><V59/><F29/><W106/><G106/><T18/><D109/><U44/><E111/><V103/><F125/><W21/><G131/><T17/><D100/><U70/><E70/><V33/><F33/><W92/><G68/><T133/><D133/><U55/><E134/><V67/><F118/><W34/><G34/><T13/><D13/><U114/><E114/><V90/><F71/><W25/><G25/><T78/><D78/><U135/><E135/><V43/><F64/><W4/><G37/><T66/><D66/><U3/><E127/><V75/><F75/><W72/><G61/><T119/><D119/><U116/><E116/><V99/><F67/><W107/><G107/><T63/><D63/><U22/><E80/><V112/><F112/><W110/><G110/><T36/><D36/><U20/><E44/><V19/><REACH who="2" step="1"/><F98/><REACH who="2" ten="200,250,210,320" step="2"/><W115/><G72/><T10/><D30/><U45/><E28/><V7/><F7/><W87/><G115/><T85/><D79/><U35/><E35/><V93/><AGARI ba="1,2" hai="9,14,19,43,46,50,56,59,90,93,95,97,99,103" machi="93" ten="20,12000,2" yaku="1,1,0,1,7,1,8,1,52,2,53,0" doraHai="91" doraHaiUra="51" who="2" fromWho="2" sc="200,-31,250,-61,210,143,320,-31" />
</Scene>
<Scene>
<INIT seed="2,0,0,1,4,56" ten="169,189,353,289" oya="2" hai0="124,68,92,104,39,22,106,9,32,58,14,24,57" hai1="62,107,20,21,72,131,85,82,88,108,63,1,109" hai2="65,18,64,83,26,120,79,71,51,45,100,36,31" hai3="84,123,91,103,129,89,117,115,42,8,90,38,74"/><V44/><F120/><W135/><G38/><T77/><D68/><U80/><E1/><V78/><F100/><W17/><G42/><T101/><D39/><U33/><E33/><V0/><F0/><W125/><G8/><T2/><D77/><N who="1" m="44071" /><E107/><V52/><F18/><W112/><G17/><T12/><D12/><U61/><E131/><V46/><F78/><W111/><G123/><T127/><D2/><U60/><E60/><V73/><F36/><W40/><G40/><T116/><D32/><U30/><E30/><V15/><F15/><W118/><G129/><T7/><D116/><N who="3" m="44649" /><G111/><AGARI ba="0,0" hai="20,21,61,62,63,82,85,88,108,109,111" m="44071" machi="111" ten="30,8000,1" yaku="14,1,52,3,54,1" doraHai="56" who="1" fromWho="3" sc="169,0,189,80,353,0,289,-80" />
</Scene>
<Scene>
<INIT seed="3,0,0,1,4,74" ten="169,269,353,209" oya="3" hai0="92,79,99,133,14,50,41,53,57,106,10,120,0" hai1="5,67,135,15,128,95,28,104,23,101,29,134,127" hai2="117,114,1,91,121,85,42,84,55,4,45,36,27" hai3="78,7,66,88,70,30,103,129,110,105,87,48,81"/><W33/><G129/><T80/><D120/><U119/><E104/><V83/><F121/><W65/><G7/><T131/><D131/><U82/><E128/><V47/><F114/><W108/><G48/><T126/><D0/><U39/><E39/><V109/><F109/><N who="3" m="42091" /><G70/><T2/><D133/><U16/><E67/><N who="3" m="25610" /><G33/><T102/><D126/><U132/><E127/><V21/><F4/><W3/><G3/><T34/><D2/><U130/><E130/><V13/><F1/><W8/><G8/><T52/><D34/><U76/><E119/><V112/><F117/><W61/><G61/><T18/><D41/><U93/><E5/><V115/><F115/><W123/><G30/><N who="1" m="11882" /><E101/><V72/><F112/><W17/><G123/><T49/><D106/><U37/><E37/><V35/><F35/><W98/><G17/><T25/><D25/><U71/><E71/><V31/><F36/><W89/><AGARI ba="0,0" hai="78,81,87,88,89,98,103,105" m="25610,42091" machi="89" ten="30,11700,0" yaku="14,1,10,1,52,1,54,1" doraHai="74" who="3" fromWho="3" sc="169,-39,269,-39,353,-39,209,117" />
</Scene>
<Scene>
<INIT seed="3,1,0,1,0,112" ten="130,230,314,326" oya="3" hai0="19,66,16,31,127,60,25,62,13,85,39,7,10" hai1="91,126,109,132,24,2,104,110,35,93,37,121,118" hai2="114,87,124,94,54,67,11,95,108,18,43,57,102" hai3="50,41,97,128,122,113,26,135,115,51,101,81,30"/><W27/><G122/><T123/><D39/><U99/><RYUUKYOKU type="yao9" ba="1,0" sc="130,0,230,0,314,0,326,0" hai1="2,24,35,37,91,93,99,104,109,110,118,121,126,132" />
</Scene>
<Scene>
<INIT seed="3,2,0,3,2,70" ten="130,230,314,326" oya="3" hai0="130,71,44,59,39,20,83,33,84,65,122,64,10" hai1="115,48,114,5,53,101,61,31,125,26,6,58,127" hai2="133,4,25,12,21,129,15,30,62,108,124,85,111" hai3="55,66,87,135,86,132,1,78,119,57,0,80,131"/><W113/><G113/><N who="1" m="43018" /><E101/><V109/><F62/><N who="3" m="38223" /><G119/><T8/><D33/><N who="1" m="20727" /><E48/><V90/><F129/><W45/><G131/><T102/><D71/><U14/><E14/><V34/><F133/><N who="3" m="51275" /><G87/><T118/><D118/><U74/><E74/><V120/><F124/><AGARI ba="2,0" hai="5,6,53,58,61,124,125,127" m="20727,43018" machi="124" ten="30,1000,0" yaku="18,1" doraHai="70" who="1" fromWho="2" sc="130,0,230,16,314,-16,326,0" />
</Scene>
<Scene>
<INIT seed="4,0,0,2,3,3" ten="130,246,298,326" oya="0" hai0="80,31,49,82,13,97,93,102,81,107,32,53,125" hai1="112,10,15,71,60,5,12,70,41,38,30,54,47" hai2="131,106,92,18,87,46,91,40,0,14,77,20,57" hai3="42,45,29,104,74,123,24,28,68,119,44,64,9"/><T96/><D125/><U21/><E112/><V17/><F0/><W134/><G29/><T61/><D61/><U75/><E75/><V35/><F35/><N who="3" m="20871" /><G45/><T26/><D13/><U72/><E72/><V76/><F106/><W73/><G9/><T130/><D130/><U63/><E63/><V129/><F129/><W22/><G22/><T127/><D127/><U36/><E36/><V39/><F131/><W88/><G74/><T113/><D113/><U34/><E34/><V43/><F43/><W23/><G23/><T84/><D84/><U58/><REACH who="1" step="1"/><E30/><REACH who="1" ten="130,236,298,326" step="2"/><V83/><F57/><W4/><G73/><T122/><D122/><U78/><E78/><V19/><F76/><W7/><G123/><T33/><D33/><U118/><E118/><V51/><F39/><W66/><G119/><T95/><REACH who="0" step="1"/><D97/><AGARI ba="0,1" hai="14,17,18,19,20,40,46,51,77,83,87,91,92,97" machi="97" ten="30,2000,0" yaku="7,1,8,1" doraHai="3" who="2" fromWho="0" sc="130,-20,236,0,298,30,326,0" />
</Scene>
<Scene>
<INIT seed="5,0,0,3,4,121" ten="110,236,328,326" oya="1" hai0="98,110,109,72,103,2,107,51,81,112,7,77,78" hai1="20,46,118,114,116,17,111,58,82,84,26,102,47" hai2="41,89,52,32,60,69,4,15,39,31,113,96,49" hai3="73,54,94,87,79,12,127,50,131,33,18,6,125"/><U104/><E114/><V23/><F113/><W44/><G131/><T30/><D51/><U135/><E135/><V91/><F41/><W45/><G33/><T129/><D112/><U28/><E104/><V117/><F39/><W25/><G73/><N who="0" m="43183" /><D30/><U92/><E118/><V99/><F117/><W126/><G6/><T71/><D71/><U106/><E106/><V95/><F32/><W86/><G25/><T61/><D61/><U21/><E116/><V43/><F43/><W63/><G63/><T0/><D7/><U119/><E119/><V56/><F31/><W76/><G45/><T115/><D115/><U1/><E1/><N who="0" m="617" /><D129/><U90/><E58/><V22/><F15/><W8/><G87/><T62/><D62/><U123/><E47/><V59/><F4/><W36/><G36/><T132/><D132/><U70/><E46/><V75/><F69/><W27/><G27/><T37/><D37/><U13/><E70/><V105/><F23/><W65/><G65/><T34/><D34/><U133/><E133/><V93/><F22/><W134/><G134/><T55/><D55/><U42/><E42/><V38/><F38/><W101/><G86/><T80/><AGARI ba="0,0" hai="72,78,80,98,103,107,109,110" m="617,43183" machi="80" ten="30,4000,0" yaku="23,1,52,2" doraHai="121" who="0" fromWho="0" sc="110,40,236,-20,328,-10,326,-10" />
</Scene>
<Scene>
<INIT seed="6,0,0,1,2,117" ten="150,216,318,316" oya="2" hai0="109,110,86,85,79,8,99,0,95,121,62,17,126" hai1="40,81,75,49,33,69,114,54,25,43,28,52,18" hai2="61,106,64,36,100,78,83,38,1,4,48,111,105" hai3="3,84,129,72,20,77,55,35,96,80,88,91,67"/><V76/><F48/><W37/><G35/><T46/><D62/><U131/><E69/><V128/><F128/><W12/><G3/><T7/><D126/><U97/><E131/><V41/><F78/><W13/><G37/><T50/><D86/><U113/><E18/><V53/><F53/><W74/><G67/><T32/><D32/><U102/><E81/><V30/><F30/><W119/><G119/><T45/><D45/><N who="1" m="27695" /><E54/><V112/><F112/><N who="1" m="43113" /><E75/><V26/><F41/><W134/><G129/><T42/><D17/><U118/><E118/><V51/><F111/><W107/><G74/><T2/><D2/><U98/><E98/><V22/><F1/><W87/><G55/><T125/><D125/><U101/><E101/><V16/><F100/><N who="3" m="62855" /><G20/><T122/><D110/><U124/><E124/><V47/><F4/><W19/><G19/><T27/><D109/><U120/><E120/><V31/><F31/><W127/><G127/><T58/><D58/><U70/><E70/><V90/><F90/><N who="3" m="34347" /><G87/><T15/><D0/><U11/><E11/><V5/><F5/><W65/><G84/><T130/><D130/><U93/><AGARI ba="0,0" hai="25,28,33,40,43,93,97,102" m="43113,27695" machi="93" ten="30,2000,0" yaku="15,1,54,1" doraHai="117" who="1" fromWho="1" sc="150,-5,216,20,318,-10,316,-5" />
</Scene>
<Scene>
<INIT seed="7,0,0,3,5,101" ten="145,236,308,311" oya="3" hai0="79,121,107,25,99,20,117,3,33,22,69,48,67" hai1="32,103,12,35,88,90,10,77,51,135,128,36,134" hai2="59,34,60,9,73,53,96,27,127,62,124,75,52" hai3="54,105,45,83,92,116,31,2,42,72,55,91,85"/><W63/><G116/><T122/><D117/><U38/><E77/><V24/><F9/><W126/><G31/><T39/><D79/><U80/><E128/><V7/><F7/><W74/><G2/><T44/><D22/><U89/><E80/><V41/><F41/><W16/><G105/><T0/><D20/><U100/><E51/><V56/><F96/><W19/><G74/><T17/><D17/><N who="3" m="6729" /><G72/><T112/><D112/><U46/><E46/><V114/><F114/><W118/><G118/><T82/><D82/><U130/><E130/><V131/><F131/><W70/><G70/><T95/><D95/><U111/><E111/><V84/><F84/><N who="3" m="52327" /><G63/><N who="0" m="40191" /><D48/><U5/><E103/><V68/><F68/><W28/><G28/><N who="0" m="19599" /><D121/><U13/><E13/><V119/><F119/><W78/><G126/><T108/><D122/><U6/><E100/><V81/><F81/><W104/><G104/><T21/><D108/><U29/><E6/><V57/><F57/><W30/><G30/><T61/><D21/><U102/><E102/><V133/><F133/><W113/><G113/><T65/><D99/><U97/><E97/><V47/><F47/><W98/><G98/><T87/><D87/><U132/><E29/><V15/><F15/><W26/><G26/><T4/><D4/><U8/><E8/><V129/><F129/><W125/><G125/><T58/><D107/><U93/><E93/><V86/><F86/><W37/><G85/><T76/><D76/><U66/><REACH who="1" step="1"/><E66/><REACH who="1" ten="145,226,308,311" step="2"/><V23/><F124/><W1/><G1/><T115/><D115/><U94/><E94/><V14/><F127/><RYUUKYOKU ba="0,1" sc="145,10,226,10,308,-30,311,10" hai0="0,3,39,44,58,61,65" hai1="5,10,12,32,35,36,38,88,89,90,132,134,135" hai3="37,42,45,54,55,78,83" owari="155,-34.0,236,-16.0,278,8.0,331,42.0" />
</Scene>
</mjloggm>