<mjloggm ver="2.3"><GO type="169" lobby="0"/><UN n0="%E5%A4%AA%E3%81%8F%E3%81%AA%E3%81%84%E3%81%8A" n1="%E8%8A%B1%E6%BE%A4%E9%A6%99%E8%8F%9C%E3%81%A1%E3%82%83%E3%82%93" n2="%E3%83%A9%E3%82%B9%E5%A4%AA" n3="%E9%9B%80%E9%BE%8D%E9%96%80%5F%59%75%74%69" dan="17,16,17,18" rate="2190.92,2095.36,2080.38,2252.88" sx="M,F,M,M"/><TAIKYOKU oya="0"/>

<Scene>
<INIT seed="0,0,0,5,1,73" ten="250,250,250,250" oya="0" hai0="104,16,26,78,35,67,107,105,43,74,47,97,2" hai1="36,81,59,93,49,99,30,111,55,115,45,92,40" hai2="11,28,76,9,52,41,32,66,126,4,131,120,70" hai3="21,12,27,86,23,62,37,135,125,38,60,10,75"/><T72/><D2/><U34/><E115/><V110/><F120/><W88/><G75/><T118/><D118/><U51/><E111/><V101/><F41/><W114/><G135/><T117/><D117/><U61/><E81/><V0/><F110/><W90/><G125/><T17/><D67/><U20/><E34/><V95/><F126/><W57/><G114/><T130/><D130/><U94/><E99/><V6/><F131/><W109/><G109/><T132/><D132/><U122/><E122/><V79/><F52/><W65/><G62/><T83/><D74/><U58/><E58/><V48/><F48/><W54/><G90/><T89/><D35/><U128/><E128/><V56/><F56/><W96/><G96/><T8/><D26/><U13/><E30/><V124/><F124/><W91/><G91/><T77/><D77/><U112/><E112/><V113/><F113/><W87/><G87/><T68/><D68/><U18/><AGARI ba="0,0" hai="13,18,20,36,40,45,49,51,55,59,61,92,93,94" machi="18" ten="30,1100,0" yaku="0,1" doraHai="73" who="1" fromWho="1" sc="250,-5,250,11,250,-3,250,-3" />
</Scene>
<Scene>
<INIT seed="1,0,0,5,4,42" ten="245,261,247,247" oya="1" hai0="114,80,79,125,131,67,121,56,26,96,11,129,74" hai1="113,38,99,40,133,68,135,1,48,32,123,127,134" hai2="108,25,92,39,97,53,10,75,66,95,81,4,116" hai3="62,58,16,132,46,22,88,89,91,101,31,98,21"/><U5/><E32/><V76/><F116/><W33/><G132/><T8/><D114/><U19/><E113/><V17/><F108/><W106/><G33/><T84/><D125/><U49/><E123/><V51/><F66/><W110/><G110/><T78/><D121/><U35/><E35/><V107/><F39/><W100/><G100/><T55/><D67/><U50/><E127/><V73/><F73/><W86/><G46/><T103/><D26/><U29/><E29/><V126/><F126/><W115/><G115/><T105/><D79/><U124/><E124/><V36/><F36/><W60/><G31/><T104/><D104/><U120/><E120/><V69/><F69/><W65/><G22/><T94/><D8/><N who="1" m="2095" /><E68/><V2/><F107/><W71/><G60/><T63/><REACH who="0" step="1"/><D11/><REACH who="0" ten="235,261,247,247" step="2"/><U90/><E135/><V0/><F25/><W28/><G71/><T37/><D37/><U45/><E134/><V61/><F10/><W52/><G65/><T43/><D43/><U20/><E133/><V24/><F24/><W47/><G28/><T85/><D85/><U72/><E72/><V57/><F75/><W70/><G70/><T18/><D18/><U119/><E119/><V27/><F17/><W30/><G30/><T59/><D59/><U7/><E7/><V9/><F27/><N who="3" m="14759" /><G86/><T14/><D14/><N who="1" m="9335" /><E38/><V82/><F4/><W23/><G23/><T64/><D64/><U117/><E117/><V34/><F34/><W112/><G112/><T77/><D77/><U6/><E6/><V118/><F76/><W122/><G122/><T111/><D111/><U44/><E40/><RYUUKYOKU ba="0,1" sc="235,10,261,10,247,-30,247,10" hai0="55,56,63,74,78,80,84,94,96,103,105,129,131" hai1="44,45,48,49,50,90,99" hai3="47,52,58,62,88,89,91,98,101,106" />
</Scene>
<Scene>
<INIT seed="1,1,1,3,5,88" ten="245,271,217,257" oya="1" hai0="129,100,11,0,121,49,10,32,135,124,70,24,116" hai1="36,52,38,112,65,35,41,86,132,7,84,102,131" hai2="60,101,71,14,55,56,48,87,82,105,85,40,128" hai3="114,29,125,57,134,75,6,104,15,115,119,54,45"/><U97/><E112/><V99/><F128/><W93/><G104/><T44/><D116/><U78/><E131/><V28/><F28/><W73/><G134/><T26/><D129/><U72/><E35/><V43/><F14/><W34/><G125/><T30/><D70/><U27/><E27/><V113/><F113/><W47/><G119/><T81/><D135/><U63/><E132/><V46/><F71/><W8/><G57/><T74/><D0/><U4/><E72/><V126/><F126/><W92/><G54/><T51/><D51/><U50/><E36/><V120/><F120/><W130/><G130/><T111/><D124/><U59/><E38/><V76/><REACH who="2" step="1"/><F87/><REACH who="2" ten="245,271,207,257" step="2"/><W95/><G75/><T21/><D30/><U25/><E86/><V122/><F122/><W107/><G73/><T22/><D121/><U17/><E84/><V12/><F12/><W83/><G29/><T77/><D74/><U91/><E25/><V69/><F69/><W109/><G15/><T31/><D24/><U80/><E4/><V9/><F9/><W5/><G8/><T64/><D10/><U37/><E7/><V42/><AGARI ba="1,2" hai="40,42,43,46,48,55,56,60,76,82,85,99,101,105" machi="42" ten="20,2700,0" yaku="1,1,0,1,7,1,53,0" doraHai="88" doraHaiUra="68" who="2" fromWho="2" sc="245,-8,271,-14,207,50,257,-8" />
</Scene>
<Scene>
<INIT seed="2,0,0,0,5,100" ten="237,257,257,249" oya="2" hai0="59,80,63,11,83,21,57,110,47,132,29,92,124" hai1="120,112,20,67,121,130,123,45,95,27,23,25,16" hai2="35,31,3,41,111,5,77,54,38,9,62,135,86" hai3="26,118,13,96,65,134,72,66,30,94,53,125,56"/><V79/><F135/><W129/><G125/><T114/><D114/><U93/><E45/><V61/><F111/><W89/><G118/><T119/><D124/><U81/><E67/><V14/><F41/><W22/><G129/><T12/><D110/><U117/><E117/><V49/><F38/><W10/><G72/><T103/><D119/><U126/><E126/><V127/><F127/><W68/><G68/><T0/><D0/><U7/><E81/><V84/><F3/><W107/><G107/><T4/><D47/><U102/><E112/><V36/><F36/><W78/><G78/><N who="2" m="29705" /><F31/><W43/><G43/><T91/><D103/><U90/><E102/><V133/><F35/><W46/><G46/><T104/><D104/><U97/><E130/><V51/><F133/><W33/><G33/><T74/><D74/><U64/><E64/><V39/><F39/><W8/><G8/><T60/><D21/><U69/><E69/><V17/><F5/><W28/><G28/><T122/><D29/><N who="1" m="17599" /><E95/><V109/><F109/><W42/><G42/><T82/><D122/><U105/><E105/><V34/><F34/><W50/><REACH who="3" step="1"/><G134/><REACH who="3" ten="237,257,257,239" step="2"/><T128/><D128/><U19/><E7/><AGARI ba="0,1" hai="7,10,13,22,26,30,50,53,56,65,66,89,94,96" machi="7" ten="30,7700,0" yaku="1,1,2,1,7,1,8,1,53,0" doraHai="100" doraHaiUra="75" who="3" fromWho="1" sc="237,0,257,-77,257,0,239,87" />
</Scene>
<Scene>
<INIT seed="3,0,0,4,1,100" ten="237,180,257,326" oya="3" hai0="53,111,6,123,80,14,116,71,42,96,34,17,93" hai1="55,77,30,78,46,106,39,121,92,104,31,25,35" hai2="21,41,86,109,29,82,103,99,43,13,68,90,115" hai3="132,91,72,22,69,95,119,36,107,112,66,16,26"/><W62/><G119/><T10/><D116/><U9/><E121/><V97/><F68/><W2/><G112/><T50/><D123/><U32/><E9/><V75/><F115/><W47/><G132/><T110/><D71/><U1/><E1/><V64/><F64/><W20/><G72/><T59/><D34/><U52/><E92/><V0/><F0/><W81/><G81/><T44/><D17/><U101/><E101/><V67/><F67/><W89/><G89/><T125/><D125/><U124/><E46/><V120/><F120/><W133/><G2/><T94/><D80/><U57/><E57/><V58/><F109/><N who="0" m="41482" /><D96/><U76/><E39/><AGARI ba="0,0" hai="6,10,14,39,42,44,50,53,59,93,94" m="41482" machi="39" ten="30,1000,0" yaku="14,1" doraHai="100" who="0" fromWho="1" sc="237,10,180,-10,257,0,326,0" />
</Scene>
<Scene>
<INIT seed="4,0,0,0,4,130" ten="247,170,257,326" oya="0" hai0="24,90,94,56,116,74,88,47,80,123,30,33,106" hai1="77,121,64,111,20,73,82,115,8,92,49,54,84" hai2="19,85,31,65,23,67,10,11,7,44,133,52,25" hai3="127,107,129,12,83,34,3,91,124,119,55,2,36"/><T69/><D106/><U6/><E121/><V46/><F133/><W14/><G129/><T132/><D69/><U89/><E111/><V40/><F31/><W39/><G119/><T29/><D116/><U79/><E115/><V86/><F11/><W16/><G83/><T21/><D123/><U101/><E77/><V131/><F131/><W99/><G107/><T113/><D113/><U35/><E35/><V100/><F100/><W41/><G41/><T58/><D132/><U112/><E112/><V103/><F103/><W32/><G55/><T26/><D47/><U53/><E64/><V78/><F40/><W104/><G104/><T13/><D13/><U45/><E101/><V97/><F97/><W71/><G71/><T87/><REACH who="0" step="1"/><D74/><REACH who="0" ten="237,170,257,326" step="2"/><U60/><E45/><V63/><F44/><W81/><G14/><T59/><D59/><U95/><E73/><V135/><F135/><W114/><G12/><T57/><D57/><U96/><E6/><V9/><F7/><W51/><G114/><T93/><D93/><U128/><E95/><V22/><F46/><W102/><G2/><T126/><D126/><U76/><E128/><V37/><F37/><W61/><G3/><T134/><D134/><U72/><E92/><V38/><F38/><W43/><G39/><T117/><D117/><U28/><E72/><V70/><F70/><W50/><G36/><T110/><D110/><U118/><E118/><V66/><F25/><W17/><G124/><T0/><D0/><U125/><E125/><V122/><F122/><W68/><G68/><T105/><D105/><U62/><E82/><RYUUKYOKU ba="0,1" sc="237,30,170,-10,257,-10,326,-10" hai0="21,24,26,29,30,33,56,58,80,87,88,90,94" />
</Scene>
<Scene>
<INIT seed="4,1,1,1,3,111" ten="267,160,247,316" oya="0" hai0="15,128,116,38,0,120,41,88,74,83,56,78,29" hai1="89,64,31,96,103,46,42,32,14,90,133,121,10" hai2="16,21,17,113,91,43,70,5,23,69,58,76,131" hai3="59,92,84,26,126,97,100,52,63,61,118,50,2"/><T13/><D116/><U45/><E121/><V9/><F76/><W44/><G126/><T75/><D120/><U105/><E133/><V8/><F58/><W132/><G132/><T20/><D75/><U99/><E64/><V108/><F108/><W68/><G118/><T47/><D128/><U7/><E96/><V48/><F131/><W6/><G2/><T35/><D35/><U81/><E81/><V127/><F127/><W87/><G6/><T98/><D56/><U125/><E125/><V72/><F72/><W39/><G26/><T110/><D110/><U135/><E135/><V80/><F48/><W40/><G63/><T106/><D0/><U79/><E79/><V122/><F122/><W3/><G3/><T24/><REACH who="0" step="1"/><D106/><REACH who="0" ten="257,160,247,316" step="2"/><U107/><E107/><V11/><F70/><W82/><G82/><T25/><D25/><U28/><E46/><V71/><F80/><W54/><G68/><T18/><D18/><U57/><E57/><AGARI ba="1,2" hai="39,40,44,50,52,54,57,59,61,84,87,92,97,100" machi="57" ten="30,2000,0" yaku="7,1,54,1" doraHai="111" who="3" fromWho="1" sc="257,0,160,-23,247,0,316,43" />
</Scene>
<Scene>
<INIT seed="5,0,0,1,2,54" ten="257,137,247,359" oya="1" hai0="58,61,34,63,43,125,101,86,22,102,17,1,92" hai1="67,6,81,53,12,23,49,10,20,128,100,31,114" hai2="78,93,11,37,83,80,69,55,51,8,36,35,45" hai3="131,115,88,50,72,14,97,56,33,46,29,121,32"/><U130/><E114/><V118/><F69/><W132/><G121/><T30/><D1/><U89/><E100/><V95/><F35/><W13/><G72/><T126/><D43/><U18/><E31/><V96/><F83/><W60/><G132/><T26/><D86/><N who="1" m="50383" /><E67/><V16/><F93/><W9/><G131/><N who="1" m="50218" /><E6/><V74/><F118/><W42/><G115/><T124/><D92/><U107/><E107/><V57/><F45/><AGARI ba="0,0" hai="10,12,18,20,23,45,49,53" m="50218,50383" machi="45" ten="30,2900,0" yaku="25,1,19,1" doraHai="54" who="1" fromWho="2" sc="257,0,137,29,247,-29,359,0" />
</Scene>
<Scene>
<INIT seed="5,1,0,3,5,4" ten="257,166,218,359" oya="1" hai0="100,105,21,57,101,106,65,71,129,15,17,45,78" hai1="113,38,80,16,127,36,40,62,12,50,131,84,135" hai2="69,29,83,115,48,82,64,41,91,112,22,60,93" hai3="108,51,86,124,70,134,117,133,68,26,103,79,13"/><U3/><E3/><V25/><F48/><W125/><G108/><T109/><D109/><U73/><E73/><V31/><F31/><W56/><G103/><T110/><D110/><U107/><E107/><V98/><REACH who="2" step="1"/><F41/><REACH who="2" ten="257,166,208,359" step="2"/><W2/><G51/><T90/><D45/><N who="1" m="25895" /><E113/><AGARI ba="1,1" hai="22,25,29,60,64,69,82,83,91,93,98,112,113,115" machi="113" ten="40,5200,0" yaku="1,1,15,1,11,1,53,0" doraHai="4" doraHaiUra="54" who="2" fromWho="1" sc="257,0,166,-55,208,65,359,0" />
</Scene>
<Scene>
<INIT seed="6,0,0,2,4,71" ten="257,111,273,359" oya="2" hai0="76,77,97,84,41,133,25,55,131,79,3,122,117" hai1="105,38,74,87,10,31,135,0,90,47,8,72,129" hai2="108,106,21,121,67,68,64,56,65,104,81,98,11" hai3="120,33,32,134,124,78,40,35,130,60,132,4,100"/><V94/><F121/><W58/><G120/><T22/><D122/><U13/><E105/><V110/><F68/><W92/><G124/><T2/><D41/><U14/><E135/><N who="3" m="51754" /><G130/><T75/><D75/><U5/><E129/><V48/><F81/><W45/><G4/><T107/><D133/><U63/><E31/><V69/><F69/><W50/><G100/><T85/><D131/><U26/><E26/><V95/><F11/><W89/><G78/><T29/><D117/><U128/><E128/><V42/><F21/><W19/><G19/><T30/><D30/><U23/><E23/><V44/><F56/><W9/><G9/><T39/><D39/><U52/><E63/><V49/><F49/><W88/><G92/><T24/><D24/><U36/><E0/><V66/><F95/><W80/><G80/><T82/><D2/><U15/><E15/><V93/><F93/><W126/><G126/><T1/><D1/><U113/><E113/><V12/><F12/><W37/><G50/><T115/><D3/><U86/><E5/><V91/><N who="2" m="16896" /><DORA hai="54" /><V20/><REACH who="2" step="1"/><F20/><REACH who="2" ten="257,111,263,359" step="2"/><W103/><G32/><T7/><D82/><U51/><E51/><V73/><F73/><W28/><G33/><T16/><D22/><U43/><E43/><V114/><F114/><W46/><G40/><T116/><D115/><U127/><E127/><V123/><F123/><W18/><G35/><T102/><D25/><U70/><E70/><V62/><F62/><W27/><G60/><T6/><D55/><U119/><E52/><V109/><AGARI ba="0,1" hai="42,44,48,91,94,98,104,106,108,109,110" m="16896" machi="109" ten="50,9600,0" yaku="1,1,0,1,10,1,53,0" doraHai="71,54" doraHaiUra="112,59" who="2" fromWho="2" sc="257,-32,111,-32,263,106,359,-32" />
</Scene>
<Scene>
<INIT seed="6,1,0,1,1,35" ten="225,79,369,327" oya="2" hai0="11,51,85,72,96,58,114,39,92,102,126,36,97" hai1="25,23,20,50,103,32,7,110,28,78,84,64,101" hai2="99,27,127,30,87,104,81,111,130,107,108,68,46" hai3="119,48,82,86,71,41,33,93,98,100,132,65,62"/><V45/><F127/><W90/><G132/><T22/><D72/><U133/><E133/><V80/><F68/><W31/><G119/><T44/><D126/><U66/><E110/><N who="2" m="42027" /><F130/><W18/><G41/><T63/><D114/><U95/><E50/><V12/><F12/><W117/><G117/><T67/><D85/><U26/><E32/><N who="2" m="20575" /><F80/><W53/><G18/><T15/><D96/><U6/><E78/><N who="2" m="46519" /><F99/><W73/><G31/><T94/><D22/><U120/><E120/><V118/><F118/><W131/><G33/><T89/><D15/><U135/><E135/><V3/><F3/><W24/><G24/><T29/><D29/><U122/><E122/><V116/><F116/><W113/><G131/><T74/><D11/><U77/><E28/><V61/><F61/><W75/><REACH who="3" step="1"/><G113/><REACH who="3" ten="225,79,369,317" step="2"/><T109/><D109/><U54/><E77/><V49/><F46/><AGARI ba="1,1" hai="46,48,53,62,65,71,73,75,82,86,90,93,98,100" machi="46" ten="30,3900,0" yaku="1,1,2,1,7,1,53,0" doraHai="35" doraHaiUra="14" who="3" fromWho="2" sc="225,0,79,0,369,-42,317,52" />
</Scene>
<Scene>
<INIT seed="7,0,0,0,3,30" ten="225,79,327,369" oya="3" hai0="111,125,132,56,124,65,129,119,102,20,8,19,27" hai1="106,58,7,42,1,22,130,116,98,66,45,96,108" hai2="57,33,68,80,107,120,104,31,55,123,91,97,85" hai3="133,18,105,15,44,78,29,40,25,36,51,67,83"/><W134/><G105/><T71/><D119/><U89/><E116/><V77/><F68/><W95/><G95/><T101/><D111/><U41/><E108/><V28/><F107/><W49/><G67/><T109/><D109/><U38/><E130/><V110/><F110/><W86/><G25/><T47/><D71/><U74/><E42/><V79/><F79/><W73/><G29/><T37/><D132/><N who="3" m="50793" /><G86/><T16/><D129/><U35/><E22/><AGARI ba="0,0" hai="15,18,22,36,40,44,49,51,73,78,83" m="50793" machi="22" ten="30,1500,0" yaku="20,1" doraHai="30" who="3" fromWho="1" sc="225,0,79,-15,327,0,369,15" owari="225,-17.0,64,-44.0,327,13.0,384,48.0" />
</Scene>
</mjloggm>