<mjloggm ver="2.3"><GO type="169" lobby="0"/><UN n0="%E3%83%A1%E3%83%AB%E3%82%AB%E3%83%88%E3%83%AB%E3%81%8F%E3%82%93" n1="%E3%81%97%E3%82%85%E3%81%86%E3%83%BC%E3%80%82" n2="%E5%9B%BD%E8%A6%8B%E6%AF%94%E5%91%82" n3="%E5%A4%AA%E3%81%8F%E3%81%AA%E3%81%84%E3%81%8A" dan="16,18,17,18" rate="2103.72,2248.52,2202.73,2272.87" sx="M,M,M,F"/><TAIKYOKU oya="0"/>

<Scene>
<INIT seed="0,0,0,1,5,34" ten="250,250,250,250" oya="0" hai0="33,62,54,114,46,108,3,104,43,20,81,85,39" hai1="5,101,128,13,50,40,92,80,90,63,102,87,51" hai2="37,132,121,65,113,71,18,93,120,61,0,88,96" hai3="9,8,129,47,74,73,103,123,112,4,99,125,107"/><T116/><D33/><U134/><E128/><V78/><F113/><W7/><G112/><T6/><D114/><U94/><E134/><V10/><F132/><W72/><G129/><T16/><D104/><U86/><E63/><V57/><F37/><W117/><G117/><T2/><D6/><U82/><E13/><V100/><F78/><W67/><G67/><T24/><D116/><U49/><E5/><V64/><F64/><W131/><G131/><T27/><D27/><U109/><E109/><V15/><F0/><N who="3" m="7" /><G47/><T79/><REACH who="0" step="1"/><D108/><REACH who="0" ten="240,250,250,250" step="2"/><U110/><E110/><V30/><F30/><W58/><G107/><T83/><D83/><N who="1" m="31787" /><E40/><V95/><REACH who="2" step="1"/><F71/><REACH who="2" ten="240,250,240,250" step="2"/><W84/><G123/><T38/><D38/><U97/><E94/><V119/><F119/><W133/><G133/><T70/><D70/><U25/><E25/><V28/><F28/><W14/><G14/><T118/><D118/><U32/><E32/><V1/><F1/><W22/><G7/><T126/><D126/><U36/><E36/><V76/><F76/><W31/><G125/><T55/><D55/><U75/><E75/><V42/><F42/><W124/><G124/><T11/><D11/><U45/><E45/><V91/><F91/><W26/><G9/><T17/><D17/><U69/><E69/><V35/><F35/><W52/><G52/><T111/><D111/><U48/><N who="1" m="12288" /><DORA hai="135" /><U19/><E19/><V21/><F21/><W60/><G73/><T29/><D29/><U66/><E66/><V59/><F59/><AGARI ba="0,2" hai="2,3,16,20,24,39,43,46,54,59,62,79,81,85" machi="59" ten="40,12000,1" yaku="1,1,52,2,54,1,53,0" doraHai="34,135" doraHaiUra="105,115" who="0" fromWho="2" sc="240,140,250,0,240,-120,250,0" />
</Scene>
<Scene>
<INIT seed="0,1,0,5,3,33" ten="380,250,120,250" oya="0" hai0="58,65,42,15,31,50,55,38,29,9,20,131,51" hai1="81,49,85,121,68,98,73,109,8,128,54,118,43" hai2="45,79,92,37,111,115,52,30,17,135,86,116,14" hai3="95,106,112,93,7,36,61,114,59,41,97,24,19"/><T88/><D38/><U35/><E121/><V13/><F115/><W126/><G106/><T82/><D131/><U64/><E118/><V10/><F116/><W70/><G70/><T18/><D65/><U113/><E128/><V32/><F111/><W129/><G129/><T96/><D9/><U12/><E35/><V91/><F135/><W2/><G41/><T78/><D78/><U28/><E28/><V87/><F37/><W71/><G71/><T132/><D132/><U76/><E109/><V47/><F32/><W11/><G93/><N who="0" m="56359" /><D82/><U66/><E113/><V22/><F52/><N who="3" m="34023" /><G36/><T5/><D5/><N who="1" m="3087" /><E73/><V4/><REACH who="2" step="1"/><F30/><REACH who="2" ten="380,250,110,250" step="2"/><W25/><G114/><T84/><D42/><U6/><E43/><V101/><F101/><W103/><G112/><T16/><D50/><U120/><E120/><V75/><F75/><W63/><G103/><T90/><D31/><U102/><E68/><V94/><F94/><W134/><G95/><N who="0" m="54727" /><D29/><U53/><E102/><V108/><F108/><W77/><G134/><T123/><D123/><U21/><E54/><V133/><F133/><W56/><G56/><T26/><D58/><U100/><E53/><V110/><F110/><W122/><G122/><T74/><D74/><U3/><E49/><V127/><F127/><W124/><G126/><T46/><D55/><U39/><E39/><V104/><F104/><W72/><G124/><T48/><D46/><U1/><E100/><V27/><F27/><W62/><G72/><T44/><D44/><U99/><E66/><V80/><AGARI ba="1,1" hai="4,10,13,14,17,22,45,47,79,80,86,87,91,92" machi="80" ten="30,4000,0" yaku="1,1,0,1,8,1,53,0" doraHai="33" doraHaiUra="125" who="2" fromWho="2" sc="380,-21,250,-11,110,53,250,-11" />
</Scene>
<Scene>
<INIT seed="1,0,0,0,3,10" ten="359,239,163,239" oya="1" hai0="116,86,55,90,46,39,88,82,64,16,53,121,112" hai1="7,35,79,29,99,73,67,93,44,60,20,135,40" hai2="119,101,56,69,21,104,42,70,3,15,108,38,95" hai3="8,31,49,9,62,61,6,94,43,77,89,13,71"/><U91/><E135/><V72/><F119/><W132/><G132/><T2/><D112/><U51/><E35/><V45/><F104/><W120/><G120/><T4/><D116/><U102/><E73/><V54/><F72/><W125/><G125/><T97/><D121/><U63/><E79/><V85/><F3/><W128/><G128/><T129/><D129/><U98/><E7/><V0/><F0/><W84/><G71/><T33/><D33/><U68/><E63/><V124/><F108/><W41/><G31/><T96/><D64/><U26/><REACH who="1" step="1"/><E102/><REACH who="1" ten="359,229,163,239" step="2"/><V80/><F101/><W48/><G77/><T117/><D117/><U134/><E134/><V59/><F124/><W111/><G111/><T131/><D4/><U27/><E27/><V12/><F70/><W32/><G32/><T126/><D131/><U87/><AGARI ba="0,1" hai="20,26,29,40,44,51,60,67,68,87,91,93,98,99" machi="87" ten="20,3900,0" yaku="1,1,0,1,7,1,53,0" doraHai="10" doraHaiUra="28" who="1" fromWho="1" sc="359,-13,229,49,163,-13,239,-13" />
</Scene>
<Scene>
<INIT seed="1,1,0,5,1,81" ten="346,278,150,226" oya="1" hai0="62,101,115,106,1,135,30,50,93,120,12,121,14" hai1="79,103,99,130,42,41,133,123,78,18,116,16,83" hai2="126,3,72,2,47,80,5,52,70,73,29,87,23" hai3="108,110,25,125,92,117,26,85,13,91,118,32,37"/><U134/><E123/><N who="0" m="47177" /><D115/><U124/><E116/><N who="3" m="44650" /><G37/><T75/><D106/><U10/><E130/><V61/><F126/><W49/><G125/><T0/><D75/><U11/><E124/><V54/><F72/><W33/><G13/><N who="0" m="5227" /><D135/><N who="1" m="51723" /><E99/><V60/><F73/><W21/><G49/><T17/><D30/><U64/><E103/><V51/><F70/><W77/><G77/><N who="1" m="29194" /><E83/><V7/><F80/><W65/><G65/><T131/><D131/><U35/><E35/><N who="3" m="13386" /><G26/><T15/><D101/><U128/><E64/><V88/><F29/><AGARI ba="1,0" hai="21,25,29,85,91,92,108,110" m="13386,44650" machi="29" ten="30,2000,0" yaku="12,1,52,1" doraHai="81" who="3" fromWho="2" sc="346,0,278,0,150,-23,226,23" />
</Scene>
<Scene>
<INIT seed="2,0,0,2,1,120" ten="346,278,127,249" oya="2" hai0="9,72,33,101,59,122,60,10,95,132,114,16,67" hai1="129,103,64,2,124,66,44,6,56,28,20,18,110" hai2="7,92,36,22,127,98,34,90,47,39,12,100,70" hai3="31,25,88,119,94,113,111,8,93,45,130,38,97"/><V58/><F70/><W96/><G119/><T91/><D122/><U83/><E129/><V29/><F127/><W99/><G130/><T133/><D33/><U11/><E124/><V123/><F123/><W53/><G113/><T77/><D114/><U126/><E126/><V49/><F34/><W24/><G111/><T104/><D101/><U85/><E28/><V76/><F76/><W61/><G38/><T131/><D131/><U82/><E103/><V26/><F58/><N who="3" m="35023" /><G45/><T81/><D104/><U121/><E121/><V43/><REACH who="2" step="1"/><F100/><REACH who="2" ten="346,278,117,249" step="2"/><N who="3" m="60431" /><G31/><T19/><D133/><U117/><E117/><V23/><F23/><W0/><G0/><T118/><D132/><U68/><E68/><V128/><F128/><W4/><G99/><T32/><D32/><U13/><E56/><V5/><F5/><W17/><G4/><T69/><D118/><U102/><E102/><V125/><F125/><W1/><G1/><T63/><D9/><AGARI ba="0,1" hai="7,9,12,22,26,29,36,39,43,47,49,90,92,98" machi="9" ten="40,2000,0" yaku="1,1,53,0" doraHai="120" doraHaiUra="35" who="2" fromWho="0" sc="346,-20,278,0,117,30,249,0" />
</Scene>
<Scene>
<INIT seed="2,1,0,4,1,99" ten="326,278,147,249" oya="2" hai0="105,125,67,41,4,124,48,22,73,98,87,126,107" hai1="55,14,42,40,89,113,135,3,2,52,75,26,109" hai2="47,18,104,20,96,119,33,21,120,35,6,11,0" hai3="64,57,71,127,66,83,51,85,94,106,118,37,53"/><V5/><F119/><W45/><G106/><T115/><D73/><U100/><E75/><V76/><F120/><W25/><G118/><T9/><D115/><U86/><E113/><V23/><F76/><W16/><G127/><T122/><D122/><U90/><E14/><V27/><F47/><W82/><G71/><T128/><D128/><U123/><E123/><V131/><F104/><W81/><G37/><T134/><D134/><U121/><E121/><V49/><F49/><N who="3" m="30895" /><G94/><T46/><D67/><N who="3" m="25641" /><G25/><T13/><D22/><N who="2" m="8810" /><F96/><W44/><G16/><T15/><D15/><U8/><E8/><N who="2" m="2087" /><F131/><W31/><G45/><T130/><D130/><U103/><E86/><V34/><F34/><W56/><G56/><T68/><D68/><U29/><E135/><V50/><F50/><W19/><G51/><T69/><D69/><U30/><REACH who="1" step="1"/><E26/><REACH who="1" ten="326,268,147,249" step="2"/><V10/><F10/><W63/><G85/><T58/><D87/><U117/><E117/><V116/><F116/><W92/><G82/><T102/><D126/><U80/><E80/><V77/><F77/><W101/><G83/><T91/><D125/><U60/><E60/><V38/><F38/><W12/><G63/><T62/><D124/><U17/><E17/><V59/><F59/><W78/><G19/><T74/><D74/><U132/><E132/><V133/><F133/><W108/><G81/><T88/><D62/><U72/><E72/><V43/><F43/><W28/><G78/><T39/><D58/><U79/><E79/><V36/><F36/><W111/><G44/><T112/><D39/><U54/><E54/><V93/><F93/><RYUUKYOKU ba="1,1" sc="326,-15,268,15,147,15,249,-15" hai1="2,3,29,30,40,42,52,55,89,90,100,103,109" hai2="6,11,18,23,27,33,35" />
</Scene>
<Scene>
<INIT seed="2,2,1,4,0,33" ten="311,283,162,234" oya="2" hai0="17,129,37,30,81,11,79,80,25,16,89,96,58" hai1="118,22,32,93,75,98,7,59,8,66,90,107,64" hai2="92,38,84,50,95,74,44,36,65,61,21,78,114" hai3="76,53,103,51,87,88,43,97,134,0,45,20,23"/><V28/><F114/><W19/><G134/><T130/><D37/><U126/><E118/><V10/><F74/><W70/><G70/><T86/><D58/><U101/><E32/><V68/><F10/><W116/><G116/><T46/><D46/><U119/><E119/><V57/><F78/><W117/><G117/><T71/><D71/><U99/><E126/><V124/><F124/><W100/><G0/><T18/><D11/><U3/><E75/><V120/><F120/><W128/><G128/><T123/><D123/><U67/><REACH who="1" step="1"/><E22/><REACH who="1" ten="311,273,162,234" step="2"/><V48/><F21/><W133/><G23/><T125/><D125/><U94/><E94/><V121/><F121/><W49/><G133/><T26/><D130/><U13/><E13/><V1/><F1/><W12/><G76/><T115/><D129/><U69/><E69/><V85/><F68/><W9/><G20/><T106/><D115/><U54/><E54/><V31/><F95/><N who="3" m="56551" /><G87/><T135/><D135/><U27/><E27/><V4/><F84/><W102/><G102/><T132/><D132/><U112/><E112/><V56/><F85/><W111/><G111/><T41/><D26/><U42/><E42/><V15/><F92/><W24/><G24/><T122/><D41/><U82/><E82/><V29/><F15/><W60/><G103/><N who="0" m="62823" /><D122/><U131/><E131/><V72/><F72/><W35/><G100/><T39/><D81/><U40/><E40/><N who="2" m="24583" /><F4/><W52/><G35/><N who="0" m="20943" /><D79/><U109/><E109/><V6/><F6/><W47/><G43/><T5/><D39/><U113/><E113/><V104/><F104/><W105/><G105/><RYUUKYOKU ba="2,2" sc="311,0,273,0,162,0,234,0" hai0="5,16,17,18,80,86,89" hai1="3,7,8,59,64,66,67,90,93,98,99,101,107" hai2="28,29,31,36,38,50,56,57,61,65" hai3="9,12,19,45,47,49,51,52,53,60" />
</Scene>
<Scene>
<INIT seed="2,3,2,5,1,115" ten="311,273,162,234" oya="2" hai0="35,63,116,22,20,3,1,127,80,122,100,108,9" hai1="44,12,97,91,92,45,87,76,26,25,51,47,101" hai2="71,72,38,114,24,68,65,74,78,95,133,36,69" hai3="99,39,64,113,119,8,42,98,110,103,124,7,31"/><V10/><F114/><W4/><G113/><T6/><D100/><U48/><E76/><V53/><F65/><W88/><G31/><T131/><D80/><N who="1" m="49639" /><E12/><V118/><F95/><W59/><G110/><T14/><D63/><U106/><E106/><V132/><F53/><W104/><G124/><T130/><D122/><U105/><E105/><V57/><F57/><W83/><G119/><T49/><D49/><AGARI ba="3,2" hai="25,26,44,45,47,48,49,51,92,97,101" m="49639" machi="49" ten="30,1000,0" yaku="8,1" doraHai="115" who="1" fromWho="0" sc="311,-19,273,39,162,0,234,0" />
</Scene>
<Scene>
<INIT seed="3,0,0,4,1,126" ten="292,312,162,234" oya="3" hai0="54,41,2,32,14,72,51,82,120,23,42,3,69" hai1="102,35,103,99,68,20,19,44,84,94,63,59,78" hai2="25,66,127,92,106,9,34,17,27,24,95,10,62" hai3="113,85,74,50,11,123,98,60,134,6,122,133,81"/><W58/><G74/><T67/><D32/><U105/><E35/><V49/><F106/><W36/><G36/><T15/><D120/><U91/><E68/><V77/><F34/><W109/><G113/><T114/><D114/><U110/><E110/><V112/><F112/><W70/><G70/><T18/><D14/><U1/><E1/><V121/><F127/><W76/><G50/><T125/><D125/><U37/><E37/><V111/><F111/><W83/><G83/><T129/><D67/><U12/><E44/><V61/><F121/><W40/><G40/><T53/><D69/><U128/><E128/><V55/><F77/><W43/><G43/><T108/><D54/><U0/><E0/><V4/><F17/><W116/><G98/><T90/><D108/><U30/><E30/><V8/><F4/><W88/><G76/><T89/><D42/><U38/><E38/><V93/><REACH who="2" step="1"/><F66/><REACH who="2" ten="292,312,152,234" step="2"/><N who="3" m="39191" /><G109/><T22/><D18/><U87/><E105/><V117/><F117/><W80/><G116/><T5/><D5/><U73/><E78/><V7/><F7/><W101/><G123/><T31/><D31/><U119/><E119/><V29/><F29/><W46/><G122/><T124/><D124/><U75/><E75/><V104/><F104/><W71/><G6/><T28/><D28/><U16/><E73/><V64/><F64/><W57/><G133/><T100/><D72/><U26/><E19/><V47/><AGARI ba="0,1" hai="8,9,10,24,25,27,47,49,55,61,62,92,93,95" machi="47" ten="40,12000,2" yaku="1,1,0,1,29,2,8,1,53,2" doraHai="126" doraHaiUra="56" who="2" fromWho="2" sc="292,-30,312,-30,152,130,234,-60" />
</Scene>
<Scene>
<INIT seed="4,0,0,5,5,92" ten="262,282,282,174" oya="0" hai0="94,123,103,10,48,129,14,24,17,105,67,45,78" hai1="26,9,0,61,80,62,55,107,97,71,93,64,119" hai2="22,52,85,132,83,19,49,30,13,79,77,91,113" hai3="44,39,60,21,74,53,127,101,7,104,65,82,90"/><T88/><D123/><U40/><E119/><V57/><F113/><W33/><G33/><T135/><D129/><U18/><E107/><V32/><F132/><W63/><G127/><T98/><D135/><U34/><E40/><V116/><F116/><W68/><G7/><T50/><D67/><U118/><E118/><V12/><F30/><W84/><G21/><T111/><D111/><U29/><E80/><V23/><F32/><W31/><G31/><T8/><D78/><U59/><E0/><V100/><F100/><W112/><G112/><T20/><D45/><U11/><REACH who="1" step="1"/><E18/><AGARI ba="0,0" hai="12,13,18,19,22,23,49,52,57,77,79,83,85,91" machi="18" ten="40,5200,0" yaku="9,1,8,1,54,1" doraHai="92" who="2" fromWho="1" sc="262,0,282,-52,282,52,174,0" />
</Scene>
<Scene>
<INIT seed="5,0,0,4,4,15" ten="262,230,334,174" oya="1" hai0="87,22,131,94,61,75,73,109,1,93,3,35,65" hai1="30,11,99,129,78,18,130,6,33,82,13,121,111" hai2="77,101,126,25,5,59,7,81,66,120,114,50,12" hai3="103,92,100,48,122,91,69,102,14,125,112,56,71"/><U86/><E121/><V60/><F120/><W24/><G122/><T62/><D35/><U52/><E111/><V90/><F126/><W0/><G0/><T46/><D46/><U2/><E99/><V23/><F114/><W43/><G112/><T98/><D98/><U26/><REACH who="1" step="1"/><E52/><REACH who="1" ten="262,220,334,174" step="2"/><V80/><F66/><W123/><G123/><T115/><D65/><U39/><E39/><V32/><F50/><W51/><G51/><T67/><D67/><U49/><E49/><V53/><F53/><W128/><G48/><T106/><D109/><U64/><E64/><V54/><F54/><W108/><G108/><T68/><D115/><U107/><E107/><V21/><F60/><W110/><G110/><T117/><D106/><U134/><E134/><V85/><F59/><W84/><G56/><T72/><D61/><U124/><E124/><V44/><F44/><W89/><G125/><T70/><D62/><U133/><E133/><V127/><F127/><W42/><G71/><T113/><D113/><U105/><E105/><V58/><F58/><W97/><G69/><T88/><D70/><U118/><E118/><V74/><F101/><W57/><G57/><T19/><D117/><U34/><E34/><V36/><F36/><W10/><G102/><T63/><D63/><U40/><E40/><V119/><F119/><W37/><G37/><T41/><D41/><U16/><E16/><N who="2" m="10375" /><F32/><W45/><G45/><T4/><D68/><U27/><E27/><V83/><F25/><W9/><G103/><T79/><D19/><U28/><E28/><V29/><F29/><W76/><G100/><RYUUKYOKU ba="0,1" sc="262,-10,220,30,334,-10,174,-10" hai1="2,6,11,13,18,26,30,33,78,82,86,129,130" />
</Scene>
<Scene>
<INIT seed="5,1,1,3,5,76" ten="252,250,324,164" oya="1" hai0="118,130,128,99,94,47,123,8,0,38,93,95,28" hai1="64,70,90,29,7,39,36,1,57,61,43,113,17" hai2="103,51,75,13,104,124,88,16,92,52,96,12,119" hai3="109,2,71,80,9,126,24,42,30,27,122,5,114"/><U107/><E107/><V131/><F119/><W21/><G71/><T4/><D118/><U120/><E120/><V102/><F131/><N who="0" m="50218" /><D123/><U65/><E29/><V45/><F124/><W105/><G122/><T20/><D28/><U26/><E7/><V14/><F75/><W129/><G129/><T35/><D35/><U85/><E1/><V22/><F104/><W116/><G116/><T69/><D69/><U32/><E113/><V77/><F77/><W101/><G109/><T3/><D20/><U106/><E106/><V89/><F89/><W10/><G42/><N who="0" m="22999" /><D0/><U72/><E72/><V121/><F121/><W117/><G117/><T81/><D81/><U48/><E32/><V132/><F132/><W108/><G108/><T74/><D74/><U54/><E64/><V83/><F83/><W55/><G10/><T91/><AGARI ba="1,1" hai="3,4,8,91,93,94,95,99" m="22999,50218" machi="91" ten="30,1100,0" yaku="19,1" doraHai="76" who="0" fromWho="0" sc="252,24,250,-6,324,-4,164,-4" />
</Scene>
<Scene>
<INIT seed="6,0,0,0,3,29" ten="276,244,320,160" oya="2" hai0="55,94,132,131,114,97,124,87,96,10,126,51,89" hai1="54,44,14,74,30,18,47,8,71,103,16,101,57" hai2="64,130,15,49,123,27,2,24,76,46,56,128,61" hai3="78,129,121,41,7,88,11,28,81,36,23,32,1"/><V62/><F2/><W77/><G121/><T95/><D10/><U118/><E71/><V80/><F123/><W105/><G105/><T66/><D66/><U69/><E69/><V85/><F15/><W22/><G129/><N who="2" m="49769" /><F62/><W67/><G67/><T42/><D42/><AGARI ba="0,0" hai="24,27,42,46,49,56,61,64,76,80,85" m="49769" machi="42" ten="30,1500,0" yaku="19,1" doraHai="29" who="2" fromWho="0" sc="276,-15,244,0,320,15,160,0" />
</Scene>
<Scene>
<INIT seed="6,1,0,5,4,44" ten="261,244,335,160" oya="2" hai0="19,87,102,8,46,48,39,134,64,122,130,121,116" hai1="47,65,45,127,53,5,28,27,85,13,6,107,112" hai2="1,43,2,129,78,114,66,14,70,96,23,86,126" hai3="61,81,104,63,21,69,50,91,42,11,128,77,133"/><V83/><F114/><W71/><G104/><T123/><D102/><U35/><E107/><V103/><F126/><W73/><G133/><T0/><D39/><U100/><E100/><V40/><F129/><W92/><G128/><T113/><D130/><U22/><E112/><V90/><F70/><W37/><G37/><T7/><D113/><U58/><E127/><V75/><F66/><W82/><G82/><T98/><D134/><U56/><E65/><V117/><F117/><W20/><G69/><T79/><D116/><U99/><E99/><V124/><F124/><W68/><G68/><T49/><D64/><U24/><E56/><V111/><F111/><W67/><G63/><T41/><D98/><U94/><E13/><V105/><F23/><W9/><G20/><T132/><D132/><U36/><E36/><V54/><F54/><W84/><REACH who="3" step="1"/><G21/><REACH who="3" ten="261,244,335,150" step="2"/><T109/><D123/><U135/><E135/><V80/><F80/><W60/><G60/><T29/><D122/><U115/><E115/><V59/><F83/><W17/><G17/><T72/><D19/><U31/><E6/><V62/><F62/><W89/><G89/><T118/><D7/><U33/><E5/><V74/><F90/><W16/><G16/><T76/><D121/><U57/><E22/><V120/><F105/><W34/><G34/><T32/><D118/><U3/><E33/><V38/><F38/><W110/><G110/><T51/><D109/><U18/><E35/><V97/><F120/><W119/><G119/><T12/><D32/><U52/><E18/><V4/><F4/><W106/><G106/><RYUUKYOKU ba="1,1" sc="261,-10,244,-10,335,-10,150,30" hai3="9,11,42,50,61,67,71,73,77,81,84,91,92" />
</Scene>
<Scene>
<INIT seed="7,2,1,4,4,81" ten="251,234,325,180" oya="3" hai0="69,108,120,102,75,10,52,46,14,65,135,117,29" hai1="110,33,64,41,45,77,1,111,89,95,59,60,99" hai2="57,3,123,132,66,109,101,53,35,17,97,42,80" hai3="19,50,92,94,85,116,105,107,30,20,130,27,36"/><W90/><G36/><T26/><D108/><U6/><E33/><V37/><F3/><W23/><G116/><T72/><D117/><U47/><E47/><V91/><F35/><W34/><G130/><T74/><D120/><U44/><E44/><V131/><F66/><W54/><G94/><T63/><D102/><U70/><E6/><V124/><F42/><W100/><G100/><T15/><D135/><U118/><E1/><V113/><F80/><W8/><G8/><T9/><D9/><U0/><E0/><V56/><F97/><W5/><G5/><T133/><D133/><U106/><E118/><V43/><F43/><W38/><G38/><T58/><D46/><U126/><E126/><V2/><F2/><W125/><G125/><T93/><D93/><U18/><E106/><V11/><F109/><W16/><G34/><T49/><D10/><U119/><E119/><V68/><F68/><W79/><G79/><T87/><D87/><U115/><E115/><V12/><F113/><W67/><G67/><T25/><D25/><U71/><E77/><V21/><F123/><W129/><G129/><T76/><D76/><U40/><E40/><V48/><F132/><W31/><G105/><T28/><D28/><U51/><E18/><V104/><F104/><W127/><G107/><T22/><AGARI ba="2,1" hai="14,15,22,26,29,49,52,58,63,65,69,72,74,75" machi="22" ten="30,2000,0" yaku="0,1,54,1" doraHai="81" who="0" fromWho="0" sc="251,36,234,-7,325,-7,180,-12" owari="287,9.0,227,-17.0,318,41.0,168,-33.0" />
</Scene>
</mjloggm>