<mjloggm ver="2.3"><GO type="169" lobby="0"/><UN n0="%E5%A4%AA%E3%81%8F%E3%81%AA%E3%81%84%E3%81%8A" n1="%E3%82%A8%E3%83%83%E3%83%95%E3%82%A7%E3%83%AB%E5%A1%94" n2="%E3%82%AB%E3%83%A9%E3%82%B9%E3%81%AE%E5%AD%90" n3="%E6%B5%B7%E6%9C%88%E6%A1%83%E9%A6%99" dan="18,17,16,16" rate="2242.80,2192.39,2107.57,2007.85" sx="M,M,M,F"/><TAIKYOKU oya="0"/>

<Scene>
<INIT seed="0,0,0,1,1,99" ten="250,250,250,250" oya="0" hai0="65,5,4,127,107,61,98,125,2,133,51,66,78" hai1="132,62,79,40,118,110,117,81,45,108,44,35,12" hai2="88,124,32,28,94,25,69,92,116,131,50,26,46" hai3="0,97,120,48,6,104,34,119,42,100,121,72,43"/><T16/><D78/><U33/><E12/><V64/><F131/><W70/><G70/><T135/><D51/><U22/><E22/><V80/><F124/><N who="0" m="47690" /><D2/><U89/><E89/><V90/><F116/><N who="1" m="44649" /><E62/><V17/><F64/><N who="0" m="24682" /><D61/><U49/><E132/><N who="0" m="50761" /><D16/><U93/><E93/><V77/><F69/><W84/><G48/><T76/><D76/><U53/><E53/><V24/><F17/><W134/><G119/><T85/><D85/><N who="1" m="48319" /><E45/><V3/><F3/><W115/><G84/><T55/><D55/><U111/><AGARI ba="0,0" hai="33,35,40,44,49,108,110,111" m="48319,44649" machi="111" ten="40,1500,0" yaku="14,1" doraHai="99" who="1" fromWho="1" sc="250,-7,250,15,250,-4,250,-4" />
</Scene>
<Scene>
<INIT seed="1,0,0,4,1,84" ten="243,265,246,246" oya="1" hai0="82,118,70,90,8,45,104,6,129,64,39,131,77" hai1="125,55,21,110,38,65,100,11,23,29,1,88,66" hai2="107,0,79,85,42,99,49,114,119,30,86,31,117" hai3="93,122,112,35,54,57,10,105,89,106,47,36,58"/><U19/><E38/><V101/><F0/><W78/><G122/><T130/><D104/><U108/><E100/><V92/><F114/><W87/><G35/><T116/><D64/><U28/><E125/><V109/><F109/><N who="1" m="42089" /><E55/><V16/><F117/><W128/><G112/><T133/><D70/><U27/><E29/><V22/><F119/><W75/><G128/><T56/><D56/><U51/><E51/><V115/><F115/><W132/><G57/><T80/><D133/><U74/><E74/><V111/><F111/><W67/><G132/><T41/><D82/><U26/><E11/><V43/><F107/><W48/><G10/><T32/><D32/><U37/><E37/><V2/><F2/><W96/><G75/><N who="0" m="43071" /><D118/><U61/><E1/><V134/><F134/><W98/><G67/><T18/><D116/><U3/><E3/><V12/><F43/><W59/><G36/><T94/><D8/><U135/><E135/><V120/><F120/><W121/><G121/><T60/><D130/><U81/><E61/><V9/><F79/><W83/><G106/><T72/><D129/><U68/><E68/><V24/><F31/><W126/><G126/><T40/><D40/><U127/><E127/><V62/><F62/><W7/><G7/><T4/><D60/><U113/><E113/><V97/><F97/><W52/><G54/><T69/><D69/><U71/><E71/><V123/><F123/><W14/><G105/><T44/><D131/><U15/><E15/><V63/><F63/><W53/><G14/><T5/><D41/><U25/><E25/><V20/><F9/><RYUUKYOKU ba="0,0" sc="243,-15,265,15,246,15,246,-15" hai1="19,21,23,26,27,28,65,66,81,88" hai2="12,16,20,22,24,30,42,49,85,86,92,99,101" />
</Scene>
<Scene>
<INIT seed="1,1,0,4,4,102" ten="228,280,261,231" oya="1" hai0="94,9,128,127,110,29,92,15,43,11,30,88,10" hai1="89,71,0,73,101,125,120,119,96,65,44,38,109" hai2="34,105,25,31,131,124,93,117,12,99,95,98,23" hai3="24,57,55,4,2,116,90,17,19,8,70,33,75"/><U46/><E89/><V1/><F117/><W69/><G116/><T62/><D110/><U54/><E96/><V112/><F112/><W6/><G75/><T26/><D127/><U40/><E101/><V83/><F1/><W21/><G6/><T22/><D128/><U51/><E73/><V53/><F131/><W111/><G111/><T48/><D30/><U100/><E100/><V132/><F124/><W28/><G90/><T18/><D62/><N who="1" m="40375" /><E0/><V42/><F132/><W74/><G74/><T80/><D80/><U103/><E103/><V47/><F53/><W7/><G7/><T66/><D66/><U56/><E125/><V104/><F83/><W37/><G37/><T126/><D94/><U60/><E109/><V14/><F95/><W59/><G59/><T27/><D126/><U129/><E129/><V58/><F58/><W135/><G19/><T82/><D82/><U134/><E119/><V32/><F32/><W133/><G133/><T67/><D67/><N who="1" m="39303" /><E134/><V107/><F34/><W123/><G135/><T81/><D81/><U85/><E85/><V3/><F3/><W49/><G123/><AGARI ba="1,0" hai="38,40,44,46,51,54,120,123" m="39303,40375" machi="123" ten="30,2900,0" yaku="34,2" doraHai="102" who="1" fromWho="3" sc="228,0,280,32,261,0,231,-32" />
</Scene>
<Scene>
<INIT seed="1,2,0,1,2,37" ten="228,312,261,199" oya="1" hai0="13,109,129,84,83,111,60,128,40,66,113,110,85" hai1="80,107,6,46,104,90,55,19,134,79,47,51,68" hai2="57,92,63,41,64,53,56,132,125,91,88,0,24" hai3="48,94,21,12,131,18,133,54,44,23,28,65,101"/><U78/><E68/><V34/><F0/><W119/><G119/><T30/><D113/><U11/><E134/><V103/><F132/><W31/><G133/><T100/><D30/><U26/><E90/><V58/><F125/><W87/><G131/><N who="0" m="50251" /><D100/><U38/><E79/><V43/><F34/><W39/><G39/><T61/><D13/><U35/><E47/><V16/><F103/><W15/><G65/><T59/><D61/><U27/><E27/><V71/><F71/><W72/><G72/><T135/><D135/><U106/><E38/><V108/><F108/><W89/><REACH who="3" step="1"/><G101/><REACH who="3" ten="228,312,261,189" step="2"/><T86/><D40/><N who="2" m="15434" /><F64/><W45/><G45/><T112/><D112/><U97/><E46/><V3/><F3/><W121/><G121/><T7/><D7/><U1/><E6/><V122/><F122/><W95/><G95/><T77/><AGARI ba="2,1" hai="59,60,66,77,83,84,85,86,109,110,111" m="50251" machi="77" ten="40,2700,0" yaku="14,1,19,1" doraHai="37" who="0" fromWho="0" sc="228,43,312,-15,261,-9,189,-9" />
</Scene>
<Scene>
<INIT seed="2,0,0,4,4,24" ten="271,297,252,180" oya="2" hai0="38,27,98,14,128,114,85,8,49,121,84,120,18" hai1="83,111,57,43,56,61,113,68,26,82,15,133,35" hai2="40,130,73,78,46,20,66,80,13,23,110,76,64" hai3="97,11,123,90,63,71,65,53,17,12,134,129,19"/><V7/><F130/><W100/><G123/><T112/><D38/><U5/><E113/><N who="0" m="43625" /><D49/><U60/><E43/><V6/><F110/><W79/><G129/><T42/><D85/><U25/><E111/><V135/><F135/><W9/><G79/><T87/><D84/><U39/><E133/><V21/><F78/><W47/><G134/><T94/><D87/><U96/><E35/><V67/><REACH who="2" step="1"/><F13/><REACH who="2" ten="271,297,242,180" step="2"/><W122/><G122/><T1/><D14/><U103/><E15/><V116/><F116/><W93/><G11/><T81/><D8/><U50/><E68/><V88/><F88/><W86/><G53/><T69/><D128/><U126/><E126/><V41/><F41/><W131/><G131/><T22/><D42/><U124/><E124/><V62/><F62/><W34/><G47/><T52/><D52/><U31/><E61/><V28/><F28/><W45/><G45/><T44/><D44/><U72/><E31/><V117/><F117/><W102/><G102/><T105/><D121/><U51/><E60/><V127/><F127/><W58/><G71/><T106/><D120/><U75/><E103/><V119/><F119/><W132/><G132/><T33/><D69/><U16/><E39/><AGARI ba="0,1" hai="6,7,20,21,23,39,40,46,64,66,67,73,76,80" machi="39" ten="40,3900,0" yaku="1,1,53,1" doraHai="24" doraHaiUra="104" who="2" fromWho="1" sc="271,0,297,-39,242,49,180,0" />
</Scene>
<Scene>
<INIT seed="2,1,0,0,1,73" ten="271,258,291,180" oya="2" hai0="113,28,61,128,121,77,60,1,88,14,39,89,107" hai1="40,120,30,44,53,21,106,87,104,3,130,127,5" hai2="101,16,42,98,49,103,72,52,94,48,95,69,11" hai3="74,35,46,9,25,32,123,70,54,15,119,67,65"/><V24/><F72/><W86/><G119/><T133/><D1/><U85/><E53/><V118/><F69/><W99/><G74/><T110/><D39/><U124/><E130/><V115/><F115/><W29/><G123/><T83/><D107/><U80/><E120/><V0/><F0/><W55/><G35/><T75/><D121/><U19/><E30/><V92/><F118/><W58/><G99/><T13/><D113/><U38/><E5/><V97/><F95/><W131/><G131/><T47/><D128/><U31/><E31/><V34/><F34/><W8/><G70/><T81/><D28/><U37/><E37/><V26/><F48/><W63/><G8/><T111/><D47/><U76/><E87/><V62/><F62/><N who="0" m="24170" /><D133/><U66/><E66/><V102/><F42/><W45/><G67/><T96/><D96/><U105/><REACH who="1" step="1"/><E3/><REACH who="1" ten="271,248,291,180" step="2"/><V135/><F103/><W90/><G55/><T50/><D75/><U27/><AGARI ba="1,1" hai="19,21,27,38,40,44,76,80,85,104,105,106,124,127" machi="27" ten="40,12000,2" yaku="1,1,2,1,0,1,52,1,53,2" doraHai="73" doraHaiUra="134" who="1" fromWho="1" sc="271,-31,248,133,291,-61,180,-31" />
</Scene>
<Scene>
<INIT seed="3,0,0,0,2,57" ten="240,381,230,149" oya="3" hai0="15,111,73,66,84,108,24,121,74,109,0,28,76" hai1="2,33,97,22,20,23,17,11,8,131,94,25,91" hai2="75,122,64,71,95,32,43,48,123,102,81,89,19" hai3="30,130,96,99,126,62,127,58,105,72,82,135,38"/><W3/><G3/><T77/><D0/><U50/><E131/><V47/><F32/><W35/><G38/><T52/><D121/><N who="2" m="46090" /><F102/><W107/><G130/><T124/><D124/><N who="3" m="47657" /><G135/><T59/><D66/><U112/><E112/><V51/><F19/><W92/><G30/><T110/><N who="0" m="28160" /><DORA hai="104" /><T55/><D15/><U129/><E129/><V39/><F64/><N who="3" m="38999" /><G35/><N who="0" m="20871" /><D55/><U18/><E33/><V79/><F71/><W13/><G13/><T78/><D84/><AGARI ba="0,0" hai="39,43,47,48,51,75,79,81,84,89,95" m="46090" machi="84" ten="30,2000,0" yaku="13,1,52,1" doraHai="57,104" who="2" fromWho="0" sc="240,-20,381,0,230,20,149,0" />
</Scene>
<Scene>
<INIT seed="4,0,0,2,4,87" ten="220,381,250,149" oya="0" hai0="97,120,101,72,95,121,91,115,105,128,13,50,10" hai1="73,127,116,22,71,24,66,34,106,86,84,45,53" hai2="37,2,47,31,130,99,35,56,5,36,74,93,78" hai3="44,43,48,62,58,108,79,64,103,117,33,41,82"/><T49/><D115/><U134/><E53/><V51/><F130/><W8/><G108/><T0/><D0/><U52/><E52/><V123/><F123/><W81/><G117/><T25/><D128/><U26/><E22/><V92/><F56/><W39/><G103/><T54/><D72/><U16/><E45/><V23/><F35/><W11/><G33/><T107/><D25/><U1/><E66/><V3/><F93/><W68/><G82/><T131/><D131/><U59/><E59/><V135/><F135/><W21/><G21/><T89/><D107/><U27/><E27/><V83/><F5/><W70/><G70/><T75/><D75/><U19/><E73/><V40/><F23/><W4/><G4/><T7/><D50/><U12/><E12/><V14/><F14/><W15/><G15/><T77/><D77/><U69/><E34/><V67/><F67/><W85/><G43/><T94/><D105/><U28/><E28/><V124/><F124/><W17/><G17/><T102/><D120/><U133/><E106/><V38/><REACH who="2" step="1"/><F31/><REACH who="2" ten="220,381,240,149" step="2"/><W109/><G109/><T46/><REACH who="0" step="1"/><D121/><REACH who="0" ten="210,381,240,149" step="2"/><U96/><E1/><V100/><AGARI ba="0,2" hai="2,3,36,37,38,40,47,51,74,78,83,92,99,100" machi="100" ten="30,7900,0" yaku="1,1,2,1,0,1,53,1" doraHai="87" doraHaiUra="42" who="2" fromWho="2" sc="210,-39,381,-20,240,99,149,-20" />
</Scene>
<Scene>
<INIT seed="5,0,0,0,1,96" ten="171,361,339,129" oya="1" hai0="56,55,31,118,80,126,11,130,104,91,45,57,34" hai1="107,63,127,79,25,90,78,109,98,26,112,30,77" hai2="129,62,71,99,64,132,0,103,128,4,114,27,102" hai3="35,113,29,76,92,131,121,36,37,97,47,105,2"/><U58/><E127/><V111/><F111/><W38/><G121/><T75/><D118/><U83/><E109/><V73/><F73/><W82/><G113/><T13/><D104/><U20/><E112/><V21/><F114/><W89/><G131/><N who="2" m="50249" /><F132/><W120/><G120/><T124/><D130/><U24/><E107/><V5/><F99/><W23/><G2/><T33/><D45/><U51/><E51/><V101/><F0/><W9/><G9/><T95/><D80/><U53/><E98/><V135/><F135/><W44/><G105/><T123/><D75/><U88/><E83/><V22/><F22/><W74/><REACH who="3" step="1"/><G23/><REACH who="3" ten="171,361,339,119" step="2"/><T81/><D123/><U50/><E63/><V43/><F43/><W66/><G66/><T60/><D60/><U8/><E8/><V68/><F71/><W16/><G16/><AGARI ba="0,1" hai="4,5,16,21,27,62,64,68,101,102,103" m="50249" machi="16" ten="30,8000,1" yaku="19,1,52,3,54,1" doraHai="96" who="2" fromWho="3" sc="171,0,361,0,339,90,119,-80" />
</Scene>
<Scene>
<INIT seed="6,0,0,5,1,28" ten="171,361,429,39" oya="2" hai0="12,8,62,48,27,127,18,30,46,67,69,80,120" hai1="92,42,56,70,114,16,85,37,14,94,36,100,89" hai2="93,41,20,121,130,13,35,131,25,110,128,115,3" hai3="75,111,40,1,38,90,88,11,108,0,54,101,118"/><V104/><F121/><W86/><G118/><T55/><D127/><U66/><E70/><V95/><F104/><W49/><G75/><T122/><REACH who="0" step="1"/><D80/><REACH who="0" ten="161,361,429,39" step="2"/><U10/><E114/><V77/><F115/><W32/><G101/><T68/><D68/><U112/><E112/><V105/><F131/><W129/><G38/><T7/><D7/><U52/><E66/><V61/><F130/><W39/><G40/><T34/><AGARI ba="0,1" hai="8,12,18,27,30,34,46,48,55,62,67,69,120,122" machi="34" ten="20,8000,1" yaku="1,1,0,1,7,1,52,1,53,1" doraHai="28" doraHaiUra="63" who="0" fromWho="0" sc="161,90,361,-20,429,-40,39,-20" />
</Scene>
<Scene>
<INIT seed="7,0,0,3,5,97" ten="251,341,389,19" oya="3" hai0="75,110,1,71,60,20,107,123,91,113,6,28,52" hai1="25,12,102,93,103,54,38,46,106,16,133,14,36" hai2="122,34,130,42,30,82,128,79,13,78,10,116,69" hai3="85,40,74,99,117,104,48,23,120,29,33,134,51"/><W77/><G85/><T64/><D110/><U21/><E106/><V11/><F116/><W61/><G51/><T114/><D123/><U73/><E73/><V43/><F122/><W89/><G48/><T5/><D75/><U119/><E119/><V50/><F69/><W94/><G23/><T0/><D91/><U27/><E133/><V83/><F30/><W55/><G40/><N who="2" m="15401" /><F34/><W24/><G120/><T100/><D20/><N who="1" m="13447" /><E36/><V53/><F53/><W15/><G117/><T70/><D28/><N who="1" m="17519" /><E38/><V7/><F50/><W44/><G134/><T105/><D60/><U98/><E46/><V41/><F41/><W57/><G44/><T9/><D9/><N who="2" m="3082" /><F13/><N who="1" m="5225" /><E54/><V18/><F18/><W31/><G15/><T32/><D52/><U126/><E126/><V66/><F7/><W132/><G31/><T87/><D87/><U115/><E115/><V3/><F3/><W59/><G132/><T108/><D108/><U4/><E4/><V129/><F66/><W72/><G77/><AGARI ba="0,0" hai="77,78,79,82,83,128,129,130" m="3082,15401" machi="77" ten="40,5200,0" yaku="28,2,19,1" doraHai="97" who="2" fromWho="3" sc="251,0,341,0,389,52,19,-52" owari="251,-15.0,341,14.0,441,54.0,-33,-53.0" />
</Scene>
</mjloggm>