<mjloggm ver="2.3"><GO type="169" lobby="0"/><UN n0="%E3%82%B7%E3%83%A3%E3%83%B3%E3%83%86%E3%83%B3%E5%9C%B0%E7%8D%84%E2%98%86" n1="%E3%81%8B%E3%82%89%E3%83%BC%E3%81%9C" n2="%E5%A4%AA%E3%81%8F%E3%81%AA%E3%81%84%E3%81%8A" n3="%68%61%79%61%74%6F%E2%98%86" dan="16,17,18,17" rate="2052.56,2123.56,2194.33,2194.86" sx="F,M,M,M"/><TAIKYOKU oya="0"/>

<Scene>
<INIT seed="0,0,0,2,2,64" ten="250,250,250,250" oya="0" hai0="102,43,124,63,21,0,46,98,36,24,105,67,20" hai1="16,125,100,119,89,117,79,76,42,68,6,127,32" hai2="15,19,72,54,29,93,27,94,5,52,34,97,101" hai3="86,75,74,126,3,111,121,112,33,107,77,62,69"/><T104/><D124/><N who="1" m="47691" /><E32/><V99/><F72/><W131/><G86/><T39/><D0/><U71/><E6/><V41/><F41/><W70/><G62/><T134/><D134/><U22/><E100/><V83/><F83/><W128/><G77/><N who="1" m="29770" /><E89/><V115/><F5/><W91/><G91/><T49/><D105/><U4/><E4/><V103/><REACH who="2" step="1"/><F115/><REACH who="2" ten="250,250,240,250" step="2"/><W80/><G75/><T113/><D113/><U45/><E119/><V60/><F60/><W55/><G80/><T12/><D39/><N who="1" m="21727" /><E117/><V132/><F132/><W133/><G128/><T120/><D36/><U8/><E8/><AGARI ba="0,1" hai="8,15,19,27,29,34,52,54,93,94,97,99,101,103" machi="8" ten="30,7700,0" yaku="1,1,7,1,9,1,54,1,53,0" doraHai="64" doraHaiUra="17" who="2" fromWho="1" sc="250,0,250,-77,240,87,250,0" />
</Scene>
<Scene>
<INIT seed="1,0,0,3,3,89" ten="250,173,327,250" oya="1" hai0="111,27,122,41,97,126,118,112,57,104,5,59,92" hai1="74,84,99,46,117,129,135,63,34,15,116,130,123" hai2="8,113,98,73,109,102,49,16,76,82,75,66,52" hai3="58,44,78,132,33,51,115,107,29,106,60,12,37"/><U10/><E74/><V23/><F66/><W1/><G115/><T9/><D112/><U103/><E123/><V105/><F113/><W35/><G1/><T119/><D104/><U7/><E135/><V32/><F32/><W42/><G132/><T79/><D122/><U45/><E34/><V39/><F39/><W61/><G37/><T47/><D111/><U56/><E84/><V71/><F71/><W62/><G78/><T65/><D126/><U72/><E72/><V17/><F109/><W11/><G35/><T121/><D79/><U55/><E117/><V110/><F110/><W91/><G58/><T124/><D124/><U13/><E13/><V88/><F75/><W68/><G68/><T87/><D87/><U133/><E116/><V22/><F8/><W94/><G29/><T26/><D121/><U38/><E133/><V3/><F3/><W81/><G81/><T0/><D118/><U83/><E83/><V50/><F88/><W67/><G67/><T114/><D114/><U93/><REACH who="1" step="1"/><E38/><REACH who="1" ten="250,163,327,250" step="2"/><V25/><F73/><W70/><G33/><T30/><D119/><U101/><E101/><V69/><F82/><W85/><REACH who="3" step="1"/><G70/><REACH who="3" ten="250,163,327,240" step="2"/><T134/><D134/><U40/><E40/><V31/><F69/><W128/><G128/><AGARI ba="0,2" hai="7,10,15,45,46,55,56,63,93,99,103,128,129,130" machi="128" ten="40,18000,2" yaku="1,1,19,1,52,1,53,3" doraHai="89" doraHaiUra="125" who="1" fromWho="3" sc="250,0,163,200,327,0,240,-180" />
</Scene>
<Scene>
<INIT seed="1,1,0,3,0,39" ten="250,363,327,60" oya="1" hai0="9,121,68,92,102,28,90,97,57,2,60,117,103" hai1="49,72,128,15,41,118,58,65,120,40,89,36,105" hai2="25,116,63,31,87,21,127,70,124,4,61,55,11" hai3="94,5,66,119,59,93,3,23,86,107,125,104,101"/><U74/><E105/><V113/><F116/><W79/><G119/><T32/><D117/><U10/><E118/><V129/><F129/><W131/><G125/><N who="2" m="48201" /><F113/><W14/><G131/><T1/><D68/><U16/><E128/><V64/><F87/><W38/><G3/><T123/><D28/><U114/><E114/><V71/><F55/><W84/><G38/><T47/><D32/><U95/><E36/><V37/><F37/><W99/><G104/><T46/><D46/><U73/><E120/><N who="0" m="46153" /><D47/><U7/><E7/><V134/><F134/><W43/><G107/><T135/><D135/><U110/><E110/><V62/><F64/><W56/><G66/><N who="0" m="39183" /><D9/><U0/><E0/><AGARI ba="1,0" hai="0,4,11,21,25,31,61,62,63,70,71" m="48201" machi="0" ten="30,1000,0" yaku="18,1" doraHai="39" who="2" fromWho="1" sc="250,0,363,-13,327,13,60,0" /><AGARI ba="1,0" hai="0,1,2,90,92,97,102,103" m="39183,46153" machi="0" ten="30,1000,0" yaku="13,1" doraHai="39" who="0" fromWho="1" sc="250,10,350,-10,340,0,60,0" />
</Scene>
<Scene>
<INIT seed="2,0,0,5,5,101" ten="260,340,340,60" oya="2" hai0="103,115,87,67,111,46,27,80,124,57,96,135,3" hai1="64,123,98,132,72,68,82,76,62,70,75,13,34" hai2="35,4,11,30,133,94,119,130,12,24,108,6,40" hai3="1,100,9,113,42,91,89,14,8,59,56,66,0"/><V118/><F40/><W71/><G42/><T23/><D3/><U22/><E132/><V51/><F51/><W112/><G14/><T50/><D115/><U58/><E34/><V97/><F133/><W81/><G100/><T122/><D111/><U61/><E123/><V33/><F33/><W39/><G81/><T60/><D124/><U90/><E72/><V10/><F130/><W126/><G66/><T41/><D122/><U7/><E62/><V107/><F108/><W129/><G71/><T84/><D80/><U85/><E98/><V52/><F52/><W78/><G78/><T83/><D83/><U31/><E31/><V53/><F53/><W110/><G110/><T88/><D88/><U93/><REACH who="1" step="1"/><E22/><REACH who="1" ten="260,330,340,60" step="2"/><V125/><F125/><W21/><G21/><T49/><D135/><U25/><E25/><V117/><F119/><W48/><G126/><T2/><D50/><U99/><E99/><V116/><F118/><W128/><REACH who="3" step="1"/><G48/><REACH who="3" ten="260,330,340,50" step="2"/><T134/><D134/><U19/><E19/><V37/><F117/><W38/><AGARI ba="0,2" hai="0,1,8,9,38,39,56,59,89,91,112,113,128,129" machi="38" ten="25,8000,1" yaku="1,1,2,1,0,1,22,2,53,0" doraHai="101" doraHaiUra="16" who="3" fromWho="3" sc="260,-20,330,-20,340,-40,50,100" />
</Scene>
<Scene>
<INIT seed="3,0,0,5,0,9" ten="240,310,300,150" oya="3" hai0="89,125,94,111,70,133,67,52,17,87,74,84,97" hai1="1,51,129,117,86,76,10,75,6,12,47,105,59" hai2="116,24,36,130,48,38,50,121,62,37,27,16,32" hai3="100,127,83,90,54,124,104,0,11,18,49,110,120"/><W113/><G120/><T102/><D74/><U66/><E105/><V77/><F116/><W119/><G119/><T71/><D111/><U43/><E117/><V123/><F130/><W95/><G113/><T112/><D112/><U19/><E129/><V33/><F77/><W57/><G110/><T131/><D131/><U61/><E75/><V55/><F62/><W98/><G83/><T118/><D118/><U114/><E114/><V80/><F80/><W81/><G81/><T22/><D133/><U68/><E76/><V23/><F48/><W2/><G18/><T30/><D125/><N who="3" m="48201" /><G11/><T14/><D30/><U4/><E86/><AGARI ba="0,0" hai="0,2,49,54,57,86,90,95,98,100,104" m="48201" machi="86" ten="30,1500,0" yaku="18,1" doraHai="9" who="3" fromWho="1" sc="240,0,310,-15,300,0,150,15" />
</Scene>
<Scene>
<INIT seed="3,1,0,3,0,37" ten="240,295,300,165" oya="3" hai0="129,67,5,8,114,32,11,78,56,0,58,27,113" hai1="25,83,123,34,38,21,28,1,39,48,50,85,91" hai2="73,135,36,93,87,65,6,76,72,22,64,20,70" hai3="98,9,74,43,17,100,82,119,95,12,15,130,16"/><W110/><G119/><T133/><D78/><U51/><E123/><V44/><F6/><W127/><G127/><T88/><D129/><U121/><E121/><V40/><F135/><W101/><G130/><T109/><D133/><U7/><E1/><V2/><F2/><W99/><G110/><T75/><D75/><U90/><E7/><V94/><F70/><W10/><G82/><T54/><D109/><U115/><E115/><N who="0" m="44041" /><D11/><U104/><E104/><V124/><F124/><W80/><G80/><T71/><D54/><U52/><E34/><V132/><F132/><W23/><G74/><T53/><D53/><U63/><E91/><V81/><F72/><W41/><REACH who="3" step="1"/><G23/><REACH who="3" ten="240,295,300,155" step="2"/><T126/><D126/><U33/><E21/><V77/><F73/><W96/><G96/><T103/><D32/><U62/><E83/><V61/><F77/><W116/><G116/><T134/><D134/><U89/><E33/><V69/><F20/><W13/><G13/><T102/><D27/><U18/><E85/><V60/><F22/><W59/><G59/><T49/><D58/><U19/><E25/><V46/><F76/><W106/><AGARI ba="1,1" hai="9,10,12,15,16,17,41,43,95,98,99,100,101,106" machi="106" ten="20,18000,2" yaku="1,1,0,1,7,1,9,1,52,2,54,1,53,0" doraHai="37" doraHaiUra="112" who="3" fromWho="3" sc="240,-61,295,-61,300,-61,155,193" />
</Scene>
<Scene>
<INIT seed="3,2,0,0,4,30" ten="179,234,239,348" oya="3" hai0="2,72,119,66,36,52,118,129,79,6,71,23,45" hai1="32,74,106,13,68,38,110,126,83,53,7,61,116" hai2="132,28,107,41,117,24,87,10,67,81,60,135,35" hai3="69,59,92,130,80,105,49,29,90,4,121,37,86"/><W114/><G105/><T122/><D122/><U46/><E106/><V96/><F117/><W78/><G69/><T19/><D129/><U25/><E116/><V56/><F41/><W113/><G37/><T5/><D66/><U73/><E110/><V101/><REACH who="2" step="1"/><F10/><REACH who="2" ten="179,234,229,348" step="2"/><W125/><G121/><T62/><D118/><U54/><E126/><V131/><F131/><W11/><G130/><T34/><D119/><U12/><E38/><V124/><F124/><W42/><G125/><T98/><D36/><U112/><E112/><V91/><AGARI ba="2,1" hai="24,28,35,56,60,67,81,87,91,96,101,107,132,135" machi="91" ten="30,4000,0" yaku="1,1,0,1,52,1,53,0" doraHai="30" doraHaiUra="39" who="2" fromWho="2" sc="179,-12,234,-12,229,56,348,-22" />
</Scene>
<Scene>
<INIT seed="4,0,0,1,0,103" ten="167,222,285,326" oya="0" hai0="92,121,79,128,39,105,64,41,87,82,44,15,16" hai1="117,20,108,100,107,34,126,72,43,26,95,99,122" hai2="86,8,54,57,45,6,94,36,48,66,109,19,113" hai3="65,83,115,93,46,58,63,28,75,4,3,77,110"/><T68/><D121/><U116/><E108/><V56/><F109/><W37/><G115/><T50/><D128/><U73/><E122/><V130/><F113/><W124/><G124/><T40/><D105/><U51/><E34/><V125/><F125/><W111/><G28/><T81/><D64/><U25/><E126/><V22/><F130/><W14/><G14/><T32/><D32/><U10/><E26/><V9/><F36/><W127/><G93/><T53/><D68/><U133/><E133/><V0/><F66/><W74/><G74/><T23/><D92/><U69/><E69/><V24/><F9/><N who="3" m="2207" /><G127/><T13/><D39/><U42/><E72/><V47/><F57/><W132/><G132/><T123/><D123/><U21/><E73/><V84/><F84/><W104/><G104/><T102/><D102/><U129/><E129/><V38/><F38/><W29/><G29/><T31/><D31/><U131/><E131/><V27/><F27/><W11/><G11/><T35/><D35/><U30/><E10/><V112/><F112/><W52/><G52/><T98/><D98/><U61/><E107/><V60/><F60/><W101/><G101/><T7/><D82/><U62/><E62/><V96/><F86/><W67/><G67/><T89/><D79/><U76/><E61/><V59/><F59/><W135/><G135/><T71/><D71/><U33/><E76/><V85/><F85/><W120/><G120/><T49/><D49/><U18/><E51/><V1/><F1/><W91/><G91/><AGARI ba="0,0" hai="0,6,8,19,22,24,45,47,48,54,56,91,94,96" machi="91" ten="30,1000,0" yaku="7,1" doraHai="103" who="2" fromWho="3" sc="167,0,222,0,285,10,326,-10" />
</Scene>
<Scene>
<INIT seed="5,0,0,4,4,65" ten="167,222,295,316" oya="1" hai0="32,72,50,81,29,105,119,82,79,83,40,44,93" hai1="12,39,68,30,99,59,111,102,75,5,125,91,80" hai2="90,121,26,113,24,60,49,35,34,2,31,87,74" hai3="109,66,71,104,37,18,117,7,106,62,108,63,118"/><U76/><E39/><V8/><F74/><W132/><G7/><T43/><D119/><N who="3" m="45577" /><G37/><T127/><D105/><N who="3" m="40553" /><G132/><T101/><D127/><U100/><E30/><V70/><F121/><W64/><G18/><T133/><D133/><U25/><E25/><V54/><F113/><W116/><G116/><T69/><D43/><U61/><E111/><V131/><F131/><W11/><G11/><T17/><D29/><U94/><E125/><V1/><F26/><W95/><G95/><T115/><D32/><U52/><REACH who="1" step="1"/><E68/><AGARI ba="0,0" hai="62,63,64,66,68,71,108,109" m="40553,45577" machi="68" ten="30,7700,0" yaku="12,1,23,1,52,2" doraHai="65" who="3" fromWho="1" sc="167,0,222,-77,295,0,316,77" />
</Scene>
<Scene>
<INIT seed="6,0,0,2,5,69" ten="167,145,295,393" oya="2" hai0="73,3,105,79,76,63,41,18,59,34,97,19,99" hai1="11,134,88,39,23,133,15,30,71,108,119,37,66" hai2="114,38,57,93,125,42,51,31,48,117,12,49,102" hai3="43,70,84,64,121,100,35,116,6,29,53,13,74"/><V104/><F117/><W89/><G74/><T112/><D3/><U103/><E119/><V113/><F104/><W135/><G116/><T129/><D34/><U85/><E103/><V130/><F31/><W26/><G43/><T17/><D112/><N who="2" m="43114" /><F130/><W58/><G121/><T122/><D122/><U87/><E108/><V95/><F102/><W56/><G100/><T61/><D105/><U0/><E0/><V78/><F78/><N who="0" m="29738" /><D73/><U91/><E71/><V90/><F125/><W81/><G70/><T24/><D129/><U21/><E66/><V126/><F126/><W33/><G64/><N who="0" m="38975" /><D41/><U54/><E54/><N who="2" m="31943" /><F12/><W128/><G13/><T46/><D46/><U44/><E44/><N who="2" m="23639" /><F95/><W36/><G29/><T110/><D110/><U65/><E65/><V9/><F9/><W124/><G124/><T1/><D1/><U118/><E118/><V5/><F5/><W2/><G6/><T22/><D63/><U101/><E101/><V28/><F28/><AGARI ba="0,0" hai="17,18,19,22,24,28,97,99" m="38975,29738" machi="28" ten="30,1000,0" yaku="8,1" doraHai="69" who="0" fromWho="2" sc="167,10,145,0,295,-10,393,0" />
</Scene>
<Scene>
<INIT seed="7,0,0,0,3,109" ten="177,145,285,393" oya="3" hai0="49,7,55,111,86,73,19,110,90,127,125,104,99" hai1="20,67,24,34,64,57,77,98,100,114,118,92,133" hai2="81,1,93,89,48,62,42,120,4,72,68,129,83" hai3="47,80,96,6,53,15,61,22,126,14,23,103,71"/><W121/><G80/><N who="0" m="49479" /><D73/><U43/><E133/><V3/><F68/><W17/><G53/><T30/><D30/><N who="1" m="17671" /><E34/><V132/><F62/><W95/><G22/><T18/><D7/><U26/><E118/><V123/><F132/><W31/><G61/><T52/><D55/><U25/><E43/><V131/><F48/><W40/><G47/><N who="0" m="27711" /><D104/><U122/><E122/><N who="2" m="46635" /><F4/><W12/><G15/><T128/><D99/><U36/><E36/><V50/><F50/><W5/><G95/><T79/><D79/><U116/><E116/><V10/><F42/><W45/><G17/><N who="0" m="6155" /><D128/><N who="2" m="49226" /><F10/><W54/><G6/><T135/><D135/><U66/><E77/><N who="2" m="44199" /><F1/><W112/><G23/><T70/><D70/><U76/><E76/><V16/><F16/><W13/><G45/><T58/><D58/><U130/><E130/><V29/><F29/><W101/><G31/><T27/><D27/><N who="1" m="10251" /><E114/><V134/><F3/><W113/><G71/><T91/><D110/><U82/><E82/><V75/><F134/><W69/><G40/><T46/><D111/><U11/><E11/><V33/><F33/><W102/><G69/><T115/><D115/><U41/><E41/><V2/><F2/><W107/><G112/><T65/><D46/><U88/><E100/><V37/><F37/><W0/><G113/><T84/><D65/><U32/><E32/><V39/><F39/><W63/><G121/><T97/><D127/><U78/><E78/><N who="2" m="44511" /><F89/><W108/><G0/><T44/><D44/><U124/><E124/><V9/><F9/><W119/><G102/><T21/><D125/><U51/><E51/><V8/><F8/><RYUUKYOKU ba="0,0" sc="177,-15,145,15,285,15,393,-15" hai1="57,64,66,67,88,92,98" hai2="93" owari="162,-24.0,160,-34.0,300,10.0,378,48.0" />
</Scene>
</mjloggm>