<mjloggm ver="2.3"><GO type="169" lobby="0"/><UN n0="%E3%82%AC%E3%83%B3%E3%82%B8%E3%83%BC" n1="%E2%98%85%E3%81%84%E3%81%8A%E3%82%8A%E3%82%93%E2%98%85" n2="%E6%88%B8%E6%84%9A%E5%91%82%E3%83%BB%E5%A7%89" n3="%E5%A4%AA%E3%81%8F%E3%81%AA%E3%81%84%E3%81%8A" dan="16,16,16,17" rate="2125.18,2160.67,2097.66,2170.41" sx="M,M,M,M"/><TAIKYOKU oya="0"/>

<Scene>
<INIT seed="0,0,0,4,3,83" ten="250,250,250,250" oya="0" hai0="72,28,82,34,124,8,2,35,14,85,131,103,122" hai1="10,76,115,108,57,44,49,133,80,128,121,88,96" hai2="105,70,123,33,23,58,46,84,102,6,104,119,75" hai3="109,90,43,64,20,111,22,69,32,16,30,81,129"/><T21/><D122/><U95/><E121/><V47/><F123/><W15/><G32/><T116/><D116/><U74/><E108/><N who="3" m="41546" /><G43/><T130/><D2/><U40/><E133/><V66/><F75/><W17/><G30/><T41/><D72/><U19/><E128/><N who="0" m="49193" /><D124/><U65/><E115/><V94/><F70/><W13/><G129/><T56/><D103/><U9/><REACH who="1" step="1"/><E19/><REACH who="1" ten="250,240,250,250" step="2"/><V3/><F119/><W1/><G17/><T89/><D41/><U127/><E127/><V48/><F6/><W125/><G125/><T71/><D71/><U11/><E11/><V18/><F18/><W27/><G69/><T110/><D110/><U25/><E25/><V135/><F135/><W114/><G114/><T86/><D28/><U98/><E98/><V97/><F97/><W31/><G31/><T42/><D42/><U77/><E77/><V68/><F68/><W79/><G79/><N who="0" m="46303" /><D21/><U5/><E5/><V50/><F23/><W113/><G113/><T73/><D73/><U29/><E29/><V62/><F33/><W67/><G22/><T60/><D8/><U7/><E7/><V107/><F107/><W92/><G27/><T55/><D14/><U126/><E126/><V38/><F104/><W51/><G15/><T101/><D101/><U106/><E106/><V99/><F3/><W61/><G1/><T100/><D100/><U134/><E134/><V117/><F117/><W120/><G120/><T132/><D132/><U53/><E53/><V36/><F105/><W54/><G13/><T0/><D0/><U39/><E39/><V78/><F36/><W24/><G24/><RYUUKYOKU ba="0,1" sc="250,15,240,15,250,-15,250,-15" hai0="34,35,55,56,60,86,89" hai1="9,10,40,44,49,57,65,74,76,80,88,95,96" />
</Scene>
<Scene>
<INIT seed="0,1,1,5,1,21" ten="265,255,235,235" oya="0" hai0="18,8,79,27,134,128,101,109,10,72,45,14,26" hai1="65,84,70,104,57,120,91,60,37,113,89,69,92" hai2="80,43,53,40,88,19,30,5,114,82,107,78,34" hai3="108,48,129,4,63,33,38,86,54,51,124,93,50"/><T58/><D134/><U66/><E120/><V118/><F114/><W39/><G33/><T115/><D115/><U127/><E113/><V23/><F107/><W99/><G4/><T119/><D119/><U77/><E104/><V83/><F118/><W111/><G86/><T36/><D128/><U24/><E127/><V102/><F102/><W125/><G93/><T75/><D101/><U52/><E37/><N who="3" m="13834" /><G99/><T1/><D109/><N who="3" m="42057" /><G129/><T85/><D85/><U103/><E103/><V97/><F5/><W87/><G87/><T112/><D112/><U98/><E77/><V61/><F78/><W20/><G20/><T46/><D58/><AGARI ba="1,1" hai="48,50,51,54,58,63,124,125" m="42057,13834" machi="58" ten="40,5200,0" yaku="14,1,34,2" doraHai="21" who="3" fromWho="0" sc="265,-55,255,0,235,0,235,65" />
</Scene>
<Scene>
<INIT seed="1,0,0,2,4,52" ten="210,255,235,300" oya="1" hai0="92,7,134,95,62,122,33,30,87,4,107,102,60" hai1="106,28,36,49,23,98,59,112,85,127,61,65,70" hai2="83,34,68,19,86,66,93,53,17,64,123,103,39" hai3="20,48,72,38,74,119,54,32,21,90,105,111,100"/><U5/><E112/><V35/><F123/><W99/><G32/><T15/><D107/><U75/><E75/><V42/><F35/><W58/><G38/><T69/><D122/><U135/><E135/><V108/><F108/><W56/><G111/><T27/><D134/><U0/><E36/><V132/><F34/><W118/><G90/><T2/><D2/><U97/><E127/><V14/><F132/><W79/><G79/><T45/><D45/><U88/><E106/><V109/><F109/><W131/><G131/><T26/><D26/><N who="1" m="16479" /><E70/><V55/><F42/><W121/><G121/><T110/><D110/><U91/><E0/><V37/><F37/><W31/><G21/><T94/><D102/><U41/><E5/><V82/><F39/><W104/><G104/><T113/><D113/><U43/><E91/><N who="2" m="53495" /><F103/><W76/><G76/><T120/><D120/><U125/><E125/><V115/><F68/><W81/><G81/><N who="2" m="30729" /><F19/><W77/><G77/><T128/><D69/><U9/><E9/><N who="2" m="6351" /><F115/><W124/><G124/><T84/><D128/><U116/><E116/><N who="3" m="44586" /><G20/><T63/><REACH who="0" step="1"/><D15/><REACH who="0" ten="200,255,235,300" step="2"/><U73/><E73/><N who="3" m="28266" /><G31/><T24/><D24/><U117/><E117/><V78/><F78/><W1/><G1/><T29/><D29/><U11/><E41/><V126/><F126/><W44/><AGARI ba="0,1" hai="44,48,54,56,58,99,100,105" m="28266,44586" machi="44" ten="30,4000,0" yaku="12,1,52,2" doraHai="52" who="3" fromWho="3" sc="200,-10,255,-20,235,-10,300,50" />
</Scene>
<Scene>
<INIT seed="2,0,0,0,3,115" ten="190,235,225,350" oya="2" hai0="80,40,92,72,84,50,85,25,61,3,101,44,104" hai1="55,87,63,31,88,0,58,15,81,99,29,95,59" hai2="116,135,37,24,79,128,47,134,110,52,117,54,11" hai3="82,5,73,102,67,90,19,108,23,30,91,10,4"/><V132/><F128/><W131/><G131/><T97/><D3/><U111/><E111/><V113/><F113/><W43/><G108/><T105/><D72/><U26/><E0/><V83/><F110/><W39/><G102/><T109/><D109/><U41/><E41/><N who="2" m="22959" /><F11/><W16/><G67/><T68/><D68/><U20/><E15/><V51/><F24/><W21/><G30/><T130/><D130/><U60/><E31/><V7/><F7/><W124/><G124/><T33/><D33/><U94/><REACH who="1" step="1"/><E99/><REACH who="1" ten="190,225,225,350" step="2"/><V2/><F2/><W65/><G43/><T36/><D97/><U32/><E32/><V34/><F34/><W71/><G39/><T14/><D36/><U133/><E133/><V8/><F8/><W74/><G10/><T46/><D40/><U66/><AGARI ba="0,1" hai="20,26,29,55,58,59,60,63,66,81,87,88,94,95" machi="66" ten="20,8000,1" yaku="1,1,0,1,7,1,8,1,54,1,53,0" doraHai="115" doraHaiUra="123" who="1" fromWho="1" sc="190,-20,225,90,225,-40,350,-20" />
</Scene>
<Scene>
<INIT seed="3,0,0,2,3,14" ten="170,315,185,330" oya="3" hai0="91,9,130,129,36,126,48,97,5,118,17,30,42" hai1="37,79,8,133,3,112,95,131,4,11,113,51,49" hai2="28,72,29,43,7,55,57,20,62,94,39,47,123" hai3="89,23,78,60,0,90,31,114,106,63,108,102,12"/><W134/><G0/><T105/><D36/><U21/><E37/><V35/><F123/><W70/><G78/><T6/><D118/><U101/><E79/><V103/><F72/><W10/><G106/><T19/><D30/><U110/><E11/><V109/><F109/><W46/><G102/><N who="0" m="62671" /><D91/><U54/><E49/><V68/><F68/><W98/><G114/><T104/><D104/><U33/><E33/><V67/><F35/><W99/><G134/><T83/><D83/><U61/><E133/><V41/><F41/><W16/><G108/><T1/><D6/><U50/><E110/><V81/><F7/><W25/><G46/><N who="0" m="25687" /><D126/><U127/><E4/><V116/><F116/><W13/><G70/><T77/><D77/><U93/><E127/><V100/><F81/><W88/><G12/><T69/><D69/><U40/><E101/><V73/><F73/><W84/><G84/><T121/><D121/><U66/><E3/><V82/><F82/><W53/><G63/><T85/><D85/><U18/><E61/><V125/><F125/><W34/><G34/><T32/><D32/><U71/><E71/><V44/><F100/><W124/><G124/><T56/><D56/><AGARI ba="0,0" hai="10,13,16,23,25,31,53,56,60,88,89,90,98,99" machi="56" ten="40,12000,1" yaku="8,1,52,1,54,2" doraHai="14" who="3" fromWho="0" sc="170,-120,315,0,185,0,330,120" />
</Scene>
<Scene>
<INIT seed="3,1,0,2,4,41" ten="50,315,185,450" oya="3" hai0="126,33,75,131,25,54,77,20,70,68,14,53,9" hai1="57,24,104,6,21,111,2,113,49,64,79,17,101" hai2="93,132,108,105,26,84,120,0,30,118,71,102,28" hai3="47,39,122,94,134,129,81,78,106,31,112,99,37"/><W19/><G112/><T92/><D33/><U85/><E113/><V42/><F108/><W18/><G122/><T133/><D131/><U40/><E111/><V22/><F118/><W8/><G106/><T51/><D133/><U38/><E38/><V82/><F71/><W12/><G134/><T52/><D126/><U91/><E79/><V125/><F0/><W34/><G129/><T89/><D75/><U100/><E104/><V90/><F132/><W60/><G34/><T16/><D77/><U27/><E6/><V59/><F125/><W109/><G31/><T66/><D66/><U121/><E2/><V69/><F69/><W63/><G109/><T115/><D115/><U95/><E27/><V107/><F42/><W130/><G130/><T87/><REACH who="0" step="1"/><D51/><REACH who="0" ten="40,315,185,450" step="2"/><U67/><E121/><V55/><F120/><W5/><G37/><T124/><D124/><U117/><E117/><V48/><F105/><W86/><G60/><T11/><D11/><U58/><E67/><V29/><F107/><W32/><G32/><T36/><D36/><U44/><E64/><V103/><F22/><W96/><G63/><T56/><D56/><AGARI ba="1,1" hai="17,21,24,40,44,49,56,57,58,85,91,95,100,101" machi="56" ten="40,2600,0" yaku="8,1,52,1" doraHai="41" who="1" fromWho="0" sc="40,-29,315,39,185,0,450,0" />
</Scene>
<Scene>
<INIT seed="4,0,0,4,4,3" ten="11,354,185,450" oya="0" hai0="26,42,57,12,9,17,27,51,96,8,112,104,118" hai1="111,13,98,28,16,87,74,24,21,6,95,35,93" hai2="34,113,101,60,69,86,0,132,72,94,107,120,19" hai3="61,67,30,114,108,79,50,63,22,2,4,85,53"/><T11/><D118/><U40/><E74/><V52/><F120/><W76/><G108/><T128/><D112/><U131/><E131/><V80/><F19/><W7/><G114/><T66/><D128/><U29/><E111/><V31/><F52/><W105/><G105/><T43/><D104/><U47/><E87/><V46/><F46/><N who="3" m="27863" /><G2/><T121/><D121/><U54/><E54/><V48/><F94/><W100/><G100/><T39/><D39/><U23/><E98/><V10/><F86/><W71/><G71/><T106/><D106/><U15/><E29/><V81/><F10/><N who="0" m="4202" /><D96/><U68/><E68/><V125/><F48/><W36/><G36/><T41/><D51/><N who="1" m="27111" /><E35/><V65/><F113/><W20/><G67/><T37/><D37/><U92/><E92/><V117/><F117/><W64/><G64/><T77/><D77/><N who="3" m="29769" /><G85/><T103/><D103/><U73/><E73/><V97/><F0/><W33/><G33/><T110/><D110/><U45/><E45/><V99/><F99/><W1/><G1/><T129/><D129/><U119/><E119/><V62/><F72/><W75/><G75/><T115/><D115/><U133/><E133/><V109/><F62/><AGARI ba="0,0" hai="11,12,17,26,27,41,42,43,57,62,66" m="4202" machi="62" ten="30,1500,0" yaku="8,1" doraHai="3" who="0" fromWho="2" sc="11,15,354,0,185,-15,450,0" />
</Scene>
<Scene>
<INIT seed="4,1,0,2,0,75" ten="26,354,170,450" oya="0" hai0="132,112,66,60,54,6,65,31,71,96,106,74,9" hai1="104,53,24,119,82,78,40,19,48,130,68,62,108" hai2="73,87,50,114,110,80,30,126,34,0,52,93,89" hai3="129,43,61,83,70,39,14,58,84,21,29,127,47"/><T49/><D112/><U99/><E119/><V134/><F110/><W95/><G127/><T10/><D132/><U38/><E108/><V128/><F0/><W59/><G129/><T64/><D74/><U88/><E130/><V92/><F128/><W32/><G32/><T90/><D31/><U101/><E38/><V124/><F114/><W2/><G2/><T85/><D96/><U3/><E3/><V25/><F134/><W91/><G70/><T11/><D106/><U22/><E40/><V20/><F34/><W12/><G59/><T118/><D118/><U16/><E68/><V44/><F73/><W36/><G36/><T67/><D6/><U33/><E33/><V51/><F124/><W121/><G121/><T116/><D116/><U7/><E7/><V98/><F126/><W131/><G131/><T27/><D27/><U120/><E62/><V23/><F23/><W15/><G29/><T123/><D123/><U8/><E120/><V69/><F69/><W94/><REACH who="3" step="1"/><G21/><REACH who="3" ten="26,354,170,440" step="2"/><T122/><D122/><U57/><E8/><V55/><F98/><W111/><G111/><T63/><N who="0" m="16384" /><DORA hai="135" /><T13/><D71/><U133/><E133/><V125/><F125/><W105/><G105/><T100/><D100/><U42/><E42/><V1/><F1/><W4/><G4/><N who="0" m="3239" /><D10/><U37/><E37/><V41/><F41/><W18/><G18/><T113/><D11/><U109/><E109/><V26/><F30/><W5/><G5/><T79/><D113/><U86/><E19/><V35/><F35/><W97/><G97/><T115/><D115/><U81/><E81/><RYUUKYOKU ba="1,1" sc="26,-15,354,15,170,-15,440,15" hai1="16,22,24,48,53,57,78,82,86,88,99,101,104" hai3="12,14,15,39,43,47,58,61,83,84,91,94,95" />
</Scene>
<Scene>
<INIT seed="5,2,1,1,2,50" ten="11,369,155,455" oya="1" hai0="135,8,110,87,26,48,115,52,65,12,54,66,23" hai1="75,34,10,81,22,122,125,80,29,18,19,133,79" hai2="130,62,0,126,5,117,44,55,96,95,100,114,57" hai3="89,76,84,112,11,38,60,83,71,123,31,108,3"/><U20/><E122/><V7/><F117/><W67/><G123/><T27/><D110/><U70/><E70/><V113/><F126/><W47/><G108/><T128/><D115/><N who="2" m="44042" /><F130/><W124/><G112/><T6/><D128/><U35/><E125/><V32/><F0/><W1/><G124/><T111/><D111/><U21/><E133/><V104/><F32/><N who="1" m="12329" /><E79/><V15/><F15/><W134/><G31/><T68/><D135/><U64/><E64/><N who="0" m="24681" /><D68/><U86/><E86/><V118/><F118/><W36/><G134/><T131/><D131/><U25/><E75/><V13/><F44/><W2/><G11/><T53/><D87/><U28/><E81/><V129/><F129/><W42/><REACH who="3" step="1"/><G38/><REACH who="3" ten="11,369,155,445" step="2"/><T121/><D121/><U132/><E132/><V91/><F13/><W106/><G106/><T40/><D23/><N who="1" m="8779" /><E80/><V85/><AGARI ba="2,2" hai="5,7,55,57,62,85,91,95,96,100,104" m="44042" machi="85" ten="30,4000,0" yaku="15,1,11,1,52,1" doraHai="50" who="2" fromWho="2" sc="11,-12,369,-22,155,66,445,-12" owari="-1,-50.0,347,15.0,221,-18.0,433,53.0" />
</Scene>
</mjloggm>