<mjloggm ver="2.3"><GO type="169" lobby="0"/><UN n0="%61%73%73%65%72%74%69%76" n1="%E3%82%B5%E3%83%B3%E3%83%9E%E9%81%93%E6%A5%BD%E4%BB%A3%E8%A1%A8" n2="%EF%BC%9D%E4%BC%8A%E8%97%A4%E3%81%8B%E3%81%AA%E6%81%B5%EF%BC%9D" n3="%E5%A4%AA%E3%81%8F%E3%81%AA%E3%81%84%E3%81%8A" dan="16,17,17,17" rate="2107.39,2194.32,2185.26,2179.67" sx="M,M,F,M"/><TAIKYOKU oya="0"/>

<Scene>
<INIT seed="0,0,0,3,5,28" ten="250,250,250,250" oya="0" hai0="35,0,125,46,110,50,89,26,45,75,64,7,49" hai1="15,131,132,69,116,4,70,40,52,124,65,10,105" hai2="36,71,122,27,16,44,60,14,8,107,86,19,17" hai3="25,43,90,98,121,135,5,92,12,113,29,77,23"/><T101/><D75/><U62/><E116/><V129/><F122/><W95/><G113/><T120/><D120/><U119/><E119/><V47/><F107/><W123/><G135/><T30/><D125/><U68/><E132/><V99/><F129/><W84/><G43/><T18/><D110/><U1/><E105/><V134/><F134/><W42/><G42/><T56/><D101/><U112/><E131/><V58/><F71/><W31/><G31/><T127/><D127/><U130/><E130/><V32/><F36/><W78/><G121/><T2/><D89/><U57/><E124/><V133/><F99/><W76/><G123/><T55/><D18/><N who="2" m="7274" /><F32/><W21/><G21/><T79/><D79/><U100/><E100/><V106/><F106/><W111/><G111/><T3/><D64/><U108/><E108/><V66/><F133/><W53/><G53/><T88/><D49/><U73/><E73/><V13/><F27/><W87/><REACH who="3" step="1"/><G92/><REACH who="3" ten="250,250,250,240" step="2"/><T102/><D102/><U54/><E112/><V91/><F14/><W9/><AGARI ba="0,1" hai="5,9,12,23,25,29,76,77,78,84,87,90,95,98" machi="9" ten="30,7900,0" yaku="1,1,2,1,0,1,8,1,53,0" doraHai="28" doraHaiUra="67" who="3" fromWho="3" sc="250,-39,250,-20,250,-20,240,89" />
</Scene>
<Scene>
<INIT seed="1,0,0,2,2,3" ten="211,230,230,329" oya="1" hai0="98,115,84,62,113,22,47,68,28,66,130,80,60" hai1="23,81,93,90,132,43,16,92,34,65,131,97,51" hai2="5,67,86,104,108,71,111,70,118,33,27,123,134" hai3="52,116,125,8,127,107,69,82,101,39,58,94,91"/><U105/><E34/><V55/><F118/><W30/><G69/><T64/><D130/><U46/><E132/><V9/><F123/><W119/><G39/><T13/><D98/><U74/><E131/><V120/><F120/><W21/><G82/><T56/><D47/><U40/><E65/><V83/><F104/><W44/><G44/><T48/><D48/><U32/><E32/><V112/><F134/><W31/><G101/><T45/><D45/><U1/><E1/><N who="2" m="175" /><F67/><W63/><G107/><T10/><D28/><N who="3" m="10793" /><G21/><T78/><REACH who="0" step="1"/><D22/><REACH who="0" ten="201,230,230,329" step="2"/><U106/><E43/><V61/><F33/><W122/><G122/><T79/><D79/><U7/><E106/><V121/><F121/><W88/><G91/><T54/><D54/><U72/><E105/><V100/><F55/><W25/><G119/><T35/><D35/><U18/><E97/><V102/><F102/><W96/><G116/><T75/><D75/><U124/><E74/><V42/><F100/><W49/><G49/><T89/><D89/><U126/><E72/><V95/><F42/><W20/><G96/><T87/><D87/><U41/><E90/><V2/><F86/><W0/><G88/><T4/><AGARI ba="0,1" hai="4,10,13,56,60,62,64,66,68,78,80,84,113,115" machi="4" ten="20,5200,0" yaku="1,1,0,1,7,1,52,1,53,0" doraHai="3" doraHaiUra="128" who="0" fromWho="0" sc="201,62,230,-26,230,-13,329,-13" />
</Scene>
<Scene>
<INIT seed="2,0,0,2,4,53" ten="263,204,217,316" oya="2" hai0="62,124,107,81,119,7,14,60,13,104,25,96,82" hai1="66,115,117,31,125,54,92,103,116,106,50,88,118" hai2="112,129,30,2,135,84,55,111,8,90,58,94,35" hai3="108,75,29,72,101,41,10,64,52,38,45,74,23"/><V61/><F112/><W86/><G108/><T126/><D25/><U113/><E31/><V95/><F111/><W134/><G134/><T130/><D96/><U48/><E106/><V127/><F135/><W42/><G64/><T59/><D7/><U9/><E103/><V1/><F127/><W27/><G101/><T34/><D34/><U36/><E36/><V114/><F114/><W83/><G10/><T100/><D100/><U79/><E79/><V109/><F109/><W0/><G0/><T39/><D39/><U69/><E50/><V56/><F129/><W3/><G3/><T73/><D73/><U33/><E33/><V133/><F133/><W63/><G42/><T32/><D32/><U71/><E125/><V105/><F105/><W128/><G128/><T28/><D28/><U99/><E9/><V89/><F8/><W87/><REACH who="3" step="1"/><G83/><REACH who="3" ten="263,204,217,306" step="2"/><T26/><D130/><U70/><REACH who="1" step="1"/><E66/><REACH who="1" ten="263,194,217,306" step="2"/><N who="2" m="39207" /><F1/><W5/><G5/><T24/><D119/><U4/><E4/><V77/><F2/><W131/><G131/><T15/><D124/><U37/><E37/><V47/><F35/><W121/><G121/><T44/><D126/><U22/><E22/><V49/><F30/><W51/><G51/><T11/><D11/><U21/><E21/><V132/><F132/><W78/><G78/><T46/><D104/><U18/><E18/><V68/><F77/><W98/><G98/><T67/><D107/><U110/><E110/><V40/><F49/><W122/><G122/><T85/><D67/><U16/><E16/><V123/><F123/><W6/><G6/><T17/><D17/><RYUUKYOKU ba="0,2" sc="263,-15,194,15,217,-15,306,15" hai1="48,54,69,70,71,88,92,99,113,115,116,117,118" hai3="23,27,29,38,41,45,52,63,72,74,75,86,87" />
</Scene>
<Scene>
<INIT seed="3,1,2,2,2,95" ten="248,209,202,321" oya="3" hai0="42,28,105,14,22,119,19,43,10,93,98,13,100" hai1="58,128,1,56,37,117,86,94,118,33,62,2,5" hai2="89,123,107,113,12,106,88,97,59,15,60,50,29" hai3="124,102,48,35,110,38,135,61,114,79,131,27,120"/><W91/><G114/><T81/><D119/><N who="1" m="45579" /><E37/><V121/><F113/><W3/><G38/><T99/><D81/><U126/><E33/><V72/><F72/><W23/><G120/><N who="2" m="46153" /><F29/><W18/><G3/><T80/><D80/><U73/><E73/><V85/><F50/><W70/><G79/><T109/><D109/><U52/><E5/><V16/><F15/><W65/><G124/><T31/><D31/><U17/><E128/><V83/><F89/><W77/><G77/><T87/><D87/><U44/><E44/><V47/><F97/><W90/><G131/><T32/><D32/><U103/><E126/><V21/><F47/><W25/><G110/><T6/><D28/><U96/><E17/><V68/><F68/><W122/><G122/><T39/><D39/><U75/><E75/><V51/><F51/><W101/><G48/><T55/><D55/><AGARI ba="1,2" hai="12,16,21,55,59,60,83,85,88,106,107" m="46153" machi="55" ten="30,3900,0" yaku="13,1,54,2" doraHai="95" who="2" fromWho="0" sc="248,-42,209,0,202,62,321,0" />
</Scene>
<Scene>
<INIT seed="4,0,0,4,2,8" ten="206,209,264,321" oya="0" hai0="127,114,66,73,58,133,35,53,32,3,43,33,4" hai1="36,27,18,130,118,95,129,91,30,61,42,7,39" hai2="126,10,88,108,87,2,40,89,23,41,106,5,92" hai3="19,116,96,107,6,45,98,34,128,117,28,75,121"/><T38/><D73/><U11/><E118/><V123/><F108/><W59/><G75/><T110/><D110/><U51/><E61/><V103/><F123/><W37/><G6/><T20/><D114/><U125/><E18/><V24/><F126/><W134/><G121/><T132/><D127/><U82/><E82/><V76/><F76/><W60/><G34/><T74/><D74/><U70/><E70/><V57/><F57/><W65/><G28/><T102/><D102/><U26/><E26/><V93/><F106/><W14/><G128/><T97/><D97/><U63/><E63/><V131/><F103/><W105/><G134/><N who="0" m="51819" /><D66/><U77/><E77/><V67/><F67/><W94/><G107/><T0/><D4/><U120/><E120/><V99/><REACH who="2" step="1"/><F131/><REACH who="2" ten="206,209,254,321" step="2"/><W113/><G105/><T111/><D111/><U64/><E64/><V13/><F13/><W115/><G65/><T12/><D3/><U31/><E125/><V78/><F78/><W85/><G59/><T68/><D0/><U1/><E130/><V52/><F52/><W135/><G135/><T101/><D68/><U104/><E104/><V54/><F54/><W46/><G115/><T119/><D101/><U15/><E1/><V9/><F9/><W62/><G113/><T79/><D79/><U86/><E129/><V83/><F83/><W44/><G116/><T122/><D119/><U69/><E69/><V112/><F112/><W81/><G117/><T56/><D122/><U109/><E109/><V48/><F48/><W25/><G81/><T17/><D53/><U49/><E49/><V90/><F90/><RYUUKYOKU ba="0,1" sc="206,15,209,-15,254,15,321,-15" hai0="12,17,20,32,33,35,38,43,56,58" hai2="2,5,10,23,24,40,41,87,88,89,92,93,99" />
</Scene>
<Scene>
<INIT seed="4,1,1,2,5,103" ten="221,194,269,306" oya="0" hai0="40,72,89,79,7,87,14,130,88,135,71,6,95" hai1="35,96,27,114,45,32,28,75,22,106,117,44,37" hai2="34,30,46,53,15,4,11,81,112,92,24,5,57" hai3="58,118,36,104,127,94,111,132,49,20,39,83,1"/><T113/><D71/><U70/><E70/><V126/><F112/><W131/><G111/><T101/><D113/><U74/><E117/><V23/><F126/><W66/><G118/><T59/><D130/><U119/><E119/><V65/><F34/><W73/><G104/><T48/><D135/><U18/><E35/><V68/><F68/><W85/><G1/><T120/><D120/><U86/><E86/><V61/><F81/><W25/><G73/><T69/><D69/><U134/><E134/><V33/><F33/><W31/><G132/><T56/><D72/><U97/><E97/><V26/><F26/><W110/><G110/><T55/><D101/><U124/><E124/><V107/><F107/><W41/><G127/><T84/><D40/><U93/><E106/><V99/><F46/><W43/><G131/><T19/><D59/><U54/><E44/><V90/><F53/><N who="3" m="32047" /><G39/><T100/><D100/><U102/><E114/><V133/><F133/><W116/><G36/><T50/><D50/><U77/><E77/><V38/><F38/><W67/><G94/><N who="0" m="54591" /><D79/><U128/><E128/><V10/><REACH who="2" step="1"/><F10/><AGARI ba="1,1" hai="6,7,10,14,19,48,55,56,84,88,95" m="54591" machi="10" ten="30,2900,0" yaku="8,1,54,1" doraHai="103" who="0" fromWho="2" sc="221,42,194,0,269,-32,306,0" />
</Scene>
<Scene>
<INIT seed="4,2,0,0,3,63" ten="263,194,237,306" oya="0" hai0="57,100,17,39,13,73,10,67,5,87,50,81,35" hai1="59,110,126,125,19,36,128,12,70,14,45,97,18" hai2="69,51,66,78,55,11,58,113,4,34,96,91,134" hai3="27,106,76,85,37,15,111,116,119,9,61,84,31"/><T52/><D35/><U89/><E70/><V90/><F34/><W75/><G111/><T48/><D39/><U123/><E110/><V30/><F30/><W98/><G37/><T53/><D73/><U94/><E123/><V68/><F113/><W54/><G75/><T1/><D100/><U74/><E74/><V60/><F134/><W64/><G54/><T112/><D112/><U101/><E128/><V32/><F32/><W109/><G109/><T114/><D114/><U25/><E25/><V56/><F78/><W102/><G84/><T122/><D122/><U105/><E59/><V107/><F90/><W42/><G42/><T88/><D67/><U65/><E65/><V40/><F40/><W135/><G135/><T115/><D115/><U24/><E24/><V82/><F82/><W2/><G85/><T3/><D5/><U83/><E83/><V28/><F28/><W133/><G76/><T108/><D108/><U62/><E62/><V86/><F86/><W80/><G80/><T104/><D104/><U29/><E29/><V132/><F132/><W129/><G129/><T124/><D124/><N who="1" m="47723" /><E101/><V16/><F4/><N who="3" m="1175" /><G133/><T43/><D43/><N who="1" m="22759" /><E105/><V117/><F107/><W127/><G127/><T131/><D131/><U33/><E33/><V120/><F120/><W103/><G103/><T46/><AGARI ba="2,0" hai="1,3,10,13,17,46,48,50,52,53,57,81,87,88" machi="46" ten="20,18000,2" yaku="0,1,7,1,25,2,54,2" doraHai="63" who="0" fromWho="0" sc="263,186,194,-62,237,-62,306,-62" />
</Scene>
<Scene>
<INIT seed="4,3,0,2,4,7" ten="449,132,175,244" oya="0" hai0="14,75,133,42,39,110,56,37,82,29,84,38,107" hai1="26,103,111,71,104,121,10,67,66,1,22,131,40" hai2="70,113,55,72,125,76,81,93,54,100,53,95,120" hai3="12,18,73,87,17,118,80,51,8,6,97,108,25"/><T101/><D75/><U16/><E111/><V32/><F120/><W132/><G108/><T2/><D2/><U4/><E121/><V69/><F113/><W20/><G118/><T117/><D117/><U59/><E71/><V88/><F125/><W23/><G132/><T45/><D133/><U123/><E123/><V79/><F32/><W130/><G130/><T96/><D29/><U122/><E122/><V94/><F79/><W114/><G114/><T19/><D56/><U90/><E40/><V85/><REACH who="2" step="1"/><F100/><REACH who="2" ten="449,132,165,244" step="2"/><W77/><G97/><T62/><D110/><U24/><E131/><V102/><F102/><W47/><G73/><T43/><D96/><U48/><E103/><V63/><F63/><W112/><G112/><T35/><D62/><U46/><E90/><V89/><F89/><W3/><G3/><T41/><D35/><U64/><E104/><V127/><F127/><W50/><REACH who="3" step="1"/><G47/><REACH who="3" ten="449,132,165,234" step="2"/><T134/><D45/><U57/><E46/><V44/><F44/><W11/><G11/><T126/><D126/><U119/><E119/><V28/><F28/><W58/><G58/><T31/><D31/><U109/><E109/><V124/><F124/><W5/><G5/><T128/><D128/><U68/><E68/><AGARI ba="3,2" hai="53,54,55,68,69,70,72,76,81,85,88,93,94,95" machi="68" ten="40,2600,0" yaku="1,1,54,1,53,0" doraHai="7" doraHaiUra="129" who="2" fromWho="1" sc="449,0,132,-35,165,55,234,0" />
</Scene>
<Scene>
<INIT seed="5,0,0,5,4,107" ten="449,97,220,234" oya="1" hai0="23,16,3,114,80,104,95,78,130,108,36,6,79" hai1="85,82,12,126,77,37,66,50,115,57,128,41,134" hai2="30,70,33,131,63,62,44,106,53,93,21,71,14" hai3="39,88,122,69,27,67,51,8,73,42,99,17,109"/><U72/><E115/><V11/><F106/><W52/><G109/><T116/><D104/><U124/><E37/><V65/><F33/><W117/><G122/><T125/><D108/><U127/><E134/><V76/><F131/><W103/><G117/><T74/><D116/><U31/><E31/><V1/><F1/><W13/><G73/><T26/><D79/><U19/><E128/><V101/><F76/><W34/><G39/><T111/><D111/><U47/><E66/><V87/><F70/><W91/><G42/><T10/><D130/><U133/><E57/><V75/><F75/><W118/><G118/><T40/><D95/><U32/><E133/><V22/><F30/><W96/><G34/><T18/><D125/><U49/><E32/><V2/><F2/><W5/><G69/><T100/><D100/><U46/><E85/><V59/><F44/><N who="1" m="16937" /><E41/><V90/><F101/><W55/><G67/><T98/><D98/><N who="3" m="37417" /><G103/><T15/><D114/><U129/><E129/><V61/><F61/><W121/><G121/><T105/><D105/><U102/><E102/><V4/><AGARI ba="0,0" hai="4,11,14,21,22,53,59,62,63,65,71,87,90,93" machi="4" ten="20,1500,0" yaku="0,1,7,1" doraHai="107" who="2" fromWho="2" sc="449,-4,97,-7,220,15,234,-4" />
</Scene>
<Scene>
<INIT seed="6,0,0,5,3,37" ten="445,90,235,230" oya="2" hai0="27,135,9,60,32,1,70,120,71,36,109,19,121" hai1="58,125,67,15,75,94,116,131,114,59,74,4,33" hai2="16,30,64,134,22,26,113,124,52,126,35,129,48" hai3="51,40,62,111,56,43,76,112,41,10,46,28,3"/><V102/><F113/><W47/><G111/><T8/><D109/><U106/><E33/><V17/><F134/><W85/><G112/><T29/><D36/><U39/><E106/><V122/><F122/><W81/><G28/><T93/><D135/><U84/><E116/><V5/><F129/><W69/><G69/><T25/><D93/><U115/><E39/><V88/><F102/><W132/><G132/><T118/><D118/><U49/><E131/><V98/><F64/><N who="3" m="38983" /><G3/><T20/><D60/><U77/><E125/><N who="2" m="48235" /><F5/><W63/><G63/><T13/><D71/><U53/><E114/><V78/><F78/><W21/><G10/><N who="0" m="4203" /><D70/><U82/><E4/><V2/><F2/><W72/><G72/><T100/><D100/><U0/><E0/><V87/><F98/><W92/><G21/><N who="0" m="11503" /><D1/><U55/><E15/><V101/><F101/><W65/><G65/><T117/><D117/><U103/><E67/><V79/><F79/><W127/><G127/><T50/><D50/><U80/><E115/><V107/><F107/><W97/><G51/><T128/><D128/><U54/><E82/><N who="2" m="49271" /><F35/><W90/><AGARI ba="0,0" hai="40,41,43,46,47,76,81,85,90,92,97" m="38983" machi="90" ten="30,7900,0" yaku="8,1,52,3" doraHai="37" who="3" fromWho="3" sc="445,-20,90,-20,235,-39,230,79" />
</Scene>
<Scene>
<INIT seed="7,0,0,1,1,84" ten="425,70,196,309" oya="3" hai0="60,45,15,24,116,17,73,115,11,74,117,44,97" hai1="70,108,52,88,42,41,57,121,54,67,47,81,6" hai2="34,22,10,109,96,85,5,69,101,0,113,25,58" hai3="39,26,13,38,95,62,56,120,48,46,112,94,30"/><W4/><G120/><T23/><D74/><U36/><E108/><V130/><F109/><W89/><G112/><T87/><D73/><U79/><E42/><V125/><F69/><W76/><G76/><T72/><D72/><U131/><E6/><V40/><F113/><W20/><G4/><T110/><D110/><U51/><E131/><V122/><F130/><W3/><G3/><T107/><D115/><U2/><E54/><V90/><F34/><W123/><G123/><T66/><D87/><N who="1" m="50287" /><E2/><V19/><F125/><W78/><G78/><T86/><D86/><U92/><E92/><V80/><F40/><W126/><G13/><T91/><D107/><U127/><E79/><V32/><F122/><W37/><G126/><T1/><D1/><U49/><E121/><V100/><F32/><W64/><G95/><N who="0" m="56575" /><D116/><U105/><E105/><V103/><F58/><W16/><G30/><N who="0" m="17695" /><D117/><U43/><E43/><V29/><F29/><W12/><G12/><T111/><D111/><U102/><E49/><V53/><F53/><W63/><G63/><T8/><D8/><U98/><E98/><V61/><F61/><W135/><G135/><T83/><D83/><U14/><E102/><V18/><F96/><W65/><G65/><T119/><D119/><U21/><E21/><V129/><F129/><W106/><G106/><T7/><D7/><U31/><E14/><V93/><F93/><W124/><G124/><T27/><D27/><U77/><E127/><V75/><F75/><W55/><G38/><T133/><D133/><U68/><E77/><V59/><F103/><W128/><G128/><RYUUKYOKU ba="0,0" sc="425,15,70,-15,196,-15,309,15" hai0="11,15,17,44,45,60,66" hai3="16,20,26,37,39,46,48,55,56,62,64,89,94" />
</Scene>
<Scene>
<INIT seed="7,1,0,0,5,38" ten="440,55,181,324" oya="3" hai0="83,35,101,89,2,48,52,92,63,75,4,108,135" hai1="29,42,47,61,110,25,91,121,123,82,34,95,115" hai2="120,16,13,88,46,99,125,57,103,31,49,93,1" hai3="77,117,62,5,113,68,130,114,86,72,128,109,74"/><W44/><G5/><T11/><D108/><U133/><E110/><V3/><F125/><W106/><G68/><T66/><D35/><U17/><E115/><N who="3" m="44042" /><G62/><T50/><D135/><U30/><E133/><V97/><F57/><W22/><G109/><T71/><D101/><U18/><E82/><V37/><F37/><W87/><G22/><T104/><D104/><U67/><E30/><V118/><F118/><W131/><G44/><T78/><D52/><U7/><E7/><V45/><F45/><W23/><G23/><T28/><D28/><U15/><E121/><V0/><F31/><W107/><G117/><T6/><D6/><U119/><E119/><V59/><F59/><W79/><G87/><AGARI ba="1,0" hai="2,4,11,48,50,63,66,71,75,78,83,87,89,92" machi="87" ten="30,1000,0" yaku="7,1" doraHai="38" who="0" fromWho="3" sc="440,13,55,0,181,0,324,-13" owari="453,55.0,55,-44.0,181,-22.0,311,11.0" />
</Scene>
</mjloggm>