<mjloggm ver="2.3"><GO type="169" lobby="0"/><UN n0="%E5%A4%AA%E3%81%8F%E3%81%AA%E3%81%84%E3%81%8A" n1="%E3%83%8F%E3%82%A4%E3%83%86%E3%83%B3%E3%83%9C%E3%83%BC" n2="%74%61%72%6F%33%39%30%30" n3="%53%49%4C%41%53" dan="17,16,18,17" rate="2160.30,2142.74,2214.62,2213.87" sx="F,M,M,F"/><TAIKYOKU oya="0"/>

<Scene>
<INIT seed="0,0,0,3,2,41" ten="250,250,250,250" oya="0" hai0="35,76,26,10,88,55,90,9,120,93,135,85,14" hai1="82,25,125,34,54,23,106,71,121,3,2,87,51" hai2="17,77,100,132,80,68,15,18,111,31,72,59,133" hai3="81,95,56,16,123,32,130,92,110,83,50,103,64"/><T57/><D120/><U69/><E106/><V8/><F68/><W122/><G32/><T134/><D76/><U47/><E34/><V62/><F111/><W45/><G110/><T29/><D90/><U74/><E74/><V66/><F31/><W40/><G130/><T49/><REACH who="0" step="1"/><D9/><REACH who="0" ten="240,250,250,250" step="2"/><U78/><E121/><V96/><REACH who="2" step="1"/><F18/><AGARI ba="0,1" hai="10,14,18,26,29,35,49,55,57,85,88,93,134,135" machi="18" ten="40,7700,0" yaku="1,1,2,1,54,1,53,0" doraHai="41" doraHaiUra="70" who="0" fromWho="2" sc="240,87,250,0,250,-77,250,0" />
</Scene>
<Scene>
<INIT seed="0,1,0,5,5,92" ten="327,250,173,250" oya="0" hai0="0,32,77,82,16,101,74,56,62,118,33,60,89" hai1="4,126,49,26,47,39,78,24,37,93,43,127,41" hai2="21,46,80,53,69,40,23,30,31,131,55,2,50" hai3="58,98,12,29,132,124,102,104,10,108,103,114,95"/><T70/><D118/><U48/><E78/><V42/><F69/><W76/><G114/><T25/><D0/><U61/><E93/><V5/><F131/><W130/><G130/><T27/><D101/><U81/><E81/><V7/><F2/><W90/><G108/><T112/><D112/><U115/><E4/><V117/><F117/><W13/><G132/><T71/><D89/><U6/><E6/><V8/><F80/><W79/><G124/><N who="1" m="47658" /><E115/><V109/><F109/><W97/><G90/><T72/><D82/><U116/><E116/><V44/><F50/><N who="1" m="19561" /><E61/><V129/><REACH who="2" step="1"/><F129/><REACH who="2" ten="327,250,163,250" step="2"/><W22/><G76/><T111/><D77/><U28/><E28/><V36/><F36/><N who="1" m="13897" /><E47/><V107/><F107/><W113/><G79/><T11/><D111/><U3/><E3/><V134/><F134/><W83/><G83/><T87/><D72/><U65/><E65/><V119/><F119/><W128/><G113/><T19/><D74/><U133/><E133/><V100/><F100/><W45/><G128/><T52/><D62/><U15/><E15/><V73/><F73/><W20/><G45/><T59/><D60/><U35/><E35/><V68/><F68/><W38/><G38/><T99/><D71/><U123/><E123/><V67/><F67/><W135/><G135/><T88/><D70/><U75/><E75/><V96/><F96/><W14/><G10/><AGARI ba="1,1" hai="5,7,8,10,21,23,30,31,40,42,44,46,53,55" machi="10" ten="25,12000,2" yaku="1,1,22,2,8,1,53,2" doraHai="92" doraHaiUra="1" who="2" fromWho="3" sc="327,0,250,0,163,133,250,-123" />
</Scene>
<Scene>
<INIT seed="1,0,0,0,1,135" ten="327,250,296,127" oya="1" hai0="60,110,68,83,21,102,122,55,97,69,1,129,70" hai1="2,49,15,79,82,109,57,87,126,100,112,75,44" hai2="66,123,7,59,40,13,39,101,41,28,17,48,103" hai3="125,58,12,32,77,53,63,19,89,9,74,33,43"/><U16/><E112/><V10/><F123/><W36/><G89/><T84/><D1/><U116/><E2/><V46/><F28/><W95/><G95/><T115/><D115/><U30/><E116/><V90/><F40/><W114/><G114/><T18/><D122/><U65/><E30/><V107/><F107/><W5/><G19/><T11/><D11/><U92/><E109/><V105/><F105/><W0/><G12/><T22/><D110/><U73/><E65/><V4/><F39/><W85/><G85/><T52/><D129/><U25/><E25/><V20/><F7/><W38/><G38/><T50/><D60/><U8/><E57/><V64/><F90/><W120/><G120/><T130/><D130/><U124/><E100/><N who="2" m="38475" /><F59/><W14/><G14/><AGARI ba="0,0" hai="4,10,13,14,17,20,41,46,48,64,66" m="38475" machi="14" ten="30,1000,0" yaku="8,1" doraHai="135" who="2" fromWho="3" sc="327,0,250,0,296,10,127,-10" />
</Scene>
<Scene>
<INIT seed="2,0,0,5,1,24" ten="327,250,306,117" oya="2" hai0="48,62,123,127,37,16,42,11,117,108,68,99,43" hai1="17,28,71,66,44,100,0,40,57,12,93,10,60" hai2="112,33,128,31,67,61,82,26,53,95,69,96,27" hai3="70,49,88,91,73,110,135,87,1,90,72,101,29"/><V107/><F112/><W4/><G70/><T84/><D123/><U18/><E0/><V126/><F128/><W106/><G110/><T19/><D37/><U3/><E3/><V54/><F126/><W14/><G1/><T65/><D127/><U134/><E134/><V111/><F111/><W47/><G135/><T130/><D108/><U85/><E71/><V116/><F116/><W80/><G29/><T76/><D130/><U35/><E28/><N who="2" m="19607" /><F95/><W22/><G101/><T131/><D131/><U36/><E35/><N who="2" m="20991" /><F82/><W38/><G38/><T25/><D117/><U103/><E93/><V92/><F92/><W109/><G106/><T2/><D99/><U63/><E63/><V58/><F58/><W64/><G64/><T78/><D84/><U55/><E66/><V41/><F41/><W23/><G109/><T125/><D125/><U9/><E85/><V114/><F114/><W45/><G45/><T7/><D43/><U50/><E36/><V52/><F54/><W32/><G32/><T51/><D42/><U122/><E122/><V13/><F13/><AGARI ba="0,0" hai="9,10,12,13,17,18,40,44,50,55,57,60,100,103" machi="13" ten="40,2600,0" yaku="9,1,8,1" doraHai="24" who="1" fromWho="2" sc="327,0,250,26,306,-26,117,0" />
</Scene>
<Scene>
<INIT seed="3,0,0,1,3,85" ten="327,276,280,117" oya="3" hai0="117,120,72,77,109,82,12,67,37,97,30,6,126" hai1="90,88,83,133,36,3,64,5,63,121,13,135,16" hai2="25,60,92,89,32,131,58,45,35,79,61,71,20" hai3="47,11,104,44,0,129,34,18,124,110,111,22,24"/><W105/><G129/><T19/><D117/><U59/><E121/><V125/><F131/><W128/><G128/><T39/><D120/><U69/><E36/><V96/><F125/><W29/><G124/><T57/><D126/><U119/><E119/><V54/><F79/><W94/><G104/><T1/><D109/><N who="3" m="41481" /><G105/><T52/><D67/><U107/><E107/><V40/><F61/><W48/><G48/><T80/><D30/><U73/><E69/><V15/><F15/><N who="3" m="9567" /><G94/><T41/><D41/><U43/><E43/><V49/><REACH who="2" step="1"/><F71/><REACH who="2" ten="327,276,270,117" step="2"/><W9/><G9/><T127/><D127/><U112/><E3/><V55/><F55/><W56/><G56/><T66/><D52/><U114/><E114/><V81/><F81/><W10/><G10/><T42/><D80/><U122/><E112/><V116/><F116/><W130/><G130/><T103/><D57/><U7/><E122/><V100/><F100/><W46/><G46/><T26/><D1/><U118/><E118/><V101/><F101/><W93/><G93/><T14/><D103/><U115/><E115/><V84/><F84/><W51/><G51/><T4/><D82/><U62/><E62/><V2/><F2/><W99/><G99/><T106/><D97/><U68/><E68/><V74/><F74/><W65/><G65/><T31/><D66/><U91/><E73/><V132/><F132/><N who="1" m="50761" /><E83/><V21/><F21/><AGARI ba="0,1" hai="5,7,13,16,21,59,63,64,88,90,91" m="50761" machi="21" ten="30,12000,2" yaku="20,1,52,3,54,2" doraHai="85" who="1" fromWho="2" sc="327,0,276,130,270,-120,117,0" />
</Scene>
<Scene>
<INIT seed="4,0,0,3,2,32" ten="327,406,150,117" oya="0" hai0="80,79,64,12,11,38,68,115,51,35,54,101,10" hai1="95,8,46,41,30,2,69,117,76,18,7,0,37" hai2="90,135,21,121,91,81,128,60,83,84,107,33,62" hai3="17,119,71,123,56,87,50,92,96,49,28,57,43"/><T131/><D35/><U106/><E117/><V93/><F33/><W78/><G119/><T4/><D38/><U85/><E106/><V23/><F107/><W116/><G116/><T98/><D115/><U36/><E69/><V97/><F121/><W114/><G71/><T19/><D131/><U130/><E37/><V25/><F135/><W31/><G114/><T14/><D68/><U109/><E109/><V100/><F128/><W70/><G70/><T53/><D64/><U27/><E18/><V66/><F66/><W39/><G39/><T20/><D20/><U65/><E65/><V47/><F47/><W40/><G17/><T72/><REACH who="0" step="1"/><D51/><REACH who="0" ten="317,406,150,117" step="2"/><U13/><E130/><V86/><F21/><W29/><G123/><T15/><D15/><U122/><E122/><V120/><REACH who="2" step="1"/><F120/><REACH who="2" ten="317,406,140,117" step="2"/><W1/><G1/><T124/><D124/><U88/><E76/><V118/><F118/><W45/><G78/><T73/><D73/><U94/><E94/><AGARI ba="0,2" hai="4,10,11,12,14,19,53,54,72,79,80,94,98,101" machi="94" ten="30,2900,0" yaku="1,1,7,1,53,0" doraHai="32" doraHaiUra="59" who="0" fromWho="1" sc="317,49,406,-29,140,0,117,0" />
</Scene>
<Scene>
<INIT seed="4,1,0,5,0,74" ten="366,377,140,117" oya="0" hai0="118,47,29,16,86,50,89,126,79,113,120,125,36" hai1="4,133,66,77,80,124,25,32,37,1,42,63,30" hai2="127,107,46,83,5,81,55,91,121,111,12,59,8" hai3="109,92,108,28,44,18,96,41,35,122,14,3,52"/><T33/><D118/><U11/><E124/><N who="0" m="47721" /><D120/><U56/><E133/><V7/><F127/><W99/><G3/><T15/><D36/><U70/><E56/><V19/><F107/><W132/><G122/><T22/><D113/><U65/><E65/><V85/><F111/><W100/><G132/><T6/><D6/><U72/><E42/><V131/><F131/><W67/><G67/><T31/><D33/><U87/><E87/><V119/><F119/><W105/><G28/><T58/><D58/><U38/><AGARI ba="1,0" hai="1,4,11,25,30,32,37,38,63,66,70,72,77,80" machi="38" ten="30,8000,1" yaku="0,1,33,3,52,1" doraHai="74" who="1" fromWho="1" sc="366,-41,377,83,140,-21,117,-21" />
</Scene>
<Scene>
<INIT seed="5,0,0,2,2,112" ten="325,460,119,96" oya="1" hai0="107,35,19,20,49,86,104,31,9,102,45,61,127" hai1="12,101,16,39,93,67,17,33,44,125,48,14,100" hai2="84,5,38,77,51,126,37,109,50,83,108,80,110" hai3="1,64,133,88,18,60,71,131,56,2,52,7,79"/><U124/><E39/><V82/><F5/><W129/><G133/><T65/><D127/><U24/><E67/><V69/><F126/><N who="1" m="48745" /><E33/><V13/><F13/><N who="1" m="5225" /><E24/><V68/><F84/><W11/><G79/><T95/><D9/><U21/><E21/><V90/><F90/><W132/><G132/><T23/><D35/><U55/><E93/><V26/><F26/><W10/><G18/><AGARI ba="0,0" hai="16,17,18,44,48,55,100,101" m="5225,48745" machi="18" ten="30,2900,0" yaku="18,1,54,1" doraHai="112" who="1" fromWho="3" sc="325,0,460,29,119,0,96,-29" />
</Scene>
<Scene>
<INIT seed="5,1,0,0,1,71" ten="325,489,119,67" oya="1" hai0="5,24,126,123,55,56,36,52,31,47,112,89,44" hai1="20,124,28,127,80,42,107,108,69,54,85,39,110" hai2="16,13,131,102,17,35,14,101,129,62,120,23,78" hai3="60,99,27,76,75,64,41,117,79,135,40,81,94"/><U93/><E107/><V29/><F120/><W66/><G135/><T118/><D118/><U2/><E2/><V96/><F78/><W95/><G117/><T25/><D123/><U9/><E69/><V15/><F35/><W57/><G76/><T59/><D5/><U86/><E9/><V22/><F29/><W104/><G66/><T19/><D112/><U97/><E54/><V74/><F74/><W128/><G128/><N who="2" m="49225" /><F62/><W91/><G104/><T109/><D109/><N who="1" m="42091" /><E20/><N who="2" m="7723" /><F96/><W125/><G27/><T113/><D113/><U103/><E28/><V115/><F115/><W37/><G125/><N who="1" m="48202" /><E80/><V65/><F65/><W18/><G18/><AGARI ba="1,0" hai="13,14,15,16,17,18,101,102" m="7723,49225" machi="18" ten="40,8000,1" yaku="28,2,19,1,54,1" doraHai="71" who="2" fromWho="3" sc="325,0,489,0,119,83,67,-83" owari="325,13.0,489,59.0,202,-20.0,-16,-52.0" />
</Scene>
</mjloggm>