<mjloggm ver="2.3"><GO type="169" lobby="0"/><UN n0="%E5%A4%AA%E3%81%8F%E3%81%AA%E3%81%84%E3%81%8A" n1="%E3%81%BE%E3%81%98%E3%81%8B%E3%82%8B%E3%81%8F%E3%81%A3%E3%81%8D%E3%83%BC" n2="%E8%B1%86%E7%89%B9%EF%BC%A0%E6%B2%B3%E6%9D%91%E8%BB%8D%E5%9B%A3" n3="%E8%84%B3%E5%A4%A9%E7%86%8A" dan="18,16,16,16" rate="2207.68,2026.36,2126.81,2064.50" sx="M,F,M,M"/><TAIKYOKU oya="0"/>

<Scene>
<INIT seed="0,0,0,5,4,44" ten="250,250,250,250" oya="0" hai0="126,80,29,6,55,11,117,50,3,83,12,51,21" hai1="70,53,59,105,2,45,99,34,116,119,36,111,28" hai2="63,88,125,49,56,19,8,4,40,23,101,131,92" hai3="120,124,112,18,134,5,69,130,133,90,97,96,123"/><T47/><D117/><U61/><E2/><V103/><F131/><W7/><G69/><T100/><D126/><U17/><E17/><V14/><F125/><W102/><G124/><T93/><D100/><U32/><E111/><V67/><F40/><W98/><G102/><T71/><D71/><U128/><E128/><V24/><REACH who="2" step="1"/><F49/><REACH who="2" ten="250,250,240,250" step="2"/><W85/><G130/><T58/><D93/><U113/><E116/><V1/><F1/><W30/><G123/><T75/><D75/><U104/><E119/><V79/><F79/><W20/><G120/><T15/><D3/><U91/><E105/><V27/><F27/><W86/><G112/><T72/><D72/><U74/><E104/><V57/><F57/><W46/><G46/><T115/><D115/><U87/><E45/><V39/><F39/><W66/><G90/><T114/><D114/><U127/><E36/><V60/><F60/><W43/><G43/><N who="0" m="24959" /><D15/><U129/><E127/><V48/><F48/><W82/><G82/><T42/><D42/><U76/><E129/><V78/><F78/><W37/><G37/><T84/><D84/><AGARI ba="0,1" hai="4,8,14,19,23,24,56,63,67,84,88,92,101,103" machi="84" ten="30,7700,0" yaku="1,1,7,1,8,1,54,1,53,0" doraHai="44" doraHaiUra="108" who="2" fromWho="0" sc="250,-77,250,0,240,87,250,0" />
</Scene>
<Scene>
<INIT seed="1,0,0,5,5,93" ten="173,250,327,250" oya="1" hai0="1,68,105,31,15,9,39,12,11,42,62,72,14" hai1="45,65,82,116,103,128,134,77,27,81,28,125,37" hai2="73,24,84,89,129,114,104,108,47,67,122,54,57" hai3="43,40,107,126,92,106,13,7,52,41,2,85,78"/><U90/><E116/><V112/><F73/><W56/><G2/><T70/><D72/><U109/><E125/><V118/><F118/><W119/><G126/><T59/><D31/><U76/><E128/><V64/><F122/><W49/><G119/><T21/><D21/><U6/><E134/><V10/><F104/><W53/><G53/><T102/><D39/><U58/><E109/><V63/><F108/><W96/><G85/><T18/><D42/><U88/><E103/><V22/><F10/><W95/><G92/><T124/><D1/><U35/><E6/><V38/><F129/><W34/><G34/><T127/><D68/><U87/><E37/><V25/><F25/><W123/><G78/><T100/><D70/><U36/><E36/><V99/><F99/><W97/><G97/><T61/><D14/><U110/><E110/><V55/><F55/><W33/><G33/><T115/><D59/><U3/><E45/><V48/><F38/><W94/><G94/><T83/><D18/><U23/><E35/><V113/><F67/><W8/><REACH who="3" step="1"/><G123/><REACH who="3" ten="173,250,327,240" step="2"/><T117/><D117/><U71/><E3/><V111/><F111/><W133/><G133/><T98/><D98/><U51/><E77/><V131/><F131/><W60/><G60/><T120/><D120/><U0/><E0/><V4/><F63/><W91/><AGARI ba="0,1" hai="7,8,13,40,41,43,49,52,56,91,95,96,106,107" machi="91" ten="30,12000,2" yaku="1,1,0,1,52,1,54,1,53,2" doraHai="93" doraHaiUra="101" who="3" fromWho="3" sc="173,-30,250,-60,327,-30,240,130" />
</Scene>
<Scene>
<INIT seed="2,0,0,5,1,2" ten="143,190,297,370" oya="2" hai0="92,20,42,122,121,48,77,114,64,132,68,74,1" hai1="130,72,62,0,97,5,112,52,27,108,67,80,22" hai2="110,41,25,32,51,26,90,40,111,135,6,133,104" hai3="55,99,24,18,83,71,113,107,50,14,53,124,65"/><V37/><F104/><W76/><G24/><N who="2" m="9321" /><F32/><W103/><G124/><T8/><D114/><U81/><E112/><V58/><F37/><W117/><G113/><T93/><D20/><U134/><E134/><N who="2" m="51211" /><F90/><W128/><G65/><T98/><D132/><U16/><E130/><V43/><F6/><W63/><G63/><T49/><D77/><U17/><E108/><N who="2" m="41515" /><F58/><W126/><G71/><T35/><D35/><U29/><E5/><V86/><F86/><W3/><G107/><T125/><D68/><U118/><E72/><V9/><F9/><W129/><G103/><T109/><D8/><U91/><E91/><V89/><F89/><W33/><G33/><T13/><D74/><U70/><E70/><V46/><AGARI ba="0,0" hai="40,41,43,46,51" m="41515,51211,9321" machi="46" ten="40,7800,0" yaku="20,1,14,1,10,1" doraHai="2" who="2" fromWho="2" sc="143,-26,190,-26,297,78,370,-26" />
</Scene>
<Scene>
<INIT seed="2,1,0,0,4,45" ten="117,164,375,344" oya="2" hai0="120,95,16,13,73,122,49,39,0,106,87,100,4" hai1="102,124,56,71,42,5,74,98,90,125,2,35,43" hai2="134,55,22,108,111,114,132,3,32,41,51,8,116" hai3="26,48,128,31,92,54,37,77,18,9,20,60,133"/><V110/><F32/><W62/><G37/><T25/><D39/><U117/><E71/><V11/><F116/><W91/><G133/><N who="2" m="51305" /><F114/><W7/><G77/><T47/><D73/><U86/><E74/><V109/><F3/><W112/><G31/><T44/><D106/><U115/><E115/><V93/><F41/><W135/><G128/><T64/><D0/><U76/><E35/><V30/><F110/><W99/><G112/><T70/><D70/><U14/><E2/><V57/><F93/><W1/><REACH who="3" step="1"/><G135/><REACH who="3" ten="117,164,375,334" step="2"/><T68/><D122/><U82/><E76/><V126/><F126/><W105/><G105/><T65/><D120/><U50/><E124/><V80/><F80/><W101/><G101/><T67/><D100/><U17/><E125/><V12/><F30/><W129/><G129/><T59/><D95/><U66/><E102/><V29/><F29/><W79/><G79/><T36/><D36/><U23/><E117/><V130/><F130/><W63/><G63/><T15/><D68/><U38/><E38/><V89/><F89/><W107/><G107/><T46/><D87/><U84/><E84/><V81/><F81/><W21/><G21/><N who="0" m="13479" /><D4/><U94/><E5/><V19/><AGARI ba="1,1" hai="8,11,12,19,22,51,55,57,108,109,111" m="51305" machi="19" ten="40,12000,1" yaku="14,1,10,1,20,1,52,1" doraHai="45" who="2" fromWho="2" sc="117,-41,164,-41,375,133,334,-41" />
</Scene>
<Scene>
<INIT seed="2,2,0,3,0,35" ten="76,123,508,293" oya="2" hai0="29,77,132,80,37,82,22,25,87,55,125,70,107" hai1="99,61,89,100,119,46,75,79,84,45,17,121,128" hai2="76,97,108,6,62,73,68,123,11,112,39,122,4" hai3="16,101,130,126,113,32,53,58,43,3,85,103,95"/><V23/><F23/><W14/><G32/><T91/><D107/><U24/><E119/><V71/><F6/><W110/><G113/><T48/><D37/><U94/><E121/><V92/><F112/><W117/><G117/><T44/><D132/><U90/><E128/><V116/><F116/><W21/><G43/><T28/><D125/><U104/><E61/><V54/><F39/><W59/><G3/><T9/><D70/><U2/><E90/><V111/><F76/><W109/><G59/><T134/><D134/><U127/><E127/><V26/><F26/><W114/><G130/><T47/><D9/><U12/><E24/><V88/><F73/><W105/><G105/><T56/><REACH who="0" step="1"/><D28/><REACH who="0" ten="66,123,508,293" step="2"/><U63/><E104/><V69/><F69/><W34/><G126/><T102/><D102/><U115/><E100/><V98/><F71/><W0/><G103/><T131/><D131/><U86/><E115/><V96/><F122/><W129/><G101/><T60/><D60/><U64/><E63/><V72/><F123/><W83/><G129/><T27/><D27/><U52/><E79/><V15/><F68/><W20/><G114/><T65/><D65/><U57/><E64/><V31/><F31/><W93/><G110/><T106/><D106/><U51/><E89/><V66/><F66/><W8/><G109/><T10/><D10/><U7/><E51/><V36/><F111/><W5/><G8/><T19/><D19/><U133/><E17/><V18/><F108/><W40/><G16/><T124/><D124/><U33/><E133/><V42/><F18/><W13/><G5/><RYUUKYOKU ba="2,1" sc="66,30,123,-10,508,-10,293,-10" hai0="22,25,29,44,47,48,55,56,77,80,82,87,91" />
</Scene>
<Scene>
<INIT seed="3,3,1,0,4,105" ten="96,113,498,283" oya="3" hai0="78,38,34,87,79,52,133,58,112,119,89,15,100" hai1="32,67,27,99,48,104,118,6,88,130,17,82,24" hai2="127,9,19,0,23,96,33,83,63,80,108,56,51" hai3="97,121,90,65,125,116,57,36,71,91,75,13,59"/><W29/><G36/><T124/><D119/><U131/><E118/><V2/><F33/><W102/><G121/><T93/><D34/><U8/><E67/><V84/><F108/><W123/><G75/><T30/><D38/><U55/><E104/><V22/><F127/><W103/><G123/><T128/><D124/><U134/><E134/><V37/><F37/><W66/><G71/><T21/><D133/><U35/><E24/><V113/><F113/><W110/><G29/><T98/><D128/><N who="1" m="49195" /><E17/><V72/><F19/><W44/><G13/><T106/><D112/><U41/><E41/><V31/><F0/><W73/><G73/><T3/><D3/><N who="1" m="95" /><E27/><V70/><F2/><W61/><G66/><T62/><REACH who="0" step="1"/><D15/><REACH who="0" ten="86,113,498,283" step="2"/><U135/><E135/><V1/><F1/><W76/><G125/><T5/><D5/><U77/><E32/><V107/><F31/><W122/><G116/><T50/><D50/><U14/><E35/><V12/><F51/><W7/><G122/><T114/><D114/><U129/><E14/><V81/><F12/><W74/><G7/><T85/><D85/><U18/><E129/><V86/><F84/><W68/><G110/><T54/><D54/><U11/><E55/><V39/><F86/><W28/><G65/><T26/><AGARI ba="3,2" hai="21,26,30,52,58,62,78,79,87,89,93,98,100,106" machi="26" ten="30,4000,0" yaku="1,1,0,1,54,1,53,0" doraHai="105" doraHaiUra="42" who="0" fromWho="0" sc="86,69,113,-13,498,-13,283,-23" />
</Scene>
<Scene>
<INIT seed="4,0,0,3,1,10" ten="155,100,485,260" oya="0" hai0="110,105,11,8,129,53,36,131,103,49,12,54,126" hai1="3,70,116,102,108,90,96,84,9,61,133,119,72" hai2="45,64,115,66,59,94,40,21,106,81,88,6,83" hai3="18,67,91,71,30,55,35,128,62,26,135,117,113"/><T27/><D36/><U127/><E108/><V16/><F106/><W37/><G117/><T101/><D110/><U118/><E127/><V15/><F115/><W2/><G2/><T50/><D27/><U74/><E133/><V80/><F6/><W123/><G135/><T41/><D41/><U42/><E42/><V86/><REACH who="2" step="1"/><F59/><REACH who="2" ten="155,100,475,260" step="2"/><W109/><G113/><T121/><D105/><U43/><E118/><V93/><F93/><W23/><G109/><T63/><D126/><U130/><E119/><V79/><F79/><W76/><G76/><T122/><REACH who="0" step="1"/><D63/><REACH who="0" ten="145,100,475,260" step="2"/><U111/><E61/><V22/><F22/><W0/><G23/><T73/><D73/><U31/><E74/><V97/><F97/><W69/><G62/><T104/><D104/><U28/><E96/><V114/><F114/><W124/><G124/><T99/><D99/><U14/><E72/><V7/><F7/><W51/><G35/><T58/><D58/><U34/><E111/><V13/><F13/><AGARI ba="0,2" hai="8,11,12,13,49,50,53,54,101,103,121,122,129,131" machi="13" ten="25,18000,2" yaku="1,1,22,2,52,2,53,2" doraHai="10" doraHaiUra="46" who="0" fromWho="2" sc="145,200,100,0,475,-180,260,0" />
</Scene>
<Scene>
<INIT seed="4,1,0,3,1,38" ten="345,100,295,260" oya="0" hai0="52,12,54,23,32,98,116,134,131,6,106,128,1" hai1="69,115,70,28,35,101,59,113,133,68,30,132,55" hai2="34,49,16,22,94,119,75,17,82,36,65,58,109" hai3="20,112,84,3,27,76,42,7,95,71,81,61,122"/><T104/><D32/><U51/><E101/><V100/><F36/><W43/><G112/><N who="1" m="43082" /><E35/><V13/><F34/><W57/><G71/><T11/><D116/><U56/><E28/><V15/><F109/><W60/><G122/><T9/><D23/><U41/><E30/><V88/><F119/><W2/><G61/><T53/><D134/><N who="1" m="51819" /><E41/><N who="3" m="15370" /><G2/><T79/><D79/><U25/><E25/><V118/><F118/><W124/><G124/><T130/><REACH who="0" step="1"/><D98/><REACH who="0" ten="335,100,295,260" step="2"/><U48/><E48/><V73/><F49/><W86/><G76/><T96/><D96/><U80/><E80/><V90/><F82/><W83/><G81/><T108/><D108/><U0/><E0/><V125/><F125/><W21/><G83/><T74/><D74/><U47/><AGARI ba="1,1" hai="47,51,55,56,59,68,69,70" m="51819,43082" machi="47" ten="40,8000,1" yaku="15,1,11,1,20,1,34,2" doraHai="38" who="1" fromWho="1" sc="335,-41,100,93,295,-21,260,-21" />
</Scene>
<Scene>
<INIT seed="5,0,0,0,2,126" ten="294,193,274,239" oya="1" hai0="89,118,46,104,80,11,29,37,105,130,106,116,111" hai1="33,112,87,132,71,83,62,66,65,34,28,92,109" hai2="99,53,128,30,48,70,75,26,24,60,74,73,8" hai3="114,44,3,55,13,119,59,47,14,121,82,16,36"/><U21/><E109/><V27/><F128/><W39/><G3/><T58/><D58/><U120/><E120/><V19/><F99/><W134/><G121/><T32/><D89/><U94/><E112/><V35/><F70/><W18/><G119/><T90/><D90/><U108/><E108/><V61/><F35/><W127/><G82/><T12/><D12/><U122/><E122/><V63/><F30/><W10/><G127/><T0/><D80/><U20/><E132/><V97/><F97/><W50/><G134/><T79/><D79/><U123/><E123/><V43/><F43/><W52/><G114/><T95/><D95/><U100/><E66/><V5/><F19/><W42/><G55/><T17/><D17/><U9/><E9/><V103/><F103/><W78/><G78/><T40/><D111/><U91/><E34/><V6/><F8/><W88/><G88/><T72/><D72/><U84/><E100/><V25/><N who="2" m="6144" /><DORA hai="135" /><V107/><F107/><W101/><G101/><T57/><D29/><U22/><REACH who="1" step="1"/><E87/><REACH who="1" ten="294,183,274,239" step="2"/><V129/><F129/><W69/><G69/><T93/><D32/><U23/><N who="1" m="5120" /><DORA hai="2" /><U115/><E115/><V64/><F64/><W124/><G124/><T45/><D130/><U4/><E4/><V51/><F53/><W15/><REACH who="3" step="1"/><G10/><REACH who="3" ten="294,183,274,229" step="2"/><T56/><D11/><U125/><E125/><V41/><F41/><AGARI ba="0,2" hai="13,14,15,16,18,36,39,41,42,44,47,50,52,59" machi="41" ten="40,8000,1" yaku="1,1,2,1,9,1,54,2,53,0" doraHai="126,135,2" doraHaiUra="67,98,85" who="3" fromWho="2" sc="294,0,183,0,274,-80,229,100" />
</Scene>
<Scene>
<INIT seed="6,0,0,2,2,113" ten="294,183,194,329" oya="2" hai0="25,32,76,52,120,104,72,9,29,90,37,74,108" hai1="6,62,3,95,78,63,8,124,28,48,122,24,79" hai2="12,131,15,105,116,93,107,42,19,57,101,16,85" hai3="45,59,94,117,133,65,17,84,89,53,115,123,121"/><V100/><F131/><W35/><G35/><T114/><D108/><U70/><E122/><V27/><F42/><W80/><G65/><T38/><D120/><U86/><E124/><V18/><F27/><W92/><G117/><T58/><D104/><U106/><E106/><V110/><F110/><W69/><G69/><T23/><D114/><U96/><E48/><V97/><F116/><W54/><G133/><T30/><D30/><U73/><E73/><V40/><F40/><W67/><G67/><T21/><D9/><U71/><E71/><V118/><F118/><W31/><G31/><T51/><D90/><U60/><E70/><V0/><F0/><W111/><G111/><T81/><REACH who="0" step="1"/><D74/><REACH who="0" ten="284,183,194,329" step="2"/><U125/><E125/><V22/><F105/><W10/><G123/><T134/><D134/><U66/><E66/><V68/><F107/><W13/><G121/><T98/><D98/><U99/><E99/><V61/><F97/><W135/><G135/><T39/><AGARI ba="0,1" hai="21,23,25,29,32,37,38,39,51,52,58,72,76,81" machi="39" ten="30,4000,0" yaku="1,1,0,1,54,1,53,0" doraHai="113" doraHaiUra="109" who="0" fromWho="0" sc="284,50,183,-10,194,-20,329,-10" />
</Scene>
<Scene>
<INIT seed="7,0,0,5,1,79" ten="334,173,174,319" oya="3" hai0="30,74,130,110,88,124,109,11,123,8,98,18,35" hai1="26,23,2,40,78,38,82,84,105,44,134,64,96" hai2="24,58,21,116,100,9,45,99,6,33,111,56,27" hai3="95,102,60,89,72,20,10,87,50,14,53,97,119"/><W68/><G119/><T43/><D74/><U86/><E134/><V28/><F111/><N who="0" m="42506" /><D43/><U32/><E32/><V107/><F45/><W103/><G72/><T69/><D69/><U67/><E2/><V17/><F116/><W73/><G73/><T34/><D88/><U106/><E86/><V36/><F36/><W77/><G68/><T3/><D98/><U13/><E13/><AGARI ba="0,0" hai="6,9,13,17,21,24,27,28,33,56,58,99,100,107" machi="13" ten="30,1000,0" yaku="7,1" doraHai="79" who="2" fromWho="1" sc="334,0,173,-10,174,10,319,0" owari="334,44.0,163,-34.0,184,-22.0,319,12.0" />
</Scene>
</mjloggm>