<mjloggm ver="2.3"><GO type="225" lobby="0"/><UN n0="%E8%92%BC%E6%9C%88%E6%BD%AE" n1="%E5%A4%AA%E3%81%8F%E3%81%AA%E3%81%84%E3%81%8A" n2="%E9%BA%BB%E9%9B%80%E7%89%87%E6%83%B3%E3%81%84" n3="%E6%B5%B7%E6%9C%88%E6%A1%83%E9%A6%99" dan="16,18,16,16" rate="2098.55,2198.99,2119.76,2036.97" sx="M,M,M,F"/><TAIKYOKU oya="0"/>

<Scene>
<INIT seed="0,0,0,4,0,114" ten="250,250,250,250" oya="0" hai0="58,84,132,111,40,75,12,1,67,77,26,106,60" hai1="10,69,128,51,3,96,117,115,34,42,36,31,72" hai2="92,52,81,73,30,8,4,41,17,14,21,46,0" hai3="105,47,121,100,55,125,94,98,2,122,80,64,62"/><T24/><D1/><U66/><E51/><V104/><F104/><W35/><G35/><T20/><D106/><U112/><E96/><V61/><F92/><W23/><G125/><T97/><D75/><U33/><E72/><V22/><F73/><W45/><G2/><T113/><D113/><N who="1" m="43595" /><E128/><V101/><F101/><W29/><G80/><N who="0" m="47119" /><D132/><U6/><E31/><V126/><F126/><W18/><G105/><T76/><D76/><U53/><E53/><V59/><F81/><W120/><G29/><T48/><D97/><U93/><E93/><V95/><F95/><W83/><G83/><T7/><D40/><U127/><E127/><V129/><F129/><W130/><G130/><T13/><D48/><U110/><E110/><V119/><F119/><W28/><G28/><T15/><D111/><U131/><E131/><V5/><F30/><W99/><G98/><T134/><D134/><U37/><E117/><V118/><F118/><W103/><G55/><T123/><D67/><U9/><E42/><V43/><F43/><W70/><REACH who="3" step="1"/><G103/><REACH who="3" ten="250,250,250,240" step="2"/><T25/><D123/><U74/><E34/><V32/><F32/><W54/><G54/><N who="0" m="33879" /><D7/><N who="2" m="2634" /><F0/><W133/><G133/><T49/><D49/><AGARI ba="0,1" hai="8,14,17,21,22,41,46,49,52,59,61" m="2634" machi="49" ten="30,2000,0" yaku="8,1,54,1" doraHai="114" who="2" fromWho="0" sc="250,-20,250,0,250,30,240,0" />
</Scene>
<Scene>
<INIT seed="1,0,0,2,0,21" ten="230,250,280,240" oya="1" hai0="48,120,84,16,24,121,90,80,99,19,109,87,119" hai1="70,86,28,68,127,59,96,74,52,130,40,60,20" hai2="76,94,115,9,108,51,49,11,35,12,45,55,112" hai3="110,46,41,27,23,102,118,39,132,31,5,73,85"/><U134/><E74/><V69/><F108/><W126/><G110/><T63/><D109/><U58/><E40/><V81/><F69/><W42/><G73/><T103/><D119/><U8/><E127/><V124/><F124/><W113/><G113/><N who="2" m="43593" /><F35/><W114/><G114/><T29/><D48/><U7/><E134/><V37/><F37/><W91/><G126/><T36/><D36/><U116/><E116/><V44/><F94/><W6/><G118/><T53/><D53/><U66/><E130/><V43/><F12/><W14/><G42/><T54/><D54/><U89/><E96/><V26/><F26/><W32/><G102/><T101/><D63/><U0/><E28/><V128/><F128/><W125/><G125/><T104/><D101/><U122/><E20/><V56/><F45/><W38/><G38/><T62/><D62/><U77/><E77/><V17/><F17/><W93/><G132/><T135/><D135/><U106/><E106/><V18/><F18/><W100/><G100/><T22/><REACH who="0" step="1"/><D84/><AGARI ba="0,0" hai="9,11,43,44,49,51,55,56,76,81,84" m="43593" machi="84" ten="30,1000,0" yaku="11,1" doraHai="21" who="2" fromWho="0" sc="230,-10,250,0,280,10,240,0" />
</Scene>
<Scene>
<INIT seed="2,0,0,4,5,35" ten="220,250,290,240" oya="2" hai0="24,11,72,48,45,60,75,105,25,110,133,4,26" hai1="93,46,122,31,18,82,56,134,57,71,106,96,17" hai2="27,87,103,107,16,49,95,116,22,21,97,130,112" hai3="66,68,33,41,28,118,83,131,53,92,102,88,55"/><V13/><F116/><W34/><G118/><T127/><D105/><U7/><E71/><V120/><F120/><W111/><G41/><T2/><D110/><U77/><E106/><V80/><F130/><W29/><G111/><T76/><D133/><U114/><E114/><V38/><F38/><W109/><G109/><T52/><D127/><U10/><E31/><V62/><F112/><W44/><G34/><T81/><REACH who="0" step="1"/><D60/><REACH who="0" ten="210,250,290,240" step="2"/><U32/><E134/><V104/><F62/><W74/><G131/><T135/><D135/><U20/><E122/><V119/><F107/><W6/><G33/><T50/><D50/><U94/><E32/><V98/><F49/><W9/><G68/><T64/><D64/><U36/><E36/><V19/><F119/><W69/><G69/><T115/><D115/><U70/><E70/><V89/><F104/><W58/><G66/><T124/><D124/><U123/><E123/><V117/><F117/><W8/><G44/><T65/><D65/><U99/><E46/><V43/><F43/><W85/><G55/><T129/><D129/><U121/><E121/><V1/><F1/><W42/><G42/><T12/><D12/><U23/><E57/><V37/><F37/><W47/><G47/><T78/><D78/><U39/><E77/><V79/><F79/><W128/><G128/><T67/><D67/><U14/><E39/><V100/><F100/><W0/><G102/><T84/><AGARI ba="0,1" hai="2,4,11,24,25,26,45,48,52,72,75,76,81,84" machi="84" ten="30,8000,1" yaku="1,1,0,1,52,1,54,1,53,1" doraHai="35" doraHaiUra="73" who="0" fromWho="0" sc="210,90,250,-20,290,-40,240,-20" />
</Scene>
<Scene>
<INIT seed="3,0,0,4,1,7" ten="300,230,250,220" oya="3" hai0="105,40,135,101,80,129,63,58,104,11,126,81,92" hai1="12,33,18,22,120,43,4,122,109,111,21,42,118" hai2="68,20,23,35,90,17,8,67,88,19,133,16,32" hai3="3,84,52,39,117,127,5,53,125,37,91,27,51"/><W57/><G117/><T64/><D126/><N who="3" m="48137" /><G27/><T24/><D129/><U44/><E33/><V66/><F68/><W77/><G77/><T25/><D105/><U10/><E118/><V73/><F8/><N who="3" m="2111" /><G53/><T87/><D25/><N who="1" m="14519" /><E22/><N who="2" m="8235" /><F73/><W123/><G123/><N who="1" m="47146" /><E44/><V102/><F102/><W15/><G15/><T29/><D24/><U34/><E34/><N who="2" m="12843" /><F133/><W114/><G114/><T13/><D135/><U130/><E130/><V110/><BYE who="1" /><F110/><W98/><G98/><T89/><D101/><U106/><E106/><V97/><F97/><W62/><G62/><T103/><D103/><U78/><E78/><V65/><AGARI ba="0,0" hai="16,17,19,65,66,67,88,90" m="12843,8235" machi="65" ten="40,8000,1" yaku="28,2,54,2" doraHai="7" who="2" fromWho="2" sc="300,-20,230,-20,250,80,220,-40" owari="280,8.0,210,-19.0,330,43.0,180,-32.0" />
</Scene>
</mjloggm>