<mjloggm ver="2.3"><GO type="169" lobby="0"/><UN n0="%E5%A4%AA%E3%81%8F%E3%81%AA%E3%81%84%E3%81%8A" n1="%E3%83%90%E3%83%90%E3%82%A2%E3%81%AE%E6%97%A5%E5%82%98" n2="%E3%83%A4%E3%82%AD%E3%83%B3" n3="%73%65%69%6C" dan="17,17,17,16" rate="2164.38,2173.49,2151.14,2105.68" sx="M,F,M,M"/><TAIKYOKU oya="0"/>

<Scene>
<INIT seed="0,0,0,1,2,99" ten="250,250,250,250" oya="0" hai0="74,55,132,42,61,135,13,78,16,53,102,63,1" hai1="127,85,77,95,40,51,65,57,21,106,29,38,80" hai2="68,0,44,104,25,31,23,120,58,22,45,10,103" hai3="93,112,36,67,76,60,82,9,109,111,4,3,49"/><T39/><D1/><U81/><E106/><V11/><F68/><W28/><G36/><T19/><D39/><U124/><E38/><V79/><F120/><W69/><G112/><T98/><D42/><U129/><E129/><V94/><F104/><W71/><G28/><T92/><D78/><U2/><E2/><V37/><F79/><W46/><G93/><T88/><D74/><U70/><E70/><V8/><F0/><W62/><G62/><T12/><D63/><U24/><E65/><V101/><F94/><W121/><G121/><T123/><D123/><U84/><E95/><V59/><F37/><W17/><G17/><T41/><D41/><U107/><E107/><V32/><F32/><W118/><G118/><T56/><D53/><N who="1" m="31935" /><E40/><V34/><F34/><W89/><G89/><T116/><D116/><U134/><E134/><N who="0" m="51241" /><D12/><U5/><E124/><V113/><F113/><W64/><G64/><T130/><D130/><U97/><E77/><V105/><F105/><W30/><G30/><T83/><D13/><U87/><E29/><V18/><F59/><W114/><G114/><T117/><D117/><U96/><E127/><V27/><F58/><W108/><G69/><T54/><D54/><U66/><E66/><V110/><F110/><W72/><G46/><AGARI ba="0,0" hai="8,10,11,18,22,23,25,27,31,44,45,46,101,103" machi="46" ten="40,5200,0" yaku="8,1,52,2" doraHai="99" who="2" fromWho="3" sc="250,0,250,0,250,52,250,-52" />
</Scene>
<Scene>
<INIT seed="1,0,0,1,4,129" ten="250,250,302,198" oya="1" hai0="62,74,38,75,53,59,128,52,15,92,110,134,49" hai1="124,85,37,98,41,73,95,31,133,64,89,56,26" hai2="23,3,102,29,125,111,84,112,78,118,27,104,122" hai3="28,42,35,54,36,79,81,135,40,116,57,7,39"/><U6/><E73/><V19/><F118/><W91/><G116/><T8/><D38/><U126/><E6/><V107/><F3/><W33/><G7/><T22/><D128/><U47/><E133/><V10/><F122/><W109/><G91/><T13/><D110/><U1/><E1/><V130/><F130/><W131/><G131/><T114/><D114/><U60/><REACH who="1" step="1"/><E98/><REACH who="1" ten="250,240,302,198" step="2"/><V24/><F112/><W123/><G135/><T80/><D134/><U71/><E71/><V88/><F125/><W16/><G123/><T17/><D80/><U68/><E68/><V94/><F111/><W14/><G109/><T51/><D92/><U48/><E48/><V2/><F2/><W103/><G36/><T11/><D62/><U87/><E87/><V32/><F102/><W106/><G39/><T70/><D70/><U72/><E72/><V100/><F100/><W45/><G103/><T93/><D93/><U121/><E121/><V120/><F120/><W25/><G106/><T58/><REACH who="0" step="1"/><D22/><AGARI ba="0,1" hai="22,26,31,37,41,47,56,60,64,85,89,95,124,126" machi="22" ten="40,2000,0" yaku="1,1,53,0" doraHai="129" doraHaiUra="117" who="1" fromWho="0" sc="250,-20,240,30,302,0,198,0" />
</Scene>
<Scene>
<INIT seed="1,1,0,3,1,69" ten="230,270,302,198" oya="1" hai0="110,46,133,125,85,52,71,23,119,131,79,102,0" hai1="15,128,45,10,100,34,118,68,25,123,26,130,42" hai2="83,93,14,74,31,62,28,129,9,12,54,37,43" hai3="84,13,112,40,92,132,50,11,81,16,108,95,56"/><U61/><E118/><V98/><F129/><W124/><G112/><T21/><D119/><U30/><E123/><V127/><F127/><W36/><G124/><T22/><D125/><U48/><E25/><V38/><F43/><W75/><G75/><T101/><D71/><U67/><REACH who="1" step="1"/><E100/><REACH who="1" ten="230,260,302,198" step="2"/><V1/><F31/><W63/><G108/><T66/><D102/><U116/><E116/><V55/><F28/><W4/><G132/><T44/><D101/><U97/><E97/><V80/><F98/><W91/><G4/><AGARI ba="1,1" hai="4,10,15,26,30,34,42,45,48,61,67,68,128,130" machi="4" ten="40,3900,0" yaku="1,1,53,1" doraHai="69" doraHaiUra="24" who="1" fromWho="3" sc="230,0,260,52,302,0,198,-42" />
</Scene>
<Scene>
<INIT seed="1,2,0,4,2,50" ten="230,312,302,156" oya="1" hai0="51,21,98,7,44,23,57,37,85,18,135,22,17" hai1="19,5,30,117,126,67,124,71,120,43,64,34,100" hai2="35,78,1,111,95,68,75,110,47,107,114,3,80" hai3="123,41,121,45,88,16,15,10,2,8,91,82,49"/><U122/><E34/><V90/><F68/><W103/><G103/><T77/><D135/><U86/><E30/><V128/><F35/><W11/><G2/><T108/><D108/><N who="2" m="41514" /><F107/><W27/><G27/><T130/><D130/><U105/><E5/><V13/><F128/><W76/><G123/><T127/><D127/><N who="1" m="48683" /><E105/><V113/><F13/><W62/><G62/><T94/><D37/><U24/><E100/><V118/><F47/><W81/><G121/><T106/><D106/><U66/><E71/><V89/><F89/><W60/><G60/><T93/><D7/><U33/><E117/><V38/><F38/><W6/><G6/><T54/><D44/><U9/><E43/><V28/><F28/><W55/><G41/><T102/><REACH who="0" step="1"/><D94/><REACH who="0" ten="220,312,302,156" step="2"/><U31/><E120/><V48/><F118/><W29/><G29/><T72/><D72/><U65/><E122/><V39/><F39/><W58/><G45/><T115/><D115/><U14/><E33/><V26/><F113/><W133/><G133/><T101/><D101/><U92/><E92/><V129/><F114/><W83/><REACH who="3" step="1"/><G76/><REACH who="3" ten="220,312,302,146" step="2"/><T131/><D131/><U125/><E125/><V32/><F129/><W97/><G97/><T69/><D69/><U132/><E132/><V46/><F32/><W119/><G119/><T84/><D84/><U112/><E112/><V42/><F3/><W74/><G74/><T116/><D116/><U25/><E86/><N who="2" m="52695" /><F1/><W0/><G0/><T63/><D63/><U59/><E31/><V134/><F134/><W36/><G36/><T4/><D4/><U79/><E79/><V104/><F104/><RYUUKYOKU ba="2,2" sc="220,0,312,0,302,0,146,0" hai0="17,18,21,22,23,51,54,57,77,85,93,98,102" hai1="9,14,19,24,25,59,64,65,66,67" hai2="26,42,46,48,75,78,80" hai3="8,10,11,15,16,49,55,58,81,82,83,88,91" />
</Scene>
<Scene>
<INIT seed="1,3,2,0,0,20" ten="220,312,302,146" oya="1" hai0="35,106,80,23,122,84,79,129,10,69,53,33,78" hai1="61,58,114,66,95,11,50,132,49,135,25,133,8" hai2="29,41,54,124,43,128,16,36,34,24,22,108,7" hai3="15,27,6,30,102,48,127,62,51,75,119,70,71"/><U88/><E114/><V81/><F108/><W91/><G75/><T113/><D113/><U116/><E116/><V107/><F107/><W110/><G119/><T131/><D106/><U73/><E73/><V109/><F109/><W134/><G110/><T19/><D69/><U40/><E25/><V52/><F7/><W12/><G102/><T85/><D122/><U99/><E40/><V72/><F124/><W38/><G38/><T37/><D37/><U96/><E99/><V120/><F120/><W4/><G127/><T9/><D53/><N who="1" m="32055" /><E49/><V21/><F34/><W31/><G91/><T17/><D23/><U64/><E64/><V13/><F128/><W112/><G112/><T68/><D68/><AGARI ba="3,2" hai="8,11,61,66,68,88,95,96,132,133,135" m="32055" machi="68" ten="30,2900,0" yaku="20,1,54,1" doraHai="20" who="1" fromWho="0" sc="220,-38,312,58,302,0,146,0" />
</Scene>
<Scene>
<INIT seed="1,4,0,1,2,75" ten="182,370,302,146" oya="1" hai0="35,1,73,83,54,88,77,22,24,29,69,55,74" hai1="106,63,118,16,130,121,45,48,100,31,10,27,40" hai2="42,6,2,86,59,21,30,51,109,119,107,3,132" hai3="79,91,36,32,20,134,115,111,97,19,62,85,76"/><U114/><E118/><V33/><F33/><W15/><G32/><T99/><D69/><U49/><E121/><V58/><F107/><W4/><G115/><T44/><D1/><U92/><E106/><V64/><F119/><W70/><G36/><T129/><D129/><U117/><E114/><V60/><F109/><W127/><G111/><T135/><D135/><U71/><E117/><V17/><F30/><W52/><G134/><T11/><D73/><U23/><E130/><V87/><F132/><W80/><G127/><T39/><D11/><U7/><E49/><V57/><F6/><W53/><G4/><T66/><D66/><U110/><E110/><V89/><F3/><W12/><G12/><T103/><D35/><U72/><E72/><V82/><F2/><W13/><G13/><T9/><D9/><U47/><E47/><N who="2" m="26103" /><F86/><W112/><G112/><T124/><D124/><U84/><E7/><V120/><F120/><W101/><G70/><T108/><D108/><U37/><E37/><V43/><F43/><W28/><G28/><T8/><D39/><U133/><E133/><V68/><F68/><W0/><G0/><T34/><D34/><U41/><E41/><V46/><F46/><W128/><G128/><T65/><D44/><U5/><E5/><V98/><F98/><W78/><REACH who="3" step="1"/><G62/><REACH who="3" ten="182,370,302,136" step="2"/><T67/><D29/><N who="1" m="17663" /><E63/><V125/><F125/><W102/><G102/><T95/><D103/><U25/><E71/><N who="2" m="42375" /><F17/><W122/><G122/><T93/><D24/><U96/><E31/><V38/><F38/><W94/><AGARI ba="4,1" hai="15,19,20,52,53,76,78,79,80,85,91,94,97,101" machi="94" ten="30,12000,2" yaku="1,1,0,1,8,1,52,3,54,1,53,0" doraHai="75" doraHaiUra="104" who="3" fromWho="3" sc="182,-34,370,-64,302,-34,136,142" />
</Scene>
<Scene>
<INIT seed="2,0,0,0,3,7" ten="148,306,268,278" oya="2" hai0="77,108,72,97,1,68,49,100,88,0,110,80,117" hai1="122,34,102,56,74,16,86,69,115,70,28,39,24" hai2="133,81,112,25,35,63,6,130,114,128,10,50,90" hai3="79,104,67,9,58,95,19,15,51,113,101,4,121"/><V23/><F63/><N who="3" m="38391" /><G104/><N who="0" m="63503" /><D68/><U54/><E74/><V32/><F50/><W53/><G121/><T46/><D49/><U123/><E39/><V30/><F133/><W103/><G79/><T22/><D22/><U52/><E54/><V82/><F90/><W44/><G113/><N who="2" m="43625" /><F82/><W91/><G19/><T109/><D46/><U57/><E115/><V107/><F81/><W41/><G41/><T26/><D26/><U64/><E57/><V37/><F107/><W66/><G66/><T40/><D40/><U13/><E102/><V94/><F94/><W119/><G119/><T111/><N who="0" m="27648" /><DORA hai="105" /><T62/><D62/><U78/><E64/><V83/><F83/><W38/><G38/><T129/><D117/><U125/><E69/><V36/><F36/><W47/><G47/><T126/><D126/><U14/><E125/><V75/><F75/><W59/><G44/><T131/><D88/><U33/><E70/><V8/><F37/><W42/><G42/><T135/><D135/><U134/><E134/><V31/><F31/><W65/><G65/><T98/><D98/><AGARI ba="0,0" hai="4,9,15,51,53,59,91,95,98,101,103" m="38391" machi="98" ten="30,2000,0" yaku="8,1,52,1" doraHai="7,105" who="3" fromWho="0" sc="148,-20,306,0,268,0,278,20" />
</Scene>
<Scene>
<INIT seed="3,0,0,3,1,111" ten="128,306,268,298" oya="3" hai0="114,20,82,97,47,22,55,91,38,27,21,84,45" hai1="75,113,50,115,80,67,11,35,78,112,37,95,133" hai2="19,23,3,107,0,57,18,2,74,120,28,104,126" hai3="81,6,135,118,63,46,66,25,14,10,110,79,12"/><W127/><G118/><T106/><D38/><U86/><E37/><V122/><F74/><W85/><G110/><T131/><D131/><U13/><E35/><V105/><F57/><W30/><G127/><T44/><D106/><U60/><E133/><V96/><F126/><W26/><G135/><T43/><D43/><U61/><E50/><V103/><F28/><W32/><G46/><T124/><D124/><U5/><E67/><V132/><F132/><W41/><G41/><T56/><D97/><U4/><E4/><V76/><F76/><W31/><G14/><T49/><REACH who="0" step="1"/><D114/><REACH who="0" ten="118,306,268,298" step="2"/><U89/><AGARI ba="0,1" hai="5,11,13,60,61,75,78,80,86,89,95,112,113,115" machi="89" ten="40,8000,1" yaku="0,1,52,3" doraHai="111" who="1" fromWho="1" sc="118,-20,306,90,268,-20,298,-40" />
</Scene>
<Scene>
<INIT seed="4,0,0,1,4,133" ten="98,396,248,258" oya="0" hai0="54,74,131,14,128,69,90,73,26,43,70,101,130" hai1="49,94,7,20,125,85,92,102,80,87,6,112,67" hai2="18,55,37,29,51,59,31,105,127,39,72,36,114" hai3="79,96,135,121,1,64,109,119,76,58,19,97,53"/><T98/><D43/><U47/><E125/><V113/><F127/><W95/><G119/><T81/><D14/><U23/><E67/><V66/><F72/><N who="0" m="27754" /><D54/><U104/><E104/><V10/><F105/><W63/><G1/><T82/><D26/><U11/><E87/><V52/><F66/><W84/><G109/><T2/><D2/><U13/><E92/><V9/><F18/><W34/><G135/><T118/><D118/><U30/><E6/><V28/><REACH who="2" step="1"/><F55/><REACH who="2" ten="98,396,238,258" step="2"/><W24/><G19/><T68/><D90/><U44/><E7/><V57/><F57/><W107/><G53/><T21/><D21/><U99/><E23/><V15/><F15/><W123/><G58/><T110/><D110/><U0/><E20/><V50/><F50/><W91/><G64/><T93/><AGARI ba="0,1" hai="68,69,70,81,82,93,98,101,128,130,131" m="27754" machi="93" ten="50,2400,0" yaku="19,1" doraHai="133" who="0" fromWho="0" sc="98,34,396,-8,238,-8,258,-8" />
</Scene>
<Scene>
<INIT seed="4,1,0,0,1,106" ten="132,388,230,250" oya="0" hai0="82,93,67,128,29,11,71,91,74,134,121,35,129" hai1="124,68,45,62,123,5,49,4,30,81,111,22,83" hai2="87,28,43,44,117,47,75,51,92,16,116,78,48" hai3="24,46,72,98,126,17,6,42,38,15,39,56,90"/><T20/><D121/><U108/><E123/><V3/><F3/><W0/><G24/><N who="0" m="16519" /><D35/><U125/><E30/><V34/><F28/><W115/><G0/><T52/><D11/><U13/><E22/><V109/><F34/><W69/><G69/><T31/><D31/><U97/><E97/><V77/><F109/><W57/><G6/><N who="1" m="2666" /><E13/><V88/><F16/><W32/><G32/><T113/><D113/><U110/><E62/><V59/><F59/><W135/><G39/><T133/><D67/><U10/><E68/><V130/><F130/><N who="0" m="50282" /><D71/><U14/><E10/><V25/><F25/><W64/><G64/><T65/><D65/><U96/><E14/><V33/><F33/><W8/><G115/><T58/><D82/><U79/><E83/><V86/><F75/><W94/><G72/><T40/><D40/><N who="1" m="24743" /><E111/><V41/><REACH who="2" step="1"/><F87/><REACH who="2" ten="132,388,220,250" step="2"/><W100/><G17/><T114/><D114/><U70/><E110/><V102/><F102/><W53/><G100/><T2/><D2/><U63/><E108/><V99/><F99/><W122/><G98/><N who="0" m="57663" /><D74/><U9/><E9/><V7/><F7/><W50/><G8/><T1/><D1/><U131/><E131/><V132/><F132/><W60/><G135/><T19/><D19/><U21/><E21/><V12/><F12/><W85/><G15/><T55/><D55/><U80/><E70/><V89/><F89/><W119/><G122/><T112/><D112/><U103/><E103/><V61/><F61/><AGARI ba="1,1" hai="52,58,61,133,134" m="57663,50282,16519" machi="61" ten="30,2900,0" yaku="19,1,54,1" doraHai="106" who="0" fromWho="2" sc="132,42,388,0,220,-32,250,0" />
</Scene>
<Scene>
<INIT seed="4,2,0,5,1,126" ten="174,388,188,250" oya="0" hai0="49,69,84,80,114,128,132,54,93,130,98,9,110" hai1="55,124,2,4,100,87,42,0,56,116,65,121,17" hai2="1,123,131,99,105,13,118,72,38,71,61,81,97" hai3="28,23,34,127,135,63,101,122,10,45,57,12,16"/><T58/><D69/><U8/><E0/><V70/><F1/><W35/><G127/><T88/><D114/><U73/><E73/><V22/><F123/><W41/><G122/><T20/><D132/><U82/><E121/><V76/><F38/><W113/><G113/><T111/><D20/><U64/><E124/><V26/><F118/><W133/><G101/><N who="0" m="60623" /><D9/><U90/><E116/><V7/><F105/><W15/><G28/><T43/><D43/><U107/><E42/><V129/><F99/><W59/><G35/><T3/><D3/><U86/><E100/><V125/><F97/><W91/><G34/><T67/><D67/><U30/><E30/><V32/><F32/><W89/><G135/><T68/><D68/><U96/><E96/><V39/><F39/><W92/><G133/><T85/><D85/><U48/><E107/><V51/><F125/><W108/><G10/><T78/><D78/><U14/><E86/><V120/><F120/><W95/><G41/><T37/><D37/><U21/><AGARI ba="2,0" hai="2,4,8,14,17,21,48,55,56,64,65,82,87,90" machi="21" ten="20,1500,0" yaku="0,1,7,1" doraHai="126" who="1" fromWho="1" sc="174,-9,388,21,188,-6,250,-6" />
</Scene>
<Scene>
<INIT seed="5,0,0,1,2,52" ten="165,409,182,244" oya="1" hai0="54,56,13,117,76,22,94,124,112,35,72,15,14" hai1="89,85,128,36,63,28,2,92,119,93,46,135,21" hai2="87,103,113,107,58,121,116,105,34,102,74,82,12" hai3="95,11,79,71,97,98,125,64,30,8,7,101,118"/><U109/><E2/><V84/><F34/><W43/><G43/><T51/><D35/><U31/><E119/><V120/><F12/><W110/><G110/><T49/><D117/><U47/><E109/><V18/><F18/><W53/><G30/><T80/><D112/><U27/><E128/><V111/><F111/><W78/><G118/><T3/><D3/><U77/><E77/><N who="2" m="44343" /><F58/><W70/><G53/><T32/><D32/><U127/><E36/><V23/><F23/><W6/><G64/><T108/><D108/><U45/><E127/><V65/><F65/><W104/><G95/><T20/><D124/><U39/><E39/><V88/><F116/><W90/><G125/><T57/><D94/><U67/><E135/><V38/><F38/><W25/><G25/><T106/><D106/><N who="2" m="40458" /><F113/><W134/><G7/><T91/><D91/><N who="1" m="53359" /><E31/><V17/><F17/><W61/><G90/><T73/><D73/><U48/><E63/><V69/><F69/><W33/><G33/><T126/><D126/><U132/><E67/><V115/><F115/><W83/><G70/><T37/><D37/><U41/><E132/><V16/><F16/><W59/><G71/><T40/><REACH who="0" step="1"/><D57/><REACH who="0" ten="155,409,182,244" step="2"/><U100/><E41/><V66/><F88/><W130/><G59/><T19/><D19/><U60/><E89/><V133/><F133/><W9/><G134/><T26/><D26/><U4/><E27/><V99/><F103/><W86/><G101/><T10/><D10/><U81/><E100/><V96/><F102/><W68/><G9/><T62/><D62/><U50/><E60/><V123/><F66/><RYUUKYOKU ba="0,1" sc="155,15,409,-15,182,15,244,-15" hai0="13,14,15,20,22,40,49,51,54,56,72,76,80" hai2="84,87,96,99,120,121,123" />
</Scene>
<Scene>
<INIT seed="6,1,1,5,4,91" ten="170,394,197,229" oya="2" hai0="113,60,127,107,71,129,133,40,13,58,116,63,109" hai1="50,23,68,61,77,27,128,70,86,90,29,119,108" hai2="57,102,78,11,114,53,126,66,33,21,103,0,31" hai3="97,121,87,131,93,80,49,1,76,73,100,72,130"/><V74/><F33/><W84/><G1/><T59/><D107/><U34/><E108/><V17/><F74/><N who="3" m="28779" /><G49/><T39/><D109/><U101/><E128/><N who="3" m="49194" /><G87/><T7/><D129/><U83/><E101/><V19/><F78/><W5/><G5/><T111/><D111/><U32/><E70/><V42/><F42/><W18/><G18/><T81/><D7/><U10/><E68/><V135/><F0/><W106/><G121/><T112/><D13/><U62/><E77/><V36/><F36/><W24/><G24/><T52/><D81/><U110/><E34/><V79/><F79/><W132/><G132/><T94/><D133/><U2/><E32/><V88/><F135/><W37/><G37/><T115/><D39/><U122/><E122/><V65/><F126/><W48/><G48/><T25/><D127/><U3/><E2/><V89/><F11/><W69/><G69/><T12/><D71/><U85/><E110/><V30/><F57/><W8/><G8/><T28/><D40/><U117/><E10/><V6/><F6/><W9/><G9/><T75/><D75/><U35/><E3/><V95/><F21/><W54/><G54/><N who="0" m="33879" /><D12/><U105/><E35/><V22/><F22/><W46/><G46/><T118/><D25/><U56/><E23/><V104/><F53/><W16/><G16/><T14/><D14/><U44/><E56/><V47/><F47/><W41/><G41/><T45/><D45/><U51/><E44/><V64/><F64/><W43/><G43/><T82/><D59/><U26/><E27/><V120/><F120/><W15/><G15/><RYUUKYOKU ba="1,1" sc="170,-10,394,-10,197,-10,229,30" hai3="76,80,84,93,97,100,106" />
</Scene>
<Scene>
<INIT seed="7,2,1,2,5,8" ten="160,384,187,259" oya="3" hai0="22,11,101,103,10,69,26,62,76,3,31,74,13" hai1="33,79,93,34,91,15,27,81,14,43,16,64,66" hai2="65,100,17,2,73,89,71,90,68,20,102,63,46" hai3="60,87,118,7,70,83,113,36,35,6,106,57,47"/><W78/><G57/><T108/><D108/><U58/><E34/><V84/><F73/><W50/><G50/><T86/><D74/><U92/><E43/><V114/><F2/><W120/><G7/><T125/><D125/><U29/><E14/><N who="2" m="9271" /><F68/><W18/><G6/><T12/><D3/><U0/><E93/><N who="2" m="54439" /><F71/><W44/><G36/><T53/><D69/><U122/><E122/><V72/><F72/><W119/><G106/><T82/><D62/><U85/><E58/><N who="2" m="37111" /><F114/><W40/><G70/><T95/><D53/><U134/><E0/><V123/><F123/><W127/><G120/><T104/><D104/><U55/><E55/><V28/><F28/><W132/><G113/><T1/><D1/><U42/><E42/><V25/><F25/><W37/><G40/><T121/><D121/><U56/><E56/><V19/><F19/><W99/><G18/><N who="0" m="8479" /><D95/><U97/><E134/><V59/><F46/><W23/><G47/><T105/><D105/><U98/><E97/><V126/><F126/><W61/><G44/><T112/><D112/><U117/><E117/><V124/><F124/><W116/><G127/><T32/><D32/><U48/><E48/><V52/><F90/><W131/><G118/><T109/><D109/><U133/><E133/><V4/><F4/><AGARI ba="2,1" hai="4,10,13,22,26,31,76,82,86,101,103" m="8479" machi="4" ten="30,3900,0" yaku="8,1,52,2" doraHai="8" who="0" fromWho="2" sc="160,55,384,0,187,-45,259,0" owari="215,-18.0,384,48.0,142,-36.0,259,6.0" />
</Scene>
</mjloggm>