<mjloggm ver="2.3"><GO type="169" lobby="0"/><UN n0="%6E%69%6D%75%74%61%6E" n1="%74%61%6E%69%6D%6F%40" n2="%E5%A4%AA%E3%81%8F%E3%81%AA%E3%81%84%E3%81%8A" n3="%E9%A7%84%E5%A6%B9" dan="16,16,18,16" rate="2082.49,2077.59,2209.27,2086.02" sx="M,M,M,F"/><TAIKYOKU oya="0"/>

<Scene>
<INIT seed="0,0,0,0,4,130" ten="250,250,250,250" oya="0" hai0="74,129,49,31,119,37,4,132,30,38,26,84,81" hai1="51,6,98,33,9,18,72,102,96,80,65,97,125" hai2="93,13,133,123,11,118,21,71,76,8,86,57,103" hai3="128,24,52,59,89,10,15,5,88,17,44,104,70"/><T109/><D119/><U16/><E33/><V36/><F71/><W87/><G70/><T23/><D74/><U14/><E125/><V40/><F123/><W83/><G104/><T134/><D31/><U77/><E65/><V100/><F118/><W112/><G112/><T78/><D129/><U27/><E27/><V53/><F36/><W3/><G128/><T32/><D4/><U135/><E135/><N who="0" m="51753" /><D109/><U121/><E121/><V111/><F40/><W35/><G44/><T47/><D32/><U43/><REACH who="1" step="1"/><E102/><REACH who="1" ten="250,240,250,250" step="2"/><V99/><F103/><W115/><G115/><T1/><D1/><U95/><E95/><V113/><F93/><W91/><G35/><T101/><D101/><U107/><E107/><V7/><F100/><W45/><G24/><T20/><D20/><U50/><E50/><V54/><F21/><W22/><REACH who="3" step="1"/><G45/><AGARI ba="0,1" hai="6,9,14,16,18,43,45,51,72,77,80,96,97,98" machi="45" ten="40,8000,1" yaku="1,1,54,1,53,3" doraHai="130" doraHaiUra="92" who="1" fromWho="3" sc="250,0,240,90,250,0,250,-80" />
</Scene>
<Scene>
<INIT seed="1,0,0,4,3,40" ten="250,330,250,170" oya="1" hai0="116,121,2,98,60,90,123,59,7,107,42,80,117" hai1="82,28,47,83,75,96,115,48,14,92,22,63,81" hai2="89,53,129,134,51,67,104,131,26,100,69,120,33" hai3="49,109,132,86,128,36,19,135,30,45,122,66,106"/><U84/><E115/><V77/><F120/><N who="0" m="46154" /><D42/><U5/><E75/><V4/><F77/><W94/><G106/><T111/><D111/><U21/><E63/><N who="2" m="40191" /><F4/><W88/><G36/><T126/><D126/><U23/><E28/><N who="2" m="19607" /><F89/><W74/><G122/><T113/><D113/><U72/><E72/><V105/><F134/><N who="3" m="51243" /><G74/><T95/><D7/><U39/><E39/><V65/><F65/><W112/><G30/><T17/><D2/><U24/><E24/><V25/><F25/><W34/><G34/><T12/><D80/><N who="1" m="30827" /><E5/><V125/><F125/><W85/><G112/><T0/><D0/><U8/><E8/><V27/><F27/><W78/><G66/><N who="0" m="39199" /><D107/><U31/><E31/><V76/><F76/><W38/><G38/><T41/><D41/><N who="1" m="24687" /><E14/><V54/><F105/><W64/><G64/><T110/><D110/><U114/><E114/><V57/><F53/><N who="3" m="29871" /><G109/><T130/><D117/><U50/><E50/><V62/><F51/><W44/><G78/><T119/><D119/><U43/><E43/><V79/><F79/><W91/><G19/><T102/><D116/><U6/><E6/><V108/><F108/><W1/><G1/><T13/><D17/><U118/><E118/><V99/><AGARI ba="0,0" hai="54,57,62,99,100,104,129,131" m="19607,40191" machi="99" ten="30,1100,0" yaku="25,1" doraHai="40" who="2" fromWho="2" sc="250,-3,330,-5,250,11,170,-3" />
</Scene>
<Scene>
<INIT seed="2,0,0,1,4,45" ten="247,325,261,167" oya="2" hai0="120,46,1,55,18,84,9,47,69,95,62,121,3" hai1="41,52,65,75,49,33,78,107,111,28,0,60,54" hai2="21,57,85,105,115,17,94,7,90,2,58,118,5" hai3="40,83,35,134,31,102,128,93,126,56,6,135,81"/><V106/><F115/><W39/><G128/><T110/><D110/><U59/><E0/><V68/><F68/><W112/><G126/><T129/><D129/><U122/><E111/><V10/><F118/><W113/><G6/><T53/><D69/><U96/><E122/><V16/><F7/><W8/><G8/><T86/><D62/><U99/><E41/><V91/><F17/><W51/><G39/><T38/><D9/><U20/><E20/><V130/><F130/><W71/><G71/><T42/><D18/><U22/><E54/><V4/><F4/><W66/><G66/><T50/><D42/><U124/><E124/><V119/><F119/><W73/><G73/><T114/><D38/><U30/><E22/><V98/><F106/><W48/><G56/><T109/><D95/><U103/><E99/><V100/><REACH who="2" step="1"/><F91/><REACH who="2" ten="247,325,251,167" step="2"/><W79/><G112/><T70/><D114/><U61/><E65/><V44/><F44/><W34/><G113/><T127/><D70/><U133/><E28/><V29/><F29/><W88/><G31/><T14/><D127/><U32/><E30/><V12/><AGARI ba="0,1" hai="2,5,10,12,16,21,57,58,85,90,94,98,100,105" machi="12" ten="20,12000,1" yaku="1,1,0,1,7,1,54,1,53,1" doraHai="45" doraHaiUra="11" who="2" fromWho="2" sc="247,-40,325,-40,251,130,167,-40" />
</Scene>
<Scene>
<INIT seed="2,1,0,5,4,6" ten="207,285,381,127" oya="2" hai0="107,104,67,87,7,63,9,128,89,119,13,83,53" hai1="79,8,19,115,113,91,131,108,102,97,12,130,82" hai2="126,134,3,77,24,84,18,31,76,122,20,54,15" hai3="30,118,116,72,98,47,22,80,129,127,5,46,61"/><V71/><F122/><W92/><G129/><N who="1" m="49162" /><E91/><V96/><F71/><W35/><G35/><T34/><D128/><U50/><E50/><V90/><F3/><W103/><G127/><T1/><D119/><U66/><E66/><V38/><F38/><W132/><G132/><T11/><D53/><U110/><E97/><V95/><F134/><W73/><G5/><T135/><D135/><U36/><E102/><V100/><F54/><W45/><G61/><T69/><REACH who="0" step="1"/><D34/><REACH who="0" ten="197,285,381,127" step="2"/><U56/><E115/><V21/><REACH who="2" step="1"/><F126/><REACH who="2" ten="197,285,371,127" step="2"/><W44/><G116/><T101/><D101/><U59/><E113/><V48/><F48/><W58/><G118/><T106/><D106/><AGARI ba="1,2" hai="15,18,20,21,24,31,76,77,84,90,95,96,100,106" machi="106" ten="30,2900,0" yaku="1,1,7,1,53,0" doraHai="6" doraHaiUra="124" who="2" fromWho="0" sc="197,-32,285,0,371,52,127,0" />
</Scene>
<Scene>
<INIT seed="2,2,0,0,5,99" ten="165,285,423,127" oya="2" hai0="77,40,87,20,73,126,31,62,38,132,59,6,26" hai1="52,9,118,7,65,66,34,133,98,14,54,104,90" hai2="76,81,19,84,93,25,33,32,56,1,78,127,61" hai3="60,42,110,72,17,15,119,101,27,130,48,125,0"/><V122/><F122/><W96/><G0/><T22/><D73/><U117/><E34/><V36/><F36/><W102/><G72/><T107/><D6/><U21/><E133/><V41/><F1/><W46/><G119/><T43/><D126/><U135/><E135/><V49/><F127/><W128/><G125/><T97/><D38/><U13/><E66/><V111/><F111/><W105/><G110/><T16/><D87/><U89/><E65/><V29/><F19/><W86/><G27/><T123/><D77/><U55/><E117/><V80/><F93/><W71/><G86/><T85/><D85/><U47/><E118/><V83/><F33/><W35/><G35/><T58/><D58/><U5/><E47/><V91/><F49/><W100/><G60/><T115/><D115/><U30/><E30/><V95/><REACH who="2" step="1"/><F41/><REACH who="2" ten="165,285,413,127" step="2"/><W113/><G113/><T69/><D123/><U10/><E21/><V3/><F3/><W120/><G120/><T39/><D39/><U51/><E51/><V70/><F70/><W92/><G71/><T45/><D69/><U44/><E44/><V11/><F11/><W88/><REACH who="3" step="1"/><G105/><REACH who="3" ten="165,285,413,117" step="2"/><T63/><D107/><U23/><E23/><AGARI ba="2,2" hai="15,17,23,42,46,48,88,92,96,100,101,102,128,130" machi="23" ten="40,12000,2" yaku="1,1,2,1,52,3,54,1,53,0" doraHai="99" doraHaiUra="108" who="3" fromWho="1" sc="165,0,285,-126,413,0,117,146" />
</Scene>
<Scene>
<INIT seed="3,0,0,1,5,74" ten="165,159,413,263" oya="3" hai0="128,91,11,63,108,33,89,0,77,48,73,65,19" hai1="119,44,92,109,31,122,127,132,22,126,62,78,29" hai2="51,93,16,76,67,79,103,59,17,47,43,88,81" hai3="111,117,118,86,27,40,94,80,26,28,96,105,42"/><W36/><G105/><T120/><D33/><U134/><E62/><N who="2" m="38367" /><F103/><W30/><G111/><T95/><D120/><U60/><E44/><V135/><F81/><W15/><G117/><T100/><D128/><U7/><E60/><V57/><F57/><W97/><G118/><T83/><D48/><U37/><E37/><V52/><F43/><N who="3" m="16427" /><G15/><T70/><D108/><U130/><E92/><V129/><F135/><W56/><G56/><T24/><D24/><N who="3" m="9257" /><G36/><T6/><REACH who="0" step="1"/><D19/><REACH who="0" ten="155,159,413,263" step="2"/><N who="2" m="7242" /><F129/><W23/><G30/><T61/><D61/><U84/><E130/><V98/><AGARI ba="0,1" hai="47,51,52,76,79,88,93,98" m="7242,38367" machi="98" ten="30,12000,2" yaku="8,1,52,2,54,3" doraHai="74" who="2" fromWho="2" sc="155,-30,159,-30,413,130,263,-60" />
</Scene>
<Scene>
<INIT seed="4,0,0,5,1,97" ten="125,129,543,203" oya="0" hai0="56,53,86,30,33,129,117,24,50,16,124,77,76" hai1="78,63,95,98,71,1,65,58,41,103,31,84,21" hai2="75,60,116,4,90,38,82,94,108,85,49,125,111" hai3="28,3,61,127,8,47,15,68,133,70,107,109,113"/><T105/><D117/><U26/><E1/><V121/><F38/><W18/><G109/><T123/><D123/><U99/><E99/><V9/><F121/><W19/><G3/><T120/><D120/><U72/><E71/><V11/><F11/><W55/><G28/><T43/><D129/><U73/><REACH who="1" step="1"/><E41/><REACH who="1" ten="125,119,543,203" step="2"/><V131/><F111/><W37/><G68/><T51/><D124/><U91/><E91/><V115/><F90/><W14/><G70/><T87/><D105/><U93/><E93/><V25/><F94/><W17/><G127/><T39/><D77/><U62/><E62/><V134/><F60/><W122/><G107/><T102/><D76/><U42/><E42/><V130/><F108/><W32/><G61/><T110/><D102/><U22/><E22/><V57/><F125/><W0/><G0/><T59/><D110/><U5/><E5/><V119/><F4/><W2/><G2/><T89/><D89/><U20/><E20/><V118/><F118/><W36/><G122/><T46/><REACH who="0" step="1"/><D16/><REACH who="0" ten="115,119,543,203" step="2"/><U92/><E92/><V45/><F116/><W40/><G18/><T96/><D96/><U64/><E64/><V79/><F119/><W74/><G17/><T35/><D35/><U23/><E23/><V132/><F79/><W101/><G32/><T83/><D83/><AGARI ba="0,2" hai="21,26,31,58,63,65,72,73,78,83,84,95,98,103" machi="83" ten="40,8000,1" yaku="1,1,25,2,52,1,53,0" doraHai="97" doraHaiUra="126" who="1" fromWho="0" sc="115,-80,119,100,543,0,203,0" />
</Scene>
<Scene>
<INIT seed="5,0,0,3,0,119" ten="35,219,543,203" oya="1" hai0="42,34,89,26,37,123,10,129,85,45,11,48,94" hai1="115,130,92,103,17,62,51,98,111,57,120,63,41" hai2="70,91,18,43,23,128,36,127,112,2,15,14,21" hai3="33,86,25,5,52,1,0,54,16,101,64,71,3"/><U24/><E115/><V65/><F2/><W124/><G124/><T80/><D129/><U39/><E130/><V100/><F128/><W96/><G5/><T13/><D34/><U126/><E126/><V133/><F127/><W90/><G64/><T116/><D116/><U113/><E113/><V118/><F112/><W107/><G71/><T31/><D37/><U56/><E111/><V102/><F118/><W61/><G61/><N who="1" m="23050" /><E120/><V95/><F70/><W114/><G114/><T106/><D106/><U104/><E39/><V35/><F35/><W76/><G76/><T58/><D58/><U87/><E104/><V12/><F65/><W73/><G73/><T105/><D105/><U132/><E132/><V67/><F67/><W88/><G90/><T32/><D11/><U60/><E87/><V93/><F133/><W125/><G125/><T66/><D66/><U49/><E41/><V6/><F43/><W109/><G109/><T72/><D72/><U134/><E134/><V7/><F36/><W38/><G38/><T40/><D40/><U108/><E108/><V20/><F18/><W135/><G135/><T44/><D123/><U117/><E117/><V75/><F75/><W68/><G68/><T27/><D32/><U121/><E121/><V78/><F78/><W79/><G79/><T28/><D85/><U84/><E84/><N who="2" m="52455" /><F95/><N who="3" m="54679" /><G33/><T4/><D94/><U22/><E60/><V99/><F99/><W47/><G96/><T81/><D89/><U29/><E17/><V131/><F131/><W53/><G16/><T30/><D45/><U8/><E8/><V59/><F59/><AGARI ba="0,0" hai="22,24,29,49,51,56,57,59,92,98,103" m="23050" machi="59" ten="30,2900,0" yaku="6,1,8,1" doraHai="119" who="1" fromWho="2" sc="35,0,219,29,543,-29,203,0" />
</Scene>
<Scene>
<INIT seed="5,1,0,5,2,56" ten="35,248,514,203" oya="1" hai0="119,22,109,125,114,107,27,78,33,3,48,133,15" hai1="4,9,16,101,19,85,94,77,87,118,12,93,24" hai2="10,121,29,112,123,128,100,113,37,44,40,70,111" hai3="18,21,23,51,53,43,75,25,92,38,8,31,127"/><U54/><E118/><V134/><F111/><W91/><G75/><T110/><D48/><U36/><E36/><V88/><F100/><W14/><G127/><T7/><D78/><U116/><E116/><V90/><F70/><W26/><G38/><T81/><D81/><U45/><E77/><V35/><F134/><W34/><G43/><T122/><D15/><U124/><E124/><V1/><F128/><W66/><G66/><T71/><D7/><U83/><E101/><V32/><F1/><W62/><G62/><T28/><D22/><N who="1" m="13407" /><E4/><V74/><F74/><W108/><G108/><T72/><D27/><U42/><E42/><V49/><F37/><W5/><G5/><T17/><D28/><U0/><E0/><V64/><F64/><W126/><G25/><T102/><D17/><U105/><E105/><V76/><F76/><W131/><G131/><T96/><D102/><U30/><E30/><V60/><F29/><W68/><G68/><T99/><D96/><U13/><E13/><V135/><F135/><W55/><G126/><T52/><D99/><U130/><E130/><V41/><F10/><W47/><G55/><T97/><D97/><AGARI ba="1,0" hai="8,14,18,21,23,26,31,34,47,51,53,91,92,97" machi="97" ten="30,1000,0" yaku="7,1" doraHai="56" who="3" fromWho="0" sc="35,-13,248,0,514,0,203,13" />
</Scene>
<Scene>
<INIT seed="6,0,0,3,2,41" ten="22,248,514,216" oya="2" hai0="118,53,84,14,12,123,101,87,59,134,7,26,67" hai1="104,113,66,6,44,130,11,18,34,119,69,3,109" hai2="8,108,2,36,93,85,61,117,35,56,31,64,128" hai3="39,20,102,98,77,30,25,52,90,54,124,46,38"/><V100/><F117/><W107/><G124/><T23/><D118/><U78/><E78/><V89/><F36/><W57/><G77/><T58/><D123/><U116/><E18/><V94/><F128/><W72/><G72/><T95/><D134/><U112/><E130/><V79/><F79/><W122/><G122/><T40/><D40/><U111/><E104/><V97/><F108/><N who="1" m="41545" /><E66/><V91/><F100/><W1/><G1/><T62/><D87/><U28/><E44/><V125/><F125/><W83/><G83/><T17/><D7/><U15/><E69/><V105/><F105/><W88/><G54/><T127/><D127/><U65/><E65/><V55/><F64/><W96/><G96/><T22/><D22/><U33/><E15/><V71/><F71/><W75/><G75/><T129/><D129/><U132/><E132/><V9/><F2/><W81/><G81/><T24/><D24/><N who="1" m="18567" /><E34/><V99/><F85/><W126/><G126/><T45/><D84/><U131/><E131/><V135/><F135/><W16/><G30/><T48/><D59/><U47/><E47/><V49/><F61/><W4/><G4/><T50/><D50/><U70/><E70/><V60/><F60/><W106/><G106/><T10/><D10/><U63/><E63/><V115/><F9/><W42/><G38/><T92/><D92/><U37/><E37/><V51/><F8/><W110/><G110/><T21/><D21/><U80/><E80/><V103/><F94/><W73/><G73/><T68/><D68/><U19/><E19/><V27/><F93/><W86/><G86/><RYUUKYOKU ba="0,0" sc="22,10,248,10,514,-30,216,10" hai0="12,14,17,23,26,45,48,53,58,62,67,95,101" hai1="3,6,11,112,113,116,119" hai3="16,20,25,39,42,46,52,57,88,90,98,102,107" />
</Scene>
<Scene>
<INIT seed="7,1,0,5,0,59" ten="32,258,484,226" oya="3" hai0="31,72,124,81,40,46,53,68,85,25,66,108,47" hai1="132,119,84,43,27,102,83,0,82,94,58,114,109" hai2="24,130,133,16,120,76,106,22,87,71,121,21,33" hai3="101,30,96,35,19,12,74,98,28,113,26,55,127"/><W32/><G74/><T116/><D72/><U44/><E109/><V23/><F106/><W1/><G1/><T52/><D108/><U38/><E0/><V118/><F118/><W54/><G113/><T41/><D31/><U69/><E69/><V128/><F71/><W103/><G127/><T36/><D25/><U34/><E114/><V20/><F33/><W93/><G30/><T99/><D99/><U112/><E112/><V64/><F64/><W95/><REACH who="3" step="1"/><G35/><REACH who="3" ten="32,258,484,216" step="2"/><T9/><D124/><U50/><E119/><V65/><F24/><W105/><G105/><T56/><D116/><U67/><E34/><V48/><F121/><W29/><G29/><T6/><D6/><U60/><E27/><V45/><F120/><W104/><G104/><T78/><D9/><AGARI ba="1,1" hai="9,12,19,26,28,32,54,55,93,95,96,98,101,103" machi="9" ten="30,5800,0" yaku="1,1,7,1,9,1,53,0" doraHai="59" doraHaiUra="62" who="3" fromWho="0" sc="32,-61,258,0,484,0,216,71" owari="-29,-53.0,258,-14.0,484,58.0,287,9.0" />
</Scene>
</mjloggm>