<mjloggm ver="2.3"><GO type="169" lobby="0"/><UN n0="%4A%61%6E%2D%4D%61%63%68" n1="%E4%BF%BA%54%55%45%45%45%45%45" n2="%E7%99%BD%E9%BB%92%E7%A5%9E" n3="%E5%A4%AA%E3%81%8F%E3%81%AA%E3%81%84%E3%81%8A" dan="16,16,16,17" rate="2116.93,2032.21,2134.01,2199.44" sx="M,M,F,F"/><TAIKYOKU oya="0"/>

<Scene>
<INIT seed="0,0,0,1,4,47" ten="250,250,250,250" oya="0" hai0="129,94,125,64,26,65,117,116,101,21,95,5,44" hai1="54,100,120,79,108,106,70,126,32,114,41,40,121" hai2="42,34,39,133,56,30,84,119,131,98,25,17,134" hai3="135,45,11,122,37,66,87,96,29,76,77,105,110"/><T86/><D5/><U36/><E32/><V63/><F131/><W16/><G29/><T81/><D129/><U115/><E79/><V43/><F119/><W55/><G66/><T89/><D125/><U12/><E126/><V1/><F1/><W102/><G110/><T46/><D117/><U130/><E130/><V0/><F0/><W9/><G135/><N who="2" m="51721" /><F39/><W57/><G122/><T51/><D46/><N who="1" m="23815" /><E100/><V103/><F84/><W85/><G85/><T88/><D101/><U20/><E106/><N who="2" m="63863" /><F17/><W73/><G73/><T109/><D109/><U118/><E108/><V6/><F6/><W18/><G9/><T75/><D116/><U24/><E118/><V48/><F48/><W2/><G2/><T107/><D107/><U59/><E120/><V67/><AGARI ba="0,0" hai="25,30,34,42,43,56,63,67" m="63863,51721" machi="67" ten="30,1100,0" yaku="20,1" doraHai="47" who="2" fromWho="2" sc="250,-5,250,-3,250,11,250,-3" />
</Scene>
<Scene>
<INIT seed="1,0,0,3,0,27" ten="245,247,261,247" oya="1" hai0="44,95,60,15,134,36,104,57,124,102,119,4,99" hai1="54,49,112,43,14,128,127,12,55,20,33,115,91" hai2="6,64,110,81,8,71,122,35,34,37,125,3,114" hai3="75,133,130,69,66,58,90,86,87,39,65,48,29"/><U101/><E33/><V83/><F122/><W47/><G75/><T31/><D119/><U85/><E127/><V107/><F107/><W26/><G39/><T109/><D124/><U38/><E128/><V23/><F125/><W72/><G72/><T21/><D104/><U92/><E112/><V10/><F114/><W129/><G69/><T88/><D134/><U96/><E115/><V97/><F110/><W89/><G133/><T131/><D109/><U73/><E73/><V120/><F37/><W40/><G130/><T2/><D2/><U82/><E38/><V76/><F83/><W52/><G129/><T45/><D36/><U16/><REACH who="1" step="1"/><E14/><REACH who="1" ten="245,237,261,247" step="2"/><N who="2" m="5399" /><F34/><W18/><G18/><T63/><D131/><U28/><E28/><V24/><F35/><W135/><G135/><T56/><D4/><U126/><E126/><V111/><F3/><W46/><G29/><T98/><D15/><U41/><E41/><V93/><F111/><W9/><G26/><N who="0" m="16847" /><D102/><U30/><E30/><V118/><F24/><W78/><G40/><T17/><D17/><U94/><E94/><V117/><F93/><W80/><G80/><T121/><D121/><U7/><E7/><V116/><F81/><W32/><G32/><T50/><D99/><U77/><E77/><V74/><F97/><W100/><G78/><T106/><D106/><U19/><E19/><V70/><F76/><W123/><G123/><T68/><D98/><U51/><E51/><V67/><F74/><W5/><G100/><T132/><D50/><U25/><E25/><V42/><F120/><W113/><G113/><T11/><D95/><RYUUKYOKU ba="0,1" sc="245,-10,237,30,261,-10,247,-10" hai1="12,16,20,43,49,54,55,82,85,91,92,96,101" />
</Scene>
<Scene>
<INIT seed="1,1,1,3,4,107" ten="235,267,251,237" oya="1" hai0="38,124,18,78,102,87,75,62,16,64,30,110,84" hai1="0,49,101,105,5,27,94,117,58,96,127,82,120" hai2="108,47,116,80,66,121,37,41,28,119,9,122,134" hai3="115,11,132,8,39,7,25,36,97,46,106,13,20"/><U48/><E117/><V57/><F28/><W52/><G115/><T125/><D38/><U56/><E120/><N who="2" m="46187" /><F80/><W68/><G68/><N who="0" m="42007" /><D30/><U118/><E118/><N who="2" m="45099" /><F9/><W10/><G132/><T23/><D102/><U61/><E127/><N who="0" m="48713" /><D110/><U111/><E101/><V34/><F34/><W55/><G106/><T81/><D18/><U98/><E105/><V31/><F31/><W69/><G69/><T90/><D90/><U33/><E111/><V133/><F108/><W59/><G97/><T114/><D114/><U95/><E33/><V40/><F40/><W44/><G36/><T123/><D123/><U93/><E98/><V26/><F26/><AGARI ba="1,1" hai="16,23,26,75,78,81,84,87" m="48713,42007" machi="26" ten="30,3900,0" yaku="18,1,52,1,54,1" doraHai="107" who="0" fromWho="2" sc="235,52,267,0,251,-42,237,0" />
</Scene>
<Scene>
<INIT seed="2,0,0,3,4,27" ten="287,267,209,237" oya="2" hai0="118,43,100,51,72,3,130,28,37,21,76,114,75" hai1="94,34,18,78,0,126,66,81,23,127,26,77,7" hai2="112,101,134,119,8,6,122,1,96,25,128,82,108" hai3="109,84,53,90,11,59,13,91,58,19,60,131,67"/><V70/><F122/><W42/><G109/><T49/><D3/><U61/><E34/><V69/><F108/><W62/><G131/><T35/><D35/><U54/><E54/><V87/><F128/><W99/><G42/><T47/><D114/><U121/><E121/><V133/><F112/><W113/><G113/><T24/><D130/><U73/><E78/><N who="2" m="46551" /><F119/><W2/><G2/><T116/><D100/><U52/><E7/><V83/><F83/><W80/><REACH who="3" step="1"/><G99/><REACH who="3" ten="287,267,209,227" step="2"/><T98/><D98/><U4/><E0/><V32/><F96/><W89/><AGARI ba="0,1" hai="11,13,19,53,58,59,60,62,67,80,84,89,90,91" machi="89" ten="20,8000,1" yaku="1,1,2,1,0,1,7,1,8,1,53,0" doraHai="27" doraHaiUra="115" who="3" fromWho="3" sc="287,-20,267,-20,209,-40,227,90" />
</Scene>
<Scene>
<INIT seed="3,0,0,4,5,114" ten="267,247,169,317" oya="3" hai0="15,69,113,134,94,56,16,126,78,71,128,50,101" hai1="52,30,100,98,19,37,66,45,22,76,31,77,68" hai2="39,35,79,107,1,67,8,2,130,61,104,121,65" hai3="120,103,47,53,91,82,54,20,48,18,21,89,0"/><W11/><G120/><T4/><D4/><U64/><E37/><V46/><F121/><W25/><G103/><T117/><D113/><U49/><E68/><V112/><F112/><W116/><G116/><T93/><D117/><U33/><E33/><V24/><F130/><W57/><G0/><T58/><D78/><N who="1" m="30315" /><E98/><V9/><F79/><W51/><G11/><T74/><D74/><U102/><E30/><V40/><F67/><N who="1" m="25641" /><E31/><N who="2" m="19943" /><F9/><W123/><G123/><T106/><D106/><N who="2" m="40490" /><F8/><W59/><G82/><T133/><D128/><U109/><E109/><V92/><F92/><N who="0" m="35434" /><D101/><U88/><E88/><V13/><F13/><AGARI ba="0,0" hai="13,19,22,45,49,52,100,102" m="25641,30315" machi="13" ten="30,2000,0" yaku="8,1,54,1" doraHai="114" who="1" fromWho="2" sc="267,0,247,20,169,-20,317,0" />
</Scene>
<Scene>
<INIT seed="4,0,0,2,2,84" ten="267,267,149,317" oya="0" hai0="75,60,5,13,10,6,131,66,42,124,45,30,94" hai1="68,82,83,95,57,121,3,79,17,88,71,85,33" hai2="112,65,67,63,61,11,120,104,56,1,105,40,41" hai3="73,100,44,78,23,110,31,69,72,27,125,64,122"/><T28/><D75/><U98/><E121/><V25/><F120/><W62/><G122/><T50/><D131/><U102/><E3/><V135/><F135/><W126/><G110/><T7/><D124/><N who="3" m="47721" /><G78/><T107/><D107/><U115/><E33/><V119/><F119/><W133/><G133/><T89/><D30/><U58/><E115/><V116/><F116/><W29/><G100/><T132/><D28/><N who="3" m="10825" /><G44/><T9/><D9/><U76/><E68/><V52/><F112/><W37/><G37/><T47/><D47/><U91/><E71/><V18/><F1/><W14/><G27/><T129/><D129/><U51/><E17/><AGARI ba="0,0" hai="14,17,23,62,64,69,72,73" m="10825,47721" machi="17" ten="30,1000,0" yaku="18,1" doraHai="84" who="3" fromWho="1" sc="267,0,267,-10,149,0,317,10" />
</Scene>
<Scene>
<INIT seed="5,0,0,0,3,38" ten="267,257,149,327" oya="1" hai0="57,56,103,107,44,111,82,49,31,9,101,25,27" hai1="81,93,45,21,112,52,109,62,0,113,116,65,86" hai2="115,88,20,73,63,100,35,119,99,16,74,108,7" hai3="134,29,2,95,8,98,87,85,130,128,132,32,48"/><U120/><E116/><V54/><F108/><W14/><G2/><T124/><D111/><U117/><E117/><V104/><F119/><W126/><G29/><T135/><D124/><U61/><E109/><V64/><F35/><W46/><G32/><T11/><D135/><N who="3" m="51753" /><G126/><T41/><D107/><U13/><E0/><V123/><F123/><W33/><G33/><T28/><D82/><U53/><E93/><V90/><F115/><N who="1" m="44105" /><E120/><V30/><F30/><W1/><G1/><T106/><D106/><U72/><E72/><V67/><F7/><N who="3" m="3359" /><G87/><T77/><D77/><U105/><E105/><V47/><F74/><W4/><G85/><T89/><D89/><N who="1" m="51407" /><E45/><V114/><F73/><W97/><G4/><T6/><D6/><U37/><E37/><V66/><F114/><W34/><G34/><T55/><D28/><U118/><E118/><V18/><F18/><W26/><G26/><N who="0" m="9739" /><D31/><U79/><E79/><V125/><F125/><W78/><G78/><T122/><D122/><U19/><E62/><V96/><F96/><N who="3" m="36971" /><G95/><T5/><D5/><U70/><AGARI ba="0,0" hai="13,19,21,52,53,61,65,70" m="51407,44105" machi="70" ten="30,3000,0" yaku="15,1,54,1" doraHai="38" who="1" fromWho="1" sc="267,-10,257,30,149,-10,327,-10" />
</Scene>
<Scene>
<INIT seed="5,1,0,3,4,10" ten="257,287,139,317" oya="1" hai0="6,102,119,24,34,124,78,22,9,122,95,54,48" hai1="20,79,74,106,7,133,123,118,73,2,40,128,63" hai2="52,83,62,125,3,43,47,126,44,19,116,91,61" hai3="51,46,72,57,33,14,32,103,90,25,109,66,68"/><U55/><E118/><V26/><F116/><W18/><G109/><T134/><D34/><U38/><E123/><V94/><F3/><W17/><G72/><T113/><D119/><U50/><E106/><V84/><F83/><W132/><G68/><T27/><D122/><U59/><E128/><V35/><F35/><W104/><G132/><T39/><D39/><U58/><E133/><V120/><F120/><W0/><G0/><T115/><D78/><U114/><E114/><N who="0" m="43529" /><D22/><U31/><E38/><V11/><F43/><W1/><G1/><N who="0" m="207" /><D134/><U135/><E135/><V65/><F65/><W16/><G90/><T60/><D60/><U89/><E79/><V21/><F11/><W41/><G25/><T98/><D124/><U37/><E37/><V92/><F92/><W112/><G112/><T75/><D75/><U80/><E7/><V121/><F121/><W12/><G33/><T29/><D29/><U96/><E2/><V82/><F82/><W4/><G32/><T23/><D23/><U67/><E31/><V93/><F93/><W117/><G117/><T42/><D42/><U76/><E40/><V88/><F91/><W53/><G66/><T69/><D69/><U70/><E20/><V56/><REACH who="2" step="1"/><F62/><REACH who="2" ten="257,287,129,317" step="2"/><W85/><G41/><T64/><D64/><U5/><E89/><V71/><F71/><W45/><G104/><T81/><D81/><U28/><E70/><V105/><F105/><W86/><G51/><T110/><D110/><U87/><E73/><V130/><F130/><W101/><G101/><T97/><D97/><U107/><E96/><V131/><F131/><RYUUKYOKU ba="1,1" sc="257,15,287,-15,129,15,317,-15" hai0="24,27,48,54,95,98,102" hai2="19,21,26,44,47,52,56,61,84,88,94,125,126" />
</Scene>
<Scene>
<INIT seed="6,2,1,1,0,46" ten="272,272,144,302" oya="2" hai0="80,85,13,92,42,10,17,119,125,22,67,134,75" hai1="129,112,73,43,41,124,64,60,81,54,128,12,39" hai2="66,113,87,72,84,48,36,23,33,58,1,14,74" hai3="3,0,89,38,116,30,15,7,101,102,132,24,2"/><V35/><F1/><W19/><G116/><T4/><D75/><U57/><E112/><V115/><F36/><W86/><G38/><T68/><D119/><U28/><E28/><V110/><F66/><W126/><G7/><T103/><D68/><N who="1" m="41991" /><E124/><V117/><F117/><W78/><G78/><T96/><D125/><U131/><E39/><V123/><F123/><W109/><G109/><T95/><D67/><U130/><N who="1" m="32768" /><DORA hai="56" /><U40/><E12/><V27/><F14/><W55/><G126/><T59/><D134/><U11/><E11/><V50/><F58/><W91/><G55/><T25/><D59/><U88/><E73/><V32/><F32/><W79/><G132/><T105/><REACH who="0" step="1"/><D42/><REACH who="0" ten="262,272,144,302" step="2"/><U100/><E40/><V107/><F110/><W45/><G45/><T106/><D106/><U49/><E100/><V122/><F107/><W121/><G101/><T63/><D63/><U51/><E51/><V93/><F122/><W9/><G102/><T44/><D44/><U65/><E65/><V76/><F76/><AGARI ba="2,2" hai="4,10,13,17,22,25,76,80,85,92,95,96,103,105" machi="76" ten="30,3900,0" yaku="1,1,7,1,53,1" doraHai="46,56" doraHaiUra="53,97" who="0" fromWho="2" sc="262,65,272,0,144,-45,302,0" />
</Scene>
<Scene>
<INIT seed="7,0,0,5,3,70" ten="327,272,99,302" oya="3" hai0="126,77,75,104,119,28,123,40,79,4,23,42,73" hai1="132,121,17,3,19,86,68,24,110,125,46,89,62" hai2="67,6,27,45,74,66,85,96,116,36,52,117,69" hai3="8,44,76,54,83,113,2,9,37,63,43,55,93"/><W18/><G113/><T34/><D34/><U134/><E110/><V72/><F6/><W53/><G93/><T103/><D123/><U65/><E3/><V109/><F109/><W124/><G124/><T14/><D119/><U131/><E121/><V95/><F27/><W16/><G63/><T35/><D35/><U49/><E131/><V100/><F85/><W12/><G2/><T87/><D75/><U114/><E114/><V94/><F69/><W30/><G30/><T0/><D73/><U59/><E125/><V5/><F5/><W98/><G98/><T81/><D79/><U61/><E61/><V13/><F13/><W92/><G92/><T122/><D122/><U48/><E68/><V88/><F96/><W22/><REACH who="3" step="1"/><G18/><REACH who="3" ten="327,272,99,292" step="2"/><N who="1" m="6666" /><E24/><V51/><F51/><W56/><G56/><T118/><D0/><U91/><E49/><V127/><F127/><W130/><G130/><T32/><D126/><U128/><E128/><V26/><F26/><W82/><G82/><T108/><D118/><U1/><E1/><V115/><F115/><W84/><AGARI ba="0,1" hai="8,9,12,16,22,37,43,44,53,54,55,76,83,84" machi="84" ten="30,18000,2" yaku="1,1,0,1,52,1,54,1,53,3" doraHai="70" doraHaiUra="50" who="3" fromWho="3" sc="327,-60,272,-60,99,-60,292,190" owari="267,7.0,212,-19.0,39,-46.0,482,58.0" />
</Scene>
</mjloggm>