<mjloggm ver="2.3"><GO type="169" lobby="0"/><UN n0="%4B%61%74%5F%48" n1="%E5%A4%AA%E3%81%8F%E3%81%AA%E3%81%84%E3%81%8A" n2="%7A%65%6C%64%65%6E" n3="%4D%72%2E%E3%82%B3%E3%83%90%E3%83%81" dan="16,17,16,16" rate="2094.98,2143.84,2035.36,2031.51" sx="M,M,M,M"/><TAIKYOKU oya="0"/>

<Scene>
<INIT seed="0,0,0,0,1,2" ten="250,250,250,250" oya="0" hai0="24,88,30,117,1,41,90,108,122,51,101,61,49" hai1="119,133,85,31,105,11,57,107,70,4,42,76,87" hai2="79,43,32,121,46,26,125,55,56,109,68,8,28" hai3="112,52,37,80,5,48,92,113,104,97,53,83,115"/><T123/><D117/><U6/><E70/><V135/><F121/><W10/><G37/><T94/><D108/><U99/><E119/><V91/><F109/><W27/><G27/><T102/><D1/><U29/><E42/><V73/><F68/><W25/><G25/><T16/><D123/><U96/><E57/><V67/><F125/><W93/><G104/><T82/><D122/><U77/><REACH who="1" step="1"/><E11/><REACH who="1" ten="250,240,250,250" step="2"/><V116/><F8/><W19/><G112/><T132/><D41/><U45/><E45/><V62/><F116/><W84/><G113/><T50/><D132/><AGARI ba="0,1" hai="4,6,29,31,76,77,85,87,96,99,105,107,132,133" machi="132" ten="25,8000,1" yaku="1,1,22,2,52,2,53,0" doraHai="2" doraHaiUra="21" who="1" fromWho="0" sc="250,-80,240,90,250,0,250,0" />
</Scene>
<Scene>
<INIT seed="1,0,0,2,3,69" ten="170,330,250,250" oya="1" hai0="32,132,105,95,60,52,53,96,3,46,68,7,28" hai1="86,121,4,22,27,122,113,84,115,114,58,47,118" hai2="48,135,35,124,17,40,128,74,108,70,102,31,38" hai3="101,99,78,49,126,29,66,25,112,37,36,119,100"/><U54/><E4/><V130/><F108/><W62/><G112/><T127/><D127/><U30/><E118/><V131/><F124/><W33/><G126/><T6/><D132/><U41/><E84/><V57/><F135/><W18/><G119/><T34/><D105/><U50/><REACH who="1" step="1"/><E86/><REACH who="1" ten="170,320,250,250" step="2"/><V116/><F116/><W91/><G78/><T111/><D7/><U83/><E83/><V75/><F131/><W133/><G133/><T11/><D6/><U81/><E81/><V0/><F130/><W5/><G5/><T39/><D3/><U73/><E73/><V134/><F128/><W12/><G91/><T93/><D111/><U123/><E123/><V20/><F134/><W67/><G101/><T65/><D96/><U76/><E76/><V8/><F0/><W90/><G90/><T1/><D1/><U97/><E97/><V87/><F87/><W44/><G99/><T88/><D88/><U24/><E24/><V103/><F103/><W94/><G100/><T42/><D95/><U19/><E19/><V26/><F102/><W2/><G94/><T104/><D93/><U14/><E14/><V23/><F74/><W55/><G2/><T89/><D89/><U63/><AGARI ba="0,1" hai="22,27,30,41,47,50,54,58,63,113,114,115,121,122" machi="63" ten="30,3000,0" yaku="1,1,0,1,53,0" doraHai="69" doraHaiUra="72" who="1" fromWho="1" sc="170,-10,320,40,250,-10,250,-10" />
</Scene>
<Scene>
<INIT seed="1,1,0,3,1,104" ten="160,360,240,240" oya="1" hai0="115,4,23,107,95,130,68,65,54,25,114,112,128" hai1="32,48,41,51,8,2,102,19,84,92,27,17,39" hai2="76,86,82,58,83,80,132,110,99,36,74,63,43" hai3="16,126,98,93,123,72,55,53,106,34,6,0,28"/><U121/><E121/><V52/><F110/><W87/><G106/><T118/><D107/><U14/><E2/><V24/><F132/><W79/><G123/><T109/><D95/><U49/><E39/><V135/><F135/><W131/><G126/><T5/><D54/><U113/><E113/><V21/><F99/><W12/><G131/><N who="0" m="50219" /><D65/><U67/><E67/><V37/><F43/><W46/><G0/><T81/><D81/><U1/><E1/><V125/><F125/><W122/><G122/><T129/><N who="0" m="50227" /><T31/><DORA hai="30" /><D68/><U9/><E41/><V59/><F59/><W78/><G78/><T56/><D56/><U13/><E84/><V88/><REACH who="2" step="1"/><F83/><REACH who="2" ten="160,360,230,240" step="2"/><W111/><G111/><T117/><D109/><U29/><E92/><V10/><F10/><W90/><G98/><T101/><D101/><AGARI ba="1,1" hai="8,9,13,14,17,19,27,29,32,48,49,51,101,102" machi="101" ten="40,3900,0" yaku="9,1,52,1" doraHai="104,30" who="1" fromWho="0" sc="160,-42,360,52,230,0,240,0" />
</Scene>
<Scene>
<INIT seed="1,2,0,4,4,46" ten="118,412,230,240" oya="1" hai0="54,98,85,128,133,17,5,67,74,60,22,47,127" hai1="115,51,70,63,121,32,11,38,118,106,62,78,52" hai2="53,45,91,59,83,2,61,92,20,50,110,42,3" hai3="114,122,37,89,86,120,43,123,132,9,129,12,44"/><U117/><E106/><V10/><F110/><W101/><G114/><T130/><D74/><U73/><E32/><V1/><F20/><W39/><G129/><N who="0" m="49771" /><D133/><U116/><E115/><V112/><F112/><W15/><G132/><T30/><D30/><U108/><E121/><V18/><F83/><W21/><G101/><T82/><D5/><U69/><E11/><V104/><F104/><W68/><G68/><N who="1" m="26218" /><E78/><V135/><F135/><W66/><G66/><T24/><D127/><U14/><E14/><V113/><F113/><W100/><G100/><T97/><D67/><U105/><E73/><V40/><F40/><W34/><G34/><T90/><D60/><N who="1" m="23083" /><E105/><V109/><F109/><W48/><G21/><T94/><D82/><U58/><E108/><V0/><F0/><W41/><G15/><T16/><D17/><U29/><E29/><V72/><F72/><W77/><G77/><T103/><D103/><U111/><E111/><V81/><F81/><W33/><G33/><T65/><D65/><U35/><E35/><V31/><F31/><W126/><G12/><T28/><D28/><U55/><E55/><V93/><F91/><W57/><G120/><T96/><D96/><U19/><E19/><V4/><F4/><W80/><G122/><T134/><D134/><U71/><E71/><V23/><F10/><W84/><G123/><T49/><AGARI ba="2,0" hai="16,22,24,47,49,54,85,90,94,97,98" m="49771" machi="49" ten="30,4000,0" yaku="19,1,52,1,54,1" doraHai="46" who="0" fromWho="0" sc="118,46,412,-22,230,-12,240,-12" />
</Scene>
<Scene>
<INIT seed="2,0,0,3,4,105" ten="164,390,218,228" oya="2" hai0="34,48,40,41,99,131,108,125,104,118,93,66,44" hai1="51,124,73,42,37,76,38,112,9,12,6,116,128" hai2="89,135,47,49,122,8,90,80,120,96,3,71,72" hai3="92,79,100,20,86,68,1,11,134,10,119,30,88"/><V94/><F71/><W117/><G68/><T63/><D104/><U81/><E112/><V91/><F135/><W32/><G134/><T75/><D34/><U24/><E116/><V18/><F18/><W67/><G67/><T130/><D118/><U55/><E124/><V83/><F8/><W127/><G127/><T45/><D125/><U84/><E128/><N who="0" m="49193" /><D108/><U133/><E133/><V74/><F3/><W65/><G65/><T102/><D75/><N who="2" m="28714" /><F49/><W15/><G1/><T97/><D97/><U106/><E38/><V28/><F47/><N who="0" m="17994" /><D48/><U16/><E37/><V126/><F28/><W50/><G30/><T33/><D33/><U85/><E42/><V109/><F126/><W60/><G32/><T95/><D95/><U64/><E64/><V59/><F59/><AGARI ba="0,0" hai="40,41,59,63,66,93,99,102" m="17994,49193" machi="59" ten="30,1000,0" yaku="19,1" doraHai="105" who="0" fromWho="2" sc="164,10,390,0,218,-10,228,0" />
</Scene>
<Scene>
<INIT seed="3,0,0,3,1,132" ten="174,390,208,228" oya="3" hai0="117,86,66,39,43,122,45,10,120,62,31,98,48" hai1="107,57,83,15,108,89,130,73,13,126,135,35,33" hai2="85,90,41,91,50,67,96,99,46,79,32,14,121" hai3="118,29,53,23,102,133,24,0,37,111,3,21,56"/><W27/><G118/><T76/><D117/><U124/><E107/><V63/><F32/><N who="1" m="12361" /><E135/><V28/><F121/><W104/><G37/><T47/><D31/><U82/><E108/><V84/><F28/><W61/><G133/><T81/><D98/><U119/><E119/><V60/><F14/><N who="1" m="5129" /><E73/><V2/><F2/><W18/><REACH who="3" step="1"/><G111/><REACH who="3" ten="174,390,208,218" step="2"/><T30/><D39/><U6/><E130/><V25/><F79/><W68/><G68/><T12/><D76/><U20/><E6/><V64/><F25/><W110/><G110/><T9/><D122/><U134/><E134/><V125/><F64/><W59/><G59/><T58/><D58/><U40/><E57/><V17/><F67/><W8/><G8/><T71/><D9/><U97/><E20/><V105/><F46/><W11/><G11/><T112/><D10/><U87/><E40/><V54/><F41/><W51/><G51/><T94/><D47/><U38/><E38/><V100/><F50/><W88/><G88/><T49/><D49/><U129/><E129/><V65/><F65/><W5/><G5/><T116/><D48/><U92/><E97/><AGARI ba="0,1" hai="0,3,18,21,23,24,27,29,53,56,61,97,102,104" machi="97" ten="40,3900,0" yaku="1,1,53,1" doraHai="132" doraHaiUra="26" who="3" fromWho="1" sc="174,0,390,-39,208,0,218,49" />
</Scene>
<Scene>
<INIT seed="3,1,0,3,4,115" ten="174,351,208,267" oya="3" hai0="91,49,74,23,106,13,73,94,34,35,7,80,90" hai1="113,31,92,116,77,36,83,79,12,11,33,131,44" hai2="112,110,70,122,72,25,71,61,101,27,43,62,57" hai3="2,99,107,53,56,119,24,8,20,81,45,120,85"/><W52/><G120/><T87/><D106/><U5/><E113/><V100/><F112/><W18/><G119/><T65/><D65/><U54/><E131/><V16/><F72/><W28/><G45/><T76/><D73/><U68/><E68/><V127/><F122/><W103/><G56/><T130/><D130/><U59/><E116/><V95/><F43/><W48/><G48/><T42/><D23/><U109/><E109/><V55/><F110/><W135/><G135/><T108/><D108/><U89/><E33/><V41/><F41/><W78/><REACH who="3" step="1"/><G18/><REACH who="3" ten="174,351,208,257" step="2"/><T30/><D49/><U129/><E44/><V51/><F16/><W125/><G125/><T67/><D30/><U14/><E31/><V22/><F127/><W15/><G15/><T0/><D13/><U4/><E129/><V128/><F128/><W32/><G32/><T82/><D35/><U19/><E14/><V1/><F51/><W133/><G133/><T98/><D34/><U123/><E123/><V134/><F134/><W63/><G63/><T66/><D42/><U86/><E36/><V97/><F62/><W96/><G96/><T58/><D58/><U10/><E19/><V121/><F121/><W126/><G126/><T93/><D98/><N who="1" m="57615" /><E59/><V117/><F117/><W40/><G40/><T29/><D29/><U39/><E39/><V111/><F111/><W132/><G132/><T114/><D114/><U69/><E69/><V102/><F70/><W75/><G75/><T3/><D3/><N who="1" m="287" /><E54/><V104/><F1/><W84/><G84/><N who="0" m="52423" /><D82/><U38/><E38/><V21/><F71/><W105/><G105/><RYUUKYOKU ba="1,1" sc="174,10,351,10,208,-30,257,10" hai0="0,7,66,67,74,76,80,87,91,94" hai1="5,11,12,77,79,83,86" hai3="2,8,20,24,28,52,53,78,81,85,99,103,107" />
</Scene>
<Scene>
<INIT seed="3,2,1,1,4,125" ten="184,361,178,267" oya="3" hai0="114,6,52,56,128,90,19,135,127,38,50,28,35" hai1="1,27,62,122,92,93,106,32,21,73,88,24,107" hai2="63,48,18,95,11,0,134,3,55,108,51,117,36" hai3="29,81,113,124,12,31,133,111,2,7,121,34,46"/><W17/><G46/><T97/><D38/><U47/><E122/><V70/><F117/><W119/><G81/><T91/><D127/><U58/><E73/><V64/><F36/><W43/><G43/><T105/><D135/><U84/><E1/><V59/><F134/><W131/><G133/><T67/><D6/><U13/><E47/><V65/><F108/><W130/><G124/><T77/><D77/><U20/><E32/><V78/><F64/><W74/><G74/><T23/><D114/><U118/><E118/><V83/><F95/><W120/><G119/><T69/><D128/><N who="3" m="49193" /><G113/><T49/><D49/><U33/><E33/><V103/><F51/><W44/><G44/><T101/><D28/><N who="3" m="10825" /><G34/><T30/><D35/><U109/><E109/><V57/><F48/><W26/><G111/><T100/><D50/><U76/><E76/><V99/><F78/><W98/><G98/><T104/><D97/><U22/><E93/><V112/><F83/><W54/><G26/><N who="1" m="9770" /><E107/><V126/><F112/><W39/><G39/><T61/><D105/><U129/><E106/><V25/><F126/><W66/><G66/><T41/><D41/><U110/><E129/><V42/><F42/><W16/><G54/><T116/><D116/><U5/><E110/><V80/><F80/><W96/><G96/><T53/><D104/><U14/><E84/><V79/><F79/><W8/><G17/><T72/><D72/><U102/><E92/><N who="2" m="58855" /><F25/><W86/><G86/><T40/><D40/><U4/><E102/><N who="0" m="39529" /><D19/><U94/><E94/><V115/><F115/><W132/><G132/><T82/><D67/><RYUUKYOKU ba="2,1" sc="184,-10,361,-10,178,-10,267,30" hai3="2,7,8,12,16,120,121" />
</Scene>
<Scene>
<INIT seed="3,3,1,0,5,93" ten="174,351,168,297" oya="3" hai0="127,59,83,79,34,113,30,51,22,7,69,118,111" hai1="81,95,119,65,6,87,115,131,130,54,121,78,43" hai2="50,56,18,2,31,67,48,64,132,85,107,74,125" hai3="53,27,47,129,42,124,75,4,62,14,72,38,104"/><W1/><G1/><T110/><D69/><U25/><E121/><V102/><F74/><W20/><G124/><T17/><D118/><U128/><E115/><V45/><F125/><W91/><G129/><T37/><D37/><U61/><E119/><V116/><F116/><W101/><G91/><T58/><D127/><U35/><E43/><V135/><F2/><W106/><G4/><T100/><D7/><U108/><E108/><V114/><F31/><W24/><G14/><T19/><D113/><U29/><E6/><V134/><F114/><W105/><G101/><T109/><D100/><U120/><E120/><V99/><F85/><W12/><G12/><T23/><D34/><U88/><E54/><N who="2" m="31831" /><F18/><W86/><G86/><T36/><D36/><U16/><E16/><V123/><F123/><W60/><G24/><T70/><D70/><U41/><E41/><AGARI ba="3,1" hai="41,45,48,64,67,99,102,107,132,134,135" m="31831" machi="41" ten="30,2000,0" yaku="20,1,52,1" doraHai="93" who="2" fromWho="1" sc="174,0,351,-29,168,39,297,0" />
</Scene>
<Scene>
<INIT seed="4,0,0,3,2,83" ten="174,322,207,297" oya="0" hai0="0,23,24,94,81,129,8,115,44,12,42,41,14" hai1="4,103,11,130,71,37,77,65,30,86,110,106,87" hai2="118,62,54,125,105,109,93,97,78,92,35,120,123" hai3="73,102,16,18,6,96,13,45,88,1,91,55,127"/><T108/><D115/><U75/><E110/><V119/><F35/><W85/><G73/><T124/><D124/><U101/><E37/><V134/><F109/><W63/><G127/><T19/><D108/><U69/><E30/><V68/><F125/><W10/><G1/><T98/><D129/><U17/><E130/><V28/><F28/><W48/><G63/><T112/><D112/><U70/><E65/><N who="2" m="41015" /><F78/><W131/><G131/><T122/><D122/><U9/><E75/><V117/><F134/><W59/><G59/><T104/><D104/><U133/><E133/><V5/><F5/><W128/><G128/><T34/><D34/><U46/><E77/><V56/><F105/><W135/><G135/><T111/><D111/><U53/><E17/><V29/><F29/><W114/><G114/><T79/><D0/><U82/><E82/><V26/><F26/><W64/><G64/><T2/><D2/><U67/><E67/><V15/><F15/><W3/><G3/><T40/><D44/><U32/><E32/><V61/><F93/><N who="3" m="56383" /><G102/><AGARI ba="0,0" hai="54,56,61,92,97,102,117,118,119,120,123" m="41015" machi="102" ten="30,1000,0" yaku="12,1" doraHai="83" who="2" fromWho="3" sc="174,0,322,0,207,10,297,-10" />
</Scene>
<Scene>
<INIT seed="5,0,0,1,3,86" ten="174,322,217,287" oya="1" hai0="98,93,118,108,48,54,114,70,88,122,36,16,97" hai1="8,71,102,95,50,51,66,30,3,131,43,115,10" hai2="59,72,106,113,42,119,53,60,38,0,32,121,104" hai3="37,116,11,75,17,26,128,110,44,127,134,89,12"/><U79/><E79/><V9/><F121/><W31/><G75/><T125/><D36/><U49/><E30/><V14/><F119/><W56/><G110/><T83/><D108/><U99/><E115/><V68/><F32/><W47/><G116/><T7/><D118/><U63/><E131/><V84/><F72/><W90/><G128/><T62/><D114/><U123/><E123/><V1/><F113/><W129/><G129/><T117/><D117/><U80/><E80/><V40/><F68/><W15/><G127/><T19/><D122/><U124/><E124/><V24/><F24/><W91/><G134/><T130/><D130/><U39/><REACH who="1" step="1"/><E3/><REACH who="1" ten="174,312,217,287" step="2"/><V65/><F1/><W73/><G73/><T85/><D125/><U105/><E105/><V78/><F0/><W111/><G111/><T100/><D83/><U18/><E18/><V27/><F78/><W29/><G29/><T87/><D16/><U69/><E69/><V120/><F104/><W112/><G112/><T109/><D19/><U132/><E132/><V5/><F106/><W25/><G15/><T34/><D109/><U21/><E21/><V77/><F77/><W96/><G31/><T57/><D34/><U41/><E41/><V126/><F40/><W92/><G26/><T61/><D70/><U67/><E67/><V103/><F126/><W2/><G25/><T46/><D7/><U76/><E76/><V74/><F27/><W45/><G2/><T135/><D135/><U82/><E82/><V94/><F120/><W107/><G107/><N who="0" m="63887" /><D62/><U23/><E23/><V6/><F60/><W4/><G17/><RYUUKYOKU ba="0,1" sc="174,15,312,15,217,-15,287,-15" hai0="46,48,54,57,61,85,87,88,93,98" hai1="8,10,39,43,49,50,51,63,66,71,95,99,102" />
</Scene>
<Scene>
<INIT seed="5,1,1,4,2,133" ten="189,327,202,272" oya="1" hai0="71,85,8,128,107,57,27,24,88,5,95,118,67" hai1="72,127,43,101,10,2,63,129,52,23,135,15,12" hai2="131,54,7,30,40,100,77,86,36,26,82,79,38" hai3="99,134,45,37,1,31,105,48,97,56,109,17,3"/><U49/><E72/><V20/><F131/><W92/><G109/><T111/><D111/><U53/><E135/><V81/><F40/><W130/><G130/><T55/><D128/><U47/><E129/><V22/><F100/><W19/><G31/><T116/><D107/><U66/><E101/><V29/><F7/><W68/><G68/><T103/><D103/><U117/><E117/><V74/><REACH who="2" step="1"/><F54/><REACH who="2" ten="189,327,192,272" step="2"/><W89/><G134/><T14/><D118/><U108/><E108/><V132/><F132/><W13/><G37/><T50/><REACH who="0" step="1"/><D116/><REACH who="0" ten="179,327,192,272" step="2"/><U0/><E43/><V32/><F32/><W64/><G105/><T84/><D84/><U34/><E34/><V78/><F78/><W102/><G102/><T96/><D96/><U90/><E90/><V124/><F124/><W119/><G89/><T61/><AGARI ba="1,3" hai="5,8,14,24,27,50,55,57,61,67,71,85,88,95" machi="61" ten="30,4000,0" yaku="1,1,0,1,54,1,53,0" doraHai="133" doraHaiUra="98" who="0" fromWho="0" sc="179,73,327,-21,192,-11,272,-11" />
</Scene>
<Scene>
<INIT seed="6,0,0,4,5,25" ten="252,306,181,261" oya="2" hai0="30,99,76,14,80,29,100,57,89,103,86,72,38" hai1="56,31,74,102,43,112,18,12,4,124,116,120,119" hai2="19,109,52,130,126,115,107,44,40,121,8,36,22" hai3="113,53,27,60,33,87,39,64,83,125,94,95,2"/><V88/><F121/><W111/><G2/><T92/><D38/><U97/><E74/><V1/><F115/><W20/><G33/><T48/><D14/><U68/><E68/><V78/><F107/><W69/><G111/><T96/><D96/><U21/><E112/><V11/><F109/><W131/><G113/><T106/><D100/><U58/><E120/><V32/><F32/><W55/><G39/><T26/><D26/><U23/><E124/><V41/><F126/><W77/><G125/><T51/><D57/><U132/><E132/><V65/><F78/><W129/><G95/><T7/><D7/><U61/><E4/><V114/><F114/><W127/><G94/><T134/><D134/><U42/><E119/><V62/><F130/><N who="3" m="49675" /><G127/><T110/><D110/><U84/><E84/><V105/><F105/><W122/><G122/><T6/><D6/><U75/><E75/><V47/><F1/><W5/><G5/><T71/><D71/><U66/><E116/><V93/><F44/><W9/><G9/><N who="2" m="3657" /><F36/><W0/><G0/><T63/><D63/><U3/><E3/><V28/><F65/><W81/><G81/><T45/><D51/><U82/><E82/><V35/><F35/><W13/><G13/><T15/><D15/><U118/><E118/><V123/><F123/><W117/><G117/><T49/><D49/><U101/><E66/><V104/><F104/><W91/><G77/><T79/><D79/><U108/><E108/><V90/><F28/><AGARI ba="0,0" hai="20,27,28,53,55,60,64,69,83,87,91" m="49675" machi="28" ten="30,2000,0" yaku="19,1,52,1" doraHai="25" who="3" fromWho="2" sc="252,0,306,0,181,-20,261,20" />
</Scene>
<Scene>
<INIT seed="7,0,0,1,1,107" ten="252,306,161,281" oya="3" hai0="1,99,27,35,17,60,77,70,20,50,130,21,85" hai1="31,43,49,83,56,37,101,112,111,92,11,59,87" hai2="19,133,7,90,6,100,97,71,125,104,36,29,5" hai3="73,28,117,116,135,106,46,105,96,123,18,72,84"/><W58/><G28/><T127/><D1/><U102/><E111/><V47/><F125/><W108/><G46/><T80/><D35/><U69/><E69/><V79/><F133/><W98/><G58/><N who="1" m="22058" /><E37/><V10/><F71/><W81/><G18/><T54/><D127/><U128/><E112/><V118/><F118/><N who="3" m="45675" /><G123/><T88/><D130/><U14/><E31/><V110/><F110/><W51/><G51/><T129/><D129/><U120/><E128/><V82/><F29/><W76/><G135/><T48/><D54/><U91/><E120/><V8/><F90/><W24/><G24/><N who="0" m="14351" /><D60/><U124/><E124/><V119/><F119/><W78/><G108/><T126/><D70/><U134/><E134/><V93/><F104/><N who="3" m="40043" /><G76/><T2/><D2/><U64/><E64/><V26/><F36/><W53/><G53/><T52/><D52/><U109/><E109/><V103/><F47/><W41/><G41/><T39/><D126/><U13/><E43/><V114/><F114/><W33/><G33/><T113/><D113/><U94/><E49/><V40/><F40/><W122/><G122/><T74/><D39/><U25/><E25/><V57/><F57/><W34/><G34/><T63/><D63/><U86/><E13/><V9/><F26/><W65/><G65/><T61/><D61/><U75/><E14/><V42/><F42/><W89/><G72/><T23/><D74/><U15/><E75/><N who="2" m="43391" /><F19/><W131/><G131/><T66/><D66/><U16/><E83/><AGARI ba="0,0" hai="73,78,81,83,84,89,96,98" m="40043,45675" machi="83" ten="30,5800,0" yaku="34,2,52,1" doraHai="107" who="3" fromWho="1" sc="252,0,306,-58,161,0,281,58" owari="252,5.0,248,-15.0,161,-34.0,339,44.0" />
</Scene>
</mjloggm>