<mjloggm ver="2.3"><GO type="169" lobby="0"/><UN n0="%E5%A4%AA%E3%81%8F%E3%81%AA%E3%81%84%E3%81%8A" n1="%E3%81%AE%E3%81%86%E3%81%AA%E3%82%81%E3%82%8D%E3%82%93" n2="%74%61%6E%69%6D%6F%40" n3="%E6%98%9F%E6%B5%81%EF%BC%A0%53%65%69%52%75" dan="17,16,16,16" rate="2205.13,2101.79,2111.37,2044.10" sx="M,M,M,M"/><TAIKYOKU oya="0"/>

<Scene>
<INIT seed="0,0,0,4,0,19" ten="250,250,250,250" oya="0" hai0="120,78,48,69,22,34,79,118,41,90,55,31,99" hai1="36,64,59,105,77,119,68,62,98,89,49,57,26" hai2="54,43,112,94,81,7,23,102,52,125,83,10,84" hai3="61,133,88,25,11,63,60,3,17,131,46,108,91"/><T101/><D118/><U107/><E119/><V58/><F43/><W122/><G108/><T5/><D120/><U103/><E36/><V4/><F125/><W39/><G133/><T113/><D113/><U134/><E107/><V30/><F112/><W117/><G117/><T44/><D69/><U47/><E134/><V127/><F83/><W33/><G131/><T75/><D34/><U50/><E77/><V106/><F106/><W14/><G3/><T9/><D90/><U15/><E50/><V85/><F10/><W73/><G73/><T123/><D123/><U42/><E15/><V35/><F35/><W86/><G122/><T32/><D32/><U28/><REACH who="1" step="1"/><E89/><REACH who="1" ten="250,240,250,250" step="2"/><N who="2" m="53551" /><F127/><W67/><G91/><T1/><D75/><U18/><E18/><V56/><F102/><W80/><G39/><T132/><D132/><U72/><E72/><V51/><F4/><W70/><REACH who="3" step="1"/><G46/><REACH who="3" ten="250,240,250,240" step="2"/><T16/><D79/><U135/><E135/><V74/><F74/><W12/><G12/><T66/><D78/><U126/><E126/><V116/><F116/><W24/><G24/><T96/><D44/><U53/><E53/><V129/><F54/><W2/><G2/><T40/><D1/><U37/><E37/><V109/><F52/><W21/><G21/><AGARI ba="0,2" hai="21,26,28,42,47,49,57,59,62,64,68,98,103,105" machi="21" ten="30,7700,0" yaku="1,1,7,1,52,1,53,1" doraHai="19" doraHaiUra="38" who="1" fromWho="3" sc="250,0,240,97,250,0,240,-77" />
</Scene>
<Scene>
<INIT seed="1,0,0,3,1,86" ten="250,337,250,163" oya="1" hai0="123,135,12,53,122,2,89,128,104,71,19,25,52" hai1="73,24,11,131,34,44,99,41,90,40,54,17,85" hai2="126,70,23,80,21,79,22,7,84,45,127,31,132" hai3="88,26,65,72,107,13,57,66,35,93,14,67,117"/><U102/><E73/><V4/><F70/><W68/><G107/><T115/><D115/><U48/><E131/><V36/><F31/><W82/><G68/><T97/><D2/><U114/><E114/><V113/><F132/><W6/><G117/><T9/><D71/><U95/><E34/><V75/><F75/><W74/><G6/><T10/><D135/><U96/><E96/><V110/><F110/><W18/><G57/><T111/><D111/><U8/><E8/><V119/><F119/><W124/><G124/><N who="2" m="47657" /><F113/><W112/><G112/><T133/><D133/><U64/><E64/><V20/><F20/><W47/><G47/><T27/><D128/><U121/><E121/><N who="0" m="46089" /><D9/><U101/><E101/><V51/><F36/><W77/><G72/><T60/><D104/><U100/><E100/><V78/><F78/><W59/><G59/><N who="0" m="34919" /><D53/><AGARI ba="0,0" hai="4,7,21,22,23,45,51,53,79,80,84" m="47657" machi="53" ten="30,1000,0" yaku="18,1" doraHai="86" who="2" fromWho="0" sc="250,-10,337,0,250,10,163,0" />
</Scene>
<Scene>
<INIT seed="2,0,0,1,4,46" ten="240,337,260,163" oya="2" hai0="119,106,85,61,3,91,9,32,88,66,29,57,10" hai1="2,47,26,60,86,6,37,28,94,21,107,115,49" hai2="48,120,42,73,0,90,5,44,80,31,108,126,67" hai3="112,59,82,1,129,93,113,116,111,56,130,52,20"/><V34/><F120/><W95/><G1/><T4/><D106/><U58/><E107/><V118/><F118/><W124/><G116/><T133/><D119/><U109/><E115/><N who="3" m="44106" /><G111/><T11/><D133/><U16/><E37/><V51/><F126/><W27/><G82/><T98/><D98/><U41/><E109/><V102/><F102/><W100/><G124/><T38/><D38/><U121/><E121/><V23/><F34/><W77/><G77/><T105/><D105/><U55/><E2/><V78/><F67/><W8/><G8/><T13/><D10/><U75/><E75/><V134/><F134/><W97/><G93/><T117/><D117/><U79/><E6/><V33/><F33/><W127/><G127/><T135/><D135/><U114/><E114/><V64/><F64/><W39/><G39/><T101/><D101/><U70/><E70/><V53/><F90/><W45/><G45/><T76/><D76/><U25/><E79/><V50/><F42/><W43/><G43/><T104/><D104/><U132/><E132/><V83/><F83/><W131/><G52/><T30/><D32/><U128/><E128/><V19/><F108/><W103/><G103/><T89/><REACH who="0" step="1"/><D85/><REACH who="0" ten="230,337,260,163" step="2"/><U68/><E86/><V54/><F78/><W71/><G131/><T15/><D15/><U110/><E110/><V92/><F73/><W84/><G84/><T63/><D63/><U65/><E60/><V24/><F0/><W69/><G130/><T7/><AGARI ba="0,1" hai="3,4,7,9,11,13,29,30,57,61,66,88,89,91" machi="7" ten="30,7900,0" yaku="1,1,0,1,54,1,53,1" doraHai="46" doraHaiUra="62" who="0" fromWho="0" sc="230,89,337,-20,260,-39,163,-20" />
</Scene>
<Scene>
<INIT seed="3,0,0,0,4,93" ten="319,317,221,143" oya="3" hai0="34,50,23,77,65,79,7,42,82,129,106,51,99" hai1="49,121,62,14,107,76,12,118,53,98,114,130,94" hai2="87,71,115,110,5,95,39,101,44,112,113,26,30" hai3="60,57,73,8,58,111,20,28,135,134,46,105,104"/><W3/><G73/><T56/><D34/><U15/><E107/><V31/><F71/><W80/><G80/><T120/><D120/><U81/><E121/><V59/><F110/><W103/><G111/><T48/><D129/><U37/><E37/><V35/><F5/><N who="3" m="1087" /><G103/><T4/><D42/><U67/><E114/><V125/><F125/><W132/><G46/><T123/><D123/><U72/><E130/><V89/><F31/><W78/><G78/><T100/><D79/><U54/><E118/><V131/><F131/><W0/><G0/><T116/><D116/><U38/><E38/><V6/><F6/><W133/><N who="3" m="33792" /><DORA hai="126" /><W124/><G124/><T52/><D65/><U11/><E67/><V41/><F101/><W19/><G28/><T29/><D4/><U10/><E62/><V33/><F33/><W13/><G58/><T1/><D7/><U40/><E40/><V108/><F108/><W18/><G19/><T68/><D68/><U9/><REACH who="1" step="1"/><E49/><REACH who="1" ten="319,307,221,143" step="2"/><V2/><F115/><W74/><G74/><T70/><D1/><U64/><E64/><AGARI ba="0,1" hai="13,18,20,57,60,64,104,105" m="33792,1087" machi="64" ten="60,2900,0" yaku="20,1" doraHai="93,126" who="3" fromWho="1" sc="319,0,307,-29,221,0,143,39" />
</Scene>
<Scene>
<INIT seed="3,1,0,5,3,101" ten="319,278,221,182" oya="3" hai0="93,19,72,0,44,52,60,32,100,70,124,82,84" hai1="97,61,62,99,115,18,132,14,128,92,3,108,65" hai2="56,98,38,11,31,134,41,87,40,49,34,81,42" hai3="127,90,54,73,109,118,57,33,63,7,86,8,103"/><W96/><G73/><T5/><D32/><U12/><E3/><V116/><F38/><W125/><G33/><T58/><D70/><U122/><E122/><V89/><F116/><W36/><G36/><T46/><D72/><U21/><E115/><V66/><F134/><W85/><G118/><T68/><D68/><U16/><E108/><V78/><F34/><W59/><G59/><T43/><D124/><U39/><E39/><V55/><F31/><W91/><G109/><T23/><D5/><U35/><E35/><V25/><F25/><W102/><G102/><T53/><D0/><U71/><E128/><V133/><F133/><W51/><G63/><T22/><D53/><U79/><E132/><V121/><F121/><W111/><G111/><T13/><D43/><U2/><E2/><V26/><F26/><W64/><G64/><T94/><D23/><U80/><E92/><N who="0" m="35433" /><D100/><U117/><E117/><V1/><F66/><W4/><G4/><T28/><D28/><U47/><E47/><V104/><F11/><W126/><G86/><T107/><D107/><U48/><E48/><V30/><F30/><W120/><G85/><T17/><D17/><U106/><E62/><V110/><F1/><N who="3" m="111" /><G120/><T27/><D27/><U69/><E69/><V24/><F24/><W75/><G75/><T37/><D37/><U123/><E123/><V135/><F135/><W76/><G76/><AGARI ba="1,0" hai="13,19,22,44,46,52,58,60,76,82,84" m="35433" machi="76" ten="30,2000,0" yaku="8,1,54,1" doraHai="101" who="0" fromWho="3" sc="319,23,278,0,221,0,182,-23" />
</Scene>
<Scene>
<INIT seed="4,0,0,0,4,122" ten="342,278,221,159" oya="0" hai0="2,22,13,116,127,113,108,70,17,36,96,124,1" hai1="23,51,21,83,102,50,95,59,63,53,55,98,114" hai2="109,121,119,18,71,58,15,38,30,75,97,99,12" hai3="37,133,105,16,120,87,26,66,65,25,40,107,131"/><T92/><D36/><U44/><E114/><V132/><F71/><W90/><G120/><T9/><D70/><U5/><E5/><V134/><F75/><W76/><G76/><T84/><D113/><U56/><REACH who="1" step="1"/><E83/><REACH who="1" ten="342,268,221,159" step="2"/><V123/><F121/><W110/><G133/><T130/><D124/><U101/><E101/><V117/><F123/><W69/><G131/><T104/><D127/><U77/><E77/><V106/><F132/><W103/><G103/><T125/><D130/><U79/><E79/><V28/><F134/><W33/><G90/><T8/><D125/><U67/><AGARI ba="0,1" hai="21,23,44,50,51,53,55,56,59,63,67,95,98,102" machi="67" ten="20,5200,0" yaku="1,1,0,1,7,1,8,1,53,0" doraHai="122" doraHaiUra="27" who="1" fromWho="1" sc="342,-26,268,62,221,-13,159,-13" />
</Scene>
<Scene>
<INIT seed="5,0,0,5,1,128" ten="316,330,208,146" oya="1" hai0="93,107,108,100,33,88,101,104,49,111,39,99,76" hai1="110,126,131,40,1,112,67,105,22,0,6,117,35" hai2="53,122,23,45,26,55,52,41,130,121,75,2,42" hai3="102,124,31,69,125,81,60,18,132,96,133,79,9"/><U63/><E105/><N who="0" m="40521" /><D49/><U70/><E131/><V65/><F75/><W36/><G36/><T5/><D5/><U51/><E117/><V68/><F2/><W86/><G31/><T46/><D46/><U29/><E112/><V89/><F89/><W34/><G34/><T119/><D39/><U37/><E22/><V64/><F26/><W106/><G69/><T50/><D50/><U120/><E120/><N who="2" m="46187" /><F130/><W20/><G60/><T43/><D43/><N who="2" m="16394" /><F23/><W4/><G18/><T82/><D119/><U135/><E6/><V91/><F91/><W54/><G54/><N who="2" m="21097" /><F68/><W47/><G47/><T13/><D13/><U134/><E0/><V27/><F27/><W116/><G20/><T85/><D33/><U15/><E1/><V74/><F74/><W118/><G118/><T48/><D48/><AGARI ba="0,0" hai="45,48,55,64,65" m="21097,16394,46187" machi="48" ten="30,3900,0" yaku="34,2,54,1" doraHai="128" who="2" fromWho="0" sc="316,-39,330,0,208,39,146,0" />
</Scene>
<Scene>
<INIT seed="6,0,0,2,5,61" ten="277,330,247,146" oya="2" hai0="92,75,121,88,103,107,51,47,122,130,120,41,71" hai1="56,85,38,5,95,42,127,89,45,3,72,114,37" hai2="90,82,36,79,9,21,62,15,10,97,39,66,65" hai3="68,108,99,106,70,74,8,44,26,84,98,131,112"/><V76/><F39/><W67/><G74/><T94/><D75/><U13/><E114/><V91/><F36/><W132/><G108/><T104/><D71/><U33/><E38/><V113/><F113/><W101/><G112/><T83/><D130/><U63/><E33/><V119/><F119/><W1/><G131/><T128/><D128/><U7/><E13/><V16/><F62/><W6/><G132/><T52/><D41/><U125/><E72/><V4/><F82/><W60/><G84/><T87/><REACH who="0" step="1"/><D103/><REACH who="0" ten="267,330,247,146" step="2"/><U129/><E129/><V12/><F10/><W48/><G48/><T116/><BYE who="3" /><D116/><U81/><E42/><V2/><F2/><W17/><G17/><T14/><D14/><U53/><E37/><V86/><F97/><W115/><G115/><T54/><D54/><U64/><E3/><V117/><F117/><W134/><G134/><T32/><D32/><U19/><E19/><V22/><F22/><W11/><G11/><T126/><D126/><U111/><E125/><V118/><F118/><W77/><G77/><N who="2" m="29769" /><F86/><UN n3="%E6%98%9F%E6%B5%81%EF%BC%A0%53%65%69%52%75" /><W102/><G26/><T93/><AGARI ba="0,1" hai="47,51,52,83,87,88,92,93,94,104,107,120,121,122" machi="93" ten="40,8000,1" yaku="1,1,0,1,54,2,53,0" doraHai="61" doraHaiUra="31" who="0" fromWho="0" sc="267,90,330,-20,247,-40,146,-20" />
</Scene>
<Scene>
<INIT seed="7,0,0,1,4,76" ten="357,310,207,126" oya="3" hai0="53,66,40,122,11,24,110,31,67,3,70,128,50" hai1="95,21,55,32,84,130,23,52,113,59,101,62,109" hai2="98,37,83,75,0,114,93,36,111,102,86,127,112" hai3="123,33,13,116,9,107,96,79,16,47,56,18,108"/><W29/><G123/><T51/><D110/><U89/><E109/><V60/><F0/><W80/><G116/><T5/><D122/><U46/><E32/><V92/><F111/><W134/><G108/><T103/><D103/><U115/><E101/><V121/><F121/><W87/><G134/><T94/><D94/><U129/><E46/><V126/><F60/><W4/><G107/><T81/><D70/><U72/><E72/><V34/><F34/><W90/><G47/><T27/><D27/><U25/><E55/><V73/><F92/><N who="3" m="56343" /><G33/><T1/><D1/><U85/><E85/><V20/><F36/><W74/><G74/><N who="2" m="28169" /><F20/><N who="1" m="7753" /><E25/><V19/><F19/><N who="3" m="7211" /><G56/><T38/><D38/><U2/><E2/><V82/><F37/><W61/><G61/><T42/><D3/><U91/><E91/><N who="2" m="51679" /><F82/><W58/><G58/><T117/><D81/><U54/><E54/><V120/><F120/><W30/><AGARI ba="0,0" hai="4,9,13,29,30,79,80,87" m="7211,56343" machi="30" ten="30,6000,0" yaku="8,1,52,1,54,1" doraHai="76" who="3" fromWho="3" sc="357,-20,310,-20,207,-20,126,60" />
</Scene>
<Scene>
<INIT seed="7,1,0,3,5,44" ten="337,290,187,186" oya="3" hai0="67,32,102,41,35,82,33,54,116,0,6,123,53" hai1="86,124,113,126,3,11,46,37,78,7,91,19,96" hai2="104,94,69,97,49,20,84,87,10,1,5,129,119" hai3="120,135,2,93,117,60,85,112,103,70,131,66,99"/><W27/><G120/><T28/><D28/><U16/><E113/><V18/><F119/><W45/><G117/><T133/><D116/><U17/><E96/><V9/><F104/><W108/><G2/><T57/><D41/><N who="1" m="22831" /><E78/><V4/><F69/><W75/><G75/><T68/><D102/><U62/><E62/><V71/><F71/><W125/><G112/><T76/><D68/><U51/><E19/><V100/><F129/><W22/><G131/><T127/><D76/><U65/><E65/><V30/><F30/><W31/><G135/><T14/><D67/><U101/><E101/><V21/><F21/><W88/><G108/><T38/><D32/><U107/><E107/><V130/><F130/><W73/><G73/><T95/><D35/><U110/><E110/><V29/><F29/><W39/><G45/><T98/><D33/><U43/><E43/><V47/><F5/><W79/><G79/><T122/><D133/><U118/><E118/><V121/><F121/><W26/><G26/><T56/><D6/><U105/><E105/><V77/><F77/><W23/><G23/><T80/><D123/><U52/><E7/><V64/><F64/><W13/><G13/><T83/><D14/><U15/><E3/><V61/><F10/><W92/><REACH who="3" step="1"/><G39/><REACH who="3" ten="337,290,187,176" step="2"/><T58/><D38/><U114/><E114/><V89/><F1/><W63/><G63/><T25/><D0/><U81/><E15/><N who="2" m="5543" /><F61/><W36/><G36/><T106/><D122/><U134/><E134/><V74/><F74/><W8/><G8/><T24/><D25/><U34/><E11/><V109/><F109/><RYUUKYOKU ba="1,1" sc="337,-10,290,-10,187,-10,176,30" hai3="22,27,31,60,66,70,85,88,92,93,99,103,125" />
</Scene>
<Scene>
<INIT seed="7,2,1,3,0,99" ten="327,280,177,206" oya="3" hai0="17,103,71,109,101,96,1,28,60,126,110,104,10" hai1="57,46,72,36,131,65,42,64,38,21,114,48,47" hai2="81,62,128,117,56,75,80,124,92,97,35,87,133" hai3="67,93,26,13,73,58,100,74,40,55,5,59,3"/><W12/><G3/><T129/><D17/><U106/><E72/><V108/><F117/><W76/><G40/><T16/><D16/><U34/><E106/><V4/><F35/><W111/><G74/><T19/><D19/><U83/><E34/><V105/><F4/><W82/><G111/><T44/><D103/><U85/><E21/><V7/><F7/><W29/><G5/><N who="0" m="1327" /><D28/><U78/><E114/><V86/><F108/><W20/><G67/><N who="0" m="41447" /><D129/><U79/><E131/><V24/><F128/><W121/><G121/><T123/><D123/><U113/><E113/><V52/><F105/><W23/><G23/><T61/><D126/><U98/><E98/><V120/><F120/><W27/><G27/><T90/><D90/><U70/><E70/><V9/><F124/><W8/><G8/><T0/><D61/><U66/><E79/><N who="2" m="46399" /><F75/><W51/><REACH who="3" step="1"/><G59/><REACH who="3" ten="327,280,177,196" step="2"/><T31/><D0/><U49/><E57/><V91/><F24/><W69/><G69/><T43/><D31/><U30/><E30/><V135/><F9/><W32/><G32/><T18/><D18/><U89/><E66/><V125/><F125/><W119/><G119/><T15/><D15/><U134/><E65/><V95/><F133/><W63/><G63/><T6/><D6/><U25/><E134/><V22/><F135/><W122/><G122/><T37/><AGARI ba="2,2" hai="37,43,44,96,101,104,109,110" m="41447,1327" machi="37" ten="30,2000,0" yaku="23,1,52,1" doraHai="99" who="0" fromWho="0" sc="327,46,280,-7,177,-7,196,-12" owari="373,48.0,273,7.0,170,-33.0,184,-22.0" />
</Scene>
</mjloggm>