<mjloggm ver="2.3"><GO type="169" lobby="0"/><UN n0="%46%75%6B%61%74%73%75%72" n1="%47%45%59%55" n2="%E8%8A%B1%E6%BE%AA" n3="%E5%A4%AA%E3%81%8F%E3%81%AA%E3%81%84%E3%81%8A" dan="16,16,16,18" rate="2082.54,2058.63,2097.78,2211.37" sx="M,M,F,M"/><TAIKYOKU oya="0"/>

<Scene>
<INIT seed="0,0,0,5,1,28" ten="250,250,250,250" oya="0" hai0="114,78,72,53,0,40,15,17,4,121,89,118,74" hai1="27,21,14,45,128,108,85,44,62,133,11,80,46" hai2="96,16,97,9,13,101,87,54,20,34,90,81,124" hai3="43,12,6,103,26,117,5,51,134,39,93,29,32"/><T94/><D121/><U59/><E108/><V7/><F124/><W129/><G117/><T68/><D118/><U130/><E133/><V64/><F64/><W33/><G39/><T75/><D68/><U38/><E38/><V131/><F131/><N who="1" m="50217" /><E11/><V111/><F111/><W77/><G129/><T107/><D114/><U125/><E14/><V10/><F54/><W49/><G134/><T61/><D107/><U106/><E106/><V71/><F71/><W58/><G77/><T76/><D40/><U19/><E125/><V8/><F34/><W23/><G43/><T83/><D4/><U60/><E59/><V42/><F42/><W65/><G6/><T67/><D0/><U120/><E120/><V86/><F86/><W55/><G51/><T56/><D67/><U48/><E48/><V25/><REACH who="2" step="1"/><F97/><REACH who="2" ten="250,250,240,250" step="2"/><W105/><G65/><T84/><D84/><U70/><E70/><V132/><F132/><W102/><G33/><T91/><D53/><U127/><E127/><V47/><F47/><W24/><G32/><T36/><D74/><U119/><E119/><V69/><F69/><W35/><G35/><T98/><D75/><U99/><E99/><V113/><F113/><W104/><G55/><T66/><D66/><U115/><E115/><V37/><F37/><W122/><G122/><T57/><D98/><U1/><E85/><V2/><F2/><W52/><G52/><T92/><D36/><U73/><E1/><V30/><F30/><W95/><G29/><T116/><D72/><U109/><E109/><V41/><F41/><W18/><G49/><T82/><D116/><RYUUKYOKU ba="0,1" sc="250,-15,250,15,240,15,250,-15" hai1="19,21,27,44,45,46,60,62,73,80" hai2="7,8,9,10,13,16,20,25,81,87,90,96,101" />
</Scene>
<Scene>
<INIT seed="1,1,1,0,4,15" ten="235,265,255,235" oya="1" hai0="41,42,80,96,125,77,23,113,114,85,81,0,18" hai1="51,50,13,12,104,95,30,82,73,131,115,84,74" hai2="60,79,107,34,40,72,55,46,43,62,93,1,101" hai3="128,76,25,132,89,92,37,83,44,86,108,135,49"/><U58/><E115/><V112/><F112/><W36/><G25/><T8/><D125/><U123/><E123/><V111/><F1/><W65/><G65/><T66/><D66/><U67/><E104/><V68/><F34/><W52/><G108/><T122/><D122/><U106/><E106/><V48/><F111/><W7/><G7/><T69/><D69/><U102/><E131/><V130/><F130/><W21/><G21/><T119/><D119/><U109/><E30/><V29/><F107/><W17/><G17/><T10/><D96/><N who="1" m="59679" /><E74/><V63/><F29/><W53/><G53/><T22/><D85/><U31/><E31/><V94/><F68/><W38/><REACH who="3" step="1"/><G128/><REACH who="3" ten="235,265,255,225" step="2"/><T32/><D32/><U4/><E4/><V118/><F118/><W61/><G61/><T87/><D113/><U105/><E109/><V26/><F26/><W116/><G116/><T71/><D114/><U5/><E5/><V124/><F63/><W27/><G27/><T19/><D23/><U121/><E121/><V14/><F60/><W33/><G33/><T103/><D22/><U91/><E67/><V3/><F62/><W98/><AGARI ba="1,2" hai="36,37,38,44,49,52,76,83,86,89,92,98,132,135" machi="98" ten="40,5200,0" yaku="1,1,0,1,54,1,53,0" doraHai="15" doraHaiUra="64" who="3" fromWho="3" sc="235,-14,265,-27,255,-14,225,75" />
</Scene>
<Scene>
<INIT seed="2,0,0,1,2,114" ten="221,238,241,300" oya="2" hai0="91,21,117,12,67,128,116,87,5,92,24,44,127" hai1="107,51,41,52,66,88,110,132,37,14,61,8,32" hai2="118,33,9,58,70,131,90,111,7,134,123,79,98" hai3="108,28,27,48,25,49,40,46,13,43,62,101,56"/><V55/><F123/><W74/><G74/><T120/><D120/><U109/><E107/><V112/><F112/><W71/><G71/><T130/><D127/><U77/><E77/><V20/><F131/><N who="0" m="50218" /><D67/><U19/><E32/><V22/><F134/><W54/><G108/><N who="1" m="41578" /><E41/><V96/><F33/><W38/><G101/><T65/><D65/><U6/><E37/><V85/><F70/><W93/><G93/><T39/><D39/><U16/><E88/><V45/><F111/><W72/><G72/><T31/><D44/><N who="1" m="27751" /><E132/><V86/><F45/><N who="3" m="25639" /><G28/><T59/><D59/><AGARI ba="0,0" hai="6,8,14,16,19,59,61,66" m="27751,41578" machi="59" ten="30,3900,0" yaku="14,1,54,2" doraHai="114" who="1" fromWho="0" sc="221,-39,238,39,241,0,300,0" />
</Scene>
<Scene>
<INIT seed="3,0,0,5,3,20" ten="182,277,241,300" oya="3" hai0="76,42,126,120,75,59,63,55,27,103,110,72,96" hai1="74,16,1,132,9,94,118,100,35,54,49,19,115" hai2="51,8,47,32,81,131,109,24,86,46,37,25,64" hai3="98,33,58,71,45,21,52,50,12,56,78,113,6"/><W91/><G33/><T114/><D120/><U102/><E115/><V88/><F109/><W125/><G71/><T2/><D2/><U30/><E74/><V10/><F131/><W87/><G113/><T92/><D110/><U39/><E39/><V69/><F32/><W128/><G128/><T48/><D114/><U119/><E132/><V4/><F37/><W34/><G34/><T83/><D126/><U61/><E61/><V44/><F51/><W129/><G129/><T14/><D14/><U79/><E79/><V134/><F134/><W121/><G121/><T15/><D15/><U104/><E104/><V130/><F130/><W18/><G125/><T101/><D101/><N who="1" m="39019" /><E94/><V133/><F133/><W107/><G6/><T108/><D108/><U124/><E124/><V80/><F80/><N who="3" m="47511" /><G107/><T123/><D123/><U22/><E35/><V0/><REACH who="2" step="1"/><F10/><REACH who="2" ten="182,277,231,300" step="2"/><W57/><G45/><T97/><D48/><U135/><E49/><V99/><F99/><W41/><G41/><T66/><D97/><U111/><E111/><V93/><F93/><AGARI ba="0,1" hai="12,18,21,50,52,56,57,58,91,93,98" m="47511" machi="93" ten="30,2900,0" yaku="8,1,54,1" doraHai="20" who="3" fromWho="2" sc="182,0,277,0,231,-29,300,39" />
</Scene>
<Scene>
<INIT seed="3,1,0,1,3,129" ten="182,277,202,339" oya="3" hai0="108,21,121,80,119,43,104,17,76,15,98,100,72" hai1="68,106,90,105,79,135,77,52,7,109,83,88,10" hai2="107,16,93,49,134,36,102,89,19,128,131,35,95" hai3="37,70,130,122,84,59,81,39,74,24,46,40,26"/><W69/><G122/><T66/><D108/><U111/><E68/><V91/><F36/><W0/><G39/><T5/><D121/><U27/><E27/><V64/><F35/><W41/><G41/><T117/><D43/><U11/><E83/><V127/><F64/><W3/><G130/><N who="2" m="49705" /><F127/><W30/><G59/><T92/><D66/><U28/><E7/><V33/><F33/><N who="3" m="20679" /><G84/><T34/><D34/><U51/><E28/><V42/><F107/><W99/><G99/><T32/><D32/><U13/><E13/><V2/><F2/><N who="3" m="555" /><G26/><T45/><D45/><U23/><E51/><V75/><F75/><W87/><G87/><T123/><D123/><U78/><E79/><AGARI ba="1,0" hai="37,40,46,69,70,74,79,81" m="555,20679" machi="79" ten="30,2900,0" yaku="33,2" doraHai="129" who="3" fromWho="1" sc="182,0,277,-32,202,0,339,32" />
</Scene>
<Scene>
<INIT seed="3,2,0,0,1,25" ten="182,245,202,371" oya="3" hai0="40,98,121,39,66,17,125,128,60,97,50,130,21" hai1="119,0,53,75,78,83,45,116,37,27,95,87,65" hai2="56,120,6,47,76,106,67,69,92,126,23,86,132" hai3="109,51,133,55,89,127,14,73,110,41,22,123,100"/><W5/><G123/><T111/><D39/><U52/><E65/><V81/><F120/><W70/><G70/><T77/><D111/><N who="3" m="42505" /><G73/><T107/><D77/><U96/><E0/><V64/><F126/><W85/><G100/><T49/><D125/><U24/><E75/><V80/><F106/><W94/><G127/><T99/><D107/><U88/><E37/><V101/><F69/><W29/><G41/><T34/><D34/><U12/><E12/><V117/><F117/><N who="1" m="45129" /><E45/><V93/><F132/><W103/><G103/><T134/><D134/><U113/><E113/><V135/><F135/><W3/><G3/><T4/><D121/><U54/><AGARI ba="2,0" hai="24,27,52,53,54,78,83,87,88,95,96" m="45129" machi="54" ten="30,4000,0" yaku="12,1,54,2" doraHai="25" who="1" fromWho="1" sc="182,-12,245,46,202,-12,371,-22" />
</Scene>
<Scene>
<INIT seed="4,0,0,5,5,63" ten="170,291,190,349" oya="0" hai0="94,21,100,134,25,104,85,7,19,30,129,81,6" hai1="52,107,130,68,17,46,45,91,106,14,65,35,49" hai2="26,124,54,60,114,119,74,3,53,34,29,103,86" hai3="131,90,10,89,122,15,66,88,110,31,11,120,22"/><T135/><D104/><U39/><E35/><V87/><F114/><W71/><G110/><T79/><D129/><U127/><E127/><V83/><F124/><W61/><G131/><T95/><D19/><U64/><E68/><V18/><F3/><W48/><G48/><T24/><D25/><U78/><E78/><V105/><F119/><W99/><G99/><T59/><D59/><N who="1" m="33167" /><E39/><V44/><F74/><W1/><G1/><T132/><REACH who="0" step="1"/><D100/><REACH who="0" ten="160,291,190,349" step="2"/><U51/><E107/><V102/><F18/><N who="3" m="10591" /><G31/><T101/><D101/><U82/><E106/><V75/><F103/><W16/><G16/><T8/><D8/><N who="1" m="6343" /><E130/><V5/><F102/><W32/><G32/><T118/><D118/><U56/><E56/><V123/><F105/><W96/><G96/><T125/><D125/><U97/><E97/><V77/><F26/><W40/><G11/><T121/><D121/><U93/><E45/><V28/><F34/><W80/><G10/><T50/><D50/><U27/><E27/><V36/><F44/><W33/><G33/><T108/><D108/><U43/><E51/><V62/><F123/><N who="3" m="47147" /><G40/><T92/><AGARI ba="0,1" hai="6,7,21,24,30,79,81,85,92,94,95,132,134,135" machi="92" ten="40,7800,0" yaku="1,1,0,1,20,1,53,0" doraHai="63" doraHaiUra="42" who="0" fromWho="0" sc="160,88,291,-26,190,-26,349,-26" />
</Scene>
<Scene>
<INIT seed="4,1,0,1,5,46" ten="248,265,164,323" oya="0" hai0="43,18,91,65,96,51,60,107,28,22,76,100,55" hai1="56,36,64,98,34,25,94,131,19,54,41,86,129" hai2="63,6,24,95,73,12,9,135,30,103,75,117,99" hai3="61,14,40,125,70,31,67,52,121,74,115,33,23"/><T122/><D122/><U79/><E64/><V26/><F135/><W35/><G74/><T102/><D76/><U2/><E2/><V83/><F117/><W0/><G0/><T8/><D43/><U127/><E41/><V97/><F83/><W38/><G121/><T17/><D102/><U50/><E36/><V62/><F26/><W49/><G115/><T109/><D91/><U116/><E127/><V113/><F113/><W72/><G72/><T128/><D128/><U119/><E86/><V114/><F114/><W45/><G125/><T108/><D8/><U84/><E84/><V1/><F1/><W32/><G14/><T13/><D18/><U4/><E4/><V5/><F5/><W47/><REACH who="3" step="1"/><G23/><REACH who="3" ten="248,265,164,313" step="2"/><T101/><D22/><N who="1" m="13535" /><E34/><V66/><F75/><W20/><G20/><T68/><D13/><U112/><E112/><V123/><F73/><W27/><AGARI ba="1,1" hai="27,31,32,33,35,38,40,45,47,49,52,61,67,70" machi="27" ten="30,7900,0" yaku="1,1,0,1,52,1,54,1,53,0" doraHai="46" doraHaiUra="89" who="3" fromWho="3" sc="248,-40,265,-21,164,-21,313,92" />
</Scene>
<Scene>
<INIT seed="5,0,0,1,1,49" ten="208,244,143,405" oya="1" hai0="45,7,60,1,101,118,57,113,115,15,44,2,64" hai1="21,40,111,14,106,71,76,104,47,18,100,110,87" hai2="5,31,91,73,108,105,70,48,33,93,62,22,54" hai3="29,72,58,102,68,123,28,6,43,46,32,125,124"/><U50/><E71/><V114/><F108/><N who="1" m="41513" /><E100/><V30/><F105/><W67/><G123/><T61/><D118/><U11/><E21/><V88/><F73/><W80/><G68/><T122/><D122/><U12/><E12/><V74/><F74/><W109/><G109/><T10/><D101/><U8/><E8/><V127/><F33/><W34/><G6/><T36/><D1/><U116/><E116/><V69/><F127/><N who="3" m="48715" /><G102/><T56/><D2/><U82/><AGARI ba="0,0" hai="11,14,18,40,47,50,76,82,87,104,106" m="41513" machi="82" ten="30,1500,0" yaku="10,1" doraHai="49" who="1" fromWho="1" sc="208,-5,244,15,143,-5,405,-5" />
</Scene>
<Scene>
<INIT seed="5,1,0,2,5,19" ten="203,259,138,400" oya="1" hai0="109,87,124,82,47,36,31,104,112,5,81,41,0" hai1="30,39,40,123,117,20,68,85,55,101,115,120,18" hai2="75,97,10,8,57,13,135,130,35,107,37,131,70" hai3="76,7,6,29,134,24,106,66,60,43,114,73,125"/><U127/><E117/><V11/><F70/><W128/><G43/><T63/><D104/><U44/><E68/><V49/><F37/><W71/><G106/><T21/><D112/><U14/><E115/><V51/><F75/><W92/><G114/><T86/><D124/><U99/><E127/><V22/><F35/><W58/><G125/><T9/><D109/><U88/><E55/><V28/><F135/><W93/><G73/><T132/><D132/><U16/><E30/><V102/><F57/><W15/><G76/><T119/><D119/><U90/><E18/><N who="2" m="10575" /><F28/><W59/><G134/><T129/><D129/><AGARI ba="1,0" hai="8,10,11,49,51,97,102,107,129,130,131" m="10575" machi="129" ten="30,2000,0" yaku="19,1,52,1" doraHai="19" who="2" fromWho="0" sc="203,-23,259,0,138,23,400,0" />
</Scene>
<Scene>
<INIT seed="6,0,0,0,1,129" ten="180,259,161,400" oya="2" hai0="15,17,117,8,91,83,97,122,70,11,29,25,23" hai1="128,115,121,30,34,90,89,50,60,88,94,87,84" hai2="32,101,66,63,18,67,38,5,47,43,81,51,37" hai3="116,42,53,4,46,77,62,92,14,61,6,40,57"/><V108/><F32/><W74/><G116/><T93/><D70/><U2/><E2/><V131/><F131/><W45/><G74/><T28/><D122/><U125/><E128/><V33/><F33/><W0/><G0/><T109/><D109/><U22/><E34/><V27/><F108/><W68/><G77/><T111/><D111/><U96/><E115/><V24/><F5/><W80/><G80/><T130/><D130/><U58/><E125/><V20/><F101/><W135/><G92/><T110/><D117/><U1/><E50/><V69/><F81/><W103/><G103/><T72/><D110/><U75/><E1/><V73/><F73/><W114/><G14/><T102/><D11/><U86/><E75/><V59/><F67/><W76/><G76/><T107/><D72/><U55/><E121/><V118/><F118/><W10/><G10/><T36/><D36/><U21/><E30/><V106/><F106/><W48/><G114/><T133/><D83/><U19/><E22/><V120/><F120/><W52/><G68/><T71/><D71/><U99/><E99/><V64/><F38/><W119/><G119/><T9/><D9/><U112/><E112/><V12/><F66/><W98/><G98/><T95/><D107/><U35/><E35/><V124/><F124/><W41/><G4/><T123/><D123/><U56/><E56/><V39/><F39/><W31/><G57/><T16/><D133/><U7/><E7/><V49/><F49/><W13/><G48/><T85/><AGARI ba="0,0" hai="8,15,16,17,23,25,28,29,85,91,93,95,97,102" machi="85" ten="20,5200,0" yaku="0,1,7,1,8,1,54,1" doraHai="129" who="0" fromWho="0" sc="180,52,259,-13,161,-26,400,-13" />
</Scene>
<Scene>
<INIT seed="7,0,0,2,2,92" ten="232,246,135,387" oya="3" hai0="95,65,20,41,110,111,44,107,7,59,105,135,1" hai1="70,33,57,124,75,26,103,94,133,61,25,16,97" hai2="62,66,37,113,128,74,53,102,38,126,100,13,117" hai3="121,15,79,78,46,84,87,36,101,12,91,115,90"/><W98/><G46/><T8/><D135/><U71/><E133/><V85/><F117/><W129/><G36/><N who="0" m="21543" /><D20/><U64/><E75/><V89/><F113/><W49/><G129/><T132/><D95/><U108/><E108/><N who="0" m="41513" /><D59/><U130/><E130/><V120/><F128/><W18/><G49/><T55/><D55/><U99/><E124/><V9/><F74/><W114/><G101/><T5/><D132/><U73/><E73/><V22/><F126/><W63/><G63/><T47/><D65/><U17/><E97/><V81/><F120/><W27/><G27/><T50/><D50/><U125/><E125/><V51/><F37/><W76/><G76/><T34/><D47/><U2/><E2/><V116/><F22/><W42/><G42/><T86/><D86/><U119/><E119/><V14/><F116/><W52/><G52/><T28/><D7/><U30/><E26/><AGARI ba="0,0" hai="1,5,8,26,28,34,105,107" m="41513,21543" machi="26" ten="30,1000,0" yaku="23,1" doraHai="92" who="0" fromWho="1" sc="232,10,246,-10,135,0,387,0" owari="242,4.0,236,-16.0,135,-36.0,387,48.0" />
</Scene>
</mjloggm>