<mjloggm ver="2.3"><GO type="169" lobby="0"/><UN n0="%E5%A4%AA%E3%81%8F%E3%81%AA%E3%81%84%E3%81%8A" n1="%EF%BC%A4%EF%BC%B2%EF%BC%AF%EF%BC%B0" n2="%74%61%6B%61%2D%31%31%36" n3="%72%61%6E%61%2A" dan="18,16,16,16" rate="2191.32,2025.44,2010.84,2080.23" sx="M,M,M,F"/><TAIKYOKU oya="0"/>

<Scene>
<INIT seed="0,0,0,3,5,73" ten="250,250,250,250" oya="0" hai0="74,113,98,126,135,10,47,39,48,99,21,68,4" hai1="116,27,7,89,41,14,100,18,120,9,37,1,123" hai2="49,122,105,17,56,77,86,24,96,104,87,70,78" hai3="20,25,59,19,76,61,108,106,109,53,112,23,132"/><T75/><D113/><U55/><E116/><V79/><F122/><W81/><G112/><T3/><D68/><U133/><E100/><V125/><F70/><W32/><G132/><T92/><D39/><U80/><E133/><V103/><F105/><W101/><G101/><T82/><D135/><U42/><E27/><V58/><F125/><W31/><G106/><T84/><D126/><U38/><E38/><V40/><F58/><W62/><G62/><T102/><D21/><U33/><E33/><V11/><F24/><W85/><REACH who="3" step="1"/><G32/><REACH who="3" ten="250,250,250,240" step="2"/><T36/><D98/><U134/><E134/><V52/><REACH who="2" step="1"/><F40/><REACH who="2" ten="250,250,240,240" step="2"/><W118/><G118/><T51/><D36/><U5/><E37/><V43/><F43/><W71/><G71/><T6/><D51/><U88/><E41/><V2/><F2/><W129/><G129/><T119/><D119/><U111/><E1/><V30/><F30/><W16/><G16/><T44/><D6/><U63/><E5/><V22/><F22/><W131/><G131/><T45/><REACH who="0" step="1"/><D48/><REACH who="0" ten="240,250,240,240" step="2"/><U29/><E7/><V91/><F91/><AGARI ba="0,3" hai="3,4,10,44,45,47,74,75,82,84,91,92,99,102" machi="91" ten="40,3900,0" yaku="1,1,2,1,53,0" doraHai="73" doraHaiUra="72" who="0" fromWho="2" sc="240,69,250,0,240,-39,240,0" />
</Scene>
<Scene>
<INIT seed="0,1,0,3,0,46" ten="309,250,201,240" oya="0" hai0="79,110,53,7,24,112,56,0,20,67,107,113,19" hai1="8,73,131,85,48,3,93,58,64,71,29,2,1" hai2="80,98,92,38,89,34,122,15,105,109,59,68,134" hai3="118,117,121,114,69,45,57,72,127,94,60,70,115"/><T99/><D67/><U77/><E73/><V84/><F68/><N who="3" m="26219" /><G94/><T18/><D79/><U22/><E131/><V43/><F34/><W102/><G102/><T108/><D7/><U49/><E71/><V106/><F122/><W126/><G72/><T81/><D0/><U51/><E8/><V74/><F74/><W96/><G96/><T135/><D81/><U120/><E120/><V35/><F35/><W101/><G101/><N who="0" m="62911" /><D19/><U95/><E77/><V82/><F82/><W16/><G45/><T133/><D113/><N who="3" m="43017" /><G16/><N who="0" m="12295" /><D112/><U55/><E64/><V88/><F80/><W62/><G121/><T11/><D18/><U40/><E40/><V30/><F43/><W39/><G39/><T123/><D11/><U76/><E76/><V37/><F105/><W33/><G33/><T124/><D123/><U27/><REACH who="1" step="1"/><E85/><REACH who="1" ten="309,240,201,240" step="2"/><V47/><F84/><W100/><G100/><T14/><D133/><U104/><E104/><V25/><F134/><W87/><G87/><T103/><D103/><U75/><E75/><V10/><F106/><W50/><G118/><T91/><D135/><U83/><E83/><V129/><F89/><W32/><G117/><T44/><D91/><U61/><AGARI ba="1,1" hai="1,2,3,22,27,29,48,49,51,55,58,61,93,95" machi="61" ten="40,8000,1" yaku="1,1,0,1,52,3,53,0" doraHai="46" doraHaiUra="5" who="1" fromWho="1" sc="309,-41,240,93,201,-21,240,-21" />
</Scene>
<Scene>
<INIT seed="1,0,0,2,4,55" ten="268,333,180,219" oya="1" hai0="96,128,50,121,111,12,36,130,91,21,11,100,20" hai1="17,0,27,74,37,40,77,81,41,29,7,3,65" hai2="23,87,85,19,43,86,58,88,119,73,92,63,8" hai3="4,13,68,95,6,5,72,107,99,2,15,53,104"/><U108/><E17/><V62/><F119/><W47/><G72/><T24/><D36/><U51/><E65/><V134/><F134/><W22/><G68/><T44/><D91/><U10/><E0/><V60/><F73/><W75/><G75/><T133/><D111/><U135/><E135/><V1/><F43/><W52/><G2/><T33/><D121/><U49/><E108/><V105/><F105/><N who="3" m="40523" /><G47/><T70/><D70/><U28/><E40/><V106/><F106/><W67/><G22/><T103/><D33/><N who="1" m="20639" /><E29/><V90/><F1/><W61/><G61/><N who="2" m="23657" /><F8/><W31/><G31/><T98/><D133/><U114/><E114/><V94/><F94/><W59/><G95/><T131/><D11/><U71/><E71/><V38/><F38/><W45/><G99/><T32/><D32/><U79/><E79/><V9/><F9/><W54/><G45/><AGARI ba="0,0" hai="3,7,10,37,41,45,49,51,74,77,81" m="20639" machi="45" ten="30,1500,0" yaku="25,1" doraHai="55" who="1" fromWho="3" sc="268,0,333,15,180,0,219,-15" />
</Scene>
<Scene>
<INIT seed="1,1,0,2,0,126" ten="268,348,180,204" oya="1" hai0="120,115,20,36,62,47,7,38,1,98,127,90,112" hai1="46,21,130,99,53,116,55,37,107,12,119,75,51" hai2="122,135,50,109,121,39,33,27,134,73,58,123,25" hai3="88,108,9,118,31,23,44,30,19,22,66,64,2"/><U18/><E37/><V102/><F39/><W8/><G108/><T128/><D127/><U105/><E75/><V79/><F109/><W92/><G118/><T97/><D20/><U70/><E70/><V56/><F102/><W82/><G82/><T133/><D62/><U114/><E114/><V59/><F50/><W26/><G44/><T43/><D38/><U76/><E76/><V3/><F3/><W5/><G9/><N who="0" m="2287" /><D90/><U77/><E77/><V13/><F13/><W60/><G23/><T95/><D95/><U15/><E99/><N who="0" m="37897" /><D133/><N who="2" m="50698" /><F33/><W91/><G91/><T89/><D89/><U117/><E117/><V10/><F10/><W80/><G80/><AGARI ba="1,0" hai="25,27,56,58,59,73,79,80,121,122,123" m="50698" machi="80" ten="40,1300,0" yaku="20,1" doraHai="126" who="2" fromWho="3" sc="268,0,348,0,180,16,204,-16" />
</Scene>
<Scene>
<INIT seed="2,0,0,2,2,128" ten="268,348,196,188" oya="2" hai0="97,77,90,0,14,75,84,117,9,24,134,105,132" hai1="53,87,16,27,65,56,37,91,110,42,5,2,39" hai2="93,104,32,109,127,34,44,80,52,102,50,108,92" hai3="18,6,122,95,35,88,29,119,101,22,26,46,60"/><V40/><F127/><W31/><G122/><T33/><D0/><U121/><E65/><V67/><F67/><W114/><G119/><T81/><D117/><U36/><E110/><N who="2" m="42603" /><F80/><W3/><G101/><N who="0" m="62639" /><D24/><U28/><E121/><V1/><F1/><W71/><G114/><T4/><D33/><N who="2" m="12906" /><F104/><W79/><G71/><T89/><D89/><U130/><E130/><V8/><F102/><W103/><G103/><T7/><D7/><U13/><E5/><V94/><F8/><W12/><G6/><T131/><D131/><U107/><E2/><V58/><F94/><AGARI ba="0,0" hai="4,9,14,75,77,81,84,90,94,132,134" m="62639" machi="94" ten="30,3900,0" yaku="24,1,52,2" doraHai="128" who="0" fromWho="2" sc="268,39,348,0,196,-39,188,0" />
</Scene>
<Scene>
<INIT seed="3,0,0,0,3,8" ten="307,348,157,188" oya="3" hai0="105,115,112,16,46,43,61,64,129,113,65,94,128" hai1="29,127,86,122,131,104,109,89,82,32,57,120,107" hai2="22,56,119,80,28,41,48,11,51,0,91,135,96" hai3="19,58,133,40,12,3,66,77,10,83,116,114,76"/><W30/><G116/><T69/><D105/><N who="1" m="40523" /><E57/><V14/><F119/><W92/><G133/><T37/><D94/><U81/><E29/><V99/><F135/><W68/><G68/><N who="0" m="41999" /><D16/><U125/><E32/><V87/><F0/><W38/><G114/><T126/><D126/><N who="1" m="48139" /><E109/><V9/><F41/><W45/><G92/><T33/><D33/><U2/><E2/><V108/><F108/><W31/><G77/><T4/><D4/><U72/><E131/><V111/><F111/><W71/><G71/><T67/><D69/><U98/><E98/><N who="2" m="37419" /><F11/><W118/><G118/><T6/><D6/><U84/><E72/><V60/><F22/><W110/><G110/><T132/><D132/><U24/><E24/><V34/><F34/><W73/><REACH who="3" step="1"/><G3/><REACH who="3" ten="307,348,157,178" step="2"/><T52/><D128/><U47/><E122/><V75/><F75/><W134/><G134/><T35/><D129/><U79/><E120/><V74/><F74/><W18/><G18/><T121/><D121/><U90/><E79/><V39/><F28/><W25/><G25/><T123/><D123/><U49/><E81/><V54/><F39/><W70/><G70/><T44/><D35/><U95/><E82/><V27/><F27/><W15/><G15/><T85/><D85/><N who="1" m="32875" /><E95/><V1/><F1/><W100/><G100/><T42/><D115/><U97/><E97/><V5/><AGARI ba="0,1" hai="5,9,14,48,51,54,56,60,80,87,91" m="37419" machi="5" ten="30,2000,0" yaku="8,1,52,1" doraHai="8" who="2" fromWho="2" sc="307,-5,348,-5,157,30,178,-10" />
</Scene>
<Scene>
<INIT seed="4,0,0,1,2,1" ten="302,343,187,168" oya="0" hai0="83,62,3,2,8,40,11,67,61,122,101,126,116" hai1="103,36,19,128,91,68,39,80,54,41,50,44,26" hai2="71,73,58,79,115,124,38,110,117,78,65,37,81" hai3="130,132,23,85,27,119,100,69,121,99,112,6,32"/><T120/><D116/><U76/><E128/><V87/><F110/><W82/><G32/><T55/><D126/><U114/><E103/><V31/><F71/><W125/><G69/><T47/><D101/><U21/><E68/><V24/><F117/><W108/><G119/><T135/><D135/><U84/><E114/><V22/><F124/><W49/><G108/><T9/><D83/><U133/><E133/><V10/><F115/><W0/><G132/><T46/><D55/><U88/><REACH who="1" step="1"/><E39/><REACH who="1" ten="302,333,187,168" step="2"/><V134/><F38/><W107/><G112/><T48/><D122/><U18/><E18/><V102/><F37/><W7/><G130/><T51/><D120/><U92/><E92/><V5/><F102/><W131/><G131/><T59/><D61/><U14/><E14/><V129/><F129/><W77/><G121/><T93/><D93/><U98/><E98/><V74/><F134/><W106/><G106/><T118/><D118/><U53/><E53/><V90/><F65/><W13/><G125/><T35/><D2/><U75/><E75/><V113/><F113/><W123/><G0/><T127/><D127/><U70/><E70/><V96/><F96/><W111/><G123/><T29/><D3/><U25/><E25/><V63/><F74/><W60/><G111/><T45/><D51/><U56/><AGARI ba="0,1" hai="19,21,26,36,41,44,50,54,56,76,80,84,88,91" machi="56" ten="20,5200,0" yaku="1,1,0,1,7,1,54,1,53,0" doraHai="1" doraHaiUra="34" who="1" fromWho="1" sc="302,-26,333,62,187,-13,168,-13" />
</Scene>
<Scene>
<INIT seed="5,0,0,5,1,134" ten="276,395,174,155" oya="1" hai0="74,114,23,6,96,19,0,97,34,70,13,105,115" hai1="4,48,83,130,117,62,120,20,17,28,69,108,39" hai2="67,47,125,22,123,124,24,110,16,85,71,102,107" hai3="31,116,68,33,18,131,27,2,30,12,119,7,122"/><U26/><E39/><V84/><F110/><W38/><G68/><T109/><D109/><U77/><E117/><N who="3" m="45130" /><G38/><T65/><D74/><U52/><E4/><V60/><F123/><W14/><G122/><T50/><D34/><U78/><E108/><V82/><F82/><W128/><G31/><T100/><D50/><U113/><E120/><V73/><F73/><W37/><G37/><T86/><D86/><U135/><E135/><V49/><F107/><W25/><G25/><T55/><D55/><U81/><E113/><N who="0" m="43017" /><D97/><U111/><E111/><V11/><F102/><W118/><N who="3" m="45138" /><W94/><DORA hai="42" /><G94/><T127/><D127/><N who="2" m="48714" /><F11/><N who="3" m="2551" /><G12/><T98/><D105/><U51/><E83/><V3/><F3/><W90/><G90/><T126/><D100/><U101/><E101/><V53/><AGARI ba="0,0" hai="16,22,24,47,49,53,60,67,71,84,85" m="48714" machi="53" ten="30,12000,2" yaku="18,1,52,4,54,1" doraHai="134,42" who="2" fromWho="2" sc="276,-30,395,-60,174,120,155,-30" />
</Scene>
<Scene>
<INIT seed="6,0,0,4,0,113" ten="246,335,294,125" oya="2" hai0="56,8,89,72,58,134,107,103,125,130,65,108,132" hai1="21,62,63,48,120,110,94,9,123,35,40,114,80" hai2="11,28,69,25,39,105,0,47,4,92,122,79,127" hai3="97,131,111,83,13,30,29,26,12,41,31,109,27"/><V106/><F122/><N who="1" m="46633" /><E35/><V15/><F69/><W33/><G41/><T53/><D108/><N who="3" m="41545" /><G97/><N who="0" m="61935" /><D72/><U64/><E110/><V14/><F127/><W10/><G83/><T57/><D65/><U18/><E9/><V73/><F92/><W42/><G42/><T96/><D125/><U95/><E80/><N who="2" m="45167" /><F15/><N who="3" m="5707" /><G10/><T87/><D96/><U50/><E114/><V77/><F14/><W66/><G66/><T93/><D8/><U22/><E63/><V45/><F45/><W117/><G131/><T126/><D126/><U20/><E18/><V37/><F77/><W68/><G68/><T55/><D130/><U61/><E61/><V32/><F47/><W19/><G19/><T52/><D58/><N who="1" m="36951" /><E50/><V78/><F78/><W116/><G33/><T118/><D57/><U119/><E119/><AGARI ba="0,0" hai="26,27,29,30,31,116,117,119" m="5707,41545" machi="119" ten="40,12000,2" yaku="28,2,34,2,52,3" doraHai="113" who="3" fromWho="1" sc="246,0,335,-120,294,0,125,120" />
</Scene>
<Scene>
<INIT seed="7,0,0,1,4,78" ten="246,215,294,245" oya="3" hai0="81,8,106,111,29,123,125,41,68,44,69,11,6" hai1="19,84,82,7,77,14,17,103,15,117,132,0,43" hai2="122,128,66,95,46,72,61,3,70,108,10,90,120" hai3="36,91,80,76,124,121,129,88,4,110,112,116,87"/><W33/><G36/><T105/><D111/><U22/><E132/><V79/><F108/><W115/><G33/><T131/><D123/><N who="2" m="47146" /><F128/><W85/><G121/><T53/><D131/><U30/><E117/><V26/><F26/><W113/><G129/><T94/><D125/><U97/><E30/><V114/><F114/><W59/><G4/><T20/><D53/><U23/><E43/><V74/><F79/><W98/><G116/><T118/><D118/><U39/><E39/><V31/><F31/><W18/><G18/><T13/><D94/><U71/><E71/><V24/><F24/><W60/><G110/><T133/><D133/><U127/><E127/><V102/><F102/><W126/><G98/><T58/><D29/><U100/><REACH who="1" step="1"/><E97/><REACH who="1" ten="246,205,294,245" step="2"/><N who="2" m="57591" /><F46/><W28/><G28/><T40/><D44/><U37/><E37/><V93/><F93/><N who="3" m="54415" /><G126/><T52/><D106/><U21/><E21/><V2/><F10/><AGARI ba="0,1" hai="0,7,10,14,15,17,19,22,23,77,82,84,100,103" machi="10" ten="40,8000,1" yaku="1,1,9,1,52,1,53,2" doraHai="78" doraHaiUra="9" who="1" fromWho="2" sc="246,0,205,90,294,-80,245,0" />
</Scene>
<Scene>
<INIT seed="8,0,0,1,0,23" ten="246,295,214,245" oya="0" hai0="37,42,0,122,115,76,100,51,123,3,53,46,71" hai1="11,105,48,17,26,16,54,90,50,49,118,34,29" hai2="133,57,101,9,91,98,40,69,93,68,109,64,66" hai3="35,59,99,31,72,22,74,7,129,117,130,106,15"/><T44/><D115/><U58/><E118/><V110/><F133/><W33/><G117/><T125/><D71/><U27/><E105/><V24/><F40/><W102/><G59/><T47/><D125/><U36/><E36/><V10/><F101/><W41/><G41/><T127/><D127/><U63/><E11/><V87/><F87/><W111/><G111/><T119/><D119/><U25/><E34/><N who="3" m="12810" /><G7/><T120/><D76/><U81/><E29/><V13/><F24/><N who="3" m="16791" /><G15/><T95/><D46/><U94/><E81/><V89/><F13/><W107/><G107/><T14/><D14/><U113/><E113/><V5/><F5/><W52/><G52/><T116/><D116/><U19/><E63/><V80/><F80/><W131/><AGARI ba="0,0" hai="72,74,99,102,106,129,130,131" m="16791,12810" machi="131" ten="40,2700,0" yaku="19,1,52,1" doraHai="23" who="3" fromWho="3" sc="246,-13,295,-7,214,-7,245,27" />
</Scene>
<Scene>
<INIT seed="9,0,0,1,2,8" ten="233,288,207,272" oya="1" hai0="83,51,118,31,24,107,5,23,134,96,71,37,77" hai1="44,35,3,93,55,89,58,117,64,4,131,74,135" hai2="46,65,125,114,42,53,18,28,62,13,59,60,78" hai3="111,36,119,57,15,68,26,29,48,67,39,6,82"/><U76/><E35/><V2/><F125/><W100/><G111/><T14/><D37/><U11/><E117/><V81/><F2/><W73/><G68/><T129/><D118/><U116/><E116/><V27/><F114/><W102/><G119/><T70/><D134/><U63/><E135/><V69/><F28/><W56/><G39/><T19/><D5/><U45/><E131/><V10/><F27/><W22/><G36/><T86/><D129/><U101/><E101/><V123/><F123/><W66/><G82/><T91/><D51/><U7/><E7/><V43/><REACH who="2" step="1"/><F46/><REACH who="2" ten="233,288,197,272" step="2"/><W106/><G26/><T113/><D113/><U108/><E45/><V128/><F128/><W97/><G29/><T88/><D77/><U25/><E25/><V17/><F17/><W104/><G6/><T79/><D79/><U34/><E34/><V130/><F130/><W75/><G75/><AGARI ba="0,1" hai="10,13,18,42,43,53,59,60,62,65,69,75,78,81" machi="75" ten="30,3900,0" yaku="1,1,7,1,52,1,53,0" doraHai="8" doraHaiUra="20" who="2" fromWho="3" sc="233,0,288,0,197,49,272,-39" />
</Scene>
<Scene>
<INIT seed="10,0,0,4,2,87" ten="233,288,246,233" oya="2" hai0="71,53,102,92,14,69,88,84,90,46,121,107,36" hai1="9,117,64,81,41,126,133,77,60,49,75,82,19" hai2="89,2,18,66,7,8,28,56,58,50,17,128,132" hai3="118,20,23,31,97,93,70,33,15,51,94,86,72"/><V112/><F112/><W61/><G72/><T34/><D121/><U47/><E126/><V39/><F39/><W120/><G120/><T114/><D114/><U127/><E127/><V55/><F128/><W48/><G33/><T4/><D34/><U26/><E133/><V0/><F0/><W59/><G70/><T122/><D122/><U115/><E115/><V3/><F3/><W80/><G118/><T12/><D107/><U5/><E117/><V13/><F132/><W1/><G1/><T85/><D102/><U108/><E108/><V125/><F125/><W68/><G68/><T110/><D110/><U95/><E5/><V106/><F106/><W73/><G73/><T63/><D36/><U27/><E81/><V22/><F28/><W74/><G74/><T42/><D69/><U124/><E124/><V135/><F135/><W123/><G123/><T57/><D71/><U40/><E40/><V131/><F131/><W134/><G134/><T96/><D4/><U111/><E111/><V11/><F89/><N who="3" m="51399" /><G31/><T78/><D78/><U130/><E77/><V29/><F29/><W98/><G15/><T116/><D116/><U113/><E113/><V24/><REACH who="2" step="1"/><F66/><REACH who="2" ten="233,288,236,233" step="2"/><N who="3" m="39231" /><G98/><T21/><D96/><U67/><E130/><V35/><F35/><W54/><G97/><T6/><D90/><U109/><E109/><V30/><F30/><W105/><G105/><T91/><D91/><U76/><E67/><V99/><F99/><W44/><G51/><N who="0" m="27095" /><D88/><U104/><E104/><V129/><F129/><W101/><G101/><T62/><D92/><AGARI ba="0,1" hai="20,23,44,48,54,92,93,94" m="39231,51399" machi="92" ten="30,2000,0" yaku="8,1,52,1" doraHai="87" who="3" fromWho="0" sc="233,-20,288,0,236,0,233,30" />
</Scene>
<Scene>
<INIT seed="11,0,0,4,5,63" ten="213,288,236,263" oya="3" hai0="90,39,134,4,31,13,41,65,3,80,129,48,7" hai1="106,50,49,130,27,82,5,36,111,45,91,115,128" hai2="68,114,108,2,74,133,92,94,22,35,89,104,75" hai3="67,112,0,87,55,73,135,77,24,93,12,96,10"/><W30/><G73/><T42/><D39/><U56/><E111/><V122/><RYUUKYOKU type="yao9" ba="0,0" sc="213,0,288,0,236,0,263,0" hai2="2,22,35,68,74,75,89,92,94,104,108,114,122,133" />
</Scene>
<Scene>
<INIT seed="11,1,0,1,3,60" ten="213,288,236,263" oya="3" hai0="15,73,26,109,35,92,88,65,21,96,63,129,101" hai1="108,123,12,80,42,119,5,135,124,68,45,38,79" hai2="69,90,110,112,8,27,98,122,29,64,74,55,22" hai3="100,3,4,118,127,52,51,105,9,46,131,56,86"/><W91/><G118/><T76/><D109/><U33/><E33/><V99/><F112/><W128/><G127/><T102/><D35/><U103/><E68/><V19/><F74/><W28/><G28/><T40/><D129/><N who="3" m="49737" /><G100/><T43/><D15/><U132/><E123/><V66/><F69/><W30/><G30/><N who="0" m="17743" /><D73/><N who="1" m="43119" /><E103/><N who="0" m="39433" /><D76/><U130/><E130/><V113/><F113/><W97/><G97/><N who="2" m="36873" /><F110/><W44/><G105/><T58/><AGARI ba="1,0" hai="40,43,58,63,65,88,92,96" m="39433,17743" machi="58" ten="30,4000,0" yaku="8,1,52,1,54,1" doraHai="60" who="0" fromWho="0" sc="213,43,288,-11,236,-11,263,-21" owari="256,6.0,277,37.0,225,-27.0,242,-16.0" />
</Scene>
</mjloggm>