<mjloggm ver="2.3"><GO type="169" lobby="0"/><UN n0="%E5%8C%97%E3%81%AE%E5%AF%BE%E5%AD%90%E8%90%BD%E3%81%A8%E3%81%97" n1="%E4%B8%AD%E6%9D%91%E8%B1%AA" n2="%E6%9D%8E%E7%A9%8E%E8%97%8D" n3="%E5%A4%AA%E3%81%8F%E3%81%AA%E3%81%84%E3%81%8A" dan="16,17,16,17" rate="2047.22,2141.73,2149.22,2167.39" sx="M,M,M,F"/><TAIKYOKU oya="0"/>

<Scene>
<INIT seed="0,0,0,2,0,74" ten="250,250,250,250" oya="0" hai0="85,52,131,40,46,83,122,95,78,14,67,109,59" hai1="127,33,48,134,111,77,104,12,18,9,96,47,53" hai2="92,94,121,73,72,29,16,87,99,30,123,130,93" hai3="125,120,50,81,23,88,91,102,124,64,107,63,43"/><T108/><BYE who="1" /><D131/><U22/><E22/><V49/><F130/><W32/><G32/><T39/><D122/><N who="2" m="46602" /><F49/><W114/><G114/><T128/><D128/><U0/><E0/><V55/><F55/><W27/><G120/><UN n1="%E4%B8%AD%E6%9D%91%E8%B1%AA" /><T100/><D14/><U61/><E33/><V112/><F112/><W132/><G102/><T1/><D1/><U66/><E111/><N who="0" m="42569" /><D67/><U126/><E134/><V44/><F44/><N who="3" m="25887" /><G107/><T71/><D71/><U57/><E104/><V98/><F87/><W86/><G132/><T56/><D52/><U4/><E96/><AGARI ba="0,0" hai="39,40,46,56,59,78,83,85,95,96,100" m="42569" machi="96" ten="30,5800,0" yaku="14,1,10,1,52,1" doraHai="74" who="0" fromWho="1" sc="250,58,250,-58,250,0,250,0" />
</Scene>
<Scene>
<INIT seed="0,1,0,0,5,86" ten="308,192,250,250" oya="0" hai0="8,118,5,19,119,103,32,121,100,34,114,60,16" hai1="51,53,63,62,111,123,79,92,3,94,49,122,89" hai2="88,129,78,13,46,115,44,67,21,93,76,74,38" hai3="40,127,102,57,23,99,7,30,132,124,66,61,37"/><T120/><D60/><N who="1" m="23083" /><E3/><V35/><F115/><W116/><G116/><T11/><REACH who="0" step="1"/><D5/><REACH who="0" ten="298,192,250,250" step="2"/><U104/><E123/><V10/><F129/><W41/><G61/><T9/><D9/><U70/><E122/><V12/><F67/><W42/><G7/><T64/><D64/><U130/><E70/><V52/><F38/><W24/><G37/><T97/><D97/><U45/><E130/><V59/><F35/><W125/><G66/><T87/><D87/><U31/><E111/><V22/><F74/><W134/><REACH who="3" step="1"/><G57/><REACH who="3" ten="298,192,250,240" step="2"/><T29/><D29/><U47/><E31/><V14/><F59/><W27/><G27/><T133/><D133/><U91/><E104/><AGARI ba="1,2" hai="23,24,30,40,41,42,99,102,104,124,125,127,132,134" machi="104" ten="50,8000,1" yaku="1,1,18,1,53,3" doraHai="86" doraHaiUra="135" who="3" fromWho="1" sc="298,0,192,-83,250,0,240,103" />
</Scene>
<Scene>
<INIT seed="1,0,0,4,2,95" ten="298,109,250,343" oya="1" hai0="64,30,135,14,59,65,134,24,71,132,124,85,33" hai1="31,112,101,70,51,90,12,73,46,54,0,17,9" hai2="96,36,20,32,47,117,115,1,82,62,118,93,69" hai3="15,127,67,131,107,86,119,23,123,130,110,53,83"/><U63/><E70/><V77/><F32/><W40/><G123/><T121/><D124/><U26/><E73/><V49/><F36/><W55/><G107/><T68/><D121/><U50/><E112/><V39/><F39/><W25/><G127/><T126/><D126/><U10/><E63/><V84/><F1/><W116/><G110/><T113/><D113/><U99/><E90/><V41/><F115/><W6/><G40/><T125/><D125/><U88/><E51/><V22/><F117/><N who="3" m="45131" /><G67/><N who="0" m="25675" /><D59/><U5/><E88/><N who="2" m="55335" /><F69/><N who="0" m="26698" /><D14/><U56/><E56/><V72/><F72/><W19/><G6/><T3/><D85/><U111/><E111/><V108/><F108/><W35/><G15/><T105/><D3/><U97/><REACH who="1" step="1"/><E101/><REACH who="1" ten="298,99,250,343" step="2"/><V102/><F118/><W122/><G122/><T128/><D128/><U21/><AGARI ba="0,1" hai="0,5,9,10,12,17,21,26,31,46,50,54,97,99" machi="21" ten="20,18000,2" yaku="1,1,2,1,0,1,7,1,52,2,53,0" doraHai="95" doraHaiUra="79" who="1" fromWho="1" sc="298,-60,99,190,250,-60,343,-60" />
</Scene>
<Scene>
<INIT seed="1,1,0,1,3,123" ten="238,289,190,283" oya="1" hai0="121,100,51,27,127,122,28,17,66,20,71,98,119" hai1="46,96,0,22,74,67,6,132,65,93,94,68,83" hai2="70,82,75,55,10,50,37,56,128,54,104,130,108" hai3="78,97,33,38,87,72,14,2,129,111,84,113,64"/><U89/><E132/><V1/><F70/><W116/><G2/><T18/><D127/><U117/><E117/><V120/><F120/><N who="0" m="46186" /><D119/><U52/><E68/><V12/><F1/><W61/><G38/><T81/><D81/><U44/><E6/><V57/><F37/><W85/><G33/><T69/><D51/><N who="1" m="28775" /><E0/><V99/><F108/><W124/><G111/><T9/><D9/><U107/><E74/><V63/><F82/><W60/><G116/><T90/><D90/><N who="1" m="55351" /><E107/><V59/><F75/><W76/><G124/><T31/><D69/><U45/><E83/><V125/><F125/><W114/><G72/><T134/><D134/><U15/><E15/><V115/><F115/><W41/><G14/><T39/><D39/><U112/><E22/><V118/><F118/><W102/><G114/><T16/><D71/><U3/><E3/><V86/><F59/><W42/><G113/><T92/><D66/><N who="1" m="25099" /><E112/><V79/><F104/><W23/><G23/><T19/><AGARI ba="1,0" hai="16,17,18,19,20,27,28,31,92,98,100" m="46186" machi="19" ten="30,2000,0" yaku="13,1,54,1" doraHai="123" who="0" fromWho="0" sc="238,23,289,-11,190,-6,283,-6" />
</Scene>
<Scene>
<INIT seed="2,0,0,1,0,52" ten="261,278,184,277" oya="2" hai0="28,132,41,79,75,56,112,69,73,62,80,101,26" hai1="14,106,18,126,66,35,117,37,108,47,58,36,51" hai2="30,68,135,127,94,71,104,99,22,8,114,63,88" hai3="74,54,19,123,25,55,43,65,53,90,15,59,31"/><V96/><F114/><W91/><G74/><T86/><D112/><U105/><E35/><V98/><F135/><W81/><G123/><T20/><D132/><U24/><E117/><V129/><F129/><W115/><G43/><T4/><D69/><U84/><E24/><V70/><F127/><W95/><G115/><T67/><D4/><U1/><E1/><V39/><F39/><W10/><G81/><T107/><D41/><U29/><E29/><V77/><F77/><W78/><G78/><T21/><D107/><U87/><E108/><V61/><F8/><W45/><G45/><T6/><D6/><U50/><E126/><V97/><REACH who="2" step="1"/><F104/><REACH who="2" ten="261,278,174,277" step="2"/><W118/><G118/><T121/><D121/><U23/><E105/><V13/><F13/><W133/><G133/><T11/><D11/><U38/><E106/><V128/><F128/><W124/><G124/><T2/><D2/><U131/><E131/><V116/><F116/><W27/><G15/><T134/><D134/><U12/><E12/><V93/><F93/><W102/><G95/><T120/><D120/><U64/><E38/><V48/><F48/><W89/><G10/><T42/><D79/><U57/><E37/><V40/><F40/><W49/><G49/><T113/><D42/><N who="1" m="24951" /><E36/><V34/><F34/><W110/><G110/><T100/><D113/><U44/><E51/><V16/><F16/><W82/><G19/><T76/><D76/><U111/><E111/><V83/><F83/><W5/><G82/><T103/><D80/><U60/><E44/><V119/><F119/><W122/><G122/><T46/><D46/><RYUUKYOKU ba="0,1" sc="261,-15,278,15,174,15,277,-15" hai1="14,18,23,57,58,60,64,66,84,87" hai2="22,30,61,63,68,70,71,88,94,96,97,98,99" />
</Scene>
<Scene>
<INIT seed="2,1,1,3,2,46" ten="246,293,189,262" oya="2" hai0="107,40,91,1,18,77,63,28,50,69,86,38,36" hai1="9,3,37,57,130,108,133,127,7,49,134,52,99" hai2="13,20,103,64,112,97,19,65,47,5,51,111,33" hai3="114,62,58,78,81,43,104,74,129,60,79,14,4"/><V122/><F122/><W126/><G104/><T128/><D107/><U94/><E37/><V72/><F112/><W117/><G117/><T121/><D121/><U93/><E108/><V85/><F72/><W15/><G114/><T26/><D128/><U71/><E71/><V73/><F73/><W11/><G129/><T110/><D110/><U2/><E130/><V95/><F111/><W61/><G79/><T12/><D77/><U70/><E70/><V80/><F33/><W8/><G43/><T31/><D1/><U35/><E35/><V113/><F5/><W67/><REACH who="3" step="1"/><G126/><REACH who="3" ten="246,293,189,252" step="2"/><T119/><D40/><U100/><E127/><V48/><F113/><W98/><G98/><T96/><D96/><U124/><E124/><V92/><F92/><W123/><G123/><T131/><D131/><U89/><E3/><V118/><F118/><W0/><G0/><T84/><D119/><U25/><E134/><V44/><F44/><W59/><G59/><T34/><D69/><U21/><E133/><V24/><F13/><W32/><G32/><T27/><D12/><U125/><E125/><V115/><F115/><W53/><G53/><T6/><D34/><U29/><E89/><N who="2" m="51367" /><F47/><W87/><G87/><T76/><D84/><U39/><E39/><V41/><F41/><W120/><G120/><T135/><D91/><U30/><E93/><V105/><F105/><W88/><G88/><T83/><D38/><U109/><E109/><V54/><F54/><W56/><G56/><T132/><D36/><U116/><E116/><V75/><F75/><W42/><G42/><T17/><D132/><RYUUKYOKU ba="1,2" sc="246,-30,293,10,189,10,252,10" hai1="2,7,9,21,25,29,30,49,52,57,94,99,100" hai2="19,20,24,48,51,64,65,95,97,103" hai3="4,8,11,14,15,58,60,61,62,67,74,78,81" />
</Scene>
<Scene>
<INIT seed="2,2,2,3,2,112" ten="216,303,199,262" oya="2" hai0="121,86,78,123,45,115,44,131,53,124,107,15,113" hai1="6,48,133,5,127,25,110,61,100,52,26,3,108" hai2="82,91,126,101,135,50,128,22,41,99,125,74,63" hai3="81,65,54,56,13,57,68,28,88,17,21,122,104"/><V23/><F128/><W49/><G122/><T105/><D15/><U93/><E61/><V69/><F135/><W18/><G104/><T103/><D53/><U76/><E76/><V8/><F8/><N who="3" m="6311" /><G68/><T31/><D31/><U83/><E83/><V89/><F69/><W80/><G28/><T1/><D78/><U37/><E37/><V111/><F63/><N who="3" m="38119" /><G88/><N who="2" m="33865" /><F111/><W132/><G132/><T60/><D60/><U59/><E133/><V35/><F35/><W114/><G114/><T117/><D1/><U14/><E3/><V64/><F64/><W95/><G95/><T27/><D103/><U20/><E93/><N who="2" m="58607" /><F82/><W94/><G94/><T29/><D86/><U70/><E70/><V12/><F74/><W77/><G77/><T34/><D34/><U73/><E73/><V106/><F106/><W118/><G118/><T129/><D117/><U32/><E100/><V47/><F12/><AGARI ba="2,2" hai="12,18,21,49,54,57,80,81" m="38119,6311" machi="12" ten="30,1000,0" yaku="8,1" doraHai="112" who="3" fromWho="2" sc="216,0,303,0,199,-16,262,36" />
</Scene>
<Scene>
<INIT seed="3,0,0,5,0,95" ten="216,303,183,298" oya="3" hai0="70,1,10,126,9,57,29,109,92,131,14,106,113" hai1="59,43,72,76,58,31,46,102,27,134,51,97,110" hai2="75,20,130,28,88,127,32,17,123,19,35,103,111" hai3="98,56,135,133,115,80,125,37,12,55,34,104,33"/><W26/><G115/><T99/><D70/><U78/><E110/><V44/><F111/><W90/><G37/><T82/><D106/><U41/><E41/><V45/><F75/><W48/><G125/><T30/><D109/><U18/><E18/><V74/><F74/><W132/><G12/><T84/><D126/><U118/><E134/><V39/><F127/><W16/><G80/><T86/><D113/><U71/><E71/><V117/><F117/><W91/><G104/><T81/><D1/><U24/><E118/><V107/><F130/><W96/><G33/><T36/><D36/><U52/><E72/><V67/><F67/><W13/><G34/><T62/><D10/><U15/><E15/><V119/><F119/><W68/><G26/><T100/><D81/><U73/><E59/><V85/><F32/><W7/><G7/><N who="0" m="3391" /><D131/><U64/><E64/><V23/><F35/><W105/><G68/><T87/><D82/><U4/><E4/><V121/><F39/><W94/><G105/><T11/><D11/><U54/><E73/><V21/><F28/><W2/><G2/><T124/><D124/><U5/><E27/><V6/><F6/><W22/><G90/><T83/><D83/><U93/><E5/><V38/><F17/><W66/><G66/><AGARI ba="0,0" hai="29,30,57,62,66,84,86,87,92,99,100" m="3391" machi="66" ten="30,2000,0" yaku="8,1,52,1" doraHai="95" who="0" fromWho="3" sc="216,20,303,0,183,0,298,-20" />
</Scene>
<Scene>
<INIT seed="4,0,0,0,3,10" ten="236,303,183,278" oya="0" hai0="55,81,121,116,118,124,52,27,86,0,9,135,56" hai1="8,78,133,80,95,82,115,54,3,84,2,24,22" hai2="13,134,6,73,61,1,94,130,7,71,91,30,92" hai3="110,49,65,37,19,111,119,131,33,117,101,16,108"/><T47/><D121/><U21/><E133/><V53/><F1/><W4/><G37/><T69/><D69/><U74/><E95/><V122/><F122/><W57/><G101/><T11/><D135/><U125/><E125/><V98/><F73/><W64/><G33/><T96/><D124/><U113/><E54/><V85/><F134/><W104/><G104/><T39/><D0/><U123/><E123/><V36/><F36/><W100/><G100/><T103/><D27/><U40/><E40/><V26/><F130/><W72/><G72/><T23/><D23/><U62/><E62/><V129/><F129/><W120/><G131/><T68/><D68/><U42/><E42/><V29/><F71/><W109/><G120/><T106/><D39/><U127/><E127/><V46/><F13/><W15/><G4/><N who="2" m="1577" /><F26/><W75/><G75/><T107/><D106/><U5/><E3/><V32/><F32/><W59/><G108/><T128/><D128/><U25/><E25/><V76/><F76/><W43/><G43/><T38/><D38/><U51/><E24/><V50/><F61/><W20/><G49/><N who="0" m="28735" /><D116/><N who="3" m="44617" /><G20/><T90/><D118/><U99/><E22/><V66/><F66/><N who="3" m="25707" /><G15/><T67/><D67/><U83/><E21/><V79/><F79/><W28/><G28/><T14/><D14/><U132/><E132/><V44/><F44/><W102/><G102/><AGARI ba="0,0" hai="29,30,46,50,53,85,91,92,94,98,102" m="1577" machi="102" ten="30,1000,0" yaku="8,1" doraHai="10" who="2" fromWho="3" sc="236,0,303,0,183,10,278,-10" />
</Scene>
<Scene>
<INIT seed="5,0,0,4,1,79" ten="236,303,193,268" oya="1" hai0="37,65,69,2,30,125,7,31,39,20,89,70,62" hai1="51,68,99,102,11,32,18,95,52,0,48,119,5" hai2="109,10,100,8,127,16,13,43,98,120,88,66,115" hai3="85,117,108,59,67,122,27,129,92,77,56,49,29"/><U61/><E32/><V64/><F109/><W25/><G108/><T94/><D125/><U87/><E119/><V33/><F120/><W34/><G122/><T58/><D39/><U86/><E18/><V97/><F33/><W17/><G117/><T73/><D73/><U4/><E5/><V116/><F116/><W81/><G129/><T93/><D37/><U71/><E51/><V12/><F43/><W130/><G130/><T112/><D112/><U60/><E60/><V42/><F42/><W36/><G36/><T113/><D113/><U26/><E26/><V118/><F118/><W74/><G67/><N who="2" m="25641" /><F127/><W107/><G107/><T55/><D94/><U21/><E21/><V53/><F53/><W134/><G134/><T78/><D78/><U9/><E9/><N who="2" m="6159" /><F115/><W126/><G126/><T14/><D2/><U38/><E38/><V75/><F75/><W128/><G128/><T110/><D110/><U133/><E133/><V45/><F45/><W15/><G25/><T91/><D69/><U103/><E68/><V124/><F124/><W132/><G49/><T114/><D70/><U44/><E71/><V57/><F57/><W121/><G121/><T6/><D65/><U106/><E61/><V35/><F35/><W131/><G132/><T46/><D46/><U105/><E105/><N who="2" m="63631" /><F13/><W50/><G50/><T72/><D72/><U101/><E106/><V76/><F76/><W41/><G131/><T54/><D54/><U63/><E63/><V111/><F111/><W22/><G41/><T123/><D114/><U84/><AGARI ba="0,0" hai="0,4,11,44,48,52,84,86,87,95,99,101,102,103" machi="84" ten="30,3000,0" yaku="0,1,54,1" doraHai="79" who="1" fromWho="1" sc="236,-10,303,30,193,-10,268,-10" />
</Scene>
<Scene>
<INIT seed="5,1,0,5,0,75" ten="226,333,183,258" oya="1" hai0="13,99,6,96,85,60,37,101,66,134,126,90,119" hai1="48,16,111,58,105,8,56,94,87,112,113,80,72" hai2="127,135,74,116,102,61,10,47,100,83,15,89,86" hai3="1,17,128,2,64,49,31,32,92,7,24,51,21"/><U29/><E105/><V129/><F116/><W28/><G128/><T79/><D119/><U97/><E29/><V57/><F129/><W59/><G31/><T114/><D37/><U41/><E72/><V91/><F135/><W40/><G40/><T44/><D134/><U104/><E104/><V39/><F127/><W110/><G110/><T78/><D44/><N who="1" m="25615" /><E111/><V130/><F130/><W25/><G92/><N who="0" m="54351" /><D114/><N who="1" m="44139" /><E94/><V125/><F125/><W82/><G2/><T98/><D101/><U5/><E97/><V45/><F74/><W52/><G64/><T71/><D71/><U84/><E84/><V132/><F132/><W73/><G1/><T95/><D95/><U107/><E107/><V117/><F117/><W68/><G68/><T108/><D108/><U18/><E56/><V19/><F91/><W69/><G69/><T63/><D126/><U81/><E58/><V36/><F36/><W9/><G73/><T76/><D66/><U3/><E81/><V121/><F121/><W88/><G82/><T93/><D93/><U123/><E123/><V118/><F118/><W33/><G33/><T34/><D34/><U26/><E26/><V35/><F35/><W0/><REACH who="3" step="1"/><G88/><AGARI ba="1,0" hai="3,5,8,16,18,80,87,88" m="44139,25615" machi="88" ten="30,5800,0" yaku="15,1,54,2" doraHai="75" who="1" fromWho="3" sc="226,0,333,61,183,0,258,-61" />
</Scene>
<Scene>
<INIT seed="5,2,0,0,0,59" ten="226,394,183,197" oya="1" hai0="86,32,97,70,39,131,46,48,1,33,49,58,116" hai1="132,27,63,79,130,134,75,52,50,71,98,89,102" hai2="69,108,55,111,84,64,41,118,73,133,4,121,105" hai3="0,127,74,99,10,15,94,5,25,9,35,7,90"/><U125/><E89/><V117/><F4/><W62/><G74/><T11/><D70/><U40/><E40/><V92/><F121/><W103/><G127/><T53/><D39/><U13/><E130/><V81/><F41/><W106/><G35/><T123/><D116/><N who="2" m="44650" /><F55/><W68/><G25/><T43/><D123/><U30/><E13/><V3/><F64/><W16/><G5/><T83/><D131/><U95/><E125/><V80/><F69/><W77/><G77/><T128/><D128/><U88/><E102/><V2/><F3/><W45/><G45/><T51/><D97/><U65/><E79/><N who="2" m="44143" /><F2/><W26/><G26/><T20/><D1/><U114/><E75/><V107/><F92/><W8/><G8/><T78/><D11/><U82/><E82/><V124/><F133/><W57/><G68/><T19/><D51/><U54/><E50/><V104/><F124/><W37/><G37/><T115/><D32/><U47/><E47/><V113/><F113/><W29/><G29/><T110/><D33/><N who="1" m="20703" /><E114/><V93/><F93/><W85/><REACH who="3" step="1"/><G57/><REACH who="3" ten="226,394,183,187" step="2"/><T14/><D115/><U44/><E44/><V28/><F28/><W36/><G36/><T38/><D38/><U100/><E71/><V24/><F24/><W61/><AGARI ba="2,1" hai="0,7,9,10,15,16,61,62,85,90,94,99,103,106" machi="61" ten="30,8000,1" yaku="1,1,0,1,52,2,54,1,53,0" doraHai="59" doraHaiUra="119" who="3" fromWho="3" sc="226,-22,394,-42,183,-22,187,96" />
</Scene>
<Scene>
<INIT seed="6,0,0,5,4,59" ten="204,352,161,283" oya="2" hai0="132,63,130,16,92,101,95,15,123,1,43,108,119" hai1="91,81,64,134,20,76,84,133,23,22,50,72,80" hai2="29,52,44,61,82,49,45,40,87,124,18,88,126" hai3="78,46,26,28,68,53,42,122,117,7,8,24,100"/><V36/><F29/><W73/><G122/><T13/><D108/><U12/><E64/><V65/><REACH who="2" step="1"/><F18/><REACH who="2" ten="204,352,151,283" step="2"/><W107/><G28/><T11/><D16/><U67/><E134/><V116/><F116/><W93/><G117/><T58/><D132/><U94/><E133/><V86/><F86/><W120/><G120/><T106/><D119/><U39/><E84/><V115/><F115/><W6/><G73/><T74/><D74/><U19/><E72/><V83/><F83/><W21/><G6/><T14/><D123/><U96/><E80/><V34/><F34/><W51/><G7/><T99/><D130/><U38/><E81/><V4/><F4/><W114/><G114/><T37/><D1/><U60/><E19/><V25/><F25/><W90/><G26/><T75/><D75/><U79/><E12/><V62/><F62/><W135/><G135/><T118/><D118/><U2/><E2/><V55/><F55/><W102/><G53/><T98/><D14/><U113/><E113/><V9/><F9/><W5/><G8/><T105/><D15/><U110/><E60/><V97/><F97/><W89/><G5/><T31/><D31/><U47/><E96/><V71/><AGARI ba="0,1" hai="36,40,44,45,49,52,61,65,71,82,87,88,124,126" machi="71" ten="30,12000,1" yaku="1,1,0,1,52,1,54,2,53,0" doraHai="59" doraHaiUra="109" who="2" fromWho="2" sc="204,-40,352,-40,151,130,283,-40" />
</Scene>
<Scene>
<INIT seed="6,1,0,2,0,54" ten="164,312,281,243" oya="2" hai0="100,115,72,108,83,131,68,70,56,13,134,116,77" hai1="92,84,6,113,23,66,19,135,90,97,28,16,5" hai2="33,49,15,99,75,128,85,29,89,94,78,122,106" hai3="101,103,59,86,73,119,82,57,80,93,52,37,30"/><V7/><F122/><W42/><G119/><T126/><D56/><N who="3" m="21577" /><G37/><T118/><D13/><U47/><E113/><V58/><F128/><W79/><G73/><T24/><D24/><N who="1" m="16415" /><E66/><V25/><F75/><W95/><G42/><T3/><D83/><N who="3" m="31785" /><G79/><T76/><D100/><N who="3" m="38473" /><G30/><T124/><D77/><U62/><E135/><V125/><F78/><W109/><G109/><T120/><D76/><U31/><E31/><V39/><F39/><W63/><G86/><T88/><D88/><U91/><E91/><V98/><F106/><W110/><G110/><T65/><D65/><U50/><E84/><V18/><F85/><W130/><G130/><T132/><D118/><U1/><E1/><V51/><F89/><W20/><G20/><T45/><D45/><U104/><E104/><V87/><F87/><W67/><G67/><T40/><D40/><N who="1" m="24935" /><E62/><V96/><F29/><W48/><G63/><T107/><D134/><U102/><E90/><V41/><F41/><W44/><AGARI ba="1,0" hai="44,48,52,93,95" m="38473,31785,21577" machi="44" ten="30,8000,1" yaku="8,1,52,3,54,1" doraHai="54" who="3" fromWho="3" sc="164,-21,312,-21,281,-41,243,83" />
</Scene>
<Scene>
<INIT seed="7,0,0,0,3,83" ten="143,291,240,326" oya="3" hai0="34,84,69,125,8,19,116,76,36,53,134,54,128" hai1="72,110,24,119,73,112,49,108,104,3,70,40,132" hai2="52,14,26,117,61,15,42,85,107,5,33,39,56" hai3="21,92,17,87,11,20,27,113,97,129,32,67,118"/><W57/><G118/><T23/><D116/><U48/><E104/><V131/><F117/><W82/><G113/><T66/><D34/><U86/><E119/><V78/><F107/><W58/><G129/><T4/><D128/><U22/><E3/><V99/><F131/><W18/><G32/><T43/><D125/><U109/><E70/><V29/><F99/><W77/><G11/><T135/><D69/><U1/><E1/><V71/><F5/><W7/><G67/><T121/><D66/><U106/><E106/><V55/><F71/><W16/><G7/><T123/><D43/><U95/><E112/><V91/><F78/><W89/><G18/><T60/><D36/><U6/><E6/><V81/><F42/><W111/><G111/><T46/><D54/><U9/><E9/><V100/><F100/><W93/><G93/><T62/><D62/><U80/><E95/><V103/><F103/><W13/><AGARI ba="0,0" hai="13,16,17,20,21,27,57,58,77,82,87,89,92,97" machi="13" ten="20,12000,1" yaku="0,1,7,1,8,1,52,1,54,1" doraHai="83" who="3" fromWho="3" sc="143,-40,291,-40,240,-40,326,120" owari="103,-40.0,251,5.0,200,-20.0,446,55.0" />
</Scene>
</mjloggm>