<mjloggm ver="2.3"><GO type="169" lobby="0"/><UN n0="%E5%A4%AA%E3%81%8F%E3%81%AA%E3%81%84%E3%81%8A" n1="%E3%82%A2%E3%83%95%E3%83%AA%E3%82%AB" n2="%E3%81%BE%E3%81%95%E3%82%8B%E3%81%95%E3%82%93%E3%80%82%E3%80%82" n3="%E3%81%8A%E3%81%98%E3%81%95%E3%82%93" dan="17,17,16,18" rate="2213.75,2120.53,2067.16,2193.00" sx="M,M,M,M"/><TAIKYOKU oya="0"/>

<Scene>
<INIT seed="0,0,0,2,2,119" ten="250,250,250,250" oya="0" hai0="76,57,78,48,77,62,69,131,60,9,114,40,38" hai1="111,31,19,125,97,54,14,135,25,108,122,43,28" hai2="4,37,33,39,118,134,127,21,72,15,83,92,86" hai3="5,85,66,91,2,20,116,117,132,58,36,63,41"/><T7/><D114/><U27/><E43/><V84/><F33/><W129/><G129/><T45/><D131/><U49/><E97/><V0/><F0/><W30/><G132/><T133/><D133/><U90/><E90/><V73/><F4/><W67/><G67/><T95/><D69/><U96/><E96/><V101/><F15/><W104/><G104/><T99/><D38/><U113/><E135/><V110/><F134/><W68/><G68/><T22/><D22/><U79/><E79/><V105/><F105/><W106/><G106/><T18/><D18/><U50/><E113/><V59/><F21/><W35/><G35/><T56/><D62/><U94/><E19/><V75/><F75/><W98/><G98/><T10/><D7/><U53/><E14/><V123/><F118/><W100/><G100/><N who="0" m="60543" /><D56/><U115/><E115/><V24/><F59/><W11/><G41/><T81/><D81/><U23/><E23/><V70/><F83/><W82/><REACH who="3" step="1"/><G36/><REACH who="3" ten="250,250,250,240" step="2"/><T107/><D107/><U120/><REACH who="1" step="1"/><E94/><REACH who="1" ten="250,240,250,240" step="2"/><V109/><F92/><W80/><G80/><T126/><D126/><AGARI ba="0,2" hai="25,27,28,31,49,50,53,54,108,111,120,122,125,126" machi="126" ten="25,16000,3" yaku="1,1,2,1,22,2,52,2,53,2" doraHai="119" doraHaiUra="46" who="1" fromWho="0" sc="250,-160,240,180,250,0,240,0" />
</Scene>
<Scene>
<INIT seed="1,0,0,2,4,26" ten="90,420,250,240" oya="1" hai0="96,134,102,12,59,72,8,100,86,109,126,87,82" hai1="75,63,44,93,17,54,42,65,49,79,129,21,4" hai2="53,24,67,0,120,123,60,33,37,84,16,68,6" hai3="50,105,111,113,76,110,36,34,130,92,48,7,88"/><U5/><E129/><V99/><F0/><W58/><G36/><T20/><D109/><N who="3" m="41481" /><G105/><T15/><D134/><U18/><E18/><V39/><F6/><W41/><G113/><T57/><D72/><U35/><E35/><V119/><F119/><W133/><G130/><T91/><D126/><U114/><E114/><V55/><F55/><W85/><G7/><T90/><D20/><U22/><E22/><V98/><F98/><W128/><G128/><T46/><D46/><U64/><E64/><V116/><F53/><W38/><G34/><T66/><D66/><U43/><E43/><V97/><F97/><W135/><G76/><T19/><D15/><U47/><E79/><V25/><F67/><W28/><G28/><T29/><D29/><U45/><E75/><V14/><F14/><W81/><G81/><T131/><D131/><U62/><E65/><V71/><F33/><W9/><G9/><T121/><D121/><U107/><E107/><V40/><F116/><W10/><G10/><T31/><D31/><U74/><E74/><V78/><F120/><W112/><G112/><T23/><D8/><U2/><E2/><V104/><F123/><W122/><G122/><T132/><D132/><N who="3" m="50761" /><G58/><T108/><D108/><U89/><E5/><V124/><F39/><W69/><G69/><T95/><REACH who="0" step="1"/><D102/><REACH who="0" ten="80,420,250,240" step="2"/><U51/><E4/><V30/><F30/><W125/><G125/><T61/><D61/><U94/><E63/><V3/><F124/><W106/><G106/><AGARI ba="0,1" hai="12,19,23,57,59,82,86,87,90,91,95,96,100,106" machi="106" ten="30,2000,0" yaku="1,1,7,1,53,0" doraHai="26" doraHaiUra="73" who="0" fromWho="3" sc="80,30,420,0,250,0,240,-20" />
</Scene>
<Scene>
<INIT seed="2,0,0,1,0,133" ten="110,420,250,220" oya="2" hai0="69,88,105,100,77,36,78,58,85,15,80,8,61" hai1="57,22,44,64,39,68,52,62,112,11,48,90,79" hai2="18,20,95,127,81,10,6,7,123,29,121,5,46" hai3="110,132,109,114,53,117,82,60,2,65,122,54,34"/><V19/><F81/><W37/><G2/><T59/><D36/><U104/><E112/><V27/><F95/><W97/><G34/><T106/><D69/><U55/><E104/><V43/><F127/><W49/><G82/><T50/><D100/><U25/><E79/><V16/><REACH who="2" step="1"/><F10/><REACH who="2" ten="110,420,240,220" step="2"/><W89/><G114/><T17/><D106/><U103/><E11/><V92/><F92/><W91/><G132/><T13/><D105/><U134/><E134/><V74/><F74/><W131/><G110/><T125/><D125/><U67/><E103/><V21/><F21/><W73/><G109/><T83/><D83/><U96/><E90/><V0/><F0/><W66/><G89/><T75/><D75/><U101/><E101/><V14/><F14/><W108/><G91/><T119/><D15/><U98/><E98/><V4/><N who="2" m="1024" /><DORA hai="45" /><V76/><F76/><W84/><G97/><T56/><D119/><U40/><E96/><V130/><F130/><W33/><G73/><T118/><D118/><U70/><E22/><V87/><F87/><W28/><G84/><T129/><D129/><U93/><E93/><V1/><F1/><W102/><G131/><T124/><D124/><U41/><E25/><V63/><F63/><W120/><G108/><T51/><D61/><U71/><E39/><AGARI ba="0,1" hai="16,18,19,20,27,29,39,43,46,121,123" m="1024" machi="39" ten="50,4800,0" yaku="1,1,54,1,53,0" doraHai="133,45" doraHaiUra="32,30" who="2" fromWho="1" sc="110,0,420,-48,240,58,220,0" />
</Scene>
<Scene>
<INIT seed="2,1,0,4,2,40" ten="110,372,298,220" oya="2" hai0="24,85,42,10,36,39,25,38,57,88,1,125,118" hai1="105,26,87,104,129,30,4,7,75,108,89,132,97" hai2="90,77,15,14,35,58,48,16,55,65,50,110,18" hai3="116,52,62,95,107,83,32,127,120,81,112,121,60"/><V72/><F35/><W5/><G107/><T20/><D125/><U113/><E113/><V12/><F110/><W84/><G32/><T69/><D69/><U6/><E108/><V102/><F65/><W21/><G127/><T9/><D118/><U96/><E75/><V51/><F102/><W0/><G116/><T101/><D101/><U124/><E124/><V47/><F72/><W117/><G117/><T130/><D130/><U93/><E129/><V70/><F77/><W94/><G0/><T109/><D109/><U45/><E132/><V126/><F70/><W119/><G5/><T54/><D42/><U133/><E133/><V2/><F2/><W29/><G112/><T28/><D25/><U91/><E97/><V73/><F73/><W8/><G8/><T63/><REACH who="0" step="1"/><D1/><REACH who="0" ten="100,372,298,220" step="2"/><U82/><E105/><V114/><F126/><W80/><G119/><T64/><D64/><U23/><E104/><V56/><F114/><W31/><G121/><T86/><D86/><U134/><E134/><V34/><F34/><W115/><G115/><T49/><D49/><N who="2" m="19050" /><F90/><W37/><G120/><T61/><D61/><U78/><E91/><V122/><F122/><W128/><G62/><T74/><D74/><U44/><AGARI ba="1,1" hai="4,6,7,23,26,30,44,45,78,82,87,89,93,96" machi="44" ten="30,7900,0" yaku="0,1,8,1,52,2" doraHai="40" who="1" fromWho="1" sc="100,-21,372,92,298,-40,220,-21" />
</Scene>
<Scene>
<INIT seed="3,0,0,0,5,94" ten="79,464,258,199" oya="3" hai0="36,61,52,11,47,5,121,95,96,65,25,97,105" hai1="78,29,57,92,63,7,130,83,115,86,44,128,99" hai2="110,122,98,77,55,60,71,42,15,31,107,46,90" hai3="100,119,45,27,56,20,113,68,116,39,28,16,125"/><W129/><G113/><T38/><D121/><U112/><E7/><V8/><F110/><W93/><G68/><T62/><D25/><U111/><E111/><V2/><F77/><W54/><G125/><T64/><D105/><U9/><E9/><V80/><F31/><W19/><G129/><N who="1" m="49770" /><E44/><V75/><F80/><W103/><G39/><T1/><D64/><N who="1" m="39023" /><E29/><V123/><F75/><W17/><G45/><T13/><D1/><U74/><E74/><V58/><F71/><W18/><N who="3" m="4096" /><DORA hai="30" /><W76/><G76/><T50/><D62/><U73/><E86/><V120/><F15/><W118/><REACH who="3" step="1"/><G93/><REACH who="3" ten="79,464,258,189" step="2"/><T70/><REACH who="0" step="1"/><D97/><REACH who="0" ten="69,464,258,189" step="2"/><U91/><AGARI ba="0,2" hai="73,78,83,91,92,99,112,115" m="39023,49770" machi="91" ten="30,2000,0" yaku="19,1,52,1" doraHai="94,30" who="1" fromWho="1" sc="69,-5,464,40,258,-5,189,-10" />
</Scene>
<Scene>
<INIT seed="4,0,0,4,2,33" ten="64,504,253,179" oya="0" hai0="81,21,55,121,92,22,103,77,13,14,108,36,97" hai1="71,27,45,120,49,9,125,69,64,74,87,58,37" hai2="124,28,101,131,47,106,90,41,83,19,116,39,65" hai3="132,85,123,75,35,56,66,89,23,12,104,5,112"/><T17/><D121/><U110/><E74/><V95/><F124/><W31/><G35/><T117/><D117/><U4/><E125/><V26/><F131/><W8/><G75/><T107/><D36/><U18/><E37/><V73/><F65/><W53/><G104/><T40/><D108/><U82/><E110/><V86/><F19/><W42/><G123/><T52/><D40/><U133/><E133/><V115/><F115/><W122/><G122/><T38/><D38/><U7/><E7/><V119/><F106/><W0/><G42/><T80/><D107/><U130/><E130/><V127/><F127/><W70/><G112/><T51/><D55/><U76/><E58/><V88/><F101/><W68/><G66/><T1/><D1/><U57/><E57/><V99/><REACH who="2" step="1"/><F73/><REACH who="2" ten="64,504,243,179" step="2"/><W126/><G126/><T50/><D77/><U54/><E64/><V129/><F129/><W102/><G102/><T98/><D98/><U67/><E67/><V63/><F63/><N who="3" m="36239" /><G68/><T94/><D103/><U34/><E120/><V111/><F111/><W46/><G70/><T78/><D78/><U25/><E71/><V29/><F29/><W118/><G31/><T43/><D97/><U61/><E69/><V128/><F128/><W24/><G132/><T3/><D17/><U134/><E134/><V91/><F91/><W44/><G89/><T48/><D43/><U93/><E18/><V32/><AGARI ba="0,1" hai="26,28,32,39,41,47,83,86,88,90,95,99,116,119" machi="32" ten="30,7900,0" yaku="1,1,0,1,54,1,53,1" doraHai="33" doraHaiUra="79" who="2" fromWho="2" sc="64,-39,504,-20,243,89,179,-20" />
</Scene>
<Scene>
<INIT seed="5,0,0,2,5,8" ten="25,484,332,159" oya="1" hai0="84,28,106,112,66,20,82,50,132,58,0,12,23" hai1="21,88,27,40,100,74,70,113,2,97,101,55,67" hai2="127,14,117,4,123,122,64,24,42,75,95,71,61" hai3="134,72,30,44,29,35,93,99,43,121,68,41,26"/><U128/><E2/><V31/><F117/><W83/><G121/><T108/><D0/><U96/><E74/><V77/><F127/><W107/><G68/><T45/><D108/><U69/><E113/><V111/><F111/><W52/><G30/><T89/><D106/><U81/><E40/><V130/><F130/><W133/><G107/><T36/><D112/><U11/><E128/><V105/><F105/><W87/><G72/><T80/><D36/><U54/><E67/><V7/><F7/><W124/><G124/><T110/><D110/><U60/><E11/><V90/><F42/><W114/><G114/><T57/><D132/><N who="3" m="50793" /><G44/><T135/><D135/><U32/><E32/><V65/><F65/><W56/><G87/><T3/><D3/><U25/><E70/><V126/><F126/><W125/><G83/><T92/><D23/><U46/><E21/><V103/><F103/><N who="3" m="60911" /><G125/><T39/><D39/><U22/><E69/><V62/><F75/><W78/><G78/><T116/><D116/><U9/><E46/><V6/><F77/><W94/><G94/><T15/><D28/><U118/><E118/><V73/><F95/><W48/><AGARI ba="0,0" hai="26,29,35,41,43,48,52,56" m="60911,50793" machi="48" ten="30,2000,0" yaku="20,1,54,1" doraHai="8" who="3" fromWho="3" sc="25,-5,484,-10,332,-5,159,20" />
</Scene>
<Scene>
<INIT seed="6,0,0,4,3,2" ten="20,474,327,179" oya="2" hai0="105,39,23,63,91,3,94,110,37,134,49,102,27" hai1="135,43,125,18,72,84,70,35,54,119,52,77,103" hai2="86,32,19,87,120,67,121,31,92,10,30,40,73" hai3="22,53,75,13,34,133,9,55,112,130,116,24,42"/><V82/><F67/><W6/><G75/><T76/><D110/><U61/><E72/><V41/><F73/><W111/><G116/><T113/><D3/><U127/><E35/><V62/><F92/><W1/><G111/><T128/><D76/><U33/><E33/><V118/><F32/><W64/><G64/><T29/><D113/><U90/><E43/><V21/><F62/><W58/><G112/><T7/><D134/><U95/><E77/><V80/><F10/><W11/><G133/><T88/><D128/><U96/><E135/><V68/><F68/><W47/><G58/><T107/><D102/><U131/><E131/><V99/><F99/><W71/><G71/><T79/><D79/><U101/><E101/><V16/><REACH who="2" step="1"/><F21/><REACH who="2" ten="20,474,317,179" step="2"/><W56/><G130/><T0/><D63/><U129/><E129/><V60/><F60/><W26/><G34/><T15/><D0/><U28/><E61/><V74/><F74/><W14/><G1/><T93/><D107/><U25/><E70/><V20/><F20/><W51/><G22/><T57/><D105/><U85/><E96/><V66/><F66/><W83/><G11/><N who="0" m="4607" /><D37/><U126/><E95/><N who="0" m="36361" /><D39/><U5/><E103/><V17/><F17/><W59/><G9/><T117/><D117/><AGARI ba="0,1" hai="16,19,30,31,40,41,80,82,86,87,117,118,120,121" machi="117" ten="25,9600,0" yaku="1,1,22,2,54,1,53,0" doraHai="2" doraHaiUra="48" who="2" fromWho="0" sc="20,-96,474,0,317,106,179,0" owari="-76,-58.0,474,58.0,423,22.0,179,-22.0" />
</Scene>
</mjloggm>