<mjloggm ver="2.3"><GO type="169" lobby="0"/><UN n0="%E5%A4%AA%E3%81%8F%E3%81%AA%E3%81%84%E3%81%8A" n1="%74%61%72%6F%6F" n2="%E2%98%85%E9%9B%80%E9%AC%BC%E7%99%BE%E7%80%AC%E2%98%85" n3="%73%68%6F%6F%74%33%39" dan="17,18,18,19" rate="2139.41,2157.86,2164.19,2207.74" sx="M,M,M,M"/><TAIKYOKU oya="0"/>

<Scene>
<INIT seed="0,0,0,5,5,36" ten="250,250,250,250" oya="0" hai0="32,134,90,49,80,28,95,122,97,133,59,38,87" hai1="24,10,129,21,69,17,40,103,88,55,64,44,131" hai2="31,132,93,23,107,127,48,100,51,70,22,11,12" hai3="120,7,66,75,123,53,30,102,14,112,83,9,58"/><T3/><D38/><U115/><E115/><V63/><F107/><W77/><G112/><T54/><D3/><U13/><E103/><V128/><F127/><W124/><G124/><T5/><D5/><U46/><E46/><V6/><F70/><W99/><G30/><T113/><D113/><U118/><E118/><V101/><F63/><W125/><G66/><T111/><D122/><U68/><E55/><V37/><F37/><W33/><G33/><T76/><REACH who="0" step="1"/><D111/><REACH who="0" ten="240,250,250,250" step="2"/><U35/><E131/><V39/><F6/><W52/><G125/><T71/><D71/><U29/><E129/><V105/><F39/><W104/><G123/><T106/><D106/><U4/><E64/><V47/><F105/><W57/><G120/><T81/><D81/><U82/><E69/><V74/><F128/><W108/><G108/><T67/><D67/><U130/><E68/><V42/><F93/><W73/><G7/><T94/><D94/><U84/><E130/><V91/><F132/><W92/><G104/><T135/><D135/><U41/><REACH who="1" step="1"/><E44/><REACH who="1" ten="240,240,250,250" step="2"/><V2/><F47/><W26/><G58/><T114/><D114/><U61/><E61/><V50/><F2/><AGARI ba="0,2" hai="2,4,10,13,17,21,24,29,35,40,41,82,84,88" machi="2" ten="30,16000,3" yaku="1,1,7,1,24,2,52,2,54,1,53,1" doraHai="36" doraHaiUra="1" who="1" fromWho="2" sc="240,0,240,180,250,-160,250,0" />
</Scene>
<Scene>
<INIT seed="1,0,0,3,1,41" ten="240,420,90,250" oya="1" hai0="47,19,5,87,75,35,11,44,74,25,101,129,91" hai1="13,51,61,84,118,15,95,56,67,4,134,113,20" hai2="99,71,108,26,55,110,46,105,16,96,104,3,63" hai3="23,66,115,83,57,0,40,130,106,58,38,77,127"/><U12/><E118/><V94/><F3/><W133/><G115/><T124/><D101/><U121/><E113/><V62/><F104/><W117/><G106/><T88/><D124/><U79/><E121/><V76/><F105/><W126/><G0/><T135/><D135/><U111/><E134/><V50/><F76/><W22/><G133/><T54/><D129/><U100/><E111/><N who="2" m="42539" /><F71/><W27/><G130/><T107/><D107/><U81/><E4/><V28/><F99/><W53/><G117/><T86/><D54/><U10/><E10/><V9/><F28/><W8/><G66/><T116/><D116/><U112/><E112/><V21/><F9/><W43/><G8/><T70/><D70/><U59/><E100/><AGARI ba="0,0" hai="16,21,26,46,50,55,62,63,94,96,100" m="42539" machi="100" ten="30,3900,0" yaku="14,1,52,1,54,1" doraHai="41" who="2" fromWho="1" sc="240,0,420,-39,90,39,250,0" />
</Scene>
<Scene>
<INIT seed="2,0,0,5,0,40" ten="240,381,129,250" oya="2" hai0="80,98,106,118,66,103,112,34,43,2,14,79,127" hai1="27,31,107,24,126,8,82,67,48,87,70,12,84" hai2="62,116,11,54,35,65,29,17,100,32,53,41,72" hai3="74,128,129,102,61,59,75,0,110,88,42,23,85"/><V119/><F72/><W10/><G102/><T25/><D2/><U99/><E126/><V50/><F41/><W45/><G23/><T95/><D112/><U36/><E36/><V9/><F100/><W71/><G71/><T130/><D127/><U26/><E70/><V6/><F29/><W90/><G110/><T124/><D124/><U20/><E67/><V16/><F50/><N who="3" m="26935" /><G0/><T19/><D66/><U37/><E37/><V30/><F65/><N who="3" m="39103" /><G10/><T83/><D118/><U135/><E135/><V115/><F30/><W113/><G90/><T5/><D34/><U47/><E107/><V121/><F115/><W18/><G18/><T63/><D19/><U60/><E60/><V105/><F105/><W117/><G117/><T51/><D63/><U68/><E68/><V15/><F62/><W125/><G125/><T96/><D106/><U64/><E64/><V22/><F22/><W56/><G56/><T108/><D103/><U78/><E20/><V58/><F58/><W131/><G113/><T13/><D108/><U81/><E31/><V92/><F121/><W21/><G21/><T38/><D38/><U55/><E26/><V49/><F49/><W76/><G76/><T101/><D79/><U134/><E134/><V69/><F69/><W3/><G3/><T123/><D25/><U93/><E8/><V52/><F15/><W122/><G122/><T111/><D123/><U33/><E12/><V39/><F39/><W133/><G133/><T86/><D14/><U7/><E33/><V114/><F114/><W4/><G4/><T73/><D5/><U91/><E7/><RYUUKYOKU ba="0,0" sc="240,-15,381,15,129,-15,250,15" hai1="24,27,47,48,55,78,81,82,84,87,91,93,99" hai3="74,75,85,88,128,129,131" />
</Scene>
<Scene>
<INIT seed="3,1,0,4,1,43" ten="225,396,114,265" oya="3" hai0="74,40,59,62,58,114,115,3,31,68,18,92,16" hai1="5,80,24,87,81,117,22,120,90,84,129,75,99" hai2="133,17,73,32,70,51,103,1,57,50,91,71,123" hai3="104,96,42,12,107,46,49,35,86,77,0,69,88"/><W78/><G0/><T121/><D121/><U108/><E120/><V105/><F1/><W66/><G35/><T122/><D122/><U20/><E75/><V7/><F123/><W112/><G112/><N who="0" m="43051" /><D3/><U56/><E129/><V106/><F32/><W101/><G107/><T6/><D6/><U135/><E135/><V37/><F7/><W102/><G102/><T126/><D74/><U111/><E5/><V25/><F73/><W8/><G66/><N who="0" m="41047" /><D126/><U93/><E117/><V45/><F133/><W55/><G69/><T36/><D31/><U10/><E10/><V113/><F113/><W9/><G42/><T14/><D92/><U54/><E81/><V38/><F70/><W97/><G97/><T82/><D82/><U83/><E83/><V15/><F71/><W134/><G134/><T27/><D27/><U72/><E72/><V100/><F25/><W30/><G30/><T127/><D127/><U53/><E80/><V44/><F15/><W34/><G34/><T116/><D116/><U110/><E24/><V19/><REACH who="2" step="1"/><F91/><REACH who="2" ten="225,396,104,265" step="2"/><W85/><G88/><T11/><D18/><U131/><E90/><V124/><F124/><W26/><G26/><T79/><D79/><U65/><E110/><V23/><F23/><W63/><G78/><T118/><D118/><U130/><E108/><V61/><F61/><W89/><G77/><T47/><AGARI ba="1,1" hai="11,14,16,36,40,47,58,59" m="41047,43051" machi="47" ten="30,4000,0" yaku="11,1,52,1,54,1" doraHai="43" who="0" fromWho="0" sc="225,53,396,-11,104,-11,265,-21" />
</Scene>
<Scene>
<INIT seed="4,0,0,1,1,42" ten="278,385,93,244" oya="0" hai0="28,119,108,100,18,126,20,95,127,26,124,81,58" hai1="90,52,103,99,2,35,33,110,98,131,120,106,78" hai2="43,37,19,87,80,88,125,16,83,104,96,30,66" hai3="9,34,92,10,62,11,3,94,84,102,89,23,29"/><T61/><D119/><U132/><E2/><V65/><F30/><W130/><G34/><T1/><D1/><U56/><E120/><V64/><F125/><W44/><G130/><T38/><D38/><U121/><E121/><V41/><F104/><W36/><G3/><T39/><D39/><U114/><E110/><V47/><F43/><W32/><G32/><T4/><D4/><U6/><E6/><V74/><REACH who="2" step="1"/><F96/><REACH who="2" ten="278,385,83,244" step="2"/><W97/><G29/><T76/><D28/><U40/><E98/><V115/><F115/><W46/><G36/><T13/><D124/><U63/><E99/><V22/><F22/><W53/><G23/><T54/><D127/><U129/><E114/><V128/><F128/><W91/><G102/><T69/><D126/><U68/><E103/><V93/><F93/><W8/><G8/><T112/><D112/><U77/><E106/><V75/><F75/><W67/><REACH who="3" step="1"/><G53/><REACH who="3" ten="278,385,83,234" step="2"/><T123/><D100/><U27/><E52/><V79/><AGARI ba="0,2" hai="16,19,37,41,47,64,65,66,74,79,80,83,87,88" machi="79" ten="30,8000,1" yaku="1,1,0,1,52,1,54,2,53,0" doraHai="42" doraHaiUra="48" who="2" fromWho="2" sc="278,-40,385,-20,83,100,234,-20" />
</Scene>
<Scene>
<INIT seed="5,0,0,5,3,18" ten="238,365,183,214" oya="1" hai0="22,2,123,63,93,52,77,57,88,112,101,83,78" hai1="98,74,36,26,41,71,116,43,131,111,119,27,87" hai2="12,32,92,60,10,54,19,6,127,16,97,67,48" hai3="23,128,84,25,118,113,39,14,132,9,44,110,124"/><U104/><E74/><V64/><F32/><W108/><G113/><T55/><D2/><U115/><E71/><V35/><F35/><W76/><G124/><T1/><D1/><U4/><E4/><V58/><F127/><W11/><G128/><T80/><D112/><U73/><E73/><V56/><REACH who="2" step="1"/><F67/><REACH who="2" ten="238,365,173,214" step="2"/><W66/><G66/><T49/><D123/><U7/><E115/><V0/><F0/><W94/><G110/><T59/><D101/><AGARI ba="0,1" hai="6,10,12,16,19,48,54,56,58,60,64,92,97,101" machi="101" ten="30,7700,0" yaku="1,1,7,1,8,1,54,1,53,0" doraHai="18" doraHaiUra="24" who="2" fromWho="0" sc="238,-77,365,0,173,87,214,0" />
</Scene>
<Scene>
<INIT seed="6,0,0,0,3,35" ten="161,365,260,214" oya="2" hai0="0,82,1,2,20,99,86,133,36,134,81,71,41" hai1="97,101,89,17,76,83,23,121,21,25,69,84,43" hai2="24,68,112,49,11,8,73,98,111,60,40,42,33" hai3="116,118,115,66,80,105,113,119,129,100,10,107,130"/><V34/><F73/><W16/><G66/><T30/><D71/><U54/><E69/><V85/><F68/><W102/><G10/><T125/><D125/><U79/><E121/><V108/><F60/><W135/><G80/><T61/><D61/><U78/><E43/><V104/><F85/><W22/><G135/><N who="0" m="51723" /><D99/><U126/><E126/><V39/><F49/><W38/><G38/><T124/><D124/><U65/><E65/><V110/><F112/><N who="3" m="43083" /><G102/><T70/><D70/><U13/><E54/><V127/><F127/><W94/><G94/><T50/><D36/><U114/><E114/><V55/><F39/><W128/><G100/><T3/><N who="0" m="0" /><DORA hai="67" /><T27/><D86/><U18/><E78/><V6/><F108/><W9/><G9/><T106/><D106/><AGARI ba="0,0" hai="13,17,18,21,23,25,76,79,83,84,89,97,101,106" machi="106" ten="30,1000,0" yaku="7,1" doraHai="35,67" who="1" fromWho="0" sc="161,-10,365,10,260,0,214,0" />
</Scene>
<Scene>
<INIT seed="7,0,0,1,3,103" ten="151,375,260,214" oya="3" hai0="113,60,120,33,130,57,114,19,127,74,125,41,123" hai1="104,1,101,17,106,69,116,29,16,119,59,11,27" hai2="109,65,70,25,46,9,56,76,90,64,118,66,72" hai3="36,88,31,122,91,83,93,39,44,84,0,2,5"/><W75/><G122/><N who="0" m="46635" /><D33/><N who="1" m="20671" /><E101/><V8/><F118/><N who="1" m="45097" /><E69/><V21/><F109/><W50/><G31/><T68/><D19/><N who="1" m="7243" /><E59/><V37/><F70/><W99/><G75/><T42/><D68/><U111/><E111/><V77/><F90/><W126/><G126/><N who="0" m="48139" /><D74/><U81/><E81/><V71/><F37/><W100/><G91/><T115/><D130/><U132/><E132/><V112/><F65/><AGARI ba="0,0" hai="41,42,57,60,65,113,114,115" m="48139,46635" machi="65" ten="40,8000,1" yaku="15,1,11,1,18,1,34,2" doraHai="103" who="0" fromWho="2" sc="151,80,375,0,260,-80,214,0" owari="231,3.0,375,48.0,180,-32.0,214,-19.0" />
</Scene>
</mjloggm>