<mjloggm ver="2.3"><GO type="169" lobby="0"/><UN n0="%74%61%6E%69%6D%6F%40" n1="%E3%83%AD%E3%83%AA%E3%83%BC%E3%82%BF%E3%81%AA%E7%84%BC%E8%82%89" n2="%E3%83%8B%E3%83%BC%E3%83%88%E7%A4%BE%E9%95%B7" n3="%E5%A4%AA%E3%81%8F%E3%81%AA%E3%81%84%E3%81%8A" dan="16,16,16,18" rate="2075.42,2080.03,2065.61,2215.80" sx="M,F,M,M"/><TAIKYOKU oya="0"/>

<Scene>
<INIT seed="0,0,0,5,3,131" ten="250,250,250,250" oya="0" hai0="28,120,55,89,23,7,129,31,29,124,69,123,62" hai1="5,96,81,107,112,51,127,50,109,9,82,4,15" hai2="41,66,105,75,73,32,19,99,114,130,119,117,101" hai3="86,57,58,93,132,26,44,116,14,1,135,13,24"/><T108/><D7/><U106/><E109/><V12/><F114/><W76/><G1/><T68/><D129/><U63/><E127/><V56/><F32/><W100/><G116/><N who="2" m="44617" /><F41/><W118/><G118/><T39/><D39/><U10/><E63/><N who="2" m="38247" /><F130/><W122/><G122/><T83/><D124/><U84/><E112/><V85/><F85/><W37/><G76/><T90/><D108/><U74/><E74/><V134/><F134/><N who="3" m="51243" /><G37/><T0/><D0/><U77/><E82/><V110/><F110/><W8/><G44/><T17/><D120/><U34/><E34/><V113/><F113/><W35/><G14/><T2/><D2/><U95/><E106/><V53/><F53/><W47/><G47/><T103/><D55/><U22/><E107/><V27/><F27/><N who="3" m="10283" /><G35/><T61/><D123/><U38/><E38/><V6/><F6/><N who="3" m="3223" /><G86/><T45/><D45/><U18/><E5/><V11/><AGARI ba="0,0" hai="11,12,19,73,75,99,101,105" m="38247,44617" machi="11" ten="30,1100,0" yaku="12,1" doraHai="131" who="2" fromWho="2" sc="250,-5,250,-3,250,11,250,-3" />
</Scene>
<Scene>
<INIT seed="1,0,0,3,1,2" ten="245,247,261,247" oya="1" hai0="79,36,35,70,24,130,86,114,132,8,47,68,69" hai1="45,80,116,84,31,91,126,46,33,15,58,11,40" hai2="63,85,20,12,92,67,103,44,100,53,66,14,131" hai3="107,34,42,117,77,83,29,23,81,6,19,1,134"/><U39/><E116/><V4/><F131/><W59/><G107/><T16/><D114/><U93/><E126/><V99/><F103/><W94/><G117/><T74/><D74/><U43/><E58/><V61/><F85/><W0/><G134/><T26/><D130/><U118/><E118/><V18/><F44/><W89/><G42/><T98/><D98/><U110/><E110/><V9/><REACH who="2" step="1"/><F53/><REACH who="2" ten="245,247,251,247" step="2"/><W123/><G123/><T88/><D79/><U13/><E80/><V82/><F82/><W97/><G81/><T28/><D47/><U104/><E104/><V101/><F101/><W51/><G83/><T125/><D36/><U65/><E65/><AGARI ba="0,1" hai="4,9,12,14,18,20,61,63,65,66,67,92,99,100" machi="65" ten="40,5200,0" yaku="1,1,8,1,52,1,53,0" doraHai="2" doraHaiUra="38" who="2" fromWho="1" sc="245,0,247,-52,251,62,247,0" />
</Scene>
<Scene>
<INIT seed="2,0,0,1,0,30" ten="245,195,313,247" oya="2" hai0="133,95,24,108,38,7,40,82,70,96,17,29,91" hai1="102,106,117,77,62,94,5,74,134,120,99,85,107" hai2="118,84,119,8,60,15,47,79,103,116,35,37,43" hai3="13,73,46,55,3,51,69,33,97,88,14,130,59"/><V66/><F103/><W12/><G69/><T135/><D70/><U63/><E117/><V86/><F79/><W10/><G73/><T18/><D7/><U71/><E71/><V49/><F37/><W31/><G130/><T39/><D108/><U21/><E134/><N who="0" m="51209" /><D82/><N who="1" m="45367" /><E5/><V28/><F60/><W127/><G127/><T126/><D126/><U93/><E21/><V22/><F66/><W98/><G3/><T11/><D40/><U23/><E23/><V2/><F22/><W90/><G10/><T45/><D45/><U64/><E62/><V65/><F2/><W128/><G128/><T92/><D11/><U68/><E63/><V83/><F65/><W50/><G31/><T100/><D17/><U80/><E64/><V113/><F113/><W61/><G33/><N who="0" m="20647" /><D18/><U111/><E68/><V27/><F83/><W56/><G61/><T122/><D122/><U89/><E111/><V1/><REACH who="2" step="1"/><F1/><REACH who="2" ten="245,195,303,247" step="2"/><W52/><G13/><T76/><D76/><N who="1" m="46215" /><E120/><V105/><F105/><W42/><G46/><T54/><D54/><U109/><E109/><V67/><F67/><W16/><REACH who="3" step="1"/><G16/><AGARI ba="0,1" hai="8,15,16,27,28,35,43,47,49,84,86,116,118,119" machi="16" ten="40,7700,0" yaku="1,1,52,1,54,1,53,0" doraHai="30" doraHaiUra="110" who="2" fromWho="3" sc="245,0,195,0,303,87,247,-77" />
</Scene>
<Scene>
<INIT seed="2,1,0,5,5,78" ten="245,195,390,170" oya="2" hai0="41,77,56,13,73,104,109,116,57,9,99,40,119" hai1="107,1,52,128,64,120,132,0,121,134,117,112,115" hai2="98,59,31,96,71,26,33,43,27,100,80,87,135" hai3="55,28,18,21,62,7,4,23,68,66,51,50,72"/><V74/><F74/><W106/><G106/><T122/><D109/><U131/><E64/><V124/><F124/><W108/><G108/><T22/><D122/><N who="1" m="47211" /><E52/><V94/><F71/><W111/><G111/><T46/><D22/><U83/><E83/><V2/><F2/><N who="1" m="1129" /><E107/><V76/><F135/><N who="1" m="51753" /><E117/><V79/><F43/><W12/><G72/><T37/><D41/><U129/><AGARI ba="1,0" hai="112,115,128,129,131" m="51753,1129,47211" machi="129" ten="50,16000,3" yaku="28,2,19,1,13,1,20,1,31,2,34,2" doraHai="78" who="1" fromWho="1" sc="245,-41,195,163,390,-81,170,-41" />
</Scene>
<Scene>
<INIT seed="3,0,0,2,1,134" ten="204,358,309,129" oya="3" hai0="97,107,69,11,57,29,58,23,38,79,127,22,93" hai1="37,8,47,36,49,78,26,40,31,105,17,77,109" hai2="16,85,104,117,123,51,48,71,100,55,120,4,130" hai3="116,92,28,43,42,61,89,1,13,27,135,118,53"/><W114/><G1/><T124/><D69/><U63/><E105/><V5/><F117/><W9/><G114/><T32/><D38/><U121/><E121/><N who="2" m="46667" /><F71/><W64/><G135/><T98/><D79/><N who="1" m="30219" /><E37/><V33/><F33/><W88/><G53/><T126/><D32/><U19/><E36/><V106/><F51/><W25/><G118/><T96/><D107/><U103/><E109/><V75/><F75/><W76/><G76/><T60/><D11/><U24/><E103/><V59/><F130/><W70/><G116/><T82/><D82/><U91/><E63/><V86/><F16/><N who="1" m="6217" /><E31/><V125/><F100/><W65/><G65/><N who="0" m="39055" /><D58/><U10/><E91/><V112/><F112/><W87/><G89/><N who="0" m="55343" /><D23/><U68/><E68/><V83/><F59/><W73/><G73/><T41/><D41/><U6/><E6/><V56/><F4/><W115/><G115/><T34/><D22/><U81/><E81/><V3/><F83/><W108/><G108/><T131/><D131/><U67/><E67/><V90/><F106/><W20/><REACH who="3" step="1"/><G27/><AGARI ba="0,0" hai="27,29,34,97,98,124,126,127" m="55343,39055" machi="27" ten="30,7700,0" yaku="18,1,52,3" doraHai="134" who="0" fromWho="3" sc="204,77,358,0,309,0,129,-77" /><AGARI ba="0,0" hai="8,10,24,26,27,40,47,49" m="6217,30219" machi="27" ten="30,2000,0" yaku="8,1,54,1" doraHai="134" who="1" fromWho="3" sc="281,0,358,20,309,0,52,-20" />
</Scene>
<Scene>
<INIT seed="4,0,0,5,4,33" ten="281,378,309,32" oya="0" hai0="126,125,84,78,52,63,20,102,70,97,4,25,16" hai1="9,29,87,93,40,51,0,42,105,68,14,79,5" hai2="106,47,88,10,124,55,61,122,31,62,135,95,19" hai3="114,34,39,30,28,8,101,85,32,77,112,7,45"/><T69/><D4/><U117/><E68/><V111/><F106/><W60/><G101/><T119/><D119/><U99/><E105/><V48/><F111/><W26/><G60/><T54/><D84/><U1/><E29/><V3/><F122/><W37/><G77/><T13/><D78/><U109/><E109/><V129/><F129/><W104/><G85/><T2/><D2/><U100/><E117/><V121/><F121/><W21/><G104/><T96/><D97/><U18/><E18/><V11/><F31/><W73/><G73/><T131/><D131/><U44/><E42/><V59/><F135/><W71/><G71/><N who="0" m="27147" /><D63/><U35/><E35/><V17/><F61/><W65/><G65/><T58/><D58/><U123/><E123/><V89/><F89/><W38/><G45/><T134/><D13/><U90/><E90/><V118/><F124/><N who="0" m="47722" /><D134/><U120/><E120/><V43/><F118/><W6/><G6/><T116/><D116/><U76/><E76/><V83/><F83/><AGARI ba="0,0" hai="0,1,5,9,14,40,44,51,79,83,87,93,99,100" machi="83" ten="40,8000,1" yaku="25,2,52,2" doraHai="33" who="1" fromWho="2" sc="281,0,378,80,309,-80,32,0" />
</Scene>
<Scene>
<INIT seed="5,0,0,0,4,29" ten="281,458,229,32" oya="1" hai0="103,67,23,84,49,117,99,14,32,68,94,127,106" hai1="123,38,54,95,116,108,65,107,101,18,22,85,119" hai2="133,98,47,39,100,57,90,135,79,36,71,77,46" hai3="51,42,125,110,58,124,2,60,102,121,104,105,96"/><U5/><E38/><V9/><F71/><W126/><G110/><T21/><D117/><U44/><E107/><V25/><F90/><W41/><G121/><T130/><D127/><U17/><E65/><V115/><F115/><W53/><G2/><T92/><D130/><U66/><E66/><V122/><F122/><W80/><G104/><T83/><D68/><U134/><E108/><V56/><F25/><W118/><G118/><T24/><D67/><U27/><E123/><V114/><F9/><W26/><G80/><T76/><D32/><U48/><E134/><V131/><F114/><W28/><REACH who="3" step="1"/><G60/><REACH who="3" ten="281,458,229,22" step="2"/><T78/><D78/><U91/><E119/><V73/><F79/><W113/><G113/><T20/><D76/><U34/><E116/><V11/><F77/><W16/><G16/><T81/><D83/><U128/><E18/><V61/><F61/><W70/><G70/><T43/><D81/><U35/><E128/><V31/><F131/><W50/><G50/><T8/><D106/><U69/><E69/><V59/><F36/><W93/><G93/><T7/><D94/><U0/><REACH who="1" step="1"/><E101/><REACH who="1" ten="281,448,229,22" step="2"/><V82/><F39/><W1/><G1/><N who="0" m="111" /><D103/><U33/><E33/><AGARI ba="0,2" hai="26,28,33,41,42,51,53,58,96,102,105,124,125,126" machi="33" ten="40,5200,0" yaku="1,1,18,1,52,1,53,0" doraHai="29" doraHaiUra="120" who="3" fromWho="1" sc="281,0,448,-52,229,0,22,72" />
</Scene>
<Scene>
<INIT seed="6,0,0,0,3,92" ten="281,396,229,94" oya="2" hai0="62,6,64,100,118,112,31,22,26,65,18,15,41" hai1="110,129,83,131,81,85,17,105,125,126,70,29,133" hai2="94,108,115,5,45,130,27,121,57,21,10,93,4" hai3="69,53,46,120,87,73,55,82,43,20,109,19,14"/><V24/><F121/><W36/><G120/><T113/><D118/><U103/><E70/><V99/><F115/><N who="0" m="44106" /><D41/><U116/><E29/><V7/><F130/><N who="1" m="49673" /><E17/><V30/><F94/><W8/><G109/><T89/><D6/><U48/><E116/><V28/><F57/><W59/><G69/><T32/><D100/><U78/><E110/><V97/><F93/><W128/><G128/><T51/><D51/><U76/><E48/><V3/><F45/><W11/><G73/><T91/><D64/><U124/><E133/><V132/><F132/><W37/><G37/><T25/><D25/><U98/><E125/><V9/><F108/><W74/><G74/><AGARI ba="0,0" hai="74,76,78,81,83,85,98,103,105,124,126" m="49673" machi="74" ten="30,7700,0" yaku="19,1,34,2,52,1" doraHai="92" who="1" fromWho="3" sc="281,0,396,77,229,0,94,-77" />
</Scene>
<Scene>
<INIT seed="7,0,0,5,4,88" ten="281,473,229,17" oya="3" hai0="114,25,32,70,45,83,42,7,62,134,124,54,68" hai1="82,71,108,84,5,93,126,75,36,8,29,33,119" hai2="85,9,17,135,63,2,79,90,50,127,129,69,78" hai3="133,44,61,21,43,77,26,86,34,16,89,57,47"/><W12/><G133/><T110/><D110/><U40/><E93/><V60/><F127/><W28/><G77/><T11/><D124/><U81/><E81/><V24/><F129/><W46/><G43/><T67/><D134/><U111/><E75/><V115/><F115/><W15/><G15/><T96/><D114/><U128/><E8/><V109/><F109/><W39/><G39/><T27/><D54/><U55/><E84/><V19/><F135/><W58/><REACH who="3" step="1"/><G61/><REACH who="3" ten="281,473,229,7" step="2"/><T94/><D42/><U30/><E40/><V1/><F60/><W20/><G20/><T116/><D62/><U72/><E36/><V95/><F63/><W3/><G3/><T14/><D32/><U91/><E33/><V103/><F79/><W0/><G0/><T64/><D14/><U56/><E111/><V65/><F78/><W97/><G97/><T104/><D96/><U37/><E108/><V122/><F1/><W87/><G87/><T6/><D116/><U107/><E119/><V41/><F2/><W13/><G13/><T48/><D48/><U98/><E126/><V101/><F50/><W18/><G18/><T52/><D6/><U131/><E37/><V49/><F49/><W53/><G53/><T66/><D7/><U59/><E55/><V51/><F51/><W80/><AGARI ba="0,1" hai="12,16,21,26,28,34,44,46,47,57,58,80,86,89" machi="80" ten="30,6000,0" yaku="1,1,0,1,54,1,53,0" doraHai="88" doraHaiUra="102" who="3" fromWho="3" sc="281,-20,473,-20,229,-20,7,70" />
</Scene>
<Scene>
<INIT seed="7,1,0,1,2,108" ten="261,453,209,77" oya="3" hai0="34,6,19,0,23,115,69,110,117,104,105,14,31" hai1="51,52,48,95,13,99,61,70,86,122,81,60,101" hai2="8,64,62,45,106,103,50,76,83,109,112,84,1" hai3="131,73,65,54,127,116,98,113,125,68,126,92,120"/><W36/><G116/><T78/><D110/><U94/><E122/><V89/><F109/><W10/><G120/><T88/><D117/><U11/><E95/><V47/><F112/><W25/><G131/><T97/><D78/><N who="1" m="46391" /><E70/><V7/><F106/><W118/><G118/><T72/><D72/><U129/><E129/><V107/><F107/><W33/><G73/><T49/><D49/><N who="1" m="19019" /><E52/><V55/><F103/><N who="3" m="60871" /><G36/><T90/><D23/><U41/><E41/><V5/><F5/><AGARI ba="1,0" hai="5,11,13,60,61,94,99,101" m="19019,46391" machi="5" ten="30,1000,0" yaku="8,1" doraHai="108" who="1" fromWho="2" sc="261,0,453,13,209,-13,77,0" owari="261,6.0,466,56.0,196,-20.0,77,-42.0" />
</Scene>
</mjloggm>