<mjloggm ver="2.3"><GO type="169" lobby="0"/><UN n0="%E5%A4%AA%E3%81%8F%E3%81%AA%E3%81%84%E3%81%8A" n1="%65%67%69%73%68%6F%32" n2="%E7%A2%BA%E8%AA%8D%E4%BA%8B%E9%A0%85" n3="%66%75%6A%69%32%32%39" dan="17,17,16,17" rate="2200.46,2146.62,2070.57,2129.88" sx="M,M,M,M"/><TAIKYOKU oya="0"/>

<Scene>
<INIT seed="0,0,0,5,4,114" ten="250,250,250,250" oya="0" hai0="56,90,124,80,9,86,66,55,28,1,76,18,84" hai1="75,25,132,118,58,41,13,37,97,16,99,30,35" hai2="54,96,81,68,22,88,72,73,19,125,57,123,42" hai3="53,106,15,33,63,2,8,130,79,109,101,10,59"/><T93/><D124/><U3/><E75/><V113/><F68/><W52/><G33/><T128/><D128/><U69/><E69/><V21/><F113/><W115/><G115/><T117/><D28/><U92/><E3/><V95/><F123/><W39/><G39/><T62/><D1/><U14/><E14/><V74/><F125/><W107/><G79/><T49/><D117/><U111/><E132/><V78/><F42/><W85/><G109/><T48/><REACH who="0" step="1"/><D66/><REACH who="0" ten="240,250,250,250" step="2"/><U82/><E118/><V7/><F7/><W45/><G130/><T103/><D103/><U133/><E133/><V112/><F112/><W131/><G101/><T134/><D134/><U64/><E111/><V23/><REACH who="2" step="1"/><F19/><REACH who="2" ten="240,250,240,250" step="2"/><W27/><G131/><T36/><D36/><U32/><E37/><V0/><F0/><W119/><G2/><T105/><D105/><U120/><E16/><V87/><F87/><W121/><G85/><T29/><D29/><U34/><E30/><V91/><F91/><W102/><G107/><T70/><D70/><U94/><E120/><V4/><F4/><W89/><G89/><T127/><D127/><U129/><E129/><V5/><F5/><W46/><G106/><T24/><D24/><U135/><E135/><V11/><F11/><W50/><G121/><T20/><D20/><U108/><E108/><V104/><F104/><W17/><G27/><T43/><D43/><U71/><E25/><V122/><F122/><W65/><G102/><T100/><D100/><U44/><E34/><V126/><F126/><W60/><G8/><T51/><D51/><AGARI ba="0,2" hai="21,22,23,51,54,57,72,73,74,78,81,88,95,96" machi="51" ten="40,2600,0" yaku="1,1,54,1,53,0" doraHai="114" doraHaiUra="67" who="2" fromWho="0" sc="240,-26,250,0,240,46,250,0" />
</Scene>
<Scene>
<INIT seed="1,0,0,1,3,96" ten="214,250,286,250" oya="1" hai0="46,81,105,103,50,63,9,53,123,48,134,57,89" hai1="21,80,28,37,97,62,5,59,22,67,109,6,47" hai2="39,82,126,92,113,116,25,93,75,32,117,64,11" hai3="4,85,30,131,115,42,49,135,26,58,36,17,100"/><U84/><E109/><V18/><F126/><W56/><G36/><T45/><D134/><U15/><E37/><V60/><F39/><W61/><G4/><T111/><D111/><U27/><E47/><V107/><F113/><W35/><G131/><T43/><D123/><U8/><E97/><V40/><F40/><W70/><G70/><T132/><D132/><U102/><E102/><V79/><F107/><W121/><G100/><T130/><D130/><U55/><E67/><V10/><F10/><W86/><G115/><T106/><D103/><U114/><E114/><V127/><F127/><W0/><G0/><T51/><D51/><U110/><E110/><V128/><F32/><W133/><G121/><T99/><D9/><U72/><E72/><V87/><F75/><W101/><G101/><T23/><D23/><U44/><E44/><V19/><F128/><W78/><G135/><T16/><D16/><U76/><REACH who="1" step="1"/><E22/><REACH who="1" ten="214,240,286,250" step="2"/><N who="2" m="13535" /><F116/><W118/><G118/><T52/><D99/><U33/><E33/><V1/><F117/><W13/><G133/><T14/><D106/><U66/><E66/><V95/><F64/><W125/><G125/><T119/><D105/><U83/><E83/><V98/><F98/><W68/><G35/><T88/><D119/><U112/><E112/><V104/><F104/><W129/><G129/><T69/><D81/><U71/><E71/><V54/><F82/><W91/><G68/><T73/><D73/><U31/><E31/><V120/><F120/><W90/><G30/><T94/><D69/><U24/><E24/><V38/><F38/><W77/><G26/><RYUUKYOKU ba="0,1" sc="214,-10,240,30,286,-10,250,-10" hai1="5,6,8,15,21,27,28,55,59,62,76,80,84" />
</Scene>
<Scene>
<INIT seed="1,1,1,4,4,106" ten="204,270,276,240" oya="1" hai0="88,73,16,62,117,76,17,132,127,80,95,40,126" hai1="86,15,113,14,38,65,61,46,98,69,12,107,27" hai2="58,94,43,70,6,81,125,19,112,9,64,7,102" hai3="5,111,124,36,11,78,101,109,104,72,31,116,48"/><U129/><E113/><V74/><F70/><W28/><G36/><T71/><D117/><U67/><E67/><V57/><F43/><W53/><G104/><T110/><D40/><U119/><E119/><V22/><F125/><N who="0" m="47626" /><D110/><N who="3" m="41993" /><G101/><T47/><D47/><U56/><E129/><V87/><F64/><W60/><G60/><T2/><D2/><U99/><E69/><V130/><F130/><W120/><G124/><T8/><D132/><U103/><E99/><N who="2" m="59767" /><F74/><W25/><G120/><T92/><D8/><U52/><E38/><V63/><F63/><W39/><G39/><T85/><D95/><U128/><E128/><V42/><F42/><W100/><G116/><T45/><D45/><U41/><E41/><V135/><F135/><W24/><G100/><T37/><D37/><U44/><E65/><AGARI ba="1,1" hai="16,17,62,65,71,73,76,80,85,88,92" m="47626" machi="65" ten="30,7700,0" yaku="18,1,52,1,54,2" doraHai="106" who="0" fromWho="1" sc="204,90,270,-80,276,0,240,0" />
</Scene>
<Scene>
<INIT seed="2,0,0,2,3,92" ten="294,190,276,240" oya="2" hai0="111,13,65,74,34,99,17,63,73,69,40,101,133" hai1="70,135,83,39,54,48,105,44,103,75,3,8,55" hai2="16,97,19,66,93,116,36,78,107,62,60,124,88" hai3="20,126,134,86,119,51,4,35,9,29,43,87,38"/><V120/><F116/><W100/><G35/><T129/><D40/><U28/><E70/><V121/><F36/><W64/><G38/><T1/><D1/><U132/><E28/><V80/><F107/><W127/><G64/><T115/><D115/><U7/><E39/><V61/><F66/><W11/><G119/><T25/><D111/><U6/><E6/><V30/><F30/><W2/><G100/><T90/><D90/><U50/><E75/><V85/><REACH who="2" step="1"/><F124/><REACH who="2" ten="294,190,266,240" step="2"/><W32/><G127/><T31/><D129/><U118/><E118/><V12/><F12/><W49/><G126/><T18/><D133/><U45/><REACH who="1" step="1"/><E83/><REACH who="1" ten="294,180,266,240" step="2"/><V14/><F14/><W95/><G134/><T98/><D13/><U76/><E76/><V102/><F102/><W71/><G2/><T77/><D77/><U53/><E53/><V22/><F22/><W68/><G20/><T5/><D101/><U114/><E114/><V10/><F10/><W94/><G32/><T131/><D34/><U15/><E15/><V104/><F104/><W27/><G29/><T26/><D31/><U56/><E56/><V109/><F109/><W41/><G27/><T52/><D26/><U79/><E79/><V122/><AGARI ba="0,2" hai="16,19,60,61,62,78,80,85,88,93,97,120,121,122" machi="122" ten="40,18000,2" yaku="1,1,0,1,52,1,54,2,53,1" doraHai="92" doraHaiUra="72" who="2" fromWho="2" sc="294,-60,180,-60,266,200,240,-60" />
</Scene>
<Scene>
<INIT seed="2,1,0,4,5,77" ten="234,120,466,180" oya="2" hai0="45,59,57,24,37,91,125,121,22,103,105,118,78" hai1="56,84,2,119,69,68,39,47,48,127,135,13,126" hai2="106,113,102,62,8,73,115,27,63,43,3,29,101" hai3="94,34,134,81,128,21,46,83,42,30,110,109,99"/><V18/><F73/><W51/><G34/><T10/><D121/><U124/><E2/><V75/><F75/><W132/><G128/><T33/><D33/><U50/><E13/><V35/><F43/><W95/><G30/><T14/><D78/><U86/><E119/><V26/><F3/><W65/><G65/><T87/><D118/><U76/><E76/><V28/><F35/><W38/><G21/><T61/><D125/><U12/><E12/><V117/><F106/><W96/><G38/><T4/><D105/><U16/><E135/><N who="3" m="51754" /><G94/><T17/><D103/><U25/><E39/><V36/><F36/><W116/><G116/><T52/><D37/><U98/><E98/><N who="3" m="37418" /><G95/><T67/><D45/><U70/><E56/><V114/><F117/><W58/><G58/><N who="0" m="35015" /><D67/><U80/><E47/><V20/><F115/><W79/><G79/><T53/><D53/><U71/><N who="1" m="17408" /><DORA hai="88" /><U74/><E74/><V85/><F20/><W49/><G49/><N who="1" m="19050" /><E80/><AGARI ba="1,0" hai="42,46,51,80,81,83,109,110" m="37418,51754" machi="80" ten="30,7700,0" yaku="20,1,52,3" doraHai="77,88" who="3" fromWho="1" sc="234,0,120,-80,466,0,180,80" /><AGARI ba="1,0" hai="4,10,14,17,22,24,57,59,80,87,91" m="35015" machi="80" ten="30,3900,0" yaku="8,1,52,1,54,1" doraHai="77,88" who="0" fromWho="1" sc="234,39,40,-39,466,0,260,0" />
</Scene>
<Scene>
<INIT seed="3,0,0,1,4,52" ten="273,1,466,260" oya="3" hai0="51,69,32,1,84,34,66,30,58,116,101,16,12" hai1="53,49,104,22,126,109,0,42,7,91,115,4,62" hai2="95,21,36,59,2,134,63,103,35,82,40,19,54" hai3="125,31,14,97,114,106,135,27,129,87,48,98,68"/><W117/><G117/><T45/><D116/><U75/><E104/><V10/><F35/><W111/><G114/><T60/><D1/><U65/><E75/><V89/><F103/><N who="3" m="62831" /><G14/><T81/><D101/><U112/><E42/><V9/><F134/><W85/><G98/><T77/><D30/><U39/><E39/><V18/><F82/><W105/><G105/><T86/><D86/><U102/><E102/><V25/><F18/><W26/><G26/><T76/><D69/><U55/><E0/><V133/><F133/><W88/><G135/><T90/><D32/><U47/><E22/><V79/><F79/><W122/><G122/><T124/><D124/><U20/><E126/><V107/><F107/><W71/><G125/><T74/><D34/><U13/><E55/><V50/><F36/><W29/><G29/><T80/><D80/><U23/><E115/><V57/><F2/><W70/><G48/><T121/><D121/><U113/><E113/><V92/><F40/><W118/><G118/><T120/><D74/><U127/><E127/><V73/><F73/><W96/><G129/><T46/><D120/><U17/><E112/><V44/><F44/><N who="0" m="17002" /><D51/><U99/><E23/><AGARI ba="0,0" hai="12,16,23,58,60,66,76,77,81,84,90" m="17002" machi="23" ten="30,3900,0" yaku="8,1,52,1,54,1" doraHai="52" who="0" fromWho="1" sc="273,39,1,-39,466,0,260,0" owari="312,11.0,-38,-54.0,466,57.0,260,-14.0" />
</Scene>
</mjloggm>