<mjloggm ver="2.3"><GO type="169" lobby="0"/><UN n0="%E5%81%BD%E5%96%84%E8%80%85%E9%AB%98%E6%A9%8B%E3%81%BF%E3%81%AA%E3%81%BF" n1="%E5%A4%AA%E3%81%8F%E3%81%AA%E3%81%84%E3%81%8A" n2="%62%75%67%79%61%77%69" n3="%41%71%75%CE%B1%72%69%75%73" dan="16,17,16,16" rate="2181.05,2176.73,2116.83,2075.21" sx="F,M,M,M"/><TAIKYOKU oya="0"/>

<Scene>
<INIT seed="0,0,0,5,3,64" ten="250,250,250,250" oya="0" hai0="49,61,68,44,120,37,22,50,43,118,38,81,114" hai1="123,1,104,124,128,115,9,36,129,71,127,63,87" hai2="31,14,134,97,86,74,33,89,55,41,13,3,135" hai3="25,5,126,132,54,46,59,96,113,29,16,84,95"/><T42/><D81/><U57/><E104/><V78/><F3/><W10/><G113/><T130/><D22/><U45/><E87/><V122/><F122/><W75/><G75/><T72/><D72/><U101/><E101/><V28/><F41/><W11/><G46/><N who="0" m="23895" /><D114/><U15/><E1/><V48/><F97/><W107/><G126/><N who="1" m="48170" /><E115/><V32/><F78/><W27/><G132/><N who="2" m="50729" /><F74/><W12/><G107/><T110/><D120/><U125/><E123/><V8/><F14/><N who="3" m="5455" /><G84/><T20/><D20/><U73/><E73/><V58/><F32/><W77/><G29/><T66/><D118/><U103/><E103/><V30/><F33/><W24/><G77/><T21/><D21/><U133/><E133/><V23/><F23/><W106/><G106/><T85/><D85/><U18/><N who="1" m="48178" /><U88/><DORA hai="51" /><E88/><V112/><F112/><W65/><G65/><T83/><D83/><U0/><E0/><V100/><F100/><N who="3" m="60447" /><G27/><T56/><D130/><U94/><E94/><N who="2" m="54583" /><F31/><W119/><G119/><T62/><D110/><U98/><E98/><V2/><F2/><W47/><G47/><T53/><AGARI ba="0,0" hai="37,43,44,49,50,53,56,61,62,66,68" m="23895" machi="53" ten="30,18000,2" yaku="35,5,52,2" doraHai="64,51" who="0" fromWho="0" sc="250,180,250,-60,250,-60,250,-60" />
</Scene>
<Scene>
<INIT seed="0,1,0,3,2,28" ten="430,190,190,190" oya="0" hai0="120,49,111,1,55,9,47,27,128,101,41,113,46" hai1="38,107,98,127,35,109,8,66,10,94,14,85,52" hai2="51,50,77,29,30,82,44,129,119,37,115,132,73" hai3="65,57,59,75,123,42,121,126,36,62,106,34,63"/><T64/><D113/><U89/><E38/><V80/><F115/><W26/><G75/><T74/><D74/><U68/><E109/><V91/><F129/><W81/><G106/><T90/><D120/><N who="3" m="46153" /><G126/><T2/><D128/><U45/><E127/><V114/><F114/><W88/><G42/><T70/><D101/><U5/><E35/><V117/><F132/><W86/><G36/><T83/><D111/><U95/><E107/><V18/><F37/><W32/><G26/><T100/><D100/><U58/><E45/><V72/><F18/><W7/><G7/><T61/><D27/><U108/><E108/><V56/><F56/><W96/><G96/><T20/><D20/><U131/><E131/><V76/><F91/><W125/><G125/><T134/><D134/><U71/><E66/><AGARI ba="1,0" hai="32,34,57,59,62,63,65,66,81,86,88" m="46153" machi="66" ten="30,7700,0" yaku="13,1,52,2,54,1" doraHai="28" who="3" fromWho="1" sc="430,0,190,-80,190,0,190,80" />
</Scene>
<Scene>
<INIT seed="1,0,0,2,4,6" ten="430,110,190,270" oya="1" hai0="101,29,123,110,87,93,9,42,57,33,84,76,32" hai1="113,15,37,81,44,11,112,58,65,78,3,72,10" hai2="34,99,38,82,5,97,94,23,45,125,107,92,89" hai3="41,16,117,49,133,119,56,7,79,116,43,118,80"/><U114/><E3/><V0/><F34/><W95/><G133/><T98/><D110/><U31/><E31/><V48/><F38/><W55/><G7/><T111/><D111/><U62/><REACH who="1" step="1"/><E15/><REACH who="1" ten="430,100,190,270" step="2"/><V13/><F0/><W134/><G119/><T40/><D29/><U135/><E135/><V14/><F14/><W129/><G134/><T109/><D109/><U108/><E108/><V67/><F125/><W124/><G124/><T88/><D32/><U71/><E71/><V8/><F107/><W64/><G118/><T132/><D33/><U83/><E83/><V20/><F82/><W100/><G80/><T35/><D35/><U25/><E25/><V68/><F68/><W28/><G28/><T66/><D132/><U1/><E1/><V22/><F67/><W36/><G64/><T18/><D66/><U19/><E19/><V115/><F115/><W59/><G16/><T46/><D18/><U105/><E105/><V102/><REACH who="2" step="1"/><F22/><REACH who="2" ten="430,100,180,270" step="2"/><W75/><G117/><T74/><D9/><U4/><E4/><V86/><F86/><W126/><G116/><T121/><D84/><U30/><E30/><V127/><F127/><W103/><G126/><T96/><D87/><U85/><E85/><V47/><F47/><W53/><G75/><T91/><D46/><U50/><E50/><V39/><F39/><W106/><G36/><T61/><D74/><U128/><E128/><V12/><F12/><W27/><G49/><T60/><D121/><U63/><E63/><V104/><F104/><W122/><G106/><T24/><D123/><U51/><E51/><V54/><AGARI ba="0,2" hai="5,8,13,20,23,45,48,54,89,92,94,97,99,102" machi="54" ten="20,12000,2" yaku="1,1,5,1,0,1,7,1,8,1,52,1,53,0" doraHai="6" doraHaiUra="69" who="2" fromWho="2" sc="430,-30,100,-60,180,140,270,-30" />
</Scene>
<Scene>
<INIT seed="2,0,0,4,4,121" ten="400,40,320,240" oya="2" hai0="57,40,73,107,109,29,83,130,119,25,21,80,108" hai1="37,124,84,101,60,19,48,123,122,11,46,52,93" hai2="41,117,105,36,77,13,58,38,131,55,96,65,27" hai3="104,126,110,4,18,102,92,32,5,34,24,61,86"/><V76/><F117/><W56/><G104/><T28/><D119/><U30/><E124/><V7/><F65/><N who="3" m="39079" /><G34/><T22/><D107/><U71/><E30/><V42/><F27/><W103/><G32/><T45/><D130/><U118/><E118/><V54/><F105/><W6/><G110/><N who="0" m="42603" /><D57/><U44/><E19/><V98/><F58/><W100/><G126/><T2/><D2/><U120/><E11/><V69/><F7/><W8/><G24/><N who="0" m="16399" /><D73/><U26/><E26/><V79/><F13/><N who="3" m="7463" /><G86/><T81/><D81/><U91/><E101/><V75/><F75/><W99/><AGARI ba="0,0" hai="4,5,6,92,99,100,102,103" m="7463,39079" machi="99" ten="30,1100,0" yaku="8,1" doraHai="121" who="3" fromWho="3" sc="400,-3,40,-3,320,-5,240,11" />
</Scene>
<Scene>
<INIT seed="3,0,0,5,4,80" ten="397,37,315,251" oya="3" hai0="108,48,75,46,114,1,30,38,27,99,2,39,56" hai1="127,107,34,124,94,52,104,44,105,88,7,119,12" hai2="126,100,91,113,26,43,103,37,121,120,92,5,132" hai3="106,78,8,122,131,11,10,93,112,110,45,54,72"/><W86/><G106/><T82/><D108/><U41/><E34/><V58/><F113/><W129/><G122/><N who="2" m="47209" /><F132/><W3/><G112/><T73/><D114/><U28/><E28/><V24/><F126/><N who="1" m="48169" /><E119/><V117/><F117/><W130/><G72/><T47/><D56/><U25/><E25/><N who="2" m="9835" /><F5/><N who="3" m="1087" /><G110/><T97/><D27/><U15/><E7/><V76/><F76/><W109/><G109/><T123/><D123/><U49/><E41/><V42/><F58/><W23/><G23/><T61/><D82/><U87/><AGARI ba="0,0" hai="12,15,44,49,52,87,88,94,104,105,107" m="48169" machi="87" ten="40,8000,1" yaku="18,1,52,1,54,2" doraHai="80" who="1" fromWho="1" sc="397,-20,37,80,315,-20,251,-40" />
</Scene>
<Scene>
<INIT seed="4,0,0,3,2,106" ten="377,117,295,211" oya="0" hai0="107,63,132,45,37,16,91,72,115,64,42,62,122" hai1="36,134,98,77,22,89,32,126,1,96,85,3,48" hai2="47,14,13,34,40,2,69,81,93,135,19,104,94" hai3="120,111,84,88,55,56,4,24,44,108,8,53,18"/><T110/><D122/><U29/><E36/><V80/><F2/><W83/><G120/><T5/><D107/><U7/><E32/><V97/><F69/><W20/><G44/><T57/><D115/><U123/><E123/><V117/><F34/><W90/><G90/><T78/><D132/><U6/><E134/><V109/><F109/><W26/><G26/><T0/><D110/><U11/><E126/><V105/><F135/><W39/><G39/><T113/><D113/><U119/><E119/><V118/><F47/><W121/><G121/><T21/><D91/><U101/><E77/><V33/><F33/><W46/><G46/><T92/><D92/><U51/><E29/><V67/><F67/><W100/><G100/><T58/><D5/><U71/><E71/><V15/><F19/><W27/><G27/><T86/><D0/><U103/><E22/><V131/><F131/><W59/><G59/><T43/><D43/><U102/><E51/><V112/><F112/><W66/><G111/><T50/><D37/><U87/><E48/><V9/><F9/><W35/><G35/><T75/><D78/><U17/><E17/><V41/><F15/><N who="3" m="5511" /><G108/><T60/><D86/><U74/><E74/><V23/><REACH who="2" step="1"/><F23/><REACH who="2" ten="377,117,285,211" step="2"/><W114/><G114/><T65/><D62/><AGARI ba="0,1" hai="18,20,24,53,55,56,62,66,83,84,88" m="5511" machi="62" ten="30,2000,0" yaku="8,1,54,1" doraHai="106" who="3" fromWho="0" sc="377,-20,117,0,285,0,211,30" />
</Scene>
<Scene>
<INIT seed="5,0,0,5,2,58" ten="357,117,285,241" oya="1" hai0="79,15,9,65,23,89,85,46,103,77,60,25,44" hai1="43,62,64,90,5,45,36,78,55,50,56,82,84" hai2="6,34,126,33,14,127,71,13,86,132,28,26,128" hai3="16,92,31,18,63,123,73,70,83,29,47,72,95"/><U30/><E30/><V135/><F71/><W27/><G47/><T68/><D103/><U42/><E5/><V111/><F86/><W53/><G123/><T74/><D74/><U99/><E99/><V120/><F120/><W41/><G41/><T101/><D101/><U11/><E11/><N who="2" m="4343" /><F111/><W35/><G31/><T38/><D38/><U10/><E10/><V49/><F49/><W115/><G115/><T40/><D40/><U52/><E36/><V130/><F14/><W1/><G1/><T61/><D77/><U91/><E43/><V67/><F67/><W122/><G122/><T88/><D79/><U20/><E20/><V54/><F54/><AGARI ba="0,0" hai="42,45,50,52,54,55,56,62,64,78,82,84,90,91" machi="54" ten="40,7700,0" yaku="8,1,52,1,54,1" doraHai="58" who="1" fromWho="2" sc="357,0,117,77,285,-77,241,0" />
</Scene>
<Scene>
<INIT seed="5,1,0,5,2,51" ten="357,194,208,241" oya="1" hai0="32,76,84,102,95,72,31,113,92,125,121,122,56" hai1="78,54,118,18,134,10,73,36,68,11,86,45,124" hai2="98,119,16,27,90,108,60,30,42,97,34,49,129" hai3="133,59,67,35,9,111,39,126,22,38,58,7,85"/><U48/><E118/><V128/><F108/><W91/><G35/><T82/><D113/><U33/><E33/><V17/><F119/><W106/><G111/><T19/><D125/><U25/><E68/><V112/><F112/><W103/><G126/><T132/><D132/><U50/><E73/><V83/><F60/><W57/><G67/><T52/><D19/><N who="2" m="7242" /><F83/><W66/><G66/><T101/><D31/><U77/><E124/><V55/><F90/><W100/><G133/><T69/><D32/><U131/><E134/><V15/><F42/><W64/><G64/><T130/><D69/><U21/><E36/><V74/><F15/><N who="3" m="5567" /><G38/><T53/><D130/><N who="2" m="50282" /><F74/><W81/><G106/><T14/><D72/><U115/><E131/><V99/><F99/><W5/><G5/><T71/><D71/><U41/><E115/><V79/><F79/><N who="1" m="30217" /><E86/><V13/><F13/><W93/><G39/><T29/><D14/><U94/><E94/><V116/><F116/><W43/><G43/><T26/><D95/><U120/><E120/><V40/><F40/><W63/><G63/><T62/><D92/><U80/><E80/><V117/><F117/><W37/><G37/><T2/><D122/><U114/><E114/><V89/><F89/><N who="3" m="51375" /><G22/><T135/><D121/><U47/><AGARI ba="1,0" hai="10,11,18,21,25,41,45,47,48,50,54" m="30217" machi="47" ten="30,3000,0" yaku="8,1,52,1" doraHai="51" who="1" fromWho="1" sc="357,-11,194,33,208,-11,241,-11" />
</Scene>
<Scene>
<INIT seed="5,2,0,5,2,23" ten="346,227,197,230" oya="1" hai0="135,71,45,54,123,37,94,13,21,109,14,108,77" hai1="35,78,36,20,134,125,27,53,30,80,19,114,117" hai2="87,44,119,64,129,86,133,113,26,52,128,2,31" hai3="18,57,5,90,101,51,32,40,46,68,66,41,6"/><U0/><E117/><V75/><F119/><W106/><G68/><T95/><D71/><U115/><E36/><V62/><F75/><W96/><G32/><T103/><D77/><U79/><E0/><V58/><F2/><W56/><G41/><T124/><D37/><U100/><E134/><V12/><F12/><W17/><G90/><T59/><D45/><U67/><E67/><V130/><F133/><W93/><G106/><T29/><D135/><U3/><E3/><V4/><F4/><N who="3" m="1643" /><G66/><T10/><D124/><U74/><E125/><V72/><F72/><W55/><G57/><T43/><D43/><U50/><E100/><V84/><F113/><W65/><G65/><T127/><D127/><U122/><E79/><V49/><F86/><W1/><G1/><T89/><D123/><U104/><E104/><V28/><F28/><W15/><G15/><T7/><D103/><U121/><E121/><V132/><F132/><W97/><G97/><T33/><D33/><AGARI ba="2,0" hai="26,31,33,44,49,52,58,62,64,84,87,128,129,130" machi="33" ten="40,5200,0" yaku="19,1,52,1,54,1" doraHai="23" who="2" fromWho="0" sc="346,-58,227,0,197,58,230,0" />
</Scene>
<Scene>
<INIT seed="6,0,0,0,2,120" ten="288,227,255,230" oya="2" hai0="0,85,109,76,97,23,118,110,62,25,119,19,94" hai1="108,122,14,28,69,35,127,93,31,72,46,99,15" hai2="49,33,7,105,134,39,64,6,16,47,58,61,48" hai3="17,67,27,10,103,91,106,26,125,102,66,74,117"/><V96/><F33/><W121/><G74/><T114/><D0/><U86/><E72/><V3/><F39/><W41/><G121/><T131/><D114/><U13/><E122/><V12/><F3/><W116/><G41/><T57/><D131/><U36/><E69/><V60/><F134/><W9/><G91/><N who="0" m="55519" /><D85/><U98/><E127/><V21/><F49/><W101/><G106/><T37/><D76/><U83/><E108/><N who="0" m="41577" /><D37/><U59/><E35/><V89/><F61/><W34/><G125/><T73/><D73/><U112/><E112/><V95/><REACH who="2" step="1"/><F105/><REACH who="2" ten="288,227,245,230" step="2"/><W56/><G34/><T5/><D62/><U45/><E36/><V18/><F18/><W29/><G17/><T100/><D5/><U88/><E59/><V135/><F135/><W1/><G56/><T111/><D111/><U77/><REACH who="1" step="1"/><E98/><REACH who="1" ten="288,217,245,230" step="2"/><V11/><F11/><W87/><G10/><T38/><D38/><U90/><E90/><V113/><F113/><W124/><G9/><T54/><D100/><U4/><E4/><V65/><F65/><W50/><G67/><T20/><D57/><U126/><E126/><V70/><F70/><W82/><G66/><T128/><D19/><U80/><E80/><V75/><F75/><W55/><G82/><T130/><D130/><U32/><E32/><V81/><F81/><W24/><G124/><T52/><D128/><U71/><E71/><V51/><F51/><W92/><G50/><T40/><D119/><U79/><E79/><V22/><F22/><W8/><G117/><T133/><D118/><U53/><E53/><AGARI ba="0,2" hai="6,7,12,16,21,47,48,53,58,60,64,89,95,96" machi="53" ten="30,11600,0" yaku="1,1,7,1,8,1,54,1,53,0" doraHai="120" doraHaiUra="104" who="2" fromWho="1" sc="288,0,217,-116,245,136,230,0" />
</Scene>
<Scene>
<INIT seed="6,1,0,5,5,1" ten="288,101,381,230" oya="2" hai0="22,30,92,0,36,29,102,94,39,51,77,34,47" hai1="123,32,37,100,107,25,82,114,116,3,63,19,68" hai2="81,125,126,17,74,97,124,90,50,129,52,70,43" hai3="56,6,118,58,24,12,109,98,46,53,41,57,111"/><V64/><F43/><W83/><G118/><T48/><D34/><U79/><E116/><V132/><F132/><W89/><G53/><T108/><D0/><U61/><E37/><V40/><F40/><W127/><G24/><T16/><D108/><U15/><E3/><V35/><F35/><W14/><G127/><T131/><D77/><U65/><E114/><V62/><F129/><W20/><G14/><T55/><D131/><U13/><E123/><V76/><F17/><W5/><G109/><T33/><D33/><U42/><E42/><V86/><F97/><W21/><G111/><T75/><D75/><U119/><E119/><V38/><F38/><W133/><G133/><T26/><D36/><U59/><E61/><V105/><F105/><W128/><G128/><T49/><D39/><U104/><E59/><N who="2" m="33175" /><F74/><W130/><G130/><T84/><D92/><U44/><E44/><V66/><F66/><W115/><G115/><T9/><D30/><U134/><E134/><V99/><F99/><W28/><G28/><T27/><D27/><U135/><E135/><V45/><F45/><W87/><G98/><N who="0" m="59735" /><D84/><U101/><E104/><V71/><F76/><W80/><G80/><T54/><D47/><U60/><E101/><V72/><F72/><W112/><G112/><T2/><D2/><U106/><E106/><V4/><F71/><W113/><G113/><T67/><D67/><U23/><E32/><V103/><F103/><W10/><G46/><T78/><D78/><U117/><E117/><V110/><F125/><W93/><G41/><T69/><D69/><U31/><E68/><RYUUKYOKU ba="1,0" sc="288,30,101,-10,381,-10,230,-10" hai0="9,16,22,26,29,48,49,51,54,55" />
</Scene>
<Scene>
<INIT seed="7,2,0,4,3,25" ten="318,91,371,220" oya="3" hai0="102,109,70,45,35,58,77,32,112,91,124,83,10" hai1="20,52,8,14,80,24,73,69,11,125,111,54,79" hai2="55,120,66,36,121,5,128,99,18,130,104,101,90" hai3="2,28,29,57,6,4,38,93,110,129,27,89,131"/><W71/><G71/><T64/><D70/><U117/><E111/><V1/><F66/><W95/><G38/><T62/><D109/><U34/><E69/><V47/><F18/><W40/><G40/><T82/><D102/><U17/><E125/><V118/><F118/><W46/><G46/><T13/><D124/><U133/><E117/><V75/><F75/><W105/><G105/><T88/><D112/><U81/><E133/><V86/><F5/><N who="3" m="2155" /><G2/><T113/><D113/><U60/><E34/><V135/><F1/><W16/><G57/><T23/><D10/><U103/><E103/><V87/><F135/><W42/><G42/><T72/><D45/><U98/><E98/><V132/><F132/><W53/><G53/><T7/><D7/><U19/><E60/><V68/><F68/><W115/><G115/><T26/><D13/><U85/><E8/><V76/><F36/><W41/><G41/><T127/><D127/><U108/><E108/><V12/><F55/><W9/><G93/><T33/><REACH who="0" step="1"/><D82/><REACH who="0" ten="308,91,371,220" step="2"/><U21/><REACH who="1" step="1"/><E11/><REACH who="1" ten="308,81,371,220" step="2"/><V107/><F12/><W78/><G9/><T39/><D39/><U63/><E63/><V94/><F47/><W106/><G110/><T31/><AGARI ba="2,2" hai="23,26,31,32,33,35,58,62,64,72,77,83,88,91" machi="31" ten="30,7900,0" yaku="1,1,0,1,52,1,54,1,53,0" doraHai="25" doraHaiUra="0" who="0" fromWho="0" sc="308,105,81,-22,371,-22,220,-41" owari="413,51.0,59,-44.0,349,15.0,179,-22.0" />
</Scene>
</mjloggm>