<mjloggm ver="2.3"><GO type="169" lobby="0"/><UN n0="%E7%B6%BE%E9%A6%99" n1="%E5%A4%AA%E3%81%8F%E3%81%AA%E3%81%84%E3%81%8A" n2="%E2%91%A3%E3%82%BB%E3%83%B3%E3%83%81" n3="%E3%83%87%E3%83%87%E3%82%AD%E3%83%B3%E3%83%88" dan="17,18,18,17" rate="2243.44,2283.51,2182.34,2158.59" sx="F,F,M,M"/><TAIKYOKU oya="0"/>

<Scene>
<INIT seed="0,0,0,3,0,33" ten="250,250,250,250" oya="0" hai0="92,124,105,12,23,77,104,53,108,21,78,86,118" hai1="79,114,61,54,68,134,120,55,107,75,59,89,31" hai2="18,25,47,100,135,66,81,71,74,121,132,64,28" hai3="49,85,58,27,76,70,95,119,29,37,4,84,15"/><T41/><D118/><U122/><E107/><V83/><F121/><W32/><G70/><T127/><D41/><U13/><E31/><V60/><F66/><W117/><G37/><T101/><D12/><U111/><E89/><V7/><F18/><W133/><G133/><N who="2" m="51273" /><F74/><W57/><G117/><T67/><D67/><U24/><E13/><V43/><F7/><W97/><G119/><T46/><D108/><U50/><E24/><V14/><F100/><W123/><G123/><T112/><D112/><U98/><E98/><V94/><F94/><W90/><G76/><T106/><D101/><U3/><E79/><V93/><F93/><W11/><REACH who="3" step="1"/><G49/><REACH who="3" ten="250,250,250,240" step="2"/><N who="0" m="28855" /><D77/><U51/><E50/><N who="2" m="27007" /><F14/><W22/><G22/><AGARI ba="0,1" hai="22,25,28,60,64,71,81,83" m="27007,51273" machi="22" ten="30,1000,0" yaku="20,1" doraHai="33" who="2" fromWho="3" sc="250,0,250,0,250,20,240,-10" />
</Scene>
<Scene>
<INIT seed="1,0,0,5,3,117" ten="250,250,270,230" oya="1" hai0="110,52,32,131,25,46,78,83,0,85,123,74,134" hai1="26,79,103,20,40,121,128,28,125,70,93,56,39" hai2="2,53,76,67,21,58,37,54,16,47,60,6,135" hai3="119,94,133,124,87,77,101,10,97,69,104,61,23"/><U89/><E70/><V65/><F135/><W81/><G119/><T95/><D0/><U35/><E125/><V42/><F76/><W17/><G133/><T22/><D134/><U33/><E128/><V14/><F2/><W64/><G124/><T31/><D131/><U3/><E3/><V109/><F109/><W9/><REACH who="3" step="1"/><G104/><REACH who="3" ten="250,250,270,220" step="2"/><T98/><D110/><U130/><E130/><V120/><F120/><W73/><G73/><T51/><D123/><U62/><E121/><V116/><F116/><W34/><G34/><T84/><D32/><U112/><E33/><V27/><F6/><W30/><G30/><T115/><D115/><U122/><E35/><V90/><F90/><AGARI ba="0,1" hai="22,25,31,46,51,52,74,78,83,84,85,90,95,98" machi="90" ten="30,2000,0" yaku="7,1,54,1" doraHai="117" who="0" fromWho="2" sc="250,30,250,0,270,-20,220,0" />
</Scene>
<Scene>
<INIT seed="2,0,0,0,5,45" ten="280,250,250,220" oya="2" hai0="105,69,121,73,111,28,51,5,116,109,10,11,129" hai1="98,71,135,47,0,22,56,118,107,100,15,94,3" hai2="6,82,127,34,60,79,80,26,85,52,110,84,104" hai3="62,103,14,101,39,25,87,75,90,92,70,37,33"/><V67/><F104/><W66/><G75/><T102/><D73/><U4/><E71/><V88/><F6/><W2/><G2/><T89/><D69/><U63/><E118/><V72/><F127/><W61/><G61/><T132/><D121/><U123/><E123/><V53/><F110/><W46/><G14/><T64/><D116/><U30/><E135/><V130/><F130/><W23/><G33/><T77/><D64/><N who="1" m="39015" /><E107/><V35/><F72/><W81/><G81/><T29/><D77/><U83/><E83/><V97/><F97/><W16/><REACH who="3" step="1"/><G46/><REACH who="3" ten="280,250,250,210" step="2"/><T125/><D111/><U54/><E15/><V113/><F113/><W17/><G17/><T86/><D109/><U44/><E44/><V19/><F35/><W99/><G99/><T91/><D129/><U55/><E47/><V32/><F32/><W13/><G13/><T133/><D133/><U115/><E115/><V117/><F117/><W1/><G1/><T8/><D132/><U42/><E0/><V40/><F40/><W112/><G112/><T76/><D5/><U124/><E42/><V36/><F36/><AGARI ba="0,1" hai="16,23,25,36,37,39,62,66,70,87,90,92,101,103" machi="36" ten="40,2600,0" yaku="1,1,54,1,53,0" doraHai="45" doraHaiUra="27" who="3" fromWho="2" sc="280,0,250,0,250,-26,210,36" />
</Scene>
<Scene>
<INIT seed="3,0,0,0,5,12" ten="280,250,224,246" oya="3" hai0="8,128,29,112,36,5,10,125,54,39,77,69,114" hai1="57,119,68,121,55,60,18,7,81,91,11,47,67" hai2="102,20,28,48,126,107,14,61,40,82,13,75,37" hai3="85,84,34,101,52,2,106,100,131,44,97,92,23"/><W133/><G34/><T41/><D69/><U71/><E121/><V98/><F37/><W46/><G2/><T15/><D128/><U66/><E119/><V110/><F110/><W16/><G131/><T87/><D125/><U115/><E115/><N who="0" m="44073" /><D29/><U59/><E47/><V93/><F126/><W24/><G133/><T122/><D122/><U62/><E55/><V0/><F0/><W56/><G106/><T26/><D26/><U90/><E7/><V86/><F75/><W74/><G74/><T58/><D41/><U17/><E81/><V111/><F107/><W1/><G101/><T63/><D8/><AGARI ba="0,0" hai="8,11,17,18,57,59,60,62,66,67,68,71,90,91" machi="8" ten="25,6400,0" yaku="22,2,52,2" doraHai="12" who="1" fromWho="0" sc="280,-64,250,64,224,0,246,0" />
</Scene>
<Scene>
<INIT seed="4,0,0,4,5,128" ten="216,314,224,246" oya="0" hai0="11,51,122,35,43,133,63,6,47,32,111,30,98" hai1="56,2,10,106,21,126,75,67,41,1,109,123,92" hai2="74,54,105,89,125,129,108,52,94,24,79,102,13" hai3="8,117,59,76,104,46,17,18,101,12,115,49,96"/><T132/><D122/><U33/><E106/><V88/><F108/><W40/><G117/><T80/><D111/><U127/><E33/><V16/><F105/><W110/><G115/><T45/><D30/><U14/><E75/><V34/><F74/><W93/><G110/><T114/><D114/><U87/><E109/><V99/><F125/><W84/><G104/><T72/><D98/><U38/><E21/><N who="2" m="13351" /><F34/><W20/><G59/><T3/><D63/><N who="1" m="38375" /><E41/><V71/><F71/><W31/><G31/><T86/><D47/><U134/><E38/><V68/><F68/><W37/><G37/><T120/><D120/><U112/><E87/><V78/><F129/><W57/><G57/><T4/><D72/><U9/><E92/><N who="2" m="58727" /><F13/><W19/><G20/><T48/><D48/><U27/><E14/><V135/><F135/><N who="0" m="51786" /><D6/><U83/><E134/><V121/><F121/><W39/><G39/><T77/><AGARI ba="0,0" hai="3,4,11,32,35,43,45,51,77,80,86" m="51786" machi="77" ten="30,11700,0" yaku="20,1,52,3" doraHai="128" who="0" fromWho="0" sc="216,117,314,-39,224,-39,246,-39" />
</Scene>
<Scene>
<INIT seed="4,1,0,2,1,32" ten="333,275,185,207" oya="0" hai0="88,101,75,90,35,17,26,51,48,15,60,113,66" hai1="79,84,19,61,85,21,128,77,135,33,94,24,108" hai2="117,34,53,103,16,37,89,132,111,58,2,121,76" hai3="7,5,9,125,107,20,4,109,130,28,57,123,10"/><T82/><D113/><U124/><E108/><V87/><F34/><W39/><G107/><T25/><D101/><U70/><E124/><V50/><F37/><W43/><G125/><T96/><D35/><U62/><E33/><V63/><F111/><W95/><G109/><T38/><D38/><U54/><E128/><V69/><F121/><W126/><G126/><T11/><D75/><U133/><E70/><V102/><F132/><W92/><G130/><T14/><D90/><U127/><E127/><V52/><F117/><W73/><G73/><T6/><D26/><U18/><E24/><V3/><F76/><W46/><G123/><T65/><D25/><U29/><E21/><V74/><F74/><W12/><G28/><T97/><D97/><U86/><E86/><V64/><F16/><W114/><G114/><T98/><D98/><U67/><E54/><V55/><F55/><W1/><G20/><N who="0" m="11319" /><D60/><U134/><E134/><V41/><F41/><W118/><G118/><T42/><D42/><U106/><E94/><V36/><F36/><W0/><G57/><T23/><D23/><U131/><E106/><V104/><F104/><W72/><G72/><T81/><D81/><U110/><E110/><V91/><F91/><W99/><G99/><T31/><D31/><U45/><E29/><V27/><F27/><W59/><G59/><T112/><D112/><U129/><REACH who="1" step="1"/><E45/><REACH who="1" ten="333,265,185,207" step="2"/><V80/><REACH who="2" step="1"/><F53/><REACH who="2" ten="333,265,175,207" step="2"/><W13/><G5/><T116/><D6/><U100/><E100/><AGARI ba="1,2" hai="2,3,50,52,58,63,64,69,80,87,89,100,102,103" machi="100" ten="40,12000,2" yaku="1,1,2,1,52,2,54,1,53,1" doraHai="32" doraHaiUra="44" who="2" fromWho="1" sc="333,0,265,-123,175,143,207,0" />
</Scene>
<Scene>
<INIT seed="5,0,0,4,1,55" ten="333,142,318,207" oya="1" hai0="8,91,106,0,38,24,103,129,33,52,87,79,49" hai1="111,69,130,92,11,51,97,6,125,115,109,42,1" hai2="23,100,99,63,68,48,56,46,133,112,17,34,47" hai3="73,9,32,104,67,41,77,45,29,7,13,10,82"/><U124/><E69/><V54/><F34/><W59/><G104/><T102/><D38/><U18/><E115/><V27/><F133/><W78/><G78/><T84/><D129/><U57/><E130/><V108/><F108/><N who="1" m="41545" /><E18/><V123/><F123/><W86/><G73/><T121/><D121/><U64/><E42/><V89/><F112/><W75/><G75/><T2/><D33/><U122/><E122/><V4/><F4/><W105/><G105/><T95/><D24/><U127/><E51/><V114/><F114/><W96/><G10/><T70/><D70/><U19/><E19/><V71/><F89/><W126/><G126/><N who="1" m="32258" /><U16/><DORA hai="107" /><E16/><V131/><F131/><W80/><G32/><T53/><D49/><U40/><E40/><V22/><F22/><W28/><G41/><T74/><D91/><N who="1" m="55455" /><E64/><V135/><F71/><W72/><G67/><T15/><D53/><U39/><E39/><V37/><F37/><W3/><G28/><T94/><D52/><U118/><E118/><V117/><F117/><W21/><G29/><T31/><D31/><U20/><E20/><V14/><F68/><W61/><G21/><T113/><D113/><U93/><E93/><N who="2" m="58479" /><F47/><W65/><G45/><T81/><D94/><U30/><E30/><V83/><F46/><W25/><G25/><T116/><D116/><U88/><E88/><V101/><F27/><W120/><G120/><T44/><D95/><U76/><E76/><V85/><F23/><W119/><G119/><T62/><D79/><U35/><E35/><V26/><F26/><W5/><G77/><T50/><D44/><RYUUKYOKU ba="0,0" sc="333,-10,142,30,318,-10,207,-10" hai1="1,6,11,57" />
</Scene>
<Scene>
<INIT seed="5,1,0,5,1,50" ten="323,172,308,197" oya="1" hai0="20,84,23,69,76,61,0,98,54,52,62,28,27" hai1="2,108,68,46,81,107,43,7,79,111,134,120,114" hai2="70,132,14,127,135,65,105,9,16,91,123,83,85" hai3="22,71,103,36,42,104,15,125,78,26,133,130,97"/><U90/><E120/><V67/><F105/><W89/><G71/><T121/><D0/><U72/><E68/><V109/><F123/><W93/><G125/><T106/><D69/><U116/><E116/><V32/><F32/><W124/><G124/><T34/><D121/><U88/><E107/><V47/><F127/><W122/><G122/><T63/><D106/><U5/><E114/><V59/><F109/><N who="1" m="42057" /><E134/><N who="2" m="51243" /><F70/><W3/><G133/><T18/><D98/><U58/><E58/><V12/><F47/><W117/><G3/><T45/><D45/><U41/><E41/><V48/><F14/><W30/><G117/><T35/><D34/><U110/><N who="1" m="42065" /><U33/><DORA hai="40" /><E33/><V21/><F9/><W102/><G42/><T87/><D35/><U19/><E19/><V55/><AGARI ba="1,0" hai="12,16,21,48,55,59,65,67,83,85,91" m="51243" machi="55" ten="30,4000,0" yaku="20,1,52,1,54,1" doraHai="50,40" who="2" fromWho="2" sc="323,-11,172,-21,308,43,197,-11" />
</Scene>
<Scene>
<INIT seed="6,0,0,1,3,63" ten="312,151,351,186" oya="2" hai0="74,59,47,122,121,12,123,53,18,64,127,25,112" hai1="93,66,5,61,32,113,16,76,131,103,2,97,10" hai2="109,104,52,9,105,101,85,3,111,54,133,78,60" hai3="31,14,126,81,27,107,95,4,87,130,62,116,7"/><V118/><F118/><W45/><G107/><T82/><D127/><U28/><E113/><V128/><F128/><W51/><G126/><T42/><D112/><U43/><E131/><V110/><F133/><W120/><G120/><T99/><D25/><U92/><E43/><V88/><F78/><W48/><G116/><T119/><D119/><U68/><E76/><V37/><F37/><W35/><G130/><T55/><D99/><U89/><E16/><V30/><F30/><W72/><G72/><T13/><D13/><U117/><E117/><V67/><F3/><W38/><G95/><T94/><D94/><U50/><E50/><V34/><F34/><W20/><G38/><T106/><D106/><N who="2" m="41066" /><F101/><W58/><G35/><T73/><D73/><U124/><E124/><V115/><F9/><W56/><G14/><T22/><D74/><U91/><REACH who="1" step="1"/><E93/><REACH who="1" ten="312,141,351,186" step="2"/><N who="2" m="54415" /><F115/><W90/><G51/><N who="0" m="27127" /><D121/><U29/><E29/><V8/><F8/><W70/><G7/><T33/><D122/><U108/><E108/><V41/><F41/><W86/><G4/><T49/><D123/><U44/><E44/><V6/><F6/><W135/><G31/><T75/><D49/><U79/><E79/><V83/><F83/><W71/><G81/><T129/><D82/><U80/><E80/><V36/><F36/><W57/><G48/><T1/><D129/><U100/><E100/><V26/><F26/><AGARI ba="0,1" hai="2,5,10,26,28,32,61,66,68,89,91,92,97,103" machi="26" ten="40,5200,0" yaku="1,1,52,1,53,1" doraHai="63" doraHaiUra="21" who="1" fromWho="2" sc="312,0,141,62,351,-52,186,0" />
</Scene>
<Scene>
<INIT seed="7,0,0,2,2,7" ten="312,203,299,186" oya="3" hai0="98,42,60,121,77,129,4,75,27,23,19,118,63" hai1="89,58,21,82,123,68,95,88,72,127,87,126,40" hai2="70,94,11,132,117,56,5,18,9,50,44,57,54" hai3="36,92,115,52,12,84,22,73,106,105,48,86,111"/><W61/><G73/><T114/><D121/><U2/><E68/><V119/><F70/><W1/><G1/><T39/><D118/><U110/><E123/><V69/><F69/><W15/><G36/><T49/><D39/><U109/><E2/><V96/><F132/><W25/><G115/><T120/><D120/><U64/><E40/><V59/><F18/><W124/><G124/><N who="1" m="47658" /><E21/><V14/><REACH who="2" step="1"/><F11/><REACH who="2" ten="312,203,289,186" step="2"/><W97/><G111/><T6/><D19/><U66/><E110/><V90/><AGARI ba="0,1" hai="5,9,14,44,50,54,56,57,59,90,94,96,117,119" machi="90" ten="30,7900,0" yaku="1,1,2,1,0,1,52,1,53,0" doraHai="7" doraHaiUra="116" who="2" fromWho="2" sc="312,-20,203,-20,289,89,186,-39" owari="292,9.0,183,-22.0,378,48.0,147,-35.0" />
</Scene>
</mjloggm>