<mjloggm ver="2.3"><GO type="225" lobby="0"/><UN n0="%E9%87%98%E5%AE%AE%E7%97%85%E6%82%A3%E8%80%85" n1="%E9%88%B4%E4%BE%8D" n2="%E5%A4%AA%E3%81%8F%E3%81%AA%E3%81%84%E3%81%8A" n3="%E4%BA%BA%E9%B3%A5%E4%BE%8D%E6%A5%B5" dan="16,17,18,16" rate="2035.49,2174.68,2208.75,2097.08" sx="F,M,M,M"/><TAIKYOKU oya="0"/>

<Scene>
<INIT seed="0,0,0,2,2,107" ten="250,250,250,250" oya="0" hai0="131,32,74,133,106,9,30,14,124,99,57,33,82" hai1="10,78,104,70,7,134,127,85,62,84,52,105,43" hai2="12,64,35,132,3,113,13,96,46,36,16,53,112" hai3="55,68,69,117,37,118,59,58,45,103,91,90,19"/><T108/><D131/><U100/><E43/><V109/><F3/><W110/><G103/><T22/><D124/><U111/><E111/><V38/><F35/><W49/><G110/><T122/><D122/><U125/><E134/><V11/><F109/><W67/><G19/><T65/><D133/><U2/><E100/><V130/><F132/><W102/><G102/><T42/><D42/><U8/><E70/><N who="3" m="27242" /><G91/><T24/><D108/><U71/><E71/><V92/><F64/><W0/><G0/><T66/><D106/><N who="1" m="41067" /><E10/><V72/><F130/><W31/><G90/><T21/><D99/><U51/><E62/><V56/><F72/><W97/><G97/><T88/><D33/><U39/><E39/><V40/><F38/><W41/><G31/><T60/><D65/><U6/><E6/><V80/><F80/><W128/><G128/><T95/><D82/><U20/><E78/><V50/><REACH who="2" step="1"/><F12/><REACH who="2" ten="250,250,240,250" step="2"/><W87/><G87/><T126/><D74/><U81/><E81/><V101/><AGARI ba="0,1" hai="11,13,16,36,40,46,50,53,56,92,96,101,112,113" machi="101" ten="20,12000,2" yaku="1,1,2,1,0,1,7,1,54,1,53,1" doraHai="107" doraHaiUra="89" who="2" fromWho="2" sc="250,-60,250,-30,240,130,250,-30" />
</Scene>
<Scene>
<INIT seed="1,0,0,1,2,41" ten="190,220,370,220" oya="1" hai0="4,103,83,108,61,32,60,118,67,52,105,64,12" hai1="44,33,93,75,66,78,121,116,125,88,96,16,80" hai2="72,22,131,117,94,37,40,106,54,74,112,29,13" hai3="49,85,7,76,79,47,14,62,84,23,53,110,48"/><U120/><E33/><V15/><F106/><W82/><G110/><T9/><D118/><U119/><E66/><N who="0" m="25129" /><D32/><U71/><E71/><V27/><F117/><N who="1" m="45129" /><E16/><V115/><F131/><W104/><G104/><T24/><D105/><U97/><E44/><N who="2" m="23567" /><F94/><W92/><G62/><N who="0" m="24171" /><D108/><U36/><E36/><V101/><F101/><W132/><G132/><T130/><D130/><U28/><E28/><V107/><F107/><W127/><G127/><T90/><D103/><U19/><E19/><V81/><F54/><N who="3" m="29983" /><G92/><T87/><D24/><U129/><E129/><V55/><F55/><AGARI ba="0,0" hai="4,9,12,52,55,83,87,90" m="24171,25129" machi="55" ten="30,2000,0" yaku="8,1,54,1" doraHai="41" who="0" fromWho="2" sc="190,20,220,0,370,-20,220,0" />
</Scene>
<Scene>
<INIT seed="2,0,0,4,5,55" ten="210,220,350,220" oya="2" hai0="7,135,45,129,9,22,134,23,29,39,64,14,98" hai1="75,18,122,59,86,104,84,62,47,1,5,91,44" hai2="37,109,96,127,67,15,105,112,8,69,83,35,116" hai3="92,72,68,94,24,70,31,19,87,118,2,89,46"/><V106/><F112/><W38/><G118/><T76/><D64/><U4/><E75/><V130/><F116/><W80/><G2/><T26/><D129/><U102/><E122/><V49/><F37/><W126/><G19/><T128/><D128/><U107/><E1/><V32/><F130/><W43/><G126/><T71/><D71/><U103/><E18/><V51/><F69/><W131/><G131/><T101/><D76/><U78/><E78/><V41/><F67/><W81/><G94/><T125/><D125/><U113/><E113/><V27/><F127/><W21/><REACH who="3" step="1"/><G72/><REACH who="3" ten="210,220,350,210" step="2"/><T54/><D134/><U88/><E62/><V17/><F106/><W3/><G3/><T50/><D135/><U10/><E10/><V95/><F105/><W28/><G28/><T6/><D6/><U79/><E107/><V133/><F17/><W58/><G58/><T40/><D29/><U114/><E104/><V108/><F95/><W132/><G132/><T12/><D26/><U65/><E114/><V60/><F27/><W61/><G61/><T0/><D0/><U74/><E74/><V121/><F60/><W42/><G42/><T34/><D40/><U56/><E65/><V97/><F41/><W100/><G100/><T90/><D101/><U16/><E16/><V119/><F119/><W93/><G93/><T66/><D66/><U73/><E73/><V20/><F133/><W82/><AGARI ba="0,1" hai="21,24,31,38,43,46,68,70,80,81,82,87,89,92" machi="82" ten="30,2000,0" yaku="1,1,0,1,53,0" doraHai="55" doraHaiUra="33" who="3" fromWho="3" sc="210,-5,220,-5,350,-10,210,30" />
</Scene>
<Scene>
<INIT seed="3,0,0,5,4,123" ten="205,215,340,240" oya="3" hai0="128,67,9,48,53,110,82,6,121,20,56,39,1" hai1="124,134,61,113,88,55,46,95,89,92,14,108,79" hai2="17,34,31,99,135,64,84,58,30,93,117,47,36" hai3="74,78,105,98,66,32,118,13,85,126,12,80,129"/><W104/><G32/><T18/><D121/><U94/><E113/><V7/><F117/><W40/><G118/><T0/><D39/><U107/><E107/><V101/><F7/><W132/><G40/><T96/><D128/><U62/><E108/><V75/><F75/><W125/><G66/><T59/><D110/><U91/><E124/><N who="3" m="47722" /><G13/><T127/><D127/><U76/><E134/><V102/><F34/><W33/><G33/><T57/><D0/><U63/><E14/><V42/><F64/><W5/><G12/><T38/><D38/><U97/><E97/><V3/><F42/><W71/><G5/><T115/><D115/><U24/><E24/><V37/><F36/><W35/><G71/><T29/><D29/><U90/><N who="1" m="23040" /><DORA hai="49" /><U10/><E10/><V23/><F37/><W16/><G35/><T73/><D96/><U69/><E69/><V22/><F135/><W133/><G16/><T81/><D73/><U41/><E41/><V119/><F17/><W116/><G116/><T68/><D68/><U27/><E27/><V15/><F119/><W44/><G44/><T28/><D28/><U4/><E4/><V106/><F47/><W112/><G112/><T19/><D19/><U72/><E72/><V103/><F15/><W51/><G74/><T25/><REACH who="0" step="1"/><D67/><REACH who="0" ten="195,215,340,240" step="2"/><U131/><E131/><V114/><F114/><W77/><G129/><T120/><D120/><U21/><E21/><V70/><F70/><W54/><G133/><T100/><D100/><U109/><E109/><V8/><F30/><W45/><G132/><T83/><AGARI ba="0,1" hai="1,6,9,18,20,25,48,53,56,57,59,81,82,83" machi="83" ten="30,4000,0" yaku="1,1,0,1,52,1,53,0" doraHai="123,49" doraHaiUra="65,87" who="0" fromWho="0" sc="195,50,215,-10,340,-10,240,-20" owari="245,5.0,205,-29.0,330,42.0,220,-18.0" />
</Scene>
</mjloggm>