<mjloggm ver="2.3"><GO type="169" lobby="0"/><UN n0="%41%52%49%41%4C%4F%56%45" n1="%E4%B8%96%E5%A4%A2" n2="%E5%A4%AA%E3%81%8F%E3%81%AA%E3%81%84%E3%81%8A" n3="%E3%83%87%E3%83%AB%E3%83%90%E3%83%A9%E3%83%89" dan="16,17,18,17" rate="2072.74,2119.79,2231.45,2119.58" sx="M,F,M,M"/><TAIKYOKU oya="0"/>

<Scene>
<INIT seed="0,0,0,1,3,34" ten="250,250,250,250" oya="0" hai0="120,79,86,16,23,8,22,13,61,103,64,36,28" hai1="48,49,55,46,95,57,56,84,96,35,92,30,52" hai2="98,73,129,17,60,12,47,67,133,83,1,66,99" hai3="10,54,2,9,42,0,91,124,53,115,4,24,21"/><T65/><D120/><U19/><E35/><V75/><F133/><W121/><G115/><T68/><D36/><U59/><E30/><V27/><F27/><W128/><G121/><T38/><D38/><U114/><E114/><V51/><F129/><W71/><G71/><T3/><D65/><U101/><REACH who="1" step="1"/><E19/><REACH who="1" ten="250,240,250,250" step="2"/><V87/><F17/><W102/><G128/><T39/><D28/><U85/><E85/><V43/><F87/><W26/><G124/><T58/><D39/><U89/><AGARI ba="0,1" hai="46,48,49,52,55,56,57,59,84,89,92,95,96,101" machi="89" ten="30,7900,0" yaku="1,1,0,1,8,1,54,1,53,0" doraHai="34" doraHaiUra="14" who="1" fromWho="1" sc="250,-39,240,89,250,-20,250,-20" />
</Scene>
<Scene>
<INIT seed="1,0,0,1,0,133" ten="211,329,230,230" oya="1" hai0="45,106,35,30,54,79,40,42,104,132,37,13,46" hai1="121,59,14,3,87,43,38,58,95,112,24,17,131" hai2="55,41,57,69,134,34,117,25,116,26,75,100,64" hai3="93,16,105,126,130,123,8,66,71,68,98,128,80"/><U115/><E3/><V12/><F75/><W72/><G105/><T5/><D132/><U39/><E121/><V109/><F134/><W32/><G32/><T107/><D79/><U84/><E24/><V92/><F12/><W102/><G123/><T77/><D77/><U96/><E131/><V110/><F100/><W88/><G66/><T63/><D30/><U11/><E39/><V125/><F92/><W103/><G68/><T1/><D35/><U101/><E38/><V62/><F34/><W122/><G71/><T50/><D1/><U89/><E43/><V90/><F90/><N who="3" m="55607" /><G122/><T81/><D81/><U36/><E36/><V124/><F41/><W108/><G108/><N who="2" m="41577" /><F25/><W127/><G102/><T9/><D63/><U67/><E84/><V4/><F4/><W114/><G103/><T65/><D65/><U74/><E74/><V120/><F26/><W86/><G72/><T135/><D135/><U27/><E27/><V94/><F94/><W99/><G99/><T15/><D15/><U28/><E67/><V49/><F120/><W33/><G33/><T48/><D37/><U18/><E101/><V73/><F73/><W97/><G97/><T119/><REACH who="0" step="1"/><D54/><REACH who="0" ten="201,329,230,230" step="2"/><U85/><E95/><V2/><F2/><W20/><G114/><T129/><D129/><N who="3" m="49769" /><G8/><T60/><D60/><U53/><E11/><V82/><F82/><W10/><G10/><T70/><D70/><U52/><E115/><V29/><F29/><W23/><G23/><T113/><D113/><U0/><E112/><V111/><F111/><W51/><G51/><T31/><D31/><U6/><E28/><RYUUKYOKU ba="0,1" sc="201,10,329,-30,230,10,230,10" hai0="5,9,13,40,42,45,46,48,50,104,106,107,119" hai2="49,55,57,62,64,69,116,117,124,125" hai3="16,20,80,86,88,126,127" />
</Scene>
<Scene>
<INIT seed="2,1,1,2,4,135" ten="211,299,240,240" oya="2" hai0="57,89,77,85,23,98,52,82,74,56,92,41,43" hai1="21,58,93,42,131,61,129,126,31,34,36,124,2" hai2="87,66,51,110,6,73,113,100,79,112,84,108,16" hai3="0,134,69,37,78,45,48,24,127,101,116,25,109"/><V11/><F66/><W38/><G101/><T118/><D118/><U70/><E70/><V75/><F51/><W121/><G78/><T68/><D68/><U102/><E34/><V26/><F6/><W27/><G27/><T117/><D117/><U8/><E2/><V30/><F30/><W9/><G9/><T91/><D57/><U81/><E81/><N who="2" m="47167" /><F11/><W7/><G25/><T80/><REACH who="0" step="1"/><D23/><REACH who="0" ten="201,299,240,240" step="2"/><U120/><E21/><N who="2" m="13607" /><F113/><W50/><G69/><T90/><D90/><U71/><E71/><V54/><F112/><W105/><G116/><T47/><D47/><U63/><E8/><V32/><F32/><W94/><G45/><T104/><D104/><U53/><E58/><V76/><F100/><W83/><G105/><T67/><D67/><U72/><E102/><V13/><F110/><W17/><G109/><T133/><D133/><U55/><E129/><V114/><F108/><W64/><G64/><T130/><D130/><U33/><E131/><V39/><F114/><W5/><G134/><T97/><D97/><U103/><E103/><V19/><F76/><W3/><G121/><T86/><D86/><U88/><E120/><V65/><F65/><W62/><G0/><T22/><D22/><U4/><E33/><V99/><F99/><W29/><G3/><T122/><D122/><U123/><E123/><V106/><F106/><W49/><G94/><T119/><D119/><U96/><E93/><V10/><F87/><W12/><G83/><T132/><D132/><U95/><E95/><V14/><F10/><W28/><G28/><T15/><D15/><U107/><E31/><RYUUKYOKU ba="1,2" sc="201,30,299,-10,240,-10,240,-10" hai0="41,43,52,56,74,77,80,82,85,89,91,92,98" />
</Scene>
<Scene>
<INIT seed="3,2,2,2,2,48" ten="231,289,230,230" oya="3" hai0="51,13,135,46,74,84,21,6,9,30,121,4,34" hai1="50,113,78,12,91,86,104,68,23,77,65,33,11" hai2="90,2,119,24,69,72,3,131,53,93,41,66,83" hai3="73,42,71,22,117,59,32,128,64,55,45,10,56"/><W44/><G32/><T49/><D74/><U37/><E37/><V114/><F114/><W18/><G117/><T60/><D121/><U108/><E33/><V124/><F119/><W111/><G73/><T127/><D34/><U15/><E104/><V28/><F41/><W133/><G71/><T129/><D129/><U107/><E107/><V122/><F66/><W98/><G128/><T5/><D135/><U54/><E65/><V101/><F69/><W106/><G133/><T81/><D127/><U16/><E68/><V100/><F131/><W109/><G10/><T89/><D60/><U75/><E75/><V94/><F124/><W19/><G64/><T31/><D51/><U57/><E108/><N who="3" m="41546" /><G59/><T36/><D36/><U130/><E113/><V102/><F122/><W62/><G42/><T58/><D58/><U96/><E130/><V0/><F72/><W103/><G19/><N who="0" m="8623" /><D21/><U134/><E134/><V63/><F28/><W112/><G112/><T82/><D82/><N who="1" m="49623" /><E96/><V116/><F116/><W76/><G76/><T120/><D120/><U1/><E1/><V52/><F83/><W88/><G88/><T29/><D30/><U80/><E80/><V95/><F90/><W126/><G126/><T40/><AGARI ba="2,2" hai="4,5,6,29,31,40,46,49,81,84,89" m="8623" machi="40" ten="30,1100,0" yaku="8,1" doraHai="48" who="0" fromWho="0" sc="231,37,289,-5,230,-5,230,-7" />
</Scene>
<Scene>
<INIT seed="4,0,0,2,0,106" ten="268,284,225,223" oya="0" hai0="80,104,6,31,94,81,43,120,14,7,133,37,0" hai1="88,131,8,92,33,103,30,39,52,107,132,111,48" hai2="24,99,41,46,68,55,84,38,123,50,32,9,124" hai3="42,18,76,49,47,69,4,66,12,98,110,25,64"/><T134/><D104/><U13/><E39/><V15/><F123/><W26/><G110/><T115/><D120/><U114/><E111/><V56/><F124/><W70/><G4/><T127/><D0/><U91/><E107/><V108/><F108/><W62/><G66/><T95/><D127/><U72/><E72/><V86/><F99/><W57/><G70/><T126/><D126/><U19/><E30/><V90/><F32/><W75/><G98/><T105/><D105/><U122/><E33/><V60/><F24/><W1/><G1/><T28/><D37/><U63/><E122/><V10/><F90/><W77/><G69/><T34/><D34/><U61/><E132/><N who="0" m="50793" /><D43/><U22/><E131/><V2/><F2/><W53/><G42/><T11/><D6/><N who="1" m="3223" /><E103/><V93/><F93/><N who="0" m="35338" /><D115/><U83/><E83/><AGARI ba="0,0" hai="7,11,14,28,31,80,81,83" m="35338,50793" machi="83" ten="30,1500,0" yaku="20,1" doraHai="106" who="0" fromWho="1" sc="268,15,284,-15,225,0,223,0" />
</Scene>
<Scene>
<INIT seed="4,1,0,3,3,15" ten="283,269,225,223" oya="0" hai0="120,5,6,126,95,64,133,93,83,87,131,20,1" hai1="79,124,48,117,54,75,51,8,72,96,17,52,68" hai2="11,10,16,35,114,85,62,70,49,90,78,135,69" hai3="0,71,55,37,4,26,105,25,39,32,18,134,112"/><T91/><D120/><U92/><E68/><V103/><F35/><W3/><G105/><T31/><D133/><U42/><E117/><V67/><F78/><W21/><G71/><T61/><D131/><U13/><E124/><V111/><F111/><W46/><G55/><T60/><D126/><U76/><E75/><V41/><F70/><W45/><G4/><N who="0" m="1643" /><D1/><U88/><E72/><V43/><F103/><W38/><G134/><T108/><D108/><U127/><E42/><V30/><F30/><W36/><N who="3" m="9216" /><DORA hai="73" /><W34/><G112/><T113/><D113/><U77/><E127/><V110/><F110/><W19/><G3/><T33/><D33/><U130/><E130/><V82/><F114/><W102/><G102/><T27/><D64/><U7/><E7/><V106/><F106/><W53/><G0/><T66/><D66/><U109/><E109/><V89/><F135/><W99/><G99/><N who="0" m="57791" /><D95/><U12/><E12/><V40/><F90/><AGARI ba="1,0" hai="20,27,31,60,61,83,87,90" m="57791,1643" machi="90" ten="30,1500,0" yaku="8,1" doraHai="15,73" who="0" fromWho="2" sc="283,18,269,0,225,-18,223,0" />
</Scene>
<Scene>
<INIT seed="4,2,0,4,2,27" ten="301,269,207,223" oya="0" hai0="11,34,42,96,132,73,5,3,105,53,92,93,35" hai1="29,100,6,0,16,58,130,56,90,22,101,15,63" hai2="69,28,122,98,86,19,41,91,13,110,78,14,64" hai3="17,97,79,102,113,51,68,43,47,23,24,131,70"/><T12/><D132/><U117/><E117/><V83/><F110/><W80/><G113/><T37/><D105/><U60/><E130/><V111/><F111/><W36/><G131/><T81/><D53/><N who="1" m="33807" /><E6/><V94/><F122/><W103/><G36/><T87/><D12/><U52/><E0/><V74/><F41/><W49/><G103/><T119/><D119/><U109/><E109/><V39/><F39/><W67/><G51/><T44/><D93/><U95/><E29/><V66/><F69/><W55/><G67/><T82/><D82/><U62/><E62/><V126/><F126/><W85/><REACH who="3" step="1"/><G43/><REACH who="3" ten="301,269,207,213" step="2"/><T75/><D75/><U99/><AGARI ba="2,1" hai="15,16,22,52,58,63,90,95,99,100,101" m="33807" machi="99" ten="30,4000,0" yaku="8,1,54,2" doraHai="27" who="1" fromWho="1" sc="301,-22,269,56,207,-12,213,-12" />
</Scene>
<Scene>
<INIT seed="5,0,0,4,2,49" ten="279,325,195,201" oya="1" hai0="23,80,6,26,123,134,64,92,24,103,99,116,8" hai1="52,22,25,89,85,11,70,40,86,88,9,93,130" hai2="34,135,63,2,61,37,62,98,97,20,76,120,77" hai3="84,128,1,10,106,75,5,117,39,17,108,107,122"/><U41/><E70/><V51/><F37/><W95/><G106/><T47/><D116/><U66/><E66/><V105/><F34/><W28/><G28/><T131/><D131/><U33/><E33/><V46/><F120/><W132/><G95/><T72/><D134/><U133/><E133/><V44/><F135/><W112/><G84/><T100/><D123/><U90/><E130/><V69/><F2/><W129/><G17/><T38/><D64/><U94/><E90/><V43/><F69/><W110/><G10/><N who="1" m="3594" /><E52/><N who="2" m="29799" /><F105/><W109/><G5/><T12/><D103/><U104/><E104/><V55/><F43/><W102/><G102/><T79/><D23/><U32/><E32/><V57/><F46/><W125/><G110/><T35/><D35/><U67/><E67/><V19/><F77/><W14/><G14/><T13/><D12/><U71/><E71/><V30/><F76/><W53/><G53/><T113/><D26/><U29/><AGARI ba="0,0" hai="22,25,29,40,41,85,86,88,89,93,94" m="3594" machi="29" ten="30,3000,0" yaku="8,1,54,1" doraHai="49" who="1" fromWho="1" sc="279,-10,325,30,195,-10,201,-10" />
</Scene>
<Scene>
<INIT seed="5,1,0,3,0,50" ten="269,355,185,191" oya="1" hai0="32,73,34,80,76,53,127,107,66,19,40,22,95" hai1="33,102,108,74,83,48,42,4,69,10,128,8,71" hai2="36,1,30,81,49,133,17,35,44,56,41,126,47" hai3="72,134,51,113,93,85,70,77,84,65,132,18,97"/><U106/><E33/><V125/><F1/><W110/><G110/><T103/><D127/><N who="2" m="48650" /><F17/><W96/><G113/><T130/><D130/><U60/><E10/><V94/><F94/><W87/><G96/><T86/><D40/><U64/><E102/><V27/><F56/><W114/><G114/><T112/><D112/><U123/><E106/><V78/><F133/><N who="3" m="51307" /><G18/><T52/><D66/><U67/><E67/><V88/><F88/><N who="3" m="55463" /><G51/><T117/><D107/><U0/><E48/><V104/><F104/><W91/><G65/><T12/><D117/><U37/><E128/><V57/><F57/><W61/><G61/><T13/><D13/><U2/><E0/><V59/><F59/><W20/><G20/><T28/><D103/><U25/><E25/><V105/><F105/><W121/><G70/><T15/><D15/><U98/><E71/><V109/><F109/><W115/><G115/><T23/><D34/><U62/><E64/><V118/><F118/><W129/><G129/><T46/><D32/><U9/><E69/><V124/><N who="2" m="48658" /><V24/><DORA hai="5" /><F24/><W54/><G121/><T16/><D23/><U55/><E123/><V11/><F49/><W79/><G72/><T75/><D75/><U116/><E74/><N who="2" m="43223" /><F47/><W31/><G31/><T45/><D28/><U99/><E116/><V39/><F39/><W26/><G26/><T63/><D19/><U101/><E37/><V89/><F89/><W38/><G38/><T6/><D6/><U100/><E4/><V7/><F7/><W58/><G91/><N who="0" m="53751" /><D63/><U135/><E62/><V3/><F3/><W82/><G82/><RYUUKYOKU ba="1,0" sc="269,10,355,-30,185,10,191,10" hai0="12,16,22,45,46,52,53,73,76,80" hai2="11,27,30,35,36,41,44" hai3="54,58,77,79,84,85,87" />
</Scene>
<Scene>
<INIT seed="6,2,0,2,2,130" ten="279,325,195,201" oya="2" hai0="98,58,81,6,99,9,116,59,112,48,18,64,36" hai1="117,102,69,1,46,132,52,50,109,125,27,51,92" hai2="33,101,55,91,83,131,113,128,12,90,84,111,5" hai3="35,23,100,106,3,104,34,43,61,129,4,39,95"/><V15/><F33/><W85/><G129/><N who="2" m="49737" /><F113/><W40/><G3/><T10/><D36/><U66/><E1/><V76/><F111/><W38/><G4/><T82/><D112/><U2/><E2/><V121/><F121/><W41/><G61/><T30/><D116/><U20/><E125/><V97/><F55/><W28/><G23/><T127/><D30/><U42/><E66/><V114/><F114/><W29/><G85/><T134/><D64/><U13/><E69/><V49/><F49/><W68/><G95/><T123/><D6/><U77/><E51/><V11/><F15/><W63/><G100/><T44/><D48/><U8/><E52/><V105/><AGARI ba="2,0" hai="5,11,12,76,83,84,90,91,97,101,105" m="49737" machi="105" ten="30,1500,0" yaku="19,1" doraHai="130" who="2" fromWho="2" sc="279,-7,325,-7,195,21,201,-7" />
</Scene>
<Scene>
<INIT seed="6,3,0,1,4,86" ten="272,318,216,194" oya="2" hai0="80,113,8,62,97,103,72,78,134,125,75,18,118" hai1="6,84,99,63,47,37,36,7,23,109,39,43,90" hai2="44,38,33,14,98,16,59,28,55,124,31,60,95" hai3="46,1,35,57,116,79,49,88,110,107,126,24,26"/><V68/><F124/><W115/><G110/><T85/><D125/><U111/><E99/><V21/><F33/><W77/><G116/><T42/><D42/><U15/><E6/><V27/><F68/><W19/><G1/><T135/><D62/><U121/><E121/><V87/><F87/><W12/><G107/><T102/><D118/><U40/><E63/><V30/><F38/><W112/><G57/><T69/><D69/><U65/><E65/><V133/><F44/><W130/><G126/><T34/><D34/><U67/><E67/><V22/><REACH who="2" step="1"/><F133/><REACH who="2" ten="272,318,206,194" step="2"/><W108/><G108/><T50/><D135/><U96/><E84/><V13/><F13/><W2/><G2/><T53/><D134/><U128/><E47/><V92/><F92/><W52/><G35/><T106/><D85/><U94/><E111/><V25/><F25/><W66/><G26/><T120/><D72/><U9/><E109/><V41/><F41/><W104/><G24/><T122/><D122/><U58/><E43/><V114/><F114/><W119/><G104/><T45/><D113/><N who="3" m="43593" /><G119/><T89/><D120/><U74/><E74/><V4/><F4/><W11/><G130/><T0/><D106/><U83/><E128/><V70/><F70/><W132/><G132/><T127/><D127/><U3/><E37/><V101/><AGARI ba="3,1" hai="14,16,21,22,27,28,30,31,55,59,60,95,98,101" machi="101" ten="20,12000,1" yaku="1,1,0,1,7,1,8,1,54,1,53,0" doraHai="86" doraHaiUra="82" who="2" fromWho="2" sc="272,-43,318,-43,206,139,194,-43" />
</Scene>
<Scene>
<INIT seed="6,4,0,3,2,130" ten="229,275,345,151" oya="2" hai0="81,9,67,62,69,111,51,73,121,29,77,6,64" hai1="72,8,45,134,58,42,125,54,26,40,43,23,31" hai2="82,100,61,93,119,1,103,20,34,55,19,116,118" hai3="78,128,129,18,112,48,79,24,68,109,132,115,56"/><V131/><F34/><W113/><G109/><T35/><D111/><U124/><E72/><V47/><F1/><W41/><G68/><T101/><D121/><U92/><E92/><V39/><F131/><N who="3" m="50251" /><G56/><T66/><D101/><U44/><E8/><V60/><F82/><W3/><G3/><T89/><D89/><U76/><E76/><V83/><F83/><W123/><G123/><T28/><D51/><U46/><REACH who="1" step="1"/><E134/><REACH who="1" ten="229,265,345,151" step="2"/><V71/><F93/><W110/><G110/><T36/><D9/><U16/><E16/><V50/><F19/><W30/><G18/><T102/><D73/><U33/><E33/><V85/><F118/><W13/><G132/><T25/><D35/><U21/><E21/><V49/><F20/><N who="3" m="15623" /><G13/><T17/><D17/><U59/><E59/><V11/><F11/><W4/><G4/><T122/><D6/><U86/><E86/><V99/><F85/><W2/><G2/><T70/><D70/><U7/><E7/><V63/><F71/><W98/><G98/><T12/><D12/><U95/><E95/><V52/><F99/><W15/><G15/><T84/><D69/><U57/><E57/><V87/><F87/><W22/><G22/><T5/><D5/><U127/><E127/><V32/><F32/><W14/><G14/><T27/><D84/><U91/><E91/><V75/><F75/><W133/><G133/><T120/><D77/><U126/><E126/><V96/><F119/><W90/><G90/><T135/><D135/><U65/><E65/><V53/><F116/><W74/><G74/><T106/><D67/><U107/><E107/><RYUUKYOKU ba="4,1" sc="229,-15,265,15,345,-15,151,15" hai1="23,26,31,40,42,43,44,45,46,54,58,124,125" hai3="41,48,78,79,112,113,115" />
</Scene>
<Scene>
<INIT seed="7,5,1,1,4,2" ten="214,280,330,166" oya="3" hai0="76,60,98,70,84,4,59,11,65,68,67,93,34" hai1="134,62,21,94,97,124,15,18,99,71,85,50,55" hai2="77,87,49,12,88,37,75,52,36,35,79,41,61" hai3="58,3,45,46,42,120,28,95,38,130,9,129,33"/><W66/><G120/><T63/><D34/><U10/><E134/><V107/><F107/><W104/><G104/><T13/><D59/><N who="1" m="33271" /><E71/><V26/><F75/><W31/><G46/><T17/><D17/><U69/><E69/><V5/><F35/><W54/><G66/><T32/><D32/><U8/><E62/><V48/><F26/><W135/><G135/><T7/><D7/><N who="1" m="3487" /><E10/><N who="2" m="4175" /><F36/><W82/><G95/><T51/><D51/><N who="2" m="19530" /><F37/><W40/><G40/><T64/><D64/><U29/><E29/><V90/><F90/><W14/><G3/><T19/><D19/><U100/><E124/><V1/><F41/><W80/><G31/><T53/><D53/><U89/><E100/><V74/><F74/><W78/><G28/><T126/><D126/><U20/><E20/><V105/><F105/><W111/><G33/><T132/><D132/><U91/><E91/><V101/><F101/><W47/><G47/><T114/><D114/><U115/><E115/><V83/><F1/><W92/><G111/><T133/><D133/><U96/><E96/><V24/><F24/><AGARI ba="5,1" hai="18,21,24,85,89,94,97,99" m="3487,33271" machi="24" ten="30,2000,0" yaku="8,1,52,1" doraHai="2" who="1" fromWho="2" sc="214,0,280,45,330,-35,166,0" owari="214,-19.0,325,42.0,295,10.0,166,-33.0" />
</Scene>
</mjloggm>