<mjloggm ver="2.3"><GO type="169" lobby="0"/><UN n0="%E3%83%8D%E3%83%BC%E3%83%A0%E3%83%AC%E3%82%B9%EF%BC%97" n1="%E3%81%B3%E3%82%8A%E3%81%B3%E3%82%8A%E2%98%86%E3%83%93%E3%83%AA%E3%83%BC" n2="%E5%A4%AA%E3%81%8F%E3%81%AA%E3%81%84%E3%81%8A" n3="%E3%81%AC%E3%82%8B%E3%82%8A%E3%82%93%E3%81%93" dan="17,18,18,17" rate="2141.81,2242.57,2227.46,2142.14" sx="M,M,M,F"/><TAIKYOKU oya="0"/>

<Scene>
<INIT seed="0,0,0,4,1,59" ten="250,250,250,250" oya="0" hai0="100,42,36,101,52,93,18,54,87,64,129,13,122" hai1="69,130,60,26,91,82,1,4,38,19,74,77,5" hai2="96,2,24,68,61,125,20,17,97,105,80,28,102" hai3="126,107,62,50,66,0,133,106,53,72,25,31,113"/><T51/><D122/><U46/><E130/><V95/><F2/><W39/><G113/><T35/><D35/><U16/><E91/><V131/><F131/><W111/><G0/><T116/><D116/><U121/><E121/><V114/><F114/><W6/><G6/><T43/><D64/><N who="1" m="41095" /><E5/><V132/><F125/><W41/><G111/><T99/><D129/><U135/><E26/><V9/><F132/><W127/><G72/><T27/><D36/><U23/><E23/><V98/><F80/><W73/><G73/><T81/><D101/><U134/><E134/><V55/><F105/><N who="3" m="39947" /><G53/><N who="0" m="20587" /><D27/><U124/><E124/><V3/><F3/><W88/><G50/><T104/><D51/><U71/><E71/><V108/><F108/><W11/><G11/><N who="0" m="6463" /><D104/><U85/><E135/><V117/><F117/><W110/><G133/><T15/><D15/><U56/><E1/><V79/><F68/><N who="3" m="42071" /><G110/><T14/><D14/><U32/><E74/><V78/><F9/><W83/><G39/><T33/><D33/><U67/><E32/><V47/><F47/><W29/><G41/><T57/><D57/><U90/><E38/><V112/><F112/><W45/><G45/><T120/><D120/><U115/><E46/><V65/><F65/><W48/><G48/><T118/><D118/><U40/><E115/><V123/><F123/><W7/><G7/><T21/><D21/><U75/><E4/><V8/><F8/><W30/><G25/><T128/><D128/><U70/><E40/><V119/><F119/><W76/><G76/><AGARI ba="0,0" hai="42,43,76,81,87,93,99,100" m="6463,20587" machi="76" ten="30,2900,0" yaku="8,1,54,1" doraHai="59" who="0" fromWho="3" sc="250,29,250,0,250,0,250,-29" />
</Scene>
<Scene>
<INIT seed="0,1,0,3,4,129" ten="279,250,250,221" oya="0" hai0="46,8,85,123,60,74,2,22,92,26,109,50,126" hai1="17,78,111,5,117,9,35,86,105,102,57,47,118" hai2="69,24,29,96,134,31,37,120,132,34,127,14,113" hai3="42,93,103,84,1,73,62,119,40,87,104,77,75"/><T100/><D123/><U48/><E35/><V114/><F37/><W76/><G119/><T51/><D74/><U70/><E70/><V11/><F69/><W112/><G112/><N who="2" m="43113" /><F96/><W36/><G1/><T71/><D126/><U97/><E57/><V99/><F99/><W6/><G6/><T66/><D109/><U10/><E17/><N who="2" m="8415" /><F127/><W56/><G36/><T44/><D2/><U32/><E97/><V72/><F72/><W124/><G124/><T108/><D8/><U28/><E102/><V33/><F120/><W27/><G27/><AGARI ba="1,0" hai="24,27,29,31,33,34,132,134" m="8415,43113" machi="27" ten="30,7700,0" yaku="34,2,52,2" doraHai="129" who="2" fromWho="3" sc="279,0,250,0,250,80,221,-80" />
</Scene>
<Scene>
<INIT seed="1,0,0,0,1,51" ten="279,250,330,141" oya="1" hai0="64,15,111,127,53,1,63,50,92,130,72,6,96" hai1="42,84,56,135,34,7,132,133,45,17,95,123,61" hai2="120,54,79,2,121,26,58,128,73,88,70,117,31" hai3="69,80,23,109,129,76,39,9,108,14,46,78,122"/><U112/><E112/><V86/><F70/><W74/><G122/><T83/><D1/><U98/><E123/><V100/><F2/><W48/><G69/><T12/><D111/><N who="3" m="42569" /><G129/><T103/><D130/><U41/><E34/><V110/><F128/><W77/><G39/><T3/><D127/><U102/><E7/><V32/><F117/><W28/><G28/><T38/><D38/><U24/><E84/><V52/><F110/><W10/><G23/><T44/><D3/><U27/><E17/><V25/><F100/><W13/><G13/><T36/><D36/><N who="1" m="21671" /><E42/><V33/><F79/><N who="3" m="30283" /><G14/><T67/><D72/><U90/><E102/><V8/><F73/><W20/><G20/><T105/><D15/><U19/><E19/><V115/><F115/><W4/><G4/><T131/><D12/><U94/><E94/><V125/><F8/><W118/><G118/><T22/><D6/><U29/><E29/><V21/><F33/><W59/><G59/><T75/><D22/><U91/><E91/><V0/><F0/><W35/><G35/><T126/><D131/><U60/><E56/><V101/><F120/><W106/><G106/><T16/><D105/><U119/><E119/><V81/><F121/><W113/><G113/><T107/><D107/><U37/><E37/><V55/><F58/><W89/><G89/><T68/><D16/><U18/><E18/><N who="2" m="12471" /><F101/><W65/><G65/><N who="0" m="41023" /><D126/><U85/><E24/><V93/><F125/><W114/><G114/><T104/><D104/><U66/><E27/><V5/><F5/><W116/><G116/><T97/><D75/><U57/><E61/><RYUUKYOKU ba="0,0" sc="279,-30,250,10,330,10,141,10" hai1="57,60,66,85,90,95,98,132,133,135" hai2="26,31,32,52,54,55,81,86,88,93" hai3="9,10,46,48,74,78,80" />
</Scene>
<Scene>
<INIT seed="1,1,0,5,3,92" ten="249,260,340,151" oya="1" hai0="78,0,123,47,63,69,134,119,34,22,56,77,49" hai1="44,33,102,29,121,131,97,103,4,83,98,76,93" hai2="50,127,88,39,108,32,72,68,60,17,7,71,113" hai3="45,117,116,106,90,96,2,12,21,23,52,5,101"/><U36/><E121/><V75/><F39/><W54/><G2/><T61/><D119/><N who="3" m="45641" /><G90/><T15/><D34/><U74/><E131/><V43/><F32/><W105/><G105/><T53/><D0/><U35/><E4/><V65/><F7/><W51/><G54/><T70/><D123/><U11/><E11/><AGARI ba="1,0" hai="5,11,12,21,23,45,51,52,96,101,106" m="45641" machi="11" ten="30,3900,0" yaku="12,1,52,1,54,1" doraHai="92" who="3" fromWho="1" sc="249,0,260,-42,340,0,151,42" />
</Scene>
<Scene>
<INIT seed="2,0,0,0,2,128" ten="249,218,340,193" oya="2" hai0="106,83,52,76,132,5,97,43,61,87,124,71,8" hai1="111,31,7,72,77,94,22,47,1,112,39,127,131" hai2="38,62,103,69,15,104,113,57,121,84,58,36,93" hai3="23,18,90,118,78,91,73,45,75,101,21,11,85"/><V120/><F104/><W6/><G118/><T60/><D124/><U59/><E131/><V117/><F15/><W129/><G129/><T125/><D125/><U19/><E127/><V130/><F130/><W107/><G78/><T44/><D132/><U28/><E112/><V12/><F12/><W37/><G101/><T13/><D71/><U40/><E94/><V27/><F27/><W96/><G96/><T102/><REACH who="0" step="1"/><D52/><REACH who="0" ten="239,218,340,193" step="2"/><U3/><E111/><V122/><F69/><W126/><G126/><T110/><D110/><U108/><E108/><V55/><F55/><W25/><G45/><T51/><AGARI ba="0,1" hai="5,8,13,43,44,51,60,61,76,83,87,97,102,106" machi="51" ten="20,12000,2" yaku="1,1,0,1,7,1,25,2,53,1" doraHai="128" doraHaiUra="41" who="0" fromWho="0" sc="239,130,218,-30,340,-60,193,-30" />
</Scene>
<Scene>
<INIT seed="3,0,0,3,2,85" ten="369,188,280,163" oya="3" hai0="109,97,94,90,117,123,64,77,68,55,116,101,5" hai1="95,61,53,98,6,128,114,47,32,19,79,103,91" hai2="17,59,15,112,84,34,100,83,1,102,67,2,57" hai3="58,99,134,31,96,105,21,43,41,82,28,125,110"/><W133/><G125/><T87/><D123/><U40/><E114/><V119/><F34/><W111/><G21/><T108/><D5/><U89/><E32/><V51/><F112/><W80/><REACH who="3" step="1"/><G58/><REACH who="3" ten="369,188,280,153" step="2"/><T121/><D117/><U39/><E128/><V13/><F59/><W73/><G73/><T4/><D116/><U118/><E118/><V16/><F119/><W71/><G71/><T78/><D121/><U63/><E63/><V46/><F57/><W44/><G44/><T122/><D122/><U9/><E61/><V30/><F46/><W7/><G7/><T12/><D68/><U25/><E53/><V20/><F20/><W104/><AGARI ba="0,1" hai="28,31,41,43,80,82,96,99,104,105,110,111,133,134" machi="104" ten="25,9600,0" yaku="1,1,0,1,22,2,53,0" doraHai="85" doraHaiUra="107" who="3" fromWho="3" sc="369,-32,188,-32,280,-32,153,106" />
</Scene>
<Scene>
<INIT seed="3,1,0,0,4,63" ten="337,156,248,259" oya="3" hai0="26,0,131,28,62,43,40,133,64,81,52,126,102" hai1="31,74,19,90,44,106,7,60,4,8,21,49,121" hai2="76,47,34,86,125,132,33,96,94,1,113,100,24" hai3="55,68,32,88,39,101,134,59,99,87,56,66,130"/><W38/><G130/><T71/><D0/><U98/><E121/><V16/><F113/><W25/><G134/><T15/><D133/><U13/><E74/><V112/><F112/><W46/><G68/><T70/><D131/><U123/><E123/><V111/><F132/><W95/><G46/><T122/><D122/><U84/><E60/><V82/><F1/><W120/><G120/><T48/><D126/><U54/><E98/><V103/><F125/><W119/><G119/><T69/><D15/><U51/><E106/><V22/><F111/><W12/><G66/><T45/><D81/><U61/><E61/><V128/><F128/><W135/><G135/><T75/><D75/><U17/><E51/><V30/><F47/><W57/><G55/><T11/><D11/><U83/><E31/><V116/><F116/><W67/><G67/><T35/><REACH who="0" step="1"/><D102/><REACH who="0" ten="327,156,248,259" step="2"/><U23/><E8/><V20/><REACH who="2" step="1"/><F103/><REACH who="2" ten="327,156,238,259" step="2"/><W53/><G101/><T42/><AGARI ba="1,2" hai="26,28,35,40,42,43,45,48,52,62,64,69,70,71" machi="42" ten="30,8000,1" yaku="1,1,2,1,0,1,52,1,54,1,53,0" doraHai="63" doraHaiUra="77" who="0" fromWho="0" sc="327,103,156,-21,238,-21,259,-41" />
</Scene>
<Scene>
<INIT seed="4,0,0,5,2,43" ten="430,135,217,218" oya="0" hai0="111,45,72,112,129,114,132,4,124,32,64,52,97" hai1="80,104,131,55,123,58,92,17,44,96,41,108,87" hai2="98,36,90,63,13,122,51,35,89,20,68,3,135" hai3="67,59,29,113,25,2,81,107,117,127,134,15,19"/><T23/><D32/><U121/><E108/><V54/><F3/><W84/><G117/><T53/><D72/><U86/><E104/><V93/><F35/><W91/><G2/><T46/><D4/><U115/><E131/><V100/><F36/><W10/><G113/><N who="0" m="43627" /><D64/><U74/><E74/><V62/><F122/><W79/><G127/><T70/><D70/><U18/><E115/><V57/><F135/><W14/><G134/><T16/><D129/><U60/><E123/><V102/><F68/><W69/><G107/><T126/><D97/><U133/><E133/><V120/><F120/><W105/><G105/><T130/><D130/><U99/><E99/><V119/><F119/><W83/><G69/><T38/><D111/><U9/><E121/><V48/><F90/><W33/><G15/><T37/><D37/><U12/><E18/><N who="2" m="10319" /><F62/><W128/><G128/><T109/><D109/><U5/><E5/><V49/><AGARI ba="0,0" hai="48,49,51,54,57,63,89,93,98,100,102" m="10319" machi="49" ten="30,1100,0" yaku="8,1" doraHai="43" who="2" fromWho="2" sc="430,-5,135,-3,217,11,218,-3" />
</Scene>
<Scene>
<INIT seed="5,0,0,0,0,36" ten="425,132,228,215" oya="1" hai0="76,115,6,80,75,117,110,34,15,101,96,108,99" hai1="60,42,93,122,53,12,26,20,127,94,50,103,64" hai2="91,79,22,25,40,63,29,8,61,67,30,95,102" hai3="134,59,88,129,57,123,70,133,51,41,10,9,19"/><U135/><E122/><V16/><F79/><W125/><G123/><T89/><D34/><U11/><E135/><N who="3" m="51722" /><G129/><T18/><D6/><U77/><E127/><V65/><F102/><W54/><G70/><T55/><D55/><U39/><E77/><V86/><F40/><W1/><G125/><T44/><D44/><N who="1" m="25879" /><E39/><V78/><F78/><W85/><G1/><T111/><D117/><U38/><E38/><V131/><F131/><W0/><G0/><T56/><D76/><U3/><E3/><V100/><F100/><W24/><G57/><T124/><D75/><U87/><E64/><N who="2" m="24651" /><F8/><N who="3" m="3179" /><G41/><T68/><D124/><U128/><E128/><V5/><F5/><W104/><G104/><T83/><D68/><U48/><E103/><V107/><F107/><W113/><G113/><T35/><D115/><U97/><E97/><V106/><F106/><W98/><G98/><T119/><D101/><U28/><E87/><V90/><F90/><W47/><G59/><T130/><D99/><U66/><E66/><V14/><F14/><W120/><G120/><T17/><D130/><U27/><E27/><V31/><AGARI ba="0,0" hai="16,22,25,29,30,31,61,63,86,91,95" m="24651" machi="31" ten="30,2000,0" yaku="8,1,54,1" doraHai="36" who="2" fromWho="2" sc="425,-5,132,-10,228,20,215,-5" />
</Scene>
<Scene>
<INIT seed="6,0,0,5,3,115" ten="420,122,248,210" oya="2" hai0="78,45,23,118,131,21,56,73,113,29,27,40,61" hai1="55,93,87,68,24,25,104,10,97,1,75,91,17" hai2="48,99,18,85,49,77,50,65,129,19,84,8,123" hai3="38,114,31,74,90,59,3,121,7,9,26,76,126"/><V58/><F123/><W36/><G121/><T53/><D113/><U33/><E75/><V82/><F129/><W86/><G114/><T133/><D131/><U101/><E68/><V20/><F99/><W120/><G120/><T135/><D118/><U124/><E124/><V64/><F58/><W12/><G126/><T67/><D78/><U13/><E1/><V102/><F102/><W89/><G3/><T79/><D79/><U44/><E33/><V6/><F84/><W128/><G128/><T81/><D81/><U109/><E109/><V103/><F103/><W105/><G105/><T47/><D73/><U51/><REACH who="1" step="1"/><E104/><REACH who="1" ten="420,112,248,210" step="2"/><V35/><F35/><W98/><G74/><T16/><D135/><U2/><E2/><V63/><F20/><W54/><G9/><T119/><D133/><U43/><E43/><V112/><F112/><W42/><G42/><T11/><D23/><U80/><AGARI ba="0,1" hai="10,13,17,24,25,44,51,55,80,87,91,93,97,101" machi="80" ten="20,12000,2" yaku="1,1,0,1,7,1,25,2,8,1,53,1" doraHai="115" doraHaiUra="15" who="1" fromWho="1" sc="420,-30,112,130,248,-60,210,-30" />
</Scene>
<Scene>
<INIT seed="7,0,0,0,1,60" ten="390,242,188,180" oya="3" hai0="123,19,38,70,93,61,87,121,105,99,47,132,67" hai1="46,64,125,113,31,109,42,100,24,0,43,116,25" hai2="14,21,7,56,80,53,10,98,57,119,122,69,65" hai3="133,13,95,90,5,39,30,49,84,92,85,134,17"/><W22/><G39/><T18/><D132/><N who="3" m="50793" /><G5/><T101/><D38/><U74/><E109/><V114/><F119/><W9/><G30/><T81/><D47/><U106/><E46/><V118/><F118/><W54/><G22/><T131/><D131/><U62/><E25/><V102/><F122/><W16/><G17/><T73/><D18/><U124/><E0/><V23/><F114/><W127/><G127/><T129/><D129/><U27/><E113/><V58/><F53/><W15/><G15/><T11/><D11/><U32/><E74/><V86/><F69/><W26/><G26/><T96/><D73/><U72/><E72/><V103/><F65/><W130/><G130/><T41/><D41/><N who="1" m="15371" /><E27/><V128/><F128/><W3/><G3/><T44/><D19/><U20/><E20/><N who="2" m="7755" /><F98/><N who="3" m="57623" /><G95/><T79/><D44/><AGARI ba="0,0" hai="9,13,16,44,49,54,84,85" m="57623,50793" machi="44" ten="30,2900,0" yaku="20,1,54,1" doraHai="60" who="3" fromWho="0" sc="390,-29,242,0,188,0,180,29" />
</Scene>
<Scene>
<INIT seed="7,1,0,1,2,38" ten="361,242,188,209" oya="3" hai0="31,23,25,19,107,69,117,54,123,81,86,41,84" hai1="53,37,56,125,11,34,106,120,96,119,4,131,126" hai2="62,13,59,51,65,73,134,115,79,85,3,16,33" hai3="68,108,90,5,17,29,94,72,22,111,133,88,64"/><W2/><G133/><T60/><D107/><U132/><E120/><V105/><F3/><W40/><G72/><T91/><D117/><U128/><E34/><V124/><F105/><W42/><G29/><T110/><D110/><N who="3" m="42025" /><G90/><T77/><D41/><U66/><E37/><V18/><F33/><W57/><G68/><T121/><D31/><U7/><E66/><V78/><F73/><W63/><G5/><N who="1" m="2122" /><E11/><N who="2" m="6207" /><F134/><W1/><G1/><T50/><D60/><N who="1" m="35855" /><E119/><V97/><F115/><W61/><G61/><T127/><D69/><U122/><E122/><V130/><F130/><N who="1" m="49705" /><E132/><V28/><F124/><W100/><G100/><AGARI ba="1,0" hai="96,100,106,125,126" m="49705,35855,2122" machi="100" ten="30,1000,0" yaku="19,1" doraHai="38" who="1" fromWho="3" sc="361,0,242,13,188,0,209,-13" owari="361,45.0,255,6.0,188,-31.0,196,-20.0" />
</Scene>
</mjloggm>