<mjloggm ver="2.3"><GO type="169" lobby="0"/><UN n0="%E5%A4%AA%E3%81%8F%E3%81%AA%E3%81%84%E3%81%8A" n1="%E9%A7%84%E5%A6%B9" n2="%E3%81%8A%E3%81%98%E3%81%95%E3%82%93" n3="%65%69%6B%31" dan="17,17,18,16" rate="2183.22,2143.11,2193.68,2109.29" sx="M,F,M,M"/><TAIKYOKU oya="0"/>

<Scene>
<INIT seed="0,0,0,2,1,100" ten="250,250,250,250" oya="0" hai0="114,90,46,110,130,42,81,3,134,19,72,68,92" hai1="47,51,131,73,59,37,17,63,122,1,70,89,29" hai2="6,12,21,27,116,34,45,82,57,74,104,123,97" hai3="52,93,86,87,79,84,7,0,64,50,99,61,44"/><T133/><D68/><U107/><E107/><V16/><F123/><W8/><G79/><N who="0" m="44263" /><D19/><U106/><E73/><V80/><F116/><W76/><G76/><T25/><D25/><U18/><E1/><V4/><F74/><W48/><G48/><T30/><D30/><U119/><E106/><V15/><F34/><W39/><G39/><N who="0" m="21855" /><D114/><U96/><E70/><V127/><F127/><W11/><G11/><T120/><D120/><U24/><E37/><V126/><F126/><W91/><REACH who="3" step="1"/><G86/><REACH who="3" ten="250,250,250,240" step="2"/><T53/><D134/><U105/><E51/><V38/><F38/><W32/><G32/><T132/><D133/><U36/><E36/><V95/><F45/><W69/><AGARI ba="0,1" hai="0,7,8,44,50,52,61,64,69,84,87,91,93,99" machi="69" ten="20,8000,1" yaku="1,1,0,1,7,1,54,1,53,1" doraHai="100" doraHaiUra="33" who="3" fromWho="3" sc="250,-40,250,-20,250,-20,240,90" />
</Scene>
<Scene>
<INIT seed="1,0,0,5,0,74" ten="210,230,230,330" oya="1" hai0="2,107,41,115,39,35,91,42,129,106,8,4,46" hai1="54,48,1,114,62,78,33,89,126,61,45,109,118" hai2="71,12,96,34,119,13,134,104,132,95,73,58,121" hai3="122,100,124,92,15,43,25,133,80,82,7,9,102"/><U77/><E33/><V128/><F71/><W105/><G122/><T47/><D115/><U131/><E114/><V22/><F34/><W72/><G105/><T65/><D129/><U123/><E118/><V37/><F104/><W31/><G124/><T135/><D135/><N who="2" m="51754" /><F37/><W29/><G133/><T10/><D35/><U23/><E123/><V79/><F121/><W21/><G43/><T6/><D91/><U90/><E1/><V88/><F119/><W113/><G113/><T32/><D65/><U116/><E116/><V56/><F128/><W125/><G125/><T66/><D66/><U64/><E126/><V111/><F111/><W101/><G72/><T68/><D68/><U63/><E64/><V127/><F127/><W53/><G31/><T81/><D81/><N who="3" m="31337" /><G53/><T87/><D87/><U18/><E109/><V55/><F73/><W49/><G49/><T130/><D32/><U85/><E131/><V51/><F79/><N who="1" m="30217" /><E85/><V99/><F99/><AGARI ba="0,0" hai="7,9,15,21,25,29,92,99,100,101,102" m="31337" machi="99" ten="30,1000,0" yaku="8,1" doraHai="74" who="3" fromWho="2" sc="210,0,230,0,230,-10,330,10" />
</Scene>
<Scene>
<INIT seed="2,0,0,0,0,135" ten="210,230,220,340" oya="2" hai0="97,34,61,12,31,41,68,16,124,53,94,65,17" hai1="76,112,69,101,30,87,57,23,26,49,133,8,64" hai2="1,90,14,63,102,128,66,100,132,25,38,123,96" hai3="91,43,72,56,6,50,52,81,0,105,36,51,83"/><V80/><F123/><W11/><G105/><T9/><D41/><U15/><E112/><V20/><F1/><W2/><G2/><T127/><D53/><N who="1" m="31919" /><E69/><V39/><F132/><W131/><G131/><T125/><D31/><U108/><E108/><V82/><F128/><W21/><G36/><T121/><D34/><U46/><E64/><V130/><F14/><N who="3" m="5495" /><G72/><T28/><D28/><U116/><E133/><V99/><F130/><W111/><G111/><T93/><D121/><U73/><E73/><V110/><F110/><W54/><G43/><T86/><D86/><U40/><E101/><N who="2" m="39019" /><F39/><W126/><G0/><T19/><D97/><N who="2" m="37450" /><F38/><W29/><G91/><T78/><D78/><U92/><E116/><V79/><F90/><W106/><G106/><T42/><D42/><U103/><E103/><V27/><F79/><W115/><G115/><T37/><D37/><U98/><E76/><V122/><F122/><W67/><G67/><T5/><AGARI ba="0,0" hai="5,9,12,16,17,19,61,65,68,93,94,124,125,127" machi="5" ten="40,12000,2" yaku="0,1,18,1,52,3,54,1" doraHai="135" who="0" fromWho="0" sc="210,120,230,-30,220,-60,340,-30" />
</Scene>
<Scene>
<INIT seed="3,0,0,3,4,125" ten="330,200,160,310" oya="3" hai0="7,111,105,127,5,20,33,123,60,9,70,132,62" hai1="23,106,34,67,74,133,53,94,29,37,88,85,117" hai2="77,89,32,54,79,115,91,110,113,104,10,64,4" hai3="69,102,44,93,86,2,126,57,107,120,114,16,131"/><W63/><G2/><T56/><D33/><U61/><E106/><V22/><F32/><W109/><G69/><T80/><D123/><U12/><E74/><V124/><F124/><W68/><G68/><T101/><D127/><U98/><E37/><V13/><F104/><W92/><G126/><T3/><D7/><U87/><E133/><V40/><F110/><W129/><G120/><T49/><D111/><U45/><E34/><V116/><F116/><W51/><G109/><T17/><D132/><U11/><E117/><V38/><F38/><W73/><G73/><T31/><D31/><U100/><E100/><V14/><F40/><N who="3" m="24967" /><G114/><T121/><D121/><U15/><E53/><V55/><F64/><N who="3" m="39023" /><G86/><T42/><D70/><U97/><E45/><V6/><REACH who="2" step="1"/><F10/><REACH who="2" ten="330,200,150,310" step="2"/><W50/><G107/><T103/><D9/><U71/><E11/><V122/><F122/><W0/><G0/><T59/><D3/><U43/><E43/><V48/><F48/><W118/><G50/><T83/><D49/><U112/><E112/><V81/><F81/><W119/><G119/><T8/><D105/><U18/><E67/><V1/><F1/><W19/><G118/><T75/><D8/><U39/><E39/><V36/><F36/><W84/><G93/><T66/><D42/><U72/><E94/><V28/><F28/><W41/><G41/><T134/><D134/><U135/><E135/><V90/><F90/><N who="3" m="53319" /><G102/><N who="0" m="38923" /><D5/><U24/><E61/><V52/><F52/><W27/><G19/><T46/><D46/><U76/><E18/><V25/><F25/><W128/><G16/><T78/><D17/><RYUUKYOKU ba="0,1" sc="330,-15,200,-15,150,15,310,15" hai2="4,6,13,14,22,54,55,77,79,89,91,113,115" hai3="27,128,129,131" />
</Scene>
<Scene>
<INIT seed="3,1,1,3,1,84" ten="315,185,165,325" oya="3" hai0="22,95,124,50,54,78,40,65,111,99,37,127,62" hai1="96,106,14,114,89,35,46,122,25,28,45,3,68" hai2="126,20,27,128,39,4,1,108,17,112,12,52,107" hai3="75,34,33,41,123,9,47,24,11,80,98,101,53"/><W93/><G123/><T113/><D78/><U129/><E114/><V91/><F112/><W90/><G53/><T77/><D77/><U55/><E122/><V49/><F107/><W60/><G60/><T0/><D0/><U73/><E3/><V63/><F39/><W110/><G110/><T21/><D113/><U120/><E73/><V87/><F108/><W83/><G75/><T105/><D105/><U56/><E120/><V116/><F116/><W57/><G57/><N who="0" m="32983" /><D111/><U69/><E129/><V10/><F128/><W42/><G34/><T72/><D72/><U85/><E14/><V44/><F126/><N who="0" m="48170" /><D37/><U15/><E15/><V88/><F63/><W76/><G33/><T64/><D40/><U131/><E131/><V66/><F66/><N who="0" m="25706" /><D62/><U51/><E69/><V30/><F87/><N who="3" m="48519" /><G42/><T70/><D70/><U7/><E68/><V121/><F121/><W119/><G24/><T29/><D29/><U18/><E28/><V74/><F74/><W16/><G41/><T48/><D48/><U36/><E36/><V2/><F2/><W103/><G103/><AGARI ba="1,1" hai="21,22,95,99,103" m="25706,48170,32983" machi="103" ten="30,1000,0" yaku="18,1" doraHai="84" who="0" fromWho="3" sc="315,23,185,0,165,0,325,-13" />
</Scene>
<Scene>
<INIT seed="4,0,0,3,5,5" ten="338,185,165,312" oya="0" hai0="36,38,114,109,70,26,127,11,64,24,17,73,133" hai1="106,107,101,59,74,119,63,14,42,61,43,60,57" hai2="4,67,51,132,52,58,124,126,113,111,32,85,68" hai3="108,91,125,6,96,77,130,94,39,8,117,71,75"/><T79/><D73/><U100/><E119/><V29/><F113/><W120/><G108/><T134/><D79/><U37/><E74/><V110/><F32/><W40/><G71/><T103/><D103/><N who="1" m="39499" /><E14/><V47/><F29/><W33/><G33/><T49/><D114/><U18/><E18/><V10/><F85/><W84/><G117/><T3/><D109/><N who="2" m="41482" /><F4/><W16/><G125/><N who="2" m="48233" /><F10/><W20/><G84/><T13/><D127/><U98/><E98/><V92/><F92/><W81/><G8/><T93/><D93/><U128/><E128/><V69/><F132/><N who="0" m="50794" /><D3/><U22/><E22/><V0/><F0/><W102/><G20/><T112/><D112/><U7/><E7/><V78/><F78/><W95/><G6/><T121/><D26/><U12/><E12/><V104/><F104/><N who="1" m="39977" /><E37/><V72/><F72/><W15/><G39/><T23/><D38/><U35/><E35/><V87/><F87/><W28/><G75/><T48/><D36/><U46/><E46/><V62/><AGARI ba="0,0" hai="47,51,52,58,62,67,68,69" m="48233,41482" machi="62" ten="40,8000,1" yaku="18,1,34,2,54,1" doraHai="5" who="2" fromWho="2" sc="338,-40,185,-20,165,80,312,-20" />
</Scene>
<Scene>
<INIT seed="5,0,0,3,4,49" ten="298,165,245,292" oya="1" hai0="99,46,123,82,92,118,135,71,52,72,73,125,74" hai1="68,20,120,28,69,54,59,23,26,100,106,97,86" hai2="85,12,119,60,107,78,44,124,114,37,94,8,62" hai3="127,19,88,95,64,25,98,16,58,32,129,39,22"/><U83/><E20/><V121/><F107/><W29/><G39/><T15/><D118/><U101/><E100/><V132/><F119/><W4/><G127/><T5/><D71/><U47/><E47/><V103/><F124/><W84/><G129/><T18/><D125/><U2/><E2/><V6/><F121/><W14/><G4/><T110/><D110/><U133/><E120/><V50/><F37/><W61/><REACH who="3" step="1"/><G19/><REACH who="3" ten="298,165,245,282" step="2"/><T10/><D123/><U24/><E133/><V115/><F132/><W13/><G13/><T96/><D18/><U57/><E26/><V102/><F115/><W42/><G42/><T41/><D41/><U130/><E130/><V67/><F114/><W70/><G70/><T31/><D5/><U36/><E36/><V11/><F6/><W117/><G117/><T45/><D15/><U134/><E134/><V93/><F12/><W51/><G51/><T104/><D135/><U0/><E0/><V112/><F50/><W89/><G89/><T81/><D31/><U111/><E111/><V38/><F112/><W7/><G7/><T122/><D122/><U55/><E68/><V105/><F38/><W126/><G126/><T76/><D76/><U3/><E69/><V131/><F78/><W75/><G75/><T40/><D74/><U66/><E3/><V43/><F131/><W80/><G80/><T17/><D73/><U128/><E128/><V27/><F43/><W116/><G116/><T34/><D72/><U79/><E57/><V87/><F27/><W77/><G77/><T48/><D40/><U108/><E108/><V90/><F90/><RYUUKYOKU ba="0,1" sc="298,-15,165,15,245,-15,282,15" hai1="23,24,28,54,55,59,66,79,83,86,97,101,106" hai3="14,16,22,25,29,32,58,61,64,84,88,95,98" />
</Scene>
<Scene>
<INIT seed="5,1,1,3,4,110" ten="283,180,230,297" oya="1" hai0="33,77,29,47,4,14,74,20,121,58,97,73,57" hai1="134,48,127,9,75,116,60,114,64,133,90,109,79" hai2="15,106,30,124,51,76,107,95,11,135,37,119,61" hai3="111,103,28,45,72,112,100,131,80,25,27,65,96"/><U10/><E116/><V99/><F37/><W98/><G111/><T54/><D33/><U8/><E109/><V122/><F119/><W69/><G131/><T46/><D121/><U129/><E129/><V39/><F39/><W49/><G65/><T82/><D73/><U108/><E108/><V50/><F122/><W38/><G69/><T26/><D58/><N who="1" m="36887" /><E127/><V7/><F124/><W5/><G38/><T70/><D70/><U31/><E31/><V41/><F135/><N who="1" m="51721" /><E90/><V101/><F76/><W0/><G28/><T118/><D118/><U115/><E48/><V32/><F30/><W55/><G49/><T68/><D68/><U18/><E18/><V87/><F32/><W43/><G100/><T102/><D4/><U3/><E3/><V126/><F126/><W56/><G103/><T24/><D29/><U2/><E2/><V63/><F51/><W66/><G5/><T22/><D102/><U128/><E128/><V59/><F63/><W132/><G0/><T53/><D77/><U92/><E92/><V78/><F50/><W86/><G132/><T88/><D88/><U62/><E62/><V44/><F44/><W34/><G45/><T104/><D46/><U120/><E120/><V93/><F41/><W113/><G43/><T6/><D47/><U17/><E17/><V1/><F1/><W125/><G125/><T36/><D36/><U105/><E105/><V130/><F130/><W52/><G80/><AGARI ba="1,1" hai="8,9,10,75,79,80,114,115" m="51721,36887" machi="80" ten="40,7700,0" yaku="20,1,52,2" doraHai="110" who="1" fromWho="3" sc="283,0,180,90,230,0,297,-80" />
</Scene>
<Scene>
<INIT seed="5,2,0,5,3,113" ten="283,270,230,217" oya="1" hai0="63,79,34,20,72,64,91,53,52,92,26,110,120" hai1="56,35,24,73,135,47,95,86,36,114,69,67,4" hai2="21,19,11,90,44,88,16,131,18,78,5,54,0" hai3="119,116,99,93,31,28,32,57,10,109,132,133,46"/><U17/><E73/><V129/><F78/><W100/><G109/><T126/><D110/><U13/><E69/><V71/><F71/><W117/><G46/><T43/><D34/><U123/><E123/><V84/><F21/><W15/><G57/><N who="0" m="36975" /><D72/><U3/><E114/><V27/><F27/><N who="3" m="18463" /><G31/><T82/><D126/><U134/><E4/><AGARI ba="2,0" hai="4,10,15,93,99,100,116,117,119,132,133" m="18463" machi="4" ten="30,7700,0" yaku="12,1,52,3" doraHai="113" who="3" fromWho="1" sc="283,0,270,-83,230,0,217,83" />
</Scene>
<Scene>
<INIT seed="6,0,0,0,4,3" ten="283,187,230,300" oya="2" hai0="133,118,17,60,52,47,57,65,87,111,99,24,63" hai1="32,130,26,89,28,131,129,85,41,50,64,2,61" hai2="66,98,18,33,113,83,73,42,38,53,20,107,90" hai3="54,135,7,8,40,79,102,94,35,115,31,92,56"/><V14/><F33/><W112/><G40/><T75/><D75/><U117/><E117/><V43/><F113/><N who="3" m="43595" /><G79/><T27/><D111/><U122/><E2/><V109/><F109/><W132/><G31/><T34/><D133/><N who="3" m="51273" /><G102/><T48/><D118/><U91/><E122/><V101/><F43/><W16/><G16/><T30/><D17/><U81/><E41/><V126/><F42/><W12/><G35/><T19/><D19/><U80/><E50/><AGARI ba="0,0" hai="7,8,12,50,54,56,92,94" m="51273,43595" machi="50" ten="30,7700,0" yaku="15,1,11,1,20,1,52,1" doraHai="3" who="3" fromWho="1" sc="283,0,187,-77,230,0,300,77" />
</Scene>
<Scene>
<INIT seed="7,0,0,0,5,35" ten="283,110,230,377" oya="3" hai0="5,99,16,129,26,130,28,124,122,91,109,117,49" hai1="17,0,93,90,80,41,40,32,22,60,12,33,125" hai2="36,89,110,64,27,75,71,19,134,96,63,9,34" hai3="114,65,11,6,118,126,46,73,70,13,21,25,55"/><W98/><G114/><T14/><D49/><U62/><E80/><V58/><F36/><W97/><G73/><T68/><D68/><U112/><E112/><V132/><F75/><W87/><G118/><T119/><D91/><U31/><E90/><V94/><F110/><W23/><G126/><T24/><D99/><U15/><E125/><V135/><F34/><W116/><G116/><N who="0" m="44619" /><D124/><U88/><E88/><V48/><F27/><N who="0" m="10282" /><D28/><U74/><E74/><V102/><F102/><W76/><G65/><T57/><D57/><U108/><E108/><V53/><F19/><N who="3" m="12543" /><G70/><T128/><D109/><U131/><E17/><V95/><F9/><W7/><G97/><T1/><D122/><U113/><E113/><V101/><F101/><W37/><G98/><T83/><D83/><U82/><E82/><V81/><F81/><W50/><G50/><T69/><D69/><U133/><E31/><V104/><F95/><W56/><G56/><T79/><D79/><U67/><E93/><V47/><F71/><W84/><G76/><T2/><D5/><U8/><E67/><V77/><F77/><W100/><G6/><T85/><D85/><U51/><E51/><V3/><F104/><W54/><G7/><T121/><D121/><U61/><E61/><V78/><F78/><W115/><G87/><T107/><D107/><U52/><E52/><V59/><F59/><W103/><G84/><T92/><D92/><U123/><E123/><V72/><F72/><W30/><G100/><T42/><D42/><U66/><E40/><V38/><F53/><N who="3" m="19979" /><G103/><T86/><D86/><U43/><E43/><RYUUKYOKU ba="0,0" sc="283,30,110,-10,230,-10,377,-10" hai0="1,2,14,16,128,129,130" owari="313,11.0,100,-40.0,220,-18.0,367,47.0" />
</Scene>
</mjloggm>