<mjloggm ver="2.3"><GO type="169" lobby="0"/><UN n0="%E5%A5%BD%E3%81%8D%E3%81%A7%E3%81%99%E3%83%BB%E3%83%BB%E2%88%A5" n1="%30%30%73%61%69" n2="%E3%81%A8%E3%82%8C%E3%82%82%E3%82%8D" n3="%E5%A4%AA%E3%81%8F%E3%81%AA%E3%81%84%E3%81%8A" dan="17,17,17,18" rate="2156.43,2121.21,2196.62,2189.12" sx="F,M,M,M"/><TAIKYOKU oya="0"/>

<Scene>
<INIT seed="0,0,0,1,0,31" ten="250,250,250,250" oya="0" hai0="86,29,103,30,98,110,7,63,112,34,12,5,124" hai1="108,85,55,62,36,128,93,45,50,65,48,122,114" hai2="32,96,83,92,35,37,6,15,58,106,111,56,127" hai3="129,133,132,3,23,68,43,70,87,67,75,46,125"/><T14/><D112/><U84/><E114/><V126/><F106/><W113/><G75/><T0/><D86/><U81/><E122/><V123/><F123/><W105/><G113/><T91/><D91/><N who="1" m="53487" /><E36/><V47/><F83/><W134/><G3/><T24/><D63/><U101/><E108/><V19/><F6/><N who="0" m="2058" /><D98/><U40/><E128/><V116/><F111/><W53/><G105/><T77/><D77/><N who="1" m="46127" /><E101/><N who="2" m="60551" /><F47/><W135/><G135/><T26/><D103/><U1/><E1/><V11/><F37/><N who="3" m="21871" /><G129/><T118/><D118/><U28/><E28/><V73/><F73/><W115/><G115/><T90/><D90/><U89/><E89/><V95/><F95/><W82/><G87/><T88/><D88/><U44/><E62/><V119/><F119/><W59/><G82/><T64/><D64/><AGARI ba="0,0" hai="40,44,45,48,50,55,64,65" m="46127,53487" machi="64" ten="30,1000,0" yaku="8,1" doraHai="31" who="1" fromWho="0" sc="250,-10,250,10,250,0,250,0" />
</Scene>
<Scene>
<INIT seed="1,0,0,0,1,109" ten="240,260,250,250" oya="1" hai0="128,87,50,98,12,65,23,92,26,77,40,86,63" hai1="96,79,0,127,30,9,1,80,115,132,62,134,118" hai2="2,135,4,28,11,121,125,21,33,42,41,76,119" hai3="112,37,95,89,116,110,100,117,59,107,3,51,82"/><U131/><E118/><N who="3" m="45674" /><G37/><T25/><D128/><U24/><E131/><V14/><F121/><W43/><G3/><T38/><D38/><U75/><E127/><V60/><F125/><W64/><G64/><T90/><D12/><U84/><E96/><V101/><F135/><N who="1" m="51753" /><E62/><V130/><F130/><W48/><G59/><T123/><D123/><U72/><E115/><V36/><F36/><W39/><G82/><T32/><D32/><N who="1" m="20551" /><E9/><V45/><F11/><W93/><G107/><T108/><D108/><U99/><E99/><V15/><F60/><W55/><G100/><T49/><D77/><U27/><E27/><V120/><F101/><W122/><G89/><T67/><D26/><U85/><E85/><V5/><F76/><W31/><G110/><T97/><D87/><U66/><E66/><V20/><F120/><W46/><G122/><T114/><D67/><U56/><E56/><V88/><F119/><W83/><G112/><T61/><D114/><U124/><E124/><V78/><F78/><W18/><G31/><T68/><D63/><U129/><E129/><V113/><F113/><W102/><G102/><T91/><D98/><U13/><E13/><V105/><F14/><W52/><G18/><N who="0" m="12535" /><D97/><U81/><E81/><V104/><F2/><AGARI ba="0,0" hai="0,1,2,72,75,79,80,84" m="20551,51753" machi="2" ten="30,1500,0" yaku="20,1" doraHai="109" who="1" fromWho="2" sc="240,0,260,15,250,-15,250,0" />
</Scene>
<Scene>
<INIT seed="1,1,0,4,5,37" ten="240,275,235,250" oya="1" hai0="59,50,17,106,120,122,60,84,8,11,2,1,104" hai1="76,132,51,41,93,29,91,88,126,22,110,42,0" hai2="72,117,14,68,55,61,19,28,89,70,69,25,124" hai3="80,115,75,31,131,45,100,53,101,5,23,85,32"/><U74/><E0/><V118/><F72/><W44/><G32/><T102/><D50/><U26/><E74/><V48/><F61/><W94/><G115/><T105/><D102/><U24/><E76/><V20/><F89/><N who="1" m="34377" /><E126/><V121/><F121/><N who="0" m="46698" /><D84/><U3/><E3/><N who="0" m="1033" /><D17/><U111/><E132/><V54/><F54/><AGARI ba="1,0" hai="8,11,54,59,60,104,105,106" m="1033,46698" machi="54" ten="40,1300,0" yaku="13,1" doraHai="37" who="0" fromWho="2" sc="240,16,275,0,235,-16,250,0" />
</Scene>
<Scene>
<INIT seed="2,0,0,1,2,22" ten="256,275,219,250" oya="2" hai0="124,119,38,50,130,39,110,11,5,0,109,126,106" hai1="89,83,120,80,26,105,45,94,95,18,122,44,1" hai2="19,64,52,117,86,123,100,99,62,61,35,118,7" hai3="112,98,125,40,128,101,79,6,114,20,78,85,28"/><V132/><F123/><N who="1" m="47145" /><E1/><V46/><F35/><W2/><G40/><T70/><D106/><U8/><E105/><V102/><F7/><W57/><G2/><T9/><D70/><U54/><E54/><V96/><F132/><W30/><G6/><N who="0" m="1223" /><D50/><U121/><E94/><V92/><F86/><W127/><G57/><T55/><D55/><U4/><E45/><V31/><F31/><N who="3" m="11819" /><G20/><T104/><D104/><U113/><E44/><V111/><F111/><N who="0" m="42506" /><D130/><U32/><E32/><V82/><F82/><N who="3" m="47319" /><G79/><T88/><D119/><U49/><E80/><V67/><F118/><W74/><G128/><T24/><D39/><U29/><E83/><V37/><F117/><W48/><G48/><T27/><D88/><U36/><E49/><N who="2" m="28727" /><F37/><W53/><G53/><T13/><D38/><U71/><E36/><V33/><F33/><W43/><G43/><T58/><D58/><U133/><E71/><V15/><F67/><W42/><G42/><T68/><D68/><U84/><E121/><V3/><F64/><W135/><G74/><T60/><D60/><U116/><E116/><V93/><F3/><W108/><G108/><T66/><D66/><U10/><E84/><V87/><F87/><W51/><G51/><T47/><D47/><U59/><E59/><V81/><F81/><W129/><G129/><T134/><D134/><U34/><E133/><V91/><F91/><W14/><G135/><T16/><D5/><U69/><E4/><V76/><F76/><W17/><G112/><T12/><D13/><U77/><E69/><V41/><F41/><W65/><G114/><T25/><AGARI ba="0,0" hai="11,12,16,24,25,27,124,126" m="42506,1223" machi="25" ten="40,16000,3" yaku="5,1,14,1,34,2,52,3,54,1" doraHai="22" who="0" fromWho="0" sc="256,160,275,-40,219,-80,250,-40" />
</Scene>
<Scene>
<INIT seed="3,0,0,1,1,0" ten="416,235,139,210" oya="3" hai0="17,41,117,118,119,110,72,126,51,79,3,15,35" hai1="26,121,74,127,63,5,67,97,54,2,7,95,13" hai2="25,14,12,56,78,19,114,105,107,44,8,91,21" hai3="11,22,64,34,88,36,10,48,98,104,28,133,23"/><W99/><G36/><T129/><D79/><U69/><E2/><V29/><F114/><W128/><G34/><T30/><D72/><U80/><E121/><V123/><F123/><W85/><G133/><T43/><D51/><U60/><E127/><V93/><F78/><W55/><G128/><T134/><D43/><U37/><E37/><V71/><F71/><W108/><G64/><T92/><D92/><U89/><E74/><V77/><F77/><W42/><G42/><T50/><D50/><U46/><E80/><V24/><F44/><W53/><G108/><T82/><D82/><U124/><E124/><V109/><F109/><W135/><G135/><T49/><D49/><U58/><E46/><V113/><F113/><W103/><G99/><T52/><D52/><U125/><E125/><V1/><F56/><W40/><G40/><T96/><D96/><U83/><E13/><V122/><F122/><W94/><G55/><T90/><D41/><U39/><E39/><V81/><F81/><W9/><REACH who="3" step="1"/><G28/><REACH who="3" ten="416,235,139,200" step="2"/><T47/><D134/><U116/><E54/><V120/><F29/><W27/><G27/><T31/><D31/><U112/><E26/><V57/><F25/><W66/><G66/><T38/><D110/><U87/><E112/><V111/><F24/><W132/><G132/><T84/><D30/><U101/><E116/><V106/><F111/><W73/><G73/><T68/><D126/><U76/><E67/><V100/><F120/><W33/><G33/><T102/><D35/><U65/><E65/><V20/><F57/><AGARI ba="0,1" hai="9,10,11,22,23,48,53,57,85,88,94,98,103,104" machi="57" ten="40,12000,1" yaku="1,1,54,1,53,3" doraHai="0" doraHaiUra="6" who="3" fromWho="2" sc="416,0,235,0,139,-120,200,130" />
</Scene>
<Scene>
<INIT seed="3,1,0,3,4,112" ten="416,235,19,330" oya="3" hai0="126,59,109,88,19,48,50,31,100,28,85,113,58" hai1="5,90,33,75,124,49,133,20,119,74,98,131,117" hai2="36,123,121,35,96,3,29,132,15,37,105,130,14" hai3="1,106,32,38,102,25,30,82,64,6,69,8,12"/><W73/><G12/><T46/><D113/><U107/><E33/><V51/><F3/><W111/><G111/><T40/><D109/><U71/><E71/><V21/><F35/><W26/><G26/><T92/><D126/><U116/><E124/><V76/><F76/><W34/><G34/><T65/><D100/><N who="1" m="62871" /><E131/><V18/><F29/><W81/><G38/><T103/><D103/><U47/><E133/><V83/><F132/><W72/><G82/><T101/><D101/><U68/><E68/><V60/><F130/><W80/><G81/><T4/><D4/><U134/><E134/><V93/><F105/><W99/><G80/><T77/><D77/><U122/><E122/><N who="2" m="46603" /><F83/><W125/><G125/><T89/><D89/><U115/><E115/><V114/><F114/><W53/><G53/><N who="0" m="32055" /><D19/><U45/><E90/><N who="2" m="55351" /><F60/><AGARI ba="1,0" hai="1,6,8,25,30,32,60,64,69,72,73,99,102,106" machi="60" ten="40,12000,1" yaku="25,2,33,3" doraHai="112" who="3" fromWho="2" sc="416,0,235,0,19,-123,330,123" /><AGARI ba="1,0" hai="28,31,40,46,48,59,60,65,85,88,92" m="32055" machi="60" ten="30,2000,0" yaku="8,1,54,1" doraHai="112" who="0" fromWho="2" sc="416,20,235,0,-104,-20,453,0" owari="436,24.0,235,-16.0,-124,-62.0,453,54.0" />
</Scene>
</mjloggm>