<mjloggm ver="2.3"><GO type="169" lobby="0"/><UN n0="%73%68%61%6F" n1="%E3%81%8F%E3%82%89%E3%81%BE%E3%82%82%E3%82%93" n2="%73%6F%64%6F%72" n3="%E5%A4%AA%E3%81%8F%E3%81%AA%E3%81%84%E3%81%8A" dan="18,16,16,17" rate="2234.61,2095.50,2059.29,2157.63" sx="M,M,M,M"/><TAIKYOKU oya="0"/>

<Scene>
<INIT seed="0,0,0,3,4,17" ten="250,250,250,250" oya="0" hai0="5,59,114,39,81,21,128,132,25,31,41,102,120" hai1="96,47,0,86,90,11,29,105,9,116,80,24,95" hai2="46,94,91,113,100,103,89,50,30,13,19,75,115" hai3="8,122,111,60,72,130,57,53,12,66,55,62,127"/><T37/><D120/><U32/><E116/><V99/><F75/><W23/><G72/><T78/><D114/><U61/><E0/><V1/><F1/><W58/><G122/><T6/><D132/><U18/><E47/><V117/><F30/><W45/><G111/><T93/><D128/><U74/><E61/><V64/><F64/><W112/><G112/><T68/><D68/><U73/><E73/><V34/><F34/><W40/><G130/><T10/><D59/><U54/><E54/><V131/><F131/><W77/><G77/><T7/><D10/><U124/><E124/><V15/><F117/><W16/><G127/><T118/><D118/><U97/><E97/><V49/><F19/><W123/><G123/><T36/><D41/><U27/><E105/><V109/><F99/><W98/><G98/><T44/><D44/><U126/><E74/><V133/><F94/><W20/><G66/><T63/><D63/><U110/><E110/><V84/><F46/><W87/><G87/><T67/><D67/><U42/><E42/><V14/><F14/><W4/><G4/><T70/><D70/><U65/><E65/><V104/><F84/><W71/><G71/><T88/><D102/><U121/><E121/><V108/><REACH who="2" step="1"/><F133/><REACH who="2" ten="250,250,240,250" step="2"/><W125/><REACH who="3" step="1"/><G125/><REACH who="3" ten="250,250,240,240" step="2"/><T52/><D5/><U33/><E126/><V129/><F129/><W135/><G135/><T51/><D7/><U56/><E96/><V92/><F92/><W26/><G26/><T134/><D6/><U101/><E95/><V82/><F82/><W79/><G79/><T85/><D134/><U48/><E27/><RYUUKYOKU ba="0,2" sc="250,-15,250,-15,240,15,240,15" hai2="13,15,49,50,89,91,100,103,104,108,109,113,115" hai3="8,12,16,20,23,40,45,53,55,57,58,60,62" />
</Scene>
<Scene>
<INIT seed="1,1,2,3,5,3" ten="235,235,255,255" oya="1" hai0="9,76,87,108,105,66,44,117,54,7,8,93,77" hai1="67,61,83,4,81,121,42,88,69,60,128,80,58" hai2="46,16,92,41,109,100,19,20,48,39,6,31,126" hai3="131,59,106,29,15,125,119,63,116,118,86,10,70"/><U129/><E121/><V45/><F109/><W23/><G106/><T35/><D105/><U49/><E42/><V134/><F126/><W95/><G70/><T32/><D117/><U17/><E17/><V53/><F134/><W104/><G104/><T65/><D108/><U78/><E49/><V74/><F74/><W47/><G125/><T30/><D30/><U71/><E78/><V113/><F113/><W24/><G131/><N who="1" m="50250" /><E69/><V36/><F36/><W79/><G47/><T112/><D112/><U82/><E82/><V33/><F33/><W27/><G27/><T99/><D77/><U73/><E73/><V64/><F64/><W115/><G115/><T25/><D25/><U62/><E62/><V0/><F31/><W98/><G79/><T84/><D76/><U91/><E4/><V55/><F55/><AGARI ba="1,2" hai="55,58,60,61,67,71,80,81,83,88,91" m="50250" machi="55" ten="30,2900,0" yaku="19,1,54,1" doraHai="3" who="1" fromWho="2" sc="235,0,235,52,255,-32,255,0" />
</Scene>
<Scene>
<INIT seed="1,2,0,5,2,30" ten="235,287,223,255" oya="1" hai0="56,129,3,18,53,69,81,71,95,124,5,48,13" hai1="65,2,19,88,35,10,84,49,120,8,132,135,46" hai2="118,67,60,100,77,24,45,52,47,127,20,61,83" hai3="43,109,82,94,23,66,93,33,73,36,55,125,112"/><U34/><E65/><V108/><F118/><W113/><G66/><T79/><D129/><U62/><E62/><V31/><F108/><W97/><G109/><T50/><D124/><U85/><E85/><V130/><F130/><W117/><G125/><T25/><D95/><U80/><E120/><V101/><F127/><W21/><G117/><T51/><D5/><U22/><E2/><V59/><F61/><W64/><G64/><T42/><D3/><U114/><E114/><V40/><F67/><W54/><G43/><T103/><D103/><U126/><E126/><V115/><F115/><W38/><G82/><T122/><D122/><U7/><E7/><V119/><F119/><W99/><G73/><T14/><D71/><U78/><E78/><V104/><F104/><W58/><G58/><T107/><D107/><U68/><E68/><V26/><F26/><W106/><G106/><T0/><D0/><U128/><E128/><V70/><F70/><W87/><G87/><N who="0" m="48575" /><D69/><U27/><E10/><V9/><F9/><W63/><G63/><N who="0" m="36239" /><D42/><N who="1" m="24791" /><E8/><V111/><F111/><W15/><G15/><T11/><D11/><U74/><E74/><V32/><F32/><AGARI ba="2,0" hai="21,23,32,33,36,38,54,55,93,94,97,99,112,113" machi="32" ten="25,6400,0" yaku="22,2,52,2" doraHai="30" who="3" fromWho="2" sc="235,0,287,0,223,-70,255,70" />
</Scene>
<Scene>
<INIT seed="2,0,0,4,3,20" ten="235,287,153,325" oya="2" hai0="47,25,51,91,44,65,119,19,10,55,132,1,21" hai1="38,121,30,99,126,77,69,0,29,116,90,83,118" hai2="133,110,115,82,18,76,7,105,101,94,80,92,6" hai3="64,96,87,98,84,78,85,107,70,117,42,16,9"/><V39/><F39/><W62/><G117/><T2/><D119/><U11/><E69/><V28/><F115/><W4/><G42/><T14/><D132/><U31/><E38/><V86/><F133/><W74/><G107/><T112/><D112/><U37/><E37/><V58/><F105/><W48/><G48/><T109/><D109/><U111/><E111/><V17/><F110/><W71/><G71/><T120/><D120/><U75/><E126/><V26/><F58/><W33/><G33/><T50/><D65/><U95/><E121/><V13/><F82/><W45/><G45/><T131/><D91/><U24/><E24/><V100/><F94/><W40/><G40/><T67/><D67/><U129/><E129/><V135/><F135/><W61/><G61/><T53/><REACH who="0" step="1"/><D131/><REACH who="0" ten="225,287,153,325" step="2"/><U27/><E116/><V60/><F101/><W123/><G123/><T122/><D122/><U35/><E118/><V36/><F100/><W106/><G64/><T15/><D15/><U113/><E113/><V127/><F13/><W130/><G130/><T41/><D41/><U134/><E134/><V128/><F128/><W3/><G70/><T89/><D89/><U124/><E124/><V12/><F127/><W59/><G78/><T23/><D23/><U114/><E114/><V108/><F76/><W97/><G3/><T72/><D72/><U22/><E22/><V81/><F108/><W8/><G74/><T103/><D103/><U52/><E75/><V93/><F12/><W49/><G9/><T46/><D46/><U73/><E73/><V32/><F32/><W102/><G102/><RYUUKYOKU ba="0,1" sc="225,30,287,-10,153,-10,325,-10" hai0="1,2,10,14,19,21,25,44,47,50,51,53,55" />
</Scene>
<Scene>
<INIT seed="3,1,1,2,0,112" ten="255,277,143,315" oya="3" hai0="33,122,10,134,135,17,108,64,130,94,85,87,66" hai1="98,113,54,93,19,115,39,133,13,129,22,121,1" hai2="126,28,97,70,41,49,132,21,75,60,9,35,52" hai3="37,7,48,51,95,90,76,44,50,65,2,67,80"/><W79/><G2/><T83/><D122/><U119/><E121/><V107/><F75/><W55/><G7/><T27/><D108/><U128/><E1/><V12/><F41/><W77/><G80/><T96/><D130/><N who="1" m="50283" /><E39/><V73/><F73/><W100/><G100/><T58/><D33/><U43/><E43/><V105/><F126/><W0/><G0/><T59/><D134/><U78/><E78/><V15/><F132/><W86/><G37/><T62/><D135/><U91/><E133/><V46/><F35/><W30/><G30/><T101/><D83/><U24/><E119/><V61/><F97/><W57/><REACH who="3" step="1"/><G44/><REACH who="3" ten="255,277,143,305" step="2"/><T106/><D101/><U103/><E103/><V68/><F28/><W125/><G125/><T82/><D82/><U56/><E113/><V3/><F3/><W99/><G99/><T104/><D96/><U111/><E115/><V14/><F107/><W23/><G23/><T116/><D104/><U71/><E111/><V110/><F105/><W20/><G20/><T4/><D4/><U109/><E109/><V8/><F110/><W63/><AGARI ba="1,2" hai="48,50,51,55,57,63,65,67,76,77,79,86,90,95" machi="63" ten="30,6000,0" yaku="1,1,0,1,8,1,53,0" doraHai="112" doraHaiUra="123" who="3" fromWho="3" sc="255,-21,277,-21,143,-21,305,83" />
</Scene>
<Scene>
<INIT seed="3,2,0,0,3,68" ten="234,256,122,388" oya="3" hai0="87,90,39,62,114,106,49,125,115,86,118,42,54" hai1="63,58,31,83,15,122,70,7,89,131,110,28,56" hai2="57,66,38,117,43,10,4,1,20,26,34,48,55" hai3="51,85,119,67,53,61,124,35,96,69,107,12,102"/><W75/><G75/><T135/><D118/><U98/><E110/><V24/><F117/><W74/><G74/><T113/><D106/><U44/><E70/><V84/><F66/><W104/><G119/><T127/><D87/><U27/><E122/><V14/><F34/><W50/><G124/><N who="0" m="47691" /><D62/><U112/><E112/><V36/><F43/><W59/><G107/><T77/><D77/><U33/><E31/><V111/><F111/><W123/><G123/><T17/><D17/><U94/><E83/><V128/><F128/><W72/><G72/><T18/><D18/><U22/><E63/><V108/><F108/><W82/><G35/><T2/><D2/><U6/><E131/><V132/><F132/><W16/><G69/><T73/><D73/><U130/><E130/><V47/><F84/><W95/><G104/><T11/><D11/><U129/><E129/><V109/><F109/><W19/><G67/><T116/><D116/><U76/><E33/><V78/><F78/><N who="3" m="46295" /><G19/><T92/><D135/><U25/><E76/><V121/><F121/><W37/><G37/><T64/><D64/><U99/><E7/><V40/><F38/><W105/><G105/><T65/><D65/><U120/><E120/><V133/><F133/><W52/><G53/><T46/><D54/><U5/><E5/><V88/><F88/><W71/><G71/><T3/><D3/><U93/><E6/><V101/><F101/><W91/><G102/><T21/><D21/><AGARI ba="2,0" hai="12,16,21,50,51,52,59,61,91,95,96" m="46295" machi="21" ten="30,5800,0" yaku="8,1,54,2" doraHai="68" who="3" fromWho="0" sc="234,-64,256,0,122,0,388,64" />
</Scene>
<Scene>
<INIT seed="3,3,0,5,3,96" ten="170,256,122,452" oya="3" hai0="0,24,100,42,111,109,130,120,28,47,29,82,131" hai1="66,95,86,92,11,10,33,105,46,90,27,69,64" hai2="19,1,118,70,62,125,6,104,14,31,76,26,63" hai3="126,49,89,113,32,87,103,44,7,15,107,25,97"/><W72/><G113/><T81/><D0/><U54/><E105/><V21/><F118/><W122/><G122/><T79/><D120/><U20/><E33/><V93/><F104/><W101/><G72/><T68/><D68/><U52/><E92/><V39/><F39/><W12/><G126/><T55/><D55/><N who="1" m="21035" /><E46/><V112/><F112/><W30/><G7/><T129/><D100/><U84/><E84/><V56/><F125/><W74/><G74/><T123/><D123/><U61/><E61/><V3/><F76/><W8/><G8/><N who="1" m="3114" /><E69/><V77/><F6/><W135/><G103/><T108/><D79/><U60/><E60/><V119/><F77/><W133/><G135/><T59/><D59/><U88/><E90/><V124/><F124/><W98/><G98/><T106/><D106/><U102/><E102/><V73/><F73/><W9/><G9/><T83/><D24/><U75/><E75/><V78/><F78/><W114/><G133/><T127/><D127/><U5/><E5/><V34/><F93/><W115/><G114/><T94/><D94/><U18/><AGARI ba="3,0" hai="18,20,27,64,66,86,88,95" m="3114,21035" machi="18" ten="30,4000,0" yaku="8,1,54,2" doraHai="96" who="1" fromWho="1" sc="170,-13,256,49,122,-13,452,-23" />
</Scene>
<Scene>
<INIT seed="4,0,0,3,1,104" ten="157,305,109,429" oya="0" hai0="8,106,87,121,24,12,23,132,28,75,10,110,6" hai1="77,48,63,43,58,68,66,37,99,4,38,1,18" hai2="62,91,0,53,131,54,27,117,56,135,128,60,111" hai3="26,19,47,113,126,71,97,7,118,55,107,25,21"/><T13/><D106/><U114/><E99/><V22/><F0/><W40/><G118/><T51/><D121/><U85/><E18/><V61/><F111/><W46/><G71/><T100/><D100/><U123/><E4/><V82/><F117/><W64/><G64/><T15/><D110/><U124/><E1/><V92/><F135/><W69/><G69/><T81/><D132/><U50/><E85/><V86/><F82/><W14/><G113/><T115/><D75/><U90/><E90/><V29/><REACH who="2" step="1"/><F54/><REACH who="2" ten="157,305,99,429" step="2"/><W79/><G55/><T105/><D115/><U109/><E114/><V16/><F16/><W130/><G19/><T11/><D105/><U31/><E109/><V80/><F80/><W108/><G107/><T125/><D125/><U32/><E124/><V116/><F116/><W41/><G126/><T65/><D65/><U102/><E66/><V35/><F35/><W45/><G108/><T20/><D6/><U112/><E32/><V122/><F122/><W5/><G7/><T30/><D30/><U9/><E123/><V127/><F127/><W93/><G5/><T59/><D28/><U83/><E31/><V57/><F57/><W120/><G120/><T84/><D81/><U88/><E83/><V33/><F33/><W89/><G79/><T133/><D133/><U129/><E58/><V74/><F74/><W44/><G41/><T98/><D59/><U73/><E112/><V72/><F72/><W39/><G40/><T96/><D10/><U76/><E73/><V2/><F2/><W95/><N who="3" m="11776" /><DORA hai="42" /><W34/><G34/><T119/><D119/><RYUUKYOKU ba="0,1" sc="157,-10,305,-10,99,30,429,-10" hai2="22,27,29,53,56,60,61,62,86,91,92,128,131" />
</Scene>
<Scene>
<INIT seed="5,1,1,3,3,134" ten="147,295,129,419" oya="1" hai0="20,124,10,18,85,98,51,132,44,93,113,15,3" hai1="36,8,29,104,63,102,70,24,64,69,112,14,90" hai2="130,80,9,22,122,107,50,133,27,62,23,11,67" hai3="1,5,6,74,37,128,100,101,125,97,34,26,21"/><U54/><E36/><V92/><F107/><W56/><G34/><T19/><D132/><U73/><E73/><V12/><F133/><W129/><G37/><T55/><D113/><U83/><E69/><V99/><F122/><W89/><G74/><T0/><D85/><U39/><E39/><V105/><F105/><W117/><G117/><T103/><REACH who="0" step="1"/><D124/><REACH who="0" ten="137,295,129,419" step="2"/><U68/><E112/><V114/><F114/><W115/><G125/><T118/><D118/><U58/><E68/><V38/><F38/><W91/><G115/><T108/><D108/><U33/><E70/><V48/><F130/><W96/><G129/><T53/><D53/><U2/><E54/><V72/><F72/><W75/><G128/><T126/><D126/><U41/><E41/><V28/><F80/><W47/><G75/><T76/><D76/><U45/><E83/><V43/><F43/><W110/><G110/><T49/><D49/><U119/><E119/><V79/><F79/><W46/><G97/><T84/><D84/><U30/><E64/><V57/><F50/><W106/><G96/><T123/><D123/><U131/><E131/><V32/><F48/><W109/><G109/><T81/><D81/><U78/><E78/><V66/><F66/><W111/><G111/><T25/><AGARI ba="1,2" hai="0,3,10,15,18,19,20,25,44,51,55,93,98,103" machi="25" ten="20,5200,0" yaku="1,1,0,1,7,1,53,1" doraHai="134" doraHaiUra="42" who="0" fromWho="0" sc="137,75,295,-27,129,-14,419,-14" />
</Scene>
<Scene>
<INIT seed="6,0,0,0,3,113" ten="212,268,115,405" oya="2" hai0="2,6,120,90,60,54,4,33,82,13,100,99,77" hai1="115,117,110,17,5,97,128,84,132,56,104,10,20" hai2="57,58,26,125,9,79,40,76,92,28,119,122,7" hai3="112,135,109,48,64,118,129,93,75,36,38,88,34"/><V124/><F122/><W42/><G109/><T31/><D2/><U30/><E110/><V25/><F40/><W21/><G34/><T95/><D120/><U32/><E115/><V73/><F92/><W72/><G112/><T37/><D37/><U107/><E30/><V51/><F119/><W105/><G105/><T94/><D33/><U133/><E32/><V44/><F58/><W12/><G64/><T18/><D31/><U86/><E56/><V116/><F57/><W14/><G118/><T111/><D54/><U3/><E117/><V61/><F61/><W126/><G48/><T15/><D60/><U67/><E67/><V63/><F63/><W96/><G126/><N who="2" m="48745" /><F116/><W29/><G42/><T43/><D43/><U103/><E107/><V53/><F73/><W52/><G52/><T11/><D15/><N who="1" m="9279" /><E128/><V8/><F8/><W23/><G129/><T39/><D39/><U66/><E66/><V78/><F28/><W69/><G29/><T16/><D111/><U123/><E123/><V121/><F121/><W102/><G38/><T85/><REACH who="0" step="1"/><D6/><REACH who="0" ten="202,268,115,405" step="2"/><U71/><E71/><V83/><F83/><W89/><G36/><T45/><D45/><U62/><E62/><V80/><F80/><W24/><G69/><T101/><D101/><U127/><E127/><V55/><F55/><W50/><G102/><T41/><D41/><U0/><E0/><AGARI ba="0,1" hai="0,7,9,25,26,44,51,53,76,78,79" m="48745" machi="0" ten="30,1500,0" yaku="18,1" doraHai="113" who="2" fromWho="1" sc="202,0,268,-15,115,25,405,0" />
</Scene>
<Scene>
<INIT seed="6,1,0,4,1,12" ten="202,253,140,405" oya="2" hai0="5,11,42,37,27,111,120,128,132,16,25,56,7" hai1="2,89,122,13,62,88,108,124,92,80,50,55,72" hai2="3,49,1,64,66,83,30,75,126,121,103,134,47" hai3="28,31,82,38,51,35,101,91,117,24,102,58,67"/><V19/><F121/><W105/><G38/><T29/><D120/><U133/><E2/><V61/><F30/><W113/><G117/><T129/><D111/><U57/><E108/><V14/><F126/><W106/><G113/><T96/><D132/><U8/><E124/><V78/><F134/><W115/><G115/><T0/><D7/><U70/><E133/><V34/><F103/><W76/><G91/><T63/><D96/><U40/><E122/><V9/><F34/><W10/><G31/><T97/><D97/><U85/><E72/><V71/><REACH who="2" step="1"/><F66/><REACH who="2" ten="202,253,130,405" step="2"/><W73/><G67/><T43/><D29/><U93/><E89/><V36/><F36/><W74/><G101/><T118/><D37/><U21/><E88/><V39/><F39/><W22/><G35/><T4/><D118/><U33/><E33/><V44/><F44/><W99/><G102/><T26/><D128/><U116/><E116/><V23/><F23/><W123/><G22/><T6/><D129/><U114/><E21/><V112/><F112/><W119/><G28/><T45/><D45/><U107/><E114/><V87/><F87/><W84/><G84/><T90/><D90/><U125/><E85/><V54/><AGARI ba="1,1" hai="1,3,9,14,19,47,49,54,61,64,71,75,78,83" machi="54" ten="20,7800,0" yaku="1,1,0,1,7,1,52,1,53,0" doraHai="12" doraHaiUra="130" who="2" fromWho="2" sc="202,-27,253,-27,130,91,405,-27" />
</Scene>
<Scene>
<INIT seed="6,2,0,5,2,106" ten="175,226,221,378" oya="2" hai0="33,5,84,40,18,118,51,104,75,2,25,0,62" hai1="135,122,57,22,77,20,134,86,114,124,119,13,31" hai2="88,9,8,16,42,36,12,95,126,34,53,44,15" hai3="39,4,19,105,78,17,43,74,133,129,91,66,47"/><V55/><F34/><W102/><G66/><T26/><D104/><U123/><E119/><V28/><F28/><W21/><G91/><T76/><D118/><U127/><E57/><V48/><F126/><N who="1" m="48169" /><E77/><V112/><F112/><W37/><G37/><T90/><D62/><U101/><E101/><V89/><F36/><W70/><G70/><T60/><D60/><U72/><E86/><N who="2" m="52631" /><F89/><W52/><G4/><AGARI ba="2,0" hai="4,8,9,12,15,16,42,44,48,53,55" m="52631" machi="4" ten="30,5800,0" yaku="8,1,54,2" doraHai="106" who="2" fromWho="3" sc="175,0,226,0,221,64,378,-64" />
</Scene>
<Scene>
<INIT seed="6,3,0,1,2,86" ten="175,226,285,314" oya="2" hai0="108,52,8,10,102,73,47,115,55,132,98,75,135" hai1="104,133,130,23,17,18,88,118,5,33,63,62,85" hai2="100,13,77,119,54,71,36,129,109,79,106,41,51" hai3="38,123,32,45,37,57,67,29,126,91,89,64,111"/><V101/><F71/><W30/><G111/><T4/><D108/><U49/><E33/><V11/><F119/><W58/><G32/><T110/><D110/><U72/><E72/><V24/><F109/><W107/><G45/><T80/><D115/><U116/><E104/><V93/><F106/><W95/><G107/><T3/><D10/><U56/><E5/><V35/><F129/><W131/><G95/><N who="0" m="58719" /><D47/><U68/><E130/><V60/><F60/><W114/><G131/><T2/><D2/><U74/><E74/><N who="0" m="28169" /><D80/><U39/><E39/><V50/><F36/><W22/><G126/><T121/><D121/><U65/><E49/><V1/><F1/><W16/><G22/><T48/><D48/><U127/><E127/><V97/><F51/><W103/><G16/><T7/><D7/><U117/><E133/><AGARI ba="3,0" hai="3,4,8,52,55,132,133,135" m="28169,58719" machi="133" ten="30,2000,0" yaku="20,1,54,1" doraHai="86" who="0" fromWho="1" sc="175,29,226,-29,285,0,314,0" />
</Scene>
<Scene>
<INIT seed="7,0,0,5,5,97" ten="204,197,285,314" oya="3" hai0="5,84,115,38,55,135,34,76,30,43,49,126,13" hai1="122,106,114,18,105,74,6,27,72,66,25,77,33" hai2="62,15,52,70,29,121,110,47,31,133,104,80,68" hai3="17,116,73,111,1,56,93,42,118,44,120,35,82"/><W107/><G107/><T24/><D38/><U28/><E122/><V64/><F110/><W23/><G35/><T99/><D43/><U123/><E123/><V41/><F121/><W21/><G120/><T36/><D36/><U128/><E66/><V94/><F104/><W85/><G1/><T112/><D99/><U89/><E6/><V60/><F133/><W50/><G73/><T113/><D135/><U134/><E134/><V26/><F15/><W61/><G93/><T100/><D126/><U108/><E108/><V12/><F12/><W79/><G111/><T67/><D67/><U87/><E114/><V58/><F80/><W103/><G103/><T19/><D5/><U98/><E128/><V65/><F94/><W10/><G10/><N who="0" m="6583" /><D100/><U119/><E119/><V124/><F124/><W11/><G11/><T53/><D49/><U78/><E74/><V54/><F58/><W117/><G17/><T131/><D131/><U16/><E18/><V92/><F92/><W57/><G57/><T37/><D37/><U45/><E45/><V48/><F31/><W132/><G132/><T81/><AGARI ba="0,0" hai="24,30,34,53,55,76,81,84,112,113,115" m="6583" machi="81" ten="40,2700,0" yaku="15,1,11,1" doraHai="97" who="0" fromWho="0" sc="204,27,197,-7,285,-7,314,-13" owari="231,-17.0,190,-31.0,278,8.0,301,40.0" />
</Scene>
</mjloggm>