<mjloggm ver="2.3"><GO type="169" lobby="0"/><UN n0="%E5%A4%AA%E3%81%8F%E3%81%AA%E3%81%84%E3%81%8A" n1="%E9%BA%BB%E7%94%9F%E9%9B%80%E5%AD%90" n2="%E3%81%A1%E3%82%87%E3%82%8D%E3%81%AE%E5%8A%A9" n3="%E3%83%8B%E3%83%A3%E3%83%83%E3%83%94%E3%83%BC%E5%A4%8F%E7%9B%AE" dan="17,17,17,16" rate="2188.35,2187.35,2149.41,2135.58" sx="F,F,F,M"/><TAIKYOKU oya="0"/>

<Scene>
<INIT seed="0,0,0,0,5,109" ten="250,250,250,250" oya="0" hai0="95,38,18,46,4,85,126,91,104,103,82,107,55" hai1="84,79,50,60,8,30,97,129,76,39,59,108,14" hai2="51,131,127,20,73,56,83,98,90,132,27,41,36" hai3="122,48,101,105,78,10,43,81,66,74,0,119,53"/><T2/><D126/><U5/><E39/><V86/><F127/><W71/><G119/><T25/><D2/><U40/><E108/><V117/><F117/><W37/><G122/><T68/><D68/><U22/><E129/><V113/><F131/><W106/><G101/><T33/><D4/><U92/><E84/><V80/><F132/><W45/><G66/><T99/><D55/><U77/><E50/><V121/><F121/><W21/><G21/><T35/><D18/><U110/><E40/><V102/><F36/><W17/><G71/><T19/><D19/><U115/><E110/><V114/><F80/><W93/><G93/><T89/><D25/><N who="1" m="16695" /><E115/><V1/><F73/><W44/><REACH who="3" step="1"/><G17/><REACH who="3" ten="250,250,250,240" step="2"/><T65/><D65/><N who="1" m="39071" /><E79/><V58/><F20/><W67/><G67/><T123/><D123/><U3/><E3/><V64/><F1/><W24/><G24/><T118/><D118/><U88/><AGARI ba="0,1" hai="5,8,14,76,77,88,92,97" m="39071,16695" machi="88" ten="30,2000,0" yaku="8,1,54,1" doraHai="109" who="1" fromWho="1" sc="250,-10,250,30,250,-5,240,-5" />
</Scene>
<Scene>
<INIT seed="1,0,0,0,4,18" ten="240,280,245,235" oya="1" hai0="101,99,7,43,71,131,133,120,68,66,5,61,36" hai1="27,62,56,60,40,97,28,129,30,54,14,107,1" hai2="98,81,12,47,23,122,55,89,124,16,88,109,11" hai3="92,41,42,46,86,83,59,22,130,13,93,49,19"/><U117/><E1/><V102/><F122/><W105/><G105/><T39/><D120/><U3/><E3/><V48/><F109/><W8/><G130/><T57/><D131/><U10/><E129/><V6/><F124/><W72/><G72/><T67/><D133/><U38/><E117/><V114/><F114/><W69/><G69/><T64/><D5/><U79/><E79/><V87/><F89/><W58/><G42/><T108/><D7/><U76/><E76/><V25/><F98/><W126/><G126/><T125/><D125/><U24/><E62/><V74/><F74/><W113/><G113/><T32/><D32/><U21/><E38/><N who="0" m="14377" /><D99/><U115/><E40/><V2/><F2/><W90/><G8/><T34/><D101/><AGARI ba="0,0" hai="6,11,12,16,23,25,47,48,55,81,87,88,101,102" machi="101" ten="40,8000,1" yaku="8,1,52,1,54,2" doraHai="18" who="2" fromWho="0" sc="240,-80,280,0,245,80,235,0" />
</Scene>
<Scene>
<INIT seed="2,0,0,0,4,80" ten="160,280,325,235" oya="2" hai0="3,45,34,28,26,108,4,100,126,119,122,65,40" hai1="102,124,121,24,33,79,110,98,41,99,82,2,18" hai2="97,93,42,81,39,125,114,78,95,49,21,83,63" hai3="71,29,118,88,132,133,123,14,9,16,64,117,53"/><V20/><F114/><W70/><G123/><T73/><D122/><U7/><E121/><V10/><F39/><W109/><G109/><T127/><D73/><U48/><E110/><V55/><F125/><N who="0" m="47626" /><D108/><U23/><E124/><V96/><F42/><W5/><G29/><T128/><D128/><U62/><E33/><V69/><F10/><W113/><G113/><T58/><D119/><U77/><E62/><V19/><F63/><N who="3" m="40223" /><G53/><T27/><D100/><U112/><E112/><V134/><F69/><W106/><G106/><T15/><D3/><U107/><E99/><V116/><F116/><W131/><G5/><T37/><D27/><U130/><E130/><V68/><F68/><W103/><G103/><T46/><D46/><U43/><E77/><V85/><F83/><W56/><G56/><T32/><D58/><U92/><E107/><V129/><F129/><W59/><G59/><T30/><D65/><U84/><E7/><V13/><F21/><W25/><G25/><N who="0" m="18447" /><D4/><U61/><E2/><V87/><F97/><W115/><G71/><T101/><D101/><U44/><E61/><V38/><F96/><W31/><G115/><T94/><D94/><U17/><REACH who="1" step="1"/><E18/><REACH who="1" ten="160,270,325,235" step="2"/><V1/><F19/><W74/><G131/><T35/><D35/><U60/><E60/><V104/><F1/><W66/><G118/><T51/><D34/><U57/><E57/><V36/><F104/><W67/><G117/><T91/><D30/><U52/><AGARI ba="0,1" hai="17,23,24,41,43,44,48,52,79,82,84,92,98,102" machi="52" ten="20,12000,2" yaku="1,1,0,1,7,1,8,1,52,1,54,1,53,1" doraHai="80" doraHaiUra="12" who="1" fromWho="1" sc="160,-30,270,130,325,-60,235,-30" />
</Scene>
<Scene>
<INIT seed="3,0,0,0,4,12" ten="130,400,265,205" oya="3" hai0="30,45,41,128,43,33,9,97,76,113,98,14,3" hai1="24,71,86,19,110,130,117,104,126,78,121,96,48" hai2="20,53,29,83,66,123,36,120,79,4,27,124,44" hai3="89,84,22,6,93,64,69,118,134,49,94,2,102"/><W87/><G118/><T133/><D3/><U119/><E121/><V103/><F124/><W52/><G134/><T0/><D0/><U34/><E71/><V51/><F66/><W88/><G102/><T8/><D133/><U38/><E38/><V39/><F4/><W1/><G6/><T62/><D128/><U116/><E126/><V65/><F65/><W17/><G64/><T114/><D76/><U60/><E60/><V31/><F31/><W95/><G95/><T127/><D62/><U28/><E130/><V72/><F103/><W26/><G69/><T74/><D74/><U111/><E48/><V57/><F57/><AGARI ba="0,0" hai="1,2,17,22,26,49,52,57,84,87,88,89,93,94" machi="57" ten="30,12000,1" yaku="7,1,9,1,52,1,54,2" doraHai="12" who="3" fromWho="2" sc="130,0,400,0,265,-120,205,120" />
</Scene>
<Scene>
<INIT seed="3,1,0,2,2,37" ten="130,400,145,325" oya="3" hai0="109,39,16,2,97,3,20,63,74,79,127,58,42" hai1="104,88,85,18,117,86,38,78,62,103,56,108,91" hai2="134,29,28,53,105,48,76,106,115,4,69,24,121" hai3="9,111,19,44,41,82,54,17,36,43,92,129,113"/><W57/><G113/><T83/><D109/><U61/><E108/><V128/><F115/><W122/><G111/><T119/><D119/><U114/><E38/><V40/><F121/><W112/><G112/><T10/><D127/><U77/><E114/><V25/><F69/><W133/><G122/><T6/><D97/><U50/><E117/><V110/><F110/><W93/><G133/><T132/><D132/><U45/><E104/><V46/><F134/><W15/><G129/><T34/><D34/><U68/><E103/><V26/><F128/><W59/><G82/><T130/><D130/><U116/><E18/><V32/><F4/><W107/><G107/><T89/><D89/><N who="1" m="34379" /><E68/><V135/><F135/><W87/><G87/><N who="1" m="33290" /><E56/><N who="3" m="21578" /><G36/><T11/><D2/><U100/><E100/><V27/><F76/><N who="1" m="29289" /><E116/><V52/><F29/><W65/><G65/><T35/><D35/><U47/><E47/><V49/><F106/><W13/><G54/><AGARI ba="1,0" hai="45,50,54,61,62" m="29289,33290,34379" machi="54" ten="30,2000,0" yaku="8,1,54,1" doraHai="37" who="1" fromWho="3" sc="130,0,400,23,145,0,325,-23" />
</Scene>
<Scene>
<INIT seed="4,0,0,4,4,73" ten="130,423,145,302" oya="0" hai0="56,13,85,46,64,29,3,30,15,1,49,132,19" hai1="40,42,92,48,93,63,53,33,45,34,104,117,77" hai2="119,66,125,128,62,54,122,94,5,81,76,60,126" hai3="65,37,116,105,14,110,17,57,69,6,21,131,7"/><T133/><D56/><U27/><E104/><V26/><F122/><W115/><G110/><T61/><D61/><U59/><E117/><V108/><F108/><W106/><G69/><T44/><D85/><U39/><E34/><V28/><F119/><W114/><G37/><T75/><D75/><U32/><E32/><V91/><F5/><N who="3" m="1547" /><G116/><T41/><D64/><U121/><E121/><V89/><F54/><W2/><G2/><N who="0" m="523" /><D46/><U18/><E33/><N who="2" m="20631" /><F128/><W47/><G47/><T70/><D70/><U50/><E39/><V96/><F91/><W35/><G35/><T86/><D86/><U130/><E130/><V9/><F9/><W52/><G65/><T79/><D79/><U118/><E77/><V71/><F62/><N who="3" m="36135" /><G131/><T25/><D25/><U38/><E38/><V129/><F129/><W43/><G43/><T87/><D13/><U84/><E118/><V107/><F107/><W120/><G120/><T58/><D58/><U127/><E40/><V103/><F71/><W51/><G51/><T112/><D49/><U10/><E27/><V16/><F60/><W11/><G11/><T24/><D24/><U98/><E63/><V113/><F66/><W74/><G74/><T31/><D44/><U8/><E45/><V134/><F134/><W88/><G88/><T68/><D41/><U99/><E42/><V36/><F89/><W100/><G100/><T95/><D68/><U67/><E67/><V55/><F36/><W135/><G135/><T123/><D123/><U20/><E48/><V109/><F55/><W4/><G4/><T97/><D133/><U124/><E53/><RYUUKYOKU ba="0,0" sc="130,-10,423,-10,145,-10,302,30" hai3="14,17,21,105,106,114,115" />
</Scene>
<Scene>
<INIT seed="5,1,0,4,4,0" ten="120,413,135,332" oya="1" hai0="99,128,40,14,75,105,36,33,133,35,18,79,19" hai1="93,72,76,86,24,101,104,54,132,68,124,94,91" hai2="15,134,83,85,61,43,92,1,47,117,58,29,77" hai3="121,56,12,96,16,7,28,63,39,90,126,69,62"/><U119/><E68/><V46/><F1/><W27/><G39/><T10/><D128/><U102/><E24/><V22/><F117/><W74/><G74/><T42/><D133/><U67/><E67/><V97/><F134/><W98/><G121/><T122/><D122/><U66/><E66/><V38/><F38/><W30/><G126/><T107/><D36/><U130/><E132/><V120/><F120/><W41/><G41/><T106/><D99/><N who="3" m="37929" /><G69/><T82/><REACH who="0" step="1"/><D19/><REACH who="0" ten="110,413,135,332" step="2"/><U114/><E130/><V23/><F43/><AGARI ba="1,1" hai="10,14,18,33,35,40,42,43,75,79,82,105,106,107" machi="43" ten="40,5200,0" yaku="1,1,2,1,53,1" doraHai="0" doraHaiUra="4" who="0" fromWho="2" sc="110,65,413,0,135,-55,332,0" />
</Scene>
<Scene>
<INIT seed="6,0,0,5,2,6" ten="175,413,80,332" oya="2" hai0="45,11,8,39,22,130,128,70,96,17,115,1,51" hai1="124,13,43,73,133,37,111,81,101,48,29,79,132" hai2="107,103,87,2,135,54,127,78,76,53,14,112,117" hai3="120,26,21,0,92,55,57,86,82,33,98,122,80"/><V64/><F117/><W126/><G33/><T114/><D39/><U19/><E111/><V72/><F2/><W52/><G0/><T106/><D70/><U44/><E29/><V63/><F72/><W49/><G126/><T97/><D1/><U27/><E27/><V41/><F41/><W60/><G122/><T123/><D123/><U30/><E30/><V119/><F119/><W125/><G86/><T18/><D106/><U94/><E124/><V24/><F127/><W59/><G120/><T5/><D5/><U9/><E37/><V71/><F135/><N who="1" m="51785" /><E94/><V104/><F112/><N who="0" m="43050" /><D97/><U23/><E101/><V15/><F24/><W88/><G125/><T75/><D75/><U58/><E58/><V105/><F103/><W20/><G20/><AGARI ba="0,0" hai="9,13,19,20,23,43,44,48,73,79,81" m="51785" machi="20" ten="30,2000,0" yaku="20,1,52,1" doraHai="6" who="1" fromWho="3" sc="175,0,413,20,80,0,332,-20" />
</Scene>
<Scene>
<INIT seed="7,0,0,0,0,12" ten="175,433,80,312" oya="3" hai0="23,135,28,10,32,44,8,71,30,42,81,31,7" hai1="29,18,2,72,16,69,113,83,38,114,86,109,73" hai2="55,102,43,0,93,79,122,76,105,57,118,25,67" hai3="39,9,94,40,26,62,124,4,107,100,84,82,3"/><W52/><G124/><T61/><D32/><U97/><E2/><V120/><F0/><W104/><G26/><T117/><D117/><U101/><E29/><V99/><F118/><W64/><G52/><T14/><D135/><U47/><E69/><V127/><F127/><W5/><G5/><T37/><D81/><U96/><E38/><V50/><F122/><W24/><G24/><T121/><D121/><U116/><E47/><V48/><F120/><W89/><G40/><T132/><D132/><U108/><E116/><V128/><F128/><W21/><G21/><T34/><D34/><U130/><E83/><V70/><F70/><W112/><G39/><T54/><D8/><U92/><E86/><V51/><F105/><W111/><G111/><T129/><D129/><U22/><E130/><V53/><F43/><W110/><G110/><T1/><D1/><U15/><E15/><V78/><F67/><W119/><G119/><T85/><D71/><U98/><E22/><V6/><F6/><W65/><G112/><N who="1" m="43114" /><E92/><V75/><F75/><N who="1" m="28745" /><E101/><V68/><F68/><W126/><G126/><T36/><D54/><U103/><E103/><V56/><REACH who="2" step="1"/><F25/><REACH who="2" ten="175,433,70,312" step="2"/><W80/><G65/><T115/><D7/><U17/><AGARI ba="0,1" hai="16,17,18,96,97,98,108,109" m="28745,43114" machi="17" ten="40,12000,2" yaku="28,2,15,1,52,3,54,1" doraHai="12" who="1" fromWho="1" sc="175,-30,433,130,70,-30,312,-60" owari="145,-25.0,563,66.0,40,-46.0,252,5.0" />
</Scene>
</mjloggm>