<mjloggm ver="2.3"><GO type="169" lobby="0"/><UN n0="%E5%A4%AA%E3%81%8F%E3%81%AA%E3%81%84%E3%81%8A" n1="%E3%81%93%E3%81%82%E3%81%8B%E3%82%8A" n2="%E3%82%89%E3%81%84%E3%81%A1%E3%82%87%E3%81%86" n3="%E3%83%97%E3%83%A9%E3%83%81%E3%83%8A%E3%83%A0" dan="17,16,17,16" rate="2153.21,2068.57,2227.06,2082.77" sx="M,M,M,M"/><TAIKYOKU oya="0"/>

<Scene>
<INIT seed="0,0,0,4,2,133" ten="250,250,250,250" oya="0" hai0="23,61,100,77,132,80,6,36,111,88,29,65,40" hai1="83,125,55,39,14,92,42,79,49,68,96,44,121" hai2="0,122,59,33,84,128,19,94,27,98,126,119,109" hai3="26,66,54,48,28,87,53,78,32,113,110,71,114"/><T57/><D132/><U62/><E121/><V93/><F0/><W118/><G118/><T85/><D100/><U2/><E2/><V63/><F122/><W8/><G110/><T24/><D111/><U74/><E14/><V86/><F109/><W67/><G54/><T15/><D36/><U127/><E68/><V124/><F119/><W4/><G71/><T108/><D108/><U107/><E62/><V50/><F50/><W134/><G134/><T60/><D40/><U75/><E75/><V90/><F128/><W89/><G78/><T21/><D61/><U5/><E5/><V17/><F86/><W43/><G43/><T41/><D41/><U73/><E73/><V9/><F9/><W3/><G114/><T97/><D6/><U105/><E105/><V22/><F33/><W129/><G129/><T46/><D46/><U106/><E106/><V12/><F12/><W47/><REACH who="3" step="1"/><G113/><REACH who="3" ten="250,250,250,240" step="2"/><T130/><D130/><U7/><E42/><V52/><REACH who="2" step="1"/><F19/><REACH who="2" ten="250,250,240,240" step="2"/><W35/><G35/><T95/><REACH who="0" step="1"/><D15/><REACH who="0" ten="240,250,240,240" step="2"/><U101/><E39/><V112/><F112/><W123/><G123/><T10/><D10/><U103/><REACH who="1" step="1"/><E7/><REACH who="1" ten="240,240,240,240" step="2"/><RYUUKYOKU type="reach4" ba="0,4" sc="240,0,240,0,240,0,240,0" hai0="21,23,24,29,57,60,65,77,80,85,88,95,97" hai1="44,49,55,74,79,83,92,96,101,103,107,125,127" hai2="17,22,27,52,59,63,84,90,93,94,98,124,126" hai3="3,4,8,26,28,32,47,48,53,66,67,87,89" />
</Scene>
<Scene>
<INIT seed="0,1,4,4,0,22" ten="240,240,240,240" oya="0" hai0="92,43,98,131,124,45,20,87,115,8,38,94,42" hai1="76,53,35,66,18,13,120,101,102,16,28,36,58" hai2="82,113,51,110,41,90,34,37,97,9,54,128,117" hai3="134,21,59,56,40,61,72,55,33,106,133,68,99"/><T119/><D115/><U74/><E120/><V77/><F113/><W100/><G72/><T23/><D119/><U71/><E36/><V50/><F34/><W47/><G33/><T75/><D75/><U70/><E74/><V1/><F117/><W118/><G118/><T30/><D124/><U121/><E121/><V4/><F110/><W91/><G91/><T26/><D131/><U109/><E109/><V129/><F37/><W84/><G84/><T63/><D43/><U81/><E71/><V73/><F41/><W39/><G21/><T127/><D127/><U85/><E70/><V27/><F27/><W65/><REACH who="3" step="1"/><G59/><REACH who="3" ten="240,240,240,230" step="2"/><T12/><D87/><U29/><E35/><V78/><F78/><W52/><G52/><T122/><D122/><U32/><E32/><V88/><F97/><W60/><AGARI ba="1,5" hai="39,40,47,55,56,60,61,65,68,99,100,106,133,134" machi="60" ten="30,2000,0" yaku="1,1,0,1,53,0" doraHai="22" doraHaiUra="5" who="3" fromWho="3" sc="240,-11,240,-6,240,-6,230,73" />
</Scene>
<Scene>
<INIT seed="1,0,0,4,3,111" ten="229,234,234,303" oya="1" hai0="128,102,76,75,121,112,125,82,98,20,42,22,115" hai1="132,103,43,11,18,72,21,7,16,119,41,122,88" hai2="113,116,118,101,134,92,39,61,71,53,66,46,64" hai3="93,52,58,97,10,54,8,87,78,84,126,32,62"/><U83/><E122/><V123/><F101/><W24/><G126/><T131/><D42/><U79/><E119/><V50/><F92/><W65/><G32/><T1/><D1/><U36/><E132/><V29/><F29/><W63/><G24/><T109/><D109/><U40/><E103/><V127/><F123/><W77/><G77/><T135/><D121/><U129/><E129/><N who="0" m="49737" /><D125/><U25/><E88/><V110/><F110/><W13/><G78/><T114/><D135/><U120/><E120/><V34/><F34/><W47/><G10/><T48/><D48/><U90/><E90/><V55/><F127/><W14/><G14/><T85/><D75/><U133/><E133/><V96/><F96/><W59/><G47/><T28/><D28/><U33/><E33/><V67/><F134/><W70/><G65/><N who="2" m="25193" /><F39/><W49/><G93/><AGARI ba="0,0" hai="20,22,76,82,85,93,98,102,112,114,115" m="49737" machi="93" ten="40,8000,1" yaku="19,1,52,3" doraHai="111" who="0" fromWho="3" sc="229,80,234,0,234,0,303,-80" />
</Scene>
<Scene>
<INIT seed="2,0,0,4,1,15" ten="309,234,234,223" oya="2" hai0="129,115,69,64,84,128,85,2,59,57,14,71,68" hai1="35,93,58,31,62,7,111,76,120,127,74,22,41" hai2="33,32,132,81,66,21,125,52,9,95,75,45,103" hai3="113,82,47,122,123,73,34,100,91,37,135,78,30"/><V110/><F66/><W77/><G135/><T53/><D2/><U3/><E111/><V1/><F132/><W119/><G119/><T0/><D0/><U4/><E127/><V50/><F125/><W25/><G78/><T101/><D101/><U124/><E124/><V6/><F110/><W18/><G113/><T12/><D115/><U106/><E106/><V38/><F38/><W29/><G29/><T27/><D27/><U130/><E35/><V104/><F104/><W20/><G100/><T11/><D64/><U13/><E130/><N who="0" m="50281" /><D14/><U88/><E120/><V56/><F21/><W114/><G114/><T94/><D94/><U97/><E41/><V48/><F75/><W36/><G91/><T65/><D65/><U126/><E126/><V107/><F81/><W19/><G122/><T8/><D59/><U63/><E3/><V54/><REACH who="2" step="1"/><F107/><REACH who="2" ten="309,234,224,223" step="2"/><W39/><G123/><T28/><D11/><U98/><E74/><V112/><F112/><W49/><REACH who="3" step="1"/><G20/><REACH who="3" ten="309,234,224,213" step="2"/><T131/><D131/><U118/><E22/><V92/><F92/><W44/><G44/><T109/><D109/><U10/><E93/><V46/><F46/><W116/><G116/><T5/><D28/><U67/><E118/><V87/><F87/><W51/><G51/><AGARI ba="0,2" hai="5,8,12,51,53,57,68,69,71,84,85" m="50281" machi="51" ten="40,1300,0" yaku="19,1" doraHai="15" who="0" fromWho="3" sc="309,33,234,0,224,0,213,-13" />
</Scene>
<Scene>
<INIT seed="3,0,0,4,0,71" ten="342,234,224,200" oya="3" hai0="126,27,111,114,28,3,40,62,12,87,88,61,46" hai1="120,79,58,49,109,20,2,76,117,102,35,91,121" hai2="11,96,53,90,37,54,42,119,131,72,67,43,34" hai3="50,94,110,122,127,103,107,17,16,4,21,130,47"/><W18/><G122/><T36/><D3/><U99/><E35/><V63/><F72/><W105/><G130/><T95/><D111/><U73/><E2/><V0/><F34/><W123/><G123/><T77/><D126/><U125/><E125/><V115/><F119/><W15/><G127/><T57/><D114/><U10/><E117/><V52/><F115/><W31/><G110/><T33/><D77/><U69/><E69/><V64/><F131/><W24/><G107/><T128/><D128/><U113/><E113/><V55/><F67/><W59/><G59/><T9/><REACH who="0" step="1"/><D57/><REACH who="0" ten="332,234,224,200" step="2"/><U25/><E109/><V44/><F63/><W82/><G105/><T8/><D8/><U101/><E76/><V41/><F11/><N who="3" m="4583" /><G82/><T92/><D92/><U75/><E10/><V45/><F0/><W7/><G7/><AGARI ba="0,1" hai="7,9,12,27,28,33,36,40,46,61,62,87,88,95" machi="7" ten="30,8000,1" yaku="1,1,7,1,52,1,54,1,53,1" doraHai="71" doraHaiUra="23" who="0" fromWho="3" sc="332,90,234,0,224,0,200,-80" />
</Scene>
<Scene>
<INIT seed="4,0,0,2,3,85" ten="422,234,224,120" oya="0" hai0="119,73,15,32,30,56,39,88,112,66,121,31,51" hai1="23,0,44,81,20,41,24,38,118,35,6,49,59" hai2="133,71,65,126,86,64,18,70,102,74,53,127,131" hai3="94,29,68,50,87,130,10,113,58,110,76,45,47"/><T91/><D39/><U43/><E118/><V14/><F74/><W48/><G68/><T55/><D119/><U111/><E111/><V46/><F102/><W67/><G110/><T75/><D121/><U72/><E35/><V82/><F133/><W62/><G113/><T13/><D112/><U95/><E95/><V40/><F131/><W5/><G130/><T115/><D115/><U132/><E24/><V92/><F92/><W134/><G134/><T69/><D75/><U42/><E42/><V117/><F53/><W21/><G29/><N who="0" m="10763" /><D73/><U34/><E34/><V101/><F101/><W89/><G21/><T78/><D69/><U109/><E132/><V83/><F83/><W16/><G76/><T60/><D78/><N who="1" m="44231" /><E109/><V135/><F71/><W114/><G114/><T106/><D106/><U54/><E43/><V123/><F123/><W84/><G84/><T122/><D32/><U90/><E90/><N who="0" m="34345" /><D122/><U120/><E120/><V98/><F117/><W129/><G129/><T3/><D3/><U22/><E38/><V79/><F70/><W25/><G25/><T7/><D7/><U17/><E6/><V93/><F135/><W9/><G5/><T33/><D33/><U26/><E0/><V107/><F107/><W2/><G2/><T1/><D1/><U108/><E108/><V4/><F4/><W125/><G125/><T105/><D105/><U77/><E77/><V61/><F127/><W96/><G96/><T116/><D116/><U11/><E26/><V12/><F126/><W99/><G99/><T103/><D103/><U97/><E97/><V57/><F98/><RYUUKYOKU ba="0,0" sc="422,30,234,-10,224,-10,120,-10" hai0="13,15,51,55,56,60,66" />
</Scene>
<Scene>
<INIT seed="4,1,0,5,5,1" ten="452,224,214,110" oya="0" hai0="105,119,15,40,26,6,33,133,39,110,101,20,63" hai1="86,112,43,2,38,22,52,32,66,76,84,8,60" hai2="106,117,7,111,13,121,72,28,80,10,27,45,102" hai3="0,65,56,113,135,11,48,23,17,82,87,34,104"/><T98/><D119/><U116/><E116/><V74/><F111/><W54/><G104/><T97/><D110/><U35/><E112/><V91/><F121/><W93/><G34/><T118/><D118/><U57/><E22/><V29/><F117/><W96/><G113/><T44/><D133/><U134/><E134/><V103/><F29/><W85/><G135/><T107/><D33/><U126/><E126/><V89/><F106/><W78/><G65/><T67/><D15/><U83/><E86/><V92/><F74/><W68/><G68/><T129/><D129/><U109/><E109/><V124/><F124/><W5/><G82/><T42/><D42/><U88/><E76/><V47/><F72/><W90/><REACH who="3" step="1"/><G78/><REACH who="3" ten="452,224,214,100" step="2"/><T14/><D105/><U3/><E66/><V9/><F80/><W125/><G125/><T114/><D107/><U131/><E35/><V81/><F81/><W16/><G16/><T61/><D67/><U79/><E32/><V21/><F92/><W100/><G100/><T122/><D114/><U70/><E79/><V95/><F95/><W53/><G53/><T128/><D101/><U51/><E70/><V69/><F69/><W59/><G59/><T24/><D128/><U41/><E83/><V71/><F71/><W30/><G30/><T36/><D122/><U115/><E52/><V46/><F103/><W64/><G64/><T62/><D40/><U58/><E43/><V99/><F102/><W127/><G127/><T132/><D132/><U12/><E41/><V50/><F28/><W37/><G37/><T77/><D39/><U18/><E38/><RYUUKYOKU ba="1,1" sc="452,-10,224,-10,214,-10,100,30" hai3="0,5,11,17,23,48,54,56,85,87,90,93,96" />
</Scene>
<Scene>
<INIT seed="5,2,1,2,1,110" ten="442,214,204,130" oya="1" hai0="17,71,33,87,115,53,4,132,91,75,29,125,12" hai1="25,89,66,72,77,97,62,122,61,116,130,41,59" hai2="101,21,84,100,120,76,78,38,28,128,64,99,13" hai3="14,79,107,7,27,92,102,117,129,133,26,73,113"/><U16/><E122/><V81/><F38/><W86/><G107/><T121/><D75/><U40/><E116/><V15/><F120/><W42/><G73/><T2/><D71/><U54/><E130/><V19/><F128/><W94/><G129/><T37/><D37/><U65/><E77/><N who="2" m="29803" /><F64/><N who="1" m="24681" /><E62/><V48/><F28/><W88/><G133/><T70/><D70/><U106/><E106/><V32/><F32/><W90/><G117/><T1/><D132/><U112/><E112/><V31/><F31/><W98/><G79/><T51/><D115/><U109/><E72/><V119/><F119/><W52/><G113/><T18/><D125/><U43/><E109/><V108/><F108/><W3/><G3/><T68/><D68/><U36/><E36/><V56/><F99/><W93/><G42/><T35/><D121/><U74/><E74/><V95/><F95/><W118/><G118/><T20/><D33/><U39/><E39/><V44/><F56/><W30/><G30/><T22/><D35/><U0/><E0/><V55/><F15/><W23/><G52/><T11/><D1/><U34/><E34/><V103/><F84/><W131/><G131/><T24/><D2/><U134/><E134/><V124/><F124/><W127/><G127/><T83/><D22/><N who="1" m="13511" /><E40/><V104/><F104/><W69/><G69/><T9/><D9/><U114/><E114/><V96/><F96/><N who="3" m="57351" /><G23/><T47/><AGARI ba="2,1" hai="4,11,12,17,18,20,24,29,47,51,53,83,87,91" machi="47" ten="20,2700,0" yaku="0,1,7,1,8,1" doraHai="110" who="0" fromWho="0" sc="442,43,214,-15,204,-9,130,-9" />
</Scene>
<Scene>
<INIT seed="6,0,0,0,5,41" ten="485,199,195,121" oya="2" hai0="96,135,118,82,90,79,111,6,11,61,30,44,29" hai1="14,117,3,86,43,81,19,47,59,17,68,129,27" hai2="130,92,67,133,51,134,131,24,13,64,0,56,91" hai3="77,80,1,94,87,49,31,23,104,16,97,66,8"/><V45/><F0/><W101/><G31/><T105/><D111/><U53/><E117/><V21/><F13/><W102/><G66/><N who="2" m="25129" /><F56/><W46/><G1/><T18/><D18/><U115/><E3/><V36/><F36/><W112/><G8/><T60/><D29/><U38/><E68/><V52/><F21/><W2/><G2/><T122/><D30/><U103/><E103/><V93/><F24/><W57/><G112/><T114/><D114/><U25/><E115/><V107/><F93/><W28/><G57/><T132/><D118/><U106/><E19/><V74/><F74/><W124/><G124/><T70/><D70/><U73/><E106/><V50/><F50/><W100/><G28/><T123/><D60/><U113/><E73/><V108/><F107/><W22/><G22/><T85/><D61/><U54/><E129/><N who="2" m="49163" /><F108/><W32/><G32/><T63/><D63/><U109/><E109/><V76/><F76/><W89/><G104/><T125/><D79/><U127/><E59/><V121/><F121/><W95/><G95/><T71/><D122/><U7/><E113/><V62/><F62/><W120/><G120/><T55/><D123/><U126/><E27/><V99/><AGARI ba="0,0" hai="45,51,52,91,92,99,133,134" m="49163,25129" machi="99" ten="30,6000,0" yaku="19,1,52,1,54,1" doraHai="41" who="2" fromWho="2" sc="485,-20,199,-20,195,60,121,-20" />
</Scene>
<Scene>
<INIT seed="6,1,0,4,5,87" ten="465,179,255,101" oya="2" hai0="6,129,99,130,20,0,32,27,65,71,8,76,31" hai1="28,112,83,72,74,103,15,91,33,121,102,25,122" hai2="116,107,26,16,56,11,1,78,111,85,73,70,104" hai3="50,63,21,94,88,29,54,115,62,124,48,36,23"/><V14/><F70/><W101/><G36/><T131/><D76/><U117/><E117/><V49/><F116/><W68/><G101/><N who="1" m="38410" /><E112/><V98/><F73/><W5/><G124/><T132/><D132/><U75/><E15/><V66/><F98/><W43/><G68/><T22/><D99/><U60/><E60/><AGARI ba="1,0" hai="0,6,8,20,22,27,31,32,60,65,71,129,130,131" machi="60" ten="40,1300,0" yaku="19,1" doraHai="87" who="0" fromWho="1" sc="465,16,179,-16,255,0,101,0" />
</Scene>
<Scene>
<INIT seed="7,0,0,4,2,45" ten="481,163,255,101" oya="3" hai0="97,50,110,107,122,38,58,32,62,135,42,76,121" hai1="90,3,44,24,49,53,87,67,51,8,74,46,114" hai2="23,134,52,56,14,83,41,39,20,72,71,99,48" hai3="100,133,95,68,15,35,130,36,54,2,4,27,37"/><W40/><G68/><T13/><D32/><U108/><E108/><V18/><F71/><W129/><G2/><T25/><D25/><U33/><E74/><V109/><F39/><W113/><G113/><T118/><D76/><U112/><E67/><V80/><F109/><W28/><G133/><T116/><D13/><U31/><E8/><V128/><F72/><W102/><G54/><T70/><D97/><U63/><E63/><V30/><F134/><W123/><G123/><T131/><D107/><U126/><E3/><V19/><F30/><W82/><G82/><T132/><D38/><U111/><E126/><V22/><F128/><N who="3" m="49259" /><G40/><T91/><D131/><U9/><E9/><V124/><F41/><W84/><G37/><T6/><D110/><U10/><E10/><V105/><F124/><W96/><G36/><T16/><D70/><U59/><E59/><V5/><F83/><W101/><G84/><T69/><D69/><U47/><E111/><V29/><F80/><W103/><G15/><T60/><D42/><U55/><E44/><V77/><F14/><W0/><G0/><T57/><D135/><U85/><E85/><V93/><F77/><W34/><G4/><T127/><D6/><U78/><E78/><V104/><F5/><W106/><G106/><N who="2" m="41065" /><F29/><W98/><G98/><T75/><D132/><U88/><E87/><V73/><F73/><W7/><G7/><T92/><D75/><U21/><E33/><AGARI ba="0,0" hai="27,28,33,34,35,95,96,100,101,102,103" m="49259" machi="33" ten="30,1500,0" yaku="19,1" doraHai="45" who="3" fromWho="1" sc="481,0,163,-15,255,0,101,15" />
</Scene>
<Scene>
<INIT seed="7,1,0,0,0,75" ten="481,148,255,116" oya="3" hai0="70,128,84,67,112,96,57,99,39,133,127,105,1" hai1="121,7,118,69,87,58,55,104,50,20,35,6,91" hai2="68,10,80,19,30,56,113,40,63,100,108,115,106" hai3="135,16,47,83,4,103,13,60,77,107,119,93,94"/><W0/><G119/><T33/><RYUUKYOKU type="yao9" ba="1,0" sc="481,0,148,0,255,0,116,0" hai0="1,33,39,57,67,70,84,96,99,105,112,127,128,133" />
</Scene>
<Scene>
<INIT seed="7,2,0,1,0,34" ten="481,148,255,116" oya="3" hai0="49,78,71,47,124,130,81,33,53,40,3,54,68" hai1="30,50,26,120,108,90,77,110,103,22,99,60,25" hai2="135,19,63,11,45,73,48,14,111,31,29,21,1" hai3="95,41,104,79,106,96,42,7,51,94,93,105,2"/><W10/><G79/><T16/><D33/><U65/><E77/><V91/><F73/><W67/><G67/><T28/><D28/><U112/><E112/><V18/><F111/><W84/><G84/><T8/><D124/><U118/><E118/><V87/><F63/><W123/><G123/><T55/><D130/><U119/><E119/><V75/><F135/><W134/><G134/><T17/><D17/><U85/><E120/><V32/><F75/><W92/><REACH who="3" step="1"/><G51/><REACH who="3" ten="481,148,255,106" step="2"/><T74/><D49/><U82/><E50/><V35/><F48/><W37/><G37/><T46/><D78/><U62/><E60/><V133/><F87/><W89/><AGARI ba="2,1" hai="2,7,10,41,42,89,92,93,94,95,96,104,105,106" machi="89" ten="40,7800,0" yaku="1,1,0,1,52,1,53,0" doraHai="34" doraHaiUra="76" who="3" fromWho="3" sc="481,-28,148,-28,255,-28,106,94" />
</Scene>
<Scene>
<INIT seed="7,3,0,2,3,109" ten="453,120,227,200" oya="3" hai0="20,101,67,31,104,15,41,135,95,124,57,117,93" hai1="131,30,98,122,88,13,74,81,24,5,84,71,1" hai2="10,59,3,134,121,86,72,115,23,11,127,62,90" hai3="94,68,28,34,110,100,75,112,51,4,73,128,132"/><W29/><G68/><T54/><D67/><U120/><E71/><V82/><F3/><W38/><G51/><T116/><D41/><U22/><E1/><V105/><F105/><W16/><G94/><T114/><D104/><U39/><E39/><V0/><F0/><W46/><G46/><T50/><D101/><U96/><E131/><V55/><F115/><W32/><G4/><T69/><D114/><U19/><E5/><V91/><F72/><W43/><G112/><T118/><D69/><U53/><E74/><V97/><F134/><W92/><G92/><T126/><D135/><U2/><E2/><V113/><F113/><W119/><G43/><T18/><D31/><U35/><E98/><V48/><F121/><W12/><G38/><T111/><D111/><U52/><REACH who="1" step="1"/><E96/><REACH who="1" ten="453,110,227,200" step="2"/><V106/><F97/><W17/><G128/><T125/><AGARI ba="3,1" hai="15,18,20,50,54,57,93,95,116,117,118,124,125,126" machi="125" ten="40,2700,0" yaku="0,1,18,1" doraHai="109" who="0" fromWho="0" sc="453,46,110,-10,227,-10,200,-16" owari="499,60.0,100,-40.0,217,2.0,184,-22.0" />
</Scene>
</mjloggm>