<mjloggm ver="2.3"><GO type="169" lobby="0"/><UN n0="%41%71%75%CE%B1%72%69%75%73" n1="%E3%83%8F%E3%83%A0%E3%81%95%E3%81%84%E3%81%A6%E3%82%87" n2="%73%68%69%6E%6F%21%21" n3="%E5%A4%AA%E3%81%8F%E3%81%AA%E3%81%84%E3%81%8A" dan="16,16,16,17" rate="2093.79,2106.11,2114.28,2162.98" sx="M,M,M,M"/><TAIKYOKU oya="0"/>

<Scene>
<INIT seed="0,0,0,1,2,45" ten="250,250,250,250" oya="0" hai0="46,33,95,70,104,26,8,25,18,98,12,36,108" hai1="13,16,92,50,71,41,22,124,80,121,34,5,131" hai2="116,103,31,133,84,54,21,38,32,42,66,63,29" hai3="20,24,59,55,91,123,19,126,87,60,86,17,113"/><T72/><D104/><U83/><E121/><V30/><F116/><W77/><G113/><T75/><D70/><U76/><E71/><V53/><F133/><W132/><G132/><T89/><D108/><U127/><E34/><V69/><F32/><W125/><G123/><T52/><D36/><U109/><E109/><V107/><F84/><W111/><G111/><T118/><D118/><U96/><E5/><V65/><F65/><W90/><G77/><T0/><D0/><U44/><E131/><V62/><F62/><W93/><REACH who="3" step="1"/><G19/><REACH who="3" ten="250,250,250,240" step="2"/><T85/><D18/><U112/><E112/><V105/><F30/><W110/><G110/><T40/><D72/><U117/><E117/><V35/><F31/><W135/><G135/><T47/><D75/><U64/><E64/><V23/><F29/><W73/><G73/><T82/><D33/><U56/><E56/><V27/><F35/><W6/><G6/><N who="0" m="3095" /><D46/><U2/><E2/><V97/><F69/><W129/><G129/><T37/><D37/><U81/><REACH who="1" step="1"/><E76/><REACH who="1" ten="250,240,250,240" step="2"/><V68/><F68/><W4/><G4/><T101/><D40/><U100/><AGARI ba="0,2" hai="13,16,22,41,44,50,80,81,83,92,96,100,124,127" machi="100" ten="30,16000,3" yaku="1,1,2,1,0,1,52,1,54,1,53,3" doraHai="45" doraHaiUra="78" who="1" fromWho="1" sc="250,-80,240,180,250,-40,240,-40" />
</Scene>
<Scene>
<INIT seed="1,0,0,1,5,67" ten="170,420,210,200" oya="1" hai0="99,133,131,130,24,41,0,12,66,8,125,26,43" hai1="85,114,62,3,111,107,9,44,104,39,121,83,68" hai2="101,76,120,71,5,134,38,1,55,80,124,7,11" hai3="128,58,32,92,36,51,126,61,65,135,89,102,73"/><U50/><E121/><V82/><F120/><W100/><G36/><T113/><D113/><U123/><E123/><V21/><F124/><W40/><G73/><T115/><D115/><U42/><E114/><V117/><F117/><W105/><G32/><T69/><D0/><U6/><E111/><V110/><F110/><W15/><BYE who="2" /><G126/><T59/><D125/><U13/><E3/><V72/><F72/><W25/><G135/><UN n2="%73%68%69%6E%6F%21%21" /><T88/><D59/><U34/><E34/><V16/><F134/><W17/><G128/><N who="0" m="49195" /><D133/><U47/><E62/><V94/><F7/><W75/><G75/><T14/><D14/><U96/><E68/><V87/><F38/><W112/><G112/><T18/><D66/><U84/><E96/><V118/><F118/><W64/><G105/><T122/><D69/><U49/><E39/><V54/><F71/><W45/><G25/><N who="0" m="9835" /><D122/><U33/><E33/><V93/><F82/><W37/><G65/><T70/><D70/><U19/><E19/><V4/><F4/><W31/><G31/><T90/><D99/><U35/><E35/><V30/><F30/><W119/><G37/><T57/><D57/><U60/><E60/><V46/><F101/><W27/><G27/><T127/><D127/><U63/><E63/><V103/><F103/><W91/><G119/><T106/><D106/><N who="1" m="40491" /><E83/><V2/><F2/><W22/><REACH who="3" step="1"/><G91/><AGARI ba="0,0" hai="8,12,18,41,43,88,90,91" m="9835,49195" machi="91" ten="30,2000,0" yaku="19,1,54,1" doraHai="67" who="0" fromWho="3" sc="170,20,420,0,210,0,200,-20" />
</Scene>
<Scene>
<INIT seed="2,0,0,4,0,102" ten="190,420,210,180" oya="2" hai0="85,26,126,33,106,123,120,129,70,1,65,93,113" hai1="14,43,55,23,94,88,114,101,96,77,37,69,51" hai2="22,0,99,95,16,81,84,79,83,57,30,109,127" hai3="25,10,32,50,39,2,73,44,78,90,131,40,38"/><V60/><F0/><W4/><G131/><T87/><D1/><U112/><E69/><V105/><F127/><W15/><G15/><T19/><D113/><U98/><E77/><V29/><F83/><W18/><G90/><T119/><D126/><U68/><E68/><V72/><F72/><W80/><G18/><T27/><D129/><U53/><E37/><V24/><F105/><W115/><G115/><T117/><D65/><U104/><E43/><V97/><F109/><W75/><REACH who="3" step="1"/><G73/><REACH who="3" ten="190,420,210,170" step="2"/><T91/><D91/><U107/><E114/><V62/><F97/><W20/><G20/><T82/><D19/><U9/><E112/><V5/><F5/><W59/><G59/><T31/><D70/><U6/><E23/><V116/><F116/><W86/><G86/><T64/><D87/><U89/><E89/><N who="2" m="55791" /><F62/><W7/><G7/><T121/><D85/><U47/><E55/><AGARI ba="0,1" hai="16,22,24,29,30,55,57,60,79,81,84" m="55791" machi="55" ten="30,5800,0" yaku="25,1,8,1,54,1" doraHai="102" who="2" fromWho="1" sc="190,0,420,-58,210,68,170,0" />
</Scene>
<Scene>
<INIT seed="2,1,0,5,0,36" ten="190,362,278,170" oya="2" hai0="112,11,50,81,20,30,4,97,3,98,55,52,72" hai1="82,33,27,102,24,93,104,128,135,57,90,96,53" hai2="84,73,91,113,9,79,21,117,45,28,16,63,54" hai3="126,119,65,101,48,29,123,134,132,129,121,133,85"/><V7/><F117/><W10/><G65/><T76/><D112/><U8/><E135/><V100/><F113/><W26/><G101/><T59/><REACH who="0" step="1"/><D55/><REACH who="0" ten="180,362,278,170" step="2"/><U115/><E115/><V89/><F54/><W99/><G119/><T5/><D5/><U92/><E128/><V44/><F7/><W31/><G129/><T49/><D49/><U127/><E127/><V131/><F131/><W64/><G126/><T107/><D107/><U94/><E104/><V75/><F63/><W22/><G48/><T109/><D109/><U41/><E53/><V106/><F106/><W25/><G64/><T124/><D124/><U69/><E96/><V67/><F67/><W0/><G99/><T58/><D58/><U120/><E57/><V103/><F45/><W111/><G111/><T14/><D14/><U32/><E69/><V17/><F44/><W95/><G0/><T118/><D118/><U62/><E62/><V116/><F116/><W56/><G56/><T110/><D110/><U18/><E24/><AGARI ba="1,1" hai="3,4,11,20,24,30,50,52,59,72,76,81,97,98" machi="24" ten="40,5200,0" yaku="1,1,54,1,53,1" doraHai="36" doraHaiUra="2" who="0" fromWho="1" sc="180,65,362,-55,278,0,170,0" />
</Scene>
<Scene>
<INIT seed="3,0,0,4,1,66" ten="245,307,278,170" oya="3" hai0="59,42,30,84,1,97,16,103,75,106,122,22,64" hai1="77,6,112,10,25,71,107,39,37,35,0,110,47" hai2="54,99,109,41,46,88,51,62,125,81,13,48,36" hai3="104,43,26,120,92,45,44,17,123,19,94,95,9"/><W134/><G104/><T85/><D122/><U21/><E112/><V101/><F109/><W2/><G134/><T93/><D75/><U100/><E110/><V68/><F125/><W7/><G45/><T14/><D1/><U130/><E130/><V89/><F13/><W61/><G61/><N who="0" m="37951" /><D106/><U3/><E3/><V40/><F40/><W131/><G131/><T49/><D30/><N who="1" m="19919" /><E77/><V23/><F23/><W121/><REACH who="3" step="1"/><G26/><REACH who="3" ten="245,307,278,160" step="2"/><T11/><D11/><U4/><E47/><AGARI ba="0,1" hai="14,16,22,42,47,49,84,85,93,97,103" m="37951" machi="47" ten="30,2000,0" yaku="8,1,54,1" doraHai="66" who="0" fromWho="1" sc="245,30,307,-20,278,0,160,0" />
</Scene>
<Scene>
<INIT seed="4,0,0,5,0,14" ten="275,287,278,160" oya="0" hai0="90,31,71,104,114,89,78,36,41,63,121,105,27" hai1="100,117,15,95,25,126,11,81,116,55,40,35,115" hai2="99,45,17,79,43,6,122,54,61,84,13,57,59" hai3="98,44,2,106,133,110,39,129,91,37,131,128,24"/><T51/><D36/><U49/><E126/><V8/><F122/><W38/><G110/><T92/><D78/><U34/><E115/><V4/><F99/><W65/><G2/><T33/><D121/><U68/><E68/><V82/><REACH who="2" step="1"/><F59/><REACH who="2" ten="275,287,268,160" step="2"/><W10/><G98/><T108/><D108/><U134/><E117/><V47/><F47/><W87/><G44/><T127/><D114/><U20/><E116/><V52/><F52/><W53/><G53/><T7/><D71/><U64/><E55/><V97/><F97/><W74/><G65/><T32/><D41/><U9/><E64/><V12/><F12/><W109/><G109/><T96/><D96/><U67/><E15/><V85/><F85/><W50/><G87/><T30/><D104/><U72/><E67/><V66/><F66/><W3/><G106/><T28/><D105/><U73/><E40/><V1/><F1/><W112/><BYE who="2" /><G74/><T111/><D127/><U48/><E73/><V21/><F21/><W86/><G112/><UN n2="%73%68%69%6E%6F%21%21" /><T0/><D0/><U93/><E20/><V119/><F119/><W60/><G3/><T69/><D111/><U62/><E72/><V83/><F83/><W132/><G86/><T58/><D58/><U42/><E81/><V70/><F70/><W103/><G103/><T130/><D69/><U16/><E42/><V135/><F135/><W5/><G133/><T124/><D124/><U118/><E100/><V107/><F107/><W18/><G132/><T102/><D102/><U77/><E118/><V29/><F29/><W19/><G129/><T26/><D130/><U80/><E134/><RYUUKYOKU ba="0,1" sc="275,-10,287,-10,268,30,160,-10" hai2="4,6,8,13,17,43,45,54,57,61,79,82,84" />
</Scene>
<Scene>
<INIT seed="5,1,1,5,0,91" ten="265,277,298,150" oya="1" hai0="99,38,48,44,22,89,113,72,101,16,100,133,126" hai1="76,106,132,83,86,114,43,8,80,18,122,14,17" hai2="23,81,71,47,10,62,11,124,20,92,32,117,4" hai3="63,95,78,24,73,42,12,1,65,129,125,46,9"/><U93/><E122/><V33/><F117/><W55/><G1/><T94/><D38/><U59/><E106/><V127/><F47/><W51/><G125/><N who="2" m="48201" /><F81/><W39/><G129/><T54/><D126/><U70/><E70/><V61/><F92/><W34/><G73/><T116/><D116/><U45/><E114/><V120/><F120/><W85/><G34/><N who="2" m="13417" /><F11/><W119/><G119/><T37/><D113/><U84/><E132/><V58/><F71/><W56/><G24/><T118/><D118/><U31/><E31/><V107/><F107/><W102/><G78/><T121/><D121/><U6/><E93/><V115/><F115/><W90/><G102/><T128/><D128/><U98/><E98/><V19/><F58/><W64/><REACH who="3" step="1"/><G39/><REACH who="3" ten="265,277,298,140" step="2"/><T3/><D37/><U60/><E43/><V30/><F30/><W77/><G77/><T25/><D72/><U21/><E76/><V35/><F35/><W105/><BYE who="2" /><G105/><T69/><D3/><U130/><E130/><V79/><F79/><W27/><G27/><T49/><D133/><U112/><E112/><V104/><F104/><W123/><G123/><T41/><D101/><UN n2="%73%68%69%6E%6F%21%21" /><U96/><E14/><N who="2" m="9335" /><F23/><W50/><G50/><T13/><D100/><U131/><E21/><V36/><F36/><W97/><G97/><T87/><D99/><U135/><E96/><V134/><F134/><W103/><G103/><T2/><D2/><AGARI ba="1,2" hai="2,4,10,61,62" m="9335,13417,48201" machi="2" ten="30,1000,0" yaku="18,1" doraHai="91" who="2" fromWho="0" sc="265,-13,277,0,298,33,140,0" />
</Scene>
<Scene>
<INIT seed="6,0,0,3,3,116" ten="252,277,331,140" oya="2" hai0="93,0,48,46,114,101,5,58,103,127,88,134,7" hai1="96,112,105,12,27,90,37,1,98,60,22,73,122" hai2="107,97,82,42,10,135,39,76,63,54,133,20,59" hai3="51,15,35,4,52,45,23,100,110,104,53,72,130"/><V28/><F10/><W89/><G35/><T80/><D114/><U33/><E37/><V21/><F42/><W81/><G110/><T65/><D127/><U26/><E73/><V117/><F39/><W78/><G130/><T61/><D80/><U84/><E1/><V47/><F47/><W67/><G67/><T34/><D134/><N who="2" m="51210" /><F28/><W94/><G104/><T91/><D34/><U41/><E41/><V126/><F126/><W129/><G100/><N who="0" m="38475" /><D0/><U108/><E108/><V87/><F117/><W92/><G129/><T109/><D109/><U62/><E105/><V123/><F123/><W106/><G106/><T36/><D36/><U3/><E3/><V30/><F30/><W44/><G89/><N who="0" m="34379" /><D93/><N who="1" m="54471" /><E122/><V64/><F64/><W77/><G77/><T120/><D120/><U85/><E85/><V132/><F132/><W32/><BYE who="2" /><G32/><T14/><D14/><U2/><E2/><V102/><F102/><W118/><G118/><T43/><AGARI ba="0,0" hai="5,7,43,46,48,58,61,65" m="34379,38475" machi="43" ten="30,2000,0" yaku="8,1,54,1" doraHai="116" who="0" fromWho="0" sc="252,20,277,-5,331,-10,140,-5" />
</Scene>
<Scene>
<INIT seed="7,0,0,2,5,82" ten="272,272,321,135" oya="3" hai0="85,81,14,31,26,104,2,99,123,78,28,38,115" hai1="16,106,80,62,87,95,131,34,118,60,33,91,61" hai2="96,15,19,75,127,52,72,41,93,70,65,57,119" hai3="68,101,67,49,71,100,7,88,48,22,50,126,8"/><W51/><G126/><T17/><D2/><U105/><E131/><V83/><F83/><W11/><G22/><N who="0" m="13647" /><D104/><U1/><E1/><V10/><F10/><W120/><G120/><T77/><D38/><U43/><E118/><V129/><F129/><W25/><G25/><T46/><D115/><U56/><E43/><V107/><F107/><W45/><G11/><UN n2="%73%68%69%6E%6F%21%21" /><T98/><D123/><U9/><E106/><V69/><F127/><W110/><G110/><T109/><D109/><U86/><E56/><V135/><F41/><W125/><G125/><T122/><D122/><U6/><E105/><V84/><F135/><W74/><G74/><T53/><D78/><U102/><E16/><V103/><F119/><W18/><G18/><T29/><D14/><U108/><E108/><V130/><F130/><W37/><G37/><T128/><D128/><U66/><E66/><V79/><F70/><W112/><G112/><T20/><D20/><U111/><E111/><V124/><F124/><W36/><G36/><T4/><D4/><U90/><REACH who="1" step="1"/><E102/><REACH who="1" ten="272,262,321,135" step="2"/><V73/><F65/><W116/><G116/><T13/><D13/><U27/><E27/><V55/><F55/><BYE who="2" /><N who="3" m="30095" /><G67/><T94/><D94/><U42/><E42/><V132/><F132/><W23/><G23/><T54/><D53/><U47/><E47/><V0/><F0/><N who="3" m="103" /><G100/><T64/><D64/><U39/><E39/><V30/><F30/><N who="0" m="7682" /><T121/><DORA hai="113" /><D121/><U117/><E117/><V92/><F92/><W58/><G101/><T3/><D3/><U32/><E32/><V97/><F97/><W133/><G133/><T76/><D76/><RYUUKYOKU ba="0,1" sc="272,15,262,15,321,-15,135,-15" hai0="46,54,77,81,85,98,99" hai1="6,9,33,34,60,61,62,80,86,87,90,91,95" owari="287,9.0,277,-12.0,316,41.0,120,-38.0" />
</Scene>
</mjloggm>