<mjloggm ver="2.3"><GO type="169" lobby="0"/><UN n0="%E3%83%94%E3%82%A3%38%31%30" n1="%65%69%6B%31" n2="%E5%A4%AA%E3%81%8F%E3%81%AA%E3%81%84%E3%81%8A" n3="%CE%BC%E3%81%97%E3%82%82%E3%81%A7" dan="16,17,18,17" rate="2069.58,2139.23,2268.37,2125.39" sx="M,M,F,M"/><TAIKYOKU oya="0"/>

<Scene>
<INIT seed="0,0,0,2,3,45" ten="250,250,250,250" oya="0" hai0="25,65,17,85,134,60,62,116,26,86,67,16,98" hai1="99,20,61,18,40,44,120,76,104,29,70,95,89" hai2="129,32,24,121,11,88,71,54,101,14,130,13,3" hai3="35,7,31,100,117,41,113,33,128,131,8,94,118"/><T0/><D0/><U112/><E120/><V56/><F71/><W90/><G100/><T55/><D55/><U48/><E112/><V72/><F121/><W107/><G41/><T57/><D98/><U58/><E70/><V9/><F72/><W81/><G81/><T66/><D134/><U30/><E76/><V77/><F77/><W96/><G107/><T105/><D105/><U49/><E104/><V12/><F101/><W28/><G96/><T6/><D6/><U132/><E49/><N who="2" m="30799" /><F3/><W15/><G94/><T110/><D110/><U114/><E132/><V93/><F32/><N who="3" m="12363" /><G90/><T23/><D67/><U46/><E46/><V59/><F24/><W34/><G113/><T83/><D83/><U127/><E127/><V75/><F75/><W4/><G4/><T42/><D42/><U64/><REACH who="1" step="1"/><E114/><REACH who="1" ten="250,240,250,250" step="2"/><V87/><F59/><W52/><G118/><T47/><D116/><U102/><E102/><V10/><F129/><W111/><G117/><T2/><D47/><U73/><E73/><V115/><F130/><W36/><G131/><T50/><D57/><U21/><E21/><V69/><F69/><W123/><G128/><T133/><D133/><U53/><E53/><V82/><F115/><W39/><G52/><T1/><D23/><U108/><E108/><V126/><F126/><W84/><G111/><T119/><D119/><U106/><E106/><V37/><F37/><N who="3" m="14411" /><G123/><T68/><D68/><U92/><E92/><AGARI ba="0,1" hai="9,10,11,12,13,14,82,87,88,92,93" m="30799" machi="92" ten="30,3900,0" yaku="8,1,52,1,54,1" doraHai="45" who="2" fromWho="1" sc="250,0,240,-39,250,49,250,0" />
</Scene>
<Scene>
<INIT seed="1,0,0,3,3,114" ten="250,201,299,250" oya="1" hai0="35,111,125,48,94,72,133,55,91,33,78,116,98" hai1="101,63,70,52,32,28,36,4,109,42,100,124,75" hai2="135,110,29,107,134,15,88,38,1,56,17,112,105" hai3="57,77,18,68,118,39,14,122,20,19,24,82,34"/><U80/><E124/><V66/><F1/><W59/><G68/><T25/><D111/><U71/><E109/><V103/><F110/><W40/><G122/><T83/><D133/><N who="2" m="50698" /><F38/><W45/><G118/><T123/><D123/><U22/><E32/><V90/><F29/><W73/><REACH who="3" step="1"/><G34/><REACH who="3" ten="250,201,299,240" step="2"/><T69/><D69/><U117/><E117/><V12/><F112/><W10/><AGARI ba="0,1" hai="10,14,18,19,20,24,39,40,45,57,59,73,77,82" machi="10" ten="20,12000,2" yaku="1,1,2,1,0,1,7,1,53,2" doraHai="114" doraHaiUra="54" who="3" fromWho="3" sc="250,-30,201,-60,299,-30,240,130" />
</Scene>
<Scene>
<INIT seed="2,0,0,1,2,64" ten="220,141,269,370" oya="2" hai0="124,96,7,59,107,134,128,69,123,53,62,32,13" hai1="2,63,26,38,49,84,102,115,94,19,27,110,18" hai2="55,101,15,29,117,1,81,37,108,25,135,127,111" hai3="83,89,33,68,3,93,86,17,20,76,132,24,97"/><V104/><F117/><W119/><G119/><T8/><D123/><U6/><E38/><V112/><F112/><W47/><G132/><T109/><D109/><N who="2" m="42058" /><F1/><W60/><G3/><T28/><D124/><U79/><E115/><V50/><F37/><W90/><G33/><T73/><D73/><U92/><E110/><V99/><F127/><W103/><REACH who="3" step="1"/><G47/><REACH who="3" ten="220,141,269,360" step="2"/><T77/><D134/><U70/><E2/><V9/><F135/><W126/><G126/><T71/><D128/><U106/><E6/><N who="2" m="3511" /><F81/><W35/><G35/><T39/><D39/><U118/><E118/><V80/><F80/><W78/><G78/><T100/><REACH who="0" step="1"/><D77/><REACH who="0" ten="210,141,269,360" step="2"/><U116/><E79/><V52/><F50/><W43/><G43/><T22/><D22/><AGARI ba="0,2" hai="22,25,29,52,55,99,101,104" m="3511,42058" machi="22" ten="30,5800,0" yaku="14,1,10,1,54,1" doraHai="64" who="2" fromWho="0" sc="210,-58,141,0,269,78,360,0" />
</Scene>
<Scene>
<INIT seed="2,1,0,4,3,13" ten="152,141,347,360" oya="2" hai0="80,41,10,64,74,126,129,78,45,89,12,40,128" hai1="44,120,49,31,52,22,88,48,86,36,82,118,110" hai2="27,39,30,60,21,47,124,8,59,72,2,32,102" hai3="3,7,121,42,111,58,108,117,26,123,15,77,67"/><V87/><F72/><W1/><G58/><T65/><D126/><U14/><E118/><V9/><F124/><W66/><G42/><T92/><D41/><U73/><E110/><N who="3" m="42026" /><G77/><T29/><D29/><U17/><E120/><N who="3" m="46154" /><G67/><T46/><D46/><N who="1" m="27671" /><E36/><V43/><F2/><W130/><G66/><T113/><D113/><U96/><E73/><V23/><F102/><W106/><G106/><T18/><D128/><U4/><E31/><V76/><F76/><W95/><G95/><T63/><D63/><U99/><E4/><V50/><F39/><W61/><G61/><T56/><D56/><U122/><E122/><V57/><F57/><W94/><G94/><T104/><D129/><U135/><E135/><V38/><F38/><W114/><G130/><T71/><D104/><U0/><E0/><V5/><F87/><W51/><G51/><T83/><D83/><U53/><AGARI ba="1,0" hai="14,17,22,44,49,53,82,86,88,96,99" m="27671" machi="53" ten="30,7900,0" yaku="8,1,52,1,54,2" doraHai="13" who="1" fromWho="1" sc="152,-21,141,82,347,-40,360,-21" />
</Scene>
<Scene>
<INIT seed="3,0,0,2,4,26" ten="131,223,307,339" oya="3" hai0="69,81,117,121,132,111,124,107,2,102,134,32,95" hai1="105,130,116,18,12,41,73,14,48,39,34,3,44" hai2="49,62,9,88,103,23,87,36,52,114,21,56,98" hai3="53,27,43,55,46,94,51,125,80,20,33,99,129"/><W35/><G129/><T90/><RYUUKYOKU type="yao9" ba="0,0" sc="131,0,223,0,307,0,339,0" hai0="2,32,69,81,90,95,102,107,111,117,121,124,132,134" />
</Scene>
<Scene>
<INIT seed="3,1,0,4,2,115" ten="131,223,307,339" oya="3" hai0="104,6,11,111,36,117,39,37,73,120,44,43,10" hai1="22,16,18,135,59,54,132,70,13,17,1,65,64" hai2="131,107,100,52,49,130,98,83,12,60,84,114,79" hai3="116,78,82,95,55,91,129,66,81,31,23,41,85"/><W0/><G116/><T71/><D120/><U67/><E1/><V122/><F114/><W101/><G129/><T25/><D104/><U19/><REACH who="1" step="1"/><E70/><REACH who="1" ten="131,213,307,339" step="2"/><V76/><F122/><W3/><G0/><T96/><D71/><U15/><E15/><V40/><F12/><W128/><G3/><T51/><D117/><U56/><E56/><V50/><F131/><W86/><G128/><T34/><D111/><U2/><E2/><V75/><F130/><W26/><G41/><T105/><D73/><U80/><E80/><V123/><F40/><W32/><G32/><T69/><D69/><U93/><E93/><V119/><F123/><W106/><G106/><T72/><D72/><U88/><E88/><V27/><F119/><W24/><G24/><T21/><D34/><U48/><AGARI ba="1,1" hai="13,16,17,18,19,22,48,54,59,64,65,67,132,135" machi="48" ten="40,5200,0" yaku="1,1,0,1,54,1,53,0" doraHai="115" doraHaiUra="35" who="1" fromWho="1" sc="131,-14,213,65,307,-14,339,-27" />
</Scene>
<Scene>
<INIT seed="4,0,0,0,3,67" ten="117,278,293,312" oya="0" hai0="57,89,78,115,17,55,84,87,113,95,129,111,66" hai1="123,46,112,4,108,26,50,43,109,25,54,65,74" hai2="20,103,77,63,133,59,56,6,64,116,27,106,131" hai3="76,35,126,121,42,75,41,72,91,21,19,110,90"/><T128/><D111/><U45/><E123/><V0/><F131/><N who="0" m="50250" /><D66/><U120/><E120/><V107/><F133/><W62/><G35/><T47/><D47/><U92/><E74/><V86/><F116/><W12/><G121/><T93/><D17/><U100/><E112/><N who="0" m="43081" /><D55/><U88/><E4/><V70/><F6/><W28/><G110/><T82/><D57/><U60/><E100/><V99/><F107/><W134/><G28/><T85/><D95/><U37/><E109/><V29/><F0/><W38/><G38/><T52/><D52/><U8/><E8/><V22/><F22/><W79/><G62/><T14/><D14/><U5/><E5/><V122/><F122/><W51/><G51/><T34/><D34/><U124/><E108/><V98/><F59/><W30/><G30/><T44/><D44/><U1/><E1/><V127/><F56/><W73/><G12/><T16/><D16/><U10/><E10/><V135/><F29/><W94/><G21/><T114/><N who="0" m="43089" /><T58/><DORA hai="80" /><D58/><U53/><E53/><V2/><F2/><W83/><G19/><T7/><D7/><U18/><E18/><V130/><F20/><W118/><G41/><T24/><D24/><U104/><E65/><V31/><F64/><W102/><G42/><T71/><D71/><U119/><E25/><V33/><F27/><W49/><G49/><T40/><D40/><U81/><E26/><V9/><F31/><W97/><G94/><T11/><D11/><U117/><E43/><V39/><F9/><W15/><G15/><T105/><D105/><U132/><E104/><RYUUKYOKU ba="0,0" sc="117,30,278,-10,293,-10,312,-10" hai0="78,82,84,85,87,89,93" />
</Scene>
<Scene>
<INIT seed="4,1,0,2,5,76" ten="147,268,283,302" oya="0" hai0="47,57,22,45,27,50,56,103,127,117,9,118,99" hai1="102,36,24,71,26,79,78,62,123,69,52,133,111" hai2="41,89,31,13,28,129,132,58,72,33,81,131,87" hai3="101,21,53,6,5,115,49,88,97,67,83,17,112"/><T124/><D9/><U114/><E111/><V43/><F132/><W34/><G34/><T85/><D85/><U23/><E123/><V120/><F120/><W18/><G67/><T14/><D14/><U95/><E36/><V84/><F72/><W125/><G125/><N who="0" m="48203" /><D103/><U2/><E2/><V38/><F38/><W11/><G17/><N who="0" m="12751" /><D99/><N who="1" m="59775" /><E71/><V126/><F126/><W90/><G5/><T75/><D75/><U91/><E69/><V4/><F33/><W107/><G83/><T94/><D94/><U46/><E133/><V12/><F4/><W15/><G115/><T55/><D56/><N who="1" m="35079" /><E114/><V105/><F58/><W119/><G112/><T19/><D19/><N who="1" m="12415" /><E26/><V130/><F105/><W54/><G119/><AGARI ba="1,0" hai="45,47,50,55,57,117,118,119" m="12751,48203" machi="119" ten="30,1500,0" yaku="18,1" doraHai="76" who="0" fromWho="3" sc="147,18,268,0,283,0,302,-18" />
</Scene>
<Scene>
<INIT seed="4,2,0,5,0,96" ten="165,268,283,284" oya="0" hai0="24,90,114,110,123,73,30,128,27,9,111,2,15" hai1="89,74,16,40,70,82,14,52,71,75,19,84,23" hai2="35,61,31,54,107,109,6,66,76,117,124,98,135" hai3="106,44,129,63,127,13,112,85,130,81,4,26,32"/><T134/><D73/><U62/><E40/><V43/><F109/><N who="0" m="41482" /><D123/><U59/><REACH who="1" step="1"/><E19/><REACH who="1" ten="165,258,283,284" step="2"/><V122/><F43/><W72/><G130/><T1/><D128/><U18/><E18/><V115/><F122/><W91/><G129/><T0/><D134/><U42/><E42/><V64/><F135/><W28/><G127/><T25/><D114/><U116/><E116/><V55/><F124/><W5/><G112/><T113/><D113/><U120/><E120/><V104/><F115/><W88/><G4/><N who="0" m="3495" /><D90/><U11/><E11/><V92/><F117/><W36/><G91/><T20/><AGARI ba="2,1" hai="0,1,2,20,24,25,27,30" m="3495,41482" machi="20" ten="40,7800,0" yaku="10,1,34,2" doraHai="96" who="0" fromWho="0" sc="165,94,258,-28,283,-28,284,-28" />
</Scene>
<Scene>
<INIT seed="4,3,0,2,3,93" ten="259,230,255,256" oya="0" hai0="131,39,74,1,71,80,35,78,85,64,52,87,11" hai1="98,91,88,101,45,97,13,110,54,14,111,10,84" hai2="67,30,109,77,86,114,48,5,124,104,96,65,103" hai3="82,116,44,132,120,20,92,75,43,41,122,73,133"/><T33/><D39/><U15/><E10/><V53/><F109/><W17/><G116/><T119/><D119/><U0/><E0/><V58/><F5/><W49/><G43/><T28/><D131/><U81/><E91/><V32/><F114/><W22/><G22/><T70/><D70/><U123/><E123/><N who="3" m="47146" /><G92/><T68/><D68/><U24/><E24/><V100/><F124/><W51/><G51/><T127/><D127/><U107/><REACH who="1" step="1"/><E98/><REACH who="1" ten="259,220,255,256" step="2"/><V55/><F103/><W26/><G82/><T115/><D11/><U42/><E42/><V83/><F32/><W129/><G129/><T108/><D1/><U113/><E113/><V16/><F30/><W135/><AGARI ba="3,1" hai="17,20,26,41,44,49,73,75,132,133,135" m="47146" machi="135" ten="40,2700,0" yaku="20,1,13,1" doraHai="93" who="3" fromWho="3" sc="259,-16,220,-10,255,-10,256,46" />
</Scene>
<Scene>
<INIT seed="5,0,0,0,3,32" ten="243,210,245,302" oya="1" hai0="122,125,21,36,26,54,118,33,88,15,42,100,107" hai1="79,86,45,14,117,94,25,96,39,115,2,66,64" hai2="99,114,108,80,106,76,121,11,22,57,47,50,89" hai3="28,135,92,69,5,128,70,134,104,91,95,8,129"/><U102/><E117/><V56/><F108/><W55/><G104/><T109/><D109/><U84/><E2/><V49/><F121/><W119/><G119/><T82/><D125/><U20/><E115/><V60/><F114/><W4/><G28/><T48/><D42/><U130/><E130/><N who="3" m="50282" /><G55/><T90/><D36/><U37/><E14/><V123/><F123/><W18/><G18/><T61/><D61/><U127/><E127/><V23/><F11/><W51/><G51/><T71/><D71/><N who="3" m="27145" /><G4/><T6/><D33/><U126/><E126/><V38/><F106/><W68/><G68/><T46/><D107/><U131/><E131/><V10/><F49/><W116/><G116/><T3/><D54/><U7/><E7/><V120/><F50/><W93/><G91/><T63/><D48/><U78/><E39/><V74/><F89/><W19/><G19/><T59/><D90/><U87/><E45/><V0/><F47/><W97/><G97/><T1/><D88/><U17/><REACH who="1" step="1"/><E37/><REACH who="1" ten="243,200,245,302" step="2"/><V53/><F38/><W9/><G5/><T43/><D6/><U27/><E27/><V67/><F120/><W34/><G135/><T110/><D122/><U103/><E103/><V12/><F0/><W58/><G134/><T52/><D3/><U16/><E16/><V30/><F12/><W83/><G58/><T111/><D1/><U73/><E73/><V62/><F74/><W124/><G124/><T35/><D118/><U105/><E105/><V29/><F57/><W133/><G133/><T112/><D59/><U77/><AGARI ba="0,1" hai="17,20,25,64,66,77,78,79,84,86,87,94,96,102" machi="77" ten="30,6000,0" yaku="1,1,0,1,8,1,53,0" doraHai="32" doraHaiUra="40" who="1" fromWho="1" sc="243,-20,200,70,245,-20,302,-20" />
</Scene>
<Scene>
<INIT seed="5,1,0,5,1,0" ten="223,270,225,282" oya="1" hai0="94,78,87,75,12,101,99,60,102,7,133,69,130" hai1="128,89,83,53,18,40,120,73,14,15,98,117,45" hai2="104,59,13,112,121,105,119,64,21,79,124,37,74" hai3="23,127,51,66,35,52,84,106,27,2,81,76,49"/><U34/><E117/><V123/><F37/><W122/><G122/><T62/><D133/><U9/><E120/><V132/><F119/><W24/><G127/><T48/><D48/><U110/><E34/><V97/><F132/><W93/><G106/><T61/><D130/><U57/><E128/><V29/><F79/><W10/><G35/><T5/><D75/><U103/><E110/><V131/><F74/><W32/><G32/><T109/><D109/><U46/><E40/><V55/><F105/><W58/><G66/><T65/><D102/><U129/><E129/><V126/><F64/><W68/><G68/><T63/><REACH who="0" step="1"/><D12/><REACH who="0" ten="213,270,225,282" step="2"/><U17/><E73/><V77/><F131/><W38/><G38/><T113/><D113/><U54/><E15/><V19/><F112/><W116/><G116/><T85/><D85/><N who="1" m="50367" /><E103/><V31/><F123/><W115/><G115/><T36/><D36/><U39/><E39/><V20/><F121/><W42/><G49/><T28/><D28/><U4/><E98/><V88/><F31/><W107/><G51/><T114/><D114/><U67/><E45/><V96/><F96/><W95/><G84/><T108/><D108/><U91/><E46/><V56/><F29/><W3/><G3/><T16/><D16/><U6/><E18/><V125/><F125/><W111/><G2/><T1/><D1/><U8/><E17/><V90/><F126/><W44/><G111/><T47/><D47/><U41/><E14/><V86/><F124/><W134/><G134/><T22/><D22/><U80/><E41/><V70/><F13/><W82/><G44/><RYUUKYOKU ba="1,1" sc="213,30,270,-10,225,-10,282,-10" hai0="5,7,60,61,62,63,65,69,78,87,94,99,101" />
</Scene>
<Scene>
<INIT seed="6,2,1,3,3,132" ten="243,260,215,272" oya="2" hai0="122,62,39,49,74,14,110,80,27,25,19,35,29" hai1="4,111,91,65,50,10,69,5,82,86,126,73,18" hai2="67,124,33,48,114,100,125,87,116,130,72,21,119" hai3="24,13,92,75,127,42,58,26,12,93,2,96,134"/><V0/><F33/><W20/><G134/><T133/><D39/><U83/><E111/><V41/><F72/><W63/><G2/><T68/><D133/><U53/><E126/><N who="2" m="48747" /><F114/><W40/><G75/><T131/><D122/><U54/><E54/><V109/><F109/><W78/><G78/><T17/><D49/><U64/><E69/><V47/><F130/><W129/><G26/><T57/><D68/><U85/><E73/><V46/><F0/><W31/><G92/><T9/><D131/><U95/><E18/><V55/><F100/><N who="3" m="60431" /><G129/><T104/><D104/><U112/><E112/><V107/><F107/><W11/><G12/><T90/><D110/><U79/><E82/><V123/><F123/><W52/><G127/><T70/><D70/><U135/><E135/><V113/><F113/><W71/><G71/><T36/><D36/><U105/><E105/><V66/><F87/><W51/><G51/><T15/><D74/><U77/><E77/><V115/><F115/><W30/><G30/><T8/><D29/><U38/><E38/><N who="2" m="21815" /><F21/><W84/><G84/><N who="0" m="50439" /><D35/><U99/><E86/><V121/><F121/><W108/><G108/><T89/><D89/><U23/><E23/><V128/><F128/><W7/><AGARI ba="2,1" hai="7,11,13,20,24,31,40,42,52,58,63" m="60431" machi="7" ten="30,2000,0" yaku="8,1,54,1" doraHai="132" who="3" fromWho="3" sc="243,-7,260,-7,215,-12,272,36" />
</Scene>
<Scene>
<INIT seed="7,0,0,1,3,3" ten="236,253,203,308" oya="3" hai0="51,129,114,91,117,67,112,7,27,40,101,47,79" hai1="17,28,110,120,36,96,69,53,80,68,6,105,84" hai2="19,125,118,23,121,83,46,90,42,64,134,21,14" hai3="124,98,26,59,104,52,44,34,8,88,45,62,32"/><W122/><G122/><T18/><D117/><U58/><E36/><V57/><F118/><W109/><G109/><T20/><D101/><U4/><E28/><V30/><F121/><W72/><G72/><T35/><D79/><U95/><E105/><V61/><F134/><W63/><G124/><T24/><D67/><U39/><E39/><V66/><F125/><W37/><G104/><T49/><D129/><U10/><E69/><V94/><F83/><W78/><G78/><T12/><D91/><N who="1" m="51591" /><E68/><V13/><F64/><W87/><G98/><T16/><D7/><N who="1" m="2603" /><E110/><V41/><F46/><W76/><G76/><T55/><D35/><U81/><E81/><V73/><F73/><W43/><G45/><N who="0" m="25767" /><D18/><U116/><E116/><V9/><F30/><W85/><G34/><T131/><D131/><U22/><E10/><V113/><F113/><AGARI ba="0,0" hai="12,16,20,24,27,47,51,55,112,113,114" m="25767" machi="113" ten="30,3900,0" yaku="15,1,11,1,54,1" doraHai="3" who="0" fromWho="2" sc="236,39,253,0,203,-39,308,0" owari="275,8.0,253,-15.0,164,-34.0,308,41.0" />
</Scene>
</mjloggm>