<mjloggm ver="2.3"><GO type="169" lobby="0"/><UN n0="%E5%A4%AA%E3%81%8F%E3%81%AA%E3%81%84%E3%81%8A" n1="%E5%B7%9D%E6%9D%91%E6%99%83%E8%A3%95" n2="%E3%83%AA%E3%83%B3%E3%82%AC%E3%83%B3%E3%82%BF%E3%83%AB%E3%83%91%E3%82%BA" n3="%E3%83%AD%E3%83%83%E3%83%86%E9%9B%80%E7%90%83" dan="18,16,16,16" rate="2267.94,2137.89,2058.48,2116.15" sx="F,M,M,M"/><TAIKYOKU oya="0"/>

<Scene>
<INIT seed="0,0,0,4,3,65" ten="250,250,250,250" oya="0" hai0="122,52,49,117,98,71,44,30,45,58,95,77,50" hai1="86,105,100,118,66,64,93,78,91,107,119,87,17" hai2="68,76,26,108,20,37,99,41,14,7,79,101,63" hai3="18,21,126,57,85,13,129,51,1,28,8,27,55"/><T72/><D117/><N who="1" m="44555" /><E17/><V132/><F132/><W73/><G126/><T62/><D122/><U133/><E64/><V103/><F108/><W127/><G129/><T59/><D30/><U114/><E66/><V5/><F63/><W11/><G127/><T38/><D38/><U16/><E16/><V40/><F37/><W80/><G73/><T23/><D23/><U102/><E133/><V121/><F20/><W54/><G1/><T15/><D15/><U109/><E109/><V22/><F22/><N who="3" m="11599" /><G55/><T96/><D71/><U135/><E135/><V130/><F14/><W134/><G134/><T19/><D19/><U125/><E125/><V29/><F29/><W115/><G115/><T10/><D10/><U60/><E60/><V116/><F99/><W48/><G48/><T131/><D131/><U84/><E114/><V83/><F130/><W123/><G123/><T12/><D12/><U34/><E34/><V33/><F121/><W39/><G39/><T69/><D69/><U70/><E70/><V32/><F68/><W92/><G92/><T74/><D62/><U104/><E78/><AGARI ba="0,0" hai="8,11,21,27,28,51,54,57,78,80,85" m="11599" machi="78" ten="30,1000,0" yaku="8,1" doraHai="65" who="3" fromWho="1" sc="250,0,250,-10,250,0,250,10" />
</Scene>
<Scene>
<INIT seed="1,0,0,3,2,91" ten="250,240,250,260" oya="1" hai0="128,18,88,121,81,33,22,90,34,123,92,101,42" hai1="70,39,23,67,87,118,28,119,73,117,25,9,49" hai2="52,133,47,127,16,50,110,78,53,131,61,55,116" hai3="130,83,14,120,79,21,19,20,97,8,85,93,74"/><U62/><E39/><V84/><F116/><W102/><G120/><N who="0" m="46155" /><D42/><U114/><E73/><V66/><F131/><W77/><G130/><T56/><D128/><U95/><E114/><V48/><F127/><W3/><G3/><T57/><D101/><U125/><E125/><V1/><F1/><W72/><REACH who="3" step="1"/><G85/><REACH who="3" ten="250,240,250,250" step="2"/><N who="0" m="50223" /><D34/><U10/><E49/><V115/><F84/><W105/><G105/><T80/><D33/><U122/><E122/><V98/><F50/><W96/><G96/><N who="0" m="57367" /><D80/><AGARI ba="0,1" hai="8,14,19,20,21,72,74,77,79,80,83,93,97,102" machi="80" ten="40,5200,0" yaku="1,1,9,1,52,1,53,0" doraHai="91" doraHaiUra="31" who="3" fromWho="0" sc="250,-52,240,0,250,0,250,62" />
</Scene>
<Scene>
<INIT seed="2,0,0,0,4,92" ten="198,240,250,312" oya="2" hai0="21,112,40,48,73,26,37,85,68,131,66,49,76" hai1="104,128,1,61,17,135,2,107,7,122,114,79,111" hai2="28,105,3,94,88,129,99,38,108,46,109,98,86" hai3="51,19,63,117,90,16,43,133,44,127,101,134,31"/><V91/><F129/><W33/><G117/><T32/><D112/><U20/><E79/><V67/><F3/><W58/><G127/><T45/><D73/><U62/><E114/><V82/><F67/><W36/><G36/><T50/><D32/><U75/><E75/><V115/><F115/><W93/><G101/><T42/><D131/><U121/><E128/><V27/><F105/><N who="1" m="40521" /><E111/><N who="2" m="42571" /><F38/><W69/><G69/><T84/><D42/><U8/><E2/><V95/><F46/><W9/><G31/><T110/><D110/><U0/><E0/><V103/><F27/><W24/><G33/><T124/><D76/><U77/><E77/><V87/><F28/><W13/><G19/><T29/><REACH who="0" step="1"/><D124/><REACH who="0" ten="188,240,250,312" step="2"/><U11/><E122/><V123/><F123/><W64/><REACH who="3" step="1"/><G24/><REACH who="3" ten="188,240,250,302" step="2"/><T59/><D59/><U116/><E121/><V47/><F47/><W118/><G118/><T39/><D39/><U23/><E116/><V5/><F5/><W15/><G15/><T100/><D100/><U34/><E7/><V41/><F41/><W78/><G78/><T10/><D10/><U65/><E8/><V130/><F130/><W52/><G52/><T60/><AGARI ba="0,2" hai="21,26,29,37,40,45,48,49,50,60,66,68,84,85" machi="60" ten="30,2000,0" yaku="1,1,0,1,53,0" doraHai="92" doraHaiUra="106" who="0" fromWho="0" sc="188,40,240,-5,250,-10,302,-5" />
</Scene>
<Scene>
<INIT seed="3,0,0,0,1,77" ten="228,235,240,297" oya="3" hai0="65,82,133,66,85,108,4,44,42,51,71,27,70" hai1="37,94,123,28,9,115,2,129,54,45,87,5,3" hai2="11,81,79,26,74,111,125,0,48,120,80,22,39" hai3="83,99,116,89,33,117,10,76,97,118,121,61,86"/><W95/><G33/><T31/><D108/><U75/><E75/><V53/><F39/><W130/><G121/><T119/><D119/><U84/><E115/><V110/><F120/><W91/><G10/><T55/><D133/><U1/><E123/><V40/><F40/><W35/><G35/><T15/><D70/><U50/><E129/><V36/><F36/><W7/><G7/><T124/><D124/><U25/><E37/><V8/><F125/><W12/><G12/><T104/><D104/><U128/><E128/><V101/><F101/><N who="3" m="60607" /><G61/><T14/><D55/><U32/><REACH who="1" step="1"/><E94/><REACH who="1" ten="228,225,240,297" step="2"/><V107/><F107/><W112/><G130/><T109/><D109/><U49/><E49/><V17/><F111/><W21/><G112/><T134/><D134/><U47/><E47/><V38/><F38/><W135/><G135/><T29/><D51/><U20/><E20/><V6/><F110/><W62/><G21/><T113/><D44/><U78/><E78/><V56/><F11/><W93/><G62/><T19/><D113/><U60/><E60/><V63/><F63/><W122/><G122/><T126/><D126/><U52/><E52/><V13/><REACH who="2" step="1"/><F81/><REACH who="2" ten="228,225,230,297" step="2"/><W46/><G46/><T132/><D82/><U100/><E100/><AGARI ba="0,2" hai="76,83,86,89,91,93,99,100,116,117,118" m="60607" machi="100" ten="30,5800,0" yaku="34,2,52,1" doraHai="77" who="3" fromWho="1" sc="228,0,225,-58,230,0,297,78" />
</Scene>
<Scene>
<INIT seed="3,1,0,1,1,106" ten="228,167,230,375" oya="3" hai0="78,135,6,133,32,96,53,114,75,24,103,47,23" hai1="56,1,34,45,5,27,117,80,55,120,51,115,76" hai2="15,68,63,109,72,89,86,129,42,88,107,122,79" hai3="39,118,13,65,26,70,119,100,132,33,38,82,81"/><W4/><G132/><N who="0" m="50763" /><D32/><U94/><E115/><V31/><F109/><W41/><G82/><N who="0" m="45407" /><D114/><U28/><E120/><V17/><F122/><W98/><G81/><T101/><D6/><U99/><E117/><N who="3" m="44554" /><G13/><T7/><D7/><U66/><E5/><V62/><F129/><W22/><G22/><T36/><D96/><U124/><E1/><V58/><F107/><N who="3" m="63895" /><G41/><N who="0" m="22951" /><D53/><U9/><E9/><V73/><F42/><W18/><G18/><AGARI ba="1,0" hai="18,23,24,101,103" m="22951,45407,50763" machi="18" ten="30,2000,0" yaku="20,1,52,1" doraHai="106" who="0" fromWho="3" sc="228,23,167,0,230,0,375,-23" />
</Scene>
<Scene>
<INIT seed="4,0,0,3,0,71" ten="251,167,230,352" oya="0" hai0="36,68,134,5,115,78,23,135,24,57,103,77,65" hai1="113,21,54,84,112,9,12,59,81,122,48,58,95" hai2="18,0,30,2,118,125,56,38,66,99,17,67,50" hai3="44,109,124,33,19,133,100,76,43,82,14,121,83"/><T8/><D68/><U60/><E122/><V16/><F118/><W73/><G109/><T45/><D115/><N who="1" m="44107" /><E95/><V35/><F125/><W114/><G114/><T127/><D127/><U4/><E21/><V39/><F99/><W98/><G133/><N who="0" m="50699" /><D103/><U32/><E32/><V101/><F101/><W74/><G33/><T79/><D23/><U105/><E105/><V110/><F110/><W119/><G119/><T70/><D24/><U52/><E84/><V89/><F89/><W46/><G121/><T96/><D96/><U111/><E111/><V61/><F67/><W129/><G129/><T25/><D25/><U90/><E90/><V29/><F35/><W102/><G124/><T27/><D27/><U92/><E92/><V62/><F50/><W85/><G83/><AGARI ba="0,0" hai="4,9,12,48,52,54,58,59,60,81,83" m="44107" machi="83" ten="30,3900,0" yaku="15,1,11,1,54,1" doraHai="71" who="1" fromWho="3" sc="251,0,167,39,230,0,352,-39" />
</Scene>
<Scene>
<INIT seed="5,0,0,1,0,57" ten="251,206,230,313" oya="1" hai0="87,120,12,28,106,132,15,38,41,96,73,74,62" hai1="47,123,55,8,9,81,35,14,102,90,94,10,49" hai2="116,117,59,88,63,34,83,32,25,127,114,126,33" hai3="24,82,113,18,21,92,5,4,77,27,128,101,36"/><U58/><E123/><V89/><F114/><W66/><G113/><T78/><D28/><U100/><E35/><V53/><F25/><W2/><G36/><T43/><D87/><N who="1" m="50543" /><E94/><V105/><F105/><W54/><G128/><T61/><D38/><U124/><E124/><N who="2" m="47659" /><F83/><W11/><G5/><T130/><D130/><U125/><E125/><V97/><F97/><W30/><G66/><T17/><D120/><U13/><E47/><V40/><F40/><W39/><G39/><T69/><D106/><U31/><E31/><V80/><F80/><W1/><G1/><T16/><D96/><U71/><E71/><V7/><F7/><W68/><G68/><T48/><D69/><U51/><E51/><V50/><F50/><W115/><G115/><T131/><D48/><U112/><E112/><V23/><F23/><W20/><G92/><T121/><D131/><U64/><E64/><V0/><F0/><W22/><G54/><T107/><D107/><U56/><E56/><V103/><F103/><AGARI ba="0,0" hai="8,9,10,13,14,49,55,58,100,102,103" m="50543" machi="103" ten="30,1500,0" yaku="8,1" doraHai="57" who="1" fromWho="2" sc="251,0,206,15,230,-15,313,0" />
</Scene>
<Scene>
<INIT seed="5,1,0,4,2,102" ten="251,221,215,313" oya="1" hai0="28,131,13,0,134,110,22,122,116,8,87,52,19" hai1="54,36,132,84,111,93,61,79,98,78,96,50,81" hai2="95,119,73,59,37,72,82,74,58,63,48,17,68" hai3="3,118,25,39,53,62,10,114,107,29,70,90,128"/><U41/><E132/><V20/><F37/><W33/><G114/><T127/><D110/><U5/><E111/><V103/><F119/><W40/><G128/><T7/><D116/><U38/><E5/><V75/><F48/><W67/><G118/><T42/><D42/><U108/><E108/><V71/><F103/><W18/><G90/><T77/><D131/><U135/><E135/><V123/><F95/><W106/><G53/><T46/><D134/><U6/><E6/><V56/><F123/><W4/><G18/><T2/><D122/><U57/><E79/><V105/><F105/><W21/><G21/><T23/><D127/><U11/><E11/><V115/><F115/><W104/><G104/><T94/><D2/><U15/><E15/><V109/><F109/><W130/><G130/><T31/><D23/><U64/><E41/><V60/><F82/><W91/><G91/><N who="0" m="53631" /><D77/><U86/><E86/><V89/><F89/><W117/><G117/><T9/><D0/><U76/><E76/><V35/><F35/><W88/><G88/><T51/><D7/><U112/><E112/><V100/><F100/><W129/><G129/><T43/><D43/><U30/><E93/><V83/><F83/><W126/><G126/><T34/><D34/><U125/><E125/><V101/><F101/><W16/><G16/><N who="0" m="8239" /><D8/><U133/><E133/><V113/><F113/><W44/><AGARI ba="1,0" hai="3,4,10,25,29,33,39,40,44,62,67,70,106,107" machi="44" ten="30,12000,2" yaku="0,1,33,3,52,2" doraHai="102" who="3" fromWho="3" sc="251,-31,221,-61,215,-31,313,123" />
</Scene>
<Scene>
<INIT seed="6,0,0,0,4,2" ten="220,160,184,436" oya="2" hai0="82,130,85,114,71,46,48,108,74,17,118,41,50" hai1="52,112,62,29,42,30,126,93,21,61,38,22,64" hai2="40,79,96,8,75,39,134,49,98,123,28,132,124" hai3="90,72,128,27,92,26,103,12,36,45,54,135,63"/><V68/><F123/><W117/><G117/><T7/><D108/><U9/><E112/><V122/><F122/><W83/><G135/><N who="2" m="51753" /><F124/><W133/><G128/><T20/><D71/><U31/><E126/><V57/><F68/><W51/><G133/><T113/><D74/><U104/><E104/><V88/><F28/><W53/><G36/><T19/><D130/><U55/><E93/><N who="2" m="56359" /><F98/><N who="3" m="59847" /><G72/><T44/><D118/><U4/><E42/><V24/><F24/><W125/><G12/><T11/><D20/><N who="1" m="7787" /><E38/><V97/><F97/><W32/><G32/><T95/><D95/><U127/><E127/><V78/><F75/><W34/><G34/><T81/><D114/><U66/><E66/><V43/><F8/><W100/><G125/><T129/><D113/><U102/><E102/><V105/><F105/><W119/><G100/><T84/><D129/><U47/><E64/><V60/><F49/><W99/><G119/><T25/><D25/><U14/><E47/><N who="2" m="23967" /><F43/><W67/><G67/><AGARI ba="0,0" hai="57,60,67,78,79" m="23967,56359,51753" machi="67" ten="30,2900,0" yaku="20,1,54,1" doraHai="2" who="2" fromWho="3" sc="220,0,160,0,184,29,436,-29" />
</Scene>
<Scene>
<INIT seed="6,1,0,4,4,121" ten="220,160,213,407" oya="2" hai0="18,118,77,17,43,20,6,16,52,53,23,108,104" hai1="89,37,63,44,135,26,133,100,81,62,39,30,105" hai2="50,21,113,57,129,103,126,65,127,66,68,98,27" hai3="67,128,112,116,0,124,32,22,94,76,70,8,38"/><V25/><F68/><W102/><G22/><N who="0" m="8235" /><D104/><U74/><E26/><V71/><F71/><W85/><G102/><T64/><D108/><U109/><E30/><N who="2" m="17711" /><F27/><W31/><G8/><T12/><D118/><U120/><E120/><V60/><F66/><W34/><G67/><T111/><D111/><U101/><E74/><V110/><F110/><W58/><G94/><T14/><D64/><U93/><E109/><V5/><F5/><W73/><G76/><T122/><D122/><U131/><E81/><V40/><F129/><W107/><G85/><T48/><D77/><U99/><E131/><V42/><F113/><W49/><G58/><T61/><D61/><U4/><E4/><V24/><F24/><W78/><G49/><T69/><D69/><U83/><E83/><V56/><F56/><W55/><G55/><N who="0" m="21067" /><D6/><U86/><E101/><V54/><F54/><W123/><G107/><T106/><D106/><U84/><E84/><V41/><F50/><W47/><G70/><T1/><D1/><U119/><E119/><V33/><F33/><W87/><G34/><T91/><D91/><U35/><E35/><V2/><F2/><W125/><G32/><T3/><D3/><U72/><E72/><V29/><F29/><W45/><G73/><T15/><D48/><U96/><E39/><V82/><F82/><W9/><G0/><T59/><D59/><U75/><E75/><V10/><F10/><W7/><G9/><T51/><D51/><U97/><E63/><V134/><F134/><N who="1" m="51209" /><E62/><V19/><F19/><W117/><G117/><T90/><D90/><U88/><E89/><RYUUKYOKU ba="1,0" sc="220,10,160,10,213,10,407,-30" hai0="12,14,15,16,17,18,43" hai1="37,44,86,88,93,96,97,99,100,105" hai2="40,41,42,57,60,65,98,103,126,127" />
</Scene>
<Scene>
<INIT seed="6,2,0,3,3,3" ten="230,170,223,377" oya="2" hai0="13,96,108,101,7,29,115,22,95,56,68,80,113" hai1="31,69,43,114,1,12,86,79,54,40,75,51,92" hai2="127,17,121,41,133,87,129,53,91,33,132,34,50" hai3="134,106,81,11,66,45,85,5,122,20,71,74,76"/><V10/><F121/><W27/><G122/><T90/><D68/><U120/><E120/><V35/><F41/><W117/><G117/><T73/><D108/><U89/><E1/><V42/><F42/><W18/><G106/><T109/><D109/><U112/><E69/><V123/><F123/><W78/><G134/><N who="2" m="51817" /><F129/><W48/><G66/><T21/><D56/><U28/><E43/><V67/><F67/><W128/><G71/><T14/><D29/><U15/><E40/><V57/><F127/><W8/><G128/><T46/><D46/><U107/><E107/><V55/><F55/><N who="3" m="30095" /><G74/><T97/><D73/><U6/><E79/><N who="3" m="30250" /><G5/><T30/><D30/><U44/><E75/><V62/><F62/><W9/><G9/><N who="0" m="4287" /><D14/><U25/><E25/><V88/><F87/><W19/><G19/><T125/><D125/><U59/><E12/><AGARI ba="2,0" hai="10,12,17,33,34,35,50,53,57,88,91" m="51817" machi="12" ten="40,3900,0" yaku="20,1,54,1" doraHai="3" who="2" fromWho="1" sc="230,0,170,-45,223,45,377,0" />
</Scene>
<Scene>
<INIT seed="6,3,0,4,1,82" ten="230,125,268,377" oya="2" hai0="99,92,81,11,120,7,109,130,17,104,78,125,123" hai1="87,93,134,66,106,88,13,54,69,5,53,70,126" hai2="0,113,2,38,49,9,44,122,75,46,72,47,112" hai3="28,100,129,41,50,127,15,96,116,26,56,19,110"/><V40/><F122/><W4/><G110/><T65/><D109/><U60/><E106/><V131/><F131/><W21/><G116/><T133/><D104/><U20/><E126/><V24/><F24/><W67/><G129/><T29/><D130/><U51/><E134/><V43/><F47/><W111/><G111/><T23/><D65/><U48/><E69/><V128/><F128/><W68/><G4/><T108/><D29/><U103/><E103/><V115/><F9/><W80/><G80/><T12/><D125/><U79/><E79/><V119/><F119/><W107/><G127/><T97/><D97/><U121/><E121/><V83/><F83/><W8/><G41/><T37/><D37/><U84/><E84/><V25/><REACH who="2" step="1"/><F25/><REACH who="2" ten="230,125,258,377" step="2"/><W55/><G8/><T59/><D108/><U124/><E124/><V118/><F118/><W52/><G26/><T32/><D11/><U102/><E5/><V6/><F6/><W31/><G31/><T64/><D7/><U1/><E1/><AGARI ba="3,1" hai="0,1,2,38,40,43,44,46,49,72,75,112,113,115" machi="1" ten="50,4800,0" yaku="1,1,15,1,53,0" doraHai="82" doraHaiUra="86" who="2" fromWho="1" sc="230,0,125,-57,258,67,377,0" />
</Scene>
<Scene>
<INIT seed="6,4,0,4,3,104" ten="230,68,325,377" oya="2" hai0="121,85,78,33,45,32,44,80,26,117,108,38,73" hai1="70,29,88,93,125,11,63,43,77,23,31,133,19" hai2="130,56,10,66,52,54,76,101,94,27,57,50,128" hai3="62,4,96,89,109,102,28,123,103,6,135,105,65"/><V48/><F76/><W14/><G123/><T113/><D121/><U99/><E125/><V2/><F66/><W42/><G109/><T119/><D108/><U40/><E133/><V20/><F101/><W51/><G135/><T110/><D110/><U0/><E70/><V67/><F67/><W13/><G103/><T81/><D113/><U55/><E0/><V30/><F94/><W87/><G28/><T98/><D98/><U118/><E118/><N who="0" m="45065" /><D38/><U129/><E129/><V68/><F68/><W92/><G14/><T36/><D36/><U37/><E37/><V47/><F47/><N who="0" m="17994" /><D26/><N who="1" m="14719" /><E11/><V74/><F74/><W39/><G51/><T84/><D84/><U22/><E77/><AGARI ba="4,0" hai="32,33,73,77,78,80,81,85" m="17994,45065" machi="77" ten="30,2000,0" yaku="12,1,52,1" doraHai="104" who="0" fromWho="1" sc="230,32,68,-32,325,0,377,0" />
</Scene>
<Scene>
<INIT seed="7,0,0,5,4,55" ten="262,36,325,377" oya="3" hai0="20,104,5,14,67,119,130,8,113,118,59,15,46" hai1="92,95,53,37,108,38,128,114,57,26,50,52,131" hai2="17,49,62,43,86,98,90,126,28,39,63,124,103" hai3="112,32,45,106,87,35,117,3,96,80,9,21,73"/><W40/><G112/><T97/><D130/><U101/><E26/><V100/><F39/><N who="3" m="21663" /><G87/><T94/><D104/><U78/><E78/><V66/><F28/><W19/><G117/><T0/><D113/><U24/><E24/><V61/><F66/><W6/><G106/><T88/><D46/><U123/><E101/><V13/><F43/><W54/><G54/><T81/><D81/><U111/><E114/><V70/><F49/><W18/><G96/><T65/><D65/><U102/><E102/><V4/><F4/><W64/><G64/><T122/><D122/><U132/><E95/><V58/><F58/><W34/><G21/><T82/><D82/><U7/><E92/><V76/><F76/><AGARI ba="0,0" hai="3,6,9,18,19,32,34,35,73,76,80" m="21663" machi="76" ten="30,1500,0" yaku="25,1" doraHai="55" who="3" fromWho="2" sc="262,0,36,0,325,-15,377,15" owari="262,-14.0,36,-46.0,310,11.0,392,49.0" />
</Scene>
</mjloggm>