<mjloggm ver="2.3"><GO type="225" lobby="0"/><UN n0="%E5%A4%AA%E3%81%8F%E3%81%AA%E3%81%84%E3%81%8A" n1="%E3%81%BF%E3%81%A3%E3%81%A4%E3%81%83%EF%BD%9E" n2="%44%41%4E%54%45" n3="%E9%95%B7%E5%B7%9E%E3%81%AE%E5%85%8B" dan="18,17,16,17" rate="2229.09,2175.58,2016.20,2210.12" sx="M,F,M,M"/><TAIKYOKU oya="0"/>

<Scene>
<INIT seed="0,0,0,4,3,46" ten="250,250,250,250" oya="0" hai0="130,47,83,53,19,86,34,133,120,98,65,131,33" hai1="28,70,68,125,123,107,3,10,93,29,103,128,55" hai2="75,113,24,6,132,135,134,36,39,31,102,45,66" hai3="59,117,7,5,115,32,1,43,61,48,87,67,38"/><T76/><D120/><U90/><E123/><V106/><F113/><W23/><G32/><T112/><D112/><U22/><E107/><V9/><F75/><W27/><G117/><T64/><D133/><U44/><E103/><V16/><F66/><N who="0" m="25706" /><D19/><U12/><E3/><N who="2" m="223" /><F16/><N who="3" m="12775" /><G38/><T58/><D47/><U101/><E101/><V73/><F73/><W60/><G1/><T124/><D98/><U51/><E128/><N who="0" m="49193" /><D124/><U17/><E125/><V92/><F106/><W89/><G115/><T14/><D14/><N who="1" m="9527" /><E68/><V69/><F69/><W49/><G43/><T95/><D95/><U30/><E70/><V21/><F45/><W104/><G104/><T85/><D85/><N who="1" m="52431" /><E30/><V54/><F31/><W56/><G7/><AGARI ba="0,0" hai="7,10,12,28,29,44,51,55" m="52431,9527" machi="7" ten="30,2000,0" yaku="8,1,52,1" doraHai="46" who="1" fromWho="3" sc="250,0,250,20,250,0,250,-20" />
</Scene>
<Scene>
<INIT seed="1,0,0,1,3,133" ten="250,270,250,230" oya="1" hai0="37,92,84,123,55,39,80,93,53,30,131,4,85" hai1="54,100,77,66,18,113,73,104,47,17,117,129,0" hai2="78,82,7,94,134,89,3,112,81,107,101,61,33" hai3="26,91,70,36,62,105,27,64,111,48,11,86,79"/><U15/><E0/><V102/><F134/><W67/><G105/><T12/><D30/><U125/><E113/><V25/><F112/><W34/><G36/><T65/><D65/><U31/><E117/><V6/><F3/><W120/><G79/><T43/><D12/><U23/><E129/><V76/><F107/><W52/><G111/><T110/><D80/><U121/><E66/><V1/><F1/><W22/><G34/><T109/><D43/><U46/><E31/><V74/><F61/><W21/><G67/><T71/><D4/><U95/><E104/><V122/><F122/><W8/><G120/><T90/><D123/><U83/><E121/><V128/><F128/><W32/><G32/><T40/><D40/><U98/><E54/><V68/><F68/><W28/><G22/><T44/><D131/><U19/><E47/><V115/><F115/><W124/><G27/><T14/><D14/><U119/><E46/><V75/><F33/><W99/><G99/><T135/><D44/><U57/><E57/><V42/><F42/><W41/><G41/><T45/><D45/><U60/><E60/><V106/><F25/><W103/><G48/><T72/><D135/><U116/><E15/><V126/><F106/><W5/><G52/><N who="0" m="20043" /><D72/><U51/><E23/><V96/><F6/><W56/><G70/><T69/><D69/><U87/><E51/><V50/><F50/><W63/><G5/><T29/><D71/><U24/><E24/><V114/><F7/><W97/><G63/><T20/><D29/><U35/><E35/><V16/><F114/><W9/><G64/><RYUUKYOKU ba="0,0" sc="250,0,270,0,250,0,230,0" />
</Scene>
<Scene>
<INIT seed="2,1,0,4,1,131" ten="250,270,250,230" oya="2" hai0="64,15,113,47,45,6,107,44,97,46,39,116,129" hai1="112,73,123,5,58,2,29,10,38,102,98,61,24" hai2="89,75,128,86,60,32,21,55,57,80,119,104,26" hai3="23,121,81,92,83,13,37,18,130,117,127,78,28"/><V66/><F119/><W132/><G37/><T22/><D113/><U114/><E123/><V71/><F128/><W79/><G121/><T51/><D129/><U120/><E120/><V106/><F32/><W35/><G117/><T12/><D116/><U105/><E73/><V34/><F34/><W56/><G130/><T101/><D39/><U41/><E41/><V93/><F93/><W3/><G3/><T76/><D76/><U115/><E38/><V85/><F85/><W62/><G92/><T118/><D118/><U100/><E100/><V31/><REACH who="2" step="1"/><F75/><REACH who="2" ten="250,270,240,230" step="2"/><W74/><G35/><T96/><D96/><U88/><E115/><V4/><F4/><W99/><G99/><T68/><D6/><U65/><E114/><V70/><F70/><W67/><G74/><T84/><D84/><U40/><E112/><V14/><F14/><W124/><G83/><T95/><D95/><U133/><E98/><V63/><AGARI ba="1,1" hai="21,26,31,55,57,60,63,66,71,80,86,89,104,106" machi="63" ten="20,3900,0" yaku="1,1,0,1,7,1,53,0" doraHai="131" doraHaiUra="111" who="2" fromWho="2" sc="250,-14,270,-14,240,52,230,-14" />
</Scene>
<Scene>
<INIT seed="2,2,0,0,1,62" ten="236,256,292,216" oya="2" hai0="109,27,67,19,75,13,134,56,40,21,37,64,1" hai1="94,16,86,99,4,122,44,71,130,35,54,85,93" hai2="7,98,36,102,32,72,59,90,80,125,97,123,66" hai3="5,103,25,11,58,50,117,45,63,84,53,14,124"/><V95/><F123/><W87/><G117/><T78/><D1/><U20/><E35/><V3/><F36/><W41/><G124/><T60/><D109/><U26/><E71/><V43/><F43/><W12/><G103/><T57/><D134/><U0/><E130/><V100/><F32/><W9/><REACH who="3" step="1"/><G25/><REACH who="3" ten="236,256,292,206" step="2"/><T128/><D128/><U77/><E26/><V68/><F125/><W6/><AGARI ba="2,1" hai="5,6,9,11,12,14,41,45,50,53,58,63,84,87" machi="6" ten="20,12000,2" yaku="1,1,2,1,0,1,7,1,9,1,8,1,53,0" doraHai="62" doraHaiUra="91" who="3" fromWho="3" sc="236,-32,256,-32,292,-62,206,136" />
</Scene>
<Scene>
<INIT seed="3,0,0,0,2,10" ten="204,224,230,342" oya="3" hai0="81,73,97,26,37,53,27,102,98,71,135,11,99" hai1="7,86,85,69,112,54,17,133,116,105,47,29,117" hai2="34,128,101,89,63,24,59,43,2,78,65,31,61" hai3="39,114,66,28,62,72,20,48,15,23,36,80,92"/><W14/><G114/><T113/><D71/><U67/><E112/><V111/><F2/><W68/><G48/><T108/><D113/><U1/><E105/><V40/><F78/><W44/><G92/><T79/><D37/><U118/><E133/><V100/><F111/><W51/><G80/><T110/><D102/><N who="2" m="39530" /><F34/><W119/><G72/><T95/><D95/><U93/><E29/><V88/><F128/><W33/><G119/><T82/><D135/><U64/><E17/><V55/><F24/><W94/><G33/><T124/><D124/><U56/><E47/><V132/><F31/><W103/><G28/><T125/><D125/><U42/><E42/><N who="2" m="15915" /><F132/><W83/><G39/><T60/><D82/><U126/><E126/><V87/><F87/><N who="1" m="33289" /><E93/><V9/><F9/><W30/><G83/><T91/><D91/><N who="2" m="34890" /><F63/><W75/><G30/><T3/><D3/><U121/><E69/><V35/><F35/><W38/><G36/><T12/><D110/><U4/><E121/><V18/><F18/><W13/><G38/><T77/><D108/><U129/><E129/><V122/><F122/><W84/><G75/><T16/><REACH who="0" step="1"/><D79/><REACH who="0" ten="194,224,230,342" step="2"/><U109/><E109/><V127/><F127/><W57/><G68/><T41/><D41/><U115/><E115/><V6/><F6/><N who="1" m="2089" /><E1/><V74/><F74/><W32/><G32/><T123/><D123/><U46/><E46/><V22/><F22/><W107/><G23/><T134/><D134/><U5/><E5/><V106/><F106/><W120/><G107/><T76/><D76/><U8/><E8/><V52/><AGARI ba="0,1" hai="52,55,59,61,65" m="34890,15915,39530" machi="52" ten="30,4000,0" yaku="8,1,54,2" doraHai="10" who="2" fromWho="2" sc="194,-10,224,-10,230,50,342,-20" owari="184,-32.0,214,-19.0,280,8.0,322,43.0" />
</Scene>
</mjloggm>