<mjloggm ver="2.3"><GO type="169" lobby="0"/><UN n0="%E5%A4%AA%E3%81%8F%E3%81%AA%E3%81%84%E3%81%8A" n1="%E3%83%8F%E3%83%AF%E3%82%A4%E3%82%A2%E3%83%B3" n2="%6C%61%6B%75%63%68%69" n3="%73%73%74%61%72%6F" dan="17,16,17,17" rate="2197.29,2104.09,2226.80,2144.66" sx="M,M,M,M"/><TAIKYOKU oya="0"/>

<Scene>
<INIT seed="0,0,0,5,5,74" ten="250,250,250,250" oya="0" hai0="26,45,33,32,78,35,126,5,25,49,98,24,102" hai1="14,120,4,105,80,122,11,16,88,0,19,37,125" hai2="62,51,134,1,87,84,3,56,21,50,124,86,22" hai3="114,36,46,113,107,52,73,31,79,63,55,17,77"/><T60/><D126/><U115/><E37/><V96/><F124/><W28/><G107/><T135/><D135/><U97/><E115/><V59/><F96/><W68/><G73/><T130/><D130/><U129/><E129/><V72/><F72/><W71/><G46/><T69/><D5/><U111/><E111/><V116/><F62/><W119/><G63/><T76/><D69/><U7/><E125/><V57/><F134/><W61/><G61/><T95/><REACH who="0" step="1"/><D60/><REACH who="0" ten="240,250,250,250" step="2"/><U100/><E4/><V83/><F116/><W40/><G119/><T133/><D133/><U101/><E120/><V89/><F1/><W53/><G71/><T127/><D127/><U39/><E122/><V58/><F3/><W112/><G68/><T123/><D123/><U132/><E132/><V106/><F106/><W81/><G114/><T92/><D92/><U109/><E105/><V75/><F50/><W48/><G113/><T93/><D93/><U23/><E39/><V99/><F51/><W34/><G112/><T66/><D66/><U131/><E131/><V41/><F83/><W8/><G36/><T30/><D30/><U29/><E29/><V85/><F89/><W118/><G118/><T2/><D2/><U117/><E117/><V9/><F99/><W67/><G67/><T110/><D110/><U121/><E109/><V6/><F6/><W13/><G81/><T108/><D108/><U27/><E121/><V10/><N who="2" m="21504" /><DORA hai="128" /><V65/><N who="2" m="14336" /><DORA hai="91" /><V18/><F65/><W94/><G94/><T47/><D47/><U12/><E0/><V38/><F38/><W64/><G31/><RYUUKYOKU ba="0,1" sc="240,30,250,-10,250,-10,250,-10" hai0="24,25,26,32,33,35,45,49,76,78,95,98,102" />
</Scene>
<Scene>
<INIT seed="0,1,1,0,4,114" ten="270,240,240,240" oya="0" hai0="122,39,104,20,115,32,131,93,101,87,84,99,45" hai1="81,62,16,126,22,97,111,19,65,123,49,76,113" hai2="17,34,75,12,0,135,96,4,128,91,25,88,66" hai3="63,53,125,72,116,74,130,110,56,29,5,92,112"/><T1/><D32/><U71/><E123/><V43/><F75/><W23/><G112/><T26/><D115/><U44/><E111/><V127/><F127/><W103/><G125/><T2/><D122/><U100/><E126/><V51/><F135/><W64/><G110/><T33/><D33/><U89/><E113/><V102/><F128/><W79/><G130/><T124/><D124/><U85/><E76/><V37/><F37/><W133/><G133/><T117/><D131/><U15/><E19/><V38/><F38/><W18/><G116/><T80/><D117/><U42/><E97/><V106/><F66/><W40/><G40/><T86/><D80/><U132/><E100/><V13/><F13/><W46/><G5/><T47/><D104/><U129/><E129/><V7/><F7/><W10/><G10/><T21/><D21/><U55/><REACH who="1" step="1"/><E132/><REACH who="1" ten="270,230,240,240" step="2"/><V35/><F17/><W6/><G79/><T90/><D101/><U69/><E69/><V118/><F102/><W70/><G18/><T57/><D99/><U48/><E48/><V27/><F51/><N who="3" m="28919" /><G70/><T8/><D39/><U94/><E94/><V52/><F96/><N who="3" m="59783" /><G6/><T14/><D93/><U120/><E120/><V54/><F4/><W73/><G73/><T108/><D108/><U9/><E9/><V119/><F106/><W3/><G3/><T61/><D1/><U107/><E107/><V121/><F0/><W50/><G50/><T24/><D2/><U77/><E77/><V68/><F121/><W41/><G74/><T82/><D8/><U105/><E105/><V59/><F68/><W31/><G72/><RYUUKYOKU ba="1,2" sc="270,-10,230,30,240,-10,240,-10" hai1="15,16,22,42,44,49,55,62,65,71,81,85,89" />
</Scene>
<Scene>
<INIT seed="1,2,2,3,3,12" ten="260,260,230,230" oya="1" hai0="132,45,36,6,91,79,101,111,135,39,1,93,77" hai1="103,124,116,8,128,40,118,87,0,65,14,85,113" hai2="107,22,98,104,119,97,27,5,20,63,127,37,95" hai3="99,109,49,10,90,55,112,117,38,92,76,62,75"/><U44/><E0/><V67/><F119/><W81/><G112/><T129/><D101/><U30/><E113/><V48/><F37/><N who="0" m="14410" /><D45/><U58/><E128/><V72/><F72/><W71/><G38/><T61/><D61/><U86/><E30/><N who="2" m="17767" /><F127/><W125/><G125/><T73/><D73/><U26/><E124/><V121/><F121/><W134/><G117/><T74/><D74/><U42/><E26/><V80/><F5/><W31/><G31/><T7/><D111/><U29/><E29/><V122/><F80/><W82/><G109/><T110/><D129/><U89/><E103/><N who="2" m="60863" /><F122/><W126/><G126/><T50/><D7/><U25/><E116/><V35/><F35/><W94/><G81/><T19/><D6/><U33/><E33/><V28/><F98/><W64/><G94/><T123/><D93/><U18/><E118/><V60/><F48/><W84/><G10/><T54/><D50/><U21/><E89/><V105/><F60/><W59/><REACH who="3" step="1"/><G75/><REACH who="3" ten="260,260,230,220" step="2"/><T9/><D110/><U53/><E8/><V2/><F28/><W69/><G69/><T24/><D9/><U46/><E42/><V43/><F43/><W68/><G68/><T41/><D41/><U51/><E40/><V52/><F107/><W47/><G47/><T32/><D32/><U11/><E44/><V4/><F105/><W56/><G56/><T131/><D131/><U3/><E46/><V17/><F104/><W115/><G115/><T70/><D70/><U23/><E11/><V34/><F34/><W15/><G15/><T106/><D106/><U83/><E83/><V114/><F114/><RYUUKYOKU ba="2,3" sc="260,-10,260,-10,230,-10,220,30" hai3="49,55,59,62,64,71,76,82,84,90,92,99,134" />
</Scene>
<Scene>
<INIT seed="2,3,3,1,5,107" ten="250,250,220,250" oya="2" hai0="116,113,129,51,50,14,86,0,23,95,74,123,93" hai1="101,85,63,102,92,46,71,118,128,89,4,104,5" hai2="112,44,108,30,83,105,8,17,57,98,90,41,132" hai3="56,10,70,62,18,135,115,87,29,120,64,9,111"/><V49/><F112/><W1/><G120/><T69/><D0/><U28/><E118/><V75/><F132/><W13/><G135/><T3/><D3/><U48/><E104/><V37/><F30/><W117/><G117/><T134/><D69/><U25/><E128/><V42/><F108/><W54/><G111/><T36/><D36/><U19/><E71/><V59/><F41/><W47/><G115/><T82/><D123/><U33/><E63/><V40/><F40/><W20/><G47/><T73/><D116/><U126/><E19/><V66/><F66/><W91/><G29/><T38/><D38/><U84/><E84/><V61/><F37/><W97/><G97/><T12/><D86/><U43/><REACH who="1" step="1"/><E126/><REACH who="1" ten="250,240,220,250" step="2"/><V125/><F105/><W109/><G109/><T76/><D129/><U24/><E24/><V39/><F125/><W121/><G121/><T34/><D134/><U133/><E133/><V130/><F61/><W100/><G70/><T131/><D131/><U81/><E81/><V11/><F130/><W72/><G87/><T15/><D82/><U6/><AGARI ba="3,4" hai="4,5,6,25,28,33,43,46,48,85,89,92,101,102" machi="6" ten="30,2000,0" yaku="1,1,0,1,53,0" doraHai="107" doraHaiUra="53" who="1" fromWho="1" sc="250,-8,240,69,220,-13,250,-8" />
</Scene>
<Scene>
<INIT seed="3,0,0,5,0,85" ten="242,309,207,242" oya="3" hai0="46,66,91,125,62,49,103,112,115,81,75,16,1" hai1="0,109,30,11,99,35,15,120,68,135,74,133,2" hai2="55,96,113,118,57,72,102,27,69,76,90,105,106" hai3="73,71,78,87,50,86,97,53,128,9,64,39,25"/><W14/><G39/><T23/><D1/><U37/><E68/><V126/><F69/><W40/><G40/><T94/><D103/><U70/><E70/><V104/><F118/><W18/><G128/><T129/><D81/><U42/><E74/><V132/><F113/><N who="0" m="43594" /><D75/><U80/><E80/><V19/><F126/><W54/><G73/><T28/><D28/><U33/><E99/><V44/><F132/><W17/><G78/><T58/><D129/><U108/><E42/><V79/><F44/><N who="3" m="27847" /><G71/><T59/><D125/><U101/><E37/><V127/><F127/><W119/><G119/><T84/><D62/><U124/><E101/><V51/><F72/><W10/><G25/><N who="0" m="14567" /><D66/><U63/><E63/><V45/><F102/><W130/><G64/><T13/><D13/><U92/><E92/><V21/><REACH who="2" step="1"/><F45/><REACH who="2" ten="242,309,197,242" step="2"/><W83/><G130/><T4/><D4/><U29/><E133/><V52/><F52/><AGARI ba="0,1" hai="46,49,52,58,59,84,91,94" m="14567,43594" machi="52" ten="30,7700,0" yaku="11,1,52,1,54,2" doraHai="85" who="0" fromWho="2" sc="242,87,309,0,197,-77,242,0" />
</Scene>
<Scene>
<INIT seed="4,0,0,1,3,121" ten="329,309,120,242" oya="0" hai0="49,44,82,14,28,55,64,69,18,63,30,68,76" hai1="112,123,17,77,58,86,122,70,6,5,97,91,4" hai2="99,54,60,1,133,51,107,95,108,19,26,128,98" hai3="40,25,56,126,29,57,61,96,33,135,94,115,41"/><T2/><D2/><U65/><E112/><V105/><F1/><W75/><G115/><T35/><D68/><U37/><E37/><V7/><F7/><W53/><G75/><T36/><D35/><U79/><E70/><V48/><F133/><W116/><G116/><T110/><D36/><U16/><E97/><V59/><F128/><W67/><G126/><T104/><D104/><U134/><E134/><V111/><F99/><W83/><G83/><T118/><D110/><N who="2" m="42026" /><F107/><W129/><G129/><T62/><D62/><N who="1" m="38103" /><E122/><V0/><F0/><W120/><G120/><T127/><D118/><U117/><E117/><V39/><F105/><W42/><G135/><T46/><D46/><U9/><E123/><V72/><F72/><W45/><G45/><T132/><D127/><U66/><E66/><V74/><F74/><W8/><G8/><T24/><D24/><U3/><E3/><V23/><F39/><W119/><G119/><T10/><D132/><U103/><E103/><V13/><F13/><W31/><G25/><T11/><D11/><U109/><E109/><V71/><F71/><W92/><G33/><T88/><D76/><N who="1" m="29259" /><E9/><V85/><F85/><AGARI ba="0,0" hai="10,14,18,28,30,44,49,55,63,64,69,82,85,88" machi="85" ten="40,7700,0" yaku="25,2,54,1" doraHai="121" who="0" fromWho="2" sc="329,77,309,0,120,-77,242,0" />
</Scene>
<Scene>
<INIT seed="4,1,0,5,0,17" ten="406,309,43,242" oya="0" hai0="120,116,36,129,10,69,45,23,84,59,70,6,56" hai1="87,34,123,110,12,76,35,16,101,106,18,81,121" hai2="5,75,97,37,48,114,54,39,22,133,125,130,42" hai3="85,109,3,134,73,135,88,89,107,13,24,20,26"/><T11/><D116/><U132/><E110/><V108/><F5/><W128/><G109/><T104/><D104/><U67/><E132/><N who="3" m="50730" /><G128/><T65/><D120/><U2/><E2/><V99/><F42/><W68/><G73/><T105/><D105/><U28/><E67/><V94/><F94/><N who="3" m="54543" /><G68/><T46/><D84/><U78/><E28/><V9/><F9/><W21/><G3/><T79/><D65/><U72/><E101/><V51/><F54/><W61/><G107/><T117/><D6/><U50/><E106/><V71/><F48/><W25/><G61/><T91/><D91/><U102/><E50/><V98/><F51/><W63/><G63/><T77/><D117/><U74/><E102/><V124/><F99/><W122/><G122/><T55/><D55/><U19/><E121/><V92/><F92/><W4/><G89/><T62/><D62/><U86/><E123/><V53/><F53/><W27/><G27/><T90/><D90/><U131/><E131/><V40/><F40/><W127/><G127/><T119/><D119/><U1/><E1/><V47/><F133/><W111/><G111/><T49/><D49/><U31/><E12/><V115/><F108/><W60/><G60/><T118/><D118/><U113/><E74/><V82/><F130/><W38/><G38/><T0/><D129/><U32/><E72/><V100/><F75/><W103/><G103/><T66/><D0/><U15/><E15/><V64/><F100/><W126/><G126/><T112/><D36/><U80/><E76/><V30/><F125/><W96/><G96/><T43/><D66/><RYUUKYOKU ba="1,0" sc="406,-10,309,-10,43,-10,242,30" hai3="4,13,20,21,24,25,26" />
</Scene>
<Scene>
<INIT seed="5,2,0,0,4,12" ten="396,299,33,272" oya="1" hai0="99,11,52,135,38,66,49,119,85,95,48,35,89" hai1="103,92,111,43,83,87,41,3,17,98,81,47,94" hai2="19,27,80,122,104,15,25,59,131,75,124,110,123" hai3="109,55,97,133,16,62,7,68,34,63,2,134,76"/><U10/><E111/><V108/><F104/><W86/><G109/><N who="2" m="42089" /><F75/><W13/><G34/><T42/><D119/><U50/><E41/><V28/><F80/><N who="3" m="47367" /><G2/><T45/><D35/><U5/><E92/><V132/><F59/><W26/><G26/><N who="2" m="9737" /><F28/><W57/><G7/><T64/><D135/><N who="3" m="51721" /><G97/><T24/><D38/><U60/><E87/><V90/><F90/><W56/><G68/><T73/><D73/><U115/><E60/><N who="3" m="23082" /><G55/><T112/><D24/><U14/><E81/><V77/><F132/><W36/><G36/><T125/><D99/><U78/><E83/><V100/><F100/><W101/><G101/><T32/><D32/><U74/><E74/><V31/><F77/><W29/><G29/><T127/><D42/><U128/><E78/><V113/><F31/><W116/><G116/><T61/><D85/><U33/><E33/><V18/><F131/><W46/><G46/><T114/><D45/><U96/><E96/><V54/><F54/><W117/><G117/><T6/><D89/><U105/><E128/><V39/><F39/><W22/><AGARI ba="2,0" hai="13,16,22,56,57" m="23082,51721,47367" machi="22" ten="30,4000,0" yaku="20,1,52,1,54,1" doraHai="12" who="3" fromWho="3" sc="396,-12,299,-22,33,-12,272,46" />
</Scene>
<Scene>
<INIT seed="6,0,0,3,1,122" ten="384,277,21,318" oya="2" hai0="54,52,86,89,44,57,71,3,72,24,18,83,130" hai1="11,5,111,75,90,94,97,107,87,15,53,127,125" hai2="77,80,20,102,100,118,114,61,19,4,27,85,121" hai3="60,29,58,45,68,30,43,59,65,116,31,63,132"/><V26/><F121/><W110/><G110/><T120/><D71/><U124/><E75/><V76/><F118/><W123/><G116/><T40/><D3/><U34/><E34/><V37/><F114/><W12/><G123/><T46/><D120/><U1/><E53/><V9/><F37/><W92/><G132/><T95/><D130/><U50/><E50/><V6/><F77/><W64/><G68/><T42/><D72/><U22/><E107/><V117/><F117/><W70/><G70/><T25/><D18/><N who="1" m="10591" /><E97/><V135/><F135/><W8/><G92/><T99/><D46/><U88/><E90/><V101/><F9/><W105/><G105/><T113/><D54/><U7/><E7/><V13/><REACH who="2" step="1"/><F61/><REACH who="2" ten="384,277,11,318" step="2"/><W74/><G8/><T115/><D113/><U47/><E11/><V49/><F49/><W112/><G112/><T10/><D115/><U51/><E51/><V69/><F69/><W14/><G63/><N who="0" m="36263" /><D10/><U36/><E36/><V23/><F23/><W56/><G60/><T81/><D44/><U103/><E47/><V78/><F78/><W108/><G45/><T2/><D2/><U128/><E1/><V16/><F16/><W84/><G43/><T62/><D62/><U104/><E5/><AGARI ba="0,1" hai="4,5,6,13,19,20,26,27,76,80,85,100,101,102" machi="5" ten="40,3900,0" yaku="1,1,8,1,53,0" doraHai="122" doraHaiUra="33" who="2" fromWho="1" sc="384,0,277,-39,11,49,318,0" />
</Scene>
<Scene>
<INIT seed="6,1,0,0,1,114" ten="384,238,60,318" oya="2" hai0="84,126,130,121,2,52,43,86,91,115,108,66,42" hai1="95,50,109,3,111,135,93,55,112,11,127,53,6" hai2="58,17,9,35,22,89,71,25,74,100,24,18,20" hai3="29,88,32,47,117,23,30,62,59,90,81,0,103"/><V38/><F71/><W101/><G117/><T19/><D108/><U8/><E112/><V46/><F74/><W57/><G0/><T107/><D107/><U118/><E118/><V15/><F100/><W26/><G32/><T37/><D2/><U134/><E127/><V92/><F58/><W105/><G105/><T97/><D66/><U63/><E11/><V132/><F132/><N who="1" m="50729" /><E63/><V16/><F35/><W44/><G81/><T36/><D86/><U83/><E83/><V96/><REACH who="2" step="1"/><F38/><REACH who="2" ten="384,238,50,318" step="2"/><W98/><G103/><T72/><D36/><U75/><E75/><V125/><F125/><W39/><G101/><T4/><D72/><U85/><E109/><V110/><F110/><W27/><G39/><T99/><D126/><U12/><E111/><V68/><F68/><W123/><G59/><T102/><D102/><U1/><E50/><V54/><F54/><W45/><G57/><T133/><D52/><U73/><E73/><V60/><F60/><W116/><G62/><T79/><D37/><U70/><E70/><V104/><F104/><W131/><G45/><AGARI ba="1,1" hai="9,15,16,17,18,20,22,24,25,45,46,89,92,96" machi="45" ten="40,12000,1" yaku="1,1,9,1,8,1,54,1,53,0" doraHai="114" doraHaiUra="61" who="2" fromWho="3" sc="384,0,238,0,50,133,318,-123" />
</Scene>
<Scene>
<INIT seed="6,2,0,4,0,26" ten="384,238,183,195" oya="2" hai0="51,61,88,70,36,46,50,71,121,93,3,1,76" hai1="39,66,0,7,102,74,119,89,37,52,57,126,10" hai2="25,58,40,2,77,69,45,96,98,27,133,125,67" hai3="94,6,43,103,101,99,53,90,134,85,112,13,86"/><V33/><F2/><W44/><G112/><T20/><D36/><U32/><E119/><V30/><F133/><W84/><G134/><T54/><D76/><U127/><E32/><V120/><F120/><W105/><G53/><T4/><D121/><U56/><E74/><V95/><F69/><W31/><G31/><T65/><D70/><U110/><E110/><V106/><F106/><W35/><G35/><T42/><D20/><U117/><E117/><V72/><F125/><N who="1" m="47625" /><E102/><V38/><F27/><W107/><G107/><T18/><D18/><U16/><E16/><V80/><REACH who="2" step="1"/><F95/><REACH who="2" ten="384,238,173,195" step="2"/><W60/><G105/><T115/><D71/><U28/><E0/><V59/><F59/><W73/><G94/><T124/><D93/><U111/><E56/><V118/><F118/><W68/><G68/><T79/><D1/><U8/><E57/><V122/><F122/><W92/><G92/><T135/><D3/><U131/><E131/><V5/><F5/><W82/><G6/><T23/><D4/><U17/><E7/><V12/><F12/><W14/><G13/><T24/><D24/><U132/><E132/><V114/><F114/><W22/><G14/><T63/><D115/><U78/><E111/><V83/><F83/><W64/><G82/><T87/><D124/><U113/><E113/><V104/><F104/><W116/><G116/><T55/><D135/><U81/><E81/><V100/><F100/><W108/><G103/><T15/><D15/><U41/><E10/><V19/><F19/><W130/><G101/><T21/><D46/><N who="1" m="23855" /><E8/><V91/><F91/><W48/><G90/><RYUUKYOKU ba="2,1" sc="384,-10,238,-10,173,30,195,-10" hai2="25,30,33,38,40,45,58,67,72,77,80,96,98" />
</Scene>
<Scene>
<INIT seed="6,3,1,5,4,34" ten="374,228,203,185" oya="2" hai0="75,104,67,50,51,99,108,77,31,52,105,46,40" hai1="20,92,78,43,74,87,121,42,76,23,70,111,62" hai2="135,9,115,128,54,38,100,116,64,15,27,36,91" hai3="103,61,19,118,102,29,5,6,110,72,94,126,117"/><V25/><F116/><W12/><G110/><T81/><D108/><U127/><E74/><V13/><F64/><W7/><G72/><T83/><D31/><U63/><E111/><V65/><F65/><W21/><G126/><T119/><D119/><U109/><E109/><V4/><F100/><W97/><G103/><T106/><D67/><U41/><E127/><V82/><F135/><W18/><G29/><T44/><D83/><U80/><E70/><V122/><F122/><W88/><G61/><N who="1" m="23050" /><E76/><V55/><F115/><W89/><G89/><T84/><D84/><N who="1" m="48151" /><E121/><V48/><F128/><W96/><REACH who="3" step="1"/><G19/><REACH who="3" ten="374,228,203,175" step="2"/><T45/><D75/><U93/><E93/><AGARI ba="3,2" hai="5,6,7,12,18,21,88,93,94,96,97,102,117,118" machi="93" ten="40,5200,0" yaku="1,1,2,1,54,1,53,0" doraHai="34" doraHaiUra="71" who="3" fromWho="1" sc="374,0,228,-61,203,0,175,81" />
</Scene>
<Scene>
<INIT seed="7,0,0,2,2,113" ten="374,167,203,256" oya="3" hai0="86,15,116,35,84,64,90,69,110,51,13,111,80" hai1="6,25,81,47,128,119,114,26,72,29,101,20,99" hai2="23,68,135,10,106,94,103,12,56,9,132,91,30" hai3="22,70,16,126,21,98,122,78,24,62,41,121,88"/><W45/><G126/><T131/><D116/><U77/><E128/><V5/><F68/><W36/><G78/><T57/><D35/><U18/><E114/><V125/><F125/><W112/><G112/><T53/><D131/><U67/><E67/><V65/><F106/><W46/><G46/><N who="0" m="27895" /><D69/><U39/><E6/><V3/><F103/><W61/><G61/><N who="0" m="37935" /><D111/><U1/><E1/><V19/><F30/><W115/><G115/><T2/><D2/><U49/><E39/><V59/><F10/><W55/><G98/><T123/><D123/><U48/><E47/><V133/><REACH who="2" step="1"/><F65/><REACH who="2" ten="374,167,193,256" step="2"/><W60/><G70/><T127/><D127/><U50/><E119/><V4/><F4/><W93/><G122/><T40/><D110/><U87/><E72/><V58/><F58/><W17/><G121/><T75/><D75/><U124/><E124/><V8/><F8/><W7/><G7/><T82/><D40/><U102/><REACH who="1" step="1"/><E99/><AGARI ba="0,1" hai="3,5,9,12,19,23,56,59,91,94,99,132,133,135" machi="99" ten="40,2600,0" yaku="1,1,20,1,53,0" doraHai="113" doraHaiUra="108" who="2" fromWho="1" sc="374,0,167,-26,193,36,256,0" owari="374,47.0,141,-36.0,229,-17.0,256,6.0" />
</Scene>
</mjloggm>