<mjloggm ver="2.3"><GO type="169" lobby="0"/><UN n0="%61%6D%65%64%69%6F" n1="%70%69%2D%70%6F" n2="%47%45%59%55" n3="%E5%A4%AA%E3%81%8F%E3%81%AA%E3%81%84%E3%81%8A" dan="17,16,16,17" rate="2231.95,2073.26,2057.46,2165.07" sx="M,M,M,M"/><TAIKYOKU oya="0"/>

<Scene>
<INIT seed="0,0,0,1,3,28" ten="250,250,250,250" oya="0" hai0="123,130,27,30,104,71,102,9,64,100,44,118,25" hai1="16,65,99,126,54,77,0,59,42,36,85,128,121" hai2="125,94,72,53,41,74,61,70,78,116,66,82,113" hai3="109,31,58,37,75,26,56,86,39,107,119,52,14"/><T43/><D118/><U6/><E121/><V95/><F113/><W101/><G75/><T84/><D123/><U63/><E126/><V135/><F74/><W38/><G119/><T13/><D130/><U24/><E99/><V83/><F116/><W112/><G112/><T5/><D104/><U45/><E128/><V11/><F83/><W106/><G109/><T68/><D68/><U60/><E77/><V132/><F41/><W110/><G110/><T122/><D122/><U22/><E85/><V57/><F11/><W50/><G14/><T131/><D27/><U12/><E0/><V1/><F1/><W10/><G10/><T23/><D131/><U97/><E97/><V81/><F81/><W96/><G86/><T80/><D64/><U7/><REACH who="1" step="1"/><E24/><REACH who="1" ten="250,240,250,250" step="2"/><V67/><F125/><W4/><G107/><T88/><REACH who="0" step="1"/><D71/><AGARI ba="0,1" hai="6,7,12,16,22,36,42,45,54,59,60,63,65,71" machi="71" ten="30,8000,1" yaku="1,1,2,1,7,1,54,1,53,1" doraHai="28" doraHaiUra="55" who="1" fromWho="0" sc="250,-80,240,90,250,0,250,0" />
</Scene>
<Scene>
<INIT seed="1,0,0,1,4,113" ten="170,330,250,250" oya="1" hai0="124,96,65,98,75,112,48,118,13,80,42,82,69" hai1="105,101,64,32,37,35,78,52,14,123,114,28,26" hai2="62,24,127,22,81,20,15,88,134,33,107,0,71" hai3="122,38,85,76,11,30,44,5,129,18,111,56,103"/><U74/><E114/><V119/><F107/><W2/><G122/><T104/><D112/><U19/><E123/><V47/><F0/><W23/><G111/><T73/><D124/><U21/><E37/><V57/><F127/><W83/><G129/><T84/><D65/><U72/><E35/><V67/><F33/><W58/><G30/><T89/><D69/><U100/><E64/><V130/><F130/><W109/><G109/><T128/><D13/><U1/><E78/><V61/><F134/><W29/><G29/><T3/><D3/><U6/><E52/><V36/><F15/><W90/><G103/><N who="1" m="39498" /><E105/><V125/><F125/><W45/><G90/><T8/><D104/><U27/><E27/><V86/><F119/><W92/><G92/><T133/><D118/><U63/><E63/><V7/><F7/><W59/><REACH who="3" step="1"/><G38/><REACH who="3" ten="170,330,250,240" step="2"/><T31/><D31/><U68/><E68/><V66/><REACH who="2" step="1"/><F24/><AGARI ba="0,1" hai="2,5,11,18,23,24,44,45,56,58,59,76,83,85" machi="24" ten="40,2600,0" yaku="1,1,2,1,53,0" doraHai="113" doraHaiUra="9" who="3" fromWho="2" sc="170,0,330,0,250,-26,240,36" />
</Scene>
<Scene>
<INIT seed="2,0,0,4,1,122" ten="170,330,224,276" oya="2" hai0="71,130,131,15,31,33,116,80,109,118,13,0,28" hai1="46,121,98,127,68,25,96,38,17,72,82,35,81" hai2="86,62,43,108,1,135,22,5,67,64,126,8,34" hai3="97,48,37,103,75,106,26,63,84,132,19,40,51"/><V58/><F34/><W125/><G75/><T93/><D71/><U78/><E68/><V50/><F135/><W32/><G132/><T53/><D80/><U7/><E121/><V23/><F126/><W69/><G125/><T6/><D93/><U83/><E127/><V128/><F128/><N who="0" m="49194" /><D53/><U21/><E35/><V113/><F113/><W2/><G2/><T11/><D109/><U59/><E59/><V3/><F3/><W102/><G102/><T134/><D134/><U123/><E123/><V39/><F39/><W4/><G4/><T36/><D36/><U120/><E120/><V73/><F73/><W124/><G124/><T12/><D33/><U20/><E7/><V30/><F30/><AGARI ba="0,0" hai="0,6,11,12,13,15,28,30,31,116,118" m="49194" machi="30" ten="40,5200,0" yaku="19,1,34,2" doraHai="122" who="0" fromWho="2" sc="170,52,330,0,224,-52,276,0" />
</Scene>
<Scene>
<INIT seed="3,0,0,3,5,84" ten="222,330,172,276" oya="3" hai0="32,20,73,4,103,127,50,10,28,128,29,77,18" hai1="44,90,129,21,124,19,11,55,126,74,86,119,116" hai2="27,0,30,57,54,37,58,26,3,23,39,98,71" hai3="134,93,113,56,109,75,63,67,66,107,25,125,70"/><W45/><G107/><T5/><D128/><U110/><E74/><V17/><F71/><W94/><G113/><T12/><D127/><N who="1" m="48683" /><E129/><V105/><F105/><W2/><G2/><T34/><D103/><U106/><E106/><V102/><F102/><W76/><G134/><T82/><D50/><N who="1" m="29127" /><E110/><V22/><F98/><W115/><G115/><T72/><D72/><U1/><E1/><V7/><F7/><N who="0" m="2634" /><D82/><N who="1" m="49495" /><E11/><V52/><REACH who="2" step="1"/><F17/><REACH who="2" ten="222,330,162,276" step="2"/><W85/><G70/><T9/><D73/><U65/><E19/><V15/><F15/><W41/><G75/><T100/><D100/><U131/><E131/><V101/><F101/><W36/><G109/><T118/><D118/><U48/><E119/><V35/><F35/><N who="0" m="13354" /><D77/><U40/><E116/><V47/><F47/><W16/><G45/><T91/><D91/><U61/><E40/><V130/><F130/><W33/><G41/><T83/><D83/><U122/><E122/><V69/><F69/><W114/><G76/><T108/><D108/><U117/><E117/><V31/><AGARI ba="0,1" hai="0,3,22,23,26,27,30,31,37,39,52,54,57,58" machi="31" ten="25,8000,1" yaku="1,1,0,1,22,2,54,1,53,0" doraHai="84" doraHaiUra="132" who="2" fromWho="2" sc="222,-20,330,-20,162,90,276,-40" />
</Scene>
<Scene>
<INIT seed="4,0,0,5,0,27" ten="202,310,252,236" oya="0" hai0="28,135,55,82,105,76,95,118,37,59,98,17,104" hai1="5,81,108,13,96,71,90,129,23,11,25,83,40" hai2="112,126,14,16,64,60,63,1,97,102,49,75,99" hai3="113,35,51,85,53,94,88,80,134,68,78,7,32"/><T0/><D0/><U58/><E108/><V128/><F1/><W38/><G38/><T93/><D37/><U65/><E71/><V41/><F75/><W110/><G110/><T114/><D118/><U91/><E40/><V29/><F112/><W117/><G117/><T26/><D135/><U43/><E43/><V33/><F126/><W89/><G68/><T20/><D114/><U111/><E129/><V132/><F132/><W31/><G134/><T133/><D93/><N who="1" m="56375" /><E91/><V9/><F64/><W61/><G113/><T120/><D120/><U84/><E84/><V12/><F33/><W109/><G109/><T44/><D44/><U62/><E111/><V67/><F67/><W48/><G7/><T124/><D124/><U121/><E121/><V79/><F79/><W87/><G78/><T19/><D105/><U54/><E65/><V131/><F97/><W127/><G127/><T10/><D104/><U18/><AGARI ba="0,0" hai="5,11,13,18,23,25,54,58,62,81,83" m="56375" machi="18" ten="30,2000,0" yaku="25,1,8,1" doraHai="27" who="1" fromWho="1" sc="202,-10,310,20,252,-5,236,-5" />
</Scene>
<Scene>
<INIT seed="5,0,0,4,2,75" ten="192,330,247,231" oya="1" hai0="10,58,83,97,52,107,54,135,89,94,98,64,31" hai1="68,66,110,6,91,0,7,20,13,85,47,90,133" hai2="118,29,92,2,62,15,114,126,40,120,109,100,112" hai3="115,41,16,129,72,24,130,113,43,80,111,99,57"/><U18/><E133/><V32/><F2/><W103/><G111/><T12/><D135/><U23/><E110/><V95/><F120/><W3/><G3/><T61/><D31/><U101/><E101/><V19/><F118/><W5/><G5/><T122/><D122/><U78/><E23/><V73/><F40/><N who="3" m="15435" /><G57/><T53/><D107/><U9/><E7/><V127/><F73/><W96/><G24/><T25/><D25/><U93/><E47/><V50/><F50/><W82/><G16/><N who="0" m="8215" /><D83/><N who="3" m="31785" /><G72/><T28/><D28/><U51/><E51/><V131/><F29/><W124/><G124/><N who="2" m="47657" /><F32/><W30/><G30/><T84/><AGARI ba="0,0" hai="52,53,54,58,61,64,84,89,94,97,98" m="8215" machi="84" ten="30,4000,0" yaku="8,1,54,2" doraHai="75" who="0" fromWho="0" sc="192,40,330,-20,247,-10,231,-10" />
</Scene>
<Scene>
<INIT seed="6,0,0,5,4,48" ten="232,310,237,221" oya="2" hai0="67,126,18,105,71,53,21,63,81,11,107,38,94" hai1="122,82,46,88,23,121,98,104,118,42,84,0,4" hai2="91,27,17,7,109,52,49,103,51,77,78,9,5" hai3="25,29,75,90,102,120,106,54,134,129,76,101,99"/><V89/><F109/><W61/><G120/><N who="1" m="46186" /><E118/><V96/><F49/><W130/><G134/><T100/><D38/><U111/><E111/><V57/><F103/><W35/><G101/><T16/><D81/><U83/><E23/><N who="2" m="13807" /><F9/><W47/><G90/><N who="2" m="34313" /><F96/><W40/><G76/><AGARI ba="0,0" hai="5,7,51,52,57,76,77,78" m="34313,13807" machi="76" ten="30,5800,0" yaku="8,1,52,1,54,1" doraHai="48" who="2" fromWho="3" sc="232,0,310,0,237,58,221,-58" />
</Scene>
<Scene>
<INIT seed="6,1,0,5,1,87" ten="232,310,295,163" oya="2" hai0="16,15,42,84,56,29,54,114,82,104,77,105,36" hai1="107,119,100,123,52,122,5,74,45,17,18,99,19" hai2="70,21,79,23,40,48,135,133,50,86,91,38,126" hai3="102,55,130,63,20,89,88,115,8,124,31,76,2"/><V90/><F70/><W10/><G124/><T37/><D114/><U73/><E119/><V35/><F35/><W75/><G115/><T25/><D42/><U9/><E52/><V118/><F118/><W98/><G130/><T121/><D37/><U129/><E45/><N who="2" m="23703" /><F126/><W60/><G75/><T49/><D36/><U22/><E22/><N who="2" m="8203" /><F79/><W30/><G76/><T3/><D3/><N who="1" m="191" /><E129/><V62/><F62/><N who="3" m="23595" /><G2/><T33/><D121/><AGARI ba="1,0" hai="17,18,19,73,74,99,100,107,121,122,123" m="191" machi="121" ten="30,1000,0" yaku="13,1" doraHai="87" who="1" fromWho="0" sc="232,-13,310,13,295,0,163,0" />
</Scene>
<Scene>
<INIT seed="7,0,0,3,0,104" ten="219,323,295,163" oya="3" hai0="69,46,82,102,41,67,125,1,21,57,120,37,108" hai1="73,56,9,79,88,18,134,87,66,126,111,58,93" hai2="99,51,132,13,48,36,124,109,74,34,63,30,92" hai3="40,75,50,84,62,118,42,94,28,77,47,32,43"/><W24/><G118/><T16/><D1/><U29/><E111/><V7/><F109/><W85/><G62/><T17/><D108/><U76/><E126/><V20/><F36/><W71/><G71/><T95/><D125/><U115/><E115/><V49/><F34/><W70/><G70/><T15/><D120/><U113/><E113/><V61/><F74/><W27/><G27/><T55/><D82/><U97/><E73/><V68/><F68/><W52/><REACH who="3" step="1"/><G94/><REACH who="3" ten="219,323,295,153" step="2"/><T117/><D117/><U44/><E93/><V72/><F63/><W64/><G64/><T103/><D95/><U119/><E66/><V127/><F61/><W91/><G91/><T23/><D67/><U39/><E88/><V110/><F124/><W8/><G8/><T26/><D69/><U19/><E9/><N who="2" m="4287" /><F127/><W96/><G96/><T128/><D128/><U78/><E97/><V12/><F110/><W0/><G0/><T107/><D107/><U4/><E119/><V131/><F131/><W114/><G114/><T25/><D25/><U14/><E78/><V35/><F99/><W65/><G65/><T5/><D102/><U59/><E79/><V54/><F92/><W90/><G90/><T101/><D103/><U3/><E76/><V106/><F106/><W89/><G89/><T105/><D101/><U80/><E3/><V129/><F129/><W130/><G130/><T122/><D105/><U60/><E60/><V133/><F12/><W10/><G10/><T83/><D26/><U11/><E14/><V6/><F133/><W22/><G22/><T53/><D15/><N who="1" m="5607" /><E134/><V81/><F132/><RYUUKYOKU ba="0,1" sc="219,-10,323,-10,295,-10,153,30" hai3="24,28,32,40,42,43,47,50,52,75,77,84,85" />
</Scene>
<Scene>
<INIT seed="7,1,1,5,5,19" ten="209,313,285,183" oya="3" hai0="30,43,32,83,94,68,97,46,133,10,33,84,31" hai1="34,80,49,18,13,47,2,11,99,125,37,108,63" hai2="107,134,73,61,118,6,45,57,78,121,35,88,103" hai3="120,122,81,86,16,29,22,20,102,69,14,90,67"/><W71/><G102/><T48/><D68/><U76/><E108/><V104/><F118/><W21/><G29/><T128/><D133/><U96/><E34/><V7/><F35/><W101/><G101/><N who="0" m="60599" /><D128/><U116/><E37/><V55/><F103/><W106/><G106/><T64/><D33/><U23/><E125/><V44/><F134/><W3/><G3/><T100/><D100/><U135/><E135/><V54/><F73/><W56/><G56/><T42/><D64/><U93/><E63/><N who="2" m="36279" /><F78/><W132/><G132/><T98/><D98/><U79/><E116/><V60/><F121/><W50/><G50/><T36/><D36/><U112/><E112/><V117/><F117/><W111/><G111/><T105/><D105/><U87/><E76/><V89/><F104/><W27/><G67/><T9/><D43/><N who="1" m="24831" /><E2/><V24/><F24/><W75/><G75/><T74/><D74/><U72/><E72/><V91/><F107/><W0/><G0/><T85/><D85/><N who="1" m="48287" /><E11/><N who="0" m="4105" /><D32/><U119/><E119/><V58/><F61/><W131/><G131/><T53/><D42/><U51/><E51/><V17/><F17/><W28/><REACH who="3" step="1"/><G20/><REACH who="3" ten="209,313,285,173" step="2"/><T70/><D70/><AGARI ba="1,2" hai="14,16,21,22,27,28,69,70,71,81,86,90,120,122" machi="70" ten="40,18000,2" yaku="1,1,2,1,52,2,54,1,53,1" doraHai="19" doraHaiUra="25" who="3" fromWho="0" sc="209,-183,313,0,285,0,173,203" owari="26,-47.0,313,11.0,285,-11.0,376,47.0" />
</Scene>
</mjloggm>