<mjloggm ver="2.3"><GO type="169" lobby="0"/><UN n0="%E5%A4%AA%E3%81%8F%E3%81%AA%E3%81%84%E3%81%8A" n1="%E3%81%AE%E3%81%A1%E3%82%86%E3%82%93" n2="%6D%61%74%69%6F%73%61%6E" n3="%E9%A3%9B%E3%81%B3%E3%82%B7%E3%83%A3%E3%83%81" dan="17,16,16,16" rate="2156.88,2180.94,2098.51,2121.36" sx="F,F,M,F"/><TAIKYOKU oya="0"/>

<Scene>
<INIT seed="0,0,0,4,2,121" ten="250,250,250,250" oya="0" hai0="79,78,23,94,19,108,62,21,42,74,110,87,6" hai1="93,130,69,29,63,81,25,107,48,17,20,27,85" hai2="80,133,12,44,61,58,111,53,77,28,129,76,49" hai3="36,41,15,30,3,123,105,83,75,5,118,33,40"/><T90/><D6/><U72/><E107/><V1/><F1/><W50/><G105/><T122/><D122/><U117/><E117/><V115/><F115/><W13/><G123/><T124/><D124/><U106/><E106/><V66/><F133/><W89/><G118/><T43/><D62/><U59/><E130/><V131/><F28/><W103/><G103/><T70/><D70/><U91/><E72/><V119/><F119/><W86/><G75/><T104/><D104/><U92/><E69/><V97/><F97/><W47/><G40/><N who="0" m="15403" /><D74/><U88/><E48/><V82/><F12/><W4/><G36/><T96/><D96/><U64/><REACH who="1" step="1"/><E91/><REACH who="1" ten="250,240,250,250" step="2"/><V46/><F131/><W120/><G120/><T51/><D51/><U57/><E57/><V116/><F129/><W24/><G3/><T60/><D60/><U9/><E9/><V102/><F116/><W109/><G4/><T45/><D45/><U101/><E101/><V22/><F102/><W2/><G2/><T114/><D114/><U54/><E54/><V35/><F46/><W135/><G5/><T11/><D11/><U8/><E8/><V100/><F100/><W128/><G128/><T7/><D7/><U99/><E99/><V55/><F44/><W84/><G135/><T52/><D52/><U38/><E38/><V126/><F55/><W95/><G47/><T14/><D79/><U10/><E10/><V34/><F76/><W16/><G50/><T18/><D78/><U0/><E0/><V112/><F77/><W125/><G89/><T134/><D134/><U65/><E65/><V98/><F112/><RYUUKYOKU ba="0,1" sc="250,15,240,15,250,-15,250,-15" hai0="14,18,19,21,23,87,90,94,108,110" hai1="17,20,25,27,29,59,63,64,81,85,88,92,93" />
</Scene>
<Scene>
<INIT seed="0,1,1,5,2,67" ten="265,255,235,235" oya="0" hai0="96,25,79,134,11,86,106,44,118,88,39,126,95" hai1="22,27,107,75,99,98,87,89,50,76,60,51,63" hai2="45,18,8,69,64,19,14,16,73,102,10,58,127" hai3="129,23,105,66,93,48,17,130,42,43,28,37,112"/><T0/><D118/><U38/><E38/><V36/><F73/><W115/><G105/><T46/><D134/><U1/><E1/><V121/><F121/><W114/><G28/><T101/><D126/><U68/><E76/><V35/><F35/><W84/><G66/><T31/><D39/><U7/><E75/><V55/><F127/><W108/><G37/><T74/><D0/><U131/><E7/><V13/><F102/><W133/><G133/><T124/><D11/><U53/><E107/><V104/><F104/><W135/><G135/><T40/><D40/><U33/><E33/><V125/><F125/><W92/><G108/><T41/><D41/><U117/><E117/><V78/><F78/><W110/><G110/><T72/><D124/><U94/><E131/><N who="3" m="50186" /><G84/><T21/><D72/><U56/><E68/><V6/><F69/><W77/><G77/><T109/><D109/><U34/><E34/><V85/><F64/><W49/><G17/><T111/><D111/><U128/><E128/><V5/><F85/><W26/><G26/><T57/><D57/><U82/><E60/><V3/><F36/><W30/><G30/><T54/><D54/><U32/><E32/><V90/><F45/><W62/><G62/><T123/><D123/><U12/><E99/><V120/><F120/><W119/><G23/><T20/><D21/><U9/><E98/><V80/><F3/><W59/><G119/><T52/><D52/><U15/><E53/><V24/><F24/><W83/><G83/><AGARI ba="1,1" hai="20,25,31,44,46,74,79,83,86,88,95,96,101,106" machi="83" ten="40,7700,0" yaku="24,2,54,1" doraHai="67" who="0" fromWho="3" sc="265,90,255,0,235,0,235,-80" />
</Scene>
<Scene>
<INIT seed="0,2,0,5,0,48" ten="355,255,235,155" oya="0" hai0="61,71,113,36,49,112,124,60,134,34,64,2,89" hai1="116,6,128,121,75,5,19,109,8,117,120,82,76" hai2="119,79,28,27,7,125,103,63,32,11,85,118,95" hai3="67,50,81,51,108,26,65,70,53,106,110,86,130"/><T56/><D2/><U127/><E19/><V23/><F125/><W87/><G106/><T38/><D34/><U92/><E6/><V107/><F107/><W44/><G26/><T33/><D33/><U59/><E59/><V43/><F43/><N who="3" m="24863" /><G87/><T135/><D89/><U29/><E29/><V97/><F63/><N who="3" m="40255" /><G86/><T104/><D49/><U24/><E24/><V3/><REACH who="2" step="1"/><F32/><REACH who="2" ten="355,255,225,155" step="2"/><W98/><G81/><AGARI ba="2,1" hai="3,7,11,23,27,28,79,81,85,95,97,103,118,119" machi="81" ten="40,2600,0" yaku="1,1,2,1,53,0" doraHai="48" doraHaiUra="101" who="2" fromWho="3" sc="355,0,255,0,225,42,155,-32" />
</Scene>
<Scene>
<INIT seed="1,0,0,3,1,98" ten="355,255,267,123" oya="1" hai0="29,83,91,122,58,55,64,99,112,88,75,108,119" hai1="19,25,81,107,20,109,52,120,76,130,47,131,38" hai2="50,44,16,93,74,27,39,121,82,10,8,24,92" hai3="94,23,14,63,54,132,96,135,12,67,65,6,35"/><U102/><E120/><V48/><F121/><W21/><G35/><T26/><D122/><U43/><E109/><V51/><F39/><W4/><G63/><T118/><D64/><U11/><E11/><V105/><F105/><W87/><G87/><T61/><D112/><U37/><E37/><V5/><F44/><W126/><G96/><T110/><D75/><U40/><E40/><V106/><F106/><W95/><REACH who="3" step="1"/><G54/><REACH who="3" ten="355,255,267,113" step="2"/><T97/><D99/><U113/><E52/><V124/><F74/><W62/><G62/><T42/><D97/><U66/><E113/><V60/><F60/><W127/><AGARI ba="0,1" hai="4,6,12,14,21,23,65,67,94,95,126,127,132,135" machi="127" ten="25,12000,2" yaku="1,1,0,1,22,2,53,2" doraHai="98" doraHaiUra="2" who="3" fromWho="3" sc="355,-30,255,-60,267,-30,113,130" />
</Scene>
<Scene>
<INIT seed="2,0,0,3,5,111" ten="325,195,237,243" oya="2" hai0="31,16,44,24,7,23,13,74,1,81,87,130,37" hai1="52,78,14,116,49,98,33,67,35,51,64,55,100" hai2="131,38,58,73,109,72,17,45,94,91,104,80,120" hai3="85,134,70,133,47,41,30,9,69,68,57,48,119"/><V20/><F120/><W18/><G119/><T95/><D130/><U2/><E2/><V8/><F104/><W115/><G30/><T6/><D74/><U118/><E78/><V93/><F131/><W28/><G85/><T61/><D95/><U86/><E86/><V75/><F109/><W54/><G28/><T42/><D61/><U82/><E82/><V60/><F8/><W84/><G84/><T11/><REACH who="0" step="1"/><D1/><REACH who="0" ten="315,195,237,243" step="2"/><U19/><E118/><V102/><F73/><W4/><G18/><T79/><AGARI ba="0,1" hai="6,7,11,13,16,23,24,31,37,42,44,79,81,87" machi="79" ten="20,8000,1" yaku="1,1,2,1,0,1,7,1,54,1,53,0" doraHai="111" doraHaiUra="108" who="0" fromWho="0" sc="315,90,195,-20,237,-40,243,-20" />
</Scene>
<Scene>
<INIT seed="3,0,0,3,4,16" ten="405,175,197,223" oya="3" hai0="43,85,113,33,71,121,65,70,8,48,9,69,27" hai1="105,123,6,57,117,49,20,96,93,68,107,3,88" hai2="98,115,92,74,41,54,2,44,21,0,52,106,18" hai3="14,124,101,40,120,34,67,35,104,61,42,129,134"/><W10/><G120/><T72/><D72/><U135/><E68/><V83/><F106/><W114/><G114/><T99/><D121/><U109/><E123/><V30/><F30/><W76/><G76/><T62/><D113/><U111/><E117/><V31/><F31/><W118/><G118/><T91/><D43/><U17/><E135/><V122/><F122/><W47/><G134/><T24/><D48/><U11/><E49/><V36/><F115/><W66/><G129/><T53/><D53/><U82/><E82/><V37/><F37/><W103/><G124/><T38/><D38/><U1/><E57/><V128/><F128/><W64/><G61/><T90/><D99/><U126/><E1/><V32/><F32/><W110/><G110/><N who="1" m="41994" /><E126/><V125/><F125/><W112/><G112/><T73/><D73/><U58/><E58/><V95/><F2/><W130/><G130/><T89/><D85/><U127/><E127/><V119/><F0/><W25/><G104/><T84/><D84/><U116/><E116/><V28/><F119/><W23/><G35/><T4/><D4/><BYE who="0" /><U45/><E45/><V86/><F74/><W77/><G77/><T15/><D15/><AGARI ba="0,0" hai="3,6,11,15,17,20,88,93,96,105,107" m="41994" machi="15" ten="30,3900,0" yaku="14,1,52,1,54,1" doraHai="16" who="1" fromWho="0" sc="405,-39,175,39,197,0,223,0" />
</Scene>
<Scene>
<INIT seed="4,0,0,0,2,68" ten="366,214,197,223" oya="0" hai0="101,29,62,94,122,39,56,48,60,40,34,134,15" hai1="26,128,132,96,95,108,119,115,107,76,130,74,31" hai2="16,67,103,124,102,18,9,13,97,33,21,100,82" hai3="12,49,27,37,23,77,4,99,61,75,24,14,81"/><T25/><D25/><U45/><E119/><V113/><F33/><W118/><G118/><T70/><D70/><U133/><E108/><V36/><F113/><W58/><G37/><UN n0="%E5%A4%AA%E3%81%8F%E3%81%AA%E3%81%84%E3%81%8A" /><T59/><D122/><U116/><E116/><V87/><F124/><W32/><G49/><T54/><D34/><U106/><E115/><V50/><F36/><W104/><G4/><T88/><D29/><U64/><E64/><V10/><F67/><W125/><G125/><T127/><D101/><N who="1" m="60575" /><E45/><V52/><F97/><W91/><G32/><T7/><D127/><U110/><E26/><V28/><F28/><W38/><G38/><T98/><D134/><N who="1" m="51819" /><E31/><V89/><REACH who="2" step="1"/><F18/><REACH who="2" ten="366,214,187,223" step="2"/><W41/><G99/><T80/><D39/><U5/><E110/><V11/><F11/><W111/><G111/><T131/><D98/><U0/><E5/><V65/><F65/><W1/><G23/><T73/><D7/><U55/><E0/><V135/><F135/><W109/><G1/><T129/><D129/><N who="1" m="49771" /><E55/><V8/><F8/><W120/><G109/><T123/><D54/><U30/><E30/><V78/><F78/><W69/><G120/><T51/><D123/><U6/><E6/><V71/><F71/><W3/><G3/><T84/><D131/><U2/><E2/><V42/><F42/><W35/><G41/><T105/><D40/><U63/><E63/><V92/><F92/><W79/><G69/><T47/><D94/><U72/><E76/><V57/><AGARI ba="0,1" hai="9,10,13,16,21,50,52,57,82,87,89,100,102,103" machi="57" ten="30,8000,1" yaku="1,1,0,1,8,1,54,2,53,0" doraHai="68" doraHaiUra="20" who="2" fromWho="2" sc="366,-40,214,-20,187,90,223,-20" />
</Scene>
<Scene>
<INIT seed="5,0,0,5,4,71" ten="326,194,277,203" oya="1" hai0="27,48,104,49,125,67,23,80,1,16,34,120,18" hai1="35,47,76,53,100,26,105,79,60,128,95,77,22" hai2="64,107,73,20,129,102,31,0,45,33,81,97,111" hai3="115,121,74,2,123,92,103,82,7,122,29,19,38"/><U101/><E35/><V117/><F20/><W70/><G70/><T57/><D104/><U133/><E105/><V54/><F117/><W6/><G29/><T8/><D34/><U86/><E128/><V62/><F54/><W9/><G19/><T130/><D130/><U43/><E133/><V30/><F30/><W134/><G134/><T126/><D120/><U14/><E14/><V15/><F15/><W93/><G7/><N who="0" m="1135" /><D80/><U37/><E53/><V72/><F129/><W24/><G24/><T106/><D106/><U119/><E60/><V4/><F45/><W46/><G103/><T59/><D18/><U135/><E135/><V78/><F111/><W116/><G115/><T3/><D3/><U21/><E119/><V55/><F55/><W96/><G116/><T13/><D13/><U40/><E43/><V131/><F131/><W12/><G12/><T110/><D110/><U10/><E10/><N who="2" m="2311" /><F73/><W75/><G75/><T94/><D94/><U68/><E68/><N who="2" m="42007" /><F31/><W69/><G69/><T109/><D109/><U91/><REACH who="1" step="1"/><E21/><REACH who="1" ten="326,184,277,203" step="2"/><V25/><F25/><W84/><G96/><T88/><D23/><U17/><AGARI ba="0,1" hai="17,22,26,37,40,47,76,77,79,86,91,95,100,101" machi="17" ten="30,11700,0" yaku="1,1,2,1,0,1,52,1,53,0" doraHai="71" doraHaiUra="44" who="1" fromWho="1" sc="326,-39,184,127,277,-39,203,-39" />
</Scene>
<Scene>
<INIT seed="5,1,0,2,1,21" ten="287,311,238,164" oya="1" hai0="14,61,47,99,55,129,39,3,131,8,48,78,71" hai1="80,64,90,4,38,62,126,132,135,17,53,117,72" hai2="89,119,123,122,67,45,16,22,81,54,59,113,92" hai3="100,43,88,110,20,11,56,60,52,63,13,50,40"/><U120/><E117/><V87/><F119/><W109/><G100/><T42/><D3/><U5/><E38/><V105/><F105/><W2/><G2/><T97/><D78/><U46/><E120/><V1/><F1/><W86/><G110/><T15/><D15/><U112/><E126/><V134/><F134/><W94/><G109/><T29/><D29/><U76/><E90/><V118/><F118/><W6/><G20/><T44/><D71/><U107/><E107/><V30/><F30/><W10/><G10/><T116/><D61/><AGARI ba="1,0" hai="6,11,13,40,43,50,52,56,60,61,63,86,88,94" machi="61" ten="40,5200,0" yaku="8,1,54,2" doraHai="21" who="3" fromWho="0" sc="287,-55,311,0,238,0,164,55" />
</Scene>
<Scene>
<INIT seed="6,0,0,4,5,108" ten="232,311,238,219" oya="2" hai0="109,55,107,54,87,6,73,74,71,70,17,47,69" hai1="119,49,23,34,121,126,111,8,9,61,77,110,128" hai2="114,60,125,84,122,45,123,27,16,68,32,19,72" hai3="46,33,75,1,14,92,94,67,79,3,115,89,66"/><V130/><F72/><W43/><G33/><T91/><D109/><U13/><E77/><V58/><F68/><W22/><G3/><T133/><D107/><U25/><E61/><V48/><F125/><W112/><G1/><T7/><D17/><U105/><E105/><V85/><F130/><W50/><G79/><T31/><D31/><U100/><E100/><V64/><F123/><W102/><G75/><N who="0" m="28683" /><D87/><U24/><E49/><V42/><F122/><W98/><G14/><T5/><D47/><U39/><E39/><V56/><F32/><W28/><G22/><T88/><D133/><U10/><E121/><V21/><F56/><W41/><G28/><T83/><D83/><U131/><E119/><V57/><F57/><W106/><G41/><T132/><D132/><U0/><E126/><V90/><F19/><W134/><G134/><T78/><D78/><U104/><E104/><V59/><F58/><W15/><G15/><T82/><D82/><U4/><E110/><V95/><F85/><N who="3" m="52271" /><G106/><T80/><D80/><U29/><E111/><V118/><F118/><W117/><G117/><T53/><AGARI ba="0,0" hai="5,6,7,53,54,55,69,70,71,88,91" m="28683" machi="53" ten="50,8000,1" yaku="29,2,28,2,54,1" doraHai="108" who="0" fromWho="0" sc="232,80,311,-20,238,-40,219,-20" />
</Scene>
<Scene>
<INIT seed="7,0,0,2,3,115" ten="312,291,198,199" oya="3" hai0="78,130,83,45,80,5,64,17,112,8,100,57,10" hai1="63,14,34,127,43,117,44,114,69,82,66,118,76" hai2="37,74,30,88,90,11,122,33,13,102,58,20,49" hai3="19,25,51,22,103,35,94,111,53,135,109,104,125"/><W92/><G35/><T116/><D116/><N who="1" m="44651" /><E114/><V15/><F37/><W16/><G135/><T121/><D121/><U81/><E127/><V3/><F74/><W84/><G125/><T2/><D112/><U0/><E0/><V131/><F3/><W46/><G19/><T95/><D130/><U39/><E34/><V133/><F122/><W48/><G84/><T132/><D132/><U96/><E76/><V73/><F133/><W56/><G104/><T124/><D124/><U9/><E96/><V126/><F73/><W28/><G28/><T50/><D100/><U7/><AGARI ba="0,0" hai="7,9,14,39,43,44,63,66,69,81,82" m="44651" machi="7" ten="30,7900,0" yaku="12,1,52,3" doraHai="115" who="1" fromWho="1" sc="312,-20,291,79,198,-20,199,-39" owari="292,9.0,370,47.0,178,-22.0,160,-34.0" />
</Scene>
</mjloggm>