<mjloggm ver="2.3"><GO type="169" lobby="0"/><UN n0="%4B%E3%80%82" n1="%65%69%6B%31" n2="%E5%A4%AA%E3%81%8F%E3%81%AA%E3%81%84%E3%81%8A" n3="%E3%81%B6%E3%81%9F%EF%BC%A0%E3%81%A1%E3%82%85%E3%81%86" dan="17,16,17,16" rate="2172.82,2099.96,2180.22,2025.07" sx="M,M,F,M"/><TAIKYOKU oya="0"/>

<Scene>
<INIT seed="0,0,0,0,3,41" ten="250,250,250,250" oya="0" hai0="26,133,62,103,44,121,80,73,35,69,28,96,1" hai1="122,63,54,16,104,109,66,93,75,81,52,91,8" hai2="42,76,99,38,57,68,25,115,49,7,131,124,95" hai3="101,113,22,30,39,58,34,61,117,64,102,90,51"/><T108/><D121/><U116/><E104/><V134/><F68/><W78/><G39/><T14/><D133/><U130/><E122/><V128/><F115/><W37/><G37/><T60/><D1/><U65/><E116/><V107/><F107/><W84/><G34/><T6/><D108/><U67/><E109/><V70/><F70/><W87/><G113/><T0/><D69/><U31/><E130/><V119/><F119/><W125/><G125/><T10/><D73/><U20/><E63/><V47/><F124/><W72/><G72/><T19/><D80/><U89/><E8/><V59/><F134/><W129/><G129/><N who="2" m="49737" /><F76/><W17/><G30/><T127/><D44/><U92/><E31/><V71/><F71/><W12/><G117/><T2/><D2/><U24/><E81/><V48/><F7/><W32/><G32/><T3/><D3/><U85/><REACH who="1" step="1"/><E75/><REACH who="1" ten="250,240,250,250" step="2"/><V98/><F95/><W77/><G77/><T5/><D127/><U111/><E111/><V18/><F18/><W110/><G110/><T40/><D6/><U27/><E27/><V74/><F25/><W126/><G126/><T88/><D60/><U23/><E23/><V45/><F74/><W33/><G33/><T29/><D62/><U105/><E105/><V50/><F38/><W4/><G4/><T36/><D29/><U21/><E21/><V46/><F42/><W135/><G135/><T106/><D40/><U94/><E94/><V79/><F79/><W112/><G112/><T86/><D36/><U11/><E11/><V9/><F9/><W100/><G78/><T56/><D10/><RYUUKYOKU ba="0,1" sc="250,-15,240,15,250,15,250,-15" hai1="16,20,24,52,54,65,66,67,85,89,91,92,93" hai2="45,46,47,48,49,50,57,59,98,99" />
</Scene>
<Scene>
<INIT seed="1,1,1,2,2,92" ten="235,255,265,235" oya="1" hai0="106,74,96,125,68,8,44,114,51,63,117,98,120" hai1="20,123,99,66,42,128,35,104,72,61,122,48,134" hai2="79,56,83,100,112,132,107,53,67,1,49,80,127" hai3="19,105,111,18,116,78,69,118,103,30,102,33,9"/><U91/><E72/><V88/><F1/><W109/><G69/><T130/><D114/><U108/><E35/><V24/><F112/><W0/><G78/><T101/><D74/><U85/><E134/><V135/><F127/><W4/><G105/><T110/><D117/><N who="3" m="45161" /><G102/><T64/><D110/><N who="3" m="41993" /><G103/><T36/><D36/><U23/><E108/><V55/><F67/><W17/><G33/><T31/><D130/><U71/><E128/><V11/><F11/><N who="3" m="2439" /><G30/><T82/><D31/><U93/><E104/><V7/><F7/><W46/><G46/><T76/><D125/><U16/><E85/><V95/><F100/><W54/><G54/><T77/><D120/><U94/><E94/><V34/><F107/><W57/><G57/><T90/><D77/><U26/><REACH who="1" step="1"/><E23/><REACH who="1" ten="235,245,265,235" step="2"/><V38/><F132/><W39/><G39/><T37/><D37/><U43/><E43/><V10/><F135/><W119/><G119/><T121/><D76/><U129/><E129/><V133/><F133/><W14/><AGARI ba="1,2" hai="9,14,17,18,19" m="2439,41993,45161" machi="14" ten="40,8000,1" yaku="12,1,14,1,34,2" doraHai="92" who="3" fromWho="3" sc="235,-21,245,-41,265,-21,235,103" />
</Scene>
<Scene>
<INIT seed="2,0,0,0,2,63" ten="214,204,244,338" oya="2" hai0="17,44,98,67,2,34,15,110,108,4,43,99,21" hai1="65,11,7,116,93,100,54,118,42,86,104,127,135" hai2="102,61,105,103,125,101,114,76,60,32,97,50,77" hai3="29,64,121,68,69,73,33,106,31,6,94,92,57"/><V16/><F114/><W13/><G106/><T124/><D34/><U53/><E104/><V112/><F112/><W62/><G73/><T18/><D124/><U115/><E115/><V72/><F32/><W82/><G121/><T131/><D131/><U59/><E127/><V49/><F125/><W8/><G33/><T119/><D119/><U56/><E135/><V48/><F105/><W84/><G68/><T85/><D85/><U132/><E132/><V113/><F113/><W83/><G69/><T20/><D2/><U10/><E42/><V88/><F72/><W71/><G71/><T14/><D4/><U27/><E27/><V22/><F76/><N who="3" m="46151" /><G83/><T111/><REACH who="0" step="1"/><D67/><REACH who="0" ten="204,204,244,338" step="2"/><U40/><E65/><V1/><F1/><W91/><G94/><T23/><D23/><U66/><E93/><N who="2" m="56487" /><F77/><W41/><G41/><T89/><D89/><U51/><E40/><V9/><F9/><W79/><G79/><T47/><D47/><U37/><E11/><V45/><F45/><W75/><G75/><T90/><D90/><U96/><E10/><V87/><F87/><AGARI ba="0,1" hai="6,8,13,29,31,57,62,64,87,91,92" m="46151" machi="87" ten="30,2000,0" yaku="8,1,52,1" doraHai="63" who="3" fromWho="2" sc="204,0,204,0,244,-20,338,30" />
</Scene>
<Scene>
<INIT seed="3,0,0,3,1,76" ten="204,204,224,368" oya="3" hai0="130,92,6,31,116,108,89,122,97,26,84,51,135" hai1="32,3,95,61,102,96,83,107,86,27,128,9,50" hai2="21,71,129,115,30,44,52,59,54,68,17,7,105" hai3="58,113,73,24,36,85,98,64,10,106,125,57,1"/><W94/><G36/><T67/><D122/><U16/><E128/><V133/><F115/><W126/><G73/><T56/><D116/><U33/><E61/><V28/><F105/><W14/><G1/><T72/><D72/><U77/><E50/><N who="2" m="28743" /><F71/><W2/><G2/><T75/><D75/><N who="1" m="43455" /><E3/><V8/><F68/><W93/><G113/><T119/><D119/><U22/><E9/><V110/><F110/><W70/><G70/><T60/><D108/><U4/><E4/><V41/><F41/><W62/><G58/><T13/><D135/><U82/><E82/><V87/><F129/><W20/><G106/><T88/><D130/><U112/><E112/><V53/><F53/><W127/><G85/><T47/><D6/><U35/><E35/><V25/><F133/><W39/><G39/><T120/><D13/><U123/><E123/><V55/><F55/><W79/><G79/><T45/><D120/><U132/><E132/><V46/><F46/><W66/><G66/><T5/><D5/><U29/><E29/><V49/><F87/><W111/><G111/><T99/><D51/><U42/><E42/><V101/><F7/><N who="3" m="3423" /><G98/><T18/><D97/><U37/><E37/><V12/><F30/><AGARI ba="0,0" hai="20,24,30,57,62,64,93,94,125,126,127" m="3423" machi="30" ten="30,1500,0" yaku="18,1" doraHai="76" who="3" fromWho="2" sc="204,0,204,0,224,-15,368,15" />
</Scene>
<Scene>
<INIT seed="3,1,0,0,1,24" ten="204,204,209,383" oya="3" hai0="22,120,48,36,2,125,86,53,102,127,85,108,111" hai1="26,79,63,17,44,93,39,15,126,84,97,49,77" hai2="61,43,25,37,0,10,80,46,71,76,73,83,14" hai3="69,34,47,122,52,3,18,27,75,16,100,134,133"/><W91/><G75/><T119/><D2/><U96/><E39/><V118/><F118/><W107/><G3/><T124/><D119/><U19/><E126/><V121/><F121/><W135/><G122/><T12/><D36/><U103/><E84/><N who="0" m="32361" /><D102/><U57/><E26/><V1/><F80/><W99/><G69/><T129/><D120/><U67/><E96/><V130/><F130/><W113/><G91/><T68/><D68/><U128/><E128/><V82/><F82/><W40/><G113/><T55/><D129/><U4/><E4/><V38/><F38/><W62/><G40/><T81/><D81/><U95/><E95/><V114/><F114/><W123/><G123/><T116/><D116/><U90/><E103/><V60/><F25/><W45/><G45/><N who="0" m="27791" /><D55/><N who="1" m="30119" /><E19/><AGARI ba="1,0" hai="12,19,22,108,111,124,125,127" m="27791,32361" machi="19" ten="40,1300,0" yaku="18,1" doraHai="24" who="0" fromWho="1" sc="204,16,204,-16,209,0,383,0" />
</Scene>
<Scene>
<INIT seed="4,0,0,3,4,25" ten="220,188,209,383" oya="0" hai0="42,5,96,84,124,3,94,98,0,92,21,13,88" hai1="116,82,7,113,48,18,24,28,75,56,109,120,76" hai2="127,86,78,34,61,71,51,8,114,16,93,134,103" hai3="95,130,38,110,19,65,4,77,85,11,37,62,10"/><T104/><D124/><U119/><E109/><V73/><F34/><W22/><G110/><T125/><D125/><U50/><E120/><V118/><F127/><W1/><G130/><T67/><D42/><U102/><E7/><V54/><F114/><W17/><G11/><T129/><D129/><U69/><E69/><V80/><F134/><W14/><G19/><T123/><D123/><U108/><E108/><V97/><F118/><W63/><G63/><T58/><D104/><U64/><E113/><V99/><F71/><W40/><G40/><T87/><D3/><U115/><E115/><V89/><F61/><W101/><G101/><T128/><D0/><U83/><E102/><V135/><F135/><W91/><REACH who="3" step="1"/><G77/><REACH who="3" ten="220,188,209,373" step="2"/><T47/><D128/><U41/><E18/><V27/><F103/><W15/><G15/><T59/><D13/><U30/><E41/><V117/><F117/><W107/><G107/><T81/><D5/><U39/><E76/><V133/><F133/><W74/><G74/><T35/><D67/><U33/><E75/><V68/><F8/><W72/><G72/><T126/><D126/><U43/><E43/><V23/><REACH who="2" step="1"/><F68/><AGARI ba="0,1" hai="1,4,10,14,17,22,37,38,62,65,68,85,91,95" machi="68" ten="30,3900,0" yaku="1,1,7,1,53,1" doraHai="25" doraHaiUra="6" who="3" fromWho="2" sc="220,0,188,0,209,-39,373,49" />
</Scene>
<Scene>
<INIT seed="5,0,0,0,1,0" ten="220,188,170,422" oya="1" hai0="115,24,27,129,46,30,83,51,44,111,112,69,52" hai1="77,78,79,10,80,120,21,62,87,90,118,35,38" hai2="132,48,7,127,9,75,94,45,39,104,121,55,124" hai3="31,60,40,108,84,54,41,56,76,93,110,100,123"/><U3/><E35/><V71/><F104/><W107/><G123/><T119/><D111/><N who="3" m="42537" /><G107/><T113/><D119/><U59/><E120/><V92/><F121/><W14/><G31/><T73/><D129/><U101/><E38/><V116/><F116/><W103/><G14/><T81/><D69/><U20/><E118/><V133/><F75/><W109/><G109/><T6/><D73/><U17/><E101/><V1/><F71/><W34/><G34/><N who="0" m="20807" /><D6/><U117/><E117/><V49/><F39/><W130/><G76/><T18/><D44/><U15/><REACH who="1" step="1"/><E3/><REACH who="1" ten="220,178,170,422" step="2"/><V126/><REACH who="2" step="1"/><F49/><REACH who="2" ten="220,178,160,422" step="2"/><N who="3" m="30799" /><G103/><T33/><D51/><U106/><E106/><V68/><F68/><W135/><G100/><T114/><D112/><U66/><AGARI ba="0,2" hai="10,15,17,20,21,59,62,66,77,78,79,80,87,90" machi="66" ten="30,6000,0" yaku="1,1,0,1,8,1,53,0" doraHai="0" doraHaiUra="50" who="1" fromWho="1" sc="220,-20,178,80,160,-20,422,-20" />
</Scene>
<Scene>
<INIT seed="5,1,0,5,1,55" ten="200,258,140,402" oya="1" hai0="5,47,77,43,66,53,61,118,14,78,45,124,62" hai1="111,12,46,127,15,41,40,2,33,107,121,87,135" hai2="100,132,82,95,63,52,96,71,22,102,56,117,69" hai3="79,37,50,134,84,109,25,122,70,80,119,68,26"/><U51/><E2/><V115/><F117/><W91/><G37/><T23/><D118/><U11/><E121/><V24/><F132/><W93/><G119/><T58/><D124/><U60/><E107/><V27/><F115/><W44/><G122/><T21/><D5/><U32/><E127/><V133/><F133/><W17/><G109/><T34/><D34/><U106/><E106/><V1/><F1/><W103/><G134/><T57/><D14/><U29/><E135/><V65/><F82/><W67/><G70/><T86/><D86/><U88/><E111/><V130/><F130/><W110/><G110/><T73/><D73/><U31/><E41/><V89/><F24/><W74/><G103/><T105/><D105/><U16/><E32/><V123/><F123/><W35/><G35/><T97/><D97/><U48/><E33/><V49/><REACH who="2" step="1"/><F71/><REACH who="2" ten="200,258,130,402" step="2"/><W126/><G68/><T99/><D99/><U39/><E15/><V6/><F6/><W75/><G126/><T10/><D10/><U59/><E31/><AGARI ba="1,1" hai="22,27,31,49,52,56,63,65,69,89,95,96,100,102" machi="31" ten="30,7700,0" yaku="1,1,7,1,52,1,54,1,53,0" doraHai="55" doraHaiUra="42" who="2" fromWho="1" sc="200,0,258,-80,130,90,402,0" />
</Scene>
<Scene>
<INIT seed="6,0,0,1,4,84" ten="200,178,220,402" oya="2" hai0="117,12,105,31,20,2,95,87,67,51,49,54,62" hai1="79,91,108,29,77,121,11,66,93,59,70,110,8" hai2="114,23,88,107,116,30,80,6,75,19,53,78,111" hai3="57,120,81,56,89,26,45,135,125,58,33,82,126"/><V38/><F116/><W18/><G120/><T36/><D105/><U64/><E70/><V15/><F107/><W118/><G118/><T55/><D2/><U43/><E121/><V46/><F114/><W28/><G135/><T94/><D36/><U98/><E43/><V50/><F111/><W71/><G71/><T101/><D117/><U122/><E122/><V35/><F6/><W132/><G132/><T63/><D67/><U129/><E129/><V17/><F38/><W104/><G104/><T97/><D51/><U42/><E110/><V109/><F109/><W113/><G113/><T37/><D37/><U96/><E108/><V133/><F133/><W115/><G115/><T102/><D12/><U5/><E42/><V61/><F61/><N who="0" m="23050" /><D49/><U22/><E59/><V32/><F30/><W10/><G45/><T39/><D39/><U60/><E98/><V92/><REACH who="2" step="1"/><F19/><REACH who="2" ten="200,178,210,402" step="2"/><W68/><G18/><T52/><D31/><U73/><E60/><V72/><F72/><W44/><G28/><T65/><D65/><U21/><E73/><V24/><F24/><W103/><G26/><T14/><D14/><N who="1" m="5391" /><E66/><V90/><F90/><W4/><G89/><N who="0" m="53567" /><D20/><N who="1" m="7787" /><E64/><V48/><F48/><W123/><G123/><T112/><D112/><U25/><E11/><V13/><F13/><W127/><G68/><T27/><D27/><U47/><E25/><V1/><F1/><W100/><G10/><T3/><D3/><U99/><E29/><V69/><F69/><W74/><G4/><T134/><D134/><U124/><E77/><V128/><F128/><W9/><G74/><T106/><D106/><RYUUKYOKU ba="0,1" sc="200,15,178,-15,210,15,402,-15" hai0="52,54,55,95,97,101,102" hai2="15,17,23,32,35,46,50,53,75,78,80,88,92" />
</Scene>
<Scene>
<INIT seed="6,1,1,3,3,81" ten="215,163,225,387" oya="2" hai0="112,15,132,77,92,89,75,43,93,51,108,76,66" hai1="29,30,70,101,122,19,47,6,131,1,37,8,129" hai2="118,3,83,40,134,128,60,21,45,44,103,87,55" hai3="49,125,97,127,67,121,102,113,99,86,35,119,73"/><V25/><F118/><W130/><G35/><T34/><D108/><U11/><E101/><V109/><F3/><W90/><G73/><T57/><D34/><U110/><E70/><V32/><F32/><W135/><G121/><T78/><D75/><U48/><E37/><V53/><F109/><W79/><G79/><T85/><D132/><U59/><E110/><V39/><F134/><W36/><G36/><T100/><D112/><U68/><E68/><V71/><F103/><W56/><G119/><T38/><D38/><U14/><E59/><V61/><F128/><W63/><G130/><N who="1" m="49674" /><E48/><V72/><F72/><W105/><G113/><T24/><D24/><U0/><E47/><V96/><F96/><W42/><G99/><N who="0" m="59503" /><D15/><N who="1" m="7679" /><E122/><V17/><F45/><W74/><G74/><T41/><D51/><U18/><E1/><V106/><F106/><W114/><G114/><T116/><D116/><U5/><E5/><V124/><F61/><AGARI ba="1,1" hai="41,43,57,61,66,76,77,78,85,89,92" m="59503" machi="61" ten="30,2000,0" yaku="8,1,52,1" doraHai="81" who="0" fromWho="2" sc="215,33,163,0,225,-23,387,0" />
</Scene>
<Scene>
<INIT seed="7,0,0,5,2,73" ten="248,163,202,387" oya="3" hai0="39,89,118,69,51,70,46,0,80,7,81,16,44" hai1="42,111,85,48,41,112,84,18,104,31,113,105,14" hai2="96,12,59,37,22,9,134,129,35,11,29,83,108" hai3="109,77,45,65,32,23,2,64,95,126,43,128,99"/><W30/><G2/><T72/><D46/><U131/><E31/><V40/><F108/><W130/><G32/><T54/><D16/><U122/><E111/><V34/><F37/><W87/><G109/><T78/><D54/><U124/><E18/><V20/><F40/><W82/><G126/><T127/><D51/><U13/><E48/><V1/><F96/><W57/><G30/><T28/><D28/><U119/><E124/><V36/><F36/><W60/><G23/><T5/><D5/><U90/><E90/><V17/><F83/><W25/><G25/><T3/><D3/><U58/><E58/><V88/><F88/><W97/><G65/><T71/><D118/><U19/><E19/><N who="2" m="8607" /><F59/><W107/><G45/><T47/><D47/><U114/><E114/><V15/><F129/><W132/><G43/><N who="0" m="22655" /><D127/><U33/><E33/><N who="2" m="12299" /><F134/><W27/><G132/><T75/><D71/><U55/><E55/><V74/><F74/><W106/><G130/><T135/><D135/><U21/><E131/><V116/><F116/><W68/><G68/><T8/><D75/><U56/><E56/><V24/><F1/><W53/><G128/><T38/><D38/><U98/><E119/><V123/><F123/><W103/><G53/><T117/><D117/><U125/><E125/><V26/><F24/><W101/><G27/><T110/><D110/><U115/><E115/><V4/><F22/><W94/><AGARI ba="0,0" hai="57,60,64,77,82,87,94,95,97,99,101,103,106,107" machi="94" ten="20,7800,0" yaku="0,1,7,1,9,1,52,1" doraHai="73" who="3" fromWho="3" sc="248,-26,163,-26,202,-26,387,78" owari="222,2.0,137,-36.0,176,-22.0,465,56.0" />
</Scene>
</mjloggm>