<mjloggm ver="2.3"><GO type="41" lobby="0"/><UN n0="%4F%72%73%74%65%64" n1="%E5%A4%AA%E3%81%8F%E3%81%AA%E3%81%84%E3%81%8A" n2="%E3%82%82%E3%81%98%E3%82%83%E3%81%BD%E3%82%93" n3="%E3%81%A1%E3%82%8B%E3%81%A1%E3%82%8B%EF%BC%A0" dan="13,17,14,15" rate="1859.53,2237.77,1846.67,1976.95" sx="M,M,M,F"/><TAIKYOKU oya="0"/>

<Scene>
<INIT seed="0,0,0,0,2,75" ten="250,250,250,250" oya="0" hai0="20,100,129,36,93,87,15,18,54,114,56,37,81" hai1="19,102,80,78,21,90,108,30,33,9,7,133,61" hai2="10,12,67,25,4,73,60,104,99,115,89,35,118" hai3="131,95,57,106,1,82,122,132,29,55,107,130,109"/><T34/><D114/><U59/><E108/><V23/><F115/><W70/><G70/><T42/><D129/><N who="3" m="49161" /><G109/><T50/><D34/><U53/><E133/><V86/><F118/><W45/><G132/><T71/><D71/><U76/><E102/><V0/><F73/><W98/><G122/><T113/><D113/><U101/><E101/><V69/><F104/><W111/><G111/><T134/><D134/><U63/><E33/><V94/><F35/><W44/><G29/><T14/><D42/><U66/><E30/><V103/><F103/><N who="3" m="60895" /><G1/><T2/><D2/><U124/><E124/><V92/><F0/><W24/><G24/><T52/><D54/><U49/><E90/><V5/><F5/><W48/><G82/><T43/><D43/><U40/><E40/><V120/><F120/><W117/><G117/><T68/><D68/><U58/><E80/><V6/><F6/><W46/><AGARI ba="0,0" hai="44,45,46,48,55,57,106,107" m="60895,49161" machi="46" ten="30,1100,0" yaku="19,1" doraHai="75" who="3" fromWho="3" sc="250,-5,250,-3,250,-3,250,11" />
</Scene>
<Scene>
<INIT seed="1,0,0,4,1,7" ten="245,247,247,261" oya="1" hai0="2,74,22,120,17,23,62,107,58,88,134,57,117" hai1="49,78,21,60,51,112,80,97,25,0,10,101,48" hai2="102,54,111,29,19,15,59,73,46,55,52,32,64" hai3="121,33,79,113,110,26,109,86,37,103,28,16,24"/><U63/><E112/><V131/><F73/><W53/><G113/><T90/><D117/><U83/><E0/><V4/><F4/><W92/><G37/><T93/><D2/><U104/><E10/><V106/><F131/><W115/><G115/><T135/><D107/><U69/><E69/><V126/><F126/><W105/><G121/><T122/><D74/><U39/><E39/><V87/><F111/><W12/><G26/><T108/><D108/><U9/><E9/><V94/><F106/><W96/><G53/><T14/><D23/><U36/><E36/><V31/><F46/><W67/><G67/><N who="0" m="39375" /><D58/><U8/><E8/><N who="2" m="6631" /><F32/><W18/><G18/><T68/><D68/><U1/><E1/><V129/><F129/><W127/><G127/><T98/><D90/><U20/><E20/><V11/><F11/><W116/><G116/><T66/><D66/><U99/><E99/><N who="2" m="59767" /><F87/><W84/><G84/><T132/><AGARI ba="0,0" hai="14,17,22,88,93,98,120,122,132,134,135" m="39375" machi="132" ten="40,2700,0" yaku="20,1,54,1" doraHai="7" who="0" fromWho="0" sc="245,27,247,-13,247,-7,261,-7" />
</Scene>
<Scene>
<INIT seed="2,0,0,1,5,86" ten="272,234,240,254" oya="2" hai0="80,125,98,110,83,54,113,50,60,84,96,56,59" hai1="71,3,34,67,114,118,101,17,14,18,9,52,43" hai2="82,79,112,77,70,66,61,40,123,126,20,48,49" hai3="108,30,1,19,28,12,124,97,7,131,42,58,44"/><V76/><F123/><W91/><G108/><T32/><D113/><U16/><E114/><V45/><F112/><W65/><G131/><T116/><D32/><U100/><E118/><V92/><F126/><W23/><G124/><T107/><D125/><U85/><E34/><V133/><F133/><W105/><G7/><T103/><D110/><U39/><E3/><V73/><F20/><W106/><G1/><T24/><D116/><U37/><E71/><V128/><F128/><W62/><G106/><T6/><D96/><U81/><E67/><V74/><F74/><W90/><G105/><T78/><D83/><U135/><E135/><V15/><F15/><W11/><G97/><T89/><D6/><N who="1" m="3383" /><E39/><V75/><F75/><W2/><G2/><T46/><D24/><U93/><E37/><V31/><F31/><N who="3" m="11819" /><G11/><T127/><D127/><U10/><E43/><V104/><F104/><W119/><G119/><T88/><D56/><U41/><E41/><AGARI ba="0,0" hai="41,46,50,54,59,60,78,80,84,88,89,98,103,107" machi="41" ten="30,7700,0" yaku="7,1,52,2,54,1" doraHai="86" who="0" fromWho="1" sc="272,77,234,-77,240,0,254,0" />
</Scene>
<Scene>
<INIT seed="3,0,0,1,4,117" ten="349,157,240,254" oya="3" hai0="59,107,53,33,131,56,95,118,72,84,135,43,35" hai1="47,115,20,77,94,11,70,19,41,134,112,48,4" hai2="2,126,71,52,68,73,42,105,32,5,30,27,66" hai3="16,130,49,3,90,127,100,15,80,29,37,28,119"/><W39/><G119/><T26/><D118/><U102/><E70/><V86/><F73/><W123/><G3/><T40/><D72/><U124/><E124/><V132/><F126/><W44/><G123/><T17/><D107/><U0/><E77/><V99/><F132/><W13/><G127/><T120/><D120/><U88/><E102/><V91/><F42/><W10/><G100/><T1/><D135/><U14/><REACH who="1" step="1"/><E134/><REACH who="1" ten="349,147,240,254" step="2"/><V61/><F71/><W63/><G130/><T79/><D131/><U8/><E8/><V50/><F68/><W18/><G39/><T46/><D79/><U108/><E108/><V67/><F105/><W36/><G36/><T75/><D75/><U6/><E6/><V106/><F106/><W114/><G37/><T51/><D35/><U31/><E31/><V38/><F30/><W113/><G113/><T85/><D33/><U64/><E64/><V69/><F32/><W103/><G103/><T25/><D1/><U116/><E116/><V93/><F38/><W128/><G128/><T45/><D53/><U57/><E57/><V55/><F69/><W54/><G114/><T101/><D101/><U76/><E76/><V78/><F78/><W109/><G109/><T121/><D121/><U81/><E81/><V111/><F67/><W98/><G29/><T97/><D43/><U58/><E58/><V21/><F111/><W7/><G28/><T110/><D56/><U129/><E129/><V104/><F66/><W12/><G80/><T89/><D59/><U83/><E83/><V65/><F104/><W87/><G7/><T96/><D40/><RYUUKYOKU ba="0,1" sc="349,-10,147,30,240,-10,254,-10" hai1="0,4,11,14,19,20,41,47,48,88,94,112,115" />
</Scene>
<Scene>
<INIT seed="4,1,1,2,2,26" ten="339,177,230,244" oya="0" hai0="105,100,56,97,12,31,61,50,84,11,42,36,131" hai1="130,135,133,116,76,128,115,25,23,118,122,21,85" hai2="81,87,58,70,30,14,78,28,18,119,17,4,102" hai3="92,93,34,77,75,32,134,112,98,89,19,74,48"/><T38/><D131/><N who="1" m="50219" /><E76/><V101/><F70/><W104/><G19/><N who="2" m="7177" /><F119/><N who="1" m="45609" /><E85/><V106/><F106/><W47/><G48/><T29/><D84/><U114/><E122/><V73/><F73/><N who="3" m="27659" /><G47/><T54/><D38/><U39/><E39/><V46/><F46/><W109/><G34/><T113/><D113/><N who="1" m="43019" /><E25/><V63/><F4/><W13/><G77/><T80/><D36/><U20/><AGARI ba="1,1" hai="20,21,23,133,135" m="43019,45609,50219" machi="20" ten="40,12000,2" yaku="28,2,19,1,15,1,11,1,34,2" doraHai="26" who="1" fromWho="1" sc="339,-61,177,133,230,-31,244,-31" />
</Scene>
<Scene>
<INIT seed="5,0,0,3,2,109" ten="278,310,199,213" oya="1" hai0="26,120,100,44,101,79,77,133,71,102,60,111,42" hai1="84,50,13,64,22,51,18,29,27,88,56,45,126" hai2="62,28,83,119,10,38,41,3,75,115,66,4,19" hai3="23,90,82,36,97,131,95,121,112,2,34,127,80"/><U123/><E126/><V47/><F119/><W67/><G34/><T69/><D111/><U59/><E123/><V117/><F117/><W12/><G121/><T55/><D120/><U72/><E72/><V134/><F28/><W58/><G127/><T92/><D133/><U35/><E64/><V108/><F108/><W91/><G36/><T114/><D114/><U129/><E129/><V20/><F134/><W76/><G2/><T107/><D107/><U93/><REACH who="1" step="1"/><E51/><REACH who="1" ten="278,300,199,213" step="2"/><V68/><F20/><W89/><G23/><T73/><D102/><U61/><E61/><V106/><F106/><W125/><G67/><T46/><D60/><U6/><E6/><V0/><F4/><W135/><G125/><T85/><D101/><U74/><E74/><V33/><F62/><W116/><G131/><T32/><D100/><U63/><E63/><V130/><F66/><W31/><G135/><T78/><D73/><U87/><E87/><V8/><F130/><W40/><G116/><T104/><D85/><U86/><E86/><V122/><F75/><W15/><G97/><T94/><D104/><U81/><E81/><V96/><F83/><W17/><G82/><T57/><D94/><U1/><E1/><V124/><F96/><W113/><G95/><T37/><D92/><U39/><E39/><V43/><F124/><W65/><G80/><T24/><D37/><U21/><E21/><V25/><F122/><W99/><G99/><T49/><D78/><U132/><E132/><V53/><F0/><W52/><G76/><T30/><D77/><U11/><E11/><V128/><F3/><RYUUKYOKU ba="0,1" sc="278,-10,300,30,199,-10,213,-10" hai1="13,18,22,27,29,35,45,50,56,59,84,88,93" />
</Scene>
<Scene>
<INIT seed="5,1,1,3,1,123" ten="268,330,189,203" oya="1" hai0="74,21,80,118,69,115,133,12,79,110,0,75,132" hai1="122,11,42,104,106,76,130,48,78,134,129,103,111" hai2="57,84,41,85,95,73,44,18,35,68,117,91,39" hai3="127,107,100,14,125,81,128,121,124,1,5,53,26"/><U93/><E11/><V131/><F117/><W90/><G121/><T20/><D118/><U83/><E48/><V30/><F68/><W65/><G128/><N who="1" m="49258" /><E42/><V19/><F131/><W86/><G65/><T23/><D110/><U17/><E17/><V34/><F73/><W3/><G26/><T105/><D115/><U25/><E25/><V29/><F57/><W49/><G100/><T37/><D105/><N who="1" m="40555" /><E122/><V63/><F63/><W112/><G107/><T67/><D37/><U55/><E55/><V4/><F4/><W116/><G112/><T82/><D0/><U46/><E46/><V47/><F44/><N who="3" m="27815" /><G116/><T119/><D119/><U108/><E134/><N who="0" m="51817" /><D12/><U94/><E76/><V36/><F36/><W96/><G14/><T113/><D113/><U15/><E15/><V2/><F2/><N who="3" m="523" /><G5/><T16/><D69/><U101/><E93/><V72/><F95/><W40/><G40/><T89/><D67/><U33/><E33/><V56/><F41/><W38/><G38/><T43/><D43/><U102/><E94/><V60/><F39/><W13/><G13/><N who="0" m="9231" /><D74/><AGARI ba="1,1" hai="74,78,83,101,102,103,108,111" m="40555,49258" machi="74" ten="40,12000,1" yaku="19,1,34,2,52,2" doraHai="123" who="1" fromWho="0" sc="268,-123,330,133,189,0,203,0" />
</Scene>
<Scene>
<INIT seed="5,2,0,0,2,83" ten="145,463,189,203" oya="1" hai0="1,11,67,40,27,102,48,69,21,57,91,47,101" hai1="0,30,98,46,70,71,130,97,41,123,131,112,121" hai2="93,117,84,122,73,134,126,60,31,24,81,4,3" hai3="61,55,39,20,15,53,9,118,129,17,44,132,54"/><U103/><E0/><V109/><F122/><N who="1" m="46601" /><E30/><V36/><F36/><W45/><G129/><N who="1" m="49162" /><E112/><V28/><F117/><W12/><G132/><T96/><D69/><N who="1" m="26123" /><E103/><V82/><F109/><W29/><G118/><T16/><D1/><U5/><E5/><V114/><F134/><W108/><G108/><T89/><D11/><U110/><E110/><V75/><F114/><W92/><G29/><T94/><REACH who="0" step="1"/><D102/><REACH who="0" ten="135,463,189,203" step="2"/><U86/><E86/><V74/><F3/><W14/><G9/><T52/><D52/><U8/><E8/><V32/><F126/><W42/><G54/><T58/><D58/><U104/><E104/><V88/><F31/><W10/><G55/><T119/><D119/><U62/><E62/><AGARI ba="2,1" hai="16,21,27,40,47,48,57,62,67,89,91,94,96,101" machi="62" ten="40,5200,0" yaku="1,1,8,1,54,1,53,0" doraHai="83" doraHaiUra="6" who="0" fromWho="1" sc="135,68,463,-58,189,0,203,0" />
</Scene>
<Scene>
<INIT seed="6,0,0,3,5,125" ten="203,405,189,203" oya="2" hai0="0,112,80,13,101,45,44,48,16,124,23,73,46" hai1="91,99,103,5,7,86,76,115,123,54,57,2,121" hai2="6,15,109,110,102,20,69,98,33,78,26,131,53" hai3="128,97,61,22,118,50,36,51,37,47,87,35,134"/><V41/><F69/><W85/><G35/><T116/><D0/><U95/><E76/><V43/><F78/><W55/><G118/><T63/><D116/><U14/><E2/><V127/><F127/><W24/><G134/><T21/><D124/><U4/><E115/><V129/><F33/><W67/><G51/><T70/><D112/><U52/><E14/><V132/><F132/><W94/><G128/><N who="2" m="49225" /><F53/><W62/><G37/><T56/><D70/><U3/><E3/><V75/><F75/><W27/><G36/><T11/><D101/><U68/><E68/><V82/><F82/><W117/><G117/><T89/><D48/><U12/><E12/><V133/><F133/><W60/><G67/><N who="0" m="39399" /><D73/><U19/><E57/><V92/><F6/><W93/><G27/><T42/><D42/><N who="2" m="15882" /><F15/><W28/><G55/><T120/><D120/><N who="1" m="46155" /><E19/><AGARI ba="0,0" hai="19,20,26,92,98,102,109,110" m="15882,49225" machi="19" ten="30,11600,0" yaku="19,1,52,3" doraHai="125" who="2" fromWho="1" sc="203,0,405,-116,189,116,203,0" />
</Scene>
<Scene>
<INIT seed="6,1,0,0,0,113" ten="203,289,305,203" oya="2" hai0="84,93,72,57,18,61,85,10,123,2,46,98,51" hai1="135,89,118,38,121,34,14,71,6,65,128,108,62" hai2="36,28,106,26,78,90,55,13,33,25,119,8,45" hai3="54,40,20,68,17,30,66,82,117,69,1,76,111"/><V32/><F119/><W112/><G111/><T12/><D123/><U44/><E108/><V124/><F106/><W83/><G1/><T95/><D72/><U3/><E34/><V48/><F36/><W58/><G117/><T94/><D2/><U80/><E118/><V59/><F78/><W100/><G40/><T0/><D98/><U77/><E14/><V35/><F124/><W129/><G112/><T19/><D0/><U29/><E29/><V107/><F107/><W88/><G100/><T116/><D116/><U47/><E89/><V134/><F134/><W11/><G66/><T4/><D4/><U104/><E104/><V50/><F26/><W79/><G11/><T49/><D19/><U15/><E15/><V132/><F90/><W122/><G30/><T114/><D114/><U120/><E135/><V74/><F74/><W52/><G122/><N who="1" m="47210" /><E38/><V91/><F91/><W22/><G88/><N who="0" m="53383" /><D85/><N who="1" m="48271" /><E128/><V115/><F115/><W23/><G129/><T39/><D39/><U67/><E67/><V9/><F9/><AGARI ba="1,0" hai="3,6,9,44,47,62,65,71" m="48271,47210" machi="9" ten="30,1000,0" yaku="13,1" doraHai="113" who="1" fromWho="2" sc="203,0,289,13,305,-13,203,0" />
</Scene>
<Scene>
<INIT seed="7,0,0,2,3,126" ten="203,302,292,203" oya="3" hai0="46,17,65,7,38,39,0,66,61,114,123,82,32" hai1="33,122,110,102,95,4,26,25,92,34,131,59,94" hai2="78,55,113,3,73,91,30,49,98,14,63,69,35" hai3="129,75,116,60,16,132,85,27,87,2,100,118,128"/><W130/><G132/><T124/><D123/><U80/><E122/><V99/><F3/><W76/><G2/><T105/><D32/><U10/><E110/><V77/><F113/><W72/><G100/><T135/><D105/><U20/><E131/><V103/><F91/><W112/><G112/><T53/><D114/><U104/><E80/><V58/><F73/><N who="3" m="28235" /><G60/><T21/><D124/><U79/><E79/><V36/><F36/><W89/><G76/><T31/><D135/><U86/><E86/><N who="3" m="32778" /><G89/><T47/><D82/><U108/><E108/><V67/><F98/><W125/><G125/><T106/><D106/><U70/><E70/><V115/><F115/><W42/><G42/><T121/><D121/><U52/><E104/><N who="2" m="63615" /><F14/><W37/><G37/><T45/><D0/><U81/><E81/><V101/><F101/><W29/><G16/><T48/><D39/><U15/><E102/><V111/><F111/><W50/><G50/><T107/><D38/><U8/><E8/><V44/><F44/><W6/><G6/><T134/><D107/><U43/><E43/><V119/><F119/><W9/><G9/><T12/><D134/><U40/><E40/><V1/><F1/><W19/><G19/><T51/><D31/><U133/><E133/><V109/><F109/><W54/><G54/><N who="0" m="29967" /><D7/><U117/><E117/><V28/><F28/><W71/><G71/><N who="0" m="42415" /><D66/><U41/><E41/><V74/><F74/><W90/><G90/><T127/><D127/><U13/><E13/><V88/><F88/><W22/><AGARI ba="0,0" hai="22,27,29,116,118,128,129,130" m="32778,28235" machi="22" ten="40,12000,1" yaku="19,1,52,3" doraHai="126" who="3" fromWho="3" sc="203,-40,302,-40,292,-40,203,120" owari="163,-34.0,262,6.0,252,-15.0,323,43.0" />
</Scene>
</mjloggm>