<mjloggm ver="2.3"><GO type="169" lobby="0"/><UN n0="%E5%A4%AA%E3%81%8F%E3%81%AA%E3%81%84%E3%81%8A" n1="%E5%AE%89%E6%9C%AC%E5%BD%A9%E8%8A%B1" n2="%E7%8B%AC%E6%AD%A9" n3="%4A%61%6E%2D%4D%61%63%68" dan="17,16,20,16" rate="2190.70,2194.07,2138.23,2122.06" sx="F,F,M,M"/><TAIKYOKU oya="0"/>

<Scene>
<INIT seed="0,0,0,5,2,83" ten="250,250,250,250" oya="0" hai0="105,123,35,91,23,52,103,29,39,4,100,129,107" hai1="3,67,43,108,7,56,11,121,93,20,46,81,116" hai2="119,118,24,44,79,87,36,26,77,16,113,112,49" hai3="131,27,0,94,63,72,132,42,134,124,48,128,37"/><T115/><D115/><U73/><E116/><N who="2" m="44587" /><F36/><W133/><G72/><T22/><D123/><U58/><E121/><V5/><F5/><W61/><G94/><T34/><D39/><N who="1" m="21887" /><E108/><V8/><F112/><W1/><G27/><N who="2" m="10281" /><F113/><W55/><G0/><T110/><D4/><U32/><E32/><V64/><F64/><W30/><G30/><T59/><D29/><U68/><E20/><V18/><F8/><W53/><G1/><T127/><D127/><U89/><E67/><V12/><F12/><W76/><G76/><N who="2" m="29257" /><F87/><W126/><G37/><T62/><D23/><U75/><E75/><V102/><F102/><W17/><G17/><T51/><D22/><U6/><E7/><V84/><F84/><W90/><G90/><T54/><D91/><U74/><E74/><V33/><F33/><W78/><G78/><T104/><D34/><U98/><E73/><V111/><F111/><W120/><G120/><T95/><D35/><U130/><E81/><V2/><F2/><W80/><G80/><T71/><D110/><U25/><E25/><V85/><F85/><W9/><G9/><T114/><D114/><U101/><E101/><V14/><F14/><W88/><G88/><T15/><D15/><U69/><E11/><V97/><F97/><W47/><G55/><AGARI ba="0,0" hai="16,18,44,49,55" m="29257,10281,44587" machi="55" ten="30,2000,0" yaku="12,1,54,1" doraHai="83" who="2" fromWho="3" sc="250,0,250,0,250,20,250,-20" />
</Scene>
<Scene>
<INIT seed="1,0,0,4,5,114" ten="250,250,270,230" oya="1" hai0="115,7,60,134,66,103,91,70,90,31,113,1,46" hai1="63,52,120,43,76,26,5,72,42,104,119,101,18" hai2="36,10,44,29,39,34,21,111,65,53,77,62,112" hai3="121,59,56,40,98,17,123,30,80,116,106,2,55"/><U45/><E120/><V88/><F34/><W75/><G2/><T96/><D134/><U87/><E72/><V58/><F77/><W20/><G30/><T15/><D15/><U33/><E5/><V23/><F112/><W86/><G40/><T93/><D91/><U67/><E119/><V109/><F10/><W135/><G59/><T126/><D126/><U95/><E104/><V107/><F107/><W54/><G54/><T85/><D46/><U9/><E33/><V22/><F29/><W25/><G75/><T102/><D102/><U110/><E110/><N who="2" m="41995" /><F88/><W57/><G57/><T51/><D51/><AGARI ba="0,0" hai="21,22,23,36,39,44,51,53,58,62,65" m="41995" machi="51" ten="30,1000,0" yaku="14,1" doraHai="114" who="2" fromWho="0" sc="250,-10,250,0,270,10,230,0" />
</Scene>
<Scene>
<INIT seed="2,0,0,2,3,71" ten="240,250,280,230" oya="2" hai0="52,89,47,115,114,103,35,11,9,25,29,4,74" hai1="107,41,122,23,117,15,20,0,40,79,104,59,75" hai2="32,118,101,27,38,96,39,109,97,130,113,7,63" hai3="17,106,81,14,6,86,61,16,127,72,132,22,33"/><V84/><F113/><W50/><G72/><T92/><D74/><U30/><E117/><V121/><F118/><W77/><G106/><T78/><D78/><U73/><E0/><V54/><F7/><W49/><G33/><T99/><D103/><U62/><E122/><V87/><F121/><W70/><G132/><T123/><D123/><U68/><E68/><V34/><F27/><W51/><G127/><T42/><D52/><U135/><E135/><V126/><F54/><W93/><G93/><T116/><D116/><U65/><E104/><V108/><F63/><W48/><N who="3" m="12288" /><DORA hai="56" /><W21/><G6/><T53/><D53/><U58/><E107/><V43/><F43/><W37/><G37/><N who="2" m="13833" /><F101/><W13/><G70/><T45/><D42/><U100/><E100/><V91/><F126/><W64/><REACH who="3" step="1"/><G61/><REACH who="3" ten="240,250,280,220" step="2"/><T5/><D115/><U80/><E73/><V76/><F130/><W66/><AGARI ba="0,1" hai="13,14,16,17,21,22,64,66,77,81,86" m="12288" machi="66" ten="40,12000,2" yaku="1,1,2,1,0,1,9,1,8,1,54,1,53,0" doraHai="71,56" doraHaiUra="85,3" who="3" fromWho="3" sc="240,-30,250,-30,280,-60,220,130" />
</Scene>
<Scene>
<INIT seed="3,0,0,5,5,68" ten="210,220,220,350" oya="3" hai0="67,32,107,10,28,117,3,55,122,92,69,20,96" hai1="44,17,6,7,48,113,8,134,42,76,37,61,43" hai2="109,39,108,111,130,70,31,23,118,98,57,115,114" hai3="2,99,80,106,129,102,116,66,52,119,87,33,93"/><W120/><G2/><T89/><D117/><U41/><E113/><N who="2" m="43019" /><F98/><W62/><G33/><T77/><D122/><U81/><E134/><V71/><F31/><W100/><G120/><T64/><D69/><N who="2" m="26122" /><F23/><W91/><G66/><T123/><D123/><U46/><E61/><V36/><F118/><W1/><G129/><T135/><D135/><U54/><E17/><V127/><F130/><W15/><G1/><T58/><D32/><U59/><E6/><V75/><F75/><W14/><G119/><T128/><D128/><U24/><E24/><V101/><F101/><W38/><G38/><N who="2" m="14377" /><F57/><N who="3" m="35111" /><G106/><T35/><D107/><U97/><E97/><V12/><F12/><N who="3" m="4651" /><G116/><T60/><D35/><U112/><E59/><V49/><F49/><W5/><G5/><T19/><D28/><U21/><E21/><V53/><F53/><W34/><G34/><T22/><D22/><U9/><E9/><V126/><AGARI ba="0,0" hai="108,109,111,126,127" m="14377,26122,43019" machi="126" ten="50,16000,3" yaku="28,2,14,1,31,2,34,2,52,3" doraHai="68" who="2" fromWho="2" sc="210,-40,220,-40,220,160,350,-80" />
</Scene>
<Scene>
<INIT seed="4,0,0,5,4,111" ten="170,180,380,270" oya="0" hai0="78,73,86,11,100,71,41,32,6,31,94,127,96" hai1="80,9,36,133,75,93,5,77,135,87,123,131,33" hai2="113,8,102,125,0,70,22,95,1,53,107,132,65" hai3="29,56,54,44,108,59,88,30,121,16,76,72,114"/><T58/><D71/><U130/><E33/><V38/><F107/><W50/><G76/><T57/><D73/><U61/><E36/><V104/><F104/><W105/><G72/><T35/><D127/><U23/><E23/><V97/><F38/><W45/><G105/><T84/><D41/><U110/><E61/><V81/><F81/><W60/><G108/><T82/><D84/><U7/><E110/><V34/><F53/><W124/><G124/><T14/><REACH who="0" step="1"/><D32/><REACH who="0" ten="160,180,380,270" step="2"/><U37/><E123/><V85/><F85/><W49/><G121/><T89/><D89/><N who="1" m="53439" /><E37/><V46/><F34/><W52/><G88/><T18/><D18/><U119/><E119/><V116/><F116/><W109/><G109/><T118/><D118/><U98/><E5/><V3/><F125/><W69/><G69/><T28/><D28/><U47/><E7/><V20/><F70/><W27/><G16/><T13/><D13/><U68/><E68/><V24/><F3/><W10/><G27/><AGARI ba="0,1" hai="6,11,14,27,31,35,57,58,78,82,86,94,96,100" machi="27" ten="40,2000,0" yaku="1,1,53,0" doraHai="111" doraHaiUra="15" who="0" fromWho="3" sc="160,30,180,0,380,0,270,-20" />
</Scene>
<Scene>
<INIT seed="4,1,0,2,2,34" ten="190,180,380,250" oya="0" hai0="37,108,71,86,6,131,69,111,83,61,13,62,10" hai1="68,134,90,121,23,41,77,16,72,45,102,122,89" hai2="22,114,39,60,127,112,70,55,95,109,96,130,105" hai3="87,9,78,88,38,4,20,75,26,126,74,85,53"/><T99/><D37/><U8/><E68/><N who="0" m="26185" /><D99/><U52/><E134/><V132/><F105/><W100/><G38/><T58/><D58/><U101/><E72/><V97/><F39/><W73/><G100/><N who="1" m="38506" /><E77/><V91/><F96/><W118/><G85/><T129/><D61/><U24/><E122/><V82/><F82/><W12/><G53/><T67/><D62/><U123/><E121/><V65/><F55/><W125/><G78/><N who="0" m="46455" /><D67/><U81/><E123/><V49/><F49/><W98/><G98/><T48/><D48/><N who="1" m="28687" /><E41/><V42/><F42/><W76/><G76/><T79/><D79/><U33/><E33/><V110/><F60/><W44/><G44/><T0/><D13/><N who="1" m="7207" /><E81/><V50/><F65/><W59/><G59/><T93/><D93/><U104/><E104/><V36/><F36/><W47/><G47/><T2/><D2/><U25/><E25/><V18/><F70/><W80/><REACH who="3" step="1"/><G118/><REACH who="3" ten="190,180,380,240" step="2"/><T29/><D29/><AGARI ba="1,1" hai="23,24,29,89,90" m="7207,28687,38506" machi="29" ten="30,3900,0" yaku="8,1,54,2" doraHai="34" who="1" fromWho="0" sc="190,-42,180,52,380,0,240,0" /><AGARI ba="1,0" hai="4,9,12,20,26,29,73,74,75,80,87,88,125,126" machi="29" ten="40,8000,1" yaku="1,1,2,1,54,1,53,1" doraHai="34" doraHaiUra="7" who="3" fromWho="0" sc="148,-80,232,0,380,0,240,80" />
</Scene>
<Scene>
<INIT seed="5,0,0,2,4,120" ten="68,232,380,320" oya="1" hai0="81,135,12,62,59,119,85,30,132,0,51,83,107" hai1="91,60,78,36,41,18,20,63,65,100,15,82,35" hai2="104,34,22,123,43,39,80,102,10,105,48,92,97" hai3="109,93,84,44,19,17,31,52,4,126,111,89,128"/><U88/><E35/><V96/><F34/><W47/><G31/><T7/><D119/><U117/><E117/><V38/><F123/><W121/><G121/><T86/><D107/><U118/><E118/><V79/><F22/><W32/><G32/><T131/><D0/><U74/><E100/><V116/><F116/><W112/><G4/><T14/><D30/><U69/><REACH who="1" step="1"/><E60/><REACH who="1" ten="68,222,380,320" step="2"/><V11/><F104/><W76/><G128/><T129/><D62/><U95/><E95/><V130/><F130/><W45/><G126/><T57/><REACH who="0" step="1"/><D7/><REACH who="0" ten="58,222,380,320" step="2"/><U5/><E5/><V40/><F105/><W61/><G61/><T99/><D99/><U122/><E122/><V50/><F96/><W77/><G17/><T75/><D75/><U64/><E64/><V53/><F97/><W134/><G19/><T56/><D56/><U87/><E87/><V27/><F102/><W101/><G84/><T108/><D108/><U70/><E70/><V103/><F103/><W114/><G101/><T13/><D13/><U21/><E21/><V106/><F106/><W6/><G6/><T46/><D46/><AGARI ba="0,2" hai="15,18,20,36,41,46,63,65,69,74,78,82,88,91" machi="46" ten="40,3900,0" yaku="1,1,54,1,53,0" doraHai="120" doraHaiUra="55" who="1" fromWho="0" sc="58,-39,222,59,380,0,320,0" />
</Scene>
<Scene>
<INIT seed="5,1,0,4,1,51" ten="19,281,380,320" oya="1" hai0="122,1,38,30,44,71,39,88,97,114,47,27,67" hai1="102,82,6,21,61,50,132,104,135,110,92,99,127" hai2="14,103,42,52,17,58,57,96,66,18,106,20,130" hai3="36,28,49,116,109,56,19,120,129,95,64,125,87"/><U2/><E127/><V98/><F42/><W3/><G36/><T79/><D1/><U15/><E110/><V124/><F124/><W16/><G3/><T68/><D79/><U63/><E2/><V108/><F108/><W65/><G116/><T121/><D27/><U80/><E104/><V59/><F130/><W115/><G120/><N who="0" m="46187" /><D30/><U23/><E50/><V117/><F117/><W91/><G129/><T10/><D10/><N who="1" m="4567" /><E132/><V69/><F69/><N who="0" m="26698" /><D97/><N who="2" m="37482" /><F66/><N who="3" m="25707" /><G115/><T73/><D73/><U4/><E135/><V90/><F106/><W41/><G125/><T101/><D101/><U8/><E8/><N who="2" m="6343" /><F103/><W133/><G133/><T31/><D31/><U94/><E4/><V107/><F107/><W86/><G28/><T26/><D26/><U35/><E35/><V100/><F100/><W131/><G131/><T60/><D88/><U12/><E94/><V40/><F90/><N who="3" m="53719" /><G109/><T13/><D13/><U75/><E75/><V46/><F20/><N who="1" m="7753" /><E12/><V126/><F126/><W7/><G7/><T118/><D118/><U72/><E72/><V105/><F105/><W85/><G85/><T113/><D38/><U84/><E84/><V24/><F24/><W9/><G9/><T55/><D39/><U32/><E32/><V62/><F18/><W81/><G16/><T74/><D74/><U37/><E37/><V93/><F93/><W123/><G19/><T112/><D55/><U33/><E33/><V77/><F77/><W89/><G123/><T134/><D134/><U11/><E11/><V48/><AGARI ba="1,0" hai="40,46,48,52,57,58,59,62" m="6343,37482" machi="48" ten="30,4000,0" yaku="8,1,52,1,54,1" doraHai="51" who="2" fromWho="2" sc="19,-11,281,-21,380,43,320,-11" />
</Scene>
<Scene>
<INIT seed="6,0,0,2,4,80" ten="8,260,423,309" oya="2" hai0="10,113,38,73,126,34,15,23,72,122,26,106,75" hai1="65,132,90,40,109,94,47,69,46,27,57,29,60" hai2="13,102,19,7,52,88,61,39,95,18,51,87,71" hai3="32,9,59,119,76,85,3,118,0,55,99,70,37"/><V12/><F39/><W133/><G70/><T67/><D122/><U33/><E109/><V36/><F36/><W4/><G3/><T25/><D106/><U43/><E132/><V42/><F102/><W22/><G32/><T93/><D38/><U17/><E17/><N who="2" m="6155" /><F71/><W134/><G37/><T110/><D110/><U45/><REACH who="1" step="1"/><E69/><REACH who="1" ten="8,250,423,309" step="2"/><V31/><F31/><W53/><G134/><T2/><D113/><U82/><E82/><V48/><F7/><W96/><G133/><T50/><D126/><U89/><E89/><V135/><F135/><W49/><G119/><T8/><D34/><U105/><E105/><V41/><F41/><W54/><G118/><T125/><D125/><U124/><E124/><V16/><F42/><W127/><G127/><T131/><D131/><U103/><E103/><V77/><F77/><W101/><G101/><T91/><D2/><U86/><AGARI ba="0,1" hai="27,29,33,40,43,45,46,47,57,60,65,86,90,94" machi="86" ten="30,7900,0" yaku="1,1,0,1,52,1,53,1" doraHai="80" doraHaiUra="83" who="1" fromWho="1" sc="8,-20,250,89,423,-39,309,-20" owari="-12,-51.0,339,14.0,384,48.0,289,-11.0" />
</Scene>
</mjloggm>