<mjloggm ver="2.3"><GO type="169" lobby="0"/><UN n0="%E9%81%8A%E8%B5%B0" n1="%E3%82%AF%E3%83%A9" n2="%E5%A4%AA%E3%81%8F%E3%81%AA%E3%81%84%E3%81%8A" n3="%E3%81%95%E3%82%80%E3%81%8A" dan="16,18,17,16" rate="2194.28,2173.78,2169.78,2121.06" sx="M,M,M,M"/><TAIKYOKU oya="0"/>

<Scene>
<INIT seed="0,0,0,4,0,10" ten="250,250,250,250" oya="0" hai0="55,20,38,95,11,1,4,83,13,105,86,40,22" hai1="99,21,43,80,120,19,97,26,60,111,32,58,84" hai2="112,110,98,0,72,92,28,108,131,18,134,66,115" hai3="69,14,65,29,24,17,129,9,61,96,127,107,59"/><T135/><D105/><U132/><E111/><N who="2" m="42539" /><F0/><W49/><G127/><T39/><D135/><U79/><E132/><V48/><F134/><W68/><G129/><T64/><D64/><U23/><E32/><V89/><F72/><W70/><G49/><T45/><D39/><U47/><E120/><V51/><F131/><W67/><G67/><T57/><D95/><U100/><E100/><V7/><F7/><W16/><G17/><T3/><D3/><U82/><E82/><V5/><F5/><W117/><G117/><T90/><REACH who="0" step="1"/><D1/><REACH who="0" ten="240,250,250,250" step="2"/><U41/><E41/><V34/><F66/><W85/><G85/><T88/><D88/><U73/><E73/><V75/><F89/><W27/><REACH who="3" step="1"/><G29/><REACH who="3" ten="240,250,250,240" step="2"/><T63/><AGARI ba="0,2" hai="4,11,13,20,22,38,40,45,55,57,63,83,86,90" machi="63" ten="20,7800,0" yaku="1,1,0,1,7,1,52,1,53,0" doraHai="10" doraHaiUra="128" who="0" fromWho="0" sc="240,98,250,-26,250,-26,240,-26" />
</Scene>
<Scene>
<INIT seed="0,1,0,5,4,43" ten="338,224,224,214" oya="0" hai0="22,135,5,82,100,117,71,115,105,18,94,56,130" hai1="104,134,55,96,32,97,59,6,133,101,129,51,112" hai2="70,121,57,31,95,10,67,17,99,124,75,12,128" hai3="27,39,42,114,109,30,3,102,127,15,132,126,44"/><T40/><D117/><U62/><E129/><V103/><F121/><W89/><G3/><T131/><D115/><U45/><E32/><V50/><F75/><W76/><G114/><T36/><D105/><U64/><E112/><V20/><F128/><N who="0" m="49194" /><D71/><U78/><E78/><V53/><F124/><N who="3" m="47659" /><G76/><T73/><D135/><U86/><E86/><V60/><F31/><W11/><G132/><N who="1" m="50794" /><E96/><V47/><REACH who="2" step="1"/><F70/><REACH who="2" ten="338,224,214,214" step="2"/><W93/><G109/><T29/><D29/><U49/><E6/><V68/><F68/><W25/><G30/><T111/><D73/><U108/><E108/><V58/><F58/><W21/><G21/><AGARI ba="1,1" hai="10,12,17,20,21,47,50,53,57,60,67,95,99,103" machi="21" ten="40,5200,0" yaku="1,1,8,1,52,1,53,0" doraHai="43" doraHaiUra="72" who="2" fromWho="3" sc="338,0,224,0,214,65,214,-55" />
</Scene>
<Scene>
<INIT seed="1,0,0,1,2,24" ten="338,224,279,159" oya="1" hai0="10,82,31,127,87,11,85,4,91,109,33,100,90" hai1="59,38,17,99,40,70,53,71,63,107,54,22,21" hai2="114,30,29,128,116,0,23,111,26,39,55,14,88" hai3="112,35,2,47,124,48,8,41,132,5,83,58,20"/><U64/><E99/><V60/><F116/><W62/><G35/><T6/><D109/><U74/><E74/><V45/><F0/><W103/><G112/><T92/><D127/><U89/><E89/><V76/><F76/><W3/><G124/><T9/><D33/><U25/><E107/><V52/><F111/><W120/><G120/><T18/><D31/><N who="2" m="11786" /><F39/><W16/><G103/><T67/><D18/><U84/><E84/><V44/><F114/><W37/><G37/><T97/><REACH who="0" step="1"/><D67/><REACH who="0" ten="328,224,279,159" step="2"/><U135/><E17/><N who="2" m="10679" /><F128/><W129/><G129/><T118/><D118/><U105/><E135/><V28/><F28/><W121/><G132/><T110/><D110/><U43/><E22/><V15/><F26/><W36/><G121/><T94/><AGARI ba="0,1" hai="4,6,9,10,11,82,85,87,90,91,92,94,97,100" machi="94" ten="30,4000,0" yaku="1,1,0,1,8,1,53,0" doraHai="24" doraHaiUra="101" who="0" fromWho="0" sc="328,50,224,-20,279,-10,159,-10" />
</Scene>
<Scene>
<INIT seed="2,0,0,3,1,38" ten="378,204,269,149" oya="2" hai0="86,87,28,104,44,59,0,107,53,94,121,75,1" hai1="63,130,73,97,84,81,6,122,89,99,100,103,18" hai2="29,39,45,115,48,35,54,93,91,72,31,65,25" hai3="105,55,3,123,133,52,16,69,95,126,67,11,116"/><V71/><F115/><W33/><G105/><T58/><D75/><U112/><E6/><V102/><F72/><W61/><G33/><T64/><D121/><U118/><E112/><V134/><F134/><W113/><G123/><T85/><D94/><U83/><E122/><V70/><F102/><W40/><G113/><T128/><D128/><U109/><E118/><V46/><F31/><W26/><G116/><T19/><D28/><U43/><E130/><V15/><F15/><W23/><G133/><T127/><D127/><U76/><E63/><V22/><F35/><W32/><G126/><T20/><D44/><U111/><E18/><V108/><F65/><W117/><G117/><T9/><D64/><U68/><E68/><V110/><F39/><W57/><G95/><T41/><D41/><U82/><E43/><V90/><F46/><W36/><G32/><T135/><D135/><U106/><REACH who="1" step="1"/><E83/><REACH who="1" ten="378,194,269,149" step="2"/><V125/><F125/><W62/><G55/><T42/><D42/><U34/><E34/><V47/><F71/><W120/><G120/><T56/><D53/><U27/><E27/><V92/><F70/><W77/><G40/><T60/><D60/><U4/><E4/><V5/><F5/><W98/><G36/><T88/><D19/><U12/><E12/><V79/><F54/><W129/><G129/><T131/><D131/><U132/><E132/><V96/><F48/><W50/><G61/><T66/><D1/><U49/><E49/><V7/><F7/><W2/><G2/><T78/><D0/><U119/><E119/><V101/><F25/><W24/><G3/><RYUUKYOKU ba="0,1" sc="378,-10,194,30,269,-10,149,-10" hai1="73,76,81,82,84,89,97,99,100,103,106,109,111" />
</Scene>
<Scene>
<INIT seed="3,1,1,2,5,118" ten="368,224,259,139" oya="3" hai0="98,5,23,4,49,14,19,101,16,21,99,123,94" hai1="124,73,107,33,56,51,11,79,86,1,29,72,30" hai2="40,38,54,0,104,103,116,60,8,25,95,114,13" hai3="26,127,3,125,28,74,53,36,31,85,69,133,132"/><W62/><G36/><T12/><D123/><U32/><E107/><V88/><F116/><W70/><G74/><T129/><D129/><U7/><E124/><N who="3" m="47690" /><G3/><T121/><D121/><U50/><E86/><V22/><F114/><W82/><G53/><T122/><D122/><U24/><E79/><V93/><F0/><W37/><G37/><T71/><D71/><N who="3" m="27145" /><G62/><T108/><D108/><U43/><E56/><V46/><F54/><W65/><G65/><T2/><D2/><U92/><E92/><V90/><F60/><W78/><G26/><T44/><D99/><U115/><E115/><V105/><F103/><W10/><G10/><T100/><D100/><U34/><E43/><AGARI ba="1,1" hai="4,5,12,14,16,19,21,23,43,44,49,94,98,101" machi="43" ten="30,7700,0" yaku="7,1,9,1,8,1,54,1" doraHai="118" who="0" fromWho="1" sc="368,90,224,-80,259,0,139,0" />
</Scene>
<Scene>
<INIT seed="4,0,0,5,0,46" ten="458,144,259,139" oya="0" hai0="25,66,89,44,39,26,37,38,91,2,7,82,112" hai1="34,62,93,108,84,92,127,119,75,109,116,24,36" hai2="40,88,14,33,124,45,35,107,121,50,21,85,32" hai3="4,106,16,87,31,0,17,22,105,111,76,122,83"/><T80/><D112/><U52/><E36/><V135/><F121/><W59/><G111/><T13/><D2/><U77/><E75/><V128/><F107/><W70/><G70/><T100/><D100/><U131/><E34/><V90/><F135/><W41/><G31/><T117/><D117/><U81/><E24/><V65/><F128/><W9/><G122/><T42/><D66/><U29/><E29/><V43/><F124/><W99/><G41/><T123/><D123/><U120/><E120/><V27/><F65/><W86/><G86/><T103/><D103/><U6/><E6/><V67/><F67/><W10/><G99/><T98/><D98/><U126/><E131/><V30/><F43/><W94/><G94/><N who="1" m="36458" /><E62/><V78/><REACH who="2" step="1"/><F14/><REACH who="2" ten="458,144,249,139" step="2"/><W20/><G105/><T47/><D42/><U97/><E109/><V79/><F79/><W48/><G106/><T51/><D13/><U55/><E108/><V18/><F18/><W57/><G17/><T133/><D133/><U60/><E116/><V15/><F15/><W8/><G16/><T69/><D37/><U72/><E119/><V23/><F23/><N who="3" m="8747" /><G0/><T1/><D38/><U113/><E127/><V53/><F53/><N who="1" m="20553" /><E126/><V5/><F5/><W132/><G4/><T68/><D39/><U102/><E113/><V56/><F56/><N who="3" m="21579" /><G132/><T3/><D7/><U19/><E19/><V96/><F96/><W11/><G11/><T61/><D61/><U115/><E60/><V104/><F104/><W134/><G134/><T28/><D28/><U130/><E115/><V54/><F54/><W12/><G12/><T74/><D68/><RYUUKYOKU ba="0,1" sc="458,-15,144,-15,249,15,139,15" hai2="21,27,30,32,33,35,40,45,50,78,85,88,90" hai3="8,9,10,48,76,83,87" />
</Scene>
<Scene>
<INIT seed="5,1,1,3,2,95" ten="443,129,264,154" oya="1" hai0="8,22,72,42,122,55,49,61,23,9,119,100,26" hai1="92,11,28,27,77,131,67,129,85,89,90,56,24" hai2="34,104,96,120,52,64,105,12,86,135,75,59,43" hai3="16,33,17,83,97,94,69,107,25,93,123,51,62"/><U99/><E77/><V132/><F75/><W3/><G3/><T63/><D119/><U84/><E11/><N who="0" m="4169" /><D72/><U18/><E18/><N who="3" m="7274" /><G83/><T10/><D122/><U109/><E109/><V65/><F34/><W35/><G51/><T30/><D10/><U57/><E67/><V78/><F12/><W116/><G35/><T82/><D42/><U106/><E106/><V37/><F120/><W125/><G123/><T76/><D22/><U117/><E117/><V114/><F114/><W0/><G0/><T7/><D7/><U53/><E53/><V5/><F5/><W71/><G71/><T124/><D124/><U81/><E85/><V2/><F86/><W73/><G73/><T115/><D115/><U79/><E79/><V32/><F78/><W133/><G116/><T80/><D100/><U102/><E102/><N who="2" m="62535" /><F105/><W98/><G107/><T101/><D101/><U108/><E108/><V58/><F2/><W46/><G69/><T66/><D66/><U41/><E41/><V103/><F103/><N who="3" m="60847" /><G33/><T19/><D30/><U134/><E134/><N who="2" m="51243" /><F32/><W48/><G125/><T38/><D38/><U21/><REACH who="1" step="1"/><E27/><REACH who="1" ten="443,119,264,154" step="2"/><V50/><F65/><W110/><G110/><T130/><D76/><U29/><E29/><V60/><F43/><N who="3" m="24671" /><G133/><T15/><D26/><U121/><E121/><V31/><F31/><W74/><G74/><T4/><D4/><U13/><E13/><V1/><F1/><W113/><G113/><T40/><D40/><U14/><E14/><V68/><F68/><W111/><G111/><T87/><D15/><U88/><E88/><V112/><F112/><W70/><G70/><RYUUKYOKU ba="1,2" sc="443,-15,119,15,264,15,154,-15" hai1="21,24,28,56,57,81,84,89,90,92,99,129,131" hai2="37,50,52,58,59,60,64" />
</Scene>
<Scene>
<INIT seed="5,2,2,5,0,116" ten="428,134,279,139" oya="1" hai0="43,23,71,99,135,83,65,117,79,35,50,67,55" hai1="57,1,109,62,134,128,127,44,21,32,34,22,8" hai2="24,133,29,123,118,20,0,75,17,82,25,88,60" hai3="91,72,49,101,59,110,56,77,81,111,36,42,2"/><U86/><E44/><V69/><F118/><W7/><G101/><T68/><D35/><N who="1" m="13355" /><E86/><V97/><F0/><W132/><G132/><T106/><D117/><U26/><E62/><V92/><F133/><W103/><G103/><T58/><D135/><U33/><E57/><V112/><F112/><W14/><G14/><T40/><D106/><U107/><E107/><V27/><F29/><W45/><G91/><T18/><D99/><U66/><E66/><N who="0" m="25097" /><D71/><U105/><E105/><V119/><F119/><W70/><G70/><T63/><D68/><U100/><E100/><V28/><F28/><W54/><G59/><T102/><D102/><U126/><E134/><V4/><F69/><W95/><G95/><T98/><D98/><U121/><E128/><V53/><F75/><W96/><G96/><T19/><D83/><U9/><E109/><V78/><F82/><W114/><G114/><T13/><D79/><U125/><E121/><V94/><F123/><W73/><G72/><T38/><D38/><U3/><N who="1" m="13363" /><U5/><DORA hai="64" /><E26/><N who="2" m="14607" /><F78/><W51/><G51/><T130/><D130/><U39/><E39/><V129/><F129/><W74/><G74/><T52/><D19/><U15/><E3/><V104/><F104/><W80/><G80/><T120/><D120/><U84/><E84/><V76/><F76/><W124/><G110/><T61/><D61/><U31/><E31/><V89/><F92/><W11/><G111/><T131/><D131/><U12/><E1/><V115/><F89/><W90/><G90/><T87/><D87/><U6/><AGARI ba="2,2" hai="5,6,8,9,12,15,21,22,125,126,127" m="13363" machi="6" ten="50,9600,0" yaku="18,1,34,2" doraHai="116,64" who="1" fromWho="1" sc="428,-34,134,122,279,-34,139,-34" />
</Scene>
<Scene>
<INIT seed="5,3,0,5,3,83" ten="394,256,245,105" oya="1" hai0="14,131,106,79,112,36,129,123,18,29,66,119,82" hai1="92,108,46,35,102,116,21,120,8,63,70,111,71" hai2="39,73,33,77,44,132,60,9,69,95,133,50,43" hai3="32,41,100,86,101,107,103,113,40,54,15,93,67"/><U128/><E116/><V19/><F33/><W13/><G107/><T76/><D119/><U105/><E120/><V80/><F95/><W23/><G32/><T68/><D123/><U52/><E35/><V28/><F28/><W17/><G113/><T56/><D112/><U96/><E128/><N who="0" m="49225" /><D106/><U5/><E21/><V110/><F110/><N who="1" m="42025" /><E105/><V104/><F19/><W12/><G67/><T37/><D29/><U90/><E102/><V114/><F114/><W59/><G41/><T10/><D68/><U115/><E115/><V72/><F50/><W2/><G2/><T61/><D76/><U65/><E65/><N who="2" m="41127" /><F9/><W134/><G40/><T48/><D48/><N who="1" m="28695" /><E63/><V7/><F104/><W31/><G31/><T87/><AGARI ba="3,0" hai="10,14,18,36,37,56,61,66,79,82,87" m="49225" machi="87" ten="30,2000,0" yaku="19,1,52,1" doraHai="83" who="0" fromWho="0" sc="394,29,256,-13,245,-8,105,-8" />
</Scene>
<Scene>
<INIT seed="6,0,0,3,1,2" ten="423,243,237,97" oya="2" hai0="45,1,19,79,67,95,71,114,89,121,117,41,84" hai1="65,39,55,32,18,43,99,102,22,82,72,26,35" hai2="49,128,40,93,34,13,56,51,66,46,27,97,28" hai3="63,59,127,110,108,118,122,5,88,50,54,3,134"/><V124/><F124/><W17/><G118/><T100/><D121/><U37/><E65/><V85/><F128/><W31/><G122/><T116/><D114/><U135/><E135/><V15/><F85/><W126/><G31/><T48/><D1/><U129/><E129/><V64/><F51/><W86/><G134/><T98/><D79/><U80/><E43/><V115/><F115/><W120/><G120/><T4/><D4/><U8/><E8/><V107/><F107/><W29/><BYE who="2" /><G29/><T109/><D109/><U113/><E113/><V69/><F69/><W0/><G0/><T101/><D71/><U16/><E55/><V24/><F24/><W96/><G96/><T87/><D67/><U30/><E18/><V53/><F53/><W25/><G63/><T78/><D19/><U60/><E60/><V106/><F106/><W52/><G54/><T12/><D12/><U130/><E32/><V33/><F33/><W123/><G123/><T92/><D92/><U9/><E9/><V94/><F94/><N who="3" m="54551" /><G17/><T42/><D42/><U70/><E70/><V36/><F36/><W10/><G25/><T61/><D61/><U74/><E130/><V131/><F131/><W112/><G112/><T21/><D21/><U58/><E39/><V20/><F20/><W23/><G23/><T105/><D101/><U133/><E37/><V111/><F111/><UN n2="%E5%A4%AA%E3%81%8F%E3%81%AA%E3%81%84%E3%81%8A" /><W132/><G132/><T11/><D11/><U38/><E38/><V6/><F64/><W125/><AGARI ba="0,0" hai="3,5,10,50,52,59,108,110,125,126,127" m="54551" machi="125" ten="30,7900,0" yaku="18,1,52,1,54,2" doraHai="2" who="3" fromWho="3" sc="423,-20,243,-20,237,-39,97,79" />
</Scene>
<Scene>
<INIT seed="7,0,0,4,0,127" ten="403,223,198,176" oya="3" hai0="100,39,25,28,37,101,61,120,27,65,56,21,55" hai1="69,107,50,41,20,117,46,67,91,84,19,81,36" hai2="94,23,125,24,73,85,99,131,126,74,108,35,63" hai3="123,44,102,118,6,34,76,38,49,58,114,16,128"/><W31/><G118/><T116/><D116/><U10/><E117/><V29/><F108/><W51/><G123/><T82/><D120/><U70/><E107/><V89/><F131/><W22/><G6/><T109/><D109/><U110/><E110/><V112/><F112/><W106/><G34/><T87/><D39/><U45/><E10/><V42/><F42/><W97/><G31/><T1/><D37/><U78/><E91/><V43/><F43/><W5/><G5/><T11/><D27/><U8/><E8/><V133/><F133/><W53/><G38/><T32/><D32/><U92/><E92/><V30/><F30/><W7/><G7/><T26/><D26/><U77/><E77/><V17/><F63/><W86/><G114/><T48/><D11/><U60/><E69/><V121/><F121/><W0/><G0/><T119/><D1/><U111/><E111/><V130/><F130/><W93/><G128/><T47/><D119/><U124/><E124/><N who="2" m="47723" /><F99/><W79/><G106/><T52/><D55/><U115/><E115/><V2/><F2/><W12/><REACH who="3" step="1"/><G86/><REACH who="3" ten="403,223,198,166" step="2"/><T134/><D134/><U95/><E36/><V57/><F57/><W80/><G80/><T40/><D56/><N who="1" m="37255" /><E81/><V62/><F62/><W66/><G66/><T113/><D82/><N who="1" m="47191" /><E70/><V15/><AGARI ba="0,1" hai="15,17,23,24,29,35,73,74,85,89,94" m="47723" machi="15" ten="30,1100,0" yaku="18,1" doraHai="127" who="2" fromWho="2" sc="403,-3,223,-3,198,21,166,-5" owari="400,50.0,220,2.0,219,-18.0,161,-34.0" />
</Scene>
</mjloggm>