<mjloggm ver="2.3"><GO type="169" lobby="0"/><UN n0="%EF%BC%9D%E9%AB%98%E6%A9%8B%E3%83%91%E3%83%B3%E3%83%80%EF%BC%9D" n1="%E5%A4%AA%E3%81%8F%E3%81%AA%E3%81%84%E3%81%8A" n2="%73%6F%64%6F%72" n3="%63%79%62%65%72%E9%9B%80%E3%82%B4%E3%83%AD" dan="16,17,16,16" rate="2138.42,2171.49,2115.72,2140.19" sx="M,M,M,M"/><TAIKYOKU oya="0"/>

<Scene>
<INIT seed="0,0,0,4,1,21" ten="250,250,250,250" oya="0" hai0="80,47,69,76,112,123,116,9,67,133,65,131,36" hai1="135,26,42,1,17,79,121,25,103,22,87,115,96" hai2="63,134,49,74,13,33,4,81,20,98,90,38,64" hai3="19,23,8,94,108,130,110,43,88,68,86,28,127"/><T99/><D116/><U85/><E1/><V113/><F33/><W89/><G68/><T5/><D123/><U93/><E121/><V82/><F38/><W128/><G43/><N who="0" m="23015" /><D112/><U18/><E135/><V84/><F113/><W132/><G132/><T39/><D133/><U104/><E115/><V126/><F134/><W77/><G77/><T91/><D39/><U16/><E42/><V10/><F126/><W30/><G127/><T46/><D46/><U15/><E104/><V101/><F49/><W71/><G71/><T125/><D69/><U118/><E118/><V55/><F55/><W0/><G89/><T72/><D125/><U45/><E45/><V129/><F129/><N who="3" m="49771" /><G0/><N who="0" m="167" /><D131/><U31/><E79/><V12/><F74/><W29/><G8/><T83/><D83/><U97/><E97/><V53/><F53/><W122/><G122/><T44/><D44/><U107/><E107/><V37/><F37/><W105/><G105/><T56/><D56/><U40/><E40/><V34/><F34/><W109/><G30/><T66/><D99/><U50/><E50/><V32/><F32/><W51/><G51/><T27/><D91/><U57/><E57/><N who="2" m="36975" /><F82/><W14/><AGARI ba="0,0" hai="14,19,23,28,29,86,88,94,108,109,110" m="49771" machi="14" ten="40,5200,0" yaku="14,1,19,1,54,1" doraHai="21" who="3" fromWho="3" sc="250,-26,250,-13,250,-13,250,52" />
</Scene>
<Scene>
<INIT seed="1,0,0,3,1,43" ten="224,237,237,302" oya="1" hai0="101,17,119,38,77,88,80,82,122,86,95,63,59" hai1="32,66,7,22,100,131,4,118,62,40,68,81,29" hai2="61,55,103,112,74,58,76,30,42,44,65,52,49" hai3="106,36,20,26,102,33,64,132,121,23,129,125,114"/><U16/><E118/><V70/><F103/><W1/><RYUUKYOKU type="yao9" ba="0,0" sc="224,0,237,0,237,0,302,0" hai3="1,20,23,26,33,36,64,102,106,114,121,125,129,132" />
</Scene>
<Scene>
<INIT seed="1,1,0,4,1,124" ten="224,237,237,302" oya="1" hai0="9,101,66,119,116,67,109,75,91,94,62,78,11" hai1="53,33,31,45,68,8,42,50,48,35,87,38,81" hai2="90,85,100,110,15,77,131,39,64,34,1,107,126" hai3="92,13,97,14,22,69,59,132,133,25,125,26,58"/><U24/><E68/><V105/><F1/><W83/><G69/><T93/><D109/><U63/><E35/><V47/><F34/><W128/><G125/><T74/><D91/><U76/><REACH who="1" step="1"/><E8/><REACH who="1" ten="224,227,237,302" step="2"/><V20/><F126/><W41/><G132/><T112/><D112/><U17/><E17/><V134/><F110/><W99/><G133/><T72/><D9/><U55/><E55/><V3/><F134/><W123/><G41/><T120/><D11/><U40/><E40/><V10/><F10/><W30/><G123/><T5/><D120/><U80/><E80/><V79/><F20/><W18/><G83/><T43/><D43/><U89/><E89/><V36/><F90/><W86/><G22/><T70/><D70/><U29/><E29/><V88/><F88/><W98/><G30/><T135/><D135/><U7/><E7/><V103/><F100/><W117/><G18/><T106/><D5/><U84/><E84/><V82/><F103/><W27/><G86/><T32/><D32/><U122/><E122/><V56/><F85/><W60/><G117/><T49/><D119/><U2/><E2/><V0/><F82/><W54/><G92/><T16/><D94/><U51/><E51/><V104/><F3/><W96/><G96/><T46/><D93/><U23/><E23/><V37/><F0/><W115/><G54/><N who="0" m="30007" /><D116/><U111/><E111/><V102/><F107/><W57/><G60/><T118/><D118/><U44/><E44/><V108/><F105/><W52/><G115/><T19/><D62/><U12/><E12/><N who="3" m="4714" /><G52/><T61/><D61/><U130/><E130/><AGARI ba="1,1" hai="25,26,27,57,58,59,97,98,99,128,130" m="4714" machi="130" ten="40,12000,2" yaku="6,1,29,2,28,2,52,2" doraHai="124" who="3" fromWho="1" sc="224,0,227,-123,237,0,302,133" />
</Scene>
<Scene>
<INIT seed="2,0,0,2,1,27" ten="224,104,237,435" oya="2" hai0="128,68,4,15,21,45,124,52,67,77,26,46,65" hai1="72,34,8,102,101,19,84,110,32,106,47,119,49" hai2="31,105,58,90,127,131,112,120,11,100,1,63,22" hai3="61,134,0,121,122,80,96,69,82,111,75,132,43"/><V44/><F120/><W40/><G0/><T42/><D124/><U97/><E72/><V9/><F112/><W56/><G96/><T95/><D128/><U59/><E119/><V126/><F131/><W62/><G75/><T54/><D77/><U129/><E129/><V24/><F44/><N who="0" m="17002" /><D42/><N who="3" m="15913" /><G82/><T91/><D68/><U103/><E110/><V81/><F1/><W104/><G80/><T87/><D15/><U99/><E59/><V35/><F100/><W123/><G104/><T70/><D70/><U93/><E102/><V51/><F105/><W109/><G69/><T92/><D4/><U116/><E116/><V38/><F51/><W16/><G16/><N who="0" m="12583" /><D95/><U53/><REACH who="1" step="1"/><E84/><REACH who="1" ten="224,94,237,435" step="2"/><N who="2" m="50447" /><F38/><W130/><G130/><T125/><D125/><N who="2" m="47626" /><F35/><W14/><G56/><T17/><D17/><U79/><E79/><V33/><F33/><W135/><G14/><AGARI ba="0,1" hai="8,14,19,32,34,47,49,53,93,97,99,101,103,106" machi="14" ten="40,1300,0" yaku="1,1,53,0" doraHai="27" doraHaiUra="71" who="1" fromWho="3" sc="224,0,94,23,237,0,435,-13" />
</Scene>
<Scene>
<INIT seed="3,0,0,1,2,57" ten="224,117,237,422" oya="3" hai0="7,75,16,34,135,21,69,25,121,80,45,62,23" hai1="82,14,27,113,15,58,129,42,72,48,119,70,3" hai2="30,6,109,36,32,50,96,86,4,19,66,31,93" hai3="44,81,38,117,63,54,37,133,91,1,2,59,122"/><W5/><G122/><T9/><D121/><U13/><E70/><V29/><F36/><W90/><G117/><T114/><D34/><U51/><E113/><V10/><F32/><W118/><G118/><T88/><D135/><U83/><E119/><V87/><F109/><W43/><G133/><T20/><D114/><U12/><E3/><V33/><F33/><W105/><G105/><T110/><D110/><U106/><E106/><V97/><F66/><W77/><G38/><T94/><D45/><U65/><E129/><V134/><F134/><W84/><G5/><N who="2" m="2153" /><F50/><N who="1" m="18985" /><E72/><V120/><F120/><W24/><REACH who="3" step="1"/><G24/><REACH who="3" ten="224,117,237,412" step="2"/><T8/><D7/><U61/><E27/><V35/><F35/><W11/><G11/><T128/><D8/><U52/><E12/><N who="2" m="7575" /><F97/><W64/><G64/><T126/><D128/><U104/><E104/><V101/><AGARI ba="0,1" hai="29,30,31,86,87,93,96,101" m="7575,2153" machi="101" ten="30,1100,0" yaku="8,1" doraHai="57" who="2" fromWho="2" sc="224,-3,117,-3,237,21,412,-5" />
</Scene>
<Scene>
<INIT seed="4,0,0,2,4,105" ten="221,114,258,407" oya="0" hai0="127,23,93,56,83,73,67,68,60,103,96,43,120" hai1="108,100,78,39,19,101,88,8,17,79,104,133,37" hai2="124,98,125,9,26,28,48,62,10,81,82,52,18" hai3="64,106,16,5,76,14,134,90,61,7,112,25,110"/><T91/><D120/><U132/><E104/><V27/><F98/><W36/><G110/><T15/><D127/><N who="2" m="48714" /><F62/><W118/><G118/><T55/><D43/><U128/><E8/><N who="2" m="3179" /><F18/><N who="1" m="6665" /><E108/><V123/><F123/><W116/><G116/><T35/><D35/><U74/><E128/><V129/><F129/><W13/><G36/><N who="1" m="13898" /><E88/><V32/><F27/><W0/><G106/><T135/><D135/><N who="1" m="51787" /><E74/><V41/><F41/><W89/><G134/><T34/><D34/><U111/><E111/><V107/><F107/><W126/><G126/><T121/><D121/><U77/><AGARI ba="0,0" hai="77,78,79,100,101" m="51787,13898,6665" machi="77" ten="40,5200,0" yaku="28,2,20,1" doraHai="105" who="1" fromWho="1" sc="221,-26,114,52,258,-13,407,-13" />
</Scene>
<Scene>
<INIT seed="5,0,0,2,0,35" ten="195,166,245,394" oya="1" hai0="0,71,1,113,45,73,57,2,19,76,6,66,64" hai1="12,132,61,51,46,50,78,44,98,99,48,3,72" hai2="15,134,37,42,131,111,60,49,96,27,135,129,124" hai3="65,28,115,34,130,122,26,120,84,14,29,74,21"/><U24/><E132/><N who="2" m="50731" /><F96/><N who="1" m="36905" /><E72/><V90/><F90/><W102/><G74/><T103/><D103/><U9/><E3/><V97/><F97/><W82/><G102/><T53/><D6/><N who="1" m="3127" /><E78/><V8/><F111/><W39/><G39/><T112/><D71/><U56/><E24/><V106/><F106/><W55/><G65/><AGARI ba="0,0" hai="44,46,48,50,51,56,61,65" m="3127,36905" machi="65" ten="30,1500,0" yaku="8,1" doraHai="35" who="1" fromWho="3" sc="195,0,166,15,245,0,394,-15" />
</Scene>
<Scene>
<INIT seed="5,1,0,3,3,27" ten="195,181,245,379" oya="1" hai0="126,52,49,7,85,54,124,65,84,50,51,74,34" hai1="32,33,127,31,21,96,23,24,88,125,37,58,122" hai2="60,35,25,17,69,121,8,93,116,12,101,47,28" hai3="131,20,92,44,36,29,53,40,70,14,41,26,45"/><U107/><E37/><V57/><F121/><W30/><G70/><T128/><D74/><U76/><E122/><V10/><F116/><W11/><G131/><T94/><D65/><U105/><E76/><V91/><F47/><W129/><G129/><T61/><D128/><U133/><E133/><V16/><F101/><W68/><G68/><T59/><D7/><U66/><E66/><V42/><F42/><W67/><G67/><T39/><D39/><U4/><E58/><V106/><F69/><W62/><G92/><T81/><D34/><N who="1" m="13419" /><E4/><V79/><F79/><W63/><G36/><T97/><D54/><U71/><E71/><V43/><F43/><N who="3" m="16459" /><G53/><T108/><D108/><U114/><E21/><V112/><F106/><W5/><G30/><T130/><D130/><U98/><E114/><V90/><F112/><W78/><G78/><T109/><D109/><U119/><E119/><V48/><F48/><W46/><AGARI ba="1,0" hai="5,11,14,20,26,29,44,45,46,62,63" m="16459" machi="46" ten="30,2000,0" yaku="8,1,52,1" doraHai="27" who="3" fromWho="3" sc="195,-6,181,-11,245,-6,379,23" />
</Scene>
<Scene>
<INIT seed="6,0,0,3,1,85" ten="189,170,239,402" oya="2" hai0="49,76,33,69,122,72,83,61,95,26,24,91,106" hai1="58,35,129,38,120,111,98,32,81,114,73,100,71" hai2="17,84,90,112,29,99,107,1,66,46,10,89,54" hai3="37,119,11,7,65,2,36,80,15,92,44,4,121"/><V128/><F66/><W57/><G121/><T14/><D122/><U104/><RYUUKYOKU type="yao9" ba="0,0" sc="189,0,170,0,239,0,402,0" hai1="32,35,38,58,71,73,81,98,100,104,111,114,120,129" />
</Scene>
<Scene>
<INIT seed="6,1,0,0,5,100" ten="189,170,239,402" oya="2" hai0="130,21,35,51,7,2,122,53,8,58,90,22,86" hai1="116,88,68,76,126,0,118,49,89,85,124,98,67" hai2="11,121,87,52,70,71,14,50,117,73,63,10,19" hai3="60,20,32,28,26,57,113,83,111,18,123,13,75"/><V93/><F73/><W1/><G123/><T92/><D122/><U108/><E0/><V38/><F121/><W132/><G111/><T101/><D130/><U84/><E108/><V119/><F38/><W65/><G132/><T34/><D101/><U36/><E36/><V97/><F11/><W47/><G47/><T66/><D66/><U16/><E68/><V95/><F87/><N who="1" m="33353" /><E67/><V131/><F131/><W54/><G83/><T44/><D22/><U120/><E120/><V129/><F129/><W17/><G75/><T37/><REACH who="0" step="1"/><D21/><REACH who="0" ten="179,170,239,402" step="2"/><U43/><E76/><V12/><F119/><W46/><G65/><T25/><D25/><U128/><E128/><V27/><F117/><W69/><G69/><T105/><D105/><U40/><E118/><V106/><F27/><W94/><G20/><T9/><D9/><U41/><E116/><V72/><F71/><W112/><G26/><T114/><D114/><U102/><E102/><V48/><F70/><W125/><G112/><T23/><D23/><U78/><E78/><V99/><F106/><W96/><G113/><T4/><D4/><U33/><E16/><V104/><F104/><W42/><G18/><T79/><D79/><U91/><E33/><V134/><F19/><W59/><G17/><T45/><D45/><N who="1" m="25767" /><E98/><V5/><F99/><W61/><G96/><T81/><D81/><U74/><E74/><V110/><F72/><W31/><G32/><T62/><D62/><U15/><E15/><V82/><F14/><W115/><G13/><T55/><D55/><U24/><E24/><V64/><F12/><W77/><G115/><RYUUKYOKU ba="1,1" sc="179,15,170,15,239,-15,402,-15" hai0="2,7,8,34,35,37,44,51,53,58,86,90,92" hai1="41,43,88,89,91,124,126" />
</Scene>
<Scene>
<INIT seed="7,2,1,3,5,102" ten="194,185,224,387" oya="3" hai0="105,65,63,49,66,17,129,110,18,77,100,126,73" hai1="70,97,81,51,112,96,57,38,4,15,123,16,29" hai2="10,25,67,50,39,90,12,95,55,20,122,41,52" hai3="13,35,92,24,69,130,42,5,128,82,8,32,88"/><W53/><G69/><T43/><D110/><U86/><E123/><V109/><F109/><W115/><G115/><T124/><D129/><N who="3" m="49769" /><G82/><T28/><D28/><U116/><E38/><V84/><F122/><W94/><G94/><T36/><D36/><U11/><E70/><V40/><F67/><W127/><G127/><N who="0" m="48683" /><D77/><N who="1" m="46383" /><E112/><V106/><F106/><W2/><G42/><T58/><D66/><U114/><E114/><V101/><F101/><W37/><G37/><T125/><D73/><U91/><E29/><N who="2" m="17575" /><F39/><W54/><G2/><T31/><D31/><U61/><E116/><V14/><F14/><W121/><G121/><T64/><D64/><N who="1" m="38959" /><E4/><N who="2" m="3143" /><F55/><N who="3" m="21003" /><G24/><T56/><D125/><U134/><E134/><V72/><F72/><W85/><AGARI ba="2,1" hai="5,8,13,32,35,85,88,92" m="21003,49769" machi="85" ten="30,3000,0" yaku="19,1,54,1" doraHai="102" who="3" fromWho="3" sc="194,-12,185,-12,224,-12,387,46" owari="182,-22.0,173,-33.0,212,1.0,433,54.0" />
</Scene>
</mjloggm>