<mjloggm ver="2.3"><GO type="169" lobby="0"/><UN n0="%E2%99%AA%E3%82%A6%E3%82%B5%E3%82%AE%E2%99%AA" n1="%EF%BC%BC%28%EF%BC%BE%6F%EF%BC%BE%29%EF%BC%8F%E2%98%85" n2="%E5%A4%AA%E3%81%8F%E3%81%AA%E3%81%84%E3%81%8A" n3="%E3%83%8B%E3%83%A3%E3%83%83%E3%83%94%E3%83%BC%E5%A4%8F%E7%9B%AE" dan="16,17,18,19" rate="2102.29,2108.11,2258.12,2236.39" sx="F,M,F,M"/><TAIKYOKU oya="0"/>

<Scene>
<INIT seed="0,0,0,5,4,122" ten="250,250,250,250" oya="0" hai0="118,48,29,64,107,106,0,117,2,59,90,7,76" hai1="73,17,101,67,44,87,109,100,80,78,129,23,61" hai2="36,51,4,110,31,58,98,47,95,50,130,26,69" hai3="131,40,60,21,18,119,9,79,1,16,102,92,66"/><T112/><D112/><U10/><E129/><V57/><F69/><W49/><G119/><T86/><D76/><U46/><E73/><V132/><F130/><W3/><G131/><T135/><D135/><U52/><E10/><V120/><F120/><W124/><G124/><T41/><D29/><U72/><E72/><V121/><F121/><W84/><G1/><T27/><D27/><U97/><E109/><V115/><F115/><W37/><G37/><T88/><D41/><U34/><E34/><V82/><F4/><W94/><G3/><T85/><D7/><U71/><E101/><V53/><F36/><W103/><G9/><T96/><D96/><U116/><E116/><V75/><F132/><W127/><G127/><T114/><D114/><U22/><E22/><V12/><F12/><W15/><G18/><T104/><D48/><U25/><REACH who="1" step="1"/><E52/><REACH who="1" ten="250,240,250,250" step="2"/><V74/><F74/><W28/><G102/><T5/><D64/><U11/><E11/><V39/><F75/><W126/><G103/><T33/><D33/><U91/><E91/><V89/><F89/><W20/><G126/><T56/><D5/><U105/><AGARI ba="0,1" hai="17,23,25,44,46,61,67,71,78,80,87,97,100,105" machi="105" ten="20,5200,0" yaku="1,1,0,1,7,1,53,1" doraHai="122" doraHaiUra="81" who="1" fromWho="1" sc="250,-26,240,62,250,-13,250,-13" />
</Scene>
<Scene>
<INIT seed="1,0,0,2,3,53" ten="224,302,237,237" oya="1" hai0="52,100,109,78,122,131,59,111,130,86,7,76,99" hai1="75,121,42,124,47,72,41,63,24,96,16,40,127" hai2="117,25,107,60,6,81,110,95,50,61,79,85,44" hai3="3,54,46,103,70,77,68,23,43,38,98,66,58"/><U120/><E47/><V106/><F117/><W67/><G3/><T92/><D7/><U116/><E116/><V18/><F110/><N who="0" m="41994" /><D86/><U26/><E96/><V80/><F6/><W33/><G33/><T82/><D82/><U89/><E89/><V20/><F95/><W57/><G23/><T12/><D12/><U14/><E63/><V28/><F107/><W108/><G77/><T125/><D125/><N who="1" m="48203" /><E14/><V1/><F1/><W119/><G119/><T39/><D39/><U84/><E84/><V74/><F106/><W34/><G34/><T0/><D0/><U133/><E133/><V128/><F81/><W102/><G102/><T56/><D122/><N who="1" m="47211" /><E16/><V35/><F85/><W90/><G90/><T69/><D69/><N who="3" m="26729" /><G98/><T10/><D10/><U21/><E21/><V112/><F20/><W17/><G17/><T48/><D78/><U30/><E30/><V15/><F18/><W37/><G103/><T88/><D76/><U123/><N who="1" m="47219" /><U65/><DORA hai="71" /><E65/><N who="3" m="24586" /><G108/><T73/><D100/><U62/><E62/><V101/><F60/><N who="3" m="35895" /><G58/><N who="0" m="22059" /><D73/><AGARI ba="0,0" hai="24,26,40,41,42,72,73,75" m="47219,48203" machi="73" ten="50,9600,0" yaku="28,2,18,1" doraHai="53,71" who="1" fromWho="0" sc="224,-96,302,96,237,0,237,0" />
</Scene>
<Scene>
<INIT seed="1,1,0,2,0,92" ten="128,398,237,237" oya="1" hai0="54,22,107,25,55,94,88,125,33,31,108,115,5" hai1="79,96,48,80,37,71,76,56,114,104,60,120,44" hai2="81,103,19,46,52,70,128,129,111,20,131,73,12" hai3="29,40,2,127,15,123,3,50,8,26,134,68,135"/><U4/><E114/><V67/><F111/><W109/><G68/><T61/><D108/><U112/><E112/><V82/><F73/><W113/><G113/><T64/><D115/><U62/><E120/><V43/><F103/><W83/><G109/><T75/><D75/><U36/><E4/><V9/><F67/><W133/><G83/><T117/><D117/><U106/><E71/><V93/><F70/><W21/><G123/><T130/><D125/><U98/><E80/><V13/><F93/><W51/><G127/><T17/><D107/><U32/><E44/><V41/><F41/><W101/><G101/><T119/><D5/><U132/><E32/><V18/><REACH who="2" step="1"/><F52/><REACH who="2" ten="128,398,227,237" step="2"/><W97/><G40/><T77/><D119/><U53/><E53/><V1/><F1/><W69/><G69/><T28/><D130/><U59/><E48/><AGARI ba="1,1" hai="9,12,13,18,19,20,43,46,48,81,82,128,129,131" machi="48" ten="40,2600,0" yaku="1,1,19,1,53,0" doraHai="92" doraHaiUra="57" who="2" fromWho="1" sc="128,0,398,-29,227,39,237,0" />
</Scene>
<Scene>
<INIT seed="2,0,0,0,5,7" ten="128,369,266,237" oya="2" hai0="4,86,133,69,47,115,123,129,108,134,135,32,110" hai1="91,24,87,78,124,81,43,83,82,62,66,21,74" hai2="128,116,89,39,3,96,122,44,12,29,131,126,76" hai3="121,25,0,117,104,107,10,75,46,125,38,27,51"/><V40/><F3/><W103/><G38/><T72/><D47/><U54/><E124/><V64/><F116/><W1/><G75/><T93/><D93/><U61/><E43/><V16/><F122/><W6/><G117/><T73/><D86/><U120/><E120/><V5/><F5/><W22/><G121/><T15/><D69/><U45/><E82/><V127/><F29/><W102/><G125/><N who="2" m="47625" /><F76/><W88/><G0/><T101/><D101/><U2/><E2/><V36/><F64/><W92/><G107/><T70/><D70/><U119/><E119/><V60/><F60/><W85/><G104/><T97/><D97/><U42/><E66/><V56/><F56/><W71/><G71/><T58/><D58/><U55/><E62/><V100/><F89/><W80/><G80/><T19/><D123/><U48/><E61/><V105/><F39/><W65/><G65/><T50/><D50/><U57/><E57/><V67/><F67/><W41/><REACH who="3" step="1"/><G27/><REACH who="3" ten="128,369,266,227" step="2"/><T118/><D118/><U26/><E26/><V130/><F131/><W106/><G106/><T49/><D73/><U95/><E83/><V59/><F59/><W31/><AGARI ba="0,1" hai="1,6,10,22,25,31,41,46,51,85,88,92,102,103" machi="31" ten="20,8000,1" yaku="1,1,0,1,7,1,52,1,54,1,53,0" doraHai="7" doraHaiUra="109" who="3" fromWho="3" sc="128,-20,369,-20,266,-40,227,90" />
</Scene>
<Scene>
<INIT seed="3,0,0,4,0,135" ten="108,349,226,317" oya="3" hai0="105,28,132,37,72,44,39,26,133,9,123,73,1" hai1="36,64,19,34,122,77,43,17,114,75,71,70,32" hai2="0,7,31,112,5,120,63,27,2,50,41,90,87" hai3="30,82,89,59,6,130,55,95,104,42,111,101,14"/><W116/><G116/><T106/><D44/><U53/><E114/><V81/><F112/><W60/><G130/><T80/><D80/><U68/><E64/><V128/><F128/><W52/><G111/><T83/><D83/><U126/><E53/><V131/><F131/><W24/><G42/><T102/><D123/><U33/><E122/><V67/><F120/><W85/><G104/><N who="0" m="40043" /><D102/><U48/><E48/><V125/><F50/><W47/><G47/><T40/><D26/><U49/><E49/><V107/><F107/><W103/><G55/><T22/><D22/><U93/><E93/><V121/><F41/><W11/><REACH who="3" step="1"/><G82/><REACH who="3" ten="108,349,226,307" step="2"/><T98/><D40/><U66/><E43/><V35/><F121/><W58/><G58/><T86/><D133/><U8/><E68/><V117/><F117/><W25/><G25/><T61/><D132/><U110/><E70/><V56/><F56/><W54/><G54/><T29/><D39/><U69/><E69/><V38/><F38/><W113/><G113/><T79/><D37/><U92/><E71/><V88/><F81/><W57/><G57/><T46/><D46/><U4/><E36/><V100/><F27/><W45/><G45/><T99/><D73/><U119/><E75/><V94/><F67/><W13/><G13/><T18/><D72/><U109/><E66/><V74/><F74/><W108/><G108/><T12/><D12/><U16/><E119/><V129/><F129/><W62/><G62/><T21/><D61/><U3/><E109/><V124/><F63/><W118/><G118/><T97/><D1/><U65/><E110/><RYUUKYOKU ba="0,1" sc="108,-10,349,-10,226,-10,307,30" hai3="6,11,14,24,30,52,59,60,85,89,95,101,103" />
</Scene>
<Scene>
<INIT seed="3,1,1,3,4,26" ten="98,339,216,337" oya="3" hai0="24,69,107,134,91,123,99,116,27,34,122,46,4" hai1="20,102,133,71,32,78,14,126,45,127,66,0,47" hai2="36,106,38,48,53,95,129,110,41,63,68,5,121" hai3="49,9,22,42,103,29,61,11,54,131,77,96,132"/><W18/><G132/><T19/><D134/><U21/><E0/><V28/><F106/><W60/><G131/><T81/><D116/><U51/><E133/><V7/><F129/><W97/><G42/><T33/><D4/><U40/><E32/><V88/><F110/><W70/><G77/><T82/><D46/><U120/><E120/><V13/><F121/><W111/><G111/><T113/><D113/><U112/><E112/><V23/><F41/><W125/><G125/><T8/><D69/><U44/><E102/><V128/><F128/><W79/><G79/><T67/><D67/><U72/><E66/><V109/><F109/><W92/><G96/><T43/><D43/><U119/><E71/><V56/><F68/><W100/><G100/><T55/><D55/><U10/><E78/><V52/><F38/><W65/><G61/><T64/><D64/><U15/><E72/><V94/><F94/><W104/><G104/><T2/><D107/><U98/><E119/><V57/><F36/><W86/><G86/><T73/><D73/><U16/><E98/><N who="2" m="57703" /><F13/><W118/><G118/><T89/><D99/><U114/><E114/><V39/><F39/><W87/><G87/><T17/><D2/><U58/><E40/><V76/><F76/><W1/><G1/><T90/><D91/><U117/><E117/><V75/><F75/><W35/><G35/><T31/><REACH who="0" step="1"/><D8/><REACH who="0" ten="88,339,216,337" step="2"/><U30/><E10/><V105/><F105/><W101/><G9/><T85/><D85/><U37/><E37/><V80/><F80/><W6/><G70/><T124/><D124/><U25/><E127/><RYUUKYOKU ba="1,2" sc="88,15,339,-15,216,15,337,-15" hai0="17,19,24,27,31,33,34,81,82,89,90,122,123" hai2="5,7,23,28,48,52,53,56,57,63" />
</Scene>
<Scene>
<INIT seed="4,2,2,3,1,102" ten="103,324,231,322" oya="0" hai0="78,34,58,63,27,28,100,101,91,124,0,115,110" hai1="33,104,68,23,114,47,8,135,17,24,57,30,61" hai2="112,21,62,121,109,106,3,43,64,97,41,103,40" hai3="98,82,119,55,99,6,65,32,45,93,130,116,105"/><T67/><D115/><U18/><E135/><V66/><F121/><W31/><G6/><T113/><D113/><U127/><E114/><V37/><F112/><W60/><G82/><T84/><D0/><U25/><E127/><V108/><F37/><W51/><G130/><T56/><D124/><U54/><E68/><V44/><F3/><W83/><G83/><T92/><D110/><U1/><E104/><V96/><F44/><W123/><G123/><T49/><D78/><U46/><E18/><V75/><F75/><W59/><G105/><T87/><D84/><U70/><E70/><V88/><F21/><W131/><G131/><T50/><D50/><U12/><REACH who="1" step="1"/><E25/><REACH who="1" ten="103,314,231,322" step="2"/><V20/><F109/><W72/><G119/><T86/><D87/><U77/><E77/><V11/><F108/><W81/><G116/><T42/><REACH who="0" step="1"/><D58/><REACH who="0" ten="93,314,231,322" step="2"/><U89/><E89/><V19/><F88/><W39/><G59/><T122/><D122/><U74/><E74/><V2/><F97/><W111/><G98/><T80/><D80/><U5/><AGARI ba="2,4" hai="1,5,8,12,17,23,24,30,33,46,47,54,57,61" machi="5" ten="30,7900,0" yaku="1,1,0,1,24,2,53,0" doraHai="102" doraHaiUra="132" who="1" fromWho="1" sc="93,-41,314,125,231,-22,322,-22" />
</Scene>
<Scene>
<INIT seed="5,0,0,0,0,6" ten="52,439,209,300" oya="1" hai0="124,74,12,122,125,88,113,54,35,128,56,36,0" hai1="73,10,46,8,99,133,55,3,116,58,114,60,85" hai2="18,111,112,90,135,13,86,92,80,16,14,51,98" hai3="40,66,5,118,115,89,64,53,48,25,79,21,29"/><U32/><E73/><V7/><F111/><W24/><G115/><T131/><D36/><U43/><E32/><V33/><F33/><W61/><G118/><T71/><D71/><U11/><E116/><V91/><F112/><W100/><G79/><T83/><D113/><U4/><E114/><V120/><F120/><W130/><G130/><N who="0" m="49707" /><D35/><U87/><E133/><V72/><F135/><W68/><G66/><T37/><D37/><U123/><E123/><V15/><F72/><W50/><G100/><T104/><D0/><U69/><E69/><V110/><F110/><W22/><G40/><T70/><D70/><U97/><E4/><V96/><F7/><W108/><G108/><T52/><D122/><U81/><E3/><V103/><REACH who="2" step="1"/><F51/><REACH who="2" ten="52,439,199,300" step="2"/><W2/><G50/><N who="0" m="30743" /><D74/><U126/><E126/><N who="0" m="48745" /><D104/><AGARI ba="0,1" hai="13,14,15,16,18,80,86,90,91,92,96,98,103,104" machi="104" ten="40,2600,0" yaku="1,1,54,1,53,0" doraHai="6" doraHaiUra="17" who="2" fromWho="0" sc="52,-26,439,0,199,36,300,0" />
</Scene>
<Scene>
<INIT seed="6,0,0,3,2,18" ten="26,439,235,300" oya="2" hai0="42,35,6,56,91,131,101,16,69,109,124,31,14" hai1="70,94,26,43,119,122,27,68,74,128,7,114,127" hai2="67,120,103,106,62,13,41,20,92,29,135,23,30" hai3="129,100,78,79,54,98,25,33,19,21,59,104,64"/><V0/><F120/><W133/><G133/><T77/><D69/><U118/><E74/><V38/><F0/><W113/><G129/><T4/><D77/><U93/><E128/><V22/><F106/><W112/><G64/><T53/><D42/><U132/><E132/><V46/><F135/><W117/><G33/><T5/><D101/><U126/><E122/><V102/><F13/><W1/><G1/><T87/><D131/><U57/><E43/><V82/><F82/><W52/><G117/><T28/><D109/><U2/><E2/><V55/><F55/><N who="3" m="21035" /><G59/><T110/><D124/><U49/><E57/><V45/><F45/><W8/><G8/><T72/><D72/><U96/><E49/><V76/><F76/><W85/><G85/><T107/><D107/><U134/><E134/><V3/><F3/><W80/><G80/><T65/><D65/><U111/><E111/><V39/><F39/><W108/><G108/><T90/><D110/><U48/><E48/><V97/><REACH who="2" step="1"/><F103/><REACH who="2" ten="26,439,225,300" step="2"/><W75/><G75/><T130/><D130/><U83/><E83/><V115/><F115/><AGARI ba="0,1" hai="19,21,25,78,79,98,100,104,112,113,115" m="21035" machi="115" ten="30,7700,0" yaku="15,1,11,1,52,1,54,1" doraHai="18" who="3" fromWho="2" sc="26,0,439,0,225,-77,300,87" />
</Scene>
<Scene>
<INIT seed="7,0,0,2,3,15" ten="26,439,148,387" oya="3" hai0="66,38,127,9,117,102,98,35,69,31,101,27,54" hai1="21,123,20,62,104,121,16,128,70,71,22,82,55" hai2="19,61,67,12,57,85,41,103,14,78,80,105,46" hai3="13,49,45,3,84,119,132,26,25,89,33,37,10"/><W134/><G37/><T131/><D101/><U47/><E104/><V125/><F125/><W114/><G3/><T77/><D54/><U53/><E128/><V95/><F105/><W129/><G119/><T24/><D131/><U75/><E123/><V135/><F135/><N who="3" m="51755" /><G33/><T29/><D77/><U8/><E121/><V111/><F111/><W52/><G114/><T64/><D64/><U58/><E75/><V34/><F34/><W50/><G50/><T60/><D127/><U23/><E8/><N who="2" m="6535" /><F14/><W93/><G129/><T90/><D90/><U97/><E82/><V44/><F41/><W86/><G86/><T42/><D117/><U76/><E76/><V72/><F72/><W43/><G43/><T73/><D42/><U108/><E108/><V124/><F124/><W122/><G122/><T51/><D73/><U18/><E97/><AGARI ba="0,0" hai="44,46,57,61,67,78,80,85,95,97,103" m="6535" machi="97" ten="30,2000,0" yaku="8,1,52,1" doraHai="15" who="2" fromWho="1" sc="26,0,439,-20,148,20,387,0" owari="26,-47.0,419,51.0,168,-23.0,387,19.0" />
</Scene>
</mjloggm>