<mjloggm ver="2.3"><GO type="169" lobby="0"/><UN n0="%E3%82%89%E3%81%84%E3%81%A1%E3%82%87%E3%81%86" n1="%63%68%75%62%75%37%34" n2="%E3%81%B3%E3%82%8A%E3%81%B3%E3%82%8A%E2%98%86%E3%83%93%E3%83%AA%E3%83%BC" n3="%E5%A4%AA%E3%81%8F%E3%81%AA%E3%81%84%E3%81%8A" dan="16,16,18,17" rate="2055.25,2100.86,2249.22,2139.10" sx="M,M,M,M"/><TAIKYOKU oya="0"/>

<Scene>
<INIT seed="0,0,0,5,4,20" ten="250,250,250,250" oya="0" hai0="87,124,43,111,113,65,90,77,26,84,16,110,125" hai1="27,64,103,21,24,67,58,93,91,132,18,39,29" hai2="48,114,107,85,135,73,72,74,112,47,42,31,76" hai3="68,34,62,49,120,9,116,82,129,30,50,121,100"/><T33/><D113/><U66/><E39/><V105/><F135/><W11/><G116/><T131/><D131/><U25/><E132/><V61/><F61/><W14/><G129/><T70/><D43/><U104/><E104/><V75/><N who="2" m="18432" /><DORA hai="127" /><V36/><F48/><W98/><G82/><N who="0" m="47183" /><D65/><U0/><E0/><V53/><F53/><W52/><G68/><T45/><D45/><U54/><E103/><V102/><F31/><W4/><G62/><T69/><D69/><U23/><E25/><V1/><F1/><W40/><G40/><T88/><D70/><U130/><E130/><V15/><F15/><W44/><G50/><T12/><D33/><U35/><E35/><V80/><REACH who="2" step="1"/><F102/><REACH who="2" ten="250,250,240,250" step="2"/><W126/><G30/><T2/><D2/><U83/><E83/><V71/><F71/><W46/><G14/><T133/><D133/><U32/><E32/><V3/><F3/><W63/><G34/><T56/><D56/><U41/><E41/><V5/><F5/><W109/><G4/><T17/><D12/><U94/><E91/><N who="0" m="34857" /><D87/><U57/><E57/><V60/><F60/><AGARI ba="0,1" hai="18,21,23,24,27,29,54,58,60,64,66,67,93,94" machi="60" ten="40,5200,0" yaku="8,1,52,2" doraHai="20,127" who="1" fromWho="2" sc="250,0,250,62,240,-52,250,0" />
</Scene>
<Scene>
<INIT seed="1,0,0,3,3,48" ten="250,312,188,250" oya="1" hai0="101,135,119,47,134,127,112,105,53,42,72,65,117" hai1="34,75,109,90,70,35,88,121,125,110,108,68,7" hai2="74,118,28,94,41,86,15,83,99,91,11,50,123" hai3="18,38,95,79,12,32,126,71,24,0,60,62,8"/><U82/><E121/><V56/><F123/><W61/><G38/><N who="0" m="21975" /><D72/><U64/><E7/><V3/><F3/><W81/><G126/><T43/><D101/><U14/><E125/><V52/><F118/><N who="0" m="45066" /><D105/><U130/><E130/><V51/><F74/><W98/><G0/><T36/><D127/><U6/><E6/><N who="2" m="3575" /><F28/><W93/><G71/><N who="1" m="27178" /><E64/><V10/><F10/><W37/><G37/><T67/><D112/><U58/><E14/><V13/><F13/><W17/><G98/><T87/><D87/><U113/><E113/><V111/><F111/><W96/><G96/><T21/><D21/><U9/><E9/><V44/><F99/><W63/><N who="3" m="15360" /><DORA hai="116" /><W5/><G32/><N who="1" m="12330" /><E58/><V66/><F66/><N who="0" m="25098" /><D53/><U89/><E75/><V31/><F31/><W39/><G5/><T59/><D59/><U69/><E69/><V129/><F129/><W55/><G55/><T133/><D36/><U128/><E128/><V97/><F97/><W120/><G39/><T33/><D33/><U4/><E4/><V30/><F30/><W84/><REACH who="3" step="1"/><G120/><REACH who="3" ten="250,312,188,240" step="2"/><T49/><D49/><U132/><E132/><V16/><F51/><W23/><AGARI ba="0,1" hai="8,12,17,18,23,24,79,81,84,93,95" m="15360" machi="23" ten="40,8000,1" yaku="1,1,2,1,0,1,8,1,53,1" doraHai="48,116" doraHaiUra="115,22" who="3" fromWho="3" sc="250,-20,312,-40,188,-20,240,90" />
</Scene>
<Scene>
<INIT seed="2,0,0,5,1,0" ten="230,272,168,330" oya="2" hai0="91,18,80,105,113,123,55,75,53,74,110,38,31" hai1="100,54,107,130,56,7,2,128,12,134,90,71,112" hai2="60,21,47,119,34,76,122,61,87,81,30,52,3" hai3="84,40,1,49,72,64,14,5,48,41,42,51,117"/><V36/><F119/><W89/><G72/><T23/><D123/><U125/><E71/><V83/><F122/><W20/><G117/><T15/><D105/><U97/><E2/><V35/><F3/><W86/><G1/><T68/><D68/><U11/><E112/><V70/><F70/><W132/><G132/><T4/><D113/><U44/><E134/><V22/><F36/><W13/><G64/><T98/><D38/><U95/><E44/><V131/><F131/><W19/><REACH who="3" step="1"/><G89/><REACH who="3" ten="230,272,168,320" step="2"/><T46/><D75/><U8/><E125/><V24/><F76/><W85/><G85/><T66/><D74/><U39/><E39/><V9/><F87/><W78/><G78/><T33/><D66/><U102/><E11/><AGARI ba="0,1" hai="5,11,13,14,19,20,40,41,42,48,49,51,84,86" machi="11" ten="40,5200,0" yaku="1,1,8,1,52,1,53,0" doraHai="0" doraHaiUra="28" who="3" fromWho="1" sc="230,0,272,-52,168,0,320,62" />
</Scene>
<Scene>
<INIT seed="3,0,0,5,5,99" ten="230,220,168,382" oya="3" hai0="93,111,123,44,87,64,118,95,77,1,28,43,24" hai1="112,46,120,26,103,82,20,40,126,10,72,51,5" hai2="67,52,76,18,21,17,48,84,60,4,127,105,80" hai3="56,117,63,135,130,15,34,89,50,109,90,42,11"/><W96/><G117/><T119/><D123/><U86/><E72/><V114/><F114/><W2/><G2/><T62/><D1/><U128/><E112/><V83/><F105/><W58/><G34/><T6/><D6/><U106/><E128/><V14/><F4/><W133/><G130/><T27/><D111/><U32/><E32/><V35/><F35/><W3/><G3/><T38/><D27/><U78/><E126/><V98/><F127/><W122/><G122/><T124/><D124/><U8/><E120/><V39/><F39/><W29/><G29/><T88/><D77/><U134/><E134/><V25/><F98/><W71/><G71/><T100/><D95/><U115/><E115/><V108/><F83/><W131/><G131/><T37/><D37/><U94/><E106/><V74/><F74/><W0/><G0/><T31/><D100/><U49/><E49/><V66/><F60/><W23/><G63/><T91/><D91/><U30/><E5/><V16/><F108/><W41/><G90/><T113/><D113/><U79/><E79/><V47/><F18/><W101/><G109/><T36/><D36/><U129/><E129/><V81/><F80/><W116/><G135/><T69/><REACH who="0" step="1"/><D31/><REACH who="0" ten="220,220,168,382" step="2"/><U110/><E110/><V59/><F47/><W68/><G133/><T92/><D92/><U104/><E104/><V33/><F33/><AGARI ba="0,1" hai="24,28,33,38,43,44,62,64,69,87,88,93,118,119" machi="33" ten="30,7700,0" yaku="1,1,7,1,54,1,53,1" doraHai="99" doraHaiUra="70" who="0" fromWho="2" sc="220,87,220,0,168,-77,382,0" />
</Scene>
<Scene>
<INIT seed="4,0,0,4,1,8" ten="307,220,91,382" oya="0" hai0="111,23,106,51,69,41,74,63,3,21,7,82,123" hai1="91,109,17,55,29,16,68,80,45,43,54,62,88" hai2="39,66,57,40,53,72,126,125,99,127,78,121,65" hai3="19,75,67,22,37,131,36,48,61,129,117,95,133"/><T33/><D123/><U98/><E109/><V25/><F25/><W81/><G117/><T47/><D33/><U120/><E120/><V59/><F121/><W89/><G48/><T118/><D118/><U119/><E119/><V79/><F99/><N who="3" m="57839" /><G81/><T130/><D106/><U60/><E29/><V83/><F79/><W11/><G11/><T101/><D111/><U27/><E68/><V6/><F6/><W73/><G36/><T71/><D101/><U24/><E43/><V97/><F97/><W92/><G92/><T115/><D130/><N who="3" m="49673" /><G37/><T56/><D3/><U122/><E122/><V85/><F72/><W30/><G30/><T42/><D42/><U1/><E1/><V102/><F102/><W110/><G133/><T12/><D82/><U13/><E98/><V113/><F113/><W124/><G124/><T96/><D96/><U90/><E80/><V46/><REACH who="2" step="1"/><F59/><REACH who="2" ten="307,220,81,382" step="2"/><N who="3" m="37311" /><G110/><T112/><D74/><U134/><E134/><V107/><F107/><W58/><G58/><T114/><D56/><U116/><E116/><V14/><F14/><AGARI ba="0,1" hai="14,19,22,73,75" m="37311,49673,57839" machi="14" ten="30,2000,0" yaku="19,1,52,1" doraHai="8" who="3" fromWho="2" sc="307,0,220,0,81,-20,382,30" />
</Scene>
<Scene>
<INIT seed="5,0,0,3,0,130" ten="307,220,61,412" oya="1" hai0="104,25,89,60,35,49,21,102,3,44,131,58,64" hai1="106,92,90,23,32,105,10,11,78,6,1,43,61" hai2="100,31,122,120,88,54,123,85,34,76,47,56,65" hai3="83,94,22,103,71,107,70,99,72,108,135,69,134"/><U17/><E32/><V132/><F76/><N who="3" m="44423" /><G22/><T52/><D3/><U86/><E43/><V73/><F73/><W28/><G28/><T42/><D131/><U96/><E10/><V48/><F100/><W53/><G53/><T14/><D35/><U84/><E84/><V66/><F132/><N who="3" m="50731" /><G108/><T19/><D102/><U68/><E78/><V26/><REACH who="2" step="1"/><F47/><REACH who="2" ten="307,220,51,412" step="2"/><W30/><G30/><T16/><D104/><AGARI ba="0,1" hai="69,70,71,94,99,103,104,107" m="50731,44423" machi="104" ten="40,8000,1" yaku="20,1,52,3" doraHai="130" who="3" fromWho="0" sc="307,-80,220,0,51,0,412,90" />
</Scene>
<Scene>
<INIT seed="6,0,0,0,3,66" ten="227,220,51,502" oya="2" hai0="56,20,130,133,46,104,100,126,132,84,109,40,78" hai1="13,32,74,114,52,42,27,18,63,9,108,15,111" hai2="82,4,76,119,3,60,91,34,65,5,72,51,11" hai3="33,116,96,57,122,87,22,58,134,97,48,17,19"/><V102/><F119/><W6/><G33/><T101/><D109/><U64/><E74/><V26/><F5/><W106/><G122/><T38/><D130/><U61/><E114/><V81/><F51/><W43/><G116/><T127/><D56/><N who="3" m="21609" /><G106/><T50/><D20/><U55/><E42/><V121/><F121/><W83/><G134/><N who="0" m="51819" /><D38/><U29/><E15/><V39/><F39/><W28/><G28/><T80/><D104/><U105/><E105/><V98/><F91/><N who="3" m="51711" /><G6/><T14/><D14/><U86/><E86/><V12/><F12/><N who="3" m="9511" /><G19/><T118/><D118/><U88/><E63/><V1/><F1/><W73/><G73/><T117/><D117/><U124/><E124/><AGARI ba="0,0" hai="40,46,50,78,80,84,100,101,124,126,127" m="51819" machi="124" ten="30,2000,0" yaku="18,1,20,1" doraHai="66" who="0" fromWho="1" sc="227,20,220,-20,51,0,502,0" />
</Scene>
<Scene>
<INIT seed="7,0,0,5,4,25" ten="247,200,51,502" oya="3" hai0="99,131,90,1,78,119,16,31,19,109,56,9,126" hai1="135,23,18,120,0,63,110,44,47,12,66,89,17" hai2="48,117,103,58,43,118,69,15,64,42,93,125,40" hai3="129,86,65,68,128,39,62,100,22,49,134,87,71"/><W32/><G32/><T106/><D109/><U80/><E110/><V130/><F15/><W2/><G39/><T50/><D119/><U121/><E135/><V97/><F93/><W55/><G2/><T7/><D31/><U123/><E0/><V27/><F27/><W35/><G35/><T21/><D78/><U20/><E80/><V51/><F97/><W3/><G3/><T30/><D131/><N who="3" m="50249" /><G71/><T61/><D50/><U52/><E89/><V34/><F103/><W28/><G100/><T113/><D90/><U41/><E41/><V114/><F34/><W75/><G75/><T10/><D1/><U83/><E83/><V108/><F130/><W13/><G134/><T4/><D99/><U92/><E92/><V60/><F108/><W95/><G95/><T111/><D106/><U46/><E66/><V36/><F36/><W94/><G94/><T102/><D102/><U57/><REACH who="1" step="1"/><E121/><REACH who="1" ten="247,190,51,502" step="2"/><V88/><F88/><W79/><G65/><T6/><D111/><U54/><E54/><V91/><F91/><W73/><G55/><T127/><D127/><U38/><E38/><V105/><F105/><W70/><G79/><T37/><D37/><U59/><E59/><V45/><F125/><W33/><G68/><T101/><D56/><U77/><E77/><V5/><F5/><W132/><G70/><T26/><D126/><U11/><E11/><V72/><F72/><W115/><G73/><T112/><D9/><U29/><E29/><V124/><F124/><W107/><G28/><T84/><D10/><U98/><E98/><V85/><F69/><W81/><G107/><RYUUKYOKU ba="0,1" sc="247,-10,190,30,51,-10,502,-10" hai1="12,17,18,20,23,44,46,47,52,57,63,120,123" owari="237,4.0,220,-18.0,41,-46.0,502,60.0" />
</Scene>
</mjloggm>