<mjloggm ver="2.3"><GO type="169" lobby="0"/><UN n0="%41%6D%69%63%68%61%6E" n1="%E5%A4%AA%E3%81%8F%E3%81%AA%E3%81%84%E3%81%8A" n2="%4A%61%6E%2D%4D%61%63%68" n3="%E3%81%AE%E3%81%B3%E3%81%97%E3%82%8D%E2%99%82" dan="16,17,17,16" rate="2110.27,2163.21,2154.62,2013.22" sx="F,M,M,M"/><TAIKYOKU oya="0"/>

<Scene>
<INIT seed="0,0,0,5,2,17" ten="250,250,250,250" oya="0" hai0="65,66,117,69,105,87,86,73,115,55,120,102,107" hai1="114,39,26,100,116,91,134,76,95,5,8,23,72" hai2="52,7,63,4,64,78,106,61,121,123,59,1,24" hai3="36,71,132,67,83,51,113,57,129,112,33,56,21"/><T124/><D120/><U80/><E116/><V126/><F106/><W110/><G33/><T97/><D117/><U40/><E134/><V6/><F1/><W60/><G132/><T99/><D115/><U104/><E114/><V127/><F78/><W28/><G36/><T18/><D124/><U20/><E100/><V44/><F44/><W31/><G110/><T98/><D73/><U88/><E104/><V15/><F15/><W62/><G129/><T58/><D69/><U108/><E108/><V43/><F43/><W16/><G51/><T82/><D98/><N who="1" m="57703" /><E26/><V109/><F109/><W111/><G111/><T53/><D18/><U45/><E91/><V46/><F46/><W19/><G71/><T34/><D34/><U68/><E68/><V92/><F92/><W3/><G3/><AGARI ba="0,0" hai="3,5,8,20,23,39,40,45,72,76,80" m="57703" machi="3" ten="30,7700,0" yaku="25,1,52,2,54,1" doraHai="17" who="1" fromWho="3" sc="250,0,250,77,250,0,250,-77" />
</Scene>
<Scene>
<INIT seed="1,0,0,1,1,122" ten="250,327,250,173" oya="1" hai0="71,54,52,105,125,121,14,67,46,10,22,29,13" hai1="35,61,129,115,7,3,106,21,96,55,44,70,104" hai2="84,109,133,33,37,124,117,63,131,73,126,25,64" hai3="62,116,48,99,98,20,23,85,50,90,114,127,65"/><U69/><E35/><V82/><F84/><W103/><G114/><T132/><D105/><U26/><E115/><V38/><F25/><W110/><G127/><T32/><D125/><N who="2" m="48234" /><F33/><W51/><G116/><T58/><D121/><U34/><E34/><V4/><F4/><W93/><G110/><T43/><D32/><U17/><E129/><V95/><F95/><W72/><G72/><T8/><D71/><U16/><E7/><V123/><F117/><W86/><G86/><T59/><D132/><U56/><E3/><V120/><F133/><W42/><G42/><T47/><D67/><U40/><E17/><V0/><F0/><W57/><REACH who="3" step="1"/><G98/><REACH who="3" ten="250,327,250,163" step="2"/><T130/><D130/><U60/><E96/><V27/><F109/><W45/><G45/><T75/><D75/><U36/><REACH who="1" step="1"/><E70/><REACH who="1" ten="250,317,250,163" step="2"/><N who="2" m="42271" /><F131/><W24/><G24/><T118/><D118/><U6/><E6/><V49/><F27/><W79/><G79/><T18/><D43/><U78/><E78/><N who="2" m="44367" /><F123/><W41/><G41/><T76/><D76/><U30/><E30/><V128/><F120/><W111/><G111/><T108/><D108/><U80/><E80/><AGARI ba="0,2" hai="20,23,48,50,51,57,62,65,80,85,90,93,99,103" machi="80" ten="40,2600,0" yaku="1,1,8,1,53,0" doraHai="122" doraHaiUra="9" who="3" fromWho="1" sc="250,0,317,-26,250,0,163,46" />
</Scene>
<Scene>
<INIT seed="2,0,0,3,5,113" ten="250,291,250,209" oya="2" hai0="53,12,115,73,69,121,24,19,61,87,59,57,36" hai1="135,124,94,65,55,35,117,11,71,32,52,40,21" hai2="46,127,120,123,119,22,98,66,49,8,63,42,79" hai3="107,112,104,130,99,106,67,13,105,129,6,97,3"/><V41/><F127/><W51/><G3/><T85/><D73/><U38/><E124/><V45/><F79/><W15/><G112/><T96/><D121/><U81/><E135/><V83/><F83/><W54/><G67/><T95/><D36/><U82/><E11/><V31/><F98/><W4/><G107/><T93/><D69/><U108/><E21/><V86/><F86/><W128/><G51/><N who="0" m="30911" /><D24/><U5/><E5/><N who="3" m="2154" /><G54/><N who="0" m="34039" /><D115/><U47/><E108/><V58/><F8/><W72/><G72/><T18/><D95/><U14/><E94/><V88/><F22/><W48/><G48/><T92/><D92/><U1/><E1/><V28/><F31/><W25/><G25/><T132/><D132/><U131/><E32/><V10/><F10/><W34/><G34/><T78/><D78/><U68/><E35/><V110/><F28/><W101/><G101/><N who="0" m="60559" /><D19/><U116/><E81/><V90/><F110/><W64/><G64/><T122/><D122/><U43/><E82/><V16/><F123/><W9/><G9/><AGARI ba="0,0" hai="9,12,18,85,87" m="60559,34039,30911" machi="9" ten="30,1000,0" yaku="8,1" doraHai="113" who="0" fromWho="3" sc="250,10,291,0,250,0,209,-10" />
</Scene>
<Scene>
<INIT seed="3,0,0,4,4,3" ten="260,291,250,199" oya="3" hai0="24,66,25,44,120,17,58,124,108,39,2,27,40" hai1="14,75,55,45,118,31,67,19,103,121,102,113,23" hai2="22,88,125,132,1,59,30,133,80,34,61,95,64" hai3="135,94,115,42,52,84,127,129,100,105,43,56,51"/><W21/><G115/><T106/><D120/><U7/><E121/><V33/><F80/><W12/><G135/><N who="2" m="51785" /><F125/><W87/><G127/><T13/><D124/><U77/><E113/><V8/><F22/><W76/><G129/><T72/><D72/><U0/><E118/><V97/><F30/><W134/><G134/><T71/><D71/><U63/><E75/><V101/><F101/><W29/><G105/><T114/><D106/><U11/><E77/><V126/><F126/><W69/><G69/><T89/><D114/><U111/><E111/><V57/><F57/><W54/><G54/><T35/><D2/><U68/><REACH who="1" step="1"/><E31/><REACH who="1" ten="260,281,250,199" step="2"/><V20/><F20/><W130/><G29/><T6/><D108/><U46/><E46/><V9/><F9/><W112/><G112/><T92/><D35/><U107/><E107/><V86/><F97/><W50/><G130/><T83/><D44/><U26/><E26/><V122/><F122/><W53/><G76/><T41/><D25/><U81/><E81/><V98/><F98/><W93/><G93/><T28/><D83/><U128/><E128/><V74/><F74/><W117/><G94/><T91/><D27/><U32/><E32/><V123/><F123/><W36/><G117/><T82/><D92/><U60/><E60/><V47/><F47/><W62/><G62/><T79/><D82/><U104/><E104/><V4/><AGARI ba="0,1" hai="1,4,8,33,34,59,61,64,86,88,95" m="51785" machi="4" ten="30,4000,0" yaku="20,1,52,1,54,1" doraHai="3" who="2" fromWho="2" sc="260,-10,281,-10,250,50,199,-20" />
</Scene>
<Scene>
<INIT seed="4,0,0,4,3,67" ten="250,271,300,179" oya="0" hai0="128,134,78,14,126,21,125,15,87,96,104,48,18" hai1="111,101,77,121,12,70,115,127,88,10,90,112,107" hai2="131,57,4,76,56,62,84,63,13,82,49,117,120" hai3="69,43,32,9,85,61,68,94,102,86,42,95,105"/><T92/><D104/><U46/><E111/><V39/><F39/><W51/><G32/><T114/><D114/><N who="1" m="43563" /><E121/><V130/><F120/><W89/><G105/><T135/><D48/><U99/><E127/><N who="0" m="48649" /><D87/><U72/><E46/><V100/><F100/><W16/><G61/><N who="2" m="23049" /><F117/><W97/><G86/><T41/><D41/><U74/><E70/><V28/><F28/><W71/><REACH who="3" step="1"/><G51/><REACH who="3" ten="250,271,300,169" step="2"/><T19/><D128/><N who="2" m="49194" /><F49/><W118/><G118/><T113/><D113/><U98/><E98/><V124/><F124/><W23/><G23/><N who="0" m="11743" /><D78/><U123/><E123/><V64/><F64/><W7/><G7/><T40/><D40/><U132/><E77/><V133/><F133/><W34/><G34/><T50/><D50/><U11/><E132/><V66/><F66/><W58/><G58/><T81/><D81/><U35/><E35/><V108/><F108/><W91/><G91/><AGARI ba="0,1" hai="14,19,21,91,92,96,134,135" m="11743,48649" machi="91" ten="30,1500,0" yaku="18,1" doraHai="67" who="0" fromWho="3" sc="250,25,271,0,300,0,169,-15" />
</Scene>
<Scene>
<INIT seed="4,1,0,1,4,33" ten="275,271,300,154" oya="0" hai0="110,6,64,105,67,70,95,30,75,128,5,109,59" hai1="103,71,80,19,40,34,3,25,10,88,47,89,29" hai2="100,125,123,74,32,82,61,49,41,81,48,14,12" hai3="121,46,62,76,87,36,26,23,78,98,132,58,65"/><T94/><D105/><U20/><E71/><V73/><F32/><W57/><G132/><T93/><D75/><U86/><E103/><V15/><F100/><W126/><G126/><T131/><D70/><U68/><E68/><V97/><F97/><W8/><G121/><T118/><D30/><U42/><E89/><V117/><F61/><W22/><G22/><T11/><D118/><U114/><E114/><V112/><F123/><W96/><G8/><T55/><D55/><U129/><E129/><N who="0" m="49737" /><D59/><U39/><E42/><V28/><F28/><W133/><G133/><T90/><D90/><U113/><E113/><V17/><F112/><W115/><G115/><T21/><D21/><U56/><E56/><V13/><F125/><W31/><G57/><T51/><D51/><U1/><E10/><V66/><F66/><N who="0" m="25130" /><D11/><U60/><E60/><V122/><F122/><W27/><G27/><AGARI ba="1,0" hai="1,3,19,20,25,27,29,34,39,40,47,80,86,88" machi="27" ten="30,7700,0" yaku="7,1,52,2,54,1" doraHai="33" who="1" fromWho="3" sc="275,0,271,80,300,0,154,-80" />
</Scene>
<Scene>
<INIT seed="5,0,0,0,3,85" ten="275,351,300,74" oya="1" hai0="78,38,79,86,121,90,17,51,37,123,77,33,120" hai1="63,132,134,80,31,62,73,112,124,25,42,122,111" hai2="102,64,72,14,129,128,69,53,97,4,26,88,27" hai3="108,96,83,44,104,118,103,32,125,46,87,67,95"/><U48/><E122/><V94/><F72/><W5/><G108/><T52/><D33/><U3/><E3/><V74/><F74/><W131/><G32/><T6/><D17/><U29/><E111/><V91/><F53/><W135/><G135/><N who="1" m="51754" /><E112/><V81/><F64/><W22/><G131/><N who="2" m="50249" /><F69/><W89/><G125/><T93/><D6/><U35/><E31/><V0/><F0/><W133/><G133/><T109/><D109/><U115/><E115/><V57/><F57/><AGARI ba="0,0" hai="37,38,51,52,57,77,78,79,86,90,93,120,121,123" machi="57" ten="50,6400,0" yaku="13,1,52,1,54,1" doraHai="85" who="0" fromWho="2" sc="275,64,351,0,300,-64,74,0" />
</Scene>
<Scene>
<INIT seed="6,0,0,3,1,52" ten="339,351,236,74" oya="2" hai0="122,112,124,35,5,2,24,100,44,92,18,43,103" hai1="117,1,108,127,20,78,120,86,45,47,58,23,88" hai2="91,8,134,80,109,17,51,6,113,71,69,90,106" hai3="15,125,135,22,30,42,123,36,4,40,111,29,116"/><V19/><F106/><W61/><G123/><T115/><D122/><U56/><E120/><V119/><F119/><W70/><G116/><T68/><D68/><U130/><E117/><V33/><F33/><W59/><G111/><T41/><D124/><U129/><E1/><V13/><F109/><W77/><G125/><T133/><D133/><U131/><E78/><V85/><F134/><W9/><G135/><T0/><D35/><U132/><E108/><V32/><F32/><W101/><G70/><T114/><D24/><U105/><E105/><V121/><F121/><W7/><G36/><N who="0" m="21543" /><D18/><U82/><E127/><V75/><F71/><W31/><G4/><T49/><D5/><U72/><E72/><V89/><F75/><W62/><G62/><T64/><D64/><U107/><E107/><V96/><F69/><W3/><G77/><T37/><D37/><U53/><E132/><V126/><F113/><N who="0" m="28930" /><T65/><DORA hai="46" /><D65/><U34/><E34/><V95/><F126/><W98/><G3/><N who="0" m="1067" /><D92/><U50/><E47/><AGARI ba="0,0" hai="43,47,49,100,103" m="1067,28930,21543" machi="47" ten="50,3200,0" yaku="15,1,52,1" doraHai="52,46" who="0" fromWho="1" sc="339,32,351,-32,236,0,74,0" />
</Scene>
<Scene>
<INIT seed="7,0,0,4,5,60" ten="371,319,236,74" oya="3" hai0="122,126,64,15,53,35,14,3,98,100,107,70,2" hai1="11,45,17,115,51,66,78,67,46,123,112,58,103" hai2="74,32,125,111,26,12,21,81,84,34,120,91,54" hai3="36,38,13,52,106,108,43,9,37,63,109,57,20"/><W76/><G106/><T80/><D122/><U0/><E123/><V121/><F111/><W49/><G20/><T110/><D110/><N who="3" m="42601" /><G76/><T68/><D68/><U27/><E103/><V29/><F125/><W83/><G83/><T30/><D53/><N who="1" m="32063" /><E78/><V77/><F120/><W133/><G133/><T19/><D80/><U93/><E93/><V65/><F121/><W88/><G88/><T128/><D128/><U39/><E0/><N who="0" m="41" /><D19/><U129/><E129/><V56/><F74/><W101/><G101/><T50/><D50/><U119/><E39/><V94/><F32/><W117/><G117/><T124/><D14/><N who="1" m="7391" /><E27/><V75/><F12/><W132/><G132/><T104/><D15/><U6/><E6/><V47/><F34/><W97/><G97/><T134/><D134/><U7/><E7/><V42/><F75/><W90/><G90/><T24/><D107/><U89/><E89/><V87/><F42/><W33/><G33/><T96/><D96/><U25/><E25/><V85/><F77/><W31/><G31/><T4/><D4/><U69/><E119/><V8/><F81/><W135/><G135/><T41/><D41/><U71/><E115/><V10/><F10/><W61/><G43/><T40/><D40/><U16/><E112/><V114/><F8/><W113/><G113/><T55/><D126/><U73/><E73/><V105/><F105/><W116/><G116/><T102/><D102/><U62/><E16/><AGARI ba="0,0" hai="9,13,16,36,37,38,49,52,57,61,63" m="42601" machi="16" ten="40,7700,0" yaku="10,1,54,2" doraHai="60" who="3" fromWho="1" sc="371,0,319,-77,236,0,74,77" />
</Scene>
<Scene>
<INIT seed="7,1,0,4,1,4" ten="371,242,236,151" oya="3" hai0="16,120,124,89,28,53,114,8,86,10,47,45,96" hai1="46,131,76,116,41,9,111,80,54,132,49,104,6" hai2="69,74,119,117,122,19,68,91,21,50,48,109,31" hai3="107,112,70,26,66,25,110,32,101,43,113,73,133"/><W100/><G73/><T106/><D120/><U42/><E111/><V23/><F74/><W30/><G110/><T99/><D124/><U78/><E104/><V44/><F109/><W121/><G121/><T11/><D28/><U83/><E132/><V12/><F122/><W40/><G133/><T27/><D106/><U29/><E29/><V35/><F35/><W62/><G26/><T71/><D71/><U67/><E67/><V37/><F37/><W77/><G77/><N who="1" m="29802" /><E131/><V39/><F39/><W51/><G101/><T36/><D36/><U0/><E0/><V24/><F50/><W85/><G85/><T82/><D114/><N who="3" m="44137" /><G51/><N who="0" m="28911" /><D47/><U15/><E116/><V134/><F134/><W102/><G102/><T81/><D81/><AGARI ba="1,0" hai="6,9,15,41,42,46,49,54,80,81,83" m="29802" machi="81" ten="30,2000,0" yaku="8,1,52,1" doraHai="4" who="1" fromWho="0" sc="371,-23,242,23,236,0,151,0" owari="348,44.0,265,7.0,236,-16.0,151,-35.0" />
</Scene>
</mjloggm>