<mjloggm ver="2.3"><GO type="169" lobby="0"/><UN n0="%7A%65%6C%64%69%6E%61" n1="%73%68%75%6E%70%79" n2="%E5%A4%AA%E3%81%8F%E3%81%AA%E3%81%84%E3%81%8A" n3="%54%44%4E%34%38" dan="16,16,17,17" rate="2043.52,2100.58,2143.87,2166.30" sx="M,M,M,M"/><TAIKYOKU oya="0"/>

<Scene>
<INIT seed="0,0,0,3,4,17" ten="250,250,250,250" oya="0" hai0="113,100,52,53,79,59,95,18,87,44,127,70,48" hai1="122,97,31,50,63,130,23,61,116,114,25,134,1" hai2="38,82,55,3,110,62,93,109,47,57,111,22,6" hai3="133,78,67,69,20,36,46,2,102,68,37,71,77"/><T19/><D127/><U8/><E122/><V9/><F93/><W66/><G2/><T99/><D70/><U120/><E120/><V51/><F82/><W98/><G133/><T35/><D35/><U119/><E134/><V7/><F7/><W54/><G20/><T84/><D113/><U94/><E114/><V112/><F112/><W104/><G78/><T132/><D132/><U76/><E130/><V73/><F73/><W10/><G77/><T26/><D79/><U80/><E50/><V5/><F5/><W117/><G10/><T90/><D26/><U123/><E123/><V28/><F38/><W91/><G91/><T41/><D87/><U101/><E1/><V72/><F72/><W49/><G117/><T43/><D53/><U11/><E116/><V108/><N who="2" m="27648" /><DORA hai="81" /><V29/><REACH who="2" step="1"/><F22/><REACH who="2" ten="250,250,240,250" step="2"/><W12/><G36/><T0/><D0/><U131/><E119/><V21/><F21/><W39/><G37/><T14/><D44/><U74/><E131/><V85/><F85/><W33/><G39/><T16/><REACH who="0" step="1"/><D14/><REACH who="0" ten="240,250,240,250" step="2"/><U124/><E124/><V92/><F92/><AGARI ba="0,2" hai="16,18,19,41,43,48,52,59,84,90,92,95,99,100" machi="92" ten="40,18000,2" yaku="1,1,2,1,8,1,52,1,54,2,53,0" doraHai="17,81" doraHaiUra="107,105" who="0" fromWho="2" sc="240,200,250,0,240,-180,250,0" />
</Scene>
<Scene>
<INIT seed="0,1,0,0,2,69" ten="440,250,60,250" oya="0" hai0="2,97,89,15,85,116,60,67,16,91,120,63,3" hai1="93,107,51,38,40,110,52,12,88,127,55,22,104" hai2="72,114,45,33,130,65,112,35,44,23,111,115,129" hai3="30,94,54,42,34,48,74,117,26,39,41,70,31"/><T135/><D120/><U75/><E110/><V118/><F72/><W18/><G117/><T128/><D116/><U53/><E75/><V109/><F118/><W133/><G74/><T78/><D135/><U66/><E66/><V4/><F65/><W121/><G133/><T61/><D128/><N who="2" m="49258" /><F4/><W59/><G121/><T100/><D67/><U73/><E73/><V80/><F80/><W71/><G31/><T13/><D13/><U92/><E127/><V123/><F123/><W79/><G79/><T86/><D78/><U132/><E132/><V46/><F23/><W7/><G7/><T134/><D134/><U5/><E93/><V47/><N who="2" m="11264" /><DORA hai="56" /><V19/><F19/><W37/><G18/><T122/><D122/><U21/><E38/><N who="3" m="14346" /><G26/><T25/><D25/><U9/><E40/><N who="3" m="15466" /><G30/><T43/><D43/><U87/><E107/><V102/><F102/><W103/><G34/><AGARI ba="1,0" hai="33,34,35,109,111,112,114,115" m="11264,49258" machi="34" ten="60,7700,0" yaku="28,2,19,1" doraHai="69,56" who="2" fromWho="3" sc="440,0,250,0,60,80,250,-80" />
</Scene>
<Scene>
<INIT seed="1,0,0,0,1,75" ten="440,250,140,170" oya="1" hai0="44,17,117,67,47,34,14,11,89,129,4,127,1" hai1="92,71,86,124,38,59,69,31,60,52,94,5,108" hai2="54,12,121,32,132,2,41,110,24,130,96,82,50" hai3="61,125,85,65,103,112,122,134,133,101,13,106,135"/><U120/><E120/><V55/><F2/><W84/><G13/><T64/><D34/><U8/><E124/><V20/><F121/><W126/><G61/><T99/><D127/><N who="3" m="48649" /><G65/><T27/><D129/><U93/><E38/><V95/><F130/><W49/><G49/><T22/><D117/><U123/><E123/><V77/><F32/><W131/><G122/><T79/><D79/><U10/><E108/><V26/><F110/><W114/><G131/><T91/><D1/><U72/><E72/><V128/><F128/><W23/><G23/><T46/><D99/><U40/><E40/><V18/><F41/><W9/><G9/><T53/><D53/><U0/><E31/><V56/><F55/><W70/><G70/><T19/><D4/><U33/><E33/><V57/><F57/><W109/><G109/><T7/><D7/><U104/><E10/><V78/><F132/><W37/><G37/><T36/><D36/><U30/><E30/><V62/><F50/><W73/><G73/><T83/><D67/><U15/><E0/><V98/><F12/><W21/><G21/><T74/><D64/><U119/><E119/><V16/><F18/><W35/><G35/><T25/><D27/><U80/><REACH who="1" step="1"/><E104/><REACH who="1" ten="440,240,140,170" step="2"/><V113/><F20/><W111/><G111/><T105/><D105/><U87/><E87/><N who="3" m="33354" /><G106/><T116/><D116/><U88/><AGARI ba="0,1" hai="5,8,15,52,59,60,69,71,80,86,88,92,93,94" machi="88" ten="30,12000,1" yaku="1,1,0,1,54,2,53,1" doraHai="75" doraHaiUra="3" who="1" fromWho="1" sc="440,-40,240,130,140,-40,170,-40" />
</Scene>
<Scene>
<INIT seed="1,1,0,2,0,7" ten="400,370,100,130" oya="1" hai0="23,123,108,77,1,4,10,125,78,29,18,101,59" hai1="102,119,114,66,135,39,47,126,81,27,83,80,19" hai2="68,33,72,122,61,130,14,46,111,98,49,56,11" hai3="40,58,85,104,2,52,73,12,45,25,63,76,110"/><U95/><E66/><V134/><F122/><W51/><G73/><T36/><D36/><U84/><E39/><V26/><F72/><W65/><G2/><T34/><D101/><U8/><E119/><V103/><F111/><W31/><G104/><T57/><D125/><U105/><E105/><V93/><F130/><W54/><G110/><T62/><D108/><U82/><E114/><V112/><F112/><W115/><G115/><T5/><D5/><U9/><E126/><V38/><F134/><W124/><G124/><T15/><D123/><U28/><E135/><V32/><F68/><W121/><G121/><T91/><D91/><U127/><E127/><V131/><F38/><W13/><G54/><T67/><D59/><U90/><E47/><V30/><F131/><W109/><G109/><T128/><D128/><U113/><E113/><V24/><F24/><AGARI ba="1,0" hai="1,4,10,15,18,23,24,29,34,57,62,67,77,78" machi="24" ten="40,5200,0" yaku="24,2,52,1" doraHai="7" who="0" fromWho="2" sc="400,55,370,0,100,-55,130,0" />
</Scene>
<Scene>
<INIT seed="2,0,0,5,0,68" ten="455,370,45,130" oya="2" hai0="131,43,66,133,58,90,47,19,105,29,6,9,106" hai1="40,20,74,75,18,107,97,73,32,118,59,10,113" hai2="22,95,117,124,30,2,120,94,26,78,57,15,3" hai3="88,110,24,82,101,28,104,5,119,98,21,55,54"/><V85/><F117/><W93/><G119/><T36/><D29/><U76/><E32/><V60/><F120/><W109/><G5/><T51/><D133/><U25/><E118/><V62/><F124/><W7/><G7/><T129/><D90/><U1/><E113/><V44/><F2/><W65/><G65/><T84/><D84/><U89/><E40/><V31/><F3/><W126/><G82/><T127/><D19/><U111/><E111/><N who="3" m="42506" /><G126/><T33/><D33/><U81/><E1/><V123/><F123/><W91/><G91/><T128/><D127/><U4/><E4/><V72/><F72/><W13/><G13/><N who="0" m="5303" /><D66/><U38/><E10/><V71/><F71/><W53/><G53/><AGARI ba="0,0" hai="36,43,47,51,53,58,105,106,128,129,131" m="5303" machi="53" ten="30,2000,0" yaku="19,1,52,1" doraHai="68" who="0" fromWho="3" sc="455,20,370,0,45,0,130,-20" />
</Scene>
<Scene>
<INIT seed="3,0,0,5,0,17" ten="475,370,45,110" oya="3" hai0="22,118,124,119,128,45,38,130,53,129,65,123,97" hai1="104,55,1,113,18,69,111,83,85,46,82,112,56" hai2="102,42,4,39,72,121,71,36,89,117,127,78,43" hai3="49,28,101,5,2,13,8,62,79,63,23,126,37"/><W0/><G37/><T116/><D65/><U88/><E69/><V106/><F117/><W33/><G101/><T27/><D97/><U135/><E1/><N who="3" m="618" /><G49/><N who="0" m="28847" /><D38/><U95/><E104/><V24/><F71/><W59/><G63/><T108/><D108/><U115/><E111/><V74/><F102/><W103/><G62/><T19/><D124/><U10/><E46/><V7/><F106/><W9/><G59/><T131/><D131/><U96/><E135/><V125/><F89/><W76/><G103/><T70/><D70/><U73/><E73/><V61/><F61/><W57/><G57/><T58/><D58/><U26/><E85/><V31/><F78/><W40/><G40/><T98/><D98/><U51/><E10/><V77/><F77/><W20/><G79/><T54/><D54/><U132/><E132/><V99/><F99/><W75/><G76/><T120/><AGARI ba="0,0" hai="19,22,27,116,118,119,120,123,128,129,130" m="28847" machi="120" ten="40,2700,0" yaku="19,1,52,1" doraHai="17" who="0" fromWho="0" sc="475,27,370,-7,45,-7,110,-13" />
</Scene>
<Scene>
<INIT seed="4,0,0,5,2,64" ten="502,363,38,97" oya="0" hai0="132,77,123,88,83,40,54,87,63,100,33,86,5" hai1="1,96,17,73,82,113,127,29,49,62,50,116,67" hai2="11,35,27,18,3,21,122,80,104,111,71,89,13" hai3="31,84,118,59,93,53,14,55,91,12,101,45,65"/><T30/><D132/><U95/><E1/><V56/><F111/><W61/><G118/><T97/><D123/><U8/><E116/><V121/><F104/><W119/><G119/><T57/><D40/><U72/><E127/><V120/><F56/><W129/><G129/><T48/><D5/><U41/><E29/><N who="2" m="19903" /><F89/><W74/><G74/><T81/><D30/><U133/><E133/><V66/><F80/><W28/><G101/><T115/><D33/><U102/><E113/><V9/><F66/><W42/><G28/><T75/><D115/><U79/><E73/><V105/><F105/><W32/><G32/><T103/><D75/><U6/><E41/><V135/><F135/><W58/><G31/><T68/><D68/><U106/><E17/><N who="2" m="8383" /><F71/><W107/><G107/><T38/><D38/><U7/><E7/><N who="2" m="1279" /><F122/><W109/><G109/><T4/><D97/><U26/><E26/><AGARI ba="0,0" hai="18,21,26,120,121" m="1279,8383,19903" machi="26" ten="30,2000,0" yaku="34,2" doraHai="64" who="2" fromWho="1" sc="502,0,363,-20,38,20,97,0" />
</Scene>
<Scene>
<INIT seed="5,0,0,2,0,58" ten="502,343,58,97" oya="1" hai0="53,91,51,63,96,48,123,133,14,116,23,117,130" hai1="89,42,5,122,126,59,2,26,32,38,104,121,118" hai2="107,50,68,127,47,86,66,37,40,49,67,85,1" hai3="79,129,31,87,110,135,93,35,106,75,84,119,9"/><U80/><E104/><V95/><F107/><W97/><G110/><T46/><D133/><U111/><E118/><V92/><F1/><W101/><G119/><T18/><D130/><U45/><E111/><V82/><F127/><W102/><G135/><T27/><D123/><U83/><E126/><V131/><F131/><W90/><G129/><T7/><D63/><U33/><E83/><V64/><F68/><W10/><G101/><T15/><D51/><U108/><E108/><V98/><F86/><W81/><G87/><T54/><D54/><U34/><E26/><AGARI ba="0,0" hai="9,10,26,31,35,75,79,81,84,90,93,97,102,106" machi="26" ten="40,2600,0" yaku="24,2" doraHai="58" who="3" fromWho="1" sc="502,0,343,-26,58,0,97,26" />
</Scene>
<Scene>
<INIT seed="6,0,0,0,3,103" ten="502,317,58,123" oya="2" hai0="51,21,58,131,75,106,111,15,70,73,1,114,19" hai1="110,37,85,107,66,50,92,61,0,91,10,89,52" hai2="57,95,30,78,123,14,129,71,80,87,36,8,120" hai3="68,9,59,90,112,33,31,48,5,109,18,35,94"/><V63/><F36/><W46/><G68/><T56/><D106/><U45/><E110/><V88/><F71/><W64/><G109/><T76/><D70/><U115/><E115/><V79/><F129/><W26/><G112/><T4/><D76/><U17/><E37/><V127/><F127/><W22/><G64/><T41/><D4/><U42/><E107/><V82/><F30/><W128/><G59/><T125/><D1/><U67/><E42/><V116/><F116/><W38/><G38/><T34/><D34/><U119/><E119/><V12/><F79/><W113/><G113/><T43/><D41/><U2/><E61/><V77/><F77/><W60/><G60/><T65/><D43/><U44/><E44/><V53/><F82/><W39/><G39/><T16/><D65/><U104/><E104/><V134/><F134/><W27/><G128/><T86/><D51/><U3/><E91/><V108/><F108/><W96/><G27/><T93/><D125/><U122/><E122/><V29/><F29/><W100/><G100/><T6/><D75/><U130/><E130/><V126/><F126/><W55/><G31/><T133/><D73/><U20/><REACH who="1" step="1"/><E10/><REACH who="1" ten="502,307,58,123" step="2"/><V25/><F25/><AGARI ba="0,1" hai="0,2,3,17,20,25,45,50,52,66,67,85,89,92" machi="25" ten="40,5200,0" yaku="1,1,2,1,54,1,53,0" doraHai="103" doraHaiUra="11" who="1" fromWho="2" sc="502,0,307,62,58,-52,123,0" />
</Scene>
<Scene>
<INIT seed="7,0,0,5,5,130" ten="502,369,6,123" oya="3" hai0="61,18,59,71,113,22,92,125,94,58,39,111,95" hai1="74,54,128,32,48,80,64,75,93,16,15,11,6" hai2="1,90,7,57,19,9,13,60,89,72,2,17,29" hai3="120,108,46,103,110,44,133,31,43,53,135,119,107"/><W100/><G31/><T20/><D39/><U91/><E128/><V118/><F72/><W97/><G103/><T101/><D71/><U105/><E105/><V67/><F118/><W69/><G69/><T79/><D79/><U5/><E32/><V62/><F1/><W21/><G119/><T88/><D125/><U134/><E75/><V27/><F17/><W115/><G120/><T51/><D22/><U68/><E68/><V82/><F82/><W109/><G21/><T112/><D111/><U3/><E74/><V106/><F106/><W56/><G115/><T12/><D51/><U36/><E36/><V124/><F124/><W40/><G44/><T10/><D10/><U129/><E129/><V41/><F41/><N who="3" m="15947" /><G46/><T131/><D59/><U76/><E64/><V47/><F47/><W84/><G84/><N who="0" m="52231" /><D131/><U52/><E3/><V25/><F25/><W132/><G108/><T87/><D87/><U70/><E70/><V38/><F38/><W96/><G96/><T102/><D101/><U117/><E117/><V28/><F28/><W26/><G26/><T49/><D102/><U63/><E80/><V126/><F126/><W34/><G34/><T66/><D49/><AGARI ba="0,0" hai="49,53,56,97,100,107,109,110,132,133,135" m="15947" machi="49" ten="40,12000,1" yaku="20,1,52,3" doraHai="130" who="3" fromWho="0" sc="502,-120,369,0,6,0,123,120" />
</Scene>
<Scene>
<INIT seed="7,1,0,5,0,17" ten="382,369,6,243" oya="3" hai0="62,20,53,117,99,74,58,30,11,104,87,109,29" hai1="16,73,133,112,14,92,77,93,56,7,57,42,31" hai2="67,91,47,90,125,5,72,129,33,60,4,63,38" hai3="37,115,70,61,95,13,27,80,48,79,28,32,82"/><W55/><G37/><T9/><D74/><U3/><E112/><V121/><F47/><W51/><G115/><T120/><D109/><U15/><E133/><V118/><F67/><W68/><G95/><N who="1" m="36426" /><E3/><V106/><F60/><W26/><G13/><T71/><D71/><U59/><E73/><V34/><F63/><W97/><G97/><T135/><D135/><U36/><E36/><V132/><F91/><W21/><G61/><T103/><D120/><U0/><E0/><V64/><F90/><W89/><G89/><T1/><D117/><U18/><E42/><V102/><F4/><W119/><G119/><T107/><D107/><U6/><E31/><V124/><F5/><N who="1" m="1545" /><E77/><V84/><F84/><W83/><G79/><T128/><D128/><U8/><E59/><V41/><F64/><W86/><G86/><T85/><D30/><U23/><AGARI ba="1,0" hai="8,14,15,16,18,23,56,57" m="1545,36426" machi="23" ten="30,4000,0" yaku="8,1,52,1,54,1" doraHai="17" who="1" fromWho="1" sc="382,-11,369,43,6,-11,243,-21" owari="371,17.0,412,52.0,-5,-51.0,222,-18.0" />
</Scene>
</mjloggm>