<mjloggm ver="2.3"><GO type="169" lobby="0"/><UN n0="%E5%A4%AA%E3%81%8F%E3%81%AA%E3%81%84%E3%81%8A" n1="%4C%53%E9%99%BD" n2="%E3%82%B5%E3%83%B3%E3%83%9E%E9%81%93%E6%A5%BD%E4%BB%A3%E8%A1%A8" n3="%E7%8B%AC%E6%AD%A9" dan="18,16,17,20" rate="2199.44,2024.88,2209.38,2174.78" sx="M,M,M,M"/><TAIKYOKU oya="0"/>

<Scene>
<INIT seed="0,0,0,3,0,30" ten="250,250,250,250" oya="0" hai0="36,76,67,18,66,88,120,11,110,59,63,101,1" hai1="74,84,50,82,10,28,95,94,42,89,5,39,90" hai2="49,96,22,69,123,25,33,45,132,51,13,112,52" hai3="62,135,85,40,53,41,48,15,68,0,105,37,16"/><T44/><D120/><U125/><E125/><V83/><F69/><W104/><G0/><T114/><D114/><U64/><E64/><V121/><F112/><W109/><G109/><T2/><D101/><U19/><E19/><V14/><F132/><W103/><G135/><T91/><D76/><U8/><E28/><V31/><F96/><W86/><G103/><T122/><D122/><U107/><E107/><V99/><F99/><W80/><G37/><T46/><D110/><U32/><E32/><V102/><F102/><W12/><G12/><T55/><D36/><U47/><E39/><V35/><F14/><W29/><G29/><T130/><D130/><U26/><E26/><V65/><F65/><W127/><G127/><T20/><D66/><U60/><E60/><V43/><F83/><W131/><G62/><T119/><D119/><U73/><E82/><V78/><F78/><W81/><G68/><T129/><D129/><U38/><E38/><V118/><F118/><W92/><G92/><T9/><D1/><U61/><E61/><V23/><F123/><W27/><G105/><T113/><D113/><U24/><E24/><V126/><F126/><W4/><G104/><T111/><D111/><U87/><REACH who="1" step="1"/><E8/><REACH who="1" ten="250,240,250,250" step="2"/><V54/><F121/><W116/><G116/><T124/><D124/><U72/><E72/><V71/><F71/><W56/><G131/><T97/><D67/><U117/><E117/><V77/><F31/><W70/><G70/><T75/><D75/><U100/><E100/><V128/><F128/><W134/><G134/><T98/><D63/><U108/><E108/><RYUUKYOKU ba="0,1" sc="250,-10,240,30,250,-10,250,-10" hai1="5,10,42,47,50,73,74,84,87,89,90,94,95" />
</Scene>
<Scene>
<INIT seed="1,1,1,0,2,67" ten="240,270,240,240" oya="1" hai0="101,18,22,64,118,32,66,98,129,112,96,95,8" hai1="15,19,47,59,80,84,21,100,128,11,93,4,125" hai2="44,37,78,76,110,131,5,46,111,14,105,41,26" hai3="121,109,25,49,51,24,126,91,127,27,50,113,133"/><U30/><E128/><V86/><F105/><W28/><G121/><T120/><D32/><U62/><E125/><N who="3" m="47626" /><G113/><T36/><D112/><U123/><E123/><V10/><F131/><W103/><G103/><T124/><D129/><U45/><E30/><V71/><F26/><W114/><G114/><T0/><D120/><U16/><E93/><V13/><F13/><W72/><G72/><T6/><D124/><U97/><E97/><V132/><F132/><W42/><G133/><T39/><D118/><U92/><E92/><V9/><F9/><W7/><G7/><T116/><D116/><U106/><E106/><V48/><F71/><W99/><G109/><N who="2" m="41481" /><F86/><W38/><G99/><T43/><D98/><U134/><E100/><V104/><F104/><W117/><G91/><T29/><D29/><U90/><E134/><V57/><F57/><W2/><G2/><T79/><D79/><U94/><E94/><V70/><F70/><W56/><G117/><T85/><D85/><U31/><E31/><V89/><F89/><W20/><G56/><T108/><D108/><U119/><E119/><V83/><F83/><W1/><G1/><T17/><D101/><U77/><E77/><V60/><F60/><W122/><G122/><T87/><D96/><U3/><REACH who="1" step="1"/><E19/><REACH who="1" ten="240,260,240,240" step="2"/><V82/><F82/><W81/><G81/><T54/><D17/><U63/><E63/><V74/><F74/><W130/><G130/><T53/><D95/><U107/><E107/><V65/><F65/><AGARI ba="1,2" hai="3,4,11,15,16,21,45,47,59,62,65,80,84,90" machi="65" ten="30,11600,0" yaku="1,1,7,1,54,1,53,1" doraHai="67" doraHaiUra="61" who="1" fromWho="2" sc="240,0,260,139,240,-119,240,0" />
</Scene>
<Scene>
<INIT seed="1,2,0,4,2,15" ten="240,399,121,240" oya="1" hai0="75,78,110,90,33,7,128,77,59,38,8,80,50" hai1="122,83,72,6,26,123,113,120,67,43,116,49,99" hai2="127,87,31,98,32,2,132,124,97,107,71,0,16" hai3="53,4,3,66,69,94,79,102,88,125,109,126,60"/><U41/><E116/><V96/><F107/><W119/><G119/><T12/><D38/><U1/><E113/><V39/><F39/><W92/><G109/><T25/><D110/><U85/><E72/><V13/><F71/><W51/><G79/><T48/><D128/><U55/><E67/><V95/><F132/><W117/><G117/><T24/><D78/><U19/><E99/><V5/><F5/><W91/><G4/><T63/><D90/><N who="3" m="34345" /><G3/><T54/><D33/><U11/><E85/><V70/><F70/><W86/><G86/><T65/><REACH who="0" step="1"/><D48/><REACH who="0" ten="230,399,121,240" step="2"/><U105/><E49/><V52/><F87/><W14/><G102/><T20/><D20/><U44/><E122/><V89/><F97/><W45/><G125/><N who="2" m="48201" /><F96/><W101/><G126/><T42/><D42/><U22/><E120/><V84/><F98/><W61/><G101/><T115/><D115/><U56/><E123/><V121/><F121/><W134/><G134/><T21/><D21/><U62/><E22/><N who="2" m="11535" /><F32/><W73/><G73/><T130/><D130/><U30/><E62/><V129/><F129/><W47/><G61/><T112/><D112/><U34/><E34/><V23/><F23/><W74/><G74/><T82/><D82/><U18/><E83/><V28/><F28/><W76/><G76/><T64/><D64/><U36/><E30/><V114/><F31/><W40/><G92/><T111/><D111/><U81/><E36/><V106/><F106/><W10/><G94/><T9/><D9/><U100/><E11/><V104/><F104/><W29/><G29/><T118/><D118/><U37/><E105/><RYUUKYOKU ba="2,1" sc="230,30,399,-10,121,-10,240,-10" hai0="7,8,12,24,25,50,54,59,63,65,75,77,80" />
</Scene>
<Scene>
<INIT seed="2,3,1,1,4,124" ten="260,389,111,230" oya="2" hai0="43,111,72,13,100,97,82,47,22,83,108,85,0" hai1="88,78,48,134,12,60,131,7,71,1,42,112,114" hai2="44,87,26,56,102,30,58,29,126,107,15,123,90" hai3="45,49,117,84,2,19,6,21,57,81,36,8,25"/><V74/><F74/><W91/><G117/><T59/><D0/><U75/><E134/><V14/><F123/><W132/><G132/><T98/><D72/><U79/><E1/><V106/><F126/><W51/><G36/><T10/><D22/><U17/><E7/><V96/><F107/><W3/><G3/><T38/><D59/><U110/><E110/><N who="0" m="42025" /><D85/><U95/><E71/><V109/><F109/><W27/><G57/><T16/><D97/><U5/><E5/><V62/><F30/><W105/><G105/><AGARI ba="3,1" hai="10,13,16,38,43,47,82,83,98,100,105" m="42025" machi="105" ten="30,2000,0" yaku="14,1,54,1" doraHai="124" who="0" fromWho="3" sc="260,39,389,0,111,0,230,-29" />
</Scene>
<Scene>
<INIT seed="3,0,0,2,0,70" ten="299,389,111,201" oya="3" hai0="48,82,13,42,129,67,131,80,52,35,89,37,31" hai1="28,54,5,73,3,126,60,109,100,12,34,116,99" hai2="76,65,16,107,30,94,119,110,121,87,101,62,114" hai3="26,15,78,92,68,39,2,133,88,46,118,0,59"/><W112/><G112/><T25/><D67/><U20/><E109/><V122/><F114/><W50/><G68/><T90/><D13/><U40/><E126/><V135/><F119/><W19/><G118/><T85/><D42/><U97/><E40/><V117/><F117/><W125/><G125/><T61/><D61/><U44/><E73/><V38/><F30/><W127/><G127/><T4/><D4/><U132/><E132/><V41/><F110/><W79/><G133/><T98/><D37/><U63/><E63/><V10/><F135/><W124/><G124/><T36/><D36/><U7/><E7/><V111/><F111/><W91/><G39/><T130/><D98/><U47/><E47/><N who="2" m="23991" /><F107/><W18/><G59/><N who="0" m="33159" /><D80/><U64/><E28/><V58/><F101/><W53/><G2/><T56/><D56/><U33/><E100/><V86/><F94/><W6/><G0/><T45/><D45/><U9/><E3/><V83/><F83/><W102/><G102/><T93/><D93/><U57/><E44/><V24/><F76/><AGARI ba="0,0" hai="25,31,35,76,82,85,89,90,129,130,131" m="33159" machi="76" ten="30,2000,0" yaku="19,1,54,1" doraHai="70" who="0" fromWho="2" sc="299,20,389,0,111,-20,201,0" />
</Scene>
<Scene>
<INIT seed="4,0,0,3,2,46" ten="319,389,91,201" oya="0" hai0="50,80,108,15,77,55,109,114,48,101,25,103,98" hai1="100,41,85,11,36,116,124,12,94,33,134,110,119" hai2="60,111,75,104,47,130,30,22,27,4,86,62,35" hai3="52,96,23,53,57,69,71,93,102,26,92,89,67"/><T39/><D39/><U38/><E110/><N who="0" m="42601" /><D114/><U16/><E33/><V34/><F75/><W20/><G20/><T126/><D126/><U14/><E124/><V54/><F104/><W112/><G112/><T42/><D15/><U99/><E134/><V118/><F118/><W68/><G67/><T73/><D25/><U45/><E38/><V28/><F130/><W49/><G53/><T97/><D42/><U18/><E85/><V82/><F4/><W40/><G40/><T120/><D120/><U65/><E65/><V2/><F2/><W61/><G61/><T129/><D129/><U51/><E36/><V135/><F135/><W3/><G3/><T59/><D97/><U106/><E106/><V123/><F123/><W64/><G64/><T13/><D13/><U113/><E113/><V58/><F47/><W115/><G115/><T91/><D91/><U5/><E5/><V24/><F111/><W21/><REACH who="3" step="1"/><G26/><REACH who="3" ten="319,389,91,191" step="2"/><T37/><D37/><U105/><E116/><V10/><F22/><W125/><G125/><T7/><D55/><U0/><E119/><V31/><F30/><W17/><G17/><T9/><D7/><U72/><E0/><V70/><F10/><W19/><G19/><T88/><D9/><U78/><E18/><V29/><F31/><W87/><AGARI ba="0,1" hai="21,23,49,52,57,68,69,71,87,89,92,93,96,102" machi="87" ten="30,7900,0" yaku="1,1,0,1,52,1,54,1,53,0" doraHai="46" doraHaiUra="132" who="3" fromWho="3" sc="319,-39,389,-20,91,-20,191,89" />
</Scene>
<Scene>
<INIT seed="5,0,0,4,3,105" ten="280,369,71,280" oya="1" hai0="90,2,78,110,12,101,34,19,77,79,58,113,52" hai1="53,103,99,32,17,93,104,86,128,123,33,74,67" hai2="4,35,0,107,59,6,91,26,94,72,71,25,13" hai3="69,114,14,97,88,63,117,23,49,80,30,129,41"/><U40/><E123/><V9/><F71/><W31/><G114/><T131/><D2/><U109/><E109/><V81/><F107/><W57/><G69/><T92/><D110/><U3/><E3/><V102/><F35/><W132/><G132/><T87/><D34/><U64/><E128/><V43/><F102/><W61/><G117/><T21/><D113/><U18/><E40/><V37/><F6/><W27/><G14/><T7/><D131/><U22/><E53/><V106/><F106/><W115/><G115/><T36/><D36/><U50/><E50/><V47/><F59/><W119/><G119/><T65/><D101/><U15/><E74/><V70/><F13/><W45/><G129/><T54/><REACH who="0" step="1"/><D7/><REACH who="0" ten="270,369,71,280" step="2"/><U10/><E33/><V55/><F55/><N who="3" m="33983" /><G63/><AGARI ba="0,1" hai="12,19,21,52,54,58,63,65,77,78,79,87,90,92" machi="63" ten="40,5200,0" yaku="1,1,8,1,54,1,53,0" doraHai="105" doraHaiUra="111" who="0" fromWho="3" sc="270,62,369,0,71,0,280,-52" />
</Scene>
<Scene>
<INIT seed="6,0,0,4,2,131" ten="332,369,71,228" oya="2" hai0="22,51,124,26,108,72,76,54,113,38,94,45,106" hai1="5,111,19,10,91,82,20,88,135,86,56,14,74" hai2="95,6,53,3,127,85,58,23,29,4,84,70,80" hai3="24,83,100,7,119,1,115,87,28,25,122,60,21"/><V89/><F70/><W50/><G119/><T103/><D108/><U40/><E135/><V114/><F114/><W116/><G116/><T33/><D33/><U68/><E68/><V75/><F75/><W17/><G122/><T134/><D106/><U41/><E74/><V34/><F34/><W73/><G73/><T52/><D38/><U81/><E111/><V2/><F2/><W132/><G132/><T16/><D113/><U32/><E32/><V12/><F127/><W15/><G100/><T118/><D118/><U79/><E56/><V67/><F67/><W27/><G60/><T0/><D0/><U105/><E105/><V130/><F130/><W46/><G7/><T8/><D124/><U62/><E62/><V61/><F3/><W90/><G1/><T120/><D120/><U48/><E48/><V39/><F39/><W37/><G37/><T96/><D134/><U128/><E128/><V35/><F35/><W101/><G101/><T129/><D129/><U47/><E47/><V109/><F109/><W99/><G99/><T133/><D133/><U104/><E104/><V31/><F4/><W44/><G44/><T43/><REACH who="0" step="1"/><D8/><REACH who="0" ten="322,369,71,228" step="2"/><U64/><E10/><N who="2" m="4183" /><F23/><N who="3" m="15487" /><G115/><T66/><D66/><U78/><E64/><V18/><F18/><W11/><G11/><T97/><D97/><U110/><E110/><V65/><F65/><W59/><G17/><T107/><D107/><U92/><E19/><V121/><F121/><W126/><G126/><T13/><D13/><U77/><E14/><V117/><F117/><W69/><G15/><T42/><D42/><U57/><E41/><RYUUKYOKU ba="0,1" sc="322,15,369,-15,71,15,228,-15" hai0="16,22,26,43,45,51,52,54,72,76,94,96,103" hai2="29,31,53,58,61,80,84,85,89,95" />
</Scene>
<Scene>
<INIT seed="6,1,1,3,1,46" ten="337,354,86,213" oya="2" hai0="104,20,45,112,78,4,60,9,75,51,80,36,40" hai1="127,48,95,79,32,91,74,41,128,22,99,50,118" hai2="105,87,134,10,53,113,42,33,109,122,123,55,126" hai3="1,73,59,62,89,30,17,103,3,72,135,23,66"/><V133/><F105/><W11/><G135/><N who="2" m="51721" /><F33/><W58/><G103/><T116/><D104/><U52/><E32/><V119/><F87/><W54/><G30/><T29/><D112/><U65/><E65/><V16/><F119/><W129/><G129/><T88/><D116/><U101/><E118/><V39/><F113/><W68/><G68/><T76/><D76/><U27/><E127/><V94/><F94/><W98/><G11/><T92/><D60/><U108/><E108/><V77/><F77/><W115/><G115/><T82/><D82/><U93/><E128/><V5/><F126/><W86/><G73/><T18/><D29/><U67/><E67/><V19/><F109/><W34/><G34/><T12/><D36/><U117/><E117/><V38/><F42/><W69/><G69/><T102/><D102/><U100/><E79/><V24/><F24/><N who="3" m="14447" /><G72/><T106/><D106/><U47/><E74/><V61/><F61/><N who="3" m="36055" /><G86/><T64/><D64/><U85/><E100/><V131/><F131/><W13/><G13/><T130/><D130/><U110/><E110/><V37/><F5/><W81/><G81/><T43/><D43/><U15/><E15/><N who="2" m="7287" /><F19/><W21/><G21/><T114/><D114/><U31/><E41/><V25/><F25/><W107/><G107/><T35/><D35/><U8/><E8/><V90/><F90/><W97/><G97/><N who="0" m="57479" /><D9/><U26/><E26/><V28/><F28/><W70/><G70/><T0/><D4/><U71/><E71/><V56/><F56/><W6/><G6/><T124/><D124/><U83/><E83/><V57/><F57/><RYUUKYOKU ba="1,1" sc="337,0,354,0,86,0,213,0" hai0="0,12,18,20,40,45,51,75,78,80" hai1="22,27,31,47,48,50,52,85,91,93,95,99,101" hai2="37,38,39,53,55,122,123" hai3="1,3,59,62,66,89,98" />
</Scene>
<Scene>
<INIT seed="6,2,1,5,3,56" ten="337,354,86,213" oya="2" hai0="61,123,122,119,133,94,76,38,73,15,74,17,104" hai1="69,34,87,107,105,66,93,91,82,89,20,77,59" hai2="135,85,5,8,67,52,128,68,46,125,25,75,99" hai3="2,88,113,16,111,98,83,112,35,100,62,0,44"/><V39/><F75/><W70/><G35/><T101/><D38/><U30/><E69/><V23/><F135/><W65/><G111/><T51/><D104/><U27/><E34/><V126/><F128/><W114/><G44/><T13/><D51/><U28/><E28/><V86/><F39/><W80/><G16/><T54/><D101/><U90/><E105/><V121/><F99/><W42/><G42/><T96/><D76/><U33/><E33/><V134/><F134/><W22/><G22/><T26/><D133/><U81/><E107/><V1/><F121/><W84/><G83/><N who="1" m="31754" /><E77/><V11/><F11/><W132/><G132/><T4/><D4/><U3/><E3/><V118/><F118/><W131/><G131/><T7/><D7/><U14/><E14/><N who="0" m="5129" /><D119/><U21/><E21/><V53/><F86/><W57/><G70/><T103/><D74/><U130/><E130/><V43/><F85/><W127/><G127/><N who="2" m="48649" /><F43/><W10/><G10/><T71/><D73/><U110/><E110/><V6/><F46/><W50/><G50/><T12/><D122/><U41/><E41/><V92/><F5/><W45/><G45/><T106/><D123/><U49/><E49/><V60/><F92/><AGARI ba="2,1" hai="0,2,57,62,65,80,84,88,92,98,100,112,113,114" machi="92" ten="40,8000,1" yaku="15,1,11,1,52,1,54,1" doraHai="56" who="3" fromWho="2" sc="337,0,354,0,86,-86,213,96" />
</Scene>
<Scene>
<INIT seed="7,0,0,4,2,6" ten="337,354,0,309" oya="3" hai0="121,36,40,135,96,115,73,51,19,17,119,107,47" hai1="102,14,77,88,48,16,68,57,35,8,43,13,108" hai2="92,82,18,11,45,53,22,60,83,130,70,30,81" hai3="111,62,72,97,133,58,123,78,112,9,103,38,86"/><W101/><G38/><T69/><D119/><U7/><E68/><V84/><F130/><W49/><G123/><T129/><D121/><U52/><E108/><V114/><F114/><W31/><G111/><T80/><D69/><U126/><E126/><V110/><F110/><W2/><G112/><T117/><D115/><U99/><E35/><V118/><F118/><W131/><G131/><T34/><D117/><U28/><E28/><V33/><F33/><W23/><G72/><T29/><D129/><U132/><E132/><V26/><F70/><W66/><G133/><T27/><D135/><U122/><E122/><V50/><F60/><W104/><G101/><T21/><D107/><U100/><E77/><V55/><F92/><W37/><G37/><T5/><D96/><U87/><E99/><V39/><F39/><W4/><G49/><T85/><D73/><U116/><E43/><V76/><F55/><W1/><G1/><T59/><D5/><U75/><E75/><V42/><F42/><W74/><G74/><T65/><D34/><U95/><E116/><V56/><F56/><W25/><G86/><T32/><D32/><U20/><AGARI ba="0,0" hai="7,8,13,14,16,20,48,52,57,87,88,95,100,102" machi="20" ten="20,16000,3" yaku="0,1,7,1,25,2,8,1,52,1,54,3" doraHai="6" who="1" fromWho="1" sc="337,-40,354,160,0,-40,309,-80" owari="297,10.0,514,61.0,-40,-54.0,229,-17.0" />
</Scene>
</mjloggm>