<mjloggm ver="2.3"><GO type="169" lobby="0"/><UN n0="%E5%A4%AA%E3%81%8F%E3%81%AA%E3%81%84%E3%81%8A" n1="%E8%A3%8F%E6%8A%95%E3%81%92%E4%B8%80%E6%9C%AC" n2="%EF%BC%9D%E9%AB%98%E6%A9%8B%E3%83%91%E3%83%B3%E3%83%80%EF%BC%9D" n3="%E9%9A%A0%E5%9C%B0%E5%89%8D" dan="17,16,16,16" rate="2168.88,2140.04,2096.77,2107.40" sx="F,M,M,M"/><TAIKYOKU oya="0"/>

<Scene>
<INIT seed="0,0,0,1,2,29" ten="250,250,250,250" oya="0" hai0="83,102,82,40,33,4,76,53,94,35,73,58,85" hai1="112,104,28,48,1,134,89,77,11,99,62,116,47" hai2="113,125,126,50,2,63,88,13,25,14,135,84,114" hai3="121,79,37,10,71,41,105,132,69,19,115,109,59"/><T130/><D130/><U16/><E116/><V122/><F2/><W23/><G79/><T57/><D40/><U86/><E77/><V108/><F122/><W22/><G105/><T101/><D4/><U103/><E134/><V120/><F120/><W100/><G41/><T90/><D58/><U56/><E112/><N who="2" m="43115" /><F135/><W36/><G100/><T54/><D53/><U106/><E28/><V18/><F50/><W111/><G59/><T129/><D129/><U92/><E1/><V67/><F25/><W68/><G121/><T45/><D45/><U15/><E48/><V27/><F27/><W98/><G98/><T119/><D119/><U5/><E5/><V31/><F31/><W72/><G115/><T20/><D20/><U96/><E47/><V81/><F18/><W39/><G72/><T95/><D102/><U123/><E123/><V0/><F0/><W133/><G10/><T75/><D75/><U44/><E44/><V3/><F3/><W97/><G132/><T118/><D118/><U78/><E78/><V60/><F60/><W9/><G133/><T127/><D101/><U46/><E46/><V8/><F8/><W124/><G69/><T43/><D43/><U32/><E32/><V38/><F38/><W128/><G37/><T6/><D6/><U65/><REACH who="1" step="1"/><E99/><REACH who="1" ten="250,240,250,250" step="2"/><V52/><F125/><W110/><G97/><T131/><D127/><U34/><E34/><N who="0" m="12809" /><D131/><U49/><E49/><V66/><F126/><W117/><G124/><T93/><D73/><U70/><E70/><V107/><F84/><W61/><G128/><T74/><D57/><U24/><E24/><RYUUKYOKU ba="0,1" sc="250,15,240,15,250,-15,250,-15" hai0="54,74,76,82,83,85,90,93,94,95" hai1="11,15,16,56,62,65,86,89,92,96,103,104,106" />
</Scene>
<Scene>
<INIT seed="0,1,1,0,0,81" ten="265,255,235,235" oya="0" hai0="127,75,18,73,34,82,66,123,44,101,100,45,8" hai1="94,70,42,20,96,53,58,76,85,115,125,33,120" hai2="69,25,79,133,54,26,132,84,37,112,122,59,110" hai3="5,2,56,65,64,40,23,91,27,49,102,97,134"/><T126/><D34/><U39/><E120/><V77/><F69/><W121/><G134/><N who="2" m="51817" /><F122/><W105/><G121/><T52/><D123/><U28/><E70/><V31/><F112/><W108/><G108/><T78/><D66/><U11/><E33/><N who="2" m="20719" /><F37/><W61/><G5/><T48/><D75/><U74/><E74/><V1/><F1/><W30/><G2/><T38/><D18/><U118/><E118/><V106/><F106/><W57/><G91/><T98/><D8/><U6/><E39/><V72/><F72/><W12/><G12/><T14/><D14/><U111/><E111/><V117/><F26/><W124/><G124/><N who="0" m="47659" /><D98/><U99/><E42/><AGARI ba="1,1" hai="38,42,44,45,48,52,73,78,82,100,101" m="47659" machi="42" ten="30,2900,0" yaku="18,1,54,1" doraHai="81" who="0" fromWho="1" sc="265,42,255,-32,235,0,235,0" />
</Scene>
<Scene>
<INIT seed="0,2,0,4,1,109" ten="307,223,235,235" oya="0" hai0="34,41,30,39,82,106,129,46,67,49,9,14,47" hai1="37,117,83,33,128,112,35,78,31,42,113,103,63" hai2="8,84,122,90,1,19,15,131,101,126,75,38,65" hai3="27,114,97,105,52,4,98,91,110,74,119,88,24"/><T123/><D123/><U60/><E117/><V59/><F75/><W61/><G119/><T118/><D118/><U100/><E37/><V80/><F122/><W51/><G110/><T73/><D106/><U36/><E36/><V13/><F1/><W45/><G74/><T53/><D129/><U68/><E42/><V76/><F38/><W121/><G121/><T66/><D30/><U23/><E128/><V116/><F126/><W2/><G114/><N who="1" m="44138" /><E23/><V11/><F101/><N who="1" m="38985" /><E31/><V99/><F131/><W18/><G4/><T56/><D34/><N who="1" m="12811" /><E68/><V69/><F69/><W124/><G2/><T79/><D46/><U32/><N who="1" m="12819" /><U108/><DORA hai="130" /><E108/><V55/><F116/><W3/><G3/><T92/><REACH who="0" step="1"/><D92/><REACH who="0" ten="297,223,235,235" step="2"/><U77/><E83/><V115/><F80/><W26/><G105/><T125/><D125/><U28/><E28/><V21/><F115/><W94/><G124/><T93/><D93/><U20/><E20/><V104/><F21/><W57/><G94/><T29/><D29/><U0/><E0/><V25/><F104/><W133/><G98/><T5/><AGARI ba="2,1" hai="5,9,14,39,41,47,49,53,56,66,67,73,79,82" machi="5" ten="20,3900,0" yaku="1,1,0,1,7,1,53,0" doraHai="109,130" doraHaiUra="120,12" who="0" fromWho="0" sc="297,55,223,-15,235,-15,235,-15" />
</Scene>
<Scene>
<INIT seed="0,3,0,3,1,92" ten="352,208,220,220" oya="0" hai0="80,60,112,104,8,2,29,79,124,59,43,3,5" hai1="22,16,52,51,120,126,57,65,15,48,105,119,62" hai2="58,114,95,13,34,32,70,63,123,49,28,6,110" hai3="17,75,118,99,108,69,66,53,98,41,14,30,111"/><T134/><D112/><U46/><E119/><V131/><F110/><N who="3" m="42027" /><G118/><T102/><D124/><U61/><E120/><V81/><F70/><W87/><G75/><T12/><D134/><U86/><E126/><V71/><F71/><W23/><G87/><T1/><D29/><U117/><E117/><V19/><F123/><W11/><G41/><T45/><D102/><U125/><E125/><V56/><F6/><W55/><G69/><T96/><D104/><U24/><E105/><V113/><F81/><W106/><G66/><T132/><D96/><N who="3" m="36905" /><G106/><T72/><D132/><U18/><E65/><V101/><F114/><W100/><G100/><T40/><REACH who="0" step="1"/><D45/><REACH who="0" ten="342,208,220,220" step="2"/><U133/><E133/><V10/><F101/><W84/><G84/><T39/><D39/><U73/><E86/><V4/><F113/><W35/><G35/><T77/><D77/><U21/><REACH who="1" step="1"/><E73/><REACH who="1" ten="342,198,220,220" step="2"/><V97/><F97/><W83/><G83/><T76/><D76/><U50/><E50/><V89/><F49/><W109/><G109/><T90/><D90/><U85/><E85/><V44/><F89/><W130/><G130/><T121/><D121/><U7/><E7/><V64/><F4/><N who="3" m="3431" /><G30/><T129/><D129/><U36/><E36/><V9/><F28/><W88/><G88/><T127/><D127/><U107/><E107/><V0/><F131/><W78/><G78/><T128/><D128/><U37/><E37/><V91/><F91/><W27/><AGARI ba="3,2" hai="17,23,27,53,55" m="3431,36905,42027" machi="27" ten="30,7900,0" yaku="14,1,52,3" doraHai="92" who="3" fromWho="3" sc="342,-42,198,-23,220,-23,220,108" />
</Scene>
<Scene>
<INIT seed="1,0,0,0,1,33" ten="300,175,197,328" oya="1" hai0="30,115,18,110,93,32,78,24,77,73,1,25,84" hai1="72,117,108,16,131,89,36,51,22,122,19,48,116" hai2="40,134,12,42,39,70,63,101,96,133,55,31,17" hai3="6,41,64,21,44,90,52,120,69,46,83,20,57"/><U65/><E122/><V74/><F74/><W128/><G120/><T67/><D115/><U118/><E72/><V2/><F31/><W49/><G128/><T9/><D110/><U56/><E36/><V45/><F42/><W4/><G69/><T109/><D109/><U68/><E108/><V123/><F123/><W114/><G114/><T50/><D67/><U15/><E68/><V34/><F34/><W58/><G64/><T26/><D73/><U38/><E38/><V103/><F2/><W95/><G83/><T82/><D77/><U135/><E131/><V62/><F70/><W97/><G57/><T129/><D129/><U53/><E65/><V119/><F55/><W111/><G46/><T14/><D93/><U106/><E106/><V0/><F0/><W28/><G111/><T66/><D66/><U81/><E135/><N who="2" m="51723" /><F119/><W98/><G98/><T121/><D121/><U91/><E51/><V113/><F113/><W130/><G130/><T13/><D13/><U104/><E104/><N who="2" m="63527" /><F103/><W107/><G107/><T10/><REACH who="0" step="1"/><D50/><REACH who="0" ten="290,175,197,328" step="2"/><U127/><E127/><V71/><F71/><W7/><REACH who="3" step="1"/><G28/><REACH who="3" ten="290,175,197,318" step="2"/><T88/><D88/><U126/><E126/><V43/><F39/><AGARI ba="0,2" hai="4,6,7,20,21,39,41,44,49,52,58,90,95,97" machi="39" ten="40,5200,0" yaku="1,1,2,1,54,1,53,0" doraHai="33" doraHaiUra="99" who="3" fromWho="2" sc="290,0,175,0,197,-52,318,72" />
</Scene>
<Scene>
<INIT seed="2,0,0,0,0,74" ten="290,175,145,390" oya="2" hai0="5,32,66,90,133,53,23,51,60,36,49,43,16" hai1="1,124,37,106,101,120,86,30,87,69,10,73,64" hai2="108,107,103,55,95,89,72,100,111,131,70,38,130" hai3="54,93,71,65,119,46,28,123,81,26,97,91,45"/><V18/><F70/><W117/><G123/><T59/><D32/><U135/><E73/><V25/><F38/><W102/><G71/><T104/><D104/><U110/><E37/><V94/><F107/><W24/><G65/><T115/><D115/><U112/><E112/><V126/><F55/><W61/><G46/><T14/><D133/><U56/><E110/><N who="2" m="42027" /><F72/><W129/><G26/><T75/><D75/><U122/><E69/><V113/><F113/><W42/><G129/><N who="2" m="49161" /><F126/><W27/><G117/><T13/><D36/><U82/><E124/><V128/><N who="2" m="49169" /><V116/><DORA hai="105" /><F116/><W17/><G119/><T4/><D43/><U19/><E106/><V63/><F63/><W31/><G54/><T48/><D53/><U127/><E127/><V68/><F68/><W67/><G61/><T3/><D3/><U96/><E135/><V134/><F134/><W41/><G67/><T8/><REACH who="0" step="1"/><D90/><REACH who="0" ten="280,175,145,390" step="2"/><U7/><E122/><V2/><F2/><W99/><G42/><T50/><N who="0" m="12800" /><DORA hai="22" /><T21/><D21/><U85/><E120/><V47/><F47/><W20/><G41/><T132/><D132/><U76/><E64/><V84/><F95/><W40/><G40/><T35/><D35/><U62/><E62/><V92/><F94/><W77/><G45/><T125/><D125/><U44/><E44/><V118/><F118/><W9/><G20/><AGARI ba="0,1" hai="18,20,25,84,89,92,100,103" m="49169,42027" machi="20" ten="50,12000,1" yaku="14,1,10,1,19,1,52,1" doraHai="74,105,22" who="2" fromWho="3" sc="280,0,175,0,145,130,390,-120" />
</Scene>
<Scene>
<INIT seed="2,1,0,0,0,25" ten="280,175,275,270" oya="2" hai0="37,84,36,26,32,122,130,85,110,22,66,92,104" hai1="24,70,50,72,102,56,3,111,62,93,5,16,13" hai2="11,51,115,43,6,29,15,90,87,10,12,38,18" hai3="117,103,135,52,69,63,80,120,64,7,2,99,121"/><V106/><F106/><W34/><G117/><T0/><D104/><U1/><E72/><V14/><F38/><W73/><G135/><T41/><D122/><U127/><E111/><V35/><F115/><W86/><G34/><T21/><D0/><U45/><E127/><V33/><F14/><W17/><G17/><T58/><D32/><U44/><E70/><V105/><F105/><W54/><G73/><T131/><D110/><U76/><E76/><V68/><F68/><W129/><G129/><N who="0" m="49163" /><D41/><U78/><E78/><V119/><F119/><W60/><G99/><T112/><D21/><U116/><E116/><V49/><F35/><W97/><G97/><T65/><D112/><U31/><E5/><V40/><F40/><W53/><G103/><T79/><D92/><U123/><E123/><V134/><F134/><W133/><G63/><N who="0" m="38135" /><D66/><U46/><E93/><V95/><REACH who="2" step="1"/><F43/><REACH who="2" ten="280,175,265,270" step="2"/><W126/><G133/><T20/><D36/><U94/><E13/><V30/><F30/><W91/><REACH who="3" step="1"/><G126/><REACH who="3" ten="280,175,265,260" step="2"/><T48/><D37/><U59/><E102/><V89/><F89/><W19/><G19/><T132/><D132/><U75/><E16/><V96/><F96/><W74/><G74/><T61/><D79/><U23/><E75/><V47/><F47/><W88/><G88/><T114/><D114/><U113/><E45/><V107/><F107/><W108/><G108/><T125/><D125/><U118/><E46/><V98/><F98/><W42/><G42/><T124/><D124/><U101/><E44/><V27/><AGARI ba="1,2" hai="6,10,11,12,15,18,27,29,33,49,51,87,90,95" machi="27" ten="30,6000,0" yaku="1,1,0,1,52,1,53,0" doraHai="25" doraHaiUra="71" who="2" fromWho="2" sc="280,-21,175,-21,265,83,260,-21" />
</Scene>
<Scene>
<INIT seed="2,2,0,3,5,133" ten="259,154,348,239" oya="2" hai0="134,116,89,44,43,0,71,40,87,119,27,48,18" hai1="90,22,83,64,95,93,128,69,55,98,56,96,46" hai2="37,15,104,5,58,3,86,107,6,124,11,34,70" hai3="65,105,29,23,123,106,66,76,101,12,50,21,63"/><V115/><F70/><W20/><G123/><T9/><D71/><U49/><E128/><V57/><F37/><W60/><G76/><T113/><D113/><U62/><E83/><V10/><F115/><W100/><G50/><T51/><D134/><U122/><E122/><V28/><F86/><W92/><G92/><T73/><D73/><U7/><E7/><V99/><F99/><W54/><G12/><N who="0" m="7439" /><D0/><U82/><E82/><V108/><F108/><W132/><G54/><N who="0" m="29959" /><D27/><U47/><REACH who="1" step="1"/><E22/><REACH who="1" ten="259,144,348,239" step="2"/><V117/><F5/><W14/><G132/><T131/><D131/><U32/><E32/><V109/><F34/><W121/><G121/><T81/><D119/><U84/><E84/><V130/><F6/><W112/><G112/><T74/><D116/><U38/><E38/><V52/><F117/><W129/><G129/><T68/><D74/><U127/><E127/><V79/><F124/><W41/><G29/><T75/><D75/><U31/><E31/><V91/><F28/><W118/><G118/><T33/><D33/><U1/><E1/><V85/><F3/><W19/><G21/><T45/><D68/><U24/><E24/><V111/><F130/><W110/><G14/><T25/><D25/><U13/><E13/><V59/><F15/><W88/><G110/><T53/><AGARI ba="2,1" hai="40,43,45,51,53,81,87,89" m="29959,7439" machi="53" ten="30,2000,0" yaku="25,1,8,1" doraHai="133" who="0" fromWho="0" sc="259,36,144,-7,348,-12,239,-7" />
</Scene>
<Scene>
<INIT seed="3,0,0,0,2,112" ten="295,137,336,232" oya="3" hai0="70,83,118,81,94,119,64,13,55,25,63,19,129" hai1="2,72,30,106,127,122,23,95,84,75,113,114,36" hai2="78,97,77,12,46,93,16,103,32,132,130,128,60" hai3="108,38,126,52,26,68,120,5,87,40,102,39,88"/><W1/><G120/><T59/><D129/><N who="2" m="49770" /><F132/><W110/><G126/><T91/><D81/><U71/><E36/><V3/><F3/><W100/><G68/><T131/><D83/><U61/><E2/><V51/><F60/><W62/><G40/><T133/><D133/><U10/><E10/><N who="2" m="6167" /><F32/><W115/><G26/><T121/><D121/><U53/><E122/><V43/><AGARI ba="0,0" hai="43,46,51,77,78,93,97,103" m="6167,49770" machi="43" ten="30,2000,0" yaku="19,1,54,1" doraHai="112" who="2" fromWho="2" sc="295,-5,137,-5,336,20,232,-10" />
</Scene>
<Scene>
<INIT seed="4,0,0,4,5,114" ten="290,132,356,222" oya="0" hai0="44,101,2,52,12,88,7,0,42,22,66,80,92" hai1="128,68,119,23,94,69,64,73,6,55,65,131,13" hai2="84,58,47,86,111,4,40,134,85,31,96,17,43" hai3="56,49,108,75,106,116,120,100,53,81,83,130,41"/><T71/><D101/><U10/><E73/><V63/><F111/><W99/><G108/><T16/><D80/><U129/><E94/><V87/><F134/><W121/><G116/><T67/><D71/><N who="1" m="27211" /><E23/><V51/><F4/><W95/><G130/><N who="1" m="33282" /><U78/><DORA hai="32" /><E78/><V132/><F132/><W36/><G106/><T27/><D27/><U109/><E55/><N who="2" m="30207" /><F31/><W79/><G41/><T110/><D110/><U45/><E45/><V5/><F5/><W54/><G36/><T15/><D52/><U82/><E82/><V18/><F96/><W24/><G24/><T59/><D7/><U30/><E30/><V102/><F102/><W57/><REACH who="3" step="1"/><G81/><REACH who="3" ten="290,132,356,212" step="2"/><T62/><D67/><N who="1" m="25675" /><E109/><V126/><F40/><W48/><AGARI ba="0,1" hai="48,49,53,54,56,57,75,79,83,95,99,100,120,121" machi="48" ten="30,4000,0" yaku="1,1,0,1,9,1,53,0" doraHai="114,32" doraHaiUra="122,20" who="3" fromWho="3" sc="290,-20,132,-10,356,-10,212,50" />
</Scene>
<Scene>
<INIT seed="5,0,0,5,1,77" ten="270,122,346,262" oya="1" hai0="74,10,1,121,92,62,82,13,120,84,98,132,76" hai1="68,21,113,79,53,48,56,63,40,125,133,106,5" hai2="94,31,0,101,33,73,122,46,99,34,3,112,59" hai3="52,134,66,89,128,85,111,67,17,86,44,107,90"/><U91/><E113/><V87/><F73/><W27/><G111/><T23/><D1/><U81/><E106/><V25/><F122/><N who="0" m="47210" /><D23/><U8/><E133/><V2/><F112/><W12/><G134/><T43/><D132/><U117/><E117/><V129/><F129/><W135/><G135/><T16/><D43/><U110/><E110/><V64/><F46/><W78/><G27/><T41/><D41/><U65/><E125/><V57/><F64/><N who="3" m="24619" /><G107/><T54/><D54/><U102/><E102/><V24/><F87/><N who="3" m="33291" /><G128/><T105/><D62/><U104/><E104/><V35/><F35/><W130/><G78/><T114/><D114/><U72/><E91/><V96/><F99/><W4/><G4/><T6/><D105/><U109/><E109/><V45/><F45/><W131/><G131/><T100/><D74/><U88/><E88/><V80/><F34/><W47/><G47/><T118/><D118/><U103/><E103/><V75/><F25/><W19/><G19/><AGARI ba="0,0" hai="6,10,13,16,19,76,82,84,92,98,100" m="47210" machi="19" ten="30,3900,0" yaku="13,1,52,1,54,1" doraHai="77" who="0" fromWho="3" sc="270,39,122,0,346,0,262,-39" />
</Scene>
<Scene>
<INIT seed="6,0,0,5,2,92" ten="309,122,346,223" oya="2" hai0="93,15,38,40,113,62,88,33,127,48,8,22,39" hai1="89,64,84,34,54,63,82,66,80,108,104,51,16" hai2="81,76,25,102,7,100,13,123,135,130,111,131,103" hai3="75,10,12,45,46,4,6,133,90,49,65,120,117"/><V71/><F71/><W53/><G120/><T57/><D33/><U101/><E108/><V124/><F123/><W125/><G133/><T134/><D134/><U77/><E34/><V107/><F135/><W119/><G75/><T114/><D22/><U106/><E106/><V68/><F68/><W109/><G109/><T118/><D127/><U52/><E104/><V36/><F36/><W26/><G125/><T116/><D48/><U37/><E37/><N who="0" m="13833" /><D40/><U5/><E101/><V112/><F25/><W126/><G126/><T31/><D31/><U32/><E32/><V21/><F21/><W105/><G65/><N who="0" m="39119" /><D15/><U115/><E115/><N who="0" m="44041" /><D8/><U50/><E5/><V27/><F13/><W24/><G105/><T129/><D129/><N who="2" m="49162" /><F27/><W87/><G6/><T98/><AGARI ba="0,0" hai="88,93,98,116,118" m="44041,39119,13833" machi="98" ten="40,5200,0" yaku="15,1,52,1,54,1" doraHai="92" who="0" fromWho="0" sc="309,52,122,-13,346,-26,223,-13" />
</Scene>
<Scene>
<INIT seed="7,0,0,0,5,33" ten="361,109,320,210" oya="3" hai0="118,55,68,54,27,18,4,23,66,105,32,79,44" hai1="107,117,57,77,94,119,48,10,51,129,36,97,125" hai2="52,124,70,89,100,1,74,102,116,16,49,101,110" hai3="83,127,78,29,104,112,93,13,63,12,35,95,71"/><W103/><G112/><T65/><D118/><U123/><E36/><V21/><F110/><W75/><G127/><T62/><D105/><U45/><E107/><V43/><F70/><W30/><G95/><T24/><D66/><U9/><E77/><V53/><F74/><W41/><G41/><T61/><D4/><U120/><E97/><V64/><F1/><W132/><G132/><T99/><D79/><U109/><E94/><V84/><F64/><W126/><G126/><T39/><D62/><U80/><E125/><V111/><F111/><W20/><G30/><T42/><D99/><U114/><E80/><N who="2" m="49287" /><F116/><N who="1" m="44617" /><E10/><V113/><F113/><W28/><G28/><T8/><D8/><U98/><E98/><V34/><F34/><W76/><G76/><T69/><D69/><U0/><E9/><V38/><F38/><W7/><G7/><T58/><D32/><U130/><E109/><V115/><F115/><W67/><G20/><T88/><D88/><U2/><E114/><V40/><F124/><W122/><G122/><N who="1" m="46634" /><E57/><N who="2" m="32911" /><F53/><W47/><G93/><T11/><D11/><U91/><E91/><V72/><F72/><W60/><G104/><T5/><D5/><U92/><E92/><V31/><F31/><W26/><G103/><T3/><D3/><N who="1" m="1067" /><E45/><V14/><AGARI ba="0,0" hai="14,16,21,40,43,100,101,102" m="32911,49287" machi="14" ten="30,4000,0" yaku="8,1,54,2" doraHai="33" who="2" fromWho="2" sc="361,-10,109,-10,320,40,210,-20" owari="351,15.0,99,-40.0,360,46.0,190,-21.0" />
</Scene>
</mjloggm>