<mjloggm ver="2.3"><GO type="41" lobby="0"/><UN n0="%E5%A4%AA%E3%81%8F%E3%81%AA%E3%81%84%E3%81%8A" n1="%74%68%69%72%74%65%65%6E" n2="%E3%81%82%E3%81%B2%E3%82%8B%E3%81%95%E3%82%93" n3="%E3%83%8F%E3%83%9E%E3%83%8E%E3%83%96%E3%83%AB%E3%82%AF" dan="17,14,14,15" rate="2149.16,1857.47,1944.50,1977.86" sx="M,M,M,M"/><TAIKYOKU oya="0"/>

<Scene>
<INIT seed="0,0,0,2,5,37" ten="250,250,250,250" oya="0" hai0="125,83,25,117,134,122,1,133,11,104,58,118,45" hai1="5,121,54,8,23,14,44,50,107,68,114,96,29" hai2="32,105,124,31,51,79,9,131,7,43,59,74,80" hai3="129,132,61,106,52,17,28,22,82,119,127,35,100"/><T128/><D104/><U81/><E121/><V97/><F131/><W20/><G119/><T63/><D122/><U72/><E114/><V36/><F124/><W41/><G129/><T116/><D128/><U102/><E68/><V71/><F71/><W78/><G127/><T4/><D125/><U95/><E107/><V26/><F59/><W53/><G132/><T67/><D25/><N who="1" m="16575" /><E72/><V94/><F51/><W135/><G35/><T101/><D101/><U108/><E108/><V27/><F27/><W75/><G28/><T42/><REACH who="0" step="1"/><D83/><AGARI ba="0,0" hai="5,8,14,44,50,54,81,83,95,96,102" m="16575" machi="83" ten="30,1000,0" yaku="8,1" doraHai="37" who="1" fromWho="0" sc="250,-10,250,10,250,0,250,0" />
</Scene>
<Scene>
<INIT seed="1,0,0,5,4,30" ten="240,260,250,250" oya="1" hai0="14,45,76,11,118,130,22,125,29,25,120,54,5" hai1="28,116,109,91,108,17,53,44,99,123,82,107,132" hai2="134,31,27,105,71,6,51,117,131,106,48,121,57" hai3="12,24,2,68,69,23,18,3,96,72,16,97,33"/><U100/><E116/><V135/><F71/><W35/><G23/><T10/><D118/><U61/><E123/><V73/><F121/><W49/><G12/><T64/><D120/><U110/><E132/><V127/><F117/><W21/><G21/><T8/><D125/><U63/><E28/><V81/><F6/><W133/><G49/><N who="0" m="28975" /><D130/><U94/><E82/><V46/><F57/><W41/><G41/><T13/><D76/><U66/><E17/><V90/><F51/><W67/><G67/><T129/><D129/><U126/><E126/><V43/><F131/><W77/><G77/><T1/><D1/><U85/><E66/><V47/><F46/><W103/><G103/><T19/><D64/><U74/><E74/><V84/><F73/><W42/><G42/><T124/><D124/><U38/><REACH who="1" step="1"/><E53/><REACH who="1" ten="240,250,250,250" step="2"/><V83/><F81/><W39/><G72/><T115/><D29/><U50/><E50/><V9/><F127/><W65/><G65/><T79/><D19/><U119/><E119/><V89/><F135/><W7/><G7/><T113/><D5/><U59/><E59/><V78/><F134/><W60/><G133/><T52/><D52/><U93/><E93/><V26/><F31/><W102/><G18/><N who="0" m="12503" /><D115/><U36/><E36/><V55/><F55/><W70/><G39/><T34/><D113/><U95/><E95/><V114/><F114/><W111/><G70/><T98/><D79/><U37/><E37/><V40/><F78/><W4/><G69/><T20/><D20/><U62/><E62/><V92/><F48/><W32/><G68/><T104/><D10/><RYUUKYOKU ba="0,1" sc="240,-10,250,30,250,-10,250,-10" hai1="38,44,61,63,85,91,94,99,100,107,108,109,110" />
</Scene>
<Scene>
<INIT seed="1,1,1,5,5,12" ten="230,280,240,240" oya="1" hai0="44,27,28,41,46,8,126,82,72,85,15,119,20" hai1="65,67,97,59,52,91,1,101,110,115,40,7,118" hai2="70,35,14,94,128,83,16,54,105,0,50,36,117" hai3="134,26,87,79,102,31,98,10,19,76,77,103,37"/><U130/><E115/><V121/><F105/><W69/><G37/><T80/><D119/><U6/><E118/><V113/><F0/><W75/><G69/><T112/><D112/><U22/><E130/><V62/><F36/><W73/><G134/><T42/><D72/><U61/><E110/><V17/><F113/><W13/><G87/><T64/><D64/><N who="1" m="24651" /><E1/><V116/><F121/><W9/><G9/><T124/><D44/><U48/><E101/><V71/><F35/><W3/><G3/><T68/><D68/><U122/><E122/><V60/><F128/><W32/><REACH who="3" step="1"/><G102/><REACH who="3" ten="230,280,240,230" step="2"/><T131/><D131/><U84/><E97/><V34/><F71/><W66/><G66/><T129/><D129/><U107/><E107/><AGARI ba="1,2" hai="10,13,19,26,31,32,73,75,76,77,79,98,103,107" machi="107" ten="40,8000,1" yaku="1,1,52,1,53,3" doraHai="12" doraHaiUra="74" who="3" fromWho="1" sc="230,0,280,-83,240,0,230,103" />
</Scene>
<Scene>
<INIT seed="2,0,0,3,0,114" ten="230,197,240,333" oya="2" hai0="81,28,68,100,12,26,101,99,122,17,52,58,125" hai1="5,34,8,65,32,64,130,56,33,129,63,7,97" hai2="77,61,49,92,126,96,89,78,18,0,115,106,50" hai3="36,94,54,70,119,103,86,42,27,85,39,91,6"/><V95/><F115/><W80/><G70/><T104/><D122/><U20/><E20/><V25/><F106/><W75/><G75/><T88/><D68/><U59/><E97/><V74/><F0/><W107/><G107/><T4/><D4/><U109/><E109/><V110/><F126/><W90/><G6/><N who="1" m="2058" /><E8/><V62/><F74/><W21/><G103/><T93/><D125/><U35/><N who="1" m="8704" /><DORA hai="1" /><U57/><E63/><V43/><F110/><W3/><G119/><T123/><D104/><U124/><E124/><V55/><F62/><W135/><G135/><T133/><D133/><U44/><E44/><V73/><F73/><W29/><G3/><T120/><D120/><U69/><BYE who="0" /><E69/><V48/><F43/><UN n0="%E5%A4%AA%E3%81%8F%E3%81%AA%E3%81%84%E3%81%8A" /><W15/><G42/><T53/><D123/><U113/><E113/><V10/><F95/><W116/><G116/><T66/><D26/><U16/><E16/><V67/><F67/><AGARI ba="0,0" hai="56,57,59,64,65,67,129,130" m="8704,2058" machi="67" ten="70,8000,1" yaku="28,2,52,3" doraHai="114,1" who="1" fromWho="2" sc="230,0,197,80,240,-80,333,0" />
</Scene>
<Scene>
<INIT seed="3,0,0,3,4,31" ten="230,277,160,333" oya="3" hai0="102,103,80,109,60,54,120,113,18,25,77,70,118" hai1="72,46,11,43,50,39,4,100,97,51,7,115,112" hai2="12,116,83,9,96,35,10,111,37,94,76,15,26" hai3="29,95,119,122,27,44,28,32,99,79,56,45,134"/><W68/><G122/><T21/><D120/><U130/><E72/><V87/><F37/><W30/><G119/><T61/><D118/><U69/><E130/><V64/><F111/><W66/><G68/><T93/><D109/><U36/><E69/><V41/><F41/><W124/><G134/><T3/><D3/><U91/><E91/><V6/><F64/><W84/><G124/><T135/><D135/><U121/><E121/><V92/><F116/><W74/><G74/><T47/><D113/><U17/><E17/><V59/><F59/><W82/><G32/><T55/><D70/><U49/><E36/><V71/><F71/><W108/><G108/><T57/><D93/><U24/><E24/><V40/><F40/><W81/><G27/><T128/><D128/><U114/><REACH who="1" step="1"/><E11/><REACH who="1" ten="230,267,160,333" step="2"/><V123/><F123/><W20/><G29/><T67/><D18/><U2/><E2/><V106/><F26/><N who="3" m="16455" /><G30/><T16/><D16/><U105/><AGARI ba="0,1" hai="4,7,39,43,46,49,50,51,97,100,105,112,114,115" machi="105" ten="40,2700,0" yaku="1,1,0,1,53,0" doraHai="31" doraHaiUra="86" who="1" fromWho="1" sc="230,-7,267,37,160,-7,333,-13" />
</Scene>
<Scene>
<INIT seed="4,0,0,2,2,84" ten="223,304,153,320" oya="0" hai0="70,83,16,29,9,36,97,75,18,19,41,39,110" hai1="58,107,99,76,59,31,66,38,17,112,87,62,64" hai2="117,71,25,3,116,0,43,7,49,54,42,15,82" hai3="127,2,130,48,118,34,133,129,124,61,109,50,115"/><T65/><D110/><U101/><E38/><V95/><F71/><W79/><G34/><T47/><D29/><U30/><E112/><V102/><F0/><W96/><G2/><T1/><D97/><U125/><E125/><N who="3" m="48202" /><G109/><T35/><D35/><U4/><E4/><V123/><F123/><W23/><G79/><N who="0" m="44543" /><D39/><U114/><E114/><V105/><F3/><W119/><G115/><T40/><D40/><U26/><E76/><V103/><F105/><W52/><G23/><T131/><D131/><N who="3" m="50185" /><G96/><T73/><D73/><U68/><E87/><V106/><F106/><W94/><G94/><T6/><D65/><U120/><E120/><V81/><F95/><W13/><G13/><T57/><D57/><U14/><E66/><V80/><F15/><W100/><G100/><T27/><D70/><U37/><E37/><V77/><F77/><W111/><G111/><T135/><D27/><U89/><E89/><V85/><F25/><W93/><G93/><T121/><D121/><U55/><E55/><V51/><F54/><W22/><G22/><T33/><D33/><N who="1" m="20695" /><E31/><V132/><F81/><W10/><G10/><AGARI ba="0,0" hai="10,14,17,58,59,62,64,68,99,101,107" m="20695" machi="10" ten="30,1000,0" yaku="25,1" doraHai="84" who="1" fromWho="3" sc="223,0,304,10,153,0,320,-10" />
</Scene>
<Scene>
<INIT seed="5,0,0,2,0,78" ten="223,314,153,310" oya="1" hai0="65,22,133,85,31,111,75,122,33,4,99,97,46" hai1="107,129,6,89,117,121,1,100,90,29,32,38,39" hai2="18,79,19,134,93,68,102,43,87,47,118,126,5" hai3="110,135,54,84,112,30,119,64,82,120,108,21,60"/><U88/><E117/><V80/><F68/><W51/><G120/><T20/><D75/><U57/><E121/><V123/><F118/><W98/><G119/><T55/><D122/><U8/><E129/><V86/><F134/><W41/><G112/><T131/><D111/><U77/><E77/><V63/><F123/><W124/><G41/><T69/><D33/><U44/><E57/><V42/><F126/><W36/><G36/><T14/><D65/><U49/><E29/><V96/><F5/><W81/><G135/><T74/><D74/><U17/><E32/><V73/><F63/><W127/><G98/><T115/><D69/><U13/><E100/><V52/><F73/><W28/><G21/><T0/><D0/><U109/><E107/><V125/><F125/><N who="3" m="48203" /><G84/><T92/><D115/><U40/><REACH who="1" step="1"/><E109/><REACH who="1" ten="223,304,153,310" step="2"/><V2/><F79/><W116/><G116/><T72/><D131/><U3/><E3/><V76/><F2/><W66/><G110/><T27/><D133/><U25/><E25/><V113/><F113/><W101/><G101/><T10/><D27/><U59/><E59/><V114/><F114/><W106/><G106/><T62/><D31/><N who="3" m="11817" /><G108/><T95/><D14/><U71/><E71/><V58/><F102/><W9/><G9/><AGARI ba="0,1" hai="1,6,8,9,13,17,38,39,40,44,49,88,89,90" machi="9" ten="40,3900,0" yaku="1,1,54,1,53,0" doraHai="78" doraHaiUra="128" who="1" fromWho="3" sc="223,0,304,49,153,0,310,-39" />
</Scene>
<Scene>
<INIT seed="5,1,0,0,1,104" ten="223,353,153,271" oya="1" hai0="96,21,66,117,55,24,112,84,119,115,50,71,108" hai1="43,95,106,5,11,81,42,25,68,67,3,70,125" hai2="22,31,87,8,26,98,48,34,111,28,4,53,38" hai3="116,51,101,107,118,90,62,105,91,27,113,64,23"/><U13/><E106/><V77/><F111/><W17/><G113/><N who="0" m="43595" /><D84/><U123/><E123/><V88/><F38/><W100/><G105/><T15/><D15/><U44/><E125/><V12/><F98/><N who="3" m="61847" /><G101/><T74/><D96/><U128/><E128/><V97/><F97/><W78/><G51/><T47/><D108/><U134/><E134/><V94/><F77/><W2/><G2/><T133/><D133/><U61/><E25/><V54/><F34/><W16/><G17/><N who="0" m="12335" /><D74/><U30/><E30/><N who="2" m="17751" /><F54/><W92/><G92/><T40/><D55/><U65/><E95/><V102/><F102/><W59/><G78/><T46/><D46/><AGARI ba="1,0" hai="4,8,12,28,31,46,48,53,87,88,94" m="17751" machi="46" ten="30,2000,0" yaku="8,1,54,1" doraHai="104" who="2" fromWho="0" sc="223,-23,353,0,153,23,271,0" />
</Scene>
<Scene>
<INIT seed="6,0,0,5,3,35" ten="200,353,176,271" oya="2" hai0="47,79,71,120,12,102,69,135,25,67,91,46,62" hai1="42,111,125,100,89,39,78,92,53,90,23,109,114" hai2="106,95,65,17,84,34,73,77,80,13,118,1,113" hai3="16,99,108,116,30,76,7,110,103,81,72,37,97"/><V88/><F118/><W105/><G116/><T5/><D120/><U19/><E114/><V82/><F34/><W49/><G37/><T61/><D135/><U43/><E125/><V134/><F113/><W60/><G30/><T68/><D79/><U59/><E78/><V96/><F134/><W36/><G36/><T75/><D75/><U15/><E111/><V94/><F65/><W74/><G60/><T93/><D102/><U115/><E109/><N who="3" m="42090" /><G49/><T132/><D132/><U64/><E115/><V20/><F106/><N who="3" m="63855" /><G16/><T57/><D25/><U10/><E64/><V0/><F95/><W63/><G7/><T31/><D31/><U26/><E100/><AGARI ba="0,0" hai="0,1,13,17,20,73,77,80,82,84,88,94,96,100" machi="100" ten="30,11600,0" yaku="7,1,52,2,54,1" doraHai="35" who="2" fromWho="1" sc="200,0,353,-116,176,116,271,0" />
</Scene>
<Scene>
<INIT seed="6,1,0,4,3,37" ten="200,237,292,271" oya="2" hai0="101,85,94,130,109,98,135,6,103,51,23,22,132" hai1="26,2,88,31,128,35,120,77,32,45,10,33,90" hai2="65,30,74,62,38,56,134,24,71,63,28,86,47" hai3="7,52,119,21,58,11,41,59,34,72,27,17,20"/><V48/><F74/><W9/><G119/><T55/><D109/><U25/><E128/><V105/><F105/><W60/><G72/><T14/><D130/><U116/><E116/><V112/><F38/><W54/><G34/><T1/><D101/><U69/><E69/><V36/><F36/><W95/><G7/><T113/><D113/><U91/><E120/><V57/><F134/><N who="0" m="51242" /><D1/><U117/><E117/><V131/><F112/><W70/><G70/><T42/><D85/><U106/><E106/><V127/><F127/><W81/><G81/><T80/><D80/><U8/><E77/><V124/><F124/><W96/><G41/><T40/><D6/><U43/><E2/><V19/><F131/><W87/><G20/><N who="0" m="7723" /><D14/><U49/><REACH who="1" step="1"/><E31/><REACH who="1" ten="200,227,292,271" step="2"/><V115/><F28/><W121/><G121/><T61/><D61/><U111/><E111/><V118/><F63/><N who="3" m="36295" /><G87/><T66/><D66/><U15/><E15/><V0/><F65/><W82/><G82/><T67/><D67/><U44/><E44/><AGARI ba="1,1" hai="40,42,44,51,55,94,98,103" m="7723,51242" machi="44" ten="30,3900,0" yaku="20,1,52,2" doraHai="37" who="0" fromWho="1" sc="200,52,227,-42,292,0,271,0" />
</Scene>
<Scene>
<INIT seed="7,0,0,3,3,53" ten="252,185,292,271" oya="3" hai0="12,98,49,111,81,74,127,6,114,125,61,17,70" hai1="128,109,93,47,88,89,9,15,99,116,130,129,124" hai2="65,35,52,132,63,41,7,117,121,96,115,20,25" hai3="23,13,58,75,26,10,76,131,57,44,54,62,45"/><W103/><G103/><T46/><D111/><U106/><E109/><V82/><F35/><W91/><G131/><T67/><D6/><U56/><E124/><N who="0" m="47689" /><D98/><U1/><E116/><V94/><F121/><W78/><G91/><T40/><D114/><U119/><E119/><V21/><F117/><W107/><G107/><T16/><D12/><U92/><E106/><V24/><F132/><W2/><G2/><T51/><D51/><U100/><E1/><V50/><F115/><W8/><G75/><T59/><D70/><U19/><E47/><N who="3" m="17994" /><G57/><T64/><D64/><U73/><E73/><V36/><F36/><W118/><G118/><T33/><D33/><U34/><E34/><V83/><F41/><W112/><G112/><T18/><D74/><U84/><REACH who="1" step="1"/><E100/><REACH who="1" ten="252,175,292,271" step="2"/><V95/><F25/><W77/><G13/><T22/><D22/><U90/><E90/><V71/><F21/><W43/><G43/><T123/><D123/><U110/><E110/><V68/><F24/><W102/><G102/><T120/><D120/><U37/><E37/><V28/><F20/><W86/><G86/><T60/><D40/><U29/><E29/><AGARI ba="0,1" hai="8,10,23,26,29,54,58,62,76,77,78" m="17994" machi="29" ten="30,2900,0" yaku="8,1,52,1" doraHai="53" who="3" fromWho="1" sc="252,0,175,-29,292,0,271,39" owari="252,-15.0,146,-35.0,292,9.0,310,41.0" />
</Scene>
</mjloggm>