<mjloggm ver="2.3"><GO type="225" lobby="0"/><UN n0="%E5%A4%AA%E3%81%8F%E3%81%AA%E3%81%84%E3%81%8A" n1="%E9%87%8C%E4%B8%AD%E9%9D%99%E6%B5%81" n2="%E8%92%BC%E6%9C%88%E6%BD%AE" n3="%E3%82%B4%E3%83%BC%E3%83%AB%E3%83%87%E3%83%B3%E3%81%B2%E3%82%88%E3%81%93" dan="18,16,16,17" rate="2192.44,2029.23,2096.08,2243.25" sx="M,F,M,M"/><TAIKYOKU oya="0"/>

<Scene>
<INIT seed="0,0,0,4,4,82" ten="250,250,250,250" oya="0" hai0="65,93,30,27,122,62,31,109,19,23,38,51,67" hai1="117,47,126,115,61,10,5,92,78,41,116,68,88" hai2="9,134,118,7,129,32,36,114,86,105,52,100,56" hai3="76,108,28,80,1,96,34,69,20,85,0,73,130"/><T97/><D38/><U103/><E126/><V81/><F114/><W101/><G130/><T18/><D122/><U45/><E115/><V24/><F36/><W50/><G108/><T15/><D109/><U42/><E78/><V133/><F105/><W89/><G69/><T135/><D135/><U39/><E103/><V110/><F100/><W112/><G34/><T95/><D51/><U25/><E25/><V22/><F32/><W2/><G112/><T77/><D77/><U70/><E70/><V131/><F110/><W6/><G50/><T90/><D93/><U71/><E71/><V79/><F118/><W43/><G43/><T64/><REACH who="0" step="1"/><D62/><REACH who="0" ten="240,250,250,250" step="2"/><U120/><E120/><V46/><F46/><W14/><G76/><T54/><D54/><U53/><E45/><V132/><F52/><W75/><G73/><T74/><D74/><U4/><E42/><V83/><F81/><W29/><G75/><T17/><D17/><U113/><E113/><V40/><F40/><W87/><G28/><T60/><D60/><U106/><E106/><V72/><F72/><W99/><G29/><T59/><D59/><N who="1" m="35055" /><E68/><V58/><F56/><W11/><G80/><T104/><D104/><U26/><E116/><V111/><F58/><W107/><REACH who="3" step="1"/><G20/><AGARI ba="0,1" hai="15,18,19,20,23,27,30,31,64,65,67,90,95,97" machi="20" ten="40,3900,0" yaku="1,1,8,1,53,0" doraHai="82" doraHaiUra="33" who="0" fromWho="3" sc="240,49,250,0,250,0,250,-39" />
</Scene>
<Scene>
<INIT seed="0,1,0,4,4,0" ten="289,250,250,211" oya="0" hai0="121,44,15,36,23,49,74,89,117,130,67,32,61" hai1="34,26,14,18,9,53,56,50,87,124,22,19,7" hai2="60,112,97,84,43,129,133,65,48,62,25,79,77" hai3="109,5,59,71,106,135,30,27,101,115,70,29,33"/><T69/><D32/><U83/><E124/><V13/><F112/><W107/><G115/><T42/><D74/><U57/><E34/><V21/><F97/><W45/><G135/><T78/><D78/><U46/><REACH who="1" step="1"/><E19/><REACH who="1" ten="289,240,250,211" step="2"/><V119/><F133/><W95/><G109/><T132/><D132/><U127/><E127/><V120/><F119/><W85/><G33/><T10/><D117/><U93/><E93/><V128/><F129/><W54/><G95/><T6/><D130/><U90/><AGARI ba="1,1" hai="7,9,14,18,22,26,46,50,53,56,57,83,87,90" machi="90" ten="20,8000,1" yaku="1,1,0,1,7,1,8,1,52,1,53,0" doraHai="0" doraHaiUra="94" who="1" fromWho="1" sc="289,-41,240,93,250,-21,211,-21" />
</Scene>
<Scene>
<INIT seed="1,0,0,0,4,39" ten="248,333,229,190" oya="1" hai0="109,110,54,93,81,3,69,79,20,118,78,112,103" hai1="115,18,102,89,60,88,64,128,33,101,38,5,94" hai2="2,123,71,7,19,46,113,127,130,25,83,6,108" hai3="14,100,76,50,26,21,119,56,126,84,44,51,52"/><U97/><E115/><V22/><F71/><W120/><G126/><T86/><D3/><U61/><E5/><V121/><F83/><N who="3" m="47207" /><G120/><T91/><D69/><U48/><E38/><V66/><F66/><W95/><G119/><T72/><D20/><U134/><E134/><V98/><F113/><W28/><G14/><T0/><D0/><U107/><E33/><V23/><F2/><W90/><G100/><T59/><D112/><U58/><E128/><V62/><F127/><W24/><G24/><T29/><D29/><U1/><E1/><V11/><F25/><W132/><G132/><T116/><D79/><U53/><E18/><V80/><F130/><W114/><G114/><T32/><D32/><U133/><E133/><V17/><F6/><W67/><G67/><T125/><D103/><U35/><E35/><V124/><F7/><W105/><G105/><T104/><D104/><U41/><E61/><V12/><F124/><W122/><G122/><T36/><D36/><U135/><E135/><V68/><F121/><W57/><G51/><N who="0" m="31199" /><D125/><U106/><E106/><V9/><F123/><W75/><G75/><T63/><D63/><U77/><E107/><V13/><F62/><W131/><G131/><T92/><D116/><U65/><E65/><V129/><F129/><W16/><G28/><T87/><D118/><U70/><E102/><V45/><F68/><W27/><G27/><T31/><D31/><U42/><E77/><V73/><F73/><W47/><G47/><T111/><D72/><U15/><E15/><V96/><F108/><W99/><AGARI ba="0,0" hai="16,21,26,44,50,52,56,57,90,95,99" m="47207" machi="99" ten="30,4000,0" yaku="8,1,54,2" doraHai="39" who="3" fromWho="3" sc="248,-10,333,-20,229,-10,190,40" />
</Scene>
<Scene>
<INIT seed="2,0,0,4,5,108" ten="238,313,219,230" oya="2" hai0="88,24,91,6,25,63,55,82,131,109,86,52,45" hai1="115,32,18,4,123,98,97,50,77,84,119,124,35" hai2="51,38,81,68,40,90,13,92,2,60,66,122,70" hai3="125,107,135,67,30,83,9,56,132,58,94,127,11"/><V46/><F122/><W65/><G107/><T71/><D109/><U0/><E123/><V105/><F2/><W106/><G106/><T111/><D111/><U14/><E119/><V17/><F105/><W36/><G36/><T112/><D112/><U78/><E124/><N who="3" m="47690" /><G94/><T28/><D131/><U118/><E118/><V3/><F3/><W37/><G83/><T26/><D6/><U44/><E4/><V100/><F100/><W73/><G37/><T42/><D28/><U85/><E0/><V93/><F38/><W104/><G104/><T121/><D121/><U80/><E32/><V8/><REACH who="2" step="1"/><F70/><REACH who="2" ten="238,313,209,230" step="2"/><W22/><G73/><T29/><D29/><U48/><E115/><V21/><F21/><W10/><G22/><T19/><D71/><U99/><E35/><V39/><F39/><W130/><G30/><T31/><D31/><U116/><E116/><V43/><F43/><W102/><G102/><T20/><D42/><U5/><E77/><V15/><F15/><W16/><G130/><T57/><D91/><U95/><E78/><V74/><F74/><W72/><G72/><T128/><D128/><U103/><E14/><V49/><F49/><AGARI ba="0,1" hai="19,20,24,25,26,45,49,52,55,57,63,82,86,88" machi="49" ten="40,5200,0" yaku="8,1,54,2" doraHai="108" who="0" fromWho="2" sc="238,62,313,0,209,-52,230,0" />
</Scene>
<Scene>
<INIT seed="3,0,0,4,5,91" ten="300,313,157,230" oya="3" hai0="24,119,21,62,9,18,52,77,97,59,100,118,101" hai1="73,41,93,53,22,65,131,111,92,31,126,129,37" hai2="26,15,125,44,130,104,43,29,5,123,64,55,48" hai3="19,124,0,11,54,20,57,84,122,103,115,108,114"/><W107/><G122/><T96/><D77/><U106/><E111/><V42/><F104/><W47/><G108/><T66/><D66/><U10/><E126/><V75/><F75/><W110/><G110/><T102/><REACH who="0" step="1"/><D9/><REACH who="0" ten="290,313,157,230" step="2"/><U6/><E10/><V34/><F125/><W58/><G124/><T13/><D13/><U39/><E65/><V121/><F130/><W67/><G67/><T50/><D50/><U45/><E129/><V72/><F72/><W32/><G11/><T82/><D82/><U38/><E73/><V109/><F109/><W90/><G0/><T120/><D120/><U105/><E131/><V128/><F128/><W127/><G127/><T51/><D51/><U95/><E37/><V35/><F64/><W132/><G114/><T17/><D17/><U7/><E38/><V71/><F71/><W76/><G115/><T14/><D14/><U133/><E39/><V8/><REACH who="2" step="1"/><F35/><REACH who="2" ten="290,313,147,230" step="2"/><W86/><G32/><T87/><D87/><U78/><E133/><V61/><F61/><W112/><G132/><T3/><D3/><U30/><E78/><V25/><F25/><W74/><G112/><T83/><D83/><U49/><E49/><V12/><F12/><W70/><G70/><T99/><AGARI ba="0,2" hai="18,21,24,52,59,62,96,97,99,100,101,102,118,119" machi="99" ten="30,7900,0" yaku="1,1,0,1,54,1,53,1" doraHai="91" doraHaiUra="23" who="0" fromWho="0" sc="290,99,313,-20,147,-20,230,-39" owari="389,49.0,293,9.0,127,-37.0,191,-21.0" />
</Scene>
</mjloggm>