<mjloggm ver="2.3"><GO type="169" lobby="0"/><UN n0="%E5%8F%8A%E5%B7%9D%E5%86%B0%E9%BA%97" n1="%E3%83%95%E3%82%A7%E3%83%AB%E3%83%A1%E3%83%BC%E3%83%AB" n2="%6B%61%6E%65%67%61%6E%65" n3="%E5%A4%AA%E3%81%8F%E3%81%AA%E3%81%84%E3%81%8A" dan="16,16,16,17" rate="2110.97,2091.32,2062.10,2141.68" sx="M,F,M,M"/><TAIKYOKU oya="0"/>

<Scene>
<INIT seed="0,0,0,2,3,94" ten="250,250,250,250" oya="0" hai0="67,51,83,66,131,75,111,99,17,62,97,52,5" hai1="104,126,22,106,96,134,72,105,4,60,11,64,85" hai2="50,34,13,86,130,63,36,68,0,98,54,42,70" hai3="57,24,37,81,119,133,107,47,7,14,69,74,121"/><T19/><D131/><U48/><E72/><V1/><F130/><W129/><G69/><T38/><D38/><U53/><E85/><V78/><F70/><W31/><G129/><T8/><D75/><U28/><E126/><V15/><F34/><W80/><G119/><T103/><D83/><U135/><E28/><V45/><F98/><N who="0" m="37386" /><D111/><U30/><E30/><V95/><F15/><W93/><G107/><T21/><D103/><U114/><E22/><V82/><F95/><W113/><G113/><T29/><D62/><U40/><E40/><V9/><F63/><W100/><G74/><T110/><D110/><U71/><E114/><V49/><F68/><W88/><G100/><T132/><D132/><N who="1" m="50731" /><E96/><V58/><F36/><W89/><G133/><T128/><D128/><U108/><E108/><V116/><F116/><W46/><G37/><T26/><D5/><AGARI ba="0,0" hai="0,1,5,9,13,42,45,49,50,54,58,78,82,86" machi="5" ten="30,3900,0" yaku="7,1,25,2" doraHai="94" who="2" fromWho="0" sc="250,-39,250,0,250,39,250,0" />
</Scene>
<Scene>
<INIT seed="1,0,0,0,1,67" ten="211,250,289,250" oya="1" hai0="102,46,134,94,59,25,18,61,2,10,77,53,109" hai1="26,15,62,97,110,66,86,124,103,133,101,60,16" hai2="8,73,55,80,87,90,99,75,68,52,121,23,42" hai3="57,126,6,32,117,17,9,20,115,83,96,135,127"/><U116/><E116/><V108/><F121/><W56/><G115/><T81/><D109/><U76/><E133/><V7/><F108/><W91/><G32/><T100/><D134/><U22/><E110/><V49/><F42/><W13/><G135/><T104/><D104/><U125/><E62/><V33/><F68/><W71/><G117/><T120/><D120/><U37/><E37/><V113/><F33/><W64/><G83/><T74/><D2/><U58/><E97/><V129/><F129/><W88/><G57/><T84/><D46/><U63/><E76/><V45/><F23/><W27/><G56/><T130/><D130/><U5/><E86/><V51/><F99/><W28/><G6/><T43/><D43/><U14/><E60/><V85/><F85/><W131/><G131/><T132/><D132/><U78/><E78/><V35/><F35/><W79/><G79/><T40/><D40/><U21/><E14/><V107/><F107/><W29/><G29/><T95/><D74/><U69/><E58/><V41/><F113/><W111/><G111/><T44/><D44/><U50/><E50/><V24/><F24/><W92/><G91/><T122/><D122/><U70/><E70/><V4/><F73/><W112/><G112/><T39/><D39/><U19/><E5/><N who="2" m="2123" /><F75/><W54/><G54/><N who="2" m="20521" /><F51/><W128/><REACH who="3" step="1"/><G128/><REACH who="3" ten="211,250,289,240" step="2"/><T114/><D114/><U30/><REACH who="1" step="1"/><E30/><REACH who="1" ten="211,240,289,240" step="2"/><V106/><F80/><W34/><G34/><T3/><D81/><U48/><E48/><V0/><F49/><W93/><G93/><N who="0" m="35339" /><D61/><AGARI ba="0,2" hai="9,13,17,20,27,28,61,64,71,88,92,96,126,127" machi="61" ten="40,8000,1" yaku="1,1,52,1,54,1,53,1" doraHai="67" doraHaiUra="12" who="3" fromWho="0" sc="211,-80,240,0,289,0,240,100" />
</Scene>
<Scene>
<INIT seed="2,0,0,4,4,43" ten="131,240,289,340" oya="2" hai0="94,95,23,121,101,12,20,106,88,105,69,13,100" hai1="114,130,110,107,99,97,56,59,111,62,2,93,58" hai2="42,92,122,70,72,55,33,73,79,116,24,21,38" hai3="3,124,74,125,10,17,47,60,35,18,27,49,103"/><V108/><F122/><W112/><G74/><T86/><D121/><U126/><E114/><V117/><F33/><W11/><G112/><T83/><D69/><U16/><E2/><V118/><F70/><W82/><G103/><N who="0" m="39499" /><D13/><U134/><E134/><V34/><F34/><W128/><G82/><T65/><D65/><U6/><E6/><V115/><F115/><W91/><G91/><T61/><D61/><U53/><E107/><N who="0" m="40969" /><D12/><U32/><E32/><V15/><F15/><W37/><G37/><T80/><D20/><U75/><E75/><V85/><F73/><W14/><G128/><T45/><D23/><U123/><E130/><V4/><F72/><W127/><G60/><T30/><D45/><U64/><E123/><V71/><F71/><W133/><G133/><T52/><D52/><U31/><E31/><V44/><F55/><N who="3" m="30143" /><G3/><T104/><D30/><U63/><E58/><V84/><F38/><W1/><G1/><T22/><D22/><U50/><E50/><V28/><F21/><N who="3" m="13751" /><G35/><T131/><N who="0" m="40977" /><T90/><DORA hai="78" /><D131/><U51/><E51/><V48/><F48/><W41/><G11/><T120/><D120/><U76/><E63/><V9/><F9/><W26/><G26/><T81/><D86/><U54/><E62/><V132/><F85/><W102/><G41/><T19/><D19/><U66/><E66/><V67/><F67/><W98/><G127/><T77/><D77/><U113/><E64/><V0/><F118/><W119/><G119/><T36/><D36/><U7/><E113/><V109/><F117/><W29/><G29/><T68/><D68/><RYUUKYOKU ba="0,0" sc="131,15,240,-15,289,-15,340,15" hai0="80,81,83,88,90,94,95" hai3="10,14,17,98,102,124,125" />
</Scene>
<Scene>
<INIT seed="3,1,0,3,4,68" ten="146,225,274,355" oya="3" hai0="51,121,115,120,45,126,67,24,85,69,124,6,98" hai1="54,38,2,133,9,77,92,17,30,53,39,78,97" hai2="33,83,35,70,107,19,15,113,100,18,134,122,16" hai3="99,88,96,79,57,111,41,74,66,87,93,27,56"/><W71/><G111/><T75/><D75/><U108/><E108/><V31/><F122/><N who="0" m="47210" /><D85/><U55/><E30/><V109/><F109/><W123/><G123/><T65/><D98/><U23/><E133/><V50/><F113/><W29/><G71/><T132/><D132/><U117/><E117/><V64/><F134/><W49/><G74/><T34/><D6/><U103/><E2/><V119/><F119/><W12/><G12/><T89/><D89/><U131/><E9/><V63/><F83/><W105/><G105/><T40/><D115/><U48/><E48/><V21/><F50/><W4/><G4/><T106/><D106/><U125/><E125/><N who="0" m="48233" /><D69/><U86/><E131/><V11/><F35/><W25/><G79/><T36/><D24/><U84/><E84/><V7/><F100/><W28/><G27/><T81/><D81/><U118/><E118/><V82/><F82/><W127/><G127/><T104/><D104/><U22/><E86/><V61/><F107/><W10/><G87/><T101/><D101/><U5/><E5/><V52/><F33/><W26/><G99/><T44/><D34/><U130/><E130/><V114/><F114/><W14/><G26/><T116/><D116/><U60/><E60/><V95/><F61/><N who="3" m="38183" /><G25/><T72/><D72/><U135/><E135/><V91/><F70/><W42/><G29/><T62/><D62/><U1/><E1/><V128/><F31/><W90/><G28/><T47/><D51/><U32/><E32/><V102/><F128/><W59/><G49/><T73/><D73/><U43/><E97/><N who="2" m="57599" /><F7/><N who="3" m="3423" /><G90/><T8/><D8/><RYUUKYOKU ba="1,0" sc="146,15,225,-15,274,-15,355,15" hai0="36,40,44,45,47,65,67" hai3="41,42,57,59,88,93,96" />
</Scene>
<Scene>
<INIT seed="3,2,0,0,2,111" ten="161,210,259,370" oya="3" hai0="117,33,21,60,68,56,133,89,38,57,30,104,65" hai1="127,74,59,23,25,55,107,85,91,19,3,41,51" hai2="81,9,118,98,63,67,1,129,69,66,26,84,73" hai3="108,2,45,128,53,40,43,134,27,32,120,86,54"/><W131/><G2/><T106/><D117/><U88/><E3/><V80/><F118/><W78/><G78/><T99/><D133/><U46/><E74/><V135/><F129/><N who="3" m="49739" /><G86/><T96/><D38/><U93/><E127/><V119/><F67/><W122/><G27/><N who="0" m="18655" /><D21/><U110/><E110/><V13/><F1/><W49/><G32/><T97/><D106/><U82/><E107/><V28/><F135/><W4/><G4/><T6/><D6/><U132/><E132/><V123/><F123/><N who="3" m="47147" /><G134/><T16/><D16/><U47/><REACH who="1" step="1"/><E41/><REACH who="1" ten="161,200,259,370" step="2"/><N who="3" m="15946" /><G108/><T75/><D75/><U72/><E72/><V35/><F73/><W62/><G62/><T36/><D60/><U58/><E58/><V76/><F63/><W64/><G64/><T83/><D65/><U125/><E125/><V109/><F66/><W105/><G105/><T39/><D104/><U50/><E50/><V94/><F109/><W124/><G124/><T7/><D56/><U20/><E20/><V29/><F35/><W115/><G54/><T8/><D36/><U92/><E92/><V22/><F94/><W34/><G34/><T95/><D39/><U12/><E12/><V11/><F13/><W52/><G53/><T103/><D57/><U24/><E24/><V130/><F26/><W87/><G49/><T79/><D68/><U15/><E15/><V77/><F69/><W5/><G52/><T18/><D95/><U61/><E61/><V121/><F130/><W90/><G45/><T102/><D7/><U37/><E37/><V71/><F121/><W101/><G5/><T48/><D48/><U113/><E113/><RYUUKYOKU ba="2,1" sc="161,-10,200,30,259,-10,370,-10" hai1="19,23,25,46,47,51,55,59,82,85,88,91,93" />
</Scene>
<Scene>
<INIT seed="4,3,1,5,1,70" ten="151,230,249,360" oya="0" hai0="119,13,19,15,64,35,1,25,24,57,84,52,105" hai1="102,82,44,28,103,22,128,100,6,88,120,129,23" hai2="135,101,21,76,75,90,9,99,53,122,83,126,67" hai3="111,43,20,86,68,65,125,59,123,132,81,51,124"/><T27/><D105/><U114/><E120/><V38/><F122/><W55/><G123/><T56/><D1/><U36/><E6/><V3/><F135/><W39/><G111/><T54/><D119/><U60/><E60/><V30/><F126/><N who="3" m="48747" /><G132/><T31/><D64/><U89/><E114/><V72/><F72/><W87/><G20/><N who="1" m="7722" /><E82/><V48/><F67/><W110/><G110/><T95/><D35/><U117/><E28/><V5/><F38/><W4/><G4/><T77/><D31/><U41/><E117/><V62/><F62/><N who="3" m="39991" /><G81/><N who="0" m="47151" /><D95/><U134/><E134/><V11/><F11/><W50/><G50/><N who="0" m="30743" /><D19/><U66/><E66/><V7/><F30/><W92/><G92/><T45/><D45/><AGARI ba="3,1" hai="39,43,45,51,55,59,86,87" m="39991,48747" machi="45" ten="30,3900,0" yaku="24,1,18,1,52,1" doraHai="70" who="3" fromWho="0" sc="151,-48,230,0,249,0,360,58" />
</Scene>
<Scene>
<INIT seed="5,0,0,1,3,9" ten="103,230,249,418" oya="1" hai0="43,18,86,127,122,108,28,38,56,5,23,79,57" hai1="111,59,60,61,92,110,55,105,76,87,77,113,98" hai2="45,40,62,80,2,117,72,48,34,96,19,64,88" hai3="121,90,78,17,29,22,125,13,65,68,132,39,0"/><U15/><E105/><V128/><F117/><W47/><G121/><T36/><D108/><N who="1" m="41515" /><E113/><V1/><F128/><W41/><G0/><T135/><D122/><U49/><E87/><V26/><F72/><W97/><G78/><N who="1" m="30314" /><E15/><V123/><F123/><W131/><G131/><T31/><D135/><U112/><E112/><V58/><F80/><W32/><G132/><T27/><D86/><U95/><E95/><V69/><F34/><W8/><G32/><T114/><D79/><U33/><E33/><V104/><F104/><W67/><G125/><T74/><D114/><U50/><E50/><V44/><F26/><W70/><G97/><T73/><D127/><U52/><E55/><N who="2" m="32103" /><F19/><W103/><G90/><AGARI ba="0,0" hai="49,52,59,60,61,90,92,98" m="30314,41515" machi="90" ten="30,2900,0" yaku="10,1,54,1" doraHai="9" who="1" fromWho="3" sc="103,0,230,29,249,0,418,-29" />
</Scene>
<Scene>
<INIT seed="5,1,0,0,0,112" ten="103,259,249,389" oya="1" hai0="29,55,31,76,58,25,73,17,96,81,72,68,26" hai1="61,71,129,13,98,35,86,111,3,131,1,12,74" hai2="15,88,70,114,84,0,94,120,108,42,126,30,128" hai3="22,91,90,48,124,134,100,36,102,121,52,99,132"/><U135/><E74/><V7/><F120/><W41/><G121/><T54/><D68/><U19/><E98/><V62/><F108/><W82/><G124/><T60/><D96/><U115/><E115/><V5/><F114/><W11/><G36/><T130/><D130/><N who="1" m="49675" /><E35/><V107/><F107/><W28/><G41/><T95/><D95/><U43/><E43/><V101/><F101/><W2/><G28/><T53/><D17/><U110/><E135/><N who="3" m="51754" /><G22/><T119/><D73/><U37/><E37/><V45/><F30/><W14/><G2/><N who="1" m="522" /><E86/><V10/><F126/><W67/><G67/><T64/><D29/><U51/><E51/><V46/><F128/><W21/><G21/><T75/><D75/><U47/><E47/><V80/><F42/><W56/><G82/><T127/><D127/><U89/><E89/><N who="3" m="33802" /><G99/><T117/><REACH who="0" step="1"/><D26/><REACH who="0" ten="93,259,249,389" step="2"/><U50/><E19/><AGARI ba="1,1" hai="11,14,19,48,52,56,100,102" m="33802,51754" machi="19" ten="30,2000,0" yaku="20,1,54,1" doraHai="112" who="3" fromWho="1" sc="93,0,259,-23,249,0,389,33" />
</Scene>
<Scene>
<INIT seed="6,0,0,0,0,49" ten="93,236,249,422" oya="2" hai0="19,47,31,69,20,88,70,74,65,66,41,110,43" hai1="35,27,10,105,72,135,132,61,73,101,124,122,32" hai2="0,119,128,48,108,55,26,22,30,16,8,67,126" hai3="77,129,18,23,106,15,28,114,33,121,50,13,123"/><V54/><F119/><W96/><G77/><T117/><D74/><N who="1" m="28779" /><E124/><V62/><F128/><W60/><G60/><T76/><D76/><U63/><E10/><V42/><F126/><W90/><G106/><T38/><D31/><N who="1" m="19583" /><E35/><V112/><F112/><W59/><G96/><T9/><D110/><U29/><E29/><V113/><F113/><W104/><G104/><T86/><D117/><U118/><E118/><V11/><F108/><W21/><G90/><T56/><D9/><N who="2" m="3658" /><F0/><W94/><G94/><T130/><D130/><U45/><E45/><N who="2" m="25655" /><F30/><W78/><G78/><T24/><D41/><U39/><E39/><V57/><AGARI ba="0,0" hai="16,22,26,54,55,57,62,67" m="25655,3658" machi="57" ten="30,11700,0" yaku="8,1,52,2,54,1" doraHai="49" who="2" fromWho="2" sc="93,-39,236,-39,249,117,422,-39" />
</Scene>
<Scene>
<INIT seed="6,1,0,0,1,109" ten="54,197,366,383" oya="2" hai0="93,82,53,106,33,8,29,61,79,7,118,127,98" hai1="24,41,62,117,122,21,5,121,65,126,76,128,28" hai2="87,39,3,13,101,97,40,74,68,133,85,26,4" hai3="67,103,38,110,47,45,94,72,9,91,44,124,89"/><V134/><F68/><W11/><G110/><T81/><D106/><U46/><E117/><V105/><F74/><W111/><G111/><T50/><D118/><U55/><E55/><V49/><F39/><W16/><G72/><T0/><D127/><U107/><E107/><V42/><F3/><W15/><G124/><T35/><D61/><U125/><E76/><V102/><F102/><W51/><G38/><T135/><D135/><N who="2" m="51722" /><F26/><W52/><G67/><T19/><D29/><U131/><E5/><V100/><F100/><W12/><G103/><T25/><D25/><U30/><E30/><V75/><F75/><W59/><G94/><T32/><D19/><AGARI ba="1,0" hai="9,11,12,15,16,19,44,45,47,51,52,59,89,91" machi="19" ten="40,8000,1" yaku="9,1,8,1,54,2" doraHai="109" who="3" fromWho="0" sc="54,-83,197,0,366,0,383,83" owari="-29,-53.0,197,-20.0,366,17.0,466,56.0" />
</Scene>
</mjloggm>