<mjloggm ver="2.3"><GO type="169" lobby="0"/><UN n0="%79%6F%73%68%69%67%69" n1="%E5%A4%AA%E3%81%8F%E3%81%AA%E3%81%84%E3%81%8A" n2="%E7%82%B9%E8%8D%89%E7%8B%AC%E6%AD%A9" n3="%EF%BC%BF%E3%82%86%E3%82%86%E3%82%86" dan="16,17,16,16" rate="2119.70,2148.24,2117.93,2012.00" sx="M,M,F,F"/><TAIKYOKU oya="0"/>

<Scene>
<INIT seed="0,0,0,2,2,21" ten="250,250,250,250" oya="0" hai0="11,55,127,98,116,49,59,115,13,82,61,96,94" hai1="77,132,93,125,66,56,74,5,100,27,28,79,64" hai2="22,92,133,58,60,31,46,33,8,7,9,40,86" hai3="17,120,32,51,111,97,71,39,103,34,110,114,85"/><T69/><D116/><U129/><E125/><V4/><F33/><W62/><G114/><T26/><D115/><U25/><E132/><V104/><F104/><W19/><G39/><T117/><D127/><U70/><E70/><V68/><F68/><W83/><G51/><T14/><D117/><U131/><E5/><V65/><F133/><W45/><G45/><T2/><D82/><U42/><E42/><V75/><F75/><W84/><G120/><T24/><D98/><N who="1" m="59471" /><E28/><V108/><F108/><N who="3" m="41515" /><G62/><T29/><D2/><U95/><E95/><V67/><F67/><N who="1" m="25641" /><E56/><V91/><F7/><W47/><G47/><N who="0" m="28095" /><D69/><U63/><E63/><V106/><F106/><N who="3" m="63855" /><G71/><T80/><D80/><U1/><E74/><V105/><F105/><W87/><G83/><T52/><D29/><U76/><E1/><V134/><F134/><W16/><AGARI ba="0,0" hai="16,17,19,32,34,84,85,87" m="63855,41515" machi="16" ten="40,2700,0" yaku="14,1,54,1" doraHai="21" who="3" fromWho="3" sc="250,-13,250,-7,250,-7,250,27" />
</Scene>
<Scene>
<INIT seed="1,0,0,0,4,100" ten="237,243,243,277" oya="1" hai0="99,121,123,103,45,94,49,87,27,52,128,31,68" hai1="55,88,41,65,40,86,33,122,42,57,3,54,111" hai2="59,110,61,76,81,37,135,30,63,126,90,15,118" hai3="109,75,134,39,113,19,9,102,129,133,82,28,51"/><U17/><E122/><N who="0" m="46601" /><D68/><U70/><E3/><V11/><F118/><W10/><G113/><T20/><D87/><U32/><E111/><V46/><F110/><W91/><G39/><T23/><D128/><U95/><E70/><V89/><F126/><W69/><G69/><T12/><D12/><U24/><E65/><V92/><F135/><W62/><G28/><T132/><D132/><U22/><REACH who="1" step="1"/><E54/><REACH who="1" ten="237,233,243,277" step="2"/><V125/><F125/><W104/><G109/><T18/><D18/><U83/><E83/><V108/><F108/><W119/><G82/><T4/><D4/><U29/><E29/><V93/><F30/><W84/><G133/><T13/><D13/><U2/><E2/><V38/><F15/><W114/><G134/><T35/><AGARI ba="0,1" hai="20,23,27,31,35,45,49,52,94,99,103" m="46601" machi="35" ten="30,2000,0" yaku="13,1,54,1" doraHai="100" who="0" fromWho="0" sc="237,30,233,-10,243,-5,277,-5" />
</Scene>
<Scene>
<INIT seed="2,0,0,4,1,17" ten="267,223,238,272" oya="2" hai0="25,56,97,108,20,1,31,120,129,89,12,106,53" hai1="75,74,68,42,102,11,30,51,0,134,67,6,2" hai2="70,54,118,107,101,41,19,111,10,49,35,38,131" hai3="40,99,9,127,66,133,32,60,88,5,3,82,125"/><V50/><F118/><W7/><G133/><T63/><D120/><U119/><E119/><V39/><F70/><W27/><G40/><T109/><D1/><U13/><E134/><V132/><F132/><W76/><G7/><T29/><D129/><U28/><E102/><V71/><F71/><W59/><G32/><T21/><D106/><U87/><E2/><V58/><F35/><W130/><G130/><T33/><D12/><U126/><E126/><V22/><F10/><W83/><G27/><T15/><D15/><U73/><E0/><V100/><F111/><N who="0" m="42570" /><D31/><U135/><E135/><V24/><F131/><W79/><G79/><T65/><D53/><U52/><E42/><V48/><F107/><W105/><G105/><T64/><D64/><U116/><E116/><V85/><F85/><W46/><G46/><T36/><D36/><U123/><E123/><V55/><F39/><W72/><REACH who="3" step="1"/><G82/><REACH who="3" ten="267,223,238,262" step="2"/><T44/><D44/><U114/><E6/><V61/><F41/><W77/><G77/><T80/><D80/><U57/><E13/><V23/><F38/><W113/><G113/><T78/><D78/><U84/><E114/><V121/><F121/><W103/><G103/><T86/><D86/><U8/><E87/><V96/><F101/><W62/><G62/><T81/><D81/><U47/><E84/><V117/><F117/><W94/><AGARI ba="0,1" hai="3,5,9,59,60,66,72,76,83,88,94,99,125,127" machi="94" ten="30,4000,0" yaku="1,1,0,1,54,1,53,0" doraHai="17" doraHaiUra="14" who="3" fromWho="3" sc="267,-10,223,-10,238,-20,262,50" />
</Scene>
<Scene>
<INIT seed="3,0,0,3,1,120" ten="257,213,218,312" oya="3" hai0="108,64,18,116,121,21,133,101,22,114,103,129,9" hai1="105,82,126,86,30,84,89,113,104,81,74,83,119" hai2="25,76,20,48,80,61,1,66,28,92,91,110,4" hai3="111,14,12,71,127,49,70,60,118,134,47,45,115"/><W55/><G115/><T131/><D121/><U109/><E30/><V85/><F48/><W77/><G118/><T106/><D116/><U50/><E50/><V32/><F1/><W26/><G77/><T102/><D106/><N who="1" m="41067" /><E119/><V13/><F4/><W68/><G26/><T44/><D114/><U100/><E113/><V29/><F13/><W40/><G14/><T135/><D64/><U19/><E19/><V5/><F5/><W125/><G12/><N who="0" m="7439" /><D44/><U17/><E17/><V0/><F0/><W93/><G93/><T63/><D63/><U7/><E7/><V97/><F29/><W35/><G35/><T130/><D108/><U15/><E15/><V112/><F112/><W122/><G122/><T69/><D69/><N who="3" m="26729" /><G134/><AGARI ba="0,0" hai="21,22,101,102,103,129,130,131,133,134,135" m="7439" machi="134" ten="40,2600,0" yaku="19,1,20,1" doraHai="120" who="0" fromWho="3" sc="257,26,213,0,218,0,312,-26" />
</Scene>
<Scene>
<INIT seed="4,0,0,1,2,5" ten="283,213,218,286" oya="0" hai0="120,17,30,124,129,15,71,99,12,14,20,106,133" hai1="3,11,130,94,135,113,26,121,111,55,87,116,63" hai2="36,123,105,44,28,66,68,134,16,85,18,65,108" hai3="103,119,118,23,109,31,54,48,32,76,82,104,0"/><T96/><D120/><U49/><E121/><V50/><F108/><W27/><G0/><T19/><D71/><U93/><E111/><V112/><F123/><W115/><G109/><T92/><D124/><U122/><E122/><V77/><F112/><W1/><G1/><T72/><D72/><U47/><E116/><V78/><F105/><W21/><G115/><T45/><D133/><U125/><E113/><V35/><F134/><W10/><G104/><T97/><D129/><U37/><E135/><V42/><F36/><W84/><G103/><T6/><D106/><U128/><E125/><V91/><F68/><W41/><G41/><T117/><D117/><U110/><E110/><V8/><F35/><W7/><G23/><T38/><D38/><U60/><E37/><V59/><F28/><W81/><G81/><T132/><D132/><U114/><E114/><V61/><F65/><W90/><G76/><N who="2" m="29289" /><F8/><W126/><G32/><T107/><D107/><U67/><E26/><V39/><F39/><W70/><G70/><T131/><D131/><N who="1" m="50219" /><E67/><V24/><F24/><W80/><G126/><T89/><D45/><U52/><E55/><V33/><F33/><W2/><REACH who="3" step="1"/><G82/><AGARI ba="0,0" hai="16,18,42,44,50,59,61,66,82,85,91" m="29289" machi="82" ten="30,2000,0" yaku="8,1,54,1" doraHai="5" who="2" fromWho="3" sc="283,0,213,0,218,20,286,-20" />
</Scene>
<Scene>
<INIT seed="5,0,0,0,1,31" ten="283,213,238,266" oya="1" hai0="14,117,65,42,124,104,123,98,58,56,86,5,36" hai1="3,0,109,95,28,64,110,59,39,105,135,18,91" hai2="76,134,83,12,81,103,35,16,94,29,2,54,4" hai3="6,84,69,9,33,118,27,57,126,102,45,70,125"/><U112/><E105/><V129/><F134/><W96/><G118/><T89/><D117/><U43/><E135/><V106/><F106/><W73/><G73/><T122/><D104/><U21/><E28/><V74/><F129/><W99/><G45/><N who="0" m="23751" /><D98/><N who="3" m="37417" /><G102/><T87/><D124/><N who="3" m="47721" /><G57/><N who="0" m="22123" /><D89/><U88/><E112/><V15/><F2/><N who="1" m="553" /><E43/><V13/><F4/><W108/><G6/><T82/><D82/><U63/><E39/><V111/><F103/><W8/><G69/><T130/><D65/><U32/><E95/><V51/><F94/><W80/><G70/><T71/><D71/><U121/><E32/><V48/><F83/><W68/><G68/><T79/><D79/><U24/><E121/><N who="0" m="46089" /><D130/><U19/><E19/><V128/><F128/><W97/><G97/><T11/><AGARI ba="0,0" hai="5,11,14,86,87" m="46089,22123,23751" machi="11" ten="30,1100,0" yaku="13,1" doraHai="31" who="0" fromWho="0" sc="283,11,213,-5,238,-3,266,-3" />
</Scene>
<Scene>
<INIT seed="6,0,0,1,2,36" ten="294,208,235,263" oya="2" hai0="23,82,76,60,43,78,114,8,125,11,21,89,99" hai1="71,121,14,86,10,97,91,105,34,101,6,117,87" hai2="92,74,118,135,58,63,46,66,124,45,39,65,93" hai3="62,44,81,113,67,133,130,112,4,103,107,51,54"/><V72/><F118/><W12/><G130/><T61/><D125/><U70/><E117/><V2/><F2/><W57/><G133/><T42/><D114/><N who="3" m="44137" /><G81/><T19/><D82/><U41/><E34/><V59/><F39/><W119/><G119/><T5/><D5/><U27/><E121/><V20/><F20/><N who="0" m="7754" /><D19/><U127/><E127/><V49/><F49/><W31/><G31/><T132/><D132/><U77/><E27/><V16/><F16/><W26/><G26/><T128/><D128/><U80/><REACH who="1" step="1"/><E41/><REACH who="1" ten="294,198,235,263" step="2"/><N who="0" m="15369" /><D76/><U56/><E56/><V84/><F124/><W24/><G24/><T18/><D78/><U32/><E32/><V102/><F135/><W9/><G107/><T30/><D30/><U22/><E22/><V100/><F63/><N who="0" m="24138" /><D18/><U25/><E25/><V126/><F126/><W94/><G67/><T85/><D99/><U17/><E17/><V75/><F75/><W104/><G104/><T68/><D68/><U122/><E122/><V98/><F98/><N who="3" m="59863" /><G62/><T38/><D38/><U28/><E28/><V108/><F74/><W88/><G57/><T111/><D111/><U110/><E110/><V134/><F134/><W120/><G120/><T7/><D7/><U3/><E3/><V69/><F72/><W109/><G109/><T15/><D15/><U13/><E13/><V37/><F108/><W40/><G4/><T131/><D131/><U123/><E123/><V0/><F37/><W48/><G12/><T83/><AGARI ba="0,1" hai="8,11,83,85,89" m="24138,15369,7754" machi="83" ten="30,7900,0" yaku="8,1,52,3" doraHai="36" who="0" fromWho="0" sc="294,89,198,-20,235,-39,263,-20" />
</Scene>
<Scene>
<INIT seed="7,0,0,0,1,68" ten="383,178,196,243" oya="3" hai0="23,65,124,123,4,5,26,50,106,82,6,80,131" hai1="104,52,133,101,103,119,122,112,128,107,126,117,39" hai2="125,63,135,110,64,75,132,114,62,94,9,76,118" hai3="35,67,18,102,88,45,29,60,36,30,134,91,10"/><W44/><G134/><N who="2" m="51241" /><F118/><N who="1" m="45065" /><E122/><V98/><F110/><W27/><G102/><N who="1" m="38922" /><E133/><V25/><F125/><W69/><G30/><T121/><D106/><N who="1" m="40491" /><E126/><V21/><F114/><W19/><G19/><T72/><D82/><U99/><E112/><V38/><F9/><W120/><G120/><T93/><D131/><U59/><E128/><V78/><F38/><W95/><G36/><T54/><D93/><U34/><E39/><V37/><F37/><W108/><G108/><T113/><D80/><U77/><E77/><N who="2" m="29803" /><F75/><W24/><G10/><T105/><D105/><U115/><E115/><V2/><F2/><W14/><G14/><T1/><D54/><U58/><E34/><V33/><F33/><W66/><G35/><T51/><D50/><N who="1" m="30999" /><E59/><V87/><F87/><W8/><G8/><T31/><D31/><U57/><E57/><V32/><F32/><W49/><G29/><T73/><D23/><U17/><E17/><N who="2" m="12463" /><F64/><W55/><G66/><T89/><D51/><U0/><E99/><V81/><F81/><W3/><G3/><AGARI ba="0,0" hai="0,3" m="30999,40491,38922,45065" machi="3" ten="40,2600,0" yaku="12,1,54,1" doraHai="68" who="1" fromWho="3" sc="383,0,178,26,196,0,243,-26" owari="383,48.0,204,-20.0,196,-30.0,217,2.0" />
</Scene>
</mjloggm>