<mjloggm ver="2.3"><GO type="169" lobby="0"/><UN n0="%63%6F%61" n1="%63%68%61%72%6C%69%65%37" n2="%E3%82%84%E3%81%BE%E3%83%BC%E3%82%93" n3="%E5%A4%AA%E3%81%8F%E3%81%AA%E3%81%84%E3%81%8A" dan="17,18,17,17" rate="2200.16,2207.48,2077.69,2178.57" sx="M,M,M,M"/><TAIKYOKU oya="0"/>

<Scene>
<INIT seed="0,0,0,0,4,1" ten="250,250,250,250" oya="0" hai0="66,111,72,79,83,82,16,116,12,34,50,67,115" hai1="9,127,46,44,87,20,102,65,63,7,42,31,135" hai2="100,124,69,86,32,89,18,132,71,22,114,5,45" hai3="88,8,90,11,119,58,43,85,4,36,110,108,14"/><T17/><D34/><U80/><E135/><V55/><F32/><W21/><G119/><T74/><D115/><U57/><E127/><V134/><F124/><W0/><G21/><T101/><D116/><U109/><E109/><N who="3" m="42090" /><G58/><T33/><D33/><U81/><E102/><V49/><F100/><W28/><G28/><T26/><D111/><U133/><E133/><N who="2" m="51307" /><F5/><N who="3" m="1063" /><G85/><T96/><D50/><U68/><E68/><V128/><F128/><W104/><G104/><T123/><D123/><U27/><E46/><AGARI ba="0,0" hai="4,11,14,36,43,46,88,90" m="1063,42090" machi="46" ten="30,7700,0" yaku="14,1,52,2,54,1" doraHai="1" who="3" fromWho="1" sc="250,0,250,-77,250,0,250,77" />
</Scene>
<Scene>
<INIT seed="1,0,0,5,0,17" ten="250,173,250,327" oya="1" hai0="73,58,35,21,94,37,124,56,91,128,117,39,119" hai1="7,23,62,107,120,31,89,80,100,102,90,111,131" hai2="3,41,61,113,86,68,55,135,59,93,48,79,65" hai3="104,13,47,42,18,33,32,69,112,134,57,25,12"/><U78/><E120/><V77/><F113/><W106/><G69/><T108/><D35/><U44/><E44/><V130/><F3/><W122/><G112/><T121/><D121/><U49/><E131/><V11/><F11/><W63/><G122/><T72/><D128/><U82/><E7/><V40/><F135/><W45/><G134/><T38/><D108/><U52/><E62/><V54/><F54/><W101/><G101/><N who="1" m="39018" /><E107/><V43/><F130/><W1/><G1/><T60/><D124/><U46/><E111/><V87/><F93/><W76/><G76/><T28/><D60/><U29/><E29/><V92/><F92/><W95/><G95/><T5/><D5/><U66/><E66/><V64/><F64/><W116/><G116/><T22/><D28/><U123/><E123/><V103/><F103/><W132/><G132/><T74/><D94/><U10/><E10/><V19/><F19/><W51/><G47/><T71/><D71/><U127/><E127/><V98/><F98/><W129/><G129/><T85/><D85/><N who="1" m="48279" /><E82/><V9/><F9/><W70/><G70/><T109/><D109/><U53/><E53/><V84/><AGARI ba="0,0" hai="40,41,43,48,55,59,61,65,68,77,79,84,86,87" machi="84" ten="30,1100,0" yaku="0,1" doraHai="17" who="2" fromWho="2" sc="250,-3,173,-5,250,11,327,-3" />
</Scene>
<Scene>
<INIT seed="2,0,0,5,5,79" ten="247,168,261,324" oya="2" hai0="77,82,78,62,28,87,53,40,121,15,50,81,20" hai1="90,16,76,51,12,71,21,132,14,93,25,18,26" hai2="57,117,29,103,70,67,89,98,38,31,35,116,72" hai3="86,52,111,123,13,134,59,97,32,129,120,19,99"/><V46/><F72/><W127/><G32/><T113/><D113/><U104/><E104/><V80/><F57/><W17/><G111/><T74/><D121/><U27/><E71/><V45/><F89/><W91/><G127/><T0/><D0/><U43/><E132/><V133/><F133/><W125/><G125/><T75/><D40/><U85/><E76/><V64/><F35/><W44/><G134/><T24/><D15/><U115/><E115/><V54/><F54/><W22/><G129/><T124/><D124/><U131/><E131/><V119/><F70/><W94/><G44/><T105/><D105/><U61/><E61/><V73/><F73/><W39/><G39/><T66/><D87/><U100/><E100/><V55/><F55/><W130/><G130/><T69/><D53/><U95/><E51/><AGARI ba="0,0" hai="20,24,28,50,51,62,66,69,74,75,77,78,81,82" machi="51" ten="40,5200,0" yaku="9,1,52,2" doraHai="79" who="0" fromWho="1" sc="247,52,168,-52,261,0,324,0" />
</Scene>
<Scene>
<INIT seed="3,0,0,4,1,95" ten="299,116,261,324" oya="3" hai0="106,45,42,90,103,65,18,121,6,131,76,79,87" hai1="91,49,80,115,19,40,36,63,116,117,102,3,37" hai2="110,130,124,2,104,125,97,27,94,86,67,111,29" hai3="8,98,75,72,92,15,109,89,50,129,126,28,43"/><W31/><G126/><N who="2" m="48745" /><F2/><W57/><G129/><T96/><D121/><U12/><E3/><V120/><F67/><W54/><G109/><N who="2" m="41481" /><F29/><W93/><G72/><T52/><D131/><U128/><E128/><V133/><F27/><W127/><G75/><T48/><D6/><U53/><E115/><V46/><F46/><W14/><G127/><T82/><D65/><U101/><E63/><V118/><F130/><W113/><G113/><T62/><D62/><U56/><E37/><V55/><F55/><W59/><G43/><T35/><D35/><U108/><E108/><V100/><F133/><W68/><G68/><T66/><D66/><U13/><E13/><V16/><F16/><N who="3" m="8263" /><G57/><T114/><D114/><U23/><E40/><V84/><F120/><W83/><G83/><T74/><D74/><U71/><E71/><V20/><F20/><W73/><G73/><T24/><D24/><U70/><E70/><V107/><F118/><N who="1" m="45673" /><E36/><V11/><F11/><W33/><G33/><T32/><D32/><U47/><E56/><V132/><F132/><W77/><G15/><T34/><D34/><U99/><E80/><V81/><F86/><N who="3" m="52279" /><G28/><T105/><D105/><U4/><E4/><V5/><F5/><W17/><G31/><T122/><D122/><U9/><E9/><V0/><F0/><W119/><G119/><T44/><D18/><U7/><E7/><V60/><F60/><W22/><G17/><T21/><D21/><U135/><E135/><V38/><F38/><AGARI ba="0,0" hai="38,42,44,45,48,52,76,79,82,87,90,96,103,106" machi="38" ten="30,3900,0" yaku="7,1,52,1,54,1" doraHai="95" who="0" fromWho="2" sc="299,39,116,0,261,-39,324,0" />
</Scene>
<Scene>
<INIT seed="4,0,0,3,2,96" ten="338,116,222,324" oya="0" hai0="25,82,89,85,42,4,54,93,91,51,105,106,29" hai1="47,22,15,55,124,5,133,45,58,12,112,101,79" hai2="110,72,40,27,28,24,3,19,99,104,35,16,94" hai3="70,102,43,90,63,66,83,50,48,118,73,76,53"/><T77/><D4/><U122/><E122/><V1/><F72/><W97/><G118/><T0/><D0/><U36/><E133/><V59/><F104/><W111/><G111/><T8/><D8/><U135/><E135/><V18/><F40/><W46/><G90/><T115/><D42/><U32/><E32/><V61/><F27/><W128/><G128/><T129/><D115/><U9/><E124/><V108/><F1/><W117/><G117/><T57/><D91/><U125/><E125/><V92/><F3/><W116/><G116/><T109/><D129/><U84/><E112/><V126/><F94/><W60/><G60/><T64/><D64/><U121/><E121/><V26/><F26/><W95/><REACH who="3" step="1"/><G53/><REACH who="3" ten="338,116,222,314" step="2"/><T100/><D109/><U130/><E130/><V30/><F126/><W31/><G31/><T44/><D29/><U71/><E55/><V67/><REACH who="2" step="1"/><F30/><REACH who="2" ten="338,116,212,314" step="2"/><W14/><G14/><T81/><D25/><U120/><E15/><V10/><F10/><W131/><G131/><T134/><D134/><U80/><E120/><V49/><F49/><AGARI ba="0,2" hai="43,46,48,49,50,63,66,70,73,76,83,95,97,102" machi="49" ten="30,3900,0" yaku="1,1,7,1,52,1,53,0" doraHai="96" doraHaiUra="103" who="3" fromWho="2" sc="338,0,116,0,212,-39,314,59" />
</Scene>
<Scene>
<INIT seed="5,0,0,5,1,83" ten="338,116,173,373" oya="1" hai0="39,2,127,87,72,106,76,78,110,41,66,104,55" hai1="84,59,126,64,82,77,65,43,132,113,6,117,23" hai2="53,61,54,44,40,36,98,47,123,95,45,74,0" hai3="30,124,1,105,70,99,94,5,131,51,115,109,32"/><U24/><E117/><V107/><F0/><W19/><G51/><T122/><D2/><U114/><E6/><V120/><F74/><W46/><G46/><T3/><D3/><U8/><E8/><V33/><F107/><W31/><G94/><T15/><D110/><U73/><E43/><V96/><F33/><W35/><G99/><T97/><D72/><U21/><E132/><V11/><F11/><W50/><G50/><T101/><D127/><U102/><E102/><V20/><F96/><W56/><G56/><T71/><D122/><U34/><E126/><V90/><F54/><W134/><G19/><T4/><D106/><U18/><E73/><V91/><F91/><W119/><G30/><T29/><D29/><U26/><E34/><V89/><F89/><W81/><G81/><T85/><D55/><U79/><E79/><V16/><F36/><W63/><G63/><T88/><D4/><U28/><REACH who="1" step="1"/><E59/><REACH who="1" ten="338,106,173,373" step="2"/><N who="2" m="35055" /><F40/><W37/><G5/><T17/><D41/><U14/><E14/><V62/><F62/><W135/><G35/><T67/><D71/><U116/><E116/><V121/><F121/><W38/><G134/><T9/><D76/><U69/><E69/><V58/><F58/><W49/><G135/><T7/><D7/><U60/><E60/><V111/><F111/><W92/><G109/><T125/><D125/><U27/><E27/><AGARI ba="0,1" hai="16,20,27,44,45,47,90,95,98,120,123" m="35055" machi="27" ten="30,2000,0" yaku="25,1,54,1" doraHai="83" who="2" fromWho="1" sc="338,0,106,-20,173,30,373,0" />
</Scene>
<Scene>
<INIT seed="6,0,0,3,1,84" ten="338,86,203,373" oya="2" hai0="134,69,105,55,93,90,20,58,131,115,0,128,61" hai1="95,41,71,4,126,97,7,87,38,77,135,113,36" hai2="5,43,117,75,11,63,70,26,83,30,65,86,14" hai3="81,56,39,44,98,51,94,24,12,82,52,112,76"/><V96/><F117/><W101/><G112/><T34/><D34/><U129/><E113/><V104/><F75/><W119/><G119/><T49/><D115/><U64/><E135/><V54/><F43/><N who="3" m="24991" /><G39/><T91/><D134/><U23/><E129/><N who="0" m="49737" /><D105/><U89/><E126/><V122/><F122/><W45/><G76/><T60/><D0/><U6/><E23/><V62/><F96/><W21/><G12/><T13/><D93/><U27/><E27/><V3/><F104/><W18/><G45/><N who="0" m="28079" /><D69/><U109/><E109/><V9/><F54/><W33/><G33/><T40/><D40/><U47/><E38/><V72/><F65/><W17/><G17/><N who="0" m="10287" /><D61/><AGARI ba="0,0" hai="18,21,24,52,56,61,81,82,94,98,101" m="24991" machi="61" ten="30,2000,0" yaku="8,1,54,1" doraHai="84" who="3" fromWho="0" sc="338,-20,86,0,203,0,373,20" />
</Scene>
<Scene>
<INIT seed="7,0,0,3,2,126" ten="318,86,203,393" oya="3" hai0="122,21,73,83,109,16,130,57,17,82,113,117,121" hai1="125,0,7,48,134,31,75,52,8,84,44,101,26" hai2="123,124,9,49,30,110,100,41,95,58,56,104,96" hai3="98,66,22,76,12,15,88,28,6,127,50,24,131"/><W54/><G131/><T3/><D109/><U116/><E125/><V62/><F30/><W74/><G127/><T59/><D3/><U18/><E75/><V55/><F9/><W133/><G133/><T11/><D117/><U34/><E134/><V97/><F97/><W69/><G69/><T43/><D73/><U112/><E112/><V120/><F95/><N who="3" m="56679" /><G74/><T5/><D113/><U87/><E116/><V63/><F110/><W40/><G66/><T78/><D78/><U99/><E99/><V51/><F124/><W118/><G118/><T64/><D64/><U33/><E33/><V13/><F13/><N who="3" m="5195" /><G6/><T128/><D43/><U90/><E101/><V19/><F19/><W103/><G103/><T67/><D67/><U89/><E18/><V132/><F41/><W39/><G39/><T14/><D5/><U25/><E31/><V2/><F100/><W29/><G76/><T119/><D119/><U45/><E34/><V92/><F96/><W80/><G80/><N who="0" m="30763" /><D21/><U37/><E37/><V108/><F108/><W93/><G93/><T20/><D20/><U1/><E1/><V38/><F38/><W35/><G35/><T94/><D94/><U85/><E89/><V81/><F132/><W107/><G40/><T71/><D71/><U91/><E91/><V111/><F111/><W129/><G22/><T36/><D36/><U86/><N who="1" m="22016" /><DORA hai="68" /><U135/><E90/><V27/><F120/><N who="0" m="46186" /><D17/><U53/><REACH who="1" step="1"/><E135/><REACH who="1" ten="318,76,203,393" step="2"/><V77/><F123/><W4/><G28/><T115/><D115/><U102/><E102/><V106/><F2/><W46/><G29/><T23/><D11/><RYUUKYOKU ba="0,1" sc="318,15,76,15,203,-15,393,-15" hai0="14,16,23,57,59,128,130" hai1="0,7,8,25,26,44,45,48,52,53" owari="333,13.0,91,-41.0,188,-21.0,388,49.0" />
</Scene>
</mjloggm>