<mjloggm ver="2.3"><GO type="169" lobby="0"/><UN n0="%E6%9D%8E%E7%A9%8E%E8%97%8D" n1="%62%65%65%73%6F%6E%6F" n2="%E5%A4%AA%E3%81%8F%E3%81%AA%E3%81%84%E3%81%8A" n3="%E5%8E%9F%E5%AE%BF%E3%82%B8%E3%82%A7%E3%83%B3%E3%83%8C" dan="16,16,17,16" rate="2089.01,2113.30,2141.81,2096.89" sx="M,M,M,M"/><TAIKYOKU oya="0"/>

<Scene>
<INIT seed="0,0,0,2,2,28" ten="250,250,250,250" oya="0" hai0="11,124,3,118,9,80,112,97,33,4,50,22,37" hai1="30,85,128,44,117,5,20,17,55,29,123,13,120" hai2="76,40,69,98,32,114,57,111,0,1,43,64,42" hai3="119,24,10,18,70,78,129,110,91,31,41,60,62"/><T23/><D118/><U66/><E66/><V26/><F111/><W51/><G110/><T94/><D112/><U82/><E117/><V35/><F114/><W131/><G78/><T25/><D37/><U96/><E128/><V104/><F76/><W56/><G70/><T121/><D121/><U47/><E123/><V75/><F75/><W103/><G103/><T101/><D124/><U107/><E107/><V72/><F72/><W21/><G62/><T39/><D39/><U81/><E120/><V61/><F57/><W134/><G91/><T54/><D80/><N who="1" m="30827" /><E96/><V125/><F125/><W109/><G109/><T106/><D9/><N who="1" m="4271" /><E85/><V89/><F26/><W46/><G119/><T77/><D106/><U34/><E34/><V16/><F16/><W116/><G116/><T48/><D77/><U83/><E83/><V14/><F14/><W7/><G18/><T36/><D36/><U130/><E130/><V67/><F67/><W102/><G129/><T65/><D65/><U127/><E127/><V8/><F8/><W53/><G131/><T38/><D38/><U99/><E99/><V79/><F79/><W87/><G87/><T135/><D135/><U2/><E2/><V105/><F105/><W100/><G134/><T84/><D84/><U115/><E115/><V73/><F73/><W122/><REACH who="3" step="1"/><G122/><REACH who="3" ten="250,250,250,240" step="2"/><T113/><D113/><U58/><E30/><V59/><F69/><W15/><AGARI ba="0,1" hai="7,10,15,21,24,31,41,46,51,53,56,60,100,102" machi="15" ten="20,12000,2" yaku="1,1,2,1,0,1,7,1,8,1,53,1" doraHai="28" doraHaiUra="52" who="3" fromWho="3" sc="250,-60,250,-30,250,-30,240,130" />
</Scene>
<Scene>
<INIT seed="1,0,0,4,3,35" ten="190,220,220,370" oya="1" hai0="42,5,41,91,66,63,31,25,92,44,51,52,86" hai1="134,112,53,14,39,73,110,101,27,34,9,16,58" hai2="111,8,59,135,78,47,76,46,18,90,71,2,69" hai3="38,123,85,99,133,81,102,83,97,30,64,3,96"/><U107/><E112/><V37/><F111/><W119/><G38/><T100/><D5/><U56/><E39/><V105/><F105/><W125/><G123/><T7/><D7/><U26/><E73/><V109/><F109/><W77/><G64/><T117/><D100/><U50/><E110/><V127/><F127/><W129/><G30/><T113/><D117/><U43/><E43/><V55/><F135/><W23/><G23/><T130/><D130/><U24/><E134/><V68/><F90/><W122/><G129/><T28/><D113/><U74/><E74/><V87/><F87/><W103/><G3/><T116/><D116/><U94/><E107/><V17/><F2/><W114/><G114/><T10/><D10/><U32/><REACH who="1" step="1"/><E58/><REACH who="1" ten="190,210,220,370" step="2"/><V106/><F106/><W22/><G133/><T89/><D42/><U33/><E33/><V95/><F37/><W57/><G119/><T13/><D41/><U93/><E93/><V70/><F95/><W108/><G57/><T62/><D92/><U121/><E121/><V6/><F69/><W88/><G122/><T67/><D44/><U72/><E72/><V60/><F47/><W29/><G108/><T54/><D67/><U36/><E36/><V124/><F46/><W115/><G115/><T0/><D66/><U11/><E11/><V4/><F8/><W79/><G22/><T104/><D104/><U126/><E126/><V40/><F124/><W65/><G125/><T120/><D120/><U48/><E48/><V61/><F40/><W84/><G65/><T1/><D51/><U98/><AGARI ba="0,1" hai="9,14,16,24,26,27,32,34,50,53,56,94,98,101" machi="98" ten="30,11700,0" yaku="1,1,0,1,54,1,53,1" doraHai="35" doraHaiUra="45" who="1" fromWho="1" sc="190,-39,210,127,220,-39,370,-39" />
</Scene>
<Scene>
<INIT seed="1,1,0,4,5,28" ten="151,337,181,331" oya="1" hai0="113,107,73,106,95,31,26,50,114,27,83,16,59" hai1="34,105,51,108,49,32,13,128,11,7,8,77,109" hai2="74,35,67,53,135,88,58,75,102,71,3,111,103" hai3="10,52,66,9,1,43,112,65,76,21,22,39,84"/><U55/><E105/><V85/><F3/><W115/><G1/><T46/><D59/><U119/><E119/><V134/><F111/><N who="1" m="42569" /><E128/><V56/><F71/><W30/><G43/><T123/><D123/><U120/><E120/><V94/><F67/><W68/><G39/><T122/><D122/><U126/><E126/><V127/><F127/><W92/><G68/><T6/><D6/><N who="1" m="3223" /><E77/><V0/><F0/><W86/><G76/><T63/><D106/><U89/><E89/><V101/><F56/><W18/><G30/><T47/><D107/><U81/><E81/><V37/><F37/><W72/><G18/><T132/><D31/><U15/><E51/><V93/><F93/><W14/><G92/><T12/><D95/><U121/><E121/><V104/><F104/><W5/><G5/><T19/><D50/><U29/><E29/><V118/><F118/><W82/><G82/><T130/><D83/><U90/><E90/><V117/><F117/><W129/><G129/><T100/><D130/><U79/><E79/><V57/><F75/><W125/><G72/><T131/><D131/><U25/><E25/><V78/><F78/><W110/><G110/><T48/><D73/><U80/><E80/><V61/><F74/><W124/><G14/><T23/><D12/><U116/><E116/><V91/><F91/><W99/><G99/><T33/><D27/><U45/><AGARI ba="1,0" hai="7,11,15,32,34,45,49,55" m="3223,42569" machi="45" ten="30,11700,0" yaku="14,1,10,1,52,2" doraHai="28" who="1" fromWho="1" sc="151,-40,337,120,181,-40,331,-40" />
</Scene>
<Scene>
<INIT seed="1,2,0,4,4,105" ten="111,457,141,291" oya="1" hai0="25,30,31,6,65,76,48,111,8,51,78,118,60" hai1="68,135,20,28,62,23,46,120,11,109,103,82,13" hai2="58,133,72,106,87,47,96,100,18,104,44,112,71" hai3="110,15,0,38,21,93,41,55,10,14,67,56,27"/><U84/><E120/><V29/><F71/><W98/><G110/><T74/><D118/><U43/><E109/><V73/><F29/><W7/><G41/><T2/><D111/><U26/><E135/><V115/><F133/><W117/><G38/><T45/><D31/><U36/><E103/><V119/><F119/><W5/><G5/><T129/><D129/><U52/><E68/><V85/><F58/><W42/><G42/><T91/><D91/><U102/><E102/><V33/><F18/><W124/><G124/><T66/><D51/><N who="1" m="28791" /><E36/><V35/><F100/><W89/><G67/><T17/><D17/><N who="1" m="8383" /><E43/><V53/><F53/><W116/><G117/><T122/><D66/><U3/><E3/><V54/><F54/><W108/><G116/><T69/><D74/><U80/><E62/><V9/><F9/><W97/><G108/><T121/><D121/><U40/><E40/><V107/><F107/><W37/><G37/><T90/><D122/><U130/><E130/><V59/><F59/><W86/><G0/><T128/><D128/><U22/><E82/><V49/><REACH who="2" step="1"/><F49/><REACH who="2" ten="111,457,131,291" step="2"/><N who="3" m="30831" /><G15/><T88/><D48/><U19/><E19/><AGARI ba="2,1" hai="7,10,14,19,21,27,86,89,93,97,98" m="30831" machi="19" ten="30,1000,0" yaku="8,1" doraHai="105" who="3" fromWho="1" sc="111,0,457,-16,131,0,291,26" />
</Scene>
<Scene>
<INIT seed="2,0,0,0,4,80" ten="111,441,131,317" oya="2" hai0="103,20,127,107,15,32,76,115,52,24,79,119,5" hai1="122,1,101,105,117,124,94,86,34,35,102,38,116" hai2="93,61,22,87,50,135,53,41,118,55,99,64,112" hai3="14,45,77,25,88,18,54,47,125,126,132,133,30"/><V37/><F112/><W85/><G77/><T44/><D115/><U12/><E1/><V95/><F118/><W89/><G89/><T82/><D32/><U110/><E38/><V67/><F135/><N who="3" m="51787" /><G54/><N who="2" m="20489" /><F37/><W121/><G121/><T16/><D119/><U72/><E105/><V46/><F61/><W10/><G25/><T131/><D131/><U75/><E72/><V109/><F109/><W129/><G30/><T78/><D127/><N who="3" m="48649" /><G129/><T63/><D107/><U123/><E75/><V3/><F3/><W58/><G58/><N who="0" m="35271" /><D103/><U73/><E102/><N who="2" m="60783" /><F22/><W2/><G2/><T108/><D108/><U42/><E35/><V120/><F120/><W69/><G69/><T13/><D44/><U71/><E34/><V134/><F134/><W98/><G98/><T97/><D97/><U9/><E71/><V91/><AGARI ba="0,0" hai="41,46,50,64,67,87,91,95" m="60783,20489" machi="91" ten="30,3000,0" yaku="8,1,52,1" doraHai="80" who="2" fromWho="2" sc="111,-10,441,-10,131,30,317,-10" />
</Scene>
<Scene>
<INIT seed="2,1,0,2,4,113" ten="101,431,161,307" oya="2" hai0="132,30,133,122,57,15,52,72,120,6,102,124,116" hai1="119,100,115,118,28,9,11,96,53,62,19,110,42" hai2="105,4,108,33,55,78,127,27,46,24,26,45,36" hai3="3,67,114,74,59,121,85,91,109,71,60,111,23"/><V61/><F105/><W80/><G3/><T134/><D72/><U25/><E115/><V65/><F127/><W20/><G121/><N who="0" m="46699" /><D102/><U98/><E42/><V64/><F33/><W12/><G114/><T39/><D30/><U117/><E110/><N who="3" m="41994" /><G74/><T47/><D15/><U130/><E130/><V68/><F108/><W126/><G126/><T89/><D89/><U35/><E98/><V29/><F29/><W93/><G71/><T40/><D6/><U1/><E19/><V123/><F123/><W92/><G12/><T107/><D107/><U54/><E54/><V66/><F4/><W99/><G93/><T88/><D88/><AGARI ba="1,0" hai="20,23,59,60,67,80,85,88,91,92,99" m="41994" machi="88" ten="30,2000,0" yaku="14,1,54,1" doraHai="113" who="3" fromWho="0" sc="101,-23,431,0,161,0,307,23" />
</Scene>
<Scene>
<INIT seed="3,0,0,0,4,68" ten="78,431,161,330" oya="3" hai0="1,134,129,67,65,55,132,15,34,105,85,5,89" hai1="37,92,7,73,38,88,81,128,0,100,123,31,124" hai2="71,58,101,56,47,11,27,121,4,131,40,114,20" hai3="35,9,111,113,50,98,33,75,32,69,30,94,48"/><W109/><G69/><T97/><D1/><U106/><E123/><V57/><F131/><W103/><G75/><T17/><D5/><U120/><E31/><V117/><F114/><W70/><G70/><T91/><D34/><U36/><E120/><V62/><F121/><W63/><G63/><T127/><D127/><U87/><E124/><V12/><F117/><W133/><G113/><T42/><D42/><U10/><E128/><V116/><F116/><W78/><G78/><T43/><D43/><U86/><E86/><V99/><F71/><W77/><G77/><T19/><D129/><U2/><E2/><V14/><F14/><W29/><G9/><T107/><D15/><U53/><E53/><V82/><F82/><W102/><G133/><T83/><D85/><U24/><E24/><V93/><F62/><W45/><G102/><T8/><D8/><U22/><E22/><V72/><F72/><W54/><REACH who="3" step="1"/><G50/><REACH who="3" ten="78,431,161,320" step="2"/><T84/><D134/><U135/><E135/><V26/><F101/><W125/><G125/><T90/><D132/><U59/><E73/><V51/><F11/><W80/><G80/><T95/><D90/><U119/><E119/><V21/><F51/><W126/><G126/><T39/><D91/><U96/><REACH who="1" step="1"/><E59/><REACH who="1" ten="78,421,161,320" step="2"/><V16/><F57/><W79/><G79/><T74/><D74/><U49/><E49/><V46/><F56/><W108/><AGARI ba="0,2" hai="29,30,32,33,35,45,48,54,94,98,103,108,109,111" machi="108" ten="40,18000,2" yaku="1,1,0,1,14,1,10,1,53,3" doraHai="68" doraHaiUra="122" who="3" fromWho="3" sc="78,-60,421,-60,161,-60,320,200" />
</Scene>
<Scene>
<INIT seed="3,1,0,0,5,11" ten="18,361,101,520" oya="3" hai0="50,12,98,99,107,73,28,6,110,67,133,92,121" hai1="30,132,5,21,135,87,65,54,16,62,94,23,122" hai2="52,33,48,120,2,88,89,4,17,35,61,44,83" hai3="10,51,42,82,46,22,124,118,20,113,13,100,123"/><W129/><G118/><T45/><D121/><U38/><E122/><V78/><F120/><W40/><G113/><T108/><D73/><U29/><E38/><V63/><F2/><W128/><G123/><T85/><D28/><U131/><E131/><N who="3" m="50250" /><G100/><T86/><D67/><U134/><E5/><V96/><F4/><N who="3" m="3271" /><G124/><T27/><D27/><N who="1" m="14759" /><E54/><V84/><F33/><W103/><G103/><N who="0" m="62975" /><D133/><U114/><E23/><N who="3" m="8746" /><G82/><T19/><D6/><U64/><E114/><V106/><F35/><W56/><G56/><T72/><D19/><U0/><E0/><V57/><F17/><W101/><G101/><N who="0" m="60615" /><D12/><U69/><E64/><V68/><F106/><W9/><G9/><T130/><D130/><U117/><E117/><V58/><F68/><W55/><AGARI ba="1,0" hai="40,42,46,51,55" m="8746,3271,50250" machi="55" ten="30,3000,0" yaku="19,1,52,1" doraHai="11" who="3" fromWho="3" sc="18,-11,361,-11,101,-11,520,33" />
</Scene>
<Scene>
<INIT seed="3,2,0,3,3,115" ten="7,350,90,553" oya="3" hai0="53,68,37,29,93,50,73,54,104,96,89,83,42" hai1="18,44,16,49,94,116,0,13,47,56,99,112,101" hai2="20,66,62,14,4,41,122,126,6,85,36,84,78" hai3="45,9,65,118,111,7,25,119,123,88,127,117,60"/><W63/><G123/><T75/><D68/><U39/><E112/><V132/><F122/><W58/><G127/><T106/><D37/><U35/><E0/><V5/><F126/><W90/><G45/><N who="0" m="25911" /><D104/><U19/><E35/><V130/><F132/><W110/><G25/><T61/><D106/><U87/><E116/><V95/><F130/><W21/><G21/><T76/><D75/><U10/><E39/><V80/><F36/><W64/><G9/><T133/><D73/><U46/><E87/><V22/><F41/><W79/><G7/><T109/><D133/><U26/><E26/><V51/><F51/><W52/><G79/><T91/><D76/><U8/><E8/><V38/><F38/><W100/><G100/><T129/><D129/><U131/><E131/><V3/><F3/><W108/><G52/><AGARI ba="2,0" hai="10,13,16,18,19,44,46,47,49,52,56,94,99,101" machi="52" ten="40,5200,0" yaku="8,1,54,2" doraHai="115" who="1" fromWho="3" sc="7,0,350,58,90,0,553,-58" />
</Scene>
<Scene>
<INIT seed="4,0,0,5,0,46" ten="7,408,90,495" oya="0" hai0="70,31,62,65,23,64,25,48,10,100,72,67,52" hai1="3,55,45,16,19,33,127,105,42,37,112,90,84" hai2="89,28,44,119,32,59,121,135,69,57,120,36,66" hai3="51,39,83,9,6,11,126,54,22,43,92,30,71"/><T4/><D72/><U2/><E105/><V75/><F89/><W26/><G71/><T107/><D107/><U102/><E33/><V104/><F75/><W133/><G133/><T103/><D62/><U60/><E127/><V0/><F0/><W76/><G92/><T1/><D70/><U123/><E102/><V8/><F8/><W7/><G126/><T50/><D48/><U17/><E123/><N who="2" m="47179" /><F28/><W47/><G9/><T24/><D24/><U35/><E35/><V98/><F98/><W5/><G5/><BYE who="3" /><T85/><D85/><U111/><E111/><V38/><F32/><W73/><G73/><T109/><D109/><U61/><E112/><V110/><F104/><W86/><G86/><T56/><AGARI ba="0,0" hai="1,4,10,23,25,31,50,52,56,64,65,67,100,103" machi="56" ten="30,6000,0" yaku="0,1,52,1,54,1" doraHai="46" who="0" fromWho="0" sc="7,60,408,-20,90,-20,495,-20" /><UN n3="%E5%8E%9F%E5%AE%BF%E3%82%B8%E3%82%A7%E3%83%B3%E3%83%8C" />
</Scene>
<Scene>
<INIT seed="4,1,0,2,5,88" ten="67,388,70,475" oya="0" hai0="84,94,104,19,119,0,115,49,5,81,129,37,45" hai1="39,35,120,91,10,130,20,89,33,66,103,69,101" hai2="134,15,131,17,18,55,42,86,34,83,78,96,36" hai3="74,25,40,100,3,62,12,63,22,38,102,118,50"/><T68/><D119/><U23/><E39/><V110/><F110/><W79/><G3/><T29/><D104/><U76/><E66/><V90/><F34/><W7/><G38/><T57/><D68/><U41/><E69/><V53/><F134/><W2/><G2/><T111/><D29/><U16/><E41/><V80/><F131/><W31/><G74/><T82/><D129/><U87/><E10/><V44/><F18/><W95/><G79/><T71/><D71/><U54/><E76/><V30/><F30/><W11/><G102/><T26/><D115/><U6/><E6/><V28/><F28/><W9/><G11/><T128/><D128/><U105/><E105/><V123/><F123/><W21/><G21/><N who="0" m="13631" /><D37/><U13/><E130/><V58/><F58/><W70/><G70/><T97/><D0/><U60/><E120/><V135/><F135/><W93/><G100/><N who="1" m="38474" /><E91/><V116/><F116/><W48/><G118/><T1/><D111/><U112/><E33/><V32/><F32/><W106/><G106/><T65/><D5/><U73/><E35/><V107/><F107/><W61/><G61/><BYE who="3" /><N who="0" m="38063" /><D1/><U99/><E73/><UN n3="%E5%8E%9F%E5%AE%BF%E3%82%B8%E3%82%A7%E3%83%B3%E3%83%8C" /><V109/><F109/><W59/><G40/><N who="0" m="24743" /><D97/><U72/><E99/><V14/><F96/><W67/><G62/><T125/><D125/><U113/><E72/><N who="2" m="43079" /><F17/><W52/><G67/><T47/><D47/><U92/><E113/><V133/><F133/><W75/><G75/><T114/><D114/><U46/><E112/><V117/><F117/><W85/><G85/><T27/><D27/><U122/><E122/><V51/><F36/><W56/><G56/><RYUUKYOKU ba="1,0" sc="67,10,388,-30,70,10,475,10" hai0="81,82,84,94" hai2="14,15,42,44,51,53,55,83,86,90" hai3="7,9,12,22,25,31,48,50,52,59,63,93,95" />
</Scene>
<Scene>
<INIT seed="4,2,0,1,0,54" ten="77,358,80,485" oya="0" hai0="119,73,122,103,128,67,24,133,80,21,47,18,36" hai1="68,110,101,48,75,113,130,8,62,99,91,58,37" hai2="19,100,85,78,129,9,89,124,40,98,49,69,55" hai3="79,31,87,125,1,117,63,123,35,72,6,131,94"/><T82/><D122/><U16/><E37/><V32/><F32/><W15/><G117/><T12/><D119/><U115/><E75/><V83/><F69/><W52/><G1/><T97/><D73/><U64/><E110/><V86/><F129/><W109/><G72/><T93/><D128/><U3/><E3/><V25/><F124/><W112/><G125/><T111/><D133/><U4/><E4/><V66/><F66/><W104/><G104/><T0/><D0/><U38/><E38/><V13/><F40/><W106/><G106/><T65/><D111/><U77/><E77/><V46/><F25/><W27/><G123/><T135/><D135/><U116/><E91/><V44/><F44/><W74/><G74/><T118/><D118/><U59/><E48/><V33/><F33/><W121/><G121/><T26/><D47/><U22/><E8/><V50/><F50/><W45/><G109/><T76/><D36/><U60/><E60/><V92/><REACH who="2" step="1"/><F85/><REACH who="2" ten="77,358,70,485" step="2"/><W127/><G127/><T17/><D26/><N who="1" m="14663" /><E130/><V61/><F61/><W5/><G35/><T132/><D132/><U10/><E116/><V39/><F39/><W102/><G131/><T70/><D70/><U108/><E108/><V30/><F30/><W95/><G45/><T29/><D29/><U120/><E120/><V107/><F107/><W43/><G31/><T34/><D34/><U11/><E59/><V28/><F28/><W23/><G63/><T56/><D56/><U2/><E68/><V7/><F7/><W90/><G5/><T42/><D42/><U105/><E2/><V134/><F134/><RYUUKYOKU ba="2,1" sc="77,-15,358,15,70,15,485,-15" hai1="10,11,58,62,64,99,101,105,113,115" hai2="9,13,19,46,49,55,78,83,86,89,92,98,100" />
</Scene>
<Scene>
<INIT seed="5,3,1,2,1,66" ten="62,373,85,470" oya="1" hai0="95,126,128,133,73,90,1,38,45,87,71,106,72" hai1="18,31,80,29,55,127,40,111,62,46,16,79,70" hai2="114,99,23,97,96,9,88,20,14,115,92,123,67" hai3="103,7,17,30,41,124,5,32,93,135,58,78,36"/><U15/><E111/><V37/><F123/><W121/><G78/><T117/><RYUUKYOKU type="yao9" ba="3,1" sc="62,0,373,0,85,0,470,0" hai0="1,38,45,71,72,73,87,90,95,106,117,126,128,133" />
</Scene>
<Scene>
<INIT seed="5,4,1,1,0,100" ten="62,373,85,470" oya="1" hai0="123,108,119,14,63,47,67,117,27,3,57,98,7" hai1="111,34,36,126,101,74,115,89,17,133,79,1,104" hai2="90,128,65,88,66,103,107,25,62,120,26,43,68" hai3="58,109,0,35,135,6,73,125,22,46,54,92,130"/><U39/><RYUUKYOKU type="yao9" ba="4,1" sc="62,0,373,0,85,0,470,0" hai1="1,17,34,36,39,74,79,89,101,104,111,115,126,133" />
</Scene>
<Scene>
<INIT seed="5,5,1,1,0,18" ten="62,373,85,470" oya="1" hai0="55,30,27,113,49,43,119,117,73,91,6,101,50" hai1="94,8,0,63,34,121,118,76,90,133,112,44,135" hai2="52,64,74,86,56,42,39,9,83,5,31,21,54" hai3="102,123,40,26,132,108,97,23,89,109,71,68,66"/><U124/><E121/><V11/><F74/><W79/><G89/><T24/><D73/><U128/><E118/><V106/><F106/><W130/><G40/><T13/><D101/><U110/><E110/><V29/><F39/><W61/><G71/><T15/><D113/><U95/><E34/><V35/><F42/><W105/><G79/><T17/><D117/><U28/><E28/><N who="2" m="10827" /><F35/><W75/><G75/><T60/><D119/><U115/><E76/><N who="2" m="46439" /><F21/><W16/><G130/><T32/><D43/><U1/><E44/><V87/><F87/><W78/><G78/><T127/><D127/><U96/><E124/><V10/><F5/><W70/><G70/><T98/><D6/><N who="1" m="1095" /><E128/><V103/><F103/><W122/><REACH who="3" step="1"/><G132/><REACH who="3" ten="62,373,85,460" step="2"/><N who="1" m="50762" /><E1/><V65/><F54/><W22/><G22/><T12/><D55/><U41/><E41/><V38/><F38/><W120/><AGARI ba="5,2" hai="16,23,26,61,66,68,97,102,105,108,109,120,122,123" machi="120" ten="30,8000,1" yaku="1,1,0,1,52,1,54,1,53,1" doraHai="18" doraHaiUra="59" who="3" fromWho="3" sc="62,-25,373,-45,85,-25,460,115" />
</Scene>
<Scene>
<INIT seed="6,0,0,5,3,71" ten="37,328,60,575" oya="2" hai0="5,63,16,83,81,45,34,118,109,96,110,111,36" hai1="21,74,41,88,10,99,52,31,40,126,77,27,43" hai2="18,23,47,9,57,44,92,0,35,59,132,119,33" hai3="87,14,115,125,48,70,38,86,76,97,117,50,67"/><V112/><F119/><W79/><G117/><T95/><D118/><U130/><E126/><V124/><F124/><W60/><G38/><T22/><D34/><U90/><E130/><V129/><F129/><W66/><G97/><T42/><D5/><U1/><E1/><V30/><F112/><W7/><G115/><T73/><D63/><U55/><E74/><V75/><F75/><W84/><G67/><T32/><D32/><U120/><E120/><V100/><F132/><W24/><G24/><T19/><D73/><U78/><E10/><V26/><F35/><W68/><G70/><T61/><D61/><U133/><E133/><V85/><F0/><W54/><G50/><T103/><REACH who="0" step="1"/><D19/><REACH who="0" ten="27,328,60,575" step="2"/><U4/><E4/><V3/><F33/><W116/><G116/><T46/><D46/><N who="2" m="17450" /><F3/><W6/><G125/><T58/><D58/><U53/><E99/><N who="2" m="59495" /><F85/><W89/><G86/><T49/><D49/><U98/><E98/><V20/><F9/><W12/><G84/><T102/><D102/><U107/><E107/><V91/><F91/><AGARI ba="0,1" hai="21,27,31,40,41,43,52,53,55,77,78,88,90,91" machi="91" ten="40,5200,0" yaku="8,1,54,2" doraHai="71" who="1" fromWho="2" sc="27,0,328,62,60,-52,575,0" />
</Scene>
<Scene>
<INIT seed="7,0,0,5,4,88" ten="27,390,8,575" oya="3" hai0="76,3,28,2,65,19,96,94,7,33,30,56,131" hai1="35,81,117,103,49,89,34,60,46,16,80,99,82" hai2="11,93,105,118,0,120,78,111,67,37,110,109,98" hai3="79,87,112,26,121,59,21,15,39,4,83,22,102"/><W130/><G39/><T31/><D33/><U95/><E117/><V124/><F118/><W75/><G102/><N who="0" m="60695" /><D3/><U119/><E119/><V63/><F37/><W86/><G121/><T61/><D2/><U115/><E115/><V64/><F105/><W44/><G44/><T25/><D131/><U123/><E123/><V20/><F120/><W84/><G130/><T52/><D7/><U135/><E135/><V36/><F36/><W114/><G59/><N who="0" m="37055" /><D76/><U106/><E60/><V104/><F104/><W48/><G48/><N who="0" m="30727" /><D19/><U32/><E16/><V58/><F78/><W55/><G55/><T53/><D53/><U113/><E113/><N who="3" m="43626" /><G26/><T18/><D18/><U128/><E128/><V133/><F133/><W12/><G4/><T66/><D25/><U50/><E46/><V23/><F67/><AGARI ba="0,0" hai="28,30,31,66,67" m="30727,37055,60695" machi="67" ten="30,3900,0" yaku="8,1,52,1,54,1" doraHai="88" who="0" fromWho="2" sc="27,39,390,0,8,-39,575,0" owari="66,-33.0,390,19.0,-31,-53.0,575,67.0" />
</Scene>
</mjloggm>