<mjloggm ver="2.3"><GO type="169" lobby="0"/><UN n0="%E3%82%B1%E3%83%B3%E3%83%A4%E2%98%85" n1="%53%69%6D%6F%6F%6E" n2="%6D%75%6B%69%74%74%69" n3="%E5%A4%AA%E3%81%8F%E3%81%AA%E3%81%84%E3%81%8A" dan="18,16,16,17" rate="2184.67,2089.22,2060.67,2141.96" sx="M,M,M,M"/><TAIKYOKU oya="0"/>

<Scene>
<INIT seed="0,0,0,0,4,68" ten="250,250,250,250" oya="0" hai0="130,82,71,54,113,96,107,103,19,21,36,74,1" hai1="105,89,47,43,28,83,84,16,34,22,3,48,127" hai2="17,117,33,115,120,46,30,24,15,14,11,2,58" hai3="111,67,79,69,7,39,92,80,118,44,65,40,63"/><T112/><D130/><U129/><E3/><V8/><F58/><W60/><G111/><T97/><D71/><U98/><E129/><V133/><F46/><W53/><G118/><T64/><D64/><U31/><E127/><V27/><F115/><W20/><G7/><T38/><D1/><U55/><E34/><N who="2" m="20807" /><F120/><W37/><G20/><T23/><D54/><U104/><E104/><V4/><F117/><W125/><G92/><T78/><D23/><U114/><E114/><V18/><F133/><W134/><G125/><T90/><D113/><U49/><E98/><V77/><F77/><W26/><G26/><T56/><D56/><N who="1" m="32871" /><E105/><V91/><F91/><W100/><G100/><T57/><D57/><U70/><E70/><V124/><F124/><W126/><G126/><T81/><D112/><U131/><E131/><V66/><F66/><N who="3" m="25099" /><G69/><T59/><D59/><U88/><E89/><V29/><F2/><W87/><G134/><T102/><D90/><U51/><E51/><V101/><F101/><W109/><G53/><T45/><D82/><U10/><E10/><V6/><AGARI ba="0,0" hai="4,6,8,11,14,15,17,18,27,29,33" m="20807" machi="6" ten="30,8000,1" yaku="35,5" doraHai="68" who="2" fromWho="2" sc="250,-40,250,-20,250,80,250,-20" />
</Scene>
<Scene>
<INIT seed="1,0,0,5,0,2" ten="210,230,330,230" oya="1" hai0="41,31,19,83,53,5,26,131,117,93,78,45,58" hai1="76,125,75,105,98,18,63,116,29,113,85,107,72" hai2="56,80,60,91,120,25,6,46,114,87,39,128,15" hai3="133,65,102,21,36,126,92,71,12,20,68,99,13"/><U88/><E29/><V95/><F120/><W135/><G126/><T97/><D117/><U115/><E116/><V134/><F128/><W119/><G36/><T1/><D131/><U129/><E129/><V55/><F134/><N who="3" m="51211" /><G119/><T74/><D19/><U121/><E121/><V77/><F114/><W16/><G65/><T110/><D110/><U100/><E125/><V28/><F39/><W50/><G50/><T111/><D111/><U69/><E18/><AGARI ba="0,0" hai="12,13,16,18,20,21,68,71,92,99,102" m="51211" machi="18" ten="30,2000,0" yaku="20,1,54,1" doraHai="2" who="3" fromWho="1" sc="210,0,230,-20,330,0,230,20" />
</Scene>
<Scene>
<INIT seed="2,0,0,3,3,26" ten="210,210,330,250" oya="2" hai0="115,12,107,42,39,75,24,1,96,125,135,84,120" hai1="91,3,121,87,4,124,18,89,29,21,114,119,66" hai2="81,35,95,126,118,48,111,62,61,72,130,54,131" hai3="71,128,113,11,98,117,60,88,63,134,78,106,83"/><V129/><F118/><W50/><G117/><T51/><D84/><U127/><E119/><V52/><F35/><W110/><G110/><T7/><D51/><U74/><E74/><V40/><F111/><W49/><G128/><T73/><D12/><U92/><E114/><V44/><F95/><W99/><G113/><T94/><D94/><U70/><E121/><V46/><F81/><W79/><G134/><T67/><D67/><U37/><E37/><N who="2" m="21519" /><F72/><W116/><G116/><T105/><D105/><U13/><E91/><V22/><F22/><W100/><G11/><T23/><D23/><U122/><E122/><V103/><F103/><W41/><G41/><T82/><D42/><U0/><E4/><V31/><F31/><W53/><G99/><T14/><D96/><U30/><E66/><V97/><F97/><W108/><G108/><T55/><D7/><U15/><E70/><V80/><F80/><W101/><G71/><T56/><D120/><U109/><E109/><V47/><F126/><N who="1" m="48169" /><E13/><V93/><F93/><W38/><G101/><T9/><D115/><U77/><E77/><V32/><F32/><W57/><G88/><T27/><D125/><U123/><E123/><V6/><F6/><W43/><G79/><T2/><D75/><U34/><E34/><V10/><F10/><W45/><G38/><T20/><D39/><U19/><E19/><V90/><F90/><W64/><G64/><T8/><D8/><U28/><AGARI ba="0,0" hai="0,3,15,18,21,28,29,30,87,89,92" m="48169" machi="28" ten="30,7900,0" yaku="18,1,52,3" doraHai="26" who="1" fromWho="1" sc="210,-20,210,79,330,-39,250,-20" />
</Scene>
<Scene>
<INIT seed="3,0,0,1,0,60" ten="190,289,291,230" oya="3" hai0="59,37,94,28,113,88,19,35,0,26,89,15,93" hai1="98,108,13,12,81,101,114,85,127,44,40,109,24" hai2="77,6,86,104,74,48,123,61,38,57,119,4,72" hai3="96,128,83,76,29,54,33,51,53,36,42,58,132"/><W130/><G132/><T10/><D37/><U97/><E114/><V45/><F119/><W55/><G96/><T100/><D113/><U14/><E127/><V43/><F104/><W121/><G121/><T107/><D107/><U105/><E97/><V67/><F123/><W46/><G29/><T31/><D100/><U32/><E32/><V120/><F120/><W70/><G33/><T99/><D31/><U116/><E24/><V135/><F135/><W71/><G83/><T69/><D69/><N who="3" m="26121" /><G76/><T78/><D78/><U39/><REACH who="1" step="1"/><E116/><REACH who="1" ten="190,279,291,230" step="2"/><V30/><F30/><W131/><AGARI ba="0,1" hai="36,42,46,51,53,54,55,58,128,130,131" m="26121" machi="131" ten="40,7800,0" yaku="19,1,34,2" doraHai="60" who="3" fromWho="3" sc="190,-26,279,-26,291,-26,230,88" />
</Scene>
<Scene>
<INIT seed="3,1,0,0,0,131" ten="164,253,265,318" oya="3" hai0="115,103,122,52,56,4,104,130,43,119,91,77,87" hai1="20,68,134,133,71,118,97,57,50,38,14,34,12" hai2="40,0,84,42,135,111,73,69,49,35,81,36,59" hai3="22,19,41,54,70,53,10,129,6,63,44,33,92"/><W26/><G129/><T61/><D130/><U66/><E38/><V11/><F69/><W89/><G33/><T58/><D119/><U93/><E34/><V48/><F36/><W74/><G74/><T30/><D122/><U96/><E118/><V5/><F35/><W88/><G70/><T116/><D116/><U126/><E126/><V80/><F73/><W82/><G82/><T76/><D115/><U125/><E125/><V62/><F111/><W46/><G63/><T39/><D30/><U24/><E68/><V85/><F81/><W29/><G29/><T121/><D4/><U86/><E86/><V31/><F31/><W21/><G21/><T16/><D121/><U37/><E37/><V75/><F75/><W17/><G17/><T117/><D117/><U114/><E71/><V113/><F113/><W101/><G101/><T3/><D3/><U124/><E124/><V79/><F85/><W47/><G41/><T132/><D43/><U110/><E110/><V51/><REACH who="2" step="1"/><F135/><REACH who="2" ten="164,253,255,318" step="2"/><N who="1" m="51721" /><E114/><V94/><F94/><W45/><N who="3" m="11264" /><DORA hai="55" /><W83/><G83/><T108/><D39/><U102/><E96/><V7/><F7/><W109/><G109/><T18/><D108/><U123/><E123/><V72/><F72/><W99/><REACH who="3" step="1"/><G89/><REACH who="3" ten="164,253,255,308" step="2"/><T60/><D91/><U120/><E120/><V23/><F23/><W107/><G107/><T27/><D104/><U28/><E50/><V1/><F1/><AGARI ba="1,2" hai="1,6,10,19,22,26,53,54,88,92,99" m="11264" machi="1" ten="50,4800,0" yaku="1,1,54,1,53,0" doraHai="131,55" doraHaiUra="100,98" who="3" fromWho="2" sc="164,0,253,0,255,-51,308,71" />
</Scene>
<Scene>
<INIT seed="3,2,0,5,0,31" ten="164,253,204,379" oya="3" hai0="109,46,73,89,82,41,47,78,112,28,18,23,39" hai1="6,49,123,79,1,12,97,61,75,113,52,114,63" hai2="96,9,93,107,11,55,15,4,126,101,37,5,135" hai3="121,77,3,118,24,120,69,106,100,127,108,129,67"/><W34/><RYUUKYOKU type="yao9" ba="2,0" sc="164,0,253,0,204,0,379,0" hai3="3,24,34,67,69,77,100,106,108,118,120,121,127,129" />
</Scene>
<Scene>
<INIT seed="3,3,0,2,1,69" ten="164,253,204,379" oya="3" hai0="17,37,65,76,124,62,46,95,31,86,42,25,77" hai1="89,104,3,58,57,12,4,27,21,83,2,73,87" hai2="109,71,121,40,68,56,55,97,61,16,111,45,133" hai3="1,23,41,13,75,132,49,59,130,88,26,47,0"/><W135/><G75/><T39/><D124/><U82/><E104/><V67/><F97/><W96/><G130/><T48/><D17/><U116/><E116/><V126/><F126/><W8/><G59/><T6/><D6/><U129/><E129/><V80/><F80/><W29/><G96/><T114/><D114/><U9/><E3/><V123/><F16/><N who="3" m="8231" /><G88/><T60/><D60/><U85/><E2/><V134/><F71/><W108/><G108/><N who="2" m="41545" /><F67/><W52/><G41/><T107/><D107/><U113/><E73/><V15/><F15/><W78/><G78/><T64/><D77/><U101/><E101/><V32/><F32/><W54/><G54/><T91/><D76/><N who="1" m="46279" /><E113/><V22/><F22/><W53/><G53/><T93/><D93/><U119/><E119/><V30/><F30/><AGARI ba="3,0" hai="4,9,12,21,27,30,57,58,83,87,89" m="46279" machi="30" ten="30,1000,0" yaku="8,1" doraHai="69" who="1" fromWho="2" sc="164,0,253,19,204,-19,379,0" />
</Scene>
<Scene>
<INIT seed="4,0,0,5,4,123" ten="164,272,185,379" oya="0" hai0="63,114,129,112,36,70,125,25,83,12,65,51,21" hai1="27,31,89,68,57,42,19,5,30,2,109,115,87" hai2="72,69,80,43,119,86,48,122,20,96,33,18,45" hai3="99,76,46,91,133,118,108,14,53,24,29,103,102"/><T28/><D36/><U73/><E68/><V130/><F122/><W39/><G108/><T1/><D1/><U16/><E109/><V111/><F111/><W135/><G118/><T81/><D129/><U40/><E73/><V58/><F69/><W105/><G76/><T95/><D125/><U82/><E5/><V23/><F33/><W113/><G113/><N who="0" m="43627" /><D95/><U110/><E110/><V128/><F72/><W61/><G103/><T67/><D67/><U56/><E2/><V37/><F119/><W74/><G39/><T116/><D116/><U106/><E106/><V66/><F96/><W117/><G117/><T15/><D51/><U34/><E31/><V62/><F37/><W124/><G124/><T55/><D55/><U64/><E115/><V75/><F75/><W101/><G101/><T44/><D44/><U35/><E35/><V79/><REACH who="2" step="1"/><F23/><REACH who="2" ten="164,272,175,379" step="2"/><N who="3" m="15519" /><G74/><T13/><AGARI ba="0,1" hai="12,13,15,21,25,28,63,65,70,81,83" m="43627" machi="13" ten="30,1500,0" yaku="15,1" doraHai="123" who="0" fromWho="0" sc="164,25,272,-5,175,-5,379,-5" />
</Scene>
<Scene>
<INIT seed="4,1,0,1,5,26" ten="189,267,170,374" oya="0" hai0="8,17,77,49,130,95,19,110,22,56,34,37,0" hai1="103,101,100,58,75,46,131,115,105,89,67,83,29" hai2="72,118,69,4,13,9,96,47,43,85,97,114,88" hai3="31,59,5,36,124,32,86,6,74,16,64,92,60"/><T73/><D37/><U53/><E105/><V109/><F109/><W99/><G74/><T116/><D116/><U25/><E131/><V112/><F69/><W30/><G36/><T107/><D107/><U94/><E115/><N who="2" m="44075" /><F72/><W91/><G124/><T134/><D34/><U120/><E120/><V70/><F70/><W127/><G127/><T108/><D130/><U125/><E125/><V87/><F87/><W54/><G32/><T117/><D117/><U129/><E129/><V128/><F128/><W10/><G64/><T90/><D134/><U14/><E14/><V122/><F122/><W113/><G113/><T121/><D121/><U132/><E132/><V48/><F118/><W135/><G135/><T41/><D77/><U119/><E83/><AGARI ba="1,0" hai="4,9,13,43,47,48,83,85,88,96,97" m="44075" machi="83" ten="30,2000,0" yaku="15,1,54,1" doraHai="26" who="2" fromWho="1" sc="189,0,267,-23,170,23,374,0" />
</Scene>
<Scene>
<INIT seed="5,0,0,0,3,64" ten="189,244,193,374" oya="1" hai0="110,26,41,99,58,66,25,17,36,117,2,19,112" hai1="74,35,60,78,100,75,79,12,23,135,81,38,24" hai2="55,126,80,53,91,123,30,70,45,130,98,118,108" hai3="8,124,113,95,20,54,94,22,121,106,28,71,11"/><U82/><E38/><V16/><F123/><W21/><G106/><T37/><D110/><U132/><E100/><V129/><F108/><W61/><G121/><T48/><D117/><U76/><E76/><V1/><F118/><W68/><G28/><T49/><D2/><U134/><E35/><V42/><F1/><W102/><G113/><T73/><D73/><U56/><E12/><V10/><F126/><W107/><G107/><T47/><D112/><U29/><REACH who="1" step="1"/><E135/><REACH who="1" ten="189,234,193,374" step="2"/><V18/><F130/><W109/><G109/><T87/><D36/><U119/><E119/><V3/><F129/><W52/><G102/><T86/><D37/><U14/><E14/><V114/><F3/><W83/><G124/><T6/><D26/><U15/><E15/><V72/><F114/><W40/><G22/><T104/><D25/><U39/><E39/><V105/><F10/><W44/><G21/><T67/><D6/><U89/><E89/><V32/><F91/><W31/><G20/><T69/><D17/><U62/><E62/><V27/><F16/><W92/><G61/><T85/><D19/><U133/><E133/><V97/><F18/><W0/><G0/><T13/><D13/><U59/><E59/><V43/><F32/><W77/><G77/><T116/><D116/><U9/><E9/><V51/><F27/><W65/><G11/><T34/><D34/><U131/><E131/><V63/><F63/><W111/><G8/><T57/><D57/><U4/><E4/><V84/><F30/><W103/><G31/><T88/><D88/><U101/><E101/><V93/><F51/><RYUUKYOKU ba="0,1" sc="189,-10,234,30,193,-10,374,-10" hai1="23,24,29,56,60,74,75,78,79,81,82,132,134" />
</Scene>
<Scene>
<INIT seed="5,1,1,0,0,110" ten="179,264,183,364" oya="1" hai0="82,53,85,5,72,89,34,65,71,38,11,121,57" hai1="83,116,46,2,92,114,0,30,1,19,111,109,97" hai2="73,33,117,87,12,70,32,79,41,66,63,10,80" hai3="129,58,50,15,94,44,62,122,115,18,28,100,6"/><U47/><E116/><V43/><F117/><W35/><G115/><T105/><D121/><U36/><E30/><V64/><F64/><W112/><G112/><T4/><D34/><U135/><E114/><V37/><F73/><W90/><G122/><T124/><D124/><U16/><E135/><V125/><F125/><W40/><G129/><T107/><D38/><U54/><E83/><V101/><F101/><W81/><G6/><T7/><D11/><U67/><E67/><V52/><F43/><W98/><G28/><T106/><D72/><U26/><E36/><V23/><F23/><N who="3" m="11743" /><G35/><T123/><D123/><U55/><E26/><V48/><F41/><W91/><G81/><T84/><D84/><U78/><E78/><V21/><F21/><W113/><G113/><T69/><REACH who="0" step="1"/><D65/><AGARI ba="1,1" hai="40,44,50,58,62,65,90,91,94,98,100" m="11743" machi="65" ten="30,1000,0" yaku="8,1" doraHai="110" who="3" fromWho="0" sc="179,-13,264,0,183,0,364,23" />
</Scene>
<Scene>
<INIT seed="6,0,0,0,1,47" ten="166,264,183,387" oya="2" hai0="61,10,95,104,59,70,131,21,98,101,102,133,83" hai1="45,28,24,9,121,37,42,90,3,78,0,35,69" hai2="23,48,60,52,66,50,55,109,117,89,20,127,16" hai3="43,67,44,14,100,94,5,7,82,38,86,113,126"/><V58/><F117/><W116/><G116/><T135/><D70/><U64/><E121/><V56/><F127/><W2/><G2/><T62/><D131/><U17/><E78/><V108/><F89/><W11/><G126/><T111/><D111/><N who="2" m="42570" /><F16/><W12/><G67/><T27/><D10/><U123/><E123/><V33/><F33/><W107/><G107/><T4/><D4/><U22/><E90/><V110/><F110/><W41/><G7/><T68/><D83/><U80/><E80/><V91/><F91/><W15/><G113/><T34/><D34/><U13/><E64/><V6/><F6/><W103/><G103/><T105/><D101/><U122/><E69/><AGARI ba="0,0" hai="20,23,48,50,52,55,56,58,60,66,69" m="42570" machi="69" ten="30,11600,0" yaku="10,1,52,2,54,1" doraHai="47" who="2" fromWho="1" sc="166,0,264,-116,183,116,387,0" />
</Scene>
<Scene>
<INIT seed="6,1,0,4,3,121" ten="166,148,299,387" oya="2" hai0="20,68,13,80,79,24,94,67,43,123,90,59,103" hai1="101,125,44,11,132,107,98,102,105,106,108,71,3" hai2="50,97,117,85,12,60,21,0,48,76,86,81,45" hai3="36,112,127,39,47,14,69,63,56,130,51,54,27"/><V133/><F117/><W34/><G127/><T66/><D68/><U83/><E125/><V32/><F0/><W100/><G130/><T35/><D123/><U120/><E120/><V40/><F32/><W2/><G2/><T128/><D103/><U131/><E131/><V15/><F133/><W84/><G112/><T126/><D128/><U55/><E132/><V75/><F75/><W52/><G100/><T87/><D126/><U25/><E71/><V91/><F97/><W23/><G69/><T114/><D114/><U89/><E25/><V8/><F60/><W57/><G34/><T118/><D118/><U111/><E101/><V42/><F21/><W116/><G14/><T46/><D13/><U19/><E19/><V62/><F62/><W70/><G116/><T93/><D35/><U5/><E89/><V31/><F31/><W37/><G84/><T92/><D90/><U135/><E83/><N who="2" m="47335" /><F8/><W28/><REACH who="3" step="1"/><G70/><REACH who="3" ten="166,148,299,377" step="2"/><T73/><D87/><U129/><E135/><V74/><F74/><W99/><G99/><T16/><D73/><U41/><E129/><V77/><F15/><W95/><G95/><T29/><D93/><U88/><E88/><V38/><F12/><W64/><G64/><T26/><D92/><U124/><E124/><V17/><F91/><W122/><G122/><T82/><D94/><U109/><REACH who="1" step="1"/><E55/><REACH who="1" ten="166,138,299,377" step="2"/><V18/><F42/><AGARI ba="1,2" hai="23,27,28,36,37,39,42,47,51,52,54,56,57,63" machi="42" ten="40,2600,0" yaku="1,1,54,1,53,0" doraHai="121" doraHaiUra="10" who="3" fromWho="2" sc="166,0,138,0,299,-29,377,49" />
</Scene>
<Scene>
<INIT seed="7,0,0,4,0,129" ten="166,138,270,426" oya="3" hai0="3,67,77,69,125,118,12,39,90,119,31,58,66" hai1="5,81,48,25,134,130,42,55,93,7,1,79,36" hai2="121,29,104,94,10,115,37,14,80,64,87,116,95" hai3="74,128,4,122,102,124,65,22,2,88,133,50,131"/><W40/><G133/><T126/><D3/><U0/><E130/><V38/><F104/><W75/><G88/><T89/><D77/><U47/><E93/><V16/><F116/><N who="0" m="44586" /><D39/><U97/><E97/><V92/><F115/><W11/><G124/><N who="0" m="47723" /><D31/><U112/><E112/><V9/><F121/><W113/><G11/><T110/><D110/><U71/><E71/><V100/><F29/><W56/><G56/><T54/><D12/><U132/><E25/><V114/><F114/><W28/><G65/><N who="0" m="24587" /><D69/><U76/><E1/><V127/><F127/><W8/><G50/><AGARI ba="0,0" hai="50,54,58,89,90" m="24587,47723,44586" machi="50" ten="30,1000,0" yaku="18,1" doraHai="129" who="0" fromWho="3" sc="166,10,138,0,270,0,426,-10" owari="176,-22.0,138,-36.0,270,7.0,416,51.0" />
</Scene>
</mjloggm>