<mjloggm ver="2.3"><GO type="169" lobby="0"/><UN n0="%E5%86%A5%E5%9C%9F%E3%81%AE%E3%83%AF%E3%83%8B%E8%94%B5" n1="%E4%B8%96%E3%82%92%E7%9B%B4%E3%81%99%E8%80%85" n2="%7A%6B%75%72%74" n3="%E5%A4%AA%E3%81%8F%E3%81%AA%E3%81%84%E3%81%8A" dan="18,17,18,18" rate="2218.70,2163.28,2195.90,2254.83" sx="M,M,M,F"/><TAIKYOKU oya="0"/>

<Scene>
<INIT seed="0,0,0,1,3,47" ten="250,250,250,250" oya="0" hai0="78,21,114,27,7,67,46,72,96,25,55,128,115" hai1="85,77,13,81,109,88,45,36,99,63,75,29,116" hai2="30,89,112,121,133,12,119,104,50,111,41,79,22" hai3="44,92,49,10,74,65,64,17,3,0,94,5,11"/><T90/><D128/><U123/><E116/><V80/><F112/><W87/><G74/><T62/><D7/><U69/><E123/><V19/><F104/><W35/><G35/><T84/><D72/><U126/><E109/><V48/><F111/><W51/><G44/><T52/><D78/><U37/><E126/><V33/><F121/><W95/><G87/><T57/><D96/><U103/><E29/><V56/><F119/><W8/><G17/><T108/><D108/><U122/><E122/><V130/><F130/><W113/><G113/><T134/><D134/><U28/><E28/><V68/><F68/><W101/><G101/><T59/><D46/><U16/><E45/><N who="2" m="25647" /><F33/><W107/><G107/><T106/><D106/><N who="1" m="63871" /><E63/><V4/><F133/><W117/><G117/><T2/><D2/><N who="3" m="553" /><G5/><T118/><D118/><U70/><E37/><V110/><F110/><W129/><G129/><T73/><D73/><U127/><E36/><V66/><F4/><W61/><G61/><T131/><D131/><U60/><E60/><V97/><F30/><W34/><G34/><T14/><D114/><U18/><E127/><V20/><F66/><AGARI ba="0,0" hai="8,10,11,49,51,64,65,66,92,94,95" m="553" machi="66" ten="40,8000,1" yaku="28,2,52,2" doraHai="47" who="3" fromWho="2" sc="250,0,250,0,250,-80,250,80" />
</Scene>
<Scene>
<INIT seed="1,0,0,4,2,57" ten="250,250,170,330" oya="1" hai0="32,14,58,1,19,11,122,99,78,126,94,6,34" hai1="63,25,23,10,60,112,80,81,83,105,16,52,41" hai2="82,15,31,71,50,76,95,37,88,18,30,113,47" hai3="109,4,43,134,116,28,69,120,65,106,123,17,127"/><U2/><E105/><V108/><F37/><W124/><G106/><T51/><D126/><N who="3" m="48169" /><G4/><T73/><D122/><U68/><E112/><V102/><F113/><W39/><G28/><T33/><D78/><U24/><E41/><V54/><F108/><W66/><G17/><T107/><D73/><U74/><E74/><V100/><F71/><W93/><G93/><T86/><D107/><U97/><E97/><V64/><F64/><N who="3" m="24683" /><G69/><T40/><D86/><U121/><E68/><V13/><F31/><W59/><G109/><T55/><D1/><U135/><E2/><V129/><F30/><W7/><G7/><T114/><D114/><U70/><E70/><V79/><F129/><W90/><G90/><T103/><D6/><U72/><E72/><V20/><F13/><W125/><G125/><T110/><D110/><U98/><E16/><V56/><F79/><W130/><G130/><T35/><D35/><U119/><E83/><V133/><F133/><W104/><G104/><T89/><D103/><U9/><E135/><V91/><F91/><W96/><G96/><T75/><D75/><U117/><E98/><N who="2" m="57703" /><F82/><W132/><G116/><T12/><D12/><U21/><REACH who="1" step="1"/><E121/><REACH who="1" ten="250,240,170,330" step="2"/><V115/><F115/><W0/><G0/><T42/><AGARI ba="0,1" hai="11,14,19,32,33,34,40,42,51,55,58,89,94,99" machi="42" ten="40,1500,0" yaku="0,1" doraHai="57" who="0" fromWho="0" sc="250,25,240,-7,170,-4,330,-4" />
</Scene>
<Scene>
<INIT seed="2,0,0,1,4,86" ten="275,233,166,326" oya="2" hai0="1,19,67,65,40,79,132,57,12,123,66,49,81" hai1="60,122,128,27,39,47,87,48,108,22,10,61,45" hai2="13,70,33,97,121,6,24,4,116,54,31,106,73" hai3="26,9,38,35,28,20,11,91,95,125,41,52,104"/><V30/><F121/><W76/><G104/><T90/><D123/><U114/><E122/><V15/><F116/><W100/><G100/><T0/><D132/><U75/><E75/><V126/><F73/><W23/><G76/><T111/><D111/><U32/><E114/><V133/><F133/><W98/><G125/><T78/><D1/><U101/><E108/><V29/><F126/><W62/><G38/><T14/><D0/><U103/><E32/><V109/><F109/><W42/><G35/><T82/><D12/><U64/><E128/><V88/><F70/><W93/><G23/><T112/><D112/><U56/><E39/><V46/><F106/><W129/><G129/><T71/><D71/><U84/><E61/><V36/><F24/><W134/><G134/><T37/><D37/><U50/><E10/><N who="3" m="3594" /><G95/><T51/><D40/><N who="1" m="24615" /><E103/><V53/><F33/><W43/><G43/><T2/><D2/><U34/><E101/><V131/><F131/><W118/><G118/><T110/><D110/><U74/><E74/><V96/><F36/><W5/><G5/><N who="2" m="2153" /><F97/><W8/><N who="3" m="3602" /><W72/><DORA hai="68" /><G72/><T94/><D49/><U58/><E34/><V89/><F96/><W25/><G25/><T115/><D51/><U63/><E50/><N who="2" m="28887" /><F54/><W119/><G119/><T69/><D69/><U113/><E113/><V83/><F83/><W107/><G107/><T55/><D115/><U21/><E27/><V77/><F77/><W80/><G80/><T99/><D78/><U16/><E64/><V127/><F127/><W44/><G44/><T120/><D79/><U92/><E47/><RYUUKYOKU ba="0,0" sc="275,-15,233,-15,166,15,326,15" hai2="13,15,29,30,31,88,89" hai3="20,26,28,41,42,52,62,91,93,98" />
</Scene>
<Scene>
<INIT seed="2,1,0,4,4,133" ten="260,218,181,341" oya="2" hai0="77,23,106,78,115,95,89,80,38,41,60,83,81" hai1="13,87,25,42,19,129,9,22,76,68,110,59,3" hai2="118,18,55,50,98,96,79,51,2,92,40,26,72" hai3="124,135,33,128,73,44,70,0,131,123,32,86,88"/><V90/><F118/><W5/><G123/><T113/><D106/><U6/><E68/><V102/><F2/><W75/><G70/><T15/><D38/><U21/><E110/><V46/><F72/><N who="3" m="27723" /><G135/><T34/><D34/><U58/><E129/><N who="3" m="49738" /><G124/><T27/><D41/><U120/><E120/><V54/><F79/><W63/><G63/><T1/><D1/><U37/><E37/><V104/><F51/><W36/><G5/><T11/><D60/><U31/><E42/><V67/><F67/><W66/><G66/><T101/><D113/><U49/><E49/><V132/><F132/><W99/><G99/><T62/><D62/><U97/><E97/><V7/><F7/><W107/><G107/><T56/><D56/><U12/><REACH who="1" step="1"/><E3/><REACH who="1" ten="260,208,181,341" step="2"/><V53/><F40/><N who="3" m="22535" /><G0/><T105/><D115/><U114/><E114/><V57/><F46/><W82/><AGARI ba="1,1" hai="32,33,82,86,88" m="22535,49738,27723" machi="82" ten="30,2000,0" yaku="19,1,54,1" doraHai="133" who="3" fromWho="3" sc="260,-6,208,-6,181,-11,341,33" />
</Scene>
<Scene>
<INIT seed="3,0,0,0,4,69" ten="254,202,170,374" oya="3" hai0="89,68,62,47,130,114,15,73,22,112,75,111,43" hai1="54,46,74,8,34,27,126,120,79,42,29,93,14" hai2="52,90,5,10,60,59,113,67,118,83,70,104,101" hai3="106,16,105,96,50,64,127,53,78,117,119,123,98"/><W45/><G123/><T66/><D111/><U72/><E120/><V125/><F113/><N who="0" m="43626" /><D130/><U39/><E126/><V63/><F125/><W13/><G127/><T31/><D89/><U26/><E79/><V58/><F118/><W76/><G64/><T51/><D31/><U18/><E27/><V129/><F129/><W11/><G78/><T94/><D94/><U115/><E115/><V2/><F101/><W24/><G76/><T41/><D41/><U19/><E18/><AGARI ba="0,0" hai="15,18,22,43,47,51,62,66,68,73,75" m="43626" machi="18" ten="30,1000,0" yaku="11,1" doraHai="69" who="0" fromWho="1" sc="254,10,202,-10,170,0,374,0" />
</Scene>
<Scene>
<INIT seed="4,0,0,4,1,99" ten="264,192,170,374" oya="0" hai0="48,93,109,44,42,123,30,115,81,52,36,114,79" hai1="61,71,135,112,3,18,104,24,129,69,37,56,54" hai2="89,116,64,27,130,50,90,85,59,12,132,82,108" hai3="76,101,100,16,51,131,106,4,80,14,134,105,92"/><T127/><D123/><U46/><E3/><V65/><F108/><W47/><G4/><T86/><D109/><U57/><E104/><V41/><F130/><W38/><G38/><T67/><D127/><U20/><E129/><V28/><F132/><W73/><G131/><T97/><D67/><U22/><E135/><V58/><F116/><W96/><G101/><T107/><D107/><U8/><E8/><V133/><F133/><W25/><G25/><T84/><D84/><U68/><E112/><V88/><F12/><W94/><G106/><T6/><D30/><U9/><E9/><V32/><F64/><W43/><REACH who="3" step="1"/><G134/><REACH who="3" ten="264,192,170,364" step="2"/><T103/><REACH who="0" step="1"/><D6/><REACH who="0" ten="254,192,170,364" step="2"/><U63/><E71/><V119/><F119/><W70/><G70/><T117/><D117/><U128/><E128/><V113/><F113/><W11/><AGARI ba="0,2" hai="11,14,16,43,47,51,73,76,80,92,94,96,100,105" machi="11" ten="20,12000,2" yaku="1,1,0,1,7,1,52,1,54,1,53,1" doraHai="99" doraHaiUra="77" who="3" fromWho="3" sc="254,-60,192,-30,170,-30,364,140" />
</Scene>
<Scene>
<INIT seed="5,0,0,3,0,64" ten="194,162,140,504" oya="1" hai0="90,132,126,95,30,107,13,109,121,1,94,4,97" hai1="106,37,39,0,52,31,24,2,89,11,105,73,87" hai2="18,14,82,77,32,60,26,66,47,128,72,91,49" hai3="9,103,63,100,86,28,68,17,117,54,48,19,16"/><U12/><E73/><V93/><F128/><W79/><G117/><T85/><D109/><U5/><E2/><V112/><F112/><W21/><G68/><T62/><D1/><U114/><E114/><V111/><F111/><W45/><G63/><T42/><D107/><U119/><E119/><V44/><F26/><N who="3" m="16463" /><G9/><T25/><D126/><U78/><E78/><V41/><F32/><W7/><G7/><T20/><D132/><U75/><E75/><V135/><F135/><W134/><G134/><T6/><D42/><U3/><E0/><V65/><F47/><W130/><G130/><T71/><D121/><U125/><E125/><V27/><F27/><W33/><G33/><T115/><D115/><U96/><E3/><V81/><F81/><AGARI ba="0,0" hai="16,17,19,45,48,54,79,81,86,100,103" m="16463" machi="81" ten="30,2000,0" yaku="8,1,54,1" doraHai="64" who="3" fromWho="2" sc="194,0,162,0,140,-20,504,20" />
</Scene>
<Scene>
<INIT seed="6,0,0,3,5,95" ten="194,162,120,524" oya="2" hai0="50,48,129,81,41,108,44,93,29,52,94,18,60" hai1="56,102,8,62,63,40,36,64,130,59,73,74,77" hai2="25,111,78,132,134,53,135,49,112,80,109,67,106" hai3="24,99,84,54,120,89,85,82,103,10,68,4,96"/><V1/><F1/><W51/><G68/><T13/><D108/><N who="2" m="41546" /><F106/><W32/><G120/><T119/><D129/><U71/><E130/><V33/><F112/><W92/><G32/><T15/><D29/><U23/><E77/><V26/><F67/><W65/><G24/><T38/><D38/><U124/><E124/><V57/><F33/><W75/><G75/><AGARI ba="0,0" hai="25,26,49,53,57,75,78,80,132,134,135" m="41546" machi="75" ten="40,3900,0" yaku="20,1,10,1" doraHai="95" who="2" fromWho="3" sc="194,0,162,0,120,39,524,-39" />
</Scene>
<Scene>
<INIT seed="6,1,0,0,2,47" ten="194,162,159,485" oya="2" hai0="86,124,113,73,71,11,63,107,66,128,16,75,123" hai1="80,21,1,103,105,57,130,84,104,132,108,33,116" hai2="90,96,58,55,35,89,72,135,29,95,61,115,119" hai3="2,7,54,19,43,94,77,40,120,122,18,114,15"/><V118/><F72/><W52/><G77/><T102/><D123/><U5/><E33/><V32/><F115/><W112/><G15/><T121/><D121/><U27/><E108/><V24/><F135/><W28/><G94/><T129/><D113/><U41/><E116/><V131/><F131/><N who="0" m="50250" /><D124/><U14/><E130/><V100/><F35/><W65/><G7/><T20/><D11/><U38/><E132/><V97/><REACH who="2" step="1"/><F90/><REACH who="2" ten="194,162,149,485" step="2"/><W42/><G114/><T49/><D75/><U46/><E1/><V39/><F39/><W74/><G2/><T34/><D34/><U53/><E38/><V82/><F82/><W88/><G88/><T87/><D73/><U56/><E80/><V110/><F110/><W98/><G112/><T59/><D87/><U91/><E84/><V50/><F50/><W30/><G74/><T78/><D49/><U92/><E91/><V83/><F83/><W109/><G109/><T23/><D86/><U8/><E103/><V133/><F133/><W51/><G51/><T85/><D85/><U134/><E134/><V44/><F44/><W22/><G122/><T70/><D78/><U3/><E46/><V13/><F13/><W62/><G120/><T17/><D102/><U79/><E79/><V4/><F4/><W125/><G125/><T81/><D81/><U31/><E3/><V126/><F126/><W101/><G101/><T64/><D63/><U45/><E5/><V111/><F111/><W9/><G62/><T69/><D107/><AGARI ba="1,1" hai="24,29,32,55,58,61,89,95,96,97,100,107,118,119" machi="107" ten="30,2900,0" yaku="1,1,7,1,53,0" doraHai="47" doraHaiUra="68" who="2" fromWho="0" sc="194,-32,162,0,149,42,485,0" />
</Scene>
<Scene>
<INIT seed="6,2,0,2,2,46" ten="162,162,191,485" oya="2" hai0="38,123,69,80,15,93,85,9,92,6,106,14,50" hai1="78,72,58,100,0,120,103,28,114,118,43,32,68" hai2="21,82,77,94,60,24,81,12,40,49,129,13,51" hai3="83,115,45,99,132,128,48,121,20,102,22,109,119"/><V112/><F112/><W52/><G109/><T110/><D110/><U66/><E0/><V117/><F117/><W56/><G121/><T35/><D35/><U70/><E118/><V96/><F129/><W17/><G119/><T67/><D123/><U42/><E120/><V130/><F130/><W64/><G128/><T30/><D106/><U95/><E114/><V73/><F60/><N who="3" m="37895" /><G115/><T4/><D38/><U111/><E111/><V135/><F135/><W105/><G105/><T108/><D108/><U44/><E70/><V98/><F98/><W88/><G132/><T126/><D126/><U90/><E68/><V87/><F40/><W7/><G7/><T41/><D67/><U8/><E8/><V26/><F26/><W18/><G102/><T62/><D30/><U101/><E28/><V27/><F27/><W36/><G36/><T1/><D69/><U124/><E32/><V19/><F13/><W122/><G122/><T134/><D134/><U37/><E43/><V86/><F12/><W2/><G2/><T31/><D31/><U5/><E5/><V133/><F133/><W89/><G83/><T34/><D34/><U127/><E124/><V61/><F61/><W25/><G99/><T57/><D1/><U23/><E127/><V75/><F75/><W39/><G39/><T74/><D74/><U10/><E72/><V16/><F73/><W11/><G11/><N who="0" m="4455" /><D62/><N who="1" m="38231" /><E10/><V84/><F19/><W113/><G113/><T3/><D3/><U97/><E23/><V131/><F131/><W63/><G63/><T116/><D116/><U54/><E78/><N who="2" m="46135" /><F96/><W76/><G76/><RYUUKYOKU ba="2,0" sc="162,-30,162,10,191,10,485,10" hai1="37,42,44,54,90,95,97,100,101,103" hai2="16,21,24,49,51,77,82,86,87,94" hai3="17,18,20,22,25,45,48,52,88,89" />
</Scene>
<Scene>
<INIT seed="6,3,0,5,3,59" ten="132,172,201,495" oya="2" hai0="28,98,71,13,104,16,72,11,133,22,19,8,101" hai1="124,48,26,68,17,88,102,12,43,82,63,29,32" hai2="30,91,79,67,9,73,93,6,45,103,44,61,108" hai3="97,100,76,46,41,24,23,0,129,7,33,95,39"/><V31/><F108/><W27/><G129/><T127/><D71/><U50/><E124/><V99/><F79/><W107/><G33/><T109/><D109/><U60/><E102/><V90/><F73/><W25/><G76/><T112/><D127/><U113/><E113/><V135/><F135/><W70/><G70/><T132/><D112/><U37/><E37/><V115/><F115/><W83/><G83/><T131/><D72/><U57/><E68/><V77/><F77/><W78/><G78/><T81/><D81/><U34/><E32/><V47/><F31/><W58/><G58/><T114/><D114/><U40/><E50/><V75/><F30/><W62/><G62/><T87/><D87/><U55/><E63/><V69/><REACH who="2" step="1"/><F75/><REACH who="2" ten="132,172,191,495" step="2"/><W56/><G27/><T51/><D131/><U85/><E26/><V20/><F20/><W111/><G23/><T125/><D125/><U4/><E29/><V110/><F110/><W52/><G111/><T65/><D28/><U53/><E34/><V10/><F10/><W130/><G130/><T80/><D8/><N who="1" m="6279" /><E4/><V94/><F94/><W64/><G95/><T134/><D80/><U121/><E121/><V14/><AGARI ba="3,1" hai="6,9,14,44,45,47,61,67,69,90,91,93,99,103" machi="14" ten="30,6000,0" yaku="1,1,0,1,52,1,53,0" doraHai="59" doraHaiUra="54" who="2" fromWho="2" sc="132,-23,172,-23,191,79,495,-23" />
</Scene>
<Scene>
<INIT seed="6,4,0,3,2,39" ten="109,149,270,472" oya="2" hai0="1,37,105,97,30,7,32,11,99,102,3,131,74" hai1="121,93,107,47,90,67,59,83,128,66,82,49,31" hai2="15,124,100,43,89,80,135,104,71,27,109,117,85" hai3="129,115,60,44,116,81,87,40,69,118,34,62,13"/><V94/><F117/><W57/><G34/><T48/><D1/><U92/><E107/><V132/><F71/><W75/><G75/><T119/><D119/><U78/><E128/><V23/><F124/><W21/><G62/><T17/><D131/><U20/><E121/><V108/><F15/><W56/><G57/><T79/><D17/><U16/><E31/><V33/><F33/><W134/><G69/><T103/><D48/><U55/><E78/><V10/><F10/><W72/><G72/><T53/><D53/><U14/><E93/><V110/><F104/><W24/><G129/><T111/><D111/><U45/><E47/><V61/><F61/><W96/><G96/><T28/><D37/><U88/><E90/><V38/><F100/><W0/><G0/><T125/><D125/><U52/><E67/><V101/><F101/><W84/><G13/><T29/><D32/><U126/><E66/><V120/><F94/><W9/><G9/><T113/><D113/><U42/><E126/><V35/><F120/><W12/><G12/><T41/><D41/><U46/><E45/><N who="2" m="23799" /><F35/><W98/><G115/><T2/><D2/><U65/><E65/><V70/><F70/><W95/><G95/><T26/><D26/><U122/><E122/><V8/><F8/><W58/><G60/><T112/><D112/><U19/><E19/><AGARI ba="4,0" hai="19,23,27,80,85,89,108,109,110,132,135" m="23799" machi="19" ten="30,2900,0" yaku="10,1,52,1" doraHai="39" who="2" fromWho="1" sc="109,0,149,-41,270,41,472,0" />
</Scene>
<Scene>
<INIT seed="6,5,0,4,1,28" ten="109,108,311,472" oya="2" hai0="126,43,40,12,7,1,11,133,9,44,29,34,76" hai1="33,49,30,120,10,128,89,3,97,70,74,103,2" hai2="23,47,95,85,109,80,21,131,115,135,81,83,15" hai3="65,118,58,18,69,122,94,42,96,71,123,108,38"/><V134/><F115/><W114/><G108/><T125/><D76/><U45/><E70/><N who="3" m="26634" /><G18/><T37/><D43/><U41/><E74/><V132/><F109/><W75/><G94/><T4/><REACH who="0" step="1"/><D133/><REACH who="0" ten="99,108,311,472" step="2"/><U110/><E110/><V100/><F134/><W36/><G58/><T112/><D112/><U55/><E41/><V62/><F135/><W63/><G96/><T72/><D72/><U16/><E97/><V27/><F132/><W105/><G63/><T64/><D64/><U93/><E120/><V59/><F59/><W8/><G42/><T25/><AGARI ba="5,1" hai="1,4,7,9,11,12,25,29,34,37,40,44,125,126" machi="25" ten="30,7900,0" yaku="1,1,0,1,52,1,53,1" doraHai="28" doraHaiUra="26" who="0" fromWho="0" sc="99,104,108,-25,311,-44,472,-25" />
</Scene>
<Scene>
<INIT seed="7,0,0,4,4,47" ten="203,83,267,447" oya="3" hai0="30,8,86,19,102,0,82,50,114,18,84,52,7" hai1="134,1,39,76,106,71,23,127,51,35,62,58,117" hai2="34,22,72,27,133,132,10,123,116,38,122,108,43" hai3="11,14,104,41,109,9,131,65,124,57,121,128,96"/><W61/><G121/><N who="2" m="46089" /><F72/><W29/><G124/><T12/><D30/><U77/><E35/><V42/><F108/><W130/><G109/><T49/><D114/><U67/><E106/><V87/><F34/><W66/><G29/><T73/><D73/><U33/><E1/><V48/><F38/><W100/><G41/><T44/><D102/><U15/><E33/><V103/><F103/><W54/><G9/><T21/><D19/><AGARI ba="0,0" hai="11,14,19,54,57,61,65,66,96,100,104,128,130,131" machi="19" ten="40,2000,0" yaku="19,1" doraHai="47" who="3" fromWho="0" sc="203,-20,83,0,267,0,447,20" owari="183,-22.0,83,-42.0,267,7.0,467,57.0" />
</Scene>
</mjloggm>