<mjloggm ver="2.3"><GO type="169" lobby="0"/><UN n0="%E8%AA%B2%E9%95%B7%E8%A6%96%E9%87%8E%E7%8B%AD%E7%AA%84" n1="%E3%83%AD%E3%83%83%E3%83%86%E9%9B%80%E7%90%83" n2="%E7%89%8C%E3%81%AE%E9%9F%B3%E8%89%B2" n3="%E5%A4%AA%E3%81%8F%E3%81%AA%E3%81%84%E3%81%8A" dan="16,17,16,17" rate="2108.20,2087.32,2051.51,2150.75" sx="M,M,M,M"/><TAIKYOKU oya="0"/>

<Scene>
<INIT seed="0,0,0,2,5,77" ten="250,250,250,250" oya="0" hai0="61,80,120,63,84,17,107,67,53,49,129,104,32" hai1="30,33,48,12,108,21,130,44,42,62,28,131,46" hai2="81,66,41,92,115,123,74,133,45,126,47,54,124" hai3="39,95,25,135,78,7,83,94,4,31,64,57,119"/><T116/><D116/><U68/><E108/><V90/><F123/><W56/><G39/><T14/><D120/><U100/><E100/><V52/><F115/><W51/><G119/><T117/><D117/><U15/><E33/><V102/><F66/><W24/><G135/><T125/><D32/><U75/><E75/><V122/><F122/><W101/><G51/><T109/><D109/><U16/><E12/><V6/><F6/><W27/><G31/><T93/><D125/><N who="2" m="48234" /><F47/><W118/><G118/><T60/><D67/><N who="1" m="41079" /><E46/><V112/><F112/><W121/><G121/><T114/><D114/><U105/><E105/><V13/><F13/><W97/><G94/><T132/><D93/><U91/><E91/><V73/><F133/><W22/><G22/><T103/><D103/><U71/><E71/><V34/><F34/><W113/><G113/><T23/><D132/><U38/><E38/><N who="2" m="21687" /><F73/><W82/><G64/><T43/><D43/><U19/><E19/><V70/><F70/><W9/><G4/><T96/><D96/><U0/><E0/><V69/><F69/><W3/><REACH who="3" step="1"/><G78/><REACH who="3" ten="250,250,250,240" step="2"/><T79/><REACH who="0" step="1"/><D129/><AGARI ba="0,1" hai="15,16,21,28,30,42,44,48,129,130,131" m="41079" machi="129" ten="30,2000,0" yaku="19,1,54,1" doraHai="77" who="1" fromWho="0" sc="250,-20,250,30,250,0,240,0" />
</Scene>
<Scene>
<INIT seed="1,0,0,5,1,29" ten="230,280,250,240" oya="1" hai0="23,57,51,76,38,86,25,59,84,44,0,102,80" hai1="97,36,5,21,105,73,109,17,121,66,35,64,122" hai2="135,95,2,116,41,3,71,45,6,65,62,39,24" hai3="32,47,48,130,8,53,28,112,131,9,107,99,12"/><U69/><E73/><V127/><F116/><W88/><G112/><T18/><D0/><U72/><E72/><V34/><F95/><N who="3" m="56807" /><G107/><T98/><D86/><U31/><E36/><V124/><F135/><W20/><G20/><T132/><D38/><U126/><E126/><N who="2" m="48171" /><F6/><N who="3" m="3095" /><G9/><T89/><D132/><U19/><E109/><V79/><F79/><W78/><G78/><T27/><D27/><N who="1" m="18943" /><E5/><V111/><F111/><W115/><G28/><AGARI ba="0,0" hai="2,3,24,28,34,39,41,45,62,65,71" m="48171" machi="28" ten="30,3900,0" yaku="18,1,23,1,52,1" doraHai="29" who="2" fromWho="3" sc="230,0,280,0,250,39,240,-39" />
</Scene>
<Scene>
<INIT seed="2,0,0,5,4,99" ten="230,280,289,201" oya="2" hai0="22,8,24,129,94,109,113,7,47,103,118,23,43" hai1="4,32,27,78,133,5,83,48,106,123,56,66,9" hai2="120,72,82,125,61,98,55,50,39,114,16,20,6" hai3="69,134,31,101,70,65,73,112,62,12,30,64,80"/><V33/><F33/><W110/><G110/><T95/><D109/><U116/><E116/><V15/><F120/><W3/><G3/><T92/><D118/><U36/><E36/><V127/><F39/><W11/><G134/><T54/><D113/><U29/><E133/><V46/><F114/><W107/><G112/><T53/><D129/><U10/><E123/><V14/><F61/><W28/><G65/><T75/><D75/><U119/><E119/><V86/><F72/><W58/><G73/><T122/><D122/><U130/><E130/><V63/><F63/><W19/><REACH who="3" step="1"/><G80/><REACH who="3" ten="230,280,289,191" step="2"/><T0/><D0/><U126/><E83/><V18/><F125/><W34/><G34/><T111/><D111/><U13/><E66/><V1/><F127/><W68/><G68/><T93/><D103/><U35/><E35/><V17/><F1/><W102/><G102/><T131/><D131/><U89/><E32/><V37/><F37/><W87/><G87/><T97/><D97/><AGARI ba="0,1" hai="11,12,19,28,30,31,58,62,64,69,70,97,101,107" machi="97" ten="40,2600,0" yaku="1,1,52,1,53,0" doraHai="99" doraHaiUra="41" who="3" fromWho="0" sc="230,-26,280,0,289,0,191,36" />
</Scene>
<Scene>
<INIT seed="3,0,0,4,1,11" ten="204,280,289,227" oya="3" hai0="81,124,79,26,45,54,94,130,32,5,56,99,113" hai1="75,24,71,25,64,91,65,122,19,93,78,133,16" hai2="117,53,31,85,119,84,48,96,135,90,62,118,66" hai3="80,59,34,125,41,107,13,123,9,108,92,46,69"/><W20/><G34/><T50/><D124/><U86/><E122/><V63/><F31/><W109/><G107/><T132/><D130/><U127/><E127/><V55/><F135/><W4/><G69/><T10/><D132/><U14/><E133/><V28/><F28/><W60/><G125/><T29/><D113/><U23/><E71/><V8/><F8/><W38/><G123/><T21/><D32/><U1/><E1/><V83/><F96/><W47/><G80/><T77/><D56/><U44/><E44/><V89/><F66/><N who="1" m="25705" /><E75/><V67/><F67/><N who="3" m="39327" /><G92/><T110/><D81/><N who="1" m="47415" /><E19/><V76/><F76/><W111/><G46/><T33/><D33/><U72/><E72/><V12/><F117/><W2/><G20/><T49/><D49/><U61/><E61/><V114/><F83/><W73/><G73/><T105/><D105/><U51/><E51/><V35/><F35/><W36/><G36/><T43/><D43/><U116/><E116/><V128/><F48/><W17/><G17/><T57/><D45/><U42/><E42/><V70/><F70/><W115/><G2/><T121/><D121/><U104/><E104/><V131/><F114/><AGARI ba="0,0" hai="4,9,13,38,41,47,108,109,111,114,115" m="39327" machi="114" ten="30,5800,0" yaku="14,1,10,1,52,1" doraHai="11" who="3" fromWho="2" sc="204,0,280,0,289,-58,227,58" />
</Scene>
<Scene>
<INIT seed="3,1,0,2,2,78" ten="204,280,231,285" oya="3" hai0="115,84,22,25,1,73,34,62,6,110,43,126,53" hai1="10,5,106,112,9,80,17,76,102,91,44,57,3" hai2="128,13,0,51,95,40,90,66,38,70,108,69,60" hai3="125,63,56,65,27,82,86,47,101,36,19,28,111"/><W31/><G125/><T55/><D73/><U116/><E112/><V16/><F0/><W131/><G131/><T15/><D43/><U39/><E116/><V14/><F128/><W123/><G123/><T58/><D126/><U59/><E91/><V107/><F107/><W105/><G111/><T135/><D115/><U100/><E10/><V49/><F108/><W109/><G109/><T18/><D110/><U33/><E33/><V52/><F14/><W30/><G105/><T11/><D135/><U71/><E17/><V64/><F38/><W118/><G118/><T85/><REACH who="0" step="1"/><D55/><REACH who="0" ten="194,280,231,285" step="2"/><U117/><E117/><V83/><F40/><W120/><G120/><T46/><D46/><U129/><E44/><V130/><F69/><W99/><G47/><T54/><D54/><U32/><E71/><V20/><F70/><W88/><G36/><T77/><D77/><U29/><E76/><V96/><F130/><W61/><G56/><T8/><D8/><U127/><E59/><N who="2" m="34919" /><F64/><W23/><REACH who="3" step="1"/><G65/><REACH who="3" ten="194,280,231,275" step="2"/><T87/><D87/><U81/><E39/><V2/><F66/><W114/><G114/><T92/><D92/><U26/><E57/><V113/><F113/><W37/><G37/><T121/><D121/><U79/><E127/><V133/><F133/><W122/><G122/><T68/><D68/><U103/><E129/><V4/><F2/><W67/><G67/><T7/><D7/><U132/><E132/><V24/><F4/><W12/><G12/><T97/><D97/><U35/><E5/><V124/><F13/><W50/><G50/><N who="2" m="18953" /><F124/><W104/><AGARI ba="1,2" hai="19,23,27,28,30,31,61,63,82,86,88,99,101,104" machi="104" ten="30,12000,1" yaku="1,1,0,1,52,1,54,1,53,1" doraHai="78" doraHaiUra="98" who="3" fromWho="3" sc="194,-41,280,-41,231,-41,275,143" />
</Scene>
<Scene>
<INIT seed="3,2,0,4,5,40" ten="153,239,190,418" oya="3" hai0="15,88,76,33,114,35,108,3,49,2,135,62,133" hai1="112,124,39,48,125,5,32,17,6,97,129,119,34" hai2="38,61,72,122,120,106,91,82,43,53,105,126,11" hai3="14,123,107,22,131,130,19,127,81,98,30,86,20"/><W113/><G123/><N who="2" m="47145" /><F11/><W8/><G113/><T102/><D76/><U94/><E39/><V128/><F128/><N who="3" m="49195" /><G127/><N who="1" m="48714" /><E119/><V10/><F10/><W73/><G73/><T116/><D116/><U67/><E112/><V78/><F126/><W103/><G30/><T47/><D114/><U50/><E129/><V9/><F106/><W96/><G96/><T13/><D102/><N who="1" m="60727" /><E67/><V4/><F105/><W37/><G37/><T117/><D117/><U69/><E69/><V16/><F91/><AGARI ba="2,0" hai="8,14,19,20,22,81,86,91,98,103,107" m="49195" machi="91" ten="30,1500,0" yaku="19,1" doraHai="40" who="3" fromWho="2" sc="153,0,239,0,190,-21,418,21" />
</Scene>
<Scene>
<INIT seed="3,3,0,3,4,76" ten="153,239,169,439" oya="3" hai0="6,65,51,120,80,94,95,47,119,81,82,91,11" hai1="123,9,116,112,110,97,133,87,83,5,77,122,0" hai2="35,98,41,53,28,54,56,131,7,86,73,22,104" hai3="1,111,106,52,19,71,33,109,16,15,102,66,46"/><W18/><G1/><T115/><D119/><U96/><E112/><V62/><F73/><W20/><G33/><T79/><D120/><U55/><E116/><V85/><F35/><W29/><G66/><T127/><D115/><U30/><E110/><N who="3" m="41994" /><G71/><T23/><D127/><U128/><E133/><V121/><F121/><W74/><G74/><T134/><D134/><U105/><E128/><V12/><F131/><W72/><G72/><T34/><D34/><U93/><E30/><V60/><F41/><W129/><G129/><T58/><D79/><U24/><E24/><N who="2" m="16407" /><F104/><W125/><G125/><T126/><D126/><U67/><E67/><V21/><F98/><N who="3" m="61783" /><G29/><T68/><D68/><U13/><E105/><V124/><F124/><W107/><G107/><T37/><D37/><U32/><E32/><V25/><F7/><W38/><G38/><T101/><D101/><U88/><E97/><V130/><F12/><W31/><G31/><T92/><D65/><U117/><E117/><V3/><F3/><W43/><G43/><N who="0" m="25087" /><D6/><U70/><E70/><V8/><F8/><W90/><G90/><T99/><D11/><U44/><REACH who="1" step="1"/><E0/><REACH who="1" ten="153,229,169,439" step="2"/><V108/><F130/><W17/><G17/><T36/><D36/><U84/><E84/><V113/><F108/><W61/><G19/><T135/><D135/><U10/><E10/><V45/><F113/><W63/><G18/><T100/><D23/><U75/><E75/><V27/><F21/><W40/><G20/><T14/><D14/><U103/><E103/><V39/><F85/><W64/><G15/><T57/><D100/><U59/><E59/><AGARI ba="3,1" hai="57,58,59,80,81,82,91,92,94,95,99" m="25087" machi="59" ten="30,8000,1" yaku="6,1,8,1,52,3" doraHai="76" who="0" fromWho="1" sc="153,99,229,-89,169,0,439,0" />
</Scene>
<Scene>
<INIT seed="4,0,0,3,5,75" ten="252,140,169,439" oya="0" hai0="53,19,9,118,30,13,93,126,113,90,21,121,22" hai1="83,2,58,27,125,64,54,122,24,73,5,39,123" hai2="28,50,134,111,116,77,85,81,104,97,95,72,62" hai3="103,7,17,124,69,49,115,1,43,86,32,3,55"/><T80/><D118/><U25/><E125/><V59/><F111/><W117/><G117/><T128/><D121/><U131/><E131/><V0/><F0/><W88/><G32/><T127/><D128/><U110/><E110/><V52/><F116/><W37/><G69/><T12/><D113/><U108/><E108/><V47/><F28/><W38/><G103/><T60/><D80/><U4/><E64/><V119/><F119/><W26/><G43/><T135/><D135/><U82/><E39/><V101/><F134/><W34/><G7/><T120/><D120/><U107/><E107/><V70/><F70/><W42/><G42/><T67/><D53/><U129/><E129/><V61/><REACH who="2" step="1"/><F47/><REACH who="2" ten="252,140,159,439" step="2"/><N who="3" m="28095" /><G3/><T36/><D127/><U87/><E2/><V100/><F100/><W29/><G1/><T65/><D126/><U14/><E123/><V105/><F105/><W132/><G124/><T98/><D36/><U8/><E122/><V35/><F35/><W41/><G34/><T11/><D30/><U6/><E73/><V74/><F74/><W31/><G132/><T45/><D45/><U20/><E20/><V66/><F66/><W68/><G37/><T96/><D67/><U91/><REACH who="1" step="1"/><E82/><REACH who="1" ten="252,130,159,439" step="2"/><V78/><F78/><W133/><G133/><T112/><D65/><U63/><AGARI ba="0,2" hai="4,5,6,8,14,24,25,27,54,58,63,83,87,91" machi="63" ten="30,7900,0" yaku="1,1,2,1,0,1,8,1,53,0" doraHai="75" doraHaiUra="16" who="1" fromWho="1" sc="252,-39,130,99,159,-20,439,-20" />
</Scene>
<Scene>
<INIT seed="5,0,0,4,0,43" ten="213,229,139,419" oya="1" hai0="64,40,4,99,16,118,108,87,124,120,89,100,31" hai1="58,92,69,46,20,98,90,79,133,57,61,29,47" hai2="50,123,22,53,42,81,39,95,122,72,83,84,82" hai3="78,25,24,128,66,121,23,12,94,74,54,28,103"/><U15/><E133/><V115/><F72/><W113/><G121/><T71/><D118/><U17/><E69/><V7/><F7/><W2/><G2/><T76/><D4/><U73/><E29/><V48/><F115/><W63/><G113/><T0/><D0/><U36/><E36/><V85/><F22/><W3/><G3/><T114/><D31/><U37/><E37/><V134/><F134/><W10/><G128/><T107/><D114/><U34/><E34/><V41/><F95/><W129/><G129/><T132/><D132/><U18/><E58/><V96/><F96/><N who="3" m="59799" /><G74/><T9/><D108/><U135/><E135/><V30/><F30/><W97/><G78/><T109/><D109/><U21/><E79/><V49/><F53/><W104/><G104/><T111/><D76/><U116/><E73/><V5/><F5/><N who="3" m="3151" /><G97/><T68/><D111/><U130/><E116/><V27/><F27/><N who="3" m="16511" /><G66/><T35/><D64/><N who="1" m="38959" /><E130/><V6/><F6/><W59/><AGARI ba="0,0" hai="24,25,54,59,63" m="16511,3151,59799" machi="59" ten="30,1100,0" yaku="8,1" doraHai="43" who="3" fromWho="3" sc="213,-3,229,-5,139,-3,419,11" />
</Scene>
<Scene>
<INIT seed="6,0,0,2,1,128" ten="210,224,136,430" oya="2" hai0="14,135,77,76,26,40,50,39,8,61,31,23,16" hai1="131,54,3,19,12,64,18,30,65,71,29,121,48" hai2="120,117,28,34,38,106,51,87,74,11,62,75,10" hai3="115,7,111,49,27,80,73,78,116,60,9,114,123"/><V101/><F120/><W56/><G123/><T0/><D39/><U95/><E3/><V58/><F117/><W15/><G116/><T129/><D129/><U126/><E126/><V83/><F38/><W88/><G111/><T45/><D135/><U2/><E2/><V47/><F34/><W41/><G27/><T42/><D42/><U59/><E131/><V92/><F28/><N who="1" m="10857" /><E71/><V127/><F106/><W79/><G79/><T17/><D0/><U68/><E68/><V6/><F6/><W91/><G49/><T33/><REACH who="0" step="1"/><D61/><REACH who="0" ten="200,224,136,430" step="2"/><U134/><E134/><V124/><F127/><W52/><G41/><T66/><D66/><U46/><E65/><N who="2" m="39127" /><F124/><W35/><G35/><T69/><D69/><U1/><E1/><V55/><F75/><W67/><G67/><T109/><D109/><U118/><E64/><V90/><F74/><W105/><G105/><T108/><D108/><U130/><E130/><V25/><F25/><AGARI ba="0,1" hai="8,14,16,17,23,25,26,31,33,40,45,50,76,77" machi="25" ten="30,8000,1" yaku="1,1,7,1,54,1,53,2" doraHai="128" doraHaiUra="72" who="0" fromWho="2" sc="200,90,224,0,136,-80,430,0" />
</Scene>
<Scene>
<INIT seed="7,0,0,2,0,131" ten="290,224,56,430" oya="3" hai0="15,47,104,30,0,52,58,126,112,121,33,1,109" hai1="129,50,19,36,110,8,20,57,98,84,118,40,14" hai2="97,119,59,42,18,53,107,79,32,92,28,81,108" hai3="22,73,27,46,64,134,16,91,63,123,3,45,90"/><W61/><G134/><T17/><D104/><U76/><E110/><V74/><F107/><W80/><G3/><T34/><D109/><U9/><E129/><V100/><F42/><W38/><G123/><T82/><D121/><U10/><E36/><V85/><F108/><W2/><G2/><T133/><D34/><U39/><E39/><V120/><F119/><W70/><G61/><T93/><D126/><U31/><E118/><V77/><F120/><W72/><G38/><T35/><D35/><U51/><E31/><V83/><F32/><W21/><G46/><T102/><D47/><U49/><E40/><V127/><F127/><W130/><G130/><T111/><D111/><U96/><E57/><V54/><F28/><W44/><G44/><T12/><D12/><U117/><E117/><V29/><F29/><W25/><G45/><T4/><D82/><AGARI ba="0,0" hai="8,9,10,14,19,20,49,50,51,76,82,84,96,98" machi="82" ten="40,1300,0" yaku="8,1" doraHai="131" who="1" fromWho="0" sc="290,-13,224,13,56,0,430,0" owari="277,8.0,237,-16.0,56,-44.0,430,52.0" />
</Scene>
</mjloggm>