<mjloggm ver="2.3"><GO type="41" lobby="0"/><UN n0="%E5%A4%AA%E3%81%8F%E3%81%AA%E3%81%84%E3%81%8A" n1="%4D%31%32%2B%31%33" n2="%57%49%4E%44%2E" n3="%E2%98%85%E8%AB%8F%E8%A8%AA%E5%A4%A7%E6%88%A6%E2%98%85" dan="17,14,15,15" rate="2141.70,1917.11,1947.42,2023.91" sx="M,F,M,M"/><TAIKYOKU oya="0"/>

<Scene>
<INIT seed="0,0,0,3,5,24" ten="250,250,250,250" oya="0" hai0="120,83,59,112,9,75,28,22,70,104,29,116,7" hai1="38,14,77,122,64,21,26,10,42,115,102,89,72" hai2="67,114,76,47,94,52,63,78,51,111,68,17,16" hai3="6,103,81,50,108,135,30,91,27,126,39,127,46"/><T134/><D70/><U0/><E122/><V71/><F114/><W85/><G108/><T93/><D104/><U1/><E102/><V61/><F111/><W48/><G135/><T56/><D112/><U62/><E115/><V95/><F68/><W100/><G6/><T36/><D120/><U133/><E133/><V97/><F63/><W99/><G39/><T105/><D105/><U53/><E72/><V60/><F60/><W35/><G99/><T55/><D134/><U65/><E77/><V90/><F94/><W58/><G58/><T2/><D116/><U18/><E38/><V110/><F110/><W4/><G4/><T33/><D33/><U74/><E74/><V44/><F44/><W113/><G48/><T54/><D36/><U80/><E42/><V57/><F71/><W123/><G113/><T37/><D37/><U132/><E132/><V23/><F17/><W66/><G66/><T128/><D128/><U43/><E43/><V87/><F87/><W131/><G131/><T69/><D69/><U49/><E64/><V117/><F117/><W13/><G123/><T109/><D109/><U101/><E65/><V15/><AGARI ba="0,0" hai="15,16,23,47,51,52,57,61,67,76,78,90,95,97" machi="15" ten="20,8000,1" yaku="0,1,7,1,8,1,54,2" doraHai="24" who="2" fromWho="2" sc="250,-40,250,-20,250,80,250,-20" />
</Scene>
<Scene>
<INIT seed="1,0,0,0,5,40" ten="210,230,330,230" oya="1" hai0="96,20,69,56,12,54,98,46,23,108,127,11,8" hai1="87,50,58,43,79,128,83,94,55,18,27,7,42" hai2="112,13,62,65,122,80,106,105,88,131,16,75,89" hai3="52,78,41,68,66,124,100,74,36,22,111,120,45"/><U2/><E128/><V73/><F122/><W4/><G120/><T119/><D69/><U130/><E130/><V97/><F112/><W10/><G111/><T76/><D119/><U25/><E2/><V104/><F131/><W125/><G100/><T17/><D108/><U9/><E7/><V93/><F89/><W35/><G35/><T3/><D127/><U102/><E9/><N who="0" m="3657" /><D3/><U32/><E25/><V60/><F80/><N who="3" m="45143" /><G22/><N who="0" m="11559" /><D76/><U118/><E118/><V91/><F91/><W39/><G39/><T82/><D82/><U19/><E32/><V28/><F28/><W57/><G66/><T6/><D6/><U115/><E115/><V51/><F51/><W92/><G68/><T107/><D107/><U34/><E34/><V77/><F77/><W70/><G70/><T21/><D46/><N who="1" m="28119" /><E27/><V30/><F30/><W14/><G92/><T134/><D134/><U114/><E114/><V67/><F67/><W31/><G31/><T81/><D81/><U90/><E102/><V48/><F73/><W64/><G64/><T117/><D117/><U116/><E116/><V101/><F75/><W37/><G37/><T85/><D85/><N who="1" m="52559" /><E58/><V135/><F135/><W63/><G4/><T84/><D84/><U71/><E71/><V132/><F132/><W5/><G57/><T0/><D0/><U24/><E24/><V113/><F113/><W95/><G95/><T15/><D15/><U38/><E38/><V110/><F13/><W61/><G61/><AGARI ba="0,0" hai="20,21,23,54,56,61,96,98" m="11559,3657" machi="61" ten="30,1000,0" yaku="8,1" doraHai="40" who="0" fromWho="3" sc="210,10,230,0,330,0,230,-10" />
</Scene>
<Scene>
<INIT seed="2,0,0,3,2,55" ten="220,230,330,220" oya="2" hai0="30,48,85,111,65,104,88,128,76,126,124,79,96" hai1="46,54,8,16,39,101,130,87,114,9,29,105,62" hai2="122,34,27,28,20,81,64,74,60,116,78,49,40" hai3="75,61,82,98,12,23,4,66,58,41,43,69,15"/><V31/><F122/><W11/><G69/><T32/><D65/><U77/><E114/><V132/><F116/><W94/><G75/><T84/><D48/><U2/><E29/><V19/><F132/><W73/><G73/><T120/><D30/><U127/><E127/><N who="0" m="48681" /><D32/><U109/><E109/><V37/><F37/><W1/><G82/><N who="0" m="49175" /><D111/><U133/><E133/><V83/><F34/><W5/><G1/><T80/><D120/><U108/><E108/><V110/><F110/><W100/><REACH who="3" step="1"/><G23/><REACH who="3" ten="220,230,330,210" step="2"/><T42/><D128/><U135/><E130/><V95/><F74/><W72/><G72/><T91/><D42/><U131/><E131/><V3/><F20/><W35/><G35/><T51/><D51/><U112/><E135/><V10/><F49/><W89/><G89/><T0/><D0/><U118/><E2/><V93/><F40/><W97/><G97/><T14/><D14/><U71/><E71/><V68/><F3/><W56/><G56/><T123/><D123/><U107/><E39/><V63/><F68/><W13/><G13/><T119/><D119/><U102/><E118/><V125/><F125/><W47/><G47/><T115/><D115/><U99/><E112/><V86/><F81/><W53/><G53/><T106/><D96/><U33/><E46/><V90/><F83/><W7/><G7/><T134/><D134/><U44/><E99/><V129/><F129/><W113/><G113/><T22/><D22/><U38/><E38/><V121/><F121/><W36/><G36/><T26/><D26/><U67/><E44/><V92/><F90/><W45/><G45/><RYUUKYOKU ba="0,1" sc="220,15,230,-15,330,-15,210,15" hai0="76,79,80,85,91,104,106" hai3="4,5,11,12,15,41,43,58,61,66,94,98,100" />
</Scene>
<Scene>
<INIT seed="3,1,1,4,4,77" ten="235,215,315,225" oya="3" hai0="67,109,74,54,87,18,56,106,135,111,72,123,0" hai1="85,24,37,19,116,22,90,107,68,94,95,75,45" hai2="120,114,41,100,113,58,59,31,4,17,46,64,53" hai3="132,62,23,48,124,20,102,52,103,130,78,108,117"/><W11/><G117/><T33/><D123/><U44/><E68/><V16/><F100/><W96/><G132/><T39/><D0/><U80/><E107/><V110/><F120/><W34/><G34/><T91/><D106/><U79/><E116/><V73/><F73/><W15/><G124/><T9/><D39/><U101/><E37/><V126/><F126/><W12/><G130/><T88/><D33/><U97/><AGARI ba="1,1" hai="19,22,24,44,45,75,79,80,85,90,94,95,97,101" machi="97" ten="30,2000,0" yaku="0,1,52,1" doraHai="77" who="1" fromWho="1" sc="235,-6,215,33,315,-6,225,-11" />
</Scene>
<Scene>
<INIT seed="4,0,0,3,4,7" ten="229,248,309,214" oya="0" hai0="131,12,106,36,76,5,64,40,107,109,32,37,98" hai1="121,127,23,79,100,80,120,118,128,89,129,123,116" hai2="71,63,20,104,94,125,51,81,24,39,45,21,31" hai3="35,69,78,111,72,60,91,14,103,132,8,62,11"/><T133/><D32/><U112/><E23/><V15/><F104/><W85/><G111/><T126/><D64/><U41/><E100/><V70/><F39/><W124/><G124/><T6/><D76/><U105/><E105/><N who="0" m="39945" /><D98/><U53/><E41/><V130/><F125/><W46/><G35/><T55/><D126/><U110/><E53/><V86/><F130/><N who="1" m="50281" /><E127/><V68/><F94/><W122/><G103/><T29/><D29/><U28/><E28/><V117/><F117/><N who="1" m="45161" /><E89/><V13/><F63/><W84/><G91/><T27/><D27/><U57/><E57/><V42/><F21/><W134/><G46/><T38/><D131/><U65/><E65/><V52/><REACH who="2" step="1"/><F42/><REACH who="2" ten="229,248,299,214" step="2"/><W66/><G62/><T73/><D40/><U43/><E43/><V4/><F4/><W59/><G60/><T67/><D5/><U97/><E97/><V90/><AGARI ba="0,1" hai="13,15,20,24,31,45,51,52,68,70,71,81,86,90" machi="90" ten="30,7900,0" yaku="1,1,0,1,54,1,53,1" doraHai="7" doraHaiUra="44" who="2" fromWho="2" sc="229,-39,248,-20,299,89,214,-20" />
</Scene>
<Scene>
<INIT seed="5,0,0,0,4,115" ten="190,228,388,194" oya="1" hai0="56,101,44,121,16,52,30,127,89,45,25,9,103" hai1="91,94,49,12,114,87,15,33,84,117,132,88,61" hai2="20,28,105,113,42,134,38,69,62,23,0,37,65" hai3="85,116,36,72,50,75,31,95,78,98,29,2,58"/><U120/><E120/><V59/><F105/><W93/><G36/><T79/><D79/><U40/><E33/><V73/><F113/><W8/><G72/><T135/><D121/><U64/><E114/><V34/><F73/><W68/><G68/><T26/><D127/><U76/><E76/><V17/><F0/><W102/><G75/><T119/><D119/><U106/><E106/><V22/><F134/><W74/><G74/><T51/><D135/><U48/><E132/><V46/><F38/><W77/><G116/><T13/><D89/><U90/><E117/><V128/><F128/><W55/><G2/><T27/><D30/><N who="3" m="11273" /><G8/><T71/><D71/><U99/><E90/><AGARI ba="0,0" hai="50,55,58,77,78,85,90,93,95,98,102" m="11273" machi="90" ten="30,1000,0" yaku="8,1" doraHai="115" who="3" fromWho="1" sc="190,0,228,-10,388,0,194,10" />
</Scene>
<Scene>
<INIT seed="6,0,0,1,4,22" ten="190,218,388,204" oya="2" hai0="11,96,47,27,48,31,82,39,29,80,2,21,99" hai1="57,114,117,89,116,91,6,59,34,110,76,104,13" hai2="16,119,49,97,94,65,17,130,107,98,118,56,61" hai3="122,105,50,43,45,64,71,18,112,133,86,109,135"/><V131/><F107/><W0/><G105/><T100/><D39/><U19/><E104/><V40/><F118/><W24/><G109/><T77/><D31/><U70/><E70/><V46/><F119/><W83/><G0/><T134/><D134/><N who="3" m="51209" /><G122/><T25/><D25/><U113/><E34/><V108/><F108/><W74/><G74/><T67/><D67/><U23/><E110/><V72/><F72/><W38/><G38/><T90/><D90/><N who="1" m="34315" /><E76/><V87/><F87/><W3/><G3/><T85/><D82/><U84/><E84/><V36/><F36/><W69/><G64/><T1/><D11/><N who="1" m="4343" /><E117/><V103/><REACH who="2" step="1"/><F98/><REACH who="2" ten="190,218,378,204" step="2"/><W42/><G86/><T30/><D96/><U55/><E116/><V81/><F81/><W95/><G83/><T60/><D99/><U62/><E114/><V128/><AGARI ba="0,1" hai="16,17,40,46,49,56,61,65,94,97,103,128,130,131" machi="128" ten="30,11700,0" yaku="1,1,0,1,19,1,54,1,53,0" doraHai="22" doraHaiUra="129" who="2" fromWho="2" sc="190,-39,218,-39,378,127,204,-39" />
</Scene>
<Scene>
<INIT seed="6,1,0,2,1,68" ten="151,179,505,165" oya="2" hai0="29,8,85,3,1,88,17,123,114,36,76,64,51" hai1="111,15,50,60,126,12,103,100,77,109,59,124,61" hai2="79,117,11,69,95,119,78,74,22,97,9,130,21" hai3="45,62,105,87,19,107,42,43,38,82,47,106,46"/><V65/><F130/><W18/><G62/><T131/><D123/><U94/><E77/><V132/><F132/><W0/><G0/><T24/><D76/><U80/><E80/><V84/><F74/><W53/><G53/><T7/><D131/><U115/><E115/><V81/><F78/><W30/><G30/><T34/><D114/><U120/><E94/><V2/><F117/><W23/><G23/><T102/><D102/><N who="1" m="38955" /><E50/><V122/><F122/><W67/><G67/><T86/><D36/><U127/><E120/><V98/><F119/><W66/><G66/><T72/><D72/><U71/><E71/><V125/><F125/><W54/><G54/><T10/><D64/><N who="1" m="38943" /><E61/><V93/><F69/><W32/><G32/><T112/><D112/><U31/><E31/><V26/><F65/><W4/><G4/><T118/><D118/><U70/><E70/><V104/><F104/><W134/><G134/><T27/><D51/><U75/><E75/><V133/><F133/><W99/><G99/><N who="2" m="37897" /><F2/><W37/><G45/><T25/><D85/><U96/><E96/><V49/><F49/><W83/><G83/><T48/><D48/><U5/><E5/><V57/><F57/><W20/><G20/><N who="2" m="7785" /><F26/><W41/><G41/><T6/><D17/><U135/><E135/><V121/><F121/><W92/><G92/><AGARI ba="1,0" hai="1,3,6,7,8,10,24,25,27,29,34,86,88,92" machi="92" ten="30,3900,0" yaku="7,1,9,1,54,1" doraHai="68" who="0" fromWho="3" sc="151,42,179,0,505,0,165,-42" /><AGARI ba="1,0" hai="9,11,79,81,84,92,93,95" m="7785,37897" machi="92" ten="30,1500,0" yaku="8,1" doraHai="68" who="2" fromWho="3" sc="193,0,179,0,505,15,123,-15" />
</Scene>
<Scene>
<INIT seed="6,2,0,1,1,135" ten="193,179,520,108" oya="2" hai0="88,46,75,116,39,1,122,110,58,129,107,115,33" hai1="69,104,44,16,64,84,91,118,9,41,133,111,49" hai2="23,86,45,134,24,98,28,101,18,68,35,15,113" hai3="77,79,71,21,10,57,5,36,26,89,32,100,30"/><V59/><F68/><W70/><G36/><T97/><RYUUKYOKU type="yao9" ba="2,0" sc="193,0,179,0,520,0,108,0" hai0="1,33,39,46,58,75,88,97,107,110,115,116,122,129" />
</Scene>
<Scene>
<INIT seed="6,3,0,5,1,91" ten="193,179,520,108" oya="2" hai0="74,62,77,0,15,129,43,120,44,118,81,93,80" hai1="73,97,135,29,119,72,106,79,42,5,90,116,18" hai2="63,58,33,14,94,98,4,131,103,22,20,122,96" hai3="11,35,75,130,87,48,65,2,16,34,133,125,102"/><V113/><F122/><W69/><G75/><T100/><D120/><U25/><E5/><V7/><F33/><W132/><G102/><T10/><D129/><U124/><E42/><V24/><F131/><W49/><G130/><T84/><D118/><U36/><E36/><V110/><F110/><W123/><G123/><T19/><D0/><U134/><E18/><N who="2" m="10327" /><F113/><W41/><G125/><T55/><D62/><U59/><E59/><V117/><F96/><W51/><G41/><T13/><D55/><U6/><E6/><V128/><F128/><W3/><G87/><T82/><D15/><U40/><E40/><V83/><F83/><W45/><G45/><T88/><D100/><N who="1" m="62735" /><E124/><V78/><F78/><W64/><G69/><T101/><D101/><U112/><E112/><V66/><F117/><N who="1" m="45129" /><E79/><V8/><F8/><W115/><G115/><T127/><D127/><U114/><E114/><V85/><F85/><W111/><G111/><T99/><D74/><N who="1" m="28779" /><E90/><V37/><F37/><AGARI ba="3,0" hai="10,13,19,37,43,44,77,80,81,82,84,88,93,99" machi="37" ten="30,3900,0" yaku="7,1,52,1,54,1" doraHai="91" who="0" fromWho="2" sc="193,48,179,0,520,-48,108,0" />
</Scene>
<Scene>
<INIT seed="7,0,0,4,5,82" ten="241,179,472,108" oya="3" hai0="11,53,84,17,87,129,100,90,70,77,78,71,112" hai1="57,12,4,81,102,113,26,69,104,22,134,131,3" hai2="51,39,47,73,36,115,6,54,66,116,108,93,33" hai3="120,91,10,37,133,80,43,103,40,72,74,89,127"/><W75/><G120/><T106/><D106/><U34/><E69/><V55/><F116/><W58/><G103/><T9/><D100/><U14/><E34/><V41/><F108/><W50/><G37/><T48/><D129/><U99/><E131/><V107/><F107/><W20/><G133/><T88/><D17/><U76/><E134/><V21/><F33/><W118/><G118/><T25/><D25/><U38/><E38/><V42/><F73/><W97/><G127/><T0/><D0/><U86/><E113/><V124/><F124/><W96/><G10/><N who="0" m="3595" /><D71/><U85/><E3/><V92/><F115/><W15/><G58/><N who="0" m="33063" /><D70/><U121/><E121/><V65/><F6/><W135/><G135/><T94/><D112/><U126/><E126/><V63/><F21/><W111/><G111/><T117/><D117/><U19/><E4/><V67/><F92/><AGARI ba="0,0" hai="77,78,84,87,88,90,92,94" m="33063,3595" machi="92" ten="30,7700,0" yaku="8,1,52,2,54,1" doraHai="82" who="0" fromWho="2" sc="241,77,179,0,472,-77,108,0" owari="318,12.0,179,-22.0,395,49.0,108,-39.0" />
</Scene>
</mjloggm>