<mjloggm ver="2.3"><GO type="169" lobby="0"/><UN n0="%5A%5A%5A%5A%5A" n1="%65%72%61%6E%76%69%74%61" n2="%E5%A4%AA%E3%81%8F%E3%81%AA%E3%81%84%E3%81%8A" n3="%7A%65%6C%64%69%6E%61" dan="16,16,17,16" rate="2032.64,2088.59,2189.47,2119.45" sx="M,M,M,M"/><TAIKYOKU oya="0"/>

<Scene>
<INIT seed="0,0,0,3,0,91" ten="250,250,250,250" oya="0" hai0="39,54,15,49,17,43,134,23,113,107,33,132,16" hai1="76,68,7,18,116,55,24,104,135,125,25,117,89" hai2="3,112,11,47,127,72,124,14,6,12,66,93,73" hai3="108,35,100,109,131,45,129,74,62,102,122,118,94"/><T2/><D107/><U101/><E68/><V106/><F106/><W56/><G35/><T9/><D33/><U61/><E7/><V53/><F112/><W13/><G118/><T95/><D113/><U22/><E76/><V26/><F66/><W126/><G74/><N who="2" m="28777" /><F26/><W71/><G71/><T77/><D77/><U69/><E25/><V59/><F47/><W103/><G45/><T50/><D2/><U82/><E69/><V34/><F93/><W92/><G13/><T37/><D95/><N who="3" m="36393" /><G126/><N who="2" m="48169" /><F34/><W65/><G122/><T105/><D105/><U57/><E125/><V29/><F29/><W84/><G84/><T36/><D43/><U63/><E104/><V87/><F87/><W133/><G133/><N who="0" m="51307" /><D54/><U111/><E55/><V98/><F98/><W90/><G90/><T28/><D28/><U64/><E89/><V88/><F88/><W27/><G27/><AGARI ba="0,0" hai="9,15,16,17,23,27,36,37,39,49,50" m="51307" machi="27" ten="40,3900,0" yaku="20,1,54,1" doraHai="91" who="0" fromWho="3" sc="250,39,250,0,250,0,250,-39" />
</Scene>
<Scene>
<INIT seed="0,1,0,1,4,43" ten="289,250,250,211" oya="0" hai0="26,52,38,84,24,122,10,110,103,56,17,20,133" hai1="78,100,108,39,86,121,97,109,14,36,0,7,80" hai2="118,92,79,12,59,37,83,71,128,22,9,66,42" hai3="81,40,107,31,51,64,98,25,74,85,135,2,69"/><T106/><D122/><U88/><E121/><V8/><F71/><W27/><G2/><T132/><D38/><U125/><E0/><V28/><F128/><W101/><G74/><T123/><D123/><U47/><E125/><V21/><F118/><W111/><G111/><N who="1" m="42570" /><E7/><V96/><F42/><W54/><G40/><T131/><D110/><U93/><E14/><V13/><F37/><N who="1" m="14409" /><E47/><V82/><F66/><W55/><G135/><N who="0" m="51787" /><D131/><U11/><E11/><V15/><F59/><W99/><G99/><N who="0" m="61823" /><D84/><U124/><E124/><V3/><F3/><W94/><G94/><T75/><D75/><U134/><E134/><V130/><F130/><W23/><G27/><N who="0" m="14735" /><D10/><U57/><E57/><V45/><F9/><W114/><G114/><T89/><D89/><AGARI ba="1,0" hai="78,80,86,88,89,93,97,100" m="14409,42570" machi="89" ten="30,2000,0" yaku="14,1,54,1" doraHai="43" who="1" fromWho="0" sc="289,-23,250,23,250,0,211,0" />
</Scene>
<Scene>
<INIT seed="1,0,0,0,0,60" ten="266,273,250,211" oya="1" hai0="43,135,79,103,123,132,40,127,63,95,90,86,74" hai1="110,77,10,17,44,112,107,61,68,27,8,124,28" hai2="46,47,134,73,105,4,125,31,30,45,34,23,88" hai3="16,7,37,85,22,49,71,56,101,48,84,72,51"/><U120/><E120/><V1/><F105/><W82/><G72/><T115/><D123/><U102/><E112/><V67/><F73/><W25/><G71/><T83/><D115/><U21/><E124/><V98/><F34/><W117/><G37/><T116/><D116/><U54/><E77/><V58/><F125/><W3/><G117/><T80/><D127/><U14/><E110/><V122/><F122/><W2/><G101/><T66/><D103/><U38/><E38/><V93/><F134/><N who="0" m="51242" /><D83/><U52/><E44/><V106/><F106/><W41/><G41/><T53/><D53/><U0/><E0/><V75/><F75/><W87/><G82/><T104/><D104/><U39/><E39/><V59/><F1/><W11/><REACH who="3" step="1"/><G2/><REACH who="3" ten="266,273,250,201" step="2"/><T119/><D119/><U78/><E102/><V19/><F4/><W131/><G131/><T128/><D128/><U97/><E68/><AGARI ba="0,1" hai="40,43,63,66,68,74,79,80,86,90,95" m="51242" machi="68" ten="30,2000,0" yaku="20,1,52,1" doraHai="60" who="0" fromWho="1" sc="266,30,273,-20,250,0,201,0" />
</Scene>
<Scene>
<INIT seed="2,0,0,5,4,102" ten="296,253,250,201" oya="2" hai0="128,129,117,0,26,55,10,54,120,74,47,116,119" hai1="33,135,19,35,39,59,94,46,97,37,123,96,36" hai2="20,79,67,27,89,80,49,131,42,76,66,7,18" hai3="78,86,3,114,81,127,29,9,48,8,21,107,134"/><V60/><F131/><N who="0" m="50250" /><D74/><U112/><E123/><V70/><F7/><W2/><G134/><T13/><D120/><U83/><E112/><V99/><F67/><W15/><G114/><T12/><D26/><U72/><E135/><V111/><F111/><W130/><G130/><T28/><D28/><U34/><E19/><V1/><F1/><W61/><G127/><T106/><D47/><U5/><E59/><V84/><REACH who="2" step="1"/><F99/><REACH who="2" ten="296,253,240,201" step="2"/><W69/><G2/><T56/><D0/><U16/><E5/><V77/><F77/><W50/><G78/><T40/><D119/><U4/><E4/><V32/><F32/><W113/><G3/><T85/><D117/><U52/><E97/><V31/><F31/><W100/><G29/><T6/><D6/><U104/><E35/><V82/><F82/><W14/><G81/><T105/><D116/><U118/><E34/><V90/><F90/><W121/><G121/><T115/><D115/><U95/><E33/><V124/><F124/><W22/><G113/><T92/><D10/><U98/><E118/><V44/><AGARI ba="0,1" hai="18,20,27,42,44,49,60,66,70,76,79,80,84,89" machi="44" ten="30,3000,0" yaku="1,1,0,1,53,0" doraHai="102" doraHaiUra="122" who="2" fromWho="2" sc="296,-10,253,-10,240,40,201,-10" />
</Scene>
<Scene>
<INIT seed="2,1,0,2,2,25" ten="286,243,280,191" oya="2" hai0="10,90,132,2,109,29,102,126,77,127,107,105,116" hai1="60,112,123,4,94,87,1,21,111,52,91,82,38" hai2="97,33,86,129,131,110,19,24,7,96,104,48,32" hai3="20,114,66,68,125,99,44,62,28,45,121,120,100"/><V3/><F86/><W0/><G0/><T16/><D77/><U5/><E38/><V59/><F59/><W108/><G108/><T130/><D109/><U58/><E111/><V40/><F48/><W118/><G118/><T8/><D116/><U73/><E112/><V61/><F61/><W79/><G114/><T39/><D39/><U92/><E123/><V57/><F57/><W70/><G79/><T101/><D90/><U13/><E1/><V42/><F110/><W47/><G70/><T55/><D55/><U76/><E94/><V43/><F7/><W50/><G50/><T75/><D75/><U103/><E103/><V41/><F3/><W64/><G125/><T9/><D2/><U15/><E15/><V122/><F42/><W6/><G6/><T56/><D56/><U124/><E124/><N who="0" m="47657" /><D130/><N who="2" m="49674" /><F122/><W71/><G66/><T27/><D132/><U49/><E60/><V95/><F104/><N who="0" m="40010" /><D16/><AGARI ba="1,0" hai="4,5,13,16,21,49,52,58,73,76,82,87,91,92" machi="16" ten="40,8000,1" yaku="25,2,54,2" doraHai="25" who="1" fromWho="0" sc="286,-83,243,83,280,0,191,0" />
</Scene>
<Scene>
<INIT seed="3,0,0,0,4,114" ten="203,326,280,191" oya="3" hai0="26,108,12,37,127,70,35,128,76,48,119,102,51" hai1="32,0,7,82,118,85,9,65,16,105,99,110,130" hai2="124,41,123,131,122,121,126,28,72,89,73,87,22" hai3="69,24,45,58,113,79,27,103,98,18,36,107,64"/><W39/><G113/><T135/><D70/><U100/><E110/><V15/><F41/><W59/><G79/><T68/><D68/><U4/><E130/><V91/><F131/><W116/><G116/><T88/><D37/><U78/><E65/><V19/><F28/><W17/><G39/><T63/><D128/><U67/><E67/><V49/><F49/><W74/><G74/><N who="2" m="28777" /><F91/><W86/><G86/><T52/><D108/><U31/><E31/><V34/><F34/><W56/><G45/><T84/><D102/><U30/><E30/><V14/><F15/><W57/><N who="3" m="14336" /><DORA hai="10" /><W125/><G36/><T20/><D35/><U92/><E32/><V90/><F90/><W97/><G125/><T71/><D127/><U133/><E4/><V109/><F109/><W129/><G129/><T111/><D111/><U101/><E101/><V8/><F22/><W1/><G1/><T106/><D20/><U83/><E118/><V2/><F2/><W23/><G98/><T120/><D76/><U115/><E78/><V54/><F54/><W95/><G107/><T29/><D106/><U75/><E105/><V6/><F6/><W80/><G27/><T94/><D26/><U112/><E75/><V40/><F40/><W77/><G18/><T55/><D71/><U61/><E112/><V53/><F53/><W44/><G44/><T134/><D52/><U96/><E115/><V60/><F60/><N who="3" m="40071" /><G77/><T43/><D63/><U3/><E61/><V81/><AGARI ba="0,0" hai="8,14,19,81,87,89,121,122,123,124,126" m="28777" machi="81" ten="40,2700,0" yaku="13,1,52,1" doraHai="114,10" who="2" fromWho="2" sc="203,-7,326,-7,280,27,191,-13" />
</Scene>
<Scene>
<INIT seed="4,0,0,1,0,55" ten="196,319,307,178" oya="0" hai0="84,93,57,10,103,67,118,83,42,108,6,122,18" hai1="66,49,59,25,100,60,36,112,85,54,22,31,89" hai2="33,0,7,90,115,65,97,87,121,64,102,53,39" hai3="26,119,61,75,120,2,27,72,77,23,15,82,99"/><T134/><D122/><U107/><E112/><V46/><F33/><W30/><G2/><T117/><D108/><U133/><E133/><V28/><F28/><W56/><G120/><T76/><D42/><U68/><E36/><V63/><F121/><W13/><G75/><T24/><D134/><U94/><E100/><V37/><F115/><W81/><G81/><T4/><D118/><U38/><E38/><V101/><F0/><W50/><G50/><T106/><D106/><U34/><E107/><V12/><F7/><W29/><G99/><N who="0" m="59887" /><D117/><U79/><REACH who="1" step="1"/><E79/><REACH who="1" ten="196,309,307,178" step="2"/><V62/><F102/><W48/><G119/><T43/><D43/><U41/><E41/><V14/><F101/><W9/><G9/><T111/><D111/><U44/><E44/><V126/><F46/><W51/><G51/><T130/><D130/><U86/><E86/><V19/><F87/><W16/><G48/><T8/><D8/><U78/><E78/><V128/><F128/><W40/><G40/><T123/><D123/><U92/><E92/><V95/><F95/><W135/><G135/><T105/><D105/><U125/><E125/><V113/><F113/><W32/><REACH who="3" step="1"/><G30/><REACH who="3" ten="196,309,307,168" step="2"/><T69/><D83/><U3/><E3/><V88/><F37/><W71/><G71/><T104/><D69/><U110/><E110/><V80/><F39/><W70/><G70/><T74/><D10/><U20/><AGARI ba="0,2" hai="20,22,25,31,34,49,54,59,60,66,68,85,89,94" machi="20" ten="30,7900,0" yaku="1,1,0,1,52,1,53,1" doraHai="55" doraHaiUra="45" who="1" fromWho="1" sc="196,-39,309,99,307,-20,168,-20" />
</Scene>
<Scene>
<INIT seed="5,0,0,0,2,131" ten="157,408,287,148" oya="1" hai0="17,22,120,83,48,61,13,76,38,103,87,55,100" hai1="7,107,33,8,47,70,36,91,71,89,94,85,10" hai2="128,108,0,28,86,25,110,105,102,133,119,49,42" hai3="63,116,92,95,54,101,34,66,113,74,16,109,106"/><U118/><E33/><V69/><F86/><W45/><G74/><T122/><D38/><U53/><E107/><V40/><F49/><N who="3" m="28975" /><G34/><T84/><D61/><U117/><E8/><V130/><F119/><W14/><G106/><T129/><D129/><N who="2" m="49770" /><F69/><W64/><G109/><T93/><D122/><U57/><E47/><V125/><F0/><W18/><G113/><T44/><D120/><U97/><E36/><V31/><F31/><W41/><G116/><T35/><D35/><U2/><E118/><V19/><F19/><N who="3" m="7211" /><G41/><N who="2" m="15977" /><F125/><W21/><G63/><T112/><D112/><U78/><E117/><V73/><F73/><W46/><G46/><T79/><REACH who="0" step="1"/><D93/><REACH who="0" ten="147,408,287,148" step="2"/><N who="3" m="35913" /><G101/><T4/><D4/><U24/><E7/><V132/><F102/><W51/><G51/><T5/><D5/><U96/><E71/><V20/><F105/><W6/><G21/><T56/><D56/><U59/><E57/><V52/><F52/><W39/><G39/><T114/><D114/><U30/><E53/><V43/><F43/><W104/><G104/><T12/><D12/><U32/><E59/><V15/><F15/><W124/><G124/><T121/><D121/><U60/><E70/><V50/><F50/><W111/><G111/><AGARI ba="0,1" hai="20,25,28,108,110,111,132,133" m="15977,49770" machi="111" ten="40,5200,0" yaku="19,1,52,2" doraHai="131" who="2" fromWho="3" sc="147,0,408,0,287,62,148,-52" />
</Scene>
<Scene>
<INIT seed="6,0,0,3,5,107" ten="147,408,349,96" oya="2" hai0="92,130,123,67,72,117,33,13,22,83,45,65,32" hai1="84,38,43,99,118,104,88,62,95,131,19,113,128" hai2="73,93,71,127,110,116,100,49,14,20,115,46,27" hai3="10,108,132,0,42,122,3,96,48,79,52,7,76"/><V68/><F116/><W44/><G122/><T90/><D123/><U60/><E118/><V51/><F115/><W58/><G108/><T2/><D117/><U28/><E113/><V25/><F110/><W82/><G132/><T21/><D2/><U35/><E28/><V15/><F93/><W112/><G112/><T17/><D130/><N who="1" m="49707" /><E35/><V87/><F87/><W80/><G0/><T4/><D45/><N who="1" m="23799" /><E19/><V61/><F46/><W39/><REACH who="3" step="1"/><G96/><REACH who="3" ten="147,408,349,86" step="2"/><T114/><D114/><U81/><E104/><V97/><F97/><W37/><G37/><T64/><D4/><U105/><E105/><V91/><F127/><W121/><G121/><T74/><D22/><U135/><E135/><V133/><F133/><W109/><G109/><T34/><REACH who="0" step="1"/><D83/><AGARI ba="0,1" hai="3,7,10,39,42,44,48,52,58,76,79,80,82,83" machi="83" ten="40,2600,0" yaku="1,1,54,1,53,0" doraHai="107" doraHaiUra="94" who="3" fromWho="0" sc="147,-26,408,0,349,0,86,36" />
</Scene>
<Scene>
<INIT seed="7,0,0,2,3,23" ten="121,408,349,122" oya="3" hai0="14,93,87,97,91,77,37,49,22,51,56,53,92" hai1="0,125,50,61,118,5,38,119,16,81,134,59,127" hai2="28,112,8,64,48,57,128,36,18,65,96,12,39" hai3="17,110,115,111,124,4,47,13,6,129,82,130,106"/><W69/><G106/><T19/><D37/><U71/><E38/><V74/><F36/><W102/><G69/><T21/><D77/><U63/><E134/><V24/><F39/><W68/><G68/><T7/><D7/><N who="3" m="2601" /><G102/><N who="0" m="60711" /><D22/><U76/><E16/><V131/><F74/><W30/><G82/><T60/><AGARI ba="0,0" hai="14,19,21,49,51,53,56,60,87,91,93" m="60711" machi="60" ten="30,1100,0" yaku="8,1" doraHai="23" who="0" fromWho="0" sc="121,11,408,-3,349,-3,122,-5" owari="132,-27.0,405,50.0,346,15.0,117,-38.0" />
</Scene>
</mjloggm>