<mjloggm ver="2.3"><GO type="169" lobby="0"/><UN n0="%E3%82%AC%E3%83%9F%E3%82%B4%E3%83%B3" n1="%E5%A4%AA%E3%81%8F%E3%81%AA%E3%81%84%E3%81%8A" n2="%7A%65%6C%64%69%6E%61" n3="%E3%82%84%E3%81%BE%E3%83%BC%E3%82%93" dan="17,17,16,17" rate="2183.29,2215.45,2099.95,2191.98" sx="F,M,M,M"/><TAIKYOKU oya="0"/>

<Scene>
<INIT seed="0,0,0,5,0,40" ten="250,250,250,250" oya="0" hai0="94,55,127,41,110,12,65,101,83,96,85,26,61" hai1="119,73,54,23,50,6,76,134,44,52,30,67,74" hai2="80,53,126,132,64,32,58,42,11,104,108,25,107" hai3="124,0,78,82,113,121,103,118,84,3,70,59,45"/><T87/><D127/><U91/><E119/><V109/><F64/><W133/><G70/><T39/><D110/><N who="2" m="42602" /><F126/><W63/><G124/><T68/><D55/><U123/><E123/><V31/><F132/><W7/><G133/><T49/><D49/><U38/><E134/><V129/><F129/><W14/><G118/><T114/><D114/><U47/><E67/><V135/><F135/><W46/><G113/><T1/><D1/><U35/><E35/><V122/><F122/><W100/><G0/><T71/><D71/><U16/><E30/><V97/><F97/><W22/><G3/><T105/><D12/><U111/><E111/><V9/><F42/><W10/><G22/><T19/><D94/><U51/><E6/><V75/><F80/><W24/><G24/><T57/><D57/><U77/><E38/><V2/><F75/><W37/><G121/><T112/><D112/><U66/><E66/><V21/><F32/><W116/><G116/><T43/><D39/><U29/><E29/><V20/><F20/><W15/><G15/><T106/><D106/><N who="2" m="40490" /><F2/><W92/><G37/><T13/><D26/><N who="1" m="14695" /><E74/><V4/><F4/><W27/><G27/><T69/><D69/><U93/><E73/><V131/><F131/><W17/><G7/><T5/><D5/><U128/><E128/><V117/><F117/><W72/><G72/><T90/><REACH who="0" step="1"/><D85/><AGARI ba="0,0" hai="44,47,50,51,52,54,76,77,85,91,93" m="14695" machi="85" ten="30,8000,1" yaku="8,1,52,2,54,2" doraHai="40" who="1" fromWho="0" sc="250,-80,250,80,250,0,250,0" />
</Scene>
<Scene>
<INIT seed="1,0,0,3,4,101" ten="170,330,250,250" oya="1" hai0="97,128,73,82,22,42,81,74,26,88,72,37,8" hai1="108,59,29,96,25,110,100,6,9,92,124,33,118" hai2="27,116,45,43,121,126,84,127,35,103,129,79,135" hai3="49,117,51,38,52,63,15,123,58,23,19,98,114"/><U85/><E118/><V69/><F116/><W86/><G123/><T112/><D112/><U50/><E124/><N who="2" m="47659" /><F69/><W34/><G114/><T17/><D128/><U99/><E85/><V134/><F103/><W104/><G38/><T91/><D8/><U18/><E18/><V102/><F102/><W67/><G34/><T31/><D17/><U56/><E96/><V4/><F4/><W36/><G36/><T105/><D81/><U28/><E28/><N who="2" m="19871" /><F121/><W107/><G98/><T12/><D12/><U40/><E40/><V46/><F84/><W130/><G130/><T20/><D20/><U11/><E11/><V3/><F79/><W125/><G125/><T30/><D30/><U133/><E133/><V41/><F3/><W120/><G120/><T61/><D61/><U54/><REACH who="1" step="1"/><E56/><REACH who="1" ten="170,320,250,250" step="2"/><V48/><F129/><W111/><G117/><T53/><D97/><U60/><E60/><V75/><F75/><W106/><G111/><T68/><D74/><U14/><AGARI ba="0,1" hai="6,9,14,25,29,33,50,54,59,92,99,100,108,110" machi="14" ten="30,6000,0" yaku="1,1,0,1,53,1" doraHai="101" doraHaiUra="1" who="1" fromWho="1" sc="170,-20,320,70,250,-20,250,-20" />
</Scene>
<Scene>
<INIT seed="1,1,0,2,1,81" ten="150,390,230,230" oya="1" hai0="41,83,128,73,65,22,13,18,135,125,52,69,11" hai1="99,56,3,25,49,15,121,71,1,107,84,14,114" hai2="67,68,37,115,106,72,62,45,80,66,57,38,50" hai3="59,119,60,46,75,30,6,12,91,63,5,20,27"/><U97/><E71/><V82/><F106/><W23/><G75/><T118/><D118/><U117/><E117/><V53/><F72/><W74/><G74/><T19/><D135/><U89/><E114/><V29/><F29/><W35/><G119/><T4/><D125/><U78/><E121/><V95/><F95/><W116/><G116/><T134/><D134/><U120/><E120/><V16/><F82/><W122/><G63/><T101/><D128/><U127/><E78/><V103/><F103/><W47/><G35/><T126/><D126/><U8/><E127/><V21/><F115/><W26/><G91/><T51/><D41/><U33/><E33/><V110/><F110/><W108/><G108/><T129/><D129/><U76/><E76/><V123/><F123/><W132/><G132/><T17/><D101/><U112/><E25/><V39/><F80/><W40/><G12/><T113/><D113/><U31/><E31/><V93/><F93/><W36/><G47/><T96/><D96/><U102/><E99/><V48/><F67/><W10/><G10/><T64/><D22/><U54/><E15/><V105/><F105/><W90/><G90/><T61/><D65/><U32/><E32/><V34/><F34/><W85/><G122/><T58/><D73/><U130/><E130/><V92/><F92/><W55/><G85/><T133/><D133/><U2/><E112/><V86/><F66/><W111/><G111/><T109/><D109/><U70/><E70/><V94/><F68/><W28/><AGARI ba="1,0" hai="5,6,20,23,26,27,28,30,36,40,46,55,59,60" machi="28" ten="20,2700,0" yaku="0,1,7,1,9,1" doraHai="81" who="3" fromWho="3" sc="150,-8,390,-14,230,-8,230,30" />
</Scene>
<Scene>
<INIT seed="2,0,0,1,3,106" ten="142,376,222,260" oya="2" hai0="74,21,4,120,41,52,70,49,111,31,9,115,94" hai1="14,95,29,20,93,47,72,48,80,17,61,43,73" hai2="134,101,78,88,38,19,118,44,129,127,24,26,5" hai3="107,96,27,98,103,60,16,39,104,34,123,105,40"/><V15/><F118/><W65/><G123/><T87/><D120/><U50/><E29/><V124/><F101/><W83/><G40/><T81/><D115/><U130/><E130/><V1/><F5/><W113/><G39/><T30/><D111/><U69/><E50/><V53/><F1/><W36/><G36/><T84/><D70/><U117/><E117/><V108/><F108/><W77/><G113/><T66/><D66/><U7/><E7/><V76/><F88/><W100/><G104/><T121/><D121/><U58/><E69/><V67/><F67/><W12/><G27/><T91/><D74/><U75/><REACH who="1" step="1"/><E80/><REACH who="1" ten="142,366,222,260" step="2"/><V35/><F129/><W32/><G60/><T79/><D41/><U119/><E119/><V6/><F38/><W126/><G126/><T132/><D132/><U22/><E22/><V56/><F6/><W0/><G0/><T45/><REACH who="0" step="1"/><D21/><REACH who="0" ten="132,366,222,260" step="2"/><U63/><E63/><N who="2" m="36239" /><F134/><W57/><G65/><AGARI ba="0,2" hai="14,17,20,43,47,48,58,61,65,72,73,75,93,95" machi="65" ten="40,8000,1" yaku="1,1,52,3,53,0" doraHai="106" doraHaiUra="23" who="1" fromWho="3" sc="132,0,366,100,222,0,260,-80" />
</Scene>
<Scene>
<INIT seed="3,0,0,2,0,52" ten="132,466,222,180" oya="3" hai0="51,63,124,82,96,42,131,60,26,84,29,62,48" hai1="71,68,2,120,56,111,86,67,73,133,19,89,4" hai2="116,109,112,21,76,108,3,7,15,38,117,17,13" hai3="64,118,72,65,28,115,8,59,83,135,66,37,102"/><W75/><G118/><N who="2" m="45673" /><F76/><W79/><G37/><T40/><D131/><U113/><E120/><V105/><F105/><W130/><G115/><T9/><D124/><U77/><E113/><V95/><F95/><W97/><G130/><T69/><D69/><U123/><E123/><V44/><F44/><W87/><G135/><T110/><D110/><N who="2" m="42602" /><F38/><W46/><G28/><T53/><D9/><U36/><E36/><V80/><F80/><W39/><G8/><T50/><D96/><U125/><E111/><V70/><F70/><W122/><G122/><T0/><D0/><U58/><E77/><V22/><F112/><W49/><G39/><T31/><D53/><U12/><E73/><V101/><F101/><W114/><G114/><T129/><D129/><U121/><E121/><V55/><F55/><W14/><G14/><N who="2" m="5129" /><F17/><W119/><G119/><T74/><D74/><U91/><E19/><V47/><F47/><W85/><G72/><T78/><REACH who="0" step="1"/><D26/><REACH who="0" ten="122,466,222,180" step="2"/><U127/><E68/><V18/><F18/><W106/><G75/><T90/><D90/><U25/><E89/><V94/><F94/><N who="3" m="58679" /><G87/><T10/><D10/><AGARI ba="0,1" hai="3,7,10,21,22" m="5129,42602,45673" machi="10" ten="40,5200,0" yaku="14,1,34,2" doraHai="52" who="2" fromWho="0" sc="122,-52,466,0,222,62,180,0" />
</Scene>
<Scene>
<INIT seed="4,0,0,5,5,47" ten="70,466,284,180" oya="0" hai0="132,19,38,68,7,84,126,32,23,96,103,17,76" hai1="2,107,71,134,86,93,25,51,108,81,4,98,64" hai2="6,80,55,128,127,97,101,118,85,34,123,102,122" hai3="83,77,69,113,100,5,61,72,60,109,52,21,57"/><T43/><D32/><U89/><E108/><V94/><F55/><W24/><G109/><T14/><D126/><U104/><E134/><V16/><F6/><W31/><G113/><T92/><D132/><U82/><E71/><V91/><F34/><W0/><G100/><N who="2" m="38505" /><F16/><W10/><REACH who="3" step="1"/><G69/><REACH who="3" ten="70,466,284,170" step="2"/><T75/><D68/><U8/><E104/><V70/><F70/><W62/><AGARI ba="0,1" hai="0,5,10,21,24,31,52,57,60,61,62,72,77,83" machi="62" ten="20,8000,1" yaku="1,1,2,1,0,1,7,1,54,1,53,0" doraHai="47" doraHaiUra="133" who="3" fromWho="3" sc="70,-40,466,-20,284,-20,170,90" />
</Scene>
<Scene>
<INIT seed="5,0,0,5,0,118" ten="30,446,264,260" oya="1" hai0="61,109,46,97,84,32,87,96,53,36,45,31,111" hai1="3,132,17,59,119,23,70,73,30,112,24,51,29" hai2="11,2,56,52,115,15,54,133,34,39,41,33,19" hai3="82,55,125,78,113,50,99,106,108,22,28,68,71"/><U49/><E70/><V42/><F2/><W105/><G108/><T117/><D117/><U90/><E119/><V5/><F133/><W12/><G113/><T101/><D36/><U134/><E112/><V110/><F110/><W74/><G125/><T35/><D61/><U26/><E73/><V65/><F115/><W114/><G114/><T89/><D31/><U0/><E90/><V37/><F65/><W131/><G131/><T8/><D8/><U63/><E17/><V83/><F83/><W57/><G105/><T25/><D89/><U21/><E63/><V7/><F15/><W103/><G28/><T44/><D25/><U38/><E59/><V40/><F56/><W123/><G22/><T95/><D53/><N who="2" m="20586" /><F19/><W10/><G123/><T127/><D46/><U76/><REACH who="1" step="1"/><E38/><REACH who="1" ten="30,436,264,260" step="2"/><V135/><F39/><W104/><G104/><T20/><D127/><U81/><E81/><V92/><F37/><W60/><G60/><T6/><D6/><AGARI ba="0,1" hai="6,10,12,50,55,57,68,71,74,78,82,99,103,106" machi="6" ten="30,1000,0" yaku="7,1" doraHai="118" who="3" fromWho="0" sc="30,-10,436,0,264,0,260,20" />
</Scene>
<Scene>
<INIT seed="6,0,0,4,2,130" ten="20,436,264,280" oya="2" hai0="27,47,131,93,67,117,83,132,39,26,119,16,4" hai1="127,76,53,109,69,77,63,129,61,5,32,28,95" hai2="126,133,0,90,34,89,30,82,65,14,56,46,122" hai3="43,105,58,59,49,116,70,73,37,80,50,13,81"/><V38/><F0/><W86/><G105/><T134/><D131/><U110/><E5/><V66/><F122/><W17/><G70/><T22/><D67/><N who="2" m="25610" /><F133/><N who="0" m="51306" /><D83/><U87/><E129/><V29/><F82/><W75/><G37/><T42/><D93/><U40/><E69/><V7/><F46/><W64/><G64/><T98/><D98/><U3/><E3/><V20/><F38/><W24/><G24/><N who="0" m="14407" /><D4/><U135/><E135/><V62/><F7/><W68/><G81/><T10/><D10/><U125/><E95/><V97/><F97/><W8/><G80/><T101/><D101/><U41/><E87/><V102/><F102/><W57/><G86/><T60/><D60/><U48/><E63/><V84/><F62/><W94/><G94/><T92/><D92/><U54/><E61/><V36/><F84/><W74/><G73/><T45/><D45/><U103/><E103/><V114/><F89/><W107/><G74/><T25/><AGARI ba="0,0" hai="25,26,27,39,42,47,117,119" m="14407,51306" machi="25" ten="40,8000,1" yaku="20,1,52,3,54,1" doraHai="130" who="0" fromWho="0" sc="20,80,436,-20,264,-40,280,-20" />
</Scene>
<Scene>
<INIT seed="7,0,0,5,3,116" ten="100,416,224,260" oya="3" hai0="24,128,19,28,134,10,76,97,52,35,93,54,126" hai1="18,11,15,83,113,120,77,111,92,119,79,130,104" hai2="34,72,30,125,61,105,13,103,109,75,45,90,106" hai3="112,63,86,115,5,91,31,133,99,59,56,39,74"/><W32/><G5/><T57/><D134/><U100/><E111/><V38/><F61/><W14/><G74/><T51/><D126/><U27/><E120/><V44/><F13/><W66/><G39/><T47/><D128/><U21/><E130/><V96/><F106/><W22/><G32/><T37/><D37/><U69/><E69/><V87/><F109/><W42/><G42/><T4/><D76/><U9/><E104/><V65/><F65/><W124/><G99/><T33/><D4/><U88/><E119/><V71/><F71/><W122/><G122/><T78/><D78/><U23/><E100/><V55/><F45/><W98/><G98/><T129/><D129/><U127/><E113/><V3/><F3/><W108/><G108/><T118/><D118/><U2/><E127/><V46/><F46/><W82/><G133/><T6/><D6/><U58/><E58/><V17/><F17/><W53/><G124/><T40/><D40/><U1/><E1/><V25/><F125/><W121/><G121/><T41/><D41/><U60/><E60/><V26/><F26/><W101/><G56/><T67/><D67/><U8/><E2/><V102/><F102/><W85/><G101/><N who="0" m="60591" /><D35/><U68/><E68/><V7/><F7/><W16/><G66/><T43/><D57/><U73/><E79/><V117/><F117/><W107/><G112/><T20/><D33/><U29/><E9/><V48/><F38/><W132/><G115/><T0/><D0/><U50/><E50/><V81/><F72/><W95/><G132/><T64/><D64/><U36/><E36/><RYUUKYOKU ba="0,0" sc="100,10,416,10,224,10,260,-30" hai0="10,19,20,24,28,43,47,51,52,54" hai1="8,11,15,18,21,23,27,29,73,77,83,88,92" hai2="25,30,34,44,48,55,75,81,87,90,96,103,105" owari="110,-39.0,426,53.0,234,3.0,230,-17.0" />
</Scene>
</mjloggm>