<mjloggm ver="2.3"><GO type="169" lobby="0"/><UN n0="%4C%53%E9%99%BD" n1="%E3%81%B5%E3%81%86%E3%81%8C%E2%99%AA" n2="%E5%A4%AA%E3%81%8F%E3%81%AA%E3%81%84%E3%81%8A" n3="%6E%69%63%6B%2E" dan="16,16,18,16" rate="2049.65,2133.03,2230.93,2176.93" sx="M,M,M,M"/><TAIKYOKU oya="0"/>

<Scene>
<INIT seed="0,0,0,3,0,101" ten="250,250,250,250" oya="0" hai0="58,71,38,97,40,6,16,1,50,73,111,57,120" hai1="100,96,39,14,9,117,43,89,133,46,108,30,44" hai2="21,7,31,53,56,68,91,51,24,109,5,28,13" hai3="3,86,126,102,132,67,85,25,59,69,122,92,10"/><T125/><D120/><U134/><E117/><V95/><F68/><W72/><G72/><T119/><D119/><U90/><E30/><V103/><F109/><W42/><G122/><T36/><D71/><U22/><E22/><V94/><F31/><W8/><G126/><T29/><D111/><U17/><E108/><V70/><F70/><W110/><G110/><T33/><D125/><U93/><REACH who="1" step="1"/><E44/><REACH who="1" ten="250,240,250,250" step="2"/><V20/><F20/><W131/><G10/><T87/><D29/><U62/><E62/><V83/><F21/><W76/><G8/><T128/><D33/><U65/><E65/><V19/><F28/><W118/><G67/><T61/><D61/><U121/><E121/><V130/><F130/><W129/><G131/><T2/><D128/><U60/><E60/><V63/><F63/><W81/><G129/><T115/><D115/><U41/><E41/><V80/><F56/><W12/><G42/><T88/><D57/><U64/><E64/><V75/><F53/><W123/><G59/><T45/><D58/><U107/><E107/><V116/><F116/><W23/><G123/><T112/><D112/><U32/><E32/><V79/><F24/><W52/><G25/><T37/><D45/><U35/><E35/><V55/><F55/><W54/><G52/><T84/><D40/><U47/><E47/><V27/><F27/><W124/><G54/><T11/><D11/><U34/><E34/><V18/><F51/><W135/><G118/><T105/><D50/><U48/><E48/><V26/><F26/><W113/><G113/><T15/><D38/><U74/><E74/><RYUUKYOKU ba="0,1" sc="250,-10,240,30,250,-10,250,-10" hai1="9,14,17,39,43,46,89,90,93,96,100,133,134" />
</Scene>
<Scene>
<INIT seed="1,1,1,1,2,93" ten="240,270,240,240" oya="1" hai0="39,119,6,73,75,11,100,71,92,122,57,74,78" hai1="114,12,21,8,82,54,45,47,19,97,64,66,134" hai2="121,115,13,76,10,68,103,117,127,89,7,105,35" hai3="80,63,37,3,26,49,20,31,107,2,83,4,90"/><U133/><E114/><V131/><F117/><W132/><G37/><T84/><D71/><U91/><E47/><V30/><F121/><W128/><G107/><T135/><D119/><U14/><E45/><V120/><F120/><W32/><G132/><N who="1" m="50794" /><E54/><V34/><F68/><W116/><G116/><T111/><D135/><U96/><E82/><V102/><F76/><W81/><G128/><T118/><D118/><U52/><E52/><V88/><F131/><W61/><G49/><T79/><D122/><U99/><E91/><V23/><F115/><W85/><G32/><T67/><D39/><U101/><E101/><V98/><F103/><W22/><G22/><T17/><D67/><U41/><E41/><V106/><F106/><W60/><REACH who="3" step="1"/><G4/><AGARI ba="1,1" hai="4,8,12,14,19,21,64,66,96,97,99" m="50794" machi="4" ten="30,11600,0" yaku="20,1,52,3" doraHai="93" who="1" fromWho="3" sc="240,0,270,129,240,0,240,-119" />
</Scene>
<Scene>
<INIT seed="1,2,0,1,4,39" ten="240,399,240,121" oya="1" hai0="115,87,130,77,60,53,72,55,34,38,47,33,95" hai1="27,117,35,32,36,103,80,65,14,75,71,67,42" hai2="13,20,129,110,44,48,51,79,109,24,62,88,10" hai3="104,52,30,3,23,58,100,118,68,73,81,50,45"/><U124/><E117/><V99/><F79/><W101/><G68/><T105/><D105/><U135/><E135/><V57/><F129/><W9/><G118/><T133/><D72/><U134/><E134/><V98/><F110/><W132/><G132/><T61/><D133/><U90/><E35/><V63/><F109/><W84/><G73/><T106/><D106/><U54/><E103/><V29/><F51/><W107/><G3/><T11/><D130/><U82/><E54/><V83/><F83/><W125/><G104/><T126/><D126/><U85/><E14/><V127/><F127/><W70/><G70/><T93/><D115/><U69/><E69/><V66/><F62/><N who="3" m="36167" /><G9/><T8/><D38/><U116/><E71/><V15/><F15/><W12/><G107/><T0/><D0/><U37/><E37/><V4/><REACH who="2" step="1"/><F88/><REACH who="2" ten="240,399,230,121" step="2"/><N who="3" m="51215" /><G125/><T94/><D77/><U122/><E124/><V2/><F2/><W96/><G96/><T123/><D123/><U89/><E122/><V128/><F128/><W49/><G49/><T18/><D60/><U64/><E36/><V91/><F91/><W16/><G30/><T59/><D61/><U120/><E120/><V121/><F121/><W7/><G7/><T86/><D86/><U102/><E85/><V6/><F6/><W111/><G111/><T19/><D87/><U17/><E75/><V21/><F21/><W25/><G12/><T43/><D34/><U119/><E32/><V74/><F74/><W5/><G5/><T26/><D33/><U112/><E119/><V22/><F22/><W28/><G28/><T97/><D97/><RYUUKYOKU ba="2,1" sc="240,-15,399,-15,230,15,121,15" hai2="4,10,13,20,24,29,44,48,57,63,66,98,99" hai3="16,23,25,45,50,100,101" />
</Scene>
<Scene>
<INIT seed="2,3,1,0,0,75" ten="225,384,245,136" oya="2" hai0="93,50,59,129,134,34,43,6,81,71,83,39,41" hai1="20,7,65,128,124,58,94,119,45,14,99,90,132" hai2="87,72,55,130,49,47,122,44,32,118,76,1,127" hai3="28,10,18,117,5,54,27,11,115,104,24,21,125"/><V48/><F118/><W120/><G104/><T114/><D71/><U40/><E119/><V0/><F122/><W74/><G117/><T31/><D114/><U53/><E128/><V89/><F32/><W131/><G74/><T64/><D129/><U116/><E116/><V78/><F130/><W123/><G131/><T13/><D134/><U19/><E132/><V100/><F100/><W61/><G54/><T102/><D34/><U36/><E124/><V51/><F127/><W33/><G61/><T96/><D31/><U86/><E7/><V105/><F105/><W16/><G125/><T92/><D92/><U108/><E108/><V42/><F72/><W4/><G115/><T73/><D39/><U22/><E65/><V112/><F112/><W63/><G63/><N who="0" m="38015" /><D73/><U111/><E111/><V84/><F49/><W107/><G107/><T3/><D3/><U98/><E22/><V8/><F8/><N who="3" m="3115" /><G18/><T135/><D135/><U67/><E67/><V126/><F126/><W80/><G80/><T25/><D81/><U57/><E57/><V69/><F69/><W109/><G109/><T2/><D83/><U12/><E12/><V35/><F35/><W103/><G103/><T133/><D133/><U29/><E29/><V97/><F0/><W66/><G66/><T106/><D2/><U91/><E91/><V101/><F1/><W79/><G79/><N who="2" m="30249" /><F101/><W30/><G30/><T9/><D106/><U37/><E36/><V38/><F38/><W95/><G95/><AGARI ba="3,1" hai="42,44,47,48,51,55,84,87,89,95,97" m="30249" machi="95" ten="30,11600,0" yaku="8,1,52,3" doraHai="75" who="2" fromWho="3" sc="225,0,384,0,245,135,136,-125" />
</Scene>
<Scene>
<INIT seed="2,4,0,3,2,68" ten="225,384,380,11" oya="2" hai0="11,41,117,65,109,23,77,43,20,94,125,73,75" hai1="83,22,58,2,45,56,24,16,70,101,18,72,110" hai2="107,87,126,69,19,100,62,85,3,15,82,10,132" hai3="53,96,71,26,32,122,52,37,91,28,127,115,130"/><V46/><F3/><W84/><G122/><T35/><D35/><U54/><E110/><V113/><F113/><W51/><G127/><T7/><D65/><U121/><E70/><V34/><F34/><W1/><G130/><T90/><D77/><U63/><E121/><V38/><F126/><W66/><G115/><T5/><D11/><U116/><E116/><V67/><F132/><W112/><G112/><T59/><D59/><U64/><E101/><V33/><F33/><W21/><G1/><T103/><D103/><U93/><E93/><V81/><F100/><W48/><G96/><T123/><D94/><U124/><E124/><V12/><F107/><W106/><G106/><T4/><D90/><U108/><E108/><V133/><F133/><W135/><G135/><T29/><D29/><U27/><E2/><V129/><F129/><W92/><G32/><T61/><D61/><U14/><E45/><V40/><REACH who="2" step="1"/><F12/><REACH who="2" ten="225,384,370,11" step="2"/><W47/><G37/><T128/><D125/><U74/><E27/><V95/><F95/><W86/><G86/><AGARI ba="4,1" hai="10,15,19,38,40,46,62,67,69,81,82,85,86,87" machi="86" ten="40,3900,0" yaku="1,1,52,1,53,0" doraHai="68" doraHaiUra="30" who="2" fromWho="3" sc="225,0,384,0,370,61,11,-51" owari="225,-17.0,384,18.0,431,53.0,-40,-54.0" />
</Scene>
</mjloggm>