<mjloggm ver="2.3"><GO type="169" lobby="0"/><UN n0="%E5%A4%AA%E3%81%8F%E3%81%AA%E3%81%84%E3%81%8A" n1="%63%6F%61" n2="%E3%83%A0%E3%82%B5%E3%82%B5%E3%83%93%4B%4B" n3="%E2%98%86%EF%BC%B2%EF%BC%8E%EF%BC%A4%EF%BC%8E%E2%98%85" dan="17,17,16,16" rate="2221.54,2152.47,2090.94,2126.14" sx="M,M,M,M"/><TAIKYOKU oya="0"/>

<Scene>
<INIT seed="0,0,0,1,3,17" ten="250,250,250,250" oya="0" hai0="85,10,73,80,21,131,65,102,30,91,46,34,108" hai1="42,16,6,115,70,55,59,41,88,0,40,23,116" hai2="107,74,8,114,52,87,64,111,130,56,60,93,83" hai3="58,79,128,113,86,117,127,2,27,28,25,1,43"/><T29/><D34/><U19/><E70/><V82/><F114/><W3/><G43/><T20/><D131/><U33/><E33/><V62/><F107/><W103/><G103/><T75/><D102/><U37/><E116/><V122/><F122/><W132/><G58/><T94/><D65/><U99/><E115/><V109/><F130/><W123/><G113/><T135/><D135/><U11/><E37/><V71/><F8/><W77/><G128/><T31/><D108/><N who="2" m="41546" /><F74/><W125/><G86/><T13/><D46/><U45/><E45/><V66/><F66/><W22/><G117/><T47/><D47/><U96/><E19/><V104/><F104/><W133/><G123/><T126/><D126/><N who="3" m="48137" /><G77/><N who="0" m="46223" /><D75/><U9/><E9/><V69/><F69/><W4/><G79/><T119/><D73/><U118/><E118/><V15/><F15/><W61/><G61/><T92/><D119/><U49/><REACH who="1" step="1"/><E88/><AGARI ba="0,0" hai="52,56,60,62,64,71,82,83,87,88,93" m="41546" machi="88" ten="30,3900,0" yaku="14,1,54,2" doraHai="17" who="2" fromWho="1" sc="250,0,250,-39,250,39,250,0" />
</Scene>
<Scene>
<INIT seed="1,0,0,4,1,93" ten="250,211,289,250" oya="1" hai0="129,81,99,108,1,97,45,107,124,52,134,98,116" hai1="13,126,51,114,133,31,50,64,46,82,11,74,115" hai2="16,8,117,17,66,91,127,12,118,20,21,121,26" hai3="120,88,24,2,55,60,75,96,54,92,33,37,29"/><U122/><E122/><V0/><F66/><W53/><G120/><T57/><D116/><N who="2" m="44650" /><F91/><W7/><G37/><T40/><D1/><U135/><E64/><V76/><F76/><W6/><G75/><T36/><D108/><U102/><E102/><V9/><F121/><W101/><G2/><T41/><D41/><U38/><E31/><N who="2" m="17871" /><F127/><W4/><REACH who="3" step="1"/><G101/><REACH who="3" ten="250,211,289,240" step="2"/><T86/><D124/><U83/><E38/><V32/><F0/><W62/><AGARI ba="0,1" hai="4,6,7,24,29,33,53,54,55,60,62,88,92,96" machi="62" ten="40,8000,1" yaku="1,1,2,1,0,1,52,1,54,1,53,0" doraHai="93" doraHaiUra="109" who="3" fromWho="3" sc="250,-20,211,-40,289,-20,240,90" />
</Scene>
<Scene>
<INIT seed="2,0,0,4,4,100" ten="230,171,269,330" oya="2" hai0="126,108,63,97,85,79,34,42,68,122,14,92,49" hai1="119,22,120,35,133,96,105,65,24,19,47,15,123" hai2="111,117,1,11,59,52,89,121,84,104,129,56,134" hai3="118,80,23,102,98,114,33,83,26,86,46,6,17"/><V50/><F117/><W75/><G118/><T72/><D122/><N who="1" m="46635" /><E119/><V95/><F121/><W82/><G75/><T58/><D34/><U7/><E133/><V112/><F112/><W37/><G114/><T69/><D72/><U2/><E65/><V125/><F134/><W124/><G124/><T28/><D28/><N who="1" m="19847" /><E47/><V62/><F125/><W67/><G67/><T101/><D126/><U36/><E36/><V18/><F129/><W25/><G6/><T132/><D132/><U127/><E127/><V5/><F111/><W93/><G33/><T71/><D108/><U32/><E32/><V9/><F104/><W66/><G66/><T10/><D63/><U13/><E96/><V113/><F113/><W60/><G60/><T106/><D79/><U16/><E105/><V128/><F128/><W44/><G37/><T70/><D70/><U107/><E107/><V131/><F131/><W39/><G39/><T103/><D103/><U31/><E31/><V29/><F29/><W53/><G86/><T51/><D42/><U21/><E7/><V12/><REACH who="2" step="1"/><F62/><REACH who="2" ten="230,171,259,330" step="2"/><W99/><G99/><T88/><REACH who="0" step="1"/><D58/><AGARI ba="0,1" hai="1,5,9,11,12,18,50,52,56,58,59,84,89,95" machi="58" ten="30,11600,0" yaku="1,1,2,1,7,1,54,1,53,0" doraHai="100" doraHaiUra="40" who="2" fromWho="0" sc="230,-116,171,0,259,126,330,0" />
</Scene>
<Scene>
<INIT seed="2,1,0,2,1,40" ten="114,171,385,330" oya="2" hai0="15,122,119,134,82,65,7,73,4,37,3,61,100" hai1="128,89,120,33,71,104,90,79,28,39,22,112,41" hai2="50,109,9,66,114,103,31,118,49,42,20,70,116" hai3="87,6,108,80,30,43,99,44,36,25,105,93,75"/><V96/><F114/><W18/><G108/><T135/><D122/><U0/><E0/><V62/><F109/><W48/><G6/><T126/><D37/><U46/><E104/><V72/><F72/><W97/><G105/><T86/><D73/><U16/><E112/><V17/><F9/><W10/><G75/><T26/><D3/><U110/><E110/><V98/><F31/><W38/><G10/><T12/><D126/><U131/><E79/><V63/><F63/><W132/><G18/><T121/><D121/><U27/><E71/><V76/><F76/><W83/><G132/><N who="0" m="50731" /><D100/><U106/><E106/><V94/><F98/><W19/><G19/><T113/><D119/><U5/><E5/><N who="0" m="2121" /><D26/><N who="1" m="14663" /><E120/><V78/><F116/><W101/><G99/><T2/><D2/><U21/><E33/><V111/><F118/><W51/><G36/><T124/><D124/><U53/><E53/><V8/><F111/><W52/><G38/><T69/><D113/><U57/><E57/><V59/><F59/><N who="3" m="33159" /><G87/><T84/><D86/><U58/><E58/><V91/><F70/><W102/><G102/><T45/><D84/><U54/><E54/><V77/><F103/><W115/><G115/><T60/><D69/><U127/><E127/><V56/><F56/><W68/><G68/><T117/><D117/><U14/><E14/><V1/><F1/><W130/><G130/><AGARI ba="1,0" hai="21,27,28,39,41,46,89,90,128,130,131" m="14663" machi="130" ten="30,3900,0" yaku="19,1,52,1,54,1" doraHai="40" who="1" fromWho="3" sc="114,0,171,42,385,0,330,-42" />
</Scene>
<Scene>
<INIT seed="3,0,0,2,1,2" ten="114,213,385,288" oya="3" hai0="20,126,97,3,127,70,111,75,19,45,73,135,15" hai1="8,16,107,64,23,92,69,61,106,6,102,81,65" hai2="87,93,130,14,78,67,18,9,24,56,108,86,71" hai3="112,95,89,122,47,98,10,117,49,44,30,57,121"/><W115/><G117/><T40/><D70/><U116/><E116/><V53/><F108/><W38/><G38/><T134/><D3/><U110/><E110/><V58/><F71/><W17/><G30/><T27/><D111/><U52/><E65/><V119/><F119/><W118/><G118/><T43/><D97/><U51/><E81/><V90/><F130/><W76/><G76/><T105/><D105/><U33/><E33/><V131/><F131/><W41/><G57/><T85/><D85/><U77/><E77/><V31/><F67/><W100/><G100/><T0/><D0/><U103/><E92/><V21/><F53/><W22/><G10/><T36/><D40/><U4/><E103/><V5/><F31/><W50/><G121/><T68/><D68/><U54/><E8/><V46/><F46/><W13/><REACH who="3" step="1"/><G122/><REACH who="3" ten="114,213,385,278" step="2"/><T82/><D36/><U99/><E106/><V37/><F37/><W26/><G26/><T28/><D27/><U114/><E114/><V62/><F62/><W91/><G91/><T35/><D28/><U72/><E72/><V125/><F78/><W80/><G80/><T11/><D82/><U96/><E102/><V12/><F9/><W79/><G79/><T120/><D11/><U83/><E83/><V63/><F63/><W59/><G59/><T29/><D120/><U129/><E107/><V132/><F58/><W48/><G48/><N who="0" m="26687" /><D29/><U94/><E51/><V34/><F56/><W84/><G84/><T128/><D73/><U123/><E123/><V113/><F87/><W88/><G88/><T39/><D75/><U1/><E69/><RYUUKYOKU ba="0,1" sc="114,-10,213,-10,385,-10,278,30" hai3="13,17,22,41,44,47,49,50,89,95,98,112,115" />
</Scene>
<Scene>
<INIT seed="3,1,1,0,1,53" ten="104,203,375,308" oya="3" hai0="101,78,133,92,118,14,87,100,55,113,109,116,65" hai1="106,49,72,35,66,94,84,5,96,29,32,108,64" hai2="44,47,40,67,25,54,70,26,126,41,77,63,75" hai3="69,38,124,34,8,37,73,105,76,16,17,31,134"/><W112/><G112/><T80/><D65/><U45/><E72/><V12/><F126/><W130/><G69/><T68/><D68/><U22/><E108/><V7/><F54/><W103/><G124/><T9/><D109/><U36/><E36/><V102/><F102/><W91/><G73/><T30/><D113/><U110/><E110/><V24/><F77/><W43/><G76/><T4/><D133/><U99/><E106/><V42/><F75/><W97/><G130/><T128/><D128/><U95/><E5/><V79/><F79/><W88/><G134/><T48/><D30/><U21/><E84/><V11/><AGARI ba="1,1" hai="7,11,12,24,25,26,40,41,42,44,47,63,67,70" machi="11" ten="40,1500,0" yaku="0,1" doraHai="53" who="2" fromWho="2" sc="104,-5,203,-5,375,28,308,-8" />
</Scene>
<Scene>
<INIT seed="4,0,0,5,3,114" ten="99,198,403,300" oya="0" hai0="100,16,8,22,10,47,64,126,106,95,128,27,12" hai1="43,34,131,38,87,14,85,121,124,133,33,35,84" hai2="26,46,1,99,90,52,97,61,24,86,37,94,59" hai3="17,3,69,73,108,82,44,120,110,88,89,72,29"/><T118/><D118/><U74/><E121/><V32/><F1/><W53/><G69/><T36/><D106/><U117/><E74/><V134/><F134/><W98/><G120/><T123/><D123/><U45/><E133/><V103/><F32/><W63/><G3/><T77/><D128/><U92/><E131/><V40/><F99/><W130/><G130/><T18/><D126/><U80/><E124/><V58/><F58/><W70/><G29/><T66/><D77/><U115/><E115/><V30/><F30/><W13/><G70/><T135/><D135/><U55/><E117/><V101/><F101/><W6/><G6/><T75/><D75/><N who="3" m="28745" /><G89/><T48/><D36/><U56/><E14/><V49/><F37/><W83/><G83/><AGARI ba="0,0" hai="24,26,40,46,49,52,59,61,83,86,90,94,97,103" machi="83" ten="30,3900,0" yaku="7,1,8,1,54,1" doraHai="114" who="2" fromWho="3" sc="99,0,198,0,403,39,300,-39" />
</Scene>
<Scene>
<INIT seed="5,0,0,1,1,119" ten="99,198,442,261" oya="1" hai0="134,7,83,131,28,52,9,132,127,40,78,39,126" hai1="0,80,37,105,133,81,17,63,79,58,117,54,68" hai2="14,36,104,90,59,88,47,116,121,87,70,44,35" hai3="38,129,33,48,13,1,16,46,125,5,84,72,124"/><U71/><E117/><V3/><F116/><W49/><G72/><N who="0" m="43463" /><D28/><U69/><E105/><V42/><F3/><W64/><G129/><T20/><D20/><U113/><E0/><V107/><F70/><W34/><G84/><T112/><D112/><U53/><E37/><V60/><F35/><W73/><G73/><T21/><D21/><U103/><E103/><V65/><F90/><W97/><G97/><T122/><D52/><U85/><E113/><V11/><F47/><W75/><G75/><T12/><D40/><U106/><E106/><V55/><F55/><N who="3" m="30103" /><G64/><T96/><D39/><U29/><E29/><V120/><F65/><W15/><G49/><T77/><D77/><U57/><E17/><V130/><F36/><W26/><G1/><T99/><D99/><U43/><E43/><V74/><F42/><W95/><G33/><T128/><D96/><U18/><E18/><V30/><F74/><W94/><G16/><T27/><D27/><U8/><E8/><V61/><F11/><W108/><G26/><T98/><D98/><U76/><E71/><V50/><F14/><W25/><G15/><T51/><D51/><U118/><E118/><V93/><F50/><W100/><G25/><T22/><D22/><U114/><E114/><V115/><F115/><W32/><G13/><T19/><D19/><U4/><E69/><V92/><F44/><W45/><G45/><T66/><D66/><U91/><E68/><V24/><F24/><W82/><G38/><T62/><D62/><N who="1" m="36143" /><E79/><V86/><F60/><W56/><G34/><T111/><D9/><U135/><E4/><RYUUKYOKU ba="0,0" sc="99,-10,198,30,442,-10,261,-10" hai1="54,58,63,76,80,81,85,91,133,135" />
</Scene>
<Scene>
<INIT seed="5,1,0,4,4,34" ten="89,228,432,251" oya="1" hai0="29,87,117,119,123,30,5,14,10,25,81,48,102" hai1="28,133,135,73,84,126,63,13,91,70,47,88,96" hai2="57,85,104,82,93,76,131,66,62,90,78,18,64" hai3="65,56,17,100,3,103,45,20,35,22,106,36,1"/><U43/><E73/><V99/><F131/><W26/><G35/><T27/><D123/><U53/><E126/><V108/><F108/><W32/><G32/><T52/><D102/><U83/><E28/><V129/><F129/><W128/><G128/><T50/><D50/><U6/><E96/><V37/><F37/><W46/><G103/><T107/><D107/><U75/><E75/><V105/><F76/><W115/><G115/><T114/><D114/><U59/><E70/><V132/><F132/><N who="1" m="50761" /><E13/><V16/><F66/><W71/><G71/><T44/><D29/><U7/><E91/><V98/><F98/><W41/><G106/><T97/><D97/><U51/><AGARI ba="1,0" hai="6,7,43,47,51,53,59,63,83,84,88" m="50761" machi="51" ten="30,3000,0" yaku="20,1,54,1" doraHai="34" who="1" fromWho="1" sc="89,-11,228,33,432,-11,251,-11" />
</Scene>
<Scene>
<INIT seed="5,2,0,3,5,2" ten="78,261,421,240" oya="1" hai0="3,115,39,98,33,13,49,5,95,111,135,79,25" hai1="88,132,105,35,10,133,51,43,54,109,103,48,126" hai2="28,1,18,32,118,78,53,62,100,58,46,57,122" hai3="17,21,59,19,26,8,7,90,29,104,89,116,45"/><U50/><E35/><V74/><F118/><W93/><G104/><T130/><D111/><U131/><E109/><V75/><F1/><W6/><G116/><T23/><D39/><U71/><E71/><V68/><F68/><W44/><G59/><T123/><D115/><U42/><E103/><V15/><F122/><W112/><G112/><T40/><D123/><U80/><E105/><V60/><F46/><N who="3" m="18027" /><G89/><T14/><D135/><N who="1" m="51787" /><E131/><V70/><F15/><N who="3" m="7399" /><G19/><T55/><D130/><U73/><E126/><V107/><F18/><W102/><G102/><T101/><D33/><U31/><E31/><V66/><F70/><W16/><G29/><T129/><D129/><U30/><E30/><V64/><F78/><W85/><AGARI ba="2,0" hai="6,7,16,21,26,85,90,93" m="7399,18027" machi="85" ten="30,7900,0" yaku="8,1,52,2,54,1" doraHai="2" who="3" fromWho="3" sc="78,-22,261,-41,421,-22,240,85" />
</Scene>
<Scene>
<INIT seed="6,0,0,2,3,83" ten="56,220,399,325" oya="2" hai0="21,69,88,112,56,11,68,55,65,92,128,34,0" hai1="51,120,121,49,9,89,4,103,46,134,53,19,78" hai2="84,85,127,114,109,118,119,130,131,2,33,76,20" hai3="96,101,90,107,132,97,27,91,72,15,45,58,104"/><V125/><F33/><W22/><G72/><T14/><D34/><U87/><E134/><V117/><F2/><W38/><G132/><T59/><D0/><U52/><E103/><V62/><F114/><W44/><G15/><T16/><D112/><U129/><E78/><V1/><F1/><W79/><G79/><T26/><D128/><N who="2" m="49194" /><F109/><W57/><G22/><T7/><D65/><U74/><E74/><V77/><F62/><W35/><G101/><T31/><D59/><U64/><E64/><V126/><F20/><W113/><G35/><T61/><REACH who="0" step="1"/><D31/><REACH who="0" ten="46,220,399,325" step="2"/><U6/><E129/><V124/><F124/><W86/><G57/><T82/><D82/><N who="1" m="49399" /><E121/><V32/><F32/><W73/><G58/><T123/><D123/><U25/><E120/><V98/><F127/><W37/><G113/><T75/><D75/><U105/><E105/><V81/><F126/><W41/><G73/><T3/><D3/><U39/><E39/><V5/><F125/><W102/><G38/><T70/><D70/><U67/><E67/><V135/><F135/><W71/><G37/><T60/><D60/><U100/><E100/><V40/><F81/><W50/><G71/><T29/><D29/><U48/><E48/><V36/><F36/><W54/><G107/><T116/><D116/><U95/><E51/><V23/><F118/><W106/><G50/><T10/><D10/><U18/><E9/><V66/><F117/><W17/><G104/><T63/><D63/><U111/><E49/><V108/><F119/><W12/><G106/><T24/><D24/><U30/><E25/><V28/><F66/><RYUUKYOKU ba="0,1" sc="46,30,220,-10,399,-10,325,-10" hai0="7,11,14,16,21,26,55,56,61,68,69,88,92" />
</Scene>
<Scene>
<INIT seed="7,1,1,3,4,79" ten="76,210,389,315" oya="3" hai0="32,75,95,84,44,39,60,91,29,102,124,18,113" hai1="103,26,5,10,28,85,54,1,42,114,122,135,115" hai2="8,51,19,58,128,116,45,53,107,55,9,13,126" hai3="94,76,14,119,96,106,71,61,117,108,81,129,4"/><W111/><G129/><T82/><D124/><U56/><E122/><V62/><F116/><W133/><G106/><T50/><D39/><U100/><E135/><V88/><F107/><W46/><G133/><T92/><D113/><N who="1" m="43019" /><E42/><V87/><F128/><W12/><G46/><T110/><D110/><N who="3" m="42025" /><G71/><T134/><D134/><U70/><E85/><V59/><F45/><W93/><G61/><T121/><D121/><U17/><E17/><V89/><F126/><W35/><G35/><T16/><D32/><N who="1" m="20503" /><E70/><V90/><F8/><N who="3" m="4103" /><G14/><T64/><D29/><U34/><E34/><V104/><F104/><W24/><G24/><T69/><D95/><AGARI ba="1,1" hai="9,13,19,51,53,55,58,59,62,87,88,89,90,95" machi="95" ten="30,3900,0" yaku="7,1,8,1,54,1" doraHai="79" who="2" fromWho="0" sc="76,-42,210,0,389,52,315,0" owari="34,-47.0,210,-19.0,441,54.0,315,12.0" />
</Scene>
</mjloggm>