<mjloggm ver="2.3"><GO type="169" lobby="0"/><UN n0="%E3%83%8F%E3%83%9E%E3%83%BC" n1="%E6%99%AE%E8%B3%A2" n2="%E5%A4%AA%E3%81%8F%E3%81%AA%E3%81%84%E3%81%8A" n3="%E6%99%82%E9%9B%A8%E6%A1%9C%28%E7%9C%9F%29" dan="17,16,17,16" rate="2196.24,2102.29,2229.00,2097.61" sx="M,F,M,M"/><TAIKYOKU oya="0"/>

<Scene>
<INIT seed="0,0,0,3,0,103" ten="250,250,250,250" oya="0" hai0="106,97,130,105,51,132,94,91,77,19,15,128,120" hai1="40,3,0,43,71,21,115,108,59,56,49,70,113" hai2="85,67,54,35,82,123,126,1,58,96,74,90,64" hai3="4,98,9,2,60,131,127,118,52,11,76,95,80"/><T10/><D120/><U7/><E21/><V22/><F35/><W78/><G131/><N who="0" m="50219" /><D132/><U73/><E73/><V26/><F123/><W6/><G118/><T68/><D68/><N who="1" m="26155" /><E7/><V72/><F1/><N who="1" m="585" /><E49/><V20/><F126/><W44/><G127/><T28/><D28/><U8/><E8/><V13/><F74/><W45/><G2/><T42/><D77/><U129/><E129/><V18/><F96/><W25/><G25/><T111/><D111/><U61/><E61/><V125/><F72/><W48/><G80/><T86/><D97/><U55/><E55/><V53/><F125/><W110/><G110/><T62/><D62/><U107/><E107/><N who="0" m="40969" /><D51/><U88/><E88/><V117/><F117/><W104/><G104/><T32/><D32/><U16/><E108/><V93/><F82/><W92/><G60/><T81/><D42/><N who="1" m="15915" /><E16/><N who="2" m="10255" /><F54/><W102/><G52/><T36/><D36/><U100/><E100/><V122/><F122/><W133/><G102/><T65/><D65/><U124/><E124/><V87/><F87/><W33/><G98/><T17/><D81/><U66/><E66/><V47/><F67/><W5/><G48/><T121/><D121/><U57/><AGARI ba="0,0" hai="56,57,59,113,115" m="15915,585,26155" machi="57" ten="40,2700,0" yaku="28,2" doraHai="103" who="1" fromWho="1" sc="250,-13,250,27,250,-7,250,-7" />
</Scene>
<Scene>
<INIT seed="1,0,0,3,3,41" ten="237,277,243,243" oya="1" hai0="123,67,91,37,56,131,108,2,44,12,111,15,38" hai1="133,83,129,60,7,89,135,53,122,121,66,29,106" hai2="19,42,28,57,98,54,110,16,32,30,107,130,73" hai3="119,79,35,95,22,71,3,87,115,27,59,105,100"/><U5/><E106/><V61/><F73/><W69/><G3/><T58/><D2/><U20/><E129/><V52/><F130/><W65/><G115/><T113/><D131/><U75/><E53/><V97/><F42/><W51/><G105/><T40/><D113/><U45/><E45/><V74/><F74/><W11/><G11/><T84/><D123/><U47/><E47/><V80/><F110/><N who="0" m="42026" /><D37/><U33/><E33/><V0/><F0/><W76/><G51/><T127/><D127/><U85/><E75/><V8/><F80/><W102/><G35/><T25/><D25/><N who="1" m="16551" /><E121/><V104/><F32/><W101/><G71/><T90/><D90/><U116/><E116/><V72/><F72/><W92/><G69/><T103/><D103/><U124/><E124/><V78/><F8/><W55/><G65/><T13/><D67/><U125/><E125/><V48/><F48/><N who="3" m="31207" /><G119/><T70/><D70/><U81/><E81/><AGARI ba="0,0" hai="12,13,15,38,40,44,56,58,81,84,91" m="42026" machi="81" ten="30,2000,0" yaku="14,1,52,1" doraHai="41" who="0" fromWho="1" sc="237,20,277,-20,243,0,243,0" />
</Scene>
<Scene>
<INIT seed="2,0,0,4,2,107" ten="257,257,243,243" oya="2" hai0="104,92,29,98,13,8,124,25,126,20,95,18,6" hai1="70,120,30,14,36,80,67,45,127,62,60,23,115" hai2="55,132,24,96,75,134,10,57,19,91,1,35,53" hai3="34,111,61,125,47,103,65,78,77,40,128,84,133"/><V3/><F75/><W43/><G133/><N who="2" m="51305" /><F35/><W83/><G125/><T123/><D123/><U135/><E115/><V58/><F91/><W56/><G34/><T101/><REACH who="0" step="1"/><D29/><REACH who="0" ten="247,257,243,243" step="2"/><U90/><E30/><V106/><F24/><W73/><G128/><T12/><D12/><U41/><E135/><V22/><F1/><W97/><G111/><T129/><D129/><U7/><E14/><N who="2" m="9591" /><F3/><W48/><G78/><T33/><D33/><U32/><E32/><V105/><F10/><W130/><G130/><T109/><D109/><U37/><E120/><V87/><F87/><W2/><G2/><T39/><D39/><U26/><E37/><V93/><F106/><W112/><G112/><T46/><D46/><U94/><E45/><V27/><F105/><W108/><G108/><T21/><D21/><U64/><E23/><V15/><F15/><W4/><G4/><T50/><D50/><U52/><E7/><V79/><F27/><W76/><G77/><T51/><D51/><U116/><E36/><V121/><F79/><W113/><G113/><T69/><D69/><U9/><E70/><V119/><F121/><W100/><G84/><T114/><D114/><U16/><E26/><V118/><F118/><W59/><G56/><T81/><D81/><U54/><E80/><V38/><F119/><W72/><G43/><T88/><D88/><U44/><E116/><V85/><F85/><N who="3" m="48359" /><G100/><T42/><D42/><U63/><E41/><V5/><F5/><W102/><G102/><T17/><D17/><U28/><E16/><V99/><F38/><W49/><G48/><T89/><D89/><RYUUKYOKU ba="0,1" sc="247,15,257,-15,243,-15,243,15" hai0="6,8,13,18,20,25,92,95,98,101,104,124,126" hai3="40,47,49,59,61,65,72,73,97,103" />
</Scene>
<Scene>
<INIT seed="3,1,1,3,2,41" ten="262,242,228,258" oya="3" hai0="50,85,61,52,84,6,63,115,5,134,46,29,53" hai1="109,123,75,92,38,82,3,111,57,18,59,17,107" hai2="20,98,24,25,45,30,81,70,120,131,22,12,13" hai3="119,28,34,101,73,21,19,15,43,77,113,90,124"/><W132/><G119/><T121/><D121/><U58/><E107/><V125/><F70/><W135/><G113/><T51/><D29/><U32/><E123/><V23/><F120/><W78/><G101/><T62/><D134/><N who="3" m="51241" /><G124/><T108/><D108/><N who="1" m="41547" /><E32/><V86/><F125/><W44/><G73/><T130/><D130/><U79/><E3/><V26/><F131/><W80/><G28/><T128/><D128/><U39/><E92/><V31/><F98/><W9/><G34/><T36/><D36/><AGARI ba="1,1" hai="17,18,36,38,39,57,58,59,75,79,82" m="41547" machi="36" ten="40,1300,0" yaku="14,1" doraHai="41" who="1" fromWho="0" sc="262,-16,242,26,228,0,258,0" />
</Scene>
<Scene>
<INIT seed="4,0,0,4,1,34" ten="246,268,228,258" oya="0" hai0="25,133,113,24,85,70,77,48,13,115,61,33,89" hai1="26,16,66,67,32,120,123,90,128,7,30,40,91" hai2="43,0,28,39,38,73,81,6,1,55,112,102,108" hai3="107,27,75,103,124,37,72,15,41,50,20,118,109"/><T68/><D77/><U51/><E128/><V95/><F108/><W126/><G118/><T45/><D133/><U71/><E7/><V106/><F55/><W131/><G109/><T56/><D13/><U96/><E71/><V53/><F53/><W42/><G37/><N who="2" m="13833" /><F43/><W60/><G60/><T92/><D68/><U63/><E123/><V65/><F65/><W11/><G131/><T93/><D93/><U110/><E110/><V54/><F54/><W101/><G20/><T111/><D70/><U135/><E135/><V86/><F6/><N who="3" m="3575" /><G27/><T129/><D129/><U79/><E79/><N who="2" m="44271" /><F28/><W23/><G23/><T88/><D111/><U125/><E120/><V78/><F78/><W100/><G107/><T62/><D33/><U49/><E40/><N who="3" m="15466" /><G50/><T47/><D48/><U116/><E49/><V98/><F112/><W57/><G57/><T83/><D113/><U8/><E51/><V119/><F119/><W99/><G99/><N who="0" m="57735" /><D115/><U80/><E116/><V127/><F127/><AGARI ba="0,0" hai="72,75,100,101,103,124,126,127" m="15466,3575" machi="127" ten="30,1000,0" yaku="18,1" doraHai="34" who="3" fromWho="2" sc="246,0,268,0,228,-10,258,10" />
</Scene>
<Scene>
<INIT seed="5,0,0,2,5,34" ten="246,268,218,268" oya="1" hai0="3,7,4,116,100,97,102,25,128,110,114,129,118" hai1="43,26,93,126,104,121,101,11,18,51,53,95,124" hai2="112,111,119,68,82,87,90,48,8,50,132,108,86" hai3="19,37,70,38,45,49,1,72,113,21,103,57,40"/><U78/><E121/><V27/><F119/><W47/><G72/><T39/><D39/><U131/><E78/><V20/><F68/><W79/><G79/><T63/><D110/><U125/><E131/><N who="0" m="50249" /><D114/><U89/><E43/><V74/><F74/><W77/><G77/><T80/><D80/><U130/><E130/><V117/><F117/><N who="0" m="45162" /><D25/><U6/><E101/><N who="0" m="39017" /><D97/><U35/><E104/><V67/><F27/><W16/><G103/><T134/><D63/><U81/><E81/><V123/><F82/><W76/><G76/><T59/><D59/><N who="1" m="33215" /><E35/><V44/><F112/><W12/><G70/><T109/><D109/><U88/><E95/><V127/><F108/><W83/><G83/><T85/><D85/><U66/><E93/><V105/><F87/><W9/><G37/><T64/><D64/><U31/><E66/><V94/><F67/><W92/><G92/><T84/><D84/><U5/><E89/><V62/><F90/><W135/><G113/><T33/><D33/><N who="1" m="20727" /><E88/><V65/><F86/><W120/><G40/><T14/><D14/><AGARI ba="0,0" hai="5,6,11,14,18,124,125,126" m="20727,33215" machi="14" ten="30,1500,0" yaku="18,1" doraHai="34" who="1" fromWho="0" sc="246,-15,268,15,218,0,268,0" />
</Scene>
<Scene>
<INIT seed="5,1,0,2,3,3" ten="231,283,218,268" oya="1" hai0="121,118,44,62,11,12,129,34,47,115,81,56,101" hai1="68,8,104,0,7,114,135,78,45,125,31,89,70" hai2="72,35,29,131,20,51,48,13,61,65,58,15,36" hai3="98,57,79,130,120,112,91,71,105,106,99,21,53"/><U40/><E104/><V94/><F36/><W50/><G120/><T107/><D118/><U10/><E114/><V17/><F72/><W6/><G71/><T4/><D115/><U113/><E113/><V127/><F127/><W90/><G79/><T124/><D124/><U116/><E116/><V55/><F131/><W33/><G33/><T92/><D34/><U63/><E125/><V66/><F35/><W22/><G130/><T96/><D129/><U39/><E135/><V82/><F29/><W134/><G134/><T16/><D121/><U9/><E89/><N who="3" m="33802" /><G105/><T86/><D107/><U19/><E31/><V100/><F82/><W49/><G106/><T128/><D128/><U93/><E93/><V97/><F15/><W32/><G32/><T43/><D43/><U95/><E95/><V1/><F1/><W30/><G30/><T108/><D108/><U109/><E109/><V59/><REACH who="2" step="1"/><F51/><REACH who="2" ten="231,283,208,268" step="2"/><W14/><G50/><T2/><D2/><U84/><E0/><V123/><F123/><W132/><G112/><T46/><D81/><U74/><E74/><V64/><AGARI ba="1,1" hai="13,17,20,48,55,58,59,61,64,65,66,94,97,100" machi="64" ten="20,5200,0" yaku="1,1,0,1,7,1,8,1,53,0" doraHai="3" doraHaiUra="75" who="2" fromWho="2" sc="231,-14,283,-27,208,65,268,-14" />
</Scene>
<Scene>
<INIT seed="6,0,0,0,2,73" ten="217,256,273,254" oya="2" hai0="119,64,126,13,58,121,113,12,56,60,90,85,72" hai1="48,86,70,25,53,1,49,37,84,104,127,135,128" hai2="130,92,115,10,107,117,40,129,83,29,80,76,0" hai3="26,30,55,33,35,18,20,120,66,28,71,114,17"/><V69/><F107/><W43/><G120/><T9/><D121/><U51/><E37/><V133/><F117/><W52/><G43/><T110/><D110/><U16/><E70/><V108/><F69/><W31/><G114/><T54/><D72/><U95/><E1/><V63/><F63/><W4/><G4/><T22/><D113/><U131/><E104/><V88/><F115/><W78/><G78/><T3/><D126/><U15/><E135/><V32/><F40/><W97/><G66/><T89/><D3/><U101/><E25/><N who="2" m="18479" /><F133/><W77/><G71/><T19/><D119/><U109/><E109/><V34/><F34/><W93/><G77/><T82/><D90/><U57/><E127/><V7/><F76/><W8/><G33/><T75/><D75/><U61/><E101/><V59/><F59/><W124/><G124/><T46/><D46/><U118/><E118/><V24/><F24/><W65/><G65/><T103/><D103/><U36/><E36/><V21/><F21/><N who="3" m="13623" /><G8/><T87/><D87/><U100/><E100/><V45/><F45/><W116/><G116/><T98/><D98/><U79/><E86/><N who="2" m="52247" /><F108/><W96/><G35/><T94/><D58/><U105/><E105/><V68/><F68/><W132/><G132/><T67/><REACH who="0" step="1"/><D82/><REACH who="0" ten="207,256,273,254" step="2"/><U2/><E2/><V39/><F83/><W27/><G96/><T122/><D122/><U123/><E123/><V11/><F80/><W6/><G6/><AGARI ba="0,1" hai="6,9,12,13,19,22,54,56,60,64,67,85,89,94" machi="6" ten="30,3900,0" yaku="1,1,7,1,8,1,53,0" doraHai="73" doraHaiUra="47" who="0" fromWho="3" sc="207,49,256,0,273,0,254,-39" />
</Scene>
<Scene>
<INIT seed="7,0,0,4,2,69" ten="256,256,273,215" oya="3" hai0="1,77,30,2,64,111,47,62,81,95,99,128,21" hai1="67,8,61,131,13,119,40,101,50,31,106,28,125" hai2="118,58,90,44,89,135,79,46,71,107,11,104,19" hai3="97,33,83,92,18,130,60,93,7,108,120,5,49"/><W22/><G120/><T55/><D111/><U73/><E73/><V32/><F58/><W91/><G108/><T48/><D128/><U57/><E131/><V117/><F19/><W109/><G109/><T98/><D30/><U6/><E125/><V34/><F11/><W133/><G33/><T114/><D21/><U78/><E78/><V54/><F79/><W35/><G35/><T82/><D99/><U96/><E119/><V39/><F54/><W52/><G130/><T84/><D82/><U127/><E127/><V10/><F10/><W70/><G133/><T26/><D26/><U74/><E74/><V59/><F59/><W100/><G83/><T123/><D114/><U29/><E50/><V63/><F63/><W121/><G60/><T126/><D123/><U76/><E76/><V51/><F51/><W94/><G70/><T65/><D126/><U14/><REACH who="1" step="1"/><E40/><REACH who="1" ten="256,246,273,215" step="2"/><V27/><F118/><W113/><G121/><T45/><D48/><U24/><E24/><V68/><F27/><N who="3" m="14807" /><G113/><T85/><D77/><U129/><E129/><V116/><F135/><W41/><G41/><T132/><D132/><U25/><E25/><V72/><F72/><W110/><G110/><T16/><D62/><U38/><E38/><AGARI ba="0,1" hai="32,34,38,39,44,46,68,71,89,90,104,107,116,117" machi="38" ten="25,6400,0" yaku="22,2,52,2" doraHai="69" who="2" fromWho="1" sc="256,0,246,-64,273,74,215,0" owari="256,6.0,182,-32.0,347,44.0,215,-18.0" />
</Scene>
</mjloggm>