<mjloggm ver="2.3"><GO type="169" lobby="0"/><UN n0="%E3%81%8F%E3%82%89%E3%81%BF%E3%81%98%E3%81%82" n1="%E5%A4%AA%E3%81%8F%E3%81%AA%E3%81%84%E3%81%8A" n2="%65%72%6F%67%72%65%65%6E" n3="%E5%8F%8A%E5%B7%9D%E5%86%B0%E9%BA%97" dan="17,18,16,16" rate="2218.44,2196.50,2165.30,2038.87" sx="M,M,M,M"/><TAIKYOKU oya="0"/>

<Scene>
<INIT seed="0,0,0,3,5,55" ten="250,250,250,250" oya="0" hai0="62,54,10,67,112,27,35,36,28,77,15,40,79" hai1="80,92,89,60,8,29,52,121,2,105,21,66,115" hai2="100,117,14,134,68,49,131,125,75,119,46,78,13" hai3="5,57,19,32,95,103,30,20,104,63,47,70,43"/><T111/><D112/><U76/><E105/><V22/><F131/><W113/><G70/><T37/><D111/><U74/><E121/><V69/><F134/><W81/><G104/><T130/><D130/><U12/><E2/><V23/><F125/><W118/><G118/><N who="2" m="45065" /><F100/><W88/><G32/><T51/><D40/><U73/><E115/><V48/><F78/><W11/><G30/><T0/><D0/><U4/><E74/><V122/><F75/><W132/><G113/><T116/><D116/><U124/><E124/><V83/><F83/><W26/><G81/><T129/><D129/><U94/><E89/><V85/><F85/><N who="3" m="52623" /><G132/><T93/><D93/><U91/><E91/><V9/><F48/><N who="3" m="26751" /><G103/><T109/><D109/><U18/><E29/><V99/><F99/><W98/><G98/><T72/><D72/><U41/><E92/><V87/><F87/><W61/><G61/><T86/><D86/><U25/><E94/><V135/><F135/><W38/><G38/><T42/><D37/><U126/><E126/><V107/><F107/><W90/><G90/><T102/><D102/><U7/><E80/><V120/><F68/><W56/><G63/><T123/><D123/><U110/><E110/><V34/><F69/><W31/><G5/><N who="0" m="3535" /><D42/><U114/><E41/><N who="2" m="24783" /><F34/><W16/><G11/><T6/><D36/><U127/><E127/><V58/><F9/><W50/><G50/><T106/><D106/><U65/><E114/><V24/><F122/><W3/><G3/><T128/><D128/><U71/><E71/><V33/><F120/><W17/><AGARI ba="0,0" hai="16,17,19,20,26,31,56,57" m="26751,52623" machi="17" ten="30,8000,1" yaku="8,1,52,2,54,2" doraHai="55" who="3" fromWho="3" sc="250,-40,250,-20,250,-20,250,80" />
</Scene>
<Scene>
<INIT seed="1,0,0,1,2,55" ten="210,230,230,330" oya="1" hai0="51,94,100,109,22,47,46,12,0,111,38,16,30" hai1="65,106,19,25,89,99,26,78,61,56,24,76,88" hai2="119,127,14,17,9,11,8,21,105,13,113,70,18" hai3="66,122,27,50,77,114,79,86,37,93,102,64,31"/><U98/><E19/><V67/><F105/><W42/><G37/><T29/><D0/><U1/><E1/><V133/><F70/><W35/><G114/><T34/><D38/><U33/><E33/><V90/><F67/><W45/><G122/><T36/><D36/><U84/><E106/><V57/><F119/><W128/><G128/><T130/><D130/><U85/><E99/><V92/><F113/><W131/><G131/><T60/><D60/><U58/><E98/><V68/><F68/><W112/><G112/><T81/><D81/><N who="1" m="49199" /><E58/><V4/><F127/><W7/><G7/><T101/><D47/><U87/><E87/><V82/><F133/><W72/><G86/><T126/><D126/><U52/><E65/><V117/><F117/><W63/><G66/><T132/><D94/><AGARI ba="0,0" hai="24,25,26,52,56,61,76,78,84,89,94" m="49199" machi="94" ten="30,11600,0" yaku="8,1,52,1,54,2" doraHai="55" who="1" fromWho="0" sc="210,-116,230,116,230,0,330,0" />
</Scene>
<Scene>
<INIT seed="1,1,0,0,3,69" ten="94,346,230,330" oya="1" hai0="53,129,58,109,120,96,100,80,71,106,89,114,16" hai1="5,17,22,9,126,105,70,112,97,3,52,74,45" hai2="124,77,127,135,79,47,41,121,24,75,63,61,23" hai3="101,76,113,73,39,131,34,92,117,64,102,68,49"/><U123/><E112/><V11/><F121/><W2/><G117/><T50/><D114/><U119/><E119/><V33/><F33/><W54/><G39/><T84/><D71/><U62/><E123/><V133/><F11/><W107/><G113/><T95/><D120/><U108/><E74/><V83/><F77/><W87/><G34/><T21/><D129/><U91/><E126/><N who="2" m="48171" /><F23/><W118/><G2/><T104/><REACH who="0" step="1"/><D109/><REACH who="0" ten="84,346,230,330" step="2"/><U4/><E108/><V25/><F133/><W1/><G131/><T14/><AGARI ba="1,1" hai="14,16,21,50,53,58,80,84,89,95,96,100,104,106" machi="14" ten="20,8000,1" yaku="1,1,2,1,0,1,7,1,54,1,53,0" doraHai="69" doraHaiUra="67" who="0" fromWho="0" sc="84,93,346,-41,230,-21,330,-21" />
</Scene>
<Scene>
<INIT seed="2,0,0,0,3,50" ten="177,305,209,309" oya="2" hai0="56,69,86,126,75,117,36,74,125,4,30,37,133" hai1="97,16,9,24,93,77,95,120,11,1,101,99,85" hai2="89,52,64,107,72,0,51,88,57,68,104,48,33" hai3="116,121,65,42,84,17,128,78,54,105,100,112,26"/><V3/><F72/><W127/><G116/><T106/><D106/><U12/><E120/><V61/><F33/><W63/><G121/><T7/><D69/><U118/><E118/><V38/><F38/><W58/><G112/><T8/><D30/><U76/><E24/><V90/><REACH who="2" step="1"/><F51/><REACH who="2" ten="177,305,199,309" step="2"/><W43/><G128/><T55/><D75/><U53/><E85/><V83/><F83/><W73/><G84/><T32/><D74/><U114/><E114/><V87/><F87/><W110/><G73/><T10/><D32/><U91/><E77/><V19/><F19/><W13/><G78/><T2/><D117/><U124/><E76/><V62/><F62/><W6/><G63/><T129/><D86/><U119/><E119/><V94/><F94/><W132/><G17/><T96/><D129/><U18/><E18/><V92/><F92/><W40/><G105/><AGARI ba="0,1" hai="0,3,48,52,57,61,64,68,88,89,90,104,105,107" machi="105" ten="40,12000,1" yaku="1,1,52,1,54,2,53,0" doraHai="50" doraHaiUra="108" who="2" fromWho="3" sc="177,0,305,0,199,130,309,-120" />
</Scene>
<Scene>
<INIT seed="2,1,0,1,1,77" ten="177,305,329,189" oya="2" hai0="62,126,15,99,18,19,89,128,108,58,29,68,85" hai1="47,113,56,133,52,36,96,5,8,28,112,38,30" hai2="129,22,33,3,116,35,125,21,109,115,70,90,20" hai3="73,82,57,4,53,67,135,114,54,0,122,111,92"/><V26/><F70/><W12/><G122/><T91/><D68/><U1/><E133/><V94/><F116/><W61/><G111/><T75/><D75/><U130/><E130/><V80/><F115/><W83/><G135/><T14/><D128/><U41/><E38/><V76/><F129/><W34/><G34/><T110/><D126/><U69/><E69/><V121/><F121/><W43/><G73/><T46/><D29/><U51/><REACH who="1" step="1"/><E96/><REACH who="1" ten="177,295,329,189" step="2"/><V71/><F71/><W119/><G119/><T16/><D99/><U93/><E93/><V123/><F123/><W63/><G114/><AGARI ba="1,1" hai="1,5,8,28,30,36,41,47,51,52,56,112,113,114" machi="114" ten="40,5200,0" yaku="1,1,54,1,53,1" doraHai="77" doraHaiUra="40" who="1" fromWho="3" sc="177,0,295,65,329,0,189,-55" />
</Scene>
<Scene>
<INIT seed="3,0,0,2,2,49" ten="177,360,329,134" oya="3" hai0="25,61,19,115,94,62,117,73,31,128,106,116,125" hai1="11,79,131,118,67,74,13,55,54,101,105,93,42" hai2="127,89,10,16,135,24,80,59,20,110,96,85,0" hai3="71,111,38,78,57,35,48,123,65,23,130,84,52"/><W90/><G123/><T68/><D106/><U36/><E105/><V126/><F110/><W69/><G35/><T58/><D73/><U7/><E131/><V51/><F135/><W95/><G130/><T109/><D128/><U17/><E118/><V124/><F96/><W64/><G38/><T8/><D109/><U53/><E67/><N who="3" m="25674" /><G111/><T18/><D68/><U2/><E101/><V114/><F114/><W98/><G69/><T3/><D115/><U40/><E93/><V97/><F97/><W21/><G71/><T91/><D3/><U44/><E42/><V99/><F99/><W76/><G98/><T33/><D117/><U46/><E46/><V28/><F0/><W133/><G133/><T66/><D116/><U107/><E107/><V70/><F70/><W103/><G103/><T45/><D62/><U132/><E132/><V32/><F10/><W5/><G5/><T26/><D8/><U83/><E54/><N who="2" m="32223" /><F32/><W39/><G39/><T63/><D33/><U100/><E100/><V43/><F43/><W121/><G121/><T134/><D134/><U75/><E75/><V108/><F108/><W88/><G90/><T81/><D91/><U60/><E60/><V72/><F72/><W87/><G87/><T104/><D61/><U102/><E102/><V129/><F129/><W41/><G41/><T34/><D63/><U77/><E77/><AGARI ba="0,0" hai="21,23,48,52,57,76,77,78,84,88,95" m="25674" machi="77" ten="30,11600,0" yaku="8,1,52,1,54,2" doraHai="49" who="3" fromWho="1" sc="177,0,360,-116,329,0,134,116" />
</Scene>
<Scene>
<INIT seed="3,1,0,3,2,91" ten="177,244,329,250" oya="3" hai0="119,90,111,27,114,59,71,31,94,131,29,48,107" hai1="55,127,82,14,37,7,120,93,18,34,64,101,51" hai2="121,130,84,105,53,65,78,128,113,102,87,110,83" hai3="57,67,85,72,77,134,122,42,60,88,36,15,117"/><W40/><G122/><T98/><D71/><U124/><E120/><V0/><F121/><W49/><G117/><T50/><D119/><U25/><E37/><V35/><F0/><W58/><G134/><T112/><D107/><U24/><E7/><V116/><F35/><W22/><G36/><T125/><D125/><N who="1" m="48203" /><E64/><V16/><F116/><W33/><G33/><T19/><D131/><U106/><E106/><V76/><F65/><W133/><G133/><T5/><D5/><U6/><E6/><V2/><F2/><W129/><G129/><N who="2" m="49769" /><F113/><N who="0" m="43626" /><D111/><U54/><E82/><N who="2" m="47175" /><F53/><N who="1" m="19977" /><E51/><N who="0" m="19497" /><D59/><U70/><E70/><V52/><F52/><N who="3" m="31887" /><G77/><T45/><D45/><U20/><E34/><V28/><F110/><W23/><G72/><T9/><D9/><U66/><E66/><V13/><F105/><W135/><G135/><T56/><D56/><U99/><AGARI ba="1,0" hai="14,18,20,24,25,93,99,101" m="19977,48203" machi="99" ten="30,2000,0" yaku="18,1,52,1" doraHai="91" who="1" fromWho="1" sc="177,-6,244,23,329,-6,250,-11" />
</Scene>
<Scene>
<INIT seed="4,0,0,2,5,55" ten="171,267,323,239" oya="0" hai0="19,67,16,2,119,43,86,94,4,36,104,109,46" hai1="21,118,7,114,20,38,26,31,115,0,112,130,1" hai2="51,103,30,80,47,32,42,102,106,117,113,132,33" hai3="58,56,92,108,98,126,6,73,72,125,69,83,64"/><T60/><D119/><U101/><E38/><V111/><F113/><W131/><G108/><T3/><D104/><U25/><E101/><V76/><F132/><W99/><G131/><T29/><D29/><N who="1" m="17575" /><E130/><V49/><F111/><W91/><G98/><T134/><D134/><U100/><E100/><V34/><F117/><W39/><G39/><T65/><D65/><U70/><E70/><V77/><F77/><N who="3" m="44455" /><G6/><T133/><D133/><U87/><E87/><V5/><F5/><W66/><G73/><T85/><D109/><U10/><E118/><V122/><F106/><W129/><G129/><T128/><D128/><U116/><E116/><V48/><F30/><W23/><G23/><T13/><D4/><U120/><E120/><V9/><F122/><W14/><G14/><AGARI ba="0,0" hai="0,1,7,10,14,21,26,31,112,114,115" m="17575" machi="14" ten="30,7700,0" yaku="15,1,11,1,34,2" doraHai="55" who="1" fromWho="3" sc="171,0,267,77,323,0,239,-77" />
</Scene>
<Scene>
<INIT seed="5,0,0,5,1,112" ten="171,344,323,162" oya="1" hai0="30,97,78,77,34,117,47,90,10,37,91,108,132" hai1="129,36,118,3,96,73,35,65,8,113,109,29,98" hai2="105,26,45,104,103,75,22,88,101,21,18,5,99" hai3="6,58,61,23,56,24,123,41,87,127,110,67,69"/><U92/><E36/><V130/><F75/><W106/><G106/><T15/><D108/><U60/><E73/><V28/><F5/><W72/><G72/><T20/><D34/><U44/><E44/><V64/><F130/><W74/><G123/><T102/><D47/><U93/><E113/><V70/><F70/><W54/><G110/><T133/><D37/><U13/><E3/><V57/><F45/><W126/><G74/><T76/><D20/><U85/><E109/><V25/><F105/><W66/><G41/><T119/><D30/><U80/><E129/><V4/><F4/><W39/><G6/><T38/><D38/><U53/><E53/><V43/><F43/><W79/><G39/><T40/><D40/><U9/><E35/><V62/><F104/><W83/><G69/><T100/><D10/><U135/><E29/><V17/><F28/><W2/><G2/><T71/><D15/><U52/><E65/><V7/><F7/><W46/><G46/><T131/><D71/><U16/><E8/><V134/><F134/><N who="0" m="51818" /><D131/><U116/><E135/><V94/><AGARI ba="0,0" hai="17,18,21,22,25,26,57,62,64,88,94,99,101,103" machi="94" ten="30,7900,0" yaku="0,1,9,1,8,1,54,1" doraHai="112" who="2" fromWho="2" sc="171,-20,344,-39,323,79,162,-20" />
</Scene>
<Scene>
<INIT seed="6,0,0,4,5,36" ten="151,305,402,142" oya="2" hai0="17,10,35,120,98,129,45,110,51,58,85,74,67" hai1="1,78,77,93,119,41,63,59,31,73,96,127,46" hai2="83,48,64,112,52,94,33,113,115,82,23,13,70" hai3="114,88,9,122,43,19,108,89,103,101,15,8,57"/><V121/><F121/><W68/><G122/><T100/><D74/><U95/><E119/><V65/><F33/><W49/><G108/><T21/><D35/><U0/><E127/><V66/><F70/><W11/><G68/><T126/><D120/><U109/><E109/><V133/><F133/><W27/><G114/><T134/><D134/><U128/><E128/><V4/><F94/><W3/><G3/><T18/><D126/><U111/><E111/><V97/><F97/><W50/><G27/><T105/><D110/><U117/><E117/><V54/><F54/><N who="3" m="31959" /><G101/><T38/><D38/><U34/><E34/><V86/><F86/><W26/><G26/><T125/><D125/><U79/><E73/><V75/><F75/><W107/><G103/><T40/><D129/><U135/><E135/><V56/><F23/><N who="3" m="11775" /><G107/><T60/><D21/><U72/><E72/><V71/><F71/><W16/><G16/><T99/><D10/><AGARI ba="0,0" hai="4,10,13,48,52,56,64,65,66,82,83,112,113,115" machi="10" ten="50,4800,0" yaku="15,1,54,1" doraHai="36" who="2" fromWho="0" sc="151,-48,305,0,402,48,142,0" />
</Scene>
<Scene>
<INIT seed="6,1,0,1,5,97" ten="103,305,450,142" oya="2" hai0="28,51,105,63,95,21,114,49,115,76,36,128,7" hai1="52,84,135,85,113,78,96,80,12,41,23,5,127" hai2="35,67,68,73,109,118,94,122,90,39,66,93,9" hai3="87,16,61,104,112,72,102,27,24,134,0,75,82"/><V65/><F122/><W44/><G0/><T132/><D36/><U126/><E41/><V124/><F118/><W79/><G134/><T62/><D105/><U69/><E69/><V50/><F39/><W107/><G112/><T40/><D132/><U10/><E135/><V46/><F35/><W45/><G104/><T98/><D76/><U71/><E71/><V101/><F73/><W64/><G75/><T54/><D7/><U99/><E113/><N who="0" m="43017" /><D128/><U19/><E84/><V1/><F124/><W13/><G72/><T22/><D40/><U81/><E81/><V88/><F68/><W100/><G107/><T117/><D117/><U14/><E126/><V32/><F32/><W58/><G44/><N who="0" m="27943" /><D51/><U8/><E127/><V86/><F109/><W38/><G45/><T119/><D119/><U56/><REACH who="1" step="1"/><E10/><REACH who="1" ten="103,295,450,142" step="2"/><V120/><F9/><N who="3" m="6191" /><G38/><T17/><D63/><AGARI ba="1,1" hai="5,8,12,14,19,23,52,56,63,78,80,85,96,99" machi="63" ten="30,7700,0" yaku="1,1,7,1,8,1,54,1,53,0" doraHai="97" doraHaiUra="133" who="1" fromWho="0" sc="103,-80,295,90,450,0,142,0" />
</Scene>
<Scene>
<INIT seed="7,0,0,4,2,15" ten="23,385,450,142" oya="3" hai0="66,132,76,13,69,77,14,46,103,113,3,8,84" hai1="37,79,30,21,38,83,71,53,43,20,98,40,101" hai2="48,80,129,5,17,133,104,127,23,110,70,54,60" hai3="124,74,51,35,91,12,59,135,9,130,97,42,89"/><W112/><G74/><T26/><D3/><U118/><E71/><V105/><F110/><W116/><G124/><T50/><D132/><U96/><E118/><V95/><F5/><W22/><G116/><T102/><D69/><U75/><E53/><V25/><F129/><W99/><G35/><T63/><D113/><U41/><E30/><V125/><F133/><W100/><G135/><T1/><D1/><U61/><E61/><V93/><F80/><W72/><G22/><T119/><D119/><U107/><E21/><V108/><F108/><W92/><G112/><T6/><D26/><U94/><E98/><V55/><F55/><W18/><G72/><T47/><D63/><U86/><REACH who="1" step="1"/><E20/><REACH who="1" ten="23,375,450,142" step="2"/><N who="2" m="13455" /><F60/><W11/><G99/><T28/><D66/><U56/><E56/><V62/><F23/><W73/><G91/><AGARI ba="0,1" hai="37,38,40,41,43,75,79,83,86,91,94,96,101,107" machi="91" ten="40,8000,1" yaku="1,1,24,2,53,1" doraHai="15" doraHaiUra="88" who="1" fromWho="3" sc="23,0,375,90,450,0,142,-80" owari="23,-48.0,465,57.0,450,25.0,62,-34.0" />
</Scene>
</mjloggm>