<mjloggm ver="2.3"><GO type="169" lobby="0"/><UN n0="%E6%B0%B4%E5%B8%8C%E2%99%AA" n1="%E5%A4%AA%E3%81%8F%E3%81%AA%E3%81%84%E3%81%8A" n2="%E3%81%82%E3%81%84%E3%81%82%E3%81%8A%E3%81%84" n3="%6D%69%74%73%75%36%31%31" dan="17,18,17,16" rate="2190.70,2267.10,2139.87,2108.39" sx="M,F,M,M"/><TAIKYOKU oya="0"/>

<Scene>
<INIT seed="0,0,0,5,4,9" ten="250,250,250,250" oya="0" hai0="11,36,12,102,113,78,117,77,30,6,90,86,107" hai1="79,109,50,88,20,58,15,37,45,121,24,103,96" hai2="61,33,16,99,110,26,115,112,128,89,131,108,105" hai3="122,119,46,40,52,97,124,95,14,68,84,130,74"/><T85/><D113/><N who="2" m="43594" /><F61/><W60/><G122/><T41/><D117/><U57/><E121/><V25/><F89/><W1/><G1/><T135/><D135/><U123/><E37/><V83/><F83/><W75/><G119/><T17/><D30/><N who="1" m="17671" /><E79/><V42/><F42/><W31/><G31/><T73/><D73/><U125/><E103/><V53/><F53/><W69/><G84/><T5/><D107/><U54/><E109/><N who="2" m="42091" /><F99/><W32/><G32/><T51/><D102/><U133/><E125/><V94/><F94/><W21/><G124/><T65/><D36/><U38/><E38/><V47/><F47/><W104/><G104/><T111/><D65/><U55/><E55/><V13/><F105/><W18/><G75/><T67/><D67/><U106/><E133/><V2/><F2/><W101/><G74/><T134/><D134/><U8/><E123/><V23/><F33/><W44/><G40/><T91/><D111/><U64/><E64/><V129/><AGARI ba="0,0" hai="13,16,23,25,26,128,129,131" m="42091,43594" machi="129" ten="40,12000,2" yaku="19,1,14,1,34,2,52,1,54,1" doraHai="9" who="2" fromWho="2" sc="250,-60,250,-30,250,120,250,-30" />
</Scene>
<Scene>
<INIT seed="1,0,0,1,3,44" ten="190,220,370,220" oya="1" hai0="4,40,58,0,15,9,105,120,103,85,18,134,74" hai1="19,104,99,116,80,43,84,101,37,21,79,76,38" hai2="130,31,51,45,131,115,17,112,95,118,48,107,1" hai3="100,16,124,121,20,127,63,5,28,30,73,87,10"/><U6/><E116/><V61/><F107/><W90/><G73/><T70/><D74/><U52/><E6/><V82/><F1/><W54/><G100/><T119/><D70/><U39/><E43/><V109/><F118/><W122/><G63/><T71/><D71/><U41/><E41/><V91/><F31/><W11/><G54/><T27/><D103/><U110/><E110/><V14/><F61/><W49/><G49/><N who="2" m="19017" /><F82/><W106/><G106/><T59/><D105/><U102/><E102/><V35/><F35/><W69/><G69/><T133/><D120/><N who="3" m="46185" /><G87/><T123/><D85/><U94/><E104/><V108/><F45/><W89/><G89/><T24/><D119/><U72/><E72/><V47/><F47/><W126/><G90/><T23/><D123/><U68/><E68/><V86/><F109/><W2/><G11/><T75/><D75/><U97/><E79/><V78/><F78/><W46/><G46/><T60/><D40/><U117/><E117/><V67/><F67/><W129/><G129/><N who="2" m="49161" /><F108/><W7/><G7/><T34/><D34/><U111/><E111/><V62/><F62/><W66/><G66/><N who="0" m="39191" /><D59/><U93/><E52/><V64/><F64/><W83/><G83/><T125/><D0/><U113/><E38/><V25/><F25/><AGARI ba="0,0" hai="2,5,10,16,20,25,28,30,124,126,127" m="46185" machi="25" ten="40,8000,1" yaku="18,1,34,2,54,1" doraHai="44" who="3" fromWho="2" sc="190,0,220,0,370,-80,220,80" />
</Scene>
<Scene>
<INIT seed="2,0,0,3,5,39" ten="190,220,290,300" oya="2" hai0="69,53,64,105,96,119,5,132,67,66,131,86,126" hai1="56,135,26,101,106,47,76,89,74,35,50,102,13" hai2="78,104,121,130,44,92,111,31,120,12,38,43,59" hai3="49,46,75,22,45,11,2,63,55,30,60,90,70"/><V87/><F104/><W80/><G70/><T21/><D5/><U34/><E135/><V68/><F68/><W17/><G75/><T128/><D21/><U54/><E74/><V29/><F130/><N who="0" m="49706" /><D86/><U93/><E76/><V8/><F59/><W77/><G77/><T7/><D7/><U83/><E83/><V9/><F9/><W28/><G2/><T88/><D105/><U32/><E106/><V123/><F111/><W14/><G22/><T40/><D88/><U114/><E114/><V112/><F112/><W116/><G116/><T109/><D96/><U71/><E71/><V18/><REACH who="2" step="1"/><F92/><REACH who="2" ten="190,220,280,300" step="2"/><W65/><G60/><T84/><D109/><U117/><E56/><V19/><F19/><W91/><G63/><T73/><D69/><U99/><E117/><V108/><F108/><W61/><G61/><T15/><D119/><U107/><E107/><V4/><F4/><W0/><G30/><T127/><D127/><U134/><E134/><V27/><F27/><W118/><G28/><T62/><D126/><U10/><E26/><V6/><F6/><W33/><G118/><T103/><D132/><U36/><E10/><V20/><F20/><W42/><G0/><T57/><D66/><U23/><E23/><V129/><F129/><W94/><G94/><T85/><D67/><U81/><E13/><V25/><F25/><W110/><G65/><T16/><D64/><U124/><E124/><V95/><F95/><W82/><G110/><T98/><D15/><U113/><E113/><V97/><F97/><W115/><G115/><T52/><D62/><U41/><E99/><RYUUKYOKU ba="0,1" sc="190,-10,220,-10,280,30,300,-10" hai2="8,12,18,29,31,38,43,44,78,87,120,121,123" />
</Scene>
<Scene>
<INIT seed="2,1,1,0,2,63" ten="180,210,310,290" oya="2" hai0="95,36,6,60,32,8,31,26,39,135,16,51,35" hai1="98,132,18,64,121,19,126,38,131,45,40,127,83" hai2="9,87,42,1,128,69,47,11,71,113,0,59,111" hai3="67,130,102,70,34,80,17,75,7,50,112,41,12"/><V27/><F113/><W5/><G34/><T62/><D135/><U52/><E132/><V21/><F128/><W81/><G130/><T55/><D35/><U66/><E131/><V65/><F59/><W116/><G116/><T56/><D95/><U10/><E121/><V93/><F9/><W78/><G112/><T124/><D124/><N who="1" m="47659" /><E98/><V25/><F25/><W44/><G102/><T4/><D4/><U74/><E52/><V89/><F71/><W22/><REACH who="3" step="1"/><G80/><REACH who="3" ten="180,210,310,280" step="2"/><T3/><D32/><U134/><E134/><V23/><F111/><W13/><G13/><T20/><REACH who="0" step="1"/><D31/><REACH who="0" ten="170,210,310,280" step="2"/><U54/><E83/><N who="2" m="49407" /><F1/><W118/><G118/><T101/><D101/><U86/><E19/><V96/><F0/><W61/><AGARI ba="1,3" hai="5,7,12,17,22,41,44,50,61,67,70,75,78,81" machi="61" ten="30,4000,0" yaku="1,1,0,1,52,1,53,0" doraHai="63" doraHaiUra="97" who="3" fromWho="3" sc="170,-11,210,-11,310,-21,280,73" />
</Scene>
<Scene>
<INIT seed="3,0,0,3,5,8" ten="159,199,289,353" oya="3" hai0="110,84,42,135,44,108,73,75,80,115,24,94,112" hai1="79,72,57,129,99,4,36,22,13,1,39,32,69" hai2="48,102,132,3,74,87,130,95,21,101,55,35,58" hai3="23,91,71,51,64,52,17,41,88,92,11,78,104"/><W83/><G104/><T34/><D34/><U54/><E69/><V28/><F3/><W56/><G41/><T120/><D24/><U63/><E32/><V86/><F74/><N who="0" m="28170" /><D44/><U121/><E121/><V19/><F132/><W61/><G11/><T6/><D6/><U105/><E1/><V0/><F0/><W93/><G78/><N who="0" m="46103" /><D42/><U67/><E79/><V119/><F28/><W49/><G49/><T117/><D120/><U128/><E72/><V100/><F35/><W33/><G33/><T126/><D117/><U76/><E76/><V97/><F119/><W127/><G127/><T47/><D47/><U111/><E54/><V53/><F53/><W38/><G38/><T89/><D135/><U2/><E2/><V62/><F62/><W60/><G60/><T46/><D46/><U59/><E59/><V85/><F130/><N who="1" m="50281" /><E4/><V103/><F21/><W45/><G71/><T5/><D5/><U14/><E22/><V106/><F19/><W118/><G118/><T37/><D37/><N who="1" m="14411" /><E111/><N who="0" m="42537" /><D126/><U66/><E66/><V98/><AGARI ba="0,0" hai="48,55,58,85,86,87,95,97,98,100,101,102,103,106" machi="98" ten="30,1100,0" yaku="0,1" doraHai="8" who="2" fromWho="2" sc="159,-3,199,-3,289,11,353,-5" />
</Scene>
<Scene>
<INIT seed="4,0,0,3,0,133" ten="156,196,300,348" oya="0" hai0="76,134,104,120,50,123,49,99,80,47,38,59,12" hai1="31,105,78,79,17,2,93,40,116,71,97,81,121" hai2="112,36,67,95,25,98,45,55,86,92,101,127,107" hai3="58,32,24,118,7,48,64,122,135,21,100,73,103"/><T63/><D38/><U8/><E116/><V41/><F112/><W6/><G118/><T126/><D134/><U87/><E121/><V1/><F1/><W28/><G122/><T131/><D131/><U51/><E71/><V88/><F67/><W44/><G73/><T11/><D104/><U20/><E105/><V61/><F127/><W10/><G32/><T4/><D99/><U85/><E31/><V124/><F124/><W39/><G39/><T13/><D13/><U18/><E2/><V119/><F119/><W19/><G28/><T43/><D50/><U0/><E0/><V57/><REACH who="2" step="1"/><F25/><REACH who="2" ten="156,196,290,348" step="2"/><W52/><G135/><T125/><D123/><U89/><E8/><V83/><AGARI ba="0,1" hai="36,41,45,55,57,61,83,86,88,92,95,98,101,107" machi="83" ten="20,12000,2" yaku="1,1,2,1,0,1,7,1,54,1,53,1" doraHai="133" doraHaiUra="70" who="2" fromWho="2" sc="156,-60,196,-30,290,130,348,-30" />
</Scene>
<Scene>
<INIT seed="5,0,0,1,1,81" ten="96,166,420,318" oya="1" hai0="60,37,40,4,89,109,116,51,78,12,77,93,36" hai1="90,65,53,69,79,134,96,104,54,2,10,49,123" hai2="110,13,14,58,57,8,64,128,85,122,11,19,121" hai3="25,113,124,16,68,107,108,17,20,30,133,41,84"/><U38/><E123/><V71/><F110/><W27/><G68/><T45/><D109/><U92/><E38/><V131/><F71/><W55/><G108/><T66/><D116/><U61/><E134/><V50/><F50/><W39/><G107/><T59/><D36/><U33/><E33/><V18/><F64/><W1/><G1/><T44/><D4/><U97/><E79/><V26/><F85/><W112/><G133/><T28/><D28/><U91/><E49/><V6/><F26/><W99/><G99/><T76/><D12/><U56/><E69/><V52/><F52/><W83/><G124/><T43/><REACH who="0" step="1"/><D76/><REACH who="0" ten="86,166,420,318" step="2"/><U47/><E2/><V24/><F24/><W3/><G3/><T111/><D111/><U135/><E135/><V23/><F6/><W127/><G25/><T106/><D106/><U117/><E117/><V46/><F14/><W0/><G0/><T74/><D74/><U80/><E104/><V5/><F13/><W94/><G39/><T15/><D15/><U129/><E10/><V48/><F11/><W105/><G105/><T95/><D95/><U130/><E130/><V22/><F8/><W67/><G27/><T114/><D114/><U70/><E129/><V103/><F5/><W120/><G112/><T100/><D100/><U63/><E92/><V31/><F103/><W115/><G115/><T42/><D42/><U126/><E126/><V88/><F128/><W35/><G127/><T75/><D75/><U101/><E101/><V62/><F31/><W29/><G113/><T72/><D72/><U7/><E7/><V73/><F131/><RYUUKYOKU ba="0,1" sc="86,30,166,-10,420,-10,318,-10" hai0="37,40,43,44,45,51,59,60,66,77,78,89,93" />
</Scene>
<Scene>
<INIT seed="6,1,1,2,3,69" ten="116,156,410,308" oya="2" hai0="30,102,77,58,29,129,113,125,5,86,121,117,98" hai1="82,37,92,133,19,68,123,80,79,119,28,76,3" hai2="128,4,59,87,57,49,8,72,126,43,83,96,115" hai3="14,63,23,51,106,114,34,67,56,2,6,120,65"/><V90/><F72/><W1/><G106/><T84/><D121/><U54/><E68/><V39/><F115/><W20/><G120/><T61/><D113/><U25/><E123/><V32/><F32/><W109/><G34/><T101/><D129/><U7/><E119/><V91/><F128/><W122/><G122/><T118/><D5/><U111/><E111/><V97/><F126/><W104/><G104/><T75/><D75/><U103/><E37/><V38/><F43/><W26/><G109/><T124/><D58/><U48/><E133/><V62/><F49/><W36/><G36/><T99/><REACH who="0" step="1"/><D61/><REACH who="0" ten="106,156,410,308" step="2"/><U85/><E7/><V42/><F59/><W116/><G56/><T132/><D132/><U107/><E3/><V78/><F57/><W13/><G6/><T134/><D134/><U81/><E79/><AGARI ba="1,2" hai="29,30,77,79,84,86,98,99,101,102,117,118,124,125" machi="79" ten="25,8000,1" yaku="1,1,22,2,53,2" doraHai="69" doraHaiUra="24" who="0" fromWho="1" sc="106,103,156,-83,410,0,308,0" />
</Scene>
<Scene>
<INIT seed="7,0,0,0,1,26" ten="209,73,410,308" oya="3" hai0="105,12,35,104,69,0,48,30,112,4,68,32,91" hai1="59,34,131,20,109,25,85,55,1,95,7,103,29" hai2="128,17,115,56,72,58,123,99,18,101,27,54,63" hai3="133,83,23,87,15,93,28,70,97,78,76,90,57"/><W108/><G70/><N who="0" m="27243" /><D0/><U122/><E131/><V79/><F115/><W39/><G39/><T2/><D2/><U77/><E122/><V14/><F128/><W119/><G119/><T40/><D91/><U74/><E109/><V121/><F27/><W129/><G129/><T86/><D86/><U106/><E74/><V41/><F41/><W43/><G43/><T3/><D12/><U36/><E36/><V134/><F134/><W88/><G133/><T64/><D64/><U81/><E106/><V120/><F14/><W73/><G108/><T42/><D48/><U135/><E135/><V96/><F58/><W6/><G73/><T67/><D67/><U98/><E1/><V111/><F111/><W116/><G116/><T49/><D49/><U11/><E34/><V125/><F125/><W31/><G57/><T89/><D35/><U94/><E94/><N who="2" m="58615" /><F96/><W130/><G130/><T21/><D32/><U71/><E71/><V75/><F75/><W9/><G23/><T50/><D40/><U82/><E82/><AGARI ba="0,0" hai="17,18,54,56,63,72,79,82,120,121,123" m="58615" machi="82" ten="30,1000,0" yaku="13,1" doraHai="26" who="2" fromWho="1" sc="209,0,73,-10,410,10,308,0" owari="209,-19.0,63,-44.0,420,52.0,308,11.0" />
</Scene>
</mjloggm>