<mjloggm ver="2.3"><GO type="169" lobby="0"/><UN n0="%E5%A4%AA%E3%81%8F%E3%81%AA%E3%81%84%E3%81%8A" n1="%E3%81%8D%E3%81%A4%E3%83%BC%E3%81%AD" n2="%58%E7%8C%AB" n3="%E2%98%85%E6%96%B0%E5%9E%A3%E3%81%82%E3%82%84%E3%81%9B%E2%98%85" dan="17,16,17,16" rate="2187.79,2079.76,2163.20,2068.89" sx="M,M,M,F"/><TAIKYOKU oya="0"/>

<Scene>
<INIT seed="0,0,0,5,0,110" ten="250,250,250,250" oya="0" hai0="116,17,114,61,25,13,99,104,44,81,55,18,79" hai1="96,52,100,15,64,135,131,85,65,124,30,9,49" hai2="102,2,129,107,43,125,14,83,77,38,8,92,20" hai3="46,60,37,128,69,103,31,132,115,120,47,54,10"/><T53/><D116/><U40/><E124/><V106/><F20/><W80/><G120/><T121/><D121/><U27/><E131/><V71/><F71/><W91/><G128/><T6/><D104/><U111/><E111/><V62/><F62/><W93/><G115/><T78/><D99/><U105/><E135/><V28/><F28/><W23/><G132/><T41/><D25/><U122/><E40/><V95/><F14/><W19/><G37/><T22/><D6/><U1/><E1/><V97/><F95/><W50/><G103/><T76/><D114/><U98/><E98/><V11/><F11/><W51/><G80/><T39/><D81/><U82/><E122/><V7/><F125/><W68/><G60/><T57/><REACH who="0" step="1"/><D17/><REACH who="0" ten="240,250,250,250" step="2"/><U45/><E27/><V88/><F129/><W34/><G19/><T66/><AGARI ba="0,1" hai="13,18,22,39,41,44,53,55,57,61,66,76,78,79" machi="66" ten="30,11700,0" yaku="1,1,2,1,0,1,53,1" doraHai="110" doraHaiUra="36" who="0" fromWho="0" sc="240,127,250,-39,250,-39,250,-39" />
</Scene>
<Scene>
<INIT seed="0,1,0,4,0,3" ten="367,211,211,211" oya="0" hai0="40,45,27,59,96,39,101,112,85,29,62,132,52" hai1="44,43,6,63,113,78,82,9,72,11,2,22,103" hai2="61,110,120,51,126,20,21,117,107,17,118,33,119" hai3="104,100,116,91,95,111,81,57,114,124,87,25,75"/><T70/><D132/><U47/><E113/><V67/><F120/><W0/><G114/><T34/><D112/><U77/><E103/><V15/><F107/><W10/><G116/><T69/><REACH who="0" step="1"/><D85/><REACH who="0" ten="357,211,211,211" step="2"/><U89/><E77/><V92/><F117/><W115/><G87/><T53/><D53/><U8/><E78/><V131/><F118/><W5/><G75/><T14/><D14/><U105/><E72/><V134/><F15/><W19/><G0/><T106/><AGARI ba="1,1" hai="27,29,34,39,40,45,52,59,62,69,70,96,101,106" machi="106" ten="20,7800,0" yaku="1,1,0,1,7,1,54,1,53,0" doraHai="3" doraHaiUra="80" who="0" fromWho="0" sc="357,91,211,-27,211,-27,211,-27" />
</Scene>
<Scene>
<INIT seed="0,2,0,0,4,30" ten="448,184,184,184" oya="0" hai0="54,100,40,107,77,131,8,63,126,16,37,55,22" hai1="1,110,2,119,91,83,13,11,106,33,43,95,34" hai2="62,97,3,53,82,90,130,132,12,19,73,118,135" hai3="115,0,25,69,10,125,61,89,57,104,71,64,35"/><T98/><D126/><U21/><E106/><V46/><F3/><W58/><G125/><T18/><D131/><U86/><E119/><V109/><F109/><W48/><G104/><T66/><D77/><U102/><E110/><V78/><F130/><W113/><G48/><T111/><D111/><U105/><E43/><V45/><F97/><W79/><G79/><T112/><D112/><U27/><E105/><V114/><F90/><W123/><G123/><T80/><D80/><U28/><E102/><V36/><F36/><W93/><G71/><T76/><D76/><U92/><E2/><V94/><F94/><W68/><G68/><T84/><D84/><U75/><E75/><V38/><F38/><W65/><G69/><T127/><D127/><U41/><E41/><V60/><F53/><W134/><G65/><T101/><D101/><U117/><E117/><V129/><F129/><W128/><G128/><T39/><D39/><U81/><E95/><V4/><F4/><N who="3" m="1287" /><G58/><T67/><D67/><U116/><E116/><V6/><F6/><W74/><G74/><T85/><D85/><U42/><E42/><V15/><F114/><W23/><G113/><T99/><D99/><U9/><E83/><V56/><F118/><W5/><G5/><T29/><D40/><U88/><E81/><V14/><F19/><N who="0" m="7210" /><D37/><U59/><E86/><V50/><F50/><W121/><G115/><T51/><D51/><U133/><E92/><V47/><F56/><W44/><G93/><T72/><D107/><U31/><E59/><V108/><F108/><W70/><G57/><T32/><D98/><RYUUKYOKU ba="2,0" sc="448,-10,184,-10,184,30,184,-10" hai2="12,14,15,45,46,47,60,62,73,78,82,132,135" />
</Scene>
<Scene>
<INIT seed="1,3,0,4,0,52" ten="438,174,214,174" oya="1" hai0="76,42,11,6,43,133,94,129,81,3,29,114,72" hai1="121,84,87,63,71,15,7,44,100,31,83,88,93" hai2="21,123,48,24,61,17,2,115,73,82,98,108,40" hai3="65,110,74,10,101,27,95,80,99,126,131,69,9"/><U86/><E121/><V13/><F123/><W34/><G110/><T105/><D105/><U41/><E31/><V135/><F2/><W68/><G126/><T113/><D29/><U124/><E124/><V77/><F108/><W30/><G131/><T49/><D129/><U64/><E100/><V54/><F135/><W22/><G34/><T36/><D133/><U8/><REACH who="1" step="1"/><E83/><REACH who="1" ten="438,164,214,174" step="2"/><V26/><F115/><W5/><G80/><T20/><D114/><U60/><E60/><V102/><F61/><W55/><G30/><T107/><D113/><U75/><E75/><V134/><F134/><W37/><G74/><T97/><D81/><U130/><E130/><V33/><F33/><W118/><G101/><T4/><D72/><U35/><E35/><V111/><F111/><W106/><G106/><T119/><D107/><U127/><E127/><V109/><F109/><W19/><G95/><T96/><D94/><U46/><E46/><V104/><F40/><W32/><G69/><T39/><D42/><U38/><AGARI ba="3,1" hai="7,8,15,38,41,44,63,64,71,84,86,87,88,93" machi="38" ten="20,7800,0" yaku="1,1,0,1,7,1,54,1,53,0" doraHai="52" doraHaiUra="50" who="1" fromWho="1" sc="438,-29,164,97,214,-29,174,-29" />
</Scene>
<Scene>
<INIT seed="1,4,0,5,5,129" ten="409,261,185,145" oya="1" hai0="108,122,28,99,111,25,115,87,123,79,127,40,36" hai1="61,103,109,90,32,34,68,41,120,20,106,9,119" hai2="74,62,89,15,46,0,134,135,35,56,22,39,121" hai3="78,16,124,126,43,63,72,92,54,58,77,44,91"/><U97/><E119/><V2/><F121/><N who="0" m="46090" /><D127/><N who="3" m="48681" /><G72/><T95/><D115/><U4/><E120/><V70/><F74/><W65/><G16/><T114/><D114/><U31/><E90/><V10/><F35/><W18/><G18/><T96/><D40/><U67/><E41/><N who="2" m="22847" /><F22/><W1/><G65/><T3/><D36/><U116/><E116/><V93/><F70/><W94/><G1/><T128/><D3/><U14/><REACH who="1" step="1"/><E109/><REACH who="1" ten="409,251,185,145" step="2"/><V80/><F89/><W53/><G91/><N who="0" m="53759" /><D128/><U45/><E45/><V29/><F0/><W132/><G44/><T64/><D111/><U8/><E8/><V130/><F2/><W6/><G43/><T59/><D108/><U17/><E17/><V13/><F10/><W48/><G78/><T88/><D79/><U12/><E12/><V83/><F15/><W110/><G77/><T60/><D88/><U21/><E21/><AGARI ba="4,1" hai="21,25,28,59,60,64,96,99" m="53759,46090" machi="21" ten="30,1000,0" yaku="13,1" doraHai="129" who="0" fromWho="1" sc="409,32,251,-22,185,0,145,0" />
</Scene>
<Scene>
<INIT seed="2,0,0,2,3,10" ten="441,229,185,145" oya="2" hai0="20,21,98,123,40,114,51,69,46,113,77,60,39" hai1="95,82,15,38,104,120,59,117,124,63,47,22,128" hai2="36,52,134,92,75,84,30,86,48,3,5,62,127" hai3="111,2,56,79,64,109,106,23,70,61,42,93,65"/><V8/><F36/><W1/><G106/><T131/><D77/><U97/><E117/><V118/><F75/><W100/><G79/><T105/><D20/><U16/><E120/><V119/><F134/><W135/><G23/><T11/><D21/><U103/><E124/><V101/><F127/><W112/><G135/><T0/><D51/><U83/><E128/><V132/><F30/><W107/><G107/><T76/><D76/><U50/><E38/><V89/><F62/><N who="3" m="40247" /><G112/><T9/><D9/><U29/><E29/><V55/><F132/><W110/><G42/><T91/><D91/><U41/><E104/><V34/><F101/><W13/><G13/><T68/><D131/><U67/><AGARI ba="0,0" hai="15,16,22,41,47,50,59,63,67,82,83,95,97,103" machi="67" ten="20,8000,1" yaku="0,1,7,1,8,1,52,1,54,1" doraHai="10" who="1" fromWho="1" sc="441,-20,229,80,185,-40,145,-20" />
</Scene>
<Scene>
<INIT seed="3,0,0,1,0,9" ten="421,309,145,125" oya="3" hai0="13,68,32,113,131,85,97,72,11,62,96,41,23" hai1="116,102,110,111,106,115,4,130,44,65,91,98,40" hai2="90,89,77,54,118,73,81,26,43,0,47,53,124" hai3="39,134,79,21,126,66,56,109,121,30,8,71,99"/><W87/><G121/><T28/><D72/><U42/><E115/><V7/><F118/><W14/><G126/><T105/><D32/><U112/><E112/><V18/><F124/><W35/><G39/><T78/><D113/><U123/><E123/><V101/><F101/><W132/><G35/><T125/><D125/><U117/><E4/><V38/><F26/><N who="3" m="16719" /><G71/><T31/><D105/><U61/><E91/><N who="2" m="34827" /><F18/><N who="3" m="8519" /><G109/><N who="1" m="41482" /><E130/><V127/><F127/><W58/><G66/><T29/><D41/><N who="1" m="15979" /><E44/><V82/><F82/><N who="3" m="47583" /><G99/><T19/><D131/><U12/><E12/><V94/><F94/><W70/><G70/><AGARI ba="0,0" hai="61,65,70,98,102,106,116,117" m="15979,41482" machi="70" ten="30,1000,0" yaku="14,1" doraHai="9" who="1" fromWho="3" sc="421,0,309,10,145,0,125,-10" />
</Scene>
<Scene>
<INIT seed="4,0,0,0,1,101" ten="421,319,145,115" oya="0" hai0="104,21,131,126,98,45,134,100,84,18,54,87,113" hai1="16,102,93,24,128,124,91,58,39,47,41,20,95" hai2="48,19,110,59,51,99,118,83,119,66,56,122,89" hai3="106,12,34,117,123,80,62,79,23,85,77,9,53"/><T15/><D113/><U67/><E128/><V7/><F7/><W68/><G34/><T73/><D73/><U64/><E124/><V111/><F19/><W103/><G117/><T11/><D126/><U36/><E36/><V6/><F6/><W22/><G123/><T135/><D131/><U78/><E78/><V0/><F0/><W31/><G79/><T42/><D54/><U35/><E35/><V5/><F5/><W25/><G22/><T105/><D11/><U81/><E81/><V82/><F99/><W92/><G68/><T125/><D125/><U114/><E114/><V17/><F17/><W13/><G106/><N who="0" m="63767" /><D87/><U132/><E132/><N who="0" m="50729" /><D84/><U14/><E24/><V3/><F3/><W27/><G27/><T44/><D44/><U96/><REACH who="1" step="1"/><E58/><REACH who="1" ten="421,309,145,115" step="2"/><V90/><F122/><W74/><G25/><T115/><D115/><U1/><E1/><V88/><F59/><N who="3" m="35183" /><G77/><T50/><AGARI ba="0,1" hai="15,18,21,42,45,50,104,105" m="50729,63767" machi="50" ten="30,11700,0" yaku="20,1,52,3" doraHai="101" who="0" fromWho="0" sc="421,127,309,-39,145,-39,115,-39" />
</Scene>
<Scene>
<INIT seed="4,1,0,1,2,110" ten="548,270,106,76" oya="0" hai0="35,115,45,93,80,9,55,81,101,53,37,24,84" hai1="134,126,50,57,123,34,39,75,127,65,109,10,120" hai2="99,111,47,22,20,42,131,52,41,79,128,100,72" hai3="32,4,58,69,25,38,105,91,19,73,122,56,130"/><T70/><D70/><U90/><E75/><V8/><F8/><W121/><G69/><T94/><D35/><U86/><E34/><V92/><F111/><W68/><G68/><T5/><D24/><U31/><E31/><V118/><F118/><W54/><G130/><T112/><D37/><U36/><E109/><V44/><F79/><W3/><G73/><T66/><D66/><U95/><E10/><V103/><F72/><W51/><G105/><T106/><D106/><U132/><E65/><V15/><F15/><W40/><G91/><T13/><D80/><U74/><E74/><V87/><F87/><W14/><G56/><T82/><D81/><U33/><E33/><V125/><F92/><W102/><G102/><T104/><D104/><U0/><E0/><V135/><F99/><W12/><G3/><T6/><D6/><U78/><E50/><V62/><F62/><W7/><G7/><T28/><D28/><U30/><E30/><V64/><F64/><W71/><G4/><T89/><D45/><U27/><E27/><V18/><F18/><W16/><G19/><T1/><D1/><U114/><E57/><V17/><F17/><W98/><G71/><T23/><D23/><U116/><E116/><V61/><F61/><W133/><G32/><T11/><D11/><U46/><E39/><V63/><F63/><W76/><G38/><T129/><D129/><U85/><E36/><V119/><F119/><W83/><G25/><T96/><D82/><U124/><E78/><V2/><F2/><W29/><G76/><T107/><D107/><U49/><E127/><RYUUKYOKU ba="1,0" sc="548,30,270,-10,106,-10,76,-10" hai0="5,9,13,53,55,84,89,93,94,96,101,112,115" />
</Scene>
<Scene>
<INIT seed="4,2,0,2,2,6" ten="578,260,96,66" oya="0" hai0="105,7,71,91,29,12,115,28,85,2,94,106,35" hai1="39,89,75,128,15,49,79,64,14,45,132,69,5" hai2="50,1,88,55,135,117,20,48,10,54,93,108,103" hai3="112,11,87,25,46,109,125,72,73,134,86,116,83"/><T40/><D2/><U43/><E132/><V78/><F78/><W3/><G134/><T129/><D71/><U44/><E128/><V59/><F108/><W21/><G109/><T126/><D40/><U8/><E64/><V34/><F103/><W27/><G112/><T110/><D110/><U42/><E69/><V31/><F34/><W82/><G116/><T37/><D37/><U119/><E119/><V81/><F81/><W107/><G107/><T56/><D115/><U66/><E66/><V77/><F77/><W30/><G125/><T61/><D126/><U118/><E89/><V74/><F74/><W65/><G65/><T62/><D62/><U9/><E118/><V41/><F41/><W133/><G133/><T98/><D35/><U90/><E90/><V47/><F135/><W52/><G83/><T68/><D68/><U111/><E111/><V127/><F1/><W18/><G87/><T95/><D105/><U57/><E57/><V22/><F31/><W97/><G97/><T123/><D106/><U17/><E79/><V63/><F127/><W53/><G3/><T131/><D123/><U67/><REACH who="1" step="1"/><E67/><REACH who="1" ten="578,250,96,66" step="2"/><V24/><F117/><W16/><G73/><AGARI ba="2,1" hai="5,8,9,14,15,17,39,42,43,44,45,49,73,75" machi="73" ten="40,8000,1" yaku="1,1,2,1,52,2,53,0" doraHai="6" doraHaiUra="122" who="1" fromWho="3" sc="578,0,250,96,96,0,66,-86" owari="578,67.0,346,15.0,96,-30.0,-20,-52.0" />
</Scene>
</mjloggm>