<mjloggm ver="2.3"><GO type="169" lobby="0"/><UN n0="%72%61%74%74%61%74%74%61" n1="%E9%A3%9B%E3%81%B3%E3%82%B7%E3%83%A3%E3%83%81" n2="%E5%A4%AA%E3%81%8F%E3%81%AA%E3%81%84%E3%81%8A" n3="%E3%83%8A%E3%83%A9" dan="18,16,17,17" rate="2215.32,2109.36,2170.70,2143.84" sx="M,F,F,M"/><TAIKYOKU oya="0"/>

<Scene>
<INIT seed="0,0,0,2,1,124" ten="250,250,250,250" oya="0" hai0="128,114,14,37,66,104,130,74,113,94,79,105,43" hai1="15,62,54,25,20,19,92,81,93,31,95,57,118" hai2="119,4,13,70,7,90,87,85,21,26,111,8,51" hai3="58,80,102,17,63,131,52,67,86,78,12,97,6"/><T39/><D66/><U69/><E118/><V9/><F70/><W46/><G131/><N who="0" m="50219" /><D94/><U72/><E69/><V108/><F51/><N who="3" m="28791" /><G6/><T91/><D91/><U112/><E112/><N who="0" m="43113" /><D14/><U110/><E110/><V135/><F119/><W129/><G129/><T38/><D43/><U107/><E107/><N who="0" m="41033" /><D79/><U101/><E72/><AGARI ba="0,0" hai="37,38,39,72,74" m="41033,43113,50219" machi="72" ten="50,24000,3" yaku="28,2,19,1,31,2,52,3" doraHai="124" who="0" fromWho="1" sc="250,240,250,-240,250,0,250,0" />
</Scene>
<Scene>
<INIT seed="0,1,0,5,5,86" ten="490,10,250,250" oya="0" hai0="7,3,61,100,20,4,106,94,95,24,16,97,77" hai1="64,128,112,93,88,56,98,78,108,62,133,45,114" hai2="83,0,67,107,47,69,42,23,109,120,27,118,132" hai3="13,122,58,40,39,81,21,31,48,84,87,68,53"/><T103/><D77/><U19/><E108/><V121/><F107/><W79/><G68/><T82/><D82/><U18/><E133/><V125/><F0/><W28/><G122/><T57/><D3/><U99/><E78/><V49/><F109/><W5/><G84/><T90/><D103/><U30/><E45/><V76/><F132/><W70/><G70/><T52/><D106/><U36/><E36/><V74/><F125/><W104/><G104/><T66/><D66/><U111/><E111/><V6/><F6/><W54/><G40/><T50/><D50/><U17/><E30/><V35/><F35/><W119/><G39/><T1/><D1/><U14/><E128/><V44/><F118/><W22/><G119/><T92/><D92/><U131/><E131/><V130/><F130/><W127/><G127/><T46/><D46/><U115/><REACH who="1" step="1"/><E99/><AGARI ba="1,0" hai="4,7,16,20,24,52,57,61,90,94,95,97,99,100" machi="99" ten="30,18000,2" yaku="7,1,25,2,8,1,52,1,54,2" doraHai="86" who="0" fromWho="1" sc="490,183,10,-183,250,0,250,0" owari="673,77.0,-173,-67.0,250,5.0,250,-15.0" />
</Scene>
</mjloggm>