<mjloggm ver="2.3"><GO type="169" lobby="0"/><UN n0="%E3%81%8B%E3%82%8D%E3%83%BC%E3%82%89%2E%41" n1="%E5%BC%B7%E6%AC%B2%E7%8B%82%E6%88%A6%E5%A3%AB" n2="%E4%B8%8A%E6%9F%BF%E3%82%81%E3%81%90%E3%81%BF" n3="%E5%A4%AA%E3%81%8F%E3%81%AA%E3%81%84%E3%81%8A" dan="16,17,17,18" rate="2038.15,2139.54,2177.21,2198.24" sx="M,M,F,M"/><TAIKYOKU oya="0"/>

<Scene>
<INIT seed="0,0,0,3,5,16" ten="250,250,250,250" oya="0" hai0="78,85,128,89,108,58,116,40,33,110,20,99,5" hai1="50,73,77,22,59,129,74,82,47,36,52,0,113" hai2="68,46,69,71,80,23,70,120,13,90,114,104,103" hai3="109,127,102,126,92,131,63,75,1,7,56,29,125"/><T39/><D116/><U122/><E122/><V53/><F120/><W123/><G123/><T17/><D33/><U60/><E36/><V88/><F114/><W38/><G109/><N who="0" m="42091" /><D5/><U98/><E98/><V119/><F119/><W106/><G131/><T9/><D9/><U83/><E129/><V115/><F115/><W132/><G132/><T27/><D128/><U43/><E0/><V54/><F103/><W14/><G1/><T19/><D19/><U62/><E113/><V66/><F104/><W2/><G2/><T10/><D10/><U91/><E62/><V84/><F90/><W51/><G29/><T100/><D78/><U86/><E22/><V42/><N who="2" m="17408" /><DORA hai="28" /><V72/><F72/><AGARI ba="0,0" hai="43,47,50,52,59,60,72,73,74,77,82,83,86,91" machi="72" ten="30,2000,0" yaku="7,1,54,1" doraHai="16,28" who="1" fromWho="2" sc="250,0,250,20,250,-20,250,0" />
</Scene>
<Scene>
<INIT seed="1,0,0,1,2,75" ten="250,270,230,250" oya="1" hai0="87,102,100,114,47,96,22,118,76,90,32,101,28" hai1="25,58,132,122,88,67,115,72,23,57,59,14,117" hai2="52,12,13,15,99,86,48,26,130,39,82,55,6" hai3="98,70,113,29,36,78,126,17,0,7,121,16,49"/><U5/><E122/><V27/><F39/><W53/><G36/><T112/><D32/><U40/><E117/><V50/><F130/><W46/><G121/><T91/><D118/><U110/><E115/><V68/><F68/><W31/><G113/><T38/><D38/><U37/><E72/><V93/><F6/><W84/><G70/><T111/><D111/><U43/><E132/><V61/><F61/><W83/><G126/><T129/><D129/><U66/><E110/><V63/><F63/><W135/><G135/><T134/><D134/><U128/><E128/><V109/><F109/><W18/><REACH who="3" step="1"/><G98/><REACH who="3" ten="250,270,230,240" step="2"/><T103/><D114/><U94/><E37/><V11/><F11/><AGARI ba="0,1" hai="0,7,11,16,17,18,29,31,46,49,53,78,83,84" machi="11" ten="40,8000,1" yaku="1,1,2,1,52,1,54,1,53,1" doraHai="75" doraHaiUra="33" who="3" fromWho="2" sc="250,0,270,0,230,-80,240,90" />
</Scene>
<Scene>
<INIT seed="2,0,0,2,1,76" ten="250,270,150,330" oya="2" hai0="71,113,12,66,19,61,58,130,2,68,62,26,89" hai1="107,5,133,79,106,93,48,103,108,30,16,96,80" hai2="13,3,75,102,124,59,35,20,6,49,114,27,44" hai3="97,56,105,72,9,25,70,83,47,65,112,120,29"/><V4/><F75/><W67/><G56/><T14/><D2/><U69/><E69/><V28/><F114/><W90/><G120/><T115/><D130/><U54/><E5/><V117/><F117/><W22/><G112/><T40/><D40/><U121/><E30/><V91/><F124/><W111/><G111/><T33/><D89/><U36/><E36/><V95/><F102/><W7/><G47/><T92/><D92/><U52/><E54/><V39/><F3/><W118/><G118/><T84/><D84/><U10/><E133/><V23/><F35/><W18/><G29/><T64/><D58/><U21/><E10/><V74/><F74/><W42/><G42/><T15/><REACH who="0" step="1"/><D33/><REACH who="0" ten="240,270,150,330" step="2"/><U46/><E121/><V41/><F59/><W128/><G128/><T98/><D98/><U135/><E135/><V85/><REACH who="2" step="1"/><F39/><REACH who="2" ten="240,270,140,330" step="2"/><W86/><G72/><T82/><D82/><U32/><E32/><V119/><F119/><W17/><G83/><T101/><D101/><U134/><E134/><V50/><F50/><W34/><G34/><T53/><D53/><U0/><E0/><V88/><F88/><W63/><G90/><T43/><D43/><U104/><E80/><V55/><F55/><W125/><G67/><T1/><D1/><U78/><REACH who="1" step="1"/><E108/><REACH who="1" ten="240,260,140,330" step="2"/><V45/><F45/><W87/><G65/><T77/><D77/><U132/><E132/><V37/><F37/><W24/><G70/><T60/><D60/><U57/><E57/><V110/><F110/><W122/><G63/><T123/><D123/><U38/><E38/><V11/><F11/><W81/><G122/><RYUUKYOKU ba="0,3" sc="240,10,260,10,140,10,330,-30" hai0="12,14,15,19,26,61,62,64,66,68,71,113,115" hai1="16,21,46,48,52,78,79,93,96,103,104,106,107" hai2="4,6,13,20,23,27,28,41,44,49,85,91,95" />
</Scene>
<Scene>
<INIT seed="2,1,3,3,0,42" ten="250,270,150,300" oya="2" hai0="51,62,112,1,83,97,74,103,111,123,104,98,8" hai1="76,65,22,88,58,2,109,25,70,126,80,135,61" hai2="133,107,72,67,120,86,84,33,121,77,44,39,128" hai3="105,124,68,131,23,108,129,20,75,13,118,100,3"/><V66/><F33/><W54/><G118/><T102/><D123/><N who="2" m="47178" /><F39/><W79/><G3/><T24/><D112/><U82/><E2/><V106/><F72/><W119/><G119/><T63/><D24/><U35/><E35/><V55/><F55/><W49/><G68/><T21/><D21/><U47/><E70/><V57/><F57/><W92/><G105/><N who="2" m="39945" /><F77/><W30/><G79/><T91/><D74/><U53/><E76/><V37/><F37/><W36/><G36/><T19/><D51/><U69/><E69/><V28/><F28/><W64/><G75/><T6/><D19/><U52/><E53/><V130/><F44/><W81/><G30/><T46/><D46/><U134/><E80/><V115/><F115/><W93/><G81/><T48/><D83/><U89/><E82/><V7/><F7/><W87/><G54/><T16/><D6/><U14/><E65/><N who="2" m="24587" /><F133/><N who="1" m="50697" /><E47/><V0/><F0/><W12/><G64/><T85/><D1/><U99/><E52/><V40/><F40/><W59/><G59/><T34/><D104/><U110/><E58/><V90/><F90/><W9/><G49/><T43/><D48/><U15/><E89/><V122/><N who="2" m="47186" /><V29/><DORA hai="32" /><F29/><W56/><G56/><T18/><D34/><U17/><E88/><V78/><F78/><W31/><G31/><T71/><D91/><U132/><E132/><V101/><F101/><W26/><G100/><T116/><D71/><U5/><E5/><V127/><F127/><W96/><G124/><T38/><D103/><U114/><E126/><V73/><F73/><W10/><G92/><RYUUKYOKU ba="1,3" sc="250,-10,270,-10,150,30,300,-10" hai2="84,86,128,130" />
</Scene>
<Scene>
<INIT seed="2,2,3,3,3,38" ten="240,260,180,290" oya="2" hai0="23,14,133,89,10,132,27,97,82,19,93,57,61" hai1="117,53,32,107,25,103,44,78,41,43,17,99,98" hai2="45,74,88,125,115,5,116,0,48,40,62,52,79" hai3="104,127,2,11,111,77,8,50,36,123,31,59,91"/><V39/><F116/><W94/><G36/><T21/><D82/><U131/><E117/><V81/><F125/><W96/><G123/><T120/><D120/><U135/><E98/><V134/><F134/><N who="0" m="51818" /><D27/><U95/><E135/><V75/><F115/><W86/><G127/><T122/><D122/><U20/><E32/><V30/><F30/><W80/><G111/><T33/><D33/><U34/><E34/><V130/><F130/><W22/><G2/><T3/><D3/><U83/><E107/><V66/><F75/><W73/><G31/><T118/><D118/><U35/><E35/><V28/><F28/><W90/><G22/><T16/><D19/><U100/><E100/><V18/><F88/><W55/><REACH who="3" step="1"/><G91/><REACH who="3" ten="240,260,180,280" step="2"/><T84/><D21/><U13/><E131/><V113/><F113/><W105/><G105/><T49/><D23/><U64/><E20/><V69/><F18/><W67/><G67/><N who="0" m="39343" /><D49/><U26/><E64/><V112/><F112/><W1/><G1/><T24/><D24/><U46/><E26/><V47/><REACH who="2" step="1"/><F0/><REACH who="2" ten="240,260,170,280" step="2"/><W129/><G129/><T102/><D102/><AGARI ba="2,5" hai="8,11,50,55,59,73,77,80,86,90,94,96,102,104" machi="102" ten="40,8000,1" yaku="1,1,24,2,53,1" doraHai="38" doraHaiUra="106" who="3" fromWho="0" sc="240,-86,260,0,170,0,280,136" />
</Scene>
<Scene>
<INIT seed="3,0,0,0,3,50" ten="154,260,170,416" oya="3" hai0="96,58,82,37,127,116,110,72,84,10,20,48,0" hai1="109,2,13,7,125,3,39,40,42,103,18,54,59" hai2="124,99,75,29,28,121,126,89,77,132,38,131,1" hai3="41,87,111,62,30,108,130,64,129,74,68,80,107"/><W135/><G107/><T86/><D37/><U123/><E123/><V51/><F38/><W115/><G115/><T78/><D116/><U32/><E109/><N who="3" m="42058" /><G74/><T113/><D113/><U102/><E32/><V55/><F1/><W61/><G30/><T120/><D120/><U43/><E39/><V105/><F121/><W24/><G24/><T97/><D127/><U122/><E125/><V93/><F29/><W23/><G23/><T128/><D128/><N who="3" m="49257" /><G41/><T22/><D110/><U47/><E122/><V133/><F28/><W106/><G106/><T134/><D134/><N who="2" m="51818" /><F105/><W66/><G135/><T119/><D119/><U98/><E40/><V21/><F21/><W94/><G94/><T73/><D0/><U45/><E42/><V112/><F112/><W44/><G44/><T16/><D10/><U17/><E3/><V71/><F131/><W91/><G68/><T36/><D36/><U88/><E2/><V52/><F71/><W25/><G25/><T117/><D117/><U76/><E43/><V5/><F75/><W53/><G61/><T118/><D118/><U60/><E45/><N who="2" m="27759" /><F126/><W114/><G114/><T4/><D73/><U35/><E47/><V11/><F124/><W46/><G46/><T100/><D72/><U104/><E104/><V27/><F27/><W15/><G15/><T70/><D70/><U31/><E13/><N who="2" m="5359" /><F77/><W69/><G69/><T56/><D78/><U65/><E76/><V95/><F95/><W19/><G19/><T83/><D16/><U6/><E31/><V26/><F26/><W63/><G63/><T34/><D4/><U12/><E6/><RYUUKYOKU ba="0,0" sc="154,-15,260,-15,170,15,416,15" hai2="55,89,93,99" hai3="53,62,64,66,80,87,91" />
</Scene>
<Scene>
<INIT seed="3,1,0,2,2,1" ten="139,245,185,431" oya="3" hai0="97,10,52,61,50,99,29,106,47,34,27,42,12" hai1="109,115,8,45,94,130,39,107,79,87,54,56,65" hai2="71,89,70,112,44,46,6,119,121,38,84,26,122" hai3="35,13,118,30,95,17,21,57,0,135,33,133,22"/><W32/><G95/><T80/><D106/><U78/><E107/><V20/><F112/><W5/><G57/><T103/><D103/><U60/><E109/><V18/><F119/><W31/><G118/><T92/><D92/><U117/><E115/><V132/><F132/><N who="3" m="50763" /><G21/><T66/><D80/><U55/><E130/><V62/><F6/><W110/><G110/><T43/><D43/><U77/><E117/><V68/><F62/><W73/><G73/><T120/><D120/><N who="2" m="46186" /><F38/><W2/><G2/><T49/><D49/><U111/><E111/><V116/><F116/><W41/><G41/><T128/><D42/><U69/><E8/><AGARI ba="1,0" hai="0,5,8,13,17,22,30,31,32,33,35" m="50763" machi="8" ten="40,12000,1" yaku="20,1,34,2,52,1" doraHai="1" who="3" fromWho="1" sc="139,0,245,-123,185,0,431,123" />
</Scene>
<Scene>
<INIT seed="3,2,0,5,0,5" ten="139,122,185,554" oya="3" hai0="116,17,34,54,109,127,96,1,8,63,135,121,72" hai1="40,60,110,4,48,115,84,13,132,97,120,70,106" hai2="6,76,25,62,102,82,68,24,19,38,128,85,92" hai3="42,50,46,15,30,18,89,26,99,90,2,88,65"/><W91/><G2/><T125/><D121/><U31/><E120/><V64/><F128/><W7/><G7/><T16/><D116/><U81/><E115/><V113/><F113/><W130/><G130/><T108/><D72/><U23/><E132/><V131/><F131/><W123/><G123/><T119/><D119/><U79/><E110/><N who="0" m="42601" /><D34/><U49/><E106/><V41/><F19/><W44/><G65/><T117/><D117/><U95/><E60/><V122/><F122/><W59/><G59/><N who="0" m="35319" /><D135/><U126/><E70/><V61/><F61/><W114/><G114/><T12/><D96/><U22/><E126/><N who="0" m="48137" /><D1/><U37/><E37/><V33/><F33/><W43/><G99/><T86/><D86/><U98/><E98/><V101/><F85/><W9/><G90/><T21/><D17/><U35/><E35/><V111/><F111/><W28/><REACH who="3" step="1"/><G26/><REACH who="3" ten="139,122,185,544" step="2"/><T83/><D83/><U56/><E81/><V3/><F25/><W100/><G100/><T112/><D112/><U32/><E4/><V87/><F24/><W66/><G66/><T75/><D75/><U118/><E97/><V94/><F101/><W107/><G107/><T45/><D45/><U103/><E103/><V10/><F102/><W36/><AGARI ba="2,1" hai="9,15,18,28,30,36,42,43,44,46,50,88,89,91" machi="36" ten="30,11700,0" yaku="1,1,0,1,52,1,54,1,53,0" doraHai="5" doraHaiUra="134" who="3" fromWho="3" sc="139,-41,122,-41,185,-41,544,133" />
</Scene>
<Scene>
<INIT seed="3,3,0,2,4,9" ten="98,81,144,677" oya="3" hai0="55,125,107,67,45,2,31,0,108,48,7,52,63" hai1="82,90,113,6,43,20,104,13,119,17,101,32,86" hai2="115,61,49,93,44,75,130,122,3,96,123,85,132" hai3="74,79,51,58,121,98,24,92,112,91,25,42,69"/><W65/><G112/><T18/><D107/><U124/><E124/><V23/><F75/><W5/><G121/><T99/><D125/><U88/><E88/><N who="2" m="55335" /><F3/><W66/><G69/><T110/><D31/><U29/><E29/><V56/><F115/><W72/><G72/><T129/><D129/><U54/><E54/><V134/><F85/><W53/><G74/><T1/><D99/><U39/><E39/><V135/><F23/><W127/><G127/><T37/><D37/><U80/><E119/><V70/><F70/><W120/><G120/><N who="2" m="46121" /><F130/><W30/><G79/><T71/><D18/><U81/><E32/><V57/><F61/><W21/><G5/><T26/><D26/><U83/><E113/><V109/><F109/><N who="0" m="42090" /><D55/><AGARI ba="3,0" hai="44,49,55,56,57,132,134,135" m="46121,55335" machi="55" ten="40,5200,0" yaku="20,1,13,1,54,1" doraHai="9" who="2" fromWho="0" sc="98,-61,81,0,144,61,677,0" />
</Scene>
<Scene>
<INIT seed="4,0,0,4,3,69" ten="37,81,205,677" oya="0" hai0="83,76,64,5,125,117,112,105,1,48,55,36,58" hai1="116,38,24,91,71,72,131,109,104,63,134,21,41" hai2="53,31,70,14,88,100,51,130,120,82,133,54,25" hai3="132,101,20,16,23,44,128,43,37,15,108,94,84"/><T129/><D117/><U10/><E21/><N who="2" m="15791" /><F70/><W56/><G108/><T80/><D105/><U87/><E87/><N who="2" m="50295" /><F120/><W49/><G132/><T135/><D135/><U119/><E91/><V110/><F110/><W47/><G128/><T96/><D129/><U95/><E95/><V40/><F100/><W17/><G56/><N who="0" m="32871" /><D112/><U42/><E63/><V67/><F67/><W13/><G84/><N who="0" m="48135" /><D36/><U102/><E102/><V33/><F33/><W34/><G34/><T52/><D64/><U59/><E116/><V86/><F130/><W79/><G79/><T123/><D123/><U6/><E131/><V78/><F133/><W45/><G37/><T30/><D1/><U89/><E38/><V111/><F111/><W77/><REACH who="3" step="1"/><G77/><REACH who="3" ten="37,81,205,667" step="2"/><T9/><D125/><U127/><E127/><V7/><F86/><W0/><G0/><T39/><D39/><U60/><E134/><V32/><F32/><W68/><G68/><T74/><D96/><AGARI ba="0,1" hai="13,15,16,17,20,23,43,44,45,47,49,94,96,101" machi="96" ten="40,8000,1" yaku="1,1,9,1,8,1,54,1,53,0" doraHai="69" doraHaiUra="113" who="3" fromWho="0" sc="37,-80,81,0,205,0,667,90" owari="-43,-54.0,81,-32.0,205,1.0,757,85.0" />
</Scene>
</mjloggm>