<mjloggm ver="2.3"><GO type="169" lobby="0"/><UN n0="%E3%81%A8%E3%82%8C%E3%82%82%E3%82%8D" n1="%E5%A4%AA%E3%81%8F%E3%81%AA%E3%81%84%E3%81%8A" n2="%79%6F%73%68%69%67%69" n3="%E7%B4%A0%E6%9C%B4%E3%81%AA%E5%91%B3%E3%82%8F%E3%81%84" dan="17,18,16,17" rate="2191.84,2221.27,2054.03,2124.97" sx="M,M,M,M"/><TAIKYOKU oya="0"/>

<Scene>
<INIT seed="0,0,0,3,2,49" ten="250,250,250,250" oya="0" hai0="132,104,35,17,81,83,33,51,58,102,56,107,78" hai1="57,99,101,38,110,29,13,32,128,67,105,97,68" hai2="41,70,19,30,113,93,60,10,43,122,6,44,63" hai3="84,94,31,103,98,85,27,125,1,26,76,91,3"/><T42/><D132/><U20/><E38/><V114/><F122/><W8/><G125/><T118/><D118/><U134/><E134/><V59/><F30/><W69/><G69/><T5/><D5/><U108/><E128/><V130/><F130/><W0/><G8/><T109/><D109/><N who="1" m="42091" /><E68/><V119/><F119/><W87/><G76/><T18/><D78/><U127/><E32/><V106/><F106/><W120/><G120/><T62/><D51/><U124/><E99/><V61/><F19/><W4/><G4/><T54/><D42/><U45/><E45/><V47/><F93/><W52/><G52/><T25/><D25/><N who="1" m="16551" /><E13/><V86/><F86/><W96/><REACH who="3" step="1"/><G31/><REACH who="3" ten="250,250,250,240" step="2"/><T11/><D11/><U79/><E79/><V24/><F10/><W2/><N who="3" m="0" /><DORA hai="39" /><W100/><G100/><T21/><D102/><U75/><E127/><V64/><F6/><W131/><G131/><T53/><D62/><N who="2" m="24170" /><F24/><W129/><G129/><T133/><D133/><U89/><E124/><V48/><F70/><W115/><G115/><T111/><D111/><U66/><E101/><V14/><F14/><W50/><G50/><AGARI ba="0,1" hai="41,43,44,47,48,50,59,63,64,113,114" m="24170" machi="50" ten="30,7700,0" yaku="34,2,52,2" doraHai="49,39" who="2" fromWho="3" sc="250,0,250,0,250,87,240,-77" />
</Scene>
<Scene>
<INIT seed="1,0,0,0,5,3" ten="250,250,337,163" oya="1" hai0="26,40,100,10,108,80,102,6,49,109,94,22,88" hai1="96,41,17,28,77,32,39,59,79,61,55,83,110" hai2="54,81,113,19,67,34,47,105,48,127,120,121,73" hai3="46,37,8,123,103,70,4,99,50,62,0,53,25"/><U134/><E134/><V57/><F105/><W118/><G123/><T82/><D40/><U52/><E110/><N who="0" m="42601" /><D49/><U69/><E69/><V64/><F127/><W51/><G118/><T92/><D92/><U21/><E32/><V125/><F125/><W90/><G90/><T112/><D112/><U132/><E28/><V111/><F34/><W128/><G128/><T130/><D130/><U20/><E132/><V16/><F113/><W117/><G117/><T106/><D106/><U7/><E41/><V84/><F73/><W97/><G25/><T18/><D102/><U56/><E39/><V74/><F74/><W42/><G51/><T135/><D100/><U29/><E96/><V63/><F111/><W24/><G24/><T13/><D135/><U72/><E77/><V68/><F68/><W33/><G33/><T129/><D129/><U23/><E29/><V76/><REACH who="2" step="1"/><F67/><REACH who="2" ten="250,250,327,163" step="2"/><N who="3" m="41335" /><G103/><T9/><D9/><U85/><E72/><V89/><F89/><W71/><G71/><T78/><D78/><U133/><E133/><V107/><F107/><W87/><G87/><AGARI ba="0,1" hai="6,10,13,18,22,26,80,82,87,88,94" m="42601" machi="87" ten="30,3900,0" yaku="14,1,52,1,54,1" doraHai="3" who="0" fromWho="3" sc="250,49,250,0,327,0,163,-39" />
</Scene>
<Scene>
<INIT seed="2,0,0,1,0,117" ten="299,250,327,124" oya="2" hai0="103,118,77,88,31,121,61,33,28,11,69,96,22" hai1="36,127,72,16,92,74,58,14,94,43,21,133,129" hai2="40,97,41,132,24,18,134,59,60,128,37,81,39" hai3="51,12,49,107,131,7,109,45,90,110,0,135,78"/><V13/><F128/><W2/><G131/><T42/><D77/><U71/><E71/><V124/><F124/><W48/><G135/><N who="2" m="51753" /><F24/><W8/><G107/><T53/><D33/><U38/><E133/><V70/><F70/><W67/><G67/><T75/><D75/><U114/><E129/><V116/><F116/><W23/><G78/><T112/><D42/><N who="2" m="16490" /><F97/><W10/><G90/><T50/><D112/><U25/><E114/><V65/><F81/><W63/><G63/><T95/><D11/><AGARI ba="0,0" hai="11,13,18,37,39,59,60,65" m="16490,51753" machi="11" ten="30,1500,0" yaku="20,1" doraHai="117" who="2" fromWho="0" sc="299,-15,250,0,327,15,124,0" />
</Scene>
<Scene>
<INIT seed="2,1,0,2,1,82" ten="284,250,342,124" oya="2" hai0="89,23,24,63,132,88,116,97,59,76,28,133,16" hai1="68,80,98,9,1,100,45,49,14,96,42,91,72" hai2="48,101,7,36,93,123,113,32,135,15,0,79,51" hai3="85,107,78,25,38,26,131,92,106,67,61,95,75"/><V33/><F123/><W4/><G38/><T50/><D116/><U71/><E1/><V35/><F113/><W13/><G131/><T11/><D76/><U94/><E72/><V57/><F36/><W41/><G41/><T53/><D97/><U112/><E112/><V127/><F127/><W18/><G75/><T110/><D110/><U21/><E21/><V90/><F0/><W109/><G109/><T19/><D19/><U124/><E124/><V77/><F101/><W44/><G44/><T121/><D121/><U122/><E122/><V43/><F135/><N who="0" m="51786" /><D50/><U108/><E108/><V47/><F7/><W114/><G114/><T17/><D17/><U66/><E66/><V30/><F30/><W84/><G106/><T29/><D11/><U3/><E3/><V56/><F15/><W125/><G107/><T83/><D89/><U46/><E46/><V117/><F117/><W58/><G4/><T129/><D129/><U8/><E8/><V134/><F134/><W40/><G40/><T12/><D24/><N who="3" m="9321" /><G125/><T99/><D99/><U70/><E98/><V105/><F105/><W87/><G78/><T37/><D37/><U74/><E74/><V115/><F115/><W111/><G111/><T86/><AGARI ba="1,0" hai="12,16,23,28,29,53,59,63,83,86,88" m="51786" machi="86" ten="30,7900,0" yaku="20,1,52,1,54,2" doraHai="82" who="0" fromWho="0" sc="284,82,250,-21,342,-40,124,-21" />
</Scene>
<Scene>
<INIT seed="3,0,0,4,0,60" ten="366,229,302,103" oya="3" hai0="25,99,114,127,112,9,74,80,18,41,56,79,70" hai1="45,14,31,94,113,0,64,78,86,27,85,103,20" hai2="5,50,123,12,61,19,90,38,44,15,95,100,89" hai3="48,32,118,88,68,96,133,122,131,69,17,116,3"/><W29/><G3/><T121/><D70/><U46/><E0/><V8/><F38/><W26/><G122/><T108/><D121/><U49/><E113/><N who="0" m="43625" /><D108/><U30/><E30/><V33/><F33/><W102/><G133/><T54/><D41/><U67/><E14/><V35/><F35/><W36/><G36/><T42/><D42/><N who="1" m="24759" /><E46/><V106/><F106/><W1/><G1/><T76/><D76/><U34/><E34/><V40/><F123/><W111/><G131/><T65/><D99/><N who="1" m="59895" /><E78/><V71/><F71/><W97/><G111/><T2/><D127/><U124/><E124/><V92/><F61/><W24/><G17/><T23/><D9/><U87/><AGARI ba="0,0" hai="20,27,31,64,67,85,86,87" m="59895,24759" machi="87" ten="30,4000,0" yaku="8,1,52,2" doraHai="60" who="1" fromWho="1" sc="366,-10,229,40,302,-10,103,-20" />
</Scene>
<Scene>
<INIT seed="4,0,0,4,2,75" ten="356,269,292,83" oya="0" hai0="129,61,31,19,120,28,21,101,37,97,67,54,133" hai1="41,17,52,113,26,87,27,121,40,20,15,122,73" hai2="104,83,22,74,93,89,78,134,47,65,9,124,71" hai3="80,4,3,86,111,106,50,131,8,102,128,76,59"/><T43/><D120/><U6/><E73/><V69/><F134/><W135/><G111/><T127/><D54/><U7/><E122/><V100/><F124/><W25/><G135/><T33/><D127/><U79/><E121/><V60/><F47/><W112/><G112/><T0/><D0/><U34/><E113/><V132/><F132/><W58/><G25/><N who="1" m="9226" /><E34/><V53/><F53/><W91/><G102/><T16/><D33/><U46/><E52/><V5/><F22/><W63/><G106/><T70/><D129/><N who="3" m="49737" /><G50/><T98/><D133/><U30/><E30/><V110/><F110/><W108/><G108/><T64/><D64/><U38/><E38/><V123/><F123/><W13/><G3/><T119/><D119/><U44/><E44/><V56/><F100/><W11/><G11/><T32/><D32/><U116/><E116/><V62/><F104/><W99/><G63/><T24/><D37/><U42/><E46/><V95/><F62/><W35/><G35/><T49/><D43/><U114/><E114/><V48/><F48/><W94/><AGARI ba="0,0" hai="4,8,13,58,59,76,80,86,91,94,99" m="49737" machi="94" ten="30,2000,0" yaku="19,1,52,1" doraHai="75" who="3" fromWho="3" sc="356,-10,269,-5,292,-5,83,20" />
</Scene>
<Scene>
<INIT seed="5,0,0,3,4,76" ten="346,264,287,103" oya="1" hai0="102,22,123,16,26,86,118,113,49,43,70,60,90" hai1="50,103,109,83,115,133,7,99,79,67,47,40,128" hai2="54,127,20,107,66,87,45,98,120,132,106,0,73" hai3="92,62,31,108,38,28,57,134,27,112,44,64,14"/><U77/><E115/><V89/><F120/><W122/><G122/><T101/><D118/><U39/><E128/><V21/><F0/><W80/><G108/><T88/><D113/><U4/><E109/><V41/><F73/><W63/><G112/><T58/><D70/><U74/><E133/><V19/><F132/><W34/><G134/><T100/><D123/><U23/><E67/><V5/><F5/><W25/><G92/><T33/><D33/><U24/><E39/><V11/><F66/><W126/><G126/><T114/><D114/><U42/><E42/><V17/><F127/><W85/><G14/><T12/><D26/><U61/><E61/><V18/><F11/><W46/><G62/><T10/><D22/><U119/><E77/><V130/><F130/><W75/><G75/><T13/><D13/><U105/><REACH who="1" step="1"/><E119/><REACH who="1" ten="346,254,287,103" step="2"/><V59/><F41/><W8/><G38/><T53/><D43/><U30/><AGARI ba="0,1" hai="4,7,23,24,30,40,47,50,74,79,83,99,103,105" machi="30" ten="20,12000,1" yaku="1,1,2,1,0,1,7,1,52,1,53,0" doraHai="76" doraHaiUra="68" who="1" fromWho="1" sc="346,-40,254,130,287,-40,103,-40" />
</Scene>
<Scene>
<INIT seed="5,1,0,3,5,9" ten="306,384,247,63" oya="1" hai0="95,127,123,3,48,109,100,5,22,82,105,1,60" hai1="118,76,97,39,107,65,24,28,41,121,19,102,15" hai2="132,44,63,64,53,101,71,73,30,18,67,47,110" hai3="84,111,56,134,89,23,119,133,86,40,93,117,108"/><U46/><E118/><N who="3" m="45066" /><G56/><T26/><D109/><N who="3" m="42057" /><G40/><T113/><D105/><U38/><E121/><V42/><F110/><W77/><G23/><T50/><D82/><AGARI ba="1,0" hai="77,82,84,86,89,93,133,134" m="42057,45066" machi="82" ten="40,5200,0" yaku="12,1,34,2" doraHai="9" who="3" fromWho="0" sc="306,-55,384,0,247,0,63,55" />
</Scene>
<Scene>
<INIT seed="6,0,0,0,0,8" ten="251,384,247,118" oya="2" hai0="126,37,103,100,127,45,110,0,54,16,70,12,13" hai1="121,108,129,19,4,17,39,41,51,87,72,59,115" hai2="14,83,43,25,66,94,69,2,113,5,114,58,90" hai3="106,130,38,62,50,133,7,21,61,11,112,84,122"/><V99/><F69/><W18/><G38/><T47/><D110/><U57/><E72/><V120/><F120/><W3/><G106/><T78/><D70/><U81/><E108/><V77/><F2/><W9/><G122/><T75/><D0/><U36/><E121/><V23/><F43/><W60/><G130/><T56/><D78/><U93/><E36/><V109/><F109/><W131/><G131/><T102/><D75/><U67/><E39/><V28/><F66/><W53/><G133/><T10/><D13/><U15/><E115/><N who="2" m="44043" /><F58/><W134/><G134/><T63/><REACH who="0" step="1"/><D37/><REACH who="0" ten="241,384,247,118" step="2"/><U35/><E15/><V88/><F14/><W32/><G112/><T49/><D49/><U29/><E51/><V119/><F119/><W80/><G32/><T118/><D118/><U98/><E35/><V124/><F5/><W76/><G7/><T44/><AGARI ba="0,1" hai="10,12,16,44,45,47,54,56,63,100,102,103,126,127" machi="44" ten="40,8000,1" yaku="1,1,0,1,52,1,54,1,53,0" doraHai="8" doraHaiUra="64" who="0" fromWho="0" sc="241,90,384,-20,247,-40,118,-20" />
</Scene>
<Scene>
<INIT seed="7,0,0,1,4,130" ten="331,364,207,98" oya="3" hai0="74,8,30,90,94,107,19,120,58,97,116,38,71" hai1="49,79,127,20,103,31,28,85,114,101,21,87,69" hai2="39,3,24,64,92,36,25,134,32,86,34,2,14" hai3="50,70,104,4,44,78,16,108,122,29,9,54,76"/><W40/><G122/><T66/><D71/><U33/><E69/><V68/><F68/><W23/><G104/><T37/><D116/><U100/><E33/><V11/><F64/><W35/><G108/><T45/><D74/><U51/><E114/><V133/><F92/><W105/><G105/><T43/><D30/><N who="1" m="11307" /><E127/><V117/><F86/><N who="1" m="32777" /><E79/><V131/><F131/><W124/><G124/><T98/><D37/><U83/><E83/><V6/><F117/><W56/><G70/><T135/><D120/><U48/><AGARI ba="0,0" hai="20,21,48,49,51,100,101,103" m="32777,11307" machi="48" ten="40,5200,0" yaku="28,2,8,1" doraHai="130" who="1" fromWho="1" sc="331,-13,364,52,207,-13,98,-26" owari="318,12.0,416,52.0,194,-21.0,72,-43.0" />
</Scene>
</mjloggm>