<mjloggm ver="2.3"><GO type="169" lobby="0"/><UN n0="%E7%A9%BA%E6%B0%97%E3%82%92%E5%A4%89%E3%81%88%E3%82%88%E3%81%86%E2%99%AA" n1="%E3%81%A8%E3%82%82%E3%81%8D%E3%82%85%E3%82%93%E2%99%AA" n2="%E5%A4%AA%E3%81%8F%E3%81%AA%E3%81%84%E3%81%8A" n3="%E6%9D%BE%E5%B1%8B%E3%81%8A%E3%81%98%E3%81%95%E3%82%93" dan="18,16,17,16" rate="2103.50,2151.29,2187.68,2078.10" sx="F,F,M,M"/><TAIKYOKU oya="0"/>

<Scene>
<INIT seed="0,0,0,0,0,99" ten="250,250,250,250" oya="0" hai0="49,56,14,50,2,13,38,31,117,10,67,103,51" hai1="72,111,21,26,124,61,30,64,104,46,78,7,55" hai2="70,131,44,9,41,35,37,113,29,24,88,73,130" hai3="93,79,127,25,12,106,15,53,97,122,58,54,92"/><T119/><D38/><U6/><E111/><V100/><F113/><W8/><G122/><T95/><D2/><U17/><E124/><V0/><F70/><W89/><G106/><T22/><D117/><U23/><E104/><V105/><F73/><W40/><G40/><T69/><D69/><U11/><E72/><V102/><F105/><W39/><G39/><T80/><D80/><U116/><E78/><V3/><F88/><W121/><G79/><T86/><D119/><U91/><E116/><V96/><F96/><W134/><G121/><T128/><D128/><N who="2" m="49194" /><F9/><W45/><G127/><T42/><D42/><U74/><E74/><V34/><F35/><W125/><G125/><T133/><D10/><U90/><E64/><V65/><F65/><W81/><G81/><T19/><D86/><U84/><E11/><V63/><F63/><N who="3" m="36303" /><G8/><T83/><D83/><N who="1" m="49439" /><E91/><V77/><F77/><W123/><G123/><T57/><D67/><U43/><E61/><V1/><AGARI ba="0,0" hai="0,1,3,24,29,34,37,41,44,100,102" m="49194" machi="1" ten="40,5200,0" yaku="19,1,52,2" doraHai="99" who="2" fromWho="2" sc="250,-26,250,-13,250,52,250,-13" />
</Scene>
<Scene>
<INIT seed="1,0,0,3,1,31" ten="224,237,302,237" oya="1" hai0="114,91,85,63,64,35,112,49,81,57,44,27,28" hai1="108,80,14,33,79,18,122,23,65,123,75,76,9" hai2="74,47,24,29,4,39,106,115,99,113,134,116,1" hai3="109,82,125,124,98,54,72,52,56,97,67,111,70"/><U16/><E65/><V38/><F116/><W101/><G97/><T51/><REACH who="0" step="1"/><D51/><REACH who="0" ten="214,237,302,237" step="2"/><U19/><E108/><V62/><F39/><W12/><G111/><T37/><D37/><U118/><E118/><V126/><F38/><W42/><G109/><T93/><D93/><U127/><E127/><V40/><F126/><W68/><G124/><T20/><D20/><U45/><E76/><V77/><F77/><W66/><G125/><T130/><D130/><U10/><E33/><V102/><F115/><W135/><G70/><T78/><D78/><U84/><E75/><V53/><F74/><W94/><G68/><T36/><D36/><U59/><E23/><V6/><F113/><W86/><G72/><T92/><D92/><U2/><E122/><V103/><F106/><W133/><G133/><T48/><D48/><U11/><E123/><V17/><F134/><W21/><G135/><T89/><D89/><U96/><E96/><V110/><F99/><W22/><G22/><T100/><D100/><U43/><E2/><V131/><F103/><W119/><G119/><T41/><AGARI ba="0,1" hai="27,28,35,41,44,49,57,63,64,81,85,91,112,114" machi="41" ten="20,8000,1" yaku="21,2,0,1,7,1,52,1,53,0" doraHai="31" doraHaiUra="13" who="0" fromWho="0" sc="214,90,237,-40,302,-20,237,-20" />
</Scene>
<Scene>
<INIT seed="2,0,0,1,3,97" ten="304,197,282,217" oya="2" hai0="32,114,71,20,46,51,74,7,35,47,87,30,88" hai1="77,42,25,83,55,12,65,81,130,10,56,24,28" hai2="124,91,106,89,26,59,29,128,129,17,68,69,33" hai3="41,40,37,4,90,63,105,14,3,115,104,92,43"/><V131/><F124/><W38/><G3/><T113/><D71/><N who="2" m="27210" /><F106/><W54/><G105/><T127/><D74/><U27/><E65/><V57/><F17/><W117/><G104/><T78/><D78/><U112/><E112/><V64/><F64/><W100/><G117/><T122/><D122/><U123/><E123/><V60/><F60/><W135/><G115/><T75/><D75/><U96/><E130/><V13/><F13/><W70/><G70/><T121/><D121/><U34/><E42/><V6/><F6/><W8/><G90/><AGARI ba="0,0" hai="26,29,33,57,59,89,90,91,128,129,131" m="27210" machi="90" ten="40,2000,0" yaku="19,1" doraHai="97" who="2" fromWho="3" sc="304,0,197,0,282,20,217,-20" />
</Scene>
<Scene>
<INIT seed="2,1,0,4,2,106" ten="304,197,302,197" oya="2" hai0="72,27,23,127,100,5,48,68,42,51,119,37,124" hai1="95,73,105,60,128,65,57,87,97,118,41,116,31" hai2="45,26,120,30,16,34,12,76,13,28,94,19,21" hai3="0,84,92,82,122,135,123,79,77,107,132,71,93"/><V6/><F76/><W80/><G71/><T11/><D68/><U134/><E105/><V113/><F45/><W131/><G0/><T81/><D119/><U85/><E134/><N who="3" m="51242" /><G107/><T112/><D112/><U70/><E128/><V14/><F94/><N who="3" m="36459" /><G131/><T66/><D66/><U111/><E116/><V44/><F44/><W49/><G49/><T62/><D62/><U9/><E118/><V46/><F46/><W126/><G126/><N who="0" m="48171" /><D100/><U117/><E70/><V74/><F74/><AGARI ba="1,0" hai="74,77,79,80,82,84,122,123" m="36459,51242" machi="74" ten="30,7700,0" yaku="20,1,34,2,52,1" doraHai="106" who="3" fromWho="2" sc="304,0,197,0,302,-80,197,80" />
</Scene>
<Scene>
<INIT seed="3,0,0,5,4,133" ten="304,197,222,277" oya="3" hai0="92,107,123,91,52,104,121,100,122,20,61,31,6" hai1="120,34,39,55,0,50,130,17,33,21,22,118,77" hai2="40,87,53,28,24,70,45,37,1,30,73,12,57" hai3="16,99,4,129,7,19,64,66,110,134,113,60,80"/><W81/><G113/><T89/><D6/><N who="3" m="2089" /><G134/><T42/><D42/><U88/><E39/><V56/><F1/><W63/><G99/><T94/><D100/><U117/><E120/><V41/><F73/><W135/><G135/><T10/><D10/><U5/><E77/><V124/><F70/><W59/><G129/><T79/><D79/><U67/><E67/><N who="3" m="25642" /><G110/><T58/><D92/><U112/><E112/><V51/><F124/><W23/><G59/><N who="2" m="22601" /><F37/><W85/><G19/><T90/><REACH who="0" step="1"/><D94/><REACH who="0" ten="294,197,222,277" step="2"/><U86/><E130/><V96/><F40/><W128/><G128/><T68/><D68/><U26/><E5/><V43/><F41/><W103/><G103/><T46/><D46/><N who="1" m="28119" /><E0/><V38/><F43/><W93/><G93/><T48/><D48/><U25/><E117/><V125/><F51/><W14/><G81/><T62/><D62/><U15/><E118/><V3/><F45/><W108/><G108/><T102/><D102/><U115/><E115/><V69/><F69/><W36/><G36/><T54/><D54/><U35/><E35/><V106/><F53/><W82/><G80/><T131/><D131/><U27/><E34/><V97/><F38/><W101/><G101/><T8/><D8/><N who="1" m="6375" /><E33/><V11/><F11/><W109/><G109/><T75/><D75/><U44/><E44/><V9/><F9/><W98/><G98/><T18/><D18/><U32/><E32/><V83/><F97/><W114/><G114/><T72/><D72/><U49/><E49/><V76/><F76/><AGARI ba="0,1" hai="14,16,23,60,63,76,82,85" m="25642,2089" machi="76" ten="30,2900,0" yaku="8,1,54,1" doraHai="133" who="3" fromWho="2" sc="294,0,197,0,222,-29,277,39" />
</Scene>
<Scene>
<INIT seed="3,1,0,5,5,51" ten="294,197,193,316" oya="3" hai0="55,119,95,33,86,34,82,40,21,19,74,64,104" hai1="26,4,127,110,97,42,80,8,35,93,94,87,131" hai2="57,79,38,60,128,18,5,12,29,17,36,70,6" hai3="11,23,24,114,105,90,30,130,1,117,69,109,13"/><W125/><G69/><T66/><D104/><U10/><E110/><V133/><F70/><W44/><G105/><T32/><D119/><U84/><E127/><V20/><F133/><W71/><G71/><T100/><D40/><U99/><E131/><V52/><F128/><W43/><G114/><T46/><D74/><U56/><E42/><V115/><F115/><W135/><G117/><T92/><D100/><U102/><E56/><V81/><F29/><W124/><G130/><T73/><D73/><U25/><E35/><V111/><F111/><W54/><G1/><T62/><D92/><U65/><E65/><V14/><F38/><W37/><G109/><T83/><D95/><U129/><E129/><V123/><F36/><W118/><G135/><T41/><D41/><U132/><E132/><V0/><F0/><W76/><G76/><T2/><D2/><U47/><E47/><V39/><F39/><W67/><G67/><N who="0" m="25643" /><D86/><N who="1" m="32811" /><E80/><V88/><F88/><W45/><G90/><T89/><D89/><N who="1" m="55471" /><E4/><V107/><F123/><W77/><G77/><T85/><D85/><U103/><E103/><V116/><F107/><W15/><G118/><T3/><D3/><U59/><E94/><V53/><F116/><W126/><REACH who="3" step="1"/><G11/><REACH who="3" ten="294,197,193,306" step="2"/><T72/><D72/><U16/><E10/><N who="2" m="6295" /><F79/><W101/><G101/><T78/><D78/><U48/><E102/><V63/><F81/><W96/><G96/><T50/><D82/><U113/><E99/><V61/><F57/><W27/><G27/><N who="0" m="14783" /><D83/><U120/><E113/><V122/><F122/><W112/><G112/><T91/><D91/><U106/><E120/><RYUUKYOKU ba="1,1" sc="294,10,197,-30,193,10,306,10" hai0="32,33,34,46,50,55,62" hai2="5,6,14,18,20,52,53,60,61,63" hai3="13,15,23,24,30,37,43,44,45,54,124,125,126" />
</Scene>
<Scene>
<INIT seed="3,2,1,3,3,95" ten="304,167,203,316" oya="3" hai0="110,47,100,82,80,20,29,70,72,99,44,129,93" hai1="75,115,38,25,119,14,19,122,106,10,0,113,114" hai2="135,64,83,109,128,120,37,79,111,84,48,81,66" hai3="127,30,112,43,54,45,51,102,77,11,18,125,35"/><W59/><G112/><T53/><D70/><U90/><E38/><V118/><F37/><W101/><G77/><T78/><D110/><N who="2" m="41994" /><F118/><W17/><G30/><T6/><D129/><U116/><E75/><N who="2" m="43263" /><F128/><W24/><G35/><T108/><D108/><U117/><E106/><V62/><F135/><W16/><G24/><T88/><D6/><N who="1" m="1351" /><E90/><N who="2" m="51487" /><F120/><W58/><G11/><T13/><D53/><U63/><E63/><V23/><F62/><N who="3" m="36183" /><G59/><T41/><D41/><U87/><E87/><V130/><F130/><W71/><G71/><T7/><D7/><U39/><E39/><V1/><F1/><W3/><G3/><T96/><D80/><U22/><E122/><V28/><F48/><W126/><AGARI ba="2,1" hai="16,17,18,43,45,51,101,102,125,126,127" m="36183" machi="126" ten="40,3900,0" yaku="18,1,54,1" doraHai="95" who="3" fromWho="3" sc="304,-15,167,-15,203,-15,316,55" />
</Scene>
<Scene>
<INIT seed="3,3,0,0,1,122" ten="289,152,188,371" oya="3" hai0="83,37,89,108,14,49,22,78,6,36,134,72,118" hai1="58,79,56,24,119,7,92,133,104,115,90,132,130" hai2="47,105,42,18,77,54,93,82,40,97,87,135,50" hai3="62,19,33,99,21,86,57,100,41,84,26,51,63"/><W23/><G33/><T67/><D118/><U4/><E104/><V8/><F105/><W113/><G113/><T3/><D134/><N who="1" m="51819" /><E119/><V30/><F135/><W131/><G131/><T76/><D76/><U70/><E70/><V60/><F30/><W109/><G62/><T32/><D49/><U102/><E115/><V91/><F60/><W27/><G51/><T20/><D20/><U123/><E102/><V71/><F71/><W112/><G41/><T106/><D22/><U28/><E123/><V59/><F59/><N who="1" m="22569" /><E79/><V61/><F61/><W29/><G112/><T129/><D89/><U48/><E48/><V114/><F114/><W10/><G100/><T124/><D129/><U110/><E110/><V45/><F45/><W66/><G109/><T94/><D108/><U55/><E55/><V9/><REACH who="2" step="1"/><F18/><REACH who="2" ten="289,152,178,371" step="2"/><W16/><G29/><T15/><D106/><U0/><E130/><V1/><F1/><W120/><G120/><T53/><D3/><U125/><E0/><V65/><F65/><W73/><G63/><T75/><D67/><U17/><E17/><V34/><F34/><W46/><G66/><T95/><D32/><N who="1" m="20487" /><E125/><V74/><F74/><W81/><G57/><T13/><D75/><U64/><E64/><V126/><F126/><W35/><G35/><T12/><D124/><U43/><E43/><AGARI ba="3,1" hai="8,9,40,42,43,47,50,54,77,82,87,91,93,97" machi="43" ten="40,2600,0" yaku="1,1,8,1,53,0" doraHai="122" doraHaiUra="52" who="2" fromWho="1" sc="289,0,152,-35,178,45,371,0" />
</Scene>
<Scene>
<INIT seed="4,0,0,4,3,123" ten="289,117,223,371" oya="0" hai0="118,57,86,78,60,59,3,121,28,120,82,69,104" hai1="42,13,19,77,1,84,127,8,11,40,97,96,125" hai2="95,65,70,20,75,89,100,93,26,48,33,76,21" hai3="90,53,105,79,58,63,38,49,9,0,39,62,23"/><T110/><D118/><U119/><E119/><V50/><F33/><W113/><G105/><T102/><D3/><U37/><E1/><V98/><F70/><W134/><G79/><T87/><D59/><U92/><E37/><V94/><F65/><W106/><G106/><T46/><D46/><U30/><E30/><N who="2" m="17735" /><F75/><W99/><G9/><T64/><D57/><U103/><E8/><V117/><F76/><W114/><G0/><T107/><D107/><U56/><E97/><N who="2" m="59439" /><F117/><W52/><G23/><T66/><D66/><U24/><E24/><V108/><F108/><W54/><G90/><T83/><D28/><U71/><E71/><V128/><F128/><W131/><G99/><T7/><D110/><U101/><E101/><N who="2" m="60631" /><F21/><W32/><G32/><T45/><D104/><U133/><E133/><V130/><F130/><W25/><G25/><T12/><D102/><U55/><E77/><V10/><F10/><W72/><G72/><T51/><D121/><U44/><E84/><AGARI ba="0,0" hai="48,50,84,89,95" m="60631,59439,17735" machi="84" ten="30,1000,0" yaku="8,1" doraHai="123" who="2" fromWho="1" sc="289,0,117,-10,223,10,371,0" />
</Scene>
<Scene>
<INIT seed="5,0,0,3,3,47" ten="289,107,233,371" oya="1" hai0="53,91,124,70,29,45,40,108,77,52,116,105,33" hai1="121,2,56,134,36,21,23,25,16,8,65,44,17" hai2="6,107,59,123,5,50,78,57,18,115,24,35,11" hai3="64,88,55,117,82,106,13,12,62,93,66,63,96"/><U131/><E121/><V128/><F107/><W28/><G106/><T94/><D108/><U102/><E131/><V15/><F123/><W97/><G28/><T0/><D0/><U118/><E118/><V48/><F128/><W98/><G82/><T19/><D124/><U130/><E130/><V79/><F115/><W30/><G30/><T9/><D70/><U20/><E134/><V31/><F59/><N who="3" m="35199" /><G117/><T46/><D29/><U32/><E32/><V122/><F122/><W37/><G37/><T34/><D77/><U129/><E129/><V39/><F39/><W111/><G111/><T61/><D105/><U72/><E72/><V83/><F78/><W127/><G127/><T81/><D81/><U1/><E1/><V51/><REACH who="2" step="1"/><F57/><REACH who="2" ten="289,107,223,371" step="2"/><N who="3" m="36975" /><G66/><T67/><D67/><U132/><E132/><V101/><F101/><W135/><G135/><T125/><D125/><U86/><E36/><V114/><F114/><W38/><G38/><T68/><D116/><U60/><E102/><V100/><F100/><W43/><G43/><T22/><D40/><U54/><E86/><AGARI ba="0,1" hai="5,6,11,15,18,24,31,35,48,50,51,79,83,86" machi="86" ten="40,8000,1" yaku="1,1,52,3,53,0" doraHai="47" doraHaiUra="84" who="2" fromWho="1" sc="289,0,107,-80,223,90,371,0" /><AGARI ba="0,0" hai="12,13,86,88,93,96,97,98" m="36975,35199" machi="86" ten="30,2000,0" yaku="8,1,54,1" doraHai="47" who="3" fromWho="1" sc="289,0,27,-20,313,0,371,20" />
</Scene>
<Scene>
<INIT seed="6,0,0,1,0,119" ten="289,7,313,391" oya="2" hai0="87,0,35,126,39,57,107,55,61,31,81,67,17" hai1="2,59,74,46,28,21,58,79,83,109,78,114,24" hai2="42,38,32,116,102,4,45,66,22,41,98,97,40" hai3="48,127,6,68,47,50,86,89,52,65,64,123,99"/><V30/><F116/><W103/><G6/><T118/><D118/><U72/><E109/><V110/><F110/><W12/><G12/><T106/><D0/><U104/><E114/><V111/><F111/><W25/><G123/><T7/><D7/><U77/><E2/><V117/><F117/><W95/><G68/><T94/><D39/><U18/><E104/><V105/><F4/><W27/><G127/><T33/><D126/><U37/><E77/><V43/><F22/><W5/><G5/><T26/><D35/><U11/><E37/><V16/><F16/><W88/><G50/><T20/><D94/><U23/><E11/><V14/><F14/><W122/><G122/><T60/><D87/><U115/><E46/><V36/><F97/><W62/><G62/><T96/><D96/><U3/><E3/><V125/><F125/><W10/><G10/><T121/><D81/><U85/><E115/><V69/><F38/><W90/><G86/><T130/><D130/><U80/><E85/><V9/><F9/><W8/><G8/><T63/><D121/><U54/><E54/><V56/><F56/><W73/><G73/><T101/><D101/><U129/><E129/><V70/><REACH who="2" step="1"/><F66/><AGARI ba="0,0" hai="25,27,47,48,52,64,65,66,88,89,90,95,99,103" machi="66" ten="40,5200,0" yaku="8,1,54,2" doraHai="119" who="3" fromWho="2" sc="289,0,7,0,313,-52,391,52" />
</Scene>
<Scene>
<INIT seed="7,0,0,1,4,125" ten="289,7,261,443" oya="3" hai0="124,74,56,94,62,80,118,10,104,107,30,29,36" hai1="6,95,98,134,100,76,132,38,73,84,34,33,23" hai2="49,28,120,91,25,103,46,60,11,131,32,133,86" hai3="75,39,130,123,37,55,47,114,58,85,69,15,99"/><W17/><G69/><T63/><D118/><U9/><E38/><V44/><F133/><N who="1" m="51305" /><E23/><V68/><F120/><W19/><G75/><T67/><D36/><U4/><E73/><V70/><F103/><W26/><G123/><T21/><D124/><U72/><E72/><V14/><F131/><W90/><G130/><T24/><D30/><U31/><E31/><V82/><F60/><N who="3" m="35935" /><G114/><T0/><D0/><N who="1" m="135" /><E6/><V135/><F46/><W87/><G47/><T50/><D10/><U22/><E22/><V3/><F3/><W78/><G78/><T12/><D12/><U129/><E129/><V93/><F93/><N who="3" m="56759" /><G19/><T121/><D121/><U5/><E5/><V8/><F8/><W42/><G42/><T108/><D63/><U65/><E65/><V97/><F97/><W35/><G35/><T52/><D94/><U41/><E41/><V1/><F135/><W57/><G57/><T64/><D64/><U128/><E128/><V48/><F1/><W81/><G15/><T116/><D116/><U89/><E76/><V53/><F49/><W79/><G87/><T20/><D20/><AGARI ba="0,0" hai="17,20,26,37,39,79,81,85" m="56759,35935" machi="20" ten="30,1500,0" yaku="25,1" doraHai="125" who="3" fromWho="0" sc="289,-15,7,0,261,0,443,15" owari="274,7.0,7,-49.0,261,-14.0,458,56.0" />
</Scene>
</mjloggm>