<mjloggm ver="2.3"><GO type="169" lobby="0"/><UN n0="%6B%69%79%6F%64%61%69" n1="%E5%A4%AA%E3%81%8F%E3%81%AA%E3%81%84%E3%81%8A" n2="%4A%61%6E%2D%4D%61%63%68" n3="%E7%8B%AC%E6%AD%A9" dan="18,17,16,20" rate="2199.76,2184.81,2119.85,2140.12" sx="M,F,M,M"/><TAIKYOKU oya="0"/>

<Scene>
<INIT seed="0,0,0,4,3,58" ten="250,250,250,250" oya="0" hai0="56,73,39,130,3,65,68,41,131,101,96,90,5" hai1="17,19,110,53,66,47,34,80,115,124,125,100,85" hai2="11,116,87,123,57,8,135,33,97,71,35,103,105" hai3="89,106,26,93,24,48,117,29,72,54,69,119,51"/><T37/><D73/><U81/><E34/><V21/><F71/><W129/><G106/><T112/><D112/><U12/><E115/><V55/><F123/><W95/><G72/><T82/><D68/><U2/><E2/><V113/><F113/><W104/><G104/><T121/><D121/><U32/><E32/><V114/><F135/><W64/><G129/><N who="0" m="49163" /><D41/><U60/><E100/><V25/><F116/><W42/><G42/><T107/><D5/><U40/><E53/><V9/><F87/><W128/><G128/><T94/><D82/><U14/><E110/><V91/><F91/><W83/><G83/><T44/><D44/><U76/><E80/><V75/><F75/><W126/><G69/><T46/><D46/><U120/><E120/><V78/><F78/><W52/><G89/><T79/><D79/><U102/><E102/><V84/><F84/><W98/><G98/><N who="0" m="57687" /><D3/><U122/><E122/><V30/><REACH who="2" step="1"/><F114/><REACH who="2" ten="250,250,240,250" step="2"/><W1/><G119/><T6/><D96/><U18/><E125/><V38/><F38/><W63/><G126/><T108/><D39/><U22/><E124/><V77/><F77/><W15/><G117/><T49/><D37/><U86/><E86/><V20/><F20/><W134/><G134/><T74/><D74/><U67/><E22/><V70/><F70/><W43/><G51/><AGARI ba="0,1" hai="8,9,11,21,25,30,33,35,51,55,57,97,103,105" machi="51" ten="40,1300,0" yaku="1,1,53,0" doraHai="58" doraHaiUra="88" who="2" fromWho="3" sc="250,0,250,0,240,23,250,-13" />
</Scene>
<Scene>
<INIT seed="1,0,0,1,0,132" ten="250,250,263,237" oya="1" hai0="83,101,133,5,47,45,94,115,91,9,90,131,42" hai1="99,107,17,81,100,135,25,102,82,69,122,111,23" hai2="92,78,63,114,77,3,98,49,113,14,20,112,128" hai3="80,89,53,93,65,34,55,10,15,52,40,125,95"/><U84/><E122/><V67/><F3/><W109/><G34/><T130/><D115/><U32/><E69/><V86/><F49/><W50/><G65/><T2/><D133/><U64/><E135/><V16/><F86/><N who="3" m="50375" /><G125/><T96/><D47/><U108/><E64/><V44/><F44/><N who="3" m="25863" /><G109/><N who="1" m="42058" /><E102/><N who="2" m="60743" /><F128/><N who="0" m="49194" /><D83/><N who="1" m="31755" /><E84/><V46/><F46/><W105/><G105/><T74/><D74/><U104/><E32/><V88/><F88/><W76/><G76/><T118/><D118/><U24/><E107/><V59/><AGARI ba="0,0" hai="14,16,20,59,63,67,77,78,112,113,114" m="60743" machi="59" ten="30,2000,0" yaku="11,1,54,1" doraHai="132" who="2" fromWho="2" sc="250,-5,250,-10,263,20,237,-5" />
</Scene>
<Scene>
<INIT seed="2,0,0,0,5,56" ten="245,240,283,232" oya="2" hai0="17,49,98,59,37,75,108,71,51,131,87,113,54" hai1="103,96,93,124,41,66,14,25,2,89,0,60,81" hai2="90,11,110,95,132,20,1,28,64,121,91,80,43" hai3="12,128,30,29,9,55,53,119,92,44,40,85,79"/><V34/><F34/><W13/><G128/><T94/><D75/><U106/><E124/><V57/><F121/><W67/><G67/><T32/><D71/><U118/><E118/><V99/><F43/><W47/><G119/><T111/><D37/><U48/><E81/><V69/><F69/><W19/><G13/><T114/><D32/><U102/><E14/><V23/><F23/><W24/><G47/><T58/><D87/><U82/><E82/><V52/><F64/><W7/><G19/><T104/><D104/><U76/><E76/><V63/><F132/><W130/><G130/><T105/><D105/><U86/><E102/><V88/><F110/><N who="0" m="42026" /><D131/><U22/><E48/><N who="0" m="18505" /><D17/><U116/><E41/><V26/><REACH who="2" step="1"/><F80/><REACH who="2" ten="245,240,273,232" step="2"/><W15/><G40/><T97/><D114/><U6/><E116/><V21/><F21/><W31/><G55/><T101/><D54/><U83/><E83/><V125/><F125/><W65/><G65/><T115/><D115/><U112/><E112/><V129/><F129/><W100/><G79/><T62/><D113/><U27/><E22/><V39/><F39/><W45/><G53/><T70/><D70/><U10/><REACH who="1" step="1"/><E2/><REACH who="1" ten="245,230,273,232" step="2"/><V35/><F35/><W127/><G127/><T73/><D73/><U18/><E18/><V123/><F123/><W72/><G72/><T36/><D36/><U68/><AGARI ba="0,2" hai="0,6,10,25,27,60,66,68,86,89,93,96,103,106" machi="68" ten="20,8000,1" yaku="1,1,0,1,7,1,52,1,53,1" doraHai="56" doraHaiUra="84" who="1" fromWho="1" sc="245,-20,230,100,273,-40,232,-20" />
</Scene>
<Scene>
<INIT seed="3,0,0,5,1,8" ten="225,330,233,212" oya="3" hai0="115,135,50,66,110,98,27,84,93,24,74,126,2" hai1="52,124,43,119,120,91,118,0,57,37,122,95,99" hai2="81,63,49,47,44,34,41,46,117,64,69,54,87" hai3="86,67,1,36,134,92,83,70,61,15,28,116,90"/><W35/><G1/><T106/><D74/><U132/><E0/><V30/><F117/><N who="1" m="44553" /><E132/><V38/><F30/><W89/><G116/><T107/><D2/><U25/><E124/><V105/><F105/><W80/><G36/><T75/><D75/><U112/><E112/><V113/><F34/><W32/><G134/><T114/><D66/><U85/><E25/><N who="0" m="9801" /><D126/><U3/><E3/><V20/><F20/><W33/><G28/><T65/><D65/><U104/><E43/><V19/><F19/><W29/><G29/><T39/><D39/><U121/><E37/><V78/><REACH who="2" step="1"/><F113/><REACH who="2" ten="225,330,223,212" step="2"/><W42/><G42/><T14/><D115/><U129/><E104/><V123/><F123/><W125/><G125/><T21/><D107/><U26/><E121/><V59/><AGARI ba="0,1" hai="38,41,44,46,47,49,54,59,63,64,69,78,81,87" machi="59" ten="20,8000,1" yaku="1,1,0,1,7,1,24,2,53,0" doraHai="8" doraHaiUra="6" who="2" fromWho="2" sc="225,-20,330,-20,223,90,212,-40" />
</Scene>
<Scene>
<INIT seed="4,0,0,0,3,46" ten="205,310,313,172" oya="0" hai0="69,19,123,26,118,129,117,41,120,104,5,32,35" hai1="53,78,1,58,61,39,132,130,54,13,88,106,94" hai2="0,119,68,2,114,18,127,7,128,115,37,30,84" hai3="36,57,56,8,75,99,70,33,105,9,3,28,52"/><T62/><D104/><U74/><E1/><V24/><F68/><W40/><G70/><T97/><D41/><U21/><E106/><V90/><F37/><W72/><G40/><T103/><D97/><U134/><E39/><V95/><F119/><N who="0" m="45578" /><D103/><U59/><E130/><V44/><F128/><W110/><G36/><T34/><D62/><U29/><E74/><V89/><F18/><W92/><G105/><T67/><D67/><U17/><E29/><V10/><F0/><W65/><G65/><T81/><D81/><U124/><E78/><V111/><F44/><W15/><G57/><T11/><D69/><U112/><E124/><V113/><F90/><W22/><G3/><N who="0" m="447" /><D129/><U82/><E82/><V47/><F47/><W16/><G75/><T135/><D135/><U49/><REACH who="1" step="1"/><E112/><REACH who="1" ten="205,300,313,172" step="2"/><V48/><F127/><W116/><G72/><T60/><D60/><U85/><AGARI ba="0,1" hai="13,17,21,49,53,54,58,59,61,85,88,94,132,134" machi="85" ten="30,12000,2" yaku="1,1,2,1,0,1,25,2,52,1,54,1,53,0" doraHai="46" doraHaiUra="96" who="1" fromWho="1" sc="205,-60,300,130,313,-30,172,-30" />
</Scene>
<Scene>
<INIT seed="5,0,0,3,1,95" ten="145,430,283,142" oya="1" hai0="32,34,13,44,120,109,25,99,5,49,24,102,66" hai1="50,127,11,115,47,68,126,113,3,80,57,133,107" hai2="9,85,135,108,17,131,88,104,112,43,97,75,58" hai3="26,103,87,60,114,70,33,10,2,45,27,21,128"/><U124/><E68/><V55/><F43/><W54/><G114/><N who="1" m="43530" /><E133/><V118/><F75/><W129/><G33/><T81/><D109/><U130/><E130/><N who="3" m="50282" /><G103/><T132/><D132/><U48/><E107/><V18/><F135/><W62/><G87/><T37/><D37/><U64/><E80/><V119/><F108/><W73/><G73/><T84/><D66/><U89/><E89/><V93/><F112/><W91/><G91/><N who="0" m="51599" /><D34/><U67/><E11/><V53/><F53/><W125/><G125/><T52/><D32/><U121/><E3/><V90/><F131/><W38/><G70/><T61/><D120/><U69/><E121/><V110/><F110/><W79/><G79/><T100/><D100/><U106/><E106/><V41/><F41/><N who="3" m="22711" /><G54/><T59/><D102/><U29/><E69/><V12/><F104/><W7/><G26/><N who="0" m="10347" /><D99/><U22/><E64/><V77/><F77/><W105/><G105/><T96/><D96/><U74/><E74/><V134/><F134/><W72/><G72/><T71/><D71/><U36/><E67/><V86/><F86/><W31/><AGARI ba="0,0" hai="2,7,10,21,27,31,60,62" m="22711,50282" machi="31" ten="30,1100,0" yaku="19,1" doraHai="95" who="3" fromWho="3" sc="145,-3,430,-5,283,-3,142,11" />
</Scene>
<Scene>
<INIT seed="6,0,0,0,5,85" ten="142,425,280,153" oya="2" hai0="134,114,118,69,34,98,73,27,71,47,110,135,80" hai1="90,77,133,50,89,130,41,8,93,40,15,107,37" hai2="32,75,109,83,39,35,104,62,123,129,96,103,13" hai3="11,111,22,17,112,79,16,102,38,72,43,29,30"/><V88/><F123/><W24/><G111/><T106/><D110/><U84/><E107/><V44/><F109/><W122/><G122/><T45/><D114/><U76/><E37/><V53/><F129/><W66/><G112/><T95/><D106/><U116/><E116/><V59/><F13/><W127/><G127/><T67/><D118/><U82/><E133/><N who="0" m="50697" /><D80/><U56/><E130/><V61/><F61/><W113/><G113/><T115/><D73/><U1/><E1/><V21/><F21/><W60/><G102/><N who="0" m="60767" /><D115/><U63/><E77/><V26/><F26/><W94/><G79/><T33/><D67/><N who="1" m="39399" /><E50/><V0/><F0/><W119/><G72/><T126/><D126/><U101/><E101/><V78/><F39/><W28/><G119/><T81/><D81/><U97/><E76/><V100/><F100/><W64/><G94/><T25/><D25/><U31/><E31/><V6/><F6/><AGARI ba="0,0" hai="6,8,15,40,41,82,84,89,90,93,97" m="39399" machi="6" ten="30,3900,0" yaku="8,1,52,2" doraHai="85" who="1" fromWho="2" sc="142,0,425,39,280,-39,153,0" />
</Scene>
<Scene>
<INIT seed="7,0,0,1,0,72" ten="142,464,241,153" oya="3" hai0="122,85,7,41,118,75,16,98,1,79,67,127,96" hai1="91,125,124,120,25,33,119,45,105,13,55,117,76" hai2="123,2,68,60,47,65,64,44,56,14,37,17,46" hai3="58,5,134,128,89,66,53,26,114,81,82,50,6"/><W49/><G114/><T73/><D118/><N who="1" m="45067" /><E120/><V36/><F2/><W43/><G128/><T103/><D122/><U8/><E105/><V97/><F97/><N who="0" m="37482" /><D75/><U109/><E109/><V77/><F77/><W70/><G134/><T83/><D73/><U32/><E76/><V100/><F100/><W61/><G26/><T19/><D127/><N who="1" m="48715" /><E91/><V22/><F123/><W40/><G89/><T9/><D1/><U121/><E121/><V63/><AGARI ba="0,0" hai="14,17,22,36,37,44,46,47,56,60,63,64,65,68" machi="63" ten="30,1100,0" yaku="0,1" doraHai="72" who="2" fromWho="2" sc="142,-3,464,-3,241,11,153,-5" owari="139,-36.0,461,56.0,252,5.0,148,-25.0" />
</Scene>
</mjloggm>