<mjloggm ver="2.3"><GO type="169" lobby="0"/><UN n0="%E5%A4%AA%E3%81%8F%E3%81%AA%E3%81%84%E3%81%8A" n1="%49%63%68%69%6B%61%77%61" n2="%E7%8E%84%E7%B1%B3" n3="%E3%82%AB%E3%83%AA%E3%83%95%E3%82%A9%E3%83%AB%E3%83%8B%E3%82%A2%E9%A2%A8" dan="17,16,16,17" rate="2186.15,2050.18,2046.38,2151.41" sx="M,M,M,M"/><TAIKYOKU oya="0"/>

<Scene>
<INIT seed="0,0,0,1,2,123" ten="250,250,250,250" oya="0" hai0="3,78,92,27,33,134,102,20,15,7,53,48,71" hai1="32,108,117,119,16,109,38,133,31,91,89,127,57" hai2="35,100,69,75,79,8,58,76,2,85,114,107,49" hai3="63,118,81,74,83,10,4,9,37,59,6,61,131"/><T12/><D71/><U111/><E38/><V28/><F114/><W65/><G37/><T93/><D33/><U18/><E127/><V113/><F113/><W60/><G118/><N who="1" m="45066" /><E133/><V68/><F85/><W121/><G121/><T97/><D134/><U77/><E77/><V128/><F49/><W124/><G131/><T21/><D78/><U44/><E44/><V122/><F58/><W66/><G74/><T45/><D3/><U13/><E57/><V11/><F76/><W125/><G61/><T56/><D7/><U43/><E43/><V22/><F22/><W70/><REACH who="3" step="1"/><G59/><REACH who="3" ten="250,250,250,240" step="2"/><T23/><D27/><N who="1" m="18559" /><E18/><V36/><F128/><W41/><G41/><T96/><REACH who="0" step="1"/><D56/><REACH who="0" ten="240,250,250,240" step="2"/><U105/><E105/><V34/><F122/><W112/><G112/><T129/><D129/><U62/><E62/><V72/><F107/><W135/><G135/><T84/><D84/><U40/><E40/><V14/><F72/><W64/><G64/><T104/><D104/><U73/><E73/><V90/><F75/><W88/><G88/><AGARI ba="0,2" hai="12,15,20,21,23,45,48,53,88,92,93,96,97,102" machi="88" ten="40,12000,1" yaku="1,1,8,1,54,1,53,1" doraHai="123" doraHaiUra="98" who="0" fromWho="3" sc="240,140,250,0,250,0,240,-120" />
</Scene>
<Scene>
<INIT seed="0,1,0,5,5,65" ten="380,250,250,120" oya="0" hai0="1,21,127,85,25,123,38,112,114,60,98,102,75" hai1="50,107,27,62,3,46,14,43,36,108,87,59,23" hai2="81,17,69,45,73,56,79,20,28,97,19,49,26" hai3="9,135,129,33,41,72,10,47,34,70,99,51,105"/><T125/><D75/><U132/><E3/><V86/><F69/><W57/><G72/><T31/><D123/><U37/><E107/><V133/><F133/><W63/><G135/><T7/><D38/><U24/><E132/><V130/><F130/><W117/><G117/><T71/><D85/><U126/><E126/><N who="0" m="48137" /><D7/><U113/><E113/><V100/><F73/><W111/><G129/><T54/><D1/><U88/><E108/><V68/><F68/><W93/><G105/><N who="0" m="63703" /><D54/><N who="1" m="34167" /><E37/><V58/><F17/><W103/><G111/><T11/><D11/><U42/><E42/><V53/><REACH who="2" step="1"/><F19/><REACH who="2" ten="380,250,240,120" step="2"/><W121/><G121/><T12/><D71/><U124/><E124/><V13/><F13/><W131/><G70/><T44/><D12/><U2/><E2/><V16/><F16/><W122/><G131/><T91/><D114/><U89/><E14/><V4/><F4/><W92/><G122/><T76/><D112/><U95/><E27/><V104/><AGARI ba="1,1" hai="20,26,28,45,49,53,56,58,79,81,86,97,100,104" machi="104" ten="20,2700,0" yaku="1,1,0,1,7,1,53,0" doraHai="65" doraHaiUra="35" who="2" fromWho="2" sc="380,-14,250,-8,240,40,120,-8" />
</Scene>
<Scene>
<INIT seed="1,0,0,4,2,40" ten="366,242,280,112" oya="1" hai0="12,123,91,70,119,121,28,114,99,51,74,14,96" hai1="120,125,134,84,85,112,43,38,26,4,71,129,35" hai2="17,103,80,2,78,46,81,22,67,61,41,126,83" hai3="39,18,68,27,34,124,93,15,118,132,21,110,92"/><U36/><E120/><N who="0" m="46153" /><D114/><U44/><E112/><V98/><F2/><W79/><G68/><T116/><D70/><U25/><E71/><V128/><F128/><W76/><G39/><T72/><D28/><U66/><E66/><V7/><F126/><W94/><G124/><T73/><D51/><U127/><E4/><V100/><F7/><W53/><G132/><T29/><D29/><U109/><E43/><V62/><F78/><W16/><G110/><T63/><D63/><U19/><E19/><V0/><F0/><W1/><G1/><T59/><D59/><U11/><E11/><V52/><F67/><W117/><G34/><T101/><D91/><U57/><E57/><N who="2" m="34983" /><F62/><W55/><G117/><N who="0" m="45131" /><D99/><U24/><E35/><V3/><F3/><W45/><G118/><T82/><D82/><U115/><E115/><V89/><F89/><W133/><G133/><T47/><D96/><U48/><E134/><V33/><F98/><W108/><G108/><T88/><D88/><U111/><E111/><V6/><F6/><W56/><G56/><T90/><D90/><U49/><E109/><V31/><F31/><W60/><G60/><T20/><D73/><U30/><E30/><V69/><F69/><W105/><G18/><T106/><D74/><U9/><E127/><V131/><F33/><W77/><G105/><T13/><D106/><U87/><E125/><V64/><F64/><W65/><G65/><T113/><D72/><U32/><E32/><V107/><F107/><W95/><N who="3" m="23552" /><DORA hai="122" /><W97/><G97/><T23/><D113/><U54/><E38/><N who="2" m="21815" /><F131/><W42/><G27/><AGARI ba="0,0" hai="17,22,27,80,81,83,100,103" m="21815,34983" machi="27" ten="30,3900,0" yaku="6,1,52,1,54,1" doraHai="40,122" who="2" fromWho="3" sc="366,0,242,0,280,39,112,-39" />
</Scene>
<Scene>
<INIT seed="2,0,0,5,2,81" ten="366,242,319,73" oya="2" hai0="64,17,100,69,108,58,68,15,105,45,23,79,10" hai1="48,88,57,42,56,25,27,33,62,90,50,24,73" hai2="121,31,32,37,66,103,54,61,40,77,83,91,39" hai3="60,52,1,8,20,63,9,101,71,43,86,123,116"/><V115/><F121/><W98/><G116/><T29/><D108/><U38/><E33/><V112/><F103/><W134/><G123/><T82/><D105/><U85/><E73/><V118/><F118/><W51/><G43/><T14/><D100/><U67/><E38/><V97/><F54/><W41/><G41/><T106/><D106/><U110/><E42/><V107/><F107/><W21/><G134/><T94/><D94/><N who="1" m="54543" /><E110/><V95/><F115/><W19/><G21/><T0/><D0/><U12/><E12/><V46/><F112/><W127/><G127/><T132/><D45/><U65/><E90/><V122/><F122/><W130/><G130/><T92/><D15/><U7/><E7/><V36/><F32/><W5/><G9/><T133/><D10/><U89/><E89/><V35/><F35/><W120/><G71/><T13/><D69/><U26/><N who="1" m="6144" /><DORA hai="125" /><U87/><E87/><V124/><F31/><W55/><G120/><T93/><D29/><U111/><E111/><V131/><F124/><W72/><G86/><N who="0" m="48479" /><D14/><U34/><E34/><V126/><F126/><W104/><G72/><T78/><D68/><U4/><E4/><V75/><REACH who="2" step="1"/><F131/><REACH who="2" ten="366,242,309,73" step="2"/><W59/><G20/><T22/><D22/><U102/><E102/><V84/><F84/><W6/><G19/><T2/><D17/><U49/><E67/><V135/><F135/><W119/><G119/><T11/><D64/><U117/><E117/><V47/><F47/><N who="3" m="27775" /><G6/><T99/><D133/><U114/><E114/><V70/><AGARI ba="0,1" hai="36,37,39,40,46,61,66,70,75,77,83,91,95,97" machi="70" ten="20,3900,0" yaku="1,1,0,1,7,1,53,0" doraHai="81,125" doraHaiUra="44,113" who="2" fromWho="2" sc="366,-13,242,-13,309,49,73,-13" />
</Scene>
<Scene>
<INIT seed="2,1,0,5,0,79" ten="353,229,358,60" oya="2" hai0="17,114,103,19,29,78,47,116,87,133,31,0,12" hai1="93,88,3,125,28,107,113,63,123,14,59,101,83" hai2="40,2,75,15,43,111,68,7,6,33,18,120,1" hai3="105,81,9,94,23,104,72,80,85,73,110,16,102"/><V4/><F120/><W64/><G64/><T90/><D0/><U100/><E3/><V65/><F75/><N who="3" m="28747" /><G9/><T95/><D114/><U22/><E113/><V67/><F33/><W119/><G23/><T11/><D133/><U26/><E107/><N who="3" m="41034" /><G16/><T132/><D78/><U108/><E123/><V127/><F1/><W117/><G110/><T112/><D132/><U134/><E134/><V55/><F2/><W24/><G24/><T109/><D109/><U60/><E108/><V76/><F111/><W99/><G85/><T32/><D32/><U89/><E63/><V27/><F27/><W53/><G53/><T69/><D69/><U30/><E30/><V38/><F68/><W46/><G46/><T62/><D62/><U126/><E14/><V66/><F55/><W49/><G49/><T130/><D17/><U74/><E74/><V98/><F18/><W50/><G50/><T57/><D47/><U35/><E35/><V56/><F66/><W131/><G131/><T10/><D130/><U37/><E60/><V128/><F65/><W86/><G86/><T51/><D11/><U34/><E34/><V58/><F67/><W45/><G45/><T121/><D10/><U106/><E28/><V8/><F8/><W70/><G70/><T96/><D29/><U54/><E54/><V21/><F128/><W82/><AGARI ba="1,0" hai="80,81,82,94,99,102,117,119" m="41034,28747" machi="82" ten="40,8000,1" yaku="34,2,52,3" doraHai="79" who="3" fromWho="3" sc="353,-21,229,-21,358,-41,60,83" />
</Scene>
<Scene>
<INIT seed="3,0,0,5,4,130" ten="332,208,317,143" oya="3" hai0="5,44,60,18,21,12,41,48,70,75,93,56,25" hai1="61,23,0,13,78,116,17,104,31,74,80,79,91" hai2="42,40,94,110,119,76,89,28,135,111,72,100,3" hai3="20,27,131,32,19,81,62,107,14,9,122,121,99"/><W64/><G131/><T6/><D75/><U26/><E0/><V114/><F3/><W101/><G81/><T97/><D70/><U54/><E104/><V87/><F28/><W96/><G99/><T52/><REACH who="0" step="1"/><D12/><REACH who="0" ten="322,208,317,143" step="2"/><U4/><E13/><V86/><F119/><W29/><REACH who="3" step="1"/><G9/><REACH who="3" ten="322,208,317,133" step="2"/><T109/><D109/><U51/><E116/><V24/><F110/><W132/><G132/><T65/><D65/><U7/><E74/><V39/><F135/><W33/><G33/><T71/><D71/><AGARI ba="0,2" hai="14,19,20,27,29,32,62,64,71,96,101,107,121,122" machi="71" ten="30,12000,1" yaku="1,1,7,1,25,2,53,1" doraHai="130" doraHaiUra="92" who="3" fromWho="0" sc="322,-120,208,0,317,0,133,140" />
</Scene>
<Scene>
<INIT seed="3,1,0,2,2,70" ten="202,208,317,273" oya="3" hai0="65,130,41,60,81,96,127,85,115,28,118,57,22" hai1="12,75,131,134,113,31,109,32,126,29,135,80,16" hai2="0,7,23,14,38,37,68,51,103,120,94,117,27" hai3="11,33,98,95,59,79,18,123,61,72,15,34,77"/><W55/><G123/><T83/><D118/><U44/><E113/><V43/><F117/><W6/><G72/><T49/><D115/><U3/><E3/><V47/><F0/><W90/><REACH who="3" step="1"/><G6/><REACH who="3" ten="202,208,317,263" step="2"/><T74/><D74/><U2/><E75/><V62/><F120/><W107/><G107/><T86/><D127/><U124/><E126/><V91/><F7/><W53/><G53/><T24/><D130/><U26/><E131/><V48/><F43/><W84/><G84/><T99/><D86/><U1/><E124/><V100/><F100/><W58/><G58/><T17/><D85/><U42/><E42/><V64/><F103/><W128/><G128/><T36/><D57/><U106/><E106/><V88/><F68/><W97/><G97/><T121/><D96/><U133/><E133/><V129/><F129/><W54/><G54/><T73/><D99/><U101/><E101/><V93/><F64/><W19/><G19/><T102/><D17/><U13/><E16/><V87/><F87/><W20/><G20/><T114/><D22/><U122/><E122/><V67/><F67/><W76/><AGARI ba="1,1" hai="11,15,18,33,34,55,59,61,76,77,79,90,95,98" machi="76" ten="30,3000,0" yaku="1,1,0,1,53,0" doraHai="70" doraHaiUra="63" who="3" fromWho="3" sc="202,-11,208,-11,317,-11,263,43" />
</Scene>
<Scene>
<INIT seed="3,2,0,3,4,86" ten="191,197,306,306" oya="3" hai0="67,133,108,49,12,35,77,59,40,120,93,92,113" hai1="116,100,123,6,53,18,44,80,39,94,128,98,129" hai2="74,105,124,56,15,52,131,8,78,121,24,38,57" hai3="21,16,87,19,45,96,115,37,135,30,0,32,107"/><W27/><G0/><T127/><D120/><U84/><E6/><V28/><F38/><W2/><G2/><T46/><D35/><U85/><E123/><V58/><F105/><W110/><G115/><T23/><D113/><U75/><E18/><V11/><F121/><W91/><G135/><T5/><D133/><U64/><E64/><V103/><F131/><N who="1" m="50249" /><E39/><V33/><F124/><W47/><G110/><T13/><D127/><U102/><E44/><N who="3" m="16970" /><G107/><T119/><D119/><U14/><E14/><V60/><F103/><W72/><G72/><T36/><D108/><U89/><E53/><V29/><F29/><W62/><G32/><T118/><D118/><U41/><E41/><V55/><F15/><W17/><G37/><T54/><D77/><N who="1" m="44095" /><E116/><V61/><F57/><W132/><G132/><T26/><D13/><U90/><E85/><V130/><F130/><W7/><G7/><T99/><D67/><U10/><E10/><V71/><F71/><W73/><G73/><T95/><D12/><U50/><E50/><V69/><F69/><W126/><G126/><T76/><D5/><U3/><E3/><V125/><F125/><W117/><G117/><T122/><D122/><U63/><E63/><V114/><F114/><W70/><G62/><T112/><D112/><U106/><E106/><V68/><F68/><W83/><G70/><T1/><D1/><U43/><E43/><V104/><F104/><W42/><G42/><T4/><D4/><U65/><E65/><V88/><F8/><W66/><G66/><T109/><D36/><U97/><E84/><V134/><F11/><RYUUKYOKU ba="2,0" sc="191,-15,197,15,306,-15,306,15" hai1="89,90,94,97,98,100,102" hai3="16,17,19,21,27,30,83,87,91,96" />
</Scene>
<Scene>
<INIT seed="3,3,0,4,2,1" ten="176,212,291,321" oya="3" hai0="122,113,71,85,74,66,124,129,111,11,39,110,121" hai1="95,41,24,45,0,82,103,46,40,67,28,127,86" hai2="91,31,58,54,112,120,105,47,83,93,77,80,97" hai3="48,53,6,17,61,88,37,23,12,15,32,89,123"/><W125/><G32/><T90/><D39/><U72/><E72/><V44/><F112/><W130/><G37/><T81/><D71/><U69/><E0/><V131/><F131/><W70/><G123/><N who="0" m="47115" /><D66/><U65/><E69/><V116/><F116/><W128/><G125/><T2/><D2/><U114/><E114/><V104/><F120/><W96/><G70/><T9/><D113/><U135/><E127/><V107/><F31/><W13/><G61/><T106/><D124/><U38/><E95/><V19/><F19/><W101/><G101/><T62/><D106/><U75/><E75/><V52/><F54/><W7/><G128/><T27/><D62/><U79/><E103/><V76/><F80/><W51/><G51/><T30/><D74/><U34/><E135/><V10/><F10/><W29/><G29/><T8/><D129/><U57/><E57/><V115/><F115/><W21/><G130/><T99/><D99/><U60/><E60/><V133/><F133/><W132/><G132/><T36/><D36/><AGARI ba="3,0" hai="24,28,34,36,38,40,41,45,46,65,67,79,82,86" machi="36" ten="30,2000,0" yaku="7,1,9,1" doraHai="1" who="1" fromWho="0" sc="176,-29,212,29,291,0,321,0" />
</Scene>
<Scene>
<INIT seed="4,0,0,4,5,61" ten="147,241,291,321" oya="0" hai0="34,44,27,90,39,131,20,126,102,53,109,15,79" hai1="75,0,132,76,19,59,82,13,89,58,46,134,80" hai2="43,35,32,14,42,110,62,16,30,7,66,51,84" hai3="57,64,33,85,48,45,52,71,104,99,88,124,107"/><T105/><D79/><U117/><E0/><V2/><F110/><W8/><G33/><T73/><D73/><U55/><E117/><V115/><F115/><W108/><G108/><T41/><D109/><U118/><E118/><V103/><F103/><W50/><G71/><T18/><D131/><U38/><E82/><V92/><F2/><W5/><G99/><T135/><D135/><N who="1" m="51755" /><E89/><V17/><F7/><W121/><G124/><T69/><D126/><U74/><E74/><V111/><F111/><W1/><G121/><T133/><D133/><U9/><E55/><V78/><F30/><W36/><G36/><T25/><D69/><U12/><E12/><V26/><F35/><W130/><G130/><T98/><D34/><U31/><E31/><V68/><F32/><W87/><G87/><T127/><D127/><U96/><E96/><V113/><F113/><W122/><G122/><T49/><REACH who="0" step="1"/><D90/><REACH who="0" ten="137,241,291,321" step="2"/><U22/><E76/><V67/><F78/><W70/><G70/><T29/><D29/><U129/><E75/><V65/><F68/><W86/><G88/><T81/><D81/><U125/><E80/><V37/><F37/><W91/><G91/><T93/><D93/><U24/><E129/><V4/><F92/><W116/><G116/><T77/><D77/><U123/><E125/><V106/><F106/><W63/><G107/><T100/><D100/><U3/><E123/><V97/><F97/><W47/><G104/><T23/><D23/><U95/><E95/><V10/><F84/><W101/><G101/><T119/><D119/><U28/><E38/><V94/><F94/><RYUUKYOKU ba="0,1" sc="137,15,241,-15,291,-15,321,15" hai0="15,18,20,25,27,39,41,44,49,53,98,102,105" hai3="1,5,8,45,47,48,50,52,57,63,64,85,86" />
</Scene>
<Scene>
<INIT seed="4,1,1,3,3,3" ten="152,226,276,336" oya="0" hai0="48,64,69,84,91,92,99,97,9,134,65,30,55" hai1="7,80,87,37,93,15,39,8,23,105,47,111,11" hai2="21,71,129,86,45,113,98,72,103,67,40,68,112" hai3="116,60,73,34,106,83,46,49,95,13,115,12,35"/><T82/><D134/><U41/><E105/><V56/><F72/><W81/><G106/><T2/><D30/><U52/><E111/><V133/><F133/><W14/><G116/><T36/><D36/><U28/><E39/><N who="2" m="21663" /><F129/><W118/><G34/><T42/><D42/><U122/><E122/><V107/><F21/><W54/><G35/><T61/><D64/><U10/><E93/><V58/><F86/><W126/><G73/><T119/><D119/><U62/><E23/><V120/><F120/><W18/><G126/><T22/><D22/><U32/><E28/><V51/><F51/><W78/><G18/><T76/><D9/><U44/><E32/><V27/><F27/><W89/><G115/><N who="2" m="44105" /><F67/><W4/><G78/><T96/><REACH who="0" step="1"/><D2/><REACH who="0" ten="142,226,276,336" step="2"/><U90/><E11/><V121/><F121/><W109/><G118/><T124/><D124/><U130/><E10/><V1/><F1/><W50/><G109/><T26/><D26/><U135/><E135/><V114/><F114/><W59/><G14/><T88/><D88/><U94/><E130/><V100/><F100/><W38/><G13/><T70/><D70/><AGARI ba="1,2" hai="56,58,68,70,71,98,103,107" m="44105,21663" machi="70" ten="30,1000,0" yaku="15,1" doraHai="3" who="2" fromWho="0" sc="142,-13,226,0,276,33,336,0" />
</Scene>
<Scene>
<INIT seed="5,0,0,3,2,57" ten="129,226,309,336" oya="1" hai0="119,116,117,107,132,30,121,4,94,91,66,33,104" hai1="102,10,79,60,26,120,24,59,46,68,101,3,133" hai2="135,113,55,128,52,103,18,5,97,131,63,32,38" hai3="40,31,77,89,106,71,122,70,27,99,19,90,86"/><U25/><E120/><V23/><F32/><W81/><G40/><T126/><D4/><U54/><E133/><V50/><F135/><W108/><G108/><T35/><D132/><U41/><E68/><V125/><F125/><W76/><G122/><T114/><D121/><U47/><E47/><V130/><F38/><W95/><G106/><T28/><D126/><U17/><E79/><V51/><F5/><W29/><G71/><T1/><D1/><U93/><E93/><N who="2" m="58799" /><F113/><W80/><G70/><T43/><D114/><U124/><E124/><V88/><F88/><W58/><G19/><T111/><D111/><U61/><E61/><V39/><F39/><W96/><G96/><T53/><D35/><U11/><E3/><V16/><F18/><W118/><G118/><T78/><D33/><U14/><REACH who="1" step="1"/><E11/><REACH who="1" ten="129,216,309,336" step="2"/><V34/><F63/><W100/><G77/><T15/><D78/><U21/><E21/><V12/><F34/><W62/><G95/><T110/><D110/><U22/><E22/><V20/><F20/><W69/><G62/><T112/><D112/><U67/><E67/><V92/><F92/><W123/><G69/><T115/><D66/><U49/><AGARI ba="0,1" hai="10,14,17,24,25,26,41,46,49,54,59,60,101,102" machi="49" ten="30,11700,0" yaku="1,1,0,1,8,1,52,1,53,0" doraHai="57" doraHaiUra="87" who="1" fromWho="1" sc="129,-39,216,127,309,-39,336,-39" />
</Scene>
<Scene>
<INIT seed="5,1,0,0,4,20" ten="90,343,270,297" oya="1" hai0="66,30,41,118,129,75,79,115,119,113,107,18,57" hai1="23,47,126,32,92,97,87,24,135,22,67,46,39" hai2="105,134,127,48,125,128,102,123,124,101,52,117,100" hai3="6,49,65,98,50,44,83,131,19,73,13,43,71"/><U74/><E74/><V77/><F123/><W45/><G6/><T25/><D107/><U93/><E32/><V61/><F117/><N who="0" m="44554" /><D57/><U38/><E38/><V15/><F134/><W1/><G1/><T26/><D66/><U9/><E39/><V51/><F128/><W59/><G71/><T121/><D41/><U110/><E135/><V35/><F35/><W8/><G131/><T122/><D129/><U53/><E67/><V40/><F105/><W3/><G3/><T84/><D84/><U112/><E23/><V95/><F77/><W69/><G69/><T33/><D79/><U86/><E9/><V120/><F120/><N who="0" m="46186" /><D75/><U133/><E87/><V89/><F40/><W12/><G98/><T28/><D18/><U55/><E86/><V106/><F106/><W88/><G73/><T111/><D111/><U54/><E110/><V37/><F37/><W63/><G83/><T104/><D104/><U114/><E97/><V21/><F61/><W90/><G45/><T91/><D91/><U34/><E47/><V85/><F52/><W10/><G50/><T5/><D5/><U99/><E46/><V81/><F81/><W60/><G63/><T17/><D17/><AGARI ba="1,0" hai="15,17,21,48,51,85,89,95,100,101,102,124,125,127" machi="17" ten="50,1600,0" yaku="18,1" doraHai="20" who="2" fromWho="0" sc="90,-19,343,0,270,19,297,0" />
</Scene>
<Scene>
<INIT seed="6,0,0,5,1,85" ten="71,343,289,297" oya="2" hai0="44,19,68,14,109,56,3,33,35,21,0,7,103" hai1="31,94,83,74,81,69,60,111,42,29,132,95,105" hai2="18,5,41,13,15,12,11,134,45,115,135,2,98" hai3="46,63,91,49,117,118,17,92,9,128,108,93,131"/><V78/><F115/><W126/><G93/><N who="1" m="35338" /><E74/><V36/><F78/><W101/><G101/><T52/><D68/><U28/><E105/><V114/><F114/><W129/><G63/><T133/><D103/><U32/><E32/><V80/><F98/><N who="3" m="57631" /><G108/><T40/><D109/><U127/><E111/><V47/><F80/><W30/><G30/><T54/><D133/><N who="2" m="50698" /><F47/><W110/><G110/><T39/><D54/><U107/><E83/><V34/><F34/><W71/><G71/><T70/><D0/><U84/><E81/><V76/><F76/><W73/><G73/><T100/><D100/><U123/><E107/><V88/><F88/><W61/><G61/><T89/><D70/><U43/><E84/><V27/><F27/><W22/><G9/><AGARI ba="0,0" hai="2,5,9,11,12,13,15,18,36,41,45" m="50698" machi="9" ten="30,1500,0" yaku="20,1" doraHai="85" who="2" fromWho="3" sc="71,0,343,0,289,15,297,-15" />
</Scene>
<Scene>
<INIT seed="6,1,0,5,0,103" ten="71,343,304,282" oya="2" hai0="51,31,93,102,83,35,77,91,105,133,112,98,60" hai1="19,110,9,134,28,59,46,86,107,92,34,14,11" hai2="84,121,57,32,20,23,74,17,72,94,16,13,89" hai3="42,67,119,1,38,75,101,99,18,33,66,58,109"/><V15/><F121/><W88/><G75/><T81/><D112/><U116/><E110/><V85/><F32/><W125/><G109/><T3/><D3/><U21/><E116/><V114/><F114/><W129/><G33/><T117/><D117/><U26/><E107/><V68/><F68/><W71/><G71/><T118/><D118/><U123/><E123/><V47/><F47/><W69/><G69/><T55/><D133/><U106/><E106/><V111/><F111/><W7/><G119/><T4/><D4/><U56/><E134/><V48/><REACH who="2" step="1"/><F85/><REACH who="2" ten="71,343,294,282" step="2"/><W90/><G58/><T12/><D35/><U36/><E86/><V108/><F108/><W70/><G70/><T43/><D43/><U52/><E46/><V128/><F128/><W30/><G42/><T82/><D60/><U97/><E34/><V2/><F2/><W126/><G129/><T113/><D113/><U49/><E59/><V78/><F78/><W45/><G45/><T104/><D77/><U124/><E124/><V131/><F131/><W120/><G1/><T8/><D31/><U61/><E61/><V122/><F122/><W37/><G30/><T24/><D24/><U96/><E26/><V76/><F76/><W115/><G120/><T100/><D100/><N who="1" m="60423" /><E28/><V22/><F22/><W5/><G115/><T54/><D102/><U65/><E21/><V53/><AGARI ba="1,1" hai="13,15,16,17,20,23,48,53,57,72,74,84,89,94" machi="53" ten="30,18000,2" yaku="1,1,0,1,9,1,25,2,54,1,53,0" doraHai="103" doraHaiUra="62" who="2" fromWho="2" sc="71,-61,343,-61,294,193,282,-61" />
</Scene>
<Scene>
<INIT seed="6,2,0,0,3,23" ten="10,282,487,221" oya="2" hai0="76,69,87,65,85,52,127,38,129,25,101,43,91" hai1="17,124,98,130,48,32,132,51,131,72,119,18,118" hai2="133,26,134,100,120,44,71,37,96,22,121,128,114" hai3="109,27,97,90,82,4,74,79,2,31,47,3,19"/><V46/><F71/><W110/><G19/><N who="1" m="7178" /><E72/><V92/><F114/><W78/><G78/><T117/><D129/><N who="1" m="49163" /><E32/><V115/><F115/><W10/><G2/><T81/><D127/><U94/><E124/><V45/><F37/><W40/><G90/><T95/><D117/><N who="1" m="44555" /><E132/><N who="2" m="50795" /><F128/><W126/><G97/><T105/><D38/><U30/><E30/><AGARI ba="2,0" hai="22,26,30,44,45,46,92,96,100,120,121" m="50795" machi="30" ten="30,2900,0" yaku="20,1,52,1" doraHai="23" who="2" fromWho="1" sc="10,0,282,-35,487,35,221,0" />
</Scene>
<Scene>
<INIT seed="6,3,0,4,3,53" ten="10,247,522,221" oya="2" hai0="66,42,33,56,50,115,64,76,103,11,85,24,54" hai1="34,0,92,15,30,98,72,134,135,59,18,114,107" hai2="128,17,91,14,22,31,126,127,84,118,5,94,79" hai3="2,81,26,77,96,37,69,104,52,87,25,80,100"/><V63/><F118/><W65/><G37/><T122/><D115/><U40/><E0/><V49/><F128/><W119/><G2/><T88/><D122/><U32/><E107/><V28/><F79/><W1/><G1/><T48/><D76/><U36/><E72/><V4/><F49/><W102/><G119/><T106/><D106/><U130/><E114/><V125/><F63/><W44/><G102/><T75/><D75/><U112/><E112/><V131/><F131/><W3/><G3/><T13/><D103/><U62/><E130/><V41/><F41/><W7/><G7/><AGARI ba="3,0" hai="4,5,7,14,17,22,28,31,84,91,94,125,126,127" machi="7" ten="40,2000,0" yaku="18,1" doraHai="53" who="2" fromWho="3" sc="10,0,247,0,522,29,221,-29" />
</Scene>
<Scene>
<INIT seed="6,4,0,0,5,96" ten="10,247,551,192" oya="2" hai0="75,103,15,134,105,128,125,80,111,131,113,73,51" hai1="65,69,41,54,68,32,10,29,30,115,81,21,86" hai2="46,38,88,129,35,24,102,94,43,89,62,121,45" hai3="16,31,126,61,36,67,14,132,18,27,48,53,130"/><V116/><F121/><W23/><G36/><T59/><D15/><U104/><E104/><V52/><F116/><W20/><G126/><T12/><D12/><U7/><E32/><V117/><F117/><W83/><G130/><N who="0" m="49707" /><D59/><U77/><E41/><V100/><F129/><W47/><G132/><T122/><D51/><U107/><E107/><V93/><F93/><W56/><G83/><T90/><D122/><U82/><E54/><V106/><F106/><W98/><G98/><N who="0" m="61687" /><D125/><U109/><E65/><V49/><F62/><W42/><G31/><T2/><D2/><U101/><E30/><V135/><F135/><W91/><G91/><T124/><D124/><U66/><E66/><AGARI ba="4,0" hai="14,16,18,20,23,27,42,47,48,53,56,61,66,67" machi="66" ten="40,2600,0" yaku="8,1,54,1" doraHai="96" who="3" fromWho="1" sc="10,0,247,-38,551,0,192,38" />
</Scene>
<Scene>
<INIT seed="7,0,0,3,2,101" ten="10,209,551,230" oya="3" hai0="12,106,55,23,130,4,14,76,33,11,120,9,41" hai1="78,90,67,88,49,134,31,3,36,7,97,121,109" hai2="20,118,27,62,68,125,75,129,29,44,35,73,57" hai3="32,94,26,56,122,85,38,28,123,47,6,96,48"/><W127/><G38/><T116/><D76/><U83/><E36/><V1/><F118/><W117/><G117/><T40/><D116/><U91/><E109/><V84/><F68/><W132/><G6/><T25/><D55/><U39/><E39/><V126/><F1/><W80/><G56/><T15/><D120/><U74/><E121/><V131/><F44/><W112/><G127/><N who="2" m="48649" /><F84/><W5/><G5/><T24/><D130/><N who="2" m="49674" /><F35/><W86/><G86/><T113/><D113/><U133/><E3/><V128/><F128/><W21/><G32/><T37/><D37/><U81/><E81/><V59/><F59/><W71/><G112/><T63/><D63/><U70/><E83/><V0/><F0/><W51/><G71/><T8/><D106/><U43/><E70/><V53/><AGARI ba="0,0" hai="20,27,29,53,57,62,73,75" m="49674,48649" machi="53" ten="30,2000,0" yaku="18,1,19,1" doraHai="101" who="2" fromWho="2" sc="10,-5,209,-5,551,20,230,-10" owari="5,-49.0,204,-20.0,571,67.0,220,2.0" />
</Scene>
</mjloggm>