<mjloggm ver="2.3"><GO type="169" lobby="0"/><UN n0="%E3%83%A4%E3%82%AD%E3%83%B3" n1="%E9%9B%80%E9%BE%8D%E9%96%80%5F%59%75%74%69" n2="%E3%83%86%E3%82%BB%E3%83%A9%E3%83%83%E3%82%AF" n3="%E5%A4%AA%E3%81%8F%E3%81%AA%E3%81%84%E3%81%8A" dan="17,18,16,18" rate="2165.90,2239.16,2086.32,2280.34" sx="M,M,M,F"/><TAIKYOKU oya="0"/>

<Scene>
<INIT seed="0,0,0,5,4,82" ten="250,250,250,250" oya="0" hai0="29,33,27,73,2,113,88,94,105,53,0,76,60" hai1="133,36,114,37,112,110,87,89,31,130,132,32,122" hai2="48,86,14,129,115,6,22,34,126,56,45,118,21" hai3="28,10,77,85,93,79,128,127,99,19,46,44,90"/><T54/><D113/><N who="1" m="43627" /><E122/><V117/><F115/><W102/><G127/><T95/><D105/><U25/><E110/><V5/><F34/><W64/><G128/><T131/><D131/><U17/><E17/><V106/><F129/><W63/><G28/><T23/><D95/><N who="1" m="54719" /><E130/><V116/><F106/><W55/><G10/><T50/><D33/><U84/><E84/><V9/><F126/><W39/><G19/><T72/><D72/><U62/><E62/><V18/><F56/><W8/><G8/><T42/><D76/><U107/><E107/><V11/><F86/><W134/><G77/><T1/><D73/><U92/><E92/><V69/><F69/><W96/><G79/><T121/><D121/><U100/><E100/><V109/><F109/><W57/><G102/><T67/><D60/><U80/><E80/><V111/><F111/><W83/><G83/><T103/><D103/><U66/><E66/><V7/><REACH who="2" step="1"/><F9/><REACH who="2" ten="250,250,240,250" step="2"/><W15/><G85/><T108/><D108/><U58/><E58/><V101/><F101/><W135/><G57/><T3/><D67/><U65/><E65/><V70/><F70/><W81/><G64/><T123/><D123/><U59/><E59/><V49/><F49/><W124/><G124/><T24/><D94/><U41/><E37/><V43/><AGARI ba="0,1" hai="5,6,7,11,14,18,21,22,43,45,48,116,117,118" machi="43" ten="40,5200,0" yaku="1,1,0,1,12,1,53,0" doraHai="82" doraHaiUra="71" who="2" fromWho="2" sc="250,-26,250,-13,240,62,250,-13" />
</Scene>
<Scene>
<INIT seed="1,0,0,0,4,79" ten="224,237,302,237" oya="1" hai0="75,27,109,43,20,11,114,116,60,16,9,100,98" hai1="26,121,129,70,92,50,131,64,44,37,5,101,49" hai2="47,25,7,36,83,102,22,54,123,93,117,124,73" hai3="87,28,96,4,6,10,53,89,62,66,72,95,61"/><U40/><E5/><V106/><F123/><W71/><G72/><T68/><D116/><U59/><E26/><V122/><F122/><W14/><G28/><T77/><D114/><U133/><E121/><V91/><F117/><W103/><G53/><T125/><D109/><U0/><E0/><V67/><F67/><W94/><G62/><T99/><D125/><U17/><E17/><AGARI ba="0,0" hai="4,6,10,14,17,61,66,71,87,89,94,95,96,103" machi="17" ten="30,1000,0" yaku="7,1" doraHai="79" who="3" fromWho="1" sc="224,0,237,-10,302,0,237,10" />
</Scene>
<Scene>
<INIT seed="2,0,0,1,3,110" ten="224,227,302,247" oya="2" hai0="133,130,50,33,5,128,95,25,124,12,41,23,9" hai1="65,31,6,4,64,73,54,7,134,61,132,53,84" hai2="26,77,68,17,3,112,104,94,8,45,66,96,103" hai3="57,131,11,125,34,117,38,49,102,59,86,44,10"/><V16/><F112/><W14/><G117/><T106/><D106/><U121/><E73/><V116/><F116/><W74/><G74/><T69/><D69/><U99/><E31/><V109/><F109/><W127/><G34/><T27/><D95/><U92/><E84/><V58/><F68/><W123/><G123/><T91/><D91/><U88/><E121/><V39/><F77/><W105/><G38/><T24/><D50/><U119/><E119/><V0/><F104/><W46/><G131/><N who="0" m="50219" /><D41/><U60/><E60/><V18/><F26/><W36/><G86/><T78/><D78/><U107/><E107/><V115/><F115/><W2/><G36/><T37/><D37/><U21/><E21/><V52/><F66/><W101/><G105/><T67/><D67/><U55/><REACH who="1" step="1"/><E65/><REACH who="1" ten="224,217,302,247" step="2"/><V29/><F8/><W20/><G20/><T85/><D85/><U120/><E120/><V113/><F29/><W22/><G22/><T118/><D118/><U100/><E100/><V48/><REACH who="2" step="1"/><F113/><REACH who="2" ten="224,217,292,247" step="2"/><W13/><G10/><T1/><D33/><U72/><E72/><V80/><F80/><W83/><G83/><T75/><D75/><U51/><E51/><V28/><F28/><W79/><G49/><T43/><D23/><U19/><E19/><V32/><F32/><W63/><G11/><T98/><D9/><U62/><E62/><V87/><F87/><W90/><G63/><T93/><D5/><U82/><E82/><V122/><F122/><W126/><G79/><T111/><D25/><U129/><E129/><V135/><F135/><W35/><G35/><T70/><D133/><RYUUKYOKU ba="0,2" sc="224,-15,217,15,292,15,247,-15" hai1="4,6,7,53,54,55,61,64,88,92,99,132,134" hai2="0,3,16,17,18,39,45,48,52,58,94,96,103" />
</Scene>
<Scene>
<INIT seed="2,1,2,1,4,135" ten="209,232,307,232" oya="2" hai0="44,31,69,70,99,109,3,76,126,125,123,45,46" hai1="18,51,14,107,94,75,97,82,27,118,57,111,98" hai2="53,47,83,4,89,121,74,49,16,129,130,91,26" hai3="127,134,61,35,39,33,11,12,58,63,79,96,0"/><V54/><F121/><W7/><G39/><T40/><D123/><U81/><E118/><V17/><F4/><W21/><G134/><T30/><D3/><U110/><E75/><V32/><F54/><W36/><G36/><T87/><D40/><U24/><E107/><V119/><F119/><W88/><G79/><T101/><D109/><N who="1" m="41483" /><E98/><V48/><F48/><W105/><G61/><T106/><D87/><U114/><E114/><V13/><F74/><W23/><G23/><T120/><D120/><U103/><E27/><V37/><F37/><W77/><G77/><T64/><D76/><U95/><E95/><V6/><F6/><W85/><G105/><T128/><D128/><N who="2" m="49258" /><F83/><W100/><G0/><T66/><D64/><U73/><E24/><V28/><F17/><W71/><G7/><T55/><D66/><U62/><E51/><V92/><F92/><W59/><G63/><T115/><D115/><U2/><E2/><V41/><F41/><W116/><G12/><T1/><D1/><U50/><E50/><V5/><F5/><W86/><G116/><T60/><D60/><U104/><E104/><V112/><F112/><W72/><G72/><T78/><D55/><N who="1" m="34111" /><E73/><V80/><F80/><W68/><G59/><T133/><D133/><U65/><E65/><V9/><AGARI ba="1,2" hai="9,13,16,26,28,32,47,49,53,89,91" m="49258" machi="9" ten="30,3000,0" yaku="19,1,54,1" doraHai="135" who="2" fromWho="2" sc="209,-11,232,-11,307,53,232,-11" />
</Scene>
<Scene>
<INIT seed="2,2,0,4,3,118" ten="198,221,360,221" oya="2" hai0="24,108,32,20,81,133,75,79,134,100,82,61,48" hai1="70,119,132,38,122,97,2,41,49,101,64,65,8" hai2="4,15,34,46,74,127,123,63,16,121,84,43,96" hai3="45,98,25,59,124,26,3,87,7,69,67,83,71"/><V110/><F74/><W56/><G3/><T91/><D32/><U57/><E119/><V58/><F34/><W12/><G124/><T21/><D100/><U85/><E85/><V76/><F127/><W36/><G36/><T62/><D108/><U18/><E132/><N who="0" m="50793" /><D48/><U37/><E2/><V109/><F4/><W126/><G126/><T95/><D81/><U9/><E101/><V125/><F125/><W117/><G98/><N who="0" m="57727" /><D21/><U5/><E97/><V102/><F84/><W55/><G83/><T78/><D78/><U120/><E18/><AGARI ba="2,0" hai="18,20,24,61,62,75,79,82" m="57727,50793" machi="18" ten="30,1000,0" yaku="20,1" doraHai="118" who="0" fromWho="1" sc="198,16,221,-16,360,0,221,0" />
</Scene>
<Scene>
<INIT seed="3,0,0,4,0,50" ten="214,205,360,221" oya="3" hai0="75,44,91,101,130,92,43,99,73,31,108,96,81" hai1="20,74,42,53,36,49,122,9,57,66,115,14,95" hai2="47,121,46,88,93,55,67,52,131,86,12,129,98" hai3="15,1,27,21,63,105,62,70,61,126,119,111,45"/><W83/><G1/><T116/><D116/><U22/><E115/><V26/><F121/><W17/><G119/><T71/><D71/><U114/><E114/><V64/><F12/><W84/><G105/><T135/><D108/><U16/><E122/><V82/><F26/><W38/><G126/><T109/><D109/><U68/><E74/><V77/><F67/><W72/><G72/><T29/><D135/><U32/><E32/><V60/><F47/><W102/><G111/><T107/><D130/><N who="2" m="49674" /><F46/><W113/><G102/><T133/><D133/><U7/><E95/><V65/><F65/><W34/><G113/><T123/><D123/><U110/><E110/><V134/><F134/><W37/><G70/><AGARI ba="0,0" hai="52,55,60,64,70,77,82,86,88,93,98" m="49674" machi="70" ten="30,8000,1" yaku="19,1,52,2,54,2" doraHai="50" who="2" fromWho="3" sc="214,0,205,0,360,80,221,-80" />
</Scene>
<Scene>
<INIT seed="4,0,0,1,3,74" ten="214,205,440,141" oya="0" hai0="107,27,112,49,76,119,127,40,97,5,48,78,75" hai1="100,124,16,39,8,83,34,115,36,1,7,101,35" hai2="15,69,125,118,68,126,93,111,13,9,28,103,90" hai3="43,134,123,45,42,65,25,80,30,10,3,104,22"/><T70/><D119/><U132/><E124/><N who="2" m="47723" /><F118/><W106/><G134/><T57/><D70/><N who="2" m="27242" /><F111/><W2/><G123/><T130/><D75/><U46/><E132/><V122/><F122/><W21/><G65/><T12/><D127/><U55/><E115/><V52/><F103/><W108/><G108/><T72/><D72/><U19/><E46/><V91/><F28/><W32/><G80/><T84/><D84/><U62/><E55/><V128/><F128/><W105/><G42/><T6/><D130/><U109/><E62/><V67/><F67/><W133/><G133/><T129/><D129/><U92/><E92/><V26/><F26/><W116/><G116/><T11/><D112/><U18/><E109/><V117/><F117/><W87/><G87/><T53/><D27/><U96/><E83/><V61/><F93/><W110/><G110/><T95/><D5/><U51/><E51/><V4/><F15/><W24/><G32/><T23/><D23/><U86/><E86/><V63/><F63/><W37/><REACH who="3" step="1"/><G10/><REACH who="3" ten="214,205,440,131" step="2"/><T77/><D107/><N who="1" m="63879" /><E35/><V102/><F102/><W121/><G121/><T41/><D49/><U79/><E34/><V58/><AGARI ba="0,1" hai="4,9,13,52,58,61,90,91" m="27242,47723" machi="58" ten="40,2700,0" yaku="18,1,54,1" doraHai="74" who="2" fromWho="2" sc="214,-13,205,-7,440,37,131,-7" />
</Scene>
<Scene>
<INIT seed="5,0,0,0,3,12" ten="201,198,477,124" oya="1" hai0="47,124,100,65,45,71,19,8,135,76,6,104,92" hai1="67,30,117,126,37,129,4,38,112,86,35,18,10" hai2="14,109,99,95,9,50,61,103,43,128,72,122,74" hai3="11,69,133,53,44,64,27,63,57,49,48,75,2"/><U77/><E117/><V83/><F122/><W21/><G75/><T134/><D104/><U123/><E123/><V66/><F109/><W94/><G133/><N who="0" m="50699" /><D76/><U42/><E35/><V36/><F128/><W84/><G2/><T62/><D124/><U60/><E30/><V101/><F36/><W105/><G105/><T3/><D19/><U26/><E126/><V46/><F83/><W107/><G107/><T81/><D81/><U1/><E42/><V87/><F87/><W40/><G11/><T91/><D100/><U55/><E55/><V85/><F85/><AGARI ba="0,0" hai="3,6,8,45,47,62,65,71,85,91,92" m="50699" machi="85" ten="30,1000,0" yaku="20,1" doraHai="12" who="0" fromWho="2" sc="201,10,198,0,477,-10,124,0" />
</Scene>
<Scene>
<INIT seed="6,0,0,4,3,102" ten="211,198,467,124" oya="2" hai0="1,33,67,75,87,127,25,31,73,8,83,132,107" hai1="78,130,100,88,17,97,55,115,133,128,49,105,126" hai2="34,106,27,51,62,65,121,41,74,7,70,39,11" hai3="114,113,29,28,50,94,52,82,26,71,123,12,37"/><V5/><F74/><W48/><G37/><T109/><D109/><U104/><E115/><N who="3" m="44042" /><G123/><T20/><D127/><U10/><E126/><V30/><F121/><W99/><G71/><T131/><D107/><N who="1" m="63887" /><E78/><V118/><F51/><W61/><G82/><T40/><D40/><U77/><E77/><V86/><F86/><W90/><G12/><T9/><D132/><U112/><E112/><V79/><F79/><W14/><G14/><T60/><D131/><N who="1" m="50219" /><E88/><V45/><F118/><W124/><G124/><T42/><D42/><U125/><E125/><V35/><F35/><N who="3" m="20887" /><G29/><T22/><D75/><U63/><E133/><V32/><F32/><W2/><G2/><T6/><D73/><U68/><E10/><V93/><F93/><W19/><G19/><T47/><D9/><U120/><E17/><V24/><F24/><W16/><G16/><T85/><D83/><U76/><E76/><V23/><F23/><W117/><G117/><T98/><D22/><U116/><E116/><V13/><REACH who="2" step="1"/><F5/><REACH who="2" ten="211,198,457,124" step="2"/><W53/><G61/><T18/><D33/><U134/><E120/><V56/><F56/><W81/><G81/><T122/><D122/><U54/><E134/><V89/><F89/><W95/><G95/><T21/><D21/><U3/><E63/><V84/><F84/><W91/><G91/><T44/><D18/><U92/><E92/><V129/><F129/><W58/><G50/><T38/><D38/><U69/><E49/><V43/><F43/><W57/><G48/><T46/><D98/><U111/><E68/><V15/><F15/><W108/><G108/><T135/><D135/><RYUUKYOKU ba="0,1" sc="211,10,198,-30,457,10,124,10" hai0="1,6,8,20,25,31,44,46,47,60,67,85,87" hai2="7,11,13,27,30,34,39,41,45,62,65,70,106" hai3="52,53,57,58,90,94,99" />
</Scene>
<Scene>
<INIT seed="6,1,1,1,0,51" ten="221,168,467,134" oya="2" hai0="76,5,21,33,103,80,118,70,105,30,31,106,28" hai1="75,89,47,124,69,17,116,126,94,77,99,9,90" hai2="38,14,36,121,20,84,129,27,67,25,54,37,102" hai3="52,41,16,35,101,72,115,0,79,85,122,133,8"/><V2/><F2/><W113/><G122/><T42/><D33/><U117/><E69/><V108/><F121/><W6/><G35/><T92/><D70/><U48/><E75/><V125/><F108/><W88/><G41/><T61/><D61/><U40/><E77/><V11/><F129/><W81/><G101/><T119/><D5/><U58/><E58/><V104/><F125/><N who="1" m="48233" /><E89/><V78/><F67/><W7/><G7/><T12/><D42/><U82/><E82/><V10/><F104/><W63/><G133/><T13/><D92/><U62/><E62/><V53/><F102/><W83/><REACH who="3" step="1"/><G16/><REACH who="3" ten="221,168,467,124" step="2"/><N who="0" m="10375" /><D103/><U97/><E17/><V24/><F20/><W112/><G112/><T127/><D127/><U64/><E9/><V123/><F123/><W46/><G46/><T111/><D111/><U44/><E44/><V19/><REACH who="2" step="1"/><F10/><REACH who="2" ten="221,168,457,124" step="2"/><W43/><G43/><T39/><D106/><U29/><E40/><V86/><F86/><W23/><G23/><T57/><D105/><U66/><E97/><V4/><F4/><W55/><G55/><T56/><D119/><U45/><E99/><V100/><F100/><W109/><G109/><T107/><D118/><U95/><E117/><V22/><F22/><W110/><G110/><T32/><D107/><U1/><E116/><V34/><F34/><W65/><G65/><T18/><D32/><U128/><E66/><V120/><F120/><W132/><G132/><T49/><D39/><U60/><E64/><V91/><F91/><W74/><G74/><N who="0" m="43031" /><D49/><U98/><E48/><V50/><F50/><W114/><G114/><T87/><D87/><RYUUKYOKU ba="1,3" sc="221,10,168,-30,457,10,124,10" hai0="13,18,28,30,31,56,57" hai2="11,14,19,24,25,27,36,37,38,53,54,78,84" hai3="0,6,8,52,63,72,79,81,83,85,88,113,115" />
</Scene>
<Scene>
<INIT seed="6,2,3,1,5,109" ten="231,138,467,134" oya="2" hai0="110,18,28,61,100,24,25,42,30,54,116,113,31" hai1="0,16,43,93,39,111,87,48,70,47,74,11,120" hai2="13,44,101,60,8,20,132,106,64,3,66,46,135" hai3="29,14,55,71,73,122,45,68,129,92,59,89,53"/><V97/><F3/><W2/><G2/><T115/><D110/><U37/><E111/><V128/><F128/><W12/><G122/><T107/><D42/><U72/><E120/><V125/><F125/><W77/><G129/><T126/><D126/><U85/><E70/><V36/><F20/><W62/><G29/><T34/><D116/><U26/><E74/><V80/><F80/><W118/><G118/><T49/><D61/><U7/><E72/><V65/><F60/><W130/><G130/><T105/><D18/><U22/><REACH who="1" step="1"/><E93/><REACH who="1" ten="231,128,467,134" step="2"/><V4/><REACH who="2" step="1"/><F36/><AGARI ba="2,4" hai="0,7,11,16,22,26,36,37,39,43,47,48,85,87" machi="36" ten="40,5200,0" yaku="1,1,2,1,54,1,53,0" doraHai="109" doraHaiUra="27" who="1" fromWho="2" sc="231,0,128,98,467,-58,134,0" />
</Scene>
<Scene>
<INIT seed="7,0,0,3,0,129" ten="231,226,409,134" oya="3" hai0="89,27,83,18,32,16,88,135,78,96,102,46,126" hai1="2,44,132,12,65,100,58,29,34,56,95,26,118" hai2="67,106,13,4,62,59,11,61,84,134,133,43,39" hai3="51,104,60,14,6,116,73,37,79,64,40,10,120"/><W5/><G116/><T30/><D135/><N who="2" m="51722" /><F106/><W99/><G120/><T107/><D126/><U124/><E132/><V49/><F84/><W7/><G37/><T114/><D114/><U98/><E2/><V128/><F128/><W111/><G111/><T97/><D46/><U70/><E124/><V75/><F75/><W1/><G1/><T115/><D115/><U130/><E130/><V112/><F112/><W117/><G117/><T131/><D131/><U3/><E118/><V45/><F62/><W68/><G40/><T91/><REACH who="0" step="1"/><D97/><REACH who="0" ten="221,226,409,134" step="2"/><U33/><E3/><V63/><F63/><W24/><G51/><AGARI ba="0,1" hai="4,11,13,39,43,45,49,51,59,61,67" m="51722" machi="51" ten="30,7700,0" yaku="20,1,52,3" doraHai="129" who="2" fromWho="3" sc="221,0,226,0,409,87,134,-77" owari="221,-18.0,226,3.0,496,59.0,57,-44.0" />
</Scene>
</mjloggm>