<mjloggm ver="2.3"><GO type="169" lobby="0"/><UN n0="%72%69%6F%75%63%68%61%6E" n1="%E5%A4%AA%E3%81%8F%E3%81%AA%E3%81%84%E3%81%8A" n2="%79%61%6D%69" n3="%E4%B8%89%E8%89%B2%E5%90%8C%E5%88%BB%E2%98%86" dan="16,17,18,17" rate="2096.07,2143.33,2217.75,2153.47" sx="M,M,M,M"/><TAIKYOKU oya="0"/>

<Scene>
<INIT seed="0,0,0,1,0,5" ten="250,250,250,250" oya="0" hai0="6,121,20,128,57,87,4,129,86,92,75,108,77" hai1="3,52,106,131,64,74,50,66,119,19,84,112,51" hai2="1,110,133,107,59,0,94,54,98,41,2,14,122" hai3="90,53,23,30,95,135,15,21,100,13,116,40,39"/><T58/><D121/><U17/><E74/><V68/><F122/><W67/><G116/><T7/><D108/><U89/><E119/><V102/><F68/><W132/><G100/><T97/><D75/><U79/><E106/><V8/><F110/><W126/><G126/><T105/><D105/><U88/><E3/><V18/><F133/><N who="3" m="51275" /><G67/><N who="1" m="25642" /><E51/><V62/><F41/><W32/><G53/><T26/><D58/><N who="1" m="33047" /><E131/><N who="0" m="50249" /><D57/><U11/><E112/><V83/><REACH who="2" step="1"/><F83/><REACH who="2" ten="250,250,240,250" step="2"/><W69/><G69/><T10/><D77/><U109/><E109/><V118/><F118/><W101/><G40/><T28/><D10/><U24/><E11/><V113/><F113/><W117/><G117/><T27/><D27/><U130/><E130/><V78/><F78/><W81/><G81/><T49/><D49/><U29/><E79/><V111/><F111/><W48/><G48/><T104/><D104/><AGARI ba="0,1" hai="0,1,2,8,14,18,54,59,62,94,98,102,104,107" machi="104" ten="40,2600,0" yaku="1,1,52,1,53,0" doraHai="5" doraHaiUra="123" who="2" fromWho="0" sc="250,-26,250,0,240,36,250,0" />
</Scene>
<Scene>
<INIT seed="1,0,0,2,1,29" ten="224,250,276,250" oya="1" hai0="13,32,107,112,18,117,41,123,59,125,8,43,103" hai1="72,80,102,55,77,27,127,114,21,4,56,134,120" hai2="3,7,116,132,95,50,104,62,91,12,78,68,48" hai3="0,85,96,37,49,2,93,99,67,28,65,44,129"/><U110/><E114/><V101/><F3/><W58/><G37/><T57/><D117/><U33/><E120/><V115/><F78/><W22/><G129/><T105/><D112/><U1/><E127/><V128/><F104/><W45/><G2/><T75/><D75/><U54/><E134/><V51/><F101/><W122/><G0/><T42/><D125/><U131/><E131/><V90/><F95/><W15/><G122/><T106/><D123/><U135/><E135/><V38/><F38/><W70/><G70/><T121/><D121/><U119/><E119/><V14/><F7/><W31/><G45/><T5/><D103/><U60/><E102/><V89/><F115/><W30/><G85/><T118/><D118/><U66/><E110/><V16/><F116/><W111/><G111/><T69/><D69/><U130/><E130/><V24/><F132/><W39/><G39/><T79/><D79/><U53/><E33/><V52/><F128/><W84/><G84/><T35/><REACH who="0" step="1"/><D5/><REACH who="0" ten="214,250,276,250" step="2"/><U64/><E4/><V9/><F68/><W113/><G113/><T36/><D36/><U97/><E72/><V47/><F91/><W71/><G71/><T83/><D83/><U108/><E80/><V26/><F90/><W109/><G109/><T61/><D61/><U92/><E77/><V46/><F89/><W74/><G74/><T11/><D11/><U34/><E108/><V133/><F133/><W126/><G126/><T82/><D82/><U40/><E60/><V17/><F62/><W23/><G23/><T63/><D63/><U81/><E21/><N who="2" m="11415" /><F48/><W86/><G49/><RYUUKYOKU ba="0,1" sc="214,15,250,-15,276,15,250,-15" hai0="8,13,18,32,35,41,42,43,57,59,105,106,107" hai2="9,12,17,24,26,46,47,50,51,52" />
</Scene>
<Scene>
<INIT seed="2,1,1,1,1,49" ten="229,235,291,235" oya="2" hai0="54,82,51,102,100,62,29,10,134,37,42,91,21" hai1="130,106,28,20,109,84,93,9,59,70,6,75,105" hai2="87,0,8,43,121,2,11,18,25,13,99,86,108" hai3="88,71,131,96,38,112,89,125,12,111,74,116,104"/><V128/><F121/><W77/><RYUUKYOKU type="yao9" ba="1,1" sc="229,0,235,0,291,0,235,0" hai3="12,38,71,74,77,88,89,96,104,111,112,116,125,131" />
</Scene>
<Scene>
<INIT seed="2,2,1,2,2,74" ten="229,235,291,235" oya="2" hai0="60,16,124,9,81,118,41,44,85,88,119,72,102" hai1="71,100,110,59,125,123,11,116,53,3,56,90,108" hai2="69,78,50,7,106,54,87,62,132,94,76,96,10" hai3="77,12,79,2,19,128,46,82,134,109,0,4,32"/><V135/><F106/><W24/><G109/><N who="1" m="42090" /><E116/><N who="0" m="44585" /><D124/><U1/><E71/><V101/><F69/><W30/><G82/><N who="0" m="49207" /><D102/><U64/><E125/><V28/><F62/><W120/><G120/><T49/><D60/><N who="1" m="37895" /><E123/><V105/><F28/><W112/><G128/><T37/><D37/><U33/><E33/><V133/><F87/><W34/><G34/><T29/><D29/><U67/><E67/><V40/><F40/><W80/><G80/><T51/><BYE who="3" /><D51/><N who="1" m="31167" /><E100/><UN n3="%E4%B8%89%E8%89%B2%E5%90%8C%E5%88%BB%E2%98%86" /><V126/><F105/><W26/><G32/><T68/><D68/><U95/><E11/><V38/><F38/><W84/><G30/><T47/><D47/><U115/><E115/><V42/><F42/><W31/><G46/><T36/><D36/><U131/><E131/><V103/><F103/><W104/><G31/><T75/><D81/><U25/><E25/><V14/><REACH who="2" step="1"/><F126/><REACH who="2" ten="229,235,281,235" step="2"/><W91/><G104/><T17/><D72/><U21/><E21/><V129/><F129/><W15/><G112/><T23/><D75/><U89/><E89/><V121/><F121/><W39/><G91/><T57/><D23/><U114/><E114/><V20/><F20/><W107/><G107/><T48/><D9/><U18/><E18/><V5/><F5/><W66/><G4/><T98/><D17/><U83/><E83/><V55/><F55/><W6/><G6/><T122/><D16/><U63/><E63/><V58/><AGARI ba="2,2" hai="7,10,14,50,54,58,76,78,94,96,101,132,133,135" machi="58" ten="30,18000,2" yaku="1,1,0,1,20,1,52,2,53,1" doraHai="74" doraHaiUra="45" who="2" fromWho="2" sc="229,-62,235,-62,281,206,235,-62" />
</Scene>
<Scene>
<INIT seed="2,3,0,4,3,123" ten="167,173,487,173" oya="2" hai0="24,71,47,94,113,87,50,77,17,0,95,39,98" hai1="104,109,106,51,90,27,114,125,41,9,83,42,75" hai2="8,31,46,108,80,64,35,49,101,7,85,22,30" hai3="32,82,57,72,33,4,86,21,121,112,133,12,93"/><V40/><F35/><W110/><G121/><T11/><D113/><U15/><E114/><V13/><F108/><W73/><G112/><T111/><D111/><U38/><E38/><V127/><F127/><W60/><G110/><T97/><D71/><U126/><E27/><V68/><F101/><W34/><G133/><T78/><D39/><U6/><E109/><V96/><F96/><N who="0" m="36970" /><D0/><U89/><E75/><V54/><F68/><W116/><G93/><N who="0" m="35339" /><D87/><N who="1" m="50431" /><E90/><V102/><F102/><W48/><G48/><T10/><D24/><U59/><E59/><V124/><F64/><W100/><G100/><T53/><D17/><U135/><E135/><V76/><F124/><N who="1" m="47721" /><E51/><V14/><REACH who="2" step="1"/><F54/><REACH who="2" ten="167,173,477,173" step="2"/><W45/><G33/><T69/><D69/><U23/><E106/><V122/><F122/><W37/><G34/><T36/><D36/><U119/><E104/><V18/><AGARI ba="3,1" hai="7,8,13,14,18,22,30,31,40,46,49,76,80,85" machi="18" ten="30,12000,1" yaku="1,1,0,1,25,2,8,1,53,0" doraHai="123" doraHaiUra="128" who="2" fromWho="2" sc="167,-43,173,-43,477,139,173,-43" />
</Scene>
<Scene>
<INIT seed="2,4,0,5,2,98" ten="124,130,616,130" oya="2" hai0="64,42,131,40,83,65,77,99,96,82,95,54,108" hai1="97,27,101,43,18,110,32,68,57,63,51,91,132" hai2="73,9,130,58,0,80,114,17,111,45,78,113,118" hai3="38,25,41,134,16,1,30,75,129,126,48,19,7"/><V90/><F118/><W21/><G75/><T11/><D108/><U39/><E110/><V135/><F111/><W79/><G79/><T115/><D131/><U100/><E39/><V117/><F117/><W36/><G129/><T22/><D115/><U24/><E68/><V87/><F130/><W70/><G70/><T106/><D106/><U20/><E132/><V92/><F135/><W71/><G71/><T122/><D122/><U103/><E32/><V50/><F58/><W49/><G126/><T128/><D128/><U28/><E51/><V8/><F8/><W6/><G134/><T60/><D11/><U15/><E43/><N who="0" m="16425" /><D22/><U61/><E28/><V59/><F59/><W66/><G41/><T2/><D2/><U105/><E105/><V67/><F67/><N who="0" m="25674" /><D77/><U88/><E63/><V53/><REACH who="2" step="1"/><F17/><REACH who="2" ten="124,130,606,130" step="2"/><W37/><G66/><T84/><D60/><U12/><E61/><V124/><F124/><W86/><G19/><T109/><D109/><U120/><E57/><V112/><F112/><W47/><G16/><T74/><D74/><U123/><E120/><V4/><AGARI ba="4,1" hai="0,4,9,45,50,53,73,78,80,87,90,92,113,114" machi="4" ten="30,6000,0" yaku="1,1,0,1,53,1" doraHai="98" doraHaiUra="81" who="2" fromWho="2" sc="124,-24,130,-24,606,82,130,-24" />
</Scene>
<Scene>
<INIT seed="2,5,0,5,5,132" ten="100,106,688,106" oya="2" hai0="98,71,125,50,73,80,68,54,122,99,10,25,103" hai1="42,47,96,28,3,48,46,19,102,100,40,60,36" hai2="11,26,87,120,69,33,23,128,44,131,0,57,119" hai3="97,108,2,12,109,43,107,117,22,110,129,51,4"/><V106/><F69/><W13/><G117/><T112/><D125/><U14/><E3/><V74/><F74/><W113/><G129/><T37/><D122/><U84/><E28/><N who="2" m="19607" /><F57/><W55/><G43/><T59/><D112/><U91/><E60/><V123/><F87/><W15/><G113/><T34/><D37/><U90/><E84/><V78/><F78/><W126/><G126/><T130/><D130/><N who="2" m="49706" /><F44/><N who="3" m="28135" /><G2/><T104/><D99/><U66/><E66/><V63/><F63/><W21/><G4/><T81/><D81/><U1/><E1/><V118/><F23/><N who="3" m="8715" /><G97/><T93/><D104/><AGARI ba="5,0" hai="12,13,15,104,107,108,109,110" m="8715,28135" machi="104" ten="40,1300,0" yaku="14,1" doraHai="132" who="3" fromWho="0" sc="100,-28,106,0,688,0,106,28" />
</Scene>
<Scene>
<INIT seed="3,0,0,3,2,91" ten="72,106,688,134" oya="3" hai0="0,30,57,117,129,114,125,6,135,131,100,89,113" hai1="77,34,11,21,47,16,22,80,134,92,115,126,87" hai2="86,55,60,9,58,31,17,94,124,23,103,42,107" hai3="19,36,33,76,2,45,51,67,81,106,1,99,39"/><W66/><G33/><T98/><D117/><U82/><E115/><N who="0" m="44041" /><D125/><U73/><E34/><V127/><F107/><W70/><G39/><T41/><D135/><U12/><E134/><V49/><F31/><W8/><G36/><T5/><D41/><U4/><E126/><V88/><F9/><W46/><G46/><T116/><D116/><U44/><E92/><V32/><F32/><W68/><G2/><T120/><D120/><U10/><E10/><V128/><F128/><N who="0" m="49226" /><D0/><U52/><E52/><V69/><F103/><W59/><G106/><N who="0" m="63767" /><D30/><U112/><E112/><V20/><F20/><W102/><G102/><T18/><D57/><U123/><E123/><V118/><F118/><W54/><G59/><T84/><D18/><U130/><E130/><V85/><F85/><W132/><G19/><T122/><D122/><U40/><E40/><V63/><F63/><W111/><G1/><T95/><AGARI ba="0,0" hai="5,6,84,89,95" m="63767,49226,44041" machi="95" ten="30,4000,0" yaku="11,1,19,1,52,1" doraHai="91" who="0" fromWho="0" sc="72,40,106,-10,688,-10,134,-20" />
</Scene>
<Scene>
<INIT seed="4,0,0,5,0,96" ten="112,96,678,114" oya="0" hai0="14,74,23,122,58,121,91,3,68,116,98,129,124" hai1="32,69,72,76,4,106,108,11,24,90,44,17,20" hai2="27,134,125,83,88,113,19,81,8,123,117,66,132" hai3="109,10,127,119,34,54,21,13,75,39,63,1,64"/><T61/><D116/><U2/><E69/><V103/><F66/><W133/><G109/><T70/><D3/><U60/><E108/><V15/><F123/><W50/><G119/><T59/><D74/><U126/><E126/><V33/><F125/><W115/><G39/><T42/><D124/><U85/><E106/><V95/><F103/><W80/><G34/><T62/><D14/><U128/><E128/><V118/><F113/><W40/><G40/><T111/><D23/><U79/><E72/><V12/><F12/><W43/><G43/><T48/><D91/><U93/><E60/><N who="0" m="23145" /><D98/><U41/><REACH who="1" step="1"/><E32/><REACH who="1" ten="112,86,678,114" step="2"/><V73/><F73/><W89/><G75/><T35/><D35/><U86/><E86/><V0/><F118/><W112/><G127/><T51/><D111/><U92/><E92/><V46/><F117/><W55/><G115/><T37/><D129/><U67/><E67/><V56/><F95/><W78/><G112/><T71/><D122/><U110/><E110/><V135/><F33/><W30/><G63/><T131/><D121/><U49/><AGARI ba="0,1" hai="2,4,11,17,20,24,41,44,49,76,79,85,90,93" machi="49" ten="20,2700,0" yaku="1,1,0,1,7,1,53,0" doraHai="96" doraHaiUra="29" who="1" fromWho="1" sc="112,-13,86,37,678,-7,114,-7" />
</Scene>
<Scene>
<INIT seed="5,0,0,5,4,130" ten="99,123,671,107" oya="1" hai0="105,42,41,61,0,118,135,96,18,13,32,101,77" hai1="133,84,33,108,125,116,75,55,10,95,68,100,43" hai2="82,111,54,7,113,44,49,65,51,22,17,11,21" hai3="89,66,131,48,112,128,39,29,16,36,98,117,63"/><U87/><E33/><V104/><F104/><W123/><G29/><T60/><D135/><U127/><E68/><V109/><F21/><W25/><G123/><T59/><D118/><U40/><E116/><V47/><F65/><W28/><G117/><T85/><D32/><U126/><E75/><V46/><F46/><W12/><G48/><T107/><D0/><U124/><E108/><V102/><F102/><W24/><G112/><T23/><D107/><U15/><E133/><V38/><F38/><W35/><G25/><T83/><REACH who="0" step="1"/><D61/><REACH who="0" ten="89,123,671,107" step="2"/><U19/><E124/><V67/><F113/><W119/><G119/><T62/><D62/><U37/><E125/><V91/><F111/><W90/><G131/><T9/><D9/><U122/><E127/><V97/><F11/><W115/><G128/><T99/><D99/><N who="1" m="59519" /><E126/><V69/><F97/><W57/><G115/><T56/><D56/><U78/><E122/><V8/><F69/><W74/><G98/><T71/><D71/><U114/><E114/><V31/><F8/><W129/><G129/><T80/><D80/><U6/><E6/><V106/><F82/><W121/><G121/><T5/><D5/><U27/><E10/><V86/><F7/><W50/><G63/><T94/><D94/><U58/><E58/><V1/><F1/><W45/><G57/><T103/><D103/><U30/><E37/><V88/><F109/><W110/><G110/><T2/><D2/><U76/><E87/><V72/><F86/><W3/><G3/><T4/><D4/><U134/><E84/><V64/><F106/><W120/><G39/><RYUUKYOKU ba="0,1" sc="89,30,123,-10,671,-10,107,-10" hai0="13,18,23,41,42,59,60,77,83,85,96,101,105" />
</Scene>
<Scene>
<INIT seed="6,1,1,5,3,84" ten="119,113,661,97" oya="2" hai0="7,97,55,28,35,107,33,112,6,122,15,109,19" hai1="48,85,39,113,38,108,12,53,64,116,92,27,61" hai2="41,96,82,86,71,60,51,21,17,135,68,93,134" hai3="120,62,69,106,115,29,67,123,75,74,31,18,126"/><V83/><F41/><W49/><G126/><T37/><D37/><U125/><E108/><V54/><F60/><W8/><G75/><T1/><D122/><U4/><E116/><V59/><F71/><W36/><G36/><T25/><D55/><U102/><E125/><V66/><F66/><W105/><G74/><T30/><D97/><U81/><E113/><V58/><F58/><W130/><G115/><T50/><D50/><U89/><E27/><V70/><F70/><W44/><G123/><T47/><D47/><U104/><E104/><V118/><F68/><W91/><G120/><T24/><D107/><U103/><E38/><V80/><F86/><W100/><G130/><T22/><D112/><U52/><E39/><V42/><F42/><W132/><G132/><T78/><D78/><N who="1" m="46263" /><E64/><V133/><F118/><W124/><G124/><T76/><D76/><U72/><E72/><V32/><F32/><W2/><G106/><T43/><D43/><U46/><E4/><N who="0" m="1577" /><D109/><U90/><E12/><V88/><REACH who="2" step="1"/><F80/><REACH who="2" ten="119,113,651,97" step="2"/><W13/><G69/><T65/><D65/><U128/><E61/><V20/><F20/><W56/><G62/><T11/><D1/><U94/><E53/><V131/><F131/><W129/><G2/><T0/><D0/><U121/><E128/><V73/><F73/><W99/><G129/><T26/><D35/><U10/><E121/><V95/><F95/><N who="1" m="36393" /><E10/><V3/><F3/><W114/><G67/><T111/><D111/><U9/><E9/><V98/><F98/><N who="3" m="61591" /><G114/><T79/><D79/><U119/><E119/><V77/><F77/><W14/><G99/><RYUUKYOKU ba="1,2" sc="119,10,113,10,651,10,97,-30" hai0="11,15,19,22,24,25,26,28,30,33" hai1="46,48,52,89,90,102,103" hai2="17,21,51,54,59,82,83,88,93,96,133,134,135" />
</Scene>
<Scene>
<INIT seed="6,2,2,4,5,76" ten="129,123,661,67" oya="2" hai0="119,84,109,82,113,41,47,116,59,88,46,79,24" hai1="104,115,22,122,37,89,55,87,65,5,131,38,8" hai2="92,45,57,105,134,58,130,49,118,75,85,44,90" hai3="70,42,56,68,26,50,114,67,106,60,128,117,25"/><V83/><F118/><N who="0" m="45098" /><D109/><U19/><E104/><V18/><F130/><W11/><G117/><T91/><D113/><U12/><E65/><V15/><F105/><W48/><G106/><T17/><D59/><U125/><E115/><V51/><F134/><W14/><G114/><T61/><D61/><U52/><E131/><V72/><F72/><W133/><G128/><T101/><D101/><U53/><E125/><V123/><F123/><W28/><G133/><T77/><D91/><U66/><E66/><V31/><F31/><W39/><G50/><N who="0" m="26959" /><D47/><U95/><REACH who="1" step="1"/><E122/><REACH who="1" ten="129,113,661,67" step="2"/><V94/><F45/><N who="3" m="23775" /><G70/><T73/><D73/><U126/><E126/><V32/><F75/><W64/><G64/><T127/><D127/><U0/><AGARI ba="2,3" hai="0,5,8,12,19,22,37,38,52,53,55,87,89,95" machi="0" ten="30,4000,0" yaku="1,1,0,1,54,1,53,0" doraHai="76" doraHaiUra="29" who="1" fromWho="1" sc="129,-12,113,76,661,-22,67,-12" />
</Scene>
<Scene>
<INIT seed="7,0,0,4,3,77" ten="117,189,639,55" oya="3" hai0="25,129,13,53,132,56,123,39,116,30,44,122,65" hai1="21,60,43,89,57,76,96,32,28,1,7,125,100" hai2="51,113,42,79,35,126,68,38,130,41,115,19,82" hai3="49,95,67,50,61,54,120,45,106,97,52,8,105"/><W23/><G120/><T73/><D116/><U55/><E32/><V111/><F111/><W91/><G8/><T84/><D73/><U34/><E34/><V66/><F126/><W85/><G23/><T102/><D102/><U71/><E125/><V37/><F19/><W58/><REACH who="3" step="1"/><G97/><REACH who="3" ten="117,189,639,45" step="2"/><T119/><D123/><U92/><E21/><V31/><F35/><W14/><G14/><T107/><D13/><U4/><E1/><V9/><F9/><W3/><G3/><T118/><D122/><U26/><E4/><V11/><F11/><W12/><G12/><T78/><D119/><U135/><E7/><V46/><F115/><W93/><G93/><T15/><D118/><U74/><E26/><V29/><F113/><W20/><G20/><T128/><D15/><U133/><E133/><V108/><F108/><W94/><G94/><T36/><D132/><U48/><E135/><V80/><F130/><W112/><G112/><T98/><D129/><U62/><E96/><V63/><F38/><W5/><G5/><T86/><D39/><U109/><E92/><V110/><F110/><W131/><G131/><T124/><D36/><U87/><E109/><V99/><F99/><W10/><G10/><T47/><D98/><U88/><E100/><V18/><F37/><W22/><G22/><T114/><D128/><U104/><E28/><V83/><F29/><W117/><G117/><T90/><D30/><U59/><E104/><V2/><F31/><W27/><G27/><T6/><D25/><U70/><E71/><AGARI ba="0,1" hai="45,49,50,52,54,58,61,67,71,85,91,95,105,106" machi="71" ten="30,5800,0" yaku="1,1,7,1,54,1,53,0" doraHai="77" doraHaiUra="17" who="3" fromWho="1" sc="117,0,189,-58,639,0,45,68" />
</Scene>
<Scene>
<INIT seed="7,1,0,2,2,86" ten="117,131,639,113" oya="3" hai0="76,118,84,51,38,69,63,97,116,120,11,36,119" hai1="10,25,47,106,90,117,2,65,100,124,14,135,110" hai2="91,60,75,46,5,18,113,62,94,52,40,108,24" hai3="104,13,132,130,23,20,83,72,1,48,95,43,111"/><W64/><G104/><T109/><D120/><U105/><E110/><V3/><F75/><W9/><G1/><T61/><D97/><U121/><E2/><V70/><F70/><W19/><G111/><T133/><D11/><U32/><E121/><V35/><F52/><W26/><G130/><T16/><D16/><N who="1" m="8279" /><E65/><V93/><F93/><W101/><G132/><T12/><D12/><U21/><E32/><V22/><F35/><W15/><G64/><N who="0" m="41103" /><D84/><U115/><E115/><V17/><F17/><N who="3" m="10303" /><G72/><T114/><D76/><U66/><E124/><V82/><F82/><W54/><G83/><T131/><D131/><U68/><E66/><V4/><F113/><W80/><G80/><T122/><D114/><U85/><E135/><V96/><F108/><W123/><G43/><T29/><D29/><N who="1" m="17583" /><E68/><V7/><REACH who="2" step="1"/><F3/><REACH who="2" ten="117,131,629,113" step="2"/><W56/><G123/><T78/><D109/><U129/><E129/><V77/><F77/><W67/><G67/><T73/><D78/><U27/><E106/><V6/><F6/><N who="3" m="3255" /><G95/><T33/><D122/><U81/><E105/><V44/><F44/><W134/><G134/><T30/><D133/><U39/><E47/><V53/><F53/><W49/><G101/><T127/><D119/><U92/><E117/><V57/><F57/><W41/><G41/><T45/><D116/><U79/><E100/><V28/><F28/><W58/><G58/><T31/><D118/><U98/><E79/><V50/><AGARI ba="1,1" hai="4,5,7,18,22,24,40,46,50,60,62,91,94,96" machi="50" ten="30,12000,2" yaku="1,1,0,1,8,1,52,1,53,3" doraHai="86" doraHaiUra="0" who="2" fromWho="2" sc="117,-31,131,-31,629,133,113,-61" owari="86,-31.0,100,-10.0,762,86.0,52,-45.0" />
</Scene>
</mjloggm>