<mjloggm ver="2.3"><GO type="169" lobby="0"/><UN n0="%EF%BD%9E%E5%A4%A2%E7%8F%BE%EF%BD%9E" n1="%E3%82%AB%E3%83%96%E3%83%88" n2="%E5%A4%AA%E3%81%8F%E3%81%AA%E3%81%84%E3%81%8A" n3="%E5%BD%A9%E4%BA%AC" dan="16,17,17,17" rate="2136.89,2153.11,2148.54,2131.95" sx="M,M,M,M"/><TAIKYOKU oya="0"/>

<Scene>
<INIT seed="0,0,0,3,3,57" ten="250,250,250,250" oya="0" hai0="18,11,128,59,69,134,81,98,41,66,23,113,73" hai1="26,29,82,76,40,42,46,55,17,64,65,62,12" hai2="24,80,77,14,30,43,61,52,45,36,4,47,90" hai3="132,122,9,112,118,75,53,0,121,21,116,78,2"/><T56/><D113/><U16/><E55/><V133/><F133/><W104/><G104/><T72/><D134/><U119/><E119/><V35/><F90/><W83/><G132/><T115/><D115/><U114/><E114/><V63/><F4/><W95/><G112/><T88/><D41/><U101/><E101/><V60/><F14/><W110/><G21/><T126/><D11/><U97/><E97/><V89/><F89/><W100/><G9/><T67/><D69/><U131/><E131/><V102/><F102/><W68/><G68/><T44/><D44/><U39/><E42/><V135/><F135/><W71/><G71/><T105/><D128/><U3/><E3/><N who="3" m="1066" /><G53/><T1/><D105/><U106/><E106/><V108/><F108/><W124/><G110/><T87/><D1/><U79/><E65/><N who="0" m="24585" /><D73/><U111/><E111/><V25/><F25/><W92/><G116/><T109/><D72/><U32/><E12/><V117/><F117/><W86/><G118/><T28/><D28/><U96/><E96/><V22/><F35/><W91/><G121/><T58/><D109/><U129/><E129/><V94/><F94/><W15/><G122/><T19/><D98/><U107/><E107/><V6/><F6/><W31/><G31/><T123/><D123/><U120/><E120/><V51/><F61/><W127/><G15/><N who="0" m="9695" /><D19/><U33/><E33/><V130/><F130/><W103/><G103/><T8/><D8/><U5/><E5/><V85/><AGARI ba="0,0" hai="22,24,30,36,43,45,47,51,52,60,63,77,80,85" machi="85" ten="20,8000,1" yaku="0,1,7,1,52,2,54,1" doraHai="57" who="2" fromWho="2" sc="250,-40,250,-20,250,80,250,-20" />
</Scene>
<Scene>
<INIT seed="1,0,0,1,2,130" ten="210,230,330,230" oya="1" hai0="0,112,125,126,5,22,52,10,40,19,80,65,64" hai1="70,13,103,116,89,24,17,8,133,121,12,18,11" hai2="122,72,57,120,117,92,86,118,93,59,20,38,134" hai3="69,51,82,42,105,27,132,135,81,88,26,119,66"/><U90/><E121/><V71/><F71/><W68/><G105/><T29/><D112/><U101/><E70/><V43/><F72/><W76/><G69/><T32/><D40/><U34/><E34/><V115/><F20/><W109/><G68/><T56/><D80/><U84/><E116/><V36/><F43/><W37/><G37/><T45/><D45/><U31/><E133/><N who="3" m="51274" /><G66/><T131/><D131/><U98/><E98/><V23/><F134/><W99/><G109/><T104/><D104/><U35/><REACH who="1" step="1"/><E90/><REACH who="1" ten="210,220,330,230" step="2"/><V9/><F118/><W21/><G119/><T33/><D33/><U47/><E47/><V44/><F44/><N who="3" m="26007" /><G99/><T85/><D126/><U7/><E7/><V106/><F117/><W111/><G111/><T4/><D4/><U54/><E54/><V100/><F122/><W25/><G88/><T3/><D125/><U87/><E87/><V95/><F86/><N who="3" m="48423" /><G82/><AGARI ba="0,1" hai="8,11,12,13,17,18,24,31,35,82,84,89,101,103" machi="82" ten="30,11600,0" yaku="1,1,7,1,9,1,53,1" doraHai="130" doraHaiUra="78" who="1" fromWho="3" sc="210,0,220,126,330,0,230,-116" />
</Scene>
<Scene>
<INIT seed="1,1,0,4,1,43" ten="210,346,330,114" oya="1" hai0="27,19,98,81,94,31,124,34,42,17,35,88,6" hai1="44,67,97,25,16,76,92,56,116,103,1,14,32" hai2="125,91,102,63,11,78,83,40,85,36,71,53,45" hai3="13,47,10,129,9,106,7,127,86,69,87,111,112"/><U95/><E116/><V100/><F125/><W134/><G69/><T115/><D115/><U54/><E1/><V41/><F41/><W22/><G106/><T48/><D124/><U75/><E67/><V24/><F24/><W79/><G127/><T128/><D128/><U109/><E109/><V28/><F28/><W123/><G111/><T29/><D6/><U52/><E32/><V18/><F78/><W8/><G123/><T46/><D81/><U62/><E25/><AGARI ba="1,0" hai="17,19,25,27,29,31,34,35,42,46,48,88,94,98" machi="25" ten="40,5200,0" yaku="9,1,52,1,54,1" doraHai="43" who="0" fromWho="1" sc="210,55,346,-55,330,0,114,0" />
</Scene>
<Scene>
<INIT seed="2,0,0,5,5,22" ten="265,291,330,114" oya="2" hai0="132,47,92,17,51,80,104,115,25,46,82,79,131" hai1="94,76,130,119,71,5,134,31,40,61,125,34,37" hai2="16,32,95,65,77,128,84,101,112,20,69,43,39" hai3="122,124,64,10,107,78,36,75,62,1,60,100,6"/><V52/><F112/><W113/><G113/><T38/><D115/><U103/><E76/><V109/><F32/><W11/><G124/><T99/><D131/><U18/><E5/><V45/><F128/><W117/><G122/><T102/><D132/><U91/><E130/><V66/><F109/><W55/><G117/><T129/><D129/><U86/><E119/><V67/><F69/><W68/><G55/><T118/><D118/><U57/><E71/><V135/><F135/><W90/><G90/><T126/><D126/><U23/><E125/><V13/><F77/><W15/><G60/><T108/><D108/><U111/><E111/><V9/><F84/><W123/><G123/><T97/><D38/><U4/><E4/><V2/><F2/><W70/><G70/><T3/><D3/><U0/><E0/><V44/><F9/><W19/><G36/><T35/><D51/><U105/><E37/><V114/><F114/><W74/><REACH who="3" step="1"/><G78/><REACH who="3" ten="265,291,330,104" step="2"/><T110/><D79/><U59/><E61/><V28/><F66/><W88/><G88/><T106/><D110/><U93/><E91/><V98/><F65/><W120/><G120/><T72/><D102/><U21/><E103/><V26/><F67/><W56/><G56/><T27/><D47/><U12/><E59/><V63/><F63/><W133/><G133/><T73/><D46/><U116/><E57/><V24/><REACH who="2" step="1"/><F28/><REACH who="2" ten="265,291,320,104" step="2"/><W96/><AGARI ba="0,2" hai="1,6,10,11,15,19,62,64,68,74,75,96,100,107" machi="96" ten="30,2000,0" yaku="1,1,0,1,53,0" doraHai="22" doraHaiUra="87" who="3" fromWho="3" sc="265,-5,291,-5,320,-10,104,40" />
</Scene>
<Scene>
<INIT seed="3,0,0,2,2,12" ten="260,286,310,144" oya="3" hai0="43,21,46,107,133,132,60,75,97,19,103,9,73" hai1="62,49,81,86,85,114,129,39,92,33,83,5,84" hai2="122,120,64,119,35,110,56,94,135,55,1,72,58" hai3="91,36,74,134,109,61,28,59,67,100,123,18,131"/><W29/><G123/><N who="2" m="47145" /><F1/><W50/><G36/><T93/><D60/><U16/><E39/><V10/><F35/><W3/><G3/><T31/><D31/><U57/><E114/><V47/><F72/><W80/><G134/><N who="0" m="51819" /><D9/><U2/><E33/><V77/><F77/><W26/><G131/><T128/><D93/><U126/><E126/><V8/><F119/><W102/><G109/><T99/><D99/><U52/><E92/><V23/><F110/><W24/><G50/><N who="0" m="26975" /><D128/><U63/><E129/><V40/><F64/><W113/><G113/><T51/><D51/><U65/><E5/><V130/><F130/><W95/><G29/><T54/><D54/><U82/><E2/><V70/><F70/><W76/><G26/><AGARI ba="0,0" hai="19,21,26,73,75,97,103,107" m="26975,51819" machi="26" ten="30,2000,0" yaku="20,1,52,1" doraHai="12" who="0" fromWho="3" sc="260,20,286,0,310,0,144,-20" />
</Scene>
<Scene>
<INIT seed="4,0,0,4,5,90" ten="280,286,310,124" oya="0" hai0="83,69,124,46,27,112,118,17,41,13,22,84,28" hai1="15,30,133,6,72,61,66,31,116,89,63,8,101" hai2="122,43,57,47,9,76,109,107,102,64,3,26,24" hai3="10,19,1,77,29,62,20,70,25,134,40,97,21"/><T79/><D124/><U129/><E116/><V123/><F109/><W119/><G119/><T73/><D112/><U14/><E72/><V59/><F76/><W103/><G134/><T54/><D69/><U39/><E39/><V50/><F107/><W44/><G77/><T34/><D54/><U85/><E133/><V113/><F102/><W99/><G99/><T7/><D118/><U82/><E129/><V91/><F113/><W18/><G1/><T135/><D135/><U60/><E101/><V96/><F3/><W75/><G10/><T51/><REACH who="0" step="1"/><D7/><REACH who="0" ten="270,286,310,124" step="2"/><U95/><E66/><V35/><F64/><W120/><G120/><T11/><D11/><U52/><E52/><V88/><F9/><W38/><G70/><T32/><D32/><U104/><E6/><V114/><F35/><W81/><G21/><T36/><D36/><U68/><E68/><V4/><F4/><W33/><G33/><T48/><D48/><U117/><E8/><V121/><F114/><W125/><G125/><T93/><D93/><U56/><E117/><V115/><F115/><W105/><G20/><T92/><D92/><U131/><E95/><N who="2" m="56423" /><F123/><W55/><G38/><T58/><D58/><N who="2" m="22026" /><F122/><W126/><G126/><T23/><D23/><U42/><E56/><V106/><F121/><W16/><G55/><T110/><D110/><U37/><E37/><V127/><F127/><W71/><G71/><T130/><D130/><U100/><E131/><V67/><F67/><W78/><G62/><T53/><D53/><U111/><E111/><V74/><F50/><N who="3" m="26887" /><G25/><T5/><D5/><U80/><E60/><RYUUKYOKU ba="0,1" sc="270,15,286,-15,310,-15,124,15" hai0="13,17,22,27,28,34,41,46,51,73,79,83,84" hai3="16,18,19,29,75,78,81,97,103,105" />
</Scene>
<Scene>
<INIT seed="4,1,1,1,0,128" ten="285,271,295,139" oya="0" hai0="39,129,82,108,94,59,101,130,4,74,73,102,44" hai1="133,125,37,9,61,103,54,42,67,119,126,99,7" hai2="64,50,75,35,123,93,0,89,49,116,121,95,113" hai3="117,22,62,43,135,63,6,87,110,34,81,56,45"/><T33/><D33/><U52/><E119/><V120/><F35/><W8/><G117/><T57/><D4/><U23/><E23/><V83/><F116/><W14/><G110/><T27/><D108/><U134/><E37/><V19/><F0/><W118/><G118/><T16/><D39/><U40/><E40/><V69/><F113/><W18/><G34/><T104/><D94/><N who="1" m="58871" /><E42/><V11/><F64/><W38/><G135/><N who="1" m="51722" /><E67/><V84/><F69/><W124/><G124/><N who="1" m="47722" /><E61/><V90/><F50/><W25/><REACH who="3" step="1"/><G56/><REACH who="3" ten="285,271,295,129" step="2"/><T68/><D57/><U46/><E46/><V28/><F120/><W70/><G70/><T97/><D59/><U36/><E36/><V26/><F123/><W112/><G112/><T71/><D44/><U12/><AGARI ba="1,2" hai="7,9,12,52,54" m="47722,51722,58871" machi="12" ten="30,12000,2" yaku="20,1,18,1,52,3,54,1" doraHai="128" who="1" fromWho="1" sc="285,-61,271,143,295,-31,129,-31" />
</Scene>
<Scene>
<INIT seed="5,0,0,4,1,94" ten="224,414,264,98" oya="1" hai0="109,37,53,76,49,39,27,55,56,0,17,127,45" hai1="130,47,65,42,122,132,40,115,125,16,80,102,128" hai2="29,81,113,41,4,104,88,31,71,3,60,10,24" hai3="89,111,70,118,72,64,116,50,19,96,30,62,7"/><U114/><E122/><V34/><F41/><W85/><G111/><T12/><D109/><U1/><E1/><V67/><F31/><W14/><G72/><T68/><D68/><U21/><E132/><V5/><F5/><W126/><G126/><T66/><D0/><U100/><E125/><V105/><REACH who="2" step="1"/><F113/><REACH who="2" ten="224,414,254,98" step="2"/><W84/><G30/><T78/><D127/><U8/><E115/><V99/><F99/><W9/><G7/><T90/><D39/><U98/><E114/><V38/><F38/><W112/><G112/><T33/><D37/><U73/><E98/><V63/><F63/><W23/><G118/><T83/><D49/><U43/><E42/><V133/><F133/><W20/><G116/><T58/><D33/><U61/><E43/><V35/><F35/><W135/><G135/><T54/><D17/><U82/><E40/><V15/><F15/><W36/><G36/><T48/><D12/><U44/><E61/><V18/><F18/><W123/><G123/><T107/><D27/><U69/><E16/><V87/><AGARI ba="0,1" hai="3,4,10,24,29,34,60,67,71,81,87,88,104,105" machi="87" ten="30,7900,0" yaku="1,1,0,1,54,1,53,1" doraHai="94" doraHaiUra="6" who="2" fromWho="2" sc="224,-20,414,-39,254,89,98,-20" />
</Scene>
<Scene>
<INIT seed="6,0,0,4,4,25" ten="204,375,343,78" oya="2" hai0="66,49,50,43,86,88,124,45,44,6,116,21,82" hai1="78,54,79,73,131,104,31,39,29,75,30,83,100" hai2="28,134,60,81,61,0,97,65,89,101,74,34,67" hai3="37,69,118,40,76,84,117,71,70,23,8,121,10"/><V126/><F0/><W80/><G121/><T125/><D116/><U102/><E39/><V5/><F5/><W53/><G37/><T46/><D6/><U96/><E131/><V59/><F126/><W119/><G40/><T48/><D66/><U99/><E54/><V115/><F115/><W52/><REACH who="3" step="1"/><G23/><REACH who="3" ten="204,375,343,68" step="2"/><T2/><D43/><U77/><REACH who="1" step="1"/><E75/><REACH who="1" ten="204,365,343,68" step="2"/><V11/><F74/><W90/><G90/><T128/><D128/><U114/><E114/><V130/><F130/><W106/><G106/><AGARI ba="0,2" hai="29,30,31,73,77,78,79,83,96,99,100,102,104,106" machi="106" ten="40,8000,1" yaku="1,1,9,1,52,3,53,0" doraHai="25" doraHaiUra="122" who="1" fromWho="3" sc="204,0,365,100,343,0,68,-80" owari="204,-20.0,465,57.0,343,14.0,-12,-51.0" />
</Scene>
</mjloggm>