<mjloggm ver="2.3"><GO type="169" lobby="0"/><UN n0="%E3%81%90%E3%81%9C%E3%82%93%40%4C%69%42" n1="%7A%65%6C%64%69%6E%61" n2="%E9%BE%8D%E9%96%80%E6%B8%95%E9%AB%98%E6%A0%A1%E7%B7%8F%E5%90%88" n3="%E5%A4%AA%E3%81%8F%E3%81%AA%E3%81%84%E3%81%8A" dan="18,16,16,18" rate="2266.71,2121.75,2039.01,2272.91" sx="M,M,M,F"/><TAIKYOKU oya="0"/>

<Scene>
<INIT seed="0,0,0,2,2,105" ten="250,250,250,250" oya="0" hai0="93,116,69,52,0,106,102,74,57,40,23,20,130" hai1="76,51,90,17,118,8,31,67,78,96,45,134,133" hai2="39,87,127,124,110,107,64,72,85,104,66,22,113" hai3="32,43,108,4,80,61,9,128,70,3,25,73,71"/><T13/><D116/><U5/><E118/><V50/><F50/><W121/><G108/><T34/><D106/><U126/><E31/><V19/><F110/><W24/><G128/><T27/><D0/><N who="1" m="39" /><E67/><V37/><F22/><W56/><G121/><T99/><D69/><U92/><E17/><V58/><F58/><W82/><G43/><T135/><D135/><N who="1" m="51723" /><E126/><V109/><F109/><W77/><G82/><T15/><D130/><U97/><E96/><V55/><F19/><W91/><G91/><T95/><D40/><AGARI ba="0,0" hai="40,45,51,76,78,90,92,97" m="51723,39" machi="40" ten="30,1000,0" yaku="20,1" doraHai="105" who="1" fromWho="0" sc="250,-10,250,10,250,0,250,0" />
</Scene>
<Scene>
<INIT seed="1,0,0,3,5,75" ten="240,260,250,250" oya="1" hai0="64,5,17,65,40,21,15,59,107,100,60,135,10" hai1="39,123,97,131,66,70,81,90,127,50,55,47,43" hai2="13,61,71,44,76,86,116,1,24,58,89,108,98" hai3="104,0,29,38,63,125,72,67,111,52,20,36,121"/><U9/><E123/><V56/><F1/><W57/><G0/><T3/><D135/><U99/><E131/><V69/><F116/><W27/><G121/><T31/><D40/><U35/><E35/><V32/><F108/><W12/><G104/><T37/><D37/><U110/><E127/><V112/><F112/><W122/><G122/><T82/><D107/><U68/><E68/><V102/><F44/><W30/><G72/><T106/><D106/><U46/><E110/><V129/><F129/><W113/><G111/><T7/><D100/><U114/><E114/><V119/><F119/><W80/><G113/><T25/><D82/><U2/><E66/><V109/><F109/><W4/><G125/><T117/><D117/><U62/><E62/><V51/><F61/><W45/><G30/><T94/><D65/><U134/><E70/><V132/><F69/><W79/><G4/><T88/><REACH who="0" step="1"/><D3/><REACH who="0" ten="230,260,250,250" step="2"/><U14/><E2/><V103/><F132/><W8/><G67/><T87/><AGARI ba="0,1" hai="5,7,10,15,17,21,25,31,59,60,64,87,88,94" machi="87" ten="20,12000,2" yaku="1,1,2,1,0,1,7,1,8,1,54,1,53,0" doraHai="75" doraHaiUra="42" who="0" fromWho="0" sc="230,130,260,-60,250,-30,250,-30" />
</Scene>
<Scene>
<INIT seed="2,0,0,4,1,10" ten="360,200,220,220" oya="2" hai0="21,22,42,33,93,68,95,72,110,80,61,54,50" hai1="92,17,125,127,13,16,118,45,48,117,44,3,32" hai2="121,89,81,56,8,126,83,11,101,88,39,106,60" hai3="128,107,19,124,29,31,119,14,78,94,87,52,116"/><V28/><F121/><W85/><G107/><T131/><D33/><U105/><E105/><V12/><F39/><W64/><G64/><T65/><D131/><U2/><E32/><V104/><F28/><W115/><G128/><T67/><D110/><U74/><E92/><V96/><F104/><W1/><G1/><N who="1" m="10" /><E74/><V57/><F11/><N who="3" m="6623" /><G124/><N who="1" m="47690" /><E17/><V91/><F126/><W132/><G116/><N who="1" m="44650" /><E48/><V34/><F34/><W53/><G119/><T99/><D67/><U40/><E40/><V7/><REACH who="2" step="1"/><F57/><REACH who="2" ten="360,200,210,220" step="2"/><W113/><G29/><T58/><D58/><U84/><E84/><V103/><F103/><W70/><G31/><T5/><D68/><U43/><E43/><V114/><F114/><W111/><G70/><T18/><D42/><U120/><E120/><V37/><F37/><W123/><G123/><T112/><D72/><U20/><AGARI ba="0,1" hai="13,16,20,44,45" m="44650,47690,10" machi="20" ten="40,5200,0" yaku="18,1,52,1,54,1" doraHai="10" who="1" fromWho="1" sc="360,-13,200,62,210,-26,220,-13" />
</Scene>
<Scene>
<INIT seed="3,0,0,1,0,90" ten="347,262,184,207" oya="3" hai0="81,130,2,38,107,127,131,68,99,52,103,94,69" hai1="48,7,5,83,114,49,111,73,122,19,39,14,15" hai2="115,63,21,17,76,36,134,9,22,66,84,129,80" hai3="0,3,51,1,91,42,123,55,57,121,54,96,82"/><W87/><G42/><T40/><D127/><U110/><E39/><V20/><F115/><W65/><G65/><T16/><D2/><U32/><E32/><V47/><F129/><N who="0" m="49162" /><D81/><U124/><E114/><V117/><F117/><W30/><G30/><T56/><D40/><U109/><E122/><V132/><F36/><W67/><G67/><T33/><D33/><U59/><E124/><V6/><F47/><W79/><REACH who="3" step="1"/><G55/><REACH who="3" ten="347,262,184,197" step="2"/><T105/><D38/><U53/><E111/><V46/><F132/><W70/><G70/><T4/><D68/><U85/><E53/><V133/><F134/><W62/><G62/><N who="0" m="36103" /><D69/><U60/><E60/><V93/><F133/><W125/><G125/><T120/><D120/><U128/><E128/><V8/><F63/><W108/><G108/><T135/><D135/><U41/><E110/><V34/><F66/><W58/><G58/><T18/><D4/><U118/><E5/><V119/><F6/><W50/><G50/><T43/><D43/><U75/><E49/><V23/><F46/><W113/><G113/><T44/><D44/><U116/><E48/><V26/><F119/><W100/><G100/><T74/><D74/><N who="1" m="28171" /><E41/><V106/><F34/><W88/><G88/><T64/><D64/><U28/><E59/><V37/><F37/><W72/><G72/><T102/><D102/><U24/><E109/><V86/><F106/><AGARI ba="0,1" hai="16,18,94,99,103,105,106,107" m="36103,49162" machi="106" ten="30,7700,0" yaku="19,1,52,1,54,2" doraHai="90" who="0" fromWho="2" sc="347,87,262,0,184,-77,197,0" />
</Scene>
<Scene>
<INIT seed="4,0,0,2,2,26" ten="434,262,107,197" oya="0" hai0="61,16,44,105,36,115,29,34,8,100,135,60,94" hai1="116,113,67,84,76,24,104,75,131,74,41,73,132" hai2="99,69,70,127,80,49,111,126,123,98,107,62,30" hai3="103,124,64,96,39,54,32,130,17,88,118,9,77"/><T92/><D105/><U21/><E104/><V10/><F123/><W23/><G118/><T59/><D135/><U55/><E116/><V12/><F111/><W33/><G39/><T134/><D115/><U108/><E108/><V122/><F122/><W86/><G77/><T66/><D134/><U83/><E132/><V20/><F80/><W72/><G72/><T114/><D114/><U82/><E113/><V48/><F10/><W95/><G130/><T18/><D61/><U31/><E131/><V53/><F12/><W0/><G64/><T128/><D128/><U45/><E67/><V68/><F62/><W87/><G87/><T5/><D94/><U112/><E55/><V37/><F37/><W7/><G54/><T125/><D125/><N who="2" m="47626" /><F107/><W120/><G120/><T97/><D34/><U58/><E58/><V85/><F53/><W119/><G119/><T51/><D29/><U40/><E112/><V27/><F85/><W2/><G2/><T1/><REACH who="0" step="1"/><D36/><REACH who="0" ten="424,262,107,197" step="2"/><U22/><E82/><V14/><F14/><W90/><G124/><T79/><D79/><U102/><E76/><V110/><F110/><W117/><G117/><T19/><D19/><U57/><E83/><V38/><F38/><W11/><G17/><T4/><D4/><U93/><E93/><V52/><F49/><W46/><G7/><T133/><D133/><U6/><E6/><V50/><F48/><W13/><G95/><T106/><D106/><U43/><E31/><V47/><AGARI ba="0,1" hai="20,27,30,47,50,52,68,69,70,98,99" m="47626" machi="47" ten="40,5200,0" yaku="18,1,52,1,54,1" doraHai="26" who="2" fromWho="2" sc="424,-26,262,-13,107,62,197,-13" />
</Scene>
<Scene>
<INIT seed="5,0,0,4,1,23" ten="398,249,169,184" oya="1" hai0="94,10,5,38,24,69,74,68,61,135,9,12,31" hai1="113,11,90,44,30,83,111,17,105,36,81,51,56" hai2="134,89,127,39,8,27,28,93,53,131,109,92,130" hai3="101,116,64,55,13,20,78,57,18,19,7,84,71"/><U62/><E36/><V25/><F109/><W37/><G37/><T91/><D135/><U2/><E105/><V65/><F39/><W29/><G116/><T120/><D74/><U86/><E111/><V76/><F134/><W79/><G71/><T16/><D120/><U59/><E113/><V110/><F110/><W104/><G64/><T115/><D115/><U67/><E30/><V66/><F28/><W97/><G7/><T70/><D38/><U98/><E59/><V108/><F108/><W124/><G124/><T123/><D123/><U107/><E107/><V47/><F127/><W88/><G19/><T1/><D61/><U85/><E98/><V103/><F76/><W99/><G99/><T121/><D121/><U117/><E117/><V15/><F103/><W75/><G75/><T49/><D49/><U133/><E133/><V119/><F119/><W45/><G45/><T63/><D63/><U106/><E106/><V82/><F82/><W114/><G29/><T26/><REACH who="0" step="1"/><D31/><REACH who="0" ten="388,249,169,184" step="2"/><U128/><E62/><V126/><F126/><W3/><G114/><T41/><D41/><U80/><E67/><N who="2" m="25611" /><F131/><W43/><G43/><T33/><D33/><U4/><E51/><N who="2" m="28927" /><F130/><W32/><G32/><T54/><D54/><U60/><E128/><V87/><F93/><W48/><G3/><T118/><D118/><U42/><E80/><AGARI ba="0,1" hai="13,18,20,48,55,57,78,79,80,84,88,97,101,104" machi="80" ten="30,2000,0" yaku="7,1,54,1" doraHai="23" who="3" fromWho="1" sc="388,0,249,-20,169,0,184,30" />
</Scene>
<Scene>
<INIT seed="6,0,0,3,0,70" ten="388,229,169,214" oya="2" hai0="87,54,73,104,111,6,3,53,84,36,7,22,35" hai1="85,1,29,48,72,91,58,128,34,9,113,39,51" hai2="133,106,76,80,14,10,135,132,71,25,31,37,108" hai3="57,116,130,12,78,98,0,123,94,99,55,102,11"/><V56/><F71/><W65/><G123/><T16/><D35/><U125/><E72/><V100/><F108/><W60/><G116/><T75/><D36/><U115/><E39/><V19/><F56/><W13/><G130/><T20/><D104/><U105/><E105/><V69/><F69/><W103/><G78/><T40/><D40/><U96/><E96/><V81/><F37/><W44/><G0/><T90/><D90/><U112/><E128/><V101/><F106/><W118/><G118/><T82/><D82/><N who="2" m="31850" /><F76/><W62/><G11/><T28/><D28/><U120/><E125/><V24/><F24/><W15/><G44/><T89/><D89/><U32/><E120/><V107/><F107/><W122/><G122/><T17/><D3/><U77/><E77/><V4/><F4/><W124/><G124/><T88/><D88/><U134/><E134/><N who="2" m="34307" /><V52/><DORA hai="49" /><F52/><W64/><G62/><T43/><D43/><U33/><E58/><V45/><F45/><W23/><G65/><T18/><D18/><U50/><E29/><V86/><F86/><W110/><G64/><T63/><D63/><U26/><E26/><V30/><F30/><W95/><G110/><AGARI ba="0,0" hai="6,7,16,17,20,22,53,54,73,75,84,87,110,111" machi="110" ten="25,8000,1" yaku="22,2,52,2,54,1" doraHai="70,49" who="0" fromWho="3" sc="388,80,229,0,169,0,214,-80" />
</Scene>
<Scene>
<INIT seed="7,0,0,5,5,12" ten="468,229,169,134" oya="3" hai0="39,133,0,112,2,14,64,116,119,33,113,62,11" hai1="35,44,15,131,46,90,84,20,114,25,110,59,101" hai2="3,102,96,41,135,1,132,10,77,54,108,13,5" hai3="29,22,120,93,122,65,57,95,26,69,48,21,30"/><W130/><G69/><N who="0" m="42135" /><D33/><U107/><E114/><N who="0" m="44137" /><D39/><U78/><E131/><V124/><F108/><W100/><G130/><T82/><D82/><U52/><E35/><V37/><F77/><W91/><G100/><T126/><D126/><U50/><E78/><V51/><F124/><W129/><G129/><T87/><D87/><U49/><E110/><V34/><F34/><W47/><G65/><T111/><D133/><N who="2" m="51274" /><F37/><W53/><G57/><T18/><D111/><U8/><E101/><V19/><F5/><W45/><G45/><T58/><D58/><U98/><E98/><V23/><F10/><W27/><REACH who="3" step="1"/><G95/><REACH who="3" ten="468,229,169,124" step="2"/><T86/><D119/><U105/><E46/><N who="2" m="28023" /><F41/><W38/><G38/><T56/><D116/><U61/><E44/><V75/><F75/><W118/><G118/><T103/><D103/><U6/><E107/><AGARI ba="0,1" hai="1,3,13,19,23,96,102,107" m="28023,51274" machi="107" ten="30,2000,0" yaku="20,1,52,1" doraHai="12" who="2" fromWho="1" sc="468,0,229,-20,169,30,124,0" owari="468,57.0,209,1.0,199,-20.0,124,-38.0" />
</Scene>
</mjloggm>