<mjloggm ver="2.3"><GO type="169" lobby="0"/><UN n0="%E5%A4%AA%E3%81%8F%E3%81%AA%E3%81%84%E3%81%8A" n1="%E5%90%8D%E6%8E%A2%E5%81%B5%E7%9C%8C%E3%81%AB%E3%82%83%E3%82%93%E2%99%AA" n2="%79%6F%74%65%72%75" n3="%4B%49%4E%4F" dan="18,16,17,17" rate="2270.92,2120.64,2169.02,2180.93" sx="F,M,M,F"/><TAIKYOKU oya="0"/>

<Scene>
<INIT seed="0,0,0,3,1,96" ten="250,250,250,250" oya="0" hai0="2,40,10,64,110,43,46,27,101,100,53,38,17" hai1="88,79,106,87,118,72,115,42,122,31,99,41,20" hai2="92,51,36,39,21,22,128,6,44,12,75,124,78" hai3="130,134,66,86,127,135,71,30,80,116,105,68,97"/><T108/><D64/><U74/><E122/><V47/><F124/><W18/><G116/><T14/><D43/><U120/><E120/><V77/><F128/><W125/><G30/><T11/><D27/><U23/><E118/><V114/><F114/><W29/><G29/><T3/><D53/><U91/><E42/><V16/><F6/><W32/><G32/><T15/><D2/><U126/><E41/><V93/><F75/><W104/><G18/><N who="0" m="8535" /><D3/><U28/><E126/><N who="3" m="48138" /><G66/><T111/><AGARI ba="0,0" hai="11,15,17,38,40,46,100,101,108,110,111" m="8535" machi="111" ten="30,11700,0" yaku="14,1,10,1,52,2" doraHai="96" who="0" fromWho="0" sc="250,117,250,-39,250,-39,250,-39" />
</Scene>
<Scene>
<INIT seed="0,1,0,2,3,77" ten="367,211,211,211" oya="0" hai0="14,83,12,63,33,81,134,110,96,58,46,112,7" hai1="21,80,98,30,71,90,42,59,34,61,94,117,116" hai2="48,113,5,35,129,114,9,39,86,72,102,131,6" hai3="100,10,125,2,37,26,11,95,17,121,1,19,85"/><T128/><D112/><U18/><E71/><V25/><F39/><W111/><G37/><T41/><D33/><U76/><E42/><V49/><F72/><W108/><G125/><T93/><D128/><N who="2" m="49226" /><F102/><W15/><G121/><T56/><D134/><U31/><E34/><V57/><F86/><W45/><G45/><T79/><D110/><N who="3" m="42025" /><G100/><N who="0" m="60431" /><D79/><U91/><E91/><V20/><F57/><N who="0" m="22122" /><D63/><U60/><E117/><V54/><F35/><W24/><G95/><T51/><D7/><N who="2" m="2570" /><F9/><N who="3" m="3083" /><G85/><T69/><D69/><U115/><E61/><V3/><F3/><N who="3" m="1035" /><G15/><AGARI ba="1,0" hai="12,14,15,41,46,51,81,83" m="22122,60431" machi="15" ten="30,5800,0" yaku="8,1,52,2" doraHai="77" who="0" fromWho="3" sc="367,61,211,0,211,0,211,-61" />
</Scene>
<Scene>
<INIT seed="0,2,0,1,0,128" ten="428,211,211,150" oya="0" hai0="27,32,7,47,135,58,93,103,117,64,75,104,11" hai1="114,5,17,42,91,112,55,83,69,2,107,12,35" hai2="30,57,13,87,52,85,78,14,59,86,53,44,3" hai3="118,70,56,90,131,109,36,88,50,115,51,45,15"/><T73/><D117/><U106/><E69/><V10/><F30/><W25/><G70/><T8/><D8/><U79/><E35/><V133/><F3/><W4/><G115/><T43/><D93/><U108/><E108/><V19/><F133/><W134/><G118/><T105/><D58/><N who="2" m="22026" /><F78/><W41/><G131/><T49/><D64/><U61/><E2/><V94/><F44/><W122/><G109/><T67/><D67/><U18/><E112/><V21/><F94/><W60/><G25/><T119/><D119/><U123/><E107/><V31/><F31/><W23/><G122/><T6/><D6/><AGARI ba="2,0" hai="6,10,13,14,19,21,52,53,85,86,87" m="22026" machi="6" ten="30,2000,0" yaku="8,1,54,1" doraHai="128" who="2" fromWho="0" sc="428,-26,211,0,211,26,150,0" />
</Scene>
<Scene>
<INIT seed="1,0,0,5,3,54" ten="402,211,237,150" oya="1" hai0="9,93,115,98,26,24,74,96,134,70,125,131,13" hai1="84,112,135,30,99,63,62,108,104,77,76,81,48" hai2="17,116,68,5,126,46,67,127,6,103,73,57,40" hai3="23,38,130,85,29,50,44,36,78,18,80,71,117"/><U37/><E37/><V72/><F116/><W114/><G114/><T53/><D74/><N who="2" m="28778" /><F103/><W111/><G71/><T132/><D125/><N who="2" m="47626" /><F68/><W15/><G111/><T75/><D131/><U25/><E112/><V34/><F34/><W31/><G130/><T60/><D75/><U42/><E108/><V92/><F92/><W128/><G128/><T94/><D70/><U10/><E104/><V41/><F17/><W4/><G117/><T124/><D124/><U27/><E135/><V56/><F67/><W133/><G133/><T90/><D115/><U91/><E10/><V89/><F89/><W121/><G4/><N who="2" m="1641" /><F40/><W45/><G31/><T105/><D105/><U47/><E30/><V101/><F101/><W21/><G29/><T11/><D90/><U51/><E76/><V79/><F79/><W28/><G28/><T7/><D7/><U61/><REACH who="1" step="1"/><E51/><AGARI ba="0,0" hai="41,46,51,56,57" m="1641,47626,28778" machi="51" ten="30,3900,0" yaku="18,1,52,2" doraHai="54" who="2" fromWho="1" sc="402,0,211,-39,237,39,150,0" />
</Scene>
<Scene>
<INIT seed="2,0,0,3,3,113" ten="402,172,276,150" oya="2" hai0="15,123,112,92,75,83,70,20,102,39,54,128,81" hai1="61,24,72,125,85,8,90,48,132,51,29,93,40" hai2="78,114,46,106,27,44,36,100,10,47,66,71,120" hai3="38,80,7,116,23,34,104,42,16,63,103,11,97"/><V59/><F120/><W124/><G34/><T1/><D1/><U43/><E72/><V110/><F114/><W37/><G124/><T101/><D39/><U52/><E125/><V2/><F71/><W30/><G30/><T31/><D70/><U18/><E132/><V135/><F135/><W5/><G116/><T55/><D75/><U91/><E61/><V73/><F110/><W79/><G63/><T35/><D35/><U68/><E68/><V49/><F36/><W13/><G42/><T53/><D128/><U121/><E121/><V21/><F106/><W87/><REACH who="3" step="1"/><G5/><REACH who="3" ten="402,172,276,140" step="2"/><T12/><D31/><U17/><E29/><V3/><F49/><W119/><G119/><T126/><D126/><U25/><E51/><V105/><F2/><AGARI ba="0,1" hai="2,7,11,13,16,23,37,38,79,80,87,97,103,104" machi="2" ten="30,3900,0" yaku="1,1,7,1,54,1,53,0" doraHai="113" doraHaiUra="122" who="3" fromWho="2" sc="402,0,172,0,276,-39,140,49" />
</Scene>
<Scene>
<INIT seed="3,0,0,3,3,130" ten="402,172,237,189" oya="3" hai0="15,25,118,41,87,60,39,10,8,59,69,102,4" hai1="24,7,93,26,65,76,116,125,17,124,23,28,1" hai2="63,123,81,14,48,128,32,58,73,16,96,127,100" hai3="9,30,114,105,13,2,70,6,113,37,47,104,5"/><W110/><G70/><T36/><D69/><U94/><E76/><V61/><F32/><W42/><G30/><T40/><D118/><U75/><E75/><V77/><F128/><W122/><G122/><T133/><D102/><U53/><E65/><V62/><F123/><W27/><G27/><T31/><D39/><U72/><E72/><V103/><F127/><N who="1" m="48713" /><E116/><V74/><F74/><W82/><G110/><T129/><D36/><U19/><E53/><V43/><F96/><W56/><G56/><T44/><D10/><N who="1" m="2415" /><E93/><V132/><F100/><W79/><G13/><T20/><D15/><U66/><E94/><V134/><F103/><W68/><G6/><T84/><D4/><U51/><E51/><V35/><F35/><W78/><G78/><T121/><D44/><U46/><E46/><V95/><F95/><W50/><G68/><T90/><D59/><U115/><E66/><V55/><REACH who="2" step="1"/><F43/><REACH who="2" ten="402,172,227,189" step="2"/><W49/><G105/><T38/><D40/><U111/><E115/><N who="3" m="44042" /><G104/><T98/><D121/><U3/><E111/><V108/><F108/><W92/><G92/><T89/><D98/><U11/><E26/><V88/><F88/><W135/><G135/><T52/><D133/><U0/><E11/><AGARI ba="0,1" hai="11,14,16,48,55,58,61,62,63,73,77,81,132,134" machi="11" ten="40,12000,2" yaku="1,1,52,2,54,1,53,3" doraHai="130" doraHaiUra="57" who="2" fromWho="1" sc="402,0,172,-120,227,130,189,0" />
</Scene>
<Scene>
<INIT seed="4,0,0,2,2,47" ten="402,52,357,189" oya="0" hai0="97,118,60,55,120,86,116,124,30,1,72,42,115" hai1="69,85,88,39,15,46,43,73,93,31,2,125,98" hai2="38,18,45,36,75,131,13,40,92,27,8,14,62" hai3="117,91,20,119,130,81,89,51,134,12,28,21,24"/><T11/><D72/><U109/><E125/><V49/><F131/><W65/><G134/><T77/><D120/><U59/><E2/><V100/><F75/><W33/><G130/><T29/><D42/><U35/><E69/><V113/><F113/><W6/><G65/><T80/><D115/><U128/><E128/><V25/><F62/><W41/><G119/><T104/><D124/><U127/><E73/><V66/><F66/><W57/><G117/><T74/><D30/><U135/><E127/><V112/><F112/><W17/><G6/><T58/><D29/><U48/><E135/><V94/><F13/><W0/><G0/><T83/><D104/><U95/><E109/><V26/><REACH who="2" step="1"/><F100/><REACH who="2" ten="402,52,347,189" step="2"/><W101/><G101/><T67/><D67/><U123/><E123/><V110/><F110/><W68/><G12/><T108/><D108/><U19/><E35/><V121/><F121/><W114/><G33/><T96/><D116/><U64/><E64/><V5/><F5/><W129/><G129/><T87/><D74/><U44/><E31/><V111/><F111/><W71/><G114/><T76/><D118/><U32/><E32/><V23/><F23/><W9/><G21/><T63/><D60/><U90/><E59/><V54/><F54/><N who="3" m="31967" /><G71/><T107/><D1/><U7/><E7/><V56/><F56/><W53/><G53/><T132/><D132/><U52/><E15/><V122/><F122/><W99/><G68/><T82/><D58/><U3/><E3/><V79/><F79/><N who="0" m="30282" /><D63/><U70/><E70/><V10/><F10/><W133/><G133/><T4/><D4/><RYUUKYOKU ba="0,1" sc="402,-15,52,15,347,15,189,-15" hai1="19,39,43,44,46,48,52,85,88,90,93,95,98" hai2="8,14,18,25,26,27,36,38,40,45,49,92,94" />
</Scene>
<Scene>
<INIT seed="5,1,1,3,0,133" ten="387,67,362,174" oya="1" hai0="112,41,81,51,33,50,101,4,44,127,66,61,14" hai1="65,1,23,110,94,19,76,46,11,27,120,77,102" hai2="13,125,114,104,17,20,22,85,117,72,83,30,100" hai3="59,78,49,98,54,35,82,26,131,91,116,93,63"/><U135/><E135/><V67/><F117/><W58/><G131/><T124/><D33/><U109/><E120/><V16/><F72/><W95/><G116/><T7/><D112/><U12/><E1/><V113/><F125/><N who="0" m="48202" /><D101/><U99/><E65/><V103/><F67/><W21/><G35/><T69/><D81/><U64/><E64/><V90/><F30/><N who="3" m="17743" /><G78/><T31/><D31/><U73/><E46/><V10/><F10/><W126/><G126/><T123/><D123/><U53/><E73/><V119/><F119/><W38/><G38/><N who="0" m="21559" /><D14/><U86/><E53/><V55/><F55/><N who="3" m="32111" /><G95/><T71/><D71/><U6/><REACH who="1" step="1"/><E86/><REACH who="1" ten="387,57,362,174" step="2"/><V9/><F85/><W36/><G36/><T48/><AGARI ba="1,2" hai="4,7,48,50,51,61,66,69" m="21559,48202" machi="48" ten="30,7900,0" yaku="18,1,52,3" doraHai="133" who="0" fromWho="0" sc="387,102,57,-40,362,-21,174,-21" />
</Scene>
<Scene>
<INIT seed="6,0,0,4,0,86" ten="489,17,341,153" oya="2" hai0="32,100,68,24,15,50,13,40,49,79,106,83,116" hai1="28,112,125,129,22,26,127,30,9,110,31,20,80" hai2="19,6,16,66,74,119,7,21,118,134,82,54,123" hai3="76,53,84,73,62,124,14,102,111,0,122,117,93"/><V130/><F66/><W34/><G14/><T57/><D68/><U70/><E70/><V56/><F123/><W103/><G53/><T12/><D116/><U105/><E105/><V101/><F101/><W38/><G62/><T18/><D40/><U33/><E80/><V99/><F99/><W131/><G84/><T69/><D69/><U61/><E61/><V65/><F65/><W92/><G76/><T60/><D106/><U94/><E94/><V39/><F39/><W58/><G58/><T128/><D100/><U135/><E110/><V63/><F134/><W67/><G67/><T71/><D71/><U47/><E47/><V2/><F130/><W45/><G45/><T42/><D42/><U104/><E104/><V41/><F41/><W120/><G93/><T1/><D1/><U59/><E59/><V10/><F7/><W115/><G92/><T75/><D128/><U23/><E129/><V35/><F35/><W97/><G97/><T43/><D43/><U98/><E98/><V25/><REACH who="2" step="1"/><F19/><REACH who="2" ten="489,17,331,153" step="2"/><W48/><G103/><T133/><D133/><U121/><E135/><V107/><F107/><W36/><G102/><T78/><D18/><U52/><E52/><V126/><F126/><N who="1" m="48137" /><E121/><V114/><F114/><W91/><G122/><T87/><D32/><U132/><E132/><V88/><F88/><W51/><G91/><T96/><D96/><U64/><E64/><V44/><F44/><W8/><G120/><T29/><D57/><U46/><E46/><V17/><F17/><W72/><G131/><T11/><D79/><AGARI ba="0,1" hai="2,6,10,16,21,25,54,56,63,74,79,82,118,119" machi="79" ten="40,7700,0" yaku="1,1,54,1,53,1" doraHai="86" doraHaiUra="3" who="2" fromWho="0" sc="489,-77,17,0,331,87,153,0" />
</Scene>
<Scene>
<INIT seed="6,1,0,2,2,46" ten="412,17,418,153" oya="2" hai0="102,59,37,75,26,16,32,42,57,132,126,77,70" hai1="11,34,49,64,23,112,134,9,20,106,39,13,119" hai2="123,72,5,78,130,105,96,90,83,84,108,115,79" hai3="91,1,107,28,60,85,22,109,17,51,74,124,48"/><V92/><F5/><W95/><G1/><T10/><D70/><U128/><E64/><V27/><F27/><W12/><G74/><T121/><D121/><U122/><E49/><V62/><F62/><W45/><G107/><T94/><D37/><U19/><E106/><V65/><F65/><W4/><G109/><T18/><D42/><U30/><E39/><V125/><F123/><W89/><G124/><T86/><D75/><U44/><E44/><V25/><F25/><N who="3" m="16439" /><G45/><T97/><D126/><U101/><E101/><N who="2" m="62631" /><F125/><W127/><G127/><T3/><D132/><U24/><E122/><V0/><F0/><W35/><G35/><T98/><D3/><U135/><E119/><V103/><F115/><W56/><G91/><T41/><D41/><U76/><E76/><N who="2" m="44423" /><F130/><W8/><G4/><T133/><D133/><N who="1" m="50699" /><E112/><V31/><F31/><W118/><G118/><T14/><D32/><U71/><E71/><V117/><F117/><W53/><AGARI ba="1,0" hai="8,12,17,48,51,53,56,60,85,89,95" m="16439" machi="53" ten="30,4000,0" yaku="8,1,52,2" doraHai="46" who="3" fromWho="3" sc="412,-11,17,-11,418,-21,153,43" />
</Scene>
<Scene>
<INIT seed="7,0,0,3,0,112" ten="401,6,397,196" oya="3" hai0="129,70,116,92,5,109,34,134,47,113,96,122,85" hai1="114,86,31,10,53,63,19,117,97,26,84,69,111" hai2="15,94,128,21,133,45,17,3,7,59,33,9,79" hai3="48,38,102,123,120,115,106,2,42,12,119,131,103"/><W37/><G2/><T62/><D122/><U50/><E97/><V90/><F79/><W40/><G12/><T108/><D116/><U110/><E114/><V101/><F133/><W98/><G115/><T74/><D74/><U13/><E84/><N who="2" m="52551" /><F101/><W78/><G78/><T36/><D113/><U54/><E86/><V20/><F128/><W27/><G27/><T1/><D34/><U75/><E75/><V93/><F45/><W49/><G98/><T25/><D85/><U99/><E99/><V58/><F21/><W18/><G18/><T24/><D134/><U126/><E69/><V81/><F93/><W4/><G4/><T66/><D129/><U44/><E63/><V127/><F127/><W65/><G65/><T68/><D68/><U0/><E44/><V64/><F64/><W30/><G30/><T95/><D95/><U28/><E53/><V57/><F81/><W121/><G121/><T41/><D109/><U91/><E54/><V105/><F105/><W72/><G72/><T100/><REACH who="0" step="1"/><D108/><REACH who="0" ten="391,6,397,196" step="2"/><U107/><E107/><V60/><F33/><W124/><G106/><T51/><D51/><U118/><E50/><V104/><F104/><W89/><G131/><T6/><D6/><N who="1" m="1351" /><E126/><V11/><F60/><W55/><G55/><T56/><D56/><U82/><E82/><V29/><F59/><W76/><G124/><T130/><D130/><U52/><E52/><V83/><F83/><W22/><G76/><T43/><D43/><U87/><E87/><V80/><F80/><W77/><G77/><T46/><D46/><U135/><E110/><V125/><F125/><RYUUKYOKU ba="0,1" sc="391,15,6,-15,397,15,196,-15" hai0="1,5,24,25,36,41,47,62,66,70,92,96,100" hai2="3,7,9,11,15,17,20,29,57,58" owari="406,21.0,-9,-51.0,422,52.0,181,-22.0" />
</Scene>
</mjloggm>