<mjloggm ver="2.3"><GO type="233" lobby="0"/><UN n0="%E3%82%AB%E3%83%9D%E3%83%8D%E5%9B%A3%E3%81%AE%E5%85%84%E8%B2%B4" n1="%E5%A4%AA%E3%81%8F%E3%81%AA%E3%81%84%E3%81%8A" n2="%E3%81%8A%E7%9F%A5%E3%82%89%E3%81%9B" n3="%4D%6F%67%65%72%61" dan="17,18,16,16" rate="2145.56,2274.55,2115.81,2073.63" sx="M,F,M,F"/><TAIKYOKU oya="0"/>

<Scene>
<INIT seed="0,0,0,0,5,133" ten="250,250,250,250" oya="0" hai0="90,61,50,111,18,43,27,86,15,5,107,32,16" hai1="10,54,82,100,53,104,92,46,123,113,36,87,116" hai2="85,14,76,99,2,109,68,64,0,23,80,60,105" hai3="59,55,96,128,65,11,28,63,84,19,131,22,89"/><T79/><D107/><U71/><E116/><V114/><F114/><W24/><G96/><T3/><D3/><U13/><E71/><V73/><F109/><W95/><G128/><T120/><D120/><U93/><E123/><V40/><F40/><W26/><G131/><T81/><D111/><U17/><E113/><V57/><F68/><W130/><G130/><T132/><D132/><U48/><E36/><V108/><F108/><W7/><G26/><T58/><D32/><U125/><E125/><V29/><F73/><W8/><G28/><T134/><D27/><U135/><E135/><V30/><F30/><W41/><G41/><T127/><D127/><U31/><E31/><V70/><F70/><W9/><REACH who="3" step="1"/><G65/><REACH who="3" ten="250,250,250,240" step="2"/><N who="0" m="39095" /><D134/><U122/><E122/><V66/><F29/><W110/><G110/><T42/><D42/><U56/><E104/><V45/><F66/><W83/><G83/><T101/><D101/><U118/><E100/><V75/><F105/><W88/><G88/><T124/><D90/><N who="1" m="51575" /><E118/><V94/><F99/><W91/><G91/><T72/><D124/><U115/><E115/><V103/><F103/><W39/><G39/><T35/><D35/><U126/><E126/><V98/><F98/><W106/><G106/><T129/><D129/><U34/><E34/><V20/><F80/><W51/><G51/><AGARI ba="0,1" hai="10,13,17,46,48,51,53,54,56,92,93" m="51575" machi="51" ten="30,2000,0" yaku="25,1,8,1" doraHai="133" who="1" fromWho="3" sc="250,0,250,30,250,0,240,-20" />
</Scene>
<Scene>
<INIT seed="1,0,0,1,2,124" ten="250,280,250,220" oya="1" hai0="74,72,86,118,112,71,8,75,53,83,38,92,63" hai1="4,85,22,94,3,101,51,20,119,97,34,68,11" hai2="80,24,81,69,32,135,62,50,116,28,89,123,91" hai3="15,127,122,41,115,26,48,19,14,117,64,60,10"/><U76/><E119/><V5/><F116/><W39/><G122/><T1/><D118/><U17/><E34/><V7/><F123/><W25/><G117/><T46/><D92/><U31/><E68/><V107/><F107/><W113/><G39/><T36/><D112/><U33/><E51/><V73/><F135/><W88/><G127/><T40/><D36/><U130/><E130/><V59/><F69/><W105/><G105/><T66/><D53/><U13/><E22/><V27/><F50/><W30/><G15/><T98/><D98/><U121/><E121/><V54/><F27/><W111/><G111/><T21/><D21/><U120/><E120/><V52/><F54/><W56/><G26/><T77/><D86/><U70/><E70/><V95/><F89/><W82/><G48/><T49/><D49/><U133/><E133/><V55/><F55/><W93/><G82/><T18/><D18/><U114/><E114/><V131/><F131/><W110/><G41/><T37/><D37/><U35/><REACH who="1" step="1"/><E31/><REACH who="1" ten="250,270,250,220" step="2"/><V16/><F32/><W58/><G110/><T6/><AGARI ba="0,1" hai="1,6,8,38,40,46,63,66,71,72,74,75,77,83" machi="6" ten="30,12000,2" yaku="0,1,25,2,33,3" doraHai="124" who="0" fromWho="0" sc="250,130,270,-60,250,-30,220,-30" />
</Scene>
<Scene>
<INIT seed="2,0,0,0,1,34" ten="380,210,220,190" oya="2" hai0="66,112,76,39,103,107,92,17,19,65,52,59,58" hai1="33,18,6,73,62,38,129,106,120,63,10,77,7" hai2="75,31,134,110,132,114,42,21,49,123,24,74,79" hai3="99,30,102,71,51,131,124,5,47,126,9,125,60"/><V15/><F123/><W61/><G30/><T11/><D107/><U36/><E106/><V130/><F114/><W4/><G131/><T16/><D39/><U87/><E73/><V48/><F130/><W83/><G83/><T25/><D76/><U115/><E33/><V22/><F79/><W109/><G109/><T64/><D112/><U28/><E28/><V29/><F15/><W0/><G5/><T121/><D121/><U78/><E129/><V119/><F42/><W70/><G61/><T90/><D103/><U80/><E115/><V23/><F119/><W88/><G60/><N who="0" m="35911" /><D59/><U93/><E36/><V13/><F13/><W84/><G102/><T2/><D2/><U96/><E38/><V40/><F40/><W127/><G99/><N who="0" m="57751" /><D11/><U53/><E78/><V14/><F14/><W118/><G118/><T8/><D8/><U69/><E69/><V68/><F68/><W101/><G101/><T27/><AGARI ba="0,0" hai="16,17,19,25,27,64,65,66" m="57751,35911" machi="27" ten="40,5200,0" yaku="8,1,54,2" doraHai="34" who="0" fromWho="0" sc="380,52,210,-13,220,-26,190,-13" />
</Scene>
<Scene>
<INIT seed="3,0,0,3,5,73" ten="432,197,194,177" oya="3" hai0="56,128,10,48,81,115,105,16,47,122,111,93,68" hai1="43,99,6,22,62,21,79,117,106,96,14,40,63" hai2="55,0,77,118,129,17,32,84,125,133,33,38,12" hai3="119,64,76,28,95,59,107,89,80,97,26,42,98"/><W51/><G119/><T24/><D105/><U126/><E106/><V25/><F0/><W75/><G42/><T123/><D68/><U112/><E117/><V54/><F118/><W86/><G107/><T90/><D128/><U41/><E112/><V34/><F133/><W44/><G44/><T114/><D56/><U29/><E126/><V18/><F38/><W101/><G101/><T67/><D67/><U39/><E39/><V36/><F36/><W11/><G11/><T61/><D61/><N who="1" m="23051" /><E79/><V1/><F1/><W121/><G121/><T130/><D81/><U15/><E29/><V109/><F109/><W30/><G64/><T110/><D130/><U131/><E131/><V71/><F71/><W113/><G113/><N who="0" m="43019" /><D122/><U60/><E60/><V78/><F125/><W49/><G30/><T23/><D10/><U70/><E70/><V9/><F129/><W74/><G74/><T88/><D123/><U57/><E57/><V2/><F2/><W5/><G5/><T108/><D93/><U100/><E6/><V92/><F92/><W120/><G120/><T58/><D58/><U134/><E134/><V127/><F127/><W45/><G45/><T116/><D116/><U7/><E7/><V94/><F94/><W3/><G3/><T31/><D31/><U52/><E100/><V69/><F69/><W35/><REACH who="3" step="1"/><G59/><REACH who="3" ten="432,197,194,167" step="2"/><T46/><D46/><U91/><E41/><AGARI ba="0,1" hai="16,23,24,41,47,48,88,90,108,110,111" m="43019" machi="41" ten="40,8000,1" yaku="14,1,11,1,54,2" doraHai="73" who="0" fromWho="1" sc="432,90,197,-80,194,0,167,0" />
</Scene>
<Scene>
<INIT seed="4,0,0,0,5,118" ten="522,117,194,167" oya="0" hai0="74,57,101,8,40,110,1,96,73,95,44,34,107" hai1="72,43,111,51,130,63,89,129,33,94,41,37,83" hai2="102,106,92,11,70,31,86,24,103,35,76,133,7" hai3="53,87,122,25,27,134,105,56,108,62,21,0,60"/><T80/><D34/><U20/><E33/><V135/><F70/><W82/><G108/><T50/><D110/><U90/><E111/><V38/><F38/><W100/><G0/><T23/><D23/><U28/><E37/><V68/><F68/><W121/><G134/><N who="2" m="51209" /><F106/><W26/><G100/><T12/><D1/><U75/><E63/><V18/><F18/><W6/><G6/><T84/><D57/><U32/><E32/><V132/><F132/><W19/><G105/><T58/><D58/><U116/><E116/><V64/><F64/><W59/><G87/><T81/><D81/><U54/><E20/><V109/><F109/><W61/><G82/><T15/><D15/><U79/><E28/><V42/><F42/><W113/><G113/><T124/><D124/><U123/><E75/><V47/><F47/><W65/><REACH who="3" step="1"/><G61/><REACH who="3" ten="522,117,194,157" step="2"/><T67/><D107/><U97/><E90/><N who="2" m="53335" /><F76/><W131/><G131/><N who="1" m="50186" /><E123/><AGARI ba="0,1" hai="19,21,25,26,27,53,56,59,60,62,65,121,122,123" machi="123" ten="40,8000,1" yaku="1,1,13,1,52,3,53,0" doraHai="118" doraHaiUra="120" who="3" fromWho="1" sc="522,0,117,-80,194,0,157,90" />
</Scene>
<Scene>
<INIT seed="5,0,0,4,3,64" ten="522,37,194,247" oya="1" hai0="131,109,6,117,16,51,95,29,26,110,28,10,60" hai1="38,32,114,12,112,107,67,31,37,15,133,78,71" hai2="21,121,55,61,54,50,116,132,65,3,63,57,72" hai3="24,47,44,8,84,118,111,102,7,123,106,87,99"/><U11/><E107/><V66/><F72/><W93/><G118/><T68/><D117/><U41/><E133/><V4/><F121/><W48/><G111/><T59/><D68/><U104/><E104/><V122/><F122/><W23/><G47/><T115/><D131/><U130/><E130/><V75/><F75/><W74/><G74/><T97/><D51/><U45/><E78/><V9/><F116/><W25/><G106/><T108/><D115/><N who="1" m="44075" /><E38/><V85/><F132/><W53/><G123/><T94/><D94/><U40/><E40/><V96/><F96/><W30/><REACH who="3" step="1"/><G25/><REACH who="3" ten="522,37,194,237" step="2"/><T58/><D109/><U100/><E100/><V127/><F127/><W69/><G69/><T126/><D108/><U18/><E12/><AGARI ba="0,1" hai="7,8,12,23,24,30,44,48,53,84,87,93,99,102" machi="12" ten="30,3900,0" yaku="1,1,7,1,8,1,53,0" doraHai="64" doraHaiUra="73" who="3" fromWho="1" sc="522,0,37,-39,194,0,237,49" owari="522,62.0,-2,-50.0,194,-21.0,286,9.0" />
</Scene>
</mjloggm>