<mjloggm ver="2.3"><GO type="169" lobby="0"/><UN n0="%E5%A4%AA%E3%81%8F%E3%81%AA%E3%81%84%E3%81%8A" n1="%7A%65%6C%64%69%6E%61" n2="%E3%82%A4%E3%83%8B%E3%82%A8%E3%82%B9%E3%82%BF" n3="%E6%99%AE%E8%B3%A2" dan="17,16,18,16" rate="2164.38,2115.57,2227.20,2102.95" sx="M,M,M,F"/><TAIKYOKU oya="0"/>

<Scene>
<INIT seed="0,0,0,1,5,88" ten="250,250,250,250" oya="0" hai0="83,35,105,91,28,38,87,117,3,48,8,78,7" hai1="103,29,89,90,109,112,51,26,18,99,40,75,23" hai2="64,100,110,14,74,27,32,135,71,124,134,62,44" hai3="4,24,125,121,36,9,65,39,45,127,52,46,21"/><T108/><D38/><N who="3" m="14377" /><G65/><T10/><D117/><U1/><E75/><V120/><F120/><W128/><G121/><T67/><D105/><U101/><E1/><V68/><F74/><W106/><G106/><T17/><D67/><U58/><E109/><V55/><F110/><W56/><G128/><T119/><D119/><U131/><E131/><V130/><F130/><W19/><G9/><T113/><D108/><U47/><E112/><V41/><F14/><W37/><G4/><T116/><D116/><U11/><E58/><V30/><F68/><W16/><G19/><T84/><D113/><U129/><E129/><V66/><F66/><W22/><G22/><T86/><D48/><U133/><E133/><N who="2" m="50699" /><F100/><N who="1" m="38473" /><E99/><V60/><F60/><W25/><G25/><T31/><D35/><U80/><E80/><V57/><F71/><W79/><G79/><T115/><D115/><U96/><E96/><V34/><F64/><W53/><G53/><T82/><D86/><U111/><E111/><V43/><F34/><W73/><G73/><T95/><REACH who="0" step="1"/><D82/><REACH who="0" ten="240,250,250,250" step="2"/><U50/><E51/><V107/><F107/><W114/><G114/><T54/><D54/><U94/><E50/><N who="2" m="26911" /><F41/><W15/><G37/><T70/><D70/><U59/><E40/><V42/><F42/><W122/><G122/><T102/><D102/><U93/><E47/><V12/><F55/><W69/><G69/><T33/><D33/><U118/><E118/><V72/><F72/><W98/><G46/><T2/><D2/><U63/><E59/><V6/><F57/><W77/><G45/><T92/><D92/><N who="1" m="35435" /><E63/><V49/><F62/><RYUUKYOKU ba="0,1" sc="240,15,250,15,250,-15,250,-15" hai0="3,7,8,10,17,28,31,78,83,84,87,91,95" hai1="11,18,23,26,29,89,90" />
</Scene>
<Scene>
<INIT seed="0,1,1,4,5,5" ten="255,265,235,235" oya="0" hai0="115,14,38,37,123,56,25,135,50,117,18,30,96" hai1="6,73,43,33,109,19,61,2,27,90,69,131,48" hai2="107,72,99,121,59,79,133,17,41,71,24,67,125" hai3="93,91,119,28,46,87,4,12,102,129,29,126,11"/><T128/><D115/><U78/><E109/><V1/><F59/><W111/><G119/><T122/><D117/><U58/><E131/><V36/><F17/><W86/><G111/><T47/><D128/><U75/><E69/><V95/><F95/><W120/><G129/><T127/><D127/><U54/><E78/><V112/><F24/><W82/><G126/><T51/><D135/><U114/><E114/><V92/><F92/><W21/><G120/><T35/><D96/><U26/><E90/><V32/><F67/><W39/><G21/><T130/><D130/><U68/><E27/><V22/><F22/><W57/><G57/><T116/><D116/><U106/><E106/><V7/><F133/><W63/><G63/><T104/><D104/><U76/><E76/><V62/><F62/><W66/><G66/><T64/><D123/><U53/><E43/><V20/><F20/><W44/><G39/><T13/><D13/><U8/><E19/><V124/><F71/><W103/><G103/><T60/><D51/><U15/><E2/><V101/><F32/><W98/><REACH who="3" step="1"/><G87/><REACH who="3" ten="255,265,235,225" step="2"/><T85/><D85/><U0/><E68/><V132/><F121/><W23/><G23/><T42/><REACH who="0" step="1"/><D122/><REACH who="0" ten="245,265,235,225" step="2"/><U89/><E61/><V105/><F124/><W74/><G74/><T81/><D81/><U84/><E75/><V9/><F125/><W118/><G118/><T77/><D77/><U70/><E73/><V100/><F72/><W134/><G134/><T113/><D113/><U16/><E84/><V10/><F132/><W94/><G94/><T40/><D40/><U83/><E83/><RYUUKYOKU ba="1,3" sc="245,15,265,-15,235,-15,225,15" hai0="14,18,25,30,35,37,38,42,47,50,56,60,64" hai3="4,11,12,28,29,44,46,82,86,91,93,98,102" />
</Scene>
<Scene>
<INIT seed="0,2,3,0,3,76" ten="260,250,220,240" oya="0" hai0="46,24,12,19,23,97,73,75,64,117,128,14,33" hai1="86,101,53,95,52,47,29,108,59,99,103,45,116" hai2="16,109,36,66,20,3,127,6,80,42,85,48,34" hai3="122,0,67,115,58,134,69,61,21,43,123,51,111"/><T124/><D117/><U60/><E108/><V63/><F36/><W125/><G0/><T120/><D120/><N who="3" m="46121" /><G111/><T1/><D1/><U106/><E116/><V35/><F109/><W110/><G110/><T49/><D124/><U94/><E106/><V79/><F127/><W98/><G125/><T71/><D128/><U31/><E86/><V72/><F72/><W87/><G98/><T28/><D14/><U57/><E99/><V37/><F37/><W10/><G10/><T65/><D97/><U4/><E60/><V25/><F6/><AGARI ba="2,3" hai="4,6,29,31,45,47,52,53,57,59,94,95,101,103" machi="6" ten="25,6400,0" yaku="22,2,8,1,54,1" doraHai="76" who="1" fromWho="2" sc="260,0,250,100,220,-70,240,0" />
</Scene>
<Scene>
<INIT seed="1,0,0,0,4,131" ten="260,350,150,240" oya="1" hai0="82,121,128,10,117,100,65,58,133,1,32,47,36" hai1="28,81,94,70,85,86,127,23,109,97,2,66,12" hai2="48,13,45,39,3,107,102,62,89,20,122,64,106" hai3="9,132,0,99,68,44,21,55,8,115,112,52,135"/><U105/><E2/><V33/><F33/><W63/><G99/><T56/><D32/><U120/><E105/><V6/><F122/><W96/><G96/><T129/><D100/><U116/><E116/><V5/><F39/><W98/><G98/><T124/><D82/><U101/><E120/><V41/><F102/><W19/><G68/><T31/><D31/><U74/><E127/><V37/><F6/><W27/><G63/><T25/><D25/><U71/><E109/><V93/><F3/><W22/><G0/><T77/><D77/><U14/><E74/><V104/><F37/><W111/><G111/><T54/><D121/><U17/><E28/><V24/><F13/><W90/><G90/><T49/><D10/><N who="3" m="4201" /><G22/><T125/><D1/><U57/><E12/><V29/><F5/><W108/><G108/><T118/><D36/><U35/><E35/><V46/><F46/><W113/><G44/><T69/><D69/><U38/><E38/><V11/><F11/><W67/><G67/><T110/><D110/><U30/><E66/><V26/><F26/><W88/><G88/><T72/><D65/><U114/><E71/><N who="2" m="42391" /><F89/><W84/><G84/><T87/><D87/><U43/><E86/><V119/><F93/><W53/><G115/><T78/><D125/><U79/><E85/><V4/><F4/><W59/><G59/><N who="0" m="22571" /><D124/><U50/><E70/><V60/><F60/><W7/><G7/><T80/><D118/><U18/><E101/><V40/><F119/><W16/><G19/><T134/><D117/><U123/><E18/><V61/><F61/><W15/><G15/><RYUUKYOKU ba="0,0" sc="260,10,350,-30,150,10,240,10" hai0="47,49,54,72,78,80,128,129,133,134" hai2="20,24,29,40,41,45,48,104,106,107" hai3="16,21,27,52,53,55,112,113,132,135" />
</Scene>
<Scene>
<INIT seed="2,1,0,0,1,10" ten="270,320,160,250" oya="2" hai0="51,40,119,59,50,0,26,110,25,104,112,81,79" hai1="17,52,36,7,4,86,122,9,87,16,65,105,108" hai2="106,22,133,49,70,82,54,53,92,71,60,77,37" hai3="132,69,123,94,21,33,125,98,31,103,58,45,100"/><V19/><F106/><W6/><G69/><T61/><D112/><U124/><E36/><V107/><F107/><W115/><G123/><T62/><D104/><U85/><E105/><V12/><F37/><W118/><G118/><T20/><D0/><U41/><E108/><V24/><F133/><W78/><G115/><T48/><D110/><U18/><E41/><V135/><F135/><W23/><G132/><T74/><D119/><U1/><E124/><V116/><F116/><W68/><G68/><T5/><D5/><U34/><E34/><V96/><F24/><W97/><G125/><T109/><D109/><U72/><E72/><V42/><F42/><W11/><G78/><T57/><D40/><U111/><E111/><V75/><F60/><W55/><G45/><T131/><D131/><U114/><E65/><V130/><F54/><W127/><G127/><T2/><D2/><U102/><E102/><V46/><REACH who="2" step="1"/><F130/><REACH who="2" ten="270,320,150,250" step="2"/><W99/><G55/><T15/><D61/><U35/><E52/><V134/><F134/><W129/><G129/><T113/><D113/><U128/><E128/><V38/><F38/><W14/><G58/><T56/><D62/><U121/><E114/><V47/><F47/><W29/><G33/><T117/><D117/><U44/><E35/><V91/><AGARI ba="1,1" hai="12,19,22,46,49,53,70,71,75,77,82,91,92,96" machi="91" ten="20,18000,2" yaku="1,1,0,1,7,1,52,1,53,2" doraHai="10" doraHaiUra="66" who="2" fromWho="2" sc="270,-61,320,-61,150,193,250,-61" />
</Scene>
<Scene>
<INIT seed="2,2,0,5,1,116" ten="209,259,343,189" oya="2" hai0="23,63,43,60,15,82,93,19,134,111,123,46,64" hai1="110,131,75,40,66,74,67,81,33,85,29,80,98" hai2="1,24,106,50,135,112,57,10,20,0,30,12,55" hai3="48,11,45,90,54,26,130,99,59,97,71,121,105"/><V102/><F112/><W44/><G71/><T124/><D111/><U83/><E110/><V17/><REACH who="2" step="1"/><F135/><REACH who="2" ten="209,259,333,189" step="2"/><W8/><G130/><T2/><D134/><U53/><E131/><V13/><F13/><W115/><G115/><T36/><D2/><U104/><E74/><V62/><F62/><W132/><G132/><T128/><D63/><U7/><E75/><V21/><F21/><W18/><G8/><T16/><D128/><U32/><E33/><V61/><F61/><W42/><G11/><T125/><D15/><U119/><E32/><V91/><F91/><W58/><G90/><T89/><D23/><U77/><E119/><V6/><F6/><W114/><G114/><T51/><D60/><U133/><E7/><V5/><F5/><W56/><G26/><T28/><D89/><U47/><E133/><V9/><F9/><W78/><G78/><T3/><D3/><U68/><E77/><V86/><F86/><W35/><G35/><T72/><D72/><U41/><E85/><V52/><F52/><W108/><G108/><T49/><D125/><U31/><E53/><V118/><F118/><W37/><G54/><T27/><D124/><U73/><E73/><V22/><F22/><W92/><G42/><T76/><D27/><U107/><E41/><V69/><F69/><W84/><G84/><T87/><D76/><U100/><E68/><V94/><F94/><W96/><G92/><T120/><D93/><U126/><E126/><V70/><F70/><W34/><G34/><T14/><D43/><U127/><E127/><V113/><F113/><W4/><G4/><RYUUKYOKU ba="2,1" sc="209,-10,259,-10,333,30,189,-10" hai2="0,1,10,12,17,20,24,30,50,55,57,102,106" />
</Scene>
<Scene>
<INIT seed="2,3,1,5,2,91" ten="199,249,363,179" oya="2" hai0="33,3,10,2,32,5,16,95,66,129,44,108,39" hai1="55,30,87,31,94,89,19,46,40,113,128,13,50" hai2="122,74,62,17,77,118,123,103,42,72,106,28,18" hai3="93,45,4,64,82,65,110,26,111,78,127,54,96"/><V23/><F118/><W21/><G127/><T86/><D3/><U73/><E73/><V60/><F42/><W53/><G4/><T51/><D39/><U22/><E128/><V9/><F28/><W41/><G41/><T59/><D129/><U71/><E71/><V133/><F9/><W29/><G64/><T104/><D104/><U61/><E113/><V112/><F23/><W58/><G65/><T0/><D0/><U38/><REACH who="1" step="1"/><E61/><REACH who="1" ten="199,239,363,179" step="2"/><V102/><F112/><W63/><G111/><T90/><D108/><U67/><E67/><V12/><F62/><W85/><G110/><T14/><D66/><U115/><E115/><V131/><F60/><W76/><G45/><AGARI ba="3,2" hai="13,19,22,30,31,38,40,45,46,50,55,87,89,94" machi="45" ten="30,3900,0" yaku="1,1,7,1,52,1,53,0" doraHai="91" doraHaiUra="52" who="1" fromWho="3" sc="199,0,239,68,363,0,179,-48" />
</Scene>
<Scene>
<INIT seed="3,0,0,4,5,30" ten="199,307,363,131" oya="3" hai0="92,77,67,7,111,27,56,3,60,15,86,43,82" hai1="21,8,128,36,71,45,84,39,114,23,124,10,17" hai2="107,90,13,59,20,11,135,49,69,104,40,85,89" hai3="105,42,51,0,44,80,37,57,32,118,38,48,126"/><W75/><G118/><T122/><D122/><U74/><E74/><V73/><F73/><W78/><G105/><T29/><D111/><U110/><E71/><V91/><F69/><W31/><G126/><T61/><D3/><U18/><E110/><V125/><F135/><W119/><G119/><T115/><D115/><U14/><E114/><V79/><F125/><W28/><G0/><T65/><D43/><U96/><E124/><V62/><F20/><W34/><G57/><T113/><D113/><U133/><E133/><V121/><F121/><W100/><G100/><T99/><D15/><U35/><E35/><V5/><F79/><W93/><G93/><T108/><D7/><U109/><E109/><V2/><F2/><W106/><G106/><T127/><D108/><U66/><E66/><N who="2" m="39263" /><F107/><W98/><G98/><T12/><D12/><U87/><E128/><V19/><F19/><W131/><G38/><T117/><D117/><U72/><E72/><V6/><F6/><W129/><G28/><T52/><D127/><U50/><E96/><V46/><F104/><W112/><G112/><T33/><REACH who="0" step="1"/><D61/><REACH who="0" ten="189,307,363,131" step="2"/><U26/><E36/><V53/><F40/><W95/><G37/><T76/><D76/><U83/><E39/><V102/><F13/><W16/><G42/><T25/><D25/><U47/><E26/><V132/><F132/><W81/><G78/><T120/><D120/><U55/><E14/><V54/><F5/><W101/><G131/><T22/><D22/><U70/><E23/><V116/><F116/><W1/><G129/><T63/><D63/><U58/><E21/><RYUUKYOKU ba="0,1" sc="189,30,307,-10,363,-10,131,-10" hai0="27,29,33,52,56,60,65,67,77,82,86,92,99" />
</Scene>
<Scene>
<INIT seed="4,1,1,4,3,32" ten="219,297,353,121" oya="0" hai0="85,92,7,1,133,46,28,6,106,105,95,8,21" hai1="39,70,112,115,131,135,125,114,76,111,109,22,41" hai2="104,134,55,126,123,78,0,12,101,37,20,42,91" hai3="132,53,45,63,59,113,44,5,127,77,51,54,99"/><T10/><D133/><U97/><E70/><V82/><F123/><W30/><G132/><T43/><D28/><U102/><E135/><V25/><F126/><W47/><G127/><T52/><D21/><U89/><E125/><V26/><F42/><W103/><G113/><T116/><D116/><U74/><E22/><V87/><F37/><W50/><G77/><T119/><D119/><U29/><E29/><V72/><F0/><W73/><G73/><T108/><D108/><U64/><E64/><V62/><F12/><W33/><G5/><T117/><D117/><U71/><E71/><V38/><F38/><W14/><G14/><T84/><D43/><U16/><E16/><V27/><F62/><W4/><G4/><T19/><D19/><U68/><E68/><V61/><F61/><W34/><G30/><T81/><D81/><N who="1" m="45207" /><E89/><V66/><F55/><W90/><G90/><T60/><D60/><U24/><E24/><V130/><F66/><W57/><REACH who="3" step="1"/><G63/><REACH who="3" ten="219,297,353,111" step="2"/><T18/><D18/><U69/><E69/><V100/><F134/><W83/><G83/><T48/><D6/><U31/><E31/><V13/><F82/><W96/><G96/><T40/><D10/><U107/><E131/><V35/><F13/><W49/><G49/><T15/><D15/><U36/><E39/><V86/><F130/><W120/><G120/><T58/><D85/><U17/><E17/><V88/><F86/><W23/><G23/><T2/><D84/><U98/><E97/><V75/><F87/><W129/><G129/><T94/><D2/><U9/><E9/><V56/><F20/><RYUUKYOKU ba="1,2" sc="219,10,297,10,353,-30,111,10" hai0="1,7,8,40,46,48,52,58,92,94,95,105,106" hai1="36,41,98,102,107,109,111,112,114,115" hai3="33,34,44,45,47,50,51,53,54,57,59,99,103" />
</Scene>
<Scene>
<INIT seed="4,2,2,3,2,118" ten="229,307,323,121" oya="0" hai0="12,71,63,64,103,54,41,53,73,28,10,32,57" hai1="69,134,39,82,17,3,129,79,86,70,106,56,104" hai2="7,114,33,105,30,38,83,95,2,121,124,19,98" hai3="99,49,84,76,24,66,119,47,62,75,110,43,26"/><T81/><D41/><U37/><E3/><V133/><F83/><W23/><G119/><T130/><D130/><U131/><E56/><V116/><F95/><W42/><G110/><T127/><D127/><U90/><E17/><V101/><F98/><W35/><G75/><T108/><D108/><U18/><E18/><V51/><F51/><W25/><G35/><T27/><D57/><U52/><E52/><V21/><F101/><W135/><G135/><T4/><REACH who="0" step="1"/><D103/><REACH who="0" ten="219,307,323,121" step="2"/><U16/><E131/><V34/><F124/><W111/><G111/><T72/><D72/><U60/><E129/><V67/><F116/><W0/><G43/><T78/><AGARI ba="2,3" hai="4,10,12,27,28,32,53,54,63,64,71,73,78,81" machi="78" ten="30,3000,0" yaku="1,1,0,1,53,0" doraHai="118" doraHaiUra="91" who="0" fromWho="0" sc="219,66,307,-12,323,-12,121,-12" />
</Scene>
<Scene>
<INIT seed="4,3,0,2,2,127" ten="285,295,311,109" oya="0" hai0="114,74,135,81,119,108,43,77,123,40,97,36,26" hai1="46,22,102,54,27,129,89,75,70,3,12,42,38" hai2="9,134,98,0,83,132,61,64,130,124,105,28,23" hai3="63,84,65,99,58,24,62,73,34,25,57,113,8"/><T125/><D119/><U94/><E3/><V18/><F83/><W118/><G73/><T2/><D123/><U51/><E75/><V122/><F122/><W133/><G118/><T41/><D125/><U78/><E78/><V29/><F105/><W30/><G113/><T96/><D114/><U91/><E70/><V4/><F98/><W59/><G133/><N who="2" m="51305" /><F124/><W115/><G115/><T90/><D135/><U68/><E68/><N who="2" m="41999" /><F130/><W13/><G84/><T53/><D36/><U48/><E12/><AGARI ba="3,0" hai="0,4,9,12,18,23,28,29" m="41999,51305" machi="12" ten="30,1000,0" yaku="20,1" doraHai="127" who="2" fromWho="1" sc="285,0,295,-19,311,19,109,0" />
</Scene>
<Scene>
<INIT seed="5,0,0,0,4,134" ten="285,276,330,109" oya="1" hai0="71,74,69,70,128,24,116,89,67,4,64,10,13" hai1="27,26,17,46,48,15,37,120,6,83,36,57,14" hai2="76,18,0,75,103,114,130,80,133,95,99,105,30" hai3="52,51,68,127,102,7,87,1,77,47,118,11,40"/><U126/><E120/><V78/><F0/><W55/><G118/><T58/><D116/><U90/><E126/><V42/><F30/><W131/><G131/><T54/><D128/><U91/><E36/><V100/><F42/><W113/><G113/><T110/><D110/><U23/><E37/><V82/><F18/><W63/><G102/><T53/><D74/><U38/><E57/><V31/><F31/><W129/><G129/><T39/><D39/><U20/><E38/><V59/><F59/><W12/><G1/><T98/><D24/><U41/><E83/><V22/><F22/><W92/><G127/><T88/><D53/><U49/><E6/><V109/><F130/><W56/><G68/><T62/><REACH who="0" step="1"/><D98/><REACH who="0" ten="275,276,330,109" step="2"/><U72/><E72/><N who="2" m="43015" /><F109/><W104/><G104/><T34/><D34/><U111/><E111/><V66/><F66/><AGARI ba="0,1" hai="4,10,13,54,58,62,64,66,67,69,70,71,88,89" machi="66" ten="40,2600,0" yaku="1,1,54,1,53,0" doraHai="134" doraHaiUra="19" who="0" fromWho="2" sc="275,36,276,0,330,-26,109,0" />
</Scene>
<Scene>
<INIT seed="6,0,0,1,5,97" ten="311,276,304,109" oya="2" hai0="131,19,100,119,34,77,118,111,86,62,3,59,79" hai1="81,125,110,120,61,116,54,64,115,31,129,68,109" hai2="8,1,104,114,30,2,57,41,22,36,132,37,75" hai3="6,71,55,99,91,50,72,80,43,95,135,39,94"/><V26/><F75/><W12/><G135/><T124/><D111/><N who="1" m="42507" /><E31/><V90/><F114/><W84/><G71/><T32/><D3/><U27/><E27/><V82/><F132/><W133/><G133/><T98/><D131/><U53/><E81/><V103/><F57/><W101/><G39/><T46/><D124/><U108/><E108/><V42/><F42/><W23/><G43/><T4/><D19/><U28/><E28/><V35/><F22/><W69/><G69/><T47/><D4/><U25/><E25/><V73/><F90/><W33/><G33/><N who="0" m="12907" /><D86/><U29/><E29/><V112/><F112/><W96/><G72/><T106/><D77/><U65/><E115/><V85/><F85/><W7/><G23/><T76/><D79/><U130/><E125/><V78/><F41/><W67/><G67/><N who="1" m="25674" /><E116/><N who="0" m="44585" /><D76/><U117/><E117/><V15/><F15/><W38/><G12/><T14/><D14/><U102/><E102/><V0/><F8/><W56/><REACH who="3" step="1"/><G38/><REACH who="3" ten="311,276,304,99" step="2"/><T134/><D134/><U122/><E68/><V18/><F36/><W105/><G105/><T40/><D40/><U74/><E74/><V17/><F37/><W49/><G49/><T121/><D121/><N who="1" m="46699" /><E61/><V5/><F104/><W48/><G48/><T70/><D70/><U60/><E60/><V66/><F73/><W128/><G128/><AGARI ba="0,1" hai="53,54,128,129,130" m="46699,25674,42507" machi="128" ten="40,12000,2" yaku="28,2,19,1,13,1,34,2" doraHai="97" who="1" fromWho="3" sc="311,0,276,130,304,0,99,-120" owari="311,11.0,406,51.0,304,-10.0,-21,-52.0" />
</Scene>
</mjloggm>