<mjloggm ver="2.3"><GO type="169" lobby="0"/><UN n0="%E3%83%92%E3%83%84%E3%83%AB%E3%82%B9%E3%83%9A%E3%83%AB%E3%82%AC%E3%83%BC" n1="%72%79%6F%E2%80%A6%31%35" n2="%E7%9B%97%E8%B3%8A%E3%81%AC%E3%81%93" n3="%E5%A4%AA%E3%81%8F%E3%81%AA%E3%81%84%E3%81%8A" dan="16,17,16,17" rate="2134.39,2125.72,2071.44,2180.41" sx="M,M,M,M"/><TAIKYOKU oya="0"/>

<Scene>
<INIT seed="0,0,0,0,4,45" ten="250,250,250,250" oya="0" hai0="62,88,36,64,42,120,116,56,60,117,99,118,125" hai1="57,63,131,11,49,103,55,129,3,72,15,87,48" hai2="43,83,46,102,107,41,77,90,122,114,47,51,32" hai3="67,92,0,33,59,38,86,52,128,39,115,65,21"/><T109/><D120/><U53/><E72/><V91/><F114/><W130/><G33/><T30/><D30/><U69/><E3/><V6/><F122/><W35/><G35/><T74/><D74/><U28/><E28/><V34/><F32/><W85/><G0/><T126/><D109/><U89/><E103/><V127/><F34/><W61/><G21/><T79/><D79/><U113/><E69/><V96/><F6/><W17/><G17/><T93/><REACH who="0" step="1"/><D62/><REACH who="0" ten="240,250,250,250" step="2"/><U22/><E113/><V54/><F127/><W4/><G115/><T14/><D14/><U101/><E63/><V135/><F135/><W81/><G130/><T71/><D71/><U121/><E121/><V24/><F24/><W7/><G128/><T133/><D133/><U23/><E131/><V13/><F13/><W94/><G61/><T40/><D40/><U70/><E129/><V27/><F27/><W2/><G2/><T112/><D112/><U123/><E70/><V58/><F41/><W75/><G75/><T18/><D18/><N who="1" m="8575" /><E123/><V104/><F43/><W98/><G4/><T50/><D50/><U97/><E97/><V100/><F77/><W132/><G7/><T44/><AGARI ba="0,1" hai="36,42,44,56,60,64,88,93,99,116,117,118,125,126" machi="44" ten="40,7800,0" yaku="1,1,0,1,54,1,53,0" doraHai="45" doraHaiUra="78" who="0" fromWho="0" sc="240,88,250,-26,250,-26,250,-26" />
</Scene>
<Scene>
<INIT seed="0,1,0,1,5,111" ten="328,224,224,224" oya="0" hai0="87,20,69,133,75,105,102,108,50,55,71,127,4" hai1="72,122,126,131,80,101,78,52,70,97,1,103,35" hai2="26,89,59,91,112,64,8,67,10,54,2,25,19" hai3="63,46,66,86,48,117,53,61,42,5,73,88,93"/><T115/><D75/><U32/><E1/><V90/><F112/><W21/><G117/><T47/><D115/><U43/><E122/><V38/><F38/><W27/><G73/><T106/><D127/><U123/><E123/><V28/><F2/><W85/><G5/><T22/><D133/><U94/><E126/><V116/><F116/><W83/><G42/><T16/><D4/><U17/><E131/><V118/><F118/><W120/><G120/><T125/><D125/><U58/><E70/><V40/><F40/><W84/><G66/><N who="2" m="25129" /><F28/><W45/><G45/><T3/><D3/><U41/><E103/><V98/><F98/><W36/><G36/><T0/><D0/><U107/><E43/><V113/><F113/><W79/><REACH who="3" step="1"/><G84/><REACH who="3" ten="328,224,224,214" step="2"/><T81/><D108/><U39/><E41/><V7/><F7/><W132/><G132/><T44/><D47/><U29/><E39/><V114/><F114/><W33/><G33/><T31/><D44/><U34/><E35/><V24/><F19/><AGARI ba="1,1" hai="19,21,27,46,48,53,61,63,79,83,85,86,88,93" machi="19" ten="30,7700,0" yaku="1,1,7,1,8,1,54,1,53,0" doraHai="111" doraHaiUra="37" who="3" fromWho="2" sc="328,0,224,0,224,-80,214,90" />
</Scene>
<Scene>
<INIT seed="1,0,0,3,5,43" ten="328,224,144,304" oya="1" hai0="105,89,0,82,28,3,9,78,83,93,118,51,77" hai1="103,113,42,98,124,27,11,26,35,104,12,73,116" hai2="108,134,18,94,86,20,7,10,128,133,127,62,21" hai3="106,55,61,100,46,80,57,115,64,36,60,119,29"/><U109/><E116/><V52/><F108/><W84/><G115/><T14/><D105/><U40/><E113/><V48/><F127/><W70/><G119/><T54/><D28/><U50/><E124/><V39/><F39/><W56/><G29/><T2/><D118/><U5/><E35/><V25/><F128/><W117/><G117/><T131/><D131/><U95/><E73/><V69/><F21/><W75/><G75/><T33/><D33/><U92/><E109/><V31/><F31/><W63/><G100/><T125/><D125/><U22/><E27/><V79/><F69/><W53/><G106/><T114/><D114/><U65/><E65/><V67/><F67/><N who="3" m="41319" /><G84/><T110/><D110/><U59/><E42/><V8/><F62/><N who="3" m="37959" /><G80/><T34/><D34/><U47/><REACH who="1" step="1"/><E59/><REACH who="1" ten="328,214,144,304" step="2"/><V16/><F133/><W107/><G57/><T19/><D54/><N who="3" m="20489" /><G107/><T129/><D129/><U99/><E99/><V102/><F134/><W68/><G68/><T97/><D78/><U17/><AGARI ba="0,1" hai="5,11,12,17,22,26,40,47,50,92,95,98,103,104" machi="17" ten="20,7800,0" yaku="1,1,0,1,7,1,52,1,53,0" doraHai="43" doraHaiUra="81" who="1" fromWho="1" sc="328,-26,214,88,144,-26,304,-26" />
</Scene>
<Scene>
<INIT seed="1,1,0,0,3,92" ten="302,302,118,278" oya="1" hai0="73,16,129,61,11,76,13,53,21,102,6,74,124" hai1="96,88,34,63,52,50,56,103,14,17,59,20,67" hai2="118,111,127,133,123,5,28,89,90,79,71,64,38" hai3="84,45,42,87,66,85,68,86,36,37,22,97,32"/><U128/><E34/><V107/><F79/><W109/><G32/><T12/><D124/><U78/><E128/><V105/><F5/><W130/><G130/><T80/><D129/><U112/><E112/><V100/><F28/><W47/><G109/><T106/><D74/><U82/><E88/><V95/><F95/><W126/><G126/><T91/><D91/><U54/><E67/><V98/><F38/><W69/><G22/><T57/><REACH who="0" step="1"/><D102/><REACH who="0" ten="292,302,118,278" step="2"/><U15/><E15/><V1/><F89/><W0/><G0/><T55/><D55/><U3/><E3/><V134/><F90/><W18/><G84/><T29/><D29/><U72/><E103/><V115/><F127/><W70/><G85/><T2/><D2/><U108/><E108/><V83/><F1/><W125/><G86/><T117/><D117/><U101/><E101/><V131/><F118/><W9/><G87/><T121/><D121/><U113/><E113/><V99/><F123/><W135/><G125/><T31/><D31/><U24/><E14/><V8/><F115/><W43/><G66/><T7/><D7/><U110/><E110/><V62/><F111/><W94/><G18/><T114/><D114/><U48/><E63/><V41/><F131/><W33/><G43/><T116/><D116/><U60/><E60/><V65/><F100/><W30/><G42/><T4/><D4/><U39/><E39/><V77/><F41/><W119/><G36/><T120/><D120/><U40/><E40/><V46/><F65/><W26/><G37/><T49/><D49/><U44/><E44/><V75/><F46/><RYUUKYOKU ba="1,1" sc="292,15,302,15,118,-15,278,-15" hai0="6,11,12,13,16,21,53,57,61,73,76,80,106" hai1="17,20,24,48,50,52,54,56,59,72,78,82,96" />
</Scene>
<Scene>
<INIT seed="1,2,1,4,1,117" ten="307,317,103,263" oya="1" hai0="57,116,109,63,118,46,56,48,25,3,73,50,119" hai1="114,125,53,10,95,84,13,76,31,37,14,22,64" hai2="100,45,111,86,110,12,80,0,44,107,5,8,77" hai3="112,26,115,30,51,93,133,28,58,82,102,98,52"/><U90/><E37/><V130/><F130/><W94/><G133/><T129/><D3/><U96/><E114/><V123/><F123/><W38/><G38/><T42/><D73/><U67/><E125/><V21/><F100/><W35/><G30/><T6/><D6/><U17/><E31/><V16/><REACH who="2" step="1"/><F107/><REACH who="2" ten="307,317,93,263" step="2"/><W68/><G112/><T128/><D109/><AGARI ba="2,2" hai="0,5,8,12,16,21,44,45,77,80,86,109,110,111" machi="109" ten="40,8000,1" yaku="1,1,2,1,14,1,54,1,53,0" doraHai="117" doraHaiUra="87" who="2" fromWho="0" sc="307,-86,317,0,93,106,263,0" />
</Scene>
<Scene>
<INIT seed="2,0,0,4,1,30" ten="221,317,199,263" oya="2" hai0="86,63,22,82,4,78,60,6,65,114,126,18,80" hai1="72,12,19,36,64,24,26,95,49,54,117,9,79" hai2="8,61,45,52,34,112,1,37,111,74,17,31,96" hai3="29,66,13,113,55,121,105,92,135,10,42,101,104"/><V132/><F112/><W28/><G121/><T20/><D114/><U127/><E36/><V99/><F74/><W129/><G113/><T14/><D126/><U57/><E127/><V27/><F132/><W40/><G66/><T97/><D97/><U48/><E117/><V122/><F122/><W67/><G67/><T123/><D123/><U106/><E106/><V15/><F1/><W47/><G104/><T94/><D94/><U7/><E64/><V110/><F37/><W69/><G69/><T90/><D22/><U102/><E79/><V98/><REACH who="2" step="1"/><F61/><REACH who="2" ten="221,317,189,263" step="2"/><W93/><G135/><T46/><D63/><U11/><E72/><V3/><F3/><W83/><G129/><T100/><D60/><U38/><E38/><V5/><F5/><W77/><G101/><T32/><D100/><U84/><E102/><V58/><F58/><W39/><G39/><T91/><D6/><U51/><E7/><V118/><F118/><W128/><G128/><T70/><D4/><U56/><E57/><V71/><F71/><W81/><G47/><T62/><D46/><U50/><E56/><V59/><F59/><W124/><G124/><T109/><D70/><U107/><E107/><V44/><F44/><W116/><G105/><T76/><D62/><U0/><E0/><V68/><F68/><W130/><G130/><T131/><D131/><U133/><E133/><V53/><F53/><W85/><G55/><T33/><D65/><U2/><E54/><V89/><F89/><W16/><G116/><T108/><D90/><N who="1" m="53703" /><E51/><AGARI ba="0,1" hai="8,15,17,27,31,34,45,51,52,96,98,99,110,111" machi="51" ten="40,12000,1" yaku="1,1,52,1,54,1,53,1" doraHai="30" doraHaiUra="23" who="2" fromWho="1" sc="221,0,317,-120,189,130,263,0" />
</Scene>
<Scene>
<INIT seed="2,1,0,1,2,20" ten="221,197,319,263" oya="2" hai0="31,48,99,23,119,27,3,16,118,19,130,26,92" hai1="108,126,32,18,50,42,1,77,76,17,103,5,55" hai2="33,87,115,38,127,117,101,41,104,11,61,67,60" hai3="57,62,45,58,49,63,0,91,93,44,35,94,112"/><V30/><F115/><W8/><G35/><T70/><D70/><U129/><E108/><V100/><F117/><N who="0" m="44554" /><D3/><U14/><E32/><V124/><F41/><W54/><G112/><T113/><D113/><U12/><E42/><V53/><F38/><W80/><G0/><T43/><D130/><U125/><E129/><V78/><F104/><W46/><G8/><T88/><D27/><U96/><E5/><V2/><F30/><W128/><G128/><T131/><D131/><U24/><E1/><V65/><F33/><W81/><G49/><T133/><D133/><U116/><E116/><V21/><F21/><W105/><G105/><T72/><D72/><U89/><E89/><V66/><F53/><N who="3" m="34095" /><G94/><T34/><D34/><U69/><E69/><V4/><F100/><W120/><G120/><T37/><D37/><U110/><E110/><V6/><F101/><W106/><G106/><T28/><D28/><U51/><E55/><V83/><REACH who="2" step="1"/><F6/><REACH who="2" ten="221,197,309,263" step="2"/><W56/><G54/><T52/><D43/><U15/><E103/><V25/><F25/><W107/><G107/><T74/><D74/><U135/><E24/><V90/><F90/><W84/><G63/><AGARI ba="1,1" hai="2,4,11,60,61,63,65,66,67,78,83,87,124,127" machi="63" ten="40,12000,1" yaku="1,1,53,3" doraHai="20" doraHaiUra="59" who="2" fromWho="3" sc="221,0,197,0,309,133,263,-123" />
</Scene>
<Scene>
<INIT seed="2,2,0,1,5,41" ten="221,197,442,140" oya="2" hai0="124,105,56,1,61,8,79,91,70,40,39,4,82" hai1="125,63,119,60,99,49,24,25,120,93,33,64,52" hai2="51,134,55,123,29,15,16,38,88,13,80,109,98" hai3="122,69,31,14,46,6,133,92,127,34,74,126,132"/><V103/><F38/><W76/><G69/><T96/><D124/><N who="3" m="47657" /><G92/><T116/><D70/><U112/><E119/><V44/><F123/><W85/><G85/><T7/><D7/><U135/><E112/><V94/><F134/><N who="3" m="51819" /><G76/><T113/><D113/><U106/><E33/><V73/><F109/><W75/><G122/><T128/><D128/><U37/><E37/><V42/><F73/><N who="3" m="27659" /><G6/><T100/><D116/><U107/><E120/><V20/><F29/><W114/><G114/><T68/><D68/><U71/><E93/><V35/><F35/><W50/><G14/><T131/><D79/><U45/><E71/><V2/><F2/><W53/><G34/><T28/><D1/><U18/><E125/><V12/><F42/><W48/><G31/><T66/><D28/><U83/><E135/><V26/><F12/><W43/><G53/><T108/><D4/><U117/><E52/><V10/><F10/><W111/><G111/><T77/><D108/><U104/><E104/><V57/><F57/><W36/><AGARI ba="2,0" hai="36,43,46,48,50" m="27659,51819,47657" machi="36" ten="40,5200,0" yaku="18,1,20,1,52,1" doraHai="41" who="3" fromWho="3" sc="221,-15,197,-15,442,-28,140,58" />
</Scene>
<Scene>
<INIT seed="3,0,0,5,4,88" ten="206,182,414,198" oya="3" hai0="119,40,118,89,3,78,97,45,46,108,120,42,106" hai1="30,80,28,25,62,74,134,132,133,116,84,81,34" hai2="77,1,67,70,9,52,36,55,17,72,64,79,93" hai3="124,85,112,59,122,21,92,75,39,61,114,53,18"/><W99/><G75/><T10/><D120/><U15/><E116/><V125/><F36/><W11/><G122/><T47/><D78/><N who="2" m="29706" /><F72/><W87/><G39/><T58/><D108/><U43/><E74/><V50/><F1/><W83/><G11/><T107/><D58/><U73/><E73/><V66/><F70/><W5/><G5/><T113/><D113/><U20/><E43/><V57/><F125/><W101/><G124/><T24/><D24/><N who="1" m="18759" /><E84/><V37/><F37/><W117/><G117/><T91/><D46/><U129/><E129/><V32/><F32/><W4/><G4/><T8/><REACH who="0" step="1"/><D97/><REACH who="0" ten="196,182,414,198" step="2"/><U35/><E62/><V41/><F57/><W31/><G85/><T23/><D23/><U6/><E20/><V130/><F64/><W63/><G63/><T48/><D48/><U27/><E27/><V7/><F50/><W100/><G114/><T94/><D94/><U12/><E81/><V109/><F93/><W14/><G112/><T16/><D16/><U44/><E80/><V104/><F17/><W115/><G115/><T131/><D131/><U51/><E51/><V121/><F130/><W103/><REACH who="3" step="1"/><G31/><REACH who="3" ten="196,182,414,188" step="2"/><T60/><D60/><U22/><E133/><V54/><F121/><W96/><G96/><T13/><D13/><U105/><E15/><V102/><F7/><W65/><G65/><T128/><D128/><U98/><E12/><V69/><F66/><W19/><G19/><T49/><D49/><U68/><E6/><V126/><F67/><W33/><G33/><T82/><D82/><U86/><E35/><V71/><F126/><W90/><AGARI ba="0,2" hai="14,18,21,53,59,61,83,87,90,92,99,100,101,103" machi="90" ten="20,18000,2" yaku="1,1,5,1,0,1,7,1,8,1,52,1,53,0" doraHai="88" doraHaiUra="123" who="3" fromWho="3" sc="196,-60,182,-60,414,-60,188,200" />
</Scene>
<Scene>
<INIT seed="3,1,0,4,1,113" ten="136,122,354,388" oya="3" hai0="95,86,73,35,104,61,94,111,47,99,91,105,103" hai1="100,22,82,117,43,9,121,118,126,48,25,106,10" hai2="52,3,28,131,64,108,24,18,11,15,102,130,119" hai3="4,44,85,23,72,55,40,70,49,120,109,124,5"/><W66/><G72/><T96/><D35/><U13/><E121/><V21/><F64/><W27/><G120/><T115/><D61/><U90/><E100/><V79/><F79/><W128/><G128/><N who="2" m="49193" /><F102/><W36/><G124/><T101/><D47/><N who="1" m="25727" /><E106/><N who="0" m="41065" /><D115/><U78/><E90/><V17/><F108/><W67/><G85/><T87/><D111/><U53/><E53/><V42/><F42/><W45/><G109/><T129/><D129/><U8/><E126/><V12/><F52/><W63/><REACH who="3" step="1"/><G66/><REACH who="3" ten="136,122,354,378" step="2"/><T107/><D73/><U39/><E78/><V7/><F119/><N who="1" m="45577" /><E39/><V56/><F56/><W80/><G80/><T84/><AGARI ba="1,1" hai="84,86,87,91,94,95,96,99,101,103,107" m="41065" machi="84" ten="30,8000,1" yaku="35,5" doraHai="113" who="0" fromWho="0" sc="136,93,122,-21,354,-21,378,-41" />
</Scene>
<Scene>
<INIT seed="4,0,0,4,5,32" ten="229,101,333,337" oya="0" hai0="11,123,131,92,112,129,111,134,22,10,23,130,25" hai1="56,67,3,84,33,122,99,31,97,73,127,20,53" hai2="86,48,72,83,68,102,60,81,71,50,29,44,12" hai3="6,89,95,55,82,16,121,104,133,98,115,51,125"/><T43/><D43/><U91/><E73/><V35/><F102/><W65/><G115/><T27/><D92/><U118/><E122/><V126/><F126/><W77/><G125/><T34/><D123/><U4/><E127/><V19/><F29/><W109/><G121/><T49/><D49/><U116/><E33/><V28/><F72/><W17/><G109/><T101/><D101/><U14/><E67/><V80/><F28/><W40/><G133/><T63/><D63/><U96/><E31/><V87/><F35/><W76/><G40/><T103/><D103/><U2/><E116/><V120/><F120/><W135/><G104/><T26/><D112/><U0/><E118/><V57/><F71/><W61/><G6/><T93/><D93/><U70/><E70/><V52/><F68/><W30/><G30/><T107/><D107/><U64/><E64/><V36/><F36/><W42/><G42/><T39/><D39/><U9/><E20/><N who="0" m="7721" /><D34/><U18/><E4/><V69/><F69/><W47/><G135/><T1/><D134/><U132/><E132/><V78/><F44/><W59/><REACH who="3" step="1"/><G76/><REACH who="3" ten="229,101,333,327" step="2"/><T85/><D111/><U37/><E37/><V7/><F7/><W74/><AGARI ba="0,1" hai="16,17,47,51,55,59,61,65,74,77,82,89,95,98" machi="74" ten="20,12000,2" yaku="1,1,2,1,0,1,7,1,54,1,53,1" doraHai="32" doraHaiUra="75" who="3" fromWho="3" sc="229,-60,101,-30,333,-30,327,130" />
</Scene>
<Scene>
<INIT seed="5,0,0,3,1,125" ten="169,71,303,457" oya="1" hai0="16,31,70,41,90,105,20,25,108,3,9,51,21" hai1="28,27,52,82,65,74,85,35,124,68,132,123,103" hai2="111,43,107,106,46,60,99,8,57,42,128,2,32" hai3="34,104,88,53,98,15,4,94,84,87,5,81,67"/><U100/><E123/><V40/><F32/><W66/><G34/><T55/><D105/><U75/><E124/><V61/><F111/><W120/><G120/><T17/><D70/><U29/><E29/><V10/><F46/><W24/><G24/><T71/><D71/><U50/><E132/><V73/><F73/><W62/><G104/><T118/><D108/><U129/><E75/><V130/><F2/><W54/><G84/><T126/><D118/><U63/><E74/><V7/><F7/><N who="3" m="2635" /><G15/><T117/><D117/><U26/><E26/><V89/><F89/><N who="3" m="55631" /><G62/><N who="2" m="24169" /><F57/><W14/><G14/><T92/><D3/><U86/><E129/><N who="2" m="49771" /><F99/><W39/><G39/><T131/><D131/><U113/><E113/><V95/><F95/><W13/><G13/><T133/><D126/><U110/><E110/><V36/><F36/><W134/><G134/><T19/><D133/><U135/><E135/><V114/><F114/><W12/><G12/><T59/><D92/><U49/><E49/><V79/><F79/><W97/><G97/><T76/><D76/><U91/><REACH who="1" step="1"/><E86/><REACH who="1" ten="169,61,303,457" step="2"/><V83/><F83/><W119/><G119/><T38/><D51/><U30/><E30/><V77/><F8/><W116/><G116/><T69/><D9/><U0/><E0/><V72/><F10/><W11/><G11/><T23/><D31/><U102/><E102/><V109/><F109/><W121/><G121/><T37/><D38/><U18/><E18/><V80/><AGARI ba="0,1" hai="40,42,43,72,77,80,106,107" m="49771,24169" machi="80" ten="40,8000,1" yaku="19,1,52,3" doraHai="125" who="2" fromWho="2" sc="169,-20,61,-40,303,90,457,-20" />
</Scene>
<Scene>
<INIT seed="6,0,0,5,1,61" ten="149,21,393,437" oya="2" hai0="106,119,52,0,103,73,33,101,92,53,39,71,124" hai1="35,108,47,128,24,5,14,94,107,6,7,135,41" hai2="10,46,77,131,32,99,80,117,58,11,43,42,82" hai3="130,104,91,126,59,49,90,37,125,74,9,56,16"/><V113/><F117/><W123/><G37/><T75/><D39/><U28/><E107/><V34/><F113/><W72/><G104/><T133/><D106/><U36/><E108/><V110/><F131/><W63/><G123/><T17/><D33/><U66/><E128/><V31/><F110/><W62/><G130/><T134/><D0/><U132/><E94/><V3/><F99/><W87/><G49/><T30/><D30/><U116/><E116/><V2/><F58/><W21/><G9/><T25/><D71/><U85/><E85/><V67/><F46/><W51/><G51/><T22/><D119/><U57/><REACH who="1" step="1"/><E14/><REACH who="1" ten="149,11,393,437" step="2"/><V69/><F77/><W8/><G87/><T129/><D129/><U48/><E48/><V27/><F2/><W86/><G86/><T84/><D84/><U122/><E122/><V118/><F3/><W76/><G76/><T115/><D92/><U1/><E1/><V120/><F118/><W18/><G74/><T12/><D75/><U23/><E23/><V83/><F120/><W20/><G72/><T70/><D73/><U13/><E13/><V19/><F34/><W54/><G8/><T44/><D12/><U95/><E95/><V97/><F10/><W50/><G50/><T114/><D22/><U68/><E68/><V45/><F97/><W109/><G109/><T121/><D70/><U4/><N who="1" m="1024" /><DORA hai="78" /><U112/><E112/><V40/><F11/><W64/><G20/><T98/><D121/><U60/><AGARI ba="0,1" hai="24,28,35,36,41,47,57,60,66,132,135" m="1024" machi="60" ten="50,6400,0" yaku="1,1,0,1,52,1,53,0" doraHai="61,78" doraHaiUra="127,100" who="1" fromWho="1" sc="149,-16,11,74,393,-32,437,-16" />
</Scene>
<Scene>
<INIT seed="7,0,0,3,5,19" ten="133,85,361,421" oya="3" hai0="11,84,122,42,107,95,5,67,81,104,72,6,43" hai1="127,53,33,37,124,118,9,15,69,28,17,135,0" hai2="131,57,1,108,25,68,112,47,133,66,40,110,31" hai3="97,16,88,13,24,35,38,52,130,27,90,98,7"/><W129/><G38/><T94/><D72/><U102/><E69/><V96/><F1/><W48/><G7/><N who="0" m="2571" /><D11/><U85/><E37/><V4/><F4/><W10/><G98/><T29/><D107/><U89/><E0/><V8/><F8/><W79/><G79/><N who="0" m="46143" /><D104/><U50/><E118/><V59/><F96/><W3/><G3/><T82/><D82/><U121/><E121/><V119/><F119/><W49/><G49/><T41/><D122/><U93/><E135/><V99/><F99/><W113/><G113/><T125/><D125/><U23/><E102/><V86/><F86/><W62/><G62/><T39/><D39/><U91/><E91/><N who="3" m="34858" /><G35/><T105/><D105/><U34/><E9/><V20/><F133/><W45/><G97/><T100/><D100/><U78/><E78/><V44/><F112/><W83/><G83/><T101/><D101/><U32/><REACH who="1" step="1"/><E28/><REACH who="1" ten="133,75,361,421" step="2"/><V115/><F115/><W123/><G123/><T61/><D29/><U36/><E36/><V76/><F76/><W58/><G130/><T111/><D95/><U70/><E70/><V126/><F131/><W55/><G129/><T77/><D77/><U134/><E134/><V109/><F126/><W65/><G10/><T21/><D94/><U30/><E30/><V75/><F75/><W22/><G16/><T18/><D18/><U73/><E73/><V74/><F74/><W114/><G114/><T63/><D111/><U54/><E54/><V60/><REACH who="2" step="1"/><F40/><REACH who="2" ten="133,75,351,421" step="2"/><W117/><G117/><T128/><D128/><U64/><E64/><V132/><F132/><W51/><G65/><T103/><D67/><RYUUKYOKU ba="0,2" sc="133,-30,75,10,351,10,421,10" hai1="15,17,23,32,33,34,50,53,85,89,93,124,127" hai2="20,25,31,44,47,57,59,60,66,68,108,109,110" hai3="13,22,24,27,45,48,51,52,55,58" owari="103,-30.0,85,-41.0,361,16.0,451,55.0" />
</Scene>
</mjloggm>