<mjloggm ver="2.3"><GO type="169" lobby="0"/><UN n0="%E3%83%86%E3%83%AC%E3%83%93%E3%81%A3%E5%AD%90" n1="%66%6F%6F%6C%5F%6B%65%79" n2="%E3%81%BD%E3%81%BF%E3%82%85" n3="%E5%A4%AA%E3%81%8F%E3%81%AA%E3%81%84%E3%81%8A" dan="17,16,16,18" rate="2151.55,2139.93,2065.46,2216.66" sx="M,M,F,M"/><TAIKYOKU oya="0"/>

<Scene>
<INIT seed="0,0,0,2,1,109" ten="250,250,250,250" oya="0" hai0="7,16,28,125,131,4,99,94,128,15,129,102,90" hai1="91,103,66,71,41,123,82,92,97,63,75,55,107" hai2="33,73,98,111,35,3,19,49,23,29,52,10,30" hai3="110,21,51,20,67,112,122,108,57,113,12,120,77"/><T101/><D28/><U121/><E41/><V79/><F111/><N who="3" m="42539" /><G77/><T22/><D125/><U104/><E104/><V89/><F79/><W100/><G100/><AGARI ba="0,0" hai="4,7,15,16,22,90,94,99,100,101,102,128,129,131" machi="100" ten="40,3900,0" yaku="19,1,54,1" doraHai="109" who="0" fromWho="3" sc="250,39,250,0,250,0,250,-39" />
</Scene>
<Scene>
<INIT seed="0,1,0,0,0,8" ten="289,250,250,211" oya="0" hai0="87,60,54,128,48,0,114,3,57,43,112,116,69" hai1="12,47,73,15,17,67,105,50,53,82,106,123,108" hai2="95,111,117,103,30,109,71,13,14,86,83,5,64" hai3="110,132,93,6,44,79,16,27,118,34,45,84,98"/><T133/><D116/><U124/><E123/><V85/><F5/><W78/><G118/><T70/><D133/><U65/><E108/><N who="2" m="41547" /><F117/><W122/><G110/><T55/><D128/><U1/><E1/><V7/><F7/><W51/><G6/><T62/><D87/><U89/><E124/><V26/><F64/><N who="1" m="24649" /><E106/><V72/><F72/><W56/><G132/><T76/><D76/><N who="3" m="29225" /><G34/><T81/><D43/><U91/><E105/><V11/><F11/><W49/><G84/><N who="2" m="32361" /><F83/><W58/><G122/><T9/><D9/><N who="1" m="6287" /><E73/><V126/><F126/><W28/><G28/><T119/><D119/><U38/><E38/><V75/><F75/><W21/><G45/><T29/><D29/><U127/><E82/><V41/><F41/><N who="3" m="24719" /><G51/><T59/><D81/><U24/><E127/><V102/><F71/><W63/><G63/><T39/><REACH who="0" step="1"/><D48/><REACH who="0" ten="279,250,250,211" step="2"/><U35/><E50/><V97/><F103/><AGARI ba="1,1" hai="16,21,27,56,58,93,98,103" m="24719,29225" machi="103" ten="30,2000,0" yaku="8,1,54,1" doraHai="8" who="3" fromWho="2" sc="279,0,250,0,250,-23,211,33" />
</Scene>
<Scene>
<INIT seed="1,0,0,3,1,10" ten="279,250,227,244" oya="1" hai0="131,127,29,1,91,100,86,53,66,50,118,8,11" hai1="61,71,94,103,34,135,109,99,59,64,106,122,76" hai2="92,46,112,43,14,134,27,108,18,49,2,30,83" hai3="102,58,42,84,60,45,68,13,28,130,62,67,41"/><U6/><E122/><V97/><F2/><W87/><G130/><T75/><D75/><U107/><E135/><V32/><F134/><W90/><G102/><T52/><D131/><U85/><E109/><V82/><F108/><W81/><G28/><T78/><D78/><U56/><E6/><V96/><F112/><W116/><G116/><T15/><D118/><U129/><E129/><V4/><F4/><W12/><G84/><T35/><D66/><U105/><REACH who="1" step="1"/><E34/><REACH who="1" ten="279,240,227,244" step="2"/><V20/><REACH who="2" step="1"/><F97/><REACH who="2" ten="279,240,217,244" step="2"/><W104/><G104/><T72/><D1/><U22/><E22/><V114/><F114/><W73/><G73/><T17/><D35/><U0/><E0/><V47/><F47/><W125/><G125/><T95/><D72/><U31/><E31/><V5/><F5/><W123/><G123/><T119/><D29/><U25/><E25/><V115/><F115/><W23/><G23/><T57/><D127/><U44/><E44/><V54/><F54/><W51/><G42/><T36/><D119/><U124/><E124/><V74/><F74/><W26/><G26/><T9/><D53/><AGARI ba="0,2" hai="12,13,41,45,51,53,58,60,62,67,68,81,87,90" machi="53" ten="30,3900,0" yaku="7,1,52,2" doraHai="10" who="3" fromWho="0" sc="279,-39,240,0,217,0,244,59" />
</Scene>
<Scene>
<INIT seed="2,0,0,0,0,28" ten="240,240,217,303" oya="2" hai0="76,45,1,69,99,111,124,26,22,90,14,15,49" hai1="110,79,40,21,88,13,62,75,68,41,20,71,105" hai2="131,95,7,91,70,89,97,121,16,72,3,47,118" hai3="104,2,114,80,5,67,134,4,128,30,127,39,12"/><V31/><F121/><W96/><G39/><T125/><D69/><U126/><E105/><V112/><F72/><W78/><G2/><T122/><D1/><U129/><E75/><V19/><F70/><W46/><G67/><T32/><D76/><U25/><E79/><V81/><F118/><W113/><G127/><N who="0" m="48715" /><D111/><U52/><E126/><V8/><F112/><N who="3" m="43115" /><G134/><T119/><D119/><U135/><E71/><V64/><F64/><W92/><G104/><T74/><D74/><U77/><E77/><V117/><F117/><W55/><G128/><T11/><D122/><U107/><E107/><V17/><F131/><W43/><G30/><N who="0" m="19543" /><D22/><N who="1" m="8811" /><E68/><V85/><F31/><W54/><G43/><N who="1" m="16458" /><E25/><V86/><REACH who="2" step="1"/><F47/><REACH who="2" ten="240,240,207,303" step="2"/><W94/><G46/><T24/><D45/><U44/><E129/><V29/><F29/><W109/><G109/><T58/><D58/><N who="1" m="35143" /><E110/><V42/><F42/><W116/><G116/><T57/><D57/><U87/><E135/><V35/><F35/><W37/><G55/><T51/><D24/><U84/><E44/><V48/><F48/><W60/><G37/><T93/><D49/><U18/><E88/><V133/><F133/><W120/><G120/><T130/><D51/><U102/><E102/><V73/><F73/><W132/><G132/><T10/><D130/><U56/><E56/><V38/><F38/><W65/><G65/><T9/><AGARI ba="0,1" hai="9,10,11,14,15,90,93,99" m="19543,48715" machi="9" ten="30,2000,0" yaku="18,1,52,1" doraHai="28" who="0" fromWho="0" sc="240,30,240,-5,207,-10,303,-5" />
</Scene>
<Scene>
<INIT seed="3,0,0,1,0,99" ten="270,235,197,298" oya="3" hai0="14,73,7,84,23,21,123,9,38,110,33,82,107" hai1="42,62,13,81,119,100,3,71,22,79,64,26,95" hai2="53,83,50,126,34,16,37,58,25,87,18,128,76" hai3="66,40,27,72,28,78,6,36,130,135,1,131,124"/><W56/><G124/><T94/><D33/><U69/><E3/><V49/><F37/><W55/><G66/><T68/><D68/><U54/><E119/><V77/><F126/><W90/><G135/><T52/><D107/><U63/><E42/><V86/><F128/><W134/><G134/><T122/><D38/><U51/><E13/><V41/><F34/><W96/><G90/><T93/><D110/><U24/><E63/><V88/><F76/><W39/><G96/><T70/><D70/><U113/><E71/><V47/><REACH who="2" step="1"/><F25/><REACH who="2" ten="270,235,187,298" step="2"/><W127/><G127/><T67/><D122/><U80/><E79/><V75/><F75/><W91/><G78/><T29/><D73/><U103/><E26/><V92/><AGARI ba="0,1" hai="16,18,41,47,49,50,53,58,77,83,86,87,88,92" machi="92" ten="20,16000,3" yaku="1,1,0,1,7,1,8,1,54,2,53,2" doraHai="99" doraHaiUra="46" who="2" fromWho="2" sc="270,-40,235,-40,187,170,298,-80" />
</Scene>
<Scene>
<INIT seed="4,0,0,3,5,71" ten="230,195,357,218" oya="0" hai0="34,81,75,102,77,66,14,101,133,116,60,97,9" hai1="58,124,83,62,103,24,20,64,13,74,10,37,21" hai2="63,79,32,68,119,22,126,130,82,113,115,134,117" hai3="96,16,47,85,31,1,46,61,84,108,57,98,73"/><T29/><D133/><U50/><E124/><V5/><F32/><W33/><G73/><T11/><D116/><N who="2" m="44618" /><F5/><W111/><G1/><T8/><D34/><U45/><E103/><V2/><F2/><W28/><G33/><T52/><D29/><U59/><E74/><V78/><F126/><W121/><G57/><T56/><D14/><U87/><E58/><V80/><F134/><W3/><G3/><T35/><D35/><U112/><E37/><V17/><F63/><W72/><G61/><T86/><D75/><U95/><E95/><V25/><F68/><W51/><G72/><T118/><D118/><U99/><E99/><V107/><F107/><W0/><G0/><T41/><D41/><N who="1" m="24879" /><E24/><V131/><F82/><W15/><G51/><T48/><REACH who="0" step="1"/><D97/><REACH who="0" ten="220,195,357,218" step="2"/><U18/><E112/><V127/><F127/><W91/><G15/><T90/><D90/><AGARI ba="0,1" hai="10,13,18,20,21,59,62,64,83,87,90" m="24879" machi="90" ten="30,1000,0" yaku="8,1" doraHai="71" who="1" fromWho="0" sc="220,-10,195,20,357,0,218,0" />
</Scene>
<Scene>
<INIT seed="5,0,0,3,4,122" ten="210,215,357,218" oya="1" hai0="106,22,133,104,13,11,27,20,49,21,26,46,25" hai1="55,77,4,89,107,100,52,57,35,44,28,70,68" hai2="65,50,23,116,109,111,48,45,16,119,47,132,17" hai3="42,105,95,79,29,134,82,110,9,112,84,83,108"/><U93/><E77/><V102/><F65/><W14/><G105/><T80/><D133/><U43/><E4/><V38/><F38/><W124/><G134/><T114/><D114/><U69/><E107/><V71/><F132/><W135/><G135/><T118/><D118/><N who="2" m="45098" /><F102/><W0/><G0/><T64/><D64/><U59/><E100/><V34/><F23/><W92/><G112/><T61/><D61/><U75/><E75/><V37/><F37/><W2/><G2/><T41/><REACH who="0" step="1"/><D80/><REACH who="0" ten="200,215,357,218" step="2"/><U103/><E70/><V126/><F71/><W81/><G81/><T10/><D10/><U67/><E69/><V101/><F126/><W51/><G83/><T58/><D58/><U87/><E68/><V91/><F47/><N who="3" m="26103" /><G124/><T62/><D62/><U19/><E57/><V30/><F45/><W97/><G9/><T3/><D3/><U113/><E113/><V94/><F50/><W1/><G1/><T18/><AGARI ba="0,1" hai="11,13,18,20,21,22,25,26,27,41,46,49,104,106" machi="18" ten="30,4000,0" yaku="1,1,0,1,53,1" doraHai="122" doraHaiUra="7" who="0" fromWho="0" sc="200,50,215,-20,357,-10,218,-10" />
</Scene>
<Scene>
<INIT seed="6,0,0,4,0,49" ten="250,195,347,208" oya="2" hai0="38,111,43,55,61,52,19,50,133,84,20,58,0" hai1="13,27,122,76,117,128,129,57,1,53,60,132,73" hai2="15,105,96,120,29,86,99,109,90,81,32,67,114" hai3="11,25,2,31,124,16,94,33,101,125,123,89,103"/><V8/><F120/><W130/><G123/><T54/><D0/><U23/><E122/><V80/><F114/><W5/><G130/><N who="1" m="50282" /><E1/><V24/><F67/><W48/><G48/><T30/><D111/><U106/><E106/><V35/><F35/><W40/><G40/><T75/><D75/><U69/><E117/><V51/><F105/><W34/><G34/><T110/><D110/><U47/><E132/><V36/><F36/><W113/><G113/><T63/><D133/><U112/><E112/><V12/><F12/><W46/><G46/><N who="0" m="25951" /><D38/><U71/><E13/><V39/><F39/><W4/><G4/><T3/><D3/><U83/><E47/><V28/><F28/><AGARI ba="0,0" hai="23,27,28,53,57,60,69,71,73,76,83" m="50282" machi="28" ten="30,2000,0" yaku="19,1,52,1" doraHai="49" who="1" fromWho="2" sc="250,0,195,20,347,-20,208,0" />
</Scene>
<Scene>
<INIT seed="7,0,0,0,5,70" ten="250,215,327,208" oya="3" hai0="113,21,88,80,115,82,29,34,75,89,125,35,110" hai1="109,56,26,68,69,47,43,49,17,130,105,77,27" hai2="111,0,65,123,18,129,87,31,116,39,85,121,114" hai3="33,50,64,36,5,133,60,61,96,112,98,19,93"/><W30/><G36/><T16/><D125/><U90/><E109/><V106/><F106/><W57/><G112/><N who="0" m="43083" /><D110/><U127/><E105/><V135/><F39/><W44/><G133/><T132/><D132/><U37/><E77/><V32/><F0/><W99/><G5/><T131/><D131/><U11/><E69/><V20/><F135/><W94/><G19/><T108/><D108/><U46/><E68/><V81/><F129/><W74/><G74/><T101/><D101/><U59/><E127/><V40/><F116/><W25/><REACH who="3" step="1"/><G61/><REACH who="3" ten="250,215,327,198" step="2"/><T10/><D75/><U62/><E130/><V42/><F111/><W107/><G107/><T2/><D29/><U71/><E27/><V104/><F104/><W72/><G72/><T38/><D38/><U84/><E26/><V24/><F114/><W41/><AGARI ba="0,1" hai="25,30,33,41,44,50,57,60,64,93,94,96,98,99" machi="41" ten="30,3000,0" yaku="1,1,0,1,53,0" doraHai="70" doraHaiUra="134" who="3" fromWho="3" sc="250,-10,215,-10,327,-10,198,40" />
</Scene>
<Scene>
<INIT seed="7,1,0,0,2,19" ten="240,205,317,238" oya="3" hai0="111,16,104,36,102,43,70,120,109,52,80,124,53" hai1="73,17,89,115,39,30,62,67,113,105,135,8,58" hai2="126,72,2,81,123,77,4,34,116,31,3,60,13" hai3="96,23,14,61,78,63,92,20,59,122,75,106,15"/><W66/><G106/><T110/><D70/><U84/><E73/><V27/><F116/><W38/><G38/><T1/><D1/><U10/><E39/><V107/><F107/><W41/><G122/><T87/><D120/><U90/><E105/><V127/><F123/><W91/><G41/><T101/><D124/><N who="2" m="47658" /><F60/><W118/><G118/><T56/><D53/><U100/><E135/><V65/><F65/><W129/><G129/><T26/><D43/><U71/><E100/><V54/><F54/><W99/><G99/><T37/><D36/><U50/><E90/><V128/><F128/><W85/><G75/><T82/><D37/><U45/><E71/><V44/><F44/><W29/><G63/><T49/><D82/><U24/><E17/><V21/><F34/><W9/><G29/><T32/><D104/><U97/><E97/><V94/><F94/><N who="3" m="54639" /><G78/><T5/><D32/><U68/><E68/><V76/><F77/><W11/><G15/><T28/><D28/><U42/><E115/><V95/><F95/><W57/><G57/><T46/><D56/><U93/><REACH who="1" step="1"/><E113/><REACH who="1" ten="240,195,317,238" step="2"/><V55/><F4/><N who="3" m="3367" /><G11/><T112/><D112/><U33/><AGARI ba="1,1" hai="8,10,24,30,33,42,45,50,58,62,67,84,89,93" machi="33" ten="20,2700,0" yaku="1,1,0,1,7,1,53,0" doraHai="19" doraHaiUra="125" who="1" fromWho="1" sc="240,-8,195,40,317,-8,238,-14" owari="232,-17.0,235,4.0,309,41.0,224,-28.0" />
</Scene>
</mjloggm>