<mjloggm ver="2.3"><GO type="169" lobby="0"/><UN n0="%63%68%75%62%75%37%34" n1="%E5%A4%AA%E3%81%8F%E3%81%AA%E3%81%84%E3%81%8A" n2="%E3%83%89%E3%83%A9%EF%BC%91%EF%BC%92%EF%BC%90%EF%BC%85" n3="%E3%82%89%E3%81%84%E3%81%A1%E3%82%87%E3%81%86" dan="16,17,16,16" rate="2099.04,2145.09,2055.00,2057.66" sx="M,M,M,M"/><TAIKYOKU oya="0"/>

<Scene>
<INIT seed="0,0,0,3,5,72" ten="250,250,250,250" oya="0" hai0="84,36,79,45,87,46,122,29,121,114,65,42,56" hai1="51,9,132,34,116,11,67,80,130,57,23,123,32" hai2="35,127,38,43,52,30,97,27,109,25,88,134,26" hai3="83,103,4,92,71,111,39,86,54,5,117,128,62"/><T20/><D114/><U13/><E116/><V0/><F0/><W119/><G39/><T76/><D65/><U33/><E123/><V19/><F109/><W133/><G111/><T91/><D56/><U135/><E130/><V105/><F134/><N who="1" m="51241" /><E80/><V63/><F127/><W118/><G128/><T41/><D29/><U50/><E23/><V16/><F43/><W8/><G133/><T17/><D121/><U2/><E2/><V14/><F38/><W93/><G103/><T99/><D99/><U101/><E101/><V75/><F75/><W12/><G4/><T47/><D122/><U120/><E120/><V73/><F73/><W53/><G53/><T22/><D36/><U49/><E13/><V115/><F115/><W95/><G54/><T21/><D17/><N who="2" m="6730" /><F14/><W107/><G107/><T94/><D87/><U96/><E96/><V81/><F35/><W106/><G106/><T44/><N who="0" m="11264" /><DORA hai="77" /><T78/><AGARI ba="0,0" hai="20,21,22,41,42,76,78,79,84,91,94" m="11264" machi="78" ten="50,24000,3" yaku="4,1,0,1,29,2,8,1,52,3" doraHai="72,77" who="0" fromWho="0" sc="250,240,250,-80,250,-80,250,-80" />
</Scene>
<Scene>
<INIT seed="0,1,0,1,5,24" ten="490,170,170,170" oya="0" hai0="60,57,74,101,110,29,75,18,39,96,79,45,73" hai1="15,40,100,133,56,105,46,102,34,33,59,28,118" hai2="64,113,108,129,107,3,83,124,135,72,127,51,134" hai3="2,44,116,12,98,11,38,21,69,130,54,95,84"/><T53/><D110/><U122/><E118/><V97/><F3/><W114/><G114/><T19/><D79/><U109/><E122/><V22/><F64/><W58/><G69/><T49/><D39/><U5/><E109/><V91/><F108/><W76/><G116/><T106/><REACH who="0" step="1"/><D29/><REACH who="0" ten="480,170,170,170" step="2"/><U0/><E28/><V41/><F113/><W32/><G38/><T6/><D6/><U48/><E5/><V26/><F134/><W93/><G76/><T78/><D78/><U90/><E133/><V14/><F135/><W10/><G130/><T125/><D125/><U36/><E36/><V4/><F129/><W9/><G2/><T27/><D27/><U23/><E0/><V77/><F26/><W1/><G1/><T42/><AGARI ba="1,1" hai="18,19,42,45,49,53,57,60,73,74,75,96,101,106" machi="42" ten="30,3000,0" yaku="1,1,0,1,53,0" doraHai="24" doraHaiUra="68" who="0" fromWho="0" sc="480,43,170,-11,170,-11,170,-11" />
</Scene>
<Scene>
<INIT seed="0,2,0,1,3,34" ten="523,159,159,159" oya="0" hai0="90,125,82,86,76,116,114,102,79,15,67,135,60" hai1="54,78,19,92,115,100,32,36,4,106,44,87,85" hai2="9,94,130,74,80,109,51,134,53,41,45,75,71" hai3="104,98,22,33,70,42,112,3,111,91,107,2,56"/><T118/><D114/><U117/><E117/><V122/><F122/><W50/><G112/><T12/><D135/><U13/><E32/><V31/><F134/><W96/><G33/><T38/><D38/><U62/><E115/><V30/><F109/><W11/><G70/><T124/><D102/><U24/><E106/><V89/><F130/><W73/><G73/><T59/><D116/><U39/><E24/><V101/><F71/><W126/><G111/><T61/><D118/><U46/><E4/><V131/><F131/><W105/><G126/><N who="0" m="48747" /><D61/><U23/><E39/><V17/><F101/><W95/><G11/><T18/><D15/><U28/><E28/><V127/><F127/><W16/><G98/><T93/><D93/><U0/><E36/><V25/><F80/><W43/><G56/><T8/><AGARI ba="2,0" hai="8,12,18,59,60,67,76,79,82,86,90" m="48747" machi="8" ten="30,1500,0" yaku="18,1" doraHai="34" who="0" fromWho="0" sc="523,21,159,-7,159,-7,159,-7" />
</Scene>
<Scene>
<INIT seed="0,3,0,2,1,59" ten="544,152,152,152" oya="0" hai0="48,20,122,23,36,109,29,17,93,108,52,124,63" hai1="70,100,91,127,95,37,42,90,26,114,101,18,102" hai2="39,132,130,41,64,3,25,135,33,116,88,16,62" hai3="77,58,30,84,21,103,81,32,82,51,4,110,22"/><T28/><D36/><U128/><E70/><V50/><F39/><W6/><G110/><N who="0" m="42603" /><D122/><U86/><E127/><V113/><F113/><W96/><G32/><T105/><D105/><U57/><E114/><V9/><F3/><W98/><G82/><T129/><D129/><U73/><E73/><V43/><F130/><W0/><G98/><T94/><D124/><U65/><E128/><V1/><F1/><W45/><G58/><N who="0" m="35271" /><D48/><U34/><E37/><V80/><F116/><W121/><G51/><T68/><D68/><U14/><E42/><V40/><F50/><W133/><G121/><T49/><D49/><U46/><E46/><V125/><F125/><W119/><G45/><T8/><D8/><U10/><E57/><V38/><F38/><W75/><G119/><T35/><D35/><U53/><E34/><V134/><F33/><W47/><G47/><T123/><D123/><U7/><E53/><V27/><F64/><W13/><G96/><T60/><D60/><U106/><E106/><V78/><F62/><W5/><G133/><T99/><D20/><N who="1" m="13591" /><E65/><V126/><F126/><W56/><G56/><T112/><D112/><U87/><E10/><V66/><F66/><W89/><G22/><T24/><D94/><N who="1" m="54615" /><E7/><V118/><F118/><W55/><G55/><T107/><D107/><U111/><E111/><V67/><F67/><W92/><G0/><T74/><D74/><U19/><E19/><V69/><F69/><W131/><G131/><T79/><D79/><U15/><AGARI ba="3,0" hai="14,15,87,91,95,100,101,102" m="54615,13591" machi="15" ten="30,1100,0" yaku="8,1" doraHai="59" who="1" fromWho="1" sc="544,-8,152,20,152,-6,152,-6" />
</Scene>
<Scene>
<INIT seed="1,0,0,4,4,11" ten="536,172,146,146" oya="1" hai0="130,36,67,96,79,107,68,121,42,50,8,37,32" hai1="66,109,90,128,82,125,41,106,35,59,39,93,132" hai2="95,44,1,25,45,78,76,99,84,38,46,91,23" hai3="77,94,34,5,83,29,28,31,4,86,10,116,88"/><U102/><E35/><V30/><F1/><W123/><G123/><T6/><D79/><U110/><E82/><V63/><F38/><W104/><G104/><T19/><D130/><U18/><E128/><V33/><F33/><W71/><G71/><T0/><D121/><U114/><E114/><V80/><REACH who="2" step="1"/><F63/><REACH who="2" ten="536,172,136,146" step="2"/><W97/><G116/><T100/><D32/><U24/><E39/><V98/><F98/><W9/><G34/><T52/><D42/><U101/><E41/><V74/><F74/><W75/><G75/><T73/><D73/><U54/><E110/><V89/><AGARI ba="0,1" hai="23,25,30,44,45,46,76,78,80,84,89,91,95,99" machi="89" ten="30,4000,0" yaku="1,1,0,1,8,1,53,0" doraHai="11" doraHaiUra="103" who="2" fromWho="2" sc="536,-10,172,-20,136,50,146,-10" />
</Scene>
<Scene>
<INIT seed="2,0,0,1,5,120" ten="526,152,186,136" oya="2" hai0="61,117,52,84,1,70,116,54,59,45,83,119,22" hai1="24,8,75,85,57,79,74,113,25,114,21,91,48" hai2="127,111,77,100,76,39,110,28,30,108,97,26,55" hai3="31,37,106,29,16,73,98,118,40,82,12,19,86"/><V4/><F39/><W14/><G118/><T131/><D1/><U62/><E48/><V92/><F127/><W3/><G3/><T18/><D70/><U69/><E69/><V130/><F130/><W7/><G73/><T64/><D131/><U133/><E133/><V23/><F4/><W44/><G7/><T105/><D105/><U32/><E8/><V93/><F30/><W101/><G12/><N who="0" m="9543" /><D45/><U9/><E9/><V71/><F71/><W122/><G122/><T126/><D126/><U99/><E99/><N who="2" m="59495" /><F55/><W103/><G103/><AGARI ba="0,0" hai="23,26,28,76,77,93,97,103,108,110,111" m="59495" machi="103" ten="30,12000,1" yaku="14,1,10,1,52,3" doraHai="120" who="2" fromWho="3" sc="526,0,152,0,186,120,136,-120" />
</Scene>
<Scene>
<INIT seed="2,1,0,4,0,126" ten="526,152,306,16" oya="2" hai0="103,108,96,125,63,55,130,47,91,64,65,13,23" hai1="68,20,131,113,9,128,100,134,52,109,38,86,129" hai2="16,81,11,118,1,42,49,102,92,10,18,69,27" hai3="75,32,123,127,33,115,8,4,71,83,112,80,132"/><V111/><F69/><W34/><G71/><T56/><D125/><U22/><E109/><V44/><F118/><W31/><G75/><T78/><D108/><U43/><E134/><V50/><F1/><N who="3" m="15" /><G127/><T7/><D130/><U124/><E124/><V37/><F81/><W45/><G45/><T87/><D78/><U61/><E113/><N who="3" m="43594" /><G83/><T2/><D2/><U117/><E117/><V79/><F79/><W72/><G80/><T97/><D47/><N who="1" m="24055" /><E86/><V70/><F70/><W77/><G77/><T88/><D97/><U84/><E84/><V74/><F74/><W54/><G54/><T110/><D110/><U26/><E9/><V28/><F37/><W29/><G72/><T82/><D91/><U3/><E3/><V53/><F11/><W101/><G101/><T46/><D7/><U116/><E116/><V62/><F10/><W17/><G123/><T51/><D13/><U122/><E122/><V36/><F36/><W121/><G121/><T59/><D23/><U105/><E22/><V67/><F67/><W114/><N who="3" m="43602" /><W99/><DORA hai="133" /><G132/><T73/><D73/><U39/><E39/><V93/><F102/><W19/><G99/><T6/><D6/><U0/><E0/><V89/><F111/><W94/><G94/><T106/><D59/><N who="1" m="35047" /><E68/><V95/><F95/><W60/><G60/><T5/><D5/><U119/><E119/><V107/><F62/><W15/><G15/><T120/><D120/><U25/><E100/><V30/><F93/><W35/><N who="3" m="8704" /><DORA hai="85" /><W57/><G57/><T12/><D12/><U104/><E129/><V58/><F58/><RYUUKYOKU ba="1,0" sc="526,15,152,-15,306,-15,16,15" hai0="46,51,55,56,63,64,65,82,87,88,96,103,106" hai3="17,19,29,31" />
</Scene>
<Scene>
<INIT seed="3,2,0,2,3,56" ten="541,137,291,31" oya="3" hai0="16,17,39,5,132,69,63,66,48,115,13,87,50" hai1="90,89,43,95,73,134,68,122,26,37,126,57,78" hai2="32,35,111,0,36,92,10,133,112,129,58,120,31" hai3="94,53,61,105,83,12,59,4,41,8,30,38,88"/><W117/><G117/><T25/><D39/><U18/><E68/><V76/><F36/><W2/><G105/><T121/><D121/><U97/><E122/><V74/><F74/><W62/><G30/><T22/><D132/><U51/><E37/><V84/><F31/><W128/><G128/><T70/><D5/><U135/><E126/><V81/><F92/><W40/><G83/><T21/><D115/><U130/><E130/><V23/><F23/><W119/><G119/><T103/><D103/><U45/><E89/><V96/><F96/><N who="3" m="57415" /><G2/><T79/><REACH who="0" step="1"/><D69/><REACH who="0" ten="531,137,291,31" step="2"/><U52/><E134/><V54/><F133/><W29/><G38/><T20/><D20/><U27/><E135/><V67/><F32/><W86/><G29/><T33/><D33/><U123/><E123/><V102/><F35/><W125/><G125/><T91/><D91/><U77/><E90/><V107/><F120/><W80/><G62/><T34/><D34/><U49/><E97/><V65/><F129/><W46/><G46/><T3/><D3/><U98/><E98/><V42/><F0/><W44/><G44/><T64/><D64/><U82/><E45/><V72/><F112/><W101/><G101/><T60/><D60/><U109/><E95/><V47/><F102/><W93/><G93/><T104/><D104/><U85/><E82/><AGARI ba="2,1" hai="13,16,17,21,22,25,48,50,63,66,70,79,82,87" machi="82" ten="40,5200,0" yaku="1,1,52,1,54,1,53,0" doraHai="56" doraHaiUra="6" who="0" fromWho="1" sc="531,68,137,-58,291,0,31,0" />
</Scene>
<Scene>
<INIT seed="4,0,0,2,2,35" ten="599,79,291,31" oya="0" hai0="95,19,125,28,109,69,105,67,45,79,131,126,74" hai1="97,106,52,110,103,48,91,14,85,127,9,7,128" hai2="129,92,121,2,90,89,8,66,47,77,80,88,101" hai3="37,93,107,41,61,30,6,60,78,51,111,68,57"/><T70/><D105/><U4/><E127/><N who="0" m="48649" /><D131/><U31/><E128/><V75/><F66/><N who="3" m="41031" /><G107/><T99/><D109/><U33/><E110/><V100/><F47/><N who="3" m="23983" /><G30/><T82/><D28/><U83/><E31/><V18/><F121/><W1/><G78/><T46/><D19/><U50/><E33/><V114/><F114/><W15/><G111/><T71/><D67/><U38/><E38/><V124/><F124/><W84/><G15/><T24/><D24/><U36/><E36/><V123/><F123/><W112/><G112/><T17/><D17/><N who="1" m="8399" /><E50/><V120/><F120/><W44/><G84/><T81/><D81/><U130/><E130/><V21/><F129/><W132/><G93/><T122/><D122/><U59/><E106/><V34/><F92/><W42/><G6/><T113/><D113/><U40/><E4/><V26/><F34/><W62/><G1/><T116/><D116/><U32/><E7/><V56/><F2/><W72/><G72/><T23/><D23/><U11/><E32/><V55/><F8/><W118/><G118/><T133/><D133/><U16/><E11/><V53/><F75/><W87/><G132/><T3/><D3/><U115/><E115/><V96/><F77/><W54/><G87/><T63/><D63/><AGARI ba="0,0" hai="42,44,51,54,57,61,62,63" m="23983,41031" machi="63" ten="30,8000,1" yaku="35,5" doraHai="35" who="3" fromWho="0" sc="599,-80,79,0,291,0,31,80" />
</Scene>
<Scene>
<INIT seed="5,0,0,5,5,131" ten="519,79,291,111" oya="1" hai0="65,29,91,23,50,7,107,114,0,11,30,8,117" hai1="75,60,36,105,111,76,49,20,79,135,46,35,72" hai2="68,38,113,121,5,15,45,25,12,97,103,102,63" hai3="69,80,132,14,116,31,108,127,4,34,3,88,28"/><U93/><E105/><V56/><F68/><W54/><G108/><T48/><D107/><U115/><E35/><V19/><F121/><W99/><G69/><T21/><D117/><U55/><E111/><V44/><F38/><W62/><G3/><T84/><D65/><U125/><E36/><V59/><F25/><W77/><G34/><T67/><D67/><U85/><E60/><V86/><F86/><N who="3" m="48399" /><G116/><T100/><D100/><U118/><E118/><V129/><F59/><N who="3" m="35191" /><G127/><T98/><D98/><U43/><E43/><V78/><F19/><W61/><G61/><T33/><D33/><U32/><E32/><V6/><F15/><W66/><G66/><T130/><D114/><U70/><E70/><V26/><F63/><W41/><G41/><T87/><D91/><N who="1" m="53487" /><E125/><V18/><F45/><W119/><G119/><T110/><D7/><U40/><E40/><V134/><F44/><W104/><G104/><T95/><D95/><U112/><E72/><V1/><F5/><W51/><G51/><T57/><D0/><U122/><E75/><V74/><F6/><W81/><G132/><T94/><D94/><U64/><E64/><V2/><F134/><W42/><G42/><T71/><D71/><U126/><E126/><V16/><F1/><W123/><G123/><T53/><D110/><U120/><E135/><V90/><F2/><W9/><G99/><T73/><D73/><U22/><E122/><V39/><F113/><N who="1" m="43593" /><E120/><V52/><F74/><W27/><G27/><T47/><D53/><U10/><E10/><V37/><F26/><W89/><G81/><T83/><D57/><RYUUKYOKU ba="0,0" sc="519,-15,79,15,291,-15,111,15" hai1="20,22,46,49,55,76,79" hai3="4,9,14,28,31,88,89" />
</Scene>
<Scene>
<INIT seed="5,1,0,3,1,117" ten="504,94,276,126" oya="1" hai0="52,100,94,41,63,109,104,18,114,110,38,23,2" hai1="30,116,108,132,124,60,134,14,97,118,6,125,33" hai2="11,115,121,81,76,48,56,58,123,49,85,80,21" hai3="15,32,120,36,92,37,98,26,17,84,53,5,127"/><U8/><E97/><V70/><F70/><W65/><G120/><T50/><D2/><U95/><E95/><V16/><F11/><N who="3" m="4591" /><G37/><T0/><D0/><U20/><E33/><V46/><F115/><W87/><G36/><T105/><D114/><U82/><E82/><V78/><F58/><W83/><G65/><T34/><D34/><U106/><E60/><V12/><F56/><W24/><G32/><T66/><D104/><U102/><E102/><V40/><F49/><W75/><G75/><AGARI ba="1,0" hai="12,16,21,40,46,48,75,76,78,80,81,85,121,123" machi="75" ten="30,7700,0" yaku="7,1,52,2,54,1" doraHai="117" who="2" fromWho="3" sc="504,0,94,0,276,80,126,-80" />
</Scene>
<Scene>
<INIT seed="6,0,0,4,2,5" ten="504,94,356,46" oya="2" hai0="93,12,35,126,80,87,135,114,109,45,112,25,116" hai1="42,50,115,133,6,36,75,60,83,107,53,1,86" hai2="59,56,121,99,118,98,122,47,23,34,44,81,72" hai3="16,10,105,24,130,76,97,20,65,92,88,52,26"/><V104/><F118/><W117/><G130/><T89/><D109/><U3/><E107/><V82/><F104/><W46/><G105/><T9/><D135/><U15/><E75/><V110/><F23/><N who="3" m="13415" /><G117/><T132/><D132/><U41/><E133/><V28/><F28/><N who="3" m="17479" /><G65/><T100/><D126/><U55/><E36/><V94/><F94/><W113/><G113/><T101/><D116/><U62/><E115/><N who="0" m="44073" /><D45/><U17/><E3/><V38/><F38/><W131/><G131/><T108/><D108/><U7/><E1/><V85/><F110/><W78/><G10/><T123/><D123/><U69/><E69/><V90/><F85/><W103/><G103/><T102/><D25/><U127/><E127/><V64/><F64/><W8/><G8/><T14/><D14/><U91/><E6/><V27/><F27/><W32/><G32/><T58/><D58/><N who="1" m="34911" /><E7/><V39/><F39/><W84/><G84/><T128/><D128/><U21/><E62/><V129/><F129/><W49/><AGARI ba="0,0" hai="46,49,52,76,78,88,92,97" m="17479,13415" machi="49" ten="30,7900,0" yaku="8,1,54,3" doraHai="5" who="3" fromWho="3" sc="504,-20,94,-20,356,-39,46,79" />
</Scene>
<Scene>
<INIT seed="7,0,0,5,5,115" ten="484,74,317,125" oya="3" hai0="55,24,69,39,57,108,68,2,92,3,51,18,14" hai1="47,89,107,75,90,5,17,76,25,101,109,133,95" hai2="50,53,23,134,82,103,16,93,49,42,85,113,91" hai3="21,66,4,13,117,58,131,124,71,112,28,81,60"/><W83/><G112/><T6/><D39/><U67/><E109/><V11/><F11/><W1/><G1/><T32/><D108/><U56/><E133/><V15/><F134/><W27/><G131/><T120/><D120/><U114/><E114/><V41/><F50/><W33/><G71/><T123/><D123/><U62/><E5/><V132/><F132/><W78/><G21/><T74/><D74/><U10/><E107/><V44/><F113/><W128/><G58/><T61/><D92/><U19/><E75/><V73/><F73/><W84/><G78/><T130/><D3/><U79/><E101/><V102/><F102/><W65/><G27/><T22/><D130/><U46/><E89/><V129/><F129/><W121/><G60/><T122/><D122/><U94/><E94/><V106/><F106/><W48/><G84/><T98/><D98/><AGARI ba="0,0" hai="15,16,23,41,42,44,49,53,82,85,91,93,98,103" machi="98" ten="40,2600,0" yaku="8,1,54,1" doraHai="115" who="2" fromWho="0" sc="484,-26,74,0,317,26,125,0" owari="458,56.0,74,-43.0,343,14.0,125,-27.0" />
</Scene>
</mjloggm>