<mjloggm ver="2.3"><GO type="225" lobby="0"/><UN n0="%E8%92%BC%E6%9C%88%E6%BD%AE" n1="%E5%A4%AA%E3%81%8F%E3%81%AA%E3%81%84%E3%81%8A" n2="%E9%87%98%E5%AE%AE%E7%97%85%E6%82%A3%E8%80%85" n3="%44%41%4E%54%45" dan="16,18,16,16" rate="2112.99,2211.43,2059.28,2013.15" sx="M,M,F,M"/><TAIKYOKU oya="0"/>

<Scene>
<INIT seed="0,0,0,2,5,64" ten="250,250,250,250" oya="0" hai0="69,61,2,41,132,22,21,106,7,42,5,129,117" hai1="46,55,118,123,128,12,58,34,92,133,24,32,45" hai2="9,83,29,112,33,75,87,38,109,6,11,135,13" hai3="120,113,84,65,4,66,79,107,80,0,28,3,102"/><T23/><D117/><U47/><E118/><V15/><F38/><W114/><G28/><T96/><D129/><U8/><E123/><V99/><F112/><W40/><G120/><T63/><D132/><U103/><E133/><V10/><F75/><W91/><G40/><T37/><D37/><U122/><E122/><V108/><F99/><W110/><G3/><T131/><D131/><U78/><E128/><V19/><F135/><W48/><G48/><T27/><D27/><U89/><E78/><V124/><F124/><W67/><G110/><N who="2" m="42601" /><F87/><W39/><G39/><T59/><D96/><U115/><E103/><V74/><F74/><W94/><G102/><T18/><D106/><U30/><E115/><V31/><F83/><W95/><G95/><T70/><D2/><U73/><E73/><V20/><F33/><W98/><G107/><T101/><D101/><U53/><E34/><V17/><F10/><W134/><G134/><T35/><D35/><U57/><E57/><V51/><F51/><W130/><G130/><T111/><D111/><U86/><REACH who="1" step="1"/><E58/><REACH who="1" ten="250,240,250,250" step="2"/><V72/><F72/><W50/><G114/><T81/><D59/><U88/><E88/><V26/><AGARI ba="0,1" hai="6,9,11,13,15,17,19,20,26,29,31" m="42601" machi="26" ten="30,4000,0" yaku="14,1,34,2" doraHai="64" who="2" fromWho="2" sc="250,-20,240,-10,250,50,250,-10" />
</Scene>
<Scene>
<INIT seed="1,0,0,0,1,68" ten="230,230,300,240" oya="1" hai0="115,118,122,3,92,11,23,93,129,60,120,121,75" hai1="50,26,41,9,123,54,15,39,86,77,107,56,80" hai2="19,37,51,10,35,21,32,8,38,113,94,45,29" hai3="65,73,31,119,12,98,132,63,2,6,91,30,17"/><U102/><E123/><V96/><F113/><W4/><G73/><T134/><D118/><U117/><E117/><V34/><F29/><W109/><G119/><T49/><D115/><U59/><E26/><V82/><F82/><W128/><G2/><T131/><D75/><U76/><E59/><V126/><F126/><W125/><G125/><T22/><D134/><U1/><E1/><V16/><F8/><W89/><G63/><T103/><D49/><U67/><E67/><V24/><F10/><W70/><G70/><T57/><D11/><U13/><E77/><V0/><F0/><W83/><G12/><T61/><D3/><U108/><E108/><V112/><F19/><W84/><G109/><T79/><D79/><U78/><E78/><V62/><F62/><N who="0" m="24170" /><D57/><U133/><E133/><V85/><F112/><W27/><G132/><T36/><D36/><U95/><E107/><V100/><REACH who="2" step="1"/><F85/><REACH who="2" ten="230,230,290,240" step="2"/><W127/><G84/><T69/><D69/><U28/><E28/><V124/><F124/><W87/><G31/><T104/><D23/><U58/><E9/><V33/><N who="2" m="8192" /><DORA hai="99" /><V71/><F71/><W55/><G30/><T18/><D22/><U135/><E135/><V43/><AGARI ba="0,1" hai="16,21,24,37,38,43,45,51,94,96,100" m="8192" machi="43" ten="60,12000,2" yaku="1,1,0,1,52,3,54,1,53,1" doraHai="68,99" doraHaiUra="97,116" who="2" fromWho="2" sc="230,-30,230,-60,290,130,240,-30" />
</Scene>
<Scene>
<INIT seed="2,0,0,4,1,70" ten="200,170,420,210" oya="2" hai0="123,92,90,101,132,134,119,80,108,42,18,124,5" hai1="34,111,40,17,117,104,64,31,15,68,4,102,43" hai2="103,30,107,112,36,2,83,51,1,84,120,69,48" hai3="121,95,60,47,127,91,87,3,114,50,71,72,135"/><V35/><F120/><W21/><G121/><T116/><D5/><U10/><E117/><N who="0" m="45129" /><D123/><U49/><E111/><V52/><F112/><W118/><G118/><T59/><D42/><U45/><E68/><V57/><F69/><W75/><G3/><T126/><D59/><U74/><E74/><V131/><F131/><W85/><G114/><T99/><D18/><U41/><E64/><V66/><F66/><W77/><G60/><T98/><D108/><U39/><E104/><V63/><F2/><W28/><G21/><T58/><D58/><U86/><E102/><V29/><F1/><W82/><G28/><T24/><D24/><U11/><E86/><V125/><F125/><N who="0" m="48234" /><D80/><U67/><E67/><V128/><F30/><W13/><G127/><T14/><D14/><U130/><E130/><V97/><F29/><W16/><G71/><T23/><D23/><U105/><E49/><V32/><F32/><W19/><G19/><T110/><D110/><U76/><E34/><V46/><F35/><W33/><G33/><T38/><D38/><U122/><E31/><V106/><F128/><W7/><G16/><T26/><D26/><U22/><E122/><V44/><F36/><W0/><G0/><T54/><D54/><U53/><E53/><V81/><F52/><W78/><G13/><T73/><D73/><N who="3" m="28233" /><G7/><T109/><D109/><U133/><E4/><V115/><F63/><W88/><G50/><T94/><AGARI ba="0,0" hai="90,92,94,98,99,101,132,134" m="48234,45129" machi="94" ten="40,8000,1" yaku="12,1,18,1,34,2" doraHai="70" who="0" fromWho="0" sc="200,80,170,-20,420,-40,210,-20" />
</Scene>
<Scene>
<INIT seed="3,0,0,5,1,95" ten="280,150,380,190" oya="3" hai0="108,38,0,67,30,21,7,64,4,87,91,26,114" hai1="61,123,12,97,49,54,88,44,24,100,6,65,37" hai2="29,110,23,5,47,126,122,111,55,127,27,109,66" hai3="93,134,86,129,1,107,19,115,72,25,63,46,120"/><W106/><G115/><T80/><D38/><U82/><E123/><V121/><F66/><N who="0" m="25130" /><D0/><U40/><E24/><V34/><F5/><N who="0" m="2122" /><D108/><U96/><E100/><V11/><F11/><W132/><G72/><T42/><D114/><U33/><E33/><V70/><F70/><W22/><G120/><N who="2" m="46185" /><F34/><W98/><G1/><T20/><D20/><U9/><E82/><V15/><F15/><W3/><G3/><T124/><D124/><N who="2" m="47658" /><F47/><W74/><G86/><T90/><D42/><U60/><E88/><AGARI ba="0,0" hai="21,26,30,80,87,88,90,91" m="2122,25130" machi="88" ten="30,2000,0" yaku="8,1,54,1" doraHai="95" who="0" fromWho="1" sc="280,20,150,-20,380,0,190,0" owari="300,10.0,130,-37.0,380,48.0,190,-21.0" />
</Scene>
</mjloggm>