<mjloggm ver="2.3"><GO type="169" lobby="0"/><UN n0="%E5%A4%AA%E3%81%8F%E3%81%AA%E3%81%84%E3%81%8A" n1="%E7%AB%8B%E8%8F%AF%E5%A5%8F" n2="%E3%83%AB%E3%82%BF%E3%82%B9%E3%82%B1" n3="%EF%BC%88%63%72%6F%73%73%EF%BC%89" dan="18,17,16,16" rate="2202.16,2135.13,2087.97,2085.19" sx="M,F,M,M"/><TAIKYOKU oya="0"/>

<Scene>
<INIT seed="0,0,0,1,2,121" ten="250,250,250,250" oya="0" hai0="9,14,116,66,38,114,98,86,80,35,71,64,26" hai1="23,21,54,67,65,40,8,58,127,122,2,76,57" hai2="68,74,135,32,94,22,45,59,37,47,62,92,103" hai3="39,30,78,115,43,84,102,20,99,5,16,119,106"/><T63/><D114/><U113/><E113/><V83/><F32/><W132/><G115/><T130/><D116/><U112/><E112/><V123/><F123/><W0/><G30/><T75/><D38/><U42/><E122/><V13/><F68/><W111/><G119/><T109/><D130/><U124/><E8/><V82/><F37/><W15/><G132/><T60/><D75/><U24/><E76/><V46/><F74/><W105/><G105/><T129/><D129/><U51/><E2/><V3/><F3/><W125/><G125/><T85/><D98/><U91/><E91/><V34/><F34/><W33/><G33/><T36/><D36/><U90/><E90/><V70/><F70/><W100/><G102/><T97/><D97/><U31/><E21/><V6/><F103/><W69/><G69/><T29/><D80/><N who="2" m="30762" /><F135/><W77/><G84/><T104/><D104/><U73/><E73/><V126/><F126/><N who="1" m="48169" /><E57/><V108/><F22/><W95/><G106/><T50/><D9/><U25/><E25/><V93/><F13/><W87/><G0/><T7/><D26/><U53/><E53/><N who="2" m="34159" /><F108/><W89/><G111/><T117/><D109/><U56/><E56/><V107/><F107/><N who="3" m="63903" /><G5/><AGARI ba="0,0" hai="5,6,45,46,47,92,93,94" m="34159,30762" machi="5" ten="40,1300,0" yaku="8,1" doraHai="121" who="2" fromWho="3" sc="250,0,250,0,250,13,250,-13" />
</Scene>
<Scene>
<INIT seed="1,0,0,2,1,34" ten="250,250,263,237" oya="1" hai0="25,79,67,134,80,86,11,10,75,116,112,4,71" hai1="81,85,63,122,125,56,123,118,113,54,109,30,107" hai2="115,66,68,26,61,72,60,31,24,14,22,78,52" hai3="88,27,70,28,97,42,95,135,128,3,49,57,41"/><U32/><E113/><V106/><F115/><W130/><G70/><T15/><D112/><U35/><E118/><V69/><F69/><W98/><G135/><T82/><D116/><U73/><E107/><V108/><F108/><W16/><G98/><T90/><D134/><U45/><E73/><V114/><F114/><W7/><G57/><T44/><D25/><U37/><E109/><V101/><F14/><W13/><G49/><T126/><D126/><U89/><E125/><V1/><F1/><W20/><G7/><T23/><D44/><U119/><E119/><V36/><F36/><W124/><G124/><T99/><D99/><U62/><E62/><V58/><F72/><W64/><G64/><T33/><D33/><U6/><E6/><V9/><F9/><W84/><G97/><T120/><D120/><U117/><E117/><V77/><F101/><W0/><G42/><T43/><D43/><U18/><E32/><V39/><F39/><W110/><G41/><T111/><D111/><U29/><E35/><V53/><F106/><W132/><G132/><T93/><D11/><U91/><E91/><V46/><F26/><W8/><G110/><T129/><D23/><U17/><E37/><V74/><F74/><W127/><G127/><T55/><D75/><U65/><E123/><V100/><F100/><W102/><G102/><T103/><D103/><U40/><E122/><V21/><F21/><W83/><G83/><T50/><D4/><U48/><E40/><V51/><AGARI ba="0,0" hai="22,24,31,46,51,52,53,58,60,61,66,68,77,78" machi="51" ten="30,2000,0" yaku="0,1,54,1" doraHai="34" who="2" fromWho="2" sc="250,-5,250,-10,263,20,237,-5" />
</Scene>
<Scene>
<INIT seed="2,0,0,2,1,104" ten="245,240,283,232" oya="2" hai0="19,97,51,111,135,43,59,82,81,44,79,66,71" hai1="103,91,63,16,113,57,56,125,68,50,11,60,47" hai2="89,119,121,13,52,70,42,25,76,73,28,130,87" hai3="98,78,101,115,77,30,22,105,24,37,93,129,123"/><V54/><F121/><W12/><G123/><T96/><D111/><U3/><E113/><V69/><F119/><W39/><G115/><T134/><D71/><U48/><E125/><V85/><F42/><W23/><G129/><T117/><D117/><U34/><E34/><V80/><F130/><W83/><G78/><T95/><D19/><U128/><E128/><V29/><F13/><W10/><G23/><T55/><D66/><U8/><E68/><V109/><F109/><W107/><G93/><T67/><D67/><U15/><E103/><V84/><F89/><W74/><REACH who="3" step="1"/><G107/><REACH who="3" ten="245,240,283,222" step="2"/><T26/><D95/><U4/><E91/><V90/><F76/><W86/><G86/><T132/><D79/><U61/><REACH who="1" step="1"/><E50/><REACH who="1" ten="245,230,283,222" step="2"/><V41/><F80/><W65/><G65/><T94/><D82/><U5/><E5/><AGARI ba="0,2" hai="5,10,12,22,24,30,37,39,74,77,83,98,101,105" machi="5" ten="30,3900,0" yaku="1,1,7,1,52,1,53,0" doraHai="104" doraHaiUra="114" who="3" fromWho="1" sc="245,0,230,-39,283,0,222,59" />
</Scene>
<Scene>
<INIT seed="3,0,0,5,5,45" ten="245,191,283,281" oya="3" hai0="100,104,114,19,11,29,135,109,16,21,7,48,108" hai1="6,33,130,83,67,127,46,61,75,94,122,39,91" hai2="88,117,34,87,101,99,47,13,116,66,121,80,73" hai3="55,95,35,81,118,92,98,44,70,89,96,105,69"/><W54/><G105/><T64/><D64/><U4/><E122/><V28/><F121/><W40/><G118/><T74/><D74/><U23/><E33/><V79/><F13/><W52/><G81/><T113/><D100/><U106/><E106/><V36/><F66/><W128/><G128/><T58/><D104/><U37/><E130/><V110/><F110/><N who="0" m="42602" /><D135/><U8/><E127/><V125/><F125/><W17/><G17/><N who="0" m="6731" /><D58/><U82/><E23/><V68/><F68/><W112/><G35/><T126/><D48/><U9/><E75/><V31/><F31/><W22/><G22/><T25/><D126/><U103/><E103/><V78/><F28/><W124/><G112/><T93/><D93/><U18/><E18/><V0/><F0/><AGARI ba="0,0" hai="0,7,11,21,25,29,113,114" m="6731,42602" machi="0" ten="30,7700,0" yaku="14,1,34,2,54,1" doraHai="45" who="0" fromWho="2" sc="245,77,191,0,283,-77,281,0" />
</Scene>
<Scene>
<INIT seed="4,0,0,3,5,31" ten="322,191,206,281" oya="0" hai0="52,44,120,121,65,58,101,34,51,13,103,71,39" hai1="108,87,41,94,21,55,77,127,134,105,56,29,86" hai2="46,125,98,82,67,27,22,114,100,47,89,25,6" hai3="62,4,59,113,14,54,128,50,110,93,84,3,8"/><T131/><D13/><U102/><E108/><V74/><F114/><W63/><G110/><T10/><D10/><U38/><E105/><V112/><F112/><W40/><G113/><T90/><D90/><U78/><E127/><V19/><F67/><W96/><G128/><T83/><D83/><U69/><E69/><V117/><F6/><W43/><G3/><T11/><D11/><U126/><E126/><V132/><F125/><W76/><G76/><N who="1" m="29290" /><E38/><V23/><F74/><W116/><G84/><T95/><D131/><U75/><E41/><N who="3" m="15946" /><G116/><T45/><D95/><U99/><E75/><V17/><F132/><W122/><G122/><T24/><D101/><AGARI ba="0,0" hai="4,8,14,50,54,59,62,63,93,96,101" m="15946" machi="101" ten="30,1000,0" yaku="8,1" doraHai="31" who="3" fromWho="0" sc="322,-10,191,0,206,0,281,10" />
</Scene>
<Scene>
<INIT seed="5,0,0,5,2,52" ten="312,191,206,291" oya="1" hai0="32,12,21,115,8,9,116,85,22,19,81,17,94" hai1="82,87,20,104,108,121,45,126,57,76,127,88,65" hai2="71,59,10,128,40,39,48,112,119,131,109,34,101" hai3="123,3,4,13,27,110,95,55,67,91,38,72,97"/><U86/><E121/><V102/><F34/><W42/><G110/><T100/><D32/><U25/><E104/><V46/><F10/><W124/><G4/><T89/><D115/><U122/><E122/><V41/><F101/><W83/><G67/><T53/><D116/><U99/><E99/><V50/><F102/><W80/><G3/><T74/><D53/><U103/><E103/><V117/><F109/><W77/><G124/><N who="1" m="47658" /><E45/><N who="2" m="23711" /><F71/><W132/><G42/><T58/><D58/><U135/><E135/><V62/><F48/><W31/><G38/><T1/><D1/><U107/><E107/><V7/><F7/><W78/><G132/><T133/><D133/><U64/><E108/><V28/><F28/><W26/><G55/><T130/><D130/><N who="2" m="49706" /><F112/><W111/><G111/><T92/><D74/><U134/><E134/><V15/><F15/><W93/><G13/><N who="0" m="7343" /><D100/><U90/><E86/><V47/><F47/><W11/><G123/><T125/><D125/><U2/><E2/><V51/><F51/><W37/><G37/><T43/><D43/><U35/><E35/><V73/><F73/><W29/><G93/><AGARI ba="0,0" hai="8,12,19,21,22,81,85,89,92,93,94" m="7343" machi="93" ten="30,1000,0" yaku="8,1" doraHai="52" who="0" fromWho="3" sc="312,10,191,0,206,0,291,-10" />
</Scene>
<Scene>
<INIT seed="6,0,0,3,3,15" ten="322,191,206,281" oya="2" hai0="68,99,27,24,62,112,48,118,19,5,114,32,52" hai1="70,12,80,90,94,115,46,23,55,31,6,71,125" hai2="78,100,61,4,2,54,38,98,101,35,58,14,34" hai3="84,97,65,123,0,72,11,69,44,89,20,57,1"/><V111/><F38/><W92/><G69/><T45/><D118/><U120/><E115/><N who="0" m="44073" /><D5/><U53/><E125/><V131/><F2/><W119/><G72/><T29/><D99/><U43/><E120/><V10/><F111/><W39/><G119/><T96/><D96/><U28/><E80/><V113/><F113/><W85/><G44/><T41/><D68/><U116/><E116/><V77/><F131/><W83/><G20/><N who="0" m="13343" /><D62/><U64/><E64/><V3/><F101/><W82/><G83/><T107/><D107/><U7/><E70/><V50/><F3/><W75/><G89/><T95/><D95/><U117/><E71/><V110/><F110/><W21/><G21/><T18/><D18/><N who="1" m="10695" /><E117/><V132/><F132/><W63/><G65/><T60/><D60/><U86/><E43/><AGARI ba="0,0" hai="27,29,32,41,43,45,48,52" m="13343,44073" machi="43" ten="30,3900,0" yaku="15,1,52,1,54,1" doraHai="15" who="0" fromWho="1" sc="322,39,191,-39,206,0,281,0" />
</Scene>
<Scene>
<INIT seed="7,0,0,5,4,133" ten="361,152,206,281" oya="3" hai0="128,123,37,0,86,39,135,122,90,51,83,127,85" hai1="20,68,119,132,79,100,13,64,16,91,34,21,107" hai2="66,102,4,120,56,84,24,103,63,89,97,78,98" hai3="101,42,30,134,46,33,99,71,1,80,58,5,38"/><W31/><G134/><T15/><D0/><U26/><E132/><V60/><F120/><W53/><G71/><T25/><D135/><U116/><E79/><V74/><F74/><W77/><G33/><T45/><D128/><U59/><E68/><V18/><F4/><W35/><G35/><T65/><D65/><U14/><E34/><V28/><F28/><W67/><G67/><T19/><D25/><U69/><E69/><V115/><F78/><W40/><G42/><T82/><D127/><U48/><E100/><N who="2" m="38443" /><F60/><W70/><G70/><T75/><D75/><U43/><E107/><V2/><F2/><W10/><G58/><T29/><D29/><U54/><E64/><V114/><F114/><W44/><G46/><T81/><D37/><U3/><E3/><V92/><F115/><W129/><G53/><N who="0" m="29935" /><D39/><U95/><E43/><V113/><F113/><W41/><G41/><T111/><D111/><U106/><E106/><V55/><F55/><W96/><G96/><T131/><D131/><U8/><E8/><V130/><F130/><W11/><G10/><N who="0" m="6647" /><D82/><U76/><E76/><AGARI ba="0,0" hai="76,81,83,85,86,90,122,123" m="6647,29935" machi="76" ten="30,1000,0" yaku="25,1" doraHai="133" who="0" fromWho="1" sc="361,10,152,-10,206,0,281,0" owari="371,47.0,142,-36.0,206,-19.0,281,8.0" />
</Scene>
</mjloggm>