<mjloggm ver="2.3"><GO type="169" lobby="0"/><UN n0="%E3%81%8A%E3%81%98%E3%81%95%E3%82%93" n1="%E5%A4%AA%E3%81%8F%E3%81%AA%E3%81%84%E3%81%8A" n2="%53%49%4C%41%53" n3="%E3%81%88%E3%81%B3%E3%83%81%E3%83%AA%EF%BC%94" dan="17,17,16,16" rate="2150.35,2192.62,2079.43,2076.33" sx="M,M,F,M"/><TAIKYOKU oya="0"/>

<Scene>
<INIT seed="0,0,0,5,1,119" ten="250,250,250,250" oya="0" hai0="4,120,99,93,7,86,59,74,90,126,112,29,16" hai1="23,72,117,116,46,83,135,123,17,61,64,101,78" hai2="71,48,121,124,69,87,3,6,104,34,9,12,0" hai3="41,68,54,26,127,79,113,58,57,98,28,43,8"/><T25/><D112/><U56/><E135/><V95/><F104/><W21/><G68/><T32/><D74/><U130/><E130/><V102/><F34/><W53/><G113/><T52/><D126/><U51/><E101/><V24/><F124/><W42/><G79/><T91/><D120/><U85/><E72/><V76/><F24/><W10/><G127/><T88/><D16/><U30/><E30/><V14/><F14/><W129/><G98/><T19/><D19/><U44/><E44/><V84/><F84/><W33/><G33/><T65/><D65/><U66/><E66/><V105/><F105/><W92/><G92/><T35/><D35/><U18/><E18/><V100/><F100/><W1/><G1/><T47/><D47/><U38/><E38/><V94/><F121/><W118/><G118/><T70/><D70/><U82/><E82/><V131/><F102/><W132/><G132/><T50/><REACH who="0" step="1"/><D91/><REACH who="0" ten="240,250,250,250" step="2"/><U111/><E123/><V106/><F69/><W39/><G39/><T110/><D110/><U22/><E111/><V97/><F71/><W122/><G122/><T133/><D133/><U109/><E109/><V107/><F131/><W49/><G129/><T125/><D125/><U55/><E23/><V13/><F9/><W81/><G10/><T73/><D73/><U63/><E22/><V45/><F45/><W11/><G8/><T115/><D115/><U20/><E20/><V96/><F6/><W80/><G11/><T31/><D31/><U75/><E75/><V103/><F103/><W89/><G89/><T128/><D128/><U67/><E17/><RYUUKYOKU ba="0,1" sc="240,10,250,10,250,-30,250,10" hai0="4,7,25,29,32,50,52,59,86,88,90,93,99" hai1="46,51,55,56,61,63,64,67,78,83,85,116,117" hai3="21,26,28,41,42,43,49,53,54,57,58,80,81" />
</Scene>
<Scene>
<INIT seed="0,1,1,5,4,48" ten="250,260,220,260" oya="0" hai0="83,93,27,30,53,95,18,43,134,64,31,54,15" hai1="113,120,101,121,26,9,104,99,52,29,80,72,68" hai2="109,74,67,108,92,124,22,110,117,46,33,20,5" hai3="19,35,119,127,85,130,59,61,76,97,77,8,70"/><T71/><D134/><U7/><E113/><V91/><F33/><W112/><G112/><T115/><D115/><U12/><E68/><V94/><F124/><W14/><G35/><T51/><D71/><U123/><E72/><V16/><F74/><W69/><G119/><T37/><D64/><U81/><REACH who="1" step="1"/><E52/><REACH who="1" ten="250,250,220,260" step="2"/><N who="0" m="20073" /><D37/><U133/><E133/><V125/><F117/><W82/><G69/><T79/><D27/><U40/><E40/><V118/><F118/><W17/><G70/><T38/><D38/><U122/><N who="1" m="31232" /><DORA hai="60" /><U32/><AGARI ba="1,2" hai="7,9,12,26,29,32,80,81,99,101,104" m="31232" machi="32" ten="60,7900,0" yaku="1,1,4,1,0,1,53,0" doraHai="48,60" doraHaiUra="135,55" who="1" fromWho="1" sc="250,-40,250,102,220,-21,260,-21" />
</Scene>
<Scene>
<INIT seed="1,0,0,0,3,40" ten="210,352,199,239" oya="1" hai0="17,126,38,25,89,28,71,69,18,54,24,29,70" hai1="124,60,2,88,27,78,131,19,11,84,101,115,130" hai2="112,23,75,93,91,95,133,103,57,44,4,74,33" hai3="32,46,125,87,105,3,118,106,86,5,66,55,65"/><U35/><E115/><V51/><F33/><W67/><G32/><T43/><D126/><U108/><E101/><V63/><F112/><W52/><G125/><T48/><D43/><U36/><E124/><V68/><F68/><W10/><G118/><T113/><D38/><U81/><E36/><V6/><F133/><W13/><G3/><T16/><D89/><U120/><E120/><V121/><F121/><W76/><G55/><T34/><D113/><U92/><E108/><V53/><F74/><W72/><G72/><T0/><D0/><U102/><E102/><V123/><F75/><W22/><G22/><T21/><REACH who="0" step="1"/><D71/><REACH who="0" ten="200,352,199,239" step="2"/><U79/><E2/><V7/><F123/><W97/><G76/><T117/><D117/><U110/><E79/><V129/><F129/><W135/><G135/><T119/><D119/><U80/><E78/><V20/><F103/><W1/><G1/><T85/><D85/><U62/><E130/><V37/><F37/><W61/><G87/><T45/><AGARI ba="0,1" hai="16,17,18,21,24,25,28,29,34,45,48,54,69,70" machi="45" ten="30,7900,0" yaku="1,1,0,1,52,1,54,1,53,0" doraHai="40" doraHaiUra="122" who="0" fromWho="0" sc="200,89,352,-39,199,-20,239,-20" />
</Scene>
<Scene>
<INIT seed="2,0,0,4,3,89" ten="289,313,179,219" oya="2" hai0="12,101,58,50,32,77,85,28,65,71,81,6,39" hai1="52,16,31,103,49,35,13,129,61,42,111,57,55" hai2="96,110,54,47,21,44,104,9,114,68,75,64,134" hai3="67,122,86,5,112,95,94,56,8,128,38,87,83"/><V117/><F117/><W80/><G122/><T135/><D39/><U41/><E111/><V66/><F114/><W121/><G38/><T26/><D135/><U72/><E72/><V105/><F75/><W25/><G121/><T125/><D125/><U27/><E103/><V0/><F134/><W74/><G74/><T2/><D2/><U33/><E33/><V36/><F110/><W10/><G112/><T126/><D71/><U98/><E98/><V53/><F36/><W40/><G40/><T63/><D126/><U119/><E129/><V60/><F21/><W88/><G25/><T100/><REACH who="0" step="1"/><D50/><REACH who="0" ten="279,313,179,219" step="2"/><U15/><E119/><V130/><F68/><W84/><G128/><T43/><D43/><U51/><E51/><V92/><F0/><W24/><G56/><T120/><D120/><U115/><E115/><V17/><F130/><W11/><G5/><T102/><D102/><U91/><E42/><V109/><F109/><W46/><G46/><T7/><D7/><U20/><E41/><V133/><F44/><W22/><G67/><T18/><D18/><U79/><E16/><V118/><F133/><W113/><G113/><T37/><D37/><U82/><E57/><N who="2" m="34871" /><F118/><W123/><G123/><T23/><D23/><U30/><E20/><V76/><F64/><W127/><G127/><T97/><D97/><U73/><E49/><V48/><F66/><W78/><G83/><T19/><D19/><U3/><E82/><V70/><F70/><W59/><G59/><T132/><D132/><U131/><E131/><V90/><F76/><W99/><G78/><T4/><D4/><RYUUKYOKU ba="0,1" sc="279,15,313,-15,179,15,219,-15" hai0="6,12,26,28,32,58,63,65,77,81,85,100,101" hai2="9,17,47,48,53,90,92,96,104,105" />
</Scene>
<Scene>
<INIT seed="2,1,1,5,0,115" ten="294,298,194,204" oya="2" hai0="22,12,64,94,99,98,93,59,111,87,57,83,123" hai1="78,11,82,107,18,90,14,9,85,130,13,4,135" hai2="45,71,122,76,129,38,1,96,134,131,104,51,105" hai3="103,97,69,49,92,15,26,53,35,43,20,70,25"/><V72/><F122/><W133/><G133/><T0/><D0/><U55/><E135/><V109/><F134/><W75/><G75/><T106/><D106/><U29/><E130/><N who="2" m="49675" /><F71/><W65/><G43/><T63/><D123/><U33/><E107/><V74/><F38/><W47/><G35/><T39/><D39/><U58/><E33/><V80/><F109/><W110/><G110/><T48/><D111/><U36/><E36/><V30/><F1/><W101/><G69/><T21/><D12/><U16/><E29/><V95/><F30/><W5/><G65/><T77/><D48/><U114/><E114/><V32/><F74/><W66/><G101/><N who="0" m="60623" /><D59/><U81/><E4/><V7/><F7/><W24/><G66/><T23/><D23/><U119/><E119/><V54/><F32/><W52/><G70/><T3/><D3/><U31/><E31/><V41/><F41/><N who="3" m="24815" /><G5/><T40/><D40/><U127/><E127/><V91/><AGARI ba="1,1" hai="45,51,54,72,76,80,91,95,96,104,105" m="49675" machi="91" ten="30,1500,0" yaku="19,1" doraHai="115" who="2" fromWho="2" sc="294,-6,298,-6,194,28,204,-6" />
</Scene>
<Scene>
<INIT seed="2,2,0,0,2,3" ten="288,292,222,198" oya="2" hai0="103,37,128,99,112,32,31,39,1,33,50,127,11" hai1="27,84,114,101,100,52,129,94,109,82,56,131,79" hai2="78,115,54,58,67,130,116,88,98,132,104,111,125" hai3="42,96,86,29,119,73,123,107,75,22,81,85,89"/><V47/><F116/><W48/><G119/><T133/><D112/><U45/><E114/><V97/><F115/><W90/><G123/><T87/><D127/><U71/><E71/><V44/><F125/><W108/><G42/><T36/><D128/><N who="1" m="49227" /><E109/><V120/><F130/><W26/><G108/><T15/><D31/><U34/><E45/><V28/><F111/><W64/><G64/><T72/><D72/><U43/><E43/><V59/><F120/><W51/><G75/><T0/><D50/><N who="1" m="30743" /><E94/><V60/><F132/><W105/><G73/><T19/><D133/><U8/><E8/><V106/><F78/><W41/><G105/><T91/><D33/><U14/><E14/><V12/><F12/><W4/><G4/><T55/><D32/><U118/><E118/><V65/><F54/><W35/><G35/><T24/><D24/><U18/><E18/><V77/><F77/><W95/><G41/><T40/><D40/><U25/><E25/><V110/><F110/><W134/><G134/><T102/><D55/><U5/><E5/><V92/><F92/><W38/><G38/><T124/><D124/><U121/><E121/><V21/><F28/><AGARI ba="2,0" hai="27,28,34,79,82,84,100,101" m="30743,49227" machi="28" ten="30,2000,0" yaku="19,1,54,1" doraHai="3" who="1" fromWho="2" sc="288,0,292,26,222,-26,198,0" />
</Scene>
<Scene>
<INIT seed="3,0,0,5,4,46" ten="288,318,196,198" oya="3" hai0="61,12,112,36,35,98,2,68,47,8,108,99,58" hai1="128,90,130,24,13,76,70,48,55,107,32,84,91" hai2="104,122,85,37,73,25,49,118,4,66,29,26,81" hai3="89,132,19,92,116,127,15,120,0,65,71,124,134"/><W100/><G0/><T41/><D2/><U57/><E70/><V105/><F37/><W115/><G115/><T5/><D35/><U88/><E107/><V39/><F39/><W72/><G72/><T109/><D68/><U54/><E13/><V6/><F73/><W63/><G116/><T74/><D74/><U103/><E103/><V97/><F118/><W102/><G120/><T96/><REACH who="0" step="1"/><D112/><REACH who="0" ten="278,318,196,198" step="2"/><U10/><E32/><V79/><F122/><W101/><G124/><T53/><AGARI ba="0,1" hai="5,8,12,36,41,47,53,58,61,96,98,99,108,109" machi="53" ten="30,7900,0" yaku="1,1,2,1,0,1,53,1" doraHai="46" doraHaiUra="11" who="0" fromWho="0" sc="278,89,318,-20,196,-20,198,-39" />
</Scene>
<Scene>
<INIT seed="4,0,0,5,1,106" ten="367,298,176,159" oya="0" hai0="29,74,12,38,113,62,39,128,111,23,11,84,68" hai1="95,18,119,76,8,53,90,123,65,0,1,125,60" hai2="33,19,132,131,86,101,110,120,87,80,4,16,7" hai3="116,9,40,103,41,134,10,42,71,52,5,121,47"/><T14/><D113/><U63/><E119/><V21/><F33/><W73/><G116/><T2/><D2/><U75/><E123/><V77/><F120/><W99/><G121/><T55/><D74/><U24/><E125/><V26/><F110/><W6/><G71/><T48/><D111/><U133/><E133/><V37/><F132/><W72/><G134/><T88/><D128/><U83/><E53/><V56/><F37/><W15/><G52/><T27/><D62/><U57/><E63/><V135/><F131/><W102/><G47/><T58/><D68/><U51/><E51/><V20/><F135/><W45/><G45/><T64/><D64/><U97/><REACH who="1" step="1"/><E8/><REACH who="1" ten="367,288,176,159" step="2"/><V13/><F56/><W50/><G50/><T32/><D39/><U28/><E28/><V94/><REACH who="2" step="1"/><F87/><REACH who="2" ten="367,288,166,159" step="2"/><W124/><G124/><T93/><D38/><U117/><E117/><V78/><F78/><W96/><G42/><T129/><D129/><U81/><E81/><V104/><F104/><W114/><G15/><T17/><REACH who="0" step="1"/><D14/><REACH who="0" ten="357,288,166,159" step="2"/><U122/><E122/><V36/><F36/><W92/><REACH who="3" step="1"/><G114/><REACH who="3" ten="357,288,166,149" step="2"/><RYUUKYOKU type="reach4" ba="0,4" sc="357,0,288,0,166,0,149,0" hai0="11,12,17,23,27,29,32,48,55,58,84,88,93" hai1="0,1,18,24,57,60,65,75,76,83,90,95,97" hai2="4,7,13,16,19,20,21,26,77,80,86,94,101" hai3="5,6,9,10,40,41,72,73,92,96,99,102,103" />
</Scene>
<Scene>
<INIT seed="4,1,4,5,2,111" ten="357,288,166,149" oya="0" hai0="104,34,31,58,102,66,20,56,43,54,88,69,27" hai1="6,99,23,71,124,24,0,38,78,47,41,112,131" hai2="49,7,98,10,36,89,123,81,1,8,48,103,116" hai3="51,40,50,52,35,118,127,106,29,83,95,16,94"/><T130/><D43/><U19/><E71/><V135/><F123/><W60/><G106/><T93/><D130/><U44/><E131/><V87/><F36/><W37/><G118/><T122/><D122/><U68/><E68/><V129/><F116/><W110/><G110/><T26/><D69/><U22/><E124/><V11/><F129/><W132/><G29/><T53/><D104/><U120/><E120/><V12/><F135/><W25/><G35/><T46/><D46/><U21/><E99/><V39/><F39/><W75/><G127/><T73/><D73/><U128/><E128/><V28/><F28/><W57/><G37/><T61/><D56/><U115/><E44/><V42/><F42/><W67/><G83/><T33/><D33/><U92/><E92/><N who="3" m="35370" /><G75/><T72/><D72/><U133/><E78/><V79/><F79/><W30/><G30/><N who="0" m="17735" /><D88/><U100/><E100/><V9/><REACH who="2" step="1"/><F1/><REACH who="2" ten="357,288,156,149" step="2"/><W90/><G132/><T55/><D31/><U97/><E133/><V74/><F74/><W13/><G90/><T117/><D34/><U4/><E0/><V85/><F85/><W126/><G126/><T14/><D117/><U107/><E97/><V2/><F2/><W76/><G76/><T18/><D102/><U84/><E84/><V70/><F70/><W45/><G40/><T32/><D32/><U119/><E119/><V101/><F101/><W65/><G25/><T109/><D27/><U134/><E134/><V5/><F5/><N who="1" m="2153" /><E107/><AGARI ba="1,5" hai="7,8,9,10,11,12,48,49,81,87,89,98,103,107" machi="107" ten="40,1300,0" yaku="1,1,53,0" doraHai="111" doraHaiUra="105" who="2" fromWho="1" sc="357,0,288,-16,156,66,149,0" />
</Scene>
<Scene>
<INIT seed="5,0,0,5,3,70" ten="357,272,222,149" oya="1" hai0="128,112,29,10,108,3,114,32,115,82,125,55,2" hai1="18,20,27,34,118,87,76,33,53,91,41,24,126" hai2="109,77,97,110,124,25,119,22,54,59,7,104,130" hai3="39,116,12,83,129,14,61,89,78,50,9,121,135"/><U35/><E118/><V127/><F119/><W131/><G116/><T47/><D108/><U107/><E107/><V58/><F130/><W96/><G121/><T113/><D128/><N who="3" m="49225" /><G135/><T31/><D115/><U13/><E76/><V92/><F104/><W1/><G61/><T69/><D69/><U79/><E79/><V95/><F77/><W15/><G50/><N who="0" m="29151" /><D125/><N who="2" m="48202" /><F7/><N who="3" m="1263" /><G96/><T66/><D66/><U43/><E126/><V60/><F59/><W51/><G51/><T71/><D71/><U57/><E41/><V5/><F5/><W102/><G102/><T73/><D73/><U67/><E43/><V80/><F80/><W62/><G62/><T75/><D82/><U64/><E64/><V117/><F95/><W28/><G89/><T68/><D75/><U106/><E67/><V44/><F117/><W48/><G48/><T90/><D68/><U132/><E106/><V120/><F120/><W93/><G93/><T86/><D90/><U99/><E132/><V16/><F44/><W63/><G63/><T84/><D84/><U52/><E99/><V11/><F11/><W17/><G28/><T88/><D31/><U26/><REACH who="1" step="1"/><E57/><REACH who="1" ten="357,262,222,149" step="2"/><V6/><F109/><W30/><G78/><T0/><D114/><U81/><AGARI ba="0,1" hai="13,18,20,24,26,27,33,34,35,52,53,81,87,91" machi="81" ten="40,18000,2" yaku="1,1,2,1,0,1,54,1,53,2" doraHai="70" doraHaiUra="49" who="1" fromWho="1" sc="357,-60,262,190,222,-60,149,-60" />
</Scene>
<Scene>
<INIT seed="5,1,0,3,1,129" ten="297,452,162,89" oya="1" hai0="48,86,115,60,35,118,108,59,105,29,62,7,54" hai1="128,127,71,13,40,5,103,33,111,92,64,46,1" hai2="98,83,37,31,72,8,43,23,19,14,88,56,32" hai3="4,0,109,45,69,22,113,34,107,65,100,36,81"/><U10/><E33/><V27/><F72/><W21/><G109/><T97/><D108/><U77/><E111/><V68/><F68/><W41/><G113/><T20/><D35/><U75/><E128/><V76/><F56/><W44/><G44/><T114/><D7/><U126/><E103/><V58/><F76/><W28/><G21/><T78/><D97/><U25/><E25/><V130/><F130/><W18/><G81/><N who="0" m="47415" /><D105/><U15/><E92/><V95/><F83/><W94/><G94/><T91/><D91/><U70/><E77/><V47/><F58/><W99/><G22/><T74/><D74/><U106/><E75/><V82/><F82/><W6/><G18/><T132/><D118/><U123/><E106/><V87/><REACH who="2" step="1"/><F32/><REACH who="2" ten="297,452,152,89" step="2"/><W116/><G116/><T3/><D59/><U16/><E71/><V61/><F61/><N who="3" m="40111" /><G0/><T30/><D62/><U124/><E70/><V26/><F26/><AGARI ba="1,1" hai="4,6,26,28,34,36,41,45,99,100,107" m="40111" machi="26" ten="30,1000,0" yaku="25,1" doraHai="129" who="3" fromWho="2" sc="297,0,452,0,152,-13,89,23" />
</Scene>
<Scene>
<INIT seed="6,0,0,4,0,125" ten="297,452,139,112" oya="2" hai0="89,108,102,49,62,96,68,135,26,31,22,113,32" hai1="10,30,29,100,91,18,15,50,0,8,128,66,23" hai2="47,36,75,17,78,74,19,124,122,69,52,119,73" hai3="117,39,55,20,11,4,42,54,61,28,16,80,71"/><V53/><F122/><W77/><G117/><T24/><D108/><U132/><E100/><V63/><F119/><W81/><G28/><T84/><D113/><U12/><E66/><V38/><F78/><W134/><G134/><T35/><D49/><U114/><E114/><V34/><F34/><W92/><G92/><T33/><D135/><U43/><E0/><V112/><F112/><W105/><G105/><N who="0" m="63687" /><D22/><U72/><E91/><V5/><F5/><W2/><G80/><N who="0" m="49287" /><D26/><U21/><E50/><V123/><F124/><W58/><G71/><T25/><D25/><U70/><E70/><V13/><F123/><W133/><G133/><T6/><D6/><U93/><E43/><V59/><F69/><W60/><G42/><T45/><D45/><U85/><E21/><V44/><F13/><W110/><G39/><N who="2" m="14889" /><F59/><W27/><G110/><T90/><D90/><U127/><E127/><V95/><F63/><W115/><G115/><T76/><D76/><U56/><E56/><V57/><F57/><W87/><G60/><T48/><D48/><U14/><E132/><V130/><F47/><W129/><REACH who="3" step="1"/><G55/><REACH who="3" ten="297,452,139,102" step="2"/><T131/><D62/><U104/><E104/><V99/><F53/><W116/><G116/><T86/><D68/><U7/><E29/><V120/><F120/><W101/><G101/><T106/><D106/><U126/><E30/><V40/><F40/><W88/><G88/><T65/><D35/><U1/><E126/><V98/><F52/><W121/><G121/><T41/><D33/><U103/><E103/><V37/><F95/><W97/><G97/><T9/><D32/><RYUUKYOKU ba="0,1" sc="297,-10,452,-10,139,-10,102,30" hai3="2,4,11,16,20,27,54,58,61,77,81,87,129" />
</Scene>
<Scene>
<INIT seed="7,1,1,5,1,103" ten="287,442,129,132" oya="3" hai0="93,116,84,43,125,107,122,78,19,100,30,25,94" hai1="106,124,82,111,44,99,41,31,121,56,110,127,37" hai2="126,50,62,7,80,74,49,101,38,34,13,60,98" hai3="59,55,118,54,45,81,131,88,123,79,42,8,112"/><W18/><G123/><T130/><D107/><U16/><E121/><V11/><F38/><W47/><G118/><T5/><D43/><U10/><E31/><V51/><F34/><W39/><G112/><T36/><D5/><U33/><E33/><V102/><F126/><N who="1" m="48169" /><E56/><V64/><F62/><W77/><G131/><T89/><D94/><U66/><E66/><V120/><F120/><W2/><G47/><T9/><D78/><U35/><E35/><V21/><F21/><W73/><G79/><T97/><D100/><N who="2" m="38506" /><F74/><W85/><G59/><T109/><D89/><U75/><E99/><V29/><F98/><W65/><G65/><T3/><D9/><U86/><E16/><V6/><F29/><W46/><G46/><T48/><D3/><U12/><E44/><V32/><F32/><W105/><G105/><T71/><D36/><U114/><E82/><V63/><F64/><W26/><G26/><T132/><D25/><U52/><E12/><N who="2" m="5239" /><F80/><N who="3" m="49191" /><G18/><T133/><D19/><U128/><E128/><V91/><F91/><W15/><G15/><T1/><D116/><U4/><E37/><V119/><F119/><W135/><G135/><T40/><D132/><U117/><E117/><V115/><F115/><W0/><G0/><T22/><D1/><U20/><E106/><V108/><F108/><W129/><G129/><T72/><D130/><U24/><E111/><V83/><F83/><W87/><G87/><T96/><D109/><U61/><E24/><V53/><F53/><W27/><G27/><T92/><D133/><U67/><E110/><V17/><F17/><W23/><G23/><RYUUKYOKU ba="1,1" sc="287,-15,442,-15,129,15,132,15" hai2="7,13,49,50,51,60,63" hai3="2,8,39,42,45,54,55,73,77,81" />
</Scene>
<Scene>
<INIT seed="7,2,1,2,2,108" ten="272,427,144,147" oya="3" hai0="129,127,35,26,69,78,116,74,40,72,47,98,59" hai1="20,67,22,105,18,73,75,7,6,70,104,97,122" hai2="96,61,128,113,53,119,5,38,125,32,62,29,84" hai3="41,130,124,45,81,23,36,44,43,107,64,110,16"/><W2/><G110/><T58/><D69/><U31/><E31/><V37/><F119/><W56/><G107/><T52/><D127/><U34/><E34/><V100/><F125/><W94/><G124/><T68/><D68/><U10/><E70/><V28/><F128/><W83/><G130/><T12/><D58/><U120/><E18/><V48/><F5/><W86/><G2/><T55/><D55/><U85/><E85/><V111/><F111/><W51/><G94/><T135/><D135/><U115/><E97/><V88/><F38/><W24/><G86/><T50/><D116/><U49/><E49/><V25/><F37/><W8/><G8/><T87/><D12/><U21/><E21/><V15/><F15/><W92/><G92/><T114/><D98/><U121/><E121/><V57/><F113/><W112/><G112/><T133/><D133/><U132/><E115/><V9/><F9/><W102/><G102/><T30/><D114/><U117/><E132/><V14/><F14/><W118/><G118/><T11/><D11/><U91/><E117/><V90/><F29/><W42/><G43/><T54/><D129/><U89/><E67/><V99/><F99/><W93/><G93/><T33/><D40/><U71/><E71/><V109/><F109/><W13/><G13/><T126/><D126/><U66/><E66/><V1/><F1/><W103/><G103/><T95/><D33/><U27/><E6/><V79/><F79/><W76/><G76/><T106/><D106/><U134/><E7/><V101/><F101/><W60/><AGARI ba="2,1" hai="16,23,24,36,41,42,44,45,51,56,60,64,81,83" machi="60" ten="30,3000,0" yaku="0,1,54,1" doraHai="108" who="3" fromWho="3" sc="272,-12,427,-12,144,-12,147,46" />
</Scene>
<Scene>
<INIT seed="7,3,0,1,3,115" ten="260,415,132,193" oya="3" hai0="35,129,14,103,34,95,64,53,126,10,124,111,26" hai1="75,114,12,29,122,96,105,3,57,79,50,20,67" hai2="46,73,123,28,51,121,62,2,44,31,99,83,127" hai3="102,131,74,120,113,93,84,27,85,43,92,94,107"/><W132/><G43/><T128/><D64/><U32/><E79/><V39/><F2/><W58/><G113/><T42/><D42/><U108/><E75/><V72/><F39/><W13/><G120/><T49/><D95/><U133/><E3/><V68/><F127/><N who="0" m="48682" /><D103/><U80/><E12/><V4/><F4/><W69/><G69/><T1/><D1/><U66/><E67/><V63/><F99/><N who="3" m="61919" /><G131/><N who="0" m="50251" /><D26/><U82/><E66/><V55/><F51/><W117/><G27/><T0/><D0/><U40/><E50/><V119/><F83/><W23/><G58/><N who="0" m="33071" /><D111/><U16/><E108/><V77/><F77/><W21/><G13/><T98/><D98/><U78/><E96/><V76/><F76/><W30/><G23/><T109/><D109/><U61/><E20/><V70/><F55/><W100/><G21/><T25/><D25/><U7/><E40/><V89/><F89/><W19/><G30/><T87/><D87/><U110/><E29/><V45/><F45/><W116/><G19/><AGARI ba="3,0" hai="10,14,19,34,35" m="33071,50251,48682" machi="19" ten="30,2000,0" yaku="18,1,19,1" doraHai="115" who="0" fromWho="3" sc="260,29,415,0,132,0,193,-29" owari="289,9.0,415,52.0,132,-37.0,164,-24.0" />
</Scene>
</mjloggm>