<mjloggm ver="2.3"><GO type="169" lobby="0"/><UN n0="%E3%82%AC%E3%83%9F%E3%82%B4%E3%83%B3" n1="%E3%83%8F%E3%83%A0%E3%81%95%E3%81%84%E3%81%A6%E3%82%87" n2="%E5%A4%AA%E3%81%8F%E3%81%AA%E3%81%84%E3%81%8A" n3="%E2%99%AA%E3%83%A2%E3%83%8E%E3%82%AF%E3%83%AD" dan="17,16,17,16" rate="2183.29,2133.07,2204.49,2122.46" sx="M,M,M,F"/><TAIKYOKU oya="0"/>

<Scene>
<INIT seed="0,0,0,0,1,38" ten="250,250,250,250" oya="0" hai0="126,97,22,88,41,2,117,90,30,5,4,21,133" hai1="110,91,10,130,16,59,77,76,70,84,101,58,29" hai2="8,71,24,13,114,32,66,113,75,63,14,111,11" hai3="124,129,94,25,92,81,18,65,79,54,39,33,99"/><T120/><D117/><U42/><E70/><V115/><F75/><W107/><G124/><T57/><D120/><U46/><E130/><V44/><F111/><W121/><G129/><T125/><D133/><U23/><E110/><V64/><F64/><W68/><G121/><T103/><D57/><U80/><E101/><V56/><F71/><W60/><G39/><T85/><D41/><U116/><E116/><V15/><REACH who="2" step="1"/><F44/><REACH who="2" ten="250,250,240,250" step="2"/><W7/><G65/><T62/><D126/><U87/><E29/><AGARI ba="0,1" hai="8,11,13,14,15,24,29,32,56,63,66,113,114,115" machi="29" ten="50,6400,0" yaku="1,1,2,1,53,1" doraHai="38" doraHaiUra="27" who="2" fromWho="1" sc="250,0,250,-64,240,74,250,0" />
</Scene>
<Scene>
<INIT seed="1,0,0,2,3,51" ten="250,186,314,250" oya="1" hai0="29,94,96,2,30,124,46,98,87,73,135,110,81" hai1="25,6,66,74,58,114,62,99,11,41,109,78,118" hai2="37,107,57,102,100,134,43,36,91,123,63,47,82" hai3="101,52,119,105,3,80,48,8,17,104,64,69,88"/><U20/><E118/><V12/><F123/><W85/><G101/><T54/><D2/><U56/><E114/><V77/><F134/><W127/><G127/><T90/><D135/><U22/><E109/><V34/><F34/><W45/><G119/><T95/><D124/><U79/><E41/><V0/><F0/><W19/><G19/><T4/><D4/><U84/><E74/><V72/><F37/><W40/><G40/><T129/><D129/><U35/><E35/><V120/><F120/><W26/><G26/><T31/><D110/><U68/><E99/><N who="0" m="37929" /><D73/><U125/><E125/><V75/><F107/><W92/><G92/><T131/><D131/><U28/><E20/><V116/><F75/><W93/><G93/><T112/><D112/><U18/><E28/><V13/><F91/><W97/><G97/><T9/><D9/><U32/><E32/><V59/><F59/><W89/><G89/><T33/><D33/><U55/><E84/><V10/><F116/><W106/><G3/><T117/><D117/><U38/><E38/><V50/><F36/><W86/><G86/><T132/><D132/><U83/><E83/><V113/><F113/><W21/><G21/><T7/><D7/><U27/><E27/><V115/><F115/><W24/><G24/><T122/><D122/><U130/><E130/><V61/><F102/><W71/><G64/><T39/><D39/><U126/><E126/><V103/><F100/><W76/><G76/><N who="1" m="29226" /><E55/><N who="2" m="33983" /><F103/><W133/><G133/><T49/><AGARI ba="0,0" hai="29,30,31,46,49,54,81,87,90,94,95" m="37929" machi="49" ten="30,2000,0" yaku="8,1,52,1" doraHai="51" who="0" fromWho="0" sc="250,20,186,-10,314,-5,250,-5" />
</Scene>
<Scene>
<INIT seed="2,0,0,5,1,100" ten="270,176,309,245" oya="2" hai0="135,49,108,75,50,4,46,103,130,96,32,22,88" hai1="60,128,89,123,35,117,94,33,114,129,84,30,41" hai2="1,57,15,10,7,111,101,79,56,67,47,127,121" hai3="63,86,62,45,48,52,11,24,26,17,131,21,133"/><V99/><F121/><W70/><G131/><N who="1" m="50250" /><E117/><V53/><F127/><W91/><G133/><T87/><D32/><U3/><E114/><V119/><F119/><W122/><G122/><T97/><D75/><U23/><E123/><V110/><F79/><W54/><G70/><T85/><D130/><U6/><E41/><V34/><F34/><N who="1" m="12809" /><E60/><V39/><F67/><W113/><G113/><T58/><D135/><U51/><E51/><N who="2" m="28927" /><F1/><W92/><G26/><T18/><D108/><N who="2" m="41514" /><F39/><W124/><G124/><T77/><D4/><U125/><E125/><V82/><F82/><W31/><G54/><N who="0" m="32087" /><D77/><U27/><E6/><V71/><F71/><W116/><G116/><T118/><D118/><U2/><AGARI ba="0,0" hai="2,3,23,27,30,84,89,94" m="12809,50250" machi="2" ten="40,1500,0" yaku="19,1" doraHai="100" who="1" fromWho="1" sc="270,-4,176,15,309,-7,245,-4" />
</Scene>
<Scene>
<INIT seed="3,0,0,0,3,48" ten="266,191,302,241" oya="3" hai0="95,50,99,81,115,41,58,119,75,36,128,74,19" hai1="65,101,88,86,84,125,117,12,3,127,104,20,130" hai2="38,24,134,113,135,66,60,76,97,111,8,91,28" hai3="1,40,10,133,27,87,64,56,94,92,98,35,18"/><W129/><G129/><T52/><D119/><U47/><E117/><V105/><F113/><W80/><G133/><N who="2" m="50697" /><F38/><W33/><G40/><T67/><D128/><U53/><E130/><V96/><F111/><W45/><G45/><N who="0" m="25903" /><D74/><U55/><E3/><V31/><F76/><W61/><G92/><T51/><D75/><U103/><E65/><V63/><F105/><W106/><G106/><T11/><D36/><U90/><E104/><V7/><F91/><N who="1" m="34857" /><E47/><V4/><F60/><W77/><G1/><T5/><D115/><U16/><E127/><V39/><F39/><W37/><G37/><T83/><D67/><U73/><E73/><V22/><F31/><W131/><G131/><T93/><D5/><N who="2" m="2122" /><F8/><W49/><G49/><T62/><D51/><U23/><E20/><V30/><F30/><W25/><G33/><T21/><D11/><U107/><E125/><V112/><F112/><W124/><G35/><T57/><D57/><AGARI ba="0,0" hai="22,24,28,57,63,66,96,97" m="2122,50697" machi="57" ten="30,1000,0" yaku="20,1" doraHai="48" who="2" fromWho="0" sc="266,-10,191,0,302,10,241,0" />
</Scene>
<Scene>
<INIT seed="4,0,0,5,4,31" ten="256,191,312,241" oya="0" hai0="71,100,120,75,26,93,49,9,52,32,72,118,8" hai1="101,115,108,5,87,16,102,94,67,97,113,27,7" hai2="56,64,0,117,24,23,1,21,98,90,19,29,11" hai3="25,33,119,28,65,109,104,78,83,53,17,46,128"/><T20/><D118/><U85/><E108/><V68/><F68/><W61/><G109/><T82/><D120/><U47/><E67/><V57/><F117/><W135/><G119/><T103/><D71/><U81/><E47/><V76/><F76/><W41/><G104/><T126/><D126/><U4/><E101/><V40/><F40/><W80/><G128/><T121/><D121/><U114/><REACH who="1" step="1"/><E81/><REACH who="1" ten="256,181,312,241" step="2"/><V62/><F64/><W60/><G65/><T110/><D110/><U51/><E51/><V95/><F62/><W70/><G83/><T129/><D129/><U131/><E131/><V36/><F36/><W84/><G61/><T124/><D124/><U111/><E111/><V91/><F57/><W127/><G127/><T112/><D103/><U3/><E3/><V63/><F0/><W77/><G70/><T66/><D66/><U55/><E55/><V34/><F56/><W39/><G53/><T43/><D52/><U12/><E12/><V133/><F63/><W13/><G60/><T50/><D82/><U86/><E86/><V107/><F1/><W22/><REACH who="3" step="1"/><G135/><REACH who="3" ten="256,181,312,231" step="2"/><T89/><D75/><U123/><E123/><V99/><F133/><W14/><G14/><T42/><D72/><U38/><E38/><V92/><F107/><W79/><AGARI ba="0,2" hai="13,17,22,25,28,33,39,41,46,77,78,79,80,84" machi="79" ten="20,5200,0" yaku="1,1,0,1,7,1,52,1,53,0" doraHai="31" doraHaiUra="116" who="3" fromWho="3" sc="256,-26,181,-13,312,-13,231,72" />
</Scene>
<Scene>
<INIT seed="5,0,0,1,4,112" ten="230,168,299,303" oya="1" hai0="120,7,88,69,22,17,9,76,103,40,11,81,47" hai1="24,20,131,92,84,3,94,2,57,63,121,110,12" hai2="80,117,58,23,83,14,60,125,66,123,97,31,107" hai3="134,68,75,70,113,90,61,130,135,1,122,48,96"/><U37/><E121/><V33/><F123/><W28/><G122/><T0/><D69/><U119/><E37/><V85/><F33/><W72/><G1/><T25/><D120/><U71/><E71/><N who="3" m="27178" /><G61/><T43/><D103/><U36/><E36/><V6/><F125/><W50/><G113/><T52/><D11/><U30/><E110/><V21/><F107/><W13/><G28/><T108/><D108/><U38/><E38/><V73/><F97/><W19/><G90/><T62/><D88/><U104/><E104/><V10/><F31/><W34/><G34/><T55/><D62/><U126/><E126/><V124/><F124/><W132/><G96/><T64/><D64/><U99/><E131/><V98/><F98/><W42/><G130/><T51/><REACH who="0" step="1"/><D55/><REACH who="0" ten="220,168,299,303" step="2"/><U67/><E119/><V95/><F117/><W44/><G134/><T118/><D118/><U91/><E12/><V127/><F127/><W129/><G129/><T53/><D53/><U54/><E54/><V114/><F114/><W46/><G132/><T45/><D45/><U56/><E56/><V93/><F58/><W27/><G135/><T8/><D8/><U116/><E116/><V106/><F66/><W59/><G59/><T5/><D5/><U79/><E79/><N who="2" m="44143" /><F60/><W78/><G78/><T18/><D18/><U128/><E128/><V29/><F29/><W100/><G46/><T115/><D115/><U77/><E77/><N who="2" m="46319" /><F106/><W86/><G44/><T26/><D26/><U49/><E49/><V65/><F65/><W82/><G27/><T39/><D39/><U35/><E35/><V102/><F102/><AGARI ba="0,1" hai="2,3,20,24,30,57,63,67,84,91,92,94,99,102" machi="102" ten="30,11600,0" yaku="6,1,7,1,25,2" doraHai="112" who="1" fromWho="2" sc="220,0,168,126,299,-116,303,0" />
</Scene>
<Scene>
<INIT seed="5,1,0,2,3,8" ten="220,294,183,303" oya="1" hai0="22,98,130,3,122,61,16,86,19,45,106,92,115" hai1="73,47,40,66,49,95,103,131,74,56,14,127,64" hai2="121,89,55,99,27,11,100,101,81,119,0,109,18" hai3="34,75,46,43,85,112,104,134,124,42,39,24,132"/><U111/><E127/><V120/><F109/><W51/><G75/><T62/><D3/><U59/><E111/><V110/><F110/><W32/><G104/><T54/><D115/><U108/><E108/><V114/><F119/><W84/><G112/><T118/><D118/><U7/><E131/><V72/><F114/><W53/><G124/><T1/><D1/><U57/><E74/><V69/><F69/><W125/><G125/><T23/><D130/><U87/><E73/><V41/><F41/><N who="3" m="15371" /><G39/><T93/><D106/><U129/><E129/><V133/><F55/><W25/><G32/><T29/><D122/><U31/><E31/><V135/><F27/><N who="3" m="10315" /><G34/><T80/><D29/><U21/><E87/><N who="2" m="50415" /><F0/><W35/><G35/><T79/><D93/><U26/><E95/><N who="2" m="58495" /><F72/><W6/><G6/><T68/><D23/><U105/><E103/><V70/><F70/><W117/><G117/><T12/><D19/><N who="1" m="12607" /><E105/><V63/><F101/><W116/><G116/><T37/><D68/><U38/><E38/><V28/><F28/><W113/><G113/><T30/><D30/><U20/><E20/><V102/><F102/><W91/><G53/><T97/><D37/><U88/><E88/><V90/><F90/><W128/><G91/><N who="0" m="55455" /><D98/><U94/><E94/><V126/><F126/><W36/><G128/><T2/><D2/><U107/><E107/><V96/><F96/><W44/><G36/><T76/><D76/><U65/><E7/><V10/><F121/><W48/><G85/><T9/><D22/><U52/><E52/><V33/><F120/><W58/><G84/><T77/><D77/><RYUUKYOKU ba="1,0" sc="220,15,294,15,183,-15,303,-15" hai0="9,12,16,45,54,61,62,79,80,86" hai1="14,40,47,49,56,57,59,64,65,66" />
</Scene>
<Scene>
<INIT seed="5,2,0,3,2,34" ten="235,309,168,288" oya="1" hai0="128,51,10,47,46,75,94,4,126,82,122,39,91" hai1="78,92,100,77,60,119,55,11,68,44,73,31,29" hai2="3,32,67,70,110,2,22,9,14,28,99,13,131" hai3="56,69,20,103,83,85,63,84,117,133,114,49,79"/><U88/><E119/><V129/><F70/><W43/><G114/><T41/><D128/><N who="2" m="49226" /><F67/><W108/><G108/><T106/><D126/><U12/><E100/><V59/><F59/><W38/><G38/><T40/><D106/><U62/><E73/><V17/><F99/><W101/><G69/><T18/><D122/><U24/><E68/><V27/><F110/><W76/><G133/><T48/><D18/><AGARI ba="2,0" hai="2,3,9,13,14,17,18,22,27,28,32" m="49226" machi="18" ten="30,8000,1" yaku="19,1,34,2,52,2" doraHai="34" who="2" fromWho="0" sc="235,-86,309,0,168,86,288,0" />
</Scene>
<Scene>
<INIT seed="6,0,0,4,5,130" ten="149,309,254,288" oya="2" hai0="91,61,24,117,56,99,107,27,104,23,81,101,98" hai1="45,78,16,115,120,43,53,109,89,127,75,26,49" hai2="135,42,122,67,47,9,102,116,133,69,17,84,32" hai3="14,7,76,92,110,36,11,79,128,113,54,97,125"/><V119/><F32/><W6/><G110/><T52/><D117/><N who="2" m="45130" /><F84/><W46/><G128/><T131/><D131/><U126/><E109/><V57/><F17/><W100/><G125/><T4/><D4/><U44/><E120/><V68/><F9/><W132/><G113/><T31/><D81/><U13/><E115/><V111/><F102/><W74/><G6/><T19/><D99/><U29/><E89/><V21/><F21/><W30/><G30/><T95/><REACH who="0" step="1"/><D101/><REACH who="0" ten="139,309,254,288" step="2"/><U118/><E118/><V71/><F111/><W51/><G7/><T121/><D121/><U10/><E78/><V66/><F122/><W80/><G79/><T64/><D64/><N who="2" m="24618" /><F57/><W3/><G97/><T20/><AGARI ba="0,1" hai="19,20,23,24,27,31,52,56,61,91,95,98,104,107" machi="20" ten="20,12000,2" yaku="1,1,0,1,7,1,25,2,54,1,53,1" doraHai="130" doraHaiUra="15" who="0" fromWho="0" sc="139,130,309,-30,254,-60,288,-30" />
</Scene>
<Scene>
<INIT seed="7,0,0,1,4,75" ten="269,279,194,258" oya="3" hai0="32,109,65,116,37,5,8,68,133,100,91,108,53" hai1="2,97,14,43,121,83,80,33,93,21,122,20,18" hai2="1,125,16,54,126,94,117,17,12,49,134,41,31" hai3="67,113,45,106,82,89,77,10,35,73,74,92,26"/><W87/><G113/><T120/><D32/><U103/><E2/><V23/><F117/><W52/><G106/><T132/><D37/><U29/><E33/><V127/><F1/><W130/><G130/><T58/><D116/><U4/><E4/><V81/><F134/><N who="0" m="51818" /><D120/><U40/><E121/><V66/><F66/><W115/><G115/><T38/><D38/><U69/><E69/><V104/><F104/><W105/><G105/><T86/><D100/><U96/><E96/><V114/><F114/><W129/><G129/><T124/><D124/><U9/><E122/><V110/><F110/><W118/><G118/><T57/><D65/><U46/><E43/><V128/><F128/><W28/><G67/><T71/><D58/><U62/><E62/><V112/><F112/><W84/><REACH who="3" step="1"/><G10/><REACH who="3" ten="269,279,194,248" step="2"/><T25/><D8/><U78/><E29/><V3/><F31/><W102/><G102/><T30/><D109/><U63/><E63/><V48/><F3/><W131/><G131/><T88/><D108/><U76/><E9/><V111/><F111/><W6/><G6/><T98/><D5/><U44/><E21/><V123/><F123/><W101/><G101/><T24/><D30/><U60/><E60/><V59/><F17/><W56/><G56/><T0/><D71/><U27/><E46/><N who="2" m="25679" /><F94/><W72/><G72/><T61/><D68/><U99/><E44/><V36/><F81/><W42/><G42/><T90/><D0/><U34/><E83/><V39/><AGARI ba="0,1" hai="12,16,23,36,39,49,54,59,125,126,127" m="25679" machi="39" ten="40,2700,0" yaku="18,1,54,1" doraHai="75" who="2" fromWho="2" sc="269,-7,279,-7,194,37,248,-13" />
</Scene>
<Scene>
<INIT seed="8,0,0,4,1,93" ten="262,272,231,235" oya="0" hai0="117,51,110,36,34,42,130,31,113,49,8,60,91" hai1="66,0,26,12,86,92,126,70,1,40,121,112,114" hai2="28,65,115,11,9,32,25,76,7,74,97,41,16" hai3="107,14,53,52,83,72,118,13,2,78,68,95,131"/><T19/><D113/><N who="1" m="43627" /><E121/><V57/><F115/><W58/><G107/><T108/><D117/><U111/><E111/><V133/><F133/><W45/><G68/><T38/><D130/><U27/><E126/><V119/><F119/><W56/><G2/><N who="1" m="1130" /><E40/><V77/><F41/><W61/><G118/><T102/><D102/><U43/><E43/><V101/><F74/><W106/><G106/><T47/><D38/><U62/><E12/><V67/><F7/><W100/><G45/><T79/><D79/><U134/><E134/><V120/><F120/><W64/><G131/><T73/><D73/><U128/><E128/><V46/><F46/><W55/><REACH who="3" step="1"/><G58/><REACH who="3" ten="262,272,231,225" step="2"/><T71/><D71/><U22/><E22/><V82/><F57/><W116/><G116/><T129/><D129/><U123/><E123/><V132/><F132/><W20/><G20/><T96/><D110/><U50/><E50/><V21/><F9/><W90/><G90/><AGARI ba="0,1" hai="26,27,62,66,70,86,90,92" m="1130,43627" machi="90" ten="30,1000,0" yaku="11,1" doraHai="93" who="1" fromWho="3" sc="262,0,272,20,231,0,225,-10" />
</Scene>
<Scene>
<INIT seed="9,0,0,4,5,93" ten="262,292,231,215" oya="1" hai0="42,21,48,114,9,122,97,131,135,69,72,117,91" hai1="82,44,124,78,132,60,51,100,84,28,120,45,129" hai2="37,14,24,19,35,1,11,16,27,64,3,38,29" hai3="50,106,80,57,47,55,108,98,76,10,123,46,52"/><U112/><E112/><V32/><F64/><W74/><G108/><T12/><D69/><U8/><E120/><V25/><F38/><W20/><G123/><T85/><D72/><U0/><E132/><V18/><F37/><W36/><G36/><T107/><D114/><U31/><E129/><V133/><F133/><W39/><G39/><T33/><D33/><N who="2" m="12874" /><F29/><W65/><G65/><T17/><D135/><U63/><E124/><V95/><F95/><W53/><G20/><T13/><D131/><U22/><E100/><V88/><F88/><W73/><G73/><T26/><D122/><U58/><E0/><AGARI ba="0,0" hai="0,1,3,11,14,16,18,19,24,25,27" m="12874" machi="0" ten="40,12000,2" yaku="35,5,54,1" doraHai="93" who="2" fromWho="1" sc="262,0,292,-120,231,120,215,0" owari="262,6.0,172,-33.0,351,45.0,215,-18.0" />
</Scene>
</mjloggm>