<mjloggm ver="2.3"><GO type="169" lobby="0"/><UN n0="%74%6E%66%73%68%32%30%34" n1="%E3%81%8B%E3%81%AB%E3%83%9E%E3%82%B8%E3%83%B3" n2="%E5%A4%AA%E3%81%8F%E3%81%AA%E3%81%84%E3%81%8A" n3="%E5%A4%A2%E5%B9%BB%E7%A7%A6" dan="17,18,18,16" rate="2125.31,2206.60,2205.17,2103.91" sx="M,M,M,M"/><TAIKYOKU oya="0"/>

<Scene>
<INIT seed="0,0,0,3,1,81" ten="250,250,250,250" oya="0" hai0="58,70,130,80,39,120,67,125,51,71,91,45,121" hai1="118,94,24,129,17,23,105,3,6,48,65,11,37" hai2="132,79,25,63,108,7,134,0,35,50,38,104,86" hai3="46,14,117,30,10,28,93,27,112,15,52,26,113"/><T102/><D102/><U103/><E37/><V16/><F38/><W128/><G14/><T22/><D22/><U68/><E118/><V4/><F104/><W96/><G117/><T43/><D80/><U54/><E129/><V83/><F108/><W1/><G1/><T90/><D130/><U47/><E65/><V127/><F127/><W33/><G128/><T77/><D77/><U131/><E68/><V55/><F63/><W44/><G113/><T19/><D19/><U5/><E5/><V115/><F115/><W85/><G112/><T18/><D18/><U111/><E111/><V92/><F92/><W56/><G27/><T36/><D91/><U123/><E131/><V61/><F61/><W106/><G106/><T31/><D90/><U40/><E105/><V66/><F66/><W13/><G13/><T42/><D31/><U98/><REACH who="1" step="1"/><E40/><REACH who="1" ten="250,240,250,250" step="2"/><V114/><F4/><W84/><G30/><T126/><D67/><U100/><E100/><V88/><F7/><W60/><G44/><N who="0" m="23623" /><D70/><U124/><E124/><N who="0" m="47721" /><D71/><U53/><E53/><AGARI ba="0,1" hai="39,43,45,51,53,58,120,121" m="47721,23623" machi="53" ten="30,5800,0" yaku="18,1,34,2" doraHai="81" who="0" fromWho="1" sc="250,68,240,-58,250,0,250,0" />
</Scene>
<Scene>
<INIT seed="0,1,0,2,1,74" ten="318,182,250,250" oya="0" hai0="28,135,33,102,122,86,54,13,11,108,12,96,58" hai1="111,2,64,117,21,4,22,36,92,123,132,18,3" hai2="93,32,52,48,120,53,67,130,10,72,89,80,95" hai3="14,106,63,87,101,99,75,0,35,78,66,31,76"/><T61/><D122/><U20/><E123/><V40/><F120/><W38/><G38/><T57/><D135/><U83/><E36/><V97/><F32/><W60/><G75/><T56/><D108/><U24/><E117/><V91/><F130/><W6/><G14/><T44/><D33/><U105/><E105/><V119/><F119/><W125/><G63/><T98/><D28/><U68/><E132/><V84/><F67/><W134/><G125/><T124/><D124/><U7/><E64/><V16/><F72/><W1/><G1/><N who="1" m="10" /><E83/><V129/><F129/><W9/><G87/><T81/><D13/><N who="1" m="9295" /><E92/><V45/><F10/><W88/><G88/><T77/><D44/><U25/><E68/><V59/><F16/><W27/><REACH who="3" step="1"/><G134/><REACH who="3" ten="318,182,250,240" step="2"/><T100/><D96/><U127/><E127/><V94/><REACH who="2" step="1"/><F53/><REACH who="2" ten="318,182,240,240" step="2"/><W41/><G41/><T73/><D73/><U23/><E111/><V47/><F47/><W50/><G50/><AGARI ba="1,2" hai="40,45,48,50,52,59,80,84,89,91,93,94,95,97" machi="50" ten="30,7700,0" yaku="1,1,7,1,8,1,54,1,53,0" doraHai="74" doraHaiUra="34" who="2" fromWho="3" sc="318,0,182,0,240,100,240,-80" />
</Scene>
<Scene>
<INIT seed="1,0,0,0,4,17" ten="318,182,340,160" oya="1" hai0="84,54,27,42,23,85,35,72,6,2,24,122,8" hai1="65,125,71,128,102,126,90,123,83,38,25,29,132" hai2="107,115,95,94,11,69,92,117,63,40,131,10,30" hai3="73,44,79,48,59,46,76,64,104,67,135,32,7"/><U119/><E119/><V103/><F117/><W133/><G32/><T5/><D72/><U36/><E123/><V43/><F131/><W3/><G104/><T86/><D122/><U68/><E128/><V50/><F115/><W15/><G3/><T78/><D42/><U52/><E102/><V26/><F50/><W134/><G73/><T74/><D6/><U108/><E132/><V53/><F43/><W16/><G7/><T70/><D70/><N who="1" m="26667" /><E65/><N who="3" m="25162" /><G59/><T49/><D35/><N who="1" m="20911" /><E52/><V57/><F40/><N who="3" m="24583" /><G46/><T31/><D27/><U55/><E55/><V112/><F69/><W80/><G80/><T91/><D74/><U51/><E51/><V28/><F112/><W20/><AGARI ba="0,0" hai="15,16,20,76,79,133,134,135" m="24583,25162" machi="20" ten="40,5200,0" yaku="20,1,52,1,54,1" doraHai="17" who="3" fromWho="3" sc="318,-13,182,-26,340,-13,160,52" />
</Scene>
<Scene>
<INIT seed="2,0,0,4,3,103" ten="305,156,327,212" oya="2" hai0="33,88,79,31,70,104,44,135,99,51,16,113,36" hai1="54,72,131,48,119,53,132,125,42,57,9,80,124" hai2="83,126,21,130,47,65,5,85,58,40,101,98,49" hai3="73,52,25,50,91,84,2,105,122,117,87,78,68"/><V39/><F126/><N who="1" m="48745" /><E72/><V18/><F130/><W116/><G68/><T121/><D113/><U56/><E9/><V93/><F5/><W112/><G73/><T4/><D121/><U46/><E80/><V55/><F65/><W59/><G2/><T63/><D4/><U38/><E119/><V97/><F97/><W0/><G0/><T74/><D36/><U37/><E131/><V24/><F39/><N who="1" m="14857" /><E132/><V96/><F96/><W118/><G122/><T69/><D135/><U77/><E77/><V102/><F102/><W75/><G75/><T71/><D79/><U32/><E32/><V114/><F114/><W35/><G112/><T61/><D74/><U120/><E120/><V15/><F15/><W123/><G123/><T23/><D33/><U34/><E34/><V7/><F7/><W12/><G12/><T64/><D31/><U10/><E10/><V115/><F115/><W60/><G25/><T30/><D30/><U45/><E42/><V13/><F13/><W95/><G35/><T107/><D99/><U6/><E6/><V109/><F83/><W20/><G20/><T90/><D90/><U26/><E26/><V89/><F89/><W29/><G29/><T100/><D88/><U81/><E81/><V28/><F28/><W1/><G1/><T133/><D100/><U106/><E106/><V11/><F11/><W14/><G105/><T94/><D133/><U76/><E76/><V134/><F134/><W110/><G14/><T27/><D94/><U8/><E8/><V43/><F24/><W62/><G110/><T111/><D111/><U82/><E82/><AGARI ba="0,0" hai="50,52,59,60,62,78,82,84,87,91,95,116,117,118" machi="82" ten="40,2600,0" yaku="6,1,54,1" doraHai="103" who="3" fromWho="1" sc="305,0,156,-26,327,0,212,26" />
</Scene>
<Scene>
<INIT seed="3,0,0,5,5,72" ten="305,130,327,238" oya="3" hai0="54,82,132,19,92,68,117,95,104,69,64,21,44" hai1="108,5,75,26,40,100,12,114,105,0,32,107,88" hai2="84,29,45,52,67,31,124,63,47,14,89,61,25" hai3="74,24,78,83,33,48,34,51,23,121,55,96,115"/><W37/><G37/><T118/><D104/><U120/><E114/><V42/><F124/><W102/><G115/><T85/><D132/><U133/><E133/><V87/><F14/><W13/><G121/><T28/><D28/><U22/><E120/><V91/><F67/><W111/><G13/><T10/><D10/><U71/><E71/><V1/><F1/><W59/><G51/><T46/><D54/><U35/><E108/><V81/><F52/><W6/><G6/><T49/><D49/><U101/><E40/><V39/><F47/><W110/><G110/><T11/><D11/><U3/><E75/><V66/><F25/><W122/><G122/><T97/><D64/><U20/><E12/><V43/><F43/><W65/><G65/><T106/><D68/><U90/><REACH who="1" step="1"/><E5/><REACH who="1" ten="305,120,327,238" step="2"/><V134/><F134/><W36/><G111/><T129/><D69/><U93/><E93/><V18/><F42/><W94/><REACH who="3" step="1"/><G36/><REACH who="3" ten="305,120,327,228" step="2"/><T57/><D117/><U30/><E30/><AGARI ba="0,2" hai="23,24,30,33,34,48,55,59,74,78,83,94,96,102" machi="30" ten="30,11600,0" yaku="1,1,2,1,7,1,52,1,53,0" doraHai="72" doraHaiUra="41" who="3" fromWho="1" sc="305,0,120,-116,327,0,228,136" />
</Scene>
<Scene>
<INIT seed="3,1,0,2,0,79" ten="305,4,327,364" oya="3" hai0="99,34,125,85,13,33,35,57,19,63,54,69,37" hai1="75,80,96,41,111,94,48,18,89,104,51,3,22" hai2="97,70,40,76,6,91,95,73,87,26,12,121,56" hai3="61,72,47,120,108,131,116,30,10,9,124,100,25"/><W21/><G72/><T114/><D37/><U71/><E3/><V101/><F70/><W113/><G120/><T23/><D125/><U92/><E71/><V36/><F121/><W64/><G100/><T74/><D74/><U77/><E111/><V132/><F132/><W82/><G116/><T103/><D69/><U7/><E7/><V65/><F26/><W27/><G108/><T53/><D114/><U60/><E41/><V98/><F36/><W128/><G47/><T2/><D2/><U107/><E107/><V90/><F40/><W16/><G82/><T68/><D68/><U44/><E44/><V29/><F29/><W86/><G86/><T122/><D85/><N who="1" m="52271" /><E94/><N who="2" m="58551" /><F73/><W93/><G93/><T117/><D117/><U24/><E60/><N who="2" m="38023" /><F76/><W127/><G113/><T31/><D122/><U46/><E46/><V88/><F98/><W110/><G110/><T109/><D109/><U112/><E112/><V129/><F129/><N who="3" m="49739" /><G61/><T11/><D99/><U1/><E1/><V50/><F50/><W14/><G64/><T123/><D103/><AGARI ba="1,0" hai="18,22,24,48,51,75,77,80,96,103,104" m="52271" machi="103" ten="30,2000,0" yaku="24,1,52,1" doraHai="79" who="1" fromWho="0" sc="305,-23,4,23,327,0,364,0" />
</Scene>
<Scene>
<INIT seed="4,0,0,5,4,114" ten="282,27,327,364" oya="0" hai0="13,9,107,74,122,89,124,59,78,15,105,112,133" hai1="56,111,127,38,121,28,67,97,109,76,21,93,17" hai2="19,108,48,49,39,87,27,94,63,22,117,3,55" hai3="102,57,81,12,72,85,95,103,77,14,1,70,53"/><T69/><D122/><U2/><E121/><V25/><F108/><W75/><G70/><T16/><D69/><U29/><E38/><V79/><F39/><W36/><G1/><T101/><D124/><U73/><E2/><V125/><F3/><W123/><G36/><T62/><D133/><U130/><E127/><V51/><F125/><W30/><G123/><T26/><D112/><U41/><E130/><V98/><F117/><W113/><G113/><T134/><D134/><U115/><E115/><V116/><F116/><W129/><G30/><T83/><D101/><U35/><E41/><V0/><F0/><W68/><G129/><T88/><D26/><U52/><E67/><V91/><F27/><W45/><G68/><T86/><D15/><U33/><E76/><V24/><F24/><W120/><G45/><T92/><REACH who="0" step="1"/><D89/><REACH who="0" ten="272,27,327,364" step="2"/><N who="1" m="55471" /><E111/><V135/><F135/><W11/><G14/><T104/><D104/><U8/><E109/><V61/><REACH who="2" step="1"/><F55/><AGARI ba="0,1" hai="9,13,16,55,59,62,74,78,83,86,88,92,105,107" machi="55" ten="30,11600,0" yaku="1,1,7,1,54,2,53,0" doraHai="114" doraHaiUra="47" who="0" fromWho="2" sc="272,126,27,0,327,-116,364,0" />
</Scene>
<Scene>
<INIT seed="4,1,0,5,3,78" ten="398,27,211,364" oya="0" hai0="99,104,125,2,20,53,105,84,127,38,22,75,46" hai1="64,27,80,100,55,6,39,48,70,69,106,63,56" hai2="72,29,37,61,18,35,74,16,32,129,90,33,94" hai3="3,62,89,79,132,15,45,121,14,117,93,128,24"/><T107/><D75/><U110/><E6/><V67/><F37/><W43/><G3/><T76/><D2/><U57/><E106/><V116/><F129/><W60/><G117/><T103/><D104/><U96/><E96/><V88/><F116/><W101/><G128/><T58/><D105/><U66/><E100/><V7/><F29/><W131/><G131/><T9/><D9/><U81/><E110/><V36/><F36/><W102/><G121/><T73/><D84/><U25/><E39/><V8/><F74/><W19/><G79/><T50/><D76/><U87/><E87/><V133/><F72/><W114/><G132/><T86/><D86/><U91/><E91/><V11/><F133/><W68/><G68/><T65/><D73/><U92/><E92/><V52/><F52/><W85/><G114/><T12/><D12/><U49/><E55/><V124/><F124/><N who="0" m="47690" /><D65/><U135/><REACH who="1" step="1"/><E63/><REACH who="1" ten="398,17,211,364" step="2"/><V31/><F90/><W10/><G102/><T97/><D97/><U112/><E112/><V13/><F61/><W23/><G101/><T54/><D38/><U17/><E17/><V119/><F18/><N who="3" m="8535" /><G62/><AGARI ba="1,1" hai="20,22,46,50,53,54,58,62,99,103,107" m="47690" machi="62" ten="30,1500,0" yaku="18,1" doraHai="78" who="0" fromWho="3" sc="398,28,17,0,211,0,364,-18" />
</Scene>
<Scene>
<INIT seed="4,2,0,0,1,99" ten="426,17,211,346" oya="0" hai0="130,50,26,118,47,37,69,60,17,25,41,121,88" hai1="57,9,113,6,63,98,126,62,27,123,16,129,52" hai2="97,79,119,101,7,36,23,18,29,43,0,74,108" hai3="92,86,128,10,5,75,42,94,100,11,66,87,35"/><T2/><D118/><U110/><E123/><V73/><F108/><W116/><G75/><T51/><D121/><U84/><E110/><V89/><F119/><W111/><G35/><T65/><D130/><U103/><E129/><V117/><F29/><W8/><G128/><T122/><D122/><U78/><E126/><V55/><F89/><W56/><G116/><T76/><D76/><U109/><E109/><V22/><F117/><W106/><G106/><T32/><D2/><U45/><E113/><V46/><F55/><W71/><G42/><T64/><D65/><U48/><E63/><V133/><F133/><W131/><G71/><T107/><D107/><U125/><E125/><V104/><F18/><W12/><G111/><T15/><D88/><U19/><E27/><V81/><F73/><W132/><G132/><T14/><D14/><N who="1" m="5431" /><E84/><V102/><F102/><W72/><G72/><T93/><D93/><N who="1" m="58831" /><E78/><V61/><F61/><W112/><G131/><T91/><D91/><U49/><E49/><V68/><F68/><W44/><G112/><T83/><D83/><U134/><E134/><V24/><F24/><W120/><G120/><T67/><D26/><U114/><E114/><V34/><F34/><W115/><G115/><T40/><D25/><U105/><E105/><V124/><F124/><W127/><G127/><T90/><D32/><U82/><E82/><V30/><F30/><W54/><G87/><T38/><D90/><U39/><E39/><V77/><F77/><W95/><G86/><T33/><D33/><U20/><E20/><V96/><F96/><W53/><G94/><RYUUKYOKU ba="2,0" sc="426,-15,17,15,211,15,346,-15" hai1="16,19,45,48,52,57,62" hai2="0,7,22,23,36,43,46,74,79,81,97,101,104" />
</Scene>
<Scene>
<INIT seed="5,3,0,3,3,12" ten="411,32,226,331" oya="1" hai0="89,67,46,50,11,85,113,54,103,81,115,14,17" hai1="114,102,95,52,34,84,1,131,99,134,58,87,8" hai2="124,74,53,18,128,16,97,55,110,68,42,123,56" hai3="10,125,9,106,76,26,24,108,51,130,57,133,135"/><U86/><E34/><V94/><F68/><W41/><G106/><T30/><D30/><U35/><E35/><V47/><F110/><W104/><G104/><T63/><REACH who="0" step="1"/><D103/><REACH who="0" ten="401,32,226,331" step="2"/><U66/><E114/><V111/><F111/><W101/><G108/><T88/><D88/><U25/><E131/><V90/><F128/><W22/><G101/><T92/><D92/><U116/><E116/><V49/><F123/><W45/><G130/><T32/><D32/><U129/><E129/><V20/><F124/><W75/><G125/><T38/><D38/><U65/><E134/><V28/><F74/><W83/><G135/><T117/><D117/><U127/><E127/><V100/><F100/><W33/><G133/><T37/><D37/><U4/><REACH who="1" step="1"/><E25/><REACH who="1" ten="401,22,226,331" step="2"/><N who="2" m="16423" /><F42/><W121/><G26/><T126/><D126/><U96/><E96/><V69/><F69/><AGARI ba="3,2" hai="11,14,17,46,50,54,63,67,69,81,85,89,113,115" machi="69" ten="40,8000,1" yaku="1,1,25,2,52,1,53,0" doraHai="12" doraHaiUra="29" who="0" fromWho="2" sc="401,109,22,0,226,-89,331,0" />
</Scene>
<Scene>
<INIT seed="6,0,0,3,2,113" ten="510,22,137,331" oya="2" hai0="73,27,78,103,46,59,32,126,121,26,22,52,86" hai1="71,66,87,94,62,28,65,1,37,21,123,98,61" hai2="29,60,11,112,99,25,67,128,74,100,106,33,93" hai3="42,48,15,130,81,7,102,95,115,83,3,56,125"/><V8/><F112/><W127/><G3/><T92/><D121/><U19/><E123/><V135/><F135/><W111/><G115/><T4/><D4/><U82/><E1/><V120/><F120/><W75/><G75/><T114/><D114/><U53/><E37/><V70/><F128/><W84/><G130/><T6/><D6/><U89/><E28/><V85/><F74/><W58/><G111/><T88/><D46/><U104/><E104/><V20/><F20/><W31/><G31/><T0/><D0/><U68/><E53/><V129/><F129/><W119/><G83/><T54/><D126/><U39/><E39/><V16/><F16/><W79/><G95/><T72/><D103/><U116/><E116/><V35/><F35/><W40/><G102/><T122/><D122/><U55/><E55/><V132/><F132/><W13/><G13/><T47/><D54/><U69/><E69/><V24/><F24/><W77/><G119/><T36/><D27/><U30/><E30/><V64/><F64/><W118/><G77/><T51/><D78/><U107/><E107/><V18/><F18/><W57/><G118/><T14/><D32/><U109/><E109/><V17/><F17/><W90/><G79/><T9/><D22/><U34/><E34/><V105/><F105/><W12/><G12/><T110/><D26/><U45/><E45/><V5/><F5/><W134/><G134/><T133/><D133/><U63/><E63/><V124/><F124/><N who="3" m="47691" /><G48/><T96/><D110/><U41/><E41/><V10/><F29/><W2/><G2/><T44/><D36/><RYUUKYOKU ba="0,0" sc="510,-10,22,-10,137,-10,331,30" hai3="7,15,40,42,56,57,58,81,84,90" />
</Scene>
<Scene>
<INIT seed="7,1,0,4,1,101" ten="500,12,127,361" oya="3" hai0="92,84,91,49,71,18,94,73,123,68,43,30,103" hai1="124,31,76,97,127,24,106,19,110,2,66,87,16" hai2="36,48,3,34,57,4,78,88,86,38,7,1,70" hai3="64,55,20,6,99,121,37,35,10,89,9,52,128"/><W0/><G37/><T25/><D123/><U98/><E66/><V44/><F78/><W135/><G35/><T65/><D73/><U13/><E76/><V100/><F100/><W113/><G121/><T11/><D65/><U15/><E87/><V93/><F57/><W75/><G75/><T112/><D112/><U17/><E110/><V72/><F34/><W83/><G113/><T47/><D11/><U5/><E97/><V109/><F70/><W33/><G33/><T115/><D18/><U116/><E98/><V8/><F109/><W40/><G135/><T58/><D115/><U46/><E46/><V29/><F29/><W132/><G128/><T27/><D27/><U63/><E63/><V122/><F122/><W26/><G10/><T133/><D133/><U119/><E2/><V41/><F72/><W77/><G132/><T111/><D111/><U23/><E106/><V62/><F62/><W104/><G64/><T50/><D25/><U74/><E74/><V45/><F4/><W60/><G40/><T51/><D30/><U130/><E130/><V82/><F82/><W95/><G104/><T61/><D68/><U14/><E5/><V96/><F86/><W102/><G102/><T54/><D71/><U32/><E32/><V81/><F81/><W105/><G105/><T12/><D12/><U69/><E69/><V80/><F80/><W53/><G60/><T129/><D129/><U22/><E22/><V134/><F134/><W90/><G77/><T59/><D58/><U67/><E67/><V131/><F131/><W117/><G117/><T107/><D107/><RYUUKYOKU ba="1,0" sc="500,15,12,15,127,-15,361,-15" hai0="43,47,49,50,51,54,59,61,84,91,92,94,103" hai1="13,14,15,16,17,19,23,24,31,116,119,124,127" owari="515,61.0,27,-47.0,112,-29.0,346,15.0" />
</Scene>
</mjloggm>