<mjloggm ver="2.3"><GO type="169" lobby="0"/><UN n0="%E5%A4%AA%E3%81%8F%E3%81%AA%E3%81%84%E3%81%8A" n1="%43%48%49%52%4F%52%55" n2="%E5%85%83%E7%8F%8D" n3="%6E%65%6F%40%75%6E%69" dan="17,16,16,19" rate="2221.30,2033.66,2109.56,2291.82" sx="M,M,M,M"/><TAIKYOKU oya="0"/>

<Scene>
<INIT seed="0,0,0,2,4,80" ten="250,250,250,250" oya="0" hai0="61,14,50,102,11,125,52,41,113,84,64,62,18" hai1="103,15,38,112,124,21,55,90,3,88,114,86,39" hai2="116,98,118,107,110,27,100,33,129,16,30,85,105" hai3="4,77,123,20,111,6,24,99,46,25,57,73,44"/><T63/><D113/><N who="1" m="43627" /><E3/><V121/><F121/><W23/><G111/><T65/><D125/><U93/><E124/><V32/><F110/><W75/><G57/><T96/><D41/><U108/><E108/><V29/><F129/><W87/><G99/><T26/><D26/><U95/><E103/><V60/><F60/><W51/><G77/><T82/><D96/><N who="1" m="57383" /><E55/><V58/><F58/><W69/><G51/><T13/><D13/><U59/><E59/><V127/><F127/><W83/><G83/><T109/><D102/><U92/><E92/><V43/><F43/><W94/><G94/><T131/><D131/><U2/><E2/><V40/><F40/><W72/><G72/><T8/><D109/><U28/><E28/><V34/><F100/><W45/><G45/><N who="0" m="27727" /><D8/><U133/><E133/><V5/><F98/><W0/><G0/><T101/><D101/><U106/><E106/><V48/><F48/><W47/><G47/><T89/><AGARI ba="0,0" hai="11,14,18,61,62,63,64,65,82,84,89" m="27727" machi="89" ten="30,11700,0" yaku="25,1,8,1,52,1,54,1" doraHai="80" who="0" fromWho="0" sc="250,117,250,-39,250,-39,250,-39" />
</Scene>
<Scene>
<INIT seed="0,1,0,1,1,44" ten="367,211,211,211" oya="0" hai0="51,48,114,128,53,13,21,118,124,65,80,15,86" hai1="126,133,68,23,62,2,90,83,84,70,54,9,0" hai2="37,132,102,71,95,40,59,78,5,72,103,101,27" hai3="76,26,110,3,134,73,99,82,43,66,61,92,39"/><T25/><D114/><U30/><E133/><V89/><F71/><W14/><G3/><T69/><D118/><U121/><E121/><V94/><F132/><W74/><G110/><T32/><D32/><U131/><E126/><V17/><F5/><W16/><G26/><T45/><D124/><U63/><E131/><V36/><F59/><W1/><G1/><T8/><D128/><U33/><E33/><V47/><F37/><W91/><G43/><N who="0" m="24639" /><D65/><U116/><E0/><V24/><F78/><W100/><G39/><T87/><D69/><U79/><E70/><V120/><F72/><W130/><G130/><T108/><D108/><U38/><E38/><V98/><F120/><W107/><G134/><T93/><D93/><U81/><E68/><V96/><REACH who="2" step="1"/><F17/><REACH who="2" ten="367,211,201,211" step="2"/><W20/><G74/><T64/><D64/><U127/><E79/><V22/><F22/><W52/><G66/><T97/><D8/><U31/><E9/><V11/><F11/><W50/><G73/><T7/><D7/><U57/><E127/><V115/><F115/><W56/><G76/><N who="0" m="46343" /><D87/><U88/><E84/><V123/><F123/><W106/><G106/><T34/><D34/><U6/><E6/><V112/><F112/><W46/><G107/><T42/><D97/><U125/><E125/><V60/><F60/><W18/><G18/><N who="0" m="12471" /><D42/><U41/><E41/><V49/><F49/><W28/><G99/><T119/><D119/><U77/><E23/><V111/><F111/><W55/><G61/><T29/><D29/><U12/><E31/><V35/><F35/><W19/><G28/><T117/><D117/><RYUUKYOKU ba="1,1" sc="367,15,211,-15,201,15,211,-15" hai0="13,15,51,53" hai2="24,27,36,40,47,89,94,95,96,98,101,102,103" />
</Scene>
<Scene>
<INIT seed="0,2,1,0,0,135" ten="382,196,216,196" oya="0" hai0="42,11,54,46,25,22,68,35,8,107,82,99,45" hai1="32,89,81,67,109,62,130,101,132,96,20,86,97" hai2="59,123,57,83,124,100,75,112,28,27,18,91,71" hai3="39,77,88,47,13,122,79,51,6,5,110,104,60"/><T119/><D35/><U84/><E132/><V24/><F71/><W72/><G104/><T129/><D68/><U70/><E32/><V48/><F123/><W94/><G39/><T131/><D119/><U50/><E109/><V133/><F112/><W108/><G60/><T80/><D54/><U64/><E64/><V31/><F133/><W36/><G36/><T103/><D8/><U117/><E117/><V87/><F75/><W73/><G122/><T43/><D11/><U33/><E33/><V95/><F18/><W69/><G13/><T116/><D116/><U111/><E111/><N who="3" m="42538" /><G69/><T66/><D66/><U134/><E134/><V92/><F100/><W102/><G102/><T29/><D45/><U55/><E101/><V7/><F48/><W26/><G26/><T53/><D53/><U19/><E86/><V121/><F121/><W118/><G118/><T1/><D1/><U93/><E81/><N who="0" m="31337" /><D46/><U106/><E106/><V17/><F83/><N who="3" m="45479" /><G79/><T34/><D34/><U44/><E130/><AGARI ba="2,1" hai="22,25,29,42,43,99,103,107,129,130,131" m="31337" machi="130" ten="30,1500,0" yaku="19,1" doraHai="135" who="0" fromWho="1" sc="382,31,196,-21,216,0,196,0" />
</Scene>
<Scene>
<INIT seed="0,3,0,2,4,102" ten="413,175,216,196" oya="0" hai0="30,86,51,74,121,69,93,101,76,98,49,126,99" hai1="11,4,25,75,122,89,128,38,105,72,3,34,114" hai2="68,0,129,54,112,134,6,78,10,117,97,125,77" hai3="82,135,17,94,118,107,64,20,1,27,52,47,73"/><T85/><D69/><U92/><E122/><V39/><F97/><W22/><G107/><T59/><D121/><U110/><E110/><V61/><F54/><W19/><G1/><T18/><D30/><U67/><E38/><V120/><F78/><W23/><G135/><T96/><D126/><U55/><E128/><V41/><F77/><W95/><G64/><T80/><D18/><U83/><E83/><V46/><F61/><W43/><G118/><T14/><D14/><U123/><E123/><V31/><F46/><W90/><G22/><T45/><D74/><U7/><E7/><V29/><F41/><W116/><G116/><T131/><D131/><U91/><E91/><V100/><F100/><W21/><G21/><T8/><D8/><U65/><E55/><V16/><F10/><W13/><G73/><N who="1" m="28234" /><E105/><V119/><F68/><W66/><G66/><T26/><D26/><U109/><E109/><V35/><F39/><W130/><G130/><T124/><D86/><U106/><E106/><V50/><F129/><W57/><G82/><T44/><D59/><U12/><E3/><V32/><F120/><W127/><G127/><T81/><D81/><U58/><E58/><V37/><F37/><N who="3" m="21999" /><G90/><T70/><D124/><U62/><E62/><V48/><F125/><W113/><G113/><T115/><D115/><U132/><E114/><V133/><F112/><W84/><G84/><T24/><D70/><U42/><E132/><V2/><F6/><W56/><G56/><T104/><D24/><U60/><E25/><V63/><F63/><N who="3" m="36263" /><G27/><T9/><D104/><U79/><E12/><RYUUKYOKU ba="3,0" sc="413,-15,175,-15,216,15,196,15" hai2="0,2,16,29,31,32,35,48,50,117,119,133,134" hai3="13,17,19,20,23,94,95" />
</Scene>
<Scene>
<INIT seed="1,4,0,0,4,15" ten="398,160,231,211" oya="1" hai0="74,62,112,135,99,9,28,36,104,6,88,84,85" hai1="34,69,97,33,37,80,5,118,41,44,20,47,11" hai2="110,90,22,132,92,23,115,57,68,60,46,124,27" hai3="8,133,93,31,87,45,109,19,55,64,58,119,30"/><U1/><E118/><V86/><F68/><W39/><G109/><T42/><D112/><U81/><E69/><V43/><F110/><W126/><G133/><T101/><D74/><U51/><E97/><V128/><F132/><W79/><G126/><T25/><D135/><U120/><E120/><V10/><F124/><W2/><G2/><T98/><D36/><U114/><E114/><V95/><F115/><W108/><G108/><T107/><D42/><U129/><E129/><V32/><F128/><W66/><G45/><T96/><D62/><U35/><REACH who="1" step="1"/><E20/><REACH who="1" ten="398,150,231,211" step="2"/><V75/><F23/><W73/><G119/><T26/><D98/><U72/><E72/><V121/><F75/><W76/><G73/><T0/><D85/><U4/><E4/><V16/><F121/><W53/><G87/><T59/><D99/><U83/><E83/><V54/><F32/><W127/><G127/><T38/><D84/><U24/><E24/><V131/><F131/><W61/><G66/><T82/><D26/><U56/><E56/><V21/><F21/><W111/><G58/><T117/><D59/><U17/><E17/><V65/><F10/><W100/><G19/><T113/><D113/><U40/><AGARI ba="4,1" hai="1,5,11,33,34,35,37,40,41,44,47,51,80,81" machi="40" ten="40,3900,0" yaku="1,1,0,1,53,0" doraHai="15" doraHaiUra="125" who="1" fromWho="1" sc="398,-17,150,61,231,-17,211,-17" />
</Scene>
<Scene>
<INIT seed="1,5,0,2,0,118" ten="381,211,214,194" oya="1" hai0="125,101,49,30,68,6,111,50,114,31,110,4,87" hai1="32,24,0,63,15,9,113,84,51,28,2,76,108" hai2="105,94,56,132,83,27,91,82,71,79,34,45,128" hai3="88,43,126,78,61,29,122,5,119,89,36,97,44"/><U107/><E107/><V69/><F105/><W21/><G122/><T13/><D68/><U8/><E113/><V117/><F117/><W92/><G126/><T65/><D65/><U96/><E96/><V46/><F132/><W130/><G130/><T85/><D101/><U60/><E108/><V62/><F128/><W37/><G78/><T53/><D13/><U93/><E2/><V40/><F34/><W100/><G37/><T42/><D53/><U121/><E121/><V64/><F27/><W72/><G72/><T39/><D42/><U75/><E75/><V57/><F57/><W77/><G77/><T20/><D20/><U18/><E51/><V98/><F45/><W81/><G5/><T58/><D58/><U104/><E104/><V74/><REACH who="2" step="1"/><F83/><REACH who="2" ten="381,211,204,194" step="2"/><W35/><G81/><T66/><D111/><U25/><E25/><V135/><F135/><W86/><G35/><T120/><D110/><U48/><E24/><V55/><F55/><W14/><G44/><T90/><D120/><U3/><E32/><V1/><F1/><W129/><G129/><T102/><D66/><U95/><E0/><V131/><F131/><W52/><G52/><T103/><D125/><U7/><E3/><V133/><F133/><W112/><G119/><T70/><D70/><U41/><E15/><V123/><F123/><W127/><G14/><T109/><D109/><U10/><E41/><V99/><F99/><W115/><G97/><T23/><D114/><U124/><E124/><V116/><F116/><W16/><G127/><T59/><D59/><U38/><E95/><V33/><F33/><RYUUKYOKU ba="5,1" sc="381,-10,211,-10,204,30,194,-10" hai2="40,46,56,62,64,69,71,74,79,82,91,94,98" />
</Scene>
<Scene>
<INIT seed="2,6,1,2,1,115" ten="371,201,234,184" oya="2" hai0="78,44,43,74,34,128,123,22,121,72,77,73,85" hai1="130,76,69,46,47,10,56,52,97,58,100,45,13" hai2="122,32,125,20,60,24,50,21,6,112,38,124,116" hai3="65,68,88,39,4,35,90,82,53,25,114,29,55"/><V95/><F38/><W93/><G39/><T2/><D34/><U94/><E69/><V84/><F112/><W11/><G114/><T80/><D2/><U103/><E130/><V96/><F122/><W92/><G82/><T119/><D22/><U7/><E76/><V0/><F84/><W42/><G42/><T81/><D128/><U17/><E103/><V87/><F87/><W63/><G93/><T132/><D132/><U49/><REACH who="1" step="1"/><E58/><REACH who="1" ten="371,191,234,184" step="2"/><V66/><F125/><W9/><G90/><T118/><D123/><U135/><E135/><V57/><F124/><W98/><REACH who="3" step="1"/><G11/><REACH who="3" ten="371,191,234,174" step="2"/><T117/><D121/><U5/><AGARI ba="6,3" hai="5,7,10,13,17,45,46,47,49,52,56,94,97,100" machi="5" ten="30,8000,1" yaku="1,1,0,1,8,1,54,1,53,1" doraHai="115" doraHaiUra="99" who="1" fromWho="1" sc="371,-26,191,128,234,-46,174,-26" />
</Scene>
<Scene>
<INIT seed="3,0,0,3,1,113" ten="345,319,188,148" oya="3" hai0="104,16,121,77,24,84,97,100,109,36,129,41,3" hai1="43,42,87,90,95,5,124,130,47,114,8,108,106" hai2="99,58,25,132,6,33,98,18,9,96,27,62,55" hai3="91,28,66,19,117,126,15,54,85,70,127,45,35"/><W31/><G35/><T111/><D3/><U4/><E114/><V0/><F132/><W20/><G66/><T71/><D121/><U101/><E108/><N who="0" m="41545" /><D71/><U22/><E124/><N who="3" m="47658" /><G70/><T72/><D72/><U119/><E130/><V81/><F33/><W80/><G117/><T107/><D129/><U39/><E119/><V102/><F102/><W92/><G80/><N who="0" m="47119" /><D41/><U12/><E43/><V60/><F81/><W50/><AGARI ba="0,0" hai="15,19,20,28,31,45,50,54,85,91,92" m="47658" machi="50" ten="30,1500,0" yaku="18,1" doraHai="113" who="3" fromWho="3" sc="345,-5,319,-5,188,-5,148,15" />
</Scene>
<Scene>
<INIT seed="3,1,0,4,2,119" ten="340,314,183,163" oya="3" hai0="65,126,128,10,85,48,7,84,62,87,99,111,27" hai1="77,67,95,101,29,5,42,112,118,81,72,90,114" hai2="120,123,91,2,79,116,32,96,0,63,75,80,60" hai3="59,30,21,52,33,57,49,39,113,135,94,18,88"/><W11/><G39/><T8/><D111/><U46/><E118/><V38/><F116/><W36/><G36/><T4/><D126/><U129/><E129/><V28/><F38/><W71/><G71/><T35/><D128/><U24/><E67/><V53/><F28/><W127/><G113/><T105/><D48/><U83/><E83/><V117/><F32/><W108/><G127/><T102/><D7/><U1/><E101/><V103/><F91/><W12/><G33/><T64/><D64/><U115/><E5/><V55/><F117/><W13/><G108/><T74/><D74/><U76/><E76/><V93/><F63/><W23/><G135/><T51/><D51/><U98/><E1/><V16/><F16/><N who="3" m="10383" /><G30/><N who="0" m="19935" /><D4/><U130/><E130/><V100/><F100/><W47/><G23/><T17/><D17/><U125/><E125/><V20/><F20/><W34/><G34/><T40/><D40/><U86/><E24/><V56/><REACH who="2" step="1"/><F55/><REACH who="2" ten="340,314,173,163" step="2"/><W73/><G73/><T68/><AGARI ba="1,1" hai="8,10,62,65,68,84,85,87,99,102,105" m="19935" machi="68" ten="30,1100,0" yaku="25,1" doraHai="119" who="0" fromWho="0" sc="340,24,314,-4,173,-4,163,-6" />
</Scene>
<Scene>
<INIT seed="4,0,0,2,5,134" ten="364,310,169,157" oya="0" hai0="17,67,131,123,35,69,119,65,16,91,85,8,97" hai1="89,9,51,74,86,108,49,60,127,6,78,102,50" hai2="83,42,52,12,88,81,5,98,33,41,90,0,66" hai3="130,111,20,59,31,99,43,19,79,45,61,132,96"/><T103/><D119/><U116/><E116/><V135/><F33/><W95/><G111/><T44/><D123/><U80/><E108/><V115/><F0/><W128/><G79/><T32/><D131/><U54/><E102/><V82/><F135/><W22/><G132/><T84/><D44/><U70/><E127/><V101/><F66/><W28/><G99/><T47/><D47/><U75/><E78/><V120/><F120/><W125/><G125/><T76/><D76/><U121/><E121/><V92/><F115/><W26/><G22/><T39/><D39/><U109/><E109/><V100/><F100/><W77/><G77/><T129/><D129/><N who="3" m="49769" /><G95/><T48/><D97/><U38/><E38/><V14/><F52/><N who="3" m="34023" /><G96/><T64/><D85/><U18/><E18/><V40/><REACH who="2" step="1"/><F5/><REACH who="2" ten="364,310,159,157" step="2"/><W126/><G126/><T62/><D32/><U114/><E114/><V1/><F1/><W94/><G94/><T11/><D35/><U10/><E6/><V104/><F104/><W87/><G87/><T4/><D103/><U113/><E113/><V110/><F110/><W73/><G73/><T63/><D4/><U25/><E75/><V55/><F55/><W117/><G117/><T13/><D84/><U7/><E74/><V24/><F24/><W36/><AGARI ba="0,1" hai="19,20,26,28,31,36,43,45" m="34023,49769" machi="36" ten="30,2000,0" yaku="19,1,54,1" doraHai="134" who="3" fromWho="3" sc="364,-10,310,-5,159,-5,157,30" />
</Scene>
<Scene>
<INIT seed="5,0,0,5,2,72" ten="354,305,154,187" oya="1" hai0="26,95,104,99,85,45,81,41,83,28,54,29,5" hai1="7,11,91,117,20,58,34,15,31,52,102,110,109" hai2="100,56,9,63,61,114,0,12,2,59,89,66,127" hai3="33,49,94,80,6,53,75,135,43,69,107,67,116"/><U36/><E36/><V118/><F118/><W105/><G33/><T64/><D104/><U27/><E117/><V16/><F127/><W65/><G43/><T51/><D64/><U1/><E102/><V39/><F39/><W103/><G135/><T87/><D5/><U14/><E91/><V18/><F114/><W134/><G134/><T17/><D17/><N who="1" m="10295" /><E15/><V68/><F68/><W25/><G25/><T126/><D126/><U60/><AGARI ba="0,0" hai="1,7,11,27,31,34,52,58,60,109,110" m="10295" machi="60" ten="30,3000,0" yaku="24,1,54,1" doraHai="72" who="1" fromWho="1" sc="354,-10,305,30,154,-10,187,-10" />
</Scene>
<Scene>
<INIT seed="5,1,0,0,2,78" ten="344,335,144,177" oya="1" hai0="119,114,15,98,93,51,70,7,6,22,64,25,110" hai1="38,20,109,54,129,86,19,8,131,47,122,1,96" hai2="37,5,115,26,84,34,39,57,103,24,104,42,56" hai3="75,28,66,59,27,82,71,46,118,67,108,102,21"/><U94/><E122/><V32/><F5/><W68/><G108/><T95/><D110/><U121/><E121/><V80/><F103/><W55/><G102/><T76/><D119/><U0/><E86/><V133/><F104/><W112/><G112/><T88/><D114/><U40/><E54/><V116/><F115/><W41/><G118/><T3/><D3/><U105/><E105/><V101/><F101/><W79/><G68/><T123/><D123/><U16/><E19/><V12/><F116/><W85/><G71/><T35/><D35/><U135/><E135/><V132/><F84/><W65/><G75/><T45/><D76/><U130/><E8/><V2/><F12/><W89/><G79/><T53/><D70/><U14/><E109/><V90/><F90/><AGARI ba="1,0" hai="0,1,14,16,20,38,40,47,90,94,96,129,130,131" machi="90" ten="40,3900,0" yaku="19,1,54,1" doraHai="78" who="1" fromWho="2" sc="344,0,335,42,144,-42,177,0" />
</Scene>
<Scene>
<INIT seed="5,2,0,3,2,15" ten="344,377,102,177" oya="1" hai0="55,31,39,22,126,32,100,61,107,80,21,29,102" hai1="79,118,72,27,38,127,24,92,5,135,33,46,60" hai2="43,54,68,78,76,42,110,97,109,132,16,71,8" hai3="96,26,20,117,81,17,37,58,103,70,74,35,44"/><U57/><E118/><V90/><F132/><W30/><G70/><T93/><D39/><U69/><E69/><V91/><F8/><W115/><G115/><T77/><D107/><U6/><E135/><V113/><F97/><W45/><G37/><T36/><D36/><U47/><E92/><V3/><F54/><W28/><G28/><T111/><D32/><U41/><E47/><V82/><F82/><W19/><G74/><T13/><D111/><U2/><E127/><V4/><F4/><W87/><G58/><T104/><D104/><U105/><E105/><V34/><F34/><W133/><G117/><T73/><D21/><U23/><E33/><V106/><F106/><W89/><G133/><T98/><D102/><U25/><E23/><V75/><F75/><W52/><G35/><T95/><D95/><U48/><E38/><V84/><F84/><W56/><G96/><T67/><D55/><U51/><E51/><V83/><F83/><W134/><G103/><T50/><D50/><U65/><E2/><V85/><F85/><W66/><G66/><T49/><D49/><U129/><E129/><V59/><F59/><W99/><G99/><T14/><D126/><U18/><E72/><V122/><F3/><W12/><G134/><T119/><D119/><U124/><E124/><V108/><F108/><W86/><G87/><T0/><D0/><U116/><E116/><V123/><REACH who="2" step="1"/><F113/><REACH who="2" ten="344,377,92,177" step="2"/><W1/><G1/><T121/><D73/><U11/><E79/><V63/><F63/><N who="3" m="36231" /><G30/><T62/><D29/><U10/><E10/><AGARI ba="2,1" hai="10,12,17,19,20,26,44,45,81,86,89" m="36231" machi="10" ten="30,7700,0" yaku="8,1,52,2,54,1" doraHai="15" who="3" fromWho="1" sc="344,0,377,-83,92,0,177,93" />
</Scene>
<Scene>
<INIT seed="6,0,0,2,3,109" ten="344,294,92,270" oya="2" hai0="91,117,59,56,42,100,92,14,24,126,23,111,124" hai1="78,6,72,28,11,83,94,93,89,34,57,4,115" hai2="5,131,96,107,125,120,135,38,45,16,62,134,81" hai3="51,48,53,69,35,127,27,52,90,41,20,33,112"/><V75/><F120/><W3/><G112/><T97/><D111/><U87/><E115/><V119/><F119/><W43/><G3/><T30/><D117/><U65/><E34/><V32/><F32/><W121/><G69/><T67/><D42/><U85/><E28/><V18/><F5/><W26/><G90/><T129/><D129/><U123/><E123/><V76/><F131/><W31/><G121/><T60/><D59/><U118/><E118/><V15/><F125/><N who="0" m="48234" /><D14/><U2/><E6/><V105/><F62/><W47/><G127/><T116/><D116/><U22/><E22/><V55/><F18/><W77/><G77/><T128/><D128/><U29/><E29/><V98/><F107/><W46/><G33/><T101/><AGARI ba="0,0" hai="23,24,30,56,60,67,91,92,97,100,101" m="48234" machi="101" ten="30,1100,0" yaku="18,1" doraHai="109" who="0" fromWho="0" sc="344,11,294,-3,92,-5,270,-3" />
</Scene>
<Scene>
<INIT seed="7,0,0,2,2,21" ten="355,291,87,267" oya="3" hai0="84,65,109,42,133,57,46,107,66,131,59,112,37" hai1="14,10,48,100,7,27,76,1,75,47,105,101,108" hai2="0,77,90,19,81,86,12,123,72,117,82,88,44" hai3="118,60,135,52,134,15,111,132,45,119,74,8,55"/><W29/><G74/><T124/><D107/><U98/><E108/><V26/><F117/><N who="3" m="44555" /><G111/><T128/><D109/><U130/><E130/><N who="0" m="49705" /><D124/><U94/><E75/><V3/><F123/><W17/><G45/><T34/><D34/><U91/><E76/><V122/><F122/><W4/><G29/><T102/><D102/><U89/><E1/><V97/><F97/><W35/><G35/><T30/><D30/><U120/><E120/><V54/><F90/><W68/><G4/><T127/><D127/><U73/><E73/><V114/><F114/><W33/><G33/><T63/><D112/><U110/><E110/><V18/><F18/><W99/><G99/><T103/><D103/><U5/><E5/><V121/><F121/><W87/><G87/><T83/><D57/><U9/><E9/><V31/><F31/><W11/><G11/><T69/><D59/><U67/><E67/><AGARI ba="0,0" hai="8,15,17,52,55,60,67,68,132,134,135" m="44555" machi="67" ten="40,3900,0" yaku="20,1,54,1" doraHai="21" who="3" fromWho="1" sc="355,0,291,-39,87,0,267,39" />
</Scene>
<Scene>
<INIT seed="7,1,0,3,2,42" ten="355,252,87,306" oya="3" hai0="116,127,7,128,77,43,130,55,75,27,132,92,109" hai1="2,45,4,41,25,17,71,76,79,21,20,115,73" hai2="56,126,46,18,22,95,111,67,104,103,0,105,69" hai3="107,86,114,108,101,32,29,120,106,33,113,117,48"/><W96/><G120/><T40/><D109/><U100/><E71/><V24/><F111/><W16/><G108/><T121/><D116/><U124/><E115/><N who="3" m="44042" /><G106/><T28/><D121/><U12/><E124/><V62/><F126/><W135/><G29/><T112/><D127/><U83/><E100/><V122/><F0/><W19/><G117/><T78/><D112/><U81/><E2/><V88/><F122/><W1/><G1/><T26/><D7/><U49/><E4/><V57/><F103/><W85/><G135/><T131/><D132/><U93/><E93/><V15/><F105/><W125/><G125/><T39/><D39/><U47/><E47/><V97/><F104/><W87/><G48/><T35/><D55/><U110/><E110/><V102/><F69/><W98/><G96/><T9/><D9/><U13/><REACH who="1" step="1"/><E21/><REACH who="1" ten="355,242,87,306" step="2"/><V94/><F57/><W129/><G129/><T11/><D131/><U53/><E53/><V80/><F80/><W90/><G90/><T31/><D130/><U52/><E52/><V118/><F118/><W91/><G91/><T54/><D54/><U51/><E51/><V134/><F134/><W74/><G74/><AGARI ba="1,1" hai="12,13,17,20,25,41,45,49,73,74,76,79,81,83" machi="74" ten="30,7700,0" yaku="1,1,7,1,9,1,52,1,53,0" doraHai="42" doraHaiUra="58" who="1" fromWho="3" sc="355,0,242,90,87,0,306,-80" owari="355,45.0,332,13.0,87,-41.0,226,-17.0" />
</Scene>
</mjloggm>