<mjloggm ver="2.3"><GO type="169" lobby="0"/><UN n0="%E3%83%A0%E3%82%B5%E3%82%B5%E3%83%93%4B%4B" n1="%E5%A4%AA%E3%81%8F%E3%81%AA%E3%81%84%E3%81%8A" n2="%E2%80%A0%58%54%45%4E%44%E2%80%A0" n3="%E7%A5%9E%E5%A8%81%E9%BA%97%E7%92%83" dan="16,18,17,16" rate="2079.41,2265.42,2173.94,2107.14" sx="M,F,F,M"/><TAIKYOKU oya="0"/>

<Scene>
<INIT seed="0,0,0,3,0,110" ten="250,250,250,250" oya="0" hai0="119,105,85,133,47,116,73,112,86,20,130,103,69" hai1="10,51,60,43,15,53,13,121,104,117,32,77,31" hai2="49,7,21,38,87,30,41,3,9,52,129,27,25" hai3="67,33,76,54,39,45,28,42,64,57,134,84,17"/><T44/><D69/><U102/><E117/><V35/><F129/><W29/><G134/><T65/><D65/><U120/><E77/><V125/><F125/><W62/><G76/><T56/><D73/><U50/><E32/><V114/><F114/><W68/><G33/><T72/><D72/><U96/><E31/><V79/><F41/><W16/><G84/><T123/><D56/><U93/><E104/><V132/><F132/><W4/><G4/><T100/><D133/><U90/><E15/><V48/><F38/><W11/><G67/><T46/><D130/><U98/><E43/><V59/><F79/><W2/><G2/><T97/><D112/><U5/><E60/><V12/><F87/><W94/><G94/><T66/><D86/><U111/><E111/><V131/><F131/><W8/><G8/><T126/><D85/><U89/><E51/><V107/><F107/><W34/><G34/><T58/><D126/><U113/><E113/><V14/><REACH who="2" step="1"/><F49/><REACH who="2" ten="250,250,240,250" step="2"/><W63/><G39/><T106/><D106/><U108/><E108/><V36/><F36/><W128/><G128/><T127/><D105/><U135/><E135/><V74/><F74/><W99/><G42/><T83/><D127/><U118/><E118/><V91/><F91/><W101/><G101/><T124/><D119/><U19/><E102/><V24/><F24/><W22/><G99/><T82/><D116/><U78/><E78/><V75/><F75/><W18/><G68/><T23/><D97/><U88/><E96/><V40/><F40/><W6/><G64/><T55/><D100/><U109/><E98/><RYUUKYOKU ba="0,1" sc="250,-10,250,-10,240,30,250,-10" hai2="3,7,9,12,14,21,25,27,30,35,48,52,59" />
</Scene>
<Scene>
<INIT seed="1,1,1,4,0,109" ten="240,240,270,240" oya="1" hai0="64,113,1,97,88,120,57,91,111,34,23,98,110" hai1="68,65,62,90,89,76,127,133,6,61,92,44,135" hai2="81,16,4,9,20,124,101,130,11,122,126,116,103" hai3="71,105,53,54,17,82,47,63,80,60,123,67,10"/><U14/><E127/><N who="2" m="48683" /><F122/><W132/><G123/><T51/><D120/><U48/><E76/><V74/><F116/><W128/><G105/><T115/><D34/><U5/><E62/><V117/><F117/><W66/><G132/><N who="1" m="50762" /><E14/><N who="2" m="9239" /><F130/><W24/><G128/><T46/><D1/><U59/><E68/><V131/><F131/><W125/><G125/><T37/><D37/><U29/><E29/><V70/><F70/><W30/><G47/><T86/><D46/><U102/><E102/><N who="2" m="38923" /><F4/><N who="1" m="1641" /><E92/><V32/><F32/><W52/><G71/><T31/><D31/><U93/><E93/><V0/><F0/><W43/><G63/><T104/><D104/><U121/><E121/><V72/><F81/><W33/><G82/><T40/><D110/><U27/><E27/><V78/><F78/><W50/><G80/><T114/><D111/><U84/><E84/><V129/><F129/><W35/><G24/><T49/><D86/><U118/><E118/><V22/><F22/><W36/><G35/><T94/><D98/><U38/><E38/><V87/><F87/><W7/><G36/><T100/><D100/><U45/><E45/><V106/><F106/><W79/><G33/><T41/><D91/><U75/><E75/><AGARI ba="1,1" hai="9,11,72,74,75" m="38923,9239,48683" machi="75" ten="30,2000,0" yaku="18,1,54,1" doraHai="109" who="2" fromWho="1" sc="240,0,240,-23,270,33,240,0" />
</Scene>
<Scene>
<INIT seed="2,0,0,5,5,92" ten="240,217,303,240" oya="2" hai0="74,106,27,135,7,125,35,47,67,29,121,56,133" hai1="102,21,38,134,118,49,96,30,6,66,124,37,93" hai2="10,20,104,58,127,71,59,28,33,11,113,34,5" hai3="128,131,2,0,53,87,115,72,64,123,82,16,100"/><V60/><F113/><W101/><G123/><T116/><D121/><U19/><E118/><V94/><F104/><W119/><G119/><T15/><D116/><U32/><E124/><V90/><F127/><W80/><G115/><T57/><D125/><U108/><E108/><V79/><F79/><W12/><G64/><T75/><D106/><U24/><E134/><N who="0" m="51209" /><D47/><U55/><E6/><V31/><F71/><W103/><G53/><T76/><D67/><U69/><E66/><V41/><F41/><W50/><G50/><T84/><D84/><U17/><E69/><V73/><F73/><N who="0" m="27658" /><D76/><U45/><REACH who="1" step="1"/><E19/><REACH who="1" ten="240,207,303,240" step="2"/><V117/><F5/><W63/><G16/><T18/><D7/><U126/><E126/><V22/><F117/><W36/><G2/><T4/><D4/><U62/><E62/><V109/><F60/><W112/><G63/><T65/><D65/><U26/><AGARI ba="0,1" hai="17,21,24,26,30,32,37,38,45,49,55,93,96,102" machi="26" ten="20,5200,0" yaku="1,1,0,1,7,1,52,1,53,0" doraHai="92" doraHaiUra="122" who="1" fromWho="1" sc="240,-13,207,62,303,-26,240,-13" />
</Scene>
<Scene>
<INIT seed="3,0,0,1,0,49" ten="227,269,277,227" oya="3" hai0="62,125,24,48,92,21,51,10,98,3,54,42,96" hai1="86,22,107,31,114,103,69,81,123,6,19,61,66" hai2="41,60,85,50,58,37,27,77,133,26,1,47,134" hai3="15,9,97,5,120,94,93,118,70,18,101,11,128"/><W112/><G112/><T67/><D125/><U12/><E114/><V34/><F1/><W117/><G120/><T2/><D42/><U68/><E123/><V104/><F104/><W36/><G128/><T29/><D48/><U124/><E124/><V55/><F34/><W13/><G36/><T8/><D2/><U57/><E6/><V14/><F14/><W73/><G70/><T90/><D98/><U25/><E107/><V88/><F77/><W119/><REACH who="3" step="1"/><G73/><REACH who="3" ten="227,269,277,217" step="2"/><T32/><D3/><U72/><E72/><V17/><F37/><W109/><G109/><T113/><D113/><U40/><E40/><V87/><F134/><W35/><G35/><T99/><D32/><U121/><E121/><V91/><F133/><W126/><G126/><T129/><D129/><U122/><E122/><V44/><F44/><W105/><AGARI ba="0,1" hai="5,9,11,13,15,18,93,94,97,101,105,117,118,119" machi="105" ten="30,6000,0" yaku="1,1,0,1,53,1" doraHai="49" doraHaiUra="100" who="3" fromWho="3" sc="227,-20,269,-20,277,-20,217,70" />
</Scene>
<Scene>
<INIT seed="3,1,0,0,2,101" ten="207,249,257,287" oya="3" hai0="105,6,38,70,56,84,131,0,26,12,111,96,91" hai1="114,20,129,118,130,5,67,63,39,89,122,49,81" hai2="24,62,94,46,48,79,59,29,115,123,17,124,14" hai3="42,102,103,90,86,128,25,19,85,104,37,8,23"/><W120/><G120/><T82/><D70/><U2/><E39/><V13/><F115/><W75/><G75/><T92/><D0/><U43/><E122/><V107/><F123/><W33/><G128/><T34/><D131/><U134/><E114/><V65/><F124/><W41/><G33/><T61/><D38/><U98/><E2/><V52/><F79/><W22/><G8/><T72/><D111/><U31/><E5/><V126/><F126/><W74/><G74/><T121/><D121/><U77/><E134/><V133/><F133/><W83/><G37/><T58/><D72/><U73/><E118/><V10/><F13/><W53/><G53/><T32/><D105/><U27/><E43/><N who="3" m="16394" /><G104/><T44/><D44/><U100/><E89/><V47/><F107/><W117/><G117/><T112/><D112/><U116/><E49/><V97/><F47/><W50/><G50/><T45/><D45/><U57/><REACH who="1" step="1"/><E116/><REACH who="1" ten="207,239,257,287" step="2"/><V4/><F4/><W7/><G7/><T51/><D51/><U106/><AGARI ba="1,1" hai="20,27,31,57,63,67,73,77,81,98,100,106,129,130" machi="106" ten="30,8000,1" yaku="1,1,2,1,0,1,52,1,53,1" doraHai="101" doraHaiUra="60" who="1" fromWho="1" sc="207,-21,239,93,257,-21,287,-41" />
</Scene>
<Scene>
<INIT seed="4,0,0,2,4,22" ten="186,332,236,246" oya="0" hai0="118,72,29,130,14,98,70,68,10,50,69,36,20" hai1="87,49,5,132,24,47,126,78,0,18,123,129,27" hai2="95,119,86,33,107,56,54,45,111,79,81,62,53" hai3="15,122,38,113,135,11,1,82,127,23,112,108,125"/><T90/><D118/><U117/><E123/><V7/><F111/><W74/><G108/><T43/><D36/><U101/><E117/><V42/><F107/><W16/><G38/><T13/><D72/><U63/><E101/><V94/><F119/><W73/><G122/><T55/><D43/><U59/><E126/><N who="3" m="48138" /><G135/><T25/><D130/><U64/><E132/><V41/><F33/><W105/><G105/><T100/><D90/><U19/><E129/><V106/><F106/><W8/><G82/><T48/><D48/><U58/><E0/><V134/><F134/><W39/><G39/><T35/><D10/><N who="3" m="3625" /><G1/><T99/><D35/><U37/><E5/><V34/><F34/><W65/><G65/><T128/><D128/><U6/><E6/><V21/><F7/><W88/><G88/><T104/><REACH who="0" step="1"/><D98/><REACH who="0" ten="176,332,236,246" step="2"/><U133/><E37/><V32/><F32/><W103/><G103/><T89/><D89/><U2/><E49/><N who="2" m="28847" /><F42/><W80/><G74/><T109/><D109/><U121/><E133/><V83/><F41/><W91/><G91/><T93/><D93/><U114/><E121/><V9/><F9/><W75/><G73/><T12/><D12/><U28/><E2/><V17/><F83/><W3/><G3/><T52/><D52/><U30/><E87/><V92/><F95/><W110/><G110/><T115/><D115/><U60/><E114/><V116/><F116/><W26/><G80/><T46/><AGARI ba="0,1" hai="13,14,20,25,29,46,50,55,68,69,70,99,100,104" machi="46" ten="30,11700,0" yaku="1,1,0,1,52,1,53,1" doraHai="22" doraHaiUra="51" who="0" fromWho="0" sc="176,127,332,-39,236,-39,246,-39" />
</Scene>
<Scene>
<INIT seed="4,1,0,5,0,59" ten="303,293,197,207" oya="0" hai0="46,20,110,49,18,104,25,78,24,33,69,95,133" hai1="76,105,40,128,68,120,112,56,7,87,21,85,92" hai2="52,102,121,45,107,91,61,108,37,124,14,5,116" hai3="97,81,38,88,98,27,3,73,64,101,54,47,80"/><T82/><D104/><U55/><E68/><V86/><F108/><W57/><G3/><T66/><D110/><U77/><E105/><V93/><F121/><W84/><G64/><T71/><D133/><U125/><E120/><V22/><F124/><W130/><G130/><T111/><D111/><U94/><E40/><V51/><F116/><W43/><G27/><T62/><D95/><U28/><E7/><V36/><F107/><W75/><G81/><T96/><D96/><U42/><E42/><V4/><F102/><W89/><G89/><T131/><D131/><U65/><E65/><V67/><F37/><W100/><G98/><T2/><D2/><U90/><E125/><V118/><F36/><W113/><G113/><T72/><D71/><U122/><E122/><V74/><F74/><W32/><G32/><T6/><D6/><U70/><E70/><V41/><F67/><W15/><G15/><T115/><D115/><U31/><E128/><V114/><F118/><W63/><G101/><T53/><REACH who="0" step="1"/><D33/><REACH who="0" ten="293,293,197,207" step="2"/><U16/><E112/><V132/><F114/><W99/><G97/><T48/><D48/><U83/><E94/><AGARI ba="1,1" hai="38,43,47,54,57,63,73,75,80,84,88,94,99,100" machi="94" ten="30,3900,0" yaku="7,1,52,1,54,1" doraHai="59" who="3" fromWho="1" sc="293,0,293,-42,197,0,207,52" />
</Scene>
<Scene>
<INIT seed="5,0,0,3,1,131" ten="293,251,197,259" oya="1" hai0="6,41,78,134,95,52,117,22,124,111,100,110,50" hai1="67,63,62,70,83,92,66,12,36,107,80,120,126" hai2="123,3,7,103,118,30,4,58,113,119,115,81,114" hai3="31,42,79,19,15,35,90,32,76,85,61,33,10"/><U28/><E107/><V53/><F123/><W26/><G42/><T75/><D117/><N who="2" m="44554" /><F103/><W23/><REACH who="3" step="1"/><G61/><REACH who="3" ten="293,251,197,249" step="2"/><T60/><D60/><U72/><E63/><V135/><F114/><W132/><G132/><T0/><D41/><U130/><E62/><V48/><F135/><W68/><G68/><T65/><D134/><U97/><E70/><V25/><F115/><W99/><G99/><T93/><D65/><U108/><E97/><V105/><F113/><W91/><G91/><T133/><D133/><U77/><E120/><V17/><F53/><W24/><G24/><T39/><D52/><U9/><E130/><V14/><F25/><W87/><G87/><T86/><D86/><U127/><E66/><V59/><F48/><W13/><G13/><T104/><D50/><U64/><E67/><V106/><F14/><W40/><G40/><T49/><D49/><U37/><E64/><V94/><F3/><W101/><G101/><T128/><D100/><U55/><E55/><V44/><F44/><W16/><G16/><T54/><D0/><U89/><E12/><V88/><F17/><W56/><G56/><T98/><D128/><U82/><E89/><V11/><F59/><W34/><N who="3" m="8704" /><DORA hai="8" /><W116/><G116/><T45/><D45/><U1/><E1/><V47/><F58/><W102/><G102/><T122/><D54/><U5/><E37/><V2/><F47/><W38/><G38/><T57/><D122/><U121/><E36/><V112/><F112/><W18/><G18/><T84/><D39/><U21/><E121/><V74/><F2/><W27/><G27/><RYUUKYOKU ba="0,1" sc="293,-10,251,-10,197,-10,249,30" hai3="10,15,19,23,26,31,76,79,85,90" />
</Scene>
<Scene>
<INIT seed="6,1,1,2,1,67" ten="283,241,187,279" oya="2" hai0="74,75,31,120,63,28,22,111,81,6,122,69,102" hai1="53,133,26,66,128,16,21,112,55,51,71,1,2" hai2="91,5,134,125,117,76,43,89,87,33,77,96,19" hai3="104,37,90,86,56,61,24,38,42,99,95,73,131"/><V50/><F117/><W129/><G73/><T72/><D111/><U135/><E112/><V35/><F125/><W57/><G24/><T121/><D102/><U123/><E128/><N who="3" m="49226" /><G42/><T126/><D126/><U98/><E123/><V25/><F134/><N who="1" m="51209" /><E98/><V48/><F5/><W85/><G57/><T93/><D93/><U80/><E80/><V109/><F109/><W84/><G104/><T64/><D6/><U23/><E23/><V101/><F35/><W44/><G44/><T105/><D105/><U8/><E8/><V41/><F101/><W116/><G116/><T4/><D4/><U39/><E39/><V34/><F96/><W10/><G10/><T9/><D9/><U17/><E17/><V97/><F97/><W29/><G29/><T60/><D22/><U14/><E26/><V11/><F25/><W106/><G106/><T54/><REACH who="0" step="1"/><D81/><REACH who="0" ten="273,241,187,279" step="2"/><U110/><E110/><V30/><F11/><W52/><AGARI ba="1,2" hai="37,38,52,56,61,84,85,86,90,95,99" m="49226" machi="52" ten="30,2000,0" yaku="19,1,54,1" doraHai="67" who="3" fromWho="3" sc="273,-6,241,-6,187,-11,279,43" />
</Scene>
<Scene>
<INIT seed="7,0,0,0,0,73" ten="267,235,176,322" oya="3" hai0="32,27,21,14,61,94,92,65,126,99,16,130,5" hai1="97,56,72,107,53,36,37,128,34,40,60,121,67" hai2="3,48,86,71,88,68,120,30,42,11,119,115,31" hai3="39,93,95,8,106,125,2,26,85,22,70,105,28"/><W101/><G39/><T98/><D130/><U123/><E34/><V82/><F119/><W114/><G70/><T10/><D126/><U66/><E72/><V80/><F115/><W19/><G114/><T62/><D32/><U20/><E20/><V64/><F120/><W90/><G125/><T118/><D118/><U33/><E33/><V49/><F3/><W29/><G29/><T135/><D135/><U116/><E116/><V9/><F86/><W117/><G117/><T24/><D24/><U89/><E89/><V111/><F42/><W23/><G101/><T50/><D50/><U83/><E83/><V91/><REACH who="2" step="1"/><F64/><REACH who="2" ten="267,235,166,322" step="2"/><W57/><G2/><T69/><D65/><U15/><E66/><V59/><F59/><W4/><G57/><T134/><D69/><U6/><E40/><V55/><F55/><W112/><G112/><T113/><D113/><U100/><E53/><V46/><F46/><W52/><G52/><T54/><D54/><U1/><E1/><V45/><F45/><W58/><G58/><T43/><D43/><U132/><E123/><V76/><F76/><W41/><G41/><T77/><D77/><U109/><E121/><V131/><F131/><W13/><G85/><T84/><D84/><U78/><E128/><V74/><F74/><W63/><G63/><T110/><D61/><U79/><E60/><V96/><F96/><W7/><G26/><T44/><D62/><U75/><E75/><V102/><F102/><W17/><G13/><T38/><D44/><U129/><E129/><V25/><F25/><W127/><G127/><T124/><D124/><RYUUKYOKU ba="0,1" sc="267,-10,235,-10,166,30,322,-10" hai2="9,11,30,31,48,49,68,71,80,82,88,91,111" owari="257,6.0,225,-17.0,196,-30.0,322,41.0" />
</Scene>
</mjloggm>