<mjloggm ver="2.3"><GO type="169" lobby="0"/><UN n0="%47%E9%9B%80" n1="%E5%A4%AA%E3%81%8F%E3%81%AA%E3%81%84%E3%81%8A" n2="%E3%81%93%E3%81%82%E3%81%8B%E3%82%8A" n3="%74%61%6E%69%6D%6F%40" dan="16,17,16,17" rate="2121.79,2149.35,2063.51,2121.46" sx="M,M,M,M"/><TAIKYOKU oya="0"/>

<Scene>
<INIT seed="0,0,0,1,5,59" ten="250,250,250,250" oya="0" hai0="74,22,110,21,106,117,13,18,69,62,97,54,125" hai1="95,135,0,82,102,124,58,105,65,133,34,115,83" hai2="93,5,86,96,56,33,23,60,121,91,114,57,68" hai3="104,123,126,19,20,85,17,49,7,36,119,67,92"/><T81/><D117/><U76/><E0/><V50/><F114/><W99/><G36/><T16/><D125/><U6/><E34/><V64/><F121/><W120/><G119/><T101/><D110/><U84/><E6/><V66/><F33/><W47/><G126/><T51/><D74/><U48/><E124/><V75/><F75/><W55/><G7/><T40/><D40/><U94/><E115/><V134/><F134/><N who="1" m="51209" /><E48/><V72/><F72/><W103/><G67/><T32/><D32/><U43/><E43/><V8/><F23/><W30/><G30/><T122/><D122/><N who="3" m="46633" /><G20/><T129/><D81/><N who="1" m="47143" /><E58/><N who="2" m="22635" /><F68/><W130/><G130/><T11/><D129/><U116/><E65/><N who="2" m="25195" /><F50/><W24/><G24/><T45/><D69/><U39/><E39/><V111/><F111/><W78/><G78/><T15/><D11/><U132/><E116/><V37/><F37/><W42/><G42/><T44/><REACH who="0" step="1"/><D45/><REACH who="0" ten="240,250,250,250" step="2"/><U27/><E132/><V108/><F108/><W31/><G47/><T10/><D10/><U4/><E83/><V107/><F8/><W2/><G55/><T28/><D28/><U87/><E82/><V131/><F131/><W98/><G49/><T89/><D89/><U80/><E80/><V128/><F91/><W12/><G31/><T3/><D3/><U29/><E29/><V46/><F46/><W88/><G2/><T73/><D73/><U9/><E9/><V77/><F128/><W118/><G118/><T25/><D25/><U70/><E70/><V41/><F41/><W14/><G14/><T71/><D71/><U26/><E4/><V53/><F5/><RYUUKYOKU ba="0,1" sc="240,30,250,-10,250,-10,250,-10" hai0="13,15,16,18,21,22,44,51,54,62,97,101,106" />
</Scene>
<Scene>
<INIT seed="0,1,1,4,5,112" ten="270,240,240,240" oya="0" hai0="90,43,41,89,44,121,99,130,71,113,45,1,2" hai1="25,119,61,101,93,95,18,16,106,68,65,56,0" hai2="134,69,76,67,132,84,123,124,53,88,86,74,49" hai3="83,39,63,29,4,127,97,42,13,58,91,116,70"/><T102/><D121/><U81/><E0/><V26/><F123/><W11/><G70/><T78/><D71/><U79/><E119/><V51/><F124/><W122/><G116/><T104/><D113/><U133/><E133/><N who="2" m="51307" /><F74/><W125/><G29/><T8/><D130/><U105/><E68/><V118/><F76/><W35/><G35/><T82/><D45/><U10/><E18/><V24/><F84/><W46/><G122/><T27/><D27/><N who="2" m="10282" /><F53/><W5/><G5/><T3/><D43/><U12/><E25/><V57/><F69/><W38/><G38/><T62/><D62/><U92/><REACH who="1" step="1"/><E101/><REACH who="1" ten="270,230,240,240" step="2"/><V103/><F103/><W36/><G127/><T54/><D8/><U28/><E28/><V126/><F118/><W100/><G125/><T52/><D90/><U94/><N who="1" m="24064" /><DORA hai="85" /><U59/><E59/><V75/><F126/><W87/><G46/><T72/><REACH who="0" step="1"/><D89/><REACH who="0" ten="260,230,240,240" step="2"/><U21/><E21/><V20/><F20/><W37/><G37/><AGARI ba="1,3" hai="1,2,3,37,41,44,52,54,72,78,82,99,102,104" machi="37" ten="40,12000,1" yaku="1,1,2,1,54,1,53,1" doraHai="112,85" doraHaiUra="129,98" who="0" fromWho="3" sc="260,153,230,0,240,0,240,-123" />
</Scene>
<Scene>
<INIT seed="0,2,0,1,4,39" ten="413,230,240,117" oya="0" hai0="31,42,107,85,6,79,35,54,93,98,127,25,103" hai1="51,17,83,48,63,126,65,13,15,119,116,3,64" hai2="44,80,96,117,77,34,24,38,94,45,69,88,22" hai3="87,131,82,100,43,89,62,16,66,75,18,61,114"/><T21/><D127/><U91/><E3/><V74/><F69/><W132/><G114/><T56/><D6/><U70/><E126/><V84/><F117/><W71/><G132/><T50/><D35/><U72/><E91/><V37/><F34/><W53/><G131/><T115/><D115/><U12/><E17/><V11/><F11/><W49/><G100/><T73/><D73/><U8/><E8/><V78/><F74/><W19/><G75/><T134/><D134/><U102/><E102/><V105/><F105/><W90/><G43/><T20/><D21/><U110/><E65/><V118/><F118/><W26/><G26/><T129/><D129/><U23/><E23/><V30/><REACH who="2" step="1"/><F78/><REACH who="2" ten="413,230,230,117" step="2"/><W1/><G1/><T97/><D79/><U32/><E32/><V123/><F123/><W104/><G104/><T36/><D107/><U106/><E106/><V29/><F29/><W76/><REACH who="3" step="1"/><G62/><REACH who="3" ten="413,230,230,107" step="2"/><T10/><D103/><U14/><E116/><V125/><F125/><W99/><G99/><T5/><D98/><U55/><E119/><V46/><AGARI ba="2,2" hai="22,24,30,37,38,44,45,46,77,80,84,88,94,96" machi="46" ten="30,4000,0" yaku="1,1,0,1,54,1,53,0" doraHai="39" doraHaiUra="52" who="2" fromWho="2" sc="413,-22,230,-12,230,66,107,-12" />
</Scene>
<Scene>
<INIT seed="1,0,0,1,3,109" ten="391,218,296,95" oya="1" hai0="40,111,55,97,91,16,60,59,35,100,18,50,7" hai1="114,15,13,135,104,4,63,34,41,131,72,122,45" hai2="99,106,134,73,47,119,53,54,112,133,24,127,64" hai3="107,23,32,95,37,110,9,69,68,117,44,67,2"/><U105/><E122/><V93/><F119/><W86/><G23/><T27/><D111/><U0/><E34/><V29/><F73/><W33/><G95/><T57/><D7/><U10/><E131/><V31/><F127/><W76/><G86/><T92/><D35/><N who="3" m="13385" /><G117/><T6/><D6/><U103/><E135/><N who="2" m="51723" /><F106/><W118/><G118/><T89/><D40/><U75/><E63/><V19/><F64/><W132/><G132/><T83/><D83/><U70/><E70/><N who="3" m="27242" /><G67/><T82/><D82/><U129/><E129/><V5/><F47/><W48/><G48/><T123/><D123/><U98/><E104/><V85/><F85/><W84/><G84/><T113/><D27/><U96/><E96/><V80/><F80/><W61/><G61/><T125/><D60/><U1/><E15/><V8/><F24/><W49/><G76/><T22/><D22/><U78/><E78/><V102/><F93/><W56/><G107/><T26/><D92/><U39/><E72/><V36/><F5/><N who="3" m="1207" /><G110/><T74/><D26/><U87/><E75/><V11/><F19/><W65/><G37/><T94/><D74/><U88/><E87/><V124/><F36/><W20/><G20/><T38/><D38/><U90/><E90/><V43/><F53/><W71/><N who="3" m="27250" /><W42/><DORA hai="17" /><G65/><T51/><D94/><U101/><E88/><V120/><F54/><W46/><G42/><T115/><D55/><U62/><E62/><V128/><F43/><W3/><G3/><N who="1" m="1098" /><E101/><V130/><F102/><W79/><G79/><T28/><D100/><U14/><E14/><V126/><F120/><RYUUKYOKU ba="0,0" sc="391,-15,218,15,296,-15,95,15" hai1="4,10,13,39,41,45,98,103,105,114" hai3="44,46,49,56" />
</Scene>
<Scene>
<INIT seed="1,1,0,5,0,78" ten="376,233,281,110" oya="1" hai0="35,7,40,128,31,102,29,129,27,34,97,20,124" hai1="10,6,91,106,23,39,88,130,122,101,72,133,13" hai2="83,114,112,85,62,115,15,50,118,99,68,17,53" hai3="87,42,104,86,135,126,131,82,38,61,25,70,89"/><U98/><E122/><V65/><F99/><W111/><G104/><T60/><D40/><U22/><E39/><V18/><F118/><W30/><G111/><T79/><D124/><U4/><E72/><V37/><F37/><W134/><G126/><T93/><D7/><U12/><E133/><N who="3" m="50698" /><G131/><N who="0" m="50251" /><D31/><U58/><E130/><V90/><REACH who="2" step="1"/><F15/><REACH who="2" ten="376,233,271,110" step="2"/><W41/><G38/><T116/><D116/><U8/><E58/><AGARI ba="1,1" hai="17,18,50,53,58,62,65,68,83,85,90,112,114,115" machi="58" ten="40,8000,1" yaku="1,1,2,1,11,1,52,1,53,0" doraHai="78" doraHaiUra="28" who="2" fromWho="1" sc="376,0,233,-83,271,93,110,0" />
</Scene>
<Scene>
<INIT seed="2,0,0,3,2,82" ten="376,150,364,110" oya="2" hai0="112,121,49,42,91,4,30,19,17,100,58,23,131" hai1="43,29,81,77,133,93,25,6,111,92,86,64,106" hai2="126,109,59,125,78,47,107,31,90,89,38,103,5" hai3="20,128,14,68,50,46,79,108,33,44,2,1,117"/><V132/><F132/><W87/><G117/><T123/><D112/><U130/><E106/><V35/><F109/><W7/><G33/><T32/><D32/><U101/><E111/><V36/><F5/><W0/><G68/><T13/><D100/><U62/><E133/><V118/><F118/><W115/><G108/><T65/><D30/><U105/><E130/><V34/><F59/><W63/><G128/><T85/><D131/><U40/><E6/><V9/><F9/><W80/><G115/><T15/><D4/><U116/><E116/><V97/><F78/><W110/><G110/><T94/><D42/><U102/><E102/><V71/><F71/><W53/><G63/><T18/><D65/><U41/><E105/><V61/><F61/><W74/><G20/><T16/><REACH who="0" step="1"/><D13/><REACH who="0" ten="366,150,364,110" step="2"/><U96/><E43/><N who="2" m="23015" /><F34/><W52/><G14/><T99/><D99/><U114/><E114/><V37/><F35/><W39/><G7/><T98/><D98/><U95/><E40/><V75/><F31/><W57/><G39/><T83/><D83/><U3/><E41/><V24/><F38/><W88/><REACH who="3" step="1"/><G53/><AGARI ba="0,1" hai="15,16,17,18,19,23,49,53,58,85,91,94,121,123" machi="53" ten="40,12000,2" yaku="1,1,25,2,52,1,54,1,53,1" doraHai="82" doraHaiUra="84" who="0" fromWho="3" sc="366,130,150,0,364,0,110,-120" owari="496,60.0,150,-25.0,364,16.0,-10,-51.0" />
</Scene>
</mjloggm>