<mjloggm ver="2.3"><GO type="169" lobby="0"/><UN n0="%E5%A4%AA%E3%81%8F%E3%81%AA%E3%81%84%E3%81%8A" n1="%E5%A5%B3%E3%81%AA%E3%81%AE%E3%81%82%E3%81%8C%E3%82%89%E3%81%9B%E3%81%A6" n2="%E3%81%A0%E3%81%90%E3%81%A9" n3="%74%61%74%73%75%37%30%32" dan="18,16,16,16" rate="2231.72,2082.90,2073.85,2163.52" sx="M,F,M,M"/><TAIKYOKU oya="0"/>

<Scene>
<INIT seed="0,0,0,3,2,65" ten="250,250,250,250" oya="0" hai0="91,59,23,110,124,25,39,37,9,89,30,125,31" hai1="35,127,49,13,20,116,79,26,90,99,10,95,3" hai2="60,101,27,48,47,85,52,94,84,63,114,103,36" hai3="68,113,51,71,86,5,19,108,69,120,92,115,118"/><T50/><D9/><U119/><E127/><N who="0" m="48713" /><D110/><U7/><E79/><V22/><F114/><W56/><G108/><T112/><D112/><U82/><E82/><V34/><F34/><W38/><G118/><T21/><D50/><U77/><E77/><V54/><F36/><N who="0" m="13898" /><D59/><U64/><E64/><V83/><F54/><W43/><G5/><T41/><D41/><U87/><E49/><V107/><F107/><W117/><G117/><T133/><D133/><U24/><E116/><V97/><F103/><W132/><G38/><T2/><D2/><U44/><E119/><V123/><F123/><W46/><G56/><T121/><D121/><U72/><E3/><V98/><F98/><W6/><G120/><T32/><D32/><U16/><E99/><V129/><F85/><W8/><G132/><T67/><D67/><U76/><E76/><V58/><F58/><W53/><G43/><T93/><D93/><U57/><E57/><V131/><F129/><W12/><REACH who="3" step="1"/><G6/><REACH who="3" ten="250,250,250,240" step="2"/><T40/><D40/><U11/><E7/><V1/><F131/><W128/><G128/><T61/><D61/><U15/><E95/><V33/><F1/><W78/><G78/><T100/><D100/><U0/><E0/><V96/><F101/><W18/><G18/><T135/><D135/><U134/><E16/><V104/><F104/><W122/><G122/><T73/><D73/><U28/><E72/><V29/><F33/><W130/><G130/><T14/><D30/><U62/><E28/><V55/><F29/><W80/><G80/><T88/><D89/><AGARI ba="0,1" hai="8,12,19,46,51,53,68,69,71,86,89,92,113,115" machi="89" ten="40,8000,1" yaku="1,1,52,3,53,1" doraHai="65" doraHaiUra="81" who="3" fromWho="0" sc="250,-80,250,0,250,0,240,90" />
</Scene>
<Scene>
<INIT seed="1,0,0,3,0,105" ten="170,250,250,330" oya="1" hai0="33,53,14,71,125,54,50,124,123,7,24,34,127" hai1="63,98,121,20,113,21,110,11,3,128,76,100,38" hai2="120,56,2,17,115,103,109,134,130,75,39,89,19" hai3="31,48,83,118,91,60,52,64,28,8,32,41,96"/><U62/><E121/><V131/><F120/><W68/><G118/><T37/><D37/><U126/><E113/><V69/><F39/><W129/><G129/><N who="2" m="49161" /><F69/><W40/><G8/><N who="0" m="4383" /><D123/><U22/><E128/><V84/><F2/><W67/><G67/><T27/><D71/><U43/><E126/><N who="0" m="32257" /><T15/><DORA hai="116" /><D53/><U87/><E110/><V132/><F109/><W16/><G32/><N who="0" m="12395" /><D54/><U106/><E76/><V94/><F115/><W104/><G41/><T49/><D49/><U29/><E87/><V66/><F103/><W80/><G40/><T1/><D50/><U81/><E81/><V4/><F4/><W85/><G83/><T25/><D15/><U10/><E38/><V90/><F89/><W77/><G91/><T42/><D42/><U59/><E43/><V46/><F46/><W97/><G104/><T133/><D1/><U101/><E3/><V9/><F66/><W70/><G68/><T117/><D117/><U74/><E100/><V99/><F56/><W135/><G97/><T26/><D26/><U58/><E58/><V13/><F99/><W61/><G96/><T88/><D88/><U82/><E59/><V92/><F92/><W72/><G85/><T18/><D133/><N who="2" m="51306" /><F19/><AGARI ba="0,0" hai="18,19,24,25,27" m="12395,32257,4383" machi="19" ten="50,6400,0" yaku="18,1,34,2" doraHai="105,116" who="0" fromWho="2" sc="170,64,250,0,250,-64,330,0" />
</Scene>
<Scene>
<INIT seed="2,0,0,4,4,59" ten="234,250,186,330" oya="2" hai0="58,102,37,4,97,51,0,86,83,6,135,98,77" hai1="57,75,126,9,35,36,50,130,45,93,28,26,134" hai2="55,91,111,114,99,18,21,40,76,32,68,39,44" hai3="13,89,24,3,123,27,128,78,118,17,124,105,132"/><V61/><F32/><W120/><G105/><T10/><D37/><U107/><E107/><V62/><F114/><W67/><G78/><T82/><D135/><U101/><E134/><V117/><F117/><W47/><G132/><T96/><D6/><U66/><E130/><V100/><F76/><W104/><G104/><T108/><D108/><U48/><E126/><V15/><F111/><W131/><G47/><T110/><D110/><U23/><E75/><V116/><F116/><W5/><G67/><T11/><D11/><U56/><E35/><V64/><F91/><W84/><G5/><T29/><D29/><U25/><E36/><V94/><F68/><W53/><G53/><T85/><D51/><U109/><E26/><N who="3" m="9770" /><G3/><T38/><D38/><U79/><E79/><V12/><F64/><W31/><G31/><T88/><REACH who="0" step="1"/><D58/><REACH who="0" ten="224,250,186,330" step="2"/><U122/><E57/><V54/><REACH who="2" step="1"/><F12/><REACH who="2" ten="224,250,176,330" step="2"/><W14/><G13/><T7/><D7/><U46/><E109/><V81/><F81/><N who="3" m="49295" /><G118/><T112/><D112/><U69/><E69/><V119/><F119/><W95/><G124/><T70/><D70/><U72/><E56/><V60/><AGARI ba="0,2" hai="15,18,21,39,40,44,54,55,60,61,62,94,99,100" machi="60" ten="30,18000,2" yaku="1,1,0,1,52,3,53,1" doraHai="59" doraHaiUra="42" who="2" fromWho="2" sc="224,-60,250,-60,176,200,330,-60" />
</Scene>
<Scene>
<INIT seed="2,1,0,1,2,115" ten="164,190,376,270" oya="2" hai0="69,81,8,57,133,95,118,20,22,1,97,41,43" hai1="12,119,98,71,131,15,33,91,126,37,64,113,18" hai2="72,73,77,90,89,112,116,134,82,24,94,79,60" hai3="108,7,32,16,99,109,42,55,51,75,62,52,101"/><V53/><F112/><W120/><G32/><T23/><D69/><U84/><E113/><V58/><F134/><W121/><G75/><T76/><D133/><U56/><E119/><V106/><F106/><W0/><G7/><T9/><D57/><U31/><E131/><V65/><F116/><W117/><G0/><T110/><D110/><N who="3" m="42601" /><G117/><T11/><D1/><U13/><E37/><V104/><F104/><N who="3" m="63551" /><G62/><T124/><D124/><U10/><E126/><V129/><F129/><W114/><G42/><T102/><REACH who="0" step="1"/><D118/><REACH who="0" ten="154,190,376,270" step="2"/><U47/><E56/><V74/><F65/><W85/><G114/><T92/><D92/><U123/><E71/><V87/><REACH who="2" step="1"/><F24/><REACH who="2" ten="154,190,366,270" step="2"/><W83/><G121/><T78/><D78/><U45/><E64/><V67/><F67/><W125/><G120/><T100/><D100/><U111/><E123/><V122/><F122/><W5/><G125/><T25/><D25/><U88/><E111/><V66/><F66/><W35/><G35/><T80/><D80/><U54/><E10/><V4/><F4/><W17/><G5/><T132/><D132/><U107/><E33/><V27/><F27/><W34/><G34/><T29/><D29/><U130/><E31/><V61/><F61/><W127/><G127/><T105/><D105/><U70/><E107/><V6/><F6/><W49/><G17/><T40/><D40/><U14/><E70/><V128/><F128/><W68/><G16/><T59/><D59/><U21/><E130/><V103/><F103/><W96/><G68/><T86/><AGARI ba="1,2" hai="8,9,11,20,22,23,41,43,76,81,86,95,97,102" machi="86" ten="30,8000,1" yaku="1,1,0,1,8,1,53,2" doraHai="115" doraHaiUra="38" who="0" fromWho="0" sc="154,103,190,-21,366,-41,270,-21" />
</Scene>
<Scene>
<INIT seed="3,0,0,5,1,61" ten="257,169,325,249" oya="3" hai0="54,124,115,114,111,88,57,35,46,70,43,25,103" hai1="52,48,101,69,49,107,38,13,73,104,100,59,119" hai2="68,23,85,56,87,127,89,109,132,17,130,126,33" hai3="42,45,15,77,26,39,50,90,32,3,44,31,81"/><W94/><G3/><T1/><D70/><U47/><E73/><V123/><F68/><W134/><G134/><T21/><D35/><U110/><E110/><V58/><F33/><W62/><G15/><T12/><D1/><U128/><E38/><V108/><F132/><W125/><G62/><T98/><D12/><U30/><E69/><V20/><F130/><W76/><G81/><T118/><D118/><U27/><E119/><V64/><F123/><W113/><G113/><T93/><D111/><N who="2" m="42570" /><F64/><W71/><G71/><T92/><D124/><N who="2" m="47658" /><F17/><W135/><G125/><T34/><D34/><U96/><E128/><V102/><F102/><W117/><G135/><T5/><D5/><U67/><E101/><V82/><F87/><W14/><G14/><T36/><D92/><U97/><E13/><V78/><F78/><W112/><G112/><T41/><D41/><U133/><E133/><V29/><F29/><W91/><G91/><T99/><D99/><U11/><E97/><V84/><F84/><W129/><G129/><T16/><REACH who="0" step="1"/><D103/><REACH who="0" ten="247,169,325,249" step="2"/><U0/><E0/><V9/><F9/><W95/><G95/><T53/><D53/><U83/><E11/><V60/><F82/><W4/><G117/><T6/><D6/><U19/><E83/><V40/><F40/><N who="3" m="22559" /><G4/><T72/><D72/><U8/><E100/><V121/><F121/><W120/><G120/><T122/><D122/><U28/><E96/><V86/><F89/><W10/><G10/><T24/><D24/><U131/><E8/><V80/><F80/><W37/><G37/><T79/><D79/><U2/><E131/><RYUUKYOKU ba="0,1" sc="247,15,169,-15,325,-15,249,15" hai0="16,21,25,36,43,46,54,57,88,93,98,114,115" hai3="26,31,32,42,45,50,76,77,90,94" />
</Scene>
<Scene>
<INIT seed="3,1,1,5,2,24" ten="262,154,310,264" oya="3" hai0="61,32,59,60,108,100,25,103,54,17,2,52,120" hai1="62,98,85,95,12,111,72,49,134,14,89,82,83" hai2="70,78,81,7,21,102,93,75,122,73,26,110,96" hai3="47,86,109,30,124,43,76,112,35,135,69,50,71"/><W20/><G112/><T104/><D120/><U91/><E111/><V38/><F38/><W77/><G35/><T130/><D2/><U74/><E134/><V15/><F70/><W0/><G135/><T6/><D6/><U88/><E49/><V13/><F110/><W129/><G0/><T90/><D108/><U127/><E127/><V132/><F132/><W44/><G109/><T42/><D130/><U41/><E41/><V56/><F122/><W126/><G47/><T121/><D121/><U23/><E62/><V125/><F125/><N who="3" m="48235" /><G129/><T29/><D42/><U106/><E14/><V55/><F7/><W97/><G97/><T28/><D104/><U68/><E68/><N who="3" m="26186" /><G86/><T84/><D17/><U34/><E34/><V45/><F45/><W9/><G9/><T3/><D3/><U119/><E119/><V39/><F39/><W87/><G87/><T36/><D36/><U16/><E106/><V101/><F75/><W58/><G58/><N who="0" m="34887" /><D32/><U10/><E10/><V116/><F116/><W19/><G19/><T8/><D8/><U11/><E11/><V37/><F37/><W80/><G80/><N who="0" m="49415" /><D25/><AGARI ba="1,1" hai="20,25,30,43,44,50,76,77" m="26186,48235" machi="25" ten="30,2900,0" yaku="18,1,52,1" doraHai="24" who="3" fromWho="0" sc="262,-32,154,0,310,0,264,42" />
</Scene>
<Scene>
<INIT seed="3,2,0,1,3,30" ten="230,154,310,306" oya="3" hai0="131,10,71,45,102,47,76,13,4,121,26,104,86" hai1="2,7,63,53,59,52,109,68,12,101,5,28,98" hai2="0,88,66,39,43,105,16,94,77,54,122,130,78" hai3="123,19,126,50,133,108,111,135,17,36,112,134,80"/><W74/><G36/><T110/><D121/><U93/><E109/><N who="3" m="42058" /><G123/><T132/><D110/><U3/><E68/><V100/><F105/><W116/><G112/><T37/><D71/><U96/><E28/><V46/><F100/><W8/><G116/><T20/><D37/><U57/><E12/><V27/><F0/><W21/><G50/><T87/><D132/><U70/><E70/><V64/><F122/><W119/><G119/><T38/><D38/><U14/><E14/><V65/><F130/><W67/><G67/><T81/><D131/><U83/><E83/><V118/><F118/><W35/><G35/><T23/><D104/><U41/><E41/><V95/><F95/><W127/><G8/><T97/><D23/><U22/><E22/><N who="2" m="13767" /><F39/><W42/><G42/><T62/><D62/><U51/><REACH who="1" step="1"/><E96/><REACH who="1" ten="230,144,310,306" step="2"/><N who="2" m="57415" /><F43/><W29/><G29/><T69/><D69/><U117/><E117/><V120/><F120/><W91/><G21/><T34/><D20/><U106/><E106/><V107/><F107/><W44/><G19/><T25/><D25/><U89/><E89/><V124/><F124/><N who="3" m="47659" /><G17/><T55/><D26/><U60/><E60/><V40/><F40/><W24/><G24/><T85/><D13/><U115/><E115/><V18/><F18/><W82/><G91/><T125/><D125/><U92/><E92/><V73/><F73/><W33/><G74/><T114/><D114/><U103/><E103/><V15/><F15/><W129/><G129/><T31/><D102/><U90/><E90/><V58/><F78/><W11/><G135/><T99/><D31/><U49/><E49/><RYUUKYOKU ba="2,1" sc="230,-10,144,30,310,-10,306,-10" hai1="2,3,5,7,51,52,53,57,59,63,93,98,101" />
</Scene>
<Scene>
<INIT seed="4,3,1,2,3,46" ten="220,174,300,296" oya="0" hai0="69,93,107,106,78,95,67,131,11,108,80,0,60" hai1="83,91,90,4,115,33,27,49,79,132,75,3,99" hai2="116,55,15,109,28,23,76,110,124,133,118,2,89" hai3="70,44,92,64,7,19,81,22,102,10,122,13,103"/><T134/><D134/><U42/><E132/><V117/><F2/><W51/><G122/><T62/><D131/><U119/><E119/><V31/><F133/><W126/><G126/><T101/><D108/><U5/><E115/><V9/><F124/><W47/><G47/><T105/><D101/><U96/><E42/><V71/><F76/><W65/><G70/><T112/><D112/><U111/><E111/><N who="2" m="42507" /><F71/><W29/><G29/><T16/><D62/><U32/><E27/><V129/><F129/><W38/><G38/><T61/><D61/><U1/><E79/><V58/><F23/><W26/><G81/><T98/><D98/><U74/><REACH who="1" step="1"/><E83/><REACH who="1" ten="220,164,300,296" step="2"/><V21/><F118/><W68/><G92/><T57/><D95/><U94/><E94/><V54/><F117/><W30/><G68/><T52/><D93/><U120/><E120/><V113/><F116/><W45/><G103/><T85/><D69/><U72/><E72/><V34/><F113/><W84/><G102/><T104/><D104/><U20/><E20/><V127/><F21/><W63/><G30/><T77/><D77/><U86/><E86/><V24/><F28/><W17/><G84/><T87/><D87/><U39/><E39/><V97/><F127/><W12/><G26/><T43/><D43/><U8/><E8/><V6/><F24/><W41/><G22/><T50/><D106/><U25/><E25/><V48/><F31/><W66/><G10/><T121/><D121/><U35/><E35/><V73/><F34/><W56/><G41/><T18/><D105/><U125/><E125/><V14/><F9/><RYUUKYOKU ba="3,2" sc="220,-10,164,30,300,-10,296,-10" hai1="1,3,4,5,32,33,49,74,75,90,91,96,99" />
</Scene>
<Scene>
<INIT seed="5,4,2,5,4,91" ten="210,194,290,286" oya="1" hai0="18,26,39,102,103,93,37,119,21,73,8,14,97" hai1="34,87,62,10,64,25,115,113,80,53,57,101,48" hai2="3,40,107,30,98,15,124,110,60,7,76,46,23" hai3="56,122,130,71,29,111,89,63,52,19,108,43,70"/><U68/><E101/><V96/><F110/><W106/><G106/><T132/><D119/><U94/><E10/><V125/><F76/><W22/><G122/><T99/><D73/><U12/><E12/><V35/><F60/><W41/><G29/><T55/><D55/><U17/><E94/><V114/><F114/><W74/><G74/><T118/><D132/><U51/><E51/><V88/><F107/><W123/><G123/><T121/><D118/><U50/><E50/><N who="2" m="26951" /><F3/><W59/><G89/><T104/><REACH who="0" step="1"/><D121/><REACH who="0" ten="200,194,290,286" step="2"/><U65/><E65/><V66/><F66/><N who="3" m="39295" /><G108/><T120/><D120/><U2/><E2/><V42/><F125/><W117/><G111/><T69/><D69/><U134/><E134/><V38/><F124/><W82/><G71/><T47/><D47/><U31/><REACH who="1" step="1"/><E17/><AGARI ba="4,3" hai="8,14,17,18,21,26,37,39,93,97,99,102,103,104" machi="17" ten="30,3900,0" yaku="1,1,7,1,52,1,53,0" doraHai="91" doraHaiUra="105" who="0" fromWho="1" sc="200,81,194,-51,290,0,286,0" />
</Scene>
<Scene>
<INIT seed="6,0,0,3,2,41" ten="281,143,290,286" oya="2" hai0="4,63,51,48,96,135,122,0,90,46,106,27,120" hai1="78,16,18,119,30,72,33,91,118,113,12,24,60" hai2="26,109,70,127,130,126,58,42,84,103,66,73,68" hai3="116,45,105,49,23,64,6,34,128,94,62,115,55"/><V95/><F73/><W98/><G105/><T31/><D0/><U77/><E113/><V17/><F130/><W129/><G34/><T88/><D4/><U25/><E60/><N who="2" m="38167" /><F42/><W102/><G116/><T82/><D135/><U36/><E36/><V28/><F109/><W108/><G108/><T52/><D63/><U56/><E56/><V85/><F17/><W10/><G23/><N who="0" m="15871" /><D106/><U9/><E91/><N who="2" m="53735" /><F85/><W8/><G115/><T121/><D121/><U100/><E100/><V71/><F103/><W32/><G32/><T107/><D107/><U40/><E40/><V13/><F13/><W7/><G7/><T29/><D29/><U124/><E124/><N who="2" m="47659" /><F71/><N who="3" m="42391" /><G6/><T114/><D114/><U81/><REACH who="1" step="1"/><E78/><REACH who="1" ten="281,133,290,286" step="2"/><V134/><F134/><W20/><G129/><T37/><D37/><U76/><E76/><V110/><F110/><W89/><G128/><T93/><D120/><U44/><E44/><V53/><F53/><W92/><G45/><N who="0" m="27663" /><D122/><U5/><E5/><V79/><F79/><W15/><G102/><N who="0" m="60687" /><D82/><U133/><E133/><V132/><F132/><W67/><G94/><T75/><D75/><U101/><E101/><V47/><F47/><W39/><G92/><T38/><D38/><U50/><E50/><V99/><F70/><W11/><G49/><T97/><D97/><U61/><E61/><V14/><F68/><W117/><G98/><T104/><D104/><U69/><E69/><V19/><F99/><W22/><G39/><T59/><D59/><U3/><E3/><V83/><F83/><W86/><G67/><T35/><D51/><U80/><E80/><V43/><F43/><RYUUKYOKU ba="0,1" sc="281,-10,133,30,290,-10,286,-10" hai1="9,12,16,18,24,25,30,33,72,77,81,118,119" />
</Scene>
<Scene>
<INIT seed="7,1,1,0,4,121" ten="271,163,280,276" oya="3" hai0="44,54,132,109,102,119,68,75,86,111,134,47,19" hai1="82,73,28,84,79,26,83,64,10,120,115,58,27" hai2="37,50,41,23,100,130,52,48,25,22,3,15,35" hai3="51,55,60,33,18,114,59,74,66,39,105,11,92"/><W70/><G114/><T21/><D75/><U91/><E115/><V65/><F3/><W127/><G105/><T110/><D119/><U96/><E120/><V106/><F37/><W71/><G127/><T5/><D68/><U1/><E96/><V38/><F38/><W104/><G104/><T118/><D118/><U14/><E1/><V124/><F35/><W16/><G33/><T131/><D5/><U76/><E91/><V117/><F117/><W99/><G74/><T78/><D102/><U129/><E129/><V42/><F106/><W40/><G11/><T107/><D107/><U97/><E97/><V31/><F100/><N who="3" m="60519" /><G70/><T116/><D116/><U12/><E12/><V90/><F65/><W20/><G20/><T24/><D131/><U125/><E125/><V112/><F112/><W45/><AGARI ba="1,1" hai="16,18,39,40,45,51,55,59,60,66,71" m="60519" machi="45" ten="30,3000,0" yaku="24,1,54,1" doraHai="121" who="3" fromWho="3" sc="271,-11,163,-11,280,-11,276,43" owari="260,-14.0,152,-35.0,269,7.0,319,42.0" />
</Scene>
</mjloggm>