<mjloggm ver="2.3"><GO type="169" lobby="0"/><UN n0="%E5%A4%AA%E3%81%8F%E3%81%AA%E3%81%84%E3%81%8A" n1="%E3%81%BE%E3%82%8B%E3%81%99%E3%81%91" n2="%E3%81%B5%E3%81%8B%E3%81%98" n3="%4D%61%72%69%63%65" dan="17,16,16,16" rate="2155.25,2132.07,2082.20,2105.90" sx="M,M,M,M"/><TAIKYOKU oya="0"/>

<Scene>
<INIT seed="0,0,0,4,3,83" ten="250,250,250,250" oya="0" hai0="132,106,119,46,43,26,84,123,86,134,53,102,82" hai1="47,81,65,90,54,89,126,34,78,30,4,2,88" hai2="42,16,1,122,38,101,19,20,14,115,74,12,97" hai3="55,37,70,11,79,71,9,104,75,39,130,28,99"/><T51/><D119/><U5/><E126/><V85/><F74/><W3/><G55/><T69/><D123/><U93/><E65/><V113/><F122/><W73/><G79/><T127/><D69/><U96/><E34/><V72/><F72/><W92/><G28/><T135/><D127/><U8/><E30/><V40/><F1/><W80/><G80/><T62/><D26/><U121/><E121/><V6/><F6/><W58/><G58/><N who="0" m="35151" /><D82/><U48/><REACH who="1" step="1"/><E5/><REACH who="1" ten="250,240,250,250" step="2"/><V112/><F112/><W22/><G71/><T44/><D44/><U124/><E124/><V25/><F115/><W57/><G70/><T110/><D110/><U100/><E100/><V125/><F101/><W76/><G57/><T114/><D114/><U13/><E13/><V18/><F12/><W129/><G3/><T32/><D32/><U33/><E33/><V29/><F14/><W118/><G118/><T56/><D56/><U103/><E103/><V111/><F113/><W60/><G130/><T41/><D41/><U116/><E116/><V10/><F111/><W66/><G129/><T15/><D15/><U36/><E36/><V87/><F38/><W24/><G39/><T49/><D49/><U95/><E95/><V120/><F40/><W7/><G37/><T67/><D67/><U98/><E98/><AGARI ba="0,1" hai="43,46,51,84,86,98,102,106,132,134,135" m="35151" machi="98" ten="30,5800,0" yaku="20,1,52,2" doraHai="83" who="0" fromWho="1" sc="250,68,240,-58,250,0,250,0" />
</Scene>
<Scene>
<INIT seed="0,1,0,5,4,83" ten="318,182,250,250" oya="0" hai0="1,102,52,118,90,63,5,49,44,93,133,101,32" hai1="45,115,68,65,72,20,128,117,121,34,13,46,135" hai2="40,88,6,25,55,116,14,126,75,35,9,111,87" hai3="48,28,81,131,64,54,7,112,77,69,67,57,43"/><T79/><D118/><U39/><RYUUKYOKU type="yao9" ba="1,0" sc="318,0,182,0,250,0,250,0" hai1="13,20,34,39,45,46,65,68,72,115,117,121,128,135" />
</Scene>
<Scene>
<INIT seed="0,2,0,4,5,59" ten="318,182,250,250" oya="0" hai0="0,122,7,105,93,9,55,106,42,135,129,97,28" hai1="96,11,27,47,94,73,14,34,58,44,134,4,102" hai2="123,16,1,85,125,49,91,83,99,19,68,51,18" hai3="39,74,15,100,82,98,32,61,12,8,78,6,25"/><T69/><D122/><U133/><E73/><V95/><F123/><W103/><G39/><T90/><D69/><U63/><E34/><V24/><F1/><W3/><G103/><T64/><D64/><U23/><E133/><V76/><F125/><W35/><G32/><T104/><D135/><U86/><E86/><V118/><F118/><W81/><G81/><T38/><D129/><U41/><E41/><V114/><F114/><W111/><G111/><T113/><D113/><U80/><E80/><V72/><F68/><W5/><G5/><T17/><D28/><U109/><E109/><V117/><F117/><W79/><G79/><T89/><D17/><U124/><E124/><V75/><F24/><W26/><G26/><T101/><REACH who="0" step="1"/><D55/><REACH who="0" ten="308,182,250,250" step="2"/><N who="1" m="34271" /><E134/><V65/><F65/><W54/><G54/><T31/><D31/><AGARI ba="2,1" hai="4,11,14,23,27,31,44,47,94,96,102" m="34271" machi="31" ten="30,2000,0" yaku="8,1,52,1" doraHai="59" who="1" fromWho="0" sc="308,-26,182,36,250,0,250,0" />
</Scene>
<Scene>
<INIT seed="1,0,0,5,0,16" ten="282,218,250,250" oya="1" hai0="69,90,118,133,125,91,27,98,88,78,14,108,74" hai1="38,5,55,132,81,68,31,13,33,116,45,17,83" hai2="80,121,29,103,3,119,60,94,76,48,109,52,96" hai3="12,134,41,75,135,18,114,86,22,72,89,92,50"/><U65/><E116/><V43/><F119/><W85/><G114/><T35/><D118/><U128/><E132/><V15/><F3/><W107/><G107/><T117/><D117/><U102/><E5/><V7/><F121/><W34/><G34/><T49/><D69/><U123/><E123/><V63/><F43/><W79/><G79/><T95/><D133/><N who="3" m="50697" /><G85/><T100/><D108/><U122/><E122/><V127/><F29/><W30/><G30/><T111/><D111/><U51/><E128/><V126/><F109/><W110/><G110/><T87/><D125/><N who="2" m="47626" /><F15/><W131/><G131/><T112/><D112/><U99/><E38/><V2/><F7/><W44/><AGARI ba="0,0" hai="12,18,22,41,44,50,72,75,86,89,92" m="50697" machi="44" ten="30,2000,0" yaku="20,1,52,1" doraHai="16" who="3" fromWho="3" sc="282,-5,218,-10,250,-5,250,20" />
</Scene>
<Scene>
<INIT seed="2,0,0,1,5,102" ten="277,208,245,270" oya="2" hai0="114,50,108,4,101,33,71,81,23,83,75,126,63" hai1="65,59,3,60,0,112,27,48,46,11,32,37,116" hai2="52,109,12,39,119,5,86,128,55,117,22,21,76" hai3="113,123,125,106,89,30,132,107,98,15,17,118,43"/><V90/><F39/><W91/><G118/><T28/><D114/><U1/><E116/><V24/><F76/><W93/><G123/><T41/><D4/><U122/><E122/><V53/><F128/><W92/><G113/><T67/><D75/><U70/><E112/><V121/><F121/><W9/><G43/><T120/><D120/><U78/><E78/><V80/><F109/><W13/><G132/><T8/><D8/><U26/><E32/><V97/><F97/><W124/><G30/><T49/><D23/><U66/><E66/><V69/><F69/><W131/><G131/><T14/><D14/><U20/><E11/><V34/><F34/><W44/><G44/><N who="0" m="25743" /><D50/><U18/><E27/><V19/><REACH who="2" step="1"/><F5/><REACH who="2" ten="277,208,235,270" step="2"/><W51/><G98/><T57/><D71/><U7/><E37/><V29/><AGARI ba="0,1" hai="12,19,21,22,24,29,52,53,55,80,86,90,117,119" machi="29" ten="30,12000,1" yaku="1,1,2,1,0,1,54,1,53,1" doraHai="102" doraHaiUra="79" who="2" fromWho="2" sc="277,-40,208,-40,235,130,270,-40" />
</Scene>
<Scene>
<INIT seed="2,1,0,4,4,71" ten="237,168,365,230" oya="2" hai0="117,48,27,16,1,20,36,74,54,64,118,68,18" hai1="135,12,105,128,78,66,14,7,58,5,15,82,53" hai2="40,79,72,76,84,25,109,41,62,95,21,29,70" hai3="26,130,13,81,61,77,111,10,42,3,50,8,122"/><V127/><F72/><W73/><G122/><T32/><D1/><U102/><E135/><V87/><F127/><W80/><G3/><T121/><D121/><U125/><E125/><V63/><F109/><W38/><G111/><T129/><D74/><U47/><E128/><V17/><F70/><W60/><G130/><T126/><D126/><U101/><E66/><V114/><F114/><W85/><G26/><T107/><D129/><U9/><E47/><V123/><F123/><W57/><G10/><T132/><D107/><U119/><E119/><N who="0" m="45577" /><D32/><U116/><E116/><V49/><F29/><W108/><G108/><T89/><D132/><U67/><E67/><V46/><F41/><W31/><G31/><N who="0" m="17895" /><D89/><U75/><E105/><V0/><F0/><W134/><G134/><T34/><D34/><U37/><E37/><V103/><F103/><W69/><G38/><T43/><D43/><U98/><E7/><V88/><F84/><W35/><G35/><T94/><D94/><U33/><E33/><V99/><F87/><W24/><G69/><T56/><D36/><U113/><E113/><V104/><F104/><W115/><G115/><T22/><D22/><U91/><E101/><V2/><F2/><W65/><G73/><T30/><D30/><U120/><E102/><V28/><F28/><W51/><G42/><T133/><D133/><U4/><E120/><V44/><F44/><W106/><G106/><T97/><D97/><U112/><E112/><V86/><F86/><W93/><G93/><T6/><D6/><U100/><E5/><V83/><F83/><W124/><G81/><RYUUKYOKU ba="1,0" sc="237,15,168,-15,365,15,230,-15" hai0="16,18,48,54,56,64,68" hai2="17,21,25,40,46,49,62,63,76,79,88,95,99" />
</Scene>
<Scene>
<INIT seed="2,2,0,0,2,34" ten="252,153,380,215" oya="2" hai0="10,108,87,20,90,96,130,100,55,38,54,41,0" hai1="9,107,70,106,81,93,15,12,99,105,26,60,85" hai2="51,94,133,23,82,8,69,113,47,127,110,49,76" hai3="65,80,29,24,92,40,131,28,101,56,27,129,35"/><V67/><F113/><W66/><G40/><T86/><D108/><U117/><E117/><V74/><F110/><W72/><G72/><T126/><D126/><U16/><E26/><V112/><F112/><W88/><G80/><T14/><D130/><N who="3" m="49673" /><G56/><T39/><D41/><U53/><E70/><V104/><F104/><W132/><G101/><T78/><D78/><U5/><E60/><V97/><F49/><W114/><G132/><T135/><D135/><U37/><E53/><V59/><F69/><W44/><G44/><T68/><D68/><U83/><E37/><V103/><F59/><W46/><G46/><T7/><D55/><U121/><E121/><V122/><F47/><W43/><G43/><T102/><D54/><U33/><E33/><V42/><F42/><W6/><G6/><T84/><D90/><U118/><E118/><V111/><F82/><W77/><G77/><T95/><D102/><U48/><E48/><V31/><F76/><W32/><G114/><T64/><D64/><U124/><E124/><V25/><F67/><W11/><G11/><T58/><D58/><U91/><REACH who="1" step="1"/><E99/><AGARI ba="2,0" hai="24,27,28,29,32,35,65,66,88,92,99" m="49673" machi="99" ten="30,2000,0" yaku="19,1,54,1" doraHai="34" who="3" fromWho="1" sc="252,0,153,-26,380,0,215,26" />
</Scene>
<Scene>
<INIT seed="3,0,0,3,0,93" ten="252,127,380,241" oya="3" hai0="130,94,21,55,33,128,100,38,22,37,57,54,50" hai1="48,10,56,8,63,2,133,107,97,131,110,42,4" hai2="9,20,82,118,84,75,34,61,46,88,117,114,90" hai3="80,125,65,120,60,47,15,3,116,127,122,39,76"/><W53/><G3/><T40/><D33/><U95/><E110/><V105/><F34/><W89/><G116/><T5/><D5/><U64/><E133/><V91/><F114/><W25/><G25/><T72/><D72/><U74/><E131/><N who="0" m="50217" /><D54/><U11/><E74/><V112/><F112/><W68/><G15/><T19/><D40/><U119/><E119/><V101/><F9/><W58/><G89/><N who="2" m="34409" /><F20/><N who="0" m="7786" /><D19/><U87/><E87/><V73/><F61/><W29/><G29/><T1/><D1/><U85/><E85/><V102/><F46/><W36/><G80/><T92/><D92/><U126/><E107/><V35/><F35/><W6/><G76/><T16/><D16/><U104/><E104/><V129/><F129/><W18/><G18/><T23/><D23/><U13/><E2/><V62/><F62/><N who="3" m="39991" /><G6/><T69/><D69/><U135/><E4/><V103/><F105/><W32/><G32/><T67/><D67/><U66/><E66/><V132/><F132/><W0/><G0/><T59/><D59/><U79/><E135/><V14/><F14/><W49/><G36/><T28/><D28/><U51/><E13/><V71/><F71/><W98/><G39/><T26/><D26/><U12/><E12/><V17/><F17/><W41/><G98/><AGARI ba="0,0" hai="37,38,50,55,57,94,98,100" m="7786,50217" machi="98" ten="30,2000,0" yaku="19,1,52,1" doraHai="93" who="0" fromWho="3" sc="252,20,127,0,380,0,241,-20" />
</Scene>
<Scene>
<INIT seed="4,0,0,0,3,66" ten="272,127,380,221" oya="0" hai0="37,89,103,117,58,46,53,86,115,30,47,72,83" hai1="7,36,54,78,51,5,71,121,74,35,15,124,129" hai2="27,17,55,40,6,33,16,75,67,125,13,80,106" hai3="49,119,3,68,92,23,56,105,60,48,104,130,20"/><T25/><D117/><U127/><E121/><V2/><F106/><W87/><G119/><T81/><D115/><U98/><E35/><V101/><F101/><W29/><G3/><T120/><D120/><U118/><E118/><V1/><F67/><W93/><G68/><T11/><D103/><U34/><E34/><V110/><F55/><W114/><G114/><T41/><D46/><U70/><E36/><V0/><F40/><W113/><G113/><T109/><D11/><N who="1" m="4591" /><E7/><V65/><F65/><W90/><G130/><T38/><D109/><U64/><E64/><V44/><F44/><W62/><G29/><T102/><D102/><U108/><E108/><V91/><F110/><W77/><G77/><T79/><D47/><N who="1" m="28031" /><E98/><V135/><F75/><W39/><G39/><T45/><D45/><U59/><E59/><V18/><F91/><W99/><G105/><T73/><D73/><U128/><E78/><V52/><F80/><W8/><G8/><T12/><D41/><U116/><E116/><V63/><F63/><N who="3" m="24107" /><G104/><T24/><D38/><U61/><E61/><V82/><F2/><W32/><G32/><T19/><D37/><U95/><E95/><V26/><F0/><W134/><G134/><T123/><D123/><U50/><E50/><N who="3" m="19562" /><G56/><T10/><D58/><U122/><E122/><V57/><F1/><W31/><G31/><T21/><D53/><U84/><E74/><V14/><F57/><W126/><G126/><N who="1" m="48170" /><E84/><V4/><F125/><W111/><G111/><T28/><D28/><U43/><E43/><V100/><F33/><W96/><G96/><T69/><D69/><AGARI ba="0,0" hai="69,70,71,128,129" m="48170,28031,4591" machi="69" ten="30,8000,1" yaku="6,1,18,1,52,3" doraHai="66" who="1" fromWho="0" sc="272,-80,127,80,380,0,221,0" />
</Scene>
<Scene>
<INIT seed="5,0,0,5,3,34" ten="192,207,380,221" oya="1" hai0="135,100,134,36,93,31,55,78,50,85,33,120,52" hai1="44,57,53,11,112,7,121,12,6,89,102,103,95" hai2="107,82,116,132,101,71,88,9,30,81,8,45,19" hai3="28,48,61,27,62,20,3,105,73,47,97,40,109"/><U42/><E121/><V125/><F116/><W75/><G109/><T68/><D36/><U119/><E112/><V64/><F30/><W114/><G114/><T43/><D68/><U110/><E110/><V4/><F107/><W37/><G37/><T24/><D120/><U99/><E119/><V111/><F101/><W23/><G105/><T108/><D108/><U29/><E29/><V15/><F111/><W26/><G97/><N who="0" m="59439" /><D43/><U129/><E129/><V16/><F71/><W63/><G3/><T133/><D50/><N who="1" m="26903" /><E7/><V83/><F64/><W69/><REACH who="3" step="1"/><G69/><REACH who="3" ten="192,207,380,211" step="2"/><T113/><D113/><U10/><E10/><V32/><F9/><W122/><G122/><T17/><D17/><AGARI ba="0,1" hai="17,20,23,26,27,28,40,47,48,61,62,63,73,75" machi="17" ten="40,1300,0" yaku="1,1,53,0" doraHai="34" doraHaiUra="86" who="3" fromWho="0" sc="192,-13,207,0,380,0,211,23" />
</Scene>
<Scene>
<INIT seed="6,0,0,5,1,53" ten="179,207,380,234" oya="2" hai0="106,63,32,128,59,126,93,66,124,3,109,62,38" hai1="91,113,55,24,98,25,26,12,95,94,65,51,47" hai2="1,82,43,23,7,28,16,86,35,29,89,129,88" hai3="10,118,61,52,115,97,80,99,57,83,107,9,41"/><V101/><F129/><W56/><G107/><T81/><D106/><U19/><E113/><V111/><F111/><W120/><G118/><T44/><D3/><U31/><E65/><V4/><F101/><W71/><G71/><N who="0" m="42455" /><D93/><U100/><E31/><N who="2" m="11851" /><F1/><W48/><G120/><T84/><D32/><U20/><REACH who="1" step="1"/><E26/><REACH who="1" ten="179,197,380,234" step="2"/><N who="2" m="14695" /><F35/><W49/><G115/><T122/><D122/><U46/><E46/><V15/><F43/><W37/><G41/><T123/><D123/><U96/><AGARI ba="0,1" hai="12,19,20,24,25,47,51,55,91,94,95,96,98,100" machi="96" ten="20,8000,1" yaku="1,1,0,1,7,1,8,1,53,1" doraHai="53" doraHaiUra="50" who="1" fromWho="1" sc="179,-20,197,90,380,-40,234,-20" />
</Scene>
<Scene>
<INIT seed="7,0,0,2,2,30" ten="159,287,340,214" oya="3" hai0="93,35,32,7,29,45,41,38,10,2,99,96,46" hai1="73,83,89,101,91,37,9,25,47,104,107,119,95" hai2="85,53,78,122,87,115,39,28,5,125,132,128,65" hai3="58,88,121,123,114,102,106,105,6,16,27,34,103"/><W0/><G0/><T8/><D29/><U118/><E9/><V50/><F39/><W72/><G6/><T70/><D70/><U49/><E37/><V98/><F5/><W59/><G72/><T40/><D10/><U124/><E124/><V26/><F125/><W77/><G77/><T17/><D17/><U31/><E101/><V48/><F65/><W63/><G63/><T81/><D81/><U135/><E135/><V54/><F132/><W24/><G114/><T3/><D3/><U18/><E18/><V52/><F115/><W36/><G36/><T66/><D66/><U61/><E61/><V82/><F128/><W57/><G57/><T84/><D84/><N who="1" m="50335" /><E73/><V1/><F1/><W15/><G16/><T69/><D69/><U133/><E133/><V80/><F98/><W23/><G23/><T120/><D120/><U90/><E49/><V129/><F129/><W110/><G15/><T117/><D117/><N who="1" m="44555" /><E47/><V127/><F122/><W92/><G92/><T4/><D4/><U13/><E13/><V112/><F112/><W12/><G12/><T43/><D99/><N who="1" m="57847" /><E91/><N who="2" m="51623" /><F127/><W109/><REACH who="3" step="1"/><G88/><REACH who="3" ten="159,287,340,204" step="2"/><T11/><D11/><U44/><E44/><V67/><F78/><W76/><G76/><T108/><D45/><U86/><E86/><V97/><F87/><W64/><G64/><T74/><D74/><U33/><AGARI ba="0,1" hai="25,31,33,104,107" m="57847,44555,50335" machi="33" ten="30,2000,0" yaku="12,1,52,1" doraHai="30" who="1" fromWho="1" sc="159,-5,287,30,340,-5,204,-10" owari="154,-35.0,317,12.0,335,44.0,194,-21.0" />
</Scene>
</mjloggm>