<mjloggm ver="2.3"><GO type="169" lobby="0"/><UN n0="%E4%B8%89%E8%89%B2%E5%90%8C%E5%88%BB%E2%98%86" n1="%E3%82%B8%E3%83%A3%E3%82%B9%E3%82%BF%E3%82%A6%E3%82%A7%E3%82%A4" n2="%E5%A4%AA%E3%81%8F%E3%81%AA%E3%81%84%E3%81%8A" n3="%E6%9D%BE%E5%B3%B6" dan="17,17,17,16" rate="2175.03,2150.97,2177.97,2120.74" sx="M,M,M,F"/><TAIKYOKU oya="0"/>

<Scene>
<INIT seed="0,0,0,3,1,125" ten="250,250,250,250" oya="0" hai0="84,62,100,73,65,86,88,76,101,110,66,63,20" hai1="61,15,58,33,49,44,78,129,51,99,57,1,94" hai2="55,81,89,30,122,53,60,38,23,104,54,95,28" hai3="77,113,133,96,85,120,25,83,31,92,24,35,109"/><T123/><D123/><U135/><E1/><V114/><F104/><W131/><G113/><T72/><D76/><U40/><E33/><V75/><F122/><W90/><G120/><T26/><D110/><U112/><E135/><V21/><F38/><W68/><G68/><T117/><D117/><U126/><E126/><V27/><F114/><W97/><G133/><T11/><D11/><U12/><E78/><V50/><F75/><W4/><G109/><T41/><D41/><U8/><E129/><V93/><F60/><W74/><G131/><T80/><D20/><U5/><E112/><V19/><F50/><W36/><G36/><T16/><D26/><U46/><E15/><N who="2" m="9471" /><F28/><W121/><G121/><T39/><D39/><U6/><E6/><V2/><F2/><W59/><G4/><T52/><D16/><U103/><REACH who="1" step="1"/><E61/><REACH who="1" ten="250,240,250,250" step="2"/><V45/><F45/><W116/><G116/><T91/><D63/><U47/><E47/><V70/><F70/><W7/><G7/><T69/><D73/><U0/><E0/><V124/><F124/><W119/><G119/><T3/><D72/><U48/><E48/><V87/><AGARI ba="0,1" hai="23,27,30,53,54,55,81,87,89,93,95" m="9471" machi="87" ten="30,1100,0" yaku="8,1" doraHai="125" who="2" fromWho="2" sc="250,-5,240,-3,250,21,250,-3" />
</Scene>
<Scene>
<INIT seed="1,0,0,0,1,121" ten="245,237,271,247" oya="1" hai0="88,125,74,54,130,127,2,42,133,6,131,16,56" hai1="15,71,83,70,105,63,37,76,117,80,101,61,119" hai2="52,39,10,30,94,66,17,57,5,124,53,43,11" hai3="32,14,104,49,108,55,122,59,91,84,75,20,72"/><U116/><E37/><V1/><F124/><N who="0" m="47690" /><D74/><U22/><E105/><V103/><F30/><W58/><G108/><T109/><D42/><U36/><E36/><V106/><F106/><W114/><G104/><T45/><D45/><U25/><E101/><V102/><F66/><W60/><G122/><T0/><D109/><U96/><E96/><V129/><F129/><N who="0" m="49162" /><D6/><U62/><E15/><V31/><F31/><W78/><G114/><T112/><D112/><U34/><E34/><V82/><F82/><W26/><G32/><T107/><D107/><U120/><E120/><V41/><F39/><W115/><G115/><T51/><D133/><U64/><E64/><V29/><F29/><W111/><G111/><T128/><D128/><U93/><E93/><V21/><F11/><W81/><G75/><T79/><D79/><U67/><E67/><V118/><F53/><N who="3" m="33871" /><G72/><T110/><D110/><U86/><REACH who="1" step="1"/><E83/><REACH who="1" ten="245,227,271,247" step="2"/><V87/><F103/><W33/><G33/><T18/><D0/><U13/><E13/><N who="2" m="9391" /><F102/><W135/><G135/><T4/><D2/><U9/><E9/><V8/><F8/><W89/><G14/><T85/><D4/><U69/><E69/><V7/><F7/><W68/><G68/><T12/><D12/><U47/><E47/><V35/><F35/><W99/><G99/><T38/><D38/><U97/><E97/><V132/><F132/><W126/><G126/><T28/><D28/><AGARI ba="0,1" hai="22,25,28,61,62,63,70,71,76,80,86,116,117,119" machi="28" ten="50,2400,0" yaku="1,1,53,0" doraHai="121" doraHaiUra="134" who="1" fromWho="0" sc="245,-24,227,34,271,0,247,0" /><AGARI ba="0,0" hai="20,26,28,49,55,59,78,81,84,89,91" m="33871" machi="28" ten="30,1000,0" yaku="8,1" doraHai="121" who="3" fromWho="0" sc="221,-10,261,0,271,0,247,10" />
</Scene>
<Scene>
<INIT seed="1,1,0,1,4,65" ten="211,261,271,257" oya="1" hai0="39,74,29,13,113,42,114,69,19,25,88,56,45" hai1="10,55,68,12,60,101,93,98,78,85,2,53,54" hai2="26,116,73,58,64,121,14,46,35,134,41,131,37" hai3="112,62,47,71,15,90,11,127,125,40,61,81,107"/><U50/><E2/><V79/><F116/><W49/><G107/><T120/><D74/><U84/><E50/><V67/><F121/><W115/><G90/><T70/><D120/><U111/><E111/><V95/><F134/><W94/><G94/><T44/><D56/><U9/><E9/><V110/><F110/><W8/><G81/><T108/><D108/><U97/><E78/><V119/><F119/><W100/><G100/><T132/><D132/><U5/><REACH who="1" step="1"/><E97/><REACH who="1" ten="211,251,271,257" step="2"/><V3/><F3/><W0/><G0/><T83/><D114/><N who="3" m="43561" /><G8/><T43/><D113/><U27/><E27/><V122/><F26/><W133/><G15/><T130/><D130/><U105/><E105/><V1/><F14/><W31/><G11/><T75/><D75/><U129/><E129/><V86/><F1/><W18/><G133/><T118/><D118/><U63/><E63/><N who="3" m="24074" /><G31/><T106/><D106/><U76/><E76/><V59/><F79/><W126/><G18/><T28/><D19/><U66/><AGARI ba="1,1" hai="5,10,12,53,54,55,60,66,68,84,85,93,98,101" machi="66" ten="30,6000,0" yaku="1,1,0,1,52,1,53,0" doraHai="65" doraHaiUra="24" who="1" fromWho="1" sc="211,-21,251,73,271,-21,257,-21" />
</Scene>
<Scene>
<INIT seed="1,2,0,3,1,33" ten="190,324,250,236" oya="1" hai0="40,127,122,100,111,20,118,94,63,83,58,36,16" hai1="132,116,107,67,80,97,15,18,61,104,78,86,12" hai2="8,24,109,1,60,69,131,39,62,108,74,56,29" hai3="26,3,102,17,92,22,51,11,125,65,79,93,103"/><U37/><E116/><V4/><F74/><W71/><G125/><T23/><D118/><U105/><E37/><V43/><F131/><W99/><G79/><T106/><D106/><U129/><E129/><V31/><F69/><W120/><G120/><T128/><D127/><U25/><E132/><V30/><F24/><W52/><G65/><T119/><D119/><U64/><E97/><V88/><F88/><W2/><G71/><T28/><D28/><U7/><E7/><V53/><REACH who="2" step="1"/><F60/><REACH who="2" ten="190,324,240,236" step="2"/><W112/><G112/><T21/><D128/><U72/><E72/><V85/><F85/><W32/><G32/><T48/><D122/><U5/><E25/><V87/><F87/><W117/><G117/><T96/><D83/><U113/><E61/><V66/><F66/><W84/><G11/><T133/><D133/><U81/><E113/><V115/><F115/><W135/><G135/><T70/><D70/><U59/><E81/><V34/><F34/><W126/><G126/><T38/><D21/><U95/><E67/><V101/><F101/><W10/><G10/><T121/><D23/><N who="1" m="11719" /><E64/><V130/><F130/><W75/><G75/><T57/><D63/><U91/><E78/><V54/><F54/><W50/><G84/><T27/><D121/><U114/><E114/><V49/><F49/><W44/><REACH who="3" step="1"/><G50/><REACH who="3" ten="190,324,240,226" step="2"/><T6/><D48/><U124/><E124/><V13/><F13/><W89/><G89/><T46/><D38/><U55/><E80/><V98/><F98/><AGARI ba="2,2" hai="2,3,17,22,26,44,51,52,92,93,98,99,102,103" machi="98" ten="40,8000,1" yaku="1,1,9,1,52,2,54,1,53,0" doraHai="33" doraHaiUra="77" who="3" fromWho="2" sc="190,0,324,0,240,-86,226,106" />
</Scene>
<Scene>
<INIT seed="2,0,0,0,1,49" ten="190,324,154,332" oya="2" hai0="17,96,69,92,123,78,111,114,57,42,110,4,15" hai1="87,47,19,23,121,73,112,120,77,44,127,34,10" hai2="98,48,2,91,29,37,126,41,106,16,43,61,88" hai3="83,105,102,5,135,58,66,3,97,72,56,129,0"/><V89/><F2/><W7/><G135/><T119/><D69/><U118/><E112/><V8/><F37/><W131/><G66/><T125/><D114/><U59/><E34/><V31/><F126/><W80/><G97/><T53/><D42/><N who="2" m="15882" /><F106/><W62/><G62/><N who="0" m="36143" /><D123/><N who="1" m="47179" /><E73/><V82/><F61/><W55/><G102/><T9/><D78/><U52/><E118/><V54/><F82/><W60/><G60/><T70/><D70/><U103/><E127/><V36/><F98/><W12/><G12/><T104/><D104/><U71/><E71/><V20/><F8/><W133/><G133/><T39/><D39/><U65/><E10/><V30/><F36/><W22/><G105/><T40/><D40/><U63/><E65/><V11/><F11/><W93/><G93/><T94/><D125/><U26/><E103/><V50/><F54/><W6/><G72/><T21/><D96/><U51/><E63/><V32/><F32/><W85/><G85/><T109/><D119/><U122/><E122/><V18/><F18/><W99/><G99/><T46/><D46/><U68/><E68/><V132/><F132/><W101/><G101/><T86/><D86/><U84/><E84/><V130/><F130/><W33/><G33/><T24/><AGARI ba="0,0" hai="4,9,15,17,21,24,92,94,109,110,111" m="36143" machi="24" ten="30,2000,0" yaku="14,1,52,1" doraHai="49" who="0" fromWho="0" sc="190,20,324,-5,154,-10,332,-5" />
</Scene>
<Scene>
<INIT seed="3,0,0,3,5,104" ten="210,319,144,327" oya="3" hai0="95,115,76,56,31,7,71,116,47,69,83,131,39" hai1="127,92,97,42,16,44,103,54,134,70,128,66,90" hai2="122,11,132,72,19,91,38,107,27,88,84,13,17" hai3="82,117,121,133,6,49,30,14,73,106,124,96,15"/><W135/><G121/><T12/><D116/><U64/><E128/><V114/><F114/><W105/><G117/><T126/><D115/><U78/><E127/><V45/><F107/><W93/><G124/><T60/><D31/><U37/><E134/><N who="3" m="51210" /><G49/><T8/><D95/><U65/><E78/><V123/><F132/><W41/><G41/><T118/><D118/><U18/><E70/><V57/><F57/><W46/><G46/><T10/><D131/><U34/><E34/><V5/><F72/><W26/><G82/><T61/><D61/><U81/><E81/><V77/><F77/><W109/><G73/><T52/><D126/><U79/><E79/><V24/><F38/><W100/><G109/><T102/><D102/><U98/><REACH who="1" step="1"/><E54/><REACH who="1" ten="210,309,144,327" step="2"/><V112/><F112/><W51/><G51/><T99/><D39/><U68/><E68/><V35/><F35/><N who="3" m="20951" /><G6/><T111/><D83/><U129/><E129/><V0/><F123/><W94/><G106/><AGARI ba="0,1" hai="16,18,37,42,44,64,65,66,90,92,97,98,103,106" machi="106" ten="40,2600,0" yaku="1,1,54,1,53,0" doraHai="104" doraHaiUra="108" who="1" fromWho="3" sc="210,0,309,36,144,0,327,-26" />
</Scene>
<Scene>
<INIT seed="4,0,0,0,1,34" ten="210,345,144,301" oya="0" hai0="45,0,38,74,71,48,131,77,65,51,16,98,33" hai1="54,96,82,73,26,14,111,116,89,79,110,135,113" hai2="112,108,70,6,109,27,59,120,133,83,62,4,122" hai3="2,128,17,100,28,52,85,23,102,7,97,13,114"/><T134/><D33/><U105/><E116/><V21/><F70/><W39/><G39/><T123/><D123/><N who="2" m="47146" /><F83/><W11/><G128/><T49/><D131/><U104/><E14/><V44/><F44/><W15/><G114/><T94/><D134/><U106/><E26/><V3/><F59/><W69/><G69/><T115/><D77/><U61/><E54/><V78/><F62/><W10/><G85/><T95/><D74/><U32/><E61/><V132/><F78/><W5/><G52/><T60/><D115/><U86/><E32/><V99/><F99/><W119/><G119/><T56/><D95/><N who="1" m="56431" /><E135/><N who="2" m="51787" /><F112/><W126/><G126/><T63/><D63/><U107/><E113/><V87/><F87/><W103/><REACH who="3" step="1"/><G28/><REACH who="3" ten="210,345,144,291" step="2"/><T9/><D38/><U36/><E36/><V118/><F118/><W117/><G117/><T22/><D71/><U57/><E57/><V25/><F25/><W1/><G1/><T40/><D0/><U130/><E130/><V47/><F47/><W84/><G84/><T66/><D45/><U46/><E46/><V18/><F3/><W67/><G67/><T75/><D66/><U8/><E86/><V55/><F55/><W42/><G42/><T92/><D40/><U72/><E72/><V91/><F91/><W12/><G12/><N who="0" m="9479" /><D75/><U58/><E58/><V31/><F31/><W24/><G24/><T30/><D30/><U35/><E73/><V124/><F124/><W50/><G50/><T29/><D29/><U81/><E79/><V53/><F53/><W125/><G125/><T121/><D121/><U20/><E81/><V41/><F41/><RYUUKYOKU ba="0,1" sc="210,-15,345,-15,144,15,291,15" hai2="4,6,18,21,27,108,109" hai3="2,5,7,10,11,13,15,17,23,97,100,102,103" />
</Scene>
<Scene>
<INIT seed="5,1,1,3,0,28" ten="195,330,159,306" oya="1" hai0="62,122,95,128,92,5,24,87,100,35,130,120,82" hai1="37,113,56,8,97,71,9,119,72,73,4,66,104" hai2="51,31,101,17,43,49,34,94,59,88,102,47,26" hai3="65,13,89,30,32,2,90,18,70,12,55,103,132"/><U21/><E119/><V46/><F59/><W60/><G132/><T96/><D5/><U10/><E37/><V23/><F31/><W125/><G125/><T44/><D62/><U110/><E71/><V123/><F123/><N who="0" m="47146" /><D44/><U118/><E118/><V58/><F58/><W64/><G64/><T135/><D24/><U52/><E66/><V86/><REACH who="2" step="1"/><F34/><REACH who="2" ten="195,330,149,306" step="2"/><W38/><G32/><T98/><D35/><U54/><E56/><V20/><F20/><W50/><G30/><T105/><D135/><U93/><E21/><V80/><F80/><W106/><G70/><T126/><D126/><U69/><E69/><V75/><F75/><W61/><G61/><T76/><D105/><U45/><E104/><V11/><F11/><W114/><G106/><T121/><D121/><U22/><E22/><V99/><F99/><W74/><G60/><T107/><D107/><U68/><E68/><V7/><F7/><W25/><G74/><T84/><D87/><U77/><E4/><V27/><F27/><W1/><G25/><T116/><D116/><U79/><E73/><V91/><F91/><AGARI ba="1,2" hai="76,82,84,91,92,95,96,98,100,128,130" m="47146" machi="91" ten="30,3900,0" yaku="13,1,34,2" doraHai="28" who="0" fromWho="2" sc="195,62,330,0,149,-42,306,0" />
</Scene>
<Scene>
<INIT seed="6,0,0,5,4,54" ten="257,330,107,306" oya="2" hai0="126,67,89,78,3,119,83,36,28,75,102,74,106" hai1="100,12,77,26,87,11,135,98,42,7,62,53,15" hai2="29,69,55,113,68,66,31,115,40,46,30,108,4" hai3="9,132,34,38,0,123,63,10,25,61,76,133,44"/><V17/><F108/><W101/><G123/><T50/><D36/><U57/><E135/><N who="3" m="51786" /><G101/><T85/><D3/><U20/><E42/><V2/><F55/><W88/><G76/><T111/><D28/><U103/><E12/><V51/><F17/><W81/><G25/><T27/><D27/><U72/><E72/><V95/><F95/><W121/><G34/><T80/><D50/><U96/><E96/><V129/><F129/><W79/><G88/><N who="0" m="51239" /><D67/><U92/><E87/><V1/><F66/><W49/><G38/><T128/><D111/><U18/><E77/><V84/><F84/><N who="3" m="48191" /><G121/><T131/><D126/><U39/><E39/><V33/><F33/><W58/><G61/><T112/><D119/><U65/><E65/><V93/><F93/><W64/><G0/><N who="2" m="105" /><F4/><W37/><G37/><T82/><D74/><U117/><E117/><V13/><F13/><W41/><AGARI ba="0,0" hai="9,10,41,44,49,58,63,64" m="48191,51786" machi="41" ten="30,2000,0" yaku="20,1,52,1" doraHai="54" who="3" fromWho="3" sc="257,-5,330,-5,107,-10,306,20" />
</Scene>
<Scene>
<INIT seed="7,0,0,0,0,82" ten="252,325,97,326" oya="3" hai0="112,105,73,58,7,11,1,121,108,68,20,24,122" hai1="4,78,37,17,50,118,113,134,72,114,16,102,14" hai2="18,60,110,33,34,44,39,9,65,27,31,115,12" hai3="2,130,132,92,133,69,116,5,28,51,85,98,96"/><W79/><G69/><T46/><D68/><U64/><E37/><V15/><F39/><W91/><G116/><T94/><D105/><U77/><E134/><N who="3" m="51818" /><G28/><T95/><D73/><U3/><E118/><V35/><F44/><W76/><G130/><T55/><D108/><U126/><E126/><V57/><F110/><W56/><G5/><T101/><D112/><N who="1" m="43115" /><E102/><V81/><F115/><W127/><G2/><T107/><D107/><U106/><E106/><V93/><F93/><N who="3" m="54511" /><G127/><T19/><D46/><U49/><E64/><V135/><F135/><W86/><G86/><T83/><D95/><U131/><E131/><V54/><F65/><W62/><G51/><N who="1" m="19466" /><E3/><V74/><F74/><W61/><G61/><T48/><D83/><N who="1" m="45479" /><E78/><N who="3" m="29738" /><G92/><T52/><REACH who="0" step="1"/><D55/><AGARI ba="0,0" hai="55,56,62,96,98" m="29738,54511,51818" machi="55" ten="30,2900,0" yaku="20,1,52,1" doraHai="82" who="3" fromWho="0" sc="252,-29,325,0,97,0,326,29" owari="223,-18.0,325,13.0,97,-40.0,355,45.0" />
</Scene>
</mjloggm>