<mjloggm ver="2.3"><GO type="169" lobby="0"/><UN n0="%38%37%73%65%66" n1="%66%75%6A%69%32%32%39" n2="%7A%65%6C%64%69%6E%61" n3="%E5%A4%AA%E3%81%8F%E3%81%AA%E3%81%84%E3%81%8A" dan="16,17,17,17" rate="2048.00,2150.36,2216.99,2195.25" sx="F,M,M,M"/><TAIKYOKU oya="0"/>

<Scene>
<INIT seed="0,0,0,5,1,80" ten="250,250,250,250" oya="0" hai0="108,115,133,122,46,95,83,69,31,36,40,110,89" hai1="97,93,109,105,90,49,20,84,111,41,19,53,7" hai2="4,70,88,23,56,91,101,131,17,134,28,42,27" hai3="113,9,13,63,68,73,12,119,126,102,117,75,129"/><T79/><D115/><U18/><E7/><V26/><F70/><W24/><G113/><T76/><D69/><U8/><E41/><V62/><F134/><W132/><G102/><T104/><D104/><U81/><E105/><V112/><F112/><W116/><G132/><T2/><D133/><U50/><E8/><V103/><F131/><W87/><G129/><T10/><D31/><U25/><E18/><V21/><F4/><W130/><G130/><T59/><D59/><U34/><E34/><V39/><F42/><W66/><G126/><T58/><D122/><U47/><REACH who="1" step="1"/><E50/><REACH who="1" ten="250,240,250,250" step="2"/><V16/><F39/><W38/><G38/><T22/><D10/><U100/><AGARI ba="0,1" hai="19,20,25,47,49,53,81,84,90,93,97,100,109,111" machi="100" ten="30,7900,0" yaku="1,1,2,1,0,1,52,1,53,0" doraHai="80" doraHaiUra="65" who="1" fromWho="1" sc="250,-39,240,89,250,-20,250,-20" />
</Scene>
<Scene>
<INIT seed="1,0,0,3,0,109" ten="211,329,230,230" oya="1" hai0="113,23,50,87,121,114,95,47,53,73,96,35,116" hai1="12,46,14,98,119,72,41,66,10,84,67,6,130" hai2="40,60,18,25,92,42,58,76,55,57,38,69,117" hai3="107,112,125,91,32,124,43,123,115,52,3,2,110"/><U1/><E119/><V106/><F106/><W90/><G123/><T102/><D35/><U71/><E72/><V0/><F0/><N who="3" m="43" /><G107/><T120/><D73/><U94/><E130/><V33/><F76/><W83/><G32/><T86/><D116/><U135/><E135/><V34/><F92/><W78/><G43/><N who="2" m="16425" /><F18/><W65/><G65/><T30/><D30/><U104/><E104/><V5/><F25/><W37/><G37/><T99/><D23/><U39/><E84/><N who="0" m="32297" /><D99/><U100/><E71/><V127/><F5/><W22/><G22/><T131/><D131/><U81/><E81/><V8/><F8/><W44/><G110/><T7/><D7/><U56/><E56/><N who="2" m="34847" /><F33/><W93/><G93/><T101/><D101/><U63/><E1/><V74/><F74/><N who="3" m="43479" /><G90/><T105/><D105/><U9/><E9/><V108/><F34/><W89/><G89/><T45/><D47/><U103/><E103/><V21/><F21/><W28/><G91/><T4/><D4/><U79/><E79/><V88/><F88/><W29/><G29/><T132/><D132/><U27/><E14/><V75/><F75/><W129/><G28/><T51/><D50/><U24/><E27/><V85/><F85/><W48/><G129/><T54/><D53/><U61/><E24/><V128/><F38/><W49/><G49/><T59/><D45/><U82/><E82/><V17/><F128/><W80/><G80/><T111/><D111/><U70/><E6/><V11/><F108/><W77/><G77/><T31/><D31/><U15/><E10/><V16/><F117/><W134/><G134/><RYUUKYOKU ba="0,0" sc="211,10,329,10,230,-30,230,10" hai0="51,54,59,95,96,102,113,114,120,121" hai1="12,15,39,41,46,61,63,66,67,70,94,98,100" hai3="44,48,52,112,115,124,125" />
</Scene>
<Scene>
<INIT seed="1,1,0,1,3,97" ten="221,339,200,240" oya="1" hai0="80,79,100,65,32,119,15,118,47,67,120,111,88" hai1="106,54,83,5,12,48,69,75,24,91,51,87,50" hai2="98,96,74,23,117,25,18,95,36,132,31,26,7" hai3="4,35,60,103,21,89,33,19,45,94,10,130,44"/><U72/><E69/><V131/><F36/><W113/><G113/><T42/><D32/><U64/><E64/><V63/><F74/><W92/><G130/><T114/><D114/><U11/><E106/><V81/><F117/><W27/><G35/><T108/><D15/><U76/><E24/><V57/><F131/><W58/><G33/><T135/><D135/><U37/><E37/><V8/><F132/><W34/><G34/><T127/><D127/><U29/><E29/><V102/><F81/><W52/><G103/><T71/><D120/><U133/><E133/><V90/><F7/><W1/><REACH who="3" step="1"/><G94/><REACH who="3" ten="221,339,200,230" step="2"/><T41/><D100/><U30/><E30/><V73/><F31/><W99/><AGARI ba="1,1" hai="1,4,10,19,21,27,44,45,52,58,60,89,92,99" machi="99" ten="20,16000,3" yaku="1,1,2,1,0,1,7,1,25,2,54,1,53,1" doraHai="97" doraHaiUra="3" who="3" fromWho="3" sc="221,-41,339,-81,200,-41,230,173" />
</Scene>
<Scene>
<INIT seed="2,0,0,5,0,53" ten="180,258,159,403" oya="2" hai0="103,127,11,27,40,20,107,96,60,94,99,47,119" hai1="71,75,23,17,128,36,37,67,95,105,86,25,34" hai2="0,7,82,72,50,15,51,124,87,70,56,3,77" hai3="28,58,54,89,26,98,29,24,49,38,44,123,48"/><V112/><F124/><W132/><G38/><T104/><D127/><U74/><E105/><V129/><F70/><W115/><G123/><T62/><D119/><U4/><E4/><V33/><F33/><W22/><G132/><T65/><D11/><U9/><E128/><V88/><F129/><W92/><G115/><T116/><D116/><U69/><E9/><V97/><F112/><W14/><G14/><T2/><D2/><U16/><E34/><V131/><F131/><W90/><G90/><T68/><D62/><U18/><E86/><V120/><F120/><W64/><G64/><T42/><D47/><U57/><E95/><N who="2" m="56551" /><F72/><W63/><REACH who="3" step="1"/><G44/><REACH who="3" ten="180,258,159,393" step="2"/><T130/><D130/><U19/><E37/><V39/><F39/><W32/><AGARI ba="0,1" hai="22,24,26,28,29,32,48,49,54,58,63,89,92,98" machi="32" ten="20,8000,1" yaku="1,1,2,1,0,1,7,1,52,1,53,0" doraHai="53" doraHaiUra="80" who="3" fromWho="3" sc="180,-20,258,-20,159,-40,393,90" />
</Scene>
<Scene>
<INIT seed="3,0,0,5,5,22" ten="160,238,119,483" oya="3" hai0="5,77,51,96,66,56,62,119,100,48,35,109,79" hai1="86,103,108,98,69,40,87,30,89,68,97,33,60" hai2="38,113,10,99,94,118,12,45,117,129,16,131,126" hai3="104,29,116,27,23,20,58,70,21,85,123,91,32"/><W3/><G116/><T125/><D119/><U19/><E40/><N who="2" m="22679" /><F113/><W2/><G70/><T53/><D109/><U135/><E97/><V11/><F11/><W6/><G123/><T75/><D125/><U88/><E135/><V93/><F93/><W41/><G104/><T112/><D112/><U73/><E73/><V47/><F47/><W25/><G41/><T95/><D5/><U81/><E19/><V9/><F9/><W71/><G71/><T128/><D128/><N who="2" m="49226" /><F126/><W36/><G36/><T133/><D133/><U132/><E108/><V83/><F83/><W50/><G6/><T42/><D75/><U14/><E132/><V127/><F127/><W101/><G101/><AGARI ba="0,0" hai="10,12,16,94,99,101,117,118" m="49226,22679" machi="101" ten="30,2000,0" yaku="19,1,54,1" doraHai="22" who="2" fromWho="3" sc="160,0,238,0,119,20,483,-20" />
</Scene>
<Scene>
<INIT seed="4,0,0,0,0,25" ten="160,238,139,463" oya="0" hai0="113,67,51,59,116,36,20,52,107,126,44,96,6" hai1="132,87,97,64,89,85,0,128,13,32,33,16,19" hai2="86,1,39,114,122,88,55,135,12,58,123,100,14" hai3="127,80,42,125,56,115,45,18,90,134,121,129,71"/><T4/><D116/><U82/><E0/><V81/><F1/><W35/><G71/><T10/><D113/><U106/><E128/><V34/><F39/><W48/><G35/><T26/><D126/><N who="3" m="48137" /><G129/><T99/><D107/><U27/><E64/><V61/><F114/><W119/><G115/><T111/><D111/><U73/><E73/><V120/><F135/><W53/><G134/><T93/><D36/><U29/><E132/><V57/><F100/><W98/><G121/><T24/><D24/><U101/><E33/><V2/><F2/><W69/><G69/><T3/><D6/><U65/><E65/><V8/><F34/><W11/><G119/><T78/><D78/><U95/><E13/><V104/><F104/><W83/><G98/><T30/><REACH who="0" step="1"/><D93/><REACH who="0" ten="150,238,139,463" step="2"/><U9/><E106/><V62/><REACH who="2" step="1"/><F8/><REACH who="2" ten="150,238,129,463" step="2"/><W31/><G11/><T28/><D28/><U37/><E37/><V94/><F94/><W17/><G31/><T68/><D68/><U124/><E124/><V79/><F79/><W131/><G131/><T91/><D91/><U109/><E9/><V22/><F22/><W7/><G90/><T43/><D43/><U41/><E41/><V5/><F5/><W76/><G7/><T40/><D40/><U118/><E118/><V74/><F74/><N who="3" m="43031" /><G83/><T50/><D50/><AGARI ba="0,2" hai="17,18,42,45,48,50,53,56" m="43031,48137" machi="50" ten="30,1000,0" yaku="18,1" doraHai="25" who="3" fromWho="0" sc="150,-10,238,0,129,0,463,30" />
</Scene>
<Scene>
<INIT seed="5,0,0,1,2,35" ten="140,238,129,493" oya="1" hai0="78,31,62,43,52,82,88,127,10,114,20,7,32" hai1="109,118,73,121,71,85,5,116,70,126,8,76,106" hai2="58,83,65,18,129,3,113,77,110,98,67,72,42" hai3="34,97,47,108,22,96,56,30,63,39,25,4,40"/><U131/><E85/><V21/><F110/><W84/><G108/><T122/><D32/><U103/><E109/><V45/><F3/><W49/><G34/><T135/><D43/><U23/><E23/><V57/><F129/><W27/><G4/><T51/><D135/><U68/><E126/><V11/><F11/><W100/><G25/><N who="0" m="16807" /><D78/><U36/><E36/><V54/><F113/><W74/><G74/><T38/><D38/><U13/><E121/><V93/><F42/><W91/><G100/><T111/><D111/><U16/><E131/><V133/><F45/><W90/><G39/><T102/><D102/><U92/><E5/><V55/><F133/><W61/><G90/><T44/><D62/><N who="3" m="23561" /><G56/><T79/><D114/><U46/><E46/><V53/><F58/><W28/><G28/><T105/><D105/><U66/><E106/><V15/><REACH who="2" step="1"/><F57/><REACH who="2" ten="140,238,119,493" step="2"/><W24/><G47/><T81/><D122/><U60/><E71/><V6/><F6/><W101/><G40/><T134/><D134/><U59/><E70/><V48/><F48/><W69/><G69/><T75/><D127/><U1/><E68/><V9/><F9/><W115/><G115/><T107/><D10/><U99/><E1/><V33/><F33/><W130/><G49/><T0/><D7/><U104/><E8/><V128/><F128/><W37/><G130/><T26/><D0/><U17/><E59/><V94/><F94/><W125/><G125/><T14/><D107/><U2/><E104/><V50/><F50/><W120/><G37/><T87/><D14/><U124/><E124/><V123/><F123/><RYUUKYOKU ba="0,1" sc="140,15,238,-15,119,15,493,-15" hai0="26,44,51,52,75,79,81,82,87,88" hai2="15,18,21,53,54,55,65,67,72,77,83,93,98" />
</Scene>
<Scene>
<INIT seed="6,1,1,5,4,11" ten="155,223,134,478" oya="2" hai0="41,32,83,71,52,129,94,135,90,9,53,50,1" hai1="93,20,68,88,19,58,96,92,46,22,73,18,131" hai2="128,85,70,33,30,114,6,0,28,37,79,31,98" hai3="72,23,113,39,14,121,101,97,15,134,102,67,123"/><V64/><F37/><W74/><G67/><T2/><D32/><U118/><E68/><V60/><F114/><W44/><G23/><N who="1" m="8746" /><E73/><V54/><F128/><W40/><G74/><T16/><D71/><U8/><E118/><V80/><F33/><W65/><G72/><T62/><D135/><U75/><E75/><V48/><F98/><W115/><G65/><T56/><D41/><U100/><E46/><V63/><F63/><W25/><G25/><T84/><D129/><U55/><E8/><V108/><F108/><W95/><G102/><T116/><D116/><U107/><E107/><V35/><F35/><W69/><G69/><T127/><D127/><U38/><E38/><V57/><REACH who="2" step="1"/><F6/><REACH who="2" ten="155,223,124,478" step="2"/><W24/><G115/><T81/><D1/><AGARI ba="1,2" hai="0,1,28,30,31,48,54,57,60,64,70,79,80,85" machi="1" ten="40,3900,0" yaku="1,1,2,1,53,0" doraHai="11" doraHaiUra="132" who="2" fromWho="0" sc="155,-42,223,0,124,62,478,0" />
</Scene>
<Scene>
<INIT seed="6,2,0,4,0,36" ten="113,223,186,478" oya="2" hai0="102,33,80,5,34,17,23,50,70,129,20,96,128" hai1="63,135,131,115,68,45,99,47,87,126,71,13,12" hai2="11,19,66,94,8,127,103,46,83,74,25,42,97" hai3="88,55,2,0,77,72,41,14,18,112,114,100,113"/><V69/><F127/><W30/><G100/><T9/><D70/><U64/><E71/><V132/><F132/><W92/><G30/><T43/><D23/><U93/><E115/><V32/><F66/><W22/><G41/><T24/><D80/><U95/><E131/><V21/><F69/><W6/><G6/><T59/><D59/><N who="1" m="36991" /><E126/><V3/><F3/><W56/><G77/><T82/><D82/><U90/><E68/><V78/><REACH who="2" step="1"/><F32/><REACH who="2" ten="113,223,176,478" step="2"/><W98/><G72/><T107/><D33/><U27/><E135/><V75/><F75/><W79/><G79/><T49/><D34/><U29/><E29/><V121/><F121/><W15/><G15/><N who="1" m="5706" /><E27/><V81/><F81/><W28/><G28/><T73/><D73/><U106/><E106/><V4/><F4/><W52/><G55/><T76/><D76/><U85/><E85/><V118/><F118/><W48/><AGARI ba="2,1" hai="0,2,14,18,22,48,52,56,88,92,98,112,113,114" machi="48" ten="30,8000,1" yaku="0,1,15,1,11,1,54,2" doraHai="36" who="3" fromWho="3" sc="113,-22,223,-22,176,-42,478,96" />
</Scene>
<Scene>
<INIT seed="7,0,0,3,4,68" ten="91,201,134,574" oya="3" hai0="76,71,52,72,78,88,108,1,119,59,65,42,0" hai1="85,67,51,91,63,40,79,22,69,20,62,48,90" hai2="74,50,61,109,77,6,60,118,111,5,73,94,122" hai3="83,81,12,100,99,84,123,21,116,44,87,117,107"/><W29/><G123/><T66/><D119/><U121/><E121/><V120/><F50/><N who="1" m="18985" /><E69/><V124/><F94/><W80/><G44/><T135/><D108/><U114/><E114/><V19/><F19/><W134/><G12/><T86/><D71/><U56/><E40/><V2/><F124/><W46/><G46/><T126/><D42/><U115/><E115/><V127/><F127/><W97/><G21/><N who="1" m="8298" /><E63/><V41/><F41/><W132/><G29/><T129/><D126/><U104/><E104/><V15/><F15/><W55/><G55/><T54/><D72/><U101/><E101/><V70/><F77/><N who="3" m="46095" /><G99/><T103/><D103/><U98/><E98/><V31/><F70/><W125/><G125/><T26/><D26/><U130/><E130/><V37/><F31/><W93/><G83/><AGARI ba="0,0" hai="56,62,67,79,83,85,90,91" m="8298,18985" machi="83" ten="30,1000,0" yaku="8,1" doraHai="68" who="1" fromWho="3" sc="91,0,201,10,134,0,574,-10" owari="91,-41.0,211,1.0,134,-27.0,564,67.0" />
</Scene>
</mjloggm>