<mjloggm ver="2.3"><GO type="169" lobby="0"/><UN n0="%75%73%6B%31%31%31%35" n1="%6F%6E%65%73%74%61%72" n2="%E5%A4%AA%E3%81%8F%E3%81%AA%E3%81%84%E3%81%8A" n3="%E9%BA%BB%E7%94%9F%E9%9B%80%E5%AD%90" dan="16,17,17,17" rate="2139.00,2204.95,2204.17,2179.12" sx="M,M,M,F"/><TAIKYOKU oya="0"/>

<Scene>
<INIT seed="0,0,0,5,5,28" ten="250,250,250,250" oya="0" hai0="21,12,44,61,124,67,22,17,14,129,46,83,110" hai1="37,84,40,75,102,52,60,130,47,20,86,72,51" hai2="26,13,41,88,97,63,101,114,57,127,106,42,25" hai3="112,27,9,133,2,65,118,80,69,89,3,54,39"/><T81/><D124/><U10/><E130/><V74/><F114/><W62/><G118/><T117/><D117/><U55/><E102/><V68/><F74/><W35/><G112/><T7/><D129/><U6/><E20/><V48/><F127/><W128/><G128/><T34/><D110/><U30/><E30/><V24/><F68/><W56/><G39/><T122/><D122/><U50/><E60/><V4/><F48/><W120/><G9/><T131/><D131/><U29/><E29/><V132/><F132/><W105/><G133/><T116/><D116/><U96/><E96/><V126/><F126/><W58/><G105/><T19/><D7/><U87/><E37/><V23/><F4/><W121/><G69/><T38/><D38/><U85/><N who="1" m="21504" /><DORA hai="99" /><U123/><E40/><V79/><F79/><W53/><G80/><T0/><D0/><U32/><E32/><V66/><REACH who="2" step="1"/><F88/><REACH who="2" ten="250,250,240,250" step="2"/><W59/><G89/><T134/><D134/><U135/><E135/><V45/><F45/><W8/><G120/><T1/><D1/><U113/><E113/><V16/><AGARI ba="0,1" hai="13,16,23,24,25,26,41,42,57,63,66,97,101,106" machi="16" ten="30,12000,2" yaku="1,1,0,1,52,1,54,1,53,3" doraHai="28,99" doraHaiUra="11,36" who="2" fromWho="2" sc="250,-60,250,-30,240,130,250,-30" />
</Scene>
<Scene>
<INIT seed="1,0,0,5,4,120" ten="190,220,370,220" oya="1" hai0="129,61,86,77,80,8,48,25,111,32,107,29,31" hai1="90,22,81,10,130,64,126,99,0,127,103,100,115" hai2="16,30,26,20,116,110,121,47,71,96,57,12,134" hai3="65,82,89,68,91,101,50,79,34,131,104,59,39"/><U55/><E115/><V123/><F71/><W17/><G39/><T78/><D129/><U38/><E130/><V60/><F116/><W5/><G34/><T42/><D107/><U36/><E64/><V33/><F134/><W54/><G5/><T83/><D61/><U94/><E22/><V98/><F110/><W76/><G131/><T95/><D95/><U117/><E117/><V88/><F47/><W70/><G76/><T6/><D111/><U15/><E0/><V135/><F135/><W125/><G125/><N who="1" m="47626" /><E55/><V14/><F14/><W3/><G3/><T23/><D32/><U46/><E46/><V133/><F133/><W102/><G104/><T124/><D124/><U35/><E35/><V66/><REACH who="2" step="1"/><F88/><REACH who="2" ten="190,220,360,220" step="2"/><W49/><G89/><T4/><D83/><U52/><E81/><V24/><F24/><W37/><G82/><T105/><D80/><U41/><E41/><V19/><F19/><W9/><G79/><T69/><D42/><U62/><E103/><V51/><F51/><W93/><G101/><T112/><D78/><U11/><E90/><V122/><AGARI ba="0,1" hai="12,16,20,26,30,33,57,60,66,96,98,121,122,123" machi="122" ten="30,4000,0" yaku="1,1,0,1,54,1,53,0" doraHai="120" doraHaiUra="85" who="2" fromWho="2" sc="190,-10,220,-20,360,50,220,-10" />
</Scene>
<Scene>
<INIT seed="2,0,0,0,0,62" ten="180,200,410,210" oya="2" hai0="125,107,8,71,35,19,11,73,48,88,104,103,127" hai1="26,10,39,89,9,37,68,116,95,131,113,63,52" hai2="32,31,134,90,7,119,61,6,43,101,51,76,112" hai3="5,121,124,66,99,110,21,128,60,77,130,27,74"/><V67/><F112/><W123/><G110/><T40/><D35/><U83/><E113/><V55/><F119/><W25/><G5/><T4/><D73/><U33/><E116/><V94/><F43/><W1/><G1/><T20/><D71/><U42/><E83/><V114/><F114/><W58/><G124/><N who="0" m="47691" /><D48/><U59/><E131/><N who="3" m="50218" /><G99/><N who="0" m="61567" /><D107/><U92/><E92/><V93/><F76/><W69/><G69/><T122/><D122/><N who="3" m="46601" /><G21/><T80/><D40/><U45/><E39/><V81/><F101/><W13/><G13/><N who="0" m="9327" /><D4/><U41/><E41/><V53/><F6/><W70/><G70/><T84/><AGARI ba="0,0" hai="8,11,80,84,88" m="9327,61567,47691" machi="84" ten="30,2000,0" yaku="18,1,54,1" doraHai="62" who="0" fromWho="0" sc="180,20,200,-5,410,-10,210,-5" />
</Scene>
<Scene>
<INIT seed="3,0,0,2,1,63" ten="200,195,400,205" oya="3" hai0="116,22,36,98,90,101,59,87,65,86,74,11,53" hai1="27,57,34,77,17,108,6,19,105,69,132,107,130" hai2="55,71,28,85,106,123,100,64,113,52,103,21,39" hai3="42,109,127,104,78,68,82,44,128,122,72,76,26"/><W119/><G122/><T15/><D74/><U0/><E69/><V40/><F113/><W135/><G119/><T124/><D36/><U56/><E108/><V47/><F123/><W114/><G114/><T93/><D116/><U117/><E117/><V88/><F28/><W115/><G115/><T38/><D38/><U66/><E77/><V62/><F21/><W58/><G68/><T14/><D124/><U30/><E130/><V94/><REACH who="2" step="1"/><F106/><REACH who="2" ten="200,195,390,205" step="2"/><W12/><G104/><T33/><D33/><U118/><E107/><V133/><F133/><W129/><G135/><T3/><D22/><U48/><E105/><V41/><F41/><W9/><G127/><T126/><D126/><U25/><E132/><V46/><F46/><W84/><G109/><T29/><D29/><U8/><E118/><V2/><F2/><W23/><G128/><T97/><D3/><U81/><E30/><V96/><F96/><W31/><G129/><T111/><D111/><U73/><E34/><V45/><F45/><W18/><G58/><T110/><D110/><U134/><E56/><V120/><F120/><W131/><G131/><T10/><D97/><U99/><E99/><V4/><F4/><W67/><G72/><T91/><D98/><U51/><E57/><V75/><F75/><W50/><G76/><T16/><D101/><AGARI ba="0,1" hai="39,40,47,52,55,62,64,71,85,88,94,100,101,103" machi="101" ten="40,8000,1" yaku="1,1,52,1,54,2,53,0" doraHai="63" doraHaiUra="35" who="2" fromWho="0" sc="200,-80,195,0,390,90,205,0" />
</Scene>
<Scene>
<INIT seed="4,0,0,2,5,99" ten="120,195,480,205" oya="0" hai0="67,13,22,17,23,42,127,133,82,107,11,16,128" hai1="94,10,108,111,39,43,32,38,36,96,49,101,85" hai2="68,56,83,93,74,60,75,64,76,90,71,86,84" hai3="1,120,123,41,72,54,66,125,91,119,106,40,95"/><T131/><D42/><U117/><E117/><V26/><REACH who="2" step="1"/><F26/><REACH who="2" ten="120,195,470,205" step="2"/><W28/><G119/><T88/><D107/><U25/><E25/><V113/><F113/><W105/><G105/><T98/><D67/><U81/><E111/><V37/><F37/><W79/><G106/><T69/><D69/><AGARI ba="0,1" hai="56,60,64,68,69,71,74,75,76,83,84,86,90,93" machi="69" ten="40,2600,0" yaku="21,2,53,0" doraHai="99" doraHaiUra="30" who="2" fromWho="0" sc="120,-26,195,0,470,36,205,0" />
</Scene>
<Scene>
<INIT seed="5,0,0,0,2,79" ten="94,195,506,205" oya="1" hai0="3,31,87,88,102,26,99,53,116,16,27,72,28" hai1="113,10,123,29,11,30,70,105,57,24,121,18,132" hai2="15,52,73,66,9,114,55,62,92,96,65,17,98" hai3="124,63,32,40,14,74,22,33,85,135,0,133,100"/><U83/><E105/><V119/><F119/><W49/><G74/><T67/><D116/><U4/><E70/><V129/><F73/><W64/><G0/><T118/><D118/><U34/><E113/><V20/><F114/><W47/><G100/><T122/><D122/><U35/><E57/><N who="2" m="35111" /><F129/><W51/><G51/><T75/><D3/><N who="1" m="287" /><E83/><V103/><F96/><W78/><G124/><T7/><D7/><U54/><E54/><V82/><F82/><N who="3" m="47319" /><G22/><T117/><D117/><U125/><E132/><N who="3" m="50762" /><G14/><T71/><D53/><U97/><E97/><V91/><F103/><W59/><AGARI ba="0,0" hai="32,33,40,47,49,59,63,64" m="50762,47319" machi="59" ten="30,2000,0" yaku="20,1,52,1" doraHai="79" who="3" fromWho="3" sc="94,-5,195,-10,506,-5,205,20" />
</Scene>
<Scene>
<INIT seed="6,0,0,2,4,78" ten="89,185,501,225" oya="2" hai0="14,61,36,39,60,112,54,116,91,99,59,118,0" hai1="8,124,19,58,5,74,28,117,27,44,110,86,2" hai2="102,26,105,70,125,47,6,72,75,40,130,84,79" hai3="135,71,104,81,131,111,106,55,22,13,120,103,43"/><V123/><F70/><W20/><G71/><T73/><D0/><U34/><E124/><V68/><F68/><W56/><G120/><T107/><D73/><U3/><E74/><V16/><F6/><W119/><G119/><T30/><D30/><U132/><E110/><V80/><F123/><W128/><G43/><T129/><D14/><U121/><E121/><V49/><F125/><W67/><G67/><T133/><D107/><U62/><E117/><N who="0" m="45161" /><D99/><U51/><E132/><V33/><F130/><W21/><G135/><T77/><D77/><U10/><E86/><V114/><F105/><W4/><G103/><T29/><D91/><U53/><E19/><V1/><F79/><W100/><G111/><T63/><D29/><U95/><E95/><V113/><F75/><W82/><G13/><T41/><D133/><U122/><E122/><V46/><F72/><W25/><G25/><T97/><D97/><U65/><E10/><V7/><F26/><W98/><G106/><T15/><D15/><AGARI ba="0,0" hai="2,3,5,8,15,27,28,34,44,51,53,58,62,65" machi="15" ten="30,1000,0" yaku="7,1" doraHai="78" who="1" fromWho="0" sc="89,-10,185,10,501,0,225,0" />
</Scene>
<Scene>
<INIT seed="7,0,0,5,1,100" ten="79,195,501,225" oya="3" hai0="114,83,41,45,73,48,109,39,118,23,12,1,101" hai1="126,78,58,40,112,65,115,9,50,57,35,127,11" hai2="5,95,116,59,16,90,10,104,22,94,44,66,98" hai3="80,49,55,132,7,102,26,64,4,79,0,128,20"/><W77/><G128/><T60/><D1/><U113/><E35/><V71/><F71/><W72/><G132/><T21/><D109/><U92/><E78/><V96/><F104/><W82/><G102/><T30/><D118/><U123/><E92/><V54/><F44/><W61/><G0/><T67/><D39/><U68/><E123/><V47/><F47/><W38/><G38/><T14/><D73/><U31/><E31/><V29/><F29/><W13/><G13/><T36/><D36/><U124/><E11/><V37/><F66/><W51/><G55/><T24/><D114/><U74/><E9/><V129/><F116/><W106/><G106/><T46/><D46/><N who="1" m="25927" /><E74/><V84/><F37/><W119/><G119/><T18/><D83/><U32/><E32/><V15/><F95/><W19/><G4/><T63/><D12/><U43/><E43/><V81/><F94/><W3/><G3/><T69/><D101/><U25/><E25/><N who="2" m="14535" /><F129/><W28/><G7/><T120/><D120/><U8/><E8/><V93/><F93/><W108/><G108/><T27/><D14/><U42/><E42/><V2/><F2/><W103/><G103/><T62/><D69/><U85/><E85/><V70/><F70/><N who="3" m="42255" /><G28/><T121/><D121/><U89/><E89/><V131/><F131/><W87/><G72/><T125/><D67/><U130/><E130/><V111/><F111/><W52/><G52/><T91/><D91/><U88/><E88/><V33/><F33/><W86/><G77/><T135/><D135/><U6/><E6/><V97/><F97/><W56/><G56/><RYUUKYOKU ba="0,0" sc="79,0,195,0,501,0,225,0" hai0="18,21,23,24,27,30,41,45,48,60,62,63,125" hai1="57,58,65,68,112,113,115,124,126,127" hai2="5,10,15,54,59,81,84,90,96,98" hai3="19,20,26,49,51,79,80,82,86,87" />
</Scene>
<Scene>
<INIT seed="7,1,0,1,0,128" ten="79,195,501,225" oya="3" hai0="11,92,59,76,17,112,47,16,65,131,104,33,91" hai1="88,15,79,69,89,99,103,34,27,121,9,107,5" hai2="83,96,119,49,80,117,133,10,20,53,37,116,21" hai3="62,70,26,71,64,97,87,72,67,81,1,22,84"/><W3/><G72/><T24/><D104/><U95/><E121/><V129/><F37/><W106/><G106/><T124/><D131/><U113/><E113/><V102/><F133/><W48/><G97/><T68/><D68/><U8/><E69/><V73/><F129/><W55/><G81/><T105/><D105/><U36/><E36/><V90/><F10/><W30/><G3/><T93/><D124/><U130/><E130/><V50/><F50/><W111/><G1/><T118/><D118/><U63/><E63/><V82/><F90/><W115/><G115/><T75/><D75/><U7/><E79/><V122/><F122/><W6/><G6/><T58/><D112/><U42/><E42/><V78/><F78/><W108/><G67/><T74/><D74/><U51/><E51/><V43/><F43/><W61/><G61/><T45/><D76/><U85/><E89/><V0/><F73/><W28/><G28/><T2/><D2/><U132/><E132/><V31/><F0/><W35/><G35/><T126/><D126/><U40/><E40/><V41/><F41/><W66/><G66/><T13/><D33/><U52/><E52/><V39/><F39/><W38/><G38/><T19/><D65/><U114/><E114/><V29/><F29/><W100/><G100/><T14/><D19/><N who="1" m="8679" /><E9/><V101/><F31/><W134/><G134/><T18/><D18/><U125/><E125/><V135/><F135/><W23/><G71/><T4/><D4/><N who="1" m="1611" /><E34/><V56/><F101/><W77/><G77/><T109/><D109/><N who="3" m="42057" /><G22/><T57/><D24/><U127/><E27/><RYUUKYOKU ba="1,0" sc="79,-30,195,10,501,10,225,10" hai1="85,88,95,99,103,107,127" hai2="20,21,49,53,56,80,82,83,96,102,116,117,119" hai3="23,26,30,48,55,62,64,70,84,87" />
</Scene>
<Scene>
<INIT seed="7,2,0,1,1,25" ten="49,205,511,235" oya="3" hai0="49,50,108,17,39,104,51,12,105,124,57,45,48" hai1="127,55,94,60,61,47,81,53,93,8,43,135,131" hai2="19,14,113,0,115,119,111,106,121,92,29,84,42" hai3="64,125,24,90,38,126,122,33,95,85,86,30,129"/><W76/><G122/><T44/><N who="0" m="12288" /><DORA hai="20" /><T110/><D12/><U13/><E127/><N who="3" m="48650" /><G38/><T56/><D124/><U31/><E81/><V11/><F111/><W71/><G129/><T58/><D17/><U4/><E47/><V134/><F42/><W98/><G76/><T16/><D16/><U37/><E31/><V63/><F121/><W77/><G77/><T54/><D54/><U68/><E93/><V128/><F128/><W3/><G3/><T23/><D23/><U133/><E94/><V107/><F0/><W103/><G103/><T74/><D74/><U78/><E78/><V5/><F107/><W89/><G89/><T52/><D52/><U65/><E131/><V70/><F106/><W62/><AGARI ba="2,0" hai="24,30,33,62,64,71,85,86,90,95,98" m="48650" machi="62" ten="30,6000,0" yaku="18,1,52,2" doraHai="25,20" who="3" fromWho="3" sc="49,-22,205,-22,511,-22,235,66" />
</Scene>
<Scene>
<INIT seed="7,3,0,3,1,39" ten="27,183,489,301" oya="3" hai0="57,115,48,19,23,77,98,35,2,84,51,13,44" hai1="11,70,85,93,32,121,125,5,63,3,7,87,55" hai2="60,129,117,72,103,75,112,124,123,49,102,53,12" hai3="81,74,22,90,83,43,133,40,126,101,127,110,67"/><W130/><G67/><T16/><D35/><U68/><E55/><V128/><F117/><W26/><G130/><N who="2" m="50281" /><F112/><W27/><G101/><N who="2" m="38409" /><F124/><N who="3" m="47659" /><G133/><T104/><D2/><U15/><E63/><V82/><F123/><W29/><G110/><T120/><D120/><U113/><E15/><V86/><F60/><W38/><G38/><T131/><D131/><U58/><E93/><V4/><F4/><W122/><G122/><T96/><D115/><U109/><E58/><N who="2" m="33071" /><F12/><W10/><G10/><T28/><D104/><U118/><E11/><V31/><F31/><N who="3" m="17879" /><G74/><T134/><D134/><U1/><E32/><V42/><F42/><N who="3" m="15915" /><G90/><AGARI ba="3,0" hai="72,75,82,86,90" m="33071,38409,50281" machi="90" ten="30,1000,0" yaku="19,1" doraHai="39" who="2" fromWho="3" sc="27,0,183,0,489,19,301,-19" owari="27,-47.0,183,-22.0,508,61.0,282,8.0" />
</Scene>
</mjloggm>