<mjloggm ver="2.3"><GO type="169" lobby="0"/><UN n0="%46%75%6E%54%69%6D%65" n1="%E3%82%B7%E3%83%A3%E3%83%B3%E3%83%86%E3%83%B3%E5%9C%B0%E7%8D%84%E2%98%86" n2="%E5%A4%AA%E3%81%8F%E3%81%AA%E3%81%84%E3%81%8A" n3="%72%79%6F%E2%80%A6%31%35" dan="16,17,17,17" rate="2062.04,2148.50,2171.84,2141.74" sx="M,M,M,M"/><TAIKYOKU oya="0"/>

<Scene>
<INIT seed="0,0,0,0,5,60" ten="250,250,250,250" oya="0" hai0="37,93,111,132,131,19,88,80,112,69,52,77,57" hai1="11,42,125,94,123,72,44,54,108,58,22,70,73" hai2="121,105,10,76,16,41,17,36,116,82,14,48,39" hai3="122,107,13,130,106,45,24,64,68,90,86,2,40"/><T133/><D112/><U109/><E123/><V18/><F121/><W26/><G2/><T25/><D69/><U59/><E70/><V102/><F116/><W117/><G122/><T29/><D37/><U113/><E113/><V0/><F0/><W75/><G75/><T50/><D19/><U12/><E22/><V134/><F134/><N who="0" m="51818" /><D131/><U127/><E94/><V103/><F48/><W33/><G117/><T38/><D38/><N who="1" m="21591" /><E73/><V97/><F103/><W27/><G33/><N who="0" m="20655" /><D111/><N who="1" m="42571" /><E72/><V124/><F124/><N who="1" m="47689" /><E54/><V83/><F41/><W4/><G68/><T129/><D129/><U101/><E101/><V99/><F102/><W46/><G40/><T66/><D66/><U28/><E28/><V119/><F119/><W7/><G64/><T96/><D80/><U34/><E34/><V15/><F83/><W62/><G130/><T20/><D20/><U110/><N who="1" m="42579" /><U43/><DORA hai="30" /><E43/><V55/><F39/><W92/><G27/><T89/><D89/><U79/><E79/><AGARI ba="0,0" hai="50,52,57,77,79,88,93,96" m="20655,51818" machi="79" ten="30,11600,0" yaku="20,1,52,1,54,2" doraHai="60,30" who="0" fromWho="1" sc="250,116,250,-116,250,0,250,0" />
</Scene>
<Scene>
<INIT seed="0,1,0,4,3,126" ten="366,134,250,250" oya="0" hai0="56,100,73,85,103,47,66,127,26,102,50,112,106" hai1="97,33,25,72,34,86,131,120,6,60,21,91,111" hai2="84,38,7,53,46,36,80,129,28,113,124,13,10" hai3="68,9,40,69,128,23,27,30,78,134,39,17,114"/><T135/><D112/><U90/><E120/><V116/><F113/><W119/><G114/><T8/><D73/><U18/><E72/><V104/><F104/><W130/><G119/><T20/><D127/><U54/><E111/><V3/><F124/><W71/><G78/><T101/><D135/><U2/><E91/><V59/><F116/><W35/><G134/><T1/><D106/><U109/><E109/><V76/><F28/><W57/><G57/><T41/><D103/><U19/><E19/><V75/><F84/><W49/><G49/><T121/><D121/><U24/><E24/><V110/><F110/><W123/><G9/><T61/><D1/><U67/><E54/><V122/><F122/><W31/><G123/><T89/><D8/><U87/><E6/><V93/><F93/><W88/><G88/><T99/><D99/><U5/><E5/><V82/><F82/><W105/><G105/><T132/><D132/><U22/><E2/><V115/><F13/><W125/><G125/><T37/><D37/><U94/><E86/><V16/><F36/><W64/><G64/><T55/><D66/><U14/><E97/><V98/><F98/><W15/><REACH who="3" step="1"/><G31/><REACH who="3" ten="366,134,250,240" step="2"/><N who="0" m="17863" /><D102/><U0/><E67/><V11/><F115/><W29/><G29/><T58/><D58/><U95/><E95/><AGARI ba="1,1" hai="41,47,50,55,56,61,85,89,95,100,101" m="17863" machi="95" ten="30,1500,0" yaku="8,1" doraHai="126" who="0" fromWho="1" sc="366,28,134,-18,250,0,240,0" />
</Scene>
<Scene>
<INIT seed="0,2,0,4,4,49" ten="394,116,250,240" oya="0" hai0="30,15,134,114,18,0,88,100,116,126,12,13,8" hai1="122,17,106,93,60,108,71,16,77,132,117,70,101" hai2="32,67,20,59,58,51,19,46,92,129,85,115,103" hai3="24,10,45,120,83,14,74,29,97,33,99,36,102"/><T87/><D116/><U41/><E117/><V73/><F73/><W82/><G120/><T38/><D114/><U111/><E122/><V75/><F75/><W79/><G83/><N who="0" m="49279" /><D38/><U9/><E106/><V1/><F32/><W55/><G102/><T90/><D0/><U52/><E77/><V62/><F1/><W39/><G39/><T84/><D100/><U124/><E41/><V43/><F129/><W5/><REACH who="3" step="1"/><G36/><REACH who="3" ten="394,116,250,230" step="2"/><T107/><D107/><U113/><E113/><V96/><F115/><W110/><G110/><T68/><D126/><U123/><E124/><V50/><F85/><W98/><G98/><T44/><D68/><U91/><E123/><V94/><F94/><W72/><G72/><T54/><D134/><U56/><E101/><V21/><F92/><W35/><G35/><T7/><D84/><N who="1" m="52455" /><E132/><V63/><F96/><W65/><G65/><T133/><D133/><U27/><E70/><V26/><F103/><W40/><G40/><T3/><D90/><U25/><E71/><V89/><F89/><W86/><G86/><T66/><D66/><U11/><E108/><V61/><F67/><W112/><G112/><T119/><D119/><U48/><E111/><V6/><F43/><W95/><G95/><T131/><D131/><U42/><E42/><V37/><F37/><W2/><G2/><T135/><D135/><U28/><E60/><V64/><F62/><W105/><G105/><T4/><D3/><U81/><E81/><V104/><F104/><W78/><G78/><T127/><D127/><U31/><E48/><AGARI ba="2,1" hai="5,10,14,24,29,33,45,48,55,74,79,82,97,99" machi="48" ten="40,2600,0" yaku="1,1,52,1,53,0" doraHai="49" doraHaiUra="34" who="3" fromWho="1" sc="394,0,116,-32,250,0,230,42" />
</Scene>
<Scene>
<INIT seed="1,0,0,2,4,86" ten="394,84,250,272" oya="1" hai0="65,49,59,3,92,50,78,106,60,17,1,112,15" hai1="111,68,27,10,24,41,64,8,80,47,99,116,108" hai2="89,103,114,0,74,133,37,91,36,107,39,97,62" hai3="6,100,16,126,45,66,134,13,38,12,119,93,76"/><U73/><E116/><V26/><F74/><W82/><G119/><T84/><D106/><U90/><E64/><V127/><F0/><W67/><G134/><T122/><D112/><U33/><E68/><V4/><F4/><W83/><G126/><T75/><D75/><U2/><E73/><V5/><F5/><W14/><G6/><T28/><D122/><U71/><E71/><V135/><F127/><W18/><G38/><T31/><D3/><U118/><E118/><V32/><F114/><W130/><G45/><T115/><D115/><U34/><E2/><V21/><F32/><N who="1" m="12393" /><E27/><V48/><F48/><N who="0" m="18538" /><D1/><U113/><E24/><V123/><F62/><W25/><G25/><T57/><D57/><U105/><E105/><V55/><F55/><W109/><G109/><N who="1" m="42058" /><E113/><V95/><F123/><W53/><G66/><T72/><D72/><U79/><E79/><V110/><F110/><W56/><G67/><T51/><D51/><N who="1" m="27119" /><E80/><V22/><F107/><W40/><G82/><N who="0" m="47191" /><D92/><AGARI ba="0,0" hai="8,10,90,92,99" m="27119,42058,12393" machi="92" ten="30,5800,0" yaku="14,1,10,1,52,1" doraHai="86" who="1" fromWho="0" sc="394,-58,84,58,250,0,272,0" />
</Scene>
<Scene>
<INIT seed="1,1,0,4,3,2" ten="336,142,250,272" oya="1" hai0="28,78,80,9,15,66,114,92,116,59,125,1,27" hai1="67,93,0,51,109,64,11,95,100,23,75,83,91" hai2="58,8,52,10,131,21,86,46,87,62,63,35,19" hai3="73,47,115,104,22,13,54,76,68,106,126,40,49"/><U98/><E109/><V81/><F35/><W30/><G68/><T99/><D116/><U124/><E124/><V55/><F131/><W130/><G115/><T14/><D114/><U43/><E23/><V48/><F62/><W134/><G126/><T94/><D125/><U12/><E0/><V113/><F113/><W85/><G73/><T82/><D1/><U7/><E75/><V79/><REACH who="2" step="1"/><F87/><REACH who="2" ten="336,142,240,272" step="2"/><W50/><G85/><N who="0" m="48279" /><D82/><U101/><E83/><V33/><F33/><W65/><G130/><T135/><D135/><U71/><E71/><V38/><F38/><W6/><G134/><T74/><D74/><U53/><E43/><V3/><F3/><W25/><G40/><T4/><D15/><AGARI ba="1,1" hai="8,10,15,19,21,46,48,52,55,58,63,79,81,86" machi="15" ten="30,7700,0" yaku="1,1,7,1,8,1,54,1,53,0" doraHai="2" doraHaiUra="90" who="2" fromWho="0" sc="336,-80,142,0,240,90,272,0" />
</Scene>
<Scene>
<INIT seed="2,0,0,0,1,108" ten="256,142,330,272" oya="2" hai0="77,44,7,62,104,32,38,47,107,115,130,94,102" hai1="25,101,10,52,5,113,11,80,81,53,24,98,15" hai2="82,3,105,40,123,37,27,9,87,35,31,134,4" hai3="50,135,30,8,14,2,39,106,133,85,21,132,97"/><V91/><F134/><W74/><G74/><T63/><D32/><U116/><E116/><V117/><F117/><W110/><G39/><T89/><D77/><U114/><E98/><V99/><F123/><W79/><G110/><T68/><D7/><U112/><E101/><V64/><F64/><W100/><G2/><T41/><D130/><U84/><E11/><V83/><F37/><W61/><G61/><T90/><D102/><U59/><E80/><V16/><F40/><W26/><G50/><T43/><D38/><U67/><E67/><V93/><F105/><W96/><G96/><T29/><D29/><U103/><E103/><V69/><F69/><W92/><G79/><T78/><D78/><U122/><E122/><V13/><REACH who="2" step="1"/><F99/><REACH who="2" ten="256,142,320,272" step="2"/><W49/><G106/><T48/><D68/><U118/><E118/><V56/><F56/><W36/><G36/><T119/><D119/><U76/><REACH who="1" step="1"/><E53/><REACH who="1" ten="256,132,320,272" step="2"/><V86/><F86/><W66/><G85/><T121/><D121/><U58/><E58/><V46/><F46/><W54/><G66/><T129/><D47/><U120/><E120/><V71/><F71/><W131/><G131/><T73/><D44/><U42/><E42/><V109/><F109/><W111/><G111/><T124/><D43/><U6/><E6/><V12/><F12/><W45/><G14/><T19/><D41/><U60/><AGARI ba="0,2" hai="5,10,15,24,25,52,59,60,76,81,84,112,113,114" machi="60" ten="30,12000,2" yaku="1,1,0,1,52,3,54,1,53,1" doraHai="108" doraHaiUra="55" who="1" fromWho="1" sc="256,-30,132,140,320,-60,272,-30" />
</Scene>
<Scene>
<INIT seed="3,0,0,0,1,127" ten="226,272,260,242" oya="3" hai0="135,119,45,59,17,77,49,100,33,56,82,75,9" hai1="98,93,6,70,106,55,105,47,1,4,2,19,0" hai2="54,41,52,109,117,13,133,99,57,76,10,101,68" hai3="114,7,21,22,48,14,116,104,80,62,38,111,61"/><W5/><G38/><T134/><D119/><U79/><E70/><V12/><F68/><W87/><G104/><T81/><D33/><U108/><E79/><V71/><F71/><W63/><G114/><T90/><D100/><U60/><E108/><V23/><F117/><W126/><G116/><T46/><D46/><U72/><E72/><V88/><F76/><W129/><G129/><T120/><D120/><U28/><E28/><V20/><F41/><W74/><G74/><T91/><D91/><U97/><E97/><V95/><F109/><W107/><G107/><T73/><D59/><U34/><E34/><V18/><F133/><W31/><G126/><T89/><D56/><U11/><E60/><V130/><F130/><W102/><G102/><T110/><D110/><U69/><E19/><V113/><F113/><W131/><G131/><T37/><D37/><U53/><E69/><V96/><F13/><W65/><G65/><T30/><D30/><U85/><E85/><V25/><F57/><W121/><G121/><T84/><D90/><N who="1" m="55607" /><E6/><N who="3" m="2058" /><G111/><T8/><D75/><U118/><E118/><V122/><F122/><W66/><G66/><T123/><D123/><U103/><E106/><V43/><F43/><W64/><G64/><T112/><D112/><U83/><E83/><V16/><F10/><N who="0" m="4202" /><D17/><U92/><E105/><AGARI ba="0,0" hai="12,16,18,20,23,25,52,54,88,95,96,99,101,105" machi="105" ten="30,7700,0" yaku="7,1,54,3" doraHai="127" who="2" fromWho="1" sc="226,0,272,-77,260,77,242,0" />
</Scene>
<Scene>
<INIT seed="4,0,0,2,5,34" ten="226,195,337,242" oya="0" hai0="38,31,40,49,69,29,102,121,17,106,129,27,120" hai1="4,67,128,59,130,60,14,100,116,36,26,68,6" hai2="77,21,107,47,46,134,82,88,76,126,19,33,85" hai3="0,56,109,72,41,23,58,133,104,50,90,89,111"/><T51/><D69/><U37/><E116/><V83/><F33/><W122/><G104/><T22/><D129/><N who="1" m="49771" /><E100/><V66/><F107/><W62/><G72/><T42/><D38/><N who="1" m="14955" /><E14/><V131/><F131/><W2/><G41/><T8/><D106/><U70/><E26/><V96/><F126/><W1/><G50/><T54/><D102/><U98/><E98/><V127/><F127/><W91/><G133/><T24/><D8/><U57/><E70/><V18/><F134/><W78/><G78/><T71/><D71/><U123/><E123/><V48/><F96/><W92/><G92/><T114/><D17/><U28/><E28/><V108/><F18/><W99/><G99/><T3/><D3/><U65/><E65/><V25/><F66/><W84/><G84/><T97/><D97/><U44/><E44/><V93/><F47/><W80/><G80/><N who="2" m="30761" /><F108/><N who="3" m="41547" /><G122/><T32/><D121/><U103/><E103/><V61/><F61/><W87/><G87/><T113/><D120/><U73/><E73/><V20/><F46/><W7/><G62/><T110/><D110/><U74/><E74/><V95/><F95/><W117/><G117/><T16/><D42/><U64/><E64/><V135/><F135/><W124/><G124/><T5/><D40/><U79/><E79/><V101/><F101/><W118/><G118/><T35/><D35/><U105/><E105/><V63/><F77/><W10/><G23/><T39/><D32/><U132/><E132/><V115/><F21/><W53/><G58/><AGARI ba="0,0" hai="4,6,57,58,59,60,67,68" m="14955,49771" machi="58" ten="30,1000,0" yaku="19,1" doraHai="34" who="1" fromWho="3" sc="226,0,195,10,337,0,242,-10" />
</Scene>
<Scene>
<INIT seed="5,0,0,1,0,26" ten="226,205,337,232" oya="1" hai0="64,68,116,77,31,56,2,20,90,19,53,52,135" hai1="134,109,79,117,47,72,131,63,35,37,22,24,98" hai2="70,36,12,107,96,126,30,110,122,21,114,84,28" hai3="78,51,76,9,93,108,49,133,61,54,13,29,4"/><U105/><E105/><V123/><BYE who="1" /><F110/><UN n1="%E3%82%B7%E3%83%A3%E3%83%B3%E3%83%86%E3%83%B3%E5%9C%B0%E7%8D%84%E2%98%86" /><W41/><G108/><T0/><D116/><U120/><E117/><V102/><F36/><W39/><G39/><T58/><D68/><U82/><E120/><V97/><F70/><W25/><G133/><T129/><D64/><U92/><E109/><V106/><F126/><W3/><G3/><T121/><D77/><U7/><E134/><V50/><F114/><W17/><G61/><T46/><D46/><U128/><E7/><V130/><F130/><N who="1" m="49705" /><E63/><V43/><F84/><W113/><G113/><T115/><D129/><U111/><E111/><V75/><F75/><W71/><G71/><T40/><D40/><N who="1" m="22927" /><E35/><V88/><F43/><W119/><G119/><T118/><D118/><U80/><E79/><V101/><F50/><W33/><G4/><T27/><D135/><U44/><E44/><V127/><F127/><W95/><G41/><T85/><D121/><U45/><E45/><V73/><F73/><W5/><G78/><T15/><D115/><U11/><E11/><V81/><F122/><W103/><G76/><T48/><D53/><U87/><E87/><N who="2" m="50287" /><F123/><W55/><G55/><T14/><D58/><U42/><E72/><V104/><F104/><W69/><G69/><T94/><D15/><U8/><E8/><AGARI ba="0,0" hai="0,2,8,14,19,20,27,31,48,52,56,85,90,94" machi="8" ten="30,3900,0" yaku="7,1,52,1,54,1" doraHai="26" who="0" fromWho="1" sc="226,39,205,-39,337,0,232,0" />
</Scene>
<Scene>
<INIT seed="6,0,0,4,4,112" ten="265,166,337,232" oya="2" hai0="100,50,46,117,48,73,116,26,87,40,72,82,109" hai1="110,29,38,88,49,107,3,18,71,124,92,61,104" hai2="1,131,28,53,67,119,74,57,94,25,84,130,99" hai3="96,17,98,51,55,9,90,47,108,54,59,123,33"/><V70/><F74/><W111/><G33/><T43/><D109/><U78/><E38/><V101/><F1/><W2/><G2/><T122/><D122/><U58/><E110/><V65/><F84/><W20/><G123/><T133/><D133/><U24/><E124/><V44/><F44/><W103/><G9/><T83/><D100/><U81/><E3/><V105/><F94/><W118/><G118/><N who="0" m="45675" /><D26/><U27/><E71/><V45/><F45/><W22/><G22/><T102/><D102/><U23/><E49/><N who="0" m="19049" /><D83/><U106/><E81/><V80/><F80/><W132/><G103/><T135/><D135/><U95/><E78/><V134/><F134/><W11/><G132/><T14/><D14/><U79/><E79/><V75/><F119/><W42/><G108/><T97/><D97/><U21/><REACH who="1" step="1"/><E88/><REACH who="1" ten="265,156,337,232" step="2"/><V12/><F101/><W89/><G90/><N who="0" m="51575" /><D43/><U93/><E93/><V30/><F99/><W36/><G98/><T13/><D13/><U5/><E5/><V128/><F12/><N who="3" m="9255" /><G111/><T19/><D19/><U68/><E68/><V15/><F70/><W76/><G96/><T37/><AGARI ba="0,1" hai="37,40,46,72,73" m="51575,19049,45675" machi="37" ten="30,7900,0" yaku="12,1,52,3" doraHai="112" who="0" fromWho="0" sc="265,89,156,-20,337,-39,232,-20" />
</Scene>
<Scene>
<INIT seed="7,0,0,2,5,38" ten="354,136,298,212" oya="3" hai0="27,43,24,4,74,121,75,49,111,40,34,105,130" hai1="84,135,56,14,97,5,116,33,110,71,124,93,11" hai2="54,134,73,52,94,1,133,10,64,127,30,106,132" hai3="23,44,57,20,17,15,107,100,37,46,36,12,70"/><W41/><G70/><T117/><D111/><U112/><E110/><V28/><F106/><W128/><G128/><T61/><D105/><U47/><E33/><V50/><F73/><W25/><G100/><T79/><D117/><U18/><E71/><V99/><F64/><W122/><G107/><T9/><D121/><U77/><E116/><V91/><F127/><W123/><G57/><T22/><D34/><U67/><E124/><V102/><F102/><W80/><G80/><T83/><D130/><U85/><E112/><V45/><F54/><W35/><G35/><T66/><D49/><U68/><E68/><V109/><F109/><W92/><G92/><T16/><D27/><U21/><E135/><V65/><F65/><W48/><G12/><T113/><D113/><U32/><E32/><V126/><F126/><W2/><G2/><T3/><D75/><U98/><E77/><V90/><F90/><W103/><G103/><T8/><D9/><U88/><E97/><V62/><F62/><W69/><G69/><AGARI ba="0,0" hai="3,4,8,16,22,24,40,43,61,66,69,74,79,83" machi="69" ten="30,7700,0" yaku="7,1,52,2,54,1" doraHai="38" who="0" fromWho="3" sc="354,77,136,0,298,0,212,-77" owari="431,52.0,136,-26.0,298,10.0,135,-36.0" />
</Scene>
</mjloggm>