<mjloggm ver="2.3"><GO type="169" lobby="0"/><UN n0="%46%75%6E%54%69%6D%65" n1="%E3%82%A6%E3%83%92%E3%83%A7%E5%8A%A9" n2="%79%6F%6A%6F" n3="%E5%A4%AA%E3%81%8F%E3%81%AA%E3%81%84%E3%81%8A" dan="16,16,16,17" rate="2052.00,2103.28,2174.99,2235.91" sx="M,M,F,F"/><TAIKYOKU oya="0"/>

<Scene>
<INIT seed="0,0,0,5,4,12" ten="250,250,250,250" oya="0" hai0="113,70,39,26,92,9,34,40,56,74,117,106,131" hai1="49,59,29,107,124,72,63,28,37,11,16,19,45" hai2="97,69,77,111,116,42,21,20,115,47,27,52,78" hai3="10,75,84,110,134,41,91,4,104,53,101,55,133"/><T76/><D117/><U23/><E72/><V85/><F115/><W105/><G75/><T24/><D113/><U57/><E107/><N who="3" m="41034" /><G41/><T22/><D70/><U89/><E37/><V61/><F111/><W71/><G101/><T122/><D106/><U64/><E124/><V99/><F116/><W58/><G58/><T127/><D34/><U54/><E89/><V109/><F109/><W79/><G79/><T130/><D9/><U102/><E102/><V33/><F33/><W98/><G98/><T87/><D26/><N who="1" m="14695" /><E57/><V135/><F27/><W5/><G71/><T3/><D127/><U129/><E129/><V30/><F85/><W73/><G73/><T36/><D74/><U48/><E48/><V121/><F78/><W108/><G110/><T62/><D76/><U118/><E118/><V7/><F77/><W126/><G126/><T51/><D39/><U100/><E100/><V81/><F99/><W2/><G108/><T65/><D36/><U68/><E68/><V15/><F97/><W44/><G44/><N who="0" m="25991" /><D3/><U38/><E38/><V14/><F47/><W96/><G96/><T125/><D125/><U6/><E6/><V46/><F7/><W88/><G5/><T93/><D130/><U25/><E25/><V94/><F46/><W132/><G91/><N who="0" m="53375" /><D131/><U83/><E83/><AGARI ba="0,0" hai="2,4,10,53,55,83,84,88,132,133,134" m="41034" machi="83" ten="40,2600,0" yaku="20,1,54,1" doraHai="12" who="3" fromWho="1" sc="250,0,250,-26,250,0,250,26" />
</Scene>
<Scene>
<INIT seed="1,0,0,2,1,99" ten="250,224,250,276" oya="1" hai0="27,6,94,134,53,48,33,55,70,21,61,130,56" hai1="57,43,32,17,68,38,24,127,42,106,72,105,11" hai2="69,60,58,92,64,131,110,19,128,102,125,52,8" hai3="109,65,100,123,118,50,46,93,45,135,120,31,116"/><U47/><E72/><V112/><F110/><W90/><G109/><T25/><D134/><U54/><E68/><V59/><F112/><W5/><G135/><T9/><D130/><N who="2" m="49706" /><F8/><W16/><G5/><T84/><D33/><U34/><E127/><V80/><F80/><W14/><G65/><T119/><D119/><N who="3" m="45609" /><G31/><T77/><D27/><U67/><E67/><V75/><F19/><W132/><G132/><T81/><D70/><U44/><E34/><V79/><F79/><W103/><G123/><T101/><D94/><U111/><E111/><V40/><F75/><W13/><G120/><T124/><D124/><U51/><E32/><V97/><F125/><W126/><G13/><T96/><D6/><U4/><E17/><V41/><F69/><W15/><G15/><T89/><D9/><U12/><REACH who="1" step="1"/><E24/><REACH who="1" ten="250,214,250,276" step="2"/><V76/><F76/><W10/><G126/><T85/><D25/><U98/><E98/><V39/><F39/><AGARI ba="0,1" hai="4,11,12,38,39,42,43,44,47,51,54,57,105,106" machi="39" ten="30,5800,0" yaku="1,1,7,1,9,1,53,0" doraHai="99" doraHaiUra="122" who="1" fromWho="2" sc="250,0,214,68,250,-58,276,0" />
</Scene>
<Scene>
<INIT seed="1,1,0,5,4,118" ten="250,282,192,276" oya="1" hai0="123,94,13,108,14,113,85,6,115,33,106,96,26" hai1="124,87,65,12,52,38,82,8,60,28,91,90,36" hai2="9,95,78,128,59,74,50,5,10,110,88,125,70" hai3="49,79,80,68,41,43,53,34,61,73,103,62,48"/><U35/><E124/><V11/><F70/><W66/><G34/><T39/><D39/><U76/><E28/><V100/><F125/><W31/><G31/><T51/><D106/><U47/><E35/><V104/><F110/><W18/><G103/><T23/><D33/><U72/><E72/><V133/><F133/><W21/><G62/><T63/><D108/><U75/><E75/><V107/><F128/><W116/><G116/><T121/><D85/><U56/><E36/><V101/><F5/><W37/><G37/><T97/><D51/><U131/><E131/><V0/><F0/><W105/><G105/><T16/><D63/><U3/><E3/><V15/><F15/><N who="0" m="5642" /><D6/><U27/><E27/><V102/><F78/><W67/><G67/><T92/><D92/><U55/><E38/><V32/><F74/><W57/><G49/><T45/><D45/><U22/><E22/><V112/><F112/><N who="0" m="43082" /><D94/><U119/><E119/><V86/><F32/><W25/><AGARI ba="1,0" hai="18,21,25,41,43,48,53,57,61,66,68,73,79,80" machi="25" ten="20,1500,0" yaku="0,1,7,1" doraHai="118" who="3" fromWho="3" sc="250,-5,282,-8,192,-5,276,18" />
</Scene>
<Scene>
<INIT seed="2,0,0,3,4,118" ten="245,274,187,294" oya="2" hai0="13,115,23,35,47,98,80,15,28,101,36,113,104" hai1="100,120,34,61,14,69,96,4,60,131,102,24,46" hai2="82,20,112,109,63,3,74,56,81,123,77,40,73" hai3="26,111,135,72,43,27,32,70,41,48,0,53,95"/><V78/><F112/><W71/><G0/><T30/><D23/><U87/><E69/><V91/><F3/><W105/><G105/><T21/><D21/><U93/><E34/><V7/><F7/><W45/><G72/><T86/><D15/><U39/><E39/><V11/><F11/><W17/><G111/><T1/><D30/><U33/><E33/><V125/><F109/><W58/><G135/><T67/><D13/><U129/><E24/><V97/><F20/><W9/><G43/><T75/><D1/><U114/><E114/><V122/><F125/><W12/><G27/><N who="0" m="18847" /><D86/><U8/><E46/><V132/><F132/><W2/><G2/><T55/><D55/><U128/><E87/><V88/><F40/><W66/><G32/><T99/><D99/><N who="1" m="59503" /><E61/><V59/><F97/><W121/><G26/><T37/><D67/><U130/><E60/><AGARI ba="0,0" hai="56,59,60,63,73,74,77,78,81,82,88,91,122,123" machi="60" ten="25,12000,1" yaku="22,2,52,2,54,1" doraHai="118" who="2" fromWho="1" sc="245,0,274,-120,187,120,294,0" />
</Scene>
<Scene>
<INIT seed="2,1,0,1,2,127" ten="245,154,307,294" oya="2" hai0="43,51,31,94,9,122,5,24,35,75,128,87,100" hai1="34,105,13,126,98,44,12,69,96,106,80,90,7" hai2="63,135,130,103,102,36,71,26,66,108,4,42,121" hai3="131,2,73,64,115,129,68,59,18,112,107,61,92"/><V85/><F121/><W30/><G107/><T117/><D75/><U125/><E69/><V134/><F85/><W62/><G2/><T3/><D122/><U48/><E34/><V91/><F91/><W53/><G73/><T109/><D109/><U55/><E7/><V99/><F4/><W86/><G30/><T46/><D117/><U67/><E67/><V82/><F82/><W25/><G25/><T19/><D100/><U50/><E80/><V114/><F114/><N who="3" m="43563" /><G18/><T15/><D87/><U79/><E79/><V56/><F26/><W113/><N who="3" m="43571" /><W77/><DORA hai="97" /><G92/><T89/><D89/><U124/><E50/><V0/><F0/><W76/><G86/><T118/><D94/><U11/><E13/><V104/><F108/><W65/><G64/><T84/><D84/><U101/><E90/><V14/><F14/><W120/><G120/><T20/><D118/><U119/><E119/><V17/><F17/><W93/><G93/><T70/><D70/><U57/><E44/><N who="2" m="23623" /><F71/><W49/><G62/><T60/><D60/><U45/><E45/><V28/><F28/><W72/><G72/><T47/><D47/><U133/><E133/><N who="2" m="50699" /><F102/><W16/><G16/><T123/><D123/><U83/><E83/><V41/><F41/><W22/><G22/><T38/><D38/><U32/><E32/><V1/><F1/><W116/><G116/><T23/><D23/><U58/><E12/><V8/><F8/><W81/><G81/><T21/><D21/><U6/><E6/><V78/><F78/><AGARI ba="1,0" hai="49,53,59,61,65,68,76,77,78,129,131" m="43571" machi="78" ten="40,5200,0" yaku="11,1,52,2" doraHai="127,97" who="3" fromWho="2" sc="245,0,154,0,307,-55,294,55" />
</Scene>
<Scene>
<INIT seed="3,0,0,2,5,51" ten="245,154,252,349" oya="3" hai0="90,58,49,125,57,2,29,24,67,32,30,101,31" hai1="134,43,71,47,25,0,118,61,82,127,126,86,78" hai2="133,50,102,74,110,63,105,64,62,54,77,7,85" hai3="22,10,79,95,11,92,15,37,70,53,115,1,81"/><W80/><G70/><T108/><D108/><U103/><E118/><V12/><F110/><W129/><G37/><T3/><D101/><U60/><E0/><V117/><F117/><W55/><G115/><T96/><D125/><N who="1" m="47627" /><E134/><V52/><F74/><W17/><G129/><T46/><D32/><U39/><E71/><V42/><F102/><W72/><G80/><T131/><D131/><U130/><E130/><V128/><F105/><W26/><G1/><T4/><D4/><U135/><E135/><V84/><F133/><W45/><G10/><T8/><D8/><U44/><E103/><V66/><F128/><W111/><G111/><T48/><D24/><U68/><E68/><V19/><F7/><W13/><G13/><T89/><D96/><U36/><E25/><V16/><F50/><W97/><G45/><T75/><D31/><U119/><E119/><V34/><F12/><W35/><G35/><T14/><D14/><U88/><E78/><V116/><F116/><W41/><G41/><AGARI ba="0,0" hai="36,39,41,43,44,47,60,61,82,86,88" m="47627" machi="41" ten="30,2000,0" yaku="18,1,54,1" doraHai="51" who="1" fromWho="3" sc="245,0,154,20,252,0,349,-20" />
</Scene>
<Scene>
<INIT seed="4,0,0,4,0,107" ten="245,174,252,329" oya="0" hai0="122,73,120,3,101,80,31,40,30,70,110,75,9" hai1="10,88,72,17,46,76,131,91,43,21,135,1,19" hai2="45,56,6,132,16,89,67,130,109,112,118,92,104" hai3="5,37,57,48,64,69,100,26,93,119,25,59,12"/><T71/><D101/><U60/><E135/><V81/><F109/><W108/><G37/><T27/><D40/><U97/><E131/><V116/><F104/><W103/><G108/><T90/><D90/><U2/><E97/><V128/><F132/><W95/><G69/><N who="0" m="26123" /><D80/><N who="1" m="45063" /><E60/><N who="2" m="38279" /><F81/><W105/><G105/><T106/><D31/><U134/><E19/><V54/><F6/><W62/><G119/><N who="2" m="45609" /><F16/><W36/><G36/><T84/><D84/><U96/><E134/><V129/><F45/><W125/><G95/><T4/><D106/><U8/><E96/><N who="2" m="57359" /><F54/><W39/><G93/><T123/><D110/><U41/><E41/><V61/><F61/><W53/><G103/><T78/><D78/><U38/><E8/><V126/><F126/><W74/><G125/><T35/><AGARI ba="0,0" hai="3,4,9,27,30,35,73,75,120,122,123" m="26123" machi="35" ten="40,7800,0" yaku="23,1,52,2" doraHai="107" who="0" fromWho="0" sc="245,78,174,-26,252,-26,329,-26" />
</Scene>
<Scene>
<INIT seed="4,1,0,2,0,26" ten="323,148,226,303" oya="0" hai0="102,87,132,35,71,133,19,114,33,72,1,88,82" hai1="45,24,122,109,94,124,95,81,0,91,6,110,86" hai2="55,40,11,108,59,63,2,15,22,57,29,135,99" hai3="76,20,129,103,80,4,47,98,8,56,52,14,68"/><T117/><D117/><U85/><E122/><V79/><F108/><W125/><G68/><T9/><D71/><U58/><E124/><V107/><F135/><N who="0" m="51786" /><D114/><U28/><E45/><V120/><F120/><W64/><G125/><T10/><D72/><U38/><E38/><V36/><F2/><W12/><G129/><T89/><D102/><U128/><E128/><V37/><F79/><W115/><G115/><T41/><D41/><U75/><E58/><V48/><F99/><W119/><G64/><T17/><D89/><U106/><E106/><V3/><F107/><W13/><G47/><T73/><D73/><U84/><E75/><V43/><F3/><W18/><G119/><T49/><D49/><U93/><E109/><V62/><F36/><W74/><G103/><T50/><D50/><U83/><E110/><V30/><F22/><W116/><G98/><T67/><D67/><U126/><E126/><V127/><F127/><W70/><G70/><T111/><D111/><U46/><E46/><N who="2" m="25695" /><F40/><W90/><G90/><T42/><D42/><U27/><E6/><N who="2" m="3575" /><F37/><W105/><G105/><T5/><D10/><U134/><E0/><V69/><F69/><W61/><G116/><T60/><D60/><U21/><E134/><V100/><F100/><W123/><G123/><T96/><D96/><U39/><E39/><V51/><F51/><W112/><G112/><T118/><D118/><U32/><REACH who="1" step="1"/><E91/><REACH who="1" ten="323,138,226,303" step="2"/><V113/><F113/><W131/><G131/><T121/><D121/><U53/><E53/><AGARI ba="1,1" hai="29,30,53,55,57,59,62,63" m="3575,25695" machi="53" ten="30,3900,0" yaku="8,1,52,2" doraHai="26" who="2" fromWho="1" sc="323,0,138,-42,226,52,303,0" />
</Scene>
<Scene>
<INIT seed="5,0,0,0,1,63" ten="323,96,278,303" oya="1" hai0="82,39,8,25,24,114,100,43,113,127,18,95,4" hai1="17,37,44,115,80,79,125,61,32,1,130,96,112" hai2="47,28,89,91,26,93,110,50,103,106,15,88,30" hai3="77,12,90,72,64,85,21,19,11,97,75,38,23"/><U86/><E32/><V92/><F110/><W46/><G97/><N who="0" m="59455" /><D127/><U71/><E125/><V129/><F129/><W135/><G135/><T54/><D43/><N who="1" m="22639" /><E1/><V62/><F62/><W120/><G120/><T68/><D68/><U3/><E3/><V49/><F106/><W40/><G77/><T45/><D82/><U5/><E5/><V105/><F105/><W65/><G23/><T9/><D39/><U124/><E124/><V0/><F0/><W16/><G75/><T48/><D4/><U41/><E41/><V87/><F103/><W118/><G72/><T108/><D108/><U52/><E130/><V122/><F122/><W59/><G59/><T10/><D18/><U51/><E96/><V13/><F91/><W36/><G36/><T6/><D6/><U22/><E61/><V117/><F117/><W131/><G118/><T29/><D29/><U111/><E71/><V104/><F104/><W7/><G19/><T76/><D76/><U83/><E111/><V134/><F134/><W57/><G57/><T98/><D98/><U78/><E78/><V14/><F26/><W66/><G131/><T116/><D116/><U132/><E132/><V33/><F33/><W60/><G60/><T84/><D84/><U70/><E70/><V102/><F102/><W20/><REACH who="3" step="1"/><G7/><REACH who="3" ten="323,96,278,293" step="2"/><T119/><D119/><U58/><E79/><V69/><F69/><W67/><N who="3" m="16384" /><DORA hai="94" /><W121/><G121/><T99/><D99/><U35/><E35/><V81/><F30/><W126/><G126/><T73/><D73/><U42/><E17/><V109/><F28/><W74/><G74/><RYUUKYOKU ba="0,1" sc="323,15,96,-15,278,-15,293,15" hai0="8,9,10,24,25,45,48,54,113,114" hai3="11,12,16,20,21,38,40,46,85,90" />
</Scene>
<Scene>
<INIT seed="6,1,1,1,2,42" ten="338,81,263,308" oya="2" hai0="38,108,123,35,45,31,27,134,94,116,50,128,54" hai1="58,2,60,78,87,22,104,96,89,90,135,72,62" hai2="120,51,71,24,10,63,124,13,105,20,73,113,43" hai3="132,68,69,99,109,57,107,102,133,48,118,127,112"/><V79/><F120/><W74/><G109/><T119/><D108/><U100/><E135/><N who="3" m="51786" /><G118/><N who="0" m="45099" /><D128/><U19/><E2/><V52/><F105/><W75/><G127/><T64/><D134/><U47/><E72/><N who="3" m="27690" /><G112/><T1/><D123/><U28/><E28/><V82/><F113/><W46/><G57/><T5/><D38/><U34/><E34/><V0/><F124/><W37/><G37/><T55/><D64/><U103/><E78/><V67/><F0/><W56/><G56/><T21/><D94/><U49/><E103/><V9/><F43/><AGARI ba="1,1" hai="43,46,48,68,69,99,102,107" m="27690,51786" machi="43" ten="30,2000,0" yaku="20,1,52,1" doraHai="42" who="3" fromWho="2" sc="338,0,81,0,263,-23,308,33" />
</Scene>
<Scene>
<INIT seed="7,0,0,2,2,97" ten="338,81,240,341" oya="3" hai0="117,116,13,69,19,34,14,9,105,3,65,89,123" hai1="42,26,130,39,25,131,5,15,11,113,80,24,38" hai2="90,128,29,91,83,127,31,135,56,50,36,61,70" hai3="59,112,62,122,124,27,16,46,48,58,84,10,76"/><W78/><G122/><T73/><D123/><U119/><E80/><V52/><F135/><W30/><G112/><T132/><D3/><U40/><E119/><V49/><F128/><W55/><G124/><T47/><D34/><U82/><E82/><V86/><F127/><W7/><G16/><T96/><D73/><U103/><E113/><V115/><F115/><W0/><G84/><T8/><D132/><U72/><E72/><V41/><F49/><W66/><G46/><T106/><D47/><U81/><E81/><V2/><F2/><W85/><G85/><T88/><D65/><U74/><E74/><V6/><F6/><W17/><G17/><T54/><D69/><U1/><E1/><V100/><F91/><W28/><G28/><T44/><D54/><U125/><E125/><V57/><F57/><W60/><G48/><T37/><D44/><U111/><E111/><V109/><F109/><W64/><G55/><T77/><D37/><U71/><E71/><V95/><F36/><W99/><G99/><T53/><D53/><U33/><E33/><AGARI ba="0,0" hai="0,7,10,27,30,33,58,59,60,62,64,66,76,78" machi="33" ten="30,2900,0" yaku="7,1,9,1" doraHai="97" who="3" fromWho="1" sc="338,0,81,-29,240,0,341,29" owari="338,14.0,52,-45.0,240,-16.0,370,47.0" />
</Scene>
</mjloggm>