<mjloggm ver="2.3"><GO type="169" lobby="0"/><UN n0="%77%68%69%74%65%72" n1="%E5%A4%AA%E3%81%8F%E3%81%AA%E3%81%84%E3%81%8A" n2="%E3%83%90%E3%83%90%E3%82%A2%E3%81%AE%E6%97%A5%E5%82%98" n3="%4B%55%5A%55" dan="16,18,17,16" rate="2112.58,2193.68,2170.02,2104.64" sx="M,M,F,M"/><TAIKYOKU oya="0"/>

<Scene>
<INIT seed="0,0,0,1,1,61" ten="250,250,250,250" oya="0" hai0="49,3,100,24,13,83,115,27,34,105,51,10,117" hai1="127,101,85,8,120,87,20,42,102,73,71,98,36" hai2="48,118,89,112,39,128,25,90,109,107,31,35,77" hai3="26,78,79,40,84,41,80,44,14,123,21,81,121"/><T45/><D117/><U53/><E73/><V6/><F109/><W86/><G14/><T95/><D115/><U12/><E71/><V116/><F39/><W7/><G7/><T64/><D3/><U17/><E120/><V66/><F107/><W88/><G88/><T94/><D105/><U19/><E127/><V58/><F112/><W2/><G2/><T110/><D110/><U4/><E36/><V93/><F77/><W0/><G0/><T57/><D83/><U113/><E42/><V65/><F6/><W54/><G54/><N who="0" m="29999" /><D34/><U59/><E113/><V96/><F89/><W124/><G124/><T131/><D131/><U70/><E70/><V33/><F33/><W69/><G69/><T50/><D50/><N who="1" m="31159" /><E4/><V129/><F48/><W56/><G56/><T29/><D29/><U63/><E63/><V135/><F58/><W68/><G68/><T16/><D100/><N who="1" m="38507" /><E98/><V28/><F135/><W92/><G92/><N who="0" m="35371" /><D51/><U15/><AGARI ba="0,0" hai="8,12,15,17,19,20,85,87" m="38507,31159" machi="15" ten="30,1100,0" yaku="8,1" doraHai="61" who="1" fromWho="1" sc="250,-5,250,11,250,-3,250,-3" />
</Scene>
<Scene>
<INIT seed="1,0,0,4,1,83" ten="245,261,247,247" oya="1" hai0="39,12,92,68,69,34,121,17,48,72,119,8,66" hai1="89,13,20,81,77,94,98,111,67,22,134,70,85" hai2="135,28,101,116,84,31,38,53,113,73,117,9,56" hai3="4,99,41,50,15,33,2,26,107,126,91,32,43"/><U11/><E134/><V86/><F73/><W79/><G2/><T57/><D119/><U36/><E36/><V115/><F38/><W55/><G79/><T58/><D39/><U90/><E111/><V59/><F101/><W37/><G37/><T131/><D72/><U1/><E1/><V130/><F9/><W35/><G26/><T3/><D34/><U64/><E70/><V96/><F96/><W80/><G126/><T128/><D121/><U100/><E22/><V62/><F135/><W18/><G4/><T71/><D3/><U109/><E20/><V125/><F125/><W6/><G6/><T16/><D17/><N who="1" m="8383" /><E109/><V123/><F123/><W122/><G122/><T93/><D66/><AGARI ba="0,0" hai="64,66,67,77,81,85,89,90,94,98,100" m="8383" machi="66" ten="30,2900,0" yaku="8,1,52,1" doraHai="83" who="1" fromWho="0" sc="245,-29,261,29,247,0,247,0" />
</Scene>
<Scene>
<INIT seed="1,1,0,4,4,45" ten="216,290,247,247" oya="1" hai0="40,129,92,14,74,7,88,54,123,111,79,105,133" hai1="117,110,115,78,15,46,71,101,89,65,47,122,17" hai2="1,18,12,0,128,83,113,34,96,38,66,28,127" hai3="80,130,135,33,27,44,108,26,84,100,5,102,106"/><U82/><E115/><V20/><F38/><W36/><G108/><T70/><D111/><U87/><E110/><V69/><F69/><W73/><G73/><T41/><D105/><U11/><E117/><V49/><F66/><W42/><G130/><T77/><D70/><U22/><E122/><V93/><F128/><W24/><G106/><T16/><D123/><U119/><E119/><V10/><F127/><W94/><G33/><T91/><D129/><U3/><E101/><V19/><F34/><W63/><G135/><T103/><D7/><U60/><E3/><V8/><F28/><W126/><G126/><T104/><D133/><U131/><E131/><V55/><F83/><W97/><G5/><T98/><D54/><U30/><E30/><V52/><F55/><W39/><G63/><T21/><D91/><U6/><REACH who="1" step="1"/><E89/><REACH who="1" ten="216,280,247,247" step="2"/><V67/><F113/><W50/><REACH who="3" step="1"/><G102/><REACH who="3" ten="216,280,247,237" step="2"/><T81/><REACH who="0" step="1"/><D79/><AGARI ba="1,2" hai="24,26,27,36,39,42,44,50,79,80,84,94,97,100" machi="79" ten="40,5200,0" yaku="1,1,2,1,52,1,53,0" doraHai="45" doraHaiUra="86" who="3" fromWho="0" sc="216,-55,280,0,247,0,237,75" />
</Scene>
<Scene>
<INIT seed="2,0,0,2,1,78" ten="161,280,247,312" oya="2" hai0="37,63,71,130,107,77,56,6,21,129,86,36,52" hai1="45,64,54,50,88,126,42,41,9,90,92,40,1" hai2="33,122,48,16,0,76,118,121,87,65,55,29,133" hai3="108,46,82,72,51,53,3,91,44,69,14,101,30"/><V35/><F0/><W110/><G3/><T117/><D107/><U83/><E126/><V58/><F118/><W27/><G69/><T22/><D117/><U75/><E64/><V43/><F133/><W68/><G68/><T31/><D71/><U79/><REACH who="1" step="1"/><E92/><REACH who="1" ten="161,270,247,312" step="2"/><V119/><F65/><W8/><G108/><T93/><D93/><U135/><E135/><V59/><F119/><W10/><G110/><T12/><D130/><U134/><E134/><V80/><F121/><W132/><G132/><T100/><D129/><U32/><E32/><V26/><F122/><W34/><G34/><T19/><D6/><AGARI ba="0,1" hai="1,6,9,40,41,42,45,50,54,75,79,83,88,90" machi="6" ten="40,5200,0" yaku="1,1,52,1,54,1,53,0" doraHai="78" doraHaiUra="17" who="1" fromWho="0" sc="161,-52,270,62,247,0,312,0" />
</Scene>
<Scene>
<INIT seed="3,0,0,4,4,103" ten="109,332,247,312" oya="3" hai0="82,63,113,6,75,64,119,7,120,52,74,16,41" hai1="100,35,87,66,42,54,107,86,94,48,14,92,129" hai2="72,133,49,132,55,2,30,19,29,83,65,57,106" hai3="25,40,60,45,116,95,39,9,15,70,79,130,58"/><W115/><G116/><T59/><D119/><U101/><E35/><V73/><F2/><W53/><G115/><T5/><D120/><U111/><E42/><V96/><F65/><W98/><G130/><T31/><D113/><U47/><E129/><V24/><F19/><W17/><G79/><T90/><D31/><N who="2" m="11786" /><F83/><W124/><G124/><T34/><D34/><U4/><E66/><V21/><F21/><W62/><G25/><T84/><D41/><U97/><E111/><V50/><F50/><W27/><G27/><T71/><REACH who="0" step="1"/><D16/><REACH who="0" ten="99,332,247,312" step="2"/><U0/><E4/><V36/><F24/><W28/><G28/><T44/><D44/><U109/><E47/><V135/><F36/><W125/><G125/><T43/><D43/><U127/><E127/><V1/><F135/><W67/><G17/><T121/><D121/><U76/><E109/><V122/><F133/><W102/><G9/><T3/><D3/><U105/><E0/><V32/><F132/><W11/><G11/><T20/><D20/><U13/><E14/><V114/><F122/><W99/><G15/><T81/><D81/><U126/><E13/><V10/><F114/><W51/><G39/><T38/><D38/><U134/><E134/><V37/><F37/><W104/><G40/><T128/><D128/><U117/><E117/><V78/><F32/><W77/><G45/><T61/><AGARI ba="0,1" hai="5,6,7,52,59,61,63,64,71,74,75,82,84,90" machi="61" ten="30,4000,0" yaku="1,1,0,1,54,1,53,0" doraHai="103" doraHaiUra="8" who="0" fromWho="0" sc="99,50,332,-10,247,-10,312,-20" />
</Scene>
<Scene>
<INIT seed="4,0,0,0,1,135" ten="149,322,237,292" oya="0" hai0="18,119,117,53,62,69,35,19,49,133,91,42,98" hai1="131,9,97,6,79,127,112,51,129,31,103,61,13" hai2="5,44,2,38,15,100,128,78,108,120,74,50,95" hai3="27,48,92,1,33,17,11,36,0,80,67,43,32"/><T41/><D133/><U56/><E31/><V23/><F2/><W111/><G36/><T114/><D35/><U121/><E121/><V126/><F108/><W37/><G37/><T75/><D75/><U107/><E79/><V110/><F38/><W45/><G111/><T70/><D114/><U14/><E112/><V105/><F105/><W99/><G67/><T68/><D62/><U86/><E86/><V59/><F128/><N who="1" m="49225" /><E51/><V28/><F78/><W54/><G80/><T39/><D39/><U21/><E21/><V124/><F74/><W20/><G43/><T125/><D117/><U88/><E88/><V22/><F59/><W130/><G130/><T77/><D77/><U60/><E14/><V63/><F63/><N who="1" m="24137" /><E56/><V76/><F76/><W84/><G84/><T29/><D119/><U3/><E13/><V134/><F120/><W82/><G82/><T26/><D42/><U94/><E94/><V90/><F134/><W102/><G1/><T25/><D41/><U34/><E34/><V46/><F110/><W113/><G113/><T96/><D69/><U73/><E73/><V104/><F104/><W52/><G0/><T47/><D29/><U57/><E57/><V55/><F46/><N who="3" m="27671" /><G11/><T4/><D47/><U115/><E115/><V87/><F28/><W122/><G122/><T16/><D70/><U7/><E7/><V132/><F132/><W123/><G123/><T118/><D68/><U66/><E66/><V83/><F5/><W10/><G10/><T40/><D4/><U12/><E3/><V72/><F72/><W65/><G65/><T30/><D118/><RYUUKYOKU ba="0,0" sc="149,-15,322,15,237,-15,292,15" hai1="6,9,12,97,103,107,127" hai3="17,20,27,32,33,45,54,92,99,102" />
</Scene>
<Scene>
<INIT seed="5,1,0,4,1,65" ten="134,337,222,307" oya="1" hai0="73,22,117,119,75,2,32,0,90,21,111,62,81" hai1="127,19,86,76,54,124,83,39,123,128,30,74,99" hai2="114,25,93,58,103,122,125,31,55,129,45,28,131" hai3="115,100,108,92,66,4,91,112,96,95,135,34,36"/><U105/><E39/><V59/><F122/><W46/><G34/><T40/><D32/><U130/><E30/><V113/><F45/><W132/><G4/><T52/><D40/><U15/><E54/><V29/><F25/><W10/><G10/><T88/><D62/><U33/><E33/><V49/><F59/><W3/><G3/><T118/><D111/><U97/><E19/><V56/><F56/><W11/><G11/><T134/><D81/><N who="1" m="45207" /><E15/><V106/><F106/><W37/><G66/><T110/><D110/><U94/><E105/><V9/><F125/><N who="1" m="48201" /><E123/><V102/><F9/><W47/><G108/><T14/><D14/><U38/><E38/><N who="3" m="14954" /><G47/><T89/><D52/><U27/><E27/><V104/><F104/><W64/><G46/><T41/><D41/><U69/><E69/><V121/><F121/><W8/><G64/><T50/><D50/><U98/><E94/><V71/><F93/><W60/><G60/><T44/><D44/><U101/><E101/><N who="2" m="38411" /><F71/><W68/><G68/><T13/><D134/><N who="3" m="51241" /><G8/><T116/><N who="0" m="29696" /><DORA hai="85" /><T70/><D70/><U48/><E48/><V57/><F58/><W20/><G20/><N who="0" m="7787" /><D13/><U61/><E61/><V133/><F133/><W79/><G100/><T87/><D87/><U78/><AGARI ba="1,0" hai="78,83,86,97,98,99,128,130" m="48201,45207" machi="78" ten="40,7800,0" yaku="18,1,34,2" doraHai="65,85" who="1" fromWho="1" sc="134,-27,337,81,222,-27,307,-27" />
</Scene>
<Scene>
<INIT seed="5,2,0,2,4,2" ten="107,418,195,280" oya="1" hai0="40,80,86,109,45,104,9,111,92,125,16,79,49" hai1="87,121,89,17,52,85,61,26,5,33,94,91,36" hai2="106,27,28,62,128,78,82,63,132,117,6,31,42" hai3="20,30,112,25,114,97,118,38,65,59,8,58,56"/><U7/><E36/><V1/><F106/><W131/><G38/><T110/><D104/><U19/><E121/><V60/><F117/><W15/><G131/><T77/><D125/><U35/><E26/><V75/><F128/><W115/><G118/><T133/><D133/><U127/><E127/><V90/><F132/><W39/><G39/><T4/><D92/><N who="1" m="54319" /><E33/><V71/><F31/><W105/><G65/><T44/><D44/><U99/><E35/><V101/><F101/><N who="3" m="62639" /><G58/><T23/><D79/><U113/><E99/><V57/><F42/><W41/><G41/><T47/><D47/><U81/><E81/><V29/><F29/><W93/><G93/><T22/><REACH who="0" step="1"/><D16/><AGARI ba="2,0" hai="8,15,16,20,25,30,56,59,112,114,115" m="62639" machi="16" ten="30,2000,0" yaku="15,1,54,1" doraHai="2" who="3" fromWho="0" sc="107,-26,418,0,195,0,280,26" />
</Scene>
<Scene>
<INIT seed="6,0,0,3,5,106" ten="81,418,195,306" oya="2" hai0="112,86,78,132,65,98,42,117,102,12,26,92,134" hai1="70,59,62,38,14,46,114,23,8,113,96,58,84" hai2="126,37,33,21,6,87,32,128,19,24,64,56,110" hai3="31,76,28,94,5,133,123,10,43,103,47,29,34"/><V69/><F69/><W61/><G133/><N who="0" m="51307" /><D42/><N who="1" m="22871" /><E23/><V11/><F126/><W129/><G76/><T17/><D65/><N who="1" m="41271" /><E84/><V52/><F128/><W95/><G129/><T15/><D26/><U90/><E90/><V0/><F110/><W49/><G34/><T27/><D27/><U79/><E96/><V100/><F100/><W104/><G123/><T89/><D17/><U99/><E99/><V18/><F37/><W71/><G103/><T48/><D48/><U66/><E79/><V9/><F64/><W72/><G104/><N who="0" m="63575" /><D12/><U36/><E66/><V63/><F87/><W80/><G10/><T81/><D15/><U93/><E93/><V88/><F11/><W74/><G94/><T45/><D45/><U75/><E75/><V22/><F88/><W2/><G95/><T111/><D111/><U119/><E119/><V53/><F53/><W130/><G47/><T55/><D55/><U68/><E68/><V120/><F120/><W127/><G71/><T124/><D124/><U108/><E108/><V97/><F19/><W85/><G127/><T44/><D44/><U115/><E36/><V105/><F22/><W3/><G130/><T25/><D25/><U54/><E54/><V40/><F32/><W83/><G28/><T4/><D4/><AGARI ba="0,0" hai="4,8,14,58,59,113,114,115" m="41271,22871" machi="4" ten="30,1000,0" yaku="15,1" doraHai="106" who="1" fromWho="0" sc="81,-10,418,10,195,0,306,0" />
</Scene>
<Scene>
<INIT seed="7,0,0,3,0,129" ten="71,428,195,306" oya="3" hai0="16,83,6,63,62,73,92,120,108,88,2,89,117" hai1="127,39,21,87,91,109,53,31,10,93,123,86,97" hai2="9,125,65,111,133,50,81,49,84,18,42,15,56" hai3="131,75,20,78,44,90,51,69,130,115,94,96,103"/><W107/><G69/><T36/><D120/><U67/><E39/><V24/><F111/><W128/><G20/><T105/><D105/><U82/><E109/><V104/><F104/><W14/><G14/><T40/><D117/><U132/><E123/><V102/><F125/><W101/><G51/><T25/><D108/><U52/><E127/><V66/><F102/><N who="3" m="62919" /><G44/><T7/><D2/><U59/><E86/><V3/><F133/><W99/><G115/><T114/><D114/><U100/><E132/><V46/><F3/><W27/><G27/><T106/><D106/><U85/><E85/><V41/><F24/><W29/><G29/><T68/><D68/><U60/><E10/><V0/><F0/><W134/><G134/><T57/><D40/><N who="2" m="15466" /><F56/><W28/><G28/><T1/><D36/><U34/><E34/><V126/><F126/><W116/><G116/><T61/><D1/><U55/><E21/><V58/><F58/><W47/><G47/><T26/><D57/><N who="1" m="37263" /><E31/><V45/><F45/><W79/><G75/><T11/><D73/><U12/><E12/><V22/><F22/><W43/><G43/><T71/><D71/><U19/><E19/><V48/><F46/><W110/><G110/><T8/><D16/><U76/><E59/><V122/><F122/><W4/><G4/><T119/><D119/><U33/><E33/><V5/><F18/><W17/><G17/><T112/><D112/><U121/><E121/><V77/><AGARI ba="0,0" hai="5,9,15,48,49,50,65,66,77,81,84" m="15466" machi="77" ten="30,1100,0" yaku="8,1" doraHai="129" who="2" fromWho="2" sc="71,-3,428,-3,195,11,306,-5" owari="68,-43.0,425,52.0,206,-19.0,301,10.0" />
</Scene>
</mjloggm>