<mjloggm ver="2.3"><GO type="169" lobby="0"/><UN n0="%E5%A4%AA%E3%81%8F%E3%81%AA%E3%81%84%E3%81%8A" n1="%73%68%61%6F" n2="%E7%80%AC%E5%B0%BE%E9%9D%99%E9%9F%B3" n3="%E3%81%87%E3%82%8B%E3%81%87%E3%82%8B" dan="17,16,17,16" rate="2189.24,2116.77,2085.75,2073.19" sx="M,M,F,M"/><TAIKYOKU oya="0"/>

<Scene>
<INIT seed="0,0,0,4,4,67" ten="250,250,250,250" oya="0" hai0="19,35,20,78,111,56,55,17,106,27,43,97,103" hai1="124,80,98,95,26,108,112,45,74,3,61,129,93" hai2="49,22,94,63,87,126,90,122,116,24,123,73,120" hai3="30,10,72,29,16,6,128,130,114,59,39,42,113"/><T105/><D111/><U11/><E108/><V82/><F126/><W28/><G72/><T102/><D43/><U132/><E124/><V53/><F116/><W118/><G42/><T115/><D115/><U12/><E3/><V110/><F110/><W18/><G39/><T38/><D38/><U85/><E74/><V109/><F109/><W1/><G59/><T99/><D35/><U64/><E129/><N who="3" m="49770" /><G118/><T31/><REACH who="0" step="1"/><D78/><REACH who="0" ten="240,250,250,250" step="2"/><U133/><E112/><AGARI ba="0,1" hai="1,6,10,16,18,28,29,30,112,113,114" m="49770" machi="112" ten="40,8000,1" yaku="19,1,34,2,54,1" doraHai="67" who="3" fromWho="1" sc="240,0,250,-80,250,0,250,90" />
</Scene>
<Scene>
<INIT seed="1,0,0,3,1,39" ten="240,170,250,340" oya="1" hai0="89,21,61,14,69,118,43,101,40,76,75,83,27" hai1="130,17,126,99,50,125,37,72,7,24,132,53,74" hai2="70,108,116,81,2,82,66,107,12,97,91,100,13" hai3="26,120,115,41,58,25,90,33,4,98,44,87,112"/><U20/><E37/><V94/><F2/><W1/><G120/><T34/><D118/><U29/><E130/><V67/><F116/><W134/><G134/><T52/><D101/><U42/><E132/><V93/><F108/><W31/><G98/><T23/><D34/><U109/><E109/><V45/><F107/><W88/><G26/><T55/><D14/><N who="2" m="5738" /><F70/><W16/><G58/><N who="0" m="35015" /><D75/><U79/><E7/><V127/><F45/><W124/><G124/><N who="1" m="47722" /><E42/><N who="0" m="15913" /><D69/><U131/><E131/><V96/><F127/><W129/><G129/><T80/><D76/><U22/><E99/><V104/><F104/><W28/><G33/><T60/><D89/><U9/><E9/><V71/><F71/><W122/><G122/><T35/><D35/><U57/><E79/><V15/><F15/><AGARI ba="0,0" hai="15,17,20,22,24,29,50,53,57,72,74" m="47722" machi="15" ten="30,1500,0" yaku="18,1" doraHai="39" who="1" fromWho="2" sc="240,0,170,15,250,-15,340,0" />
</Scene>
<Scene>
<INIT seed="1,1,0,4,5,72" ten="240,185,235,340" oya="1" hai0="54,116,91,62,6,96,123,52,12,89,53,81,30" hai1="95,112,10,28,24,108,59,65,16,49,120,83,60" hai2="114,106,128,125,78,20,32,37,102,111,25,44,19" hai3="35,94,9,115,85,122,22,39,105,107,77,69,58"/><U133/><E112/><V42/><F114/><W117/><G35/><T14/><D116/><U48/><E120/><V67/><F111/><W103/><G69/><T98/><D123/><U51/><E108/><V64/><F128/><W8/><G39/><T124/><D124/><U74/><E133/><V18/><F125/><W56/><G22/><T135/><D135/><U119/><E119/><V66/><F32/><W63/><G103/><T71/><D30/><U110/><E110/><V41/><F41/><W15/><G117/><T99/><D6/><U43/><E95/><V3/><F3/><W2/><G2/><T46/><D46/><U97/><E97/><V76/><REACH who="2" step="1"/><F19/><REACH who="2" ten="240,185,225,340" step="2"/><W109/><G109/><T127/><D127/><U70/><E43/><V100/><F100/><W33/><G33/><T131/><D131/><U27/><E28/><V31/><F31/><W130/><G130/><T11/><D11/><U75/><E10/><V90/><F90/><W36/><G9/><T101/><D101/><U5/><E5/><V50/><F50/><W4/><G8/><T84/><D91/><U13/><E51/><V55/><F55/><W73/><G4/><T57/><REACH who="0" step="1"/><D71/><REACH who="0" ten="230,185,225,340" step="2"/><U79/><E70/><V7/><F7/><W118/><G122/><T80/><D80/><U17/><E83/><V86/><F86/><W82/><G85/><T23/><D23/><U68/><E68/><V126/><F126/><W129/><G129/><T21/><D21/><U40/><E75/><V93/><F93/><W104/><G94/><T1/><D1/><U45/><E74/><V26/><F26/><RYUUKYOKU ba="1,2" sc="230,15,185,-15,225,15,340,-15" hai0="12,14,52,53,54,57,62,81,84,89,96,98,99" hai2="18,20,25,37,42,44,64,66,67,76,78,102,106" />
</Scene>
<Scene>
<INIT seed="2,2,2,3,5,6" ten="245,170,240,325" oya="2" hai0="71,50,13,12,128,119,107,3,48,53,55,133,39" hai1="18,111,45,101,99,82,91,0,21,81,103,102,15" hai2="61,130,52,29,132,120,33,106,26,75,84,127,65" hai3="14,27,28,86,112,32,76,35,121,109,19,25,63"/><V113/><F113/><W108/><G63/><T92/><D3/><U2/><E111/><V93/><F120/><W72/><G72/><T85/><D107/><U87/><E99/><V118/><F118/><W89/><G76/><T73/><D73/><U11/><E82/><V104/><F75/><W16/><G121/><T10/><D39/><U41/><REACH who="1" step="1"/><E21/><REACH who="1" ten="245,160,240,325" step="2"/><N who="2" m="15567" /><F106/><W122/><G122/><T129/><D119/><U34/><E34/><V64/><F33/><W43/><G35/><T24/><D129/><U80/><E80/><V105/><F104/><W134/><G32/><T7/><D128/><U125/><E125/><V40/><F105/><W114/><G109/><T70/><D92/><U58/><E58/><N who="2" m="35015" /><F127/><W124/><G108/><T88/><D70/><U68/><E68/><V94/><F130/><W49/><G124/><T117/><D71/><U115/><E115/><V51/><F94/><W20/><G114/><T135/><D117/><U57/><E57/><V8/><F93/><W98/><G112/><T46/><D135/><U44/><E44/><N who="2" m="25991" /><F132/><W23/><G134/><T5/><D133/><U74/><E74/><V83/><F84/><W79/><G86/><T116/><D116/><U110/><E110/><V4/><F83/><W131/><G131/><T37/><D85/><U54/><E54/><V123/><F123/><W9/><G98/><T62/><D53/><U47/><E47/><V96/><F96/><W56/><G56/><T97/><D46/><U59/><E59/><V30/><F30/><W22/><G28/><T90/><D97/><U60/><E60/><V67/><F67/><RYUUKYOKU ba="2,3" sc="245,-15,160,15,240,15,325,-15" hai1="0,2,11,15,18,41,45,81,87,91,101,102,103" hai2="4,8,64,65" />
</Scene>
<Scene>
<INIT seed="2,3,3,1,1,96" ten="230,175,255,310" oya="2" hai0="35,98,13,33,106,34,41,22,29,122,90,87,21" hai1="94,104,30,14,80,109,66,127,92,11,126,9,79" hai2="67,37,19,0,131,8,107,116,84,62,25,64,7" hai3="114,111,42,124,82,44,103,28,2,72,135,38,53"/><V113/><F113/><W45/><G2/><T50/><D122/><U123/><E104/><V73/><F73/><W10/><G10/><T129/><D129/><U16/><E123/><V130/><F116/><W4/><G4/><T63/><D63/><U88/><E109/><V1/><F37/><W49/><G103/><T77/><D77/><U101/><E30/><V54/><F107/><W68/><G28/><T58/><D29/><U48/><E66/><V85/><F1/><W3/><G82/><T20/><D13/><U51/><E9/><V99/><F99/><W75/><G3/><T56/><D41/><U76/><E76/><V24/><F54/><W31/><G31/><T59/><D50/><N who="1" m="18987" /><E101/><V57/><F64/><W115/><G111/><T23/><N who="0" m="5632" /><DORA hai="134" /><T52/><D106/><U132/><E88/><V69/><F69/><W32/><G32/><T112/><D112/><N who="3" m="43049" /><G135/><T74/><D74/><N who="3" m="28201" /><G68/><T61/><REACH who="0" step="1"/><D98/><REACH who="0" ten="220,175,255,310" step="2"/><U121/><E121/><V83/><F131/><W89/><G89/><T120/><D120/><U119/><E132/><V5/><F130/><W78/><G78/><T133/><D133/><U6/><E119/><V65/><F0/><W12/><G12/><T39/><D39/><U128/><E128/><V95/><F25/><W125/><AGARI ba="3,4" hai="38,42,44,45,49,53,124,125" m="28201,43049" machi="125" ten="40,5200,0" yaku="11,1,52,2" doraHai="96,134" who="3" fromWho="3" sc="220,-16,175,-16,255,-29,310,101" />
</Scene>
<Scene>
<INIT seed="3,0,0,5,0,93" ten="204,159,226,411" oya="3" hai0="5,6,82,32,22,101,106,124,50,135,96,128,120" hai1="26,86,53,29,36,9,46,132,17,12,65,24,95" hai2="112,78,84,54,118,87,33,109,3,85,23,80,40" hai3="121,103,0,102,56,110,94,20,15,126,30,38,89"/><W31/><G0/><T122/><D32/><U74/><E74/><V39/><F33/><W35/><G121/><T81/><D124/><U52/><E132/><V90/><F112/><W123/><G123/><T73/><D135/><U68/><E24/><V58/><F118/><W66/><G38/><T60/><D128/><U1/><E1/><V16/><F3/><W104/><G35/><T133/><D133/><U48/><E36/><V71/><F71/><W92/><G104/><T97/><D60/><U75/><E75/><V127/><F109/><W125/><G110/><T115/><D115/><U72/><E72/><V77/><F127/><W8/><G56/><T34/><D34/><U57/><E65/><V49/><F40/><W79/><G66/><T11/><D22/><U108/><E68/><V10/><F10/><W47/><G79/><N who="2" m="30217" /><F39/><W117/><G117/><T27/><D73/><U69/><E69/><V99/><F99/><W25/><G31/><T51/><D27/><AGARI ba="0,0" hai="16,23,27,49,54,58,80,84,85,87,90" m="30217" machi="27" ten="30,2000,0" yaku="8,1,54,1" doraHai="93" who="2" fromWho="0" sc="204,-20,159,0,226,20,411,0" />
</Scene>
<Scene>
<INIT seed="4,0,0,4,0,134" ten="184,159,246,411" oya="0" hai0="49,77,115,103,31,18,42,9,122,90,104,58,17" hai1="125,3,70,41,128,48,67,35,28,133,2,135,0" hai2="55,29,76,69,132,65,100,21,64,83,43,88,85" hai3="59,22,105,95,78,81,46,107,34,129,20,108,61"/><T51/><D122/><U40/><E128/><V23/><F43/><W15/><G34/><T117/><D117/><U14/><E14/><V30/><F100/><W94/><G108/><T130/><D77/><U79/><E79/><V56/><F76/><W38/><G38/><T106/><D31/><N who="2" m="11786" /><F69/><W16/><G46/><T32/><D32/><U24/><E48/><N who="2" m="30823" /><F132/><N who="1" m="50761" /><E41/><V33/><F33/><W120/><G107/><T1/><D130/><U91/><E91/><V84/><F84/><W97/><G120/><T6/><D103/><U119/><E40/><V113/><F113/><W54/><G22/><AGARI ba="0,0" hai="21,22,23,64,65,83,85,88" m="30823,11786" machi="22" ten="30,2000,0" yaku="8,1,54,1" doraHai="134" who="2" fromWho="3" sc="184,0,159,0,246,20,411,-20" />
</Scene>
<Scene>
<INIT seed="5,0,0,0,0,16" ten="184,159,266,391" oya="1" hai0="10,82,15,130,47,13,134,104,105,75,28,100,108" hai1="49,73,77,68,113,32,119,122,46,59,99,7,114" hai2="125,103,60,106,17,92,84,27,102,127,53,63,65" hai3="56,22,124,69,131,62,116,36,133,34,88,1,45"/><U25/><E68/><V50/><F106/><W94/><G34/><T8/><D108/><U2/><E119/><V110/><F110/><W70/><G1/><T29/><D130/><U79/><E122/><V24/><F84/><W81/><G133/><T31/><D134/><U58/><E99/><N who="2" m="59751" /><F103/><W98/><G124/><N who="2" m="47689" /><F17/><W76/><G131/><T101/><D47/><U39/><E7/><V43/><F43/><W30/><G45/><T40/><D29/><U6/><E39/><V44/><F63/><W109/><G36/><T37/><D37/><U128/><E128/><V85/><F85/><W121/><G109/><T3/><D40/><U51/><E6/><V64/><F64/><W33/><G116/><T111/><D111/><U118/><E2/><V14/><F14/><W112/><G121/><T38/><D38/><U55/><E118/><V115/><F115/><N who="1" m="44041" /><E73/><V120/><F120/><W57/><G112/><T93/><D3/><U132/><E132/><V12/><F12/><W61/><G70/><AGARI ba="0,0" hai="24,27,44,50,53,60,65,70" m="47689,59751" machi="70" ten="30,1000,0" yaku="18,1" doraHai="16" who="2" fromWho="3" sc="184,0,159,0,266,10,391,-10" />
</Scene>
<Scene>
<INIT seed="6,0,0,0,5,135" ten="184,159,276,381" oya="2" hai0="108,46,96,56,10,6,59,64,106,131,94,93,125" hai1="87,111,54,130,9,70,110,78,3,8,82,66,58" hai2="20,83,4,16,53,71,102,117,2,48,0,90,62" hai3="76,18,129,42,89,68,91,44,69,86,127,52,7"/><V119/><F102/><W107/><G107/><T85/><D108/><U43/><E43/><V67/><F119/><W114/><G114/><T34/><D34/><U5/><E130/><V105/><F105/><W74/><G7/><T57/><D131/><U123/><E123/><V30/><F30/><W22/><G74/><T113/><D113/><U134/><E134/><V15/><F4/><W23/><G76/><T27/><D27/><U79/><E79/><V50/><F50/><W24/><G42/><T32/><D32/><U51/><REACH who="1" step="1"/><E9/><REACH who="1" ten="184,149,276,381" step="2"/><V26/><F117/><W45/><G129/><T39/><D10/><U132/><E132/><V41/><F41/><W98/><G69/><T37/><D37/><U33/><E33/><V112/><F112/><W116/><G68/><T103/><D39/><U73/><E73/><V81/><F71/><W80/><G116/><T128/><D128/><U104/><E104/><V99/><F0/><W25/><G23/><T115/><D115/><U36/><E36/><V49/><F2/><W75/><G22/><T63/><D106/><U118/><E118/><V60/><F20/><W29/><G75/><T126/><D6/><U40/><E40/><V101/><F15/><W121/><G121/><T13/><D13/><U84/><E84/><V100/><F26/><W109/><G25/><T38/><D38/><U61/><AGARI ba="0,1" hai="3,5,8,51,54,58,61,66,70,78,82,87,110,111" machi="61" ten="30,2000,0" yaku="1,1,0,1,53,0" doraHai="135" doraHaiUra="88" who="1" fromWho="1" sc="184,-5,149,30,276,-10,381,-5" />
</Scene>
<Scene>
<INIT seed="7,0,0,5,5,58" ten="179,179,266,376" oya="3" hai0="42,36,74,44,72,16,133,7,73,75,48,124,62" hai1="71,88,22,119,132,123,81,111,12,85,37,8,101" hai2="113,103,105,35,110,91,108,10,31,134,61,52,20" hai3="67,17,27,60,9,97,92,41,0,55,104,25,69"/><W46/><G104/><T11/><N who="0" m="18944" /><DORA hai="93" /><T21/><D133/><U1/><E111/><V98/><F35/><W78/><G78/><T109/><D109/><U121/><E132/><V15/><F134/><W115/><G55/><T14/><D124/><U99/><E37/><V24/><F113/><W114/><G0/><T131/><D131/><U47/><E71/><V26/><F26/><W112/><G9/><T30/><D30/><U29/><E119/><V43/><F43/><W65/><G65/><T122/><D122/><U135/><E135/><V106/><F91/><N who="3" m="55455" /><G17/><T49/><REACH who="0" step="1"/><D62/><REACH who="0" ten="169,179,266,376" step="2"/><U50/><E29/><N who="2" m="17543" /><F61/><W102/><G60/><T5/><D5/><U51/><E123/><V126/><F31/><W90/><G115/><T128/><D128/><U45/><E121/><V80/><F126/><W94/><G114/><T95/><D95/><N who="1" m="58623" /><E1/><AGARI ba="0,1" hai="1,7,11,14,16,21,36,42,44,48,49" m="18944" machi="1" ten="70,4500,0" yaku="1,1,54,1,53,0" doraHai="58,93" doraHaiUra="57,129" who="0" fromWho="1" sc="169,55,179,-45,266,0,376,0" owari="224,-18.0,134,-37.0,266,7.0,376,48.0" />
</Scene>
</mjloggm>