<mjloggm ver="2.3"><GO type="233" lobby="0"/><UN n0="%E5%A4%AA%E3%81%8F%E3%81%AA%E3%81%84%E3%81%8A" n1="%46%75%6B%61%74%73%75%72" n2="%E3%83%A4%E3%82%AD%E3%83%B3" n3="%E3%81%BF%E3%81%BF%E3%81%9A" dan="18,16,16,16" rate="2203.96,2065.57,2155.83,2042.11" sx="M,M,M,M"/><TAIKYOKU oya="0"/>

<Scene>
<INIT seed="0,0,0,2,3,108" ten="250,250,250,250" oya="0" hai0="56,6,31,74,96,80,47,20,70,72,1,62,68" hai1="44,91,7,77,66,125,123,82,5,71,126,59,48" hai2="15,2,69,112,60,32,102,99,13,81,120,121,85" hai3="4,83,30,51,42,45,34,111,127,88,38,113,41"/><T37/><D31/><U78/><E123/><V103/><F2/><W75/><G111/><T43/><D20/><U24/><E71/><V94/><F32/><W76/><G127/><N who="1" m="48650" /><E24/><V117/><F117/><W0/><G113/><T95/><D56/><U86/><E66/><V26/><F26/><W50/><G42/><T35/><D35/><U29/><E29/><V28/><F28/><W87/><G30/><T114/><D62/><U22/><E22/><V55/><F112/><W46/><G46/><T21/><D21/><U104/><E104/><V129/><F69/><W64/><G64/><T11/><D74/><U124/><E59/><V14/><F129/><W17/><G17/><T58/><D58/><U119/><N who="1" m="48658" /><U134/><DORA hai="39" /><E134/><V135/><F135/><W10/><REACH who="3" step="1"/><G34/><REACH who="3" ten="250,250,250,240" step="2"/><T57/><D114/><U27/><E44/><V130/><F121/><W79/><G79/><N who="0" m="44135" /><D57/><U115/><E78/><V40/><F120/><W9/><G9/><T53/><D53/><U16/><E77/><N who="2" m="46255" /><F55/><W63/><G63/><T105/><D105/><U132/><E115/><V52/><F60/><W90/><G90/><AGARI ba="0,1" hai="1,6,11,37,43,47,68,70,90,95,96" m="44135" machi="90" ten="30,2900,0" yaku="25,1,52,1" doraHai="108,39" who="0" fromWho="3" sc="250,39,250,0,250,0,240,-29" />
</Scene>
<Scene>
<INIT seed="0,1,0,4,1,116" ten="289,250,250,211" oya="0" hai0="54,131,15,105,4,6,70,65,45,73,24,20,40" hai1="9,21,66,89,68,44,115,48,19,2,42,49,61" hai2="78,125,122,80,127,59,108,74,25,128,84,23,103" hai3="120,22,96,87,133,91,90,117,109,16,55,98,110"/><T107/><D73/><U134/><E134/><V33/><F33/><W71/><G117/><T135/><D70/><U47/><E115/><V43/><F108/><N who="3" m="41579" /><G133/><T58/><D65/><U0/><E89/><N who="3" m="33802" /><G71/><T114/><D135/><U112/><E9/><V1/><F1/><W18/><G87/><T32/><D32/><U12/><REACH who="1" step="1"/><E112/><REACH who="1" ten="289,240,250,211" step="2"/><V64/><F127/><W62/><G120/><T27/><D114/><U97/><E97/><N who="3" m="37482" /><G22/><T29/><D20/><U7/><E7/><V102/><F122/><W130/><G130/><T81/><D4/><U31/><E31/><V82/><F128/><W26/><G26/><T101/><D6/><U36/><E36/><V100/><F125/><W51/><G62/><T14/><D27/><U53/><AGARI ba="1,1" hai="0,2,12,19,21,42,44,47,48,49,53,61,66,68" machi="53" ten="20,2700,0" yaku="1,1,0,1,7,1,53,0" doraHai="116" doraHaiUra="106" who="1" fromWho="1" sc="289,-14,240,40,250,-8,211,-8" />
</Scene>
<Scene>
<INIT seed="1,0,0,1,5,31" ten="275,280,242,203" oya="1" hai0="11,100,23,105,64,67,78,36,9,28,98,72,133" hai1="69,63,104,65,43,112,52,121,88,135,109,46,38" hai2="120,74,94,71,27,45,21,87,4,34,113,106,24" hai3="82,132,124,89,75,30,19,97,53,17,16,80,83"/><U125/><E121/><V96/><F74/><W102/><G124/><T134/><D36/><U101/><E112/><V15/><F71/><W47/><G132/><N who="0" m="50795" /><D78/><U61/><E135/><V59/><F120/><W44/><G75/><T55/><D72/><U79/><E125/><V114/><F106/><W81/><G30/><T48/><D28/><U85/><E79/><V95/><F45/><W12/><G12/><T20/><D23/><U123/><E123/><V7/><F87/><W18/><N who="3" m="4096" /><DORA hai="130" /><W62/><N who="3" m="20480" /><DORA hai="60" /><W117/><G89/><T127/><D20/><U56/><E109/><V22/><F15/><W14/><G14/><T32/><D32/><U13/><E13/><V118/><F59/><W90/><G90/><T92/><D105/><U126/><E126/><V99/><F118/><W58/><REACH who="3" step="1"/><G117/><REACH who="3" ten="275,280,242,193" step="2"/><T54/><D127/><U26/><E26/><V110/><F110/><W70/><G70/><T77/><D77/><U57/><E69/><V49/><F113/><W10/><G10/><N who="0" m="3595" /><D55/><U111/><E111/><V29/><F114/><W6/><G6/><T50/><D54/><U119/><E119/><V73/><F73/><W35/><G35/><T84/><D84/><U122/><E122/><V39/><F34/><W40/><G40/><T91/><D91/><U103/><REACH who="1" step="1"/><E104/><AGARI ba="0,1" hai="44,47,53,58,62,97,102,104" m="20480,4096" machi="104" ten="70,8000,1" yaku="1,1,54,1,53,1" doraHai="31,130,60" doraHaiUra="51,33,5" who="3" fromWho="1" sc="275,0,280,-80,242,0,193,90" />
</Scene>
<Scene>
<INIT seed="2,0,0,2,1,78" ten="275,200,242,283" oya="2" hai0="65,64,60,59,86,128,89,12,85,130,34,53,23" hai1="101,122,115,9,92,6,56,14,131,72,44,67,111" hai2="75,74,120,4,62,18,97,71,99,5,63,38,33" hai3="90,83,51,13,48,127,95,134,108,2,68,25,27"/><V102/><F120/><W82/><G2/><T73/><D73/><U77/><E115/><V8/><F38/><W109/><G68/><T94/><D34/><U11/><E131/><N who="0" m="50217" /><D86/><U103/><E111/><N who="3" m="42570" /><G134/><T10/><D23/><U45/><E122/><V100/><F33/><W119/><G119/><T42/><D42/><U55/><E67/><V61/><F8/><W80/><G127/><T52/><D65/><U57/><E72/><N who="2" m="27691" /><F18/><AGARI ba="0,0" hai="10,12,18,52,53,59,60,64,85,89,94" m="50217" machi="18" ten="30,2000,0" yaku="19,1,54,1" doraHai="78" who="0" fromWho="2" sc="275,20,200,0,242,-20,283,0" />
</Scene>
<Scene>
<INIT seed="3,0,0,2,0,24" ten="295,200,222,283" oya="3" hai0="75,113,58,94,7,60,80,93,40,91,4,124,118" hai1="30,105,114,47,26,57,23,74,48,126,20,82,116" hai2="132,112,2,71,102,50,85,65,108,72,31,120,41" hai3="67,133,56,17,27,61,54,59,36,97,52,104,21"/><W68/><G133/><T130/><D118/><U15/><E116/><V103/><F72/><W64/><G36/><T12/><D40/><U76/><E105/><V37/><F37/><W5/><G68/><T33/><D33/><U90/><E126/><V32/><F112/><W43/><G43/><T28/><D28/><U95/><E114/><V6/><F6/><W99/><G5/><T92/><D113/><U109/><E109/><V89/><F2/><W77/><G77/><T44/><D44/><U96/><E57/><V10/><F10/><W119/><G119/><T63/><D63/><U73/><E15/><V53/><F41/><W128/><G128/><T16/><D124/><U87/><REACH who="1" step="1"/><E23/><REACH who="1" ten="295,190,222,283" step="2"/><V42/><F108/><W29/><G104/><T69/><D69/><U135/><E135/><V88/><F132/><W18/><G67/><T122/><D58/><U1/><E1/><V70/><F65/><W38/><G64/><T62/><D12/><U107/><E107/><V123/><F70/><W19/><G38/><T35/><D35/><U81/><E81/><V83/><F71/><W66/><G66/><T11/><D80/><U106/><E106/><V13/><F13/><W0/><G0/><T45/><D130/><U129/><E129/><V34/><F34/><W100/><REACH who="3" step="1"/><G100/><REACH who="3" ten="295,190,222,273" step="2"/><T14/><D122/><U3/><E3/><V101/><F120/><W25/><G25/><T22/><D4/><U131/><E131/><V86/><F123/><W55/><G55/><AGARI ba="0,2" hai="20,26,30,47,48,55,73,74,76,82,87,90,95,96" machi="55" ten="30,3900,0" yaku="1,1,7,1,52,1,53,0" doraHai="24" doraHaiUra="117" who="1" fromWho="3" sc="295,0,190,59,222,0,273,-39" />
</Scene>
<Scene>
<INIT seed="4,0,0,1,3,97" ten="295,249,222,234" oya="0" hai0="105,76,15,35,129,23,126,107,5,64,134,17,122" hai1="110,123,90,96,24,18,108,43,81,52,89,36,68" hai2="114,32,132,78,102,85,50,106,65,111,124,26,59" hai3="41,4,1,93,116,48,119,103,91,45,46,117,66"/><T34/><D76/><U88/><E68/><V80/><F111/><W84/><G66/><T121/><D64/><U74/><E123/><N who="0" m="47113" /><D107/><U44/><E96/><V53/><F114/><W0/><G4/><T63/><D63/><U21/><E74/><V95/><F106/><W39/><REACH who="3" step="1"/><G103/><REACH who="3" ten="295,249,222,224" step="2"/><T87/><D5/><U40/><E110/><V47/><F124/><W51/><G51/><T57/><D126/><U135/><E108/><V28/><F132/><W3/><G3/><T29/><D134/><U55/><E135/><V69/><F69/><W8/><G8/><T12/><D129/><U6/><E6/><V54/><F65/><W27/><G27/><T100/><D100/><U131/><E131/><V31/><F102/><W25/><G25/><T13/><D13/><U61/><E36/><V19/><F95/><W37/><G37/><T75/><D12/><U11/><E11/><V73/><F73/><W101/><G101/><T7/><D15/><U77/><E24/><V2/><F2/><W62/><G62/><T112/><D75/><N who="1" m="43199" /><E61/><N who="2" m="36079" /><F32/><W83/><G83/><T30/><D34/><U33/><E33/><V58/><F19/><W86/><G86/><T56/><D87/><U118/><E118/><V42/><F26/><W10/><G10/><T99/><D35/><U60/><E60/><AGARI ba="0,1" hai="28,31,42,47,50,54,58,60,78,80,85" m="36079" machi="60" ten="30,1000,0" yaku="8,1" doraHai="97" who="2" fromWho="1" sc="295,0,249,-10,222,20,224,0" />
</Scene>
<Scene>
<INIT seed="5,0,0,1,0,27" ten="295,239,242,224" oya="1" hai0="34,95,130,26,64,54,46,65,39,96,28,37,4" hai1="67,25,114,16,6,107,7,57,85,68,22,115,47" hai2="51,23,5,13,87,66,92,61,126,106,24,74,58" hai3="122,3,32,98,97,86,80,35,75,52,111,94,127"/><U73/><E73/><V71/><F106/><W131/><G111/><T82/><D130/><U76/><E107/><V29/><F74/><W56/><G122/><T50/><D4/><N who="1" m="1579" /><E68/><V1/><F126/><W43/><G3/><T133/><D133/><U55/><E67/><V14/><F71/><W15/><G127/><T60/><D82/><U8/><E8/><V89/><F5/><W93/><G131/><T116/><D116/><U135/><E47/><V120/><F120/><W121/><G121/><T62/><D64/><U45/><E45/><V63/><F1/><W128/><G128/><T90/><REACH who="0" step="1"/><D62/><REACH who="0" ten="285,239,242,224" step="2"/><N who="1" m="36159" /><E135/><V110/><F110/><W81/><G75/><T53/><D53/><U118/><E118/><V119/><F119/><W101/><G43/><T44/><D44/><U18/><E115/><V134/><F134/><W117/><G117/><T113/><D113/><U112/><E114/><V78/><F63/><W11/><G81/><T91/><D91/><U77/><E112/><V30/><F78/><W103/><G80/><T49/><D49/><U21/><E85/><V59/><F51/><W38/><G86/><T124/><D124/><U2/><E2/><V105/><F59/><AGARI ba="0,1" hai="26,28,34,37,39,46,50,54,59,60,65,90,95,96" machi="59" ten="30,3900,0" yaku="1,1,7,1,52,1,53,0" doraHai="27" doraHaiUra="125" who="0" fromWho="2" sc="285,49,239,0,242,-39,224,0" />
</Scene>
<Scene>
<INIT seed="6,0,0,2,4,74" ten="334,239,203,224" oya="2" hai0="78,84,37,77,97,50,122,56,113,120,42,4,115" hai1="12,31,60,63,18,57,105,43,76,58,46,21,19" hai2="101,15,11,26,112,53,39,110,8,129,117,118,79" hai3="30,41,3,72,108,65,62,82,22,123,32,71,69"/><V119/><F39/><W100/><G22/><T17/><D37/><U133/><E105/><V83/><F112/><N who="0" m="43082" /><D4/><U35/><E35/><V40/><F40/><W135/><G41/><T55/><D42/><U61/><E133/><V131/><F101/><W85/><G85/><T25/><D97/><U38/><E31/><V130/><F110/><W107/><G108/><T75/><D75/><U6/><E6/><V134/><F134/><W96/><G123/><N who="0" m="47147" /><D84/><U86/><E19/><N who="2" m="8679" /><F11/><W7/><G135/><T91/><D91/><U116/><E116/><V114/><F114/><W99/><G99/><T103/><D103/><U94/><E94/><V95/><F95/><W80/><G7/><T93/><D93/><U45/><REACH who="1" step="1"/><E46/><REACH who="1" ten="334,229,203,224" step="2"/><V14/><F119/><W27/><G3/><T24/><D17/><U47/><E47/><V125/><F118/><W23/><G23/><T87/><D87/><U0/><E0/><V127/><F117/><W49/><G72/><T1/><D1/><U33/><E33/><V98/><F98/><W10/><G10/><T59/><D59/><U128/><E128/><V28/><F129/><W104/><G104/><T126/><D126/><U109/><E109/><V54/><F131/><W20/><G71/><T67/><D67/><U34/><E34/><N who="2" m="20759" /><F130/><W88/><G32/><T5/><D5/><U102/><E102/><V48/><F127/><W124/><G124/><T2/><D2/><U9/><E9/><V51/><F125/><W121/><G121/><T52/><D55/><N who="2" m="21002" /><F14/><W64/><G64/><T106/><D106/><U92/><E92/><V111/><F111/><RYUUKYOKU ba="0,1" sc="334,10,229,10,203,10,224,-30" hai0="24,25,50,52,56,77,78" hai1="12,18,21,38,43,45,57,58,60,61,63,76,86" hai2="48,51,79,83" />
</Scene>
<Scene>
<INIT seed="6,1,1,4,5,55" ten="344,239,213,194" oya="2" hai0="62,109,52,34,102,59,19,5,13,113,70,130,125" hai1="16,76,97,7,131,33,73,72,0,114,121,49,36" hai2="69,91,101,93,17,25,9,42,44,60,84,23,30" hai3="67,118,82,20,38,119,94,40,24,122,57,115,104"/><V88/><F69/><W51/><G104/><T106/><D109/><U96/><E33/><V12/><F60/><W89/><G122/><T21/><D34/><U54/><E36/><V127/><F127/><W116/><G115/><T28/><D28/><U100/><E121/><V43/><F101/><W46/><G82/><T45/><D113/><U108/><E131/><V64/><F64/><W66/><G38/><T80/><D130/><U1/><E108/><V50/><REACH who="2" step="1"/><F91/><REACH who="2" ten="344,239,203,194" step="2"/><W92/><G92/><T56/><D70/><U99/><E114/><V111/><F111/><W48/><G94/><T112/><D112/><U15/><E100/><V120/><F120/><W98/><G89/><T10/><D125/><U117/><E117/><V78/><F78/><W22/><G67/><T37/><D102/><U95/><E76/><V110/><F110/><W90/><G66/><T74/><D106/><U18/><E73/><V128/><F128/><W133/><G90/><T47/><D74/><U61/><E72/><V35/><F35/><W79/><G79/><T31/><D80/><U2/><E61/><V135/><F135/><W63/><G133/><T71/><D71/><U32/><E32/><V103/><F103/><W4/><G63/><T124/><D124/><U86/><E95/><V8/><F8/><W29/><G22/><T6/><D62/><U75/><E75/><V105/><F105/><W83/><G83/><T129/><D129/><U81/><E81/><V85/><F85/><W134/><G134/><T39/><D21/><U14/><E86/><V41/><AGARI ba="1,2" hai="9,12,17,23,25,30,41,42,43,44,50,84,88,93" machi="41" ten="20,12000,1" yaku="1,1,0,1,7,1,8,1,54,1,53,0" doraHai="55" doraHaiUra="132" who="2" fromWho="2" sc="344,-41,239,-41,203,143,194,-41" />
</Scene>
<Scene>
<INIT seed="6,2,0,4,5,34" ten="303,198,346,153" oya="2" hai0="75,107,92,60,123,120,50,88,43,109,53,48,10" hai1="63,66,129,96,81,11,97,23,44,118,102,5,36" hai2="132,131,12,25,51,32,24,20,70,119,68,65,54" hai3="94,95,35,38,115,106,59,62,86,28,87,114,104"/><V76/><F119/><W80/><G38/><T39/><D107/><N who="3" m="41001" /><G28/><T74/><D109/><U99/><E118/><V14/><F32/><W85/><G35/><T13/><D39/><U26/><E129/><V33/><F33/><W103/><G59/><T113/><D113/><N who="3" m="43017" /><G62/><T58/><D75/><U78/><E44/><V56/><F65/><W29/><G29/><T130/><D74/><U49/><E36/><V121/><F68/><W124/><G124/><T4/><D130/><U46/><E5/><V27/><F70/><W134/><G134/><T79/><D79/><U64/><E11/><V31/><F76/><N who="3" m="46215" /><G95/><T71/><D50/><U127/><E127/><V15/><F132/><W19/><G19/><T55/><D43/><N who="1" m="24799" /><E63/><V57/><F131/><W117/><G117/><T135/><D135/><U93/><E64/><V122/><F57/><W6/><G6/><T126/><D126/><U125/><E66/><V111/><F111/><W108/><G108/><T91/><D71/><U45/><E45/><V61/><F61/><W9/><G9/><T98/><D55/><U41/><E41/><V2/><F31/><W47/><G47/><T116/><D116/><U112/><E125/><V69/><F69/><W82/><G82/><T7/><D7/><U77/><E112/><V89/><F54/><W90/><G87/><N who="0" m="52255" /><D60/><U17/><E81/><V73/><F51/><W0/><G103/><T72/><D72/><U16/><E17/><V101/><F73/><W84/><G84/><T110/><D110/><U1/><E1/><AGARI ba="2,0" hai="0,1,86,90,94" m="46215,43017,41001" machi="1" ten="30,7700,0" yaku="15,1,11,1,52,2" doraHai="34" who="3" fromWho="1" sc="303,0,198,-83,346,0,153,83" />
</Scene>
<Scene>
<INIT seed="7,0,0,1,3,62" ten="303,115,346,236" oya="3" hai0="121,98,30,1,0,73,53,8,60,89,110,68,51" hai1="96,28,15,32,11,124,16,113,9,50,131,125,5" hai2="21,33,101,116,92,80,135,123,104,10,82,117,27" hai3="2,20,85,52,72,100,40,103,46,99,69,55,36"/><W64/><G72/><T6/><D110/><U29/><E96/><N who="2" m="59527" /><F104/><W88/><G2/><T23/><D73/><U102/><E50/><V3/><F33/><W71/><G103/><T130/><D121/><U114/><E102/><V90/><F123/><W37/><G37/><T84/><D98/><U56/><E56/><V78/><F90/><W54/><G20/><T93/><D130/><U12/><E131/><V86/><F82/><W81/><REACH who="3" step="1"/><G64/><REACH who="3" ten="303,115,346,226" step="2"/><T19/><D1/><U34/><E5/><V70/><F3/><W118/><G118/><T47/><D30/><U119/><REACH who="1" step="1"/><E16/><REACH who="1" ten="303,105,346,226" step="2"/><V41/><F117/><AGARI ba="0,2" hai="9,11,12,15,28,29,32,34,113,114,117,119,124,125" machi="117" ten="25,12000,2" yaku="1,1,2,1,22,2,34,3,53,0" doraHai="62" doraHaiUra="42" who="1" fromWho="2" sc="303,0,105,140,346,-120,226,0" owari="303,39.0,245,5.0,226,-17.0,226,-27.0" />
</Scene>
</mjloggm>