<mjloggm ver="2.3"><GO type="169" lobby="0"/><UN n0="%E3%83%AD%E3%83%83%E3%83%86%E9%9B%80%E7%90%83" n1="%E5%A4%AA%E3%81%8F%E3%81%AA%E3%81%84%E3%81%8A" n2="%E3%83%AD%E3%83%B3%E3%82%88%E3%82%8A%E8%A8%BC%E6%8B%A0" n3="%77%61%77%61%33%30%33%30" dan="16,17,16,17" rate="2136.38,2237.31,2125.92,2202.84" sx="M,M,M,M"/><TAIKYOKU oya="0"/>

<Scene>
<INIT seed="0,0,0,0,5,105" ten="250,250,250,250" oya="0" hai0="64,31,13,61,15,50,21,92,78,20,0,70,88" hai1="101,73,85,113,114,79,46,86,121,134,22,56,53" hai2="33,131,126,108,117,3,112,80,71,37,45,58,12" hai3="7,39,68,23,65,127,34,6,36,123,8,106,17"/><T77/><D0/><U91/><E134/><V51/><RYUUKYOKU type="yao9" ba="0,0" sc="250,0,250,0,250,0,250,0" hai2="3,12,33,37,45,51,58,71,80,108,112,117,126,131" />
</Scene>
<Scene>
<INIT seed="0,1,0,1,5,112" ten="250,250,250,250" oya="0" hai0="51,18,47,77,96,17,103,133,80,83,72,85,39" hai1="34,52,91,13,6,92,26,106,36,41,42,38,100" hai2="116,49,86,68,35,25,7,108,115,3,70,131,89" hai3="54,123,121,81,8,60,11,15,63,76,67,69,132"/><T127/><D127/><U44/><E106/><V28/><F115/><W62/><G132/><T2/><D2/><U4/><E100/><V66/><F108/><W40/><G40/><T117/><D117/><U31/><E13/><V118/><F131/><W79/><G11/><T78/><D39/><U20/><E34/><V73/><F73/><W94/><G94/><T48/><D133/><U125/><E125/><V95/><F66/><W128/><G128/><T59/><D59/><U126/><E126/><V110/><F110/><W104/><G104/><T98/><D51/><N who="1" m="28775" /><E36/><V56/><F56/><W114/><G54/><T119/><D119/><N who="2" m="45610" /><F49/><W10/><G67/><T134/><D134/><U37/><E37/><V61/><F61/><W53/><G63/><T135/><D135/><U130/><E130/><V33/><F33/><W9/><G60/><T75/><D75/><U1/><E1/><V97/><F97/><W71/><G62/><T122/><D98/><N who="1" m="57631" /><E38/><V19/><F19/><W21/><G114/><T93/><D122/><U24/><E4/><V107/><F107/><W45/><G69/><T74/><D74/><U22/><E6/><V120/><F120/><W27/><G71/><T32/><D32/><U50/><E50/><V82/><F95/><W57/><G57/><T30/><D30/><AGARI ba="1,0" hai="20,22,24,26,30,31,41,42" m="57631,28775" machi="30" ten="30,2000,0" yaku="8,1,54,1" doraHai="112" who="1" fromWho="0" sc="250,-23,250,23,250,0,250,0" />
</Scene>
<Scene>
<INIT seed="1,0,0,1,5,120" ten="227,273,250,250" oya="1" hai0="44,48,30,113,82,90,91,128,78,25,14,4,2" hai1="83,50,15,88,125,43,79,84,35,116,68,59,130" hai2="77,98,0,39,24,22,73,67,37,12,87,112,121" hai3="11,49,101,55,8,86,16,61,74,28,34,19,47"/><U92/><E68/><V36/><F121/><W89/><G74/><T6/><D128/><U63/><E116/><V100/><F0/><W32/><G101/><T54/><D113/><U58/><E35/><V64/><F73/><W66/><G28/><T96/><D2/><U126/><E130/><V65/><F112/><W110/><G110/><T75/><D96/><U80/><E15/><V38/><F12/><W1/><G32/><T127/><D127/><N who="1" m="48651" /><E63/><V51/><F51/><W20/><G34/><T107/><D107/><U97/><E80/><V40/><F40/><W131/><G19/><T53/><D53/><U26/><E26/><V132/><F132/><W119/><G1/><T71/><D71/><U60/><E60/><V69/><F69/><W31/><G31/><T93/><D14/><U129/><E129/><V17/><N who="2" m="9216" /><DORA hai="123" /><V114/><F114/><W18/><G18/><T21/><D93/><U23/><E23/><V115/><F115/><W72/><G72/><T9/><D9/><U45/><AGARI ba="0,0" hai="43,45,50,58,59,79,83,84,88,92,97" m="48651" machi="45" ten="30,3000,0" yaku="18,1,54,1" doraHai="120,123" who="1" fromWho="1" sc="227,-10,273,30,250,-10,250,-10" />
</Scene>
<Scene>
<INIT seed="1,1,0,2,2,77" ten="217,303,240,240" oya="1" hai0="131,102,83,26,2,72,56,127,125,67,110,74,24" hai1="87,129,58,28,63,112,7,20,39,54,59,50,82" hai2="85,111,108,79,29,40,114,95,61,70,1,10,96" hai3="13,49,15,126,105,118,81,69,78,53,12,100,119"/><U101/><E112/><V38/><F114/><W36/><G36/><T124/><D110/><U47/><E129/><V132/><F132/><W97/><G69/><T134/><D134/><U41/><E101/><V46/><F29/><W90/><G90/><T130/><D2/><U128/><E128/><N who="0" m="49193" /><D102/><U35/><E35/><V91/><F70/><W19/><G19/><T133/><D133/><U11/><E20/><V22/><F22/><W135/><G135/><T57/><D67/><U8/><E28/><V66/><F61/><W115/><G126/><T48/><D48/><U32/><E32/><V30/><F66/><W5/><G5/><T68/><D68/><U120/><E120/><V86/><F30/><W23/><G23/><T17/><D17/><U6/><E6/><V117/><F117/><W60/><G60/><T94/><D94/><U73/><E73/><N who="0" m="28265" /><D83/><U31/><E7/><V25/><F25/><AGARI ba="1,0" hai="24,25,26,56,57,124,125,127" m="28265,49193" machi="25" ten="40,8000,1" yaku="28,2,18,1,19,1" doraHai="77" who="0" fromWho="2" sc="217,83,303,0,240,-83,240,0" />
</Scene>
<Scene>
<INIT seed="2,0,0,4,4,53" ten="300,303,157,240" oya="2" hai0="22,45,70,14,102,31,107,54,105,104,4,1,124" hai1="67,101,18,79,121,26,58,0,66,114,128,63,57" hai2="97,36,27,35,8,94,123,52,10,11,120,73,42" hai3="39,98,33,28,47,48,109,106,34,13,64,46,118"/><V87/><F73/><W135/><G46/><T43/><D124/><U78/><E0/><V117/><F117/><W111/><G39/><T134/><D134/><U65/><E114/><V3/><F3/><W90/><G135/><T30/><D70/><U17/><E128/><V126/><F126/><W133/><G133/><T113/><D113/><U21/><E121/><V24/><F87/><W119/><G64/><T5/><D102/><U131/><E131/><V75/><F75/><W23/><G33/><T84/><D1/><U32/><E32/><V122/><F35/><W86/><G34/><T130/><D130/><U51/><E101/><V69/><F69/><W20/><G20/><T127/><D127/><U62/><E66/><V56/><F42/><W132/><G98/><T19/><D54/><U99/><E99/><V83/><F83/><W77/><G106/><T44/><D84/><U91/><E91/><V103/><REACH who="2" step="1"/><F36/><REACH who="2" ten="300,303,147,240" step="2"/><W80/><G132/><T95/><D43/><U88/><E78/><V15/><F15/><W71/><G77/><T6/><D14/><U37/><E37/><V93/><F93/><W55/><G71/><T96/><D95/><U40/><E79/><V74/><F74/><W112/><G13/><T38/><D38/><U92/><E40/><V60/><AGARI ba="0,1" hai="8,10,11,24,27,52,56,60,94,97,103,120,122,123" machi="60" ten="40,12000,1" yaku="1,1,0,1,52,1,54,1,53,0" doraHai="53" doraHaiUra="115" who="2" fromWho="2" sc="300,-40,303,-40,147,130,240,-40" />
</Scene>
<Scene>
<INIT seed="2,1,0,0,1,88" ten="260,263,277,200" oya="2" hai0="32,11,41,130,55,6,7,127,52,101,34,97,64" hai1="37,110,131,42,98,1,102,61,81,10,20,21,87" hai2="93,66,73,65,62,68,19,36,86,114,16,47,77" hai3="104,124,95,28,115,122,33,24,57,13,29,78,79"/><V112/><F73/><W132/><G104/><T27/><D130/><U44/><E131/><V54/><F66/><W99/><G122/><T92/><D127/><U121/><E121/><V89/><F77/><W119/><G124/><T12/><D41/><U71/><E110/><V134/><F134/><W85/><G132/><T82/><D64/><U38/><E38/><V90/><F90/><W50/><G29/><T40/><D40/><U45/><E45/><V46/><F46/><W63/><G50/><T15/><D82/><U0/><E71/><V107/><F107/><W53/><G119/><T74/><D74/><U116/><E61/><V14/><F19/><W56/><G56/><T23/><D34/><U129/><E116/><V118/><F118/><W17/><G85/><T123/><D32/><U133/><E129/><V72/><F72/><W43/><G115/><T128/><D123/><U100/><E133/><V91/><F91/><W48/><G48/><T108/><D108/><U83/><E102/><V39/><F39/><W120/><G43/><T30/><D128/><U96/><E96/><V2/><F2/><W9/><REACH who="3" step="1"/><G120/><REACH who="3" ten="260,263,277,190" step="2"/><T76/><D76/><U70/><E87/><V80/><F36/><W8/><G8/><AGARI ba="1,1" hai="6,7,8,11,12,15,23,27,30,52,55,92,97,101" machi="8" ten="40,8000,1" yaku="9,1,8,1,52,1,54,1" doraHai="88" who="0" fromWho="3" sc="260,93,263,0,277,0,190,-83" />
</Scene>
<Scene>
<INIT seed="3,0,0,5,1,91" ten="353,263,277,107" oya="3" hai0="11,74,15,62,90,36,86,2,8,87,35,12,63" hai1="109,128,70,48,66,101,31,54,135,100,37,95,93" hai2="13,27,52,132,20,23,127,42,9,96,88,115,67" hai3="39,94,75,34,123,102,57,77,103,56,99,50,71"/><W113/><G71/><T44/><D74/><U47/><E109/><V80/><F115/><W24/><G39/><T3/><D35/><U73/><E73/><V49/><F132/><W45/><G113/><T7/><D36/><U0/><E0/><V82/><F127/><W98/><G123/><T104/><D104/><U68/><E135/><V38/><F67/><W129/><G129/><T16/><D44/><U89/><E128/><V41/><F38/><W116/><G116/><T22/><D86/><U105/><E105/><V60/><F60/><W19/><G77/><T118/><D118/><U10/><E31/><V130/><F130/><W72/><G75/><T85/><D87/><U126/><E126/><V58/><F82/><W51/><G72/><T124/><D124/><U33/><E33/><V119/><F119/><W61/><G61/><T92/><REACH who="0" step="1"/><D2/><REACH who="0" ten="343,263,277,107" step="2"/><U125/><E125/><V122/><F122/><W46/><G34/><T30/><D30/><U40/><E47/><V106/><F106/><W111/><G111/><T5/><AGARI ba="0,1" hai="3,5,7,8,11,12,15,16,22,62,63,85,90,92" machi="5" ten="20,8000,1" yaku="1,1,0,1,7,1,52,1,54,1,53,0" doraHai="91" doraHaiUra="64" who="0" fromWho="0" sc="343,90,263,-20,277,-20,107,-40" />
</Scene>
<Scene>
<INIT seed="4,0,0,1,1,31" ten="433,243,257,67" oya="0" hai0="107,85,20,75,55,73,126,117,64,12,67,80,82" hai1="40,2,127,53,114,21,54,113,134,115,50,112,123" hai2="44,68,60,100,38,42,129,122,74,91,27,106,104" hai3="130,119,32,87,8,103,0,72,116,105,66,1,33"/><T95/><D107/><U109/><E109/><V6/><F91/><W5/><G87/><T48/><D117/><N who="3" m="45129" /><G66/><N who="0" m="25131" /><D126/><U131/><E131/><V133/><F122/><W128/><G72/><T125/><D125/><U10/><E134/><V34/><F129/><N who="3" m="49771" /><G1/><T78/><D75/><U79/><E127/><V86/><F133/><W99/><AGARI ba="0,0" hai="0,5,8,32,33,99,103,105" m="49771,45129" machi="99" ten="40,8000,1" yaku="19,1,23,1,52,2" doraHai="31" who="3" fromWho="3" sc="433,-40,243,-20,257,-20,67,80" />
</Scene>
<Scene>
<INIT seed="5,0,0,0,1,16" ten="393,223,237,147" oya="1" hai0="107,29,2,0,23,122,98,123,6,24,13,42,25" hai1="129,66,15,86,57,116,85,114,109,95,80,37,58" hai2="133,79,40,88,115,125,62,49,100,112,34,113,1" hai3="56,35,73,11,48,27,131,21,118,132,22,117,68"/><U54/><E116/><N who="3" m="44650" /><G68/><T106/><D42/><U45/><E114/><V43/><F34/><W14/><G73/><T9/><D25/><U10/><E129/><V87/><F1/><N who="0" m="618" /><D98/><U111/><E66/><V130/><F130/><W134/><G131/><T82/><D82/><U84/><E80/><V69/><F79/><W26/><G56/><T44/><D44/><U90/><E37/><V60/><F100/><W78/><G78/><T59/><D59/><N who="1" m="22539" /><E111/><V20/><F69/><W120/><G48/><T61/><D61/><U105/><E105/><V126/><F133/><N who="3" m="51307" /><G35/><T70/><D70/><U47/><E109/><V19/><F62/><W101/><G101/><T77/><D77/><U71/><E71/><V3/><F3/><W36/><G36/><T12/><D107/><U75/><E75/><V53/><F60/><W50/><G50/><T67/><D106/><U89/><E54/><V55/><F43/><W31/><G120/><T7/><D67/><U17/><E89/><V76/><F76/><W39/><G39/><T52/><D52/><N who="2" m="20042" /><F49/><W81/><G81/><T33/><D33/><U64/><E64/><V8/><F40/><W30/><G14/><T72/><D72/><U121/><E121/><V4/><F87/><AGARI ba="0,0" hai="10,15,17,45,47,84,85,86,87,90,95" m="22539" machi="87" ten="30,1500,0" yaku="8,1" doraHai="16" who="1" fromWho="2" sc="393,0,223,15,237,-15,147,0" />
</Scene>
<Scene>
<INIT seed="5,1,0,1,0,54" ten="393,238,222,147" oya="1" hai0="90,122,114,133,26,94,9,61,126,132,39,44,102" hai1="79,95,130,98,120,66,75,46,107,42,129,13,30" hai2="47,59,1,118,135,69,64,83,68,134,119,62,6" hai3="40,57,65,112,128,45,67,72,113,50,84,10,2"/><U5/><E120/><V86/><F6/><W70/><G72/><T108/><D108/><U116/><E116/><N who="2" m="44587" /><F1/><W53/><G2/><T78/><D114/><N who="3" m="44137" /><G10/><T20/><D126/><U18/><E107/><V52/><F86/><W81/><G128/><N who="1" m="49258" /><E30/><V3/><F83/><W85/><G85/><T56/><D122/><U17/><E66/><N who="3" m="25098" /><G70/><N who="2" m="27241" /><F3/><W77/><G40/><N who="0" m="22559" /><D102/><N who="1" m="60767" /><E75/><V100/><F100/><W87/><G84/><T16/><D78/><U104/><E104/><V14/><F14/><W24/><G24/><T7/><D9/><N who="1" m="4271" /><E79/><V101/><F101/><W82/><G82/><T12/><D7/><U21/><E21/><V97/><F97/><W36/><G36/><AGARI ba="1,0" hai="17,18,36,42,46" m="4271,60767,49258" machi="36" ten="30,1500,0" yaku="19,1" doraHai="54" who="1" fromWho="3" sc="393,0,238,18,222,0,147,-18" />
</Scene>
<Scene>
<INIT seed="5,2,0,4,1,17" ten="393,256,222,129" oya="1" hai0="130,30,83,110,36,14,29,25,114,21,39,108,125" hai1="13,99,86,63,40,87,55,44,92,2,75,50,81" hai2="62,59,109,51,16,115,107,85,23,19,103,89,67" hai3="73,6,27,74,71,1,5,38,119,12,98,15,28"/><U68/><E2/><V49/><F109/><W56/><G71/><T0/><D0/><U132/><E132/><V45/><F115/><W70/><G70/><T128/><D114/><U43/><E75/><V72/><F72/><W18/><G38/><N who="0" m="14379" /><D125/><U10/><E68/><V35/><F35/><W122/><G1/><T79/><D14/><U37/><E37/><V90/><F19/><W111/><G111/><T135/><D30/><U102/><E63/><V101/><F51/><W60/><G119/><T96/><D96/><U61/><E61/><V133/><F133/><W95/><G12/><T69/><D69/><U34/><E34/><V11/><F11/><W46/><G46/><T120/><D120/><U84/><REACH who="1" step="1"/><E81/><REACH who="1" ten="393,246,222,129" step="2"/><V94/><F107/><W93/><G73/><N who="0" m="43503" /><D135/><U65/><E65/><V113/><F113/><W126/><G74/><T104/><D104/><U129/><E129/><AGARI ba="2,1" hai="21,25,29,108,110,128,129,130" m="43503,14379" machi="129" ten="30,2000,0" yaku="19,1,52,1" doraHai="17" who="0" fromWho="1" sc="393,36,246,-26,222,0,129,0" />
</Scene>
<Scene>
<INIT seed="6,0,0,5,4,52" ten="429,220,222,129" oya="2" hai0="118,56,110,117,8,53,14,71,126,44,94,25,42" hai1="109,127,75,11,66,76,132,98,12,51,131,37,54" hai2="39,115,64,4,68,129,26,119,48,6,15,79,90" hai3="28,19,74,95,35,114,38,58,63,81,13,122,87"/><V72/><F119/><W17/><G38/><T125/><D110/><U57/><E109/><V23/><F39/><W49/><G122/><T55/><D71/><U99/><E37/><V83/><F115/><W9/><G74/><T93/><D25/><U112/><E112/><V104/><F104/><W70/><G114/><T84/><D53/><U43/><E127/><N who="0" m="48649" /><D44/><N who="1" m="26015" /><E75/><V96/><F129/><W111/><G111/><T91/><D94/><U107/><E107/><V22/><F68/><W101/><G70/><T5/><D42/><U116/><E116/><V100/><F90/><W134/><G134/><T41/><D41/><U135/><E66/><V31/><F64/><W130/><G49/><AGARI ba="0,0" hai="5,8,14,49,55,56,84,91,93,117,118" m="48649" machi="49" ten="30,2000,0" yaku="18,1,52,1" doraHai="52" who="0" fromWho="3" sc="429,20,220,0,222,0,129,-20" />
</Scene>
<Scene>
<INIT seed="7,0,0,1,3,88" ten="449,220,222,109" oya="3" hai0="23,98,63,65,91,77,71,119,70,83,135,106,17" hai1="67,8,4,44,111,31,102,35,97,18,29,122,48" hai2="1,94,43,12,132,11,127,82,73,14,6,47,125" hai3="49,74,34,57,59,128,130,38,24,7,28,118,66"/><W5/><G74/><T92/><D119/><U16/><E111/><V33/><F33/><W36/><G118/><T76/><D135/><U22/><E122/><V64/><F132/><W54/><G5/><T112/><D112/><U115/><E67/><V10/><F64/><W45/><G7/><T26/><D106/><U51/><E35/><V9/><F9/><W99/><G99/><T116/><D116/><U2/><E115/><V72/><F94/><W58/><REACH who="3" step="1"/><G66/><REACH who="3" ten="449,220,222,99" step="2"/><T103/><D98/><U60/><E97/><V79/><F73/><W100/><G100/><T95/><D103/><U27/><E102/><V86/><F72/><W81/><G81/><T30/><D83/><U78/><E4/><N who="2" m="3175" /><F1/><W39/><AGARI ba="0,1" hai="24,28,34,36,38,39,45,49,54,57,58,59,128,130" machi="39" ten="40,3900,0" yaku="1,1,0,1,53,0" doraHai="88" doraHaiUra="114" who="3" fromWho="3" sc="449,-13,220,-13,222,-13,99,49" />
</Scene>
<Scene>
<INIT seed="7,1,0,1,1,106" ten="436,207,209,148" oya="3" hai0="116,63,122,125,111,89,54,121,1,52,105,71,49" hai1="6,7,47,115,126,19,101,117,120,87,99,9,118" hai2="94,119,76,50,112,65,75,85,114,80,113,132,34" hai3="11,37,92,31,13,35,55,68,130,44,48,57,24"/><W22/><G130/><T96/><D111/><U103/><E120/><V0/><F34/><W129/><G129/><T74/><D116/><N who="1" m="44651" /><E115/><V3/><F119/><W51/><G68/><T25/><D54/><U78/><E126/><V46/><F65/><W56/><G37/><T61/><D61/><U70/><E70/><V82/><F94/><W98/><G35/><T40/><D40/><U59/><E59/><V77/><F132/><W83/><G83/><T67/><D96/><U2/><E7/><V79/><F79/><W66/><G66/><T107/><D107/><N who="1" m="63935" /><E103/><V39/><F39/><W17/><REACH who="3" step="1"/><G51/><REACH who="3" ten="436,207,209,138" step="2"/><T45/><D49/><U12/><E47/><V4/><F4/><W42/><G42/><AGARI ba="1,1" hai="0,3,42,46,50,75,76,77,80,82,85,112,113,114" machi="42" ten="40,2600,0" yaku="15,1,52,1" doraHai="106" who="2" fromWho="3" sc="436,0,207,0,209,39,138,-29" owari="436,53.0,207,-19.0,248,5.0,109,-39.0" />
</Scene>
</mjloggm>