<mjloggm ver="2.3"><GO type="169" lobby="0"/><UN n0="%E5%A4%AA%E3%81%8F%E3%81%AA%E3%81%84%E3%81%8A" n1="%E3%83%AD%E3%83%B3%E3%81%AE%E5%AE%9F" n2="%6D%6F%74%69%37%32%2E%2E" n3="%61%6D%65%64%69%6F" dan="17,16,16,17" rate="2157.99,2025.17,2086.97,2145.64" sx="M,M,M,M"/><TAIKYOKU oya="0"/>

<Scene>
<INIT seed="0,0,0,2,3,38" ten="250,250,250,250" oya="0" hai0="99,35,123,0,86,1,48,7,109,20,128,132,75" hai1="64,52,5,120,112,111,37,104,62,63,102,54,6" hai2="134,12,90,95,16,103,121,125,23,119,133,66,2" hai3="92,89,106,81,131,10,45,117,8,98,110,97,101"/><T25/><D75/><U40/><E120/><V53/><F121/><W124/><G110/><T82/><D123/><U31/><E31/><V67/><F2/><W118/><G131/><T79/><D35/><U77/><E77/><V56/><F103/><W61/><G124/><T14/><D128/><U22/><E111/><V107/><F107/><W129/><G129/><T72/><D109/><U68/><E22/><V55/><F125/><W57/><G81/><T126/><D126/><U100/><E112/><V93/><F119/><W30/><G30/><T122/><D122/><U76/><E76/><V44/><F44/><W36/><G117/><T13/><D132/><N who="2" m="50794" /><F55/><W41/><REACH who="3" step="1"/><G118/><REACH who="3" ten="250,250,250,240" step="2"/><T59/><D82/><U116/><E116/><V15/><F93/><W33/><G33/><T58/><D72/><U70/><E104/><V84/><F12/><W71/><G71/><T108/><D14/><U49/><E68/><V3/><F3/><W46/><G46/><T83/><D108/><U114/><E70/><V11/><F11/><W51/><G51/><AGARI ba="0,1" hai="15,16,23,51,53,56,66,67,84,90,95" m="50794" machi="51" ten="30,3900,0" yaku="25,1,20,1,54,1" doraHai="38" who="2" fromWho="3" sc="250,0,250,0,250,49,240,-39" />
</Scene>
<Scene>
<INIT seed="1,0,0,3,5,73" ten="250,250,299,201" oya="1" hai0="82,95,75,125,36,26,131,70,23,41,50,66,133" hai1="10,92,49,56,102,81,83,2,22,123,69,34,61" hai2="96,9,108,109,30,37,65,39,85,13,45,107,127" hai3="55,71,54,94,99,33,117,100,60,16,128,57,48"/><U68/><E123/><V20/><F127/><W21/><G128/><T101/><D36/><U89/><E34/><V4/><F65/><W14/><G117/><T130/><D125/><U43/><E102/><N who="2" m="62919" /><F45/><W6/><G33/><T103/><D133/><U122/><E122/><V47/><F47/><W106/><G71/><T111/><D111/><N who="2" m="42570" /><F85/><W90/><G6/><T25/><D41/><U124/><E124/><V77/><F77/><W114/><G114/><T88/><D50/><U132/><E132/><V44/><F44/><N who="3" m="27911" /><G106/><T11/><D66/><U18/><E43/><V59/><F59/><W121/><G121/><T129/><D70/><U135/><E135/><V86/><F86/><W3/><G3/><T87/><D11/><U12/><E49/><V76/><F76/><W134/><G134/><T113/><D113/><U38/><E38/><V91/><F91/><AGARI ba="0,0" hai="14,16,21,55,57,60,90,91,94,99,100" m="27911" machi="91" ten="30,2000,0" yaku="8,1,54,1" doraHai="73" who="3" fromWho="2" sc="250,0,250,0,299,-20,201,20" />
</Scene>
<Scene>
<INIT seed="2,0,0,4,3,113" ten="250,250,279,221" oya="2" hai0="124,31,76,114,119,112,128,62,88,57,6,78,131" hai1="48,94,126,68,102,103,37,1,19,67,129,43,86" hai2="27,63,73,90,122,116,87,15,38,17,104,39,69" hai3="44,107,132,56,50,33,81,47,79,123,74,97,49"/><V89/><F73/><W110/><G123/><T14/><D31/><U85/><E37/><V53/><F104/><W106/><G110/><T13/><D124/><U7/><E126/><V29/><F122/><W10/><G132/><T21/><D6/><U18/><E103/><V95/><F116/><W42/><G33/><T23/><D57/><U134/><E134/><V22/><F53/><W83/><G56/><T125/><D62/><U3/><E3/><V96/><F63/><W51/><G83/><T40/><D40/><U82/><E86/><V8/><REACH who="2" step="1"/><F69/><REACH who="2" ten="250,250,269,221" step="2"/><W45/><G42/><T34/><D125/><U9/><E68/><V36/><F36/><W93/><REACH who="3" step="1"/><G10/><REACH who="3" ten="250,250,269,211" step="2"/><T75/><D114/><U46/><E9/><V26/><F26/><W130/><G130/><T66/><D112/><U98/><E129/><V72/><F72/><W105/><G105/><T91/><D75/><U77/><E67/><V71/><F71/><W101/><AGARI ba="0,2" hai="44,45,47,49,50,51,74,79,81,93,97,101,106,107" machi="101" ten="30,2000,0" yaku="1,1,0,1,53,0" doraHai="113" doraHaiUra="111" who="3" fromWho="3" sc="250,-5,250,-5,269,-10,211,40" />
</Scene>
<Scene>
<INIT seed="3,0,0,0,5,67" ten="245,245,259,251" oya="3" hai0="135,132,45,94,74,112,106,39,13,83,88,29,72" hai1="81,90,41,130,134,70,107,35,17,30,55,68,77" hai2="53,18,122,133,50,40,117,5,100,131,56,128,1" hai3="21,93,24,87,125,79,61,63,80,33,14,92,126"/><W52/><G33/><T96/><D29/><U31/><E107/><V82/><F117/><W119/><G119/><T89/><D13/><U38/><E134/><N who="0" m="51241" /><D39/><U44/><E130/><N who="2" m="49707" /><F100/><W8/><G63/><T69/><D45/><U43/><E43/><V57/><F40/><W62/><G62/><T37/><D37/><U120/><E120/><V7/><F1/><W6/><G126/><T118/><D118/><U2/><E2/><V114/><F114/><W97/><G97/><N who="0" m="57543" /><D69/><U91/><E55/><V111/><F57/><N who="3" m="34983" /><G125/><T109/><D112/><U71/><E17/><AGARI ba="0,0" hai="6,8,14,17,21,24,79,80,87,92,93" m="34983" machi="17" ten="30,2900,0" yaku="8,1,54,1" doraHai="67" who="3" fromWho="1" sc="245,0,245,-29,259,0,251,29" />
</Scene>
<Scene>
<INIT seed="3,1,0,4,4,127" ten="245,216,259,280" oya="3" hai0="103,87,114,89,0,134,9,47,74,34,88,124,91" hai1="12,52,54,40,57,46,130,27,22,129,116,77,78" hai2="98,118,38,37,32,80,121,105,49,70,15,41,39" hai3="131,51,63,94,95,20,100,35,122,106,55,97,10"/><W6/><G122/><T31/><D74/><U42/><E116/><V53/><F32/><W102/><G35/><T50/><D124/><U13/><E27/><V65/><F80/><W83/><G63/><T90/><D134/><U44/><E57/><N who="2" m="32943" /><F15/><W45/><G20/><AGARI ba="1,0" hai="12,13,20,22,40,42,44,46,52,54,77,78,129,130" machi="20" ten="25,8000,1" yaku="22,2,52,2,54,1" doraHai="127" who="1" fromWho="3" sc="245,0,216,83,259,0,280,-83" />
</Scene>
<Scene>
<INIT seed="4,0,0,4,3,38" ten="245,299,259,197" oya="0" hai0="68,65,85,130,91,17,78,81,124,111,52,58,40" hai1="35,131,115,129,9,62,60,13,107,36,116,30,23" hai2="1,87,112,98,49,83,64,76,39,114,19,4,73" hai3="134,15,44,27,120,119,24,29,61,7,54,99,25"/><T133/><D133/><U105/><E116/><V11/><F39/><W34/><G119/><T63/><D124/><U77/><E35/><V3/><F3/><W89/><G134/><T109/><D130/><U122/><E77/><V51/><F64/><W88/><G120/><T102/><D102/><U104/><E122/><V72/><F98/><W67/><G34/><T113/><D113/><N who="2" m="43626" /><F19/><W93/><G29/><T59/><D17/><U45/><E115/><V108/><F108/><N who="0" m="41546" /><D68/><U117/><E117/><V18/><F18/><W127/><G127/><T95/><D59/><U132/><E132/><V103/><F103/><W79/><G79/><T55/><D40/><N who="1" m="22663" /><E23/><V43/><F43/><W2/><G2/><T118/><D118/><U70/><E70/><V12/><F1/><W21/><G89/><T53/><D65/><U80/><E80/><V0/><F0/><W86/><G86/><AGARI ba="0,0" hai="52,53,55,58,63,78,81,85,86,91,95" m="41546" machi="86" ten="30,2900,0" yaku="10,1,54,1" doraHai="38" who="0" fromWho="3" sc="245,29,299,0,259,0,197,-29" />
</Scene>
<Scene>
<INIT seed="4,1,0,5,0,73" ten="274,299,259,168" oya="0" hai0="132,31,86,18,71,128,40,116,13,96,32,61,58" hai1="99,29,1,5,83,22,115,76,135,102,104,105,8" hai2="64,108,72,110,11,100,129,123,54,70,15,10,6" hai3="120,69,106,56,57,79,92,125,60,109,78,87,95"/><T20/><D116/><U46/><E135/><V0/><F123/><W118/><G106/><T103/><D132/><U23/><E105/><V68/><F100/><W48/><G118/><T52/><D128/><U39/><E29/><V37/><F37/><W66/><G109/><T59/><D40/><N who="1" m="22815" /><E115/><V28/><F28/><W127/><G120/><T121/><D121/><U50/><E50/><V33/><F33/><W81/><G69/><T91/><D71/><U93/><E93/><V62/><F70/><W101/><G78/><T17/><D32/><U65/><E65/><V26/><F129/><W84/><G92/><N who="0" m="58759" /><D58/><U30/><E30/><V107/><F26/><W14/><G14/><T133/><D133/><U97/><E97/><V122/><F122/><W24/><G24/><N who="0" m="16775" /><D13/><U19/><E19/><V119/><F119/><W3/><G3/><T7/><D7/><U41/><E41/><V98/><F107/><W49/><G101/><T63/><D63/><U47/><E47/><V94/><F68/><W51/><REACH who="3" step="1"/><G57/><REACH who="3" ten="274,299,259,158" step="2"/><T43/><D43/><U21/><E102/><N who="2" m="60759" /><F108/><W25/><G25/><T124/><D124/><U89/><E104/><V88/><F110/><W80/><G80/><AGARI ba="1,1" hai="17,18,52,59,61,80,86,91" m="16775,58759" machi="80" ten="30,2900,0" yaku="8,1,54,1" doraHai="73" who="0" fromWho="3" sc="274,42,299,0,259,0,158,-32" />
</Scene>
<Scene>
<INIT seed="4,2,0,0,2,24" ten="316,299,259,126" oya="0" hai0="106,104,118,113,68,25,29,39,41,86,13,81,62" hai1="73,26,20,96,3,133,134,72,28,108,55,112,23" hai2="97,127,105,21,122,101,31,121,2,76,98,10,37" hai3="40,115,58,17,60,65,92,83,79,103,94,46,70"/><T130/><D118/><U43/><E108/><V129/><F37/><W53/><G115/><T22/><D113/><U1/><E43/><V82/><F129/><W100/><G17/><T69/><D130/><U88/><E112/><V67/><F127/><W51/><G100/><T6/><D41/><U33/><E33/><V9/><F67/><W5/><G103/><T102/><D39/><U59/><E23/><V80/><F98/><W54/><G54/><T77/><D102/><U56/><E56/><V125/><F125/><W120/><G120/><T61/><D61/><U47/><E47/><V78/><F80/><W0/><G5/><T114/><D114/><U110/><E1/><V87/><F78/><W50/><G0/><T107/><REACH who="0" step="1"/><D62/><REACH who="0" ten="306,299,259,126" step="2"/><N who="1" m="36223" /><E110/><V11/><F121/><W74/><AGARI ba="2,1" hai="40,46,50,51,53,58,60,65,70,74,79,83,92,94" machi="74" ten="20,1500,0" yaku="0,1,7,1" doraHai="24" who="3" fromWho="3" sc="306,-9,299,-6,259,-6,126,31" />
</Scene>
<Scene>
<INIT seed="5,0,0,1,5,18" ten="297,293,253,157" oya="1" hai0="125,121,2,25,65,70,132,7,56,17,105,26,76" hai1="74,111,32,124,66,24,47,115,63,135,89,100,8" hai2="64,21,9,69,103,104,52,98,40,116,99,67,28" hai3="80,61,126,130,102,77,22,114,59,107,134,92,46"/><U85/><E74/><V106/><F40/><W119/><G114/><T79/><D105/><U39/><E115/><V43/><F43/><W68/><G68/><T35/><D70/><U110/><E135/><V55/><F116/><W4/><G134/><T129/><D132/><U91/><E100/><V62/><F67/><W84/><G119/><T30/><D125/><U57/><E124/><V109/><F109/><N who="1" m="41481" /><E8/><V10/><F99/><W82/><G126/><T93/><D129/><U19/><E85/><V72/><F72/><W14/><G130/><T29/><D121/><U113/><E113/><V131/><F104/><W95/><G82/><T117/><D117/><U51/><E39/><V90/><F90/><W1/><G1/><T75/><D75/><U123/><E123/><V15/><F9/><W3/><G3/><T83/><D2/><U87/><E87/><V101/><F101/><W6/><G107/><T42/><D7/><U60/><E60/><V127/><F127/><W112/><G112/><T20/><D93/><U38/><E38/><V86/><F86/><W41/><G102/><T88/><D83/><U71/><E71/><V108/><F131/><W31/><G92/><T50/><D79/><U5/><E5/><N who="2" m="3535" /><F108/><W120/><G95/><T133/><D76/><U33/><E33/><V118/><F118/><W0/><G0/><T36/><D133/><U23/><E32/><V44/><F44/><W97/><G120/><T37/><D88/><U94/><E94/><V16/><F106/><W11/><G6/><T73/><D73/><U128/><E128/><V49/><F103/><RYUUKYOKU ba="0,0" sc="297,-10,293,30,253,-10,157,-10" hai1="19,23,24,47,51,57,63,66,89,91" />
</Scene>
<Scene>
<INIT seed="5,1,0,5,0,39" ten="287,323,243,147" oya="1" hai0="111,44,87,105,17,83,3,76,9,13,24,95,26" hai1="27,109,31,40,54,53,47,19,125,90,122,133,23" hai2="41,51,94,78,103,67,68,8,18,75,112,65,98" hai3="99,121,97,56,32,86,79,135,62,36,100,48,129"/><U57/><E122/><V20/><F68/><W21/><G36/><T59/><D105/><U85/><E133/><V16/><F112/><W93/><G32/><T7/><D111/><U49/><E109/><V101/><F101/><W119/><G121/><T102/><D3/><U134/><E134/><V37/><F37/><W61/><G129/><T30/><D30/><U55/><E125/><V14/><F78/><W63/><G119/><T88/><D102/><U74/><E74/><V25/><F75/><W70/><G70/><T127/><D127/><U118/><E118/><V82/><F82/><W34/><G34/><T33/><D33/><U43/><E31/><V28/><F28/><W5/><G5/><T96/><D17/><U108/><E108/><V4/><F4/><W124/><G124/><T42/><D59/><U22/><E22/><V123/><F123/><W72/><G72/><T106/><D106/><U130/><E130/><V10/><F10/><W92/><G21/><T116/><D116/><U81/><E55/><V6/><F18/><W84/><G79/><T126/><D126/><U77/><E77/><V64/><F64/><W131/><G131/><T35/><D35/><U15/><E27/><V110/><F110/><W60/><G135/><T50/><AGARI ba="1,0" hai="7,9,13,24,26,42,44,50,76,83,87,88,95,96" machi="50" ten="20,12000,2" yaku="0,1,7,1,25,2,8,1,52,1,54,1" doraHai="39" who="0" fromWho="0" sc="287,123,323,-61,243,-31,147,-31" />
</Scene>
<Scene>
<INIT seed="6,0,0,0,4,108" ten="410,262,212,116" oya="2" hai0="113,44,112,36,124,3,34,123,15,106,46,97,89" hai1="6,116,13,9,72,64,45,30,61,40,135,14,95" hai2="94,119,87,59,131,105,63,21,90,86,103,7,67" hai3="130,4,96,17,31,23,101,71,73,32,52,60,109"/><V99/><F119/><W133/><G109/><T10/><D123/><U92/><E72/><V78/><F131/><W26/><G130/><T12/><D34/><U25/><E116/><V53/><F7/><W35/><G133/><T47/><D36/><U115/><E115/><N who="0" m="44105" /><D124/><U100/><E100/><V49/><F78/><W121/><G73/><T39/><D39/><U58/><E13/><N who="0" m="5193" /><D89/><U102/><E102/><V76/><F76/><W65/><G121/><T24/><D24/><U33/><E135/><V85/><F21/><W81/><G4/><N who="0" m="1311" /><D97/><U56/><E33/><V41/><F90/><W1/><G1/><T80/><D80/><U2/><E25/><V42/><F99/><W70/><G81/><T37/><D37/><U28/><E2/><V79/><F79/><W50/><G70/><T54/><D106/><U55/><E92/><V98/><F105/><W18/><G35/><T75/><D75/><U16/><E95/><V91/><F91/><W62/><G23/><T127/><D127/><U57/><E6/><V29/><F94/><W110/><G110/><T5/><D5/><U126/><E126/><V107/><F107/><W82/><G82/><T120/><D120/><U118/><E118/><V11/><F98/><W83/><G83/><T104/><D104/><U20/><E9/><V69/><F11/><W22/><G32/><T134/><D134/><U66/><E20/><V19/><F87/><W132/><G132/><T43/><D43/><U27/><E40/><V122/><F86/><W125/><G125/><T111/><D111/><U114/><E114/><V48/><F122/><RYUUKYOKU ba="0,0" sc="410,30,262,-10,212,-10,116,-10" hai0="44,46,47,54" />
</Scene>
<Scene>
<INIT seed="7,1,0,0,2,8" ten="440,252,202,106" oya="3" hai0="69,25,35,122,107,89,110,3,131,18,126,119,10" hai1="118,40,111,7,88,52,59,27,73,79,29,112,46" hai2="68,24,14,120,103,36,84,123,91,127,23,38,32" hai3="37,4,96,6,95,50,5,93,63,30,28,86,53"/><W114/><G37/><T90/><RYUUKYOKU type="yao9" ba="1,0" sc="440,0,252,0,202,0,106,0" hai0="3,10,18,25,35,69,89,90,107,110,119,122,126,131" />
</Scene>
<Scene>
<INIT seed="7,2,0,2,5,75" ten="440,252,202,106" oya="3" hai0="12,126,31,128,77,114,117,53,4,14,30,7,86" hai1="62,59,96,69,129,51,19,2,38,29,87,35,36" hai2="43,33,8,100,111,46,16,83,39,66,104,91,74" hai3="52,28,80,116,65,78,84,44,81,17,56,108,107"/><W1/><G116/><T27/><D126/><U67/><E2/><V68/><F33/><W112/><G1/><T26/><D53/><U18/><E96/><V101/><F104/><W63/><G107/><T25/><D117/><U48/><E38/><V15/><F111/><W58/><G108/><T90/><D77/><U97/><E36/><V98/><F98/><W6/><G112/><T134/><D134/><U64/><E97/><V72/><F72/><W21/><G6/><T105/><D105/><U94/><E129/><V11/><F91/><W110/><G110/><T20/><D128/><U76/><E18/><V54/><F54/><W40/><G28/><T10/><D114/><U45/><E19/><V88/><F74/><W124/><G124/><T73/><D73/><U109/><E109/><V89/><F89/><W92/><G92/><N who="0" m="54359" /><D20/><U132/><E132/><V122/><F15/><W120/><G81/><T24/><D24/><U115/><E115/><V55/><F11/><AGARI ba="2,0" hai="4,7,10,11,12,14,25,26,27,30,31" m="54359" machi="11" ten="30,1000,0" yaku="8,1" doraHai="75" who="0" fromWho="2" sc="440,16,252,0,202,-16,106,0" owari="456,55.0,252,5.0,186,-21.0,106,-39.0" />
</Scene>
</mjloggm>