<mjloggm ver="2.3"><GO type="225" lobby="0"/><UN n0="%E5%A4%AA%E3%81%8F%E3%81%AA%E3%81%84%E3%81%8A" n1="%66%78%78%6B%69%6E" n2="%E8%BF%A6%E9%99%B5%E9%A0%BB%E4%BC%BD" n3="%E3%82%B4%E3%83%BC%E3%83%AB%E3%83%87%E3%83%B3%E3%81%B2%E3%82%88%E3%81%93" dan="18,16,17,17" rate="2200.91,2103.23,2152.57,2254.79" sx="M,M,F,M"/><TAIKYOKU oya="0"/>

<Scene>
<INIT seed="0,0,0,4,0,52" ten="250,250,250,250" oya="0" hai0="104,33,83,80,23,41,86,106,128,36,18,100,5" hai1="121,31,44,1,50,58,77,132,93,74,122,73,39" hai2="7,11,56,24,111,70,101,114,108,19,53,4,67" hai3="82,109,81,113,68,120,62,130,8,88,51,118,49"/><T63/><D33/><U55/><E1/><V40/><F114/><W10/><G113/><T32/><D32/><U13/><E132/><V134/><F40/><W72/><G118/><T69/><D5/><U12/><E31/><V79/><F134/><W119/><G119/><T123/><D123/><U45/><E77/><V22/><F101/><W97/><G120/><T65/><D128/><U28/><E28/><V112/><F112/><W57/><G68/><T17/><D100/><U75/><E121/><V78/><F67/><N who="3" m="39375" /><G109/><N who="2" m="42057" /><F70/><W43/><G72/><T90/><D83/><N who="3" m="31753" /><G130/><T9/><D9/><N who="3" m="3689" /><G43/><T64/><D41/><U59/><E122/><V6/><F11/><W2/><G2/><T42/><D42/><U98/><E39/><V125/><F125/><W3/><G3/><T14/><D36/><U48/><E73/><V35/><F35/><W94/><AGARI ba="0,0" hai="49,51,88,94,97" m="3689,31753,39375" machi="94" ten="30,4000,0" yaku="8,1,52,1,54,1" doraHai="52" who="3" fromWho="3" sc="250,-20,250,-10,250,-10,250,40" />
</Scene>
<Scene>
<INIT seed="1,0,0,4,4,15" ten="230,240,240,290" oya="1" hai0="9,96,34,129,23,39,119,18,133,25,30,107,38" hai1="13,97,90,46,63,7,59,101,120,94,61,55,5" hai2="66,27,114,73,113,115,1,122,10,43,11,36,0" hai3="93,14,102,52,79,82,26,98,104,99,21,127,19"/><U41/><E120/><V85/><F73/><W123/><G127/><T32/><D119/><U6/><E61/><V109/><F109/><W3/><G3/><N who="2" m="1097" /><F66/><W29/><G123/><T83/><D133/><U22/><E101/><V130/><F85/><W134/><G134/><T2/><D129/><U106/><E106/><V112/><F122/><W33/><G52/><T68/><D68/><U78/><E78/><V132/><F132/><W71/><G71/><T86/><D96/><U74/><E74/><V88/><F130/><W131/><G131/><T126/><D107/><U70/><E70/><V100/><F100/><W16/><G19/><T62/><D62/><U44/><E41/><V72/><F72/><W84/><REACH who="3" step="1"/><G99/><REACH who="3" ten="230,240,240,280" step="2"/><T53/><D53/><U47/><REACH who="1" step="1"/><E22/><REACH who="1" ten="230,230,240,280" step="2"/><V64/><F115/><W103/><G103/><T69/><D69/><U92/><E92/><AGARI ba="0,2" hai="14,16,21,26,29,33,79,82,84,92,93,98,102,104" machi="92" ten="40,5200,0" yaku="1,1,52,1,54,1,53,0" doraHai="15" doraHaiUra="67" who="3" fromWho="1" sc="230,0,230,-52,240,0,280,72" />
</Scene>
<Scene>
<INIT seed="2,0,0,3,3,7" ten="230,178,240,352" oya="2" hai0="65,46,56,31,15,114,93,4,52,96,11,67,6" hai1="45,16,63,91,103,133,80,13,134,116,127,26,57" hai2="53,111,23,118,33,84,78,92,87,5,40,129,122" hai3="90,10,41,17,42,112,126,55,102,83,101,32,132"/><V27/><F118/><W98/><G32/><T77/><D114/><U62/><E116/><V47/><F122/><W37/><G112/><T100/><D77/><U82/><E127/><V113/><F33/><W108/><G126/><T28/><D46/><U68/><E68/><V109/><F113/><W25/><G37/><T60/><D4/><U88/><E103/><V89/><F53/><W125/><G125/><T104/><D104/><U61/><E26/><V18/><F129/><W44/><G132/><T50/><REACH who="0" step="1"/><D65/><REACH who="0" ten="220,178,240,352" step="2"/><U76/><E45/><V79/><F5/><W131/><G44/><T36/><D36/><U0/><E0/><V54/><F40/><W99/><G42/><T124/><D124/><U9/><E57/><V39/><F39/><W20/><G41/><T85/><D85/><N who="1" m="48263" /><E82/><V59/><F47/><W21/><G55/><T74/><D74/><U69/><E69/><V34/><F87/><W86/><G86/><T105/><D105/><U22/><E133/><V94/><F79/><W123/><G83/><T1/><D1/><U3/><E134/><V30/><F78/><W70/><G70/><T66/><D66/><U130/><E130/><V43/><F43/><W119/><G131/><T110/><D110/><U58/><E3/><V72/><F72/><W19/><G108/><T2/><D2/><U64/><E22/><V73/><F73/><W51/><G20/><T71/><AGARI ba="0,1" hai="6,11,15,28,31,50,52,56,60,67,71,93,96,100" machi="71" ten="20,8000,1" yaku="1,1,0,1,7,1,52,1,54,1,53,0" doraHai="7" doraHaiUra="120" who="0" fromWho="0" sc="220,90,178,-20,240,-40,352,-20" />
</Scene>
<Scene>
<INIT seed="3,0,0,4,1,129" ten="310,158,200,332" oya="3" hai0="119,46,105,7,41,113,87,71,102,1,64,110,126" hai1="88,37,26,65,76,73,114,58,96,17,29,13,115" hai2="134,0,116,4,56,127,125,21,68,10,19,36,8" hai3="120,35,51,27,107,117,2,85,31,78,122,25,61"/><W100/><G117/><T59/><D87/><U101/><E37/><V66/><F68/><W16/><G2/><T60/><D119/><U48/><E73/><V28/><F36/><W50/><G61/><T83/><D59/><U20/><E76/><V69/><F69/><W89/><G78/><T84/><D84/><U135/><E135/><V93/><F134/><W128/><G128/><T39/><D83/><U40/><E40/><V18/><F93/><W112/><G112/><T97/><D110/><U42/><E42/><V53/><F66/><W15/><G27/><T132/><D126/><N who="2" m="48138" /><F116/><W70/><G70/><T106/><D113/><U55/><E65/><V118/><F118/><W109/><G109/><T9/><D132/><U47/><E47/><V91/><F91/><W79/><G79/><T30/><D30/><U67/><E67/><V44/><F10/><W72/><G72/><T23/><D23/><U123/><E123/><V121/><F44/><W63/><G63/><T131/><D131/><U45/><E45/><V38/><F38/><W80/><G122/><T92/><D92/><U54/><E54/><V24/><F121/><W11/><G120/><T108/><D108/><U133/><E133/><V82/><F82/><W74/><G74/><T6/><D6/><U52/><E55/><V86/><F86/><W81/><G80/><T75/><D75/><U3/><E3/><V103/><F103/><W99/><AGARI ba="0,0" hai="11,15,16,25,31,35,50,51,81,85,89,99,100,107" machi="99" ten="30,3000,0" yaku="0,1,54,1" doraHai="129" who="3" fromWho="3" sc="310,-10,158,-10,200,-10,332,30" owari="300,10.0,148,-35.0,190,-21.0,362,46.0" />
</Scene>
</mjloggm>