<mjloggm ver="2.3"><GO type="169" lobby="0"/><UN n0="%E5%A4%AA%E3%81%8F%E3%81%AA%E3%81%84%E3%81%8A" n1="%E2%98%86%E9%BB%84%E7%80%AC%E3%82%84%E3%82%88%E3%81%84%E2%98%86" n2="%E8%B5%A4%E8%A3%8F%E3%83%9B%E3%82%B7%E3%83%BC%E3%83%8E" n3="%E3%82%88%E3%81%86%E3%81%B8%E3%83%BC%58" dan="17,16,16,16" rate="2149.01,2050.94,2138.75,2026.19" sx="M,F,M,M"/><TAIKYOKU oya="0"/>

<Scene>
<INIT seed="0,0,0,1,5,85" ten="250,250,250,250" oya="0" hai0="10,111,71,82,33,73,54,58,5,20,96,16,112" hai1="108,19,127,42,51,100,103,59,94,46,70,118,128" hai2="3,30,97,83,26,91,49,135,38,92,72,45,27" hai3="63,124,40,125,106,6,17,64,121,62,56,13,109"/><T47/><D71/><U18/><E118/><V90/><F135/><W37/><G106/><T22/><D33/><U68/><E127/><N who="3" m="48714" /><G6/><T101/><D112/><U1/><E108/><V55/><F3/><W105/><G105/><T77/><D47/><U9/><E128/><V81/><F38/><W75/><G75/><T87/><D73/><U66/><E70/><V23/><F27/><W98/><G109/><T39/><D39/><U110/><E110/><V2/><F2/><W50/><G98/><T15/><D111/><U25/><E68/><V7/><F7/><W78/><G78/><T31/><D31/><U119/><E119/><V76/><REACH who="2" step="1"/><F83/><REACH who="2" ten="250,250,240,250" step="2"/><W89/><G37/><T41/><D5/><U32/><E25/><V79/><F79/><W60/><G121/><T134/><D134/><U120/><E1/><V48/><F48/><W36/><G36/><T69/><D69/><U65/><E120/><V8/><F8/><N who="3" m="6311" /><G63/><T44/><D10/><U95/><E9/><V130/><F130/><W122/><G62/><T132/><D132/><U84/><E51/><V131/><F131/><W4/><G4/><T102/><D22/><U93/><E32/><V126/><F126/><W57/><G122/><T115/><D20/><U88/><E18/><V35/><F35/><W114/><G114/><T99/><D115/><U67/><E19/><V29/><F29/><W117/><G117/><T80/><D16/><U0/><E0/><V12/><F12/><W34/><G34/><T129/><D15/><U52/><E100/><AGARI ba="0,1" hai="23,26,30,45,49,55,72,76,81,90,91,92,97,100" machi="100" ten="30,7700,0" yaku="1,1,7,1,52,2,53,0" doraHai="85" doraHaiUra="14" who="2" fromWho="1" sc="250,0,250,-77,240,87,250,0" />
</Scene>
<Scene>
<INIT seed="1,0,0,1,2,49" ten="250,173,327,250" oya="1" hai0="48,54,89,81,68,21,32,120,50,110,1,86,114" hai1="15,93,41,111,87,52,113,17,14,26,37,105,46" hai2="130,66,42,127,59,125,121,123,56,99,76,31,71" hai3="118,45,28,100,0,8,12,24,135,116,69,40,20"/><U107/><E113/><V119/><F31/><W4/><G135/><T74/><D32/><U27/><E111/><V112/><F99/><W65/><G100/><T70/><D114/><U92/><E15/><V82/><F112/><W78/><G78/><T117/><D117/><N who="3" m="45161" /><G65/><T133/><D1/><U95/><E87/><V39/><F119/><W34/><G69/><T62/><D110/><U101/><E101/><V23/><F23/><W80/><G80/><T57/><D133/><U2/><E2/><V124/><F82/><W115/><G115/><T53/><D120/><N who="2" m="46154" /><F76/><W83/><G83/><T104/><D104/><U30/><E30/><V58/><F130/><W18/><G45/><T7/><D74/><U47/><E105/><V25/><F25/><N who="3" m="18703" /><G40/><T19/><D7/><U85/><E107/><V44/><F71/><W91/><G91/><T3/><D3/><AGARI ba="0,0" hai="0,3,4,8,12,18,20,24" m="18703,45161" machi="3" ten="30,3900,0" yaku="12,1,34,2" doraHai="49" who="3" fromWho="0" sc="250,-39,173,0,327,0,250,39" />
</Scene>
<Scene>
<INIT seed="2,0,0,0,5,25" ten="211,173,327,289" oya="2" hai0="0,69,107,73,55,20,17,110,10,135,99,68,117" hai1="57,83,29,22,27,6,3,63,61,50,84,38,40" hai2="102,16,46,12,130,133,129,104,125,19,47,7,93" hai3="48,71,126,85,94,81,14,97,11,116,28,119,128"/><V33/><F104/><W98/><G128/><N who="2" m="49257" /><F33/><W74/><G126/><T54/><D73/><U120/><E120/><V108/><F125/><W92/><G71/><T34/><D34/><U100/><E38/><V42/><F133/><W76/><G28/><T37/><D37/><U58/><E100/><V32/><F32/><W51/><G11/><T105/><D135/><U65/><E3/><V113/><F113/><W88/><G14/><T132/><D132/><U36/><E6/><V134/><F134/><W78/><G48/><T131/><D131/><U35/><E36/><V41/><F7/><W60/><G51/><T115/><D115/><U66/><E35/><V13/><F93/><W4/><G60/><T53/><D110/><U77/><REACH who="1" step="1"/><E50/><REACH who="1" ten="211,163,327,289" step="2"/><N who="2" m="26959" /><F102/><N who="3" m="60711" /><G4/><T91/><D0/><U9/><E9/><V124/><F124/><W30/><G119/><T26/><D10/><U52/><E52/><V67/><F67/><W86/><G116/><T5/><D5/><U1/><E1/><V118/><F118/><W70/><G70/><N who="0" m="27243" /><D117/><U82/><E82/><V24/><F108/><W95/><G81/><T18/><D54/><U49/><E49/><V80/><F80/><W87/><G74/><T31/><D55/><U64/><E64/><V23/><F47/><W127/><G127/><T45/><D53/><U75/><E75/><V72/><F72/><W121/><G121/><T114/><D45/><U101/><E101/><V90/><F42/><AGARI ba="0,1" hai="22,27,29,40,42,57,58,61,63,65,66,77,83,84" machi="42" ten="40,12000,2" yaku="1,1,9,1,8,1,52,1,53,2" doraHai="25" doraHaiUra="56" who="1" fromWho="2" sc="211,0,163,130,327,-120,289,0" />
</Scene>
<Scene>
<INIT seed="3,0,0,5,3,33" ten="211,293,207,289" oya="3" hai0="47,104,3,108,50,122,113,4,89,117,16,133,85" hai1="96,11,30,55,83,41,9,76,31,116,100,8,43" hai2="25,12,60,79,22,29,1,126,7,59,97,54,105" hai3="102,82,112,27,121,78,39,0,46,101,91,115,120"/><W130/><G0/><T14/><D117/><U77/><E116/><V119/><F119/><W99/><G27/><T118/><D118/><U38/><E38/><V28/><F126/><W56/><G56/><T125/><D122/><N who="3" m="47209" /><G46/><T114/><D104/><U86/><E76/><V70/><F70/><W52/><G52/><N who="0" m="29791" /><D125/><U58/><E43/><V19/><F79/><W15/><G15/><T129/><D129/><U73/><E41/><V87/><F87/><N who="3" m="48599" /><G39/><T103/><D103/><N who="3" m="39433" /><G130/><T51/><D51/><U68/><E68/><V72/><F72/><W74/><G74/><T64/><D64/><U80/><E73/><V84/><F84/><W92/><AGARI ba="0,0" hai="91,92,99,112,115" m="39433,48599,47209" machi="92" ten="30,3000,0" yaku="34,2" doraHai="33" who="3" fromWho="3" sc="211,-10,293,-10,207,-10,289,30" />
</Scene>
<Scene>
<INIT seed="3,1,0,1,3,73" ten="201,283,197,319" oya="3" hai0="99,33,23,69,34,88,100,95,28,59,5,120,115" hai1="26,116,89,112,109,67,47,61,86,31,114,103,71" hai2="56,122,104,135,75,123,40,10,82,45,90,18,62" hai3="68,133,16,63,101,12,21,0,22,124,8,121,77"/><W55/><G121/><N who="2" m="46089" /><F104/><W29/><G133/><T53/><D120/><U118/><E109/><V110/><F135/><W58/><G124/><T132/><D132/><U76/><E103/><V27/><F110/><W1/><G68/><T44/><D69/><U52/><E47/><V51/><F90/><W79/><G101/><T64/><D115/><U4/><E4/><V130/><F130/><W108/><G108/><T74/><D74/><U60/><E60/><V106/><F106/><W125/><G125/><T43/><D5/><U70/><E70/><V117/><F117/><N who="1" m="45161" /><E52/><N who="2" m="34055" /><F82/><W126/><G126/><T11/><D64/><U94/><E112/><V91/><F91/><W96/><G96/><T83/><D100/><U30/><E114/><V81/><F81/><W65/><G65/><T134/><D83/><N who="1" m="47463" /><E26/><V9/><F75/><W78/><REACH who="3" step="1"/><G29/><REACH who="3" ten="201,283,197,309" step="2"/><T42/><D28/><U97/><AGARI ba="1,1" hai="30,31,61,67,71,89,94,97" m="47463,45161" machi="97" ten="30,2000,0" yaku="12,1,52,1" doraHai="73" who="1" fromWho="1" sc="201,-6,283,33,197,-6,309,-11" />
</Scene>
<Scene>
<INIT seed="4,0,0,4,3,52" ten="195,316,191,298" oya="0" hai0="98,121,124,46,14,87,115,5,64,19,125,22,61" hai1="48,133,17,129,24,103,116,59,44,53,40,101,51" hai2="77,39,31,4,109,7,128,34,6,65,99,57,30" hai3="67,38,60,23,73,78,126,11,55,68,62,104,75"/><T43/><D121/><U123/><E116/><V2/><F39/><W49/><G126/><T71/><D115/><U110/><E110/><V70/><F70/><W41/><G104/><T16/><D5/><U27/><E133/><V89/><F109/><W80/><G23/><T56/><D98/><U21/><E129/><V107/><F77/><W18/><G62/><T82/><D19/><U12/><E123/><V26/><F31/><W76/><G18/><T135/><D135/><U111/><E111/><V127/><F128/><W66/><G11/><T45/><D71/><U63/><E63/><V120/><F120/><W36/><G67/><T106/><D106/><U96/><E103/><V117/><F117/><W86/><G41/><T131/><D131/><U93/><AGARI ba="0,0" hai="12,17,21,24,27,40,44,48,51,53,59,93,96,101" machi="93" ten="20,5200,0" yaku="0,1,7,1,8,1,52,1" doraHai="52" who="1" fromWho="1" sc="195,-26,316,52,191,-13,298,-13" />
</Scene>
<Scene>
<INIT seed="5,0,0,2,0,34" ten="169,368,178,285" oya="1" hai0="117,87,129,22,38,89,63,102,88,99,40,61,10" hai1="134,7,57,24,116,93,97,1,118,103,36,26,30" hai2="86,20,111,46,11,35,4,52,81,135,32,51,69" hai3="77,45,21,128,106,112,109,104,31,67,42,131,130"/><U18/><E36/><V110/><F69/><W124/><G109/><T49/><D117/><U78/><E134/><V123/><F135/><W2/><G124/><T73/><D73/><U6/><E78/><V12/><F123/><W121/><G121/><T85/><D38/><U101/><E101/><V107/><F107/><N who="3" m="41003" /><G112/><T114/><D114/><U108/><E108/><V64/><F64/><W5/><G67/><T3/><D129/><U122/><E122/><V37/><F37/><N who="3" m="21711" /><G77/><T127/><D127/><U72/><E72/><V119/><F119/><W44/><G44/><T115/><D115/><U23/><E57/><V28/><F111/><W70/><G70/><T59/><D40/><U126/><E126/><V91/><F110/><W27/><G5/><T54/><D22/><U0/><E7/><V82/><F82/><W105/><N who="3" m="41011" /><W15/><DORA hai="83" /><G15/><T56/><D56/><U13/><E6/><V120/><REACH who="2" step="1"/><F120/><REACH who="2" ten="169,368,168,285" step="2"/><W14/><G131/><T133/><D133/><U41/><E118/><V19/><F19/><W65/><G65/><T75/><D75/><U16/><E116/><V39/><F39/><W25/><G130/><T8/><D63/><U95/><E18/><V29/><F29/><N who="3" m="17583" /><G128/><T60/><D61/><U48/><E30/><V66/><F66/><W90/><G31/><T132/><D132/><U94/><E16/><V47/><F47/><W62/><G62/><T17/><D60/><U80/><E80/><V74/><F74/><W71/><G71/><T76/><D17/><U98/><E48/><V55/><F55/><W96/><G27/><AGARI ba="0,1" hai="4,11,12,20,27,28,32,35,46,51,52,81,86,91" machi="27" ten="40,8000,1" yaku="1,1,52,1,54,1,53,1" doraHai="34,83" doraHaiUra="68,84" who="2" fromWho="3" sc="169,0,368,0,168,90,285,-80" />
</Scene>
<Scene>
<INIT seed="6,0,0,4,0,27" ten="169,368,258,205" oya="2" hai0="126,112,41,130,84,114,75,14,59,9,12,64,120" hai1="26,129,38,43,89,96,11,97,4,104,103,56,74" hai2="50,34,45,8,36,87,48,37,61,35,99,73,65" hai3="116,94,54,100,6,134,2,16,93,23,22,40,46"/><V21/><F73/><W5/><G116/><T102/><D75/><U70/><E74/><V17/><F8/><W58/><G134/><T15/><D120/><U1/><E70/><V57/><F50/><W42/><G2/><T98/><D41/><N who="3" m="15977" /><G46/><T106/><D126/><U133/><E133/><V124/><F124/><W28/><G100/><T119/><D119/><U108/><E108/><V113/><F113/><N who="0" m="43626" /><D130/><U32/><E129/><V51/><F51/><N who="3" m="31071" /><G94/><T117/><D117/><U7/><E38/><V63/><F63/><W44/><G93/><T24/><D84/><U111/><E111/><V95/><F87/><W122/><G44/><T86/><D86/><U60/><E43/><V132/><F132/><W118/><G122/><T82/><D82/><U101/><E89/><V91/><F37/><W67/><G67/><T80/><D80/><U3/><E3/><V47/><F36/><W135/><G135/><T110/><D110/><U115/><E1/><V53/><REACH who="2" step="1"/><F47/><REACH who="2" ten="169,368,248,205" step="2"/><W30/><G118/><T31/><D59/><U88/><E115/><V66/><F66/><W109/><G109/><T10/><D64/><U29/><E56/><V68/><F68/><W55/><G55/><T20/><AGARI ba="0,1" hai="9,10,12,14,15,20,24,31,98,102,106" m="43626" machi="20" ten="30,2000,0" yaku="15,1,52,1" doraHai="27" who="0" fromWho="0" sc="169,30,368,-5,248,-10,205,-5" />
</Scene>
<Scene>
<INIT seed="7,0,0,5,3,11" ten="199,363,238,200" oya="3" hai0="84,49,5,103,133,43,130,24,74,86,16,39,38" hai1="3,75,69,92,111,132,17,110,70,106,23,124,112" hai2="44,41,33,6,134,45,47,123,28,30,58,71,122" hai3="7,57,51,67,120,135,127,80,50,77,107,25,83"/><W95/><G120/><N who="2" m="46121" /><F71/><W108/><G107/><T9/><D74/><U105/><E92/><V81/><F134/><W62/><G108/><T119/><D119/><U72/><E23/><V48/><F6/><W126/><G135/><T0/><D103/><U29/><E3/><V26/><F28/><W40/><G7/><T98/><D98/><U15/><E75/><V114/><F114/><W34/><G95/><T64/><D64/><U12/><E106/><V65/><F81/><N who="3" m="31307" /><G40/><T42/><D130/><U125/><E105/><V21/><F33/><W89/><G89/><T82/><D133/><U113/><E72/><V68/><F68/><W96/><G96/><T60/><D84/><U36/><E132/><V8/><F8/><W61/><G77/><T115/><D115/><U35/><E35/><V116/><F116/><W52/><G25/><T90/><D24/><U37/><E29/><V97/><F97/><W87/><G87/><T91/><D86/><U129/><E129/><V118/><F118/><W56/><G34/><T20/><D82/><U66/><E111/><V104/><F104/><W53/><G67/><T54/><D91/><U59/><E110/><V18/><F30/><W100/><G100/><T94/><D90/><U128/><E66/><V31/><F31/><W19/><G19/><T63/><D94/><U14/><E17/><V76/><F76/><W88/><G88/><T102/><D102/><U93/><E128/><V85/><F85/><W101/><G101/><T32/><D32/><U78/><E78/><V2/><F2/><W121/><G121/><T13/><D0/><RYUUKYOKU ba="0,0" sc="199,-15,363,-15,238,15,200,15" hai2="18,21,26,41,44,45,47,48,58,65" hai3="50,51,52,53,56,57,61,62,126,127" />
</Scene>
<Scene>
<INIT seed="7,1,0,3,4,2" ten="184,348,253,215" oya="3" hai0="86,93,36,119,60,69,41,134,11,102,40,116,4" hai1="87,96,1,38,101,18,64,109,42,46,115,27,66" hai2="49,84,12,127,5,131,108,117,43,55,112,3,81" hai3="130,72,77,135,125,20,9,110,91,13,82,94,73"/><W37/><G37/><T23/><D134/><U6/><E109/><V62/><F108/><W10/><G110/><T32/><D32/><U15/><E115/><V19/><F112/><W92/><G135/><T28/><D28/><U80/><E27/><V132/><F132/><W21/><G130/><T75/><D75/><U33/><E33/><V63/><F43/><W65/><G125/><T34/><D34/><U124/><E124/><V35/><F35/><W67/><G91/><T89/><D23/><U111/><E111/><V53/><F117/><W98/><G98/><T50/><D36/><U26/><E26/><V31/><F31/><W8/><G13/><T128/><D102/><U123/><E123/><V58/><F131/><W83/><REACH who="3" step="1"/><G10/><REACH who="3" ten="184,348,253,205" step="2"/><T61/><D128/><U79/><E15/><V29/><F12/><W103/><G103/><T118/><D69/><U133/><E133/><V48/><F3/><W85/><G85/><T54/><D40/><U78/><E42/><V45/><F84/><W59/><G59/><T70/><D41/><U97/><E87/><V88/><F58/><W121/><G121/><T44/><REACH who="0" step="1"/><D70/><REACH who="0" ten="174,348,253,205" step="2"/><U16/><E38/><V107/><F127/><W95/><G95/><T114/><D114/><U30/><E80/><V120/><F81/><W47/><G47/><T39/><D39/><U104/><E46/><V90/><F45/><W76/><AGARI ba="1,2" hai="8,9,20,21,65,67,72,73,76,77,82,83,92,94" machi="76" ten="25,18000,2" yaku="1,1,0,1,22,2,53,2" doraHai="2" doraHaiUra="74" who="3" fromWho="3" sc="174,-61,348,-61,253,-61,205,203" owari="113,-39.0,287,9.0,192,-21.0,408,51.0" />
</Scene>
</mjloggm>