<mjloggm ver="2.3"><GO type="169" lobby="0"/><UN n0="%6A%75%6D%70%2D%75%70" n1="%E5%A4%AA%E3%81%8F%E3%81%AA%E3%81%84%E3%81%8A" n2="%E6%9C%9D%E5%80%89%E6%9C%88%E5%A5%88" n3="%73%68%61%6F" dan="17,17,16,18" rate="2167.28,2131.06,2099.93,2246.82" sx="M,M,M,M"/><TAIKYOKU oya="0"/>

<Scene>
<INIT seed="0,0,0,2,1,92" ten="250,250,250,250" oya="0" hai0="53,1,111,61,118,108,100,52,109,60,114,67,30" hai1="83,34,95,36,90,57,58,47,134,5,104,16,27" hai2="59,116,50,126,120,103,37,66,99,86,88,28,44" hai3="31,133,94,65,119,11,45,8,76,19,56,135,15"/><T96/><D118/><U29/><E104/><V71/><F120/><W54/><G119/><T24/><D114/><U130/><E5/><V26/><F116/><W22/><G76/><T85/><D85/><U64/><E134/><N who="3" m="51210" /><G31/><T123/><D1/><U75/><E130/><V84/><F126/><W93/><G65/><T82/><D82/><U87/><E64/><V112/><F112/><W78/><G45/><T0/><D0/><U68/><E68/><V121/><F121/><W74/><G78/><T91/><D91/><U2/><E2/><V132/><F132/><W80/><G80/><T23/><D123/><U20/><E75/><V129/><F71/><W13/><G74/><T69/><D61/><U51/><E36/><V128/><F37/><W14/><G8/><T40/><D40/><U41/><REACH who="1" step="1"/><E83/><REACH who="1" ten="250,240,250,250" step="2"/><V62/><F128/><W42/><G42/><T9/><D9/><U48/><E48/><V113/><F129/><W127/><G127/><T4/><D4/><U106/><E106/><AGARI ba="0,1" hai="23,24,30,52,53,60,67,69,96,100,106,108,109,111" machi="106" ten="40,12000,1" yaku="14,1,10,1,52,1,54,1" doraHai="92" who="0" fromWho="1" sc="250,130,240,-120,250,0,250,0" />
</Scene>
<Scene>
<INIT seed="0,1,0,1,2,8" ten="380,120,250,250" oya="0" hai0="13,60,65,64,47,120,21,33,12,14,95,26,15" hai1="89,112,11,70,135,90,93,36,119,129,34,132,122" hai2="68,126,6,40,23,118,81,57,58,128,38,50,87" hai3="7,53,27,127,66,45,80,108,131,52,48,123,83"/><T96/><D120/><U121/><E34/><V71/><F118/><W32/><G123/><N who="1" m="47114" /><E36/><V115/><F6/><W18/><G108/><T67/><D33/><U107/><E70/><V134/><F23/><W105/><G105/><T39/><D39/><U35/><E35/><V124/><F87/><W51/><G127/><N who="2" m="48681" /><F81/><W25/><G131/><T104/><D104/><U85/><E11/><V20/><F20/><W22/><G66/><T92/><N who="0" m="3584" /><DORA hai="98" /><T114/><D114/><U69/><E69/><V76/><F76/><W101/><G7/><T130/><D130/><U116/><E129/><V72/><F72/><W19/><G19/><N who="0" m="12607" /><D47/><U86/><E107/><V79/><F38/><W75/><G75/><T125/><D125/><U41/><E112/><V31/><F71/><W91/><G32/><T84/><D84/><U37/><E37/><V110/><F68/><W88/><G45/><T61/><D95/><N who="1" m="54703" /><E41/><V46/><F40/><W9/><G9/><T24/><D24/><U94/><E94/><V106/><F115/><W10/><G10/><T17/><D17/><U103/><E119/><V113/><F106/><W59/><G18/><T117/><D117/><U133/><E116/><V49/><F113/><W74/><G74/><T44/><D44/><U97/><E86/><V16/><F16/><W63/><G27/><T29/><D29/><U100/><AGARI ba="1,0" hai="90,93,97,100,103,132,133,135" m="54703,47114" machi="100" ten="40,8000,1" yaku="20,1,34,2,52,2" doraHai="8,98" who="1" fromWho="1" sc="380,-41,120,83,250,-21,250,-21" />
</Scene>
<Scene>
<INIT seed="1,0,0,4,1,31" ten="339,203,229,229" oya="1" hai0="32,102,78,54,24,104,10,112,120,22,86,88,39" hai1="100,28,99,14,130,132,4,8,57,114,45,98,7" hai2="66,77,92,133,18,108,15,76,36,25,0,5,40" hai3="105,35,126,12,74,46,27,72,60,61,58,33,135"/><U101/><E114/><V125/><F133/><W87/><G135/><T116/><D32/><U30/><E132/><V95/><F66/><W127/><G105/><T52/><D39/><U3/><E130/><V49/><F36/><W119/><G119/><T64/><D116/><U106/><E45/><V134/><F0/><W75/><G12/><T6/><D78/><U21/><E57/><V89/><F125/><N who="3" m="47627" /><G27/><T123/><D64/><U103/><E103/><V38/><F38/><W34/><G46/><T13/><D102/><U2/><E21/><V41/><F25/><W56/><G87/><T62/><D62/><AGARI ba="0,0" hai="33,34,35,56,58,60,61,62,72,74,75" m="47627" machi="62" ten="50,12000,2" yaku="28,2,18,1,52,3" doraHai="31" who="3" fromWho="0" sc="339,-120,203,0,229,0,229,120" />
</Scene>
<Scene>
<INIT seed="2,0,0,4,4,16" ten="219,203,229,349" oya="2" hai0="125,97,78,23,79,77,73,42,3,84,58,120,52" hai1="4,37,100,95,8,59,67,49,47,88,9,32,12" hai2="128,123,22,0,116,36,103,39,24,44,114,111,63" hai3="31,25,112,48,129,91,109,60,54,92,64,90,81"/><V17/><F116/><W134/><G109/><T83/><D125/><U106/><E32/><V70/><F123/><W14/><G134/><T26/><D120/><U57/><E37/><V75/><F114/><W86/><G129/><T40/><D3/><U43/><E106/><V34/><F75/><W46/><G14/><T18/><D97/><U105/><E105/><V126/><F0/><W56/><G112/><T30/><D30/><U28/><E100/><V6/><F6/><W55/><G64/><T33/><D33/><U41/><E28/><V89/><F103/><W76/><REACH who="3" step="1"/><G92/><REACH who="3" ten="219,203,229,339" step="2"/><T102/><D102/><U98/><E67/><V127/><F111/><W132/><G132/><T117/><D117/><U2/><REACH who="1" step="1"/><E41/><REACH who="1" ten="219,193,229,339" step="2"/><N who="0" m="15977" /><D73/><U66/><E66/><V107/><F127/><W104/><G104/><T121/><D121/><U10/><E10/><V122/><F126/><W72/><G72/><T7/><D7/><AGARI ba="0,2" hai="2,4,7,8,9,12,43,47,49,57,59,88,95,98" machi="7" ten="30,3900,0" yaku="1,1,7,1,54,1,53,0" doraHai="16" doraHaiUra="65" who="1" fromWho="0" sc="219,-39,193,59,229,0,339,0" />
</Scene>
<Scene>
<INIT seed="3,0,0,2,3,55" ten="180,252,229,339" oya="3" hai0="73,103,0,127,118,2,41,113,53,48,76,114,14" hai1="79,63,89,34,60,83,52,25,12,101,24,121,62" hai2="68,8,109,115,22,74,27,119,105,123,75,36,13" hai3="99,1,10,80,11,110,19,30,117,26,42,93,90"/><W4/><G117/><T44/><D118/><U97/><E121/><V69/><F105/><W134/><G134/><T5/><D127/><U57/><E89/><V135/><F36/><W32/><G110/><T88/><D103/><U130/><E130/><V92/><F119/><W129/><G129/><T31/><D73/><U61/><E12/><V106/><F106/><W37/><G80/><T126/><D31/><U71/><E71/><V91/><F115/><N who="0" m="44042" /><D76/><U43/><E43/><V98/><F109/><W82/><G82/><T81/><D126/><U38/><E38/><V77/><F135/><W16/><REACH who="3" step="1"/><G11/><REACH who="3" ten="180,252,229,329" step="2"/><N who="0" m="4463" /><D41/><U112/><E112/><V102/><F123/><W17/><G17/><T3/><D3/><U131/><E131/><V85/><F8/><W64/><G64/><T95/><D81/><U59/><E83/><V45/><F75/><W108/><G108/><T33/><D33/><U47/><E79/><V7/><F74/><W46/><AGARI ba="0,1" hai="1,4,10,16,19,26,30,32,37,42,46,90,93,99" machi="46" ten="30,11700,0" yaku="1,1,0,1,54,1,53,1" doraHai="55" doraHaiUra="35" who="3" fromWho="3" sc="180,-39,252,-39,229,-39,329,127" />
</Scene>
<Scene>
<INIT seed="3,1,0,4,4,2" ten="141,213,190,456" oya="3" hai0="40,50,30,67,87,118,77,97,10,33,103,58,73" hai1="18,78,4,96,114,27,93,134,113,7,95,21,92" hai2="107,25,13,44,106,63,62,111,14,91,60,82,135" hai3="34,38,83,32,49,117,85,59,122,17,80,129,52"/><W48/><G38/><T71/><D73/><U5/><E134/><V108/><F135/><W23/><G129/><T98/><D71/><U81/><REACH who="1" step="1"/><E96/><REACH who="1" ten="141,203,190,456" step="2"/><V6/><F111/><W133/><G133/><T20/><D98/><U28/><E28/><V24/><F108/><W0/><G122/><T43/><D97/><U56/><E56/><V123/><F123/><W35/><G117/><T116/><D58/><U11/><E11/><V26/><F107/><W3/><G59/><T120/><D10/><U75/><AGARI ba="1,1" hai="4,5,7,18,21,27,75,78,81,92,93,95,113,114" machi="75" ten="30,8000,1" yaku="1,1,0,1,52,3,53,0" doraHai="2" doraHaiUra="94" who="1" fromWho="1" sc="141,-21,203,93,190,-21,456,-41" />
</Scene>
<Scene>
<INIT seed="4,0,0,0,1,81" ten="120,296,169,415" oya="0" hai0="95,127,73,99,106,111,117,4,83,32,19,1,9" hai1="51,76,112,92,89,90,82,35,11,40,122,69,135" hai2="93,70,50,84,129,49,75,120,24,29,105,123,48" hai3="37,23,97,88,133,109,25,113,26,103,78,5,41"/><T79/><D117/><U39/><E122/><V14/><F105/><W36/><G109/><T44/><D111/><U104/><E104/><V61/><F75/><W102/><G78/><T17/><D106/><U119/><E119/><V0/><F0/><W10/><G113/><T110/><D32/><U42/><E69/><V58/><F70/><W13/><G133/><T71/><D71/><U57/><E35/><V31/><F14/><W16/><G41/><T47/><D127/><U100/><E135/><V134/><F134/><W27/><G37/><T30/><D30/><U33/><E33/><V28/><F24/><N who="3" m="9323" /><G36/><T6/><D6/><U46/><E112/><V125/><F129/><W22/><G22/><T115/><D115/><U15/><E100/><V131/><F131/><W12/><G12/><T108/><D110/><U87/><E39/><V38/><F38/><W59/><G59/><T74/><D74/><U66/><E40/><V114/><F114/><W96/><G96/><T53/><D108/><U118/><E118/><V68/><F68/><W107/><G107/><T124/><D124/><U3/><E3/><V43/><F43/><W8/><G8/><T67/><D67/><U54/><E66/><N who="2" m="39223" /><F125/><W18/><G5/><T21/><D53/><U65/><E65/><V101/><F101/><W94/><AGARI ba="0,0" hai="10,13,16,18,23,27,88,94,97,102,103" m="9323" machi="94" ten="30,4000,0" yaku="8,1,54,2" doraHai="81" who="3" fromWho="3" sc="120,-20,296,-10,169,-10,415,40" />
</Scene>
<Scene>
<INIT seed="5,0,0,2,3,8" ten="100,286,159,455" oya="1" hai0="45,27,62,81,5,71,134,92,119,120,75,13,118" hai1="130,37,18,121,117,132,133,4,116,21,99,65,95" hai2="113,55,106,11,104,33,46,64,59,56,122,112,34" hai3="60,49,83,72,61,52,76,100,30,111,114,15,1"/><U3/><E37/><V110/><F122/><W42/><G1/><T86/><D134/><N who="1" m="51819" /><E65/><V66/><F110/><W48/><G111/><T47/><D120/><U39/><E39/><V105/><F46/><W58/><G114/><N who="2" m="44137" /><F11/><W90/><G100/><T98/><D47/><U108/><E121/><V89/><F89/><W54/><G42/><T128/><D45/><U67/><E67/><N who="2" m="25643" /><F55/><W68/><G90/><T74/><D62/><U22/><E108/><V19/><F19/><W20/><G68/><T126/><D71/><U127/><E4/><V93/><F93/><W82/><G61/><T9/><D118/><U57/><E95/><V78/><F78/><W131/><G76/><T129/><D119/><U73/><E116/><V63/><F63/><W25/><G60/><T43/><D43/><U24/><E117/><V16/><F16/><W69/><G54/><T29/><D128/><U50/><E18/><V101/><F101/><W91/><G52/><T17/><D129/><U97/><E130/><V40/><F40/><W12/><G69/><T135/><D17/><U7/><E7/><V51/><F51/><W23/><G49/><T124/><D135/><U32/><E50/><V84/><F84/><W28/><G48/><T14/><D9/><U123/><E123/><V36/><F36/><W53/><G131/><T88/><D5/><U70/><E70/><V77/><F77/><W38/><G38/><T2/><D75/><U26/><E73/><V102/><F102/><W41/><G72/><T107/><D74/><U44/><E44/><V6/><F6/><W125/><G41/><RYUUKYOKU ba="0,0" sc="100,-10,286,-10,159,30,455,-10" hai2="33,34,56,59,104,105,106" />
</Scene>
<Scene>
<INIT seed="6,1,0,5,0,80" ten="90,276,189,445" oya="2" hai0="126,101,41,26,105,30,65,28,58,48,34,75,44" hai1="16,117,53,134,67,71,15,36,4,81,98,40,61" hai2="6,39,29,110,76,119,132,84,50,108,49,79,121" hai3="124,87,82,64,23,130,46,133,19,10,99,5,92"/><V9/><F39/><W112/><G124/><T52/><D126/><U115/><E117/><V114/><F119/><W131/><G133/><T66/><D75/><U93/><E134/><V56/><F132/><W90/><G64/><T123/><D123/><U85/><E4/><V20/><F121/><W83/><G46/><T69/><D69/><U125/><E125/><V60/><F79/><W77/><G112/><T7/><D7/><U33/><E33/><V102/><F102/><W14/><G83/><T21/><D101/><U51/><E115/><V103/><F103/><W17/><G17/><T94/><D94/><U73/><E73/><V47/><F20/><W109/><G109/><T100/><D100/><U96/><E40/><V116/><F29/><W70/><G70/><T68/><D68/><U104/><E36/><V72/><F72/><W35/><G35/><T43/><D43/><U37/><E37/><V13/><F116/><W111/><G111/><N who="2" m="42537" /><F47/><W95/><G77/><T12/><D105/><U59/><E104/><V128/><F128/><N who="3" m="49195" /><G99/><T27/><REACH who="0" step="1"/><D12/><AGARI ba="1,0" hai="5,10,12,14,19,23,82,87,90,92,95" m="49195" machi="12" ten="30,2000,0" yaku="19,1,52,1" doraHai="80" who="3" fromWho="0" sc="90,-23,276,0,189,0,445,23" />
</Scene>
<Scene>
<INIT seed="7,0,0,2,3,91" ten="67,276,189,468" oya="3" hai0="18,71,45,36,39,32,16,110,126,134,52,14,112" hai1="30,135,66,65,20,47,97,8,50,111,116,125,124" hai2="55,82,84,77,11,80,98,10,83,107,22,72,29" hai3="75,59,6,128,130,24,63,74,61,105,38,103,90"/><W78/><G38/><T120/><D32/><U51/><E111/><V64/><F64/><W106/><G24/><T89/><D71/><U42/><E135/><V121/><F121/><W76/><G90/><T28/><D28/><U25/><E116/><V114/><F114/><W101/><G59/><T60/><D120/><U81/><E97/><V127/><F127/><N who="1" m="48713" /><E81/><V69/><F69/><W35/><G6/><T96/><D126/><U67/><E8/><V7/><F11/><W119/><G35/><T12/><D110/><U2/><E2/><V117/><F117/><AGARI ba="0,0" hai="61,63,74,75,76,78,101,103,105,106,117,119,128,130" machi="117" ten="25,2400,0" yaku="22,2" doraHai="91" who="3" fromWho="2" sc="67,0,276,0,189,-24,468,24" owari="67,-43.0,276,8.0,165,-23.0,492,58.0" />
</Scene>
</mjloggm>