<mjloggm ver="2.3"><GO type="169" lobby="0"/><UN n0="%61%69%73%79%6F" n1="%E8%A5%BF%E5%9C%92%E5%AF%BA%E9%9D%96%E5%AD%90" n2="%E5%A4%AA%E3%81%8F%E3%81%AA%E3%81%84%E3%81%8A" n3="%47%E3%83%A8%E9%BE%8D%E9%96%80" dan="18,17,17,17" rate="2256.65,2160.39,2192.13,2123.42" sx="M,F,M,M"/><TAIKYOKU oya="0"/>

<Scene>
<INIT seed="0,0,0,4,3,125" ten="250,250,250,250" oya="0" hai0="132,107,35,17,26,61,20,94,130,128,25,101,49" hai1="123,104,36,0,4,99,126,39,2,51,110,42,79" hai2="83,135,59,48,88,27,92,32,54,73,96,86,77" hai3="58,70,30,57,91,116,18,12,106,117,28,62,122"/><T103/><D107/><U7/><E123/><V89/><F135/><W80/><G122/><T81/><D132/><U69/><E69/><V5/><F5/><W105/><G70/><T10/><D94/><U97/><E79/><V112/><F112/><W9/><G58/><T13/><D35/><U84/><E84/><V29/><REACH who="2" step="1"/><F73/><REACH who="2" ten="250,250,240,250" step="2"/><W78/><G116/><T108/><D108/><U93/><E110/><V46/><F46/><W118/><G117/><T47/><D61/><U133/><E133/><V52/><F52/><W41/><G118/><T90/><D26/><U115/><E115/><V16/><F16/><W45/><G18/><T109/><D109/><U95/><E4/><V134/><F134/><W44/><G62/><T19/><D103/><AGARI ba="0,1" hai="27,29,32,48,54,59,77,83,86,88,89,92,96,103" machi="103" ten="30,3900,0" yaku="1,1,7,1,54,1,53,0" doraHai="125" doraHaiUra="67" who="2" fromWho="0" sc="250,-39,250,0,240,49,250,0" />
</Scene>
<Scene>
<INIT seed="1,0,0,4,0,22" ten="211,250,289,250" oya="1" hai0="8,47,134,17,19,55,94,25,106,86,79,77,131" hai1="61,91,39,135,5,36,89,125,110,13,87,108,97" hai2="67,78,104,56,46,63,72,23,130,113,15,105,64" hai3="24,73,34,118,129,54,6,29,30,103,71,49,42"/><U107/><E125/><V41/><F130/><W95/><G129/><T124/><D106/><U75/><E75/><V123/><F123/><W82/><G71/><T58/><D134/><U116/><E116/><V93/><F113/><W92/><G118/><T128/><D124/><U96/><E135/><V16/><F67/><W122/><G122/><T20/><D47/><U84/><E61/><V90/><F72/><W9/><G42/><T98/><D86/><N who="1" m="32811" /><E5/><V127/><F78/><W120/><G120/><T53/><D53/><U12/><E107/><V83/><F83/><W65/><G65/><T35/><D35/><U68/><E68/><V44/><F44/><W32/><G103/><T109/><D109/><N who="1" m="42091" /><E97/><V70/><F70/><W10/><G73/><T114/><D114/><U112/><E112/><V76/><F76/><W18/><G82/><T119/><D119/><U101/><E101/><V74/><F74/><W4/><G6/><T60/><D131/><U85/><E96/><V66/><F66/><W102/><G4/><T59/><D128/><U31/><E31/><V51/><F127/><W57/><G102/><T111/><D111/><U100/><E100/><V1/><F1/><W62/><G62/><T121/><D121/><U3/><E3/><V11/><F105/><W88/><G18/><T99/><D99/><U52/><E52/><V69/><F104/><W81/><G81/><T48/><D98/><U43/><E43/><V28/><F69/><W14/><G54/><N who="0" m="32071" /><D94/><N who="1" m="54575" /><E91/><V21/><F28/><W37/><G88/><T133/><D133/><U132/><E132/><V27/><F41/><RYUUKYOKU ba="0,0" sc="211,15,250,15,289,-15,250,-15" hai0="8,17,19,20,25,55,59,60,77,79" hai1="12,13,36,39" />
</Scene>
<Scene>
<INIT seed="1,1,0,1,3,81" ten="226,265,274,235" oya="1" hai0="87,26,53,58,60,33,65,52,84,7,110,102,27" hai1="100,44,96,108,57,103,20,45,135,127,118,66,54" hai2="22,63,30,64,95,115,92,17,16,101,126,129,105" hai3="40,19,123,2,120,83,4,121,32,35,36,47,74"/><U59/><E118/><V3/><F3/><W69/><G69/><T131/><D110/><U62/><E108/><V46/><F126/><W80/><G19/><T0/><D131/><U132/><E127/><V111/><F111/><W31/><G83/><T9/><D102/><U13/><E13/><V42/><F129/><W128/><G128/><T107/><D107/><U73/><E73/><V67/><F115/><W29/><G29/><T75/><D75/><U77/><E77/><V23/><F105/><W91/><G31/><T94/><D94/><U68/><E20/><V34/><F34/><W78/><REACH who="3" step="1"/><G91/><REACH who="3" ten="226,265,274,225" step="2"/><T6/><D33/><U99/><E68/><V39/><F30/><W5/><G5/><T15/><D7/><U85/><E132/><V116/><F116/><W119/><G119/><T48/><D0/><U18/><E135/><V61/><F17/><W122/><N who="3" m="30720" /><DORA hai="117" /><W112/><G112/><T11/><D6/><U133/><E18/><V97/><F16/><W113/><G113/><T37/><D15/><U49/><E133/><V1/><F1/><W130/><G130/><T8/><D27/><U89/><E89/><V104/><F22/><W24/><G24/><T70/><D26/><U25/><E25/><V50/><F23/><W72/><G72/><T93/><D70/><U43/><E103/><V21/><F21/><W125/><G125/><T124/><D124/><U12/><E100/><V79/><F104/><W114/><G114/><T86/><D9/><AGARI ba="1,1" hai="2,4,9,32,35,36,40,47,74,78,80" m="30720" machi="9" ten="70,16000,3" yaku="1,1,25,2,23,2,52,4,53,0" doraHai="81,117" doraHaiUra="82,134" who="3" fromWho="0" sc="226,-163,265,0,274,0,225,173" />
</Scene>
<Scene>
<INIT seed="2,0,0,1,5,42" ten="63,265,274,398" oya="2" hai0="113,105,77,6,83,33,19,63,72,70,131,21,125" hai1="117,68,36,108,52,66,93,27,8,44,123,40,15" hai2="30,64,96,106,86,51,135,126,112,23,26,75,54" hai3="0,133,13,60,78,92,91,94,118,59,114,46,107"/><V127/><F75/><W47/><G0/><T17/><D33/><U28/><E117/><V115/><F64/><N who="3" m="38943" /><G107/><T87/><D113/><U99/><E108/><V61/><F61/><W57/><G133/><T128/><D105/><U18/><E123/><V49/><F135/><W124/><G124/><N who="2" m="47657" /><F86/><N who="3" m="52343" /><G114/><N who="2" m="43561" /><F54/><W100/><G118/><T32/><D6/><U20/><E52/><V81/><F81/><W129/><G129/><T101/><D32/><U45/><E66/><V71/><F71/><W74/><G74/><T14/><D125/><U41/><E68/><V82/><F82/><W69/><G69/><T11/><D72/><U116/><E116/><V34/><F34/><W80/><G57/><T103/><D70/><U55/><E55/><V90/><F90/><W43/><G43/><N who="1" m="16458" /><E36/><V84/><F84/><N who="3" m="48151" /><G13/><N who="0" m="9455" /><D63/><U56/><E56/><V29/><F29/><W110/><G110/><T97/><D131/><U102/><AGARI ba="0,0" hai="8,15,18,20,27,28,44,45,93,99,102" m="16458" machi="102" ten="30,4000,0" yaku="8,1,52,2" doraHai="42" who="1" fromWho="1" sc="63,-10,265,40,274,-20,398,-10" />
</Scene>
<Scene>
<INIT seed="3,0,0,2,2,31" ten="53,305,254,388" oya="3" hai0="47,103,6,27,60,111,64,10,113,22,41,107,93" hai1="52,74,77,81,98,49,55,26,72,134,28,94,29" hai2="89,104,84,114,71,102,51,99,101,119,2,57,13" hai3="83,38,61,124,7,59,76,69,79,34,45,80,133"/><W53/><G133/><T75/><D113/><U3/><E3/><V129/><F2/><W95/><G124/><T73/><D111/><U70/><E70/><V117/><F71/><W105/><G105/><T0/><D107/><U37/><E37/><V127/><F114/><W128/><G128/><T86/><D103/><U12/><E134/><V62/><F102/><W87/><G69/><T68/><D93/><U44/><E72/><V123/><F127/><W14/><G34/><T85/><D75/><U40/><E12/><V97/><F97/><W19/><G95/><T92/><D73/><U21/><REACH who="1" step="1"/><E29/><REACH who="1" ten="53,295,254,388" step="2"/><V35/><F13/><W58/><G38/><T118/><D118/><U65/><E65/><V120/><F117/><W18/><G14/><T108/><D108/><U15/><E15/><V25/><F119/><W1/><G1/><T17/><REACH who="0" step="1"/><D92/><REACH who="0" ten="43,295,254,388" step="2"/><U132/><E132/><V56/><F104/><W16/><G7/><T63/><D63/><U46/><E46/><V67/><F62/><W5/><G5/><T11/><D11/><U91/><AGARI ba="0,2" hai="21,26,28,40,44,49,52,55,74,77,81,91,94,98" machi="91" ten="20,5200,0" yaku="1,1,0,1,7,1,54,1,53,0" doraHai="31" doraHaiUra="125" who="1" fromWho="1" sc="43,-13,295,72,254,-13,388,-26" />
</Scene>
<Scene>
<INIT seed="4,0,0,5,4,63" ten="30,367,241,362" oya="0" hai0="130,11,1,71,107,28,82,60,129,56,15,40,33" hai1="115,77,4,94,104,114,89,61,21,69,39,2,68" hai2="26,96,27,36,109,132,23,122,57,113,98,134,111" hai3="112,93,95,128,135,3,51,90,78,65,49,53,85"/><T13/><D71/><U41/><E104/><V50/><F36/><W12/><G3/><T20/><D107/><U6/><E77/><V118/><F122/><W19/><G128/><N who="0" m="49259" /><D40/><U74/><E74/><V73/><F73/><W62/><G112/><N who="1" m="43050" /><E2/><V97/><F113/><W91/><G135/><N who="2" m="51753" /><F118/><W32/><G32/><T106/><D106/><U86/><E69/><V10/><F10/><W76/><G12/><N who="0" m="4683" /><D82/><U81/><E21/><V29/><F27/><W110/><G110/><T35/><D20/><U127/><E127/><V55/><AGARI ba="0,0" hai="23,26,29,50,55,57,96,97,98,109,111" m="51753" machi="55" ten="40,1500,0" yaku="20,1" doraHai="63" who="2" fromWho="2" sc="30,-7,367,-4,241,15,362,-4" />
</Scene>
<Scene>
<INIT seed="5,0,0,1,0,71" ten="23,363,256,358" oya="1" hai0="111,70,74,107,130,29,50,1,89,66,75,8,11" hai1="38,103,115,45,7,16,109,106,69,128,105,52,27" hai2="135,30,19,41,76,110,5,43,48,60,10,67,121" hai3="34,108,131,114,59,35,78,40,122,119,93,100,112"/><U134/><E69/><V25/><F121/><W94/><G108/><T81/><D50/><U56/><E7/><V13/><F110/><W36/><G122/><T12/><D89/><U92/><E115/><N who="3" m="44074" /><G131/><T102/><D81/><U127/><E127/><V90/><F135/><W85/><G119/><T15/><D29/><U133/><E128/><V97/><F76/><W18/><G18/><T124/><D66/><U80/><E109/><V46/><F97/><N who="3" m="59439" /><G59/><T17/><D111/><U129/><E129/><V26/><F90/><N who="3" m="53583" /><G78/><T44/><D130/><U6/><E6/><V123/><F123/><W58/><G58/><T120/><D17/><U77/><E92/><V132/><F132/><N who="1" m="50793" /><E103/><V88/><F88/><W2/><G2/><T113/><D102/><U47/><E16/><V28/><F43/><W53/><G53/><T73/><D1/><U72/><E27/><V39/><F48/><W96/><G96/><T126/><D120/><U0/><E0/><V83/><F26/><W101/><G101/><T95/><D113/><U82/><E82/><V20/><F83/><W23/><G23/><T57/><D95/><U4/><E4/><V118/><F118/><W117/><G117/><T49/><D70/><AGARI ba="0,0" hai="5,10,13,19,20,25,28,30,39,41,46,60,67,70" machi="70" ten="30,2000,0" yaku="7,1,52,1" doraHai="71" who="2" fromWho="0" sc="23,-20,363,0,256,20,358,0" />
</Scene>
<Scene>
<INIT seed="6,0,0,4,0,113" ten="3,363,276,358" oya="2" hai0="1,34,95,116,41,125,93,79,109,89,42,110,76" hai1="132,72,57,5,115,36,53,68,131,45,120,29,63" hai2="82,18,90,111,54,50,62,7,99,24,6,58,10" hai3="35,19,22,103,128,107,124,55,43,118,71,87,31"/><V40/><F111/><W74/><G118/><T129/><D34/><U39/><E72/><V73/><F73/><W20/><G74/><T51/><D51/><N who="1" m="28911" /><E5/><V2/><F2/><W67/><G124/><T121/><D1/><U105/><E29/><V78/><F78/><W38/><G128/><T97/><D42/><U8/><E8/><V49/><F40/><W52/><G87/><T85/><D41/><U61/><E105/><V56/><F50/><W102/><G38/><T123/><D129/><U81/><E81/><V65/><F10/><W69/><G43/><T37/><D37/><U92/><E92/><V11/><F99/><N who="3" m="61919" /><G103/><T59/><D59/><U101/><E101/><V108/><F108/><W112/><G71/><T46/><D46/><U26/><E26/><V104/><F104/><W126/><G126/><T21/><D21/><N who="3" m="8297" /><G19/><T28/><D28/><U119/><E131/><V84/><REACH who="2" step="1"/><F24/><REACH who="2" ten="3,363,266,358" step="2"/><N who="3" m="18919" /><G112/><T32/><D32/><U15/><E115/><V80/><F80/><W86/><G86/><T134/><D125/><U127/><E127/><V98/><F98/><W133/><G133/><T47/><D134/><U13/><E132/><V33/><F33/><W60/><AGARI ba="0,1" hai="52,55,60,67,69" m="18919,8297,61919" machi="60" ten="30,2000,0" yaku="25,1,54,1" doraHai="113" who="3" fromWho="3" sc="3,-5,363,-5,266,-10,358,30" owari="-2,-50.0,358,16.0,256,-14.0,388,48.0" />
</Scene>
</mjloggm>