<mjloggm ver="2.3"><GO type="169" lobby="0"/><UN n0="%E3%81%93%E3%81%AE%E3%81%8D%E3%83%BC" n1="%E5%A4%AA%E3%81%8F%E3%81%AA%E3%81%84%E3%81%8A" n2="%73%73%74%61%72%6F" n3="%E3%81%82%E3%81%B2%E3%82%8B%E3%81%95%E3%82%93" dan="18,18,18,16" rate="2217.60,2189.40,2205.00,2063.17" sx="M,M,M,M"/><TAIKYOKU oya="0"/>

<Scene>
<INIT seed="0,0,0,0,2,118" ten="250,250,250,250" oya="0" hai0="83,8,2,117,48,94,10,60,70,77,105,127,23" hai1="6,56,19,67,74,20,1,24,5,102,106,76,81" hai2="122,98,57,37,68,29,132,31,82,62,93,75,113" hai3="97,58,47,129,125,59,7,101,25,41,131,45,108"/><T43/><D105/><U52/><E67/><V95/><F68/><W124/><G7/><T65/><D117/><U86/><E1/><V38/><F113/><W121/><G25/><T72/><D127/><N who="3" m="48713" /><G108/><T12/><D2/><U78/><E78/><V63/><F75/><W46/><G41/><T3/><D3/><U107/><E86/><V32/><F82/><W34/><G34/><T84/><D23/><U100/><E106/><V115/><F115/><W44/><G44/><T133/><D133/><U28/><E100/><V27/><F132/><W9/><G9/><T92/><D72/><U114/><E114/><V15/><F15/><W109/><G109/><T111/><D111/><U13/><E102/><V18/><F18/><W87/><G87/><T39/><D39/><U89/><E89/><V33/><F27/><W61/><G121/><T14/><D10/><U73/><E107/><V11/><F11/><W91/><G91/><T53/><D14/><U119/><E119/><V104/><F104/><N who="3" m="63535" /><G59/><T99/><D99/><U42/><E42/><V0/><F98/><W123/><G123/><T85/><D85/><U30/><E73/><V16/><F0/><W69/><G69/><T80/><D80/><U71/><E71/><V135/><F135/><W4/><G4/><N who="0" m="3079" /><D43/><U128/><E30/><V36/><F36/><W26/><G26/><T66/><D66/><AGARI ba="0,0" hai="45,46,47,58,61,66,129,131" m="63535,48713" machi="66" ten="30,1000,0" yaku="18,1" doraHai="118" who="3" fromWho="0" sc="250,-10,250,0,250,0,250,10" />
</Scene>
<Scene>
<INIT seed="1,0,0,0,1,87" ten="240,250,250,260" oya="1" hai0="41,31,101,6,43,123,100,89,32,40,75,37,103" hai1="118,77,12,88,134,70,119,44,111,42,59,79,29" hai2="28,25,122,14,85,78,20,38,69,99,45,27,113" hai3="21,16,50,26,10,39,24,81,9,117,57,0,80"/><U92/><E70/><V98/><F122/><W22/><G39/><T64/><D123/><U76/><E134/><V63/><F113/><W8/><G0/><T66/><D75/><U58/><E29/><V30/><F14/><W126/><G126/><T62/><D37/><U106/><E106/><V127/><F127/><W23/><G117/><T120/><D120/><U110/><E12/><V5/><F5/><W115/><G115/><T94/><D6/><U3/><E3/><V82/><F63/><W96/><G96/><T90/><D94/><U34/><E34/><V124/><F69/><W18/><G22/><T36/><D36/><N who="1" m="21575" /><E58/><V121/><F121/><W72/><G72/><T109/><D109/><N who="1" m="41483" /><E59/><V95/><F124/><W55/><AGARI ba="0,0" hai="8,9,10,16,18,21,23,24,26,50,55,57,80,81" machi="55" ten="30,7900,0" yaku="0,1,9,1,8,1,54,1" doraHai="87" who="3" fromWho="3" sc="240,-20,250,-39,250,-20,260,79" />
</Scene>
<Scene>
<INIT seed="2,0,0,1,3,30" ten="220,211,230,339" oya="2" hai0="68,95,109,46,125,115,106,73,77,124,58,70,121" hai1="27,24,75,118,72,54,62,52,80,84,79,43,63" hai2="86,131,103,34,29,64,3,89,40,96,35,8,44" hai3="60,119,132,33,22,2,25,10,98,78,81,112,37"/><V82/><F131/><W97/><G119/><T26/><D106/><U9/><E118/><V18/><F29/><W135/><G37/><T133/><D121/><U122/><E43/><V100/><F64/><W90/><G112/><T5/><D115/><U99/><E122/><V38/><F103/><W56/><G90/><T74/><D5/><U113/><E113/><V21/><F8/><W32/><G98/><T13/><D13/><U127/><E127/><V76/><F89/><W51/><G97/><T41/><D58/><U85/><E99/><V105/><F3/><W11/><G51/><N who="0" m="27087" /><D95/><U14/><E14/><AGARI ba="0,0" hai="14,18,21,34,35,38,40,44,76,82,86,96,100,105" machi="14" ten="30,5800,0" yaku="7,1,52,2" doraHai="30" who="2" fromWho="1" sc="220,0,211,-58,230,58,339,0" />
</Scene>
<Scene>
<INIT seed="2,1,0,5,1,26" ten="220,153,288,339" oya="2" hai0="49,3,107,123,76,118,53,92,21,16,64,23,134" hai1="38,90,4,126,40,54,111,127,1,34,91,96,101" hai2="116,0,66,85,52,131,36,60,115,129,79,121,61" hai3="20,45,77,117,95,51,93,24,14,105,80,35,13"/><V48/><F0/><W109/><G105/><T104/><D3/><U75/><E75/><V124/><F116/><W120/><G35/><T31/><D123/><U108/><E34/><V67/><F121/><W55/><G120/><T100/><D64/><N who="2" m="24618" /><F36/><W130/><G117/><T98/><D134/><U68/><E68/><V99/><F99/><W113/><G109/><N who="1" m="42058" /><E54/><V12/><F12/><W82/><G130/><N who="2" m="49673" /><F115/><W50/><G113/><T19/><D118/><U84/><E4/><V89/><F79/><W102/><G77/><T33/><D76/><U44/><E1/><V125/><F89/><N who="1" m="33801" /><E84/><V87/><F87/><W57/><G13/><N who="0" m="9359" /><D33/><U112/><E112/><V42/><F42/><W103/><G14/><N who="0" m="9719" /><D107/><AGARI ba="1,0" hai="38,40,44,96,101,107,126,127" m="33801,42058" machi="107" ten="30,1000,0" yaku="14,1" doraHai="26" who="1" fromWho="0" sc="220,-13,153,13,288,0,339,0" />
</Scene>
<Scene>
<INIT seed="3,0,0,4,4,131" ten="207,166,288,339" oya="3" hai0="49,46,37,111,53,65,18,96,16,48,113,135,21" hai1="130,128,2,68,41,54,51,132,92,31,4,106,83" hai2="107,58,86,75,74,114,20,17,43,52,72,29,105" hai3="101,71,98,97,19,56,9,95,35,122,47,90,81"/><W57/><G122/><T50/><D111/><U13/><E106/><V64/><F114/><W104/><G71/><T0/><D0/><U63/><E2/><V44/><F64/><W116/><G116/><T11/><D113/><U127/><E31/><V73/><F74/><W119/><G119/><T28/><D37/><U22/><E41/><V133/><F29/><W93/><G35/><T23/><D135/><U67/><E127/><V100/><F133/><W8/><G104/><T10/><D65/><U25/><E83/><V89/><F100/><W85/><G47/><N who="0" m="27807" /><D28/><U34/><E34/><V5/><F5/><W36/><G36/><T112/><D96/><U120/><E120/><V45/><F43/><W6/><G19/><N who="0" m="7211" /><D112/><U129/><E25/><V1/><F1/><W69/><G69/><T59/><D59/><N who="3" m="22601" /><G6/><T14/><D50/><U108/><E22/><N who="0" m="8201" /><D14/><U70/><E70/><V102/><F107/><W99/><G99/><T42/><AGARI ba="0,0" hai="10,11,42,46,49" m="8201,7211,27807" machi="42" ten="30,2000,0" yaku="8,1,54,1" doraHai="131" who="0" fromWho="0" sc="207,20,166,-5,288,-5,339,-10" />
</Scene>
<Scene>
<INIT seed="4,0,0,0,3,75" ten="227,161,283,329" oya="0" hai0="127,62,54,36,7,43,28,84,117,41,26,27,68" hai1="34,42,66,132,121,29,98,100,18,15,113,135,20" hai2="87,38,82,104,134,35,112,79,25,88,9,57,95" hai3="106,124,24,3,83,4,17,10,12,49,118,78,40"/><T46/><D117/><U99/><E121/><V77/><F38/><W65/><G106/><T21/><D43/><U32/><E42/><V30/><F104/><W0/><G118/><T2/><D127/><U80/><E66/><V116/><F116/><W76/><G124/><T115/><D115/><U119/><E119/><V48/><F112/><W31/><G65/><T89/><D68/><U86/><E113/><V85/><F134/><N who="1" m="51241" /><E29/><V93/><F9/><W56/><G0/><T105/><D105/><N who="1" m="63639" /><E99/><V96/><F95/><W92/><G83/><T114/><D114/><U133/><N who="1" m="51249" /><U19/><DORA hai="11" /><E19/><V37/><F37/><W33/><G92/><T14/><D2/><U90/><AGARI ba="0,0" hai="15,18,20,32,34,80,86,90" m="63639,51249" machi="90" ten="40,2700,0" yaku="20,1,52,1" doraHai="75,11" who="1" fromWho="1" sc="227,-13,161,27,283,-7,329,-7" />
</Scene>
<Scene>
<INIT seed="5,0,0,4,5,8" ten="214,188,276,322" oya="1" hai0="59,107,20,103,117,110,106,3,89,87,76,13,31" hai1="78,74,101,128,127,2,123,49,14,25,97,41,62" hai2="73,54,124,57,98,125,61,48,38,94,24,55,104" hai3="112,4,64,80,133,85,96,114,58,27,53,47,99"/><U39/><E123/><V16/><F104/><W37/><G64/><T36/><D3/><U21/><E2/><V69/><F38/><W12/><G133/><T1/><D1/><U6/><E39/><V105/><F105/><W17/><G4/><T26/><D36/><U65/><E128/><V70/><F73/><W135/><G135/><T56/><D110/><U91/><E127/><N who="2" m="48715" /><F16/><W113/><G27/><T129/><D76/><U15/><E91/><N who="2" m="55647" /><F24/><W102/><G102/><T71/><D117/><U10/><E74/><V79/><F79/><N who="3" m="46239" /><G47/><AGARI ba="0,0" hai="47,48,54,55,57,61,69,70" m="55647,48715" machi="47" ten="30,1000,0" yaku="18,1" doraHai="8" who="2" fromWho="3" sc="214,0,188,0,276,10,322,-10" />
</Scene>
<Scene>
<INIT seed="6,0,0,2,1,36" ten="214,188,286,312" oya="2" hai0="81,102,87,45,19,9,62,42,129,134,10,55,124" hai1="122,114,6,28,91,46,96,75,97,120,98,52,66" hai2="127,67,43,29,92,17,4,80,39,56,21,12,108" hai3="11,47,37,22,110,69,84,89,83,104,53,64,5"/><V128/><F128/><W133/><G110/><T35/><D35/><U63/><E75/><V106/><F106/><W132/><G104/><T60/><D129/><U74/><E74/><V85/><F108/><W101/><G101/><T41/><D102/><U117/><E117/><V119/><F119/><W79/><G64/><T126/><D134/><N who="3" m="51817" /><G69/><T93/><D93/><U113/><E28/><V100/><F127/><N who="0" m="48682" /><D55/><U90/><E6/><V77/><F4/><W68/><G68/><T118/><D118/><U76/><E76/><V15/><F29/><W14/><G22/><T135/><D135/><U105/><E105/><V51/><F100/><W8/><G8/><N who="0" m="3179" /><D19/><U109/><E109/><V72/><F17/><W116/><G116/><T48/><D42/><U111/><E111/><V88/><F67/><W33/><G33/><T27/><D27/><U95/><E66/><V25/><F39/><W13/><G13/><T23/><D23/><U44/><E63/><V59/><F12/><W107/><G107/><T115/><D115/><N who="1" m="44043" /><E95/><V34/><F34/><W1/><G14/><T30/><D30/><U130/><E130/><V24/><F15/><W7/><G7/><T18/><D18/><U38/><E38/><V82/><F92/><W58/><G37/><T3/><D3/><U32/><E32/><V73/><F25/><W78/><G1/><T112/><D112/><U57/><E57/><N who="2" m="22091" /><F24/><W70/><G70/><T20/><D20/><U50/><E44/><N who="2" m="26015" /><F21/><W103/><G11/><T31/><D31/><U94/><E94/><V99/><F99/><N who="1" m="25345" /><U65/><DORA hai="26" /><E65/><V54/><F54/><RYUUKYOKU ba="0,0" sc="214,10,188,10,286,10,312,-30" hai0="41,45,48,60,62,81,87" hai1="46,50,52,90,91,120,122" hai2="72,73,77,80,82,85,88" />
</Scene>
<Scene>
<INIT seed="6,1,0,3,0,15" ten="224,198,296,282" oya="2" hai0="48,114,62,94,111,107,34,33,13,127,110,104,109" hai1="101,98,50,63,55,92,27,86,130,132,4,117,70" hai2="7,64,16,122,22,3,35,45,97,67,80,75,100" hai3="91,118,53,99,26,89,40,72,102,23,18,46,65"/><V5/><F122/><W12/><G118/><T129/><D114/><U59/><E117/><V78/><F35/><W36/><G72/><T105/><D129/><U87/><E130/><V44/><F67/><W82/><G65/><T66/><D127/><U51/><E132/><V10/><F64/><W25/><G53/><T93/><D48/><N who="1" m="18475" /><E70/><V14/><F7/><W24/><REACH who="3" step="1"/><G82/><REACH who="3" ten="224,198,296,272" step="2"/><T131/><D131/><U119/><E119/><V31/><F31/><W54/><G54/><T68/><REACH who="0" step="1"/><D13/><REACH who="0" ten="214,198,296,272" step="2"/><U108/><E108/><V38/><F38/><W42/><G42/><T2/><D2/><U96/><E55/><V126/><F126/><W29/><G29/><T113/><D113/><U125/><E125/><V76/><F76/><W52/><G52/><T88/><D88/><U28/><E28/><V95/><AGARI ba="1,2" hai="3,5,10,14,16,22,44,45,75,78,80,95,97,100" machi="95" ten="20,7800,0" yaku="0,1,7,1,52,1,54,1" doraHai="15" who="2" fromWho="2" sc="214,-27,198,-27,296,101,272,-27" />
</Scene>
<Scene>
<INIT seed="6,2,0,2,3,44" ten="187,171,397,245" oya="2" hai0="111,33,113,57,19,34,1,128,20,23,16,58,73" hai1="42,129,49,26,134,102,4,38,12,119,126,13,65" hai2="63,48,95,120,40,79,106,41,43,89,10,9,108" hai3="97,107,0,98,14,88,112,8,125,80,86,55,17"/><V104/><F120/><W46/><G125/><T121/><D73/><U75/><E119/><V21/><F79/><W71/><G71/><T72/><D72/><U68/><E75/><V92/><F108/><W25/><G107/><T3/><D111/><U51/><E102/><V117/><F117/><W15/><G0/><T64/><D64/><U45/><E126/><V91/><F63/><W32/><G112/><T74/><D74/><U39/><E134/><V35/><F21/><W110/><G110/><T2/><D113/><U11/><E129/><V28/><F28/><N who="3" m="19471" /><G15/><T131/><REACH who="0" step="1"/><D2/><REACH who="0" ten="177,171,397,245" step="2"/><U81/><E81/><V47/><F35/><W37/><G37/><T87/><D87/><U130/><E130/><V27/><F106/><W116/><G116/><T31/><D31/><U93/><E65/><V77/><F104/><W18/><G98/><T114/><D114/><U76/><E38/><V66/><F66/><W122/><G97/><T24/><D24/><U124/><E124/><V105/><F27/><W103/><G86/><T70/><D70/><U135/><E68/><V109/><F109/><W96/><G96/><T59/><D59/><U133/><E26/><V99/><F105/><W29/><G29/><T54/><D54/><U53/><E93/><V127/><F127/><W6/><G55/><T115/><D115/><U84/><E13/><V22/><F95/><W61/><G14/><T101/><D101/><U36/><E36/><V78/><F92/><W83/><G103/><T52/><D52/><U118/><E118/><V67/><F67/><W56/><G83/><T5/><D5/><RYUUKYOKU ba="2,1" sc="177,30,171,-10,397,-10,245,-10" hai0="1,3,16,19,20,23,33,34,57,58,121,128,131" />
</Scene>
<Scene>
<INIT seed="7,3,1,0,5,114" ten="207,161,387,235" oya="3" hai0="52,79,17,107,78,75,42,40,113,19,123,83,100" hai1="15,20,121,30,50,74,44,13,88,56,46,118,26" hai2="132,106,22,108,85,64,6,36,7,82,41,21,87" hai3="122,72,39,98,28,1,55,3,109,129,89,27,23"/><W71/><G55/><T48/><D123/><U43/><E121/><V120/><F120/><W47/><G89/><T91/><D113/><U51/><E74/><V10/><F106/><W61/><G61/><T119/><D119/><U24/><E118/><V45/><F132/><W67/><G67/><T2/><D2/><N who="3" m="521" /><G47/><N who="0" m="27679" /><D75/><U18/><E56/><V135/><F64/><W57/><G98/><T134/><D134/><U133/><E133/><V86/><F135/><W4/><G57/><T124/><D124/><U125/><E125/><V101/><F87/><W37/><G37/><T60/><D100/><U31/><E88/><V93/><F86/><W0/><G39/><T99/><D107/><U73/><E73/><V81/><F93/><W59/><G59/><T33/><D33/><U104/><E104/><V5/><F85/><W68/><G72/><T77/><D60/><U14/><REACH who="1" step="1"/><E24/><REACH who="1" ten="207,151,387,235" step="2"/><V29/><F101/><W54/><G122/><T12/><D83/><U96/><E96/><V97/><F97/><W116/><G116/><T90/><D90/><U80/><E80/><V128/><F41/><AGARI ba="3,2" hai="13,14,15,18,20,26,30,31,41,43,44,46,50,51" machi="41" ten="40,5200,0" yaku="1,1,9,1,8,1,53,0" doraHai="114" doraHaiUra="126" who="1" fromWho="2" sc="207,0,151,81,387,-61,235,0" owari="207,-29.0,232,-17.0,326,42.0,235,4.0" />
</Scene>
</mjloggm>