<mjloggm ver="2.3"><GO type="169" lobby="0"/><UN n0="%61%69%73%79%6F" n1="%E5%A4%AA%E3%81%8F%E3%81%AA%E3%81%84%E3%81%8A" n2="%68%6F%73%69%67%61%6D%69" n3="%E3%82%A6%E3%83%92%E3%83%A7%E5%8A%A9" dan="18,18,16,16" rate="2210.62,2254.66,2078.81,2068.19" sx="M,F,M,M"/><TAIKYOKU oya="0"/>

<Scene>
<INIT seed="0,0,0,1,0,59" ten="250,250,250,250" oya="0" hai0="24,18,107,30,135,31,71,114,126,109,32,74,50" hai1="27,131,118,123,95,112,14,6,84,72,5,57,124" hai2="66,10,101,119,15,91,117,54,61,58,93,8,129" hai3="16,53,68,44,55,83,121,81,22,21,87,48,86"/><T125/><D74/><U49/><E72/><V103/><F129/><W82/><G121/><T79/><D107/><U62/><E123/><V19/><F119/><W63/><G22/><T64/><D79/><U80/><E118/><V28/><F117/><W120/><G120/><T52/><D135/><U78/><E131/><V77/><F77/><W111/><G111/><T56/><D114/><U40/><E112/><V89/><F28/><W90/><G68/><T65/><D31/><U94/><E124/><N who="0" m="47721" /><D109/><U98/><E27/><V36/><F36/><W7/><G7/><N who="1" m="2570" /><E14/><V106/><F106/><W105/><G105/><T46/><D71/><U0/><E0/><V75/><F75/><W92/><G86/><T17/><D65/><N who="1" m="39119" /><E98/><V122/><F122/><W108/><G108/><T76/><D76/><U132/><E132/><V4/><F66/><W23/><G16/><N who="0" m="6251" /><D64/><U3/><E3/><V39/><F39/><W2/><G2/><T25/><D25/><U38/><E38/><V88/><REACH who="2" step="1"/><F93/><REACH who="2" ten="250,250,240,250" step="2"/><W69/><G69/><T67/><D67/><U12/><E94/><V134/><F134/><W42/><G42/><T20/><D32/><U97/><E95/><V11/><F11/><W34/><G34/><T33/><D33/><U47/><E78/><V115/><F115/><W104/><G104/><T37/><D37/><U41/><E41/><V45/><F45/><AGARI ba="0,1" hai="20,24,30,45,46,50,52,56" m="6251,47721" machi="45" ten="30,5800,0" yaku="18,1,54,2" doraHai="59" who="0" fromWho="2" sc="250,68,250,0,240,-58,250,0" />
</Scene>
<Scene>
<INIT seed="0,1,0,3,5,97" ten="318,250,182,250" oya="0" hai0="48,83,28,116,22,79,89,75,77,34,112,133,81" hai1="113,115,2,128,84,29,103,91,37,98,61,105,135" hai2="44,95,127,45,8,52,57,74,16,85,67,19,10" hai3="119,114,1,90,69,3,102,101,6,110,18,14,23"/><T129/><D116/><U30/><E2/><V71/><F74/><W106/><G119/><T93/><D112/><N who="1" m="43083" /><E37/><V88/><F127/><W122/><G122/><T0/><D0/><U108/><E108/><V39/><F67/><W92/><G69/><T53/><D129/><U5/><E5/><V104/><F104/><W11/><G110/><T72/><D133/><U12/><E12/><N who="2" m="7191" /><F39/><W25/><G106/><T100/><D34/><U4/><E4/><V33/><F71/><W87/><G114/><T125/><D125/><U66/><E128/><V9/><F33/><W60/><G60/><T86/><D28/><U80/><E135/><V24/><F24/><W50/><G50/><T51/><D22/><U94/><E105/><V111/><F111/><W131/><G131/><T120/><D120/><U126/><E126/><V134/><F134/><W121/><G121/><T47/><D51/><U62/><E62/><N who="2" m="36135" /><F8/><W40/><G3/><T46/><D46/><U124/><E124/><V32/><F32/><W21/><REACH who="3" step="1"/><G40/><REACH who="3" ten="318,250,182,240" step="2"/><T7/><D7/><U36/><E36/><V132/><F132/><W27/><G27/><T55/><D55/><U58/><AGARI ba="1,1" hai="29,30,58,61,66,80,84,91,94,98,103" m="43083" machi="58" ten="30,2000,0" yaku="11,1,52,1" doraHai="97" who="1" fromWho="1" sc="318,-11,250,33,182,-6,240,-6" />
</Scene>
<Scene>
<INIT seed="1,0,0,0,2,91" ten="307,283,176,234" oya="1" hai0="83,116,87,108,130,37,31,88,103,40,128,7,30" hai1="68,101,26,73,59,21,41,99,105,16,102,53,33" hai2="81,49,54,69,76,124,111,78,44,46,127,51,15" hai3="132,6,29,8,117,74,82,47,17,39,66,22,35"/><U32/><E68/><V96/><F69/><W90/><G117/><T24/><D108/><U61/><E73/><V107/><F111/><W13/><G132/><T84/><D116/><U122/><E122/><V4/><F107/><W5/><G66/><T9/><D103/><U70/><E41/><V34/><F34/><W10/><G35/><T92/><D40/><U52/><E70/><V1/><F1/><W109/><G109/><T120/><D37/><U55/><REACH who="1" step="1"/><E102/><REACH who="1" ten="307,273,176,234" step="2"/><V135/><F135/><W28/><G74/><T25/><D120/><U57/><E57/><V85/><F127/><W63/><G47/><T62/><D130/><U45/><E45/><V131/><F131/><W129/><G129/><T79/><D128/><U134/><E134/><V38/><F124/><W3/><G39/><T123/><D123/><U20/><E20/><V98/><F38/><W72/><G72/><T56/><D31/><U114/><E114/><V113/><F113/><W126/><G126/><T125/><D30/><U48/><E48/><V50/><F50/><W100/><G100/><T71/><D71/><U93/><E93/><V75/><F75/><W60/><G29/><T58/><D125/><U86/><E86/><V14/><F85/><N who="3" m="50487" /><G28/><T119/><D56/><U19/><E19/><V65/><F46/><W27/><G63/><T106/><D119/><U18/><E18/><V77/><F44/><W80/><G60/><T133/><D133/><U89/><E89/><V118/><F118/><W95/><G95/><T112/><D112/><U110/><E110/><V43/><F43/><W42/><G42/><RYUUKYOKU ba="0,1" sc="307,-15,273,15,176,-15,234,15" hai1="16,21,26,32,33,52,53,55,59,61,99,101,105" hai3="3,5,6,8,10,13,17,22,27,80" />
</Scene>
<Scene>
<INIT seed="1,1,1,3,4,51" ten="292,288,161,249" oya="1" hai0="117,119,45,74,54,97,104,81,77,93,36,115,85" hai1="79,59,114,11,35,73,99,92,125,33,44,126,130" hai2="1,34,134,110,70,96,132,39,105,50,102,26,56" hai3="61,120,124,67,19,15,13,103,68,101,129,46,122"/><U12/><E114/><V17/><F39/><W91/><G13/><T49/><D115/><U100/><E130/><V37/><F37/><W87/><G129/><T41/><D104/><U65/><E44/><V20/><F70/><W123/><G46/><T22/><D74/><U38/><E38/><V95/><F1/><W75/><G75/><T71/><D71/><U76/><E65/><V2/><F2/><W24/><G24/><T4/><D4/><N who="1" m="3175" /><E59/><V69/><F69/><W10/><REACH who="3" step="1"/><G124/><REACH who="3" ten="292,288,161,239" step="2"/><N who="1" m="47722" /><E73/><V127/><F127/><W3/><G3/><T121/><D121/><U80/><E80/><AGARI ba="1,2" hai="10,15,19,61,67,68,80,87,91,101,103,120,122,123" machi="80" ten="40,1300,0" yaku="1,1,53,0" doraHai="51" doraHaiUra="107" who="3" fromWho="1" sc="292,0,288,-16,161,0,239,36" />
</Scene>
<Scene>
<INIT seed="2,0,0,0,2,47" ten="292,272,161,275" oya="2" hai0="22,120,75,96,88,100,1,51,14,58,15,6,44" hai1="125,42,85,41,19,90,29,110,126,20,64,116,3" hai2="117,57,36,101,81,74,115,82,92,31,107,119,87" hai3="34,76,83,17,133,77,7,56,67,23,33,132,50"/><V32/><F36/><W99/><G7/><T60/><D75/><U62/><E110/><V38/><F38/><W118/><G118/><T70/><D70/><N who="1" m="42263" /><E29/><V124/><F31/><W0/><G0/><T10/><D120/><U53/><E3/><V122/><F32/><W130/><G99/><T18/><D58/><U72/><E72/><V78/><F57/><W103/><G103/><T113/><D60/><U27/><E53/><V25/><F25/><W121/><G130/><T86/><D113/><U65/><E65/><V91/><F122/><W105/><G105/><T69/><D69/><U114/><E114/><V80/><F115/><W84/><G77/><T97/><D100/><U123/><E116/><N who="2" m="44619" /><F124/><N who="1" m="47721" /><E123/><V71/><F71/><W46/><G67/><T21/><D21/><U108/><E108/><V79/><F79/><W135/><G56/><T28/><D28/><U94/><AGARI ba="0,0" hai="19,20,27,41,42,85,90,94" m="47721,42263" machi="94" ten="30,1100,0" yaku="18,1" doraHai="47" who="1" fromWho="1" sc="292,-3,272,11,161,-5,275,-3" />
</Scene>
<Scene>
<INIT seed="3,0,0,0,1,48" ten="289,283,156,272" oya="3" hai0="31,79,98,78,67,61,103,66,86,97,52,77,115" hai1="26,18,81,7,83,63,84,41,60,135,99,25,68" hai2="5,120,2,76,65,47,59,37,101,12,62,38,116" hai3="72,131,40,104,85,34,102,88,28,125,19,1,13"/><W93/><G1/><T43/><D115/><U105/><E7/><V70/><F116/><W132/><G72/><T39/><D39/><U89/><E135/><V57/><F2/><W110/><G132/><T6/><D43/><U130/><E130/><V8/><F120/><W50/><G131/><T44/><D31/><U108/><E108/><V36/><F101/><W11/><G110/><T124/><D124/><U94/><E41/><V117/><F117/><W106/><G125/><T118/><D118/><U133/><E133/><V27/><F76/><W82/><G34/><T64/><D6/><U100/><E68/><V21/><REACH who="2" step="1"/><F47/><REACH who="2" ten="289,283,146,272" step="2"/><N who="3" m="25959" /><G106/><T134/><D134/><U129/><E105/><V75/><F75/><W114/><G104/><T22/><D103/><U30/><E129/><V56/><F56/><W29/><G114/><T3/><D3/><U71/><E71/><V33/><F33/><W10/><G10/><T96/><D22/><N who="1" m="15703" /><E83/><V111/><F111/><W20/><G11/><T54/><D44/><U0/><E0/><V51/><F51/><W35/><G35/><T4/><D61/><U46/><E46/><V45/><F45/><W87/><G102/><T14/><D4/><U42/><E42/><V16/><AGARI ba="0,1" hai="5,8,12,16,21,27,36,37,38,57,59,62,65,70" machi="16" ten="30,4000,0" yaku="1,1,0,1,54,1,53,0" doraHai="48" doraHaiUra="73" who="2" fromWho="2" sc="289,-10,283,-10,146,50,272,-20" />
</Scene>
<Scene>
<INIT seed="4,0,0,1,5,41" ten="279,273,196,252" oya="0" hai0="43,130,9,62,24,131,71,132,122,102,73,10,53" hai1="37,23,128,107,48,4,129,126,88,18,123,49,70" hai2="106,46,127,101,52,31,96,58,32,61,39,44,77" hai3="117,79,66,95,134,11,97,57,121,72,1,81,100"/><T84/><D73/><U0/><E123/><V28/><F127/><W68/><G121/><T118/><D118/><U112/><E37/><V108/><F108/><W83/><G117/><T56/><D122/><U113/><E107/><V51/><F77/><W76/><G68/><T110/><D110/><U21/><E70/><V26/><F28/><W104/><G134/><T85/><D132/><U105/><E105/><V99/><F39/><W87/><G1/><T124/><D124/><U33/><E33/><V64/><REACH who="2" step="1"/><F96/><REACH who="2" ten="279,273,186,252" step="2"/><W19/><G79/><T63/><D131/><U114/><E126/><V75/><F75/><W15/><G72/><T125/><D130/><U25/><E129/><V59/><AGARI ba="0,1" hai="26,31,32,44,46,51,52,58,59,61,64,99,101,106" machi="59" ten="20,12000,2" yaku="1,1,0,1,7,1,52,2,54,1,53,1" doraHai="41" doraHaiUra="45" who="2" fromWho="2" sc="279,-60,273,-30,186,130,252,-30" />
</Scene>
<Scene>
<INIT seed="5,0,0,2,2,19" ten="219,243,316,222" oya="1" hai0="49,101,108,122,55,92,3,91,113,65,85,21,100" hai1="14,128,5,59,77,98,67,96,134,2,40,11,110" hai2="51,118,41,57,35,42,111,44,22,56,87,71,129" hai3="39,119,126,127,106,125,25,45,52,28,76,109,112"/><U23/><E128/><V13/><F111/><W123/><G109/><T9/><D113/><U62/><E110/><V24/><F118/><W82/><G119/><T124/><D124/><U83/><E134/><V95/><F71/><W78/><G112/><T116/><D116/><U50/><E2/><V43/><F129/><W26/><G106/><T37/><D37/><U90/><E90/><N who="2" m="53727" /><F13/><W15/><G123/><T103/><D108/><U86/><E23/><V114/><F35/><N who="3" m="20879" /><G26/><T102/><D65/><U121/><E121/><V68/><F68/><W10/><G82/><T18/><D122/><U120/><E120/><V132/><F132/><W12/><G12/><N who="0" m="9415" /><D3/><U61/><E61/><V4/><F4/><N who="3" m="3527" /><G39/><T73/><D73/><U17/><E17/><N who="2" m="12367" /><F114/><W33/><G33/><T133/><D133/><U130/><E130/><V131/><F131/><W0/><G0/><T89/><D9/><U88/><E88/><V104/><F104/><W74/><G74/><T117/><D91/><U135/><E135/><V1/><F1/><W38/><G38/><T60/><D60/><U6/><E6/><V105/><F105/><W53/><G53/><AGARI ba="0,0" hai="41,42,43,44,51,53,56,57" m="12367,53727" machi="53" ten="30,2000,0" yaku="8,1,52,1" doraHai="19" who="2" fromWho="3" sc="219,0,243,0,316,20,222,-20" />
</Scene>
<Scene>
<INIT seed="6,0,0,3,0,67" ten="219,243,336,202" oya="2" hai0="87,83,65,61,114,10,46,52,132,101,105,72,85" hai1="98,27,5,133,21,74,26,70,53,124,110,73,119" hai2="64,112,13,59,7,22,91,84,36,81,8,92,0" hai3="35,100,15,60,88,123,44,86,109,1,62,135,6"/><V57/><F36/><W128/><G123/><T104/><D114/><U11/><E119/><V103/><F112/><W66/><G35/><T106/><D132/><U90/><E110/><V117/><F117/><W108/><G1/><T125/><D125/><U23/><E70/><V75/><F64/><W43/><G135/><T41/><D101/><U95/><E133/><V17/><F75/><W2/><G2/><T48/><D10/><U77/><E124/><V129/><F129/><W12/><G100/><T79/><REACH who="0" step="1"/><D41/><REACH who="0" ten="209,243,336,202" step="2"/><U24/><E11/><V25/><F103/><W102/><G102/><T54/><D54/><U78/><E53/><V94/><F8/><W99/><G128/><T121/><D121/><U89/><E5/><V47/><F7/><W42/><G109/><T34/><D34/><U9/><E9/><V32/><F32/><W69/><G108/><T82/><D82/><U28/><E21/><V130/><F130/><W97/><G6/><T45/><D45/><U93/><E23/><V63/><F47/><W68/><G44/><T3/><D3/><U49/><E93/><V18/><F0/><W131/><G131/><T51/><D51/><U107/><E49/><V118/><F118/><W111/><G111/><T56/><AGARI ba="0,1" hai="46,48,52,56,61,65,72,79,83,85,87,104,105,106" machi="56" ten="30,4000,0" yaku="1,1,0,1,54,1,53,0" doraHai="67" doraHaiUra="71" who="0" fromWho="0" sc="209,50,243,-10,336,-20,202,-10" />
</Scene>
<Scene>
<INIT seed="7,0,0,3,0,125" ten="259,233,316,192" oya="3" hai0="111,123,106,54,119,59,109,124,48,6,37,35,72" hai1="66,88,5,43,70,79,7,0,115,61,130,131,27" hai2="87,91,32,26,71,47,120,94,95,51,21,117,132" hai3="122,82,113,75,44,118,69,135,73,77,15,18,102"/><W38/><G122/><T30/><D37/><U121/><E121/><V4/><F120/><W36/><G118/><T25/><D72/><U45/><E79/><V64/><F117/><W12/><G69/><T22/><D119/><U89/><E115/><V9/><F32/><W97/><G75/><T42/><D106/><U100/><E100/><V128/><F132/><W14/><G113/><T10/><D124/><U96/><E27/><V50/><F71/><W76/><G76/><T53/><D42/><U33/><E33/><V23/><F64/><W2/><G2/><T107/><D107/><U57/><E70/><V84/><F21/><W63/><G135/><T114/><D35/><U133/><E133/><V67/><F67/><W68/><G18/><T112/><D123/><U3/><E7/><V103/><F103/><W126/><G38/><T98/><D98/><U99/><E99/><V83/><F87/><W20/><G20/><T105/><D105/><U58/><E58/><V60/><F60/><W52/><G126/><T55/><D114/><U62/><E62/><V110/><F110/><W127/><G127/><T65/><D112/><U56/><E56/><V11/><F51/><N who="3" m="28775" /><G36/><T16/><D30/><U24/><E24/><V134/><F134/><W31/><G31/><T78/><D78/><U85/><E5/><V93/><F4/><W81/><G81/><T46/><D65/><U80/><E0/><V1/><F1/><W74/><G63/><N who="0" m="36335" /><D54/><U129/><E3/><V34/><F34/><W19/><G68/><T86/><D86/><U28/><E28/><V92/><F84/><RYUUKYOKU ba="0,0" sc="259,30,233,-10,316,-10,192,-10" hai0="6,10,16,22,25,46,48,55,109,111" owari="289,9.0,223,-18.0,306,41.0,182,-32.0" />
</Scene>
</mjloggm>