<mjloggm ver="2.3"><GO type="169" lobby="0"/><UN n0="%E5%A4%AA%E3%81%8F%E3%81%AA%E3%81%84%E3%81%8A" n1="%6D%6F%74%69%37%32%2E%2E" n2="%E3%81%84%E3%81%AA%E3%81%97%E3%82%93%E3%80%82" n3="%E3%82%AB%E3%83%96%E3%83%88" dan="17,16,16,16" rate="2196.10,2097.68,2115.60,2085.33" sx="M,M,M,M"/><TAIKYOKU oya="0"/>

<Scene>
<INIT seed="0,0,0,2,1,71" ten="250,250,250,250" oya="0" hai0="116,95,45,61,50,85,124,47,90,106,94,83,40" hai1="105,118,4,49,11,60,18,3,108,102,131,57,20" hai2="128,52,117,78,48,9,62,35,99,70,33,65,123" hai3="120,53,43,66,121,129,82,132,51,46,6,127,69"/><T56/><D116/><U15/><E118/><V59/><F123/><N who="3" m="47179" /><G6/><T96/><D124/><U64/><E108/><V14/><F117/><W25/><G25/><T109/><D109/><U73/><E73/><V92/><F78/><W5/><G5/><T30/><D30/><U104/><E131/><V12/><F128/><W8/><G8/><T0/><D0/><U111/><E111/><V41/><F41/><W134/><G129/><T16/><D106/><U27/><E102/><V28/><F28/><W34/><G34/><T42/><D96/><U86/><E86/><V54/><F54/><W17/><G17/><T68/><D68/><U21/><E49/><V97/><F97/><W75/><G127/><T126/><D126/><U125/><E125/><V101/><REACH who="2" step="1"/><F14/><REACH who="2" ten="250,250,240,250" step="2"/><W19/><G43/><T93/><D42/><U77/><E77/><V72/><F72/><W113/><G75/><T79/><D47/><U115/><E115/><V26/><F26/><W74/><G74/><T37/><D79/><U133/><E133/><V119/><F119/><W98/><G113/><T87/><D87/><U76/><E76/><V67/><F67/><W135/><G98/><T107/><D107/><U13/><E13/><V24/><F24/><W23/><G66/><T55/><REACH who="0" step="1"/><D16/><AGARI ba="0,1" hai="3,4,11,15,16,18,20,21,27,57,60,64,104,105" machi="16" ten="30,2000,0" yaku="7,1,54,1" doraHai="71" who="1" fromWho="0" sc="250,-20,250,30,240,0,250,0" /><AGARI ba="0,0" hai="9,12,16,33,35,48,52,59,62,65,70,92,99,101" machi="16" ten="30,7700,0" yaku="1,1,7,1,54,2,53,0" doraHai="71" doraHaiUra="100" who="2" fromWho="0" sc="230,-77,280,0,240,77,250,0" />
</Scene>
<Scene>
<INIT seed="1,0,0,1,1,57" ten="153,280,317,250" oya="1" hai0="129,125,83,15,110,74,92,47,45,24,50,54,108" hai1="9,7,111,27,14,23,113,79,94,36,34,107,60" hai2="38,53,49,89,72,4,90,115,68,19,78,99,81" hai3="25,41,21,8,127,101,46,63,119,124,105,43,52"/><U67/><E107/><V1/><F38/><W51/><G119/><T40/><D125/><N who="3" m="48201" /><G8/><T6/><D129/><U131/><E131/><V122/><F122/><W44/><G44/><T42/><D92/><U106/><E106/><V35/><F35/><W88/><G105/><T13/><D24/><U58/><E113/><V20/><F68/><W128/><G101/><T29/><D29/><U37/><E34/><V56/><F115/><W10/><G10/><T28/><D28/><U64/><E111/><N who="0" m="42537" /><D6/><U112/><E112/><V117/><F117/><W123/><G123/><T12/><D45/><U32/><E32/><V61/><F4/><W86/><G128/><T85/><D74/><U69/><E94/><V48/><F1/><W132/><G132/><T22/><D22/><U75/><E75/><V121/><F121/><W76/><G76/><AGARI ba="0,0" hai="12,13,15,40,42,47,50,54,76,83,85" m="42537" machi="76" ten="30,1000,0" yaku="14,1" doraHai="57" who="0" fromWho="3" sc="153,10,280,0,317,0,250,-10" />
</Scene>
<Scene>
<INIT seed="2,0,0,0,2,18" ten="163,280,317,240" oya="2" hai0="84,34,19,23,51,27,65,127,16,55,74,32,29" hai1="59,8,112,119,66,20,61,83,39,123,120,25,90" hai2="121,93,48,37,81,24,88,79,64,133,60,87,3" hai3="124,95,103,101,77,47,134,132,110,97,53,116,40"/><V99/><F121/><W68/><G116/><T13/><D74/><U102/><E39/><V114/><F114/><W86/><G68/><T91/><D127/><U107/><E112/><V0/><F37/><W7/><G124/><T109/><D109/><U42/><E42/><V78/><F133/><N who="3" m="51307" /><G110/><T135/><D135/><U89/><E119/><V15/><F15/><W12/><G53/><T11/><D65/><U72/><E8/><V22/><F48/><W9/><G77/><T106/><D106/><U6/><E6/><V129/><F129/><W21/><G86/><T113/><D19/><U36/><E36/><V125/><F78/><W80/><G80/><T17/><D17/><U31/><E72/><V54/><F54/><W70/><G70/><T10/><D113/><U105/><E83/><V69/><REACH who="2" step="1"/><F125/><REACH who="2" ten="163,280,307,240" step="2"/><W104/><G40/><T100/><D100/><U76/><E102/><V52/><F52/><W85/><G103/><T30/><D30/><AGARI ba="0,1" hai="0,3,22,24,30,60,64,69,79,81,87,88,93,99" machi="30" ten="30,11600,0" yaku="1,1,7,1,52,1,54,1,53,0" doraHai="18" doraHaiUra="45" who="2" fromWho="0" sc="163,-116,280,0,307,126,240,0" />
</Scene>
<Scene>
<INIT seed="2,1,0,4,0,86" ten="47,280,433,240" oya="2" hai0="79,42,43,106,59,104,15,23,45,123,47,134,54" hai1="20,11,107,55,62,3,71,90,100,27,105,110,52" hai2="69,93,135,84,82,13,118,128,40,87,7,53,77" hai3="0,61,63,95,73,57,44,5,119,36,75,16,96"/><V94/><F118/><W117/><G0/><T28/><D123/><U6/><E110/><V8/><F69/><W9/><G36/><T76/><D134/><U60/><E100/><V88/><F135/><W51/><G5/><T78/><D106/><U91/><E105/><V83/><F128/><W116/><G9/><T4/><D104/><U33/><E33/><V85/><F40/><W80/><G16/><N who="0" m="10655" /><D28/><U19/><E107/><V31/><F31/><W120/><G120/><T72/><D72/><U113/><E113/><V39/><F39/><W132/><G132/><T38/><D4/><U125/><E125/><V131/><F131/><W129/><G129/><T37/><D37/><U1/><E1/><V14/><F84/><W29/><G29/><T101/><D101/><U18/><E18/><V50/><F13/><W92/><G92/><T46/><D38/><U112/><E112/><V26/><F26/><W10/><G10/><T32/><D32/><U65/><REACH who="1" step="1"/><E55/><REACH who="1" ten="47,270,433,240" step="2"/><V102/><REACH who="2" step="1"/><F102/><REACH who="2" ten="47,270,423,240" step="2"/><W109/><G119/><T25/><D25/><U22/><E22/><V108/><F108/><W103/><G109/><T114/><D114/><U122/><E122/><V58/><AGARI ba="1,2" hai="7,8,14,50,53,58,77,82,83,85,87,88,93,94" machi="58" ten="20,18000,2" yaku="1,1,0,1,7,1,8,1,52,1,54,1,53,0" doraHai="86" doraHaiUra="21" who="2" fromWho="2" sc="47,-61,270,-61,423,203,240,-61" owari="-14,-51.0,209,1.0,626,72.0,179,-22.0" />
</Scene>
</mjloggm>