<mjloggm ver="2.3"><GO type="169" lobby="0"/><UN n0="%E3%83%9F%E3%83%A9%E3%82%AF%E3%83%AB%E3%81%8A%E3%81%98%E3%81%95%E3%82%93" n1="%E3%81%93%E3%81%AE%E3%81%8D%E3%83%BC" n2="%E9%81%8A%E8%B5%B0" n3="%E5%A4%AA%E3%81%8F%E3%81%AA%E3%81%84%E3%81%8A" dan="17,18,17,17" rate="2144.59,2201.72,2152.97,2232.60" sx="M,M,M,M"/><TAIKYOKU oya="0"/>

<Scene>
<INIT seed="0,0,0,4,4,117" ten="250,250,250,250" oya="0" hai0="21,129,67,115,47,100,48,29,68,132,27,134,125" hai1="126,106,44,64,35,105,73,58,36,96,39,91,84" hai2="70,42,107,76,109,9,38,85,69,7,86,6,37" hai3="57,120,13,5,2,128,79,17,62,12,104,28,53"/><T32/><D115/><U24/><E73/><V66/><F107/><W10/><G104/><T41/><D125/><U127/><E96/><V45/><F109/><W4/><G128/><T111/><D129/><U40/><E39/><V101/><F101/><W102/><G102/><T112/><D112/><U75/><E75/><V61/><F38/><W15/><G28/><T81/><D111/><U65/><E65/><V3/><F6/><W25/><G79/><T116/><D116/><U124/><E35/><V74/><REACH who="2" step="1"/><F70/><REACH who="2" ten="250,250,240,250" step="2"/><W16/><G4/><T11/><D100/><U23/><E106/><V133/><F133/><W97/><G5/><T56/><D68/><U103/><E105/><V92/><F92/><W72/><G2/><T94/><D94/><N who="1" m="54631" /><E103/><V43/><F43/><W31/><G10/><T30/><D11/><U59/><E40/><V90/><F90/><W99/><G72/><T49/><D134/><U87/><E36/><V60/><F60/><W114/><G114/><T55/><D132/><U95/><E95/><V14/><F14/><W89/><G89/><T83/><D67/><U0/><E0/><V80/><AGARI ba="0,1" hai="3,7,9,37,42,45,61,66,69,74,76,80,85,86" machi="80" ten="30,7900,0" yaku="1,1,0,1,25,2,53,0" doraHai="117" doraHaiUra="52" who="2" fromWho="2" sc="250,-39,250,-20,240,89,250,-20" />
</Scene>
<Scene>
<INIT seed="1,0,0,0,2,93" ten="211,230,329,230" oya="1" hai0="99,65,102,76,56,24,51,31,129,63,38,26,108" hai1="58,2,114,19,72,5,135,80,55,22,109,48,123" hai2="20,41,62,125,40,3,121,11,36,134,61,37,54" hai3="92,42,82,52,32,94,15,16,113,46,1,35,79"/><U90/><E123/><V103/><F121/><W25/><G1/><T74/><D38/><U50/><E114/><V107/><F134/><W39/><G113/><T91/><D108/><U7/><E135/><V4/><F125/><W128/><G128/><T33/><D129/><U8/><E109/><V106/><F20/><W49/><G25/><T43/><D24/><U112/><E7/><V0/><F4/><W21/><G94/><T27/><D26/><U95/><E112/><V127/><F103/><W23/><G23/><T57/><D91/><U100/><E100/><V86/><F86/><W53/><G92/><T28/><D28/><U85/><E50/><V30/><F54/><W6/><G6/><T120/><D120/><U115/><E115/><V29/><REACH who="2" step="1"/><F127/><REACH who="2" ten="211,230,319,230" step="2"/><W17/><G17/><T77/><D74/><U122/><E122/><V9/><AGARI ba="0,1" hai="0,3,9,11,29,30,36,37,40,41,61,62,106,107" machi="9" ten="25,8000,1" yaku="1,1,2,1,0,1,22,2,53,0" doraHai="93" doraHaiUra="18" who="2" fromWho="2" sc="211,-20,230,-40,319,90,230,-20" />
</Scene>
<Scene>
<INIT seed="2,0,0,0,3,12" ten="191,190,409,210" oya="2" hai0="35,56,115,133,63,131,11,79,69,125,48,58,49" hai1="20,4,29,53,106,65,117,37,78,70,98,44,21" hai2="55,127,128,108,34,31,71,119,86,7,2,68,130" hai3="94,15,32,135,110,67,74,1,114,38,109,8,132"/><V28/><F119/><W84/><G74/><T122/><D35/><U40/><E117/><V14/><F2/><W76/><G38/><T51/><D79/><U25/><E4/><V72/><F72/><W129/><G32/><T5/><D122/><U93/><E78/><V92/><F127/><W64/><G1/><T22/><D115/><U90/><E106/><V83/><F92/><W41/><G41/><T62/><D22/><U102/><E90/><V107/><F107/><W60/><G114/><T19/><D19/><U52/><REACH who="1" step="1"/><E21/><REACH who="1" ten="191,180,409,210" step="2"/><V80/><F7/><W97/><G76/><T59/><D5/><U118/><E118/><V27/><F130/><W77/><G129/><T23/><D23/><U16/><E16/><V87/><F128/><W101/><G77/><T24/><D131/><U30/><E30/><V85/><F31/><W121/><G121/><T43/><D11/><U113/><E113/><V6/><F6/><W57/><G8/><T120/><D120/><U100/><E100/><V39/><F28/><W81/><G101/><T96/><D96/><U75/><E75/><V42/><F34/><W88/><G97/><T73/><D73/><U0/><E0/><V124/><F87/><W111/><G111/><T45/><D24/><U61/><AGARI ba="0,1" hai="20,25,29,37,40,44,52,53,61,65,70,93,98,102" machi="61" ten="30,4000,0" yaku="1,1,0,1,54,1,53,0" doraHai="12" doraHaiUra="134" who="1" fromWho="1" sc="191,-10,180,50,409,-20,210,-10" />
</Scene>
<Scene>
<INIT seed="3,0,0,0,0,85" ten="181,230,389,200" oya="3" hai0="13,120,51,125,58,10,93,53,69,68,42,30,49" hai1="71,17,112,127,34,11,7,29,73,41,21,80,38" hai2="117,122,83,92,36,2,3,90,94,124,33,60,103" hai3="86,128,50,44,91,59,6,20,89,110,133,9,28"/><W79/><G128/><T47/><D120/><U18/><E71/><V105/><F117/><W39/><G39/><T62/><D125/><U72/><E127/><V87/><F124/><W76/><G133/><T131/><D131/><U66/><E66/><V45/><F122/><W100/><G100/><T82/><D30/><U25/><E112/><V130/><F130/><W126/><G126/><T8/><D8/><U77/><E73/><V15/><F33/><W121/><G121/><T37/><D82/><U16/><E41/><V114/><F105/><W19/><G59/><T78/><D78/><U108/><E38/><V115/><F3/><W56/><G56/><T43/><D93/><U64/><E64/><V61/><F2/><W14/><G28/><T5/><REACH who="0" step="1"/><D37/><REACH who="0" ten="171,230,389,200" step="2"/><U26/><E108/><V118/><F36/><W113/><G110/><T1/><D1/><AGARI ba="0,1" hai="1,7,11,16,17,18,21,25,26,29,34,72,77,80" machi="1" ten="30,2000,0" yaku="7,1,54,1" doraHai="85" who="1" fromWho="0" sc="171,-20,230,30,389,0,200,0" />
</Scene>
<Scene>
<INIT seed="4,0,0,0,3,78" ten="151,260,389,200" oya="0" hai0="38,25,13,81,126,61,118,131,80,82,101,95,39" hai1="22,9,79,6,117,88,3,32,40,100,69,76,12" hai2="132,28,49,7,84,0,119,46,58,74,37,116,133" hai3="108,2,107,105,43,64,129,42,14,34,112,54,33"/><T31/><D118/><N who="2" m="45098" /><F74/><W11/><G108/><T52/><D131/><U20/><E100/><V92/><F37/><W4/><G64/><T86/><D126/><U77/><E69/><V57/><F28/><W111/><G111/><T8/><D101/><U94/><E32/><V62/><F7/><W27/><G129/><T41/><D41/><U29/><E117/><V135/><F0/><W122/><G112/><T66/><D95/><U23/><E29/><V85/><F92/><W103/><G122/><T19/><D86/><N who="2" m="33386" /><F62/><W65/><G2/><T90/><D90/><U30/><E30/><V114/><F114/><W97/><G105/><T53/><D38/><U124/><E124/><V35/><F35/><W15/><G33/><T102/><D102/><U104/><E104/><V93/><F93/><W51/><G34/><T44/><D39/><U1/><REACH who="1" step="1"/><E40/><AGARI ba="0,0" hai="40,46,49,57,58,132,133,135" m="33386,45098" machi="40" ten="40,2600,0" yaku="20,1,12,1" doraHai="78" who="2" fromWho="1" sc="151,0,260,-26,389,26,200,0" />
</Scene>
<Scene>
<INIT seed="5,0,0,1,1,57" ten="151,234,415,200" oya="1" hai0="0,78,5,32,107,39,126,54,133,29,51,94,6" hai1="49,114,28,22,36,24,119,42,38,55,131,13,63" hai2="23,125,113,25,52,84,135,26,75,65,18,27,46" hai3="122,70,58,44,95,66,110,77,30,74,40,47,71"/><U101/><E119/><V10/><F75/><W60/><G122/><T92/><D107/><U85/><E131/><V130/><F130/><W109/><G30/><T120/><D39/><U116/><E116/><V79/><F135/><W62/><G95/><T2/><D120/><U91/><E114/><V83/><F125/><W87/><G87/><T102/><D126/><U129/><E129/><V76/><F113/><W67/><G77/><T72/><D133/><U124/><E101/><V118/><F118/><W16/><G74/><T35/><D51/><U59/><E124/><V123/><F123/><W68/><G16/><T4/><D54/><U88/><E91/><V106/><F106/><W117/><G117/><T90/><D102/><U108/><E108/><N who="3" m="41578" /><G47/><T53/><D5/><U105/><E13/><V61/><F76/><W89/><G89/><T73/><D78/><U21/><E21/><V1/><F1/><W134/><G134/><T17/><D90/><U3/><E3/><V98/><F98/><W45/><G45/><T41/><D17/><U80/><E105/><V115/><F10/><W33/><G33/><T37/><D29/><U48/><E28/><V34/><F34/><W132/><G132/><T19/><D19/><U121/><E121/><V50/><F115/><W111/><N who="3" m="41586" /><W81/><DORA hai="20" /><G81/><T64/><D32/><U99/><E99/><V97/><F97/><W93/><G93/><T12/><D94/><U11/><E11/><V112/><F112/><W7/><G7/><T43/><D92/><U128/><E128/><V56/><AGARI ba="0,0" hai="18,23,25,26,27,46,50,52,56,61,65,79,83,84" machi="56" ten="20,16000,3" yaku="0,1,7,1,8,1,52,4,54,1" doraHai="57,20" who="2" fromWho="2" sc="151,-40,234,-80,415,160,200,-40" />
</Scene>
<Scene>
<INIT seed="6,0,0,1,4,63" ten="111,154,575,160" oya="2" hai0="28,133,74,32,86,23,26,67,131,57,40,92,22" hai1="41,132,123,8,45,114,98,75,42,4,106,113,52" hai2="119,135,122,43,115,110,94,46,11,30,33,7,29" hai3="10,77,104,117,64,65,48,1,12,111,127,56,70"/><V112/><F122/><W66/><G117/><T5/><D74/><U116/><E75/><V47/><F119/><W17/><G111/><T61/><D133/><U103/><E132/><V24/><F135/><W0/><G70/><T107/><D107/><U124/><E124/><V81/><F110/><W13/><G104/><T100/><D131/><U55/><E123/><V84/><F94/><W9/><G127/><T38/><D5/><U18/><E18/><V37/><F47/><W60/><G77/><T59/><D57/><U101/><E101/><V50/><F30/><W20/><G20/><T128/><D128/><U73/><E73/><V34/><F34/><W105/><G105/><T130/><D130/><U71/><E71/><V126/><F126/><W21/><G21/><T91/><REACH who="0" step="1"/><D100/><REACH who="0" ten="101,154,575,160" step="2"/><U109/><E109/><V78/><F37/><W95/><G1/><T31/><D31/><U58/><E58/><V2/><AGARI ba="0,1" hai="2,7,11,24,29,33,43,46,50,78,81,84,112,115" machi="2" ten="30,1500,0" yaku="0,1" doraHai="63" who="2" fromWho="2" sc="101,-5,154,-5,575,25,160,-5" />
</Scene>
<Scene>
<INIT seed="6,1,0,3,3,51" ten="96,149,600,155" oya="2" hai0="80,107,8,110,122,28,121,56,81,44,42,58,78" hai1="53,117,1,21,76,27,68,106,111,20,61,60,128" hai2="24,113,85,2,95,73,109,89,94,25,14,93,46" hai3="19,48,125,131,43,15,34,63,69,18,41,84,71"/><V22/><F73/><W116/><G34/><T9/><D110/><U99/><E1/><V130/><F2/><W82/><G116/><T112/><D107/><U98/><E117/><V4/><F109/><W83/><G125/><T47/><D42/><U64/><E111/><V67/><F130/><W103/><G103/><T105/><D105/><U45/><E128/><V79/><F113/><W75/><G131/><T52/><D28/><U120/><E76/><V88/><F67/><W101/><G101/><T54/><REACH who="0" step="1"/><D78/><REACH who="0" ten="86,149,600,155" step="2"/><U87/><E106/><V100/><F79/><W33/><G43/><T5/><D5/><U31/><E120/><V92/><F46/><W108/><G41/><T124/><D124/><U12/><E31/><V118/><F118/><W135/><G108/><T37/><D37/><U127/><E127/><V62/><F100/><W90/><G18/><T96/><D96/><U132/><E99/><V0/><F89/><W114/><G19/><T17/><D17/><U65/><E98/><V3/><F0/><W23/><G90/><T119/><D119/><U36/><E36/><V7/><F3/><W129/><G129/><T77/><D77/><U86/><E86/><V115/><F115/><AGARI ba="1,1" hai="8,9,44,47,52,54,56,58,80,81,112,115,121,122" machi="115" ten="25,16000,3" yaku="1,1,22,2,52,2,54,1,53,2" doraHai="51" doraHaiUra="50" who="0" fromWho="2" sc="86,173,149,0,600,-163,155,0" />
</Scene>
<Scene>
<INIT seed="7,0,0,5,2,89" ten="259,149,437,155" oya="3" hai0="62,124,14,100,27,58,8,6,59,98,35,64,123" hai1="37,95,105,13,128,28,77,120,78,44,91,52,84" hai2="104,67,3,126,131,42,36,16,79,25,80,18,19" hai3="7,1,93,9,73,48,41,10,86,96,21,55,135"/><W31/><G73/><T87/><D123/><U23/><E105/><V5/><F104/><W83/><G135/><T49/><D124/><U39/><E128/><V118/><F118/><W29/><G41/><T121/><D121/><U111/><E111/><V63/><F126/><W54/><G10/><T30/><D87/><U76/><E120/><V65/><F131/><W71/><G71/><T4/><D49/><N who="1" m="28711" /><E39/><V70/><F67/><W94/><G21/><T51/><D51/><U43/><E37/><V38/><F25/><W34/><G34/><T90/><D90/><U110/><E110/><V82/><F82/><W11/><G11/><T103/><D103/><U40/><E13/><V106/><F106/><W57/><G55/><T115/><D115/><U26/><AGARI ba="0,0" hai="23,26,28,40,43,76,77,78,84,91,95" m="28711" machi="26" ten="30,4000,0" yaku="8,1,52,1,54,1" doraHai="89" who="1" fromWho="1" sc="259,-10,149,40,437,-10,155,-20" owari="249,5.0,189,-21.0,427,52.0,135,-36.0" />
</Scene>
</mjloggm>