<mjloggm ver="2.3"><GO type="225" lobby="0"/><UN n0="%E5%A4%AA%E3%81%8F%E3%81%AA%E3%81%84%E3%81%8A" n1="%E8%92%BC%E6%9C%88%E6%BD%AE" n2="%E9%BA%BB%E9%9B%80%E7%89%87%E6%83%B3%E3%81%84" n3="%E5%B0%8F%E6%B4%A5%E6%AD%8C%E9%9F%B3" dan="18,16,16,16" rate="2198.83,2093.95,2112.52,2072.40" sx="M,M,M,F"/><TAIKYOKU oya="0"/>

<Scene>
<INIT seed="0,0,0,2,0,76" ten="250,250,250,250" oya="0" hai0="31,120,49,97,21,100,125,11,25,35,51,0,7" hai1="105,114,134,42,74,79,14,47,115,3,131,133,86" hai2="70,94,112,135,15,30,61,83,41,26,10,75,68" hai3="50,122,89,67,103,23,13,111,46,129,60,65,52"/><T109/><D120/><U92/><E3/><V72/><F112/><N who="1" m="43049" /><E105/><V78/><F135/><N who="1" m="51721" /><E14/><V8/><F41/><W1/><G122/><T37/><D37/><N who="1" m="21967" /><E131/><V5/><F72/><W99/><G129/><T85/><D125/><U81/><E92/><V108/><F108/><W16/><G111/><T96/><D109/><U82/><E82/><V12/><F94/><N who="3" m="58871" /><G1/><T124/><D124/><U29/><E29/><V119/><F119/><W126/><G126/><T107/><D97/><U98/><E98/><V87/><F75/><AGARI ba="0,0" hai="74,75,79,81,86" m="21967,51721,43049" machi="75" ten="30,3900,0" yaku="11,1,20,1,52,1" doraHai="76" who="1" fromWho="2" sc="250,0,250,39,250,-39,250,0" />
</Scene>
<Scene>
<INIT seed="1,0,0,4,4,74" ten="250,289,211,250" oya="1" hai0="122,126,107,31,8,35,16,81,72,37,76,62,123" hai1="48,40,135,60,105,47,27,103,12,108,120,26,66" hai2="32,112,3,83,64,98,109,36,73,131,18,52,104" hai3="99,133,6,41,14,11,33,29,13,20,22,38,7"/><U70/><E120/><N who="0" m="46121" /><D37/><U23/><E135/><V58/><F109/><W54/><G41/><T71/><D107/><U43/><E43/><V121/><F121/><W102/><G38/><T44/><D44/><U55/><E105/><V77/><F131/><W127/><G54/><T97/><D97/><U67/><E67/><V106/><F36/><W124/><G133/><T130/><D130/><U92/><E108/><V80/><F32/><W46/><G46/><T34/><D31/><U63/><E12/><V79/><F64/><W88/><G102/><T87/><D126/><N who="3" m="48169" /><G99/><T45/><D45/><U9/><E103/><V90/><F112/><W128/><G88/><N who="0" m="51311" /><D71/><U65/><E70/><V113/><F113/><W4/><G128/><T96/><D96/><U53/><E47/><V30/><F30/><W2/><G2/><T91/><D91/><U116/><E40/><V0/><F90/><W134/><G134/><T69/><D69/><U50/><E66/><V125/><F125/><W119/><G119/><T115/><D62/><U56/><E60/><V59/><F98/><W95/><G95/><T68/><D68/><U15/><E116/><V100/><F100/><W1/><G1/><T129/><D129/><U111/><E92/><V10/><F73/><W17/><G14/><N who="0" m="7239" /><D115/><U61/><E111/><V24/><F0/><W42/><G42/><T86/><D72/><U114/><E114/><V78/><F3/><N who="3" m="415" /><G20/><T51/><D51/><N who="1" m="19499" /><E23/><N who="2" m="13431" /><F10/><W19/><G19/><T25/><D25/><AGARI ba="0,0" hai="6,7,13,17,22,25,29,33" m="415,48169" machi="25" ten="30,7700,0" yaku="24,1,18,1,34,2" doraHai="74" who="3" fromWho="0" sc="250,-77,289,0,211,0,250,77" />
</Scene>
<Scene>
<INIT seed="2,0,0,1,3,91" ten="173,289,211,327" oya="2" hai0="62,120,10,108,79,97,50,12,124,51,96,64,60" hai1="42,83,45,65,113,31,71,119,49,134,19,46,114" hai2="84,107,36,93,57,117,85,0,43,102,80,90,132" hai3="101,129,130,89,116,86,8,125,115,133,67,103,20"/><V48/><F36/><W118/><G8/><T5/><D120/><U28/><E83/><V34/><F34/><W40/><G40/><T82/><D108/><U14/><E119/><N who="3" m="45610" /><G20/><T106/><D124/><U22/><E134/><V104/><F117/><W2/><G67/><T110/><D110/><U100/><E100/><N who="3" m="38474" /><G2/><T73/><D106/><N who="2" m="40490" /><F0/><W61/><G61/><T81/><D62/><U44/><E65/><V55/><F43/><W37/><G37/><T121/><D121/><U74/><E42/><V29/><F29/><W109/><G109/><T4/><D4/><U88/><E28/><V94/><F57/><W126/><G115/><T18/><D82/><U105/><E31/><V98/><F55/><W7/><G7/><T25/><D25/><U122/><E113/><V69/><F48/><W41/><G41/><T35/><D35/><U21/><E49/><V68/><F68/><W56/><G56/><T111/><D111/><U16/><E71/><V78/><F69/><W27/><G27/><T30/><D30/><U9/><E45/><V135/><AGARI ba="0,0" hai="78,80,84,85,90,93,94,98,102,132,135" m="40490" machi="135" ten="30,11700,0" yaku="34,2,52,2" doraHai="91" who="2" fromWho="2" sc="173,-39,289,-39,211,117,327,-39" />
</Scene>
<Scene>
<INIT seed="2,1,0,3,4,89" ten="134,250,328,288" oya="2" hai0="52,64,30,59,27,101,37,127,102,119,92,29,97" hai1="7,90,71,2,55,105,1,28,56,87,99,106,50" hai2="34,86,77,5,53,74,88,128,93,83,17,21,110" hai3="49,63,103,85,35,135,73,80,15,48,126,22,39"/><V108/><F34/><W81/><G35/><T45/><D127/><U98/><E71/><V47/><F5/><W65/><G126/><T20/><D119/><U91/><E28/><V121/><F121/><W118/><G118/><T33/><D64/><U42/><E42/><V44/><F128/><W82/><G39/><T120/><D120/><U78/><E78/><V31/><F31/><W67/><G73/><T109/><D109/><N who="2" m="42090" /><F53/><W32/><G32/><T25/><D37/><U75/><E55/><V117/><F117/><W24/><G15/><AGARI ba="1,0" hai="15,17,21,44,47,74,77,83,86,88,93" m="42090" machi="15" ten="30,11600,0" yaku="14,1,10,1,52,1,54,1" doraHai="89" who="2" fromWho="3" sc="134,0,250,0,328,119,288,-119" />
</Scene>
<Scene>
<INIT seed="2,2,0,3,0,110" ten="134,250,447,169" oya="2" hai0="74,30,25,43,135,85,5,34,71,116,76,117,64" hai1="20,113,84,59,40,78,89,124,29,2,14,42,11" hai2="27,96,118,66,33,8,99,83,15,65,22,121,79" hai3="75,82,26,72,112,10,45,54,123,17,48,1,57"/><V119/><F33/><W77/><G123/><T105/><D85/><U129/><E113/><V67/><F121/><W134/><G134/><T92/><D92/><U87/><E2/><V50/><F50/><W103/><G103/><T31/><D31/><U12/><E129/><V120/><F120/><W126/><G126/><T98/><D5/><U6/><E59/><V125/><F125/><W46/><G112/><T44/><D135/><U70/><E70/><V61/><F61/><W101/><G101/><N who="0" m="62647" /><D76/><U100/><E100/><V39/><F39/><W62/><G46/><T93/><D93/><N who="1" m="54439" /><E124/><V104/><F104/><W16/><G26/><T127/><D74/><U53/><E53/><V4/><F118/><W108/><G72/><T80/><D80/><N who="1" m="47511" /><E29/><V23/><F119/><W38/><G38/><N who="0" m="21623" /><D127/><U41/><E41/><V37/><F37/><W49/><G49/><T24/><D24/><U86/><E86/><N who="2" m="48511" /><F23/><W55/><REACH who="3" step="1"/><G108/><REACH who="3" ten="134,250,447,159" step="2"/><T32/><D32/><U91/><E40/><V130/><F130/><W60/><G60/><AGARI ba="2,1" hai="25,30,34,60,64,71,116,117" m="21623,62647" machi="60" ten="30,2000,0" yaku="25,1,23,1" doraHai="110" who="0" fromWho="3" sc="134,36,250,0,447,0,159,-26" />
</Scene>
<Scene>
<INIT seed="3,0,0,0,0,6" ten="170,250,447,133" oya="3" hai0="79,99,135,105,22,39,42,26,62,85,108,54,92" hai1="121,35,63,71,120,93,41,70,73,61,97,18,12" hai2="103,60,49,94,48,75,24,95,89,2,130,106,118" hai3="100,91,126,98,30,59,115,9,15,72,4,87,66"/><W51/><G115/><T81/><D105/><U67/><E73/><V74/><F106/><W111/><G72/><T113/><D113/><U76/><E35/><V8/><F118/><W88/><G126/><T32/><D32/><U65/><E76/><V47/><F2/><W29/><G111/><T17/><D108/><U56/><E56/><V90/><F74/><W7/><G7/><T27/><D135/><U28/><E41/><V132/><F103/><W16/><G4/><T104/><D104/><U3/><E28/><N who="3" m="10858" /><G87/><T69/><D39/><U23/><E3/><V20/><F132/><W33/><G33/><T134/><D42/><U13/><E13/><V40/><F130/><W119/><G119/><T96/><D134/><U14/><E14/><V46/><F75/><W53/><G66/><T64/><D54/><U25/><E12/><V123/><F123/><W129/><G129/><T44/><D44/><U10/><E10/><V11/><F40/><W82/><G82/><T117/><D117/><U124/><E124/><V77/><F77/><W110/><G110/><T36/><D36/><U45/><E45/><V78/><F78/><W114/><G114/><T58/><D69/><U37/><E37/><V112/><F112/><W50/><G50/><T80/><D80/><U84/><E84/><V5/><F5/><W0/><G0/><T19/><D92/><AGARI ba="0,0" hai="9,15,16,51,53,59,88,91,92,98,100" m="10858" machi="92" ten="30,11600,0" yaku="8,1,52,1,54,2" doraHai="6" who="3" fromWho="0" sc="170,-116,250,0,447,0,133,116" />
</Scene>
<Scene>
<INIT seed="3,1,0,2,0,41" ten="54,250,447,249" oya="3" hai0="96,62,64,84,53,117,11,92,60,28,82,10,124" hai1="130,40,72,65,22,86,21,68,54,23,34,36,87" hai2="100,42,120,126,30,39,89,76,79,18,6,67,102" hai3="83,69,50,43,44,109,55,119,131,3,45,123,94"/><W112/><G3/><T0/><D117/><U75/><E34/><V48/><F39/><N who="3" m="21631" /><G83/><T56/><D124/><U110/><E68/><V14/><F126/><W113/><G119/><T16/><D0/><U59/><E65/><V118/><F118/><W95/><G123/><T4/><D4/><U91/><E40/><V37/><F37/><W47/><G69/><T32/><D32/><U26/><E36/><V7/><F18/><W78/><G78/><T35/><D35/><U134/><E26/><V15/><F79/><W61/><G131/><T29/><D62/><U108/><E130/><V12/><F76/><W2/><G2/><T104/><D104/><U93/><E86/><V107/><F107/><W31/><G31/><T80/><D64/><U63/><E134/><V13/><F30/><W25/><G25/><T121/><D121/><U98/><REACH who="1" step="1"/><E87/><REACH who="1" ten="54,240,447,249" step="2"/><V99/><F120/><W81/><G81/><T132/><D132/><U106/><E106/><V9/><F42/><N who="3" m="24887" /><G109/><AGARI ba="1,1" hai="21,22,23,54,59,63,72,75,91,93,98,108,109,110" machi="109" ten="40,2600,0" yaku="1,1,14,1,53,0" doraHai="41" doraHaiUra="115" who="1" fromWho="3" sc="54,0,240,39,447,0,249,-29" owari="54,-45.0,279,8.0,447,55.0,220,-18.0" />
</Scene>
</mjloggm>