<mjloggm ver="2.3"><GO type="169" lobby="0"/><UN n0="%E5%A4%AA%E3%81%8F%E3%81%AA%E3%81%84%E3%81%8A" n1="%61%69%73%79%6F" n2="%E3%82%A6%E3%83%92%E3%83%A7%E5%8A%A9" n3="%68%6F%73%69%67%61%6D%69" dan="18,18,16,16" rate="2261.20,2212.91,2065.75,2072.40" sx="F,M,M,M"/><TAIKYOKU oya="0"/>

<Scene>
<INIT seed="0,0,0,4,5,8" ten="250,250,250,250" oya="0" hai0="106,77,95,42,1,86,46,15,130,94,29,47,3" hai1="103,90,10,12,125,40,100,88,43,101,73,79,102" hai2="31,132,112,91,119,135,126,82,11,92,0,6,19" hai3="56,117,75,115,51,81,83,96,32,74,98,122,133"/><T24/><D106/><U34/><E34/><V45/><F119/><W21/><G32/><T25/><D130/><U68/><E68/><V65/><F112/><W37/><G37/><T121/><D121/><U67/><E67/><V5/><F126/><W16/><G115/><T113/><D113/><U60/><E60/><V128/><F128/><W110/><G117/><T18/><D77/><U14/><E125/><V70/><F82/><W123/><G110/><T69/><D69/><U64/><E64/><V38/><F31/><W52/><G133/><N who="2" m="51273" /><F65/><W39/><G39/><T87/><D18/><N who="1" m="8471" /><E79/><V50/><F70/><W54/><G75/><T85/><D42/><N who="1" m="15915" /><E73/><V41/><F6/><W71/><G71/><T44/><D15/><U111/><N who="1" m="25600" /><DORA hai="35" /><U7/><E111/><V57/><F38/><W84/><G74/><T107/><D107/><U9/><AGARI ba="0,0" hai="7,9,14,88,90" m="25600,15915,8471" machi="9" ten="50,8000,1" yaku="8,1,52,2,54,1" doraHai="8,35" who="1" fromWho="1" sc="250,-40,250,80,250,-20,250,-20" />
</Scene>
<Scene>
<INIT seed="1,0,0,4,1,50" ten="210,330,230,230" oya="1" hai0="34,123,91,109,64,74,60,92,9,110,126,40,94" hai1="24,13,85,1,61,51,97,72,77,58,73,90,68" hai2="71,87,47,21,86,7,132,133,100,113,66,27,114" hai3="106,80,59,95,43,75,25,36,62,98,83,35,103"/><U67/><E1/><V22/><F100/><W131/><G131/><T89/><D34/><U121/><E121/><V23/><F7/><W55/><G75/><T119/><D119/><U116/><E116/><V112/><F47/><W82/><G43/><T65/><D74/><U46/><E68/><V56/><F27/><W12/><G36/><T96/><D123/><U42/><E77/><V99/><F99/><W107/><REACH who="3" step="1"/><G12/><REACH who="3" ten="210,330,230,220" step="2"/><T88/><D40/><U52/><E73/><V32/><F71/><W16/><G16/><T14/><D126/><U49/><E72/><V108/><F108/><W128/><G128/><T78/><D109/><U84/><E13/><V115/><F115/><W63/><G63/><T105/><D110/><U76/><E76/><V127/><F127/><W29/><AGARI ba="0,1" hai="25,29,35,55,59,62,80,82,83,95,98,103,106,107" machi="29" ten="30,8000,1" yaku="1,1,0,1,52,1,53,2" doraHai="50" doraHaiUra="102" who="3" fromWho="3" sc="210,-20,330,-40,230,-20,220,90" />
</Scene>
<Scene>
<INIT seed="2,0,0,0,0,30" ten="190,290,210,310" oya="2" hai0="87,26,20,56,58,79,105,10,29,107,96,71,13" hai1="50,3,119,131,86,92,132,125,98,17,64,130,31" hai2="39,48,100,126,23,82,111,8,108,4,32,134,12" hai3="57,22,65,60,91,2,37,120,28,15,63,110,7"/><V5/><F32/><W97/><G120/><T109/><D71/><U118/><E3/><V99/><F39/><W25/><G37/><T1/><D109/><N who="2" m="42058" /><F134/><W85/><G110/><T72/><D72/><U117/><E125/><V41/><F126/><W80/><G2/><T62/><D1/><U93/><E31/><V128/><F128/><N who="1" m="49193" /><E64/><V133/><F133/><W73/><G73/><T83/><D96/><U127/><E127/><V35/><F82/><W16/><G7/><T49/><D49/><U124/><E124/><V112/><F112/><W69/><G97/><T36/><D36/><U88/><E132/><V114/><F114/><W106/><G106/><T53/><REACH who="0" step="1"/><D58/><REACH who="0" ten="180,290,210,310" step="2"/><U45/><E118/><V68/><F48/><W76/><G63/><T81/><D81/><U44/><E44/><V94/><F68/><W55/><G69/><T66/><D66/><U67/><E67/><V74/><F74/><W115/><G115/><T103/><D103/><N who="1" m="60871" /><E45/><V104/><F100/><W6/><G65/><T121/><D121/><U24/><E50/><V89/><F99/><W113/><G113/><T42/><D42/><U0/><E0/><V51/><F41/><W27/><G60/><T84/><D84/><U52/><E52/><V101/><F51/><W70/><G55/><T95/><D95/><U90/><E119/><V11/><F94/><W34/><G57/><T61/><D61/><U102/><E117/><V116/><F101/><W59/><G59/><T33/><D33/><U123/><E123/><V14/><F35/><W78/><G70/><T129/><D129/><U75/><E102/><RYUUKYOKU ba="0,1" sc="180,15,290,-15,210,-15,310,15" hai0="10,13,20,26,29,53,56,62,79,83,87,105,107" hai3="6,15,16,22,25,27,28,34,76,78,80,85,91" />
</Scene>
<Scene>
<INIT seed="3,1,1,4,4,119" ten="195,275,195,325" oya="3" hai0="134,53,131,6,92,39,84,116,25,50,3,45,96" hai1="16,115,46,48,99,104,91,19,57,15,29,9,95" hai2="18,51,7,118,40,133,47,82,123,38,70,111,135" hai3="31,80,52,78,20,34,102,73,85,77,117,1,58"/><W125/><G117/><T62/><D116/><U107/><E115/><V32/><F118/><W12/><G1/><T64/><D134/><N who="2" m="51210" /><F32/><W105/><G125/><T122/><D131/><U5/><E29/><V90/><F70/><W43/><G43/><T72/><D72/><U68/><E68/><V101/><F101/><W35/><G78/><T108/><D108/><U13/><E57/><V86/><F111/><W74/><G74/><T24/><D39/><U30/><E30/><V127/><F127/><W21/><G73/><T103/><D122/><U69/><E69/><V37/><F7/><W8/><G102/><T75/><D75/><U67/><E67/><V112/><F112/><W114/><G105/><T109/><D109/><U94/><E94/><V89/><F89/><W93/><G93/><T81/><D6/><U124/><E124/><V4/><F4/><W56/><G114/><T44/><D44/><U65/><E65/><V23/><F123/><W130/><G58/><N who="0" m="36951" /><D3/><U126/><E5/><V2/><F2/><W88/><G130/><T83/><D83/><U49/><E49/><V100/><F100/><W129/><G129/><T132/><D132/><U54/><REACH who="1" step="1"/><E126/><REACH who="1" ten="195,265,195,325" step="2"/><V33/><F33/><W36/><G35/><T41/><D41/><U27/><E27/><AGARI ba="1,2" hai="18,23,27,37,38,40,47,51,82,86,90" m="51210" machi="27" ten="30,1000,0" yaku="20,1" doraHai="119" who="2" fromWho="1" sc="195,0,265,-13,195,33,325,0" />
</Scene>
<Scene>
<INIT seed="4,0,0,4,2,29" ten="195,252,228,325" oya="0" hai0="63,74,7,19,124,24,60,57,120,81,96,132,43" hai1="130,111,95,51,78,47,125,22,90,38,134,105,21" hai2="28,117,20,61,107,2,67,94,112,62,34,54,36" hai3="16,119,30,44,25,66,127,110,92,80,126,65,6"/><T48/><D120/><U15/><E105/><V88/><F107/><W26/><G110/><T82/><D7/><U9/><E38/><V55/><F117/><W84/><G119/><T79/><D124/><N who="3" m="47657" /><G6/><T32/><D132/><U41/><E134/><V91/><F2/><W59/><G92/><T123/><D123/><U89/><E130/><V31/><F36/><W73/><G44/><T17/><D96/><N who="1" m="57455" /><E78/><V115/><F20/><N who="3" m="13447" /><G59/><T39/><D39/><U0/><E0/><V42/><F94/><W129/><G73/><T104/><D104/><U37/><E37/><V46/><F46/><W69/><G69/><T75/><D43/><U8/><E111/><V109/><F109/><W52/><G129/><T4/><D4/><N who="1" m="3463" /><E9/><V72/><F72/><W116/><G116/><T106/><D106/><U53/><E125/><V118/><F118/><W12/><G12/><T68/><D68/><U35/><E35/><V121/><F121/><W27/><G27/><T98/><D98/><U11/><E11/><V77/><F77/><N who="3" m="46095" /><G52/><N who="0" m="31879" /><D75/><U49/><E90/><V10/><F42/><W3/><G3/><T71/><D81/><U101/><E101/><V131/><F131/><W18/><G18/><N who="0" m="6667" /><D71/><U128/><E128/><V103/><F103/><W93/><G93/><T70/><D70/><U56/><AGARI ba="0,0" hai="21,22,41,47,49,51,53,56" m="3463,57455" machi="56" ten="30,1100,0" yaku="8,1" doraHai="29" who="1" fromWho="1" sc="195,-5,252,11,228,-3,325,-3" />
</Scene>
<Scene>
<INIT seed="5,0,0,3,2,11" ten="190,263,225,322" oya="1" hai0="52,95,4,73,3,114,91,28,125,77,90,80,68" hai1="44,131,41,50,37,39,96,109,10,9,56,45,99" hai2="58,47,89,113,103,101,23,102,31,70,94,71,81" hai3="92,8,112,55,78,17,21,19,6,0,63,84,48"/><U126/><E126/><V67/><F81/><W1/><G112/><T82/><D68/><U43/><E131/><V88/><F47/><W106/><G106/><T2/><D114/><U117/><E109/><V16/><F31/><W93/><G0/><T5/><D125/><U97/><E117/><V59/><F113/><W79/><G63/><T64/><D64/><U134/><E134/><V86/><F89/><W74/><G74/><T132/><D28/><U26/><E26/><V72/><F72/><W46/><G19/><T87/><D132/><U35/><E35/><V119/><F119/><W98/><G84/><T76/><D2/><U129/><E129/><V42/><F42/><W115/><G115/><T120/><D120/><U25/><E25/><V62/><REACH who="2" step="1"/><F71/><REACH who="2" ten="190,263,215,322" step="2"/><W100/><G46/><T116/><D116/><U49/><E56/><V7/><F7/><W105/><G6/><T51/><D3/><U133/><REACH who="1" step="1"/><E133/><REACH who="1" ten="190,253,215,322" step="2"/><V60/><F60/><W118/><G118/><T104/><D4/><U108/><E108/><V130/><F130/><W69/><G69/><T34/><D5/><U40/><E40/><V121/><F121/><W111/><G111/><T107/><D34/><U24/><E24/><AGARI ba="0,2" hai="16,23,24,58,59,62,67,70,86,88,94,101,102,103" machi="24" ten="40,5200,0" yaku="1,1,54,2,53,0" doraHai="11" doraHaiUra="33" who="2" fromWho="1" sc="190,0,253,-52,215,72,322,0" />
</Scene>
<Scene>
<INIT seed="6,0,0,3,4,31" ten="190,201,287,322" oya="2" hai0="107,39,78,45,60,42,59,130,62,34,126,12,128" hai1="37,113,63,134,111,79,44,104,119,101,35,40,112" hai2="94,65,122,9,110,7,98,120,68,17,36,92,131" hai3="5,71,54,21,93,32,38,97,76,53,108,95,102"/><V69/><F36/><W73/><G108/><T41/><D107/><U66/><E111/><V4/><F110/><W86/><G71/><T135/><D78/><U13/><E79/><V84/><F84/><W124/><G38/><T77/><D77/><U90/><E119/><V129/><F17/><W49/><G124/><T15/><D126/><U106/><E134/><V52/><F65/><W121/><G121/><T26/><D135/><U96/><E90/><V48/><F98/><W27/><G73/><T0/><D0/><U57/><E13/><N who="0" m="5193" /><D41/><U100/><E35/><V28/><F28/><W19/><G5/><T91/><D91/><U51/><E37/><V70/><F70/><W22/><G22/><T109/><D109/><U99/><AGARI ba="0,0" hai="40,44,51,57,63,66,96,99,100,101,104,106,112,113" machi="99" ten="30,2000,0" yaku="0,1,9,1" doraHai="31" who="1" fromWho="1" sc="190,-5,201,20,287,-10,322,-5" />
</Scene>
<Scene>
<INIT seed="7,0,0,1,1,100" ten="185,221,277,317" oya="3" hai0="63,117,32,129,111,84,11,40,94,50,110,25,72" hai1="65,46,104,4,58,77,26,52,114,22,12,135,43" hai2="47,24,130,2,81,41,54,87,17,68,16,78,38" hai3="19,83,20,49,9,7,59,121,45,37,125,98,118"/><W8/><G118/><T15/><D117/><U62/><E104/><V134/><F68/><W39/><G121/><T127/><D72/><U42/><E114/><V61/><F2/><W70/><G70/><T13/><D129/><U89/><E135/><V44/><F130/><W73/><G125/><T10/><D127/><U0/><E0/><V1/><F1/><W66/><G98/><T123/><D123/><U6/><E77/><V122/><F122/><W119/><G119/><T34/><D63/><U31/><E89/><V101/><F101/><W48/><G37/><T33/><D40/><N who="1" m="15403" /><E12/><N who="0" m="4681" /><D50/><AGARI ba="0,0" hai="4,6,22,26,31,46,50,52,58,62,65" m="15403" machi="50" ten="30,2000,0" yaku="8,1,54,1" doraHai="100" who="1" fromWho="0" sc="185,-20,221,20,277,0,317,0" owari="165,-33.0,241,-16.0,277,8.0,317,41.0" />
</Scene>
</mjloggm>