<mjloggm ver="2.3"><GO type="169" lobby="0"/><UN n0="%E3%83%98%E3%82%AF%E3%82%B5%E3%83%BC" n1="%E5%A4%AA%E3%81%8F%E3%81%AA%E3%81%84%E3%81%8A" n2="%E3%81%9E%E3%82%8B%E3%83%BC%E3%81%9F" n3="%E4%B8%8D%E8%A8%B1%E5%8F%AF" dan="16,17,16,16" rate="2098.43,2196.65,2051.48,2142.78" sx="M,M,M,M"/><TAIKYOKU oya="0"/>

<Scene>
<INIT seed="0,0,0,3,1,135" ten="250,250,250,250" oya="0" hai0="75,4,12,64,111,41,19,58,1,80,81,117,44" hai1="65,124,125,53,100,8,104,79,89,34,50,105,106" hai2="99,69,15,16,35,133,55,108,126,73,119,70,116" hai3="91,56,42,47,49,122,121,101,120,28,93,7,74"/><T77/><D117/><N who="2" m="45130" /><F108/><W90/><G74/><T98/><D111/><U71/><E34/><V84/><F73/><W115/><G115/><T14/><D1/><U109/><E109/><V63/><F133/><W72/><G72/><T6/><D98/><U112/><E79/><V61/><F35/><W59/><G28/><T131/><D131/><U107/><E112/><V82/><F99/><W43/><G7/><T9/><D81/><U25/><E25/><V26/><F26/><W48/><G101/><T40/><D41/><U54/><E100/><V66/><F55/><W37/><G37/><T0/><D0/><U33/><E33/><V52/><F52/><W97/><REACH who="3" step="1"/><G91/><REACH who="3" ten="250,250,250,240" step="2"/><T128/><D6/><U57/><E89/><N who="2" m="51351" /><F126/><N who="1" m="48745" /><E107/><V5/><F5/><W123/><N who="3" m="30720" /><DORA hai="87" /><W110/><G110/><T96/><D4/><U114/><E114/><V30/><F30/><W20/><G20/><T68/><D75/><U3/><E3/><V24/><F24/><W36/><G36/><T51/><D9/><U130/><E8/><N who="2" m="6247" /><F66/><W134/><G134/><T95/><D64/><U46/><E65/><V13/><F13/><W38/><G38/><T62/><D12/><U118/><E118/><V27/><F27/><W127/><G127/><T29/><D14/><U129/><E129/><V113/><F113/><W60/><G60/><AGARI ba="0,1" hai="60,61,63,69,70" m="6247,51351,45130" machi="60" ten="30,3900,0" yaku="12,1,52,1,54,1" doraHai="135,87" who="2" fromWho="3" sc="250,0,250,0,250,49,240,-39" />
</Scene>
<Scene>
<INIT seed="1,0,0,0,0,134" ten="250,250,299,201" oya="1" hai0="100,83,46,25,111,108,40,72,69,112,13,101,126" hai1="48,93,24,9,57,96,109,86,71,135,59,66,110" hai2="7,17,27,106,127,94,133,130,114,81,84,104,118" hai3="78,105,20,31,51,90,125,123,19,131,29,87,67"/><U33/><E135/><V77/><F7/><W89/><G123/><T43/><D112/><U1/><E86/><V8/><F133/><W60/><G105/><T56/><D69/><U76/><E76/><V41/><F114/><W2/><G2/><T5/><D25/><U98/><E71/><V113/><F113/><W47/><G131/><T50/><D40/><U103/><E66/><V22/><F130/><W68/><G78/><N who="0" m="44487" /><D56/><U107/><E1/><V30/><F118/><W91/><G87/><T18/><D5/><U79/><E79/><V52/><F41/><W117/><G117/><T122/><D122/><U97/><E9/><V6/><F30/><W54/><G125/><T129/><D129/><U88/><E97/><V121/><F127/><W116/><REACH who="3" step="1"/><G116/><REACH who="3" ten="250,250,299,191" step="2"/><T0/><D126/><U44/><E110/><N who="0" m="42025" /><D0/><U14/><E109/><V16/><F121/><W39/><G39/><T119/><D119/><U73/><E73/><V58/><F106/><W3/><G3/><T37/><D37/><U53/><REACH who="1" step="1"/><E14/><AGARI ba="0,1" hai="14,19,20,29,31,47,51,54,60,67,68,89,90,91" machi="14" ten="40,1300,0" yaku="1,1,53,0" doraHai="134" doraHaiUra="132" who="3" fromWho="1" sc="250,0,250,-13,299,0,191,23" />
</Scene>
<Scene>
<INIT seed="2,0,0,0,1,23" ten="250,237,299,214" oya="2" hai0="127,24,20,119,44,62,134,98,90,25,49,46,32" hai1="93,41,82,63,60,104,80,72,43,133,105,57,77" hai2="118,26,22,34,3,35,78,58,92,101,94,33,113" hai3="130,27,111,117,40,10,8,56,18,75,12,54,97"/><V69/><F69/><W135/><G117/><T83/><D127/><U99/><E133/><V125/><F3/><W106/><G135/><T2/><D134/><U52/><E80/><V45/><F118/><W36/><G75/><T31/><D119/><U73/><E73/><V96/><F113/><W123/><G123/><T86/><D2/><U55/><E41/><V103/><F78/><W128/><G111/><T121/><D121/><U39/><E43/><V1/><F1/><W89/><G36/><T5/><D5/><U37/><E37/><V9/><F9/><W6/><G40/><T114/><D114/><U17/><E39/><V14/><F14/><W7/><G27/><T47/><D62/><U112/><E112/><V107/><F45/><W79/><G79/><T88/><D49/><U87/><E72/><V50/><F103/><N who="3" m="62831" /><G89/><T30/><REACH who="0" step="1"/><D46/><REACH who="0" ten="240,237,299,214" step="2"/><U102/><E63/><V131/><F125/><W71/><G7/><T68/><D68/><U120/><E120/><V61/><F50/><W126/><G71/><T53/><D53/><U66/><E55/><V74/><F61/><W48/><G126/><T81/><D81/><U59/><E59/><V16/><F58/><W28/><G6/><T65/><D65/><U76/><E66/><V64/><F64/><W132/><G132/><T100/><D100/><U124/><E124/><V15/><F101/><W29/><G56/><T13/><D13/><U129/><E57/><V108/><F15/><N who="3" m="7527" /><G54/><T19/><D19/><U115/><E115/><V67/><F67/><W11/><G48/><T4/><D4/><U95/><E60/><RYUUKYOKU ba="0,1" sc="240,30,237,-10,299,-10,214,-10" hai0="20,24,25,30,31,32,44,47,83,86,88,90,98" />
</Scene>
<Scene>
<INIT seed="3,1,1,5,3,90" ten="270,227,289,204" oya="3" hai0="67,15,30,11,23,16,85,132,24,50,124,116,82" hai1="79,123,38,93,86,47,112,27,42,76,131,68,9" hai2="110,36,48,8,111,105,99,114,52,101,73,98,91" hai3="108,117,55,77,3,51,127,80,125,100,31,70,109"/><W5/><G117/><T39/><D116/><U64/><E123/><V2/><F36/><W17/><G70/><T43/><D132/><U44/><E112/><V12/><F73/><W61/><G61/><T0/><D124/><N who="3" m="47689" /><G31/><T128/><D128/><U133/><E131/><V33/><F33/><W46/><G100/><T72/><D72/><U35/><E133/><V118/><F118/><W66/><G66/><T1/><D39/><U106/><E106/><V7/><F114/><W56/><G17/><T19/><D67/><U88/><E47/><V135/><F135/><W25/><G25/><T4/><D0/><U10/><E68/><V60/><F60/><W71/><G71/><T81/><D81/><U13/><E64/><V75/><F75/><N who="3" m="43071" /><G56/><T96/><D96/><U120/><E120/><V58/><REACH who="2" step="1"/><F12/><REACH who="2" ten="270,227,279,204" step="2"/><W40/><G40/><T34/><D34/><U20/><E35/><V130/><F130/><W57/><G46/><N who="0" m="25951" /><D1/><U113/><E113/><V53/><F53/><W41/><G41/><T78/><AGARI ba="1,2" hai="4,11,15,16,19,23,24,30,78,82,85" m="25951" machi="78" ten="30,4000,0" yaku="25,1,8,1,54,1" doraHai="90" who="0" fromWho="0" sc="270,63,227,-11,279,-11,204,-21" />
</Scene>
<Scene>
<INIT seed="4,0,0,4,0,29" ten="333,216,268,183" oya="0" hai0="54,45,7,89,19,33,2,11,124,100,58,8,80" hai1="17,13,56,106,93,135,101,23,30,9,109,32,36" hai2="125,24,105,0,97,130,72,55,83,51,98,61,47" hai3="12,6,35,22,69,85,4,86,110,131,117,76,123"/><T49/><D124/><U21/><E109/><V41/><F125/><W133/><G110/><T92/><D33/><U87/><E36/><V65/><F0/><W64/><G117/><T126/><D126/><U132/><E106/><V66/><F130/><W53/><G131/><T71/><D71/><U39/><E39/><V46/><F105/><W18/><G133/><N who="1" m="51274" /><E56/><V84/><F72/><W82/><G123/><T129/><D129/><U115/><E115/><V57/><F24/><W95/><G35/><T96/><D11/><U91/><E101/><V113/><F113/><W70/><G70/><T15/><D2/><U37/><E37/><V5/><F5/><W16/><G69/><T52/><D7/><U60/><E60/><V10/><F10/><N who="3" m="6167" /><G64/><N who="2" m="24681" /><F47/><W1/><G53/><N who="0" m="29871" /><D58/><U134/><N who="1" m="51282" /><U127/><DORA hai="88" /><E127/><V40/><F40/><W102/><G1/><T62/><D62/><U43/><E43/><V38/><F38/><W28/><G28/><T111/><D111/><U74/><E74/><V48/><F61/><W114/><G114/><T42/><D42/><U104/><E104/><V94/><F94/><W26/><G102/><T77/><D100/><U107/><E107/><V59/><F59/><W128/><G128/><T79/><D80/><U90/><E32/><V81/><F81/><W50/><G50/><T73/><D73/><U34/><E34/><V121/><F121/><W78/><G95/><T116/><D116/><U75/><E75/><V108/><F108/><W103/><G103/><T119/><D119/><U120/><E120/><V20/><F20/><N who="1" m="7753" /><E30/><V25/><F25/><RYUUKYOKU ba="0,0" sc="333,0,216,0,268,0,183,0" hai0="8,15,19,52,54,77,79,89,92,96" hai1="9,13,17,87,90,91,93" hai2="41,46,48,51,55,57,83,84,97,98" hai3="4,6,18,22,26,76,78,82,85,86" />
</Scene>
<Scene>
<INIT seed="4,1,0,5,2,0" ten="333,216,268,183" oya="0" hai0="45,29,111,110,123,74,40,82,7,75,106,15,49" hai1="101,57,118,59,78,46,38,116,84,109,13,35,6" hai2="73,60,97,99,4,98,120,20,63,124,54,83,22" hai3="119,95,117,32,65,107,64,128,48,51,92,115,134"/><T18/><D123/><U19/><E109/><N who="0" m="41481" /><D106/><U27/><E101/><V62/><F120/><W10/><G107/><T122/><D122/><U90/><E78/><V9/><F124/><W24/><G24/><T100/><D100/><U37/><E35/><V16/><F54/><W11/><G32/><T43/><D29/><U23/><E118/><V2/><REACH who="2" step="1"/><F16/><REACH who="2" ten="333,216,258,183" step="2"/><W126/><G126/><T17/><D17/><U68/><E116/><V72/><F72/><W71/><G119/><T114/><D18/><U85/><E19/><V8/><F8/><W130/><G117/><T39/><D74/><U105/><E27/><V26/><F26/><W131/><G131/><T80/><D75/><U129/><E129/><V132/><F132/><W33/><G134/><T96/><D43/><U87/><E23/><V61/><N who="2" m="15872" /><DORA hai="133" /><V1/><F1/><W113/><REACH who="3" step="1"/><G33/><REACH who="3" ten="333,216,258,173" step="2"/><T125/><D125/><U28/><E28/><V70/><F70/><AGARI ba="1,2" hai="10,11,48,51,64,65,70,71,92,95,113,115,128,130" machi="70" ten="25,6400,0" yaku="1,1,2,1,22,2,53,0" doraHai="0,133" doraHaiUra="135,34" who="3" fromWho="2" sc="333,0,216,0,258,-67,173,87" />
</Scene>
<Scene>
<INIT seed="5,0,0,5,0,44" ten="333,216,191,260" oya="1" hai0="65,17,74,112,57,83,104,101,64,23,9,37,22" hai1="70,73,107,92,117,99,61,59,79,121,100,3,30" hai2="28,39,124,130,116,131,31,105,95,40,10,0,43" hai3="135,5,86,128,106,93,88,35,76,108,127,129,84"/><U54/><E117/><V12/><F116/><W68/><G35/><T21/><D37/><U89/><E121/><V58/><F105/><W69/><G106/><T47/><D112/><U8/><E30/><N who="2" m="11307" /><F0/><W1/><G108/><T82/><D74/><U71/><E3/><V13/><F39/><W55/><G135/><T34/><D34/><U18/><E8/><V24/><F24/><W32/><G32/><T11/><D104/><U19/><E19/><N who="2" m="8599" /><F124/><W62/><G127/><T97/><D17/><U77/><E18/><V80/><F13/><W114/><G114/><T123/><D123/><U66/><E73/><V85/><F95/><W94/><G5/><T6/><D9/><U41/><E41/><V53/><F131/><W122/><G1/><T109/><D11/><U33/><E33/><V16/><F130/><W125/><G122/><T87/><D6/><U67/><E67/><V78/><F16/><W111/><G125/><T52/><D109/><U115/><E115/><V134/><F134/><W102/><G111/><T56/><D65/><U4/><E4/><V29/><N who="2" m="11315" /><V113/><DORA hai="36" /><F113/><W81/><G129/><T15/><D64/><U48/><REACH who="1" step="1"/><E71/><REACH who="1" ten="333,206,191,260" step="2"/><V119/><F119/><W20/><G128/><T103/><D15/><U60/><E60/><AGARI ba="0,1" hai="40,43,53,58,60,78,80,85" m="8599,11315" machi="60" ten="30,3900,0" yaku="8,1,52,2" doraHai="44,36" who="2" fromWho="1" sc="333,0,206,-39,191,49,260,0" />
</Scene>
<Scene>
<INIT seed="6,0,0,1,4,132" ten="333,167,240,260" oya="2" hai0="75,130,5,93,61,98,115,67,113,26,57,42,127" hai1="9,128,74,54,4,41,58,63,44,70,97,11,134" hai2="66,34,71,21,77,12,31,25,126,43,17,108,123" hai3="1,27,111,20,24,100,30,45,59,89,46,33,19"/><V62/><F123/><W129/><G111/><T114/><D127/><U96/><E74/><V64/><F108/><W36/><G1/><T39/><D130/><U95/><E134/><V55/><F126/><W37/><G129/><T121/><D121/><U85/><E128/><V131/><F131/><W32/><G100/><N who="0" m="60495" /><D75/><U84/><E70/><V120/><F120/><W22/><G59/><T10/><D26/><U122/><E122/><V56/><F71/><W53/><G89/><T90/><D90/><U47/><E96/><V18/><F77/><W16/><G53/><T92/><D92/><U40/><E47/><V72/><F72/><W38/><G36/><T15/><D39/><U23/><E23/><V118/><F118/><W110/><G110/><T52/><D42/><U28/><E28/><AGARI ba="0,0" hai="16,19,20,22,24,27,28,30,32,33,37,38,45,46" machi="28" ten="25,3200,0" yaku="22,2,54,1" doraHai="132" who="3" fromWho="1" sc="333,0,167,-32,240,0,260,32" />
</Scene>
<Scene>
<INIT seed="7,0,0,3,0,74" ten="333,135,240,292" oya="3" hai0="127,79,101,129,113,97,48,70,98,57,33,123,77" hai1="85,38,132,41,120,121,78,116,117,124,43,118,108" hai2="94,45,76,66,30,28,24,26,115,18,35,52,3" hai3="119,1,6,91,80,32,14,111,100,4,22,81,106"/><W62/><G119/><T69/><D123/><N who="1" m="47179" /><E38/><V20/><F115/><W23/><G111/><T12/><D33/><U72/><E41/><V96/><F3/><W131/><G32/><T89/><D127/><U29/><E43/><V42/><F66/><W105/><G131/><T63/><D113/><U11/><E11/><V86/><F18/><W37/><G37/><T55/><D129/><U15/><E15/><V7/><F7/><W25/><G1/><T39/><D39/><U92/><E29/><V36/><F86/><N who="3" m="50631" /><G105/><T135/><D135/><U64/><E64/><V58/><F94/><W0/><G0/><T60/><D89/><N who="1" m="53295" /><E108/><V51/><REACH who="2" step="1"/><F96/><REACH who="2" ten="333,135,230,292" step="2"/><W40/><G4/><T2/><D97/><U50/><E50/><V102/><F102/><W114/><G100/><T99/><D101/><U17/><E17/><V5/><F5/><W68/><G6/><T73/><D98/><U49/><E49/><V93/><F93/><W109/><G109/><T13/><D99/><U56/><E56/><V10/><F10/><W103/><G103/><T61/><D2/><U34/><E34/><V16/><F16/><W47/><G114/><T67/><D67/><U104/><E104/><V19/><F19/><W130/><G106/><T44/><D57/><U95/><E95/><V8/><F8/><W54/><G130/><T31/><D48/><U110/><E110/><V125/><F125/><W134/><G14/><T21/><D12/><U65/><E65/><V112/><F112/><W75/><G23/><T126/><D13/><U133/><E124/><V53/><F53/><W90/><G54/><RYUUKYOKU ba="0,1" sc="333,-15,135,15,230,15,292,-15" hai1="72,78,116,117,118,132,133" hai2="20,24,26,28,30,35,36,42,45,51,52,58,76" owari="328,42.0,150,-35.0,245,-15.0,277,8.0" />
</Scene>
</mjloggm>