<mjloggm ver="2.3"><GO type="169" lobby="0"/><UN n0="%4E%61%72%75%6B%61" n1="%E3%83%8F%E3%83%AA%E3%83%9C%E3%83%86%E5%A4%A7%E5%B0%86" n2="%73%6F%64%6F%72" n3="%E5%A4%AA%E3%81%8F%E3%81%AA%E3%81%84%E3%81%8A" dan="16,16,16,17" rate="2112.33,2102.07,2093.82,2174.49" sx="F,M,M,M"/><TAIKYOKU oya="0"/>

<Scene>
<INIT seed="0,0,0,2,3,8" ten="250,250,250,250" oya="0" hai0="23,106,64,92,33,58,12,87,132,2,112,119,20" hai1="19,31,35,101,89,3,66,37,51,105,109,56,11" hai2="104,60,74,62,108,17,43,107,94,63,121,15,1" hai3="85,40,118,18,7,4,53,131,110,124,38,135,5"/><T90/><D119/><U39/><E109/><V100/><F1/><W22/><G118/><T125/><D33/><U36/><E101/><V67/><F121/><W134/><G110/><T47/><D112/><U49/><E105/><V55/><F108/><W52/><G124/><T111/><D111/><U25/><E89/><V54/><F43/><W32/><G32/><T28/><D132/><N who="3" m="50729" /><G131/><T75/><D75/><U50/><E66/><V93/><F74/><W59/><G85/><T117/><D2/><U86/><E86/><V42/><F42/><W41/><G38/><T120/><D47/><U97/><E97/><V24/><F24/><N who="3" m="14423" /><G53/><T84/><D84/><U123/><E123/><V65/><F104/><W14/><G14/><T116/><D106/><U88/><E3/><V91/><F107/><W45/><G45/><T0/><D120/><U127/><E127/><V115/><F115/><W26/><G26/><T71/><D0/><U114/><E114/><V9/><F100/><W95/><G95/><N who="2" m="36361" /><F91/><W81/><G81/><T48/><D125/><U76/><E88/><V113/><F113/><W122/><G122/><T6/><D87/><U96/><E96/><V27/><F27/><W10/><G10/><N who="0" m="4183" /><D90/><U98/><E98/><V57/><F55/><W128/><G128/><T69/><D92/><U79/><REACH who="1" step="1"/><E56/><REACH who="1" ten="250,240,250,250" step="2"/><V46/><F46/><W68/><G68/><T29/><D71/><U13/><AGARI ba="0,1" hai="11,13,19,25,31,35,36,37,39,49,50,51,76,79" machi="13" ten="40,8000,1" yaku="1,1,2,1,0,1,52,1,53,0" doraHai="8" doraHaiUra="78" who="1" fromWho="1" sc="250,-40,240,90,250,-20,250,-20" />
</Scene>
<Scene>
<INIT seed="1,0,0,1,0,54" ten="210,330,230,230" oya="1" hai0="93,90,41,60,95,66,26,133,105,65,35,20,134" hai1="37,61,43,3,83,0,39,17,119,106,129,57,70" hai2="76,22,68,89,71,40,109,78,12,103,110,81,28" hai3="7,74,101,58,100,51,86,44,53,69,2,115,126"/><U131/><E119/><V72/><F103/><W99/><G74/><T15/><D105/><U67/><E106/><V128/><F128/><N who="1" m="49225" /><E70/><V123/><F123/><W30/><G69/><T50/><D35/><U56/><E17/><N who="2" m="10535" /><F40/><W117/><G115/><T38/><D93/><U42/><E83/><N who="2" m="45447" /><F89/><W94/><G117/><T46/><D15/><U97/><E97/><V122/><F28/><W45/><G126/><T11/><D11/><U31/><E31/><V88/><F122/><W102/><G30/><T47/><D20/><U118/><E118/><V79/><F79/><W113/><G113/><T111/><D26/><U63/><E42/><V19/><F19/><W104/><G104/><T125/><D95/><U6/><E43/><V34/><F34/><W14/><G2/><N who="1" m="554" /><E6/><V4/><F4/><W135/><G86/><T84/><D38/><U10/><E10/><V27/><F71/><W13/><G7/><T114/><D114/><U121/><E121/><V24/><F68/><W55/><G135/><T64/><D133/><U29/><E29/><V52/><F27/><W85/><G85/><T8/><D134/><U59/><E59/><V33/><F24/><W16/><G14/><T80/><D8/><U82/><E82/><V112/><F112/><W91/><G53/><AGARI ba="0,0" hai="37,39,53,56,57,61,63,67" m="554,49225" machi="53" ten="30,5800,0" yaku="19,1,52,2" doraHai="54" who="1" fromWho="3" sc="210,0,330,58,230,0,230,-58" />
</Scene>
<Scene>
<INIT seed="1,1,0,3,2,19" ten="210,388,230,172" oya="1" hai0="13,20,5,115,123,90,67,71,114,41,104,24,58" hai1="66,76,100,119,27,109,77,94,63,7,82,78,95" hai2="56,22,8,69,89,131,98,68,29,97,65,31,50" hai3="2,85,54,59,46,120,74,80,52,79,0,32,48"/><U25/><E119/><V103/><F131/><W9/><G120/><T60/><D123/><U10/><E82/><V130/><F130/><W34/><G74/><T92/><D104/><U110/><E7/><V118/><F118/><W81/><G81/><T47/><D71/><U28/><E10/><V132/><F132/><W55/><G9/><T15/><D115/><U21/><E27/><V87/><F8/><W113/><G113/><T83/><D83/><U49/><E49/><V116/><F116/><W30/><G30/><N who="0" m="17671" /><D5/><U62/><E62/><V3/><F3/><W11/><G11/><T86/><D114/><U42/><E42/><V26/><F31/><W35/><REACH who="3" step="1"/><G59/><REACH who="3" ten="210,388,230,162" step="2"/><T93/><D93/><U102/><E95/><V124/><F69/><W88/><G88/><T127/><D127/><U108/><E94/><V134/><F68/><AGARI ba="1,1" hai="21,25,28,63,66,68,76,77,78,100,102,108,109,110" machi="68" ten="50,9600,0" yaku="14,1,10,1,52,1" doraHai="19" who="1" fromWho="2" sc="210,0,388,109,230,-99,162,0" />
</Scene>
<Scene>
<INIT seed="1,2,0,4,4,119" ten="210,497,131,162" oya="1" hai0="35,34,91,33,18,52,111,97,23,124,87,13,57" hai1="4,65,43,133,82,45,125,31,85,20,15,12,53" hai2="69,29,73,105,37,49,2,36,112,130,117,42,95" hai3="44,126,122,76,66,24,99,89,109,68,46,1,48"/><U80/><E125/><V0/><F117/><W83/><G1/><T101/><D124/><U54/><E65/><V28/><F49/><W118/><G126/><T40/><D111/><U10/><E133/><V41/><F95/><W116/><G109/><T5/><D40/><U107/><E107/><V3/><F105/><W88/><G24/><T108/><D108/><U26/><E15/><V21/><F21/><W63/><G122/><T115/><D115/><U113/><E113/><V16/><F112/><W22/><G22/><T74/><D74/><U27/><E27/><V32/><F73/><W134/><G134/><T6/><D97/><U100/><E100/><V128/><F16/><W86/><G46/><T127/><D101/><U78/><E82/><V62/><F62/><W71/><G71/><T96/><D96/><U81/><E81/><V90/><F90/><W84/><G99/><T72/><D72/><U114/><E114/><V47/><F69/><W94/><REACH who="3" step="1"/><G89/><REACH who="3" ten="210,497,131,152" step="2"/><T25/><D25/><U67/><E26/><V77/><F77/><W17/><G17/><T120/><D120/><U121/><E121/><V131/><F32/><W56/><G56/><T60/><REACH who="0" step="1"/><D127/><REACH who="0" ten="200,497,131,152" step="2"/><U102/><E102/><V8/><REACH who="2" step="1"/><F8/><REACH who="2" ten="200,497,121,152" step="2"/><W55/><AGARI ba="2,3" hai="44,48,55,63,66,68,76,83,84,86,88,94,116,118" machi="55" ten="30,4000,0" yaku="1,1,0,1,54,1,53,0" doraHai="119" doraHaiUra="30" who="3" fromWho="3" sc="200,-12,497,-22,121,-12,152,76" />
</Scene>
<Scene>
<INIT seed="2,0,0,5,4,4" ten="188,475,109,228" oya="2" hai0="116,88,110,80,119,42,6,26,12,129,106,0,104" hai1="105,44,83,93,70,18,3,55,68,125,124,13,56" hai2="31,27,7,39,121,109,49,28,43,9,118,40,132" hai3="74,84,134,64,101,78,62,24,128,30,57,86,10"/><V135/><F121/><W75/><G134/><N who="2" m="51241" /><F118/><N who="0" m="45098" /><D110/><U98/><E3/><N who="2" m="255" /><F39/><W102/><G128/><T66/><D129/><U47/><E70/><V48/><F109/><W82/><G84/><N who="0" m="50183" /><D66/><U38/><E68/><V99/><F99/><W21/><REACH who="3" step="1"/><G10/><REACH who="3" ten="188,475,109,218" step="2"/><N who="0" m="4183" /><D0/><U45/><E98/><V36/><F36/><W2/><G2/><T61/><D42/><N who="2" m="15914" /><F31/><W89/><G89/><T81/><D81/><U107/><E38/><V96/><F96/><W127/><G127/><T52/><D26/><U16/><E124/><V87/><F87/><W92/><G92/><T71/><D71/><U122/><E125/><V130/><F130/><W60/><G60/><T123/><D123/><U14/><E93/><V72/><F72/><AGARI ba="0,1" hai="21,24,30,57,62,64,72,74,75,78,82,86,101,102" machi="72" ten="40,1300,0" yaku="1,1,53,0" doraHai="4" doraHaiUra="32" who="3" fromWho="2" sc="188,0,475,0,109,-13,218,23" />
</Scene>
<Scene>
<INIT seed="3,0,0,4,3,92" ten="188,475,96,241" oya="3" hai0="0,66,123,128,100,20,48,119,91,117,129,127,50" hai1="134,106,13,67,71,132,74,70,113,95,108,41,47" hai2="33,110,25,9,56,96,75,27,40,107,7,86,4" hai3="12,121,14,51,28,111,5,15,133,112,24,89,68"/><W120/><G68/><T98/><D20/><U118/><E108/><V97/><F75/><W77/><G77/><T29/><D29/><U102/><E67/><V90/><F110/><W23/><G111/><T46/><D0/><U116/><E106/><V62/><F107/><W53/><G112/><T31/><D31/><U43/><E113/><V80/><F40/><W83/><G133/><N who="1" m="51306" /><E13/><N who="2" m="5311" /><F4/><W42/><G42/><N who="1" m="15882" /><E47/><V82/><F82/><W84/><REACH who="3" step="1"/><G5/><REACH who="3" ten="188,475,96,231" step="2"/><T65/><D119/><U55/><E71/><V34/><F34/><W126/><G126/><T79/><D117/><U61/><E70/><V54/><F33/><W1/><G1/><T114/><D127/><U32/><E32/><V78/><F78/><W76/><G76/><T63/><D114/><U81/><E118/><V30/><F30/><W16/><G16/><T69/><D79/><U3/><E116/><V6/><F6/><W57/><AGARI ba="0,1" hai="12,14,15,23,24,28,51,53,57,83,84,89,120,121" machi="57" ten="30,3000,0" yaku="1,1,0,1,53,0" doraHai="92" doraHaiUra="60" who="3" fromWho="3" sc="188,-10,475,-10,96,-10,231,40" />
</Scene>
<Scene>
<INIT seed="3,1,0,4,2,47" ten="178,465,86,271" oya="3" hai0="54,6,41,38,77,45,102,105,111,85,70,4,120" hai1="97,115,104,23,12,30,1,16,93,14,27,5,33" hai2="135,126,42,110,114,119,86,10,88,2,8,96,131" hai3="36,53,65,83,15,99,61,127,58,122,25,103,100"/><W49/><G122/><T130/><D111/><U20/><E104/><V101/><F119/><W44/><G127/><T7/><D120/><U133/><E133/><V81/><F114/><W28/><G36/><T74/><D85/><U50/><E115/><V118/><F118/><W87/><G15/><T107/><D54/><U134/><E134/><V51/><F135/><W79/><REACH who="3" step="1"/><G99/><REACH who="3" ten="178,465,86,261" step="2"/><T22/><D38/><U89/><E14/><V18/><F126/><W40/><G40/><T95/><D41/><U90/><E12/><V57/><F110/><W94/><G94/><T48/><D95/><U39/><E97/><V117/><F117/><W43/><G43/><T78/><D107/><U72/><E93/><V76/><F96/><W71/><G71/><T68/><D68/><U82/><E39/><V9/><F2/><W60/><G60/><T112/><D70/><U21/><E1/><V124/><F124/><W19/><G19/><T24/><D112/><U125/><E125/><V56/><F42/><W59/><G59/><T31/><D105/><U32/><E16/><V98/><F18/><W128/><G128/><T52/><D130/><U64/><E5/><V106/><F131/><W62/><G62/><T109/><D109/><U92/><E92/><N who="2" m="54295" /><F51/><W91/><G91/><T35/><D102/><U132/><E50/><V123/><F123/><W3/><G3/><T75/><REACH who="0" step="1"/><D22/><AGARI ba="1,1" hai="22,25,28,44,49,53,58,61,65,79,83,87,100,103" machi="22" ten="30,12000,1" yaku="1,1,7,1,8,1,52,1,53,1" doraHai="47" doraHaiUra="63" who="3" fromWho="0" sc="178,-123,465,0,86,0,261,133" />
</Scene>
<Scene>
<INIT seed="3,2,0,3,0,70" ten="55,465,86,394" oya="3" hai0="4,61,71,7,102,31,104,60,94,22,50,33,18" hai1="74,39,42,93,29,21,135,128,1,100,8,91,34" hai2="38,63,27,107,106,110,20,83,115,6,126,56,32" hai3="13,131,15,36,89,109,11,99,112,79,59,14,57"/><W48/><G112/><T62/><D71/><U37/><E74/><V17/><F115/><W122/><G122/><T40/><D104/><U23/><E42/><V46/><F110/><W68/><G68/><T113/><D113/><U3/><E100/><V2/><F126/><W72/><G36/><T124/><D124/><U132/><E34/><V51/><F32/><W10/><G109/><T35/><D35/><U134/><E128/><V114/><F114/><W67/><G131/><T111/><D111/><U123/><E123/><V129/><F129/><W73/><G79/><T9/><D33/><U78/><E78/><V119/><F119/><W81/><G72/><T95/><D31/><U103/><E103/><V121/><F121/><W66/><G73/><T58/><D9/><N who="3" m="3081" /><G48/><T55/><D40/><U44/><E44/><V26/><F6/><N who="0" m="2090" /><D102/><U85/><E8/><V117/><F2/><N who="1" m="521" /><E29/><V0/><F0/><W65/><G81/><T43/><D43/><U133/><E133/><V19/><F117/><W69/><G69/><T87/><D87/><U118/><E118/><V97/><F83/><W116/><G116/><T84/><D84/><U86/><E86/><V75/><F75/><W47/><G47/><T105/><D105/><U76/><E76/><V5/><F106/><W92/><AGARI ba="2,0" hai="13,14,15,57,59,65,66,67,89,92,99" m="3081" machi="92" ten="40,2100,0" yaku="8,1" doraHai="70" who="3" fromWho="3" sc="55,-9,465,-9,86,-9,394,27" />
</Scene>
<Scene>
<INIT seed="3,3,0,4,3,101" ten="46,456,77,421" oya="3" hai0="114,33,113,118,132,48,15,46,12,120,40,5,102" hai1="107,115,87,69,105,127,129,0,26,81,82,29,135" hai2="43,109,11,98,95,83,116,73,54,125,93,52,106" hai3="19,3,55,7,68,25,110,51,86,13,1,2,35"/><W70/><G110/><T91/><D120/><U47/><E115/><N who="0" m="44041" /><D118/><U8/><E69/><V122/><F116/><W60/><G7/><T16/><D132/><U90/><E135/><V44/><F109/><W74/><G74/><T79/><D79/><U80/><E47/><V78/><F122/><W85/><G25/><T77/><D77/><U34/><E127/><V71/><F71/><W124/><G35/><T89/><D33/><U38/><E38/><V72/><F125/><W92/><G124/><T10/><D102/><U126/><E126/><V99/><F73/><W76/><G76/><T18/><D18/><U63/><E63/><V27/><F27/><W45/><G92/><T24/><D24/><U58/><E58/><V21/><F21/><AGARI ba="3,0" hai="5,10,12,15,16,21,40,46,48,89,91" m="44041" machi="21" ten="30,2000,0" yaku="11,1,54,1" doraHai="101" who="0" fromWho="2" sc="46,29,456,0,77,-29,421,0" />
</Scene>
<Scene>
<INIT seed="4,0,0,5,3,31" ten="75,456,48,421" oya="0" hai0="105,121,65,79,7,96,11,112,21,8,2,27,51" hai1="116,128,71,25,10,98,6,103,78,53,120,16,127" hai2="110,41,22,19,66,90,57,43,46,4,54,15,126" hai3="100,64,122,94,125,55,134,92,56,40,39,95,35"/><T48/><D112/><U63/><E116/><V34/><F110/><W28/><G134/><T23/><D121/><U97/><E120/><V13/><F126/><W124/><G122/><T12/><D79/><U111/><E111/><V58/><F34/><W85/><G64/><T130/><D130/><U86/><E127/><N who="3" m="48714" /><G40/><N who="2" m="15433" /><F90/><N who="3" m="53327" /><G39/><T81/><D81/><U87/><E78/><V18/><F4/><W49/><G100/><T93/><D105/><U36/><E103/><V133/><F133/><W42/><G42/><T38/><D38/><U101/><E36/><V1/><F1/><W47/><G47/><T118/><D118/><U24/><E71/><V68/><F68/><W45/><G45/><T114/><D114/><U83/><E101/><V20/><F66/><W89/><G89/><T69/><D93/><U76/><E83/><V84/><F84/><W26/><AGARI ba="0,0" hai="26,28,35,49,55,56,94,95" m="53327,48714" machi="26" ten="30,2000,0" yaku="18,1,52,1" doraHai="31" who="3" fromWho="3" sc="75,-10,456,-5,48,-5,421,20" />
</Scene>
<Scene>
<INIT seed="5,0,0,3,1,92" ten="65,451,43,441" oya="1" hai0="97,107,78,28,18,116,131,130,25,33,73,82,50" hai1="84,83,134,103,4,62,37,90,71,67,60,63,13" hai2="51,59,125,3,14,22,70,39,115,119,41,19,5" hai3="35,69,29,76,43,48,0,102,93,105,91,36,126"/><U42/><E134/><V80/><F119/><W2/><G36/><T27/><D50/><U104/><E42/><V44/><F70/><W128/><G69/><T38/><D38/><U6/><E37/><V100/><F125/><W86/><G126/><T75/><D18/><U99/><E63/><V31/><F115/><W89/><G128/><N who="0" m="49195" /><D27/><U111/><E111/><V61/><F31/><W34/><G76/><T113/><D113/><U40/><E40/><V133/><F133/><W95/><G105/><T72/><D116/><U112/><E112/><V45/><F80/><W17/><G102/><AGARI ba="0,0" hai="25,28,33,72,73,75,78,82,97,102,107" m="49195" machi="102" ten="30,3900,0" yaku="19,1,23,1,52,1" doraHai="92" who="0" fromWho="3" sc="65,39,451,0,43,0,441,-39" />
</Scene>
<Scene>
<INIT seed="6,0,0,5,5,134" ten="104,451,43,402" oya="2" hai0="98,96,75,2,47,106,51,76,72,56,119,85,38" hai1="81,44,97,128,68,53,77,49,70,108,55,89,54" hai2="8,11,30,24,122,3,61,52,102,65,94,90,33" hai3="133,34,20,113,93,83,121,73,0,14,10,45,135"/><V95/><F122/><W27/><G121/><T88/><D2/><U57/><E108/><V111/><F111/><W105/><G105/><T4/><D4/><U87/><E128/><V71/><F3/><W15/><G93/><T43/><D119/><U131/><E131/><V29/><F29/><N who="3" m="19775" /><G45/><T5/><D5/><U69/><E97/><V32/><F32/><W104/><G104/><T79/><D56/><U132/><E132/><N who="3" m="50762" /><G83/><T9/><D9/><U109/><E109/><V100/><F52/><W91/><G91/><T40/><D88/><U22/><E22/><V80/><F80/><W16/><G73/><T129/><D106/><U118/><E118/><V99/><REACH who="2" step="1"/><F102/><REACH who="2" ten="104,451,33,402" step="2"/><W12/><G113/><T21/><D129/><U1/><E1/><V26/><F26/><N who="3" m="14599" /><G0/><T46/><D75/><U110/><E110/><V78/><F78/><W25/><G25/><T35/><D72/><U60/><E77/><V19/><F19/><AGARI ba="0,1" hai="10,12,14,15,19" m="14599,50762,19775" machi="19" ten="30,7700,0" yaku="20,1,34,2,54,1" doraHai="134" who="3" fromWho="2" sc="104,0,451,0,33,-77,402,87" owari="104,-30.0,451,25.0,-44,-54.0,489,59.0" />
</Scene>
</mjloggm>