<mjloggm ver="2.3"><GO type="169" lobby="0"/><UN n0="%E3%81%82%E3%81%B2%E3%82%8B%E3%81%95%E3%82%93" n1="%E9%97%98%E5%A3%AB%E2%98%86%E3%81%8D%E3%82%80%E3%82%8A%E3%82%87%E3%83%BC" n2="%E5%A4%AA%E3%81%8F%E3%81%AA%E3%81%84%E3%81%8A" n3="%7A%68%6B%64%73%68%67%79" dan="16,16,17,16" rate="2046.03,2108.58,2145.43,2067.14" sx="M,M,M,M"/><TAIKYOKU oya="0"/>

<Scene>
<INIT seed="0,0,0,4,3,64" ten="250,250,250,250" oya="0" hai0="20,72,124,71,129,109,125,3,69,45,55,112,31" hai1="56,96,118,53,115,8,32,82,11,6,57,81,13" hai2="117,38,98,128,30,134,26,114,78,91,127,99,62" hai3="46,59,111,68,121,16,51,113,104,126,63,73,10"/><T9/><D112/><U93/><E32/><V47/><F114/><W119/><G113/><T37/><D72/><U17/><E118/><V110/><F117/><W70/><G119/><T122/><D122/><U105/><E105/><V40/><F110/><W108/><G104/><T18/><D31/><U48/><E57/><V23/><F127/><N who="0" m="48714" /><D129/><U43/><E43/><V87/><F128/><W22/><G10/><T80/><D80/><U84/><E84/><V12/><F134/><W116/><G73/><T5/><D109/><N who="3" m="42057" /><G116/><T74/><D74/><U65/><E65/><V85/><F78/><W19/><G121/><T95/><D95/><U1/><REACH who="1" step="1"/><E115/><REACH who="1" ten="250,240,250,250" step="2"/><V90/><F85/><W106/><G106/><T131/><D131/><U39/><E39/><V133/><F87/><W29/><G126/><T120/><D120/><U66/><E66/><V97/><F133/><W58/><G59/><T135/><D135/><U75/><E75/><V41/><F41/><N who="3" m="25039" /><G58/><T67/><D67/><U2/><E2/><V50/><F38/><W107/><G107/><T86/><D86/><U89/><AGARI ba="0,1" hai="1,6,8,11,13,17,48,53,56,81,82,89,93,96" machi="89" ten="20,5200,0" yaku="1,1,0,1,7,1,53,1" doraHai="64" doraHaiUra="49" who="1" fromWho="1" sc="250,-26,240,62,250,-13,250,-13" />
</Scene>
<Scene>
<INIT seed="1,0,0,4,0,98" ten="224,302,237,237" oya="1" hai0="46,60,54,3,93,29,109,132,18,82,25,104,113" hai1="43,134,34,20,42,44,28,121,80,118,125,38,90" hai2="57,27,23,122,66,37,45,9,19,85,97,103,65" hai3="83,40,76,91,117,77,69,30,0,72,10,84,101"/><U74/><E118/><V71/><F71/><W99/><G69/><T67/><D104/><U15/><E121/><V33/><F122/><W128/><G117/><T39/><D113/><U81/><E34/><V11/><F33/><W47/><G128/><T64/><D3/><U129/><E43/><V126/><F126/><W110/><G110/><T14/><D132/><U119/><E119/><V75/><F75/><W120/><G120/><T78/><D109/><U35/><E35/><V2/><F85/><W116/><G30/><T59/><D39/><U41/><E41/><V17/><F37/><W89/><G116/><T105/><D105/><U13/><E74/><V8/><F45/><W31/><G31/><T88/><D46/><U32/><E32/><V115/><F115/><W135/><G135/><T106/><D106/><U6/><E6/><V112/><F112/><W73/><G73/><T61/><D25/><N who="1" m="16423" /><E134/><V22/><F57/><W21/><G21/><T124/><D29/><U62/><E125/><V63/><F63/><W111/><G111/><T68/><D124/><U1/><E1/><V94/><REACH who="2" step="1"/><F2/><REACH who="2" ten="224,302,227,237" step="2"/><W133/><G133/><T26/><D61/><U5/><E62/><V92/><F92/><N who="3" m="58599" /><G84/><N who="0" m="48215" /><D68/><U131/><E131/><V56/><F56/><W86/><G86/><N who="0" m="52375" /><D59/><U4/><E129/><V58/><F58/><W50/><G77/><T127/><D127/><U114/><E114/><V130/><F130/><W96/><G96/><T24/><D60/><U70/><E70/><V79/><F79/><W108/><G108/><T123/><D123/><U51/><E38/><V7/><F7/><AGARI ba="0,1" hai="0,7,10,40,47,50,72,76,83,89,91" m="58599" machi="7" ten="30,2000,0" yaku="6,1,52,1" doraHai="98" who="3" fromWho="2" sc="224,0,302,0,227,-20,237,30" />
</Scene>
<Scene>
<INIT seed="2,0,0,4,5,77" ten="224,302,207,267" oya="2" hai0="66,134,132,37,1,23,78,5,120,76,10,61,128" hai1="31,16,51,103,60,42,39,18,104,98,44,80,2" hai2="35,87,88,46,106,107,83,27,21,113,9,127,110" hai3="63,8,24,70,74,92,53,68,30,115,36,20,129"/><V56/><F113/><W116/><G116/><T34/><D34/><U64/><E2/><V108/><F35/><W85/><G74/><T47/><D120/><U52/><E31/><N who="2" m="17903" /><F127/><W11/><G36/><T114/><D114/><U59/><REACH who="1" step="1"/><E80/><REACH who="1" ten="224,292,207,267" step="2"/><V126/><F126/><W65/><G115/><T25/><D1/><U121/><E121/><V15/><F46/><AGARI ba="0,1" hai="16,18,39,42,44,46,51,52,59,60,64,98,103,104" machi="46" ten="30,7700,0" yaku="1,1,7,1,54,2,53,0" doraHai="77" doraHaiUra="84" who="1" fromWho="2" sc="224,0,292,87,207,-77,267,0" />
</Scene>
<Scene>
<INIT seed="3,0,0,1,2,109" ten="224,379,130,267" oya="3" hai0="59,124,62,47,65,31,116,7,81,99,97,117,93" hai1="12,105,77,107,78,5,15,106,79,55,17,103,86" hai2="92,36,87,44,112,27,38,63,16,69,118,20,111" hai3="61,98,119,23,30,88,91,84,24,85,67,9,104"/><W68/><G119/><T42/><D124/><U43/><E43/><V46/><F118/><W74/><G74/><T130/><D130/><U128/><E128/><V101/><F111/><W80/><G9/><T134/><D134/><U122/><E122/><V121/><F121/><W58/><G68/><T64/><D7/><U135/><E103/><V94/><F112/><W35/><G35/><T113/><D64/><U96/><E96/><V25/><F101/><W48/><G48/><T125/><D125/><U13/><E135/><V66/><F27/><W133/><G133/><T29/><D99/><U50/><E5/><V40/><REACH who="2" step="1"/><F87/><REACH who="2" ten="224,379,120,267" step="2"/><N who="3" m="50279" /><G104/><T1/><D113/><U127/><E127/><V2/><F2/><W41/><G41/><AGARI ba="0,1" hai="16,20,25,36,38,40,41,44,46,63,66,69,92,94" machi="41" ten="40,5200,0" yaku="1,1,9,1,54,1,53,0" doraHai="109" doraHaiUra="108" who="2" fromWho="3" sc="224,0,379,0,120,62,267,-52" />
</Scene>
<Scene>
<INIT seed="4,0,0,0,2,45" ten="224,379,182,215" oya="0" hai0="7,94,24,58,3,0,64,62,128,47,40,106,90" hai1="73,10,28,131,122,63,76,67,102,79,107,127,23" hai2="113,103,11,2,36,29,132,41,68,65,35,83,118" hai3="77,81,52,61,1,111,85,99,78,135,39,108,91"/><T21/><D106/><U125/><E122/><V33/><F113/><W6/><G39/><T80/><D80/><U8/><E131/><V50/><F103/><W5/><G135/><T110/><D128/><U46/><E46/><N who="2" m="23847" /><F83/><W51/><G61/><T22/><D110/><U59/><E28/><V120/><F120/><W119/><G119/><T112/><D112/><U37/><E37/><V126/><F50/><W32/><G32/><T75/><D75/><U72/><E23/><V30/><F30/><W71/><G71/><T84/><D7/><N who="3" m="2569" /><G1/><T14/><D14/><U133/><E133/><V53/><F35/><W70/><G70/><T27/><D22/><U66/><E102/><V95/><F68/><W114/><G114/><T57/><D57/><U44/><E44/><V88/><F2/><W97/><G108/><T12/><D12/><U101/><E101/><V25/><F132/><W86/><G111/><T13/><D13/><U54/><E107/><V31/><F118/><W96/><G86/><T123/><D123/><U134/><E134/><V116/><F116/><W48/><G48/><T26/><REACH who="0" step="1"/><D21/><REACH who="0" ten="214,379,182,215" step="2"/><U121/><E121/><V43/><F33/><W60/><G60/><T55/><D55/><U17/><E54/><V109/><F53/><W4/><G4/><T104/><D104/><U74/><E74/><V18/><F109/><W130/><G130/><T100/><D100/><U98/><E59/><AGARI ba="0,1" hai="51,52,59,77,78,81,85,91,96,97,99" m="2569" machi="59" ten="30,3900,0" yaku="8,1,52,1,54,1" doraHai="45" who="3" fromWho="1" sc="214,0,379,-39,182,0,215,49" />
</Scene>
<Scene>
<INIT seed="5,0,0,2,0,101" ten="214,340,182,264" oya="1" hai0="127,17,6,79,123,52,23,84,131,32,116,112,77" hai1="65,125,37,93,78,85,107,28,96,55,50,69,130" hai2="22,38,7,66,114,89,73,115,99,64,86,106,3" hai3="135,63,70,80,40,49,34,75,113,21,31,56,104"/><U48/><E37/><V59/><F73/><W91/><G34/><T39/><D32/><U90/><E28/><V4/><F38/><W119/><G70/><T42/><D116/><U8/><E125/><V109/><F109/><W0/><G0/><T88/><D112/><N who="2" m="43050" /><F22/><W100/><G113/><T118/><D118/><U95/><E130/><V36/><F36/><W2/><G2/><T133/><D133/><U15/><E78/><V11/><F4/><W51/><G135/><T110/><D110/><U44/><E50/><V97/><F59/><W76/><G91/><T9/><D127/><U5/><E107/><V87/><F87/><W94/><G104/><T18/><D131/><U29/><E29/><V14/><F3/><W53/><G40/><T126/><D126/><U16/><E69/><V102/><F99/><W27/><G119/><T122/><D6/><U98/><E65/><V54/><F54/><W108/><G108/><T121/><D42/><U83/><E5/><V128/><F128/><W12/><G12/><T58/><D39/><U20/><E20/><V13/><F13/><W124/><G124/><T81/><D9/><U35/><E35/><V132/><F132/><W72/><G72/><T24/><REACH who="0" step="1"/><D17/><REACH who="0" ten="204,340,182,264" step="2"/><U117/><E117/><V60/><F60/><AGARI ba="0,1" hai="18,23,24,52,58,60,77,79,81,84,88,121,122,123" machi="60" ten="40,8000,1" yaku="1,1,2,1,13,1,54,2,53,0" doraHai="101" doraHaiUra="10" who="0" fromWho="2" sc="204,90,340,0,182,-80,264,0" />
</Scene>
<Scene>
<INIT seed="6,0,0,5,3,1" ten="294,340,102,264" oya="2" hai0="59,67,79,25,4,44,102,21,107,118,46,8,52" hai1="33,69,41,96,66,73,56,42,47,13,30,11,77" hai2="58,130,122,23,0,68,15,12,16,28,29,100,88" hai3="32,80,97,72,9,78,45,53,120,119,94,90,39"/><V18/><F68/><W27/><G119/><T40/><D79/><U95/><E69/><V34/><F122/><W83/><G120/><T5/><D67/><U114/><E114/><V71/><F71/><W6/><G80/><T50/><D118/><U49/><E42/><V2/><F100/><W125/><G125/><T105/><D46/><U129/><E129/><V64/><F130/><W123/><G123/><T65/><D65/><U104/><E104/><V51/><F34/><W111/><G111/><T36/><D102/><U121/><E121/><V63/><F0/><N who="3" m="199" /><G32/><T10/><D10/><U35/><E30/><V126/><F2/><W128/><G27/><T91/><D8/><U124/><E124/><V17/><F126/><W135/><G53/><T113/><D113/><U54/><E66/><V89/><F51/><W74/><G135/><T61/><D36/><U99/><E99/><V37/><F37/><W84/><G74/><T14/><D14/><N who="2" m="5162" /><F29/><W22/><G128/><T134/><D134/><U115/><E115/><V116/><F116/><W26/><G97/><T76/><D107/><U127/><E127/><V112/><F112/><W81/><G81/><T98/><D76/><U38/><E73/><V24/><AGARI ba="0,0" hai="16,17,18,23,24,28,58,63,64,88,89" m="5162" machi="24" ten="30,6000,0" yaku="8,1,54,2" doraHai="1" who="2" fromWho="2" sc="294,-20,340,-20,102,60,264,-20" />
</Scene>
<Scene>
<INIT seed="6,1,0,2,5,48" ten="274,320,162,244" oya="2" hai0="75,115,56,27,8,28,61,52,47,131,128,99,92" hai1="122,10,51,6,82,81,117,84,130,54,36,118,108" hai2="123,58,113,42,68,3,127,63,135,104,40,87,85" hai3="126,30,9,14,73,111,71,64,94,133,26,114,67"/><V17/><F123/><W107/><G107/><T43/><D75/><U37/><E108/><V11/><F68/><W125/><G111/><T12/><D115/><U4/><E130/><V19/><F104/><W16/><G114/><T96/><D92/><U49/><E10/><V72/><F72/><W98/><G73/><T44/><D44/><U65/><E65/><V60/><F113/><W76/><G76/><T112/><D112/><U23/><E23/><V101/><F101/><N who="3" m="60631" /><G71/><T45/><D45/><U121/><E84/><N who="2" m="32331" /><F3/><W1/><G1/><T116/><D116/><U59/><E59/><V120/><F120/><W102/><G102/><T79/><D79/><U33/><E33/><V18/><F127/><N who="3" m="48651" /><G133/><T88/><D131/><U20/><E20/><AGARI ba="1,0" hai="9,14,16,20,26,30,64,67" m="48651,60631" machi="20" ten="30,2000,0" yaku="18,1,54,1" doraHai="48" who="3" fromWho="1" sc="274,0,320,-23,162,0,244,23" />
</Scene>
<Scene>
<INIT seed="7,0,0,5,2,81" ten="274,297,162,267" oya="3" hai0="101,102,43,90,37,71,91,79,10,72,73,0,104" hai1="1,30,31,21,60,44,28,121,49,132,103,52,123" hai2="115,111,105,18,38,135,114,118,27,107,22,110,69" hai3="113,58,61,112,88,11,77,75,116,74,34,16,33"/><W125/><G116/><T98/><D71/><U124/><E1/><V82/><F118/><W9/><G125/><T14/><D0/><U99/><E132/><V127/><F69/><W42/><G42/><T122/><D122/><U12/><E124/><V15/><F38/><W66/><G88/><T41/><D102/><U57/><E12/><V7/><F127/><W36/><G36/><T133/><D133/><U86/><E86/><V26/><F135/><W32/><G77/><T46/><D43/><U3/><E3/><V53/><F53/><W8/><REACH who="3" step="1"/><G16/><REACH who="3" ten="274,297,162,257" step="2"/><T67/><D79/><U39/><E39/><V20/><F82/><W94/><G94/><T63/><D91/><U130/><E121/><V95/><F95/><W59/><G59/><T51/><D90/><U54/><E123/><V6/><F18/><W96/><G96/><T93/><D93/><N who="1" m="58863" /><E130/><V134/><F134/><W109/><G109/><T68/><D37/><U55/><E55/><V70/><F70/><W119/><G119/><T62/><D68/><U85/><E85/><V84/><REACH who="2" step="1"/><F84/><REACH who="2" ten="274,297,152,257" step="2"/><W117/><G117/><T50/><D41/><U45/><E45/><V2/><F2/><W40/><G40/><T106/><D46/><U120/><E120/><V65/><F65/><W4/><G4/><T35/><D67/><U17/><E17/><V48/><F48/><W47/><G47/><T29/><D51/><U87/><E87/><V80/><F80/><W129/><G129/><T5/><D50/><U25/><AGARI ba="0,2" hai="21,25,28,30,31,44,49,52,54,57,60" m="58863" machi="25" ten="30,2000,0" yaku="8,1,54,1" doraHai="81" who="1" fromWho="1" sc="274,-5,297,40,152,-5,257,-10" owari="269,7.0,337,43.0,147,-35.0,247,-15.0" />
</Scene>
</mjloggm>