<mjloggm ver="2.3"><GO type="169" lobby="0"/><UN n0="%42%E3%82%B7%E3%83%A7%E3%82%B3%E3%83%A9" n1="%E5%A4%AA%E3%81%8F%E3%81%AA%E3%81%84%E3%81%8A" n2="%E7%A9%B6%E6%A5%B5%41%49" n3="%67%61%6D%6F%33" dan="16,17,16,16" rate="2078.40,2184.51,2064.89,2150.94" sx="F,M,M,M"/><TAIKYOKU oya="0"/>

<Scene>
<INIT seed="0,0,0,2,0,74" ten="250,250,250,250" oya="0" hai0="18,116,30,29,101,81,113,42,129,23,73,92,33" hai1="86,52,31,114,124,119,98,20,88,50,82,46,10" hai2="38,89,106,2,76,8,57,100,59,32,65,118,103" hai3="127,35,61,108,16,13,72,135,49,121,105,87,54"/><T44/><D113/><U68/><E119/><V102/><F106/><W0/><G0/><T40/><D116/><U12/><E68/><V6/><F118/><W53/><G72/><T132/><D33/><U75/><E114/><V1/><F32/><W22/><G105/><T4/><D4/><U21/><E124/><V43/><F2/><W56/><G127/><T117/><D117/><U37/><E75/><V104/><F104/><W90/><G35/><T9/><D73/><U7/><E31/><V115/><F115/><W95/><G108/><T83/><D9/><U78/><E37/><V110/><F110/><W109/><G109/><T60/><D60/><U125/><E125/><V128/><F128/><W131/><G135/><T111/><D132/><U77/><E98/><V47/><F65/><W94/><G131/><T11/><D129/><U26/><REACH who="1" step="1"/><E20/><REACH who="1" ten="250,240,250,250" step="2"/><V58/><F38/><W112/><G112/><T123/><D111/><U126/><E126/><V51/><F8/><W107/><G107/><T25/><D11/><U96/><E96/><V63/><F103/><W134/><G134/><T27/><D30/><U130/><E130/><V39/><F102/><W64/><G121/><T28/><D29/><U3/><E3/><V48/><F100/><W19/><G19/><T62/><D123/><U69/><E69/><V97/><F97/><W24/><G24/><T80/><D25/><U34/><E34/><V45/><F1/><W122/><G122/><T5/><D18/><U71/><E71/><V66/><F6/><W79/><G16/><N who="0" m="12775" /><D101/><U93/><E93/><V67/><F39/><RYUUKYOKU ba="0,1" sc="250,-10,240,30,250,-10,250,-10" hai1="7,10,12,21,26,46,50,52,77,78,82,86,88" />
</Scene>
<Scene>
<INIT seed="1,1,1,4,4,22" ten="240,270,240,240" oya="1" hai0="9,19,32,81,118,10,3,24,112,65,105,57,131" hai1="13,18,111,104,127,109,55,117,60,97,95,126,92" hai2="7,74,108,26,98,130,45,77,59,61,36,123,16" hai3="107,40,50,70,85,132,121,115,46,0,14,31,120"/><U47/><E117/><V56/><F123/><W17/><G0/><T133/><D105/><U29/><E104/><V51/><F36/><W41/><G115/><T11/><D118/><U15/><E29/><V122/><F122/><W129/><G107/><T27/><D112/><U66/><E47/><V86/><F74/><W64/><G41/><T76/><D3/><U102/><E55/><V87/><F108/><N who="1" m="41545" /><E95/><V84/><F77/><W128/><G132/><T91/><D133/><U93/><E93/><V71/><F71/><W4/><G4/><T103/><D32/><U54/><E54/><V52/><F130/><N who="3" m="50283" /><G31/><T119/><D131/><U25/><E25/><N who="0" m="9801" /><D119/><U110/><N who="1" m="41553" /><U28/><DORA hai="79" /><E28/><V44/><F7/><W58/><G120/><T48/><D103/><U37/><E37/><V75/><F75/><W100/><G100/><T116/><D116/><U53/><E53/><N who="2" m="34031" /><F98/><W34/><G34/><T49/><D19/><U12/><E18/><V135/><F135/><W90/><G17/><T43/><D43/><U33/><E33/><V73/><F73/><W94/><G121/><T1/><D1/><U21/><E21/><AGARI ba="1,1" hai="16,21,26,44,45,51,52,56,84,86,87" m="34031" machi="21" ten="30,7700,0" yaku="8,1,52,1,54,2" doraHai="22,79" who="2" fromWho="1" sc="240,0,270,-80,240,90,240,0" />
</Scene>
<Scene>
<INIT seed="2,0,0,0,0,98" ten="240,190,330,240" oya="2" hai0="53,94,18,85,11,111,33,79,32,125,71,131,52" hai1="122,96,24,43,40,113,123,26,74,130,60,8,2" hai2="95,114,49,22,118,27,39,92,10,120,67,97,102" hai3="23,68,132,121,48,88,29,64,116,100,41,56,34"/><V103/><F39/><W87/><G116/><T42/><D71/><U37/><E113/><V3/><F118/><W54/><G121/><N who="1" m="46090" /><E74/><V129/><F120/><W69/><G34/><T0/><D33/><U61/><E130/><V16/><F114/><W106/><G41/><N who="1" m="15946" /><E37/><V45/><F129/><W62/><G132/><T47/><D32/><U35/><E96/><N who="2" m="59655" /><F3/><W9/><G9/><T7/><D131/><U89/><E89/><V117/><F117/><W20/><G68/><T70/><D70/><U66/><E66/><V1/><F1/><W126/><G126/><T44/><D125/><U93/><E93/><V109/><F109/><W77/><G77/><T135/><D94/><U127/><E127/><V25/><F67/><W50/><G50/><T13/><D111/><U15/><E2/><V101/><F10/><W83/><REACH who="3" step="1"/><G29/><REACH who="3" ten="240,190,330,230" step="2"/><T30/><D30/><N who="1" m="19911" /><E26/><N who="2" m="14663" /><F103/><W38/><G38/><T84/><D135/><U86/><E8/><V4/><F4/><W107/><G107/><T112/><D112/><U115/><E115/><V12/><F12/><W63/><G63/><T65/><D7/><U99/><E15/><V17/><F17/><W119/><G119/><T57/><D0/><U72/><E60/><V80/><F80/><W124/><G124/><T73/><D13/><U14/><E61/><V19/><F19/><W82/><G82/><T108/><D18/><U76/><E14/><V110/><F110/><W133/><G133/><T105/><D108/><U51/><E51/><V6/><F6/><W78/><G78/><T75/><D11/><U134/><E134/><V90/><F101/><RYUUKYOKU ba="0,1" sc="240,-15,190,-15,330,15,230,15" hai2="25,27,45,49,90,95,97" hai3="20,23,48,54,56,62,64,69,83,87,88,100,106" />
</Scene>
<Scene>
<INIT seed="2,1,1,0,3,56" ten="225,175,345,245" oya="2" hai0="67,26,28,94,44,97,72,32,31,2,58,125,0" hai1="41,23,74,89,3,102,17,105,43,134,122,99,10" hai2="66,42,27,5,93,78,6,19,64,110,86,91,29" hai3="33,60,69,50,130,21,45,53,62,112,115,124,132"/><V71/><F110/><W46/><G33/><T36/><D72/><U119/><E119/><V11/><F42/><W61/><G130/><T133/><D31/><U116/><E116/><V37/><F37/><W128/><G128/><T109/><D109/><U30/><E74/><V129/><F129/><W92/><G132/><T96/><D133/><U101/><E134/><V123/><F123/><W22/><G69/><T87/><D87/><U34/><E102/><V12/><F78/><W85/><G124/><T121/><D125/><U25/><E89/><V126/><F126/><W82/><G92/><T79/><D79/><U57/><E122/><V131/><F131/><W70/><G70/><T18/><D121/><U127/><E57/><V35/><REACH who="2" step="1"/><F66/><REACH who="2" ten="225,175,335,245" step="2"/><W118/><G118/><T75/><D67/><U8/><E127/><V20/><F20/><W65/><G65/><T55/><D36/><U108/><E108/><V15/><F15/><W104/><G21/><T106/><D0/><U9/><REACH who="1" step="1"/><E3/><REACH who="1" ten="225,165,335,245" step="2"/><V24/><F24/><AGARI ba="1,3" hai="8,9,10,17,23,24,25,30,34,41,43,99,101,105" machi="24" ten="40,2600,0" yaku="1,1,2,1,53,0" doraHai="56" doraHaiUra="73" who="1" fromWho="2" sc="225,0,165,59,335,-29,245,0" />
</Scene>
<Scene>
<INIT seed="3,0,0,4,0,74" ten="225,224,306,245" oya="3" hai0="60,51,3,132,32,115,43,77,108,58,129,30,100" hai1="81,14,95,25,134,13,24,16,110,34,35,116,37" hai2="130,119,53,48,121,131,6,87,82,26,93,23,22" hai3="106,0,113,2,125,120,1,33,50,8,63,27,99"/><W5/><G120/><T70/><D100/><U41/><E110/><V133/><F119/><W126/><G113/><T91/><D3/><U111/><E111/><V21/><F121/><W67/><G50/><T47/><D30/><U124/><E116/><V12/><F133/><W49/><G49/><T61/><D32/><U40/><E95/><V72/><F72/><W52/><G33/><T66/><D91/><U80/><E134/><V135/><F135/><W122/><G27/><T45/><D77/><U75/><E75/><V29/><F93/><W39/><G39/><T36/><D132/><U128/><E37/><V90/><F6/><W102/><G122/><T64/><D108/><U112/><E112/><V97/><F97/><W88/><G52/><N who="0" m="29823" /><D129/><N who="2" m="49162" /><F12/><W10/><G88/><T107/><D107/><U38/><E128/><V109/><F109/><W104/><G104/><T57/><D115/><U83/><E83/><V15/><F15/><W59/><REACH who="3" step="1"/><G10/><REACH who="3" ten="225,224,306,235" step="2"/><T92/><D92/><U11/><E38/><V69/><F90/><W117/><G117/><T56/><AGARI ba="0,1" hai="36,43,45,56,57,58,60,61,64,66,70" m="29823" machi="56" ten="30,12000,2" yaku="35,5,54,1" doraHai="74" who="0" fromWho="0" sc="225,130,224,-30,306,-30,235,-60" />
</Scene>
<Scene>
<INIT seed="4,0,0,5,0,135" ten="355,194,276,175" oya="0" hai0="120,111,74,104,112,76,61,92,39,45,126,56,71" hai1="58,114,34,26,28,44,42,4,95,91,101,60,17" hai2="131,93,107,119,98,115,57,32,54,80,29,19,103" hai3="67,96,70,50,10,24,38,68,125,41,3,5,86"/><T40/><D104/><U8/><E101/><V1/><F1/><W129/><G129/><T117/><D117/><U13/><E114/><V78/><F115/><W64/><G38/><T134/><D112/><U55/><E95/><V132/><F132/><W30/><G86/><T127/><D134/><U87/><E87/><V62/><F131/><W100/><G41/><T33/><D33/><U72/><E91/><V75/><F119/><W31/><G50/><T66/><D111/><U48/><REACH who="1" step="1"/><E4/><REACH who="1" ten="355,184,276,175" step="2"/><V9/><F107/><W116/><G116/><T108/><D92/><U37/><E37/><V49/><F93/><W94/><G94/><T69/><D108/><U35/><E35/><V22/><F32/><W14/><G100/><T63/><D120/><U7/><E7/><V12/><F98/><W65/><G96/><T59/><D76/><U88/><E88/><V25/><REACH who="2" step="1"/><F103/><REACH who="2" ten="355,184,266,175" step="2"/><W97/><G97/><T21/><D74/><AGARI ba="0,2" hai="8,13,17,26,28,34,42,44,48,55,58,60,72,74" machi="74" ten="40,1300,0" yaku="1,1,53,0" doraHai="135" doraHaiUra="2" who="1" fromWho="0" sc="355,-13,184,33,266,0,175,0" />
</Scene>
<Scene>
<INIT seed="5,0,0,5,4,130" ten="342,217,266,175" oya="1" hai0="55,33,89,131,115,37,7,9,15,114,39,135,22" hai1="86,81,117,79,3,100,16,85,52,70,133,38,25" hai2="125,46,121,126,108,12,27,124,29,71,87,35,49" hai3="36,72,99,77,132,53,23,40,24,103,109,66,13"/><U91/><E117/><V60/><F108/><W34/><G109/><T129/><D33/><U105/><E38/><N who="0" m="14345" /><D89/><U19/><E70/><V96/><F121/><W116/><G116/><T47/><D22/><U78/><E3/><V112/><F112/><N who="0" m="43050" /><D47/><U48/><E133/><V122/><F122/><W73/><G34/><T45/><D135/><U123/><E123/><V18/><F96/><W93/><G132/><T51/><AGARI ba="0,0" hai="7,9,15,45,51,55,129,131" m="43050,14345" machi="51" ten="40,1500,0" yaku="15,1" doraHai="130" who="0" fromWho="0" sc="342,15,217,-7,266,-4,175,-4" />
</Scene>
<Scene>
<INIT seed="6,0,0,0,2,54" ten="357,210,262,171" oya="2" hai0="39,12,102,19,124,120,16,130,117,126,68,55,97" hai1="79,66,60,25,88,37,93,134,59,27,116,82,42" hai2="77,123,73,9,122,103,35,121,95,61,70,4,69" hai3="52,0,50,49,2,46,38,67,78,91,31,62,57"/><V33/><F95/><W22/><G78/><T127/><D68/><N who="2" m="26218" /><F103/><W3/><G91/><T65/><D39/><U75/><E134/><V23/><F23/><W58/><G38/><T83/><D120/><U24/><E116/><V80/><F61/><W109/><G109/><T105/><D117/><U118/><E118/><V87/><F87/><W132/><G132/><T81/><D65/><U51/><E37/><V84/><F84/><W100/><G100/><T101/><D101/><U20/><E51/><V128/><F128/><W1/><N who="3" m="0" /><DORA hai="47" /><W108/><G108/><T13/><D130/><U30/><REACH who="1" step="1"/><E42/><REACH who="1" ten="357,200,262,171" step="2"/><V114/><F123/><W41/><REACH who="3" step="1"/><G22/><REACH who="3" ten="357,200,262,161" step="2"/><N who="0" m="11527" /><D127/><U71/><E71/><V92/><F122/><W6/><G6/><T96/><D126/><U53/><E53/><V64/><F4/><W11/><G11/><T7/><D55/><U15/><E15/><V8/><F9/><W34/><G34/><T106/><D13/><U86/><AGARI ba="0,2" hai="20,24,25,27,30,59,60,66,75,79,82,86,88,93" machi="86" ten="20,8000,1" yaku="1,1,0,1,7,1,52,1,54,1,53,0" doraHai="54,47" doraHaiUra="99,98" who="1" fromWho="1" sc="357,-20,200,100,262,-40,161,-20" />
</Scene>
<Scene>
<INIT seed="7,0,0,0,4,95" ten="337,300,222,141" oya="3" hai0="119,73,67,116,48,98,11,4,120,38,41,105,50" hai1="27,68,134,91,108,15,87,37,83,93,36,94,79" hai2="47,71,65,111,104,63,80,106,131,74,23,55,130" hai3="3,59,117,61,109,89,54,12,62,5,121,92,84"/><W30/><G121/><T1/><D120/><U96/><E108/><V0/><F0/><W129/><G117/><T9/><D67/><U7/><E68/><V60/><F111/><W118/><G118/><T82/><D11/><U126/><E134/><V76/><F23/><W46/><G109/><T99/><D116/><U112/><E112/><V40/><F63/><W25/><G3/><T64/><D64/><U72/><E126/><V75/><F55/><W88/><G129/><N who="2" m="49161" /><F75/><W90/><G46/><N who="0" m="23863" /><D119/><U110/><E110/><V2/><F2/><W19/><G5/><T53/><D105/><U20/><E15/><V21/><F21/><N who="3" m="15663" /><G61/><T33/><D33/><U97/><E7/><V103/><F103/><W32/><G32/><T100/><D100/><U16/><E72/><V86/><F74/><W135/><G135/><T78/><D50/><AGARI ba="0,0" hai="40,47,50,60,65,71,76,80,86,104,106" m="49161" machi="50" ten="30,1000,0" yaku="19,1" doraHai="95" who="2" fromWho="0" sc="337,-10,300,0,222,10,141,0" owari="327,43.0,300,10.0,232,-17.0,141,-36.0" />
</Scene>
</mjloggm>