<mjloggm ver="2.3"><GO type="169" lobby="0"/><UN n0="%E3%81%86%E3%81%AA%E3%81%8E" n1="%E6%A4%8B%E5%A4%A7%E6%A8%B9" n2="%E5%A4%AA%E3%81%8F%E3%81%AA%E3%81%84%E3%81%8A" n3="%E3%83%A0%E3%82%B5%E3%82%B5%E3%83%93%4B%4B" dan="16,18,17,16" rate="2060.82,2174.19,2247.07,2081.03" sx="F,M,F,M"/><TAIKYOKU oya="0"/>

<Scene>
<INIT seed="0,0,0,1,2,14" ten="250,250,250,250" oya="0" hai0="95,91,89,18,97,81,62,57,78,23,19,128,84" hai1="43,60,131,130,13,116,8,85,50,54,102,129,34" hai2="10,39,52,64,31,38,103,86,45,118,11,44,87" hai3="135,21,111,40,32,117,30,42,49,122,75,46,0"/><T125/><D128/><U119/><E34/><V104/><F64/><W65/><G117/><T68/><D68/><U73/><E73/><V83/><F31/><W24/><G75/><T71/><D71/><U94/><E60/><V134/><F118/><W96/><G0/><T76/><D125/><U53/><E53/><V100/><F83/><W2/><G2/><T120/><D120/><U98/><E85/><V66/><F66/><W92/><G122/><T20/><D76/><U63/><E63/><V48/><F48/><W58/><G111/><T88/><D23/><U1/><E43/><V7/><F52/><N who="3" m="29751" /><G32/><T109/><D109/><U12/><E12/><V3/><F3/><W124/><G124/><T29/><D29/><U9/><E9/><V55/><F55/><W72/><G72/><T107/><D107/><U126/><E1/><V28/><F28/><W27/><G27/><T113/><D113/><U6/><REACH who="1" step="1"/><E126/><REACH who="1" ten="250,240,250,250" step="2"/><V4/><F86/><W51/><G42/><T114/><D114/><U115/><E115/><V70/><F87/><W110/><G40/><T112/><D112/><U90/><E90/><N who="0" m="34921" /><D20/><U35/><E35/><V47/><F70/><W79/><G110/><T37/><D37/><U36/><E36/><V33/><F33/><W17/><G21/><T77/><D77/><U123/><E123/><V133/><F39/><W82/><G79/><T15/><D15/><U127/><E127/><V26/><F38/><W25/><G82/><T59/><D62/><U5/><E5/><V108/><F4/><W121/><G121/><T105/><D105/><U80/><E80/><RYUUKYOKU ba="0,1" sc="250,15,240,15,250,-15,250,-15" hai0="18,19,57,59,78,81,84,91,95,97" hai1="6,8,13,50,54,94,98,102,116,119,129,130,131" />
</Scene>
<Scene>
<INIT seed="0,1,1,1,0,53" ten="265,255,235,235" oya="0" hai0="131,104,57,130,15,72,37,98,54,76,112,91,126" hai1="51,62,127,102,116,21,42,92,93,97,70,81,36" hai2="103,30,100,3,19,90,74,110,38,115,56,9,45" hai3="61,11,31,88,55,7,48,107,22,123,120,118,26"/><T109/><D112/><U47/><E116/><V24/><F115/><W2/><G118/><T111/><D37/><U16/><E127/><V73/><F110/><N who="0" m="41994" /><D126/><U64/><E81/><V135/><F135/><W5/><G5/><T28/><D28/><U133/><E133/><V6/><F90/><W86/><G107/><T77/><D15/><U49/><REACH who="1" step="1"/><E92/><REACH who="1" ten="265,245,235,235" step="2"/><V39/><F73/><W129/><G129/><N who="0" m="49163" /><D72/><U105/><E105/><V75/><F74/><W63/><G120/><T33/><D33/><U18/><E18/><V85/><F19/><W1/><G123/><T34/><D34/><U87/><E87/><V68/><F85/><W121/><G121/><T132/><D132/><U13/><AGARI ba="1,2" hai="13,16,21,36,42,47,49,51,62,64,70,93,97,102" machi="13" ten="20,5200,0" yaku="1,1,0,1,7,1,54,1,53,0" doraHai="53" doraHaiUra="134" who="1" fromWho="1" sc="265,-27,245,75,235,-14,235,-14" />
</Scene>
<Scene>
<INIT seed="1,0,0,5,3,92" ten="238,320,221,221" oya="1" hai0="4,34,120,35,29,68,44,81,50,79,106,131,114" hai1="117,109,1,101,52,75,112,89,25,30,70,61,48" hai2="104,130,51,64,19,133,110,87,113,107,7,93,62" hai3="100,41,90,126,33,99,118,88,111,37,26,94,102"/><U43/><E1/><V31/><F7/><W128/><G111/><T59/><D114/><U11/><E75/><V72/><F72/><W129/><G126/><T96/><D68/><U76/><E76/><V24/><F110/><W38/><G118/><T65/><D4/><U54/><E43/><V132/><F113/><W2/><G2/><T63/><D29/><U57/><E117/><V23/><F130/><N who="3" m="50283" /><G102/><T66/><D66/><U0/><E112/><V82/><F51/><W115/><G115/><T15/><D15/><U98/><E89/><N who="3" m="34410" /><G41/><T28/><D131/><U6/><E70/><N who="2" m="42263" /><F93/><W20/><G33/><T45/><D120/><U3/><E3/><V39/><F39/><W80/><G80/><T27/><D35/><U18/><E109/><V32/><F82/><W122/><G122/><T14/><D14/><U13/><E0/><V42/><F42/><W119/><G119/><T108/><D108/><U67/><E6/><V47/><F32/><W91/><N who="3" m="34418" /><W56/><DORA hai="12" /><G56/><T78/><D81/><U83/><E83/><V46/><F87/><W10/><G10/><T135/><D59/><U74/><E74/><V5/><F47/><W95/><G95/><T69/><D45/><U123/><E123/><V103/><F46/><W8/><G8/><T127/><D78/><U71/><E71/><V53/><F103/><W49/><G49/><T124/><D79/><U84/><E48/><V22/><F107/><W40/><G40/><T134/><D50/><U121/><E121/><V16/><F104/><W58/><G58/><T85/><D44/><U125/><E101/><RYUUKYOKU ba="0,0" sc="238,-10,320,-10,221,-10,221,30" hai3="20,26,37,38,94,99,100" />
</Scene>
<Scene>
<INIT seed="2,1,0,3,2,36" ten="228,310,211,251" oya="2" hai0="6,89,102,13,126,72,27,56,20,18,19,28,122" hai1="45,40,5,60,112,120,10,125,62,38,75,7,55" hai2="90,83,58,12,106,44,116,86,133,80,3,47,26" hai3="21,81,129,115,68,2,22,97,111,98,67,119,127"/><V121/><F3/><W71/><G119/><T64/><D72/><U95/><E5/><V105/><F116/><W74/><G2/><T29/><D122/><U124/><E75/><V66/><F121/><W37/><G37/><T14/><D102/><U54/><E95/><V114/><F114/><W107/><G115/><T128/><D128/><U118/><E118/><V88/><F133/><W82/><G129/><T39/><D39/><U31/><E31/><V52/><F26/><W94/><G74/><T103/><D103/><U99/><E99/><V46/><F66/><W130/><G94/><T17/><D89/><U35/><E35/><V0/><F0/><W34/><G67/><T43/><D43/><U15/><E112/><V76/><F12/><W16/><G34/><T57/><D126/><N who="1" m="48747" /><E120/><V93/><F90/><W78/><G127/><T108/><D108/><U53/><AGARI ba="1,0" hai="7,10,15,38,40,45,53,54,55,60,62" m="48747" machi="53" ten="30,2000,0" yaku="18,1,52,1" doraHai="36" who="1" fromWho="1" sc="228,-6,310,23,211,-11,251,-6" />
</Scene>
<Scene>
<INIT seed="3,0,0,1,3,46" ten="222,333,200,245" oya="3" hai0="99,113,92,31,27,56,88,63,76,34,15,104,93" hai1="54,57,101,64,129,21,4,130,73,50,103,33,105" hai2="119,97,22,120,20,74,77,45,36,28,17,112,89" hai3="18,62,9,102,59,85,51,35,61,47,39,71,123"/><W13/><G123/><T3/><D3/><U109/><E33/><V19/><F112/><W37/><G35/><T24/><D76/><U100/><E73/><V128/><F119/><W5/><G102/><T134/><D134/><U48/><E109/><V79/><F28/><W98/><G98/><T72/><D72/><U86/><E64/><V115/><F115/><W69/><G85/><T23/><D15/><U30/><E4/><V70/><F70/><W44/><G44/><T67/><D113/><U118/><E105/><V49/><F36/><W41/><G37/><T106/><REACH who="0" step="1"/><D93/><REACH who="0" ten="212,333,200,245" step="2"/><U65/><E118/><V114/><F114/><W7/><G13/><T122/><D122/><U16/><E130/><V68/><F128/><W125/><G125/><T6/><D6/><U94/><E129/><V26/><F120/><W96/><G5/><T127/><D127/><U111/><E111/><V25/><F74/><W126/><G7/><T32/><D32/><U53/><E94/><N who="2" m="56527" /><F68/><W107/><G126/><T14/><D14/><U116/><E116/><V84/><F84/><W132/><G71/><T131/><D131/><U38/><E86/><V82/><F82/><W60/><G69/><T117/><D117/><U12/><E12/><V133/><F133/><W29/><G9/><T121/><D121/><U75/><E75/><V40/><AGARI ba="0,1" hai="17,19,20,22,25,26,40,45,49,77,79" m="56527" machi="40" ten="30,2000,0" yaku="8,1,52,1" doraHai="46" who="2" fromWho="2" sc="212,-5,333,-5,200,30,245,-10" />
</Scene>
<Scene>
<INIT seed="4,0,0,1,0,35" ten="207,328,230,235" oya="0" hai0="55,89,38,132,120,96,9,92,28,87,71,106,53" hai1="91,42,130,112,60,33,6,108,134,99,43,93,113" hai2="13,135,2,72,15,56,81,131,11,3,57,62,116" hai3="107,101,95,49,37,125,105,36,109,39,78,114,122"/><T27/><D120/><U80/><E33/><V121/><F121/><W30/><G122/><T24/><D38/><U5/><E108/><V48/><F131/><W22/><G109/><T29/><D132/><U46/><E43/><V104/><F104/><W45/><G114/><N who="1" m="44138" /><E130/><V86/><F72/><W7/><G125/><T111/><D111/><U118/><E118/><V69/><F69/><W66/><G66/><T63/><D9/><U75/><E60/><V77/><F135/><W127/><G78/><T65/><D106/><U54/><E54/><V67/><F116/><W79/><G79/><T82/><D28/><U21/><E21/><V73/><F73/><W1/><G127/><T128/><D27/><U31/><E31/><V70/><F15/><W59/><G22/><T23/><REACH who="0" step="1"/><D128/><REACH who="0" ten="197,328,230,235" step="2"/><U32/><E134/><V18/><REACH who="2" step="1"/><F48/><REACH who="2" ten="197,328,220,235" step="2"/><W14/><G49/><T115/><D115/><U74/><E32/><V40/><F40/><W26/><G36/><T64/><D64/><U126/><E126/><V58/><AGARI ba="0,2" hai="2,3,11,13,18,56,57,58,62,67,70,77,81,86" machi="58" ten="30,8000,1" yaku="1,1,0,1,52,2,53,1" doraHai="35" doraHaiUra="8" who="2" fromWho="2" sc="197,-40,328,-20,220,100,235,-20" />
</Scene>
<Scene>
<INIT seed="5,0,0,0,4,120" ten="157,308,320,215" oya="1" hai0="88,57,74,19,52,47,85,32,76,114,118,53,87" hai1="5,91,64,44,27,0,108,55,63,107,51,40,119" hai2="46,100,34,50,110,48,99,15,86,72,129,23,93" hai3="115,12,60,123,102,117,95,106,104,103,94,134,89"/><U133/><E107/><V125/><F34/><W62/><G123/><T10/><D118/><U30/><E119/><V42/><F72/><W11/><G117/><T71/><D71/><U58/><E133/><V3/><F3/><W13/><G134/><T96/><D32/><U83/><E108/><V66/><F110/><W43/><G43/><T73/><D114/><U54/><E5/><V22/><F125/><W14/><G11/><T6/><D19/><U4/><E4/><V121/><F121/><W28/><G28/><T82/><D96/><U77/><E91/><V8/><F129/><W124/><G13/><T26/><D26/><U2/><E2/><V135/><F135/><W29/><G29/><T113/><D113/><U128/><E0/><V90/><F66/><W36/><G115/><T80/><D47/><U45/><E45/><V109/><F50/><W75/><G89/><T37/><D53/><U126/><E126/><V7/><REACH who="2" step="1"/><F109/><REACH who="2" ten="157,308,310,215" step="2"/><W112/><G124/><T20/><D37/><U79/><E128/><V18/><F18/><W61/><G36/><T25/><D20/><U65/><E65/><V130/><F130/><W59/><G112/><T111/><D111/><U1/><E1/><V116/><F116/><W101/><G75/><T70/><D74/><U81/><E64/><V39/><F39/><W16/><G16/><T49/><D73/><U131/><E131/><V21/><F21/><W78/><G62/><T105/><D70/><U38/><E38/><V98/><F98/><N who="3" m="59615" /><G61/><T122/><D122/><U132/><E132/><V56/><F56/><W31/><G60/><RYUUKYOKU ba="0,1" sc="157,-10,308,-10,310,30,215,-10" hai2="7,8,15,22,23,42,46,48,86,90,93,99,100" />
</Scene>
<Scene>
<INIT seed="6,1,1,5,0,30" ten="147,298,340,205" oya="2" hai0="91,47,110,92,51,116,50,115,34,54,6,130,117" hai1="24,41,40,32,102,56,43,55,0,19,120,17,97" hai2="98,58,77,78,9,49,52,68,16,21,89,37,2" hai3="79,39,26,82,93,63,59,81,118,132,114,69,23"/><V61/><F37/><W129/><G118/><N who="0" m="45675" /><D110/><U108/><E0/><V94/><F68/><W134/><G69/><T90/><D6/><U38/><E38/><V72/><F72/><W3/><G3/><T12/><D130/><U7/><E7/><V31/><F31/><W71/><G71/><T119/><N who="0" m="45683" /><T133/><DORA hai="11" /><D133/><N who="3" m="51305" /><G129/><T45/><D115/><U100/><E100/><V127/><F127/><W65/><G39/><T62/><D62/><U80/><E80/><V101/><F9/><W122/><G114/><T10/><D34/><U126/><E120/><V135/><F2/><W131/><G131/><T57/><D92/><U85/><E32/><V75/><F75/><N who="3" m="43263" /><G122/><T123/><D123/><U46/><E126/><V74/><F74/><W111/><G111/><T124/><D124/><U53/><E108/><V60/><F135/><W29/><G93/><T28/><D28/><U5/><E17/><V14/><F101/><W66/><G82/><T8/><D8/><U103/><E103/><V27/><F27/><W87/><G29/><T18/><D57/><U105/><E56/><N who="2" m="32783" /><F61/><W44/><G63/><T42/><AGARI ba="1,1" hai="10,12,18,42,45,47,50,51,54,90,91" m="45683" machi="42" ten="40,2700,0" yaku="12,1,52,1" doraHai="30,11" who="0" fromWho="0" sc="147,40,298,-8,340,-14,205,-8" />
</Scene>
<Scene>
<INIT seed="7,0,0,4,1,91" ten="187,290,326,197" oya="3" hai0="57,77,84,108,121,132,112,68,45,90,13,73,116" hai1="61,131,0,46,72,129,106,48,30,49,39,128,6" hai2="67,109,31,53,1,133,3,76,41,130,113,37,110" hai3="33,12,80,26,15,38,103,11,27,94,29,83,21"/><W24/><G38/><T79/><D68/><U88/><E106/><V43/><F76/><W17/><G80/><T19/><D108/><U97/><E72/><V28/><F67/><W99/><REACH who="3" step="1"/><G83/><REACH who="3" ten="187,290,326,187" step="2"/><N who="0" m="49439" /><D121/><U70/><E39/><V65/><F110/><W114/><G114/><T120/><D112/><U32/><E131/><V66/><F109/><W105/><G105/><T98/><D120/><U62/><E129/><V23/><F130/><W95/><G95/><T89/><D116/><U54/><E128/><V16/><F37/><W111/><G111/><T101/><D73/><U96/><E96/><V124/><F113/><W92/><G92/><N who="0" m="56591" /><D132/><U107/><E107/><V5/><F133/><W81/><G81/><T126/><D126/><U115/><E115/><V8/><F124/><W55/><G55/><T18/><D101/><U118/><E54/><V74/><F53/><W51/><G51/><T14/><D45/><U102/><E48/><V9/><F74/><W93/><G93/><T56/><D79/><U122/><E49/><V63/><F41/><W117/><G117/><T135/><D77/><U71/><E46/><V100/><F43/><W75/><G75/><T34/><D135/><U40/><E102/><V35/><F100/><W64/><G64/><T60/><D60/><U86/><E40/><V123/><F63/><W10/><G10/><N who="0" m="6455" /><D34/><U104/><E104/><V58/><F123/><W87/><G87/><T4/><D4/><AGARI ba="0,1" hai="4,11,12,15,17,21,24,26,27,29,33,94,99,103" machi="4" ten="30,5800,0" yaku="1,1,7,1,52,1,53,0" doraHai="91" doraHaiUra="50" who="3" fromWho="0" sc="187,-58,290,0,326,0,187,68" />
</Scene>
<Scene>
<INIT seed="7,1,0,4,3,39" ten="129,290,326,255" oya="3" hai0="55,129,86,33,69,58,11,126,73,20,34,97,80" hai1="72,41,93,78,12,106,37,32,36,10,43,84,103" hai2="7,44,99,61,77,57,89,22,14,60,23,79,0" hai3="76,62,47,74,27,120,124,102,59,26,65,46,132"/><W133/><G120/><T116/><D116/><U113/><E32/><V81/><F0/><W3/><G3/><T15/><D69/><U42/><E72/><V49/><F99/><W87/><G74/><T63/><D129/><U135/><E106/><V29/><F89/><W121/><G121/><T4/><D73/><U75/><E75/><V68/><F68/><W38/><G124/><T9/><D126/><U35/><E35/><V64/><F60/><W101/><G47/><T40/><D97/><N who="1" m="59823" /><E113/><V19/><F7/><W119/><G119/><T88/><D20/><U100/><E37/><V48/><F81/><N who="3" m="47527" /><G101/><T30/><D30/><U114/><E36/><V134/><F134/><N who="3" m="51819" /><G102/><T110/><D110/><U8/><E114/><V18/><F29/><W96/><G96/><T67/><D34/><U95/><E135/><V54/><F49/><W16/><G16/><T94/><D33/><U31/><E31/><V125/><F125/><W123/><G123/><T111/><D111/><U105/><E105/><V117/><F117/><W108/><G108/><T21/><D94/><U1/><E1/><V13/><AGARI ba="1,0" hai="13,14,18,19,22,23,44,48,54,57,61,64,77,79" machi="13" ten="20,5200,0" yaku="0,1,7,1,9,1,8,1" doraHai="39" who="2" fromWho="2" sc="129,-14,290,-14,326,55,255,-27" owari="115,-38.0,276,8.0,381,47.0,228,-17.0" />
</Scene>
</mjloggm>