<mjloggm ver="2.3"><GO type="169" lobby="0"/><UN n0="%E3%81%82%E3%81%84%E3%81%A0%E3%81%A6" n1="%E5%A4%AA%E3%81%8F%E3%81%AA%E3%81%84%E3%81%8A" n2="%55%52%41%4E" n3="%63%68%61%72%6C%69%65%37" dan="16,17,16,16" rate="2190.75,2175.54,2075.86,2068.92" sx="M,F,F,M"/><TAIKYOKU oya="0"/>

<Scene>
<INIT seed="0,0,0,2,2,77" ten="250,250,250,250" oya="0" hai0="21,110,98,99,123,66,52,27,134,87,101,60,58" hai1="127,92,81,5,2,54,12,50,111,41,57,83,9" hai2="103,113,62,80,114,45,100,1,48,28,126,15,132" hai3="130,36,78,76,96,69,59,125,71,75,65,94,86"/><T108/><D123/><U70/><E70/><V88/><F1/><W95/><G36/><T29/><D134/><U6/><E111/><N who="0" m="42537" /><D87/><U104/><E104/><V120/><F120/><W118/><G130/><T7/><D7/><N who="1" m="2571" /><E2/><V14/><F132/><W68/><G86/><T84/><D84/><U64/><E127/><V47/><F126/><W128/><G125/><T8/><D8/><U13/><E64/><V4/><F4/><W93/><G118/><T42/><D42/><U40/><E92/><V129/><F62/><W17/><G128/><T24/><D24/><U105/><E105/><V56/><F129/><W11/><G75/><T10/><D10/><U33/><E33/><V97/><F114/><W119/><G96/><N who="0" m="36907" /><D101/><U32/><E32/><V30/><F103/><W18/><G119/><T16/><D66/><U107/><E107/><V39/><F100/><W35/><G35/><T67/><D67/><U73/><E73/><V46/><F97/><W133/><G133/><T115/><D115/><U53/><E40/><V72/><F72/><W74/><G74/><T131/><D131/><U106/><E106/><V44/><F113/><W38/><G11/><T3/><D3/><U26/><E41/><V117/><F117/><W109/><G109/><T79/><D79/><N who="3" m="30249" /><G38/><T112/><D112/><U55/><E26/><V49/><F39/><W61/><G68/><T121/><D121/><U122/><E122/><V63/><F28/><AGARI ba="0,0" hai="16,21,27,28,29,52,58,60" m="36907,42537" machi="28" ten="30,11600,0" yaku="14,1,10,1,54,2" doraHai="77" who="0" fromWho="2" sc="250,116,250,0,250,-116,250,0" />
</Scene>
<Scene>
<INIT seed="0,1,0,0,0,66" ten="366,250,134,250" oya="0" hai0="57,63,90,97,124,92,88,91,114,107,7,108,28" hai1="106,122,14,45,23,119,3,11,125,80,89,109,131" hai2="87,52,51,105,77,60,118,130,81,116,121,54,13" hai3="1,102,69,22,126,76,83,101,30,78,111,21,120"/><T56/><D124/><U104/><E119/><V24/><F121/><W113/><G120/><T0/><D114/><U15/><E122/><V25/><F130/><W100/><G113/><T9/><D108/><U85/><E131/><V48/><F105/><W74/><G111/><T112/><D112/><U44/><E109/><V71/><F13/><W59/><G1/><T110/><D110/><U129/><E129/><V79/><F79/><W2/><G2/><T117/><D117/><N who="2" m="45162" /><F51/><W36/><G36/><T40/><D40/><U29/><E3/><V39/><F39/><W96/><G59/><T42/><D42/><U64/><E125/><V73/><F73/><W86/><G126/><T17/><D28/><U49/><E64/><N who="2" m="41351" /><F54/><W127/><G127/><T123/><D123/><U27/><E15/><V4/><F4/><W103/><G74/><T70/><D107/><U33/><E45/><AGARI ba="1,0" hai="24,25,45,48,52,77,81,87" m="41351,45162" machi="45" ten="30,3900,0" yaku="12,1,52,1,54,1" doraHai="66" who="2" fromWho="1" sc="366,0,250,-42,134,42,250,0" />
</Scene>
<Scene>
<INIT seed="1,0,0,2,1,83" ten="366,208,176,250" oya="1" hai0="53,32,27,115,43,123,22,37,31,21,130,134,111" hai1="110,98,67,29,133,128,61,117,14,34,38,100,0" hai2="126,44,94,25,3,18,9,8,106,58,23,92,125" hai3="20,108,69,81,59,73,79,41,17,2,39,54,24"/><U52/><E117/><V26/><F106/><W102/><G108/><T77/><D115/><U127/><E0/><V120/><F120/><W40/><G2/><T5/><D5/><U131/><E38/><V95/><F44/><W107/><G69/><T118/><D111/><U49/><E110/><V42/><F42/><W91/><G39/><T33/><D77/><U36/><E36/><V65/><F3/><W84/><G102/><T66/><D66/><U47/><E133/><V63/><REACH who="2" step="1"/><F26/><REACH who="2" ten="366,208,166,250" step="2"/><W62/><REACH who="3" step="1"/><G107/><REACH who="3" ten="366,208,166,240" step="2"/><T12/><D134/><U122/><E122/><V129/><F129/><W86/><G86/><T124/><D130/><U99/><E131/><V135/><F135/><W16/><G16/><T56/><D123/><U11/><E128/><V51/><F51/><W119/><G119/><T80/><D37/><U103/><E49/><V90/><F90/><W74/><G74/><T87/><D118/><U113/><E113/><V1/><F1/><W68/><G68/><T109/><D109/><U30/><E30/><V35/><F35/><W82/><AGARI ba="0,2" hai="17,20,24,40,41,54,59,62,73,79,81,82,84,91" machi="82" ten="20,5200,0" yaku="1,1,0,1,7,1,52,1,53,0" doraHai="83" doraHaiUra="93" who="3" fromWho="3" sc="366,-13,208,-26,166,-13,240,72" />
</Scene>
<Scene>
<INIT seed="2,0,0,4,0,56" ten="353,182,153,312" oya="2" hai0="89,25,49,128,40,85,134,80,11,111,8,67,125" hai1="77,10,33,131,1,107,94,61,23,68,116,98,32" hai2="34,0,4,108,95,71,46,132,38,70,113,7,15" hai3="30,69,123,64,120,82,124,24,35,100,37,12,83"/><V135/><F113/><W13/><G37/><T51/><D125/><U66/><E116/><V105/><F105/><W102/><G124/><T6/><D111/><U14/><E131/><V86/><F34/><W117/><G117/><T17/><D134/><N who="2" m="51242" /><F108/><W79/><G82/><T54/><D67/><U73/><E23/><V115/><F0/><W44/><G44/><T26/><D128/><U99/><E99/><V106/><F106/><W65/><G120/><T101/><D101/><N who="1" m="62903" /><E14/><V110/><F110/><W126/><G123/><T109/><D49/><U48/><E94/><V3/><F3/><W91/><G126/><T130/><D40/><U75/><E48/><V72/><F72/><N who="1" m="27721" /><E77/><V20/><F115/><W87/><G102/><T63/><D130/><U21/><E21/><V81/><F95/><W96/><G79/><T93/><D93/><U55/><E55/><V47/><F20/><W27/><G27/><T16/><D51/><U52/><E52/><V129/><F129/><W84/><G84/><T122/><D122/><U29/><E29/><V50/><F50/><W36/><G36/><T127/><D109/><U90/><E90/><N who="2" m="51535" /><F38/><W121/><G121/><T28/><D28/><U2/><E2/><V76/><F76/><W41/><G13/><T119/><D119/><U18/><E1/><V104/><F104/><N who="3" m="63495" /><G12/><T92/><D127/><U60/><E33/><V114/><F114/><W118/><G118/><T97/><D92/><U103/><E32/><V53/><F53/><W43/><G64/><T62/><D54/><U57/><E103/><V58/><F15/><W9/><G9/><RYUUKYOKU ba="0,0" sc="353,-10,182,-10,153,-10,312,30" hai3="24,30,35,41,43,65,69,83,87,91" />
</Scene>
<Scene>
<INIT seed="3,1,0,1,2,101" ten="343,172,143,342" oya="3" hai0="123,73,24,106,114,105,94,69,2,127,20,113,130" hai1="49,85,71,33,8,36,111,134,21,15,46,31,64" hai2="75,126,90,72,38,99,14,12,118,1,52,84,41" hai3="133,3,91,92,87,30,6,4,62,78,23,131,48"/><W54/><G133/><T39/><D123/><U95/><E134/><V13/><F1/><W60/><G131/><T116/><D116/><U47/><E33/><V45/><F118/><W11/><G78/><T53/><D2/><U121/><E121/><V25/><F25/><W57/><G6/><T117/><D117/><U29/><E111/><V110/><F110/><W16/><REACH who="3" step="1"/><G30/><REACH who="3" ten="343,172,143,332" step="2"/><T82/><D130/><U17/><E31/><V27/><F126/><W107/><G107/><T67/><D127/><U125/><E125/><V98/><F75/><W89/><G89/><T80/><D105/><U77/><E77/><V56/><F72/><W108/><G108/><T61/><D106/><U83/><E29/><V18/><F18/><W86/><G86/><T115/><D73/><U19/><E85/><V120/><F120/><W22/><G22/><T10/><D10/><U124/><E124/><V43/><F90/><W32/><G32/><T97/><D20/><U132/><E132/><V44/><F84/><W76/><G76/><T28/><D28/><U35/><E35/><V135/><F135/><W37/><G37/><T50/><D39/><U26/><E36/><V51/><REACH who="2" step="1"/><F27/><AGARI ba="1,1" hai="3,4,11,16,23,27,48,54,57,60,62,87,91,92" machi="27" ten="30,5800,0" yaku="1,1,7,1,54,1,53,0" doraHai="101" doraHaiUra="103" who="3" fromWho="2" sc="343,0,172,0,143,-61,332,71" />
</Scene>
<Scene>
<INIT seed="3,2,0,4,0,123" ten="343,172,82,403" oya="3" hai0="99,26,129,85,67,27,118,23,76,100,54,113,53" hai1="20,83,107,3,75,74,133,89,98,70,35,55,112" hai2="90,135,91,134,21,78,50,48,126,77,5,29,58" hai3="66,12,84,19,31,41,127,0,22,69,4,11,30"/><W51/><G127/><T63/><D129/><U7/><E35/><V17/><F126/><W106/><G106/><T81/><D118/><U131/><E70/><V115/><F115/><W109/><G69/><T104/><D26/><U37/><E37/><V24/><F5/><W95/><G66/><T121/><D121/><U64/><E64/><V94/><F29/><W61/><G61/><T79/><D76/><U15/><E112/><V102/><F102/><W103/><G103/><T72/><D72/><U68/><E68/><V56/><F91/><W47/><G95/><T116/><D116/><U130/><E3/><V86/><F50/><W111/><G84/><T40/><D40/><U38/><E38/><V87/><F48/><W6/><G6/><T14/><D14/><U97/><E55/><V122/><F122/><W101/><G101/><T92/><D104/><U2/><E2/><V93/><F77/><W132/><G132/><T82/><D82/><U10/><E20/><V105/><F105/><W80/><G80/><T62/><D62/><U71/><E71/><V117/><F117/><W114/><G114/><T49/><D49/><U16/><E7/><V36/><F36/><W9/><G9/><T119/><D119/><U25/><E133/><N who="2" m="50699" /><F78/><W65/><G65/><T44/><D44/><U42/><E107/><V110/><F110/><AGARI ba="2,0" hai="0,4,11,12,19,22,30,31,41,47,51,109,110,111" machi="110" ten="40,12000,1" yaku="14,1,10,1,52,3" doraHai="123" who="3" fromWho="2" sc="343,0,172,0,82,-126,403,126" owari="343,14.0,172,-23.0,-44,-54.0,529,63.0" />
</Scene>
</mjloggm>