<mjloggm ver="2.3"><GO type="169" lobby="0"/><UN n0="%E5%A4%AA%E3%81%8F%E3%81%AA%E3%81%84%E3%81%8A" n1="%E3%81%8D%E3%81%97%E3%82%8A%E3%81%A3%E3%81%97%E3%82%85" n2="%E3%83%94%E3%82%AB%E5%90%BE%E9%83%8E" n3="%E3%81%84%E3%81%AA%E3%81%97%E3%82%93%E3%80%82" dan="17,16,17,16" rate="2129.25,2028.29,2176.14,2120.95" sx="M,M,M,F"/><TAIKYOKU oya="0"/>

<Scene>
<INIT seed="0,0,0,1,5,127" ten="250,250,250,250" oya="0" hai0="112,39,125,101,42,117,7,22,3,123,36,27,66" hai1="71,65,55,21,23,82,49,75,121,28,120,95,94" hai2="113,59,93,45,35,129,51,79,10,72,132,34,116" hai3="64,20,114,63,74,6,37,25,110,53,61,41,50"/><T56/><D112/><U54/><E71/><V106/><F106/><W30/><G74/><T119/><D123/><U13/><E65/><V31/><F113/><W62/><G114/><T97/><D125/><U100/><E75/><V12/><F132/><W19/><G6/><T40/><D7/><U11/><E82/><V16/><F116/><W88/><G110/><T96/><D3/><U24/><E21/><V43/><F31/><W115/><G115/><T52/><D66/><U83/><E83/><V18/><F79/><W81/><G41/><T2/><D2/><U73/><E73/><V26/><F72/><W69/><G37/><T8/><D8/><U58/><E100/><V107/><F107/><W67/><G69/><T85/><D85/><U135/><E135/><V86/><F59/><W78/><G30/><T17/><D42/><U48/><E121/><V128/><F35/><W91/><G67/><T126/><D126/><U103/><E103/><V98/><F86/><N who="3" m="48439" /><G64/><T87/><D87/><U105/><E105/><V33/><F33/><W1/><G1/><T89/><D89/><U14/><E120/><V9/><F34/><W60/><N who="3" m="15360" /><DORA hai="68" /><W108/><G108/><T90/><D90/><U92/><E11/><V109/><F109/><W131/><G131/><N who="2" m="50249" /><F10/><W76/><G76/><T118/><D101/><U29/><E28/><V104/><F104/><W38/><G38/><T111/><D111/><U134/><E134/><V15/><F9/><W5/><G5/><T32/><D32/><U46/><AGARI ba="0,0" hai="13,14,23,24,29,46,48,49,54,55,58,92,94,95" machi="46" ten="30,2000,0" yaku="0,1,8,1" doraHai="127,68" who="1" fromWho="1" sc="250,-10,250,20,250,-5,250,-5" />
</Scene>
<Scene>
<INIT seed="1,0,0,0,5,18" ten="240,270,245,245" oya="1" hai0="41,68,37,28,99,64,34,50,71,58,10,63,23" hai1="7,114,17,8,77,91,109,65,105,132,72,3,123" hai2="135,78,81,62,75,102,43,79,56,107,33,124,88" hai3="60,122,130,117,15,66,40,69,30,1,61,83,2"/><U90/><E123/><V85/><F33/><W25/><G122/><T128/><D34/><U97/><E114/><V112/><F112/><W104/><G130/><T11/><D128/><U115/><E115/><V5/><F124/><W96/><G117/><T22/><D68/><U74/><E65/><V42/><F135/><W126/><G126/><T0/><D0/><U12/><E132/><V29/><F29/><W51/><G61/><T57/><D37/><U84/><E109/><V129/><F5/><W70/><G70/><T38/><D38/><U73/><E77/><V119/><F79/><W27/><G27/><T92/><D71/><U127/><E127/><V44/><F44/><W111/><G111/><T87/><D87/><U86/><E86/><V35/><F35/><W54/><G40/><T106/><D106/><U131/><E131/><V94/><F119/><W32/><G83/><T108/><D108/><U55/><E55/><N who="2" m="34079" /><F129/><W121/><G15/><T82/><D28/><U9/><REACH who="1" step="1"/><E84/><REACH who="1" ten="240,260,245,245" step="2"/><V80/><F81/><W53/><G53/><N who="0" m="31927" /><D82/><U31/><E31/><V24/><F43/><W89/><G121/><T45/><D41/><U16/><E16/><V20/><F42/><W67/><G67/><T6/><D6/><U101/><AGARI ba="0,1" hai="3,7,8,9,12,17,72,73,74,90,91,97,101,105" machi="101" ten="40,12000,1" yaku="1,1,0,1,53,2" doraHai="18" doraHaiUra="4" who="1" fromWho="1" sc="240,-40,260,130,245,-40,245,-40" />
</Scene>
<Scene>
<INIT seed="1,1,0,2,1,49" ten="200,390,205,205" oya="1" hai0="65,6,123,71,34,73,132,59,64,100,27,122,129" hai1="18,69,9,133,62,55,10,43,51,0,130,17,89" hai2="58,57,84,82,111,86,45,32,20,15,14,52,12" hai3="2,121,112,36,108,118,16,70,33,21,109,60,1"/><U31/><E31/><V41/><F32/><W98/><G33/><T101/><D73/><U24/><E43/><V93/><F111/><N who="3" m="42571" /><G112/><T103/><D71/><U56/><E130/><V79/><F58/><W94/><G36/><T120/><D129/><U8/><E0/><V53/><F57/><W5/><G5/><T28/><D132/><U87/><E133/><V124/><F124/><W80/><G80/><T23/><D6/><U81/><REACH who="1" step="1"/><E24/><REACH who="1" ten="200,380,205,205" step="2"/><V113/><F113/><W102/><G118/><T114/><D114/><U26/><E26/><V128/><F128/><W30/><G121/><T77/><D34/><U92/><E92/><V39/><REACH who="2" step="1"/><F20/><REACH who="2" ten="200,380,195,205" step="2"/><W85/><G21/><T19/><D123/><U13/><E13/><V97/><F97/><W74/><G1/><T126/><D122/><U115/><E115/><V90/><AGARI ba="1,2" hai="12,14,15,39,41,45,52,53,79,82,84,86,90,93" machi="90" ten="30,8000,1" yaku="1,1,0,1,52,2,54,1,53,0" doraHai="49" doraHaiUra="46" who="2" fromWho="2" sc="200,-21,380,-41,195,103,205,-21" />
</Scene>
<Scene>
<INIT seed="2,0,0,3,4,113" ten="179,339,298,184" oya="2" hai0="99,34,45,72,67,60,86,11,43,97,112,57,134" hai1="122,20,135,68,61,37,130,2,14,12,0,19,102" hai2="48,85,129,33,54,32,63,52,64,21,66,128,101" hai3="104,42,73,114,87,44,47,15,125,132,109,105,30"/><V91/><F21/><W41/><G73/><T111/><D72/><U7/><E37/><V27/><F101/><W80/><G114/><T95/><D112/><U26/><E61/><V106/><F106/><W81/><G109/><T18/><D34/><U100/><E68/><V9/><F9/><W24/><G125/><T120/><D120/><U115/><E102/><V123/><F123/><W8/><G132/><T5/><D18/><U35/><E100/><V94/><F64/><W69/><G69/><T31/><D31/><N who="1" m="19959" /><E122/><V119/><F54/><W89/><G80/><T74/><D74/><U93/><E93/><V38/><F27/><W36/><G44/><T58/><D58/><U28/><E28/><V82/><F94/><W4/><REACH who="3" step="1"/><G42/><REACH who="3" ten="179,339,298,174" step="2"/><T110/><D134/><U103/><E135/><V75/><F75/><W78/><G78/><T117/><D45/><U3/><E115/><V6/><F82/><W23/><AGARI ba="0,1" hai="4,8,15,23,24,30,36,41,47,81,87,89,104,105" machi="23" ten="20,2700,0" yaku="1,1,0,1,7,1,53,0" doraHai="113" doraHaiUra="49" who="3" fromWho="3" sc="179,-7,339,-7,298,-13,174,37" />
</Scene>
<Scene>
<INIT seed="3,0,0,1,3,77" ten="172,332,285,211" oya="3" hai0="42,37,92,12,8,20,45,88,51,11,23,126,57" hai1="129,81,41,72,106,132,70,75,68,90,131,118,78" hai2="105,103,99,82,5,15,101,47,127,9,17,52,49" hai3="56,43,46,98,1,64,133,112,59,94,48,130,76"/><W19/><G112/><T108/><D108/><U25/><E106/><V29/><F127/><W65/><G1/><T36/><D126/><U120/><E120/><V27/><F101/><W116/><G116/><T102/><D102/><U33/><E118/><V34/><REACH who="2" step="1"/><F82/><REACH who="2" ten="172,332,275,211" step="2"/><W96/><G133/><T22/><D57/><N who="3" m="22089" /><G130/><T134/><D134/><U125/><E132/><V79/><F79/><W123/><G76/><T97/><REACH who="0" step="1"/><D8/><REACH who="0" ten="162,332,275,211" step="2"/><U93/><E125/><V85/><F85/><W135/><G135/><T71/><D71/><U109/><E70/><V40/><F40/><W100/><G123/><T50/><D50/><U18/><E68/><V31/><F31/><W53/><G43/><T26/><D26/><U21/><E41/><V128/><F128/><W113/><G113/><T119/><D119/><U104/><E131/><V89/><F89/><W115/><G115/><T61/><D61/><U32/><E129/><V124/><F124/><W3/><G100/><T73/><D73/><U74/><E74/><V67/><F67/><W44/><G65/><T35/><D35/><U117/><E75/><V83/><F83/><W38/><G64/><T6/><AGARI ba="0,2" hai="6,11,12,20,22,23,36,37,42,45,51,88,92,97" machi="6" ten="30,4000,0" yaku="1,1,0,1,54,1,53,0" doraHai="77" doraHaiUra="114" who="0" fromWho="0" sc="162,60,332,-10,275,-10,211,-20" />
</Scene>
<Scene>
<INIT seed="4,0,0,2,0,43" ten="222,322,265,191" oya="0" hai0="64,9,48,114,75,134,58,69,132,32,51,95,56" hai1="39,127,83,6,84,131,38,92,29,126,50,123,113" hai2="15,49,12,93,36,34,115,79,53,35,67,82,62" hai3="120,130,86,108,72,133,46,42,54,87,80,10,116"/><T100/><D75/><U70/><E123/><V3/><F3/><W124/><G116/><T55/><D32/><U27/><E70/><V1/><F1/><W8/><G108/><T24/><D24/><U11/><E92/><V40/><F115/><W78/><G120/><T121/><D121/><U107/><E107/><V63/><F63/><W45/><G133/><N who="0" m="51307" /><D9/><N who="3" m="3689" /><G130/><T21/><D21/><N who="1" m="15599" /><E50/><V59/><F93/><W14/><G124/><N who="1" m="47658" /><E113/><V91/><F35/><W122/><G122/><T2/><D114/><U26/><E26/><V81/><F34/><W105/><G105/><T16/><D95/><U98/><E98/><V0/><F0/><W128/><G128/><T76/><D2/><N who="1" m="471" /><E131/><V65/><F15/><W31/><G31/><T18/><D100/><U61/><E61/><V57/><F12/><W71/><G71/><T7/><D7/><U47/><E47/><N who="3" m="17930" /><G14/><T90/><D69/><U106/><E106/><V25/><F25/><W73/><G73/><T99/><D99/><U22/><E84/><V5/><F5/><W28/><G28/><T23/><D18/><U125/><E125/><V66/><F36/><W68/><G68/><T94/><D16/><U111/><E111/><V60/><F67/><W118/><G118/><T44/><D64/><U74/><E38/><V41/><F66/><W37/><G37/><T135/><D135/><U4/><E39/><V119/><F119/><W52/><G42/><T20/><D20/><U88/><E22/><V129/><F129/><W17/><G17/><T102/><D23/><U103/><E4/><V77/><F41/><W97/><G97/><RYUUKYOKU ba="0,0" sc="222,-10,322,-10,265,-10,191,30" hai3="52,54,72,78,80,86,87" />
</Scene>
<Scene>
<INIT seed="5,1,0,3,1,131" ten="212,312,255,221" oya="1" hai0="81,0,17,105,96,124,135,54,113,3,106,55,87" hai1="127,61,134,16,49,98,50,44,77,80,72,129,34" hai2="5,27,52,82,94,73,67,117,86,90,7,89,39" hai3="14,32,29,63,74,121,6,68,109,22,116,1,99"/><U59/><E34/><V19/><F39/><W46/><G109/><T10/><D113/><U107/><E129/><V56/><F67/><W100/><G121/><T31/><D31/><U108/><E108/><V115/><F117/><W37/><G74/><T24/><D124/><U23/><E127/><V2/><F2/><W13/><G116/><T4/><D0/><U41/><E107/><V58/><F58/><W43/><G22/><T66/><D66/><U76/><E98/><V123/><F123/><W84/><G84/><T111/><D111/><U101/><E101/><V130/><F130/><W26/><G6/><T48/><D96/><U97/><E97/><N who="2" m="57551" /><F73/><W53/><G1/><T75/><D75/><U9/><E77/><V104/><F104/><N who="3" m="63519" /><G53/><T114/><D55/><U70/><E23/><N who="2" m="13823" /><F115/><W47/><G47/><T11/><D114/><U12/><E44/><V119/><F119/><W132/><G13/><N who="0" m="7359" /><D105/><U110/><E110/><V128/><F128/><W62/><G14/><T91/><D24/><U120/><E120/><V79/><F79/><W40/><G40/><T95/><D106/><U103/><E41/><V57/><F57/><W25/><G25/><T33/><D33/><U88/><E59/><V64/><F64/><N who="3" m="40983" /><G63/><AGARI ba="1,0" hai="5,7,52,56,63,82,86,90" m="13823,57551" machi="63" ten="30,3900,0" yaku="25,1,8,1,54,1" doraHai="131" who="2" fromWho="3" sc="212,0,312,0,255,42,221,-42" />
</Scene>
<Scene>
<INIT seed="6,0,0,1,0,38" ten="212,312,297,179" oya="2" hai0="80,64,126,1,121,98,85,130,111,45,40,63,103" hai1="68,94,127,79,82,21,41,83,102,86,104,36,18" hai2="28,20,67,29,26,108,116,120,114,106,123,122,129" hai3="113,105,109,24,9,50,92,60,124,87,110,133,69"/><V97/><F67/><W117/><G105/><T101/><D121/><U90/><E68/><V27/><F106/><W42/><G117/><T32/><D111/><U115/><E102/><V131/><F97/><W128/><G24/><T65/><D32/><U47/><E104/><V76/><F108/><N who="3" m="41579" /><G9/><T6/><D126/><U118/><E115/><V93/><F93/><W16/><G87/><T96/><D130/><N who="2" m="49674" /><F76/><W49/><G16/><T100/><D6/><U99/><E127/><V37/><F37/><W75/><G92/><T8/><D8/><U88/><E118/><V25/><F116/><W11/><G11/><T132/><D1/><U61/><E83/><V51/><F51/><N who="3" m="19467" /><G75/><T43/><D98/><U34/><E79/><V74/><F74/><W4/><G4/><T62/><D96/><U58/><E99/><V52/><F114/><W22/><G22/><T95/><D95/><U15/><E90/><V84/><F84/><W59/><G128/><T33/><D85/><U14/><E82/><V89/><F89/><W91/><G124/><T78/><D80/><U46/><E86/><V44/><F20/><W54/><G91/><T17/><D78/><U57/><E88/><V10/><F10/><W66/><G113/><T13/><D101/><U70/><E94/><V134/><F134/><W107/><G107/><T56/><D132/><U7/><E21/><V31/><F44/><W119/><G133/><T5/><D100/><U77/><E47/><V3/><F3/><W112/><G119/><T48/><D103/><U39/><E77/><V12/><F12/><W71/><G112/><RYUUKYOKU ba="0,0" sc="212,-10,312,-10,297,30,179,-10" hai2="25,26,27,28,29,31,52,120,122,123" />
</Scene>
<Scene>
<INIT seed="6,1,0,1,5,63" ten="202,302,327,169" oya="2" hai0="14,21,16,74,88,80,45,49,86,62,56,13,116" hai1="77,15,92,135,40,119,73,9,18,127,75,66,28" hai2="54,121,44,115,122,25,4,69,64,37,6,118,105" hai3="0,124,23,89,134,72,85,70,87,109,59,84,31"/><V76/><F105/><W22/><G70/><T111/><D111/><U117/><E40/><V79/><F118/><W55/><G109/><T43/><D116/><U33/><E75/><V27/><F44/><W103/><G72/><T78/><D74/><U46/><E46/><V112/><F69/><W133/><G0/><T26/><D78/><U5/><E33/><V108/><F108/><W53/><G103/><T95/><D80/><U29/><E29/><V67/><F54/><AGARI ba="1,0" hai="13,14,16,21,26,43,45,49,54,56,62,86,88,95" machi="54" ten="30,7700,0" yaku="7,1,8,1,54,2" doraHai="63" who="0" fromWho="2" sc="202,80,302,0,327,-80,169,0" />
</Scene>
<Scene>
<INIT seed="7,0,0,3,1,81" ten="282,302,247,169" oya="3" hai0="103,83,77,23,68,38,67,115,84,80,12,37,4" hai1="40,3,39,13,72,2,118,133,71,116,129,54,119" hai2="21,63,44,19,121,41,105,24,124,60,25,27,46" hai3="65,26,8,123,102,111,43,16,66,47,74,9,76"/><W130/><G123/><T6/><D103/><U1/><E129/><V104/><F121/><W17/><G130/><T126/><D126/><U125/><E125/><V99/><F124/><W75/><G102/><T34/><D34/><U110/><E110/><V86/><F99/><W15/><G111/><T79/><D115/><U114/><E114/><V96/><F96/><W69/><G76/><T29/><D68/><U64/><E133/><V97/><F97/><W73/><G69/><T78/><D67/><U11/><E72/><V57/><F63/><W131/><G131/><T14/><D29/><U91/><E91/><V55/><F46/><W94/><G94/><T58/><D58/><U61/><E54/><V49/><REACH who="2" step="1"/><F86/><REACH who="2" ten="282,302,237,169" step="2"/><W33/><G33/><T20/><D78/><U32/><E32/><V95/><F95/><W35/><G35/><T52/><D52/><U50/><E119/><V87/><F87/><AGARI ba="0,1" hai="4,6,12,14,20,23,37,38,77,79,80,83,84,87" machi="87" ten="25,6400,0" yaku="22,2,52,2" doraHai="81" who="0" fromWho="2" sc="282,74,302,0,237,-64,169,0" owari="356,46.0,302,10.0,173,-23.0,169,-33.0" />
</Scene>
</mjloggm>