<mjloggm ver="2.3"><GO type="169" lobby="0"/><UN n0="%E3%83%9D%E3%82%B3%E3%83%94%E3%83%B3" n1="%E3%82%82%E3%82%81%E3%82%93%E3%81%AA%E3%81%A1%E3%82%83%E3%81%84" n2="%63%75%72%65%74%61%70%65" n3="%E5%A4%AA%E3%81%8F%E3%81%AA%E3%81%84%E3%81%8A" dan="16,17,16,17" rate="2124.99,2238.28,2174.46,2217.55" sx="M,M,M,M"/><TAIKYOKU oya="0"/>

<Scene>
<INIT seed="0,0,0,1,0,124" ten="250,250,250,250" oya="0" hai0="105,129,66,93,118,120,0,79,18,95,23,65,89" hai1="56,114,135,125,80,4,38,60,68,121,99,45,29" hai2="123,57,112,42,96,108,87,111,30,85,132,34,117" hai3="64,69,58,27,126,109,37,75,51,21,22,84,8"/><T44/><D105/><U102/><E68/><V32/><F123/><W7/><G75/><T76/><D0/><U72/><E121/><V81/><F112/><W6/><G37/><T19/><D118/><U83/><E125/><V15/><F117/><W101/><G69/><T40/><D120/><U78/><E135/><V90/><F132/><W122/><G126/><T17/><D23/><U134/><E134/><V115/><F115/><W14/><G109/><N who="2" m="42057" /><F42/><W82/><G122/><T33/><D33/><U35/><E83/><N who="2" m="49471" /><F30/><W1/><G101/><T97/><D95/><U110/><E114/><V46/><F46/><W2/><G7/><T106/><D106/><U50/><E4/><V59/><F96/><W77/><G22/><T62/><D62/><U70/><E38/><V74/><F74/><W71/><G71/><T20/><D20/><U61/><E70/><V48/><F15/><W9/><G1/><T47/><D47/><U92/><E56/><N who="2" m="21579" /><F48/><W128/><G51/><T52/><D40/><U11/><E110/><V63/><F63/><N who="3" m="38007" /><G2/><T100/><D44/><U16/><E29/><V3/><F3/><W25/><G25/><T26/><D26/><U113/><E113/><V107/><F107/><W5/><G27/><T131/><D52/><N who="1" m="29775" /><E35/><V24/><F24/><W54/><G54/><T86/><D100/><U130/><E61/><V116/><F116/><W88/><G14/><T53/><D53/><U10/><E60/><V127/><F127/><W91/><G82/><N who="0" m="47431" /><D79/><AGARI ba="0,0" hai="32,34,79,81,87" m="21579,49471,42057" machi="79" ten="30,1000,0" yaku="14,1" doraHai="124" who="2" fromWho="0" sc="250,-10,250,0,250,10,250,0" />
</Scene>
<Scene>
<INIT seed="1,0,0,0,5,99" ten="240,250,260,250" oya="1" hai0="68,6,55,12,11,33,89,78,80,1,50,65,42" hai1="13,2,95,67,113,24,85,48,103,44,86,106,101" hai2="108,23,66,59,28,127,94,29,21,91,129,58,111" hai3="72,54,133,30,77,40,4,75,25,84,18,17,64"/><U27/><E2/><V79/><F127/><W8/><G64/><T43/><D33/><U61/><E113/><V16/><F129/><W38/><G133/><T35/><D35/><U7/><E106/><V22/><F79/><W57/><G84/><N who="1" m="32362" /><E95/><V134/><F134/><W26/><G40/><T119/><D119/><U37/><E37/><V56/><F66/><W88/><G88/><T120/><D120/><U109/><E109/><N who="2" m="42059" /><F16/><W47/><G18/><T45/><D1/><U100/><E61/><V74/><F74/><W98/><G72/><T73/><D89/><U122/><E67/><V32/><F32/><W81/><G75/><T82/><D80/><U31/><E31/><N who="2" m="11851" /><F91/><W62/><G30/><T92/><D92/><AGARI ba="0,0" hai="21,22,23,56,58,59,92,94" m="11851,42059" machi="92" ten="40,5200,0" yaku="28,2,14,1" doraHai="99" who="2" fromWho="0" sc="240,-52,250,0,260,52,250,0" />
</Scene>
<Scene>
<INIT seed="2,0,0,3,4,73" ten="188,250,312,250" oya="2" hai0="108,103,111,128,87,29,53,96,83,61,21,77,11" hai1="27,63,31,33,15,16,69,85,14,101,90,72,131" hai2="84,106,109,118,26,75,133,30,98,41,64,35,115" hai3="88,43,97,12,134,65,99,70,78,135,51,129,86"/><V23/><F118/><W42/><G129/><T71/><D128/><U24/><E72/><V113/><F75/><W38/><G38/><T68/><D11/><U114/><E131/><V102/><F133/><N who="3" m="50699" /><G12/><T104/><D53/><U125/><E125/><V67/><F109/><W62/><G78/><T54/><D54/><U60/><E114/><V59/><F41/><N who="3" m="15371" /><G51/><T52/><D71/><U81/><E101/><V55/><F115/><W123/><G123/><T93/><D104/><U124/><E124/><V45/><F113/><W19/><G19/><T25/><REACH who="0" step="1"/><D68/><REACH who="0" ten="178,250,312,250" step="2"/><U2/><E69/><V105/><F55/><W120/><G120/><T74/><D74/><U89/><E2/><V76/><F67/><W132/><G132/><T112/><D112/><U7/><E7/><V5/><F5/><W92/><AGARI ba="0,1" hai="62,65,70,86,88,92,97,99" m="15371,50699" machi="92" ten="30,2000,0" yaku="20,1,54,1" doraHai="73" who="3" fromWho="3" sc="178,-5,250,-5,312,-10,250,30" />
</Scene>
<Scene>
<INIT seed="3,0,0,4,1,21" ten="173,245,302,280" oya="3" hai0="107,60,73,38,30,131,109,101,20,58,72,83,16" hai1="80,123,97,49,64,120,43,126,3,127,48,81,118" hai2="31,132,57,91,99,50,134,1,108,56,18,86,130" hai3="41,5,90,78,119,124,28,103,114,47,69,85,110"/><W129/><G114/><T115/><D109/><U106/><E3/><V23/><F1/><W100/><G119/><T135/><D131/><U121/><E118/><V76/><F108/><W2/><G110/><T67/><D135/><N who="2" m="51754" /><F130/><W68/><G129/><T6/><D38/><U77/><E64/><V111/><F31/><W33/><G78/><T133/><D115/><U36/><E36/><V65/><F76/><W94/><G124/><N who="1" m="47658" /><E43/><V4/><F4/><W44/><G5/><T62/><D6/><U52/><E48/><V12/><F111/><W7/><G7/><T34/><D133/><U40/><E40/><V24/><F65/><W45/><G41/><T26/><D62/><U19/><E19/><V112/><F112/><W71/><REACH who="3" step="1"/><G2/><REACH who="3" ten="173,245,302,270" step="2"/><T104/><D73/><U15/><E77/><V116/><F116/><W17/><G17/><T102/><D72/><U70/><E123/><V32/><F18/><W74/><G74/><T87/><D107/><U122/><E106/><V14/><F86/><W46/><N who="3" m="11264" /><DORA hai="59" /><W0/><G0/><T42/><D104/><U53/><E122/><V27/><F99/><W54/><G54/><T92/><D42/><U88/><E53/><V93/><F57/><W98/><G98/><T82/><D58/><N who="1" m="33039" /><E120/><V11/><F56/><W128/><G128/><T89/><D67/><U79/><E121/><V61/><F61/><W75/><G75/><T9/><D60/><U39/><E79/><V10/><F50/><W51/><G51/><T113/><D113/><U25/><E39/><V22/><F93/><W125/><G125/><T95/><D92/><RYUUKYOKU ba="0,1" sc="173,-10,245,-10,302,-10,270,30" hai3="28,33,68,69,71,85,90,94,100,103" />
</Scene>
<Scene>
<INIT seed="3,1,1,5,1,129" ten="163,235,292,300" oya="3" hai0="54,82,62,101,4,13,109,64,115,83,38,74,22" hai1="71,96,117,106,116,59,33,41,123,107,7,75,44" hai2="100,0,12,31,84,6,29,78,98,40,16,111,128" hai3="80,122,97,99,89,68,73,125,124,105,34,43,48"/><W133/><G68/><T50/><D109/><U58/><E71/><V63/><F111/><W135/><G34/><T57/><D38/><U118/><E123/><V10/><F128/><W130/><G130/><T92/><D74/><U5/><E75/><V85/><F40/><W70/><G70/><T86/><D115/><U37/><E33/><V2/><F85/><N who="3" m="50343" /><G122/><T88/><D101/><N who="1" m="62759" /><E107/><V47/><F2/><W66/><G66/><T15/><D4/><AGARI ba="1,1" hai="4,5,7,37,41,44,58,59,116,117,118" m="62759" machi="4" ten="30,1000,0" yaku="12,1" doraHai="129" who="1" fromWho="0" sc="163,-13,235,23,292,0,300,0" />
</Scene>
<Scene>
<INIT seed="4,0,0,1,3,12" ten="150,258,292,300" oya="0" hai0="16,112,6,19,75,59,106,92,119,23,105,130,7" hai1="103,58,24,67,127,41,68,87,116,82,113,108,27" hai2="120,132,74,121,20,13,56,135,66,131,25,117,111" hai3="29,54,52,55,37,40,39,101,97,88,28,110,102"/><T18/><D119/><U94/><E68/><V48/><F111/><W34/><G110/><T98/><D75/><U63/><E127/><V76/><F117/><W14/><G34/><T115/><D130/><U80/><E108/><V9/><F131/><W81/><G40/><T32/><D32/><U1/><E1/><V99/><F99/><W73/><G37/><T129/><D129/><U70/><E113/><N who="0" m="43593" /><D59/><U49/><E116/><V114/><F114/><W64/><G39/><T4/><D23/><U69/><E69/><V57/><F76/><W45/><G45/><T60/><D60/><U42/><E82/><V17/><F74/><W100/><G64/><T125/><D125/><U30/><E70/><V50/><F57/><W31/><G14/><T36/><D36/><U133/><E27/><V77/><F77/><N who="3" m="44207" /><G97/><T43/><D43/><U122/><E41/><V93/><F93/><W61/><G61/><T128/><D128/><U65/><E94/><V46/><F50/><W124/><G124/><T78/><D78/><U96/><E67/><V38/><F38/><W26/><G26/><T71/><D71/><U53/><E24/><V83/><F83/><W134/><G134/><N who="2" m="51241" /><F56/><W33/><G33/><T2/><D2/><U107/><E133/><V0/><F66/><W91/><AGARI ba="0,0" hai="28,29,31,52,54,55,88,91,100,101,102" m="44207" machi="91" ten="40,8000,1" yaku="29,2,54,2" doraHai="12" who="3" fromWho="3" sc="150,-40,258,-20,292,-20,300,80" />
</Scene>
<Scene>
<INIT seed="5,0,0,0,5,13" ten="110,238,272,380" oya="1" hai0="46,38,91,110,94,8,59,31,123,102,87,104,95" hai1="33,55,126,130,62,2,131,108,26,17,52,34,116" hai2="89,21,106,90,79,93,10,99,67,70,4,129,80" hai3="6,51,82,69,49,25,103,98,132,85,22,122,86"/><U44/><E116/><V105/><F129/><N who="1" m="49161" /><E2/><V5/><F5/><W127/><G69/><T28/><D110/><U42/><E126/><V23/><F90/><W11/><G122/><T64/><D123/><U75/><E75/><V78/><F78/><W18/><G132/><T35/><D104/><U125/><E125/><V76/><F76/><W88/><G86/><T96/><D35/><N who="1" m="13323" /><E62/><V92/><F92/><W45/><G45/><T16/><D38/><N who="1" m="21591" /><E108/><V97/><F97/><W39/><G39/><T41/><D41/><U66/><E66/><V12/><F106/><W50/><G127/><T20/><D46/><U128/><E128/><V58/><F105/><W73/><G73/><T1/><D1/><U47/><E47/><V54/><F67/><W0/><G50/><T65/><D65/><U112/><E112/><V119/><F70/><W40/><G40/><T19/><D64/><U134/><E134/><V72/><REACH who="2" step="1"/><F119/><REACH who="2" ten="110,238,262,380" step="2"/><W61/><G98/><T81/><D95/><U107/><E107/><V115/><F115/><W48/><G0/><T56/><D56/><U14/><E26/><V77/><F77/><W43/><G25/><N who="0" m="14471" /><D59/><U37/><E37/><V27/><F27/><W3/><G3/><T60/><D60/><AGARI ba="0,1" hai="4,10,12,21,23,54,58,60,72,79,80,89,93,99" machi="60" ten="30,2000,0" yaku="1,1,7,1,53,0" doraHai="13" doraHaiUra="83" who="2" fromWho="0" sc="110,-20,238,0,262,30,380,0" />
</Scene>
<Scene>
<INIT seed="6,0,0,5,0,122" ten="90,238,292,380" oya="2" hai0="57,7,105,1,77,52,118,70,15,5,23,89,74" hai1="124,34,71,26,121,37,29,50,106,56,13,99,75" hai2="28,117,81,58,3,36,112,103,51,66,32,76,33" hai3="101,93,73,39,135,114,35,42,87,111,131,2,104"/><V19/><F117/><W68/><G93/><T107/><D70/><U120/><E37/><V88/><F36/><W10/><G87/><T47/><D1/><U45/><E71/><V129/><F3/><W82/><G82/><T25/><D47/><U127/><E56/><V59/><F112/><W125/><G101/><T128/><D118/><U49/><E75/><V98/><F129/><W83/><G83/><T18/><D77/><U78/><E78/><V8/><F28/><W16/><G16/><T61/><D74/><U64/><E64/><V20/><F8/><W133/><G42/><T43/><D43/><N who="1" m="24767" /><E50/><V60/><F88/><W91/><G10/><T80/><D128/><U126/><E13/><V134/><F134/><W67/><G67/><T48/><D48/><U54/><E54/><V94/><F51/><W21/><G21/><T41/><D41/><U11/><E11/><V27/><REACH who="2" step="1"/><F59/><REACH who="2" ten="90,238,282,380" step="2"/><W86/><G91/><T63/><D61/><U0/><E0/><V62/><F62/><W30/><G30/><T38/><D38/><U12/><E12/><V102/><F102/><AGARI ba="0,1" hai="26,29,34,99,102,106,120,121,124,126,127" m="24767" machi="102" ten="40,1300,0" yaku="18,1" doraHai="122" who="1" fromWho="2" sc="90,0,238,23,282,-13,380,0" />
</Scene>
<Scene>
<INIT seed="7,0,0,5,1,45" ten="90,261,269,380" oya="3" hai0="3,112,85,20,92,104,84,56,96,71,82,23,108" hai1="86,121,1,128,52,79,14,2,16,29,63,103,115" hai2="42,100,74,122,34,113,97,127,31,95,109,43,77" hai3="129,17,60,80,30,27,55,105,12,83,99,87,107"/><W120/><G120/><T35/><D71/><U44/><E121/><V21/><F109/><W119/><G119/><T15/><D3/><U57/><E115/><V33/><F113/><W133/><G99/><T54/><D35/><U130/><E29/><V117/><F117/><W25/><G83/><T58/><D108/><U90/><E103/><V69/><F69/><W28/><G129/><N who="1" m="49770" /><E79/><V123/><F127/><W68/><G133/><T38/><D112/><U78/><E78/><V36/><F43/><W46/><G107/><T102/><D104/><U48/><E90/><V131/><F131/><W18/><G105/><T126/><D126/><U8/><E86/><V81/><F21/><N who="3" m="13495" /><G27/><T98/><D38/><U94/><E94/><V76/><F76/><N who="3" m="46471" /><G68/><T13/><D82/><U22/><E22/><V7/><F7/><W9/><G46/><T40/><D40/><AGARI ba="0,0" hai="1,2,8,14,16,40,44,48,52,57,63" m="49770" machi="40" ten="30,7700,0" yaku="19,1,52,1,54,2" doraHai="45" who="1" fromWho="0" sc="90,-77,261,77,269,0,380,0" owari="13,-49.0,338,14.0,269,-13.0,380,48.0" />
</Scene>
</mjloggm>