<mjloggm ver="2.3"><GO type="169" lobby="0"/><UN n0="%4E%61%72%75%6B%61" n1="%E3%81%B2%E3%81%90%E3%81%A1" n2="%E5%A4%AA%E3%81%8F%E3%81%AA%E3%81%84%E3%81%8A" n3="%6A%75%6D%70%2D%75%70" dan="16,18,17,17" rate="2113.65,2155.57,2159.57,2092.58" sx="F,M,M,M"/><TAIKYOKU oya="0"/>

<Scene>
<INIT seed="0,0,0,3,5,10" ten="250,250,250,250" oya="0" hai0="7,117,1,47,104,114,125,35,14,16,69,57,15" hai1="67,3,59,132,51,134,126,88,75,38,33,81,28" hai2="135,85,63,34,128,76,19,41,120,105,45,100,92" hai3="4,20,36,22,52,70,8,116,98,49,122,110,102"/><T58/><D117/><U39/><E3/><V118/><F120/><W124/><G116/><T71/><D104/><U115/><E126/><V99/><F118/><W61/><G124/><T94/><D94/><U107/><E107/><V106/><F34/><W12/><G36/><T24/><D47/><U31/><E115/><V43/><F135/><N who="1" m="51753" /><E51/><V89/><F128/><W56/><G110/><T37/><D15/><U44/><E44/><V54/><F106/><W27/><G122/><T108/><D125/><U86/><E75/><V91/><F76/><W95/><G27/><T129/><D129/><U32/><E28/><V74/><F74/><W13/><G13/><T18/><D18/><U55/><E55/><V2/><F2/><W78/><G78/><T26/><D26/><N who="1" m="18551" /><E33/><V17/><F41/><W131/><G131/><T82/><D37/><U77/><E77/><V84/><F54/><N who="3" m="33943" /><G70/><T42/><D42/><U93/><E93/><V101/><F63/><AGARI ba="0,0" hai="38,39,59,63,67,81,86,88" m="18551,51753" machi="63" ten="30,2000,0" yaku="20,1,54,1" doraHai="10" who="1" fromWho="2" sc="250,0,250,20,250,-20,250,0" />
</Scene>
<Scene>
<INIT seed="1,0,0,1,4,43" ten="250,270,230,250" oya="1" hai0="14,22,132,84,47,65,108,134,112,6,12,111,100" hai1="113,73,98,130,106,33,64,27,18,45,56,133,1" hai2="55,90,31,30,41,125,58,26,23,25,123,68,131" hai3="128,24,122,52,129,120,15,75,103,117,99,74,82"/><U94/><E73/><N who="3" m="27658" /><G15/><T93/><D65/><U69/><E1/><V20/><F123/><N who="3" m="47147" /><G24/><T105/><D84/><U49/><E113/><V37/><F125/><W40/><G40/><T63/><D93/><U70/><E106/><V50/><F131/><N who="3" m="50251" /><G52/><T3/><D63/><U17/><E130/><V38/><F68/><W7/><G7/><T53/><D6/><U81/><E70/><V39/><REACH who="2" step="1"/><F90/><REACH who="2" ten="250,270,220,250" step="2"/><W109/><G109/><T79/><D111/><U127/><E69/><V0/><F0/><W76/><G117/><T107/><D3/><U34/><E127/><V104/><F104/><W118/><G118/><T110/><D105/><U32/><E34/><V91/><F91/><W87/><G103/><T46/><D100/><U11/><E32/><V62/><F62/><W54/><G54/><T78/><D53/><U28/><E33/><V44/><AGARI ba="0,1" hai="20,23,25,26,30,31,37,38,39,41,44,50,55,58" machi="44" ten="30,7900,0" yaku="1,1,0,1,9,1,52,1,53,0" doraHai="43" doraHaiUra="96" who="2" fromWho="2" sc="250,-20,270,-39,220,89,250,-20" />
</Scene>
<Scene>
<INIT seed="2,0,0,0,3,126" ten="230,231,309,230" oya="2" hai0="81,41,77,118,18,60,108,54,119,64,61,88,38" hai1="107,24,66,105,1,19,10,23,113,117,90,97,96" hai2="51,9,110,98,102,2,22,29,25,106,103,73,17" hai3="42,0,21,43,3,100,35,76,12,104,46,121,123"/><V57/><F73/><W13/><G21/><T125/><D108/><U28/><E117/><N who="0" m="44553" /><D54/><U58/><E113/><V40/><F110/><W50/><G35/><T44/><D125/><U26/><E1/><V74/><F74/><W112/><G76/><T53/><D53/><U120/><E120/><V65/><F102/><W37/><G100/><T91/><D18/><U127/><E127/><V36/><F36/><W135/><G37/><T71/><D61/><U27/><E10/><V129/><F40/><W55/><G50/><T131/><D131/><U49/><E107/><V115/><F115/><W132/><G55/><T56/><D71/><U83/><E105/><V47/><F47/><W30/><G104/><T111/><D111/><U68/><E68/><V14/><F2/><W39/><G46/><T11/><D11/><U80/><E49/><V116/><F116/><W94/><G39/><T84/><AGARI ba="0,0" hai="38,41,44,56,60,64,77,81,84,88,91" m="44553" machi="84" ten="30,2000,0" yaku="12,1,54,1" doraHai="126" who="0" fromWho="0" sc="230,20,231,-5,309,-10,230,-5" />
</Scene>
<Scene>
<INIT seed="3,0,0,0,3,67" ten="250,226,299,225" oya="3" hai0="114,65,29,28,39,14,48,128,33,42,21,126,3" hai1="44,91,30,58,8,6,123,63,59,25,2,111,133" hai2="96,132,37,93,70,89,92,36,19,102,57,41,34" hai3="55,94,78,121,7,27,40,103,124,11,0,115,83"/><W130/><G121/><T82/><D128/><U4/><E123/><V122/><F122/><W125/><G130/><T116/><D126/><U105/><E105/><V127/><F34/><W80/><G115/><T56/><D33/><U77/><E77/><V118/><F118/><W85/><G80/><T113/><D3/><U31/><E111/><V60/><F127/><W32/><G55/><N who="0" m="31847" /><D82/><U99/><E4/><V98/><F132/><W117/><G117/><T109/><D109/><U64/><E133/><V95/><F70/><W20/><G32/><T18/><D116/><U119/><E119/><V107/><F19/><W134/><G134/><T54/><D54/><U10/><E10/><V131/><F131/><W12/><G40/><T35/><D35/><U79/><E79/><V15/><F15/><W112/><G0/><T62/><D29/><U129/><E129/><V108/><F108/><W90/><G103/><T26/><D14/><U52/><E44/><V73/><F73/><W22/><G112/><T23/><D23/><U51/><REACH who="1" step="1"/><E25/><REACH who="1" ten="250,216,299,225" step="2"/><V9/><F9/><W49/><G124/><T81/><D114/><U61/><E61/><V50/><F60/><W106/><G125/><T72/><D62/><U74/><E74/><V71/><F107/><W75/><G106/><T13/><D72/><U110/><E110/><V43/><F37/><W38/><G38/><T17/><D39/><U66/><E66/><V88/><F36/><W5/><G5/><T45/><D65/><U69/><E69/><V76/><F71/><W104/><G104/><T16/><D113/><U84/><E84/><RYUUKYOKU ba="0,1" sc="250,-10,216,30,299,-10,225,-10" hai1="2,6,8,30,31,51,52,58,59,63,64,91,99" />
</Scene>
<Scene>
<INIT seed="4,1,1,4,0,77" ten="240,246,289,215" oya="0" hai0="115,16,21,13,61,37,133,33,12,9,1,106,24" hai1="116,32,68,18,127,64,8,67,103,129,19,78,44" hai2="100,82,91,30,15,93,105,40,119,92,39,130,122" hai3="34,46,79,87,128,14,80,76,59,102,60,51,96"/><T2/><D106/><U63/><E116/><V0/><F0/><W113/><G128/><T36/><D61/><U29/><E67/><V108/><F108/><W62/><G113/><T48/><D48/><U31/><E127/><V112/><F122/><W89/><G34/><T6/><D115/><U57/><E68/><V99/><F112/><W23/><G60/><T10/><D133/><U98/><E78/><V47/><F130/><W58/><G58/><T17/><D37/><U41/><E129/><V135/><F135/><W131/><G131/><T83/><D83/><U101/><E101/><V11/><F119/><W126/><G126/><T7/><D36/><U104/><E32/><V120/><F120/><W121/><G121/><T75/><D75/><U72/><E72/><V88/><F30/><W125/><G125/><T107/><D107/><U28/><REACH who="1" step="1"/><E8/><REACH who="1" ten="240,236,289,215" step="2"/><V22/><F11/><W50/><G79/><T124/><D124/><U134/><E134/><V43/><F100/><W53/><G76/><T42/><D33/><U5/><E5/><N who="0" m="1545" /><D42/><U56/><E56/><V55/><F43/><W69/><G69/><T86/><D86/><U52/><E52/><V114/><F55/><W81/><G46/><T132/><D132/><U85/><E85/><V109/><F47/><W111/><G87/><T117/><D117/><U20/><E20/><V4/><F22/><W84/><G84/><T27/><D27/><U25/><E25/><V66/><F114/><W70/><G70/><T65/><D65/><U26/><E26/><V73/><F66/><W54/><G54/><T71/><D71/><RYUUKYOKU ba="1,2" sc="240,15,236,15,289,-15,215,-15" hai0="1,2,9,10,12,13,16,17,21,24" hai1="18,19,28,29,31,41,44,57,63,64,98,103,104" />
</Scene>
<Scene>
<INIT seed="4,2,2,2,0,24" ten="255,251,274,200" oya="0" hai0="50,3,23,113,128,103,52,47,26,55,121,115,93" hai1="15,80,95,7,70,0,44,86,134,66,30,5,4" hai2="31,92,90,81,17,65,51,89,32,85,84,76,135" hai3="34,78,110,45,79,73,106,57,2,74,16,96,124"/><T10/><D121/><U20/><E0/><V114/><F114/><N who="0" m="43530" /><D128/><U64/><E70/><V131/><F131/><W18/><G34/><T35/><D35/><U75/><E75/><V21/><F135/><W27/><G2/><T132/><D132/><U12/><E134/><V22/><F65/><N who="1" m="25193" /><E95/><V94/><F51/><W101/><G124/><T1/><D55/><U108/><E108/><V40/><F40/><W29/><G110/><T87/><D10/><U36/><E36/><V13/><F32/><W11/><G74/><T8/><D8/><U43/><E44/><V67/><F67/><W37/><G57/><T60/><D60/><U127/><E43/><V77/><F81/><W119/><G119/><T69/><D69/><U58/><E58/><V39/><F39/><W68/><G68/><T38/><D38/><U111/><E127/><V82/><F82/><W105/><G73/><T56/><D56/><U54/><E54/><V133/><F133/><W98/><G45/><T59/><D47/><U117/><E117/><V28/><F22/><W88/><G37/><T14/><D3/><U112/><E111/><V62/><F62/><W116/><G11/><T63/><D1/><U109/><E109/><V49/><F49/><W120/><G116/><T126/><D50/><U102/><E102/><V25/><F13/><N who="1" m="5193" /><E112/><V99/><F99/><W83/><G98/><N who="0" m="59855" /><D126/><U129/><E129/><V72/><F72/><W61/><G61/><T46/><D46/><U125/><E125/><V41/><F41/><W118/><G118/><T19/><D14/><U9/><E9/><V107/><F107/><RYUUKYOKU ba="2,2" sc="255,15,251,-15,274,15,200,-15" hai0="19,23,26,52,59,63,87" hai2="17,21,25,28,31,76,77,84,85,89,90,92,94" />
</Scene>
<Scene>
<INIT seed="4,3,2,1,5,40" ten="270,236,289,185" oya="0" hai0="50,115,91,44,114,59,46,71,11,108,73,67,58" hai1="82,24,43,20,128,87,56,51,4,12,33,63,60" hai2="22,77,116,66,35,5,9,126,62,31,0,105,130" hai3="68,8,6,27,131,84,107,86,90,79,125,129,13"/><T61/><D73/><U38/><E38/><V127/><F105/><W17/><G107/><T53/><D108/><U25/><E33/><V102/><F102/><W47/><G68/><T29/><D29/><U121/><E121/><V134/><F134/><W23/><G125/><N who="2" m="47625" /><F130/><W132/><G132/><T26/><D26/><U48/><E63/><V110/><F110/><W89/><G79/><T36/><D91/><N who="3" m="34825" /><G129/><T98/><D11/><N who="1" m="4199" /><E128/><V104/><F104/><W109/><G109/><T135/><D98/><U57/><E57/><N who="0" m="21513" /><D135/><U19/><E43/><AGARI ba="3,2" hai="36,43,44,46,50,53,61,67,71,114,115" m="21513" machi="43" ten="30,11600,0" yaku="34,2,52,2" doraHai="40" who="0" fromWho="1" sc="270,145,236,-125,289,0,185,0" />
</Scene>
<Scene>
<INIT seed="4,4,0,4,2,115" ten="415,111,289,185" oya="0" hai0="10,40,101,126,11,13,15,132,61,6,27,91,50" hai1="96,48,75,88,78,56,122,119,130,109,52,9,116" hai2="30,118,110,41,135,77,47,117,16,90,133,0,12" hai3="49,42,120,107,51,70,80,86,63,89,2,18,43"/><T79/><D132/><N who="2" m="50762" /><F110/><W105/><G2/><T74/><D91/><U69/><E69/><V55/><F0/><W123/><G18/><T14/><D101/><U81/><E122/><N who="3" m="46634" /><G63/><T85/><D61/><U67/><E67/><V103/><F77/><W26/><G26/><T73/><D27/><U1/><E109/><V38/><F103/><W58/><G70/><T87/><D15/><U21/><E130/><V131/><F131/><W23/><G23/><T4/><D126/><U39/><E39/><V66/><F30/><W124/><G124/><T113/><D113/><U82/><E21/><N who="2" m="11399" /><F66/><W22/><G22/><T37/><D79/><U111/><E111/><V19/><F19/><W31/><G31/><T83/><D37/><U64/><E64/><V34/><F34/><W93/><G58/><T35/><D40/><N who="3" m="15401" /><G93/><T59/><D59/><U102/><E1/><V44/><F90/><W32/><G32/><T7/><D35/><U53/><E53/><V28/><F28/><W94/><G94/><T54/><D7/><U33/><E33/><V71/><F71/><W57/><G57/><T128/><D54/><U76/><E9/><V62/><F62/><W72/><G72/><T8/><D8/><U29/><E29/><V108/><F108/><W106/><AGARI ba="4,0" hai="49,51,80,86,89,105,106,107" m="15401,46634" machi="106" ten="40,1500,0" yaku="13,1" doraHai="115" who="3" fromWho="3" sc="415,-11,111,-8,289,-8,185,27" />
</Scene>
<Scene>
<INIT seed="5,0,0,1,0,67" ten="404,103,281,212" oya="1" hai0="45,106,54,15,72,94,110,69,16,19,43,31,130" hai1="53,68,125,66,117,71,75,12,121,55,14,134,128" hai2="60,57,30,101,131,96,11,103,4,109,97,129,26" hai3="23,100,5,88,59,87,35,3,90,92,107,2,79"/><U119/><E75/><V36/><F36/><W133/><G35/><T85/><D106/><U51/><E121/><V132/><F109/><W61/><G133/><T56/><D31/><U83/><E83/><V82/><F132/><W122/><G122/><T32/><D19/><U17/><E134/><V78/><F97/><N who="3" m="59431" /><G3/><T42/><D42/><U22/><E66/><N who="2" m="39183" /><F11/><W93/><G2/><T58/><D45/><U24/><E125/><V81/><F4/><W70/><G70/><T108/><D43/><U33/><E128/><N who="2" m="49227" /><F78/><W113/><G107/><T111/><D32/><U21/><E33/><N who="2" m="20695" /><F103/><W114/><G5/><T20/><D130/><U95/><E95/><AGARI ba="0,0" hai="81,82,95,96,101" m="20695,49227,39183" machi="95" ten="30,1000,0" yaku="19,1" doraHai="67" who="2" fromWho="1" sc="404,0,103,-10,281,10,212,0" />
</Scene>
<Scene>
<INIT seed="6,0,0,2,1,130" ten="404,93,291,212" oya="2" hai0="126,49,7,77,76,113,69,101,26,102,110,94,107" hai1="40,13,127,74,85,25,129,44,33,17,11,114,112" hai2="10,53,84,0,23,24,60,66,75,6,48,131,80" hai3="65,118,61,96,39,27,15,117,28,86,92,43,32"/><V67/><F75/><W56/><G86/><T121/><D110/><U106/><E74/><V8/><F131/><W125/><G125/><T109/><D109/><U122/><E106/><V47/><F10/><W123/><G123/><T97/><D126/><U59/><E127/><V4/><F4/><W29/><G29/><T128/><D69/><U82/><E129/><V9/><F9/><W87/><G87/><T3/><D49/><U71/><E71/><V95/><F95/><W120/><G120/><T52/><D52/><U62/><E122/><V14/><F0/><W42/><G15/><T111/><D26/><U18/><E33/><V78/><REACH who="2" step="1"/><F60/><REACH who="2" ten="404,93,281,212" step="2"/><W55/><G61/><T104/><D128/><U54/><E112/><V135/><F135/><W20/><G92/><T12/><D3/><U133/><E114/><V21/><F21/><W79/><G20/><T31/><D113/><U91/><E133/><V22/><F22/><W100/><G32/><T36/><D7/><U93/><E93/><V73/><F73/><W57/><G117/><T124/><D94/><U72/><E72/><V41/><F41/><W83/><G42/><T30/><D121/><U90/><E25/><V64/><F64/><W63/><G65/><T2/><D2/><U89/><REACH who="1" step="1"/><E18/><AGARI ba="0,1" hai="6,8,14,18,23,24,47,48,53,66,67,78,80,84" machi="18" ten="30,5800,0" yaku="1,1,7,1,8,1,53,0" doraHai="130" doraHaiUra="105" who="2" fromWho="1" sc="404,0,93,-58,281,68,212,0" />
</Scene>
<Scene>
<INIT seed="6,1,0,2,1,79" ten="404,35,349,212" oya="2" hai0="112,103,78,9,67,105,30,17,75,7,129,16,61" hai1="48,21,60,20,23,74,36,68,26,0,117,107,71" hai2="132,96,43,55,50,19,52,133,131,88,106,42,121" hai3="123,64,28,91,97,49,6,47,86,90,32,125,93"/><V108/><F121/><W54/><G125/><T92/><D129/><U113/><E26/><V12/><F131/><W72/><G123/><T1/><D105/><U124/><E60/><V99/><F108/><W73/><G6/><T51/><D51/><U25/><E25/><V56/><F106/><W135/><G135/><N who="2" m="51785" /><F55/><W126/><G126/><T35/><D112/><U31/><E48/><V128/><F128/><W109/><G109/><T13/><D30/><U29/><E21/><N who="2" m="11495" /><F99/><W45/><G64/><T85/><D35/><U81/><E74/><V114/><F114/><W102/><G28/><T115/><D75/><U83/><E124/><V24/><F24/><W77/><G32/><T89/><D115/><U5/><E113/><V15/><F15/><W94/><G73/><T22/><D17/><U80/><E107/><V134/><N who="2" m="51793" /><V4/><DORA hai="8" /><F4/><W3/><G3/><T40/><D1/><U104/><E104/><V53/><F53/><W100/><G72/><T10/><D7/><U95/><E5/><V38/><F38/><W127/><G127/><T98/><D40/><U66/><E36/><V101/><F101/><W122/><G122/><T57/><D103/><U65/><E0/><V33/><F33/><W82/><G47/><T41/><D41/><U44/><E44/><V119/><F119/><W46/><G45/><T27/><D27/><U111/><E111/><V84/><F96/><W39/><G39/><T18/><D18/><U76/><E117/><V69/><F69/><W62/><G62/><T70/><D70/><U87/><E71/><V130/><F130/><RYUUKYOKU ba="1,0" sc="404,10,35,-30,349,10,212,10" hai0="9,10,13,16,22,57,61,67,78,85,89,92,98" hai2="42,43,50,52,56,84,88" hai3="46,49,54,77,82,86,90,91,93,94,97,100,102" />
</Scene>
<Scene>
<INIT seed="6,2,0,4,0,23" ten="414,5,359,222" oya="2" hai0="27,95,15,75,116,134,105,70,92,53,3,122,52" hai1="50,102,56,117,24,107,114,119,46,81,83,0,30" hai2="5,21,85,17,16,14,25,57,38,84,77,73,6" hai3="99,8,82,19,127,39,13,79,101,12,51,49,26"/><V1/><F38/><W67/><G39/><T29/><D122/><U42/><E0/><V10/><F73/><W45/><G67/><T128/><D3/><U55/><E117/><V78/><F57/><W89/><G89/><T129/><D134/><U47/><E119/><V33/><F33/><W111/><G111/><T40/><D15/><U97/><E114/><V91/><F84/><W104/><G127/><T93/><D40/><U100/><E100/><V80/><F1/><W130/><G130/><N who="0" m="50283" /><D70/><U43/><E56/><V135/><F135/><W22/><G49/><T113/><D113/><U74/><E74/><V58/><F58/><W124/><G124/><T59/><D59/><U76/><E76/><AGARI ba="2,0" hai="5,6,10,14,16,17,21,25,76,77,78,80,85,91" machi="76" ten="40,7700,0" yaku="8,1,52,1,54,1" doraHai="23" who="2" fromWho="1" sc="414,0,5,-83,359,83,222,0" owari="414,21.0,-78,-58.0,442,55.0,222,-18.0" />
</Scene>
</mjloggm>