<mjloggm ver="2.3"><GO type="169" lobby="0"/><UN n0="%E5%A5%88%E8%90%BD%E3%81%AE%E7%8E%8B" n1="%63%68%75%62%75%37%34" n2="%E5%A4%AA%E3%81%8F%E3%81%AA%E3%81%84%E3%81%8A" n3="%79%6F%73%68%69%67%69" dan="16,16,17,16" rate="2113.57,2094.66,2183.82,2101.11" sx="M,M,M,M"/><TAIKYOKU oya="0"/>

<Scene>
<INIT seed="0,0,0,2,2,117" ten="250,250,250,250" oya="0" hai0="98,35,114,47,62,122,45,134,108,109,14,68,132" hai1="64,112,54,118,119,125,66,127,1,34,4,37,25" hai2="100,95,59,126,123,17,89,19,18,11,70,15,29" hai3="67,130,20,84,120,41,93,21,2,49,55,80,36"/><T43/><D35/><U97/><E37/><V104/><F70/><W65/><G2/><T52/><D98/><U94/><E112/><V42/><F126/><N who="1" m="48137" /><E54/><V0/><F0/><W79/><G130/><T60/><D14/><U26/><E4/><V57/><F29/><W86/><G21/><T22/><D22/><U102/><E1/><V91/><F42/><W27/><G36/><T16/><D16/><N who="2" m="6250" /><F104/><W44/><G41/><T83/><D83/><U76/><E76/><V33/><F33/><W78/><G120/><T53/><D43/><U24/><E34/><V28/><F28/><W87/><G87/><T105/><D105/><U115/><E115/><V96/><F123/><W99/><G86/><T113/><REACH who="0" step="1"/><D68/><REACH who="0" ten="240,250,250,250" step="2"/><U7/><E7/><V48/><F15/><W71/><G71/><T72/><D72/><U85/><E85/><V9/><F19/><N who="3" m="12703" /><G79/><T8/><D8/><U90/><E102/><AGARI ba="0,1" hai="44,49,55,65,67,78,80,84,93,99,102" m="12703" machi="102" ten="30,1000,0" yaku="8,1" doraHai="117" who="3" fromWho="1" sc="240,0,250,-10,250,0,250,20" />
</Scene>
<Scene>
<INIT seed="1,0,0,1,1,11" ten="240,240,250,270" oya="1" hai0="111,34,44,68,51,19,98,106,101,62,41,6,67" hai1="50,113,17,78,65,124,13,100,27,64,116,49,37" hai2="54,121,82,25,36,92,48,99,125,134,55,96,95" hai3="85,110,9,126,21,128,58,26,30,61,15,10,42"/><U57/><E37/><V112/><F36/><W81/><G110/><T80/><D111/><U3/><E3/><V108/><F108/><W0/><G126/><T122/><D122/><U107/><E113/><V103/><F121/><W130/><G0/><T18/><D6/><U69/><E116/><V16/><F125/><W133/><G133/><T88/><REACH who="0" step="1"/><D34/><REACH who="0" ten="230,240,250,270" step="2"/><U45/><E124/><V123/><F123/><W1/><G130/><T56/><D56/><U129/><E69/><V102/><F134/><W105/><G128/><T31/><D31/><U20/><E129/><V75/><F112/><W76/><G1/><T120/><D120/><U115/><E115/><V131/><F131/><W43/><G105/><T87/><AGARI ba="0,1" hai="18,19,41,44,51,62,67,68,80,87,88,98,101,106" machi="87" ten="30,4000,0" yaku="1,1,0,1,54,1,53,0" doraHai="11" doraHaiUra="8" who="0" fromWho="0" sc="230,50,240,-20,250,-10,270,-10" />
</Scene>
<Scene>
<INIT seed="2,0,0,1,0,28" ten="280,220,240,260" oya="2" hai0="132,120,70,128,88,46,60,21,119,104,97,26,42" hai1="95,17,38,3,15,106,13,69,65,86,23,36,71" hai2="10,34,54,76,25,83,5,1,84,47,14,103,94" hai3="77,89,123,80,85,24,56,30,93,53,90,57,130"/><V87/><F1/><W39/><G123/><T41/><D120/><U61/><E3/><V133/><F133/><W134/><G134/><T131/><D132/><U8/><E106/><V72/><F103/><W109/><G109/><T117/><D60/><U29/><E69/><V111/><F111/><W68/><G130/><N who="0" m="49707" /><D70/><U27/><E15/><V121/><F121/><W98/><G68/><T32/><D32/><U78/><E78/><V92/><F72/><W62/><G39/><N who="0" m="21823" /><D42/><U64/><E64/><V31/><REACH who="2" step="1"/><F87/><REACH who="2" ten="280,220,230,260" step="2"/><W102/><REACH who="3" step="1"/><G57/><REACH who="3" ten="280,220,230,250" step="2"/><T99/><D119/><U45/><REACH who="1" step="1"/><E45/><REACH who="1" ten="280,210,230,250" step="2"/><V126/><F126/><W124/><G124/><T0/><D117/><U127/><E127/><V58/><F58/><W82/><G82/><T63/><D0/><U19/><E19/><V18/><F18/><W37/><G37/><T122/><D122/><U22/><E22/><AGARI ba="0,3" hai="22,24,30,53,56,62,77,80,85,89,90,93,98,102" machi="22" ten="30,7700,0" yaku="1,1,7,1,8,1,53,1" doraHai="28" doraHaiUra="81" who="3" fromWho="1" sc="280,0,210,-77,230,0,250,107" />
</Scene>
<Scene>
<INIT seed="3,0,0,3,2,113" ten="280,133,230,357" oya="3" hai0="17,13,83,82,12,81,33,100,131,116,54,126,11" hai1="76,69,53,71,129,15,104,127,4,97,39,8,58" hai2="44,50,10,123,68,23,26,79,105,20,121,25,29" hai3="75,128,92,19,22,61,59,31,94,7,67,49,30"/><W48/><G75/><T80/><D33/><U43/><E129/><V60/><F105/><W102/><G128/><T56/><D131/><U111/><E111/><V1/><F79/><W91/><G7/><T135/><D135/><U0/><E127/><V86/><F86/><W32/><G32/><T74/><D126/><U134/><E134/><V55/><F1/><W47/><G102/><T66/><D100/><U73/><E15/><V5/><F68/><W119/><G119/><T93/><D93/><U89/><E89/><V98/><F98/><W64/><G64/><T78/><D66/><U118/><E58/><V133/><F60/><W63/><G63/><T14/><REACH who="0" step="1"/><D116/><REACH who="0" ten="270,133,230,357" step="2"/><U24/><E118/><V37/><F133/><W122/><G94/><T96/><D96/><U101/><E53/><V72/><F55/><N who="3" m="30111" /><G122/><T99/><D99/><U41/><E41/><V112/><F123/><W38/><G38/><T3/><D3/><U125/><E125/><V85/><F37/><W42/><G42/><T6/><D6/><U51/><E51/><AGARI ba="0,1" hai="11,12,13,14,17,51,54,56,74,78,80,81,82,83" machi="51" ten="40,1300,0" yaku="1,1,53,0" doraHai="113" doraHaiUra="95" who="0" fromWho="1" sc="270,23,133,-13,230,0,357,0" />
</Scene>
<Scene>
<INIT seed="4,0,0,0,1,93" ten="293,120,230,357" oya="0" hai0="3,119,57,123,101,85,83,21,60,28,80,52,74" hai1="94,108,121,68,120,130,48,61,7,31,13,45,84" hai2="135,131,10,26,51,109,35,4,40,126,124,24,0" hai3="79,128,41,134,92,103,32,59,44,66,125,116,36"/><T19/><D119/><U63/><E108/><V49/><F109/><W95/><G116/><T58/><D3/><U118/><E118/><V2/><F135/><W70/><G125/><N who="2" m="48233" /><F131/><W76/><G134/><T1/><D1/><U38/><E38/><V86/><F2/><W104/><G128/><T75/><D123/><U106/><E130/><V98/><F86/><W15/><G92/><T23/><D101/><U14/><E106/><V96/><F40/><W129/><G95/><T132/><D132/><U112/><E68/><V50/><F35/><W22/><G129/><T78/><D83/><U107/><E107/><V82/><F82/><W34/><G70/><T56/><D75/><U62/><E112/><V115/><F115/><W29/><G34/><T65/><D74/><U5/><E31/><V20/><F26/><W72/><G32/><T16/><D28/><AGARI ba="0,0" hai="0,4,10,20,24,28,49,50,51,96,98" m="48233" machi="28" ten="30,3900,0" yaku="18,1,52,2" doraHai="93" who="2" fromWho="0" sc="293,-39,120,0,230,39,357,0" />
</Scene>
<Scene>
<INIT seed="5,0,0,2,4,91" ten="254,120,269,357" oya="1" hai0="76,102,92,52,73,67,111,109,7,26,95,10,56" hai1="105,116,28,107,94,89,42,18,113,36,61,50,43" hai2="80,129,96,55,127,15,104,47,5,30,88,98,54" hai3="114,130,70,22,121,66,0,120,77,132,108,20,87"/><U82/><E36/><V72/><F127/><W23/><G108/><T115/><D67/><U38/><E38/><V37/><F129/><W118/><G0/><T12/><D102/><U90/><E116/><V69/><F69/><W117/><G70/><T131/><D131/><U106/><E28/><V44/><F30/><W64/><G130/><T81/><D115/><U84/><E113/><V133/><F133/><W103/><G114/><T60/><REACH who="0" step="1"/><D26/><REACH who="0" ten="244,120,269,357" step="2"/><U3/><E3/><V99/><F104/><W134/><G103/><T9/><D9/><U62/><E18/><V34/><F5/><W53/><G66/><T45/><D45/><U125/><E125/><V6/><F44/><W124/><G64/><T78/><D78/><U123/><E123/><V110/><F47/><W14/><G124/><T79/><D79/><U119/><E119/><V29/><F6/><W46/><G118/><T33/><D33/><U74/><E74/><V40/><F72/><W93/><G117/><T21/><D21/><U1/><E1/><V86/><F34/><W65/><G65/><T75/><D75/><U2/><E2/><V41/><F29/><W16/><G77/><T17/><D17/><U35/><E35/><V57/><F110/><AGARI ba="0,1" hai="7,10,12,52,56,60,73,76,81,92,95,109,110,111" machi="110" ten="40,8000,1" yaku="1,1,52,2,54,1,53,0" doraHai="91" doraHaiUra="25" who="0" fromWho="2" sc="244,90,120,0,269,-80,357,0" />
</Scene>
<Scene>
<INIT seed="6,0,0,4,0,22" ten="334,120,189,357" oya="2" hai0="34,114,80,85,28,89,30,111,7,50,81,31,123" hai1="90,10,86,69,65,36,77,133,88,119,2,6,4" hai2="0,29,11,112,128,104,25,3,68,83,57,45,110" hai3="61,17,52,27,79,32,82,35,124,15,135,51,118"/><V19/><F68/><W87/><G118/><T106/><D123/><U26/><E36/><V1/><F104/><W72/><G135/><T16/><D111/><U127/><E119/><V109/><F45/><W5/><G124/><T18/><D106/><U125/><E133/><V47/><F47/><W44/><G5/><T70/><D70/><U129/><E129/><V116/><F116/><W84/><G61/><T58/><D34/><U33/><E6/><V14/><F83/><W76/><G27/><T63/><D7/><U42/><E42/><V100/><F100/><W103/><G103/><T75/><D50/><U24/><E33/><N who="2" m="20655" /><F57/><W64/><G64/><T126/><D126/><N who="1" m="48139" /><E77/><V13/><F128/><W74/><G74/><T130/><D130/><U121/><E90/><V120/><F120/><W21/><G72/><T41/><D41/><U108/><E108/><N who="2" m="41579" /><F14/><W59/><G59/><T134/><D134/><U115/><E121/><V132/><F132/><W94/><G94/><T99/><D80/><AGARI ba="0,0" hai="15,17,21,32,35,44,51,52,76,79,80,82,84,87" machi="80" ten="40,2600,0" yaku="9,1,54,1" doraHai="22" who="3" fromWho="0" sc="334,-26,120,0,189,0,357,26" />
</Scene>
<Scene>
<INIT seed="7,0,0,4,3,118" ten="308,120,189,383" oya="3" hai0="115,66,100,12,91,124,70,88,73,89,29,55,33" hai1="40,9,20,119,81,76,65,68,87,90,19,58,60" hai2="122,21,28,26,16,102,109,113,48,83,46,96,63" hai3="11,57,37,79,25,95,32,17,6,135,49,34,129"/><W59/><G37/><T31/><D73/><U92/><E119/><V134/><F109/><W133/><G79/><T56/><D124/><U51/><E9/><V130/><F113/><W22/><G129/><T106/><D115/><U4/><E4/><V101/><F130/><W23/><G23/><T30/><D12/><U69/><E69/><V105/><F134/><N who="3" m="51211" /><G95/><T127/><D127/><U13/><E40/><V0/><F0/><N who="3" m="455" /><G49/><T128/><D128/><U41/><E41/><V27/><F101/><W103/><G103/><T75/><D75/><U116/><E116/><V98/><F98/><W94/><G94/><T7/><D7/><U85/><E68/><V35/><F63/><W117/><G117/><T110/><D110/><U50/><REACH who="1" step="1"/><E65/><REACH who="1" ten="308,110,189,383" step="2"/><V24/><F122/><W2/><G2/><T78/><D66/><U62/><E62/><V104/><F104/><W120/><G120/><T121/><D121/><U97/><E97/><V112/><F46/><W14/><G34/><T64/><D64/><U43/><E43/><V131/><F131/><W39/><G39/><T42/><D42/><U108/><E108/><V132/><F132/><W36/><G36/><T107/><D70/><U15/><E15/><V74/><F96/><W126/><G126/><T125/><D125/><U114/><E114/><V82/><F112/><W61/><G61/><T1/><D1/><U72/><E72/><V38/><F74/><W45/><G14/><T67/><D67/><U5/><E5/><V111/><F38/><W44/><G32/><T3/><D3/><U53/><AGARI ba="0,1" hai="13,19,20,50,51,53,58,60,76,81,85,87,90,92" machi="53" ten="20,8000,1" yaku="1,1,0,1,7,1,8,1,53,1" doraHai="118" doraHaiUra="52" who="1" fromWho="1" sc="308,-20,110,90,189,-20,383,-40" owari="288,9.0,200,-20.0,169,-33.0,343,44.0" />
</Scene>
</mjloggm>