<mjloggm ver="2.3"><GO type="169" lobby="0"/><UN n0="%E3%81%AB%E3%81%9B%E6%82%9F%E7%A9%BA" n1="%7A%6B%75%72%74" n2="%E5%A4%AA%E3%81%8F%E3%81%AA%E3%81%84%E3%81%8A" n3="%E3%83%A4%E3%82%AD%E3%83%B3" dan="16,18,18,16" rate="2154.55,2214.53,2200.95,2132.88" sx="M,M,M,M"/><TAIKYOKU oya="0"/>

<Scene>
<INIT seed="0,0,0,2,1,92" ten="250,250,250,250" oya="0" hai0="72,44,62,84,113,94,36,121,77,99,70,47,71" hai1="8,38,67,110,0,46,82,66,63,21,53,75,134" hai2="35,54,65,29,89,115,31,78,108,88,34,76,13" hai3="81,14,23,57,127,4,107,128,12,10,58,68,1"/><T32/><D121/><U122/><E122/><V124/><F65/><W40/><G68/><T30/><D113/><U69/><E134/><V112/><F13/><W48/><G107/><T22/><D72/><U125/><E125/><V85/><F85/><W61/><G128/><T119/><D32/><U6/><E67/><V102/><F102/><W45/><G127/><T9/><D119/><U80/><E110/><V42/><F124/><W116/><G116/><T114/><D114/><U105/><E105/><V49/><F49/><W118/><G118/><T52/><D9/><U135/><E135/><V129/><F54/><W60/><G81/><N who="0" m="47151" /><D36/><U101/><E101/><V15/><F15/><W100/><G100/><N who="0" m="60535" /><D70/><U90/><E21/><V120/><F120/><W64/><G23/><T109/><D71/><U39/><E75/><V106/><F106/><W20/><G20/><T86/><D86/><U117/><E117/><V41/><REACH who="2" step="1"/><F108/><REACH who="2" ten="250,250,240,250" step="2"/><W5/><G5/><T126/><D126/><U27/><E53/><AGARI ba="0,1" hai="1,4,10,12,14,40,45,48,53,57,58,60,61,64" machi="53" ten="30,1000,0" yaku="7,1" doraHai="92" who="3" fromWho="1" sc="250,0,250,-10,240,0,250,20" />
</Scene>
<Scene>
<INIT seed="1,0,0,0,0,120" ten="250,240,240,270" oya="1" hai0="113,33,65,46,90,96,44,101,115,25,67,123,14" hai1="87,93,119,95,81,116,20,94,58,126,37,72,79" hai2="132,29,45,62,61,69,118,89,107,124,100,22,8" hai3="16,91,127,106,53,129,92,109,9,13,41,3,63"/><U78/><E37/><V60/><F118/><W24/><G106/><T108/><D123/><U7/><E7/><V122/><F122/><W80/><G3/><T57/><D90/><U54/><E20/><V55/><F107/><W15/><G127/><T50/><D14/><U2/><E2/><V75/><F100/><W51/><G129/><T26/><D96/><U131/><E126/><V49/><F75/><W4/><G24/><T52/><D101/><U36/><E36/><V102/><F102/><W17/><G109/><T135/><D135/><U0/><E0/><V134/><F124/><W76/><G63/><T121/><D121/><U104/><E131/><V1/><F69/><W30/><G30/><T11/><D11/><U27/><E27/><V84/><F22/><W117/><G117/><T125/><D125/><U39/><E39/><V48/><F29/><W66/><G66/><T83/><D83/><U85/><E104/><V47/><F8/><W111/><G41/><T103/><D103/><U10/><E10/><V99/><F99/><W32/><G32/><T112/><D33/><U43/><E43/><V6/><F6/><W130/><G130/><T18/><D18/><U86/><REACH who="1" step="1"/><E79/><REACH who="1" ten="250,230,240,270" step="2"/><V12/><F1/><W77/><G77/><T31/><D31/><U40/><E40/><V110/><F132/><W38/><G38/><T56/><D113/><U42/><E42/><N who="2" m="24631" /><F134/><W128/><G128/><T35/><D35/><U82/><E82/><N who="2" m="49303" /><F12/><W114/><G114/><T70/><D115/><U133/><E133/><V71/><F71/><W34/><G15/><T23/><D70/><RYUUKYOKU ba="0,1" sc="250,-15,230,15,240,15,270,-15" hai1="54,58,72,78,81,85,86,87,93,94,95,116,119" hai2="47,49,55,60,61,62,110" />
</Scene>
<Scene>
<INIT seed="1,1,1,1,2,42" ten="235,245,255,255" oya="1" hai0="51,2,133,33,60,36,107,22,82,0,35,104,86" hai1="123,111,31,57,85,59,75,4,23,114,99,19,54" hai2="29,135,16,108,9,28,65,88,80,132,52,15,34" hai3="11,106,92,81,61,77,64,49,112,50,127,113,119"/><U120/><E75/><V30/><F65/><W129/><G106/><N who="0" m="40491" /><D60/><U72/><E72/><V115/><F108/><W71/><G127/><T131/><D51/><U87/><E114/><V37/><F37/><W41/><G129/><T93/><D22/><U74/><E74/><V126/><F126/><W116/><G92/><T66/><D66/><U73/><E73/><V62/><F115/><W105/><G105/><T18/><D18/><U40/><E111/><V89/><F34/><N who="0" m="12810" /><D93/><U8/><E31/><V124/><F124/><W95/><G95/><T68/><D86/><U12/><E40/><V76/><F76/><W7/><G50/><T56/><D56/><U79/><E59/><N who="2" m="35175" /><F80/><W47/><G116/><T122/><D82/><U134/><E79/><V24/><F24/><W94/><G94/><T1/><D122/><U84/><E120/><V21/><F21/><W125/><G119/><T98/><D98/><U78/><E123/><V121/><F121/><W48/><G125/><T130/><D36/><U46/><E78/><V3/><F3/><W103/><G49/><T101/><D101/><U38/><E23/><V26/><F26/><W14/><G103/><T55/><D68/><U90/><E38/><V67/><F67/><W25/><G25/><T39/><D39/><U45/><E4/><V13/><F13/><W44/><G44/><T128/><D55/><U69/><E69/><V97/><F97/><W10/><G10/><T58/><D58/><U109/><E99/><V102/><F102/><W20/><G20/><T53/><D53/><U96/><E96/><V100/><F100/><RYUUKYOKU ba="1,1" sc="235,10,245,-30,255,10,255,10" hai0="0,1,2,128,130,131,133" hai2="9,15,16,28,29,30,88,89,132,135" hai3="7,11,14,41,47,48,61,64,71,77,81,112,113" />
</Scene>
<Scene>
<INIT seed="2,2,1,3,3,29" ten="245,215,265,265" oya="2" hai0="27,119,114,120,49,43,8,89,116,18,30,115,59" hai1="128,93,15,134,60,70,124,74,23,45,82,48,107" hai2="19,28,69,131,95,46,11,121,51,68,96,97,73" hai3="38,4,79,127,26,72,102,36,2,57,41,14,100"/><V75/><F121/><W125/><G14/><N who="0" m="7495" /><D89/><U98/><E107/><V92/><F28/><W132/><G57/><T50/><D43/><U21/><E124/><N who="3" m="47690" /><G26/><T55/><D50/><U122/><E122/><V1/><F131/><W78/><G132/><T90/><D90/><U76/><E128/><V81/><F81/><N who="3" m="45255" /><G79/><T9/><D9/><U53/><E134/><V62/><F62/><W52/><G52/><N who="0" m="32143" /><D120/><U65/><REACH who="1" step="1"/><E15/><REACH who="1" ten="245,205,265,265" step="2"/><V37/><F1/><W88/><G2/><T3/><D3/><U0/><E0/><V94/><F97/><W7/><G4/><T32/><D55/><U71/><E71/><V87/><F96/><W108/><G7/><T56/><D56/><U104/><E104/><V83/><F69/><W16/><G41/><T84/><D84/><U61/><E61/><V123/><F68/><W103/><G108/><T130/><D130/><U67/><E67/><V135/><F123/><W126/><G126/><T39/><D39/><U25/><E25/><V99/><F37/><W33/><G38/><T109/><D109/><U17/><E17/><V31/><F135/><W47/><G16/><T24/><D27/><U80/><E80/><V35/><F83/><W66/><G66/><T64/><D64/><U110/><E110/><V133/><F133/><W118/><G36/><T111/><D111/><U13/><E13/><N who="2" m="7615" /><F87/><W77/><G118/><AGARI ba="2,2" hai="24,30,32,114,115,116,118,119" m="32143,7495" machi="118" ten="30,3900,0" yaku="12,1,52,1,54,1" doraHai="29" who="0" fromWho="3" sc="245,65,205,0,265,0,265,-45" />
</Scene>
<Scene>
<INIT seed="3,0,0,3,0,64" ten="310,205,265,220" oya="3" hai0="54,34,80,58,75,11,121,65,66,31,10,59,125" hai1="73,91,51,79,21,94,83,128,49,47,132,120,95" hai2="107,101,16,78,68,36,25,71,62,84,87,85,22" hai3="19,98,57,82,130,2,104,81,14,35,77,42,23"/><W45/><G2/><T33/><D121/><U96/><E120/><V127/><F36/><W61/><G35/><T8/><D125/><U124/><E124/><V41/><F127/><W18/><G130/><T108/><D108/><U135/><E128/><V122/><F122/><W29/><G29/><T63/><D31/><U129/><E129/><V6/><F41/><W17/><G104/><T52/><D80/><U102/><E21/><V133/><F133/><N who="1" m="51273" /><E47/><V134/><F134/><W43/><G98/><AGARI ba="0,0" hai="49,51,73,79,83,91,94,95,96,98,102" m="51273" machi="98" ten="30,1000,0" yaku="20,1" doraHai="64" who="1" fromWho="3" sc="310,0,205,10,265,0,220,-10" />
</Scene>
<Scene>
<INIT seed="4,0,0,2,5,134" ten="310,215,265,210" oya="0" hai0="49,3,80,2,58,81,11,76,51,33,93,108,65" hai1="123,127,31,122,103,62,42,22,132,114,9,131,106" hai2="32,77,30,107,10,55,67,73,18,117,110,54,83" hai3="97,89,101,0,128,35,68,36,133,86,50,37,15"/><T53/><D33/><U14/><E132/><V115/><F110/><W126/><G0/><T17/><D108/><U57/><E131/><V111/><F111/><W109/><G109/><T61/><D93/><U19/><E42/><V48/><F107/><W47/><G68/><T38/><D38/><U45/><E45/><V119/><F67/><W87/><G128/><T39/><D39/><U78/><E78/><V98/><F98/><W79/><G35/><T26/><D51/><U21/><E114/><V25/><F115/><W121/><G133/><T102/><D102/><U90/><E103/><V74/><F74/><W60/><G60/><T75/><D81/><U66/><E106/><V43/><F43/><W44/><G79/><T6/><D17/><U92/><E31/><V24/><F48/><W70/><G70/><T112/><D26/><U5/><E22/><N who="2" m="13399" /><F10/><W82/><G87/><T120/><D112/><U94/><E94/><V12/><F12/><W27/><G15/><T130/><D130/><U7/><E7/><V113/><F113/><W41/><G121/><T56/><D120/><U46/><E46/><V95/><F95/><N who="3" m="58559" /><G27/><T1/><AGARI ba="0,0" hai="1,2,3,6,11,49,53,56,58,61,65,75,76,80" machi="1" ten="20,2100,0" yaku="0,1,7,1" doraHai="134" who="0" fromWho="0" sc="310,21,215,-7,265,-7,210,-7" />
</Scene>
<Scene>
<INIT seed="4,1,0,0,3,12" ten="331,208,258,203" oya="0" hai0="82,90,50,111,66,24,108,52,125,13,2,106,11" hai1="58,51,123,41,87,57,34,100,53,83,35,105,65" hai2="5,129,33,126,84,69,28,36,17,38,77,121,94" hai3="92,114,56,1,7,124,122,73,3,47,115,85,74"/><T67/><D106/><U107/><E123/><V6/><F69/><W72/><G122/><T27/><D2/><U55/><E65/><N who="0" m="24585" /><D125/><U76/><E41/><V128/><F121/><W86/><G124/><T15/><D15/><U59/><E59/><V60/><F60/><W32/><G56/><T96/><D96/><U95/><E95/><V64/><F64/><W54/><G32/><T62/><D62/><U132/><E132/><V23/><F126/><W101/><G101/><T49/><D49/><U9/><E9/><V120/><F120/><W116/><G116/><T45/><D111/><U29/><E29/><V79/><F28/><W16/><G7/><T19/><D108/><U118/><E118/><V99/><F33/><W75/><G75/><T48/><D48/><U25/><E25/><V71/><F71/><W22/><G54/><T134/><D134/><U97/><E105/><V40/><F40/><W110/><G47/><T80/><D80/><U42/><E42/><V113/><F94/><W68/><G68/><T0/><D0/><N who="3" m="73" /><G92/><T44/><D44/><U39/><E39/><V8/><F38/><W127/><G127/><T46/><D46/><U70/><E70/><V112/><F36/><W93/><G110/><T31/><D31/><U43/><E43/><V63/><F63/><AGARI ba="1,0" hai="34,35,51,53,55,57,58,63,76,83,87,97,100,107" machi="63" ten="30,1000,0" yaku="7,1" doraHai="12" who="1" fromWho="2" sc="331,0,208,13,258,-13,203,0" />
</Scene>
<Scene>
<INIT seed="5,0,0,3,0,109" ten="331,221,245,203" oya="1" hai0="34,79,99,1,31,77,122,127,116,9,81,62,91" hai1="96,64,17,113,52,61,71,42,126,76,97,65,26" hai2="11,102,120,132,14,68,2,133,95,20,129,15,21" hai3="100,63,32,69,22,67,108,0,80,44,88,36,50"/><U45/><E126/><V70/><F102/><W28/><G108/><T107/><D116/><U110/><E110/><V128/><F95/><W119/><G0/><T59/><D127/><U4/><E65/><V118/><F118/><W47/><G32/><T6/><D122/><U84/><E4/><N who="2" m="1431" /><F68/><W89/><G119/><T112/><D112/><U43/><E113/><V66/><F66/><W72/><G100/><T54/><D31/><U3/><E3/><V58/><F58/><W73/><G36/><T104/><D34/><U41/><E76/><V23/><F70/><W27/><G47/><T130/><D130/><N who="2" m="50282" /><F120/><W10/><G10/><T53/><D53/><U12/><E84/><V48/><F48/><W93/><G80/><T106/><D99/><U55/><E55/><V98/><F98/><W46/><G46/><T39/><D39/><U29/><E52/><V94/><F94/><W60/><G60/><T115/><D115/><U101/><E45/><V35/><F35/><W78/><G78/><T123/><D123/><U7/><E101/><V134/><AGARI ba="0,0" hai="14,15,20,21,23,132,133,134" m="50282,1431" machi="134" ten="40,8000,1" yaku="20,1,19,1,34,2" doraHai="109" who="2" fromWho="2" sc="331,-20,221,-40,245,80,203,-20" />
</Scene>
<Scene>
<INIT seed="6,0,0,5,4,105" ten="311,181,325,183" oya="2" hai0="102,118,108,44,94,92,47,81,107,19,24,126,29" hai1="58,27,16,52,33,87,97,17,130,76,13,91,10" hai2="96,109,0,62,39,74,84,6,30,90,131,2,38" hai3="86,106,99,5,78,57,20,25,80,55,70,61,41"/><V125/><F30/><W77/><G70/><T4/><D108/><U79/><E130/><V43/><F96/><W112/><G112/><T32/><D126/><U119/><E119/><V45/><F39/><W21/><G41/><T75/><D4/><U8/><E33/><V14/><F131/><W51/><G5/><T46/><D118/><U66/><E66/><V115/><F115/><W116/><G116/><T53/><D19/><U122/><E122/><V127/><F62/><W56/><G78/><T88/><D107/><U28/><E28/><V59/><F59/><W18/><G21/><T93/><D102/><U37/><E37/><V26/><F26/><W83/><G83/><T121/><D121/><U72/><E72/><V42/><F42/><W65/><G106/><T133/><D133/><U34/><E34/><V69/><F69/><W120/><G120/><T49/><REACH who="0" step="1"/><D88/><REACH who="0" ten="301,181,325,183" step="2"/><U82/><E97/><AGARI ba="0,1" hai="18,20,25,51,55,56,57,61,65,77,80,86,97,99" machi="97" ten="40,1300,0" yaku="8,1" doraHai="105" who="3" fromWho="1" sc="301,0,181,-13,325,0,183,23" />
</Scene>
<Scene>
<INIT seed="7,0,0,0,5,135" ten="301,168,325,206" oya="3" hai0="0,63,38,31,115,73,103,120,1,42,87,18,83" hai1="88,84,23,35,62,40,57,61,121,130,60,50,70" hai2="13,116,129,82,37,96,19,11,36,122,67,134,66" hai3="123,49,71,92,28,69,48,100,8,76,99,53,51"/><W24/><G123/><T125/><D120/><U22/><E35/><V112/><F122/><W91/><G76/><T109/><D109/><U46/><E121/><V16/><F116/><W95/><G8/><T94/><D31/><U104/><E104/><V81/><F134/><W4/><G4/><T128/><D128/><U32/><E32/><V124/><F129/><W132/><G132/><T78/><D115/><U119/><E130/><V7/><F112/><W101/><G53/><T86/><D38/><U15/><E119/><V65/><F124/><W64/><G64/><T17/><D125/><U56/><E70/><V108/><F108/><W90/><G71/><T45/><D63/><U14/><E23/><V126/><F126/><W25/><G69/><T34/><D34/><U52/><E57/><V47/><F37/><W117/><G117/><T26/><D45/><U131/><E131/><V133/><F133/><W77/><G77/><T27/><D42/><U33/><E33/><V80/><F96/><W41/><G41/><T29/><D29/><U44/><E44/><V74/><F74/><W10/><G10/><T113/><D113/><U12/><E22/><V106/><F106/><W39/><G39/><T3/><D103/><N who="3" m="39497" /><G28/><T55/><D55/><U75/><E75/><V111/><F111/><W105/><G105/><T110/><D110/><U21/><E21/><V93/><F36/><W59/><G59/><T97/><D97/><AGARI ba="0,0" hai="24,25,48,49,51,90,91,92,95,97,99" m="39497" machi="97" ten="30,1500,0" yaku="8,1" doraHai="135" who="3" fromWho="0" sc="301,-15,168,0,325,0,206,15" />
</Scene>
<Scene>
<INIT seed="7,1,0,2,5,66" ten="286,168,325,221" oya="3" hai0="96,109,22,99,77,61,92,110,121,25,123,14,16" hai1="111,63,9,8,51,29,75,116,67,128,27,49,65" hai2="105,46,36,20,79,10,80,69,42,0,12,95,55" hai3="57,91,45,59,33,101,125,52,120,94,43,108,37"/><W86/><G120/><T39/><D39/><U112/><E111/><N who="0" m="42505" /><D77/><U127/><E75/><N who="2" m="43135" /><F105/><W2/><G125/><T85/><D85/><U119/><E127/><V54/><F69/><W34/><G2/><T64/><D64/><U100/><E100/><V24/><F12/><W113/><G113/><T47/><D47/><U132/><E112/><V93/><F54/><W5/><G5/><T74/><D61/><U17/><E132/><V18/><F55/><W6/><G6/><AGARI ba="1,0" hai="0,6,10,18,20,24,36,42,46,93,95" m="43135" machi="6" ten="30,1000,0" yaku="25,1" doraHai="66" who="2" fromWho="3" sc="286,0,168,0,325,13,221,-13" owari="286,9.0,168,-33.0,338,43.0,208,-19.0" />
</Scene>
</mjloggm>