<mjloggm ver="2.3"><GO type="169" lobby="0"/><UN n0="%E3%81%8A%E7%9F%A5%E3%82%89%E3%81%9B" n1="%E6%B8%8B%E8%B0%B7%E3%81%AE%64%6F%76%65" n2="%E6%9D%BE%E5%B1%8B%E3%81%8A%E3%81%98%E3%81%95%E3%82%93" n3="%E5%A4%AA%E3%81%8F%E3%81%AA%E3%81%84%E3%81%8A" dan="17,16,18,18" rate="2133.36,2115.15,2164.98,2201.15" sx="M,F,M,M"/><TAIKYOKU oya="0"/>

<Scene>
<INIT seed="0,0,0,2,3,127" ten="250,250,250,250" oya="0" hai0="72,32,95,5,66,14,4,84,50,83,109,86,19" hai1="82,126,117,93,125,133,31,39,2,18,81,41,70" hai2="26,103,128,68,105,7,87,114,67,85,76,29,37" hai3="116,56,9,113,36,1,115,22,25,42,75,96,100"/><T119/><D119/><U57/><E117/><V122/><F37/><W77/><G116/><T40/><D32/><U111/><E70/><V135/><F7/><N who="3" m="1263" /><G56/><T80/><D72/><U69/><E69/><V92/><F92/><W90/><G90/><T15/><D109/><U38/><E111/><V54/><F122/><W35/><G35/><T34/><D34/><U33/><E2/><V10/><F85/><W99/><G22/><T78/><D66/><U89/><E133/><V110/><F87/><W63/><G63/><T43/><D95/><U130/><E18/><V27/><F10/><W12/><G12/><T62/><D62/><U65/><E57/><V20/><F20/><W91/><G25/><T44/><D43/><U24/><E65/><V64/><F27/><W23/><G23/><N who="0" m="11767" /><D15/><U71/><E71/><V88/><F26/><W8/><G8/><T52/><D40/><U13/><E13/><V28/><F28/><W48/><G75/><T49/><D49/><U47/><E38/><V6/><F29/><W61/><G48/><T30/><D30/><U106/><E125/><V108/><F6/><W73/><G61/><T58/><D58/><U134/><E126/><V55/><F68/><W74/><G74/><T45/><D45/><U94/><E89/><AGARI ba="0,0" hai="4,5,44,50,52,78,80,83,84,86,89" m="11767" machi="89" ten="30,2900,0" yaku="8,1,54,1" doraHai="127" who="0" fromWho="1" sc="250,29,250,-29,250,0,250,0" />
</Scene>
<Scene>
<INIT seed="0,1,0,3,4,12" ten="279,221,250,250" oya="0" hai0="37,8,77,112,90,95,126,105,91,33,121,109,16" hai1="83,115,18,50,6,38,93,127,21,118,129,110,46" hai2="49,4,116,84,114,56,48,134,27,23,123,62,41" hai3="101,71,54,130,36,60,82,5,79,125,135,89,64"/><T99/><D33/><U67/><E118/><V10/><F114/><W74/><G36/><T2/><D37/><U72/><E115/><V128/><F123/><W39/><G39/><T76/><D112/><U113/><E113/><V107/><F107/><W22/><G101/><T103/><D121/><U15/><E38/><V24/><F134/><W31/><G135/><T63/><D126/><U44/><E127/><V102/><F102/><W30/><G125/><T34/><D34/><U133/><E133/><V20/><F128/><W1/><G130/><T45/><D2/><U25/><E129/><V32/><F32/><W35/><G35/><T75/><D75/><U57/><E110/><V104/><F104/><W98/><G54/><T3/><D3/><U88/><E72/><V122/><F41/><W87/><G98/><T96/><D109/><U0/><E83/><V69/><F69/><W51/><G51/><T80/><D45/><U81/><E81/><V19/><F84/><W40/><G40/><T11/><D11/><N who="1" m="4599" /><E0/><V59/><F116/><W106/><G106/><T55/><D80/><U73/><E73/><V119/><F119/><W66/><G74/><T9/><D9/><U17/><E17/><N who="2" m="12303" /><F122/><W92/><G1/><T43/><D43/><U68/><E68/><V14/><F59/><W29/><G71/><T7/><D7/><U78/><E78/><V52/><AGARI ba="1,0" hai="4,10,14,19,23,27,48,49,52,56,62" m="12303" machi="52" ten="30,7900,0" yaku="8,1,52,2,54,1" doraHai="12" who="2" fromWho="2" sc="279,-40,221,-21,250,82,250,-21" />
</Scene>
<Scene>
<INIT seed="1,0,0,4,1,102" ten="239,200,332,229" oya="1" hai0="84,97,11,48,68,72,112,99,76,118,0,92,79" hai1="51,87,71,19,66,69,117,108,3,123,70,90,23" hai2="37,41,93,13,8,105,28,46,60,126,49,134,56" hai3="132,7,101,30,25,17,110,21,122,80,67,22,29"/><U120/><E3/><V53/><F126/><W115/><G122/><T127/><D68/><U100/><E117/><V77/><F77/><W95/><G115/><T65/><D65/><U16/><E66/><V63/><F134/><W62/><G132/><T38/><D38/><U55/><E100/><V128/><F28/><W33/><G110/><T34/><D34/><U15/><E19/><V32/><F32/><W26/><G7/><T133/><D48/><U42/><E42/><V57/><F128/><W43/><G43/><T86/><D11/><U45/><REACH who="1" step="1"/><E108/><REACH who="1" ten="239,190,332,229" step="2"/><V104/><F41/><W82/><G17/><T124/><D0/><U73/><E73/><V75/><F75/><W31/><G31/><T4/><D72/><U5/><E5/><V12/><F37/><W91/><G33/><T1/><D4/><U121/><E121/><V54/><F54/><W24/><G101/><T27/><D1/><U131/><E131/><V129/><F53/><W106/><G29/><T9/><D118/><U36/><E36/><V88/><F129/><W2/><G2/><T6/><D133/><U64/><E64/><V98/><F12/><W52/><G52/><T85/><D6/><U61/><E61/><V113/><F60/><W35/><G35/><T130/><D130/><U39/><E39/><V116/><F63/><W125/><G30/><T111/><D111/><U10/><E10/><V83/><F13/><W59/><G62/><T135/><D9/><U114/><E114/><V44/><F8/><W107/><G67/><T119/><D112/><U18/><E18/><V78/><F113/><RYUUKYOKU ba="0,1" sc="239,-10,190,30,332,-10,229,-10" hai1="15,16,23,45,51,55,69,70,71,87,90,120,123" />
</Scene>
<Scene>
<INIT seed="1,1,1,0,1,87" ten="229,220,322,219" oya="1" hai0="26,69,38,0,78,21,71,116,103,45,12,93,37" hai1="105,20,88,129,27,81,43,73,8,47,68,10,83" hai2="75,113,3,101,15,16,50,59,100,84,66,85,110" hai3="127,48,1,123,104,53,89,51,91,109,29,62,52"/><U94/><E105/><V114/><F75/><W90/><G123/><T122/><D0/><U60/><E129/><V7/><F7/><W133/><G1/><T79/><D122/><U18/><E68/><V77/><F3/><W125/><G104/><T98/><D12/><U96/><E60/><N who="2" m="38175" /><F50/><N who="3" m="18987" /><G29/><T39/><D45/><U40/><E73/><V126/><F110/><W31/><G31/><T46/><D46/><U58/><E58/><V106/><F126/><N who="3" m="48139" /><G109/><T36/><D116/><U64/><E64/><V5/><F5/><W119/><G119/><T54/><D54/><N who="3" m="21097" /><G62/><T120/><D120/><U61/><E61/><V11/><F106/><W115/><G133/><T86/><D37/><U92/><E47/><V34/><F34/><W57/><G57/><T2/><D2/><U74/><E74/><V121/><F121/><W17/><G17/><T44/><D44/><U32/><E32/><V135/><F16/><W49/><N who="3" m="18995" /><W99/><DORA hai="56" /><G115/><T95/><D38/><U112/><E112/><V70/><F135/><W63/><G63/><T131/><D39/><U22/><E18/><V41/><F15/><W118/><G118/><T65/><D36/><U30/><E30/><V130/><F113/><W23/><G23/><T33/><D21/><U67/><E67/><V14/><F14/><W134/><G134/><T4/><D65/><U117/><E117/><V9/><F114/><W25/><G25/><T6/><D26/><U35/><E35/><V102/><F9/><W19/><G19/><T55/><D33/><U72/><E27/><V28/><F28/><W111/><G111/><RYUUKYOKU ba="1,1" sc="229,-10,220,-10,322,-10,219,30" hai3="89,90,91,99" />
</Scene>
<Scene>
<INIT seed="2,2,1,4,2,42" ten="219,210,312,249" oya="2" hai0="126,12,39,102,47,71,55,127,89,5,58,62,15" hai1="131,134,17,70,104,122,68,92,14,57,96,67,44" hai2="45,91,19,95,112,3,74,120,60,75,21,106,73" hai3="27,32,10,80,29,72,99,59,53,116,121,111,117"/><V41/><F112/><W51/><G121/><T35/><D35/><U6/><E104/><V24/><F120/><W13/><G111/><T31/><D31/><U16/><E122/><V28/><F106/><W87/><G99/><T64/><D102/><U130/><E134/><V94/><F3/><W26/><G72/><T8/><D89/><U61/><E6/><V129/><F129/><N who="1" m="49161" /><E44/><V76/><F76/><W79/><REACH who="3" step="1"/><G26/><REACH who="3" ten="219,210,312,239" step="2"/><T34/><D34/><U135/><E135/><V101/><F74/><W90/><G90/><T65/><D126/><U2/><E2/><V43/><F91/><W25/><G25/><T54/><D127/><U36/><E36/><V11/><F73/><W22/><G22/><T115/><D39/><U119/><E119/><V83/><F75/><W123/><G123/><T113/><D113/><U85/><E85/><V56/><F21/><W40/><G40/><T98/><D115/><U118/><E118/><V88/><F24/><W69/><G69/><N who="1" m="26730" /><E14/><V37/><F37/><W4/><AGARI ba="2,2" hai="4,10,13,27,29,32,51,53,59,79,80,87,116,117" machi="4" ten="20,2700,0" yaku="1,1,0,1,7,1,53,0" doraHai="42" doraHaiUra="38" who="3" fromWho="3" sc="219,-9,210,-9,312,-15,239,53" />
</Scene>
<Scene>
<INIT seed="3,0,0,2,4,48" ten="210,201,297,292" oya="3" hai0="129,22,6,134,62,65,79,49,81,126,107,35,14" hai1="132,101,33,74,20,50,42,8,114,125,63,109,58" hai2="28,115,72,131,83,96,9,122,29,27,41,46,51" hai3="71,103,3,78,85,16,24,66,23,60,73,111,32"/><W90/><G3/><T19/><D107/><U25/><E33/><V106/><F115/><W93/><G111/><T7/><D129/><U2/><E74/><V64/><F64/><W34/><REACH who="3" step="1"/><G103/><REACH who="3" ten="210,201,297,282" step="2"/><T116/><D116/><U77/><E2/><V99/><F131/><W102/><G102/><T61/><D134/><U68/><E101/><V86/><F122/><W13/><G13/><T39/><D14/><U54/><E109/><V37/><F27/><W95/><G95/><T127/><D127/><U18/><E25/><V40/><F83/><AGARI ba="0,1" hai="16,23,24,32,34,60,66,71,73,78,83,85,90,93" machi="83" ten="40,3900,0" yaku="1,1,54,1,53,0" doraHai="48" doraHaiUra="124" who="3" fromWho="2" sc="210,0,201,0,297,-39,282,49" />
</Scene>
<Scene>
<INIT seed="3,1,0,1,3,29" ten="210,201,258,331" oya="3" hai0="40,85,5,66,130,103,13,59,73,100,21,8,26" hai1="52,106,17,118,93,114,69,105,71,46,19,88,30" hai2="84,15,101,128,57,1,45,2,24,65,50,70,54" hai3="116,96,111,60,20,126,78,83,44,68,95,89,76"/><W4/><G116/><T135/><D73/><U23/><E114/><V61/><F128/><W86/><G126/><T41/><D130/><U134/><E118/><V6/><F101/><W121/><G121/><T109/><D109/><U104/><E134/><V7/><F24/><W55/><G4/><T0/><D0/><U51/><E30/><V35/><F35/><W123/><G123/><T75/><D75/><U43/><E43/><N who="0" m="16457" /><D85/><U49/><E49/><V48/><F6/><W122/><G122/><T91/><D91/><U80/><E80/><V33/><F33/><W129/><G129/><T18/><D135/><U117/><E117/><V3/><F15/><W82/><G111/><T115/><D115/><U112/><E112/><V74/><F74/><W120/><G120/><T90/><D90/><U99/><REACH who="1" step="1"/><E17/><REACH who="1" ten="210,191,258,331" step="2"/><V58/><F50/><W92/><G82/><T32/><D18/><U36/><E36/><V9/><F48/><W107/><G83/><T28/><D28/><U67/><E67/><V37/><F65/><W64/><G64/><T98/><D66/><U27/><AGARI ba="1,1" hai="19,23,27,46,51,52,69,71,88,93,99,104,105,106" machi="27" ten="30,7900,0" yaku="1,1,0,1,54,2,53,0" doraHai="29" doraHaiUra="132" who="1" fromWho="1" sc="210,-21,191,92,258,-21,331,-40" />
</Scene>
<Scene>
<INIT seed="4,0,0,0,3,70" ten="189,283,237,291" oya="0" hai0="20,120,104,71,109,100,56,40,83,5,22,116,119" hai1="73,110,117,134,14,59,91,111,10,113,115,77,23" hai2="112,35,131,27,18,75,28,80,135,47,99,39,54" hai3="92,38,48,130,129,105,7,25,55,0,53,2,89"/><T67/><D71/><U68/><E68/><V16/><F112/><N who="1" m="43081" /><E117/><V37/><F99/><W49/><G105/><T6/><D120/><U19/><E134/><V69/><F69/><W84/><G25/><T13/><D100/><U97/><E59/><V43/><F39/><W88/><G7/><T62/><D104/><U103/><E91/><V17/><F135/><W85/><G92/><T41/><D109/><U108/><E10/><V12/><F54/><W87/><G87/><T72/><D72/><U51/><E51/><V50/><F50/><W118/><REACH who="3" step="1"/><G38/><REACH who="3" ten="189,283,237,281" step="2"/><T44/><D5/><U52/><E110/><V34/><F34/><W31/><G31/><T132/><D6/><U9/><E108/><V32/><F32/><W64/><G64/><T74/><D132/><U127/><E111/><V126/><F27/><W95/><G95/><T94/><D94/><U102/><E73/><V86/><F75/><W8/><G8/><T125/><D74/><U26/><E9/><V123/><F28/><W124/><G124/><T15/><D125/><U29/><E127/><V106/><F35/><W82/><G82/><T101/><D83/><U11/><E97/><V122/><F126/><W60/><G60/><T128/><D67/><U114/><E114/><V76/><F106/><W36/><G36/><T66/><D66/><U24/><E24/><V107/><F107/><W45/><G45/><T21/><D62/><U121/><E26/><V57/><F47/><W133/><G133/><T90/><D44/><U65/><E65/><V4/><F4/><W93/><G93/><T63/><D63/><RYUUKYOKU ba="0,1" sc="189,-10,283,-10,237,-10,281,30" hai3="0,2,48,49,53,55,84,85,88,89,118,129,130" />
</Scene>
<Scene>
<INIT seed="5,1,1,4,0,46" ten="179,273,227,311" oya="1" hai0="52,118,86,59,90,105,69,131,74,124,110,19,35" hai1="53,89,92,99,123,0,29,119,112,91,26,84,33" hai2="62,18,114,67,37,71,100,39,51,25,5,16,47" hai3="85,45,14,76,94,81,106,88,1,120,96,27,65"/><U4/><E119/><V132/><F5/><W135/><G1/><T72/><D69/><U13/><E123/><V38/><F100/><W128/><G120/><T75/><D118/><U57/><E0/><V9/><F132/><W23/><G135/><T48/><D110/><U3/><E3/><V17/><F114/><W117/><G117/><T6/><D124/><U41/><E41/><V83/><F83/><W103/><G128/><T61/><D131/><U73/><E73/><V28/><F9/><W60/><G14/><T54/><D105/><U32/><E112/><V30/><REACH who="2" step="1"/><F25/><REACH who="2" ten="179,273,217,311" step="2"/><W101/><G106/><T107/><D107/><U10/><E26/><V125/><F125/><W129/><G129/><T126/><D126/><U8/><E10/><V109/><F109/><W93/><G93/><T24/><D6/><U20/><E8/><V87/><F87/><W121/><G121/><T56/><D24/><U111/><E111/><V50/><F50/><W115/><G115/><T77/><D77/><U55/><E4/><V7/><F7/><W36/><G27/><T70/><D19/><U133/><E133/><V12/><F12/><W58/><G23/><T66/><D35/><U34/><E13/><V21/><F21/><W15/><G15/><T78/><D78/><U44/><E20/><V134/><F134/><W97/><G97/><T68/><REACH who="0" step="1"/><D66/><REACH who="0" ten="169,273,217,311" step="2"/><U79/><E79/><V127/><F127/><W2/><G2/><T104/><D104/><U63/><E33/><V43/><AGARI ba="1,3" hai="16,17,18,28,30,37,38,39,43,47,51,62,67,71" machi="43" ten="40,8000,1" yaku="1,1,0,1,52,1,54,1,53,0" doraHai="46" doraHaiUra="22" who="2" fromWho="2" sc="169,-21,273,-41,217,113,311,-21" />
</Scene>
<Scene>
<INIT seed="6,0,0,0,4,100" ten="148,232,330,290" oya="2" hai0="64,18,82,123,74,71,122,78,86,28,15,45,26" hai1="20,43,4,10,40,24,121,55,73,84,47,113,126" hai2="57,103,81,83,134,91,61,62,112,120,36,105,17" hai3="132,48,25,6,33,34,21,111,41,42,96,22,95"/><V51/><F36/><W131/><G6/><T127/><D127/><U117/><E73/><V94/><F120/><W115/><G111/><T67/><D45/><U104/><E104/><V102/><F112/><W23/><G115/><T68/><D74/><U109/><E113/><V107/><F51/><W11/><G11/><T30/><D30/><U85/><E109/><V125/><F17/><W76/><G76/><T106/><D106/><N who="2" m="40458" /><F57/><W66/><G66/><T135/><D64/><U77/><E117/><V31/><F31/><W32/><G25/><T69/><D67/><U38/><E126/><V65/><F65/><W119/><G119/><T2/><D123/><U72/><E121/><V50/><F50/><W101/><G48/><T1/><D122/><U12/><E55/><V49/><F49/><W19/><G19/><T3/><D71/><U5/><E5/><V130/><F125/><W27/><G27/><T46/><D69/><U108/><E108/><V128/><F134/><W79/><G132/><T70/><D135/><U92/><E43/><V63/><F91/><W118/><G118/><T8/><D46/><U80/><E92/><V53/><F53/><W129/><G42/><T93/><D28/><AGARI ba="0,0" hai="4,10,12,20,24,28,38,40,47,72,77,80,84,85" machi="28" ten="30,1000,0" yaku="7,1" doraHai="100" who="1" fromWho="0" sc="148,-10,232,10,330,0,290,0" />
</Scene>
<Scene>
<INIT seed="7,0,0,4,3,57" ten="138,242,330,290" oya="3" hai0="2,110,85,118,32,30,6,47,36,123,81,7,56" hai1="31,76,54,10,51,26,95,25,97,27,78,48,24" hai2="90,102,11,117,15,70,60,16,84,1,43,12,38" hai3="0,80,87,29,49,53,101,41,121,134,107,77,22"/><W115/><G121/><T119/><D123/><U55/><E10/><V129/><F117/><W82/><G0/><T40/><D110/><U20/><E48/><V64/><F102/><W99/><G41/><T28/><D32/><U69/><E69/><V73/><F73/><W105/><G115/><T42/><D2/><U17/><E31/><V68/><F68/><W35/><G35/><T67/><D56/><U131/><E131/><V39/><F129/><W89/><G134/><T34/><D34/><U106/><E106/><V52/><F1/><W128/><G128/><T50/><D47/><N who="1" m="28031" /><E55/><V114/><F114/><W79/><G107/><T108/><D50/><U63/><E63/><V44/><F15/><W8/><G8/><T13/><D13/><U126/><E126/><V135/><F135/><W93/><G82/><T46/><D81/><U132/><E132/><V100/><F100/><AGARI ba="0,0" hai="17,20,24,25,26,27,76,78,95,97,100" m="28031" machi="100" ten="30,1000,0" yaku="8,1" doraHai="57" who="1" fromWho="2" sc="138,0,242,10,330,-10,290,0" owari="138,-36.0,252,-15.0,320,42.0,290,9.0" />
</Scene>
</mjloggm>