<mjloggm ver="2.3"><GO type="169" lobby="0"/><UN n0="%E5%A4%AA%E3%81%8F%E3%81%AA%E3%81%84%E3%81%8A" n1="%72%69%6F%75%63%68%61%6E" n2="%E3%81%84%E3%81%AA%E3%81%8B%EF%BC%99" n3="%6E%65%75%74%72%6F%6E" dan="17,17,16,16" rate="2209.74,2098.48,2107.42,2187.00" sx="M,M,M,F"/><TAIKYOKU oya="0"/>

<Scene>
<INIT seed="0,0,0,2,3,81" ten="250,250,250,250" oya="0" hai0="73,8,76,85,100,28,15,27,44,70,12,63,135" hai1="114,133,72,93,11,46,43,3,67,36,30,45,65" hai2="89,59,47,38,58,42,104,25,16,17,22,34,102" hai3="78,10,82,112,92,14,111,109,106,123,97,91,5"/><T35/><D73/><U126/><E72/><V101/><F34/><W116/><G112/><T113/><D113/><U51/><E114/><V61/><F59/><W95/><G116/><T88/><D76/><U60/><E126/><V48/><F38/><W31/><G31/><T125/><D125/><U13/><E133/><V121/><F104/><W128/><G128/><T20/><D135/><U69/><E67/><V131/><F121/><W0/><G123/><T127/><D127/><U68/><E3/><V29/><F131/><W119/><G119/><T117/><D117/><U53/><E30/><V84/><F17/><W7/><G92/><T24/><D100/><U96/><E69/><V115/><F29/><W23/><G106/><T87/><D44/><U129/><E129/><V21/><F21/><W41/><G41/><T99/><D70/><U124/><E124/><V132/><F132/><W56/><G56/><T62/><D35/><U105/><E105/><V37/><F37/><W75/><G23/><T107/><D107/><U33/><E33/><V79/><F79/><W18/><REACH who="3" step="1"/><G0/><REACH who="3" ten="250,250,250,240" step="2"/><T134/><D134/><U9/><E13/><V118/><F118/><W2/><G2/><T120/><D120/><U39/><E36/><V71/><F115/><W74/><G74/><T40/><D40/><U52/><REACH who="1" step="1"/><E53/><REACH who="1" ten="250,240,250,240" step="2"/><N who="2" m="33999" /><F71/><W86/><G86/><N who="0" m="32779" /><D15/><U77/><E77/><V32/><F32/><W94/><G94/><AGARI ba="0,2" hai="16,22,25,42,47,48,84,89,94,101,102" m="33999" machi="94" ten="30,3900,0" yaku="8,1,52,1,54,1" doraHai="81" who="2" fromWho="3" sc="250,0,240,0,250,59,240,-39" />
</Scene>
<Scene>
<INIT seed="1,0,0,5,3,99" ten="250,240,309,201" oya="1" hai0="131,57,3,8,97,26,48,15,22,71,124,20,46" hai1="49,115,52,60,133,108,51,106,17,118,58,59,114" hai2="11,72,80,85,126,28,98,61,19,21,94,41,128" hai3="47,66,24,112,29,88,69,14,73,67,12,31,10"/><U40/><E118/><V75/><F126/><W135/><G73/><T91/><D71/><U44/><E106/><V38/><F38/><W64/><G112/><N who="1" m="43050" /><E17/><V78/><F41/><W30/><G69/><T50/><D3/><U127/><E127/><V92/><F75/><W130/><G130/><T65/><D124/><U95/><E95/><V5/><F28/><W102/><G135/><T54/><D131/><U109/><E133/><V4/><F72/><W23/><G47/><T45/><D91/><U70/><E70/><V134/><F128/><W105/><G88/><T42/><D97/><U81/><E81/><V53/><F11/><W87/><G87/><T117/><D117/><U89/><E89/><N who="2" m="55567" /><F94/><W116/><G116/><T35/><D35/><U101/><E101/><V93/><F93/><W7/><G105/><T76/><D76/><U110/><E58/><N who="2" m="35023" /><F134/><W129/><G129/><T13/><D8/><U6/><E6/><V9/><F9/><W55/><G55/><T123/><D54/><U90/><E90/><V27/><AGARI ba="0,0" hai="4,5,19,21,27,78,80,85" m="35023,55567" machi="27" ten="30,2000,0" yaku="25,1,8,1" doraHai="99" who="2" fromWho="2" sc="250,-5,240,-10,309,20,201,-5" />
</Scene>
<Scene>
<INIT seed="2,0,0,0,0,65" ten="245,230,329,196" oya="2" hai0="100,26,68,121,21,7,51,120,48,66,105,8,77" hai1="52,28,40,128,127,124,23,55,46,56,9,17,119" hai2="117,109,89,36,94,134,61,58,114,80,42,135,97" hai3="50,103,67,98,57,116,75,78,62,118,0,39,87"/><V110/><F117/><W44/><G0/><T13/><D77/><U83/><E119/><V10/><F114/><W95/><G39/><T60/><D100/><U16/><E128/><V112/><F112/><W6/><G75/><T3/><D105/><U47/><E83/><V90/><F10/><W113/><G113/><T91/><D3/><U45/><E40/><V1/><F1/><W19/><G6/><T106/><D106/><U33/><E9/><V74/><F42/><W126/><G126/><N who="1" m="48170" /><E33/><V37/><F74/><W92/><G19/><N who="1" m="7242" /><E56/><V49/><F49/><W30/><G30/><T122/><REACH who="0" step="1"/><D91/><REACH who="0" ten="235,230,329,196" step="2"/><U15/><E15/><V34/><F89/><W4/><G78/><T131/><D131/><U32/><E32/><V54/><F34/><W115/><G115/><T14/><D14/><U101/><E101/><V76/><F36/><W129/><G129/><T73/><D73/><U132/><E132/><V41/><F134/><W108/><G103/><T69/><D69/><U79/><E79/><V12/><F12/><W104/><G104/><T43/><D43/><U84/><E84/><N who="2" m="48135" /><F135/><W25/><G87/><T93/><D93/><U64/><E23/><V85/><F85/><W72/><G72/><T2/><D2/><U102/><E102/><V11/><F11/><W20/><G20/><T53/><D53/><U82/><E82/><V35/><F35/><W27/><G118/><T29/><AGARI ba="0,1" hai="7,8,13,21,26,29,48,51,60,66,68,120,121,122" machi="29" ten="30,4000,0" yaku="1,1,0,1,52,1,53,0" doraHai="65" doraHaiUra="86" who="0" fromWho="0" sc="235,50,230,-10,329,-20,196,-10" />
</Scene>
<Scene>
<INIT seed="3,0,0,1,3,21" ten="285,220,309,186" oya="3" hai0="63,47,100,27,23,92,85,50,66,29,67,87,86" hai1="22,41,4,17,124,91,57,128,49,119,112,58,20" hai2="75,90,45,89,108,68,25,60,46,55,99,52,73" hai3="53,11,107,106,26,34,65,103,125,93,3,43,116"/><W71/><G43/><T70/><D67/><U117/><E112/><V37/><F68/><W7/><G53/><T120/><D120/><U35/><E35/><V9/><F9/><W40/><G93/><T82/><D100/><U44/><E124/><V51/><F37/><W80/><G40/><T10/><D10/><U30/><E128/><V98/><F60/><N who="3" m="40359" /><G80/><T110/><D92/><U115/><E115/><V133/><F108/><W135/><G125/><T39/><D39/><U127/><E127/><V8/><F8/><W96/><G107/><T81/><REACH who="0" step="1"/><D110/><REACH who="0" ten="275,220,309,186" step="2"/><U104/><E119/><V123/><F123/><W79/><G116/><T83/><D83/><U56/><E117/><V129/><F129/><W36/><G36/><T6/><D6/><U84/><E4/><V131/><F131/><W14/><G135/><T95/><D95/><N who="1" m="54759" /><E104/><V114/><F114/><W28/><G79/><T72/><D72/><U24/><E57/><V48/><F133/><W59/><G59/><T78/><D78/><U18/><E56/><V15/><F15/><AGARI ba="0,1" hai="3,7,11,14,15,26,28,34,96,103,106" m="40359" machi="15" ten="30,2900,0" yaku="25,1,52,1" doraHai="21" who="3" fromWho="2" sc="275,0,220,0,309,-29,186,39" />
</Scene>
<Scene>
<INIT seed="3,1,0,5,4,103" ten="275,220,280,225" oya="3" hai0="106,5,76,113,131,78,17,26,120,21,75,97,74" hai1="122,79,44,129,3,22,23,70,119,127,4,31,0" hai2="93,10,116,91,11,132,30,36,15,45,102,85,96" hai3="59,123,28,95,7,50,90,115,35,118,111,51,47"/><W124/><G115/><T12/><D113/><U13/><E70/><V34/><F116/><W40/><G118/><T55/><D131/><U69/><E69/><V107/><F34/><W58/><G123/><T65/><D65/><U8/><E119/><V110/><F110/><W128/><G7/><T133/><D120/><U57/><E122/><V6/><F30/><W27/><G128/><T56/><D133/><U25/><E129/><V18/><F45/><W130/><G130/><T66/><D66/><U92/><E127/><V41/><F41/><W43/><G124/><T48/><D75/><U16/><E79/><V52/><F132/><W104/><G104/><T19/><D5/><U121/><E121/><V37/><REACH who="2" step="1"/><F52/><REACH who="2" ten="275,220,270,225" step="2"/><W1/><G111/><T68/><D55/><U108/><E108/><V135/><F135/><W94/><G40/><T20/><D48/><U64/><E44/><V61/><F61/><W134/><G51/><T49/><D49/><U54/><E54/><V38/><F38/><W82/><G134/><T77/><D56/><U87/><E57/><V33/><F33/><W32/><G32/><T29/><D68/><U2/><E64/><V73/><F73/><W39/><G59/><T101/><D74/><U14/><E87/><V46/><F46/><W60/><G39/><T112/><D112/><U63/><E63/><V53/><F53/><W126/><G126/><T105/><REACH who="0" step="1"/><D29/><REACH who="0" ten="265,220,270,225" step="2"/><U42/><E42/><V83/><F83/><W84/><G58/><T88/><D88/><U98/><E31/><V89/><F89/><W125/><G125/><T114/><D114/><RYUUKYOKU ba="1,2" sc="265,15,220,-15,270,15,225,-15" hai0="12,17,19,20,21,26,76,77,78,97,101,105,106" hai2="6,10,11,15,18,36,37,85,91,93,96,102,107" />
</Scene>
<Scene>
<INIT seed="4,2,2,3,3,9" ten="280,205,285,210" oya="0" hai0="81,92,124,126,98,33,95,54,78,72,6,51,42" hai1="0,111,115,120,28,97,67,91,116,71,79,85,2" hai2="123,118,8,86,1,135,23,66,56,62,90,48,99" hai3="119,44,5,31,16,37,94,84,20,60,10,68,103"/><T100/><D33/><U55/><E111/><V43/><F123/><W82/><G31/><T18/><D6/><U131/><E120/><V127/><F127/><N who="0" m="48682" /><D42/><U113/><E131/><V104/><F135/><W14/><G119/><T61/><D61/><N who="1" m="40431" /><E116/><V65/><F104/><W24/><G68/><T35/><D35/><U21/><E79/><V134/><F134/><W39/><G60/><T125/><N who="0" m="48690" /><T30/><DORA hai="40" /><D30/><U121/><E97/><V34/><F34/><W102/><G94/><N who="0" m="58455" /><D18/><U87/><E87/><V27/><F99/><W132/><G132/><T58/><AGARI ba="2,2" hai="51,54,58,72,78,81,92,95" m="58455,48690" machi="58" ten="40,2100,0" yaku="18,1" doraHai="9,40" who="0" fromWho="0" sc="280,47,205,-9,285,-9,210,-9" />
</Scene>
<Scene>
<INIT seed="4,3,0,0,0,30" ten="327,196,276,201" oya="0" hai0="86,77,60,123,73,91,97,29,84,54,16,96,134" hai1="105,116,57,135,68,79,49,9,1,45,50,34,55" hai2="56,120,64,127,13,92,51,90,110,131,128,31,62" hai3="44,52,107,112,124,61,24,80,40,104,121,108,100"/><T81/><D123/><U23/><E116/><V82/><F120/><W83/><G24/><T99/><D134/><U25/><E135/><V35/><F110/><W46/><G61/><T70/><D29/><U132/><E132/><V15/><F82/><W12/><G121/><T21/><D70/><U130/><E68/><V119/><F119/><W43/><G12/><T10/><D10/><U65/><E130/><N who="2" m="49707" /><F51/><W5/><G5/><T95/><D60/><U22/><E105/><V0/><F0/><W6/><G6/><T14/><REACH who="0" step="1"/><D54/><REACH who="0" ten="317,196,276,201" step="2"/><U11/><E11/><V3/><F3/><W109/><G52/><T71/><D71/><U78/><E9/><V72/><F31/><W129/><G129/><T106/><D106/><U17/><E1/><V117/><F117/><W85/><G107/><T76/><D76/><U94/><E79/><V115/><F62/><W39/><G104/><T27/><D27/><U59/><E78/><V125/><F64/><W98/><G108/><T111/><D111/><U102/><E65/><V2/><F2/><W122/><G109/><T32/><D32/><U74/><E34/><V114/><F35/><W37/><G122/><T42/><D42/><N who="1" m="24759" /><E22/><V28/><F28/><W67/><G67/><T7/><D7/><U126/><E25/><V87/><F13/><W93/><G43/><T38/><D38/><U101/><E23/><V33/><F15/><W19/><G40/><T69/><D69/><U36/><E36/><V20/><F20/><W113/><G37/><T18/><D18/><U89/><E17/><V118/><F118/><W48/><G39/><RYUUKYOKU ba="3,1" sc="317,30,196,-10,276,-10,201,-10" hai0="14,16,21,73,77,81,84,86,91,95,96,97,99" />
</Scene>
<Scene>
<INIT seed="4,4,1,0,0,24" ten="347,186,266,191" oya="0" hai0="57,90,52,114,108,134,91,41,5,88,59,69,129" hai1="29,126,101,36,103,100,133,92,105,70,94,56,42" hai2="67,87,55,53,43,124,21,84,31,12,102,82,131" hai3="99,122,13,1,45,48,49,78,128,116,25,4,65"/><T26/><D69/><U95/><E70/><V68/><F124/><W120/><G1/><T110/><D114/><U73/><E126/><V74/><F74/><W33/><G65/><T32/><D41/><U30/><E73/><V28/><F131/><W46/><G116/><T0/><D129/><U17/><E133/><V7/><F43/><W10/><G128/><T79/><D79/><U34/><E105/><V39/><F39/><W93/><G78/><T62/><D134/><U97/><E34/><V6/><F102/><N who="1" m="39529" /><E36/><V20/><F68/><W107/><G107/><T118/><D118/><U23/><E42/><V113/><F82/><W80/><G80/><T11/><REACH who="0" step="1"/><D57/><REACH who="0" ten="337,186,266,191" step="2"/><U15/><E56/><V18/><F113/><W64/><G45/><T71/><D71/><U19/><E103/><V85/><F67/><W104/><G64/><T81/><D81/><U77/><E77/><V37/><F37/><W115/><G104/><T16/><D16/><N who="1" m="10655" /><E97/><V117/><F117/><W112/><G46/><T127/><D127/><U106/><E106/><V72/><F72/><W38/><G38/><T50/><D50/><U121/><E121/><N who="3" m="46698" /><G99/><T135/><D135/><U75/><E75/><V130/><F130/><W22/><G49/><T54/><D54/><N who="2" m="20490" /><F20/><W47/><G48/><T66/><D66/><U3/><E94/><V9/><F21/><W98/><G47/><T14/><D14/><U40/><E40/><V51/><F51/><W58/><G58/><T8/><D8/><U61/><E95/><V63/><F9/><W76/><G115/><T96/><D96/><U35/><E92/><RYUUKYOKU ba="4,2" sc="337,30,186,-10,266,-10,191,-10" hai0="0,5,11,26,32,52,59,62,88,90,91,108,110" />
</Scene>
<Scene>
<INIT seed="4,5,2,5,4,43" ten="367,176,256,181" oya="0" hai0="131,72,20,15,22,19,93,55,54,134,41,111,52" hai1="33,106,53,4,66,47,35,28,108,94,81,24,2" hai2="124,113,73,80,109,65,12,99,9,101,78,104,3" hai3="133,58,57,30,121,13,37,25,10,42,127,45,44"/><T84/><D72/><U60/><E106/><V96/><F109/><W120/><G127/><T63/><D111/><U50/><E108/><V85/><F124/><W95/><G133/><T70/><D134/><U116/><E116/><V59/><F3/><W128/><G128/><T122/><D122/><N who="3" m="47209" /><G95/><T123/><D123/><U135/><E135/><V14/><F96/><W34/><G44/><T105/><D105/><U46/><E81/><V118/><F118/><W91/><G91/><N who="0" m="53479" /><D70/><U5/><E2/><V90/><F113/><W17/><AGARI ba="5,2" hai="10,13,17,25,30,34,37,42,45,57,58" m="47209" machi="17" ten="30,2000,0" yaku="13,1,52,1" doraHai="43" who="3" fromWho="3" sc="367,-15,176,-10,256,-10,181,55" />
</Scene>
<Scene>
<INIT seed="5,0,0,0,4,52" ten="352,166,246,236" oya="1" hai0="54,99,120,106,79,75,0,117,93,88,124,57,127" hai1="68,31,130,78,122,10,131,11,63,82,85,46,97" hai2="66,72,96,102,83,115,64,4,48,15,76,9,8" hai3="132,32,21,28,77,91,104,112,119,38,100,43,53"/><U69/><E122/><V19/><F48/><W113/><G32/><T108/><D0/><U128/><E31/><V27/><F115/><W81/><G91/><T55/><D108/><U18/><E46/><V56/><F56/><W47/><G132/><T65/><D117/><U58/><E97/><V13/><REACH who="2" step="1"/><F27/><REACH who="2" ten="352,166,236,236" step="2"/><W89/><G38/><T40/><D57/><U103/><E103/><V26/><F26/><W123/><G112/><T16/><D120/><U59/><E59/><V70/><F70/><N who="1" m="27241" /><E18/><V30/><F30/><W41/><G28/><T105/><D16/><U84/><E84/><V51/><F51/><W37/><G100/><T50/><D50/><U24/><E24/><V92/><AGARI ba="0,1" hai="4,8,9,13,15,19,64,66,72,76,83,92,96,102" machi="92" ten="20,5200,0" yaku="1,1,0,1,7,1,53,1" doraHai="52" doraHaiUra="3" who="2" fromWho="2" sc="352,-13,166,-26,236,62,236,-13" />
</Scene>
<Scene>
<INIT seed="6,0,0,3,5,99" ten="339,140,298,223" oya="2" hai0="115,70,15,2,30,53,41,25,48,106,98,71,55" hai1="11,9,117,86,123,120,59,5,1,46,18,50,52" hai2="131,81,116,7,129,64,101,88,51,69,83,79,24" hai3="10,124,87,127,66,113,33,31,110,42,75,39,49"/><V4/><F116/><W32/><G75/><T43/><D2/><U26/><E117/><V97/><F69/><W107/><G39/><T36/><D36/><U20/><E86/><N who="2" m="50271" /><F64/><W104/><G66/><T19/><D115/><U95/><E95/><N who="2" m="58559" /><F51/><W93/><G10/><T78/><D78/><U77/><E77/><V114/><F24/><W21/><G33/><T130/><D130/><N who="2" m="49674" /><F114/><W56/><G113/><T96/><D25/><U80/><E80/><V44/><F44/><W58/><G32/><T85/><D48/><U119/><E119/><V54/><F54/><W121/><G49/><T12/><D30/><U28/><REACH who="1" step="1"/><E46/><REACH who="1" ten="339,130,298,223" step="2"/><V16/><F16/><W14/><G31/><T61/><D19/><U126/><E126/><V37/><F37/><W111/><G124/><T100/><D43/><U13/><AGARI ba="0,1" hai="1,5,9,11,13,18,20,26,28,50,52,59,120,123" machi="13" ten="30,4000,0" yaku="1,1,0,1,54,1,53,0" doraHai="99" doraHaiUra="89" who="1" fromWho="1" sc="339,-10,130,50,298,-20,223,-10" />
</Scene>
<Scene>
<INIT seed="7,0,0,1,4,60" ten="329,180,278,213" oya="3" hai0="6,7,8,57,41,94,114,99,128,54,134,135,40" hai1="123,125,24,37,39,98,64,18,91,43,5,55,74" hai2="21,71,14,1,105,81,130,131,36,50,56,117,42" hai3="120,19,9,132,10,83,100,49,53,113,104,27,12"/><W47/><G120/><T3/><D6/><U22/><E123/><V70/><F1/><W29/><G113/><T61/><D114/><U2/><E74/><V82/><F105/><W78/><G132/><N who="0" m="50731" /><D128/><U124/><E43/><V33/><F33/><W116/><G116/><T25/><D25/><U20/><E5/><V65/><F117/><W93/><G104/><T79/><D79/><U35/><E35/><V31/><F71/><W95/><G100/><AGARI ba="0,0" hai="3,7,8,40,41,54,57,61,94,99,100" m="50731" machi="100" ten="30,1000,0" yaku="20,1" doraHai="60" who="0" fromWho="3" sc="329,10,180,0,278,0,213,-10" owari="339,44.0,180,-32.0,278,8.0,203,-20.0" />
</Scene>
</mjloggm>