<mjloggm ver="2.3"><GO type="169" lobby="0"/><UN n0="%E5%A4%AA%E3%81%8F%E3%81%AA%E3%81%84%E3%81%8A" n1="%E3%81%AC%E3%81%A0" n2="%E6%A4%8D%E9%87%8E" n3="%6B%61%6E%65%67%61%6E%65" dan="17,16,17,16" rate="2175.72,2090.59,2138.98,2073.68" sx="M,M,M,M"/><TAIKYOKU oya="0"/>

<Scene>
<INIT seed="0,0,0,0,5,51" ten="250,250,250,250" oya="0" hai0="59,110,50,49,127,106,103,71,25,37,24,112,78" hai1="87,95,64,90,89,119,105,77,44,73,130,34,124" hai2="96,80,107,92,14,20,40,114,72,36,129,120,28" hai3="111,88,131,58,29,7,33,9,39,67,32,56,100"/><T132/><D71/><U42/><E119/><V26/><F107/><W93/><G39/><T46/><D112/><U54/><E34/><V115/><F120/><W47/><G47/><T104/><D37/><U108/><E105/><V60/><F129/><W35/><G100/><T118/><D118/><U17/><E64/><V52/><F40/><W126/><G126/><T21/><D78/><U45/><E130/><V101/><F36/><W61/><G111/><T85/><D85/><U62/><E124/><V30/><F30/><W121/><G121/><T125/><D59/><N who="1" m="35191" /><E73/><V65/><F14/><W31/><G131/><T97/><D110/><U109/><E109/><V70/><F72/><W99/><REACH who="3" step="1"/><G58/><REACH who="3" ten="250,250,250,240" step="2"/><T135/><D46/><U11/><E108/><V91/><F101/><W74/><G74/><T128/><D103/><U79/><E42/><V94/><F70/><W23/><G23/><T48/><D21/><U83/><E45/><V86/><F115/><W1/><AGARI ba="0,1" hai="1,7,9,29,31,32,33,35,56,61,67,88,93,99" machi="1" ten="30,4000,0" yaku="1,1,0,1,54,1,53,0" doraHai="51" doraHaiUra="81" who="3" fromWho="3" sc="250,-20,250,-10,250,-10,240,50" />
</Scene>
<Scene>
<INIT seed="1,0,0,0,0,95" ten="230,240,240,290" oya="1" hai0="91,48,11,75,93,92,64,44,106,117,113,15,3" hai1="60,22,119,19,61,39,62,52,31,26,89,85,56" hai2="76,5,66,6,38,77,132,1,123,90,127,50,128" hai3="114,36,40,70,8,82,69,78,65,2,126,130,97"/><U99/><E119/><V86/><F38/><W20/><G114/><T17/><D106/><U120/><E120/><V133/><F123/><W43/><G20/><T79/><D113/><U10/><E39/><V74/><F128/><W37/><G126/><T101/><D117/><U87/><E99/><V12/><F1/><W118/><G118/><T110/><D110/><U41/><E41/><V100/><F74/><W32/><G32/><T9/><D64/><U83/><E10/><N who="2" m="4175" /><F66/><W135/><G65/><T49/><D75/><U104/><E104/><V4/><F100/><W109/><G82/><T107/><D79/><N who="2" m="30282" /><F50/><W47/><G78/><T51/><D107/><U125/><E125/><V16/><F127/><W57/><G2/><T21/><D3/><U102/><E102/><V67/><F67/><W111/><G135/><N who="2" m="51785" /><F16/><W7/><G130/><T80/><D44/><U45/><E45/><V105/><F105/><W94/><G47/><T124/><D124/><U42/><E42/><V84/><F84/><W27/><G69/><T112/><D112/><U34/><REACH who="1" step="1"/><E87/><REACH who="1" ten="230,230,240,290" step="2"/><V108/><F108/><W71/><G37/><T115/><D115/><U73/><E73/><V35/><F35/><W14/><G36/><T13/><D101/><U68/><E68/><V129/><F129/><W98/><G71/><T63/><D9/><U29/><E29/><V88/><F86/><W122/><G70/><T24/><D11/><U25/><AGARI ba="0,1" hai="19,22,25,26,31,34,52,56,60,61,62,83,85,89" machi="25" ten="20,12000,1" yaku="1,1,0,1,7,1,54,1,53,1" doraHai="95" doraHaiUra="53" who="1" fromWho="1" sc="230,-40,230,130,240,-40,290,-40" />
</Scene>
<Scene>
<INIT seed="1,1,0,4,0,124" ten="190,360,200,250" oya="1" hai0="1,73,108,4,113,79,21,96,123,102,59,127,70" hai1="82,89,42,98,65,38,74,51,33,16,9,43,52" hai2="30,71,57,6,64,2,40,94,56,12,5,125,47" hai3="15,75,129,3,54,26,11,90,18,87,19,86,104"/><U135/><E33/><V17/><F2/><W41/><G104/><T8/><D70/><U77/><E38/><V39/><F71/><W37/><G75/><T35/><D35/><U130/><E65/><V58/><F30/><W134/><G134/><T22/><D113/><U66/><E66/><V20/><F64/><W112/><G54/><T83/><D127/><U91/><E135/><V115/><F125/><W53/><G53/><T81/><D108/><U78/><E78/><V101/><F115/><W69/><G87/><T13/><D123/><U116/><E116/><V55/><F55/><W100/><G100/><T103/><D59/><U95/><E130/><V45/><F45/><W133/><G3/><T50/><D50/><U46/><REACH who="1" step="1"/><E91/><REACH who="1" ten="190,350,200,250" step="2"/><V88/><REACH who="2" step="1"/><F101/><REACH who="2" ten="190,350,190,250" step="2"/><W80/><G112/><T119/><D103/><U0/><E0/><V121/><F121/><W49/><G133/><T99/><D1/><U29/><E29/><V68/><F68/><W7/><G69/><T122/><D122/><U126/><E126/><V131/><F131/><W92/><G129/><T111/><D102/><U48/><E48/><V109/><F109/><W105/><G49/><T84/><D111/><U63/><E63/><V31/><F31/><W97/><G37/><T36/><D36/><U85/><E85/><AGARI ba="1,2" hai="5,6,12,17,20,39,40,47,56,57,58,85,88,94" machi="85" ten="40,2600,0" yaku="1,1,54,1,53,0" doraHai="124" doraHaiUra="128" who="2" fromWho="1" sc="190,0,350,-29,190,49,250,0" />
</Scene>
<Scene>
<INIT seed="2,0,0,2,4,34" ten="190,321,239,250" oya="2" hai0="105,104,127,117,126,7,44,66,73,0,19,62,75" hai1="114,24,9,107,49,58,96,55,50,15,35,10,123" hai2="41,63,131,129,31,76,125,14,119,116,12,77,33" hai3="47,101,39,106,59,118,69,82,110,5,65,70,92"/><V28/><F41/><W3/><G92/><T134/><D134/><U113/><E123/><V23/><F63/><N who="3" m="40127" /><G59/><T122/><D122/><U99/><E10/><V60/><F60/><W6/><G6/><T112/><D112/><U94/><E107/><N who="0" m="41033" /><D117/><U37/><E37/><V53/><F53/><W1/><G5/><T13/><D44/><U102/><E99/><V81/><F33/><W32/><G110/><T11/><D13/><U54/><E24/><V57/><F57/><W103/><G103/><T27/><D19/><U36/><E36/><V21/><REACH who="2" step="1"/><F81/><REACH who="2" ten="190,321,229,250" step="2"/><W128/><G82/><T17/><D62/><U83/><E35/><V16/><F16/><W8/><G32/><T42/><D42/><U89/><E83/><V48/><F48/><W71/><G39/><T46/><D66/><U86/><E55/><V20/><F20/><W88/><G71/><T91/><D46/><U45/><E45/><V132/><F132/><W30/><G47/><T108/><D17/><U79/><E50/><V130/><F130/><W100/><G70/><T29/><D108/><U61/><E61/><V25/><F25/><W90/><G128/><T95/><D27/><U120/><E120/><V40/><F40/><W67/><G67/><T18/><D18/><N who="1" m="8559" /><E114/><V111/><F111/><W121/><G121/><T74/><D29/><U93/><E113/><V51/><F51/><W43/><G30/><T64/><D64/><U85/><E49/><V22/><F22/><W87/><G43/><T72/><N who="0" m="18432" /><DORA hai="115" /><T26/><D26/><U133/><E133/><V135/><F135/><W2/><G8/><RYUUKYOKU ba="0,1" sc="190,15,321,-15,229,15,250,-15" hai0="0,7,11,91,95,126,127" hai2="12,14,21,23,28,31,76,77,116,119,125,129,131" />
</Scene>
<Scene>
<INIT seed="2,1,1,5,2,23" ten="205,306,244,235" oya="2" hai0="76,82,133,68,70,19,80,85,131,16,60,90,104" hai1="130,86,1,120,48,47,63,61,126,129,135,12,116" hai2="92,99,96,25,121,119,127,30,132,93,67,6,75" hai3="17,11,20,32,50,74,53,8,103,62,34,115,87"/><V64/><F119/><W118/><G74/><T91/><D104/><U89/><E116/><V78/><F121/><W83/><G62/><N who="1" m="23562" /><E1/><V54/><F75/><W42/><G42/><T117/><D117/><U107/><E12/><V0/><F0/><W73/><G73/><T114/><D114/><U113/><E107/><V41/><F41/><W44/><G118/><T28/><D133/><U33/><E33/><V2/><F2/><W69/><G69/><T71/><D131/><N who="1" m="50187" /><E135/><V36/><F127/><W43/><G11/><T94/><D60/><U77/><E126/><V108/><F36/><W21/><G8/><T14/><D28/><U10/><E10/><V40/><F40/><W45/><G21/><T110/><D110/><U29/><E29/><V55/><F132/><W26/><G115/><T52/><D52/><N who="2" m="20010" /><F78/><W15/><G43/><T72/><REACH who="0" step="1"/><D14/><REACH who="0" ten="195,306,244,235" step="2"/><U101/><E113/><V123/><F108/><W3/><G15/><T46/><D46/><U102/><E120/><V24/><F123/><W79/><G44/><T65/><D65/><U125/><E125/><V122/><F122/><W105/><G3/><T111/><D111/><U88/><E47/><V4/><F67/><W49/><G105/><T66/><D66/><U31/><E48/><V124/><F124/><W7/><G50/><T112/><D112/><U58/><E58/><V97/><F64/><W18/><G45/><T128/><D128/><U38/><E38/><V39/><F39/><W35/><G49/><T95/><D95/><N who="2" m="36426" /><F30/><W27/><G53/><T109/><D109/><U57/><E31/><V9/><F9/><RYUUKYOKU ba="1,2" sc="195,15,306,-15,244,15,235,-15" hai0="16,19,68,70,71,72,76,80,82,85,90,91,94" hai2="4,6,24,25,96,97,99" />
</Scene>
<Scene>
<INIT seed="2,2,2,4,0,1" ten="210,291,259,220" oya="2" hai0="55,41,22,67,118,18,39,114,88,15,127,37,0" hai1="49,40,33,110,24,76,44,64,83,35,5,93,27" hai2="84,115,100,12,56,109,102,28,38,2,34,72,97" hai3="131,51,16,14,10,75,104,30,134,53,108,87,45"/><V126/><F2/><W123/><G75/><T116/><D114/><U99/><E110/><V119/><F72/><W52/><G104/><T124/><D67/><U130/><E130/><V74/><F74/><W29/><G123/><T86/><D0/><U82/><E64/><V46/><F115/><W60/><G108/><T66/><D66/><U78/><E5/><V7/><F119/><N who="0" m="45610" /><D55/><N who="3" m="21065" /><G134/><T92/><D41/><U69/><E69/><V129/><F109/><W54/><G131/><T77/><D77/><N who="1" m="29803" /><E35/><V111/><F34/><W79/><G60/><T63/><D63/><U59/><E59/><V135/><F56/><W6/><G87/><T42/><D42/><U8/><E8/><N who="2" m="4127" /><F84/><W120/><G79/><T89/><D89/><N who="1" m="55727" /><E33/><V105/><F111/><W31/><G120/><T106/><D106/><U21/><E27/><V132/><F105/><W65/><G65/><T91/><D91/><U20/><E20/><V25/><F129/><W73/><G73/><T98/><D86/><U80/><E80/><V90/><F90/><W32/><G32/><T107/><D107/><U47/><E47/><V11/><F102/><W26/><G26/><T70/><D70/><U61/><E61/><V122/><F46/><W50/><G50/><T19/><D39/><U112/><E112/><V62/><F38/><W85/><G85/><T133/><D37/><U121/><E121/><V101/><F122/><W57/><G57/><T103/><D103/><N who="2" m="39498" /><F25/><W13/><G13/><N who="0" m="9551" /><D133/><U94/><E83/><V3/><F3/><W23/><G23/><AGARI ba="2,2" hai="15,19,23,88,92,98,124,127" m="9551,45610" machi="23" ten="30,2000,0" yaku="12,1,54,1" doraHai="1" who="0" fromWho="3" sc="210,46,291,0,259,0,220,-26" />
</Scene>
<Scene>
<INIT seed="3,0,0,3,0,5" ten="256,291,259,194" oya="3" hai0="116,17,55,21,134,122,78,127,83,105,24,121,119" hai1="104,132,41,67,37,4,45,85,108,2,39,118,33" hai2="10,125,98,28,57,65,20,131,29,38,103,94,77" hai3="9,93,6,13,8,88,74,36,80,25,106,68,86"/><W51/><G25/><T73/><D105/><U18/><E104/><V91/><F38/><W43/><G68/><T81/><D134/><U69/><E33/><V66/><F131/><W48/><G106/><T117/><D127/><U110/><E132/><V124/><F77/><W70/><G70/><T44/><D83/><U11/><E118/><V82/><F29/><W64/><G64/><T133/><D133/><U109/><E67/><V49/><F66/><W31/><G31/><T1/><D1/><U53/><E69/><V113/><F113/><W71/><G71/><T40/><REACH who="0" step="1"/><D55/><REACH who="0" ten="246,291,259,194" step="2"/><U92/><E53/><N who="2" m="31919" /><F82/><W76/><REACH who="3" step="1"/><G9/><REACH who="3" ten="246,291,259,184" step="2"/><T22/><D22/><U72/><E109/><V130/><F10/><W102/><G102/><T26/><D26/><U32/><E110/><V111/><F111/><W75/><G75/><T84/><D84/><U62/><E72/><V34/><F103/><W59/><G59/><T27/><D27/><U7/><E108/><V114/><F125/><W0/><G0/><T97/><D97/><U87/><E2/><V89/><F98/><W14/><G14/><T107/><D107/><U112/><E85/><V30/><F124/><W50/><G50/><AGARI ba="0,2" hai="17,21,24,40,44,50,73,78,81,116,117,119,121,122" machi="50" ten="40,1300,0" yaku="1,1,53,0" doraHai="5" doraHaiUra="96" who="0" fromWho="3" sc="246,33,291,0,259,0,184,-13" />
</Scene>
<Scene>
<INIT seed="4,0,0,3,1,36" ten="279,291,259,171" oya="0" hai0="66,78,112,59,74,71,39,53,6,60,131,7,75" hai1="119,92,85,46,132,58,135,47,96,82,62,29,9" hai2="28,94,88,106,8,54,40,11,26,90,117,116,43" hai3="67,83,42,37,133,124,127,101,97,130,114,17,50"/><T79/><D112/><U16/><E119/><N who="2" m="45643" /><F106/><N who="3" m="63791" /><G83/><T95/><D131/><U14/><E29/><V49/><F11/><W38/><G114/><T134/><D134/><N who="1" m="51243" /><E92/><V15/><F54/><W128/><G133/><T125/><D125/><N who="3" m="48201" /><G67/><T30/><D30/><U105/><E96/><N who="2" m="57415" /><F90/><W4/><G4/><T63/><D95/><U33/><E105/><V81/><F49/><W61/><G61/><T122/><D39/><N who="3" m="14857" /><G17/><T121/><D6/><U20/><E33/><N who="2" m="20631" /><F81/><W77/><G77/><T41/><D7/><AGARI ba="0,0" hai="7,8,15,40,43" m="20631,57415,45643" machi="7" ten="30,7700,0" yaku="12,1,52,2,54,1" doraHai="36" who="2" fromWho="0" sc="279,-77,291,0,259,77,171,0" />
</Scene>
<Scene>
<INIT seed="5,0,0,1,0,31" ten="202,291,336,171" oya="1" hai0="126,74,33,95,131,107,85,59,56,24,120,58,61" hai1="132,53,117,37,70,65,25,81,106,72,84,49,83" hai2="12,50,3,43,27,89,28,22,14,66,45,77,86" hai3="68,57,104,118,23,124,32,67,16,88,80,54,2"/><U36/><E117/><V17/><F3/><W96/><G118/><T34/><D107/><U82/><E72/><V26/><F66/><W113/><G2/><T20/><D74/><U15/><E106/><V48/><F48/><W5/><G5/><T46/><D61/><U41/><E41/><V11/><F77/><W87/><G124/><T93/><D126/><U121/><E121/><V100/><F100/><W97/><G113/><T44/><D120/><U92/><E132/><V114/><F114/><W18/><G32/><T90/><D131/><U8/><E25/><N who="2" m="16439" /><F14/><W123/><G123/><T110/><D110/><U9/><E65/><V105/><F105/><W69/><G18/><T116/><D116/><U30/><E30/><V109/><F109/><W119/><G119/><T21/><D21/><U52/><E70/><V125/><F125/><W128/><G69/><T7/><D7/><U130/><E130/><V99/><F99/><N who="3" m="37963" /><G104/><T103/><D95/><AGARI ba="0,0" hai="11,12,17,26,27,43,45,50,86,89,95" m="16439" machi="95" ten="30,1000,0" yaku="8,1" doraHai="31" who="2" fromWho="0" sc="202,-10,291,0,336,10,171,0" />
</Scene>
<Scene>
<INIT seed="6,0,0,2,4,75" ten="192,291,346,171" oya="2" hai0="20,70,9,132,68,50,71,102,82,92,87,14,58" hai1="56,103,29,78,91,115,80,31,66,19,34,32,95" hai2="45,129,53,88,65,90,7,108,13,41,104,128,98" hai3="96,55,67,6,59,36,73,126,22,2,93,85,0"/><V112/><F112/><W23/><G36/><T117/><D132/><U127/><E103/><N who="2" m="62583" /><F53/><W35/><G35/><T118/><D20/><U107/><E107/><V99/><F65/><W113/><G73/><T18/><D92/><U109/><E109/><V125/><F99/><W86/><G67/><T33/><D102/><U57/><E127/><V46/><F46/><W54/><G96/><T64/><D33/><U52/><E34/><V135/><F135/><W131/><G93/><T37/><D37/><U77/><E115/><V114/><F114/><W24/><G113/><T61/><REACH who="0" step="1"/><D50/><REACH who="0" ten="182,291,346,171" step="2"/><U134/><E134/><V111/><F111/><W49/><G49/><T10/><D10/><U120/><E32/><V60/><F108/><W72/><G126/><T12/><D12/><U97/><E95/><V30/><F13/><W27/><G131/><T15/><D15/><U76/><E120/><V123/><F123/><W63/><G6/><T69/><N who="0" m="17408" /><DORA hai="26" /><T47/><D47/><U38/><E38/><V42/><F7/><W94/><G94/><T133/><D133/><U81/><E97/><V122/><F122/><W106/><G106/><T3/><D3/><U21/><E21/><V119/><F45/><W100/><G100/><T44/><D44/><U79/><E81/><V130/><F125/><W8/><G8/><T1/><D1/><U39/><E39/><V48/><F48/><W116/><G59/><T5/><D5/><U11/><E57/><V4/><F130/><W89/><G2/><T101/><D101/><U62/><E80/><V40/><F129/><W43/><G0/><RYUUKYOKU ba="0,1" sc="182,30,291,-10,346,-10,171,-10" hai0="9,14,18,58,61,64,82,87,117,118" />
</Scene>
<Scene>
<INIT seed="7,1,1,4,0,68" ten="212,281,336,161" oya="3" hai0="60,54,95,43,87,24,12,56,21,98,50,36,86" hai1="92,107,70,77,38,123,133,48,15,125,22,134,2" hai2="97,10,131,120,129,105,130,55,52,72,104,118,16" hai3="73,39,0,85,121,23,46,29,102,51,62,103,132"/><W94/><G73/><T127/><D127/><U1/><E38/><V4/><F118/><W6/><G121/><T13/><D36/><U106/><E70/><V31/><F120/><W113/><G39/><T71/><D71/><U41/><E123/><V44/><F72/><W74/><G74/><T89/><D43/><U64/><E64/><V135/><F135/><W88/><G132/><T110/><D110/><U28/><E92/><V75/><F75/><W34/><G34/><T69/><D69/><U65/><E65/><V17/><F31/><W122/><G122/><T18/><D50/><U57/><E77/><V101/><F105/><W3/><G113/><T117/><D117/><U11/><E125/><V27/><F27/><W53/><G62/><T58/><D58/><U83/><E107/><V40/><F40/><W90/><G6/><T78/><D87/><U19/><E106/><V112/><F112/><W79/><G79/><T7/><D7/><U9/><E133/><V115/><F115/><W124/><G124/><T111/><D111/><U37/><E134/><V61/><F61/><W99/><G3/><T59/><D59/><U108/><E108/><V67/><F67/><W81/><G0/><T84/><D84/><U32/><E1/><N who="2" m="271" /><F44/><W30/><G30/><T91/><D78/><U8/><E37/><V128/><F128/><W35/><G35/><T109/><D109/><U33/><E2/><V114/><F114/><W45/><G45/><T63/><D63/><U82/><E28/><V66/><F66/><W80/><G80/><AGARI ba="1,1" hai="12,13,18,21,24,54,56,60,80,86,89,91,95,98" machi="80" ten="30,7700,0" yaku="7,1,25,2,8,1" doraHai="68" who="0" fromWho="3" sc="212,90,281,0,336,0,161,-80" owari="302,10.0,281,-12.0,336,44.0,81,-42.0" />
</Scene>
</mjloggm>