<mjloggm ver="2.3"><GO type="169" lobby="0"/><UN n0="%E3%82%89%E3%81%84%E3%81%B5%E3%81%8C%E3%83%BC%E3%81%A9%E3%81%99%E3%81%8D" n1="%E3%83%92%E3%83%84%E3%83%AB%E3%82%B9%E3%83%9A%E3%83%AB%E3%82%AC%E3%83%BC" n2="%E5%A4%AA%E3%81%8F%E3%81%AA%E3%81%84%E3%81%8A" n3="%31%73%E3%81%A7%E3%81%84%E3%81%84%E3%81%9D%E3%81%86" dan="17,16,17,16" rate="2157.14,2127.53,2224.57,2088.80" sx="M,M,M,M"/><TAIKYOKU oya="0"/>

<Scene>
<INIT seed="0,0,0,3,0,14" ten="250,250,250,250" oya="0" hai0="123,130,108,5,57,83,76,36,0,58,44,13,110" hai1="32,9,17,119,71,134,31,131,4,6,116,42,75" hai2="26,106,38,54,50,52,81,64,39,117,41,48,122" hai3="120,103,20,23,70,84,22,45,115,11,2,88,82"/><T35/><D123/><U80/><E71/><V62/><F106/><W109/><G115/><T18/><D35/><U118/><E42/><V61/><F26/><W113/><G113/><T85/><D130/><U87/><E75/><V128/><F81/><W1/><G120/><T34/><D34/><U102/><E102/><V107/><F107/><W19/><G109/><N who="0" m="42091" /><D0/><U10/><E131/><V56/><F128/><W47/><G70/><T126/><D5/><U104/><E104/><V78/><F78/><W33/><G33/><T124/><D44/><U114/><E114/><V92/><F92/><W15/><G103/><T12/><D12/><U69/><E69/><N who="2" m="42127" /><F122/><W105/><G105/><T97/><D97/><U66/><E32/><V99/><F99/><W53/><G47/><T129/><D36/><N who="2" m="13866" /><F117/><W132/><G132/><T111/><N who="0" m="42099" /><T121/><DORA hai="29" /><D121/><U28/><E134/><V7/><F7/><W73/><REACH who="3" step="1"/><G73/><REACH who="3" ten="250,250,250,240" step="2"/><T133/><D133/><U96/><E119/><V72/><F72/><W89/><G89/><T135/><D135/><U60/><E118/><V25/><F25/><W95/><G95/><T112/><D129/><U94/><E116/><V100/><F100/><W93/><G93/><T51/><D112/><U40/><E94/><V3/><F3/><W125/><G125/><N who="0" m="48235" /><D51/><AGARI ba="0,1" hai="1,2,11,15,19,20,22,23,45,51,53,82,84,88" machi="51" ten="40,12000,2" yaku="1,1,25,2,52,1,54,1,53,1" doraHai="14,29" doraHaiUra="77,27" who="3" fromWho="0" sc="250,-120,250,0,250,0,240,130" />
</Scene>
<Scene>
<INIT seed="1,0,0,3,0,121" ten="130,250,250,370" oya="1" hai0="115,56,134,132,65,32,103,21,82,69,1,36,45" hai1="23,112,93,109,71,58,40,124,110,75,127,5,85" hai2="129,116,4,99,76,117,18,12,130,50,79,39,19" hai3="46,123,35,131,91,105,53,22,51,15,89,62,54"/><U81/><E71/><V66/><F39/><W86/><G123/><T73/><D32/><U8/><E112/><V114/><F66/><W78/><G35/><T126/><D69/><U94/><E75/><V43/><F99/><W96/><G131/><N who="2" m="50185" /><F43/><W67/><G54/><T14/><D1/><N who="1" m="47" /><E40/><V30/><F50/><W52/><G53/><T74/><D115/><U135/><E135/><V72/><F72/><W25/><G15/><T80/><D103/><U28/><E58/><V90/><F90/><W7/><G7/><T120/><D56/><U13/><E13/><V59/><F59/><N who="3" m="37343" /><G96/><T11/><D14/><U88/><E23/><V125/><F114/><W113/><G105/><T24/><D120/><U49/><E28/><V83/><F30/><N who="3" m="17719" /><G113/><T57/><D132/><U42/><E42/><V97/><F4/><W20/><G20/><T38/><D21/><U48/><E48/><V2/><F12/><W100/><G100/><T26/><D134/><U6/><E49/><V44/><F2/><W60/><G60/><T128/><D128/><U87/><E6/><V77/><F18/><W37/><G37/><T63/><D63/><U98/><E85/><V34/><F19/><W107/><G107/><T122/><D122/><U102/><E94/><V84/><F34/><W104/><G104/><T68/><D38/><U108/><AGARI ba="0,0" hai="81,87,88,93,98,102,108,109,110,124,127" m="47" machi="108" ten="40,18000,2" yaku="14,1,10,1,52,3,54,1" doraHai="121" who="1" fromWho="1" sc="130,-60,250,180,250,-60,370,-60" />
</Scene>
<Scene>
<INIT seed="1,1,0,5,2,57" ten="70,430,190,310" oya="1" hai0="117,118,116,110,98,92,87,61,123,9,56,54,84" hai1="55,33,133,101,45,76,13,96,100,79,77,82,115" hai2="22,26,38,78,30,74,109,11,59,48,63,90,128" hai3="97,86,21,6,58,24,15,83,37,93,70,43,67"/><U28/><E115/><V106/><F38/><W5/><G70/><T64/><D110/><U72/><E133/><V51/><F106/><W19/><G37/><T46/><D123/><U53/><E13/><V99/><F109/><W47/><G43/><T44/><D9/><U71/><E71/><V80/><F128/><W3/><G3/><T31/><D31/><U89/><E89/><V12/><F99/><W36/><G36/><T69/><D87/><U14/><E14/><V23/><F23/><W95/><G47/><T42/><D84/><U124/><E124/><V131/><F90/><W4/><G15/><T7/><D7/><U29/><E101/><V0/><F131/><W52/><G67/><T60/><REACH who="0" step="1"/><D42/><REACH who="0" ten="60,430,190,310" step="2"/><U126/><E29/><V107/><F0/><W134/><G134/><T88/><AGARI ba="1,1" hai="44,46,54,56,60,61,64,69,88,92,98,116,117,118" machi="88" ten="30,12000,2" yaku="1,1,2,1,0,1,52,2,54,1,53,0" doraHai="57" doraHaiUra="135" who="0" fromWho="0" sc="60,133,430,-61,190,-31,310,-31" />
</Scene>
<Scene>
<INIT seed="2,0,0,5,1,35" ten="193,369,159,279" oya="2" hai0="125,43,72,96,53,134,66,112,21,29,25,97,113" hai1="34,32,128,117,80,3,17,36,92,121,123,15,85" hai2="44,84,107,94,0,108,37,45,129,1,7,115,10" hai3="122,8,71,5,83,89,6,87,132,59,95,64,74"/><V51/><F107/><W98/><G122/><N who="1" m="46602" /><E117/><V104/><F104/><W58/><G132/><T101/><D72/><U105/><E105/><V79/><F115/><W50/><G74/><T38/><D134/><U106/><E106/><V56/><F129/><W88/><G50/><T27/><D125/><U23/><E36/><V110/><F37/><W4/><REACH who="3" step="1"/><G8/><REACH who="3" ten="193,369,159,269" step="2"/><T24/><D112/><U61/><E128/><V114/><F114/><W2/><G2/><T119/><D38/><U41/><E3/><V28/><F1/><W116/><G116/><T16/><D119/><U82/><E61/><AGARI ba="0,1" hai="4,5,6,58,59,61,64,71,83,87,88,89,95,98" machi="61" ten="40,2600,0" yaku="1,1,54,1,53,0" doraHai="35" doraHaiUra="47" who="3" fromWho="1" sc="193,0,369,-26,159,0,269,36" />
</Scene>
<Scene>
<INIT seed="3,0,0,5,3,106" ten="193,343,159,305" oya="3" hai0="25,34,122,40,133,73,9,31,98,15,126,62,89" hai1="18,4,88,11,96,55,116,38,109,37,124,97,63" hai2="22,28,48,104,30,12,130,119,83,74,111,90,43" hai3="94,49,5,108,41,6,66,61,54,110,10,125,8"/><W19/><G41/><T68/><D122/><U121/><E109/><N who="3" m="42090" /><G94/><T128/><D126/><U57/><E121/><V26/><F111/><W7/><G19/><T87/><D128/><U93/><E124/><V75/><F119/><W45/><G125/><T86/><D133/><U42/><E116/><V67/><F104/><W70/><AGARI ba="0,0" hai="5,6,7,8,10,45,49,54,61,66,70" m="42090" machi="70" ten="30,3000,0" yaku="14,1,10,1" doraHai="106" who="3" fromWho="3" sc="193,-10,343,-10,159,-10,305,30" />
</Scene>
<Scene>
<INIT seed="3,1,0,1,5,49" ten="183,333,149,335" oya="3" hai0="55,8,21,20,84,92,26,9,102,15,47,56,98" hai1="3,119,5,83,79,31,24,106,93,35,124,85,64" hai2="32,81,25,103,60,65,94,40,129,107,42,38,113" hai3="16,90,1,72,73,111,34,104,52,97,91,101,78"/><W45/><G1/><T82/><D47/><U130/><E106/><V0/><F94/><W96/><G34/><T12/><D26/><U43/><E124/><V123/><F113/><W67/><G67/><T29/><D29/><U125/><E125/><V77/><F0/><W37/><G111/><T108/><D108/><U109/><E109/><V2/><F2/><W30/><G30/><T89/><D15/><U116/><E130/><V126/><F126/><W128/><G128/><T46/><D46/><U117/><E43/><V118/><F129/><W23/><G37/><T121/><D121/><U99/><E64/><V53/><F118/><W133/><G133/><T115/><D115/><U127/><E127/><V57/><F123/><W17/><G17/><T7/><REACH who="0" step="1"/><D9/><REACH who="0" ten="173,333,149,335" step="2"/><U132/><E132/><V68/><F25/><W13/><G78/><T80/><D80/><U14/><E14/><V50/><F32/><W48/><REACH who="3" step="1"/><G97/><REACH who="3" ten="173,333,149,325" step="2"/><T6/><D6/><U86/><E5/><V69/><F38/><W28/><G28/><T70/><D70/><U112/><E3/><V71/><F69/><W33/><G33/><T22/><D22/><U95/><E112/><V131/><F131/><W58/><G58/><T59/><D59/><U63/><E35/><V88/><F71/><W134/><G134/><T122/><D122/><U39/><E31/><V51/><F77/><W19/><G19/><T54/><D54/><U41/><E116/><V105/><F68/><W36/><G36/><T10/><D10/><U66/><E39/><V114/><F114/><W44/><G44/><T27/><D27/><RYUUKYOKU ba="1,2" sc="173,15,333,-15,149,-15,325,15" hai0="7,8,12,20,21,55,56,82,84,89,92,98,102" hai3="13,16,23,45,48,52,72,73,90,91,96,101,104" />
</Scene>
<Scene>
<INIT seed="3,2,2,5,4,73" ten="188,318,134,340" oya="3" hai0="21,13,9,123,68,29,57,34,22,110,27,112,104" hai1="124,43,108,15,94,97,11,116,83,25,53,67,105" hai2="85,101,26,36,5,2,50,106,8,114,93,115,37" hai3="62,10,16,6,1,126,92,18,78,61,40,4,118"/><W120/><G118/><T56/><D68/><U113/><E108/><V23/><F106/><W91/><G120/><T51/><D104/><U45/><E113/><V14/><F115/><W134/><G126/><T69/><D69/><U122/><E105/><V88/><F114/><W70/><G134/><T3/><D112/><U82/><E122/><V102/><F36/><W47/><G6/><T109/><D123/><U132/><E124/><V107/><F37/><W66/><G62/><T90/><D3/><U49/><E67/><V128/><F128/><W28/><G28/><T7/><D90/><U35/><E132/><V89/><F107/><W17/><G78/><T121/><D121/><U81/><E116/><V48/><F2/><W131/><G131/><T55/><D57/><U125/><E125/><V117/><F117/><W87/><REACH who="3" step="1"/><G18/><REACH who="3" ten="188,318,134,330" step="2"/><T111/><AGARI ba="2,3" hai="7,9,13,21,22,27,29,34,51,55,56,109,110,111" machi="111" ten="30,2000,0" yaku="0,1,14,1" doraHai="73" who="0" fromWho="0" sc="188,56,318,-7,134,-7,330,-12" />
</Scene>
<Scene>
<INIT seed="4,0,0,0,2,71" ten="244,311,127,318" oya="0" hai0="22,41,81,88,90,14,25,129,97,60,100,29,34" hai1="103,86,70,135,115,40,43,23,62,52,6,35,120" hai2="55,113,49,11,121,3,112,45,95,16,59,26,123" hai3="87,104,79,50,108,116,107,12,80,118,10,93,1"/><T82/><D129/><U76/><E35/><V128/><F128/><W98/><G108/><T58/><D41/><U77/><E120/><V122/><F95/><W46/><G1/><T36/><D36/><U4/><E135/><V65/><F3/><W130/><G130/><T61/><D61/><U2/><E2/><V96/><F96/><W20/><G20/><T64/><D34/><U127/><E70/><V27/><F65/><W33/><G33/><T72/><D14/><U15/><E127/><V47/><F26/><W5/><G116/><T131/><D131/><U117/><E103/><V132/><F132/><W73/><G73/><T51/><D51/><U111/><E111/><V38/><F27/><W8/><G8/><T68/><D68/><U13/><E117/><V9/><F9/><W37/><G37/><T91/><REACH who="0" step="1"/><D72/><REACH who="0" ten="234,311,127,318" step="2"/><U21/><E62/><V24/><F38/><W89/><G118/><T28/><D28/><U32/><E32/><V78/><F24/><W56/><G56/><T30/><D30/><U124/><E40/><AGARI ba="0,1" hai="5,10,12,40,46,50,79,80,87,89,93,98,104,107" machi="40" ten="30,3900,0" yaku="7,1,25,2" doraHai="71" who="3" fromWho="1" sc="234,0,311,-39,127,0,318,49" />
</Scene>
<Scene>
<INIT seed="5,0,0,2,0,114" ten="234,272,127,367" oya="1" hai0="125,119,73,6,105,65,107,31,33,7,86,26,123" hai1="4,29,115,55,19,133,106,11,17,44,89,34,90" hai2="58,80,111,60,100,61,135,78,27,97,1,112,109" hai3="22,103,79,0,30,36,83,93,113,117,40,38,57"/><U56/><E106/><V87/><F1/><W124/><G0/><T74/><D125/><U37/><E115/><V134/><F112/><W63/><G113/><T47/><D123/><U46/><E133/><V41/><F41/><W91/><G124/><T71/><D86/><U12/><E34/><V75/><F60/><W126/><G126/><T96/><D47/><N who="1" m="17963" /><E29/><V9/><F9/><W102/><G40/><T121/><D121/><U35/><E35/><V68/><F27/><N who="3" m="16759" /><G117/><T42/><D42/><U104/><E104/><V94/><F68/><W122/><G38/><T118/><D7/><U120/><E37/><V32/><F32/><W24/><G36/><T59/><D6/><U13/><E120/><V16/><F16/><N who="1" m="6217" /><E13/><V127/><F127/><W81/><G24/><T15/><D15/><U84/><E84/><V18/><F18/><W48/><G122/><T20/><D107/><U14/><E14/><V101/><F87/><N who="3" m="52479" /><G79/><T23/><D23/><U5/><E5/><V62/><F134/><W21/><G21/><T116/><D20/><U72/><E72/><V25/><F135/><W110/><G110/><T76/><D76/><U70/><E70/><V129/><F25/><W10/><G10/><T95/><D105/><U92/><E92/><V8/><F8/><W98/><G83/><T51/><D71/><U3/><E3/><V50/><F109/><W49/><G81/><T66/><D74/><U52/><E55/><N who="2" m="32119" /><F111/><W131/><G98/><T64/><D73/><U69/><E69/><V28/><F28/><W77/><G77/><T130/><D118/><U45/><E45/><RYUUKYOKU ba="0,0" sc="234,-10,272,30,127,-10,367,-10" hai1="4,11,12,52,56,89,90" />
</Scene>
<Scene>
<INIT seed="5,1,0,3,5,88" ten="224,302,117,357" oya="1" hai0="131,19,40,102,91,28,12,120,123,79,1,77,103" hai1="49,84,31,64,9,39,117,66,48,113,116,125,126" hai2="38,46,71,124,135,23,104,10,34,100,11,13,27" hai3="85,108,119,95,0,87,24,56,45,33,35,5,52"/><U81/><E39/><V128/><F71/><W20/><G108/><T6/><D131/><U99/><E31/><V15/><F104/><W114/><G114/><T78/><D28/><U18/><E113/><V122/><F100/><W62/><G119/><T16/><D40/><U75/><E75/><V98/><F98/><W44/><G35/><T96/><D1/><U25/><E99/><V89/><F89/><N who="3" m="53679" /><G0/><T121/><D6/><U69/><E69/><V109/><F46/><N who="3" m="18027" /><G33/><T51/><D51/><N who="1" m="19531" /><E66/><V30/><F38/><W80/><G5/><T2/><D2/><U55/><E55/><V105/><F105/><W58/><G58/><T83/><D19/><U29/><E64/><V37/><F37/><W61/><G61/><T4/><D4/><U43/><E43/><V50/><F50/><W130/><G130/><T90/><D83/><U42/><E42/><V76/><F128/><W111/><G111/><T59/><D59/><U26/><E9/><V97/><F11/><W129/><G129/><T70/><D70/><U107/><E107/><V32/><F10/><W74/><G74/><T134/><D103/><U67/><E67/><V21/><F109/><W41/><G41/><T53/><D53/><U54/><E54/><V86/><F32/><W22/><G24/><N who="1" m="9322" /><E18/><V73/><F34/><W132/><G132/><T36/><D134/><U115/><E115/><V82/><F135/><W94/><G80/><T8/><D36/><U133/><E133/><V63/><F82/><W101/><G101/><T65/><D65/><U127/><E29/><V57/><F30/><W106/><G106/><AGARI ba="1,0" hai="8,12,16,77,78,79,90,91,96,102,106,120,121,123" machi="106" ten="50,6400,0" yaku="6,1,13,1,54,1" doraHai="88" who="0" fromWho="3" sc="224,67,302,0,117,0,357,-67" />
</Scene>
<Scene>
<INIT seed="6,0,0,0,2,75" ten="291,302,117,290" oya="2" hai0="100,118,5,64,134,32,27,19,62,102,52,95,84" hai1="46,68,50,97,24,79,58,48,108,117,57,35,33" hai2="88,129,55,86,41,127,112,6,89,71,109,37,105" hai3="128,31,123,45,103,81,83,61,12,130,99,63,131"/><V90/><F105/><W125/><G123/><T11/><D134/><U13/><E108/><V15/><F71/><W76/><G125/><T101/><D118/><U74/><E117/><V132/><F127/><W104/><G31/><T0/><D52/><U87/><E74/><V72/><F72/><N who="3" m="43143" /><G83/><T98/><D84/><U38/><E38/><V17/><F132/><W42/><G12/><T135/><D135/><U16/><E24/><V23/><F109/><W47/><G47/><T21/><D32/><U40/><E97/><V25/><F129/><W22/><G22/><T49/><D49/><AGARI ba="0,0" hai="42,45,49,61,63,99,103,104,128,130,131" m="43143" machi="49" ten="30,2000,0" yaku="19,1,52,1" doraHai="75" who="3" fromWho="0" sc="291,-20,302,0,117,0,290,20" />
</Scene>
<Scene>
<INIT seed="7,0,0,2,5,82" ten="271,302,117,310" oya="3" hai0="30,126,105,97,113,2,104,117,38,90,134,45,112" hai1="52,91,36,78,107,5,4,51,50,28,32,99,94" hai2="102,21,77,125,86,120,114,67,108,26,115,47,98" hai3="84,116,68,71,34,132,127,44,65,13,39,24,25"/><W64/><G116/><T80/><D117/><U89/><E107/><V55/><F108/><W110/><G110/><T40/><D2/><U111/><E36/><V60/><F125/><W96/><G127/><T41/><D126/><U49/><E111/><V131/><F131/><W53/><G132/><T130/><D134/><U16/><E32/><V119/><F119/><W63/><G96/><T10/><D10/><U123/><E28/><V118/><F118/><W95/><G13/><T15/><D15/><U46/><E123/><V37/><F120/><W11/><G11/><T31/><D130/><U61/><E78/><V7/><F7/><N who="1" m="2633" /><E61/><V18/><F37/><W35/><G39/><T57/><D41/><U101/><E16/><V75/><F75/><W14/><G14/><T9/><D9/><U73/><E73/><V48/><F77/><W129/><G129/><T81/><D57/><N who="1" m="32927" /><E50/><V72/><F72/><W43/><G63/><T106/><D31/><U22/><E22/><V3/><F3/><W20/><G20/><T88/><D30/><U79/><E79/><V56/><REACH who="2" step="1"/><F86/><REACH who="2" ten="271,302,107,310" step="2"/><W109/><G109/><T6/><D38/><U76/><E76/><V19/><F19/><W23/><G84/><T124/><D124/><U1/><E1/><V133/><F133/><W128/><G128/><T54/><D6/><U0/><E0/><V100/><F100/><W42/><G35/><T27/><D97/><U92/><E92/><V29/><F29/><W66/><G95/><T62/><D106/><U121/><E121/><V74/><F74/><W83/><G34/><T70/><D105/><RYUUKYOKU ba="0,1" sc="271,-15,302,15,107,15,310,-15" hai1="46,49,89,91,94,99,101" hai2="18,21,26,47,48,55,56,60,67,98,102,114,115" owari="256,-14.0,327,42.0,122,-38.0,295,10.0" />
</Scene>
</mjloggm>