<mjloggm ver="2.3"><GO type="169" lobby="0"/><UN n0="%E3%81%92%E3%82%93%E3%81%9F%E3%82%8D%EF%BD%9E" n1="%E3%83%A4%E3%82%AD%E3%83%B3" n2="%E3%81%A0%E3%81%A3%E3%81%A6%E3%81%84%E3%81%86" n3="%E5%A4%AA%E3%81%8F%E3%81%AA%E3%81%84%E3%81%8A" dan="17,18,18,17" rate="2145.34,2212.54,2204.91,2131.33" sx="M,M,M,M"/><TAIKYOKU oya="0"/>

<Scene>
<INIT seed="0,0,0,2,4,86" ten="250,250,250,250" oya="0" hai0="116,73,119,58,13,25,29,80,96,51,71,88,90" hai1="45,123,6,78,37,125,40,20,49,82,94,134,122" hai2="11,17,15,76,70,110,69,114,118,113,4,56,103" hai3="30,106,16,5,34,3,61,112,72,100,47,99,48"/><T132/><D71/><U104/><E104/><V32/><F32/><W95/><G112/><T55/><D132/><U59/><E134/><V98/><F110/><W109/><G72/><T0/><D0/><U64/><E125/><V53/><F118/><W21/><G109/><T74/><D74/><U9/><E20/><V23/><F76/><W22/><G34/><T7/><D73/><U57/><E94/><V101/><F69/><W111/><G111/><T67/><D67/><U46/><E59/><V124/><F70/><W50/><G30/><T85/><D7/><U89/><E57/><V75/><F75/><W83/><G83/><T97/><D13/><U54/><E64/><V42/><F42/><W52/><G61/><T91/><D119/><U129/><E78/><V62/><F124/><W127/><G127/><T102/><D116/><U1/><REACH who="1" step="1"/><E129/><REACH who="1" ten="250,240,250,250" step="2"/><V24/><F101/><W84/><G22/><N who="0" m="15543" /><D102/><U135/><E135/><V120/><F120/><W105/><G105/><AGARI ba="0,1" hai="4,11,15,17,23,24,53,56,62,98,103,105,113,114" machi="105" ten="30,1000,0" yaku="7,1" doraHai="86" who="2" fromWho="3" sc="250,0,240,0,250,20,250,-10" />
</Scene>
<Scene>
<INIT seed="1,0,0,0,2,132" ten="250,240,270,240" oya="1" hai0="133,71,51,112,111,116,108,77,93,113,2,29,37" hai1="8,65,69,28,55,48,79,14,47,45,42,23,13" hai2="52,85,36,97,72,81,30,129,91,104,0,78,131" hai3="26,103,98,21,95,105,56,76,24,67,106,83,12"/><U35/><E35/><V40/><F0/><W63/><G12/><T89/><D37/><U68/><E79/><V118/><F30/><W82/><G26/><T9/><D71/><U11/><E65/><V110/><F118/><W43/><G43/><T32/><D116/><U25/><E14/><V119/><F119/><W115/><G115/><T16/><D133/><U109/><E109/><N who="0" m="42057" /><D77/><U127/><E127/><V60/><F110/><W17/><REACH who="3" step="1"/><G83/><REACH who="3" ten="250,240,270,230" step="2"/><T6/><D113/><U49/><E8/><V70/><F40/><W61/><G61/><T114/><D114/><U5/><AGARI ba="0,1" hai="5,11,13,23,25,28,42,45,47,48,49,55,68,69" machi="5" ten="20,2100,0" yaku="0,1,7,1" doraHai="132" who="1" fromWho="1" sc="250,-7,240,31,270,-7,230,-7" />
</Scene>
<Scene>
<INIT seed="1,1,0,3,5,71" ten="243,271,263,223" oya="1" hai0="95,73,132,75,84,36,90,74,40,57,31,27,76" hai1="53,99,19,66,6,89,23,103,118,104,120,115,110" hai2="91,16,32,22,56,8,121,51,7,88,130,107,4" hai3="105,111,102,41,67,43,68,3,34,15,5,134,101"/><U119/><E115/><V58/><F32/><W126/><G34/><T1/><D132/><U72/><E120/><V9/><F121/><W10/><G134/><T81/><D1/><U21/><E72/><V29/><F107/><W52/><G111/><T100/><D100/><U26/><E110/><V135/><F29/><W80/><G126/><T113/><D113/><U45/><E66/><V62/><F135/><W44/><G68/><T83/><D57/><U54/><E6/><N who="2" m="2091" /><F51/><N who="3" m="28775" /><G105/><T87/><D81/><U106/><E106/><V124/><F58/><W78/><G3/><T117/><D117/><U133/><E133/><V2/><F130/><W55/><G67/><T13/><D13/><U64/><E64/><N who="2" m="38983" /><F124/><W28/><G28/><T129/><D129/><U47/><E47/><V82/><F2/><W96/><G55/><T38/><REACH who="0" step="1"/><D40/><REACH who="0" ten="233,271,263,223" step="2"/><U85/><E118/><V12/><F82/><W14/><G14/><T65/><D65/><U30/><E119/><V46/><F46/><W0/><G0/><T114/><D114/><U112/><E112/><V108/><F108/><W94/><G102/><T63/><D63/><U37/><E53/><V18/><F8/><W25/><G41/><T92/><D92/><N who="1" m="54319" /><E54/><V86/><F86/><N who="3" m="48407" /><G43/><T35/><AGARI ba="1,1" hai="27,31,35,36,38,73,74,75,76,83,84,87,90,95" machi="35" ten="30,8000,1" yaku="1,1,0,1,52,2,53,1" doraHai="71" doraHaiUra="79" who="0" fromWho="0" sc="233,93,271,-41,263,-21,223,-21" />
</Scene>
<Scene>
<INIT seed="2,0,0,1,1,26" ten="326,230,242,202" oya="2" hai0="14,32,68,69,62,119,43,34,83,99,95,98,80" hai1="2,47,18,74,91,78,27,84,42,129,132,89,115" hai2="50,121,59,100,101,31,97,117,64,118,87,133,75" hai3="66,70,112,107,37,1,58,10,56,79,52,93,82"/><V40/><F121/><W5/><G107/><T45/><D119/><U12/><E2/><V114/><F75/><W22/><G37/><T106/><D14/><U103/><E115/><V23/><F114/><W76/><G112/><T72/><D106/><U128/><E103/><V8/><F133/><W11/><G11/><T13/><D13/><U124/><E124/><V17/><F87/><W4/><G4/><T6/><D6/><U125/><E125/><V73/><F73/><W94/><G70/><T3/><D3/><U110/><E74/><V126/><F126/><W28/><G66/><T60/><D72/><U123/><E132/><V96/><F8/><W7/><G7/><T105/><D105/><U81/><E110/><V9/><F9/><W77/><G82/><T122/><D45/><U54/><E123/><V130/><F64/><W102/><G102/><T104/><D104/><U21/><E12/><V127/><F127/><W38/><G38/><T65/><D122/><U116/><E54/><V25/><F40/><W53/><G22/><T48/><D65/><U67/><E116/><V51/><F100/><W109/><G109/><T71/><D71/><U41/><E67/><V20/><F101/><W16/><G16/><T113/><D113/><U46/><E42/><V111/><F111/><W135/><G135/><T49/><D43/><U131/><E46/><V120/><F120/><W29/><G53/><T44/><D44/><U86/><E86/><V24/><F118/><W55/><G55/><T134/><D134/><U61/><E61/><V63/><F117/><W33/><G1/><RYUUKYOKU ba="0,0" sc="326,15,230,15,242,-15,202,-15" hai0="32,34,48,49,60,62,68,69,80,83,95,98,99" hai1="18,21,27,41,47,78,81,84,89,91,128,129,131" />
</Scene>
<Scene>
<INIT seed="3,1,0,5,0,110" ten="341,245,227,187" oya="3" hai0="71,94,32,113,12,26,35,65,45,48,34,114,76" hai1="123,95,101,69,51,83,28,120,81,96,24,46,42" hai2="63,36,107,82,99,11,20,3,41,40,92,106,73" hai3="100,30,91,58,29,5,2,118,16,74,86,117,38"/><W78/><G38/><T97/><D76/><U111/><E111/><V79/><F63/><W15/><G100/><T98/><D26/><U85/><E69/><V57/><F57/><W88/><G2/><T119/><D119/><U115/><E115/><N who="0" m="44041" /><D12/><U39/><E39/><V109/><F3/><W62/><G5/><T66/><D71/><U61/><E61/><V55/><F79/><W47/><G47/><T33/><N who="0" m="8192" /><DORA hai="44" /><T126/><D126/><U14/><E14/><V27/><F73/><W72/><G72/><T122/><D122/><U77/><E24/><V64/><F27/><W134/><G134/><T60/><D60/><U130/><E28/><N who="3" m="10858" /><G74/><T84/><D84/><U90/><E130/><V121/><F121/><W25/><G25/><T7/><D7/><U50/><E50/><V68/><F36/><W127/><G127/><T112/><N who="0" m="44049" /><T108/><DORA hai="87" /><D108/><U80/><E120/><V10/><F68/><W4/><G4/><T132/><D132/><U13/><E123/><V75/><F75/><W31/><G118/><T129/><D129/><U56/><E13/><V9/><F109/><W59/><G117/><T1/><D1/><U52/><E77/><V135/><F135/><W133/><G133/><T0/><D0/><U43/><E83/><V116/><F82/><N who="3" m="47447" /><G31/><T22/><D22/><U103/><E80/><V125/><F20/><N who="3" m="11295" /><G58/><T93/><D93/><N who="1" m="58511" /><E56/><V49/><F125/><W89/><G89/><N who="0" m="55503" /><D98/><AGARI ba="1,0" hai="42,43,46,51,52,81,85,90,95,98,103" m="58511" machi="98" ten="30,7700,0" yaku="8,1,52,2,54,1" doraHai="110,44,87" who="1" fromWho="0" sc="341,-80,245,80,227,0,187,0" />
</Scene>
<Scene>
<INIT seed="4,0,0,5,4,94" ten="261,325,227,187" oya="0" hai0="26,128,50,78,58,120,29,80,51,103,125,53,28" hai1="14,95,131,61,83,59,1,123,110,31,10,37,99" hai2="104,67,117,33,19,115,21,39,54,69,0,82,100" hai3="106,22,81,2,30,25,43,62,74,23,76,133,109"/><T57/><D120/><U48/><E110/><V18/><F33/><W20/><G109/><T113/><D113/><U42/><E37/><V24/><F0/><W77/><G2/><T127/><D103/><U34/><E1/><V130/><F39/><W88/><G106/><T86/><D128/><U98/><E31/><V17/><F130/><W52/><G133/><T6/><D6/><U66/><E34/><V11/><F115/><W87/><G43/><T40/><D40/><U75/><E123/><V89/><F67/><W68/><G68/><T63/><D29/><U13/><E13/><V35/><F69/><W12/><G12/><T101/><D101/><U126/><E126/><N who="0" m="48137" /><D57/><U27/><E27/><V70/><F70/><W93/><REACH who="3" step="1"/><G76/><REACH who="3" ten="261,325,227,177" step="2"/><T5/><D5/><U32/><E14/><V121/><F121/><W47/><G47/><T91/><D78/><U124/><E42/><V9/><F104/><W129/><G129/><T16/><D16/><U122/><E131/><V60/><F17/><W105/><G105/><T15/><D15/><U79/><E124/><V7/><F18/><W108/><G108/><T84/><D84/><U72/><E122/><V38/><F7/><W96/><G96/><T114/><D114/><U49/><E99/><V64/><F19/><W112/><G112/><T3/><D3/><U73/><E10/><V97/><F97/><W111/><G111/><T8/><D8/><U107/><E107/><V55/><F11/><W132/><G132/><T4/><D4/><U41/><E41/><V71/><F9/><W44/><G44/><T85/><D85/><RYUUKYOKU ba="0,1" sc="261,15,325,-15,227,-15,177,15" hai0="26,28,50,51,53,58,63,80,86,91" hai3="20,22,23,25,30,52,62,74,77,81,87,88,93" />
</Scene>
<Scene>
<INIT seed="4,1,1,1,1,105" ten="276,310,212,192" oya="0" hai0="81,29,76,3,14,128,20,69,54,117,68,49,118" hai1="73,31,98,40,88,66,95,56,129,111,113,65,123" hai2="17,52,21,35,97,32,87,115,114,119,75,133,1" hai3="51,19,92,104,39,53,58,91,64,72,25,55,78"/><T135/><D3/><U16/><E111/><V62/><F1/><W12/><G104/><T8/><D135/><U44/><E123/><V100/><F133/><W83/><G39/><T110/><D110/><U36/><E31/><V107/><F119/><W124/><G124/><T4/><D128/><U116/><E116/><V57/><F87/><W22/><G64/><T26/><D118/><U127/><E73/><V108/><F75/><W103/><G103/><T120/><D120/><U13/><E127/><V46/><F46/><W47/><G25/><T18/><D4/><U77/><E77/><V67/><F67/><W130/><G130/><T132/><D132/><U102/><E113/><N who="2" m="43019" /><F108/><W5/><G5/><T112/><D117/><U0/><E0/><V131/><F131/><W126/><G126/><T109/><D109/><U61/><E129/><V15/><AGARI ba="1,1" hai="15,17,21,32,35,52,57,62,97,100,107" m="43019" machi="15" ten="30,2000,0" yaku="15,1,54,1" doraHai="105" who="2" fromWho="2" sc="276,-11,310,-6,212,33,192,-6" />
</Scene>
<Scene>
<INIT seed="5,0,0,0,1,18" ten="265,304,245,186" oya="1" hai0="21,103,116,38,99,131,14,100,95,20,29,26,22" hai1="39,90,80,107,16,71,56,0,126,24,69,77,32" hai2="67,47,8,40,97,108,102,41,118,10,65,72,135" hai3="128,2,64,52,129,132,70,86,59,104,63,91,57"/><U101/><E39/><V112/><F118/><W43/><G104/><T45/><D116/><U9/><E90/><V96/><F72/><W134/><G2/><T17/><D131/><N who="3" m="50249" /><G86/><T119/><D119/><U94/><E107/><V111/><F112/><W122/><G91/><T61/><D103/><U121/><E121/><V42/><F135/><N who="3" m="51755" /><G122/><T25/><D61/><U74/><E94/><V130/><F130/><W84/><G84/><T7/><D7/><U53/><E101/><V58/><F47/><W66/><G43/><T87/><D87/><U110/><E110/><V37/><F102/><W82/><G82/><T49/><D38/><U19/><E0/><V98/><F37/><W44/><G66/><T117/><D117/><U76/><E76/><V78/><F78/><W114/><G114/><T89/><D100/><U133/><E133/><V73/><F73/><W106/><G106/><T4/><D4/><U68/><E80/><V83/><F83/><W51/><AGARI ba="0,0" hai="44,51,52,57,59,63,64,70" m="51755,50249" machi="51" ten="40,8000,1" yaku="19,1,20,1,34,2,54,1" doraHai="18" who="3" fromWho="3" sc="265,-20,304,-40,245,-20,186,80" />
</Scene>
<Scene>
<INIT seed="6,0,0,4,4,70" ten="245,264,225,266" oya="2" hai0="60,96,118,114,28,133,61,126,87,72,44,123,86" hai1="66,1,134,113,11,40,65,78,17,92,52,59,130" hai2="109,77,98,128,83,119,37,97,121,120,3,129,24" hai3="95,112,51,135,111,102,31,47,80,29,8,23,108"/><V22/><F3/><W38/><G135/><T122/><D72/><U94/><E134/><V54/><F54/><W127/><G127/><T90/><D133/><U18/><E113/><V62/><F62/><W85/><G112/><T99/><D114/><U10/><E78/><V15/><F15/><W6/><G38/><T7/><D126/><U43/><E130/><N who="2" m="50283" /><F37/><W45/><G95/><T91/><D28/><U12/><E1/><V56/><F56/><W132/><G102/><T67/><D44/><U53/><E12/><V71/><F71/><W27/><G31/><T82/><D7/><U30/><E30/><V50/><F50/><W49/><G49/><T64/><REACH who="0" step="1"/><D82/><REACH who="0" ten="235,264,225,266" step="2"/><U69/><E69/><V48/><F109/><W79/><G47/><T131/><D131/><U81/><E59/><V125/><F125/><W88/><G132/><T115/><D115/><U25/><E81/><V110/><F110/><W26/><G111/><T32/><D32/><U35/><E35/><V13/><F119/><AGARI ba="0,1" hai="60,61,64,67,86,87,90,91,96,99,118,119,122,123" machi="119" ten="25,3200,0" yaku="1,1,22,2,53,0" doraHai="70" doraHaiUra="105" who="0" fromWho="2" sc="235,42,264,0,225,-32,266,0" />
</Scene>
<Scene>
<INIT seed="7,0,0,4,2,10" ten="277,264,193,266" oya="3" hai0="122,17,72,39,114,46,50,28,120,3,48,37,98" hai1="31,20,25,23,5,2,115,88,65,134,127,96,18" hai2="45,101,56,93,12,29,44,0,38,47,24,99,41" hai3="40,97,123,90,94,11,78,15,107,117,57,58,34"/><W126/><G123/><T35/><D72/><U106/><E106/><V135/><F0/><W133/><G117/><T74/><D74/><U49/><E115/><V54/><F135/><W61/><G34/><T8/><D114/><U112/><E112/><V111/><F111/><W75/><G133/><T62/><D28/><U68/><E127/><V26/><F26/><W66/><G126/><T130/><D35/><U105/><E5/><V104/><F104/><W89/><G107/><T6/><D130/><U64/><E2/><V92/><F92/><W63/><G40/><T52/><D98/><U82/><E68/><V102/><F102/><W1/><G1/><T60/><D39/><U13/><E134/><V129/><F129/><W79/><G89/><T21/><D37/><U91/><E105/><V53/><F12/><W109/><G75/><T59/><D50/><U14/><E14/><V51/><REACH who="2" step="1"/><F53/><REACH who="2" ten="277,264,183,266" step="2"/><N who="3" m="33967" /><G109/><T83/><D83/><U36/><E82/><V19/><F19/><AGARI ba="0,1" hai="11,15,19,58,63,66,78,79,90,94,97" m="33967" machi="19" ten="30,2900,0" yaku="8,1,52,1" doraHai="10" who="3" fromWho="2" sc="277,0,264,0,183,-29,266,39" owari="277,8.0,264,-14.0,154,-35.0,305,41.0" />
</Scene>
</mjloggm>