<mjloggm ver="2.3"><GO type="169" lobby="0"/><UN n0="%E5%A4%AA%E3%81%8F%E3%81%AA%E3%81%84%E3%81%8A" n1="%64%6F%6F%6F%6F%77%79" n2="%E5%A4%A9%E6%9C%88%E7%B4%97%E7%9F%A2%E9%A6%99" n3="%63%6F%61" dan="18,16,16,17" rate="2265.33,2102.20,2105.07,2202.79" sx="F,M,M,M"/><TAIKYOKU oya="0"/>

<Scene>
<INIT seed="0,0,0,0,2,80" ten="250,250,250,250" oya="0" hai0="9,59,25,85,48,109,88,92,98,69,96,118,33" hai1="6,13,43,102,17,126,37,93,61,77,133,60,42" hai2="51,112,46,106,71,10,114,86,1,132,128,20,72" hai3="14,58,107,120,89,56,26,27,122,18,38,44,3"/><T104/><D118/><U19/><E77/><V22/><F72/><W12/><G3/><T67/><D109/><U95/><E6/><V74/><F74/><W24/><G107/><T40/><D69/><U52/><E13/><N who="3" m="5226" /><G18/><T65/><D9/><U50/><E102/><V49/><F71/><W30/><G89/><T101/><D98/><U116/><E37/><V79/><F106/><W115/><G115/><T16/><D33/><U4/><E4/><V35/><F1/><W90/><G90/><T76/><D76/><U125/><E50/><V105/><F105/><W84/><G84/><T100/><D100/><U54/><E116/><V103/><F35/><W75/><G75/><T55/><REACH who="0" step="1"/><D40/><REACH who="0" ten="240,250,250,250" step="2"/><U0/><REACH who="1" step="1"/><E0/><REACH who="1" ten="240,240,250,250" step="2"/><V28/><F112/><W29/><G122/><T130/><D130/><U32/><E32/><V83/><F114/><W8/><G120/><T124/><D124/><U123/><E123/><V53/><F128/><W99/><G8/><T73/><D73/><U94/><E94/><V64/><F103/><W81/><G99/><T62/><D62/><U45/><E45/><V91/><F46/><W111/><G44/><T131/><D131/><U34/><E34/><V23/><F10/><W7/><G111/><T39/><D39/><U31/><E31/><V113/><F28/><W70/><G30/><T47/><D47/><U63/><E63/><V2/><F113/><W121/><G29/><T11/><D11/><U134/><AGARI ba="0,2" hai="17,19,42,43,52,54,60,61,93,95,125,126,133,134" machi="134" ten="25,8000,1" yaku="1,1,0,1,22,2,54,1,53,0" doraHai="80" doraHaiUra="5" who="1" fromWho="1" sc="240,-40,240,100,250,-20,250,-20" />
</Scene>
<Scene>
<INIT seed="1,0,0,5,4,64" ten="200,340,230,230" oya="1" hai0="117,72,41,121,52,84,79,101,112,67,43,74,77" hai1="27,82,78,106,47,81,25,22,91,32,31,58,127" hai2="30,61,37,19,18,62,94,44,63,95,134,21,122" hai3="3,26,115,24,7,104,5,107,53,35,10,50,114"/><U38/><E106/><V57/><F122/><W45/><G107/><T118/><D67/><U20/><E127/><V90/><F134/><W69/><G104/><T36/><D84/><U119/><E119/><V128/><F128/><W97/><G97/><T86/><D86/><U70/><E91/><V51/><F37/><W2/><G69/><T49/><D36/><U100/><E100/><V56/><F30/><W132/><G132/><T89/><D89/><U125/><E70/><V88/><F90/><W14/><G14/><T109/><D101/><U129/><E58/><N who="2" m="22635" /><F95/><W1/><G35/><T75/><D112/><U9/><E31/><V46/><F21/><W73/><G73/><T11/><D121/><U131/><E9/><V83/><F83/><W103/><G103/><T111/><D11/><U130/><E38/><V116/><F116/><W60/><G10/><T87/><D87/><U48/><E125/><V105/><F105/><W102/><G102/><T39/><D39/><U93/><E93/><V42/><F46/><W76/><G114/><T34/><D34/><U66/><E66/><V55/><F42/><N who="0" m="15882" /><D118/><U123/><E123/><V135/><F135/><W0/><G115/><T33/><D33/><U71/><E71/><V12/><F12/><W120/><G120/><T98/><D117/><U80/><E32/><V113/><F113/><W99/><G0/><T68/><D68/><U110/><E130/><V29/><F29/><W28/><G28/><T54/><D98/><AGARI ba="0,0" hai="18,19,44,51,55,61,62,63,88,94,98" m="22635" machi="98" ten="30,2000,0" yaku="8,1,54,1" doraHai="64" who="2" fromWho="0" sc="200,-20,340,0,230,20,230,0" />
</Scene>
<Scene>
<INIT seed="2,0,0,1,5,119" ten="180,340,250,230" oya="2" hai0="48,36,116,108,3,27,14,122,102,8,94,10,128" hai1="65,123,31,131,58,78,106,135,112,68,88,97,24" hai2="26,5,121,15,25,4,109,81,104,83,64,2,30" hai3="0,134,120,37,90,44,133,111,105,19,55,50,110"/><V115/><F104/><W77/><G105/><T21/><D36/><U103/><E112/><V67/><F115/><W89/><G0/><T45/><D116/><U57/><E78/><V132/><F132/><N who="3" m="50795" /><G120/><T69/><D69/><U114/><E114/><V130/><F130/><W42/><G19/><T96/><D128/><U23/><E135/><V28/><F2/><W126/><G77/><T17/><D108/><N who="3" m="41513" /><G126/><T124/><D124/><U32/><E131/><V51/><F109/><W66/><G66/><T40/><D3/><U54/><E123/><V82/><F82/><W62/><G62/><T93/><D122/><U22/><E88/><V107/><F107/><W20/><G20/><N who="1" m="7722" /><E54/><V38/><F121/><W11/><G11/><T34/><D34/><U1/><E1/><V87/><F87/><W84/><G84/><T76/><D76/><U95/><E95/><V39/><REACH who="2" step="1"/><F15/><REACH who="2" ten="180,340,240,230" step="2"/><W100/><G100/><T63/><D14/><U91/><E91/><V56/><F56/><AGARI ba="0,1" hai="37,42,44,50,55,56,89,90" m="41513,50795" machi="56" ten="30,2000,0" yaku="20,1,14,1" doraHai="119" who="3" fromWho="2" sc="180,0,340,0,240,-20,230,30" />
</Scene>
<Scene>
<INIT seed="3,0,0,5,2,11" ten="180,340,220,260" oya="3" hai0="6,62,40,20,132,69,109,37,70,76,115,128,96" hai1="93,106,110,84,91,73,8,44,18,58,88,54,100" hai2="10,31,123,0,67,98,17,60,51,59,21,102,99" hai3="19,53,86,3,57,56,1,32,26,29,122,105,27"/><W22/><G105/><T94/><D76/><U74/><E110/><V55/><F123/><W97/><G122/><T47/><D109/><U124/><E124/><V82/><F82/><W33/><G97/><T15/><D128/><U79/><E44/><V34/><F34/><W13/><G86/><T104/><D104/><U25/><E79/><V101/><F31/><W39/><G39/><T111/><D111/><U107/><E91/><V12/><F0/><W45/><G45/><T103/><D132/><U52/><E54/><V48/><F10/><W30/><G57/><T117/><D117/><U125/><E125/><V2/><F2/><W71/><G71/><T134/><D134/><U81/><E25/><V87/><F87/><W23/><REACH who="3" step="1"/><G22/><REACH who="3" ten="180,340,220,250" step="2"/><T80/><D20/><U5/><E58/><N who="2" m="37271" /><F48/><AGARI ba="0,1" hai="1,3,13,19,23,26,27,29,30,32,33,48,53,56" machi="48" ten="30,11600,0" yaku="1,1,7,1,9,1,52,1,53,0" doraHai="11" doraHaiUra="85" who="3" fromWho="2" sc="180,0,340,0,220,-116,250,126" />
</Scene>
<Scene>
<INIT seed="3,1,0,5,5,72" ten="180,340,104,376" oya="3" hai0="124,50,22,122,128,85,111,47,48,100,93,66,115" hai1="94,123,3,20,70,1,42,68,34,99,33,127,125" hai2="43,19,11,54,86,44,37,132,131,60,133,10,16" hai3="52,2,113,101,26,7,6,80,106,59,17,53,109"/><W13/><G113/><T55/><D122/><U15/><E123/><V28/><F28/><W98/><G109/><T81/><D111/><U91/><E42/><V31/><F31/><W135/><G135/><N who="2" m="51785" /><F131/><W0/><G26/><T25/><D128/><U69/><E20/><V75/><F75/><W49/><G53/><T116/><D116/><U74/><E15/><V32/><F32/><N who="1" m="12393" /><E74/><V83/><F60/><W126/><G126/><AGARI ba="1,0" hai="1,3,68,69,70,91,94,99,125,126,127" m="12393" machi="126" ten="40,1300,0" yaku="18,1" doraHai="72" who="1" fromWho="3" sc="180,0,340,16,104,0,376,-16" />
</Scene>
<Scene>
<INIT seed="4,0,0,5,2,62" ten="180,356,104,360" oya="0" hai0="57,55,58,63,86,65,5,104,134,116,73,52,120" hai1="90,79,26,75,107,21,0,118,127,23,119,94,43" hai2="41,123,51,7,8,110,47,15,105,88,131,112,35" hai3="122,6,95,121,18,111,99,97,22,2,69,132,72"/><T54/><D73/><U1/><E107/><V83/><F35/><W91/><G111/><T12/><D116/><U10/><E43/><V49/><F110/><W96/><G72/><T85/><D120/><N who="3" m="46185" /><G69/><T74/><D74/><U36/><E36/><V14/><F105/><W113/><G113/><T125/><D104/><U48/><E48/><V25/><F123/><W44/><G132/><T70/><D134/><U27/><E79/><V124/><F112/><W130/><G130/><T11/><D125/><U16/><E75/><V3/><F131/><W126/><G126/><T68/><REACH who="0" step="1"/><D57/><REACH who="0" ten="170,356,104,360" step="2"/><U4/><E127/><V40/><F124/><W42/><G44/><T76/><D76/><U115/><E115/><V60/><F47/><W24/><G42/><T103/><D103/><U84/><REACH who="1" step="1"/><E1/><REACH who="1" ten="170,346,104,360" step="2"/><V92/><F3/><W66/><G2/><T87/><AGARI ba="0,2" hai="5,11,12,52,54,55,58,63,65,68,70,85,86,87" machi="87" ten="30,11700,0" yaku="1,1,0,1,52,1,54,1,53,0" doraHai="62" doraHaiUra="46" who="0" fromWho="0" sc="170,137,346,-39,104,-39,360,-39" />
</Scene>
<Scene>
<INIT seed="4,1,0,2,3,80" ten="307,307,65,321" oya="0" hai0="6,103,24,48,42,38,67,65,10,86,94,89,104" hai1="9,92,7,60,110,100,108,79,91,113,29,52,17" hai2="112,31,40,12,82,107,3,43,125,72,13,85,27" hai3="73,78,121,126,54,98,132,35,115,99,69,62,30"/><T45/><D38/><U41/><E100/><V25/><F3/><W123/><G115/><T59/><D59/><U21/><E29/><V135/><F112/><W49/><G126/><T37/><D37/><U74/><E41/><V61/><F125/><W84/><G73/><T66/><D24/><U102/><E102/><V88/><F72/><W8/><G132/><T130/><D130/><U109/><E113/><V26/><F107/><W11/><G30/><T32/><D32/><U15/><E74/><V20/><F135/><W2/><G35/><T22/><D22/><U122/><E79/><V75/><F75/><W114/><G114/><T124/><D124/><U34/><E34/><V14/><F61/><W18/><G18/><T36/><D36/><U63/><E52/><V55/><F55/><W120/><G2/><T1/><REACH who="0" step="1"/><D67/><REACH who="0" ten="297,307,65,321" step="2"/><U134/><E134/><V33/><REACH who="2" step="1"/><F26/><REACH who="2" ten="297,307,55,321" step="2"/><W119/><G121/><T116/><D116/><U4/><E122/><V81/><F81/><W111/><G119/><T96/><AGARI ba="1,2" hai="1,6,10,42,45,48,65,66,86,89,94,96,103,104" machi="96" ten="30,6000,0" yaku="1,1,0,1,52,1,53,0" doraHai="80" doraHaiUra="131" who="0" fromWho="0" sc="297,83,307,-21,55,-21,321,-21" />
</Scene>
<Scene>
<INIT seed="4,2,0,0,1,40" ten="380,286,34,300" oya="0" hai0="53,113,50,116,109,32,42,45,72,80,49,52,75" hai1="115,133,98,18,122,13,120,0,25,22,19,82,93" hai2="51,20,118,3,114,21,106,102,6,73,121,91,36" hai3="117,105,68,132,57,62,23,88,112,86,104,1,123"/><T99/><D116/><U81/><E0/><V56/><F118/><W27/><G117/><T34/><D113/><U43/><E115/><V103/><F114/><W92/><G112/><T84/><D109/><U135/><E43/><V97/><F121/><W67/><G123/><T96/><D42/><U83/><E122/><V78/><F36/><W111/><G111/><T7/><D7/><U110/><E120/><V60/><F102/><W2/><G132/><T10/><D10/><U47/><E47/><V119/><F119/><W130/><G130/><T15/><D15/><U9/><REACH who="1" step="1"/><E110/><REACH who="1" ten="380,276,34,300" step="2"/><V46/><F3/><W128/><G128/><T26/><D26/><U16/><E16/><V54/><F6/><W12/><G2/><T94/><D32/><U37/><E37/><V28/><F28/><W71/><G1/><T8/><D34/><U129/><E129/><V29/><F29/><W79/><G12/><T74/><D8/><U107/><E107/><V38/><F38/><W35/><G35/><T61/><D61/><U30/><E30/><V126/><F126/><W24/><G24/><T90/><REACH who="0" step="1"/><D94/><REACH who="0" ten="370,276,34,300" step="2"/><U64/><E64/><V70/><F20/><W131/><G131/><T87/><D87/><U5/><E5/><V101/><F21/><W11/><G11/><T17/><D17/><U31/><E31/><V14/><F14/><W63/><G63/><T44/><AGARI ba="2,2" hai="44,45,49,50,52,53,72,74,75,80,84,90,96,99" machi="44" ten="30,18000,2" yaku="1,1,0,1,9,1,52,2,54,1,53,1" doraHai="40" doraHaiUra="76" who="0" fromWho="0" sc="370,206,276,-62,34,-62,300,-62" owari="576,68.0,214,-19.0,-28,-53.0,238,4.0" />
</Scene>
</mjloggm>