<mjloggm ver="2.3"><GO type="169" lobby="0"/><UN n0="%E5%AE%89%E7%9C%A0%E3%83%9E%E3%82%AF%E3%83%A9" n1="%E5%A4%AA%E3%81%8F%E3%81%AA%E3%81%84%E3%81%8A" n2="%E4%BA%BA%E9%B3%A5%E4%BE%8D%E6%A5%B5" n3="%41%6D%41" dan="17,17,17,16" rate="2164.91,2150.52,2197.16,2135.76" sx="F,M,M,M"/><TAIKYOKU oya="0"/>

<Scene>
<INIT seed="0,0,0,4,2,32" ten="250,250,250,250" oya="0" hai0="5,107,115,21,55,49,92,31,87,4,89,82,77" hai1="35,67,26,14,109,22,103,113,30,53,98,108,130" hai2="44,19,76,25,50,46,86,8,41,97,118,1,84" hai3="60,105,123,34,124,121,126,12,128,131,10,59,20"/><T70/><D70/><U102/><E130/><N who="3" m="49706" /><G105/><T119/><D107/><U3/><E113/><V80/><F118/><W73/><G34/><T45/><D115/><U37/><E37/><V16/><F97/><W85/><G85/><N who="0" m="52271" /><D119/><U81/><E67/><V23/><F46/><W91/><G91/><T112/><D112/><U40/><E40/><V47/><F47/><W71/><G59/><T6/><D21/><U28/><E81/><V51/><F51/><W106/><G106/><T127/><D127/><N who="3" m="48681" /><G73/><T125/><D125/><U42/><E35/><V56/><F56/><W63/><G71/><T29/><AGARI ba="0,0" hai="4,5,6,29,31,45,49,55,77,82,87" m="52271" machi="29" ten="30,1500,0" yaku="8,1" doraHai="32" who="0" fromWho="0" sc="250,15,250,-5,250,-5,250,-5" />
</Scene>
<Scene>
<INIT seed="0,1,0,0,1,90" ten="265,245,245,245" oya="0" hai0="21,79,19,106,88,7,112,45,41,18,122,2,52" hai1="47,10,5,56,30,126,121,4,57,1,55,14,15" hai2="8,46,38,107,59,92,81,20,109,36,86,60,72" hai3="37,24,117,96,32,95,76,69,132,17,53,131,89"/><T130/><D112/><U115/><E121/><V49/><F107/><W111/><G117/><T11/><D122/><U43/><E115/><V64/><F109/><W65/><G37/><T120/><D120/><U9/><E126/><V68/><F72/><W104/><G111/><T34/><D34/><U99/><E30/><V0/><F68/><W3/><G3/><T33/><D33/><U83/><E1/><V101/><F20/><W25/><G131/><T42/><D106/><U102/><E55/><V103/><F8/><W54/><G76/><T28/><D79/><U51/><REACH who="1" step="1"/><E83/><REACH who="1" ten="265,235,245,245" step="2"/><V93/><F0/><W67/><G67/><T110/><D2/><U39/><E39/><V94/><F36/><W134/><G134/><T78/><D52/><U119/><E119/><V16/><F38/><W62/><G132/><T108/><D28/><U75/><E75/><V127/><F127/><W29/><G53/><T84/><D110/><U87/><E87/><V74/><F74/><W22/><G54/><T50/><D108/><U13/><E13/><V123/><F123/><W40/><REACH who="3" step="1"/><G104/><AGARI ba="1,1" hai="4,5,9,10,14,15,43,47,51,56,57,99,102,104" machi="104" ten="30,3900,0" yaku="1,1,7,1,9,1,53,0" doraHai="90" doraHaiUra="85" who="1" fromWho="3" sc="265,0,235,52,245,0,245,-42" />
</Scene>
<Scene>
<INIT seed="1,0,0,0,4,118" ten="265,287,245,203" oya="1" hai0="7,126,42,70,107,13,98,73,2,15,11,30,53" hai1="108,103,68,9,109,25,91,55,36,67,58,122,24" hai2="56,75,35,28,110,102,10,64,127,69,48,119,18" hai3="27,83,132,63,31,37,88,47,52,17,115,125,19"/><U94/><E103/><V93/><F75/><W54/><G115/><T104/><D73/><U51/><E36/><V131/><F69/><W21/><G132/><T40/><D70/><U61/><E9/><V106/><F106/><W46/><G125/><T114/><D114/><U80/><E80/><V1/><F127/><W124/><G124/><T74/><D74/><U0/><E0/><V79/><F79/><W20/><G37/><T22/><D107/><U59/><E68/><V120/><F28/><W90/><G31/><T105/><D105/><U134/><E134/><V87/><F35/><W26/><G63/><T32/><D53/><U95/><E122/><V133/><F120/><W41/><G41/><T81/><D81/><AGARI ba="0,0" hai="17,19,20,21,26,27,46,47,52,54,81,83,88,90" machi="81" ten="25,8000,1" yaku="22,2,8,1,54,2" doraHai="118" who="3" fromWho="0" sc="265,-80,287,0,245,0,203,80" />
</Scene>
<Scene>
<INIT seed="2,0,0,1,4,123" ten="185,287,245,283" oya="2" hai0="66,47,73,8,68,121,25,30,14,111,37,132,36" hai1="122,29,24,71,1,21,98,2,45,56,91,33,18" hai2="84,15,3,44,60,5,107,92,93,118,0,100,57" hai3="102,125,87,76,119,59,95,49,20,34,17,133,54"/><V99/><F118/><W16/><G119/><T115/><D121/><U22/><E71/><V9/><F44/><W51/><G34/><T120/><D120/><U74/><E74/><V88/><REACH who="2" step="1"/><F107/><REACH who="2" ten="185,287,235,283" step="2"/><W94/><G133/><T63/><D47/><U124/><E45/><V55/><AGARI ba="0,1" hai="0,3,5,9,15,55,57,60,84,88,92,93,99,100" machi="55" ten="20,12000,1" yaku="1,1,2,1,0,1,7,1,54,1,53,0" doraHai="123" doraHaiUra="127" who="2" fromWho="2" sc="185,-40,287,-40,235,130,283,-40" />
</Scene>
<Scene>
<INIT seed="2,1,0,1,3,43" ten="145,247,365,243" oya="2" hai0="63,12,70,61,6,23,130,96,45,59,84,40,90" hai1="111,65,105,22,67,35,93,55,72,10,15,4,73" hai2="16,60,126,91,120,56,46,0,97,30,41,49,39" hai3="125,94,17,103,32,121,78,118,36,85,69,134,51"/><V37/><F120/><W28/><G121/><T101/><D130/><U38/><E35/><V83/><F0/><W112/><G36/><T8/><D70/><U44/><E105/><V71/><F30/><W62/><G118/><T27/><D96/><U66/><E111/><V34/><F34/><W114/><G134/><T135/><D101/><U117/><E117/><V77/><F71/><W53/><G17/><T50/><D59/><U124/><E124/><V123/><F123/><W89/><G78/><T88/><D135/><U76/><E76/><V24/><F126/><W102/><G125/><T25/><D90/><U26/><E93/><N who="2" m="56511" /><F39/><W116/><G116/><T99/><D99/><U86/><E86/><N who="2" m="48495" /><F37/><W113/><G62/><N who="0" m="23563" /><D23/><U104/><E104/><V75/><F75/><W106/><G69/><T132/><D132/><U92/><E92/><AGARI ba="1,0" hai="6,8,12,25,27,40,45,50,84,88,92" m="23563" machi="92" ten="30,3900,0" yaku="8,1,52,1,54,1" doraHai="43" who="0" fromWho="1" sc="145,42,247,-42,365,0,243,0" />
</Scene>
<Scene>
<INIT seed="3,0,0,0,1,10" ten="187,205,365,243" oya="3" hai0="130,58,80,76,48,93,134,40,72,7,114,33,42" hai1="87,52,112,67,26,32,133,118,92,62,103,81,113" hai2="69,38,23,115,2,63,89,77,56,91,106,53,27" hai3="70,59,127,116,44,8,34,111,135,4,25,83,90"/><W21/><G116/><T5/><D33/><U82/><E118/><V1/><F106/><W37/><G70/><T14/><D130/><U101/><E133/><V54/><F38/><W45/><G34/><T88/><D134/><U47/><E32/><V64/><F77/><W46/><G135/><T123/><D123/><U18/><E113/><V39/><F39/><W108/><G127/><T100/><D100/><U121/><E112/><V125/><F125/><W6/><G59/><T128/><D128/><U79/><E121/><V126/><F126/><W117/><G37/><T55/><D114/><U57/><E92/><V24/><F1/><W105/><G105/><T3/><D3/><U97/><E97/><V61/><F2/><W86/><G117/><T109/><D109/><N who="3" m="42057" /><G8/><T85/><REACH who="0" step="1"/><D7/><REACH who="0" ten="177,205,365,243" step="2"/><U16/><E103/><V29/><F115/><W12/><G4/><T102/><D102/><U17/><E101/><V96/><F69/><W50/><G50/><T124/><D124/><U51/><REACH who="1" step="1"/><E82/><REACH who="1" ten="177,195,365,243" step="2"/><V75/><F63/><W49/><G83/><T65/><D65/><U71/><BYE who="0" /><E71/><V22/><F64/><W9/><G49/><T30/><D30/><U68/><E68/><V19/><F61/><W122/><G122/><T95/><D95/><U66/><E66/><V78/><F29/><W36/><G36/><T60/><D60/><U74/><E74/><V98/><F75/><W110/><G110/><T41/><D41/><U11/><E11/><V28/><F28/><W13/><G9/><T104/><D104/><U20/><AGARI ba="0,2" hai="16,17,18,20,26,47,51,52,57,62,67,79,81,87" machi="20" ten="30,8000,1" yaku="1,1,0,1,8,1,54,2,53,0" doraHai="10" doraHaiUra="35" who="1" fromWho="1" sc="177,-20,195,100,365,-20,243,-40" />
</Scene>
<Scene>
<INIT seed="4,0,0,2,5,78" ten="157,295,345,203" oya="0" hai0="40,86,110,28,39,19,34,67,9,113,91,123,77" hai1="36,88,26,15,105,115,0,99,62,48,20,65,8" hai2="109,108,107,119,117,55,135,43,30,17,6,14,29" hai3="54,33,72,112,129,106,81,121,104,59,42,46,102"/><T73/><D73/><U94/><E36/><UN n0="%E5%AE%89%E7%9C%A0%E3%83%9E%E3%82%AF%E3%83%A9" /><V57/><F107/><W132/><G33/><T75/><D123/><U47/><E0/><V114/><F43/><W76/><G121/><T79/><D67/><U11/><E115/><V126/><F114/><W130/><G112/><T85/><D113/><U27/><E105/><V1/><F57/><W84/><G132/><T125/><D75/><U93/><E93/><V122/><F122/><W69/><G69/><T90/><D125/><U58/><E15/><V74/><F55/><W111/><G111/><T24/><D110/><N who="2" m="42602" /><F74/><W96/><G104/><T82/><D9/><U13/><E20/><N who="2" m="11319" /><F135/><W49/><REACH who="3" step="1"/><G72/><REACH who="3" ten="157,295,345,193" step="2"/><T35/><D35/><U103/><E103/><V116/><F126/><W38/><AGARI ba="0,1" hai="38,42,46,49,54,59,76,81,84,96,102,106,129,130" machi="38" ten="30,12000,2" yaku="1,1,2,1,0,1,52,1,53,2" doraHai="78" doraHaiUra="127" who="3" fromWho="3" sc="157,-60,295,-30,345,-30,193,130" />
</Scene>
<Scene>
<INIT seed="5,0,0,1,0,19" ten="97,265,315,323" oya="1" hai0="69,6,52,41,122,73,45,128,43,23,94,15,11" hai1="51,68,116,54,47,20,121,62,4,30,118,117,80" hai2="13,129,85,34,61,97,114,0,56,39,109,120,25" hai3="130,93,74,105,42,98,24,89,22,14,35,87,9"/><U33/><E121/><V111/><F39/><W110/><G74/><T29/><D73/><U44/><E4/><V126/><F120/><W79/><G110/><T119/><D122/><U7/><E7/><V3/><F3/><W100/><G79/><T18/><D18/><U36/><BYE who="0" /><E33/><V26/><F0/><W48/><G35/><T67/><D67/><U132/><E80/><V125/><F114/><W78/><G78/><T135/><D135/><U77/><E77/><V112/><F112/><W60/><G60/><T115/><D115/><U76/><E76/><V81/><F97/><W131/><G42/><T127/><D127/><N who="2" m="48650" /><F13/><W49/><G9/><T124/><D124/><U10/><E10/><V40/><F40/><W86/><G86/><T88/><D88/><U108/><E132/><V82/><F34/><W104/><G14/><T21/><D21/><U16/><E108/><N who="2" m="41547" /><F129/><N who="3" m="49163" /><G105/><UN n0="%E5%AE%89%E7%9C%A0%E3%83%9E%E3%82%AF%E3%83%A9" /><T134/><D128/><U66/><BYE who="0" /><E36/><V70/><F70/><W63/><G63/><T113/><D113/><U64/><E64/><N who="2" m="38951" /><F82/><W75/><G75/><T65/><D65/><U46/><REACH who="1" step="1"/><E30/><AGARI ba="0,0" hai="22,24,30,48,49,87,89,93,98,100,104" m="49163" machi="30" ten="30,2000,0" yaku="19,1,52,1" doraHai="19" who="3" fromWho="1" sc="97,0,265,-20,315,0,323,20" />
</Scene>
<Scene>
<INIT seed="6,0,0,2,3,1" ten="97,245,315,343" oya="2" hai0="21,109,61,56,48,89,41,46,49,12,126,132,47" hai1="38,29,105,44,108,74,82,0,27,73,104,67,15" hai2="92,60,76,87,128,78,72,39,117,123,121,122,36" hai3="28,68,11,30,34,14,130,43,69,110,80,22,10"/><V88/><F60/><W127/><G110/><T134/><D134/><U7/><E15/><V124/><F117/><W4/><G130/><T58/><D58/><U66/><E108/><V5/><F128/><W26/><G127/><T64/><D64/><U62/><E67/><V79/><F124/><W125/><G125/><T99/><D99/><U2/><E2/><V59/><F59/><W113/><G43/><T53/><D53/><U70/><E27/><V13/><REACH who="2" step="1"/><F72/><REACH who="2" ten="97,245,305,343" step="2"/><W54/><G69/><T23/><D23/><U84/><E73/><V86/><F86/><W90/><G22/><T107/><D107/><U129/><E129/><V25/><F25/><W100/><G68/><T114/><D114/><U96/><E84/><V17/><F17/><W97/><G113/><T6/><D6/><U115/><E115/><V63/><F63/><W37/><G4/><T98/><D98/><U20/><E96/><V19/><F19/><W131/><G131/><T75/><D75/><U65/><E20/><V118/><F118/><W40/><G26/><T135/><D135/><U3/><E66/><V119/><F119/><W94/><G97/><T35/><D35/><U71/><E71/><V111/><F111/><W93/><G34/><T133/><D133/><U51/><E7/><V9/><AGARI ba="0,1" hai="5,9,13,36,39,76,78,79,87,88,92,121,122,123" machi="9" ten="40,12000,1" yaku="1,1,0,1,52,1,54,1,53,0" doraHai="1" doraHaiUra="103" who="2" fromWho="2" sc="97,-40,245,-40,305,130,343,-40" />
</Scene>
<Scene>
<INIT seed="6,1,0,1,3,50" ten="57,205,435,303" oya="2" hai0="63,92,105,87,109,34,32,77,21,53,58,45,62" hai1="38,129,98,88,101,69,54,81,93,28,15,116,44" hai2="100,113,46,4,110,42,60,134,37,52,124,72,36" hai3="130,31,107,122,61,76,43,7,12,135,18,73,23"/><V2/><F72/><W55/><G122/><T74/><D74/><U25/><E116/><V0/><F110/><W106/><G43/><T71/><D71/><U1/><E1/><V85/><F100/><W75/><G135/><T117/><D117/><U120/><E69/><V30/><F30/><W16/><G7/><T5/><D5/><U8/><E120/><V51/><F134/><W126/><G31/><T127/><D127/><U78/><E129/><V82/><F124/><W65/><G126/><T123/><D123/><U96/><E38/><V86/><F4/><W118/><G118/><T19/><D19/><U10/><E78/><V125/><F125/><W56/><G130/><T29/><D29/><U40/><E40/><V6/><F6/><W108/><G108/><T9/><D9/><U128/><E128/><V112/><F86/><W90/><G90/><T104/><D104/><U91/><E81/><V103/><F103/><W49/><G75/><T83/><D83/><U20/><E15/><V94/><F94/><W14/><G76/><T47/><D47/><U84/><E91/><N who="2" m="51639" /><F60/><W17/><G73/><T114/><D114/><N who="2" m="44138" /><F36/><W111/><G111/><T79/><D79/><U70/><E70/><V13/><F13/><W97/><G97/><N who="1" m="37482" /><E101/><V3/><F0/><W102/><G102/><T133/><D133/><U59/><E44/><AGARI ba="1,0" hai="2,3,37,42,44,46,51,52" m="44138,51639" machi="44" ten="30,5800,0" yaku="15,1,52,1,54,1" doraHai="50" who="2" fromWho="1" sc="57,0,205,-61,435,61,303,0" />
</Scene>
<Scene>
<INIT seed="6,2,0,3,4,6" ten="57,144,496,303" oya="2" hai0="4,39,24,55,15,88,49,94,0,93,63,96,13" hai1="19,121,41,12,67,2,57,81,26,87,43,28,124" hai2="23,58,116,73,77,74,8,54,99,3,111,104,98" hai3="10,25,113,53,105,9,14,90,44,108,34,128,69"/><V75/><F116/><W134/><G105/><T68/><D68/><U62/><E2/><V112/><F112/><W7/><G69/><T64/><D64/><U30/><E124/><V61/><F111/><W29/><G108/><T16/><D16/><U59/><E121/><V91/><F77/><W48/><G134/><T106/><D106/><U133/><E57/><V110/><F110/><W86/><G128/><T132/><D132/><U97/><E97/><V123/><F123/><W66/><G66/><T36/><D36/><U46/><E133/><V47/><F104/><W95/><G113/><T31/><D31/><N who="1" m="11819" /><E46/><V76/><F76/><W35/><REACH who="3" step="1"/><G10/><REACH who="3" ten="57,144,496,293" step="2"/><T118/><D118/><U120/><E120/><V85/><F8/><W52/><G52/><T126/><D126/><U45/><E67/><V79/><F54/><W135/><G135/><T72/><D72/><U11/><E11/><V60/><F75/><W18/><G18/><T38/><D38/><U65/><E19/><V20/><F73/><W127/><G127/><T40/><D40/><U122/><E43/><V115/><F74/><W107/><G107/><T21/><D21/><AGARI ba="2,1" hai="7,9,14,21,25,29,34,35,44,48,53,86,90,95" machi="21" ten="30,3900,0" yaku="1,1,7,1,52,1,53,0" doraHai="6" doraHaiUra="33" who="3" fromWho="0" sc="57,-45,144,0,496,0,293,55" />
</Scene>
<Scene>
<INIT seed="7,0,0,1,3,31" ten="12,144,496,348" oya="3" hai0="5,39,7,103,102,69,118,20,91,135,132,8,30" hai1="29,47,55,21,18,94,28,16,108,22,96,81,125" hai2="11,53,71,15,51,105,116,82,13,27,85,40,34" hai3="104,59,45,115,3,62,12,48,4,111,106,126,117"/><W95/><G117/><T66/><D66/><U9/><E108/><V110/><F105/><W57/><G3/><T107/><D107/><U88/><E125/><V123/><F110/><W65/><G111/><T79/><D79/><U80/><E9/><V46/><F71/><W73/><G73/><T72/><D72/><U78/><E47/><V41/><F116/><W122/><G122/><T23/><D23/><U109/><E109/><V67/><F67/><W90/><G115/><T93/><D93/><U61/><E80/><V63/><F63/><W92/><G126/><T49/><D49/><U74/><E22/><V50/><F15/><W43/><G104/><T6/><D6/><U128/><E18/><V83/><F83/><W26/><G106/><T134/><D134/><U113/><E128/><V10/><F10/><W101/><G101/><T56/><D56/><U64/><E113/><V133/><F133/><W52/><G26/><T99/><D99/><U58/><REACH who="1" step="1"/><E64/><REACH who="1" ten="12,134,496,348" step="2"/><V25/><F25/><AGARI ba="0,1" hai="16,21,25,28,29,55,58,61,74,78,81,88,94,96" machi="25" ten="30,12000,2" yaku="1,1,2,1,7,1,25,2,54,2,53,0" doraHai="31" doraHaiUra="131" who="1" fromWho="2" sc="12,0,134,130,496,-120,348,0" owari="12,-49.0,264,-14.0,376,48.0,348,15.0" />
</Scene>
</mjloggm>