<mjloggm ver="2.3"><GO type="169" lobby="0"/><UN n0="%E5%AE%AE%E6%9C%AC%E4%BE%86%E5%A4%8F" n1="%E5%A4%AA%E3%81%8F%E3%81%AA%E3%81%84%E3%81%8A" n2="%E9%AB%98%E7%94%BA%E3%83%B4%E3%82%A3%E3%83%B4%E3%82%A3%E3%82%AA%E2%98%86" n3="%E3%81%8D%E3%81%BF%E3%81%9F%E3%81%BE%E3%81%94" dan="16,17,16,16" rate="2139.50,2179.57,2120.69,2136.17" sx="F,M,F,M"/><TAIKYOKU oya="0"/>

<Scene>
<INIT seed="0,0,0,5,1,12" ten="250,250,250,250" oya="0" hai0="18,26,28,34,89,5,49,122,111,92,67,35,29" hai1="37,3,57,105,69,62,90,107,132,47,120,25,59" hai2="33,30,19,96,129,32,39,50,73,85,94,113,130" hai3="52,108,65,95,46,80,54,15,98,68,100,97,31"/><T109/><D122/><U86/><E120/><V106/><F39/><W79/><G108/><N who="0" m="41547" /><D67/><U102/><E3/><V115/><F73/><W60/><G31/><N who="0" m="11851" /><D5/><U38/><E69/><V22/><F106/><W84/><G46/><T41/><D49/><U56/><E62/><V48/><F85/><W43/><G43/><T76/><D76/><U104/><E25/><V112/><F50/><W36/><G36/><T44/><D44/><U11/><E47/><V71/><F71/><W83/><G98/><N who="0" m="57615" /><D41/><U124/><E37/><V16/><F48/><W77/><REACH who="3" step="1"/><G15/><REACH who="3" ten="250,250,250,240" step="2"/><T10/><D26/><U20/><E38/><V126/><F115/><W51/><G51/><T114/><D114/><U58/><E105/><V13/><F113/><W66/><G66/><T116/><D116/><U78/><E107/><V61/><F112/><W14/><G14/><AGARI ba="0,1" hai="10,14,18,34,35" m="57615,11851,41547" machi="14" ten="30,5800,0" yaku="14,1,10,1,52,1" doraHai="12" who="0" fromWho="3" sc="250,68,250,0,250,0,240,-58" />
</Scene>
<Scene>
<INIT seed="0,1,0,3,2,54" ten="318,250,250,182" oya="0" hai0="2,81,80,111,17,97,128,48,89,24,34,124,92" hai1="1,72,120,27,5,109,126,32,23,18,131,127,93" hai2="106,42,26,60,83,64,33,119,91,16,21,88,15" hai3="11,95,130,102,45,135,103,77,3,6,28,44,101"/><T20/><D2/><U67/><E72/><V39/><F106/><W134/><G77/><T118/><D118/><U75/><E75/><V73/><F119/><W79/><G130/><T122/><D122/><U7/><E93/><V35/><F39/><W57/><G79/><T74/><D128/><U10/><E131/><V123/><F123/><W129/><G28/><T71/><D71/><U90/><E90/><V115/><F115/><W49/><G95/><T29/><D74/><U133/><E67/><V36/><F36/><W105/><G105/><T94/><D124/><N who="1" m="47659" /><E120/><V116/><F42/><W37/><G37/><T112/><D112/><U86/><E86/><V65/><F65/><W125/><G129/><T52/><D94/><U53/><E53/><V78/><F116/><W121/><G121/><T8/><D111/><U58/><E58/><V61/><F61/><W4/><G4/><T76/><D76/><U59/><E59/><V87/><F26/><W14/><G3/><T62/><D62/><U68/><E68/><V132/><F132/><N who="3" m="50731" /><G125/><T66/><D66/><U22/><E133/><V13/><F91/><W108/><G108/><T63/><D63/><U47/><E109/><V19/><F78/><W85/><G85/><T31/><D34/><U46/><E32/><V70/><REACH who="2" step="1"/><F73/><REACH who="2" ten="318,250,240,182" step="2"/><W50/><G50/><T9/><D29/><N who="1" m="17655" /><E5/><V104/><F104/><W38/><G38/><T41/><D41/><U55/><E55/><AGARI ba="1,1" hai="6,11,14,44,45,49,55,57,101,102,103" m="50731" machi="55" ten="30,2000,0" yaku="20,1,52,1" doraHai="54" who="3" fromWho="1" sc="318,0,250,-23,240,0,182,33" />
</Scene>
<Scene>
<INIT seed="1,0,0,5,0,103" ten="318,227,240,215" oya="1" hai0="82,112,54,33,45,98,39,3,41,131,84,0,128" hai1="71,32,10,79,119,70,95,109,99,68,104,76,28" hai2="56,106,90,58,1,134,72,77,11,2,92,108,135" hai3="38,101,113,18,59,14,15,65,40,43,30,27,13"/><U88/><E119/><V47/><F108/><W121/><G113/><T17/><D112/><U93/><E109/><V24/><F47/><W51/><G38/><T117/><D117/><U74/><E104/><V35/><F106/><W75/><G75/><T96/><D33/><U53/><E10/><V64/><F77/><W48/><G101/><T37/><D54/><U44/><E74/><V67/><F72/><W20/><G121/><T130/><D17/><U73/><E73/><V16/><F35/><W80/><G80/><T66/><D66/><N who="2" m="25130" /><F24/><W125/><G125/><T83/><D39/><U4/><E4/><V78/><F78/><W52/><G65/><T62/><D62/><U69/><N who="1" m="17408" /><DORA hai="124" /><U50/><REACH who="1" step="1"/><E95/><REACH who="1" ten="318,217,240,215" step="2"/><V6/><F6/><W55/><REACH who="3" step="1"/><G30/><REACH who="3" ten="318,217,240,205" step="2"/><T100/><D83/><U23/><E23/><V127/><F127/><W34/><G34/><T60/><D82/><U5/><E5/><V12/><F1/><W116/><G116/><T102/><D3/><U126/><E126/><V133/><F2/><W29/><G29/><T31/><D0/><U86/><E86/><AGARI ba="0,2" hai="11,12,16,56,58,86,90,92,133,134,135" m="25130" machi="86" ten="30,2000,0" yaku="20,1,54,1" doraHai="103,124" who="2" fromWho="1" sc="318,0,217,-20,240,40,205,0" />
</Scene>
<Scene>
<INIT seed="2,0,0,1,0,90" ten="318,197,280,205" oya="2" hai0="121,75,68,47,95,134,31,16,1,2,39,117,104" hai1="111,118,62,34,33,56,30,98,80,74,6,21,91" hai2="129,38,77,28,131,14,25,40,79,124,125,35,112" hai3="107,86,54,46,58,15,26,119,122,76,87,82,23"/><V24/><F112/><W13/><G107/><T93/><D104/><U70/><E70/><V51/><F38/><W128/><G119/><T85/><D121/><U19/><E118/><V115/><F115/><W96/><G128/><N who="2" m="49225" /><F40/><W101/><G87/><T89/><D75/><U57/><E6/><V41/><F41/><W48/><G46/><T55/><D68/><U45/><E45/><V7/><F51/><W63/><G48/><N who="0" m="29087" /><D39/><U18/><E111/><V114/><F114/><W32/><G32/><T11/><D1/><U4/><E4/><V10/><F79/><W66/><G54/><T42/><D42/><U88/><E74/><V3/><F77/><W102/><G122/><T109/><D31/><U27/><E33/><N who="2" m="20615" /><F3/><W106/><G102/><T0/><D117/><U5/><E5/><V71/><F71/><W69/><G69/><T103/><D2/><U110/><E110/><V43/><F43/><W100/><G100/><T123/><D109/><U120/><E120/><V130/><F130/><W108/><G108/><T72/><D123/><U116/><E116/><V53/><F53/><W84/><G84/><N who="0" m="52391" /><D72/><U99/><E34/><V113/><F113/><W17/><AGARI ba="0,0" hai="13,15,17,23,26,58,63,66,76,82,86,96,101,106" machi="17" ten="20,1500,0" yaku="0,1,7,1" doraHai="90" who="3" fromWho="3" sc="318,-4,197,-4,280,-7,205,15" />
</Scene>
<Scene>
<INIT seed="3,0,0,5,1,53" ten="314,193,273,220" oya="3" hai0="86,73,9,3,29,25,52,7,71,123,23,103,45" hai1="75,20,67,92,42,77,124,102,129,105,100,133,127" hai2="115,79,37,132,90,61,106,104,6,65,94,15,131" hai3="112,17,72,81,118,31,36,98,130,68,22,70,47"/><W91/><G112/><T34/><D73/><U11/><E42/><V120/><F37/><W24/><G118/><T0/><D123/><U87/><E20/><V80/><F115/><W134/><G130/><T62/><D71/><U83/><E11/><V14/><F120/><W51/><G36/><T30/><D103/><N who="1" m="39467" /><E67/><V76/><F131/><W27/><G134/><T28/><D86/><U88/><E129/><V2/><F2/><W107/><G107/><T117/><D3/><U41/><E41/><V135/><F104/><W39/><G39/><T111/><D111/><U32/><E32/><V49/><F49/><W108/><G108/><T19/><D117/><U97/><E133/><N who="2" m="51275" /><F106/><W21/><G72/><T66/><D66/><U1/><E1/><V55/><F55/><W4/><G4/><T56/><D45/><U93/><E105/><V96/><F6/><W89/><G98/><T128/><D128/><U43/><E43/><V46/><F96/><W109/><G109/><T5/><D7/><U26/><E26/><AGARI ba="0,0" hai="0,5,9,19,23,25,26,28,29,30,34,52,56,62" machi="26" ten="30,3900,0" yaku="7,1,52,1,54,1" doraHai="53" who="0" fromWho="1" sc="314,39,193,-39,273,0,220,0" />
</Scene>
<Scene>
<INIT seed="4,0,0,1,1,40" ten="353,154,273,220" oya="0" hai0="32,93,94,23,73,7,74,54,133,14,103,118,102" hai1="95,114,123,6,115,2,111,105,62,3,122,109,71" hai2="19,75,48,56,13,34,121,26,117,22,69,0,43" hai3="18,59,99,132,92,44,110,38,108,65,25,126,47"/><T125/><D32/><U66/><E105/><V29/><F75/><W100/><G38/><T10/><D118/><U24/><E95/><V116/><F121/><N who="1" m="46089" /><E24/><V87/><F69/><W1/><G1/><N who="1" m="10" /><E6/><V63/><F87/><W50/><G132/><T85/><D133/><U37/><E37/><V89/><F89/><W9/><G126/><T55/><D125/><U81/><E81/><V98/><F98/><W36/><G36/><T60/><D74/><U80/><E80/><V106/><F0/><W21/><G9/><T17/><D73/><U134/><E134/><V120/><F106/><W15/><G25/><T57/><D55/><U68/><E68/><V41/><F120/><W96/><G96/><T51/><D60/><U42/><E42/><V72/><F72/><W97/><G97/><T79/><D94/><U67/><E67/><N who="2" m="39399" /><F48/><W16/><G108/><AGARI ba="0,0" hai="62,66,71,108,109,111,114,115" m="10,46089" machi="108" ten="40,1300,0" yaku="23,1" doraHai="40" who="1" fromWho="3" sc="353,0,154,13,273,0,220,-13" />
</Scene>
<Scene>
<INIT seed="5,0,0,4,4,34" ten="353,167,273,207" oya="1" hai0="25,118,106,77,27,16,45,36,116,62,51,70,108" hai1="69,19,105,22,61,98,102,43,15,42,17,30,82" hai2="84,4,64,39,28,99,110,93,50,6,53,104,49" hai3="120,3,11,24,33,65,123,114,129,57,8,85,54"/><U63/><E30/><V74/><F39/><W75/><G75/><T55/><D108/><U76/><E17/><V125/><F74/><W115/><G65/><T87/><D106/><U89/><E89/><V46/><F110/><W13/><G129/><T111/><D111/><U7/><E7/><V126/><F104/><W79/><G85/><T91/><D77/><U68/><E61/><V81/><F64/><W47/><G47/><T113/><D27/><U32/><E32/><V124/><F49/><W133/><G79/><T78/><D78/><U58/><E69/><V10/><F28/><N who="3" m="19591" /><G54/><T90/><D36/><U56/><E68/><V97/><F93/><W112/><G57/><T95/><D70/><U48/><E48/><V1/><F6/><N who="3" m="1119" /><G133/><T20/><D62/><U37/><E37/><V31/><F31/><W119/><G119/><T72/><D72/><U80/><E58/><V121/><F121/><W5/><AGARI ba="0,0" hai="5,11,13,112,114,115,120,123" m="1119,19591" machi="5" ten="30,7900,0" yaku="15,1,34,2,52,1" doraHai="34" who="3" fromWho="3" sc="353,-20,167,-39,273,-20,207,79" />
</Scene>
<Scene>
<INIT seed="6,0,0,1,2,75" ten="333,128,253,286" oya="2" hai0="1,94,112,23,78,9,39,64,81,15,127,31,99" hai1="118,28,21,135,6,128,69,77,43,13,90,17,3" hai2="91,121,86,24,97,48,120,102,34,14,96,61,30" hai3="70,93,52,35,101,50,63,7,130,42,119,134,116"/><V83/><F48/><W55/><G35/><T19/><D39/><U88/><E118/><V125/><F125/><W26/><G7/><T38/><D38/><U115/><E69/><V105/><F97/><W132/><G26/><T71/><D127/><U131/><E43/><V4/><F4/><W79/><G101/><T51/><D112/><U12/><E3/><V2/><F2/><W5/><G93/><T0/><D51/><U29/><E115/><V110/><F110/><W84/><G5/><T126/><D126/><U106/><E106/><V20/><F14/><W10/><G10/><T62/><D31/><N who="1" m="11851" /><E135/><N who="3" m="51754" /><G42/><T76/><D9/><N who="1" m="4151" /><E131/><V60/><REACH who="2" step="1"/><F20/><REACH who="2" ten="333,128,243,286" step="2"/><W45/><G130/><T124/><D124/><U49/><E128/><V80/><F80/><N who="3" m="47135" /><G116/><T66/><D1/><U113/><E113/><V107/><F107/><W68/><G119/><T46/><D0/><U104/><E104/><V65/><F65/><W85/><G85/><T108/><D108/><U89/><E49/><V129/><F129/><W133/><G133/><T109/><D109/><U67/><E67/><V32/><F32/><W22/><G22/><T111/><D64/><U56/><E56/><AGARI ba="0,1" hai="45,50,52,55,56,63,68,70" m="47135,51754" machi="56" ten="30,3900,0" yaku="20,1,52,1,54,1" doraHai="75" who="3" fromWho="1" sc="333,0,128,-39,243,0,286,49" />
</Scene>
<Scene>
<INIT seed="7,0,0,0,2,102" ten="333,89,243,335" oya="3" hai0="100,26,1,81,114,16,39,22,117,50,99,97,47" hai1="112,132,34,131,62,5,110,75,73,53,120,103,76" hai2="20,74,87,91,2,124,82,4,115,0,23,49,37" hai3="43,48,56,78,80,8,69,38,60,107,96,10,134"/><W17/><G107/><T122/><D117/><U94/><E5/><V66/><F37/><W3/><G96/><T21/><D122/><U28/><E62/><V24/><F74/><N who="3" m="43095" /><G17/><N who="0" m="12591" /><D39/><U130/><E53/><V51/><F115/><W18/><G18/><T92/><D1/><U89/><E28/><V109/><F124/><W12/><G12/><N who="0" m="9479" /><D114/><U45/><E45/><V41/><F109/><W68/><G10/><T64/><D99/><U113/><E34/><V59/><F4/><N who="3" m="1055" /><G134/><T85/><D64/><U40/><E40/><V9/><F41/><W11/><G11/><T67/><D67/><U33/><E33/><V30/><F20/><W36/><G36/><T106/><D106/><U86/><E110/><V119/><F119/><W14/><G14/><T84/><D81/><U127/><E120/><V104/><F2/><W61/><G68/><T123/><D123/><U63/><E63/><V108/><F9/><W98/><G98/><T71/><D71/><U27/><E27/><V116/><F0/><W58/><G69/><T72/><D72/><U90/><E76/><V35/><F116/><W7/><G7/><T135/><D135/><U65/><E65/><V70/><F108/><W105/><G105/><T101/><D100/><U44/><E44/><V6/><F70/><W111/><G111/><T83/><D83/><U29/><E29/><V42/><F35/><W77/><G77/><T19/><D19/><U125/><E103/><V55/><F6/><W133/><G133/><T15/><D15/><U79/><E132/><V46/><F66/><W121/><G121/><T88/><D101/><RYUUKYOKU ba="0,0" sc="333,15,89,-15,243,15,335,-15" hai0="47,50,84,85,88,92,97" hai2="23,24,30,42,46,49,51,55,59,82,87,91,104" owari="348,45.0,74,-43.0,258,-14.0,320,12.0" />
</Scene>
</mjloggm>