<mjloggm ver="2.3"><GO type="169" lobby="0"/><UN n0="%E6%A1%9C%E4%BA%95%E3%81%95%E3%82%93" n1="%E8%A3%95%E7%BE%8E%E5%AD%90" n2="%E3%83%8F%E3%82%A4%E3%83%86%E3%83%B3%E3%83%9C%E3%83%BC" n3="%E5%A4%AA%E3%81%8F%E3%81%AA%E3%81%84%E3%81%8A" dan="16,17,16,17" rate="2147.56,2213.46,2107.14,2206.33" sx="M,F,M,F"/><TAIKYOKU oya="0"/>

<Scene>
<INIT seed="0,0,0,5,0,104" ten="250,250,250,250" oya="0" hai0="29,133,91,62,124,34,43,75,89,56,51,9,63" hai1="45,100,101,67,116,2,48,52,118,98,110,102,54" hai2="108,71,55,1,76,3,80,90,105,77,68,12,21" hai3="64,38,25,58,119,15,109,88,94,114,18,31,10"/><T125/><D133/><U99/><E2/><V30/><F105/><W60/><G109/><T7/><D34/><U36/><E36/><V53/><F108/><W50/><G38/><T17/><D29/><U121/><E110/><V96/><F96/><W126/><G126/><N who="0" m="48747" /><D17/><U107/><E121/><V122/><F122/><W13/><G114/><T87/><D75/><U86/><E67/><V28/><F12/><W74/><G119/><T81/><D91/><U129/><E129/><V0/><F90/><W120/><G120/><T97/><D97/><U72/><E86/><V95/><F95/><W23/><G74/><T42/><D51/><U24/><E24/><V134/><F134/><W39/><G39/><T14/><D63/><U26/><E26/><V40/><F40/><W85/><G50/><T49/><D49/><U127/><E72/><V8/><F8/><W59/><REACH who="3" step="1"/><G15/><REACH who="3" ten="250,250,250,240" step="2"/><T33/><D33/><U79/><E127/><V5/><F0/><W27/><G27/><T16/><D7/><U41/><E118/><V115/><F5/><W47/><G47/><T37/><D37/><U130/><E116/><V128/><F115/><W111/><G111/><T73/><D73/><U32/><E48/><V66/><F3/><W44/><G44/><T22/><D9/><U84/><E45/><V135/><F1/><W92/><G92/><T78/><D78/><U6/><E79/><V82/><F135/><W132/><G132/><T46/><D46/><U19/><E6/><V20/><F128/><W65/><G65/><AGARI ba="0,1" hai="14,16,22,42,43,56,62,65,81,87,89" m="48747" machi="65" ten="30,2900,0" yaku="18,1,54,1" doraHai="104" who="0" fromWho="3" sc="250,39,250,0,250,0,240,-29" /><AGARI ba="0,0" hai="20,21,28,30,53,55,65,66,68,71,76,77,80,82" machi="65" ten="25,1600,0" yaku="22,2" doraHai="104" who="2" fromWho="3" sc="289,0,250,0,250,16,211,-16" />
</Scene>
<Scene>
<INIT seed="0,1,0,3,5,87" ten="289,250,266,195" oya="0" hai0="88,45,35,64,22,29,43,74,66,52,16,135,114" hai1="0,108,116,34,134,14,80,55,23,11,94,117,6" hai2="71,4,2,89,110,61,47,21,118,50,101,63,83" hai3="75,42,9,90,51,46,70,79,18,54,105,33,20"/><T86/><D74/><U69/><E69/><V122/><F122/><W106/><G33/><T8/><D114/><U121/><E121/><V3/><F101/><W25/><G70/><T65/><D135/><U7/><E134/><V112/><F112/><W36/><G79/><T60/><D8/><U38/><E38/><V82/><F71/><W56/><G75/><T17/><D35/><U57/><E34/><V128/><F4/><W133/><G133/><T10/><D10/><U67/><E67/><V44/><F118/><W96/><REACH who="3" step="1"/><G9/><REACH who="3" ten="289,250,266,185" step="2"/><T40/><D29/><U48/><E117/><V53/><F21/><W131/><G131/><T127/><D127/><U99/><E116/><V124/><F124/><W93/><AGARI ba="1,1" hai="18,20,25,36,42,46,51,54,56,90,93,96,105,106" machi="93" ten="30,7900,0" yaku="1,1,0,1,52,1,53,1" doraHai="87" doraHaiUra="95" who="3" fromWho="3" sc="289,-40,250,-21,266,-21,185,92" />
</Scene>
<Scene>
<INIT seed="1,0,0,2,5,130" ten="249,229,245,277" oya="1" hai0="27,54,33,98,118,74,119,71,24,36,113,0,106" hai1="75,72,7,108,22,107,46,103,132,70,26,69,89" hai2="44,56,67,31,28,49,128,62,65,41,51,16,35" hai3="13,97,120,43,58,53,91,6,76,9,60,93,81"/><U110/><E7/><V47/><F35/><W82/><G120/><T25/><D113/><U29/><E46/><V85/><F128/><W127/><G127/><T78/><D33/><N who="1" m="20663" /><E89/><V131/><F131/><W73/><G43/><T86/><D0/><U8/><E8/><V38/><F38/><W50/><REACH who="3" step="1"/><G82/><REACH who="3" ten="249,229,245,267" step="2"/><T20/><D119/><U3/><E3/><V4/><F67/><W92/><G92/><T15/><D118/><U115/><E115/><V61/><F4/><W122/><G122/><T5/><D5/><U11/><E11/><V59/><F65/><W88/><G88/><T134/><D106/><U32/><E32/><V109/><F41/><W55/><G55/><T48/><D54/><U90/><E22/><V126/><F126/><W37/><G37/><T23/><D23/><U34/><E90/><V111/><F85/><W17/><G17/><AGARI ba="0,1" hai="16,17,28,31,44,47,49,51,56,59,61,62,109,111" machi="17" ten="25,3200,0" yaku="22,2,54,1" doraHai="130" who="2" fromWho="3" sc="249,0,229,0,245,42,267,-32" />
</Scene>
<Scene>
<INIT seed="2,0,0,3,0,110" ten="249,229,287,235" oya="2" hai0="74,1,70,129,9,31,46,97,57,37,73,22,76" hai1="92,88,121,108,118,52,107,122,104,115,20,44,16" hai2="24,13,123,126,67,19,78,90,64,0,72,33,23" hai3="96,116,75,53,87,133,91,82,103,2,51,34,50"/><V38/><F123/><N who="1" m="47113" /><E115/><V43/><F126/><W69/><G116/><T77/><D70/><U45/><E108/><V102/><F102/><W32/><G2/><T83/><D129/><U120/><N who="1" m="47121" /><U40/><DORA hai="58" /><E118/><V62/><F0/><W59/><G69/><T4/><D97/><N who="1" m="57479" /><E40/><V124/><F124/><W80/><G133/><T39/><D46/><N who="1" m="18027" /><E52/><V35/><F43/><W61/><G51/><T10/><D37/><U79/><E79/><V68/><F38/><W135/><G135/><T106/><D39/><U8/><E8/><V132/><F132/><W60/><G75/><T81/><D10/><U29/><E29/><V17/><F67/><W28/><G82/><T18/><D31/><U125/><E125/><V131/><F131/><W14/><G28/><T26/><D106/><U93/><E93/><V119/><F119/><W112/><G112/><T71/><D71/><U15/><AGARI ba="0,0" hai="15,16,20,104,107" m="18027,57479,47121" machi="15" ten="40,5200,0" yaku="13,1,54,2" doraHai="110,58" who="1" fromWho="1" sc="249,-13,229,52,287,-26,235,-13" />
</Scene>
<Scene>
<INIT seed="3,0,0,5,5,134" ten="236,281,261,222" oya="3" hai0="6,43,74,5,121,75,36,61,54,8,63,84,68" hai1="115,40,32,3,11,46,102,87,55,31,100,91,41" hai2="93,96,77,4,106,64,108,45,37,7,98,52,22" hai3="35,17,48,62,44,89,25,129,26,47,116,27,104"/><W38/><G116/><T16/><D121/><U9/><E115/><V20/><F64/><W112/><G112/><T80/><D68/><U33/><E3/><V103/><F77/><W105/><G35/><T29/><D29/><U95/><E31/><V79/><F79/><W76/><G76/><T117/><D117/><U110/><E110/><V88/><F108/><W2/><G2/><T94/><D94/><U120/><E120/><V66/><F66/><W92/><G129/><T59/><D63/><U10/><E33/><V72/><F72/><W39/><G62/><T81/><D81/><U51/><E32/><V70/><F70/><W107/><G17/><T97/><D97/><U28/><E28/><V109/><F109/><W119/><G119/><T86/><D86/><U67/><E67/><V60/><F37/><W135/><G135/><T49/><D36/><U50/><REACH who="1" step="1"/><E41/><REACH who="1" ten="236,271,261,222" step="2"/><V125/><F106/><W1/><G1/><T34/><D34/><U15/><E15/><V19/><F103/><W13/><G13/><N who="0" m="7207" /><D74/><U56/><AGARI ba="0,1" hai="9,10,11,40,46,50,51,55,56,87,91,95,100,102" machi="56" ten="30,7900,0" yaku="1,1,0,1,8,1,53,1" doraHai="134" doraHaiUra="90" who="1" fromWho="1" sc="236,-20,271,89,261,-20,222,-39" />
</Scene>
<Scene>
<INIT seed="4,0,0,4,0,101" ten="216,360,241,183" oya="0" hai0="1,75,74,40,19,124,84,9,62,68,116,103,34" hai1="29,130,63,131,70,129,2,78,118,15,117,110,22" hai2="135,111,8,132,27,3,99,59,115,26,44,52,45" hai3="133,112,43,120,121,92,90,104,81,56,12,114,39"/><T33/><D116/><U107/><E2/><V108/><F99/><W94/><G39/><T119/><D119/><U89/><E110/><V20/><F8/><W128/><G43/><T30/><D124/><U125/><E125/><V86/><F3/><W87/><G56/><T51/><D84/><U83/><E89/><V93/><F27/><W98/><G12/><T61/><D30/><U42/><E42/><V23/><F23/><W123/><G128/><T32/><D103/><U64/><E107/><V69/><F69/><W7/><G7/><T57/><D68/><U91/><E91/><V58/><F58/><W127/><G127/><T72/><D19/><N who="1" m="10623" /><E29/><V31/><F111/><W80/><G133/><N who="2" m="51273" /><F108/><W102/><G94/><T85/><D85/><AGARI ba="0,0" hai="63,64,70,78,83,85,117,118,129,130,131" m="10623" machi="85" ten="30,1000,0" yaku="19,1" doraHai="101" who="1" fromWho="0" sc="216,-10,360,10,241,0,183,0" />
</Scene>
<Scene>
<INIT seed="5,0,0,2,4,57" ten="206,370,241,183" oya="1" hai0="19,121,95,13,115,15,5,125,17,123,36,51,114" hai1="96,10,47,133,41,21,94,8,0,33,76,75,83" hai2="55,88,62,134,81,14,4,53,69,72,39,135,109" hai3="93,20,35,22,1,30,34,103,46,63,116,132,124"/><U86/><E33/><V6/><F39/><W80/><G1/><T27/><D36/><U89/><E133/><N who="2" m="50699" /><F109/><W82/><G132/><T54/><D95/><U37/><E21/><V43/><F43/><W90/><G124/><T28/><D54/><N who="2" m="20490" /><F14/><N who="0" m="5130" /><D51/><U119/><E119/><V97/><F72/><W67/><G116/><T56/><D56/><U101/><REACH who="1" step="1"/><E0/><REACH who="1" ten="206,360,241,183" step="2"/><V9/><F9/><W108/><G34/><N who="0" m="20767" /><D125/><U127/><E127/><V112/><F112/><N who="0" m="43050" /><D5/><U38/><E38/><V16/><F4/><W106/><G108/><T71/><D71/><U128/><E128/><V107/><F6/><W61/><G35/><T48/><D48/><U7/><E7/><V11/><F69/><W129/><G129/><T25/><D25/><U26/><E26/><V60/><F11/><W73/><G22/><T24/><D24/><U102/><E102/><N who="2" m="62927" /><F16/><AGARI ba="0,1" hai="16,17,19,121,123" m="43050,20767,5130" machi="16" ten="30,7700,0" yaku="15,1,34,2,54,1" doraHai="57" who="0" fromWho="2" sc="206,87,360,0,241,-77,183,0" />
</Scene>
<Scene>
<INIT seed="6,0,0,2,2,13" ten="293,360,164,183" oya="2" hai0="73,38,74,5,109,53,114,91,6,70,61,58,37" hai1="117,36,10,106,69,47,60,79,15,68,0,96,3" hai2="97,16,66,39,101,64,45,129,123,99,12,115,132" hai3="119,95,65,9,94,40,28,110,127,31,88,20,41"/><V54/><F123/><W26/><G110/><T98/><D109/><U77/><E117/><V19/><F39/><W51/><G119/><T83/><D114/><U55/><E69/><V112/><F129/><W32/><G127/><T14/><D70/><U25/><E79/><V67/><F132/><W130/><G130/><T71/><D71/><U126/><E77/><V43/><F43/><W57/><G32/><T100/><D73/><U118/><E126/><V93/><F99/><N who="3" m="57799" /><G28/><T133/><D133/><U48/><E25/><V17/><REACH who="2" step="1"/><F12/><REACH who="2" ten="293,360,154,183" step="2"/><W135/><G135/><T85/><D37/><U30/><E36/><V131/><F131/><W121/><G121/><T76/><D38/><U89/><E118/><V84/><F84/><W82/><G41/><T50/><D14/><U134/><E15/><V8/><F8/><W102/><G9/><T116/><D116/><U62/><E10/><V42/><F42/><W78/><G40/><T105/><D50/><AGARI ba="0,1" hai="16,17,19,45,50,54,64,66,67,93,97,101,112,115" machi="50" ten="50,12000,1" yaku="1,1,52,3,54,1,53,0" doraHai="13" doraHaiUra="4" who="2" fromWho="0" sc="293,-120,360,0,154,130,183,0" />
</Scene>
<Scene>
<INIT seed="6,1,0,3,5,122" ten="173,360,284,183" oya="2" hai0="74,7,38,120,70,34,5,14,103,46,0,22,121" hai1="55,119,30,37,63,76,105,130,92,93,43,91,87" hai2="118,134,95,44,13,33,89,65,86,114,96,123,24" hai3="98,117,110,6,111,84,11,67,83,28,4,50,94"/><V115/><F123/><W102/><G117/><T18/><D74/><U72/><E119/><V108/><F118/><W51/><G67/><T62/><D103/><U15/><E30/><N who="2" m="19655" /><F65/><W19/><G28/><T1/><D70/><U129/><E43/><V109/><F134/><W35/><G35/><T2/><D62/><U90/><E37/><V10/><F44/><W88/><G19/><T45/><D45/><U26/><E105/><V107/><F96/><W9/><G9/><T16/><D46/><U128/><E76/><V71/><F107/><W52/><G50/><T100/><D100/><U124/><E72/><V112/><F71/><W59/><G6/><AGARI ba="1,0" hai="6,10,13,86,89,95,108,109,112,114,115" m="19655" machi="6" ten="30,5800,0" yaku="15,1,52,2" doraHai="122" who="2" fromWho="3" sc="173,0,360,0,284,61,183,-61" />
</Scene>
<Scene>
<INIT seed="6,2,0,1,0,119" ten="173,360,345,122" oya="2" hai0="36,75,128,15,57,56,135,125,99,5,45,51,112" hai1="89,93,102,100,23,91,83,85,17,0,105,31,8" hai2="92,113,101,84,35,77,10,18,59,72,71,109,74" hai3="134,30,34,118,133,63,49,79,132,29,52,81,116"/><V117/><F71/><W69/><G63/><T7/><D75/><U22/><E105/><V124/><F35/><W53/><G69/><T94/><D36/><U70/><E70/><V60/><F117/><N who="3" m="45163" /><G34/><T37/><D37/><U107/><E107/><V68/><F68/><W44/><G53/><T13/><D112/><U16/><E0/><V97/><F113/><W25/><G25/><T88/><D128/><U121/><E8/><V38/><F38/><W62/><G62/><T58/><D135/><N who="3" m="34561" /><W61/><DORA hai="11" /><G61/><T87/><D125/><U104/><E121/><V127/><F109/><W114/><G114/><T126/><D126/><N who="2" m="48170" /><F10/><W1/><G1/><T42/><D99/><N who="1" m="57791" /><E104/><V66/><F18/><N who="1" m="7273" /><E31/><V131/><F131/><W96/><G96/><T115/><D115/><U27/><E27/><V120/><F72/><AGARI ba="2,0" hai="29,30,44,49,52,72,79,81" m="34561,45163" machi="72" ten="40,2600,0" yaku="20,1,54,1" doraHai="119,11" who="3" fromWho="2" sc="173,0,360,0,345,-32,122,32" />
</Scene>
<Scene>
<INIT seed="7,0,0,1,5,118" ten="173,360,313,154" oya="3" hai0="98,21,130,94,101,89,42,83,68,112,63,13,35" hai1="128,123,12,78,33,62,129,1,64,84,92,125,115" hai2="88,43,120,95,18,0,105,31,102,58,27,69,11" hai3="30,57,9,55,5,126,133,45,10,114,73,107,15"/><W108/><G73/><T80/><D35/><U29/><E123/><V19/><F69/><W91/><G107/><T56/><D68/><U70/><E1/><V41/><F105/><W39/><G114/><T4/><D112/><U77/><E125/><V16/><F102/><W131/><G126/><T97/><D130/><N who="1" m="50283" /><E115/><V54/><F0/><W76/><G131/><T99/><D42/><U25/><E12/><V127/><F127/><W113/><G113/><T81/><D101/><U104/><E104/><V135/><F135/><W103/><G103/><T50/><D50/><U60/><E62/><V117/><F117/><W34/><G76/><T90/><D94/><U71/><E71/><V26/><F11/><W67/><G133/><T52/><D4/><U37/><E37/><V53/><F120/><W46/><G108/><T22/><D13/><U8/><E8/><V17/><N who="2" m="4096" /><DORA hai="124" /><V59/><F26/><W75/><G75/><T61/><D61/><U96/><E84/><N who="2" m="52615" /><F59/><W119/><G119/><T40/><REACH who="0" step="1"/><D40/><REACH who="0" ten="163,360,313,154" step="2"/><N who="2" m="15434" /><F58/><W93/><G9/><T23/><AGARI ba="0,1" hai="21,22,23,52,56,63,80,81,83,89,90,97,98,99" machi="23" ten="40,12000,2" yaku="1,1,0,1,29,2,8,1,54,1,53,1" doraHai="118,124" doraHaiUra="74,51" who="0" fromWho="0" sc="163,130,360,-30,313,-30,154,-60" owari="293,9.0,330,44.0,283,-12.0,94,-41.0" />
</Scene>
</mjloggm>