<mjloggm ver="2.3"><GO type="169" lobby="0"/><UN n0="%E4%B8%89%E8%89%B2%E5%90%8C%E5%88%BB%E2%98%86" n1="%E5%A4%AA%E3%81%8F%E3%81%AA%E3%81%84%E3%81%8A" n2="%E6%97%A5%E6%AF%94%E9%87%8E%E7%9C%9F%E7%90%B4" n3="%72%79%6F%E2%80%A6%31%35" dan="16,17,16,17" rate="2116.82,2183.27,2064.21,2163.49" sx="M,F,F,M"/><TAIKYOKU oya="0"/>

<Scene>
<INIT seed="0,0,0,4,4,53" ten="250,250,250,250" oya="0" hai0="57,118,48,4,34,121,26,45,68,135,117,20,119" hai1="77,73,5,112,87,13,107,116,105,54,64,125,17" hai2="62,27,14,66,111,1,122,70,100,74,109,80,81" hai3="96,35,47,131,24,46,16,21,22,79,51,99,55"/><T82/><D68/><U63/><E116/><V134/><F1/><W113/><G35/><T11/><D121/><U84/><E5/><V9/><F134/><W18/><G113/><T29/><D135/><U78/><E112/><V2/><F2/><W39/><G131/><T71/><D71/><U89/><E73/><V42/><F122/><W36/><G79/><T128/><D128/><U76/><E54/><V28/><F100/><W83/><G83/><T40/><D82/><U8/><E125/><V120/><F42/><W110/><G110/><N who="2" m="41993" /><F74/><W88/><G46/><T58/><REACH who="0" step="1"/><D34/><REACH who="0" ten="240,250,250,250" step="2"/><U130/><E130/><V127/><F120/><W126/><G126/><T123/><D123/><U72/><E72/><V93/><F127/><W44/><G39/><T108/><D108/><U115/><E115/><V92/><F81/><W6/><G36/><T114/><D114/><U65/><E78/><V97/><F80/><W7/><G47/><T85/><D85/><U41/><E84/><V50/><F70/><W104/><G99/><T94/><D94/><U56/><E76/><V38/><F38/><W25/><G104/><T33/><D33/><U32/><E32/><V69/><F97/><W75/><G75/><T49/><D49/><U31/><E77/><V133/><F50/><W15/><G25/><T30/><D30/><U129/><E31/><V102/><F133/><W95/><AGARI ba="0,1" hai="6,7,15,16,18,21,22,24,44,51,55,88,95,96" machi="95" ten="30,7900,0" yaku="0,1,8,1,54,2" doraHai="53" who="3" fromWho="3" sc="240,-39,250,-20,250,-20,250,89" />
</Scene>
<Scene>
<INIT seed="1,0,0,1,5,84" ten="201,230,230,339" oya="1" hai0="109,50,111,10,11,104,49,58,129,89,4,71,18" hai1="7,83,100,126,65,6,43,117,120,64,99,28,77" hai2="37,95,134,61,36,52,5,60,0,62,74,3,27" hai3="8,13,72,31,122,54,96,75,124,112,76,93,85"/><U128/><E117/><V19/><F74/><W39/><G39/><T113/><D71/><U119/><E119/><V35/><F134/><W42/><G42/><T66/><D113/><U69/><E120/><V92/><F5/><W101/><G122/><T82/><D104/><U2/><E126/><V26/><F35/><W121/><G121/><T81/><D129/><U38/><E28/><V51/><F19/><W41/><G41/><T88/><D18/><U70/><E128/><V68/><F68/><W131/><G124/><T15/><D66/><U135/><E135/><V133/><F133/><W22/><G112/><T24/><D24/><U114/><E114/><V63/><F51/><W12/><G54/><N who="0" m="32079" /><D50/><U1/><E43/><V90/><F61/><W20/><G75/><T105/><D105/><U44/><E44/><V40/><F40/><W115/><G72/><T108/><D11/><U78/><E38/><V53/><F62/><W57/><G8/><T30/><D30/><U118/><E118/><V103/><F103/><W55/><G31/><T16/><D4/><U48/><E48/><V94/><F94/><W33/><G33/><T107/><D107/><U67/><E70/><V56/><F56/><W46/><G46/><T45/><D45/><U106/><E69/><V34/><F34/><W25/><G131/><T73/><D82/><U21/><E7/><V14/><F14/><N who="3" m="5739" /><G25/><T132/><D132/><U97/><E6/><V32/><F32/><W98/><G115/><T102/><D102/><U87/><E106/><V123/><F123/><W17/><G101/><T125/><D125/><RYUUKYOKU ba="0,0" sc="201,15,230,-15,230,15,339,-15" hai0="10,15,16,73,81,88,89,108,109,111" hai2="0,3,26,27,36,37,52,53,60,63,90,92,95" />
</Scene>
<Scene>
<INIT seed="2,1,0,5,4,66" ten="216,215,245,324" oya="2" hai0="39,9,107,13,77,117,132,28,3,65,104,82,106" hai1="114,26,122,129,105,71,74,31,70,10,97,23,51" hai2="84,102,125,40,72,110,63,52,50,57,111,135,1" hai3="36,99,61,128,16,95,81,76,33,58,69,113,53"/><V11/><F72/><W116/><G33/><T42/><D28/><U8/><E114/><V12/><F125/><W62/><G116/><T15/><D132/><U7/><E74/><V64/><F135/><W126/><G36/><T123/><D123/><U43/><E122/><V6/><F40/><W45/><G113/><T54/><D54/><U91/><E129/><V108/><F102/><W56/><G126/><T85/><D117/><U38/><E38/><V46/><F84/><W101/><G128/><T120/><D120/><U112/><E112/><V18/><F18/><W49/><G69/><T80/><D65/><U130/><E130/><V92/><F92/><W133/><G133/><T37/><D3/><AGARI ba="1,0" hai="1,3,6,11,12,46,50,52,57,63,64,108,110,111" machi="3" ten="40,7700,0" yaku="14,1,10,1,54,1" doraHai="66" who="2" fromWho="0" sc="216,-80,215,0,245,80,324,0" />
</Scene>
<Scene>
<INIT seed="2,2,0,0,1,24" ten="136,215,325,324" oya="2" hai0="21,86,4,46,94,19,98,129,56,47,89,104,74" hai1="14,54,25,85,121,32,81,51,68,126,58,83,7" hai2="67,117,100,33,3,12,79,80,112,61,45,72,87" hai3="1,133,115,116,120,111,101,62,110,11,70,10,134"/><V53/><F3/><W123/><G101/><T60/><D4/><U40/><E68/><V18/><F112/><W131/><G70/><T30/><D74/><U26/><E126/><V63/><F33/><W31/><G62/><T109/><D109/><N who="3" m="41481" /><G115/><T118/><D129/><U93/><E121/><N who="3" m="46666" /><G116/><T36/><D36/><U15/><E40/><V69/><F100/><W48/><G48/><T37/><D37/><U35/><E93/><V106/><F106/><W92/><G92/><T57/><D57/><U95/><E95/><V82/><F117/><W97/><G97/><T105/><D118/><U84/><E7/><V113/><F113/><W128/><G31/><T2/><D30/><U34/><E51/><V55/><F63/><W22/><G22/><T59/><D59/><U29/><E58/><V78/><F45/><W96/><G96/><T44/><D2/><U76/><E54/><V28/><F28/><W42/><G42/><T99/><D105/><U52/><E52/><V49/><F49/><W122/><G122/><T16/><D104/><U77/><E29/><V38/><F38/><W75/><G75/><T114/><D114/><U119/><E119/><V5/><F55/><W127/><G127/><T108/><D108/><U0/><E35/><V124/><F53/><W88/><G88/><T102/><D21/><U17/><E0/><V130/><F124/><W27/><G27/><T107/><REACH who="0" step="1"/><D99/><REACH who="0" ten="126,215,325,324" step="2"/><U103/><E34/><V73/><F73/><W132/><G1/><T90/><D90/><U9/><E32/><V13/><F72/><W41/><G131/><T6/><D6/><RYUUKYOKU ba="2,1" sc="126,30,215,-10,325,-10,324,-10" hai0="16,19,44,46,47,56,60,86,89,94,98,102,107" />
</Scene>
<Scene>
<INIT seed="3,3,1,3,0,63" ten="156,205,315,314" oya="3" hai0="54,118,45,29,82,98,4,61,91,42,120,110,12" hai1="96,127,66,105,134,20,0,60,123,62,7,31,2" hai2="8,23,72,65,125,10,79,132,26,133,71,1,116" hai3="90,81,74,121,38,128,113,57,95,59,99,11,5"/><W9/><G121/><T19/><D120/><U131/><E123/><V47/><F116/><W100/><G38/><T89/><D118/><U88/><E127/><V53/><F125/><W22/><G113/><T35/><D4/><U67/><E134/><N who="2" m="51819" /><F1/><W25/><G128/><T32/><D110/><U27/><E131/><V108/><F108/><W104/><G74/><T34/><D29/><U111/><E111/><V115/><F115/><W75/><G75/><T124/><D124/><U58/><E7/><V135/><F135/><W55/><G81/><T51/><D82/><U33/><E20/><V78/><F53/><W77/><G77/><N who="2" m="29193" /><F47/><W84/><G55/><T112/><D112/><U41/><E41/><V126/><F72/><W119/><G119/><T101/><D61/><U39/><E39/><V56/><F56/><W46/><G46/><T64/><D42/><U83/><E83/><V6/><F6/><W92/><G104/><T107/><REACH who="0" step="1"/><D64/><REACH who="0" ten="146,205,315,314" step="2"/><U129/><E129/><V76/><F126/><W85/><G5/><T18/><D18/><U122/><E122/><V28/><F76/><W21/><G25/><T37/><D37/><U16/><E16/><V93/><F65/><W73/><G73/><T97/><D97/><U69/><REACH who="1" step="1"/><E88/><REACH who="1" ten="146,195,315,314" step="2"/><V102/><F28/><W94/><G90/><T86/><D86/><U36/><E36/><V106/><F102/><AGARI ba="3,3" hai="0,2,27,31,33,58,60,62,66,67,69,96,102,105" machi="102" ten="40,8000,1" yaku="1,1,25,2,52,2,53,0" doraHai="63" doraHaiUra="3" who="1" fromWho="2" sc="146,0,195,119,315,-89,314,0" />
</Scene>
<Scene>
<INIT seed="4,0,0,4,2,39" ten="146,314,226,314" oya="0" hai0="61,20,122,127,68,28,74,66,73,48,2,129,45" hai1="7,17,92,106,42,87,36,123,134,102,72,60,98" hai2="6,30,75,47,63,16,57,77,3,55,112,14,94" hai3="91,56,19,121,43,93,49,52,82,90,44,111,8"/><T108/><D122/><U88/><E123/><V67/><F112/><W118/><G111/><T124/><D2/><U117/><E117/><V76/><F30/><W65/><G118/><T128/><D20/><U103/><E134/><V81/><F77/><W11/><G121/><T105/><D105/><U31/><E103/><V15/><F3/><W10/><G65/><T113/><D28/><U51/><E7/><V71/><F6/><W5/><G82/><T1/><D1/><U89/><E31/><V54/><F15/><N who="3" m="7679" /><G5/><T86/><D86/><U32/><E32/><V115/><F115/><W107/><G107/><T46/><D46/><U130/><E130/><N who="0" m="50281" /><D113/><U37/><E72/><N who="0" m="27753" /><D108/><U114/><E114/><V41/><F94/><W27/><G27/><T34/><D34/><U85/><E17/><V35/><F71/><W78/><G78/><T101/><D101/><U9/><E9/><N who="3" m="3690" /><G93/><T13/><D13/><U135/><E92/><V69/><F69/><W99/><G99/><T109/><D109/><U0/><E0/><V120/><F35/><W23/><G23/><T126/><D126/><U12/><E98/><V38/><F120/><W62/><AGARI ba="0,0" hai="43,44,49,52,56,62,90,91" m="3690,7679" machi="62" ten="30,4000,0" yaku="8,1,52,1,54,1" doraHai="39" who="3" fromWho="3" sc="146,-20,314,-10,226,-10,314,40" />
</Scene>
<Scene>
<INIT seed="5,0,0,4,2,9" ten="126,304,216,354" oya="1" hai0="101,106,77,55,105,104,134,88,109,6,4,111,53" hai1="96,56,81,28,5,110,87,21,0,75,68,112,42" hai2="24,71,69,128,82,63,62,93,25,131,116,91,59" hai3="100,52,33,8,70,90,65,36,80,49,1,94,58"/><U135/><E68/><N who="2" m="26187" /><F82/><W115/><G33/><T54/><D134/><U118/><E118/><V117/><F91/><W23/><G36/><T86/><D101/><U72/><E0/><V120/><F93/><W13/><G115/><T40/><D40/><U123/><E5/><V108/><F59/><W47/><G70/><T133/><D133/><U50/><E135/><V78/><F78/><W26/><G1/><T103/><D103/><U85/><E112/><V132/><F108/><W32/><G32/><T107/><N who="0" m="26624" /><DORA hai="99" /><T12/><D77/><U129/><E96/><V66/><F66/><W126/><G126/><T46/><D46/><U3/><E81/><V89/><F89/><W35/><G35/><T43/><D43/><U60/><E42/><V48/><F48/><W11/><G80/><T29/><D29/><U2/><E50/><V102/><F102/><W127/><G100/><T76/><D76/><U19/><E56/><V113/><F113/><W114/><G127/><T73/><D73/><U41/><E41/><V51/><F51/><W64/><G58/><T34/><D34/><U125/><E125/><V98/><F98/><N who="3" m="57687" /><G8/><T38/><D38/><U10/><E10/><V14/><F132/><W20/><G114/><T15/><D88/><U74/><E74/><V16/><F117/><W119/><G119/><T124/><D124/><U83/><E72/><V92/><F116/><W84/><G84/><T97/><D86/><U22/><E85/><V67/><F92/><W7/><G23/><T30/><D97/><U44/><E75/><V31/><F67/><W130/><G65/><RYUUKYOKU ba="0,0" sc="126,0,304,0,216,0,354,0" />
</Scene>
<Scene>
<INIT seed="6,1,0,2,3,13" ten="126,304,216,354" oya="2" hai0="10,4,41,130,135,101,67,14,7,68,46,111,11" hai1="33,75,103,107,31,25,20,105,60,90,73,125,37" hai2="89,115,48,22,38,19,12,109,96,81,17,39,88" hai3="42,117,62,56,113,74,95,21,110,57,69,106,93"/><V23/><F115/><W78/><G106/><T59/><D111/><U104/><E125/><V124/><F124/><W49/><G110/><T44/><D68/><U28/><E37/><V102/><F109/><W35/><G35/><T71/><D71/><U3/><E3/><V99/><F48/><W45/><G117/><T43/><D101/><U119/><E119/><V80/><F12/><W32/><G32/><T97/><D97/><U18/><E103/><AGARI ba="1,0" hai="17,19,22,23,38,39,80,81,88,89,96,99,102,103" machi="103" ten="25,12000,1" yaku="22,2,52,2,54,1" doraHai="13" who="2" fromWho="1" sc="126,0,304,-123,216,123,354,0" />
</Scene>
<Scene>
<INIT seed="6,2,0,0,2,81" ten="126,181,339,354" oya="2" hai0="91,37,105,83,127,58,42,75,1,98,89,26,12" hai1="92,21,116,132,90,51,22,87,8,65,29,40,120" hai2="135,80,18,30,96,107,126,35,53,52,114,41,134" hai3="77,28,68,63,118,71,130,17,125,16,106,82,97"/><V69/><F69/><W95/><G118/><T88/><D1/><U7/><E116/><V34/><F41/><W27/><G125/><T9/><D127/><U24/><E132/><N who="2" m="50731" /><F126/><W113/><G130/><T128/><D128/><U6/><E120/><V2/><F2/><W13/><G113/><T66/><D26/><N who="1" m="16591" /><E65/><V3/><F3/><W44/><G44/><T79/><D42/><U20/><E8/><V5/><F5/><N who="1" m="1545" /><E24/><N who="2" m="18759" /><F35/><W0/><G0/><T129/><D37/><U108/><E108/><V10/><F114/><W36/><G36/><T19/><D129/><U76/><E76/><V62/><F62/><W133/><G133/><T86/><D58/><U25/><E25/><V50/><F50/><W103/><G13/><T84/><REACH who="0" step="1"/><D66/><REACH who="0" ten="116,181,339,354" step="2"/><U121/><E121/><V57/><F57/><W124/><G124/><T109/><D109/><U111/><E111/><V54/><F54/><W39/><G71/><T4/><D4/><U67/><E67/><V70/><F70/><W43/><G68/><T110/><D110/><U60/><E60/><V33/><F53/><W85/><G63/><T55/><D55/><U78/><E78/><V73/><F52/><W94/><G43/><T14/><D14/><U15/><E15/><V31/><F33/><N who="3" m="20639" /><G39/><T11/><D11/><U32/><E32/><V61/><F61/><W99/><G17/><T46/><D46/><AGARI ba="2,1" hai="20,22,40,46,51,87,90,92" m="1545,16591" machi="46" ten="30,2000,0" yaku="8,1,52,1" doraHai="81" who="1" fromWho="0" sc="116,-26,181,36,339,0,354,0" />
</Scene>
<Scene>
<INIT seed="7,0,0,1,2,0" ten="90,217,339,354" oya="3" hai0="46,23,124,98,35,29,99,67,109,113,36,16,92" hai1="95,69,73,129,1,6,79,70,88,52,116,91,83" hai2="31,76,135,134,13,115,97,130,42,60,117,111,125" hai3="8,103,107,93,51,90,38,34,100,18,40,19,15"/><W105/><G34/><T10/><D124/><U39/><E91/><V118/><F111/><W48/><G38/><T45/><D109/><U68/><E39/><V120/><F125/><W30/><G30/><T22/><D113/><U9/><E129/><V12/><F130/><W127/><G127/><T14/><D36/><U89/><E116/><V72/><F115/><W108/><G108/><T122/><D122/><U128/><E128/><V61/><F42/><W3/><G3/><T75/><D75/><U41/><E41/><V56/><F120/><W112/><G112/><T47/><D35/><U77/><E77/><V126/><F126/><W44/><G107/><T131/><D131/><U21/><E21/><V65/><F31/><W26/><G105/><T84/><D67/><U102/><E52/><N who="2" m="33799" /><F97/><N who="3" m="57527" /><G51/><T5/><D84/><U20/><E20/><AGARI ba="0,0" hai="8,15,18,19,20,26,40,44,48,100,103" m="57527" machi="20" ten="30,1500,0" yaku="8,1" doraHai="0" who="3" fromWho="1" sc="90,0,217,-15,339,0,354,15" owari="90,-41.0,202,-20.0,339,14.0,369,47.0" />
</Scene>
</mjloggm>