<mjloggm ver="2.3"><GO type="169" lobby="0"/><UN n0="%52%4F%4C%4C%59" n1="%E3%81%AB%E3%81%9B%E6%82%9F%E7%A9%BA" n2="%E9%A3%9B%E3%81%B3%E3%82%B7%E3%83%A3%E3%83%81" n3="%E5%A4%AA%E3%81%8F%E3%81%AA%E3%81%84%E3%81%8A" dan="16,16,16,17" rate="2157.64,2133.27,2125.73,2154.94" sx="M,M,F,F"/><TAIKYOKU oya="0"/>

<Scene>
<INIT seed="0,0,0,2,2,60" ten="250,250,250,250" oya="0" hai0="81,116,114,65,62,41,10,97,3,110,100,29,95" hai1="93,17,70,49,2,58,36,85,67,34,90,40,107" hai2="102,43,11,38,59,25,50,89,18,53,4,64,73" hai3="94,16,66,101,103,72,24,125,129,132,33,117,42"/><T26/><D114/><U113/><E113/><V119/><F73/><W12/><G117/><T99/><D116/><U71/><E107/><V133/><F119/><W123/><G72/><T22/><D110/><U84/><E36/><V106/><F133/><W112/><G112/><T74/><D41/><U118/><E118/><V52/><F102/><W111/><G132/><T45/><D45/><U7/><E34/><V88/><F106/><W31/><G111/><T6/><D97/><U9/><E17/><V37/><F37/><W96/><G125/><T61/><D74/><U39/><E39/><V127/><F127/><W115/><G115/><T128/><D128/><U126/><E126/><V48/><F38/><W27/><G129/><T15/><D81/><U80/><E40/><V56/><F43/><W0/><G0/><T121/><D121/><U44/><E44/><V51/><F64/><W35/><G42/><T13/><REACH who="0" step="1"/><D62/><REACH who="0" ten="240,250,250,250" step="2"/><U46/><E46/><V75/><F75/><W14/><G123/><T30/><D30/><U108/><E108/><V47/><F47/><W104/><G31/><T55/><D55/><U92/><E85/><V77/><F50/><W78/><G96/><T54/><D54/><U21/><E49/><V86/><F86/><W76/><G104/><T57/><AGARI ba="0,1" hai="3,6,10,13,15,22,26,29,57,61,65,95,99,100" machi="57" ten="20,18000,2" yaku="1,1,0,1,7,1,25,2,52,1,53,0" doraHai="60" doraHaiUra="83" who="0" fromWho="0" sc="240,190,250,-60,250,-60,250,-60" />
</Scene>
<Scene>
<INIT seed="0,1,0,4,4,2" ten="430,190,190,190" oya="0" hai0="32,95,15,64,60,134,99,83,81,14,72,38,68" hai1="111,123,126,41,116,9,30,115,19,34,133,50,71" hai2="29,125,108,78,25,118,23,37,105,49,10,97,101" hai3="74,26,114,52,90,132,75,45,129,88,12,110,0"/><T92/><D38/><U3/><RYUUKYOKU type="yao9" ba="1,0" sc="430,0,190,0,190,0,190,0" hai1="3,9,19,30,34,41,50,71,111,115,116,123,126,133" />
</Scene>
<Scene>
<INIT seed="0,2,0,1,0,57" ten="430,190,190,190" oya="0" hai0="122,19,62,87,127,50,7,88,25,78,94,59,14" hai1="83,106,124,23,132,134,3,15,33,100,55,133,16" hai2="130,76,85,128,2,27,49,40,10,86,26,30,4" hai3="39,118,36,123,129,80,42,21,93,5,47,70,109"/><T34/><D122/><U119/><E106/><V20/><F76/><W105/><G105/><T115/><D115/><U18/><E100/><V44/><REACH who="2" step="1"/><F27/><REACH who="2" ten="430,190,180,190" step="2"/><W67/><G123/><T48/><D78/><U103/><E119/><V9/><F9/><W112/><G118/><T121/><D121/><U54/><E124/><V107/><F107/><W75/><G112/><T38/><D127/><U77/><E133/><V58/><F58/><W108/><G109/><T91/><D25/><U63/><E134/><V92/><F92/><W73/><G108/><T110/><D110/><U60/><E132/><V114/><F114/><W98/><G93/><T74/><D94/><U32/><E103/><V56/><F56/><W69/><G80/><T99/><D59/><U79/><E83/><V68/><F68/><W37/><G70/><T22/><D74/><U17/><E3/><V102/><F102/><W13/><G73/><T81/><D81/><U52/><E15/><V113/><F113/><W41/><G75/><T71/><D14/><U35/><E23/><V66/><F66/><W12/><G21/><T1/><D22/><U82/><REACH who="1" step="1"/><E79/><REACH who="1" ten="430,180,180,190" step="2"/><V53/><F53/><W31/><G12/><T6/><D1/><U101/><E101/><V111/><F111/><W89/><G13/><T64/><D91/><U45/><E45/><V51/><F51/><W84/><G47/><T72/><D50/><U135/><E135/><V24/><F24/><W0/><G0/><T96/><D48/><U29/><E29/><V43/><F43/><W46/><G89/><T120/><D88/><U116/><E116/><RYUUKYOKU ba="2,2" sc="430,-15,180,15,180,15,190,-15" hai1="16,17,18,32,33,35,52,54,55,60,63,77,82" hai2="2,4,10,20,26,30,40,44,49,85,86,128,130" />
</Scene>
<Scene>
<INIT seed="1,3,2,4,4,101" ten="415,195,195,175" oya="1" hai0="14,11,122,16,99,84,100,71,91,51,116,59,37" hai1="105,70,34,121,28,20,82,129,113,76,8,85,50" hai2="1,45,106,86,10,127,135,112,39,131,96,38,87" hai3="98,88,63,75,49,6,124,89,53,81,126,123,80"/><U94/><E121/><V22/><F135/><W107/><G63/><T125/><D116/><U32/><E70/><V67/><F67/><W118/><G123/><T23/><D71/><U9/><E113/><V41/><F112/><W90/><G6/><T2/><D37/><U65/><E65/><V134/><F134/><W109/><G118/><T72/><D72/><U73/><E129/><V117/><F117/><W66/><G66/><T120/><D125/><N who="3" m="48233" /><G109/><T108/><D108/><U19/><E105/><V64/><F127/><W79/><G49/><T58/><D2/><U36/><E36/><V15/><F64/><W62/><G62/><T33/><D33/><U61/><E61/><V52/><F1/><W68/><G68/><T104/><D11/><U7/><E50/><V13/><F131/><W21/><G21/><T26/><D26/><U95/><E34/><V103/><F39/><W132/><G53/><N who="0" m="32063" /><D59/><U31/><E32/><V78/><F78/><N who="3" m="44127" /><G132/><T12/><D12/><N who="1" m="5151" /><E73/><V54/><F22/><W17/><G17/><T46/><D46/><U30/><E9/><V48/><F54/><W42/><G42/><T110/><D110/><U24/><AGARI ba="3,2" hai="19,20,24,28,30,31,76,82,85,94,95" m="5151" machi="24" ten="30,1500,0" yaku="8,1" doraHai="101" who="1" fromWho="1" sc="415,-8,195,44,195,-8,175,-8" />
</Scene>
<Scene>
<INIT seed="1,4,0,1,0,123" ten="407,239,187,167" oya="1" hai0="99,45,22,1,3,12,112,120,124,50,74,6,58" hai1="53,26,100,126,87,82,55,33,43,17,25,88,92" hai2="5,73,70,107,52,39,118,19,91,61,9,134,84" hai3="42,135,95,127,113,129,44,77,78,16,116,24,32"/><U14/><E126/><V117/><F39/><W76/><G113/><T79/><D112/><U93/><E43/><V125/><F125/><W101/><G127/><T85/><D124/><U8/><E33/><V62/><F107/><W51/><G135/><T46/><D120/><U71/><E71/><V69/><F73/><W98/><G129/><T108/><D74/><U48/><E55/><V133/><F19/><W31/><REACH who="3" step="1"/><G16/><REACH who="3" ten="407,239,187,157" step="2"/><N who="0" m="10503" /><D6/><U97/><REACH who="1" step="1"/><E93/><REACH who="1" ten="407,229,187,157" step="2"/><N who="2" m="54503" /><F134/><W27/><G27/><T23/><D3/><U132/><E132/><V10/><F133/><W7/><G7/><T106/><D1/><U96/><E96/><V119/><F119/><AGARI ba="4,2" hai="24,31,32,42,44,51,76,77,78,95,98,101,116,119" machi="119" ten="40,5200,0" yaku="1,1,53,2" doraHai="123" doraHaiUra="115" who="3" fromWho="2" sc="407,0,229,0,187,-64,157,84" />
</Scene>
<Scene>
<INIT seed="2,0,0,5,2,84" ten="407,229,123,241" oya="2" hai0="71,27,123,90,5,58,68,88,23,130,94,2,76" hai1="25,45,22,41,127,37,126,87,44,75,57,13,121" hai2="30,99,108,33,95,4,83,129,52,31,29,11,20" hai3="39,0,7,110,107,105,115,77,42,60,18,36,69"/><V47/><F129/><W101/><G18/><T10/><D123/><U96/><E75/><V72/><F108/><W124/><G110/><T63/><D130/><U21/><E121/><V9/><F33/><W6/><G77/><T8/><D76/><U120/><E120/><V26/><F72/><W54/><G54/><T89/><D10/><N who="2" m="3594" /><F4/><W82/><G82/><T112/><D112/><U66/><E13/><V91/><F83/><W19/><G19/><T70/><D58/><U59/><E21/><V38/><F38/><W98/><G107/><T12/><D2/><U100/><E45/><V46/><F46/><N who="3" m="23879" /><G39/><T15/><D15/><U62/><E59/><V56/><F47/><W134/><G0/><T28/><REACH who="0" step="1"/><D63/><AGARI ba="0,0" hai="20,26,29,30,31,52,56,63,91,95,99" m="3594" machi="63" ten="30,5800,0" yaku="8,1,52,1,54,1" doraHai="84" who="2" fromWho="0" sc="407,-58,229,0,123,58,241,0" />
</Scene>
<Scene>
<INIT seed="2,1,0,5,5,130" ten="349,229,181,241" oya="2" hai0="96,31,12,126,48,123,9,81,114,131,25,54,17" hai1="37,129,49,0,50,66,47,5,107,46,106,98,67" hai2="71,99,101,94,116,64,73,35,22,27,2,16,55" hai3="32,11,117,97,77,63,21,44,103,8,26,41,127"/><V23/><F73/><W58/><G32/><T20/><D123/><U74/><E74/><V10/><F116/><W105/><G77/><T93/><D131/><U36/><E129/><V69/><F64/><W84/><G84/><T87/><D126/><U29/><E98/><V119/><F119/><W125/><G117/><T45/><D114/><U72/><E72/><V118/><F118/><W121/><G121/><T90/><D96/><U68/><E5/><V7/><F35/><W40/><G8/><T91/><D91/><U53/><E29/><V43/><F43/><W133/><G11/><T57/><D57/><U86/><E86/><V52/><REACH who="2" step="1"/><F23/><REACH who="2" ten="349,229,171,241" step="2"/><W88/><G40/><T6/><REACH who="0" step="1"/><D93/><REACH who="0" ten="339,229,171,241" step="2"/><U120/><E120/><V62/><F62/><W82/><G63/><T83/><D83/><U70/><E107/><V56/><F56/><W51/><G58/><T128/><D128/><U113/><E106/><V122/><F122/><W108/><G127/><T124/><D124/><U134/><E113/><V42/><F42/><W19/><G125/><T89/><D89/><U112/><E112/><V110/><F110/><W60/><G108/><T3/><D3/><U80/><E80/><V61/><F61/><W33/><G60/><T135/><D135/><U1/><E53/><AGARI ba="1,2" hai="2,7,10,16,22,27,52,53,55,69,71,94,99,101" machi="53" ten="40,7700,0" yaku="1,1,54,2,53,0" doraHai="130" doraHaiUra="102" who="2" fromWho="1" sc="339,0,229,-80,171,100,241,0" />
</Scene>
<Scene>
<INIT seed="2,2,0,5,0,56" ten="339,149,271,241" oya="2" hai0="2,110,113,99,117,76,11,20,90,39,36,60,66" hai1="55,132,73,0,104,51,112,84,33,100,59,77,1" hai2="107,116,103,40,83,31,58,4,37,111,26,133,93" hai3="122,12,125,53,19,70,52,8,38,29,120,68,32"/><V86/><F116/><W61/><G38/><T130/><D113/><U89/><E112/><V123/><F123/><W81/><G125/><T119/><D110/><U62/><E33/><V5/><F111/><W13/><G81/><T124/><D124/><U64/><E132/><V105/><F133/><W14/><G32/><T23/><D130/><U131/><E131/><V85/><F40/><W3/><G29/><T118/><D76/><U69/><E77/><V115/><F37/><N who="0" m="14410" /><D99/><U97/><REACH who="1" step="1"/><E73/><REACH who="1" ten="339,139,271,241" step="2"/><V10/><F115/><W54/><G122/><T108/><D108/><U80/><AGARI ba="2,1" hai="0,1,51,55,59,62,64,69,80,84,89,97,100,104" machi="80" ten="20,8000,1" yaku="1,1,2,1,0,1,7,1,52,1,53,0" doraHai="56" doraHaiUra="75" who="1" fromWho="1" sc="339,-22,139,96,271,-42,241,-22" />
</Scene>
<Scene>
<INIT seed="3,0,0,2,2,35" ten="317,235,229,219" oya="3" hai0="110,128,123,121,116,4,97,22,57,54,131,50,65" hai1="135,91,45,124,122,46,51,78,19,5,15,114,38" hai2="28,107,104,79,108,64,84,89,105,81,36,92,72" hai3="130,132,11,83,98,134,47,66,111,6,39,56,16"/><W63/><G130/><N who="0" m="49707" /><D116/><U49/><E122/><N who="0" m="46601" /><D22/><U60/><E114/><V95/><F36/><W27/><G111/><T113/><D97/><U53/><E135/><N who="3" m="51754" /><G98/><T31/><D31/><U21/><E124/><V14/><F14/><N who="3" m="5495" /><G83/><T37/><D4/><U120/><E38/><V99/><F28/><W42/><G27/><T24/><D24/><U44/><E78/><V94/><F64/><W61/><G61/><N who="0" m="38063" /><D37/><U26/><E120/><V119/><F108/><W58/><G16/><T125/><D110/><U103/><E103/><N who="2" m="62591" /><F119/><W13/><G13/><T33/><D33/><U80/><E5/><V3/><F3/><W70/><AGARI ba="0,0" hai="39,42,47,56,58,63,66,70" m="5495,51754" machi="70" ten="30,1500,0" yaku="20,1" doraHai="35" who="3" fromWho="3" sc="317,-5,235,-5,229,-5,219,15" />
</Scene>
<Scene>
<INIT seed="3,1,0,3,3,117" ten="312,230,224,234" oya="3" hai0="116,68,85,63,30,59,69,5,21,134,88,99,25" hai1="114,13,70,123,67,55,73,37,91,50,120,82,65" hai2="35,31,86,126,2,72,12,127,81,7,104,133,1" hai3="11,78,125,49,58,87,89,92,102,46,15,33,108"/><W71/><G71/><T94/><D116/><U19/><E114/><V43/><F104/><W111/><G33/><T95/><D5/><U47/><E37/><V77/><F72/><W27/><G125/><N who="2" m="47625" /><F133/><W119/><G119/><T45/><D45/><U96/><E70/><V3/><F43/><W8/><G102/><T41/><D41/><U130/><E130/><V98/><F98/><W100/><G100/><T110/><D110/><N who="3" m="42025" /><G27/><T75/><D75/><U32/><E32/><V122/><F122/><N who="1" m="46633" /><E96/><V109/><F109/><W131/><G131/><T36/><D36/><U0/><E0/><V107/><F107/><W40/><G78/><T34/><D34/><U101/><E101/><V112/><F112/><W22/><G58/><T24/><D24/><U28/><E28/><V56/><F56/><W105/><G105/><T52/><D134/><U124/><E124/><V10/><F1/><W9/><G22/><T113/><REACH who="0" step="1"/><D113/><REACH who="0" ten="302,230,224,234" step="2"/><U51/><E73/><V17/><F7/><AGARI ba="1,1" hai="7,8,9,11,15,40,46,49,87,89,92" m="42025" machi="7" ten="30,2900,0" yaku="14,1,10,1" doraHai="117" who="3" fromWho="2" sc="302,0,230,0,224,-32,234,42" />
</Scene>
<Scene>
<INIT seed="3,2,0,5,1,89" ten="302,230,192,276" oya="3" hai0="108,11,49,85,126,86,104,134,111,41,135,81,105" hai1="17,109,15,46,45,93,64,97,87,51,5,62,3" hai2="112,28,73,92,129,53,130,100,34,9,30,8,23" hai3="22,78,10,20,127,77,36,1,124,71,25,52,131"/><W0/><G36/><T21/><D21/><N who="3" m="8297" /><G25/><T54/><D41/><U88/><E109/><N who="0" m="42057" /><D11/><U55/><E3/><N who="3" m="1098" /><G10/><T18/><D18/><U66/><E5/><V79/><F73/><W125/><G71/><T57/><D126/><N who="3" m="32257" /><W115/><DORA hai="132" /><G115/><T123/><D123/><U16/><E15/><V59/><F8/><W40/><G40/><T83/><D54/><U50/><E66/><V69/><F9/><W4/><G4/><T133/><D49/><U98/><E64/><V33/><F69/><W39/><G39/><T90/><D57/><N who="1" m="35135" /><E50/><V37/><F37/><W82/><G131/><T72/><D72/><U63/><E63/><V13/><F129/><W95/><G52/><T2/><D2/><U61/><E61/><V56/><F130/><W70/><G70/><T80/><D90/><U7/><E7/><V91/><F91/><W117/><G117/><T26/><D26/><U65/><E65/><V128/><F128/><W31/><G31/><T119/><D119/><U24/><E24/><V118/><F118/><W114/><G114/><T101/><D101/><U68/><E68/><V38/><F112/><W44/><G44/><N who="1" m="17002" /><E51/><V96/><F38/><W103/><G82/><T42/><D42/><U12/><E12/><V43/><F43/><W6/><G6/><T48/><D48/><U107/><E17/><V74/><F13/><W75/><G75/><T60/><D60/><U120/><E16/><V19/><F19/><W14/><G14/><T110/><D110/><U113/><E113/><V67/><F74/><W29/><G29/><T122/><D122/><U94/><E120/><RYUUKYOKU ba="2,0" sc="302,15,230,-15,192,-15,276,15" hai0="80,81,83,85,86,104,105,133,134,135" hai3="77,78,95,103" />
</Scene>
<Scene>
<INIT seed="3,3,0,5,4,71" ten="317,215,177,291" oya="3" hai0="55,127,4,37,52,105,25,61,115,85,36,24,107" hai1="97,41,109,75,53,78,62,40,119,5,10,84,131" hai2="43,32,90,70,6,122,67,68,11,23,22,103,0" hai3="19,34,89,54,130,92,33,87,134,124,69,47,106"/><W50/><G106/><T94/><D115/><U39/><E75/><V7/><F32/><W80/><G69/><T8/><D127/><U123/><E123/><V99/><F122/><W128/><G124/><T56/><D55/><U65/><E109/><V100/><F7/><W58/><G134/><T117/><D117/><U74/><E74/><V96/><F43/><W110/><G110/><T129/><D129/><N who="3" m="49769" /><G19/><T93/><D93/><U126/><E126/><V86/><F70/><W28/><G28/><T79/><D105/><U17/><E131/><V49/><F49/><N who="3" m="31055" /><G92/><T18/><D107/><U35/><E17/><V125/><F125/><W31/><G31/><T59/><D59/><U83/><E119/><V42/><F68/><W13/><G13/><T45/><D45/><U44/><E35/><V114/><F114/><W20/><G20/><T27/><D18/><U1/><E41/><AGARI ba="3,0" hai="33,34,41,47,50,80,87,89" m="31055,49769" machi="41" ten="30,1500,0" yaku="19,1" doraHai="71" who="3" fromWho="1" sc="317,0,215,-24,177,0,291,24" />
</Scene>
<Scene>
<INIT seed="3,4,0,2,0,26" ten="317,191,177,315" oya="3" hai0="100,54,8,107,112,23,84,58,122,89,68,64,46" hai1="65,40,87,129,108,123,102,93,34,37,118,20,75" hai2="27,31,99,39,80,22,35,1,128,82,18,110,48" hai3="91,130,67,30,114,3,97,98,135,21,74,62,83"/><W126/><G114/><T45/><D122/><U69/><E123/><V111/><F39/><W42/><G3/><T106/><D112/><U9/><E34/><V63/><F1/><W15/><G42/><T10/><D68/><U41/><E108/><V116/><F116/><W11/><G126/><T14/><D64/><U73/><E118/><V121/><F121/><W120/><G120/><T125/><D125/><U132/><E132/><V96/><F48/><W12/><G135/><T70/><D70/><U109/><E109/><V117/><F117/><W77/><G130/><T49/><D106/><U13/><E129/><V127/><F127/><W134/><G134/><T32/><D32/><U24/><E75/><V38/><F38/><W113/><G113/><T47/><D107/><U86/><E73/><V95/><F128/><W119/><G119/><T7/><D100/><U5/><E65/><V88/><F99/><W79/><G79/><T33/><D33/><U44/><E41/><V124/><F124/><W51/><G51/><T115/><D115/><U52/><E52/><V60/><F111/><W105/><G91/><T131/><D131/><U133/><E69/><V25/><REACH who="2" step="1"/><F110/><REACH who="2" ten="317,191,167,315" step="2"/><W81/><G98/><T50/><D49/><N who="1" m="26759" /><E133/><V57/><F57/><W16/><G97/><T94/><D7/><U92/><E37/><V17/><F17/><AGARI ba="4,1" hai="8,10,14,17,23,45,46,47,50,54,58,84,89,94" machi="17" ten="40,5200,0" yaku="25,2,8,1" doraHai="26" who="0" fromWho="2" sc="317,74,191,0,167,-64,315,0" />
</Scene>
<Scene>
<INIT seed="4,0,0,0,2,86" ten="391,191,103,315" oya="0" hai0="78,81,22,70,116,90,43,10,94,54,118,84,126" hai1="82,102,4,12,53,31,101,62,92,30,46,135,66" hai2="107,60,105,2,114,125,113,9,48,71,110,121,61" hai3="33,91,35,103,117,98,100,16,26,106,19,77,13"/><T37/><D70/><U123/><E123/><V89/><F110/><W69/><G117/><T11/><D126/><U67/><E135/><V50/><F2/><W49/><G69/><T85/><D54/><U76/><E46/><V18/><F71/><W97/><G77/><T119/><REACH who="0" step="1"/><D22/><REACH who="0" ten="381,191,103,315" step="2"/><U59/><E53/><V38/><F125/><W131/><G35/><T95/><D95/><U47/><E92/><V23/><F23/><W20/><G33/><T68/><D68/><U134/><E134/><V127/><F127/><W1/><G131/><T29/><D29/><U79/><E31/><V83/><F121/><W41/><G20/><T122/><D122/><U124/><E30/><V73/><F83/><W111/><G111/><T88/><D88/><U7/><E82/><V128/><F128/><W63/><G91/><T27/><D27/><U57/><E124/><V28/><F28/><W132/><G26/><T42/><D42/><U17/><E79/><V115/><F89/><W87/><G41/><T108/><D108/><U104/><E76/><V32/><F32/><W99/><G132/><T130/><D130/><U44/><E104/><V133/><F133/><W65/><G106/><T96/><D96/><U8/><E102/><V6/><F107/><W36/><G100/><T58/><D58/><U14/><E101/><V34/><F105/><W55/><G103/><T24/><D24/><U64/><E64/><V39/><F34/><W74/><G99/><T15/><D15/><U40/><E40/><V109/><F109/><W52/><G98/><T5/><D5/><N who="1" m="2123" /><E14/><V3/><F3/><RYUUKYOKU ba="0,1" sc="381,15,191,15,103,-15,315,-15" hai0="10,11,37,43,78,81,84,85,90,94,116,118,119" hai1="8,12,17,44,47,57,59,62,66,67" />
</Scene>
<Scene>
<INIT seed="4,1,1,1,1,106" ten="396,206,88,300" oya="0" hai0="112,117,93,62,122,75,90,48,17,1,59,25,134" hai1="89,73,30,58,5,68,119,54,116,85,37,50,91" hai2="9,133,53,124,49,131,43,86,12,113,7,10,2" hai3="22,34,95,11,44,57,98,109,39,72,67,105,132"/><T56/><D1/><U108/><E108/><V24/><F133/><W126/><G34/><T46/><D117/><U97/><E68/><V63/><F131/><W64/><G105/><T103/><D122/><U36/><E5/><V92/><F124/><W61/><G109/><T84/><D134/><U128/><E128/><V3/><F113/><W100/><G132/><T6/><D112/><U123/><E123/><V121/><F121/><W26/><G126/><T83/><D6/><U81/><E30/><V16/><F63/><W20/><G72/><T32/><D62/><U42/><E73/><V21/><F43/><W47/><G39/><T96/><D75/><U28/><E28/><V18/><F86/><W60/><G11/><T111/><D111/><U8/><E8/><V130/><F130/><W55/><G20/><N who="0" m="13455" /><D32/><U65/><E65/><N who="3" m="25162" /><G61/><T13/><D13/><U120/><E120/><V69/><F69/><W51/><G60/><T82/><D82/><U77/><E36/><V104/><F104/><W38/><G38/><T4/><D4/><U107/><E37/><V74/><F74/><W94/><G94/><T40/><AGARI ba="1,1" hai="40,46,48,56,59,83,84,90,93,96,103" m="13455" machi="40" ten="30,1500,0" yaku="8,1" doraHai="106" who="0" fromWho="0" sc="396,28,206,-6,88,-6,300,-6" />
</Scene>
<Scene>
<INIT seed="4,2,0,3,5,13" ten="424,200,82,294" oya="0" hai0="116,99,91,110,94,90,5,11,58,131,133,113,64" hai1="120,52,19,103,69,84,0,118,85,123,93,42,34" hai2="102,92,1,76,3,55,87,72,129,6,27,48,50" hai3="7,36,122,77,33,104,111,63,57,53,95,56,26"/><T60/><D116/><U135/><E118/><V37/><F37/><W30/><G104/><T105/><D105/><U128/><E69/><V29/><F72/><W38/><G111/><T71/><D110/><U12/><E0/><V121/><F121/><W108/><G108/><T98/><D113/><U45/><E34/><V86/><F129/><W117/><G117/><T75/><D75/><U22/><E128/><V66/><F66/><W134/><G122/><T28/><D131/><U70/><E70/><V39/><F39/><W32/><G134/><T44/><D133/><U125/><E135/><V46/><F1/><W43/><G7/><T65/><D28/><U89/><E125/><V119/><F119/><W35/><G77/><T78/><D78/><U14/><E103/><V109/><F109/><W97/><G38/><T112/><D112/><U73/><E73/><V81/><F3/><W47/><REACH who="3" step="1"/><G57/><REACH who="3" ten="424,200,82,284" step="2"/><T20/><D5/><U49/><E123/><V18/><F6/><W83/><G83/><T61/><D58/><U114/><E120/><V115/><F115/><W132/><G132/><T74/><D71/><U82/><E114/><V2/><F2/><W100/><AGARI ba="2,1" hai="26,30,32,33,35,36,43,47,53,56,63,95,97,100" machi="100" ten="20,2700,0" yaku="1,1,0,1,7,1,53,0" doraHai="13" doraHaiUra="101" who="3" fromWho="3" sc="424,-15,200,-9,82,-9,284,43" />
</Scene>
<Scene>
<INIT seed="5,0,0,4,1,122" ten="409,191,73,327" oya="1" hai0="93,104,60,91,49,73,88,79,134,94,72,43,92" hai1="82,84,126,59,111,13,62,19,127,124,64,129,0" hai2="6,17,116,70,21,135,115,96,110,53,121,103,108" hai3="117,2,1,29,14,87,99,54,35,130,26,9,5"/><U42/><E0/><V37/><F121/><W18/><G130/><T74/><D60/><U44/><E129/><V90/><F116/><W30/><G117/><T15/><D15/><U27/><E27/><V100/><F70/><W69/><G69/><T16/><D16/><U11/><E111/><V68/><F68/><W31/><G87/><T3/><D49/><U45/><REACH who="1" step="1"/><E42/><REACH who="1" ten="409,181,73,327" step="2"/><V132/><F6/><W4/><G4/><T50/><D43/><U123/><E123/><V106/><F37/><W38/><G38/><T33/><D3/><U125/><N who="1" m="31744" /><DORA hai="10" /><U40/><E40/><V102/><F115/><W98/><G2/><T83/><D33/><U41/><E41/><V97/><F53/><W52/><G54/><T118/><D118/><U34/><E34/><V66/><F66/><W107/><G52/><T56/><D134/><N who="2" m="51242" /><F106/><W86/><G107/><T58/><D104/><U36/><E36/><V119/><F119/><W78/><G30/><T28/><D28/><U81/><E81/><V80/><F80/><N who="3" m="47383" /><G31/><T67/><D67/><U7/><E7/><V131/><F131/><W55/><G55/><T114/><D114/><U120/><E120/><V57/><F110/><W20/><AGARI ba="0,1" hai="1,5,9,14,18,20,26,29,35,98,99" m="47383" machi="20" ten="30,2000,0" yaku="24,1,52,1" doraHai="122,10" who="3" fromWho="3" sc="409,-5,181,-10,73,-5,327,30" />
</Scene>
<Scene>
<INIT seed="6,0,0,1,2,48" ten="404,171,68,357" oya="2" hai0="60,133,94,23,35,29,78,103,68,6,21,121,117" hai1="5,135,96,132,81,110,30,99,18,52,19,123,89" hai2="126,16,84,61,73,82,42,75,80,34,72,56,53" hai3="63,50,4,7,100,116,91,76,47,69,98,71,44"/><V31/><F126/><W41/><G116/><T102/><D121/><U45/><E110/><V87/><F42/><W27/><G76/><T122/><D122/><U105/><E123/><V66/><F34/><W28/><G91/><T40/><D117/><U129/><E129/><V106/><F31/><W114/><G114/><T104/><D133/><N who="1" m="51275" /><E30/><V10/><F106/><W67/><G47/><T101/><D78/><U97/><E5/><V70/><F82/><W46/><G46/><T65/><D40/><U79/><E89/><V86/><F80/><W83/><G71/><T92/><D6/><U13/><E105/><V49/><REACH who="2" step="1"/><F75/><REACH who="2" ten="404,171,58,357" step="2"/><W55/><G83/><T130/><D104/><U112/><E112/><V1/><F1/><W95/><REACH who="3" step="1"/><G41/><REACH who="3" ten="404,171,58,347" step="2"/><T2/><D2/><U119/><E119/><V15/><AGARI ba="0,2" hai="10,15,16,49,53,56,61,66,70,72,73,84,86,87" machi="15" ten="30,11700,0" yaku="1,1,0,1,52,1,54,1,53,0" doraHai="48" doraHaiUra="131" who="2" fromWho="2" sc="404,-39,171,-39,58,137,347,-39" />
</Scene>
<Scene>
<INIT seed="6,1,0,4,3,92" ten="365,132,195,308" oya="2" hai0="109,80,3,111,69,13,65,105,20,49,103,130,48" hai1="97,31,100,84,101,115,70,46,28,22,71,53,56" hai2="116,89,52,51,64,78,66,85,88,40,118,119,35" hai3="73,87,32,98,45,133,9,91,38,110,58,104,113"/><V18/><F35/><W107/><G110/><T12/><D3/><U131/><E131/><V16/><F40/><W24/><G73/><T0/><D0/><U79/><E115/><V15/><F78/><W106/><G133/><T125/><D130/><U120/><E120/><V127/><F127/><W112/><G9/><T72/><D125/><U8/><E46/><V99/><F99/><W59/><G98/><T57/><D69/><U54/><E101/><V5/><F5/><W61/><G61/><BYE who="3" /><T44/><D44/><U1/><BYE who="0" /><E1/><V14/><F119/><W77/><G77/><T82/><D82/><UN n0="%52%4F%4C%4C%59" /><U50/><E8/><V108/><F108/><W132/><G132/><T30/><D103/><U114/><E114/><V4/><F4/><W128/><G128/><T96/><D105/><U29/><E22/><N who="2" m="11543" /><F118/><UN n3="%E5%A4%AA%E3%81%8F%E3%81%AA%E3%81%84%E3%81%8A" /><W123/><G123/><T129/><D129/><U67/><E67/><N who="2" m="25643" /><F85/><W102/><G102/><T6/><D72/><U17/><E17/><V47/><F116/><W23/><G32/><T62/><D6/><U94/><REACH who="1" step="1"/><E54/><REACH who="1" ten="365,122,195,308" step="2"/><V126/><F126/><W117/><G113/><T122/><D65/><U25/><E25/><V34/><F34/><W60/><G112/><T75/><D122/><U135/><E135/><V43/><F43/><W93/><G117/><T42/><D42/><U2/><E2/><V68/><F68/><W33/><G33/><T10/><D109/><U81/><AGARI ba="1,1" hai="28,29,31,50,53,56,70,71,79,81,84,94,97,100" machi="81" ten="30,7900,0" yaku="1,1,0,1,52,1,53,1" doraHai="92" doraHaiUra="83" who="1" fromWho="1" sc="365,-21,122,92,195,-40,308,-21" />
</Scene>
<Scene>
<INIT seed="7,0,0,4,5,10" ten="344,214,155,287" oya="3" hai0="53,28,128,108,2,135,19,64,80,59,110,81,87" hai1="49,9,40,52,61,83,100,38,15,102,126,44,89" hai2="32,112,129,113,24,73,101,125,93,31,35,12,130" hai3="25,131,95,118,127,70,34,72,4,82,37,68,17"/><W57/><G118/><T39/><D39/><U77/><E126/><V3/><F73/><W54/><G37/><T116/><D116/><U103/><E89/><V48/><F48/><W7/><G127/><T86/><D2/><U51/><E61/><V96/><F125/><W75/><G131/><N who="2" m="50185" /><F35/><W79/><G75/><T88/><D128/><U120/><E120/><V98/><F3/><W14/><G95/><T106/><D106/><U132/><E132/><V11/><F98/><W122/><G122/><T121/><D121/><U71/><E71/><V60/><F60/><W42/><G42/><T94/><D135/><U58/><E38/><V47/><F47/><W41/><G41/><T66/><D28/><U43/><E40/><V84/><F84/><W45/><G45/><T119/><D119/><U62/><E62/><V0/><F0/><W97/><G97/><T50/><D110/><U109/><E109/><V22/><F32/><W90/><G34/><T107/><D107/><U104/><E104/><V74/><F74/><W8/><G90/><N who="0" m="51535" /><D108/><U134/><E134/><V117/><F117/><W18/><G70/><T13/><D80/><U1/><E1/><V55/><F55/><W111/><G68/><T69/><D69/><U115/><E83/><V124/><F124/><W105/><G105/><T6/><D6/><U23/><E43/><V99/><F99/><W20/><G111/><T26/><D26/><U76/><E44/><V78/><F78/><W21/><G79/><T30/><D30/><U36/><E77/><V85/><F85/><W46/><G72/><T123/><D123/><RYUUKYOKU ba="0,0" sc="344,15,214,-15,155,15,287,-15" hai0="13,19,50,53,59,64,66,87,88,94" hai2="11,12,22,24,31,93,96,101,112,113" owari="359,46.0,199,-20.0,170,-33.0,272,7.0" />
</Scene>
</mjloggm>