<mjloggm ver="2.3"><GO type="169" lobby="0"/><UN n0="%E9%BA%BB%E9%9B%80%E3%81%AE%E6%89%89" n1="%E3%83%98%E3%82%AF%E3%82%B5%E3%83%BC" n2="%E3%81%88%E3%83%A2%E3%83%B3" n3="%E5%A4%AA%E3%81%8F%E3%81%AA%E3%81%84%E3%81%8A" dan="17,18,17,18" rate="2162.63,2289.04,2096.80,2202.30" sx="M,M,F,M"/><TAIKYOKU oya="0"/>

<Scene>
<INIT seed="0,0,0,3,2,68" ten="250,250,250,250" oya="0" hai0="123,110,23,62,63,98,131,117,46,34,29,84,40" hai1="21,35,7,3,8,105,111,20,19,27,24,52,130" hai2="103,44,100,114,22,39,42,120,72,61,9,83,97" hai3="6,33,51,132,59,57,53,108,13,50,31,5,85"/><T16/><D123/><U60/><E105/><V65/><F120/><W58/><G108/><T32/><D117/><U18/><E60/><V45/><F114/><W99/><G132/><T95/><D110/><U70/><E70/><V0/><F22/><W74/><G74/><T80/><D131/><U28/><E52/><V91/><F45/><W96/><G33/><T38/><D29/><U71/><E71/><N who="2" m="42415" /><F91/><W64/><G31/><T109/><D109/><U113/><E111/><V48/><F48/><N who="3" m="18475" /><G53/><T79/><D34/><U126/><E113/><V12/><F12/><W121/><G121/><T118/><D32/><U4/><E130/><V87/><F87/><W41/><G64/><T116/><D116/><U119/><E126/><V88/><F88/><W115/><G115/><T55/><D55/><U106/><E106/><N who="2" m="63759" /><F103/><W75/><G75/><T90/><REACH who="0" step="1"/><D118/><REACH who="0" ten="240,250,250,250" step="2"/><U89/><E119/><V82/><F82/><W112/><G112/><T30/><D30/><U78/><E35/><V66/><F66/><W43/><G43/><T94/><D94/><U122/><E122/><V107/><F83/><W134/><G41/><T128/><D128/><U102/><E28/><V67/><F67/><W93/><G93/><T36/><D36/><U133/><E102/><V14/><F107/><W2/><G59/><T47/><D47/><U25/><E78/><V76/><F44/><W86/><G58/><T92/><D92/><U26/><E89/><V56/><F56/><W129/><G57/><T17/><D17/><U135/><E7/><N who="3" m="2570" /><G129/><T10/><D10/><U124/><E124/><V101/><F9/><RYUUKYOKU ba="0,1" sc="240,15,250,15,250,-15,250,-15" hai0="16,23,38,40,46,62,63,79,80,84,90,95,98" hai1="3,4,8,18,19,20,21,24,25,26,27,133,135" />
</Scene>
<Scene>
<INIT seed="0,1,1,1,1,57" ten="255,265,235,235" oya="0" hai0="29,26,10,75,31,17,89,99,37,32,19,2,6" hai1="61,9,114,67,64,0,102,125,127,33,95,43,28" hai2="110,131,56,90,107,119,25,40,66,72,1,83,82" hai3="16,78,7,92,46,113,133,98,11,101,123,115,53"/><T5/><D37/><U130/><E130/><V121/><F121/><W38/><G38/><T88/><BYE who="3" /><D75/><UN n3="%E5%A4%AA%E3%81%8F%E3%81%AA%E3%81%84%E3%81%8A" /><U45/><E114/><V70/><F1/><W68/><G123/><T104/><D6/><N who="1" m="1223" /><E28/><V134/><F70/><W51/><G133/><T62/><D31/><U118/><E33/><V42/><F107/><W35/><G35/><T105/><D105/><U132/><E118/><V109/><F119/><W21/><G68/><T73/><D73/><U84/><E132/><V100/><F134/><W108/><G108/><T47/><D47/><U58/><E67/><V129/><F100/><W24/><REACH who="3" step="1"/><G78/><REACH who="3" ten="255,265,235,225" step="2"/><T122/><D122/><U63/><E125/><V120/><F110/><W18/><G18/><T44/><D19/><U85/><E127/><V106/><F109/><W124/><G124/><T112/><D17/><U81/><E45/><V41/><F131/><W50/><G50/><T91/><D44/><U126/><E126/><V65/><F129/><W30/><G30/><T117/><D117/><U15/><E58/><V80/><F56/><W94/><G94/><T77/><D77/><U128/><E95/><V54/><F106/><W87/><G87/><T71/><D112/><U76/><E85/><V97/><F72/><W135/><G135/><T3/><D104/><U4/><E128/><V103/><F120/><W48/><G48/><T79/><D79/><U93/><E76/><V74/><F74/><W69/><G69/><T59/><D71/><U111/><E111/><V36/><F36/><W20/><G20/><T14/><D99/><U8/><E84/><V86/><F86/><RYUUKYOKU ba="1,2" sc="255,15,265,-15,235,-15,225,15" hai0="2,3,5,10,14,26,29,32,59,62,88,89,91" hai3="7,11,16,21,24,46,51,53,92,98,101,113,115" />
</Scene>
<Scene>
<INIT seed="0,2,2,4,0,48" ten="270,250,220,240" oya="0" hai0="45,15,51,78,28,53,70,25,72,24,38,115,121" hai1="52,77,112,44,96,113,42,6,105,33,22,36,30" hai2="99,86,49,41,67,80,82,20,88,50,57,95,4" hai3="126,109,35,21,13,29,84,68,108,130,93,107,12"/><T100/><D121/><U119/><E119/><V47/><F4/><W5/><G107/><T64/><D115/><N who="1" m="44107" /><E33/><V39/><F80/><W10/><G68/><T83/><D38/><U55/><E6/><V76/><F67/><W118/><G118/><T114/><D114/><U111/><E111/><N who="3" m="42570" /><G84/><T54/><D100/><N who="1" m="62599" /><E77/><V62/><REACH who="2" step="1"/><F20/><REACH who="2" ten="270,250,210,240" step="2"/><W59/><G21/><T89/><D64/><U19/><E30/><V46/><F46/><W116/><G5/><T110/><D110/><U7/><E7/><V91/><F91/><W43/><G29/><T9/><D89/><U16/><E16/><V75/><F75/><W23/><G23/><T117/><D117/><U69/><E69/><V11/><F11/><W60/><G10/><T34/><D70/><U131/><E131/><V8/><F8/><W120/><G130/><T127/><D127/><U104/><E104/><V63/><F63/><W85/><G60/><T40/><D25/><AGARI ba="2,3" hai="19,22,25,36,42,44,52,55" m="62599,44107" machi="25" ten="30,7700,0" yaku="11,1,52,2,54,1" doraHai="48" who="1" fromWho="0" sc="270,-83,250,113,210,0,240,0" />
</Scene>
<Scene>
<INIT seed="1,0,0,5,1,88" ten="187,363,210,240" oya="1" hai0="101,79,126,54,31,55,22,78,104,11,80,56,123" hai1="109,35,66,103,135,128,23,110,17,43,114,10,62" hai2="118,83,45,41,47,50,67,93,29,1,132,15,58" hai3="40,27,4,120,59,107,52,64,57,48,68,77,24"/><U121/><E121/><V16/><F1/><W119/><G120/><T134/><D123/><U96/><E114/><V91/><F118/><W51/><G107/><T122/><D122/><U90/><E35/><V19/><F132/><W26/><G119/><T99/><D134/><U7/><E135/><V130/><F130/><W14/><G68/><T46/><D126/><U112/><E90/><V70/><F70/><W38/><G77/><T12/><D46/><U28/><E43/><V111/><F111/><W20/><G38/><T71/><D71/><U125/><E28/><V42/><F29/><W63/><G4/><T94/><D104/><U116/><E116/><V3/><F3/><W6/><G6/><T129/><D129/><U105/><E128/><V108/><F108/><N who="1" m="41577" /><E125/><V69/><F69/><W32/><G32/><T124/><D124/><U53/><E53/><V82/><F67/><W89/><G89/><T18/><D31/><U87/><E87/><N who="2" m="52479" /><F58/><W73/><G73/><T33/><D33/><U102/><E102/><V9/><F47/><W113/><G113/><T49/><D55/><U115/><E66/><V131/><F131/><W39/><G40/><T84/><REACH who="0" step="1"/><D79/><REACH who="0" ten="177,363,210,240" step="2"/><U81/><E112/><V36/><F41/><W0/><G39/><T60/><D60/><U30/><E62/><V98/><F36/><W5/><G51/><T8/><AGARI ba="0,1" hai="8,11,12,18,22,49,54,56,78,80,84,94,99,101" machi="8" ten="30,8000,1" yaku="1,1,0,1,8,1,52,1,53,1" doraHai="88" doraHaiUra="44" who="0" fromWho="0" sc="177,90,363,-40,210,-20,240,-20" />
</Scene>
<Scene>
<INIT seed="2,0,0,2,2,30" ten="267,323,190,220" oya="2" hai0="13,134,55,118,33,129,101,7,28,87,112,86,32" hai1="19,17,83,105,132,22,6,63,135,127,15,92,133" hai2="29,46,78,16,34,121,123,5,20,40,124,72,130" hai3="27,60,42,1,65,41,85,23,80,50,14,82,106"/><V64/><F130/><W91/><G1/><T68/><D68/><U94/><E105/><V109/><F124/><W114/><G106/><T71/><D71/><U58/><E127/><V104/><F104/><W108/><G108/><T59/><D112/><U53/><E6/><V131/><F131/><W18/><G114/><T98/><D129/><U25/><REACH who="1" step="1"/><E83/><REACH who="1" ten="267,313,190,220" step="2"/><V43/><F109/><W52/><G80/><T38/><D7/><U21/><AGARI ba="0,1" hai="15,17,19,21,22,25,53,58,63,92,94,132,133,135" machi="21" ten="40,8000,1" yaku="1,1,2,1,0,1,20,1,53,0" doraHai="30" doraHaiUra="44" who="1" fromWho="1" sc="267,-20,313,90,190,-40,220,-20" />
</Scene>
<Scene>
<INIT seed="3,0,0,5,3,34" ten="247,403,150,200" oya="3" hai0="40,116,115,125,109,25,133,7,35,44,29,114,54" hai1="47,30,61,71,86,96,22,14,27,21,84,73,67" hai2="129,36,103,0,60,11,94,117,53,83,3,12,131" hai3="5,75,122,45,92,68,77,126,28,23,57,50,51"/><W56/><G68/><T123/><D116/><U72/><E96/><N who="2" m="59799" /><F36/><W79/><G122/><T37/><D123/><U74/><E14/><V65/><F117/><W13/><G126/><T76/><D109/><U55/><E22/><V18/><F53/><W91/><G75/><T110/><D110/><U120/><E120/><V38/><F83/><W102/><G102/><T24/><D125/><U9/><E9/><V128/><F38/><W42/><G5/><T100/><D100/><U32/><E21/><V88/><F88/><W19/><G28/><T82/><D133/><U124/><E124/><V58/><AGARI ba="0,0" hai="0,3,11,12,18,58,60,65,128,129,131" m="59799" machi="58" ten="30,4000,0" yaku="19,1,52,2" doraHai="34" who="2" fromWho="2" sc="247,-10,403,-10,150,40,200,-20" />
</Scene>
<Scene>
<INIT seed="4,0,0,1,5,21" ten="237,393,190,180" oya="0" hai0="16,86,98,39,82,3,46,0,40,119,87,19,75" hai1="12,1,115,49,63,88,129,73,134,7,64,126,43" hai2="74,104,93,34,59,72,13,31,18,78,91,42,10" hai3="56,50,117,77,108,127,11,36,135,52,96,61,44"/><T70/><D70/><U23/><E73/><V124/><F104/><W4/><G108/><T20/><D119/><U38/><E38/><V133/><F42/><W33/><G117/><T97/><D75/><U132/><E1/><V89/><F133/><W81/><G135/><T94/><D19/><U51/><E126/><V48/><F124/><W105/><G127/><T58/><D58/><U84/><E129/><V90/><F78/><W65/><G33/><T114/><D114/><U53/><E43/><V79/><F79/><W14/><G36/><T29/><D29/><U25/><E115/><V111/><F111/><W17/><G105/><T55/><D55/><U45/><E51/><V122/><F122/><W116/><G116/><T47/><D47/><U80/><E12/><V112/><F93/><W102/><G96/><T2/><D82/><U26/><E7/><V131/><F131/><W41/><G102/><T85/><REACH who="0" step="1"/><D94/><REACH who="0" ten="227,393,190,180" step="2"/><U123/><E134/><V71/><F71/><W68/><G17/><T57/><D57/><U32/><E132/><V54/><F112/><W113/><G113/><T28/><D28/><U125/><E125/><V9/><F74/><W130/><G130/><T67/><D67/><U69/><E53/><V101/><F72/><W15/><G68/><T76/><D76/><U107/><E45/><V6/><F31/><W60/><G81/><T27/><AGARI ba="0,1" hai="0,2,3,16,20,27,39,40,46,85,86,87,97,98" machi="27" ten="40,12000,1" yaku="1,1,0,1,52,1,54,1,53,0" doraHai="21" doraHaiUra="118" who="0" fromWho="0" sc="227,130,393,-40,190,-40,180,-40" />
</Scene>
<Scene>
<INIT seed="4,1,0,0,3,127" ten="357,353,150,140" oya="0" hai0="129,77,82,125,70,55,128,27,35,68,47,48,2" hai1="79,135,84,26,132,13,37,9,76,88,87,115,80" hai2="34,117,45,73,133,11,61,20,81,22,106,43,18" hai3="120,5,78,94,36,33,40,60,107,112,41,17,96"/><T95/><D2/><U110/><E110/><V51/><F106/><W126/><G107/><T31/><D125/><U124/><E124/><V39/><F34/><W4/><G126/><T3/><D95/><U89/><E37/><V101/><F117/><W83/><G33/><T123/><D3/><U67/><E67/><V111/><F101/><W54/><G112/><T19/><D19/><U108/><E108/><V99/><F99/><W21/><G120/><T69/><REACH who="0" step="1"/><D123/><REACH who="0" ten="347,353,150,140" step="2"/><U121/><E121/><V65/><F18/><W86/><G4/><T12/><D12/><U23/><E115/><V28/><F111/><W100/><G5/><T131/><D131/><U116/><E116/><V75/><F28/><W62/><G17/><T102/><D102/><U119/><E119/><V38/><F81/><W90/><G100/><T30/><D30/><N who="1" m="17759" /><E132/><V85/><F133/><W44/><G94/><T25/><D25/><U105/><E135/><V52/><F11/><W7/><G7/><T32/><D32/><U0/><E0/><V72/><F20/><W109/><G109/><T114/><D114/><U57/><E105/><V8/><F22/><W64/><G21/><T66/><D66/><U71/><E9/><V93/><F8/><W58/><G64/><T10/><D10/><U104/><E13/><V98/><F65/><W14/><G14/><T6/><D6/><U59/><E104/><V103/><F103/><W29/><G29/><T63/><D63/><U16/><E16/><V118/><F118/><W24/><G62/><T92/><D92/><N who="1" m="54279" /><E71/><V46/><F61/><W122/><G122/><RYUUKYOKU ba="1,1" sc="347,15,353,15,150,-15,140,-15" hai0="27,31,35,47,48,55,68,69,70,77,82,128,129" hai1="57,59,76,79,80,87,89" />
</Scene>
<Scene>
<INIT seed="4,2,1,1,0,17" ten="362,368,135,125" oya="0" hai0="95,62,0,98,80,24,77,9,91,92,76,40,12" hai1="59,78,28,68,117,112,122,119,90,1,10,130,118" hai2="81,69,110,125,126,66,104,4,100,86,64,7,43" hai3="42,21,71,55,23,14,116,97,99,134,113,13,61"/><T20/><D0/><U106/><E68/><V46/><F110/><W50/><G116/><T25/><D40/><U102/><E78/><N who="2" m="46391" /><F100/><W47/><G113/><T109/><D109/><U65/><E90/><V87/><F104/><W30/><G134/><T51/><D25/><U33/><E59/><V34/><F34/><W5/><G30/><T128/><D128/><U103/><E65/><N who="2" m="25195" /><F87/><W52/><G71/><T41/><D62/><U88/><E88/><V114/><F114/><W63/><G42/><T124/><D124/><N who="2" m="47722" /><F69/><W16/><G5/><T82/><D95/><U15/><E112/><V93/><F93/><W72/><G72/><T85/><D82/><U53/><E106/><V115/><F115/><W49/><G47/><N who="0" m="26095" /><D80/><U56/><E119/><V131/><F131/><W133/><G133/><T8/><D85/><U132/><E130/><V89/><F89/><W11/><REACH who="3" step="1"/><G16/><REACH who="3" ten="362,368,135,115" step="2"/><N who="0" m="12295" /><D8/><AGARI ba="2,2" hai="8,11,13,14,21,23,49,50,52,55,61,63,97,99" machi="8" ten="25,12000,2" yaku="1,1,22,2,8,1,52,2,54,1,53,0" doraHai="17" doraHaiUra="3" who="3" fromWho="0" sc="362,-126,368,0,135,0,115,146" />
</Scene>
<Scene>
<INIT seed="5,0,0,4,0,88" ten="236,368,135,261" oya="1" hai0="38,27,15,1,40,59,92,100,2,69,115,17,127" hai1="37,9,135,105,62,54,53,52,87,42,104,3,103" hai2="25,47,112,48,50,8,125,0,6,81,113,129,93" hai3="118,70,60,119,45,94,98,10,19,80,55,102,26"/><U111/><E37/><V79/><F129/><W44/><G80/><T134/><D69/><U91/><E42/><V101/><F125/><W117/><G55/><T73/><D73/><U106/><E135/><V61/><F61/><W109/><G109/><T58/><D127/><U83/><E111/><V23/><F101/><W11/><G26/><T63/><D115/><U22/><E22/><V16/><F93/><W13/><REACH who="3" step="1"/><G11/><REACH who="3" ten="236,368,135,251" step="2"/><T130/><D27/><U56/><E53/><V34/><F34/><W66/><AGARI ba="0,1" hai="10,13,19,44,45,60,66,70,94,98,102,117,118,119" machi="66" ten="40,8000,1" yaku="1,1,2,1,0,1,12,1,52,1,53,0" doraHai="88" doraHaiUra="116" who="3" fromWho="3" sc="236,-20,368,-40,135,-20,251,90" />
</Scene>
<Scene>
<INIT seed="6,0,0,2,1,80" ten="216,328,115,341" oya="2" hai0="4,68,110,89,102,94,1,108,30,95,65,82,131" hai1="67,10,13,28,7,62,49,2,96,75,59,134,60" hai2="76,122,109,0,126,6,105,46,73,101,128,3,91" hai3="22,16,113,44,56,53,38,32,58,33,19,118,111"/><V86/><F122/><W57/><G111/><T23/><D131/><U9/><E75/><V17/><F128/><W106/><G106/><T84/><D4/><U63/><E134/><V11/><F109/><W124/><G118/><T34/><D1/><U55/><E28/><V37/><F0/><W24/><G124/><T78/><D34/><U42/><E42/><N who="2" m="22863" /><F126/><W90/><G113/><T81/><D102/><U104/><E96/><N who="2" m="61607" /><F17/><W47/><G38/><T103/><D103/><U121/><E104/><V116/><F91/><W125/><G125/><T87/><D110/><U21/><E21/><V40/><F40/><W123/><G123/><T70/><D108/><U54/><E121/><V48/><F48/><N who="3" m="28831" /><G33/><T27/><REACH who="0" step="1"/><D65/><REACH who="0" ten="206,328,115,341" step="2"/><U132/><E67/><V112/><F116/><W92/><G32/><T36/><D36/><U41/><E132/><V15/><F112/><W51/><G22/><T127/><D127/><U71/><E2/><V85/><F15/><W79/><G24/><T72/><D72/><U135/><E135/><V12/><F12/><W114/><G114/><T120/><D120/><U83/><E10/><V97/><F97/><N who="3" m="57495" /><G79/><T52/><D52/><AGARI ba="0,1" hai="16,19,44,51,52,56,57,58" m="57495,28831" machi="52" ten="30,3900,0" yaku="8,1,54,2" doraHai="80" who="3" fromWho="0" sc="206,-39,328,0,115,0,341,49" />
</Scene>
<Scene>
<INIT seed="7,0,0,5,4,111" ten="167,328,115,390" oya="3" hai0="59,6,14,76,56,49,130,103,35,58,39,96,51" hai1="5,85,69,92,63,81,55,23,121,119,98,105,84" hai2="0,89,3,44,75,65,62,88,90,116,127,115,128" hai3="91,114,87,15,20,67,54,78,32,12,43,11,19"/><W29/><G114/><T73/><D39/><U79/><E121/><V36/><F75/><W60/><G43/><T123/><D35/><U101/><E119/><V102/><F116/><W47/><G78/><T41/><D123/><U7/><E23/><V26/><F102/><W126/><G126/><T77/><D130/><U72/><E72/><V1/><F127/><W18/><G32/><T132/><D132/><U27/><E27/><V122/><F128/><W2/><G2/><T66/><D66/><U131/><E131/><V52/><F122/><W25/><G54/><T100/><D100/><U38/><E38/><V31/><F115/><W95/><G47/><N who="0" m="25839" /><D73/><U64/><E55/><V108/><F108/><W93/><G93/><N who="0" m="58767" /><D51/><U80/><REACH who="1" step="1"/><E105/><REACH who="1" ten="167,318,115,390" step="2"/><V16/><F36/><W104/><G25/><T70/><D70/><U135/><E135/><V120/><F120/><W134/><G20/><T83/><D59/><U40/><E40/><V53/><F44/><W82/><G104/><T118/><D58/><U112/><E112/><V109/><F109/><W30/><G134/><T24/><D56/><U94/><E94/><V28/><F28/><W71/><G95/><T113/><D118/><U110/><E110/><V86/><F86/><W42/><G42/><T99/><D113/><U13/><E13/><V37/><F37/><W10/><AGARI ba="0,1" hai="10,11,12,15,18,19,29,30,60,67,71,82,87,91" machi="10" ten="20,3900,0" yaku="0,1,7,1,9,1" doraHai="111" who="3" fromWho="3" sc="167,-13,318,-13,115,-13,390,49" owari="154,-25.0,305,11.0,102,-40.0,439,54.0" />
</Scene>
</mjloggm>