<mjloggm ver="2.3"><GO type="169" lobby="0"/><UN n0="%54%44%4E%34%38" n1="%E5%A4%AA%E3%81%8F%E3%81%AA%E3%81%84%E3%81%8A" n2="%E3%82%B7%E3%83%B3%E3%83%87%E3%83%AB%E3%83%A9" n3="%E3%83%81%E3%83%81%E3%82%AB%E3%82%AB%E6%B9%96" dan="17,17,16,16" rate="2169.71,2149.96,2124.64,2163.74" sx="M,M,M,M"/><TAIKYOKU oya="0"/>

<Scene>
<INIT seed="0,0,0,4,5,45" ten="250,250,250,250" oya="0" hai0="38,105,19,13,23,37,15,119,72,2,77,50,125" hai1="94,132,62,52,55,14,127,131,79,35,74,18,116" hai2="129,33,82,4,113,43,5,124,17,83,117,81,67" hai3="84,110,22,44,118,114,98,27,71,112,96,89,21"/><T64/><D119/><U123/><E116/><V88/><F117/><W86/><G71/><T28/><D2/><U134/><E123/><V70/><F113/><W106/><G118/><T133/><D105/><U11/><E35/><V78/><F124/><W135/><G110/><T41/><D125/><U7/><E127/><V120/><F120/><W63/><G135/><N who="1" m="51754" /><E131/><V126/><F126/><W87/><G63/><T57/><D133/><U42/><E42/><V46/><F129/><W40/><G21/><T1/><D1/><N who="1" m="495" /><E94/><V69/><F33/><W128/><G128/><T100/><D28/><U51/><E62/><V76/><F67/><W107/><G107/><T20/><D100/><U36/><E36/><V8/><F70/><W47/><G106/><T95/><D95/><U56/><E55/><V75/><F69/><W121/><G121/><T80/><D64/><U66/><E66/><V39/><F82/><W111/><G111/><T73/><D73/><U92/><E92/><V32/><F32/><W101/><G101/><T24/><D41/><U54/><E54/><V85/><REACH who="2" step="1"/><F76/><REACH who="2" ten="250,250,240,250" step="2"/><W30/><G114/><T93/><D77/><U99/><E79/><V16/><F16/><W61/><G112/><T12/><D19/><U103/><E18/><V58/><F58/><W104/><G30/><T102/><D57/><U97/><E56/><V68/><F68/><W31/><G31/><T90/><D80/><U48/><E74/><V25/><F25/><W29/><G27/><T53/><D24/><U10/><E103/><V65/><F65/><W34/><G29/><T0/><D102/><RYUUKYOKU ba="0,1" sc="250,-10,250,-10,240,30,250,-10" hai2="4,5,8,17,39,43,46,75,78,81,83,85,88" />
</Scene>
<Scene>
<INIT seed="1,1,1,3,4,15" ten="240,240,270,240" oya="1" hai0="97,6,130,88,51,135,48,114,120,53,112,57,80" hai1="85,14,101,121,124,82,36,59,47,125,118,65,1" hai2="17,134,71,106,49,110,29,77,30,26,7,44,35" hai3="22,131,38,133,25,42,67,50,27,40,21,108,100"/><U76/><E1/><V28/><F106/><W19/><G38/><T79/><D135/><U111/><E118/><V0/><F71/><W69/><G133/><T64/><D130/><U87/><E121/><V9/><F134/><W33/><G131/><T92/><D120/><U78/><E101/><V52/><F110/><W74/><G108/><T10/><D64/><U13/><E111/><V109/><F109/><W98/><G74/><T41/><D48/><U34/><E34/><V83/><REACH who="2" step="1"/><F17/><REACH who="2" ten="240,240,260,240" step="2"/><W20/><G19/><T90/><D112/><U56/><E125/><V39/><F39/><W93/><G69/><T4/><D114/><U68/><E124/><V46/><F46/><W104/><G104/><T123/><D123/><U96/><E36/><V89/><F89/><W66/><G100/><T11/><D90/><U2/><E47/><V60/><F60/><W103/><G103/><T119/><D119/><U32/><E68/><V129/><F129/><W115/><G115/><T91/><D91/><U24/><E59/><V70/><F70/><W73/><G50/><T61/><D61/><U113/><E56/><V86/><AGARI ba="1,2" hai="0,7,9,26,28,29,30,35,44,49,52,77,83,86" machi="86" ten="20,5200,0" yaku="1,1,0,1,7,1,54,1,53,0" doraHai="15" doraHaiUra="132" who="2" fromWho="2" sc="240,-14,240,-27,260,75,240,-14" />
</Scene>
<Scene>
<INIT seed="2,0,0,1,3,66" ten="226,213,335,226" oya="2" hai0="21,32,96,131,77,82,95,35,63,76,39,11,60" hai1="17,2,49,36,79,81,118,53,34,83,29,107,133" hai2="51,90,57,117,123,61,116,109,50,115,135,128,14" hai3="87,78,45,113,108,19,93,27,52,101,99,71,97"/><V125/><F14/><W41/><G108/><T65/><D39/><U73/><E118/><N who="2" m="45675" /><F90/><W25/><G113/><T1/><D131/><U55/><E36/><V100/><F100/><W75/><G75/><T74/><D77/><U102/><E2/><V92/><F92/><W98/><G71/><T13/><D1/><U122/><E17/><V106/><F106/><W84/><G41/><T86/><D74/><U33/><E83/><V10/><F10/><W4/><G4/><T3/><D3/><U112/><E112/><V8/><F8/><W119/><G119/><T56/><D21/><U5/><E5/><V103/><F103/><W47/><G101/><T18/><D63/><U54/><E29/><V127/><F115/><W121/><G99/><T111/><D111/><U64/><E102/><AGARI ba="0,0" hai="11,13,18,32,35,56,60,65,76,82,86,95,96,102" machi="102" ten="30,1000,0" yaku="7,1" doraHai="66" who="0" fromWho="1" sc="226,10,213,-10,335,0,226,0" />
</Scene>
<Scene>
<INIT seed="3,0,0,1,3,131" ten="236,203,335,226" oya="3" hai0="43,122,98,17,45,95,1,115,128,70,109,129,42" hai1="59,54,105,5,2,114,69,132,108,78,116,93,130" hai2="124,84,21,97,60,101,38,4,125,11,31,63,7" hai3="10,36,53,29,20,58,61,72,133,51,23,73,87"/><W9/><G36/><T79/><D122/><U110/><E69/><V0/><F38/><W14/><G73/><T3/><D70/><U126/><E105/><V107/><F84/><W111/><G72/><T68/><D68/><U76/><E114/><V15/><F7/><W65/><G111/><T66/><BYE who="1" /><D109/><U35/><E35/><V94/><F107/><W82/><G133/><T55/><D115/><U37/><E37/><V52/><F31/><W121/><G121/><T104/><D104/><U99/><E99/><V19/><REACH who="2" step="1"/><F52/><REACH who="2" ten="236,203,325,226" step="2"/><UN n1="%E5%A4%AA%E3%81%8F%E3%81%AA%E3%81%84%E3%81%8A" /><W13/><G29/><T74/><D55/><U71/><E54/><V103/><F103/><W30/><G30/><T56/><D129/><U100/><E130/><V85/><F85/><W127/><G127/><AGARI ba="0,1" hai="0,4,11,15,19,21,60,63,94,97,101,124,125,127" machi="127" ten="40,2600,0" yaku="1,1,18,1,53,0" doraHai="131" doraHaiUra="28" who="2" fromWho="3" sc="236,0,203,0,325,36,226,-26" />
</Scene>
<Scene>
<INIT seed="4,0,0,5,3,36" ten="236,203,361,200" oya="0" hai0="40,72,47,116,53,82,5,2,100,118,29,74,83" hai1="99,85,27,134,120,61,126,54,88,35,52,71,81" hai2="90,73,102,59,12,125,55,8,44,70,38,18,129" hai3="17,45,135,105,98,92,6,89,48,22,108,25,128"/><T87/><D100/><U127/><E120/><V75/><F125/><N who="1" m="47625" /><E134/><V21/><F129/><W78/><G128/><T41/><D29/><N who="1" m="19903" /><E99/><V15/><F70/><W122/><G135/><T80/><D87/><U113/><E113/><V28/><F102/><W34/><G122/><T76/><D53/><U121/><E121/><V14/><F28/><W23/><G108/><T30/><D30/><U46/><E46/><V115/><F115/><W94/><G34/><T112/><D47/><U51/><E51/><V7/><F90/><W67/><G105/><T64/><D64/><AGARI ba="0,0" hai="52,54,61,64,71,81,85,88" m="19903,47625" machi="64" ten="30,3900,0" yaku="18,1,54,2" doraHai="36" who="1" fromWho="0" sc="236,-39,203,39,361,0,200,0" />
</Scene>
<Scene>
<INIT seed="5,0,0,5,2,24" ten="197,242,361,200" oya="1" hai0="19,130,84,54,50,46,8,67,23,99,95,120,113" hai1="12,116,57,97,65,94,96,87,76,21,38,104,48" hai2="110,47,58,121,37,30,39,40,69,16,115,90,1" hai3="70,55,44,85,53,73,91,93,43,62,56,80,4"/><U3/><E3/><V134/><F110/><W26/><G70/><T28/><D120/><U100/><E38/><V31/><F121/><W114/><G114/><T18/><D130/><U72/><E116/><V108/><F108/><W88/><G4/><T79/><D113/><U5/><E72/><V34/><F115/><W127/><G127/><T128/><D128/><U29/><E5/><V131/><F69/><W25/><G53/><T124/><D124/><U36/><E36/><V98/><F131/><W41/><G73/><T112/><D112/><U66/><E76/><V42/><F134/><W122/><G122/><T126/><D126/><U102/><E87/><V71/><F71/><W133/><G133/><T75/><D75/><U123/><E123/><V103/><F1/><W81/><G43/><T125/><D125/><U63/><E48/><V64/><F90/><W86/><REACH who="3" step="1"/><G93/><REACH who="3" ten="197,242,361,190" step="2"/><T2/><D67/><U105/><E94/><V117/><F42/><W77/><G77/><T17/><D79/><U82/><E66/><V35/><F40/><W27/><G27/><N who="0" m="16511" /><D2/><U49/><E65/><V0/><F0/><W61/><G61/><T92/><D92/><U59/><E63/><V10/><F64/><W89/><G89/><N who="0" m="53671" /><D99/><U52/><E97/><V22/><F98/><W106/><G106/><T14/><AGARI ba="0,1" hai="8,14,17,18,19,46,50,54" m="53671,16511" machi="14" ten="30,2000,0" yaku="8,1,52,1" doraHai="24" who="0" fromWho="0" sc="197,30,242,-10,361,-5,190,-5" />
</Scene>
<Scene>
<INIT seed="6,0,0,3,3,26" ten="227,232,356,185" oya="2" hai0="85,114,17,90,20,59,1,77,52,45,0,87,13" hai1="34,129,115,37,100,63,123,56,33,84,107,78,49" hai2="65,89,23,11,14,61,30,43,101,8,51,2,25" hai3="127,32,40,93,95,58,12,125,124,72,110,71,92"/><V98/><F2/><W80/><G71/><T91/><D114/><U112/><E37/><V116/><F116/><W82/><G110/><T19/><D77/><U5/><E5/><V128/><F128/><W18/><G40/><T42/><D19/><U111/><E111/><V118/><F118/><W105/><G105/><T131/><D131/><U99/><E129/><V133/><F133/><W104/><G104/><T57/><D57/><U130/><E130/><V66/><F89/><W41/><G41/><T119/><D119/><U81/><E49/><V135/><F135/><W6/><G6/><T3/><D45/><U7/><E7/><V64/><F61/><W24/><G72/><T70/><D42/><U29/><E123/><V48/><F43/><W132/><G58/><T117/><D70/><U122/><E122/><V28/><F28/><N who="3" m="19463" /><G132/><T15/><D15/><U79/><E79/><V46/><F46/><W44/><G44/><T108/><D108/><U73/><E73/><V126/><F14/><W47/><G47/><T38/><D38/><U86/><E86/><V35/><F65/><W97/><G97/><T102/><D117/><U113/><E29/><V88/><F98/><W36/><G36/><T22/><D87/><U96/><E99/><V50/><F30/><W76/><G76/><T83/><D3/><U109/><E109/><V21/><F64/><AGARI ba="0,0" hai="33,34,56,63,64,78,81,84,96,100,107,112,113,115" machi="64" ten="40,1300,0" yaku="15,1" doraHai="26" who="1" fromWho="2" sc="227,0,232,13,356,-13,185,0" />
</Scene>
<Scene>
<INIT seed="7,0,0,3,2,6" ten="227,245,343,185" oya="3" hai0="48,129,25,84,116,110,101,103,83,122,77,29,87" hai1="95,39,80,86,53,112,107,72,82,65,28,132,113" hai2="17,1,13,56,7,67,60,38,59,35,69,34,40" hai3="124,50,100,121,62,42,130,20,98,37,109,32,15"/><W73/><G121/><T63/><D122/><U9/><E107/><V70/><F7/><W79/><G32/><T75/><D116/><U44/><E65/><V111/><F1/><W8/><G37/><T49/><D110/><U64/><E64/><V58/><F111/><W90/><G109/><T54/><D129/><U76/><E132/><V94/><F70/><W2/><G130/><T4/><D4/><U21/><E95/><V78/><F78/><W46/><G2/><T106/><D63/><U97/><E97/><V55/><F94/><N who="3" m="58455" /><G73/><T0/><D0/><U96/><E96/><V11/><F35/><W92/><G124/><T61/><D61/><U119/><E119/><V115/><F34/><W127/><G127/><T23/><D49/><N who="1" m="28839" /><E9/><V74/><F74/><W93/><G79/><T68/><D68/><U134/><E39/><V45/><F115/><N who="1" m="44105" /><E134/><V31/><F31/><W123/><G123/><T114/><D114/><U71/><E71/><V99/><F99/><N who="3" m="57751" /><G93/><T108/><D108/><U12/><E28/><V30/><F30/><W52/><G20/><T5/><D106/><U117/><E117/><V14/><F14/><W118/><G118/><T120/><D120/><U89/><E21/><V133/><F133/><W36/><G36/><T81/><D75/><U18/><E12/><V10/><F10/><W104/><G104/><T19/><D29/><U131/><E131/><V51/><AGARI ba="0,0" hai="11,13,17,38,40,45,51,55,56,58,59,60,67,69" machi="51" ten="20,8000,1" yaku="0,1,7,1,24,2,52,1" doraHai="6" who="2" fromWho="2" sc="227,-20,245,-20,343,80,185,-40" owari="207,-19.0,225,3.0,423,51.0,145,-35.0" />
</Scene>
</mjloggm>