<mjloggm ver="2.3"><GO type="169" lobby="0"/><UN n0="%E3%81%A9%E3%81%B0%E3%81%A8%E3%81%A1%E3%82%83%E3%82%93" n1="%E6%96%B0%E4%B8%96%E7%95%8C%E3%81%AE%E7%B4%99" n2="%E5%A4%A7%E5%AE%AE%E5%BF%8D%76" n3="%E5%A4%AA%E3%81%8F%E3%81%AA%E3%81%84%E3%81%8A" dan="17,17,16,17" rate="2146.71,2165.78,2147.80,2180.78" sx="F,M,M,F"/><TAIKYOKU oya="0"/>

<Scene>
<INIT seed="0,0,0,4,2,30" ten="250,250,250,250" oya="0" hai0="115,72,111,24,93,97,114,113,34,31,27,87,46" hai1="54,22,95,66,101,122,16,89,132,84,88,107,74" hai2="108,130,38,17,58,70,81,64,11,126,80,9,129" hai3="21,7,79,86,4,116,33,63,90,37,109,36,120"/><T14/><D72/><U62/><E122/><V32/><F70/><W77/><G116/><T41/><D111/><U105/><E132/><V10/><F38/><W23/><G109/><T26/><D87/><U19/><E74/><V25/><F108/><W51/><G86/><T6/><D6/><U43/><E43/><V1/><F1/><W67/><G51/><T15/><D26/><U117/><E117/><V134/><F134/><W85/><G85/><T82/><D24/><U118/><E118/><V45/><F45/><W125/><G90/><T78/><D82/><U68/><E89/><V104/><F104/><W61/><G67/><T121/><D78/><U102/><E19/><V52/><F64/><W92/><G92/><T91/><REACH who="0" step="1"/><D121/><REACH who="0" ten="240,250,250,250" step="2"/><U127/><E84/><V48/><F81/><W12/><G120/><T42/><D42/><U69/><E16/><V110/><F80/><W29/><G29/><T2/><D2/><U103/><E105/><V73/><F73/><W112/><G12/><T50/><AGARI ba="0,1" hai="14,15,27,31,34,41,46,50,91,93,97,113,114,115" machi="50" ten="30,6000,0" yaku="1,1,0,1,52,1,53,0" doraHai="30" doraHaiUra="55" who="0" fromWho="0" sc="240,70,250,-20,250,-20,250,-20" />
</Scene>
<Scene>
<INIT seed="0,1,0,0,5,82" ten="310,230,230,230" oya="0" hai0="0,99,60,134,3,86,130,100,9,5,112,10,117" hai1="118,76,48,102,114,72,13,124,6,66,51,22,70" hai2="50,83,35,67,34,125,19,68,98,127,122,61,77" hai3="49,113,101,37,90,20,40,116,84,25,131,28,55"/><T123/><D112/><U75/><E118/><V43/><F122/><W89/><G116/><T47/><D117/><U81/><E114/><V91/><F19/><W26/><G113/><T7/><D123/><U103/><E72/><V36/><F36/><W57/><G131/><T92/><D130/><U106/><E124/><N who="2" m="47691" /><F50/><W23/><G101/><T135/><D60/><U79/><E79/><V119/><F43/><W111/><G111/><T115/><D115/><U62/><E106/><V30/><F30/><W78/><G37/><T129/><D129/><U14/><E14/><V33/><F119/><W18/><G40/><T126/><D126/><U132/><E132/><V44/><F44/><W52/><G55/><T71/><D71/><U120/><E120/><V133/><F133/><W64/><G64/><T74/><D74/><U45/><E51/><V87/><F98/><W73/><G73/><T110/><D110/><U17/><REACH who="1" step="1"/><E6/><REACH who="1" ten="310,220,230,230" step="2"/><V1/><F77/><W32/><G32/><T97/><D135/><U88/><E88/><N who="2" m="51327" /><F1/><W24/><G24/><T108/><D134/><U31/><E31/><V21/><F91/><W85/><G85/><T107/><D108/><U59/><E59/><V128/><F128/><W2/><G2/><T109/><D109/><U96/><E96/><V39/><F39/><W46/><G57/><T41/><D86/><U69/><E69/><V105/><F105/><W56/><G56/><T12/><D12/><U11/><E11/><V4/><F4/><W58/><G58/><T8/><D8/><U65/><E65/><V54/><F21/><W95/><G78/><RYUUKYOKU ba="1,1" sc="310,-30,220,10,230,10,230,10" hai1="13,17,22,45,48,62,66,70,75,76,81,102,103" hai2="33,34,35,54,61,67,68" hai3="18,20,23,25,26,28,46,49,52,84,89,90,95" />
</Scene>
<Scene>
<INIT seed="1,2,1,0,0,33" ten="280,230,240,240" oya="1" hai0="29,46,11,73,20,101,110,19,91,24,43,84,60" hai1="104,106,40,3,58,107,32,25,28,135,41,125,75" hai2="76,30,83,13,4,59,34,134,129,130,57,49,102" hai3="77,79,90,87,117,27,35,123,5,116,112,131,31"/><U100/><E125/><V18/><F102/><W121/><G112/><T113/><D110/><U105/><E135/><V94/><F134/><W21/><G131/><N who="2" m="50185" /><F4/><W2/><G35/><T47/><D73/><U114/><E114/><V86/><F30/><W36/><G36/><T63/><D101/><U14/><E75/><V78/><F34/><W98/><G98/><T69/><D113/><U26/><E26/><V93/><F78/><N who="3" m="29707" /><G5/><T48/><D69/><U118/><E118/><N who="3" m="45674" /><G2/><T53/><D11/><U17/><E3/><V89/><F49/><W10/><G10/><T124/><D29/><U133/><E133/><V65/><F65/><W67/><G67/><T85/><D124/><U126/><E126/><V15/><F94/><AGARI ba="2,1" hai="21,27,31,87,90,94,121,123" m="45674,29707" machi="94" ten="30,1000,0" yaku="12,1" doraHai="33" who="3" fromWho="2" sc="280,0,230,0,240,-16,240,26" />
</Scene>
<Scene>
<INIT seed="2,0,0,0,4,86" ten="280,230,224,266" oya="2" hai0="118,133,135,132,82,22,75,89,55,112,102,69,47" hai1="77,120,126,125,127,130,81,58,10,111,12,37,1" hai2="79,95,98,31,30,54,106,100,25,53,90,5,87" hai3="36,44,83,27,48,33,124,80,20,122,108,93,94"/><V56/><F5/><W76/><G33/><T84/><D112/><U121/><E111/><V46/><F46/><W96/><G36/><T4/><D118/><U109/><E109/><V115/><F115/><W11/><G108/><T9/><D69/><U35/><E37/><V131/><F131/><W41/><G122/><N who="1" m="47210" /><E130/><V107/><F107/><W40/><G124/><N who="1" m="31746" /><U60/><DORA hai="24" /><E35/><V73/><F25/><W7/><G40/><T28/><D75/><N who="1" m="43199" /><E1/><V78/><F54/><W45/><G45/><T134/><D134/><U74/><E74/><V51/><F78/><W32/><G32/><T128/><D128/><U8/><E12/><V116/><F116/><W21/><G76/><T61/><D133/><U101/><E101/><V34/><F34/><W43/><G43/><T67/><D102/><U50/><E50/><V97/><REACH who="2" step="1"/><F97/><REACH who="2" ten="280,230,214,266" step="2"/><W29/><G96/><T3/><D135/><U63/><E63/><V65/><F65/><AGARI ba="0,1" hai="8,10,58,60,65" m="43199,31746,47210" machi="65" ten="40,2600,0" yaku="13,1,18,1" doraHai="86,24" who="1" fromWho="2" sc="280,0,230,36,214,-26,266,0" />
</Scene>
<Scene>
<INIT seed="3,0,0,2,5,70" ten="280,266,188,266" oya="3" hai0="48,51,129,131,97,74,2,80,22,49,37,4,60" hai1="87,71,125,78,46,83,67,11,106,88,43,23,61" hai2="121,114,119,113,36,45,69,26,28,120,104,55,24" hai3="107,81,16,132,109,62,99,15,18,93,84,94,135"/><W14/><G107/><T66/><D37/><U44/><E125/><V116/><F104/><W110/><G62/><T122/><D122/><N who="2" m="47210" /><F69/><W25/><G25/><T9/><D97/><U117/><E117/><N who="2" m="45131" /><F26/><W38/><G38/><T39/><D39/><U35/><E35/><N who="2" m="20871" /><F55/><W77/><G14/><T33/><D33/><U53/><E106/><V58/><F58/><W130/><G130/><N who="0" m="49675" /><D22/><U124/><E124/><V65/><F65/><W7/><G7/><T10/><D10/><U133/><E23/><V75/><F75/><W118/><G118/><T91/><D91/><U42/><E133/><N who="3" m="51274" /><G18/><T8/><D8/><U41/><E11/><V34/><F34/><W101/><G94/><T17/><D17/><U29/><E29/><V126/><F126/><W1/><G1/><T100/><D60/><U12/><E12/><V85/><F85/><W96/><G96/><T111/><D66/><U30/><E30/><V115/><F36/><W3/><G3/><T40/><D2/><U76/><REACH who="1" step="1"/><E53/><REACH who="1" ten="280,256,188,266" step="2"/><V54/><F54/><W19/><G19/><T127/><D127/><U123/><E123/><V47/><AGARI ba="0,1" hai="45,47,113,114,115" m="20871,45131,47210" machi="47" ten="40,1500,0" yaku="13,1" doraHai="70" who="2" fromWho="2" sc="280,-4,256,-4,188,25,266,-7" />
</Scene>
<Scene>
<INIT seed="4,0,0,1,3,76" ten="276,252,213,259" oya="0" hai0="26,131,109,111,133,10,48,40,44,81,116,67,59" hai1="98,102,122,132,85,31,93,114,94,135,3,125,110" hai2="126,80,124,61,128,62,73,68,43,63,55,17,72" hai3="30,71,123,130,15,91,37,127,1,97,12,87,2"/><T100/><D116/><U28/><E3/><V19/><F43/><W106/><G71/><T88/><D131/><U49/><E122/><V84/><F68/><W101/><G37/><T107/><D133/><N who="1" m="51275" /><E110/><N who="0" m="41993" /><D10/><U20/><E125/><N who="2" m="48235" /><F55/><W38/><G38/><T89/><D26/><N who="1" m="16455" /><E31/><V118/><F128/><W119/><G119/><T34/><D34/><U29/><E29/><V39/><F39/><W22/><G130/><T60/><D81/><U95/><E114/><V35/><F35/><W27/><G127/><T69/><D69/><U53/><E85/><V129/><F129/><W4/><G123/><T18/><D18/><N who="2" m="6666" /><F118/><W77/><G30/><T56/><D56/><AGARI ba="0,0" hai="49,53,56,93,94,95,98,102" m="16455,51275" machi="56" ten="30,1000,0" yaku="20,1" doraHai="76" who="1" fromWho="0" sc="276,-10,252,10,213,0,259,0" />
</Scene>
<Scene>
<INIT seed="5,0,0,3,1,132" ten="266,262,213,259" oya="1" hai0="93,63,88,31,27,60,78,34,122,85,103,29,18" hai1="45,101,79,64,89,15,131,32,105,51,19,65,130" hai2="120,135,77,112,25,52,134,4,10,128,96,26,50" hai3="69,115,102,75,21,46,113,116,37,38,114,70,68"/><U108/><E32/><V84/><F120/><W109/><G75/><T86/><D122/><U117/><E117/><V39/><F39/><N who="3" m="14859" /><G21/><N who="0" m="13751" /><D103/><U36/><E36/><V66/><F66/><W12/><G12/><T95/><D34/><U126/><E79/><V54/><F128/><N who="1" m="49193" /><E108/><V76/><F96/><W55/><G102/><T83/><D95/><U72/><E72/><V41/><F41/><W20/><G20/><T106/><D106/><U30/><E30/><AGARI ba="0,0" hai="29,30,31,60,63,78,83,85,86,88,93" m="13751" machi="30" ten="30,2000,0" yaku="8,1,54,1" doraHai="132" who="0" fromWho="1" sc="266,20,262,-20,213,0,259,0" />
</Scene>
<Scene>
<INIT seed="6,0,0,5,5,35" ten="286,242,213,259" oya="2" hai0="63,113,135,52,49,4,110,7,72,126,84,73,2" hai1="123,45,24,127,19,96,48,118,134,18,65,55,3" hai2="10,59,30,114,34,131,108,15,94,8,100,90,56" hai3="82,122,47,75,60,121,36,54,79,62,99,111,107"/><V115/><F100/><N who="3" m="62879" /><G54/><T70/><D113/><N who="2" m="43018" /><F131/><W46/><G47/><T13/><D126/><U78/><E118/><V44/><F108/><W22/><G22/><T80/><D135/><U38/><E134/><V66/><F44/><W119/><G60/><T76/><D2/><U57/><E127/><V101/><F101/><W27/><G27/><T0/><D0/><U91/><E123/><N who="3" m="47114" /><G62/><T109/><D73/><U40/><E78/><V102/><F102/><W23/><G23/><T16/><D72/><U68/><E3/><V26/><F66/><W106/><G106/><T37/><D37/><U20/><E68/><V124/><F124/><W32/><G32/><T86/><D110/><U92/><REACH who="1" step="1"/><E65/><REACH who="1" ten="286,232,213,259" step="2"/><V9/><F15/><W85/><G79/><T120/><D109/><U1/><E1/><V125/><F125/><W71/><G71/><T29/><D120/><U97/><E97/><AGARI ba="0,1" hai="8,9,10,26,30,34,56,59,90,94,97" m="43018" machi="97" ten="30,1500,0" yaku="15,1" doraHai="35" who="2" fromWho="1" sc="286,0,232,-15,213,25,259,0" />
</Scene>
<Scene>
<INIT seed="6,1,0,1,5,45" ten="286,217,238,259" oya="2" hai0="98,125,53,78,68,56,44,47,66,110,0,28,15" hai1="60,62,87,18,42,100,29,89,76,11,117,91,114" hai2="101,35,77,33,70,69,108,106,65,82,23,8,1" hai3="61,107,16,80,54,81,26,12,40,39,27,118,67"/><V135/><F23/><W46/><G107/><T55/><D0/><U102/><E117/><V72/><F135/><W112/><G118/><T133/><D78/><U73/><E114/><V83/><F83/><W37/><G37/><T97/><D68/><N who="2" m="26218" /><F65/><W58/><G112/><T134/><D110/><U4/><E73/><V50/><F50/><N who="3" m="29015" /><G40/><T48/><D28/><U31/><E18/><V13/><F13/><W132/><G39/><T2/><D15/><U10/><E42/><V115/><F115/><W123/><G123/><T49/><D2/><U38/><E38/><V116/><F116/><W30/><G132/><N who="0" m="50795" /><D125/><U24/><E87/><V93/><F93/><W129/><G30/><T94/><D94/><U111/><E111/><V109/><F108/><W63/><G63/><AGARI ba="1,0" hai="44,47,48,49,53,55,56,63,66,97,98" m="50795" machi="63" ten="30,3900,0" yaku="20,1,52,2" doraHai="45" who="0" fromWho="3" sc="286,42,217,0,238,0,259,-42" />
</Scene>
<Scene>
<INIT seed="7,0,0,2,5,97" ten="328,217,238,217" oya="3" hai0="42,65,126,21,123,98,23,48,43,7,81,55,75" hai1="124,8,38,133,60,68,35,54,45,113,72,17,125" hai2="24,94,108,109,114,103,107,119,71,10,78,96,116" hai3="3,62,22,73,67,110,56,127,40,51,85,135,58"/><W117/><G73/><T64/><D123/><U86/><E72/><V6/><F71/><W57/><G3/><T120/><D126/><N who="1" m="48747" /><E113/><V20/><F78/><W36/><G127/><T49/><D75/><U88/><E133/><V61/><F114/><W118/><G22/><T129/><D129/><U14/><E35/><V90/><F61/><W111/><G85/><T5/><D98/><U9/><E38/><V132/><F132/><W39/><G135/><T80/><D120/><U66/><E45/><V41/><F41/><W32/><G32/><T122/><D122/><U37/><E54/><AGARI ba="0,0" hai="5,7,21,23,42,43,48,49,54,55,64,65,80,81" machi="54" ten="25,3200,0" yaku="22,2,8,1" doraHai="97" who="0" fromWho="1" sc="328,32,217,-32,238,0,217,0" owari="360,45.0,185,-31.0,238,4.0,217,-18.0" />
</Scene>
</mjloggm>