<mjloggm ver="2.3"><GO type="169" lobby="0"/><UN n0="%E5%A4%AA%E3%81%8F%E3%81%AA%E3%81%84%E3%81%8A" n1="%E3%82%A2%E3%83%83%E3%83%97%E3%83%AB%E3%82%B0%E3%83%9F" n2="%E5%A4%A7%E5%A4%A7%E5%B2%A1%E5%B1%B1%EF%BC%A0%E6%A8%AA%E6%B5%9C" n3="%E3%81%91%E3%82%93%31%39%37%30" dan="17,17,16,16" rate="2215.18,2215.54,2168.82,2147.61" sx="F,M,M,M"/><TAIKYOKU oya="0"/>

<Scene>
<INIT seed="0,0,0,1,0,13" ten="250,250,250,250" oya="0" hai0="34,22,45,33,99,98,118,40,78,120,106,91,115" hai1="111,29,104,133,17,18,16,97,101,1,67,12,68" hai2="59,28,61,87,110,108,37,125,81,10,36,42,83" hai3="25,88,122,55,102,35,72,69,8,89,9,19,47"/><T2/><D115/><U93/><E1/><V132/><F125/><W90/><G69/><T75/><D118/><U109/><E133/><V124/><F124/><W62/><G122/><T95/><D120/><U74/><E74/><V113/><F113/><W127/><G127/><T79/><D2/><U27/><E12/><V92/><F132/><W44/><G72/><T112/><D112/><U7/><E7/><V54/><F28/><W23/><G102/><T76/><D75/><U82/><E82/><V64/><F10/><N who="3" m="4203" /><G35/><T26/><D106/><U48/><E48/><V70/><F92/><W130/><G130/><T116/><D99/><U3/><E93/><V103/><F103/><W66/><G66/><T31/><REACH who="0" step="1"/><D116/><REACH who="0" ten="240,250,250,250" step="2"/><U84/><E3/><V80/><F87/><W0/><G0/><T20/><D20/><U77/><E84/><V71/><F83/><W134/><G134/><T4/><D4/><U51/><E77/><V49/><F81/><W121/><G121/><T86/><D86/><U105/><E105/><V60/><F80/><W15/><G25/><T135/><D135/><U65/><E51/><AGARI ba="0,1" hai="22,26,31,33,34,40,45,51,76,78,79,91,95,98" machi="51" ten="40,3900,0" yaku="1,1,53,1" doraHai="13" doraHaiUra="24" who="0" fromWho="1" sc="240,49,250,-39,250,0,250,0" />
</Scene>
<Scene>
<INIT seed="0,1,0,4,5,90" ten="289,211,250,250" oya="0" hai0="26,5,55,126,83,23,56,104,103,43,7,123,14" hai1="25,21,45,3,105,110,77,58,27,82,2,17,38" hai2="39,122,15,31,117,61,67,19,133,92,49,129,112" hai3="84,64,134,0,132,37,28,120,118,44,13,94,62"/><T108/><BYE who="2" /><D123/><U99/><E110/><V115/><F115/><W6/><G118/><T78/><D126/><U35/><E58/><V121/><F121/><W106/><G106/><T130/><D130/><U72/><E38/><UN n2="%E5%A4%A7%E5%A4%A7%E5%B2%A1%E5%B1%B1%EF%BC%A0%E6%A8%AA%E6%B5%9C" /><V4/><F117/><W86/><G0/><T128/><D128/><U88/><E45/><V74/><F122/><W125/><G28/><T114/><D114/><U40/><E40/><V97/><F39/><W100/><G125/><T8/><D43/><U116/><E116/><V79/><F74/><W47/><G120/><T111/><D7/><U71/><E71/><V24/><F79/><W52/><G86/><T73/><D103/><U109/><E109/><N who="0" m="42057" /><D104/><U10/><E10/><V80/><F4/><W127/><G127/><T34/><D34/><U51/><E51/><V69/><F49/><W119/><G119/><T11/><D14/><U107/><E107/><V22/><F15/><W91/><G100/><T1/><D5/><U81/><E105/><V70/><F112/><W48/><G37/><T32/><D32/><U101/><E101/><V53/><F129/><W41/><G41/><T68/><D68/><U135/><E35/><V54/><F70/><N who="3" m="42263" /><G13/><T96/><D96/><U85/><E2/><V87/><F97/><W12/><G12/><T131/><D1/><U65/><E3/><V20/><F69/><W50/><G6/><T124/><D131/><U76/><E99/><V93/><F61/><W63/><G63/><N who="0" m="36255" /><D124/><U18/><E27/><V42/><F24/><W46/><G50/><T36/><D36/><U59/><E25/><V95/><F31/><AGARI ba="1,0" hai="8,11,23,26,31,73,78,83" m="36255,42057" machi="31" ten="30,5800,0" yaku="6,1,14,1,10,1" doraHai="90" who="0" fromWho="2" sc="289,61,211,0,250,-61,250,0" />
</Scene>
<Scene>
<INIT seed="0,2,0,0,5,65" ten="350,211,189,250" oya="0" hai0="48,79,46,84,105,24,73,78,62,8,121,90,132" hai1="56,115,31,51,39,123,98,61,11,93,10,110,63" hai2="135,130,108,25,134,66,57,74,83,40,14,44,92" hai3="38,69,59,64,71,13,0,16,96,114,2,102,60"/><T36/><D121/><U125/><E39/><V45/><F108/><W91/><G114/><T37/><D105/><U68/><E123/><V106/><F106/><W97/><G38/><T82/><D132/><N who="2" m="50730" /><F130/><W23/><G91/><T129/><D129/><U30/><E110/><V127/><F127/><W99/><REACH who="3" step="1"/><G102/><REACH who="3" ten="350,211,189,240" step="2"/><T128/><D128/><U81/><E115/><V88/><F25/><W112/><G112/><T52/><D37/><U124/><E125/><V20/><F74/><W54/><G54/><T22/><D36/><U26/><E124/><V33/><F33/><W94/><G94/><T72/><D72/><U32/><E32/><V131/><F131/><W53/><G53/><T42/><D73/><U67/><E26/><V5/><F83/><W101/><G101/><T95/><D82/><U120/><E81/><V55/><F55/><W18/><G18/><T7/><D42/><U80/><E80/><V117/><F88/><W35/><G35/><T89/><D89/><U21/><E120/><V12/><F12/><W47/><BYE who="2" /><G47/><T43/><D43/><U119/><E93/><V87/><F87/><W75/><G75/><T34/><D34/><U9/><E98/><V126/><F126/><W116/><G116/><T85/><D85/><U27/><E119/><V113/><F113/><W86/><G86/><T77/><D84/><UN n2="%E5%A4%A7%E5%A4%A7%E5%B2%A1%E5%B1%B1%EF%BC%A0%E6%A8%AA%E6%B5%9C" /><U3/><E3/><AGARI ba="2,1" hai="0,2,3,13,16,23,59,60,64,69,71,96,97,99" machi="3" ten="40,8000,1" yaku="1,1,52,2,54,1,53,0" doraHai="65" doraHaiUra="49" who="3" fromWho="1" sc="350,0,211,-86,189,0,240,96" />
</Scene>
<Scene>
<INIT seed="1,0,0,5,2,65" ten="350,125,189,336" oya="1" hai0="69,95,80,87,111,39,57,96,20,124,3,125,93" hai1="53,106,77,110,129,50,79,122,27,71,7,68,135" hai2="97,6,89,76,28,98,108,34,119,94,26,90,32" hai3="64,2,21,33,126,42,86,131,81,82,19,91,112"/><U46/><BYE who="2" /><E106/><V66/><F66/><W63/><G112/><T105/><D39/><U0/><E122/><UN n2="%E5%A4%A7%E5%A4%A7%E5%B2%A1%E5%B1%B1%EF%BC%A0%E6%A8%AA%E6%B5%9C" /><V1/><F119/><W43/><G33/><T23/><D3/><U40/><E129/><V25/><F108/><W70/><G126/><N who="0" m="48747" /><D69/><U4/><E110/><V115/><F115/><W13/><G131/><T10/><D10/><U92/><E135/><V101/><F76/><W132/><G132/><T29/><D111/><U12/><E0/><V18/><F6/><W104/><G2/><T109/><D109/><U31/><E92/><N who="0" m="35401" /><D29/><U73/><E7/><V121/><F1/><W113/><G113/><T134/><D57/><U60/><E73/><V88/><F121/><W9/><G104/><T102/><D134/><U44/><E79/><AGARI ba="0,0" hai="20,23,79,80,87,96,102,105" m="35401,48747" machi="79" ten="30,1000,0" yaku="18,1" doraHai="65" who="0" fromWho="1" sc="350,10,125,-10,189,0,336,0" />
</Scene>
<Scene>
<INIT seed="2,0,0,5,5,112" ten="360,115,189,336" oya="2" hai0="99,28,110,58,85,35,70,31,69,102,116,30,126" hai1="128,98,40,77,26,75,41,90,60,12,36,92,22" hai2="64,87,59,23,76,51,7,84,34,47,1,122,63" hai3="65,94,45,115,123,114,18,127,17,135,43,118,4"/><V79/><F122/><W88/><G123/><T8/><D35/><U111/><E111/><V132/><F34/><W74/><G74/><T14/><D110/><U48/><E36/><V44/><F132/><W42/><G135/><T101/><D126/><U2/><E2/><V5/><F23/><W91/><G127/><T0/><D0/><U66/><E128/><V82/><F1/><W55/><G65/><T129/><D129/><U53/><E12/><V131/><F131/><W16/><G4/><T3/><D3/><U119/><E77/><V56/><F56/><W113/><G118/><T39/><D39/><U15/><E15/><V49/><F44/><W33/><G33/><T19/><D116/><U20/><E75/><V32/><F32/><W86/><G91/><T133/><D133/><U97/><E97/><V57/><F57/><W6/><G6/><N who="2" m="2057" /><F47/><W78/><G78/><T83/><D58/><N who="1" m="37143" /><E119/><V61/><F61/><W27/><G27/><T100/><REACH who="0" step="1"/><D99/><REACH who="0" ten="350,115,189,336" step="2"/><U54/><E54/><V13/><F59/><W9/><G9/><T124/><D124/><U134/><E134/><V103/><F63/><W11/><G11/><T46/><D46/><N who="1" m="27799" /><E22/><V105/><F64/><W107/><G107/><T117/><D117/><U68/><E68/><V21/><F105/><W109/><G109/><T38/><D38/><U89/><E20/><V73/><F21/><W67/><G67/><T81/><D81/><U52/><E98/><V95/><F82/><W130/><G130/><T80/><D80/><U108/><E108/><V25/><F73/><W37/><G37/><T72/><D72/><RYUUKYOKU ba="0,1" sc="350,15,115,-15,189,-15,336,15" hai0="8,14,19,28,30,31,69,70,83,85,100,101,102" hai3="16,17,18,42,43,45,55,86,88,94,113,114,115" />
</Scene>
<Scene>
<INIT seed="3,1,1,0,1,20" ten="365,100,174,351" oya="3" hai0="42,109,3,16,5,40,44,4,70,103,96,30,67" hai1="112,135,15,87,122,47,79,56,31,53,68,78,104" hai2="64,22,121,35,9,0,46,93,55,120,37,7,84" hai3="28,29,126,125,72,24,32,10,19,2,62,106,116"/><W52/><G106/><T77/><D30/><U73/><E122/><V65/><F35/><W66/><G72/><T97/><D77/><U98/><E112/><V99/><F84/><W48/><G116/><T34/><D34/><U85/><E68/><V90/><F22/><W91/><G29/><T59/><D70/><U119/><E119/><V110/><F110/><W63/><G91/><T1/><D59/><U118/><E118/><V114/><F114/><W115/><G115/><T45/><D67/><U117/><E117/><V100/><F100/><W38/><G38/><T50/><D50/><U54/><E73/><V26/><F26/><W6/><G19/><T81/><D103/><U17/><E31/><V130/><F130/><W61/><REACH who="3" step="1"/><G66/><REACH who="3" ten="365,100,174,341" step="2"/><T89/><D89/><U107/><E17/><V111/><F65/><W131/><G131/><T80/><D16/><U133/><E104/><V92/><F64/><W75/><G75/><T74/><D74/><U18/><E107/><V23/><F37/><W49/><G49/><T134/><D109/><U33/><E18/><V76/><F111/><W127/><G127/><T21/><D21/><U69/><E33/><V123/><F23/><W43/><G43/><T88/><D88/><U36/><E69/><V57/><F121/><W108/><G108/><T86/><D86/><U94/><E85/><V51/><F123/><W25/><G25/><T95/><D95/><U113/><E113/><V41/><F120/><W14/><G14/><T8/><D8/><U83/><E87/><V128/><F128/><W12/><G12/><T129/><D129/><RYUUKYOKU ba="1,2" sc="365,15,100,-15,174,-15,341,15" hai0="1,3,4,5,40,42,44,45,80,81,96,97,134" hai3="2,6,10,24,28,32,48,52,61,62,63,125,126" />
</Scene>
<Scene>
<INIT seed="3,2,2,3,5,128" ten="380,85,159,356" oya="3" hai0="87,14,19,70,74,113,75,56,62,124,16,133,37" hai1="67,48,91,45,61,129,49,108,120,107,64,93,5" hai2="35,119,30,100,11,43,39,41,58,32,24,63,18" hai3="131,111,82,60,40,28,23,90,22,17,53,122,52"/><W102/><G122/><T80/><D70/><U31/><E107/><V126/><F119/><W2/><G2/><T127/><D37/><U98/><E120/><V54/><F126/><N who="0" m="48170" /><D133/><U6/><E129/><V81/><F100/><W109/><G131/><T0/><D0/><U4/><E108/><N who="3" m="41546" /><G40/><T117/><D113/><U55/><E61/><V83/><F35/><W51/><G102/><T15/><D15/><U3/><E3/><V59/><F39/><W135/><G135/><T68/><D68/><U76/><E76/><V78/><F59/><N who="3" m="34927" /><G28/><T71/><D71/><U44/><REACH who="1" step="1"/><E31/><REACH who="1" ten="380,75,159,356" step="2"/><V115/><F115/><W25/><G23/><N who="0" m="11671" /><D117/><U79/><E79/><V38/><F78/><W114/><G114/><T125/><D125/><U26/><E26/><V92/><F24/><W96/><G25/><T101/><D62/><U65/><E65/><V85/><F63/><W47/><G22/><T46/><D74/><U110/><E110/><V134/><F30/><W104/><G104/><T123/><D75/><U94/><E94/><V21/><F21/><W112/><BYE who="2" /><G112/><T50/><D80/><U99/><E99/><V106/><F106/><W121/><G121/><T86/><D123/><U13/><E13/><V116/><F116/><W66/><G66/><T1/><D1/><U8/><E8/><V88/><F88/><W10/><G82/><UN n2="%E5%A4%A7%E5%A4%A7%E5%B2%A1%E5%B1%B1%EF%BC%A0%E6%A8%AA%E6%B5%9C" /><T20/><D20/><U132/><E132/><V97/><F134/><W95/><G10/><T34/><D87/><U27/><E27/><V72/><F85/><W103/><G90/><T89/><D89/><U69/><E69/><V9/><F81/><RYUUKYOKU ba="2,3" sc="380,-15,75,15,159,-15,356,15" hai1="4,5,6,44,45,48,49,55,64,67,91,93,98" hai3="17,47,51,52,95,96,103" />
</Scene>
<Scene>
<INIT seed="3,3,3,3,1,45" ten="365,90,144,371" oya="3" hai0="72,18,94,107,35,113,39,40,131,15,88,73,76" hai1="80,124,31,10,3,44,85,105,74,30,129,111,110" hai2="12,89,126,2,27,52,6,23,99,54,82,95,47" hai3="29,108,32,21,91,97,20,90,71,42,61,109,68"/><W49/><G32/><T64/><D107/><U135/><E129/><V127/><F2/><W112/><G112/><T70/><D131/><U98/><E124/><N who="2" m="47659" /><F82/><W93/><G91/><T119/><D35/><U5/><E135/><V25/><F47/><N who="3" m="25847" /><G29/><T63/><D119/><U125/><E125/><V67/><F67/><N who="3" m="41071" /><G71/><T7/><D7/><U78/><E85/><V123/><F123/><W16/><G16/><T14/><D113/><U53/><E53/><N who="2" m="20587" /><F23/><W83/><G83/><T77/><D77/><U28/><E28/><V128/><F128/><W17/><BYE who="2" /><G17/><T41/><D76/><U86/><E86/><V132/><F132/><W43/><G43/><T100/><D41/><U55/><E31/><V102/><F102/><W38/><G38/><T117/><D100/><U101/><REACH who="1" step="1"/><E30/><REACH who="1" ten="365,80,144,371" step="2"/><V51/><F51/><AGARI ba="3,4" hai="3,5,10,44,51,55,74,78,80,98,101,105,110,111" machi="51" ten="40,8000,1" yaku="1,1,2,1,52,1,53,1" doraHai="45" doraHaiUra="96" who="1" fromWho="2" sc="365,0,80,129,144,-89,371,0" />
</Scene>
<Scene>
<INIT seed="4,0,0,2,4,37" ten="365,209,55,371" oya="0" hai0="31,111,25,57,10,41,122,110,118,20,7,50,125" hai1="19,108,28,80,27,81,112,85,86,16,43,117,59" hai2="54,9,92,8,71,77,72,47,99,40,42,101,129" hai3="115,39,106,58,96,65,52,68,123,35,128,130,97"/><T113/><D118/><U132/><E117/><V89/><F89/><W46/><G35/><T91/><D122/><U116/><E116/><V18/><F18/><W62/><G97/><T34/><D113/><U121/><E108/><N who="0" m="41513" /><D125/><U87/><E121/><V120/><F120/><W13/><G123/><T127/><D127/><U79/><E112/><V17/><F17/><W104/><G13/><N who="0" m="5343" /><D91/><U102/><E132/><V73/><F73/><W55/><G115/><T135/><D135/><U6/><E6/><V64/><F64/><W75/><G75/><T124/><D124/><U126/><E126/><V1/><F1/><W26/><G26/><T119/><D119/><U103/><E59/><V32/><F32/><W38/><G96/><T105/><D105/><U67/><E67/><V107/><F107/><W134/><G134/><T12/><D57/><U22/><E103/><V51/><F51/><N who="3" m="28791" /><G104/><T93/><D93/><U94/><E102/><V61/><F61/><N who="3" m="36063" /><G106/><T66/><D66/><U23/><E94/><V2/><F2/><W48/><G48/><T49/><D34/><U45/><E81/><V0/><F0/><W56/><G68/><T131/><D131/><AGARI ba="0,0" hai="38,39,56,62,65,128,130,131" m="36063,28791" machi="131" ten="30,7700,0" yaku="19,1,34,2,54,1" doraHai="37" who="3" fromWho="0" sc="365,-77,209,0,55,0,371,77" />
</Scene>
<Scene>
<INIT seed="5,0,0,1,1,103" ten="288,209,55,448" oya="1" hai0="80,106,116,67,32,92,37,74,0,6,22,43,9" hai1="132,25,33,109,83,35,51,73,54,75,13,40,24" hai2="42,105,28,26,10,64,131,86,62,7,46,50,135" hai3="76,129,120,117,60,34,59,87,133,82,29,89,12"/><U98/><E40/><V17/><F17/><W123/><G133/><T30/><D92/><U49/><E132/><V58/><F58/><W4/><G129/><T88/><D116/><U114/><E13/><V91/><F91/><W8/><G117/><T122/><D122/><U57/><E114/><V90/><F90/><W38/><G38/><T97/><D67/><U15/><E109/><V121/><F121/><W41/><G41/><T101/><D22/><U21/><E15/><V108/><F108/><W113/><G113/><T77/><D88/><U125/><E125/><V126/><F126/><W94/><G29/><T104/><D97/><U44/><E98/><V61/><F61/><W31/><G31/><T115/><D101/><U130/><E130/><V72/><F72/><W107/><G107/><T20/><D20/><U36/><E36/><V2/><F2/><W19/><G34/><N who="1" m="12810" /><E83/><V71/><F71/><W68/><G68/><T48/><D48/><U18/><E25/><V95/><F95/><W56/><G4/><T100/><D100/><U70/><E70/><V39/><F39/><W110/><G110/><T63/><D63/><U99/><E99/><V112/><F112/><W5/><G5/><T81/><D81/><U127/><E127/><V69/><F69/><W53/><G59/><T55/><D55/><U128/><E128/><V102/><F102/><W27/><G27/><N who="0" m="18527" /><D115/><U47/><E57/><V45/><F45/><AGARI ba="0,0" hai="0,6,9,37,43,45,74,77,80,104,106" m="18527" machi="45" ten="30,8000,1" yaku="25,1,33,2,52,2" doraHai="103" who="0" fromWho="2" sc="288,80,209,0,55,-80,448,0" owari="368,17.0,209,-19.0,-25,-53.0,448,55.0" />
</Scene>
</mjloggm>