<mjloggm ver="2.3"><GO type="169" lobby="0"/><UN n0="%E5%A4%AA%E3%81%8F%E3%81%AA%E3%81%84%E3%81%8A" n1="%E3%83%90%E3%82%B9%E3%82%BF%E3%83%BC%E5%90%9B" n2="%E3%81%8B%E3%82%89%E3%83%BC%E3%81%9C" n3="%33%E7%95%AA%44%48%E4%BA%95%E7%AB%AF" dan="18,16,17,17" rate="2223.97,2159.92,2133.58,2095.69" sx="M,M,M,M"/><TAIKYOKU oya="0"/>

<Scene>
<INIT seed="0,0,0,4,5,116" ten="250,250,250,250" oya="0" hai0="117,65,128,0,133,107,115,52,10,8,111,98,26" hai1="130,88,121,74,97,96,73,64,18,11,122,84,34" hai2="87,82,101,44,79,47,123,37,77,16,42,103,33" hai3="22,45,113,28,49,32,80,7,15,126,81,118,62"/><T94/><D117/><U35/><E64/><V135/><F33/><W58/><G118/><T76/><D115/><U6/><E18/><V25/><F135/><W92/><G113/><T46/><D107/><U55/><E130/><V90/><F123/><W13/><G126/><T23/><D65/><U17/><E17/><V70/><F70/><W5/><G32/><T36/><D76/><U19/><E19/><V125/><F125/><W51/><G92/><T31/><D0/><U83/><E34/><V53/><F77/><W91/><G28/><T1/><D1/><U60/><E35/><V72/><F47/><W106/><G106/><T120/><D133/><U57/><E96/><V41/><F41/><W63/><G58/><T4/><D128/><U108/><E108/><V14/><F53/><W68/><G91/><T78/><D78/><U61/><E61/><V67/><F25/><W131/><G131/><T56/><D4/><U21/><E21/><V50/><F37/><W38/><G22/><T20/><D20/><U105/><E74/><V66/><F67/><W59/><G59/><T71/><D71/><U27/><E27/><V112/><F66/><W127/><G127/><T2/><D2/><U102/><E73/><V69/><F69/><W119/><G68/><T48/><D111/><U24/><E24/><V9/><REACH who="2" step="1"/><F112/><REACH who="2" ten="250,250,240,250" step="2"/><W86/><G119/><T95/><D26/><U75/><E75/><V93/><AGARI ba="0,1" hai="9,14,16,42,44,50,72,79,82,87,90,93,101,103" machi="93" ten="20,8000,1" yaku="1,1,2,1,0,1,7,1,54,1,53,0" doraHai="116" doraHaiUra="3" who="2" fromWho="2" sc="250,-40,250,-20,240,90,250,-20" />
</Scene>
<Scene>
<INIT seed="1,0,0,1,1,42" ten="210,230,330,230" oya="1" hai0="97,132,28,51,61,75,73,6,31,81,68,114,47" hai1="85,69,62,82,45,106,112,74,56,110,24,33,113" hai2="21,117,127,107,13,27,43,57,86,17,7,48,121" hai3="29,125,8,100,102,2,83,19,32,25,5,0,15"/><U16/><E106/><V23/><F117/><W53/><G125/><T99/><D114/><U40/><E69/><V60/><F121/><W26/><G83/><T96/><D6/><U65/><E74/><V91/><F107/><W108/><G108/><T20/><D132/><U30/><E110/><V77/><F127/><W123/><G123/><T111/><D111/><U34/><E34/><V49/><F77/><W4/><G53/><T52/><D20/><U95/><E95/><N who="2" m="54775" /><F43/><W101/><G101/><T88/><D73/><U14/><E85/><V71/><F71/><W44/><G44/><T93/><D68/><U78/><E82/><V58/><F58/><W90/><G90/><T41/><D75/><U131/><E78/><V18/><F7/><N who="3" m="2635" /><G102/><T120/><D81/><U79/><E79/><V1/><F1/><N who="3" m="619" /><G100/><T122/><D122/><U66/><E66/><AGARI ba="0,0" hai="13,17,18,21,23,27,48,49,57,60,66" m="54775" machi="66" ten="30,1000,0" yaku="8,1" doraHai="42" who="2" fromWho="1" sc="210,0,230,-10,330,10,230,0" />
</Scene>
<Scene>
<INIT seed="2,0,0,3,1,104" ten="210,220,340,230" oya="2" hai0="29,92,112,63,124,23,43,121,10,76,50,58,128" hai1="62,102,57,47,77,110,123,9,40,24,1,32,88" hai2="107,95,37,78,86,81,134,33,83,68,116,7,130" hai3="22,4,39,93,119,34,73,11,109,108,30,82,114"/><V96/><F68/><W72/><G119/><T117/><D121/><U8/><E123/><V3/><F33/><W85/><G34/><T61/><D112/><U5/><E110/><N who="3" m="42602" /><G114/><T122/><D122/><U90/><E102/><V18/><F37/><W67/><G39/><T87/><D117/><U103/><E103/><V46/><F46/><W113/><G93/><T127/><D128/><U98/><E98/><V60/><F60/><W35/><G35/><T125/><D10/><U36/><E9/><V52/><F7/><W31/><G67/><T14/><D14/><U129/><E129/><V65/><F65/><W118/><G118/><T71/><D71/><U13/><E13/><V111/><F3/><N who="3" m="415" /><G113/><T45/><D58/><U105/><E105/><V59/><F107/><W27/><G31/><T91/><REACH who="0" step="1"/><D76/><AGARI ba="0,0" hai="22,27,30,72,73,76,82,85" m="415,42602" machi="76" ten="30,3900,0" yaku="14,1,52,2" doraHai="104" who="3" fromWho="0" sc="210,-39,220,0,340,0,230,39" />
</Scene>
<Scene>
<INIT seed="3,0,0,4,3,75" ten="171,220,340,269" oya="3" hai0="73,53,127,105,129,134,50,54,18,27,79,11,98" hai1="1,16,40,110,100,121,44,63,0,132,47,128,66" hai2="20,135,45,60,101,55,39,122,52,41,109,119,114" hai3="30,94,115,62,21,78,51,91,32,80,22,6,25"/><W97/><G115/><T102/><D127/><U67/><E121/><V117/><F114/><W61/><G6/><T37/><D37/><U14/><E132/><V33/><F33/><W43/><G32/><T93/><D134/><U68/><E128/><V72/><F135/><W5/><G5/><T90/><D129/><U34/><E34/><V46/><F109/><W107/><G107/><T7/><D27/><U120/><E120/><V3/><F3/><W64/><G64/><T26/><D26/><U35/><E35/><V95/><F72/><W15/><G43/><T77/><D18/><U36/><E110/><V130/><F130/><W106/><G106/><T74/><D74/><U123/><E123/><V84/><F122/><W104/><G51/><T118/><D118/><U10/><E100/><V58/><F20/><W96/><G96/><T89/><D73/><U126/><E126/><V92/><F101/><W85/><REACH who="3" step="1"/><G104/><REACH who="3" ten="171,220,340,259" step="2"/><T86/><D90/><U112/><E112/><V69/><F119/><W87/><G87/><T99/><D99/><U65/><E65/><N who="2" m="41127" /><F84/><W38/><G38/><T71/><D71/><U2/><E67/><V24/><F117/><W82/><G82/><T17/><D54/><U29/><E66/><V103/><F55/><W81/><G81/><N who="0" m="49359" /><D105/><U49/><E68/><V125/><F125/><W4/><G4/><T124/><D124/><U9/><E36/><V48/><F39/><W57/><G57/><N who="0" m="32951" /><D7/><U12/><E0/><V19/><F41/><W42/><G42/><T56/><D56/><U131/><E1/><V70/><F70/><W113/><G113/><RYUUKYOKU ba="0,1" sc="171,15,220,-15,340,-15,259,15" hai0="11,17,77,79,93,98,102" hai3="15,21,22,25,30,61,62,78,80,85,91,94,97" />
</Scene>
<Scene>
<INIT seed="3,1,1,0,4,103" ten="186,205,325,274" oya="3" hai0="79,129,131,91,1,7,112,60,86,53,26,71,49" hai1="101,8,47,58,108,51,55,110,34,97,88,116,29" hai2="14,25,95,115,76,5,18,67,85,69,106,11,42" hai3="22,113,90,127,15,83,12,61,128,16,80,0,121"/><W38/><G121/><T10/><D79/><U30/><E116/><V104/><F115/><W64/><G0/><T107/><D112/><U134/><E134/><V23/><F42/><W62/><G38/><T39/><D39/><U77/><E77/><V109/><F109/><N who="1" m="42089" /><E34/><V65/><F65/><W3/><G3/><T44/><D26/><U133/><E133/><V78/><F78/><W4/><G113/><T82/><REACH who="0" step="1"/><D107/><REACH who="0" ten="176,205,325,274" step="2"/><N who="1" m="63919" /><E8/><V36/><F36/><W48/><G128/><T74/><D74/><U117/><E117/><V52/><F76/><W75/><G75/><T24/><D24/><U68/><E68/><V98/><F69/><W118/><G118/><T40/><D40/><U56/><E29/><V66/><F106/><W122/><G122/><T93/><D93/><U20/><E30/><V84/><F104/><W45/><G83/><T81/><D81/><U135/><E135/><V41/><F41/><W124/><G80/><T27/><D27/><U130/><E130/><V102/><F95/><W50/><G127/><T87/><D87/><U89/><E20/><V19/><F84/><W54/><G124/><T72/><D72/><U46/><E56/><V70/><F85/><W132/><G132/><T57/><D57/><U37/><E37/><V73/><F73/><W31/><G31/><T13/><D13/><U6/><E58/><V92/><F92/><W120/><G120/><T123/><D123/><U21/><E21/><V99/><F70/><W35/><G22/><T2/><D2/><U32/><E32/><V17/><F23/><N who="3" m="11655" /><G15/><T111/><D111/><U63/><E47/><RYUUKYOKU ba="1,2" sc="176,30,205,-10,325,-10,274,-10" hai0="1,7,10,44,49,53,60,71,82,86,91,129,131" />
</Scene>
<Scene>
<INIT seed="4,2,2,0,2,64" ten="206,195,315,264" oya="0" hai0="36,82,108,10,63,92,101,99,122,100,26,62,52" hai1="46,84,31,116,90,20,89,1,73,54,133,104,56" hai2="41,65,72,22,81,28,4,50,17,45,97,114,119" hai3="61,91,128,66,57,30,37,60,109,126,75,134,96"/><T105/><D122/><U48/><E73/><V103/><F114/><W44/><G109/><T42/><D108/><U2/><E104/><V29/><F119/><W55/><G75/><T76/><D36/><U12/><E116/><V27/><F65/><W39/><G134/><T71/><D42/><U67/><E133/><V107/><REACH who="2" step="1"/><F4/><REACH who="2" ten="206,195,305,264" step="2"/><W78/><G66/><T15/><D71/><U77/><E67/><V49/><F49/><W18/><G39/><T129/><D129/><U58/><E2/><V123/><F123/><W83/><G37/><T113/><D113/><U25/><E1/><V35/><F35/><W85/><G128/><T11/><D63/><U98/><E12/><V95/><F95/><W70/><G61/><T74/><D15/><U106/><E106/><V130/><F130/><W111/><G70/><T23/><D105/><U125/><E125/><V112/><F112/><W59/><G126/><T9/><D92/><N who="1" m="56599" /><E77/><AGARI ba="2,3" hai="17,22,27,28,29,41,45,50,72,77,81,97,103,107" machi="77" ten="40,2600,0" yaku="1,1,53,1" doraHai="64" doraHaiUra="14" who="2" fromWho="1" sc="206,0,195,-32,305,62,264,0" />
</Scene>
<Scene>
<INIT seed="5,0,0,4,0,40" ten="206,163,367,264" oya="1" hai0="10,72,15,56,123,64,115,16,31,55,112,85,104" hai1="11,76,87,113,0,133,105,134,107,67,103,57,122" hai2="97,7,54,63,117,80,90,60,120,36,13,3,84" hai3="102,52,29,17,51,125,94,19,49,26,1,111,116"/><U95/><E122/><V131/><F117/><W43/><G111/><T86/><D72/><U59/><E113/><N who="0" m="43593" /><D104/><U83/><E59/><V34/><F34/><W44/><G1/><T127/><D123/><U100/><E67/><V47/><F3/><W32/><G125/><T8/><D64/><U41/><E57/><V99/><F120/><W92/><G116/><T108/><D108/><U27/><E27/><V2/><F2/><W81/><G81/><T71/><D71/><U12/><E0/><V101/><F131/><W61/><G61/><N who="0" m="35999" /><D127/><U50/><E105/><V121/><F121/><W77/><G77/><T129/><D129/><U62/><E62/><V38/><F99/><W18/><G102/><T109/><D109/><U37/><E37/><V53/><F63/><W79/><G79/><T91/><D31/><U58/><E107/><V35/><F35/><W23/><G32/><T48/><D48/><U75/><E75/><V106/><F60/><W89/><G89/><T78/><D78/><U14/><E14/><V128/><F128/><W4/><G4/><T25/><D25/><U45/><E58/><AGARI ba="0,0" hai="17,18,19,23,26,29,43,44,49,51,52,58,92,94" machi="58" ten="40,5200,0" yaku="8,1,52,1,54,1" doraHai="40" who="3" fromWho="1" sc="206,0,163,-52,367,0,264,52" />
</Scene>
<Scene>
<INIT seed="6,0,0,0,2,76" ten="206,111,367,316" oya="2" hai0="12,134,38,84,44,47,67,54,40,111,118,29,100" hai1="36,86,130,135,94,53,46,28,52,61,77,69,95" hai2="97,2,35,132,96,4,128,101,3,106,25,48,59" hai3="9,131,60,11,89,80,62,117,26,99,133,45,43"/><V56/><F132/><W83/><G117/><T81/><D111/><U75/><E135/><V114/><F114/><W129/><G133/><T7/><D134/><U34/><E130/><N who="3" m="49674" /><G26/><T13/><D118/><U63/><E75/><V74/><F128/><W22/><G22/><T109/><D109/><U124/><E124/><V24/><F74/><W107/><G60/><T90/><D67/><U82/><E28/><V37/><F37/><N who="3" m="21743" /><G62/><T21/><D100/><U15/><E34/><V68/><F68/><W6/><G11/><T127/><D127/><U70/><E63/><V104/><F48/><W42/><G42/><T115/><D115/><U20/><E69/><V33/><F101/><N who="3" m="62911" /><G89/><T50/><REACH who="0" step="1"/><D7/><AGARI ba="0,0" hai="2,3,4,7,24,25,33,35,56,59,96,97,104,106" machi="7" ten="25,2400,0" yaku="22,2" doraHai="76" who="2" fromWho="0" sc="206,-24,111,0,367,24,316,0" />
</Scene>
<Scene>
<INIT seed="6,1,0,0,0,100" ten="182,111,391,316" oya="2" hai0="23,12,54,47,56,95,78,118,21,53,114,81,17" hai1="7,46,66,39,68,115,51,65,59,43,116,117,20" hai2="91,93,67,97,119,25,61,94,22,50,124,28,90" hai3="76,29,24,103,35,19,32,34,4,110,83,60,36"/><V41/><F119/><W52/><G110/><T112/><D118/><U88/><E7/><V37/><F124/><W125/><G36/><T82/><D95/><U13/><E115/><N who="0" m="44073" /><D47/><U111/><E111/><V75/><F75/><W96/><G125/><T0/><D0/><U44/><E13/><V123/><F123/><W9/><G19/><N who="0" m="10471" /><D56/><U107/><E20/><V15/><F37/><W26/><G35/><T108/><D108/><U134/><E88/><V80/><F80/><N who="0" m="30826" /><D78/><U133/><E107/><V101/><F15/><AGARI ba="1,0" hai="15,17,23,53,54" m="30826,10471,44073" machi="15" ten="30,1000,0" yaku="15,1" doraHai="100" who="0" fromWho="2" sc="182,13,111,0,391,-13,316,0" />
</Scene>
<Scene>
<INIT seed="7,0,0,3,0,27" ten="195,111,378,316" oya="3" hai0="39,130,36,109,119,106,72,55,46,122,91,77,110" hai1="113,84,29,53,11,66,71,6,14,104,78,81,22" hai2="97,58,76,116,127,19,52,111,65,131,105,68,92" hai3="5,35,61,96,1,32,75,3,87,98,10,95,8"/><W62/><G75/><T38/><D91/><U123/><E104/><V124/><F111/><N who="0" m="42506" /><D106/><U67/><E123/><V63/><F116/><W100/><G87/><T112/><D77/><U40/><E71/><V132/><F132/><W133/><G133/><T15/><D15/><U83/><E113/><V51/><F131/><W44/><G44/><T50/><D72/><U80/><E53/><V2/><F2/><W47/><G47/><T88/><D88/><U33/><E33/><V24/><F105/><W48/><G48/><T21/><D21/><U12/><E40/><V30/><F76/><W9/><G9/><T86/><D86/><U107/><E107/><V43/><F43/><W115/><G115/><T17/><D17/><U45/><E45/><V42/><F42/><W34/><REACH who="3" step="1"/><G98/><REACH who="3" ten="195,111,378,306" step="2"/><T0/><D50/><U57/><E12/><V94/><F97/><W118/><G118/><T128/><D119/><U121/><E121/><V41/><F41/><W69/><G69/><T28/><D122/><U49/><E49/><V23/><F127/><W54/><G54/><T129/><D55/><U37/><E37/><V102/><F124/><W117/><G117/><T59/><D112/><U26/><REACH who="1" step="1"/><E57/><REACH who="1" ten="195,101,378,306" step="2"/><V16/><F68/><W125/><G125/><T4/><D59/><U74/><E74/><V64/><F51/><W93/><G93/><T103/><D46/><U82/><AGARI ba="0,2" hai="6,11,14,22,26,29,66,67,78,80,81,82,83,84" machi="82" ten="30,8000,1" yaku="1,1,0,1,8,1,52,1,53,1" doraHai="27" doraHaiUra="73" who="1" fromWho="1" sc="195,-20,101,100,378,-20,306,-40" owari="175,-32.0,201,-20.0,358,45.0,266,7.0" />
</Scene>
</mjloggm>