<mjloggm ver="2.3"><GO type="233" lobby="0"/><UN n0="%E3%83%A4%E3%82%AD%E3%83%B3" n1="%E5%A4%96%E9%81%93" n2="%E3%82%B8%E3%83%A3%E3%82%B9%E3%82%BF%E3%82%A6%E3%82%A7%E3%82%A4" n3="%E5%A4%AA%E3%81%8F%E3%81%AA%E3%81%84%E3%81%8A" dan="16,17,17,18" rate="2149.75,2157.17,2154.99,2200.24" sx="M,M,M,M"/><TAIKYOKU oya="0"/>

<Scene>
<INIT seed="0,0,0,0,2,11" ten="250,250,250,250" oya="0" hai0="51,131,124,52,105,71,118,13,133,65,23,128,77" hai1="121,92,59,49,97,96,37,102,44,114,63,76,123" hai2="117,18,127,12,100,112,5,82,45,54,35,46,25" hai3="90,88,101,55,72,31,91,113,8,62,0,104,83"/><T70/><D118/><U95/><E37/><V32/><F112/><W28/><G113/><T79/><D105/><U81/><E114/><V67/><F117/><W38/><G38/><T53/><D124/><U39/><E39/><V33/><F127/><W86/><G72/><T61/><D71/><U84/><E49/><V116/><F67/><W60/><G104/><T87/><D133/><U64/><REACH who="1" step="1"/><E44/><REACH who="1" ten="250,240,250,250" step="2"/><V19/><F45/><W21/><G62/><T99/><D51/><U47/><E47/><V73/><F46/><W111/><G60/><T22/><D61/><U129/><E129/><V4/><F116/><W16/><G111/><T85/><D70/><U107/><E107/><V106/><F106/><W122/><G122/><T34/><D65/><U98/><E98/><V29/><F54/><W30/><G55/><T119/><D119/><U56/><E56/><V9/><F100/><AGARI ba="0,1" hai="59,63,64,76,81,84,92,95,96,97,100,102,121,123" machi="100" ten="30,3900,0" yaku="1,1,7,1,9,1,53,0" doraHai="11" doraHaiUra="3" who="1" fromWho="2" sc="250,0,240,49,250,-39,250,0" />
</Scene>
<Scene>
<INIT seed="1,0,0,0,3,116" ten="250,289,211,250" oya="1" hai0="74,66,46,96,25,122,123,78,92,3,67,8,36" hai1="60,111,110,2,43,108,15,93,77,132,20,112,17" hai2="47,102,107,18,64,10,114,106,24,125,5,65,88" hai3="39,55,4,51,130,44,84,1,133,48,22,127,29"/><U90/><E112/><V32/><F125/><W95/><G127/><T72/><D25/><U101/><E2/><V38/><F114/><W104/><G104/><T34/><D34/><U86/><E132/><V135/><F135/><W13/><G133/><T68/><D68/><U75/><E43/><V56/><F102/><W54/><G39/><T7/><D67/><U91/><E101/><V120/><F120/><N who="0" m="46122" /><D66/><U12/><E60/><V82/><F107/><W53/><G1/><T63/><D63/><U97/><E75/><V118/><F106/><W27/><G130/><T71/><D78/><U49/><E77/><V62/><F65/><W70/><G70/><T69/><D69/><U73/><E49/><V89/><F118/><W134/><G134/><T21/><D71/><U31/><E31/><V19/><F38/><W113/><G113/><T35/><D35/><U59/><E59/><V103/><F47/><W99/><G44/><T129/><D129/><U58/><E58/><V41/><F32/><W98/><G27/><T109/><D109/><U52/><E111/><V100/><F24/><W61/><G61/><T23/><D46/><U79/><E110/><V126/><F126/><W131/><G131/><T76/><D36/><U94/><E108/><V105/><F56/><W119/><G119/><T121/><N who="0" m="46130" /><T87/><DORA hai="6" /><D87/><U40/><E79/><V42/><F62/><W50/><G84/><T33/><D33/><U9/><E86/><V16/><F64/><W28/><G28/><T26/><D76/><U11/><E73/><N who="0" m="28265" /><D26/><U57/><E57/><V14/><F42/><RYUUKYOKU ba="0,0" sc="250,30,289,-10,211,-10,250,-10" hai0="3,7,8,21,23,92,96" />
</Scene>
<Scene>
<INIT seed="2,1,0,3,1,43" ten="280,279,201,240" oya="2" hai0="98,64,130,44,84,69,46,82,118,53,94,132,89" hai1="103,115,18,99,101,92,7,127,36,111,80,19,39" hai2="77,56,117,65,106,21,4,3,91,31,71,40,66" hai3="72,25,134,16,61,63,9,95,88,58,23,86,42"/><V26/><F117/><W50/><G72/><T81/><D118/><U45/><E115/><V131/><F106/><W79/><G134/><T17/><D130/><U13/><E111/><V48/><F131/><W100/><G79/><T90/><D132/><U10/><E127/><V59/><F71/><W22/><G100/><T85/><D53/><U34/><E34/><V73/><F3/><W60/><G9/><T0/><D0/><U51/><E103/><V76/><F4/><W55/><G23/><T14/><D64/><N who="2" m="24682" /><F73/><W108/><G108/><T97/><D69/><U62/><E62/><V74/><F74/><W29/><G29/><T116/><D116/><U57/><E57/><N who="2" m="22091" /><F91/><W105/><G105/><T38/><D38/><U123/><E123/><V83/><F83/><W20/><G20/><N who="0" m="11319" /><D98/><U67/><E67/><V102/><F102/><AGARI ba="1,0" hai="44,46,81,82,84,85,89,90,94,97,102" m="11319" machi="102" ten="30,3900,0" yaku="8,1,52,2" doraHai="43" who="0" fromWho="2" sc="280,42,279,0,201,-42,240,0" />
</Scene>
<Scene>
<INIT seed="3,0,0,4,0,101" ten="322,279,159,240" oya="3" hai0="90,73,54,66,105,89,119,96,19,130,16,52,99" hai1="44,63,69,21,110,14,109,91,30,117,61,34,26" hai2="0,70,35,22,72,121,122,60,10,86,24,134,45" hai3="3,74,25,97,55,124,51,108,71,114,93,56,37"/><W80/><G114/><T132/><D73/><U28/><E117/><V41/><F72/><W27/><G37/><T42/><D66/><U75/><E75/><V17/><F134/><W83/><G71/><T135/><D130/><U94/><E44/><V33/><F86/><W58/><G3/><T103/><D42/><U85/><E69/><V57/><F70/><W123/><G123/><N who="2" m="47113" /><F10/><W76/><G80/><T127/><D127/><U23/><E34/><V20/><F20/><W32/><G124/><T18/><D119/><U2/><E2/><V104/><F0/><W8/><G8/><T113/><D113/><U15/><E15/><V12/><F12/><W6/><G6/><T102/><D19/><N who="1" m="10487" /><E28/><V43/><F104/><AGARI ba="0,0" hai="16,18,52,54,89,90,96,99,102,103,104,105,132,135" machi="104" ten="25,12000,2" yaku="22,2,52,2,54,2" doraHai="101" who="0" fromWho="2" sc="322,120,279,0,159,-120,240,0" />
</Scene>
<Scene>
<INIT seed="4,0,0,3,2,32" ten="442,279,39,240" oya="0" hai0="50,96,94,34,133,124,63,30,128,28,43,22,20" hai1="13,113,19,110,57,83,111,82,100,8,1,60,15" hai2="122,104,84,4,31,71,51,129,86,35,92,97,27" hai3="37,130,65,44,76,23,79,78,123,119,109,77,118"/><T103/><D124/><U120/><E120/><V66/><F122/><W101/><G123/><T121/><D121/><U68/><E68/><V61/><F129/><W45/><G109/><T49/><D133/><U74/><E100/><V91/><F4/><W18/><G130/><T0/><D34/><U55/><E113/><V26/><F26/><W5/><G65/><T80/><D63/><U67/><E1/><V69/><F69/><W114/><G114/><T48/><D0/><U9/><E67/><V102/><REACH who="2" step="1"/><F51/><REACH who="2" ten="442,279,29,240" step="2"/><W112/><G112/><T126/><D128/><U7/><E111/><V127/><F127/><W88/><G5/><T132/><D50/><U95/><E110/><V42/><F42/><W33/><G119/><T52/><D126/><U38/><E38/><V16/><F16/><W11/><G18/><T46/><D49/><U47/><E19/><V135/><F135/><W89/><G118/><T106/><D132/><U17/><E17/><V85/><AGARI ba="0,1" hai="27,31,35,61,66,71,84,85,86,91,92,97,102,104" machi="85" ten="20,8000,1" yaku="1,1,0,1,7,1,25,2,53,0" doraHai="32" doraHaiUra="125" who="2" fromWho="2" sc="442,-40,279,-20,29,90,240,-20" />
</Scene>
<Scene>
<INIT seed="5,0,0,2,3,62" ten="402,259,119,220" oya="1" hai0="38,56,34,75,45,5,120,94,2,64,11,60,20" hai1="112,29,68,135,111,84,105,27,73,88,46,50,81" hai2="52,72,133,76,125,124,70,35,119,47,98,121,32" hai3="130,33,114,93,63,66,115,65,77,109,91,89,80"/><U10/><E112/><N who="3" m="43050" /><G109/><T14/><D75/><U123/><E123/><V37/><F119/><W85/><G33/><T8/><D34/><U90/><E111/><V87/><F121/><W67/><G130/><T21/><D120/><U26/><E135/><V82/><F133/><W55/><G55/><T57/><D94/><U24/><E105/><V53/><F70/><N who="3" m="42303" /><G89/><T40/><D57/><U59/><E68/><V116/><F116/><W28/><G28/><T61/><D61/><U99/><E73/><AGARI ba="0,0" hai="66,67,73,77,80,85,91,93" m="42303,43050" machi="73" ten="30,7700,0" yaku="15,1,52,3" doraHai="62" who="3" fromWho="1" sc="402,0,259,-77,119,0,220,77" />
</Scene>
<Scene>
<INIT seed="6,0,0,1,4,41" ten="402,182,119,297" oya="2" hai0="18,72,65,103,133,67,1,14,75,112,37,70,6" hai1="125,35,79,88,23,117,9,84,53,78,20,55,95" hai2="126,119,44,39,135,74,71,92,0,83,130,16,97" hai3="62,54,47,124,17,25,28,102,50,134,40,110,51"/><V114/><RYUUKYOKU type="yao9" ba="0,0" sc="402,0,182,0,119,0,297,0" hai2="0,16,39,44,71,74,83,92,97,114,119,126,130,135" />
</Scene>
<Scene>
<INIT seed="6,1,0,3,3,20" ten="402,182,119,297" oya="2" hai0="73,110,53,35,91,126,15,76,93,68,64,78,13" hai1="61,9,26,106,84,16,86,105,81,117,109,19,67" hai2="62,71,44,127,112,79,90,120,5,69,58,24,21" hai3="85,118,115,111,42,88,100,7,108,56,10,65,43"/><V74/><F120/><W107/><G118/><T39/><D110/><U97/><E109/><V27/><F112/><W2/><G111/><T40/><D35/><U75/><E75/><V3/><F127/><W95/><G108/><T123/><D123/><U52/><E117/><V82/><F44/><W34/><G34/><T70/><D40/><U47/><E106/><V6/><F90/><W45/><G115/><T125/><D39/><U119/><E105/><V129/><F129/><W102/><G107/><T87/><D53/><U72/><E119/><V31/><F3/><W77/><G43/><T116/><D116/><U29/><E97/><V54/><REACH who="2" step="1"/><F27/><REACH who="2" ten="402,182,109,297" step="2"/><W36/><G45/><T113/><D113/><U14/><E47/><V17/><F17/><W33/><G2/><T38/><D91/><U23/><E19/><V18/><F18/><W128/><G88/><T103/><D126/><U49/><E72/><V28/><F28/><W32/><G128/><T94/><D73/><U121/><E121/><V59/><F59/><W130/><G56/><T30/><D30/><U96/><E96/><V124/><F124/><W37/><G130/><T55/><D125/><U4/><E29/><V1/><F1/><W50/><G102/><T60/><D103/><U12/><E26/><V135/><F135/><W48/><G100/><T46/><D46/><N who="1" m="27703" /><E81/><V80/><F80/><W99/><G99/><T134/><D134/><U83/><E83/><V51/><F51/><W122/><G48/><T11/><D38/><U41/><E41/><V0/><F0/><W131/><G122/><T132/><D132/><RYUUKYOKU ba="1,1" sc="402,-15,182,15,109,15,297,-15" hai1="4,9,12,14,16,23,61,67,84,86" hai2="5,6,21,24,31,54,58,62,69,71,74,79,82" />
</Scene>
<Scene>
<INIT seed="6,2,1,3,0,97" ten="387,197,124,282" oya="2" hai0="0,70,37,2,66,126,1,128,18,57,76,26,31" hai1="59,16,113,38,64,42,112,87,19,60,131,46,125" hai2="3,34,82,67,10,123,91,44,114,68,73,93,15" hai3="41,17,27,94,104,95,99,40,22,25,33,55,108"/><V54/><F123/><W135/><G108/><T5/><D18/><U28/><E131/><V102/><F34/><W12/><G104/><T85/><D85/><U78/><E125/><V6/><F114/><N who="1" m="44137" /><E28/><V39/><F68/><W115/><G115/><T127/><D128/><U98/><E98/><N who="2" m="59727" /><F67/><W43/><G135/><T51/><D5/><U117/><E117/><V124/><F124/><W35/><G35/><T83/><D57/><U32/><E32/><V53/><F15/><W103/><G33/><N who="0" m="20727" /><D51/><U134/><E134/><V63/><F91/><W8/><G55/><T77/><D77/><U110/><E110/><V61/><F53/><W121/><G121/><T92/><D66/><U100/><E100/><V107/><F107/><W105/><REACH who="3" step="1"/><G27/><REACH who="3" ten="387,197,124,272" step="2"/><T119/><D127/><U69/><E69/><V133/><F54/><W49/><G49/><T14/><D70/><U74/><E64/><V96/><F133/><W79/><G79/><T116/><D126/><U90/><E78/><N who="2" m="44367" /><F96/><W29/><AGARI ba="2,2" hai="8,12,17,22,25,29,40,41,43,94,95,99,103,105" machi="29" ten="30,7900,0" yaku="1,1,0,1,52,1,53,1" doraHai="97" doraHaiUra="4" who="3" fromWho="3" sc="387,-22,197,-22,124,-41,272,105" />
</Scene>
<Scene>
<INIT seed="7,0,0,3,0,45" ten="365,175,83,377" oya="3" hai0="82,10,93,90,91,32,118,75,21,46,98,36,9" hai1="97,77,81,38,59,52,125,119,131,61,87,56,18" hai2="5,133,86,121,47,71,0,60,35,135,110,112,48" hai3="126,23,63,25,100,72,26,57,127,7,128,1,4"/><W85/><G72/><T104/><D32/><U102/><E119/><V124/><F35/><W66/><G128/><T79/><D118/><U95/><E38/><V65/><F0/><W129/><G129/><T53/><D21/><U80/><E125/><N who="3" m="47626" /><G1/><T34/><D34/><U50/><E131/><V55/><F5/><N who="3" m="2123" /><G100/><N who="0" m="62487" /><D91/><U19/><E81/><V44/><F86/><W114/><G114/><T49/><D36/><U27/><E27/><N who="3" m="10250" /><G85/><AGARI ba="0,0" hai="9,10,46,49,53,75,79,82,85,90,93" m="62487" machi="85" ten="30,2000,0" yaku="24,1,52,1" doraHai="45" who="0" fromWho="3" sc="365,20,175,0,83,0,377,-20" owari="385,48.0,175,-22.0,83,-42.0,357,16.0" />
</Scene>
</mjloggm>