<mjloggm ver="2.3"><GO type="169" lobby="0"/><UN n0="%E3%81%B4%E3%81%88%E2%98%86" n1="%7A%65%72%6F%52%58" n2="%E5%A4%AA%E3%81%8F%E3%81%AA%E3%81%84%E3%81%8A" n3="%73%6F%64%6F%72" dan="17,17,17,16" rate="2177.12,2116.48,2182.96,2076.18" sx="M,M,M,M"/><TAIKYOKU oya="0"/>

<Scene>
<INIT seed="0,0,0,4,0,22" ten="250,250,250,250" oya="0" hai0="103,14,70,1,37,62,54,47,15,25,43,69,10" hai1="112,27,123,63,102,114,46,135,101,26,94,121,24" hai2="53,113,13,104,107,97,91,68,130,132,11,105,35" hai3="89,12,16,116,109,0,98,38,20,4,127,44,29"/><T64/><D70/><U36/><E135/><V18/><F113/><N who="1" m="43625" /><E63/><V79/><F68/><W7/><G116/><T108/><D108/><U32/><E32/><V92/><F132/><W28/><G109/><T115/><D115/><U117/><E117/><V76/><F130/><W75/><G75/><T67/><D67/><U124/><E124/><V60/><REACH who="2" step="1"/><F35/><REACH who="2" ten="250,250,240,250" step="2"/><W8/><G127/><T6/><D103/><N who="1" m="39435" /><E94/><V126/><F126/><W31/><G7/><T133/><D133/><U45/><E36/><V120/><F120/><AGARI ba="0,1" hai="24,26,27,45,46,120,121,123" m="39435,43625" machi="120" ten="40,12000,2" yaku="28,2,11,1,52,3" doraHai="22" who="1" fromWho="2" sc="250,0,250,130,240,-120,250,0" />
</Scene>
<Scene>
<INIT seed="1,0,0,2,0,58" ten="250,380,120,250" oya="1" hai0="31,39,37,9,129,120,91,133,79,46,59,61,73" hai1="0,111,85,11,10,53,47,121,82,101,109,62,50" hai2="6,128,106,29,83,4,60,7,122,14,130,118,102" hai3="117,88,19,26,94,3,89,116,84,108,1,114,22"/><U90/><E121/><V64/><F122/><W105/><G105/><T112/><D112/><U92/><E101/><V72/><F118/><N who="3" m="45675" /><G114/><T21/><D129/><N who="2" m="49770" /><F29/><W134/><G108/><N who="1" m="41546" /><E0/><N who="3" m="74" /><G89/><T77/><D77/><N who="1" m="46287" /><E62/><V32/><F32/><W115/><G115/><T74/><D61/><U56/><E47/><V63/><F64/><W38/><G38/><T34/><D46/><U78/><E78/><N who="2" m="44487" /><F14/><W68/><G68/><T18/><D79/><U13/><E13/><V25/><F25/><W70/><G70/><T131/><D131/><U54/><E54/><V8/><F8/><W98/><G134/><T45/><D133/><U96/><AGARI ba="0,0" hai="10,11,50,53,56,90,92,96" m="46287,41546" machi="96" ten="30,3000,0" yaku="14,1,10,1" doraHai="58" who="1" fromWho="1" sc="250,-10,380,30,120,-10,250,-10" />
</Scene>
<Scene>
<INIT seed="1,1,0,0,2,58" ten="240,410,110,240" oya="1" hai0="6,65,53,95,5,83,41,23,68,79,70,85,109" hai1="128,117,1,102,55,97,76,54,66,49,119,0,35" hai2="19,25,62,108,59,91,75,18,2,127,4,94,12" hai3="72,28,87,42,126,82,111,107,33,116,32,39,63"/><U67/><E35/><V105/><F105/><W15/><G107/><T11/><D109/><U123/><E123/><V8/><F108/><W14/><G111/><T44/><D5/><U134/><E76/><V36/><F127/><W57/><G116/><T104/><D104/><U81/><E81/><V114/><F114/><W50/><G126/><T16/><D53/><U131/><E134/><V3/><F36/><W27/><G72/><T77/><D77/><U48/><E97/><V132/><F75/><W10/><G39/><T113/><D113/><U40/><E40/><V74/><F74/><W130/><G33/><T43/><D95/><U112/><E112/><V22/><F132/><W96/><G96/><T93/><D93/><U80/><E80/><V73/><F73/><W92/><G92/><T9/><D43/><U34/><E34/><V31/><F3/><W86/><G130/><T24/><D65/><U69/><E69/><V26/><F26/><W7/><G15/><N who="0" m="5559" /><D11/><U45/><E45/><V61/><F59/><W47/><REACH who="3" step="1"/><G82/><REACH who="3" ten="240,410,110,230" step="2"/><T29/><D83/><U46/><E119/><V21/><REACH who="2" step="1"/><F31/><REACH who="2" ten="240,410,100,230" step="2"/><W88/><G88/><T56/><D29/><U135/><E117/><V89/><F89/><W78/><G78/><T121/><D79/><U13/><E135/><V38/><F38/><W64/><AGARI ba="1,2" hai="7,10,14,27,28,32,42,47,50,57,63,64,86,87" machi="64" ten="20,8000,1" yaku="1,1,0,1,7,1,52,1,53,1" doraHai="58" doraHaiUra="30" who="3" fromWho="3" sc="240,-21,410,-41,100,-21,230,103" />
</Scene>
<Scene>
<INIT seed="2,0,0,0,4,95" ten="219,369,79,333" oya="2" hai0="122,21,20,56,53,17,18,33,99,14,73,100,6" hai1="88,86,83,115,37,22,118,107,109,23,28,3,104" hai2="128,40,31,84,117,76,48,61,9,89,7,121,134" hai3="75,105,68,126,69,90,44,103,12,111,41,81,39"/><V34/><F117/><W67/><G111/><T101/><D33/><U63/><E115/><V49/><F121/><W125/><G12/><T133/><D122/><U112/><E112/><V11/><F76/><N who="3" m="44191" /><G90/><T135/><D73/><U66/><E37/><V55/><F128/><W91/><G91/><T0/><D6/><U98/><E109/><V72/><F72/><W27/><G27/><T102/><D0/><U78/><E3/><V60/><F134/><W74/><G74/><T123/><D123/><U97/><E118/><V85/><F34/><W110/><G110/><T71/><D71/><N who="3" m="27209" /><G67/><T92/><D133/><U94/><E97/><AGARI ba="0,0" hai="39,41,44,97,103,105,125,126" m="27209,44191" machi="97" ten="30,2000,0" yaku="23,1,52,1" doraHai="95" who="3" fromWho="1" sc="219,0,369,-20,79,0,333,20" />
</Scene>
<Scene>
<INIT seed="3,0,0,4,5,16" ten="219,349,79,353" oya="3" hai0="90,74,101,15,33,61,70,122,37,9,4,78,98" hai1="107,29,56,64,69,106,19,73,67,68,109,36,31" hai2="28,60,46,18,38,111,102,104,5,58,85,55,8" hai3="26,124,93,110,127,129,14,117,59,89,65,45,84"/><W97/><G117/><T131/><D122/><U40/><E73/><V86/><F111/><W95/><G110/><T47/><D131/><U71/><E109/><V2/><F28/><W23/><G129/><T75/><D33/><U3/><E3/><V96/><F38/><W13/><G45/><T72/><D90/><U87/><E87/><V57/><F46/><W11/><G59/><T113/><D113/><U91/><E91/><V132/><F132/><W44/><G44/><T121/><D121/><U130/><E40/><V49/><REACH who="2" step="1"/><F18/><REACH who="2" ten="219,349,69,353" step="2"/><N who="3" m="12663" /><G65/><AGARI ba="0,1" hai="2,5,8,49,55,57,58,60,65,85,86,96,102,104" machi="65" ten="30,3900,0" yaku="1,1,7,1,53,1" doraHai="16" doraHaiUra="94" who="2" fromWho="3" sc="219,0,349,0,69,49,353,-39" />
</Scene>
<Scene>
<INIT seed="4,0,0,5,1,53" ten="219,349,118,314" oya="0" hai0="9,11,59,97,76,110,75,127,133,114,78,130,99" hai1="87,34,47,77,117,51,65,93,36,60,21,54,62" hai2="85,64,73,92,58,14,35,104,16,88,0,120,52" hai3="44,128,101,72,100,115,22,32,1,69,106,27,50"/><T71/><D71/><U132/><E34/><V25/><F120/><W118/><G118/><T23/><D114/><U98/><E117/><V19/><F0/><W81/><G1/><T46/><D75/><U68/><E132/><V2/><F2/><W41/><G69/><T37/><D133/><U119/><E119/><V66/><F104/><W18/><G115/><T5/><D130/><U86/><E36/><V125/><F73/><W134/><G128/><T10/><D5/><U105/><E105/><V74/><F74/><W96/><G134/><T12/><D127/><U31/><E77/><N who="0" m="29801" /><D46/><U121/><E62/><N who="2" m="36167" /><F35/><W24/><G72/><T124/><D37/><U79/><E79/><V57/><F125/><W80/><REACH who="3" step="1"/><G101/><REACH who="3" ten="219,349,118,304" step="2"/><T108/><D124/><U42/><E121/><V129/><F129/><W15/><G15/><T116/><D116/><U109/><E68/><V95/><F95/><W6/><G6/><T29/><D12/><U55/><E93/><V67/><F25/><W126/><G126/><T123/><D123/><U89/><E109/><V49/><F14/><W91/><G91/><T131/><D131/><U17/><E89/><V103/><F103/><W40/><G40/><T102/><D102/><U61/><E42/><V20/><F20/><W38/><G38/><T7/><D7/><U112/><E21/><V70/><F70/><W28/><AGARI ba="0,1" hai="18,22,24,27,28,32,41,44,50,80,81,96,100,106" machi="28" ten="30,4000,0" yaku="1,1,0,1,53,1" doraHai="53" doraHaiUra="43" who="3" fromWho="3" sc="219,-20,349,-10,118,-10,304,50" />
</Scene>
<Scene>
<INIT seed="5,0,0,1,0,113" ten="199,339,108,354" oya="1" hai0="78,127,48,91,101,70,62,123,19,59,94,104,103" hai1="97,11,58,77,30,44,8,90,111,122,13,115,29" hai2="31,64,46,9,71,12,133,7,2,76,56,0,132" hai3="124,21,55,45,5,95,3,107,42,75,24,53,86"/><U65/><E122/><V57/><F76/><W110/><G75/><T84/><D123/><U92/><E115/><V1/><F71/><W129/><G110/><T50/><D127/><U88/><E111/><V36/><F64/><W79/><G107/><T66/><D78/><U131/><E77/><V51/><F36/><W16/><G124/><T6/><D6/><U43/><E131/><V87/><F87/><W119/><G129/><T80/><D104/><U106/><E106/><V38/><F38/><W74/><G74/><T83/><D70/><U72/><E72/><V109/><F109/><W108/><G108/><T47/><D19/><U54/><E65/><V105/><F31/><W134/><G134/><N who="2" m="51817" /><F105/><W99/><G5/><T26/><D50/><N who="1" m="26911" /><E90/><V114/><F114/><W102/><G3/><N who="2" m="769" /><V4/><DORA hai="68" /><F4/><W18/><G79/><T67/><D67/><U41/><E41/><AGARI ba="0,0" hai="7,9,12,41,46,51,56,57" m="769,51817" machi="41" ten="40,1300,0" yaku="20,1" doraHai="113,68" who="2" fromWho="1" sc="199,0,339,-13,108,13,354,0" />
</Scene>
<Scene>
<INIT seed="6,0,0,2,2,129" ten="199,326,121,354" oya="2" hai0="43,40,98,106,31,33,28,85,38,50,103,1,47" hai1="55,42,60,14,58,13,86,91,52,96,19,109,77" hai2="6,82,17,20,8,76,21,64,10,80,94,111,90" hai3="0,119,66,87,70,108,121,30,78,51,112,9,123"/><V67/><F111/><W3/><G108/><T116/><D1/><U102/><E77/><V39/><F39/><W61/><G119/><T127/><D116/><U25/><E42/><V113/><F113/><W29/><G112/><T89/><D127/><U100/><E109/><V88/><F76/><W32/><G123/><T5/><D5/><U71/><E71/><V132/><F6/><W110/><G121/><T75/><D75/><U125/><E125/><V18/><REACH who="2" step="1"/><F94/><REACH who="2" ten="199,326,111,354" step="2"/><W93/><G110/><T69/><D38/><U83/><E102/><V124/><F124/><W45/><G93/><T97/><D103/><U118/><E118/><V35/><F35/><W74/><G78/><T104/><D33/><U26/><E100/><V41/><F41/><W16/><G32/><T117/><D43/><U68/><E68/><V36/><F36/><W79/><G70/><T56/><D69/><U22/><E96/><N who="0" m="36969" /><D117/><U92/><E92/><V72/><F72/><W59/><G74/><T101/><D101/><U128/><E128/><V54/><F54/><W126/><G126/><T23/><D106/><U115/><E115/><V120/><F120/><W63/><G79/><T107/><D107/><U114/><E114/><V53/><F53/><W2/><G87/><T48/><D104/><U133/><E55/><V37/><F37/><W84/><G84/><T46/><D85/><U99/><E99/><V105/><F105/><W122/><G122/><T24/><D40/><U73/><E73/><V49/><F49/><W12/><G63/><T65/><D50/><U131/><E60/><V27/><F27/><RYUUKYOKU ba="0,1" sc="199,-15,326,-15,111,15,354,15" hai2="8,10,17,18,20,21,64,67,80,82,88,90,132" hai3="0,2,3,9,12,16,29,30,45,51,59,61,66" />
</Scene>
<Scene>
<INIT seed="6,1,1,1,3,119" ten="184,311,126,369" oya="2" hai0="44,42,115,86,113,117,99,120,11,63,106,116,77" hai1="112,108,30,48,26,0,27,47,130,93,28,36,67" hai2="10,79,103,60,19,9,89,59,122,64,7,22,54" hai3="61,34,49,107,18,29,57,8,55,73,37,88,17"/><V135/><F135/><W31/><G37/><T23/><D120/><U56/><E108/><V1/><F103/><W25/><G73/><T24/><D11/><U40/><E0/><V85/><F79/><W123/><G123/><T114/><D63/><N who="1" m="38375" /><E36/><V20/><F122/><W2/><G107/><T4/><D4/><U39/><E39/><V125/><F125/><W75/><G75/><T105/><D86/><U84/><E130/><V46/><F10/><W52/><G31/><N who="1" m="11818" /><E112/><V53/><F46/><W6/><REACH who="3" step="1"/><G88/><AGARI ba="1,1" hai="26,27,40,47,48,84,88,93" m="11818,38375" machi="88" ten="30,2000,0" yaku="8,1,54,1" doraHai="119" who="1" fromWho="3" sc="184,0,311,33,126,0,369,-23" />
</Scene>
<Scene>
<INIT seed="7,0,0,1,3,33" ten="184,344,126,346" oya="3" hai0="110,117,57,120,114,121,125,56,11,83,131,65,46" hai1="44,12,61,35,76,40,16,93,79,49,96,18,5" hai2="23,98,115,31,73,66,107,64,24,58,17,21,134" hai3="25,106,74,130,55,27,45,94,101,60,38,28,89"/><W36/><G74/><T108/><D11/><N who="1" m="4207" /><E35/><V7/><F73/><W80/><G80/><T67/><D83/><U71/><E71/><V91/><F115/><W82/><G82/><T92/><D92/><U85/><E61/><V6/><F134/><W13/><G130/><T126/><D117/><U68/><E68/><V113/><F113/><W47/><G13/><T112/><REACH who="0" step="1"/><D46/><REACH who="0" ten="174,344,126,346" step="2"/><U63/><E85/><V8/><F58/><N who="3" m="34911" /><G106/><T132/><D132/><U69/><E69/><V62/><F62/><W99/><G38/><T97/><D97/><U29/><E63/><V39/><F39/><W119/><G119/><T72/><D72/><U2/><E2/><V86/><F98/><W118/><G118/><T116/><D116/><U19/><E29/><V87/><F107/><W14/><G36/><T32/><D32/><U102/><AGARI ba="0,1" hai="16,18,19,40,44,49,76,79,93,96,102" m="4207" machi="102" ten="30,2000,0" yaku="8,1,54,1" doraHai="33" who="1" fromWho="1" sc="174,-5,344,30,126,-5,346,-10" owari="169,-23.0,374,47.0,121,-38.0,336,14.0" />
</Scene>
</mjloggm>