<mjloggm ver="2.3"><GO type="169" lobby="0"/><UN n0="%6D%6F%6E%65%79%2E%2E%2E" n1="%E5%A4%AA%E3%81%8F%E3%81%AA%E3%81%84%E3%81%8A" n2="%E3%81%82%E3%83%BC%E3%81%BF%E3%82%93%E2%98%86" n3="%E3%81%AF%E3%82%80" dan="17,17,17,17" rate="2136.40,2192.78,2104.76,2098.54" sx="M,M,F,M"/><TAIKYOKU oya="0"/>

<Scene>
<INIT seed="0,0,0,0,4,93" ten="250,250,250,250" oya="0" hai0="73,35,115,6,66,13,24,100,48,11,103,107,65" hai1="45,78,102,101,40,62,88,57,20,70,97,52,63" hai2="3,131,51,95,41,59,43,18,75,129,82,69,19" hai3="36,116,44,26,133,72,8,16,99,118,89,86,30"/><T68/><D115/><U112/><E112/><V39/><F69/><W37/><G72/><T106/><D73/><U46/><E78/><V132/><F3/><W32/><G133/><T77/><D77/><U53/><E20/><V60/><F132/><W58/><G116/><T92/><D92/><N who="1" m="56455" /><E70/><V104/><F104/><W91/><G118/><T2/><D2/><U22/><E40/><V96/><F39/><W98/><G58/><T7/><D68/><U79/><E79/><V23/><F75/><W29/><G29/><T94/><D94/><U130/><E130/><V126/><F129/><W47/><G37/><T122/><D122/><U124/><E124/><V114/><F82/><W128/><G128/><T121/><D121/><U10/><E10/><V67/><F126/><W21/><G8/><T71/><D71/><U110/><E110/><V31/><F131/><W120/><G120/><T56/><D11/><U90/><E90/><N who="2" m="55415" /><F41/><W17/><G32/><T25/><D35/><U12/><E63/><V125/><F125/><W54/><G36/><T84/><D48/><N who="1" m="28687" /><E46/><N who="2" m="26079" /><F114/><W33/><G33/><T42/><D42/><U14/><E22/><V4/><F23/><W5/><G21/><T113/><D113/><U50/><E50/><V119/><F119/><W28/><G28/><T135/><D135/><U55/><E55/><V80/><F31/><W87/><G30/><T64/><D64/><U49/><E49/><V105/><F60/><W9/><G54/><T81/><D106/><U74/><E74/><V15/><F105/><W109/><G9/><T134/><D134/><U127/><E127/><RYUUKYOKU ba="0,0" sc="250,-10,250,30,250,-10,250,-10" hai1="12,14,53,57,62,101,102" />
</Scene>
<Scene>
<INIT seed="1,1,0,5,1,79" ten="240,280,240,240" oya="1" hai0="13,91,14,25,132,28,111,69,37,26,82,33,48" hai1="53,92,41,0,66,40,24,57,49,74,43,56,39" hai2="117,59,1,72,34,67,105,89,60,70,36,8,64" hai3="95,17,125,112,19,73,106,110,77,123,121,3,21"/><U16/><E0/><V23/><F117/><W61/><G106/><T31/><D37/><U86/><E74/><V97/><F34/><W71/><G3/><T84/><D69/><U124/><E124/><V103/><F36/><W27/><G125/><T7/><D111/><U11/><E39/><V12/><F1/><W35/><G35/><T6/><D132/><U81/><E92/><V38/><F38/><W99/><G110/><T85/><D48/><U51/><E66/><V63/><F23/><W113/><G19/><T129/><D129/><U52/><E24/><V122/><F122/><W5/><G5/><T116/><D116/><U98/><E98/><V10/><F72/><W109/><G109/><T101/><D101/><U120/><E120/><V9/><REACH who="2" step="1"/><F89/><REACH who="2" ten="240,280,230,240" step="2"/><W102/><G123/><T83/><D33/><U46/><E46/><V90/><F90/><AGARI ba="1,1" hai="6,7,13,14,25,26,28,31,82,83,84,85,90,91" machi="90" ten="25,8000,1" yaku="22,2,8,1,52,2" doraHai="79" who="0" fromWho="2" sc="240,93,280,0,230,-83,240,0" />
</Scene>
<Scene>
<INIT seed="2,0,0,0,5,13" ten="333,280,147,240" oya="2" hai0="73,35,6,72,15,18,104,133,28,128,99,19,76" hai1="131,113,115,54,7,38,3,55,106,111,132,4,116" hai2="12,25,63,41,118,58,40,102,92,36,86,11,121" hai3="66,70,27,65,117,108,126,23,2,127,124,8,89"/><V120/><F118/><W95/><G108/><T31/><D6/><U107/><E116/><V110/><F110/><W97/><G117/><T59/><D128/><U114/><E111/><V90/><F102/><W96/><G70/><T60/><D133/><U80/><E38/><V49/><F36/><W112/><G112/><T77/><D35/><U33/><E33/><V91/><F25/><W42/><G42/><T82/><D99/><U71/><E71/><V26/><F26/><W5/><REACH who="3" step="1"/><G97/><REACH who="3" ten="333,280,147,230" step="2"/><T87/><D104/><U101/><E107/><V135/><F135/><W16/><AGARI ba="0,1" hai="2,5,8,16,23,27,65,66,89,95,96,124,126,127" machi="16" ten="30,12000,2" yaku="1,1,2,1,0,1,18,1,52,1,54,1,53,0" doraHai="13" doraHaiUra="68" who="3" fromWho="3" sc="333,-30,280,-30,147,-60,230,130" />
</Scene>
<Scene>
<INIT seed="3,0,0,0,4,113" ten="303,250,87,360" oya="3" hai0="67,69,50,84,46,6,15,54,9,134,74,53,130" hai1="119,56,28,116,29,18,51,40,38,52,31,107,43" hai2="131,126,23,104,22,13,70,39,133,124,10,85,58" hai3="99,83,86,87,132,102,76,108,91,110,111,79,3"/><W25/><G3/><T78/><D74/><U12/><E107/><V60/><F70/><W122/><G25/><T125/><D130/><U82/><E82/><V32/><F104/><N who="3" m="63583" /><G122/><T101/><D101/><U109/><E109/><V89/><F39/><W114/><G114/><T98/><D98/><U80/><E80/><V71/><F71/><W90/><G132/><T49/><D134/><U17/><E17/><V20/><F32/><W94/><AGARI ba="0,0" hai="76,79,83,86,87,90,91,94,108,110,111" m="63583" machi="94" ten="30,11700,0" yaku="14,1,10,1,34,2" doraHai="113" who="3" fromWho="3" sc="303,-39,250,-39,87,-39,360,117" />
</Scene>
<Scene>
<INIT seed="3,1,0,4,0,36" ten="264,211,48,477" oya="3" hai0="123,34,82,75,132,84,30,63,44,65,31,89,52" hai1="133,80,59,26,54,66,2,68,35,109,11,19,73" hai2="126,86,22,45,99,9,115,70,67,122,117,72,20" hai3="120,108,104,102,110,28,38,103,124,119,15,62,8"/><W98/><G103/><T14/><D123/><U6/><E109/><N who="3" m="42090" /><G120/><T77/><D34/><U114/><E114/><V43/><F72/><W121/><G121/><T40/><D14/><U64/><E68/><V128/><F115/><W127/><G38/><T134/><D65/><U41/><E133/><N who="0" m="51305" /><D63/><U118/><E118/><V95/><F117/><W129/><G119/><T25/><D25/><U105/><E105/><V53/><F128/><W92/><G129/><T0/><D0/><U130/><E130/><V135/><F126/><N who="3" m="48171" /><G28/><T46/><D46/><U7/><E7/><V90/><F135/><W51/><G62/><T85/><D75/><U10/><E73/><V97/><F122/><W18/><G51/><N who="0" m="27015" /><D52/><U60/><E54/><V55/><F53/><W47/><G47/><T17/><D17/><U83/><E64/><V106/><F55/><W91/><G91/><T74/><D74/><U101/><E19/><V29/><F29/><W61/><G61/><T56/><D56/><U125/><E125/><V79/><F67/><W87/><G87/><T88/><D89/><U1/><E66/><V78/><F70/><W4/><G18/><T111/><D111/><U42/><E60/><V27/><F86/><W16/><G4/><T12/><D12/><U39/><E6/><V81/><F90/><W116/><G116/><T76/><D76/><U94/><E39/><V113/><F79/><W13/><G13/><T71/><D71/><U96/><E26/><V23/><F27/><W49/><G49/><T58/><D58/><U5/><E59/><V100/><F78/><W32/><G32/><RYUUKYOKU ba="1,0" sc="264,15,211,-15,48,-15,477,15" hai0="30,31,77,82,84,85,88" hai3="8,15,16,92,98,102,104" />
</Scene>
<Scene>
<INIT seed="3,2,0,1,2,122" ten="279,196,33,492" oya="3" hai0="79,57,54,83,133,86,117,88,65,0,130,10,41" hai1="30,101,99,16,118,17,2,70,131,52,82,55,69" hai2="22,105,44,47,14,90,77,9,96,33,111,107,125" hai3="18,35,37,62,112,120,23,98,85,26,31,66,115"/><W50/><G37/><T128/><D117/><U71/><E2/><V11/><F33/><W39/><G39/><T42/><D65/><U134/><E118/><V12/><F125/><W129/><G129/><N who="0" m="49771" /><D133/><U84/><E131/><V123/><F77/><W73/><G73/><T89/><D0/><U106/><E30/><V132/><F123/><W102/><G120/><T15/><D89/><U60/><E134/><V93/><F22/><W87/><G50/><N who="0" m="30935" /><D79/><U75/><E75/><V1/><F1/><W27/><G112/><T67/><D67/><U51/><E60/><V40/><F132/><W109/><G115/><T126/><D126/><U94/><E106/><V49/><F44/><W43/><G43/><T46/><D46/><U91/><REACH who="1" step="1"/><E55/><REACH who="1" ten="279,186,33,492" step="2"/><V59/><F105/><W36/><G62/><T5/><AGARI ba="2,1" hai="5,10,15,41,42,83,86,88" m="30935,49771" machi="5" ten="30,2000,0" yaku="19,1,54,1" doraHai="122" who="0" fromWho="0" sc="279,36,186,-7,33,-7,492,-12" />
</Scene>
<Scene>
<INIT seed="4,0,0,2,0,87" ten="315,179,26,480" oya="0" hai0="45,51,31,79,93,98,92,27,39,80,67,94,32" hai1="23,47,4,81,101,69,40,88,106,22,84,115,0" hai2="127,85,66,8,17,30,24,48,60,7,13,65,97" hai3="134,42,26,125,111,132,105,33,100,25,96,64,72"/><T77/><D39/><U29/><E69/><V71/><F127/><W28/><G125/><T112/><D112/><U83/><E115/><V129/><F129/><W120/><G72/><T61/><D80/><U5/><E83/><V128/><F128/><W44/><G111/><T10/><D10/><U36/><E0/><V70/><F48/><W19/><G120/><T52/><REACH who="0" step="1"/><D98/><REACH who="0" ten="305,179,26,480" step="2"/><U37/><E37/><V68/><F97/><W117/><G96/><T56/><AGARI ba="0,1" hai="27,31,32,45,51,52,56,61,67,77,79,92,93,94" machi="56" ten="30,11700,0" yaku="1,1,2,1,0,1,54,1,53,0" doraHai="87" doraHaiUra="107" who="0" fromWho="0" sc="305,127,179,-39,26,-39,480,-39" owari="432,23.0,140,-26.0,-13,-51.0,441,54.0" />
</Scene>
</mjloggm>