<mjloggm ver="2.3"><GO type="169" lobby="0"/><UN n0="%E3%83%90%E3%83%83%E3%82%BF%E7%8D%A3%E7%8E%8B%E4%BD%8D%E6%A3%AE%EF%BC%92" n1="%61%68%68%68%68%68%68%61" n2="%E5%A4%AA%E3%81%8F%E3%81%AA%E3%81%84%E3%81%8A" n3="%E3%82%AB%E3%83%AA%E3%83%95%E3%82%A9%E3%83%AB%E3%83%8B%E3%82%A2%E9%A2%A8" dan="16,17,17,17" rate="2059.84,2190.59,2159.56,2144.68" sx="F,M,M,M"/><TAIKYOKU oya="0"/>

<Scene>
<INIT seed="0,0,0,3,3,98" ten="250,250,250,250" oya="0" hai0="68,39,127,99,128,62,33,32,59,97,18,57,94" hai1="52,84,86,82,11,103,41,29,23,130,85,67,96" hai2="30,60,22,17,28,15,74,53,125,36,51,7,92" hai3="66,50,2,91,72,104,95,102,123,40,75,100,1"/><T55/><D39/><U114/><E130/><V126/><F36/><W24/><G104/><T77/><D68/><U13/><E67/><V106/><F106/><W70/><G70/><T9/><D128/><U122/><E122/><V35/><F74/><W133/><G66/><T121/><D99/><U118/><E118/><V109/><F109/><W21/><G75/><T93/><D93/><N who="1" m="58767" /><E41/><V124/><F35/><W45/><G72/><T76/><D121/><U46/><E114/><V26/><F60/><W56/><G123/><T63/><D33/><U49/><E29/><V6/><F92/><W54/><G133/><T27/><D32/><U87/><E23/><N who="2" m="15455" /><F30/><N who="3" m="17679" /><G1/><T132/><D127/><N who="2" m="32514" /><V116/><DORA hai="65" /><F116/><W105/><G2/><T73/><D73/><U80/><N who="1" m="21504" /><DORA hai="43" /><U81/><E81/><V83/><F83/><W115/><G105/><T47/><D47/><AGARI ba="0,0" hai="6,7,15,17,22,47,51,53" m="32514,15455" machi="47" ten="40,2600,0" yaku="18,1,52,1" doraHai="98,65,43" who="2" fromWho="0" sc="250,-26,250,0,250,26,250,0" />
</Scene>
<Scene>
<INIT seed="1,0,0,4,2,58" ten="224,250,276,250" oya="1" hai0="19,72,128,69,36,116,78,135,57,75,29,86,64" hai1="109,10,133,125,43,117,83,103,9,39,124,79,45" hai2="92,88,14,12,21,18,5,59,52,26,81,100,28" hai3="131,107,68,85,115,82,105,71,104,33,22,101,63"/><U40/><E117/><V48/><F100/><W56/><G33/><T84/><D36/><U6/><E133/><V122/><F122/><W127/><G101/><T51/><D135/><U66/><E103/><V95/><F5/><W35/><G35/><T87/><D128/><U49/><E109/><V42/><F42/><W11/><G115/><T132/><D29/><U24/><E66/><V13/><F81/><W119/><G131/><T27/><D116/><U50/><E24/><V106/><F106/><W108/><G119/><T54/><D78/><U1/><E10/><V102/><F102/><W60/><G108/><T73/><D132/><U134/><E134/><V121/><F95/><W89/><G127/><N who="1" m="48714" /><E43/><V7/><F7/><W112/><G112/><T120/><D120/><U90/><E90/><V77/><F77/><W41/><G41/><T123/><D123/><U129/><E129/><V76/><F76/><W20/><G11/><T15/><D27/><U74/><AGARI ba="0,0" hai="1,6,9,39,40,45,49,50,74,79,83" m="48714" machi="74" ten="30,3000,0" yaku="25,1,18,1" doraHai="58" who="1" fromWho="1" sc="224,-10,250,30,276,-10,250,-10" />
</Scene>
<Scene>
<INIT seed="1,1,0,0,4,69" ten="214,280,266,240" oya="1" hai0="21,10,96,98,23,35,12,59,121,1,65,31,100" hai1="135,115,53,5,17,28,134,9,82,132,42,76,24" hai2="107,86,101,18,15,27,68,0,120,104,127,4,95" hai3="133,71,72,111,70,87,92,14,88,123,103,6,124"/><U83/><E115/><V50/><F120/><W97/><G123/><T51/><D1/><U109/><E109/><V91/><F68/><W99/><G111/><T85/><D121/><U66/><E66/><V90/><F127/><W11/><G124/><T38/><D38/><U30/><E42/><V117/><F117/><W106/><G133/><T129/><D129/><U16/><E53/><V62/><F62/><W61/><G61/><T119/><D119/><U43/><E43/><V130/><F130/><W81/><REACH who="3" step="1"/><G72/><REACH who="3" ten="214,280,266,230" step="2"/><T39/><D96/><U47/><E135/><V84/><F0/><W41/><G41/><T48/><D98/><U112/><E134/><V29/><F101/><AGARI ba="1,1" hai="6,11,14,70,71,81,87,88,92,97,99,101,103,106" machi="101" ten="30,3900,0" yaku="1,1,7,1,54,1,53,0" doraHai="69" doraHaiUra="34" who="3" fromWho="2" sc="214,0,280,0,266,-42,230,52" />
</Scene>
<Scene>
<INIT seed="2,0,0,5,4,13" ten="214,280,224,282" oya="2" hai0="56,110,77,63,62,87,103,32,49,115,67,28,80" hai1="29,21,93,125,78,46,3,99,128,10,58,38,17" hai2="31,98,111,134,135,75,127,133,105,81,45,94,19" hai3="122,108,95,57,15,4,1,60,82,8,26,12,90"/><V101/><F31/><W64/><G108/><T2/><D2/><U70/><E70/><V74/><F45/><W88/><G122/><T130/><D110/><U65/><E78/><V50/><F111/><W9/><G82/><T55/><D115/><U97/><E128/><V51/><F127/><W47/><G90/><T7/><D7/><U36/><E125/><V100/><F19/><W79/><G79/><T113/><D113/><U92/><E29/><V16/><F81/><W131/><G131/><T6/><D6/><U106/><E106/><V25/><F101/><W48/><G26/><T73/><D103/><U118/><E118/><V41/><F105/><W123/><G123/><T91/><D130/><U59/><E10/><V69/><F69/><W5/><G1/><T68/><D28/><U39/><E3/><V86/><F86/><W104/><G104/><T89/><D32/><U121/><E121/><V112/><F112/><W52/><G88/><T40/><D40/><U20/><E38/><V33/><F33/><W27/><G27/><T18/><D63/><U117/><E117/><V84/><F84/><W96/><G95/><T14/><REACH who="0" step="1"/><D73/><REACH who="0" ten="204,280,224,282" step="2"/><N who="2" m="27658" /><F41/><W85/><G85/><T76/><D76/><U0/><E0/><V30/><F30/><W109/><G109/><T34/><D34/><U71/><E39/><V61/><F61/><W120/><G120/><T83/><D83/><U66/><E36/><V116/><F116/><W53/><G96/><T44/><D44/><U107/><E46/><V114/><F114/><W119/><G119/><T72/><D72/><U11/><E99/><RYUUKYOKU ba="0,1" sc="204,10,280,-30,224,10,282,10" hai0="14,18,49,55,56,62,67,68,77,80,87,89,91" hai2="16,25,50,51,94,98,100,133,134,135" hai3="4,5,8,9,12,15,47,48,52,53,57,60,64" />
</Scene>
<Scene>
<INIT seed="2,1,1,0,2,104" ten="214,250,234,292" oya="2" hai0="110,39,69,62,28,105,9,112,89,127,131,125,16" hai1="80,61,42,53,88,57,83,78,85,29,120,129,19" hai2="3,75,0,93,14,82,37,130,13,10,87,113,31" hai3="20,18,15,134,107,81,56,2,1,8,94,64,17"/><V33/><F113/><W50/><G107/><T7/><D39/><U96/><E129/><V23/><F37/><W41/><G134/><T59/><D112/><U123/><E29/><V99/><F33/><W11/><G1/><T133/><D28/><U49/><E19/><V65/><F130/><W98/><G2/><T117/><D131/><U114/><E114/><V38/><F38/><W121/><G121/><T102/><D69/><U90/><E96/><V40/><F40/><W60/><G81/><T122/><D122/><N who="1" m="46635" /><E83/><V12/><F65/><W47/><REACH who="3" step="1"/><G18/><REACH who="3" ten="214,250,234,282" step="2"/><T43/><D16/><U92/><E92/><V76/><F10/><W100/><AGARI ba="1,2" hai="8,11,15,17,20,41,47,50,56,60,64,94,98,100" machi="100" ten="20,8000,1" yaku="1,1,2,1,0,1,7,1,8,1,53,0" doraHai="104" doraHaiUra="86" who="3" fromWho="3" sc="214,-21,250,-21,234,-41,282,103" />
</Scene>
<Scene>
<INIT seed="3,0,0,1,0,113" ten="193,229,193,385" oya="3" hai0="79,134,74,25,78,26,81,125,70,128,80,23,33" hai1="0,32,131,124,135,90,18,7,53,21,24,20,29" hai2="88,22,117,55,62,121,73,83,87,41,120,103,36" hai3="56,110,93,101,11,44,15,6,112,58,28,84,57"/><W49/><G112/><T130/><D70/><U96/><E135/><V51/><F103/><W52/><G110/><T98/><D134/><U38/><E38/><V16/><F62/><W119/><G119/><T108/><D108/><U111/><E111/><V118/><F73/><W47/><G28/><T48/><D33/><U19/><E131/><V71/><F71/><W122/><G122/><N who="2" m="47209" /><F41/><W63/><G47/><T39/><D39/><U3/><E124/><V123/><N who="2" m="47217" /><V115/><DORA hai="66" /><F36/><W10/><G10/><T17/><D25/><N who="1" m="18479" /><E53/><V35/><F35/><W64/><G84/><T114/><D114/><U59/><E59/><N who="2" m="33279" /><F115/><W102/><G102/><T30/><D125/><U42/><E42/><V34/><F34/><W5/><REACH who="3" step="1"/><G6/><REACH who="3" ten="193,229,193,375" step="2"/><T67/><D30/><U91/><E7/><V4/><F4/><W95/><G95/><T46/><D98/><AGARI ba="0,1" hai="5,11,15,44,49,52,56,57,58,63,64,93,98,101" machi="98" ten="40,18000,2" yaku="1,1,8,1,54,1,53,3" doraHai="113,66" doraHaiUra="54,104" who="3" fromWho="0" sc="193,-180,229,0,193,0,375,190" />
</Scene>
<Scene>
<INIT seed="3,1,0,0,3,50" ten="13,229,193,565" oya="3" hai0="106,19,88,5,94,86,122,124,134,44,64,117,126" hai1="75,73,131,53,135,16,95,102,31,128,133,17,56" hai2="14,9,41,92,43,10,51,100,81,72,80,85,2" hai3="101,59,25,39,87,21,57,30,27,84,115,24,67"/><W97/><G39/><T6/><D122/><U78/><E31/><V35/><F35/><W110/><G115/><T125/><D117/><U120/><E120/><V91/><F2/><W109/><G27/><T15/><D106/><U130/><E102/><V48/><F72/><N who="1" m="27721" /><E95/><V1/><F1/><W89/><G25/><T7/><D134/><N who="1" m="51211" /><E78/><V93/><F100/><W104/><G84/><T8/><D64/><U74/><N who="1" m="27729" /><U26/><DORA hai="70" /><E26/><V83/><F92/><N who="3" m="54335" /><G67/><T129/><D129/><N who="1" m="33027" /><U55/><DORA hai="66" /><E55/><V46/><F14/><W107/><G104/><T121/><REACH who="0" step="1"/><D121/><REACH who="0" ten="3,229,193,565" step="2"/><U22/><E22/><V68/><F68/><W123/><G123/><T63/><D63/><AGARI ba="1,1" hai="16,17,53,56,63" m="33027,51211,27729" machi="63" ten="60,8000,1" yaku="20,1,19,1,52,1,54,1" doraHai="50,70,66" who="1" fromWho="0" sc="3,-83,229,93,193,0,565,0" owari="-80,-58.0,322,12.0,193,-21.0,565,67.0" />
</Scene>
</mjloggm>