<mjloggm ver="2.3"><GO type="169" lobby="0"/><UN n0="%68%61%79%61%74%6F%E2%98%86" n1="%E3%82%B5%E3%83%B3%E3%83%9E%E9%81%93%E6%A5%BD%E4%BB%A3%E8%A1%A8" n2="%E3%83%95%E3%83%AA%E3%83%86%E3%83%B3" n3="%E5%A4%AA%E3%81%8F%E3%81%AA%E3%81%84%E3%81%8A" dan="17,16,17,18" rate="2221.76,2069.80,2122.08,2196.27" sx="M,M,M,M"/><TAIKYOKU oya="0"/>

<Scene>
<INIT seed="0,0,0,1,2,78" ten="250,250,250,250" oya="0" hai0="135,41,108,113,33,100,47,15,89,6,14,0,56" hai1="107,1,103,126,61,119,99,67,51,53,66,69,111" hai2="37,121,82,45,109,54,68,130,70,98,129,94,55" hai3="114,115,57,38,64,24,104,116,97,90,86,16,120"/><T60/><D33/><U92/><E111/><V28/><F109/><W59/><G38/><T128/><D108/><U21/><E67/><V76/><F28/><W74/><G74/><T118/><D113/><U43/><E1/><V32/><F32/><W95/><G116/><T34/><D34/><U72/><E126/><V134/><F121/><W80/><G104/><T102/><D118/><U106/><E72/><N who="2" m="43271" /><F37/><W31/><G120/><T58/><D0/><U124/><E124/><V127/><F45/><W87/><G87/><T112/><D112/><U131/><E131/><N who="2" m="50187" /><F134/><W22/><G59/><T29/><D29/><U25/><E43/><V5/><F5/><W46/><G46/><T71/><D135/><U101/><E101/><N who="2" m="60631" /><F127/><W79/><REACH who="3" step="1"/><G31/><REACH who="3" ten="250,250,250,240" step="2"/><T83/><D47/><U27/><E119/><V13/><F13/><W23/><G23/><T44/><D14/><U40/><E40/><V4/><F4/><W105/><G105/><T91/><D15/><U36/><E36/><V81/><F81/><W30/><G30/><T19/><D83/><U73/><E106/><V123/><F123/><W39/><G39/><T63/><D6/><U96/><E107/><V77/><F77/><W110/><G110/><T75/><D44/><U42/><E42/><V125/><F125/><W117/><G117/><T50/><D41/><U49/><E21/><V122/><F122/><W88/><G88/><T85/><D89/><U132/><E132/><V65/><F65/><W12/><G12/><T17/><D91/><U2/><E66/><V84/><F84/><W20/><G20/><T18/><D128/><RYUUKYOKU ba="0,1" sc="250,-15,250,-15,250,15,240,15" hai2="54,55,68,70" hai3="16,22,24,57,64,79,80,86,90,95,97,114,115" />
</Scene>
<Scene>
<INIT seed="1,1,1,2,2,72" ten="235,235,265,255" oya="1" hai0="123,51,107,45,135,62,63,43,82,1,95,59,127" hai1="101,92,70,131,88,124,25,98,35,60,40,27,31" hai2="55,37,52,28,42,133,99,71,49,129,105,106,24" hai3="74,90,84,38,134,18,89,58,117,116,76,14,121"/><U3/><E3/><V64/><F129/><W122/><G38/><T32/><D107/><U79/><E131/><V77/><F133/><W87/><G58/><T34/><D1/><U0/><E0/><V6/><F6/><W113/><G14/><T33/><D123/><N who="3" m="47113" /><G18/><T67/><D135/><U9/><E9/><V19/><F19/><W86/><G134/><T36/><D127/><U110/><E40/><V114/><F114/><W48/><G48/><T130/><D130/><U54/><E124/><V128/><F128/><W56/><G56/><T108/><D108/><U15/><E15/><V102/><F37/><W132/><G132/><T66/><D95/><U10/><E10/><V65/><F42/><W96/><G113/><T111/><D82/><U46/><E27/><V39/><F39/><W20/><G20/><T91/><D91/><N who="3" m="34825" /><G96/><T2/><D2/><U21/><E35/><V68/><F68/><W109/><G109/><T69/><D111/><U75/><E110/><V53/><F49/><W120/><N who="3" m="47121" /><W22/><DORA hai="94" /><G22/><T41/><D41/><U81/><E46/><V80/><F71/><W13/><G13/><T4/><D4/><U29/><E29/><V85/><REACH who="2" step="1"/><F105/><REACH who="2" ten="235,235,255,255" step="2"/><W8/><G8/><T118/><D36/><U125/><E125/><V16/><F16/><W104/><G104/><T97/><D69/><U126/><E126/><V44/><F44/><W47/><G47/><T17/><D45/><U103/><REACH who="1" step="1"/><E54/><REACH who="1" ten="235,225,255,255" step="2"/><V5/><F5/><W93/><G117/><T12/><D118/><U30/><E30/><V100/><F100/><W78/><G116/><RYUUKYOKU ba="1,3" sc="235,-15,225,15,255,15,255,-15" hai1="21,25,31,60,70,75,79,81,88,92,98,101,103" hai2="24,28,52,53,55,64,65,77,80,85,99,102,106" />
</Scene>
<Scene>
<INIT seed="1,2,3,5,0,133" ten="220,240,270,240" oya="1" hai0="26,27,29,130,129,83,38,70,18,45,39,135,131" hai1="120,97,132,90,12,89,51,20,33,95,92,117,47" hai2="82,127,80,109,107,123,58,67,16,9,11,64,37" hai3="100,0,5,118,2,105,91,40,65,116,125,44,34"/><U113/><E33/><V17/><F107/><W84/><G34/><T103/><D70/><U106/><E120/><V98/><F123/><W124/><G65/><T74/><D103/><U68/><E68/><V101/><F101/><W87/><G100/><T115/><D115/><U110/><E117/><N who="3" m="45162" /><G105/><T128/><D135/><U43/><E132/><V35/><F98/><W15/><G15/><T32/><D45/><U1/><E110/><V10/><F35/><W7/><G7/><T4/><D4/><U24/><E1/><N who="3" m="618" /><G5/><T93/><D93/><U31/><E106/><V54/><F10/><W14/><G14/><T63/><D63/><U75/><E75/><V77/><F11/><W42/><G87/><T134/><D134/><U50/><E12/><V23/><F9/><W85/><G85/><T19/><D130/><U59/><E113/><V88/><F67/><W86/><G86/><T102/><D102/><N who="1" m="60711" /><E95/><V96/><F109/><W66/><G66/><T13/><D27/><U76/><E76/><V55/><F77/><W104/><G104/><T3/><D3/><U57/><E57/><V46/><F58/><W112/><G112/><T79/><D19/><U78/><E78/><V41/><F16/><W30/><G30/><T69/><D69/><U72/><E72/><V119/><F17/><W121/><G121/><T94/><D94/><U6/><E6/><V28/><F119/><W25/><G25/><T108/><D108/><U22/><E22/><AGARI ba="2,3" hai="13,18,22,26,29,32,38,39,74,79,83,128,129,131" machi="22" ten="40,1300,0" yaku="19,1" doraHai="133" who="0" fromWho="1" sc="220,49,240,-19,270,0,240,0" />
</Scene>
<Scene>
<INIT seed="2,0,0,0,0,112" ten="269,221,270,240" oya="2" hai0="132,19,67,135,23,116,94,93,38,34,105,111,126" hai1="27,7,85,128,20,87,37,39,9,3,120,125,30" hai2="92,62,28,91,14,4,57,12,101,110,115,76,36" hai3="58,50,68,69,77,103,80,84,79,52,22,15,29"/><V108/><F115/><W130/><G130/><T56/><D105/><U48/><E128/><V35/><F36/><W59/><G103/><T109/><D34/><U96/><E125/><V75/><F101/><W122/><G122/><T114/><D38/><U53/><E120/><V11/><F76/><W1/><G1/><T97/><D114/><U61/><E61/><V74/><F14/><W113/><G113/><T98/><D126/><U78/><E96/><N who="0" m="36969" /><D56/><U121/><E121/><V72/><F92/><N who="0" m="35434" /><D67/><U88/><E85/><V83/><F91/><W124/><G124/><T26/><D116/><U133/><E133/><AGARI ba="0,0" hai="19,23,26,109,111,132,133,135" m="35434,36969" machi="133" ten="30,1000,0" yaku="20,1" doraHai="112" who="0" fromWho="1" sc="269,10,221,-10,270,0,240,0" />
</Scene>
<Scene>
<INIT seed="3,0,0,3,3,87" ten="279,211,270,240" oya="3" hai0="27,119,65,79,82,128,44,8,64,67,133,59,5" hai1="39,36,95,18,4,12,15,37,81,21,104,66,86" hai2="109,62,70,51,120,125,16,117,7,30,97,38,13" hai3="108,132,121,114,42,43,76,2,1,102,111,52,134"/><W17/><G114/><T77/><D119/><U31/><E104/><V33/><F109/><N who="3" m="42059" /><G121/><T118/><D118/><U47/><E66/><V126/><F38/><W25/><G76/><T41/><D128/><U73/><E73/><V103/><F7/><W35/><G102/><T131/><D133/><N who="3" m="51305" /><G52/><T90/><D131/><U6/><E31/><V78/><F30/><N who="3" m="19919" /><G17/><T28/><D59/><U61/><E61/><V85/><F16/><W96/><G96/><T55/><D55/><U56/><E56/><V113/><F97/><W29/><G29/><T84/><D44/><U24/><E95/><V127/><F62/><W101/><G101/><T40/><D77/><U98/><E98/><V54/><F78/><W34/><G34/><T89/><D41/><AGARI ba="0,0" hai="1,2,41,42,43" m="19919,51305,42059" machi="41" ten="30,5800,0" yaku="14,1,10,1,20,1" doraHai="87" who="3" fromWho="0" sc="279,-58,211,0,270,0,240,58" />
</Scene>
<Scene>
<INIT seed="3,1,0,2,5,29" ten="221,211,270,298" oya="3" hai0="90,130,61,121,109,9,21,69,112,102,110,85,4" hai1="41,82,133,1,108,126,35,23,89,59,33,80,75" hai2="78,116,67,10,60,40,15,24,93,83,127,88,119" hai3="56,95,134,98,5,57,71,13,100,54,101,107,128"/><W86/><G71/><T105/><D121/><U118/><E1/><V45/><F127/><W104/><G134/><T124/><D112/><U18/><E108/><V87/><F24/><W48/><G128/><T6/><D124/><U20/><E126/><V37/><F60/><W97/><G57/><T129/><D102/><U77/><E41/><V111/><F67/><W14/><REACH who="3" step="1"/><G5/><REACH who="3" ten="221,211,270,288" step="2"/><T70/><D4/><U115/><E133/><V42/><F111/><W17/><G17/><T114/><D109/><U31/><E115/><V25/><F116/><W79/><G79/><T32/><D110/><U113/><E113/><V22/><F119/><W84/><G84/><T68/><D114/><U49/><E118/><V38/><F78/><W27/><G27/><T26/><D26/><U123/><E123/><V132/><F132/><W91/><AGARI ba="1,1" hai="13,14,48,54,56,86,91,95,97,98,100,101,104,107" machi="91" ten="30,12000,1" yaku="1,1,0,1,9,1,53,2" doraHai="29" doraHaiUra="94" who="3" fromWho="3" sc="221,-41,211,-41,270,-41,288,133" />
</Scene>
<Scene>
<INIT seed="3,2,0,4,1,68" ten="180,170,229,421" oya="3" hai0="34,62,127,87,106,110,18,15,125,60,102,123,32" hai1="79,65,37,111,13,26,24,54,43,67,0,8,50" hai2="56,6,76,45,7,57,124,96,81,119,128,70,48" hai3="86,91,93,98,5,129,134,131,44,120,46,40,83"/><W17/><G120/><T109/><D123/><U108/><E0/><V104/><F70/><W71/><G71/><T133/><D87/><U3/><E3/><V85/><F119/><W99/><G5/><T33/><D102/><U52/><E79/><V80/><F128/><N who="3" m="49227" /><G134/><T14/><D106/><U4/><E26/><V117/><F117/><W63/><G63/><N who="0" m="24107" /><D18/><U1/><E24/><V2/><F45/><W103/><G40/><T28/><D28/><U94/><E1/><V113/><F81/><W35/><G35/><T31/><D31/><U121/><E94/><V115/><F96/><W47/><G17/><T69/><D69/><U29/><E29/><V122/><F7/><W118/><G98/><T126/><D133/><U21/><E21/><V132/><F6/><W107/><G118/><T38/><D38/><U53/><E50/><V88/><F48/><W73/><G73/><T10/><D10/><U64/><REACH who="1" step="1"/><E121/><REACH who="1" ten="180,160,229,421" step="2"/><V16/><F122/><W95/><AGARI ba="2,1" hai="44,46,47,83,86,91,93,95,99,103,107" m="49227" machi="95" ten="40,2100,0" yaku="19,1" doraHai="68" who="3" fromWho="3" sc="180,-9,160,-9,229,-9,421,37" />
</Scene>
<Scene>
<INIT seed="3,3,0,1,5,108" ten="171,151,220,458" oya="3" hai0="123,4,56,7,53,61,70,31,2,107,75,111,51" hai1="80,84,101,77,11,131,12,96,127,62,69,133,8" hai2="24,122,60,39,125,105,18,90,38,87,99,55,50" hai3="20,64,47,63,86,129,3,113,35,88,83,106,92"/><W71/><G35/><T54/><D107/><U41/><E41/><V67/><F125/><W32/><G32/><T102/><D123/><U98/><E127/><V26/><F122/><W120/><G106/><T14/><D75/><U1/><E131/><V13/><F99/><W110/><G120/><T0/><D111/><U74/><E133/><V121/><F39/><W103/><G110/><T21/><D102/><U100/><E1/><V19/><F38/><W94/><G3/><T49/><D70/><U37/><E37/><V30/><F105/><W126/><G126/><T58/><D14/><U73/><E69/><V132/><F30/><W68/><G68/><T33/><D33/><U119/><E62/><V104/><F104/><W42/><G103/><N who="1" m="39498" /><E12/><V89/><F89/><W135/><G135/><T78/><D78/><N who="1" m="46103" /><E11/><V114/><F13/><W95/><G20/><T93/><D93/><U52/><E52/><V82/><F132/><W66/><G66/><T79/><D79/><U48/><E48/><V117/><F50/><W91/><G129/><T6/><REACH who="0" step="1"/><D61/><REACH who="0" ten="161,151,220,458" step="2"/><U85/><E8/><V28/><F60/><W9/><G63/><T124/><D124/><U65/><E65/><V128/><F67/><W72/><G64/><T16/><D16/><U34/><E34/><V23/><F19/><W115/><G71/><T15/><D15/><U59/><E119/><V17/><F117/><W57/><G94/><T112/><D112/><U46/><E73/><V118/><F18/><W109/><G72/><T43/><D43/><U97/><E74/><V44/><F17/><W40/><G40/><RYUUKYOKU ba="3,1" sc="161,30,151,-10,220,-10,458,-10" hai0="0,2,4,6,7,21,31,49,51,53,54,56,58" />
</Scene>
<Scene>
<INIT seed="4,4,1,1,2,125" ten="191,141,210,448" oya="0" hai0="115,116,14,17,18,23,117,70,22,27,124,42,8" hai1="108,39,62,118,37,9,25,110,20,78,101,87,60" hai2="46,55,95,32,63,83,34,96,12,16,41,73,56" hai3="91,54,81,57,77,11,105,93,72,74,0,102,26"/><T111/><D70/><U6/><E101/><V4/><F4/><W80/><G26/><N who="0" m="14671" /><D42/><U64/><E118/><N who="0" m="45673" /><D115/><U121/><E121/><V86/><F73/><W50/><G105/><T67/><D67/><U69/><E62/><V130/><F95/><W104/><G104/><T106/><D106/><U33/><E33/><V66/><F96/><W132/><G102/><T114/><D114/><U52/><E52/><V127/><F127/><W135/><G80/><T123/><D124/><U47/><E39/><V97/><F97/><W82/><G82/><T112/><D112/><U49/><E87/><V88/><F34/><W29/><G72/><T85/><D85/><U79/><E78/><V131/><F32/><W10/><G93/><T35/><D35/><U99/><E79/><V31/><F31/><W113/><G113/><T15/><D111/><U21/><E99/><V89/><F89/><W68/><G68/><T134/><D134/><U119/><E37/><V103/><F103/><W76/><G132/><T5/><D123/><U107/><E107/><V71/><F71/><W30/><G135/><T45/><D45/><U128/><E119/><V109/><F109/><W75/><G75/><T40/><D40/><U7/><E47/><V13/><F66/><W1/><G76/><T2/><AGARI ba="4,1" hai="2,5,8,14,15,18,23,27" m="45673,14671" machi="2" ten="30,3000,0" yaku="34,2" doraHai="125" who="0" fromWho="0" sc="191,52,141,-14,210,-14,448,-14" />
</Scene>
<Scene>
<INIT seed="4,5,0,1,5,108" ten="243,127,196,434" oya="0" hai0="121,135,61,62,72,131,64,101,117,133,134,88,107" hai1="27,39,90,46,6,120,40,45,33,58,4,10,36" hai2="79,74,38,60,89,125,28,122,130,97,0,99,42" hai3="59,70,21,67,25,91,68,13,24,85,49,43,77"/><T65/><D121/><U123/><E58/><V18/><F122/><W57/><G70/><T35/><D35/><U92/><E33/><V5/><F28/><W34/><G68/><T83/><D117/><U96/><E27/><V14/><F130/><W32/><G32/><T29/><D29/><U1/><REACH who="1" step="1"/><E6/><REACH who="1" ten="243,117,196,434" step="2"/><V31/><F5/><W106/><G24/><T119/><D119/><U86/><E86/><V114/><F74/><W109/><G57/><T26/><D26/><U56/><E56/><V73/><F73/><W15/><G59/><T8/><D72/><U48/><E48/><V104/><F60/><W9/><G85/><T129/><D61/><U110/><E110/><V7/><F7/><W81/><G25/><T37/><D62/><U41/><AGARI ba="5,1" hai="1,4,10,36,39,40,41,45,46,90,92,96,120,123" machi="41" ten="30,4000,0" yaku="1,1,0,1,9,1,53,0" doraHai="108" doraHaiUra="115" who="1" fromWho="1" sc="243,-25,117,65,196,-15,434,-15" />
</Scene>
<Scene>
<INIT seed="5,0,0,5,1,47" ten="218,182,181,419" oya="1" hai0="118,42,113,121,103,96,19,81,132,1,23,43,110" hai1="106,65,53,32,15,46,86,73,35,63,50,36,101" hai2="78,72,127,95,114,21,123,20,99,57,109,134,33" hai3="8,7,129,25,12,108,6,38,11,71,87,102,131"/><U31/><E73/><V100/><F109/><W130/><G108/><T26/><D118/><U13/><E35/><V125/><F123/><W70/><G38/><T90/><D121/><U54/><E86/><V79/><F33/><W37/><G37/><T69/><D69/><N who="1" m="42175" /><E53/><V17/><F134/><W39/><G39/><T68/><D68/><U56/><E101/><V40/><F40/><W27/><G102/><T64/><D64/><U122/><E106/><V24/><F114/><W18/><G87/><T98/><D113/><U48/><E48/><V93/><F72/><W28/><G18/><T83/><D110/><U120/><E15/><V9/><F9/><W3/><G27/><T80/><D103/><U94/><E13/><V44/><F44/><W2/><G12/><T16/><D1/><U117/><E94/><V59/><F100/><W4/><G4/><T10/><D132/><U22/><E32/><AGARI ba="0,0" hai="2,3,6,7,8,11,25,28,32,70,71,129,130,131" machi="32" ten="40,8000,1" yaku="9,1,19,1,23,2" doraHai="47" who="3" fromWho="1" sc="218,0,182,-80,181,0,419,80" />
</Scene>
<Scene>
<INIT seed="6,0,0,0,2,88" ten="218,102,181,499" oya="2" hai0="6,127,83,132,24,39,103,95,84,15,86,28,106" hai1="14,51,50,7,118,31,113,3,82,33,55,98,107" hai2="64,4,8,97,91,21,129,0,2,68,117,11,112" hai3="128,85,54,75,134,48,32,87,18,123,27,99,131"/><V92/><F117/><W74/><G123/><T109/><D39/><U22/><E118/><V38/><F112/><W56/><G134/><T93/><D109/><U1/><E113/><V17/><F38/><W5/><G5/><T70/><D70/><U65/><E65/><V110/><F129/><N who="3" m="49739" /><G99/><T101/><D106/><U25/><E82/><V81/><F110/><W78/><G78/><T77/><D127/><U44/><E51/><V72/><F11/><W121/><G121/><T71/><D71/><U13/><E13/><V135/><F0/><W34/><G18/><T60/><D60/><U9/><E3/><V57/><F68/><W61/><G61/><T108/><D108/><U124/><E124/><V120/><F135/><W35/><G27/><T100/><D84/><AGARI ba="0,0" hai="32,34,35,48,54,56,74,75,84,85,87" m="49739" machi="84" ten="40,1300,0" yaku="19,1" doraHai="88" who="3" fromWho="0" sc="218,-13,102,0,181,0,499,13" />
</Scene>
<Scene>
<INIT seed="7,0,0,2,4,107" ten="205,102,181,512" oya="3" hai0="119,74,0,87,20,9,85,62,47,91,23,122,19" hai1="79,108,21,39,44,66,80,37,106,124,42,58,84" hai2="121,90,102,114,75,46,73,22,57,117,43,10,77" hai3="130,27,52,115,30,51,61,95,60,67,24,36,59"/><W70/><G115/><T68/><D74/><U2/><E106/><V112/><F117/><W78/><G130/><T93/><D122/><U45/><E108/><V109/><F121/><W110/><G110/><T131/><D47/><U96/><E124/><V134/><F102/><W14/><G36/><T3/><D23/><U1/><E96/><V99/><F77/><W98/><G78/><T15/><D131/><U82/><E21/><V126/><F109/><W105/><G105/><T38/><D38/><U17/><E17/><V94/><F134/><W55/><G14/><T12/><D119/><U25/><E25/><V63/><F10/><W50/><G55/><T6/><D68/><U26/><E26/><V100/><F22/><W48/><REACH who="3" step="1"/><G30/><REACH who="3" ten="205,102,181,502" step="2"/><T88/><D12/><U29/><E29/><V7/><F112/><W81/><G81/><T33/><D15/><U128/><E128/><V41/><F114/><W113/><G113/><T40/><D0/><U97/><E97/><V49/><F126/><W35/><G35/><T18/><D33/><U71/><E71/><V111/><F111/><W92/><G92/><T54/><D93/><U120/><E120/><V116/><F116/><W56/><G56/><T32/><D3/><U103/><E103/><AGARI ba="0,1" hai="24,27,48,50,51,52,59,60,61,67,70,95,98,103" machi="103" ten="40,3900,0" yaku="1,1,54,1,53,0" doraHai="107" doraHaiUra="86" who="3" fromWho="1" sc="205,0,102,-39,181,0,502,49" owari="205,1.0,63,-44.0,181,-22.0,551,65.0" />
</Scene>
</mjloggm>