<mjloggm ver="2.3"><GO type="169" lobby="0"/><UN n0="%E5%B8%B8%E5%A4%8F%E3%83%91%E3%82%A4%E5%8A%A9" n1="%E3%83%88%E3%82%B7%E3%83%95%E3%83%BC%E3%83%8B" n2="%E3%83%8F%E3%82%B4%E2%98%85%E6%B2%B3%E7%AB%A5" n3="%E5%A4%AA%E3%81%8F%E3%81%AA%E3%81%84%E3%81%8A" dan="16,16,16,18" rate="2111.37,2117.77,2100.79,2189.85" sx="F,M,M,M"/><TAIKYOKU oya="0"/>

<Scene>
<INIT seed="0,0,0,0,0,65" ten="250,250,250,250" oya="0" hai0="37,116,113,15,86,122,123,133,23,101,20,51,55" hai1="33,38,83,3,48,103,121,115,7,73,50,0,22" hai2="66,32,43,131,71,42,117,112,87,96,135,118,4" hai3="44,124,63,6,31,60,107,89,94,29,102,78,85"/><T14/><D37/><U21/><E33/><V80/><F112/><W41/><G124/><T76/><D113/><U114/><E38/><V95/><F32/><W129/><G129/><T11/><D116/><N who="2" m="44650" /><F4/><W97/><G6/><T130/><D130/><U93/><E121/><V125/><F131/><W134/><G134/><T98/><D133/><U70/><E7/><V10/><F10/><W62/><REACH who="3" step="1"/><G78/><REACH who="3" ten="250,250,250,240" step="2"/><T30/><D122/><U100/><E115/><V34/><F125/><W61/><N who="3" m="15360" /><DORA hai="69" /><W45/><G45/><T128/><D123/><U84/><E114/><V75/><F135/><W92/><G92/><T72/><D128/><U16/><E93/><V104/><F95/><W77/><G77/><T46/><D76/><U59/><E3/><V18/><F66/><W1/><G1/><T35/><D46/><U91/><E0/><V111/><F71/><W90/><G90/><T81/><D81/><U28/><E70/><V17/><F80/><W12/><G12/><T79/><D15/><U127/><E83/><V40/><F104/><W108/><G108/><T82/><D14/><U53/><E127/><V126/><F126/><W5/><G5/><T24/><D82/><U39/><E91/><V68/><F111/><W26/><G26/><T88/><D79/><U58/><E100/><V27/><F68/><W13/><G13/><T9/><D101/><U56/><E103/><V64/><F64/><W132/><G132/><T110/><D110/><U105/><E105/><V74/><F27/><W54/><G54/><T119/><D24/><U99/><E53/><V52/><F52/><RYUUKYOKU ba="0,1" sc="250,-10,250,-10,250,-10,240,30" hai3="29,31,41,44,85,89,94,97,102,107" />
</Scene>
<Scene>
<INIT seed="1,1,1,3,3,106" ten="240,240,240,270" oya="1" hai0="74,51,25,75,5,85,90,16,20,134,59,14,33" hai1="91,46,54,21,55,61,117,15,3,133,7,118,97" hai2="76,48,24,130,79,135,4,78,82,88,92,2,64" hai3="73,52,121,100,62,99,105,9,26,89,123,115,28"/><U122/><E122/><V112/><F112/><W37/><G115/><T77/><D77/><U101/><E133/><V81/><F130/><W98/><G37/><T119/><D119/><U86/><E3/><V19/><F135/><W70/><G73/><T22/><D33/><U67/><E118/><V30/><F64/><N who="3" m="41239" /><G9/><T58/><D134/><U45/><E117/><V95/><F2/><W65/><G65/><T31/><D5/><U32/><E32/><V17/><F4/><W6/><G6/><T53/><D59/><N who="1" m="37311" /><E97/><V47/><F30/><W41/><G41/><T71/><D71/><U93/><E101/><V104/><F104/><W111/><G111/><T128/><D128/><U127/><E127/><V109/><F109/><W39/><G39/><T116/><D116/><U23/><E7/><V34/><F34/><N who="3" m="20759" /><G52/><N who="1" m="20010" /><E21/><N who="2" m="13375" /><F17/><AGARI ba="1,1" hai="15,17,23,45,46,86,91,93" m="20010,37311" machi="17" ten="30,2900,0" yaku="8,1,54,1" doraHai="106" who="1" fromWho="2" sc="240,0,240,42,240,-32,270,0" />
</Scene>
<Scene>
<INIT seed="1,2,0,1,0,106" ten="240,282,208,270" oya="1" hai0="85,79,105,40,49,9,25,63,86,130,20,112,38" hai1="118,43,11,83,33,18,36,84,51,7,60,44,6" hai2="110,65,68,64,119,73,107,75,92,2,61,87,123" hai3="47,16,17,80,54,81,103,72,90,129,31,134,99"/><U88/><E33/><V53/><F107/><W95/><G134/><T24/><D112/><U42/><E118/><V127/><F119/><W21/><G129/><T89/><D130/><U104/><E104/><V135/><F123/><W56/><G47/><T109/><D109/><U76/><E42/><V97/><F2/><W12/><G31/><T101/><D38/><U46/><E46/><V131/><F131/><W37/><G37/><T8/><D25/><U71/><E36/><V102/><F110/><W116/><G116/><T52/><D79/><U29/><E29/><V4/><F4/><W55/><G72/><T125/><D125/><U62/><E71/><V30/><F127/><W69/><G69/><T28/><D86/><U93/><E18/><V1/><F1/><W100/><G54/><T108/><D108/><U96/><REACH who="1" step="1"/><E7/><REACH who="1" ten="240,272,208,270" step="2"/><V132/><F30/><W3/><G17/><T128/><D128/><U26/><E26/><V0/><F68/><W91/><G16/><T67/><D40/><U120/><E120/><V23/><F132/><W5/><G5/><T39/><D39/><U10/><E10/><V19/><F135/><W66/><G21/><T50/><D9/><U77/><E77/><V133/><F133/><W117/><G117/><T14/><D8/><U48/><E48/><V122/><F122/><W22/><G22/><T115/><D50/><U111/><E111/><V82/><F23/><W41/><G41/><T45/><D105/><U15/><AGARI ba="2,1" hai="6,11,15,43,44,51,60,62,76,83,84,88,93,96" machi="15" ten="20,18000,2" yaku="1,1,0,1,7,1,25,2,8,1,54,1,53,0" doraHai="106" doraHaiUra="32" who="1" fromWho="1" sc="240,-62,272,196,208,-62,270,-62" />
</Scene>
<Scene>
<INIT seed="1,3,0,3,3,91" ten="178,468,146,208" oya="1" hai0="60,92,106,51,72,110,12,119,7,126,102,107,87" hai1="33,70,64,31,19,8,9,105,1,116,89,38,27" hai2="99,117,54,2,56,78,42,74,15,41,84,109,26" hai3="129,97,4,112,130,103,30,58,95,108,88,94,6"/><U93/><E116/><V10/><F74/><W36/><G112/><T57/><D119/><U50/><E38/><V132/><F2/><W75/><G75/><T124/><D72/><U25/><E105/><V82/><F117/><W104/><G36/><T120/><D120/><U122/><E122/><V32/><F109/><W121/><G121/><T55/><D110/><U118/><E118/><V115/><F115/><W134/><G108/><T68/><D7/><U49/><E1/><V79/><F132/><W96/><G134/><T45/><D68/><U128/><E128/><N who="3" m="49258" /><G30/><T34/><D34/><U28/><E64/><V17/><F78/><W77/><G77/><T44/><D45/><U23/><E70/><V48/><F32/><W76/><G76/><T61/><D12/><U21/><E33/><V81/><F81/><W86/><G58/><T16/><D57/><U101/><E101/><AGARI ba="3,0" hai="4,6,86,88,94,95,96,97,101,103,104" m="49258" machi="101" ten="30,7700,0" yaku="19,1,52,2,54,1" doraHai="91" who="3" fromWho="1" sc="178,0,468,-86,146,0,208,86" />
</Scene>
<Scene>
<INIT seed="2,0,0,0,5,56" ten="178,382,146,294" oya="2" hai0="54,18,135,20,120,106,130,125,131,95,109,1,16" hai1="87,93,11,28,63,14,74,91,111,105,68,40,98" hai2="23,27,121,132,123,133,88,25,115,73,101,42,44" hai3="31,129,114,51,86,113,4,8,118,38,107,55,83"/><V97/><F73/><W126/><G118/><T60/><D120/><U39/><E111/><V75/><F75/><W13/><G38/><T59/><D106/><U57/><E68/><V71/><F71/><W10/><G107/><T94/><D109/><U104/><E74/><V19/><F115/><N who="3" m="44043" /><G129/><N who="0" m="49163" /><D135/><N who="2" m="51786" /><F27/><W72/><G126/><T99/><D125/><U76/><E28/><V26/><F26/><W36/><G36/><T110/><D110/><U21/><E21/><V108/><F108/><W67/><G72/><T58/><D1/><U102/><E76/><V17/><F17/><N who="0" m="6762" /><D20/><U122/><E122/><V128/><F128/><W30/><G67/><N who="0" m="39327" /><D99/><U6/><E105/><V80/><F97/><W45/><G8/><T37/><D37/><U24/><E24/><V92/><F121/><W84/><G84/><T96/><D96/><U100/><E39/><V48/><F123/><W70/><G70/><T116/><D116/><U61/><E104/><V22/><F22/><W41/><G41/><T0/><D0/><U29/><E40/><V89/><F80/><W53/><G83/><T112/><D112/><U12/><E98/><N who="2" m="59591" /><F42/><N who="3" m="25015" /><G86/><T119/><D119/><U66/><E87/><V82/><F82/><W65/><G10/><T46/><D46/><U124/><E11/><V7/><F7/><W35/><G4/><T103/><D103/><U3/><E6/><V43/><AGARI ba="0,0" hai="19,23,25,43,44,48,88,89" m="59591,51786" machi="43" ten="30,3000,0" yaku="20,1,54,1" doraHai="56" who="2" fromWho="2" sc="178,-10,382,-10,146,30,294,-10" />
</Scene>
<Scene>
<INIT seed="2,1,0,4,1,60" ten="168,372,176,284" oya="2" hai0="102,104,32,66,117,96,87,11,16,35,37,18,29" hai1="59,77,126,12,89,99,10,78,39,130,115,27,100" hai2="46,101,75,28,63,50,19,20,1,34,95,30,53" hai3="8,3,70,94,131,72,21,106,76,125,79,62,36"/><V67/><F1/><W15/><G106/><T25/><D117/><U103/><E39/><V114/><F114/><W107/><G107/><T57/><D35/><U23/><E115/><V91/><F75/><W55/><G36/><T24/><D37/><U86/><E59/><N who="2" m="37375" /><F101/><N who="1" m="38985" /><E99/><N who="2" m="57855" /><F34/><W68/><G3/><T42/><D32/><U121/><E121/><V22/><F22/><W129/><G21/><T38/><D38/><U51/><E130/><V119/><F119/><W9/><G72/><T122/><D102/><U108/><E108/><V132/><F132/><W111/><G111/><T128/><D128/><U58/><E126/><V73/><F73/><W17/><G125/><T5/><D122/><U105/><E105/><V120/><F120/><W133/><G133/><T85/><D104/><U56/><E23/><V64/><F64/><W135/><G135/><T6/><D66/><U14/><E27/><AGARI ba="1,0" hai="19,20,27,28,30,46,50,53" m="57855,37375" machi="27" ten="30,2900,0" yaku="8,1,52,1" doraHai="60" who="2" fromWho="1" sc="168,0,372,-32,176,32,284,0" />
</Scene>
<Scene>
<INIT seed="2,2,0,0,4,87" ten="168,340,208,284" oya="2" hai0="23,57,40,49,8,112,77,14,44,51,85,62,18" hai1="50,94,53,73,107,43,74,105,83,54,125,69,124" hai2="111,56,109,79,3,78,48,129,118,116,55,61,11" hai3="33,4,28,120,128,34,114,131,81,108,0,135,86"/><V113/><F113/><W42/><G120/><T88/><D112/><U35/><E35/><V75/><F129/><N who="3" m="49739" /><G114/><T17/><D77/><N who="2" m="29194" /><F75/><N who="1" m="28681" /><E83/><V99/><F99/><W10/><G108/><N who="2" m="41545" /><F3/><W20/><G42/><T29/><D29/><U38/><E69/><V133/><F133/><W6/><G6/><T76/><D76/><U68/><E68/><V104/><F104/><W115/><G135/><T110/><D110/><U71/><E71/><V41/><F11/><W123/><G123/><T30/><D30/><U21/><E107/><V31/><F31/><W100/><G100/><T27/><D51/><U117/><E105/><V97/><F97/><W72/><G72/><T52/><D85/><U7/><E117/><N who="2" m="45163" /><F41/><W5/><G115/><T98/><D98/><U84/><E43/><V119/><N who="2" m="45171" /><V132/><DORA hai="64" /><F132/><W32/><G10/><T122/><D122/><U2/><E2/><V127/><F127/><W25/><G0/><T67/><D40/><U92/><E125/><V91/><F91/><AGARI ba="2,0" hai="4,5,20,25,28,32,33,34,81,86,91" m="49739" machi="91" ten="40,2600,0" yaku="19,1,52,1" doraHai="87,64" who="3" fromWho="2" sc="168,0,340,0,208,-32,284,32" /><AGARI ba="2,0" hai="8,14,17,18,23,27,44,49,52,57,62,67,88,91" machi="91" ten="40,8000,1" yaku="8,1,52,2,54,2" doraHai="87,64" who="0" fromWho="2" sc="168,80,340,0,176,-80,316,0" />
</Scene>
<Scene>
<INIT seed="3,0,0,3,3,69" ten="248,340,96,316" oya="3" hai0="42,56,89,5,60,126,3,40,125,130,110,93,26" hai1="38,28,80,82,72,43,134,39,85,23,20,31,30" hai2="112,36,49,98,97,120,12,50,133,44,22,106,92" hai3="24,58,86,114,45,116,66,11,123,51,32,100,131"/><W59/><G114/><T25/><D110/><U53/><E43/><N who="0" m="16425" /><D5/><U63/><E72/><V27/><F112/><W19/><G116/><T77/><D77/><U15/><E134/><V81/><F133/><W10/><G123/><T18/><D3/><U87/><E63/><V1/><F1/><W16/><G131/><T71/><D71/><U121/><E53/><V48/><F120/><W127/><G127/><N who="0" m="48651" /><D18/><N who="3" m="6697" /><G32/><T108/><D108/><U79/><E121/><V113/><F113/><W109/><G109/><T0/><D0/><U70/><E70/><V83/><F106/><W52/><G24/><T46/><D46/><U101/><E101/><V102/><F12/><W14/><G100/><T13/><D13/><U65/><E65/><V34/><F34/><W105/><G105/><T107/><D107/><U124/><E124/><V37/><F44/><W129/><G129/><T21/><D21/><U33/><E33/><V62/><F22/><N who="1" m="8233" /><E15/><V47/><F27/><W111/><G111/><T135/><D135/><U9/><E9/><N who="3" m="3082" /><G14/><T90/><D130/><U8/><E8/><V54/><F47/><W68/><G68/><T67/><D26/><U119/><E119/><V61/><F102/><W76/><G66/><T115/><D115/><U117/><E117/><V91/><F54/><W95/><G76/><T99/><D25/><U57/><E57/><V103/><F103/><AGARI ba="0,0" hai="56,60,67,89,90,93,99,103" m="48651,16425" machi="103" ten="30,1000,0" yaku="18,1" doraHai="69" who="0" fromWho="2" sc="248,10,340,0,96,-10,316,0" />
</Scene>
<Scene>
<INIT seed="4,0,0,4,3,100" ten="258,340,86,316" oya="0" hai0="35,48,83,38,13,88,82,126,44,103,17,23,42" hai1="122,61,0,125,9,135,129,69,90,115,85,67,75" hai2="43,33,121,79,10,66,81,95,14,11,22,124,57" hai3="37,55,107,46,21,15,84,78,20,70,123,50,19"/><T93/><D126/><U2/><E122/><V120/><F33/><W27/><G70/><T45/><D35/><U29/><E125/><V36/><F124/><W24/><G123/><T98/><REACH who="0" step="1"/><D103/><REACH who="0" ten="248,340,86,316" step="2"/><U105/><E135/><V63/><F121/><W111/><G111/><T118/><D118/><U91/><E129/><V131/><F120/><W64/><G107/><T89/><D89/><U40/><E91/><V51/><F131/><W39/><G64/><T5/><D5/><U7/><E90/><V65/><F65/><W114/><G114/><T73/><D73/><U119/><E75/><V30/><F66/><W87/><G78/><T74/><D74/><U72/><E72/><V109/><F79/><W108/><G108/><T58/><D58/><U134/><E67/><V96/><F57/><W132/><G132/><T68/><D68/><U86/><E69/><V94/><F109/><W104/><G104/><T16/><D16/><U80/><E105/><V54/><F30/><W34/><G34/><T25/><D25/><U28/><E134/><V62/><F95/><W56/><G27/><T102/><D102/><U49/><E119/><V47/><F94/><W110/><G110/><T53/><AGARI ba="0,1" hai="13,17,23,38,42,44,45,48,53,82,83,88,93,98" machi="53" ten="20,7800,0" yaku="1,1,0,1,7,1,54,1,53,0" doraHai="100" doraHaiUra="127" who="0" fromWho="0" sc="248,88,340,-26,86,-26,316,-26" />
</Scene>
<Scene>
<INIT seed="4,1,0,0,2,17" ten="336,314,60,290" oya="0" hai0="58,114,55,80,128,34,107,99,112,62,88,15,135" hai1="116,41,18,101,32,39,118,91,93,117,69,63,3" hai2="110,31,103,19,131,95,5,109,97,33,45,12,54" hai3="27,56,74,50,35,113,38,83,46,129,84,52,1"/><T98/><D135/><U89/><E32/><V132/><F5/><W121/><G1/><T20/><D34/><U22/><E3/><V60/><F132/><W64/><G113/><N who="0" m="43627" /><D128/><U104/><E104/><V70/><F131/><W61/><G129/><T14/><D107/><U59/><E69/><V4/><F4/><W48/><G121/><T122/><D122/><U29/><E29/><V28/><F70/><W77/><G38/><T127/><D127/><U108/><E108/><V43/><F33/><W36/><G36/><T134/><D134/><U72/><E72/><V65/><F109/><W51/><REACH who="3" step="1"/><G74/><REACH who="3" ten="336,314,60,280" step="2"/><T23/><D15/><N who="1" m="9567" /><E39/><V85/><F110/><W13/><G13/><T68/><D14/><U16/><E118/><V126/><F126/><W86/><G86/><N who="0" m="50247" /><D68/><U82/><E117/><V94/><F12/><W102/><G102/><T66/><D66/><U78/><E101/><V57/><F65/><W37/><G37/><T100/><D100/><U81/><E116/><V87/><F103/><W75/><G75/><T124/><D124/><U0/><E0/><V133/><F133/><W111/><G111/><T25/><D25/><U96/><E78/><V42/><F87/><W92/><G92/><T90/><D99/><U30/><E96/><V26/><F85/><W106/><G106/><T10/><D10/><U119/><E93/><AGARI ba="1,1" hai="20,23,55,58,62,90,93,98" m="50247,43627" machi="93" ten="30,11600,0" yaku="15,1,52,2,54,1" doraHai="17" who="0" fromWho="1" sc="336,129,314,-119,60,0,280,0" />
</Scene>
<Scene>
<INIT seed="4,2,0,0,2,100" ten="465,195,60,280" oya="0" hai0="2,31,38,115,83,133,107,74,86,34,120,58,72" hai1="70,63,32,124,135,97,69,95,42,3,116,21,50" hai2="41,71,16,90,18,64,101,59,25,48,68,121,87" hai3="12,51,15,54,103,77,93,105,127,23,126,4,55"/><T78/><D120/><U112/><E32/><V110/><F121/><W128/><G128/><T37/><D133/><U39/><E116/><V57/><F110/><W94/><G77/><T19/><D115/><U99/><E112/><V45/><F101/><W118/><G118/><T125/><D125/><N who="3" m="47625" /><G4/><T6/><D19/><U61/><E124/><V129/><F129/><W80/><G80/><T102/><D58/><U17/><E3/><V46/><F46/><N who="3" m="28023" /><G55/><T60/><D60/><U122/><E63/><V106/><F57/><W119/><G119/><T123/><D123/><U43/><E61/><V30/><F59/><W132/><G132/><T130/><D130/><U111/><E122/><V66/><F68/><W62/><G62/><T52/><D52/><U40/><E135/><V24/><F71/><W10/><G23/><T67/><D67/><U44/><E70/><V108/><F66/><W96/><G15/><T92/><D6/><U9/><E69/><V88/><F64/><W85/><G85/><T73/><D86/><U29/><E111/><V5/><F5/><W82/><G82/><T36/><D83/><U131/><E131/><V53/><F108/><W49/><G49/><T7/><D78/><U134/><E134/><V113/><F113/><W56/><G56/><T76/><D76/><U65/><E50/><V114/><F114/><W91/><G91/><N who="2" m="34857" /><F87/><W14/><G103/><T75/><D75/><U11/><E65/><V117/><F117/><W27/><G94/><T84/><D74/><U89/><E95/><V104/><F53/><W26/><G93/><T0/><D92/><RYUUKYOKU ba="2,0" sc="465,0,195,0,60,0,280,0" />
</Scene>
<Scene>
<INIT seed="5,3,0,5,1,58" ten="465,195,60,280" oya="1" hai0="85,88,64,36,49,113,69,81,13,9,130,95,14" hai1="12,46,20,50,18,8,127,43,74,76,25,56,108" hai2="65,106,6,91,34,68,3,1,23,39,71,35,59" hai3="133,83,66,119,22,55,97,51,0,86,121,26,105"/><U98/><E127/><V75/><F59/><W84/><G121/><T79/><D113/><U42/><E108/><V15/><F65/><W135/><G0/><N who="2" m="73" /><F91/><W134/><G119/><T37/><D130/><U92/><E74/><V17/><F75/><W33/><G33/><N who="2" m="12297" /><F39/><W132/><G66/><T27/><D27/><U111/><E111/><V2/><F106/><W110/><G110/><T41/><D14/><U101/><E76/><V102/><F102/><N who="3" m="62671" /><G83/><T44/><D64/><U109/><E109/><V38/><F38/><W47/><N who="3" m="33792" /><DORA hai="29" /><W73/><G73/><T54/><D54/><N who="1" m="30039" /><E56/><V99/><F99/><W115/><G115/><T72/><D69/><U116/><E116/><V114/><F71/><W4/><G4/><AGARI ba="3,0" hai="4,9,13,36,37,41,44,49,72,79,81,85,88,95" machi="4" ten="30,2000,0" yaku="7,1,54,1" doraHai="58,29" who="0" fromWho="3" sc="465,29,195,0,60,0,280,-29" /><AGARI ba="3,0" hai="4,8,12,18,20,25,42,43,92,98,101" m="30039" machi="4" ten="30,1500,0" yaku="8,1" doraHai="58,29" who="1" fromWho="3" sc="494,0,195,15,60,0,251,-15" />
</Scene>
<Scene>
<INIT seed="5,4,0,3,4,135" ten="494,210,60,236" oya="1" hai0="122,66,88,52,65,74,11,62,82,12,69,51,109" hai1="58,85,81,34,84,63,48,50,120,54,117,118,123" hai2="45,129,5,26,97,104,86,76,22,49,127,98,43" hai3="95,41,55,8,33,121,23,119,73,68,46,77,106"/><U72/><E34/><V83/><F129/><W114/><G23/><T70/><D109/><U99/><E72/><V75/><F75/><W13/><G95/><T61/><D122/><U79/><E123/><V18/><F104/><W126/><G55/><T27/><D27/><U59/><E120/><V133/><F133/><W38/><G13/><T47/><D74/><U21/><E84/><V2/><F2/><W32/><G121/><T14/><D11/><U128/><E128/><V125/><REACH who="2" step="1"/><F5/><REACH who="2" ten="494,210,50,236" step="2"/><W4/><G106/><T112/><D112/><U3/><E3/><V102/><F102/><W89/><G4/><T60/><D70/><U67/><E118/><V108/><F108/><W40/><G119/><T56/><D69/><U78/><E117/><V113/><F113/><W130/><G114/><T44/><D66/><U10/><E67/><V105/><F105/><W1/><G130/><T15/><D65/><U71/><E71/><V9/><F9/><W6/><G68/><T37/><D15/><U131/><E10/><V92/><F92/><W29/><G1/><T87/><D14/><U80/><E131/><V94/><F94/><W101/><G6/><T96/><D12/><U103/><E103/><V28/><F28/><W17/><G8/><T132/><D132/><U111/><E111/><V53/><F53/><W35/><G73/><T0/><D0/><U116/><E54/><V36/><F36/><W30/><G38/><T31/><D37/><U110/><E116/><V42/><F42/><W25/><G40/><T115/><D115/><U24/><E110/><V16/><F16/><RYUUKYOKU ba="4,1" sc="494,-10,210,-10,50,30,236,-10" hai2="18,22,26,43,45,49,76,83,86,97,98,125,127" />
</Scene>
<Scene>
<INIT seed="6,5,1,5,4,121" ten="484,200,80,226" oya="2" hai0="120,94,62,107,90,35,42,27,133,50,10,28,117" hai1="15,11,31,37,125,113,98,34,75,128,13,19,59" hai2="9,127,40,33,55,43,49,76,67,38,41,21,48" hai3="134,24,7,80,18,57,102,103,99,101,6,97,96"/><V77/><F33/><W86/><G134/><T79/><D120/><U91/><E37/><V30/><F38/><W123/><G123/><T132/><D107/><U126/><E75/><V73/><F127/><N who="1" m="48649" /><E128/><V116/><F116/><W52/><G18/><T3/><D117/><U84/><E113/><V131/><F131/><W109/><G24/><T100/><D100/><U110/><E110/><V66/><F73/><W22/><G22/><T65/><D79/><N who="2" m="30282" /><F9/><W1/><G109/><T71/><D42/><N who="2" m="10754" /><V111/><DORA hai="87" /><F111/><W53/><G1/><T105/><D3/><U4/><E34/><V61/><F61/><N who="3" m="36007" /><G53/><T36/><D10/><N who="1" m="6583" /><E31/><V85/><F85/><W23/><G23/><T26/><D28/><U70/><E70/><V108/><F108/><W64/><G64/><N who="2" m="24617" /><F55/><W112/><G112/><T44/><D35/><U12/><E11/><V135/><F135/><W45/><G45/><T82/><D44/><U74/><E74/><V106/><F106/><W93/><G6/><T56/><D105/><U68/><E4/><V58/><F58/><W95/><G7/><T60/><D133/><U32/><E59/><V114/><F114/><W47/><G47/><T130/><D56/><U72/><E72/><V122/><F122/><W5/><G5/><T88/><D130/><U39/><E39/><V14/><F30/><W104/><G104/><T25/><D132/><U29/><E29/><V92/><F92/><W81/><G95/><T20/><D94/><N who="1" m="56671" /><E32/><V46/><F46/><W89/><AGARI ba="5,1" hai="80,81,86,89,93,96,97,99,101,102,103" m="36007" machi="89" ten="40,5200,0" yaku="8,1,52,1,54,1" doraHai="121,87" who="3" fromWho="3" sc="484,-18,200,-18,80,-31,226,77" />
</Scene>
<Scene>
<INIT seed="7,0,0,3,3,114" ten="466,182,49,303" oya="3" hai0="33,27,90,57,30,130,109,106,56,47,134,62,41" hai1="68,73,65,66,124,53,46,23,16,40,117,8,42" hai2="98,107,12,25,31,113,92,34,69,9,18,15,119" hai3="4,115,123,2,77,131,3,64,121,97,0,1,63"/><W44/><G115/><T96/><D109/><U118/><E73/><V133/><F113/><W110/><G110/><T83/><D134/><U101/><E101/><V39/><F39/><W112/><G112/><T48/><D130/><U103/><E103/><V81/><F133/><W21/><G131/><T72/><D106/><U38/><E40/><V87/><F107/><W84/><G97/><T7/><D7/><U54/><E8/><V52/><F69/><W35/><G35/><T17/><D17/><U20/><E20/><V132/><F132/><W26/><G44/><T32/><D32/><U105/><E105/><V45/><F15/><W82/><N who="3" m="0" /><DORA hai="88" /><W125/><G4/><T43/><D43/><U14/><E124/><V120/><F120/><W122/><G125/><T74/><D57/><U86/><E86/><V85/><F119/><N who="1" m="45577" /><E68/><V111/><F111/><W51/><G51/><T11/><D11/><U13/><E13/><V104/><F104/><W36/><G36/><T75/><D96/><U91/><E91/><V94/><F98/><W50/><G50/><T28/><D28/><U49/><E53/><V135/><F135/><W55/><G55/><T108/><D108/><U58/><AGARI ba="0,0" hai="14,16,23,38,42,46,49,54,58,65,66" m="45577" machi="58" ten="30,8000,1" yaku="12,1,52,3,54,1" doraHai="114,88" who="1" fromWho="1" sc="466,-20,182,80,49,-20,303,-40" owari="446,55.0,262,-14.0,29,-47.0,263,6.0" />
</Scene>
</mjloggm>