<mjloggm ver="2.3"><GO type="169" lobby="0"/><UN n0="%E5%A4%AA%E3%81%8F%E3%81%AA%E3%81%84%E3%81%8A" n1="%E3%81%AD%E3%81%BF%E3%81%9E%E3%81%86" n2="%4E%61%6E%6F%4E%61%6E%6F" n3="%58%E7%8C%AB" dan="17,16,16,17" rate="2189.45,2077.35,2063.27,2160.80" sx="F,M,M,M"/><TAIKYOKU oya="0"/>

<Scene>
<INIT seed="0,0,0,1,1,46" ten="250,250,250,250" oya="0" hai0="103,8,120,124,88,104,1,35,23,84,38,90,24" hai1="54,32,61,73,91,93,57,101,70,76,83,42,15" hai2="131,30,44,48,94,113,69,82,126,22,45,65,47" hai3="25,17,122,68,29,97,7,50,28,112,71,80,74"/><T59/><D120/><U72/><E32/><V105/><F113/><W77/><G112/><T115/><D115/><U51/><E101/><V10/><F105/><W87/><G17/><T55/><D38/><U58/><E70/><V12/><F126/><W96/><G7/><T114/><D35/><U92/><E73/><V67/><F131/><W127/><G29/><T11/><D114/><U111/><E111/><V102/><F82/><W34/><G97/><T49/><D124/><U107/><E107/><V33/><F33/><W53/><G127/><T36/><D36/><U135/><E135/><V16/><F69/><W2/><G2/><T14/><D1/><U106/><E106/><V118/><F118/><W52/><G96/><T19/><D104/><U79/><E79/><V85/><F48/><W0/><G0/><T66/><D103/><U81/><E42/><V18/><F30/><W3/><G3/><T129/><D129/><U128/><E128/><V110/><F110/><W5/><G5/><T21/><D66/><U31/><E31/><V41/><F41/><W109/><G109/><T64/><D64/><U37/><E37/><V100/><F102/><W20/><G34/><T108/><D108/><U123/><E123/><V130/><F130/><W9/><G9/><N who="0" m="3659" /><D84/><U26/><E26/><N who="2" m="14663" /><F100/><W133/><G133/><T75/><D75/><U117/><E15/><V13/><F12/><W116/><G116/><T119/><D119/><U60/><E117/><V43/><F43/><W86/><G122/><T6/><D6/><U98/><E72/><V63/><F63/><W27/><G74/><RYUUKYOKU ba="0,0" sc="250,15,250,-15,250,15,250,-15" hai0="14,19,21,23,24,49,55,59,88,90" hai2="10,13,18,44,45,47,65,67,85,94" />
</Scene>
<Scene>
<INIT seed="0,1,0,3,3,48" ten="265,235,265,235" oya="0" hai0="61,6,17,3,69,18,80,90,73,110,60,11,50" hai1="101,56,122,79,68,77,115,14,43,12,114,63,81" hai2="132,41,121,96,15,5,104,13,109,26,2,22,30" hai3="67,123,74,130,75,64,87,126,98,32,82,95,45"/><T55/><D110/><U133/><E68/><V127/><F41/><W116/><G32/><T0/><D0/><U53/><E122/><V131/><F96/><W76/><G116/><T83/><D83/><U42/><E79/><V106/><F104/><W28/><G28/><T103/><D103/><U71/><E71/><V47/><F47/><W66/><G130/><T102/><D102/><U58/><E133/><V19/><F106/><W85/><G126/><T40/><D40/><U124/><E124/><V9/><F127/><W25/><G25/><T125/><D125/><U59/><E101/><V24/><F121/><W37/><G87/><T135/><D135/><U105/><E105/><V118/><F132/><W134/><G134/><T99/><D99/><U92/><E92/><V78/><F78/><W33/><G33/><T112/><D112/><U107/><E107/><V52/><F131/><W62/><G62/><T97/><D97/><U35/><E35/><V65/><F65/><W46/><G37/><T57/><D61/><U21/><E43/><V38/><F38/><W91/><G123/><T10/><D10/><U51/><E42/><V86/><F86/><W89/><G75/><T120/><D120/><U49/><E63/><V27/><F109/><W31/><G31/><T72/><D72/><U54/><E59/><V117/><F52/><W16/><G74/><T1/><D1/><U29/><E77/><V70/><F70/><W108/><G76/><N who="0" m="44047" /><D90/><U36/><E36/><V128/><F128/><W44/><G108/><T34/><D34/><U129/><E129/><V20/><F2/><RYUUKYOKU ba="1,0" sc="265,10,235,-30,265,10,235,10" hai0="3,6,11,17,18,50,55,57,60,69" hai2="5,9,13,15,19,20,22,24,26,27,30,117,118" hai3="16,44,45,46,64,66,67,82,85,89,91,95,98" />
</Scene>
<Scene>
<INIT seed="0,2,0,0,1,116" ten="275,205,275,245" oya="0" hai0="39,44,66,9,69,24,125,22,74,71,103,47,33" hai1="55,130,93,46,91,83,85,6,64,112,101,12,87" hai2="4,18,120,59,14,84,98,3,58,20,134,100,106" hai3="41,76,82,114,135,49,124,108,31,104,78,111,45"/><T72/><D125/><U92/><E112/><V48/><F120/><W95/><G114/><T15/><D33/><U79/><E64/><V90/><F134/><W96/><G104/><T128/><D103/><U89/><E101/><V121/><F121/><W80/><G31/><T129/><D39/><U32/><E32/><V51/><F51/><W10/><G10/><T13/><D66/><U26/><E26/><V54/><F59/><W105/><G105/><T117/><D117/><U81/><E130/><N who="0" m="50281" /><D47/><U23/><E79/><N who="3" m="30250" /><G135/><T133/><D44/><U5/><E46/><V99/><F99/><W65/><G65/><T37/><D37/><U25/><E55/><V126/><F126/><W0/><G0/><T123/><D15/><U38/><E38/><V119/><F119/><W8/><G8/><T27/><D27/><U21/><E25/><V16/><F3/><W52/><G41/><T2/><D2/><U109/><E109/><N who="3" m="42058" /><G124/><T94/><D133/><U50/><E12/><V30/><F106/><W17/><G17/><N who="0" m="8367" /><D123/><U107/><E107/><V67/><F67/><W131/><G131/><T75/><D94/><U42/><REACH who="1" step="1"/><E50/><REACH who="1" ten="275,195,275,245" step="2"/><V57/><F48/><W29/><G29/><AGARI ba="2,1" hai="22,24,29,69,71,72,74,75" m="8367,50281" machi="29" ten="40,2000,0" yaku="19,1" doraHai="116" who="0" fromWho="3" sc="275,36,195,0,275,0,245,-26" />
</Scene>
<Scene>
<INIT seed="0,3,0,4,3,125" ten="311,195,275,219" oya="0" hai0="46,72,105,1,82,29,77,8,91,96,114,17,120" hai1="92,97,50,110,51,15,132,52,42,16,67,68,22" hai2="44,135,108,54,58,98,7,85,26,133,129,53,31" hai3="122,74,5,117,86,69,89,94,124,24,101,65,107"/><T27/><D114/><U127/><E127/><V116/><F108/><W25/><G117/><T33/><D120/><U9/><E110/><V80/><F116/><W48/><G5/><T6/><D91/><U12/><E68/><V30/><F129/><W28/><G48/><T95/><D95/><U18/><E67/><V81/><F7/><W123/><G124/><T131/><D17/><U83/><E132/><N who="2" m="50763" /><F98/><N who="3" m="61879" /><G74/><T43/><D96/><U104/><E104/><V130/><F130/><W119/><G119/><T90/><D90/><U118/><E118/><V21/><F44/><W34/><G25/><T45/><D105/><U109/><E109/><V106/><F106/><W4/><G4/><T99/><D99/><U100/><E42/><V76/><F80/><W63/><AGARI ba="3,0" hai="24,28,34,63,65,69,86,89,94,122,123" m="61879" machi="63" ten="30,1100,0" yaku="25,1" doraHai="125" who="3" fromWho="3" sc="311,-8,195,-6,275,-6,219,20" />
</Scene>
<Scene>
<INIT seed="1,0,0,1,0,13" ten="303,189,269,239" oya="1" hai0="81,124,90,46,50,123,2,108,98,29,95,72,25" hai1="102,58,63,106,33,4,49,133,5,73,62,42,79" hai2="96,38,17,40,64,126,109,7,57,37,119,21,32" hai3="45,93,74,26,0,12,9,22,3,6,128,113,8"/><U85/><E73/><V117/><F119/><W130/><G74/><T35/><D2/><U116/><E33/><V101/><F117/><W94/><G45/><T44/><D108/><U71/><E116/><V75/><F32/><W78/><G78/><T82/><D124/><U111/><E133/><V30/><F75/><W77/><G77/><T103/><D123/><U41/><E71/><V39/><F109/><W52/><G113/><T84/><D72/><U59/><E106/><V107/><F126/><W53/><G93/><T23/><D35/><U129/><E102/><V122/><F122/><W125/><G94/><N who="0" m="58839" /><D46/><U14/><E111/><V60/><F7/><N who="3" m="1127" /><G125/><T135/><D135/><U83/><E129/><N who="3" m="49770" /><G3/><T69/><D69/><U127/><E127/><V110/><F110/><W134/><G134/><T120/><D120/><U105/><E105/><V121/><F121/><W31/><AGARI ba="0,0" hai="6,9,12,22,26,31,52,53" m="49770,1127" machi="31" ten="30,2000,0" yaku="19,1,54,1" doraHai="13" who="3" fromWho="3" sc="303,-5,189,-10,269,-5,239,20" />
</Scene>
<Scene>
<INIT seed="2,0,0,4,3,95" ten="298,179,264,259" oya="2" hai0="101,16,78,77,29,116,93,58,75,82,38,43,113" hai1="133,117,111,134,92,100,114,63,107,102,61,40,39" hai2="14,45,65,127,83,123,81,130,115,5,69,49,46" hai3="19,71,74,105,12,91,104,62,88,54,27,57,86"/><V132/><F115/><W87/><G74/><T15/><D113/><U11/><E114/><V119/><F119/><W70/><G27/><T7/><D116/><U0/><E117/><V18/><F123/><W8/><G71/><T109/><D109/><U53/><E111/><V98/><F127/><W55/><G70/><T128/><D128/><U10/><E40/><V4/><F132/><W124/><G124/><T67/><D7/><N who="2" m="2634" /><F69/><W59/><G87/><T79/><D29/><U41/><E41/><N who="2" m="24751" /><F65/><W68/><G91/><T110/><D110/><U25/><E39/><V52/><F98/><W17/><G68/><T44/><D67/><U66/><E66/><V51/><F130/><W84/><G84/><T21/><REACH who="0" step="1"/><D58/><REACH who="0" ten="288,179,264,259" step="2"/><U47/><E133/><V31/><F31/><W121/><G121/><T73/><D73/><U122/><E134/><V108/><F108/><W3/><G3/><T13/><D13/><U120/><E0/><V42/><F42/><W125/><G125/><T126/><D126/><U64/><E64/><V37/><F37/><W23/><G19/><T103/><D103/><U90/><E122/><V85/><F14/><W30/><G30/><T9/><D9/><U135/><E135/><V32/><F18/><W48/><REACH who="3" step="1"/><G8/><REACH who="3" ten="288,179,264,249" step="2"/><T72/><D72/><U6/><E120/><V97/><F32/><W60/><G60/><T129/><D129/><U22/><E11/><V99/><F83/><AGARI ba="0,2" hai="12,17,23,48,54,55,57,59,62,83,86,88,104,105" machi="83" ten="30,3900,0" yaku="1,1,7,1,54,1,53,0" doraHai="95" doraHaiUra="24" who="3" fromWho="2" sc="288,0,179,0,264,-39,249,59" />
</Scene>
<Scene>
<INIT seed="3,0,0,4,0,28" ten="288,179,225,308" oya="3" hai0="59,52,105,83,69,58,134,133,84,123,81,97,13" hai1="53,61,110,62,79,33,99,64,27,112,96,23,70" hai2="3,129,73,6,44,56,38,80,26,54,24,109,1" hai3="114,60,8,37,15,89,103,124,82,41,49,85,57"/><W108/><G37/><T51/><D69/><U55/><E112/><V128/><F109/><W22/><G114/><T92/><D123/><U39/><E39/><V88/><F38/><W30/><G103/><N who="0" m="60839" /><D105/><U77/><E110/><V106/><F44/><N who="3" m="25743" /><G124/><T78/><D81/><U87/><E23/><V132/><F106/><W35/><G35/><T10/><D134/><U91/><E79/><V72/><F132/><W42/><G42/><T127/><D127/><U104/><E77/><N who="2" m="44071" /><F88/><W116/><G116/><T113/><D113/><U29/><E62/><N who="2" m="36119" /><F73/><W7/><G108/><T17/><D133/><U125/><E99/><V100/><F100/><W121/><G121/><T40/><D40/><U19/><E19/><V76/><F76/><W16/><G30/><T119/><D119/><U74/><E74/><V117/><F117/><W12/><G60/><T95/><D95/><U65/><E65/><V11/><F1/><W67/><G67/><T36/><D36/><U126/><E126/><V135/><F135/><W66/><G66/><T43/><D43/><U102/><E125/><V20/><F129/><W14/><G12/><T50/><D50/><U68/><E68/><V107/><F128/><W94/><G82/><AGARI ba="0,0" hai="27,29,33,53,55,61,64,70,82,87,91,96,102,104" machi="82" ten="30,7700,0" yaku="7,1,25,2,52,1" doraHai="28" who="1" fromWho="3" sc="288,0,179,77,225,0,308,-77" />
</Scene>
<Scene>
<INIT seed="4,0,0,0,5,19" ten="288,256,225,231" oya="0" hai0="82,89,26,73,113,10,114,93,125,38,15,41,27" hai1="25,79,110,111,86,77,128,96,14,24,69,74,11" hai2="88,46,94,122,55,31,72,35,22,84,112,117,124" hai3="106,30,134,135,71,62,100,43,23,115,45,63,12"/><T105/><D105/><U1/><E74/><V85/><F122/><W60/><G115/><N who="0" m="44043" /><D125/><U56/><E69/><V59/><F124/><W0/><G0/><T95/><D41/><U34/><E1/><V33/><F72/><W97/><G71/><T47/><D47/><U51/><E96/><V3/><F3/><W7/><G7/><N who="0" m="3551" /><D38/><U83/><E77/><V39/><F112/><W53/><G53/><T80/><D95/><U104/><E104/><V61/><F117/><W108/><G108/><T29/><D73/><U101/><E101/><V40/><REACH who="2" step="1"/><F84/><REACH who="2" ten="288,256,215,231" step="2"/><W68/><G68/><T129/><D129/><U37/><E128/><V6/><F6/><W64/><G64/><T98/><D27/><AGARI ba="0,1" hai="22,27,31,33,35,39,40,46,55,59,61,85,88,94" machi="27" ten="40,5200,0" yaku="1,1,52,1,54,1,53,0" doraHai="19" doraHaiUra="32" who="2" fromWho="0" sc="288,-52,256,0,215,62,231,0" />
</Scene>
<Scene>
<INIT seed="5,0,0,1,0,86" ten="236,256,277,231" oya="1" hai0="83,116,82,57,58,127,104,66,51,135,96,111,26" hai1="128,24,13,19,69,74,121,36,64,9,47,118,97" hai2="132,94,67,42,65,102,134,3,68,89,38,48,120" hai3="61,76,40,100,25,92,50,54,114,11,133,33,49"/><U98/><E74/><V15/><F120/><W59/><G76/><T124/><D111/><U14/><E121/><V22/><F3/><W16/><G40/><T43/><D116/><U113/><E118/><V17/><F102/><W93/><G133/><N who="2" m="51305" /><F38/><W79/><G79/><T37/><D37/><U119/><E128/><V4/><F4/><W12/><G114/><T29/><D135/><U21/><E113/><V106/><F106/><W0/><G0/><T77/><D104/><U125/><E119/><V30/><F68/><W88/><G93/><T112/><D96/><U7/><E125/><N who="0" m="48201" /><D112/><U75/><E75/><V39/><F39/><W45/><G100/><T8/><D8/><U10/><E69/><V2/><F2/><W130/><G130/><T109/><D109/><U32/><E32/><V103/><F103/><W99/><REACH who="3" step="1"/><G45/><REACH who="3" ten="236,256,277,221" step="2"/><N who="0" m="26047" /><D83/><U110/><E110/><V126/><F126/><W107/><G107/><T108/><D108/><U115/><E115/><V63/><F94/><W62/><G62/><T46/><D46/><U1/><E1/><V85/><F63/><W53/><G53/><T131/><D131/><U84/><E64/><V72/><F65/><W44/><G44/><T123/><D66/><U73/><E73/><V52/><F67/><W78/><G78/><T101/><D101/><U117/><E117/><V60/><F72/><W90/><G90/><T91/><D91/><U71/><E71/><V81/><F89/><W28/><AGARI ba="0,1" hai="11,12,16,25,28,33,49,50,54,59,61,88,92,99" machi="28" ten="30,12000,2" yaku="1,1,0,1,52,1,54,2,53,1" doraHai="86" doraHaiUra="55" who="3" fromWho="3" sc="236,-30,256,-60,277,-30,221,130" />
</Scene>
<Scene>
<INIT seed="6,0,0,3,4,66" ten="206,196,247,351" oya="2" hai0="93,112,26,104,35,91,128,62,130,118,70,76,17" hai1="124,58,132,2,8,3,69,87,34,97,107,121,115" hai2="25,86,116,79,43,108,22,20,54,36,28,74,55" hai3="126,105,40,15,102,45,30,110,4,32,120,61,78"/><V99/><F116/><W11/><G110/><T50/><D104/><U6/><E58/><V57/><F74/><W100/><G105/><T98/><D118/><U47/><E87/><V81/><F108/><W19/><G61/><T51/><D112/><U48/><E115/><V72/><F72/><W73/><G19/><T42/><D76/><U53/><E53/><BYE who="1" /><V64/><F99/><W89/><G126/><T60/><D42/><U129/><E129/><N who="0" m="49769" /><D17/><U14/><E14/><V84/><F84/><W52/><G89/><T44/><D70/><U24/><E24/><V103/><F103/><W95/><G52/><N who="0" m="29767" /><D51/><U101/><E101/><V7/><F7/><W68/><G68/><T117/><D117/><U135/><E135/><V127/><F127/><W29/><G30/><AGARI ba="0,0" hai="26,30,35,60,62,91,93,98" m="29767,49769" machi="30" ten="30,2000,0" yaku="19,1,54,1" doraHai="66" who="0" fromWho="3" sc="206,20,196,0,247,0,351,-20" />
</Scene>
<Scene>
<INIT seed="7,0,0,1,1,18" ten="226,196,247,331" oya="3" hai0="5,92,35,60,113,37,57,45,108,40,54,78,6" hai1="111,125,16,85,41,133,74,61,106,89,19,23,100" hai2="83,30,104,123,12,69,8,36,79,50,67,94,121" hai3="97,91,53,90,75,63,59,24,46,48,26,87,84"/><W56/><G75/><T127/><D108/><U135/><E135/><V114/><F104/><W103/><G59/><T117/><D117/><U27/><E27/><V39/><F114/><W105/><G87/><T76/><D35/><U107/><E107/><V62/><F30/><W118/><G118/><T55/><D127/><U22/><E22/><V9/><F94/><W2/><G2/><T102/><D113/><U93/><E93/><V43/><F50/><W32/><G32/><T112/><D112/><U88/><E88/><V130/><F130/><W51/><G51/><T115/><D115/><U98/><E98/><V15/><F12/><W49/><G49/><T96/><D55/><U80/><E80/><V131/><F131/><W77/><G77/><T116/><D116/><U11/><E11/><N who="2" m="4171" /><F15/><W134/><G134/><T124/><D124/><U81/><E81/><V129/><F43/><W29/><G29/><T99/><D99/><U47/><E47/><V65/><F65/><W10/><G10/><T17/><D17/><U72/><E72/><N who="2" m="43495" /><F129/><W31/><G31/><T120/><D76/><U70/><E70/><V21/><F36/><W4/><G4/><T86/><D78/><U20/><E20/><V28/><F39/><W66/><G91/><T110/><D86/><U1/><E1/><V119/><F119/><W71/><G46/><T101/><D5/><U44/><E44/><V33/><F33/><W58/><G84/><T38/><D6/><U95/><E95/><V64/><F64/><UN n1="%E3%81%AD%E3%81%BF%E3%81%9E%E3%81%86" /><W25/><G66/><T126/><D38/><U82/><E125/><V122/><F28/><RYUUKYOKU ba="0,0" sc="226,-10,196,-10,247,30,331,-10" hai2="21,62,67,69,121,122,123" owari="216,-18.0,186,-31.0,277,8.0,321,41.0" />
</Scene>
</mjloggm>