<mjloggm ver="2.3"><GO type="169" lobby="0"/><UN n0="%67%69%6A%79%75%74%75" n1="%E5%A4%AA%E3%81%8F%E3%81%AA%E3%81%84%E3%81%8A" n2="%E4%B8%89%E8%89%B2%E5%90%8C%E5%88%BB%E2%98%86" n3="%E3%83%8F%E3%83%9E%E3%83%BC" dan="17,18,16,17" rate="2167.99,2265.48,2111.23,2196.47" sx="M,F,M,M"/><TAIKYOKU oya="0"/>

<Scene>
<INIT seed="0,0,0,1,3,2" ten="250,250,250,250" oya="0" hai0="44,131,71,133,60,106,47,82,56,128,118,15,64" hai1="55,98,0,57,79,59,66,117,120,96,81,53,33" hai2="23,135,134,119,84,72,50,51,25,67,6,5,111" hai3="11,80,20,85,74,83,26,70,30,17,13,28,54"/><T94/><D106/><U36/><E117/><V38/><F72/><W3/><G70/><T92/><D118/><U9/><E33/><V76/><F38/><W18/><G3/><T78/><D133/><N who="2" m="50698" /><F111/><W31/><G74/><T10/><D71/><U88/><E36/><V46/><F67/><W129/><G129/><N who="0" m="49739" /><D94/><U68/><E120/><V39/><F39/><W52/><REACH who="3" step="1"/><G83/><REACH who="3" ten="250,250,250,240" step="2"/><T91/><D82/><U130/><E130/><V75/><F119/><W40/><G40/><T35/><D78/><AGARI ba="0,1" hai="11,13,17,18,20,26,28,30,31,52,54,78,80,85" machi="78" ten="40,5200,0" yaku="1,1,8,1,54,1,53,0" doraHai="2" doraHaiUra="127" who="3" fromWho="0" sc="250,-52,250,0,250,0,240,62" />
</Scene>
<Scene>
<INIT seed="1,0,0,1,5,78" ten="198,250,250,302" oya="1" hai0="73,63,41,54,30,45,132,116,9,13,15,64,77" hai1="71,129,14,17,10,38,8,88,114,7,123,117,5" hai2="33,106,42,96,115,40,11,60,6,93,79,32,113" hai3="118,21,104,97,107,102,4,119,103,126,19,55,89"/><U20/><E38/><V101/><F113/><W24/><G126/><T111/><D116/><N who="3" m="44585" /><G4/><T92/><D30/><U133/><E117/><V61/><F115/><W134/><G134/><T2/><D132/><U53/><E114/><V112/><F112/><W67/><G67/><T82/><D54/><U69/><E133/><V120/><F120/><W62/><G89/><T25/><D25/><U91/><E123/><V39/><F33/><W83/><G83/><T109/><D92/><U124/><E124/><V18/><F18/><W50/><G62/><T86/><D86/><U99/><E129/><V16/><F61/><W34/><G34/><T70/><D2/><U1/><E53/><V95/><F60/><W121/><G121/><T37/><REACH who="0" step="1"/><D15/><REACH who="0" ten="188,250,250,302" step="2"/><U135/><E135/><V110/><F32/><W57/><G97/><T49/><D49/><U105/><E105/><AGARI ba="0,1" hai="19,21,24,50,55,57,102,103,104,105,107" m="44585" machi="105" ten="30,1000,0" yaku="12,1" doraHai="78" who="3" fromWho="1" sc="188,0,250,-10,250,0,302,20" />
</Scene>
<Scene>
<INIT seed="2,0,0,0,4,52" ten="188,240,250,322" oya="2" hai0="120,39,62,64,28,54,127,135,42,63,76,134,30" hai1="18,121,124,125,68,101,90,56,22,14,3,10,131" hai2="29,99,50,106,65,97,60,95,129,105,9,47,122" hai3="115,133,13,11,35,132,23,87,102,46,12,5,79"/><V6/><F122/><W108/><G102/><T111/><D76/><U8/><E68/><V107/><F29/><W15/><G46/><N who="0" m="23903" /><D28/><U119/><E101/><V61/><F129/><W48/><G48/><T66/><D30/><U94/><E119/><V0/><F95/><W45/><G45/><T80/><D80/><U114/><E114/><V117/><F117/><W92/><G92/><T34/><D34/><U72/><E72/><V110/><F110/><W89/><G79/><T73/><D73/><U74/><E74/><V43/><REACH who="2" step="1"/><F61/><REACH who="2" ten="188,240,240,322" step="2"/><W2/><G108/><T116/><D111/><U7/><E131/><V103/><F103/><W58/><G35/><T123/><D116/><U69/><E121/><V109/><F109/><W100/><G100/><T17/><D120/><U1/><E125/><V83/><F83/><W77/><G115/><T130/><D130/><U51/><E124/><V91/><F91/><W86/><G89/><T24/><D127/><U93/><E90/><V37/><F37/><W70/><G132/><T82/><D82/><U104/><E94/><V53/><F53/><W96/><G133/><T49/><D123/><U59/><E93/><V98/><F98/><W55/><G96/><T75/><D62/><U19/><E104/><V32/><F32/><W21/><G55/><T33/><D63/><U31/><E31/><V88/><F88/><W20/><G77/><T128/><D128/><U126/><E126/><V16/><F16/><W57/><REACH who="3" step="1"/><G70/><AGARI ba="0,1" hai="0,6,9,43,47,50,60,65,70,97,99,105,106,107" machi="70" ten="40,3900,0" yaku="1,1,53,1" doraHai="52" doraHaiUra="67" who="2" fromWho="3" sc="188,0,240,0,240,49,322,-39" />
</Scene>
<Scene>
<INIT seed="2,1,0,1,2,103" ten="188,240,289,283" oya="2" hai0="73,92,19,123,102,21,60,29,118,68,129,117,3" hai1="9,37,113,25,135,71,108,121,106,109,62,49,72" hai2="120,114,76,14,65,107,111,6,127,98,130,134,11" hai3="87,91,32,74,38,84,116,35,26,64,131,101,18"/><V58/><F114/><W124/><G38/><T86/><D73/><U78/><E37/><V23/><F120/><W105/><G116/><N who="0" m="44651" /><D3/><U28/><E113/><V93/><F76/><W48/><G74/><T90/><D123/><U55/><E121/><V82/><F82/><W122/><G122/><T20/><D129/><U75/><E135/><V88/><F130/><W53/><G131/><T22/><D29/><U83/><E72/><V81/><F81/><W54/><G64/><N who="0" m="40967" /><D102/><U126/><E126/><V66/><F127/><W4/><G4/><T57/><D57/><U104/><E9/><V70/><F70/><W125/><G101/><T94/><D92/><U59/><E71/><V99/><F134/><W61/><G61/><T69/><D69/><U42/><E42/><V119/><F119/><W52/><G54/><T89/><D89/><U46/><E109/><V79/><F79/><W95/><G91/><T110/><D110/><U24/><E108/><V7/><F111/><W44/><G95/><T132/><D132/><U31/><E31/><V43/><F43/><W45/><G48/><T100/><D100/><U5/><E5/><V128/><F6/><W96/><G18/><AGARI ba="1,0" hai="18,19,20,21,22,86,90,94" m="40967,44651" machi="18" ten="30,1000,0" yaku="12,1" doraHai="103" who="0" fromWho="3" sc="188,13,240,0,289,0,283,-13" />
</Scene>
<Scene>
<INIT seed="3,0,0,2,1,42" ten="201,240,289,270" oya="3" hai0="114,98,81,49,133,127,2,61,60,40,97,112,120" hai1="71,23,41,34,45,28,50,109,8,33,55,111,7" hai2="119,77,37,66,24,54,36,35,116,9,129,115,59" hai3="128,15,52,107,86,100,0,122,17,75,62,76,130"/><W63/><G0/><T68/><D2/><N who="1" m="119" /><E71/><V125/><F115/><N who="0" m="44074" /><D81/><U89/><E89/><V92/><F66/><W31/><G75/><T11/><D11/><U88/><E23/><V110/><F77/><W14/><G122/><T83/><D83/><U94/><E41/><V19/><F37/><W56/><G31/><T102/><D97/><N who="1" m="57543" /><E28/><V18/><F36/><W29/><G29/><T16/><D16/><U101/><E101/><V121/><F19/><W118/><G118/><T64/><D98/><U99/><E99/><V38/><F38/><W70/><G100/><T32/><D32/><U90/><E90/><V4/><F35/><W131/><G107/><T65/><D102/><U57/><E57/><V134/><F18/><W26/><G86/><T53/><D120/><U48/><E48/><V106/><F106/><W44/><G76/><T5/><D5/><U3/><E3/><V20/><F121/><W39/><G26/><T46/><D40/><U21/><E21/><V6/><F20/><W84/><G84/><T12/><D12/><U80/><E80/><V123/><F24/><W117/><G117/><T104/><D104/><U22/><E22/><V58/><F123/><W30/><G30/><T108/><D68/><U87/><E87/><V72/><F119/><W10/><G15/><T74/><D74/><U79/><E79/><V103/><F72/><W25/><G25/><T126/><D61/><U91/><E91/><V13/><F116/><W93/><G70/><N who="0" m="42247" /><D65/><U132/><E33/><V1/><F103/><W51/><G93/><T73/><D73/><U113/><E113/><RYUUKYOKU ba="0,0" sc="201,-10,240,-10,289,-10,270,30" hai3="10,14,17,39,44,51,52,56,62,63,128,130,131" />
</Scene>
<Scene>
<INIT seed="3,1,0,1,2,32" ten="191,230,279,300" oya="3" hai0="58,103,1,63,127,133,94,65,129,132,110,30,102" hai1="43,109,92,17,99,40,59,68,57,105,45,128,111" hai2="79,97,34,26,0,53,66,25,113,50,74,121,126" hai3="122,80,100,130,49,19,118,10,67,117,88,31,56"/><W95/><G122/><T16/><D110/><N who="1" m="41995" /><E105/><V61/><F113/><W125/><G125/><T70/><D127/><U39/><E128/><V28/><F121/><W78/><G130/><T36/><D36/><U54/><E68/><V4/><F26/><W112/><G112/><T9/><D129/><U52/><E17/><V69/><F97/><W85/><G31/><T64/><D30/><U135/><E135/><N who="0" m="51785" /><D65/><U114/><E114/><V15/><F15/><W3/><G100/><N who="0" m="38443" /><D94/><U84/><E84/><V124/><F74/><W91/><G19/><T20/><D70/><U131/><E131/><V106/><F106/><W87/><G78/><T60/><D60/><N who="1" m="35879" /><E92/><V18/><F18/><W21/><G21/><T44/><D44/><N who="1" m="23583" /><E99/><V24/><F79/><W89/><G89/><T14/><D9/><U33/><E33/><V6/><F126/><W104/><G104/><T48/><D48/><N who="1" m="31175" /><E45/><N who="2" m="27855" /><F124/><W22/><G22/><T82/><D82/><U47/><E47/><V62/><F69/><W73/><G73/><T8/><D8/><U51/><E51/><V134/><F134/><W37/><G49/><T81/><D81/><U83/><E83/><V98/><F28/><W115/><G115/><T41/><D20/><U101/><E101/><V27/><F34/><W12/><G10/><T119/><D16/><U86/><E86/><V108/><F98/><W71/><G71/><T23/><D23/><U11/><E11/><N who="2" m="2439" /><F108/><W76/><G76/><T29/><D29/><U13/><E13/><V55/><F6/><W90/><G12/><T120/><D14/><U72/><E72/><V116/><F24/><RYUUKYOKU ba="1,0" sc="191,-10,230,30,279,-10,300,-10" hai1="43" />
</Scene>
<Scene>
<INIT seed="4,2,0,3,1,135" ten="181,260,269,290" oya="0" hai0="36,45,77,59,127,26,134,18,14,94,24,43,29" hai1="118,17,96,109,67,97,10,103,28,91,25,41,66" hai2="63,15,2,70,82,84,51,81,112,113,19,86,61" hai3="4,33,20,54,88,69,114,78,56,30,68,110,87"/><T120/><D120/><U6/><E109/><V100/><F2/><W133/><G110/><T23/><D134/><U105/><E118/><V47/><F100/><W34/><G78/><T72/><D72/><U3/><E41/><N who="2" m="25071" /><F70/><W104/><G104/><T76/><D24/><U55/><E17/><V111/><F111/><W71/><G133/><T0/><D0/><U101/><E91/><N who="2" m="51599" /><F113/><W92/><G4/><T5/><D5/><U106/><REACH who="1" step="1"/><E55/><REACH who="1" ten="181,250,269,290" step="2"/><V50/><F112/><W107/><G114/><T22/><D18/><U48/><E48/><V27/><F50/><W40/><G40/><T8/><D43/><U130/><E130/><V21/><F27/><W131/><G131/><T7/><D26/><U115/><E115/><V62/><F62/><W132/><G132/><T80/><D36/><U12/><E12/><V116/><F116/><W60/><G54/><T102/><D14/><U13/><E13/><V37/><F37/><W73/><G88/><AGARI ba="2,1" hai="15,19,21,61,63,82,86,88" m="51599,25071" machi="88" ten="30,2000,0" yaku="8,1,54,1" doraHai="135" who="2" fromWho="3" sc="181,0,250,0,269,36,290,-26" />
</Scene>
<Scene>
<INIT seed="5,0,0,5,5,37" ten="181,250,305,264" oya="1" hai0="46,34,93,39,41,73,91,125,134,43,36,117,51" hai1="97,35,126,68,17,67,13,132,78,31,1,66,11" hai2="55,118,49,48,57,129,33,60,22,58,105,119,6" hai3="82,63,115,23,123,135,42,8,32,94,15,10,62"/><U79/><E132/><V5/><F33/><W130/><G32/><T80/><D117/><U116/><E116/><V99/><F129/><W95/><G123/><T88/><D34/><U26/><E126/><V47/><F119/><W104/><G104/><T112/><D125/><U14/><E14/><V108/><F108/><W16/><G130/><T128/><D128/><U3/><E67/><V103/><F118/><W74/><G135/><T84/><D134/><U121/><E121/><V0/><F0/><W110/><G110/><T100/><D112/><U50/><E3/><V86/><F22/><W64/><G115/><T54/><D100/><U89/><E89/><V87/><F5/><W109/><G109/><T106/><D106/><U19/><E19/><V96/><F99/><W59/><G42/><N who="0" m="15883" /><D73/><U122/><E122/><V81/><F6/><W127/><G127/><T7/><D36/><U9/><E9/><N who="3" m="3690" /><G74/><T70/><D70/><U98/><E1/><V28/><F28/><W45/><G45/><T124/><D39/><U2/><E2/><V44/><F47/><W61/><G82/><T92/><D124/><U75/><E50/><V29/><F81/><W77/><G77/><N who="1" m="29194" /><E75/><V18/><F18/><W30/><G30/><T56/><D7/><U71/><E71/><V65/><F29/><W69/><G69/><T12/><D12/><U38/><E38/><V72/><F72/><W90/><G94/><N who="0" m="36459" /><D91/><U107/><E107/><V111/><F111/><W52/><G64/><T113/><D113/><U85/><E85/><AGARI ba="0,0" hai="15,16,23,52,59,61,62,63,85,90,95" m="3690" machi="85" ten="30,3900,0" yaku="8,1,54,2" doraHai="37" who="3" fromWho="1" sc="181,0,250,-39,305,0,264,39" />
</Scene>
<Scene>
<INIT seed="6,0,0,1,0,99" ten="181,211,305,303" oya="2" hai0="64,38,11,90,97,28,75,26,86,117,79,21,129" hai1="132,83,8,118,27,59,134,126,69,105,43,16,7" hai2="82,84,37,23,72,135,109,42,30,88,50,24,12" hai3="114,125,14,19,122,67,41,54,106,91,92,70,62"/><V102/><F37/><W32/><G106/><T3/><D129/><U34/><E69/><V36/><F36/><W123/><G32/><T131/><D131/><U47/><E118/><V1/><F1/><W73/><G73/><T81/><D117/><U15/><E105/><V40/><F72/><W61/><G41/><N who="2" m="15977" /><F135/><N who="1" m="51753" /><E126/><V95/><F109/><W9/><G125/><T60/><D38/><N who="1" m="22007" /><E83/><V4/><F50/><W87/><G114/><T35/><D3/><U18/><E59/><V49/><F49/><W71/><G54/><T56/><D11/><U93/><E93/><V31/><F31/><AGARI ba="0,0" hai="7,8,15,16,18,27,31,34" m="22007,51753" machi="31" ten="30,2000,0" yaku="20,1,54,1" doraHai="99" who="1" fromWho="2" sc="181,0,211,20,305,-20,303,0" />
</Scene>
<Scene>
<INIT seed="7,0,0,5,0,60" ten="181,231,285,303" oya="3" hai0="97,91,115,38,55,10,77,80,84,8,31,96,67" hai1="116,100,86,25,134,121,20,44,47,94,45,108,101" hai2="124,118,13,30,95,19,114,3,69,14,70,54,57" hai3="63,26,102,46,49,109,107,85,48,62,18,39,87"/><W52/><G39/><T78/><D38/><U104/><E108/><V12/><F3/><W128/><G109/><T2/><D2/><U130/><E121/><V92/><F118/><W0/><G0/><T111/><D111/><U75/><E75/><V90/><F70/><W103/><G128/><T81/><D31/><U9/><E130/><V132/><F69/><W24/><G107/><T6/><D115/><U4/><E104/><V106/><F106/><W105/><G105/><T61/><D55/><U64/><E116/><V88/><F30/><W126/><G126/><T41/><D41/><U5/><E134/><V53/><F132/><W110/><G110/><T89/><D6/><N who="1" m="2667" /><E9/><N who="2" m="6543" /><F124/><W28/><G18/><T74/><D74/><U72/><E72/><V51/><F54/><N who="3" m="29975" /><G63/><T1/><D1/><U76/><E44/><V43/><F43/><W21/><G62/><T56/><D91/><U36/><E100/><N who="3" m="38442" /><G26/><T83/><D84/><U123/><E86/><N who="2" m="52247" /><F114/><W68/><G68/><T22/><D22/><U37/><E20/><V17/><F17/><W93/><G93/><N who="0" m="56367" /><D97/><AGARI ba="0,0" hai="13,14,51,53,57,90,95,97" m="52247,6543" machi="97" ten="30,2000,0" yaku="8,1,54,1" doraHai="60" who="2" fromWho="0" sc="181,-20,231,0,285,20,303,0" owari="161,-34.0,231,-17.0,305,41.0,303,10.0" />
</Scene>
</mjloggm>