<mjloggm ver="2.3"><GO type="169" lobby="0"/><UN n0="%E5%A4%AA%E3%81%8F%E3%81%AA%E3%81%84%E3%81%8A" n1="%E3%81%8A%E3%81%98%E3%81%95%E3%82%93" n2="%E3%82%A2%E3%82%AB%E3%82%AE%EF%BC%A0%E5%B7%9D%E6%9D%91%E8%BB%8D%E5%9B%A3" n3="%73%68%6F%63%6B%6D%61%6E" dan="17,18,16,16" rate="2212.01,2187.13,2193.84,2043.99" sx="M,M,M,M"/><TAIKYOKU oya="0"/>

<Scene>
<INIT seed="0,0,0,1,3,125" ten="250,250,250,250" oya="0" hai0="74,18,69,132,45,65,92,57,5,100,30,53,134" hai1="82,51,63,40,17,37,39,47,107,85,77,12,26" hai2="118,34,76,115,87,129,7,24,104,106,35,3,50" hai3="96,23,38,102,109,120,59,123,113,4,67,99,103"/><T128/><D74/><U126/><E107/><V98/><F115/><W97/><G38/><T84/><D5/><U56/><E126/><V13/><F118/><W6/><G113/><T121/><D121/><N who="3" m="46665" /><G109/><T22/><D30/><U117/><E26/><V94/><F3/><W19/><G59/><T73/><D73/><U93/><E93/><V21/><F50/><W55/><G55/><T89/><D100/><N who="3" m="38441" /><G67/><T88/><D45/><U90/><E77/><V15/><F76/><W130/><G130/><T122/><D122/><U110/><E110/><V11/><F129/><W28/><G28/><T124/><D124/><U81/><E81/><V8/><F104/><W64/><G64/><T91/><D128/><U66/><REACH who="1" step="1"/><E117/><REACH who="1" ten="250,240,250,250" step="2"/><V61/><F106/><W78/><G78/><T71/><D92/><U111/><E111/><V95/><F94/><W58/><G58/><T10/><D57/><U86/><E86/><V70/><F87/><W42/><G42/><T75/><D84/><U32/><E32/><V46/><F35/><W2/><G2/><T62/><D91/><U105/><E105/><V43/><F34/><W72/><G72/><T80/><D89/><U29/><E29/><N who="2" m="17551" /><F43/><W9/><G99/><T31/><D31/><U36/><E36/><V101/><F95/><W14/><G97/><T135/><D75/><U27/><E27/><V16/><F98/><W116/><G96/><T33/><D33/><U44/><E44/><V127/><F127/><W1/><G116/><T52/><D88/><U41/><E41/><V48/><F101/><W25/><G1/><T108/><D108/><RYUUKYOKU ba="0,1" sc="250,-15,240,15,250,-15,250,15" hai1="12,17,37,39,40,47,51,56,63,66,82,85,90" hai3="4,6,9,14,19,23,25" />
</Scene>
<Scene>
<INIT seed="1,1,1,2,2,69" ten="235,255,235,265" oya="1" hai0="47,118,66,65,37,132,99,41,72,81,123,112,121" hai1="110,116,62,55,135,127,4,109,38,2,45,102,124" hai2="9,8,27,122,50,63,61,60,21,29,129,12,35" hai3="133,90,17,106,64,105,134,30,130,5,125,103,32"/><U74/><E116/><V0/><F122/><N who="0" m="46602" /><D118/><U96/><E74/><V82/><F129/><W75/><G130/><T56/><D112/><U52/><E135/><V7/><F82/><W46/><G90/><T93/><D132/><U16/><E16/><V13/><F50/><W119/><G17/><T54/><D81/><U113/><E113/><V73/><F73/><W128/><G64/><T49/><D72/><U18/><E18/><N who="2" m="10447" /><F9/><W19/><G46/><T40/><D40/><N who="1" m="22679" /><E4/><V68/><F12/><W94/><G32/><T44/><D44/><U26/><E26/><V78/><F78/><W80/><G75/><T108/><D108/><N who="1" m="41579" /><E2/><V31/><F31/><W115/><G30/><T25/><D25/><U39/><E39/><V88/><F88/><AGARI ba="1,1" hai="37,41,47,49,54,56,65,66,88,93,99" m="46602" machi="88" ten="30,3900,0" yaku="13,1,52,1,54,1" doraHai="69" who="0" fromWho="2" sc="235,52,255,0,235,-42,265,0" />
</Scene>
<Scene>
<INIT seed="2,0,0,0,1,18" ten="287,255,193,265" oya="2" hai0="72,96,126,131,1,54,80,133,113,43,99,11,33" hai1="86,124,45,8,87,23,34,21,29,106,65,49,93" hai2="36,41,38,67,10,56,58,51,62,9,57,90,61" hai3="120,132,66,55,42,104,64,25,39,111,102,103,74"/><V14/><F58/><W121/><G74/><T110/><D113/><U134/><E106/><V118/><F118/><W2/><G2/><T35/><D43/><U84/><E34/><V5/><F90/><W125/><G25/><T4/><D110/><U44/><E124/><V95/><F95/><W69/><G125/><T109/><D109/><U52/><E134/><V47/><REACH who="2" step="1"/><F9/><REACH who="2" ten="287,255,183,265" step="2"/><W6/><G111/><T70/><D126/><U46/><E8/><V107/><F107/><W20/><G104/><T7/><D11/><U112/><E112/><V119/><F119/><W82/><G120/><T13/><D133/><U94/><E65/><AGARI ba="0,1" hai="5,10,14,36,38,41,47,51,56,57,61,62,65,67" machi="65" ten="30,5800,0" yaku="1,1,7,1,9,1,53,0" doraHai="18" doraHaiUra="26" who="2" fromWho="1" sc="287,0,255,-58,183,68,265,0" />
</Scene>
<Scene>
<INIT seed="2,1,0,1,3,2" ten="287,197,251,265" oya="2" hai0="82,6,46,34,63,68,27,55,123,120,13,78,47" hai1="97,22,18,33,132,128,41,105,115,31,72,66,19" hai2="106,70,95,36,60,117,110,10,109,89,23,113,104" hai3="121,0,14,54,100,103,92,99,62,17,45,126,124"/><V112/><F36/><W77/><G77/><T32/><D123/><U122/><E115/><N who="2" m="44107" /><F23/><N who="3" m="11703" /><G0/><T87/><D120/><U40/><E72/><V65/><F10/><W30/><G30/><T44/><D27/><N who="1" m="16887" /><E33/><V86/><F117/><W83/><G83/><T129/><D129/><U38/><E38/><V48/><F48/><N who="3" m="28943" /><G121/><T114/><D114/><U96/><E105/><V52/><F52/><W84/><G84/><T94/><D94/><U43/><E128/><V8/><F8/><W59/><G126/><T1/><D1/><U24/><E122/><V15/><F15/><W49/><G49/><T58/><D68/><U51/><E66/><V116/><F116/><W37/><G37/><T11/><AGARI ba="1,0" hai="6,11,13,32,34,44,46,47,55,58,63,78,82,87" machi="11" ten="30,2000,0" yaku="0,1,52,1" doraHai="2" who="0" fromWho="0" sc="287,23,197,-6,251,-11,265,-6" />
</Scene>
<Scene>
<INIT seed="3,0,0,4,1,76" ten="310,191,240,259" oya="3" hai0="5,78,16,26,29,124,120,99,40,89,102,112,111" hai1="130,113,106,126,0,128,56,122,63,110,70,83,117" hai2="98,90,129,54,132,2,135,9,125,134,107,71,115" hai3="32,96,51,101,8,84,37,24,80,100,7,87,79"/><W95/><G37/><T58/><D120/><U12/><RYUUKYOKU type="yao9" ba="0,0" sc="310,0,191,0,240,0,259,0" hai1="0,12,56,63,70,83,106,110,113,117,122,126,128,130" />
</Scene>
<Scene>
<INIT seed="3,1,0,2,3,35" ten="310,191,240,259" oya="3" hai0="69,48,43,57,41,95,4,25,67,58,51,93,75" hai1="118,2,132,10,11,113,123,127,16,116,54,49,111" hai2="83,42,68,20,30,112,0,39,24,17,34,103,64" hai3="99,91,129,19,45,14,76,21,84,59,130,63,97"/><W15/><G130/><T133/><D75/><U90/><E113/><V110/><F112/><W122/><G122/><T115/><D115/><U102/><E123/><V32/><F110/><W70/><G129/><T101/><D69/><U92/><E111/><V79/><F103/><W73/><G63/><T62/><D133/><U88/><E132/><V124/><F124/><W131/><G131/><T5/><D25/><U26/><E127/><V94/><F94/><W119/><G70/><T38/><D38/><U77/><E77/><V52/><F42/><W74/><G119/><N who="1" m="45610" /><E2/><V18/><F39/><W56/><G76/><T23/><D23/><N who="1" m="13671" /><E102/><V117/><F0/><W27/><G74/><T104/><D101/><U98/><E90/><V126/><F126/><W71/><G71/><T60/><REACH who="0" step="1"/><D67/><REACH who="0" ten="300,191,240,259" step="2"/><U120/><E120/><V80/><F64/><W109/><G73/><T22/><D22/><U81/><E81/><V61/><F68/><W89/><G27/><T29/><D29/><U33/><E33/><V114/><F34/><W13/><G21/><T50/><D50/><U47/><AGARI ba="1,1" hai="10,11,47,49,54,88,92,98" m="13671,45610" machi="47" ten="30,4000,0" yaku="12,1,54,2" doraHai="35" who="1" fromWho="1" sc="300,-11,191,53,240,-11,259,-21" />
</Scene>
<Scene>
<INIT seed="4,0,0,3,3,103" ten="289,244,229,238" oya="0" hai0="122,108,21,130,40,97,62,39,13,64,72,53,32" hai1="6,37,5,8,59,79,43,20,105,132,124,30,78" hai2="131,44,83,82,96,88,23,19,112,101,24,69,91" hai3="107,89,118,70,74,68,128,111,3,14,29,134,60"/><T121/><D32/><U63/><E105/><V47/><F69/><W80/><G89/><T95/><D72/><U17/><E37/><V114/><F131/><W116/><G14/><T98/><D130/><U67/><E124/><V27/><F101/><W11/><G29/><T31/><D53/><U22/><E43/><V25/><F96/><W1/><G80/><N who="2" m="30761" /><F19/><W15/><G60/><T126/><D126/><U100/><E100/><V55/><F23/><N who="1" m="8745" /><E132/><V26/><F55/><W110/><G74/><T109/><D40/><U45/><E45/><N who="2" m="17483" /><F27/><W94/><G15/><T4/><D39/><U81/><E30/><V120/><F120/><W84/><G128/><T119/><D31/><U99/><E99/><V85/><F85/><W75/><G84/><T38/><D38/><U41/><E41/><V28/><F28/><W0/><G134/><T46/><D98/><U7/><E81/><V86/><F86/><W16/><G75/><T129/><D129/><U61/><E61/><V66/><F66/><W56/><G70/><T92/><D97/><U48/><E48/><V104/><F104/><W35/><G68/><T77/><D122/><U33/><E33/><V57/><F57/><W113/><G0/><T58/><D46/><U2/><E2/><V73/><F73/><W117/><G3/><T102/><D121/><U34/><E34/><V93/><F93/><W115/><G94/><T90/><D95/><U51/><E51/><V127/><F127/><W71/><G1/><T49/><D92/><U10/><E17/><V54/><F54/><W50/><G16/><T12/><D102/><RYUUKYOKU ba="0,0" sc="289,-15,244,15,229,15,238,-15" hai1="5,6,7,8,10,59,63,67,78,79" hai2="24,25,26,88,91,112,114" />
</Scene>
<Scene>
<INIT seed="5,1,0,4,2,49" ten="274,259,244,223" oya="1" hai0="28,10,124,70,107,92,91,14,38,89,108,16,65" hai1="74,26,42,55,11,32,110,33,27,87,67,5,69" hai2="125,34,19,62,0,115,30,53,109,78,77,99,84" hai3="132,131,106,43,3,66,111,101,120,118,35,6,112"/><U103/><E74/><V130/><F109/><W63/><G43/><T134/><D108/><U51/><E42/><V121/><F0/><W127/><G101/><T7/><D107/><U128/><E110/><V88/><F121/><W41/><G41/><T85/><D38/><U52/><E103/><V90/><F130/><W50/><G50/><T46/><D124/><U31/><E128/><V117/><F117/><W114/><G66/><T56/><D70/><U2/><E87/><V64/><F125/><W25/><G63/><N who="0" m="38119" /><D134/><U59/><E69/><V97/><F115/><W83/><G83/><N who="0" m="49343" /><D28/><U71/><E71/><V75/><F30/><W36/><G6/><T86/><D46/><U20/><E67/><V47/><F34/><W1/><G25/><T24/><D24/><U40/><E40/><V58/><F75/><W37/><G37/><T54/><D7/><U122/><E122/><V100/><F47/><W15/><G15/><T18/><D18/><U44/><E27/><V133/><F133/><W61/><G61/><AGARI ba="1,0" hai="2,5,11,20,26,31,32,33,44,51,52,55,59,61" machi="61" ten="30,11600,0" yaku="7,1,52,2,54,1" doraHai="49" who="1" fromWho="3" sc="274,0,259,119,244,0,223,-119" />
</Scene>
<Scene>
<INIT seed="5,2,0,0,1,102" ten="274,378,244,104" oya="1" hai0="23,26,6,83,131,10,11,61,118,68,63,103,2" hai1="112,123,133,58,53,17,76,84,65,71,55,44,72" hai2="47,54,89,0,90,96,30,50,93,21,8,94,36" hai3="135,104,4,3,19,120,129,12,101,34,114,98,57"/><U37/><E123/><V91/><F36/><W107/><G120/><T134/><D118/><U108/><E72/><V117/><F117/><W113/><G135/><T49/><D134/><U73/><E73/><V97/><F0/><W115/><G129/><T28/><D131/><U1/><E1/><V60/><F8/><N who="3" m="2079" /><G34/><T82/><D11/><U95/><E95/><V7/><F7/><W31/><G31/><T16/><D103/><U106/><E84/><V45/><F60/><W32/><G32/><T38/><D38/><U9/><E17/><V70/><F70/><W62/><G98/><T75/><D75/><U79/><E9/><V52/><F91/><W74/><G74/><T127/><D127/><U128/><E76/><V109/><F109/><W87/><G87/><T66/><D61/><U20/><E79/><V130/><F130/><W92/><G92/><T67/><D67/><U122/><E20/><V41/><F45/><W100/><G12/><N who="0" m="9607" /><D49/><U39/><E37/><V99/><F99/><W124/><G19/><T24/><D24/><AGARI ba="2,0" hai="21,24,30,41,47,50,52,54,89,90,93,94,96,97" machi="24" ten="40,5200,0" yaku="9,1,8,1,54,1" doraHai="102" who="2" fromWho="0" sc="274,-58,378,0,244,58,104,0" />
</Scene>
<Scene>
<INIT seed="6,0,0,5,2,51" ten="216,378,302,104" oya="2" hai0="115,114,96,73,111,44,0,87,124,18,76,77,127" hai1="53,47,60,135,99,120,122,24,13,85,82,118,36" hai2="29,81,3,97,86,88,54,43,17,20,25,74,93" hai3="126,130,28,92,133,70,35,110,5,14,6,83,26"/><V71/><F3/><W57/><G110/><T41/><D0/><U68/><E118/><V59/><F71/><W116/><G70/><T109/><D73/><U113/><E113/><N who="0" m="43017" /><D18/><U107/><E13/><V79/><F43/><W67/><G116/><T132/><D132/><U95/><E107/><V131/><F131/><W23/><G130/><T66/><D66/><U101/><E24/><V129/><F129/><W84/><G133/><T103/><D44/><U56/><E68/><V100/><F29/><W2/><G126/><N who="0" m="48171" /><D41/><U50/><E36/><V69/><F69/><W8/><G92/><N who="0" m="58759" /><D87/><U104/><E135/><V37/><F37/><W121/><G121/><T1/><D1/><U105/><E122/><V7/><F7/><W72/><G72/><T15/><D15/><U30/><E30/><V39/><F39/><W134/><G134/><T91/><D91/><U112/><E120/><V16/><F17/><N who="3" m="10679" /><G6/><T108/><AGARI ba="0,0" hai="76,77,108,109,111" m="58759,48171,43017" machi="108" ten="40,8000,1" yaku="15,1,18,1,34,2" doraHai="51" who="0" fromWho="0" sc="216,80,378,-20,302,-40,104,-20" />
</Scene>
<Scene>
<INIT seed="7,0,0,3,1,73" ten="296,358,262,84" oya="3" hai0="133,51,74,57,8,10,54,122,121,130,83,58,62" hai1="132,31,75,34,85,21,41,102,84,1,131,50,45" hai2="117,18,55,103,35,7,68,37,64,70,48,25,113" hai3="61,123,86,92,17,2,126,125,49,15,30,118,27"/><W108/><G118/><T42/><D133/><U23/><E1/><V110/><F37/><W53/><G2/><T69/><D69/><U32/><E75/><V96/><F110/><W111/><G123/><T66/><D130/><U22/><E102/><V88/><F117/><W63/><G27/><T98/><D42/><U78/><E31/><V135/><F7/><W104/><G30/><T44/><D44/><U65/><E65/><V124/><F124/><N who="3" m="47723" /><G104/><T101/><D122/><U109/><E109/><N who="3" m="42058" /><G92/><T82/><D121/><U90/><E131/><V107/><F135/><W9/><G86/><T3/><D3/><U72/><E85/><V71/><F113/><W95/><G95/><N who="0" m="58591" /><D74/><U38/><E132/><V89/><F35/><W80/><G80/><AGARI ba="0,0" hai="8,10,51,54,57,58,62,66,80,82,83" m="58591" machi="80" ten="30,1000,0" yaku="8,1" doraHai="73" who="0" fromWho="3" sc="296,10,358,0,262,0,84,-10" owari="306,11.0,358,46.0,262,-14.0,74,-43.0" />
</Scene>
</mjloggm>